4266 6356
850 358 955 422 543

2106 352 2169 412 S.
2210 348 2527 411 MACARII
2571 346 2893 408 [EGYPTII

4022 338 4131 403 544

848 470 943 535 rit,
969 466 1080 539 38
1112 480 1176 521 ac
1209 466 1255 522 si
1287 464 1427 519 nihil
1454 463 1667 523 fecerit.
1692 471 1916 533 propter
1948 460 2258 516 insatiabile
2286 458 2433 513 desi-
2464 465 2511 520 Λ

2464 465 2511 520 Λ
2538 454 2711 519 οὕτως
2741 454 2853 525 ἔχει
2887 454 3016 524 παρ’
3041 453 3232 526 ἑαυτῇ,
3270 452 3360 507 διὰ
3405 452 3497 507 τὸν
3547 453 3685 524 πρὸς
3734 452 3939 523 Κύριον
3993 452 4130 506 ἀκό-

848 560 1065 614 derium
1145 556 1212 611 ad
1263 556 1587 619 Dominum;
1624 553 1755 609 licet
1811 553 2035 624 jcjuniis
2105 561 2163 606 et
2228 550 2434 620 vigiliis

852 665 1058 720 corpus
1100 645 1527 714 consumpserit,
1564 644 1639 698 ita
1684 659 1743 697 se
1791 642 1976 706 habet,
2020 641 2248 711 perinde
2293 656 2356 694 ac
2385 640 2431 695 si

846 756 1129 810 nunquam
1163 739 1425 808 caepisset
1460 736 1606 791 circa
1646 736 1878 790 virtutes
1928 732 2253 798 elaborare;
2302 732 2433 786 licet

844 834 989 887 dona
1020 831 1260 901 Spiritus
1285 828 1461 893 varia,
1489 836 1586 882 aut
1614 828 1780 882 etiam
1819 826 2188 881 revelationes
2216 835 2272 878 et
2318 840 2433 894 my-

845 927 1011 980 steria
1045 924 1292 979 coelestia
1323 922 1587 991 consequi
1621 922 1785 991 digna
1830 921 2118 983 habeatur,
2146 918 2221 971 ita
2256 933 2336 981 se,
2367 933 2431 972 ac

843 1018 888 1073 si
920 1034 987 1073 ne
1040 1032 1189 1070 nunc
1235 1013 1461 1084 quidem
1521 1014 1821 1083 quidquam
1873 1013 2206 1081 possideret,
2242 1011 2427 1073 habet,

843 1120 1072 1179 propter
1124 1112 1447 1164 immensam
1496 1123 1559 1161 ac
1611 1106 1979 1161 insatiabilem
2032 1104 2248 1159 Domini
2284 1103 2428 1157 dile-

843 1200 1105 1261 ctionem,
1135 1198 1231 1253 sed
1253 1198 1499 1267 quotidie
1513 1195 1766 1250 esuriens
1785 1208 1846 1247 ac
1859 1192 2139 1247 sitibnnda
2154 1207 2250 1261 per
2266 1190 2426 1244 fidem

842 1300 897 1344 et
921 1289 1273 1343 dilectionem
1303 1289 1357 1341 in
1396 1286 1658 1356 precibus
1707 1280 2137 1351 perseverando,
2169 1279 2427 1349 mysteria

844 1382 1055 1450 gratiae,
1084 1390 1140 1434 et
1181 1394 1398 1433 omnem
1453 1386 1655 1432 statum
1700 1375 1923 1429 virtutis
1950 1388 2303 1441 summopere
2333 1387 2429 1440 ap-

843 1471 1007 1540 petit,
1045 1485 1233 1523 amore
1276 1469 1517 1537 Spiritus
1552 1466 1792 1521 cmlestis
1842 1466 2107 1527 sauciata,
2146 1472 2201 1517 et
2230 1462 2429 1515 ardens

843 1560 1177 1615 desiderium
1208 1558 1450 1612 cmlestis
1494 1557 1713 1625 Sponsi,
1744 1572 1842 1625 per
1886 1555 2139 1624 gratiam,
2170 1568 2334 1622 quam
2372 1554 2427 1605 in

840 1663 899 1701 se
958 1662 1175 1714 semper
1226 1645 1411 1709 habet,
1473 1644 1741 1707 excitans,
1806 1644 2129 1698 desiderans
2184 1642 2427 1711 perfecte

842 1733 1004 1801 digna
1049 1732 1241 1786 haberi
1271 1732 1496 1802 mystica
1538 1742 1594 1786 et
1622 1747 1842 1796 arcana,
1884 1732 1937 1785 in
1991 1731 2427 1786 sanctiﬁcatione

2538 565 2725 619 ρεστον
2759 545 2923 600 πόθον
2958 562 2972 575 ·
3009 546 3112 599 κάν
3165 546 3468 615 νηστείαις,
3522 545 3628 599 κᾶν
3668 545 4008 615 ἀγρδπνίαις
4067 548 4128 596 τὸ

2535 640 2693 707 σῶμα
2736 638 3187 710 καταδαπανήσῃ,
3219 637 3294 699 ώς
3328 636 3557 707 μηδέπω
3602 635 3888 707 ἀρξαμένη
3939 640 4127 690 πονεῖν

2532 733 2661 802 περὶ
2706 732 2804 795 τὰς
2870 732 3071 801 ἀρετὰς
3120 732 3421 784 διάκειται·
3458 730 3563 782 κᾶν
3608 731 3969 798 χαρισηιάτων
4028 730 4123 782 τοῦ

2532 821 2849 890 Πνεύματος
2915 821 3209 890 διαφόρων,
3271 818 3304 888 ἢ
3360 819 3456 871 καὶ
3523 817 3945 884 ἀποκαλύψεων,
4030 817 4126 869 καὶ

2535 914 2853 984 μυστηρίων
2900 912 3168 983 οὐρανίων
3209 912 3394 979 τυχεῖν
3429 909 3769 979 καταξιωθῇ,
3819 908 3897 971 ὡς
3955 908 4126 976 μηδὲν

2532 1005 2720 1075 ἀκμὴν
2748 1006 3059 1075 κεκτημένη
3110 1005 3169 1057 ἐν
3208 1005 3378 1072 ἐαυτῇ
3414 1002 3554 1065 ἐστι,
3610 1002 3698 1054 διὰ
3736 1002 3837 1070 τὴν
3875 1001 4125 1070 ἄμετρον

2532 1097 2624 1149 καὶ
2673 1097 2967 1165 ἀκόρεστον
3022 1096 3159 1166 πρὸς
3212 1096 3417 1164 Κύριον
3452 1095 3695 1163 ἀγάπην,
3735 1094 3873 1146 ἀλλά
3937 1095 4122 1145 πᾶσαν

2532 1189 2747 1259 ἡμέραν
2776 1190 3048 1254 ἐκπεινος,
3082 1187 3180 1241 καὶ⁵
3202 1187 3418 1257 ἔκδιψος
3448 1189 3538 1241 διὰ
3578 1187 3816 1249 πίστεως
3852 1188 3950 1239 καὶ
3985 1188 4122 1252 ἁγά-

2530 1295 2640 1347 πης
2663 1281 2719 1331 ἐν
2748 1280 3225 1348 προσκαρτερήσει
3279 1277 3446 1347 εὐχῆς
3483 1278 3563 1338 είς
3611 1278 3679 1329 τὲ
3732 1277 3831 1344 τῆς
3892 1277 4122 1345 χάριτος

2533 1370 2832 1438 μυστήρια,
2864 1368 2960 1421 καὶ
2986 1370 3067 1430 είς
3098 1369 3281 1420 πᾶσαν
3315 1366 3650 1420 κατάστασιν
3685 1364 3886 1435 ἀρετῆς
3918 1363 4119 1431 ἀκορέ-

2531 1478 2672 1522 στως
2711 1460 2844 1529 ἔχει,
2896 1460 3061 1527 ἐρωτι
3114 1457 3437 1529 Πνεύματος
3468 1458 3718 1527 οὐρανίου
3767 1456 4115 1526 -ιέτρωμὲνη,

2530 1554 2623 1605 καὶ
2659 1553 2822 1605 πόθον
2869 1552 3116 1621 ἔμπυρον
3156 1552 3245 1605 διὰ
3293 1551 3394 1619 τῆς
3440 1552 3664 1620 χάριτος
3712 1548 3799 1602 ad.
3861 1550 3921 1601 ἐν
3976 1549 4117 1616 αὐτῇ

2534 1643 2670 1714 πρὸς
2712 1644 2802 1695 τὸν
2830 1642 3082 1712 οὐράνιον
3106 1642 3343 1712 νυμφίον
3375 1640 3727 1701 ἀνακινοῦσα,
3765 1639 4118 1708 ἐπιθυμοῦσα

2529 1735 2751 1799 τελείως
2781 1734 3189 1803 καταξιωθῆναι
3214 1734 3313 1802 τῆς
3346 1734 3489 1803 πρὸς
3522 1732 3687 1785 αὐτὸν
3720 1735 3995 1801 μυστικῆς
4026 1732 4118 1783 καὶ

843 1825 1069 1893 spiritus
1109 1840 1233 1877 cum
1258 1840 1324 1878 eo
1358 1824 1770 1884 communione,
1802 1830 2008 1877 retecta
2032 1823 2224 1877 animae
2258 1822 2423 1889 facie,
2460 1803 2502 1860 Β

2460 1803 2502 1860 Β
2530 1828 2770 1897 ἀῤῥήτου
2803 1828 2861 1878 ἐν
2890 1824 3151 1894 ἁγιασμῷ
3177 1824 3490 1892 πνεύματος
3542 1823 3852 1885 κοινωνίεις,
3912 1823 4116 1873 ἀποκε-

842 1914 1036 1968 defixis
1067 1930 1233 1984 super
1267 1915 1443 1970 oculis
1492 1916 1769 1984 aspiciens
1818 1915 2092 1985 Sponsum
2118 1918 2421 1983 caelestem,

841 2005 981 2059 facie
1008 2004 1079 2059 ad
1127 2005 1348 2069 faciem,
1390 2005 1445 2058 in
1486 2006 1695 2061 lumine
1734 2008 2007 2076 spirituali
2036 2017 2093 2063 et
2135 2008 2423 2075 ineﬂ‘abili,

843 2096 1079 2151 admista
1131 2097 1184 2150 ei
1230 2097 1285 2150 in
1314 2097 1465 2151 omni
1517 2100 1853 2155 certitudine
1890 2100 2038 2165 fidei,
2088 2102 2426 2172 conﬁgurata

843 2188 1010 2241 morti
1036 2189 1178 2259 ejus,
1208 2189 1440 2245 summis
1464 2190 1610 2246 votis
1654 2207 1755 2261 pro
1786 2191 2007 2247 Christo
2055 2204 2289 2248 mortem
2323 2210 2393 2263 op

842 2288 1030 2349 petere
1060 2296 1276 2349 semper
1306 2294 1557 2351 sperans,
1593 2291 1649 2337 et
1688 2299 1718 2337 a
1746 2284 1988 2353 peccatis
2022 2300 2084 2339 ac
2116 2286 2427 2341 tenebrosis

842 2372 1231 2426 affectionibus
1265 2374 1653 2428 liberationem
1704 2376 1968 2445 consequi
2020 2392 2117 2445 per
2160 2376 2425 2445 Spiritum

844 2470 997 2515 certo
1020 2477 1082 2515 ac
1110 2463 1270 2531 plene
1298 2465 1535 2520 credens
1564 2482 1577 2518 :
1604 2473 1665 2519 ut
1691 2466 1983 2535 purificata
2011 2484 2109 2537 per
2135 2466 2425 2537 Spiritum,

843 2555 1020 2608 anima
1054 2570 1118 2609 ac
1149 2572 1379 2625 corpore
1425 2557 1787 2622 sanctificata,
1837 2575 1959 2628 quae
1992 2576 2089 2614 vas
2128 2576 2326 2629 purum
2359 2560 2426 2614 ad

846 2645 1217 2712 recipiendam
1249 2648 1529 2701 cmlestem
1561 2648 1899 2713 unctionem,
1926 2657 1983 2702 et
2012 2664 2134 2717 qua:
2160 2648 2429 2703 habitatio

845 2738 1088 2792 cmlestis
1108 2747 1163 2792 et
1187 2740 1307 2793 veri
1333 2739 1475 2806 regis
1506 2738 1711 2793 Christi
1743 2739 1857 2804 fiat,
1890 2740 2053 2810 digna
2091 2739 2183 2796 sit.
2206 2740 2274 2794 Et
2299 2749 2431 2793 tunc

846 2828 1055 2883 ctelesti
1102 2829 1211 2882 vita
1262 2829 1423 2898 digna
1474 2830 1735 2897 habetur,
1803 2831 2184 2887 habitaculum
2228 2848 2428 2901 purqu

847 2921 1084 2990 Spiritus
1116 2922 1291 2975 sancti
1320 2921 1447 2975 inde
1472 2921 1690 2976 effecta.

916 3194 978 3247 ν.
1009 3192 1088 3247 Ad
1120 3208 1248 3248 eum
1280 3203 1465 3247 autem
1502 3209 1680 3263 usque
1703 3193 1937 3264 gradum
1983 3204 2046 3248 ut
2090 3194 2271 3247 anima
2298 3210 2425 3263 per-

847 3286 1050 3342 veniat.
1083 3301 1263 3353 neque
1291 3302 1399 3339 una
1434 3301 1604 3354 Opera
1641 3286 1848 3349 statim,
1880 3301 2062 3354 neque
2084 3286 2203 3339 sine
2234 3286 2431 3355 proba—

849 3381 1032 3441 tione;
1060 3378 1153 3431 sed
1183 3392 1279 3446 per
1304 3378 1523 3431 iabores
1543 3377 1920 3431 etcertamina
1944 3378 2248 3445 multa,per
2270 3379 2429 3447 longa

852 3479 1159 3537 temporum
1191 3468 1365 3536 spatia
1392 3478 1445 3521 et
1478 3469 1681 3531 studia,
1709 3482 1833 3521 cum
1865 3468 2191 3536 probatione
2220 3476 2278 3521 et
2309 3477 2429 3521 ten-

850 3561 1152 3614 tationibus
1183 3561 1351 3615 variis
1398 3560 1687 3629 spirituale
1737 3570 2091 3630 augmentum
2136 3575 2200 3614 ac
2246 3560 2429 3614 incre~

849 3660 1095 3705 ruentum
1140 3653 1330 3716 sumit,
1362 3668 1537 3721 usque
1577 3653 1645 3706 ad
1688 3652 1998 3721 perfectum
2027 3654 2317 3708 vacuitatis
2344 3654 2428 3707 af-

848 3742 1144 3797 fectiouum
1170 3743 1397 3814 gradum
1440 3744 1662 3797 demum
1686 3745 1961 3814 pertingat
1989 3763 2003 3799 :
2027 3753 2086 3798 ut
2112 3745 2180 3798 ad
2208 3761 2426 3799 onmem

851 3836 1232 3895 tentationem.
1271 3852 1394 3905 qua:
1423 3852 1453 3891 a
1487 3837 1736 3907 nequitia
1785 3838 2088 3903 invehitur,
2122 3838 2339 3893 fortiter
2365 3854 2431 3893 ac

846 3936 1069 3981 strenue
1099 3928 1430 3996 perdurans,
1462 3930 1731 3984 maximos
1761 3930 2022 3993 honores,
2066 3940 2122 3985 et
2150 3931 2292 3985 dona
2317 3932 2431 4002 spi-

848 4019 1090 4083 ritualia,
1139 4019 1471 4090 divitiasque
1525 4022 1781 4076 caelestes
1830 4032 2223 4092 consequatur,
2250 4032 2306 4078 ct
2350 4025 2430 4079 sic

845 4112 1085 4167 caelestis
1138 4116 1291 4183 regni
1357 4116 1530 4170 haeres
1580 4116 1778 4171 evadat
1807 4117 1859 4171 in
1909 4118 2038 4172 Jesu
2081 4118 2301 4173 Christo
2326 4120 2431 4173 Do—

848 4204 996 4257 mino
1043 4215 1254 4269 nostro,
1312 4207 1401 4261 cui
1438 4208 1609 4277 gloria
1650 4218 1705 4262 et
1752 4209 2045 4278 imperium
2095 4208 2149 4263 in
2206 4211 2425 4265 saecula.

845 4294 1037 4345 Amen.

1430 4408 1713 4464 HOMILIA
1743 4409 1837 4464 ΧΙ.

2527 1917 2854 1986 καλυμμένη
2889 1916 2966 1985 τῷ
2994 1916 3094 1985 τῆς
3122 1914 3298 1984 ψυχῆς
3325 1914 3625 1984 προσώπῳ,
3650 1915 3746 1967 καὶ
3771 1914 4119 1977 ἐκνατενξζσυ.

2529 2022 2598 2058 σα
2639 2005 2718 2073 τῷ
2748 2006 3059 2074 ἐπουρανίῳ
3098 2005 3320 2075 νυμφίῳ
3349 2005 3642 2075 πρόσωπον
3684 2007 3742 2057 ὲν
3772 2008 3912 2073 φωτὶ
3947 2023 4117 2058 πνευ-

2537 2094 2754 2165 ματικῷ
2804 2096 2899 2147 καὶ
2952 2094 3326 2165 ἀνεκλαλήτῳ,
3377 2095 3799 2163 ἀνακιρνωμένη
3854 2094 4031 2162 τούτῳ
4061 2098 4119 2147 ἐν

2531 2184 2879 2257 πληροφορίᾳ
2903 2186 3074 2255 πάσῃ,
3096 2183 3584 2254 συμμορφιζομένη
3596 2185 3674 2255 τῷ
3696 2185 3787 2238 (ην
3798 2188 3911 2255 άτῳ
3923 2187 4119 2253 αὐτοῦ,

2528 2278 2585 2329 ἐν
2616 2278 2883 2347 ἐπιθυμίᾳ
2904 2278 3099 2347 πολλῇ,
3124 2280 3215 2330 τὸν
3243 2279 3384 2347 ὑπὲρ
3409 2278 3647 2348 Χριστοῦ
3680 2279 3911 2333 θάνατον
3948 2300 4122 2350 προσ-

2528 2368 2743 2421 δοκῶσα
2774 2368 3030 2431 πάντοτε,
3067 2370 3161 2421 καὶ
3201 2370 3301 2437 τῆς
3330 2371 3627 2442 ἁμαρτίας,
3649 2373 3743 2423 καὶ
3763 2372 3861 2441 τῆς
3894 2374 4119 2434 σκοτίας

2527 2460 2638 2511 τῶν
2662 2458 2849 2513 παθῶν
2872 2459 3087 2513 τελείαν
3112 2460 3383 2532 λύτρωσιν
3410 2460 3663 2525 δέξασθαι
3688 2463 3789 2515 ὐπὸ
3815 2462 3911 2516 τοῦ
3948 2464 4119 2518 Πνεύ-

2534 2567 2722 2620 ματος,
2758 2553 2815 2602 ἐν
2844 2550 3190 2621 πληροφορίᾳ
3230 2552 3568 2604 πιστεύουσα
3595 2569 3608 2581 ·
3644 2553 3729 2605 ἵνα
3763 2554 4122 2623 καθαρισθεῖ-

2532 2660 2600 2695 σα
2625 2643 2714 2695 διὰ
2740 2643 2834 2696 τοῦ
2865 2642 3206 2713 Πνεύματος,
3230 2643 3377 2714 ψυχῇ
3407 2645 3500 2698 καὶ
3519 2644 3732 2715 σώματι
3760 2647 4116 2713 άγιασθετσα,

2532 2734 2772 2805 καθαρὸν
2799 2733 2992 2797 σκεῦος
3014 2735 3094 2794 είς
3137 2734 3405 2806 ὑποδοχὴν
3430 2735 3523 2788 τοῦ
3548 2736 3879 2806 ἐπουρανίου
3914 2737 4118 2807 μύρου,

2531 2824 2627 2877 καὶ
2658 2824 2823 2894 μονὴν
2855 2823 2949 2878 τοῦ
3004 2828 3336 2896 ἐπουρανίου
3398 2828 3493 2880 καὶ
3547 2828 3806 2897 ἀληθινοῦ
3849 2831 4121 2899 βασιλέως

2532 2915 2769 2985 Χριστοῦ
2794 2916 3047 2984 γενέσθαι
3082 2918 3394 2991 καταξιωθῇ
3419 2936 3432 2949 ·
3472 2922 3566 2974 καί
3596 2923 3716 2973 τότε
3755 2923 3853 2991 τῆς
3876 2926 4122 2994 ἐπουρα-

2532 3008 2647 3059 νίου
2703 3007 2853 3075 ζωῆς
2908 3008 3034 3072 ἀξία
3094 3011 3443 3076 καθίσταται,
3502 3014 3819 3083 οίκητήριον
3875 3014 4124 3086 καθαρὸν

2533 3098 2852 3169 Πνεύματος
2898 3102 3056 3169 ἁγίου
3096 3102 3348 3155 ἐντεῦθεν
3381 3105 3672 3175 γενομένη.

2606 3194 2678 3245 E'.
2718 3193 2809 3254 Είς
2846 3193 3019 3247 ταῦτα
3066 3195 3123 3247 δὲ
3173 3195 3240 3247 τά
3299 3197 3472 3266 μέτρα
3526 3197 3707 3268 ψυχὴν
3740 3198 3942 3263 ἐλθεῖν,
3994 3200 4119 3254 οὔτε

2532 3282 2623 3350 ὐφ’
2680 3282 2759 3347 ἓν,
2794 3283 2919 3336 οὐτε
2968 3286 3353 3354 ἀδοκιμάστως
3412 3288 3579 3351 ἔστιν,
3632 3289 3769 3343 ἀλλά
3804 3294 3891 3344 διὰ
3940 3292 4122 3345 πόνων

2533 3374 2743 3426 πολλῶν
2767 3378 2863 3429 καὶ
2894 3376 3143 3444 ἀγώνων,
3165 3378 3261 3429 καὶ
3290 3381 3520 3448 χρόνων,
3563 3385 3655 3435 καὶ
3683 3385 3943 3453 σπουδῆς,
3982 3388 4123 3455 μετά

2534 3465 2863 3535 δοκιμασίας
2900 3471 2993 3521 καὶ
3020 3471 3345 3542 πειρασμῶν
3370 3474 3632 3526 ποικίλων
3667 3475 3767 3544 τὴν
3811 3492 4125 3544 πνεύματι·

2530 3555 2634 3626 κὴν
2662 3556 2893 3625 αὔξησιν
2921 3560 3014 3612 καὶ
3040 3562 3323 3633 προκοπὴν
3344 3563 3637 3631 λαμϐάνει,
3664 3566 3769 3628 ἐως
3789 3567 3882 3619 τοῦ
3906 3569 4122 3621 τελείου

2529 3647 2633 3715 τῆς
2666 3648 2937 3713 ἀπαθείας
2968 3651 3193 3722 μέτρου,
3224 3654 3312 3706 ῐνα
3347 3656 3427 3717 είς
3459 3656 3639 3709 πάντα
3677 3660 3990 3728 πειρασμὸν
4019 3662 4122 3712 ὐπ’)

2531 3738 2629 3807 τῆς
2653 3741 2853 3805 κακίας
2899 3742 3245 3814 ἐπαγόμενον
3292 3747 3643 3816 ὑπομένουσα
3684 3751 3989 3822 προθύμως
4030 3755 4122 3805 καὶ

2531 3833 2813 3899 γενναίως,
2848 3836 2971 3887 τότε
3011 3837 3120 3891 τῶν
3154 3840 3408 3907 μεγάλων
3431 3841 3607 3911 τιμῶν
3642 3845 3736 3896 καὶ
3759 3847 4122 3917 χαρισμάτων

2532 3926 2940 3994 πνευματικῶν,
2982 3928 3077 3982 καλ⁸
3129 3929 3366 3983 πλούτου
3421 3932 3676 4003 οὐρανίου
3736 3935 3970 4007 ἀξιωθῇ,
4028 3942 4120 3991 καὶ

2531 4017 2705 4081 οὕτως
2731 4019 2831 4087 τῆς
2887 4020 3215 4091 ἐπουρανίου
3258 4023 3535 4093 βασιλείας
3593 4025 3822 4095 γένηται
3858 4030 4122 4100 κληρονόο

2534 4126 2655 4178 μος,
2700 4111 2757 4160 ἐν
2788 4111 3009 4181 Χριστῷ
3066 4112 3243 4181 Ἰησοῦ
3294 4114 3371 4183 τῷ
3424 4116 3615 4188 Κυρίῳ
3654 4119 3830 4188 ἡμῶν,
3855 4114 3900 4189 ᾧ
3936 4121 4121 4193 sses:

2531 4200 2626 4253 καὶ
2658 4201 2718 4253 τὸ
2741 4200 2964 4271 κράτος,
2998 4203 3078 4267 είς
3106 4204 3236 4267 τοὺς
3275 4206 3505 4269 αἰῶνας.
3561 4209 3756 4281 Ἀμήν.

3116 4402 3359 4457 ΟΜΙΛῙΑ
3423 4406 3525 4463 1Α’.

847 4492 1098 4580 Virtut'em
1136 4495 1555 4587 sait.cti.Spirli_tus
1600 4500 1660 4587 in.
1693 4500 1850 4587 corde
1888 4502 2134 4587 hominis,
2174 4518 2227 4554 se
2256 4501 2427 4587 habe-l
2452 4487 2494 4543 Β
2531 4496 2532 4502 “

2452 4487 2494 4543 D
2531 4484 2648 4587 Τὴῖ
2677 4487 3081 4587 ρύἶνξξιιτζτοῦ
3108 4494 3664 4587 ςγίουιηνεύματος
3783 4501 3870 4587 ’τῇ
3898 4507 4115 4575 κειρδίᾳ

912 4582 967 4641 re
1002 4568 1175 4619 instar
1214 4566 1379 4641 gignis.
1436 4566 1499 4641 iit
1536 4569 1736 4641 quibus
1776 4571 1925 4623 rebus
1968 4572 2317 4641 indigeamus,
2356 4573 2427 4625 ad

911 4636 1310 4689 discernenitmn
1334 4638 1671 4705 cogitationes
1706 4641 1759 4692 in
1782 4641 1936 4692 corde
1956 4636 2333 4694 scaturientes:
2378 4651 2425 4694 et

909 4706 1243 4781 de‘serpente
1290 4716 1501 4781 mortuo
1541 4708 1612 4781 ait
1644 4709 2023 4781 sublimitatem
2064 4710 2191 4781 ligni
2220 4730 2250 4763 a
2284 4713 2425 4764 More

909 4777 1087 4848 afﬁato,
1118 4779 1203 4845 qui
1234 4787 1383 4846 typus
1426 4778 1523 4845 fuit
1553 4776 1765 4831 Christi.
1800 4778 2042 4833 Contine!
2080 4776 2282 4848 quoque
2328 4786 2423 4833 Ιιο-

914 4846 1063 4898 mifia
1106 4848 1487 4919 disputationes
1535 4848 1903 4919 duaspunam
1946 4846 2178 4919 quidem,
2229 4850 2423 4904 Christi

910 4931 1030 4968 cum
1065 4918 1380 4991 nequissimo
1406 4915 1652 4981 Satana;
1677 4918 1905 4971 alterum
1927 4915 2068 4985 vero,
2093 4929 2423 4991 peccatorum

909 5002 1031 5038 cum
1054 4986 1253 5039 eodem.

910 5218 951 5271 l.
988 5218 1131 5288 ignis
1158 5219 1246 5274 ille
1296 5220 1534 5276 caelestis
1578 5222 1902 5290 divinitatis,
1933 5241 2095 5295 quem
2143 5226 2423 5297 accipiunt

838 5308 1139 5363 Christiani
1175 5311 1323 5365 intus
1352 5312 1405 5365 in
1430 5314 1594 5367 corde
1630 5330 1731 5369 suo
1763 5332 1911 5370 nunc
1948 5317 2002 5370 in
2046 5318 2151 5373 hoc
2196 5321 2417 5386 saeculo,

840 5400 929 5453 ille
959 5399 1097 5469 ipse,
1122 5403 1213 5470 qui
1245 5404 1394 5459 intus
1418 5421 1564 5459 nunc
1588 5421 1683 5461 cor
1715 5408 1935 5462 illorum
1961 5408 2170 5479 dirigit,
2200 5412 2421 5480 quando

838 5504 1040 5559 corpus
1072 5492 1428 5559 dissolvetur,
1460 5498 1703 5565 erumpit
1738 5514 1751 5550 :
1784 5508 1839 5552 et
1871 5515 2064 5555 rursus
2092 5497 2421 5572 coaugmen-

840 5590 918 5635 tat
946 5584 1217 5648 membra,
1244 5595 1301 5640 et
1350 5586 1482 5641 facit
1524 5590 1988 5645 resurrectionem
2022 5592 2417 5647 dissolutorum

839 5675 1233 5731 membrorum.
1272 5677 1748 5743 Quemadmodum
1784 5687 1931 5735 enim
1970 5682 2130 5752 ignis,
2167 5684 2259 5753 qui
2289 5685 2419 5739 llie-

836 5766 1126 5829 rosolymis
1173 5770 1520 5827 ministrabat
1553 5774 1733 5842 altari,
1783 5783 2031 5845 tempore
2083 5780 2417 5847 captivitatis

2597 4559 2705 4645 ζοῦ
2736 4560 3050 4645 ἀνθρώποις
3078 4559 3231 4645 sistat
3263 4567 3354 4645 the
3400 4559 3518 4645 ξτῐῖρ
3543 4586 3555 4598 ’
3589 4559 3704 4645 an)
3737 4559 3919 4626 τίνῶν

2600 4627 2784 4706 (quer
2808 4632 2956 4712 πρός
2988 4631 3050 4712 τό
3076 4627 3495 4712 διακρινέσᾷαξ
3509 4640 3650 4705 τοὺς
3677 4627 4117 4712 λογισμοὺῖἕν

2602 4701 2676 4783 ζῇ
2731 4701 2944 4783 καρδίᾳ
2984 4702 3325 4783 ιβρύοιςτας.
3377 4701 3657 4783 Καί-περί
3724 4701 4115 4783 τοῦτεχροῦ

2600 4768 2791 4851 ὅξεως
2821 4771 2907 4835 είς
2936 4771 3001 4823 τὸ
3035 4768 3369 4851 ἁχρότςαὲον
3400 4780 3527 4851 ,τοῦ
3559 4768 3749 4843 ξύλου
3786 4768 3948 4851 παρά
3979 4768 4116 4840 £12.;-

2597 4838 2755 4921 ςρως
2787 4838 3361 4921 προσξεπηγμένου,
3395 4848 3463 4913 ὃς
3500 4838 3686 4916 τύπος
3731 4838 4113 4921 emineat:

2598 4910 2877 4995 ξριστίίῦ.
2953 4910 3357 4995 Συνᾷχείνκαί
3418 4910 3632 4995 (ﬁmum
3666 4910 4113 4995 ’διιίλογισμοὺξ-

2596 4977 2706 5066 (ἰύο
2730 4996 2741 5007 ·
2791 4980 2995 5066 ἕτερον
3023 4977 3147 5050 ps;
3182 4977 3463 5066 Kptq‘toﬁ:
3494 4991 3645 5058 μετὰ
3696 4994 3803 5066 tot}
3838 4977 4113 5066 σίνοκῆρῶ

2597 5051 2853 5133 Σᾳταῖὰ,
2891 5051 3139 5121 θάτερον
3171 5051 3238 5107 δὲ
3259 5056 3380 5108 τῶν
3424 5051 3791 5129 ἁμαρτωλῶν
3813 5051 4113 5135 μετὰ

2596 5135 2804 5172 αυτου.

2595 5232 2674 5287 Δ’.
2704 5234 2776 5285 Τὸ
2806 5234 2915 5303 πῦρ
2946 5236 3003 5289 τὸ
3036 5238 3290 5308 οὐράνιον
3330 5242 3428 5311 τῆς
3458 5243 3733 5313 θεότητος,
3762 5248 3901 5319 ὅπερ
3922 5250 4110 5322 δέχον-

2523 5340 2612 5375 ται
2645 5326 2693 5375 οἱ
2731 5326 3048 5395 Χριστιανοὶ
3092 5332 3242 5395 ἐντὸς
3282 5335 3462 5388 αὐτῶν
3509 5339 3568 5389 ἐν
3596 5341 3661 5409 τῇ
3694 5341 3891 5413 καρδίᾳ
3922 5342 4019 5396 νῦν
4052 5347 4109 5397 ἐν

2522 5414 2600 5483 τῷ
2628 5416 2784 5469 αἰῶνι
2815 5417 3009 5489 τούτῳ,
3056 5421 3214 5475 τοῦτο
3263 5426 3396 5479 αὐτὸ
3451 5430 3512 5480 τὸ
3557 5431 3707 5493 ἐντὸς
3746 5435 3847 5502 τῆς
3879 5435 4109 5505 καρδίας

2523 5507 2701 5559 αὐτῶν
2740 5509 3045 5579 διακονοῦν,
3074 5515 3203 5568 ὃταν
3223 5518 3462 5590 ἀναλυθῇ
3499 5520 3560 5573 τὸ
3618 5522 3800 5592 σῶμα,
3836 5524 4107 5597 ἐξώτερον

2522 5599 2751 5666 γίνεται,
2790 5604 2884 5655 καὶ
2918 5606 3081 5659 πάλιν
3130 5612 3443 5681 συμπήσσει
3500 5614 3567 5667 τά
3614 5616 3773 5687 μέλη,
3818 5620 3913 5672 καὶ
3964 5624 4107 5674 ποιεῖ

2522 5692 2814 5746 ἀνάστασιν
2845 5696 2952 5747 τῶν
2984 5698 3294 5769 λελυμένων
3334 5704 3537 5772 μελῶν.
3578 5708 3788 5778 Ὠσπερ
3819 5711 3929 5782 γάρ
3956 5714 4019 5766 τὸ
4049 5716 4103 5766 ἐν

2545 5783 2944 5855 Ἱεροσολύμοις
2983 5791 3096 5861 πῦρ
3128 5794 3186 5846 τὸ
3217 5796 3502 5851 διακονοῧν
3532 5802 3588 5853 ἐν
3610 5802 3689 5872 τῷ
3721 5804 4099 5880 θυσιαστηρῖῳ
