4266 6356
231 384 338 449 5G5

1446 401 1809 462 HOMILIB.
1840 429 1909 440 -
1940 407 2124 468 ΗΟΜ.
2165 410 2269 469 XI.

3354 428 3459 488 546

233 501 374 551 κατὰ
400 497 491 551 τὸν
535 502 727 570 καιρὸν
776 502 868 557 τοῦ
921 505 1372 576 αἰχμαλωτισμοῦ
1406 508 1615 581 χωσθέν
1639 507 1706 580 ἦν
1734 512 1792 564 ἐν
1823 524 1863 578 Α
1895 514 1918 568 d

1779 530 1792 563 ρ
1823 524 1863 578 Α
1895 514 2146 573 defossus
2182 527 2300 573 erat
2336 518 2388 573 in
2439 519 2615 584 fovea,
2643 532 2698 576 et
2746 524 2834 581 ille
2879 527 2996 596 ipse
3045 543 3176 598 paoc
3208 530 3367 599 facta,
3401 551 3464 592 ac

230 589 441 662 λάκκῳ,
472 593 565 645 καὶ
594 595 725 649 αὐτὸ
756 597 934 650 ἐκεῖνο
963 598 1023 650 ἐν
1044 597 1122 668 τῷ
1154 600 1407 668 γενέσθαι
1438 602 1661 673 εἰρήνην
1702 604 1800 658 καί

227 683 547 736 ἐπανελθεῖν
589 686 716 748 τοὺς
762 689 1324 757 αἰχμαλωτισθέντας,
1352 692 1543 765 ὥσπερ
1577 695 1803 748 ἀνεκαιο

228 772 384 845 νίσθη
417 776 511 829 καὶ
555 777 801 848 συνήθως
847 779 1081 850 διηκόνει
1103 798 1117 811 ο
1158 782 1301 836 οῦτω
1333 785 1430 839 καὶ
1458 784 1555 838 νῦν
1583 786 1644 839 τὸ
1670 788 1803 857 πλη-

231 863 347 916 σίον
388 865 570 935 σῶμα,
607 866 636 919 δ
689 868 831 939 μετὰ
880 870 942 923 τὸ
989 870 1218 941 λυθῆναι
1250 875 1461 942 γίνεται
1521 874 1799 948 βόρϐορος,

228 954 523 1023 ἐργάζεται
574 958 635 1011 τὸ
695 960 945 1029 οὐράνιον
994 961 1106 1033 πῦρ
1147 964 1243 1017 καὶ
1287 967 1643 1033 ἀνακαινίζει,
1712 972 1803 1023 καὶ

228 1047 426 1117 ἀνιστᾷ
449 1046 519 1100 τά
547 1048 863 1120 ἐφθαρμένα
896 1052 1146 1122 σώματα.
1184 1056 1257 1109 Τδ
1280 1059 1389 1127 γὰρ
1412 1058 1506 1111 νῦν
1534 1060 1801 1132 ἐσώτερον

231 1138 289 1188 ἐν
316 1141 380 1209 τῇ
411 1139 607 1210 καρδία
630 1141 875 1196 ἐνοικοῦν
915 1144 1047 1216 πῦρ,
1075 1148 1196 1200 τότε
1234 1147 1502 1220 ἐξώτερον
1534 1151 1798 1221 γίγνεται,

230 1231 327 1282 καὶ
358 1233 503 1283 ποιεῖ
532 1231 829 1287 ἀνάστασιν
851 1234 961 1288 τῶν
989 1238 1279 1307 σωμάτων.

302 1319 379 1373 B'.
405 1321 516 1374 Καὶ
542 1321 651 1393 γὰρ
676 1324 769 1376 ἐπὶ⁵
792 1324 885 1378 τοῦ
916 1327 1410 1402 Ναϐουχοδονόσορ,
1444 1332 1504 1385 τὸ
1524 1330 1635 1401 πῦρ
1660 1334 1717 1387 ἐν
1730 1337 1795 1406 τῇ

228 1410 448 1479 καμίνῳ
477 1414 577 1469 ob:
608 1409 676 1485 ἦν
728 1415 929 1481 θεῖκδν,
965 1417 1078 1472 ἀλλ’
1105 1414 1173 1487 ἦν
1199 1420 1405 1490 κτίσμα
1427 1437 1442 1453 ο
1470 1422 1520 1473 oi
1572 1421 1628 1474 δέ
1653 1424 1800 1493 τρεῖς

230 1501 423 1564 παῖδες
444 1502 533 1555 διά
579 1503 678 1574 τὴν
709 1504 1056 1577 δικαιοσύνην
1081 1508 1259 1561 αὐτῶν
1289 1512 1347 1564 ἐν
1369 1510 1447 1581 τῷ
1490 1512 1798 1583 φαινομένῳ

231 1593 369 1659 πυρὶ
397 1592 573 1656 ὄντες,
616 1596 673 1647 ἐν
705 1599 820 1658 ταῖς
866 1598 1117 1667 καρδίαις
1140 1600 1317 1654 αὐτῶν
1350 1597 1496 1671 εἶχον
1528 1601 1589 1656 τὸ
1619 1603 1796 1656 θεῖκδν

227 1682 482 1751 οὐράνιον
544 1684 653 1755 πῦρ
707 1686 860 1750 ἐντὸς
906 1688 1013 1740 τῶν
1046 1689 1320 1761 λογισμῶν
1370 1692 1647 1758 διακονοῦν
1703 1694 1795 1747 καὶ

228 1776 489 1843 ἐνεργοῦν
515 1778 573 1829 ἐν
607 1778 809 1841 αὐτοῖς.
859 1780 970 1832 Καὶ
1022 1781 1156 1834 αὐτὸ
1204 1784 1380 1836 ἐκεῖνο
1402 1785 1573 1857 ἐφάνη
1604 1786 1795 1851 ἐξώτε-

1910 607 2144 663 reversis
2165 611 2393 681 captivis
2424 612 2591 668 veluti
2616 626 2908 673 renovatus
2936 633 3039 688 pro
3073 636 3225 679 more
3256 627 3465 683 servie-

1907 700 2000 754 bat
2029 717 2041 753 ε
2072 701 2152 755 sic
2179 710 2234 756 et
2257 718 2458 773 corpus
2509 706 2613 760 hoc
2645 707 2931 774 familiare,
2956 712 3103 781 quod
3131 723 3254 783 post
3286 717 3466 773 disso-

1906 791 2171 846 lutionem
2198 795 2253 849 in
2287 810 2506 851 caenum
2530 799 2783 865 vertitur,
2802 801 2977 857 reﬁcit
3003 813 3058 859 et
3076 807 3304 863 renovat
3328 808 3469 880 ignis

1905 885 2163 950 cmlestis,
2193 893 2250 941 et
2295 889 2583 943 resuscitat
2622 900 2880 961 corrupta
2932 910 3182 967 corpora.
3230 901 3469 958 Interior

1904 978 2050 1030 enim
2076 978 2164 1033 ille
2193 979 2353 1049 ignis,
2386 981 2535 1035 cordi
2556 991 2747 1038 nostro
2775 984 3107 1056 inhabitans,
3134 1000 3264 1047 tunc
3287 1010 3467 1051 emer-

1904 1068 2001 1136 git,
2026 1068 2263 1137 facitque
2286 1072 2745 1128 resurrectionem
2780 1089 3097 1145 corporum.

1968 1314 2035 1366 ll.
2072 1313 2624 1372 Nabuchouonosorts
2651 1321 2797 1375 enim
2831 1330 3073 1394 tempore
3118 1327 3261 1397 ignis
3296 1330 3349 1383 in
3376 1346 3464 1386 ca-

1900 1404 2051 1457 mino
2076 1404 2185 1474 39
2215 1408 2307 1475 qui
2341 1408 2621 1473 ardebat‘,
2657 1427 2767 1465 non
2800 1424 2918 1468 erat
2947 1416 3183 1484 divinus,
3223 1422 3317 1474 sed
3346 1434 3465 1477 erat

1900 1506 2148 1551 creatura
2185 1516 2197 1551 :
2234 1507 2343 1553 tres
2376 1508 2558 1553 autem
2602 1501 2679 1555 illi
2711 1504 2886 1572 pueri,
2930 1508 3023 1575 qui
3049 1523 3115 1563 eo
3159 1513 3306 1579 quod
3330 1513 3461 1582 justi

1898 1595 2104 1650 essent,
2152 1589 2206 1641 in
2239 1592 2521 1658 apparenti
2569 1592 2689 1662 igne
2732 1606 2909 1662 erant,
2951 1599 3001 1651 in
3045 1602 3303 1659 cordibus
3348 1607 3463 1662 suis

1899 1675 2174 1731 habebant
2207 1679 2454 1733 divinum
2500 1698 2563 1737 ac
2594 1686 2868 1739 ccelestcm
2907 1688 3105 1757 ignem,
3139 1693 3279 1747 intra
3312 1698 3460 1766 cogi-

1900 1768 2132 1821 tationes
2180 1770 2581 1826 ministrantem
2629 1784 2685 1827 et
2730 1787 3043 1844 operantem
3091 1782 3146 1836 in
3206 1783 3356 1852 ipsis.
3394 1788 3465 1841 Et

230 1882 327 1937 ρον
358 1866 536 1919 αὐτῶν
561 1882 576 1897 ’
613 1868 715 1920 ἀνὰ
740 1869 902 1939 μέσον
934 1871 1042 1941 γὰρ
1079 1872 1259 1927 αὐτῶν
1289 1874 1439 1943 ἔστη,
1474 1875 1567 1930 καὶ
1608 1878 1793 1947 ἐπεῖχε
1827 1858 1866 1912 Β
1899 1857 1911 1910 ί

1772 1894 1793 1929 ε
1827 1858 1866 1912 Β
1899 1857 2039 1911 idem
2069 1858 2159 1913 ille
2192 1859 2330 1929 ignis
2354 1863 2610 1930 apparuit
2640 1874 2790 1918 extra
2814 1866 2971 1932 illos;
3004 1869 3059 1922 in
3096 1872 3277 1927 medio
3310 1877 3457 1929 enim

226 1956 289 2009 τὸ
314 1958 634 2026 φαινόμενον
669 1958 800 2029 πῦρ,
846 1960 937 2014 τοῦ
991 1963 1065 2033 μὴ
1100 1963 1276 2019 καίειν
1323 1965 1416 2018 καὶ
1461 1965 1716 2037 βλάπτειν
1743 1985 1793 2021 τι

225 2049 355 2111 τοὺς
403 2048 662 2113 δικαίους,
729 2051 961 2121 Ὁμοίως
998 2054 1054 2105 δὲ
1108 2055 1201 2107 καὶ
1252 2057 1344 2108 ἐπὶ
1400 2056 1506 2111 τοῦ
1560 2059 1791 2129 Ἰσραὴλ,

227 2140 416 2210 ἐπειδὴ
445 2142 475 2195 ό
516 2141 641 2205 νοῦς
682 2142 863 2196 αὐτῶν
905 2147 1001 2197 καὶ
1051 2146 1080 2197 ό
1119 2146 1378 2217 λογισμὸς
1422 2149 1481 2201 ἐν
1538 2151 1794 2221 προθέσει

226 2226 345 2301 εἶχε
406 2232 498 2285 τοῦ
558 2233 934 2303 μακρυνθῆναι
987 2234 1093 2289 ἀπὸ
1142 2236 1275 2290 Θεοῦ
1315 2238 1537 2305 ζῶντος,
1591 2242 1685 2294 καὶ
1716 2244 1794 2306 εἰς

226 2321 667 2391 είδωλολατρείαν
694 2325 988 2395 τραπῆναι,
1021 2327 1339 2398 ἠναγκάσθη
1386 2329 1595 2401 Ἀαρὼν
1620 2334 1793 2386 εἰπεῖν

225 2412 434 2477 αὐτοῖς,
467 2415 711 2483 ἐνεγκεῖν
736 2416 804 2469 τά
842 2417 1009 2489 σκεύη
1034 2422 1101 2473 τὰ
1141 2423 1318 2490 χρυσᾶ
1356 2421 1452 2475 καὶ
1477 2423 1545 2475 τά
1567 2424 1789 2494 κόσμια.

226 2504 432 2557 Λοιπὸν
452 2507 480 2558 ό
507 2507 727 2576 χρυσὸς,
755 2508 848 2561 καὶ
876 2509 943 2562 τὰ
983 2510 1173 2580 σκεύη,
1224 2512 1368 2585 ἀπερ
1396 2514 1675 2567 ἐνέϐαλλον
1716 2518 1795 2579 εἰς

224 2596 288 2648 τὸ
322 2597 455 2667 πῦρ,
487 2598 702 2651 εἴδωλον
754 2601 991 2667 ἐγένενο,
1046 2604 1141 2656 καὶ
1166 2602 1355 2673 ῶσπερ
1402 2606 1711 2675 ἐμιμήσατο
1737 2607 1795 2659 τὸ

225 2683 339 2753 πῦρ
364 2685 463 2755 τὴν
517 2687 835 2758 προαίρεσιν
886 2689 1084 2745 αὐτῶν.
1144 2692 1314 2746 Τοῦτο
1368 2694 1426 2749 δέ
1487 2695 1794 2765 θαυμαστὸν

226 2777 484 2846 πρᾶγμα.
531 2777 750 2848 Ἐπειδὴ
778 2782 885 2851 γάρ
914 2782 1054 2834 κατά
1078 2783 1338 2852 πρόθεσιν
1366 2786 1423 2837 ἐν
1445 2786 1520 2855 τῷ
1547 2786 1792 2856 κρυπτῷ,

226 2868 325 2920 καὶ
360 2870 475 2931 τοῖς
507 2868 788 2940 λογισμοῖς
816 2871 996 2925 αὐτῶν
1026 2873 1410 2929 ἐϐουλεύσαντο
1456 2879 1556 2946 τὴν
1586 2878 1797 2931 εἰδωλο-

224 2959 506 3030 λατρείαν,
541 2964 635 3014 καὶ
685 2962 747 3015 τὸ
778 2962 889 3033 πῦρ
928 2965 1129 3033 ὁμοίως
1161 2966 1227 3019 τά
1265 2968 1604 3038 ἐμϐληθέντα
1628 2968 1794 3040 σκεύη

226 3050 449 3102 εἴδωλον
474 3052 795 3121 εἰργάσατο,
825 3055 919 3108 καὶ
941 3054 1127 3110 λοιπὸν
1144 3058 1201 3110 ἐν
1221 3058 1297 3127 τῷ
1319 3060 1627 3130 φαινομένῳ
1655 3061 1797 3116 είδω·

224 3141 591 3212 λολάτρησαν.
644 3144 855 3215 Ὠσπερ
892 3145 987 3199 οῦν
1016 3147 1067 3199 oi
1098 3150 1247 3219 τρεῖς
1295 3150 1482 3213 παῖδες
1518 3150 1793 3204 δικαιοσύ-
1819 3177 1867 3238 c

225 3250 329 3302 νην
358 3231 726 3305 λογισάμενοι,
775 3236 1025 3302 ἐδέξαντο
1060 3239 1119 3292 ἐν
1169 3240 1382 3304 ἑαυτοῖς
1409 3240 1470 3293 τὸ
1514 3240 1606 3293 τοῦ
1659 3242 1793 3295 Θεοῦ

225 3321 362 3393 πῦρ,
394 3324 487 3376 καὶ
519 3326 927 3396 προσεκύνησαν
960 3328 1039 3400 τῷ
1068 3330 1258 3400 Κυρίῳ
1282 3331 1341 3382 ἐν
1358 3331 1615 3401 ἀληθείᾳ·
1653 3330 1796 3385 οὕτω

227 3408 326 3461 καὶ
348 3408 444 3462 νῦν
464 3411 520 3463 αί
549 3413 737 3466 πισταὶ
784 3414 954 3485 ψυχαὶ
989 3416 1234 3487 δέχονται
1291 3420 1467 3472 ἐκεῖνο
1519 3421 1581 3475 τὸ
1618 3421 1796 3474 θεῖκὺν

226 3500 323 3553 καὶ
362 3500 683 3573 ἐπουράνιον
733 3505 865 3575 πῦρ,
902 3508 960 3559 ἐν
1011 3506 1090 3577 τῷ
1140 3510 1298 3562 αίῶνι
1350 3510 1542 3577 τούτῳ,
1603 3513 1661 3563 ἐν
1718 3511 1795 3581 τῷ

227 3592 460 3662 κρυπτῷ
484 3608 498 3622 ·
524 3595 617 3646 καὶ
642 3596 774 3647 αὐτὸ
811 3598 985 3649 ἐκεῖνο
1038 3602 1236 3670 μορφοῖ
1263 3601 1445 3653 εἰκόνα
1475 3602 1794 3672 ἐπουράνιον

225 3685 308 3745 εἰς
335 3684 435 3752 τὴν
464 3685 883 3757 ἀνθρωπότητα.

296 3775 372 3829 1".
394 3777 604 3848 Ὠσπερ
622 3778 715 3831 οὖν
732 3780 1017 3848 ἐμόρφωσε
1040 3780 1100 3833 τὸ
1118 3782 1228 3852 πῦρ
1244 3782 1309 3835 τὰ
1328 3782 1495 3851 σκεύη
1510 3784 1579 3835 τὰ
1594 3786 1788 3853 χρυσᾶ,

226 3867 325 3918 καὶ
354 3868 572 3935 ἐγένετο
606 3868 821 3922 εἴδωλον
842 3885 856 3899 ο
880 3870 1024 3923 οὕτω
1053 3874 1147 3925 καὶ
1176 3876 1204 3926 ό
1227 3873 1449 3944 Κύριος,
1469 3873 1526 3937 ὃς
1551 3876 1792 3944 μιμεῖται

226 3959 338 4011 τῶν
358 3960 566 4013 πιστῶν
588 3963 680 4014 καὶ
716 3962 937 4031 ἀγαθῶν
964 3966 1150 4036 ψυχῶν
1183 3966 1281 4030 τάς
1309 3968 1676 4037 προαιρέσεις,
1700 3966 1793 4019 καὶ

226 4049 370 4103 κατά
400 4050 462 4104 τὸ
501 4052 709 4123 θέλημα
738 4055 917 4108 αὐτῶν
958 4059 1158 4126 μορφοῖ
1190 4058 1374 4110 εἰκόνα
1404 4059 1499 4110 καὶ
1523 4058 1616 4111 νῦν
1646 4061 1702 4110 ἐν
1726 4062 1789 4128 τῇ

224 4140 393 4210 ψυχῇ.
414 4143 505 4194 καὶ
526 4146 584 4195 ἐν
608 4146 675 4213 τῇ
699 4144 991 4198 ἀναστάσει
1017 4146 1280 4217 ἐξώτερον
1320 4148 1495 4200 αὐτῶν
1524 4148 1789 4215 φαίνεται,

226 4236 325 4287 καὶ
346 4234 558 4298 δοξάζει
601 4234 669 4287 τὰ
708 4235 933 4305 σώματα
985 4237 1162 4289 αὐτῶν
1197 4236 1395 4289 ἔσωθεν
1433 4237 1526 4289 καὶ
1571 4238 1788 4301 ἔξωθεν.

240 4326 380 4378 Ἀλλ’
398 4326 458 4377 ὃν
474 4327 675 4396 τρόπον
692 4327 758 4379 τά
776 4327 1000 4395 σώματα
1013 4328 1189 4380 αὐτῶν
1209 4328 1343 4393 ἐφθα
1351 4345 1380 4397 ρ
1387 4329 1520 4396 μένα
1538 4330 1641 4381 eisi
1656 4328 1792 4390 τέως

226 4421 284 4471 ἐν
312 4419 390 4489 τῷ
419 4418 595 4489 καιρῷ
612 4419 805 4486 τούτῳ,
838 4420 929 4472 καὶ
960 4419 1147 4489 νεκρὰ,
1182 4421 1273 4472 καὶ
1290 4410 1554 4488 λελυμένα
1576 4436 1587 4448 ·
1620 4418 1790 4481 οὕτως

1907 1949 2123 2003 illorum
2160 1952 2332 2016 stetit,
2381 1961 2437 2007 et
2470 1955 2718 2009 cohibuit
2756 1969 3109 2026 apparentem
3160 1963 3359 2033 ignem,
3391 1982 3462 2020 ne

1898 2052 2087 2097 ureret
2116 2054 2211 2098 aut
2238 2044 2462 2101 laederet
2486 2047 2665 2116 aliqua
2695 2062 2762 2103 ex
2788 2059 2942 2119 parte
2965 2052 3165 2122 justos.
3196 2054 3461 2113 Similiter

1896 2147 2113 2201 quoque
2149 2134 2519 2188 lsraelitarum
2570 2138 2929 2207 temporibus,
2967 2156 3091 2196 cum
3140 2145 3356 2200 animus
3404 2156 3461 2201 et

1895 2220 2257 2289 cogitationes
2279 2222 2498 2277 illorum
2523 2226 2844 2281 statuissent
2865 2230 3123 2285 recedere
3141 2234 3293 2288 aDeo
3312 2236 3455 2300 vivo,

1893 2308 2032 2363 etad
2056 2309 2420 2366 idololatriam
2448 2316 2716 2381 converti,
2749 2327 2971 2373 coactus
2992 2331 3074 2374 est
3106 2321 3286 2379 Aaron
3312 2325 3457 2381 indi-

1896 2412 2019 2453 cere
2046 2399 2173 2465 illis,
2200 2409 2260 2454 ut
2293 2401 2555 2457 aﬂerrent
2590 2420 2756 2461 aurea
2790 2416 2845 2462 et
2867 2420 3093 2465 venusta
3114 2430 3259 2469 vasa.
3305 2416 3462 2472 Post-

1895 2491 2115 2545 modum
2147 2508 2341 2547 aurum
2372 2506 2429 2549 et
2462 2512 2610 2564 vasa,
2643 2515 2765 2568 qua;
2800 2503 3148 2573 coniecerant
3174 2507 3228 2561 in
3256 2508 3461 2579 ignem,

1896 2580 1951 2634 in
1985 2584 2188 2637 idolum
2213 2592 2344 2638 sunt
2375 2601 2733 2651 convcrsa.et
2764 2594 2919 2662 quasi
2950 2595 3195 2652 imitatus
3217 2612 3300 2655 est
3321 2601 3462 2671 ignis

1895 2674 2111 2728 illorum
2165 2677 2527 2746 propositum.
2576 2680 2690 2736 Hoc
2731 2692 2912 2737 autem
2967 2686 3328 2744 admiratione
3374 2691 3460 2746 di-

1896 2780 2083 2833 gnum.
2114 2765 2249 2819 Cum
2286 2769 2432 2822 enim
2464 2773 2767 2826 secundum
2812 2779 3137 2833 sententiam
3180 2782 3348 2837 animi
3383 2786 3466 2839 in-

1898 2857 2135 2921 terioris,
2153 2868 2208 2912 et
2233 2860 2285 2913 in
2318 2860 2744 2930 cogitationibus
2766 2867 2899 2930 suis,
2916 2869 3277 2925 idololatriam
3302 2890 3462 2929 exer-

1896 2963 2020 3003 cere
2044 2952 2447 3019 decrevissent;
2469 2955 2633 3008 etiam
2658 2957 2796 3025 ignis
2828 2959 3080 3016 similiter
3111 2963 3307 3029 injecta
3333 2984 3459 3023 vasa

1899 3040 1952 3093 in
1993 3040 2197 3096 idolum
2229 3047 2499 3099 convertit
2530 3064 2545 3101 :
2586 3059 2641 3101 et
2687 3058 2799 3102 tum
2832 3053 3010 3119 palam
3056 3055 3219 3110 idolis
3251 3060 3456 3114 cultum

1897 3133 2326 3190 exhibucrunt’.
2362 3138 2829 3203 Quemadmodum
2874 3161 3005 3216 ergo
3036 3157 3148 3203 tres
3196 3152 3301 3207 illis
3328 3170 3462 3223 pue-

1899 3224 1965 3288 ri,
1993 3227 2110 3294 qni,
2142 3227 2371 3297 iustitiae
2412 3245 2631 3299 operam
2660 3234 2873 3300 dantes,
2907 3254 3269 3310 susceperunt
3298 3244 3352 3298 in
3402 3263 3462 3301 sc

1897 3316 1998 3384 ipsi
2035 3318 2212 3387 ignem
2246 3320 2516 3386 divinum,
2547 3332 2603 3377 et.
2633 3326 2934 3383 adorarunt
2962 3331 3253 3389 Dominum
3289 3336 3345 3391 in
3370 3352 3463 3392 ve-

1896 3407 2056 3461 ritate
2084 3426 2096 3460 :
2129 3410 2208 3464 sic
2257 3427 2476 3481 quoque
2508 3430 2654 3470 nunc
2698 3418 2895 3473 animae
2946 3420 3136 3477 fideles
3183 3427 3461 3496 recipiunt

1895 3501 2107 3554 occulte
2139 3502 2290 3555 illum
2337 3504 2582 3559 divinum
2614 3518 2669 3561 et
2712 3511 2989 3567 caelestem
3044 3514 3224 3584 ignem
3263 3518 3318 3571 in
3352 3520 3459 3574 hoc

1894 3595 2149 3660 praesenti
2204 3596 2404 3650 saaculo
2440 3614 2452 3649 :
2488 3607 2545 3652 et
2593 3599 2687 3653 ille
2742 3600 2883 3671 ignis
2931 3602 3133 3660 format
3164 3603 3458 3679 imaginem

1892 3682 2168 3736 cmlestcm
2204 3684 2258 3737 in
2289 3685 2532 3740 homine.

1962 3773 2050 3826 ΙΙΙ.
2089 3773 2242 3827 Sicut
2268 3775 2434 3844 igitur
2459 3777 2715 3833 formavit
2752 3780 2892 3851 ignis
2916 3798 3043 3838 vasa
3080 3800 3270 3852 aurea,
3298 3796 3354 3843 et
3378 3790 3461 3843 fa-

1892 3872 2038 3916 ctum
2069 3873 2152 3918 est
2183 3865 2389 3920 idolum
2418 3884 2432 3921 :
2468 3867 2543 3923 ita
2563 3884 2781 3939 quoque
2798 3870 3081 3937 Dominus,
3099 3876 3193 3944 qui
3218 3877 3462 3933 imitatur

1892 3952 2133 4008 fidelium
2162 3972 2227 4010 ac
2269 3958 2482 4026 piarum
2515 3961 2820 4013 animarum
2851 3962 3202 4030 intentiones,
3260 3983 3324 4022 ac
3360 3985 3461 4037 pro

1890 4046 2169 4101 voluntate
2208 4064 2394 4103 earum
2432 4050 2630 4105 format
2656 4052 2943 4122 imaginem
2964 4094 2979 4120 ,
3010 4072 3131 4125 qua:
3164 4074 3311 4113 nunc
3332 4061 3462 4129 qui-

1891 4138 2013 4192 dem
2040 4140 2095 4193 in
2125 4142 2303 4194 anima
2338 4150 2439 4201 est.
2478 4144 2607 4198 etin
2634 4148 3035 4201 resurrectione
3072 4150 3313 4205 exterius
3365 4168 3460 4221 ap-

1890 4231 2135 4297 parebit;
2156 4239 2211 4285 et
2233 4233 2497 4300 glorificat
2530 4250 2758 4302 corpora
2790 4236 3008 4290 illorum
3033 4237 3182 4293 intus
3208 4248 3263 4292 et
3283 4250 3457 4297 extra.

1890 4321 2087 4375 Verum
2118 4322 2502 4391 sicutcorpora
2520 4326 2737 4377 illorum
2762 4336 3026 4395 corrupta
3046 4337 3172 4382 sunt
3198 4330 3289 4383 illo
3322 4340 3459 4385 tent-

1889 4426 2042 4479 pore,
2072 4420 2284 4465 mortua
2307 4424 2361 4467 et
2390 4414 2659 4469 dissoluta
2690 4432 2703 4468 :
2743 4416 2823 4469 sic
2860 4432 3079 4487 quoque
3100 4421 3459 4488 cogitationes

226 4511 333 4562 εἰσὶ
361 4510 457 4563 καὶ
486 4512 534 4562 οί
564 4511 810 4580 λογισμοί
837 4528 997 4564 τινων
1016 4510 1121 4564 ὑπὸ
1140 4510 1234 4563 τοῦ
1267 4512 1480 4564 Σατανᾶ
1518 4511 1791 4581 ἐφθαρμέ-
1822 4506 1864 4559 D
1894 4518 1911 4555 ί

1773 4542 1791 4551 -
1822 4506 1864 4559 D
1894 4504 2258 4570 quorumdam
2288 4520 2318 4557 a
2351 4504 2551 4559 Satana
2592 4516 2720 4559 sunt
2741 4517 3015 4576 corruptae
3043 4518 3098 4562 et
3128 4521 3357 4566 mortua:
3390 4530 3458 4568 nc

227 4615 327 4661 νοι,
359 4600 453 4651 καὶ
474 4600 660 4669 νεκροὶ
682 4600 788 4653 ἀπὸ
816 4601 912 4667 τῆς
960 4601 1124 4670 ζωῆς,
1187 4602 1281 4652 καὶ
1337 4601 1671 4668 κεχωσμένοι
1713 4602 1793 4662 εἰς

230 4690 492 4758 βόρϐορον
525 4691 618 4742 καὶ
662 4691 802 4759 γῆν·
855 4691 1104 4744 ἀπώλετο
1152 4693 1259 4760 γὰρ
1312 4692 1489 4745 αὐτῶν
1540 4695 1571 4760 ὴ
1625 4692 1787 4759 ψυχή.

230 4782 447 4852 Ὠσπερ
476 4778 569 4834 οὖν
595 4783 643 4833 οί
678 4782 1007 4852 Ἰσραηλῖται
1059 4782 1250 4834 ἔϐαλον
1282 4781 1349 4834 τὰ
1394 4784 1571 4851 χρυσᾶ
1624 4783 1792 4851 σκεύη

226 4878 306 4936 είς
354 4875 417 4927 τὸ
446 4874 579 4943 πῦρ,
604 4874 695 4926 καὶ
718 4873 935 4941 ἐγένετο
966 4870 1201 4936 είδωλον,
1231 4871 1372 4923 οὓτω
1403 4870 1497 4923 νῦν
1525 4872 1647 4932 τοὺς
1696 4889 1794 4922 κα-

227 4964 430 5035 θαροὺς
454 4962 745 5031 λογισμοὺς
773 4961 865 5013 καὶ
911 4958 1109 5020 καλοὺς
1158 4958 1398 5009 ἐπέδωκε
1454 4958 1521 5025 τῇ
1572 4957 1737 5024 κακίᾳ
1766 4957 1793 5006 ὁ

226 5055 533 5124 ἄνθρωπος,
559 5053 653 5107 καὶ
709 5048 1133 5119 κατεχώσθησαν
1177 5049 1255 5109 είς
1283 5047 1372 5099 τὸν
1411 5044 1667 5116 βόρϐορον
1696 5046 1793 5111 τῆς

224 5144 522 5215 ἁμαρτίας,
580 5145 674 5197 καὶ
728 5142 978 5209 ἐγένοντο
1004 5137 1241 5191 εἴδωλον.
1296 5136 1405 5188 Καὶ
1456 5135 1570 5195 πῶς
1597 5151 1677 5195 τις
1709 5135 1793 5184 ἵνα

225 5236 424 5297 αὐτοὺς
443 5233 660 5304 ἐξεύρῃ,
688 5236 781 5286 καὶ
807 5230 1080 5300 διακρίνῃ,
1106 5229 1200 5281 καὶ
1223 5227 1426 5298 ἐκϐάλῃ
1453 5227 1517 5277 ἐκ
1542 5223 1634 5277 τοῦ
1665 5224 1791 5276 ἰδίου

226 5326 436 5397 πυρός;
500 5321 599 5378 ὦδε
654 5324 845 5395 λύχνου
898 5322 1079 5377 θεῖκοῦ
1138 5320 1325 5389 χρείαν
1372 5317 1484 5387 ἔχει
1535 5319 1567 5385 ἠ
1621 5316 1786 5383 ψυχὴ,

226 5420 543 5489 Πνεύματος
578 5419 733 5485 ἁγίου
783 5416 877 5469 τοῦ
912 5412 1241 5485 κοσμοῦντος
1269 5411 1359 5463 τὸν
1410 5408 1789 5477 ἐσκοτισμένον

223 5506 393 5573 οἷκον,
420 5509 512 5560 τοῦ
528 5507 789 5575 φωτεινοῦ
830 5507 1012 5559 ⁹Ιίλιῖου
1038 5505 1139 5574 τῆς
1170 5499 1531 5569 δικαιοσύνης,
1557 5497 1649 5549 τοῦ
1682 5516 1791 5565 φω-

222 5599 464 5662 τεζοντος
515 5598 610 5651 καὶ
660 5597 1037 5659 ἀνατέλλοντος
1087 5596 1168 5656 είς
1197 5592 1295 5660 τὴν
1340 5588 1587 5660 καρδίαν,
1623 5587 1786 5639 ὅπλου

221 5692 412 5763 χρείαν
441 5694 551 5761 ἔχει
574 5692 666 5747 τοῦ
694 5691 948 5753 νικῶντος
969 5690 1058 5743 τὸν
1081 5689 1333 5773 πόλεμον.

292 5804 310 5831 ⁸
333 5803 467 5857 Dan.
500 5817 578 5864 ιιι,
606 5801 687 5855 l9.
766 5802 786 5832 ⁵
811 5801 943 5854 ibid.

551 5895 827 5957 Parnon.
865 5897 978 5955 Gn.
1010 5895 1295 5955 XXXll’.

1891 4594 2096 4656 vivant.
2131 4604 2187 4648 et
2216 4595 2444 4649 defossae
2476 4599 2530 4648 in
2562 4597 2733 4649 lutum
2755 4605 2810 4650 et
2842 4607 3041 4652 terram
3077 4617 3090 4652 :
3122 4601 3287 4669 periit
3310 4603 3458 4655 enim

1892 4686 2111 4737 illorum
2177 4687 2375 4740 anima.
2446 4688 2914 4751 Quemadmodum
2986 4691 3151 4759 igitur
3202 4692 3459 4747 lsraelitaa

1893 4776 2250 4842 coniecerunt
2306 4790 2467 4829 aurea
2503 4791 2628 4830 vasa
2671 4778 2726 4830 in
2763 4779 2966 4847 ignem.
3013 4790 3068 4833 et
3118 4780 3319 4835 factum
3374 4791 3460 4835 est

1895 4864 2099 4917 idolum
2140 4881 2153 4917 :
2184 4866 2262 4919 sic
2289 4880 2436 4918 nunc
2470 4882 2633 4934 puras
2673 4876 2729 4920 et
2758 4867 2926 4920 bonas
2966 4868 3324 4936 cogitationes
3354 4877 3464 4923 tra-

1895 4954 2034 5007 didit
2062 4956 2225 5007 homo
2250 4955 2489 5019 malitiae,
2519 4972 2641 5024 qua:
2673 4956 2883 5010 obruta:
2911 4957 3026 5009 luto
3064 4958 3306 5025 peccati,
3334 4957 3458 5011 ido-

1891 5046 2003 5099 lum
2040 5046 2195 5100 facta:
2238 5054 2382 5099 sunt.
2418 5047 2485 5099 At.
2508 5048 2782 5116 quomodo
2834 5047 3103 5115 quispiam
3140 5048 3259 5102 illas
3285 5050 3455 5117 possit

1892 5138 2160 5201 invenire,
2200 5138 2513 5191 discernere
2576 5148 2628 5191 et
2668 5139 2909 5193 educere
2965 5155 2995 5193 e
3034 5141 3257 5209 proprio
3296 5139 3463 5209 igne?

1892 5224 1993 5277 llic
2035 5225 2259 5277 lucerna
2292 5224 2476 5278 divina
2511 5240 2645 5293 opus
2691 5226 2855 5279 habet
2887 5227 3087 5290 anima,
3137 5227 3346 5296 Spiritu
3375 5228 3462 5283 vi-

1894 5314 2094 5370 delicet
2128 5325 2340 5378 sancto,
2370 5318 2463 5385 qui
2496 5326 2723 5371 exornet
2751 5316 3163 5371 obtenebratam
3196 5319 3455 5384 domum;

1890 5414 1946 5460 et
1970 5408 2263 5475 splendido
2294 5408 2418 5462 Sole
2446 5408 2697 5479 justitite,
2719 5410 2811 5477 qui
2844 5409 3117 5464 illuminet
3154 5418 3208 5464 et
3249 5410 3459 5463 oriatur

1890 5497 1943 5549 in
1974 5498 2169 5562 corde;
2211 5499 2377 5551 armis
2403 5514 2619 5568 quoque
2649 5514 2786 5567 Opus
2810 5499 2992 5553 habet.
3022 5499 3221 5569 quibus
3264 5499 3463 5554 evadat

1891 5586 1944 5639 in
1978 5588 2119 5641 bello
2139 5591 2413 5655 superior.

3040 5884 3114 5943 18
