4266 6356
797 385 895 447 547

2030 384 2089 442 S.
2132 384 2451 445 MACARII
2494 382 2813 443 IEGYPTII

3941 367 4053 433 548

867 493 953 548 ιν.
987 490 1100 545 Illic
1120 490 1267 545 enim
1294 488 1479 554 vidua,
1508 504 1629 558 qua:
1650 487 1966 557 perdiderat
1992 489 2307 545 drachmam
2328 492 2367 544 ἐ
2400 494 2448 552 Α
2544 531 2552 543 .

2361 508 2367 544 :
2400 494 2448 552 Α
2544 491 2615 546 Δ’.
2648 490 2755 543 Καὶ
2777 490 2885 559 γάρ
2909 488 3072 557 ὲκεῖή
3093 485 3236 555 χήρα
3259 484 3292 552 ὴ
3316 481 3628 535 ἀπολέσασα
3649 480 3747 551 τὴν
3766 478 4046 550 δραχμὴν,

798 584 1035 652 primum
1070 579 1321 636 accendit
1363 580 1644 635 lucernam
1668 619 1682 643 ,
1722 588 1906 649 postea
1932 580 2250 634 emundavit
2280 582 2378 635 do-

799 691 946 729 mum
980 675 1203 743 :sicque
1259 682 1491 743 purgata
1521 672 1707 735 domo,
1743 686 2082 741 accensaque
2131 674 2374 737 lucerna,

800 768 1020 820 inventa
1060 774 1143 819 est
1171 764 1452 828 drachma,
1477 763 1737 816 sordibus
1776 773 1939 832 atque
1984 766 2298 831 impuritate
2322 774 2378 818 et

803 867 947 909 terra
981 854 1211 918 obruta;
1269 867 1461 906 verum
1492 852 1673 905 anima
1724 867 1830 905 non
1876 860 2055 922 potest
2085 868 2114 906 a
2163 870 2220 907 se
2263 855 2377 924 ipsa

804 946 1131 1015 investigare
1152 945 1402 1015 proprias
1413 944 1787 1013 cogitationes,
1812 959 2013 1012 easque
2035 943 2374 999 discernere;

804 1037 899 1091 sed
944 1052 1067 1089 cum
1113 1049 1341 1088 accensa
1364 1033 1469 1087 fuit
1502 1035 1725 1088 lucerna
1750 1033 1954 1099 divina,
1991 1044 2122 1089 tunc
2170 1035 2263 1089 lux
2293 1044 2379 1091 est

802 1130 856 1182 in
895 1127 1135 1181 tenebris
1158 1126 1398 1180 obducta
1428 1126 1619 1189 domo;
1666 1134 1722 1178 et
1744 1133 1873 1178 tunc
1902 1126 2048 1179 videt
2086 1127 2376 1196 cogitatio-

800 1236 899 1273 nes
919 1234 1065 1282 suas,
1091 1218 1366 1287 quomodo
1396 1218 1507 1271 sint
1536 1216 1747 1270 obruta:
1784 1217 2101 1285 impuritate
2138 1226 2195 1273 et
2218 1233 2376 1273 emno

802 1312 1009 1379 peccati
1043 1328 1057 1361 :
1088 1310 1265 1363 oritur
1319 1309 1422 1372 sol,
1480 1316 1536 1363 et
1560 1318 1675 1363 tum
1734 1308 1995 1377 perspicit
2048 1310 2231 1363 anima
2285 1310 2369 1364 sui

805 1404 1126 1465 interitum,
1188 1410 1350 1470 atque
1397 1401 1591 1470 incipit
1656 1416 1915 1455 revocare
1970 1402 2371 1470 cogitationes,

806 1489 1061 1543 sordibus
1088 1499 1143 1541 ct
1165 1488 1415 1556 squalore
1442 1488 1748 1555 permistas.
1781 1487 2025 1541 Perdidit
2058 1488 2203 1541 enim
2238 1489 2376 1542 ima-

807 1582 985 1651 ginem
1016 1596 1167 1633 suam
1193 1580 1370 1633 anima
1392 1618 1408 1643 ,
1440 1593 1561 1647 qua:
1595 1578 1910 1631 mandatum
1942 1580 2038 1632 Dei
2072 1588 2377 1649 transgres-

807 1689 864 1725 sa
895 1682 995 1726 est.

881 1767 941 1817 V.
974 1763 1206 1818 Perinde
1237 1779 1299 1818 ac
1326 1764 1371 1817 si
1403 1764 1527 1832 quis
1560 1776 1652 1816 rex
1678 1764 1770 1826 sit,
1794 1764 1886 1832 qui
1917 1763 2057 1816 bona
2087 1773 2140 1817 et
2180 1778 2369 1817 servos

810 1857 911 1910 sub
946 1872 1003 1910 se
1032 1856 1250 1919 habeat,
1289 1856 1392 1909 sibi
1440 1856 1815 1909 ministrantes
1848 1873 1860 1907 :
1895 1855 2372 1923 contingatautem

812 1948 958 2000 hunc
980 1946 1047 1999 ab
1073 1946 1308 2000 inimicis
1338 1946 1797 2014 comprehensum
1824 1946 2099 2015 captivum
2122 1946 2322 2000 abduci
2361 1966 2375 2000 :

811 2054 877 2091 eo
909 2045 1067 2106 capto
1108 2046 1329 2091 ctextra
1365 2038 1626 2090 terminos
1652 2038 1899 2106 abrepto,
1932 2038 2120 2106 utique
2162 2047 2380 2106 oportet

812 2142 999 2179 servos
1020 2136 1075 2180 et
1104 2127 1384 2179 ministros
1410 2142 1439 2179 a
1462 2136 1610 2195 tergo
1639 2126 1788 2179 illum
1820 2127 1975 2195 sequi
2015 2144 2028 2179 :
2058 2127 2137 2181 sic
2162 2144 2380 2197 quoque

812 2218 981 2271 Adam
1006 2218 1257 2272 conditus
1272 2225 1353 2271 est
1383 2232 1551 2286 purus
1574 2232 1603 2270 a
1633 2218 1743 2271 Deo
1765 2218 1819 2270 in
1840 2218 1957 2287 ejus
1976 2219 2337 2273 ministerium
2365 2238 2379 2273 :

812 2308 921 2378 40
940 2307 1021 2360 ha:
1044 2322 1174 2360 vero
1206 2318 1472 2361 creaturae
1500 2308 1567 2361 ad
1598 2308 1944 2363 serviendum
1969 2309 2019 2363 ei
2056 2309 2194 2363 data:
2221 2321 2379 2365 sunt:

817 2399 1079 2451 Dominus
1108 2398 1253 2451 enim
1282 2408 1337 2451 ct
1369 2414 1461 2451 rex
1490 2400 1821 2454 constitutus
1843 2408 1927 2453 est
1950 2399 2198 2453 omnium
2226 2415 2383 2454 erea-

820 2494 1087 2539 turarum.
1124 2485 1323 2539 Verum
1346 2495 1633 2555 postquam
1667 2502 1850 2541 sermo
1892 2487 2175 2556 improbus
2207 2488 2273 2541 ad
2320 2488 2385 2541 il-

818 2579 932 2630 lum
963 2578 1227 2645 pervenit,
1258 2586 1312 2630 et
1350 2591 1474 2630 eum
1508 2592 1574 2630 eo
1602 2586 1957 2631 conversatus
1989 2587 2091 2641 est,
2122 2578 2237 2646 ipse
2270 2579 2385 2646 pri-

822 2683 970 2720 mum
1036 2667 1221 2721 auditu
1284 2668 1541 2721 exteriori
1597 2668 1835 2737 suscepit
1894 2683 2046 2733 cum,
2094 2668 2293 2723 deinde
2341 2669 2388 2723 is

823 2760 1126 2829 penetravit
1147 2760 1204 2815 in
1238 2777 1333 2816 eor
1374 2764 1513 2832 ejus,
1540 2772 1595 2817 et
1625 2777 1840 2816 omnem
1869 2764 1987 2833 ejus
2022 2764 2386 2816 substantiam

824 2853 1113 2921 occupavit
1150 2860 1243 2907 :et
1275 2854 1348 2906 ita
1386 2853 1605 2907 tandem
1633 2862 1792 2922 capto
1818 2854 1929 2917 illo,
1977 2863 2131 2923 capta
2168 2871 2387 2924 quoque

824 2952 925 3009 est,
965 2960 1085 3013 qua:
1119 2944 1465 2998 ministrabat
1493 2954 1547 2998 et
1590 2946 2067 3009 subserviebatei,
2117 2954 2385 2999 creatura.

828 3038 931 3089 Per
966 3052 1092 3089 eum
1124 3036 1271 3090 enim
1308 3036 1595 3105 imperium
1630 3035 1869 3090 obtinuit
1898 3052 2045 3090 mors
2084 3052 2247 3105 super
2276 3052 2394 3090 om-

2480 582 2693 649 πρῶτον
2714 577 2818 651 ἧψε
2841 580 2931 632 τὸν
2961 578 3172 647 λύχνον,
3200 571 3319 627 εἶτα
3345 574 3615 642 ἐκόσμησε
3648 572 3739 624 τον
3758 568 3928 636 οἶκον,
3954 574 4053 624 καὶ

2478 672 2620 724 οὑτω
2652 670 3016 740 κοσμηθέντος
3038 666 3131 720 τοῦ
3162 667 3333 729 οἴκου,
3366 666 3456 718 καὶ
3488 666 3581 717 τοῦ
3625 664 3819 734 λύχνου
3844 665 4050 732 ἀφθένο

2479 780 2589 825 τος,
2619 762 2813 831 εὑρέθη
2843 762 2877 830 ἡ
2904 758 3122 830 δραχμὴ
3160 758 3219 810 ἐν
3247 759 3313 826 τῇ
3340 756 3549 826 κόπρῳ,
3586 756 3679 823 καὶ
3706 758 3767 807 ἐν
3804 757 3870 825 τῇ
3906 755 4052 808 dua-

2480 853 2697 923 θαρσίᾳ,
2728 853 2821 905 καὶ
2851 855 2917 921 τῇ
2957 854 3027 921 γῇ
3059 850 3401 919 κεχωσμένη.
3442 849 3552 902 Καὶ
3609 847 3705 900 νῦν
3730 849 3761 916 ὴ
3787 846 3935 917 ψυχὴ
3987 848 4051 899 οὑ

2480 943 2701 995 δύναται
2729 943 2820 1010 ἀφ’
2853 943 3051 1009 ἐαυτῆς
3091 942 3271 1010 εὑρεῖν
3294 941 3420 1001 τοὺς
3459 939 3618 1001 ίδίους
3660 939 4053 1007 διαλογισμοὺς

2479 1034 2649 1102 αὐτῆς
2673 1034 2764 1086 καὶ
2788 1032 3042 1103 χωρίσαι,
3069 1031 3180 1083 ἀλλ’
3203 1032 3330 1083 ὅταν
3353 1029 3497 1098 ἀφθῇ
3526 1031 3553 1082 6
3572 1028 3763 1098 λύχνος
3787 1031 3814 1080 6
3842 1027 4051 1090 θεῖκὸς,

2479 1123 2641 1176 ἅπτει
2692 1125 2772 1186 είς
2806 1122 2899 1176 τὸν
2939 1121 3322 1191 ἐσκοτισμένον
3370 1115 3538 1185 οἷκον,
3570 1124 3663 1175 καὶ
3693 1124 3813 1174 τότε
3857 1121 4053 1190 βλέπει

2478 1213 2604 1276 τοὺς
2620 1214 2909 1281 λογισμοὺς
2935 1213 3125 1281 αὑτῆς,
3154 1212 3267 1275 πῶς
3298 1214 3403 1265 είσι
3450 1214 3786 1282 κεχωσμένοι
3845 1215 3925 1275 είς
3950 1213 4054 1283 τὴν

2480 1309 2821 1379 ἀκαθαρσίαν
2872 1312 2967 1362 καὶ
3004 1310 3096 1363 τὸν
3141 1308 3400 1377 βόρϐορον
3453 1310 3549 1376 τῆς
3576 1310 3883 1377 ἁμαρτίας·
3916 1310 4055 1361 ἀνα-

2478 1400 2652 1452 τέλλει
2675 1400 2887 1469 ὀῆλιος,
2916 1400 3007 1454 καὶ
3029 1399 3146 1452 τότε
3179 1399 3364 1467 βλέπει
3398 1402 3429 1468 ἡ
3465 1400 3609 1469 ψυχὴ
3654 1401 3752 1468 τὴν
3775 1399 4055 1451 ἀπώλειαν

2479 1491 2667 1560 αὐτῆς,
2698 1492 2789 1543 καὶ
2814 1491 3040 1560 ἄρχεται
3072 1492 3456 1544 ἀνακαλεῖσθαι
3492 1492 3615 1551 τοὺς
3663 1494 3719 1541 ἐν
3762 1494 3827 1559 τῇ
3858 1492 4057 1560 κόπρῳ

2480 1582 2574 1633 καὶ
2600 1582 2843 1651 ῥυπαρία
2889 1583 3369 1652 ἀναμεμιγμένους
3407 1582 3722 1649 λογισμούς.
3772 1582 4055 1632 Ἀπώλεσε

2478 1673 2586 1743 γὰρ
2615 1674 2712 1741 τὴν
2743 1672 2925 1724 εἰκόνα
2952 1674 3171 1742 αὑτῆςή
3200 1674 3342 1742 ψυχὴ
3362 1674 3657 1742 παραῆἅσα
3678 1673 3776 1741 τὴν
3802 1672 4051 1739 ἐντολήν.

2549 1762 2622 1816 Ε’.
2658 1764 2866 1833 Ὠσπερ
2904 1761 3055 1834 ἐάνῇ
3103 1781 3185 1826 τις
3221 1764 3493 1832 βασιλεὺς,
3540 1764 3634 1816 καὶ
3671 1763 3768 1832 ἔχῃ
3816 1761 4057 1830 ὕπαρξιν

2483 1854 2576 1907 καὶ
2606 1853 2884 1915 διακόνους
2920 1853 3009 1920 ὑφ’
3037 1855 3227 1906 ἑαυτὸν
3257 1856 3380 1916 τοὺς
3425 1853 3829 1926 ὑπηρετοῦντας
3856 1854 4010 1920 αὑτῷ
4036 1868 4052 1881 ·

2488 1946 2669 2015 συμδῇ
2726 1946 2783 1997 δέ
2820 1944 3003 1997 τοῦτον
3042 1946 3146 1997 ὑπὸ
3185 1946 3292 1997 τῶν
3341 1944 3550 2014 ἐχθρῶν
3603 1943 4054 2014 παραληφθῆναι,

2484 2035 2578 2087 καὶ
2634 2035 3155 2104 αἰχμαλωτισθῆναι,
3214 2036 3406 2088 τούτου
3467 2033 3917 2104 παραληφθέντος
3957 2035 4057 2086 καὶ

2485 2128 2870 2197 ἐξορισθέντος,
2900 2127 3111 2198 ἀνάγκη
3152 2127 3247 2180 καὶ
3280 2127 3405 2188 τοὺς
3446 2124 3727 2186 διακόνους
3762 2124 3931 2177 αὑτοῦ
3959 2124 4058 2176 καὶ

2486 2221 2761 2290 ὑπηρέτας
2783 2220 2954 2271 ὀπίσω
2975 2219 3138 2271 αὑτοῦ
3160 2218 3471 2271 ἀκολουθεῖν
3496 2233 3509 2244 ·
3540 2214 3681 2268 οῦτω
3705 2215 3799 2268 καὶ
3819 2217 3847 2267 6
3879 2214 4058 2281 Ἀδὰμ

2485 2312 2709 2380 ἐκτίσθη
2736 2311 2975 2380 καθαρὸς
3012 2311 3117 2363 ὑπὸ
3149 2310 3244 2363 τοῦ
3270 2309 3405 2361 Θεοῦ
3435 2310 3511 2370 είς
3540 2307 3813 2360 διακονίαν
3856 2306 4054 2371 αὑτοῦ,

2488 2404 2585 2454 καὶ
2615 2403 2783 2456 ταῦτα
2825 2404 2891 2456 td
2919 2404 3191 2472 κτίσματα
3214 2405 3291 2465 εἰς
3325 2400 3626 2471 ὑπηρεσίαν
3657 2398 3804 2467 αὐτῷ
3856 2398 4015 2470 ἐαοη
4036 2411 4054 2428 ⁸

2488 2494 2691 2563 Κύριος
2719 2495 2823 2564 γὰρ
2853 2494 2945 2545 καὶ
3003 2494 3254 2563 βασιλεὺς
3311 2492 3616 2564 κατεστάθη
3672 2494 3891 2546 πάντων
3942 2492 4060 2545 τῶν

2490 2585 2824 2653 κτισμάτων·
2860 2584 2972 2637 ἀλλ’
3007 2584 3065 2649 ἐξ
3091 2579 3150 2636 οῦ
3185 2588 3212 2637 6
3237 2585 3389 2653 λόγος
3426 2587 3453 2636 6
3488 2582 3718 2653 πονηρδς
3748 2582 4063 2651 προσῆλθεν

2492 2677 2661 2745 αὐτῷ,
2692 2679 2786 2728 καὶ
2836 2677 3273 2746 προσωμίλησεν,
3319 2675 3475 2737 αὑτὸς
3519 2674 3783 2744 πρότερον
3833 2673 3922 2725 διά
3959 2672 4064 2740 τῆς

2492 2767 2686 2829 ἔξωθεν
2720 2769 2889 2835 ἀκοῆς
2925 2768 3219 2833 ὑπεδέξατο
3250 2767 3434 2830 αὑτδν,
3470 2761 3590 2818 εἶτα
3634 2764 3848 2833 διῆλθεν
3890 2764 4065 2815 αὑτοῦ

2490 2856 2577 2907 διὰ
2608 2858 2705 2923 τῆς
2763 2858 3013 2925 καρδίας,
3060 2857 3154 2909 καὶ
3196 2856 3460 2923 κατέσχεν
3520 2853 3684 2907 αὐτοῦ
3730 2855 3915 2905 πᾶσαν
3964 2856 4066 2921 τὴν

2494 2946 2785 2997 ὑπόστασιν
2806 2963 2818 2975 ·
2859 2948 2952 2998 καὶ
2977 2947 3119 2997 οὑτω
3146 2945 3329 2997 λοιπὸν
3384 2945 3548 2997 αὑτοῦ
3586 2942 4061 3013 παραληφθέντος,

2497 3037 2925 3107 συμπαρελήφθη
2977 3038 3071 3090 καὶ
3127 3040 3159 3105 ὴ
3198 3036 3519 3090 διακονοῦσα
3567 3036 3661 3088 καὶ
3714 3034 4067 3105 ὑπηρετοῦσα

829 3143 951 3181 nem
1000 3128 1348 3192 animam,et
1404 3128 1628 3182 omnino
1678 3128 1967 3197 imaginem
2019 3128 2146 3183 Adae
2191 3130 2461 3212 delevitC
2496 3146 2514 3179 ε

2383 3140 2393 3184 ι
2418 3151 2461 3212 C
2496 3128 2642 3197 αὑτῷ
2672 3129 2869 3195 κτίσις,
2897 3129 2976 3181 Δι’
3000 3128 3162 3181 αὑτοῦ
3196 3128 3304 3199 γὰρ
3324 3129 3414 3179 ἐπὶ
3437 3129 3617 3180 πᾶσαν
3660 3126 3837 3197 ψυχὴν
3878 3124 4068 3179 ἐϐασί-

829 3230 1049 3288 pr0pter
1068 3220 1186 3289 ejus
1214 3219 1663 3283 inobedientiam,
1705 3220 1841 3273 adeo
1869 3230 1927 3273 ut
1956 3223 2203 3275 conversi
2230 3229 2393 3291 atque

831 3308 1066 3376 prolapsi
1094 3308 1205 3361 sint
1234 3307 1485 3361 homines
1508 3308 1574 3361 ad
1598 3308 1905 3361 adorandos
1934 3309 2227 3361 dazmones.
2256 3309 2396 3363 Ecce

831 3400 976 3449 enim
1020 3396 1233 3451 fructus
1287 3404 1467 3459 teme,
1506 3397 1688 3465 quiin
1742 3397 1944 3450 bonum
1995 3412 2151 3450 usum
2201 3414 2231 3451 a
2286 3398 2399 3451 Deo

833 3488 1001 3542 creati
1036 3497 1181 3551 sunt,
1214 3487 1521 3541 offeruntur
1550 3488 1908 3540 dmmonibus.
1944 3489 2165 3550 Panem,
2213 3488 2399 3542 vinum

834 3590 889 3633 et
918 3580 1096 3633 oleum
1122 3580 1357 3633 offerunt
1390 3579 1656 3633 altaribus
1686 3594 1899 3641 eorum,
1935 3587 1990 3632 et
2018 3578 2271 3632 animalia
2302 3581 2403 3633 im-

836 3674 1065 3733 ponunt.
1117 3666 1221 3719 Sed
1261 3682 1367 3720 non
1406 3667 1521 3720 haec
1548 3676 1792 3731 tantum;
1852 3667 1943 3720 sed
1983 3666 2123 3721 ﬁlios
2150 3668 2315 3722 etiam
2346 3679 2402 3723 et

838 3756 973 3812 ﬁlias
998 3756 1349 3811 immolarunt
1374 3757 1672 3811 daemoniis.

913 3936 995 3989 VI.
1029 3936 1142 3991 Hoc
1172 3936 1335 4006 igitur
1357 3946 1600 4006 tempore
1630 3938 1722 3992 ille
1742 3980 1755 4003 ,
1783 3940 1877 4007 qui
1909 3940 2167 3993 formavit
2202 3954 2402 4008 corpus

840 4035 893 4079 et
923 4026 1179 4090 animam,
1226 4027 1339 4094 ipse
1374 4027 1558 4094 prodit
1607 4037 1663 4081 et
1710 4028 1959 4082 dissolvit
1992 4044 2152 4083 omne
2185 4030 2403 4084 institu-

843 4128 955 4170 tum
998 4118 1120 4170 mali
1154 4117 1435 4181 daemonis,
1464 4134 1525 4171 ac
1553 4134 1716 4187 opera
1752 4120 1871 4187 ejus
1896 4120 1950 4173 in
1979 4122 2401 4189 cogitationibus

842 4217 1183 4273 constructa;
1209 4217 1261 4260 et
1293 4218 1512 4261 renovat
1539 4216 1703 4276 atque
1737 4208 1935 4261 format
1974 4210 2261 4279 imaginem
2296 4227 2404 4266 cm-

846 4303 1055 4363 lestem,
1095 4309 1149 4354 et
1204 4299 1392 4353 condit
1418 4316 1612 4353 novam
1640 4301 1898 4365 animam,
1931 4311 1989 4355 ut
2018 4303 2191 4356 Adam
2222 4305 2403 4358 denuo

848 4391 938 4443 ﬁat
967 4406 1059 4443 rex
1084 4391 1345 4443 mortiset
1360 4390 1614 4443 dominus
1640 4394 2188 4447 creaturarum.Etin
2214 4398 2404 4449 umbra

2496 3218 2726 3270 λευσενὸ
2760 3218 3006 3285 θάνατος,
3039 3220 3130 3271 καὶ
3162 3221 3341 3272 πᾶσαν
3370 3219 3554 3271 είκόνα
3581 3218 3677 3271 τοῦ
3713 3218 3885 3287 ’Δδὰμ
3921 3220 4068 3287 ἠφά-

2494 3324 2639 3360 νισεν
2664 3308 2728 3360 ἐκ
2760 3308 2859 3375 τῆς
2889 3310 3099 3361 ἐκείνου
3133 3312 3437 3379 παρακοῆς,
3459 3309 3601 3361 ὥστε
3642 3309 3917 3379 τραπῆναι
3943 3312 4069 3371 τοῦς

2497 3399 2835 3468 ἀνθρώπους,
2871 3401 2966 3452 καὶ
2999 3400 3176 3453 ἐλθεῖν
3223 3403 3305 3465 είς
3348 3400 3721 3469 προσκύνησιν
3771 3399 4065 3468 δαιμόνων.

2511 3486 2639 3538 Ἰδοὺ
2666 3486 2773 3556 γάρ
2804 3488 2851 3539 οί
2888 3488 3093 3558 καρποὶ
3126 3488 3227 3557 τῆς
3260 3488 3363 3557 γῆς
3387 3490 3435 3540 οί
3473 3487 3578 3540 ὑπὸ
3623 3486 3716 3540 τοῦ
3772 3486 3906 3541 Θεοῦ
3946 3505 4069 3541 κτι-

2502 3574 2718 3637 σθέντες
2752 3576 2953 3638 καλῶς,
2980 3578 3382 3647 προσφέρονται
3417 3580 3530 3639 τοῖς
3564 3578 3833 3645 δαίμοσιν.
3864 3580 4071 3647 Ἄρτον

2500 3666 2595 3717 καὶ
2616 3660 2776 3729 οἶνον,
2810 3668 2903 3718 καὶ
2934 3666 3109 3719 ἔλαιον
3132 3668 3189 3718 ἐν
3213 3670 3321 3729 τοῖς
3364 3668 3565 3737 βωμοῖς
3587 3668 3788 3728 αὐτῶν,
3822 3670 3917 3720 καὶ
3954 3668 4071 3731 ζῶα

2501 3756 2837 3809 ἐπιτιθέασιν
2856 3773 2869 3787 ·
2901 3759 2962 3810 οὑ
3001 3758 3110 3827 μὴν
3132 3757 3269 3811 ἀλλά
3304 3759 3396 3810 καὶ
3419 3760 3546 3821 τοὺς
3571 3758 3718 3820 υἱοὺς
3748 3758 3950 3821 αὑτῶν,
3974 3760 4069 3811 καὶ

2499 3849 2595 3911 τὰς
2632 3848 2937 3917 θυγατέρας
2968 3846 3166 3900 εθυσαν
3200 3850 3309 3910 τοῖς
3343 3847 3663 3912 δαιμονίοις.

2572 3941 2660 4004 ς’.
2694 3938 2803 3991 Νῦν
2834 3934 2927 3991 οῦν
2956 3938 3115 4001 αὑτὸς
3138 3940 3167 3991 6
3202 3940 3413 4001 πλάσας
3436 3940 3496 3991 τὸ
3522 3938 3678 4009 σῶμα
3720 3940 3813 3992 καὶ
3846 3939 3943 4009 τὴν
3968 3940 4069 4008 ψυ-

2502 4030 2621 4099 χὴν,
2653 4029 2811 4093 αὑτὸς
2842 4028 3060 4099 ἔρχεται
3090 4031 3185 4082 καὶ
3210 4030 3415 4082 διαλύει
3465 4032 3647 4083 πᾶσαν
3675 4031 3772 4099 τὴν
3797 4032 4070 4100 ἀναστρο-

2504 4121 2608 4188 φὴν
2656 4118 2745 4170 τοῦ
2786 4120 3043 4187 πονηροῦ,
3086 4119 3179 4171 καὶ
3209 4119 3278 4171 td
3322 4120 3458 4189 ἔργα
3500 4120 3665 4173 αὑτοῦ
3696 4121 3763 4171 td
3787 4120 4070 4173 ἐπιτελοῦ-

2510 4226 2642 4277 μενα
2679 4210 2735 4259 ἐν
2763 4210 2874 4270 τοῖς
2905 4208 3206 4276 λογισμοῖς,
3251 4211 3345 4261 καὶ
3377 4210 3715 4273 ἀνακαινῖζει
3742 4212 3837 4263 καὶ
3868 4216 4072 4280 μορε,εοῖ

2506 4300 2687 4351 είκόνα
2722 4298 3060 4369 ἐπουράνιον,
3091 4300 3183 4351 καὶ
3237 4303 3379 4351 ποιεί
3405 4301 3599 4370 καινὴν
3639 4300 3837 4371 ψυχὴν,
3863 4303 3952 4355 Eva:
3978 4304 4072 4369 γέ·-

2506 4407 2661 4457 νηται
2695 4388 2856 4441 πάλιν
2887 4388 3134 4457 βασιλεὺς
3164 4390 3192 4439 6
3229 4390 3399 4457 Ἀδάμ
3430 4390 3523 4441 τοῦ
3552 4392 3803 4456 θανάτου,
3840 4393 3933 4444 καὶ
3961 4393 4075 4445 Κύ-

845 4480 1064 4547 quidem
1100 4480 1235 4547 legis
1279 4480 1455 4534 Moses
1496 4480 1871 4548 appellabatur
1916 4494 2159 4536 servator
2194 4484 2355 4540 Israel
2388 4506 2398 4540 :
2430 4482 2481 4539 D
2512 4498 2530 4549 ε

2388 4506 2398 4540 ε
2430 4482 2481 4539 D
2512 4498 2621 4549 ριος
2650 4480 2760 4532 τῶν
2780 4480 3114 4549 κτισμάτων.
3153 4480 3261 4532 Καὶ
3312 4482 3367 4531 ἐν
3411 4484 3475 4551 τῇ
3528 4484 3654 4551 σκιᾷ
3678 4483 3733 4533 δὲ
3771 4482 3865 4536 τοῦ
3904 4483 4073 4551 νόμου

845 4573 1031 4625 eduxit
1076 4574 1220 4625 enim
1259 4587 1351 4625 eos
1376 4588 1441 4626 ex
1470 4572 1722 4643 Egypto.
1756 4574 1846 4628 Sic
1879 4590 2094 4645 quoque
2142 4593 2287 4632 nunc
2310 4596 2404 4634 ve-

848 4680 939 4717 rus
971 4663 1302 4731 Redemptor
1350 4664 1601 4717 Christus
1648 4674 1895 4733 penetrat
1924 4667 2135 4721 occulta
2175 4671 2400 4734 animae,

847 4770 1075 4823 eamque
1114 4754 1262 4824 ejicit
1319 4770 1385 4808 ex
1412 4755 1699 4809 tenebrosa
1748 4756 1978 4828 Egypto
2004 4800 2017 4823 ,
2087 4762 2405 4829 gravissimo

845 4850 973 4915 jugo
995 4856 1048 4899 et
1078 4846 1214 4900 dura
1258 4847 1540 4899 servitute.
1598 4846 1847 4917 Praecipit
1890 4850 2055 4918 igitur
2096 4853 2293 4916 nobis,
2348 4865 2406 4908 ut

848 4936 1192 5006 egrediamur
1223 4952 1252 4990 e
1284 4936 1507 5001 mundo,
1536 4948 1590 4991 et
1624 4949 1997 5007 paupertatem
2024 4942 2405 5012 suscipiamus,

851 5028 1052 5081 relictis
1076 5028 1329 5081 omnibus
1376 5044 1495 5095 quae
1530 5029 1797 5093 videmus,
1826 5047 1927 5085 nec
1962 5032 2260 5088 habeamus
2309 5052 2408 5089 cu-

854 5134 965 5170 ram
994 5128 1290 5181 terrenam,
1316 5117 1408 5170 sed
1438 5128 1595 5171 nocte
1618 5118 1814 5187 dieque
1843 5120 1908 5173 ad
1927 5123 2147 5189 januam
2179 5132 2405 5190 stemus,

851 5218 905 5261 et
962 5216 1337 5275 exspectemus
1386 5208 1603 5275 quando
1658 5208 1919 5264 Dominus
1966 5215 2171 5279 aperiat
2224 5216 2405 5269 clausa

855 5299 1036 5363 corda,
1070 5308 1124 5353 et
1154 5299 1397 5351 effundat
1430 5300 1484 5351 in
1518 5316 1614 5353 nos
1644 5302 1845 5355 donum
1886 5302 2123 5371 Spiritus
2152 5308 2346 5359 sancti.

934 5564 1033 5616 VII.
1062 5564 1253 5624 Jussit.
1308 5579 1458 5631 ergo,
1510 5574 1564 5615 ut
1610 5567 1813 5619 relictis
1858 5582 2021 5619 auro.
2080 5578 2322 5635 argento.
2360 5584 2411 5619 Pl

927 5745 943 5769 ⁶
977 5742 1104 5795 Luc.
1140 5758 1225 5803 xv,
1260 5752 1309 5797 δ.

2513 4571 2749 4640 Μωῦσῆς
2800 4570 2988 4641 Σωτὴρ
3058 4570 3373 4623 ἐπεκαλεῖτο
3418 4571 3509 4622 τοῦ
3551 4570 3796 4642 Ἰσραήλ·
3852 4573 4075 4638 ἐξέϐαλε

2512 4662 2617 4731 γάρ
2651 4662 2845 4723 αὐτοὺς
2882 4660 2947 4712 ἐκ
2974 4662 3071 4730 τῆς
3092 4660 3388 4727 Αἰγύπτου.
3432 4662 3590 4715 Οῦτω
3638 4665 3732 4715 καὶ
3768 4664 3910 4716 νῦνό
3946 4666 4077 4733 ἀληο

2513 4753 2654 4814 θινὸς
2684 4753 2961 4821 λυτρωτὴς
2984 4752 3213 4821 Χριστὸς
3242 4752 3511 4822 διέρχεται
3541 4755 3620 4816 εἰς
3651 4754 3720 4807 td
3747 4754 3955 4824 κρύφιοι
3977 4757 4078 4825 τῆς

2512 4842 2706 4912 ψυχῆς,
2743 4843 2835 4893 καὶ
2883 4840 3130 4892 ἐκϐάλλει
3179 4844 3242 4893 ἐκ
3296 4843 3391 4909 τῆς
3442 4846 3721 4913 σκοτεινῆς
3772 4844 4077 4911 Αἰγύπτου,

2515 4935 2608 4987 τοῦ
2642 4933 2938 5003 βαρυτάτου
2972 4932 3159 4999 ζυγοῦ,
3187 4936 3279 4985 καὶ
3304 4934 3400 5001 τῆς
3427 4937 3630 5004 πικρᾶς
3656 4936 3919 4996 δουλείας.
3967 4938 4080 4990 Ἐν-

2515 5025 2757 5075 τέλλεται
2782 5017 2874 5075 οῦν
2902 5024 3055 5090 ἡμῖν,
3088 5022 3227 5074 ὥστε
3261 5024 3494 5088 ἐξελθεῖν
3525 5027 3587 5077 ἐκ
3613 5024 3705 5077 τοῦ
3728 5026 3959 5095 κόσμου,
3985 5029 4079 5080 καὶ

2516 5113 2824 5182 πτωχεῦσαι
2870 5112 2976 5163 ἀπὸ
3032 5112 3250 5164 πάντων
3298 5114 3405 5167 τῶν
3453 5116 3815 5185 φαινομένων,
3848 5118 3939 5170 καὶ
4005 5118 4079 5187 μὴ

2516 5204 2658 5273 ἔχειν
2713 5204 2982 5271 μέριμναν
3032 5203 3247 5271 γηῒνην,
3301 5204 3437 5255 ἀλλά
3493 5206 3685 5267 νυκτὸς
3735 5206 3829 5258 καὶ
3863 5207 4080 5276 ἡμέρας

2515 5295 2799 5361 ἐστηκέναι
2834 5294 2911 5353 είς
2952 5292 3049 5361 τὴν
3084 5293 3252 5361 θύραν
3274 5334 3287 5355 ,
3334 5294 3428 5347 καὶ
3459 5295 3851 5366 ἀπεκδέχεσθαι
3887 5299 4019 5349 πότε
4051 5298 4078 5348 6

2517 5386 2713 5454 Κύριος
2750 5384 2945 5448 ἀνοίξει
3001 5382 3099 5445 τὰς
3152 5384 3645 5454 συγκεκλεισμένας
3696 5386 3947 5457 καρδίας,
3987 5388 4079 5440 καὶ

2515 5481 2721 5546 ἐπιχεεί
2747 5480 2872 5547 ἡμῖν
2904 5476 3002 5546 τὴν
3035 5478 3241 5547 δωρεὰν
3272 5482 3365 5533 τοῦ
3401 5484 3556 5548 ἁγίου
3580 5483 3917 5552 Πνεύματος.

2589 5573 2653 5621 Z'.
2695 5568 2857 5623 Εἶπεν
2914 5570 3008 5625 οῦν
3040 5574 3254 5639 ἀφιέναι
3308 5575 3529 5643 χρυσὸν,
3573 5575 3829 5643 ἄργυρον,
3881 5576 4076 5643 σιγγέ-
