4266 6356
210 407 318 471 ὄιί9

1440 399 1806 465 HOMlLI/E.
1836 423 1902 434 —
1936 400 2120 462 HOM.
2162 400 2267 461 XI.

3353 401 3460 465 550

211 541 384 588 νειαν,
420 521 671 588 πωλῆσαι
705 519 772 573 τὰ
800 519 1138 589 ὑπάρχοντα,
1187 519 1282 573 καὶ
1334 517 1607 573 διαδοῦναι
1640 533 1783 571 πτω-
1814 521 1858 573 A
1888 534 1896 566 ι

1769 544 1783 556 -
1814 521 1858 573 Δ
1888 517 2133 585 cognatis
2158 556 2173 579 ,
2206 513 2509 571 vendamus
2560 511 2703 568 bona
2734 522 2939 573 nosu'u,
2978 520 3033 567 et
3064 510 3454 570 distribuamus

210 615 349 681 χοίς,
378 610 474 663 καὶ
499 608 858 680 θησαυρίζειν
887 606 1047 672 αὐτὰ,
1074 605 1169 659 καὶ
1201 604 1384 675 ζητεῖν
1420 605 1501 668 είς
1537 605 1665 666 τοὺς
1696 602 1787 657 οὐ·

210 701 411 772 ρανούς
431 717 445 732 ο
472 700 656 754 Ὅπου
707 698 819 767 γὰρ
852 699 885 751 ό
934 697 1237 765 θησαυρός
1269 712 1408 762 σου,
1442 693 1575 749 ἐκεῖ
1614 693 1788 748 ἔσται

208 794 309 847 καί
344 794 384 861 ἡ
409 791 622 859 καρδία
640 806 777 845 σου.
813 790 967 859 ’ῌδει
998 788 1108 857 γὰρ
1137 787 1168 840 ό
1187 786 1412 858 Κύριος,
1453 786 1537 839 ὅτι
1596 783 1754 839 ιντεῦ
1774 812 1787 823 -

211 885 305 936 θεν
331 885 359 937 ὁ
384 884 627 945 Σατανᾶς
655 881 926 950 κατισχίει
948 879 1057 932 τῶν
1090 878 1388 949 λογισμῶν,
1414 878 1508 932 τοῦ
1541 876 1785 947 καταφὲο

212 994 329 1049 ρειν
355 976 550 1037 αὐτοὺς
582 976 663 1036 είς
689 972 787 1043 τὴν
816 970 1072 1042 φροντίδα
1104 969 1210 1024 τῶν
1239 968 1442 1022 ὁλικῶν
1463 968 1557 1021 καὶ
1582 968 1787 1038 γηΐνων

212 1068 577 1138 πραγμάτων.
616 1065 714 1119 Διά
737 1064 896 1117 τοῦτο
919 1065 947 1116 ό
979 1062 1113 1127 Θεὸς
1138 1060 1532 1131 προνοούμενος
1553 1059 1651 1129 τῆς
1680 1057 1787 1126 ψυ-

211 1161 315 1229 χῆς
344 1177 462 1223 σου,
494 1153 651 1211 εἶπεν
706 1154 1082 1219 ἀποτάξασθαι
1141 1154 1330 1217 πᾶσιν,
1383 1151 1471 1206 ἵνα
1501 1151 1596 1205 καὶ
1638 1150 1787 1204 ἀκων

210 1250 554 1320 ὲπιζητήσῃς
579 1249 670 1302 τὸν
692 1247 941 1317 οὐράνιον
974 1244 1223 1308 πλοῦτον,
1256 1244 1349 1297 καὶ
1377 1242 1507 1315 έχῃς
1533 1241 1631 1311 τὴν
1652 1257 1786 1309 καρ-

209 1344 331 1397 δίαν
368 1359 461 1394 σου
491 1342 627 1411 πρὸς
659 1341 753 1393 τὸν
782 1339 933 1392 Θεόν.
978 1337 1105 1389 Ἐἀν
1132 1335 1241 1405 γὰρ
1270 1336 1366 1387 καὶ
1392 1334 1626 1404 θελήσῃς
1666 1336 1787 1385 Em-

214 1430 526 1501 στραφῆναι
547 1430 682 1500 πρὸς
713 1428 783 1480 τὰ
822 1426 1118 1496 κτίσματα,
1164 1425 1317 1478 οὐδὲν
1361 1424 1640 1494 εὑρίσκεις
1680 1423 1786 1475 τῶν

211 1519 560 1589 φαινομένων
616 1516 976 1585 κεκτημένος.
1035 1513 1253 1577 Θέλεις,
1302 1512 1362 1565 οὐ
1415 1510 1614 1573 θέλεις,
1654 1513 1787 1563 ὅπου

209 1612 387 1664 ταῦτα
435 1607 804 1676 έθησαύρισας
838 1605 933 1659 καὶ
966 1604 1170 1659 ἀπέθου
1192 1642 1207 1668 ,
1235 1602 1533 1671 ἀναγκάζει
1573 1603 1787 1671 πέμψαι

210 1702 305 1752 τὸν
329 1699 454 1752 νοῦν
481 1716 575 1751 σου
609 1698 741 1768 πρὸς
785 1697 873 1750 τὸν
918 1696 1173 1766 οὐράνιον
1201 1710 1213 1724 ·
1253 1696 1437 1747 Ὅπου
1468 1694 1578 1761 τὰρ
1605 1696 1638 1747 ὁ
1683 1697 1787 1759 οη-

210 1787 443 1853 σαυρός
471 1801 609 1848 σου,
648 1783 771 1837 ἐκεῖ
794 1786 967 1837 ἔσται
995 1783 1095 1837 καὶ
1126 1783 1164 1849 ή
1197 1782 1409 1851 καρδία
1431 1799 1567 1836 σου.

1888 606 2225 677 pauperibus
2247 605 2288 669 ⁷.
2316 615 2371 661 et
2393 603 2711 675 colligamus
2737 618 2799 657 ea
2823 602 2877 657 in
2914 602 3231 657 thesaurum
3248 643 3264 669 ,
3306 618 3446 673 quas

1890 710 2187 766 ramusque
2229 694 2287 749 in
2326 694 2482 751 cmlis
2516 714 2529 749 :
2561 695 2654 750 Ubi
2697 696 2837 748 enim
2885 701 2961 748 est
3002 696 3277 749 thesaurus
3314 701 3453 758 tuus,

1886 786 1960 839 ibi
1992 796 2066 839 est
2117 792 2168 839 et
2211 801 2301 839 cor
2328 792 2476 839 tuum
2495 784 2537 838 ⁸.
2598 784 2763 839 Novit
2809 786 2957 839 enim
2992 784 3278 847 Dominus,
3310 783 3458 855 quod

1887 877 2014 932 inde
2044 877 2273 932 Satanas
2304 877 2527 931 roboret
2570 892 2627 931 se
2660 877 2950 931 adversum
2982 876 3362 948 cogitationes,
3394 883 3450 929 u'

1885 969 2140 1028 traducat
2163 983 2255 1022 eas
2280 969 2331 1022 in
2363 966 2793 1023 sollicitudinem
2828 983 3013 1022 rerum
3049 968 3419 1022 mundanarut

1885 1063 1942 1110 et
1987 1065 2351 1112 terrenarum.
2388 1058 2685 1127 Propterea
2746 1058 2909 1123 Deus,
2948 1058 3039 1127 qui
3084 1074 3271 1113 curam
3319 1059 3461 1129 gerit

1887 1148 2083 1202 animae
2108 1155 2232 1214 tute,
2259 1151 2423 1220 jussut
2445 1150 2761 1204 renuntiare
2791 1151 3073 1214 omnibus,
3109 1160 3171 1204 ut
3205 1150 3290 1203 vel
3321 1150 3433 1204 invi

1889 1247 1979 1293 tus
2005 1254 2217 1309 quaeras
2250 1240 2503 1294 ccelestes
2553 1239 2792 1301 divitias,
2828 1249 2883 1295 ct
2932 1240 3138 1313 habeas
3178 1255 3274 1295 cor
3304 1248 3457 1296 tuum

1887 1327 2032 1397 apud
2066 1328 2256 1382 Deum.
2286 1328 2547 1395 Quamvis
2572 1329 2719 1383 enim
2751 1330 2990 1383 volueris
3021 1332 3220 1384 reverti
3261 1331 3328 1384 ad
3372 1347 3460 1386 res

1888 1423 2119 1479 creatas,
2142 1416 2278 1470 nihil
2310 1427 2490 1471 tamen
2515 1432 2731 1482 eorum,
2755 1433 2877 1487 quae
2899 1418 3175 1483 videntur,
3211 1426 3261 1473 te
3284 1422 3461 1487 possi-

1888 1505 2017 1560 dere
2047 1507 2428 1575 deprehendes
2464 1524 2477 1559 :
2511 1508 2667 1572 velis,
2715 1509 2947 1572 nolisve,
2998 1509 3211 1578 cogeris
3240 1510 3460 1564 mittere

1889 1606 2126 1651 mentem
2156 1598 2223 1651 ad
2240 1599 2516 1652 caelestem
2538 1599 2874 1662 thesaurum,
2906 1600 2997 1652 ubi
3023 1615 3085 1653 ea
3113 1601 3373 1669 collegisti
3404 1610 3462 1655 et

1889 1687 2194 1757 deposuisti
2238 1707 2251 1743 :
2286 1691 2380 1746 Ubi
2414 1691 2553 1743 enim
2587 1700 2662 1743 est
2712 1692 2993 1744 thesaurus
3034 1702 3174 1757 tuus,
3216 1694 3285 1745 ibi
3312 1702 3385 1747 est
3412 1700 3461 1746 et

1890 1796 1979 1833 cor
2013 1789 2162 1835 tuum
2185 1782 2228 1813 ’-

284 1849 368 1930 11:.
409 1849 522 1929 Καὶ
565 1874 673 1945 γὰρ
733 1875 791 1927 ὲν
843 1874 922 1945 τῷ
961 1873 1112 1945 νόμῳ
1152 1849 1439 1928 ἐκέλευσεν
1467 1874 1496 1926 ὁ
1524 1873 1657 1935 Θεὸς
1713 1869 1788 1940 τῷ
1822 1849 1861 1903 Β
1960 1872 1969 1890 ‘

1767 1849 1861 1940 ᾖΒ
1960 1872 2093 1926 Vlll.
2129 1872 2218 1927 Sic
2257 1873 2423 1928 etiam
2478 1875 2530 1927 in
2573 1875 2691 1945 lege
2740 1879 2997 1944 praecepit
3028 1875 3170 1929 Deus
3190 1874 3348 1939 Mosi,
3400 1892 3452 1929 ιιι

211 1968 458 2029 Μωῦσεῑ,
488 1965 575 2018 ἵνα
603 1966 806 2036 ποιήσῃ
822 1965 946 2033 ὄφιν
967 1963 1221 2035 χαλκοῦν,
1243 1963 1337 2016 καὶ
1365 1961 1553 2015 τοῦτον
1576 1960 1785 2030 ὑψώσῃ,

212 2058 309 2110 καὶ
329 2057 619 2127 προσπήξῃ
636 2058 716 2118 εἰς
734 2056 794 2109 τὸ
811 2055 1111 2127 ἀκρότατον
1125 2055 1219 2107 τοῦ
1240 2054 1418 2117 ξύλουο
1436 2052 1529 2106 καὶ
1549 2053 1663 2105 ὅσοι
1687 2052 1789 2105 ὑπὸ

211 2150 323 2202 τῶν
332 2150 509 2218 ὄφεων
521 2148 873 2218 ὲπλήσσοντο,
893 2149 1250 2219 προσέχοντες
1266 2132 1340 2217 τῷ
1357 2146 1475 2215 ὄφει
1491 2145 1567 2213 τῷ
1583 2145 1786 2217 χαλκῷ,

215 2242 415 2304 ἰάσεως
444 2239 762 2309 ἐτύγχανον,
794 2238 965 2292 Τοῦτο
1007 2238 1366 2309 οἰκονομικῶς
1412 2238 1645 2306 ἐγίνετο,
1702 2238 1788 2291 ἵνα

212 2336 263 2387 oi
286 2333 643 2403 κατεχόμενοι
676 2334 757 2395 είς
784 2332 883 2395 τὰς
908 2332 1102 2401 γηῖνας
1132 2332 1425 2401 μερίμνας,
1460 2332 1557 2383 καὶ
1588 2331 1668 2393 είς
1692 2329 1789 2391 τὰς

213 2421 688 2491 εἱδωλολατρείας,
714 2422 810 2475 καὶ
850 2424 930 2484 είς
954 2420 1054 2484 τὰς
1089 2421 1282 2491 ήδονάς
1304 2421 1398 2473 τοῦ
1426 2422 1660 2483 Σατανᾶ,
1697 2422 1791 2474 καὶ

215 2514 296 2575 εἰς
328 2513 511 2565 πᾶσαν
534 2511 813 2575 ἀσέϐειαν,
839 2510 929 2563 διὰ
970 2510 1158 2564 τούτου
1192 2509 1285 2563 τοῦ
1315 2511 1519 2579 τρόπου
1550 2512 1789 2582 μερικῶς

216 2620 337 2667 πως
365 2602 717 2671 ἀνακύψωσιν
757 2602 850 2655 ἐπὶ
872 2601 941 2654 τὰ
976 2602 1107 2665 ἀνω,
1141 2602 1235 2654 καὶ
1263 2600 1634 2670 ἀναψύξαντες
1683 2600 1791 2653 ἀπὸ

215 2694 327 2747 τῶν
349 2695 505 2753 κάτω
528 2693 869 2765 προσέχωσιν
903 2693 999 2744 ἐπὶ
1026 2694 1094 2745 τά
1123 2692 1324 2761 ὑψηλὰ,
1370 2693 1466 2745 καὶ
1503 2692 1666 2744 πάλιν
1698 2692 1793 2744 ἀπ’

217 2788 447 2841 ἐκείνων
470 2784 820 2854 προκόψωσιν
868 2786 946 2845 εἰς
989 2783 1051 2835 τὸ
1097 2782 1429 2851 ὑψηλότατον
1451 2797 1465 2812 ·
1497 2782 1592 2834 καὶ
1621 2782 1794 2843 οὕτως

220 2877 367 2932 κατὰ
396 2876 594 2946 μικρὸν
644 2876 1047 2946 προκόπτοντες
1088 2875 1170 2936 είς
1210 2874 1270 2926 τὺ
1327 2872 1657 2943 ὑψηλότερον
1702 2873 1795 2924 καὶ

218 2965 499 3035 ἀνώτερον
533 2964 688 3032 γένος
744 2961 1202 3030 ὲπιγινώσκωσιν,
1250 2963 1332 3014 ὅτι
1380 2962 1530 3013 ἐστὶν
1575 2961 1795 3030 ῦψιστος

220 3058 377 3128 παρά
410 3059 591 3110 πᾶσαν
619 3057 717 3127 τὴν
736 3058 933 3111 κτίσιν.
966 3056 1122 3109 Οῦτω
1146 3055 1241 3110 καὶ
1269 3054 1327 3108 σὲ
1366 3055 1617 3109 ἐκέλευσε
1649 3072 1793 3106 πτω-

1891 1965 2093 2016 iaceret
2151 1973 2461 2033 serpentem
2509 1981 2740 2029 aeneum,
2789 1975 2843 2020 ct
2878 1966 3027 2020 illum
3080 1968 3345 2021 exaltaret
3397 1982 3461 2021 ac

1891 2052 2135 2123 alligeret
2181 2054 2246 2108 ad
2291 2056 2662 2110 summitatem
2712 2058 2902 2128 ligni”
2930 2076 2942 2110 :
2974 2066 3030 2113 et
3059 2059 3377 2130 quicunque
3430 2075 3461 2112 a

1892 2144 2245 2213 serpentibus
2300 2146 2792 2214 percutiebantur,
2841 2149 3119 2202 intuentes
3168 2148 3222 2201 in
3248 2164 3460 2203 aeneum

1890 2243 2226 2301 serpentem,
2262 2234 2529 2288 medelam
2563 2238 3059 2305 consequebantur.
3097 2237 3318 2307 llocque
3352 2254 3459 2291 non

1891 2326 2096 2395 absque
2126 2328 2533 2396 dispensatione
2562 2328 2744 2392 ﬁebat,
2766 2340 2825 2383 ut
2846 2331 2938 2399 qui
2973 2331 3208 2386 terrenis
3227 2333 3376 2387 curis
3399 2346 3464 2386 ac

1892 2416 2227 2480 idololatria,
2270 2428 2433 2487 atque
2488 2421 2862 2489 voluptatibus
2898 2421 3147 2487 Satanas,
3203 2424 3463 2492 omnique

1894 2507 2174 2575 impietate
2200 2508 2435 2565 districti
2460 2518 2662 2576 essent,
2700 2512 2804 2567 hoc
2839 2513 3030 2567 saltem
3063 2514 3225 2567 modo
3257 2514 3465 2583 aliqua-

1895 2606 2057 2653 tenus
2118 2603 2458 2671 respicerent
2504 2605 2789 2670 superiora
2817 2646 2831 2669 ,
2879 2613 2935 2659 et
2995 2606 3063 2660 ab
3112 2606 3467 2663 inferioribus

1895 2692 2230 2761 respirantes
2274 2694 2341 2747 ad
2385 2695 2637 2749 sublimia
2672 2697 3042 2763 attenderem,
3072 2709 3127 2753 et
3164 2714 3357 2755 rursus
3398 2702 3466 2755 ab

1897 2783 2006 2836 illis
2045 2784 2381 2852 proﬁcerent
2402 2787 2467 2839 ad
2492 2788 2819 2841 altissimum
2849 2798 2933 2842 :et
2956 2789 3027 2843 ita
3055 2792 3315 2859 paulatim
3340 2808 3468 2862 pro-

1895 2877 2206 2946 gredientes
2243 2877 2309 2931 ad
2366 2879 2743 2933 sublim‘orem
2790 2891 2845 2934 et
2901 2881 3240 2951 superiorem
3274 2898 3468 2954 proge-

1894 2968 2065 3031 niem,
2096 2977 2489 3037 cognoscerent
2534 2985 2656 3024 esse
2691 2972 2980 3038 quemdam
3015 2973 3336 3027 altissimum
3373 2990 3468 3027 su-

1897 3072 1993 3125 pra
2018 3072 2235 3111 omncm
2287 3070 2618 3112 creaturam.
2669 3059 2759 3113 Sic
2786 3075 3003 3129 quoque
3039 3070 3090 3114 te
3125 3062 3286 3130 jussit
3325 3063 3467 3116 Deus

220 3150 316 3218 χὺν
337 3148 612 3217 γενέσθαι,
632 3150 727 3201 καὶ
749 3149 928 3202 πάντα
951 3148 1280 3219 πωλήσαντα
1313 3146 1493 3201 δοῦναι
1536 3150 1793 3217 πτωχοῖς,
1822 3168 1866 3230 C
1900 3165 1905 3218 ι

1782 3168 1866 3230 ,C
1900 3164 2195 3219 pauperem
2230 3150 2381 3214 ﬁeri,
2424 3160 2481 3205 et
2521 3151 2703 3204 omnia
2762 3151 3089 3206 vendentem
3132 3155 3467 3222 pauperibus

222 3243 316 3295 ἵνα
354 3240 539 3293 λοιπὸν
580 3240 685 3293 κᾶν
735 3240 969 3311 θελήσῃς
1016 3243 1167 3295 κάτω
1225 3241 1386 3311 ῥέψαι
1423 3242 1516 3294 ἐπὶ
1545 3242 1642 3309 τῆς
1673 3240 1799 3311 γῆς,

225 3333 303 3403 μὴ
338 3332 594 3403 δυνηθῇς.
627 3333 957 3404 Ἐρευνήσας
983 3334 1090 3405 γὰρ
1112 3335 1169 3388 ἐν
1190 3337 1255 3405 τῇ
1283 3335 1480 3405 καρδίᾳ
1504 3352 1597 3387 σου
1632 3335 1799 3403 ἄρχου

223 3423 367 3493 μετά
396 3423 506 3475 τῶν
535 3423 813 3494 λογισμῶν
842 3441 934 3477 σου
953 3422 1317 3491 διαλέγεσθαι,
1344 3425 1486 3491 Παρ⁹
1517 3424 1547 3476 ὃ
1571 3424 1667 3477 ἐπὶ
1693 3422 1802 3489 τῆς

222 3513 340 3582 γῆς
377 3513 559 3567 οὐδὲν
610 3515 852 3583 ἔχομεν,
896 3516 1129 3583 ἄγωμεν
1178 3517 1327 3583 πρὸς
1380 3516 1486 3568 τὸν
1516 3514 1795 3581 οὐρανὸν,

221 3602 379 3655 ὅπου
399 3603 616 3670 ἔχομεν
641 3605 748 3655 τὸν
770 3603 1100 3670 θησαυρὸν,
1138 3605 1288 3657 ὅπου
1312 3603 1799 3672 ἐπρατματευσίί-

214 3698 392 3763 μεθα.
427 3696 688 3765 ’Λρχεται
725 3697 752 3747 ό
785 3694 908 3758 νοῦς
939 3712 1032 3748 σου
1065 3695 1346 3749 ἀνανεύειν
1382 3695 1518 3765 πρὸς
1552 3694 1611 3747 τὸ
1646 3694 1797 3763 ῦψος,

223 3786 321 3837 καὶ
340 3784 621 3852 ἐπιζητεῖν
642 3786 711 3837 τὰ
736 3784 1005 3855 ἀνώτερα,
1036 3787 1133 3839 καὶ
1158 3785 1487 3856 προκόπτειν
1515 3788 1572 3836 ὲν
1598 3787 1796 3853 τούτῳ.

296 3876 375 3930 9'.
409 3878 476 3929 Τί
523 3877 581 3929 δέ
633 3880 784 3931 ἐστιν
826 3879 855 3930 ό
904 3877 1095 3947 νεκρὸς
1134 3877 1277 3945 ὄφις,
1308 3878 1336 3929 ὁ
1369 3876 1802 3949 προσπεπηγμέο

223 3982 313 4027 νος
343 3965 422 4025 είς
456 3964 518 4017 τὸ
545 3966 847 4035 ἀκρότατον
881 3966 975 4018 τοῦ
1003 3965 1181 4030 ξύλου,
1234 3967 1350 4019 lito
1410 3968 1535 4028 τοὺς
1580 3966 1799 4034 πεπλη·

223 4055 501 4124 γμένους;
530 4058 556 4107 ὁ
581 4056 772 4125 νεκρὸς
802 4056 925 4124 ὄφις
948 4056 1074 4119 τοὺς
1108 4056 1321 4121 ζῶντας
1342 4057 1514 4121 ένίκα,
1545 4057 1684 4109 ὥστε
1704 4057 1799 4109 τύ-

224 4162 325 4207 πος
353 4146 468 4198 ἐστὶ
494 4145 587 4198 τοῦ
614 4146 865 4216 σώματος
920 4145 1015 4199 τοῦ
1051 4147 1282 4218 Κυρίου.
1310 4146 1385 4200 Τὸ
1422 4147 1582 4216 σῶμα
1630 4150 1739 4217 γὰρ
1773 4147 1802 4198 ὃ

226 4235 423 4286 ἐλαϐεν
476 4237 539 4289 ὲκ
584 4237 681 4305 τῆς
740 4238 984 4307 Μαρίας,
1048 4240 1350 4308 ἀνήνεγκεν
1396 4238 1528 4290 αὐτὸ
1563 4239 1656 4290 ἐπὶ
1707 4240 1801 4291 τοῦ

228 4325 491 4397 σταυροῦ,
550 4328 641 4379 καὶ
670 4328 968 4397 ἐκρέμασε,
1031 4330 1125 4383 καὶ
1170 4329 1516 4398 προσέπηξεν
1556 4330 1648 4381 ἐπὶ
1707 4330 1799 4382 τοῦ

224 4414 411 4480 ξύλου,
438 4416 531 4467 καὶ
568 4415 657 4467 τὸν
684 4417 741 4467 ὲν
766 4418 830 4485 τῇ
864 4417 1063 4486 καρδία
1089 4416 1213 4484 ὄφιν
1234 4410 1409 4481 ζῶντα
1445 4419 1539 4470 καὶ
1565 4418 1800 4487 ἕρπον-τα

224 4508 421 4576 νεκρὸν
476 4506 633 4576 σῶμα
682 4507 901 4576 ἐνίκησε
948 4508 1042 4559 καὶ
1075 4507 1415 4559 ἀπέκτεινεν.
1449 4501 1573 4561 Ὧδε
1617 4508 1800 4576 Θαῦμα
1833 4495 1877 4548 Ῑ)

228 4600 513 4668 μέγιστον,
547 4598 662 4661 πῶς
694 4600 723 4650 ό
745 4598 936 4667 νεκρὸς
962 4598 1086 4665 ὄφις
1125 4598 1215 4650 τὸν
1249 4600 1427 4662 ζῶντα
1457 4599 1798 4664 ἀπέκτεινεν;

224 4691 343 4744 ἀλλ’
369 4690 429 4742 ὃν
445 4691 643 4758 τρόπον
657 4690 879 4760 εποίησε
898 4691 1137 4757 Μωῦσῆς
1160 4690 1341 4744 καινὸν
1360 4690 1719 4760 ἔργον,ὁμοίω
1727 4709 1800 4759 μα

222 4782 321 4836 τοῦ
355 4781 556 4845 ζῶντος
579 4780 755 4849 ὄφεως
782 4782 1007 4850 ποιήσας
1028 4795 1043 4810 °
1079 4780 1220 4833 οὕτω
1242 4782 1332 4833 καὶ
1386 4784 1414 4834 ὁ
1445 4781 1646 4850 Κύριος
1676 4800 1799 4833 και-

225 4872 317 4925 νὸν
344 4872 505 4941 ἔργον
537 4872 601 4923 ἐκ
631 4872 732 4938 τῆς
767 4871 984 4939 Μαρίας
1014 4870 1257 4938 εποίησε,
1299 4871 1393 4923 καὶ
1430 4870 1588 4924 τοῦτο
1621 4872 1799 4924 ἐνεδύ-

226 4982 363 5018 σατο
427 4963 543 5017 ἀλλ’
600 4964 699 5016 οὐκ
729 4964 925 5033 ἤνεγκε
975 4964 1038 5015 τὸ
1100 4965 1258 5032 σῶμα
1313 4964 1373 5027 ἐξ
1433 4965 1690 5035 οὐρανοῦ·
1742 4966 1802 5018 τὸ

228 5054 458 5122 Πνεῦμα
511 5054 570 5105 τὸ
608 5054 861 5123 οὐράνιον
913 5055 971 5106 ὲν
1000 5053 1079 5124 τῷ
1115 5053 1282 5124 ’Δδάμ
1325 5055 1567 5107 εἰσελθὸν
1615 5056 1803 5125 εἰργα-

229 5164 385 5210 σατο,
414 5146 509 5199 καὶ
540 5145 728 5198 τοῦτον
773 5145 1101 5217 συνεκέρασε
1154 5149 1219 5215 τῇ
1255 5146 1467 5215 θεότητι
1496 5148 1588 5199 καὶ
1625 5146 1804 5199 ἐνεδύ-

228 5258 381 5302 σατο,
418 5238 763 5308 ἀνθρωπίνην
795 5236 993 5307 σάρκα,
1026 5238 1118 5289 καὶ
1159 5237 1480 5306 ἐμόρφωσεν
1510 5240 1568 5290 ἐν
1601 5242 1668 5307 τῇ
1701 5241 1802 5307 μή·

225 5346 353 5399 τρᾳ.
391 5329 603 5398 Ὥσπερ
653 5326 745 5381 οῦν
800 5327 923 5395 ὄφις
974 5328 1209 5397 χαλκοῦς
1241 5328 1345 5392 ’ἐως
1395 5328 1489 5381 τοῦ
1527 5330 1801 5393 Μωῦσέως

226 5422 326 5474 οὐκ
360 5420 618 5488 ὲκελεύθη
655 5420 760 5471 ὑπὸ
793 5419 886 5471 τοῦ
938 5420 1142 5490 Κυρίου
1191 5421 1249 5472 ὲν
1284 5422 1473 5490 κόσμῳ
1506 5423 1761 5489 γενέσθαι
1785 5441 1797 5453 ·

227 5511 373 5565 οὕτω
410 5512 476 5582 δὴ
516 5512 675 5581 σῶμα
732 5513 916 5563 καινὸν
962 5511 1056 5563 καὶ
1113 5512 1517 5581 ἀναμάρτητον,
1560 5514 1664 5576 ’ἐως
1708 5514 1800 5565 τοῦ

231 5605 438 5673 Κυρίου
471 5604 569 5656 οὐκ
626 5604 796 5673 ἐφάνη
830 5604 888 5655 ὲν
938 5602 1013 5672 τῷ
1066 5603 1273 5673 κόσμῳ.
1317 5604 1665 5676 Παραϐάντος
1695 5607 1801 5677 γὰρ

302 5778 323 5811 ⁷
352 5778 542 5834 Matth.
576 5795 687 5843 xu,
717 5778 806 5833 20.
883 5780 901 5808 “
928 5780 1115 5835 Matth.
1145 5798 1221 5846 vt,
1250 5781 1341 5835 2|.

1902 3238 2110 3310 largiri,
2134 3248 2195 3295 ut
2226 3249 2434 3309 postea,
2467 3240 2509 3293 si
2549 3240 2684 3294 velis
2721 3240 2903 3294 denuo
2935 3256 3125 3309 repere
3154 3256 3320 3310 super
3352 3250 3463 3295 ter-

1902 3345 2039 3394 ram,
2072 3346 2181 3383 non
2203 3331 2400 3399 possis.
2426 3330 2690 3384 Serutans
2724 3346 2854 3399 ergo
2886 3331 2939 3383 in
2961 3331 3125 3384 corde
3148 3340 3261 3394 tuo,
3287 3332 3467 3399 incipe

1901 3436 2027 3475 cum
2069 3421 2491 3490 cogitationibus
2544 3421 2651 3474 tuis
2678 3421 3005 3489 disputare:
3049 3421 3180 3476 Cum
3233 3423 3365 3475 nihil
3411 3424 3465 3476 in

1902 3512 2056 3564 terris
2094 3512 2470 3580 possideamus,
2510 3521 2839 3563 transeamus
2876 3511 2978 3580 41
3022 3511 3090 3563 ad
3131 3511 3339 3573 caelum,
3380 3512 3468 3565 ubi

1901 3602 2151 3654 habemus
2183 3603 2507 3665 thesaurum,
2533 3611 2580 3654 et
2620 3603 2703 3654 ubi
2752 3602 2999 3671 negotiati
3034 3618 3230 3654 sumus.
3268 3602 3464 3671 Incipit

1904 3709 2058 3747 mens
2084 3702 2173 3746 tua
2200 3693 2265 3746 ad
2287 3692 2541 3747 sublimia
2569 3707 2871 3762 emergere,
2904 3701 2959 3746 et
2998 3691 3279 3745 suoeriora
3309 3692 3456 3745 inda-

1902 3800 2029 3853 gare
2068 3793 2123 3838 et
2152 3783 2203 3837 in
2229 3800 2295 3839 eo
2314 3783 2601 3854 proﬁcere.

1974 3875 2065 3928 IX.
2105 3875 2308 3929 Verum
2332 3876 2462 3943 quid
2499 3874 2678 3927 innuit
2705 3890 2927 3944 serpens
2951 3875 3040 3929 ille
3070 3883 3338 3940 mortuus,
3369 3880 3462 3944 qui

1905 3968 2222 4023 sublimitati
2256 3969 2385 4039 ligni
2408 3968 2621 4033 afﬁxus,
2645 3969 2870 4023 sanabat
2891 3983 3176 4037 percussos
3194 3967 3217 4021 ?
3232 3966 3468 4037 Serpens

1903 4061 1995 4115 ille
2036 4069 2284 4115 mortuus
2299 4061 2453 4114 vivos
2478 4062 2790 4129 superabat,
2836 4069 2896 4113 ut
2922 4070 3080 4130 typus
3116 4061 3186 4115 sit
3220 4061 3470 4129 corporis

1907 4152 2143 4205 Domini.
2190 4151 2401 4219 Corpus
2441 4150 2586 4203 enim
2637 4151 2783 4215 quod
2824 4150 3121 4219 assumpsit
3166 4167 3231 4204 ex
3276 4150 3465 4213 Maria,

1902 4241 2159 4295 exaltavit
2191 4241 2245 4294 in
2276 4254 2461 4303 cruce,
2488 4239 2772 4307 suspendit
2817 4246 2872 4293 et
2894 4238 3062 4291 alﬁxit
3101 4239 3286 4307 ligno:
3312 4246 3369 4291 et
3394 4237 3469 4292 ita

1903 4341 2213 4400 serpentem
2257 4330 2310 4383 in
2359 4330 2521 4383 corde
2564 4330 2838 4382 viventem
2860 4336 2916 4382 et
2940 4337 3222 4397 repentem
3270 4344 3470 4397 corpus

1904 4431 2180 4475 mortuum
2220 4420 2420 4474 vicitet
2450 4420 2667 4473 occidit.
2698 4420 2794 4473 Hic
2820 4418 3142 4472 miraculum
3169 4434 3422 4488 magnum
3453 4420 3464 4468 !

1906 4511 2181 4580 quomodo
2233 4526 2461 4579 serpens
2514 4521 2761 4563 mortuus
2807 4509 3069 4563 occiderit
3130 4508 3349 4562 vivum!
3404 4510 3472 4561 At

1906 4601 2366 4669 quemadmodum
2406 4600 2535 4654 fecit
2562 4600 2737 4653 Moses
2780 4615 2980 4653 novum
3030 4614 3189 4669 opus,
3234 4604 3358 4653 cum
3399 4602 3466 4652 si-

1908 4692 2277 4745 militudinem
2329 4692 2436 4745 vivi
2493 4691 2762 4759 serpentis
2802 4690 3079 4759 ellingeret
3104 4709 3116 4743 :
3145 4690 3225 4744 sic
3254 4705 3473 4759 quoque

1906 4783 2172 4836 Dominus
2221 4798 2421 4836 novum
2472 4796 2610 4848 opus
2638 4797 2703 4834 ex
2756 4780 2925 4834 Maria
2952 4781 3234 4845 condidit,
3272 4789 3327 4834 et
3370 4781 3473 4835 hoc

1906 4878 2106 4941 induit,
2137 4893 2245 4930 non
2276 4886 2455 4928 autem
2480 4874 2665 4929 attulit
2700 4890 2899 4943 corpus
2924 4890 2990 4929 ex
3016 4874 3177 4929 coelo.
3210 4873 3473 4942 Spiritum

1907 4974 2206 5036 cmlestem,
2237 4973 2331 5041 qui
2374 4972 2639 5024 Adamum
2670 4969 3099 5040 ingrediebatur,
3139 4970 3365 5031 creavit,
3420 4979 3476 5023 ct

1905 5065 2054 5119 hunc
2080 5062 2713 5133 permiscuitdivinitati,
2745 5069 2801 5114 et
2840 5060 3254 5113 induitcarnem
3286 5058 3479 5111 huma-

1905 5173 2051 5219 nam,
2078 5171 2307 5224 eamque
2330 5153 2588 5208 formavit
2614 5155 2666 5206 in
2700 5161 2877 5206 utero.
2906 5151 3061 5205 Sicut
3086 5166 3217 5219 ergo
3245 5165 3472 5219 serpen-

1907 5253 2014 5296 tem
2060 5258 2271 5296 aeneum
2324 5257 2496 5310 usque
2531 5240 2599 5292 ad
2637 5240 2819 5293 Mosen
2864 5254 2974 5291 non
3005 5236 3167 5306 jussit
3215 5237 3476 5289 Dominus

1910 5333 1963 5386 in
1998 5334 2203 5385 mundo
2233 5332 2349 5387 ﬁeri
2378 5350 2388 5384 :
2422 5333 2494 5385 ita
2513 5345 2713 5398 corpus
2738 5343 2939 5382 novum
2970 5335 3025 5380 et
3056 5327 3478 5395 peccatiexpers

1910 5441 2085 5494 usque
2117 5424 2183 5477 ad
2213 5423 2503 5481 Dominum
2547 5436 2656 5474 non
2688 5418 2939 5489 apparuit
2978 5416 3033 5470 in
3065 5416 3289 5469 mundo.
3322 5416 3476 5468 Post-

1907 5532 2069 5585 quam
2099 5516 2244 5568 cnim
2280 5516 2491 5584 primus
2511 5514 2679 5566 Adam
2709 5510 3021 5564 mandatum
3054 5508 3146 5562 Dei
3178 5516 3470 5575 transgres-

1908 5624 2001 5663 sus
2022 5616 2124 5671 est,
2158 5607 2405 5676 regnavit
2438 5622 2584 5659 mors
2610 5604 2662 5657 in
2701 5602 2989 5658 universos
3021 5599 3139 5669 ejus
3171 5599 3311 5652 ﬁlios
3338 5616 3350 5650 :
3378 5614 3473 5652 su—
