4266 6356
808 393 905 462 551
2033 394 2093 453 S.
2136 393 2451 454 MACARII
2492 443 2493 449 η

2365 393 2451 451 {Il
2492 390 2811 452 [EGYPTII
3938 384 4050 449 552

806 506 1015 577 perarit
1051 521 1180 575 ergo
1217 520 1413 573 corpus
1451 513 1726 559 mortuum
1784 512 2099 573 serpentem
2158 507 2363 560 vivum.
2396 517 2441 574 Α
2470 522 2491 556 τ

2396 517 2441 574 Α
2470 504 2565 573 τὴν
2610 504 2827 574 ἐντολὴν
2858 504 2952 557 τοῦ
2993 504 3209 573 πρώτου
3257 502 3451 568 Ἀδὰμ.
3503 496 3855 553 ἑσασίλωσεν
3883 501 3913 550 6
3951 498 4050 551 θά-

870 767 941 821 X.
965 767 1033 821 Et
1066 766 1171 821 hoc
1209 766 1535 822 miraculum
1564 767 1772 823 Judaais
1814 767 2035 837 quidem
2084 767 2359 823 oil'endicu

804 865 936 927 lum,
960 862 1164 917 Graacis
1197 870 1379 914 autem
1401 860 1635 914 stultitia
1662 870 1764 915 est.
1798 859 1939 925 Quid
1965 858 2112 914 enim
2135 859 2368 929 Aposto-

805 957 890 1010 lus
910 957 984 1009 ait
1016 976 1027 1008 :
1048 955 1151 1008 Nos
1178 965 1352 1008 autem
1372 956 1718 1024 praedicamus
1750 953 2013 1007 Christum
2037 954 2365 1021 cruciﬁxum,

803 1047 997 1101 Indicis
1030 1047 1237 1116 quidem
1265 1046 1649 1116 oﬂ'endicutum,
1688 1044 1877 1100 Grazcis
1917 1061 2037 1100 vero
2064 1045 2367 1109 stultitiam,

806 1140 946 1192 nobis
979 1156 1120 1197 vero.
1145 1142 1232 1209 qni
1257 1155 1549 1201 sei-rantur,
1576 1137 1841 1191 Christum
1877 1137 1970 1190 Dei
1995 1139 2287 1207 potentiam
2309 1152 2371 1189 ac

805 1232 900 1283 Dei
931 1232 1323 1300 sapientiam".
1354 1231 1410 1281 ln
1447 1245 1677 1299 corpore
1699 1230 1843 1283 enim
1871 1241 2088 1283 mortuo
2110 1228 2220 1282 vita
2248 1240 2370 1282 est:

807 1324 895 1377 hic
932 1322 1257 1390 redemptio,
1289 1322 1376 1375 hic
1416 1324 1597 1375 lumen
1620 1339 1633 1385 ;
1656 1321 1746 1374 hic
1779 1320 1988 1375 accedit
2024 1320 2091 1375 ad
2117 1329 2371 1384 mortem,

806 1424 860 1467 ct
901 1413 1143 1481 dis‘putat
1165 1428 1285 1466 cum
1316 1428 1378 1466 ea
1414 1412 1701 1473 Dominus,
1737 1426 1800 1463 ac
1827 1410 2070 1475 mandat,
2101 1420 2160 1464 ut
2194 1408 2377 1479 ejiciat

805 1520 871 1555 ex
899 1503 1109 1556 inferno
1130 1514 1185 1555 et
1209 1510 1379 1555 morte
1407 1504 1635 1565 animas,
1687 1517 1749 1554 ac
1772 1502 1959 1554 reddat
1981 1516 2073 1553 eas
2091 1501 2215 1554 sibi.
2238 1500 2377 1552 Ecce

809 1592 921 1643 hac
956 1592 1103 1644 hisce
1128 1592 1396 1658 perculsa,
1434 1593 1840 1645 aditmini'stros
1874 1607 2029 1655 suos,
2058 1600 2376 1659 congregat-

808 1696 914 1746 que
934 1695 1121 1733 omnes
1163 1688 1457 1746 potestates
1476 1695 1539 1731 ac
1565 1679 1843 1747 principes
1870 1680 2114 1739 malitiie,
2154 1677 2379 1731 adducit

809 1770 1191 1837 chirographa,
1232 1780 1286 1821 et
1315 1769 1448 1821 dicit
1476 1786 1491 1817 :
1532 1788 1547 1818 ι
1592 1769 1732 1823 Ecce
1772 1769 1824 1820 hi
1858 1768 2190 1821 obedierunt
2212 1767 2380 1821 verbo

2472 612 2627 657 νατος
2666 597 2757 649 ἐπὶ
2782 597 2877 649 ὅλα
2902 597 2969 650 τὰ
3000 600 3166 651 τέκνα
3212 594 3378 650 αὑτοῦ
3399 609 3414 624 ⁸
3446 595 3697 664 ἐνίκησεν
3730 592 3824 645 οὖν
3853 592 4053 661 νειιρὲν

2475 686 2635 755 σῶμα
2673 687 2765 740 τὸν
2795 688 2974 752 ζῶντα
3009 689 3152 757 ὅφιν.

2547 778 2603 829 ιι.
2640 778 2749 829 Καὶ
2776 777 2931 830 τοῦτο
2973 778 3292 848 Θαυμάσιον,
3356 777 3629 839 Ἰουδαίοις
3662 775 3761 845 μὲν
3819 772 4054 827 σκάνδα-

2473 868 2585 932 λον,
2620 866 2848 935 Ἕλλησι
2885 867 2941 919 δὲ
2982 868 3185 937 μωρία.
3219 866 3285 919 Τί
3324 866 3381 919 δὲ
3432 867 3585 933 λέγει
3610 867 3638 917 6
3690 863 4049 925 ’Δπόστολοςο

2490 960 2685 1028 Ἡμεῖς
2714 958 2783 1011 δὲ
2802 961 3191 1028 κηρύσσομεν
3218 959 3464 1025 Ἰησοῦν
3480 959 3759 1026 Χριστὸν,
3787 956 3883 1008 καί
3912 954 4056 1007 τοῦ-

2474 1055 2581 1105 τόν
2630 1052 3085 1121 ἐσταυρωμένον
3109 1090 3125 1115 ,
3165 1051 3467 1117 Ἰουδαίοις
3515 1051 3633 1119 μὲν
3674 1047 4050 1106 σκάνδαλον.

2478 1142 2743 1209 Ἕλλησι
2796 1142 2865 1193 δὲ
2917 1143 3169 1211 μωρίαν,
3218 1142 3363 1210 ἡμῖν
3390 1142 3459 1193 δὲ
3515 1141 3639 1206 τοῖς
3693 1138 4057 1207 σωζομένοις

2478 1234 2733 1299 Χριστὸν
2781 1233 2928 1288 Θεοῦ
2978 1234 3254 1302 δύναμιν,
3314 1234 3412 1287 καί
3461 1232 3610 1286 Θεοῦ
3660 1234 3908 1299 σοφίαν.
3966 1232 4058 1283 Ἐν

2480 1324 2588 1392 γὰρ
2614 1326 2691 1392 τῷ
2722 1325 2898 1395 νεκρῷ
2925 1327 3136 1395 σώματι
3166 1327 3198 1396 ἡ
3245 1326 3358 1395 ζωή
3390 1342 3406 1356 ⁶
3442 1319 3543 1378 ὦδε
3576 1326 3610 1393 ἡ
3652 1322 4056 1392 ἀπολύτρωσις,

2480 1410 2580 1465 ὦδε
2618 1414 2679 1466 τὸ
2703 1413 2837 1481 φῶς,
2876 1407 2977 1466 ὧδε
3002 1413 3220 1484 ἔρχεται
3251 1414 3384 1482 πρὸς
3411 1414 3501 1465 τὸν
3531 1413 3784 1477 θάνατον,
3811 1415 3907 1463 καὶ
3938 1411 4058 1462 δια-

2486 1506 2701 1571 λέγεται
2732 1504 2881 1573 αὑτῷ
2940 1507 2969 1557 6
3004 1505 3233 1575 Κύριος,
3262 1506 3357 1557 καὶ
3383 1504 3716 1573 προστάσσει
3762 1500 3857 1554 τοῦ
3886 1504 4060 1553 ἐκδα-

2485 1598 2596 1649 λείν
2622 1598 2685 1648 ὲκ
2717 1595 2813 1647 τοῦ
2837 1595 3001 1665 ’ᾼδου
3045 1598 3141 1648 καὶ
3170 1596 3264 1648 τοῦ
3296 1596 3529 1647 θανάτου
3584 1596 3683 1656 τὰς
3725 1593 3923 1662 ψυχὰς,
3965 1593 4060 1643 καὶ

2484 1685 2774 1737 ἀποδοῦναι
2800 1686 2971 1755 αὐτῷ.
3010 1685 3143 1738 Ἰδοὺ
3180 1682 3273 1737 οὖν
3302 1679 3457 1746 οὗτος
3484 1686 3618 1754 1:96;
3642 1684 3817 1736 ταῦτα
3851 1700 4065 1750 ταρασ-

2489 1779 2713 1846 σόμενος
2747 1776 3053 1845 εἰσέρχεται
3089 1776 3220 1845 πρὸς
3245 1776 3370 1837 τοὺς
3400 1775 3687 1836 διακόνους
3734 1771 3924 1835 αὑτοῦ,
3966 1775 4064 1825 καὶ

812 1863 963 1913 meo!
993 1875 1119 1913 ecce
1157 1860 1431 1927 quomodo
1458 1861 1759 1912 adorarunt
1790 1875 1889 1912 nos
1910 1860 2168 1913 mortales
2197 1860 2374 1911 !Deus
2412 1862 2452 1917 Β
2488 1885 2497 1916 ε

2412 1862 2452 1917 Β
2488 1866 2709 1931 συνάγει
2737 1864 2917 1925 πάσας
2939 1864 3035 1925 τὰς
3057 1863 3338 1931 δυνάμεις,
3368 1863 3460 1915 καὶ
3488 1862 3787 1931 προσφέρει
3821 1862 3851 1913 ὁ
3872 1860 4063 1928 ἄρχων

813 1962 1017 2014 autem,
1054 1952 1145 2018 qui
1174 1959 1255 2005 est
1286 1952 1465 2020 justus
1496 1951 1680 2020 judex,
1708 1950 1819 2003 illic
1845 1950 2377 2019 ostenditjusritiam

811 2059 996 2104 suam,
1025 2058 1087 2095 ac
1116 2042 1249 2095 dicit
1278 2042 1343 2094 ad
1376 2056 1495 2095 eam
1527 2060 1539 2093 :
1570 2039 1759 2094 Paruit
1802 2040 1899 2093 tibi
1931 2040 2101 2093 Adam
2140 2050 2195 2093 et
2236 2041 2378 2093 obti-

814 2133 979 2186 nuisti
1009 2132 1133 2185 inde
1168 2146 1329 2185 omne
1374 2146 1469 2184 cor
1512 2132 1649 2200 ejus.
1681 2128 2091 2198 Obtemperavit
2131 2130 2227 2182 tibi
2277 2129 2380 2182 hu-

813 2226 1065 2287 manitas,
1112 2237 1294 2277 meum
1343 2237 1541 2290 corpus
1573 2232 1753 2276 autem
1783 2222 1913 2290 quid
1954 2222 2086 2275 facit
2116 2222 2243 2273 hic?
2266 2222 2381 2276 Hoc

814 2315 1023 2384 peccati
1055 2322 1139 2368 est
1164 2328 1377 2381 expers.
1408 2312 1619 2381 Corpus
1655 2311 1787 2364 illud
1814 2312 1979 2379 primi
2010 2310 2140 2364 Adze
2170 2310 2377 2378 obliga-

816 2416 931 2459 tum
962 2405 1062 2459 tibi
1103 2412 1205 2467 est,
1240 2413 1295 2457 et
1322 2404 1445 2473 jure
1482 2406 1551 2456 ob
1596 2402 1650 2456 id
1681 2405 1801 2471 ejus
1834 2402 2199 2472 chirographa
2233 2400 2382 2454 obti-

814 2495 1115 2550 neszmihi
1164 2502 1346 2548 autem
1410 2508 1601 2547 omnes
1645 2493 1937 2561 perhibent
1980 2490 2379 2555 testimonium,

814 2587 960 2656 quod
990 2602 1099 2642 non
1130 2586 1493 2655 peccaverim,
1525 2584 1659 2637 nihil
1692 2584 1789 2637 tibi
1816 2583 2010 2646 debeo,
2031 2592 2086 2637 et
2108 2583 2254 2653 quod
2279 2584 2380 2637 sim

818 2680 986 2734 Filius
1009 2680 1102 2733 Dei
1138 2678 1382 2732 universi
1418 2675 1553 2729 mihi
1584 2683 1933 2729 attestantur.
1972 2674 2218 2743 Desuper
2238 2676 2381 2729 enim

816 2787 882 2826 ex
913 2772 1065 2825 cmlis
1095 2772 1147 2823 in
1181 2781 1379 2824 terrain
1412 2770 1640 2823 veniens
1664 2782 1770 2821 vox
1803 2766 2178 2821 testimonium
2213 2766 2337 2820 tulit
2367 2784 2381 2819 :

819 2862 915 2915 Hic
938 2869 1012 2914 est
1040 2860 1201 2913 Filius
1224 2876 1366 2913 meus
1392 2859 1630 2921 dilectus,
1662 2860 1832 2927 ipsum
1859 2858 2035 2910 audite
2059 2858 2122 2908 ¹¹.
2148 2857 2386 2911 Joannes

818 2959 1049 3005 testatur
1079 2970 1090 3002 :
1128 2950 1279 3013 Ecce,
1324 2950 1499 3019 Agnus
1528 2949 1641 3013 Dei,
1678 2949 1767 3018 qui
1813 2947 1948 3001 tollit
1980 2954 2190 3016 peccata
2229 2964 2378 2999 mun-

819 3043 949 3096 di”.
976 3044 1042 3096 Et
1069 3042 1263 3096 iterum
1292 3042 1574 3109 Scriptura
1606 3058 1620 3093 :
1653 3039 1751 3103 Qui
1793 3050 2063 3109 peccatum
2106 3056 2210 3092 non
2243 3040 2382 3107 fecit,

822 3151 912 3187 nec
962 3135 1195 3186 inventus
1231 3140 1303 3185 est
1345 3132 1492 3185 dolus
1537 3134 1589 3184 in
1627 3133 1772 3186 eo”.
1822 3132 1890 3186 Et
1923 3130 2103 3184 :Venit
2147 3133 2383 3199 princeps

2478 1955 2577 2024 τῆς
2606 1954 2867 2023 πονηρίας
2894 1954 2962 2005 τὰ
2982 1953 3343 2021 χειρόγραφα,
3372 1952 3465 2003 καὶ
3494 1951 3641 2018 λέγει
3672 1967 3685 1979 ·
3719 1970 3737 2001 ι
3777 1951 3880 2002 Ἰδε
3914 1946 4065 2003 οὗτοι

2480 2045 2797 2112 ὑπήκουσαν
2843 2042 2920 2111 τῷ
2968 2042 3109 2109 λόγῳ
3160 2058 3282 2111 μου,
3332 2042 3408 2095 ῐδε
3459 2042 3593 2094 ὅπου
3647 2040 4066 2111 προσεκύνησαν

2479 2137 2609 2205 ἡμῖν
2633 2136 2679 2187 oi
2710 2132 2806 2187 ἄνο
2818 2150 3009 2202 ρωποι.
3026 2134 3084 2185 Ὀ
3110 2134 3166 2185 δὲ
3191 2133 3347 2195 Θεὸς,
3376 2132 3749 2202 δικαιοκρίτης
3778 2131 3874 2194 ὣν,
3902 2134 4072 2184 κάκεῖ

2478 2228 2712 2280 δείκνυσι
2741 2226 2804 2278 τὸ
2826 2226 3032 2278 δίκαιον
3056 2225 3220 2278 αὑτοῦ
3251 2226 3341 2277 καὶ
3366 2226 3513 2293 λέγει
3538 2225 3718 2295 αὑτῷ;
3750 2224 4068 2294 ’Υπήκουσό

2482 2335 2565 2371 σοι
2591 2318 2827 2388 ὀἋδὰμ,
2858 2320 2949 2369 καὶ
2976 2317 3243 2386 κατέσχες
3273 2316 3439 2369 αὐτοῦ
3470 2316 3651 2378 πάσας
3679 2315 3776 2377 τὰς
3799 2314 4032 2383 καρδίας
4050 2332 4065 2345 ο

2482 2409 2758 2480 ὑπήκουσέ
2802 2425 2884 2462 σοι
2916 2412 2949 2476 ἡ
2981 2408 3363 2477 ἀνθρωπότης,
3389 2408 3449 2459 τὸ
3488 2409 3621 2475 ἑμὸν
3653 2406 3811 2475 σῶμα
3837 2407 3891 2459 τί
3922 2409 4072 2459 ποιεῖ

2481 2494 2601 2556 ὦδε.
2632 2502 2802 2555 Τοῦτο
2828 2500 3214 2571 ἀναμάρτητόν
3242 2501 3418 2552 ἔστιν’
3465 2502 3638 2552 ὲκείνο
3679 2500 3739 2551 τὸ
3786 2501 3945 2569 σῶμα
3972 2497 4070 2551 τοῦ

2488 2591 2706 2659 πρώτου
2739 2590 2909 2660 Ἀδὰμ
2954 2590 3294 2660 ὲχρεώστηαέ
3346 2607 3447 2652 σοι,
3484 2590 3578 2642 καὶ
3630 2590 3851 2653 δικαίως
3902 2589 4070 2642 αὑτοῦ

2485 2681 2735 2749 κατέχεις
2755 2680 2823 2731 τὰ
2848 2696 2907 2747 χε
2917 2680 3207 2750 ιρόγραφα·
3244 2679 3368 2749 ἐμοὶ
3383 2680 3439 2731 δὲ
3453 2680 3651 2740 πάντες
3672 2679 4070 2750 μαρτυροῦσιν,

2484 2772 2565 2824 ὅτι
2586 2772 2683 2840 οὐχ
2706 2771 2950 2840 ἥμαρτον
2970 2787 2982 2800 ·
3012 2770 3072 2822 οὑ
3104 2770 3361 2839 χρεωστῶ
3390 2787 3469 2822 σοι
3500 2770 3651 2822 οὐδέν
3672 2786 3685 2799 ·
3709 2771 3802 2822 καὶ
3828 2772 3912 2823 ὅτι
3943 2769 4073 2833 Υἱός

2486 2863 2602 2928 ειμι
2636 2860 2727 2912 τοῦ
2754 2860 2911 2924 Θεοῦ,
2941 2862 3141 2922 πάντες
3180 2878 3270 2929 μοι
3300 2860 3689 2931 μαρτυροῦσιν.
3709 2861 3925 2914 Ἐπάνω
3959 2864 4074 2930 γὰρ

2486 2951 2593 3003 τῶν
2617 2950 2861 3021 οὐρανῶν
2896 2949 3245 3020 ἐμαρτύρησε
3278 2950 3427 3020 φωνὴ
3451 2950 3676 3002 ἐλθοῦσα
3700 2952 3791 3002 ἐπὶ
3814 2949 3915 3018 τῆς
3942 2950 4073 3018 γῆς,

2492 3036 2679 3105 Οὗτός
2727 3042 2897 3094 ἐστιν
2942 3045 2973 3094 ό
3026 3042 3154 3106 Υἱός
3201 3055 3321 3109 μου
3375 3045 3407 3095 ό
3460 3042 3766 3110 ἀγαπητός
3808 3056 3822 3070 ’
3884 3041 4076 3096 αὐτοῦ

2489 3132 2756 3186 ἀκούετε.
2793 3131 3075 3198 Ἰωάννης
3090 3132 3392 3201 μαρτυρεῖ,
3410 3133 3525 3187 Ἵδε
3546 3132 3769 3201 ὀάμνὸς
3788 3132 3897 3187 τοῦ
3922 3132 4076 3187 Θεοῦ

821 3227 974 3293 hujus
994 3224 1196 3286 mundi,
1218 3233 1264 3276 et
1289 3226 1340 3276 in
1365 3240 1555 3275 menon
1579 3224 1727 3275 habet
1748 3223 2113 3291 quidquam”.
2134 3222 2391 3285 Quinimo
2418 3215 2458 3269 C
2493 3243 2506 3272 ρ

2385 3244 2391 3270 ν
2418 3215 2458 3269 C
2493 3226 2524 3275 δ
2552 3223 2736 3289 αιρων
2766 3222 2881 3289 τὴν
2909 3222 3200 3291 ἁμαρτίαν
3226 3223 3330 3276 τοῦ
3362 3224 3596 3291 κόσμου
3622 3239 3635 3252 ·
3683 3222 3777 3275 καὶ
3824 3224 3987 3276 πάλιν
4036 3226 4070 3292 ἡ

826 3325 882 3367 tu
904 3316 1038 3385 ipse,
1063 3315 1284 3379 Satana,
1319 3316 1386 3368 de
1417 3330 1501 3367 me
1525 3315 1741 3369 testaris
1764 3314 1953 3368 dicens
1986 3314 2149 3366 :Novi
2173 3323 2219 3365 te
2250 3314 2388 3382 quod

822 3405 893 3457 si:
916 3404 1075 3457 Filius
1107 3404 1200 3457 Dei
1228 3406 1286 3455 ¹⁶.
1319 3405 1386 3456 Et
1411 3404 1607 3456 iterum
1631 3422 1643 3454 :
1677 3402 1809 3465 Quid
1834 3406 1907 3456 rei
1926 3405 2067 3455 nobis
2100 3412 2261 3455 tecum
2287 3412 2385 3467 est,

824 3494 947 3547 Jesu
984 3493 1303 3547 Nazarene?
1335 3496 1517 3546 venisti
1550 3495 1645 3545 huc
1680 3494 1746 3545 ad
1770 3496 2111 3546 cruciandum
2146 3511 2237 3545 nos
2268 3502 2389 3546 ante

828 3585 1082 3655 tempus"
1105 3624 1119 3648 ,
1153 3585 1287 3637 Tres
1328 3600 1457 3652 ergo
1487 3584 1621 3637 mihi
1665 3586 2035 3638 testimonium
2066 3587 2388 3653 perhibent,

828 3676 919 3744 qui
948 3675 1183 3745 desuper
1217 3690 1246 3727 e
1271 3676 1423 3729 cadis
1462 3691 1647 3728 vocem
1698 3677 1917 3737 emittit,
1945 3687 2000 3730 et
2046 3678 2137 3745 qui
2176 3686 2303 3731 sunt
2335 3678 2390 3730 in

832 3777 995 3827 terra,
1040 3774 1095 3818 et
1122 3776 1177 3818 tu
1222 3767 1357 3834 ipse.
1401 3767 1629 3819 Redime
1662 3768 1824 3835 igitur
1848 3784 2047 3834 corpus
2078 3769 2174 3821 tibi
2200 3769 2390 3822 vendi-

834 3868 945 3909 tum
983 3874 1010 3910 a
1037 3858 1211 3925 primo
1258 3857 1370 3910 Ada
1407 3858 1682 3910 :dissolvo
1729 3870 1819 3911 tua
1861 3860 2222 3928 chirographa
2250 3878 2261 3912 :
2292 3875 2391 3929 ego

830 3949 977 4000 enim
1034 3946 1270 4000 satisfeci
1325 3962 1423 4014 pro
1488 3946 1689 4000 debitis
1724 3948 1869 4011 Δότε,
1915 3948 2043 4000 dum
2096 3948 2392 4003 cruciﬁxus

832 4053 972 4099 sum,
1010 4048 1064 4089 et
1097 4036 1151 4089 in
1181 4036 1450 4089 infernum
1500 4036 1777 4089 descendi.
1807 4038 1873 4090 Et
1918 4039 2116 4092 mando
2151 4039 2269 4102 tibi,
2312 4040 2394 4091 in-

832 4128 1003 4187 ferne,
1058 4127 1293 4180 tenebrze
1323 4136 1376 4178 et
1435 4142 1602 4189 mors,
1662 4127 1850 4179 emitte
1900 4126 2138 4181 inclusas
2184 4129 2395 4183 animas

830 4218 978 4271 Adm.
1028 4239 1041 4266 ι
1086 4218 1283 4285 Sicque
1333 4218 1551 4269 tandem
1599 4218 1857 4285 improbat
1892 4226 2212 4287 potestates,
2244 4228 2393 4273 metu

834 4311 1115 4376 perculsae,
1145 4309 1439 4361 restituunt
1482 4307 1746 4359 inclusum
1785 4307 1974 4359 Adam.

2494 3314 2820 3383 Γραφὴ,“ος
2847 3314 3139 3380 ἁμαρτίαν
3183 3314 3293 3365 οὐκ
3340 3313 3650 3378 ἐποίησεν,
3676 3311 3819 3366 οὺδέ
3856 3315 4073 3381 εὑρέθη

2492 3405 2673 3469 δόλος
2722 3404 2792 3457 ἐν
2834 3404 3027 3468 αὐτῷ’
3087 3405 3180 3456 καὶ
3231 3404 3613 3472 ὃτι,Ἔρχεται
3648 3394 3920 3472 όηάρχων
3964 3406 4075 3457 τοῦ

2490 3496 2719 3563 κόσμου
2748 3495 2985 3559 τούτου,
3026 3494 3125 3549 καί
3171 3496 3242 3548 ὲν
3286 3494 3415 3563 ἐμοί
3456 3497 3700 3564 εὑρήσει
3728 3498 3930 3551 οὐδέν.
3961 3499 4077 3549 Καὶ

2492 3587 2556 3639 σὺ
2581 3586 2636 3639 δὲ
2657 3586 2836 3647 αὐτὸς.
2857 3586 3117 3647 Σατανᾶς,
3140 3589 3434 3655 μαρτυρεῖς
3468 3603 3555 3655 μοι
3586 3587 3777 3654 λέγων,
3810 3585 3955 3640 Οἶδά
3999 3604 4077 3641 σε

2492 3678 2579 3741 τίς
2613 3672 2686 3737 εἴ,
2722 3679 2754 3729 ό
2795 3676 2925 3740 Υἱὸς
2964 3675 3069 3727 τοῦ
3104 3677 3283 3729 Θεοῦ’
3334 3678 3426 3729 καὶ
3471 3678 3656 3739 πάλιν,
3696 3680 3756 3731 Τί
3783 3678 3929 3745 ἡμῖν
3963 3681 4068 3731 καὶ

2492 3772 2590 3823 σοὶ
2631 3770 2824 3837 Ἰησοῦ
2857 3768 3197 3837 Ναζαρηνέ;
3225 3767 3405 3838 ἦλθες
3435 3772 3549 3838 πρὸ
3580 3772 3786 3839 καιροῦ
3805 3775 4077 3836 βασανί-

2493 3876 2597 3914 σαι
2625 3861 2803 3929 ἠμᾶς.
2836 3862 2998 3929 Τρεῖς
3025 3878 3113 3930 μοι
3144 3862 3536 3931 μαρτυροῦσιν,
3567 3866 3596 3915 6
3622 3866 3807 3917 ἐπάνω
3840 3866 3947 3917 τῶν
3978 3867 4069 3918 οὺ-

2495 3953 2674 4023 ρανῶν
2722 3952 2904 4022 φωνὴν
2949 3954 3191 4021 ἀφίησιν,
3228 3955 3277 4005 οί
3327 3956 3419 4005 ἐπὶ
3466 3956 3590 4022 γῆς,
3626 3956 3719 4008 καὶ
3769 3958 3833 4009 σὺ
3883 3958 4071 4020 αὑτός.

2506 4040 2851 4110 Ἐξαγοράζω
2878 4036 2969 4094 οὖν
2998 4042 3058 4093 τὸ
3084 4042 3241 4103 σῶμα
3265 4044 3325 4093 τὸ
3349 4043 3554 4111 πραθὲν
3582 4062 3660 4096 σοι
3688 4045 3776 4099 διὰ
3804 4046 3896 4098 τοῦ
3932 4047 4079 4119 πρώυ

2493 4150 2587 4184 του
2621 4133 2811 4200 Ἀδὰμ,
2837 4132 3097 4201 παραλύω
3147 4150 3240 4185 σου
3288 4135 3355 4187 τὰ
3396 4136 3918 4206 χειρόγραφα.Ἐγὼ
3965 4142 4076 4209 γὰρ

2495 4223 2750 4275 ἀπέδωκα
2783 4224 2851 4273 τὰ
2882 4224 3019 4291 χρέα
3048 4224 3141 4274 τοῦ
3186 4224 3355 4293 Ἀδὰμ
3388 4227 3716 4296 σταυρωθεὶς
3742 4230 3836 4280 καὶ
3880 4233 4078 4282 κατελ-

2496 4309 2603 4359 θὼν
2656 4312 2711 4360 ἐν
2756 4309 2834 4375 τῷ
2862 4310 2996 4379 ᾇδῃ’
3040 4313 3132 4362 καὶ
3177 4313 3380 4365 κελεύω
3424 4331 3535 4379 σοι,
3565 4316 3665 4386 ᾇδη
3717 4318 3811 4369 καὶ
3859 4322 4075 4384 σκότος,

833 4398 924 4449 καὶ
947 4396 1158 4456 θάνατε.
1181 4393 1384 4446 Ξκδοιλιε
1414 4394 1508 4453 τὰς
1526 4393 1979 4461 ἐγκεκλεισμὲνας
2005 4395 2177 4463 ψυχὰς
2208 4397 2298 4449 τοῦ
2330 4397 2518 4465 Ἀδάμ.
2553 4416 2568 4445 ι
2591 4398 2698 4447 Καὶ
2726 4396 2867 4449 οὕτω
2895 4397 3079 4449 λοιπὸν
3108 4402 3161 4450 αἱ
3189 4402 3423 4470 πονηραὶ
3451 4403 3710 4471 δυνάμεις
3729 4407 4079 4475 τρομάξασαι

833 4492 1140 4544 ἀποδιδοῦσι
1179 4490 1268 4540 τὸν
1309 4488 1756 4555 ἐγκεκλεισμένον
1794 4488 1979 4555 Ἀδάμ.

901 4584 1007 4653 42
1048 4582 1135 4634 XI.
1170 4581 1367 4633 Verum
1400 4580 1444 4632 si
1471 4578 1733 4641 audieris,
1764 4578 1911 4647 quod
1939 4580 2032 4633 illo
2060 4588 2307 4649 tempore
2329 4582 2397 4635 li-
2432 4588 2475 4641 ι)
2574 4581 2586 4633 l

2432 4588 2475 4641 ι)
2574 4580 2675 4636 lA'.
2695 4580 2837 4633 Ἀλλ’
2858 4581 2984 4634 ὅταν
3000 4581 3259 4654 ἀκούσῃς,
3286 4585 3366 4637 ὅτι
3390 4586 3447 4637 ὲν
3475 4585 3554 4655 τῷ
3568 4586 3743 4656 καιρῷ
3772 4588 3971 4659 ἐκείνῳ
3992 4593 4083 4662 ὲῤ-

836 4674 1040 4729 berarit
1066 4674 1273 4724 animas
1296 4686 1361 4722 ex
1390 4669 1954 4730 internoettenebris.
1980 4671 2202 4739 etquod
2224 4671 2287 4724 ad
2313 4672 2396 4726 in—

837 4768 980 4820 feros
1006 4760 1654 4823 descenderitDominus,
1682 4768 1736 4813 et
1762 4760 2055 4828 perfecerit
2094 4777 2231 4829 opus
2268 4779 2401 4831 pra:—

836 4858 1062 4916 clarum,
1102 4868 1168 4905 ne
1190 4854 1349 4918 longe
1380 4850 1448 4902 ab
1488 4850 1663 4901 anima
1696 4857 1787 4901 tua
1819 4849 1930 4902 haec
1960 4852 2178 4919 negotia
2211 4852 2401 4906 abesse

836 4944 1133 4997 existimes.
1164 4940 1333 4991 llomo
1389 4938 1659 5005 siquidem
1711 4936 1867 4989 facile
1901 4938 2047 5005 capit
2081 4949 2136 4991 et
2176 4940 2407 5008 suscipit

838 5036 1057 5087 malum.
1094 5032 1313 5085 Detinet
1342 5029 1487 5083 enim
1523 5044 1668 5080 mors
1696 5029 1934 5081 animam
1966 5029 2121 5092 Adae,
2149 5040 2203 5083 et
2233 5031 2286 5082 in
2317 5040 2399 5083 te—

840 5125 1021 5177 nebris
1072 5130 1198 5175 sunt
1253 5122 1473 5173 inclusa!
1522 5120 1882 5188 cogitationes
1915 5120 2133 5173 animm.
2160 5122 2227 5174 Et
2275 5138 2399 5175 cum

839 5212 1079 5267 audieris
1094 5212 1157 5263 de
1188 5210 1576 5273 monumentis,
1612 5226 1679 5262 ne
1705 5210 1772 5263 de
1797 5211 1961 5263 rebus
1988 5211 2092 5263 sub
2122 5221 2404 5280 aspectum

842 5304 1159 5359 cadentibus
1197 5303 1412 5355 tandem
1449 5300 1690 5369 cogites:
1729 5311 2145 5354 monumentum
2178 5304 2323 5356 enim
2354 5312 2409 5357 et

842 5396 1150 5463 sepulcrum
1196 5408 1289 5445 cor
1322 5401 1472 5443 tuum
1530 5402 1628 5443 est.
1669 5392 1802 5443 Cum
1829 5392 1971 5444 enim
2017 5393 2272 5462 princeps
2308 5410 2407 5447 ne-

842 5486 1062 5554 quitize,
1107 5493 1161 5537 et
1211 5484 1388 5550 angeli
1438 5484 1554 5549 ejus
1588 5482 1697 5534 illic
1737 5482 1923 5534 nidum
1971 5485 2405 5551 composuerint,

2501 4670 2701 4741 ῥύσατο
2728 4672 2826 4734 τὰς
2857 4672 3035 4741 ψυχὰς
3067 4675 3128 4723 ἐκ
3152 4674 3244 4725 τοῦ
3272 4674 3421 4744 ᾆδδυ,
3454 4676 3664 4730 καὶτοῦ
3698 4678 3944 4747 σκότους,
3981 4684 4079 4735 καὶ

2501 4763 2581 4813 ὅτι
2614 4762 2883 4829 κατῆλθεν
2929 4764 3008 4823 είς
3051 4763 3140 4815 τὸν
3186 4765 3318 4833 ᾅδην
3351 4767 3379 4817 6
3434 4767 3658 4837 Κύριος,
3695 4771 3787 4822 καὶ
3822 4773 4083 4841 ἐποίησεν

2502 4851 2710 4915 ἔνδοξον
2739 4852 2923 4920 ἔργον,
2972 4854 3047 4920 μὴ
3111 4854 3327 4922 μακρὰν
3374 4856 3481 4907 ἀπὸ
3526 4857 3623 4926 τῆς
3655 4858 3837 4928 ψυχῆς
3875 4877 3973 4913 σου
4012 4864 4082 4915 τὰ

2503 4942 2800 5012 πράγματα
2830 4940 3000 4994 ταῦτα
3050 4938 3188 4995 εἶναι
3236 4944 3484 5015 νομίσῃς.
3527 4949 3585 4999 Ὀ
3625 4949 3736 5018 γὰρ
3792 4949 4083 5020 ἄνθρωπός

2510 5036 2623 5084 ἐστι
2651 5033 2955 5101 χωρητικὺς
2986 5034 3080 5085 καὶ
3128 5034 3373 5098 δεκτικὸς
3407 5036 3502 5089 τοῦ
3553 5040 3794 5109 πονηροῦ
3816 5057 3830 5070 ·
3862 5044 4083 5111 κατέχει

2511 5125 2617 5193 γὰρ
2647 5127 2674 5176 6
2708 5124 2932 5186 θάνατος
2971 5125 3067 5186 τὰς
3096 5125 3271 5193 ψυχὰς
3299 5128 3392 5180 τοῦ
3444 5129 3636 5198 Ἀδὰμ,
3674 5132 3769 5183 καὶ
3809 5133 3961 5196 ἐντὸς
3990 5135 4082 5187 τοῦ

2510 5218 2732 5278 σκότους
2764 5217 2901 5269 είσὶν
2930 5218 2978 5268 οἱ
3019 5218 3276 5285 λογισμοὶ
3332 5220 3431 5288 τῆς
3471 5221 3650 5291 ψυχῆς
3690 5224 4086 5293 ἐγκεκλεισμέ-

2510 5324 2607 5359 νοι.
2640 5307 2747 5359 Καὶ
2772 5308 2902 5359 ὅταν
2934 5308 3175 5378 ἀκούσῃς
3208 5310 3337 5377 περὶ
3371 5312 3674 5379 μνημείων,
3730 5315 3805 5382 μὴ
3856 5315 3925 5366 τὰ
3964 5333 4083 5382 φαι-

2510 5398 2705 5466 νόμενα
2744 5394 2936 5467 λογίσῃ
2991 5398 3185 5464 μόνον’
3236 5404 3497 5469 μνημεῖον
3536 5402 3642 5471 γὰρ
3689 5403 3783 5455 καὶ
3825 5403 3998 5470 τάφος
4051 5405 4083 5471 ἡ

2510 5488 2707 5538 καοδία
2741 5504 2833 5538 σου
2866 5486 3031 5538 ἐστίν.
3064 5488 3233 5540 Ὅταν
3284 5491 3387 5560 γὰρ
3418 5494 3444 5545 ό
3484 5493 3667 5562 ἄρχων
3717 5494 3811 5561 τῆς
3864 5494 4083 5557 κακίας,

914 5658 1165 5729 ’AMatth:
1189 5672 1257 5717 τι,
1288 5656 1375 5707 21.
1427 5655 1782 5729 l°_18um.)t§l,
1810 5656 1861 5706 8.
1941 5657 1971 5684 ¹¹
2001 5656 2017 5707 1
2045 5656 2242 5729 βοτη,
2270 5659 2379 5729 25,
2402 5659 2490 5711 24.
2570 5660 2599 5689 ¹¹

2402 5659 2490 5711 24.
2570 5660 2605 5689 ¹¹
2638 5660 2824 5715 Matth.
2859 5679 2935 5725 tn,
2964 5663 3063 5725 16;
3101 5677 3229 5726 xvn,
3269 5664 3319 5716 5.
3400 5663 3437 5694 ’³
3476 5663 3631 5717 Joan.
3668 5680 3705 5729 ι,
3740 5664 3831 5719 29.
3908 5664 3950 5697 “
3982 5667 4080 5719 lsa.

844 5747 913 5795 tv,
943 5727 993 5781 9.
1075 5726 1292 5780 "Joan.
1328 5741 1433 5785 xw,
1466 5724 1551 5775 50.
1634 5724 1667 5754 ¹⁶
1693 5726 1853 5776 Marc.
1896 5742 1972 5789 Ill,
2008 5727 2088 5777 Η.
2169 5726 2201 5755 ⁸⁷
2236 5728 2422 5779 Matth.
2459 5745 2570 5793 vm,
2604 5730 2691 5782 20.
