4266 6356
209 340 307 403 553

1441 340 1806 403 HOMILIIE.
1830 364 1899 376 -
1929 340 2114 402 HOM.
2154 338 2251 399 XI.

3352 343 3455 408 554

211 459 300 511 καὶ
325 458 374 510 οί
401 456 621 525 ἄγγελοι
652 454 818 509 αὐτοῦ
856 455 974 508 ἐκεῖ
1010 454 1387 526 ἐμφωλεύωσι,
1414 456 1507 508 καί⁵
1533 456 1661 509 ὅταν
1683 455 1783 518 τὰς
1812 461 1857 519 Α
1886 454 1896 507 i

1769 472 1783 518 ;
1812 461 1857 519 Α
1886 454 2109 524 illicque
2137 452 2257 507 vias
2278 461 2331 507 et
2362 452 2558 508 itinera
2585 451 2948 518 confecerint,
2980 456 3454 523 quibusinambu—

209 546 426 615 τρίϐους
457 546 552 599 καὶ
578 546 677 609 τὰς
704 547 909 609 διόδους
952 548 1071 599 ἐκεῖ
1100 546 1385 611 ποιῶνται,
1428 547 1561 599 ὃπου
1608 547 1780 615 ἐμπε-

214 637 532 707 ριπατοῦσιν
560 640 616 691 aI
641 637 897 707 δυνάμεις
925 636 1019 690 τοῦ
1051 637 1264 690 Σατανᾶ
1286 638 1367 699 είς
1394 637 1485 690 τὸν
1506 634 1631 690 νοῦν
1660 653 1778 701 σου,

216 730 308 781 καὶ
339 730 417 792 είς
461 728 587 791 τοὺς
618 726 911 798 λογισμούς
952 744 1070 789 σου,
1102 727 1226 796 οὐχὶ
1248 726 1403 797 ᾅδης,
1456 728 1554 780 καὶ
1586 727 1779 796 τάφος,

218 819 312 871 καὶ
345 819 632 888 μνημεῖον,
693 817 785 869 καὶ
835 816 1029 887 νεκρὸς
1066 811 1117 869 εἷ
1156 814 1235 885 τῷ
1279 814 1431 886 Θεῷς
1477 817 1593 868 ἐκεῖ
1621 814 1731 885 γὰρ
1756 816 1784 866 6

220 912 461 971 Σατανᾶς
495 910 755 980 ἀργύριον
782 904 1047 977 ’ἀδόκιμον
1086 906 1374 977 ἐχάραξεν.
1411 906 1499 958 Ἐν
1529 908 1595 975 τῇ
1643 906 1788 975 ψυχῇ

219 1001 390 1071 ταύτῃ
433 1001 652 1070 ἔσπειρε
688 1000 978 1070 σπέρματα
1031 999 1257 1070 πικρίας
1288 1015 1301 1030 ·
1337 997 1584 1067 ἐζύμωσε
1639 995 1788 1065 ζύμῃ

224 1094 459 1163 παλαιᾷ·
507 1092 657 1162 βρύει
686 1094 801 1145 ἐκεῖ
835 1090 988 1161 πηγὴ
1018 1089 1302 1161 βορϐόρου.
1342 1087 1603 1157 Ἔρχεται
1637 1083 1728 1140 οῦν
1763 1089 1791 1140 6

226 1185 428 1253 Κύριος
459 1185 537 1245 εἰς
563 1182 660 1245 τὰς
689 1182 1055 1252 ἐπιζητούσας
1085 1180 1247 1233 αὐτὸν
1268 1180 1467 1249 ψυχὰς,
1499 1180 1579 1241 είς
1607 1179 1667 1231 τὸ
1696 1178 1795 1248 βά-

227 1275 317 1338 θος
347 1274 439 1328 τοῦ
478 1274 605 1344 ᾅδου
643 1277 740 1344 τῆς
770 1273 1021 1343 καρδίας,
1056 1273 1217 1324 κάκεῖ
1244 1269 1670 1341 προστάσσειτῷ
1692 1268 1797 1320 θα·-

226 1366 372 1436 νάτῳ
400 1367 592 1432 λέγων,
630 1365 888 1417 Ἔκϐαλε
913 1363 1021 1427 τὰς
1039 1361 1542 1431 ἐγκεκλεισμένας
1568 1359 1795 1427 ψυχὰς,

229 1455 333 1522 τὰς
360 1459 465 1527 ἐμὲ
494 1456 910 1521 ὲπιζητούσας,
958 1454 1033 1519 ἇς
1074 1453 1343 1522 κατέχεις
1375 1453 1607 1517 βιαίως.
1639 1451 1800 1519 Διαρο

232 1552 420 1618 ρήσσει
452 1548 546 1601 οῦν
564 1548 692 1610 τοὺς
712 1546 897 1617 βαρεῖς
922 1546 1102 1607 λίθους
1126 1542 1507 1611 ἐπικειμένους
1533 1542 1601 1610 τῇ
1624 1539 1793 1609 ψυχῇ,

1885 544 2001 599 Ient
2030 552 2327 614 potestates
2358 544 2572 601 Satanae
2602 545 2657 599 in
2680 554 2864 601 mente
2893 555 3004 609 tua,
3029 556 3085 600 et
3110 547 3459 615 cogitationi-

1886 633 1989 689 bus
2015 634 2142 697 tuis,
2194 648 2375 688 nonne
2399 634 2666 698 infernus,
2714 647 2771 692 et
2805 638 3139 705 sepulcrum,
3176 647 3232 691 et
3268 652 3463 691 monu-

1890 736 2157 782 mentum.
2183 734 2236 778 et
2264 734 2514 779 mortuus
2535 726 2646 780 Deo
2672 728 2770 781 es?
2808 728 2923 781 Illic
2945 729 3092 781 enim
3122 726 3351 781 Satanas
3371 743 3461 780 ar-

1890 826 2110 888 gentum
2169 818 2464 887 reprobum
2496 819 2771 887 impressit
2812 837 2823 872 :
2856 819 2909 872 in
2944 820 3121 873 anima
3152 820 3256 873 bac
3296 819 3459 873 semi-

1891 907 2258 963 navitsemina
2283 924 2486 971 amara,
2514 910 2932 964 etfermentavit
2951 910 3219 964 fermento
3245 910 3419 964 veteri
3443 926 3459 975 ;

1893 1000 2123 1054 scaturit
2156 1000 2267 1054 illic
2294 1001 2415 1055 fons
2445 1000 2568 1055 luti.
2612 1001 2905 1056 Descendit
2936 1017 3068 1072 ergo
3116 1001 3381 1055 Dominus
3408 1001 3463 1053 in

1893 1088 2102 1144 animas
2134 1103 2259 1143 eum
2284 1089 2647 1159 inquirentcs,
2682 1092 2736 1145 in
2797 1091 3228 1159 profunditatem
3259 1088 3459 1143 inferni

1893 1178 2095 1242 cordis,
2128 1180 2349 1248 illieque
2396 1181 2616 1235 mandat
2662 1181 2845 1245 morti,
2875 1182 3065 1237 dicens
3092 1201 3103 1234 :
3132 1181 3328 1236 Emitte
3352 1181 3467 1233 ani-

1903 1286 2017 1323 mas
2038 1270 2272 1324 inclusas
2300 1288 2383 1324 me
2403 1282 2717 1341 quwrcntcs,
2750 1290 2881 1342 quas
2902 1274 2947 1325 υἱ
2971 1274 3189 1326 detines.
3217 1274 3470 1327 Perrum-

1904 1360 1983 1428 pit
2012 1361 2179 1429 igitur
2218 1377 2413 1431 graves
2455 1362 2664 1431 lapides
2712 1363 2998 1431 impositos
3042 1364 3257 1426 animm.
3292 1363 3472 1432 aperit

1903 1458 2274 1513 monumenta,
2328 1451 2617 1504 resuscitat
2648 1466 2775 1504 vere
2833 1461 3109 1505 mortuum
3138 1461 3194 1506 et
3213 1451 3401 1506 educit
3438 1466 3470 1505 e

1903 1553 2125 1593 carcere
2160 1540 2453 1593 tenebroso
2476 1541 2711 1592 animam
2747 1541 3032 1595 inclusam.

230 1642 436 1709 ἀνοίγει
485 1640 553 1694 τά
605 1642 878 1710 μνημεῖα,
924 1640 1123 1708 άνιστᾷ
1168 1637 1257 1690 τὸν
1306 1636 1556 1705 ἀληθινὸν
1604 1633 1795 1702 νεκρὸν
1825 1670 1840 1696 ,
1882 1632 2130 1685 ἐκϐάλλει
2196 1636 2260 1686 ἐκ
2299 1636 2398 1700 τῆς
2454 1636 2731 1704 σκοτεινῆς
2775 1637 3017 1705 φυλακῆς
3056 1634 3153 1707 τὴν
3197 1636 3472 1703 ἐγκεκλει-

239 1736 444 1806 σμένην
477 1737 675 1805 ψυχήν.

302 1874 403 1928 lB'.
438 1875 537 1927 Ὃν
574 1872 773 1944 τρόπον
803 1872 898 1926 ἐὰν
992 1870 1277 1941 ἄνθρωπος
1312 1867 1593 1939 δεδεμένος
1615 1869 1798 1937 χεῖρας
1829 1867 1875 1925 Β
1974 1864 1987 1919 1

1787 1883 1798 1926 ;
1829 1867 1875 1925 B
1974 1864 2084 1919 XII.
2117 1864 2591 1932 Quemadmodum
2634 1866 2677 1921 si
2714 1867 2879 1920 homo
2908 1868 2980 1920 sit
3007 1868 3225 1921 vinctus
3266 1868 3472 1921 catenis

234 1964 327 2018 καὶ
359 1964 521 2026 πόδας
551 1963 795 2029 ἁλύσεσι,
821 1964 915 2015 καὶ
951 1962 1080 2033 ἔλθῃ
1107 1978 1191 2023 τις
1228 1960 1257 2012 6
1281 1958 1511 2013 διαλύων
1539 1955 1704 2011 αὐτοῦ
1732 1956 1801 2008 τὰ

232 2056 432 2125 δεσμὰ,
460 2056 554 2108 καὶ
582 2055 694 2125 ἀφῇ
725 2054 886 2106 αὐτὸν
920 2053 1203 2121 ἐλεύθερον
1226 2052 1550 2120 περιπατεῖν
1578 2052 1635 2102 ὲν
1683 2049 1802 2100 ἀνε-

237 2145 457 2215 κτότητι
478 2163 492 2175 ·
520 2143 662 2197 οὕτω
686 2144 783 2213 τὴν
813 2143 1101 2212 δεδεμένην
1121 2140 1297 2211 ψυχὴν
1325 2142 1441 2203 ταῖς
1460 2138 1682 2192 ἁλύσεσι
1708 2134 1800 2190 τοῦ

237 2232 469 2286 Θανάτου
526 2231 641 2284 λύει
704 2233 733 2283 6
781 2230 983 2300 Κύριος
1032 2230 1140 2282 ἀπὸ
1169 2229 1403 2299 δεσμῶν,
1435 2229 1528 2281 καί
1577 2226 1803 2297 ἀφίησιν

238 2320 429 2390 αὐτὴν,
458 2320 552 2374 καὶ
589 2320 867 2391 ἐλευθεροῖ
896 2321 985 2373 τὸν
1028 2319 1153 2372 νοῦν
1183 2319 1278 2372 τοῦ
1329 2319 1547 2380 άκόπως
1578 2321 1635 2370 ὲν
1667 2318 1802 2370 ἀνα-

238 2410 438 2462 παύσει
468 2412 786 2479 περιπατεῖν
820 2411 899 2471 είς
932 2410 1022 2461 τὸν
1052 2408 1231 2461 θεῖκὸν
1263 2409 1423 2479 ἀέρα.
1468 2409 1678 2476 Ὠσπερ
1713 2405 1807 2459 ἐὰν

238 2496 273 2573 ᾖ
315 2499 599 2568 ἄνθρωπος
657 2499 715 2550 ἐν
768 2498 1050 2567 πλησμονῇ
1108 2495 1354 2566 ποταμοῦ
1404 2497 1461 2550 ἐν
1493 2495 1664 2565 μέσῳ,
1714 2492 1807 2545 καὶ

240 2586 663 2650 καταϐυθισθεὶς
693 2588 750 2638 ἐν
778 2588 853 2657 τῷ
880 2588 1030 2641 ῦδατι
1058 2588 1234 2640 κεῖται
1265 2587 1478 2656 νεκρὸς,
1506 2583 1811 2653 πεπνιγμέ-

240 2699 330 2741 νος
351 2681 622 2751 άναμέσον
654 2681 843 2734 δεινῶν
871 2681 1112 2751 θηρίων⁹
1151 2682 1246 2735 καὶ
1287 2683 1335 2733 εί
1385 2680 1603 2749 θελήσει
1654 2678 1810 2739 ἄλλος

242 2773 529 2843 ἄνθρωπος
559 2774 785 2844 ἄπειρος
808 2772 900 2826 τοῦ
924 2773 1221 2843 κολυμϐᾷν,
1247 2773 1507 2825 διασῶσαι
1533 2772 1623 2824 16v
1646 2771 1812 2839 ἐμπεο

244 2874 430 2931 ποντα,
458 2866 551 2917 καὶ
596 2866 756 2927 αὐτὸς
793 2865 1186 2917 συναπόλλυται
1233 2865 1328 2915 καὶ
1360 2862 1631 2930 πνίγεται.
1688 2862 1813 2912 Aet-

250 2957 351 3007 116v
405 2951 501 3009 οῦν
548 2949 650 3007 ὧδε
702 2956 969 3023 ἐμπείρου
1018 2953 1385 3022 κολυμϐητοῦ,
1434 2954 1527 3005 καὶ
1572 2951 1813 3021 τεχνίτου

244 3045 429 3115 χρεία,
480 3045 567 3097 ἵνα
607 3044 860 3096 είσελθὼν
914 3047 991 3107 είς
1051 3045 1111 3095 τὸ
1148 3043 1309 3111 βάθος
1355 3042 1447 3095 τοῦ
1488 3041 1691 3095 κόλπου
1722 3038 1814 3093 106

246 3136 442 3198 ὕδατος
472 3137 586 3187 ἐκεῖ
614 3135 890 3204 καταδύσῃ
919 3135 1012 3185 καὶ¹
1046 3134 1314 3204 ἀνενέγκῃ
1348 3132 1439 3185 τὸν
1473 3148 1816 3185 καταπεπον-

246 3224 506 3293 τισμένον
538 3226 631 3276 καὶ
673 3223 802 3275 ὄντα
852 3222 1123 3293 ἁναμέσον
1149 3223 1257 3275 τῶν
1297 3222 1530 3293 θηρίων·
1560 3223 1654 3275 καὶ
1684 3222 1816 3273 αὐτὸ

246 3314 308 3367 δὲ
337 3314 400 3366 16
449 3316 592 3384 ὕδωρ
624 3316 752 3368 ὅταν
798 3314 882 3385 ἴδῃ
941 3312 1203 3383 ἔμπειρον
1254 3314 1346 3366 καὶ
1385 3312 1561 3365 εἰδότα
1610 3312 1817 3377 πλέειν,

253 3408 445 3476 βοηθεῖ
489 3406 682 3476 τούτῳ,
718 3408 808 3459 καὶ
843 3408 1103 3476 ἀναφέρει
1135 3407 1296 3458 αὑτὸν
1342 3407 1433 3482 έπξι
1470 3405 1538 3459 τὰ
1577 3404 1822 3474 ἀνώτερα

256 3498 420 3569 μέρη.
454 3497 641 3560 Οῦτως
674 3501 707 3568 ἡ
729 3498 874 3569 ψυχὴ
899 3501 978 3559 είς
999 3499 1233 3552 ἄϐυσσον
1261 3499 1506 3560 σκότους,
1540 3499 1633 3549 καὶ
1663 3499 1743 3559 είς
1763 3497 1825 3549 16

255 3590 422 3659 βάθος
460 3590 554 3643 τοῦ
591 3590 818 3643 θανάτου
852 3590 1343 3644 καταποντισθεῖσα
1370 3590 1682 3652 πέπνικται,
1728 3587 1824 3641 καὶ

254 3680 428 3750 νεκρά
458 3683 607 3733 ἐστιν
634 3681 741 3733 άπὸ
769 3679 863 3733 τοῦ
884 3681 1019 3733 Θεοῦ
1056 3681 1324 3751 ἀναμέσον
1370 3681 1574 3750 θηρίων
1610 3678 1820 3731 δεινῶν.

256 3771 370 3823 Kal.
401 3771 485 3834 τίς
513 3771 736 3824 δύναται
763 3775 841 3835 είς
860 3773 927 3826 τά
957 3775 1178 3841 ταμιεῖα
1210 3774 1392 3824 ἐκεῖνα
1444 3772 1540 3823 καὶ
1581 3771 1649 3821 τὰ
1686 3768 1823 3838 βάθη

256 3860 355 3913 τοῦ
381 3861 508 3931 ᾅδου
537 3863 628 3914 καὶ
666 3862 757 3913 106
790 3862 1019 3916 θανάτου
1069 3862 1372 3923 κατελθεῖν,
1420 3861 1467 3911 εἰ
1506 3860 1581 3928 μὴ
1611 3858 1772 3919 αὐτὸς
1801 3858 1829 3909 ὁ

258 3952 512 4023 τεχνίτης
546 3955 574 4004 6
605 3954 979 4024 ἐργασάμενος
1006 3954 1064 4007 16
1084 3954 1279 4024 σῶμα;
1315 3952 1482 4011 A616;
1518 3950 1733 4019 ἔρχεται
1754 3950 1832 4011 είς

260 4044 331 4096 τὰ
358 4043 453 4096 δύο
484 4044 645 4113 μέρη,
681 4045 761 4105 είς
808 4045 869 4095 τὸ
900 4044 1060 4113 βάθος
1088 4044 1181 4096 106
1221 4043 1367 4112 ᾅδου,
1416 4042 1509 4092 καὶ
1558 4039 1718 4091 πάλιν
1755 4038 1834 4100 είς

262 4134 357 4185 τὸν
418 4132 586 4200 βαθὺν
623 4133 823 4184 κόλπον
874 4136 972 4201 τῆς
1006 4132 1255 4200 καρδίας,
1300 4131 1433 4182 ὅπου
1470 4126 1758 4196 κατέχεται
1802 4126 1835 4194 ή

270 4224 420 4293 ψυχὴ
454 4224 558 4276 ὑπὸ
602 4225 695 4276 τοῦ
742 4224 968 4276 θανάτου
1008 4225 1105 4275 σὺν
1155 4224 1265 4283 τοῖς
1293 4221 1571 4288 λογισμοῖς
1628 4218 1830 4279 αὐτοῖς,

265 4316 363 4367 καὶ
392 4315 653 4382 ἀναφέρει
692 4315 757 4367 ἐκ
794 4312 889 4366 τοῦ
918 4312 1190 4366 σκοτεινοῦ
1218 4310 1377 4381 βυθοῦ
1427 4310 1517 4362 τὸν
1562 4324 1829 4375 νενεκρω-

272 4406 435 4473 μένον
497 4406 689 4473 Ἀδάμη
744 4405 853 4457 Καὶ
890 4403 1050 4465 αὐτὸς
1093 4402 1147 4454 δὲ
1196 4404 1223 4454 6
1274 4400 1521 4460 θάνατος,
1585 4396 1672 4448 διὰ
1731 4395 1832 4462 τῆς

1903 1956 2156 2010 manibus
2183 1956 2544 2025 pedibusque,
2586 1966 2642 2011 et
2671 1959 2857 2012 veniat
2889 1958 3088 2026 aliquis
3116 1959 3209 2027 qui
3255 1958 3472 2013 vincula

1903 2047 2076 2117 ipsius
2103 2048 2297 2112 solvat,
2329 2056 2383 2102 et
2407 2048 2649 2103 dimittat
2679 2064 2830 2112 eum,
2876 2059 2935 2102 ut
2965 2050 3105 2102 liber
3148 2049 3393 2104 ambulet
3417 2048 3471 2102 in

1905 2141 2240 2209 propatulo:
2292 2140 2371 2194 sic
2419 2136 2660 2194 animam
2713 2142 2924 2195 catenis
2982 2141 3175 2195 mortis
3236 2141 3475 2194 vinctam

1904 2229 2066 2284 solvit
2087 2230 2349 2284 Dominus
2383 2245 2412 2283 a
2438 2230 2693 2294 vinculis,
2750 2238 2805 2285 et
2833 2230 3061 2285 dimittit
3096 2232 3241 2286 illam
3265 2270 3279 2293 ,
3305 2246 3369 2285 ac
3414 2230 3477 2284 li-

1906 2321 2061 2375 berat
2089 2328 2351 2385 mentem,
2397 2329 2458 2375 ut
2496 2321 2705 2391 absque
2755 2322 3004 2377 molestia
3031 2332 3087 2377 et
3124 2338 3247 2376 cum
3293 2322 3478 2390 quiete

1908 2411 2152 2465 ambulet
2218 2410 2272 2465 in
2341 2426 2520 2466 aerem
2574 2412 2846 2466 divinum.
2897 2413 3130 2467 Perinde
3181 2430 3243 2466 ac
3277 2415 3321 2467 si
3355 2412 3480 2481 quis

1907 2503 2071 2556 homo
2106 2504 2159 2555 in
2190 2504 2351 2571 pleno
2380 2518 2443 2557 ac
2467 2503 2647 2556 medio
2671 2503 2893 2558 flumine
2926 2504 3208 2559 demersus
3232 2504 3284 2557 in
3314 2520 3480 2572 aqua,

1904 2593 2083 2661 jaceat
2107 2603 2379 2655 mortuus,
2429 2593 2728 2647 suffocatus
2766 2595 2819 2647 in
2852 2594 3032 2648 medio
3080 2593 3479 2648 liorrendorum

1910 2689 1966 2735 et
1993 2680 2301 2735 crudelium
2352 2683 2669 2736 animalium
2707 2702 2719 2736 :
2748 2695 2802 2738 et
2836 2684 3029 2752 siquis
3080 2685 3222 2738 alius
3253 2683 3479 2737 natandi

1912 2772 2132 2841 ignarus
2193 2773 2325 2826 velit
2370 2773 2517 2826 hunc
2561 2774 2615 2827 in
2656 2789 2851 2842 aquam
2904 2774 3207 2843 (tollapsum
3240 2790 3483 2836 servare,

1914 2864 2029 2934 ipse
2060 2865 2220 2919 simul
2253 2874 2439 2933 pereat
2466 2872 2521 2917 et
2547 2865 2879 2931 sutl‘occtur;
2914 2876 3063 2920 certe
3092 2882 3231 2934 opus
3268 2866 3358 2919 hic
3387 2881 3484 2934 pe-

1916 2954 2022 3008 rito
2044 2956 2264 3009 natandi
2300 2957 2509 3009 artifice
2537 2965 2643 3020 est,
2676 2967 2735 3010 ut
2758 2957 3034 3026 ingressus
3060 2958 3113 3010 in
3154 2957 3485 3027 profundum

1910 3062 2076 3115 aqua;
2106 3046 2311 3110 sinum,
2339 3047 2450 3100 illic
2474 3063 2643 3116 aquas
2674 3047 2867 3100 subeat
2902 3066 2913 3099 :
2940 3058 2996 3100 et
3022 3047 3217 3101 referat
3239 3064 3364 3102 eum
3394 3050 3490 3116 qui

1918 3138 2203 3193 demersus
2240 3139 2294 3191 in
2333 3138 2513 3193 medio
2554 3139 2863 3192 bclluarum
2904 3147 3021 3191 erat
3049 3156 3061 3190 :
3091 3140 3141 3193 ei
3174 3140 3289 3208 ipsa
3326 3158 3488 3210 aqua,

1920 3229 1964 3283 si
1992 3230 2214 3298 quando
2247 3231 2483 3298 peritum
2512 3230 2645 3283 artis
2668 3229 2889 3283 natandi
2910 3230 3173 3285 artificem
3194 3241 3351 3284 nacta
3374 3232 3491 3286 fue--

1926 3320 2016 3381 rit,
2054 3321 2230 3388 ipsum
2267 3320 2507 3390 adjuvat,
2541 3328 2596 3375 et
2630 3322 2769 3375 tollit
2813 3322 2868 3375 in
2919 3322 3263 3391 superficiem
3318 3340 3489 3391 aqum.

1926 3410 2130 3464 Eodem
2183 3412 2344 3465 modo
2392 3413 2573 3466 anima
2609 3412 2662 3465 in
2720 3414 2974 3483 abyssum
3036 3414 3386 3467 tenebrarum
3440 3425 3496 3469 et

1926 3505 2355 3573 profunditatem
2385 3505 2578 3559 mortis
2631 3506 2901 3569 demersa,
2938 3506 3201 3559 sufl‘oeata
3225 3547 3238 3570 ,
3274 3516 3330 3560 et
3356 3524 3497 3561 mor-

1928 3603 2017 3648 tua
2041 3604 2125 3649 est
2156 3611 2185 3648 a
2211 3596 2320 3649 Deo
2344 3595 2398 3647 in
2425 3596 2605 3648 medio
2628 3595 2892 3647 ferocium
2920 3595 3260 3647 animalium.
3287 3596 3352 3648 Et
3375 3597 3499 3664 quis

1928 3692 2108 3752 potest
2137 3683 2189 3735 in
2212 3684 2509 3752 penetralia
2537 3683 2625 3735 illa
2657 3692 2711 3736 et
2740 3681 3005 3750 profunda
3035 3682 3231 3735 inferni
3260 3691 3315 3735 et
3355 3697 3499 3734 mor-

1933 3774 2003 3827 tis
2024 3773 2381 3837 descendere,
2418 3774 2521 3827 nisi
2562 3774 2677 3841 ipsc
2720 3773 2936 3841 opifex,
2963 3776 3055 3840 qui
3093 3774 3493 3827 condidit'cor-

1934 3866 2219 3935 pusilpse
2238 3874 2486 3934 penetrat
2516 3865 2652 3918 duas
2686 3873 2889 3933 partes,
2921 3864 3249 3931 profundum
3289 3864 3494 3917 scilicet

1932 3957 2153 4019 inferni,
2187 3965 2241 4010 et
2272 3954 2602 4024 profundum
2646 3954 2821 4007 sinum
2854 3952 3055 4016 cordis,
3086 3953 3179 4005 ubi
3224 3952 3499 4005 detinetur

1934 4047 2113 4099 anima
2148 4062 2175 4097 a
2203 4054 2374 4097 morte
2411 4060 2534 4097 cum
2576 4043 2831 4097 omnibus
2874 4043 2988 4096 suis
3037 4043 3496 4112 cogitationibus,

1934 4148 2096 4205 atque
2138 4138 2324 4190 educit
2369 4152 2434 4189 ex
2488 4135 2775 4188 tenebrosa
2806 4134 3175 4202 profunditate
3217 4141 3494 4187 mortuum

1938 4228 2127 4282 Adam.
2161 4228 2276 4295 Ipsa
2304 4241 2517 4294 quoque
2549 4240 2695 4277 mors
2730 4225 3138 4277 exercitationis
3154 4224 3323 4293 gratia
3345 4223 3501 4294 adju-

1939 4329 2122 4374 mento
2151 4329 2234 4372 est
2262 4318 2363 4386 ipsi
2403 4316 2634 4377 homini,
2666 4316 2834 4369 veluti
2865 4331 3004 4383 aqua
3033 4315 3259 4368 natanti.

270 4496 576 4567 γυμνασίας
608 4496 687 4557 είς
722 4494 972 4564 βοήθειαν
1026 4492 1233 4560 γίνεται
1257 4489 1419 4544 αὑτοῦ
1477 4486 1569 4540 τοῦ
1593 4486 1896 4555 ἀνθρώπου,
1931 4480 2116 4549 ὥσπερ
2145 4478 2205 4529 16
2240 4476 2381 4546 ὕδωρ
2411 4475 2488 4545 τῷ
2510 4476 2865 4545 κολυμϐῶντι.

342 4680 447 4735 II".
493 4680 559 4731 Τί
608 4677 717 4748 γὰρ
746 4676 1003 4746 δυσχερές
1038 4677 1154 4727 ἐστι
1193 4672 1270 4743 τῷ
1314 4668 1434 4739 Θεῷ
1466 4665 1730 4721 εἰσελθεῖν
1760 4664 1836 4725 εἰς
1872 4663 1915 4718 D
2012 4657 2027 4710 Ἰ

1822 4679 1836 4725 ;
1872 4663 1915 4718 D
2012 4656 2150 4710 XIII.
2176 4653 2315 4720 Quid
2340 4652 2487 4707 enim
2520 4660 2603 4706 est
2632 4650 2850 4705 difficile
2894 4652 3005 4705 Deo
3036 4664 3325 4721 penetrare
3363 4670 3507 4707 mor-

271 4771 368 4823 τδν
403 4769 653 4830 θάνατον,
688 4768 781 4820 καὶ
813 4765 976 4817 πάλιν
1029 4766 1108 4825 είς
1154 4763 1245 4815 τὸν
1285 4760 1454 4830 βαθὺν
1508 4757 1707 4811 κόλπον
1742 4754 1841 4823 τῆς

274 4860 525 4929 καρδίας,
562 4856 815 4911 κάκεῖθεν
855 4854 1296 4909 ἀνακαλέσασθαι
1322 4850 1412 4904 16v
1442 4846 1843 4917 νενεκρωμένον

287 4950 495 5020 Ἀδάμς
527 4951 585 5001 ἐν
612 4949 717 5018 γάρ
746 4946 822 5015 τῷ
848 4945 1161 5013 φαινομένῳ
1199 4942 1354 4997 αίῶνί
1383 4941 1521 4993 εἰσιν
1555 4938 1723 4991 οἰκίαι
1747 4936 1843 4989 καὶ

276 5039 579 5108 οἰκοδομαὶ,
611 5039 744 5092 ὅπου
792 5039 825 5107 ἡ
860 5035 1216 5106 άνθρωπότης
1246 5033 1522 5087 κατοικεῖ·
1555 5028 1662 5082 Καί
1706 5029 1843 5080 είσιν

279 5132 415 5186 ὅπου
449 5129 635 5198 θηρία,
664 5128 896 5190 λέοντες,
937 5127 969 5196 ἢ
1000 5127 1317 5196 δράκοντες,
1344 5124 1434 5176 καὶ
1489 5120 1625 5175 ἄλλα
1667 5118 1844 5171 l066).a

282 5221 470 5292 θηρία.
496 5222 557 5273 Et
581 5221 758 5273 τοίνυν
789 5221 817 5272 6
847 5219 997 5288 ἥλιος
1024 5217 1228 5285 κτίσμα
1254 5214 1349 5278 ὢν,
1385 5211 1689 5281 εἰσέρχεται
1715 5226 1848 5261 παν-

282 5313 534 5381 ταχόθεν,
572 5310 662 5363 διά
711 5308 819 5362 τῶν
852 5309 1102 5379 θυρίδων,
1135 5308 1253 5376 ἦτοι
1304 5304 1504 5374 θυρῶν,
1548 5301 1644 5354 καὶ
1678 5302 1757 5363 εἰς
1782 5299 1851 5351 τὸ.

285 5403 529 5471 σπήλαια
557 5401 665 5454 τῶν
691 5400 937 5461 λεόντων,
983 5398 1079 5451 καὶ
1125 5398 1206 5459 είς
1234 5394 1332 5457 τὰς
1361 5393 1501 5455 ὀπὰς
1547 5390 1655 5444 τῶν
1683 5390 1850 5460 ἑρπε-

284 5494 413 5554 τῶν,
467 5493 561 5544 καὶ
625 5492 923 5561 ἐξέρχεται,
976 5491 1068 5543 καὶ
1130 5487 1280 5541 οὐδὲν
1317 5485 1650 5554 βλάπτεται·
1702 5482 1853 5549 πόσῳ

289 5584 490 5655 μᾶλλον
520 5585 549 5636 6
576 5583 706 5646 Θεὸς
739 5583 834 5635 καὶ
886 5580 1160 5649 Δεσπότης
1188 5578 1403 5630 πάντων
1435 5574 1740 5643 εἰσέρχεται
1774 5572 1852 5632 εἰς

285 5676 413 5737 τοὺς
450 5672 710 5741 φωλεοὺς,
747 5672 841 5723 καὶ
878 5671 958 5733 είς
990 5670 1114 5731 τοὺς
1144 5667 1349 5730 οῐκους,
1390 5665 1522 5717 ὅπου
1578 5661 1850 5727 κατεσκὴο

288 5782 463 5819 νωσεν
498 5765 526 5817 6
556 5763 804 5827 θάνατος,
838 5762 932 5817 καὶ
957 5763 1034 5823 εἰς
1060 5761 1157 5823 τὰς
1206 5756 1403 5826 ψυχὰς,
1439 5752 1690 5807 κάκεῖθεν
1728 5750 1843 5820 ῥυό-

1949 4757 2056 4801 tem
2080 4755 2135 4800 οι
2154 4742 2483 4814 profundum
2533 4742 2713 4794 sinum
2756 4742 2959 4805 cordis,
3006 4759 3069 4796 ac
3099 4744 3223 4798 inde
3257 4760 3511 4801 revocare

1950 4848 2224 4892 mortuum
2282 4833 2495 4888 Adam?
2542 4832 2600 4886 In
2650 4834 2754 4887 hoc
2795 4834 2943 4887 enim
2998 4836 3253 4903 praesenti
3316 4838 3512 4891 smculo

1950 4938 2079 4984 sunt
2102 4927 2467 4981 habitationes
2491 4934 2546 4978 et
2571 4926 2902 4988 mansiones,
2939 4925 3031 4978 ubi
3073 4926 3323 4981 homines
3362 4929 3516 4982 babi-

1949 5030 2067 5075 tent
2097 5038 2111 5073 :
2148 5029 2205 5073 et
2226 5026 2353 5074 sunt
2373 5032 2592 5087 quoque
2620 5018 2710 5071 ubi
2747 5016 2960 5083 belluas,
2987 5017 3195 5082 leones,
3227 5018 3514 5082 dracones,

1950 5121 2006 5167 et
2033 5112 2154 5165 alia:
2181 5125 2452 5165 venenum
2492 5109 2807 5165 emittentes
2836 5108 2964 5162 fera:
3005 5107 3272 5162 habitent.
3317 5109 3371 5164 Si
3415 5111 3517 5179 igi-

1955 5209 2043 5251 tur
2072 5198 2172 5263 sol,
2212 5196 2305 5267 qui
2348 5206 2432 5251 est
2469 5204 2740 5261 creatura,
2778 5212 3103 5265 quocunque
3136 5206 3407 5266 penetrat,
3442 5199 3519 5253 fe-

1956 5294 2189 5351 nestras,
2224 5296 2317 5340 aut
2342 5288 2534 5357 januas
2556 5327 2569 5351 ,
2603 5295 2712 5339 tam
2753 5288 3042 5356 speluncas
3068 5287 3308 5353 leonum,
3353 5305 3517 5357 quam

1958 5393 2219 5433 cavernas
2235 5379 2535 5447 reptilium,
2569 5386 2625 5431 et
2663 5378 2916 5447 egressus
2957 5378 3328 5447 nequidquam
3368 5380 3519 5433 Iredi-

1961 5481 2049 5526 tur
2076 5510 2090 5534 ,
2127 5478 2330 5538 quanto
2358 5470 2527 5540 magis
2548 5470 2691 5523 Deus
2720 5479 2775 5523 et
2816 5469 3077 5523 Dominus
3118 5470 3397 5533 omnium,
3434 5470 3517 5523 in-

1958 5576 2174 5632 gressus
2192 5560 2352 5615 nidos
2376 5570 2431 5614 et
2454 5560 2730 5614 domicilia
2757 5559 2848 5613 ubi
2907 5575 3057 5613 mors
3092 5560 3319 5622 habitat,
3358 5568 3521 5627 atque

1958 5654 2123 5707 etiam
2150 5653 2380 5716 animas,
2409 5662 2463 5706 et
2494 5654 2643 5706 illinc
2665 5652 2905 5720 eripiens
2930 5651 3122 5715 Adam,
3144 5653 3288 5704 nulla
3321 5652 3519 5720 injuria

1961 5743 2227 5799 allieiturl
2272 5742 2345 5797 Ac
2380 5744 2561 5811 pluvia
2594 5760 2624 5798 c
2665 5743 2803 5798 coelo
2828 5742 3163 5797 descendens
3193 5742 3260 5797 ad
3301 5743 3522 5798 intimas
