4266 6356
837 438 942 499 555

2082 431 2141 489 S.
2184 428 2507 489 MACARII
2548 427 2869 489 IEGYPTII

3970 424 4078 487 556

839 564 995 607 terra
1025 556 1206 618 partes
1236 561 1407 616 usque
1436 545 1723 617 pertingit,
1747 543 1844 602 ubi
1869 541 2169 600 exsiccatas
2189 542 2402 596 radices
2438 550 2467 604 Λ

2438 550 2475 604 Λ
2513 559 2671 610 μενος
2717 543 2809 594 τὸν
2849 542 3017 611 Ἀδάμ
3046 542 3146 595 οὐκ
3189 541 3456 594 άδικείται
3511 541 3617 595 ὑπὸ
3662 539 3756 595 τοῦ
3793 540 4081 603 Gavisa-4;

831 642 939 715 53
970 654 1160 695 rursus
1176 639 1455 694 humectat
1472 646 1528 693 et
1544 644 1792 703 renovat,
1818 650 1882 692 ac
1904 634 2159 705 producit
2178 648 2399 704 germen

835 747 1058 788 ιιονυιη.

904 1019 1043 1073 XIV.
1080 1018 1233 1073 Alius
1252 1026 1356 1081 est,
1378 1018 1469 1086 qui
1491 1014 1789 1071 certamine
1813 1022 1868 1067 et
1888 1013 2034 1068 bello
2051 1025 2175 1065 cum
2200 1009 2398 1064 Satana

837 1110 1011 1174 inito,
1066 1107 1415 1162 afﬂictionem
1469 1107 1674 1175 patitur
1705 1122 1717 1157 :
1748 1104 1839 1157 hic
1882 1101 2177 1156 contritam
2232 1098 2399 1151 habet

836 1201 1112 1254 animam:
1145 1197 1198 1251 in
1243 1198 1614 1252 sollicitudine
1647 1196 1827 1255 enim,
1862 1195 2013 1247 luctu
2048 1206 2112 1245 ac
2142 1190 2398 1259 lacrymis

834 1292 1164 1346 constitutus
1192 1300 1275 1345 est
1298 1308 1310 1343 :
1334 1291 1607 1357 duplicem
1632 1285 1901 1356 ejusmodi
1924 1285 2087 1337 homo
2106 1294 2394 1350 personam

832 1383 1083 1437 sustinet.
1114 1382 1168 1436 Si
1205 1382 1369 1451 igitur
1407 1380 1462 1434 in
1497 1381 1581 1433 his
1606 1378 1841 1449 negotiis
1874 1376 2067 1430 ﬁrmus
2087 1382 2393 1443 permanet,

832 1474 890 1527 in
920 1473 1065 1527 bello
1094 1472 1361 1526 Dominus
1382 1472 1432 1525 ei
1475 1470 1629 1524 adest
1684 1478 1738 1523 et
1770 1473 2059 1522 conservat
2086 1480 2232 1528 eum,
2266 1462 2395 1533 quia

830 1562 1029 1629 quaerit
1052 1561 1271 1614 assidue
1297 1570 1353 1614 et
1385 1560 1820 1629 pulsatjanuam,
1844 1556 2067 1625 quando
2090 1555 2139 1608 ei
2161 1554 2391 1623 aperiat.

831 1652 1035 1704 lterum
1068 1666 1222 1714 vero,
1267 1651 1312 1704 si
1342 1658 1599 1719 appareat
1631 1648 1730 1701 tibi
1766 1648 1932 1701 frater
1956 1655 2215 1699 strenuus
2246 1660 2314 1697 eo
2338 1644 2392 1696 in

832 1742 999 1804 bello,
1030 1757 1059 1795 a
1101 1741 1274 1811 gratia
1318 1748 1403 1795 est
1442 1742 1793 1793 confirmatus
1827 1756 1838 1791 :
1870 1737 1961 1806 qui
2019 1752 2148 1789 vero
2196 1734 2392 1788 funda-

831 1840 1076 1886 mentum
1130 1847 1236 1884 non
1290 1830 1474 1895 habet,
1524 1846 1633 1883 non
1676 1837 1956 1897 tantopere
1990 1830 2158 1881 Deum
2213 1828 2389 1886 timet,

830 1936 933 1974 nec
959 1921 1257 1973 contritum
1298 1927 1382 1973 est
1414 1935 1509 1972 cor
1541 1920 1681 1988 ejus,
1719 1933 1821 1971 nec
1866 1920 1918 1969 in
1973 1927 2117 1970 metu
2149 1924 2252 1977 est,
2290 1930 2392 1967 nec
2422 1931 2467 1988 Β

826 2010 1086 2063 observat
1118 2025 1213 2063 cor
1240 2024 1427 2071 suum,
1467 2017 1520 2061 et
1556 2007 1817 2071 membra,
1842 2022 1911 2060 ne
1939 2005 2246 2059 inordinate
2278 2019 2393 2057 am-

829 2100 1022 2153 bulent
1052 2116 1065 2151 :
1091 2098 1358 2166 ejusmodi
1390 2098 1569 2151 adhuc
1600 2097 1921 2151 dissolutam
1966 2094 2132 2149 habet
2157 2094 2392 2146 animam

829 2203 1020 2251 suam;
1060 2187 1304 2240 nondum
1337 2186 1482 2239 enim
1513 2185 1758 2254 praelium
1801 2185 2082 2253 ingressus
2107 2190 2210 2237 est.
2242 2182 2395 2235 Alius

829 2278 997 2347 igitur
1040 2286 1154 2341 est,
1189 2276 1283 2346 qui
1328 2276 1383 2329 in
1416 2277 1557 2329 bello
1601 2285 1656 2329 et
1702 2275 1991 2328 aﬂlictione
2021 2283 2124 2337 est,
2154 2281 2207 2327 et
2258 2272 2396 2326 alius

828 2368 921 2436 qui
948 2367 1028 2422 rei
1067 2366 1319 2421 militaris
1344 2365 1565 2435 ignarus
1594 2363 1775 2418 adhuc
1823 2372 1924 2416 est.
1952 2362 2161 2417 Etenim
2187 2362 2394 2417 semina

827 2475 1046 2529 quoque
1092 2459 1146 2512 in
1193 2466 1395 2513 terram
1437 2458 1600 2510 missa
1632 2455 1981 2509 afﬂictionem
2016 2455 2309 2517 sustinent,
2341 2454 2392 2507 in

827 2554 973 2621 gelu,
1009 2551 1211 2616 hieme,
1243 2558 1299 2604 et
1332 2550 1533 2620 frigore
1581 2548 1725 2603 aeris
1754 2566 1766 2600 :
1799 2562 1861 2600 ac
1907 2546 2167 2615 deinceps
2206 2544 2394 2599 debito

829 2652 1071 2710 tempore
1104 2639 1389 2695 reviviscit
1422 2653 1666 2709 germen.

899 2828 1013 2881 XV.
1047 2827 1328 2898 Contingit
1379 2836 1559 2881 autem
1596 2826 1904 2888 interdum,
1956 2834 2016 2878 ut
2063 2824 2292 2879 Satanas
2341 2825 2393 2877 in

828 2919 993 2972 corda
1022 2929 1202 2971 tecum
1248 2918 1510 2987 disputet,
1548 2916 1759 2971 scilicet
1798 2933 1813 2969 :
1848 2915 1979 2968 Ecce
2008 2924 2206 2984 quanta
2251 2915 2395 2967 mala

827 3010 1153 3072 commisisti,
1202 3025 1314 3061 ecce
1350 3016 1552 3077 quanta
1594 3008 1803 3059 insania
1846 3007 2025 3058 anima
2072 3014 2165 3058 tua
2195 3004 2395 3074 repleta

828 3108 926 3163 est,
968 3108 1017 3153 et
1044 3116 1201 3168 quam
1227 3107 1442 3152 onustus
1478 3114 1526 3151 es
1557 3099 1801 3167 peccatis,
1838 3104 1894 3148 ut
1934 3096 2161 3165 amplius
2195 3095 2396 3149 salvari

830 3208 934 3244 non
963 3191 1145 3259 possis.
1183 3190 1306 3243 lla-c
1352 3197 1535 3242 autem
1574 3188 1696 3241 ideo
1728 3187 1880 3248 facit,
1919 3193 1979 3239 ut
2022 3194 2071 3239 te
2113 3187 2167 3239 in
2198 3185 2395 3253 despe-

2509 635 2617 686 Καὶ
2643 634 2672 685 6
2695 633 2844 698 ὑετὸς
2873 633 2931 696 ἐξ
2955 631 3187 702 ούρανοῦ
3209 634 3630 704 κατερχόμενος,
3666 632 3860 702 φθάνει
3890 633 4082 701 κατέρ-

2507 726 2696 791 χεσθαι
2719 725 2798 785 είς
2827 724 2894 777 τά
2924 723 3209 794 κατώτερα
3241 725 3383 794 μέρη
3408 724 3507 792 τῆς
3541 724 3664 791 γῆς,
3694 723 3954 775 κάκεῖθεν
3982 724 4082 783 τάς

2505 814 2864 882 ξηρανθείσας
2931 816 3085 884 ῥίζας
3140 816 3409 884 άνύγρανε
3450 815 3545 867 καὶ
3592 814 3923 878 ἀνεκαίνισε,
3986 814 4079 865 καὶ

2503 906 2758 976 εποίησεν
2787 908 2901 957 ἐκεῖ
2941 907 3183 976 γέννημα
3214 907 3419 960 καινόν.

2572 996 2669 1049 IA’.
2708 995 2897 1058 Ἀλλος
2934 996 3082 1048 ἐστὶν
3122 997 3150 1048 6
3182 996 3319 1065 ἔχων
3350 996 3569 1064 άγῶνα,
3619 997 3713 1048 καὶ
3746 996 3948 1061 θλῖψιν,
3984 999 4080 1048 καὶ

2503 1087 2737 1157 πόλεμον
2779 1089 2914 1159 πρὸς
2962 1089 3053 1141 τὸν
3092 1090 3335 1143 Σατανᾶν
3358 1107 3372 1120 θ
3410 1085 3564 1152 οὗτος
3600 1089 4077 1159 συντετριμμένην

2500 1178 2611 1246 ἔχει
2656 1178 2758 1247 τὴν
2796 1177 2974 1247 ψυχὴν
3028 1178 3233 1230 αὐτοῦ’
3264 1179 3320 1230 ὲν
3368 1179 3605 1250 μερίμνῃ
3650 1180 3759 1248 γάρ
3810 1182 3926 1231 ἐστι
3984 1180 4079 1230 καὶ

2503 1268 2686 1319 πένθει
2718 1270 2811 1321 καὶ
2863 1268 3144 1337 δάκρυσιν.
3195 1269 3286 1330 Εἰς
3329 1269 3421 1321 δύο
3452 1270 3717 1336 πρόσωπα
3754 1270 4007 1338 εἱστήκει
4050 1272 4077 1321 ὁ

2500 1358 2755 1422 τοιοῦτος.
2783 1361 2843 1412 Et
2881 1360 3057 1411 τοίνυν
3088 1362 3145 1413 ὲν
3174 1361 3433 1421 τοιούτοις
3463 1361 3783 1429 πράγμασιν
3822 1361 4073 1429 εἱστήκει

2498 1444 2652 1512 οὗτος
2674 1492 2689 1515 ,
2721 1452 2800 1513 είς
2834 1451 2924 1503 τὸν
2957 1451 3192 1521 πόλεμον
3247 1453 3364 1519 μετ’
3391 1451 3555 1503 αὐτοῦ
3590 1453 3735 1503 ἔστιν
3782 1452 3811 1503 6
3866 1451 4074 1520 Κύριος

2498 1543 2592 1593 καὶ
2639 1541 2905 1608 φυλάσσει
2937 1542 3131 1594 αὐτόν’
3181 1541 3431 1610 ἐπιζητεῖ
3468 1544 3576 1611 γάρ
3604 1539 3944 1604 σπουδαίως,
3979 1543 4075 1592 καὶ

2501 1629 2685 1699 κρούει
2719 1630 2816 1699 τὴν
2870 1630 3061 1699 θύραν,
3096 1632 3225 1684 πότε
3268 1630 3419 1700 αύτῷ
3452 1630 3677 1696 ἀνοίγει.
3721 1629 3889 1681 Πάλιν
3934 1629 3993 1681 δὲ
4027 1630 4074 1679 εί

2499 1718 2745 1784 φαίνεταί
2776 1735 2857 1770 σοι
2899 1718 3124 1787 ἀδελφὸς
3157 1718 3359 1786 ἀγαθὸς
3390 1714 3489 1770 ὧδε
3516 1757 3531 1780 ,
3583 1718 3685 1770 ὑπὸ
3720 1717 3816 1786 τῆς
3847 1716 4075 1786 χάριτός

2498 1809 2645 1858 ἐστιν
2693 1809 3104 1876 ὲστηριγμένος.
3162 1810 3219 1859 '0
3254 1808 3309 1860 δὲ
3346 1808 3421 1878 μὴ
3472 1810 3611 1878 ἔχων
3648 1807 3929 1876 θεμέλιον,
3972 1807 4075 1858 οὐκ

2498 1899 2610 1968 ἔχει
2657 1898 2909 1951 τοσοῦτον
2956 1899 3117 1967 φόϐον
3145 1898 3311 1965 Θεοῦ,
3361 1901 3422 1952 ού
3467 1900 3845 1969 συντέτριπται
3902 1899 4073 1950 αὑτοῦ

2497 1993 2530 2059 ἡ
2573 1991 2799 2060 καρδία.
2835 1990 2957 2044 οὕτε
3010 1993 3154 2045 ἐστὶν
3202 1994 3257 2043 ὲν
3308 1991 3491 2061 φόϐῳ,
3534 1992 3657 2044 οὔτε
3708 1990 4072 2057 άσφαλίζεται

2496 2082 2660 2135 αὑτοῦ
2706 2082 2803 2151 τὴν
2839 2082 3065 2153 καρδίαν
3096 2082 3191 2135 καὶ
3239 2083 3307 2135 τά
3354 2083 3524 2152 μέλη,
3573 2082 3668 2135 τοῦ
3700 2083 3774 2153 μὴ
3818 2084 4074 2144 ἀτάκτως

2497 2175 2835 2244 περιπατεῖν.
2892 2169 3057 2236 Οὗτος
3110 2175 3293 2244 ἀκμὴν
3347 2174 3760 2244 ἀπολελυμένην
3810 2173 3924 2243 ἔχει
3970 2174 4071 2242 τὴν

2494 2262 2668 2333 ψυχὴν
2697 2261 2861 2314 αὑτοῦ
2882 2279 2893 2291 ·
2931 2261 3082 2314 οὔπω
3115 2263 3225 2333 γάρ
3252 2262 3497 2332 εἰσῆλθεν
3522 2264 3601 2326 είς
3634 2262 3839 2331 άγῶνα.
3871 2262 4071 2325 Ἀλλος

2494 2352 2587 2409 οὖν
2625 2359 2770 2409 ἔστιν
2819 2355 2847 2407 6
2877 2356 2935 2407 ὲν
2984 2354 3156 2422 ἀγῶνι
3209 2355 3302 2406 καὶ
3336 2355 3546 2421 θλίψει,
3582 2354 3677 2406 καὶ
3724 2353 3877 2415 ἄλλος
3924 2356 3952 2404 6
3994 2353 4071 2420 μὴ

2496 2448 2653 2511 εἰδὼς
2685 2447 2737 2499 τί
2778 2449 2893 2500 ἐστι
2935 2446 3193 2516 πόλεμος.
3227 2446 3336 2499 Καὶ
3366 2445 3475 2515 γὰρ
3508 2444 3575 2497 τά
3620 2446 3909 2513 σπέρματα
3940 2445 4071 2496 ὅταν

2498 2540 2663 2609 βληθῇ
2691 2542 2769 2603 εἰς
2794 2540 2893 2610 τὴν
2925 2543 3047 2611 γῆν,
3077 2538 3254 2608 θλῖψιν
3278 2537 3541 2607 ὑπομένει
3572 2540 3649 2600 εἰς
3674 2539 3797 2600 τοὺς
3833 2538 4069 2604 πάγους,

2496 2634 2573 2693 είς
2601 2632 2691 2683 τὸν
2718 2629 2982 2700 χειμῶνα,
3010 2631 3091 2692 είς
3120 2630 3219 2698 τὴν
3248 2629 3562 2699 ψυχρότητα
3590 2629 3699 2680 τῶν
3729 2630 3908 2699 άέρων
3929 2645 3942 2657 ·
3975 2627 4072 2681 καὶ

2496 2722 2552 2772 ὲν
2578 2720 2655 2789 τῷ
2683 2720 2854 2774 δέοντι
2880 2720 3058 2790 καιρῷ
3081 2717 3529 2782 ἀναξωοποιεῖται
3554 2720 3613 2771 τὸ
3637 2720 3901 2788 γέννημα.

2570 2810 2663 2863 ΙΕ¹.
2698 2811 2992 2879 Συμϐαίνει
3030 2810 3085 2861 δὲ
3118 2812 3199 2863 ὅτι
3230 2813 3257 2863 6
3286 2812 3529 2873 Σατανᾶς
3563 2810 3867 2877 διαλέγεται
3902 2828 3983 2862 σοι
4014 2813 4072 2863 ὲν

2497 2904 2559 2970 τῇ
2601 2901 2815 2970 καρδία·
2857 2902 2980 2955 Ἴδε
3025 2902 3189 2954 πόσα
3235 2902 3389 2954 κακὰ
3435 2901 3761 2968 ἐποίησας,
3796 2901 3927 2954 ἰδοὺ
3964 2904 4072 2954 πό-

2497 3009 2623 3045 σων
2650 2991 2879 3059 μανιῶν
2911 2992 3297 3059 πεπλήρωται
3338 3008 3455 3045 σου
3504 2994 3541 3059 ἠ
3578 2993 3783 3061 ψυχὴ,
3830 2994 3928 3045 καί
3970 2994 4071 3056 βε-

2498 3082 2827 3150 ϐαρημένος
2864 3083 2919 3135 ετ
2945 3083 3063 3135 ἀπὸ
3094 3081 3423 3150 ἁμαρτιῶν,
3459 3082 3547 3134 ὅτι
3578 3083 3777 3135 οὐκέτι
3811 3084 4072 3136 δύνασαι

2497 3173 2785 3238 σωθῆναι.
2818 3171 3003 3225 Ταῦτα
3028 3171 3083 3223 δὲ
3133 3173 3296 3235 ποιεῖ,
3345 3171 3430 3223 ἴνα
3462 3172 3657 3242 ἐνέγκῃ
3703 3188 3759 3223 σε
3788 3174 3869 3235 εἰς
3903 3172 4071 3225 απελ-

829 3283 1098 3336 rationcm
1128 3281 1384 3343 deducat,
1416 3292 1472 3335 et
1495 3281 1622 3349 quia
1664 3296 1770 3333 non
1806 3290 1892 3333 est
1929 3287 2151 3347 accepta
2188 3286 2242 3331 et
2269 3294 2393 3346 gra-
2420 3268 2462 3328 C

2434 3268 2462 3328 Ξ
2500 3264 2720 3330 πισμον,
2757 3263 2851 3316 καὶ⁵
2882 3263 2964 3315 ὅτι
3002 3262 3101 3313 ούκ
3136 3262 3283 3314 ἐστιν
3308 3262 3699 3332 εὐπρόσδεκτος
3730 3264 3763 3331 ἡ
3811 3264 4075 3331 μετάνοιά

830 3385 883 3427 ta
914 3386 1007 3426 tua
1052 3372 1390 3441 paenitentia.
1423 3373 1713 3440 Postquam
1760 3371 1905 3424 enim
1940 3387 2037 3439 per
2087 3379 2393 3439 transgres-

827 3466 1039 3518 sionem
1072 3463 1279 3516 malitia
1310 3462 1578 3525 introivit,
1606 3470 1791 3529 postea
1827 3462 2054 3529 singulis
2083 3460 2235 3513 horis
2279 3459 2393 3512 dis~

828 3562 1127 3621 putatcum
1160 3538 1361 3616 anima,
1410 3562 1469 3605 ut
1495 3552 1661 3605 homo
1684 3567 1805 3603 cum
1832 3551 2074 3602 homine.
2105 3548 2394 3617 Responde

830 3656 885 3696 tu
915 3658 1133 3712 quoque
1162 3644 1242 3696 sic
1287 3660 1299 3695 :
1342 3642 1517 3695 Habeo
1569 3642 1865 3693 testimonia
1904 3640 2149 3705 Domini,
2201 3643 2394 3711 scripto

826 3733 1138 3801 consignata
1168 3747 1185 3783 :
1215 3730 1350 3784 Nolo
1384 3739 1605 3783 mortem
1637 3738 1989 3798 peccatorum,
2017 3731 2106 3783 sed
2136 3733 2393 3799 peniten-

831 3826 982 3885 tiam,
1034 3833 1089 3875 ut
1130 3831 1465 3876 convertatur
1514 3824 1623 3890 ipse
1665 3839 1697 3874 a
1742 3823 1826 3874 via
1859 3838 2123 3889 perversa,
2156 3832 2204 3875 et
2234 3825 2391 3876 vivat.

830 3916 1125 3984 Propterea
1151 3914 1296 3968 enim
1333 3912 1620 3969 descendit
1664 3912 1945 3977 Dominus,
1989 3921 2049 3965 ut
2081 3923 2395 3983 peccatores

832 4008 1087 4069 salvaret,
1121 4012 1367 4059 mortuos
1404 4006 1714 4068 suscitaret,
1742 4012 1797 4058 et
1816 4020 1844 4058 a
1870 4015 2046 4059 morte
2073 4007 2396 4062 vulneratos

830 4096 1151 4159 vivificaret,
1180 4104 1236 4150 et
1260 4111 1356 4149 eos
1378 4097 1472 4164 qui
1499 4096 1551 4149 in
1583 4097 1822 4149 tenebris
1841 4106 2017 4161 erant,
2037 4096 2391 4152 illuminarct.

830 4188 971 4243 Vere
1028 4188 1174 4243 enim
1227 4188 1490 4242 Dominus
1534 4186 1854 4250 adveniens,
1906 4188 2123 4241 vocavit
2186 4203 2285 4241 nos
2339 4189 2393 4241 in

832 4280 1180 4349 adoptionem
1223 4280 1483 4344 filiorum,
1518 4279 1583 4333 ad
1616 4288 1859 4333 sanctam
1890 4288 1945 4333 et
1988 4280 2137 4349 pacis
2187 4280 2396 4333 studio-

833 4386 946 4424 sam
998 4370 1297 4432 eivitatem,
1347 4369 1412 4421 ad
1459 4368 1625 4422 vitam
1654 4384 1930 4437 nunquam
1967 4368 2292 4436 perituram,
2327 4368 2393 4421 ad

833 4461 1058 4529 gloriam
1085 4458 1780 4529 incorruptibilem;modo
1821 4473 1921 4510 nos
1982 4458 2253 4526 principio
2300 4458 2396 4511 bo-

834 4568 964 4604 num
1005 4551 1166 4603 finem
1207 4558 1675 4619 superstruamus,
1706 4560 2119 4617 perseverantes
2165 4550 2219 4602 in
2257 4566 2391 4618 pau-

832 4651 1062 4711 pertate,
1112 4640 1571 4711 peregrinatione,
1618 4641 1910 4694 afﬂictione
1943 4649 1995 4694 et
2031 4640 2395 4708 postulatione

830 4750 958 4802 erga
992 4734 1185 4797 Deum,
1220 4733 1425 4801 absque
1456 4733 1567 4785 ullo
1600 4731 1810 4801 pudore
1840 4734 2123 4800 pulsantes
2150 4734 2394 4800 januam.

833 4823 1301 4890 Quemadmodum
1386 4823 1533 4876 enim
1609 4836 1811 4889 corpus
1888 4821 2255 4890 propinquum
2315 4831 2398 4875 est

833 4915 1047 4977 animae,
1102 4914 1175 4966 ita
1227 4912 1451 4983 propior
1482 4921 1565 4966 est
1594 4912 1859 4965 Dominus
1888 4910 1953 4964 ad
1988 4910 2316 4964 veniendum
2344 4920 2399 4962 et

834 4999 1194 5069 aperiendum
1214 4998 1461 5052 occlusas
1483 4998 1628 5051 fores
1653 4997 1860 5060 cordis,
1886 5006 1941 5050 et
1964 4995 2031 5049 ad
2057 4996 2395 5066 largiendum

834 5092 992 5145 nobis
1030 5090 1250 5144 divitias
1276 5091 1547 5143 caelestes.
1576 5090 1759 5142 Bonus
1803 5088 2073 5157 siquidem
2110 5098 2193 5141 est
2220 5098 2275 5141 et
2298 5088 2387 5139 ho-

836 5184 1045 5236 minum
1071 5196 1293 5245 amans;
1328 5188 1383 5234 et
1413 5180 1650 5233 falsitate
1683 5181 1801 5249 ejus
1856 5179 2249 5248 promissiones
2305 5196 2395 5233 ca—

837 5282 978 5335 rent,
1016 5272 1176 5325 modo
1206 5286 1306 5324 nos
1349 5284 1764 5338 perseveremus
1804 5268 1871 5321 ad
1918 5268 2080 5321 tinem
2128 5282 2299 5335 usque
2346 5268 2399 5320 in

837 5364 1018 5417 studio
1048 5378 1172 5415 eum
1194 5360 1497 5430 quaerendi.
1523 5360 1705 5414 Gloria
1729 5358 2177 5414 miserationibus
2198 5358 2396 5423 Patris,

838 5464 893 5509 et
922 5455 1065 5519 Filii,
1091 5464 1145 5508 et
1184 5453 1419 5522 Spiritus
1445 5452 1618 5506 sancti
1653 5452 1705 5505 in
1737 5451 1951 5505 saecula.
1986 5450 2179 5503 Amen.

2507 3370 2621 3406 σου.
2675 3353 2894 3423 Ἐπειδὴ
2942 3352 3043 3423 γὰρ
3078 3352 3413 3423 παρεισῆλθε
3446 3352 3534 3405 διά
3563 3353 3661 3420 τῆς
3704 3355 4073 3422 παραϐάσεως

2501 3444 2533 3512 ἡ
2569 3443 2769 3508 κακία,
2812 3443 2997 3494 λοιπὸν
3027 3443 3148 3495 καθ’
3190 3444 3424 3511 ἑκάστην
3462 3442 3610 3511 ὥραν
3652 3444 3962 3511 διαλέγεται
4007 3448 4072 3515 τῇ

2501 3530 2643 3600 ψυχῇ
2699 3532 2773 3593 ὡς
2819 3530 3104 3601 ἄνθρωπος
3159 3531 3296 3599 μετὰ
3338 3530 3645 3599 ἀνθρώπου.
3716 3532 4077 3601 ’Δποκρίθητι

2503 3622 2649 3690 αὐτῷ
2682 3622 2774 3674 καὶ
2807 3621 2870 3673 σὺ
2894 3660 2907 3683 ,
2959 3621 3040 3672 ὅτι
3074 3621 3192 3686 ἔχω
3229 3620 3335 3685 τὰς
3370 3621 3701 3687 μαρτυρίας
3734 3621 3828 3673 τοῦ
3865 3623 4079 3692 Κυρίου

2501 3710 2827 3779 ἐγγράφως,
2859 3708 2956 3761 καὶ
2987 3708 3075 3760 ὅτι
3103 3711 3175 3762 οὐ
3199 3710 3499 3777 ,ϐούλομαι
3532 3709 3640 3763 τόν
3669 3709 3931 3765 θάνατον
3967 3711 4076 3766 τοῦ

2502 3798 2874 3871 ἀμαρτωλοῠ,
2905 3799 2985 3864 ὡς
3017 3797 3130 3865 τὴν
3153 3800 3498 3867 μετάνοιαν,
3532 3800 3629 3853 καί
3666 3799 3733 3853 τὸ
3770 3802 4077 3869 ἀποστρα-

2502 3894 2689 3962 φῆναι
2720 3890 2904 3945 αὐτὸν
2935 3889 3053 3944 ἀπὸ
3078 3889 3185 3958 τῆς
3211 3890 3353 3944 ὁδοῦ
3378 3890 3489 3957 τῆς
3515 3890 3803 3958 πονηρᾶς,
3838 3894 3937 3945 καὶ
3969 3893 4077 3961 ζῇν

2502 3988 2707 4041 αὐτόν.
2748 3986 2845 4038 Διὰ
2893 3986 3049 4039 τοίητο
3094 3986 3203 4055 γάρ
3253 3985 3520 4054 κατῆλθεν
3557 3986 3749 4048 αὐτὸς,
3806 3986 3891 4038 ἵνα
3946 3988 4075 4048 τοὺς

2502 4076 2858 4147 ἁμαρτωλοὺς
2890 4076 3058 4147 σώσῃ,
3100 4077 3222 4138 τοὺς
3252 4079 3477 4145 νεκροὺς
3511 4078 3789 4148 άνεγείρῃ,
3822 4080 3951 4141 τοὺς
3986 4097 4075 4131 τε-

2503 4166 2913 4234 θανατωμένους
2963 4167 3308 4236 ζωοποιήσῃ,
3352 4168 3476 4227 τοὺς
3528 4169 3585 4220 ἐν
3621 4168 3693 4237 τῷ
3733 4170 3914 4221 σκότει
3960 4188 4074 4236 φω-

2502 4259 2647 4331 τίσῃ.
2688 4257 2927 4328 Ἀληθῶς
2961 4258 3066 4329 γὰρ
3118 4258 3285 4310 ἐλθὼν
3319 4260 3395 4320 είς
3438 4258 3710 4312 υἱοθεσίαν
3756 4261 3901 4329 ἡμᾶς
3944 4263 4074 4314 ἑκά-

2503 4351 2677 4415 λεσεν,
2713 4353 2787 4412 εἰς
2818 4349 2969 4401 πόλιν
3003 4349 3183 4415 ἁγίαν,
3216 4350 3657 4418 εἰρηνευομένην,
3693 4353 3769 4412 εἰς
3802 4351 3947 4419 ζωὴν
3974 4354 4075 4422 τὴν

2507 4442 2771 4510 μηδέποτε
2796 4440 3264 4509 ἀποθνήσκουσαν,
3293 4441 3369 4501 εἰς
3392 4439 3548 4502 δόξαν
3574 4440 3866 4509 ἄφθαρτον.
3894 4444 4075 4497 Μόνον

2505 4536 2663 4601 ἡμεῖς
2702 4535 2766 4601 τῇ
2808 4534 2947 4600 ἀρχῇ
2996 4532 3151 4599 ἡμῶν
3181 4531 3361 4599 δῶμεν
3407 4530 3557 4592 τέλος
3601 4532 3841 4597 ἀγαθόν·
3872 4535 4074 4603 ἐμμείο

2434 4607 2473 4658 D
2503 4643 2682 4692 νωμεν
2732 4627 2795 4693 τῇ
2833 4621 3096 4691 πτωχείᾳ,
3148 4624 3211 4689 τῇ
3247 4620 3514 4689 ξενητείᾳ,
3558 4623 3623 4689 τῇ
3666 4625 3955 4693 κακουχίᾳ,
4007 4630 4071 4695 τῇ

2502 4719 2713 4785 αἰτήσει
2742 4720 2807 4785 τῇ
2841 4715 2973 4783 πρὸς
3015 4715 3106 4766 τὸν
3133 4714 3285 4777 Θεὸν,
3316 4713 3452 4782 μετὰ
3481 4713 3755 4776 ἀναιδείας
3782 4716 4075 4783 κρούοντες

2500 4805 2596 4875 τὴν
2652 4805 2839 4873 ούραν.
2893 4804 3103 4872 ’Ὠσπερ
3161 4802 3268 4869 γάρ
3302 4803 3470 4867 ἐγγύς
3521 4803 3637 4855 ἐστι
3671 4804 3729 4855 τὸ
3779 4805 3940 4874 σῶμα
3976 4808 4077 4875 τῆς

2500 4896 2698 4963 ψυχῆς,
2749 4893 2918 4955 οὕτως
2960 4892 3254 4960 ὲγγύτερος
3302 4894 3329 4943 6
3374 4892 3577 4960 Κύριος
3623 4892 3715 4946 τοῦ
3758 4895 3933 4949 ἐλθεῖν
3983 4899 4078 4949 καὶ

2503 4987 2708 5052 ἀνοῖξαι
2745 4985 2840 5046 τὰς
2878 4982 3272 5051 κεκλεισμένας
3320 4982 3489 5051 θύρας
3543 4985 3647 5053 τῆς
3687 4987 3947 5055 καρδίας,
3985 4991 4080 5042 καὶ

2506 5074 2851 5146 δωρήσασθαι
2886 5076 3017 5143 ἡμῖν
3049 5075 3139 5126 τὸν
3183 5072 3411 5125 πλοῦτον
3456 5074 3546 5127 τὸν
3586 5076 3855 5144 οὐράνιον.
3907 5077 4077 5145 Ἀγα-

2506 5167 2594 5229 Θὸς
2642 5168 2745 5236 γάρ
2776 5169 2889 5217 ἐστι
2927 5169 3019 5217 καὶ
3068 5164 3444 5233 φιλάνθρωπος
3467 5205 3481 5228 ,
3519 5166 3609 5217 καὶ
3654 5166 3903 5235 ἀψευδεῖς
3935 5171 4080 5223 εἰσιν

2506 5258 2670 5310 αὑτοῦ
2720 5258 2774 5309 al
2806 5255 3129 5323 ἐπαγγελίαι
3153 5294 3167 5319 ,
3201 5255 3363 5324 μόνον
3400 5256 3497 5307 ὲάν
3542 5256 3925 5325 ὑπομείνωμεν
3973 5259 4080 5322 ἕως

2504 5350 2687 5412 τέλους
2714 5346 3094 5417 ἐπιζητοῦντες
3125 5346 3303 5399 αὐτόν.
3334 5346 3470 5410 Δόξα
3501 5349 3613 5410 τοῖς
3637 5348 3937 5418 οἱκτιρμοῖς
3968 5352 4080 5404 lla-

2504 5442 2651 5509 τρὸς,
2692 5440 2786 5492 καὶ
2819 5436 2971 5503 Υίοῦ,
3006 5438 3096 5490 καὶ
3125 5435 3282 5504 ἁγίου
3323 5435 3661 5506 Πνεύματος,
3686 5440 3765 5501 εἰς
3796 5442 3922 5504 τοὺς
3947 5442 4080 5496 αιῶ-

2507 5552 2620 5595 νας.
2672 5533 2861 5603 Ἀμήν.
