4266 6356
286 378 393 442 557

884 497 1127 551 OMIAIA
1164 496 1263 551 lB’.

287 582 429 660 Περί
459 582 566 660 τῇς
594 584 866 660 στάσεως
892 587 999 660 τοῦ
1031 588 1211 660 ’Δὸᾲμ
1239 589 1353 658 πρὸ
1387 589 1492 644 τοῦ
1520 593 1856 660 παραϐηναι

358 653 548 728 αιζιτρν
594 654 709 728 τὴν
747 654 1008 728 ἐντολὴν
1060 653 1181 728 (οὗ
1209 653 1388 714 Θεοῦ·
1448 659 1546 713 καὶ
1590 653 1751 728 λιετᾶ
1790 663 1856 715 τὸ

360 722 551 798 αὑτὸν
570 724 876 798 ,ἀπολέσαι
898 722 997 798 καὶ
1036 727 1151 794 τὴν
1174 728 1347 798 ,ἰδίαν
1370 731 1575 783 εἰκόνα
1590 722 1707 783 ’καὶ
1743 731 1857 798 τὴν

359 791 737 869 ἐπορράνιον.
764 795 1035 869 ΔΑεῖυκιξχει
1088 791 1187 851 καί
1226 800 1265 867 ἠ
1326 799 1530 869 ὁμιλία
1576 791 1856 868 ζητήσεις

359 862 527 927 τινὰς
556 862 719 917 πάνυ
745 862 1102 935 ὠφελίμους.

355 971 435 1028 Α’.
485 974 545 1027 Ὀ
612 974 780 1046 Ἀδὰμ
821 977 919 1048 τὴν
969 978 1190 1050 ἐντολὴν
1241 980 1529 1053 παραϐὰς,
1570 984 1711 1037 κατά
1762 984 1855 1037 δύο

281 1063 521 1133 τρόπους
567 1064 813 1119 ἀπώλετο
839 1083 853 1097 ·
893 1068 989 1120 ἕνα
1024 1070 1143 1138 μὲν,
1188 1071 1269 1123 ὅτι
1292 1070 1539 1123 ἀπώλεσε
1570 1072 1635 1124 τὸ
1669 1074 1853 1143 κτῆμα

280 1154 344 1204 τὸ
382 1155 621 1224 καθαρὸν
650 1156 749 1223 τῆς
795 1157 1009 1224 φύσεως
1049 1160 1233 1225 αὑτοῦ,
1281 1161 1342 1212 τὸ
1373 1161 1596 1231 ώραίον,
1627 1162 1686 1214 τὸ
1732 1164 1851 1215 κατ’

282 1243 470 1296 εἰκόνα
505 1247 597 1297 καὶ
632 1245 889 1315 ὁμοίωσιν
928 1248 1061 1300 Θεοῦ
1083 1265 1097 1279 ·
1128 1249 1313 1319 ἕτερον
1341 1250 1419 1314 δὲ,
1455 1252 1535 1304 ὅτι
1574 1252 1853 1306 ἀπώλεσεν

279 1335 454 1403 αὐτὴν
484 1335 581 1405 τὴν
628 1337 829 1401 εἰκόνα,
862 1339 920 1390 ἐν
1038 1338 1295 1392 ἀπέκειτο
1325 1341 1475 1411 αὐτῷ
1520 1343 1640 1395 κατ’
1678 1345 1852 1412 ἐπαγ-

281 1426 469 1491 γελίαν
504 1428 536 1496 ἡ
576 1428 897 1496 ἐπουράνιος
930 1431 1079 1482 πᾶσα
1121 1431 1473 1501 κληρονομία.
1519 1434 1729 1503 Ὥσπερ
1760 1436 1853 1489 ἐὰν

280 1514 314 1586 ᾖ
344 1517 603 1585 νόμισμα,
642 1519 740 1588 τὴν
768 1520 949 1572 εἰκόνα
976 1521 1071 1573 τοῦ
1102 1520 1365 1591 βασιλέως
1394 1523 1535 1592 ἔχον,
1567 1524 1663 1577 καὶ
1695 1526 1851 1578 τοῦτο

282 1610 673 1678 παραχαραγῇ,
713 1610 741 1661 6
791 1612 989 1679 χρυσός
1027 1629 1083 1663 τε
1115 1611 1381 1677 ἀπώλετο,
1418 1615 1513 1667 καί⁵
1541 1617 1573 1683 ἡ
1601 1615 1764 1669 εἰκὼν
1791 1618 1849 1669 οὐ

278 1700 630 1768 χρησιμεύει,
654 1702 898 1755 τοιοῦτον
930 1703 1099 1757 ἔπαθε
1123 1706 1215 1758 καὶ
1241 1708 1268 1759 6
1309 1707 1479 1777 Ἀδάμ
1499 1726 1513 1739 ·
1542 1712 1715 1780 μέγας
1743 1714 1851 1783 γὰρ

1484 385 1850 449 ΠΟΜΙΙιΙιΕ.
1873 411 1943 423 -

1966 386 2152 449 HOM.
2193 387 2330 447 XII.
3419 383 3524 447 558

2539 499 2821 557 HOMILIA
2854 499 2967 552 ΧΙΙ.

1958 591 2035 645 De
2061 598 2203 645 statu
2226 590 2354 645 Adi:
2397 600 2683 660 antequam
2734 588 3190 658 transgrederetur
3215 587 3521 660 mandatum

2020 660 2116 715 Dei
2143 677 2161 714 :
2189 669 2237 714 et
2280 657 2560 730 postquam
2600 661 2777 713 amisit
2823 657 3095 730 propriam
3156 675 3219 711 ac
3261 657 3524 730 ealestem

2026 728 2331 800 imaginem.
2353 730 2595 800 Continet
2639 745 2840 799 quoque
2857 728 3073 783 homilia
3099 728 3357 799 quasdam
3382 743 3524 797 quir-

2019 798 2212 853 stiones
2242 798 2395 853 valde
2428 798 2602 853 utiles.

2026 977 2066 1031 1.
2101 976 2272 1032 Adam
2320 987 2690 1049 transgressus
2720 977 3054 1039 mandatum,
3093 973 3311 1027 duobus
3344 970 3521 1024 modis

1956 1068 2121 1138 periit
2155 1084 2169 1122 :
2209 1084 2318 1123 uno
2341 1069 2586 1138 quidem,
2619 1068 2767 1138 quod
2817 1067 3056 1137 perdidit
3117 1064 3519 1135 possessionem

1955 1175 2147 1225 puram
2178 1169 2387 1213 naturae
2428 1175 2562 1223 suae,
2588 1159 2915 1228 speciosam,
2948 1165 3002 1211 et
3046 1155 3352 1211 secundum
3381 1154 3517 1206 ima-

1955 1252 2134 1321 ginem
2157 1266 2220 1305 ac
2241 1250 2660 1305 similitudinem
2682 1249 2778 1302 Dei
2801 1248 3077 1303 conditam
3108 1265 3120 1300 :
3164 1248 3335 1301 altero
3361 1259 3515 1306 vero,

1953 1340 2101 1409 quod
2132 1338 2373 1408 perdidit
2411 1340 2583 1407 ipsam
2621 1338 2933 1407 imaginem,
2976 1336 3029 1388 in
3059 1351 3165 1403 qua
3197 1333 3432 1401 reposita
3465 1330 3516 1384 ei

1952 1430 2243 1498 cratjuxta
2272 1427 2712 1495 promissionem,
2754 1435 2866 1479 tota
2921 1425 3210 1478 hzereditas
3253 1423 3512 1478 caelestis.

1952 1516 2186 1571 Perinde
2213 1532 2276 1570 ac
2306 1515 2351 1569 si
2383 1515 2454 1569 sit
2483 1523 2722 1577 moneta,
2763 1514 2996 1582 imagine
3040 1512 3184 1581 regis
3232 1511 3512 1579 insignita,

1951 1624 2073 1677 quae
2105 1608 2149 1661 si
2181 1607 2545 1671 adulteretur,
2570 1614 2625 1659 et
2666 1620 2860 1658 aurum
2892 1604 3056 1671 perit,
3092 1611 3149 1657 et
3196 1602 3372 1672 imago
3407 1601 3515 1672 44

1950 1700 2157 1754 nullius
2192 1708 2275 1754 est
2303 1698 2463 1769 pretii
2510 1715 2522 1750 :
2564 1698 2666 1751 tale
2696 1696 2977 1765 quippiam
3010 1693 3195 1748 evenit
3222 1692 3383 1755 Adae;
3425 1692 3510 1744 in-

278 1794 511 1887 πλοῦτος
540 1798 633 1850 καὶ
648 1798 873 1887 ῌμεγάλη
906 1801 939 1868 ή
971 1799 1303 1871 κληρονομία
1333 1804 1654 1874 εὐτρέπιστο
1678 1808 1841 1879 αὐτῷ.
1878 1833 1920 1887 Β
1951 1807 1963 1859 l

1828 1848 1841 1862 .
1878 1833 1920 1887 Β
1951 1801 2141 1859 gentes
2182 1790 2452 1858 siquidem
2503 1788 2731 1850 divitia).
2781 1795 2836 1840 ct
2884 1801 3077 1855 magna
3126 1785 3416 1838 haereditas
3463 1785 3512 1837 ei

278 1884 493 1955 Ὠσπερ
518 1887 614 1939 έάν
704 1889 901 1959 χωρίον
928 1891 1092 1960 μέγα,
1127 1893 1220 1945 καὶ
1246 1893 1405 1947 τοῦτο
1432 1894 1529 1968 ἔχῃ
1552 1875 1843 1968 προσόδοῦς
1878 1875 1920 1887 ν

1824 1917 1843 1964 ς
1878 1875 1920 1887 ”
1948 1888 2249 1949 praeparata
2279 1886 2416 1933 erat.
2442 1878 2676 1933 Perinde
2703 1894 2765 1931 ac
2790 1876 2832 1930 si
2860 1876 2929 1929 sit
2958 1876 3220 1945 praedium
3246 1875 3509 1943 amplum,

275 1976 500 2041 πολλὰς,
533 1979 650 2031 ἐκεῖ
686 1979 927 2048 ἄμπελος
962 1983 1280 2049 εὐθύνουσα,
1325 1987 1442 2039 ἐκεῖ
1466 1988 1639 2059 χῶραι
1682 1991 1842 2059 εὐφο-
1945 1971 1959 2024 ί

1822 2020 1842 2031 ,
1945 1971 2190 2039 illudque
2218 1972 2421 2026 multos
2453 1970 2652 2024 habeat
2704 1970 2936 2032 reditus,
2971 1969 3025 2021 in
3072 1984 3181 2036 quo
3222 1968 3293 2021 sit
3352 1968 3507 2018 vinea

276 2067 488 2135 ροῦσαι,
516 2069 631 2121 ἐκεῖ
654 2069 866 2137 ἀγέλαι,
895 2073 1013 2125 ἐκεῖ
1030 2075 1229 2143 χρυσὸς
1255 2077 1347 2127 καὶ
1374 2076 1613 2147 ἄργυρος
1630 2097 1645 2111 ο
1670 2079 1843 2146 οὕτως
1943 2063 1961 2118 ί

1821 2099 1843 2146 ς
1943 2063 2250 2127 fructuosa;
2286 2063 2506 2131 illieque
2538 2062 2648 2115 sint
2690 2061 2896 2114 fertiles
2945 2060 3082 2129 agri,
3126 2059 3235 2111 illic
3293 2073 3506 2126 greges,

270 2152 341 2227 ἦν
389 2158 568 2229 τίμιον
612 2160 674 2213 τὸ
707 2162 906 2233 χωρίον
945 2164 1054 2233 πρὸ
1100 2166 1199 2233 τῆς
1246 2169 1563 2237 παρακοῆς,
1612 2170 1746 2222 αὐτὸ
1781 2172 1842 2223 τὸ
1944 2153 1955 2207 ί

1818 2172 1842 2223 δ
1944 2153 2163 2223 illieque
2196 2169 2391 2208 aurum
2423 2164 2478 2208 et
2503 2160 2785 2221 argentum
2825 2170 2836 2203 :
2874 2150 2947 2202 ita
2979 2166 3070 2201 vas
3096 2148 3223 2201 Δάαι
3263 2158 3387 2200 ante
3420 2148 3503 2199 in-

272 2248 466 2314 σκεῦος
495 2249 589 2302 τοῦ
631 2251 818 2320 Ἀδάμ.
869 2253 1009 2306 Ἀλλ’
1039 2254 1224 2325 ἐπειδὴ
1270 2256 1415 2310 κακά
1454 2257 1576 2328 ἔσχε
1629 2260 1839 2330 διανοή-
1941 2260 1957 2299 ί

1819 2293 1839 2302 -
1941 2244 2310 2299 obedientiam
2337 2251 2455 2297 erat
2487 2250 2743 2311 tanquam
2773 2240 3035 2310 praedium
3062 2237 3337 2308 quoddam
3380 2252 3504 2305 prc-

272 2354 423 2407 ματα
456 2339 549 2393 καὶ
578 2339 893 2411 λογισμοὺς,
931 2342 1179 2397 ἀπώλετο
1209 2344 1315 2397 ἀπὸ
1343 2346 1435 2400 τοῦ
1459 2346 1615 2403 Θεοῦ.
1802 2328 1810 2330 ἡ
1942 2346 1957 2390 ι

1942 2336 2164 2390 tiosum.
2190 2334 2392 2388 Verum
2425 2332 2517 2387 ubi
2550 2333 2733 2403 pravis
2766 2330 3092 2385 commentis
3115 2336 3171 2383 ct
3214 2328 3502 2399 cogitatio-

1939 2425 2103 2480 nibus
2127 2440 2183 2480 se
2213 2424 2461 2489 involvit,
2492 2422 2658 2493 periit
2686 2438 2716 2477 a
2742 2422 2874 2477 Deo.

340 2512 416 2568 ιγ.
450 2516 525 2568 Οὐ
558 2516 790 2587 λέγομεν
810 2517 866 2571 δὲ
901 2520 981 2573 ὅτι
1011 2520 1258 2575 ἀπώλετο
1284 2523 1342 2577 τδ
1371 2525 1489 2578 ὅλον
1519 2526 1612 2580 και
1639 2529 1836 2598 ὴφανί-
2009 2513 2024 2566 ¹

1821 2562 1836 2572 ,
2009 2513 2073 2566 ll.
2114 2513 2231 2567 Non
2275 2522 2453 2567 tamen
2483 2512 2739 2576 dicimus,
2775 2510 2919 2581 quod
2956 2520 3101 2565 totus
3156 2511 3404 2579 perierit,
3452 2520 3506 2565 ct

268 2604 393 2673 σΟη,
428 2610 520 2660 καὶ
542 2609 809 2662 ἀπέθανεν
828 2627 843 2642 ⁸
870 2611 979 2664 ἀπὸ
1000 2611 1093 2665 τοῦ
1112 2614 1245 2666 Θεοῦ
1276 2616 1537 2684 ἀπέθανε,
1562 2623 1625 2690 τῇ
1651 2620 1706 2673 δὲ
1732 2623 1837 2694 ἰδίᾳ
1936 2618 1953 2657 ί

1818 2640 1837 2675 ι
1936 2604 2239 2658 exstinctus
2264 2620 2326 2658 ac
2351 2613 2601 2657 mortuus
2626 2602 2697 2656 sit
2731 2619 2743 2654 :
2777 2617 2808 2655 a
2838 2610 3133 2671 conspectu
3158 2601 3253 2656 Dei
3283 2602 3503 2670 quidem

268 2696 429 2761 «ξύσει
456 2697 545 2769 ζῇ.
602 2699 731 2753 Ἰδοὺ
762 2702 871 2770 γὰρ
900 2702 1018 2765 ὅλος
1047 2705 1075 2757 6
1116 2705 1319 2775 κόσμος
1354 2714 1645 2777 περιπατεῖ
1678 2714 1735 2763 ὲν
1767 2717 1833 2785 τῇ
1939 2713 1953 2750 ι

1817 2717 1833 2785 vi
1939 2706 2187 2751 mortuus
2225 2709 2330 2763 est,
2363 2714 2460 2753 sua
2508 2708 2690 2752 autem
2746 2706 2942 2752 natura
2977 2698 3131 2753 vivit.
3167 2699 3309 2753 Ecce
3357 2698 3502 2751 enim

266 2788 372 2854 γῇ,
408 2788 505 2840 καὶ
558 2791 1040 2858 πραγματεύεται·
1094 2794 1210 2847 ἀλλ’
1240 2796 1513 2868 ὀφθαλμὸς
1559 2800 1652 2853 τοῦ
1699 2804 1834 2857 Θεοῦ
1938 2804 1951 2841 ¹

1817 2805 1834 2857 ;
1938 2789 2231 2843 universus
2261 2790 2501 2843 mundus
2546 2790 2790 2843 ambulat
2845 2789 2897 2842 in
2958 2799 3125 2853 terra,
3175 2797 3230 2843 et
3286 2791 3502 2859 negotia

268 2876 460 2937 βλέπει
501 2878 662 2931 αὑτὸν
688 2880 779 2931 τὸν
810 2881 956 2943 νοῦν,
995 2883 1089 2936 καὶ
1118 2885 1217 2948 τάς
1251 2886 1596 2959 ἐνθυμήσεις,
1632 2894 1725 2945 καὶ
1758 2894 1834 2958 ώς
1937 2899 1953 2952 l

1819 2912 1834 2958 ς
1937 2883 2147 2952 peragit
2181 2898 2194 2934 :
2229 2891 2285 2935 at
2310 2882 2505 2935 oculus
2533 2882 2623 2935 Dei
2657 2881 2805 2934 videt
2841 2880 3010 2949 ipsam
3050 2890 3290 2933 mentem
3317 2896 3381 2933 ac
3410 2897 3504 2934 co-

267 2967 613 3035 περιόλέπει,
643 2970 737 3023 καὶ
773 2974 1145 3043 παραϐλέπει,
1182 2977 1276 3028 καὶ
1308 2978 1369 3029 οὐ
1400 2981 1543 3032 ποιεῖ
1571 2983 1627 3034 ιν
1652 2984 1833 3047 αὐτοῖς
1936 2973 2247 3043 gitationes,
2280 2982 2335 3026 et
2363 2973 2519 3042 quasi
2554 2973 2778 3041 respicit
2816 2982 2871 3026 et
2920 2972 3173 3041 deSpieit,
3225 2988 3328 3026 nec
3378 2988 3501 3026 cum

266 3057 553 3110 κοινωνίαν
577 3100 591 3122 ,
632 3060 822 3131 ἐπειδὴ
846 3063 996 3116 οὐδὲν
1024 3065 1319 3135 εὐάρεστον
1344 3068 1421 3138 τῷ
1448 3070 1565 3141 θεῷ
1594 3072 1834 3141 λογίζον-
1936 3076 1951 3114 ε

1817 3107 1834 3119 .
1936 3060 2017 3114 eis
2044 3061 2207 3114 ullam
2240 3061 2555 3114 societatem
2589 3062 2720 3125 init;
2756 3062 2885 3129 quia
2934 3062 3071 3116 nihil
3110 3062 3254 3131 quod
3290 3072 3502 3131 gratum

265 3164 375 3200 ται.
410 3148 624 3220 Ὥσπερ
669 3151 764 3204 ὲάν
805 3147 908 3207 ὦσι
950 3156 1274 3225 πανδοκεῖα,
1328 3160 1420 3212 καὶ
1451 3166 1707 3232 πορνεῖα,
1743 3168 1836 3219 καὶ
1864 3152 1905 3208 C
1940 3169 1950 3205 ε

1816 3152 1905 3219 γε
1940 3152 2011 3206 sit
2050 3153 2162 3206 Deo
2196 3152 2619 3222 cogitationibus
2666 3152 2987 3206 moliuntur.
3043 3153 3276 3207 Perinde
3336 3170 3399 3208 ac
3457 3156 3501 3209 si

265 3239 421 3292 τόποι
451 3241 583 3293 ὅπου
621 3243 837 3308 ἀταξίαι
871 3246 1112 3313 γίνονται
1148 3250 1241 3302 καὶ
1272 3250 1536 3305 ἀσωτίαιο
1570 3254 1755 3311 λοιπὸν
1786 3262 1835 3311 οἰ

268 3332 545 3396 Θεοσεεείς
584 3338 984 3407 παρερχόμενοι
1028 3341 1087 3392 οὐ
1128 3340 1543 3410 βδελύσσονται,
1576 3348 1669 3401 καὶ
1714 3349 1835 3419 βλέ-

270 3440 470 3486 ποντες
510 3426 572 3477 οὐ
619 3426 936 3497 βλέπουσιν;
973 3432 1047 3494 ὡς
1079 3436 1248 3503 νεκρά
1280 3434 1389 3505 γὰρ
1427 3438 1611 3500 αὐτοῖς
1653 3441 1833 3493 ἐστιν’

267 3512 414 3567 οὕτω
440 3516 534 3569 καὶ
570 3517 599 3568 6
640 3518 771 3582 Θεὸς
812 3520 906 3572 ἐπὶ
930 3524 1055 3583 τοὺς
1100 3525 1586 3597 ἀποστατήσαντας
1620 3531 1710 3584 διὰ
1742 3534 1835 3587 τοῦ

266 3604 428 3672 λόγου
454 3606 655 3674 αὐτοῦ,
686 3609 783 3661 καί⁵
830 3611 935 3663 ἀπὸ
975 3612 1074 3679 τῆς
1118 3615 1358 3685 ἐντολῆς,
1393 3618 1675 3673 ὲπιδλέπει
1713 3624 1831 3691 μὲν,

266 3696 407 3748 ἀλλά
440 3698 784 3768 παραδλέπει
826 3703 1023 3765 αὐτοὺς
1045 3744 1058 3767 ,
1090 3706 1182 3757 καὶ
1221 3706 1282 3758 εὐ
1315 3710 1461 3760 ποιεῖ
1486 3710 1603 3762 ἐκεῖ
1643 3729 1833 3766 κοινω-

265 3786 390 3839 νίαν
410 3826 425 3849 ,
456 3787 579 3841 οὔτε
614 3790 1024 3846 ὲπαναπαύεται
1059 3796 1139 3858 εἰς
1180 3796 1306 3859 τοὺς
1338 3796 1628 3869 λογισμοὺς
1656 3803 1835 3859 αὐτῶν

264 3878 295 3929 6
336 3879 558 3948 Κύριος.

343 3969 415 4023 Γ¹.
464 3972 807 4039 Ἐρώτησις.
838 3974 969 4040 Πῶς
998 3992 1087 4041 τις
1125 3977 1373 4034 δύναται
1412 3976 1561 4035 εἷναι
1601 3986 1834 4051 πτωχὸς

266 4059 349 4124 τῷ
377 4063 687 4130 πνεύματι,
713 4064 980 4132 μάλιστα
1013 4066 1111 4119 ὅτε
1136 4070 1396 4139 αἰσθηθῇ
1423 4072 1490 4125 ἐν
1510 4073 1717 4139 ἐαυτῷ,
1746 4076 1834 4129 ὅτι

259 4151 543 4218 μετετέθη
588 4154 687 4206 καί
717 4156 1018 4224 προέκοψε
1035 4160 1170 4229 ,εκαί
1193 4164 1278 4226 εἰς
1306 4163 1531 4229 γνῶσιν
1565 4168 1662 4220 καί
1684 4170 1832 4221 σύν-

263 4255 402 4295 εσιν
427 4237 633 4310 ἦλθεν,
664 4241 744 4309 ’ἣν
774 4246 838 4297 τό
869 4247 1157 4314 πρότερον
1185 4251 1296 4303 οὐκ
1324 4245 1490 4318 εἶχεν
1506 4267 1524 4314 ;

348 4332 702 4401 Ἀπόκρισις.
737 4335 881 4397 Ἕως
914 4330 973 4390 οῦ
1001 4338 1174 4392 ταῦτά
1202 4356 1287 4402 τις
1316 4340 1507 4392 κτᾶται
1532 4382 1547 4405 ,
1582 4343 1673 4393 καὶ
1704 4359 1834 4412 προ-

264 4422 492 4486 κόπτει,
533 4424 631 4476 οὐκ
669 4423 785 4477 ἔστι
822 4428 1035 4493 πτωχὸς
1076 4426 1152 4496 τῷ
1191 4428 1483 4497 πνεύματι,
1518 4430 1632 4482 ἀλλ’
1661 4430 1830 4483 oleret

262 4512 393 4580 περί
423 4512 616 4566 ἑαυτοῦ
638 4530 650 4542 ·
692 4514 819 4567 ὅταν
850 4516 906 4568 δὲ
933 4516 1058 4586 ἔλθῃ
1108 4520 1185 4580 εἰς
1212 4518 1415 4589 ταύτην
1452 4521 1551 4590 τὴν
1618 4521 1830 4575 σύνεσιν

261 4602 358 4653 καὶ
418 4602 516 4670 τὴν
565 4605 885 4673 προκοπὴν,
937 4604 1077 4673 αὕτη
1127 4608 1350 4675 ὴχάρις
1393 4608 1631 4661 διδάσκει
1667 4610 1828 4662 αὐτὸν

260 4684 405 4743 εἶναι
438 4691 648 4759 πτωχὸν
674 4692 750 4762 τῷ
773 4692 1061 4762 πνεύματι,
1090 4695 1181 4748 τὸν
1206 4696 1334 4749 ὂντα
1352 4696 1473 4749 τινὰ
1499 4698 1706 4751 δίκαιον
1736 4700 1828 4751 καὶ

260 4780 519 4833 ἐκλεκτὸν
564 4781 732 4845 Θεοῦ,
769 4782 843 4853 μὴ
885 4782 1135 4851 ἡγεῖσθαί
1180 4801 1232 4837 τι
1269 4785 1459 4837 ἑαυτὸν
1505 4783 1676 4852 εἶναι,
1709 4788 1827 4840 ἀλλ’

260 4873 405 4942 ἔχειν
434 4871 533 4941 τὴν
572 4872 746 4941 ψυχὴν
776 4872 941 4927 αὑτοῦ
972 4874 1164 4941 ἄτιμον
1203 4875 1296 4927 κα)⁵
1354 4873 1821 4945 ἐξουδενουμένην,

257 4965 335 5020 ὡς
362 4963 532 5031 μηδὲν
562 4962 737 5015 εἰδότα
769 4962 801 5031 ἢ
836 4963 1049 5033 ἔχοντα,
1081 4964 1257 5017 καίτοι
1285 4965 1459 5017 εἰδότα
1490 4965 1583 5019 καὶ
1611 4967 1819 5034 ἔχοντα.

256 5053 431 5107 Τοῦτο
469 5053 523 5105 δὲ
548 5054 624 5117 ὡς
652 5053 876 5122 φυσικὸν
913 5055 1009 5108 καὶ
1039 5055 1252 5125 πηκτὸν.
1278 5056 1485 5123 γίνεται
1513 5057 1605 5108 ἐπὶ
1632 5057 1709 5127 τῷ
1743 5062 1825 5110 νοῒ

255 5146 365 5197 τῶν
386 5144 705 5215 ἀνθρώπων.
731 5147 841 5214 Οὐχ
865 5147 994 5215 ὁρᾷς
1014 5147 1043 5198 6
1066 5148 1359 5217 προπάτωρ
1380 5148 1537 5217 ἡμῶν
1573 5148 1822 5219 ’Λόραάμ

254 5236 333 5289 ὢν
372 5235 646 5300 ἐκλεκτὸς,
678 5237 781 5304 γῆν
810 5238 999 5290 ἑαυτὸν
1020 5242 1113 5289 καὶ
1142 5237 1333 5289 σποδὸν
1362 5238 1643 5306 (bvoluta;
1675 5242 1763 5291 καὶ
1793 5243 1821 5293 ό

254 5329 442 5390 dativi,
464 5328 708 5397 χρισοεὶς
740 5330 819 5390 εἰς
846 5329 1092 5397 βασιλέα,
1117 5330 1248 5382 Θεὸν
1280 5325 1392 5399 εἶχε
1431 5330 1545 5399 μεθ’
1584 5331 1775 5383 ἑαυτοῦ
1804 5348 1819 5363 ·

254 5422 349 5475 καὶ
374 5421 428 5472 τί
447 5421 593 5488 λέγει
616 5420 898 5487 ;Σκώληξ
922 5421 1037 5490 εἰμί
1066 5421 1164 5474 καὶ
1188 5423 1296 5474 οὐκ
1324 5421 1649 5488 ἄνθρωπος,
1681 5422 1823 5475 ὄνει-

251 5513 355 5577 δος
384 5511 731 5580 ἀνθρώπων,
771 5512 870 5566 καὶ
893 5512 1268 5581 ἐξουδένωμα
1299 5512 1481 5567 λαῶν.

324 5607 396 5656 Δ’.
434 5604 497 5655 ΟΞ
526 5598 620 5656 οὖν
655 5602 896 5670 θέλοντες
926 5605 1130 5659 τούτων
1160 5600 1298 5657 εἶναι
1348 5604 1776 5671 συγκληρονόιιοι
1801 5642 1815 5665 ,

328 5757 369 5788 ¹³
392 5757 529 5812 Gen.
563 5774 710 5824 xvnl,
741 5760 831 5811 27.
910 5758 988 5812 ¹⁹1
1022 5760 1166 5813 Sam.
1201 5775 1310 5823 1m,
1346 5759 1404 5813 15

1938 3242 2048 3295 sint
2073 3242 2373 3296 diversoria
2415 3258 2478 3297 ac
2522 3243 2826 3311 lupanaria,
2880 3253 2935 3296 ct
2987 3244 3125 3309 loca,
3179 3246 3269 3299 ubi
3322 3247 3504 3302 omnia

1938 3332 2315 3402 incompositis
2348 3333 2595 3387 moribus
2628 3349 2692 3387 ac
2720 3333 3151 3402 intemperanter
3183 3348 3447 3405 geruntur
3489 3356 3501 3388 :

1938 3432 2125 3492 postea
2156 3423 2199 3477 si
2232 3424 2471 3493 religiosi
2503 3424 2754 3477 homines
2787 3433 3085 3487 transeant,
3130 3442 3310 3480 nonne
3352 3444 3505 3481 exse-

1938 3517 2204 3569 crantur?
2243 3525 2298 3569 et
2330 3516 2579 3570 videntes
2604 3532 2712 3569 non
2737 3514 2927 3568 vident
2960 3533 2973 3567 :
3008 3516 3158 3584 (sunt
3197 3517 3343 3569 cnim
3399 3516 3505 3570 illis

1937 3606 2091 3675 quasi
2124 3616 2340 3661 mortua
2370 3608 2422 3675 :)
2460 3606 2540 3661 sic
2571 3607 2717 3659 Deus
2747 3622 2971 3660 aversos
3001 3622 3029 3659 a
3063 3606 3230 3659 verbo
3258 3622 3322 3660 ac
3360 3624 3507 3660 inan-

1938 3698 2064 3752 dato
2095 3713 2195 3751 suo
2246 3698 2471 3767 respicit
2520 3698 2769 3766 quidem;
2808 3707 3047 3752 attamen
3100 3698 3334 3767 despicit
3386 3714 3501 3759 eos.

1936 3806 2037 3845 nec
2067 3807 2190 3845 cum
2216 3790 2296 3845 eis
2324 3791 2495 3843 ullum
2533 3792 2926 3843 commercium
2977 3792 3128 3855 colit,
3169 3807 3269 3845 nec
3323 3792 3507 3861 requie

1935 3881 2074 3935 escit
2100 3881 2155 3933 in
2182 3880 2608 3951 cogitationibus
2638 3880 2860 3933 illorum
2890 3882 3173 3935 Dominus.

2006 3971 2096 4023 lll.
2135 3970 2509 4040 Interrogatio.
2554 3969 2823 4034 Quomodo
2867 3973 2982 4041 quis
3026 3980 3191 4041 potest
3235 3988 3343 4025 esse
3372 3990 3477 4041 pau

1936 4078 2028 4130 per
2053 4062 2262 4129 spiritu,
2292 4062 2519 4113 maxime
2546 4078 2661 4113 cum
2691 4062 2910 4114 senserit
2950 4063 3093 4131 apud
3115 4079 3189 4126 se,
3224 4081 3277 4116 se
3323 4074 3502 4117 trans-

1937 4150 2102 4203 latum
2130 4167 2237 4203 esse
2261 4168 2321 4203 ac
2347 4152 2645 4220 profecisse,
2677 4161 2725 4204 et
2753 4153 3101 4221 cognitionem
3154 4163 3312 4223 atque
3342 4156 3503 4207 intel-

1936 4238 2206 4308 ligentiam
2252 4249 2583 4293 consecutum
2624 4258 2752 4307 esse,
2785 4260 2889 4313 qua
2920 4252 3076 4296 antea
3105 4244 3363 4297 carebat?

2007 4326 2309 4395 Responsio.
2327 4328 2579 4393 Quandiu
2611 4331 2726 4385 hazc
2753 4333 2876 4399 quis
2903 4332 3146 4400 possidet
3174 4341 3229 4387 et
3262 4334 3498 4401 proﬁcit.

1937 4433 2046 4471 non
2072 4427 2156 4471 est
2188 4433 2396 4487 pauper
2419 4420 2636 4487 spiritu,
2665 4421 2759 4474 sed
2784 4421 2851 4475 de
2875 4438 2932 4475 se
2964 4422 3081 4491 ipso
3100 4424 3178 4476 sic
3209 4426 3496 4492 opinatur:

1936 4510 2155 4580 quando
2194 4526 2323 4564 vero
2354 4513 2668 4580 pervenerit
2701 4514 2769 4566 ad
2798 4515 2961 4568 talem
2998 4516 3415 4585 intelligentiam
3442 4527 3500 4573 et

1936 4601 2263 4669 profectum,
2294 4601 2411 4669 ipsa
2435 4602 2607 4670 gratia
2632 4603 2794 4657 docet
2822 4619 2971 4670 eum,
3002 4607 3095 4673 qui
3128 4623 3184 4660 re
3212 4624 3338 4661 vera
3372 4610 3496 4676 qui-

1934 4691 2059 4745 dem
2086 4690 2267 4760 justus
2296 4699 2351 4744 et
2380 4692 2588 4745 electus
2619 4693 2717 4746 Dei
2748 4702 2855 4757 est,
2885 4709 2955 4748 ne
2980 4706 3139 4763 putet
3172 4712 3231 4751 se
3288 4698 3495 4767 aliquid

1932 4796 2070 4843 esse,
2102 4781 2195 4834 sed
2229 4781 2411 4835 animo
2453 4781 2550 4834 vili
2600 4790 2656 4836 et
2704 4782 2917 4851 abjecto
2946 4799 3005 4837 se
3035 4793 3205 4854 gerat,
3241 4783 3495 4855 tanquain

1931 4873 2068 4927 nihil
2096 4873 2278 4927 sciens
2305 4882 2399 4927 aut
2425 4873 2655 4937 habens,
2685 4873 2936 4942 quamvis
2978 4875 3116 4929 sciat
3164 4886 3224 4930 et
3272 4877 3491 4933 habeat.

1933 4963 2047 5017 Hoc
2081 4977 2211 5017 vero
2251 4973 2503 5031 tanquam
2534 4965 2781 5018 naturale
2823 4975 2879 5019 ct
2924 4965 3149 5019 inﬁxum
3202 4967 3258 5020 in
3313 4979 3494 5023 mente

1931 5054 2219 5108 hominum
2265 5065 2368 5109 est.
2398 5054 2594 5109 Nonne
2632 5055 2806 5118 vides,
2841 5056 3082 5125 primum
3138 5066 3350 5124 patrem
3394 5074 3494 5113 no-

1929 5154 2102 5199 strum
2159 5144 2433 5198 Abraham
2468 5146 2529 5208 ιθ,
2579 5159 2701 5198 cum
2744 5154 2890 5198 esset
2926 5146 3152 5209 electus,
3188 5155 3388 5199 terram
3436 5158 3491 5201 et

1926 5236 2168 5289 cinerem
2200 5251 2257 5289 se
2290 5236 2467 5304 ipsum
2498 5235 2853 5289 nominasse?
2898 5236 2966 5289 Et
3004 5236 3171 5289 David
3206 5245 3402 5291 unctus
3436 5238 3487 5290 in

1928 5344 2129 5397 regem,
2161 5328 2331 5381 Deum
2386 5328 2623 5381 habebat
2654 5343 2841 5383 secum
2865 5329 2926 5389 ‘°,
2960 5337 3014 5381 et
3042 5346 3173 5383 sane
3202 5330 3334 5397 quid
3368 5332 3490 5383 ait?

1928 5418 2121 5471 Vermis
2148 5435 2284 5483 sum,
2317 5428 2365 5472 et
2404 5437 2507 5473 non
2545 5422 2718 5486 homo,
2749 5421 3086 5491 opprobrium
3112 5422 3400 5485 hominum,
3439 5432 3485 5473 et

1922 5512 2141 5581 abjectio
2165 5512 2323 5580 plebis
2347 5514 2414 5566 ’°.

1993 5602 2079 5656 ιν.
2120 5602 2222 5669 Qui
2261 5603 2453 5658 volunt
2486 5603 2651 5673 igitur
2680 5618 2799 5659 esse
2838 5603 3035 5657 horum
3064 5601 3399 5665 cohreredes,
3428 5610 3483 5654 et

1504 5760 1545 5788 ²⁰
1580 5755 1718 5811 l’sal.
1747 5756 1948 5817 “11,7.
