4266 6356
798 396 903 460 559

2028 405 2086 462 S.
2123 404 2442 465 MACARII
2487 404 2804 464 EGYPTII

3939 397 4049 461 560

800 514 949 567 cives
983 512 1224 567 civitatis
1251 514 1512 578 coenestis,
1554 523 1610 569 et
1657 530 1782 570 cum
1816 517 1897 570 eis
1920 516 2239 586 gloriﬁcari,
2272 515 2368 569 de-
2397 519 2439 575 Α
2472 534 2485 568 ι

2365 544 2368 553 ι
2397 519 2439 575 Α
2472 516 2560 569 καὶ
2590 515 2915 584 συμπολίται
2936 514 3034 584 τῆς
3062 512 3269 576 πόλεως
3298 511 3395 582 τῆς
3426 510 3773 582 ἐπουρανίου,
3804 511 3899 564 καὶ
3925 528 4050 563 συνο

800 605 934 660 bent
963 604 1065 659 hac
1093 605 1406 660 humilitate
1438 606 1606 660 animi
1632 622 1752 663 esse
1782 610 1986 673 ornati,
2027 617 2083 664 et
2108 624 2218 663 non
2250 606 2371 662 exi-

803 696 1025 748 stimare
1076 695 1280 764 aliquid
1306 696 1360 749 in
1392 710 1451 749 se
1474 711 1615 760 esse,
1644 696 1741 751 sed
1769 714 1865 752 cor
1885 699 2183 753 contritum
2213 696 2373 749 habe-

803 805 881 841 re.
911 786 1170 853 Quamvis
1195 787 1340 841 enim
1373 788 1547 857 gratia
1582 787 1635 840 in
1664 789 1896 859 singulis
1918 788 2252 844 Christianis
2281 788 2369 842 di-

803 878 1113 932 versimode
1163 888 1443 947 Operetur,
1475 888 1529 932 et
1573 878 1790 933 diversa
1845 880 2088 934 membra
2144 881 2368 945 habeat,

803 986 993 1025 omnes
1049 980 1228 1025 tamen
1285 980 1414 1026 sunt
1469 972 1717 1041 ejusdem
1769 972 2045 1035 civitatis,
2094 973 2261 1026 animi
2318 980 2374 1027 et

806 1060 1026 1130 linguae,
1063 1076 1121 1115 se
1153 1070 1344 1113 mutuo
1376 1069 1791 1130 cognoscentes.
1824 1060 1980 1115 Sicut
2034 1061 2086 1114 in
2142 1075 2373 1129 corpore

805 1153 1051 1207 membra
1084 1160 1210 1207 sunt
1241 1154 1433 1217 multa,
1466 1170 1574 1207 una
1605 1161 1788 1208 autem
1815 1154 1870 1207 in
1904 1153 2160 1207 omnibus
2189 1154 2372 1206 anima

806 1244 908 1299 ista
939 1261 1166 1299 movens
1200 1263 1212 1299 :
1255 1246 1327 1299 ita
1366 1245 1607 1315 Spiritus
1640 1261 1785 1300 unus
1812 1254 2071 1314 operatur
2103 1245 2156 1299 in
2197 1246 2376 1299 omni-

807 1334 911 1387 bus
962 1334 1353 1397 diversimode,
1394 1334 1640 1405 ejusdem
1709 1344 1891 1389 tamen
1946 1342 2071 1388 sunt
2115 1334 2373 1398 civitatis,

806 1425 1055 1494 ejusdem
1087 1425 1208 1477 vim.
1226 1424 1363 1479 Justi
1390 1426 1536 1479 enim
1562 1441 1755 1480 omnes
1776 1432 2061 1495 angustam
2091 1433 2147 1479 et
2169 1433 2375 1479 arctam

806 1516 951 1567 viam
1024 1516 1421 1579 ambularunt,
1493 1515 1831 1569 sustinentes
1912 1516 2375 1584 persecutionem,

808 1604 1157 1671 aﬂlictionem,
1207 1614 1255 1656 et
1296 1604 1661 1667 contumelias,
1708 1622 1769 1656 ac
1799 1605 2019 1658 viventes
2052 1605 2105 1655 in
2154 1604 2375 1673 pellibus

808 1695 1056 1761 caprinis,
1094 1696 1145 1746 in
1172 1694 1430 1763 speluncis
1458 1704 1505 1748 et
1540 1697 1777 1747 cavernis
1835 1706 1989 1747 terra:
2015 1696 2075 1745 ἰ.
2112 1694 2376 1749 Similiter

806 1794 862 1838 et
890 1785 1120 1853 apostoli
1149 1784 1215 1839 ad
1240 1785 1379 1838 hanc
1417 1801 1588 1861 usque
1622 1785 1811 1839 horam
1841 1786 2032 1839 dicunt
2064 1802 2077 1838 :
2108 1787 2176 1839 Et
2211 1788 2377 1839 esuri-

2474 607 2793 678 ὼξασθῆναι
2836 606 3047 669 αὐτοῖς,
3095 603 3298 676 ταύτην
3343 601 3620 672 ὀφείλοντι
3662 602 3763 672 τὴν
3792 619 4050 656 ταπεινο-

2476 697 2748 768 φροσύνην
2778 695 2941 765 ἔχειν,
2976 695 3068 748 καὶ
3112 693 3186 765 μὴ
3219 692 3428 746 οἴεσθαι
3467 693 3524 745 ὲν
3555 692 3769 753 ἑαυτοῖς
3804 685 3944 742 εἷναί
3974 708 4050 755 τι,

2476 791 2589 844 ἀλλ’
2618 788 2764 858 ἔχειν
2806 787 3274 856 συντετριμμένην
3303 785 3401 854 τὴν
3432 783 3681 855 καρδίαν.
3714 782 3777 834 El
3816 780 3925 851 γὰρ
3958 784 4053 834 καὶ

2474 880 2745 950 διαφόρως
2800 880 2879 941 είς
2920 878 3152 931 ἕκαστον
3201 877 3309 929 τῶν
3361 873 3705 946 Χριστιανῶν
3752 873 3967 943 ἐνεργεῖ
4017 874 4050 942 η

2476 972 2635 1041 χάρις
2678 972 2771 1025 καὶ
2802 970 3034 1039 διάφορα
3076 968 3187 1037 ἔχει
3232 968 3401 1038 μέλη·
3466 968 3616 1034 ὅμως
3654 966 3711 1019 δὲ
3766 967 3897 1036 μιᾶς
3945 967 4054 1018 εἱσι

2477 1062 2686 1125 πόλεως
2724 1062 2772 1113 οί
2809 1061 3030 1125 πάντες,
3066 1059 3353 1129 όμόψυχοι,
3384 1058 3743 1127 όμόγλωττοι,
3796 1054 4057 1125 ἐπιγινώ-

2478 1170 2698 1215 σκοντες
2729 1152 3009 1222 ἀλλήλους.
3042 1152 3249 1223 Ὠσπερ
3294 1152 3431 1221 μέλη
3472 1149 3645 1203 πολλά
3675 1151 3821 1203 ἐστιν
3853 1151 3912 1202 ὲν
3942 1149 4056 1202 σῶ-

2479 1261 2628 1315 ματι,
2664 1245 2760 1313 μία
2786 1244 2842 1297 δὲ
2864 1242 3011 1314 ψυχὴ
3040 1244 3098 1295 ὲν
3126 1246 3290 1297 πᾶσιν
3322 1245 3356 1313 ἡ
3381 1243 3608 1297 κινοῦσα
3640 1243 3812 1296 ταῦτα
3830 1260 3844 1274 ·
3877 1240 4056 1304 οὕτως

2478 1337 2535 1387 ἓν
2588 1335 2804 1405 πνεῦμα
2843 1337 3057 1405 ἐνεργεῖ
3088 1337 3146 1386 ὲν
3184 1336 3319 1387 πᾶσι
3364 1333 3661 1403 διαφόρως,
3701 1333 3830 1401 μιᾶς
3860 1330 3917 1383 δέ
3945 1332 4056 1382 είσι

2479 1428 2705 1489 πόλεως,
2750 1428 2880 1496 μιᾶς
2913 1426 3035 1478 ὁδοῦ
3061 1442 3074 1455 ο
3108 1426 3309 1487 πάντες
3340 1425 3448 1493 γὰρ
3480 1425 3530 1477 οἱ
3563 1424 3765 1476 δίκαιοι
3803 1423 3904 1491 τὴν
3936 1438 4057 1474 στε-

2478 1519 2576 1588 νὴν
2624 1518 2717 1569 καὶ
2760 1517 3127 1586 τεθλιμμένην
3174 1516 3290 1569 ὁδὸν
3338 1513 3655 1579 διώδευσαν,
3707 1513 4055 1581 διωκόμενοι,

2478 1610 2952 1677 κακουχούμενοι
2976 1649 2991 1671 ,
3046 1606 3463 1674 ὀνειδιζόμενοι
3485 1646 3499 1668 ,
3542 1607 3611 1659 ἐν
3644 1606 3883 1673 αἰγείοις
3920 1603 4057 1670 δέρ-

2474 1716 2624 1770 μασι
2671 1700 2912 1765 ζῶντες,
2964 1700 3032 1753 ἐν
3075 1698 3427 1765 σπηλαίοις,
3464 1698 3533 1750 ἐν
3565 1696 3694 1761 ταῖς
3729 1696 3905 1760 ὀπαῖς
3945 1694 4055 1761 τῆς

2479 1792 2611 1863 γῆς.
2655 1791 2887 1861 Ὀμοίως
2916 1791 3010 1843 καὶ
3042 1791 3091 1842 οί
3126 1789 3434 1852 ἀπόστολοι,
3467 1789 3572 1851 ἓως
3598 1787 3697 1856 τῆς
3738 1788 3863 1858 ἄρτι
3905 1786 4056 1855 ὥρας

2721 1839 2733 1861 Δ

808 1894 923 1929 mus
948 1878 1293 1940 etsitimus,et
1310 1877 1436 1929 nudi
1462 1886 1722 1940 sumus,et
1741 1876 2067 1930 contumeliis
2096 1878 2371 1947 aﬁicimur,
2404 1857 2451 1915 Β
2480 1906 2493 1937 ς

2404 1857 2451 1915 Β
2480 1857 2635 1954 ἐθάσι,
2670 1857 2774 1939 ain
2825 1881 3139 1950 πεινῶμεν,
3190 1882 3289 1936 καί
3336 1881 3628 1951 διψῶμεν,
3679 1857 3787 1935 καί
3827 1898 4056 1950 γυμνη-

808 1975 857 2018 et
879 1967 1147 2019 instabiles
1172 1967 1284 2019 sine
1306 1968 1425 2019 sede
1446 1968 1683 2021 vivimus.
1706 1965 1953 2032 Quorum
1972 1967 2219 2020 nonnulli
2247 1977 2374 2021 sunt

806 2058 1003 2125 capitis
1054 2058 1324 2127 supplicio
1371 2057 1576 2122 affecti,
1612 2057 1833 2126 quidam
1867 2072 1997 2111 vero
2022 2058 2173 2111 cruci
2208 2056 2373 2124 aﬂixi,

807 2147 913 2218 45
949 2148 1040 2202 alii
1075 2164 1204 2202 vero
1258 2150 1423 2202 variis
1491 2148 1670 2203 modis
1720 2148 1926 2202 amicti.
1974 2149 2205 2218 Insuper
2260 2150 2375 2218 ipse

809 2242 1075 2295 Dominus
1139 2241 1533 2310 prophetarum
1584 2250 1642 2295 et
1693 2241 2105 2309 apostolorum,
2172 2240 2379 2294 oblitus

806 2332 962 2401 quasi
985 2331 1185 2386 divina:
1209 2332 1415 2403 gloriai,
1440 2332 1718 2402 quomodo
1747 2341 2105 2386 conversatus
2135 2331 2255 2385 est?
2286 2331 2377 2385 ille

809 2424 971 2477 nobis
1008 2425 1064 2477 in
1092 2424 1403 2493 exemplum
1441 2423 1618 2478 factus
1635 2425 1705 2487 “,
1741 2438 1955 2477 summa
1999 2438 2124 2477 cum
2179 2432 2374 2477 contu-

811 2515 971 2566 melia
1013 2528 1273 2566 coronam
1332 2514 1578 2582 spineam
1629 2513 1683 2567 in
1710 2514 1887 2583 capite
1912 2513 2164 2582 gestavit,
2196 2523 2375 2581 sputa,

809 2605 1071 2672 colaphos
1096 2613 1153 2658 et
1179 2619 1400 2658 crucem
1438 2606 1721 2658 sustinuit.

876 2697 941 2750 V.
986 2696 1041 2750 Si
1071 2698 1216 2750 Deus
1257 2698 1309 2749 in
1358 2698 1523 2751 terris
1550 2698 1629 2752 sic
1654 2707 1905 2751 versatus
1938 2708 2040 2762 est,
2071 2708 2223 2751 tuum
2252 2697 2377 2761 crit,

813 2794 874 2840 ut
901 2802 1028 2841 eum
1074 2787 1349 2841 imiteris:
1380 2798 1435 2840 et
1479 2788 1523 2840 si
1576 2789 1806 2857 apostoli
1864 2804 1927 2841 ac
1976 2789 2256 2857 propheta:
2303 2790 2381 2843 sic

810 2878 1121 2931 conversati
1166 2886 1335 2941 sunt,
1378 2895 1479 2932 nos
1519 2894 1777 2947 quoque,
1832 2878 1875 2931 si
1932 2878 2095 2932 modo
2150 2880 2381 2933 velimus

812 2965 1175 3019 fundamento
1205 2966 1420 3020 Domini
1450 2976 1505 3020 et
1524 2968 1899 3035 apostolorum
1924 2966 2377 3035 supermdiﬁcari,

811 3073 909 3113 eos
939 3057 1140 3111 imitari
1181 3056 1466 3111 debemus.
1519 3057 1701 3127 Inquit
1751 3058 1899 3112 enim
1949 3058 2244 3127 Apostolus
2285 3074 2382 3127 per

813 3149 1081 3219 Spiritum
1111 3160 1359 3203 sanctum
1401 3148 1751 3203 :Imitatores
1802 3157 1961 3202 estote
2009 3150 2129 3213 mei,
2160 3151 2292 3202 sicut
2333 3158 2380 3202 et

815 3256 907 3311 ego
946 3238 1140 3295 Christi
1162 3241 1229 3294 ".
1259 3240 1410 3305 Quod
1456 3240 1501 3293 si
1548 3240 1775 3309 gloriam
1824 3241 2106 3293 hominum
2149 3239 2379 3308 expetis,

815 3338 869 3385 et
903 3330 1123 3385 adorari
1164 3331 1338 3385 colive
1370 3329 1672 3395 desideras,
1724 3341 1886 3399 atque
1938 3330 2105 3383 vitam
2142 3331 2388 3400 volupta-

816 3424 954 3477 riam
987 3422 1210 3492 quaaris,
1238 3423 1306 3476 de
1351 3423 1437 3477 via
1485 3422 1795 3477 declinasti.
1847 3422 2083 3491 Oportet
2124 3423 2271 3475 enim
2333 3430 2386 3476 te

819 3516 986 3569 simul
1014 3514 1259 3584 cruciﬁgi
1287 3530 1411 3568 cum
1436 3514 1699 3569 crncilixo
1722 3514 1787 3577 “,
1816 3514 1977 3567 simul
2026 3514 2133 3581 pati
2168 3529 2291 3566 cum
2322 3527 2388 3567 eo

818 3605 911 3673 qui
941 3620 1132 3673 passus
1174 3613 1285 3667 est,
1336 3614 1397 3658 ut
1429 3606 1503 3659 ita
1531 3604 1692 3658 simul
1729 3606 2048 3674 gloriﬁceris
2098 3621 2220 3657 cum
2270 3604 2389 3674 glo-

820 3694 1053 3751 rificalo.
1103 3694 1337 3749 Necesse
1390 3696 1537 3749 enim
1603 3705 1729 3759 est,
1780 3710 2034 3763 sponsam
2094 3695 2201 3763 pati
2265 3710 2390 3748 cum

819 3802 1045 3857 sponso,
1079 3802 1141 3841 ac
1177 3787 1256 3841 sic
1292 3788 1495 3841 sociam
1524 3802 1586 3841 ac
1614 3787 1955 3841 cohaeredem
1986 3786 2191 3840 Christi
2247 3786 2387 3839 ﬁeri.

820 3878 939 3933 Non
990 3880 1137 3933 enim
1190 3878 1534 3943 conceditur,
1585 3879 1687 3932 nisi
1742 3896 1838 3947 per
1892 3878 2239 3940 amictiones,
2296 3893 2391 3947 per

819 3981 1093 4038 asperam,
1138 3978 1443 4039 angustam,
1475 3977 1794 4038 arctamque
1825 3969 1966 4021 viam
2015 3968 2223 4037 ingredi
2252 3967 2389 4021 civi-

821 4066 988 4113 tatem
1026 4070 1363 4123 sanctorum,
1398 4068 1453 4113 et
1494 4061 1841 4129 requiescere
1894 4075 1957 4113 ac
2006 4075 2233 4129 regnare
2264 4074 2391 4114 cum

824 4166 950 4221 rege
978 4152 1033 4205 in
1065 4151 1277 4205 inﬁnita
1305 4153 1518 4206 sateula.

888 4331 979 4385 VI.
1015 4330 1383 4398 Interrogatio.
1414 4330 1675 4394 Quoniam
1716 4334 1985 4401 propriam
2029 4348 2089 4384 ac
2135 4332 2392 4384 caelestem

819 4422 1105 4488 imaginem
1123 4420 1345 4489 perdidit
1368 4420 1561 4482 Adam,
1596 4422 1778 4489 igitur,
1801 4422 1845 4473 si
1866 4422 2126 4490 particeps
2158 4420 2255 4490 fuit
2287 4437 2390 4474 c03-

821 4510 964 4565 lcstis
994 4511 1260 4581 imaginis,
1296 4512 1474 4564 habuit
1504 4508 1758 4580 Spiritum
1778 4520 2018 4565 sanctum
2043 4513 2066 4565 ?

890 4698 1195 4768 Responsio.
1236 4696 1491 4763 Quandiu
1522 4696 1762 4751 Verbum
1796 4697 1891 4751 Dei
1925 4707 2043 4751 erat
2099 4712 2222 4751 cum
2274 4697 2387 4759 illo,

822 4788 1064 4844 habebat
1086 4786 1290 4841 omnia.
1320 4786 1501 4854 Ipsum
1542 4786 1687 4839 enim
1719 4786 1957 4839 Verbum
1987 4796 2107 4839 erat
2141 4787 2191 4839 ei
2222 4786 2391 4839 hatre-

821 4878 985 4939 ditas,
1014 4886 1131 4931 erat
1161 4876 1563 4929 indumentum.
1608 4884 1665 4930 et
1706 4876 1878 4945 gloria
1930 4890 2054 4929 eum
2112 4876 2389 4945 operiens,

824 4970 1004 5038 ipsum
1042 4977 1159 5020 erat
1208 4967 1483 5021 doctrina.
1530 4967 1663 5019 Data
1697 4967 1844 5021 enim
1878 4969 1928 5021 ei
1970 4976 2090 5022 erat
2152 4977 2394 5037 potestas

823 5056 1145 5111 nominandi
1179 5057 1359 5109 omnia
1389 5078 1399 5111 :
1427 5057 1529 5110 hoc
1554 5057 1874 5111 nominabat
1894 5058 2117 5122 caelum,
2143 5058 2276 5111 illud
2309 5073 2396 5112 so-

826 5150 972 5211 lem;
1010 5149 1114 5201 hoc
1144 5147 1349 5207 lunam,
1376 5146 1509 5200 illud
1530 5156 1763 5211 terram;
1802 5147 1908 5203 hoc
1924 5147 2224 5213 volucrem,
2260 5149 2394 5203 illud

824 5238 1084 5301 belluam,
1122 5237 1255 5291 illud
1283 5238 1564 5303 arborem;
1598 5246 1658 5293 ut
1689 5238 2045 5305 edocebatur,
2072 5240 2146 5294 ita
2172 5255 2394 5310 quoque

826 5330 1047 5385 nomina
1094 5330 1386 5383 indiderat.

898 5427 1008 5480 VII.
1046 5426 1419 5495 Interrogatio.
1473 5426 1776 5481 Habebatne
1804 5445 2037 5493 sensum,
2083 5439 2129 5481 et
2180 5428 2395 5497 partici-

824 5518 968 5581 patio
983 5533 1095 5568 nent
1121 5515 1347 5585 Spiritus
1373 5518 1588 5569 sancti?

903 5610 1203 5678 Responsio.
1247 5612 1485 5664 Verbum
1538 5613 1714 5679 ipsum
1758 5614 1806 5666 ei
1842 5613 2160 5675 adhaarens,
2191 5624 2311 5667 erat
2340 5612 2389 5666 ei

904 5790 944 5819 "
973 5788 1119 5843 Hebr
1160 5790 1338 5852 x1,5'l,
1372 5790 1459 5844 38.
1538 5790 1579 5820 ²¹
1602 5790 1790 5843 Matth.
1818 5791 2067 5858 xxi/11,28
2090 5793 2176 5846 '29.
2256 5791 2331 5845 "I
2365 5790 2490 5846 Cur.
2523 5809 2592 5858 Iv,
2625 5794 2719 5856 il;
2761 5810 2831 5856 λι,
2871 5795 2915 5849 l.

2474 1974 2743 2041 τεύομεν,
2788 1971 2885 2025 καὶ
2916 1970 3337 2038 ὀνειδιζόμεθα,
3369 1971 3468 2024 καὶ
3517 1970 3921 2038 ἀστατοῦμεν.
3953 1966 4060 2029 τω

2475 2064 2526 2116 οἱ
2579 2064 2679 2131 μὲν
2731 2059 3285 2131 ἀπεκεφαλίσθησαν,
3336 2061 3385 2112 οἱ
3438 2059 3497 2111 δὲ
3554 2058 4057 2129 ἑστραυρώθῃσαν,

2476 2156 2622 2208 ἄλλοι
2656 2155 2711 2207 δὲ
2755 2153 3028 2222 διαφόρως
3069 2151 3393 2221 ὲολίὸησαν·
3428 2151 3589 2213 αὐτὸς
3630 2151 3685 2203 δὲ
3714 2152 3743 2203 6
3778 2150 4061 2221 Δεσπότης

2478 2245 2771 2317 προφητῶν
2803 2263 2862 2297 τε
2907 2244 3004 2297 καὶ
3053 2242 3402 2307 ἀποστόλων,
3443 2243 3633 2314 ὥσπερ
3665 2243 4061 2313 ἐπιλαθόμενος

2477 2339 2573 2407 τῆς
2602 2337 2786 2405 θεῖκῆς
2810 2335 2988 2403 δόξης,
3017 2335 3135 2397 πῶς
3163 2333 3459 2399 διώδευσες
3492 2334 3659 2395 τύπος
3697 2336 3833 2405 ἡμῖν
3872 2333 4061 2401 γιγνό-

2482 2443 2661 2497 μενος,
2690 2424 2776 2477 διὰ
2804 2422 3013 2492 ῦὸρεων
3041 2424 3305 2491 στέφανον
3328 2423 3619 2477 ἀκάνθινον
3646 2425 3737 2477 ἐπὶ
3764 2424 3863 2493 τῆς
3890 2440 4063 2491 κεφα-

2480 2517 2576 2586 λῆς
2636 2516 2931 2584 ὲφόρεσεν,
2988 2515 3359 2586 ὲμπτύσματα
3410 2516 3653 2587 ὑπέστη,
3701 2516 4063 2585 ῥαπίσματα,

2484 2609 2739 2679 σταυρόν.

2554 2698 2627 2753 Ε’.
2664 2701 2724 2752 Εἰ
2754 2702 2781 2752 6
2811 2700 2945 2761 Θεὸς
2976 2698 3149 2761 οὕτως
3177 2698 3467 2752 διώδευσεν
3497 2697 3590 2749 ἐπὶ
3624 2698 3725 2765 τῆς
3758 2695 3886 2766 γῆς,
3912 2697 4066 2762 ὀφεί-

2483 2790 2595 2853 λεις
2629 2791 2723 2843 καὶ
2772 2792 2837 2843 σὺ
2874 2789 3117 2861 μιμητὴς
3154 2787 3317 2842 αὑτοῦ
3366 2786 3655 2855 γενέσθαι*
3704 2786 3796 2838 καὶ
3837 2786 3884 2837 oi
3926 2785 4065 2837 ἁπό-

2485 2888 2661 2939 στολοι
2691 2888 2786 2940 καὶ
2832 2889 2879 2939 οἱ
2908 2886 3184 2955 προφῆται
3213 2883 3385 2944 οὕτως
3404 2881 3731 2935 διώδευσαν*
3758 2879 3853 2931 καὶ
3878 2880 4064 2947 ἡμεῖς,

2483 2980 2530 3031 εί
2574 2978 2797 3045 θέλομεν
2831 2976 2907 3045 τῷ
2940 2975 3172 3045 θεμελίῳ
3198 2973 3292 3026 τοῦ
3328 2973 3533 3043 Κυρίου
3568 2972 3662 3024 καὶ
3698 2970 3806 3022 τῶν
3835 2970 4069 3022 ἀποστό-

2483 3067 2589 3118 λων
2656 3064 3178 3133 ὲποικοδομηθῆναι,
3242 3062 3532 3130 ὀφείλομεν
3601 3059 3837 3128 μιμηταὶ
3884 3058 4069 3111 αὐτῶν

2485 3158 2756 3226 γενέσθαι.
2792 3157 2954 3224 Λέγει
2980 3154 3089 3225 γὰρ
3113 3156 3141 3207 6
3162 3156 3223 3207 Ἀ
3236 3154 3484 3215 ιιόστολος
3514 3154 3572 3205 ὲν
3602 3152 3881 3219 Πνεύματι
3906 3148 4065 3217 ἀγίῳ,

2487 3249 2748 3317 Mummi
2772 3265 2891 3317 μου
2939 3248 3201 3315 γίνεσθε,
3246 3243 3438 3309 καθὼς
3475 3241 3635 3311 κάγὼ
3676 3241 3960 3309 Χριστοῦ.
4006 3240 4070 3291 El

2487 3341 2544 3393 δὲ
2607 3340 2826 3408 ἀγαπᾷς
2887 3337 3047 3403 δόξας
3100 3336 3437 3403 ἀνθρώπων,
3494 3335 3587 3386 καὶ
3637 3330 4069 3403 προσκυνεῖσθαι

2491 3430 2663 3493 θέλεις
2683 3470 2696 3495 ,
2748 3429 2839 3482 καὶ
2868 3428 3175 3482 ἀνάπαυσιν
3206 3426 3420 3496 ζητεῖς,
3460 3426 3767 3495 ὲξετράπης
3794 3423 3895 3493 τῆς
3926 3422 4068 3477 ὀδοῦ.

2490 3522 2611 3591 Χρὴ
2642 3522 2748 3591 γάρ
2782 3538 2841 3572 σε
2884 3518 3333 3588 συσταυρωθῆναι
3378 3516 3457 3586 τῷ
3498 3514 3890 3585 σταυρωθέντι,
3934 3530 4073 3583 sup.-

2492 3612 2682 3666 παθεῖν
2708 3610 2786 3682 τῷ
2813 3610 3057 3675 παθόντι,
3092 3610 3180 3663 ἶνα
3210 3607 3382 3670 οὕτως
3421 3606 3784 3676 συνδοξασθῇς
3809 3606 3886 3675 τῷ
3912 3605 4073 3670 δοξα-

2493 3706 2695 3758 σθέντι.
2752 3704 2989 3773 ’Δνάγκη
3046 3702 3154 3771 γάρ
3215 3702 3316 3771 τὴν
3367 3700 3588 3769 νύμφην
3640 3698 3951 3768 συμπαθεῖν
3998 3699 4074 3769 τῷ

2492 3796 2730 3866 νυμφίῳ,
2766 3795 2859 3847 καὶ
2898 3794 3039 3847 οὕτω
3072 3793 3327 3861 γενέσθαι
3355 3792 3611 3845 κοινωνὸν
3645 3792 3739 3844 καὶ
3768 3790 4074 3861 συγκληρο-

2493 3889 2657 3957 νόμον
2687 3884 2947 3956 Χριστοῦ.
2985 3885 3098 3937 οὐκ
3141 3885 3376 3953 ἐγχωρεῖ
3408 3883 3518 3955 γὰρ
3545 3884 3673 3937 ἀνευ
3707 3881 4071 3951 παθημὸἱτων,

2493 3979 2587 4032 καὶ
2620 3979 2719 4046 τῆς
2763 3976 3022 4047 τραχείας
3052 3975 3145 4027 καὶ
3193 3974 3385 4043 στενῆς
3420 3975 3513 4028 καὶ
3543 3973 3912 4043 τεθλιμμένης
3952 3972 4071 4025 ὀδοῦ

2491 4068 2757 4121 εἰσελθεῖν
2788 4078 2929 4119 uva“
2960 4068 3037 4127 εἰς
3078 4066 3178 4135 τὴν
3225 4064 3378 4117 πόλιν
3409 4066 3518 4118 τῶν
3563 4064 3752 4131 ἀγίων,
3790 4064 3885 4116 καὶ
3936 4064 4073 4115 ἀνα-

2493 4163 2719 4229 πιῆναι,
2752 4160 2845 4209 καὶ
2872 4174 2933 4209 συ
2944 4156 3311 4224 μϐασιλεῦσαι
3339 4154 3416 4226 τῷ
3440 4155 3648 4224 βασιλεῖ
3674 4156 3752 4218 είς
3780 4154 3909 4217 τοὺς
3939 4156 4075 4207 ἀπι-

2498 4253 2717 4321 ράντους
2754 4249 2973 4311 αἰῶνας.

2566 4344 2657 4405 ς’.
2731 4339 3075 4407 Ἐρώτησις.
3144 4336 3384 4403 Ἐπειδή
3448 4336 3537 4389 ὅτι
3596 4335 3693 4389 καί
3747 4335 3863 4402 τὴν
3913 4335 4077 4389 ιίδίαν

2493 4431 2697 4483 εἰκόνα
2746 4427 2845 4480 καὶ
2885 4426 3000 4494 τὴν
3032 4425 3395 4493 ἐπουράνιον
3438 4425 3755 4478 ἀπώλεσεν
3790 4426 3824 4477 ό
3866 4424 4071 4497 Ἀδὰμ,

2424 4528 2465 4580 D
2490 4518 2716 4574 οὐκοῦν
2760 4520 2813 4572 εί
2844 4516 3207 4584 ἐκοινώνησε
3242 4515 3315 4584 τῇ
3347 4516 3537 4569 εικόνι
3582 4514 3657 4584 τῇ
3688 4515 4035 4582 ἐπουρανίῳ
4059 4556 4074 4581 ,

2492 4608 2614 4680 εἶχε
2644 4611 2886 4673 Πνεῦμα
2914 4608 3085 4678 ἅγιον
3100 4626 3121 4673 ;

2577 4703 2940 4770 Ἀπόκρισις.
2975 4700 3119 4761 Ἕως
3171 4698 3257 4751 δτε
3307 4699 3335 4751 6
3381 4696 3553 4765 Λόγος
3582 4695 3678 4750 τοῦ
3718 4694 3854 4750 Θεοῦ
3907 4699 4077 4765 συνῆν

2495 4794 2663 4861 αὐτῷ,
2698 4793 2787 4844 καὶ
2817 4794 2849 4860 ἡ
2887 4789 3096 4856 ἐντολὴ,
3125 4786 3236 4860 εἶχε
3268 4790 3442 4842 πάντα
3462 4804 3475 4817 ·
3510 4787 3675 4849 αὐτὸς
3703 4786 3813 4856 γάρ
3848 4788 3875 4839 6
3902 4788 4078 4854 Λόγος

2494 4878 2562 4952 ἦν
2599 4882 2749 4952 αὐτῷ
2789 4882 3155 4952 κληρονομία,
3187 4881 3348 4943 αὐτὸς
3395 4880 3603 4950 ἔνδυμα
3636 4880 3730 4932 καὶ
3771 4878 3903 4943 δόξα
3946 4880 4075 4931 σκέο

2505 4995 2680 5031 πουσα
2694 4976 2877 5040 αὐτὸν,
2904 4976 3065 5038 αὐτὸς
3084 4973 3419 5028 διδασκαλία.
3456 4973 3773 5025 ’Υπετίθετο
3792 4972 3904 5041 γὰρ
3926 4971 4079 5041 αὑτῷ

2504 5068 2727 5121 καλέσαι
2771 5068 2968 5131 πάντα,
3019 5066 3178 5119 τοῦτο
3215 5060 3336 5118 εἷπε
3382 5064 3632 5134 οὐρανὸν,
3684 5061 3846 5116 τοῦτο
3895 5062 4075 5132 ἣλιον,

2501 5158 2658 5211 τοῦτο
2695 5159 2947 5226 σελήνην,
2980 5156 3137 5209 τοῦτο
3165 5156 3289 5225 γῆν,
3326 5154 3484 5208 τοῦτο
3516 5155 3739 5224 πτηνὸν,
3782 5152 3945 5207 τοῦτο
3974 5154 4073 5221 θη-

2504 5247 2636 5319 ρίον,
2690 5248 2848 5300 τοῦτο
2890 5247 3126 5317 δένδρον,
3168 5245 3349 5309 καθὼς
3382 5245 3713 5309 ἑδιδάσκετο,
3758 5242 3935 5305 οὕτως
3982 5244 4075 5297 καὶ

2498 5338 2702 5405 ἔλεγεν.

2570 5429 2639 5484 Ζ’.
2698 5429 3036 5497 Ἐρώτησις.
3090 5430 3391 5495 Αῑσοησιν
3434 5423 3558 5495 εἶχε
3606 5427 3703 5479 καί
3752 5427 4074 5480 κοινωνίαν

2500 5522 2603 5575 τοῦ
2641 5522 3015 5590 Πνεύματος;

2581 5614 2933 5680 Ἀπόκρισις.
2986 5614 3157 5676 Αὐτὸς
3210 5615 3239 5666 ὀ
3292 5614 3461 5681 Λόγος
3517 5611 3723 5677 συνὼν,
3784 5612 3963 5665 πάντα
4005 5606 4072 5683 ἦν

2997 5795 3346 5857 l"Roxn.vm,
3384 5794 3460 5847 l7.
