4266 6356
256 263 364 331 561

1472 272 1837 334 ΗΟΜΙΙᾸΒ.
1864 275 2137 340 -ΗΟΜ,
2179 279 2315 340 XII.

3381 272 3487 337 562

256 376 436 447 αὐτῷ,
458 376 565 430 εἴτε
592 376 813 447 γνῶσις,
837 379 944 434 εἴτε
978 379 1334 454 κληρονομία,
1360 382 1467 435 εἴτε
1490 382 1822 438 διδασκαλία.
1852 387 1897 445 Α

1858 387 1898 445 Λ
1926 386 2129 452 omnia,
2153 396 2209 442 et
2230 394 2493 457 cognitio.
2519 392 2575 439 et
2600 397 2815 447 sensus,
2838 390 2895 437 et
2919 380 3300 445 hatredltas.et
3321 381 3488 437 disci-

255 468 375 521 Καὶ
423 468 674 539 Ἰωάννης
717 469 770 522 τί
797 469 946 538 λέγει
981 472 1229 542 περὶτοῦ
1269 472 1479 541 Λόγου;
1523 474 1626 527 Ἐν
1665 471 1822 541 ἀρχῇ

256 556 341 628 ἦν
368 564 401 615 d
423 563 803 634 Λότοςνὸρᾷς
831 564 914 616 ὅτι
956 565 983 617 6
1017 564 1187 633 Λόγος
1224 566 1399 619 πάντα
1432 563 1518 637 ἦν.
1549 565 1609 618 Ei
1644 567 1699 619 δὲ
1730 568 1824 619 καὶ

254 648 460 714 ιξωθεν
495 650 662 721 συνῆν
714 652 863 722 αὑτῷ
896 652 1051 717 δόξα,
1096 654 1157 709 οὐ
1206 654 1685 727 σκαώαλιξὼμεθα
1731 657 1821 710 ἐπὶ

253 740 455 810 τούτῳ,
511 742 742 812 καὶγὰρ
788 742 937 811 λέγει
988 744 1069 796 δτι
1105 746 1315 813 γυμνοί
1368 745 1545 813 ἦσαν,
1588 748 1678 801 καὶ
1724 748 1821 801 οὐκ

253 831 487 888 ἔϐλεπον
515 833 797 903 ἀλλήλους,
831 836 925 888 καὶ
958 836 1098 904 μετά
1126 835 1187 889 τὸ
1226 836 1539 907 παραϐἧσαι
1586 838 1683 909 τὴν
1734 840 1821 893 ὲν-

252 923 449 993 τολὴν,
478 925 595 978 τότε
626 919 763 978 εἶδον
791 926 987 989 αὖτοὺς
1030 928 1298 997 γυμνοὺς,
1331 929 1423 982 καὶ
1454 927 1819 1001 ᾐσχύνθησαν.

330 1102 415 1154 II'.
461 1100 796 1171 Ἐρώτησις.
833 1104 1067 1158 Οὐκοῦν
1094 1105 1209 1173 πρὸ
1238 1105 1454 1160 τούτου
1495 1101 1657 1177 ἦσαν
1689 1107 1822 1162 ἀντὶ

255 1195 639 1261 περιϐολαίου
666 1194 1047 1264 ἐνδεδυμένοι
1078 1196 1266 1261 δόξαν
1293 1197 1479 1264 Θεοῦ;

342 1284 701 1353 Ἀπόκρισις.
769 1286 856 1350 Ὠς
910 1289 1003 1342 ἐπὶ
1039 1289 1146 1341 τῶν
1185 1289 1476 1359 προφητῶν
1509 1290 1729 1360 ινήργει
1765 1292 1825 1345 τὸ

256 1374 483 1445 Πνεῦμα
512 1378 605 1430 καὶ⁵
633 1377 907 1432 ἐδίδασκεν
928 1380 1146 1443 αὐτοὺς,
1176 1381 1275 1433 καὶ
1300 1379 1501 1435 ἔσωθεν
1530 1381 1709 1434 αὐτῶν
1734 1377 1822 1452 ἦν,

256 1464 356 1517 καὶ
406 1465 605 1529 ἔξωθεν
640 1466 822 1530 αὐτοῖς
870 1469 1267 1539 παρεφαίνετο’
1314 1468 1455 1523 οὕτω
1496 1471 1590 1523 καὶ
1632 1474 1711 1534 είς
1735 1473 1825 1525 τὸν

268 1553 440 1621 Ἀδάμ
480 1556 567 1607 ὅτε
614 1555 772 1625 ἤθελε
801 1556 862 1609 τὸ
894 1557 1116 1627 Πνεῦμα
1151 1559 1248 1611 σὺν
1278 1558 1425 1628 αὑτῷ
1457 1555 1545 1629 ἦν,
1594 1561 1687 1614 καὶ
1716 1560 1823 1614 ὲδίο

254 1642 423 1697 δασκε
454 1646 548 1697 καὶ
594 1646 895 1711 ὑπετίθετο,
926 1648 1124 1714 Οὕτως
1150 1648 1280 1713 sine
1309 1650 1405 1703 xui
1441 1650 1599 1717 λέγε.
1638 1650 1824 1705 Πάντα

254 1734 371 1803 γὰρ
423 1730 491 1806 ἦν
540 1736 569 1788 6
604 1736 777 1805 Λόγος
815 1709 993 1807 αὐτῷ.
1055 1709 1150 1792 καὶ
1188 1709 1309 1803 ,ἓως
1349 1740 1435 1793 ὅτε
1490 1709 1708 1809 citam
1752 1744 1817 1812 τῇ
1855 1709 1897 1765 Β

254 1825 477 1896 ἐντολῇ,
530 1826 682 1895 φίλος
717 1823 786 1897 ἦν
831 1827 988 1883 Θεοῦ.
1028 1829 1140 1883 Καὶ
1192 1829 1244 1883 τί
1294 1830 1639 1899 θαυμαστὸν,
1685 1833 1733 1884 εί
1762 1832 1821 1885 ὲν

255 1917 469 1979 τούτοις
500 1916 597 1984 ὢν,
629 1917 842 1991 παρέϐη
876 1918 974 1989 τὴν
1024 1921 1273 1991 ἑντολήνς
1322 1921 1483 1973 ὁπότε
1517 1922 1610 1975 καὶ
1639 1922 1687 1975 oi
1726 1940 1822 1976 πε-

252 2005 601 2077 πληρωμένοι
642 2008 957 2079 Πνεύματος
989 2010 1169 2077 ἁγίου,
1204 2011 1385 2081 ἔχουσι
1409 2011 1534 2074 τοὺς
1560 2014 1821 2080 φυσικοὺς

252 2097 585 2168 λογισμοὺς,
634 2100 727 2153 καὶ
771 2100 952 2170 ἔχουσι
1008 2100 1219 2171 θέλημα
1271 2100 1365 2155 τοῦ
1415 2104 1814 2173 συμφωνῆσαις

254 2190 447 2251 Οὕτως
473 2192 569 2245 καὶ
608 2193 771 2255 αὐτὸς
808 2190 983 2247 συνὼν
1016 2192 1095 2261 τῷ
1120 2192 1239 2263 Θεῷ
1274 2195 1333 2247 ὲν
1365 2193 1698 2267 παραδείσῳ,
1724 2195 1817 2264 ἀφ’

253 2281 451 2335 ἑαυτοῦ
496 2282 613 2352 ίδίῳ
638 2283 902 2353 θελήματι
947 2283 1195 2354 παρόὸη.
1225 2284 1319 2337 καὶ
1354 2284 1631 2355 ὑπήκουσε
1663 2286 1817 2356 μέρει

253 2373 481 2445 πον-ηρῴ
500 2390 513 2404 ·
541 2374 680 2444 πλὴν
710 2375 804 2429 καὶ
830 2376 968 2447 μετὰ.
986 2376 1083 2445 τὴν
1109 2376 1419 2447 παράϐασιν
1448 2376 1573 2448 ἔσχε
1594 2378 1812 2448 γνῶσιν.

325 2562 404 2617 Θν.
452 2562 790 2631 Ἐρώτησις.
833 2563 1115 2627 ὐποίανς

338 2652 709 2722 Ἀπόκρισις.
760 2656 970 2727 Ὥσπερ
1018 2658 1148 2711 ὅταν
1195 2657 1471 2731 συλληφθῇ
1506 2661 1710 2733 λῃστὴς
1739 2664 1818 2728 είς

253 2743 630 2814 δικαστήριον,
676 2747 770 2799 καὶ
804 2745 1031 2816 ἄρχεται
1077 2748 1381 2818 κρίνεσθαι.
1418 2750 1565 2818 λέγει
1598 2754 1746 2824 αύτῷ
1791 2758 1819 2807 6

252 2834 462 2903 ἄρχων,
502 2835 631 2889 Ὅτε
649 2836 871 2902 ἐποίεις
897 2838 969 2891 τὰ
995 2840 1167 2900 κακὰ,
1197 2841 1307 2893 οὐκ
1332 2840 1518 2909 ᾕδεις,
1552 2842 1641 2895 ὅτι
1667 2847 1820 2897 συλ-

253 2924 560 2995 ⁸ιηφθῆναι
594 2927 754 2996 ἔχεις
788 2929 887 2982 καί
912 2929 1236 2983 ἀποθανεῖν
1254 2946 1275 2995 ;
1308 2930 1543 2996 Ἐκεῖνος
1566 2934 1626 2987 οὐ
1645 2937 1819 3006 τολμᾷ

1922 473 2091 541 plina.
2124 475 2392 541 Quidnam
2432 474 2576 528 enim
2626 472 2865 529 Joannes
2916 469 3097 539 inquit
3138 470 3206 525 de
3257 468 3487 527 Verbo:

1922 565 1986 619 In
2020 569 2273 637 principio
2327 576 2442 621 erat
2478 566 2696 619 Verbum
2719 565 2785 617 ".
2817 563 3001 627 Vides,
3055 563 3199 632 quod
3246 563 3483 617 Verbum

1922 658 2102 712 omnia
2132 666 2268 712 erat.
2302 658 2459 725 Quod
2499 656 2544 713 si
2574 656 2920 712 extrinsecus
2947 654 2995 709 ei
3025 653 3338 709 adhatrebat
3371 654 3486 723 glo-

1924 746 2023 808 ria,
2079 762 2148 801 ne
2198 747 2541 802 oﬂ‘endamur
2584 756 2893 817 propterea,
2945 745 3075 814 quia
3120 744 3298 799 dicit:
3338 743 3484 810 Quod

1924 838 2049 891 nudi
2091 838 2399 907 fuerint",
2433 853 2534 892 nec
2589 853 2646 893 se
2694 845 2886 892 mutuo
2937 836 3218 901 videbant,
3266 844 3322 890 at
3364 844 3486 906 post

1925 929 2417 999 transgressionem
2466 927 2730 988 mandati,
2758 938 2889 983 tunc
2926 943 2984 982 se
3037 926 3216 981 nudos
3262 942 3485 997 perspe-

1924 1030 2140 1084 xerunt,
2166 1036 2229 1075 ac
2250 1021 2455 1090 pudore
2482 1020 2672 1075 sull'usi
2695 1029 2843 1075 sunt.

1993 1112 2129 1166 VIII.
2171 1111 2541 1182 Interrogatio.
2576 1111 2713 1181 Ergo
2764 1117 2923 1164 antea
2975 1118 3127 1163 erant
3179 1108 3289 1162 loco
3332 1107 3486 1161 indu-

1924 1202 2085 1255 menti
2105 1202 2277 1254 induti
2300 1200 2472 1271 gloria
2513 1201 2607 1254 Dei
2630 1202 2655 1255 τ

1996 1291 2299 1363 Responsio.
2352 1288 2823 1358 Quemadmodum
2870 1291 2925 1345 in
2974 1289 3261 1359 prophetis
3291 1304 3483 1358 opera-

1925 1386 2090 1440 batur
2118 1386 2375 1455 Spiritus,
2401 1395 2456 1441 et
2481 1386 2715 1440 docebat
2745 1400 2861 1442 eos.
2894 1395 2949 1438 et
2978 1384 3117 1436 intra
3146 1398 3242 1437 eos
3264 1392 3402 1445 erat,
3429 1395 3484 1436 et

1923 1486 2081 1530 extra
2109 1492 2206 1531 eos
2241 1476 2536 1545 apparebat
2567 1516 2581 1539 ,
2612 1475 2691 1528 sic
2715 1490 2934 1544 quoque
2965 1474 3017 1527 in
3043 1474 3235 1536 Adam,
3266 1472 3485 1541 quando

1924 1566 2142 1620 volebat
2169 1566 2429 1635 Spiritus,
2468 1582 2591 1620 cum
2617 1580 2684 1619 eo
2708 1575 2845 1627 erat,
2877 1573 2932 1618 et
2960 1564 3195 1620 docebat
3236 1579 3298 1617 ac
3346 1579 3486 1632 pra:-

1926 1657 2164 1726 cipiebat
2188 1675 2201 1710 :
2229 1656 2314 1711 Sic
2344 1658 2591 1720 nomina,
2620 1658 2691 1710 sic
2718 1656 2952 1726 appella.
2994 1656 3233 1709 Verbum
3273 1656 3320 1709 ei
3367 1662 3488 1708 erat

1924 1749 2126 1806 omnia.
2152 1757 2208 1803 et
2234 1749 2375 1803 intra
2410 1747 2725 1803 mandatum
2750 1746 3108 1810 subsistebat,
3152 1754 3338 1816 gratus
3367 1752 3487 1799 erat

1923 1837 2051 1891 Deo.
2077 1838 2145 1891 Et
2172 1853 2302 1891 sane
2332 1836 2463 1905 quid
2495 1838 2715 1899 mirum,
2743 1835 2891 1905 quod
2933 1836 3039 1889 hoc
3090 1834 3145 1888 in
3193 1842 3337 1888 statu
3385 1832 3483 1887 de-

1921 1943 2073 1999 gens,
2100 1937 2473 1999 transgressus
2510 1926 2622 1998 5.6
2661 1927 2735 1981 sit
2775 1926 3112 1987 mandatum,
3154 1938 3279 1979 cum
3326 1932 3382 1977 et
3422 1921 3482 1983 ii,

1921 2016 2015 2085 qui
2046 2018 2239 2086 repleti
2270 2025 2400 2071 sunt
2438 2016 2647 2087 Spiritu
2678 2025 2870 2073 sancto
2892 2055 2905 2079 ,
2956 2012 3296 2068 naturalibus
3332 2010 3482 2081 cogi-

1925 2107 2222 2163 tationibus
2255 2107 2507 2176 occupati
2552 2106 2684 2171 sint,
2727 2106 3075 2174 habeantque
3118 2103 3478 2167 voluntatem,

1919 2215 2040 2271 quae
2070 2200 2179 2255 illis
2204 2199 2509 2253 consentiat
2539 2214 2553 2251 :
2591 2200 2666 2252 ita
2704 2212 2925 2267 quoque
2958 2195 3077 2264 ipse
3108 2193 3301 2256 Adam,
3335 2207 3459 2247 cum

1917 2303 2061 2346 esset
2084 2306 2207 2345 cum
2240 2290 2349 2344 Deo
2381 2290 2433 2343 in
2461 2288 2733 2358 paradiso,
2766 2287 2883 2356 ipse
2925 2302 3025 2341 sua
3076 2294 3271 2355 sponte
3304 2292 3485 2339 trans-

1918 2401 2138 2457 gressus
2179 2394 2283 2450 est,
2335 2393 2393 2439 et
2442 2383 2840 2453 obtemperavit
2890 2381 3030 2452 parti
3081 2380 3342 2436 deteriori
3381 2387 3485 2435 :at

1918 2485 2040 2548 post
2066 2475 2523 2545 trangressionem
2553 2473 2743 2527 habuit
2772 2471 3161 2543 cognitionem.

1992 2567 2083 2621 IX.
2125 2566 2501 2637 Interrogatio.
2541 2565 2808 2631 Qualem?

1988 2657 2283 2727 Responsio.
2328 2658 2563 2713 Perinde
2609 2672 2673 2711 ac
2727 2656 2773 2711 si
2820 2653 3041 2725 quando
3089 2654 3231 2707 latro
3277 2651 3476 2722 depre-

1920 2747 2127 2802 hensus
2151 2748 2217 2801 ad
2253 2747 2580 2817 supplicium
2626 2747 2860 2817 rapitur,
2890 2754 2947 2800 et
2970 2745 3216 2799 accusari
3266 2743 3483 2811 incipit,

1914 2838 2083 2908 iudex
2124 2838 2176 2892 ei
2230 2838 2364 2892 dicit
2398 2856 2412 2891 :
2452 2836 2584 2892 Cum
2621 2838 2969 2890 committeres
3020 2833 3191 2902 mala,
3233 2832 3485 2897 numquid

1918 2930 2131 2991 sciebas,
2156 2930 2293 2999 quod
2309 2930 2708 2998 comprehensus
2732 2927 2919 2997 capitis
2942 2942 3095 2996 paena
3126 2924 3260 2991 afﬁci
3286 2922 3487 2992 possis?

255 3020 435 3072 είπεῐν
462 3020 543 3072 ὅτι
574 3021 687 3073 Οὐκ
721 3020 867 3091 ᾔδειν
894 3037 908 3051 ο
944 3015 1052 3073 οἶδε
1086 3021 1215 3091 γάρ,
1269 3023 1362 3075 καὶ
1387 3024 1814 3095 τιμωρούμενος.
1843 3024 1887 3086 C

1858 3024 1887 3086 ζ]
1919 3022 2012 3076 Ille
2045 3039 2152 3076 non
2185 3023 2352 3077 audet
2374 3023 2559 3077 dicere
2596 3040 2609 3075 :
2639 3022 2758 3076 Non
2780 3021 3040 3075 sciebam.
3070 3016 3291 3072 Sciebat
3312 3016 3485 3080 enim,

255 3110 438 3163 πάντα
488 3111 841 3181 μνημονεύων
870 3110 1289 3182 ὲξομολογεῐται.
1340 3114 1446 3167 Καὶ
1491 3116 1518 3167 6
1544 3117 1818 3184 πορνεύων

254 3205 360 3255 οὐκ
390 3196 531 3255 οἶδεν
558 3202 641 3257 ὅτι
672 3202 858 3258 κακῶς
882 3206 1053 3263 muti;
1086 3205 1176 3257 καὶ
1204 3205 1233 3257 6
1261 3202 1528 3268 κλέπτων,
1554 3205 1653 3258 οὐκ
1680 3200 1819 3259 οἶδεν

255 3294 341 3346 ὅτι
389 3293 693 3363 ἁμαρτάνει
719 3312 734 3359 ;
768 3293 938 3358 οὕτως
969 3295 1061 3347 καὶ
1094 3296 1221 3349 ἄνευ
1253 3295 1509 3365 Γραφῶν,
1539 3297 1585 3348 oi
1615 3296 1819 3366 ἄνθρω-

259 3403 353 3438 ποι
385 3385 493 3438 άπὸ
514 3384 609 3438 τοῦ
634 3386 861 3454 φυσικοῦ
886 3386 1169 3455 λογισμοῦ,
1198 3387 1299 3439 οὐκ
1330 3386 1536 3439 οίδασιν
1584 3387 1666 3440 ὅτι
1689 3387 1820 3450 Θεός

261 3478 447 3542 ἑστινς
482 3477 545 3529 οὐ
580 3476 832 3530 δύνανται
866 3478 923 3530 ὲν
945 3480 1009 3546 τῇ
1038 3476 1219 3547 ἡμέρα
1254 3477 1436 3547 ἐκείνῃ
1466 3480 1662 3543 εἰπεῖν,
1700 3482 1820 3533 Οὐκ

256 3565 507 3634 ᾔδειμεν
542 3566 630 3619 ὅτι
658 3567 802 3632 Θείς
832 3561 907 3622 εἳ.
948 3566 1111 3633 Λέγει
1146 3568 1255 3637 γὰρ
1284 3568 1465 3630 αὐτοῖς
1501 3568 1599 3630 τὰς
1638 3586 1819 3637 γιγνο-

258 3656 428 3723 μένας
458 3655 524 3707 ὲκ
572 3654 665 3708 τοῦ
702 3654 930 3724 οὐρανοῦ
975 3654 1223 3725 βροντὰς,
1264 3656 1357 3709 καὶ
1386 3656 1692 3727 ἀστραπὰς,
1722 3660 1821 3713 οὐκ

255 3745 437 3799 οἴδατε
485 3745 567 3798 δτι
620 3745 735 3798 ἐστὶ
783 3745 915 3809 Θεὸς
964 3746 1179 3798 διοικῶν
1233 3747 1327 3816 τὴν
1360 3747 1574 3812 κτίσιν;
1612 3749 1677 3801 Τί
1730 3749 1822 3803 οὖν

256 3834 493 3905 ἔκραζον
541 3835 591 3888 oi
636 3835 885 3904 δαίμονες
914 3851 927 3865 ³
969 3836 1051 3890 Σὺ
1083 3832 1139 3889 εἶ
1164 3839 1195 3890 ό
1229 3837 1365 3901 Υἱός
1404 3838 1571 3899 Θεοῦ.
1610 3840 1667 3891 τι
1708 3841 1823 3906 πρὸ

256 3925 471 3993 καιροῦ
526 3921 707 3994 ἦλθες
750 3926 1087 3990 βασανίσαι
1124 3925 1278 3997 ἡμᾶς
1298 3943 1319 3991 ;
1373 3929 1483 3985 Καὶ
1514 3929 1592 3983 [et
1628 3931 1686 3983 ἑν
1713 3933 1823 3993 τοῖς

259 4014 585 4086 μαρτυρίοις
644 4016 899 4085 λέγουσι,
940 4019 1137 4085 Καίεις
1177 4035 1285 4088 με,
1336 4020 1524 4085 xulem
1563 4037 1658 4089 με.
1710 4022 1824 4075 Ούκ

256 4108 483 4179 ᾔδεισαν
521 4103 614 4161 οὖν
654 4107 715 4160 τὸ
746 4108 901 4172 ξύλον
944 4110 1043 4179 τῆς
1086 4110 1340 4178 γνώσεως
1384 4110 1479 4163 τοῦ
1510 4110 1675 4164 καλοῦ
1730 4113 1825 4165 καὶ

257 4197 453 4260 κακοῦ,
482 4199 518 4269 ἡ
551 4197 863 4268 παράϐασις
890 4198 983 4252 τοῦ
1034 4199 1205 4270 nam
1236 4198 1335 4269 silv
1374 4200 1572 4268 γνῶσιν
1598 4199 1821 4257 ἔδωκεν.

327 4377 385 4431 I'.
416 4374 688 4437 Ἕκαστος
704 4375 811 4447 γὰρ
838 4376 1064 4447 ἄρχεται
1092 4376 1389 4447 ὶπερωτᾷν,
1411 4375 1487 4440 ὡς
1508 4376 1578 4430 ἐν
1602 4378 1719 4431 τίνι
1742 4373 1823 4449 ἦν

256 4470 294 4523 ὁ
342 4467 538 4537 Ἀδὰμ,
574 4467 673 4521 καὶ
696 4468 751 4520 τι
776 4466 1074 4535 expuisse;
1106 4468 1277 4531 Αὐτὸς
1324 4468 1432 4539 γὰρ
1464 4470 1493 4522 6
1526 4470 1693 4539 ’Δδὰμ
1724 4469 1821 4541 τὴν

256 4558 460 4626 γνῶσιν
482 4558 701 4624 ἐδέξατο
722 4556 888 4612 καλθῦ
913 4574 974 4611 τε
994 4559 1090 4612 καὶ
1112 4558 1305 4613 κακοῦ.
1329 4559 1529 4613 Λοιπὸν
1552 4559 1822 4629 ἀκούομεν

256 4652 325 4704 ἐκ
344 4648 454 4703 τῶν
482 4648 736 4719 Γραφῶν,
765 4650 848 4704 ὅτι
874 4649 932 4702 ὲν
962 4652 1093 4720 τιμῇ
1152 4651 1248 4705 καὶ
1275 4650 1332 4702 ἐν
1359 4650 1689 4721 καθαρότητι
1716 4645 1784 4721 ἦν
1803 4665 1819 4682 ο

257 4738 355 4795 καὶ
385 4738 641 4811 παραϐὰς
665 4740 764 4809 τὴν
794 4740 1013 4811 ιντολὴν
1047 4739 1309 4810 ἐξεϐλήθη
1338 4738 1432 4792 τοῦ
1466 4741 1819 4810 παραδείσου,

252 4830 359 4907 καὶ
385 4829 633 4901 ὠργίσθη
674 4830 819 4901 αύτῷ
856 4832 885 4884 6
908 4831 1058 4894 Θεός.
1088 4830 1290 4885 Λοιπὸν
1324 4831 1419 4884 καὶ
1458 4832 1527 4885 τὰ
1555 4832 1697 4885 καλὰ
1726 4834 1823 4885 αὑ-

260 4919 358 4973 τοῦ
410 4920 728 4991 μανθάνει,⁸
760 4922 855 4974 καὶ
903 4922 970 4974 τά
1028 4923 1172 4974 κακά
1232 4920 1417 4989 μαθὼν
1465 4922 1823 4991 άσφαλίζεται

259 5011 485 5075 ἑαυτὸν,
536 5011 623 5065 ῐνα
658 5012 856 5082 μηκέτι
905 5012 1231 5081 ἁμαρτήσας
1288 5011 1504 5083 ἐμπέσῃ
1536 5013 1616 5076 είς
1650 5016 1823 5082 κρῖμα

260 5100 514 5154 θανάτου.
547 5099 892 5171 Γινώσκομεν
917 5100 995 5166 δὲ,
1022 5101 1105 5154 ἇτι
1133 5102 1281 5155 πᾶσα
1304 5100 1336 5171 ή
1367 5100 1545 5165 κτίσις
1572 5101 1665 5156 τοῦ
1688 5103 1824 5158 Θεοῦ

256 5188 328 5242 δι’
357 5188 521 5242 αὑτοῦ
548 5191 932 5259 οίκονομεῐται.
956 5190 1127 5253 Λύτὸς
1154 5189 1262 5261 γάρ
1293 5190 1549 5261 ἑποίησεν
1574 5194 1822 5260 οὐρανὸν,

259 5278 388 5345 γῆν,
423 5276 557 5341 ζῶα,
590 5279 794 5347 ἑρπετά
818 5318 832 5343 ,
864 5278 1046 5348 θηρία,
1076 5278 1114 5334 ἃ
1148 5279 1437 5350 βλέπομεν,
1476 5278 1567 5333 τὸν
1612 5280 1670 5333 δὲ
1702 5281 1823 5351 άρι-

257 5367 398 5437 θμὸν
446 5366 768 5437 ἀγνοοῦμεν.
820 5368 916 5431 Τίς
952 5368 1060 5440 γὰρ
1110 5367 1411 5439 ἀνθρώπων
1443 5363 1605 5431 οἶδεν,
1663 5368 1819 5438 εἰμὴ

262 5456 424 5526 μόνον
448 5459 477 5510 6
505 5456 635 5521 Θεὸς
664 5459 691 5511 6
719 5456 793 5511 ὢν
821 5460 876 5512 ἐν
905 5460 1059 5525 πᾶσι,
1090 5459 1312 5523 καὶτοῖς
1341 5457 1599 5529 ἐμϐρύοις
1623 5459 1679 5512 δὲ
1709 5459 1818 5513 τῶν

1919 3122 1975 3167 et
2004 3114 2274 3183 supplicio
2297 3114 2429 3168 dum
2456 3112 2711 3177 adicitur,
2742 3110 2928 3166 omnia
2960 3109 3016 3164 in
3044 3106 3365 3163 memoriam
3396 3120 3487 3161 re-

1918 3218 2119 3259 vocans
2178 3204 2494 3259 conﬁtetur.
2544 3203 2679 3258 Item
2725 3201 2817 3271 qui
2868 3210 3124 3270 stuprum
3170 3196 3484 3259 committit,

1919 3309 2099 3348 nonne
2126 3294 2229 3348 scit
2256 3308 2313 3348 se
2348 3295 2489 3347 male
2528 3292 2731 3363 agere?
2764 3301 2821 3347 et
2876 3291 2969 3360 qui
3017 3290 3247 3354 furtum,
3307 3302 3489 3342 nonne

1920 3384 2023 3437 scit
2068 3399 2127 3437 se
2172 3383 2436 3452 peccare?
2466 3382 2559 3437 Sic
2598 3382 2761 3436 etiam
2816 3381 3023 3449 absque
3056 3378 3353 3448 Scripturis
3384 3378 3488 3431 ho-

1921 3474 2096 3529 mines
2114 3473 2349 3527 naturali
2371 3473 2581 3527 ratione
2601 3472 2737 3536 sola,
2760 3485 2942 3526 nonne
2960 3476 3296 3540 cognoscunt
3315 3469 3487 3522 Deum

1920 3566 2077 3619 esse?
2105 3565 2223 3619 Non
2272 3574 2501 3634 possunt
2533 3564 2717 3633 itaque
2754 3564 2809 3617 in
2857 3563 2947 3617 illa
2994 3562 3084 3615 die
3126 3559 3487 3615 dicere:Non

1921 3658 2161 3712 scivimus
2200 3655 2363 3710 Deum
2388 3657 2571 3726 fuisse.
2618 3656 2852 3710 Enarrat
2872 3654 3019 3709 enim
3053 3653 3161 3708 illis
3189 3654 3387 3707 emissa
3417 3652 3487 3707 de

1922 3747 2059 3801 cmlo
2094 3746 2331 3800 tonitrua
2365 3753 2420 3801 et
2449 3745 2683 3799 fulmina
2709 3783 2724 3805 ,
2755 3743 2984 3799 nescitis
3012 3757 3134 3797 esse
3168 3743 3360 3807 Deum,
3388 3742 3486 3813 qui

1922 3836 2062 3906 regit
2092 3838 2444 3891 creaturam?
2472 3835 2611 3901 Quid
2648 3836 2814 3903 igitur
2835 3834 3145 3890 clamabant
3170 3834 3445 3889 daemones
3471 3849 3485 3885 :

1923 3929 1997 3983 Tu
2030 3945 2080 3981 es
2112 3927 2276 3981 Filius
2310 3928 2440 3982 Dei:
2476 3945 2639 3997 quare
2673 3929 2859 3983 uenisti
2900 3927 2967 3981 ad
3004 3927 3349 3980 cruciandum
3393 3942 3487 3979 nos

1924 4027 2045 4072 ante
2068 4026 2267 4088 tempus
2287 4019 2356 4070 ’τί
2377 4018 2606 4086 Insuper
2626 4018 2681 4071 in
2701 4016 2995 4071 tormentis
3013 4030 3231 4085 quoque
3251 4014 3443 4070 dicunt
3468 4032 3483 4068 :

1929 4109 2045 4165 Uris
2093 4126 2195 4174 me,
2228 4110 2340 4163 uris
2380 4125 2459 4162 me
2493 4109 2562 4162 ".
2596 4110 2716 4163 Non
2768 4115 3033 4162 noverant
3078 4106 3244 4176 igitur
3278 4106 3485 4174 lignum

1925 4200 2134 4254 notitiae
2164 4197 2294 4254 boni
2321 4206 2379 4253 et
2400 4198 2549 4263 mali,
2577 4197 2939 4267 transgressio
2960 4196 3090 4251 Adae
3120 4196 3489 4266 cognitionem

1929 4289 2100 4345 dedit.

1858 4343 1901 4400 υ
1939 4343 1959 4345 ⁷
1979 4343 2065 4435 VX.
2109 4378 2352 4445 Quilibet
2374 4377 2520 4432 enim
2544 4376 2737 4446 incipit
2769 4376 3105 4444 interrogare
3130 4391 3143 4428 :
3170 4373 3235 4429 In
3258 4389 3359 4444 quo
3382 4381 3493 4427 sta-

1926 4480 1981 4525 tu
2023 4479 2136 4525 erat
2162 4471 2358 4537 Adam,
2412 4470 2637 4540 quidque
2671 4468 2898 4538 agebat!
2945 4467 3065 4536 Ipse
3111 4466 3259 4521 enim
3318 4464 3490 4519 Adam

1927 4561 2175 4617 notitiam
2203 4570 2489 4631 acceperat
2519 4559 2647 4614 boni
2681 4566 2737 4613 et
2770 4557 2919 4611 mali.
2957 4557 3204 4611 Alterum
3235 4556 3493 4610 audimus

1927 4668 1991 4707 ex
2014 4651 2334 4719 Scripturis,
2363 4647 2509 4718 quod
2544 4647 2600 4700 in
2632 4647 2843 4701 honore
2885 4655 2942 4700 et
2968 4646 3022 4699 in
3050 4644 3290 4715 puritate
3335 4652 3489 4709 erat;

1928 4751 1981 4795 at
2024 4755 2147 4795 cum
2172 4747 2543 4808 transgressus
2574 4743 2723 4789 esset
2768 4734 3103 4798 mandatum,
3151 4733 3360 4801 eiectus
3406 4740 3493 4787 est

1928 4829 2198 4900 paradiso,
2255 4836 2311 4882 et
2339 4825 2653 4881 succensuit
2706 4824 2759 4879 ei
2795 4825 2961 4879 Deus.
2990 4822 3234 4876 Tandem
3266 4820 3401 4890 quid
3434 4820 3491 4874 in

1928 4936 1987 4976 sc
2018 4920 2220 4974 bonum
2268 4932 2331 4972 ac
2370 4916 2689 4987 praeclarum
2733 4923 2899 4977 esset,
2951 4912 3137 4975 discit,
3166 4928 3230 4967 ac
3264 4910 3491 4967 calami-

1931 5018 2096 5065 tatem
2142 5024 2295 5064 suam
2324 5007 2554 5062 edoctus
2585 5014 2746 5060 cavet
2785 5005 2914 5067 sibi,
2958 5019 3027 5058 ne
3078 5003 3309 5058 ulterius
3359 5017 3491 5071 pee-

1932 5100 2108 5157 cando
2169 5098 2376 5154 incidat
2406 5098 2464 5152 in
2517 5096 2784 5168 iudicium
2819 5095 3035 5157 mortis,
3096 5092 3493 5163 Cognoseimus

1926 5191 2093 5262 igitur
2118 5204 2335 5245 omnem
2368 5196 2676 5243 creaturam
2730 5186 2825 5240 Dei
2872 5201 2969 5253 per
3018 5200 3141 5239 eum
3202 5183 3338 5253 regi.
3370 5182 3493 5251 Ipse

1924 5280 2074 5335 enim
2122 5276 2251 5332 fecit
2301 5278 2501 5332 ctelum
2532 5284 2590 5331 et
2639 5286 2866 5339 terram,
2912 5274 3191 5336 animalia,
3252 5270 3490 5340 reptilia,

1927 5367 2159 5431 belluas,
2182 5381 2317 5436 quas
2349 5367 2620 5431 videmus,
2646 5378 2938 5420 numerum
2980 5379 3110 5419 vero
3155 5363 3488 5432 ignoramus.

1922 5459 2056 5527 Quis
2093 5456 2239 5511 enim
2296 5456 2577 5513 hominum
2606 5456 2775 5522 novit,
2798 5463 3035 5526 excepto
3081 5454 3199 5510 solo
3228 5453 3365 5520 Deo,
3396 5451 3492 5523 qui

305 5638 353 5669 "
388 5636 543 5692 Joan.
580 5654 614 5699 ι,
660 5638 679 5691 l
784 5639 827 5671 ¹⁶
858 5639 993 5693 Gen.
1033 5654 1114 5703 ιιι,
1142 5638 1227 5691 25.
1312 5641 1353 5670 ²⁷
1382 5637 1568 5694 Matth.
1604 5654 1658 5703 ιι,
1713 5638 1795 5691 11.
1874 5638 1893 5672 ³

1874 5637 1919 5672 ³³
1956 5636 2267 5702 Matthmn,
2300 5636 2388 5693 ‘39.
