4282 6364
879 372 981 432 563

2095 370 2154 428 S.
2198 367 2513 427 MACARII
2555 366 2875 425 [EGYPTU

4000 365 4101 425 561

873 490 959 532 est
993 478 1046 532 in
1075 479 1347 542 omnibus,
1375 480 1536 535 etiam
1568 481 1621 534 in
1654 481 1857 536 fetibus
1879 482 2199 536 animalium
2230 484 2432 551 imper-
2464 486 2509 541 Δ
2540 480 2564 545 ζ

2413 510 2432 520 -
2464 486 2509 541 Α
2540 480 2727 548 ζώωνς
2776 482 2910 551 Οὑχὶ
2951 480 3111 544 αὑτὸς
3149 481 3437 535 ἐπίσταται
3466 480 3534 534 τὰ
3567 481 3695 535 ὄντα
3722 480 3977 534 ὑποκάτω
4007 480 4104 547 τῆς

876 565 1069 621 rectis?
1094 568 1284 623 Nonne
1318 570 1434 639 ipse
1475 572 1598 636 scit,
1636 588 1756 641 qua:
1782 580 1911 625 sunt
1941 572 2043 626 sub
2074 581 2216 626 terra
2248 581 2303 626 ct
2338 587 2432 625 su-

872 672 969 724 per
990 659 1199 712 caelos?

942 748 1040 803 XI.
1095 750 1325 806 Relictis
1373 752 1540 821 igitur
1572 751 1678 816 his,
1714 752 1900 821 potius
1930 769 2261 822 qumramus,
2287 755 2439 809 velut

874 840 1003 893 boni
1070 842 1461 912 negotiatores,
1514 844 1885 898 haereditatem
1942 846 2219 899 caelestem
2260 848 2437 915 possi-

873 931 1029 995 dere,
1050 941 1107 985 et
1135 948 1219 993 ea,
1264 950 1384 1001 qum
1417 934 1733 989 conducunt
1775 936 1967 988 anima:
1995 945 2214 990 nostrae.
2258 938 2438 991 Disca-

876 1037 997 1074 mus
1019 1022 1297 1089 possidere
1324 1023 1639 1093 bona.qua:
1679 1034 1806 1078 sunt
1855 1026 2140 1079 nobiscum
2189 1042 2441 1095 perman-

878 1129 1025 1165 sura.
1062 1114 1216 1179 Quod
1246 1116 1287 1167 si
1320 1117 1465 1167 enim
1496 1116 1659 1170 homo
1682 1117 1904 1184 cmperit
1931 1117 2185 1186 indagare
2219 1133 2437 1169 seustttu

880 1205 993 1267 Dei,
1020 1220 1082 1257 ac
1104 1205 1284 1259 dicere
1317 1223 1329 1257 :
1361 1207 1542 1258 Inveni
1572 1208 1821 1275 quiddam
1845 1225 1905 1259 ac
1928 1209 2291 1276 comprehendi
2313 1250 2324 1271 ,
2349 1209 2440 1262 dc-

878 1294 1246 1361 preheudetur
1286 1310 1440 1346 tuens
1508 1296 1744 1347 humana
1786 1297 2172 1349 transcendere
2220 1314 2439 1350 sensum

880 1382 997 1435 Dei.
1028 1384 1225 1435 Verum
1256 1386 1307 1435 iu
1358 1385 1461 1436 hoc
1496 1385 1652 1453 longe
1690 1386 1927 1447 aberrat,
1978 1396 2032 1438 ct
2056 1398 2260 1453 quanto
2320 1388 2442 1455 plus

878 1474 1118 1525 volueris
1163 1489 1260 1540 per
1308 1475 1671 1541 cognitionem
1725 1475 1954 1527 serutari
2008 1491 2069 1529 ac
2124 1486 2439 1544 penetrare,

884 1574 1032 1617 tanto
1055 1565 1379 1632 profundius
1408 1566 1713 1628 descendis,
1743 1582 1843 1618 nec
1869 1566 2162 1634 quidquam
2188 1568 2439 1636 percipis.

880 1657 1015 1723 Ipsa:
1064 1656 1208 1709 enim
1260 1658 1750 1721 considerationes,
1799 1674 1918 1725 qum
1975 1659 2071 1711 tibi
2123 1668 2440 1723 occurrunt,

880 1747 1010 1815 quid
1046 1748 1271 1815 singulis
1301 1748 1495 1801 diebus
1528 1749 1583 1801 in
1622 1759 1670 1802 te
1698 1758 2007 1817 peragatur,
2049 1758 2105 1802 et
2145 1749 2441 1816 quomodo,

2534 576 2658 645 γῆς,
2690 576 2782 627 καὶ
2815 575 2999 627 ἐπάνω
3028 574 3135 627 τῶν
3162 575 3406 645 οὐρανῶν
3426 591 3442 605 ⁸

2609 752 2711 806 lA'.
2748 753 3147 822 Παραλιπόντες
3174 751 3267 807 οὖν
3294 754 3486 819 ταῦτα,
3527 753 3726 825 μᾶλλον
3756 751 4105 823 ζητήσωμεν.

2537 845 2612 909 ὡς
2661 846 2816 898 καλοὶ
2848 846 3098 916 ἔμποροι,
3138 847 3503 917 κληρονομίαν
3533 844 3837 915 κτήσασθαι
3871 843 4111 913 ἐπουρα·

2538 953 2669 1000 νιον,
2702 936 2798 988 καὶ
2820 937 2886 989 τὰ
2912 937 3257 1007 συμφέροντα
3278 941 3394 1001 ταῖς
3416 939 3612 1007 ψυχαῖς
3628 936 3785 1007 ἡμῶν
3801 952 3813 964 ·
3844 935 4111 1004 μάθωμεν

2539 1025 2840 1092 κτήσασθαι
2875 1027 3131 1095 κτήματα
3166 1027 3307 1097 ἅπερ
3335 1028 3751 1097 συμπαραμένει
3779 1028 3932 1096 ἡμῖν.
3983 1026 4113 1077 Ἐὰν

2540 1117 2647 1183 γὰρ
2683 1117 2818 1186 ἄρξῃ
2854 1116 3139 1187 ἄνθρωπος
3192 1118 3265 1169 ὢν
3324 1120 3547 1187 ἐρευνᾷν
3596 1120 3686 1170 τὸν
3716 1118 3978 1186 λογισμὸν
4015 1116 4112 1168 τοῦ

2540 1207 2704 1269 Θεοῦ,
2747 1208 2839 1260 καὶ
2876 1208 3085 1274 λέγειν,
3118 1205 3297 1276 εὗρόν
3340 1228 3393 1262 τι
3439 1211 3537 1263 καὶ
3571 1210 3921 1273 κατέλαϐον,
3952 1210 4114 1276 ιεὺρε-

2547 1300 2767 1368 θήσεται
2807 1303 2833 1352 ὁ
2862 1299 3198 1369 ἀνθρώπινος
3229 1300 3349 1363 νοῦς
3378 1301 3717 1369 ὑπερϐαίνων
3738 1300 3827 1352 τὸν
3848 1301 4115 1367 λογισμὸν

2542 1390 2634 1441 τοῦ
2668 1388 2821 1441 Θεοῦ.
2864 1390 2952 1441 Ἐν
2978 1389 3153 1458 τούτῳ
3182 1390 3234 1441 δὲ
3264 1391 3393 1441 πολὺ
3428 1390 3603 1459 πλανᾷ
3630 1408 3642 1420 θ
3675 1391 3767 1442 καὶ
3789 1392 3912 1441 ὅσον
3938 1388 4118 1448 θέλεις

2542 1480 2628 1531 διὰ
2680 1478 2932 1545 γνώσεως
2992 1480 3281 1549 ἐρευνῆσαι
3318 1480 3410 1531 καὶ
3450 1479 3742 1541 εἰσελθεῖν,
3786 1481 3983 1548 χωρεῖς
4037 1480 4119 1537 εἰς

2547 1570 2737 1638 βάθος,
2792 1570 2885 1622 καὶ⁵
2932 1570 3081 1621 οὐδὲν
3130 1570 3599 1638 καταλαμϐάνεις·
3652 1571 3819 1631 αὑτὰς
3868 1570 3979 1637 γὰρ
4018 1569 4117 1628 τας

2544 1660 2862 1728 ἐπισκέψεις
2914 1660 3011 1721 τὰς
3042 1662 3368 1728 γιγνομένας
3419 1678 3521 1722 σοι,
3567 1660 3620 1711 τί
3661 1658 3952 1728 ἐργάζεται
3992 1659 4118 1708 καθ’

2544 1752 2757 1819 ἡμέραν
2788 1753 2843 1802 ἐν
2889 1752 2989 1813 σοὶ,
3023 1752 3113 1801 καὶ
3147 1750 3280 1812 πῶς,
3333 1751 3545 1821 ἄρρητά
3575 1752 3709 1812 ἐστι,
3765 1752 3855 1802 καὶ
3905 1748 4117 1801 ἀκατά-

881 1852 1092 1891 στοοιιαξ
1122 1847 1249 1891 sunt
1283 1848 1338 1890 et
1371 1840 1977 1907 iucomprelteusibiles,
2005 1839 2108 1891 nisi
2142 1839 2287 1905 quod
2320 1854 2436 1890 ~.an-
2472 1845 2517 1903 Β
2546 1840 2572 1891 λ

2427 1840 2762 1905 -Βληπτα,
2817 1841 2847 1909 ἢ
2911 1842 3069 1909 μόνον
3122 1840 3372 1903 δέξασθαι
3436 1840 3573 1908 μετὰ
3625 1839 3975 1910 εὐχαριστίας
4026 1840 4118 1889 καὶ

884 1936 996 1979 tum
1030 1927 1138 1982 sint
1172 1943 1294 1981 cum
1334 1930 1630 1997 gratiarum
1668 1930 1881 1983 actione
1927 1929 2312 1996 suscipienda},
2353 1938 2442 1982 at-

880 2031 988 2083 que
1009 2016 1341 2069 credendum
1370 2019 1461 2071 sit.
1492 2018 1739 2070 Animam
1785 2018 1929 2070 enim
1997 2027 2163 2080 tuam,
2211 2034 2277 2071 ex
2334 2033 2443 2085 quo

883 2116 1043 2160 natus
1074 2123 1133 2160 es
1159 2108 1223 2160 ad
1270 2109 1415 2162 hunc
1449 2125 1621 2177 usque
1654 2110 1821 2172 diem,
1873 2112 2171 2177 potuistiue
2239 2126 2440 2178 cogno-

882 2198 1075 2250 seere?
1096 2214 1317 2251 recense
1348 2213 1476 2268 ergo
1507 2200 1640 2252 mihi
1672 2216 1700 2252 a
1732 2215 1891 2253 mane
1935 2199 2002 2251 ad
2034 2216 2315 2268 vesperam
2350 2217 2445 2253 us-

883 2304 988 2355 que
1015 2289 1377 2342 scaturientes
1402 2291 1453 2342 in
1490 2300 1543 2343 te
1582 2291 1962 2359 cogitationes.
1998 2292 2091 2343 Dic
2133 2291 2265 2342 mihi
2299 2292 2447 2360 cogi-

887 2377 1121 2429 tationes
1172 2378 1334 2431 trium
1382 2379 1631 2444 dierum;
1692 2388 1747 2432 at
1804 2395 1911 2431 non
1962 2387 2137 2448 potes.
2182 2380 2236 2433 Si
2282 2381 2447 2449 igitur

882 2469 1238 2537 cogitationes
1268 2470 1461 2523 anima:
1496 2478 1599 2523 tua:
1622 2470 2087 2537 comprehendere
2128 2486 2234 2523 non
2264 2473 2445 2539 potui-

884 2562 973 2621 SIi,
1008 2562 1372 2629 cogitationes
1424 2563 1517 2616 Dei
1558 2573 1720 2631 atque
1766 2570 2005 2614 mentem
2046 2562 2141 2616 Dei
2173 2566 2446 2631 quomodo

886 2663 1039 2719 potes
1062 2655 1291 2705 scrutari
1318 2654 1340 2705 ?

953 2744 1057 2813 47
1094 2744 1205 2797 XII.
1236 2744 1433 2797 Verum
1462 2754 1517 2797 tu
1548 2758 1809 2813 quantum
1840 2749 2073 2811 iuvenis,
2106 2750 2205 2803 ede
2231 2766 2445 2818 panem,

884 2853 947 2889 ειη
977 2838 1283 2890 universam
1317 2849 1514 2890 terram
1541 2839 1756 2892 dimitte
1785 2857 1799 2900 ;
1837 2850 1892 2893 et
1917 2841 2005 2893 abi
2039 2842 2104 2893 ad
2143 2842 2311 2908 ripam
2346 2842 2448 2893 llu-

886 2928 1068 2989 minis,
1115 2942 1177 2981 ac
1219 2928 1344 2980 bibe
1383 2937 1645 2995 quantum
1695 2929 1944 2996 indiges;
2001 2947 2121 2983 mox
2169 2932 2304 2994 redi,
2350 2948 2450 2985 nec

888 3019 1122 3085 inquire,
1185 3018 1328 3071 unde
1391 3029 1706 3087 permanet,
1778 3030 1871 3073 aut
1948 3023 2222 3088 quomodo
2298 3024 2444 3076 ﬂuat.

883 3110 1028 3161 Nam
1052 3124 1294 3177 operam,
1317 3120 1373 3161 ut
1398 3120 1623 3162 sanetur
1648 3127 1741 3178 pes
1763 3122 1906 3173 tuus,
1939 3121 2029 3163 aut
2056 3114 2277 3164 morbus
2302 3114 2443 3166 oeuli

886 3198 986 3258 tui,
1022 3209 1079 3251 ut
1105 3200 1334 3265 aSpicias
1382 3199 1564 3251 lumen
1604 3200 1754 3259 solis,
1802 3216 1903 3253 nec
1936 3202 2151 3254 curiose
2204 3202 2443 3270 indages,

888 3302 1155 3357 quantum
1184 3292 1406 3343 luminis
1442 3292 1715 3343 contineat
1737 3292 1837 3353 sol,
1866 3301 1959 3343 aut
1984 3294 2036 3345 in
2068 3303 2233 3360 quoto
2258 3310 2449 3345 exsur-

885 3390 973 3450 gat
1010 3382 1183 3449 signo.
1217 3381 1366 3445 Quod
1408 3382 1553 3435 cedit
1596 3383 1649 3434 in
1681 3382 2028 3435 commodum
2066 3393 2215 3435 tuum
2242 3385 2446 3452 accipe.

886 3473 954 3525 Et
998 3474 1127 3540 quid
1170 3474 1420 3525 ascendis
1461 3484 1692 3535 montes,
1743 3484 1798 3527 et
1834 3474 2146 3543 investigas,
2176 3486 2307 3542 quot
2346 3478 2453 3530 illic

887 3572 1180 3631 pascantur
1218 3564 1406 3631 onagri
1463 3573 1557 3616 aut
1606 3564 1826 3615 bestiae?
1878 3573 1932 3615 et
1966 3565 2179 3631 puellus
2236 3568 2452 3632 quando

886 3654 1102 3708 accedit
1144 3654 1211 3707 ad
1248 3654 1415 3707 ubera
1456 3655 1668 3714 matris,
1706 3654 1936 3707 laetatur
1967 3664 2021 3707 et
2058 3656 2351 3708 euutritur.
2388 3658 2454 3710 At

886 3746 1062 3799 nescit
1092 3746 1327 3800 scrutari
1370 3745 1606 3798 radicem
1652 3754 1745 3797 aut
1794 3748 2198 3815 scaturigiuent,
2235 3747 2340 3799 ttnd
2377 3749 2454 3803 sic

886 3837 1077 3891 alliuit.
1107 3837 1263 3905 Sugit
1283 3837 1427 3889 enim
1467 3838 1547 3889 lac
1575 3846 1629 3889 et
1650 3837 1924 3904 regionem
1952 3853 2165 3890 onmem
2192 3839 2455 3893 mamilla-

889 3944 1008 3982 rum
1070 3927 1354 3982 exhaurit:
1412 3938 1466 3981 et
1496 3929 1677 3981 denuo
1723 3929 1825 3981 alia
1880 3928 2011 3981 hora
2054 3931 2292 3997 repletur
2339 3947 2452 3983 ma-

887 4019 1055 4081 milla,
1096 4020 1202 4073 hoc
1232 4035 1408 4087 neque
1451 4019 1665 4086 puellus
1695 4020 1865 4081 novit,
1914 4034 2092 4087 neque
2115 4029 2286 4071 mater
2316 4022 2453 4089 ejus,

887 4111 1137 4179 quamvis
1193 4125 1384 4164 revera
1426 4110 1495 4162 ab
1542 4110 1800 4162 omnibus
1853 4110 2114 4163 membris
2170 4112 2457 4177 proveniat

885 4203 989 4255 lac.
1029 4201 1083 4255 Si
1114 4201 1313 4269 queris
1348 4215 1477 4269 ergo
1512 4201 1796 4253 Dominum
1833 4200 1885 4252 in
1919 4200 2208 4267 profundo,
2239 4201 2347 4254 illic
2373 4201 2455 4253 in-

887 4293 1043 4346 venis
1071 4308 1197 4346 eum
1232 4292 1383 4360 signa
1420 4291 1728 4345 facientem.
1785 4291 1837 4343 Si
1889 4293 2088 4359 quaeris
2119 4308 2242 4345 cum
2289 4293 2339 4344 iu
2374 4292 2457 4344 l'o-

888 4400 1007 4442 vea.
1042 4384 1151 4436 illic
1207 4382 1419 4436 invenis
1461 4398 1586 4435 euut
1637 4383 1688 4435 in
1730 4382 1910 4435 medio
1950 4384 2182 4435 duorum
2237 4384 2455 4436 leonum

2546 1932 2844 1984 πιστεύειν.
2884 1933 2995 2001 Τὴν
3034 1934 3143 2000 γὰρ
3173 1932 3269 2002 σὴν
3300 1932 3471 2001 ψυχὴν
3502 1930 3560 1995 ἐξ
3589 1924 3649 1983 οὑ
3685 1929 3999 1998 ἐγεννήθης
4025 1933 4120 1981 καὶ

2546 2026 2649 2086 ἕως
2685 2025 2829 2094 ἄρτι,
2863 2025 3134 2093 ὴδυνήθης
3182 2025 3477 2092 γνωρίσαις
3516 2024 3639 2075 ἐπεὶ
3667 2021 3993 2089 ἐπάγγειλὸν
4029 2038 4118 2088 μοι

2547 2115 2653 2166 ἀπὸ
2704 2115 2845 2181 πρωῒ
2880 2115 2975 2165 καὶ
3022 2114 3125 2175 ἕως
3154 2114 3248 2181 ὀψὲ
3283 2116 3408 2175 τοὺς
3450 2114 3713 2181 βρύοντας
3762 2114 3817 2163 ἐν
3849 2112 3931 2163 σοὶ
3975 2112 4120 2175 λυγι-

2548 2202 2732 2271 σμούς.
2765 2202 2895 2253 Εἰπέ
2930 2219 3017 2269 μοι
3051 2202 3148 2263 τὰς
3176 2202 3501 2269 ἐνθυμήσεις
3527 2200 3693 2267 τριῶν
3717 2196 3963 2267 ἡμερῶν·
4001 2196 4119 2249 ἀλλ’

2546 2294 2605 2345 οὑ
2639 2292 2879 2345 δύνασαι.
2936 2294 2997 2344 Εἰ
3030 2289 3122 2344 οὑν
3155 2293 3280 2353 τοῦς
3323 2291 3616 2360 λογισμοὺς
3649 2291 3746 2358 τῆς
3789 2289 3971 2358 ψυχῆς
4027 2305 4119 2339 σου

2548 2384 2873 2437 καταλαϐεῖν
2913 2384 3009 2436 οὑκ
3039 2384 3330 2453 ὴδυνήθης,
3370 2384 3497 2445 τοὺς
3530 2383 3820 2452 λογισμοὺς
3854 2380 3952 2433 τοῦ
3984 2379 4120 2433 Θεοῦ

2548 2478 2643 2528 καὶ
2672 2476 2761 2529 τὸν
2786 2474 2908 2529 νοῦν
2938 2474 3053 2537 πῶς
3083 2474 3304 2528 δύνασαι
3334 2474 3512 2544 εὑρεῖν
3538 2491 3552 2539 ;

2619 2750 2717 2802 lB'.
2763 2748 2923 2801 Ἀλλὰ
2947 2750 3010 2800 σὺ
3043 2746 3165 2797 ὅσον
3188 2743 3461 2813 εὑρίσκεις
3482 2742 3643 2811 ἄρτον
3665 2743 3829 2810 φάγε,
3857 2744 3954 2794 καὶ
3978 2744 4112 2809 άςςες

2548 2845 2674 2910 ὃλην
2704 2842 2801 2907 τὴν
2827 2839 2929 2906 γῆν
2958 2840 3049 2889 καὶ
3076 2836 3274 2889 ἄπελθε
3304 2837 3381 2896 είς
3418 2834 3477 2885 τὸ
3501 2834 3676 2901 χεῖλος
3701 2833 3794 2884 τοῦ
3850 2831 4120 2900 ποταμοῦ,

2549 2935 2641 2985 καὶ
2675 2931 2761 2982 πίε
2793 2932 2915 2982 ὅσον
2932 2930 3119 2998 χρείαν
3136 2927 3294 2996 ἔχεις,
3330 2927 3421 2979 καὶ
3448 2924 3704 2992 πάρελθε,
3732 2925 3824 2975 καὶ
3854 2926 3931 2991 μὴ
3958 2924 4121 2992 ἐζητή-

2552 3041 2647 3090 σῃς
2682 3021 2843 3073 πόθεν
2866 3020 3099 3088 ἔρχεται,
3126 3019 3158 3085 ἦ
3193 3018 3308 3079 πῶς
3338 3017 3469 3086 ῥέει.
3502 3016 3807 3067 Σπούδασον
3850 3015 4125 3081 θεραπευο

2552 3115 2706 3183 θῆναι
2722 3115 2811 3165 τὸν
2836 3112 2988 3173 πόδα,
3005 3110 3037 3178 ἢ
3053 3110 3143 3161 τὸν
3166 3110 3323 3163 πόνον
3338 3108 3431 3161 τοῦ
3455 3108 3733 3176 ὀφθαλμοῦ
3759 3125 3873 3164 σου.
3897 3108 3987 3158 ῖνα
4014 3106 4125 3175 ἴδῃς

2550 3205 2609 3256 τὸ
2638 3204 2751 3272 φῶς
2779 3202 2871 3255 τοῦ
2894 3203 3064 3271 ἡλίου.
3097 3202 3186 3270 Μὴ
3221 3201 3463 3271 ζητήσῃς
3499 3201 3554 3252 δὲ
3595 3201 3759 3251 πόσον
3792 3199 3905 3266 ἔχει
3954 3198 4067 3264 φῶς
4099 3199 4125 3246 ὁ

2550 3295 2698 3363 ἥλιος
2782 3297 2944 3345 πόσον
3004 3292 3284 3345 ἀνατέλλει
3343 3290 3500 3353 ζῶον.
3592 3292 3655 3341 Ὀ
3689 3290 4002 3355 προσγωρεῖ
4048 3302 4126 3337 σοι

2552 3388 2630 3447 εἰς
2643 3384 2856 3454 χρῆσιν,
2880 3384 3027 3436 λάϐε.
3049 3384 3151 3435 Καὶ
3174 3382 3225 3433 τί
3248 3381 3461 3452 ἀπέρχῃ
3475 3382 3553 3442 είς
3573 3381 3694 3450 ὅρη,
3719 3380 3812 3431 καὶ
3835 3378 4019 3446 ζητεῖς
4033 3377 4127 3429 πόα

2557 3493 2635 3527 σοι
2660 3478 2773 3527 ἐκεῖ
2796 3476 3044 3543 νέμονται
3074 3473 3340 3542 δναγροιῆ
3362 3473 3556 3541 θηρίοις
3581 3474 3671 3523 καὶ
3707 3471 3768 3523 τὸ
3805 3470 4019 3521 παιδίον
4041 3470 4125 3521 ὅτε

2554 3567 2911 3636 προσέρχεται
2942 3566 3019 3633 τῷ
3053 3564 3206 3632 μαζῷ
3237 3564 3337 3633 τῆς
3376 3563 3597 3631 μητρὸς,
3628 3562 3969 3630 λαμϐάνειτὸ
3989 3562 4126 3625 γάλα

2553 3656 2645 3706 καὶ
2677 3655 2953 3722 τρέφεται.
2991 3652 3101 3703 Οὑκ
3135 3648 3273 3703 οἶδεν
3296 3652 3350 3703 δὲ
3380 3652 3605 3719 ἐρευνᾷν
3634 3651 3732 3717 τὴν
3764 3649 3923 3717 ῥίζαν
3958 3650 3990 3715 ἢ
4026 3650 4123 3714 τὴν

2558 3745 2739 3813 πηγὴν
2768 3743 2928 3793 πόθεν
2955 3740 3125 3801 οὕτως
3181 3741 3447 3811 ἐπιρρέει·
3481 3740 3702 3807 θηλάζει
3730 3738 3837 3805 γὰρ
3864 3738 3923 3788 τὸ
3964 3738 4124 3804 γάλα,

2556 3836 2646 3887 καὶ
2669 3836 2758 3887 τὴν
2790 3835 2914 3903 ὀρὸν
2944 3834 3060 3885 ὅλον
3100 3834 3373 3884 ἁποκενοῖ’
3428 3832 3521 3883 καὶ
3570 3833 3726 3884 πάλιν
3764 3831 3930 3897 ἀλλην
3980 3829 4127 3897 ὥραν

2560 3924 2846 3995 μεστοῦται
2874 3927 2900 3976 ὁ
2933 3923 3117 3993 μαζὸς’
3150 3922 3308 3975 τοῦτο
3337 3921 3458 3973 οὔτε
3490 3923 3549 3973 τδ
3591 3922 3803 3974 παιδίον
3831 3917 3996 3983 οἶδεν,
4039 3920 4128 3972 οῦ-

2555 4036 2613 4070 τε
2640 4018 2670 4086 ἠ
2708 4019 2889 4085 μήτηρ
2914 4014 3100 4078 αὑτοῦ,
3138 4016 3181 4066 εί
3208 4015 3299 4066 καὶ
3324 4015 3391 4065 τὰ
3442 4012 3675 4081 μάλιστα
3708 4012 3813 4065 ἀπὸ
3846 4012 3985 4063 ὅλων
4022 4011 4127 4062 τῶν

2560 4105 2735 4174 μελῶν
2772 4104 2871 4172 τῆς
2906 4101 3110 4171 μητρὸς
3137 4101 3415 4170 ἐξέρχεται
3446 4100 3504 4151 τὸ
3527 4099 3684 4165 γάλα.
3725 4098 3785 4151 Εἰ
3822 4098 4007 4166 ζητεῖς
4038 4094 4128 4149 οὖν

2556 4196 2647 4247 τὸν
2681 4194 2881 4259 Κύριον
2917 4194 2993 4253 εἰς
3026 4190 3205 4259 βάθος,
3226 4192 3342 4242 ἐκεῖ
3367 4189 3639 4259 εὑρίσκεις
3678 4190 3838 4242 αὑτὸν
3873 4186 4129 4240 ποιοῦντα

2559 4286 2779 4353 σημεῖα.
2822 4284 2881 4335 Εἰ
2932 4282 3112 4349 ζητεῖς
3162 4279 3323 4331 αὑτὸν
3357 4281 3412 4330 ἐν
3463 4278 3671 4347 λάκκῳ,
3706 4279 3820 4329 ἐκεῖ
3853 4278 4129 4346 εὑρίσκεις

2560 4376 2718 4429 αὑτὸν
2750 4376 2806 4424 ἐν
2841 4374 2989 4441 μέσῳ
3022 4371 3114 4423 δύο
3163 4371 3390 4422 λεόντων
3434 4369 3773 4433 φυλάσσοντα
3803 4368 3893 4420 τὸν
3922 4368 4131 4421 δίκαιον

888 4476 933 4506 ⁸⁵
962 4514 975 4534 .
1004 4482 1417 4527 conservantem
1447 4475 1653 4543 justum
1680 4474 1977 4527 Danielem.
2005 4475 2060 4528 Si
2098 4474 2298 4542 quaaris
2327 4490 2451 4528 eum
2491 4490 2527 4539 ο
2561 4471 2579 4518 ἐ

2436 4491 2451 4526 ι
2491 4490 2527 4539 ῃ
2561 4466 2777 4533 Δανιήλ.
2817 4463 3079 4529 Εἰζητεῖς
3116 4461 3275 4511 αὑτὴν
3309 4460 3387 4520 είς
3413 4458 3541 4525 πῦρ,
3578 4460 3690 4509 ἐκεῖ
3730 4458 4006 4525 εὑρίσκεις
4036 4460 4126 4509 αὑ-

890 4566 944 4619 in
977 4566 1106 4635 igni,
1144 4566 1254 4617 illic
1287 4566 1497 4618 iuvenis
1526 4579 1651 4617 cum
1686 4564 1947 4617 auxilium
1980 4564 2243 4617 ferentem
2301 4565 2454 4617 mini-

886 4658 1017 4710 stris
1041 4656 1153 4709 suis
1170 4656 1235 4708 “.
1256 4656 1312 4709 Si
1332 4656 1531 4721 qua‘ris
1548 4670 1670 4708 eum
1690 4656 1744 4707 in
1761 4662 1963 4717 monte,
1984 4655 2091 4708 illic
2114 4656 2319 4723 reperis
2332 4670 2457 4709 cum

889 4762 1015 4801 cum
1032 4748 1147 4800 Elia
1169 4754 1222 4799 et
1247 4746 1408 4799 Mose.
1431 4745 1469 4775 "
1496 4745 1883 4813 Ubiqueigitur
1907 4754 2011 4808 est,
2046 4753 2150 4797 tatn
2168 4747 2267 4798 sub
2292 4754 2459 4809 terra,

890 4854 1052 4908 quam
1114 4853 1277 4906 super
1334 4838 1505 4899 malis,
1542 4838 1703 4890 etiam
1755 4836 1897 4906 apud
1954 4852 2073 4900 nos,
2124 4837 2328 4906 ubique
2359 4848 2461 4892 est.

892 4930 983 4983 Sic
1014 4942 1232 4996 quoque
1290 4927 1469 4979 aniuta
1518 4942 1685 4995 prope
1729 4935 1780 4979 te
1813 4935 1915 4988 est,
1979 4926 2120 4979 intra
2160 4934 2210 4979 te
2264 4937 2365 4989 est,
2404 4935 2458 4980 et

890 5025 1044 5071 extra
1070 5026 1121 5070 te
1149 5026 1251 5069 est.
1280 5016 1383 5071 Ubi
1414 5018 1561 5069 enim
1593 5016 1853 5076 volueris,
1879 5016 1933 5069 in
1964 5016 2187 5069 remotis
2212 5015 2454 5085 regioni-

894 5108 1016 5170 bus,
1098 5106 1208 5158 illic
1279 5113 1361 5159 est
1400 5119 1552 5157 meus
1589 5112 1700 5169 tua,
1735 5104 1851 5157 sive
1906 5104 1959 5156 in
1997 5104 2306 5167 occidente,
2341 5102 2455 5157 sive

894 5198 948 5251 in
994 5198 1227 5260 oriente,
1264 5195 1377 5248 sive
1414 5195 1466 5247 iu
1492 5195 1641 5247 caelis
1680 5193 1787 5247 illic
1816 5194 2115 5247 invenitur.

964 5364 1102 5418 Xlll.
1136 5364 1462 5420 Studeamus
1512 5367 1677 5436 igitur
1716 5368 1768 5420 in
1804 5368 1993 5437 primis
2046 5368 2347 5421 cauterium
2408 5377 2465 5421 et

894 5454 1132 5521 sigillum
1174 5455 1383 5509 Domini
1421 5458 1473 5509 in
1510 5457 1667 5511 nobis
1698 5459 1897 5512 habere
1923 5498 1935 5521 ,
1973 5460 2099 5526 quia
2119 5459 2185 5533 in
2211 5457 2463 5528 diejudi-

896 5547 993 5613 cii,
1028 5546 1167 5602 facta
1215 5552 1587 5618 segregatione
1642 5551 1735 5604 illa
1776 5565 1805 5604 a
1840 5550 1970 5615 Deo,
2019 5558 2075 5605 et
2121 5550 2462 5620 congregatis

971 5726 1015 5757 ⁸⁹
1051 5727 1184 5780 Dan.
1218 5743 1291 5788 τι,
1332 5726 1409 5779 17.
1490 5730 1529 5758 ³ο
1565 5730 1693 5782 Dan.
1735 5744 1812 5789 ιιι,
1850 5728 1936 5781 28.

2016 5727 2054 5755 “
2100 5726 2289 5780 Matth.
2326 5740 2452 5788 xvu,
2498 5726 2547 5778 5.

2553 4557 2642 4610 τὸν
2676 4551 2971 4623 βοηῦοῦντα
3001 4553 3111 4612 τοῖς
3139 4548 3346 4608 δούλοις
3378 4547 3562 4599 αὑτοῦ.
3590 4547 3650 4598 El
3686 4546 3865 4614 ζητεῖς
3891 4546 4057 4597 αὑτὸν
4078 4547 4132 4597 ἐν

2556 4650 2692 4717 ὄρει,
2727 4647 2842 4697 ἐκεῖ
2890 4642 3163 4709 εὑρίσκεις
3201 4639 3361 4691 αὑτὸν
3394 4638 3529 4704 μετὰ
3558 4636 3651 4689 τοῦ
3694 4635 3846 4687 Ἠλία
3872 4637 3969 4687 καὶ
4004 4636 4131 4689 Μω-

2562 4738 2718 4797 σέως.
2771 4731 3051 4801 Πανταχοῦ
3108 4729 3199 4782 οῦν
3247 4730 3385 4792 ἐστι,
3417 4729 3513 4780 καὶ
3556 4728 3812 4779 ὑποκάτω
3854 4729 3956 4795 τῆς
4004 4727 4129 4793 γῆς,

2565 4829 2657 4881 καλ⁵
2692 4824 2945 4895 ὑπεράνω
2991 4821 3097 4873 τῶν
3126 4820 3391 4889 οὑρανῶν,
3432 4821 3542 4871 εἴτε
3574 4820 3631 4870 ὲν
3661 4819 3814 4888 ἡμῖν,
3852 4817 4131 4886 πανταχοῦ

2570 4920 2733 4980 ἱστιν.
2766 4915 2949 4976 Οῦτως
2984 4913 3077 4965 καὶ
3103 4915 3134 4980 ἠ
3164 4912 3310 4979 ψυχὴ
3342 4910 3507 4977 ἐγγύς
3562 4910 3655 4961 σού
3694 4911 3831 4969 ἐστι,
3865 4906 3961 4960 καὶ
3995 4909 4131 4959 ἔσω-

2597 5008 2651 5059 ἑν
2684 5008 2777 5059 σοῦ
2801 5007 2941 5065 ἐστι,
2974 5004 3069 5055 καὶ
3102 5002 3301 5066 ἔξωθέν
3342 5002 3435 5053 σού
3494 5002 3662 5054 ἐστιν.
3699 5002 3873 5053 Ὀπου
3904 5000 4018 5071 γὰρ
4043 5000 4130 5051 θέ-

2561 5098 2693 5161 λεις,
2735 5099 2815 5161 εἰς
2850 5096 3066 5165 μακρὰς
3097 5094 3383 5163 πατρίδας,
3426 5095 3567 5159 ἐκεῖε
3594 5095 3744 5145 ἐστιν
3773 5094 3801 5144 ὁ
3840 5091 3965 5152 νοῦς
4017 5109 4129 5154 σου,

2563 5190 2671 5241 εἴτε
2704 5188 2797 5241 ἐπὶ
2836 5186 3065 5256 δυσμὰς,
3094 5187 3201 5238 εἴτε
3233 5186 3323 5237 ἐπὶ
3362 5184 3622 5247 ἀνατολάς
3651 5226 3665 5249 ,
3708 5184 3819 5235 εἴτε
3875 5186 3957 5246 εἰς
4006 5184 4130 5244 τοὺς

2561 5281 2821 5348 οὐρανοὺς
2848 5280 2963 5331 ἐκεῖ
2989 5277 3318 5347 εὑρίσκεται.

2636 5370 2729 5421 II".
2762 5371 3099 5438 Ζητήσωμεν
3148 5363 3240 5420 οῦν
3290 5367 3714 5436 προηγουμένως
3758 5366 3852 5418 τὸν
3884 5365 4133 5435 καυτῆρα

2561 5458 2651 5511 τοῦ
2675 5457 2881 5527 Κυρίου
2910 5458 2999 5510 καὶ
3022 5457 3121 5525 τὴν
3151 5457 3419 5527 σφραγίδα
3449 5458 3507 5508 ἐν
3537 5458 3749 5517 ἐαυτοῖς
3775 5456 3939 5525 ἔχειν’
3976 5456 4059 5508 ὅτι
4080 5457 4135 5507 ἐν

2559 5550 2636 5621 τῷ
2667 5549 2841 5622 καιρῷ
2868 5550 2962 5621 τῆς
2993 5548 3247 5621 κρίσεως,
3276 5548 3564 5619 γινομένης
3593 5548 3692 5617 τῆς
3719 5547 4024 5617 ἀποτομίας
4045 5546 4132 5598 τοῦ
