4282 6364
204 396 315 462 565

1424 409 1789 476 HOMILIE.
1812 418 1883 449 "
1903 412 2090 476 HOM.
2131 413 2269 473 XII.

3347 397 3451 463 566

202 507 365 573 Θεοῦ,
397 507 494 564 καὶ
522 511 903 583 συναγομένων
952 514 1091 570 ὅλων
1150 515 1261 570 τῶν
1298 516 1482 587 φυλῶν
1526 519 1628 589 τῆς
1666 519 1777 591 ,γῆς
1805 526 1893 581 Δ(

1757 522 2136 583 :Aomnibus
2186 519 2442 578 trlbubus
2499 530 2658 575 terra:
2708 515 2975 573 universa
3027 511 3189 579 Adae,
3232 513 3448 582 quando

201 599 327 653 ὅλου
368 602 463 655 τοῦ
503 602 691 673 ’Δδάμ,
724 605 852 659 ὅταν
889 606 1093 681 καλέσῃ
1140 609 1169 661 ὀ
1224 607 1432 679 ποιμὴν
1476 607 1576 681 τὴν
1638 609 1779 665 ίδίαν

201 690 447 759 ποίμνην
471 734 487 756 ,
542 691 654 745 ισοι
690 695 871 763 ὃχουσι
904 696 995 749 τὸν
1041 697 1288 770 καυτῆρα
1314 736 1331 763 ,
1359 697 1780 767 έπιγινώσκουσι

199 781 296 831 τὸν
352 782 482 833 ίδιον
535 784 788 853 ποιμένα,
824 786 918 839 καὶ
943 788 972 839 ὁ
1006 786 1212 857 ποιμὴν
1250 788 1377 852 τοὺς
1413 787 1636 857 ἔχοντας
1680 787 1779 858 τὴν

203 871 347 925 ίδίαν
371 876 643 944 σφραγῖδα
666 878 941 946 γνωρίζει,
972 878 1067 931 καὶ
1099 878 1416 946 ἐπισυνάγει
1437 880 1545 933 ἀπὸ
1565 879 1779 934 πάντων

200 964 313 1016 τῶν
342 965 531 1020 ἐθνῶν.
562 968 671 1038 Τῆς
704 968 893 1039 φωνῆς
916 969 1023 1041 γάρ
1040 970 1203 1024 αὐτοῦ
1240 970 1527 1024 ἀκούουσιν
1556 973 1604 1025 oi
1637 972 1776 1036 ίδιοι,

199 1055 297 1107 καὶ
329 1056 632 1125 ὑπάγουσιν
662 1059 839 1113 ὀπίσω
864 1059 1050 1115 αὑτοῦ.
1076 1061 1171 1124 Είς
1198 1060 1291 1114 δύο
1320 1061 1429 1132 γὰρ
1461 1061 1601 1133 μέρη
1635 1062 1781 1115 ἵστα-

200 1164 293 1200 ται
333 1150 362 1201 ό
394 1149 619 1218 κόσμος,
644 1151 739 1203 καὶ
768 1151 1021 1220 γίγνεται
1053 1152 1154 1223 μία
1184 1154 1389 1224 ποίμνη
1447 1153 1720 1223 σκοτεινὴ,
1746 1154 1779 1223 ἡ

200 1237 459 1307 χωροῦσα
486 1241 565 1304 είς
617 1239 729 1311 πῦρ
767 1241 1003 1298 αίώνιον.
1046 1242 1157 1297 Καὶ
1182 1244 1281 1312 μία
1328 1244 1545 1315 πλήρης
1578 1243 1778 1312 φωτὸς,

200 1329 235 1397 η
268 1330 409 1399 πρὸς
453 1330 555 1398 τὴν
588 1331 847 1401 οὐράνιον
904 1331 1059 1402 λῆξιν
1087 1334 1416 1404 ἀναγομένη·
1473 1332 1602 1386 αὐτὸ
1635 1332 1727 1387 οῦν
1754 1334 1783 1386 ὃ

198 1416 297 1471 νῦν
328 1418 584 1488 κτώμεθα
606 1421 665 1473 έν
705 1422 825 1484 ταῖς
877 1422 1097 1491 ψυχαῖς,
1145 1424 1281 1476 αὐτὸ
1339 1424 1518 1476 έκεῖνο
1572 1422 1782 1493 λάμπει

200 1510 297 1562 καὶ
328 1510 681 1581 φανεροῦται,
713 1512 809 1566 καὶ
836 1511 1152 1582 τὰσώματα
1189 1513 1363 1567 ὶνδύει
1388 1511 1569 1578 δόξαν.

273 1600 375 1653 ΙΔ’.
410 1601 623 1672 Ὠσπερ
652 1603 710 1655 έν
771 1603 851 1672 τῷ
882 1603 1063 1675 καιρῷ
1087 1602 1184 1657 τοῦ
1210 1602 1476 1658 Ξανθικοῦ
1525 1603 1693 1675 μηνὸς
1728 1606 1785 1659 al

202 1688 354 1758 ῥίζαι
404 1691 749 1760 κεχωσμέναι
786 1693 846 1744 έν
873 1695 939 1763 τῇ
974 1695 1045 1763 γῇ
1066 1732 1082 1757 ,
1128 1693 1258 1756 τοὺς
1319 1694 1482 1758 ίδίους
1514 1694 1783 1764 καρποὺς,

203 1781 303 1833 καὶ
335 1780 405 1834 τά
437 1783 545 1835 ῐδια
570 1782 706 1853 ἄνθη
738 1785 834 1838 καὶ
859 1784 1033 1855 κάλλη
1059 1784 1508 1849 έκδλαστάνουσι,
1537 1788 1630 1838 καὶ
1661 1801 1787 1855 καρ·

204 1872 534 1943 ποφοροῦσι,
564 1876 658 1927 καὶ
693 1876 1055 1947 φανεροῦνται
1086 1876 1146 1930 αί
1180 1876 1345 1930 καλαὶ
1380 1875 1547 1946 ῥίζαι,
1607 1878 1702 1930 καλ⁵
1734 1878 1792 1929 ai
1825 1869 1865 1924 Β

202 1963 303 2026 τάς
328 1963 569 2027 άκάνθας
592 1965 810 2034 ἔχουσαι
833 1968 1065 2037 φανεραὶ
1079 1966 1319 2036 γίνονται
1343 1966 1514 2031 οὕτως
1537 1968 1624 2021 lvi
1641 1967 1793 2038 κείνῃ

201 2057 268 2124 τῇ
330 2056 515 2128 ἡμέρᾳ
576 2057 806 2122 ικαστος
851 2059 939 2112 διὰ
978 2057 1073 2112 τοῦ
1124 2058 1255 2111 ίδίου
1306 2057 1598 2127 σώματος,
1650 2057 1795 2128 άπερ

204 2148 444 2217 ἔπραξεν
464 2190 479 2214 ,
509 2150 796 2218 έμφανίζει
818 2190 833 2214 ,
861 2151 957 2203 καὶ
1000 2148 1329 2220 φανεροῦται
1354 2149 1425 2202 τά
1452 2164 1509 2201 τε
1531 2148 1674 2202 καλά
1701 2150 1795 2200 καὶ

199 2237 272 2288 τὰ
294 2236 460 2290 κακά.
495 2238 643 2290 Ἐκεῖ
653 2239 760 2309 γάρ
781 2239 897 2291 έστι
941 2240 1090 2291 πᾶσα
1112 2238 1145 2308 ἡ
1168 2238 1346 2308 κρίσις
1391 2237 1485 2291 καὶ
1504 2239 1537 2307 ή
1556 2234 1790 2291 άνταπό⁹

203 2330 375 2391 δοσις.
398 2329 556 2383 Ἐστι
585 2329 694 2400 γὰρ
718 2329 851 2401 άλλη
884 2328 1058 2401 τροφὴ
1079 2330 1229 2401 παρά
1248 2329 1450 2399 ταύτην
1486 2329 1584 2400 τὴν
1606 2345 1792 2397 φαινοο

207 2421 401 2491 μένην⁶
420 2420 513 2474 καὶ
534 2422 640 2492 γάρ
656 2421 893 2491 Μωῦσῆς
910 2422 998 2475 ὅτε
1012 2421 1239 2491 ἀνῆλθεν
1257 2424 1337 2485 είς
1352 2423 1410 2476 τὸ
1427 2421 1572 2493 δρος,
1587 2420 1799 2494 ἡμέρας

203 2513 620 2583 τεσσαράκοντα
644 2515 986 2584 ινήστευσεν.
1027 2513 1282 2585 Ἀνῆλθεν
1304 2513 1611 2584 ἄνθρωπος,
1660 2529 1792 2567 κατ-

204 2605 336 2673 ῆλθε
358 2605 491 2658 Θεὸν
514 2604 670 2674 έχων.
701 2605 809 2659 Καὶ
840 2604 916 2658 ῐδε
950 2605 1215 2675 βλέπομεν
1243 2606 1301 2655 ὲν
1329 2606 1479 2673 ἡμῖν,
1504 2606 1584 2659 ὅτι
1610 2607 1667 2659 έν
1690 2604 1799 2657 όλί-

208 2712 340 2762 γαις
368 2695 626 2767 ἡμέραις,
646 2695 742 2749 έάν
766 2694 842 2767 μὴ
862 2693 1234 2766 ὑποστηριχθῇ
1263 2696 1323 2747 τὸ
1341 2695 1499 2766 σῶμα
1519 2694 1797 2767 βρώμασι,

212 2786 527 2857 φθείρεται.
550 2787 663 2840 Καὶ
711 2787 874 2851 αὐτὸς
906 2788 963 2841 έν
1000 2786 1409 2856 τεσσαράκοντα
1446 2786 1677 2856 ἡμέραις
1706 2804 1801 2855 νη-

211 2875 468 2938 στεύσας,
484 2876 668 2930 πλεῖον
686 2875 823 2929 ὅλων
850 2875 1289 2946 ένδυναμώτερος
1308 2876 1599 2947 κατῆλθεν.
1616 2876 1801 2946 Ἐτρέ-

212 2983 348 3035 φετο
376 2967 483 3038 γὰρ
513 2966 617 3019 ὐπδ
658 2966 754 3019 τοῦ
810 2966 969 3029 Θεοῦ,
1022 2967 1117 3021 καὶ
1158 2966 1488 3037 ᾠκονομεῖτο
1547 2964 1713 3019 αὑτοῦ
1742 2964 1803 3017 τὸ

216 3057 379 3127 σῶμα
411 3057 548 3129 ἄλλῃ
572 3060 743 3128 τροφῇ
778 3058 1106 3129 ἐπουρανίῳ.
1151 3058 1209 3111 '0
1226 3058 1335 3127 γάρ
1355 3057 1509 3125 λόγος
1535 3055 1630 3110 τοῦ
1656 3056 1791 3108 Θεοῦ

1884 612 2105 667 vocabit
2160 618 2524 681 pastorsuum
2583 621 2823 679 gregem,
2895 605 3211 676 quicunque
3259 613 3447 658 caute-

1885 704 2025 758 rium
2079 703 2393 766 habuerint,
2459 708 2789 769 cognoscent
2837 706 3109 767 pastorem
3167 711 3349 759 suum,
3396 703 3451 748 et

1885 799 2069 861 pastor
2104 789 2284 860 sigillo
2312 787 2599 857 insignitos
2627 792 2903 857 agnoscet,
2923 793 2978 838 ct
3008 782 3359 854 congregabit
3385 798 3448 835 ex

1884 880 2140 935 omnibus
2172 878 2445 950 gentibus.
2483 877 2683 931 Vocem
2734 875 2882 930 cnim
2931 874 3051 943 ejus
3078 872 3328 934 audiunt,
3353 871 3448 941 qui

1885 981 2014 1027 sunt
2043 971 2148 1036 sui,
2203 980 2259 1025 et
2287 976 2596 1039 sequuntur
2642 982 2790 1020 eum.
2824 966 2882 1019 In
2914 964 3050 1019 duas
3100 962 3245 1017 enim
3269 973 3449 1031 partes

1886 1064 2124 1120 mundus
2156 1063 2442 1126 dividitur,
2492 1068 2548 1115 et
2595 1068 2681 1116 est
2708 1073 2848 1113 unus
2903 1073 3033 1128 grex
3099 1056 3441 1119 tenebrosus,

1886 1159 1980 1228 qui
2008 1156 2319 1212 discedetin
2348 1154 2526 1224 ignem
2553 1150 3052 1221 inexstinguibilem
3075 1159 3406 1204 ctazternum
3430 1164 3445 1209 ;

1887 1251 2024 1305 alter
2072 1263 2205 1303 vero
2264 1247 2461 1316 plenus
2520 1243 2745 1308 lumine,
2807 1242 2903 1311 qui
2947 1240 3013 1295 ad
3068 1239 3446 1294 haereditatcm

1888 1343 2164 1399 cmlestem
2194 1339 2518 1393 deducetur.
2542 1334 2681 1389 illud
2711 1334 2895 1405 igitur,
2927 1316 3071 1401 quod
3101 1346 3247 1385 nunc
3274 1330 3451 1400 possi-

1888 1433 2082 1488 demus
2110 1432 2165 1485 in
2207 1428 2426 1493 animis,
2452 1425 2585 1483 illud
2638 1426 2814 1495 ipsum
2851 1422 3161 1493 splendebit
3202 1431 3258 1476 et
3332 1437 3452 1475 ma-

1888 1519 2257 1585 nifestabitur,
2304 1527 2361 1574 et
2396 1530 2627 1586 corpora
2658 1515 2889 1569 induent
2933 1513 3183 1583 gloriam.

1959 1611 2097 1666 XIV.
2148 1610 2383 1665 Perinde
2443 1624 2507 1663 ac
2561 1616 2807 1675 tempore
2856 1605 3061 1658 mensis
3130 1602 3331 1671 Aprilis
3373 1617 3456 1654 ra-

1890 1705 2041 1759 dices
2069 1714 2210 1758 terra
2234 1708 2525 1771 c00pertte,
2562 1714 2691 1754 suos
2740 1698 2973 1760 fructus,
3028 1710 3263 1763 suosque
3297 1693 3459 1747 ﬂores

1890 1812 1954 1851 ac
1977 1795 2222 1851 lautitias
2248 1792 2581 1861 producunt,
2644 1789 2993 1855 fructumque
3027 1785 3229 1845 ferunt,
3251 1798 3312 1837 ae
3341 1798 3457 1834 ma—

1894 1888 2223 1942 nifestantur
2271 1881 2519 1938 fecunda:
2592 1879 2825 1943 radices,
2880 1878 2958 1932 uti
2989 1885 3044 1931 et
3107 1890 3227 1944 quae
3274 1874 3457 1943 spinas

1894 1981 2098 2043 ferunt,
2134 1975 2432 2047 patefiunt:
2458 1974 2538 2029 sic
2583 1973 2637 2027 in
2670 1972 2758 2026 illa
2782 1971 2893 2033 die,
2922 1968 3156 2038 quilibet
3199 1982 3298 2021 suo
3334 1980 3459 2018 eor-

1894 2088 2049 2143 pore,
2091 2069 2223 2140 quid
2253 2070 2449 2139 egerit,
2484 2065 2798 2135 patefaciet,
2854 2074 2910 2115 et
2965 2058 3461 2114 manifestabuntur

1896 2164 2036 2218 mala
2064 2171 2120 2217 et
2142 2162 2312 2216 bona.
2342 2158 2461 2214 illic
2497 2158 2643 2213 enim
2678 2155 2784 2209 erit
2814 2151 3125 2207 universale
3170 2148 3459 2218 judicium,

1894 2263 1949 2311 et
1994 2251 2304 2308 retributio.
2354 2250 2450 2306 Est
2502 2247 2648 2304 enim
2688 2246 2828 2301 alius
2877 2243 3035 2298 cibus
3081 2247 3276 2311 praeter
3312 2254 3461 2298 etim,

1896 2345 1990 2415 qui
2016 2342 2258 2399 videtur.
2300 2341 2477 2395 Moses
2498 2338 2645 2393 enim
2674 2352 2797 2391 cum
2833 2333 3155 2389 ascenderet
3198 2339 3462 2392 montem,

1895 2435 2254 2509 quadraginta
2306 2432 2425 2488 dies
2476 2429 2758 2503 jejunavit.
2828 2426 3086 2482 Ascendit
3138 2424 3322 2487 homo,
3366 2421 3464 2475 dc-

1897 2527 2109 2583 smndit
2131 2525 2343 2580 habens
2377 2523 2570 2578 Deum.
2601 2521 2668 2576 Et
2720 2533 2868 2582 ecce,
2902 2517 3147 2571 videmus
3172 2515 3225 2569 in
3282 2513 3464 2571 nobis.

1898 2618 2044 2689 quod
2089 2630 2489 2687 perpaucorum
2564 2613 2780 2668 dierum
2835 2608 3033 2681 spatio,
3085 2606 3192 2662 nisi
3236 2618 3467 2674 corpora

1898 2708 2284 2764 suffulciantur
2330 2706 2491 2771 cibis,
2525 2704 2642 2774 ipsa
2696 2708 2947 2773 pereant,
2982 2700 3099 2770 ipse
3146 2711 3278 2752 vero
3331 2710 3468 2764 qua-

1899 2798 2147 2869 draginta
2177 2796 2296 2851 dies
2318 2810 2443 2851 cum
2495 2794 2717 2865 jejunus
2747 2792 2961 2854 fuisset,
2985 2789 3181 2843 fortior
3214 2786 3471 2841 omnibus

1900 2885 2205 2942 descendit.
2261 2885 2520 2939 Alebatur
2569 2883 2717 2937 enim
2754 2896 2786 2935 a
2856 2882 2988 2944 Deo,
3028 2887 3086 2933 et
3113 2891 3315 2946 corpus
3350 2876 3470 2944 ejus

1900 2975 2311 3033 sustentabatur
2352 2972 2460 3027 alio
2499 2971 2623 3026 cibo
2675 2967 2905 3025 caelesti.
2960 2966 3153 3021 Sermo
3194 2964 3339 3018 enim
3375 2963 3468 3017 Dei

1902 3070 2061 3125 cibus
2080 3068 2131 3123 ei
2158 3078 2296 3130 erat,
2353 3072 2411 3119 ct
2464 3062 2700 3117 habebat
2745 3060 2972 3130 gloriam
3017 3058 3072 3110 in
3119 3056 3275 3109 facie.
3299 3053 3470 3109 Omne

211 3149 393 3220 τροφὴ
426 3148 573 3218 αὐτῷ
609 3150 870 3217 ιγίγνετο,
910 3149 1004 3202 κει)⁵
1027 3144 1141 3219 εἷχε
1182 3149 1342 3215 δόξαν
1385 3150 1463 3210 είς
1494 3148 1554 3201 τὸ
1621 3147 1793 3216 πρόσ-
1827 3186 1872 3248 C

1777 3176 1793 3187 ·
1827 3186 1872 3248 C
1902 3159 2048 3231 quod
2073 3158 2238 3214 ﬂebat
2264 3197 2279 3222 ,
2304 3166 2465 3228 typus
2488 3161 2605 3210 erat
2627 3151 2856 3207 alterius
2884 3149 2983 3204 rei.
3010 3147 3105 3202 illa
3127 3146 3272 3200 enim
3298 3145 3468 3215 gloria

213 3258 387 3294 ωπον*
414 3242 475 3295 τὸ
496 3240 804 3309 γενόμενον,
834 3240 1003 3304 τύπος
1031 3236 1119 3311 ἦν·
1145 3239 1329 3308 εκείνη
1354 3237 1463 3308 γάρ
1493 3239 1527 3308 ἡ
1551 3236 1677 3300 δόξα
1701 3236 1798 3289 νῦν
1832 3236 1872 3248 ’⁸

1782 3252 1798 3289 ν
1832 3236 1872 3248 ”
1908 3268 2017 3308 non
2051 3252 2201 3305 intus
2220 3251 2274 3304 in
2303 3243 3015 3303 cordibusChristianorum
3041 3239 3231 3309 fulget.
3271 3238 3473 3291 Resup-

219 3332 429 3387 έσωθεν
484 3333 564 3394 είς
606 3331 706 3394 τάς
742 3331 966 3400 καρδίας
1019 3330 1128 3383 τῶν
1174 3327 1516 3399 Χριστιανῶν
1559 3326 1787 3395 λάμπει.

236 3425 599 3493 Ἀνιστάμενα
625 3422 735 3493 γὰρ
766 3422 836 3475 τά
883 3424 1113 3492 σώματα
1161 3422 1221 3474 ὲν
1249 3424 1315 3491 τῇ
1349 3421 1639 3473 ἀναστάσει
1660 3418 1806 3482 ἄλλῳ

223 3515 485 3584 ἒνόύματι
513 3513 680 3584 θεῖκῷ
711 3512 1099 3579 σκεπάζονται,
1147 3512 1242 3565 καὶ
1271 3511 1471 3583 βρώσει
1497 3510 1805 3581 ἐπουρανίῳ

221 3605 537 3676 τρέφονται.
1147 3662 1152 3666 ,

300 3695 400 3747 IE'.
418 3693 749 3762 Ἐρώτησις.
782 3694 844 3748 Τί
861 3693 1014 3759 ἐστι,
1049 3692 1200 3763 γυνὴ
1218 3691 1696 3751 ἀκατακαλύπτώ
1714 3709 1807 3747 κε-

224 3784 396 3857 φαλῇ
417 3788 907 3854 vocativum;

312 3878 666 3944 Ἀπόκρισις.
711 3877 927 3946 Ἐπειδὴ
973 3878 1031 3930 ἒν
1061 3875 1138 3946 τῷ
1180 3876 1357 3947 καιρῷ
1397 3876 1505 3929 τῶν
1562 3876 1800 3929 ἀποστό-

227 3970 337 4020 λων
370 3967 673 4035 ἀφιεμένας
728 3961 874 4035 εἶχον
930 3964 1031 4029 τὰς
1065 3965 1260 4036 τρίχας
1316 3967 1438 4018 ἀντὶ
1488 3965 1808 4034 σκεπάσμα-

228 4075 343 4121 τος·
379 4058 469 4111 διά
488 4056 648 4110 τοῦτο
686 4059 715 4109 ὁ
745 4056 950 4126 Κύριος
980 4056 1075 4110 καὶ
1117 4057 1166 4108 oi
1210 4056 1497 4109 ἀπόστολοι
1524 4052 1684 4125 ἦλθον
1730 4056 1807 4118 είς

228 4148 331 4217 τὴν
367 4146 544 4199 κτίσιν
579 4147 672 4199 καὶ
723 4146 1118 4215 ἐσωφρόνησαν
1170 4145 1359 4215 αὐτήν.
1416 4145 1561 4215 Πλὴν
1612 4145 1807 4215 ήγυνὴ

230 4242 409 4291 κεῖται
439 4241 518 4301 εἰς
545 4237 715 4290 τύπον
764 4237 867 4307 τῆς
917 4236 1273 4306 Ἐκκλησίας⁶
1303 4238 1397 4290 καὶ
1427 4236 1617 4307 ὥσπερ
1643 4237 1721 4299 είς
1751 4238 1809 4289 τὸ

236 4330 573 4398 φαινόμενον
606 4329 664 4381 ὲν
698 4328 892 4397 ἐκείνῳ
918 4327 994 4397 τῷ
1051 4328 1229 4397 καιρῷ
1260 4329 1463 4379 ἐκεῖναι
1510 4323 1655 4396 εἶχον
1722 4326 1809 4391 ἐξ·

228 4422 561 4491 ηπλωμένας
596 4421 692 4482 τὰς
720 4420 914 4490 τρίχας
946 4420 1068 4472 ἀντὶ
1106 4420 1518 4488 σκεπάσματος’
1548 4418 1689 4471 οὕτω
1719 4419 1811 4470 καὶ

1909 3344 2091 3414 gentia
2136 3342 2283 3397 enim
2315 3352 2547 3408 corpora
2591 3335 2646 3389 in
2687 3331 3111 3390 resurrectione,
3144 3329 3250 3383 alio
3309 3326 3475 3381 vesti-

1910 3444 2093 3490 mento
2117 3433 2303 3489 divino
2331 3429 2673 3501 operientur,
2703 3440 2766 3481 ac
2802 3424 2927 3481 cibo
2971 3421 3179 3477 θείως»ιί
3228 3418 3476 3474 nutrien-

1912 3534 2020 3580 tur.

1981 3702 2092 3774 48
2116 3701 2231 3757 XV.
2264 3698 2631 3767 Interrogatio.
2665 3693 2803 3760 Quid
2834 3701 2911 3747 est
2933 3691 3064 3746 illud
3094 3731 3107 3755 ,
3136 3689 3350 3744 Femina
3374 3707 3477 3743 non

1913 3794 2082 3847 uelato
2114 3794 2281 3862 capite
2308 3807 2466 3844 orans
2496 3788 2583 3840 ιιι

1982 3884 2288 3953 Responsio.
2361 3880 2628 3947 Quoniam
2697 3876 3035 3946 temporibus
3108 3874 3476 3943 apostolorum

1914 3976 2153 4047 prolixos
2177 3974 2395 4029 alebant
2415 3973 2596 4027 crines
2616 3986 2719 4041 pro
2752 3968 3039 4027 velamine,
3063 3975 3352 4035 propterea
3376 3965 3479 4017 Do-

1914 4068 2097 4121 minus
2117 4074 2172 4120 et
2195 4064 2427 4135 apostoli
2451 4070 2720 4117 venerunt
2746 4060 2812 4114 ad
2829 4068 3156 4119 creaturam,
3182 4065 3239 4110 ut
3258 4071 3377 4109 eam
3412 4055 3478 4107 ad

1914 4156 2234 4212 modestiam
2287 4154 2643 4209 adducerent.
2696 4149 2897 4205 Verum
2953 4149 3153 4202 mulier
3208 4155 3367 4215 typus
3396 4154 3482 4199 est

1916 4248 2191 4303 Ecclesiae.
2229 4246 2298 4299 Et
2343 4240 2801 4313 quemadmodum
2848 4239 2915 4294 ad
2966 4238 3197 4293 aliormu
3244 4252 3479 4305 conspe-

1917 4346 2063 4393 ctum
2095 4345 2337 4405 tempore
2361 4334 2453 4387 illo
2484 4333 2743 4387 mulieres
2772 4331 3035 4401 gerebant
3076 4344 3264 4398 passos
3286 4328 3470 4381 crines

1916 4447 2016 4501 pro
2046 4428 2315 4483 velamine
2352 4466 2367 4489 ,
2417 4424 2496 4480 sic
2552 4422 2794 4478 Ecclesia
2854 4422 2995 4476 tilios
3050 4434 3179 4475 suos
3214 4418 3388 4471 induit
3426 4426 3482 4472 et

231 4516 265 4583 ὴ
312 4512 609 4579 Ἐκκλησία
635 4511 703 4564 τά
750 4512 915 4564 τέκνα
957 4511 1128 4579 αὐτῆς
1155 4508 1329 4561 ὲνδύει
1361 4509 1460 4562 καὶ
1496 4507 1810 4577 περιϐάλλει
1844 4524 1887 4579 ι)
1916 4540 1922 4574 ε

1794 4525 1810 4559 ι
1844 4524 1887 4579 1)
1916 4520 2105 4575 amicit
2133 4514 2475 4571 vestimentis
2519 4512 2721 4567 divinis
2743 4519 2798 4565 et
2844 4510 3114 4579 gloriosis.
3166 4508 3481 4573 Antiquitus

230 4602 492 4672 ἐνδύμασι
525 4601 721 4663 θεϊκοῖς
777 4601 872 4652 καὶ
899 4599 1329 4669 δεδοξασμένοις.
1367 4598 1478 4651 Καὶ
1507 4600 1586 4660 είς
1612 4596 1673 4649 τὸ
1702 4612 1805 4649 πα-

230 4695 384 4748 λαιὸν
418 4694 597 4763 δὲτῆς
656 4691 984 4761 Ἑκκλησίας
1036 4690 1280 4759 Ἰσραὴλ,
1318 4690 1415 4758 μία
1467 4684 1536 4759 ἦν
1584 4690 1611 4757 ἡ
1680 4706 1805 4739 συν-

230 4786 445 4853 αγωγὴ,
472 4784 567 4837 καὶ⁸
594 4783 858 4837 ὲσκέπετο
883 4780 988 4834 ὑπδ
1025 4781 1120 4833 τοῦ
1166 4780 1501 4849 Πνεύματος,
1543 4780 1636 4831 καλ⁵
1661 4775 1802 4849 ἦσαν

232 4875 353 4927 ἀντὶ
382 4873 539 4941 δόξης
574 4869 1027 4945 περιϐεϐλημένοι
1068 4869 1127 4921 τὸ
1158 4868 1399 4937 Πνεῦμα,
1438 4869 1486 4919 εί
1515 4868 1609 4920 καὶ
1657 4866 1811 4919 αὐτοὶ

232 4966 335 5019 οὐκ
372 4964 722 5032 ὲστοίχησαν.
765 4959 1060 5029 Ἐκκλησία
1088 4955 1182 5013 οὖν
1211 4958 1426 5025 λέγεται
1448 4958 1543 5009 καλ⁵
1564 4958 1657 5009 ἐπὶ
1682 4956 1812 5007 πολι

233 5058 363 5120 λῶν,
401 5056 496 5109 καὶ
528 5056 618 5107 ἐπὶ
652 5053 781 5123 μιᾶς
808 5051 1007 5121 ψυχῆς·
1044 5050 1180 5119 αὐτὴ
1212 5050 1319 5119 γάρ
1348 5051 1380 5120 ὴ
1414 5048 1561 5119 ψυχὴ
1590 5048 1814 5117 συνάγει

234 5148 395 5209 ὅλους
421 5144 548 5206 τοὺς
587 5143 904 5209 λογισμοὺς,
941 5139 1037 5193 καὶ
1069 5138 1215 5191 εστιν
1254 5137 1551 5207 Ἐκκλησία
1572 5137 1649 5207 τῷ
1670 5137 1810 5209 Θεῷ.

248 5232 533 5305 Ἦρμόσθη
568 5232 675 5300 γάρ
713 5232 791 5291 είς
817 5229 1101 5283 κοινωνίαν
1133 5230 1167 5297 ὴ
1199 5226 1345 5298 ψυχὴ
1383 5226 1459 5295 τῷ
1511 5228 1816 5297 ἐπουρανίῳ

236 5326 479 5395 νυμφίῳ,
512 5324 603 5375 καὶ
644 5322 899 5391 κιρνᾶται
919 5318 998 5388 τῷ
1024 5318 1351 5387 ἐπουρανίῳ,
1398 5315 1555 5370 τοῦτο
1609 5315 1665 5369 δὲ
1717 5318 1810 5371 καὶ

238 5418 331 5471 ἐπὶ
363 5413 576 5467 πολλῶν
598 5413 829 5476 νοεῖται,
858 5410 951 5463 καί⁵
982 5408 1073 5460 ἐπὶ
1097 5407 1235 5469 ἑνός.
1274 5406 1380 5459 Καὶ
1414 5406 1523 5474 γὰρ
1551 5408 1579 5458 ὁ
1598 5406 1807 5475 προφή-

239 5526 338 5577 της
376 5506 527 5573 λέγει
561 5503 689 5573 περὶ
719 5501 816 5569 τῆς
858 5497 1231 5569 Ἰερουσαλὴμ,
1274 5494 1469 5565 Εὖρόν
1492 5512 1565 5550 σε
1589 5496 1813 5565 ἔρημον

246 5600 338 5653 καί
385 5594 643 5666 γυμνὴν,
667 5593 769 5647 καί
791 5588 1052 5645 ἐνέδυσὰ
1077 5605 1171 5655 σε,
1202 5590 1295 5641 καὶ
1336 5589 1403 5641 τὰ
1426 5588 1569 5659 ἑξῆς,
1596 5587 1672 5651 ώς
1719 5588 1813 5641 ἐπὶ

247 5690 333 5741 τοῦ
364 5688 484 5748 ἐνὸς
514 5683 803 5755 προσώπου
830 5678 994 5737 εἶπεν.

865 5800 908 5829 ³³
938 5798 1111 5853 Ezech

313 5804 411 5858 ³¹1
458 5802 583 5856 Cor.
639 5817 709 5860 St.
741 5800 787 5851 ε.
865 5800 908 5829 ³³
938 5798 1111 5853 Ezech
1188 5814 1292 5851 xu.
1334 5795 1361 5841 ί»

1914 4620 2093 4663 autem
2127 4604 2383 4661 Ecclesia;
2431 4601 2597 4657 Israel
2638 4615 2745 4654 una
2786 4607 2902 4652 erat
2932 4597 3300 4668 congregatio,
3360 4612 3481 4665 qua:

1915 4698 2266 4769 operiebatur
2293 4692 2501 4763 Spiritu
2550 4699 2646 4745 :et
2685 4688 2863 4742 induti
2919 4695 3080 4741 erant
3131 4686 3337 4755 Spiritu
3384 4702 3480 4755 pro

1915 4790 2104 4863 gloria,
2170 4785 2421 4856 quamvis
2487 4782 2588 4851 ipsi
2649 4796 2758 4833 non
2816 4777 3211 4833 consentirent.
3273 4777 3482 4829 Dicitur

1914 4893 2044 4948 ergo
2072 4874 2318 4929 Ecclesia
2348 4882 2453 4925 tatu
2491 4868 2560 4923 de
2584 4866 2833 4937 pluribus
2861 4880 3022 4935 quam
3053 4864 3121 4919 de
3146 4879 3251 4917 una
3281 4864 3478 4916 anima.

1913 4970 2037 5024 Haec
2079 4967 2226 5022 cnim
2276 4964 2457 5018 anima
2519 4966 2817 5029 congregat
2857 4972 3051 5011 omnes
3096 4956 3479 5025 cogitationes,

1911 5072 2073 5128 atque
2104 5058 2217 5111 Deo
2250 5062 2333 5109 est
2382 5050 2649 5106 Ecclesia.
2694 5049 2833 5118 Apta
2880 5047 3027 5102 enim
3064 5056 3147 5100 est
3194 5046 3374 5098 anima
3414 5046 3479 5099 ad

1912 5149 2231 5205 societatem
2268 5143 2506 5199 coalestis
2563 5137 2783 5209 Sponsi,
2838 5146 2894 5190 et
2958 5144 3295 5205 temperatur
3358 5150 3481 5188 cum

1915 5239 2147 5296 caelesti.
2200 5237 2316 5291 Hoc
2338 5249 2467 5290 vero
2531 5231 2717 5286 nonin
2775 5229 3030 5299 pluribus
3082 5238 3312 5286 tantum.
3387 5226 3479 5279 sccl

1914 5327 2080 5382 etiam
2127 5324 2182 5379 in
2213 5338 2324 5378 uno
2367 5328 2547 5390 potest
2598 5316 2849 5386 intelligi.
2896 5316 2970 5369 De
2998 5314 3299 5369 Jerusalem
3334 5313 3480 5365 enim

1916 5416 2183 5486 propheta
2221 5412 2397 5483 inquit
2438 5429 2451 5464 :
2494 5409 2677 5464 Inveni
2708 5415 2755 5459 te
2780 5407 3041 5458 desertam
3090 5411 3138 5457 et
3183 5403 3397 5463 nudam,
3433 5411 3483 5453 et

1919 5503 2066 5558 ind-ii
2103 5509 2151 5554 τε
2180 5501 2244 5563 ³³.
2276 5508 2333 5555 ct
2369 5506 2591 5559 caetera,
2645 5502 2901 5563 tanquam
2956 5491 3025 5546 de
3084 5504 3189 5545 una
3247 5502 3481 5559 persona

1922 5595 2260 5665 loqueretur.
