4282 6364
846 401 951 464 567

2075 396 2134 453 Β.
2179 391 2493 453 MACARII
2534 386 2851 447 IEGYl‘TlI

3996 359 4101 429 568

916 511 1054 566 XVI.
1122 510 1492 577 Interrogatio.
1524 506 1664 573 Quid
1692 514 1796 571 est,
1826 504 1973 574 quod
2011 504 2219 558 Martha
2260 501 2413 555 dixe-
2441 498 2494 556 Α
2588 497 2606 548 Ι

2411 531 2413 538 -
2441 498 2494 556 Α
2588 495 2706 561 ILT.
2727 493 3058 560 Ἐρώτησις.
3093 488 3156 540 Τί
3188 489 3334 539 ἐστιν
3364 485 3448 554 δή
3487 482 3685 550 Μάρθα
3724 477 3846 533 εἷπε
3882 478 3962 547 τῷ
3990 480 4102 529 Κυ-

853 617 933 660 rat
963 604 1195 660 Domino
1226 602 1292 655 de
1327 601 1524 654 Maria:
1575 600 1686 669 Ego
1720 600 1782 651 de
1814 599 1991 651 multis
2018 597 2244 650 sollicita
2278 610 2418 658 sum,

853 706 900 748 et
935 697 1043 747 haec
1071 692 1264 746 assidet
1298 689 1434 742 tibi?

920 785 1224 854 Responsio.
1263 780 1415 845 Quod
1451 777 1687 832 debebat
1736 776 1919 831 dicere
1968 775 2131 828 Maria
2176 774 2421 837 Marthae,

854 876 907 931 id
937 876 1197 930 Dominus
1242 885 1648 943 praeoccupans,
1693 870 1869 923 eidem
1915 868 2071 931 dixit,
2126 866 2271 934 quod
2308 865 2420 927 illa,

851 968 1108 1023 omnibus
1142 966 1367 1027 relictis,
1403 963 1621 1015 sederet
1658 962 1722 1014 ad
1764 961 1929 1029 pedes
1958 958 2195 1020 Domini,
2224 973 2284 1010 ac
2315 957 2425 1009 Deo

856 1058 1207 1112 bcnedieerct
1250 1064 1359 1109 tota
1390 1054 1498 1108 die.
1527 1054 1688 1107 Vides
1743 1051 2020 1106 assidcndi
2074 1050 2423 1109 benclit'ium,

856 1164 956 1218 pro
999 1147 1293 1201 dilectione
1335 1144 1544 1196 datum.
1594 1143 1661 1197 Ut
1711 1153 1889 1194 autem
1921 1141 2124 1194 clarius
2168 1146 2428 1208 appareat

858 1240 1085 1293 verbum
1142 1238 1259 1295 Dei,
1314 1235 1462 1288 audi.
1516 1234 1571 1287 Si
1624 1233 1745 1303 quis
1784 1233 1958 1300 diligit
2008 1231 2212 1285 JCSlllll.
2267 1229 2429 1297 eique

859 1330 1089 1384 attendit
1125 1328 1344 1381 assidue
1385 1342 1532 1387 vero,
1558 1335 1611 1379 et
1652 1340 1757 1376 non
1799 1324 2023 1376 remisse
2055 1324 2307 1380 attendit,
2334 1318 2426 1373 sed

860 1430 1177 1489 perseverat
1209 1432 1426 1485 quoque
1460 1416 1511 1467 in
1550 1414 1843 1467 dilectione
1902 1413 2008 1480 jam
2055 1412 2197 1463 Deus
2230 1410 2431 1479 cegitat

863 1527 960 1580 pro
993 1509 1286 1562 dilectione
1320 1507 1409 1558 illa
1443 1506 1573 1558 dare
1606 1503 1809 1571 aliquid
1845 1503 1917 1554 illi
1944 1518 2155 1563 ammte,
2182 1499 2431 1567 quamvis

863 1602 1026 1653 homo
1060 1598 1285 1659 nesciat,
1307 1596 1435 1666 quid
1462 1606 1788 1671 accepturus
1816 1597 1905 1656 sit,
1932 1602 2027 1645 aut
2051 1593 2265 1659 qualem
2302 1606 2431 1661 por-

863 1691 1071 1743 tionem
1111 1688 1254 1741 Deus
1282 1688 1579 1756 largiturus
1618 1687 1683 1739 sit
1723 1685 1935 1738 animm.
1967 1684 2033 1735 Et
2062 1699 2189 1735 sane
2217 1683 2429 1745 Μαι-ἰαὶ,

865 1798 983 1851 quze
1005 1780 1264 1849 diligebat
1304 1794 1450 1839 eum,
1477 1787 1531 1831 et
1567 1778 1843 1831 assidebat
1875 1775 2108 1845 pedibus
2153 1776 2291 1843 ejus,
2319 1788 2429 1825 non

2529 587 2631 658 ρίῳ
2662 585 2788 654 περὶ
2830 584 2926 651 τῆς
2970 579 3209 649 Μαρίας,
3236 578 3316 629 ὅτι
3346 574 3488 644 Ἐγὼ
3522 575 3723 643 κάμνω
3747 575 3835 637 εις
3878 570 4101 633 πολλὰ,

2524 675 2623 729 καί
2651 675 2802 739 αὕτη
2830 666 3288 739 παρακαθέζετίιί
3317 680 3416 719 σοι
3442 682 3459 730 ;

2606 763 3041 831 Ἀπόκρισις.“0
3067 760 3297 827 ὤφειλεν
3328 758 3496 809 εἰπεῖν
3520 756 3552 823 ἠ
3575 752 3762 823 Μαρία
3786 754 3851 821 τῇ
3876 750 4102 819 Μάρθα,

2522 859 2552 911 6
2599 857 2804 925 Κύριος
2843 853 3129 924 προλαϐὼν
3169 844 3321 901 εἶπεν
3362 849 3519 915 αὐτῇ,
3551 848 3632 898 ὃτι
3672 843 3848 897 πάντα
3887 842 4107 909 ἀφῆκεν

2525 950 2704 1017 ἐκείνη
2727 988 2739 1009 ,
2778 948 2868 1000 καὶ
2901 945 3050 1015 παρὰ
3092 946 3218 1006 τοὺς
3262 942 3425 1002 πόδας
3462 939 3695 1007 ἐκάθητο
3737 935 3829 988 τοῦ
3863 934 4104 1002 Κυρίου,

2526 1044 2620 1096 καὶ
2646 1043 2738 1094 τὸν
2760 1041 2889 1092 Θεὸν
2922 1038 3129 1103 εὐλόγει
3161 1035 3285 1105 ὃλην
3315 1032 3413 1103 τὴν
3447 1032 3678 1101 ἡμέραν.
3718 1028 3879 1097 Ὁρᾷς
3903 1042 4108 1095 προσε-

2530 1134 2715 1204 δρείαν
2741 1132 2877 1200 ὑπὲρ
2908 1130 3145 1197 ἀγάπης.
3169 1128 3283 1179 ’Ὶνα
3308 1125 3362 1178 δέ
3396 1124 3725 1192 σαφέστερον
3757 1120 3785 1171 6
3824 1118 3983 1183 λόγος
4014 1114 4107 1168 τοῦ

2527 1225 2660 1279 Θεοῦ
2686 1222 2949 1291 φωτισθῇ,
2971 1222 3221 1273 ἄκουσον.
3250 1218 3316 1268 Et
3336 1232 3418 1277 τις
3436 1213 3624 1281 ἀγαπᾷ
3645 1211 3735 1263 τὸν
3759 1208 3989 1276 Ἰησοῦν,
4016 1206 4112 1257 καὶ

2530 1316 2781 1384 προσέχει
2818 1311 2965 1378 αὑτῷ
2993 1310 3167 1379 ὀρθῶς
3201 1308 3295 1360 καὶ
3320 1306 3415 1373 οὐχ
3445 1303 3631 1364 ἀπλῶς
3661 1300 3936 1369 προσέχει,
3971 1295 4113 1350 ἀλλὰ

2528 1406 2621 1457 καὶ
2652 1402 2957 1471 παραμένει
2990 1402 3049 1450 ἐν
3084 1400 3149 1464 τῇ
3179 1395 3392 1463 ἀγάπῃ,
3423 1394 3523 1462 ήδη
3556 1390 3651 1443 καὶ
3677 1391 3705 1442 6
3733 1388 3861 1450 Θεὸς
3891 1386 4112 1453 λογίζε-

2528 1511 2616 1544 ται
2666 1493 2785 1543 ἀντὶ
2823 1490 2919 1557 τῆς
2960 1487 3183 1554 ἀγάπης
3238 1482 3452 1549 ἐκείνης
3492 1479 3673 1533 δοῦναί
3721 1495 3771 1530 τι
3814 1476 4001 1544 ἐκείνῃ
4044 1475 4112 1542 τῇ

2528 1582 2698 1651 ψυχῇ,
2732 1582 2778 1631 εί
2814 1580 2905 1632 καὶ
2936 1580 2963 1629 6
2994 1577 3278 1645 ἄνθρωπος
3310 1573 3411 1624 οὐκ
3444 1567 3551 1623 οἶδε
3591 1569 3645 1620 τί
3684 1566 3862 1635 μέλλει
3893 1563 4116 1634 λαμϐά-

2530 1690 2663 1735 νειν,
2704 1671 2738 1739 ἦ
2771 1672 2924 1721 ποῖον
2968 1668 3130 1736 μέρος
3168 1664 3348 1733 μέλλει
3379 1664 3408 1714 6
3441 1660 3571 1723 Θεὸς
3616 1660 3814 1711 διδόναι
3838 1659 3904 1723 τῇ
3936 1655 4113 1723 ψυχῇ.

2532 1764 2645 1816 Καὶ
2673 1764 2741 1831 τῇ
2780 1760 2970 1829 Μαρία
3014 1758 3123 1827 γὰρ
3150 1753 3420 1822 ἀγαπὼσῃ
3446 1751 3630 1815 αὑτὸν,
3664 1749 3757 1802 καὶ
3785 1748 4116 1813 παρακαθε-

866 1871 1185 1940 simpliciter
1214 1884 1271 1924 se
1300 1867 1582 1937 adjunxit;
1619 1867 1710 1919 sed
1736 1840 1995 1918 virtu-tem
2021 1865 2093 1917 illi
2136 1840 2425 1931 quamdam
2462 1843 2503 1899 Β
2538 1854 2557 1918 ζ

2462 1843 2503 1899 Β
2538 1854 2736 1923 ζομένῃ
2766 1851 2917 1920 παρά
2947 1849 3074 1909 τοὺς
3119 1847 3285 1908 πόδας
3323 1842 3489 1895 αὑτοῦ
3513 1884 3527 1906 ,
3572 1842 3670 1910 οὐχ
3702 1840 3888 1900 ἀτελῶς
3942 1854 4118 1905 προσ⁸

866 1964 1133 2017 occultam
1158 1978 1220 2015 ex
1248 1975 1344 2014 sua
1366 1959 1667 2012 substantia
1698 1958 1949 2011 contulit.
1972 1956 2266 2011 Sermones
2283 1956 2431 2008 enim

870 2062 1069 2121 quibus
1109 2051 1491 2119 alloquebatur
1520 2051 1663 2103 Deus
1693 2050 1745 2101 in
1798 2049 1984 2116 quiete
2034 2047 2276 2108 Mariam,
2328 2046 2432 2113 Spi-

871 2147 1008 2198 ritus
1033 2153 1182 2197 craut
1210 2152 1259 2196 et
1281 2142 1451 2195 virtus
1471 2140 1733 2209 quaedam.
1762 2139 1936 2207 Hique
1970 2153 2250 2193 sermones
2272 2152 2435 2205 pene-

873 2236 1085 2288 trabant
1115 2248 1229 2295 cor,
1292 2240 1344 2283 et
1403 2232 1582 2284 anima
1610 2231 1866 2292 animam,
1903 2228 2131 2297 spiritus
2158 2228 2435 2295 spiritum,

874 2337 928 2381 et
990 2327 1167 2378 virtus
1207 2324 1390 2377 divina
1448 2321 1917 2389 multiplicabatur
1971 2320 2024 2371 in
2072 2320 2235 2372 cordo
2300 2320 2436 2386 ejus.

872 2415 1186 2471 Necessario
1218 2414 1362 2468 enim
1416 2414 1589 2466 virtus
1625 2412 1734 2473 illa,
1765 2426 2098 2480 quocunque
2134 2411 2437 2470 diverterit,

876 2507 988 2560 illic
1019 2513 1351 2575 perseverat.
1386 2504 1537 2556 velut
1580 2501 1871 2570 possessio,
1920 2516 2039 2568 qua:
2092 2500 2289 2553 auferri
2343 2515 2440 2552 nc-

880 2597 1018 2664 quit.
1064 2594 1245 2659 Quare
1314 2593 1577 2645 Dominus
1628 2590 1732 2644 sibi
1771 2590 2039 2649 conscius,
2092 2588 2219 2656 quid
2267 2589 2444 2641 Maria:

876 2684 1217 2743 contulisset,
1246 2683 1320 2735 ait
1352 2700 1366 2735 :
1398 2682 1571 2735 Maria
1630 2682 1883 2744 Optimam
1918 2687 2122 2747 partem
2166 2678 2318 2746 elegit
2376 2678 2441 2730 “.

876 2779 994 2833 Non
1021 2792 1092 2829 ita
1116 2777 1274 2842 longe
1305 2784 1513 2842 postea,
1540 2786 1660 2840 qua:
1711 2770 1977 2823 benevole
2031 2777 2214 2837 egerat
2239 2768 2444 2821 Martha

878 2872 1022 2924 circa
1072 2867 1464 2927 ministerium,
1517 2869 1910 2931 promoverunt
1967 2875 2085 2913 eam
2128 2860 2194 2911 ad
2241 2858 2445 2911 donum

882 2960 1013 3012 illud
1046 2958 1251 3028 grati-.9.
1287 2957 1379 3008 Illa
1421 2954 1569 3007 enim
1592 2958 1888 3004 consecuta
1910 2958 1993 3003 est
2019 2949 2278 3001 virtutem
2310 2946 2448 2999 divi-

880 3063 1003 3100 nam
1037 3048 1088 3099 in
1111 3048 1311 3099 anima.

950 3138 1111 3192 XVII.
1148 3138 1213 3189 Et
1251 3150 1380 3187 sane
1405 3132 1535 3201 quid
1561 3130 1784 3191 mirum,
1817 3129 1862 3182 si
1919 3128 2011 3196 qui
2058 3127 2327 3180 accedunt
2380 3125 2443 3177 ad
2474 3179 2513 3201 Π

2537 1944 2693 2012 ετέθη
2716 1985 2727 2007 ,
2761 1941 2894 1995 ἀλλὰ
2929 1938 3162 2006 δύναμίν
3187 1954 3309 1987 τινα
3337 1932 3681 2002 κρυφιμαίαν
3713 1932 3773 1980 ἐκ
3814 1929 3913 1992 τῆς
3948 1926 4118 1980 αὑτοῦ

2536 2037 2722 2095 οὐσίας
2756 2033 2953 2085 ἔδωκεν
2989 2030 3149 2097 αὐτῇ.
3186 2026 3351 2078 Αὐτοὶ
3388 2025 3497 2095 γὰρ
3527 2023 3578 2075 ot
3608 2021 3775 2086 λόγοι,
3809 2018 3901 2077 οὒς
3938 2018 4120 2069 ἐλάλει

2536 2128 2564 2179 6
2593 2125 2724 2187 Θεὸς
2756 2124 2893 2192 μετά
2914 2121 3134 2190 εἰρήνης
3178 2119 3243 2185 τῇ
3276 2114 3489 2184 Μαρία,
3545 2111 3830 2180 πνεύματα
3858 2105 4001 2177 ἦσαν
4030 2107 4122 2156 καὶ

2538 2215 2764 2283 δύναμίς
2793 2229 2897 2274 τις·
2931 2210 3026 2263 καὶ
3059 2204 3203 2262 οὗτοι
3230 2209 3277 2259 οἱ
3316 2205 3464 2272 λόγοι
3491 2200 3867 2271 εἰσερχόμενοι
3911 2199 3991 2257 είς
4022 2196 4122 2262 τὴν

2540 2310 2803 2378 καρδίαν,
2835 2306 2980 2375 ψυχὴ
3013 2304 3091 2366 είς
3120 2302 3298 2372 ψυχὴν
3320 2342 3334 2365 ,
3385 2301 3478 2353 καὶ
3508 2297 3725 2366 πνεῦμα
3759 2296 3840 2358 είς
3875 2291 4120 2362 πνεῦμα,

2543 2401 2636 2455 καὶ
2675 2399 2904 2466 δύναμις
2958 2394 3116 2465 θεῖκὴ
3164 2392 3468 2461 ἐπληροῦτο
3500 2392 3580 2452 είς
3614 2388 3714 2458 τὴν
3751 2386 3985 2455 καρδίαν
4022 2385 4119 2436 αὖ-

2542 2492 2664 2560 τῆς.
2708 2488 2797 2553 Ἐξ
2827 2488 3071 2555 ἀνάγκης
3100 2487 3207 2554 γάρ
3235 2483 3421 2551 ἐκείνη
3447 2484 3480 2551 ἡ
3506 2480 3754 2548 δύναμις,
3786 2479 3921 2530 ὅπου
3951 2492 4121 2527 κατα-

2545 2580 2695 2633 λύσει
2735 2579 3047 2648 παράμονος
3079 2575 3345 2643 γίγνεται,
3392 2572 3465 2634 ὡς
3510 2571 3696 2639 κτῆμα
3734 2568 4122 2635 ἀναφαίρετον.

2547 2672 2644 2725 Διὰ
2670 2672 2826 2723 τοῦτο
2849 2672 2877 2722 ὁ
2905 2668 3107 2737 Κύριος
3159 2659 3315 2726 εἰδὼς
3341 2664 3393 2716 τί
3427 2663 3626 2715 ἔδωκεν
3646 2662 3803 2728 αὐτῇ,
3830 2653 3975 2719 εἷπε,
4002 2659 4127 2708 Ma-

2541 2766 2643 2831 ρία
2674 2763 2789 2826 τὴν
2819 2759 3016 2825 καλὴν
3046 2757 3259 2826 μερίδα
3284 2754 3625 2817 ἐξελέξατο.
3658 2750 3811 2803 Μετά
3839 2748 3893 2800 δέ
3930 2746 4126 2816 καιρὸν

2549 2858 2730 2909 ἐκεῖνα
2774 2855 2809 2906 ἀ
2861 2851 3035 2904 ἐποίει
3098 2846 3396 2917 προθύμως
3444 2844 3574 2915 περὶ
3616 2845 3716 2912 τὴν
3763 2840 4044 2893 διακονίαν
4092 2840 4126 2907 ἡ

2548 2945 2747 3014 Μάρθα
2768 2984 2780 3004 ,
2812 2944 3041 3013 ἦνεγκεν
3092 2939 3262 3007 αὐτὴν
3306 2939 3387 2998 είς
3414 2936 3475 2987 τὸ
3508 2935 3751 3004 χάρισμα
3785 2933 3983 2983 ἐκεῖνο.
4015 2930 4128 2983 Καὶ

2558 3037 2695 3104 αὐτὴ
2726 3037 2834 3101 γὰρ
2877 3032 3092 3094 ἐδέξατο
3113 3029 3337 3097 δύναμιν
3373 3026 3556 3094 θεῐκὴν
3579 3027 3642 3093 τῇ
3678 3023 3823 3092 ψυχῇ
3856 3022 4054 3090 αὐτῆς.

2625 3128 2724 3179 lZ'.
2774 3124 2885 3175 Kal.
2933 3122 2983 3174 τί
3013 3120 3361 3190 θαυμαστὸν,
3393 3119 3441 3168 εἰ
3479 3117 3528 3168 οἱ
3571 3113 4005 3185 προσερχόμενοι
4054 3111 4132 3181 τῷ

880 3228 1191 3290 Dominum,
1253 3224 1414 3292 eique
1442 3223 1802 3290 corporaliter
1834 3220 2260 3287 conjunguntur,
2296 3232 2446 3270 rece-
2472 3185 2514 3238 (λ
2551 3220 2571 3270 ίι

2441 3185 2514 3256 ιε
2551 3216 2738 3285 Κυρίῳ
2761 3255 2774 3277 ,
2814 3214 2908 3265 καὶ
2946 3185 3415 3283 προσκολλώμενοι
3452 3204 3776 3275 σωματικῶς
3823 3202 4132 3270 ἐλάμϐανον

885 3328 1080 3389 perunt
1107 3318 1392 3376 virtutem,
1444 3328 1591 3376 cum,
1647 3312 1909 3380 apostolis
1943 3308 2292 3377 loquentibus
2327 3323 2447 3359 ver-

882 3410 1012 3463 bum
1046 3408 1162 3472 Dei,
1195 3406 1458 3461 ceciderit
1508 3419 1673 3473 super
1707 3403 1995 3457 credentcs
2022 3401 2292 3469 Spiritus?
2317 3400 2448 3453 Cor-

884 3499 1061 3553 nelius
1093 3513 1159 3552 ex
1205 3496 1373 3550 verbo
1406 3494 1521 3553 Dei,
1555 3492 1701 3561 quod
1741 3492 1973 3553 audivit,
2031 3489 2241 3557 accepit
2271 3488 2449 3541 virtu-

888 3599 993 3643 tem
1018 3606 1030 3641 :
1062 3599 1269 3656 quanto
1297 3586 1489 3654 magis,
1517 3600 1642 3637 cum
1678 3584 1941 3636 Dominus
1977 3582 2298 3648 loqueretur
2328 3594 2451 3632 cum

890 3682 1073 3742 Maria,
1107 3692 1199 3731 aut
1227 3676 1508 3738 Zaccham,
1534 3682 1627 3728 aut
1655 3673 1980 3743 peccatrice,
2006 3688 2127 3740 qua:
2152 3671 2261 3742 49
2284 3672 2456 3738 passis

889 3771 1095 3840 capillis
1148 3767 1491 3836 abstergebat
1545 3765 1710 3833 pedes
1764 3763 2011 3825 Domini,
2050 3772 2144 3814 aut
2204 3777 2327 3814 eum
2361 3760 2457 3814 Sa-

892 3859 1171 3912 maritana,
1227 3862 1320 3909 aut
1360 3855 1591 3917 latrone,
1648 3867 1865 3922 egressa
1894 3860 1979 3905 est
2036 3853 2232 3913 virtus,
2258 3861 2313 3903 et
2343 3866 2460 3917 per-

892 3946 1085 3998 mistns
1122 3956 1204 3999 est
1233 3958 1355 3995 cum
1385 3956 1574 3994 eorum
1614 3939 1794 3992 anima
1826 3937 2065 4007 Spiritus
2119 3948 2341 3991 sanctus
2372 3938 2414 3967 ³³
2442 3938 2454 3989 l

892 4037 1043 4091 Nunc
1080 4049 1297 4102 quoque
1348 4032 1441 4100 qui
1501 4032 1672 4083 Deum
1705 4044 1890 4081 amore
1923 4037 2354 4097 prosequuntur,
2382 4035 2457 4090 et,

894 4126 1099 4180 relnzlis
1131 4124 1414 4185 omnibus,
1444 4122 1497 4175 in
1518 4121 1765 4174 oratione
1791 4128 2164 4188 perseverant,
2194 4118 2463 4171 docentur

895 4228 1123 4275 secreto.
1174 4230 1293 4280 qurc
1336 4228 1444 4265 non
1520 4219 1807 4264 noverant.
1884 4210 2005 4277 lpsa
2057 4208 2202 4263 enim
2260 4208 2465 4262 veritas

896 4305 1199 4361 secundum
1231 4304 1447 4357 illorum
1480 4301 1818 4372 propositum
1852 4307 2077 4368 apparet
2125 4298 2256 4361 illis,
2279 4308 2333 4353 et
2364 4297 2457 4352 doc

897 4407 981 4451 cct
1019 4413 1134 4451 eos.
1175 4395 1286 4465 Ego
1314 4412 1429 4445 sum
1471 4394 1667 4446 veritas
1688 4392 1753 4444 “.
1791 4391 1859 4444 Et
1914 4391 2013 4459 ipsi
2050 4404 2275 4458 quoque
2331 4404 2465 4458 apo-

2546 3308 2797 3375 δύναμιν,
2834 3304 2995 3356 ὁπότε
3025 3304 3073 3354 οἱ
3101 3300 3386 3354 ἀποστόλοι
3417 3299 3640 3350 ἐλάλουν
3664 3296 3841 3363 λόγον,
3877 3295 3975 3346 καὶ
4008 3292 4130 3344 επι-

2548 3414 2678 3451 πτεν
2719 3394 2811 3447 ἐπὶ
2855 3394 2983 3456 τοὺς
3030 3391 3381 3450 πιστεύοντας
3423 3389 3484 3439 τὸ
3522 3386 3749 3456 Πνεῦμα
3786 3387 3846 3437 τὸ
3876 3384 4071 3449 ἆγιονς
4105 3383 4132 3433 6

2549 3488 2848 3558 Κορνήλιος
2884 3486 2951 3538 ὲκ
2989 3483 3083 3536 τοῦ
3116 3483 3273 3549 λόγου
3308 3476 3367 3533 οὗ
3396 3482 3625 3549 ἤκουσεν
3656 3477 3846 3529 ἔλαϐεν
3876 3476 4129 3542 δύναμιν·

2555 3582 2707 3649 πόσῳ
2735 3578 2933 3647 μᾶλλον
2962 3577 2990 3627 6
3020 3575 3223 3643 Κύριος
3253 3574 3341 3625 ὅτε,
3373 3571 3551 3624 ἐλάλει
3581 3570 3737 3637 λόγον
3765 3571 3830 3638 τῇ
3857 3567 4072 3637 Μαρία,
4100 3564 4133 3635 ἢ

2554 3670 2634 3741 τῷ
2658 3668 2930 3737 Ζακχαίῳ,
2954 3665 2987 3735 ἢ
3009 3667 3074 3733 τῇ
3096 3661 3425 3731 ἁμαρτωλῷ,
3452 3662 3574 3731 ἥτις
3596 3660 3869 3714 λιπάνασα
3887 3657 3987 3720 τὰς
4018 3656 4136 3727 τρί-

2555 3779 2678 3831 χας,
2707 3761 2995 3827 ἀπέμασσε
3023 3757 3147 3818 τοὺς
3183 3756 3349 3818 πόδας
3376 3754 3470 3807 τοῦ
3502 3754 3709 3822 Κυρίου
3734 3769 3748 3783 ·
3779 3752 3811 3821 ἢ
3846 3754 3910 3820 τῇ
3944 3752 4135 3819 Σαμα-

2560 3852 2741 3926 ρίτιδι,
2773 3850 2805 3920 ἢ
2852 3847 2929 3917 τῷ
2957 3846 3125 3916 λῃστῇ
3149 3886 3163 3909 ,
3201 3846 3449 3913 ἐγίγνετο
3490 3843 3719 3912 δύναμις
3739 3883 3752 3905 ,
3786 3841 3878 3894 καὶ
3907 3857 4136 3892 συνεκε-

2564 3941 2735 4012 ράσθη
2782 3941 2901 4001 ταῖς
2931 3938 3131 4007 ψυχαῖς
3167 3934 3347 3987 αὐτῶν
3376 3935 3437 3986 τὸ
3471 3933 3695 4001 Πνεῦμα
3724 3931 3783 3985 τὸ
3811 3931 3986 3998 ᾶγιον.
4029 3929 4139 3981 Καὶ

2561 4032 2655 4084 νῦν
2700 4031 2751 4083 oi
2793 4029 3115 4096 ἀγαπῶντες
3147 4027 3236 4078 τὸν
3282 4025 3413 4077 Θεὸν
3438 4066 3451 4088 ,
3498 4025 3590 4076 καὶ
3631 4022 4138 4089 καταλιμπάνοντες

2565 4121 2762 4183 πάντα,
2796 4118 2891 4169 καὶ
2924 4119 2989 4183 τῇ
3022 4116 3153 4184 εύχῇ
3192 4112 3754 4184 προσκαρτεροῦντες,
3790 4110 4140 4161 διδάσκονται

2565 4210 2622 4261 ἐν
2647 4206 2906 4278 κρυπτῷ,
2933 4204 2969 4258 ἃ
2997 4204 3095 4256 οὑκ
3120 4203 3344 4256 οἴδασιν*
3380 4200 3519 4271 αὐτὴ
3546 4200 3652 4269 γὰρ
3679 4201 3710 4268 ἡ
3740 4198 3970 4267 ἀλήθεια
4000 4196 4142 4249 κατά

2565 4301 2664 4369 τὴν
2692 4298 3012 4368 προαίρεσιν
3054 4295 3234 4347 αὐτῶν
3282 4292 3611 4361 φανεροῦται
3638 4293 3843 4351 αὐτοῖς.
3868 4291 3960 4341 καὶ
3989 4290 4140 4341 διδά-

2570 4407 2687 4444 σκει
2706 4389 2921 4449 αὐτοὺς,
2950 4388 3032 4439 ὅτι
3054 4386 3195 4453 Ἐγὼ
3214 4387 3329 4451 ειμι
3351 4384 3389 4450 ἡ
3412 4382 3681 4447 ἀλήθεια.
3707 4382 3819 4434 Καὶ
3854 4382 4010 4433 αὐτοὶ
4035 4381 4142 4449 γάρ

899 4487 1021 4539 stoli
1049 4496 1174 4539 ante
1204 4484 1510 4553 passionem
1542 4481 1685 4551 apud
1716 4481 2005 4533 Dominum
2036 4488 2464 4549 perseverantes,
2500 4519 2544 4574 υ
2569 4497 2590 4533 c

2451 4518 2464 4574 ,
2500 4519 2544 4574 D
2569 4482 2627 4574 οί⁸
2647 4477 2933 4574 ἀπόστολοι
2964 4477 3070 4545 πρὸ
3095 4473 3189 4574 τρῦ
3222 4471 3997 4574 σταυροῦκπαραμένοντεςτιῖ)
4030 4465 4142 4574 Knu-

903 4576 1157 4629 viderunt
1191 4574 1435 4642 prodigia
1459 4588 1669 4640 magna,
1689 4571 1897 4624 scilicet
1922 4586 2031 4638 quo
2054 4578 2215 4637 pacto
2258 4569 2463 4637 leprosi

902 4666 1297 4720 mundarentur
1354 4673 1407 4717 et
1462 4661 1661 4716 mortui
1722 4662 2181 4715 resuscitarentur
2237 4659 2303 4712 ³⁷.
2356 4659 2471 4714 Nec

904 4767 1084 4810 tamen
1123 4760 1498 4823 cognoverunt
1544 4750 1820 4819 quomodo
1845 4755 2266 4803 convcrsaretur
2299 4744 2471 4799 virtus

905 4845 1111 4899 divina.
1141 4853 1236 4895 aut
1278 4841 1613 4894 ministraret
1667 4840 1719 4892 in
1771 4838 1969 4903 corde;
2005 4848 2061 4893 et
2107 4838 2253 4908 quod
2312 4836 2473 4905 spiri-

903 4936 1127 4990 tualiter
1157 4932 1365 4987 renasci
1391 4942 1447 4986 et
1471 4931 1765 5000 temperari
1790 4947 1913 4985 cum
1943 4932 2121 4985 anima
2143 4928 2349 4986 caelesti
2379 4943 2474 4984 eos

908 5031 1180 5093 Oporteat,
1239 5040 1299 5077 ac
1384 5023 1500 5077 ﬁeri
1565 5038 1760 5076 novam
1839 5033 2168 5078 creaturam.
2244 5023 2476 5092 Propter

910 5119 1062 5185 signa
1116 5132 1245 5168 vero
1277 5157 1290 5177 ,
1350 5131 1469 5184 quae
1522 5115 1776 5180 faciebat,
1811 5116 2109 5185 diligebant
2159 5116 2472 5170 Dominum.

912 5208 1151 5261 Tandem
1179 5206 1443 5259 Dominus
1466 5206 1603 5260 dixit
1628 5207 1741 5261 eis:
1773 5206 1908 5271 Quia
1934 5208 2276 5260 admiramim‘
2301 5209 2476 5277 signa.

914 5303 1269 5353 hwreditatem
1298 5317 1547 5370 magnam
1578 5300 1642 5353 do
1670 5303 1829 5363 vobis,
1864 5317 2025 5367 quam
2052 5317 2155 5353 non
2186 5300 2335 5353 habet
2364 5300 2483 5353 unio

916 5408 1093 5445 versus
1127 5392 1371 5443 mundus.

986 5479 1409 5535 XVlll.Tandiu
1460 5494 1590 5534 vero
1659 5480 1775 5534 haec
1816 5482 1979 5535 verba
2039 5480 2145 5534 illis
2200 5480 2484 5549 peregrina

919 5566 1159 5627 fuerunt,
1188 5564 1363 5620 donec
1394 5568 1634 5621 surrexit
1667 5582 1696 5620 a
1726 5569 1977 5633 mortuis,
2019 5579 2074 5622 et
2098 5557 2294 5622 extulit
2352 5582 2479 5623 cor-

994 5725 1035 5750 3'
1094 5719 1222 5771 Luc.
1252 5736 1302 5777 γ,
1346 5722 1430 5774 l9...
1508 5722 1551 5753 ³³
1576 5719 1695 5775 Act.
1726 5738 1773 5783 χ,
1819 5723 1913 5783 il;
1956 5722 2086 5775 Luc.
2119 5740 2169 5786 Χ,
2208 5723 2303 5777 είξῖ.

927 5791 967 5821 ³⁵
1019 5791 1283 5845 J0an.x.='
1358 5792 1405 5839 li.
1486 5792 1530 5821 ³⁷
1585 5791 1774 5844 Matth.
1821 5809 1889 5854 λι,
1941 5793 1967 5833 ῗί

2574 4568 2695 4637 ρίῳ,
2723 4566 2947 4617 ἔϐλεπον
2975 4566 3172 4632 σημεῖα
3203 4561 3433 4630 μεγάλα,
3465 4560 3612 4622 ὅπως
3643 4576 3703 4613 τε
3729 4558 3918 4626 λεπροὶ
3947 4558 4145 4610 ἐκαθαο

2576 4657 2804 4726 ρίζοντο,
2840 4655 2936 4707 καὶ
2959 4653 3144 4723 νεκροὶ
3180 4650 3477 4720 ἠγείροντο.
3512 4648 3617 4701 Καὶ
3653 4648 3751 4701 οὐκ
3776 4647 3997 4716 ᾔδεισαν
4028 4647 4145 4708 πῶς

2570 4744 2969 4815 ἀναστρέφεται
3009 4740 3129 4794 θεία
3170 4740 3401 4809 δύναμις
3442 4739 3535 4789 καὶ
3568 4738 3805 4789 διακονεῖ
3836 4737 3892 4787 ἐν
3919 4735 4143 4804 καρδία,

2574 4838 2667 4890 καὶ
2721 4837 2803 4888 ὅτι
2846 4833 3078 4904 ἦμελλον
3132 4828 3519 4897 πνευματικῶς
3573 4825 4008 4894 ἀναγεννᾶσθαι,
4056 4828 4145 4877 καὶ

2577 4926 2966 4996 συγκιρνᾶσθαι
3018 4926 3082 4994 τῇ
3136 4921 3440 4992 ἐπουρανίῳ
3488 4919 3667 4989 ψυχῇ,
3727 4920 3819 4971 καὶ
3863 4918 4145 4986 γίγνεσθαι

2576 5018 2736 5085 καινὴ
2776 5016 2973 5080 κτίσις,
3008 5014 3097 5067 διὰ
3128 5013 3199 5065 τὰ
3227 5012 3428 5081 σημεῖα
3473 5009 3509 5064 ἃ
3552 5010 3746 5072 ἐποίει,
3797 5009 4031 5079 ἠγάπων
4060 5011 4146 5062 τὸν

2577 5108 2800 5178 Κύριον.
2842 5106 3041 5160 Λοιπὸν
3071 5104 3099 5156 6
3129 5102 3332 5174 Κύριος
3364 5102 3549 5169 ἔλεγεν
3592 5101 3794 5163 αὐτοῖς,
3836 5100 3897 5154 Tl
3928 5101 4145 5169 θαυμά-

2578 5198 2699 5259 ζετε
2736 5197 2807 5251 τὰ
2854 5196 3106 5266 σημεῖα,
3172 5193 3579 5261 κληρονομίαν
3621 5189 3895 5259 μεγάλην
3943 5190 4145 5259 δίδωμι

2577 5286 2739 5358 ὑμῖν,
2770 5284 2852 5354 ἣν
2879 5287 2991 5340 οὐκ
3021 5286 3143 5352 ἔχει
3170 5286 3202 5337 ό
3241 5283 3466 5350 κόσμος
3495 5280 3657 5345 ὅλος.

2652 5474 2759 5533 ιιιν.
2796 5471 2995 5527 Λοιπὸν
3028 5470 3181 5523 αὐτοὶ
3222 5468 3519 5535 ἐξενίζοντο
3551 5464 3630 5526 εἰς
3664 5465 3791 5527 τοὺς
3819 5463 4014 5531 λόγους
4048 5463 4144 5514 αύ-

2581 5566 2697 5631 τοῦ,
2731 5565 2835 5628 ἒως
2872 5566 2997 5617 ὅτου
3037 5560 3234 5631 ἀνέστη
3268 5562 3331 5613 ἐκ
3369 5558 3598 5630 νεκρῶν,
3649 5559 3743 5609 καὶ
3783 5556 4053 5624 ἀνήνεγκε
4094 5552 4145 5603 τὸ

2374 5724 2497 5777 Ian.
2566 5738 2669 5786 λιι,
2712 5721 2779 5776 9;
2818 5720 2948 5775 Luc.
2997 5734 3091 5778 vn,
3122 5718 3223 5785 48;
3267 5716 3424 5773 Joan.
3466 5732 3537 5779 tv,
3574 5714 3664 5779 l4;
3714 5712 3843 5766 Luc.
3879 5728 4027 5779 unt,
4066 5712 4128 5765 45
