4282 6364
853 402 950 470 571

2072 399 2133 458 8.
2175 389 2494 457 MACARII
2535 389 2854 451 EGYPTII

3980 382 4086 448 572

854 518 1019 573 nibus
1066 524 1123 571 et
1197 511 1696 574 onsecrationibus,
1749 516 2071 578 exspectans
2129 504 2419 560 Dominum
2450 503 2489 560 Α

2450 503 2495 560 Α
2524 500 2711 569 εὐχαῖς
2737 500 2833 552 καὶ
2858 499 3094 569 δεήσεσι,
3124 496 3548 569 προσδεχόμενος
3574 496 3664 549 τὸν
3695 496 3919 566 Κύριον,
3957 497 4083 547 πότι

854 607 1076 677 quando
1100 606 1328 661 veniens
1383 601 1692 657 manifestet
1747 597 1798 653 ei
1820 611 1877 652 se
1901 598 2102 666 ipsum,
2133 602 2192 647 et
2219 606 2415 647 emun-

853 702 948 756 det
977 715 1102 754 eum
1134 704 1357 767 peccato
1387 695 1436 749 ei
1467 695 1788 748 inhaerente.

925 792 990 848 ll.
1017 792 1128 845 Nec
1172 804 1323 858 spem
1371 787 1538 841 habet
1597 784 1652 837 in
1706 780 1988 837 laboribus
2011 777 2146 836 suis.
2200 784 2258 829 et
2290 773 2416 827 vita:

855 884 1088 947 ratione,
1127 882 1303 936 donec
1329 884 1697 946 consequatur
1739 889 1859 944 quas
1884 880 2088 941 sperat.
2112 866 2290 938 quoad
2324 880 2415 919 ve-

854 976 1011 1029 niens
1036 974 1292 1029 Dominus
1312 971 1517 1025 habitet
1546 969 1598 1023 in
1620 984 1684 1022 eo
1710 968 1762 1019 in
1785 965 1929 1018 omni
1956 978 2116 1017 sensu
2143 970 2196 1014 et
2219 973 2413 1028 Opera-

857 1070 1001 1122 tione
1028 1067 1287 1136 Spiritus.
1317 1064 1561 1131 Cumque
1605 1058 1902 1130 gustaverit
1948 1054 2247 1110 bonitatem
2306 1052 2411 1104 Do-

856 1162 1013 1224 mini,
1063 1168 1119 1214 et
1174 1158 1444 1213 fructibus
1489 1154 1715 1224 spiritus
1762 1152 2063 1205 delectatus
2112 1144 2299 1205 fuerit,
2351 1157 2414 1195 ac

855 1253 1130 1305 sublatum
1211 1250 1282 1303 sit
1335 1250 1579 1302 velamen
1661 1244 2033 1302 tenebrarum,
2118 1239 2413 1301 lumenque

853 1343 1053 1397 Christi
1082 1341 1442 1410 splendescat,
1464 1348 1519 1393 et
1549 1345 1807 1407 operetur
1830 1335 1882 1387 in
1904 1332 2089 1387 laetitia
2116 1325 2374 1381 ineffabili
2397 1342 2410 1376 :

856 1447 985 1487 tunc
1016 1435 1175 1502 plene
1207 1430 1642 1490 conﬁrmabitur,
1670 1427 1878 1479 habens
1909 1439 2094 1477 secum
2124 1421 2411 1474 Dominum

855 1530 907 1581 in
945 1528 1111 1579 multa
1174 1523 1487 1583 dilectione,
1509 1518 1735 1589 perinde
1763 1534 1826 1570 ac
1858 1516 1931 1569 ibi
1966 1520 2255 1568 mercator.
2283 1512 2412 1564 dum

852 1622 1067 1673 lucrum
1130 1616 1257 1668 facit
1319 1616 1529 1666 laetatur
1579 1628 1592 1663 :
1656 1610 1853 1663 multas
1903 1616 2081 1659 tamen
2136 1602 2413 1656 molestias

853 1716 1108 1768 sustinet,
1145 1716 1198 1758 et
1238 1703 1431 1757 metuit
1460 1718 1489 1754 a
1541 1699 1846 1753 latronibus
1874 1705 1929 1749 et
1977 1694 2264 1762 spiritibus
2310 1706 2411 1744 ne-

853 1802 1059 1870 quitiae,
1102 1815 1169 1851 ne
1203 1797 1483 1850 remissior
1526 1793 1701 1845 factus
1737 1790 1928 1859 perdat
1960 1802 2203 1856 operam.
2238 1784 2412 1836 donec

852 1896 1220 1958 consequatur
1264 1898 1491 1955 regnum
1546 1883 1829 1941 malorum,
1862 1891 2151 1947 supernam
2189 1874 2411 1929 Jerusa-

852 1985 977 2036 lem.

924 2073 1005 2125 lll.
1062 2071 1427 2123 Obsecremus
1478 2064 1643 2133 igitur
1693 2076 1793 2115 nos
1828 2074 2047 2129 quoque
2098 2058 2290 2118 Deum,
2352 2065 2412 2108 ut

849 2172 1044 2219 exutos
1071 2177 1172 2215 nos
1197 2158 1366 2213 veteri
1421 2155 1661 2217 homine,
1714 2152 1903 2206 induat
1940 2149 2148 2205 caelesti
2192 2147 2413 2202 Christo

853 2274 917 2310 ex
958 2256 1061 2308 hoc
1133 2262 1397 2319 tempore,
1446 2262 1509 2302 ut
1579 2248 1632 2301 in
1686 2245 2046 2299 exsultatione
2106 2240 2411 2305 constituti,

853 2348 1039 2414 sicque
1075 2344 1143 2396 ab
1174 2358 1241 2395 co
1267 2341 1413 2393 ducti
1447 2340 1501 2392 in
1543 2353 1751 2391 summa
1798 2334 2189 2403 tranquillitate
2220 2333 2412 2386 simus.

852 2438 1033 2507 lnquit
1081 2435 1227 2489 enim
1291 2432 1575 2489 Dominus,
1624 2428 1837 2497 replere
1907 2441 2009 2479 nos
2070 2440 2192 2479 eum
2251 2423 2415 2475 vellet

853 2536 1011 2599 gustu
1056 2524 1206 2595 regni
1243 2522 1410 2576 :Sine
1444 2536 1523 2573 me
1575 2519 1704 2572 nihil
1752 2519 1960 2587 potestis
2019 2517 2186 2585 facere
2229 2516 2294 2567 ³⁹,
2348 2512 2415 2565 Ει

852 2618 1071 2687 quidem
1095 2613 1465 2683 apostolorum
1498 2626 1600 2678 ope
1630 2610 1833 2661 multos
1866 2607 2019 2659 novit
2067 2604 2409 2658 illuminare:

851 2716 1116 2763 creatura:
1162 2704 1308 2758 enim
1344 2717 1467 2755 cum
1498 2710 1680 2754 essent
1724 2699 1823 2762 illi,
1875 2711 2169 2750 conservos
2214 2695 2417 2747 educa-

852 2802 984 2853 bant
1021 2816 1033 2849 :
1064 2806 1119 2849 et
1158 2796 1377 2849 fratrem
1425 2807 1488 2846 ac
1532 2790 1700 2842 ﬁlium
1736 2788 1937 2843 Christi
1979 2787 2119 2845 ﬁeri.
2151 2793 2413 2852 prrestan-

855 2892 964 2943 tius
1000 2888 1133 2957 quid
1161 2901 1324 2955 quam
1351 2882 1531 2937 cagteri
1572 2880 1840 2940 homines,
1893 2876 2107 2931 ellicerc
2135 2892 2149 2940 ;
2179 2876 2281 2927 hoc
2309 2883 2414 2937 est,

854 2985 1030 3051 ipsum
1082 2994 1176 3033 cor
1229 2984 1284 3030 et
1335 2982 1573 3028 mentem
1622 2970 2058 3030 sanctiﬁcabant,
2131 2967 2319 3020 itidem
2360 2974 2417 3019 et

852 3074 1235 3142 cogitationes,
1274 3078 1334 3121 ut
1390 3066 1455 3119 ad
1510 3066 1681 3119 Deum
1733 3079 1828 3117 eas
1867 3062 2199 3131 dirigerent;
2231 3068 2287 3112 et
2337 3057 2416 3111 sic

852 3167 997 3218 Deus
1042 3161 1272 3231 largitur
1301 3157 1514 3211 occulte
1546 3156 1714 3207 vitam
1765 3161 1822 3207 et
1861 3167 2018 3221 apem
2062 3149 2238 3211 cordi,
2262 3164 2325 3202 ac
2356 3162 2415 3201 se
2446 3162 2489 3216 (ι

853 3256 1030 3325 ipsum
1060 3255 1111 3308 ei
1157 3254 1465 3307 committit.
1522 3250 1656 3305 Cum
1715 3245 1863 3299 enim
1896 3252 2128 3303 secreta,
2170 3240 2274 3293 hoc
2306 3247 2410 3301 est,

857 3358 1095 3400 mentem
1129 3356 1185 3398 et
1232 3344 1595 3413 cogitationes
1634 3339 1759 3409 quis
1809 3337 1918 3390 Deo
1961 3332 2201 3393 dedicat,
2262 3329 2412 3381 nulla

855 3437 960 3489 alia
986 3453 1042 3490 re
1069 3444 1163 3489 aut
1197 3435 1528 3505 cogitatione
1557 3437 1855 3498 occupatus
1888 3441 1951 3479 ac
1983 3424 2287 3482 districtus,
2319 3417 2413 3471 sed

854 3548 913 3587 se
953 3532 1128 3601 ipsum
1159 3530 1211 3584 vi
1237 3529 1467 3598 quadam
1496 3525 1758 3580 cohibens
1779 3564 1793 3586 ,
1839 3530 1967 3574 tunc
1996 3518 2262 3571 Dominus
2300 3531 2416 3584 my-

856 3624 1151 3679 steriorum
1177 3621 1498 3691 participem
1546 3617 1677 3671 facit
1708 3630 1858 3676 eum,
1882 3613 1935 3665 in
1964 3606 2322 3665 sanctimonia
2351 3620 2415 3658 ac

854 3700 1093 3785 puritate
1139 3714 1330 3774 multa,
1406 3719 1462 3765 et
1510 3708 1691 3763 cibum
1766 3705 2042 3759 ccelestem
2109 3698 2332 3753 exhibet
2355 3711 2415 3749 se

856 3818 1055 3873 Ipsum,
1107 3818 1170 3856 ac
1203 3810 1391 3870 potum
1429 3798 1788 3867 spiritualem.

924 3895 1013 3951 IV.
1041 3893 1274 3948 Perinde
1304 3908 1366 3945 ac
1402 3892 1546 3960 quis,
1579 3890 1670 3957 qui
1713 3889 1881 3941 multa
1933 3886 2099 3946 bona,
2125 3896 2321 3936 servos
2349 3894 2414 3932 ac

856 3984 998 4038 ﬁlios
1025 3982 1286 4053 possidet,
1336 3983 1501 4034 alium
1547 3980 1726 4033 cibum
1776 3976 1981 4045 pra:th
2030 3970 2413 4030 servis,alinm

858 4078 983 4130 ﬁliis
1012 4092 1078 4130 ex
1103 4074 1313 4129 semine
1360 4088 1459 4128 suo
1485 4070 1821 4140 procreatis:
1855 4066 1981 4135 quia
2025 4065 2118 4116 lilii
2152 4069 2280 4115 sunt
2307 4061 2416 4113 ha:-

857 4167 1017 4221 reiles
1069 4165 1261 4234 patris,
1291 4173 1346 4219 et
1374 4178 1496 4216 cum
1528 4178 1594 4215 eo
1619 4159 1935 4218 comedunt,
1970 4154 2177 4209 similes
2207 4152 2415 4205 scilicet

857 4255 997 4321 patri
1026 4268 1124 4306 suo
1152 4270 1164 4305 :
1207 4252 1285 4306 sic
1334 4249 1587 4305 Christus
1616 4262 1777 4300 verus
1805 4245 1894 4297 ille
1939 4243 2202 4296 Dominus
2232 4238 2412 4293 omnia

857 4341 1083 4403 creavit,
1129 4348 1185 4393 et
1236 4338 1414 4393 nutrit
1472 4334 1754 4403 improbos
1800 4347 1863 4385 ac
1920 4330 2213 4399 ingratos:
2272 4325 2414 4378 ﬁlios

856 4441 986 4479 vero
1015 4440 1151 4493 quos
1191 4422 1379 4492 genuit
1422 4436 1489 4474 ex
1540 4419 1745 4473 semine
1797 4432 1916 4477 suo,
1955 4428 2203 4483 quosque
2245 4411 2414 4481 parti-

855 4518 1005 4585 cipes
1065 4515 1191 4568 fecit
1240 4512 1426 4582 gratia:
1471 4525 1600 4573 suae,
1663 4510 1715 4561 in
1765 4509 1965 4577 quibus
2015 4505 2279 4558 formatus
2333 4508 2417 4554 est

856 4606 1136 4669 Dominus,
1199 4600 1460 4671 peculiari
1520 4598 1839 4660 refectione,
1883 4597 2163 4655 alimento,
2209 4593 2333 4644 cibo
2359 4598 2417 4643 et

853 4705 1010 4765 potu,
1036 4702 1228 4763 prmler
1252 4702 1478 4745 caeteros
1508 4689 1759 4742 homines
1783 4688 2009 4746 enutrit,
2043 4699 2105 4737 ac
2134 4683 2334 4751 pra-bet
2358 4695 2416 4734 se

857 4787 1032 4855 ipsum
1096 4785 1202 4837 illis
1266 4780 1720 4836 conversantibus
1764 4794 1888 4831 eum
1924 4786 2075 4847 patre
2122 4790 2242 4837 suo,
2273 4773 2416 4841 sicut

855 4876 929 4929 ait
990 4874 1293 4927 Dominus:
1347 4870 1447 4935 Qui
1494 4872 1593 4922 edit
1646 4885 1816 4921 meam
1891 4883 2123 4926 carnem,
2176 4872 2224 4915 et
2293 4861 2415 4913 bibit

858 4978 1029 5015 meum
1085 4961 1415 5031 sanguinem,
1472 4960 1523 5010 in
1557 4974 1635 5009 me
1670 4963 1864 5017 manet,
1925 4963 1970 5005 et
2007 4969 2097 5021 ego
2123 4952 2174 5003 in
2218 4948 2330 5011 illo,
2366 4956 2414 4999 et

856 5061 1074 5105 mortem
1106 5069 1206 5104 non
1266 5050 1449 5103 videbit
1473 5049 1536 5101 ”.
1587 5048 1687 5114 Qui
1721 5047 1867 5101 enim
1904 5044 2187 5114 possident
2229 5056 2412 5093 veram

857 5138 1251 5202 hzereditatem,
1299 5147 1554 5203 tanquam
1600 5135 1692 5189 lilii
1732 5142 1859 5187 sunt
1906 5147 1971 5184 ex
2004 5131 2163 5182 Patre
2203 5124 2412 5180 ccelesti

856 5230 1147 5298 progeniti,
1201 5238 1256 5283 et
1312 5228 1364 5281 in
1415 5228 1576 5281 domo
1628 5224 1800 5295 patris
1860 5223 1943 5276 sui
1976 5221 2201 5290 degunt,
2240 5229 2301 5271 ut
2339 5217 2417 5269 ait

858 5316 1157 5369 Dominus:
1205 5314 1389 5367 Servus
1447 5330 1549 5366 non
1577 5320 1751 5366 manet
1786 5311 1837 5362 in
1889 5310 2062 5371 domo,
2108 5305 2252 5373 ﬁlius
2295 5318 2414 5357 vero

856 5416 1027 5459 manet
1062 5408 1115 5458 in
1143 5414 1391 5459 a'ternum
1418 5406 1480 5461 ‘3.

931 5772 971 5801 ³ί³
1000 5772 1039 5824 ll
1078 5772 1200 5825 Cor.
1232 5789 1303 5836 xx,
1340 5773 1422 5824 10.
1503 5773 1546 5802 "°
1582 5771 1737 5825 Joan.
1769 5787 1855 5832 λγ,
1896 5772 1946 5824 5.

2517 590 2691 644 ἐλθὼν
2717 592 3003 659 ἐμφανίσει
3035 590 3188 659 αύτῷ
3230 589 3453 654 ἑαυτὸν,
3484 590 3577 642 καλ⁵
3605 588 3893 660 καθαρίσει
3920 587 4086 640 αὐτὸν

2516 683 2580 734 ἐκ
2610 684 2711 752 τῆς
2740 682 3053 752 ἐνοικούσης
3086 680 3237 750 αύτῷ
3265 680 3561 749 ἁμαρτίας.

2587 772 2661 835 Bﬁ'.
2685 773 2799 826 Ούκ
2818 771 3095 836 ἐπελπίζει
3122 771 3180 824 δὲ
3206 771 3301 824 ἐπὶ
3328 774 3445 833 τοῖς
3467 770 3736 840 καμάτοις
3766 767 3952 830 αὑτοῦ,
3985 768 4083 821 aut

2518 868 2579 935 τῇ
2615 866 2877 937 πολιτείᾳ,
2905 866 3010 928 ἕως
3055 859 3115 919 οὗ
3145 866 3283 936 τύχῃ
3312 865 3421 917 τῶν
3448 864 3816 933 ἐλπιζομένων
3837 902 3852 926 ,
3891 863 3997 922 ἕως
4022 855 4085 914 οὗ

2516 954 2683 1007 ἐλθὼν
2712 955 2740 1007 6
2780 955 2981 1024 Κύριος
3009 955 3207 1025 οἰκήσῃ
3235 955 3293 1006 ἐν
3344 951 3512 1021 αύτῷ,
3553 953 3611 1003 ὲν
3647 952 3793 1018 πασῃ
3826 948 4082 1015 αἰσθήσει

2516 1050 2611 1101 καὶ
2664 1047 2917 1117 ἐνεργείᾳ
2961 1047 3299 1114 Πνεύματος.
3347 1046 3459 1097 Καὶ
3503 1045 3629 1096 ὅταν
3678 1042 3940 1109 γεύσηται
3984 1038 4088 1106 τῆς

2514 1136 2882 1207 χρηστότητος
2905 1135 3001 1188 τοῦ
3028 1135 3256 1201 Κυρίου,
3280 1133 3373 1186 καὶ
3396 1135 3511 1195 τοῖς
3535 1135 3765 1201 καρποῖς
3790 1129 3885 1181 τοῦ
3918 1128 4087 1180 πνεύ-

2518 1247 2687 1297 ματος
2723 1229 3035 1297 ἐντρυφήσῃ
3060 1266 3077 1289 ,
3117 1228 3211 1280 καὶ
3243 1226 3562 1294 περιαιρεθῇ
3601 1223 3661 1275 τὸ
3689 1222 3950 1289 κάλυμμα
3992 1219 4088 1271 τοῦ

2516 1321 2760 1383 σκότους,
2794 1321 2886 1371 καὶ
2916 1320 2977 1370 τὸ
2998 1318 3114 1386 φῶς
3142 1316 3235 1369 τοῦ
3262 1314 3498 1385 Χριστοῦ
3528 1314 3774 1384 ἐλλάμψῃ
3802 1314 3893 1363 καὶ
3928 1313 4088 1379 ἐνερ-

2514 1410 2661 1481 γήσῃ
2681 1411 2738 1459 ἐν
2760 1411 2900 1478 χαρᾷ
2930 1407 3309 1476 ἀνεκλαλήτῳ,
3338 1407 3460 1457 τότε
3497 1404 3917 1473 πληροφορείται
3946 1402 4088 1469 ἔχων

2518 1499 2638 1567 μεθ’
2690 1497 2885 1552 ἑαυτοῦ
2936 1500 3029 1550 τὸν
3075 1497 3278 1565 Κύριον
3321 1498 3377 1547 ἐν
3410 1495 3575 1564 πολλῇ
3618 1498 3857 1562 στοργῇ·
3893 1492 4088 1558 ὥσπερ

2515 1591 2632 1641 ἐκεῖ
2662 1592 2691 1641 6
2718 1591 2958 1658 ἔμπορος
2987 1589 3261 1657 κερδήσας
3281 1588 3482 1655 χαίρει.
3527 1587 3739 1651 Ἀγιῗινα
3766 1585 3821 1636 δὲ
3847 1584 3964 1651 ἔχει
3992 1587 4087 1636 καὶ

2514 1680 2677 1749 φόόον
2704 1680 2811 1733 τῶν
2845 1680 2951 1733 ἀπὸ
2978 1680 3087 1731 τῶν
3130 1679 3339 1749 λῃστῶν
3366 1680 3457 1729 καὶ
3491 1678 3597 1729 τῶν
3628 1676 3958 1744 πνευμάτων
3983 1678 4086 1745 τῆς

2515 1772 2795 1840 πονηρίας,
2829 1772 2902 1840 μή
2945 1789 3031 1822 πω
3068 1770 3365 1839 χαυνωθεὶς
3395 1768 3637 1839 ἀπολέσῃ
3680 1768 3768 1820 τὸν
3810 1768 4085 1835 κάματον,

2513 1862 2618 1925 ἕως
2644 1854 2707 1914 οὗ
2737 1861 3046 1933 καταξιωθῇ
3070 1863 3129 1914 ἐν
3148 1863 3216 1931 τῇ
3243 1860 3488 1931 βασιλεία
3508 1861 3616 1911 τῶν
3641 1859 3905 1928 οὐρανῶν,
3933 1861 3993 1911 ἐν
4019 1861 4085 1928 τῇ

2511 1954 2623 2007 ἄνω
2659 1951 2723 2004 Ἱε
2732 1952 2964 2023 ρουσαλή
2973 1970 3031 2020 μ.

2584 2042 2658 2097 Γ.
2694 2044 3170 2115 Παρακαλέσωμεν
3201 2040 3295 2096 οὖν
3332 2044 3428 2096 καὶ
3470 2047 3627 2113 ἡμεῖς
3674 2045 3764 2097 τὸν
3802 2043 3957 2108 Θεδν,
3999 2045 4090 2096 ἵνα

2512 2135 2754 2204 ἀποδύσῃ
2775 2138 2923 2205 ἡμᾶς
2944 2136 3034 2187 τὸν
3058 2134 3288 2187 παλαιδν
3314 2136 3617 2204 ἄνθρωπον,
3647 2137 3738 2187 καὶ
3764 2136 3961 2205 ἐνδύσῃ
3993 2136 4084 2186 τὶν

2512 2228 2833 2299 ἐπουρανιον
2859 2228 3094 2297 Χριστὸν
3118 2227 3226 2280 ἀπὸ
3245 2227 3339 2280 τοῦ
3369 2226 3483 2289 νῦν,
3513 2229 3659 2289 ὅπως
3681 2230 3739 2279 ἐν
3765 2226 4087 2294 ἀγαλλιάσει

2512 2319 2819 2387 γενόμενοι,
2849 2320 2945 2371 καὶ
2962 2316 3131 2380 οὕτως
3156 2318 3247 2371 ὑπ’
3275 2316 3439 2370 αὑτοῦ
3460 2318 3813 2387 ὁδηγούμενοι
3838 2322 3894 2369 ἐν
3917 2318 4087 2387 πολλῇ

2514 2409 2721 2479 γαλήνῃ
2747 2408 3002 2477 ἐσόμεθα.
3025 2409 3163 2475 Φησὶ
3186 2409 3293 2479 γάρ
3323 2410 3352 2461 6
3375 2408 3596 2479 Κύριος,
3629 2400 3913 2477 πληρῶσαι
3939 2410 4090 2479 ἡμᾶς

2513 2502 2612 2570 τῆς
2636 2501 2875 2569 γεύσεως
2908 2502 3007 2570 τῆς
3036 2502 3309 2570 βασιλείας
3352 2502 3695 2571 βουλόμενος,
3726 2503 3913 2568 Χωρίς
3943 2501 4091 2569 ἐμοῦ

2515 2595 2587 2646 οὺ
2599 2594 2863 2646 δύνασθε
2880 2592 3074 2645 ποιεῖν
3092 2590 3293 2645 οὐδέν.
3322 2592 3511 2645 Καίτοι
3536 2610 3598 2659 γε
3618 2593 3705 2644 διὰ
3726 2594 3832 2643 τῶν
3860 2592 4091 2643 ἀποστὰ

2514 2684 2621 2736 λων
2641 2684 2868 2745 πολλοὺς
2894 2680 3003 2736 οἶδε
3030 2686 3308 2751 φωτίζεινο
3339 2684 3609 2753 κτίσματα
3632 2683 3737 2752 γὰρ
3765 2683 3939 2744 ὄντες,
3964 2685 4093 2744 τοὺς

2514 2776 2838 2844 ὁμοδούλους
2864 2776 3171 2846 ἐξέτρεφον·
3202 2778 3295 2828 καὶ
3324 2759 3551 2843 ἀδελφὸν
3571 2775 3667 2827 καὶ
3702 2775 3817 2825 υἱον
3847 2773 4089 2843 Χριστοῦ

2516 2866 2791 2933 γενέσθαι,
2827 2867 3087 2931 περισσόν
3116 2884 3168 2919 τι
3196 2867 3346 2936 παρά
3370 2866 3495 2927 τοὺς
3518 2864 3739 2927 λοιποὺς
3767 2864 4093 2934 ἀνθρώπους

2518 2959 2711 3018 ποιεῖν,
2744 2958 3017 3008 τουτέστιν
3046 2957 3216 3026 αὐτὴν
3245 2956 3342 3026 τὴν
3369 2957 3596 3025 καρδίαν
3614 2996 3630 3020 ,
3660 2955 3823 3007 αὐτὸν
3847 2956 3937 3007 τὸν
3963 2956 4093 3007 νοῦν

2518 3047 2818 3117 ἀφιεροῦν,
2865 3048 2961 3098 καὶ
2998 3046 3123 3109 τοὺς
3154 3046 3449 3115 λογισμοὺς
3499 3046 3771 3099 ἀνασείειν
3820 3046 3955 3116 πρὸς
4003 3046 4095 3098 τὸν

2519 3138 2671 3189 Θεόν.
2709 3138 2818 3190 Καὶ
2862 3136 3035 3199 οὕτως
3078 3140 3106 3189 6
3146 3138 3277 3199 Θεὸς
3306 3138 3488 3190 δίδωσι
3518 3135 3777 3206 κρυπτῶς
3820 3136 3967 3206 ζωὴν
4000 3138 4095 3191 καὶ

2522 3227 2773 3296 βοήθειαν
2818 3229 2899 3289 εἰς
2947 3228 3047 3295 τὴν
3097 3226 3347 3295 καρδίαν,
3401 3226 3492 3277 καὶ
3540 3226 3730 3277 ἑαυτὸν
3768 3222 4094 3290 ἐμπιστεύει

2520 3320 2679 3387 αὐτῇ.
2716 3319 2842 3371 Ὀτε
2872 3318 2981 3387 γὰρ
3015 3319 3083 3371 τά
3125 3317 3344 3387 κρυπτά
3368 3357 3382 3381 ,
3414 3316 3657 3368 τουτέστι
3705 3315 3797 3367 τδν
3829 3316 3956 3369 νοῦν
4000 3318 4097 3367 καὶ

2519 3411 2645 3472 τοὺς
2682 3410 2997 3478 λογισμοὺς,
3023 3408 3207 3462 δίδωσι
3238 3408 3315 3477 τῷ
3355 3408 3506 3477 Θεῷ,
3545 3409 3620 3477 μὴ
3658 3406 4093 3476 ἀσχολούμενος,

2523 3502 2659 3570 μήτε
2695 3500 3032 3570 ῥεμϐόμενος
3066 3499 3331 3570 ἀλλαχοῦ,
3359 3499 3474 3552 ἀλλ’
3506 3500 3697 3552 ἑαυτὸν
3738 3497 4092 3567 βιαζόμενος,

2519 3594 2640 3645 τότε
2673 3596 2703 3644 6
2751 3592 2953 3661 Κύριος
2986 3593 3303 3663 μυστηρίων
3334 3591 3476 3655 ἀξιοῖ
3507 3592 3696 3645 τοῦτον
3736 3594 3793 3644 ἐν
3841 3593 4093 3658 ἁγιότητι

2522 3686 2616 3738 καὶ
2643 3685 2973 3754 καθαρότητι
3006 3684 3247 3746 πλείονι,
3284 3685 3376 3736 καὶ
3416 3684 3625 3754 τροφὴν
3659 3682 3982 3753 ἐπουράνιον
4015 3684 4096 3734 δί-

2517 3776 2681 3827 δωσιν
2714 3775 2895 3837 αὑτὸν,
2935 3775 3028 3826 καὶ
3050 3775 3202 3843 πόμα
3224 3774 3615 3843 πνευματικόν.

2590 3869 2666 3919 Δ’.
2706 3868 2915 3935 ’Ὠσπερ
2948 3867 3044 3919 ἐὰν
3139 3883 3222 3929 τις
3262 3865 3595 3935 κεκτημένος
3631 3863 3829 3934 πολλὴν
3874 3881 4096 3934 περιου-

2522 3956 2672 4019 σίαν,
2700 3958 2795 4009 καὶ
2822 3956 3072 4021 δούλους,
3101 3957 3196 4008 καὶ
3240 3955 3404 4008 τέκνα
3430 3994 3445 4017 ,
3479 3957 3646 4025 ἄλλην
3668 3954 3874 4024 τροφὴν
3907 3956 4096 4008 δίδωσι

2518 4050 2631 4110 τοῖς
2658 4048 2884 4109 δούλοις,
2911 4047 3004 4099 καὶ
3025 4047 3191 4114 ἀλλην
3220 4047 3332 4109 τοῖς
3355 4046 3504 4107 ίδέοις
3530 4046 3740 4107 τέκνοις
3765 4049 3877 4106 τοῖς
3910 4048 3973 4097 ἐκ
3998 4045 4093 4097 τοῦ

2522 4140 2837 4208 σπέρματος
2864 4138 3253 4207 γεγενημένοις
3271 4152 3286 4167 ⁸
3323 4137 3513 4203 ἐπειδὴ
3539 4137 3613 4187 τὰ.
3638 4136 3804 4188 τέκνα
3826 4136 3929 4205 κλη
3941 4152 4097 4203 ρονο-

2523 4230 2684 4299 μοῦσι
2727 4230 2816 4281 τὸν
2847 4230 3093 4299 πατέρα,
3132 4229 3223 4280 καὶ
3260 4228 3380 4298 μετ’
3418 4227 3581 4281 αὑτοῦ
3621 4227 3914 4288 ἐσθίωσιν,
3950 4228 4097 4291 ἀφω-

2524 4320 2803 4389 μοιωμένα
2832 4318 2908 4388 τῷ
2952 4318 3121 4388 πατρὶ
3158 4318 3371 4370 αύτῶνο
3408 4317 3550 4370 οὕτω
3590 4318 3683 4369 καὶ
3720 4319 3749 4369 ό
3794 4318 4034 4384 Χριστὸς
4068 4319 4099 4368 6

2520 4410 2771 4475 ἀληθινὸς
2802 4409 3099 4478 Δεσπότης,
3136 4410 3311 4463 πάντα
3343 4409 3503 4470 αὐτὸς
3544 4409 3745 4466 ἔκτισε,
3771 4407 3865 4457 καὶ
3901 4406 4097 4475 τρέφει

2447 4495 2495 4552 D
2519 4500 2644 4561 τοὺς
2676 4499 2945 4569 πονηροὺς
2972 4499 3069 4551 καὶ
3097 4500 3442 4568 ἀχαρίστουςο
3476 4498 3545 4550 τὰ
3573 4498 3629 4549 δὲ
3662 4499 3843 4555 τέκνα,
3869 4496 3905 4548 ἂ
3937 4498 4099 4563 ἐγέν-

2521 4607 2681 4657 νησεν
2713 4592 2776 4641 ἐκ
2796 4589 2888 4641 τοῦ
2913 4590 3225 4657 σπέρματος
3252 4588 3439 4652 αὐτοῦ,
3466 4590 3555 4640 καὶ
3581 4584 3661 4649 οἷς
3694 4587 4000 4655 μετέδωκεν
4032 4590 4097 4639 ἐκ

2518 4679 2620 4747 τῆς
2648 4680 2869 4748 χαρίτος
2896 4678 3080 4741 αὑτοῦ,
3108 4680 3165 4730 ἐν
3190 4674 3271 4742 οἷς
3298 4678 3595 4748 ἐμορφώθη
3634 4677 3663 4727 6
3693 4676 3919 4745 Κύριος,
3955 4676 4098 4729 ἰδίαν

2520 4770 2826 4823 ἀνάπαυσιν
2847 4771 2943 4822 καὶ
2969 4770 3195 4839 τροφὴν,
3223 4770 3320 4821 καὶ
3352 4769 3573 4838 βρῶσιν,
3605 4769 3698 4819 καὶ
3720 4768 3901 4830 πόσιν,
3937 4770 4096 4836 παρά

2522 4858 2647 4918 τοὺς
2687 4857 2908 4920 λοιποὺς
2935 4858 3254 4925 ἀνθρώπους
3294 4858 3573 4927 ἐκτρέφει.
3602 4859 3695 4908 καὶ
3722 4856 3937 4908 δίδωσιν
3970 4858 4098 4908 ἐαυ-

2522 4946 2611 4999 τὸν
2640 4948 2822 5008 αὐτοῖς
2856 4949 3347 5018 ἀναστρεφομένοις
3378 4949 3514 5016 μετά
3536 4948 3630 4999 τοῦ
3660 4946 3863 5015 πατρὸς
3885 4948 4091 5008 αὐτῶν,

2522 5036 2597 5100 ὥς
2619 5054 2782 5108 φησιν
2808 5040 2837 5090 6
2860 5038 3082 5105 Κύριος,
3125 5040 3180 5091 '0
3209 5038 3442 5107 τρώγων
3456 5056 3576 5107 μου
3603 5038 3715 5105 τὴν
3743 5038 3963 5105 σάρκα,
3993 5040 4092 5091 καί

2523 5130 2714 5183 πίνων
2738 5147 2859 5206 μου
2890 5130 2955 5182 τὸ
2978 5128 3140 5198 αἷμα,
3169 5130 3239 5183 ἐν
3265 5131 3392 5199 ἐμοὶ
3415 5131 3603 5199 μένει,
3627 5129 3785 5199 κάγὼ
3811 5131 3881 5183 ἐν
3905 5132 4091 5195 αὐτῷ,

2523 5222 2622 5274 καί
2662 5221 2921 5275 θάνατον
2955 5224 3028 5275 οὐ
3051 5222 3137 5291 μὴ
3166 5224 3469 5291 θεωρήσει.
3501 5225 3564 5277 Oi
3597 5224 3703 5292 γὰρ
3746 5223 3965 5294 ἔχοντες
3993 5226 4093 5293 τὴν

2521 5310 2780 5381 ἀληθινὴν
2805 5312 3188 5381 κληρονομίαν,
3212 5314 3285 5375 ὡς
3307 5315 3413 5366 υἱοὶ
3442 5317 3503 5366 ἐκ
3527 5316 3737 5382 Πατρδς
3764 5318 4091 5385 ἐπουρανίου

2519 5403 2876 5471 γεγενημένοι
2903 5403 3031 5465 εἰσὶ,
3053 5405 3143 5455 καὶ
3174 5407 3253 5467 εἰς
3283 5406 3369 5457 τὸν
3392 5401 3540 5458 οἷκον
3561 5406 3653 5458 τοῦ
3681 5408 3885 5475 πατρὸς
3910 5409 4092 5459 αὐτῶν

2521 5494 2821 5561 διάγουσιν,
2839 5492 2911 5556 ὥς
2940 5510 3103 5562 φησιν
3130 5498 3157 5546 6
3181 5494 3401 5563 Κύριος,
3419 5495 3472 5548 '0
3493 5496 3711 5560 δοῦλος
3735 5499 3807 5550 ού
3826 5498 3996 5565 μένει
4022 5499 4091 5550 ἐν

2523 5583 2595 5650 τῇ
2625 5584 2801 5648 οἰκίᾳ,
2830 5587 2861 5635 ό
2878 5582 2945 5634 δὲ
2969 5585 3097 5649 υίὸς
3117 5586 3282 5654 μένει
3304 5588 3386 5653 είς
3411 5586 3517 5639 τὸν
3547 5584 3749 5639 αἰῶνα.

2022 5769 2063 5800 ⁸¹
2095 5770 2251 5823 Joan.
2282 5786 2356 5834 Vl,
2386 5769 2467 5823 54.
2550 5774 2595 5805 "
2625 5773 2777 5827 Joan.
2814 5784 2927 5832 vnt,
2958 5766 3045 5821 55.
