4282 6364
133 359 233 422 573

1344 352 1710 415 IIOMlLUE.
1743 376 1810 387 —
1840 352 2028 417 HOM.
2064 355 2218 417 XIV.

3263 356 3366 420 5H

202 467 275 521 Β.
310 467 481 537 Εἴπερ
507 464 597 518 οῦν
630 462 722 517 καὶ
742 462 906 535 ἡμεῖς
937 459 1239 533 βουλόμεθα
1263 461 1328 514 ὲκ
1357 460 1451 514 τοῦ
1480 460 1691 532 Πατρδς
1721 464 1768 521 Α
1864 463 1893 534 ε

1674 464 1768 523 :A
1864 463 1964 534 51
2005 466 2068 521 V.
2103 465 2161 521 Si
2209 465 2372 535 igitur
2400 477 2505 522 nos
2548 479 2769 537 quoque
2821 464 3052 521 velimus
3091 480 3159 523 ex
3204 467 3365 525 Patre

139 558 225 612 τοῦ
262 556 584 628 ἐπουρανίου
622 548 982 624 γεννηθῆναιῗ,
1014 552 1272 624 περισσόν
1301 569 1353 605 τι
1383 550 1536 622 παρά
1576 551 1702 613 τοὺς

138 650 356 713 δοιποὺς
418 646 739 715 ἀνθρώπους
798 644 1089 715 ὀφείλομεν
1152 645 1329 698 ποιεῖν
1351 685 1368 712 ,
1436 642 1703 715 σπουδὴν,

135 742 343 810 ἀγῶνα,
377 740 558 810 ζῆλον,
587 738 829 807 ἀγάπην,
866 737 1142 792 πολιτείαν
1170 736 1403 807 ἀγαθὴν,
1433 736 1492 789 ὲν
1521 735 1703 790 πίστει

134 834 227 886 καὶ
265 832 415 903 φόϐῳ
456 829 618 894 εῖναι,
657 830 733 895 ὡς
768 830 1081 901 βουλόμενοι
1125 828 1455 902 τηλικούτων
1484 827 1705 897 ἀγαθῶν

133 926 339 991 τυχεῖν,
383 922 479 975 καὶ
515 921 647 974 Θεδν
678 921 1107 991 κληρονομῆσαι.
1139 920 1352 987 Κύριος
1396 918 1505 989 γὰρ
1534 915 1705 987 μερίς

136 1013 245 1080 τῆς
272 1012 677 1081 κληρονομίας
693 1029 835 1081 μου,
860 1011 958 1066 καί
984 1010 1091 1065 τοῦ
1114 1010 1400 1079 ποτηρίου
1421 1027 1564 1078 μου.
1590 1007 1706 1062 Καὶ

145 1101 312 1164 δῦτως
346 1100 557 1171 βλέπων
585 1100 615 1151 ὀ
639 1098 847 1170 Κύριος
879 1100 980 1170 τὴν
1020 1099 1235 1170 ἀγαθὴν
1263 1098 1583 1170 προαίρεσιν
1612 1093 1706 1150 καὶ

148 1193 236 1261 τὴν
265 1188 541 1261 ὑπομονὴν
559 1229 575 1255 ,
610 1191 754 1243 ποιεῖ
778 1190 842 1242 τὸ
872 1190 1019 1252 έλεος
1046 1187 1233 1254 αὑτοῦ,
1279 1189 1377 1242 καὶ
1405 1188 1705 1259 καθαρίσας

148 1285 289 1352 illa;
316 1282 394 1353 τῷ
433 1281 578 1350 λόγῳ
610 1279 690 1353 τῷ
729 1280 988 1351 οὐρανίῳ,
1022 1278 1117 1333 καὶ
1160 1280 1405 1349 νοήματα
1442 1295 1705 1350 νενεκρω⁴

144 1372 305 1433 ,.ένα,
334 1370 427 1423 καὶ
455 1369 826 1439 διεφθαρμένα
844 1410 859 1434 ,
889 1368 976 1421 διὰ
1023 1368 1123 1437 τῆς
1151 1367 1322 1435 καλῆς
1356 1366 1533 1420 αὐτῶν
1572 1367 1703 1420 ἀνα-

142 1461 383 1530 στροφῆς
412 1459 506 1512 καὶ
537 1457 904 1522 διδασκαλίας,
942 1456 1344 1521 ἀναζωοποιῶν,
1379 1456 1473 1509 καὶ
1496 1457 1705 1524 ἀνεγεί-

144 1570 288 1610 ⁸οων·
318 1551 522 1620 κτίσμα
560 1550 667 1619 γάρ
700 1548 888 1618 ἕτερον
920 1549 1123 1617 κτίσμα
1154 1547 1405 1618 ἐκτρέφει
1452 1549 1545 1601 καὶ
1572 1546 1707 1610 ζωο-

141 1644 308 1695 ποιεῖ.
335 1641 547 1710 Ὠσπερ
570 1639 637 1693 τά
670 1639 963 1708 σπέρματα
989 1635 1082 1689 τοῦ
1112 1637 1283 1700 σίτου,
1310 1637 1342 1706 ἢ
1372 1637 1480 1689 τῶν
1509 1636 1708 1707 κριθῶν

1804 556 2010 611 caelesti
2040 557 2311 626 pronasci,
2340 557 2686 627 praestantius
2707 555 2841 627 quid
2871 572 3034 626 quam
3062 559 3249 613 ueteri
3268 559 3367 613 ho-

1804 647 1980 703 mines
2004 662 2166 717 agere
2192 647 2478 714 debemus,
2512 647 2735 703 studere
2760 662 2979 717 nempe,
3003 648 3359 713 contendere,

1802 738 2068 803 aemulari,
2122 737 2350 808 diligere
2384 778 2401 803 ,
2463 737 2602 793 bene
2648 738 2980 803 conversari,
3011 738 3087 802 .in
3145 737 3250 793 ﬁde
3302 753 3369 792 ac

1803 836 1951 882 metu
1975 828 2179 893 vivere,
2198 829 2344 883 velut
2364 829 2710 884 consecuturi
2744 837 2892 884 tanta
2923 828 3087 895 bona,
3117 839 3172 883 et
3196 830 3365 884 Deum

1804 917 2152 974 hereditario
2194 920 2317 989 jure
2366 919 2674 990 possessuri
2710 918 3011 975 :Domiuus
3058 921 3198 975 enim
3240 936 3367 992 pars

1803 1011 2129 1066 hareditatis
2156 1026 2285 1065 mea:
2308 1020 2357 1064 et
2380 1010 2557 1067 colicis
2586 1010 2691 1063 mei
2715 1008 2782 1064 “.
2814 1008 2884 1065 Et
2912 1010 2987 1064 ita
3015 1010 3232 1065 intuens
3258 1012 3367 1065 Do-

1804 1101 1987 1155 minus
2014 1100 2353 1169 propositum
2380 1100 2513 1154 illud
2539 1100 2763 1165 bonum,
2781 1114 2846 1155 ac
2874 1100 3239 1164 tolerantiam,
3262 1101 3367 1155 mi-

1804 1190 2158 1247 sericordiam
2192 1205 2345 1244 suam
2378 1190 2581 1245 exserit
2610 1207 2622 1243 :
2656 1204 2719 1244 ac
2737 1188 3035 1259 puriﬁcans
3068 1205 3171 1243 nos
3198 1189 3368 1244 verbo

1805 1280 2036 1346 malesti,
2084 1291 2296 1336 mentes
2320 1288 2561 1335 mortuas
2580 1295 2644 1334 ac
2675 1279 3010 1349 deperditas,
3045 1296 3142 1349 per
3169 1280 3367 1334 bonam

1807 1371 2049 1440 ipsorum
2078 1362 2445 1441 apostolOrum
2475 1371 2943 1425 conversationem
2968 1370 3367 1437 etdoctrinam,

1809 1462 2045 1517 viviﬁcat
2074 1464 2296 1517 alteram
2314 1473 2640 1517 creaturam.
2673 1462 2903 1517 Perinde
2937 1477 3000 1515 ac
3021 1463 3226 1517 semina
3250 1464 3370 1517 fru-

1806 1552 1974 1606 menti
2004 1560 2099 1604 aut
2122 1551 2313 1605 hordei
2338 1551 2521 1606 fovent
2542 1553 2735 1614 nubes,
2778 1569 2899 1621 qua:
2927 1561 3191 1608 creatura:
3218 1561 3365 1606 sunt.

1806 1646 1992 1699 Pluvia
2016 1660 2233 1715 quoque
2270 1654 2327 1700 et
2362 1644 2441 1698 sol
2482 1643 2759 1698 viviﬁcant
2785 1660 2869 1707 ea,
2916 1660 3040 1697 cum
3074 1644 3364 1713 iubentur.

142 1736 209 1787 ’νά
232 1733 393 1801 νέφη,
421 1732 696 1800 κτίσματα
716 1729 845 1783 ὄντα
868 1746 881 1760 ο
907 1732 936 1782 ό
965 1729 1118 1791 sese;
1144 1745 1201 1781 τε
1232 1729 1325 1781 καὶ
1353 1730 1381 1782 ό
1400 1728 1549 1798 ἥλιος
1578 1728 1708 1792 ζωο-
1739 1790 1779 1803 _
1806 1736 1833 1800 ς

1679 1753 1708 1776 ν
1739 1790 1779 1803 _
1806 1736 2275 1802 Quemadmodum
2307 1742 2489 1789 autem
2531 1750 2589 1789 se
2628 1734 2791 1789 habet
2839 1734 3045 1797 lumen,
3082 1732 3227 1802 quod
3274 1748 3370 1803 per

142 1790 739 1890 πεσοῦσινκελευόμενα.
767 1821 978 1890 Ὠσπερ
1013 1820 1069 1873 δέ
1099 1790 1213 1872 ἔστι
1244 1821 1359 1889 φῶς
1384 1790 1471 1875 διά
1498 1790 1706 1890 θυρίδος
1739 1790 1780 1844 Β

1675 1837 1706 1883 ς
1739 1790 1780 1844 Β
1808 1827 2103 1883 fenestram
2153 1825 2477 1896 ingreditur,
2527 1840 2591 1879 ac
2624 1825 2726 1887 sol,
2766 1824 2859 1894 qui
2911 1840 3010 1894 per
3056 1823 3366 1878 universam

142 1914 544 1982 είσιρχόμενον,
574 1914 601 1964 ὁ
626 1911 684 1963 δὲ
711 1910 865 1981 ἣλιος
893 1910 989 1981 ὅλῃ
1017 1912 1083 1981 τῇ
1108 1909 1403 1983 οἰκουμένῃ
1430 1909 1529 1973 τάς
1557 1911 1708 1963 ἀκτῖ-
1808 1928 1833 1970 ι.

1679 1914 1708 1951 ’-
1808 1928 2005 1972 terram
2054 1917 2234 1971 radios
2280 1931 2408 1971 suos
2441 1914 2730 1979 extendit,
2776 1915 2855 1968 sic
2900 1923 3060 1968 erant
3092 1914 3370 1982 prephete

142 2023 239 2068 νας
260 2005 579 2075 ιταφίησιν,
606 2003 776 2068 οὕτως
802 2000 944 2074 ἦσαν
970 2006 1018 2056 οί
1047 2004 1323 2073 προφῆται
1349 2004 1445 2057 τοῦ
1476 2004 1608 2058 ίδίου
1633 2005 1708 2057 οί-
1805 2008 1833 2061 Ιι

1680 2005 1708 2044 ’-
1805 2007 2094 2061 luminaria
2138 2006 2431 2076 peculiaris
2475 2005 2672 2059 domus
2725 2003 2915 2060 Israel.
2954 2004 3201 2074 Apostoli
3238 2018 3371 2056 vero

143 2114 243 2149 κου
280 2095 440 2165 μόνον
477 2095 762 2164 φωστῆρες
803 2095 897 2149 τοῦ
957 2094 1192 2165 Ἰσραήλο
1231 2095 1279 2146 oi
1323 2095 1378 2148 δὲ
1423 2094 1709 2150 ἀπόστολοι
1807 2114 1834 2152 e

1679 2113 1709 2147 ιι
1807 2106 1964 2152 erant
1992 2098 2155 2163 soles,
2198 2096 2512 2152 emittentes
2540 2095 2725 2150 radios
2757 2094 2813 2149 in
2838 2094 3150 2149 universam
3182 2092 3370 2147 mundi

141 2185 285 2252 ἥλιοι
312 2178 454 2240 ἦσαν
480 2182 852 2252 έκλάμποντες
870 2181 969 2245 τάς
998 2182 1223 2243 ἀκτῖνας
1250 2181 1329 2244 είς
1357 2180 1453 2233 ὅλα
1475 2178 1541 2232 τά
1568 2178 1709 2250 μέρη

140 2273 239 2327 τοῦ
270 2272 501 2344 κόσμου.

216 2366 310 2430 ς’.
361 2364 530 2415 Ἐστιν
567 2356 661 2415 οῦν
691 2363 761 2431 γῆ
798 2361 857 2413 ὲν
952 2360 1265 2414 κατοικοῦσι
1295 2359 1365 2415 τά
1388 2358 1709 2429 τετράποδα·

142 2457 241 2507 καὶ
272 2453 389 2507 ἐστι
422 2453 493 2523 γῆ
533 2454 590 2506 ὲν
618 2450 695 2522 τῷ
735 2452 880 2521 ἀέρι,
907 2452 966 2504 έν
1064 2450 1431 2523 περιπατοῦσι
1460 2450 1553 2503 καὶ
1580 2450 1713 2515 ζῶσι

143 2546 211 2597 τὰ
246 2546 432 2614 όρντα.
462 2543 573 2597 Καὶ
599 2541 770 2595 ταῦτα
800 2541 894 2594 έάν
923 2540 1221 2610 θελήσωσιν
1244 2542 1303 2595 ιν
1324 2543 1392 2613 τῇ
1418 2542 1489 2610 γῇ
1521 2540 1712 2609 στῆναι

144 2638 179 2706 ἢ
224 2632 636 2705 περιπατῆσαι,
678 2631 863 2701 έχουσι
902 2631 1170 2701 θηρευτὰς
1211 2632 1339 2694 τοὺς
1382 2630 1715 2701 κρατοῦντας

146 2726 308 2783 αὑτά.
347 2725 458 2780 Iul.
493 2722 607 2775 ἔστι
637 2722 707 2791 γῆ
735 2721 846 2774 τῶν
878 2721 1101 2790 ἰχθύων,
1132 2723 1194 2773 τὸ
1223 2721 1367 2793 ὕδωρ
1395 2722 1492 2789 τῆς
1519 2721 1716 2773 θαλάσ-

150 2831 272 2881 σης,
306 2813 403 2865 καὶ
434 2812 661 2864 ικαστον
702 2811 758 2861 έν
786 2802 830 2875 ᾧ
859 2810 1010 2877 τόπῳ
1043 2809 1328 2878 ἐγεννήθη,
1374 2824 1408 2860 χ
1447 2813 1468 2860 ὶ
1513 2810 1585 2877 γῇ
1622 2806 1716 2859 καὶ

148 2906 296 2973 ἀέρι,
331 2903 441 2973 ἔχει
490 2903 605 2953 ἐκεῖ
641 2898 740 2969 τὴν
782 2898 1057 2968 διαγωγὴν
1088 2897 1185 2949 καὶ
1220 2897 1427 2968 τροφὴν
1455 2897 1548 2950 καὶ
1590 2894 1719 2949 ἀνά-

150 3010 377 3049 παυσιν.
407 2992 591 3051 Οῦτως
618 2990 732 3043 ἐστι
761 2990 835 3060 γῆ
859 2989 953 3044 καὶ
982 2988 1181 3058 πατρὶς
1213 2987 1496 3057 σατανικὴ,
1525 2979 1586 3040 οὗ
1608 2986 1720 3040 διά-

1810 2197 2039 2259 partem.

1880 2364 1969 2420 VI.
2009 2364 2104 2419 Est
2143 2363 2307 2435 igitur
2342 2371 2507 2428 terra,
2558 2364 2613 2418 in
2658 2378 2763 2433 qua
2792 2369 3162 2440 quadrupedia
3215 2368 3367 2423 habi-

1811 2463 1929 2510 tant
1960 2473 1972 2510 :
2002 2465 2087 2511 cst
2111 2470 2330 2525 quoque
2360 2463 2505 2509 terra
2548 2454 2603 2507 in
2644 2470 2791 2522 aere,
2840 2461 2896 2514 in
2944 2476 3050 2529 qua
3094 2460 3377 2514 ambulant

1812 2562 1876 2601 ac
1907 2545 2098 2600 vivunt
2123 2545 2398 2598 volucres.
2428 2543 2558 2610 Qum
2591 2543 2635 2597 si
2676 2550 2844 2603 velint
2872 2549 3177 2603 consistere
3206 2562 3376 2617 super

1814 2644 2015 2689 terram
2054 2641 2109 2689 et
2152 2633 2524 2697 deambularc,
2573 2633 2776 2693 habent
2818 2648 3124 2703 venatores,
3162 2638 3254 2707 qui
3287 2652 3379 2691 eas

1816 2725 2050 2794 capiant.
2101 2725 2195 2779 Est
2229 2739 2447 2795 quoque
2483 2732 2627 2782 terra
2670 2730 2921 2798 piscium,
2970 2745 3109 2799 aqua
3164 2726 3375 2783 scilicet

1816 2817 2020 2882 maris;
2051 2823 2105 2870 at
2131 2815 2578 2889 unumquodque,
2612 2819 2667 2873 in
2689 2834 2799 2889 quo
2825 2820 2945 2874 loco
2967 2819 3132 2874 fuerit
3163 2826 3376 2882 natum,

1819 2906 1931 2961 sive
1962 2906 2017 2960 in
2065 2915 2208 2961 terra
2246 2905 2359 2959 sive
2394 2905 2448 2962 in
2483 2923 2630 2972 aere,
2671 2908 2783 2963 illic
2827 2908 2998 2978 degit,
3030 2908 3273 2961 nutritur
3313 2922 3377 2962 ac

1818 2996 2068 3067 quiescit.
2099 2995 2188 3051 Sic
2210 3010 2428 3067 quoque
2456 3007 2598 3052 terra
2619 3006 2703 3052 est
2730 2997 2900 3067 patria
2934 2997 3165 3061 Satanae,
3190 2995 3245 3050 in
3274 3012 3382 3066 qua

150 3101 313 3151 γουσι
357 3083 453 3136 καὶ
504 3078 941 3151 έμπτριπατοῦσι
968 3117 985 3143 ,
1035 3078 1131 3132 καὶ
1172 3077 1609 3131 ἀπαναπαύονται
1662 3078 1719 3129 al
1743 3086 1841 3165 Cd

1693 3078 1719 3129 πί
1743 3104 1787 3165 C
1820 3086 2044 3157 degunt,
2076 3094 2131 3141 et
2161 3085 2671 3151 eireumambulant,
2702 3101 2767 3141 ac
2801 3086 2854 3140 in
2888 3101 2995 3156 qua
3032 3087 3384 3155 requiescunt

151 3175 417 3244 δυνάμεις
454 3170 547 3226 τοῦ
583 3171 841 3237 σκότους,
875 3168 969 3223 καὶ
1005 3168 1076 3222 τά
1104 3168 1391 3239 πνεύματα
1427 3168 1527 3237 τῆς
1553 3183 1720 3238 πονηο

156 3266 307 3338 ρίαςο
349 3264 444 3320 καὶ
480 3262 594 3317 εστι
619 3264 691 3335 γῇ
714 3260 951 3333 φωτεινὴ
992 3259 1093 3329 τῆς
1130 3257 1413 3329 θεότητος,
1450 3260 1583 3311 ὅπου
1617 3260 1719 3330 ιμ-

155 3352 524 3425 περιπατοῦσι
549 3350 646 3405 καὶ
680 3347 1122 3405 έπαναπαύονται
1151 3347 1209 3401 al
1250 3344 1588 3417 παρεμϐολαὶ
1614 3348 1722 3402 τῶν

157 3444 411 3513 ἀγγέλων
458 3443 554 3497 καὶ
599 3440 709 3497 τῶν
758 3440 928 3509 ἁγίων
978 3440 1323 3507 πνευμάτων.
1386 3438 1494 3491 Καὶ
1529 3436 1651 3490 οὕτε
1688 3440 1722 3507 ἠ

159 3534 420 3606 σκοτεινὴ
452 3535 524 3604 γῆ
553 3534 667 3595 τοῖς
698 3530 995 3600 ὀφθαλμοῖς
1030 3528 1224 3582 τούτου
1254 3527 1506 3597 σώματος
1536 3528 1727 3600 ὀραθῆ-

156 3644 275 3693 ναι,
299 3626 334 3695 ἢ
360 3622 749 3695 ψηλαφηθῖψαι
773 3621 1017 3676 δύναται·
1036 3618 1166 3673 οῦτε
1196 3620 1229 3689 ἡ
1260 3618 1331 3687 γῆ
1352 3617 1452 3687 τῆς
1475 3617 1724 3688 θεότητος

160 3718 193 3785 ἡ
254 3712 493 3783 φωτεινὴ
536 3711 887 3782 ψηλαφᾶται,
941 3709 975 3779 ἢ
1027 3710 1221 3779 ὁρᾶται
1273 3710 1387 3770 τοῖς
1445 3710 1726 3777 σαρκικοῖς

156 3803 483 3873 ὀφθαλμοῖς·
503 3804 615 3865 τοῖς
630 3794 689 3853 δὲ
708 3800 1094 3869 πνευματικοῖς
1115 3797 1444 3867 φαίνεταιτῷ
1463 3797 1726 3869 ὀφθαλμῷ

157 3894 264 3962 τῆς
293 3891 554 3961 καρδίας,
592 3889 689 3943 καὶ·
724 3890 759 3959 ἠ
806 3887 1075 3957 Σατανικὴ
1114 3883 1209 3938 τοῦ
1243 3888 1499 3950 σκότους,
1550 3888 1644 3941 καὶ
1691 3888 1727 3956 ἠ

160 3981 403 4052 φωτεινὴ
431 3982 528 4052 τῆς
553 3978 829 4049 θεότητος.

235 4076 311 4128 Ζ⁹.
360 4073 450 4135 Ὠς
491 4071 548 4124 δὲ
583 4072 612 4123 ό
664 4070 820 4138 λόγος
858 4069 965 4122 τῶν
998 4068 1196 4133 ἔξωθεν
1225 4069 1391 4137 λέγει,
1428 4067 1574 4122 ἔστιν
1623 4068 1725 4140 ὅρη

160 4166 395 4236 πύρινα,
423 4164 503 4217 ὅτι
532 4163 649 4215 tu!
682 4161 794 4231 πῦρ
829 4162 967 4222 ἐστι,
1001 4162 1097 4215 καὶ
1120 4161 1268 4214 ἐστιν
1294 4163 1411 4214 ἐκεῖ
1433 4160 1545 4224 ζῶα
1569 4162 1730 4229 ὅμοια

159 4258 275 4318 τοῖς
319 4252 629 4323 προϐάτοις.
671 4253 869 4307 Λοιπὸν
903 4254 951 4305 οί
978 4252 1297 4323 θηρεύοντες
1325 4254 1465 4306 αὺτά
1511 4253 1728 4306 ποιοῦσι

163 4344 427 4416 σιδηροῦς
451 4345 699 4415 τροχοὺς,
728 4344 824 4397 καὶ
846 4344 1130 4414 βάλλουσιν
1153 4344 1444 4415 ἄγκιστρα,
1468 4346 1562 4396 καὶ
1587 4345 1728 4413 πέμ-

1818 3186 2112 3247 potestates
2158 3178 2505 3233 tenebrarum
2558 3186 2614 3233 et
2673 3178 2903 3247 spiritus
2948 3178 3227 3247 nequitias.
3277 3178 3375 3231 Est

1819 3286 2037 3341 quoque
2078 3280 2219 3325 terra
2247 3270 2425 3323 lucida
2466 3268 2793 3333 divinitatis,
2832 3268 2888 3323 in
2914 3285 3021 3338 qua
3051 3269 3385 3324 circumam-

1820 3363 2013 3417 bulant
2038 3378 2099 3417 ac
2127 3361 2497 3431 requiescunt,
2524 3368 2701 3415 castra
2732 3367 2789 3414 et
2814 3360 2961 3415 acies
2986 3360 3302 3430 angelorum
3330 3365 3389 3413 et

1822 3465 2133 3509 sanctorum
2182 3452 2493 3522 spirituum.
2529 3449 2706 3519 Atque
2754 3465 2857 3503 nec
2906 3458 3049 3504 terra
3088 3450 3381 3505 tenebrosa

1822 3544 1996 3598 oculis
2023 3543 2185 3613 hujus
2228 3540 2475 3610 corporis
2523 3538 2768 3608 conspici
2811 3549 2907 3593 aut
2933 3540 3265 3594 contrectari
3290 3555 3388 3609 po-

1824 3637 1966 3695 test;
2016 3643 2119 3682 nec
2154 3636 2298 3681 terra
2322 3625 2627 3684 divinitatis
2668 3624 2849 3679 lucida
2893 3633 3267 3680 contrectatur
3292 3635 3389 3681 aut

1824 3722 2040 3775 videtur
2087 3720 2260 3773 oculis
2309 3718 2526 3773 carneis
2563 3734 2577 3770 :
2618 3716 3000 3785 spiritaalibus
3039 3732 3172 3771 vero
3216 3726 3386 3786 patet,

1824 3808 1983 3863 oculo
2009 3820 2203 3874 nempe
2228 3805 2432 3867 cordis,
2467 3812 2581 3857 tum
2615 3818 2736 3872 quae
2764 3811 2847 3857 est
2880 3802 3098 3857 Satanae
3134 3820 3199 3859 ac
3234 3814 3386 3860 tene—

1825 3897 2067 3960 brarum,
2099 3906 2214 3950 tum
2246 3896 2409 3949 etiam
2435 3908 2557 3964 quae
2584 3904 2669 3949 est
2696 3894 2873 3948 lucida
2901 3910 2963 3948 ac
2986 3894 3171 3948 divina

1898 4068 2010 4125 Vll.
2046 4069 2267 4132 Verum,
2315 4076 2375 4122 ut
2429 4067 2689 4137 profanus
2718 4080 2899 4122 sermo
2945 4068 3223 4136 perhibet,
3261 4080 3391 4124 sunt

1829 4160 2050 4230 quidam
2092 4170 2307 4214 montes
2351 4160 2516 4229 ignei,
2571 4158 2697 4228 quia
2741 4158 2852 4212 illic
2897 4156 3039 4228 ignis
3084 4170 3388 4228 permanet,

1830 4260 2064 4317 suntque
2099 4249 2209 4302 illic
2248 4249 2501 4301 animalia
2528 4249 2726 4302 similia
2751 4250 2964 4305 ovibus.
2995 4248 3262 4304 Caeterum
3294 4264 3394 4305 ve-

1830 4349 2051 4394 natores
2099 4339 2167 4392 ad
2213 4353 2276 4391 ea
2320 4338 2583 4406 capienda
2622 4338 2920 4393 conﬁciunt
2959 4338 3175 4393 ferreas
3223 4348 3389 4403 rotas,

162 4452 362 4489 πουσιν
396 4436 477 4497 είς
504 4435 567 4487 τὸ
588 4432 721 4504 πῦρ,
747 4435 934 4506 ἐπειδὴ
963 4436 1149 4488 έκεῖνα-
1173 4437 1242 4489 τά
1262 4435 1376 4499 ζῶα
1401 4435 1461 4489 τὸ
1485 4435 1594 4506 πῦρ
1617 4436 1728 4505 ἔχει
1762 4447 1805 4502 ι)
1830 4447 1853 4486 ε

1701 4453 1728 4487 ιι
1762 4447 1805 4502 ι)
1830 4439 1885 4486 et
1909 4432 2181 4501 proiectos
2218 4430 2407 4484 hamos
2440 4430 2665 4483 mittunt
2707 4430 2762 4483 in
2803 4431 3005 4499 ignem,
3044 4430 3392 4500 quandoqui-

162 4526 403 4595 βρῶσιν,
454 4524 516 4577 τὸ
544 4524 656 4593 πῦρ
688 4525 811 4594 ιέχει
849 4525 1004 4579 πόσιν
1024 4564 1039 4587 ,
1083 4526 1390 4579 ἀνάπαυσιν
1410 4569 1425 4591 ,
1462 4525 1687 4597 αὔξησιν
1711 4567 1728 4592 ,

164 4617 336 4687 ζωὴν,
389 4616 511 4670 ἀντὶ
554 4616 773 4669 πάντων
817 4616 878 4669 τδ
918 4617 1029 4687 πῦρ
1080 4617 1257 4681 αὐτοῖς
1301 4617 1435 4670 ἐστι.
1486 4617 1593 4668 Καὶ
1635 4617 1729 4669 ἐὰν

165 4708 463 4776 ἐξενέγκῃς
494 4706 633 4761 αὐτά
663 4709 742 4771 είς
768 4707 928 4760 ἀλλον
956 4707 1127 4776 ἀέρα,
1159 4706 1505 4771 ἀπόλλυνται,
1545 4710 1635 4760 καὶ
1663 4709 1731 4761 τὰ

163 4799 441 4868 ἐνδύματα
470 4797 648 4851 αὐτῶν
674 4798 803 4851 ὅταν
844 4798 1088 4868 ῥυπωθῇ,
1117 4799 1197 4861 είς
1229 4798 1290 4851 τὸ
1324 4796 1466 4869 ῦδωρ
1494 4800 1554 4850 οὐ
1596 4797 1732 4851 πλύ-

164 4906 373 4952 νονται,
403 4888 538 4941 ἀλλά
580 4889 659 4950 είς
702 4888 764 4940 τὸ
792 4887 924 4958 πῦρ,
954 4890 1049 4941 καὶ
1086 4888 1325 4955 γίνονται
1375 4888 1732 4957 καθαρώτερα

166 4980 265 5033 καὶ
293 4978 609 5047 λευκότερα.
642 4975 831 5039 Οὕτως
867 4978 961 5030 καὶ
989 4978 1039 5031 οἱ
1064 4978 1377 5047 Χριστιανοὶ
1404 4978 1464 5031 τὸ
1504 4977 1735 5047 ἐπουρὼ
1764 5036 1765 5039 η

165 5086 283 5122 νιον
318 5064 433 5135 πῦρ
460 5068 636 5123 ἐκεῖνο
663 5065 847 5135 έχουσι
874 5066 1094 5137 βρῶσιν.
1140 5068 1343 5121 Ἐκεῖνο
1379 5068 1559 5129 αὐτοῖς
1589 5068 1735 5120 ἐστιν

165 5158 498 5219 ἀνάπαυσις⁹
523 5156 700 5208 έκεῖνο
732 5155 1040 5225 καθαρίζει,
1070 5156 1165 5209 καὶ
1202 5156 1414 5219 πλύνει,
1454 5157 1547 5210 καὶ
1576 5155 1735 5223 and-

166 5248 251 5311 ζει
279 5244 462 5298 αὐτῶν
491 5243 588 5315 τὴν
617 5243 844 5313 καρδίαν
867 5258 882 5273 °
910 5244 1086 5296 έκεῖνο
1110 5243 1268 5313 φέρει
1297 5244 1491 5305 αὐτοὺς
1528 5245 1609 5305 είς
1633 5242 1731 5295 αῦ-

168 5337 362 5405 ξησινο
394 5335 571 5387 έκεῖνο
611 5334 790 5395 αὑτοῖς
841 5332 991 5386 ἐστιν
1030 5332 1157 5402 ἀὴρ,
1207 5333 1308 5387 καὶ
1350 5334 1484 5403 ζωή.
1531 5334 1628 5386 Ἀν
1674 5334 1732 5386 δὲ

166 5426 382 5479 ἐκεῖθεν
432 5423 755 5490 ὲξέλθωσιν,
805 5423 1125 5477 ἀπόλλυνται
1180 5424 1285 5477 uno
1335 5423 1439 5477 τῶν
1484 5424 1735 5495 πονηρῶν

166 5515 521 5578 πνευμάτων,
552 5514 739 5583 ὥσπερ
769 5514 885 5566 tu:
920 5515 985 5567 τὰ
1009 5514 1123 5576 ζῶα
1149 5513 1471 5585 ἐξερχόμενα
1500 5514 1608 5570 ἀπὸ
1642 5514 1733 5567 τοῦ

239 5688 285 5721 ⁸³
322 5686 467 5743 Psal.
501 5702 608 5751 xvr,
641 5687 694 5742 5.

1832 4521 1956 4575 dem
1984 4520 2075 4574 illa
2101 4519 2353 4573 animalia
2385 4519 2561 4587 ignem
2590 4518 2795 4573 habent
2830 4519 2953 4572 loco
2993 4518 3124 4583 cibi,
3158 4518 3389 4587 requiei,

1832 4612 2176 4675 incrementi,
2204 4611 2344 4674 vitae,
2379 4610 2623 4663 omnium
2654 4609 2891 4677 denique
2934 4608 3055 4662 loco
3097 4606 3238 4677 ignis
3286 4608 3421 4662 illis-

1833 4710 1934 4755 est.
1962 4702 2039 4755 Ac
2062 4701 2109 4753 si
2135 4698 2427 4753 transferas
2448 4712 2511 4751 ea
2536 4697 2702 4751 alium
2723 4697 2780 4751 in
2804 4711 3009 4762 aerem,
3042 4706 3279 4766 pereunt
3302 4715 3315 4750 :
3337 4705 3395 4752 et

1836 4792 2154 4846 indumenta
2182 4790 2420 4852 illorum,
2470 4787 2516 4842 si
2559 4786 2765 4841 fuerint
2802 4787 3059 4842 sordibus
3089 4786 3390 4857 inquinata,

1834 4899 1974 4953 aqua
2014 4896 2121 4935 non
2158 4882 2435 4944 eluuntur,
2472 4879 2568 4935 sed
2611 4878 2743 4949 igni,
2794 4878 3039 4947 ﬁuntque
3080 4880 3298 4948 puriora
3333 4893 3397 4932 ac

1832 4970 2147 5026 candidiora
2178 4987 2190 5021 :
2234 4969 2314 5023 sic
2338 4983 2555 5037 quoque
2580 4967 2874 5022 Christiani
2913 4982 2996 5022 ea:
3016 4969 3207 5023 lestem
3242 4970 3395 5024 illum

1834 5062 2009 5130 ignem
2038 5058 2242 5112 habent
2273 5058 2391 5110 vice
2427 5056 2693 5121 alimenti,
2738 5057 2829 5109 ille
2868 5057 3001 5125 ipsis
3037 5066 3121 5110 est
3158 5057 3394 5127 requies,

1833 5152 1924 5206 ille
1953 5158 2240 5219 expurgat,
2266 5147 2433 5213 lavat,
2460 5157 2515 5202 et
2544 5146 2848 5202 sanctiﬁcat
2888 5161 2982 5201 cor
3007 5148 3221 5201 illorum
3254 5167 3266 5200 :
3305 5149 3396 5203 ille

1838 5242 2044 5311 praebet
2075 5241 2157 5295 eis
2181 5247 2590 5309 argumentum:
2625 5239 2715 5292 ille
2749 5239 2830 5292 eis
2856 5249 2938 5292 est
2970 5253 3065 5292 aer
3091 5249 3146 5292 et
3179 5238 3308 5293 vita.
3338 5238 3395 5294 Si

1840 5347 1974 5386 vero
1998 5330 2122 5385 inde
2151 5329 2520 5399 egrediantur,
2548 5327 2951 5383 interﬁciuntur
2972 5344 3000 5382 a
3024 5331 3208 5397 pravis
3229 5330 3396 5397 spiri-

1840 5423 2010 5487 tibus,
2034 5422 2181 5475 velut
2210 5421 2289 5475 ibi'
2306 5421 2558 5475 animalia
2581 5420 2688 5491 igni
2712 5420 3050 5490 egredibntia
3067 5420 3396 5483 moriuntur,

1841 5514 1991 5569 velut
2041 5513 2217 5581 pisces
2253 5529 2390 5582 aqua
2433 5511 2798 5583 egredientes,
2837 5511 2985 5565 velut
3026 5510 3399 5579 quadrupedia
