4282 6364
887 423 994 485 575

2124 424 2184 484 S.
2225 417 2540 485 MACARII
2580 416 2896 478 JEGYPTII

4020 410 4129 471 576

886 534 1139 590 animalia
1164 535 1219 588 in
1252 548 1398 588 mare
1436 536 1677 606 proiecta
1708 534 2053 591 sudocantur
2080 552 2094 591 :
2122 536 2275 591 velut
2300 536 2457 591 volu-
2486 534 2532 591 Α
2562 547 2577 581 1

2433 561 2457 573 -
2486 534 2532 591 Α
2562 530 2729 599 πυρὸς
2753 530 3106 599 ἀποθνήσκει,
3130 527 3317 599 ὥσπερ
3342 528 3392 581 οι
3418 525 3597 596 ἰχθύες
3627 524 3736 580 ἀπὸ
3755 523 3863 577 τῶν
3890 522 4124 588 ὑδάτων,

886 641 1007 681 cres
1032 625 1378 679 ambulantes
1403 640 1570 695 super
1593 632 1795 680 terram
1820 626 2115 696 capiuntur
2137 627 2206 681 ab
2230 626 2452 696 aucupi-

888 717 992 769 bus
1020 734 1033 769 :
1066 716 1148 770 sic
1169 731 1386 785 quoque
1405 716 1606 780 anima,
1628 731 1750 785 quae
1772 732 1880 770 non
1899 728 2182 786 permanet
2205 717 2258 771 in
2286 728 2452 782 terra,

889 807 978 860 illa
1005 807 1303 860 suffocatur
1328 813 1383 861 ct
1410 806 1553 875 perit
1590 825 1602 860 :
1630 814 1685 861 et
1718 806 1823 860 nisi
1852 808 2053 862 habeat
2083 808 2259 879 ignem
2300 808 2453 862 illum

886 896 1131 948 divinum
1157 895 1274 971 loco
1307 894 1437 959 cibi,
1471 903 1652 964 potus,
1679 897 2149 963 indumentorum,
2197 897 2454 967 puriﬁca-

892 986 1055 1039 tionis
1103 986 1303 1049 cordis,
1354 996 1412 1040 et
1451 986 1901 1041 sanctificationis
1939 987 2155 1052 animae,
2205 1001 2457 1057 compre-

890 1079 1148 1132 henditur
1221 1079 1289 1132 ab
1342 1076 1604 1148 improbis
1649 1079 1956 1149 spiritibus,
2014 1096 2076 1134 ac
2118 1080 2278 1149 perit.
2348 1078 2457 1134 Nos

891 1183 1067 1224 autem
1104 1171 1346 1225 studiose
1391 1172 1757 1240 inquiramus,
1814 1188 1944 1225 num
1993 1173 2245 1226 seminati
2286 1172 2458 1226 simus

894 1262 945 1313 in
984 1261 1243 1316 invisibili
1274 1263 1363 1316 illa
1399 1272 1567 1325 terra,
1608 1278 1671 1317 ac
1693 1264 1921 1332 plantati
1955 1266 2010 1318 in
2047 1265 2252 1319 caelesti
2278 1264 2455 1318 vinea.

892 1353 1075 1407 Gloria
1103 1354 1551 1409 miserationibus
1580 1356 1699 1424 ejus
1730 1356 1784 1409 in
1808 1363 2096 1410 azternum.
2125 1357 2316 1410 Amen.

1391 1661 1495 1730 52
1531 1660 1815 1715 HOMlLIA
1854 1663 1966 1715 xv.

897 1749 1053 1801 Docet
1086 1750 1302 1801 liomilia
1334 1752 1441 1802 [nec
1470 1751 1691 1818 prolixe,
1724 1769 1824 1819 quo
1858 1762 2009 1819 pacto
2039 1755 2217 1805 anima
2254 1755 2305 1804 in
2333 1770 2460 1806 san—

968 1821 1165 1889 ctitate,
1201 1821 1440 1889 castitate
1485 1837 1545 1889 ac
1597 1824 1824 1888 puritate
1868 1838 1989 1889 erga
2023 1840 2268 1889 sponsum
2309 1840 2462 1875 suum

969 1887 1229 1960 Christum
1256 1886 1454 1960 Iesum,
1502 1886 1829 1941 Servatorem
1855 1886 2058 1952 mundi,
2086 1908 2138 1942 se
2166 1909 2344 1960 gerere
2373 1896 2461 1944 (te-

968 1955 1105 2028 beat.
1158 1958 1399 2010 Continet
1448 1974 1565 2009 vero
1615 1960 1869 2028 quasdam
1907 1955 2212 2028 quwstioues
2254 1979 2459 2013 summa

976 2024 1217 2078 doctrina
1251 2032 1491 2095 rejertas,
1525 2024 1778 2089 videlicet,
1802 2024 1978 2081 utrum
2004 2032 2057 2082 in
2086 2034 2461 2083 resurrectione

969 2097 1146 2146 omnia
1201 2098 1431 2148 membra
1479 2109 1776 2165 resurgant.
1826 2107 1873 2149 et
1926 2097 2062 2151 alias
2110 2099 2344 2165 inﬁnitas
2398 2102 2460 2153 de

970 2166 1219 2239 vitim-de
1264 2168 1459 2239 gratia,
1513 2166 1575 2219 de
1618 2166 1856 2219 libertate
1889 2169 2094 2221 arbitrii
2133 2179 2179 2220 et
2212 2170 2463 2239 dignitate

969 2236 1172 2302 generis
1195 2236 1433 2288 humani.

972 2413 1015 2466 l.
1058 2410 1527 2477 Quemadmodum
1561 2411 1645 2465 vir
1683 2412 1924 2481 quidam,
1956 2412 2248 2467 admodum
2287 2413 2464 2478 dives,

902 2518 995 2558 rex
1044 2503 1292 2564 illustris,
1345 2504 1387 2556 si
1436 2502 1740 2557 delectetur
1791 2504 1991 2557 femina
2032 2520 2292 2573 paupere,
2329 2504 2465 2557 nihil

905 2604 1264 2663 prmterquam
1298 2609 1495 2662 corpus
1523 2610 1681 2647 suum
1708 2595 2043 2664 possidente,
2068 2595 2294 2663 ejusque
2322 2610 2468 2647 ama-

907 2694 993 2739 tor
1030 2685 1140 2749 fiat,
1172 2699 1235 2737 ac
1260 2685 1394 2738 velit
1420 2700 1539 2737 eam
1581 2684 1684 2737 sibi
1712 2684 1765 2737 in
1804 2700 2060 2754 sponsam
2095 2702 2157 2738 ac
2184 2687 2467 2755 conjung

905 2791 1182 2829 assumere
1214 2793 1227 2826 :
1266 2775 1355 2828 illa
1390 2785 1579 2828 contra
1612 2791 1830 2829 onmem
1859 2778 2295 2830 benevolentiam
2331 2793 2469 2845 pra:-

905 2874 1012 2917 stat
1043 2863 1182 2927 viro,
1216 2878 1570 2932 amoremque
1595 2906 1608 2929 ,
1649 2880 1757 2932 quo
1786 2881 1909 2919 eum
1939 2868 2307 2934 prosequitur,
2337 2882 2471 2919 con-

906 2963 1088 3007 servat
1128 2972 1141 3007 :
1182 2970 1311 3009 ecce
1347 2972 1555 3024 pauper
1588 2957 1675 3009 illa
1717 2973 1780 3010 ac
1807 2972 2000 3025 egena,
2034 2973 2153 3025 qua:
2182 2957 2317 3009 nihil
2347 2973 2473 3026 pos-

905 3045 1068 3101 sidet.
1107 3044 1351 3098 omnium
1408 3046 1679 3100 bonorum
1731 3047 1836 3100 viri
1882 3047 1969 3100 sui
2017 3047 2075 3100 fit
2111 3047 2373 3100 domina:
2425 3046 2472 3100 si

907 3149 1037 3187 vero
1071 3134 1201 3201 quid
1248 3142 1447 3203 preter
1492 3134 1756 3188 decorum
1800 3150 1861 3189 ac
1912 3135 2148 3195 ooicium
2182 3136 2473 3189 commise-

2553 623 2743 694 ὥσπερ
2770 622 2838 676 τά
2864 620 3167 693 τετράποδα
3198 620 3312 685 ζῶα
3339 619 3644 690 βαλλόμενα
3676 618 3755 681 είς
3783 617 3883 688 τὴν
3923 616 4127 669 θάλασ-

2555 730 2654 766 σαν
2693 713 2978 782 πνίγεται,
3012 711 3201 783 ὥσπερ
3230 711 3299 765 τά
3331 708 3556 763 πετεινά
3588 706 3997 778 περιπατοῦντα
4046 708 4127 768 εἰς

2552 804 2651 875 τὴν
2683 804 2786 875 γῆν
2814 803 3104 874 κατέχεται
3138 802 3242 856 ὑπὸ
3271 801 3379 856 τῶν
3414 800 3727 872 θηρευτῶν,
3755 799 3929 860 οὕτως
3964 797 4061 851 καὶ
4091 798 4124 867 ἡ

2552 894 2695 964 ψυχὴ
2725 895 2758 963 ὴ
2800 894 2875 965 μὴ
2922 893 3160 964 μένουσα
3200 895 3259 947 ἐν
3285 895 3352 964 τῇ
3400 895 3471 960 γῇ
3510 889 3720 960 ἐκείνη,
3760 887 4130 957 συμπνίγεται

2554 988 2647 1039 καὶ
2687 986 3003 1041 ἀπόλλυται.
3042 986 3153 1039 Καὶ
3196 984 3293 1039 ἐάν
3335 985 3410 1055 μὴ
3450 984 3549 1055 ἐχη
3597 981 3657 1036 τὸ
3696 981 3809 1051 πῦρ
3837 982 4019 1033 ἐκεῖνο
4070 980 4133 1031 τὸ

2556 1077 2734 1132 θεῖκδν
2757 1077 2876 1130 ἀντὶ
2904 1077 3159 1149 βρώσεως·
3183 1076 3277 1130 καὶ
3300 1076 3528 1139 πόσεως,
3558 1076 3651 1128 καὶ
3675 1074 4009 1142 ἐνδυμάτων,
4034 1071 4133 1123 καὶ

2556 1170 2901 1242 καθαρισμοῦ
2933 1170 3181 1240 καρδίας,
3216 1170 3311 1221 καὶ
3344 1166 3619 1236 ἀγιασμοῦ
3651 1165 3853 1235 ψυχῆς,
3898 1162 4129 1231 κατέχει

2555 1281 2642 1315 ται
2676 1262 2782 1316 ὑπὸ
2812 1262 2920 1313 τῶν
2956 1260 3206 1329 πονηρῶν
3236 1259 3580 1327 πνευμάτων,
3612 1260 3706 1310 καὶ
3733 1254 4130 1324 διαφθείρεται.

2569 1355 2758 1422 Ἡμεῖς
2787 1354 2845 1406 δέ
2886 1352 2983 1405 σὺν
3015 1353 3219 1422 σπουδῇ
3251 1351 3600 1421 ζητήσωμεν,
3630 1351 3682 1401 εί
3718 1348 4046 1416 ἐσπάρημεν
4075 1347 4133 1399 ἐν

2569 1448 2623 1514 .ῇ
2653 1446 2868 1515 ἀοράτῳ
2894 1446 2963 1513 γῇ
2998 1443 3200 1512 ἐκείνη,
3237 1444 3332 1495 καὶ
3363 1441 3741 1510 ἐφυτεύθημεν
3779 1441 3835 1491 ἐν
3861 1441 3927 1507 τῇ
3966 1440 4133 1490 ἐπου-

2565 1539 2731 1608 ρανίῳ
2764 1540 3011 1608 ἀμπέλῳ.
3052 1538 3189 1604 Δόξα
3228 1541 3338 1600 τοῖς
3366 1538 3669 1608 οίκτιρμοίς
3704 1532 3893 1590 αὑτοῦ.
3934 1533 4133 1605 Ἀμήν.

3156 1652 3397 1706 ΟΜΙΛῙΑ
3434 1650 3535 1704 lE'.

2563 1743 2840 1797 Διδάσκει
2878 1743 3026 1807 αὕτη
3081 1744 3119 1809 ἠ
3150 1742 3353 1809 ὁμιλία
3396 1740 3495 1793 διὰ
3528 1736 3801 1798 πολλῶν,
3829 1734 3985 1809 γπῶς-ί
4021 1732 4138 1809 τὴ)⁹

2633 1814 2845 1881 ⁴ψυχὴν
2888 1814 2957 1883 ἐν
2995 1804 3258 1883 (tridenti
3286 1809 3398 1883 _xal
3436 1809 3716 1883 ᾀγτότῃτι
3876 1804 4135 1883 καθαρρ-

2634 1875 2761 1946 inii
2792 1875 2942 1945 πρὸς
2973 1875 3079 1934 ’τὸᾶ
3109 1875 3367 1947 νυμφίον
3390 1875 3579 1943 αὐτῆς
3604 1875 3860 1947 Χρισζὸν
3899 1875 4141 1947 ἰηᾳρῦν

2635 1944 2742 2003 τὸν
2774 1944 3014 2018 Σωτῆρα
3038 1950 3144 2003 τοῦ
3177 1944 3429 2015 κόσμου,
3454 1947 3570 2015 χρὴ
3598 1944 3950 2018 ῷακξῒᾳθαι.
3984 1944 4139 2018 ξυν-

2635 2021 2758 2090 έχει
2807 2019 2874 2073 δέ
2908 2013 3077 2090 τινας
3131 2013 3404 2090 ζητήσεις
3446 2013 3681 2090 πρλλῆς
3734 2013 4142 2090 διδασκαλίας

2640 2081 2963 2159 τῖἑμούσας.
2994 2081 3227 2155 adlabi;
3255 2081 3321 2141 ἐὶ
3447 2085 3521 2153 τῇ
3546 2083 3879 2159 ἀναστᾴσει
3913 2083 4032 2159 ὅλῃ
4071 2081 4142 2159 et}

2636 2150 2791 2229 λιέλη
2823 2150 3353 2229 ἀνίάταὴαιίῌαὶ
3382 2150 3575 2229 ἄλλας
3607 2154 3826 2229 μξνρίᾳς
3857 2150 4140 2229 περὶτοῦ

2639 2221 2851 2290 κακοῦ.
2886 2230 2984 2282 καὶ
3028 2227 3137 2294 τῆς
3176 2226 3413 2294 χάριτος
3439 2226 3537 2278 καὶ
3570 2221 3673 2277 τοῦ
3691 2221 4143 2294 peccauerim),

2639 2298 2737 2351 καὶ
2765 2298 2876 2366 τῆς
2913 2290 3224 2365 ἀξιότὴντόζ·
3247 2290 3357 2350 τοῦ
3392 2290 3616 2363 γένους
3642 2292 3759 2346 τῶν
3791 2290 4144 2359 ἀνθρώπων.

2640 2412 2719 2464 Λ⁹.
2760 2411 2970 2479 Ὠσπερ
3013 2408 3153 2478 ἀνήρ
3198 2425 3283 2471 τις
3315 2406 3567 2469 πλούσιος
3607 2405 3844 2475 σφόδρα,
3888 2403 4145 2472 βασιλεὺς

2572 2500 2811 2566 ἔνδοξος,
2843 2500 2937 2555 ἐάν
2981 2500 3247 2571 εὐδοκήσῃ
3286 2499 3378 2551 ἐπὶ
3421 2496 3643 2565 γυναικὶ
3696 2496 3930 2563 πενιχρᾷ
3982 2493 4149 2562 μηδὲν

2573 2596 2906 2665 κεκτημένῃ,
2945 2594 2992 2646 εί
3023 2592 3097 2663 μὴ
3127 2593 3285 2662 μόνον
3319 2590 3380 2642 τὸ
3422 2590 3551 2642 ῐδιον
3586 2587 3765 2656 σῶμα,
3807 2586 3902 2637 καὶ
3941 2584 4151 2651 ταύτης

2576 2686 2808 2757 ἐραστὴς
2852 2685 3106 2754 γένηται,
3153 2683 3247 2734 καὶ
3290 2679 3523 2750 βουληθῇ
3564 2675 3741 2745 ἐαυτῷ
3782 2675 4008 2743 νύμφην
4057 2673 4151 2725 καὶ

2577 2778 2821 2835 σύνοικον
2866 2775 3037 2844 αὐτὴν
3080 2772 3420 2840 ἀγαγέσθαι,
3460 2768 3687 2838 κάκείνῃ
3730 2766 3919 2820 λοιπὸν
3968 2766 4152 2817 πᾶσαν

2577 2866 2789 2920 εὔνοιαν
2826 2866 3159 2919 ἐνδείκνυται
3199 2862 3274 2933 τῷ
3302 2861 3490 2932 ἀνδρὶ,
3528 2860 3622 2912 καὶ
3654 2860 3751 2927 τὴν
3802 2856 3939 2927 πρὸς
3989 2856 4152 2908 αὐτὸν

2578 2958 2798 3025 ἀγάπην
2829 2956 3206 3018 ἀποσώζουσαο
3241 2952 3349 3005 ίδοὺ
3384 2954 3418 3022 ἠ
3454 2950 3684 3019 πενιχρά
3725 2948 3907 3016 ἐκείνη
3938 2946 4041 2999 καὶ
4068 2948 4151 2997 ἐν-

2577 3047 2721 3118 δεὴς,
2746 3050 2778 3116 ὴ
2812 3047 2975 3117 μηδὲν
3000 3043 3337 3113 κεκτημένη,
3368 3043 3583 3095 πάντων
3612 3041 3866 3093 δέσποινα
3888 3038 4153 3105 τυγχάνει

2576 3140 2686 3192 τῶν
2714 3137 2807 3191 τοῦ
2833 3137 3023 3206 ἀνδρὸς
3052 3136 3221 3205 αὐτῆς
3259 3134 3635 3203 ὑπαρχόντων.
3676 3131 3802 3183 Ἐἀν
3832 3129 3890 3182 δέ
3922 3145 3977 3181 τι
4004 3128 4153 3196 παρά

910 3224 999 3286 rit,
1034 3238 1136 3277 nec
1165 3224 1562 3277 convenienter
1591 3240 1653 3278 ac
1676 3226 1935 3279 decenter
1969 3226 2023 3282 in
2065 3227 2227 3280 domo
2258 3227 2357 3280 viri
2388 3228 2475 3283 sui
2505 3200 2548 3257 θ
2578 3249 2601 3283 ει

2462 3228 2475 3283 ἰ
2505 3200 2548 3257 c
2578 3230 2638 3283 τὸ
2668 3230 2784 3282 δέον
2810 3228 2905 3282 καὶ
2934 3200 3286 3297 όφειλόμενον
3520 3265 3535 3287 ,
3567 3222 3663 3275 καὶ
3697 3221 3772 3290 μὴ
3800 3219 4153 3289 ἁρμοζόντως

909 3325 1122 3369 versata
1173 3316 1383 3381 fuerit,
1424 3326 1553 3369 tunc
1589 3332 1713 3369 cum
1771 3318 1988 3371 infamia
2034 3333 2097 3372 ac
2145 3320 2475 3374 contumelia

911 3405 1148 3474 cjicitur,
1179 3406 1443 3459 ambabus
1464 3406 1718 3460 inanibus
1747 3406 1909 3474 capiti
1948 3406 2254 3476 impositis:
2285 3424 2476 3477 quem—

914 3494 1202 3547 admodum
1245 3506 1299 3549 et
1348 3496 1399 3548 in
1436 3496 1550 3563 lege
1604 3496 1803 3564 Moysis
1848 3497 2082 3552 obscure
2123 3499 2372 3552 innuitur
2407 3499 2475 3553 de

916 3583 1143 3635 muliere
1187 3583 1523 3645 rcfractaria.
1578 3600 1696 3652 quae
1743 3587 1861 3639 viro
1896 3602 1995 3640 suo
2029 3589 2164 3642 nihil
2203 3591 2476 3644 commodi

912 3682 1149 3742 praistat.
1177 3674 1314 3727 Tum
1349 3674 1566 3727 demum
1592 3676 1680 3729 illa
1708 3676 1949 3730 dolorem
1982 3694 2044 3732 ac
2075 3679 2277 3733 luctum
2306 3682 2476 3734 maxi-

913 3777 1062 3814 mum
1097 3763 1350 3829 sustinet,
1378 3779 1500 3817 cum
1558 3780 1742 3818 secum
1780 3769 2066 3835 perpendit
2098 3771 2315 3837 quantis
2344 3771 2477 3824 divi-

915 3856 1004 3907 tiis
1042 3854 1330 3918 exciderit,
1362 3872 1468 3925 qua
1501 3856 1670 3926 gloria
1694 3857 1763 3910 sit
1793 3858 2027 3926 privata,
2060 3870 2370 3930 contempta
2404 3864 2474 3917 ob

914 3947 1245 4000 dementiam
1277 3964 1453 4003 suam.

984 4037 1047 4090 ll.
1095 4038 1183 4090 Sic
1214 4054 1435 4107 quoque
1472 4042 1675 4104 anima,
1711 4042 1868 4111 cujus
1892 4042 2225 4097 connubium
2258 4045 2477 4111 petierit

917 4129 1161 4181 ccelestis
1188 4129 1433 4197 Sponsus
1468 4130 1719 4185 Christus
1749 4132 1802 4185 in
1830 4134 2111 4202 mysticam
2141 4150 2204 4188 ac
2237 4135 2474 4189 divinam

916 4218 1231 4271 societatem
1257 4235 1431 4279 suam,
1456 4230 1617 4287 atque
1645 4222 1945 4289 gustaverit
1968 4224 2217 4277 caelestes
2237 4224 2475 4288 divitias,

921 4321 1109 4373 magna
1136 4305 1187 4357 in
1214 4305 1493 4375 diligentia
1514 4315 1674 4375 atque
1700 4308 1931 4377 ingenue
1952 4312 2168 4379 placere
2192 4312 2355 4367 debet
2377 4329 2477 4367 suo

918 4400 1126 4467 Sponso
1145 4399 1382 4464 Christo,
1400 4410 1455 4454 et
1472 4402 1831 4455 ministerium
1860 4405 2111 4471 spiritum
2130 4407 2229 4461 sibi
2255 4423 2479 4463 concre-

2578 3320 2985 3390 ἀναστρέφηται
3030 3321 3087 3370 ἐν
3130 3316 3205 3386 τῷ
3245 3316 3379 3385 οἴκῳ
3420 3313 3517 3366 τοῦ
3565 3311 3757 3381 ἀνδρὸς
3798 3310 3999 3378 αὐτῆς,
4034 3308 4152 3360 τότε

2582 3417 2719 3485 μετά
2746 3412 2968 3484 ἀτιμίας
2996 3413 3090 3464 καὶ
3123 3410 3331 3480 ὕϐρεως
3363 3406 3705 3469 ἐκϐάλλεται,
3724 3404 3823 3465 τὰς
3843 3403 3938 3456 δύο
3958 3405 4153 3472 χεῖρας

2578 3503 2671 3555 ἐπὶ
2708 3504 2805 3572 τῆς
2844 3500 3087 3570 κεφαλῆς
3120 3498 3308 3562 θεῖσα,
3358 3496 3610 3564 καθάπερ
3655 3494 3748 3547 καὶ
3797 3496 3854 3546 ἐν
3889 3492 3969 3563 τῷ
4004 3492 4153 3559 νόμῳ

2578 3592 2820 3654 Μωσέως
2845 3591 3141 3644 αἰνίττεται
3178 3588 3308 3659 περὶ
3339 3587 3597 3656 γυναικὸς
3625 3583 4028 3642 ἀνυποτάκτου,
4060 3580 4152 3634 καὶ

2581 3688 2655 3754 μὴ
2684 3685 3125 3755 χρησιμευούσης
3157 3679 3235 3751 τῷ
3262 3681 3429 3749 αὐτῆς
3463 3678 3637 3749 ἀνδρί.
3671 3678 3782 3731 Καὶ
3811 3674 3935 3728 τότε
3963 3674 4151 3726 λοιπὸν

2577 3775 2770 3845 ὀδύνην
2803 3774 2897 3827 καὶ
2928 3774 3120 3835 πένθος
3147 3772 3403 3841 μέγιστον
3441 3771 3670 3833 κτᾶται,
3715 3765 4069 3835 λογιζομένη,
4096 3764 4151 3828 ἐξ

2578 3867 2688 3918 οἴου
2723 3866 2953 3917 πλούτου
2990 3864 3233 3929 ἐξέπεσε,
3261 3863 3354 3916 καὶ
3380 3862 3495 3923 οἵας
3524 3859 3682 3929 δόξης
3715 3857 3871 3919 ἐκτός
3900 3855 4149 3924 γέγονεν,

2577 3951 2939 4019 ἀτιμασθεῖσα
2970 3951 3057 4003 δτά
3090 3950 3187 4022 τὴν
3222 3952 3529 4019 ἀφροσύνην
3558 3949 3748 4017 αὐτῆς.

2650 4042 2722 4093 B'.
2754 4041 2908 4095 Οὕτω
2946 4041 3039 4093 καὶ
3069 4041 3215 4110 ψυχὴ
3241 4042 3305 4110 ἣν
3335 4040 3401 4093 ἂν
3435 4040 3840 4111 μνηστεύσηται
3869 4041 4096 4109 νύμφην
4126 4040 4153 4092 ό

2580 4135 2900 4204 ἐπουράνιος
2923 4135 3150 4203 νυμφίος
3174 4133 3422 4203 Χριστὸς,
3445 4134 3581 4203 πρὸς
3609 4133 3705 4202 τὴν
3727 4132 3923 4185 ἐαυτοῦ
3952 4150 4152 4203 μυστι·

2580 4227 2681 4295 κῆν
2714 4227 2807 4278 καὶ
2838 4226 2986 4278 θείαν
3033 4224 3342 4288 κοινωνίαν,
3392 4225 3485 4277 καὶ¹
3519 4223 3781 4291 γεύσηται
3822 4224 4150 4293 ἐπουρανὼυ

2580 4317 2829 4378 πλούτου,
2864 4317 2920 4365 ἐν
2954 4316 3121 4384 πολλῇ
3154 4314 3356 4383 σπουδῇ
3387 4314 3623 4381 γνησίως
3652 4312 3908 4380 ἀρέσκειν
3939 4312 4152 4379 ὀφείλει

2578 4405 2656 4473 τῷ
2682 4405 2851 4472 αὐτῆς
2882 4406 3150 4472 μνηστῆρι
3181 4401 3420 4471 Χριστῷ,
3452 4404 3547 4454 καὶ
3577 4402 3674 4470 τὴν
3706 4400 3800 4452 τοῦ
3827 4399 4153 4468 Πνεύματος

915 4490 1090 4543 ditum
1123 4489 1381 4544 decenter
1415 4500 1469 4544 et
1502 4494 1889 4549 convenienter
1911 4496 2158 4565 implere,
2187 4508 2245 4551 ut
2268 4500 2477 4568 placeat
2504 4512 2555 4571 D
2581 4496 2606 4547 δ

2461 4508 2477 4553 ι
2504 4512 2555 4571 D
2581 4496 2873 4559 διακονίαν,
2912 4494 2979 4565 ἥν
3012 4493 3469 4562 ἐμπεπίστευται,
3498 4491 3723 4553 δεόντως
3752 4492 3846 4542 καὶ
3874 4491 4152 4560 ἁρμοζόν-

919 4580 1028 4632 Deo
1068 4580 1120 4632 in
1163 4581 1442 4643 omnibus,
1498 4591 1552 4635 ct
1602 4582 1862 4651 Spiritum
1912 4586 1965 4639 in
2013 4589 2159 4641 nulla
2194 4605 2251 4643 re
2281 4592 2481 4644 contri-

913 4680 1042 4733 stet,
1092 4686 1154 4724 ac
1206 4672 1518 4739 praeclaram
1554 4690 1679 4742 erga
1718 4676 1867 4728 illum
1903 4677 2221 4730 modestiam
2253 4686 2309 4732 et
2342 4680 2481 4734 dile-

914 4760 1151 4813 ctionem
1185 4761 1443 4815 decenter
1488 4775 1804 4833 conservet,
1839 4777 2001 4835 atque
2038 4768 2091 4821 in
2118 4770 2279 4823 domo
2314 4772 2480 4826 caele-

914 4853 1014 4905 stis
1042 4851 1203 4919 chis
1244 4860 1387 4906 recte
1421 4864 1793 4920 conversetur,
1823 4858 1998 4926 sitque
2028 4875 2282 4914 concessa
2311 4863 2480 4930 gratia

916 4943 1017 5009 ipsi
1070 4944 1121 4995 in
1164 4944 1420 4997 omnibus
1468 4954 1617 5014 grata
1659 4956 1712 5000 et
1745 4958 1985 5016 accepta.
2048 4950 2185 5005 Ecce
2214 4953 2479 5021 ejusmodi

916 5034 1096 5086 anima
1127 5034 1371 5086 omnium
1408 5035 1619 5089 Domini
1648 5036 1911 5090 bonorum
1942 5039 2161 5093 domina
2190 5044 2479 5097 constitui-

919 5126 1027 5183 tur,
1058 5130 1220 5187 atque
1248 5121 1362 5187 ipse
1394 5122 1652 5190 splendor
1679 5124 1979 5179 divinitatis
2011 5142 2208 5197 corpus
2238 5131 2355 5200 ejus
2387 5148 2481 5185 ex-

921 5210 1084 5263 sEStit.
1114 5210 1168 5263 Si
1198 5227 1326 5264 vero
1349 5213 1477 5280 quid
1508 5214 1794 5278 aberrarit,
1819 5231 1881 5269 ac
1907 5216 2041 5270 citra
2067 5218 2325 5272 decorum
2356 5236 2481 5290 ege-

919 5302 993 5352 rit
1029 5301 1157 5369 quid
1215 5302 1265 5353 in
1313 5303 1621 5357 ministerio
1672 5320 1792 5366 suo,
1839 5322 1938 5359 nec
1983 5318 2132 5375 grata
2180 5312 2228 5362 ei
2267 5310 2475 5374 fecerit,

917 5404 1019 5444 nec
1048 5392 1311 5444 voluntati
1346 5395 1466 5463 ejus
1507 5396 1768 5461 paruerit,
1806 5412 1979 5463 neque
2024 5410 2313 5466 cooperata
2354 5417 2475 5454 cum

919 5481 1089 5548 gratia
1132 5481 1364 5550 Spiritus
1410 5499 1594 5537 secum
1644 5487 1923 5539 habitante
1966 5488 2150 5549 fuerit,
2199 5500 2328 5543 tunc
2368 5508 2474 5545 non

918 5571 1121 5638 absque
1170 5576 1499 5628 contumelia
1548 5591 1610 5629 ac
1657 5577 1944 5641 dedecore,
1996 5578 2202 5631 honore
2235 5582 2473 5644 exuitur,

920 5676 982 5713 ac
1006 5662 1246 5729 privatur
1270 5664 1379 5715 vita
1399 5676 1649 5733 tanquam
1676 5670 1880 5721 inutilis
1896 5668 2088 5721 effecta
2114 5711 2124 5731 ,
2147 5670 2476 5739 minimeque

920 5760 1041 5821 apta
1092 5753 1336 5807 societati
1379 5756 1615 5811 cwlestis
1662 5757 1843 5826 Regis.
1892 5758 1966 5811 Ac
2005 5757 2221 5813 tandem
2255 5770 2476 5828 propter

2582 4604 2689 4648 τως
2715 4583 3043 4653 ἐκπληροῦν,
3072 4583 3150 4651 τῷ
3177 4583 3430 4651 ἀρέσκειν
3460 4581 3538 4651 τῷ
3558 4579 3675 4645 Θεῷ
3700 4583 3757 4633 ἐν
3782 4581 3939 4644 πᾶσι,
3964 4582 4066 4635 καὶ
4092 4581 4152 4634 τὸ

2584 4675 2803 4743 Πνεῦμα
2831 4677 2887 4727 ἐν
2914 4673 3104 4742 μηδενὶ
3131 4671 3340 4735 λυπεῖν,
3368 4672 3459 4722 καὶ
3490 4671 3588 4741 τὴν
3618 4669 3787 4739 καλὴν
3813 4670 3948 4740 πρὸς
3983 4670 4151 4723 αὑτὸν

2585 4764 2936 4835 σωφροσύνην
2980 4766 3073 4817 καὶ
3116 4764 3336 4833 ἀγάπην
3385 4762 3764 4834 προσηκόντως
3794 4763 4006 4830 τηρεῖν,
4057 4760 4152 4813 καὶ

2581 4861 2637 4910 ἐν
2661 4857 2737 4925 τῷ
2764 4857 2895 4925 οἴκῳ
2918 4854 3009 4907 τοῦ
3030 4853 3353 4921 ἐπουρανίου
3377 4852 3645 4913 Βασιλέως
3673 4851 3853 4913 καλῶς
3881 4851 4155 4920 ἀναστρέ-

2584 4950 2779 5017 φεσθαι
2820 4951 2875 4999 ἐν
2910 4947 3058 5018 πάσῃ
3088 4946 3269 5015 εὐνοίᾳ
3309 4945 3407 5012 τῆς
3444 4944 3685 5010 δοθείσης
3727 4942 3968 5011 χάριτος.
4018 4942 4151 4995 Ἰδοὺ

2581 5042 2614 5108 ἡ
2665 5038 2886 5106 τοιαύτη
2932 5038 3077 5105 ψυχὴ
3120 5036 3336 5087 πάντων
3386 5034 3494 5085 τῶν
3539 5033 3633 5085 τοῦ
3681 5032 3887 5103 Κυρίου
3927 5032 4153 5099 ἀγαθῶν

2580 5130 2831 5181 δέσποινα
2858 5127 3199 5187 καθίσταται,
3233 5126 3326 5176 καὶ
3353 5124 3485 5176 αύτδ
3515 5124 3573 5176 τὸ
3596 5123 3801 5186 ἔνδοξον
3826 5122 3927 5190 τῆς
3954 5122 4149 5193 θεότηο

2579 5237 2669 5281 τος
2697 5217 2883 5283 αὑτοῦ,
2918 5218 3077 5285 σῶμα
3108 5217 3276 5284 αὐτῆς
3320 5216 3595 5282 τυγχάνει.
3630 5216 3727 5265 Ἂν
3757 5214 3812 5265 δέ
3846 5212 4026 5284 σφαλῇ
4062 5232 4148 5279 τι,

2581 5310 2674 5362 καὶ
2701 5308 2847 5378 παρά
2872 5308 2930 5359 τὸ
2954 5308 3070 5359 δέον
3098 5306 3275 5373 πράξῃ
3304 5307 3359 5357 ὲν
3380 5308 3444 5373 τῇ
3468 5303 3713 5372 διακονίᾳ
3738 5304 3928 5371 αὐτῆς,
3957 5306 4057 5356 καὶ
4084 5305 4151 5355 τὰ

2581 5402 2785 5468 ἀρεστὰ
2817 5398 2964 5466 αὐτῷ
2997 5398 3057 5449 οὐ
3084 5396 3321 5466 πράττῃ,
3342 5395 3434 5447 καὶ
3464 5394 3540 5464 τῷ
3565 5393 3825 5462 θελήματι
3858 5390 4024 5445 αὖτοῦ
4050 5396 4151 5446 οὐκ

2580 5488 2929 5557 ἐξακολουθῇ,
2971 5488 3094 5540 οὔτε
3130 5487 3385 5555 συνεργὸς
3415 5486 3511 5554 τῆς
3549 5484 3810 5553 συνούσης
3844 5486 3937 5537 τοῦ
3974 5487 4147 5538 Πνεέ-

2584 5598 2749 5649 ματος
2779 5581 2998 5648 χάριτος
3035 5578 3273 5645 γίνηται,
3317 5577 3437 5628 τότε
3472 5574 3609 5643 μετά
3639 5575 3848 5645 ὕϐρεως
3876 5576 4145 5645 ἀπρεπῶς

2580 5670 2901 5737 ἀτιμάζεται
2930 5710 2943 5731 ,
2998 5668 3089 5720 καὶ
3142 5665 3457 5735 ἀφορίζεται
3502 5666 3599 5732 τῆς
3638 5665 3783 5732 ζωῆς
3830 5665 3903 5725 ὡς
3949 5667 4142 5733 ἀχρεία

2580 5762 2847 5829 γενομένη
2870 5799 2883 5824 ,
2915 5759 3007 5811 καὶ
3042 5757 3411 5825 ἀνεπιτήδειος
3450 5759 3513 5826 τῇ
3548 5755 3800 5824 κοινωνίᾳ
3843 5753 3937 5806 τοῦ
3979 5756 4138 5807 ἐπουο
