4282 6364
262 331 368 394 5'77

1486 324 1853 390 HOMILUE.
1881 328 2155 391 -HOM.
2191 331 2311 392 XV.

3378 332 3481 395 578

246 442 437 515 ρανίου
478 440 762 511 βασιλέως.
806 442 914 496 Καὶ
955 442 1140 496 λοιπὸν
1179 440 1269 495 ἐπ’
1314 438 1498 511 ἐκείνῃ
1541 437 1819 510 τῇμψυχῇ,
1848 437 1937 496 Αἰ

1790 444 1819 507 ι,
1848 438 1895 496 Α
1924 437 2070 495 illam
2102 443 2338 496 animam
2372 441 2617 507 tristitia,
2648 441 2808 497 dolor
2839 455 2903 495 ac
2928 440 3109 495 luctus
3139 453 3329 494 omnes
3357 452 3481 494 san-

242 535 393 605 λύπη
417 537 512 589 καὶ
535 535 715 608 ὀδύνη,
743 536 836 588 καὶ
867 535 1148 606 κλαυθμὸς
1178 536 1343 588 πᾶσιν
1367 533 1546 601 ἁγίοις
1572 531 1668 586 καὶ
1698 547 1821 584 νοε-

244 630 364 696 poi;
392 625 667 696 πνεύμασι
687 627 918 696 γίνεται*
941 626 1183 695 ἄγγελοι,
1204 625 1485 695 δυνάμεις,
1503 624 1818 687 ἀπόστολοι,

241 720 543 791 προφῆται.
582 721 858 791 μάρτυρες
880 720 1157 773 κλαίουσιν
1184 718 1274 772 ἐπ’
1305 716 1464 788 αὐτῇ.

320 814 397 864 F'.
437 813 651 882 Ὠσπερ
692 812 803 883 γὰρ
830 810 984 880 χαρὰ
1014 810 1277 881 γίγνεται
1305 810 1375 862 ἐν
1398 805 1652 876 οὐρανῷ,
1686 806 1762 869 ὡς
1789 808 1820 860 ὁ

241 905 450 974 Κύριος
464 901 636 967 εἶπεν,
652 904 751 959 ἐπί
768 904 857 957 ἑνὶ
879 901 1206 973 ἀμαρτωλῷ
1216 900 1629 973 μετανοοῦντι·
1647 898 1818 962 οὕτως

240 995 390 1067 λύπη
417 997 585 1067 πολλὴ
609 999 703 1049 καὶ
729 996 1003 1065 κλαυθμὸς
1036 999 1093 1049 ἐν
1113 996 1192 1065 τῷ
1218 996 1277 1049 οὗ
1288 994 1431 1065 ραινῷ
1464 993 1696 1062 γίνεται,
1722 992 1819 1045 ἐπὶ

244 1092 347 1160 μιᾷ
365 1090 513 1158 ψυχῇ
535 1088 919 1161 αποπιπτούσῃ
934 1087 1032 1156 τῆς
1054 1086 1272 1140 αίωνίου
1309 1086 1472 1155 ζωῆς.
1500 1085 1607 1138 Καὶ
1626 1083 1817 1154 ὥσπερ

241 1184 338 1235 ἐπὶ
366 1181 463 1250 τῆς
498 1183 602 1250 γῆς
637 1181 776 1233 ἐπάν
805 1196 889 1240 τις
917 1178 1170 1241 πλούσιος
1199 1177 1447 1249 ἀποθάνῃ
1480 1175 1643 1247 ἀνὴρ,
1675 1174 1817 1245 μετὰ

246 1270 545 1339 μελῳδιῶν,
570 1271 664 1321 καὶ
696 1268 916 1339 θρήνου,
941 1268 1040 1322 καὶ
1077 1267 1311 1323 κοπετοῦ
1340 1266 1691 1336 ἐκκομίξεται
1718 1263 1813 1319 τοῦ

244 1360 363 1429 βίου
414 1360 519 1412 ὑπὸ
552 1358 661 1413 τῶν
705 1359 849 1411 ίδίων
888 1356 1164 1426 ἀδελφῶν,
1199 1357 1292 1410 καὶ
1333 1356 1470 1423 πρὸς
1502 1355 1811 1423 συγγενῶν,

241 1452 337 1503 καὶ
366 1449 557 1519 φίλων,
602 1450 699 1503 καλ¹
746 1450 1077 1519 γνωρίμων’
1118 1446 1289 1512 οὕτως
1329 1451 1423 1503 καὶ
1450 1450 1541 1501 ἐπὶ
1575 1451 1641 1517 τῇ
1667 1447 1813 1517 ψυχῇ

240 1542 430 1613 ἐκείνῃ
461 1543 660 1602 πάντες
692 1543 743 1593 oi
787 1541 931 1607 ἆγιοι
984 1539 1239 1593 πενθοῦσι
1285 1540 1425 1609 μετὰ
1464 1539 1679 1609 θρήνων
1722 1538 1817 1591 καὶ

243 1632 547 1702 μελῳδιῶν.
580 1631 692 1685 Καὶ
717 1632 826 1701 γὰρ
855 1632 1088 1702 ἀλλαχοῦ
1113 1632 1267 1685 τοῦτο
1298 1634 1332 1701 ἡ
1357 1630 1548 1702 Γραφὴ
1578 1632 1815 1684 αίνίττε-

237 1739 329 1775 ται
361 1722 614 1791 λέγουσα,
673 1721 944 1775 πέπτωκε
999 1722 1207 1787 πίτυς,
1252 1720 1539 1785 πενθεῒτε,
1572 1719 1768 1787 κέδροι
1794 1734 1809 1748 ·

238 1814 432 1884 ῶσπερ
456 1813 565 1883 γὰρ
608 1815 637 1866 ὁ
675 1813 892 1883 Ἰσραὴλ
916 1814 1006 1866 ὅτε
1039 1812 1213 1867 ἐδόκει
1244 1814 1557 1882 εὐαρεστεῖν
1595 1812 1673 1882 τῷ
1714 1814 1813 1863 Δε-

241 1906 440 1975 σπότῃ,
483 1907 532 1958 εί
575 1905 670 1958 καὶ
714 1904 978 1974 μηδέποτε
1013 1904 1073 1957 ὃν
1114 1904 1194 1958 δεῖ
1218 1904 1419 1975 τρόπον
1455 1903 1812 1975 εὑηρέστησε,

241 1996 438 2047 στύλον
454 1994 685 2064 νεφέλης
708 1990 852 2064 εἶχεν
874 1996 1287 2060 ἐπισκιάζοντα,
1308 1995 1405 2049 καὶ
1428 1995 1622 2048 στύλον
1643 2012 1716 2047 πυ
1726 1996 1816 2065 ρδς

238 2087 675 2154 καταυγάςοντα,
694 2086 969 2140 θάλασσαν
995 2084 1142 2158 ἐώρα
1160 2086 1486 2158 σχιζομένην
1506 2086 1814 2157 ἔμπροσθεν

236 2177 429 2241 αὐτοῦ,
454 2178 597 2248 ῦδωρ
634 2179 699 2230 ἐκ
733 2179 939 2250 πέτρας
985 2179 1208 2246 διαυγὲς
1247 2177 1603 2249 ἐξερχόμενον
1639 2195 1653 2209 ·
1690 2178 1812 2231 ἐπεὶ

236 2268 295 2323 δέ
322 2271 618 2340 ἐστρίφετο
642 2272 669 2323 ὁ
699 2269 824 2333 νοῦς
854 2270 1060 2334 αὐτῶν,
1084 2273 1177 2323 καὶ
1196 2271 1230 2339 ή
1254 2270 1570 2341 προαίρεσις
1591 2270 1696 2323 ἀπὸ
1717 2269 1810 2323 τοῦ

238 2362 399 2423 Θεοῦ,
430 2364 550 2416 τότε
579 2364 736 2433 ὄφεσι
782 2363 1149 2433 παρεδίδοντο,
1187 2362 1285 2415 καὶ
1314 2364 1426 2426 τοῖς
1469 2364 1683 2435 ἐχθροῖς
1710 2362 1810 2415 αὑ-

236 2453 369 2517 τῶν,
406 2455 464 2506 ἐν
492 2454 887 2523 αἰχμαλωσίαις
916 2454 1113 2517 δειναῖς
1144 2454 1507 2525 ἀπαγόμενοι,
1556 2454 1651 2508 καὶ
1688 2454 1812 2506 δου-

237 2544 409 2605 λείαις
443 2548 667 2614 πικραῖς
708 2544 1089 2615 ἐξεταζόμενοι
1114 2561 1130 2576 ·
1176 2545 1237 2599 τὸ
1279 2547 1413 2599 αὐτὸ
1454 2548 1672 2607 πάντως
1717 2546 1812 2598 καὶ

237 2635 335 2686 ἐπὶ
375 2633 485 2687 τῶν
516 2634 703 2704 ψυχῶν
747 2634 903 2703 ἡμῶν
934 2635 1161 2701 γίνεται.
1204 2634 1372 2688 Τοῦτο
1406 2635 1463 2687 δὲ
1503 2636 1597 2687 καὶ
1641 2635 1699 2687 ἐν
1729 2634 1810 2703 τῷ

237 2724 495 2795 προφήτῃ
545 2724 813 2795 Ἰεζεκιὴλ
855 2726 1131 2796 μυστικῶς
1177 2727 1438 2795 ἐμφαῖνον
1481 2725 1543 2777 τὸ
1588 2724 1811 2794 Πνεῦμα

236 2814 369 2882 περὶ
398 2816 496 2882 τῆς
524 2812 777 2883 τοιαύτης
816 2812 1014 2883 ψυχῆς,
1051 2815 1239 2884 ὥσπερ
1286 2814 1658 2885 Ἰερουσαλὴμ,
1693 2814 1808 2867 ιλε-

236 2920 333 2970 γεν
360 2920 373 2932 ·
401 2901 597 2972 Εὗρόν
627 2920 721 2967 σε,
758 2907 951 2977 φησιν,
980 2907 1049 2959 ἑν
1076 2905 1151 2973 τῇ
1180 2905 1377 2975 ἐρήμῳ
1402 2904 1641 2973 γυμνὴν
1664 2943 1680 2967 .
1709 2905 1809 2959 καί

242 2996 476 3049 ἔλουσα
518 3015 592 3051 σε
624 2998 692 3049 ἐκ
726 2997 832 3050 τοῦ
862 2998 1079 3063 ὕδατος
1112 2998 1221 3064 τῆς
1249 2997 1623 3065 ἀκαθαρσίας
1656 3012 1807 3061 σου,

234 3085 337 3138 καὶ
363 3087 623 3140 ἐνέδυσά
646 3104 719 3142 σε
741 3089 993 3156 ἔνδυμα,
1018 3090 1115 3142 καί
1140 3089 1370 3156 ψέλλια
1393 3087 1714 3157 περιέθηκα
1739 3089 1810 3141 ἐν

232 3177 365 3240 ταῖς
395 3180 570 3246 χερσί
600 3197 742 3246 σου,
770 3181 866 3233 καί
901 3181 1187 3249 μανιάκια
1213 3181 1348 3248 περὶ
1373 3180 1480 3235 τὸν
1503 3179 1809 3249 τράχηλόν

230 3284 353 3323 σου
373 3309 389 3331 ,
418 3271 514 3323 καί
543 3271 756 3325 ἑυνώτια
783 3272 851 3325 ἐν
882 3274 1005 3337 τοῖς
1032 3273 1145 3327 ὠσί
1167 3290 1287 3328 σου
1310 3315 1326 3340 ,
1345 3274 1442 3327 καὶ
1462 3274 1676 3343 ἐγένου
1704 3292 1808 3343 μοι

232 3362 542 3429 ὀνομαστὴ
583 3363 652 3414 ἑν
685 3363 836 3417 πᾶσι
880 3363 1004 3429 τοῖς
1036 3365 1240 3419 ἔθνεσι
1263 3381 1276 3395 ·
1329 3366 1677 3434 σεμίδαλιν,
1708 3367 1808 3421 καί

229 3454 462 3517 ἔλαιον,
493 3454 592 3507 καὶ
618 3454 757 3522 μέλι
787 3457 1035 3526 ἔφαγες,
1063 3460 1162 3511 καί
1190 3458 1279 3525 είς
1304 3459 1561 3527 ὕστερον
1590 3460 1807 3514 ἐπελά-

230 3547 341 3596 θου
372 3543 491 3596 τῶν
521 3546 879 3615 εὐεργεσιῶν
907 3567 1029 3617 μου
1048 3550 1209 3621 “teat
1257 3552 1585 3619 ἐπορεύθης
1613 3552 1807 3605 ὀπίσω

229 3630 350 3686 τῶν
369 3636 641 3703 ἐραστῶν
668 3654 806 3701 σου,
834 3640 933 3692 καὶ
962 3641 1339 3709 ὲπόρνευσας
1356 3642 1427 3695 ἐν
1446 3642 1732 3710 αἰσχύνῃ.

303 3728 381 3780 A'.
433 3726 621 3791 Οὕτως
655 3729 752 3782 καὶ
770 3730 915 3801 ψυχῇ
940 3734 1005 3802 τῇ
1033 3732 1119 3785 διὰ
1155 3735 1255 3802 τῆς
1282 3733 1505 3803 χάριτος
1544 3735 1804 3801 ἐπιγινω-

230 3818 437 3893 σκούσῃ
464 3822 554 3873 τὸν
577 3822 730 3885 Θεὸν,
755 3823 815 3876 τὸ
850 3823 1075 3893 Πνεῦμα
1104 3829 1391 3895 παραινεῖ,
1416 3828 1538 3896 ἥτις
1569 3826 1803 3897 καθαριε-

230 3915 421 3969 σθεῐσα
439 3917 545 3969 ἀπὸ
564 3916 676 3969 τῶν
692 3916 975 3987 προτέρων
992 3917 1275 3986 ἁμαρτιῶν
1297 3919 1392 3972 καὶ
1411 3922 1523 3982 τοῖς
1537 3918 1631 3972 τοῦ
1645 3919 1802 3987 ἁγίου

228 4006 549 4076 Πνεῦματος
596 4007 845 4077 κοσμίοις
883 4007 1263 4078 κοσμηθεῖσα,
1293 4009 1389 4061 καὶ
1427 4008 1804 4079 μεταλαϐοῦσα

227 4097 380 4161 θείας
429 4098 527 4152 καὶ
572 4098 898 4169 ἐπουρανίου
943 4100 1188 4169 τροφῆς,
1242 4100 1317 4171 μὴ
1365 4100 1594 4163 δεόντως
1635 4098 1691 4152 δὲ
1747 4102 1806 4152 ἐν

226 4190 399 4259 πολλῇ
434 4188 634 4258 γνώσει
679 4190 1131 4263 ἀναστρεφομένη
1159 4232 1174 4254 ,
1206 4189 1303 4245 καὶ
1334 4190 1686 4263 ἁρμοζόντως
1727 4190 1802 4262 μὴ

224 4286 468 4354 τηροῦσα
526 4287 625 4355 τὴν
672 4286 1031 4357 ὀφειλομένην
1090 4285 1170 4356 τῷ
1216 4287 1524 4359 ἐπουρανίῳ
1585 4288 1803 4358 νυμφίῳ

224 4376 452 4447 Χριστῷ
477 4374 691 4430 εὔνοιαν
721 4379 816 4430 καὶ
860 4378 1104 4449 ἀγάπην,
1138 4379 1539 4449 ἀπορρίπτεται
1571 4380 1665 4431 καὶ
1704 4381 1796 4431 ἐκ-

1919 542 2039 588 ctos
2064 542 2122 588 et
2153 532 2550 588 intellectuales
2598 534 2826 603 spiritus
2860 532 3070 586 invadit
3098 549 3113 585 :
3153 530 3353 602 angeli,
3380 546 3482 602 po-

1920 632 2167 690 testates,
2213 626 2469 695 apostoli,
2508 626 2808 695 prophetae,
2855 634 3124 695 martyres
3147 623 3337 694 lugent
3362 623 3483 694 ejus

1918 716 2116 771 vicem.

1987 806 2077 864 iii.
2119 809 2586 875 Quemadmodum
2636 810 2782 864 enim
2818 810 3071 880 gaudium
3117 816 3194 862 est
3233 809 3288 861 in
3330 807 3477 873 caelo,

1916 909 1980 954 ut
2008 900 2146 955 dixit
2176 901 2458 963 Dominus,
2489 915 2647 972 super
2673 916 2780 954 uno
2824 909 3095 971 peccatore
3123 900 3479 970 penitentiam

1916 1000 2103 1062 agente
2130 991 2195 1054 “,
2217 992 2290 1047 ita
2314 992 2533 1047 tristitia
2552 993 2721 1047 multa
2736 1002 2822 1047 est
2849 1002 2907 1047 et
2923 992 3106 1046 luctus
3131 991 3184 1044 in
3219 991 3358 1047 cmlo
3390 1005 3482 1045 su-

1916 1098 2016 1153 per
2045 1099 2152 1138 una
2179 1085 2382 1150 anima,
2409 1101 2531 1156 quas
2563 1084 2768 1140 excidit
2788 1085 2899 1137 vita
2923 1092 3146 1138 aeterna.
3184 1084 3252 1137 Et
3292 1098 3483 1152 quem-

1915 1175 2206 1230 admodum
2252 1180 2307 1231 in
2341 1176 2523 1240 terris,
2572 1176 2617 1231 si
2663 1175 2789 1245 quis
2828 1175 3071 1244 locuples
3114 1173 3200 1228 vir
3231 1185 3481 1228 mortuus

1915 1267 2101 1332 fuerit,
2149 1284 2273 1323 cum
2317 1248 2765 1339 cautu'iugubri,
2814 1266 3206 1322 lamentatione
3235 1279 3298 1321 ac
3327 1265 3482 1335 plana

1914 1370 2007 1415 ctu
2048 1361 2324 1415 eii‘erture
2345 1362 2453 1416 vita
2479 1377 2578 1431 per
2611 1376 2742 1415 suos
2771 1360 2987 1423 fratres,
3020 1358 3477 1428 consanguineos,

1912 1451 2120 1507 amicos
2140 1468 2205 1506 ac
2227 1452 2521 1508 familiares
2548 1469 2563 1507 :
2601 1453 2681 1507 sic
2707 1468 2927 1522 quoque
2960 1459 3187 1521 propter
3208 1465 3326 1505 eam
3357 1448 3480 1503 ani-

1913 1558 2057 1597 mam
2087 1559 2279 1598 omnes
2301 1546 2475 1601 sancti
2501 1545 2690 1615 lugent
2716 1543 3106 1600 lamentatione
3137 1556 3201 1595 ac
3238 1556 3373 1595 voce
3396 1540 3482 1595 lue

1913 1636 2093 1705 gubrl.
2123 1636 2265 1691 Alibi
2292 1638 2439 1690 enim
2465 1636 2746 1705 Scriptura
2777 1636 2841 1689 ad
2868 1636 2973 1689 hoc
3007 1635 3239 1688 obscure
3262 1633 3476 1697 alludit,

1916 1727 2172 1797 inquiens
2219 1745 2231 1782 :
2271 1728 2462 1784 Cecidit
2499 1731 2672 1799 pinus,
2716 1724 2906 1798 lugete,
2938 1728 3078 1780 cedri
3115 1727 3181 1781 ⁸⁵.
3210 1725 3479 1791 Ουεῐησᾱι

1913 1822 2138 1875 modum
2163 1822 2309 1876 enim
2334 1824 2569 1892 populus
2594 1822 2782 1883 israel,
2806 1836 2927 1876 cum
2954 1821 3236 1875 videretur
3262 1819 3478 1888 placere

1914 1909 2167 1975 Domino,
2198 1913 2450 1981 quamvis
2479 1914 2630 1967 nullo
2656 1911 2839 1975 modo,
2884 1926 2994 1981 quo
3030 1910 3244 1974 debuit,
3275 1910 3324 1963 ei
3358 1910 3476 1979 pia-

1912 2005 2114 2069 cuerit,
2165 2006 2477 2060 columnam
2526 2004 2690 2060 nubis
2749 2004 2985 2059 habebat
3030 2004 3473 2064 obumbrantem,

1914 2094 2019 2165 53
2035 2097 2411 2151 etcolumnam
2430 2098 2569 2167 ignis
2590 2097 2976 2156 illustrantem,
2996 2110 3141 2149 mare
3161 2091 3469 2148 videbatdi.

1912 2187 2023 2241 vidi
2051 2203 2233 2243 coram
2261 2188 2411 2259 ipsis,
2442 2203 2505 2242 ac
2530 2188 2810 2258 limpidam
2834 2202 3029 2257 aquam
3054 2203 3083 2239 e
3113 2196 3262 2255 petra
3291 2200 3471 2239 erum-

1912 2294 2044 2350 pere
2064 2280 2142 2334 “:
2175 2290 2461 2351 postquam
2492 2296 2623 2335 vero
2648 2296 2838 2335 aversa
2858 2288 2945 2335 est
2966 2295 3120 2333 mens
3144 2289 3198 2333 et
3225 2280 3474 2333 voluntas

1912 2388 2103 2427 eorum
2136 2388 2165 2426 a
2196 2374 2307 2427 Deo
2334 2414 2349 2437 ,
2384 2383 2496 2428 ιιιιιι
2529 2374 2878 2444 serpentibus
2905 2374 3088 2427 traditi
3132 2381 3187 2427 et
3226 2373 3476 2427 hostibus

1913 2465 2047 2531 suis,
2076 2482 2138 2522 ac
2167 2468 2221 2521 in
2253 2467 2628 2535 captivitatem
2653 2466 3014 2520 miserrimam
3045 2465 3287 2528 abducti,
3312 2473 3474 2534 atque

1911 2557 2271 2611 servitutibus
2299 2558 2459 2613 doris
2490 2558 2683 2613 tentati
2721 2560 2883 2612 'sunt:
2920 2558 3063 2611 idem
3092 2573 3318 2627 prorsus
3340 2573 3474 2627 quo-

1910 2664 2017 2719 que
2067 2649 2267 2704 animis
2293 2652 2497 2705 nostris
2520 2651 2809 2721 contingit.
2836 2650 2989 2716 Quod
3034 2650 3211 2719 ipsum
3255 2664 3475 2721 quoque

1910 2756 2009 2810 per
2042 2746 2367 2812 prophetam
2395 2742 2736 2797 Ezechieiem
2769 2742 2997 2813 mystice
3040 2750 3475 2797 commonstrans

1910 2832 2149 2902 Spiritus
2176 2834 2242 2888 de
2275 2832 2595 2905 huiusmodi
2627 2834 2833 2896 anima,
2868 2834 3019 2888 velut
3048 2835 3115 2887 de
3144 2832 3473 2899 Jerusalem,

1910 2921 2238 2991 loquebatur
2266 2943 2280 2978 :
2317 2924 2498 2977 Inveni
2526 2932 2594 2988 te,
2623 2924 2823 2993 inquit,
2852 2924 2909 2977 in
2934 2924 3133 2978 deserto
3168 2925 3383 2988 nudam,
3426 2934 3475 2979 et

1911 3013 2055 3066 ablui
2110 3021 2160 3068 te
2189 3032 2332 3085 aqua
2375 3016 2439 3069 ab
2469 3014 2778 3086 impuritate
2801 3024 2914 3079 tua,
2955 3024 3005 3069 et
3038 3017 3188 3069 indui
3223 3026 3272 3070 te
3315 3019 3475 3071 vesti-

1833 3121 1880 3184 ε
1912 3116 2119 3170 mento,
2159 3110 2208 3159 et
2254 3106 2498 3161 armillas
2550 3108 2902 3178 circumposui
2948 3109 3190 3164 manibus
3232 3111 3332 3163 tuis
3359 3148 3374 3174 ,
3420 3119 3469 3163 et

1909 3204 2119 3265 torques
2148 3198 2287 3251 circa
2310 3195 2503 3253 collum
2533 3205 2703 3264 tuum,
2729 3210 2777 3253 et
2796 3202 3009 3257 inaures
3025 3202 3083 3257 in
3113 3199 3328 3259 auribus
3352 3206 3473 3270 tuis,

1908 3292 1957 3339 et
1989 3287 2132 3355 facta
2170 3304 2222 3341 es
2252 3291 2379 3343 mihi
2412 3291 2688 3344 nominata
2727 3292 2863 3346 inter
2892 3310 3068 3348 omnes
3094 3306 3286 3371 gentes.
3320 3296 3479 3351 Simia

1909 3378 2018 3431 lam
2057 3387 2107 3431 et
2158 3378 2331 3432 oleum
2374 3395 2435 3433 ac
2466 3378 2571 3433 mel
2607 3383 2892 3446 comedisti,
2945 3393 2993 3437 et
3033 3386 3102 3437 ad
3150 3385 3395 3441 ultimum
3426 3400 3478 3442 et

1908 3470 2070 3523 oblita
2101 3469 2347 3539 beneficia
2388 3488 2527 3525 mea.
2573 3473 2759 3529 Abiisti
2801 3483 2916 3530 post
2960 3486 3221 3533 amatores
3262 3489 3399 3546 tuos,
3428 3485 3477 3533 et

1908 3577 2023 3614 cum
2058 3562 2255 3631 pudore
2284 3563 2548 3631 fornicata
2572 3581 2624 3618 es
2647 3566 2710 3617 δ’.

1976 3754 2065 3808 ιν.
2108 3753 2199 3808 Sic
2227 3770 2448 3824 quoque
2477 3755 2739 3820 animam,
2770 3770 2891 3826 qua:
2922 3774 3020 3827 per
3050 3758 3278 3829 gratiam
3304 3758 3477 3815 Deum

1904 3848 2205 3916 cognoscit,
2244 3843 2481 3916 Spiritus
2528 3847 2788 3902 admonet
2831 3865 2845 3901 :
2883 3865 3004 3917 qua:
3037 3849 3324 3918 purificata
3349 3852 3475 3920 qui-

1904 3933 2027 3988 dem
2060 3950 2089 3987 a
2118 3934 2367 4004 pristinis
2414 3935 2671 4004 peccatis,
2704 3943 2761 3989 et
2809 3934 3047 4003 Spiritus
3095 3937 3274 3991 sancti
3316 3950 3478 3993 orna-

1904 4025 2108 4079 mentis
2128 4025 2405 4089 decorata,
2432 4040 2496 4079 ac
2525 4025 2800 4095 particeps
2814 4025 2954 4080 facta
2969 4026 3139 4080 divini
3162 4042 3225 4082 ac
3238 4027 3479 4083 caelestis

1904 4115 2037 4176 cibi,
2088 4114 2271 4170 minus
2296 4129 2429 4169 vero
2455 4115 2715 4178 decenter
2742 4115 2797 4169 in
2820 4116 2993 4169 multa
3013 4116 3325 4185 cognitione
3352 4132 3477 4173 vera

1904 4218 2021 4263 sata
2050 4250 2064 4273 ,
2110 4224 2212 4263 nec
2266 4209 2663 4263 convenienter
2726 4206 2967 4261 debitam
3016 4208 3227 4265 caelesti
3271 4224 3476 4280 sponso

1902 4296 2118 4354 Christo
2166 4300 2601 4353 benevolentiam
2644 4306 2699 4352 et
2721 4298 3072 4355 dilectionem
3114 4316 3472 4365 conservans,

1908 4391 2197 4461 projicitur
2226 4400 2281 4445 et
2306 4390 2620 4444 detruditur
2648 4406 2677 4444 a
2709 4390 2842 4456 vita,
2867 4392 3023 4462 cujus
3051 4402 3169 4447 erat
3198 4393 3473 4463 particeps

225 4469 481 4522 ϐαλλεται
505 4468 603 4538 τῆς
628 4469 774 4539 ζωῆς
801 4463 869 4540 ἧς
901 4486 1034 4523 ποτε
1069 4471 1295 4539 μέτοχος
1320 4468 1534 4537 γέγονε.
1567 4469 1798 4523 Δύναται
1825 4453 1879 4513 D

1781 4488 1798 4521 ι
1825 4453 1879 4513 D
1910 4453 2073 4534 iacta.
2109 4478 2265 4535 Valet
2298 4492 2535 4549 namque
2571 4479 2799 4536 Satanas
2829 4453 3213 4539 vel-adversus-
3228 4500 3347 4559 eos,
3375 4453 3469 4555 qui

224 4563 334 4628 γάρ
366 4562 396 4613 ὁ
433 4560 679 4624 Σατανᾶς
720 4563 814 4614 καὶ
854 4560 992 4631 μετὰ
1038 4560 1145 4615 τῶν
1184 4561 1415 4631 ἐχόντων
1442 4559 1669 4614 τοιαῦτα
1702 4561 1798 4630 μέ-

222 4668 330 4719 τρα
383 4650 704 4720 ἐπαίρεσθαι
755 4650 851 4705 καὶ
901 4650 1166 4721 ὑψοῦσθαι
1191 4689 1207 4714 ,
1242 4652 1336 4703 καὶ
1364 4650 1507 4703 κατὰ
1562 4650 1672 4703 τῶν
1708 4652 1799 4704 τὸν

223 4745 361 4795 Θεὸν
402 4745 459 4795 ἐν
505 4743 690 4813 χάριτι
723 4743 820 4797 xei.
851 4744 1079 4813 δυνάμει
1126 4742 1483 4812 ἐπιγνόντων,
1533 4744 1716 4813 ἀκμὴν
1765 4746 1798 4815 ἡ

225 4835 393 4887 κακία
423 4836 733 4905 ἐπαίρεται,
766 4836 863 4888 καὶ
894 4834 1220 4903 ἀγωνίζεται
1254 4836 1581 4905 καταράξαι.
1623 4838 1796 4904 ’Δγω-

224 4924 435 4979 νιστὲον
468 4926 650 4977 τοίνυν
701 4927 794 4977 καὶ
830 4925 1285 4997 παραφυλακτὲον
1330 4928 1423 4979 καὶ
1461 4927 1608 4996 ἡμᾶς
1654 4930 1801 4998 πάσῃ

226 5016 444 5068 συνέσει
470 5015 620 5084 μετὰ
644 5017 833 5084 φόϐου
856 5017 970 5086 τὴν
990 5015 1219 5071 ἑαυτῶν
1259 5019 1562 5086 σωτηρίαν
1598 5034 1803 5088 κατερ-

226 5106 533 5174 γάζεσθαι,
561 5107 746 5172 καθὼς
792 5109 1123 5181 γέγραπται.
1161 5110 1318 5163 Ὅσοι
1338 5105 1434 5164 οὖν
1460 5109 1674 5181 μέτοχοι
1706 5113 1801 5165 τοῦ

228 5196 546 5266 ῐινεῦματος
581 5198 820 5269 Χριστοῦ
848 5201 1141 5269 γεγόνατε,
1174 5203 1232 5254 ἐν
1260 5203 1451 5275 μηδενὶ
1489 5204 1798 5275 πράγματι,

230 5289 372 5357 μήτε
409 5291 466 5341 ἐν
516 5290 697 5360 μικρῷ
745 5292 885 5362 μήτε
914 5292 973 5345 ἐν
1020 5293 1239 5364 μεγάλῳ
1262 5337 1276 5359 ,
1313 5300 1801 5367 καταφρονητικῶς

224 5382 507 5451 διατεθῆτε
528 5423 543 5448 ,
571 5384 665 5435 καὶ
692 5380 791 5454 τὴν
822 5384 982 5455 χάριν
1010 5385 1105 5438 τοῦ
1137 5386 1453 5457 Πνεῦματος
1483 5388 1558 5459 μὴ
1588 5389 1802 5460 ἐνυῦρί·

228 5490 384 5541 σητε,
416 5472 505 5526 ’ίνα
538 5474 612 5543 μὴ
654 5474 751 5544 τῆς
792 5473 941 5544 ζωῆς
981 5477 1136 5541 ἐκτὸς
1177 5479 1407 5548 γένησθε
1430 5514 1445 5544 ,
1479 5472 1547 5550 ἦς
1582 5480 1801 5550 μέτοχοι

225 5565 327 5636 ἤδη
362 5566 644 5633 γεγόνατε.

299 5745 347 5778 ⁸⁵
377 5746 514 5803 Luc.
539 5765 627 5809 xv,
660 5750 712 5803 7.

546 5840 814 5901 ΡΑτιιοι..
857 5842 974 5904 Gtt.
1006 5845 1054 5902 Χ
1070 5846 1292 5905 XXIV.

790 5750 834 5780 "
858 5749 1022 5806 Zaclt.
1064 5769 1137 5813 xi,
1168 5756 1221 5807 2.
1302 5757 1345 5785 “‘
1385 5756 1665 5810 Exedunt:
1708 5756 1813 5822 Ωιι
1846 5773 1956 5822 xw,
1988 5757 2073 5812 19.

1908 4574 1972 4627 ad
1996 4574 2097 4627 hos
2123 4574 2325 4644 gradus
2353 4582 2743 4645 pervenerunt,
2765 4575 3046 4645 insurgere
3069 4575 3340 4631 etelevari
3369 4594 3383 4630 :
3416 4586 3471 4632 et

1907 4667 2169 4721 adversus
2190 4682 2305 4730 eos,
2333 4668 2426 4737 qui
2460 4668 2632 4723 Deum
2662 4668 2716 4721 in
2747 4667 2919 4738 gratia
2948 4678 3006 4722 et
3036 4669 3241 4724 virtute
3270 4684 3470 4740 cogno-

1904 4765 2123 4819 verunt,
2154 4756 2332 4811 adhuc
2356 4756 2601 4825 nequitia
2632 4756 2886 4827 insurgit,
2919 4772 2983 4812 ac
3010 4766 3241 4813 conatur
3255 4773 3353 4814 eos
3373 4760 3469 4815 dea

1903 4847 2148 4903 turbare.
2178 4845 2627 4903 Contendendum
2654 4848 2819 4916 igitur
2846 4862 2910 4901 ac
2939 4848 3241 4917 prudenter
3270 4865 3470 4903 caven-

1904 4938 2033 4993 dum
2056 4953 2274 5008 quoque
2303 4938 2463 4992 nobis
2495 4947 2599 5004 est,
2626 4948 2683 4991 ut
2706 4955 2822 4992 cum
2850 4941 3036 4993 timore
3068 4947 3307 4994 nostram
3329 4942 3469 5011 ipso-

1903 5042 2023 5085 rum
2048 5028 2274 5085 salutem
2306 5046 2581 5101 operemur
2601 5028 2668 5093 ⁸³,
2702 5040 2761 5084 ut
2791 5030 3057 5101 scriptum
3087 5040 3191 5087 est.
3222 5031 3465 5097 Quicun-

1902 5138 2009 5192 que
2040 5122 2205 5193 igitur
2235 5122 2531 5191 participes
2563 5121 2803 5191 Spiritus
2830 5120 3034 5176 Christi
3064 5122 3189 5178 facti
3223 5123 3377 5186 estis,
3414 5123 3471 5177 in

1903 5215 2052 5267 nulla
2086 5229 2166 5277 re,
2202 5214 2315 5268 sive
2364 5226 2529 5284 parva
2570 5213 2685 5267 sive
2718 5229 2944 5284 magna,
2981 5214 3340 5284 contemptim
3393 5214 3469 5269 ita

1900 5307 2021 5362 sitis
2047 5308 2229 5365 animo
2262 5308 2548 5378 dispositi,
2583 5318 2645 5364 ut
2676 5310 2791 5365 haec
2834 5313 3201 5367 contemnatis
3226 5354 3240 5376 ,
3290 5327 3469 5381 neque

1900 5399 2128 5468 gratiam
2189 5399 2429 5471 Spiritus
2493 5404 2825 5459 contumelia
2883 5405 3167 5469 aﬂiciatis,
3232 5421 3300 5461 ne
3356 5408 3466 5460 vita

1900 5490 2208 5559 privemini,
2242 5493 2401 5563 cujus
2424 5493 2719 5565 participes
2746 5495 2871 5550 facti
2905 5497 3091 5552 eratis.

2156 5759 2194 5789 θ’
2221 5759 2416 5814 Ezocli.
2447 5776 2543 5814 xvi,
2588 5762 2621 5814 ϐ
2643 5776 2751 5825 seq.
2836 5764 2877 5794 ⁵⁸
2916 5764 3150 5837 Philipp.
3181 5781 3240 5826 tt.
3272 5764 3359 5821 ης

2910 5858 2985 5916 19
