4282 6364
840 418 944 483 579

2070 404 2132 463 S.
2173 397 2490 462 MACARII
2528 395 2849 457 IEGYPTII

3969 380 4081 446 580

914 528 977 582 ν.
1000 524 1113 580 Hoc
1139 524 1315 593 ipsum
1335 520 1515 576 denuo
1537 518 1591 572 in
1615 516 1720 571 alia
1740 529 1973 587 persona
1989 513 2186 568 dicam.
2208 510 2409 577 Quem—
2433 514 2485 573 Α
2579 510 2605 562 ε

2393 538 2409 549 -
2433 514 2485 573 Α
2579 510 2641 563 Ε.
2669 507 2781 561 Καὶ
2797 505 2957 559 πάλιν
2982 503 3156 574 ἑτέρῳ
3183 501 3460 575 προσώπῳ
3476 498 3635 563 λέξω.
3654 498 3866 565 Ὠσπερ
3892 497 4084 558 δοῦλος

849 616 1142 675 admodum
1187 628 1379 669 servus
1425 610 1686 681 palatium
1733 606 1953 676 aliquod
1998 606 2295 675 ingressus,
2342 612 2403 657 ut

845 716 1045 764 tractet
1078 720 1204 760 vasa
1226 702 1539 765 ministerii,
1568 716 1635 754 ex
1659 699 1801 768 regis
1827 697 1986 751 bonis
2009 696 2197 760 sumit,
2220 694 2403 748 nudus

844 819 967 857 cum
1013 802 1128 869 ipse
1158 798 1390 859 venerit,
1423 806 1585 864 atque
1626 795 1680 848 in
1718 792 1851 863 ipsis
1869 789 2090 843 vasibus
2126 804 2247 858 qua:
2274 795 2403 842 sunt

844 892 1009 961 regis,
1041 889 1312 943 ministrat
1339 887 1483 956 regi:
1506 894 1762 940 caeterum
1782 882 1875 937 hic
1898 897 2088 952 magna
2111 880 2402 951 prudentia

844 999 908 1038 ac
928 982 1134 1053 judicio
1167 996 1305 1049 Opus
1328 988 1431 1040 est,
1461 993 1529 1032 ne
1555 987 1749 1047 praeter
1779 975 2044 1030 decorum
2074 971 2207 1042 quid
2235 970 2403 1025 mini-

844 1084 999 1136 stret,
1033 1074 1136 1127 alia
1165 1089 1264 1143 pro
1296 1072 1419 1125 aliis
1444 1071 1721 1125 esculenta
1750 1083 2031 1138 apponens
2064 1065 2224 1136 regia:
2245 1079 2403 1117 men-

845 1184 938 1231 saa,
967 1167 1061 1221 sed
1094 1175 1154 1220 ut
1194 1165 1387 1219 ordine
1433 1171 1669 1228 servato,
1713 1162 1889 1231 prima
1932 1169 2094 1229 atque
2125 1166 2402 1228 postrema

845 1270 1079 1330 apponat
1105 1258 1345 1321 cibaria;
1377 1256 1462 1310 sin
1495 1270 1627 1309 vero
1656 1270 1723 1309 ex
1768 1254 2071 1324 ignorantia
2117 1268 2181 1307 ac
2210 1248 2402 1320 iudicii

846 1353 1059 1407 defectu
1091 1366 1199 1404 non
1230 1351 1379 1420 juxta
1415 1348 1666 1401 ordinem
1692 1347 1803 1416 regi
1835 1345 2125 1402 ministret.
2156 1343 2405 1413 periculo

846 1444 1116 1511 mortique
1156 1440 1424 1496 obnoxius
1466 1438 1524 1491 iit
1545 1456 1568 1499 ε,
1586 1439 1667 1491 sic
1694 1437 1967 1500 etanima,
1994 1452 2115 1505 quae
2148 1436 2202 1489 in
2232 1435 2405 1505 gratia

846 1547 902 1592 et
932 1536 1138 1604 Spiritu
1186 1532 1552 1587 ministerium
1591 1531 1704 1584 Deo
1742 1529 1986 1590 exhibet,
2036 1536 2292 1581 accurato
2320 1528 2407 1596 ju-

847 1627 991 1680 dicio
1021 1633 1076 1677 et
1107 1624 1417 1693 cognitione
1450 1622 1676 1691 indiget,
1712 1637 1782 1675 ne
1815 1620 1946 1690 quid
1982 1613 2199 1673 aberret
2225 1619 2279 1671 in
2306 1634 2403 1671 va-

848 1718 1000 1771 sibus
1039 1714 1259 1780 divinis,
1305 1724 1399 1768 aut
1429 1712 1735 1767 ministerio
1779 1711 2047 1780 spirituali
2078 1752 2092 1775 ,
2128 1709 2403 1779 propriam

849 1810 1205 1868 voluntatem,
1236 1822 1344 1859 non
1377 1814 1763 1871 congruentem
1799 1804 2004 1873 gratiae,
2043 1802 2273 1855 habens.
2309 1800 2405 1853 Li-

2503 599 2597 652 ὲάν
2634 597 2852 667 εἰσέλθῃ
2884 598 2942 648 ἐν
2966 594 3243 663 παλατίῳ,
3275 590 3622 661 ὑπηρετῆσαι
3661 589 3729 642 τὰ
3773 587 3946 656 σκεύη
3974 587 4081 655 τῆς

2504 688 2808 759 ὑπηρεσίας
2829 726 2845 749 ,
2877 690 2941 740 ὲκ
2980 686 3090 739 τῶν
3119 684 3213 737 τοῦ
3259 683 3523 753 βασιλέως
3548 680 3902 750 ὑπαρχόντων
3932 678 4082 746 λαμ-

2501 780 2656 834 ϐἀνει
2674 821 2690 846 ,
2719 779 2881 841 αὐτὸς
2920 779 2977 831 δὲ
3006 775 3212 847 γυμνὸς
3239 775 3575 843 εἰσέρχεται,
3605 770 3703 824 καὶ
3728 773 3788 822 ὲν
3818 772 3934 830 τοῖς
3980 768 4079 821 τοῦ

2501 873 2767 947 βασιλέως
2798 872 3045 927 σκεύεσιν
3086 871 3353 941 ὑπηρετεῖ
3378 868 3456 937 τῷ
3483 868 3725 937 βασιλεῖ’
3755 864 3943 917 λοιπὸν
3968 855 4077 915 ὧδε

2502 966 2704 1036 πολλῆς
2746 966 3012 1027 συνέσεως
3060 964 3156 1016 καὶ
3196 963 3519 1032 διακρίσεως
3551 959 3708 1031 χρεία
3734 998 3752 1021 ,
3810 958 3899 1010 ἵνα
3939 959 4078 1025 μήτ-ι

2502 1060 2657 1131 παρά
2688 1058 2749 1111 τὸ
2767 1058 2886 1111 δέον
2912 1057 3203 1127 διακονήσῃ
3226 1095 3241 1118 ,
3272 1056 3407 1108 ἄλλα
3434 1057 3554 1108 ἀντὶ
3592 1052 3768 1107 ἀλλων
3796 1052 4081 1120 ἐδέσματα.

2504 1146 2813 1216 εἰσαγαγὼν
2851 1150 2919 1218 τῇ
2969 1146 3065 1200 τοῦ
3106 1145 3367 1216 βασιλέως
3410 1143 3691 1215 τραπέζῃ,
3739 1142 3876 1195 ἀλλὰ
3932 1140 4081 1195 κατὰ

2504 1242 2824 1297 ἀκολουθίαν
2854 1242 2921 1295 τὰ
2948 1241 3141 1311 πρῶτα
3161 1242 3256 1294 καὶ
3292 1241 3362 1293 τὰ
3391 1240 3592 1309 ἔσχατα
3620 1237 3840 1309 παραϐῇ
3870 1236 4027 1289 σιτία
4059 1252 4074 1264 ·

2504 1335 2553 1386 εἰ
2598 1334 2654 1385 δὲ
2694 1334 2835 1387 κατά
2870 1334 3095 1400 ἄγνοιαν
3137 1336 3230 1385 καὶ
3272 1330 3616 1402 ἀδιακρισίαν
3666 1330 3741 1400 μὴ
3776 1330 4080 1398 διακονήσῃ

2504 1424 2582 1492 τῷ
2634 1423 2843 1494 βασιλεῖ
2885 1424 3152 1493 καθεξῆς,
3188 1426 3431 1477 κινδύνου
3480 1425 3576 1477 καὶ
3619 1423 3847 1476 θανάτου
3893 1422 4085 1491 ἔνοχος

2504 1517 2763 1585 τυγχάνει
2790 1532 2803 1545 ⁸
2828 1516 2999 1578 οὕτως
3019 1516 3273 1584 καὶψυχὴ
3296 1518 3355 1567 ὲν
3379 1519 3444 1587 τῇ
3475 1516 3657 1585 χάριτι
3682 1515 3773 1567 καὶ
3802 1514 3883 1582 τῷ
3905 1512 4082 1565 Ilvati-

2510 1624 2643 1676 ματι
2692 1607 3016 1661 διακονοῦσα
3059 1607 3138 1675 τῷ
3187 1608 3345 1675 Θεῷ,
3378 1607 3577 1675 πολλῆς
3627 1606 3954 1671 διακρίσεως
3986 1606 4082 1655 καὶ

2505 1697 2759 1767 γνώσεως
2792 1698 2982 1769 χρῄζει
3008 1738 3023 1761 ,
3055 1700 3202 1761 ὅπως
3232 1700 3361 1768 μήτι
3391 1700 3565 1769 σφαλῇ
3597 1701 3654 1752 ὲν
3677 1701 3789 1761 τοῖς
3817 1698 3912 1749 τοῦ
3942 1696 4085 1749 Θεοῦ

2509 1790 2781 1857 σκεύεσιν,
2823 1792 2991 1861 ἤγουν
3035 1794 3101 1861 τῇ
3145 1791 3240 1843 τοῦ
3282 1789 3601 1860 Πνεύματος
3646 1790 3931 1858 διακονίᾳ,
3979 1789 4085 1859 τὴν

849 1910 936 1953 cet
966 1898 1134 1961 enim,
1181 1906 1241 1950 ut
1286 1895 1476 1964 utique
1507 1895 1561 1947 in
1596 1860 1901 1947 ministerio
1930 1890 2223 1961 spirituali,
2258 1888 2405 1959 quod
2438 1860 2480 1914 Β
2514 1884 2540 1935 ιε

2389 1888 2405 1941 l
2438 1860 2480 1914 Β
2514 1884 2649 1936 ιδίαν
2676 1860 2993 1954 προαίρεσιν
3021 1860 3098 1954 μῆ
3126 1882 3523 1952 συμφωνοῦσαν
3551 1887 3617 1953 τῇ
3645 1885 3827 1953 χάριτι
3856 1884 4080 1953 ἔχουσα.

849 1994 987 2047 clam
1042 2006 1142 2059 per
1185 1989 1501 2043 interiorem
1555 1986 1828 2039 hominem
1882 1984 2181 2053 peragitur,
2242 1990 2299 2036 et
2351 1982 2406 2035 in

850 2084 1088 2154 propriis
1126 2082 1365 2141 vasibus,
1403 2080 1506 2133 hoc
1555 2086 1657 2141 est,
1706 2077 1901 2147 spiritu
1952 2076 2195 2145 proprio,
2228 2073 2409 2129 anima

851 2175 1080 2229 Domino
1123 2173 1419 2226 ministret.
1466 2171 1685 2239 Absque
1734 2184 1865 2223 vero
1898 2170 1993 2223 Dei
2028 2168 2271 2231 vasibus,
2305 2167 2410 2220 hoc

850 2274 954 2329 est,
987 2265 1191 2332 absque
1233 2263 1425 2332 gratia,
1473 2261 1807 2331 impossibile
1837 2269 1920 2316 est
1947 2260 2256 2331 quempiam
2298 2259 2409 2312 Deo

851 2357 1078 2422 servire,
1112 2357 1216 2410 hoc
1244 2362 1328 2410 est
1365 2354 1584 2424 placere
1630 2353 1684 2407 in
1727 2367 2053 2421 quacunque
2080 2351 2177 2406 Dei
2216 2350 2412 2404 volun-

853 2460 983 2506 tate.

924 2611 1014 2666 Vl.
1054 2612 1123 2665 At
1157 2609 1250 2664 ubi
1279 2608 1551 2678 acceperit
1582 2606 1829 2676 gratiam,
1874 2613 1989 2659 tum
2036 2617 2247 2658 summa
2277 2618 2414 2672 pru-

856 2701 1041 2756 dentia
1072 2707 1233 2768 atque
1258 2697 1464 2768 judicio
1496 2712 1635 2766 opus
1658 2704 1760 2759 est,
1789 2710 1908 2764 quae
1932 2693 2098 2749 etiam
2134 2694 2251 2762 ipsa
2279 2708 2414 2746 con-

857 2794 1002 2848 cedit
1036 2794 1180 2847 Deus
1203 2792 1396 2845 animae
1422 2806 1451 2844 a
1476 2806 1534 2845 se
1562 2789 1882 2859 postulanti,
1919 2796 1981 2842 ut
2010 2786 2334 2857 gravissima
2363 2784 2415 2839 ei

854 2885 1026 2955 possit
1054 2884 1313 2937 exhibere
1336 2882 1553 2936 servitia
1580 2881 1634 2934 in
1656 2880 1888 2950 Spiritu,
1916 2893 2081 2948 quem
2105 2877 2333 2946 accipit;
2360 2883 2417 2930 et

855 2979 910 3031 in
944 2977 1094 3031 nullo
1116 2976 1367 3029 vincatur
1388 2990 1417 3027 a
1441 2973 1645 3027 malitia
1670 2982 1833 3040 atque
1864 2970 2109 3034 fallatur,
2138 2983 2235 3037 per
2262 2968 2415 3037 igno-

858 3072 1111 3131 rantiam,
1142 3066 1503 3121 temeritatem
1534 3080 1597 3119 ac
1620 3064 2004 3134 negligentiam
2036 3076 2247 3124 aversa,
2276 3074 2417 3129 pne-

2516 1978 2670 2029 Ἐστι
2708 1976 2817 2046 γὰρ
2861 1978 2919 2028 ἑν
2943 1978 3010 2046 τῇ
3043 1976 3138 2028 τοῦ
3184 1976 3501 2045 Πνεύματος
3544 1977 3791 2045 διακονίᾳ
3820 1975 4086 2046 κρυπτῶς

2512 2068 2617 2121 ὑπὸ
2649 2068 2743 2121 τοῦ
2787 2069 2894 2121 ἔσω
2934 2068 3220 2138 ἀνθρώπου
3264 2069 3658 2139 ἐπιτελουμένη
3681 2110 3696 2134 ,
3746 2070 3841 2122 καὶ
3882 2070 3943 2121 ὲν
3972 2070 4087 2130 τοίς

2515 2158 2666 2220 ἰδίοις
2700 2157 2922 2211 σκεύεσι
2948 2198 2964 2223 ,
2996 2159 3244 2212 τουτέστι
3284 2158 3363 2228 τῷ
3403 2158 3677 2227 πνεύματι
3703 2156 3870 2209 αὑτοῦ
3898 2156 4088 2209 διακο-

2511 2249 2720 2303 νεῖσθαι
2748 2250 2841 2303 τὸν
2884 2249 3089 2321 Κύριον
3132 2249 3240 2303 ὑπὸ
3280 2249 3377 2319 τῆς
3415 2248 3619 2318 ψυχῆς.
3673 2249 3834 2301 ’Δνευ
3874 2246 3933 2299 δὲ
3976 2246 4092 2298 τῶν

2511 2344 2680 2399 αὑτοῦ
2710 2345 2945 2409 σκευῶν,
2974 2344 3222 2398 τουτέστι
3249 2344 3351 2413 τῆς
3392 2344 3613 2415 χάριτος
3632 2384 3647 2409 ,
3676 2342 3940 2396 ἀδύνατόν
3965 2357 4091 2393 τινα

2510 2439 2592 2510 τῷ
2614 2437 2734 2508 Θεῷ
2756 2438 3094 2508 διακονῆσαι,
3114 2438 3415 2504 τουτέστιν,
3432 2437 3791 2507 εὐαρεστῆσαι
3810 2438 3891 2498 είς
3906 2436 4090 2489 πάντα

2512 2530 2582 2584 τὰ
2615 2530 2710 2583 τοῦ
2741 2529 2876 2583 Θεοῦ
2910 2530 3215 2599 Θελήματα.

2586 2625 2678 2689 ς’.
2720 2623 2830 2675 Καὶ
2856 2622 2987 2674 ὅταν
3023 2622 3163 2691 λάϐῃ
3212 2622 3313 2692 τὴν
3359 2621 3544 2692 χάριν,
3592 2621 3689 2675 καὶ
3730 2621 3852 2673 τότε
3887 2619 4093 2688 πολλῆς

2517 2713 2787 2775 συνέσεως
2842 2714 2937 2767 καὶ
2967 2713 3289 2784 διακρίσεως
3331 2712 3524 2782 χρεία,
3591 2712 3737 2781 ἅπερ
3781 2712 3879 2765 καὶ
3915 2710 4094 2763 ταῦτα

2516 2806 2677 2867 αὐτὸς
2705 2805 2919 2857 δίδωσιν
2951 2804 3089 2874 αὐτῇ
3134 2804 3371 2874 ζητούσῃ
3409 2805 3561 2872 παρά
3589 2801 3758 2864 Θεοῦ,
3815 2803 3967 2863 ὅπως
3999 2802 4088 2853 εύ-

2516 2897 2762 2967 αρέστως
2782 2896 2930 2967 αύτῷ
2953 2896 3247 2968 διακονήσῃ
3270 2897 3329 2948 ὲν
3344 2895 3421 2966 τῷ
3443 2896 3719 2965 Πνεύματι
3746 2895 3775 2947 ὃ
3798 2893 4091 2962 λαμϐάνει,

2516 2991 2611 3041 καὶ
2642 2991 2699 3041 ὲν
2739 2990 2930 3060 μηδενὶ
2968 2992 3144 3060 κρατῇ
3197 2990 3304 3042 ὑπὸ
3333 2990 3432 3059 τῆς
3482 2990 3678 3051 κακίας
3736 2989 3830 3040 καὶ
3883 2986 4090 3054 σφαλῇ.

2519 3082 2624 3134 ὑπὸ
2660 3082 2883 3150 ἀγνοίας
2931 3083 3025 3135 καὶ
3063 3082 3296 3150 ἀφοϐίας
3340 3084 3433 3135 καὶ
3480 3082 3741 3152 ἀμελείας
3800 3098 4091 3151 παρατρα-

860 3172 1050 3229 ιθτίιυθ
1103 3159 1362 3257 δεξοοτωη
1383 3155 1692 3257 Ρξηηίηίοέἓ
1721 3153 2016 3257 νοιυίιξδίίε
2068 3154 2248 3257 οξηῖξίθ
2293 3168 2417 3257 Pe':
2442 3196 2483 3253 α
2518 3175 2715 3236 πεῖσα,
2746 3174 2841 3227 καὶ
2869 3172 3022 3244 παρά
3052 3174 3115 3225 τὸ
3143 3173 3262 3228 δέον
3292 3174 3387 3227 τοῦ
3421 3173 3747 3227 Δεσποτικοῦ
3784 3171 4092 3240 διαπραξα-

858 3268 1023 3323 agens
1049 3269 1062 3304 :
1084 3251 1211 3320 quia
1240 3248 1590 3317 supplicium,
1625 3261 1777 3299 mors
1813 3254 1866 3299 et
1889 3246 2073 3300 luctus
2102 3242 2412 3313 hujusmodi
2447 3242 2483 3253 “”
2520 3284 2549 3337 μ

2401 3243 2412 3295 ί
2447 3242 2483 3253 *
2520 3267 2655 3337 μένη
2694 3242 3034 3337 θελήματος,
3080 3267 3206 3320 ἐπεὶ
3244 3268 3514 3338 τιμωρία,
3550 3268 3645 3320 καὶ
3691 3266 3956 3327 θάνατος,
3996 3265 4092 3315 καὶ

864 3343 970 3413 54
1000 3341 1233 3396 animam
1269 3346 1471 3391 manet.
1517 3336 1671 3402 Quod
1702 3336 1868 3389 etiam
1913 3335 2071 3387 divus
2123 3333 2417 3402 Apostolus

858 3436 997 3489 dixit
1028 3452 1042 3486 ε
1075 3434 1149 3487 Ne
1182 3433 1314 3502 forte
1334 3447 1453 3484 cum
1482 3428 1601 3483 aliis
1634 3429 2044 3498 praedicaverim,
2094 3428 2202 3495 ipse
2236 3441 2417 3495 repro-

859 3526 952 3579 bus
984 3525 1174 3594 eﬁ‘iciar
1209 3524 1274 3575 ⁸³.
1306 3521 1470 3577 Vides
1497 3536 1619 3574 cum
1656 3519 1751 3573 Dei
1798 3519 2074 3587 apostolus
2106 3525 2271 3580 esset,
2308 3531 2419 3586 quo

858 3618 1022 3670 fuerit
1049 3615 1277 3669 timore?
1306 3612 1668 3667 Obsecremus
1696 3611 1859 3679 igitur
1883 3610 2191 3673 Dominum,
2224 3616 2283 3661 ut
2304 3623 2420 3662 ser-

858 3706 1051 3759 vitium
1082 3703 1317 3772 Spiritus
1337 3701 1634 3755 secundum
1652 3702 1987 3753 voluntatem
2012 3700 2131 3769 ejus
2154 3699 2207 3751 in
2228 3698 2421 3767 primis

857 3796 1232 3858 exhibeamus,
1292 3793 1606 3863 quicunque
1649 3790 1834 3861 gratiae
1886 3789 2085 3843 divina:
2129 3787 2421 3857 participes

858 3890 986 3943 facti
1032 3903 1241 3952 sumus,
1274 3898 1452 3955 neque
1497 3892 1679 3937 mente
1711 3881 1777 3935 ad
1822 3888 2199 3948 contemptum
2230 3877 2419 3947 dispo-

855 3986 963 4034 sita
996 3981 1371 4041 convivamus,
1404 3986 1462 4030 ut
1491 3976 1596 4029 hoc
1628 3973 1789 4027 modo
1817 3972 2123 4043 gratissima
2146 3970 2259 4024 Deo
2287 3984 2419 4023 con-

858 4073 1167 4129 versatione
1211 4077 1449 4130 utentes,
1498 4083 1562 4122 ac
1609 4064 1881 4136 Spirituali
1926 4063 2076 4116 cultu
2117 4060 2420 4117 secundum

857 4168 1191 4220 voluntatem
1228 4164 1349 4234 ejus
1379 4162 1453 4215 illi
1492 4161 1885 4222 ministrantes,
1911 4166 2129 4212 aeterna:
2156 4154 2281 4209 vitae
2308 4154 2420 4208 ha:-

858 4258 1145 4313 reditatem
1179 4270 1486 4311 cernamus.

927 4350 1039 4404 Vll.
1078 4349 1266 4403 Morbo
1305 4349 1352 4401 si
1401 4346 1523 4414 quis
1571 4346 1801 4407 laborat,
1840 4353 2020 4397 tamen
2054 4340 2170 4396 fieri
2218 4346 2420 4411 potest,

859 4450 921 4495 ut
949 4441 996 4494 is
1024 4441 1266 4494 membra
1292 4438 1541 4507 quadam
1576 4437 1740 4490 illasa
1766 4450 1831 4489 ac
1860 4448 1991 4489 sana
2020 4432 2240 4495 habeat,
2284 4444 2421 4485 ocu-

2517 3356 2712 3419 πένθος
2738 3361 2805 3429 τῇ
2833 3360 3059 3433 τοιαύτῃ
3088 3360 3238 3413 ἔσται
3264 3358 3408 3428 ψυχῇ
3439 3376 3450 3388 ·
3486 3357 3514 3409 ὃ
3544 3358 3639 3409 καὶ
3675 3356 3703 3407 ὁ
3734 3356 3878 3416 Θείός
3924 3371 4095 3422 φησιν

2531 3448 2870 3514 Ἀπόστολοςσ
2888 3453 2983 3521 Μή
3011 3467 3135 3519 πως
3158 3452 3367 3516 ἄλλοις
3389 3450 3654 3518 κηρύξας
3676 3447 3857 3513 αὐτὸς
3886 3445 4095 3499 ἀδόκι-

2514 3555 2629 3608 μσς
2656 3539 2910 3609 γένωμαι
2932 3557 2947 3571 ·
2977 3544 3109 3614 ὁρᾷς
3129 3583 3144 3605 ,
3183 3542 3479 3604 ἀπόστολος
3531 3540 3606 3592 ὣν
3635 3540 3729 3592 τοῦ
3770 3537 3905 3591 Θεοῦ
3926 3576 3941 3599 ,
3980 3532 4097 3588 οἷον

2519 3626 2632 3699 εἶχε
2672 3631 2861 3698 φόϐον;
2894 3633 3372 3702 Παρακαλέσωμεν
3415 3632 3594 3685 τοίνυν
3614 3632 3704 3683 τὸν
3738 3630 3895 3691 Θεὸν,
3932 3630 4093 3689 ὅπως

2519 3720 2621 3789 τὴν
2652 3722 2925 3775 διακονίαν
2955 3721 3051 3774 τοῦ
3081 3722 3394 3791 Πνεύματος
3424 3721 3563 3773 κατά
3593 3720 3655 3772 τὸ
3682 3718 3845 3772 αὐτοῦ
3875 3717 4094 3787 θέλημα

2519 3810 2931 3883 διακονήσωμεν
2960 3814 3273 3884 ἐξαιρέτως,
3308 3814 3420 3867 ὅσοι
3447 3815 3545 3882 τῆς
3576 3812 3795 3881 χάριτος
3831 3808 3924 3862 τοῦ
3949 3808 4093 3862 Θεοῦ

2519 3902 2805 3973 ἐτύχομεν,
2827 3904 2921 3957 καὶ
2950 3905 3025 3973 μὴ
3046 3908 3114 3974 τῇ
3136 3906 3581 3973 καταφρονητικῇ
3610 3903 3862 3971 συζῶμεν
3889 3901 4094 3974 ἐννοίᾳ,

2519 3994 2608 4046 ἵνα
2663 3992 2838 4057 οὕτως
2881 3995 3189 4065 εὐαρέστως
3238 3995 3388 4064 αὐτῷ
3440 3995 3892 4062 πολιτευσάμενοι
3917 4035 3933 4060 ,
4002 3998 4098 4049 καὶ

2520 4090 2869 4157 πνευματικῇ
2899 4086 3123 4159 λατρεία
3152 4090 3291 4142 κατὰ
3322 4088 3381 4140 τὸ
3414 4087 3625 4156 θέλημα
3659 4086 3825 4141 αὐτοῦ
3858 4088 4098 4158 λατρεύ-

2523 4191 2715 4238 σαντες
2744 4176 2928 4245 αὐτῷ,
2966 4177 3063 4247 τὴν
3097 4175 3316 4231 αἰώνιον
3349 4174 3497 4246 ζωὴν
3525 4177 4059 4247 κληρονομήσωμεν.

2594 4357 2667 4411 Ζ¹.
2718 4355 3026 4409 Ἀσσενειαν
3055 4370 3120 4406 πε
3132 4353 3361 4424 ρίκειταί
3389 4370 3505 4417 τις,
3542 4369 3637 4406 κα.
3662 4350 3950 4422 συμϐαίνει
3972 4352 4099 4407 τινὰ

2527 4447 2663 4518 μέλη
2697 4446 2843 4516 ἔχειν
2874 4446 3036 4499 αὐτὸν
3066 4446 3230 4513 ὑγιᾶ,
3260 4443 3536 4513 ὀφθαλμὸν
3571 4445 3701 4506 ῐσως
3738 4443 3936 4511 ὅψεως,
3978 4444 4014 4513 ἦ
4048 4460 4101 4495 τι

861 4534 975 4585 lum
1004 4530 1262 4584 videlicet
1290 4529 1536 4591 visionis,
1568 4537 1663 4581 aut
1706 4524 1851 4580 aliud
1885 4523 2193 4579 membrum
2229 4539 2243 4575 :
2291 4520 2422 4575 reli-
2452 4536 2498 4591 ι)
2525 4539 2552 4592 ε

2409 4551 2422 4560 ’
2452 4536 2498 4591 D
2525 4539 2733 4609 ἕτερον,
2766 4539 2903 4592 ἀλλά
2935 4539 3005 4591 τὰ
3042 4537 3205 4591 λοιπά
3235 4537 3374 4608 μέλη
3404 4536 3733 4605 ὴφάνισταιο
3776 4534 3951 4596 οὕτως
3978 4535 4100 4587 ἐστὶ

859 4644 965 4695 qua
996 4642 1123 4681 vero
1157 4624 1398 4679 membra
1419 4623 1733 4676 adiciuntur
1764 4639 1778 4674 :
1810 4620 1888 4675 sic
1918 4634 2135 4688 quoque
2170 4617 2334 4671 habet
2364 4631 2424 4671 se

862 4734 950 4771 res
981 4719 1033 4771 in
1059 4715 1452 4787 spiritualibus.
1475 4712 1762 4767 Probabile
1782 4722 1886 4775 est,
1917 4711 2228 4781 quempiam
2254 4721 2425 4785 mem-

863 4810 957 4863 bra
1005 4810 1231 4878 spiritus
1271 4808 1375 4861 tria
1420 4806 1623 4859 habere
1672 4820 1821 4870 sana,
1858 4804 1953 4858 sed
1986 4818 2093 4857 non
2136 4810 2423 4872 propterea

862 4901 1138 4971 perfectus
1162 4908 1263 4953 est.
1295 4898 1462 4952 Vides
1489 4905 1623 4967 quot
1645 4896 1846 4967 gradus
1872 4906 1929 4950 et
1956 4895 2100 4948 modi
2132 4894 2242 4948 sint
2266 4893 2425 4962 spiri-

864 5005 952 5046 tus
985 5010 997 5043 :
1030 4990 1301 5059 quomodo
1348 5005 1445 5059 per
1490 4998 1671 5059 partes
1719 4987 2014 5041 defmeetur
2051 5000 2115 5039 ac
2144 4985 2425 5038 minuatur

862 5082 1090 5147 malitia,
1116 5090 1173 5134 et
1202 5096 1308 5133 non
1335 5096 1443 5133 uno
1478 5090 1776 5133 momento.
1810 5076 2095 5140 Universa,
2124 5092 2245 5145 qua:
2274 5082 2421 5136 sunt,

864 5169 1207 5238 providentia
1230 5184 1293 5221 ac
1315 5167 1718 5236 dispensatione
1741 5166 1926 5219 divina
1956 5164 2113 5225 ﬁunt,
2140 5173 2253 5217 tum
2276 5162 2422 5231 quod

862 5262 1073 5314 oriatur
1124 5260 1226 5323 sol,
1273 5267 1385 5312 tum
1418 5258 1562 5328 quod
1588 5272 1777 5312 omnes
1803 5266 2066 5311 creaturae
2090 5264 2314 5325 propter
2342 5269 2427 5307 re-

864 5369 1055 5424 gnum,
1081 5352 1224 5421 quod
1246 5351 1593 5405 hatreditario
1616 5353 1735 5421 jure
1755 5349 2057 5420 possessuri
2092 5357 2221 5402 sunt
2242 5347 2423 5410 electi,

863 5444 1019 5497 facta:
1045 5442 1175 5508 sint,
1202 5449 1261 5495 ut
1281 5442 1563 5512 paciﬁcum
1591 5456 1655 5494 ac
1680 5456 1747 5495 ex
1775 5440 2066 5495 concordia
2086 5440 2424 5495 constituant

866 5550 1113 5603 regnum.

933 5627 1065 5679 Vill.
1104 5625 1314 5680 Debent
1342 5625 1507 5694 igitur
1535 5624 1827 5680 Christiani
1858 5640 1954 5695 per
1983 5640 2161 5679 omnia
2199 5634 2422 5679 conten-

938 5813 982 5844 δ’
1022 5810 1197 5867 lCOI.
1228 5828 1300 5878 ιι,
1332 5812 1421 5865 ‘27.

2524 4631 2621 4685 καὶ
2650 4633 2729 4694 είς
2761 4633 2824 4684 τὸ
2853 4630 3243 4701 πνευματικόν.
3273 4630 3433 4691 Είκός
3466 4647 3587 4682 τινα
3612 4628 3757 4698 ἔχειν
3787 4628 3918 4695 ὑγιᾶ
3956 4629 4099 4698 μέλη

2522 4722 2617 4775 τοῦ
2645 4723 2955 4789 πνεύματος
2989 4721 3152 4789 τρία,
3204 4720 3319 4774 ἀλλ’
3366 4721 3427 4772 οὐ
3479 4720 3632 4789 παρά
3684 4718 3843 4772 τοῦτο
3889 4720 4101 4780 τέλειός

2525 4817 2691 4868 ἐστιν.
2740 4814 2902 4883 Ὁρᾷς
2934 4813 3089 4865 πόσοι
3118 4812 3314 4883 βαθμοί
3337 4814 3442 4865 είσι
3474 4814 3568 4865 καὶ
3600 4813 3772 4883 μέτρα
3796 4810 3892 4864 τοῦ
3930 4813 4099 4864 πνεύ-

2528 4920 2714 4972 ματος·
2749 4902 2865 4965 πῶς
2899 4901 3039 4955 κατά
3084 4902 3249 4971 μέρος
3284 4901 3581 4966 διῦλίζεται
3632 4902 3725 4955 xui.
3767 4901 4100 4955 λεπτύνεται

2526 4996 2585 5046 τὸ
2616 4994 2805 5057 κακὸν,
2829 4996 2922 5047 καὶ
2953 4995 3053 5064 οὐχ
3084 4994 3251 5059 ἅπαξ.
3279 4995 3414 5065 Ὀλη
3436 4996 3469 5064 ἡ
3506 4997 3729 5065 πρόνοια
3760 4997 3853 5049 καὶ
3886 4996 4100 5048 οἰκονο-

2531 5086 2627 5154 μία
2658 5083 2753 5137 τοῦ
2786 5084 2991 5156 Κυρίου
3011 5125 3026 5146 ,
3058 5086 3154 5139 καὶ
3197 5085 3259 5138 τὺ
3293 5086 3607 5139 ἀνατέλλειν
3653 5087 3742 5139 τὸν
3773 5087 3951 5157 ἥλιον,
4003 5090 4100 5141 καὶ

2527 5177 2704 5230 πάντα
2754 5177 2821 5229 τὰ
2855 5177 3356 5247 δημιουργήματα,
3392 5178 3481 5231 διὰ
3530 5179 3627 5248 τὴν
3679 5177 3985 5247 βασιλείαν,
4031 5181 4099 5248 ἦν

2529 5267 2783 5336 μέλλουσι
2813 5267 3168 5337 κληρονομεῖν
3205 5269 3254 5321 οἱ
3289 5268 3535 5321 ἐκλεκτοὶ
3556 5309 3571 5333 ,
3595 5270 3851 5337 γεγόνασι
3870 5311 3886 5335 ,
3918 5271 4008 5323 διά
4039 5271 4099 5321 τὸ

2525 5360 2624 5428 τὴν
2653 5359 2933 5429 εἰρηνικὴν
2961 5360 3054 5412 καὶ
3086 5359 3204 5411 καθ’
3228 5360 3483 5429 ὁμόνοιαν
3508 5360 3764 5429 συστῆναι
3789 5359 4094 5430 βασιλείαν.

2602 5626 2680 5681 H'.
2736 5625 3069 5693 ὐφείλουσιν
3097 5622 3190 5680 οὖν
3228 5628 3275 5678 οἱ
3300 5623 3614 5694 λριστιανοὶ
3636 5626 3715 5687 εἰς
3742 5623 3923 5676 πάντα
3949 5624 4096 5693 ἀγωο
