4282 6364
274 672 597 740 προαιρέσει
645 677 740 727 καὶ
782 677 1009 749 καθαρῷ
1040 681 1304 755 ὀφθαλμῷ
1349 681 1555 751 πάντας
1595 692 1747 762 όρᾷν,
1785 672 1853 747 δὲ

270 761 495 835 ὑπάρχῃ
523 763 684 819 τοῦτό
714 785 819 821 τινι
858 766 934 833 ὡς
978 774 1209 839 φυσικὸν
1236 777 1331 829 καὶ
1376 780 1604 849 πηκτὸν,
1645 761 1849 854 μηδένα

269 851 591 916 ἑξουδενεῖν,
628 859 765 928 μήτε
791 860 1126 931 ἀνακρίνειν,
1148 866 1181 937 ἢ
1204 864 1608 939 βδελύσσεσθαι,
1704 851 1849 946 ἔχειν

267 942 466 1007 αὐτοὺς
492 946 552 996 ἓν
581 945 869 1017 διακρίσει.
899 952 1295 1024 Μονόφθαλμον
1316 959 1412 1012 ὲάν
1446 960 1561 1032 ἴδῃς
1584 1004 1598 1027 ,
1628 942 1703 1035 μὴ
1732 942 1849 1019 δια-

266 1034 467 1105 κριθῇς
505 1036 564 1088 ὲν
603 1041 667 1107 τῇ
715 1040 911 1111 καρδίᾳ
942 1059 1037 1096 σου
1058 1086 1073 1109 ,
1107 1045 1222 1100 ἀλλ’
1250 1049 1326 1111 ὡς
1353 1051 1496 1118 ὑγιεῖ
1528 1034 1677 1128 αὐτῷ
1709 1059 1843 1128 πρός

268 1141 415 1195 σχες·
447 1127 538 1179 τὸν
585 1129 774 1198 ἔχοντα
806 1135 1006 1206 κυλλὴν
1052 1137 1152 1207 τὴν
1189 1143 1375 1212 χεῖρα,
1414 1144 1490 1209 ὡς
1540 1150 1613 1221 μὴ
1650 1127 1844 1209 κεκυλ-

263 1214 522 1287 λωμένην
558 1219 633 1273 ῖδε
653 1263 668 1286 ,
704 1219 796 1276 τὸν
824 1226 995 1295 χωλὸν
1024 1227 1101 1291 ὡς
1136 1230 1318 1301 ὀρθὸν,
1348 1234 1442 1288 τὸν
1472 1214 1841 1311 παραλυτικὸν

261 1306 341 1369 ὡς
369 1308 700 1374 ὑγιαίνονταο
724 1315 860 1386 αῦτη
887 1315 994 1387 γάρ
1014 1320 1162 1374 ὲστιν
1181 1325 1213 1391 ἠ
1244 1306 1562 1400 καθαρότης.
1580 1335 1679 1406 τῆς
1703 1355 1840 1408 καρ-

260 1398 382 1462 δίας
404 1440 419 1463 ,
457 1401 543 1453 ἵνα
574 1403 697 1457 ἰδὼν
718 1409 847 1471 τοὺς
877 1410 1239 1480 ἁμαρτωλοὺς
1272 1417 1304 1488 ἢ
1338 1398 1585 1486 ἀσθενεῖς
1614 1398 1835 1498 συμπα-

262 1488 436 1563 θήσῃς
455 1534 470 1555 ,
500 1495 595 1546 καὶ
627 1496 998 1571 εὖσπλαγχνος
1025 1504 1112 1556 ἐπ’
1153 1508 1337 1573 αὐτοῖς
1363 1517 1517 1585 γενῇ⁹
1550 1488 1835 1589 συμέαίνει

258 1581 369 1649 γάρ
395 1583 489 1635 καὶ
518 1585 705 1653 ἁγίους
750 1591 957 1662 Κυρίου
1008 1596 1330 1661 καθέζεσθαι
1362 1604 1444 1667 είς
1469 1581 1688 1680 *θέατρα
1739 1615 1835 1667 καὶ

259 1672 480 1741 βλέπειν
508 1678 606 1744 τὴν
642 1681 858 1752 ἀπάτην
892 1684 985 1737 τοῦ
1015 1688 1222 1757 κόσμου
1243 1708 1257 1721 ·
1290 1693 1444 1748 αὐτοὶ
1482 1696 1537 1750 δὲ
1572 1672 1709 1755 κατὰ
1738 1704 1832 1759 τὸν

256 1762 367 1816 ἔσω
393 1766 683 1835 ἄνθρωπον
709 1772 930 1830 λαλοῦσι
963 1779 1100 1848 μετά
1126 1782 1218 1835 τοῦ
1244 1784 1379 1839 Θεοῦ
1400 1827 1414 1850 ,
1448 1790 1543 1844 καὶ
1571 1794 1712 1847 κατά
1736 1796 1830 1849 τὸν

256 1854 364 1921 ἔξω
384 1858 671 1929 ἄνθρωπον
695 1865 980 1932 φαίνονται
1000 1872 1111 1935 τοῖς
1135 1872 1430 1947 ὀφθαλμοῖς
1458 1881 1534 1947 ὡς
1564 1884 1828 1957 θεωροῦν-

253 1960 345 2008 τες
374 1944 445 2000 τὰ
480 1950 540 2001 ἐν
567 1949 645 2019 τῷ
674 1952 867 2026 κόσμῳ
893 1958 1175 2030 γινόμενα.

320 2125 400 2179 Θθ.
441 2126 644 2199 Ἀλλην
675 2126 768 2185 οὖν
792 2132 1009 2203 ἔχουσιν
1031 2138 1083 2191 οἱ
1112 2146 1366 2213 κοσμικοὶ
1393 2147 1672 2219 ἐνέργειαν
1717 2155 1821 2211 ὑπὸ

247 2219 344 2271 τοῦ
368 2220 676 2291 πνεύματος
703 2227 803 2295 τῆς
830 2228 1037 2301 πλάνης
1069 2233 1163 2288 τοῦ
1189 2242 1405 2317 φρονεῖν
1436 2242 1506 2296 τά
1536 2248 1717 2317 τήῖνα.
1752 2251 1818 2303 Oi

246 2309 304 2362 δὲ
335 2312 657 2381 Χριστιανοὶ
684 2316 852 2388 ἀλλην
882 2320 1063 2389 ἔχουσι
1096 2316 1437 2399 προαίρεσιν,
1486 2309 1644 2391 ἄλλον
1668 2339 1815 2407 νοῦν,

246 2400 410 2453 ἄλλου
431 2402 624 2467 αἰῶνός
652 2406 809 2471 εἰσιν,
842 2408 1009 2481 ἄλλης
1029 2413 1261 2480 πόλεως.
1299 2420 1522 2492 Πνεῦμα
1545 2426 1653 2497 γὰρ
1680 2400 1817 2483 Θεοῦ

246 2494 497 2545 κοινωνεῖ
523 2497 643 2559 ταῖς
668 2496 869 2569 ψυχαῖς
906 2502 1107 2565 αὐτῶν,
1144 2508 1242 2560 καὶ
1270 2515 1644 2571 καταπατοῦσι
1667 2519 1818 2574 ἀντι-

245 2585 518 2653 κείμενον.
545 2589 862 2658 Γέγραπται
877 2593 987 2665 γάρ
1006 2612 1021 2627 ·
1042 2595 1343 2667 Ἐσχατος
1362 2604 1573 2674 ἐχθρὸς
1601 2625 1816 2681 καταρ-

244 2674 431 2742 γεῖται
475 2679 511 2731 ὁ
552 2678 827 2748 θάνατος.
882 2684 947 2737 Oi
992 2685 1102 2758 γὰρ
1133 2688 1409 2759 θεοσεϐεῖς
1447 2696 1665 2753 πάντων
1708 2674 1816 2757 τίσι

239 2764 523 2819 δεσπόται.
560 2769 730 2822 Πάλιν
762 2771 819 2825 δὲ
854 2774 905 2827 oi
938 2774 1127 2846 χαῦνοι
1155 2782 1222 2851 τῇ
1252 2782 1431 2839 πίστει
1457 2826 1473 2851 ,
1508 2790 1602 2845 καὶ
1630 2793 1815 2867 ἀμαρ-

238 2854 438 2921 τωλοὶ,
471 2856 608 2922 ὅλως
643 2860 752 2915 εἰσὶ
786 2862 991 2931 δοῦλοι,
1026 2869 1123 2924 καὶ
1149 2870 1259 2944 πῦρ
1285 2876 1481 2941 αὐτοὺς
1517 2854 1685 2951 καίει,
1717 2854 1815 2943 καὶ

238 2942 387 3008 λίθος
410 2946 506 2999 καὶ
528 2944 681 3016 ξίφος
707 2952 1017 3013 ἀποκτείνει
1041 2973 1058 2990 ⁶
1104 2963 1201 3018 καὶ
1228 2942 1533 3025 τελευταῖον
1560 2942 1812 3046 δαίμονες

236 3032 421 3086 αὐτῶν
452 3039 1002 3107 κατακυριεύσουσιν.

306 3123 365 3178 I'.
400 3120 741 3195 Ἐρώτησις.
770 3130 844 3186 El
874 3132 948 3188 ἐν
974 3132 1051 3207 τῇ
1071 3137 1407 3202 ἀναστάσει
1422 3148 1538 3205 6.1a

231 3211 590 3272 ἀνίστανται
615 3237 636 3284 ;

224 3764 467 3819 ἐοικυῖαν
486 3770 553 3837 τῇ
584 3769 653 3840 γῇ
675 3810 691 3835 ,
721 3776 815 3827 κα)⁸
836 3777 970 3848 γένη
1012 3783 1183 3838 πολλά
1221 3764 1514 3860 ἐποίησεν..
1540 3764 1795 3869 οἷον-’τρεζ

220 3871 355 3924 χας.
390 3859 487 3911 καὶ
515 3859 719 3932 δέρμα,
753 3869 849 3920 καὶ
871 3869 1035 3924 ὀστέα
1055 3914 1070 3937 ,
1102 3877 1196 3929 καὶ
1214 3874 1380 3951 νεῦρα
1412 3898 1426 3912 ·
1457 3884 1551 3938 καὶ
1582 3887 1639 3939 ὀν
1670 3859 1790 3960 τρό-

219 3960 324 3999 πον
354 3948 652 4023 βαλλομένη
689 3956 855 4027 ῥαφὶς
888 3963 969 4025 είς
1000 3962 1112 4037 πῦρ
1134 4006 1150 4031 ,
1184 3948 1442 4026 ἀλλάσσει
1472 3978 1571 4047 τὴν
1602 3948 1787 4050 χρόαν,

218 4038 315 4090 καὶ
345 4041 741 4109 μεταϐάλλεται
785 4051 866 4113 είς
916 4055 1050 4124 πῦρ’
1110 4058 1359 4130 μέντοιγε
1404 4066 1437 4135 ἡ
1489 4038 1649 4135 φῖᾶσὶξ
1693 4038 1788 4125 τοῦ

220 4127 444 4201 σιδήρου
460 4132 561 4187 οὐκ
584 4136 848 4211 ἀνῃρέθη,
873 4139 1008 4197 ἀλλά
1040 4127 1392 4222 συνέστηκνενο
1416 4127 1586 4223 οὕτως
1618 4127 1711 4215 καὶ
1732 4167 1789 4216 ὲν

217 4222 285 4289 τῇ
320 4221 614 4280 ἀναστάσει
644 4229 743 4282 ὅλα
769 4231 837 4285 τὰ
871 4235 1005 4305 μέλη
1030 4221 1368 4311 ἀνίστανται,
1398 4249 1496 4302 καὶ
1524 4221 1654 4318 θριξ
1676 4257 1786 4310 οὐκ

210 4310 554 4371 ἀπόλλυται
580 4360 595 4384 ,
628 4322 813 4386 καθὼς
857 4329 1163 4398 γέγραπται
1193 4374 1208 4397 ,
1239 4337 1331 4416 καὶ
1374 4338 1470 4393 ὅλα
1512 4310 1784 4416 γίγνονται

210 4406 479 4474 φωτοειδῆ
499 4446 514 4471 ,
550 4408 645 4462 ὅλα
677 4413 758 4474 είς
791 4414 907 4481 φῶς
936 4418 1030 4471 καὶ
1066 4421 1176 4492 πῦρ
1206 4406 1533 4495 βάπτονται..
1553 4406 1646 4486 καὶ
1681 4454 1780 4506 με·

206 4493 561 4551 τασάλλονται
583 4537 599 4563 ,
632 4500 746 4555 ἀλλ’
771 4505 869 4574 οὐχ
888 4547 904 4571 ,
930 4504 1004 4572 ὥς
1032 4527 1179 4576 τινες
1198 4493 1462 4583 λέγουσιν.
1488 4493 1778 4583 ἀναλύεται
1811 4513 1855 4568 Ῑ)

205 4584 300 4635 καὶ
351 4586 561 4652 γίνεται
600 4588 711 4658 πῦρ
737 4630 752 4655 ,
797 4597 891 4649 καὶ
932 4600 1119 4655 οὐκέτι
1158 4604 1464 4677 ὑφέστηκεν
1510 4614 1541 4681 ἠ
1592 4617 1771 4685 φύσις.

204 4674 407 4745 Πέτρος
437 4678 543 4748 γὰρ
579 4683 783 4754 Πέτρος
828 4688 947 4743 ἐστὶ
969 4730 984 4754 ,
1026 4696 1118 4746 καὶ
1148 4674 1358 4762 Παῦλος
1395 4674 1643 4774 Παῦλος,
1679 4674 1773 4765 καὶ

199 4766 465 4832 Φίλιππος
508 4772 812 4839 ιιιίλιτιττιος⁶
861 4781 1091 4848 ἕκαστος
1135 4789 1193 4840 ἐν
1238 4794 1301 4860 τῇ
1345 4791 1448 4865 ἰδίᾳ
1493 4801 1648 4864 φύσει
1678 4805 1770 4855 καὶ

198 4858 497 4914 ὑποστάσει
538 4866 688 4931 μένει
732 4871 1163 4944 πεπληρωμένος
1202 4858 1300 4934 τοῦ
1329 4858 1665 4957 Πνέύματος.
1702 4895 1763 4948 ΕΞ

194 4949 252 5002 δὲ
303 4950 503 5018 λέγεις,
533 4952 615 5007 ὅτι
654 4959 887 5033 ἀνελύθη
919 4966 951 5034 ὴ
991 4967 1173 5034 φύσις,
1207 4972 1387 5029 οὐκέτι
1444 4949 1682 5053 Ilii-99;.
1729 4984 1762 5055 ἢ

195 5037 429 5105 Παῦλος,
464 5046 599 5099 ἀλλὰ
630 5050 806 5120 πάντη
841 5053 937 5107 καὶ
979 5064 1255 5133 πανταχοῦ
1286 5065 1315 5117 ὀ
1341 5067 1491 5133 Θεὸς,
1528 5037 1619 5125 καὶ
1642 5037 1765 5130 οὔτέ

189 5133 238 5183 οἱ
291 5136 373 5196 είς
421 5137 646 5203 γέενναν
687 5144 1051 5216 ἀπερχόμενοι
1090 5155 1431 5213 αἰσθάνονται
1460 5160 1557 5235 τῆς
1602 5168 1763 5222 κολάο

189 5238 330 5285 σεως
356 5265 370 5285 ,
406 5226 531 5279 οὔτε
560 5232 607 5283 oi
634 5233 714 5295 εις
747 5236 1045 5306 βασιλείαν,
1081 5244 1178 5312 τῆς
1210 5249 1549 5319 εὐεργεσίας.

259 5315 476 5373 lA'-IB'.
522 5321 733 5397 Ὠσπερ
783 5328 869 5382 ῖνα
976 5315 1318 5406 παράδεισος
1344 5315 1484 5413 έχων
1511 5315 1759 5407 παντοῖα

1951 802 2141 847 omnes
2164 796 2444 864 aspicere;
2467 808 2528 853 ut
2549 802 2622 856 sit
2647 803 2755 859 hoc
2778 808 2994 863 cuidam
3017 816 3171 882 quasi
3197 822 3445 877 naturale
3462 833 3518 879 et

1951 880 2198 952 infixum,
2250 904 2321 943 ne
2375 907 2704 963 quemquam
2760 880 3093 971 contemnat,
3144 924 3246 964 nec
3281 913 3513 981 iudicet.

1947 984 2043 1030 aut
2067 977 2434 1049 abominetur,
2466 993 2563 1039 aut
2599 987 2748 1056 ipsos
2778 991 2977 1050 habeat
3010 998 3066 1051 in
3100 977 3414 1061 dicr‘imine.
3454 1009 3512 1063 Si

1946 1071 2297 1125 monoculum
2329 1078 2628 1145 aspexeris,
2671 1097 2743 1138 ne
2771 1083 3040 1155 dijudices
3090 1091 3146 1146 in
3196 1096 3363 1153 corde
3393 1106 3509 1165 tuo,

1943 1160 2039 1214 sed
2071 1176 2196 1217 eum
2226 1165 2455 1233 perinde
2484 1186 2547 1226 ac
2588 1175 2635 1229 si
2666 1191 2832 1232 unus
2859 1191 3004 1237 esset
3050 1183 3302 1255 intuere;
3354 1206 3512 1246 man-

1942 1266 2066 1306 cum
2090 1254 2325 1325 aliquem
2345 1276 2506 1315 manu
2535 1267 2760 1324 minime
2778 1271 2947 1327 veluti
2972 1277 3279 1335 mutilatum
3303 1286 3507 1352 aspice,

1940 1343 2194 1400 claudum
2226 1350 2374 1404 velut
2403 1365 2590 1410 erecto
2615 1372 2844 1429 corpore
2875 1356 3242 1435 incedentem,
3292 1376 3507 1447 paraly-

1940 1430 2105 1486 ticum
2142 1436 2292 1490 velut
2332 1454 2545 1497 sanum.
2593 1445 2719 1501 Haec
2763 1450 2910 1504 enim
2948 1463 3033 1510 est
3059 1459 3272 1525 puritas
3297 1463 3502 1529 cordis,

1938 1532 1999 1577 ut
2024 1525 2155 1580 visis
2185 1534 2569 1598 peccatoribus
2601 1550 2696 1593 aut
2737 1542 2990 1613 inﬁrmis,
3024 1554 3397 1620 compatiaris,
3436 1571 3502 1611 ac

1935 1615 2249 1672 misericors
2274 1635 2399 1691 erga
2432 1642 2527 1681 eos
2555 1628 2651 1681 sis.
2693 1628 2976 1705 Contingit
3018 1640 3187 1704 enim,
3234 1650 3295 1695 ut
3326 1648 3499 1700 sancti

1932 1715 2150 1772 quoque
2183 1707 2423 1779 Domini,
2456 1719 2606 1771 velut
2634 1720 2690 1774 in
2720 1725 2943 1791 specula
2973 1727 3249 1796 sedentes,
3283 1735 3499 1803 prospi-

1932 1792 2077 1848 ciant
2124 1797 2477 1871 deceptiones
2525 1811 2761 1880 mundi;
2813 1816 3015 1887 quippe
3060 1820 3154 1890 qui
3191 1792 3494 1880 secundum

1930 1886 2247 1947 interiorem
2274 1894 2554 1954 hominem
2580 1917 2703 1957 eum
2727 1905 2841 1960 Deo
2859 1910 3269 1981 colloquuntur.
3296 1931 3494 1974 secun-

1924 1976 2056 2034 dum
2108 1996 2240 2039 vero
2287 1990 2616 2047 exteriorem
2673 1995 2953 2053 hominem
3000 2015 3264 2072 apparent
3316 2011 3493 2065 oculis

1922 2073 2079 2141 quasi
2117 2086 2367 2145 spectare
2394 2096 2479 2147 ea,
2508 2099 2631 2153 quas
2663 2087 2795 2144 ﬁant
2822 2090 2877 2144 in
2900 2095 3127 2150 mundo.

1992 2164 2087 2221 IX.
2114 2167 2291 2225 Aliam
2340 2172 2506 2244 igitur
2548 2179 2751 2236 habent
2797 2188 3086 2245 saeculares
3138 2193 3402 2251 virtutem
3456 2213 3488 2252 a

1921 2256 2120 2326 spiritu
2163 2265 2389 2332 erroris,
2422 2277 2483 2323 ut
2512 2272 2728 2341 sapiant
2757 2275 3015 2335 videlicet
3041 2292 3277 2340 terrena.
3322 2286 3486 2342 Chri-

1919 2353 2081 2406 stiani
2117 2370 2249 2411 vero
2281 2358 2441 2414 aliam
2486 2363 2693 2421 habent
2738 2368 3117 2440 intentionem,
3165 2377 3331 2433 alium
3364 2382 3486 2437 ani-

1917 2452 2101 2506 mum,
2135 2443 2274 2500 alius
2306 2459 2437 2506 sunt
2486 2455 2695 2521 seculi,
2743 2458 2885 2514 alius
2930 2462 3187 2519 civitatis.
3247 2463 3485 2538 Spiritus

1916 2531 2062 2585 enim
2117 2535 2210 2589 Dei
2259 2540 2576 2598 societatem
2623 2546 2725 2602 init
2765 2564 2888 2603 cum
2922 2552 3137 2609 illorum
3174 2558 3393 2626 animis,
3426 2574 3484 2618 et

1916 2626 2241 2684 conculcant
2266 2631 2662 2694 adversarium.
2711 2640 2987 2712 Scriptum
3034 2648 3180 2703 enim
3209 2662 3293 2707 est
3320 2671 3334 2708 :
3366 2654 3478 2709 No-

1914 2715 2151 2773 uissimas
2182 2720 2340 2777 hostis
2370 2726 2608 2782 aboletur
2629 2748 2769 2788 mors
2791 2735 2857 2789 ".
2896 2736 3064 2794 Deum
3095 2743 3240 2797 enim
3263 2746 3356 2815 qui
3386 2763 3479 2803 ve-

1912 2817 2197 2876 nerantur,
2226 2817 2468 2872 omnium
2508 2834 2638 2878 sunt
2670 2824 2897 2889 domini.
2928 2830 2971 2887 Ε
3002 2837 3279 2892 contrario
3312 2854 3477 2905 vero,

1912 2901 2005 2970 qui
2028 2901 2158 2958 lenti
2182 2917 2309 2963 sunt
2333 2908 2437 2966 fide
2462 2929 2526 2969 ac
2548 2929 2881 2988 peccatores,
2912 2927 3129 2994 penitus
3152 2940 3278 2983 sunt
3302 2934 3468 3000 servi,

1912 2991 2053 3061 ignis
2084 3011 2180 3050 cos
2206 3000 2339 3063 urit,
2370 3003 2617 3075 lapisque
2639 3018 2696 3063 et
2716 2991 2929 3080 gladius
2950 3032 3047 3072 eos
3074 3019 3368 3091 interﬁcit;
3406 3042 3472 3082 ac

1913 3084 2130 3139 tandem
2158 3087 2433 3149 dmmones
2459 3096 2891 3159 dominabuntur
2915 3105 2971 3162 in
2996 3125 3112 3165 eos.

1567 3155 1877 3245 τάμέληα
1981 3175 2045 3231 Χ.
2099 3178 2474 3253 Interrogatio.
2530 3188 2717 3246 Utrum
2857 3204 3234 3259 resurrectione
3288 3211 3469 3266 omnia

1910 3268 2145 3322 membra
2172 3286 2470 3345 resurgant.

1898 3646 1930 3687 e
1956 3635 2177 3703 pulvere
2208 3648 2265 3695 et
2309 3651 2453 3698 terra
2497 3660 2741 3717 sumens,
2775 3655 2926 3709 velut
2978 3658 3141 3715 aliam
3170 3668 3461 3734 quamdam

1898 3734 2149 3781 naturam
2206 3733 2490 3800 condidit,
2555 3749 2807 3797 naturam
2870 3748 3133 3806 nimirum
3188 3760 3458 3826 corporis,

1895 3820 2055 3871 terrm
2105 3820 2287 3877 minus
2332 3826 2589 3887 similem.
2648 3842 2705 3887 et
2750 3851 2949 3905 genera
3004 3844 3171 3899 multa
3226 3851 3455 3918 creavit,

1892 3907 2041 3961 velut
2069 3911 2227 3978 pilos,
2257 3916 2476 3984 pellem,
2507 3936 2629 3976 ossa
2653 3932 2709 3977 et
2738 3942 2935 3983 nervos
2962 3948 2977 3984 :
3011 3941 3069 3987 et
3099 3940 3457 4005 quemadmo—

1890 3996 2018 4051 dum
2068 4006 2307 4071 projecta
2350 4009 2454 4078 55
2488 4012 2541 4064 in
2578 4014 2756 4083 ignem
2795 4034 2947 4087 acus,
2991 3996 3221 4084 alterato
3265 4034 3453 4091 colore

1890 4089 2122 4145 vertitur
2153 4094 2205 4147 in
2239 4095 2416 4165 ignem
2453 4120 2465 4154 :
2498 4119 2810 4175 quanquam
2837 4123 3037 4171 natura
3062 4119 3283 4187 quidem
3316 4124 3451 4181 ferri

1888 4194 1997 4234 non
2030 4184 2247 4251 penitus
2293 4191 2520 4256 tollitur,
2553 4198 2647 4251 sed
2675 4201 2928 4258 subsistit
2961 4223 2975 4259 :
3012 4184 3169 4264 ita—in
3196 4228 3447 4273 resurre-

1886 4270 2067 4325 ctione
2117 4277 2297 4329 omnia
2348 4283 2588 4338 membra
2624 4301 2931 4361 resurgent,
2966 4312 3058 4349 nec
3095 4301 3231 4367 perit
3276 4305 3446 4372 capil-

1886 4356 1965 4412 lus
1988 4360 2053 4425 ⁵¹,
2073 4371 2132 4415 ut
2157 4366 2420 4435 scriptum
2450 4382 2555 4439 est,
2584 4356 2877 4449 omniaque
2906 4356 3443 4462 lucida'redduntur,

1883 4460 2047 4520 atque
2092 4456 2271 4510 omnia
2302 4458 2506 4519 lumine
2544 4477 2601 4521 et
2655 4469 2765 4538 igni
2795 4474 2962 4530 tincta
3004 4489 3285 4539 mutantur
3317 4488 3442 4555 quia

1882 4539 2028 4605 dem,
2064 4544 2157 4597 sed
2189 4562 2318 4611 non,
2350 4558 2409 4603 ut
2429 4558 2678 4611 nonnulli
2706 4561 2880 4630 aiunt,
2905 4569 3274 4639 resolvuntur,
3299 4584 3356 4630 et
3384 4577 3441 4633 in

1877 4630 2054 4701 ignem
2074 4636 2336 4705 evadunt,
2356 4643 2495 4698 adeo
2508 4654 2568 4700 ut
2590 4664 2697 4703 non
2712 4654 2946 4721 amplius
2962 4660 3225 4720 subsistat
3243 4680 3436 4724 eorum

1876 4733 2087 4779 natura.
2120 4727 2313 4786 Petrus
2347 4734 2493 4788 enim
2528 4738 2721 4796 Petrus
2745 4754 2851 4809 est,
2882 4757 2937 4802 ct
2972 4751 3169 4808 Paulus
3200 4756 3400 4814 Paulus
3420 4803 3435 4826 ,

1871 4823 1928 4868 ct
1992 4816 2277 4889 Philippus
2334 4824 2639 4897 Philippus.
2690 4832 2931 4899 Quilibct
2984 4841 3037 4896 in
3098 4860 3194 4900 sua
3266 4816 3441 4918 ipsius

1872 4915 2065 4961 natura
2116 4919 2171 4963 et
2220 4915 2527 4973 substantia
2580 4937 2864 4991 permanet
2913 4933 3155 5001 repletus
3205 4915 3431 5010 Spiritu.

1869 4997 2023 5063 Quod
2065 5002 2108 5056 si
2142 5003 2314 5070 dicas,
2343 5010 2638 5068 resolutam
2678 5031 2801 5072 esse
2839 5032 3109 5092 naturam,
3156 5046 3263 5085 non
3313 5050 3434 5089 am-

1864 5089 2009 5156 plius
2036 5102 2121 5145 est
2148 5094 2341 5150 Petrus
2371 5108 2468 5153 aut
2497 5102 2718 5171 Paulus,
2747 5109 2839 5162 sed
2877 5089 3104 5180 prorsus
3132 5128 3189 5173 et
3228 5121 3433 5192 ubique

1865 5178 2010 5235 Deus
2048 5198 2061 5236 :
2107 5200 2210 5238 nec
2256 5188 2348 5257 qui
2405 5189 2485 5245 in'
2516 5194 2819 5264 gehennam
2871 5178 3077 5261 abeunt
3106 5247 3121 5269 ,
3182 5214 3432 5271 sentiunt

1862 5272 2189 5339 supplicium
2216 5316 2229 5341 ,
2285 5294 2387 5333 nec
2423 5282 2518 5351 qui
2552 5285 2606 5339 in
2638 5302 2865 5359 regnum
2892 5335 2907 5358 ,
2935 5294 3286 5355 beneﬁcium.

1933 5356 2324 5425 Xl-XIl.Veluti
2337 5371 2381 5425 si
2402 5373 2681 5434 sithortus
2695 5356 2940 5438 consitus
2952 5388 3119 5444 variis
3132 5391 3428 5449 arboribus

182 5401 377 5478 δένδρα
414 5412 759 5487 καρποφόρα,
806 5401 991 5495 και-τιν
1025 5401 1338 5498 suam,
1370 5401 1405 5507 ξ
1440 5401 1631 5509 μῆλον,
1655 5401 1759 5498 ’,ὦ
1857 5449 1873 5503 ι

182 5500 429 5543 ﬁumina
476 5506 669 5543 sum..-
698 5512 789 5543 ..λη
828 5518 1039 5543 η---›ν..
1096 5521 1186 5543 _-_\
1225 5524 1287 5543 -λ
1395 5521 1464 5543 ,ἀι
1690 5536 1745 5543 ,μ
1867 5542 1873 5543 ,

1733 5401 1759 5407 η
1936 5401 2138 5425 ...πω
2160 5401 2381 5425 νοιυιιοι
2403 5401 2681 5434 διιιιυΐιυε
2695 5401 3119 5444 consnusvams
3132 5401 3424 5449 arboribus

1734 5446 1756 5497 ι
1857 5449 2179 5522 fructiferis,
2208 5474 2273 5515 ac
2300 5462 2372 5516 sit
2400 5464 2512 5522 illic
2537 5483 2725 5539 pyrus,
2757 5489 2952 5543 pomus
2981 5488 3036 5533 et
3060 5480 3187 5537 vitis
3215 5482 3424 5541 habens

182 5500 429 5568 ἄμπελος
474 5506 672 5577 ἔχουσα
698 5512 789 5565 τὸν
828 5518 1061 5586 καρπὸν,
1095 5521 1191 5575 καὶ
1220 5524 1290 5577 τὰ
1569 5500 1748 5608 σᾷμσῇ

182 5588 237 5642 δὲ
266 5590 360 5646 τὸν
404 5599 730 5646 παράδεισον
760 5603 854 5646 νηὶ
879 5607 974 5646 κλμ.
1015 5609 1083 5646 φλ.
1111 5612 1301 5646 κλωπ-..
1358 5621 1446 5646 ...Α
1478 5620 1545 5646 ,ει
1574 5626 1699 5646 --.ομ
1738 5640 1743 5646 ,

1857 5500 1898 5504 __
1918 5500 2097 5511 ---πω
2115 5500 2179 5522 ω,
2208 5500 2273 5515 ..ν
2300 5500 2372 5516 ς...
2400 5500 2512 5522 mu.
2538 5500 2725 5539 pyrua,
2757 5500 2952 5543 pomus
2981 5500 3036 5533 ει
3060 5500 3187 5537 vms
3215 5500 3419 5541 nancns

1728 5540 1748 5608 ᾗ
1854 5542 2093 5601 fructum
2125 5559 2181 5604 et
2212 5552 2340 5608 folia
2368 5573 2381 5608 :
2426 5559 2626 5614 accidit
2658 5574 2843 5621 autem
2876 5569 3091 5626 hortum
3122 5590 3419 5646 omnesque
