4282 6364
830 390 933 455 583
2049 388 2107 449 S.
2147 386 2461 449 MACARII
2497 386 2820 449 [EGYI‘TII
3954 380 4068 444 584

831 524 970 571 ram,
1004 505 1231 575 ﬁerique
1262 505 1440 575 priora
1485 504 1572 557 illa
1605 502 1821 557 lucida:
1847 504 1927 557 sic
1963 518 2180 572 quoque
2212 504 2390 558 homi-
2422 510 2450 565 Α

2422 510 2463 565 Α
2499 502 2901 573 μεταϐληθῆναι
2921 541 2937 566 ,
2967 502 3062 553 καί
3098 500 3398 569 ἀλλαγῆναι
3430 502 3511 563 είς
3555 498 3721 569 ἄλλην
3748 501 3933 567 φύσιν,
3964 501 4065 551 καὶ

826 614 925 654 nes
974 606 1255 651 mutantur
1306 596 1361 650 in
1403 595 1824 659 resurrectione,
1874 602 1930 649 et
1954 593 2100 647 ﬁunt
2138 594 2386 649 membra

2486 594 2737 660 γενέσθαι
2764 594 2832 645 τὰ
2872 593 3064 662 πρῶτα
3098 592 3362 661 φωτοειδῆ
3383 608 3398 622 ·
3429 592 3602 654 οὕτως
3624 593 3717 643 καὶ
3753 594 3804 643 οῖ
3844 592 4067 663 ἂνθρω-

826 700 1018 739 eorum
1052 695 1239 737 saneta
1284 692 1339 737 et
1365 682 1566 737 lucida.
1607 681 1971 746 Quamobrem
2002 681 2172 736 divini
2205 684 2385 737 homi-

827 792 925 830 nes
947 774 1151 830 debent
1190 789 1248 829 se
1292 789 1601 844 przrparare
1630 773 1698 827 ad
1728 782 2002 826 certamen
2041 780 2096 825 et
2123 788 2382 842 pugnam.

825 868 1058 924 Perinde
1092 879 1296 929 autem,
1320 877 1379 921 ut
1405 869 1622 935 juvenis
1656 881 1955 937 generosus
1999 865 2175 921 illatas
2203 867 2384 936 plagas

823 977 885 1015 ac
912 962 1113 1015 luctam
1142 962 1377 1014 sustinet
1402 975 1465 1013 ac
1491 960 1712 1013 referit:
1742 959 1821 1013 sic
1847 974 2066 1027 quoque
2085 958 2382 1013 Christiani

824 1052 1065 1122 perferre
1090 1051 1292 1105 debent
1322 1051 1664 1113 aﬂlictioncs,
1699 1060 1810 1104 tum
1837 1058 2111 1113 externas,
2148 1060 2261 1103 tum
2294 1051 2381 1103 in-

823 1145 1025 1197 teriora
1056 1144 1219 1206 bella,
1264 1152 1324 1196 ut
1349 1143 1592 1213 percussi
1617 1158 1715 1212 per
1750 1141 2093 1196 tolerantiam
2130 1142 2384 1211 superio-

824 1250 912 1287 res
935 1234 1187 1288 evadant.
1224 1235 1319 1289 Via
1364 1234 1509 1287 enim
1542 1233 1865 1287 Christiana
1911 1234 2194 1303 religionis
2219 1234 2298 1287 sic
2322 1249 2381 1289 se

823 1325 1009 1379 habet.
1066 1326 1165 1379 Ubi
1205 1325 1432 1393 spiritus
1472 1334 1714 1385 sanctus,
1771 1324 1881 1378 illic
1930 1325 2197 1393 sequitur,
2235 1326 2384 1380 velut

824 1420 1034 1481 umbra,
1070 1417 1377 1485 persecutio
1407 1427 1460 1469 et
1487 1433 1685 1486 pugna.
1709 1418 1873 1471 Vides
1898 1418 2211 1486 prophetas,
2244 1433 2380 1487 quo-

823 1509 985 1561 modo
1011 1510 1391 1576 perSecutione
1425 1508 1608 1561 aﬂlicti
1651 1508 1855 1562 fuerint
1881 1508 1950 1561 ab
1982 1508 2235 1561 omnibus
2253 1524 2383 1561 con—

823 1601 1117 1653 tribulibus
1167 1602 1299 1664 suis,
1336 1599 1389 1653 in
1422 1600 1623 1667 quibus
1658 1599 2014 1653 nihilominus
2052 1598 2383 1667 operabatur

822 1692 1076 1762 Spiritus.
1125 1693 1288 1746 Vides
1317 1692 1589 1759 quomodo
1639 1693 1921 1745 Dominus.
1976 1692 2066 1761 qui
2099 1700 2182 1744 est
2214 1694 2298 1745 via
2332 1701 2381 1743 et

822 1787 1013 1837 veritas
1041 1787 1108 1845 ",
1145 1800 1252 1836 non
1289 1784 1355 1836 ab
1399 1783 1504 1836 alio
1537 1784 1740 1852 populo
1786 1784 2222 1851 persecutionem
2259 1798 2379 1851 pas.-

823 1892 915 1931 sus
963 1886 1065 1938 est,
1112 1876 1205 1928 sed
1240 1892 1268 1928 a
1302 1875 1434 1939 suis,
1472 1890 1502 1928 a
1551 1876 1771 1943 propria
1803 1875 2012 1928 sciiicet
2048 1873 2190 1927 tribu
2220 1875 2379 1929 Israel

822 1969 1207 2037 persecutione
1262 1967 1508 2029 aﬂ‘ectus,
1539 1982 1605 2019 ac
1641 1968 1791 2020 cruci
1828 1966 2018 2020 aiIixus
2045 1975 2159 2019 est:
2192 1966 2381 2020 itidem

823 2066 879 2111 et
906 2057 1156 2127 apostoli.
1189 2056 1263 2109 Ex
1294 2072 1359 2109 eo
1390 2057 1534 2109 enim
1566 2064 1829 2123 tempore,
1865 2072 1974 2125 quo
2001 2056 2153 2110 cruci
2190 2055 2381 2109 aiIixus

824 2158 931 2211 est,
995 2147 1213 2201 transiit
1261 2145 1495 2215 Spiritus
1546 2145 1874 2215 paraclctus.
1929 2155 1985 2199 et
2033 2146 2287 2216 migravit
2325 2146 2381 2199 in

823 2239 1192 2294 Christianos.
1243 2238 1511 2293 Cteterum
1566 2238 1749 2291 nullus
1785 2236 2100 2292 Judteorum
2126 2254 2383 2308 persecu-

824 2332 1025 2383 tionem
1060 2329 1303 2398 pertulit,
1338 2330 1430 2383 sed
1461 2330 1753 2383 Christiani
1784 2330 1957 2383 solum
2006 2330 2266 2399 martyrio
2298 2329 2382 2383 af-

824 2420 951 2475 iecti
978 2431 1127 2474 sunt.
1178 2421 1357 2485 Quare
1410 2437 1517 2474 non
1552 2432 1635 2474 est
1679 2421 1824 2489 quod
1866 2421 2160 2476 Christiani
2190 2422 2244 2476 in
2269 2430 2383 2475 stu-

822 2526 1010 2580 porem
1042 2510 1404 2576 adducantur,
1430 2527 1618 2564 verum
1643 2519 1861 2581 oportet
1888 2512 2169 2567 veritatem
2202 2526 2383 2582 perat.L

821 2603 1098 2657 cntionem
1139 2603 1269 2670 pati.

897 2694 1036 2748 XIII.
1072 2693 1447 2763 Interrogatio.
1501 2693 1729 2757 Quidam
1770 2695 1919 2747 aiunt
1946 2697 2174 2747 exterius
2200 2696 2383 2749 vitium

823 2787 1050 2855 ingredi,
1102 2794 1150 2837 et
1206 2787 1249 2837 si
1303 2785 1427 2839 uelit
1480 2787 1651 2848 Ιιωηο,
1695 2801 1799 2837 non
1838 2787 2037 2854 recipit,
2088 2788 2178 2839 sed
2214 2788 2383 2856 rejici:

820 2876 975 2928 illud.

889 2967 1195 3036 Responsio.
1231 2965 1698 3031 Quemadmodum
1738 2982 1961 3036 serpens
2010 2968 2226 3023 locutus
2256 2983 2381 3022 cum

821 3058 933 3112 Eva
962 3060 1025 3121 ⁸³,
1089 3075 1212 3112 cum
1265 3058 1516 3112 obediret
1568 3059 1703 3127 ipsa,
1748 3060 2117 3130 introgressus
2145 3070 2261 3115 est:
2303 3060 2383 3115 sic

821 3164 1039 3217 quoque
1084 3164 1229 3203 nunc
1278 3151 1346 3202 ob
1395 3149 1759 3202 obedientiam
1810 3150 2045 3203 hominis
2080 3151 2450 3235 ingrediturc

821 3251 1125 3309 peccatum,
1179 3241 1323 3309 quod
1375 3251 1531 3294 extra
1574 3251 1675 3294 est.
1721 3240 1894 3295 Habet
1930 3243 2072 3295 enim
2101 3253 2380 3311 peccatum

820 3332 1038 3399 plenam
1071 3340 1400 3400 potestatem
1433 3342 1487 3385 et
1517 3332 1831 3387 libertatem
1864 3334 1917 3385 in
1956 3349 2051 3386 cor
2074 3336 2383 3403 ingredien-

822 3424 898 3477 di.
943 3424 1129 3492 Neque
1157 3425 1301 3476 enim
1342 3424 1699 3492 cogitationes
1739 3434 1891 3476 extra
1915 3434 2060 3488 sunt,
2090 3426 2182 3477 sed
2213 3426 2379 3491 intus,

821 3531 887 3567 ex
938 3514 1101 3568 corde
1161 3514 1591 3582 proficiscentes.
1628 3514 1809 3581 lnquit
1864 3515 2007 3565 enim
2055 3516 2378 3581 Apostolus:

824 3605 946 3658 Volo
965 3609 1098 3658 viros
1120 3622 1273 3658 orare
1300 3607 1412 3657 sine
1431 3608 1510 3657 ira
1531 3616 1576 3657 et
1594 3606 1987 3674 cogitationibus
2006 3608 2178 3674 pravis
2198 3606 2259 3659 ³⁸.
2281 3606 2379 3660 Co-

822 3699 1097 3765 gitationes
1123 3697 1268 3749 enim
1302 3697 1365 3748 de
1392 3697 1545 3748 corde
1572 3705 1761 3748 exeunt
1789 3698 1855 3759 ⁸⁵,
1876 3697 2171 3749 secundum
2202 3698 2379 3751 Evan-

821 3788 1045 3857 gelium.
1081 3788 1289 3841 Accede
1329 3788 1510 3856 itaque
1564 3788 1630 3841 ad
1676 3789 1999 3851 orationem,
2033 3798 2088 3841 et
2133 3788 2380 3843 examina

830 3892 925 3928 cor
975 3885 1127 3928 tuum
1182 3887 1238 3929 et
1298 3878 1561 3941 animum,
1608 3887 1767 3945 atque
1794 3877 2043 3931 desidera
2080 3880 2379 3933 orationem

824 3976 970 4021 tttam
997 3969 1106 4021 Deo
1135 3970 1473 4023 committere
1504 3984 1715 4038 puram,
1747 3978 1908 4038 atque
1928 3970 2283 4039 circumspice
2306 3971 2378 4024 ibi

824 4061 1190 4129 potissimum.
1225 4061 1491 4128 numquid
1542 4075 1650 4115 non
1681 4062 1750 4114 sit
1782 4061 2001 4130 aliquod
2031 4062 2381 4130 impedimen-

823 4163 970 4204 tum:
1006 4168 1133 4204 num
1160 4151 1335 4205 oratio
1362 4152 1433 4203 sit
1459 4167 1624 4220 pura;
1659 4168 1787 4204 num
1820 4153 2061 4205 intentus
2077 4154 2146 4205 sit
2167 4154 2381 4209 animus

820 4252 947 4293 tuus
982 4241 1234 4302 Domino,
1275 4240 1501 4309 perinde
1535 4256 1597 4293 ac
1623 4241 1837 4294 animus
1861 4240 2110 4309 agricola:
2138 4243 2375 4311 agricul-

820 4343 976 4395 turae,
1002 4333 1216 4386 animus
1238 4334 1337 4386 viri
1366 4334 1542 4397 uxori,
1566 4342 1622 4386 et
1648 4334 1964 4387 mercatoris
1984 4335 2336 4403 negotiationi
2360 4354 2373 4401 ;

820 4439 950 4476 nnm
1006 4422 1193 4477 ﬂectas
1245 4438 1421 4492 genua
1458 4433 1550 4477 tua
1589 4424 1657 4478 ad
1686 4425 1975 4491 orandum,
2004 4439 2107 4480 nec
2140 4433 2262 4480 tuas
2281 4442 2375 4481 co-

819 4512 1106 4581 gitationes
1134 4513 1226 4567 alii
1254 4514 1575 4569 distrahant.

889 4709 996 4781 56
1014 4706 1273 4763 XIV-XV.
1300 4709 1369 4763 At
1391 4708 1591 4779 inquis,
1613 4710 1910 4775 Dominum,
1938 4720 2221 4783 postquam
2239 4716 2385 4769 venit

819 4809 917 4863 per
932 4807 1173 4855 crucem,
1191 4794 1560 4845 condemnasse
1579 4805 1845 4863 peccatum
1860 4798 1926 4860 ",
1948 4813 2045 4851 nec
2062 4800 2293 4867 amplius
2310 4802 2386 4854 in-

823 4896 909 4936 tus
934 4884 1164 4936 haerere.
1202 4883 1405 4936 Verum
1439 4884 1689 4953 perinde,
1717 4902 1779 4939 ac
1814 4887 1857 4939 si
1897 4889 2074 4951 miles,
2100 4891 2190 4957 qui
2218 4891 2385 4959 depo-

818 4980 911 5023 nat
957 4986 1177 5023 currum
1224 4986 1383 5024 suum
1424 4972 1477 5025 in
1533 4973 1695 5027 domo
1735 4975 1984 5045 alicujus,
2012 4978 2229 5045 quando
2263 4980 2380 5047 pla-

817 5060 995 5113 cuerit
1020 5060 1092 5123 ei,
1126 5061 1433 5114 facultatem
1456 5062 1621 5116 habet
1648 5063 1987 5133 ingrediendi
2017 5079 2073 5120 et
2095 5067 2381 5135 egredien-

817 5150 867 5201 tli
902 5149 1123 5202 domum
1150 5150 1295 5207 illam
1323 5168 1335 5202 :
1368 5151 1446 5204 sic
1467 5167 1684 5221 quoque
1712 5165 1993 5221 peccatum
2029 5156 2193 5209 habet
2229 5168 2381 5225 pote-

814 5252 1009 5296 statem
1028 5243 1426 5311 disputationes
1437 5246 1651 5299 serendi
1669 5246 1723 5299 in
1740 5247 1923 5301 corde.
1948 5247 2219 5317 Scriptum
2233 5251 2378 5304 enim

815 5344 898 5387 est
925 5352 936 5384 :
968 5334 1178 5387 Introiit
1217 5332 1447 5389 Satanas
1468 5337 1523 5389 in
1558 5353 1646 5388 cor
1666 5337 1817 5391 Iuda:
1847 5338 1911 5390 ".
1949 5338 2004 5392 Si
2034 5355 2164 5393 vero
2188 5342 2374 5406 instes,

816 5441 913 5493 per
935 5427 1227 5480 adventum
1257 5428 1456 5484 Christi
1482 5432 1897 5487 condemnatum
1924 5450 2043 5489 esse
2070 5448 2373 5504 peccatum,

817 5532 919 5571 nec
951 5530 1074 5587 post
1129 5522 1462 5591 baptismum
1496 5525 1755 5593 pabulum
1802 5527 2002 5581 habere
2029 5530 2227 5582 malum
2258 5530 2373 5583 dis-

819 5608 1043 5675 putandi
1090 5610 1145 5664 in
1194 5613 1397 5679 corde;
1449 5614 1666 5683 ignoras
1698 5617 1841 5684 quod
1888 5617 1955 5670 ab
2002 5619 2232 5675 adventu
2266 5623 2372 5675 Do-

2486 701 2578 735 ποι
2603 684 2963 736 ἀλλάσσονται
3007 687 3063 737 ἐν
3103 688 3169 753 τῇ
3206 684 3526 745 ἀναστάσει,
3562 686 3653 735 καὶ
3681 684 3962 750 γίγνονται
3991 686 4067 733 τὰ

2487 776 2624 845 μέλη
2669 776 2846 828 αὐτῶν
2887 776 3018 843 ἆγια
3078 776 3172 828 καὶ¹
3213 776 3503 844 φωτοειδῆ.
3550 778 3612 826 Οἱ
3640 775 3733 827 οὖν
3778 774 3875 826 τοῦ
3916 774 4063 827 Θεοῦ

2483 868 2759 938 ἄνθρωποι
2799 868 3101 936 ὀφείλουσιν
3134 868 3453 937 εὐτρεπίσαι
3485 869 3709 929 ἑαυτοὺς
3747 869 3826 930 εἰς
3866 868 4067 933 ἀγῶνα

2483 957 2576 1009 καὶ
2621 957 2869 1027 ἄθλησιν.
2918 958 3132 1027 Ὥσπερ
3164 958 3221 1011 δέ
3264 960 3477 1021 νεανίας
3522 961 3765 1025 γενναῖος
3796 960 3895 1019 τὰς
3929 959 4061 1009 ἐπι-

2483 1047 2787 1116 φερομένας
2821 1048 3067 1117 πληγὰς,
3101 1048 3196 1101 καὶ
3219 1050 3316 1119 τὴν
3340 1050 3515 1118 πάλην
3549 1049 3807 1118 βαστάζει
3836 1052 3932 1101 καὶ
3958 1050 4062 1099 ἁν-

2481 1137 2754 1199 τιτύπτει,
2780 1138 2922 1191 οὕτω
2960 1140 3053 1192 καὶ
3086 1140 3137 1191 oi
3185 1141 3501 1209 Χριστιανοὶ
3546 1140 3819 1208 ὀφείλουσι
3864 1142 4064 1209 φέρειν

2481 1229 2579 1292 τὰς
2607 1228 2810 1295 θλίψεις
2830 1268 2844 1291 ,
2872 1229 2969 1291 τάς
2993 1247 3051 1281 τε
3083 1228 3301 1293 ἔξωθεν,
3349 1232 3441 1283 καὶ
3472 1231 3601 1293 τοὺς
3630 1230 3860 1293 ἔνδοθεν,
3892 1222 4064 1283 πολέ-

2485 1336 2640 1387 μους,
2674 1320 2759 1371 ἴνα
2792 1320 2880 1372 διὰ
2921 1322 3020 1389 τῆς
3051 1322 3329 1390 ὑπομονῆς
3366 1323 3697 1390 τυπτόμενοι
3730 1323 4058 1389 νικήσωσιν.

2494 1409 2555 1461 Ἦ
2588 1410 2695 1480 γὰρ
2724 1411 2838 1473 ὁδὸς
2867 1412 2959 1463 τοῦ
3001 1413 3429 1483 Χριστιανισμοῦ
3461 1413 3631 1473 οὕτως
3671 1414 3836 1466 ἐστίν.
3874 1414 4062 1466 Ὅπου

2480 1503 2588 1571 γάρ
2614 1504 2809 1573 ἐστιξτὸ
2844 1503 3061 1572 Πνεῦμα
3089 1504 3149 1555 τὸ
3179 1504 3353 1570 ἅγιον,
3384 1507 3497 1557 ἐκεῖ
3526 1504 3901 1569 ἐπακολουθεῖ,
3935 1500 4061 1557 οἷον

2482 1594 2628 1655 σκιὰ,
2675 1595 2703 1644 6
2732 1594 2969 1661 διωγμὸς
3000 1594 3093 1646 καὶ
3124 1596 3154 1663 η
3183 1595 3345 1661 πάλη.
3396 1595 3557 1662 ὐρᾷς
3587 1596 3709 1654 τοὺς
3740 1597 4057 1663 προφήτας,

2480 1685 2595 1745 πῶς
2641 1684 2917 1735 ἐδιώκοντο
2961 1686 3063 1736 ὑπὸ
3091 1686 3197 1735 τῶν
3224 1683 3511 1752 ὁμοφύλων
3537 1684 3603 1735 δι’
3636 1685 3792 1747 ὅλου,
3836 1685 3918 1746 εἰς
3958 1684 4059 1746 οῦς

2481 1776 2626 1843 ὅμως
2650 1778 2867 1844 ἐνήργει
2885 1776 2945 1827 τὸ
2970 1776 3211 1844 Πνεῦμα.
3248 1776 3430 1845 Ὁρᾷς,
3457 1776 3572 1838 πῶς
3599 1778 3627 1826 ὁ
3653 1775 3874 1844 Κύριος,
3901 1777 4055 1837 ὅστις

2408 1845 2454 1902 Β
2483 1865 2627 1916 ἐστὶν
2651 1864 2791 1928 ὁδὸς
2815 1865 2913 1915 καὶ
2936 1865 3204 1931 ἀλήθεια,
3240 1866 3337 1933 οὐχ
3368 1866 3469 1915 ὑπὸ
3498 1864 3659 1916 ἄλλου
3687 1864 3870 1926 eam;
3897 1864 4056 1916 ἐδιώ-

2482 1956 2607 2025 χθη,
2635 1956 2749 2009 ἀλλ’
2796 1957 2900 2008 ὑπὸ
2944 1957 3050 2008 τῶν
3103 1958 3271 2020 ίδίων,
3311 1957 3413 2008 ὑπὸ
3441 1958 3538 2025 τῆς
3571 1957 3707 2018 ίδίας
3755 1957 3926 2024 φυλῆς
3954 1956 4057 2009 τοῦ

2494 2046 2711 2117 Ἰσραὴλ
2756 2047 2983 2115 ἐδιώχθη
3045 2048 3137 2099 καὶ
3185 2046 3502 2116 ἐσταυρώθη
3559 2064 3571 2076 ·
3625 2050 3825 2117 ὁμοίως
3864 2048 3961 2098 καὶ
4002 2049 4057 2098 οι

2480 2138 2790 2193 ἀπόστολοι.
2826 2134 2992 2202 Ἑξοῦ
3017 2139 3123 2209 γὰρ
3145 2139 3173 2191 6
3200 2140 3453 2209 σταυρὸς,
3486 2138 3719 2208 μετῆλθε
3742 2140 3800 2190 τὸ
3823 2138 4056 2206 Πνεῦμα

2480 2229 2542 2282 τὸ
2569 2230 2937 2301 παράκλητον,
2968 2232 3063 2284 καὶ
3101 2231 3379 2302 ἐχώρησεν
3410 2234 3487 2293 εἰς
3514 2233 3635 2292 τοὺς
3666 2228 4052 2299 Χριστιανούς.

2480 2321 2679 2374 Λοιπὸν
2720 2322 2893 2383 οὐδεὶς
2946 2322 3212 2373 Ἰουδαίων
3246 2322 3509 2391 ἐδιώχθη,
3552 2322 3685 2375 ἀλλὰ
3714 2322 3874 2391 μόνον
3914 2322 4055 2390 Χρι-

2484 2411 2690 2463 στιανοὶ
2714 2412 3121 2482 ἐμαρτύρησαν.
3151 2413 3240 2465 Διὸ
3276 2414 3376 2465 οὐκ
3406 2412 3676 2481 ὀφείλουσι
3708 2410 4013 2477 ξενίζεσθαι
4036 2452 4056 2472 ,

2481 2500 2619 2556 ἀλλά
2652 2504 2862 2575 ἀνάγκη
2892 2504 3179 2558 διώκεσθαι
3202 2507 3298 2577 τὴν
3327 2507 3605 2577 ἀλήθειαν.

2556 2686 2653 2742 ΙΓ’.
2689 2687 3019 2755 Ἐρώτησις.
3056 2690 3219 2754 Τινὲς
3245 2691 3536 2760 λέγουσιν
3567 2692 3655 2744 ὅτι
3695 2692 3921 2755 ἔξωθεν
3946 2692 4056 2744 ἐπ-

2482 2779 2813 2846 εισέρχεται
2856 2782 2921 2833 τὸ
2952 2782 3162 2845 κακόν,
3197 2782 3293 2834 καὶ
3323 2784 3431 2835 ἐὰν
3454 2782 3598 2853 θέλῃ
3639 2787 3673 2836 ὀ
3713 2783 4052 2850 ἅνθρωπος,

2482 2878 2553 2929 οὺ
2582 2876 2830 2943 δέχεται,
2856 2878 2992 2931 ἀλλ’
3027 2880 3435 2948 ἀποπέμπεται
3466 2883 3634 2935 αὑτό.

2564 2964 2925 3031 Ἀπόκρισις.
2968 2967 3177 3035 Ὥσπερ
3202 2969 3229 3019 ὁ
3267 2968 3389 3035 ὄφις
3420 2970 3660 3039 λαλήσας
3690 2972 3757 3040 τῇ
3784 2968 3899 3022 Εὕα
3920 3012 3935 3033 ,
3961 2970 4054 3021 διὰ

2482 3055 2577 3121 τὴν
2621 3055 2867 3123 ὑπακοὴν
2907 3054 3118 3107 ἔνδοθεν
3154 3058 3493 3125 ἐπεισῆλθεν,
3540 3062 3682 3111 οὕτω
3720 3061 3815 3112 καὶ
3841 3060 3937 3111 νῦν
3962 3062 4057 3111 διὰ

2485 3145 2583 3212 τῆς
2620 3146 2863 3215 ὑπακοῆς
2885 3148 2979 3200 τοῦ
3007 3147 3295 3217 ἀνθρώπου
3333 3152 3709 3221 ἐπεισέρχεται
3739 3154 3773 3222 ἡ
3802 3154 4055 3223 ἁμαρτία

2484 3235 2587 3298 ἔξω
2620 3233 2774 3291 οὖσα.
2806 3240 2957 3307 Ἔχει
2986 3240 3093 3310 γὰρ
3124 3240 3371 3304 ἐξουσίαν
3396 3243 3487 3293 καὶ
3522 3245 3842 3313 παρρησίαν
3870 3246 4056 3315 είσέρο

2493 3326 2680 3396 χεσθαι
2721 3330 2754 3398 ἠ
2780 3330 3023 3401 ἁμαρτία
3046 3335 3123 3395 είς
3162 3333 3262 3402 τὴν
3300 3334 3545 3403 καρδίαν’
3581 3340 3627 3387 oi
3660 3338 3767 3403 γὰρ
3797 3337 4054 3405 λογισμοὶ

2482 3415 2580 3467 οὔκ
2604 3419 2739 3469 εἰσιν
2768 3418 2985 3481 ἔξωθεν,
3016 3420 3129 3472 ἀλλ’
3158 3420 3369 3473 ἔνδοθεν
3394 3424 3456 3473 ἐκ
3482 3423 3579 3491 τῆς
3611 3423 3862 3493 καρδίας.
3885 3426 4053 3489 Λιέγει

2482 3509 2587 3576 γὰρ
2615 3509 2641 3559 6
2674 3509 2931 3561 Ἀπόστολ
2949 3528 3025 3573 ος·
3058 3514 3359 3580 Βούλομαι
3380 3515 3520 3579 τοὺς
3548 3515 3773 3581 ἄνδρας
3792 3518 4055 3582 προσεύ-

2482 3602 2691 3666 χεσθαι
2717 3602 2889 3667 χωρὶς
2940 3602 3120 3670 ὀργῆς
3152 3604 3249 3655 καί
3289 3604 3693 3673 διαλογισμῶν
3742 3608 4049 3673 πονηρῶν.

2481 3688 2615 3741 Eia!
2648 3694 2755 3757 γὰρ
2781 3693 3054 3759 λογισμοὶ
3099 3693 3479 3761 ἐξερχόμενοι
3512 3699 3579 3749 ἐκ
3630 3697 3739 3762 τῆς
3777 3699 4052 3765 καρδίας,

2482 3780 2621 3832 κατὰ
2670 3783 2732 3831 τὸ
2782 3782 3131 3848 Εὑαγγέλιον.
3188 3786 3421 3837 Ἀπελθε
3453 3782 3544 3839 οὖν
3590 3789 3668 3848 εἰς
3713 3787 3899 3857 εὐχὴν,
3956 3790 4055 3841 καὶ

2481 3871 2769 3939 ἐπίσκεψαί
2800 3890 2894 3926 σου
2920 3876 3019 3942 τὴν
3050 3877 3278 3945 καρδίαν
3301 3878 3394 3929 καὶ
3418 3880 3507 3930 τὸν
3536 3879 3679 3941 νοῦν,
3704 3882 3798 3932 καὶ
3823 3882 4055 3950 θέλησον

2477 3964 2577 4033 τὴν
2626 3965 2789 4033 εὐχήν
2829 3983 2921 4018 σου
2968 3967 3215 4038 καθαρὰν
3262 3970 3581 4037 ἀναπέμψαι
3632 3971 3711 4039 τῷ
3752 3972 3904 4041 Θεῷ,
3960 3978 4053 4027 καὶ

2482 4055 2671 4124 βλέψον
2701 4057 2988 4126 ἐξαιρέτως
3016 4060 3163 4125 ἐκεῖ,
3194 4062 3244 4112 εί
3281 4061 3432 4113 οὐδέν
3472 4064 3585 4114 ἐστι
3629 4064 3691 4115 τὸ
3729 4066 4051 4132 ἐμποδίζον,

2481 4147 2528 4197 εἰ
2574 4146 2782 4212 γίνεται
2829 4148 2962 4217 εὐχὴ
3006 4149 3244 4219 καθαρὰ,
3291 4152 3660 4219 είὴσχόληταί
3710 4170 3803 4205 σου
3853 4156 3883 4205 6
3924 4156 4053 4219 νοῦς

2479 4240 2605 4307 περὶ
2656 4238 2747 4290 τὸν
2815 4239 3035 4308 Κύριον,
3096 4242 3155 4293 δν
3204 4244 3404 4311 τρόπον
3466 4242 3561 4295 τοῦ
3613 4246 3860 4313 γεωργοῦ
3922 4252 4052 4317 περὶ

2477 4330 2575 4398 τὴν
2621 4330 2917 4400 γεωργίαν,
2966 4332 3058 4384 τοῦ
3104 4332 3297 4401 ἀνδρὸς
3339 4335 3468 4403 περὶ
3493 4336 3591 4401 τὴν
3628 4340 3905 4403 γυναῖκα,
3951 4341 4052 4392 τοῦ

2477 4417 2724 4485 ἐμπόρου
2766 4421 2894 4489 περὶ
2936 4421 3034 4490 τὴν
3070 4421 3341 4491 ἐμπορίαν
3367 4462 3382 4485 ,
3420 4425 3468 4476 εί
3504 4426 3706 4490 κλίνεις
3733 4428 3801 4480 τὰ
3845 4430 4054 4495 γόνατά

2402 4516 2454 4575 D
2482 4522 2574 4557 σου
2601 4508 2678 4569 είς
2701 4509 2886 4579 εὐχὴν,
2916 4511 3009 4563 καὶ
3031 4514 3156 4575 τοὺς
3182 4513 3474 4583 λογισμούς
3497 4533 3590 4569 σου
3613 4517 3763 4572 ἄλλοι
3794 4522 3870 4591 μὴ
3895 4520 4053 4590 ἔὶιαρο

2483 4596 2747 4659 πάζουσιν

2556 4708 2784 4764 1Δ’.-1Ε’.
2830 4710 2987 4765 Ἀλλὰ
3020 4712 3218 4781 λέγεις,
3249 4718 3331 4770 ὅτι
3354 4722 3388 4771 ό
3411 4720 3621 4787 Κύριος
3650 4721 3819 4774 ἐλθὼν
3844 4723 3937 4776 διιι
3956 4728 4055 4778 τοῦ

2482 4802 2715 4871 σταυροῦ
2741 4803 3046 4870 κατέκρινε
3086 4807 3200 4875 τὴν
3234 4810 3549 4877 ἁμαρτίαν,
3576 4815 3667 4865 καὶ
3692 4816 3877 4870 οὐκέτι
3900 4820 4055 4872 iam

2479 4894 2607 4947 ἔσω.
2648 4895 2784 4948 Ἀλλ’
2830 4895 3017 4966 ὥσπερ
3056 4900 3151 4951 ἐὰν
3262 4904 3600 4973 στρατιώτης
3640 4909 3734 4959 καὶ
3777 4908 4057 4979 ἀποθῆται

2479 4988 2541 5039 τὸ
2570 4986 2722 5056 ἀρμα
2754 4988 2918 5041 αὐτοῦ
2954 4992 3033 5051 είς
3063 4992 3239 5046 οἰκίαν
3268 4995 3435 5057 τινὸς,
3472 4997 3563 5049 ὅτε
3596 4998 3737 5050 θέλει
3756 5037 3772 5061 ,
3798 5000 4055 5064 ἐξουσίαν

2482 5077 2593 5146 ἔχει
2632 5078 2857 5131 είσιέναι
2892 5082 2986 5131 καὶ
3015 5082 3216 5144 ἐξιέναι
3255 5086 3313 5137 ἐν
3351 5088 3413 5155 τῇ
3453 5089 3601 5157 οἰκίᾳ
3642 5088 3850 5159 ἐκείνῃ·
3874 5090 4055 5155 οὕτως

2480 5170 2572 5221 καὶ
2592 5170 2623 5238 ή
2648 5170 2891 5240 ἁμαρτία
2914 5171 3026 5239 ἔχει
3053 5173 3297 5237 ἐξουσίαν
3321 5176 3713 5245 διαλογίζεσθαι
3737 5183 3797 5233 ἐν
3817 5184 3885 5251 τῇ
3922 5200 4056 5254 ιιαρ-

2479 5258 2587 5328 δία.
2620 5262 2933 5329 Γέγραπται
2956 5268 3064 5333 γὰρ
3083 5280 3097 5295 ο
3129 5265 3431 5333 Εἰσῆλθεν
3457 5272 3489 5322 ό
3523 5270 3790 5335 Σατανᾶς
3817 5275 3906 5336 εις
3936 5274 4055 5340 τὴν

2482 5352 2729 5419 καρδίαν
2766 5355 2972 5407 Ἰούδα.
3007 5358 3066 5407 Ei
3094 5357 3149 5408 δὲ
3183 5358 3382 5427 λέγεις,
3412 5362 3493 5413 ὅτι
3527 5362 3615 5415 διὰ
3657 5362 3756 5431 τῆς
3783 5364 3903 5415 ἐλεύ
3922 5383 4053 5429 nm;

2481 5442 2573 5495 τοῦ
2606 5444 2840 5513 Χριστοῦ
2876 5447 3172 5518 κατεκρίθη
3206 5450 3237 5518 ἡ
3272 5451 3537 5521 ἁμαρτία,
3570 5454 3662 5505 καὶ
3692 5455 3831 5522 μετὰ
3860 5453 3907 5507 τέ
3948 5456 4052 5525 βά-

2481 5554 2688 5607 πτισμα
2708 5540 2888 5591 οὐκέτι
2912 5541 3024 5611 ἔχει
3053 5543 3223 5613 νομὴν
3244 5544 3303 5597 τὸ
3332 5546 3499 5598 κακὸν
3522 5546 3615 5599 τοῦ
3643 5547 4051 5613 διαλογίζεσθαι

2481 5629 2538 5682 ἐν
2566 5630 2633 5699 τῇ
2659 5631 2881 5702 καρδίᾳ,
2915 5633 3125 5701 ἀγνοεῖς
3154 5636 3237 5687 ὃτι
3274 5638 3337 5689 ἐκ
3364 5638 3462 5706 τῆς
3488 5640 3787 5709 παρουσίας
3811 5640 3905 5692 τοῦ
3934 5642 4046 5693 Κυ-

893 5746 935 5774 ⁹¹’
968 5747 1121 5801 Joan.
1176 5765 1281 5814 xvi,
1309 5751 1357 5805 θ.
1422 5752 1467 5782 ³³
1494 5751 1627 5806 Cen.
1658 5770 1737 5819 Ill,
1771 5756 1821 5810 5.
1859 5756 1909 5810 6.
1986 5758 2072 5811 ⁵⁸1
2107 5759 2243 5814 Tim.
2278 5779 2333 5828 ll,
2370 5766 2421 5819 8.

2409 5806 2421 5818 .
2500 5768 2544 5799 "
2569 5767 2754 5823 Matth.
2788 5786 2875 5838 xv,
2903 5772 2983 5829 19.
3041 5774 3085 5806 ⁵⁸
3124 5775 3277 5829 Rom.
3309 5793 3420 5841 vnt,
3462 5778 3513 5833 ὅ.
3581 5780 3623 5813 ⁸⁷
3654 5778 3791 5835 Luc.
3819 5796 3955 5845 ml,
3987 5781 4041 5836 3.
