4282 6364
227 284 334 347 585

1458 292 1828 356 HOMILIE.
1856 319 1928 331 —
1953 295 2140 361 HOM.
2167 298 2287 365 XV.

3374 305 3482 376 586

230 395 348 464 ρίου
379 393 540 465 μέχρι
575 395 668 449 τοῦ
701 395 818 465 νῦν,
853 398 967 452 ὅσοι
997 398 1426 471 ἐϐαπτίσθησαν,
1458 403 1550 459 καὶ
1592 402 1804 476 πονηρά
1831 404 1883 467 Δ
1909 423 1921 461 ι

1783 402 1804 459 ι
1831 404 1883 467 Δ
1909 408 2043 465 mini
2074 410 2144 467 ad
2171 412 2321 470 hunc
2344 429 2518 485 usque
2538 413 2684 470 diem
2712 422 2845 485 quot
2872 414 3037 471 modo
3059 415 3474 490 haptizati'sint,

227 487 362 539 ποτὲ
406 488 799 560 ἐλογίσθησαν;
846 490 880 562 ἢ
916 492 1019 547 οὐκ
1050 494 1131 558 είς
1163 494 1470 562 κενοδοξίαν
1517 497 1661 560 τινες
1702 496 1801 552 αύ-

223 579 358 644 τῶν,
388 579 423 650 ἢ
456 580 733 651 πορνείαν,
760 582 793 651 ἢ
826 585 1272 655 γαστριμαργίαν
1295 586 1642 658 ἑτράπησανς
1666 589 1803 644 ἀλλά

226 672 342 724 ὅλοι
364 673 414 724 ot
439 672 820 737 κατοικοῦντες
855 676 912 727 εν
940 678 1007 747 τῇ
1042 676 1336 750 Ἐκκλησία
1353 680 1627 749 κοσμικοὶ,
1646 682 1802 750 ἀμω-

230 780 336 832 μον
385 765 480 817 καὶ
517 764 766 835 καθαράν
818 766 1001 836 ἔχουσι
1044 768 1141 841 τὴν
1184 770 1504 843 καρδίανςῆ
1546 772 1801 843 εὑρίσκο-

229 878 353 930 μεν,
378 861 460 914 δτι
484 861 621 932 μετά
648 861 710 915 τὸ
742 861 1024 934 βάπτισμα
1057 864 1250 918 πολλαὶ
1286 862 1555 934 ἁμαρτίαι
1588 863 1802 933 γίγνον-

223 970 316 1007 ται
334 992 352 1018 ,
379 955 475 1008 καὶ
510 954 697 1009 πολλοὶ
718 955 1123 1026 ἁμαρτάνουσιν
1145 974 1161 1023 ;
1197 957 1350 1028 Ἔχει
1376 952 1469 1011 οὖν
1495 957 1668 1029 νομὴν
1706 957 1802 1011 καὶ

229 1044 371 1115 μετὰ
391 1044 453 1098 τὸ
483 1044 765 1117 βάπτισμα
798 1047 1059 1101 εἰσελθεῖν
1096 1049 1126 1101 ό
1164 1047 1388 1121 λῃστὴς,
1417 1051 1513 1105 καὶ
1541 1050 1801 1122 πράττειν

225 1138 263 1190 ἃ.
295 1136 462 1192 θέλει.
496 1138 810 1208 Γέγραπται
853 1140 962 1211 γάρ
992 1155 1008 1171 ·
1049 1140 1403 1209 Ἀγαπήσεις
1440 1143 1663 1211 Κύριον
1692 1143 1802 1199 τὸν

229 1230 382 1283 Θεόν
416 1245 535 1284 σου
581 1230 653 1295 ἐξ
695 1230 848 1301 ὅλης
889 1232 1002 1299 τῆς
1043 1233 1296 1301 καρδίας
1338 1250 1477 1291 σου.
1521 1235 1681 1288 ’Δλλά
1708 1234 1799 1290 λί-

226 1336 349 1387 γιις
374 1360 391 1386 ,
421 1321 504 1373 ὅτι
534 1318 759 1389 Ἀγαπῶ
778 1362 794 1386 ,
827 1320 928 1375 καί
962 1322 1082 1391 ἔχω
1108 1323 1349 1394 Πνεῦμα
1381 1324 1578 1394 ἅγιον.
1612 1325 1801 1395 Ἔχεις

224 1413 329 1484 τὴν
364 1404 607 1484 μνήμην,
656 1412 867 1467 καὶτὸν
908 1413 1109 1485 ἔρωτα,
1136 1418 1229 1471 καὶ
1288 1416 1386 1489 τὴν
1428 1418 1624 1471 καῦσιν
1662 1419 1800 1490 πρὸς

224 1507 320 1558 τὸν
348 1505 582 1577 Κύριονς
603 1507 797 1571 νυκτὸς
818 1509 912 1561 καὶ
931 1510 1144 1580 ἡμέρας
1167 1512 1285 1563 ἑκεϊ
1313 1511 1633 1565 ἀποδέδεσαι
1660 1528 1677 1576 ;
1703 1511 1801 1567 καὶ

225 1601 276 1651 εί
312 1600 410 1669 μὲν
438 1598 581 1669 ἔχεις
600 1599 860 1670 τοιαύτην
887 1600 1130 1669 ἀγάπην,
1156 1600 1398 1672 καθαρὸς
1424 1596 1492 1657 εἷ.
1528 1602 1591 1655 Ei
1617 1601 1673 1655 δὲ
1699 1601 1801 1655 οὐκ

226 1693 413 1762 ἔχεις,
462 1690 698 1762 ζήτησον
741 1692 825 1745 ἔτι
872 1693 999 1746 ὅταν
1036 1692 1261 1746 ἔλθωσιν
1301 1693 1411 1747 ἀπὸ
1447 1693 1556 1747 τῶν
1596 1695 1799 1763 γηΐνων

227 1784 595 1855 πραγμάτων,
642 1784 735 1839 καὶ
762 1784 870 1838 ἀπὸ
896 1785 1005 1838 τῶν
1040 1783 1283 1855 αίσχρῶν
1317 1785 1413 1838 καὶ
1438 1784 1691 1856 πονηρῶν
1715 1783 1805 1836 λο-

226 1877 465 1947 γισμῶν,
497 1877 547 1928 εί
595 1877 670 1945 μὴ
711 1875 846 1945 πρὸς
869 1875 1045 1929 ταῦτα
1073 1874 1360 1947 ὑποκλίνῃ,
1394 1875 1530 1929 ἀλλά
1570 1874 1804 1929 πάντοτε

226 1971 308 2033 είς
341 1968 563 2036 ἀγάπην
592 1970 686 2020 καὶ
720 1968 885 2021 πόθον
922 1966 1057 2021 Θεοῦ
1090 1962 1307 2021 ἓλκεταί
1355 1984 1448 2021 σου
1474 1968 1508 2037 ή
1538 1967 1706 2037 ψυχή.
1739 1966 1802 2021 Oi

224 2064 338 2131 γάρ
362 2060 612 2129 λογισμοὶ
635 2058 729 2112 τοῦ
760 2059 966 2129 κόσμου
992 2060 1316 2113 κατασπῶσι
1341 2058 1433 2112 τὸν
1463 2058 1586 2111 νοῦν
1612 2061 1690 2123 είς
1731 2061 1804 2114 τά

226 2157 447 2226 ἐπίγεια
485 2158 579 2210 καὶ
613 2155 828 2225 φθαρτά
847 2195 863 2219 ,
890 2156 986 2208 καὶ
1012 2155 1113 2209 οὐκ
1151 2154 1315 2208 ἐῶσιν
1339 2154 1624 2226 ἀγαπῆσαι
1646 2157 1802 2225 Θεὸν,

226 2254 260 2323 ἦ
290 2252 663 2323 μνημονεῦσαι
686 2250 780 2305 τοῦ
805 2250 1034 2322 Κυρίου.
1072 2251 1183 2305 Καὶ
1213 2250 1475 2316 πολλάκις
1502 2251 1803 2324 ἀπέρχεται

227 2347 308 2405 εἰς
340 2344 649 2415 προσευχὴν
676 2345 704 2396 ό
731 2341 965 2412 ἰδιώτης,
997 2343 1090 2397 καὶ
1117 2344 1286 2396 κλίνει
1313 2343 1465 2410 γόνυ,
1496 2343 1594 2398 καὶ
1624 2345 1801 2415 είσέρ-

226 2449 384 2502 χεται
422 2435 450 2484 ό
472 2431 592 2495 νοῦς
620 2430 787 2485 αὑτοῦ
818 2432 897 2495 είς
920 2432 1258 2497 ἀνάπαυσιν,
1291 2436 1383 2486 καὶ
1412 2434 1537 2489 ὅσον
1570 2436 1803 2489 σκάπτει

226 2521 324 2572 καὶ
369 2519 589 2591 βαθύνει
608 2561 625 2585 ,
657 2521 917 2591 ρύσσεται
948 2522 1011 2575 τὸ
1053 2524 1230 2592 τεῖχος
1256 2523 1355 2593 τῆς
1384 2524 1581 2587 κακίας
1610 2525 1671 2578 τὸ
1702 2527 1799 2578 ἀν-

226 2611 571 2681 θιστάμενον,
603 2613 699 2665 καὶ
740 2612 1047 2683 εἰσέρχεται
1097 2616 1177 2677 εἰς
1222 2614 1413 2686 ὅρασιν
1443 2616 1539 2669 καὶ
1584 2618 1798 2687 σοφίαν,

223 2706 358 2757 ὃπου
398 2704 460 2756 οὐ
492 2704 757 2773 φθάνουσι
792 2704 1049 2759 δυνάσται
1078 2704 1112 2776 ἢ
1154 2707 1331 2774 σοφοὶ,
1360 2707 1403 2783 ἢ⁵
1428 2709 1658 2781 ῥήτορες
1696 2728 1800 2765 κα-

224 2793 489 2849 ταλαϐεῖν
541 2795 573 2866 ἢ
617 2796 821 2864 γνῶναι
872 2797 972 2867 τὴν
1000 2796 1303 2868 λεπτότητα
1333 2798 1427 2852 τοῦ
1461 2800 1579 2865 νοὸς
1607 2802 1797 2855 αὐτοῦ’

223 2886 415 2954 ἐπειδὴ
473 2886 784 2957 ἀσχολεῖται
851 2888 931 2951 είς
998 2887 1117 2943 θεῖα
1169 2892 1461 2963 μυστήρια.
1521 2893 1633 2946 Καὶ
1689 2895 1799 2965 γὰρ

224 2978 455 3047 ἄπειρος
474 2978 569 3031 τοῦ
598 2978 915 3048 δοκιμάζειν
962 2983 1333 3051 μαργαρίτας,
1368 2983 1470 3036 οὐκ
1494 2981 1602 3037 οἶδε
1628 2985 1800 3039 διατι·

1832 1746 1877 1803 Β

1904 508 1960 557 et
1992 503 2286 573 aliquando
2317 515 2500 562 tamen
2526 506 2887 564 nihilominus
2913 510 3057 563 mala
3083 509 3479 580 cogitaverim?

1903 595 2013 651 Aut
2039 612 2221 654 nonne
2247 598 2469 670 quidam
2490 613 2689 653 eorum
2714 599 2781 655 ad
2814 617 3009 656 vanam
3046 601 3236 673 gloriae
3264 605 3481 674 cupidi-

1903 687 2130 743 ditatem
2164 730 2180 754 ,
2226 690 2295 745 ad
2347 700 2597 761 stuprum
2647 702 2743 747 aut
2796 692 3189 750 helluationem
3224 698 3477 753 conversi

1902 782 2062 834 sunt?
2095 782 2268 837 Porro
2297 822 2313 847 ,
2358 798 2427 838 an
2464 799 2663 840 omnes
2705 784 2800 855 qui
2848 786 3100 842 habitant
3146 787 3201 843 in
3229 788 3476 845 Ecclesia

1901 870 2154 927 homines
2198 874 2481 938 mundani,
2521 892 2662 946 puro
2690 885 2746 931 et
2781 878 3101 948 inculpabili
3136 882 3303 937 corde
3336 898 3477 953 prae-

1900 962 2003 1019 diti
2034 963 2200 1019 sunt?
2231 974 2327 1020 aut
2380 982 2565 1023 nonne
2615 969 2921 1039 reperimus
2970 981 3097 1041 post
3134 972 3473 1043 baptismum

1899 1055 2070 1111 multa
2114 1058 2421 1127 perpetrari
2452 1069 2697 1129 peccata,
2726 1077 2791 1117 ac
2818 1064 3025 1120 multos
3046 1066 3475 1126 errareillabet

1900 1147 2070 1219 igitur
2091 1148 2353 1219 pabulum
2380 1159 2438 1205 et
2479 1151 2759 1207 licentiam
2802 1156 2966 1221 latro,
3011 1158 3177 1213 etiam
3222 1169 3348 1230 post
3379 1161 3474 1215 ba-

1900 1242 2181 1312 ptismum,
2208 1242 2548 1313 ingrediendi
2571 1255 2737 1317 atque
2757 1247 2955 1317 agendi
2977 1264 3081 1318 pro
3100 1250 3304 1307 lubitu.
3323 1253 3474 1309 Scri-

1900 1339 2055 1401 ptum
2109 1332 2258 1387 enim
2306 1344 2424 1390 est:
2472 1334 2672 1406 Diliges
2704 1337 2993 1392 Dominum
3024 1339 3191 1395 Deum
3230 1352 3380 1397 tum
3408 1360 3472 1398 ea;

1901 1429 2009 1477 tato
2043 1423 2198 1476 corde
2236 1434 2327 1478 tuo
2350 1425 2418 1479 ⁵⁸.
2466 1426 2664 1481 Verum
2714 1427 2896 1483 dicis:
2939 1429 3136 1501 Diligo,
3193 1439 3245 1487 et
3299 1434 3467 1489 habeo

1899 1510 2158 1582 Spiritum
2184 1524 2448 1570 sanctum.
2487 1516 2739 1574 Habesne
2767 1522 3089 1577 memoriam
3117 1533 3174 1577 et
3198 1539 3465 1591 amorem.

1900 1619 1965 1659 ac
2010 1604 2247 1675 ﬂagrans
2299 1608 2637 1663 desiderium
2675 1611 2949 1667 directum
2977 1630 3104 1685 erga
3136 1616 3468 1674 Dominum?

1901 1709 2033 1749 esne
2069 1704 2239 1750 noctu
2269 1696 2473 1766 diuque
2504 1698 2617 1754 illic
2635 1699 2963 1757 devinctus?
2990 1712 3048 1759 et
3075 1706 3348 1775 siquidem
3367 1708 3471 1763 hac

1905 1784 2198 1841 dilectione
2248 1788 2511 1858 praeditus
2534 1805 2614 1857 es,
2643 1807 2815 1861 purus
2846 1809 2926 1850 es.
2954 1794 3050 1851 Sin
3079 1813 3142 1853 ea
3181 1800 3364 1855 minus
3396 1802 3473 1856 sis

1904 1879 2189 1949 praeditus,
2218 1882 2361 1936 ultra
2386 1882 2622 1951 inquire,
2657 1885 2750 1939 ubi
2800 1901 2859 1941 se
2904 1888 3207 1946 obtulerint
3254 1893 3473 1963 negotia

1906 1979 2143 2037 terrena,
2174 1981 2270 2027 aut
2308 1976 2672 2044 cogitationes
2710 1987 2903 2048 turpes
2948 1988 3254 2050 et‘prava,
3286 1998 3474 2039 annon

1903 2062 1971 2117 ad
1994 2065 2109 2118 haec
2132 2064 2518 2134 declinaveris,
2561 2085 2632 2124 an
2654 2086 2787 2125 vero
2819 2081 3085 2142 perpetuo
3123 2074 3190 2128 ad
3225 2090 3471 2130 amorem

1902 2169 1965 2208 ac
1986 2155 2319 2212 desiderium
2344 2159 2441 2214 Dei
2470 2161 2719 2216 trahatur
2744 2164 2925 2217 anima
2953 2165 3087 2219 tua?
3111 2167 3475 2235 cogitationes

1901 2246 2048 2301 cnim
2096 2250 2385 2307 mundana:
2417 2251 2733 2309 distrahunt
2779 2265 3018 2311 mentem
3063 2257 3130 2312 ad
3168 2267 3387 2316 terrena
3418 2271 3475 2316 et

1902 2342 2305 2408 corruptibilis,
2358 2358 2460 2399 nec
2501 2346 2831 2413 permittunt
2876 2347 3106 2419 diligere
3137 2351 3334 2417 Deum,
3378 2362 3473 2409 aut

1901 2431 2115 2487 Domini
2139 2448 2437 2489 memorem
2465 2452 2606 2492 esse.
2643 2438 2712 2492 At
2755 2454 3133 2509 saepenumero
3167 2443 3382 2498 accedit
3403 2445 3472 2499 ad

1900 2525 2167 2579 orandum
2221 2526 2389 2581 idiota
2445 2528 2585 2583 llexo
2616 2531 2842 2599 poplite,
2874 2532 3289 2605 ingrediturque
3318 2552 3473 2593 mens

1900 2614 2021 2683 ejus
2044 2615 2100 2669 in
2147 2617 2413 2687 requiem,
2437 2627 2494 2672 et
2524 2620 2767 2689 quandiu
2813 2620 2956 2675 fodit
2983 2638 3048 2677 ac
3084 2623 3192 2677 ima
3216 2624 3471 2689 rimatur,

1902 2708 2502 2779 perrumpitobjectum
2534 2711 2797 2780 parietem
2828 2714 3072 2778 malitiae,
3103 2730 3169 2770 ac
3189 2717 3387 2772 transit
3416 2717 3473 2771 in

1901 2798 2171 2853 visionem
2211 2808 2268 2854 et
2324 2802 2674 2871 sapientiam,
2700 2820 2811 2873 quo
2857 2821 2968 2861 non
3014 2808 3347 2875 perveniunt
3376 2825 3475 2879 po-

1902 2896 2101 2954 tentes,
2130 2896 2225 2942 aut
2257 2890 2555 2959 sapientes,
2592 2901 2689 2947 aut
2717 2893 2989 2961 rhetores,
3017 2904 3076 2950 ut
3110 2898 3475 2968 comprehen-

1901 2978 2034 3033 dant
2061 2990 2158 3034 aut
2213 2993 2549 3051 cognoscant
2580 2984 2942 3041 subtilitatem
2978 2989 3182 3043 mentis
3206 2990 3363 3059 ejus:
3395 2990 3472 3045 si-

227 3069 511 3137 μήσασθαι
540 3070 787 3133 τούτους,
820 3070 909 3124 διὰ
935 3072 997 3125 τὸ
1034 3070 1262 3143 ἄπειρον
1296 3074 1461 3130 αὑτὸν
1484 3077 1794 3146 τυγχάνειν.
1823 3076 1868 3134 C
1899 3086 1918 3140 ς

1780 3120 1794 3134 ,
1823 3076 1868 3134 C
1899 3071 2120 3141 quidem
2146 3081 2392 3129 attentus
2426 3083 2513 3129 est
2550 3075 2619 3129 ad
2656 3075 2844 3131 divina
2874 3078 3150 3149 mysteria.
3190 3078 3295 3146 Qui
3324 3082 3471 3135 enim

224 3162 290 3213 Οἱ
320 3156 417 3214 οὖν
451 3162 766 3231 Χριστιανοὶ
797 3164 867 3217 τά
896 3163 1082 3229 ἔνδοξα
1120 3166 1220 3237 τῆς
1258 3168 1363 3238 γῆς
1394 3168 1795 3240 βδελύσσονται,

224 3252 323 3304 καὶ
354 3251 613 3321 ἡγοῦνται
649 3255 822 3309 ταῦτα
862 3257 938 3320 ὡς
986 3258 1218 3328 κοπρίαν
1252 3261 1391 3332 πρὸς
1441 3263 1667 3316 ἐκείνων
1700 3264 1799 3335 τὴν

224 3341 518 3411 σύγκρισιν
570 3343 672 3415 τῆς
730 3344 1149 3419 μεγαλειότητος
1199 3349 1299 3420 τῆς
1361 3350 1691 3423 ἐνεργούσης
1742 3352 1801 3405 ὲν

221 3433 432 3496 αὐτοῖς.

294 3691 410 3759 lq".
464 3693 804 3764 Ἐρώτησις.
839 3700 907 3753 Et
953 3699 1203 3755 δύναται
1236 3703 1449 3758 πεσεῖν
1492 3703 1801 3775 ἄνθρωπος

220 3788 385 3854 ἔχων
415 3785 715 3858 χάρισμα;

311 3876 675 3947 Ἀπόκρισις.
723 3881 851 3936 Ἐὰν
891 3883 1175 3957 ἀμελήσῃ,
1218 3886 1430 3941 πίπτει·
1468 3888 1518 3941 oi
1563 3888 1674 3961 γὰρ
1703 3908 1801 3943 πο-

222 3970 407 4039 λέμιοι
434 3972 689 4027 οὐδέποτε
718 3975 968 4045 ἀργοῦσι,
999 3977 1125 4030 οὔτε
1165 3978 1382 4032 ὀκνοῦσι
1416 3979 1795 4050 πολεμοῦντεςο

225 4064 381 4131 πόσῳ
417 4064 619 4133 μᾶλλον
666 4066 732 4119 σὺ
759 4068 859 4121 οὐκ
903 4069 1139 4136 ὀφείλεις
1185 4072 1497 4126 παύσασθαι
1540 4074 1649 4126 ἀπὸ
1701 4078 1801 4144 τῆς

222 4149 506 4222 ζητήσεως
555 4154 652 4223 τῆς
702 4156 839 4226 πρὸς
894 4158 1065 4226 Θεόν;
1112 4160 1280 4231 πολλὴ
1336 4162 1445 4233 γάρ
1496 4180 1577 4215 σοι
1625 4161 1801 4233 ζημία

222 4240 473 4327 γίγνεται
510 4244 833 4313 ἀμελοῦντι,
882 4250 929 4300 εί
967 4249 1062 4301 καὶ
1106 4251 1164 4302 ἂν
1200 4251 1349 4322 αὐτῷ
1388 4252 1469 4323 τῷ
1516 4255 1800 4327 μυστηρίῳ

219 4336 322 4403 τῆς
348 4321 566 4405 χάριτος
595 4337 769 4401 δοκεῖς
806 4338 1173 4404 ἐξετάζεσθαι.

1899 3165 2220 3233 margaritas
2264 3167 2502 3236 probare
2536 3167 2679 3221 haud
2734 3169 2910 3232 novit,
2964 3170 3054 3225 ille
3084 3186 3188 3226 nec
3211 3189 3306 3227 eas
3327 3176 3474 3229 testi-

1897 3272 2045 3310 mare
2075 3258 2243 3323 novit,
2275 3274 2342 3313 eo
2368 3259 2514 3329 quod
2559 3261 2849 3330 imperitus
2882 3262 2955 3317 sit
2983 3264 3104 3332 ejus
3127 3265 3231 3319 rei.
3262 3264 3471 3331 Quam-

1898 3346 2087 3401 obrem
2152 3346 2452 3404 Christiani
2497 3351 2555 3404 in
2608 3360 2754 3405 terra
2784 3392 2799 3417 ,
2835 3368 2957 3422 qu:e
3001 3356 3260 3423 praeclara
3314 3366 3468 3425 sunt,

1898 3428 2273 3503 exsecrantur,
2324 3455 2390 3494 ac
2437 3457 2538 3511 pro
2572 3451 2813 3497 stercore
2868 3454 3131 3513 reputant
3185 3463 3272 3513 ea,
3303 3448 3475 3502 colla-

1902 3531 2050 3585 tione
2076 3546 2204 3586 cum
2251 3533 2557 3604 majestate,
2593 3548 2718 3605 quae
2767 3543 3032 3605 Operatur
3071 3535 3128 3591 in
3152 3537 3284 3607 illis,
3312 3539 3473 3596 insti-

1900 3630 2042 3676 tuta.

1969 3713 2108 3769 XVI.
2145 3715 2520 3788 Interrogatio.
2558 3716 2747 3773 Utrum
2794 3719 2903 3774 labs
2946 3728 3119 3790 potest
3175 3724 3353 3790 homo,
3383 3727 3476 3793 qui

1896 3807 2094 3861 donum
2130 3811 2318 3879 gratia:
2350 3809 2548 3867 habet?

1973 3899 2275 3978 Responsio.
2330 3902 2386 3958 Si
2435 3906 2698 3978 negligat,
2752 3908 2947 3978 utique
2994 3908 3221 3966 labitur.
3260 3910 3476 3966 Inimici

1897 3973 2055 4045 enim.
2096 4007 2378 4061 nunquam
2424 3973 2739 4064 quiescunt,
2772 3973 2875 4053 nec
2934 3998 3137 4053 bellum
3168 3999 3329 4056 ciere-
3349 4018 3468 4072 gra-

1898 4087 2139 4133 vantur:
2180 4092 2385 4150 quanto
2417 4084 2591 4153 magis
2621 4094 2677 4138 tu
2715 4086 2888 4140 Deum
2919 4101 3166 4157 quaerere
3207 4090 3476 4147 desistere

1900 4184 2011 4225 non
2062 4171 2263 4227 debes!
2320 4190 2431 4229 non
2460 4175 2609 4230 enim
2650 4180 2909 4248 exiguum
2935 4178 3325 4236 detrimentum
3356 4197 3475 4237 ma-

1899 4270 1995 4315 net
2026 4268 2099 4327 te,
2127 4261 2172 4316 si
2204 4264 2467 4335 negligas,
2494 4269 2745 4337 quamvis
2770 4269 2825 4323 in
2853 4268 2976 4340 ipso
3002 4272 3265 4342 mysterio
3280 4273 3469 4344 gratia

1901 4350 2119 4407 videare
2154 4353 2436 4422 probatus.

296 4426 395 4481 lZ'.
442 4427 779 4497 Ἐρώτησις,
812 4433 878 4485 Et
910 4433 1233 4503 παραμένει
1263 4436 1301 4505 ἠ
1332 4435 1505 4506 χάρις
1540 4440 1691 4509 μετὰ
1729 4443 1795 4496 τὸ
1825 4413 1875 4472 υ
1969 4443 1987 4498 1

1781 4413 1875 4496 io
1969 4413 2528 4517 XVll.interrogatto.
2566 4458 2755 4505 utrum
2792 4460 3067 4523 permanet
3124 4465 3302 4525 gratia
3358 4465 3472 4527 post

221 4515 441 4569 πεσεῖν
467 4518 811 4587 ἇνθρωπονς

308 4607 674 4675 Ἀπόκρισις.
758 4611 815 4663 '0
866 4612 998 4677 Θεὸς
1055 4615 1196 4669 θέλει
1243 4617 1334 4670 τὸν
1384 4618 1667 4690 ἄνθρωπον
1716 4625 1798 4688 είς

222 4696 370 4769 ζωὴν
403 4699 564 4753 πάλιν
598 4703 847 4770 ἀγαγεῖν,
878 4707 970 4759 καὶ
1003 4709 1375 4778 προτρέπεται
1408 4714 1502 4767 ἐπὶ
1529 4715 1592 4767 τὸ
1636 4716 1800 4770 πάλιν

222 4789 605 4858 προσκλαῦσαι
633 4793 728 4846 καὶ
763 4798 1093 4866 μετανοῆσαι
1118 4800 1208 4851 τὸν
1240 4800 1542 4872 ἄνθρωπον.
1590 4806 1714 4859 Ἐἀν
1743 4808 1801 4862 δὲ

220 4880 317 4932 καὶ
352 4884 705 4956 παραμείνῃ,
739 4887 830 4939 ἐπὶ
862 4888 924 4940 τὸ
953 4890 1112 4952 πάλιν
1164 4894 1539 4962 προσκλαῦσαι
1568 4900 1661 4951 καὶ
1692 4916 1792 4969 με·

217 4970 488 5041 τανοῆσαι
517 4974 607 5027 τὸν
639 4974 946 5045 ἄνθρωπον,
980 4981 1343 5049 μετανοοῦντα
1366 4983 1433 5037 τὰ
1461 4986 1545 5053 ἐφ’
1578 4982 1659 5050 οἷς
1688 4989 1793 5042 πά-

216 5062 309 5116 λαι
336 5064 776 5136 ἐπλημμέλησεν.

289 5154 402 5210 ῙΗ⁹.
464 5156 804 5226 Ἐρώτησις.
836 5164 905 5216 El
926 5163 1049 5230 τοῖς
1071 5167 1319 5234 τελείοις
1339 5169 1626 5223 ἐπίκειται
1663 5174 1792 5227 θλί-

217 5248 348 5315 ψις,
372 5246 410 5315 ἧ
442 5251 724 5319 πόλεμος,
746 5252 783 5320 ἣ
825 5254 892 5308 τὸ
919 5254 1069 5309 ὅλον
1091 5258 1561 5328 ἀμεριμνοῦσινς

302 5336 661 5406 Ἀπόκρισις.
724 5344 783 5395 ’0
814 5344 1093 5415 ,πολέμιος
1139 5351 1259 5402 κατ’
1291 5351 1503 5416 οὐδενὸς
1559 5373 1792 5411 παυεται

218 5425 495 5496 πολεμῶν,
530 5430 558 5481 ό
583 5431 827 5497 Σατανᾶς
858 5435 914 5488 δὲ
943 5438 1286 5509 ἀσπ).αγχνός
1311 5444 1426 5497 ἔστι
1480 5447 1572 5498 καὶ
1599 5450 1785 5517 μισάν·

218 5513 441 5585 θρωπος
459 5532 474 5546 ο
502 5518 581 5571 διὸ
612 5521 704 5573 καὶ
728 5524 890 5578 παντὶ
920 5527 1193 5603 ἀνθρώπῳ
1220 5526 1475 5605 πολεμεῖν
1496 5513 1787 5596 οὑκνόκνεῖ.

292 5697 339 5731 ⁸³
364 5697 522 5758 Deut.
553 5719 624 5771 γι,
647 5704 701 5759 5.

1897 4532 2101 4605 lapsum
2154 4538 2420 4593 hominis?

1965 4624 2268 4696 Responsio.
2309 4630 2454 4685 Deus
2507 4631 2562 4685 in
2593 4631 2737 4686 votis
2776 4634 2942 4689 habet
2974 4635 3256 4691 hominem
3308 4654 3341 4691 n
3386 4654 3472 4692 v1-

1898 4723 2005 4770 tam
2034 4716 2214 4771 denuo
2245 4720 2530 4785 reducere,
2562 4732 2725 4792 atque
2761 4724 3087 4779 adhortatur
3115 4741 3243 4781 eum
3270 4727 3472 4784 iterum

1899 4804 1965 4857 ad
2008 4805 2217 4861 luctum
2249 4819 2304 4863 et
2348 4810 2805 4880 resipiscentiam.
2842 4815 2938 4870 Sin
2974 4833 3107 4873 vero
3132 4833 3470 4888 perseveret,

1900 4894 1967 4949 ad
1999 4897 2208 4953 luctum
2253 4910 2308 4954 et
2361 4904 2742 4971 pusnitentiam
2781 4906 2981 4961 iterum
3017 4910 3267 4966 hortatur
3296 4914 3473 4971 homi-

1898 5003 2046 5053 nem,
2080 4998 2140 5043 ut
2190 4992 2479 5062 resipiscat
2538 5005 2763 5067 propter
2820 5014 2905 5066 ea,
2958 5018 3081 5071 qua:
3136 5005 3268 5060 olim
3324 5006 3466 5062 deli-

1896 5083 2037 5152 quit.

1978 5175 2083 5245 57
2109 5176 2293 5231 XVIII.
2317 5177 2694 5250 Interrogatio.
2742 5182 2929 5237 Utrum
2951 5186 3193 5255 perfectis
3229 5190 3466 5246 imminet

1896 5266 2115 5335 afﬂictio
2144 5278 2234 5321 aut
2272 5268 2597 5335 bellum,aut
2626 5276 2828 5342 penitus
2853 5293 3034 5331 secure
3053 5280 3228 5333 vivunt
3246 5283 3272 5335 Ρ

1965 5357 2267 5429 Responsio.
2306 5362 2488 5419 Hostis
2511 5366 2715 5420 nemini
2750 5367 2953 5423 bellum
2990 5371 3195 5429 inferre
3224 5373 3465 5430 desinit:

1897 5449 2124 5506 Satanas
2161 5459 2293 5509 vero
2341 5456 2735 5515 immisericors
2776 5470 2881 5526 est,
2922 5472 2977 5517 et
3019 5464 3137 5518 odit
3186 5466 3464 5533 homines;

1896 5553 2233 5615 quapropter
2288 5547 2452 5604 etiam
2499 5550 2757 5612 omnibus
2808 5553 3127 5613 hominibus
3156 5556 3360 5612 bellum
3386 5559 3463 5612 in-
