  <div class='ocr_page' id='page_1' title='image "/cluster/home/n/w/nwhite01/storage/ocr_20150623/34/nnc1.0046978860/303.png"; bbox 0 0 4282 6364; ppageno 0'>
   <div class='ocr_carea' id='block_1_1' title="bbox 816 395 916 463">
    <p class='ocr_par' dir='ltr' id='par_1_1' title="bbox 816 395 916 463">
     <span class='ocr_line' id='line_1_1' title="bbox 816 395 916 463; baseline 0 0"><span class='ocrx_word' id='word_1_1' title='bbox 816 395 916 463; x_wconf 76' lang='lat'><strong>587</strong></span> 
     </span>
    </p>
   </div>
   <div class='ocr_carea' id='block_1_2' title="bbox 2042 403 2823 467">
    <p class='ocr_par' dir='ltr' id='par_1_2' title="bbox 2042 403 2823 467">
     <span class='ocr_line' id='line_1_2' title="bbox 2042 403 2823 467; baseline -0.003 -2"><span class='ocrx_word' id='word_1_2' title='bbox 2042 406 2105 467; x_wconf 85' lang='lat' dir='ltr'><strong>S.</strong></span> <span class='ocrx_word' id='word_1_3' title='bbox 2146 404 2470 466; x_wconf 80' lang='lat' dir='ltr'><strong>MACARII</strong></span> <span class='ocrx_word' id='word_1_4' title='bbox 2505 403 2823 465; x_wconf 79' lang='lat' dir='ltr'><strong>IEGYPTII</strong></span> 
     </span>
    </p>
   </div>
   <div class='ocr_carea' id='block_1_3' title="bbox 3956 402 4064 465">
    <p class='ocr_par' dir='ltr' id='par_1_3' title="bbox 3956 402 4064 465">
     <span class='ocr_line' id='line_1_3' title="bbox 3956 402 4064 465; baseline 0 0"><span class='ocrx_word' id='word_1_5' title='bbox 3956 402 4064 465; x_wconf 77' lang='grc'><strong>588</strong></span> 
     </span>
    </p>
   </div>
   <div class='ocr_carea' id='block_1_4' title="bbox 814 514 2505 591">
    <p class='ocr_par' dir='ltr' id='par_1_4' title="bbox 814 514 2505 585">
     <span class='ocr_line' id='line_1_4' title="bbox 814 514 2505 585; baseline 0.003 -16"><span class='ocrx_word' id='word_1_6' title='bbox 814 518 960 570; x_wconf 78' lang='lat' dir='ltr'><strong>l&#39;orrc</strong></span> <span class='ocrx_word' id='word_1_7' title='bbox 986 529 1097 568; x_wconf 85' lang='lat' dir='ltr'><strong>non</strong></span> <span class='ocrx_word' id='word_1_8' title='bbox 1118 514 1401 585; x_wconf 81' lang='lat' dir='ltr'><strong>pigrescit.</strong></span> <span class='ocrx_word' id='word_1_9' title='bbox 1429 516 1628 571; x_wconf 84' lang='lat' dir='ltr'><strong>Verum</strong></span> <span class='ocrx_word' id='word_1_10' title='bbox 1656 532 1766 572; x_wconf 92' lang='lat' dir='ltr'><strong>non</strong></span> <span class='ocrx_word' id='word_1_11' title='bbox 1793 518 1988 574; x_wconf 88' lang='lat' dir='ltr'><strong>iisdem</strong></span> <span class='ocrx_word' id='word_1_12' title='bbox 2018 522 2196 575; x_wconf 89' lang='lat' dir='ltr'><strong>modis</strong></span> <span class='ocrx_word' id='word_1_13' title='bbox 2223 520 2379 574; x_wconf 73' lang='lat' dir='ltr'><strong>vide-</strong></span> <span class='ocrx_word' id='word_1_14' title='bbox 2404 519 2457 581; x_wconf 75' lang='grc' dir='ltr'><strong>Α</strong></span> <span class='ocrx_word' id='word_1_15' title='bbox 2492 521 2505 541; x_wconf 87' lang='lat'><em>‘</em></span> 
     </span>
    </p>
   </div>
   <div class='ocr_carea' id='block_1_5' title="bbox 2368 514 4059 591">
    <p class='ocr_par' dir='ltr' id='par_1_5' title="bbox 2368 516 4059 591">
     <span class='ocr_line' id='line_1_5' title="bbox 2368 516 4059 591; baseline -0.003 -15"><span class='ocrx_word' id='word_1_16' title='bbox 2368 519 2457 581; x_wconf 79' lang='grc' dir='ltr'><strong>-Δ</strong></span> <span class='ocrx_word' id='word_1_17' title='bbox 2492 520 2631 575; x_wconf 78' lang='grc' dir='ltr'>Ἀλλ’</span> <span class='ocrx_word' id='word_1_18' title='bbox 2661 522 2724 576; x_wconf 82' lang='grc' dir='ltr'>οὐ</span> <span class='ocrx_word' id='word_1_19' title='bbox 2751 524 2845 574; x_wconf 87' lang='grc' dir='ltr'>τοῖ-</span> <span class='ocrx_word' id='word_1_20' title='bbox 2885 521 3068 585; x_wconf 72' lang='grc' dir='ltr'>αὐτοῖς</span> <span class='ocrx_word' id='word_1_21' title='bbox 3101 520 3324 591; x_wconf 78' lang='grc' dir='ltr'><strong>μέτροις</strong></span> <span class='ocrx_word' id='word_1_22' title='bbox 3358 519 3609 588; x_wconf 84' lang='grc' dir='ltr'>φαίνεται</span> <span class='ocrx_word' id='word_1_23' title='bbox 3638 518 3821 572; x_wconf 78' lang='grc' dir='ltr'>πᾶσαν</span> <span class='ocrx_word' id='word_1_24' title='bbox 3852 516 4059 571; x_wconf 73' lang='grc' dir='ltr'>ἐπιὼνο</span> 
     </span>
    </p>
   </div>
   <div class='ocr_carea' id='block_1_6' title="bbox 816 606 2383 667">
    <p class='ocr_par' dir='ltr' id='par_1_6' title="bbox 816 606 2383 667">
     <span class='ocr_line' id='line_1_6' title="bbox 816 606 2383 667; baseline 0.006 -10"><span class='ocrx_word' id='word_1_25' title='bbox 816 613 907 660; x_wconf 90' lang='lat' dir='ltr'><strong>tur</strong></span> <span class='ocrx_word' id='word_1_26' title='bbox 953 620 1146 661; x_wconf 85' lang='lat' dir='ltr'><strong>omnes</strong></span> <span class='ocrx_word' id='word_1_27' title='bbox 1194 606 1421 661; x_wconf 80' lang='lat' dir='ltr'><strong>adoriri.</strong></span> <span class='ocrx_word' id='word_1_28' title='bbox 1454 608 1703 663; x_wconf 74' lang='lat' dir='ltr'><strong>Pnelecti</strong></span> <span class='ocrx_word' id='word_1_29' title='bbox 1742 610 1889 665; x_wconf 90' lang='lat' dir='ltr'><strong>enim</strong></span> <span class='ocrx_word' id='word_1_30' title='bbox 1929 626 1993 665; x_wconf 93' lang='lat' dir='ltr'><strong>ac</strong></span> <span class='ocrx_word' id='word_1_31' title='bbox 2018 613 2248 667; x_wconf 75' lang='lat' dir='ltr'><strong>comites</strong></span> <span class='ocrx_word' id='word_1_32' title='bbox 2276 613 2383 667; x_wconf 86' lang='lat' dir='ltr'><strong>tri-</strong></span> 
     </span>
    </p>
   </div>
   <div class='ocr_carea' id='block_1_7' title="bbox 818 696 2382 767">
    <p class='ocr_par' dir='ltr' id='par_1_7' title="bbox 818 696 2382 767">
     <span class='ocr_line' id='line_1_7' title="bbox 818 696 2382 767; baseline 0.003 -16"><span class='ocrx_word' id='word_1_33' title='bbox 818 698 947 751; x_wconf 85' lang='lat' dir='ltr'><strong>buta</strong></span> <span class='ocrx_word' id='word_1_34' title='bbox 983 696 1230 766; x_wconf 89' lang='lat' dir='ltr'><strong>pendunt</strong></span> <span class='ocrx_word' id='word_1_35' title='bbox 1249 696 1388 767; x_wconf 84' lang='lat' dir='ltr'><strong>regi;</strong></span> <span class='ocrx_word' id='word_1_36' title='bbox 1415 714 1606 752; x_wconf 90' lang='lat' dir='ltr'><strong>verum</strong></span> <span class='ocrx_word' id='word_1_37' title='bbox 1629 698 1719 753; x_wconf 90' lang='lat' dir='ltr'><strong>hic</strong></span> <span class='ocrx_word' id='word_1_38' title='bbox 1737 701 1976 755; x_wconf 82' lang='lat' dir='ltr'><strong>conlisus</strong></span> <span class='ocrx_word' id='word_1_39' title='bbox 2004 701 2212 755; x_wconf 77' lang='lat' dir='ltr'><strong>divitiis</strong></span> <span class='ocrx_word' id='word_1_40' title='bbox 2242 701 2382 765; x_wconf 87' lang='lat' dir='ltr'><strong>suis,</strong></span> 
     </span>
    </p>
   </div>
   <div class='ocr_carea' id='block_1_8' title="bbox 816 792 2380 861">
    <p class='ocr_par' dir='ltr' id='par_1_8' title="bbox 816 792 2380 861">
     <span class='ocr_line' id='line_1_8' title="bbox 816 792 2380 861; baseline 0.002 -19"><span class='ocrx_word' id='word_1_41' title='bbox 816 802 953 842; x_wconf 85' lang='lat' dir='ltr'><strong>auro</strong></span> <span class='ocrx_word' id='word_1_42' title='bbox 998 797 1163 857; x_wconf 89' lang='lat' dir='ltr'><strong>atque</strong></span> <span class='ocrx_word' id='word_1_43' title='bbox 1202 798 1451 858; x_wconf 87' lang='lat' dir='ltr'><strong>argento,</strong></span> <span class='ocrx_word' id='word_1_44' title='bbox 1478 800 1734 859; x_wconf 84' lang='lat' dir='ltr'><strong>tanquam</strong></span> <span class='ocrx_word' id='word_1_45' title='bbox 1760 806 1826 844; x_wconf 80' lang='lat' dir='ltr'><strong>ex</strong></span> <span class='ocrx_word' id='word_1_46' title='bbox 1851 805 1918 844; x_wconf 89' lang='lat' dir='ltr'><strong>eo</strong></span> <span class='ocrx_word' id='word_1_47' title='bbox 1940 792 2087 861; x_wconf 87' lang='lat' dir='ltr'><strong>quod</strong></span> <span class='ocrx_word' id='word_1_48' title='bbox 2116 792 2380 856; x_wconf 91' lang='lat' dir='ltr'><strong>abundat,</strong></span> 
     </span>
    </p>
   </div>
   <div class='ocr_carea' id='block_1_9' title="bbox 817 880 2387 951">
    <p class='ocr_par' dir='ltr' id='par_1_9' title="bbox 817 880 2387 951">
     <span class='ocr_line' id='line_1_9' title="bbox 817 880 2387 951; baseline 0.003 -19"><span class='ocrx_word' id='word_1_49' title='bbox 817 893 915 933; x_wconf 88' lang='lat' dir='ltr'><strong>sua</strong></span> <span class='ocrx_word' id='word_1_50' title='bbox 935 881 1137 934; x_wconf 88' lang='lat' dir='ltr'><strong>tributa</strong></span> <span class='ocrx_word' id='word_1_51' title='bbox 1153 880 1378 951; x_wconf 73' lang='lat' dir='ltr'><strong>colligit,</strong></span> <span class='ocrx_word' id='word_1_52' title='bbox 1402 880 1587 934; x_wconf 89' lang='lat' dir='ltr'><strong>damni</strong></span> <span class='ocrx_word' id='word_1_53' title='bbox 1612 882 1820 936; x_wconf 79' lang='lat' dir='ltr'><strong>ratione</strong></span> <span class='ocrx_word' id='word_1_54' title='bbox 1836 898 1943 936; x_wconf 92' lang='lat' dir='ltr'><strong>non</strong></span> <span class='ocrx_word' id='word_1_55' title='bbox 1963 883 2167 937; x_wconf 86' lang='lat' dir='ltr'><strong>habita.</strong></span> <span class='ocrx_word' id='word_1_56' title='bbox 2186 883 2387 949; x_wconf 85' lang='lat' dir='ltr'><strong>Quem-</strong></span> 
     </span>
    </p>
   </div>
   <div class='ocr_carea' id='block_1_10' title="bbox 818 971 2387 1043">
    <p class='ocr_par' dir='ltr' id='par_1_10' title="bbox 818 971 2387 1043">
     <span class='ocr_line' id='line_1_10' title="bbox 818 971 2387 1043; baseline 0.003 -20"><span class='ocrx_word' id='word_1_57' title='bbox 818 971 1109 1024; x_wconf 78' lang='lat' dir='ltr'><strong>admodum</strong></span> <span class='ocrx_word' id='word_1_58' title='bbox 1165 972 1334 1035; x_wconf 90' lang='lat' dir='ltr'><strong>enim,</strong></span> <span class='ocrx_word' id='word_1_59' title='bbox 1385 971 1479 1040; x_wconf 90' lang='lat' dir='ltr'><strong>qui</strong></span> <span class='ocrx_word' id='word_1_60' title='bbox 1533 973 1932 1043; x_wconf 85' lang='lat' dir='ltr'><strong>eleemosynam</strong></span> <span class='ocrx_word' id='word_1_61' title='bbox 1966 974 2192 1042; x_wconf 66' lang='lat' dir='ltr'><strong>praebet,</strong></span> <span class='ocrx_word' id='word_1_62' title='bbox 2235 977 2387 1029; x_wconf 91' lang='lat' dir='ltr'><strong>nullo</strong></span> 
     </span>
    </p>
   </div>
   <div class='ocr_carea' id='block_1_11' title="bbox 821 1064 2386 1136">
    <p class='ocr_par' dir='ltr' id='par_1_11' title="bbox 821 1064 2386 1136">
     <span class='ocr_line' id='line_1_11' title="bbox 821 1064 2386 1136; baseline 0.003 -21"><span class='ocrx_word' id='word_1_63' title='bbox 821 1064 991 1116; x_wconf 88' lang='lat' dir='ltr'><strong>modo</strong></span> <span class='ocrx_word' id='word_1_64' title='bbox 1020 1064 1291 1132; x_wconf 88' lang='lat' dir='ltr'><strong>jacturam</strong></span> <span class='ocrx_word' id='word_1_65' title='bbox 1338 1073 1591 1134; x_wconf 84' lang='lat' dir='ltr'><strong>reputat:</strong></span> <span class='ocrx_word' id='word_1_66' title='bbox 1623 1066 1702 1120; x_wconf 91' lang='lat' dir='ltr'><strong>sic</strong></span> <span class='ocrx_word' id='word_1_67' title='bbox 1749 1081 1969 1136; x_wconf 92' lang='lat' dir='ltr'><strong>quoque</strong></span> <span class='ocrx_word' id='word_1_68' title='bbox 2021 1066 2250 1122; x_wconf 81' lang='lat' dir='ltr'><strong>Satanas</strong></span> <span class='ocrx_word' id='word_1_69' title='bbox 2285 1070 2386 1122; x_wconf 89' lang='lat' dir='ltr'><strong>ista</strong></span> 
     </span>
    </p>
   </div>
   <div class='ocr_carea' id='block_1_12' title="bbox 823 1157 2389 1229">
    <p class='ocr_par' dir='ltr' id='par_1_12' title="bbox 823 1157 2389 1229">
     <span class='ocr_line' id='line_1_12' title="bbox 823 1157 2389 1229; baseline 0.003 -20"><span class='ocrx_word' id='word_1_70' title='bbox 823 1165 1077 1225; x_wconf 86' lang='lat' dir='ltr'><strong>tanquam</strong></span> <span class='ocrx_word' id='word_1_71' title='bbox 1104 1157 1209 1210; x_wconf 87' lang='lat' dir='ltr'><strong>sibi</strong></span> <span class='ocrx_word' id='word_1_72' title='bbox 1242 1157 1519 1226; x_wconf 82' lang='lat' dir='ltr'><strong>superﬂua</strong></span> <span class='ocrx_word' id='word_1_73' title='bbox 1555 1158 1832 1228; x_wconf 75' lang='lat' dir='ltr'><strong>proponit.</strong></span> <span class='ocrx_word' id='word_1_74' title='bbox 1859 1158 2132 1213; x_wconf 69' lang='lat' dir='ltr'><strong>Cazterum</strong></span> <span class='ocrx_word' id='word_1_75' title='bbox 2157 1169 2242 1213; x_wconf 90' lang='lat' dir='ltr'><strong>est</strong></span> <span class='ocrx_word' id='word_1_76' title='bbox 2265 1160 2389 1229; x_wconf 89' lang='lat' dir='ltr'><strong>qni-</strong></span> 
     </span>
    </p>
   </div>
   <div class='ocr_carea' id='block_1_13' title="bbox 821 1246 2388 1319">
    <p class='ocr_par' dir='ltr' id='par_1_13' title="bbox 821 1246 2388 1319">
     <span class='ocr_line' id='line_1_13' title="bbox 821 1246 2388 1319; baseline 0.003 -20"><span class='ocrx_word' id='word_1_77' title='bbox 821 1246 947 1300; x_wconf 89' lang='lat' dir='ltr'><strong>dam</strong></span> <span class='ocrx_word' id='word_1_78' title='bbox 974 1263 1202 1317; x_wconf 84' lang='lat' dir='ltr'><strong>pauper,</strong></span> <span class='ocrx_word' id='word_1_79' title='bbox 1237 1249 1534 1303; x_wconf 88' lang='lat' dir='ltr'><strong>destitutus</strong></span> <span class='ocrx_word' id='word_1_80' title='bbox 1582 1248 1708 1303; x_wconf 92' lang='lat' dir='ltr'><strong>cibo</strong></span> <span class='ocrx_word' id='word_1_81' title='bbox 1736 1250 2079 1319; x_wconf 90' lang='lat' dir='ltr'><strong>quotidiano.</strong></span> <span class='ocrx_word' id='word_1_82' title='bbox 2112 1250 2210 1304; x_wconf 86' lang='lat' dir='ltr'><strong>Hic</strong></span> <span class='ocrx_word' id='word_1_83' title='bbox 2248 1250 2388 1304; x_wconf 77' lang='lat' dir='ltr'><strong>allii-</strong></span> 
     </span>
    </p>
   </div>
   <div class='ocr_carea' id='block_1_14' title="bbox 822 1340 2385 1413">
    <p class='ocr_par' dir='ltr' id='par_1_14' title="bbox 822 1340 2385 1413">
     <span class='ocr_line' id='line_1_14' title="bbox 822 1340 2385 1413; baseline 0.003 -21"><span class='ocrx_word' id='word_1_84' title='bbox 822 1340 969 1409; x_wconf 88' lang='lat' dir='ltr'><strong>gitur</strong></span> <span class='ocrx_word' id='word_1_85' title='bbox 994 1350 1050 1395; x_wconf 87' lang='lat' dir='ltr'><strong>et</strong></span> <span class='ocrx_word' id='word_1_86' title='bbox 1081 1350 1387 1411; x_wconf 84' lang='lat' dir='ltr'><strong>torquetur,</strong></span> <span class='ocrx_word' id='word_1_87' title='bbox 1412 1358 1514 1395; x_wconf 91' lang='lat' dir='ltr'><strong>nec</strong></span> <span class='ocrx_word' id='word_1_88' title='bbox 1542 1352 1719 1412; x_wconf 74' lang='lat' dir='ltr'><strong>potest</strong></span> <span class='ocrx_word' id='word_1_89' title='bbox 1742 1358 1881 1413; x_wconf 87' lang='lat' dir='ltr'><strong>opus</strong></span> <span class='ocrx_word' id='word_1_90' title='bbox 1904 1343 2037 1397; x_wconf 90' lang='lat' dir='ltr'><strong>illud</strong></span> <span class='ocrx_word' id='word_1_91' title='bbox 2065 1342 2385 1412; x_wconf 81' lang='lat' dir='ltr'><strong>adimplere.</strong></span> 
     </span>
    </p>
   </div>
   <div class='ocr_carea' id='block_1_15' title="bbox 827 1430 2388 1503">
    <p class='ocr_par' dir='ltr' id='par_1_15' title="bbox 827 1430 2388 1503">
     <span class='ocr_line' id='line_1_15' title="bbox 827 1430 2388 1503; baseline 0.002 -18"><span class='ocrx_word' id='word_1_92' title='bbox 827 1430 921 1485; x_wconf 84' lang='lat' dir='ltr'><strong>Est</strong></span> <span class='ocrx_word' id='word_1_93' title='bbox 970 1447 1211 1501; x_wconf 88' lang='lat' dir='ltr'><strong>quoque,</strong></span> <span class='ocrx_word' id='word_1_94' title='bbox 1264 1432 1358 1501; x_wconf 87' lang='lat' dir='ltr'><strong>qui</strong></span> <span class='ocrx_word' id='word_1_95' title='bbox 1410 1433 1668 1487; x_wconf 85' lang='lat' dir='ltr'><strong>atteritur</strong></span> <span class='ocrx_word' id='word_1_96' title='bbox 1698 1434 1966 1503; x_wconf 86' lang='lat' dir='ltr'><strong>angustiis</strong></span> <span class='ocrx_word' id='word_1_97' title='bbox 1993 1443 2047 1489; x_wconf 87' lang='lat' dir='ltr'><strong>et</strong></span> <span class='ocrx_word' id='word_1_98' title='bbox 2078 1443 2388 1503; x_wconf 87' lang='lat' dir='ltr'><strong>torquetur,</strong></span> 
     </span>
    </p>
   </div>
   <div class='ocr_carea' id='block_1_16' title="bbox 828 1523 2391 1595">
    <p class='ocr_par' dir='ltr' id='par_1_16' title="bbox 828 1523 2391 1595">
     <span class='ocr_line' id='line_1_16' title="bbox 828 1523 2391 1595; baseline 0.001 -17"><span class='ocrx_word' id='word_1_99' title='bbox 828 1536 931 1578; x_wconf 89' lang='lat' dir='ltr'><strong>nec</strong></span> <span class='ocrx_word' id='word_1_100' title='bbox 958 1533 1138 1576; x_wconf 88' lang='lat' dir='ltr'><strong>tamen</strong></span> <span class='ocrx_word' id='word_1_101' title='bbox 1187 1523 1442 1579; x_wconf 90' lang='lat' dir='ltr'><strong>moritur.</strong></span> <span class='ocrx_word' id='word_1_102' title='bbox 1476 1524 1571 1577; x_wconf 86' lang='lat' dir='ltr'><strong>Est</strong></span> <span class='ocrx_word' id='word_1_103' title='bbox 1600 1539 1818 1593; x_wconf 89' lang='lat' dir='ltr'><strong>quoque</strong></span> <span class='ocrx_word' id='word_1_104' title='bbox 1848 1525 2010 1590; x_wconf 88' lang='lat' dir='ltr'><strong>alius,</strong></span> <span class='ocrx_word' id='word_1_105' title='bbox 2038 1525 2132 1595; x_wconf 92' lang='lat' dir='ltr'><strong>qui</strong></span> <span class='ocrx_word' id='word_1_106' title='bbox 2163 1534 2391 1595; x_wconf 89' lang='lat' dir='ltr'><strong>propter</strong></span> 
     </span>
    </p>
   </div>
   <div class='ocr_carea' id='block_1_17' title="bbox 826 1614 2394 1685">
    <p class='ocr_par' dir='ltr' id='par_1_17' title="bbox 826 1614 2394 1685">
     <span class='ocr_line' id='line_1_17' title="bbox 826 1614 2394 1685; baseline 0.001 -18"><span class='ocrx_word' id='word_1_107' title='bbox 826 1614 1055 1667; x_wconf 83' lang='lat' dir='ltr'><strong>verbum</strong></span> <span class='ocrx_word' id='word_1_108' title='bbox 1100 1614 1324 1669; x_wconf 90' lang='lat' dir='ltr'><strong>unicum</strong></span> <span class='ocrx_word' id='word_1_109' title='bbox 1358 1615 1555 1683; x_wconf 87' lang='lat' dir='ltr'><strong>capitis</strong></span> <span class='ocrx_word' id='word_1_110' title='bbox 1594 1616 1865 1683; x_wconf 90' lang='lat' dir='ltr'><strong>supplicio</strong></span> <span class='ocrx_word' id='word_1_111' title='bbox 1898 1614 2037 1670; x_wconf 77' lang='lat' dir='ltr'><strong>allici</strong></span> <span class='ocrx_word' id='word_1_112' title='bbox 2056 1616 2305 1685; x_wconf 89' lang='lat' dir='ltr'><strong>jubetur,</strong></span> <span class='ocrx_word' id='word_1_113' title='bbox 2337 1624 2394 1670; x_wconf 93' lang='lat' dir='ltr'><strong>et</strong></span> 
     </span>
    </p>
   </div>
   <div class='ocr_carea' id='block_1_18' title="bbox 828 1706 2395 1777">
    <p class='ocr_par' dir='ltr' id='par_1_18' title="bbox 828 1706 2395 1777">
     <span class='ocr_line' id='line_1_18' title="bbox 828 1706 2395 1777; baseline 0 -15"><span class='ocrx_word' id='word_1_114' title='bbox 828 1708 992 1777; x_wconf 91' lang='lat' dir='ltr'><strong>perit.</strong></span> <span class='ocrx_word' id='word_1_115' title='bbox 1026 1706 1119 1761; x_wconf 88' lang='lat' dir='ltr'><strong>Sic</strong></span> <span class='ocrx_word' id='word_1_116' title='bbox 1150 1721 1369 1776; x_wconf 87' lang='lat' dir='ltr'><strong>quoque</strong></span> <span class='ocrx_word' id='word_1_117' title='bbox 1402 1706 1546 1760; x_wconf 88' lang='lat' dir='ltr'><strong>inter</strong></span> <span class='ocrx_word' id='word_1_118' title='bbox 1566 1706 1909 1762; x_wconf 89' lang='lat' dir='ltr'><strong>Christianos</strong></span> <span class='ocrx_word' id='word_1_119' title='bbox 1933 1717 2083 1772; x_wconf 86' lang='lat' dir='ltr'><strong>sunt,</strong></span> <span class='ocrx_word' id='word_1_120' title='bbox 2108 1708 2202 1777; x_wconf 91' lang='lat' dir='ltr'><strong>qui</strong></span> <span class='ocrx_word' id='word_1_121' title='bbox 2229 1708 2395 1762; x_wconf 85' lang='lat' dir='ltr'><strong>vehe-</strong></span> 
     </span>
    </p>
   </div>
   <div class='ocr_carea' id='block_1_19' title="bbox 828 1798 2393 1868">
    <p class='ocr_par' dir='ltr' id='par_1_19' title="bbox 828 1798 2393 1868">
     <span class='ocr_line' id='line_1_19' title="bbox 828 1798 2393 1868; baseline 0.001 -17"><span class='ocrx_word' id='word_1_122' title='bbox 828 1804 1045 1852; x_wconf 88' lang='lat' dir='ltr'><strong>menter</strong></span> <span class='ocrx_word' id='word_1_123' title='bbox 1084 1798 1476 1866; x_wconf 82' lang='lat' dir='ltr'><strong>impugnantur</strong></span> <span class='ocrx_word' id='word_1_124' title='bbox 1503 1813 1567 1852; x_wconf 88' lang='lat' dir='ltr'><strong>ac</strong></span> <span class='ocrx_word' id='word_1_125' title='bbox 1594 1798 1921 1852; x_wconf 91' lang='lat' dir='ltr'><strong>vellicantur</strong></span> <span class='ocrx_word' id='word_1_126' title='bbox 1946 1813 1978 1852; x_wconf 90' lang='lat' dir='ltr'><strong>a</strong></span> <span class='ocrx_word' id='word_1_127' title='bbox 2022 1808 2279 1868; x_wconf 89' lang='lat' dir='ltr'><strong>peccato:</strong></span> <span class='ocrx_word' id='word_1_128' title='bbox 2309 1808 2393 1853; x_wconf 91' lang='lat' dir='ltr'><strong>at-</strong></span> 
     </span>
    </p>
   </div>
   <div class='ocr_carea' id='block_1_20' title="bbox 828 1872 2470 1965">
    <p class='ocr_par' dir='ltr' id='par_1_20' title="bbox 828 1872 2470 1965">
     <span class='ocr_line' id='line_1_20' title="bbox 828 1872 2470 1965; baseline 0.001 -18"><span class='ocrx_word' id='word_1_129' title='bbox 828 1910 938 1962; x_wconf 90' lang='lat' dir='ltr'><strong>que</strong></span> <span class='ocrx_word' id='word_1_130' title='bbox 973 1894 1198 1963; x_wconf 82' lang='lat' dir='ltr'><strong>insuper</strong></span> <span class='ocrx_word' id='word_1_131' title='bbox 1220 1894 1401 1948; x_wconf 89' lang='lat' dir='ltr'><strong>adhuc</strong></span> <span class='ocrx_word' id='word_1_132' title='bbox 1426 1895 1480 1948; x_wconf 91' lang='lat' dir='ltr'><strong>in</strong></span> <span class='ocrx_word' id='word_1_133' title='bbox 1511 1894 1654 1949; x_wconf 85' lang='lat' dir='ltr'><strong>bello</strong></span> <span class='ocrx_word' id='word_1_134' title='bbox 1680 1904 1738 1949; x_wconf 89' lang='lat' dir='ltr'><strong>et</strong></span> <span class='ocrx_word' id='word_1_135' title='bbox 1769 1896 1937 1949; x_wconf 91' lang='lat' dir='ltr'><strong>robur</strong></span> <span class='ocrx_word' id='word_1_136' title='bbox 1962 1904 2017 1949; x_wconf 87' lang='lat' dir='ltr'><strong>et</strong></span> <span class='ocrx_word' id='word_1_137' title='bbox 2048 1895 2394 1965; x_wconf 85' lang='lat' dir='ltr'><strong>prudentiam</strong></span> <span class='ocrx_word' id='word_1_138' title='bbox 2428 1872 2470 1928; x_wconf 72' lang='grc' dir='ltr'><strong><em>Β</em></strong></span> 
     </span>
    </p>
   </div>
   <div class='ocr_carea' id='block_1_21' title="bbox 830 1984 2397 2055">
    <p class='ocr_par' dir='ltr' id='par_1_21' title="bbox 830 1984 2397 2055">
     <span class='ocr_line' id='line_1_21' title="bbox 830 1984 2397 2055; baseline 0.001 -16"><span class='ocrx_word' id='word_1_139' title='bbox 830 1984 936 2040; x_wconf 84' lang='lat' dir='ltr'><strong>sibi</strong></span> <span class='ocrx_word' id='word_1_140' title='bbox 974 1985 1289 2048; x_wconf 85' lang='lat' dir='ltr'><strong>conciliant,</strong></span> <span class='ocrx_word' id='word_1_141' title='bbox 1330 1987 1533 2055; x_wconf 88' lang='lat' dir='ltr'><strong>spretis</strong></span> <span class='ocrx_word' id='word_1_142' title='bbox 1580 1986 2023 2041; x_wconf 81' lang='lat' dir='ltr'><strong>adversariorum</strong></span> <span class='ocrx_word' id='word_1_143' title='bbox 2065 1986 2314 2041; x_wconf 86' lang='lat' dir='ltr'><strong>viribus:</strong></span> <span class='ocrx_word' id='word_1_144' title='bbox 2340 1994 2397 2040; x_wconf 91' lang='lat' dir='ltr'><strong>et</strong></span> 
     </span>
    </p>
   </div>
   <div class='ocr_carea' id='block_1_22' title="bbox 829 2076 2397 2147">
    <p class='ocr_par' dir='ltr' id='par_1_22' title="bbox 829 2076 2397 2147">
     <span class='ocr_line' id='line_1_22' title="bbox 829 2076 2397 2147; baseline 0.001 -16"><span class='ocrx_word' id='word_1_145' title='bbox 829 2088 1085 2147; x_wconf 77' lang='lat' dir='ltr'><strong>expertes</strong></span> <span class='ocrx_word' id='word_1_146' title='bbox 1111 2077 1216 2131; x_wconf 91' lang='lat' dir='ltr'><strong>bac</strong></span> <span class='ocrx_word' id='word_1_147' title='bbox 1247 2076 1304 2130; x_wconf 90' lang='lat' dir='ltr'><strong>in</strong></span> <span class='ocrx_word' id='word_1_148' title='bbox 1351 2085 1507 2146; x_wconf 87' lang='lat' dir='ltr'><strong>parte</strong></span> <span class='ocrx_word' id='word_1_149' title='bbox 1552 2085 1681 2131; x_wconf 91' lang='lat' dir='ltr'><strong>sunt</strong></span> <span class='ocrx_word' id='word_1_150' title='bbox 1710 2076 1961 2145; x_wconf 88' lang='lat' dir='ltr'><strong>periculi,</strong></span> <span class='ocrx_word' id='word_1_151' title='bbox 2007 2076 2135 2145; x_wconf 88' lang='lat' dir='ltr'><strong>quia</strong></span> <span class='ocrx_word' id='word_1_152' title='bbox 2166 2076 2301 2130; x_wconf 87' lang='lat' dir='ltr'><strong>certi</strong></span> <span class='ocrx_word' id='word_1_153' title='bbox 2332 2093 2397 2133; x_wconf 85' lang='lat' dir='ltr'><strong>ac</strong></span> 
     </span>
    </p>
   </div>
   <div class='ocr_carea' id='block_1_23' title="bbox 832 2164 2396 2233">
    <p class='ocr_par' dir='ltr' id='par_1_23' title="bbox 832 2164 2396 2233">
     <span class='ocr_line' id='line_1_23' title="bbox 832 2164 2396 2233; baseline 0 -15"><span class='ocrx_word' id='word_1_154' title='bbox 832 2164 973 2218; x_wconf 86' lang='lat' dir='ltr'><strong>ﬁrmi</strong></span> <span class='ocrx_word' id='word_1_155' title='bbox 1010 2173 1139 2218; x_wconf 86' lang='lat' dir='ltr'><strong>sunt</strong></span> <span class='ocrx_word' id='word_1_156' title='bbox 1182 2164 1250 2219; x_wconf 89' lang='lat' dir='ltr'><strong>de</strong></span> <span class='ocrx_word' id='word_1_157' title='bbox 1299 2164 1475 2219; x_wconf 84' lang='lat' dir='ltr'><strong>salute</strong></span> <span class='ocrx_word' id='word_1_158' title='bbox 1506 2178 1627 2227; x_wconf 89' lang='lat' dir='ltr'><strong>sua,</strong></span> <span class='ocrx_word' id='word_1_159' title='bbox 1665 2179 1731 2217; x_wconf 90' lang='lat' dir='ltr'><strong>eo</strong></span> <span class='ocrx_word' id='word_1_160' title='bbox 1750 2165 1896 2233; x_wconf 91' lang='lat' dir='ltr'><strong>quod</strong></span> <span class='ocrx_word' id='word_1_161' title='bbox 1926 2164 2082 2218; x_wconf 84' lang='lat' dir='ltr'><strong>valde</strong></span> <span class='ocrx_word' id='word_1_162' title='bbox 2112 2164 2396 2218; x_wconf 86' lang='lat' dir='ltr'><strong>exercitatl</strong></span> 
     </span>
    </p>
   </div>
   <div class='ocr_carea' id='block_1_24' title="bbox 830 2257 2395 2326">
    <p class='ocr_par' dir='ltr' id='par_1_24' title="bbox 830 2257 2395 2326">
     <span class='ocr_line' id='line_1_24' title="bbox 830 2257 2395 2326; baseline 0.001 -14"><span class='ocrx_word' id='word_1_163' title='bbox 830 2266 961 2313; x_wconf 90' lang='lat' dir='ltr'><strong>sunt</strong></span> <span class='ocrx_word' id='word_1_164' title='bbox 986 2258 1041 2312; x_wconf 91' lang='lat' dir='ltr'><strong>in</strong></span> <span class='ocrx_word' id='word_1_165' title='bbox 1081 2259 1225 2313; x_wconf 89' lang='lat' dir='ltr'><strong>bello</strong></span> <span class='ocrx_word' id='word_1_166' title='bbox 1253 2259 1516 2313; x_wconf 87' lang='lat' dir='ltr'><strong>adversus</strong></span> <span class='ocrx_word' id='word_1_167' title='bbox 1545 2258 1698 2323; x_wconf 88' lang='lat' dir='ltr'><strong>vitia,</strong></span> <span class='ocrx_word' id='word_1_168' title='bbox 1726 2268 1784 2313; x_wconf 89' lang='lat' dir='ltr'><strong>et</strong></span> <span class='ocrx_word' id='word_1_169' title='bbox 1807 2258 2143 2326; x_wconf 83' lang='lat' dir='ltr'><strong>experientia</strong></span> <span class='ocrx_word' id='word_1_170' title='bbox 2191 2257 2395 2315; x_wconf 89' lang='lat' dir='ltr'><strong>edocti.</strong></span> 
     </span>
    </p>
   </div>
   <div class='ocr_carea' id='block_1_25' title="bbox 832 2350 2399 2421">
    <p class='ocr_par' dir='ltr' id='par_1_25' title="bbox 832 2350 2399 2421">
     <span class='ocr_line' id='line_1_25' title="bbox 832 2350 2399 2421; baseline 0 -16"><span class='ocrx_word' id='word_1_171' title='bbox 832 2351 1108 2406; x_wconf 84' lang='lat' dir='ltr'><strong>Habentes</strong></span> <span class='ocrx_word' id='word_1_172' title='bbox 1152 2351 1337 2421; x_wconf 85' lang='lat' dir='ltr'><strong>itaque</strong></span> <span class='ocrx_word' id='word_1_173' title='bbox 1383 2351 1553 2405; x_wconf 90' lang='lat' dir='ltr'><strong>Deum</strong></span> <span class='ocrx_word' id='word_1_174' title='bbox 1603 2350 1747 2420; x_wconf 89' lang='lat' dir='ltr'><strong>apud</strong></span> <span class='ocrx_word' id='word_1_175' title='bbox 1791 2365 1931 2413; x_wconf 87' lang='lat' dir='ltr'><strong>sese,</strong></span> <span class='ocrx_word' id='word_1_176' title='bbox 1990 2350 2305 2421; x_wconf 84' lang='lat' dir='ltr'><strong>diriguntur</strong></span> <span class='ocrx_word' id='word_1_177' title='bbox 2333 2363 2399 2405; x_wconf 87' lang='lat' dir='ltr'><strong>ac</strong></span> 
     </span>
    </p>
   </div>
   <div class='ocr_carea' id='block_1_26' title="bbox 833 2447 1204 2514">
    <p class='ocr_par' dir='ltr' id='par_1_26' title="bbox 833 2447 1204 2514">
     <span class='ocr_line' id='line_1_26' title="bbox 833 2447 1204 2514; baseline 0 -17"><span class='ocrx_word' id='word_1_178' title='bbox 833 2447 1204 2514; x_wconf 88' lang='lat' dir='ltr'><strong>requiescunt.</strong></span> 
     </span>
    </p>
   </div>
   <div class='ocr_carea' id='block_1_27' title="bbox 902 2536 2399 2606">
    <p class='ocr_par' dir='ltr' id='par_1_27' title="bbox 902 2536 2399 2606">
     <span class='ocr_line' id='line_1_27' title="bbox 902 2536 2399 2606; baseline -0.003 -15"><span class='ocrx_word' id='word_1_179' title='bbox 902 2536 1047 2592; x_wconf 75' lang='lat' dir='ltr'><strong>XIX.</strong></span> <span class='ocrx_word' id='word_1_180' title='bbox 1080 2538 1187 2592; x_wconf 87' lang='lat' dir='ltr'><strong>Alii</strong></span> <span class='ocrx_word' id='word_1_181' title='bbox 1234 2552 1367 2591; x_wconf 90' lang='lat' dir='ltr'><strong>vero</strong></span> <span class='ocrx_word' id='word_1_182' title='bbox 1416 2552 1694 2606; x_wconf 91' lang='lat' dir='ltr'><strong>nunquam</strong></span> <span class='ocrx_word' id='word_1_183' title='bbox 1728 2537 2038 2602; x_wconf 80' lang='lat' dir='ltr'><strong>exercitati,</strong></span> <span class='ocrx_word' id='word_1_184' title='bbox 2064 2537 2109 2591; x_wconf 92' lang='lat' dir='ltr'><strong>si</strong></span> <span class='ocrx_word' id='word_1_185' title='bbox 2142 2536 2199 2589; x_wconf 91' lang='lat' dir='ltr'><strong>in</strong></span> <span class='ocrx_word' id='word_1_186' title='bbox 2230 2551 2399 2605; x_wconf 90' lang='lat' dir='ltr'><strong>angu-</strong></span> 
     </span>
    </p>
   </div>
   <div class='ocr_carea' id='block_1_28' title="bbox 832 2625 2397 2697">
    <p class='ocr_par' dir='ltr' id='par_1_28' title="bbox 832 2625 2397 2697">
     <span class='ocr_line' id='line_1_28' title="bbox 832 2625 2397 2697; baseline -0.002 -17"><span class='ocrx_word' id='word_1_187' title='bbox 832 2628 991 2681; x_wconf 86' lang='lat' dir='ltr'><strong>stiam</strong></span> <span class='ocrx_word' id='word_1_188' title='bbox 1050 2628 1289 2697; x_wconf 88' lang='lat' dir='ltr'><strong>aliquam</strong></span> <span class='ocrx_word' id='word_1_189' title='bbox 1354 2626 1667 2693; x_wconf 86' lang='lat' dir='ltr'><strong>inciderint,</strong></span> <span class='ocrx_word' id='word_1_190' title='bbox 1712 2636 1808 2681; x_wconf 93' lang='lat' dir='ltr'><strong>aut</strong></span> <span class='ocrx_word' id='word_1_191' title='bbox 1858 2634 2144 2693; x_wconf 86' lang='lat' dir='ltr'><strong>moveatur</strong></span> <span class='ocrx_word' id='word_1_192' title='bbox 2170 2625 2397 2687; x_wconf 90' lang='lat' dir='ltr'><strong>bellum,</strong></span> 
     </span>
    </p>
   </div>
   <div class='ocr_carea' id='block_1_29' title="bbox 834 2718 2397 2789">
    <p class='ocr_par' dir='ltr' id='par_1_29' title="bbox 834 2718 2397 2789">
     <span class='ocr_line' id='line_1_29' title="bbox 834 2718 2397 2789; baseline -0.003 -16"><span class='ocrx_word' id='word_1_193' title='bbox 834 2720 1097 2773; x_wconf 87' lang='lat' dir='ltr'><strong>continuo</strong></span> <span class='ocrx_word' id='word_1_194' title='bbox 1141 2719 1196 2773; x_wconf 92' lang='lat' dir='ltr'><strong>in</strong></span> <span class='ocrx_word' id='word_1_195' title='bbox 1245 2719 1547 2789; x_wconf 87' lang='lat' dir='ltr'><strong>perniciem</strong></span> <span class='ocrx_word' id='word_1_196' title='bbox 1589 2727 1684 2772; x_wconf 92' lang='lat' dir='ltr'><strong>aut</strong></span> <span class='ocrx_word' id='word_1_197' title='bbox 1717 2719 2001 2772; x_wconf 93' lang='lat' dir='ltr'><strong>interitum</strong></span> <span class='ocrx_word' id='word_1_198' title='bbox 2045 2718 2397 2773; x_wconf 90' lang='lat' dir='ltr'><strong>delabuntur.</strong></span> 
     </span>
    </p>
   </div>
   <div class='ocr_carea' id='block_1_30' title="bbox 838 2810 2403 2880">
    <p class='ocr_par' dir='ltr' id='par_1_30' title="bbox 838 2810 2403 2880">
     <span class='ocr_line' id='line_1_30' title="bbox 838 2810 2403 2880; baseline -0.001 -15"><span class='ocrx_word' id='word_1_199' title='bbox 838 2812 1070 2865; x_wconf 88' lang='lat' dir='ltr'><strong>Perinde</strong></span> <span class='ocrx_word' id='word_1_200' title='bbox 1116 2826 1181 2865; x_wconf 90' lang='lat' dir='ltr'><strong>ac</strong></span> <span class='ocrx_word' id='word_1_201' title='bbox 1205 2812 1299 2880; x_wconf 91' lang='lat' dir='ltr'><strong>qui</strong></span> <span class='ocrx_word' id='word_1_202' title='bbox 1335 2810 1756 2880; x_wconf 83' lang='lat' dir='ltr'><strong>proﬁciscuntur</strong></span> <span class='ocrx_word' id='word_1_203' title='bbox 1784 2811 1837 2864; x_wconf 93' lang='lat' dir='ltr'><strong>in</strong></span> <span class='ocrx_word' id='word_1_204' title='bbox 1863 2810 2161 2873; x_wconf 88' lang='lat' dir='ltr'><strong>civitatem,</strong></span> <span class='ocrx_word' id='word_1_205' title='bbox 2195 2810 2403 2864; x_wconf 87' lang='lat' dir='ltr'><strong>amicos</strong></span> 
     </span>
    </p>
   </div>
   <div class='ocr_carea' id='block_1_31' title="bbox 837 2898 2405 2967">
    <p class='ocr_par' dir='ltr' id='par_1_31' title="bbox 837 2898 2405 2967">
     <span class='ocr_line' id='line_1_31' title="bbox 837 2898 2405 2967; baseline -0.003 -13"><span class='ocrx_word' id='word_1_206' title='bbox 837 2901 1065 2954; x_wconf 88' lang='lat' dir='ltr'><strong>invisuri</strong></span> <span class='ocrx_word' id='word_1_207' title='bbox 1095 2906 1153 2953; x_wconf 73' lang='grc' dir='ltr'><strong>ει</strong></span> <span class='ocrx_word' id='word_1_208' title='bbox 1178 2898 1475 2952; x_wconf 80' lang='lat' dir='ltr'><strong>familiares</strong></span> <span class='ocrx_word' id='word_1_209' title='bbox 1496 2914 1646 2960; x_wconf 86' lang='lat' dir='ltr'><strong>suos,</strong></span> <span class='ocrx_word' id='word_1_210' title='bbox 1679 2898 1931 2967; x_wconf 88' lang='lat' dir='ltr'><strong>quamvis</strong></span> <span class='ocrx_word' id='word_1_211' title='bbox 1964 2900 2151 2952; x_wconf 90' lang='lat' dir='ltr'><strong>multis</strong></span> <span class='ocrx_word' id='word_1_212' title='bbox 2181 2899 2235 2951; x_wconf 87' lang='lat' dir='ltr'><strong>in</strong></span> <span class='ocrx_word' id='word_1_213' title='bbox 2263 2914 2405 2950; x_wconf 90' lang='lat' dir='ltr'><strong>nun-</strong></span> 
     </span>
    </p>
   </div>
   <div class='ocr_carea' id='block_1_32' title="bbox 836 2989 2399 3059">
    <p class='ocr_par' dir='ltr' id='par_1_32' title="bbox 836 2989 2399 3059">
     <span class='ocr_line' id='line_1_32' title="bbox 836 2989 2399 3059; baseline -0.002 -15"><span class='ocrx_word' id='word_1_214' title='bbox 836 2991 983 3045; x_wconf 91' lang='lat' dir='ltr'><strong>dinis</strong></span> <span class='ocrx_word' id='word_1_215' title='bbox 1014 2998 1331 3053; x_wconf 73' lang='lat' dir='ltr'><strong>occurrant,</strong></span> <span class='ocrx_word' id='word_1_216' title='bbox 1384 3005 1492 3043; x_wconf 91' lang='lat' dir='ltr'><strong>non</strong></span> <span class='ocrx_word' id='word_1_217' title='bbox 1543 2998 1723 3043; x_wconf 91' lang='lat' dir='ltr'><strong>tamen</strong></span> <span class='ocrx_word' id='word_1_218' title='bbox 1772 2990 1841 3043; x_wconf 93' lang='lat' dir='ltr'><strong>ab</strong></span> <span class='ocrx_word' id='word_1_219' title='bbox 1876 2990 1943 3045; x_wconf 93' lang='lat' dir='ltr'><strong>iis</strong></span> <span class='ocrx_word' id='word_1_220' title='bbox 1991 2989 2399 3059; x_wconf 89' lang='lat' dir='ltr'><strong>impediuntur;</strong></span> 
     </span>
    </p>
   </div>
   <div class='ocr_carea' id='block_1_33' title="bbox 2488 608 4065 684">
    <p class='ocr_par' dir='ltr' id='par_1_33' title="bbox 2488 608 4065 684">
     <span class='ocr_line' id='line_1_33' title="bbox 2488 608 4065 684; baseline -0.007 -12"><span class='ocrx_word' id='word_1_221' title='bbox 2488 616 2581 672; x_wconf 74' lang='grc' dir='ltr'>καὶ</span> <span class='ocrx_word' id='word_1_222' title='bbox 2608 614 2715 684; x_wconf 85' lang='grc' dir='ltr'><strong>γάρ</strong></span> <span class='ocrx_word' id='word_1_223' title='bbox 2744 613 2974 684; x_wconf 71' lang='grc' dir='ltr'>ἔπαρχοι</span> <span class='ocrx_word' id='word_1_224' title='bbox 3003 614 3098 667; x_wconf 77' lang='grc' dir='ltr'><strong>καὶ</strong></span> <span class='ocrx_word' id='word_1_225' title='bbox 3130 612 3366 681; x_wconf 85' lang='grc' dir='ltr'>κόμητες</span> <span class='ocrx_word' id='word_1_226' title='bbox 3393 611 3592 682; x_wconf 84' lang='grc' dir='ltr'>φόρους</span> <span class='ocrx_word' id='word_1_227' title='bbox 3622 609 3829 663; x_wconf 85' lang='grc' dir='ltr'>διδόασι</span> <span class='ocrx_word' id='word_1_228' title='bbox 3860 609 3943 679; x_wconf 73' lang='grc' dir='ltr'><strong>τῷ</strong></span> <span class='ocrx_word' id='word_1_229' title='bbox 3964 608 4065 679; x_wconf 85' lang='grc' dir='ltr'><strong>βα-</strong></span> 
     </span>
    </p>
   </div>
   <div class='ocr_carea' id='block_1_34' title="bbox 2489 696 4066 774">
    <p class='ocr_par' dir='ltr' id='par_1_34' title="bbox 2489 696 4066 774">
     <span class='ocr_line' id='line_1_34' title="bbox 2489 696 4066 774; baseline -0.006 -17"><span class='ocrx_word' id='word_1_230' title='bbox 2489 704 2647 767; x_wconf 87' lang='grc' dir='ltr'>σιλεῖ,</span> <span class='ocrx_word' id='word_1_231' title='bbox 2691 703 2805 757; x_wconf 81' lang='grc' dir='ltr'>ἀλλ’</span> <span class='ocrx_word' id='word_1_232' title='bbox 2834 696 2989 767; x_wconf 78' lang='grc' dir='ltr'>οὗτος</span> <span class='ocrx_word' id='word_1_233' title='bbox 3032 702 3253 774; x_wconf 71' lang='grc' dir='ltr'>θαρρῶν</span> <span class='ocrx_word' id='word_1_234' title='bbox 3284 701 3363 770; x_wconf 82' lang='grc' dir='ltr'>τῷ</span> <span class='ocrx_word' id='word_1_235' title='bbox 3392 700 3609 769; x_wconf 85' lang='grc' dir='ltr'>πλούτῳ</span> <span class='ocrx_word' id='word_1_236' title='bbox 3641 698 3829 763; x_wconf 84' lang='grc' dir='ltr'>αὐτοῦ,</span> <span class='ocrx_word' id='word_1_237' title='bbox 3861 699 3956 751; x_wconf 72' lang='grc' dir='ltr'>κσιὶ</span> <span class='ocrx_word' id='word_1_238' title='bbox 3984 697 4066 767; x_wconf 83' lang='grc' dir='ltr'><strong>τῷ</strong></span> 
     </span>
    </p>
   </div>
   <div class='ocr_carea' id='block_1_35' title="bbox 2488 790 4065 865">
    <p class='ocr_par' dir='ltr' id='par_1_35' title="bbox 2488 790 4065 865">
     <span class='ocr_line' id='line_1_35' title="bbox 2488 790 4065 865; baseline -0.006 -17"><span class='ocrx_word' id='word_1_239' title='bbox 2488 795 2704 865; x_wconf 84' lang='grc' dir='ltr'>χρυσῷ,</span> <span class='ocrx_word' id='word_1_240' title='bbox 2742 797 2836 849; x_wconf 78' lang='grc' dir='ltr'>καὶ</span> <span class='ocrx_word' id='word_1_241' title='bbox 2876 796 2954 863; x_wconf 81' lang='grc' dir='ltr'>τῷ</span> <span class='ocrx_word' id='word_1_242' title='bbox 2994 794 3219 865; x_wconf 84' lang='grc' dir='ltr'>ἀργύρῳ</span> <span class='ocrx_word' id='word_1_243' title='bbox 3260 794 3334 853; x_wconf 86' lang='grc' dir='ltr'>ὡς</span> <span class='ocrx_word' id='word_1_244' title='bbox 3364 794 3427 845; x_wconf 83' lang='grc' dir='ltr'><strong>ἐκ</strong></span> <span class='ocrx_word' id='word_1_245' title='bbox 3461 793 3571 844; x_wconf 90' lang='grc' dir='ltr'><strong>τῶν</strong></span> <span class='ocrx_word' id='word_1_246' title='bbox 3603 790 4065 861; x_wconf 73' lang='grc' dir='ltr'>περισσευμάτων</span> 
     </span>
    </p>
   </div>
   <div class='ocr_carea' id='block_1_36' title="bbox 2488 880 4063 951">
    <p class='ocr_par' dir='ltr' id='par_1_36' title="bbox 2488 880 4063 951">
     <span class='ocr_line' id='line_1_36' title="bbox 2488 880 4063 951; baseline -0.005 -10"><span class='ocrx_word' id='word_1_247' title='bbox 2488 890 2555 941; x_wconf 73' lang='grc' dir='ltr'>αὖ</span> <span class='ocrx_word' id='word_1_248' title='bbox 2568 889 2654 940; x_wconf 81' lang='grc' dir='ltr'><strong>τοῦ</strong></span> <span class='ocrx_word' id='word_1_249' title='bbox 2678 890 2913 939; x_wconf 85' lang='grc' dir='ltr'>ποιεῖται</span> <span class='ocrx_word' id='word_1_250' title='bbox 2940 886 3037 948; x_wconf 74' lang='grc' dir='ltr'><strong>τὰς</strong></span> <span class='ocrx_word' id='word_1_251' title='bbox 3059 885 3387 949; x_wconf 79' lang='grc' dir='ltr'><strong>συντελείας,</strong></span> <span class='ocrx_word' id='word_1_252' title='bbox 3417 884 3477 936; x_wconf 74' lang='grc' dir='ltr'>οὗ</span> <span class='ocrx_word' id='word_1_253' title='bbox 3506 882 3709 951; x_wconf 88' lang='grc' dir='ltr'>ζημίαν</span> <span class='ocrx_word' id='word_1_254' title='bbox 3734 880 4063 951; x_wconf 79' lang='grc' dir='ltr'>ἡγούμενος.</span> 
     </span>
    </p>
   </div>
   <div class='ocr_carea' id='block_1_37' title="bbox 2491 975 4065 1049">
    <p class='ocr_par' dir='ltr' id='par_1_37' title="bbox 2491 975 4065 1049">
     <span class='ocr_line' id='line_1_37' title="bbox 2491 975 4065 1049; baseline -0.006 -16"><span class='ocrx_word' id='word_1_255' title='bbox 2491 982 2701 1044; x_wconf 78' lang='grc' dir='ltr'>Ὠσπερ</span> <span class='ocrx_word' id='word_1_256' title='bbox 2758 978 2869 1049; x_wconf 76' lang='grc' dir='ltr'>γὰρ</span> <span class='ocrx_word' id='word_1_257' title='bbox 2903 980 2931 1031; x_wconf 88' lang='grc' dir='ltr'><strong>ό</strong></span> <span class='ocrx_word' id='word_1_258' title='bbox 2965 977 3130 1031; x_wconf 87' lang='grc' dir='ltr'>ποιῶν</span> <span class='ocrx_word' id='word_1_259' title='bbox 3164 976 3536 1045; x_wconf 78' lang='grc' dir='ltr'><strong>ἐλεημοσύνην</strong></span> <span class='ocrx_word' id='word_1_260' title='bbox 3564 975 3819 1028; x_wconf 78' lang='grc' dir='ltr'>οὐδέποτε</span> <span class='ocrx_word' id='word_1_261' title='bbox 3844 975 4065 1044; x_wconf 80' lang='grc' dir='ltr'>ἡγεῖται</span> 
     </span>
    </p>
   </div>
   <div class='ocr_carea' id='block_1_38' title="bbox 2490 1061 4066 1140">
    <p class='ocr_par' dir='ltr' id='par_1_38' title="bbox 2490 1061 4066 1140">
     <span class='ocr_line' id='line_1_38' title="bbox 2490 1061 4066 1140; baseline -0.006 -17"><span class='ocrx_word' id='word_1_262' title='bbox 2490 1070 2724 1140; x_wconf 87' lang='grc' dir='ltr'>ζημίαν·</span> <span class='ocrx_word' id='word_1_263' title='bbox 2750 1068 2891 1121; x_wconf 82' lang='grc' dir='ltr'>οὕτω</span> <span class='ocrx_word' id='word_1_264' title='bbox 2917 1070 3010 1121; x_wconf 72' lang='grc' dir='ltr'>καὶ</span> <span class='ocrx_word' id='word_1_265' title='bbox 3040 1070 3067 1122; x_wconf 84' lang='grc' dir='ltr'>ὁ</span> <span class='ocrx_word' id='word_1_266' title='bbox 3089 1068 3356 1129; x_wconf 78' lang='grc' dir='ltr'>Σατανᾶς,</span> <span class='ocrx_word' id='word_1_267' title='bbox 3385 1064 3460 1129; x_wconf 84' lang='grc' dir='ltr'><strong>ὡς</strong></span> <span class='ocrx_word' id='word_1_268' title='bbox 3489 1068 3552 1117; x_wconf 89' lang='grc' dir='ltr'><strong>ἐκ</strong></span> <span class='ocrx_word' id='word_1_269' title='bbox 3576 1065 3855 1136; x_wconf 73' lang='grc' dir='ltr'>παρέργου</span> <span class='ocrx_word' id='word_1_270' title='bbox 3885 1061 4066 1115; x_wconf 89' lang='grc' dir='ltr'>ταῦτα</span> 
     </span>
    </p>
   </div>
   <div class='ocr_carea' id='block_1_39' title="bbox 2489 1157 4068 1232">
    <p class='ocr_par' dir='ltr' id='par_1_39' title="bbox 2489 1157 4068 1232">
     <span class='ocr_line' id='line_1_39' title="bbox 2489 1157 4068 1232; baseline -0.004 -17"><span class='ocrx_word' id='word_1_271' title='bbox 2489 1164 2724 1232; x_wconf 77' lang='grc' dir='ltr'>ἡγεῖται.</span> <span class='ocrx_word' id='word_1_272' title='bbox 2767 1160 2923 1213; x_wconf 86' lang='grc' dir='ltr'>Ἐστι</span> <span class='ocrx_word' id='word_1_273' title='bbox 2960 1161 3018 1213; x_wconf 76' lang='grc' dir='ltr'>δὲ</span> <span class='ocrx_word' id='word_1_274' title='bbox 3052 1160 3267 1227; x_wconf 85' lang='grc' dir='ltr'>πτωχὸς</span> <span class='ocrx_word' id='word_1_275' title='bbox 3319 1158 3640 1229; x_wconf 86' lang='grc' dir='ltr'>λειπόμενος</span> <span class='ocrx_word' id='word_1_276' title='bbox 3684 1157 3891 1228; x_wconf 81' lang='grc' dir='ltr'><strong>τροφῆς</strong></span> <span class='ocrx_word' id='word_1_277' title='bbox 3929 1157 4068 1223; x_wconf 76' lang='grc' dir='ltr'>ἐφη-</span> 
     </span>
    </p>
   </div>
   <div class='ocr_carea' id='block_1_40' title="bbox 2496 1245 4066 1327">
    <p class='ocr_par' dir='ltr' id='par_1_40' title="bbox 2496 1245 4066 1327">
     <span class='ocr_line' id='line_1_40' title="bbox 2496 1245 4066 1327; baseline -0.009 -17"><span class='ocrx_word' id='word_1_278' title='bbox 2496 1256 2665 1327; x_wconf 79' lang='grc' dir='ltr'>μέρου</span> <span class='ocrx_word' id='word_1_279' title='bbox 2706 1271 2721 1287; x_wconf 91' lang='grc'><strong>·</strong></span> <span class='ocrx_word' id='word_1_280' title='bbox 2764 1246 2918 1315; x_wconf 73' lang='grc' dir='ltr'>οὗτος</span> <span class='ocrx_word' id='word_1_281' title='bbox 2972 1252 3291 1324; x_wconf 81' lang='grc' dir='ltr'>μαστίζεται</span> <span class='ocrx_word' id='word_1_282' title='bbox 3332 1250 3427 1306; x_wconf 72' lang='grc' dir='ltr'>καὶ</span> <span class='ocrx_word' id='word_1_283' title='bbox 3460 1248 3827 1320; x_wconf 76' lang='grc' dir='ltr'><strong>βασανίζεται,</strong></span> <span class='ocrx_word' id='word_1_284' title='bbox 3862 1246 3940 1317; x_wconf 77' lang='grc' dir='ltr'>μὴ</span> <span class='ocrx_word' id='word_1_285' title='bbox 3971 1245 4066 1301; x_wconf 80' lang='grc' dir='ltr'>δυ-</span> 
     </span>
    </p>
   </div>
   <div class='ocr_carea' id='block_1_41' title="bbox 2492 1338 4069 1415">
    <p class='ocr_par' dir='ltr' id='par_1_41' title="bbox 2492 1338 4069 1415">
     <span class='ocr_line' id='line_1_41' title="bbox 2492 1338 4069 1415; baseline -0.007 -15"><span class='ocrx_word' id='word_1_286' title='bbox 2492 1347 2722 1415; x_wconf 83' lang='grc' dir='ltr'>νάμενος</span> <span class='ocrx_word' id='word_1_287' title='bbox 2768 1348 2941 1399; x_wconf 85' lang='grc' dir='ltr'>ἐκεῖνο</span> <span class='ocrx_word' id='word_1_288' title='bbox 2990 1346 3052 1397; x_wconf 78' lang='grc' dir='ltr'>τὸ</span> <span class='ocrx_word' id='word_1_289' title='bbox 3100 1344 3438 1411; x_wconf 85' lang='grc' dir='ltr'>συντέλεσμα</span> <span class='ocrx_word' id='word_1_290' title='bbox 3490 1339 3921 1409; x_wconf 81' lang='grc' dir='ltr'><strong>ἀποπληρῶσαι·</strong></span> <span class='ocrx_word' id='word_1_291' title='bbox 3969 1338 4069 1391; x_wconf 80' lang='grc' dir='ltr'>καὶ</span> 
     </span>
    </p>
   </div>
   <div class='ocr_carea' id='block_1_42' title="bbox 2494 1431 4071 1508">
    <p class='ocr_par' dir='ltr' id='par_1_42' title="bbox 2494 1431 4071 1508">
     <span class='ocr_line' id='line_1_42' title="bbox 2494 1431 4071 1508; baseline -0.004 -16"><span class='ocrx_word' id='word_1_292' title='bbox 2494 1440 2611 1492; x_wconf 74' lang='grc' dir='ltr'>ἐστι</span> <span class='ocrx_word' id='word_1_293' title='bbox 2642 1438 2893 1508; x_wconf 80' lang='grc' dir='ltr'>ξεόμενος</span> <span class='ocrx_word' id='word_1_294' title='bbox 2939 1437 3032 1489; x_wconf 74' lang='grc' dir='ltr'><strong>καὶ</strong></span> <span class='ocrx_word' id='word_1_295' title='bbox 3074 1434 3500 1505; x_wconf 76' lang='grc' dir='ltr'><strong>βασανιζόμενος</strong></span> <span class='ocrx_word' id='word_1_296' title='bbox 3529 1432 3803 1502; x_wconf 74' lang='grc' dir='ltr'>χαλεπῶς,</span> <span class='ocrx_word' id='word_1_297' title='bbox 3839 1433 3937 1484; x_wconf 45' lang='grc' dir='ltr'>καλι</span> <span class='ocrx_word' id='word_1_298' title='bbox 3962 1431 4071 1486; x_wconf 73' lang='grc' dir='ltr'>οὐκ</span> 
     </span>
    </p>
   </div>
   <div class='ocr_carea' id='block_1_43' title="bbox 2491 1523 4070 1599">
    <p class='ocr_par' dir='ltr' id='par_1_43' title="bbox 2491 1523 4070 1599">
     <span class='ocr_line' id='line_1_43' title="bbox 2491 1523 4070 1599; baseline -0.004 -16"><span class='ocrx_word' id='word_1_299' title='bbox 2491 1530 2844 1599; x_wconf 82' lang='grc' dir='ltr'>ἀποθνήσκει.</span> <span class='ocrx_word' id='word_1_300' title='bbox 2880 1529 2989 1581; x_wconf 71' lang='grc' dir='ltr'><strong>Καὶ</strong></span> <span class='ocrx_word' id='word_1_301' title='bbox 3019 1526 3165 1579; x_wconf 79' lang='grc' dir='ltr'>ἐστιν</span> <span class='ocrx_word' id='word_1_302' title='bbox 3191 1526 3369 1590; x_wconf 84' lang='grc' dir='ltr'>ἀλλος,</span> <span class='ocrx_word' id='word_1_303' title='bbox 3404 1526 3487 1577; x_wconf 87' lang='grc' dir='ltr'>ὅτι</span> <span class='ocrx_word' id='word_1_304' title='bbox 3521 1524 3616 1577; x_wconf 75' lang='grc' dir='ltr'><strong>καὶ</strong></span> <span class='ocrx_word' id='word_1_305' title='bbox 3648 1524 3757 1578; x_wconf 83' lang='grc' dir='ltr'>ἀπὸ</span> <span class='ocrx_word' id='word_1_306' title='bbox 3790 1524 3918 1593; x_wconf 81' lang='grc' dir='ltr'>μιᾶς</span> <span class='ocrx_word' id='word_1_307' title='bbox 3957 1523 4070 1591; x_wconf 82' lang='grc' dir='ltr'>φά-</span> 
     </span>
    </p>
   </div>
   <div class='ocr_carea' id='block_1_44' title="bbox 2495 1614 4069 1686">
    <p class='ocr_par' dir='ltr' id='par_1_44' title="bbox 2495 1614 4069 1686">
     <span class='ocr_line' id='line_1_44' title="bbox 2495 1614 4069 1686; baseline -0.004 -11"><span class='ocrx_word' id='word_1_308' title='bbox 2495 1638 2632 1684; x_wconf 88' lang='grc' dir='ltr'>σεως</span> <span class='ocrx_word' id='word_1_309' title='bbox 2688 1620 2967 1673; x_wconf 84' lang='grc' dir='ltr'>κελεύεται</span> <span class='ocrx_word' id='word_1_310' title='bbox 3015 1616 3553 1686; x_wconf 80' lang='grc' dir='ltr'>ἀποκεφαλισθῆναι,</span> <span class='ocrx_word' id='word_1_311' title='bbox 3600 1616 3696 1667; x_wconf 66' lang='grc' dir='ltr'><strong>καὶ¹</strong></span> <span class='ocrx_word' id='word_1_312' title='bbox 3742 1614 4069 1668; x_wconf 78' lang='grc' dir='ltr'>ἀπόλλυται.</span> 
     </span>
    </p>
   </div>
   <div class='ocr_carea' id='block_1_45' title="bbox 2494 1704 4071 1776">
    <p class='ocr_par' dir='ltr' id='par_1_45' title="bbox 2494 1704 4071 1776">
     <span class='ocr_line' id='line_1_45' title="bbox 2494 1704 4071 1776; baseline -0.006 -12"><span class='ocrx_word' id='word_1_313' title='bbox 2494 1710 2678 1773; x_wconf 85' lang='grc' dir='ltr'>Οῦτως</span> <span class='ocrx_word' id='word_1_314' title='bbox 2705 1710 2797 1762; x_wconf 80' lang='grc' dir='ltr'><strong>καὶ</strong></span> <span class='ocrx_word' id='word_1_315' title='bbox 2824 1709 2900 1769; x_wconf 82' lang='grc' dir='ltr'><strong>είς</strong></span> <span class='ocrx_word' id='word_1_316' title='bbox 2926 1710 3052 1770; x_wconf 80' lang='grc' dir='ltr'>τοὺς</span> <span class='ocrx_word' id='word_1_317' title='bbox 3082 1707 3440 1776; x_wconf 87' lang='grc' dir='ltr'>Χριστιανούς</span> <span class='ocrx_word' id='word_1_318' title='bbox 3468 1705 3607 1757; x_wconf 74' lang='grc' dir='ltr'>εἰσιν</span> <span class='ocrx_word' id='word_1_319' title='bbox 3638 1704 3877 1774; x_wconf 87' lang='grc' dir='ltr'>ίσχυρῶς</span> <span class='ocrx_word' id='word_1_320' title='bbox 3900 1704 4071 1755; x_wconf 84' lang='grc' dir='ltr'>πολε-</span> 
     </span>
    </p>
   </div>
   <div class='ocr_carea' id='block_1_46' title="bbox 2502 1794 4072 1872">
    <p class='ocr_par' dir='ltr' id='par_1_46' title="bbox 2502 1794 4072 1872">
     <span class='ocr_line' id='line_1_46' title="bbox 2502 1794 4072 1872; baseline -0.005 -18"><span class='ocrx_word' id='word_1_321' title='bbox 2502 1801 2761 1872; x_wconf 86' lang='grc' dir='ltr'>μούμενοι</span> <span class='ocrx_word' id='word_1_322' title='bbox 2808 1800 2902 1852; x_wconf 66' lang='grc' dir='ltr'>καὶ</span> <span class='ocrx_word' id='word_1_323' title='bbox 2943 1798 3183 1867; x_wconf 81' lang='grc' dir='ltr'>ξεόμενοι</span> <span class='ocrx_word' id='word_1_324' title='bbox 3236 1797 3339 1849; x_wconf 80' lang='grc' dir='ltr'><strong>ὑπὸ</strong></span> <span class='ocrx_word' id='word_1_325' title='bbox 3370 1798 3467 1865; x_wconf 83' lang='grc' dir='ltr'>τῆς</span> <span class='ocrx_word' id='word_1_326' title='bbox 3503 1796 3782 1866; x_wconf 81' lang='grc' dir='ltr'>ἁμαρτίας</span> <span class='ocrx_word' id='word_1_327' title='bbox 3809 1810 3828 1828; x_wconf 78' lang='grc' dir='ltr'><strong><em>ο</em></strong></span> <span class='ocrx_word' id='word_1_328' title='bbox 3864 1796 3958 1847; x_wconf 72' lang='lat' dir='ltr'><strong>arati.</strong></span> <span class='ocrx_word' id='word_1_329' title='bbox 3986 1794 4072 1847; x_wconf 80' lang='grc' dir='ltr'><strong>ἐτι</strong></span> 
     </span>
    </p>
   </div>
   <div class='ocr_carea' id='block_1_47' title="bbox 2498 1887 4073 1959">
    <p class='ocr_par' dir='ltr' id='par_1_47' title="bbox 2498 1887 4073 1959">
     <span class='ocr_line' id='line_1_47' title="bbox 2498 1887 4073 1959; baseline -0.006 -12"><span class='ocrx_word' id='word_1_330' title='bbox 2498 1896 2578 1957; x_wconf 89' lang='grc' dir='ltr'><strong>είς</strong></span> <span class='ocrx_word' id='word_1_331' title='bbox 2599 1894 2724 1954; x_wconf 80' lang='grc' dir='ltr'>τοὺς</span> <span class='ocrx_word' id='word_1_332' title='bbox 2748 1891 3019 1957; x_wconf 74' lang='grc' dir='ltr'>πολέμους</span> <span class='ocrx_word' id='word_1_333' title='bbox 3041 1890 3388 1959; x_wconf 77' lang='grc' dir='ltr'>στερεοῦνται</span> <span class='ocrx_word' id='word_1_334' title='bbox 3411 1888 3505 1940; x_wconf 73' lang='grc' dir='ltr'>καὶ</span> <span class='ocrx_word' id='word_1_335' title='bbox 3536 1887 3866 1955; x_wconf 82' lang='grc' dir='ltr'>σοφίζονται,</span> <span class='ocrx_word' id='word_1_336' title='bbox 3901 1902 4073 1939; x_wconf 75' lang='grc' dir='ltr'>κατα-</span> 
     </span>
    </p>
   </div>
   <div class='ocr_carea' id='block_1_48' title="bbox 2498 1976 4073 2055">
    <p class='ocr_par' dir='ltr' id='par_1_48' title="bbox 2498 1976 4073 2055">
     <span class='ocr_line' id='line_1_48' title="bbox 2498 1976 4073 2055; baseline -0.004 -19"><span class='ocrx_word' id='word_1_337' title='bbox 2498 1982 2821 2055; x_wconf 80' lang='grc' dir='ltr'>φρονοῦντες</span> <span class='ocrx_word' id='word_1_338' title='bbox 2852 1982 2955 2050; x_wconf 84' lang='grc' dir='ltr'>τῆς</span> <span class='ocrx_word' id='word_1_339' title='bbox 2999 1980 3246 2041; x_wconf 76' lang='grc' dir='ltr'>ἐναντίας</span> <span class='ocrx_word' id='word_1_340' title='bbox 3275 1979 3583 2048; x_wconf 78' lang='grc' dir='ltr'>δυνάμεως,</span> <span class='ocrx_word' id='word_1_341' title='bbox 3619 1978 3713 2030; x_wconf 81' lang='grc' dir='ltr'>καὶ</span> <span class='ocrx_word' id='word_1_342' title='bbox 3757 1976 3856 2029; x_wconf 78' lang='grc' dir='ltr'>οὐκ</span> <span class='ocrx_word' id='word_1_343' title='bbox 3883 1976 4073 2045; x_wconf 74' lang='grc' dir='ltr'>ἔχουσι</span> 
     </span>
    </p>
   </div>
   <div class='ocr_carea' id='block_1_49' title="bbox 2497 2068 4075 2143">
    <p class='ocr_par' dir='ltr' id='par_1_49' title="bbox 2497 2068 4075 2143">
     <span class='ocr_line' id='line_1_49' title="bbox 2497 2068 4075 2143; baseline -0.007 -13"><span class='ocrx_word' id='word_1_344' title='bbox 2497 2077 2742 2131; x_wconf 85' lang='grc' dir='ltr'>κίνδυνον</span> <span class='ocrx_word' id='word_1_345' title='bbox 2791 2078 2850 2128; x_wconf 91' lang='grc' dir='ltr'><strong>ἐν</strong></span> <span class='ocrx_word' id='word_1_346' title='bbox 2885 2073 3059 2143; x_wconf 73' lang='grc' dir='ltr'>τούτῳ</span> <span class='ocrx_word' id='word_1_347' title='bbox 3099 2070 3178 2141; x_wconf 83' lang='grc' dir='ltr'><strong>τῷ</strong></span> <span class='ocrx_word' id='word_1_348' title='bbox 3233 2071 3411 2140; x_wconf 80' lang='grc' dir='ltr'>μέρει,</span> <span class='ocrx_word' id='word_1_349' title='bbox 3444 2072 3525 2123; x_wconf 84' lang='grc' dir='ltr'>ὅτι</span> <span class='ocrx_word' id='word_1_350' title='bbox 3560 2069 3799 2124; x_wconf 87' lang='grc' dir='ltr'>ἀπτωτοί</span> <span class='ocrx_word' id='word_1_351' title='bbox 3836 2070 3944 2121; x_wconf 87' lang='grc' dir='ltr'>είσι</span> <span class='ocrx_word' id='word_1_352' title='bbox 3975 2068 4075 2120; x_wconf 74' lang='grc' dir='ltr'>καὶ</span> 
     </span>
    </p>
   </div>
   <div class='ocr_carea' id='block_1_50' title="bbox 2496 2160 4076 2236">
    <p class='ocr_par' dir='ltr' id='par_1_50' title="bbox 2496 2160 4076 2236">
     <span class='ocr_line' id='line_1_50' title="bbox 2496 2160 4076 2236; baseline -0.006 -16"><span class='ocrx_word' id='word_1_353' title='bbox 2496 2167 2883 2236; x_wconf 83' lang='grc' dir='ltr'>ἀσφαλίζονται</span> <span class='ocrx_word' id='word_1_354' title='bbox 2927 2166 3057 2234; x_wconf 77' lang='grc' dir='ltr'>περὶ</span> <span class='ocrx_word' id='word_1_355' title='bbox 3096 2163 3197 2228; x_wconf 79' lang='grc' dir='ltr'>τῆς</span> <span class='ocrx_word' id='word_1_356' title='bbox 3246 2164 3454 2217; x_wconf 78' lang='grc' dir='ltr'>ἑαυτῶν</span> <span class='ocrx_word' id='word_1_357' title='bbox 3508 2162 3815 2233; x_wconf 88' lang='grc' dir='ltr'>σωτηρίας,</span> <span class='ocrx_word' id='word_1_358' title='bbox 3874 2160 3965 2214; x_wconf 66' lang='grc' dir='ltr'>διὰ</span> <span class='ocrx_word' id='word_1_359' title='bbox 4008 2160 4076 2212; x_wconf 79' lang='grc' dir='ltr'>τὸ</span> 
     </span>
    </p>
   </div>
   <div class='ocr_carea' id='block_1_51' title="bbox 2498 2240 4074 2327">
    <p class='ocr_par' dir='ltr' id='par_1_51' title="bbox 2498 2240 4074 2327">
     <span class='ocr_line' id='line_1_51' title="bbox 2498 2240 4074 2327; baseline -0.005 -16"><span class='ocrx_word' id='word_1_360' title='bbox 2498 2242 2754 2321; x_wconf 79' lang='grc' dir='ltr'>πολλάκις</span> <span class='ocrx_word' id='word_1_361' title='bbox 2792 2240 3167 2327; x_wconf 77' lang='grc' dir='ltr'>γεγυμνάσϐαι</span> <span class='ocrx_word' id='word_1_362' title='bbox 3218 2256 3277 2307; x_wconf 83' lang='grc' dir='ltr'><strong>ἐν</strong></span> <span class='ocrx_word' id='word_1_363' title='bbox 3321 2254 3401 2325; x_wconf 85' lang='grc' dir='ltr'>τῷ</span> <span class='ocrx_word' id='word_1_364' title='bbox 3434 2254 3658 2324; x_wconf 72' lang='grc' dir='ltr'>πολέμῳ</span> <span class='ocrx_word' id='word_1_365' title='bbox 3705 2254 3805 2325; x_wconf 81' lang='grc' dir='ltr'>τῆς</span> <span class='ocrx_word' id='word_1_366' title='bbox 3835 2254 4074 2315; x_wconf 73' lang='grc' dir='ltr'>κακίας,</span> 
     </span>
    </p>
   </div>
   <div class='ocr_carea' id='block_1_52' title="bbox 2498 2344 4077 2420">
    <p class='ocr_par' dir='ltr' id='par_1_52' title="bbox 2498 2344 4077 2420">
     <span class='ocr_line' id='line_1_52' title="bbox 2498 2344 4077 2420; baseline -0.004 -17"><span class='ocrx_word' id='word_1_367' title='bbox 2498 2352 2593 2403; x_wconf 78' lang='grc' dir='ltr'><strong>καὶ</strong></span> <span class='ocrx_word' id='word_1_368' title='bbox 2637 2352 2935 2420; x_wconf 73' lang='grc' dir='ltr'>ἐμπείρους</span> <span class='ocrx_word' id='word_1_369' title='bbox 2983 2346 3330 2417; x_wconf 80' lang='grc' dir='ltr'>γεγενῆσθαι.</span> <span class='ocrx_word' id='word_1_370' title='bbox 3392 2348 3645 2416; x_wconf 82' lang='grc' dir='ltr'>Ἔχοντες</span> <span class='ocrx_word' id='word_1_371' title='bbox 3694 2346 3751 2399; x_wconf 77' lang='grc' dir='ltr'><strong>δέ</strong></span> <span class='ocrx_word' id='word_1_372' title='bbox 3796 2346 3889 2398; x_wconf 79' lang='grc' dir='ltr'>τὸν</span> <span class='ocrx_word' id='word_1_373' title='bbox 3936 2344 4077 2398; x_wconf 73' lang='grc' dir='ltr'>Θεὸν</span> 
     </span>
    </p>
   </div>
   <div class='ocr_carea' id='block_1_53' title="bbox 2503 2439 3763 2513">
    <p class='ocr_par' dir='ltr' id='par_1_53' title="bbox 2503 2439 3763 2513">
     <span class='ocr_line' id='line_1_53' title="bbox 2503 2439 3763 2513; baseline -0.001 -19"><span class='ocrx_word' id='word_1_374' title='bbox 2503 2443 2621 2513; x_wconf 78' lang='grc' dir='ltr'>μεθ’</span> <span class='ocrx_word' id='word_1_375' title='bbox 2649 2442 2877 2507; x_wconf 85' lang='grc' dir='ltr'>ἐαυτῶν,</span> <span class='ocrx_word' id='word_1_376' title='bbox 2908 2440 3224 2509; x_wconf 83' lang='grc' dir='ltr'>ὁδηγοῦνται</span> <span class='ocrx_word' id='word_1_377' title='bbox 3255 2440 3347 2493; x_wconf 75' lang='grc' dir='ltr'><strong>καὶ</strong></span> <span class='ocrx_word' id='word_1_378' title='bbox 3372 2439 3763 2493; x_wconf 80' lang='grc' dir='ltr'>ἀναπαύονται.</span> 
     </span>
    </p>
   </div>
   <div class='ocr_carea' id='block_1_54' title="bbox 2571 2530 4077 2605">
    <p class='ocr_par' dir='ltr' id='par_1_54' title="bbox 2571 2530 4077 2605">
     <span class='ocr_line' id='line_1_54' title="bbox 2571 2530 4077 2605; baseline -0.005 -17"><span class='ocrx_word' id='word_1_379' title='bbox 2571 2535 2671 2588; x_wconf 72' lang='grc' dir='ltr'><strong>ιΘο.</strong></span> <span class='ocrx_word' id='word_1_380' title='bbox 2728 2534 2911 2586; x_wconf 80' lang='grc' dir='ltr'>Ἀλλοι</span> <span class='ocrx_word' id='word_1_381' title='bbox 2958 2533 3016 2585; x_wconf 81' lang='grc' dir='ltr'><strong>δέ</strong></span> <span class='ocrx_word' id='word_1_382' title='bbox 3069 2532 3293 2603; x_wconf 79' lang='grc' dir='ltr'>μηδέπω</span> <span class='ocrx_word' id='word_1_383' title='bbox 3343 2531 3785 2605; x_wconf 71' lang='grc' dir='ltr'>γυμνασθέντες,</span> <span class='ocrx_word' id='word_1_384' title='bbox 3820 2530 3901 2593; x_wconf 83' lang='grc' dir='ltr'><strong>είς</strong></span> <span class='ocrx_word' id='word_1_385' title='bbox 3939 2530 4077 2597; x_wconf 89' lang='grc' dir='ltr'>μίαν</span> 
     </span>
    </p>
   </div>
   <div class='ocr_carea' id='block_1_55' title="bbox 2502 2626 4081 2698">
    <p class='ocr_par' dir='ltr' id='par_1_55' title="bbox 2502 2626 4081 2698">
     <span class='ocr_line' id='line_1_55' title="bbox 2502 2626 4081 2698; baseline -0.004 -16"><span class='ocrx_word' id='word_1_386' title='bbox 2502 2629 2679 2698; x_wconf 68' lang='grc' dir='ltr'>θλίψιν</span> <span class='ocrx_word' id='word_1_387' title='bbox 2710 2629 2802 2682; x_wconf 76' lang='grc' dir='ltr'><strong>ἐὰν</strong></span> <span class='ocrx_word' id='word_1_388' title='bbox 2825 2628 3105 2697; x_wconf 78' lang='grc' dir='ltr'>ἐμπέσωσι</span> <span class='ocrx_word' id='word_1_389' title='bbox 3138 2629 3229 2680; x_wconf 56' lang='grc' dir='ltr'><strong>καὶ¹</strong></span> <span class='ocrx_word' id='word_1_390' title='bbox 3258 2627 3545 2697; x_wconf 78' lang='grc' dir='ltr'>ἐπικινηθῇ</span> <span class='ocrx_word' id='word_1_391' title='bbox 3578 2626 3835 2695; x_wconf 83' lang='grc' dir='ltr'>πόλεμος,</span> <span class='ocrx_word' id='word_1_392' title='bbox 3870 2626 4081 2687; x_wconf 66' lang='grc' dir='ltr'>εὐθέως</span> 
     </span>
    </p>
   </div>
   <div class='ocr_carea' id='block_1_56' title="bbox 2502 2714 4078 2787">
    <p class='ocr_par' dir='ltr' id='par_1_56' title="bbox 2502 2714 4078 2787">
     <span class='ocr_line' id='line_1_56' title="bbox 2502 2714 4078 2787; baseline -0.006 -14"><span class='ocrx_word' id='word_1_393' title='bbox 2502 2719 2931 2776; x_wconf 85' lang='grc' dir='ltr'>καταπίπτουσιν</span> <span class='ocrx_word' id='word_1_394' title='bbox 2963 2721 3041 2780; x_wconf 87' lang='grc' dir='ltr'><strong>είς</strong></span> <span class='ocrx_word' id='word_1_395' title='bbox 3068 2717 3287 2787; x_wconf 69' lang='grc' dir='ltr'>ὄλεθρον</span> <span class='ocrx_word' id='word_1_396' title='bbox 3320 2717 3415 2770; x_wconf 72' lang='grc' dir='ltr'><strong>καὶ⁴</strong></span> <span class='ocrx_word' id='word_1_397' title='bbox 3448 2716 3725 2769; x_wconf 81' lang='grc' dir='ltr'>ἀπώλειαν</span> <span class='ocrx_word' id='word_1_398' title='bbox 3757 2730 3772 2746; x_wconf 76' lang='grc' dir='ltr'><strong><em>ο</em></strong></span> <span class='ocrx_word' id='word_1_399' title='bbox 3807 2714 4003 2783; x_wconf 83' lang='grc' dir='ltr'>ῶσπερ</span> <span class='ocrx_word' id='word_1_400' title='bbox 4025 2714 4078 2765; x_wconf 78' lang='lat' dir='ltr'><strong>oi</strong></span> 
     </span>
    </p>
   </div>
   <div class='ocr_carea' id='block_1_57' title="bbox 2502 2806 4082 2875">
    <p class='ocr_par' dir='ltr' id='par_1_57' title="bbox 2502 2806 4082 2875">
     <span class='ocr_line' id='line_1_57' title="bbox 2502 2806 4082 2875; baseline -0.005 -11"><span class='ocrx_word' id='word_1_401' title='bbox 2502 2811 2828 2874; x_wconf 81' lang='grc' dir='ltr'>διοδεύοντες</span> <span class='ocrx_word' id='word_1_402' title='bbox 2862 2813 2921 2863; x_wconf 90' lang='grc' dir='ltr'><strong>ἐν</strong></span> <span class='ocrx_word' id='word_1_403' title='bbox 2953 2810 3126 2874; x_wconf 85' lang='grc' dir='ltr'>πόλει,</span> <span class='ocrx_word' id='word_1_404' title='bbox 3160 2809 3403 2872; x_wconf 82' lang='grc' dir='ltr'>Θέλοντες</span> <span class='ocrx_word' id='word_1_405' title='bbox 3436 2809 3560 2861; x_wconf 83' lang='grc' dir='ltr'>ίδεῖν</span> <span class='ocrx_word' id='word_1_406' title='bbox 3604 2809 3729 2870; x_wconf 78' lang='grc' dir='ltr'>τοὺς</span> <span class='ocrx_word' id='word_1_407' title='bbox 3757 2806 4082 2875; x_wconf 74' lang='grc' dir='ltr'>ἀγαπητοὺς</span> 
     </span>
    </p>
   </div>
   <div class='ocr_carea' id='block_1_58' title="bbox 2504 2897 4083 2973">
    <p class='ocr_par' dir='ltr' id='par_1_58' title="bbox 2504 2897 4083 2973">
     <span class='ocr_line' id='line_1_58' title="bbox 2504 2897 4083 2973; baseline -0.004 -19"><span class='ocrx_word' id='word_1_408' title='bbox 2504 2902 2687 2955; x_wconf 82' lang='grc' dir='ltr'>αὐτῶν</span> <span class='ocrx_word' id='word_1_409' title='bbox 2712 2903 2806 2953; x_wconf 58' lang='grc' dir='ltr'><strong>καί⁵</strong></span> <span class='ocrx_word' id='word_1_410' title='bbox 2826 2901 3156 2973; x_wconf 84' lang='grc' dir='ltr'>γνωρίμους,</span> <span class='ocrx_word' id='word_1_411' title='bbox 3192 2901 3241 2952; x_wconf 83' lang='grc' dir='ltr'><strong>εί</strong></span> <span class='ocrx_word' id='word_1_412' title='bbox 3271 2901 3365 2951; x_wconf 76' lang='grc' dir='ltr'>καὶ</span> <span class='ocrx_word' id='word_1_413' title='bbox 3393 2898 3608 2960; x_wconf 81' lang='grc' dir='ltr'>πολλοῖς</span> <span class='ocrx_word' id='word_1_414' title='bbox 3638 2897 3977 2951; x_wconf 85' lang='grc' dir='ltr'>συναντῶσιν</span> <span class='ocrx_word' id='word_1_415' title='bbox 4022 2899 4083 2949; x_wconf 86' lang='grc' dir='ltr'><strong>ἐν</strong></span> 
     </span>
    </p>
   </div>
   <div class='ocr_carea' id='block_1_59' title="bbox 2502 2987 4083 3060">
    <p class='ocr_par' dir='ltr' id='par_1_59' title="bbox 2502 2987 4083 3060">
     <span class='ocr_line' id='line_1_59' title="bbox 2502 2987 4083 3060; baseline -0.002 -17"><span class='ocrx_word' id='word_1_416' title='bbox 2502 2994 2622 3055; x_wconf 85' lang='grc' dir='ltr'>ταῖς</span> <span class='ocrx_word' id='word_1_417' title='bbox 2667 2994 2911 3060; x_wconf 80' lang='grc' dir='ltr'>ἀγοραῖς,</span> <span class='ocrx_word' id='word_1_418' title='bbox 2951 2992 3050 3043; x_wconf 79' lang='grc' dir='ltr'>οὐκ</span> <span class='ocrx_word' id='word_1_419' title='bbox 3076 2990 3457 3059; x_wconf 82' lang='grc' dir='ltr'>ἐμποδίζονται</span> <span class='ocrx_word' id='word_1_420' title='bbox 3503 2989 3591 3041; x_wconf 67' lang='grc' dir='ltr'><strong>ὄπ’</strong></span> <span class='ocrx_word' id='word_1_421' title='bbox 3621 2989 3798 3042; x_wconf 79' lang='grc' dir='ltr'>αὐτῶν</span> <span class='ocrx_word' id='word_1_422' title='bbox 3835 3006 3851 3020; x_wconf 85' lang='grc'>⁶</span> <span class='ocrx_word' id='word_1_423' title='bbox 3891 2987 4083 3057; x_wconf 66' lang='grc' dir='ltr'>ἔχουσι</span> 
     </span>
    </p>
   </div>
   <div class='ocr_carea' id='block_1_60' title="bbox 836 3081 2527 3155">
    <p class='ocr_par' dir='ltr' id='par_1_60' title="bbox 836 3082 2527 3153">
     <span class='ocr_line' id='line_1_60' title="bbox 836 3082 2527 3153; baseline -0.002 -16"><span class='ocrx_word' id='word_1_424' title='bbox 836 3099 1036 3153; x_wconf 81' lang='lat' dir='ltr'><strong>scopus</strong></span> <span class='ocrx_word' id='word_1_425' title='bbox 1064 3084 1210 3136; x_wconf 86' lang='lat' dir='ltr'><strong>enim</strong></span> <span class='ocrx_word' id='word_1_426' title='bbox 1242 3083 1462 3135; x_wconf 89' lang='lat' dir='ltr'><strong>illorum</strong></span> <span class='ocrx_word' id='word_1_427' title='bbox 1499 3090 1615 3145; x_wconf 85' lang='lat' dir='ltr'><strong>est,-</strong></span> <span class='ocrx_word' id='word_1_428' title='bbox 1644 3090 1705 3134; x_wconf 90' lang='lat' dir='ltr'><strong>ut</strong></span> <span class='ocrx_word' id='word_1_429' title='bbox 1733 3082 1940 3136; x_wconf 90' lang='lat' dir='ltr'><strong>amicos</strong></span> <span class='ocrx_word' id='word_1_430' title='bbox 1960 3082 2322 3137; x_wconf 84' lang='lat' dir='ltr'><strong>conveniant:</strong></span> <span class='ocrx_word' id='word_1_431' title='bbox 2347 3091 2404 3134; x_wconf 90' lang='lat' dir='ltr'><strong>et</strong></span> <span class='ocrx_word' id='word_1_432' title='bbox 2505 3103 2527 3152; x_wconf 66' lang='grc' dir='ltr'><strong>γ</strong></span> 
     </span>
    </p>
   </div>
   <div class='ocr_carea' id='block_1_61' title="bbox 2391 3081 4082 3155">
    <p class='ocr_par' dir='ltr' id='par_1_61' title="bbox 2391 3081 4082 3155">
     <span class='ocr_line' id='line_1_61' title="bbox 2391 3081 4082 3155; baseline -0.001 -21"><span class='ocrx_word' id='word_1_433' title='bbox 2391 3091 2404 3134; x_wconf 82' lang='grc' dir='ltr'><strong>ι</strong></span> <span class='ocrx_word' id='word_1_434' title='bbox 2505 3085 2615 3155; x_wconf 88' lang='grc' dir='ltr'><strong>γάρ</strong></span> <span class='ocrx_word' id='word_1_435' title='bbox 2637 3084 2835 3137; x_wconf 75' lang='grc' dir='ltr'>σκοπὸν</span> <span class='ocrx_word' id='word_1_436' title='bbox 2854 3083 2949 3135; x_wconf 84' lang='grc' dir='ltr'><strong>τοῦ</strong></span> <span class='ocrx_word' id='word_1_437' title='bbox 2973 3086 3083 3145; x_wconf 82' lang='grc' dir='ltr'>τοῖς</span> <span class='ocrx_word' id='word_1_438' title='bbox 3108 3084 3281 3151; x_wconf 86' lang='grc' dir='ltr'>φίλοις</span> <span class='ocrx_word' id='word_1_439' title='bbox 3308 3084 3549 3151; x_wconf 79' lang='grc' dir='ltr'>ἐντυχεῖν</span> <span class='ocrx_word' id='word_1_440' title='bbox 3566 3099 3579 3112; x_wconf 91' lang='grc'><strong>·</strong></span> <span class='ocrx_word' id='word_1_441' title='bbox 3606 3084 3699 3134; x_wconf 73' lang='grc' dir='ltr'>καὶ</span> <span class='ocrx_word' id='word_1_442' title='bbox 3726 3083 3855 3133; x_wconf 84' lang='grc' dir='ltr'>ὅταν</span> <span class='ocrx_word' id='word_1_443' title='bbox 3877 3081 4082 3149; x_wconf 72' lang='grc' dir='ltr'>ἔξωθεν</span> 
     </span>
    </p>
   </div>
   <div class='ocr_carea' id='block_1_62' title="bbox 838 3172 2529 3265">
    <p class='ocr_par' dir='ltr' id='par_1_62' title="bbox 838 3174 2529 3265">
     <span class='ocr_line' id='line_1_62' title="bbox 838 3174 2529 3265; baseline 0.002 -37"><span class='ocrx_word' id='word_1_444' title='bbox 838 3192 963 3228; x_wconf 92' lang='lat' dir='ltr'><strong>oum</strong></span> <span class='ocrx_word' id='word_1_445' title='bbox 1014 3174 1153 3228; x_wconf 81' lang='lat' dir='ltr'><strong>loris</strong></span> <span class='ocrx_word' id='word_1_446' title='bbox 1194 3175 1415 3244; x_wconf 92' lang='lat' dir='ltr'><strong>januam</strong></span> <span class='ocrx_word' id='word_1_447' title='bbox 1462 3174 1798 3243; x_wconf 85' lang='lat' dir='ltr'><strong>pulsaverint</strong></span> <span class='ocrx_word' id='word_1_448' title='bbox 1824 3190 1888 3228; x_wconf 91' lang='lat' dir='ltr'><strong>ac</strong></span> <span class='ocrx_word' id='word_1_449' title='bbox 1914 3174 2252 3239; x_wconf 87' lang='lat' dir='ltr'><strong>vocaverint,</strong></span> <span class='ocrx_word' id='word_1_450' title='bbox 2293 3175 2399 3228; x_wconf 68' lang='lat' dir='ltr'><strong>lacti</strong></span> <span class='ocrx_word' id='word_1_451' title='bbox 2435 3207 2479 3265; x_wconf 68' lang='grc' dir='ltr'>ο</span> <span class='ocrx_word' id='word_1_452' title='bbox 2511 3197 2529 3231; x_wconf 65' lang='grc' dir='ltr'><strong>ι</strong></span> 
     </span>
    </p>
   </div>
   <div class='ocr_carea' id='block_1_63' title="bbox 2392 3172 4083 3265">
    <p class='ocr_par' dir='ltr' id='par_1_63' title="bbox 2392 3172 4083 3265">
     <span class='ocr_line' id='line_1_63' title="bbox 2392 3172 4083 3265; baseline -0.003 -38"><span class='ocrx_word' id='word_1_453' title='bbox 2392 3175 2399 3227; x_wconf 90' lang='lat' dir='ltr'><strong>i</strong></span> <span class='ocrx_word' id='word_1_454' title='bbox 2435 3207 2479 3265; x_wconf 68' lang='grc' dir='ltr'>ο</span> <span class='ocrx_word' id='word_1_455' title='bbox 2511 3180 2784 3249; x_wconf 87' lang='grc' dir='ltr'>κρούσωσι</span> <span class='ocrx_word' id='word_1_456' title='bbox 2826 3176 3132 3253; x_wconf 77' lang='grc' dir='ltr'>τὴν-θύραν</span> <span class='ocrx_word' id='word_1_457' title='bbox 3154 3179 3247 3229; x_wconf 78' lang='grc' dir='ltr'>καὶ</span> <span class='ocrx_word' id='word_1_458' title='bbox 3280 3177 3578 3237; x_wconf 80' lang='grc' dir='ltr'>καλέσωσι,</span> <span class='ocrx_word' id='word_1_459' title='bbox 3611 3177 3892 3245; x_wconf 87' lang='grc' dir='ltr'>χαίροντες</span> <span class='ocrx_word' id='word_1_460' title='bbox 3926 3172 4083 3226; x_wconf 60' lang='grc' dir='ltr'>ἀνοία</span> 
     </span>
    </p>
   </div>
   <div class='ocr_carea' id='block_1_64' title="bbox 839 3266 2530 3337">
    <p class='ocr_par' dir='ltr' id='par_1_64' title="bbox 839 3266 2530 3336">
     <span class='ocr_line' id='line_1_64' title="bbox 839 3266 2530 3336; baseline 0.002 -17"><span class='ocrx_word' id='word_1_461' title='bbox 839 3266 1095 3336; x_wconf 89' lang='lat' dir='ltr'><strong>aperiunt</strong></span> <span class='ocrx_word' id='word_1_462' title='bbox 1134 3266 1298 3320; x_wconf 86' lang='lat' dir='ltr'><strong>amici</strong></span> <span class='ocrx_word' id='word_1_463' title='bbox 1351 3268 1569 3321; x_wconf 90' lang='lat' dir='ltr'><strong>illorum</strong></span> <span class='ocrx_word' id='word_1_464' title='bbox 1593 3308 1607 3330; x_wconf 89' lang='lat'><strong>,</strong></span> <span class='ocrx_word' id='word_1_465' title='bbox 1642 3267 1727 3319; x_wconf 88' lang='lat' dir='ltr'><strong>sin</strong></span> <span class='ocrx_word' id='word_1_466' title='bbox 1760 3281 1893 3319; x_wconf 87' lang='lat' dir='ltr'><strong>vero</strong></span> <span class='ocrx_word' id='word_1_467' title='bbox 1928 3266 2171 3320; x_wconf 70' lang='lat' dir='ltr'><strong>hrereant</strong></span> <span class='ocrx_word' id='word_1_468' title='bbox 2193 3266 2246 3319; x_wconf 91' lang='lat' dir='ltr'><strong>in</strong></span> <span class='ocrx_word' id='word_1_469' title='bbox 2274 3267 2408 3322; x_wconf 84' lang='lat' dir='ltr'><strong>loris</strong></span> <span class='ocrx_word' id='word_1_470' title='bbox 2512 3286 2530 3336; x_wconf 61' lang='grc' dir='ltr'><strong>γ</strong></span> 
     </span>
    </p>
   </div>
   <div class='ocr_carea' id='block_1_65' title="bbox 2393 3266 4084 3337">
    <p class='ocr_par' dir='ltr' id='par_1_65' title="bbox 2393 3266 4084 3337">
     <span class='ocr_line' id='line_1_65' title="bbox 2393 3266 4084 3337; baseline -0.004 -15"><span class='ocrx_word' id='word_1_471' title='bbox 2393 3285 2408 3322; x_wconf 68' lang='lat'><strong>5</strong></span> <span class='ocrx_word' id='word_1_472' title='bbox 2512 3286 2699 3337; x_wconf 84' lang='grc' dir='ltr'>γουσιν</span> <span class='ocrx_word' id='word_1_473' title='bbox 2745 3270 2793 3320; x_wconf 77' lang='grc' dir='ltr'>οἱ</span> <span class='ocrx_word' id='word_1_474' title='bbox 2845 3268 3117 3335; x_wconf 66' lang='grc' dir='ltr'>ἀγαπητοὶ</span> <span class='ocrx_word' id='word_1_475' title='bbox 3163 3268 3379 3324; x_wconf 63' lang='grc' dir='ltr'>αὐτῶν</span> <span class='ocrx_word' id='word_1_476' title='bbox 3428 3269 3476 3319; x_wconf 89' lang='grc' dir='ltr'>εἱ</span> <span class='ocrx_word' id='word_1_477' title='bbox 3523 3267 3578 3319; x_wconf 90' lang='grc' dir='ltr'><strong>δέ</strong></span> <span class='ocrx_word' id='word_1_478' title='bbox 3610 3266 3985 3334; x_wconf 78' lang='grc' dir='ltr'>ἀπομείνωσιν</span> <span class='ocrx_word' id='word_1_479' title='bbox 4026 3267 4084 3316; x_wconf 82' lang='grc' dir='ltr'><strong>ἐν</strong></span> 
     </span>
    </p>
   </div>
   <div class='ocr_carea' id='block_1_66' title="bbox 841 3358 2409 3430">
    <p class='ocr_par' dir='ltr' id='par_1_66' title="bbox 841 3358 2409 3430">
     <span class='ocr_line' id='line_1_66' title="bbox 841 3358 2409 3430; baseline -0.001 -17"><span class='ocrx_word' id='word_1_480' title='bbox 841 3370 899 3413; x_wconf 83' lang='lat' dir='ltr'><strong>et</strong></span> <span class='ocrx_word' id='word_1_481' title='bbox 923 3361 1137 3430; x_wconf 84' lang='lat' dir='ltr'><strong>plateis,</strong></span> <span class='ocrx_word' id='word_1_482' title='bbox 1168 3371 1226 3416; x_wconf 89' lang='lat' dir='ltr'><strong>et</strong></span> <span class='ocrx_word' id='word_1_483' title='bbox 1258 3360 1559 3415; x_wconf 87' lang='lat' dir='ltr'><strong>illudantur</strong></span> <span class='ocrx_word' id='word_1_484' title='bbox 1603 3370 1698 3414; x_wconf 90' lang='lat' dir='ltr'><strong>aut</strong></span> <span class='ocrx_word' id='word_1_485' title='bbox 1738 3361 2075 3413; x_wconf 87' lang='lat' dir='ltr'><strong>retineantur</strong></span> <span class='ocrx_word' id='word_1_486' title='bbox 2096 3359 2163 3412; x_wconf 88' lang='lat' dir='ltr'><strong>ab</strong></span> <span class='ocrx_word' id='word_1_487' title='bbox 2195 3358 2282 3423; x_wconf 91' lang='lat' dir='ltr'><strong>iis,</strong></span> <span class='ocrx_word' id='word_1_488' title='bbox 2314 3358 2409 3425; x_wconf 90' lang='lat' dir='ltr'><strong>qui</strong></span> 
     </span>
    </p>
   </div>
   <div class='ocr_carea' id='block_1_67' title="bbox 843 3446 2409 3517">
    <p class='ocr_par' dir='ltr' id='par_1_67' title="bbox 843 3446 2409 3517">
     <span class='ocr_line' id='line_1_67' title="bbox 843 3446 2409 3517; baseline -0.002 -16"><span class='ocrx_word' id='word_1_489' title='bbox 843 3456 1132 3511; x_wconf 89' lang='lat' dir='ltr'><strong>ocurruut,</strong></span> <span class='ocrx_word' id='word_1_490' title='bbox 1163 3448 1473 3501; x_wconf 90' lang='lat' dir='ltr'><strong>oecluditnr</strong></span> <span class='ocrx_word' id='word_1_491' title='bbox 1499 3449 1664 3517; x_wconf 86' lang='lat' dir='ltr'><strong>janua</strong></span> <span class='ocrx_word' id='word_1_492' title='bbox 1692 3456 1746 3501; x_wconf 92' lang='lat' dir='ltr'><strong>et</strong></span> <span class='ocrx_word' id='word_1_493' title='bbox 1769 3462 1929 3501; x_wconf 90' lang='lat' dir='ltr'><strong>nemo</strong></span> <span class='ocrx_word' id='word_1_494' title='bbox 1954 3447 2061 3499; x_wconf 90' lang='lat' dir='ltr'><strong>illis</strong></span> <span class='ocrx_word' id='word_1_495' title='bbox 2080 3446 2287 3514; x_wconf 88' lang='lat' dir='ltr'><strong>aperit:</strong></span> <span class='ocrx_word' id='word_1_496' title='bbox 2314 3446 2409 3511; x_wconf 89' lang='lat' dir='ltr'><strong>ita,</strong></span> 
     </span>
    </p>
   </div>
   <div class='ocr_carea' id='block_1_68' title="bbox 844 3538 2409 3607">
    <p class='ocr_par' dir='ltr' id='par_1_68' title="bbox 844 3538 2409 3607">
     <span class='ocr_line' id='line_1_68' title="bbox 844 3538 2409 3607; baseline -0.001 -15"><span class='ocrx_word' id='word_1_497' title='bbox 844 3539 939 3607; x_wconf 83' lang='lat' dir='ltr'><strong>qui</strong></span> <span class='ocrx_word' id='word_1_498' title='bbox 969 3538 1036 3591; x_wconf 90' lang='lat' dir='ltr'><strong>ad</strong></span> <span class='ocrx_word' id='word_1_499' title='bbox 1088 3540 1377 3594; x_wconf 90' lang='lat' dir='ltr'><strong>Dominum</strong></span> <span class='ocrx_word' id='word_1_500' title='bbox 1420 3550 1668 3592; x_wconf 90' lang='lat' dir='ltr'><strong>nostrum</strong></span> <span class='ocrx_word' id='word_1_501' title='bbox 1694 3539 1877 3593; x_wconf 87' lang='lat' dir='ltr'><strong>Jesum</strong></span> <span class='ocrx_word' id='word_1_502' title='bbox 1918 3539 2196 3591; x_wconf 85' lang='lat' dir='ltr'><strong>Christum</strong></span> <span class='ocrx_word' id='word_1_503' title='bbox 2219 3554 2409 3591; x_wconf 80' lang='lat' dir='ltr'><strong>verum</strong></span> 
     </span>
    </p>
   </div>
   <div class='ocr_carea' id='block_1_69' title="bbox 849 3631 2414 3699">
    <p class='ocr_par' dir='ltr' id='par_1_69' title="bbox 849 3631 2414 3699">
     <span class='ocr_line' id='line_1_69' title="bbox 849 3631 2414 3699; baseline -0.001 -12"><span class='ocrx_word' id='word_1_504' title='bbox 849 3632 1109 3697; x_wconf 91' lang='lat' dir='ltr'><strong>amicum,</strong></span> <span class='ocrx_word' id='word_1_505' title='bbox 1132 3631 1332 3685; x_wconf 88' lang='lat' dir='ltr'><strong>vadere</strong></span> <span class='ocrx_word' id='word_1_506' title='bbox 1358 3632 1735 3699; x_wconf 90' lang='lat' dir='ltr'><strong>impelluntur,</strong></span> <span class='ocrx_word' id='word_1_507' title='bbox 1772 3640 1966 3685; x_wconf 53' lang='lat' dir='ltr'><strong>castora</strong></span> <span class='ocrx_word' id='word_1_508' title='bbox 1998 3632 2180 3685; x_wconf 87' lang='lat' dir='ltr'><strong>omnia</strong></span> <span class='ocrx_word' id='word_1_509' title='bbox 2210 3631 2414 3686; x_wconf 89' lang='lat' dir='ltr'><strong>debent</strong></span> 
     </span>
    </p>
   </div>
   <div class='ocr_carea' id='block_1_70' title="bbox 850 3722 2412 3797">
    <p class='ocr_par' dir='ltr' id='par_1_70' title="bbox 850 3722 2412 3797">
     <span class='ocr_line' id='line_1_70' title="bbox 850 3722 2412 3797; baseline -0.001 -20"><span class='ocrx_word' id='word_1_510' title='bbox 850 3734 1203 3797; x_wconf 82' lang='lat' dir='ltr'><strong>contemnere</strong></span> <span class='ocrx_word' id='word_1_511' title='bbox 1238 3732 1294 3776; x_wconf 93' lang='lat' dir='ltr'><strong>et</strong></span> <span class='ocrx_word' id='word_1_512' title='bbox 1330 3722 1632 3790; x_wconf 87' lang='lat' dir='ltr'><strong>despicere.</strong></span> <span class='ocrx_word' id='word_1_513' title='bbox 1671 3723 1739 3775; x_wconf 86' lang='lat' dir='ltr'><strong>Et</strong></span> <span class='ocrx_word' id='word_1_514' title='bbox 1782 3723 2267 3791; x_wconf 81' lang='lat' dir='ltr'><strong>quemadmodum,</strong></span> <span class='ocrx_word' id='word_1_515' title='bbox 2318 3722 2412 3797; x_wconf 87' lang='lat' dir='ltr'><strong>qui</strong></span> 
     </span>
    </p>
   </div>
   <div class='ocr_carea' id='block_1_71' title="bbox 850 3814 2413 3883">
    <p class='ocr_par' dir='ltr' id='par_1_71' title="bbox 850 3814 2413 3883">
     <span class='ocr_line' id='line_1_71' title="bbox 850 3814 2413 3883; baseline 0 -16"><span class='ocrx_word' id='word_1_516' title='bbox 850 3815 1107 3883; x_wconf 74' lang='lat' dir='ltr'><strong>palatium</strong></span> <span class='ocrx_word' id='word_1_517' title='bbox 1163 3814 1545 3883; x_wconf 84' lang='lat' dir='ltr'><strong>ingrediuntur</strong></span> <span class='ocrx_word' id='word_1_518' title='bbox 1589 3829 1769 3883; x_wconf 87' lang='lat' dir='ltr'><strong>regem</strong></span> <span class='ocrx_word' id='word_1_519' title='bbox 1809 3814 2000 3879; x_wconf 92' lang='lat' dir='ltr'><strong>visuri,</strong></span> <span class='ocrx_word' id='word_1_520' title='bbox 2037 3814 2149 3868; x_wconf 91' lang='lat' dir='ltr'><strong>sive</strong></span> <span class='ocrx_word' id='word_1_521' title='bbox 2185 3814 2291 3867; x_wconf 87' lang='lat' dir='ltr'><strong>sint</strong></span> <span class='ocrx_word' id='word_1_522' title='bbox 2319 3830 2413 3867; x_wconf 88' lang='lat' dir='ltr'><strong>co-</strong></span> 
     </span>
    </p>
   </div>
   <div class='ocr_carea' id='block_1_72' title="bbox 850 3907 2415 3977">
    <p class='ocr_par' dir='ltr' id='par_1_72' title="bbox 850 3907 2415 3977">
     <span class='ocr_line' id='line_1_72' title="bbox 850 3907 2415 3977; baseline 0.003 -18"><span class='ocrx_word' id='word_1_523' title='bbox 850 3910 1031 3971; x_wconf 87' lang='lat' dir='ltr'><strong>mites,</strong></span> <span class='ocrx_word' id='word_1_524' title='bbox 1059 3907 1173 3961; x_wconf 88' lang='lat' dir='ltr'><strong>sive</strong></span> <span class='ocrx_word' id='word_1_525' title='bbox 1204 3908 1482 3976; x_wconf 71' lang='lat' dir='ltr'><strong>pnesides.</strong></span> <span class='ocrx_word' id='word_1_526' title='bbox 1513 3908 1669 3961; x_wconf 88' lang='lat' dir='ltr'><strong>valde</strong></span> <span class='ocrx_word' id='word_1_527' title='bbox 1695 3918 1965 3973; x_wconf 88' lang='lat' dir='ltr'><strong>metuunt,</strong></span> <span class='ocrx_word' id='word_1_528' title='bbox 1994 3909 2269 3977; x_wconf 84' lang='lat' dir='ltr'><strong>quomodo</strong></span> <span class='ocrx_word' id='word_1_529' title='bbox 2306 3910 2415 3963; x_wconf 87' lang='lat' dir='ltr'><strong>sint</strong></span> 
     </span>
    </p>
   </div>
   <div class='ocr_carea' id='block_1_73' title="bbox 853 3999 2417 4070">
    <p class='ocr_par' dir='ltr' id='par_1_73' title="bbox 853 3999 2417 4070">
     <span class='ocr_line' id='line_1_73' title="bbox 853 3999 2417 4070; baseline 0.001 -17"><span class='ocrx_word' id='word_1_530' title='bbox 853 4000 1193 4069; x_wconf 67' lang='lat' dir='ltr'><strong>responsuri,</strong></span> <span class='ocrx_word' id='word_1_531' title='bbox 1224 4009 1279 4053; x_wconf 87' lang='lat' dir='ltr'><strong>et</strong></span> <span class='ocrx_word' id='word_1_532' title='bbox 1326 4015 1394 4053; x_wconf 89' lang='lat' dir='ltr'><strong>ne</strong></span> <span class='ocrx_word' id='word_1_533' title='bbox 1438 4000 1493 4052; x_wconf 93' lang='lat' dir='ltr'><strong>in</strong></span> <span class='ocrx_word' id='word_1_534' title='bbox 1544 3999 1929 4067; x_wconf 88' lang='lat' dir='ltr'><strong>respondendo</strong></span> <span class='ocrx_word' id='word_1_535' title='bbox 1959 4000 2115 4069; x_wconf 87' lang='lat' dir='ltr'><strong>lapsi,</strong></span> <span class='ocrx_word' id='word_1_536' title='bbox 2152 4002 2205 4054; x_wconf 91' lang='lat' dir='ltr'><strong>in</strong></span> <span class='ocrx_word' id='word_1_537' title='bbox 2235 4017 2417 4070; x_wconf 76' lang='lat' dir='ltr'><strong>repre-</strong></span> 
     </span>
    </p>
   </div>
   <div class='ocr_carea' id='block_1_74' title="bbox 854 4089 2417 4157">
    <p class='ocr_par' dir='ltr' id='par_1_74' title="bbox 854 4089 2417 4157">
     <span class='ocr_line' id='line_1_74' title="bbox 854 4089 2417 4157; baseline 0.003 -17"><span class='ocrx_word' id='word_1_538' title='bbox 854 4089 1174 4142; x_wconf 85' lang='lat' dir='ltr'><strong>hensionem</strong></span> <span class='ocrx_word' id='word_1_539' title='bbox 1198 4100 1255 4142; x_wconf 91' lang='lat' dir='ltr'><strong>et</strong></span> <span class='ocrx_word' id='word_1_540' title='bbox 1287 4089 1618 4157; x_wconf 88' lang='lat' dir='ltr'><strong>supplicium</strong></span> <span class='ocrx_word' id='word_1_541' title='bbox 1648 4090 1927 4153; x_wconf 84' lang='lat' dir='ltr'><strong>incidant;</strong></span> <span class='ocrx_word' id='word_1_542' title='bbox 1962 4091 2155 4145; x_wconf 86' lang='lat' dir='ltr'><strong>rustici</strong></span> <span class='ocrx_word' id='word_1_543' title='bbox 2192 4107 2323 4145; x_wconf 77' lang='lat' dir='ltr'><strong>vero</strong></span> <span class='ocrx_word' id='word_1_544' title='bbox 2353 4106 2417 4145; x_wconf 90' lang='lat' dir='ltr'><strong>ac</strong></span> 
     </span>
    </p>
   </div>
   <div class='ocr_carea' id='block_1_75' title="bbox 851 4177 2418 4247">
    <p class='ocr_par' dir='ltr' id='par_1_75' title="bbox 851 4177 2418 4247">
     <span class='ocr_line' id='line_1_75' title="bbox 851 4177 2418 4247; baseline 0.001 -17"><span class='ocrx_word' id='word_1_545' title='bbox 851 4177 1053 4247; x_wconf 87' lang='lat' dir='ltr'><strong>plebeii</strong></span> <span class='ocrx_word' id='word_1_546' title='bbox 1085 4177 1355 4241; x_wconf 81' lang='lat' dir='ltr'><strong>homines,</strong></span> <span class='ocrx_word' id='word_1_547' title='bbox 1376 4177 1469 4245; x_wconf 88' lang='lat' dir='ltr'><strong>qui</strong></span> <span class='ocrx_word' id='word_1_548' title='bbox 1494 4191 1771 4246; x_wconf 89' lang='lat' dir='ltr'><strong>nunquam</strong></span> <span class='ocrx_word' id='word_1_549' title='bbox 1794 4178 2097 4246; x_wconf 89' lang='lat' dir='ltr'><strong>principem</strong></span> <span class='ocrx_word' id='word_1_550' title='bbox 2122 4194 2418 4247; x_wconf 80' lang='lat' dir='ltr'><strong>conspexe—</strong></span> 
     </span>
    </p>
   </div>
   <div class='ocr_carea' id='block_1_76' title="bbox 851 4267 2417 4339">
    <p class='ocr_par' dir='ltr' id='par_1_76' title="bbox 851 4267 2417 4339">
     <span class='ocr_line' id='line_1_76' title="bbox 851 4267 2417 4339; baseline 0.002 -18"><span class='ocrx_word' id='word_1_551' title='bbox 851 4282 935 4331; x_wconf 88' lang='lat' dir='ltr'><strong>re,</strong></span> <span class='ocrx_word' id='word_1_552' title='bbox 962 4267 1097 4320; x_wconf 88' lang='lat' dir='ltr'><strong>nihil</strong></span> <span class='ocrx_word' id='word_1_553' title='bbox 1126 4268 1345 4321; x_wconf 90' lang='lat' dir='ltr'><strong>solliciti</strong></span> <span class='ocrx_word' id='word_1_554' title='bbox 1374 4276 1501 4321; x_wconf 90' lang='lat' dir='ltr'><strong>sunt</strong></span> <span class='ocrx_word' id='word_1_555' title='bbox 1532 4284 1544 4319; x_wconf 81' lang='grc' dir='ltr'><strong>ι</strong></span> <span class='ocrx_word' id='word_1_556' title='bbox 1571 4268 1651 4321; x_wconf 91' lang='lat' dir='ltr'><strong>sic</strong></span> <span class='ocrx_word' id='word_1_557' title='bbox 1671 4283 1893 4336; x_wconf 91' lang='lat' dir='ltr'><strong>quoque</strong></span> <span class='ocrx_word' id='word_1_558' title='bbox 1923 4268 2157 4322; x_wconf 89' lang='lat' dir='ltr'><strong>mundus</strong></span> <span class='ocrx_word' id='word_1_559' title='bbox 2188 4269 2296 4332; x_wconf 92' lang='lat' dir='ltr'><strong>hic,</strong></span> <span class='ocrx_word' id='word_1_560' title='bbox 2323 4271 2417 4339; x_wconf 91' lang='lat' dir='ltr'><strong>qui</strong></span> 
     </span>
    </p>
   </div>
   <div class='ocr_carea' id='block_1_77' title="bbox 850 4360 2417 4429">
    <p class='ocr_par' dir='ltr' id='par_1_77' title="bbox 850 4360 2417 4429">
     <span class='ocr_line' id='line_1_77' title="bbox 850 4360 2417 4429; baseline 0.001 -16"><span class='ocrx_word' id='word_1_561' title='bbox 850 4360 954 4413; x_wconf 78' lang='lat' dir='ltr'><strong>sub</strong></span> <span class='ocrx_word' id='word_1_562' title='bbox 976 4360 1127 4413; x_wconf 61' lang='lat' dir='ltr'><strong>caelis</strong></span> <span class='ocrx_word' id='word_1_563' title='bbox 1150 4367 1254 4422; x_wconf 89' lang='lat' dir='ltr'><strong>est,</strong></span> <span class='ocrx_word' id='word_1_564' title='bbox 1276 4374 1307 4411; x_wconf 92' lang='lat' dir='ltr'><strong>a</strong></span> <span class='ocrx_word' id='word_1_565' title='bbox 1334 4361 1552 4421; x_wconf 74' lang='lat' dir='ltr'><strong>regibus</strong></span> <span class='ocrx_word' id='word_1_566' title='bbox 1570 4360 1635 4412; x_wconf 88' lang='lat' dir='ltr'><strong>ad</strong></span> <span class='ocrx_word' id='word_1_567' title='bbox 1664 4376 1933 4429; x_wconf 85' lang='lat' dir='ltr'><strong>pauperes</strong></span> <span class='ocrx_word' id='word_1_568' title='bbox 1958 4376 2127 4429; x_wconf 91' lang='lat' dir='ltr'><strong>usque</strong></span> <span class='ocrx_word' id='word_1_569' title='bbox 2149 4378 2205 4414; x_wconf 85' lang='lat' dir='ltr'><strong>se</strong></span> <span class='ocrx_word' id='word_1_570' title='bbox 2230 4362 2417 4416; x_wconf 89' lang='lat' dir='ltr'><strong>habet.</strong></span> 
     </span>
    </p>
   </div>
   <div class='ocr_carea' id='block_1_78' title="bbox 850 4449 2417 4522">
    <p class='ocr_par' dir='ltr' id='par_1_78' title="bbox 850 4449 2417 4522">
     <span class='ocr_line' id='line_1_78' title="bbox 850 4449 2417 4522; baseline 0.001 -17"><span class='ocrx_word' id='word_1_571' title='bbox 850 4450 985 4505; x_wconf 88' lang='lat' dir='ltr'><strong>Cum</strong></span> <span class='ocrx_word' id='word_1_572' title='bbox 1016 4452 1243 4521; x_wconf 75' lang='lat' dir='ltr'><strong>gloriam</strong></span> <span class='ocrx_word' id='word_1_573' title='bbox 1264 4449 1465 4504; x_wconf 87' lang='lat' dir='ltr'><strong>Christi</strong></span> <span class='ocrx_word' id='word_1_574' title='bbox 1500 4450 1770 4521; x_wconf 78' lang='lat' dir='ltr'><strong>ignorent,</strong></span> <span class='ocrx_word' id='word_1_575' title='bbox 1802 4467 1988 4506; x_wconf 86' lang='lat' dir='ltr'><strong>curam</strong></span> <span class='ocrx_word' id='word_1_576' title='bbox 2011 4462 2208 4522; x_wconf 89' lang='lat' dir='ltr'><strong>gerunt</strong></span> <span class='ocrx_word' id='word_1_577' title='bbox 2234 4468 2417 4507; x_wconf 90' lang='lat' dir='ltr'><strong>rerum</strong></span> 
     </span>
    </p>
   </div>
   <div class='ocr_carea' id='block_1_79' title="bbox 2509 3356 4087 3433">
    <p class='ocr_par' dir='ltr' id='par_1_79' title="bbox 2509 3356 4087 3433">
     <span class='ocr_line' id='line_1_79' title="bbox 2509 3356 4087 3433; baseline -0.003 -22"><span class='ocrx_word' id='word_1_578' title='bbox 2509 3361 2631 3421; x_wconf 87' lang='grc' dir='ltr'>ταῖς</span> <span class='ocrx_word' id='word_1_579' title='bbox 2659 3360 2906 3428; x_wconf 84' lang='grc' dir='ltr'>ἀγοραῖς,</span> <span class='ocrx_word' id='word_1_580' title='bbox 2939 3359 3032 3409; x_wconf 76' lang='grc' dir='ltr'>καὶ</span> <span class='ocrx_word' id='word_1_581' title='bbox 3076 3357 3466 3433; x_wconf 80' lang='grc' dir='ltr'>χλευάζωνται,</span> <span class='ocrx_word' id='word_1_582' title='bbox 3498 3359 3616 3428; x_wconf 68' lang='grc' dir='ltr'>ἢτοι</span> <span class='ocrx_word' id='word_1_583' title='bbox 3657 3358 3943 3426; x_wconf 80' lang='grc' dir='ltr'>ἐπέχονται</span> <span class='ocrx_word' id='word_1_584' title='bbox 3976 3356 4087 3408; x_wconf 77' lang='grc' dir='ltr'>ἀπὸ</span> 
     </span>
    </p>
   </div>
   <div class='ocr_carea' id='block_1_80' title="bbox 2510 3445 4088 3515">
    <p class='ocr_par' dir='ltr' id='par_1_80' title="bbox 2510 3445 4088 3515">
     <span class='ocr_line' id='line_1_80' title="bbox 2510 3445 4088 3515; baseline -0.004 -15"><span class='ocrx_word' id='word_1_585' title='bbox 2510 3446 2620 3500; x_wconf 84' lang='grc' dir='ltr'><strong>τῶν</strong></span> <span class='ocrx_word' id='word_1_586' title='bbox 2664 3445 3055 3508; x_wconf 83' lang='grc' dir='ltr'>ἀπαντώντων,</span> <span class='ocrx_word' id='word_1_587' title='bbox 3108 3446 3462 3498; x_wconf 79' lang='grc' dir='ltr'>ἀποκλείεται</span> <span class='ocrx_word' id='word_1_588' title='bbox 3506 3450 3538 3514; x_wconf 84' lang='grc' dir='ltr'>ἠ</span> <span class='ocrx_word' id='word_1_589' title='bbox 3587 3445 3754 3515; x_wconf 79' lang='grc' dir='ltr'>Θῦρα,</span> <span class='ocrx_word' id='word_1_590' title='bbox 3784 3446 3876 3497; x_wconf 75' lang='grc' dir='ltr'>καὶ</span> <span class='ocrx_word' id='word_1_591' title='bbox 3908 3445 4088 3507; x_wconf 70' lang='grc' dir='ltr'>οὐδεὶς</span> 
     </span>
    </p>
   </div>
   <div class='ocr_carea' id='block_1_81' title="bbox 2512 3538 4088 3608">
    <p class='ocr_par' dir='ltr' id='par_1_81' title="bbox 2512 3538 4088 3608">
     <span class='ocr_line' id='line_1_81' title="bbox 2512 3538 4088 3608; baseline -0.003 -15"><span class='ocrx_word' id='word_1_592' title='bbox 2512 3542 2695 3603; x_wconf 77' lang='grc' dir='ltr'>αὐτοῖς</span> <span class='ocrx_word' id='word_1_593' title='bbox 2757 3540 2991 3607; x_wconf 87' lang='grc' dir='ltr'>ἀνοίγει·</span> <span class='ocrx_word' id='word_1_594' title='bbox 3044 3540 3215 3603; x_wconf 74' lang='grc' dir='ltr'>οὕτως</span> <span class='ocrx_word' id='word_1_595' title='bbox 3266 3543 3357 3591; x_wconf 69' lang='grc' dir='ltr'>καὶ</span> <span class='ocrx_word' id='word_1_596' title='bbox 3400 3540 3448 3591; x_wconf 80' lang='grc' dir='ltr'>οἱ</span> <span class='ocrx_word' id='word_1_597' title='bbox 3493 3538 3627 3608; x_wconf 78' lang='grc' dir='ltr'>πρὸς</span> <span class='ocrx_word' id='word_1_598' title='bbox 3670 3541 3763 3590; x_wconf 76' lang='grc' dir='ltr'>τὸν</span> <span class='ocrx_word' id='word_1_599' title='bbox 3806 3538 4088 3605; x_wconf 80' lang='grc' dir='ltr'>Δεσπότην</span> 
     </span>
    </p>
   </div>
   <div class='ocr_carea' id='block_1_82' title="bbox 2512 3630 4087 3703">
    <p class='ocr_par' dir='ltr' id='par_1_82' title="bbox 2512 3630 4087 3703">
     <span class='ocr_line' id='line_1_82' title="bbox 2512 3630 4087 3703; baseline -0.001 -18"><span class='ocrx_word' id='word_1_600' title='bbox 2512 3632 2669 3703; x_wconf 79' lang='grc' dir='ltr'>ἡμῶν</span> <span class='ocrx_word' id='word_1_601' title='bbox 2701 3632 2933 3703; x_wconf 84' lang='grc' dir='ltr'>Χριστὸν</span> <span class='ocrx_word' id='word_1_602' title='bbox 2954 3632 3042 3684; x_wconf 74' lang='grc' dir='ltr'><strong>τὸν</strong></span> <span class='ocrx_word' id='word_1_603' title='bbox 3068 3630 3241 3693; x_wconf 72' lang='grc' dir='ltr'>ὅντως</span> <span class='ocrx_word' id='word_1_604' title='bbox 3275 3631 3553 3701; x_wconf 77' lang='grc' dir='ltr'>ἀγαπητὸν</span> <span class='ocrx_word' id='word_1_605' title='bbox 3578 3630 3920 3699; x_wconf 82' lang='grc' dir='ltr'>ἐπειγόμενοι</span> <span class='ocrx_word' id='word_1_606' title='bbox 3943 3630 4087 3697; x_wconf 77' lang='grc' dir='ltr'><strong>φθά-</strong></span> 
     </span>
    </p>
   </div>
   <div class='ocr_carea' id='block_1_83' title="bbox 2518 3723 4089 3791">
    <p class='ocr_par' dir='ltr' id='par_1_83' title="bbox 2518 3723 4089 3791">
     <span class='ocr_line' id='line_1_83' title="bbox 2518 3723 4089 3791; baseline -0.004 -11"><span class='ocrx_word' id='word_1_607' title='bbox 2518 3744 2631 3789; x_wconf 89' lang='grc' dir='ltr'>σαι,</span> <span class='ocrx_word' id='word_1_608' title='bbox 2665 3726 2772 3783; x_wconf 86' lang='grc' dir='ltr'><strong>τῶν</strong></span> <span class='ocrx_word' id='word_1_609' title='bbox 2803 3725 2977 3780; x_wconf 83' lang='grc' dir='ltr'>ἀλλων</span> <span class='ocrx_word' id='word_1_610' title='bbox 3013 3725 3265 3777; x_wconf 73' lang='grc' dir='ltr'>ἁπάντων</span> <span class='ocrx_word' id='word_1_611' title='bbox 3292 3723 3563 3789; x_wconf 63' lang='grc' dir='ltr'>ὀφείλουσι</span> <span class='ocrx_word' id='word_1_612' title='bbox 3600 3724 3963 3791; x_wconf 81' lang='grc' dir='ltr'>καταφρονεῖν</span> <span class='ocrx_word' id='word_1_613' title='bbox 3992 3724 4089 3775; x_wconf 74' lang='grc' dir='ltr'>καὶ</span> 
     </span>
    </p>
   </div>
   <div class='ocr_carea' id='block_1_84' title="bbox 2517 3814 4083 3889">
    <p class='ocr_par' dir='ltr' id='par_1_84' title="bbox 2517 3814 4083 3889">
     <span class='ocr_line' id='line_1_84' title="bbox 2517 3814 4083 3889; baseline -0.004 -19"><span class='ocrx_word' id='word_1_614' title='bbox 2517 3819 2814 3889; x_wconf 78' lang='grc' dir='ltr'>ὐπερορᾷν.</span> <span class='ocrx_word' id='word_1_615' title='bbox 2858 3819 2954 3869; x_wconf 79' lang='grc' dir='ltr'><strong>ὐν</strong></span> <span class='ocrx_word' id='word_1_616' title='bbox 2990 3816 3044 3868; x_wconf 83' lang='grc' dir='ltr'>δὲ</span> <span class='ocrx_word' id='word_1_617' title='bbox 3075 3816 3275 3884; x_wconf 86' lang='grc' dir='ltr'>τρόπον</span> <span class='ocrx_word' id='word_1_618' title='bbox 3308 3816 3355 3866; x_wconf 85' lang='grc' dir='ltr'>οἱ</span> <span class='ocrx_word' id='word_1_619' title='bbox 3388 3815 3755 3885; x_wconf 78' lang='grc' dir='ltr'>εἰσερχόμενοι</span> <span class='ocrx_word' id='word_1_620' title='bbox 3788 3816 3868 3876; x_wconf 89' lang='grc' dir='ltr'><strong>είς</strong></span> <span class='ocrx_word' id='word_1_621' title='bbox 3896 3814 3957 3866; x_wconf 83' lang='grc' dir='ltr'>τὸ</span> <span class='ocrx_word' id='word_1_622' title='bbox 3986 3830 4083 3865; x_wconf 80' lang='grc' dir='ltr'><strong>πα-</strong></span> 
     </span>
    </p>
   </div>
   <div class='ocr_carea' id='block_1_85' title="bbox 2516 3905 4089 3984">
    <p class='ocr_par' dir='ltr' id='par_1_85' title="bbox 2516 3905 4089 3984">
     <span class='ocr_line' id='line_1_85' title="bbox 2516 3905 4089 3984; baseline -0.003 -23"><span class='ocrx_word' id='word_1_623' title='bbox 2516 3910 2698 3963; x_wconf 83' lang='grc' dir='ltr'>λάτιον</span> <span class='ocrx_word' id='word_1_624' title='bbox 2725 3908 2860 3978; x_wconf 86' lang='grc' dir='ltr'>πρὸς</span> <span class='ocrx_word' id='word_1_625' title='bbox 2882 3909 2972 3960; x_wconf 83' lang='grc' dir='ltr'>τὸν</span> <span class='ocrx_word' id='word_1_626' title='bbox 2996 3906 3236 3984; x_wconf 78' lang='grc' dir='ltr'>βασιλέα,</span> <span class='ocrx_word' id='word_1_627' title='bbox 3265 3908 3502 3975; x_wconf 80' lang='grc' dir='ltr'>κόμητες</span> <span class='ocrx_word' id='word_1_628' title='bbox 3540 3907 3637 3973; x_wconf 73' lang='grc' dir='ltr'>μὲν</span> <span class='ocrx_word' id='word_1_629' title='bbox 3675 3905 3877 3975; x_wconf 77' lang='grc' dir='ltr'>ὄντεςῆ</span> <span class='ocrx_word' id='word_1_630' title='bbox 3920 3905 4089 3973; x_wconf 81' lang='grc' dir='ltr'>ἔπαρ-</span> 
     </span>
    </p>
   </div>
   <div class='ocr_carea' id='block_1_86' title="bbox 2517 3992 4091 4068">
    <p class='ocr_par' dir='ltr' id='par_1_86' title="bbox 2517 3992 4091 4068">
     <span class='ocr_line' id='line_1_86' title="bbox 2517 3992 4091 4068; baseline -0.003 -19"><span class='ocrx_word' id='word_1_631' title='bbox 2517 4016 2624 4068; x_wconf 83' lang='grc' dir='ltr'>χοι,</span> <span class='ocrx_word' id='word_1_632' title='bbox 2658 3997 2762 4052; x_wconf 78' lang='grc' dir='ltr'><strong>ὑπὸ</strong></span> <span class='ocrx_word' id='word_1_633' title='bbox 2798 3996 2961 4063; x_wconf 78' lang='grc' dir='ltr'>φόϐον</span> <span class='ocrx_word' id='word_1_634' title='bbox 2988 3994 3156 4051; x_wconf 86' lang='grc' dir='ltr'>πολύν</span> <span class='ocrx_word' id='word_1_635' title='bbox 3192 3996 3321 4055; x_wconf 83' lang='grc' dir='ltr'>εἰσι,</span> <span class='ocrx_word' id='word_1_636' title='bbox 3361 3994 3476 4056; x_wconf 65' lang='grc' dir='ltr'><strong>πῶς</strong></span> <span class='ocrx_word' id='word_1_637' title='bbox 3506 3995 3607 4055; x_wconf 72' lang='grc' dir='ltr'>τὰς</span> <span class='ocrx_word' id='word_1_638' title='bbox 3636 3994 3955 4062; x_wconf 77' lang='grc' dir='ltr'>ἀποκρίσεις</span> <span class='ocrx_word' id='word_1_639' title='bbox 3986 3992 4091 4045; x_wconf 83' lang='grc' dir='ltr'><strong>δὼ-</strong></span> 
     </span>
    </p>
   </div>
   <div class='ocr_carea' id='block_1_87' title="bbox 2521 4084 4093 4157">
    <p class='ocr_par' dir='ltr' id='par_1_87' title="bbox 2521 4084 4093 4157">
     <span class='ocr_line' id='line_1_87' title="bbox 2521 4084 4093 4157; baseline -0.004 -15"><span class='ocrx_word' id='word_1_640' title='bbox 2521 4107 2691 4152; x_wconf 88' lang='grc' dir='ltr'>σουσι,</span> <span class='ocrx_word' id='word_1_641' title='bbox 2733 4090 2829 4141; x_wconf 75' lang='grc' dir='ltr'>καὶ</span> <span class='ocrx_word' id='word_1_642' title='bbox 2859 4087 2931 4157; x_wconf 84' lang='grc' dir='ltr'>μὴ</span> <span class='ocrx_word' id='word_1_643' title='bbox 2962 4088 3021 4137; x_wconf 88' lang='grc' dir='ltr'><strong>ἐν</strong></span> <span class='ocrx_word' id='word_1_644' title='bbox 3063 4088 3128 4156; x_wconf 77' lang='grc' dir='ltr'>τῇ</span> <span class='ocrx_word' id='word_1_645' title='bbox 3161 4084 3423 4155; x_wconf 70' lang='grc' dir='ltr'>ἀπολογία</span> <span class='ocrx_word' id='word_1_646' title='bbox 3452 4085 3778 4149; x_wconf 80' lang='grc' dir='ltr'>πταίσαντες</span> <span class='ocrx_word' id='word_1_647' title='bbox 3818 4086 3898 4148; x_wconf 84' lang='grc' dir='ltr'><strong>είς</strong></span> <span class='ocrx_word' id='word_1_648' title='bbox 3929 4084 4093 4152; x_wconf 81' lang='grc' dir='ltr'>λόγον</span> 
     </span>
    </p>
   </div>
   <div class='ocr_carea' id='block_1_88' title="bbox 2518 4176 4093 4248">
    <p class='ocr_par' dir='ltr' id='par_1_88' title="bbox 2518 4176 4093 4248">
     <span class='ocr_line' id='line_1_88' title="bbox 2518 4176 4093 4248; baseline -0.003 -14"><span class='ocrx_word' id='word_1_649' title='bbox 2518 4182 2612 4234; x_wconf 76' lang='grc' dir='ltr'>καὶ</span> <span class='ocrx_word' id='word_1_650' title='bbox 2644 4180 2913 4248; x_wconf 86' lang='grc' dir='ltr'>τιμωρίαν</span> <span class='ocrx_word' id='word_1_651' title='bbox 2937 4177 3313 4247; x_wconf 77' lang='grc' dir='ltr'>ὑποδληθῶσιν</span> <span class='ocrx_word' id='word_1_652' title='bbox 3342 4192 3356 4205; x_wconf 88' lang='grc'>·</span> <span class='ocrx_word' id='word_1_653' title='bbox 3385 4178 3634 4247; x_wconf 77' lang='grc' dir='ltr'>ἄγροικοι</span> <span class='ocrx_word' id='word_1_654' title='bbox 3659 4178 3716 4231; x_wconf 82' lang='grc' dir='ltr'>δὲ</span> <span class='ocrx_word' id='word_1_655' title='bbox 3740 4176 3833 4239; x_wconf 69' lang='grc' dir='ltr'>καὶ</span> <span class='ocrx_word' id='word_1_656' title='bbox 3880 4176 4093 4233; x_wconf 78' lang='grc' dir='ltr'>ἰδιῶται</span> 
     </span>
    </p>
   </div>
   <div class='ocr_carea' id='block_1_89' title="bbox 2518 4267 4092 4341">
    <p class='ocr_par' dir='ltr' id='par_1_89' title="bbox 2518 4267 4092 4341">
     <span class='ocr_line' id='line_1_89' title="bbox 2518 4267 4092 4341; baseline -0.003 -16"><span class='ocrx_word' id='word_1_657' title='bbox 2518 4274 2692 4333; x_wconf 78' lang='grc' dir='ltr'>ὅντες,</span> <span class='ocrx_word' id='word_1_658' title='bbox 2738 4272 2784 4321; x_wconf 76' lang='grc' dir='ltr'>οἱ</span> <span class='ocrx_word' id='word_1_659' title='bbox 2835 4269 3102 4339; x_wconf 81' lang='grc' dir='ltr'>μηδέποτε</span> <span class='ocrx_word' id='word_1_660' title='bbox 3154 4267 3478 4341; x_wconf 83' lang='grc' dir='ltr'>θεασάμενοι</span> <span class='ocrx_word' id='word_1_661' title='bbox 3514 4268 3778 4339; x_wconf 81' lang='grc' dir='ltr'>ἄρχοντα,</span> <span class='ocrx_word' id='word_1_662' title='bbox 3841 4269 3901 4319; x_wconf 81' lang='grc' dir='ltr'><strong>ἐν</strong></span> <span class='ocrx_word' id='word_1_663' title='bbox 3947 4270 4092 4337; x_wconf 84' lang='grc' dir='ltr'>ἀμε-</span> 
     </span>
    </p>
   </div>
   <div class='ocr_carea' id='block_1_90' title="bbox 2524 4352 4094 4430">
    <p class='ocr_par' dir='ltr' id='par_1_90' title="bbox 2524 4352 4094 4430">
     <span class='ocr_line' id='line_1_90' title="bbox 2524 4352 4094 4430; baseline -0.001 -19"><span class='ocrx_word' id='word_1_664' title='bbox 2524 4360 2709 4430; x_wconf 78' lang='grc' dir='ltr'>ριμνία</span> <span class='ocrx_word' id='word_1_665' title='bbox 2739 4358 3017 4425; x_wconf 79' lang='grc' dir='ltr'>διάγουσιν</span> <span class='ocrx_word' id='word_1_666' title='bbox 3037 4373 3051 4388; x_wconf 79' lang='grc' dir='ltr'><strong>ο</strong></span> <span class='ocrx_word' id='word_1_667' title='bbox 3083 4356 3223 4409; x_wconf 74' lang='grc' dir='ltr'>οὕτω</span> <span class='ocrx_word' id='word_1_668' title='bbox 3262 4357 3325 4427; x_wconf 84' lang='grc' dir='ltr'>δὴ</span> <span class='ocrx_word' id='word_1_669' title='bbox 3358 4358 3450 4409; x_wconf 76' lang='grc' dir='ltr'><strong>καὶ</strong></span> <span class='ocrx_word' id='word_1_670' title='bbox 3478 4360 3505 4409; x_wconf 88' lang='grc' dir='ltr'><strong>ό</strong></span> <span class='ocrx_word' id='word_1_671' title='bbox 3532 4358 3733 4426; x_wconf 84' lang='grc' dir='ltr'>κόσμος</span> <span class='ocrx_word' id='word_1_672' title='bbox 3765 4352 3915 4419; x_wconf 77' lang='grc' dir='ltr'>οὗτος</span> <span class='ocrx_word' id='word_1_673' title='bbox 3936 4359 3967 4419; x_wconf 74' lang='grc' dir='ltr'><strong>ό</strong></span> <span class='ocrx_word' id='word_1_674' title='bbox 3986 4358 4094 4410; x_wconf 79' lang='grc' dir='ltr'><strong>ὑπὸ</strong></span> 
     </span>
    </p>
   </div>
   <div class='ocr_carea' id='block_1_91' title="bbox 2520 4449 4093 4521">
    <p class='ocr_par' dir='ltr' id='par_1_91' title="bbox 2520 4449 4093 4521">
     <span class='ocr_line' id='line_1_91' title="bbox 2520 4449 4093 4521; baseline -0.001 -17"><span class='ocrx_word' id='word_1_675' title='bbox 2520 4454 2627 4505; x_wconf 85' lang='grc' dir='ltr'><strong>τῶν</strong></span> <span class='ocrx_word' id='word_1_676' title='bbox 2671 4450 2916 4521; x_wconf 83' lang='grc' dir='ltr'>οὐρανῶν</span> <span class='ocrx_word' id='word_1_677' title='bbox 2961 4450 3067 4502; x_wconf 85' lang='grc' dir='ltr'>ἀπὸ</span> <span class='ocrx_word' id='word_1_678' title='bbox 3100 4449 3361 4520; x_wconf 78' lang='grc' dir='ltr'>βασιλέων</span> <span class='ocrx_word' id='word_1_679' title='bbox 3405 4449 3507 4511; x_wconf 76' lang='grc' dir='ltr'>ἕως</span> <span class='ocrx_word' id='word_1_680' title='bbox 3558 4449 3807 4520; x_wconf 83' lang='grc' dir='ltr'>πτωχῶν.</span> <span class='ocrx_word' id='word_1_681' title='bbox 3847 4449 3959 4518; x_wconf 84' lang='grc' dir='ltr'>Τὴν</span> <span class='ocrx_word' id='word_1_682' title='bbox 3992 4449 4093 4503; x_wconf 90' lang='grc' dir='ltr'><strong>τοῦ</strong></span> 
     </span>
    </p>
   </div>
   <div class='ocr_carea' id='block_1_92' title="bbox 850 4538 2541 4614">
    <p class='ocr_par' dir='ltr' id='par_1_92' title="bbox 850 4541 2541 4614">
     <span class='ocr_line' id='line_1_92' title="bbox 850 4541 2541 4614; baseline 0.001 -18"><span class='ocrx_word' id='word_1_683' title='bbox 850 4543 1230 4596; x_wconf 70' lang='lat' dir='ltr'><strong>saecularium:</strong></span> <span class='ocrx_word' id='word_1_684' title='bbox 1258 4558 1359 4596; x_wconf 87' lang='lat' dir='ltr'><strong>nec</strong></span> <span class='ocrx_word' id='word_1_685' title='bbox 1385 4546 1494 4596; x_wconf 91' lang='lat' dir='ltr'><strong>cito</strong></span> <span class='ocrx_word' id='word_1_686' title='bbox 1526 4545 1651 4613; x_wconf 87' lang='lat' dir='ltr'><strong>quis</strong></span> <span class='ocrx_word' id='word_1_687' title='bbox 1672 4544 1991 4598; x_wconf 86' lang='lat' dir='ltr'><strong>recordatur</strong></span> <span class='ocrx_word' id='word_1_688' title='bbox 2009 4544 2177 4597; x_wconf 91' lang='lat' dir='ltr'><strong>divini</strong></span> <span class='ocrx_word' id='word_1_689' title='bbox 2198 4544 2415 4614; x_wconf 90' lang='lat' dir='ltr'><strong>judicii.</strong></span> <span class='ocrx_word' id='word_1_690' title='bbox 2451 4541 2493 4595; x_wconf 86' lang='grc' dir='ltr'>ι)</span> <span class='ocrx_word' id='word_1_691' title='bbox 2522 4544 2541 4597; x_wconf 77' lang='lat' dir='ltr'>J</span> 
     </span>
    </p>
   </div>
   <div class='ocr_carea' id='block_1_93' title="bbox 2404 4538 4095 4614">
    <p class='ocr_par' dir='ltr' id='par_1_93' title="bbox 2404 4538 4095 4613">
     <span class='ocr_line' id='line_1_93' title="bbox 2404 4538 4095 4613; baseline -0.003 -17"><span class='ocrx_word' id='word_1_692' title='bbox 2404 4581 2415 4596; x_wconf 92' lang='lat'><strong>.</strong></span> <span class='ocrx_word' id='word_1_693' title='bbox 2451 4541 2493 4595; x_wconf 86' lang='grc' dir='ltr'>ι)</span> <span class='ocrx_word' id='word_1_694' title='bbox 2522 4542 2757 4613; x_wconf 79' lang='grc' dir='ltr'>Χριστοῦ</span> <span class='ocrx_word' id='word_1_695' title='bbox 2788 4541 2944 4604; x_wconf 82' lang='grc' dir='ltr'>δόξαν</span> <span class='ocrx_word' id='word_1_696' title='bbox 2964 4540 3304 4607; x_wconf 85' lang='grc' dir='ltr'>ἀγνοοῦντες,</span> <span class='ocrx_word' id='word_1_697' title='bbox 3332 4539 3429 4609; x_wconf 81' lang='grc' dir='ltr'>τὴν</span> <span class='ocrx_word' id='word_1_698' title='bbox 3454 4539 3719 4612; x_wconf 83' lang='grc' dir='ltr'>μέριμναν</span> <span class='ocrx_word' id='word_1_699' title='bbox 3748 4538 3929 4609; x_wconf 76' lang='grc' dir='ltr'>ἔχουσι</span> <span class='ocrx_word' id='word_1_700' title='bbox 3960 4543 4095 4608; x_wconf 74' lang='grc' dir='ltr'>περὶ</span> 
     </span>
    </p>
   </div>
   <div class='ocr_carea' id='block_1_94' title="bbox 850 4633 2416 4704">
    <p class='ocr_par' dir='ltr' id='par_1_94' title="bbox 850 4633 2416 4704">
     <span class='ocr_line' id='line_1_94' title="bbox 850 4633 2416 4704; baseline 0.002 -18"><span class='ocrx_word' id='word_1_701' title='bbox 850 4633 954 4697; x_wconf 80' lang='lat' dir='ltr'><strong>Qui</strong></span> <span class='ocrx_word' id='word_1_702' title='bbox 984 4649 1115 4687; x_wconf 91' lang='lat' dir='ltr'><strong>vero</strong></span> <span class='ocrx_word' id='word_1_703' title='bbox 1151 4634 1577 4704; x_wconf 84' lang='lat' dir='ltr'><strong>cogitationibus</strong></span> <span class='ocrx_word' id='word_1_704' title='bbox 1619 4636 1686 4689; x_wconf 88' lang='lat' dir='ltr'><strong>ad</strong></span> <span class='ocrx_word' id='word_1_705' title='bbox 1718 4637 1957 4690; x_wconf 87' lang='lat' dir='ltr'><strong>tribunal</strong></span> <span class='ocrx_word' id='word_1_706' title='bbox 1985 4636 2191 4691; x_wconf 88' lang='lat' dir='ltr'><strong>Christi</strong></span> <span class='ocrx_word' id='word_1_707' title='bbox 2222 4652 2416 4691; x_wconf 85' lang='lat' dir='ltr'><strong>ascen-</strong></span> 
     </span>
    </p>
   </div>
   <div class='ocr_carea' id='block_1_95' title="bbox 853 4723 2418 4798">
    <p class='ocr_par' dir='ltr' id='par_1_95' title="bbox 853 4723 2418 4798">
     <span class='ocr_line' id='line_1_95' title="bbox 853 4723 2418 4798; baseline 0.005 -23"><span class='ocrx_word' id='word_1_708' title='bbox 853 4723 1013 4784; x_wconf 88' lang='lat' dir='ltr'><strong>dunt,</strong></span> <span class='ocrx_word' id='word_1_709' title='bbox 1060 4723 1154 4777; x_wconf 91' lang='lat' dir='ltr'><strong>ubi</strong></span> <span class='ocrx_word' id='word_1_710' title='bbox 1202 4734 1285 4779; x_wconf 88' lang='lat' dir='ltr'><strong>est</strong></span> <span class='ocrx_word' id='word_1_711' title='bbox 1319 4725 1551 4780; x_wconf 88' lang='lat' dir='ltr'><strong>thronus</strong></span> <span class='ocrx_word' id='word_1_712' title='bbox 1578 4728 1718 4797; x_wconf 88' lang='lat' dir='ltr'><strong>ejus,</strong></span> <span class='ocrx_word' id='word_1_713' title='bbox 1767 4728 1899 4782; x_wconf 90' lang='lat' dir='ltr'><strong>etin</strong></span> <span class='ocrx_word' id='word_1_714' title='bbox 1952 4730 2071 4798; x_wconf 88' lang='lat' dir='ltr'><strong>ejus</strong></span> <span class='ocrx_word' id='word_1_715' title='bbox 2120 4737 2418 4798; x_wconf 87' lang='lat' dir='ltr'><strong>conspectu</strong></span> 
     </span>
    </p>
   </div>
   <div class='ocr_carea' id='block_1_96' title="bbox 853 4824 2421 4887">
    <p class='ocr_par' dir='ltr' id='par_1_96' title="bbox 853 4824 2421 4887">
     <span class='ocr_line' id='line_1_96' title="bbox 853 4824 2421 4887; baseline 0.005 -18"><span class='ocrx_word' id='word_1_716' title='bbox 853 4824 1121 4884; x_wconf 82' lang='lat' dir='ltr'><strong>perpetuo</strong></span> <span class='ocrx_word' id='word_1_717' title='bbox 1188 4826 1337 4883; x_wconf 87' lang='lat' dir='ltr'><strong>sunt,</strong></span> <span class='ocrx_word' id='word_1_718' title='bbox 1391 4834 1609 4887; x_wconf 88' lang='lat' dir='ltr'><strong>semper</strong></span> <span class='ocrx_word' id='word_1_719' title='bbox 1653 4830 1905 4874; x_wconf 89' lang='lat' dir='ltr'><strong>metuunt</strong></span> <span class='ocrx_word' id='word_1_720' title='bbox 1936 4837 1999 4883; x_wconf 83' lang='lat' dir='ltr'><strong>ac</strong></span> <span class='ocrx_word' id='word_1_721' title='bbox 2050 4831 2313 4887; x_wconf 69' lang='grc' dir='ltr'>ιτειηυηι,</span> <span class='ocrx_word' id='word_1_722' title='bbox 2352 4837 2421 4877; x_wconf 80' lang='lat' dir='ltr'><strong>ne</strong></span> 
     </span>
    </p>
   </div>
   <div class='ocr_carea' id='block_1_97' title="bbox 853 4908 2312 4990">
    <p class='ocr_par' dir='ltr' id='par_1_97' title="bbox 853 4908 2312 4990">
     <span class='ocr_line' id='line_1_97' title="bbox 853 4908 2312 4990; baseline 0.007 -30"><span class='ocrx_word' id='word_1_723' title='bbox 853 4908 1051 4976; x_wconf 89' lang='lat' dir='ltr'><strong>quovis</strong></span> <span class='ocrx_word' id='word_1_724' title='bbox 1078 4919 1243 4978; x_wconf 87' lang='lat' dir='ltr'><strong>pacto</strong></span> <span class='ocrx_word' id='word_1_725' title='bbox 1271 4909 1526 4965; x_wconf 71' lang='lat' dir='ltr'><strong>aberrent</strong></span> <span class='ocrx_word' id='word_1_726' title='bbox 1564 4927 1593 4968; x_wconf 90' lang='lat' dir='ltr'><strong>a</strong></span> <span class='ocrx_word' id='word_1_727' title='bbox 1635 4913 1838 4971; x_wconf 83' lang='lat' dir='ltr'><strong>sanctis</strong></span> <span class='ocrx_word' id='word_1_728' title='bbox 1862 4914 1983 4983; x_wconf 80' lang='lat' dir='ltr'><strong>ejus</strong></span> <span class='ocrx_word' id='word_1_729' title='bbox 2006 4913 2312 4990; x_wconf 57' lang='lat' dir='ltr'><strong>praeceptis.</strong></span> 
     </span>
    </p>
   </div>
   <div class='ocr_carea' id='block_1_98' title="bbox 928 5170 2422 5243">
    <p class='ocr_par' dir='ltr' id='par_1_98' title="bbox 928 5170 2422 5243">
     <span class='ocr_line' id='line_1_98' title="bbox 928 5170 2422 5243; baseline 0.007 -20"><span class='ocrx_word' id='word_1_730' title='bbox 928 5170 1043 5225; x_wconf 75' lang='lat' dir='ltr'><strong>XX.</strong></span> <span class='ocrx_word' id='word_1_731' title='bbox 1076 5171 1143 5227; x_wconf 86' lang='lat' dir='ltr'><strong>Et</strong></span> <span class='ocrx_word' id='word_1_732' title='bbox 1171 5173 1633 5241; x_wconf 84' lang='lat' dir='ltr'><strong>quemadmodum</strong></span> <span class='ocrx_word' id='word_1_733' title='bbox 1678 5176 1877 5230; x_wconf 81' lang='lat' dir='ltr'><strong>divites</strong></span> <span class='ocrx_word' id='word_1_734' title='bbox 1917 5178 1971 5230; x_wconf 91' lang='lat' dir='ltr'><strong>in</strong></span> <span class='ocrx_word' id='word_1_735' title='bbox 2025 5187 2194 5243; x_wconf 91' lang='lat' dir='ltr'><strong>terra,</strong></span> <span class='ocrx_word' id='word_1_736' title='bbox 2246 5178 2422 5233; x_wconf 91' lang='lat' dir='ltr'><strong>sicubi</strong></span> 
     </span>
    </p>
   </div>
   <div class='ocr_carea' id='block_1_99' title="bbox 858 5263 2424 5338">
    <p class='ocr_par' dir='ltr' id='par_1_99' title="bbox 858 5263 2424 5338">
     <span class='ocr_line' id='line_1_99' title="bbox 858 5263 2424 5338; baseline 0.007 -24"><span class='ocrx_word' id='word_1_737' title='bbox 858 5263 1063 5319; x_wconf 89' lang='lat' dir='ltr'><strong>multos</strong></span> <span class='ocrx_word' id='word_1_738' title='bbox 1108 5264 1325 5319; x_wconf 78' lang='lat' dir='ltr'><strong>fructus</strong></span> <span class='ocrx_word' id='word_1_739' title='bbox 1374 5267 1430 5321; x_wconf 90' lang='lat' dir='ltr'><strong>in</strong></span> <span class='ocrx_word' id='word_1_740' title='bbox 1486 5266 1689 5322; x_wconf 88' lang='lat' dir='ltr'><strong>horreo</strong></span> <span class='ocrx_word' id='word_1_741' title='bbox 1718 5283 1821 5321; x_wconf 91' lang='lat' dir='ltr'><strong>suo</strong></span> <span class='ocrx_word' id='word_1_742' title='bbox 1846 5269 2215 5338; x_wconf 84' lang='lat' dir='ltr'><strong>reposuerint,</strong></span> <span class='ocrx_word' id='word_1_743' title='bbox 2242 5270 2424 5325; x_wconf 90' lang='lat' dir='ltr'><strong>denuo</strong></span> 
     </span>
    </p>
   </div>
   <div class='ocr_carea' id='block_1_100' title="bbox 856 5357 2425 5429">
    <p class='ocr_par' dir='ltr' id='par_1_100' title="bbox 856 5357 2425 5429">
     <span class='ocr_line' id='line_1_100' title="bbox 856 5357 2425 5429; baseline 0.005 -22"><span class='ocrx_word' id='word_1_744' title='bbox 856 5357 1117 5425; x_wconf 84' lang='lat' dir='ltr'><strong>majorem</strong></span> <span class='ocrx_word' id='word_1_745' title='bbox 1148 5357 1399 5412; x_wconf 85' lang='lat' dir='ltr'><strong>laborem</strong></span> <span class='ocrx_word' id='word_1_746' title='bbox 1424 5360 1655 5429; x_wconf 86' lang='lat' dir='ltr'><strong>singulis</strong></span> <span class='ocrx_word' id='word_1_747' title='bbox 1675 5360 1871 5415; x_wconf 89' lang='lat' dir='ltr'><strong>diebus</strong></span> <span class='ocrx_word' id='word_1_748' title='bbox 1905 5372 2151 5425; x_wconf 90' lang='lat' dir='ltr'><strong>sumunt,</strong></span> <span class='ocrx_word' id='word_1_749' title='bbox 2184 5371 2244 5415; x_wconf 88' lang='lat' dir='ltr'><strong>ut</strong></span> <span class='ocrx_word' id='word_1_750' title='bbox 2271 5362 2425 5416; x_wconf 90' lang='lat' dir='ltr'><strong>locu-</strong></span> 
     </span>
    </p>
   </div>
   <div class='ocr_carea' id='block_1_101' title="bbox 858 5448 2424 5523">
    <p class='ocr_par' dir='ltr' id='par_1_101' title="bbox 858 5448 2424 5523">
     <span class='ocr_line' id='line_1_101' title="bbox 858 5448 2424 5523; baseline 0.004 -23"><span class='ocrx_word' id='word_1_751' title='bbox 858 5448 1120 5516; x_wconf 86' lang='lat' dir='ltr'><strong>pletiores</strong></span> <span class='ocrx_word' id='word_1_752' title='bbox 1147 5449 1277 5515; x_wconf 88' lang='lat' dir='ltr'><strong>sint,</strong></span> <span class='ocrx_word' id='word_1_753' title='bbox 1313 5459 1369 5504; x_wconf 92' lang='lat' dir='ltr'><strong>et</strong></span> <span class='ocrx_word' id='word_1_754' title='bbox 1416 5467 1525 5505; x_wconf 89' lang='lat' dir='ltr'><strong>non</strong></span> <span class='ocrx_word' id='word_1_755' title='bbox 1556 5451 1854 5507; x_wconf 79' lang='lat' dir='ltr'><strong>deﬁciant:</strong></span> <span class='ocrx_word' id='word_1_756' title='bbox 1908 5452 1952 5507; x_wconf 89' lang='lat' dir='ltr'><strong>si</strong></span> <span class='ocrx_word' id='word_1_757' title='bbox 1982 5469 2112 5507; x_wconf 85' lang='lat' dir='ltr'><strong>vero</strong></span> <span class='ocrx_word' id='word_1_758' title='bbox 2138 5454 2337 5523; x_wconf 86' lang='lat' dir='ltr'><strong>opibus</strong></span> <span class='ocrx_word' id='word_1_759' title='bbox 2369 5454 2424 5507; x_wconf 92' lang='lat' dir='ltr'><strong>in</strong></span> 
     </span>
    </p>
   </div>
   <div class='ocr_carea' id='block_1_102' title="bbox 859 5540 2423 5617">
    <p class='ocr_par' dir='ltr' id='par_1_102' title="bbox 859 5540 2423 5617">
     <span class='ocr_line' id='line_1_102' title="bbox 859 5540 2423 5617; baseline 0.005 -24"><span class='ocrx_word' id='word_1_760' title='bbox 859 5540 1059 5602; x_wconf 80' lang='lat' dir='ltr'><strong>horreo</strong></span> <span class='ocrx_word' id='word_1_761' title='bbox 1102 5542 1404 5597; x_wconf 88' lang='lat' dir='ltr'><strong>reconditis</strong></span> <span class='ocrx_word' id='word_1_762' title='bbox 1452 5542 1601 5608; x_wconf 82' lang='lat' dir='ltr'><strong>freti,</strong></span> <span class='ocrx_word' id='word_1_763' title='bbox 1651 5545 1786 5600; x_wconf 91' lang='lat' dir='ltr'><strong>alias</strong></span> <span class='ocrx_word' id='word_1_764' title='bbox 1818 5545 2075 5614; x_wconf 85' lang='lat' dir='ltr'><strong>colligere</strong></span> <span class='ocrx_word' id='word_1_765' title='bbox 2112 5548 2423 5617; x_wconf 78' lang='lat' dir='ltr'><strong>negligant,</strong></span> 
     </span>
    </p>
   </div>
   <div class='ocr_carea' id='block_1_103' title="bbox 860 5636 2427 5705">
    <p class='ocr_par' dir='ltr' id='par_1_103' title="bbox 860 5636 2427 5705">
     <span class='ocr_line' id='line_1_103' title="bbox 860 5636 2427 5705; baseline 0.003 -17"><span class='ocrx_word' id='word_1_766' title='bbox 860 5648 945 5696; x_wconf 86' lang='lat' dir='ltr'><strong>ac,</strong></span> <span class='ocrx_word' id='word_1_767' title='bbox 979 5648 1100 5701; x_wconf 64' lang='lat' dir='ltr'><strong>qua</strong></span> <span class='ocrx_word' id='word_1_768' title='bbox 1159 5636 1398 5703; x_wconf 85' lang='lat' dir='ltr'><strong>reposita</strong></span> <span class='ocrx_word' id='word_1_769' title='bbox 1437 5646 1615 5700; x_wconf 85' lang='lat' dir='ltr'><strong>erant,</strong></span> <span class='ocrx_word' id='word_1_770' title='bbox 1664 5648 2012 5705; x_wconf 85' lang='lat' dir='ltr'><strong>consumant,</strong></span> <span class='ocrx_word' id='word_1_771' title='bbox 2060 5640 2325 5694; x_wconf 90' lang='lat' dir='ltr'><strong>continuo</strong></span> <span class='ocrx_word' id='word_1_772' title='bbox 2371 5640 2427 5693; x_wconf 93' lang='lat' dir='ltr'><strong>in</strong></span> 
     </span>
    </p>
   </div>
   <div class='ocr_carea' id='block_1_104' title="bbox 862 5728 2429 5801">
    <p class='ocr_par' dir='ltr' id='par_1_104' title="bbox 862 5728 2429 5801">
     <span class='ocr_line' id='line_1_104' title="bbox 862 5728 2429 5801; baseline 0.006 -26"><span class='ocrx_word' id='word_1_773' title='bbox 862 5733 1236 5794; x_wconf 86' lang='lat' dir='ltr'><strong>paupertatem</strong></span> <span class='ocrx_word' id='word_1_774' title='bbox 1270 5736 1327 5780; x_wconf 85' lang='lat' dir='ltr'><strong>et</strong></span> <span class='ocrx_word' id='word_1_775' title='bbox 1357 5728 1593 5797; x_wconf 91' lang='lat' dir='ltr'><strong>inopiam</strong></span> <span class='ocrx_word' id='word_1_776' title='bbox 1623 5728 1893 5783; x_wconf 89' lang='lat' dir='ltr'><strong>incidunt.</strong></span> <span class='ocrx_word' id='word_1_777' title='bbox 1923 5729 2221 5799; x_wconf 88' lang='lat' dir='ltr'><strong>Propterea</strong></span> <span class='ocrx_word' id='word_1_778' title='bbox 2252 5732 2429 5801; x_wconf 51' lang='lat' dir='ltr'><strong>percic</strong></span> 
     </span>
    </p>
   </div>
   <div class='ocr_carea' id='block_1_105' title="bbox 865 5817 2427 5895">
    <p class='ocr_par' dir='ltr' id='par_1_105' title="bbox 865 5817 2427 5895">
     <span class='ocr_line' id='line_1_105' title="bbox 865 5817 2427 5895; baseline 0.006 -25"><span class='ocrx_word' id='word_1_779' title='bbox 865 5817 1076 5895; x_wconf 75' lang='lat' dir='ltr'><strong>pientes</strong></span> <span class='ocrx_word' id='word_1_780' title='bbox 1123 5834 1187 5873; x_wconf 90' lang='lat' dir='ltr'><strong>ac</strong></span> <span class='ocrx_word' id='word_1_781' title='bbox 1222 5818 1521 5875; x_wconf 78' lang='lat' dir='ltr'><strong>inferentes</strong></span> <span class='ocrx_word' id='word_1_782' title='bbox 1564 5821 1775 5875; x_wconf 78' lang='lat' dir='ltr'><strong>fruetus</strong></span> <span class='ocrx_word' id='word_1_783' title='bbox 1809 5821 2012 5877; x_wconf 89' lang='lat' dir='ltr'><strong>debent</strong></span> <span class='ocrx_word' id='word_1_784' title='bbox 2061 5838 2281 5893; x_wconf 82' lang='lat' dir='ltr'><strong>Operam</strong></span> <span class='ocrx_word' id='word_1_785' title='bbox 2329 5841 2427 5879; x_wconf 87' lang='lat' dir='ltr'><strong>na-</strong></span> 
     </span>
    </p>
   </div>
   <div class='ocr_carea' id='block_1_106' title="bbox 2518 4630 4096 4704">
    <p class='ocr_par' dir='ltr' id='par_1_106' title="bbox 2518 4630 4096 4704">
     <span class='ocr_line' id='line_1_106' title="bbox 2518 4630 4096 4704; baseline -0.004 -16"><span class='ocrx_word' id='word_1_786' title='bbox 2518 4634 2627 4688; x_wconf 83' lang='grc' dir='ltr'><strong>τῶν</strong></span> <span class='ocrx_word' id='word_1_787' title='bbox 2658 4632 2926 4703; x_wconf 85' lang='grc' dir='ltr'>βιωτικῶν</span> <span class='ocrx_word' id='word_1_788' title='bbox 2960 4632 3329 4699; x_wconf 73' lang='grc' dir='ltr'><strong>’πραγμάτων⁸</strong></span> <span class='ocrx_word' id='word_1_789' title='bbox 3360 4632 3420 4683; x_wconf 77' lang='grc' dir='ltr'>οὐ</span> <span class='ocrx_word' id='word_1_790' title='bbox 3454 4631 3661 4704; x_wconf 85' lang='grc' dir='ltr'>ταχέως</span> <span class='ocrx_word' id='word_1_791' title='bbox 3683 4630 3739 4683; x_wconf 79' lang='grc' dir='ltr'>δέ</span> <span class='ocrx_word' id='word_1_792' title='bbox 3764 4647 3847 4692; x_wconf 89' lang='grc' dir='ltr'><strong>τις</strong></span> <span class='ocrx_word' id='word_1_793' title='bbox 3883 4630 4096 4701; x_wconf 75' lang='grc' dir='ltr'>μέμνη-</span> 
     </span>
    </p>
   </div>
   <div class='ocr_carea' id='block_1_107' title="bbox 2517 4721 4097 4797">
    <p class='ocr_par' dir='ltr' id='par_1_107' title="bbox 2517 4721 4097 4797">
     <span class='ocr_line' id='line_1_107' title="bbox 2517 4721 4097 4797; baseline -0.004 -17"><span class='ocrx_word' id='word_1_794' title='bbox 2517 4743 2609 4781; x_wconf 86' lang='grc' dir='ltr'><strong>ται</strong></span> <span class='ocrx_word' id='word_1_795' title='bbox 2636 4727 2736 4797; x_wconf 80' lang='grc' dir='ltr'>τῆς</span> <span class='ocrx_word' id='word_1_796' title='bbox 2762 4725 2976 4796; x_wconf 74' lang='grc' dir='ltr'>ἡμέρας</span> <span class='ocrx_word' id='word_1_797' title='bbox 3004 4728 3103 4793; x_wconf 77' lang='grc' dir='ltr'>τῆς</span> <span class='ocrx_word' id='word_1_798' title='bbox 3142 4724 3395 4793; x_wconf 84' lang='grc' dir='ltr'>κρίσεως.</span> <span class='ocrx_word' id='word_1_799' title='bbox 3430 4724 3493 4775; x_wconf 87' lang='lat' dir='ltr'><strong>Ul</strong></span> <span class='ocrx_word' id='word_1_800' title='bbox 3530 4723 3585 4775; x_wconf 85' lang='grc' dir='ltr'><strong>δέ</strong></span> <span class='ocrx_word' id='word_1_801' title='bbox 3616 4722 3989 4794; x_wconf 80' lang='grc' dir='ltr'>εἰσερχόμενοι</span> <span class='ocrx_word' id='word_1_802' title='bbox 4016 4721 4097 4791; x_wconf 82' lang='grc' dir='ltr'>τῷ</span> 
     </span>
    </p>
   </div>
   <div class='ocr_carea' id='block_1_108' title="bbox 2520 4812 4095 4888">
    <p class='ocr_par' dir='ltr' id='par_1_108' title="bbox 2520 4812 4095 4888">
     <span class='ocr_line' id='line_1_108' title="bbox 2520 4812 4095 4888; baseline -0.004 -19"><span class='ocrx_word' id='word_1_803' title='bbox 2520 4815 2767 4888; x_wconf 88' lang='grc' dir='ltr'>λογισμῷ</span> <span class='ocrx_word' id='word_1_804' title='bbox 2794 4816 2885 4877; x_wconf 77' lang='grc' dir='ltr'>εἰς’</span> <span class='ocrx_word' id='word_1_805' title='bbox 2903 4815 2963 4866; x_wconf 85' lang='grc' dir='ltr'>τὸ</span> <span class='ocrx_word' id='word_1_806' title='bbox 2994 4813 3146 4883; x_wconf 79' lang='grc' dir='ltr'>βῆμα</span> <span class='ocrx_word' id='word_1_807' title='bbox 3165 4814 3257 4865; x_wconf 90' lang='grc' dir='ltr'><strong>τοῦ</strong></span> <span class='ocrx_word' id='word_1_808' title='bbox 3287 4812 3544 4883; x_wconf 79' lang='grc' dir='ltr'>Χριστοῦ,</span> <span class='ocrx_word' id='word_1_809' title='bbox 3567 4813 3699 4869; x_wconf 86' lang='grc' dir='ltr'>ὅπου</span> <span class='ocrx_word' id='word_1_810' title='bbox 3724 4812 3872 4864; x_wconf 78' lang='grc' dir='ltr'>ἐστὶν</span> <span class='ocrx_word' id='word_1_811' title='bbox 3903 4814 3932 4864; x_wconf 89' lang='grc' dir='ltr'><strong>ό</strong></span> <span class='ocrx_word' id='word_1_812' title='bbox 3964 4813 4095 4882; x_wconf 83' lang='grc' dir='ltr'>Θρό-</span> 
     </span>
    </p>
   </div>
   <div class='ocr_carea' id='block_1_109' title="bbox 2520 4900 4095 4969">
    <p class='ocr_par' dir='ltr' id='par_1_109' title="bbox 2520 4900 4095 4969">
     <span class='ocr_line' id='line_1_109' title="bbox 2520 4900 4095 4969; baseline -0.005 -9"><span class='ocrx_word' id='word_1_813' title='bbox 2520 4923 2610 4969; x_wconf 92' lang='grc' dir='ltr'><strong>νος</strong></span> <span class='ocrx_word' id='word_1_814' title='bbox 2660 4903 2846 4966; x_wconf 84' lang='grc' dir='ltr'>αὑτοῦ,</span> <span class='ocrx_word' id='word_1_815' title='bbox 2888 4904 2982 4957; x_wconf 74' lang='grc' dir='ltr'><strong>καὶ</strong></span> <span class='ocrx_word' id='word_1_816' title='bbox 3014 4904 3297 4956; x_wconf 84' lang='grc' dir='ltr'>κατέναντι</span> <span class='ocrx_word' id='word_1_817' title='bbox 3338 4902 3505 4954; x_wconf 77' lang='grc' dir='ltr'>αὐτοῦ</span> <span class='ocrx_word' id='word_1_818' title='bbox 3551 4900 3641 4954; x_wconf 84' lang='grc' dir='ltr'><strong>διὰ</strong></span> <span class='ocrx_word' id='word_1_819' title='bbox 3677 4901 3880 4963; x_wconf 74' lang='grc' dir='ltr'>παντὸς</span> <span class='ocrx_word' id='word_1_820' title='bbox 3909 4901 4095 4964; x_wconf 73' lang='grc' dir='ltr'>ὄντες,</span> 
     </span>
    </p>
   </div>
   <div class='ocr_carea' id='block_1_110' title="bbox 2524 4993 4097 5067">
    <p class='ocr_par' dir='ltr' id='par_1_110' title="bbox 2524 4993 4097 5067">
     <span class='ocr_line' id='line_1_110' title="bbox 2524 4993 4097 5067; baseline -0.004 -16"><span class='ocrx_word' id='word_1_821' title='bbox 2524 4999 2629 5051; x_wconf 77' lang='grc' dir='ltr'><strong>ὑπὸ</strong></span> <span class='ocrx_word' id='word_1_822' title='bbox 2650 4997 2813 5067; x_wconf 73' lang='grc' dir='ltr'>φόϐον</span> <span class='ocrx_word' id='word_1_823' title='bbox 2855 4996 2949 5049; x_wconf 76' lang='grc' dir='ltr'>καὶ</span> <span class='ocrx_word' id='word_1_824' title='bbox 2979 4996 3179 5067; x_wconf 87' lang='grc' dir='ltr'>τρόμον</span> <span class='ocrx_word' id='word_1_825' title='bbox 3210 4995 3346 5047; x_wconf 77' lang='grc' dir='ltr'>εἰσὶν</span> <span class='ocrx_word' id='word_1_826' title='bbox 3382 4996 3492 5061; x_wconf 79' lang='grc' dir='ltr'>ἀεὶ,</span> <span class='ocrx_word' id='word_1_827' title='bbox 3514 4993 3608 5051; x_wconf 83' lang='grc' dir='ltr'><strong>τοῦ</strong></span> <span class='ocrx_word' id='word_1_828' title='bbox 3638 4994 3713 5066; x_wconf 83' lang='grc' dir='ltr'>μή</span> <span class='ocrx_word' id='word_1_829' title='bbox 3742 5011 3794 5047; x_wconf 89' lang='grc' dir='ltr'><strong>τι</strong></span> <span class='ocrx_word' id='word_1_830' title='bbox 3822 4993 4097 5062; x_wconf 62' lang='grc' dir='ltr'>σφαλῆναι</span> 
     </span>
    </p>
   </div>
   <div class='ocr_carea' id='block_1_111' title="bbox 2522 5087 3419 5161">
    <p class='ocr_par' dir='ltr' id='par_1_111' title="bbox 2522 5087 3419 5161">
     <span class='ocr_line' id='line_1_111' title="bbox 2522 5087 3419 5161; baseline -0.003 -17"><span class='ocrx_word' id='word_1_831' title='bbox 2522 5091 2650 5161; x_wconf 67' lang='grc' dir='ltr'>περὶ</span> <span class='ocrx_word' id='word_1_832' title='bbox 2674 5090 2770 5152; x_wconf 89' lang='grc' dir='ltr'><strong>τάς</strong></span> <span class='ocrx_word' id='word_1_833' title='bbox 2800 5089 2957 5157; x_wconf 84' lang='grc' dir='ltr'>ἀγίας</span> <span class='ocrx_word' id='word_1_834' title='bbox 2988 5087 3153 5141; x_wconf 86' lang='grc' dir='ltr'>αὐτοῦ</span> <span class='ocrx_word' id='word_1_835' title='bbox 3182 5088 3419 5150; x_wconf 83' lang='grc' dir='ltr'>ἐντολάς.</span> 
     </span>
    </p>
   </div>
   <div class='ocr_carea' id='block_1_112' title="bbox 2596 5176 4097 5252">
    <p class='ocr_par' dir='ltr' id='par_1_112' title="bbox 2596 5176 4097 5252">
     <span class='ocr_line' id='line_1_112' title="bbox 2596 5176 4097 5252; baseline -0.005 -15"><span class='ocrx_word' id='word_1_836' title='bbox 2596 5185 2682 5237; x_wconf 80' lang='lat' dir='ltr'><strong>K&#39;.</strong></span> <span class='ocrx_word' id='word_1_837' title='bbox 2722 5184 2831 5236; x_wconf 72' lang='grc' dir='ltr'><strong>Καὶ</strong></span> <span class='ocrx_word' id='word_1_838' title='bbox 2854 5182 3040 5252; x_wconf 86' lang='grc' dir='ltr'>ὥσπερ</span> <span class='ocrx_word' id='word_1_839' title='bbox 3070 5182 3119 5233; x_wconf 80' lang='lat' dir='ltr'><strong>oi</strong></span> <span class='ocrx_word' id='word_1_840' title='bbox 3148 5181 3391 5233; x_wconf 78' lang='grc' dir='ltr'>πλούσιοι</span> <span class='ocrx_word' id='word_1_841' title='bbox 3425 5181 3524 5249; x_wconf 85' lang='grc' dir='ltr'>τῆς</span> <span class='ocrx_word' id='word_1_842' title='bbox 3554 5180 3676 5249; x_wconf 86' lang='grc' dir='ltr'>γῆς,</span> <span class='ocrx_word' id='word_1_843' title='bbox 3709 5178 3836 5231; x_wconf 79' lang='grc' dir='ltr'>ὃταν</span> <span class='ocrx_word' id='word_1_844' title='bbox 3859 5176 4097 5241; x_wconf 71' lang='grc' dir='ltr'>πολλοὺς</span> 
     </span>
    </p>
   </div>
   <div class='ocr_carea' id='block_1_113' title="bbox 2525 5270 4100 5343">
    <p class='ocr_par' dir='ltr' id='par_1_113' title="bbox 2525 5270 4100 5343">
     <span class='ocr_line' id='line_1_113' title="bbox 2525 5270 4100 5343; baseline -0.001 -18"><span class='ocrx_word' id='word_1_845' title='bbox 2525 5274 2771 5343; x_wconf 74' lang='grc' dir='ltr'>καρποὺς</span> <span class='ocrx_word' id='word_1_846' title='bbox 2802 5272 3184 5339; x_wconf 72' lang='grc' dir='ltr'>εἰσενέγκωσιν</span> <span class='ocrx_word' id='word_1_847' title='bbox 3213 5274 3290 5334; x_wconf 79' lang='grc' dir='ltr'><strong>είς</strong></span> <span class='ocrx_word' id='word_1_848' title='bbox 3321 5271 3420 5334; x_wconf 81' lang='grc' dir='ltr'>τὰς</span> <span class='ocrx_word' id='word_1_849' title='bbox 3445 5271 3728 5341; x_wconf 84' lang='grc' dir='ltr'>ἀποθήκας</span> <span class='ocrx_word' id='word_1_850' title='bbox 3754 5270 3957 5335; x_wconf 78' lang='grc' dir='ltr'>αὐτῶν,</span> <span class='ocrx_word' id='word_1_851' title='bbox 3995 5270 4100 5323; x_wconf 81' lang='grc' dir='ltr'>πά-</span> 
     </span>
    </p>
   </div>
   <div class='ocr_carea' id='block_1_114' title="bbox 2525 5362 4097 5434">
    <p class='ocr_par' dir='ltr' id='par_1_114' title="bbox 2525 5362 4097 5434">
     <span class='ocr_line' id='line_1_114' title="bbox 2525 5362 4097 5434; baseline -0.001 -17"><span class='ocrx_word' id='word_1_852' title='bbox 2525 5366 2608 5418; x_wconf 88' lang='grc' dir='ltr'><strong>λιν</strong></span> <span class='ocrx_word' id='word_1_853' title='bbox 2637 5364 2956 5434; x_wconf 85' lang='grc' dir='ltr'>ἐργάζονται</span> <span class='ocrx_word' id='word_1_854' title='bbox 2988 5363 3108 5416; x_wconf 84' lang='grc' dir='ltr'>καθ’</span> <span class='ocrx_word' id='word_1_855' title='bbox 3156 5365 3391 5433; x_wconf 80' lang='grc' dir='ltr'>ἑκάστην</span> <span class='ocrx_word' id='word_1_856' title='bbox 3415 5363 3627 5434; x_wconf 75' lang='grc' dir='ltr'>ἡμέραν</span> <span class='ocrx_word' id='word_1_857' title='bbox 3652 5362 3855 5426; x_wconf 76' lang='grc' dir='ltr'>πλεῖον,</span> <span class='ocrx_word' id='word_1_858' title='bbox 3890 5363 3979 5414; x_wconf 80' lang='grc' dir='ltr'>ἵνα</span> <span class='ocrx_word' id='word_1_859' title='bbox 4006 5362 4097 5415; x_wconf 84' lang='grc' dir='ltr'><strong>εὑ-</strong></span> 
     </span>
    </p>
   </div>
   <div class='ocr_carea' id='block_1_115' title="bbox 2530 5453 4101 5528">
    <p class='ocr_par' dir='ltr' id='par_1_115' title="bbox 2530 5453 4101 5528">
     <span class='ocr_line' id='line_1_115' title="bbox 2530 5453 4101 5528; baseline -0.004 -17"><span class='ocrx_word' id='word_1_860' title='bbox 2530 5458 2739 5528; x_wconf 84' lang='grc' dir='ltr'>πορῶσι</span> <span class='ocrx_word' id='word_1_861' title='bbox 2784 5456 2876 5509; x_wconf 76' lang='grc' dir='ltr'><strong>καὶ</strong></span> <span class='ocrx_word' id='word_1_862' title='bbox 2916 5454 2995 5525; x_wconf 76' lang='grc' dir='ltr'>μὴ</span> <span class='ocrx_word' id='word_1_863' title='bbox 3035 5455 3410 5510; x_wconf 86' lang='grc' dir='ltr'>ἐλλείπωνται.</span> <span class='ocrx_word' id='word_1_864' title='bbox 3462 5457 3523 5508; x_wconf 85' lang='grc' dir='ltr'>Εἰ</span> <span class='ocrx_word' id='word_1_865' title='bbox 3552 5455 3609 5507; x_wconf 77' lang='grc' dir='ltr'><strong>δέ</strong></span> <span class='ocrx_word' id='word_1_866' title='bbox 3648 5453 3984 5525; x_wconf 69' lang='grc' dir='ltr'>θαρρήσουσι</span> <span class='ocrx_word' id='word_1_867' title='bbox 4023 5453 4101 5522; x_wconf 82' lang='grc' dir='ltr'>τῷ</span> 
     </span>
    </p>
   </div>
   <div class='ocr_carea' id='block_1_116' title="bbox 2531 5544 4101 5620">
    <p class='ocr_par' dir='ltr' id='par_1_116' title="bbox 2531 5544 4101 5620">
     <span class='ocr_line' id='line_1_116' title="bbox 2531 5544 4101 5620; baseline -0.005 -17"><span class='ocrx_word' id='word_1_868' title='bbox 2531 5548 2935 5620; x_wconf 77' lang='grc' dir='ltr'>ἐναποκειμένῳ</span> <span class='ocrx_word' id='word_1_869' title='bbox 2969 5550 3089 5610; x_wconf 87' lang='grc' dir='ltr'>ταῖς</span> <span class='ocrx_word' id='word_1_870' title='bbox 3136 5546 3442 5616; x_wconf 81' lang='grc' dir='ltr'>ἀποθήκαις</span> <span class='ocrx_word' id='word_1_871' title='bbox 3472 5544 3716 5615; x_wconf 71' lang='grc' dir='ltr'>πλούτῳ,</span> <span class='ocrx_word' id='word_1_872' title='bbox 3762 5545 3856 5598; x_wconf 73' lang='grc' dir='ltr'><strong>καὶ</strong></span> <span class='ocrx_word' id='word_1_873' title='bbox 3888 5544 4101 5615; x_wconf 79' lang='grc' dir='ltr'>ἀμελή-</span> 
     </span>
    </p>
   </div>
   <div class='ocr_carea' id='block_1_117' title="bbox 2534 5633 4104 5709">
    <p class='ocr_par' dir='ltr' id='par_1_117' title="bbox 2534 5633 4104 5709">
     <span class='ocr_line' id='line_1_117' title="bbox 2534 5633 4104 5709; baseline -0.006 -16"><span class='ocrx_word' id='word_1_874' title='bbox 2534 5658 2685 5693; x_wconf 89' lang='grc' dir='ltr'>σουσι</span> <span class='ocrx_word' id='word_1_875' title='bbox 2717 5640 2791 5709; x_wconf 82' lang='grc' dir='ltr'>μὴ</span> <span class='ocrx_word' id='word_1_876' title='bbox 2820 5638 3236 5705; x_wconf 85' lang='grc' dir='ltr'>ἐπισυνάγοντες</span> <span class='ocrx_word' id='word_1_877' title='bbox 3270 5637 3475 5707; x_wconf 72' lang='grc' dir='ltr'>ἕτερον,</span> <span class='ocrx_word' id='word_1_878' title='bbox 3502 5634 3640 5689; x_wconf 79' lang='grc' dir='ltr'>ἀλλὰ</span> <span class='ocrx_word' id='word_1_879' title='bbox 3662 5633 4104 5687; x_wconf 82' lang='grc' dir='ltr'>καταναλίσκον-</span> 
     </span>
    </p>
   </div>
   <div class='ocr_carea' id='block_1_118' title="bbox 2530 5724 4104 5798">
    <p class='ocr_par' dir='ltr' id='par_1_118' title="bbox 2530 5724 4104 5798">
     <span class='ocr_line' id='line_1_118' title="bbox 2530 5724 4104 5798; baseline -0.008 -12"><span class='ocrx_word' id='word_1_880' title='bbox 2530 5750 2620 5795; x_wconf 83' lang='grc' dir='ltr'><strong>τες</strong></span> <span class='ocrx_word' id='word_1_881' title='bbox 2652 5730 2720 5783; x_wconf 88' lang='grc' dir='ltr'><strong>τά</strong></span> <span class='ocrx_word' id='word_1_882' title='bbox 2750 5730 3109 5797; x_wconf 79' lang='grc' dir='ltr'>ἀποκείμενα,</span> <span class='ocrx_word' id='word_1_883' title='bbox 3135 5729 3338 5798; x_wconf 82' lang='grc' dir='ltr'>ταχέως</span> <span class='ocrx_word' id='word_1_884' title='bbox 3378 5729 3454 5790; x_wconf 88' lang='grc' dir='ltr'><strong>είς</strong></span> <span class='ocrx_word' id='word_1_885' title='bbox 3488 5726 3676 5779; x_wconf 85' lang='grc' dir='ltr'>πενίαν</span> <span class='ocrx_word' id='word_1_886' title='bbox 3708 5727 3800 5777; x_wconf 82' lang='grc' dir='ltr'><strong>καὶ</strong></span> <span class='ocrx_word' id='word_1_887' title='bbox 3825 5724 4104 5793; x_wconf 83' lang='grc' dir='ltr'>πτωχείαν</span> 
     </span>
    </p>
   </div>
   <div class='ocr_carea' id='block_1_119' title="bbox 2536 5816 4106 5894">
    <p class='ocr_par' dir='ltr' id='par_1_119' title="bbox 2536 5816 4106 5894">
     <span class='ocr_line' id='line_1_119' title="bbox 2536 5816 4106 5894; baseline -0.002 -18"><span class='ocrx_word' id='word_1_888' title='bbox 2536 5823 2923 5894; x_wconf 81' lang='grc' dir='ltr'>ἐμπίπτουσιν.</span> <span class='ocrx_word' id='word_1_889' title='bbox 2958 5821 3123 5875; x_wconf 81' lang='grc' dir='ltr'>Ὅθεν</span> <span class='ocrx_word' id='word_1_890' title='bbox 3166 5820 3613 5892; x_wconf 75' lang='grc' dir='ltr'>προσοδευόμενοι</span> <span class='ocrx_word' id='word_1_891' title='bbox 3637 5816 3731 5873; x_wconf 68' lang='grc' dir='ltr'>καὶ</span> <span class='ocrx_word' id='word_1_892' title='bbox 3756 5816 4106 5887; x_wconf 58' lang='grc' dir='ltr'>εὶσφέρονῖᾷς</span> 
     </span>
    </p>
   </div>
  </div>
