4282 6364
268 301 375 367 $89

1466 312 1840 382 HOMILIIE.
1871 342 1944 355 —
1971 318 2160 383 HOM.
2199 320 2321 384 XV.

3424 324 3526 389 590

263 421 546 491 ὀρείλουσι
588 420 819 492 κ’ἀμνειν
845 424 938 477 καὶ
981 425 1355 497 ἐπισυνάγειν,
1385 428 1473 484 ἵνα
1514 431 1589 501 μὴ
1616 431 1847 504 ύστερη-
1877 436 1924 495 Α
1950 447 1954 456 '

1835 462 1847 475 -
1877 436 1924 495 Α
1950 447 2103 498 vare,
2134 433 2245 505 58
2280 442 2337 488 et
2380 449 2606 490 acervos
2650 438 3025 505 accumulare,
3078 453 3150 494 ne
3185 444 3526 511 paupertatis

266 516 457 569 θῶσιν.
494 516 679 579 Οὕτως
711 519 863 571 ἐστὶν
901 520 959 573 ἐν
991 518 1069 590 τῷ
1114 522 1527 594 Χριστιανισμῷ
1554 525 1619 579 τὸ
1646 525 1849 595 γεύσα-

266 608 395 659 σθαί
433 627 553 661 τινα
604 610 704 678 τῆς
751 609 972 679 χάριτος
1018 611 1112 664 τοῦ
1144 611 1280 665 Θεοῦ
1305 630 1321 645 ·
1356 614 1677 670 Γεύσασθε
1713 616 1844 686 γὰρ,

266 700 435 769 φησὶ,
464 702 562 753 καὶ
585 701 742 755 ἴδετε
766 701 856 755 ὅτι
886 704 1156 771 χρηστὸς
1184 707 1218 758 d
1249 706 1485 774 Κύριος.
1527 708 1683 761 Ἐστι
1715 708 1772 761 δέ
1811 710 1845 779 ἡ

267 790 459 858 γεῦσις
512 791 653 862 αῦτη
719 793 1042 865 ἐνεργητικὴ
1105 795 1163 849 ἐν
1210 797 1555 868 πληροφορίᾳ
1612 796 1846 867 δύναμις

266 884 589 954 Πνεύματος
636 886 960 940 διακονοῦσα
1008 890 1067 941 ἐν
1114 888 1335 960 καρδίᾳ.
1382 890 1539 943 Ὅσοι
1579 889 1688 959 γάρ
1739 890 1844 944 uio!

262 980 372 1029 εἱσι
413 978 509 1030 τοῦ
552 980 759 1048 φωτὸς,
798 982 1020 1052 καὶτῆς
1063 983 1337 1045 διακονίας
1367 983 1464 1054 τῆς
1504 984 1698 1052 καινῆς
1725 983 1843 1037 δια-

262 1072 444 1141 θήκης
478 1073 537 1123 ἐν
573 1071 651 1140 τῷ
680 1072 960 1142 Πνεύματι
983 1074 1061 1143 τῷ
1089 1074 1244 1145 άγίῳ,
1278 1069 1423 1129 οὗτοι
1453 1078 1603 1146 παρὰ
1636 1075 1844 1146 ἀνθρὼ-

266 1181 387 1215 πων
418 1163 569 1216 ούδὲν
604 1167 967 1233 μανθάνουσι·
1000 1165 1330 1221 θεοδίδακτοι
1358 1170 1466 1240 γάρ
1502 1171 1657 1222 είσιν.
1693 1170 1841 1242 Αὐτὴ

264 1258 377 1324 γὰρ
431 1258 464 1323 ἡ
524 1257 682 1326 χάρις
750 1260 1043 1327 ἐπιγράφει
1099 1261 1157 1312 ἐν
1188 1262 1310 1322 ταῖς
1366 1260 1617 1331 καρδίαις
1663 1261 1843 1314 αὐτῶν

263 1349 393 1409 τοὺς
428 1347 627 1417 νόμους
652 1349 746 1401 τοῦ
786 1350 1118 1421 ιΙνεύματος.
1149 1351 1262 1405 Ούκ
1292 1352 1598 1420 ὀφείλουσιν
1637 1351 1728 1405 οῦν
1763 1355 1844 1417 είς

262 1439 363 1501 τὰς
404 1440 445 1491 Γ
452 1440 630 1510 ραφὰς
688 1443 847 1509 μόνον
889 1443 988 1503 τὰς
1033 1442 1123 1495 διὰ
1177 1442 1408 1511 μέλανος
1452 1444 1844 1513 γεγραμμένας

263 1531 755 1602 πληροφορεῑσθαι,
797 1533 935 1585 ἀλλὰ
963 1536 1056 1585 καὶ
1082 1536 1161 1596 είς
1198 1533 1295 1595 τάς
1332 1533 1544 1597 πλάκας
1576 1537 1673 1605 τῆς
1704 1553 1843 1607 καρ-

260 1624 383 1692 δίᾳς
434 1627 466 1694 ὴ
522 1625 682 1695 χάρις
711 1624 807 1677 τοῦ
838 1624 975 1678 Θεοῦ
1014 1625 1284 1695 ἐγγράφει
1330 1626 1457 1687 τοὺς
1500 1626 1700 1695 νόμους
1745 1625 1842 1679 τοῦ

1943 525 2078 596 jugo
2122 537 2463 596 premantur.
2497 527 2617 583 Hoc
2658 530 2822 585 modo
2854 530 2998 586 inter
3022 530 3367 587 Christianos
3394 548 3523 589 con-

1948 618 2128 688 tingit,
2164 627 2226 672 ut
2250 620 2375 688 quis
2402 620 2655 695 degustet
2678 622 2905 691 gratiam
2932 623 3025 676 Dei
3050 639 3065 679 :
3096 622 3319 679 Gustata
3348 627 3518 683 enim.

1948 712 2148 782 inquit,
2175 719 2224 764 et
2261 713 2425 766 videte
2454 714 2703 783 quoniam
2744 715 2918 769 suavis
2940 724 3016 768 est
3043 716 3299 770 Dominus
3331 718 3400 770 δ’.
3423 718 3516 772 Est

1946 819 2129 865 autem
2160 809 2397 880 gustatio
2441 810 2556 864 haec
2587 810 2764 863 virtus
2808 810 3049 881 Spiritus
3091 812 3143 865 in
3175 812 3521 883 plenitudine

1947 902 2072 958 ﬁdei
2109 918 2364 973 operans,
2408 918 2529 971 quae
2576 903 2631 957 in
2683 903 2849 958 corde
2883 904 3187 958 ministrat.
3240 906 3522 975 Quotquot

1944 994 2094 1049 enim
2130 993 2226 1047 ﬁlii
2268 1002 2395 1047 sunt
2418 994 2579 1057 lucis.
2611 1002 2668 1047 et
2709 993 3001 1047 ministerii
3045 994 3173 1048 novi
3208 994 3519 1049 testamenti

1945 1103 2042 1157 per
2079 1086 2344 1157 Spiritum
2396 1095 2664 1150 sanctum,
2699 1086 2755 1141 hi
2796 1087 2862 1142 ab
2909 1088 3227 1143 hominibus
3270 1089 3409 1143 nihil
3438 1089 3522 1144 di-

1945 1192 2146 1236 scunt:
2190 1181 2368 1235 edocti
2421 1180 2571 1235 enim
2611 1197 2640 1235 a
2685 1182 2795 1236 Deo
2838 1192 2989 1236 sunt.
3019 1182 3138 1250 Ipsa
3176 1182 3319 1237 enim
3344 1184 3519 1253 gratia

1946 1272 2201 1327 inscribit
2243 1272 2298 1325 in
2337 1273 2597 1327 cordibus
2637 1273 2859 1327 illorum
2890 1274 3040 1344 leges
3074 1256 3336 1344 Spiritus.
3395 1276 3518 1331 Non

1945 1367 2113 1437 igitur
2146 1364 2348 1421 debent
2395 1366 2450 1420 in
2500 1365 2822 1435 Scripturis,
2869 1373 3177 1421 atramento
3218 1367 3393 1422 solum
3425 1368 3519 1422 de-

1945 1456 2183 1527 scriptis,
2203 1457 2419 1526 plenam
2446 1457 2656 1510 ﬁduciaa
2679 1472 2829 1525 spem
2862 1472 3103 1525 ponere;
3134 1475 3326 1513 verum
3352 1461 3516 1514 etiam

1946 1550 2003 1603 in
2046 1549 2247 1603 tabulis
2283 1548 2467 1603 cordis
2500 1550 2673 1619 gratia
2702 1548 2888 1602 divina
2940 1549 3196 1603 inscribit
3221 1550 3370 1620 leges
3396 1551 3511 1620 Spio

1944 1637 2085 1692 ritus
2126 1646 2184 1692 et
2215 1636 2455 1691 caelestia
2495 1636 2771 1707 mysteria.
2804 1636 2913 1690 Cor
2940 1638 3087 1691 enim
3113 1636 3299 1707 dirigit
3330 1654 3391 1692 ac
3414 1654 3512 1708 gu-

262 1718 605 1785 Πνεύματος,
657 1718 751 1771 καὶ
805 1719 875 1772 τά
928 1720 1224 1789 ἐπουράνια
1281 1720 1585 1789 μυστήρια·
1648 1720 1682 1789 ἠ
1729 1718 1839 1791 γὰρ
1876 1731 1953 1800 n1

1825 1736 1916 1800 in
1947 1731 2144 1785 bernat
2193 1730 2451 1784 universa
2505 1729 2756 1799 corporis
2799 1745 3022 1799 organa.
3078 1732 3155 1785 Ac
3211 1731 3255 1784 si
3314 1746 3516 1800 pascua

262 1812 467 1882 καρδία
499 1811 822 1882 ἡγεμονεύει
865 1813 960 1865 καὶ
994 1812 1266 1882 βασιλεύει
1312 1812 1434 1865 ὅλου
1464 1811 1557 1864 τοῦ
1589 1828 1836 1882 σωματι-

263 1905 363 1956 κοῦ
386 1904 644 1974 ὀργάνου.
676 1906 785 1957 Καὶ
812 1904 951 1959 ἐπὰν
983 1904 1233 1976 κατάσχῃ
1260 1905 1357 1966 τὰς
1381 1907 1552 1977 νομάς
1575 1907 1675 1975 τῆς
1705 1922 1843 1976 καρα-

259 1998 379 2061 δίας
414 1999 446 2068 ή
489 1998 669 2068 χάρις,
705 1998 979 2067 βασιλεύει
1024 1999 1162 2052 ὅλων
1205 1999 1315 2051 τῶν
1362 1999 1562 2070 μελῶν,
1595 2003 1690 2053 καὶ
1733 2001 1842 2053 τῶν

261 2091 542 2159 λογισμῶν
563 2108 577 2122 ·
630 2093 749 2145 ἐκεῖ
782 2092 890 2160 γάρ
923 2093 1071 2145 ἐστιν
1115 2093 1143 2145 ὀ
1174 2093 1317 2156 νοῦς,
1360 2094 1453 2146 καὶ
1480 2092 1591 2146 ὅλοι
1620 2096 1668 2147 οἱ
1692 2093 1840 2163 λογι-

262 2185 395 2253 σμοὶ
440 2184 542 2253 τῆς
590 2184 767 2255 ψυχῆς
804 2186 899 2238 καὶ
954 2188 987 2255 ή
1023 2186 1322 2257 προσδοκία
1376 2189 1567 2259 αὐτῆς.
1619 2186 1710 2241 Διδ
1747 2188 1841 2242 καὶ

259 2277 535 2346 διέρχεται
567 2278 599 2345 ἡ
629 2278 789 2347 χάρις
817 2278 897 2341 είς
927 2278 1025 2330 ὅλα
1054 2279 1122 2330 τά
1158 2279 1296 2349 μέλη
1326 2280 1420 2332 τοῦ
1458 2280 1730 2353 σώματος,

340 2369 471 2424 KA'.
506 2370 693 2433 Οῦτως
720 2370 883 2423 πάλιν
908 2371 1022 2423 ὅσοι
1049 2370 1189 2424 είσὶν
1219 2372 1327 2424 υἱοὶ
1353 2373 1444 2426 τοῦ
1475 2376 1718 2439 σκότους,
1748 2376 1843 2446 βα-

264 2462 469 2515 σιλεύει
519 2462 617 2533 τῆς
660 2463 887 2533 καρδίας
935 2466 968 2532 ἠ
996 2464 1263 2535 άμαρτία,
1313 2467 1408 2518 καὶ
1445 2466 1717 2537 διέρχεται
1761 2470 1841 2531 είς

262 2557 364 2609 ὅλα
412 2555 482 2609 τά
532 2557 697 2627 μέρη.
741 2558 842 2610 Ἐκ
890 2558 1002 2626 γὰρ
1049 2559 1161 2626 τῆς
1195 2559 1445 2626 καρδίας
1493 2560 1841 2630 ἐξέρχονται

262 2649 643 2718 διαλογισμοὶ
667 2649 947 2718 πονηροί·
982 2649 1077 2703 καὶ
1107 2648 1279 2716 οὕτως
1312 2652 1690 2723 ύπεκχεομένη
1720 2671 1844 2706 σκο-

260 2742 403 2805 τίζει
429 2742 519 2793 τὸν
540 2742 846 2810 ἄνθρωπον.
871 2743 934 2796 Οἱ
960 2742 1016 2795 δὲ
1049 2742 1123 2813 μὴ
1150 2742 1398 2811 λέγοντες
1426 2740 1564 2797 εἶναι
1590 2746 1651 2798 τὸ
1673 2747 1841 2799 κακὸν

264 2833 588 2905 σύντροφον,
623 2835 717 2887 καὶ
750 2835 1076 2899 συναυξάνον
1115 2835 1192 2907 τῷ
1232 2836 1533 2907 ἀνθρώπῳ,
1570 2839 1709 2907 μήτε
1741 2858 1839 2908 με-

265 2930 574 2997 ριμνήσωσι
617 2928 748 2999 περὶ
798 2928 897 2997 τῆς
949 2926 1159 2999 αῦριον,
1220 2930 1360 2999 μήτε
1419 2930 1837 3003 ἐπιθυμήσωσι·

262 3020 444 3092 καιρῷ
473 3022 582 3092 γάρ
616 3038 722 3073 τινι
753 3021 1030 3074 ἐπαύσατο
1055 3024 1113 3073 ὲν
1136 3022 1320 3084 αὐτοῖς
1349 3023 1602 3092 ἐνοχλοῦν
1628 3025 1688 3075 τὸ
1736 3042 1840 3077 κα-

1945 1826 2128 1881 cordis
2154 1825 2326 1896 gratia
2355 1824 2677 1887 obtinuerit,
2712 1824 3026 1878 dominatur
3064 1824 3322 1878 omnibus
3347 1840 3517 1879 mem-

1944 1920 2059 1974 bris
2087 1934 2152 1974 ac
2197 1917 2644 1985 cogitationibus.
2682 1914 2799 1970 lllic
2829 1916 2977 1971 enim
3018 1932 3175 1970 mens
3231 1917 3425 1979 haeret,
3458 1925 3515 1971 et

1942 2026 2135 2067 omnes
2189 2010 2552 2081 cogitationes
2600 2010 2796 2063 animae
2850 2010 3077 2079 ejusque
3114 2007 3334 2063 ﬁducia.
3365 2008 3511 2075 Qua-

1941 2114 2167 2177 propter
2196 2110 2454 2174 penetrat
2481 2102 2646 2157 etiam
2687 2101 2859 2172 gratia
2899 2102 2953 2155 in
2984 2101 3238 2156 universa
3266 2102 3515 2172 corporis

1946 2200 2214 2253 membra.

2013 2375 2155 2431 XXI.
2195 2377 2287 2431 Sic
2307 2392 2337 2431 e
2364 2375 2642 2431 contrario
2667 2382 2937 2444 quotquot
2962 2382 3091 2428 sunt
3124 2372 3221 2426 ﬁlii
3257 2372 3512 2427 tenebra-

1945 2484 2089 2531 rum,
2117 2483 2310 2521 eorum
2358 2466 2510 2520 cordi
2556 2466 2791 2535 imperat
2834 2476 3141 2534 peccatum,
3174 2479 3237 2518 ac
3266 2473 3513 2533 penetrat

1942 2560 2126 2615 omnia
2154 2558 2434 2612 membra:
2470 2558 2553 2610 Ea:
2583 2558 2737 2611 corde
2766 2557 2904 2610 enim
2946 2563 3135 2610 exeunt
3178 2558 3515 2626 cogitationes

1944 2652 2207 2706 malm“:
2252 2658 2309 2705 et
2360 2650 2433 2704 ita
2470 2649 2732 2703 diffusum
2791 2650 3035 2706 tenebris
3075 2648 3312 2703 oﬂ‘undit
3339 2648 3517 2701 homi-

1943 2760 2089 2797 nem.
2118 2742 2221 2808 Qui
2275 2758 2408 2797 vero
2450 2751 2724 2805 asserunt,
2761 2740 2957 2794 vitium
3002 2754 3348 2809 nequaquam
3388 2755 3515 2793 cum

1943 2837 2165 2890 homine
2202 2836 2375 2891 foveri
2430 2843 2487 2889 et
2531 2850 2805 2899 crescere,
2855 2833 2932 2887 illi
2967 2849 3149 2902 neque
3175 2834 3241 2887 de
3273 2834 3514 2887 crastino

1943 2927 2161 2982 solliciti
2200 2935 2348 2990 sunt,
2382 2942 2485 2981 nec
2522 2925 2967 2994 concupiscentia
3006 2925 3308 2979 ducuntur.
3349 2924 3515 2978 Certo

1942 3020 2089 3072 enim
2112 3029 2357 3088 tempore
2386 3019 2620 3072 cessavit
2644 3018 2765 3071 illos
2787 3017 3034 3071 molestia
3053 3016 3266 3071 allicere
3296 3016 3511 3079 vitium,

262 3112 381 3174 κὸν,
414 3111 535 3164 τινὰ
564 3111 861 3181 ἐπιθυμίαν
901 3112 1202 3165 ιἰποδάλλον
1224 3128 1239 3141 ·
1285 3112 1424 3166 ὥστε
1457 3115 1513 3166 ἐν
1543 3115 1691 3184 ὅρκῳ
1718 3116 1834 3168 δια-
1862 3116 1906 3177 C
1941 3127 1953 3163 ‹

1821 3147 1834 3155 -
1862 3116 1906 3177 C
1941 3110 2230 3180 quamdam
2287 3110 2791 3180 concupiscentiam
2821 3108 3183 3179 suggerendo.
3217 3116 3277 3161 ut
3311 3108 3512 3177 jureju-

260 3202 617 3256 δεδαιοῦσθαι
647 3202 738 3254 τὶν
778 3201 1086 3271 ἄνθρωπον,
1126 3202 1207 3254 ὅτι
1235 3201 1433 3254 Οὐκέτι
1481 3203 1838 3256 ἐπανίσταται

265 3313 358 3365 μοι
387 3296 446 3347 τὸ
470 3294 711 3347 τοιοῦτον
747 3293 917 3354 πάθος
944 3309 960 3324 ·
994 3295 1090 3346 καὶ
1126 3295 1241 3363 μετ’
1267 3294 1445 3362 ὀλίγον
1488 3295 1677 3365 καιρὸν
1708 3314 1838 3348 κατ-

259 3384 403 3454 εκάη
433 3388 499 3456 τῇ
549 3383 847 3455 ἐπιθυμίᾳ,
892 3382 1030 3437 ὥστε
1063 3383 1352 3455 εὑρεθῆναι
1380 3385 1540 3437 αὐτὸν
1569 3385 1705 3454 πρὸς
1747 3387 1841 3440 ἐπὶ

260 3479 475 3540 τούτοις
518 3480 611 3529 καὶ
657 3477 936 3546 ἐπίορκον.
981 3477 1193 3546 Ὥσπερ
1224 3477 1333 3548 γὰρ
1364 3476 1430 3530 δι’
1461 3477 1651 3545 ὀχετοῦ
1689 3479 1838 3547 διέρ-

260 3588 421 3641 χεται
469 3570 632 3641 ὕδωρ,
665 3569 837 3632 οῦτως
879 3571 973 3623 καὶ
995 3570 1081 3623 διὰ
1120 3572 1208 3639 τῆς
1245 3572 1470 3642 καρδίας
1499 3573 1589 3625 καὶ
1618 3573 1725 3625 τῶν
1752 3574 1840 3626 λο-

262 3663 482 3731 γισμῶν
517 3666 547 3731 ἡ
578 3664 855 3732 ἁμαρτία·
894 3664 1049 3714 Ὅσοι
1090 3662 1147 3715 δέ
1190 3662 1349 3715 τοῦτο
1377 3664 1708 3735 ἀναιροῦσιν,
1747 3665 1838 3717 ὑπ’

260 3753 437 3821 αὐτῆς
463 3754 561 3821 τῆς
588 3754 861 3823 ἁμαρτίας
883 3752 1181 3823 μελλούσης
1207 3754 1658 3826 θριαμϐεύεσθαι,
1684 3758 1839 3826 ἐλέγ-

262 3862 450 3915 χονται
504 3846 600 3897 καὶ
645 3845 1022 3914 χλευάζονται.
1062 3847 1360 3910 Σπουδάζει
1406 3848 1513 3917 γὰρ
1565 3850 1625 3902 τὸ
1670 3851 1840 3903 κακὸν

260 3936 549 3989 λανθάνειν
609 3938 703 3990 καὶ
749 3938 1090 4008 κρύπτεσθαι
1142 3941 1201 3993 ἐν
1239 3942 1306 4012 τῇ
1340 3940 1550 4013 διανοίᾳ
1605 3942 1701 3996 τοῦ
1746 3946 1840 3998 άν-

258 4029 508 4097 θρώπου.

336 4123 467 4176 ΚΒ’.
507 4122 570 4174 Εἰ
602 4116 695 4176 οῦν
716 4123 909 4195 ἀγαπᾷ
952 4142 1039 4188 τις
1070 4125 1161 4179 τὸν
1190 4126 1344 4191 Θεὸν,
1380 4130 1472 4181 καὶ
1515 4129 1676 4193 αὐτὸς
1709 4148 1841 4200 συγ-

256 4215 427 4284 κρινᾷ
484 4215 657 4285 τούτῳ
686 4215 784 4287 τὴν
827 4217 1020 4270 ἐαυτοῦ
1076 4220 1334 4289 ἀγάπην·
1395 4222 1708 4286 πιστευθεὶς
1784 4225 1840 4277 δέ

261 4307 412 4373 ἅπαξ
464 4307 555 4359 ὑπ’
604 4308 793 4373 αὐτοῦ,
840 4309 1124 4380 προστιθεῖ
1157 4311 1342 4381 τούτῳ
1374 4311 1475 4382 τὴν
1518 4316 1840 4385 ἐπουράνιον

260 4400 467 4465 πίστιν,
502 4401 593 4452 καὶ
621 4399 853 4469 γίγνεται
884 4401 1103 4465 διπλοῦς
1134 4404 1163 4455 ὀ
1191 4402 1494 4474 ἅνθρωπος.
1530 4406 1718 4470 Ὅπως
1746 4408 1837 4461 οῦν

259 4494 327 4544 ἐκ
351 4492 458 4544 τῶν
486 4492 663 4562 μελῶν
690 4510 783 4547 σου
814 4494 1127 4567 προσφέρῃς
1150 4496 1319 4565 αὐτῷ,
1343 4495 1437 4549 κα)⁸
1461 4496 1621 4561 αὐτὸς
1646 4501 1709 4551 ἐκ
1728 4499 1836 4551 τῶν

263 4586 414 4640 ἰδίων
460 4587 620 4655 ὅμοια
675 4586 853 4652 μελῶν
900 4590 1167 4659 συγκιρνᾷ
1219 4592 1285 4658 τῇ
1315 4589 1461 4660 ψυχῇ
1496 4608 1588 4643 σου
1610 4631 1624 4652 ,
1657 4591 1743 4644 ἵνα
1772 4589 1837 4664 ᾖς

259 4682 440 4730 πάντα
480 4676 738 4746 καθαρῶς
768 4676 954 4743 ποιῶν,
996 4678 1089 4730 καὶ
1127 4678 1374 4745 ἀγαπῶν,
1412 4680 1505 4732 καὶ
1537 4682 1835 4751 προσευχό-

263 4786 456 4840 μενος·
511 4769 749 4840 μεγάλου
784 4769 894 4841 γὰρ
926 4770 1236 4840 ἀξιώματός
1282 4772 1427 4825 ἐστιν
1462 4773 1491 4824 ὀ
1516 4772 1835 4844 ἄνθρωπος·

260 4864 338 4915 ἴδε
383 4862 549 4926 πόσος
594 4863 741 4915 ἐστὶν
776 4864 805 4915 ὅ
833 4863 1061 4933 οὐρανὸς
1101 4865 1193 4915 καὶ
1221 4864 1253 4934 ή
1286 4863 1392 4934 γῆ,
1433 4865 1460 4916 ὁ
1489 4864 1641 4934 ἥλιος
1673 4866 1765 4918 καὶ
1802 4868 1834 4935 ἡ

257 4953 485 5021 σελήνη,
529 4952 623 5005 καὶ
670 4953 771 5004 ούκ
815 4952 1109 5022 εὐδόκησεν
1158 4955 1215 5005 ἐν
1245 4955 1430 5017 αὐτοῖς
1468 4956 1495 5007 ὀ
1526 4955 1748 5025 Κύριος,
1790 4957 1837 5012 εἰ

259 5046 337 5114 μὴ
373 5047 430 5096 ἐν
466 5044 544 5114 τῷ
584 5043 859 5115 ἀνθρώπῳ
892 5046 1071 5115 μόνῳ,
1126 5045 1593 5101 ἐπαναπαύεσθαι.
1628 5049 1841 5118 Τιμιώ-

255 5154 419 5208 τερος
454 5135 548 5191 οὖν
573 5140 721 5191 ἐστιν
750 5140 777 5189 ὀ
801 5137 1085 5209 ἄνθρωπος
1105 5139 1245 5209 ὑπὲρ
1275 5140 1452 5193 πάντα
1484 5140 1552 5192 τά
1580 5141 1841 5210 δημιουρ-

256 5233 508 5301 γήματα,
542 5233 681 5300 τάχα
711 5231 767 5284 δέ
793 5231 1048 5301 τολμήσω
1078 5232 1280 5302 λέγειν,
1317 5234 1399 5287 ὅτι
1433 5234 1507 5303 μὴ
1538 5234 1699 5304 μόνον
1735 5236 1841 5287 τῶν

259 5322 474 5391 ὀρατῶν
517 5323 1039 5394 δημιουργημάτων,
1087 5324 1223 5377 ἀλλὰ
1282 5325 1519 5379 καὶτῶν
1572 5326 1841 5395 ἀοράτων,

258 5417 430 5486 {now
484 5416 590 5469 τῶν
628 5417 1018 5488 λειτουργικῶν
1052 5419 1397 5489 πνευμάτων.
1441 5421 1514 5473 Ού
1558 5419 1666 5490 γὰρ
1717 5421 1844 5490 περὶ

258 5508 482 5577 Μιχαὴλ
534 5508 626 5561 καὶ
666 5509 927 5580 Γαϐριὴλ,
973 5510 1082 5564 τῶν
1139 5513 1496 5584 ἀρχαγγέλων
1541 5509 1715 5575 εἶπεν,
1761 5515 1841 5567 ὅτι

258 5601 615 5670 Ποιήσωμεν
656 5602 785 5656 κατ’
818 5604 1025 5656 εἰκόνα
1064 5602 1162 5656 καί
1194 5606 1481 5675 ὁμοίωσιν
1515 5606 1839 5675 ἡμετέραν·

333 5786 379 5823 ⁸³
407 5784 552 5841 Psal.
588 5801 774 5854 xum,
800 5785 853 5841 9.
935 5788 979 5819 (ο
1018 5787 1206 5843 Matth.
1236 5803 1322 5853 xv,
1358 5786 1440 5841 l9.
1522 5787 1561 5817 "
1589 5786 1723 5841 Gen.
1758 5799 1793 5850 l,
1832 5782 1918 5837 ‘26.

1942 3200 2113 3255 rando
2144 3199 2469 3254 conﬁrmare
2497 3216 2605 3254 non
2640 3210 2895 3253 vereatur
2931 3200 3116 3264 homo,
3144 3215 3253 3252 non
3288 3200 3429 3252 ultra
3457 3198 3511 3251 in

1940 3309 1997 3347 se
2036 3308 2321 3362 assurgere
2353 3293 2513 3345 talem
2560 3292 2937 3355 aﬁ‘cctionem;
2979 3300 3035 3346 at
3077 3308 3186 3345 non
3238 3293 3309 3346 ita
3337 3292 3512 3345 multo

1940 3393 2063 3454 post
2111 3384 2289 3438 uritur
2343 3384 2814 3452 concupiscentia,
2857 3391 2920 3438 ut
2962 3384 3044 3437 vel
3073 3383 3130 3437 in
3157 3400 3223 3438 eo
3254 3384 3513 3454 periurus

1939 3476 2409 3547 deprehendatur.
2443 3475 2675 3529 Perinde
2701 3475 2847 3527 enim
2886 3483 2947 3528 ut
2972 3491 3070 3543 per
3091 3474 3325 3530 ﬁstulam
3356 3484 3508 3531 tran-

1939 3568 2011 3624 sit
2036 3584 2176 3639 aqua
2196 3609 2210 3633 ,
2243 3569 2323 3623 sic
2346 3584 2567 3638 quoque
2597 3583 2693 3637 per
2717 3582 2813 3621 cor
2847 3576 2902 3622 et
2925 3567 3294 3638 cogitationes
3318 3583 3511 3637 pecca-

1940 3674 2079 3717 tum.
2126 3660 2451 3730 Quicunque
2482 3678 2613 3715 vero
2648 3662 2762 3714 haec
2801 3669 3025 3731 negant,
3052 3676 3082 3714 a
3110 3671 3334 3731 peccato
3369 3661 3509 3730 ipso,

1940 3754 2279 3822 triumphum
2303 3763 2527 3816 acturo,
2576 3760 2883 3823 arguuntur
2929 3762 2984 3806 et
3021 3752 3350 3806 illuduntur.
3400 3751 3509 3805 Coo

1939 3851 2103 3897 natur
2138 3844 2286 3903 enim
2326 3843 2530 3897 malitia
2557 3842 2730 3897 latere
2767 3849 2822 3895 et
2867 3840 3194 3895 delitescere
3228 3841 3283 3894 in
3328 3848 3510 3894 mente

1942 3936 2202 3990 hominis.

2015 4126 2176 4181 XXII.
2233 4126 2289 4179 Si
2342 4124 2510 4195 igitur
2546 4124 2820 4195 quispiam
2883 4124 3055 4179 Deum
3106 4124 3306 4196 diligit,
3369 4126 3511 4179 Deus

1942 4235 2159 4289 quoque
2210 4234 2331 4271 cum
2380 4234 2446 4271 eo
2492 4217 2813 4271 commiscet
2856 4233 3009 4271 suam
3041 4217 3409 4273 dilectionem.
3445 4219 3514 4274 Et

1942 4327 2065 4365 cum
2091 4308 2257 4363 semel
2294 4308 2593 4361 crediderit
2651 4310 2705 4361 in
2761 4325 2909 4372 eum,
2942 4308 3095 4362 addit
3125 4310 3202 4362 illi
3235 4310 3378 4363 Deus
3401 4325 3512 4363 caa-

1942 4404 2134 4457 lcstem
2160 4402 2343 4463 ﬁdem,
2381 4410 2436 4455 et
2469 4403 2543 4455 ita
2576 4401 2761 4455 evadit
2798 4402 2962 4456 homo
2990 4402 3208 4471 duplex.
3250 4402 3320 4458 Ut
3345 4402 3512 4472 igitur

1942 4512 2009 4550 ex
2056 4494 2316 4549 membris
2355 4495 2463 4548 tuis
2508 4494 2619 4548 Deo
2651 4493 2869 4556 offeras,
2918 4494 3007 4547 ille
3037 4494 3152 4563 ipse
3185 4509 3251 4547 ex
3273 4494 3511 4564 propriis

1939 4586 2139 4640 similia
2187 4583 2566 4638 membrorum
2604 4584 2898 4653 permiscet
2928 4600 3052 4638 cum
3083 4584 3263 4637 anima
3298 4592 3411 4648 tua,
3451 4593 3512 4639 ut

1940 4679 2125 4732 omnia
2168 4677 2384 4731 sincere
2435 4691 2499 4730 ac
2554 4691 2690 4745 pure
2747 4691 3031 4745 peragere,
3090 4676 3320 4745 diligere
3346 4684 3512 4744 atque

1940 4769 2152 4839 precari
2184 4769 2380 4838 possis.
2428 4767 2665 4822 Summa:
2701 4770 2847 4821 enim
2880 4768 3159 4836 dignitatis
3186 4778 3270 4823 est
3325 4768 3509 4823 homo.

1941 4862 2077 4916 Vide
2116 4869 2385 4929 quantum
2413 4860 2482 4914 sit
2508 4859 2729 4921 caelum,
2766 4869 2935 4924 terra,
2982 4860 3062 4914 sol
3106 4868 3161 4915 et
3202 4860 3331 4913 luna
3365 4876 3378 4912 :
3411 4875 3515 4915 nec

1944 4961 2125 5007 tamen
2174 4953 2379 5023 placuit
2440 4952 2495 5003 in
2555 4950 2620 5004 iis
2652 4949 2906 5015 Domino,
2942 4950 3034 5005 sed
3060 4952 3115 5003 in
3148 4950 3264 5003 solo
3292 4950 3514 5004 homine

1943 5049 2313 5115 requiescere.
2363 5043 2715 5099 I’raestautior
2752 5058 2881 5113 ergo
2927 5050 3010 5097 est
3054 5041 3221 5095 homo
3253 5040 3514 5095 omnibus

1943 5137 2233 5202 creaturis,
2263 5144 2317 5190 et
2357 5136 2539 5188 forsan
2571 5134 2756 5189 dicere
2792 5149 2900 5187 non
2946 5133 3202 5194 verebor.
3245 5147 3355 5186 non
3388 5141 3512 5185 tan-

1945 5240 2060 5284 tum
2105 5226 2534 5300 aspectabilibus
2579 5225 2868 5289 creaturis,
2902 5240 3089 5280 verum
3120 5223 3286 5277 etiam
3324 5222 3515 5276 invisi-

1942 5323 2110 5388 libus,
2142 5335 2337 5389 nempe
2392 5318 2805 5373 ministratoriis
2850 5315 3161 5387 spiritibus.
3216 5314 3334 5368 Non
3363 5316 3510 5367 enim

1940 5416 2009 5470 de
2036 5415 2298 5469 Michaele
2331 5419 2427 5467 aut
2451 5410 2727 5473 Gabriele,
2760 5406 3126 5475 archangelis,
3160 5405 3303 5458 Deus
3335 5402 3509 5455 dixit:

1940 5510 2217 5565 Faciamus
2252 5507 2321 5561 ad
2349 5508 2639 5576 imaginem
2673 5511 2720 5556 et
2760 5499 3158 5555 similitudinem
3190 5494 3513 5559 nostram“,

1938 5602 2033 5660 sed
2073 5602 2140 5656 de
2173 5598 2478 5655 substantia
2519 5594 2854 5651 intellectiva
2880 5590 3126 5647 hominis
3148 5630 3162 5655 ,
3195 5584 3510 5648 immortali,
