4282 6364
822 355 922 421 591

2043 360 2103 419 S.
2145 353 2461 418 MACABII
2500 354 2817 415 [EGYPTII

3942 348 4054 412 592

822 469 1062 539 inquam,
1110 472 1311 527 anima.
1371 474 1643 543 Scriptum
1672 474 1818 527 enim
1850 484 1973 536 est,
2013 488 2123 526 esse
2172 470 2378 523 ordines
2408 470 2455 525 Α
2481 467 2513 519 ἀ

2363 467 2614 525 ςΑάλλά
2660 469 2790 538 περὶ
2829 469 2927 537 τῆς
2973 469 3165 537 νοερᾶς
3214 467 3402 529 οὐσίας
3459 465 3554 517 τοῦ
3585 460 3893 534 ἀνθρώπου,
3946 463 4054 531 τῆς

822 562 1128 631 angelorum
1167 565 1222 616 in
1260 566 1480 617 circuitu
1530 567 1827 619 timentium
1863 583 1981 619 eum
2011 566 2079 617 “.
2106 564 2382 619 Creaturze

822 663 1003 706 autem
1026 655 1267 709 visibiles
1296 666 1488 711 natura
1517 658 1751 726 quadam
1790 656 2115 711 immutabili
2143 656 2381 725 prydiue

822 756 969 799 sunt.

896 921 1079 975 XXIII.
1107 922 1315 978 Caelum
1348 926 1514 979 semel
1538 927 1851 980 ordinatum
1888 936 1993 990 est,
2027 927 2129 989 sol,
2160 928 2286 979 luna
2326 936 2381 978 et

828 1018 994 1072 terra.
1040 1028 1141 1066 nec
1172 1022 1353 1067 tamen
1403 1015 1676 1083 acquievit
1706 1016 1757 1068 iu
1792 1015 1859 1069 iis
1888 1015 2173 1077 Dominus,
2203 1028 2381 1082 neque

824 1101 985 1157 aliter
1014 1119 1077 1157 ac
1108 1116 1289 1157 creata
1340 1114 1489 1171 sunt,
1518 1107 1763 1161 converti
1798 1119 2048 1174 possunt,
2074 1120 2255 1174 neque
2280 1106 2379 1157 ba-

826 1194 957 1248 beut
976 1197 1332 1250 wluntalem.
1360 1198 1439 1250 Tu
1465 1214 1594 1251 vero
1614 1211 1901 1267 propterea
1926 1214 1985 1252 es
2006 1198 2073 1253 ad
2092 1198 2381 1267 imaginem

823 1294 881 1338 ct
923 1285 1340 1339 similitudinem
1372 1288 1467 1341 Dei
1520 1288 1717 1350 factus,
1764 1291 1890 1358 quia
1920 1289 2382 1357 quemadmodum

826 1373 970 1429 Deus
998 1375 1081 1427 sui
1106 1375 1245 1443 juris
1263 1386 1366 1439 est,
1388 1386 1443 1429 et
1472 1377 1617 1445 quod
1650 1377 1765 1429 vult
1790 1376 1957 1429 facit:
1990 1375 2213 1443 quando
2234 1375 2282 1427 ei
2308 1376 2383 1428 ita

826 1467 1003 1520 visum
1058 1478 1161 1533 est,
1210 1486 1309 1539 pro
1344 1481 1615 1541 potestate
1646 1479 1702 1525 et
1732 1473 1855 1540 jure
1885 1488 1983 1525 suo
2009 1470 2180 1524 mittit
2204 1471 2385 1541 justos

827 1559 880 1613 in
912 1559 1235 1627 gehennam.
1259 1577 1322 1615 ac
1358 1572 1669 1631 peccatores
1701 1563 1753 1615 in
1779 1578 2003 1632 regnum
2022 1602 2036 1625 ,
2060 1560 2167 1630 59
2194 1577 2386 1629 quam-

826 1650 908 1701 vis
948 1651 1050 1708 hoc
1081 1653 1303 1707 minime
1337 1655 1487 1714 velit.
1544 1669 1648 1708 nec
1684 1653 1964 1722 placeatei
1986 1670 1999 1717 ;
2024 1655 2204 1722 justus
2232 1652 2381 1705 enim

824 1751 906 1793 est
954 1742 1215 1798 Dominus
1263 1763 1275 1797 :
1327 1747 1408 1799 sic
1462 1762 1681 1814 quoque
1725 1757 1779 1799 tu
1828 1746 1903 1797 tui
1945 1745 2085 1807 juris
2117 1759 2199 1807 es,
2242 1742 2379 1796 etsi

824 1833 959 1884 \‘elis
991 1834 1190 1900 perire.
1241 1836 1522 1912 mutabilis
1570 1843 1802 1888 naturae.
1835 1834 1890 1887 Si
1923 1834 2091 1887 libeat
2128 1833 2377 1900 blasphe-

822 1920 959 1971 mias
1007 1923 1315 1987 cll'underc,
1364 1939 1572 1977 venena
1603 1925 1879 1977 coniicere
1924 1931 2017 1977 aut
2070 1920 2379 1975 interficere

820 2011 1076 2079 aliquem,
1110 2029 1271 2067 nemo
1306 2013 1402 2066 tibi
1450 2014 1749 2067 reluctatur
1793 2022 1885 2066 aut
1921 2012 2178 2081 prohibet
2220 2019 2291 2064 te.
2323 2010 2377 2064 Si

821 2101 950 2153 velit
981 2102 1124 2169 quis,
1175 2119 1383 2157 morem
1422 2105 1563 2173 gerit
1608 2106 1738 2167 Deo,
1789 2112 1843 2157 et
1894 2102 2202 2171 ingreditur
2234 2100 2378 2152 vium

816 2194 1062 2261 justitiae,
1094 2210 1155 2249 ac
1182 2194 1353 2249 vincit
1386 2194 1880 2264 concupiscentias.
1928 2194 2079 2247 Mens
2102 2195 2246 2247 enim
2280 2192 2381 2245 liu-

815 2285 1075 2355 jusmodi,
1105 2302 1225 2354 quas
1252 2286 1457 2341 resistit
1490 2302 1553 2340 ac
1578 2295 1864 2356 repugnat,
1899 2294 2076 2355 potest
2098 2298 2377 2354 superare,

821 2378 1105 2432 obﬁrmata
1147 2380 1377 2443 ratione,
1424 2379 1661 2449 impetus
1695 2379 1955 2432 vitiorum
1997 2388 2051 2432 et
2111 2377 2381 2432 obscenas

822 2472 1311 2539 conculiiscentias.

892 2562 1077 2616 XXIV.
1110 2563 1165 2615 Si
1190 2564 1335 2617 enim
1374 2563 1426 2617 in
1461 2563 1623 2618 domo
1654 2564 1853 2632 ampla,
1887 2564 1939 2616 in
1976 2579 2080 2632 qua
2111 2572 2237 2616 sunt
2259 2578 2377 2615 vasa

823 2667 1005 2716 aurea,
1033 2666 1166 2704 auro
1198 2660 1358 2715 tecta,
1387 2662 1443 2706 et
1473 2658 1748 2721 argentea,
1786 2652 1922 2708 varii
1972 2653 2187 2721 generis
2216 2654 2382 2705 vesti-

825 2751 1023 2804 menta,
1056 2758 1248 2796 aurum
1277 2752 1439 2810 atque
1472 2752 1778 2811 argentum,
1820 2742 2193 2797 adolescentes
2224 2743 2387 2811 etju—

824 2834 1083 2895 venculaa,
1134 2850 1253 2902 qua:
1308 2834 1381 2887 ibi
1437 2843 1742 2895 versantur,
1801 2833 2060 2886 cohibent
2141 2831 2385 2885 animum

823 2941 980 2979 suum
1014 2926 1282 2995 (quamvis
1309 2934 1499 2979 natura
1523 2934 1744 2994 propter
1768 2924 2079 2978 inhabitans
2104 2932 2385 2993 peccatum

825 3018 1005 3069 omnia
1036 3017 1432 3085 concupiscat),
1475 3026 1529 3071 et
1558 3018 1685 3085 quia
1723 3025 1976 3070 metuunt
2009 3032 2161 3069 more
2206 3016 2386 3068 homi-

2482 559 2749 611 ἀθανάτου
2780 559 2920 625 λέγω
2945 560 3140 629 ψυχῆς.
3169 559 3279 611 Καὶ
3307 559 3416 627 γὰρ
3437 556 3769 627 γέγραπται,
3792 558 3875 609 ὅτι
3900 559 4057 623 Παρ-

2480 650 2725 716 εμϐολαὶ
2768 649 3037 719 ἀγγέλων
3073 651 3278 711 κύκλῳ
3297 649 3417 701 τῶν
3435 649 3820 716 φοϐουμένων
3837 650 4051 701 αὐτόν.

2482 742 2561 793 Τὰ
2620 742 2718 809 μὲν
2766 735 2859 793 οὖν
2894 742 3168 809 κτίσματα
3213 742 3283 793 τὰ
3330 740 3632 809 φαινόμενα
3662 779 3678 805 ,
3732 739 3893 807 φύσει
3942 740 4053 791 τινὶ

2481 830 2843 898 ἀμεταϐλήτῳ
2869 829 3101 883 δέδεται.

2554 922 2643 973 ΚΓ
2644 927 2679 975 ⁸.
2724 922 2780 973 ’0
2802 920 3035 990 οὐρανὸς
3053 919 3198 985 ἅπαξ
3225 920 3503 981 τέτακται,
3522 919 3551 969 6
3570 919 3743 987 ἥλιος,
3764 919 3797 986 η
3826 916 4053 986 σελήνη,

2481 1016 2515 1085 ἠ
2541 1014 2635 1084 γῆ,
2679 1014 2776 1067 καὶ
2801 1013 2901 1065 οὐκ
2934 1013 3223 1079 εὐδόκησεν
3270 1013 3329 1063 ἐν
3369 1012 3554 1073 αὐτοῖς
3592 1012 3620 1063 6
3651 1009 3855 1077 Κύριος
3876 1024 3891 1037 ·
3934 1010 4055 1061 ἀλλ’

2478 1106 2601 1157 ούδέ
2658 1106 2788 1175 παρ’
2834 1103 2863 1156 δ
2917 1104 3242 1171 ἐκτίσθησαν
3297 1103 3707 1172 μετατραπῆναι
3763 1101 4055 1164 δύνανται,

2480 1196 2603 1249 οὒτε
2642 1196 2823 1265 ἐχουσι
2862 1196 3092 1265 θέλημα.
3125 1198 3197 1250 Σὺ
3228 1196 3286 1249 δὲ
3314 1196 3405 1249 διὰ
3449 1196 3606 1248 τοῦτο
3634 1193 3685 1247 εἷ
3712 1195 3833 1248 κατ’
3863 1197 4057 1249 εἰκόνα

2482 1290 2576 1341 καὶ
2605 1289 2863 1358 ὁμοίωσιν
2887 1288 3044 1350 Θεοῦ,
3074 1288 3261 1356 ἐπειδὴ
3293 1288 3481 1358 ῶσπερ
3507 1290 3535 1338 6
3557 1289 3687 1346 Θεὸς
3705 1288 4059 1352 αὑτεξούσιός

2481 1383 2618 1441 ἐστι,
2647 1382 2741 1432 καὶ
2765 1381 2792 1432 ὃ
2824 1380 2966 1432 θέλει
2994 1383 3163 1432 ποιεί·
3198 1380 3292 1432 ἐάν
3323 1380 3472 1449 θέλῃ,
3509 1381 3649 1431 κατά
3675 1380 3772 1448 τὴν
3804 1380 4059 1443 ἐξουσίαν

2487 1472 2654 1525 αὑτοῦ
2702 1472 2905 1539 πέμψει
2952 1471 3079 1532 τοὺς
3128 1471 3367 1531 δικαίους
3400 1472 3479 1532 είς
3523 1472 3764 1536 γέενναν,
3801 1470 4059 1533 καὶτοὺς

2481 1564 2836 1634 ἁμαρτωλοὺς
2868 1566 2947 1625 είς
2977 1561 3251 1631 βασιλείαν
3296 1579 3309 1593 ·
3344 1561 3456 1613 ἀλλ’
3487 1562 3584 1628 οὺχ
3628 1561 3884 1630 αἱρεῖται,
3933 1560 4059 1614 οὐδὲ

2482 1655 2837 1723 καταδέχεται
2859 1653 3015 1707 τοῦτο
3031 1668 3045 1682 ο
3078 1652 3449 1721 δικαιοκρίτης
3467 1654 3576 1721 γάρ
3599 1653 3746 1703 ἐστιν
3770 1652 3796 1703 6
3826 1650 4059 1718 Κύριος·

2482 1746 2653 1807 οὕτως
2701 1748 2795 1798 καὶ
2842 1745 2907 1796 σὺ
2955 1743 3306 1807 αύτεξούσιος
3340 1740 3412 1807 εἷ,
3476 1744 3572 1795 καὶ
3618 1744 3713 1795 ἐὰν
3749 1741 3907 1813 θέλῃς
3944 1742 4059 1794 ἀπσ-

2484 1836 2715 1900 ολέσθαι,
2751 1836 2990 1906 τρεπτῆς
3022 1836 3234 1903 φύσεως
3255 1833 3330 1887 εἰ·
3356 1836 3403 1887 εἰ
3436 1834 3609 1896 θέλεις
3638 1834 4056 1903 βλασφημῆσαι,

2483 1930 2703 1991 ποιῆσαι
2751 1929 3039 1998 φάρμακα,
3098 1929 3190 1981 καὶ
3232 1926 3549 1980 ἀποκτεῖναί
3583 1942 3736 1989 τινα,
3766 1925 3944 1983 οὐδείς
3972 1940 4059 1975 σοι

2480 2021 2778 2071 ἀντίκειται
2827 2018 2859 2085 ἦ
2908 2016 3106 2069 κωλύει
3154 2034 3233 2070 σε.
3279 2018 3338 2068 Εἰ
3373 2016 3517 2068 θέλει
3547 2033 3652 2079 τις,
3692 2016 4059 2068 ὑποτάσσεται

2481 2108 2557 2177 τῷ
2587 2107 2728 2175 Θεῷ,
2767 2108 2862 2159 καὶ
2889 2106 3114 2159 διοδεύει
3143 2107 3240 2175 τὴν
3268 2106 3383 2158 ὁδὸν
3412 2107 3513 2175 τῆς
3543 2106 3889 2175 δικαιοσύνης
3909 2145 3924 2168 ,
3962 2106 4061 2157 καὶ

2481 2202 2673 2270 κρατεῖ
2709 2198 2816 2251 τῶν
2861 2198 3186 2267 ἐπιθυμιῶν.
3235 2199 3291 2251 'U
3325 2198 3434 2268 γὰρ
3476 2199 3599 2261 νοῦς
3634 2192 3789 2261 οὗτος
3825 2198 4058 2251 ἀντίπα-

2480 2291 2567 2353 λός
2597 2294 2768 2356 ἐστιν,
2819 2292 3133 2361 ἐπικρατεῖν
3166 2292 3460 2361 δυνάμενος
3493 2293 3790 2362 ἐρρωμένῳ
3807 2290 4060 2361 λογισμῷ

2480 2384 2576 2445 τὰς
2601 2384 2699 2453 τῆς
2732 2382 2926 2445 κακίας
2946 2382 3119 2453 ὁρμὰς
3154 2383 3248 2435 καὶ
3281 2382 3570 2452 ἐπιθυμίας
3593 2384 3847 2454 αἰσχράς.

2554 2565 2679 2619 KA'.
2720 2563 2783 2615 Εί
2827 2562 2936 2632 γὰρ
2978 2562 3036 2613 ἐν
3076 2561 3223 2631 οἰκία
3256 2560 3489 2631 μεγάλῃ,
3522 2562 3653 2614 ὅπου
3689 2560 3806 2613 ἐστὶ
3838 2560 4060 2630 χρυσὼ-

2488 2672 2654 2723 ματα,
2693 2656 3025 2724 χρυσόφορα,
3054 2652 3149 2705 καὶ
3178 2652 3581 2723 ἀργυρώματα,
3620 2653 3714 2704 καὶ
3744 2650 3910 2720 ἐσθὴς
3942 2652 4063 2705 διά-

2486 2763 2671 2816 φορος,
2701 2748 2901 2815 χρυσός
2926 2762 2984 2796 τε
3012 2745 3105 2797 καὶ
3126 2745 3387 2815 ἄργυρος.
3409 2745 3682 2795 νεανίσκοι
3704 2744 3796 2795 καὶ
3816 2744 4061 2805 νεάνιδες

2485 2837 2851 2907 διατρίϐοντες
2877 2835 3102 2905 ἄγχουσι
3130 2834 3220 2886 τὸν
3237 2834 3447 2887 ἑαυτῶν
3474 2834 3617 2886 νοῦν·
3650 2836 3700 2886 εί
3718 2836 3811 2887 καὶ
3836 2835 3871 2904 ὴ
3895 2834 4061 2903 φύσις

2485 2931 2570 2981 διὰ
2600 2930 2696 2999 τὴν
2724 2929 2971 2980 σύνοικον
2995 2926 3267 2995 ἁμαρτίαν
3294 2926 3511 2979 πάντων
3539 2926 3829 2993 ἐπιθυμεῖ·
3854 2925 3951 2977 καὶ
3971 2925 4063 2977 διὰ

2485 3022 2577 3075 τὸν
2629 3021 2967 3090 ἀνθρώπινον
3003 3018 3166 3087 φόϐον
3194 3016 3303 3070 τῶν
3341 3017 3638 3079 δεσποτῶν,
3672 3018 3928 3085 ἐπέχουσι
3960 3016 4062 3078 τὰς

825 3128 953 3164 mnu
978 3109 1250 3172 dominos,
1284 3109 1590 3177 reprimunt
1633 3107 1867 3176 impetus
1892 3106 2378 3175 concupiscentiae:
2411 3136 2452 3192 Ο
2488 3117 2514 3167 ὁ

2367 3123 2378 3158 ε
2411 3136 2452 3192 C
2488 3115 2659 3185 ὁρμὰς
2685 3114 2793 3165 τῶν
2812 3111 3114 3181 ἐπιθυμιῶν
3137 3127 3149 3140 °
3173 3112 3322 3181 πόσῳ
3342 3110 3560 3179 μᾶλλον,
3586 3110 3721 3161 ὅπου
3744 3110 3861 3160 ἐστὶ
3892 3107 4058 3177 φάεος

826 3207 1028 3265 quanto
1065 3196 1255 3265 magis,
1288 3196 1379 3249 ubi
1404 3196 1546 3265 viget
1576 3197 1737 3248 timor
1766 3195 1882 3259 Dei,
1914 3195 2171 3249 reluelari
2222 3204 2383 3263 atque

828 3287 987 3341 reniti
1038 3302 1190 3341 mens
1239 3285 1402 3342 debet
1439 3287 1721 3339 inhaerenti
1765 3286 2053 3357 pravitati?
2084 3286 2211 3352 Qua:
2241 3287 2386 3338 enim

828 3379 1102 3449 possibilia
1159 3378 1256 3433 tibi
1312 3388 1456 3439 sunt.
1518 3379 1776 3446 praecepit
1832 3379 1992 3431 Deus.
2058 3378 2386 3431 Animaiium

827 3468 1046 3530 quidem
1103 3467 1313 3520 ratione
1371 3465 1755 3520 destitutorum
1809 3476 2003 3519 natura
2053 3466 2231 3518 vincta
2283 3475 2385 3528 est,

826 3557 977 3609 velut
1040 3568 1235 3610 natura
1290 3556 1561 3625 serpentis
1616 3566 1699 3609 est
1760 3572 1939 3608 amara
1995 3570 2058 3609 ac
2117 3571 2386 3610 venenum

827 3648 1116 3702 emittens:
1154 3648 1397 3701 universi
1440 3647 1604 3717 igitur
1632 3658 1913 3716 serpentes
1942 3659 2069 3700 sunt
2097 3648 2384 3717 ejusmodi.

829 3738 1012 3807 Lupus
1050 3756 1215 3808 rapax
1244 3754 1362 3793 esse
1386 3739 1703 3793 consuevit:
1734 3754 1923 3791 oumes
1950 3753 2081 3808 ergo
2108 3738 2221 3807 lupi
2262 3748 2390 3791 sunt

827 3830 1070 3899 ejusdem
1102 3840 1329 3884 natura}.
1356 3832 1561 3899 Agnus,
1589 3829 1681 3899 qui
1715 3829 1942 3897 simplex
1982 3837 2085 3890 est,
2122 3828 2390 3883 obnoxius

827 3932 910 3975 est
933 3922 1166 3991 rapina:
1195 3937 1387 3977 omnes
1409 3938 1538 3992 ergo
1562 3922 1684 3991 agni
1722 3932 1848 3975 sunt
1888 3921 2129 3990 ejusdem
2160 3929 2386 3975 naturae.

828 4014 1089 4069 Columba
1139 4015 1365 4083 simplex
1405 4024 1491 4067 est
1521 4030 1584 4066 ac
1608 4016 1854 4068 sincera:
1896 4028 2086 4068 omnes
2118 4029 2246 4082 ergo
2302 4028 2392 4065 co-

828 4105 1026 4160 lumbae
1049 4114 1175 4157 sunt
1200 4104 1443 4173 ejusdem
1474 4114 1699 4157 naturae.
1732 4103 1905 4157 Homo
1939 4118 2069 4157 vero
2096 4118 2204 4157 non
2237 4103 2308 4155 ita
2334 4118 2390 4157 se

829 4194 1011 4247 habet.
1038 4193 1266 4258 Quidam
1298 4193 1443 4250 enim
1499 4202 1586 4249 est
1636 4194 1799 4262 lupus
1861 4209 2048 4263 rapax,
2090 4202 2144 4247 et
2169 4193 2391 4263 quidam

826 4285 976 4339 velut
1016 4300 1187 4354 agnus
1236 4285 1437 4355 rapina:
1475 4292 1646 4353 patet,
1672 4295 1727 4340 et
1750 4300 1817 4339 ex
1842 4284 2033 4339 eodem
2068 4300 2265 4353 genere
2292 4285 2392 4337 bu-

830 4394 990 4435 mano
1026 4391 1319 4446 utrumque
1352 4378 1549 4435 oritur.

2488 3205 2643 3267 Θεοῦ,
2692 3204 3087 3273 ἀντιμάχεσθαι
3116 3203 3209 3256 καὶ
3239 3202 3629 3269 ἀντιπράττειν
3650 3202 3678 3252 6
3706 3199 3829 3262 νοῦς
3852 3199 4060 3266 ὀφείλει

2489 3299 2554 3365 τῇ
2585 3294 2819 3365 συνούσῃ
2845 3294 3047 3362 xenia;
3082 3294 3123 3345 Τ
3128 3295 3160 3345 ἀ
3188 3294 3295 3362 γὰρ
3337 3293 3535 3345 δυνατά
3567 3308 3649 3343 σοι
3679 3290 4011 3359 προσέταξεν
4035 3292 4065 3343 6

2488 3385 2640 3448 Θεός.
2710 3385 2775 3436 Ἠ
2830 3384 2926 3453 μὲν
2976 3382 3067 3436 οῦν
3127 3382 3237 3435 τῶν
3272 3382 3483 3447 ἀλόγων
3538 3381 3691 3443 ζώων
3743 3379 3905 3447 φύσις
3934 3380 4063 3449 δετή

2489 3477 2655 3539 ἐστιν,
2698 3469 2809 3527 οἷον
2844 3475 2877 3543 ἡ
2908 3472 3000 3525 τοῦ
3032 3472 3209 3542 δφεως
3242 3472 3401 3541 φύσις
3438 3472 3610 3541 πικρά
3650 3470 3885 3521 ἐστικαὶ
3921 3468 4065 3521 I066-

2488 3568 2576 3631 λος
2601 3584 2615 3597 ·
2646 3567 2755 3619 ὅλοι
2784 3563 2876 3619 οῦν
2900 3567 2949 3618 ol.
2968 3565 3117 3633 ὄφεις
3147 3563 3377 3617 τοιοῦτοί
3411 3566 3569 3616 εἰσιν.
3614 3562 3671 3615 '0
3693 3562 3854 3623 λύκος
3875 3562 4061 3632 ἀρπά-

2491 3662 2605 3724 ζειθ
2636 3659 2852 3712 εἴωθεν·
2902 3657 3012 3711 ὅλοι
3065 3659 3113 3710 οἱ
3162 3656 3315 3709 λύκοι
3348 3658 3444 3725 τῆς
3482 3656 3651 3725 αὐτῆς
3688 3657 3793 3708 είσι
3822 3655 4061 3723 φύσεως.

2491 3752 2565 3804 Τὸ
2608 3752 2792 3822 ἀρνίον
2824 3750 3019 3819 ἀφελὲς
3066 3750 3125 3804 ὃν
3163 3750 3465 3820 ἁρπάζεται
3486 3764 3499 3777 ·
3544 3749 3638 3801 ὃλα
3670 3750 3737 3802 τὰ
3770 3749 3933 3818 ἀρνία
3959 3747 4061 3815 τῆς

2491 3843 2663 3913 αὐτῆς
2712 3846 2817 3895 είσι
2858 3843 3091 3911 φύσεως.
3154 3844 3222 3895 Ἡ
3272 3841 3570 3913 περιστερὰ
3610 3840 3792 3903 ἀδολὸς
3824 3842 4065 3893 ἐστικαὶ

2492 3933 2780 4003 ἀκέραιος·
2820 3934 2937 3985 ὅλαι
2990 3934 3047 3986 αἱ
3098 3934 3415 4003 περιστεραὶ
3462 3934 3560 3999 τῆς
3603 3930 3771 3999 αὐτῆς
3806 3932 3911 3982 εἰσι
3957 3931 4064 3998 φύ-

2492 4042 2651 4089 σεως.
2696 4025 2755 4079 '0
2785 4025 2842 4076 δὲ
2877 4024 3158 4095 ἅνθρωπος
3186 4025 3281 4092 οὐχ
3315 4024 3482 4085 οὕτως
3508 4026 3674 4076 ἐστίν.
3711 4019 3803 4084 Εἷς
3851 4023 4003 4073 ἐστιν
4033 4024 4061 4073 6

2492 4116 2654 4179 λύκος
2702 4116 2984 4185 ἁρπάζων,
3031 4116 3125 4166 καὶ
3170 4112 3249 4175 εἷς
3292 4117 3439 4167 ἐστιν
3482 4113 3555 4175 ὡς
3599 4113 3784 4182 ἀρνίον
3812 4112 4062 4181 ἁρπαζό-

2495 4224 2655 4276 μενος
2684 4224 2698 4237 ·
2740 4209 2804 4259 ἐκ
2832 4206 2926 4260 τοῦ
2973 4206 3164 4274 γένους
3192 4206 3289 4271 τῆς
3319 4204 3731 4273 ἀνθρωκότητος
3775 4205 4065 4272 ἀμφότερα

2492 4300 2798 4368 γενήσεται.

898 4470 1061 4527 XXV.
1096 4470 1190 4522 Est
1220 4470 1311 4539 qui
1348 4484 1456 4523 non
1499 4477 1790 4527 contentus
1822 4486 1991 4525 uxore
2040 4487 2157 4533 sua,
2183 4482 2385 4527 scorta-
2424 4482 2467 4537 υ
2568 4478 2589 4529 l

2372 4502 2385 4513 -
2424 4482 2467 4537 D
2568 4476 2696 4531 KE'.
2741 4477 2896 4527 Ἐστι
2928 4492 3013 4535 τις
3065 4474 3140 4545 μὴ
3174 4473 3507 4544 ἀρκούμενος
3552 4477 3617 4543 τῇ
3666 4474 3771 4543 ἰδίᾳ
3818 4473 4063 4539 γυναικὶ,

828 4571 957 4615 tur:
1005 4568 1089 4614 est
1146 4575 1362 4629 quoque
1409 4562 1569 4625 alius,
1632 4563 1726 4629 qui
1773 4578 1841 4615 ne
1888 4563 2389 4632 concupiscentiam

829 4652 1051 4722 quidem
1100 4651 1154 4706 in
1203 4650 1369 4706 corde
1414 4664 1514 4705 suo
1561 4651 1787 4705 excitari
1836 4652 2123 4720 permittit.
2156 4653 2251 4708 Est
2296 4654 2390 4720 qui

829 4746 972 4799 bona
1005 4743 1233 4813 proximi
1260 4743 1483 4810 diripit:
1507 4752 1592 4797 est
1617 4758 1835 4812 quoque
1868 4744 2141 4812 aIius,qui
2169 4746 2391 4813 pietatis

828 4840 976 4895 cultu
1009 4847 1209 4900 motus,
1246 4854 1343 4891 sua
1375 4837 1518 4895 bona
1549 4838 1849 4894 distribuit.
1878 4838 2043 4893 Vides
2076 4856 2237 4909 quam
2274 4857 2392 4893 mu-

829 4930 1013 4984 tabilis
1054 4929 1127 4983 sit
1179 4929 1294 4997 ipsa
1338 4939 1555 4992 natura,
1602 4940 1711 4981 tam
1750 4931 1816 4982 ad
1860 4930 1987 4984 vitia
2022 4932 2388 5001 propendens,

828 5036 989 5089 quam
1022 5035 1053 5073 e
1088 5019 1304 5074 diverso
1332 5019 1398 5072 ad
1422 5019 1746 5084 honestum;
1774 5029 1830 5073 et
1861 5022 2161 5075 secundum
2188 5032 2394 5077 utram-

826 5125 931 5179 que
977 5110 1366 5178 proprietatem
1424 5119 1549 5178 apta
1601 5110 1879 5166 declinare
1920 5111 1986 5165 ad
2038 5128 2392 5183 quascunque

828 5202 1048 5257 libuerit
1070 5202 1335 5257 actiones.
1362 5202 1541 5271 Capax
1580 5202 1745 5273 igitur
1764 5213 1849 5261 est
1880 5214 2075 5258 natura
2104 5213 2216 5259 tum
2262 5207 2390 5259 boni

832 5304 946 5348 tum
975 5294 1131 5359 mali,
1176 5296 1290 5354 sive
1334 5294 1531 5349 divina:
1574 5296 1780 5366 gratize,
1808 5298 1921 5352 sive
1950 5298 2271 5353 adversaria:
2305 5316 2399 5368 po-

830 5385 1078 5441 testatis:
1107 5386 1419 5442 necessitati
1450 5395 1630 5441 tamen
1658 5388 1853 5457 subjici
1891 5390 2115 5459 nequit;
2152 5391 2399 5460 quando-

830 5478 1050 5545 quidem
1085 5477 1153 5531 ab
1198 5478 1354 5531 initio
1386 5478 1555 5533 Adam
1606 5480 1660 5533 in
1704 5481 1942 5549 puritate
1991 5497 2114 5536 cum
2165 5482 2396 5548 viveret,

830 5569 1213 5626 dominabatur
1256 5572 1680 5639 cogitationibus
1724 5573 1885 5638 suis;
1940 5591 2123 5630 verum
2174 5591 2237 5631 ex
2290 5592 2399 5645 quo

898 5752 941 5783 ⁶²
966 5750 1106 5806 Psal.
1144 5767 1317 5815 xxxw,
1347 5750 1377 5803 8

2494 4568 2631 4621 ἀλλά
2680 4568 2769 4623 κα”6
2812 4564 3087 4635 πορνεύων
3122 4580 3135 4591 ·
3170 4569 3262 4618 καὶ
3290 4564 3434 4616 ἐστιν
3465 4564 3655 4626 ἄλλος,
3687 4566 3833 4625 ὅστις
3871 4565 3972 4617 οὐκ
4003 4567 4069 4633 ἐᾷ

2494 4660 2615 4712 οὐδὲ
2664 4658 2956 4727 ἐπιθυμίαν
3002 4656 3245 4709 ἀνελθεῖν
3303 4657 3395 4708 ἐπὶ
3444 4655 3543 4726 τὴν
3589 4658 3816 4725 καρδίαν
3870 4657 4063 4709 αὐτοῦ.

2497 4750 2652 4802 Ἐστι
2692 4767 2775 4814 τις
2807 4748 3122 4817 διαρπάζων
3152 4747 3219 4799 τὰ
3262 4748 3353 4798 τοῦ
3387 4748 3608 4815 πλησίον
3628 4762 3641 4774 '
3673 4748 3763 4798 καὶ
3794 4747 3940 4797 ἐστιν
3968 4748 4063 4798 ἄλο

2492 4842 2584 4905 λος
2621 4841 2709 4897 διὰ
2734 4840 3042 4893 θεοσέϐειαν
3070 4842 3161 4892 καὶ
3190 4841 3255 4892 τὰ
3292 4839 3395 4889 ἴδια
3432 4838 3714 4900 διαδιδούς.
3758 4839 3916 4906 Ὁρᾷς
3949 4839 4067 4899 πῶς

2495 4934 2705 5004 τρεπτή
2745 4936 2891 4987 ἐστιν
2935 4931 3069 5001 αὐτὴ
3105 4934 3137 5000 ή
3171 4930 3358 4997 φύσις·
3388 4930 3531 4981 ἐστιν
3566 4931 3658 4980 ἐπὶ
3688 4930 3746 4981 τὸ
3777 4928 3945 4980 κακὸν
3978 4931 4071 4998 ρἐ

2499 5043 2694 5089 πουσα,
2728 5028 2819 5077 καὶ
2848 5026 2993 5078 ἔστιν
3032 5026 3125 5077 ἐπὶ
3157 5025 3217 5077 τὸ
3246 5024 3407 5075 καλὸν
3438 5018 3621 5085 αὖθις’
3665 5023 3757 5073 καὶ
3784 5022 3851 5073 δι’
3881 5023 4035 5091 ἀμφο

2497 5119 2670 5189 τάρων
2728 5118 3048 5187 ἐπιτηδείως
3099 5116 3209 5185 ἔχει
3250 5118 3437 5167 νεῦσαι
3500 5116 3632 5185 προς
3698 5112 3763 5175 ἃς
3814 5112 4068 5181 βούλεται

2504 5209 2764 5280 πράξεις·
2813 5208 3034 5278 δεκτικὴ
3064 5204 3155 5260 οὖν
3183 5210 3215 5277 ὴ
3249 5207 3409 5275 φύσις
3440 5206 3533 5258 τοῦ
3565 5203 3732 5257 καλοῦ
3761 5222 3819 5256 τε
3846 5206 3941 5257 καὶ
3972 5206 4067 5258 τοῦ

2496 5299 2689 5363 κακοῦ,
2732 5301 2851 5370 ἤτοι
2880 5300 3029 5362 θείας
3058 5300 3300 5367 χάριτος,
3336 5298 3453 5366 ἦτοι
3488 5295 3731 5359 ἐναντίας
3757 5296 4065 5364 δυνάμεως,

2494 5393 2610 5446 ἀλλ’
2630 5394 2728 5445 οὑκ
2751 5392 3123 5460 ἀναγκαστική
3149 5408 3161 5421 ⁸
3188 5390 3381 5459 ἐπειδὴ
3406 5390 3464 5441 τὸ
3490 5388 3619 5457 πρὶν
3645 5387 3806 5448 αὐτὸς
3832 5388 3860 5438 6
3896 5388 4071 5456 Ἀδὰμ

2496 5489 2553 5538 ἐν
2598 5487 2929 5556 καθαρότητι
2978 5482 3071 5547 ὢν,
3110 5482 3387 5534 ἐ6ασίλευε
3415 5480 3524 5531 τῶν
3554 5477 3831 5546 λογισμῶν
3860 5478 4030 5529 αὑτοῦ
4052 5496 4065 5506 ·

2498 5579 2590 5647 ἀφ’
2639 5572 2701 5631 οῦ
2746 5578 2801 5631 δὲ
2851 5577 3064 5647 παρέὸη
3110 5577 3208 5628 τὶν
3253 5573 3492 5643 ἐντολὴν,
3537 5572 3637 5642 ὅρη
3685 5568 4068 5633 δυσϐάστακτα
