4282 6364
272 317 381 385 593

1472 323 1838 387 HOMILLE.
1869 350 1938 361 -
1970 327 2157 390 HOM.
2195 330 2316 390 XV.

3410 328 3515 395 596

274 436 549 490 ἐπίκειται
577 435 654 506 τῷ
679 435 755 507 νῷ
780 436 965 491 αὑτοῦ.
1006 438 1119 491 Καὶ
1145 438 1195 491 οἱ
1220 438 1320 509 τῆς
1358 438 1558 503 κακίας
1592 438 1844 510 λογισμοὶ
1870 444 1919 500 Α
1946 449 1965 493 t

1812 439 1844 492 ἡ
1870 444 1919 500 Α
1946 449 2317 512 transgressus
2339 450 2423 497 est
2457 442 2795 507 mandatum,
2817 440 3123 512 gravissimi
3156 449 3371 496 montes
3394 443 3503 511 ejus

272 529 705 598 παραμιγέντες,
735 530 847 581 ὅλοι
870 529 945 592 ὠς
973 530 1094 583 ῐδιοι
1117 529 1284 584 αὑτοῦ
1309 531 1577 599 ἐγένοντο,
1605 531 1703 584 καὶ
1723 530 1847 585 οὐδὲ

273 613 359 677 εἷς
404 617 571 671 αὐτοῦ
612 619 741 682 ἴδιός
799 620 967 685 ἐστιν,
1015 620 1205 691 ἐπειδὴ
1244 620 1565 691 κατέχονται
1606 620 1713 674 61:6
1744 620 1846 691 τῆς

272 710 496 773 κακίας.

347 806 492 870 KC’.
534 804 734 857 Λοιπὸν
777 804 1013 873 ὀφείλεις
1054 805 1287 875 ζητῆσαι
1331 804 1543 874 λύχνον,
1576 806 1662 859 ἵνα
1695 806 1842 877 άφθῇ

274 897 372 947 καὶ
402 894 569 965 εὕρῃς
590 895 717 960 τοὺς
739 895 1014 966 καθαροὺς
1038 893 1349 964 λογισμούς.
1393 888 1552 948 οὗτοι
1580 896 1689 964 γάρ
1706 897 1845 947 εἰσιν

272 986 327 1037 οι
356 984 596 1052 φυσικοὶ,
620 981 715 1045 οὓς
742 984 1000 1053 ἐποίησεν
1024 984 1053 1036 6
1084 982 1307 1055 Κύριος.
1337 983 1401 1038 Οί
1438 983 1844 1052 ἀνατραφέντες

273 1076 356 1137 εἰς
406 1074 700 1136 Θάλασσαν,
747 1072 951 1142 ἔμαθον
992 1072 1292 1141 κολυμϐᾷν,
1327 1072 1423 1125 καὶ
1462 1071 1589 1124 ὅταν
1635 1072 1843 1124 ἐπανα-

276 1164 450 1218 στῶσι
476 1164 747 1226 κλύδωνες
790 1164 884 1216 καὶ
912 1162 1154 1231 κύματα,
1185 1162 1247 1215 οὐ
1292 1159 1615 1226 ξενίζονται.
1658 1158 1844 1221 Οὕτως

271 1257 412 1309 εἰσὶν
456 1258 508 1309 ot
556 1254 889 1326 Χριστιανοί.
924 1252 1146 1325 ’Ὠσπερ
1185 1252 1309 1317 νοῦς
1352 1250 1600 1323 τριετοῦς
1630 1251 1842 1305 παιδίου

270 1349 335 1398 ού
371 1347 596 1399 δύναται
644 1344 894 1415 χωρῆσαι
934 1345 967 1415 ἢ
998 1342 1326 1397 καταλαϐεῖν
1356 1343 1479 1397 νοῦν
1510 1341 1717 1395 τελείου
1753 1357 1843 1393 σο-

271 1434 490 1503 φιστοῦ,
522 1435 822 1504 ἐπειδήπερ
849 1436 909 1487 ὲν
947 1435 1096 1503 μέσῳ
1128 1434 1370 1503 παρῆλθε
1402 1432 1569 1495 πολύς
1598 1448 1682 1494 τις
1713 1430 1841 1501 χρό-

272 1543 397 1589 νος·
453 1525 597 1578 οὓτω
635 1526 726 1578 καὶ⁵
772 1527 822 1577 οί
875 1525 1193 1595 Χριστιανοὶ
1235 1523 1311 1587 ὡς
1347 1522 1521 1594 βρέφη
1554 1523 1723 1593 νήπια
1754 1521 1844 1573 τὸν

272 1620 479 1687 κόσμον
530 1616 903 1679 κατανοοῦσιν,
942 1617 1256 1687 ἀφορῶντες
1299 1618 1379 1677 είς
1412 1618 1472 1667 τὸ
1509 1614 1705 1684 μέτρον
1743 1612 1844 1681 τῆς

270 1713 526 1781 χάριτος·
578 1710 715 1774 ξένοι
760 1709 869 1780 γάρ
916 1711 1023 1762 είσι
1055 1707 1149 1761 τοῦ
1197 1707 1391 1767 αἰῶνος
1430 1706 1641 1760 τούτου.
1688 1705 1752 1757 Ἦ
1786 1704 1843 1756 δὲ

270 1802 427 1863 πόλις
458 1799 636 1854 αὐτῶν
674 1800 771 1853 καὶ⁵
818 1802 852 1869 ἡ
907 1799 1213 1859 ἀνάπαυσις
1248 1797 1384 1867 άλλη
1435 1796 1581 1848 ἐστίν
1606 1812 1618 1826 ·
1656 1795 1836 1864 ἔχουσι
1871 1790 1914 1846 Β

268 1896 380 1963 γὰρ
418 1893 468 1944 οἱ
499 1892 815 1962 Χριστιανοὶ
843 1890 943 1959 τὴν
971 1888 1319 1959 παράκλησιν
1361 1885 1452 1939 τοῦ
1502 1886 1838 1953 Πνεύματος,

265 1986 509 2055 δάκρυα,
545 1986 639 2037 καὶ
688 1984 917 2045 πένθος,
963 1983 1057 2034 καὶ
1091 1980 1415 2050 στεναγμὸν,
1458 1978 1552 2031 καὶ
1589 1976 1729 2029 αὐτὰ
1771 1976 1843 2028 τὰ

266 2077 480 2145 δάκρυα
516 2075 697 2145 τρυφὴ
740 2076 923 2135 αὐτοῖς
969 2074 1139 2126 ἐστιν.
1189 2073 1412 2139 Ἔχουσι
1440 2070 1497 2122 δὲ
1533 2071 1627 2121 καὶ
1677 2066 1841 2135 φόϐον

267 2171 329 2221 ἑν
382 2170 526 2239 χαρᾷ
576 2169 668 2221 καὶ
710 2165 1027 2234 ἀγαλλιάσει
1057 2181 1072 2194 ·
1124 2163 1220 2217 καὶ
1251 2162 1422 2224 οὕτως
1453 2162 1590 2214 εἰσὶν
1623 2160 1699 2222 ὡς
1748 2159 1841 2211 άν-

266 2260 481 2329 ορωποι
531 2257 894 2329 βαστάζοντες
929 2258 1010 2321 είς
1047 2255 1146 2320 τὰς
1178 2256 1365 2327 χεῖρας
1398 2251 1578 2308 αὐτῶν
1606 2252 1668 2305 τὸ
1701 2247 1840 2322 αἷμα

266 2353 471 2416 αὐτῶν,
510 2354 584 2423 μὴ
619 2350 948 2423 θαρροῦντες
982 2351 1217 2413 ἑαυτοῖς,
1254 2348 1292 2420 ἢ
1323 2347 1557 2418 οἰόμενοί
1584 2364 1637 2400 τι
1672 2339 1835 2412 εἶναι,

268 2444 389 2496 ἀλλ’
438 2444 589 2508 ὅντες
649 2442 1082 2512 ὲξουδενούμενοι
1130 2441 1225 2495 καὶ
1283 2438 1838 2509 ἀποδεδοκιμασμένοι

268 2533 423 2604 παρὰ
455 2534 662 2596 πάντας
689 2532 1031 2603 ἀνθρώπους.

343 2628 471 2680 KZ’.
514 2627 725 2696 Ὠσπερ
774 2627 870 2679 ἑὰν
1022 2623 1296 2696 βασιλεὺς,
1347 2623 1445 2678 καὶ¹
1500 2623 1703 2695 πτωχῷ
1736 2641 1840 2678 τινι

268 2719 591 2789 παράθηται
631 2718 723 2771 τὸν
758 2717 955 2770 ἑαυτοῦ
992 2717 1285 2788 θησαυρὸν,
1320 2718 1349 2770 6
1375 2715 1708 2787 παραλαϐὼν
1736 2733 1839 2784 (pu-

266 2812 450 2876 λάξαι,
486 2811 585 2863 οὑκ
632 2809 745 2879 ἔχει
787 2810 949 2863 αὑτὸν
981 2809 1057 2874 ὡς
1093 2808 1244 2874 ἴδιον,
1285 2808 1401 2861 ἀλλ’
1424 2808 1676 2877 ὁμολογεῖ
1704 2808 1840 2860 πάνυ

268 2922 395 2958 τοτε
425 2906 525 2974 τὴν
561 2903 837 2973 πτωχείαν
878 2902 1065 2967 αὑτοῦ,
1105 2901 1180 2972 μὴ
1204 2901 1420 2971 τολμῶν
1456 2900 1840 2971 διασκορπίσαι

269 3000 335 3049 ἐκ
379 2996 474 3049 τοῦ
518 2995 799 3066 ἀλλοτρίου
835 2994 1111 3063 θησαυροῦ
1143 3009 1158 3023 ⁸
1183 2994 1343 3046 τοῦτο
1373 3002 1482 3063 γάρ
1526 2993 1839 3062 ἐνθυμεῖται

271 3092 537 3155 πάντοτε,
586 3090 662 3153 ὼς
692 3091 753 3142 οὐ
805 3088 966 3158 μόνον
1009 3086 1284 3157 άλλότριός
1310 3088 1455 3140 ἐστιν
1479 3086 1508 3139 6
1537 3084 1836 3155 θησαυρὸς,
1862 3124 1907 3187 C

269 3180 410 3233 ἀλλά
444 3182 535 3231 καὶ
563 3178 811 3248 βασιλεὺς
838 3177 1101 3244 δυνάστης
1125 3174 1394 3245 παρέθετό
1419 3192 1510 3245 μοι
1538 3174 1718 3237 αὐτὸν,
1745 3175 1840 3228 καὶ

268 3274 401 3325 ὅταν
432 3271 562 3341 θέλῃ
591 3270 855 3339 λαμϐάνει
899 3269 1060 3321 αὑτὸν
1094 3268 1187 3321 ἀπ’
1216 3267 1351 3337 ἐμοῦ
1370 3285 1383 3299 ο
1415 3265 1589 3330 οὕτως
1620 3268 1843 3328 ἑαυτοὺς

269 3363 580 3429 ὸςὶείλουσιν
623 3361 875 3431 ἡγεῖσθαι
923 3362 1018 3413 καὶ
1065 3361 1115 3412 οί
1145 3358 1361 3428 ἔχοντες
1414 3359 1513 3429 τὴν
1551 3358 1713 3430 χάριν
1749 3358 1841 3411 τοῦ

273 3456 412 3509 Θεοῦ
441 3494 457 3519 ,
504 3455 948 3523 ταπεινοφρονεῖν
985 3453 1077 3507 καὶ
1124 3453 1403 3521 ὁμολογεῖν
1443 3452 1540 3520 τὴν
1572 3452 1844 3522 πτωχείαν

272 3546 481 3602 αὐτῶν.
514 3546 722 3615 Ὠσπερ
754 3546 862 3614 γὰρ
891 3546 920 3597 6
957 3545 1169 3614 πτωχὸς
1196 3547 1224 3598 6
1249 3544 1426 3597 λαϐὼν
1466 3545 1564 3615 τὴν
1594 3548 1847 3617 παραθή-

274 3655 382 3708 κην
409 3636 504 3690 τοῦ
528 3635 802 3706 θησαυροῦ
838 3636 991 3705 παρά
1015 3635 1107 3688 τοῦ
1135 3635 1420 3709 βασιλέως,
1455 3636 1548 3688 ἐάν
1573 3638 1849 3703 πεποιθὼς

280 3734 375 3786 ἐπὶ
402 3730 482 3800 τῷ
508 3730 775 3801 ἀλλοτρίῳ
801 3728 1081 3800 θησαυρῷ,
1113 3728 1188 3792 ὼς
1224 3728 1337 3799 ἰδίῳ
1369 3730 1582 3801 πλούτῳ
1602 3732 1811 3802 ἐπαρθῇ
1830 3772 1845 3799 ,

284 3827 378 3877 καὶ
423 3822 591 3890 τύφον
635 3822 773 3892 λάϐῃ
810 3823 843 3890 ὴ
882 3821 1078 3891 καρδία
1126 3821 1323 3878 αὐτοῦ.
1368 3822 1513 3891 αἴρει
1558 3821 1652 3874 ἀπ’
1682 3822 1848 3876 αὐτοῦ

278 3919 310 3970 6
344 3915 595 3985 βασιλεὺς
623 3915 711 3967 τὸν
740 3914 1011 3985 θησαυρὸν
1035 3912 1222 3975 αὐτοῦ,
1248 3913 1340 3967 καὶ
1364 3913 1512 3982 μένει
1544 3916 1571 3966 6
1604 3914 1851 3985 ἐσχηκὼς

278 4006 442 4058 αὐτὸν
485 4006 542 4056 ἐν
588 4002 1049 4073 παρακαταθήκῃ,
1096 3996 1205 4063 οἷος
1232 3997 1302 4072 ἦν
1334 4002 1441 4070 πρὸ
1468 4001 1657 4054 τούτου
1706 4020 1852 4054 πτωσ

281 4096 375 4166 χός
412 4112 424 4123 ·
456 4093 632 4155 οὕτως
675 4093 770 4147 καὶ
797 4094 848 4145 οί
879 4093 1094 4162 ἔχοντες
1121 4092 1218 4163 τὴν
1240 4093 1419 4161 χάριν,
1446 4092 1540 4145 ἐὰν
1571 4093 1852 4163 attagena:

283 4191 377 4243 καὶ
405 4187 574 4255 τύψον
613 4186 850 4239 λάϐωσιν
876 4188 931 4237 at
974 4184 1193 4254 κάρδιαι
1222 4184 1421 4249 αὐτῶν,
1466 4184 1609 4255 αἴρει
1636 4188 1729 4237 ἀπ’
1759 4187 1856 4239 αύ-

280 4280 392 4335 τῶν
421 4282 450 4332 6
481 4277 684 4348 Κύριος
713 4276 812 4346 τὴν
839 4276 998 4346 χάριν
1018 4275 1207 4336 αὑτοῦ,
1233 4275 1335 4339 καὶ,
1352 4276 1572 4343 μένουσι
1598 4276 1847 4341 τοιοῦτοι,

280 4368 388 4425 οἷοι
420 4366 562 4441 ἦσαν
610 4368 716 4439 πρὸ
760 4365 856 4419 τοῦ
892 4364 1076 4417 λαϐεῖν
1105 4364 1203 4436 τὴν
1246 4364 1406 4436 χάριν
1439 4365 1591 4435 παρά
1616 4366 1711 4419 τοῦ
1738 4367 1852 4419 Κυ-

286 4468 425 4540 ρίου.

354 4557 497 4613 KH’.
548 4554 709 4609 ’Δλλὰ
742 4553 927 4606 πολλοὶ
964 4552 1141 4606 καίτοι
1184 4551 1446 4621 συνούσης
1474 4553 1573 4621 τῆς
1597 4552 1850 4621 χάριτος,

284 4650 642 4719 κλεπτόμενοι
683 4647 788 4700 ὑπὸ
830 4647 927 4716 τῆς
952 4646 1219 4714 ἁμαρτίας
1263 4646 1361 4698 οὒκ
1395 4645 1617 4697 οἴδασιν.
1646 4646 1855 4713 ’Ὠσπερ

284 4745 380 4797 ἐὰν
455 4740 695 4808 νεωτέρα
718 4741 774 4790 ὲν
801 4739 933 4807 οίκῳ
953 4738 1076 4795 τινὶ,
1100 4737 1300 4805 ὁμοίως
1323 4736 1417 4788 καὶ
1440 4736 1700 4805 νεώτερος
1718 4752 1731 4765 υ
1761 4736 1856 4789 καὶ

283 4832 470 4886 λοιπὸν
484 4829 886 4898 κολακευομένη
909 4827 999 4883 ὑπ’
1017 4826 1223 4881 ἐκείνου
1247 4828 1385 4894 αὑτὴ
1405 4826 1662 4896 συνθῆται
1686 4826 1852 4894 αὐτῷ,

277 4925 575 4997 μοιχᾶται,
605 4922 699 4973 καὶ
724 4919 1030 4989 ἀπόϐλητος
1061 4918 1305 4986 γίνεται·
1340 4917 1481 4970 οὕτω
1510 4920 1603 4969 καὶ
1635 4918 1663 4969 6
1686 4918 1856 4978 δεινὸς

284 5016 409 5084 ὄφις
443 5014 543 5083 τῆς
575 5012 851 5081 ἁμαρτίας
892 5010 1106 5067 σύνεστι
1129 5012 1194 5079 τῇ
1216 5010 1361 5079 ψυχῇ
1388 5008 1739 5078 γαργαρίςων
1764 5009 1858 5060 καὶ

287 5106 733 5178 προτρεπόμενος
756 5122 771 5135 -
812 5104 905 5156 καὶ
926 5102 1019 5155 ἐάν
1046 5102 1338 5165 συνθῆται,
1370 5102 1615 5153 κοινωνεί
1652 5101 1685 5169 ἡ
1717 5096 1859 5153 ἀσώ-

290 5202 461 5273 ματός
481 5200 628 5269 ψυχὴ
649 5202 714 5269 τῇ
741 5196 1019 5266 ἀσωμάτῳ
1040 5194 1207 5264 κακίᾳ
1232 5193 1325 5246 τοῦ
1350 5190 1680 5261 πνεύματος,
1706 5208 1859 5243 τουτ-

288 5290 680 5361 έστι,.πνεῦμα
710 5288 980 5357 πνεύματι
1004 5287 1270 5349 κοινωνεῖ,
1300 5285 1393 5336 καὶ
1424 5282 1665 5352 μοιχεύει
1694 5282 1751 5334 έν
1789 5283 1857 5355 τῇ

290 5386 489 5457 καρδίᾳ
509 5382 673 5436 αὑτοῦ
699 5384 728 5435 6
770 5379 1145 5447 συντιθέμενος
1177 5377 1271 5429 καὶ
1310 5374 1736 5443 καταδεχόμενος
1768 5374 1859 5425 τὸν

290 5474 548 5545 λογισμὸν
574 5474 666 5526 τοῦ
694 5470 953 5542 πονηροῦ.
977 5471 1049 5522 T6
1071 5464 1163 5521 οὖν
1192 5468 1389 5537 μέτρον
1410 5464 1503 5517 τοῦ
1530 5465 1737 5532 ἀγῶνός
1766 5480 1856 5516 σου

289 5568 449 5620 τοῦτό
471 5569 639 5629 ἐστιν,
668 5565 755 5619 ἴνα
776 5565 851 5634 μὴ
878 5562 1171 5632 μοιχεύσῃς
1194 5562 1250 5611 ὲν
1278 5558 1689 5626 τοίςλογισμοῖς
1744 5555 1858 5609 ἀλλ’

295 5657 381 5710 ἵνα
404 5657 662 5724 ἀντιστῇς
684 5655 761 5723 τῷ
784 5654 880 5724 νῷ,
914 5653 1006 5705 καὶ
1028 5651 1227 5703 ἔσωθεν
1254 5650 1484 5719 ποιήσῃς
1512 5649 1744 5718 πόλεμον
1769 5648 1860 5700 καὶ

292 5750 499 5818 ἀγῶνα,
531 5750 623 5801 καὶ
654 5748 727 5818 μὴ
755 5746 1089 5816 ύπακούσῃς,
1129 5743 1260 5813 μηδὲ
1299 5741 1628 5813 συνηδυνθῇς
1657 5743 1720 5813 τῇ
1759 5758 1858 5792 κα-

1944 531 2271 586 incumbunt
2294 532 2495 585 animo.
2524 532 2602 586 Ac
2623 547 2804 602 prava:
2826 531 3185 602 cogitationes
3213 531 3509 601 permistaa,

1942 624 2169 678 omnino
2199 622 2355 677 facta:
2399 633 2531 678 sunt
2560 624 2713 677 velut
2742 623 2863 692 ejus
2908 622 3167 692 propriae,
3198 637 3299 677 nec
3332 632 3510 677 tamen

1942 714 2053 768 ulla
2076 713 2250 783 ipsius
2278 713 2497 783 propria
2521 722 2627 780 est,
2645 714 2773 783 quia
2800 713 3155 783 possidentur
3180 730 3210 767 a
3237 712 3401 767 vitiis.

2012 804 2202 861 XXVI.
2236 804 2414 860 Debes
2465 805 2633 874 igitur
2674 819 2923 873 quaerere
2954 805 3257 869 lucernam,
3282 820 3388 874 qua
3419 819 3511 857 ac-

1942 909 2107 949 censa
2130 894 2373 964 reperias
2402 911 2571 965 puras
2613 895 2991 965 cogitationes.
3041 895 3153 949 Illa:
3194 896 3341 950 enim
3384 904 3513 950 sunt

1943 987 2245 1053 naturales,
2268 1002 2406 1056 quas
2435 987 2567 1042 fecit
2618 987 2911 1052 Dominus;
2947 1003 3069 1057 quae
3109 988 3334 1057 quidem
3376 1004 3512 1042 enu-

1944 1078 2091 1132 tritae
2136 1078 2192 1132 in
2235 1078 2374 1132 mari
2419 1078 2738 1133 didicerunt
2771 1086 2993 1132 natare:
3030 1094 3151 1143 nec,
3195 1078 3241 1133 si
3292 1078 3513 1147 quando

1942 1168 2345 1225 assurrexerint
2387 1176 2741 1237 tempestates
2789 1183 2855 1223 ac
2898 1166 3119 1225 ﬂuctus.
3168 1177 3511 1237 stupescunt.

1943 1260 2140 1330 Sicque
2165 1258 2626 1315 suntChristiani.
2650 1260 2811 1314 Velut
2843 1274 2998 1313 mens
3016 1254 3172 1328 pueri
3204 1260 3371 1322 trimi,
3391 1275 3504 1328 qua

1942 1366 2053 1406 non
2100 1358 2280 1421 potest
2330 1351 2550 1420 assequi
2606 1359 2701 1404 aut
2745 1350 3217 1419 comprehendere
3274 1360 3507 1405 mentem

1943 1443 2175 1515 perfecti
2219 1442 2499 1512 sophistas,
2556 1442 2685 1510 quia
2737 1441 3039 1496 interfluxit
3092 1443 3323 1497 multum
3379 1452 3503 1497 tem-

1943 1536 2131 1604 poris,
2161 1534 2241 1588 sic
2281 1549 2501 1603 quoque
2546 1532 2842 1587 Christiani
2887 1532 3118 1601 perinde
3163 1548 3226 1588 ac
3277 1533 3508 1589 infantes

1944 1624 2211 1679 mundum
2237 1623 2572 1693 despiciunt,
2605 1623 2880 1679 intuentes
2909 1624 3139 1694 gradum
3170 1624 3375 1693 gratiaa.
3400 1625 3501 1677 Ho-

1944 1717 2115 1786 spites
2144 1716 2291 1770 enim
2324 1723 2453 1769 sunt
2496 1715 2661 1783 hujus
2698 1715 2905 1769 muli.
2936 1714 3141 1769 Civitas
3168 1722 3349 1768 autem
3394 1715 3501 1768 illo

1943 1824 2064 1863 rum
2115 1816 2173 1862 et
2216 1807 2435 1877 requies
2466 1817 2551 1862 est
2600 1807 2728 1861 alia.
2778 1806 2995 1860 Habent
3039 1807 3189 1860 enim
3215 1805 3507 1860 Christiani

1941 1902 2371 1959 consolationem
2422 1899 2681 1970 Spiritus,
2722 1900 3010 1970 lacrymas,
3045 1900 3250 1953 luctum
3281 1907 3337 1953 et
3364 1900 3501 1969 plan-

1941 2008 2087 2051 ctum
2114 2014 2127 2049 :
2158 2004 2213 2050 et
2247 1997 2377 2065 ipsae
2430 1996 2678 2064 Iacrymae
2726 2004 2855 2047 sunt
2882 1994 2989 2047 illis
3022 1994 3142 2048 vice
3169 1993 3507 2047 deliciarum.

1942 2086 2157 2140 Habent
2183 2098 2401 2153 quoque
2420 2092 2626 2137 metum
2659 2098 2786 2137 cum
2812 2083 3013 2153 gaudio
3030 2092 3087 2136 et
3108 2081 3508 2136 exsultatione:

1939 2180 2131 2248 sicque
2185 2185 2315 2231 sunt
2361 2175 2511 2230 velut
2562 2174 2812 2228 homines
2842 2182 3115 2243 gestantes
3165 2172 3219 2226 in
3257 2171 3513 2226 manibus

1941 2269 2259 2339 sanguinem
2278 2282 2457 2332 suum,
2472 2280 2581 2319 non
2604 2264 2835 2319 nimium
2855 2264 2960 2319 sibi
2994 2264 3126 2333 ipsis
3147 2263 3507 2326 conﬁdentes,

1940 2368 2037 2414 aut
2062 2358 2439 2413 existimantes
2469 2372 2525 2410 se
2556 2355 2761 2424 aliquid
2798 2370 2939 2416 esse,
2967 2354 3060 2408 sed
3101 2364 3229 2407 sunt
3254 2353 3508 2424 neglecti,

1940 2450 2239 2521 contempti
2275 2465 2340 2503 ac
2364 2448 2638 2518 reprobati
2667 2448 2812 2517 apud
2841 2462 3033 2502 omnes
3062 2446 3335 2500 homines.

2008 2638 2221 2693 XXVII.
2239 2637 2349 2707 ϐο
2372 2633 2842 2702 Quemadmodum
2866 2633 2910 2688 si
2940 2648 3033 2686 rex
3054 2630 3195 2701 apud
3218 2645 3511 2699 pauperem

1940 2730 2231 2802 quemdam
2262 2730 2502 2797 deponat
2535 2744 2695 2783 suum
2740 2727 3084 2789 thesaurum,
3113 2724 3160 2778 is
3179 2724 3273 2792 qui
3303 2726 3513 2791 accepit

1940 2824 2005 2875 ad
2036 2820 2478 2884 custodiendum,
2501 2834 2611 2873 non
2641 2825 2860 2887 reputat
2903 2817 3055 2870 illum
3095 2823 3156 2868 ut
3200 2830 3384 2878 suum,
3416 2813 3513 2866 sed

1941 2915 2144 2981 ubique
2172 2912 2373 2966 fatetur
2396 2917 2773 2980 paupertatem
2804 2924 2981 2972 suam,
3006 2923 3117 2960 non
3142 2906 3352 2959 audens
3377 2905 3514 2958 dila-

1941 3006 2130 3075 pidare
2158 3002 2366 3072 aliquid
2403 3018 2470 3056 ex
2500 3002 2679 3055 alieno
2716 3001 3015 3053 thesauro:
3059 2997 3165 3051 hoc
3206 3011 3421 3064 semper
3460 2995 3513 3047 in

1939 3097 2122 3151 animo
2143 3110 2389 3157 versans,
2408 3109 2517 3147 non
2559 3107 2679 3147 esse
2703 3091 2877 3145 solum
2902 3089 3140 3143 alienum
3174 3087 3513 3148 thesaurum,

1944 3185 2041 3241 sed
2078 3184 2242 3239 etiam
2273 3198 2455 3253 regem
2499 3182 2676 3235 virum
2705 3194 2933 3234 summa:
2976 3177 3232 3247 potentia:
3257 3192 3380 3231 eum
3420 3174 3516 3228 de-

1943 3276 2191 3347 posuisse
2217 3274 2363 3342 apud
2393 3289 2472 3337 se,
2496 3287 2580 3334 ac,
2605 3270 2824 3340 quando
2865 3268 2915 3323 ei
2944 3269 3121 3321 visum
3153 3268 3242 3328 sit,
3273 3282 3304 3319 a
3332 3281 3391 3319 se
3428 3280 3514 3319 re-

1945 3380 2204 3439 poscere:
2229 3363 2452 3417 eosdem
2495 3361 2699 3416 debent
2744 3375 2802 3413 se
2837 3368 3116 3428 reputare,
3146 3356 3239 3425 qui
3288 3356 3514 3425 gratiam

1946 3459 2188 3513 divinam
2232 3454 2514 3511 consecuti
2566 3462 2713 3515 sunt,
2743 3450 2978 3505 demisse
3014 3464 3079 3503 ac
3128 3447 3411 3501 humiliter
3449 3445 3518 3499 de

1947 3570 2007 3609 se
2054 3551 2287 3613 sentire,
2329 3564 2394 3603 ac
2442 3546 2693 3603 confiteri
2756 3542 2995 3613 inopiam
3054 3555 3230 3595 suam.
3280 3537 3517 3593 Perinde

1947 3644 2095 3699 enim
2121 3657 2185 3697 ac
2210 3641 2255 3697 si
2278 3655 2507 3710 pauper,
2535 3638 2630 3707 qui
2664 3637 2981 3690 thesaurum
3003 3647 3036 3687 ι
3057 3646 3184 3699 rege
3208 3628 3515 3699 depositum

1948 3736 2187 3804 accepit,
2224 3733 2405 3787 alieno
2444 3731 2701 3785 thesauro
2756 3726 2930 3780 fretus
2966 3724 3117 3777 velut
3158 3721 3273 3775 suis
3322 3718 3521 3788 opibus

1948 3830 2229 3888 eﬂ‘eratur,
2258 3840 2321 3878 ac
2338 3838 2434 3878 cor
2460 3822 2580 3891 ejus
2608 3821 2747 3873 altos
2770 3825 2949 3872 sumat
2972 3815 3222 3884 spiritus,
3247 3810 3429 3865 aufert
3450 3810 3519 3862 ai)

1948 3934 2016 3974 eo
2046 3933 2141 3971 rex
2170 3916 2487 3969 thesaurum
2526 3925 2707 3972 suum,
2736 3923 2798 3962 ac
2827 3913 3114 3976 permanet
3156 3904 3269 3967 ille,
3299 3900 3394 3969 qui
3426 3900 3525 3952 de.-

1952 4007 2115 4078 positi
2159 4007 2282 4060 loco
2311 4019 2437 4057 eum
2478 4010 2787 4069 acceperat,
2813 3998 2989 4066 qualis
3019 4004 3135 4049 erat
3173 4002 3353 4053 antea,
3386 4006 3521 4059 pau-

1950 4117 2051 4171 per
2082 4116 2096 4153 :
2121 4099 2203 4153 sic
2226 4112 2464 4166 quoque,
2488 4095 2579 4162 qui
2604 4092 2833 4162 gratiam
2862 4086 3139 4144 consecuti
3170 4093 3319 4147 sunt,
3350 4084 3395 4137 si
3422 4099 3517 4136 ex-

1952 4192 2239 4255 tollantur,
2270 4202 2333 4243 ac
2371 4185 2686 4255 superbiam
2735 4180 3051 4249 concipiant
3091 4191 3281 4232 eorum
3330 4173 3520 4239 corda,

1952 4285 2133 4338 aufert
2150 4283 2218 4335 ab
2249 4281 2358 4333 illis
2390 4277 2653 4332 Dominus
2690 4274 2918 4344 gratiam
2949 4286 3125 4331 suam,
3155 4275 3211 4322 et
3237 4272 3525 4320 remanent

1954 4376 2109 4439 tales,
2136 4372 2327 4441 quales
2350 4379 2511 4424 erant
2535 4370 2851 4437 priusquam
2883 4360 3166 4417 consecuti
3190 4366 3375 4413 essent
3393 4372 3520 4428 gra-

1885 4495 1929 4548 D
1956 4466 2083 4519 tiam
2111 4481 2140 4517 a
2162 4462 2414 4516 Domino.

2028 4555 2263 4610 XXVIII.
2292 4554 2493 4606 Verum
2532 4547 2714 4611 multi,
2758 4562 2819 4601 se
2860 4546 2948 4601 vel
2994 4544 3335 4600 inhabitante
3366 4542 3421 4597 in
3463 4558 3523 4597 se

1958 4648 2148 4721 gratia.
2168 4661 2197 4698 a
2220 4652 2441 4712 peccato
2458 4642 2597 4695 clam
2616 4637 2827 4707 subripi
2845 4652 2953 4689 non
2972 4628 3301 4705 percipiunt.
3320 4635 3527 4699 Quem-

1958 4738 2249 4795 admodum
2305 4736 2349 4789 si
2391 4735 2462 4788 sit
2511 4733 2562 4785 in
2607 4732 2769 4784 domo
2803 4732 2983 4798 aliqua
3026 4727 3273 4796 quaedam
3328 4727 3523 4795 juven-

1958 4828 2098 4890 cula,
2126 4825 2381 4878 similiter
2426 4829 2481 4874 et
2520 4819 2878 4879 adolescens;
2918 4824 3172 4868 ceterum
3229 4812 3348 4865 haec
3395 4826 3522 4863 ver-

1960 4922 2151 4973 borum
2197 4912 2469 4969 illecebris
2503 4910 2570 4963 ab
2594 4925 2660 4963 eo
2690 4908 2927 4970 devicta,
2950 4904 3030 4958 Illi
3078 4901 3375 4965 consentit,
3406 4909 3525 4953 stu—

1959 5026 2113 5081 prum
2147 5004 2459 5066 committit,
2485 5017 2569 5064 ac,
2612 5014 2732 5068 quae
2776 4996 3103 5065 expellatur,
3134 5001 3413 5045 meretur:
3445 4991 3524 5044 sic

1962 5100 2225 5158 terribilis
2242 5098 2329 5150 ille
2350 5106 2578 5161 serpens
2605 5088 2814 5159 peccati
2838 5095 3105 5155 perpetuo
3128 5083 3284 5137 adest
3304 5081 3513 5133 animm.

1958 5209 2077 5247 eam
2128 5190 2371 5243 alliciens
2418 5200 2480 5238 ac
2527 5194 2849 5252 provocans,
2906 5194 3026 5246 qua:
3080 5176 3125 5229 si
3171 5173 3519 5241 astipuletur,

1960 5282 2325 5339 communicat
2368 5278 2549 5331 anima
2593 5273 2912 5339 incorporea
2944 5283 3066 5321 cum
3120 5266 3254 5318 vitio
3294 5264 3524 5331 Spiritus

1963 5376 2310 5443 incorporeo,
2327 5370 2437 5425 hoc
2456 5375 2560 5431 est,
2583 5363 2810 5434 spiritus
2830 5374 2953 5413 cum
2981 5358 3176 5428 Spiritu
3202 5358 3520 5411 societatem

1963 5467 2085 5529 init,
2108 5474 2162 5518 et
2190 5461 2521 5517 adulterium
2552 5453 2847 5511 committit
2874 5451 2930 5505 in
2959 5450 3125 5505 corde
3163 5461 3263 5505 s'uo
3313 5448 3379 5510 is,
3427 5448 3523 5514 qui

1960 5556 2219 5610 societate
2277 5551 2411 5606 inita
2454 5547 2645 5615 recipit
2710 5542 3091 5613 cogitationem
3176 5536 3521 5607 nequissimi.

1963 5649 2150 5701 Modus
2192 5660 2320 5713 ergo
2356 5638 2671 5696 certaminis
2705 5635 2781 5688 tui
2832 5635 2921 5687 hic
2966 5642 3066 5694 est,
3099 5648 3164 5685 ne
3194 5632 3523 5685 adulterium

1962 5738 2271 5795 committas
2300 5735 2352 5791 in
2392 5728 2810 5803 cogitationibus
2838 5725 2963 5789 tuis,
2990 5722 3082 5779 sed
3121 5731 3180 5779 ut
3206 5722 3519 5783 relucteris,
