4282 6364
835 395 940 458 595

2066 389 2128 449 S.
2165 388 2483 450 MACARII
2522 390 2843 452 JF-GYPTII

3974 400 4082 466 596

829 510 887 554 et
916 500 1196 553 internum
1225 496 1428 551 bellum
1460 510 1522 550 ac
1573 510 1808 566 pugnam
1843 495 2127 566 suscipias,
2150 512 2252 551 nec
2290 512 2408 551 mo-
2437 504 2479 560 Α
2510 515 2537 549 κ

2437 504 2479 560 Α
2510 499 2603 569 κίᾳ
2626 500 2685 551 ὲν
2728 502 2837 563 τοῖς
2878 500 3187 572 λογισμοις·
3234 504 3325 556 καὶ
3355 505 3451 557 ἐὰν
3478 505 3684 574 ταύτην
3724 507 3822 574 τὴν
3860 508 4086 579 ἑτοιμα-

832 608 946 645 rem
979 604 1159 661 geras,
1190 604 1327 643 neve
1368 588 1659 641 delecteris
1683 603 1713 641 a
1742 587 1987 657 nequitia
2024 589 2079 642 in
2120 590 2403 658 cogitatio-

830 680 1019 733 nibus.
1042 678 1217 744 Quam
1245 676 1415 729 animi
1447 675 1935 744 promptitudinem
1966 674 2012 728 si
2055 676 2317 732 Dominus
2347 678 2402 733 in

831 782 885 825 te
916 767 1313 840 deprehendat,
1340 768 1395 821 in
1421 767 1717 821 novissimo
1757 767 1845 821 die
1886 766 2117 837 recipiet
2148 776 2199 823 te
2237 770 2292 823 in
2316 786 2404 825 re-

828 878 998 933 gnum
1026 863 1312 917 caelorum.

902 954 1093 1008 XXIX.
1132 953 1271 1008 Sunt
1297 953 1443 1007 enim
1486 953 1757 1022 quedam,
1788 970 1910 1023 qua:
1961 956 2035 1010 ita
2085 956 2401 1010 moderatur

832 1047 1118 1109 Dominus,
1146 1061 1215 1098 ne
1238 1045 1448 1097 nullum
1486 1045 1861 1099 testimonium
1891 1046 2082 1117 gratiae
2123 1047 2322 1101 divina:
2346 1059 2403 1102 et

831 1138 1144 1191 vocationis
1165 1152 1275 1189 suae
1307 1136 1547 1190 ediderit
1573 1154 1586 1189 :
1615 1146 1744 1190 sunt
1770 1137 1900 1191 item
1930 1146 1986 1191 et
2020 1138 2146 1202 alia,
2174 1155 2294 1208 qua:
2325 1142 2401 1195 ita

833 1228 1208 1298 permittendo
1264 1228 1613 1282 administrat
1672 1230 1846 1293 Deus,
1907 1237 1967 1283 ut
2026 1231 2293 1299 probetur
2348 1241 2403 1287 et

828 1330 1158 1374 exerceatur
1209 1320 1393 1383 homo,
1439 1336 1502 1374 ac
1546 1322 1769 1390 pateﬁat
1814 1321 2049 1375 liberum
2105 1323 2403 1379 voluntatis

834 1413 1088 1466 humanae
1123 1413 1434 1465 arbitrium.
1470 1412 1872 1467 Afﬂictionibus
1921 1414 2068 1467 enim
2116 1429 2179 1468 ac
2222 1425 2401 1469 tenta-

834 1506 1082 1559 tionibus
1132 1505 1403 1573 oppressi,
1455 1506 1499 1557 si
1556 1506 1939 1565 sustinuerint,
1984 1522 2094 1559 non
2142 1506 2404 1561 excidunt

836 1612 1001 1666 regno
1057 1597 1339 1650 caelorum.
1389 1595 1685 1650 Christiani
1739 1610 1870 1665 ergo
1907 1596 1961 1649 in
2006 1597 2171 1650 rebus
2194 1597 2403 1666 asperis

834 1689 985 1741 nullo
1013 1703 1114 1741 nec
1140 1688 1329 1741 dolore
1364 1703 1465 1741 nec
1495 1688 1717 1740 tristitia
1746 1688 2076 1743 afﬁciuntur.
2107 1688 2162 1743 SI
2214 1690 2399 1759 inopia

834 1790 928 1833 aut
961 1780 1291 1833 contumelia
1325 1780 1701 1847 explorantur,
1751 1797 1858 1834 non
1914 1781 2120 1835 debent
2164 1782 2402 1835 admira-

834 1872 983 1925 tione
1006 1871 1145 1924 allici
1169 1889 1182 1937 ;
1219 1872 1403 1940 potius
1443 1880 1763 1941 paupertate
1788 1873 2072 1938 delectari,
2096 1889 2159 1928 ac
2193 1890 2291 1943 pro
2314 1876 2400 1929 di-

835 1964 985 2017 vitiis
1020 1964 1243 2025 liabere.
1273 1964 1538 2033 jejunium
1601 1979 1698 2032 pro
1765 1964 1997 2030 deliciis,
2046 1968 2400 2036 ignominiam

834 2069 935 2123 pro
964 2054 1157 2123 gloria.
1186 2056 1260 2107 Ex
1296 2056 1527 2108 adverso
1574 2056 1618 2109 si
1666 2057 1960 2111 inciderint
2005 2057 2059 2110 in
2092 2073 2180 2111 res
2213 2059 2267 2112 in
2301 2059 2401 2113 hac

834 2146 945 2199 vila
980 2147 1286 2214 praeclaras,
1319 2162 1439 2215 qua:
1471 2163 1567 2201 eos
1596 2147 1856 2201 allectant
1881 2148 1948 2201 ad
1998 2150 2238 2218 quietem
2286 2166 2401 2203 car—

834 2236 1039 2299 nalem,
1073 2237 1137 2290 ad
1170 2238 1414 2299 divitias,
1464 2238 1530 2291 ad
1584 2239 1838 2307 gloriam,
1887 2251 1981 2294 aut
2036 2241 2100 2294 ad
2152 2242 2399 2308 delicias,

832 2329 1059 2381 omnino
1083 2345 1193 2383 non
1224 2329 1309 2383 his
1333 2330 1595 2385 delectari
1636 2330 1861 2390 debent.
1889 2333 1984 2387 sed
2014 2333 2164 2389 velut
2190 2334 2257 2387 ab
2288 2335 2396 2405 igni

833 2416 1117 2481 aufugero.

903 2599 1071 2653 XXX.
1103 2600 1251 2653 Idem
1304 2603 1481 2655 oculis
1527 2603 1919 2673 subjicnamus:
1970 2624 2013 2659 St
2049 2622 2182 2676 gens
2220 2608 2397 2677 aliqua

831 2692 1031 2759 exigua
1082 2701 1369 2745 moveatur
1414 2694 1476 2746 ad
1514 2694 1717 2747 bellum
1754 2696 1865 2765 regi
1894 2696 2259 2762 inferendum,
2290 2715 2400 2753 non

832 2784 991 2836 valde
1020 2783 1287 2837 sollicitus
1308 2794 1391 2838 est
1425 2785 1539 2853 ipse
1574 2786 1628 2839 in
1661 2804 1728 2840 eo
1754 2788 2116 2851 conﬁciendo,
2150 2790 2244 2843 sed
2273 2791 2395 2843 mit-

834 2874 898 2927 tit
924 2875 1124 2930 milites
1148 2891 1271 2929 cum
1302 2876 1557 2941 ducibus,
1589 2880 1682 2947 qui
1722 2880 1921 2934 bellum
1950 2894 2163 2951 gerant.
2189 2882 2244 2936 Si
2270 2900 2400 2938 vero

833 2980 966 3033 gens
988 2976 1133 3019 mota
1157 2982 1266 3020 non
1290 2966 1364 3021 sit
1393 2969 1577 3038 exigui
1611 2972 1850 3035 numeri,
1869 2988 1988 3042 qua:
2015 2988 2209 3043 nempe
2232 2976 2401 3044 possit

831 3065 1081 3110 evertere
1129 3074 1357 3126 regnum
1399 3060 1539 3129 ejus.
1587 3061 1802 3130 cogitur
1844 3063 1958 3131 ipse
2015 3079 2107 3117 rex
2135 3080 2257 3118 cum
2298 3066 2399 3118 do-

835 3148 1078 3201 mesticis
1108 3156 1161 3201 et
1180 3151 1423 3203 exercitu
1449 3166 1551 3203 suo
1584 3152 1639 3205 in
1674 3153 1872 3206 bellum
1898 3155 2214 3223 procedere,
2238 3166 2399 3225 atque

836 3236 1081 3291 collectis
1132 3239 1307 3306 copiis
1364 3241 1566 3293 bellum
1626 3241 1941 3313 proﬂigare.
1995 3244 2225 3313 Respice
2272 3262 2402 3317 ergo

833 3329 1154 3398 dignitatem
1193 3339 1361 3395 tuam,
1410 3348 1624 3401 nempe,
1672 3334 1843 3387 Deum
1882 3336 2254 3390 exsurrexisse
2279 3351 2403 3390 cum

834 3432 935 3469 suo
951 3419 1266 3480 exercitu“,
1282 3421 1620 3487 angelorum,
1636 3421 1879 3489 inquam,
1897 3431 1951 3475 et
1967 3432 2278 3475 sanctorum
2297 3424 2400 3493 ει

834 3508 1152 3576 spirituum,
1179 3519 1239 3563 ut
1260 3525 1344 3570 ea,
1372 3526 1491 3578 quae
1522 3511 1589 3564 ad
1620 3527 1677 3565 se
1706 3521 1940 3580 spectat,
1970 3513 2238 3580 legatione
2289 3514 2405 3583 ipse

834 3598 1157 3667 perfunctus
1184 3611 1235 3655 te
1268 3602 1567 3655 redimeret
1596 3619 1624 3654 a
1656 3611 1853 3655 morte.
1898 3604 2134 3658 Obﬁrma
2163 3606 2327 3675 igitur
2352 3616 2405 3660 te

834 3689 1034 3756 ipsum.
1081 3706 1146 3744 ac
1188 3692 1389 3759 cogita,
1440 3701 1645 3760 quanta
1696 3694 2041 3761 providentia
2096 3696 2173 3747 tui
2231 3696 2403 3764 gratia

834 3780 973 3833 facta
998 3780 1071 3834 sit
1098 3782 1110 3834 !
1144 3780 1412 3835 Cancrum
1446 3786 1655 3836 utimur
1679 3783 1929 3851 exemplo
1961 3798 1992 3836 e
2018 3784 2125 3838 vita
2167 3785 2403 3837 humana

834 3868 1005 3936 petito
1055 3878 1311 3937 tanquam
1339 3871 1391 3921 in
1432 3872 1537 3923 vita
1567 3870 1746 3925 adhuc
1791 3870 2136 3925 exsistentes.
2170 3873 2403 3928 Perinde

833 3973 897 4012 ac
926 3960 969 4012 si
994 3976 1090 4012 rex
1118 3960 1322 4014 incidat
1342 3976 1396 4013 in
1418 3964 1709 4030 quemdam
1737 3977 2057 4030 pauperem,
2086 3963 2401 4018 inﬁrmitate

832 4048 1111 4113 affectum,
1148 4065 1248 4103 nec
1296 4056 1580 4105 erubescat
1633 4052 1948 4105 salubribus
1985 4053 2402 4109 medicamentis

832 4140 952 4208 ejus
982 4155 1175 4194 curare
1204 4141 1466 4205 vulnera,
1496 4150 1550 4194 et
1577 4158 1703 4196 eum
1731 4145 1785 4196 in
1814 4143 2074 4211 palatium
2103 4159 2261 4198 suum
2286 4145 2402 4200 illa-

836 4238 948 4282 tum
996 4231 1187 4284 induat
1220 4248 1460 4301 purpura
1512 4250 1575 4288 ac
1621 4234 1947 4300 diademate,
1982 4246 2145 4304 atque
2173 4240 2400 4305 partici-

834 4336 956 4388 pem
986 4320 1148 4374 faciat
1191 4337 1393 4375 mensa:
1422 4338 1565 4376 suae:
1604 4324 1683 4379 sic
1728 4326 1968 4380 cmlestis
2009 4342 2102 4379 rex
2149 4326 2401 4382 Christus

832 4411 1100 4465 accedens
1146 4412 1213 4465 ad
1267 4413 1545 4467 hominem
1594 4416 1833 4483 graviter
1872 4417 2148 4483 affectum,
2188 4420 2400 4473 sanavit

2430 1840 2477 1897 B

2506 589 2625 643 σίαν
2659 590 2796 661 εὕρῃ
2825 593 2853 644 6
2882 592 3082 663 Κύριος
3122 595 3178 645 ἐν
3212 594 3316 655 σοὶ,
3344 598 3402 646 ὲν
3424 599 3489 666 τῇ
3527 597 3733 667 ἐσχάτῃ
3763 599 3948 671 ήμέρᾳ
3972 619 4082 653 πα-

2506 684 2843 753 ραλαμϐάνει
2873 702 2931 737 σε
2959 688 3018 738 ἐν
3044 689 3110 757 τῇ
3140 686 3387 757 βασιλείᾳ
3420 690 3613 743 αὐτοῦ.

2575 957 2704 1010 ΚΘθ.
2779 973 2911 1010 non
2946 958 3051 1029 γάρ
3092 974 3216 1009 τινα
3268 958 3591 1029 πράγματα,
3646 959 3680 1014 ἃ
3724 962 4004 1032 οἰκονομεῖ
4047 963 4077 1015 ἐ

2504 1047 2706 1116 Κύριος
2754 1049 2841 1101 ἵνα
2873 1048 2947 1118 μὴ
2980 1050 3293 1119 ἀμάρτυρον
3326 1051 3518 1103 ἑαυτὸν
3552 1056 3755 1123 ποιήσῃ
3785 1055 3884 1124 τῆς
3923 1055 4078 1117 θείας

2502 1140 2719 1208 χάριτος
2745 1140 2839 1192 καὶ
2872 1140 2970 1209 τῆς
3001 1141 3245 1209 κλήσεως
3270 1143 3433 1195 αὐτοῦ
3456 1158 3470 1171 ⁸
3509 1146 3601 1195 καὶ
3632 1146 3747 1196 ἐστι
3778 1146 3901 1196 τινὰ
3927 1148 4079 1215 τιρά-

2503 1247 2707 1299 γματα,
2748 1230 2782 1284 ἃ
2814 1230 2987 1293 οὕτως
3030 1233 3303 1301 οἰκονομεί
3350 1234 3490 1286 κατά
3526 1234 3941 1305 παραχώρησιν,
3988 1238 4077 1289 ἴνα

2502 1320 2805 1391 δοκιμασθῇ
2836 1323 2929 1374 καὶ
2957 1323 3243 1392 γυμνασθῇ
3268 1325 3295 1376 6
3324 1324 3631 1393 ἄνθρωπος,
3662 1327 3746 1378 ἵνα
3774 1329 4076 1398 ἀποδειχθῇ

2502 1412 2562 1463 τὸ
2590 1413 2932 1479 αὐτεξούσιον
2962 1413 3056 1466 τοῦ
3098 1414 3402 1484 ἀνθρώπου.
3432 1418 3492 1468 Οί
3521 1418 3625 1488 γὰρ
3658 1420 3715 1472 ὲν
3738 1419 3951 1488 θλίψεσι
3978 1422 4077 1474 καὶ

2502 1506 2826 1573 πειρασμοῖς
2870 1504 3043 1568 ὄντες,
3073 1504 3167 1556 Liv
3207 1506 3594 1575 ὑπομείνωσιν,
3624 1511 3723 1561 ούκ
3753 1512 4074 1579 ἀποτυγχά-

2501 1610 2653 1646 νουσι
2676 1594 2774 1661 τῆς
2803 1594 3079 1662 βασιλείας
3104 1595 3213 1647 τῶν
3240 1597 3507 1667 οὐρανῶν.
3541 1600 3604 1651 Οἱ
3634 1596 3726 1653 οὖν
3755 1604 4075 1670 Χριστιανοὶ

2502 1685 2560 1735 ὲν
2587 1685 2697 1745 τοῖς
2724 1683 2992 1754 θλιόεροῖς
3021 1686 3339 1755 πράγμασιν
3366 1689 3463 1739 οὐκ
3494 1689 3751 1758 ἄχθονται
3773 1692 3804 1759 ἢ
3833 1692 4076 1745 λυποῦν⁴

2502 1791 2625 1827 ται’
2672 1777 2769 1829 ἑάν
2808 1777 2865 1829 ἐν
2910 1776 3071 1848 πενίᾳ
3110 1778 3144 1847 ἢ
3195 1781 3497 1851 κακουρχία
3546 1782 3925 1848 ἐξετασθῶσιν,
3972 1787 4079 1839 οὐκ

2502 1866 2773 1934 ὀφείλουσι
2818 1867 3141 1934 ξενίζεσθαι,
3175 1870 3311 1923 ἀλλά
3340 1872 3539 1940 μᾶλλον
3580 1874 3969 1943 συνηδύνεσθαι
4001 1880 4073 1948 τῇ

2502 1956 2765 2027 πτωχείᾳ,
2807 1960 2900 2010 καὶ
2934 1961 3188 2026 ήγεῐσθαι
3227 1962 3346 2013 ἀντὶ
3384 1962 3640 2029 πλούτου,
3685 1965 3782 2035 τὴν
3810 1969 4077 2035 νηστείαν

2501 2048 2623 2101 ἀντὶ
2664 2049 2893 2119 τρυφῆς,
2931 2049 3029 2119 τὴν
3066 2051 3294 2119 ἀτιμίαν
3335 2054 3432 2104 καὶ
3464 2053 3681 2117 ἀδοξίαν
3731 2059 3850 2110 ἀντὶ
3877 2059 4073 2129 δόξης*

2502 2139 2661 2193 πάλιν
2700 2139 2780 2201 δὲ,
2823 2140 2920 2193 ὲάν
2954 2141 3267 2209 ἐμπέσωσιν
3296 2143 3377 2203 εἰς
3422 2146 3723 2215 πράγματα
3765 2148 3951 2212 ἔνδοξα
3994 2150 4077 2219 τῷ

2502 2230 2601 2301 βίῳ
2626 2230 2819 2301 τούτῳ,
2851 2230 2994 2302 ἅπερ
3022 2234 3389 2305 προτρέπεται
3433 2236 3626 2299 αὐτοὺς
3649 2240 3728 2301 είς
3758 2240 4077 2293 ἀνάπαυσιν

2502 2320 2790 2391 σαρκικὴν,
2826 2320 2859 2389 ἢ
2900 2321 3150 2387 πλοῦτον,
3177 2324 3209 2394 ἢ
3240 2324 3418 2389 δόξαν,
3447 2327 3478 2394 ἢ
3521 2329 3753 2399 τρυφήν,
3795 2332 4077 2400 ὀφείλουσι

2504 2414 2578 2483 μὴ
2628 2413 2957 2484 συνήδεσθαι
3008 2415 3250 2482 τούτοις,
3282 2418 3395 2471 ἀλλ’
3455 2420 3791 2489 ἀποφεύγειν
3845 2423 3920 2485 ὡς
3964 2426 4078 2477 ἀπὸ

2501 2505 2692 2575 πυρός.

2570 2596 2646 2651 Λ’.
2676 2599 2769 2661 Εἰς
2797 2613 2854 2650 το
2878 2616 3228 2669 φαινλμενονο
3294 2606 3414 2664 dvo;
3437 2604 3531 2655 ἐὰν
3566 2604 3847 2674 ἐλάχιστον
3892 2609 4077 2661 ὲπικι-

2500 2690 2634 2760 νηθῇ
2658 2690 2737 2759 τῷ
2770 2690 2977 2760 βασιλεῖ
3009 2695 3143 2763 πρὸς
3179 2693 3435 2763 πόλεμον,
3473 2697 3534 2748 οὐ
3576 2698 3775 2766 κάμνει
3818 2699 4076 2768 πολεμῶν

2502 2781 2683 2843 αὐτὸς,
2714 2783 2826 2833 ἀλλ’
2859 2784 3177 2837 ἀποστέλλει
3205 2787 3540 2854 στρατιώτας
3563 2792 3700 2857 μετά
3730 2792 3839 2843 τῶν
3870 2793 4075 2862 ἀρχόν-

2502 2892 2609 2926 των
2630 2874 2831 2938 αὐτῶν,
2859 2876 2951 2927 καὶ
2974 2876 3252 2930 ποιοῦνται
3276 2879 3366 2930 τὸν
3390 2880 3648 2949 πόλεμον.
3684 2882 3809 2935 Ἐἀν
3836 2884 3893 2936 δὲ
3920 2884 4075 2948 ἔθνος

2505 2962 2813 3037 μέγιστονῇ
2836 2968 2895 3018 τὸ
2919 2968 3251 3035 ὲπικινηθὲν,
3272 2969 3570 3039 δυνάμενον
3598 2974 3942 3043 ὲμπορθῆσαι
3974 2978 4076 3043 τὴν

2504 3056 2779 3126 βασιλείαν
2806 3058 2994 3119 αὑτοῦ,
3026 3060 3393 3127 ἀναγκάζεται
3421 3065 3583 3127 αὐτὸς
3621 3068 3649 3117 6
3688 3065 3940 3134 βασιλεὺς
3974 3069 4075 3119 σὺν

2428 3177 2469 3233 C
2500 3152 2614 3212 τοῖς
2648 3151 2705 3202 ὲν
2756 3150 2834 3221 τῷ
2883 3152 3129 3221 παλατέῳ
3194 3154 3289 3205 καὶ
3332 3157 3446 3217 τοῖς
3486 3158 3867 3225 στρατοπέδοις
3906 3159 4077 3211 αὐτοῦ

2503 3242 2754 3294 ἀπελθεῖν
2777 3246 3144 3314 συγκροτῆσαι
3169 3247 3261 3299 τὸν
3291 3247 3547 3317 πόλεμον.
3574 3250 3749 3302 Βλέπε
3770 3250 3864 3302 οὖν
3890 3267 3985 3303 σου
4014 3252 4079 3303 τὸ

2501 3333 2737 3402 ἀξίωμα,
2761 3335 2841 3386 ὃτι
2870 3337 2897 3386 6
2938 3336 3069 3399 Θεὸς
3113 3340 3336 3409 ἐκινήθη
3385 3343 3524 3409 μετά
3554 3342 3647 3394 τοῦ
3684 3343 3817 3395 ίδίου
3842 3360 4077 3413 στρατο-

2502 3426 2688 3488 πέδου,
2723 3426 2830 3479 τῶν
2874 3428 3118 3494 ἀγγέλων
3156 3428 3298 3497 λέγω
3340 3432 3435 3483 καὶ
3472 3431 3570 3483 τῶν
3602 3432 3775 3498 ἁγίων
3820 3436 4077 3503 πνευμά-

2502 3536 2632 3581 των,
2685 3519 2765 3580 εἰς
2810 3518 2909 3587 σὴν
2959 3520 3255 3587 πρεσὸείαν
3298 3520 3366 3574 δι’
3400 3520 3594 3573 ἑαυτοῦ
3640 3522 3830 3586 ἐλθὼν,
3884 3524 3972 3575 ἵνα
4017 3542 4078 3577 σε

2502 3608 2845 3679 λυτρώσηται
2869 3611 2932 3661 ὲκ
2954 3609 3045 3661 τοῦ
3070 3610 3322 3665 θανάτου.
3368 3611 3686 3678 Ἀσφάλισαι
3710 3612 3803 3666 οὖν
3825 3616 4077 3681 σεαυτὸν,

2502 3701 2597 3753 καὶ
2625 3700 2904 3770 ἐννοήθητι
2932 3702 3017 3753 οἷα
3057 3702 3280 3770 πρόνοια
3319 3704 3407 3756 διά
3461 3704 3520 3756 σὲ
3553 3706 3865 3775 γεγένηται.
3910 3707 4080 3761 ’Υποο

2506 3790 2754 3859 δείγματι
2780 3791 2835 3843 δὲ
2865 3790 3100 3861 βιωτικῷ
3126 3793 3469 3863 κεχρήμεθα,
3510 3793 3586 3857 ὼς
3612 3798 3668 3847 ὲν
3692 3795 3813 3865 βίῳ.
3861 3796 4078 3867 Ὠισπερ

2501 3882 2568 3935 ἂν
2695 3883 2980 3953 βασιλεὺς,
3037 3884 3132 3935 καὶ
3175 3883 3309 3954 εὕρῃ
3358 3886 3481 3938 τινά
3533 3887 3709 3955 ἐνδεῆ,
3754 3889 3848 3940 καὶ
3883 3889 4079 3957 ἔχοντα

2501 3974 2679 4043 πάθη,
2722 3974 2814 4026 καὶ
2854 3974 2929 4044 μὴ
2978 3975 3312 4043 ἐπαισχυνθῇ
3354 3977 3543 4039 αὐτὸν,
3587 3977 3723 4031 ἀλλά
3759 3984 4079 4050 φαρμάκοις

2503 4065 2812 4131 ίαματικοίς
2880 4063 3194 4134 θεραπεύσῃ
3260 4066 3423 4119 αὑτοῦ
3482 4067 3550 4120 τά
3610 4068 3923 4138 τραύματα,
3982 4072 4080 4123 καὶ

2498 4154 2775 4223 ἀπενέγκῃ
2812 4154 2975 4207 αὐτὸν
3027 4156 3107 4216 εἰς
3162 4155 3224 4208 τὸ
3281 4157 3476 4210 ἑαυτοῦ
3519 4159 3801 4221 παλάτιον,
3841 4162 3937 4213 καῖι
3992 4165 4081 4214 ὲν-

2498 4244 2632 4313 δύσῃ
2682 4245 2844 4297 αὑτὸν
2889 4247 2989 4315 τὴν
3040 4248 3353 4319 πορφυρίδα
3390 4251 3484 4301 καὶ
3541 4250 3602 4302 τὺ
3660 4251 3899 4320 διάδημα
3918 4290 3932 4313 τ,
3982 4253 4081 4306 καὶ

2499 4340 2699 4409 ποιήσῃ
2731 4340 2892 4392 αὐτὸν
2926 4342 3187 4394 κοινωνὸν
3216 4344 3318 4411 τῆς
3360 4344 3641 4413 τραπέζης
3668 4345 3833 4396 αὐτοῦ
3858 4359 3873 4373 ⁸
3905 4344 4080 4407 οὕτως

2501 4433 2597 4483 καὶ
2630 4431 2658 4481 6
2687 4432 3004 4500 ἐπουράνιος
3036 4432 3292 4501 βασιλεὺς
3322 4433 3576 4503 Χριστὸς,
3608 4433 3778 4486 ὲλθὼν
3820 4435 3957 4504 πρδς
3987 4436 4081 4487 τὸν

832 4517 959 4553 eum
1002 4513 1163 4570 atque
1197 4504 1407 4557 socium
1453 4505 1583 4558 fecit
1613 4507 1771 4575 regia:
1812 4523 2013 4561 mensae
2036 4523 2183 4572 suae;
2217 4520 2273 4563 et
2296 4512 2401 4564 hoc
2433 4517 2474 4570 D
2502 4522 2536 4575 ἀ

2433 4517 2474 4570 D
2502 4522 2782 4590 ἄνθρωπον
2811 4522 3000 4590 ἔχοντα
3028 4523 3174 4592 πάθη
3209 4526 3415 4583 ίάσατο.
3442 4526 3536 4578 καὶ⁵
3566 4525 3791 4595 ἐποίησε
3822 4528 4081 4580 κοινωνὸν

833 4592 1055 4659 quidem
1094 4594 1240 4646 nulla
1278 4595 1331 4648 vi
1372 4596 1492 4664 ejus
1541 4597 1875 4653 voluntatem
1922 4601 2275 4669 compellens,
2304 4601 2401 4657 sed

833 4684 1079 4739 alliciens
1107 4686 1163 4738 in
1194 4694 1399 4740 tantam
1430 4687 1750 4757 dignitatem
1778 4706 1905 4745 eum
1932 4692 2237 4747 constituit.

901 4891 1092 4945 XXXI.
1130 4892 1407 4963 Scriptum
1434 4896 1581 4949 enim
1624 4908 1707 4951 est
1747 4899 1801 4953 in
1832 4901 2128 4971 Evangelio
2163 4902 2396 4954 :Domi-

833 4999 958 5037 num
985 4984 1242 5037 dimisisse
1289 5003 1460 5040 servos
1510 4989 1580 5041 ad
1623 4992 1913 5044 vocandum
1960 5008 2066 5055 eos,
2096 4994 2185 5061 qui
2216 4993 2397 5046 volunt

833 5073 1024 5133 venire,
1062 5074 1378 5125 denuntians
1430 5075 1566 5141 illis,
1604 5077 1898 5132 Prandium
1948 5097 2119 5133 meum
2150 5091 2398 5150 paratum

833 5173 927 5214 est.
962 5162 1061 5225 Qui
1090 5179 1209 5216 vero
1247 5167 1417 5217 vocati
1451 5176 1601 5219 erant
1642 5180 1957 5222 accusarunt
2006 5188 2080 5232 se,
2116 5173 2347 5225 dicentes
2381 5213 2396 5237 ,

833 5252 971 5304 alter
992 5254 1225 5317 quidem.
1246 5255 1387 5317 Emi,
1414 5256 1611 5325 inquit,
1628 5260 1762 5330 juga
1780 5261 1965 5325 boum;
1988 5262 2144 5327 alius,
2175 5264 2398 5318 Uxorem

2500 4612 2598 4680 τῆς
2644 4612 2924 4681 βασιλικῆς
2968 4612 3133 4666 αὐτοῦ
3182 4614 3494 4683 τραπέζης·
3531 4615 3810 4668 καὶτοῦτο
3852 4617 3913 4669 οὐ
3955 4617 4079 4687 βια-

2506 4701 2737 4770 σάμενος
2763 4702 2825 4754 τὸ
2855 4701 3066 4770 θέλημα
3101 4702 3287 4767 αὐτοῦ,
3330 4704 3466 4755 ἀλλά
3494 4706 3944 4777 προτρεψάμενος
3981 4710 4083 4762 αὑ-

2501 4790 2592 4843 τὸν
2622 4793 2700 4853 είς
2720 4790 2818 4858 τὴν
2848 4790 3106 4860 τοιαύτην
3129 4792 3308 4862 ἵστησι
3337 4796 3523 4863 τιμήν.

2573 4902 2695 4957 AA’.
2728 4906 2838 4957 Καὶ
2877 4904 2986 4972 γὰρ
3036 4906 3094 4957 ὲν
3131 4903 3207 4973 τῷ
3238 4906 3554 4978 Εὑαγγελίῳ
3601 4908 3940 4978 γέγραπται,
3994 4914 4079 4966 ὅτι

2515 4997 2847 5050 Ἀπέστειλε
2875 4996 3014 5062 τοὺς
3047 4998 3261 5051 ἑαυτοῦ
3282 4998 3544 5067 δούλους
3569 5004 3600 5055 ό
3623 5003 3845 5070 κύριος,
3867 5004 4079 5057 καλῶν

2503 5088 2642 5153 τοὺς
2682 5088 2987 5156 θέλοντας,
3018 5088 3297 5156 δηλώσας
3328 5092 3560 5158 αὐτοῖς,
3590 5093 3681 5147 ὅτι
3717 5096 3785 5149 Τὸ
3822 5095 4079 5161 ἄριστόν

2500 5197 2617 5249 μου
2648 5181 3001 5248 ἡτοίμασται
3020 5198 3032 5210 ·
3062 5183 3230 5239 αὐτοὶ
3251 5182 3320 5234 δὲ
3348 5187 3401 5235 oi
3430 5185 3785 5253 κεκλημένοι
3806 5189 4079 5257 παρῃτή-

2512 5288 2701 5326 σαντο
2728 5273 3031 5339 λέγοντες,
3075 5273 3141 5339 ὃς
3169 5274 3303 5342 μὲν,
3343 5277 3661 5343 Ἠγόρασα,
3711 5281 3865 5346 φησὶ,
3899 5279 4075 5348 ζεύγη

835 5343 964 5395 duxi
998 5345 1063 5396 ".
1094 5344 1257 5400 Vides
1290 5358 1534 5415 paratum
1565 5349 1734 5405 fuisse
1787 5352 1879 5420 qui
1909 5358 2142 5418 vocavit,
2178 5366 2401 5411 vocatos
2494 5366 2537 5429 β

2494 5364 2660 5429 βοῶν
2682 5380 2697 5394 ·
2751 5365 2961 5430 ἄλλος,
3014 5368 3279 5419 Γυναῖκα
3310 5370 3687 5439 ἡρμοσάμην.
3723 5343 3917 5441 ’Ὁρᾷς
3939 5343 4023 5425 ὅτι

835 5449 967 5486 vero
996 5436 1265 5491 renuisse.
1300 5438 1550 5494 Profecto
1584 5441 1637 5494 hi
1666 5442 1748 5496 sui
1771 5444 1944 5513 ipsius
1981 5446 2056 5499 rei
2089 5446 2215 5500 facti
2249 5458 2397 5503 sunt.

839 5524 1011 5579 Tanta
1045 5537 1129 5582 est
1163 5528 1329 5597 igitur
1349 5530 1586 5600 dignitas
1610 5532 2396 5608 Christianorum.-Perpende,

838 5616 1126 5672 Dominum
1164 5637 1497 5692 praeparasse
1528 5624 1636 5681 illis
1670 5643 1893 5699 regnum
1914 5670 1927 5694 ,
1981 5640 2036 5684 et
2070 5648 2293 5687 vocasse
2330 5634 2399 5687 il-

2500 5458 2716 5527 κλήτωρ
2749 5458 2987 5527 ἕτοιμος,
3018 5460 3065 5510 oi
3086 5458 3142 5511 δὲ
3172 5459 3461 5529 κληθέντες
3488 5463 3759 5517 ἀντεῖπον.
3799 5466 3944 5535 Ἀριι
3973 5468 4074 5519 αύ-

2498 5554 2581 5598 τοὶ
2613 5547 2819 5600 ἑαυτῶν
2867 5549 3026 5603 αῐτιοι
3080 5551 3357 5617 γεγόνασι.
3410 5552 3684 5607 Τοσοῦτον
3716 5552 3809 5608 οὖν
3866 5558 3984 5609 ἐστι
4016 5560 4075 5609 τὸ

2499 5637 2716 5709 ἀξίωμα
2742 5640 2849 5693 τῶν
2882 5642 3241 5712 Χριστιανῶν.
3298 5643 3469 5697 Βλέπε
3498 5646 3579 5699 ὅτι
3609 5649 3635 5700 6
3680 5648 3883 5718 Κύριος
3916 5650 4071 5720 ἡτοί-

903 5793 951 5828 ⁶³
976 5794 1119 5851 Psal.
1156 5814 1330 5863 σχειν,
1372 5807 1422 5860 8.
1502 5803 1543 5837 ⁸³
1580 5804 1713 5861 Luc.
1751 5808 2076 5876 xiv,18—20;
2109 5810 2298 5866 Matth.
2326 5828 2453 5881 χχιι,
2488 5821 2537 5867 4.
