4282 6364
822 354 928 423 599

2050 357 2112 419 S.
2144 356 2461 418 MACARII
2501 358 2820 420 IEGYPTII

3951 358 4061 426 600

822 471 1000 535 placet
1025 464 1212 527 aliter,
1252 463 1455 520 retinet
1482 464 1634 520 illum
1668 482 1682 520 :
1710 464 1894 522 denuo
1933 466 2028 522 ubi
2056 468 2234 538 placet
2262 484 2389 523 eum
2422 472 2468 529 Α
2496 486 2513 521 1

2375 484 2389 522 I
2422 472 2468 529 Α
2496 468 2598 522 τό·
2629 469 2790 523 πάλιν
2814 469 2948 521 ὅπου
2992 467 3134 521 θέλει
3188 467 3524 540 μετατρέψαι
3561 469 3717 532 αὐτὸ,
3773 468 3891 522 ἐκεῖ
3931 470 4066 525 αὐτὸ

822 564 1173 621 convertere,
1202 555 1277 609 ibi
1306 556 1555 626 sequitur
1578 571 1807 621 currus;
1832 567 1978 612 totus
2006 559 2172 628 igitur
2194 574 2393 613 currus

823 649 928 703 sub
956 656 1228 718 potestate
1260 646 1550 718 dirigentis
1580 657 1666 702 est
1695 665 1708 702 :
1748 651 1828 703 sic
1856 664 2077 717 quoque
2103 664 2199 702 cor
2227 649 2391 704 habet

824 743 1025 796 multas
1079 740 1443 810 cogitationes
1492 742 1807 804 naturales,
1857 739 2203 795 adhaerentes
2262 740 2389 805 sibi,

824 848 981 886 mens
1005 841 1187 886 autem
1227 840 1284 886 et
1332 832 1670 886 conscientia
1717 832 2130 901 reprehendunt
2169 841 2224 887 et
2255 833 2393 886 diri-

822 934 962 995 gunt
990 941 1109 985 cor.
1136 935 1299 993 atque
1330 928 1556 995 sopiunt
1581 936 1638 980 et
1666 926 1859 981 sedant
1886 926 2164 980 naturales
2189 926 2395 995 cogita-

831 1020 1008 1071 tiones
1036 1018 1089 1071 in
1125 1018 1293 1072 corde
1340 1019 1727 1073 scaturientes.
1774 1018 2017 1072 Membra
2041 1019 2189 1073 enim
2235 1019 2393 1090 plttra

830 1110 996 1163 habet
1041 1110 1247 1173 anima,
1286 1109 1413 1163 licet
1446 1126 1551 1163 una
1579 1110 1669 1163 sit.

898 1203 1114 1259 XXXV.
1161 1204 1241 1258 Ex
1293 1221 1404 1274 quo
1449 1206 1597 1261 enim
1651 1212 2027 1273 transgressus
2074 1215 2159 1260 est
2222 1206 2395 1261 Adam

832 1297 1146 1349 mandatum
1174 1336 1191 1360 ,
1241 1297 1474 1351 accessit
1515 1313 1770 1365 serpens,
1808 1297 2175 1366 dominusque
2222 1298 2399 1354 factus

828 1397 920 1440 est
944 1387 1160 1449 domus,
1216 1396 1275 1441 et
1314 1389 1465 1442 velut
1496 1389 1670 1442 altera
1696 1388 1875 1441 anima
1913 1404 2038 1442 cum
2079 1390 2279 1445 anima.
2310 1391 2401 1445 Ait

827 1480 981 1532 enim
1003 1480 1319 1550 'Dominus:
1366 1480 1669 1549 Quicunque
1725 1497 1829 1533 non
1876 1482 2269 1535 renuntiaverit
2303 1482 2399 1535 sibi

833 1574 956 1641 ipsi,
987 1582 1038 1624 et
1071 1574 1161 1642 qui
1192 1590 1296 1626 non
1330 1574 1496 1627 oderit
1527 1574 1765 1625 animam
1798 1590 1973 1636 suam,
2008 1591 2111 1627 non
2142 1582 2219 1627 est
2254 1590 2399 1629 meus

834 1663 1121 1734 discipulus
1142 1668 1206 1718 “.
1253 1666 1356 1719 Et:
1390 1664 1490 1728 Qui
1544 1665 1715 1733 diligit
1752 1666 1990 1718 animam
2022 1682 2195 1727 suam,
2221 1666 2400 1734 perdet

828 1771 955 1810 eam
986 1758 1052 1810 ".
1080 1757 1358 1826 Siquidem
1392 1766 1676 1825 peccatum
1719 1766 2007 1825 postquam
2046 1757 2247 1809 invasit
2277 1758 2399 1811 ani-

2493 566 2858 635 συνέρχεται·
2888 562 3008 616 ὅλον
3053 558 3146 616 οῦν
3181 563 3243 615 τὸ
3268 562 3421 633 ἅρμα
3466 565 3524 615 ἐν
3574 566 3638 632 τῇ
3697 560 3918 631 ἐξουσία
3968 562 4067 615 τοῦ

2492 654 2833 724 ἡνιοχοῦντος
2888 657 3104 708 κεῖται·
3139 653 3311 718 οῦτως
3342 658 3437 708 καὶ
3467 658 3499 723 ἠ
3539 655 3733 724 καρδία
3783 654 3898 724 ἔχει
3940 655 4073 706 πολ-

2492 748 2617 809 λοὺς
2652 747 2942 816 λογισμοὺς
2992 748 3276 814 φυσικοὺς,
3324 748 3743 816 συνδεδεμένους
3779 749 3944 818 αὐτῇ,
3973 750 4074 802 καὶ

2491 840 2520 891 6
2550 837 2671 900 νοῦς
2692 839 2809 890 ἐστι
2839 837 2931 890 καὶ
2958 838 2989 905 ἠ
3025 838 3332 905 συνείδησις
3372 837 3685 907 ἐπιτιμῶσι
3730 838 3826 891 καὶ
3868 856 4073 891 κατευ-

2494 930 2726 983 θύνουσα
2766 928 2865 998 τὴν
2901 929 3148 999 καρδίαν.
3204 932 3299 983 καὶ
3354 930 3711 994 διῡπνίζουσα
3742 932 3870 994 τοὺς
3905 949 4071 999 φυσι-

2494 1025 2625 1084 κοὺς
2656 1021 2917 1093 βρύοντας
2944 1024 3005 1075 ἐν
3030 1024 3095 1093 τῇ
3149 1022 3367 1095 καρδία.
3407 1022 3563 1093 Μέλη
3601 1022 3712 1094 γὰρ
3761 1023 3934 1076 πολλὰ
3954 1024 4075 1094 ἔχει

2492 1113 2660 1182 ψυχὴ,
2695 1114 2795 1167 κᾶν
2829 1113 2927 1182 μία
2958 1112 3127 1168 ἐστίν.

2568 1206 2693 1259 AE'.
2740 1200 2939 1275 Ἀφ’οῦ
2958 1205 3069 1275 γὰρ
3111 1204 3331 1276 παρέϐη
3374 1205 3405 1255 6
3463 1204 3639 1276 ’Δδὰμ
3676 1204 3779 1276 τὴν
3822 1206 4073 1275 ἐντολὴν,

2498 1297 2827 1351 ἐπεισελθὼν
2851 1298 2880 1350 6
2938 1298 3063 1367 δφις
3104 1300 3373 1370 δεσπότης
3410 1302 3599 1369 γέγονε
3640 1300 3735 1354 τοῦ
3769 1302 3944 1366 οἷκου,
3976 1303 4080 1354 καὶ

2497 1389 2573 1452 ὡς
2617 1389 2763 1459 ψυχὴ
2797 1391 2957 1461 ἑτέρα
3006 1392 3144 1460 μετὰ
3177 1394 3279 1463 τῆς
3306 1392 3481 1463 ψυχῆς
3522 1395 3661 1449 ἐστι.
3689 1394 3851 1463 Λέγει
3891 1395 4004 1465 γὰρ
4048 1396 4079 1447 6

2499 1482 2723 1551 Κύριος·
2756 1480 2882 1547 Πᾶς
2916 1483 3087 1549 ὅστις
3120 1485 3234 1537 οὐκ
3263 1484 3527 1553 ἀργεῖται
3577 1486 3816 1550 ἑαυτὸν,
3861 1486 3963 1540 καί
3998 1488 4079 1539 οὐ

2494 1574 2665 1641 μισεῖ
2681 1574 2797 1635 τὴν
2817 1573 3032 1627 ἑαυτοῦ
3054 1575 3285 1642 ψυχὴν,
3310 1578 3422 1629 οὐκ
3456 1578 3588 1631 ἐστι
3611 1594 3731 1646 μου
3763 1576 4043 1645 μαθητής
4059 1592 4079 1610 ο

2499 1666 2591 1715 καί
2629 1680 2643 1693 ·
2686 1664 2741 1717 '0
2772 1666 3020 1732 ἀγαπῶν
3065 1667 3178 1733 τὴν
3224 1668 3439 1737 ψυχὴν
3494 1670 3703 1734 αὐτοῦ,
3779 1669 4080 1724 ἀπολέσει

2499 1754 2711 1821 αὑτήν.
2747 1756 2897 1809 Ἐπεὶ
2951 1759 2984 1826 ἡ
3037 1759 3287 1827 ὴμαρτία
3334 1759 3726 1814 ἐπεισελθοῦσα
3771 1762 3837 1830 τῇ
3897 1760 4077 1831 ψυχῇ.

834 1865 1002 1912 mam,
1040 1850 1346 1903 membrum
1374 1851 1494 1918 ejus
1527 1849 1725 1903 factum
1753 1858 1856 1911 est,
1890 1849 2100 1918 ipsique
2134 1864 2399 1918 corporeo
2431 1828 2473 1882 Β
2501 1849 2525 1915 ἰ

2390 1866 2399 1901 ι
2431 1828 2473 1882 Β
2501 1848 2667 1915 ’μέλος
2704 1848 2872 1916 αὐτῆς
2901 1848 3112 1916 γέγονε,
3145 1852 3240 1903 καί⁵
3262 1850 3410 1921 αὐτῷ
3430 1851 3509 1921 τῷ
3536 1828 3835 1921 σωματικῷ

832 1939 1047 1994 homini
1070 1940 1333 2003 adhzeret,
1379 1956 1442 1995 ac
1488 1941 1799 1995 scaturiunt
1843 1939 1969 1993 inde
2007 1940 2191 1995 multa:
2236 1949 2400 2009 atque

836 2031 1064 2100 impune
1088 2032 1449 2102 cogitationes
1482 2032 1537 2086 in
1567 2033 1760 2086 corde.
1784 2032 2074 2098 Quocirca,
2119 2032 2215 2101 qui
2271 2033 2403 2087 facit

835 2124 1174 2176 voluntatem
1214 2124 1409 2177 animae
1448 2139 1579 2189 suae,
1627 2124 1962 2177 voluntatem
2007 2124 2193 2177 cordis
2235 2124 2397 2190 facit;

829 2216 961 2284 quia
997 2232 1122 2270 cum
1146 2216 1239 2270 illo
1269 2232 1510 2270 connexa
1544 2225 1601 2271 et
1631 2218 1891 2286 permista
1919 2225 2003 2271 est
2032 2217 2232 2271 anima.
2256 2216 2403 2282 Qua-

834 2317 1078 2378 propter,
1110 2310 1203 2378 qui
1234 2310 1543 2380 subjugum
1569 2310 1805 2364 animam
1828 2326 1982 2364 suam
2015 2311 2203 2374 mittit,
2228 2321 2285 2366 et
2304 2312 2400 2381 qui

828 2403 937 2455 sibi
973 2403 1286 2471 innatisque
1317 2403 1719 2471 cupiditatibus
1740 2413 2049 2467 succenset,
2079 2405 2310 2474 perinde
2343 2421 2401 2460 se

834 2494 1017 2557 habet,
1046 2511 1108 2548 ac
1138 2496 1230 2565 qui
1263 2496 1540 2549 civitatein
1571 2497 1811 2549 hostium
1848 2512 2073 2550 suorum
2106 2497 2392 2567 subjugat:

834 2587 1036 2656 hicque
1072 2588 1271 2659 dignus
1313 2589 1551 2644 habetur
1583 2589 1801 2658 assequi
1847 2590 2047 2644 bonam
2086 2590 2413 2645 mensuram

833 2681 1100 2750 Spiritus.
1133 2692 1297 2751 atque
1316 2683 1496 2737 induit
1515 2682 1720 2736 virtute
1746 2682 1930 2735 divina
1962 2683 2184 2750 adjutus
2202 2698 2402 2751 purum

833 2774 1132 2837 hominem,
1165 2789 1331 2843 seque
1351 2774 1467 2843 ipso
1497 2774 1854 2842 praestantior
1873 2774 2081 2827 evadit.
2117 2773 2400 2842 Ejusmodi

833 2865 981 2918 enim
1007 2864 1101 2933 qui
1138 2873 1243 2927 est,
1296 2872 1483 2933 postea
1508 2863 1709 2917 divinae
1760 2873 1969 2917 natura:
2003 2862 2061 2917 fit
2103 2864 2397 2933 particeps.

827 2962 889 3006 et
940 2953 1125 3007 evadit
1150 2953 1299 3007 ﬁlius
1340 2954 1459 3017 Dei,
1491 2956 1769 3024 recipiens
1800 2955 2139 3024 signaculum
2178 2956 2403 3011 caeleste

834 3045 1095 3099 inanima
1126 3060 1246 3099 sua.
1282 3046 1457 3100 Electi
1488 3049 1635 3101 enim
1673 3049 1795 3118 ejus
1821 3058 2105 3118 unguntur
2133 3049 2258 3103 oleo
2279 3065 2405 3103 san-

828 3135 1130 3201 ctiﬁcante,
1164 3138 1218 3191 in
1241 3153 1439 3208 magna
1459 3138 1724 3209 dignitate
1750 3142 2185 3207 constituuntur,
2223 3157 2286 3196 ac
2310 3158 2400 3195 re-
2428 3166 2474 3227 ο

834 3245 928 3299 ges
949 3229 1212 3283 evadunt.

907 3323 1143 3377 XXXVI.
1178 3324 1271 3378 Est
1298 3326 1446 3379 enim
1487 3325 1651 3379 homo
1686 3326 1953 3396 ejusmodi
1988 3334 2219 3391 naturae,
2252 3338 2313 3381 ut
2347 3339 2404 3384 et

836 3417 929 3485 qui
966 3416 1019 3469 in
1040 3416 1374 3485 profundum
1402 3418 1663 3485 nequitiae
1686 3418 1975 3472 demersus
1997 3428 2081 3471 est
2107 3428 2161 3473 et
2179 3428 2403 3488 peccato

839 3508 1029 3572 servit,
1058 3510 1305 3562 converti
1337 3508 1403 3562 ad
1437 3508 1644 3563 bonum
1680 3551 1694 3570 .
1738 3520 1793 3564 ct
1823 3510 1916 3579 qui
1946 3509 2175 3579 Spiritui
2214 3520 2405 3565 sancto

839 3599 1151 3663 devinctus,
1186 3608 1242 3653 et
1271 3599 1437 3655 rebus
1471 3600 1791 3655 coelestibus
1836 3602 2138 3655 inebriatus
2185 3610 2288 3666 est,
2337 3602 2405 3656 ad

839 3688 1043 3754 malum
1065 3689 1312 3743 converti
1334 3690 1529 3759 possit.
1554 3689 1787 3744 Perinde
1814 3706 1877 3744 ac
1912 3692 1958 3745 si
1980 3691 2178 3746 mulier
2210 3693 2407 3761 pannis

837 3780 1039 3834 laceris
1082 3780 1281 3843 obsita,
1322 3781 1576 3835 esuriens
1630 3791 1687 3835 et
1724 3781 2010 3849 squalida;
2047 3790 2104 3836 et
2140 3800 2262 3852 qua:
2295 3800 2406 3838 non

836 3870 1045 3938 absque
1075 3870 1251 3923 multo
1275 3869 1462 3923 labore
1493 3870 1700 3939 regiam
1732 3869 2057 3939 dignitatem
2086 3881 2403 3937 consecuta,

837 3960 1088 4015 induitur
1110 3977 1353 4030 purpura
1382 3971 1437 4015 et
1462 3976 1685 4026 corona,
1719 3976 1783 4015 ac
1808 3961 1867 4013 ﬁt
1894 3974 2091 4030 sponsa
2133 3962 2277 4031 regis
2300 4001 2316 4025 ,
2350 3962 2405 4016 in

835 4056 1155 4110 memoriam
1182 4055 1282 4109 sibi
1315 4064 1535 4109 revocet
1565 4057 1826 4125 pristinas
1863 4056 2078 4121 sordes,
2105 4072 2168 4111 ac
2200 4057 2253 4111 in
2288 4058 2409 4111 ani-

836 4162 927 4199 mo
948 4146 1228 4200 habeatad
1256 4147 1544 4215 pristinum
1577 4155 1783 4200 statum
1814 4148 2054 4212 reverti,
2088 4164 2189 4203 nec
2223 4156 2406 4201 tamen

836 4236 893 4292 in
917 4238 1204 4307 pristinam
1243 4237 1523 4291 infamiam
1558 4237 1741 4291 redire
1765 4238 1953 4291 malit:
1980 4238 2087 4292 hoc
2110 4238 2257 4293 enim
2296 4248 2409 4293 sto-

834 4330 1006 4382 lidum
1036 4338 1119 4383 est
1151 4347 1164 4382 :
1198 4331 1272 4382 ita
1314 4344 1553 4397 quoque,
1584 4328 1677 4396 qui
1708 4346 1725 4377 ι
1765 4337 2048 4399 gustarunt
2074 4330 2305 4399 gratiam
2329 4330 2408 4383 di-

834 4421 1042 4484 vinam,
1069 4438 1130 4474 ac
1158 4418 1387 4490 Spiritus
1417 4420 1700 4489 participes
1744 4420 1869 4488 facti
1915 4429 2037 4474 sunt
2069 4422 2133 4487 ”,
2164 4421 2269 4475 nisi
2301 4420 2405 4475 sibi

2503 1954 2590 2009 πῳ
2618 1939 2969 2009 κεκόλληται,
3002 1941 3117 1993 καὶ·
3151 1941 3374 2012 βρύουσι
3417 1943 3602 1995 πολλοὶ
3648 1943 3743 1996 καὶ
3772 1942 4081 2013 ἀκάθαρτοι

2502 2034 2753 2104 λογισμοὶ
2792 2037 2849 2087 ἐν
2884 2037 2951 2104 τῇ
2993 2036 3209 2106 καρδία.
3248 2037 3310 2092 '0
3358 2037 3450 2091 οῦν
3494 2038 3667 2091 ποιῶν
3696 2040 3764 2093 τὰ
3790 2039 4083 2108 θελήματα

2502 2126 2600 2195 τῆς
2632 2126 2809 2195 ψυχῆς
2841 2127 3027 2190 αὑτοῦ,
3067 2129 3130 2182 τὰ
3156 2128 3435 2200 θελήματα
3467 2131 3568 2199 τῆς
3608 2131 3836 2202 καρδίας
3882 2136 4031 2186 ποιεῖ
4060 2150 4079 2164 ο

2502 2219 2686 2287 ἐπειδὴ
2715 2219 3129 2288 συμπέπλεκται
3170 2222 3262 2275 καὶ
3308 2224 3680 2295 συγκέκραται
3727 2227 3760 2295 ή
3798 2225 3971 2295 ψυχή.
4017 2227 4080 2279 Ὀ

2501 2304 2594 2362 οῦν
2619 2310 2939 2362 ὑποτάσσων
2961 2311 3060 2380 τὴν
3102 2311 3280 2382 ψυχὴν
3316 2314 3532 2378 ἑαυτοῦ,
3590 2316 3685 2369 καὶ
3721 2314 4085 2386 ὀργιζόμενος

2503 2397 2679 2465 ἐαυτῷ
2712 2398 2805 2450 καὶ
2845 2401 2963 2461 ταῖς
2997 2400 3283 2463 συνούσαις
3316 2403 3465 2469 αὑτῷ
3515 2404 3858 2473 ἐπιθυμίαις,
3897 2404 4081 2469 οὕτως

2503 2488 2671 2553 ἐστὶν,
2721 2488 2795 2551 ὡς
2848 2490 2877 2541 6
2922 2491 3241 2544 ύποτάσσων
3272 2492 3429 2545 πόλιν
3478 2494 3688 2564 ἐχθρῶν
3750 2496 3935 2559 αὐτοῦ,
3984 2500 4085 2551 καὶ

2502 2574 2655 2643 οὗτος
2694 2581 3044 2644 καταξιοῦται
3076 2582 3250 2636 ἐλθεῖν
3281 2585 3362 2648 είς
3398 2586 3573 2656 μέτρα
3602 2588 3783 2655 ἀγαθὰ
3821 2590 4085 2658 Πνεύμα-

2501 2688 2614 2735 τος,
2652 2673 2745 2724 καὶ
2774 2673 3151 2743 ἀπολαμϐάνει
3201 2674 3291 2728 διὰ
3342 2676 3442 2740 τῆς
3490 2676 3637 2741 θείας
3671 2678 3955 2750 δυνάμεως
3990 2682 4087 2734 τὸν

2503 2764 2742 2833 καθαρὸν
2794 2764 3100 2834 ἄνθρωπον,
3155 2766 3249 2818 καὶ
3310 2767 3521 2834 γίνεται
3595 2768 3791 2823 ἐαυτοῦ
3852 2772 4086 2841 μείζων.

2515 2852 2870 2907 ’Δποθεοῦται
2922 2854 3033 2923 γὰρ
3084 2855 3270 2907 λοιπὸν
3316 2858 3345 2909 6
3404 2856 3666 2923 τοιοῦτος,
3701 2860 3798 2913 καὶ
3830 2860 4085 2929 γίγνεται

2502 2944 2619 3007 υίὸς
2643 2944 2801 3008 Θεοῦ,
2834 2944 3127 3015 λαμϐάνων
3150 2948 3211 2999 τὸ
3231 2948 3482 3017 οὐράνιον
3530 2949 3713 3017 σίγνον
3744 2953 3803 3004 ἐν
3827 2954 3895 3022 τῇ
3932 2952 4085 3023 ψυχῇ

2502 3034 2689 3090 αὐτοῦ.
2724 3038 2788 3090 Oi
2809 3038 2918 3107 γὰρ
2957 3038 3203 3091 ἐκλεκτοὶ
3236 3039 3399 3091 αὐτοῦ
3437 3042 3681 3109 χρίονται
3730 3042 3793 3094 τὸ
3829 3044 4089 3111 ἁγιαπι-

2504 3125 2600 3179 κὸν
2640 3126 2841 3191 ἔλαιον,
2870 3128 2966 3179 καὶ
2998 3126 3274 3195 γίγνονται
3306 3126 3667 3198 ἀξιωματικοὶ
3689 3129 3786 3182 καὶ
3816 3129 4086 3200 βασιλεῖς.

2576 3320 2716 3386 AC7.
2751 3319 2905 3387 Ἔχει
2935 3318 3048 3389 γὰρ
3082 3336 3180 3390 την
3210 3337 3372 3387 φυσιν
3409 3322 3437 3372 6
3482 3318 3767 3389 ἄνθρωπος
3799 3320 4086 3388 τοιαύτην,

2507 3410 2605 3463 καὶ
2639 3410 2767 3463 ὁῶν
2829 3412 2886 3462 ἐν
2920 3409 3074 3479 βάθει
3118 3410 3219 3479 τῆς
3267 3410 3489 3475 κακίας,
3546 3411 3641 3464 καὶ
3700 3410 3969 3462 δουλεύων
4016 3412 4086 3479 τῇ

2507 3501 2776 3572 ἁμαρτίᾳ,
2804 3500 2898 3553 τοῦ
2933 3499 3210 3569 τραπῆναι
3239 3501 3332 3552 ἐπὶ
3375 3500 3437 3551 τὸ
3482 3500 3687 3567 ἀγαθόν
3710 3516 3726 3529 ·
3762 3500 3855 3551 καὶ
3889 3500 3918 3551 6
3942 3499 4091 3550 δεδε-

2510 3593 2670 3661 μένος
2723 3591 3006 3661 Πνεύματι
3062 3591 3225 3658 ἁγίῳ,
3277 3591 3370 3643 καὶ
3424 3589 3835 3659 μεμεθυσμένος
3875 3590 3959 3651 είς
4016 3587 4090 3639 τὰ

2510 3684 2827 3755 ἐπουράνια,
2867 3684 2981 3753 ἔχει
3025 3684 3276 3747 ἐξουσίαν
3317 3682 3411 3735 τοῦ
3460 3684 3729 3753 τραπῆναι
3778 3682 3871 3736 ἐπὶ
3896 3682 3960 3734 τὸ
3989 3698 4092 3734 κα.-

2512 3775 2631 3827 κὸν.
2660 3775 2871 3843 Ὥσπερ
2902 3770 3043 3846 ίναῇ
3074 3774 3211 3842 γυνὴ
3263 3774 3455 3843 ἱμάτια
3484 3775 3702 3844 ρακὼδη
3748 3772 4087 3844 περιεῖεσλη-

2513 3867 2671 3936 μένη,
2736 3866 3107 3937 λιμὼσσουσα,
3159 3867 3551 3937 ἐρῤυπωμένη,
3612 3869 3710 3921 καὶ
3751 3868 3892 3937 αὑτὴ
3944 3869 4089 3937 μετὰ

2510 3958 2705 4010 πολλοῦ
2732 3958 2982 4026 καμάτου
3009 3957 3139 4029 ἔλθῃ
3163 3960 3243 4020 είς
3257 3956 3793 4027 ἀξίωμαβασιλικδν,
3818 3959 3914 4011 καὶ»
3930 3958 4092 4011 ἐνδύ-

2511 4065 2670 4118 σηται
2707 4048 2993 4121 πορφύραν
3022 4049 3114 4102 καὶ
3165 4050 3449 4118 στέφανον,
3498 4049 3593 4103 καὶ
3624 4050 3850 4121 γένηται
3893 4053 4087 4121 νύμφη

2511 4141 2791 4210 βασιλέως,
2826 4142 2961 4211 αὑτὴ
3004 4142 3279 4212 μέμνηται
3311 4142 3410 4211 τῆς
3463 4142 3737 4211 προτέρας
3774 4143 4087 4213 ρυπιιρίας,

2510 4234 2602 4285 καὶ
2638 4234 2752 4304 ἔχει
2786 4234 3000 4304 θέλημα
3064 4234 3380 4287 ἐπανελθεῖν
3429 4236 3509 4296 είς
3557 4235 3620 4287 τὸ
3677 4236 3923 4304 ἀρχαῖον.
3968 4235 4088 4288 ἀλλ’

2509 4330 2606 4399 οὐχ
2658 4331 2895 4400 αἱρεῖται
2945 4331 3023 4391 είς
3081 4329 3181 4395 τὴν
3236 4329 3512 4400 προτέραν
3562 4329 3825 4400 αἰσχύνην
3859 4329 4085 4382 ἐλθεῖν·

2513 4418 2694 4489 μωρὸν
2723 4420 2831 4489 γάρ
2855 4422 2972 4472 ἐστι
3002 4434 3015 4448 ο
3052 4420 3147 4473 καὶ
3190 4420 3345 4474 αὐτοὶ
3399 4420 3456 4473 δὲ
3491 4423 3547 4473 οι
3580 4419 3939 4490 γευσάμενοι
3973 4419 4089 4487 τῆς

834 4522 1084 4574 caveant,
1119 4512 1402 4573 deficiunt,
1454 4527 1517 4565 ac
1564 4512 1874 4566 deteriores
1923 4512 2184 4577 evadunt,
2238 4528 2400 4581 quam
2428 4498 2525 4582 D3

2396 4534 2400 4566 |
2428 4498 2482 4557 D
2507 4513 2747 4582 χάριτος
2781 4513 2886 4566 τοῦ
2920 4512 3091 4577 Θεοῦ,
3144 4514 3241 4565 καὶ
3290 4513 3529 4581 μέτοχοι
3556 4513 3728 4580 ὄντες
3757 4512 3864 4567 τοῦ
3895 4517 4087 4569 Πνεύ-

832 4618 957 4657 cum
981 4612 1163 4657 essent
1191 4603 1449 4655 mundani
1481 4621 1493 4655 :
1520 4620 1648 4666 non,
1681 4607 1825 4672 quod
1854 4604 1997 4657 Deus
2021 4604 2091 4657 sit
2123 4604 2407 4659 mutabilis

831 4703 928 4748 aut
963 4694 1249 4749 imbecilla:
1274 4696 1496 4756 mentis,
1520 4706 1615 4749 aut
1647 4696 1792 4764 quod
1821 4699 2203 4766 exstinguatur
2228 4696 2405 4765 Spiri-

834 4797 921 4839 tus
952 4796 1205 4850 sanctus,
1258 4804 1477 4850 verum,
1516 4789 1660 4856 quod
1708 4789 1810 4857 ipsi
1852 4788 2104 4843 homines
2138 4806 2243 4843 non
2277 4805 2408 4844 con-

832 4880 1070 4933 sentiant
1107 4880 1315 4950 gralim,
1340 4891 1628 4950 propterea
1653 4891 2000 4946 avertuntur,
2034 4892 2087 4935 et
2113 4883 2166 4936 in
2194 4882 2406 4938 inﬁnita

832 4980 1054 5040 peccata
1095 4972 1409 5027 incurrunt.
1442 4973 1545 5039 Qui
1574 4977 1722 5027 enim
1753 4974 1958 5027 donum
1984 4974 2117 5028 illud
2148 4974 2404 5046 degusta-

831 5074 980 5123 runt.
1018 5077 1312 5134 utrumque
1365 5066 1537 5120 instar
1585 5067 1803 5121 comitis
1859 5066 2083 5130 habent,
2142 5068 2400 5137 gaudium

828 5156 1089 5210 videlicet
1120 5167 1174 5211 et
1198 5158 1652 5220 consolationem,
1698 5166 1903 5212 metum
1958 5174 2022 5213 ac
2079 5169 2396 5223 tremorem,

827 5247 1248 5301 cxsullationein
1286 5256 1342 5301 et
1376 5249 1604 5302 luctum.
1638 5249 1944 5318 Deplorant
1976 5267 2122 5304 enim
2161 5266 2218 5304 se
2247 5251 2398 5320 ipsos

827 5349 882 5390 et
910 5340 1227 5393 universum
1254 5340 1447 5403 Adam,
1476 5343 1604 5411 quia
1625 5359 1729 5396 una
1756 5352 1840 5397 est
1874 5343 2159 5396 hominum
2181 5352 2394 5397 natura.

830 5430 895 5483 Et
927 5431 1180 5501 lacryma:
1219 5432 1304 5485 his
1329 5433 1445 5488 vice
1470 5434 1626 5504 panis
1662 5442 1810 5499 sunt,
1844 5444 1900 5489 et
1924 5436 2105 5490 luctus
2127 5435 2244 5490 vice
2269 5450 2399 5490 sua-

831 5519 1019 5575 vitatis
1048 5532 1103 5575 et
1129 5524 1361 5593 requiei.

903 5786 947 5816 ⁶⁸
980 5784 1117 5841 Luc.
1145 5800 1253 5851 ιιν,
1283 5786 1369 5840 35.
1449 5788 1491 5820 ⁶⁷
1524 5788 1682 5844 Juan.
1719 5805 1809 5846 xu.
1845 5788 1931 5845 25.
2013 5790 2058 5823 “
2084 5789 2253 5846 Hebr.
2282 5806 2355 5857 vr,
2379 5790 2430 5845 4.

2497 4622 2706 4673 ματος,
2740 4605 2833 4656 ἐὰν
2868 4605 2942 4673 μὴ
2986 4603 3422 4669 ἀσφαλίσωνται,
3455 4603 3948 4664 κατασϐέννυνται.
3983 4605 4085 4657 καὶ

2501 4696 2739 4764 γίνονται
2778 4696 2994 4766 χείρους
3024 4688 3084 4748 οῦ
3124 4690 3285 4764 ἦσαν,
3325 4695 3580 4763 κοσμικοὶ
3634 4695 3822 4759 ὄντες·
3865 4697 3967 4766 οὒχ
4002 4698 4088 4751 ὅτι

2501 4787 2690 4850 ὁΘεδς
2753 4788 2984 4859 τρεπτὸς
3024 4788 3139 4839 ἐστι
3202 4786 3297 4839 καὶ
3354 4787 3605 4856 ἀσθενὴς,
3664 4786 3695 4858 ἢ
3743 4787 3804 4840 τὸ
3856 4789 4090 4857 Πνεῦμα

2504 4879 2815 4943 σϐέννυται,
2856 4878 2969 4931 ἀλλ’
3008 4878 3159 4930 αὐτοὶ
3196 4879 3245 4929 οἱ
3284 4877 3562 4947 ἄνθρωποι
3609 4880 3669 4931 οῦ
3726 4880 4086 4947 συμφωνοῦσι

2510 4974 2573 5041 τῇ
2605 4972 2789 5040 χάριτι
2823 4987 2835 5000 ⁸
2882 4970 2969 5021 διὰ
2998 4969 3156 5022 τοῦτο
3208 4970 3567 5039 ἐκτρέπονται
3629 4973 3722 5023 καὶ
3782 4972 4085 5023 πίπτουσιν

2508 5066 2587 5126 εἰς
2623 5063 2793 5133 μυρία
2844 5063 3007 5114 κακά.
3052 5062 3115 5113 Οἱ
3172 5064 3279 5131 γὰρ
3328 5061 3655 5131 γευσάμενοι
3708 5061 3924 5133 ἐκείνης
3984 5066 4087 5131 τῆς

2505 5154 2734 5225 δωρεᾶς,
2769 5154 2951 5223 ἔχουσι
2991 5154 3060 5205 τὰ
3089 5153 3373 5221 ἀμφότερα
3396 5153 3623 5206 συνόντα
3648 5153 3850 5216 αὐτοῖς,
3910 5155 4087 5223 χαρὰν

2505 5246 2601 5297 καὶ
2638 5245 3001 5316 παράκλησιν,
3043 5244 3207 5312 φόϐον
3232 5245 3327 5296 καὶ
3365 5245 3590 5314 τρόμον,
3630 5243 3955 5311 ἀγαλλίααιν
3987 5245 4083 5295 καὶ

2504 5336 2719 5399 πένθος.
2743 5336 3008 5389 Πενθοῦσι
3038 5338 3147 5408 γὰρ
3202 5336 3427 5399 ἑαυτοὺς
3463 5338 3557 5391 καὶ
3589 5336 3709 5389 ὅλον
3737 5335 3829 5389 τὸν
3867 5335 3999 5389 ’Λδὰ
4017 5353 4077 5402 μ,

2503 5430 2694 5500 ἐπειδὴ
2743 5430 2841 5500 μία
2882 5432 3027 5483 ἐστὶν
3066 5432 3098 5499 ἡ
3141 5430 3301 5499 φύσις
3341 5431 3448 5483 τῶν
3490 5428 3829 5499 ἀνθρώπων
3864 5428 3961 5480 καὶ
4006 5428 4075 5479 τὰ

2504 5521 2714 5591 δάκρυα
2764 5521 2873 5575 τῶν
2911 5521 3166 5575 τοιούτων
3217 5522 3380 5593 ἄρτος
3427 5522 3566 5591 ἐστὶ,
3632 5521 3727 5575 καὶ
3774 5520 3835 5573 τὸ
3882 5519 4081 5583 πένθος

2508 5613 2781 5685 γλυκύτης
2818 5616 2911 5670 καὶ
2947 5616 3275 5679 ἀνάπαυσις.
