4282 6364
190 303 299 373 σοι

1419 306 1785 368 ΗΟΜΙΙᾸΕ.
1808 335 1879 344 -··
1904 309 2086 371 ΗΟΜ.
2123 311 2247 374 XV.

3342 313 3448 378 602

267 418 393 471 AZ'.
433 415 565 471 Ἐὰν
592 417 650 471 δὶ
684 416 801 488 ῐδῃς
819 415 942 471 τινὰ
964 416 1275 488 ἐπηρμένον
1314 418 1409 471 καὶ
1454 420 1773 490 τεωφωμέ-
1804 427 1849 484 Α
1944 434 1958 489 ι

1757 452 1773 463 -
1804 427 1849 484 Α
1944 426 2052 497 63
2090 425 2353 481 XXXVII.
2393 425 2449 482 Si
2490 440 2623 481 vero
2655 425 2967 497 quempiam
2998 426 3189 483 videas
3216 428 3355 484 fastu
3385 450 3448 484 ac

196 529 289 566 vov
329 509 407 574 ὡς
449 511 677 580 μέτοχον
728 511 859 564 ὅντα
913 510 1012 581 τῆς
1055 511 1301 581 χάριτος,
1359 503 1514 577 οὗτος
1550 512 1649 567 ἑὰν
1677 513 1771 567 καὶ

198 606 407 673 σημεῖα
454 604 683 673 ποιήσῃ,
726 604 824 657 καὶ
887 604 1114 672 νεκροὺς
1171 604 1385 675 ἐγείρῃ,
1449 606 1527 674 μὴ
1564 605 1662 679 ἔχῃ
1713 606 1773 659 δι

196 698 305 766 τὴν
364 696 546 766 ψυχὴν
618 695 783 751 αὑτοῦ
870 695 1065 766 ἄτιμον
1145 699 1241 751 καὶ
1294 697 1770 768 ἑξουδενουμένην,

199 783 367 858 καὶῇ
416 787 627 856 πτωχὸς
670 785 750 855 τῷ
796 784 1069 855 πλεύματι
1105 786 1203 839 καὶ
1276 786 1585 855 βδελυκτδς,
1648 786 1772 840 κλέ-

201 895 400 931 πτεται
431 878 537 930 ὑπὸ
574 879 672 947 τῆς
717 878 915 941 κακίας
959 878 1055 931 καὶ
1083 882 1184 931 οὐκ
1213 876 1357 931 οἶδε·
1390 878 1486 933 καὶ
1526 881 1577 931 εί
1630 881 1773 932 ποιεῖ

199 970 433 1038 σημεῖα,
463 970 566 1022 οὐκ
595 970 742 1022 ἔστιν
771 969 919 1040 αὐτῷ
948 970 1241 1023 πιστεῦσαι
1271 986 1285 1000 ·
1312 970 1373 1024 τὸ
1408 971 1517 1041 γὰρ
1546 974 1773 1043 σημεῖον

198 1062 299 1113 τοῦ
322 1060 757 1131 Χριστιανισμοῦ
777 1061 939 1115 τοῦτό
976 1064 1093 1115 ἔστι
1110 1102 1127 1127 ,
1160 1062 1222 1114 τὸ
1246 1060 1373 1115 ὄντα
1402 1063 1526 1117 τινὰ
1550 1063 1772 1132 δόκιμον

199 1152 298 1205 τοῦ
331 1152 489 1215 Θεοῦ,
527 1153 849 1218 σπουδάζειν
877 1153 1160 1207 λανθάνειν
1192 1154 1536 1224 ἀνθρώπους.
1566 1156 1677 1209 Καὶ
1724 1157 1773 1209 εί

202 1242 317 1312 ἔχει
341 1242 492 1305 ὅλους
528 1245 653 1305 τοὺς
686 1243 993 1315 θησαυροὺς
1040 1246 1135 1299 τοῦ
1177 1246 1457 1317 βασιλέως,
1512 1248 1776 1319 κρύπτειν

204 1337 425 1398 αὐτοὺς,
467 1337 561 1389 καὶ
609 1337 839 1390 πάντοτε
899 1337 1076 1406 λέγειν
1104 1340 1185 1393 ὃτι
1230 1343 1351 1395 Οὐκ
1402 1341 1574 1395 ἐστιν
1610 1341 1774 1411 ἐμὸς,

206 1428 397 1493 ἄλλος
425 1446 528 1496 μοι
550 1429 839 1496 παρέθετο
868 1430 975 1483 τὸν
1020 1433 1332 1500 θησαυρὸν
1374 1432 1590 1486 τοῦτον
1622 1448 1635 1464 ο
1662 1432 1777 1502 ἐγὼ

204 1523 318 1589 γὰρ
338 1522 575 1589 πτωχός
601 1524 738 1591 ειμι.
782 1522 890 1576 Kal
925 1523 1025 1577 ὅτε
1059 1524 1239 1584 θέλει,
1275 1524 1563 1591 λαμϐάνει
1590 1526 1779 1579 αὐτὸν

220 1615 324 1668 ἀπ’
365 1612 531 1681 ἐμοῦ.
566 1614 626 1665 El
674 1612 728 1665 δέ
758 1630 839 1676 τις
870 1612 1040 1681 λέγει,
1072 1618 1375 1680 Πλούσιός
1408 1620 1543 1687 ειμι,
1591 1617 1775 1685 ἀρκεῖ,

206 1704 582 1772 ἐκτησάμην,
632 1703 831 1759 οὐκέτι
868 1704 1078 1774 χρῄζω,
1132 1709 1160 1760 ὁ
1208 1708 1447 1771 τοιοῦτος
1493 1709 1593 1761 οὐκ
1663 1709 1777 1761 ἔστι

207 1795 558 1865 Χριστιανὸς,
606 1795 740 1848 ἀλλὰ
774 1796 966 1860 σκεῦός
1008 1799 1123 1850 ἐστι
1171 1797 1272 1867 τῆς
1307 1799 1513 1869 πλάνης
1553 1801 1645 1852 καὶ
1679 1800 1775 1852 τοῦ

206 1885 479 1939 διαϐόλου.
525 1887 588 1938 Ἦ
624 1887 732 1955 γὰρ
784 1887 1083 1949 ἀπόλαυσις
1129 1887 1225 1940 τοῦ
1292 1888 1429 1941 Θεοῦ
1484 1889 1777 1958 άκόρεστός

208 1980 349 2040 ἔστι,
377 1980 473 2030 καὶ
502 1977 626 2030 ὅσον
650 1975 815 2031 αὑτοῦ
842 1977 1061 2045 γεύεταί
1080 1995 1162 2041 τις
1194 1979 1286 2031 καὶ
1304 1978 1493 2045 ἐσθίει,
1523 1978 1777 2032 τοσοῦτον

208 2068 462 2129 ἔκπεινος
514 2066 785 2134 γίγνεται.
837 2065 949 2117 Καὶ
999 2066 1098 2134 τὴν
1130 2065 1332 2119 παῦσιν
1358 2067 1455 2119 καὶ
1483 2065 1574 2118 τὸν
1602 2065 1778 2136 ἔρωτα

208 2161 348 2230 πρὸς
374 2159 466 2212 τὸν
494 2158 627 2211 Θεὸν
667 2158 883 2228 ἔχουσιν
914 2159 1287 2228 ἀκατάσχετον
1316 2159 1366 2211 οί
1393 2157 1626 2212 τοιοῦτοι
1647 2175 1659 2187 ο
1684 2158 1780 2211 καὶ

207 2254 320 2322 ὅσῳ
357 2252 717 2315 σπουδάζουσι
751 2251 1101 2321 προκόπτειν,
1134 2251 1228 2304 καὶ
1265 2248 1621 2320 ἔπιπορίζειν,
1653 2265 1781 2302 τοσ-

207 2345 368 2397 οῦτον
413 2345 642 2405 ἑαυτοὺς
686 2341 945 2414 ἡγοῦνται
994 2346 1266 2412 πτωχοὺς,
1312 2342 1389 2406 ὼς
1438 2342 1636 2404 ἐνδεεῖς
1686 2342 1782 2396 καὶ

213 2433 386 2505 μηδὲν
418 2432 788 2503 κεκτημένους
806 2450 821 2464 ’
848 2433 1005 2486 τοῦτο
1030 2434 1137 2503 γὰρ
1194 2432 1445 2501 λέγουσιν
1468 2472 1484 2496 ,
1529 2433 1611 2485 ὅτι
1663 2433 1783 2487 Οὐκ

209 2529 329 2593 εἰμι
383 2525 572 2591 ἄξιος,
627 2526 729 2579 ἵνα
796 2519 977 2588 οὗτος
1021 2526 1053 2577 d
1089 2524 1263 2591 ἣλιος
1317 2524 1629 2593 ἐπιλάμψῃ
1657 2542 1779 2593 μοι.

211 2616 385 2670 Τοῦτό
417 2620 537 2669 ἐστι
582 2616 644 2669 τὸ
682 2618 907 2686 σημεῖον
957 2614 1051 2669 τοῦ
1098 2613 1551 2687 Χριστιανισμοῦ,
1585 2614 1723 2685 αὐτὴ
1748 2616 1783 2687 ἡ

215 2709 573 2770 ταπείνωσις.

285 2800 419 2854 AH'.
453 2799 587 2853 Ειδέ
616 2815 700 2860 τις
720 2796 869 2863 λέγει
889 2798 973 2850 ὅτι
1009 2796 1328 2867 Ἀρκοῦμαι
1351 2795 1450 2851 καί
1473 2797 1787 2865 πεπλήρω-

211 2911 343 2963 μαι,
375 2886 530 2952 οὗτος
567 2890 763 2951 πλάνος
801 2888 920 2941 ἐστὶ
954 2890 1048 2941 καὶ
1062 2887 1324 2959 ψεύστης.
1363 2888 1653 2957 Ὠσπερτὺ
1685 2888 1789 2941 σῶο

218 3005 297 3056 μα
326 2983 419 3037 τοῦ
466 2982 669 3052 Κυρίου
710 2979 999 3047 ἐδοξάσθη,
1042 2981 1129 3032 ὅτε
1170 2981 1400 3050 ἀνῆλθεν
1438 2983 1517 3042 εἰς
1547 2980 1608 3032 τὸ
1641 2979 1786 3050 ὅρος,

217 3078 314 3129 καὶ
348 3071 749 3143 μετεμορφώθη
808 3073 890 3135 είς
928 3072 1027 3141 τὴν
1066 3071 1253 3142 θεῖκὴν
1282 3071 1460 3137 δόξαν,
1497 3072 1591 3123 καὶ
1620 3071 1700 3133 είς
1726 3071 1787 3123 τὸ

216 3168 335 3236 φῶς
374 3164 436 3218 τὸ
464 3165 712 3235 ἄπειρον,
763 3163 937 3227 οὕτως
981 3163 1077 3216 καί
1108 3164 1175 3217 τὰ
1215 3162 1445 3233 σώματα
1469 3162 1578 3216 τῶν
1618 3162 1788 3231 ἁγίων

215 3258 535 3323 ὁοξάζεται-
590 3259 686 3309 καὶ
759 3255 1145 3326 ὲξαστράπτει.
1240 3257 1327 3319 Ὦς
1400 3256 1511 3325 γὰρ
1588 3254 1792 3308 ἔσωθεν

219 3353 254 3420 ὴ
288 3350 417 3414 δόξα
469 3349 567 3402 τοῦ
622 3348 862 3418 Χριστοῦ
905 3348 1048 3401 οὕτω
1114 3348 1413 3418 ὲφηπλώθη
1464 3347 1543 3418 τῷ
1580 3347 1790 3418 σώματι

219 3440 391 3493 αὑτοῦ
442 3441 537 3492 καὶ⁸
589 3440 899 3509 ἐξέλαμψεο
954 3440 1044 3493 τὸν
1078 3441 1243 3493 αὑτὸν
1302 3440 1503 3510 τρόπον
1534 3441 1635 3493 κάν
1680 3444 1791 3505 τοῖς

218 3532 423 3600 ἁγίοις,
492 3534 525 3601 ἠ
571 3532 776 3585 ἔσωθεν
828 3527 964 3585 οὖσα
1022 3532 1116 3585 τοῦ
1153 3532 1387 3602 Χριστοῦ
1424 3532 1672 3603 δύναμις,
1733 3535 1792 3586 ἐν

220 3627 412 3697 ἐκείνῃ
469 3628 538 3696 τῇ
594 3625 782 3695 ἡμέρα
836 3624 1039 3688 ἔξωθεν
1094 3626 1173 3687 είς
1236 3626 1304 3678 τὰ
1348 3625 1573 3695 σώματα
1613 3626 1793 3679 αὐτῶν

222 3722 633 3790 ὐπερεκχείται.
684 3718 792 3771 Καί
827 3718 936 3790 γὰρ
994 3720 1058 3771 ὲκ
1113 3721 1215 3786 τῆς
1270 3717 1435 3772 αὐτοῦ
1475 3719 1661 3781 οὐσίας
1699 3720 1794 3772 καὶ

223 3813 443 3881 φύσεως
472 3811 580 3863 ἀπὸ
633 3809 727 3862 τοῦ
761 3809 857 3862 νῦν
896 3811 1216 3880 μετέχουσιν
1246 3811 1306 3863 ὲν
1357 3809 1435 3878 τῷ
1468 3809 1543 3878 νῷ
1585 3810 1791 3865 αὐτῶν.

223 3905 541 3972 Γέγραπται
577 3901 685 3971 γάρ
709 3917 723 3931 ·
776 3902 849 3953 '0
880 3918 943 3954 τε
996 3900 1263 3969 ἁγιάζων,
1286 3900 1385 3953 καί
1424 3904 1477 3953 οί
1499 3899 1796 3969 ἁγιαζόμε-

220 4011 319 4048 νοι
349 3994 420 4057 ἐξ
448 3992 609 4058 ἑνός.
638 3993 747 4045 Καί
775 4006 791 4023 ·
821 3990 1016 4055 Δόξαν
1035 3990 1116 4057 ῆν
1143 3990 1409 4057 δέδωκάς
1431 3990 1795 4059 μοι,δέδωκα

226 4082 459 4148 αὐτοῖς.
503 4082 717 4151 Ὠσπερ
762 4080 871 4133 ἀπὸ
921 4079 1040 4143 ἑνὸς
1083 4079 1253 4149 πυρὸς
1295 4080 1559 4134 ἅπτονται
1612 4079 1794 4148 λύχνοι

223 4175 663 4243 πολλοὶ,ἀνάγκη
692 4172 878 4225 καὶτὰ
903 4171 1129 4242 σώματα
1164 4170 1273 4224 τῶν
1297 4170 1468 4239 ἁγίων
1496 4170 1630 4240 μέλη
1662 4172 1796 4241 Χρι-

226 4266 357 4321 στοῦ
394 4267 545 4329 ὄντα,
575 4266 636 4320 τὸ
662 4264 796 4318 αὐτὸ
820 4264 1105 4333 γίγνεσθαι
1132 4265 1271 4334 ὅπερ
1294 4264 1443 4317 ἔστιν
1475 4264 1503 4316 ὁ
1536 4263 1791 4332 Χριστός.

1874 518 2129 586 superbia
2160 518 2398 579 elatum,
2445 518 2615 573 veluti
2651 518 2743 588 qui
2791 517 2865 572 sit
2904 519 3181 590 particeps
3212 520 3397 590 gratia:
3434 562 3448 584 ,

1873 606 1963 660 hic
2006 606 2132 661 licet
2186 605 2338 676 signa
2384 607 2579 670 faciat,
2624 622 2687 661 ac
2729 617 2977 661 mortuos
3020 611 3356 673 exsuscitet,
3393 617 3451 662 et

1873 712 1983 752 non
2024 708 2205 752 tamen
2236 698 2440 753 haheat
2474 699 2742 769 ahjectam
2779 709 2836 754 et
2878 700 3141 754 humilem
3187 702 3447 757 animam.

1872 806 1975 844 nec
2000 806 2207 859 pauper
2252 791 2447 859 spiritu
2482 798 2537 845 et
2566 791 2971 846 ahominandus
3001 792 3072 847 sit
3092 834 3104 853 .
3140 793 3186 847 is
3214 794 3451 862 subripi-

1875 892 1965 937 tur
1991 897 2021 936 a
2050 882 2204 947 vitio,
2229 893 2285 937 et
2306 883 2529 953 quidem
2554 884 2776 938 nescius
2800 900 2814 935 :
2844 893 2900 937 et
2933 884 3060 939 licet
3084 885 3239 954 signa
3265 885 3447 948 faciat,

1873 988 1983 1027 non
2021 981 2200 1027 tamen
2232 972 2285 1027 ei
2321 973 2658 1029 credendum
2689 980 2794 1027 est.
2838 972 3064 1043 Signum
3110 974 3257 1028 enim
3287 974 3451 1029 Chri-

1876 1064 2147 1118 stianismi
2185 1065 2293 1118 hoc
2333 1074 2420 1119 est
2443 1106 2459 1127 ,
2495 1073 2556 1119 ut
2580 1063 2777 1133 aliquis
2803 1064 2915 1118 Deo
2946 1064 3018 1118 sit
3053 1064 3336 1133 probatus,
3359 1073 3454 1117 ut-

1876 1172 1985 1225 que
2019 1157 2236 1213 studeat
2261 1157 2447 1213 -latere
2471 1172 2654 1211 coram
2692 1155 3044 1221 hominibus;
3078 1162 3133 1209 et
3164 1162 3223 1207 ut
3244 1196 3257 1219 ,
3286 1155 3331 1209 si
3364 1157 3452 1208 vel

1878 1248 2168 1303 universos
2210 1249 2500 1304 thesauros
2539 1248 2685 1317 regis
2729 1247 3025 1317 possideat,
3069 1263 3165 1303 eos
3212 1247 3455 1302 occultet

1877 1355 1942 1394 ac
1969 1356 2186 1410 semper
2208 1341 2359 1397 dicat
2385 1359 2398 1394 :
2428 1341 2725 1395 Thesaurus
2762 1357 2865 1393 non
2900 1351 2974 1394 est
3006 1358 3170 1404 meus,
3203 1343 3293 1395 sed
3316 1342 3455 1395 alius

1878 1446 1997 1483 eum
2032 1432 2172 1500 apud
2208 1448 2290 1485 me
2318 1432 2557 1501 deposuit
2584 1447 2603 1486 :
2636 1448 2727 1501 ego
2760 1433 2897 1484 enim
2929 1432 3197 1486 mendicus
3219 1447 3374 1485 sum:
3405 1441 3455 1485 et

1879 1525 2091 1593 quando
2114 1525 2161 1577 ei
2189 1523 2467 1593 placuerit.
2504 1533 2698 1591 repetet
2727 1540 2842 1576 eum
2868 1543 2899 1577 a
2935 1540 3037 1576 me.
3079 1525 3135 1578 Si
3165 1540 3299 1579 vero
3333 1525 3460 1593 quis

1880 1616 2027 1669 dicat
2058 1633 2071 1669 :
2104 1616 2259 1669 Dives
2295 1631 2433 1678 sum,
2471 1616 2676 1683 suﬁicit,
2706 1615 2840 1669 bona
2883 1616 3138 1685 possideo,
3161 1616 3312 1669 nihili
3338 1635 3454 1670 am-

1881 1708 2016 1776 plius
2038 1707 2267 1776 indigeo,
2296 1706 2566 1776 ejusmodi
2596 1706 2686 1774 qui
2711 1714 2817 1768 est,
2845 1720 2953 1759 non
2980 1716 3065 1760 est
3086 1705 3461 1772 Christianus,

1880 1799 1977 1853 sed
2007 1814 2104 1852 vas
2148 1798 2462 1867 impostura:
2490 1805 2548 1851 et
2571 1796 2799 1851 diaboli.
2836 1796 3136 1851 Delectatio
3165 1798 3313 1851 enim
3362 1799 3455 1851 Dei

1878 1890 2208 1945 insatiabilis
2252 1897 2372 1953 est,
2418 1897 2475 1941 et
2511 1898 2718 1956 quanto
2758 1888 2932 1956 magis
2975 1887 3100 1955 quis
3142 1888 3371 1955 gustarit
3402 1900 3460 1942 et

1878 1979 2079 2039 ederit.
2112 1987 2266 2033 tanto
2308 1978 2479 2047 magis
2505 1977 2734 2031 esuriet.
2772 1976 2839 2031 Et
2870 1977 2964 2045 qui
3003 1977 3273 2045 ejusmodi
3310 1990 3453 2033 sunt.

1879 2070 2137 2125 ardorem
2188 2078 2356 2139 atque
2408 2082 2651 2123 amorem
2692 2083 2819 2139 erga
2876 2068 3169 2122 Dominum
3234 2069 3457 2130 habent,

1882 2164 1976 2235 qui
2011 2164 2255 2219 coerceri
2301 2161 2535 2233 nequit,
2570 2171 2628 2217 et
2658 2168 2866 2231 quanto
2895 2161 3158 2231 majorem
3190 2162 3460 2215 adhibue-

1884 2259 1997 2312 rint
2018 2271 2239 2326 operam
2263 2254 2586 2326 proﬁciendi
2611 2269 2675 2309 ac
2701 2253 3010 2315 crescendi,
3048 2259 3201 2307 tanto
3239 2268 3296 2307 se
3330 2269 3445 2322 pau-

1884 2350 2129 2419 periores
2162 2356 2448 2415 reputant,
2490 2356 2752 2415 tanquam
2799 2344 2956 2415 egeni
3006 2359 3070 2398 ac
3102 2344 3244 2397 nihil
3282 2359 3461 2413 possv-

1884 2441 2097 2495 dentes.
2146 2439 2260 2494 Hoc
2288 2440 2436 2493 enim
2467 2437 2662 2492 dicunt
2692 2454 2705 2490 :
2745 2436 2863 2491 Non
2891 2453 3010 2490 sunt
3040 2436 3227 2507 dignus
3248 2478 3261 2497 ,
3295 2443 3353 2488 ut
3384 2434 3466 2488 sol

1888 2533 2056 2589 radiis
2091 2534 2201 2587 suis
2229 2548 2312 2585 me
2353 2532 2635 2585 illuminat.
2674 2530 2789 2584 Hoc
2827 2536 2913 2584 cst
2942 2529 3157 2598 signum
3192 2528 3465 2582 Christia-

1891 2624 2079 2689 nismi,
2110 2622 2226 2692 ipsa
2261 2621 2474 2676 scilicet
2506 2622 2810 2675 humilitas.

1958 2793 2247 2849 XXXVI".
2289 2793 2361 2848 At
2395 2793 2441 2848 si
2478 2793 2751 2863 quispiam
2799 2794 2945 2848 dicat
2980 2810 2994 2847 :
3030 2793 3317 2849 Contentus
3350 2810 3493 2849 sunt‘

1888 2895 1938 2939 et
1965 2886 2170 2957 plenus.
2196 2886 2457 2941 seductor
2487 2886 2577 2939 ille
2605 2894 2689 2939 est
2714 2896 2770 2939 et
2796 2886 3051 2940 mendax.
3101 2886 3472 2951 Quemadmo-

1890 2979 2021 3033 dum
2064 2978 2211 3032 euim
2260 2976 2626 3047 gloriﬁcatum
2660 2987 2745 3030 est
2791 2992 2993 3046 corpus
3048 2979 3288 3042 Domini,
3340 2994 3467 3034 cum

1892 3068 2309 3123 conscendisset
2350 3075 2591 3121 montem
2613 3106 2628 3130 ,
2659 3076 2719 3121 et
2748 3066 2805 3119 in
2850 3068 3092 3121 divinam
3123 3069 3349 3138 gloriam
3370 3108 3385 3133 ,
3413 3078 3471 3123 et

1892 3161 1947 3214 in
2005 3159 2278 3214 infinitum
2326 3160 2512 3213 lumen
2550 3166 2698 3211 esset
2743 3158 3189 3228 transﬁguratum
3227 3177 3240 3213 :
3284 3160 3365 3214 sic
3414 3168 3473 3213 ct

1892 3266 2123 3320 corpora
2166 3259 2481 3304 sanctorum
2520 3249 2921 3320 gloriﬁcantur,
2950 3261 3007 3304 et
3037 3251 3263 3320 fulgoris
3300 3252 3477 3305 instar

1890 3341 2097 3396 lucent.
2130 3340 2605 3407 Quemadmodum
2627 3341 2775 3396 enim
2800 3342 2971 3413 gloria
2999 3341 3205 3396 Christi
3233 3342 3469 3396 interior

1892 3434 1976 3488 sic
2008 3433 2257 3488 contexit
2282 3448 2519 3503 corpus,
2555 3442 2611 3487 et
2645 3433 3035 3503 exsplenduit;
3067 3434 3261 3489 eodem
3307 3436 3472 3490 modo

1890 3533 1947 3579 et
1975 3525 2031 3577 in
2060 3524 2267 3579 sanctis
2315 3524 2547 3579 interior
2579 3523 2785 3579 Christi
2824 3525 3003 3578 virtus
3044 3524 3099 3579 in
3128 3526 3217 3580 die
3250 3525 3340 3580 illa
3375 3542 3473 3580 ex-

1894 3617 2068 3671 terius
2109 3616 2165 3669 in
2197 3630 2428 3685 corpora
2473 3616 2694 3669 illorum
2733 3615 3062 3670 effunditur.
3089 3617 3301 3671 Etenim
3338 3616 3472 3670 sub-

1893 3708 2108 3763 stantia;
2141 3715 2193 3761 et
2225 3716 2433 3761 natura:
2475 3708 2593 3777 ejus
2637 3721 2704 3759 ex
2748 3693 2854 3760 hoc
2891 3715 3140 3776 tempore
3172 3709 3473 3776 participes

1894 3808 2022 3855 sunt
2046 3800 2101 3853 in
2131 3798 2317 3853 animo
2343 3814 2464 3854 suo.
2499 3798 2780 3868 Scriptum
2808 3807 2893 3853 est
2921 3799 3068 3852 enim
3102 3816 3117 3852 :
3156 3798 3258 3864 Qui
3281 3801 3475 3853 sancti-

1892 3890 2037 3959 ﬁcat,
2066 3898 2114 3942 et
2138 3889 2505 3957 sanctiﬁcatur
2527 3930 2542 3953 ,
2579 3905 2643 3942 ea:
2671 3906 2775 3941 uno
2804 3897 2926 3943 sunt
2958 3890 3024 3942 ".
3064 3890 3133 3943 Et
3160 3907 3174 3943 :
3204 3889 3469 3953 Gloriam,

1893 3999 2054 4055 quam
2086 3984 2274 4036 dedisti
2301 3982 2463 4046 mihi,
2511 3983 2630 4035 dedi
2663 3981 2771 4035 illis
2797 3983 2867 4037 "°.
2896 3982 3371 4049 Quemadmodum
3402 3984 3472 4036 ah

1895 4091 2006 4131 uno
2046 4074 2348 4143 eodemque
2385 4073 2509 4143 igne
2551 4073 2739 4143 plures
2769 4073 3009 4128 lucerna:
3054 4073 3473 4139 accenduntur,

1894 4166 1975 4221 sic
2012 4180 2239 4221 necesse
2281 4178 2501 4233 quoque
2548 4172 2666 4227 est,
2714 4172 2775 4217 ut
2826 4179 3056 4233 corpora
3115 4175 3470 4230 sanctorum,

1896 4271 2019 4324 quae
2043 4262 2172 4309 sunt
2198 4252 2406 4307 Christi
2434 4252 2702 4316 membra,
2737 4252 2881 4307 idem
2905 4252 3163 4317 evadant,
3184 4253 3331 4323 quod
3358 4254 3474 4323 ipse

1894 4345 2150 4403 Christus
2176 4355 2279 4401 est.

296 4439 426 4493 AG'.
480 4438 819 4506 Ἐρώτησις.
862 4436 996 4503 Πῶς
1044 4435 1331 4506 ἀνώτεροι
1382 4436 1690 4505 γίγνονται
1740 4438 1794 4490 οί
1826 4455 1874 4511 ι)
1971 4437 1987 4493 1

1786 4438 1874 4511 ID
1971 4437 2212 4493 XXXIX.
2255 4436 2633 4509 Interrogatio.
2695 4435 2810 4501 Quo
2862 4444 3015 4506 pacto
3056 4435 3283 4490 evadunt
3327 4435 3477 4491 Chri-

225 4531 577 4600 Χριστιανοὶ
625 4529 734 4583 τοῦ
772 4530 1007 4597 πρώτου
1046 4528 1220 4598 Ἀδάμ
1242 4527 1503 4593 “utsii-oc
1528 4528 1639 4597 γὰρ
1660 4527 1788 4582 ἀθά-

225 4639 411 4687 νατος
440 4619 541 4688 ἦν,
573 4618 672 4672 καὶ
707 4618 922 4687 ψυχὴν
954 4618 1052 4671 καί
1079 4618 1252 4687 σῶμα
1289 4617 1617 4689 ἄφθαρτος·
1643 4620 1697 4673 οί
1724 4618 1795 4671 δὲ

228 4711 699 4779 ἀποθνήσκουσι
729 4710 827 4763 καὶ
856 4711 1217 4780 φθείρονται.

315 4888 682 4956 Ἀπόκρισις.
735 4884 795 4940 ’0
822 4886 1076 4958 ἀληθινὸς
1112 4886 1340 4951 θάνατος
1368 4887 1515 4942 ἔνδον
1548 4888 1695 4941 ἔστιν
1744 4889 1803 4941 ὲν

228 4983 297 5051 τῇ
333 4980 551 5051 καρδίᾳ,
589 4979 687 5033 καὶ
741 4978 1070 5049 κέκρυπται,
1113 4980 1204 5033 καὶ
1228 4980 1258 5032 ό
1302 4981 1585 5052 ἄνθρωπος
1622 4982 1650 5034 ὁ
1696 4980 1804 5034 ἔσω

228 5073 562 5142 νενέκρωται
590 5087 603 5100 ·
636 5070 692 5124 ετ
715 5087 798 5135 τις
823 5067 919 5124 οὗν
952 5070 1329 5142 μεταϐέϐηκεν
1358 5074 1422 5125 ὲκ
1451 5074 1543 5126 τοῦ
1568 5074 1801 5128 θανάτου

229 5168 311 5229 εἰς
344 5165 442 5235 τὴν
467 5164 612 5235 ζωὴν
650 5163 789 5217 κατὰ
837 5163 899 5215 τὸ
943 5164 1202 5232 κρυπτὸν,
1255 5158 1407 5226 οὗτος
1452 5164 1668 5234 άληθῶς
1717 5166 1797 5228 είς

228 5258 359 5320 τοὺς
392 5256 594 5319 αἰῶνας
625 5255 715 5325 ζῇ,
748 5256 841 5308 καὶ
862 5256 961 5307 οὐκ
983 5256 1339 5326 ἀποθνήσκει.
1380 5255 1515 5308 Ἀλλ’
1534 5258 1581 5309 εἰ
1607 5258 1700 5311 καὶ
1733 5257 1800 5310 τὰ

234 5347 468 5418 σώματα
499 5347 607 5399 τῶν
634 5345 891 5399 τοιούτων
938 5345 1121 5399 λύεται
1166 5348 1301 5416 πρὸς
1346 5347 1556 5419 καιρὸν,
1589 5349 1802 5419 ἐγείρε-

230 5456 322 5491 ται
352 5434 508 5499 αὖθις
537 5438 594 5488 ἐν
622 5434 748 5505 δόξῃ
768 5450 782 5465 ·
816 5436 1126 5505 ἡγιασμένα
1150 5438 1257 5508 γάρ
1285 5440 1443 5492 εἰσιν.
1479 5439 1685 5493 Ὕπνον
1708 5436 1802 5494 οὖν

232 5532 468 5602 λέγομεν
522 5530 615 5583 καὶ
678 5527 934 5599 κοίμησιν
972 5526 1080 5581 τῶν
1108 5528 1447 5599 Χριστιανῶν
1489 5530 1581 5584 τὸν
1638 5530 1801 5586 θάνα-

308 5720 355 5753 “
399 5716 568 5772 liehr.
591 5732 651 5781 ιι,
678 5714 761 5770 li.
838 5714 884 5747 "
923 5712 1059 5770 Joan
1099 5712 1334 5781 xvn,22.

1897 4530 2059 4584 stiani
2084 4529 2195 4598 ipso
2224 4530 2393 4599 primo
2420 4530 2593 4584 Adam
2616 4526 2955 4597 superiora?
2986 4525 3076 4579 ille
3100 4527 3359 4596 siquidem
3377 4528 3475 4580 im-

1904 4620 2143 4677 mortalis
2173 4630 2309 4686 erat,
2336 4631 2385 4675 et
2417 4638 2520 4675 non
2541 4622 2724 4673 anima
2754 4618 2930 4683 modo,
2960 4635 3144 4672 verum
3174 4620 3336 4672 etiam
3356 4636 3474 4672 cor-

1906 4729 2031 4784 pore
2063 4710 2475 4785 incorruptibilis
2505 4728 2525 4766 :
2556 4713 2609 4766 Ιιί
2661 4726 2781 4765 vero
2819 4710 3121 4763 moriuntur
3160 4718 3211 4762 et
3241 4726 3481 4763 corrum-

1910 4814 2125 4878 puntur.

1976 4894 2282 4966 Responsio.
2322 4894 2461 4950 Vera
2511 4907 2659 4948 mors
2708 4892 2856 4946 intus
2895 4891 2951 4945 in
2992 4890 3159 4946 corde
3202 4890 3373 4945 heret
3416 4907 3481 4945 ac

1907 4985 2061 5048 latet,
2097 4994 2263 5055 atque
2311 4984 2476 5039 homo
2526 4982 2757 5039 interior
2802 4990 3053 5035 mortuus
3093 4988 3196 5035 est.
3242 4980 3298 5037 Si
3356 4981 3482 5049 quis

1906 5090 2039 5145 ergo
2074 5075 2351 5131 transierit
2374 5092 2405 5129 a
2432 5083 2610 5129 morte
2638 5075 2692 5128 in
2714 5073 2883 5127 vitam
2918 5073 3187 5127 occultam
3212 5113 3228 5138 ,
3271 5074 3363 5126 ille
3393 5089 3479 5125 re-

1901 5182 2031 5222 vera
2063 5168 2118 5222 in
2150 5169 2345 5223 sarcula
2375 5167 2534 5233 vivit,
2567 5182 2670 5221 nec
2698 5167 2952 5221 moritur.
2986 5165 3140 5219 Licet
3170 5166 3318 5219 enim
3357 5179 3480 5217 cor-

1900 5275 2036 5330 pora
2081 5261 2277 5315 horum
2323 5260 2615 5315 solvantur
2659 5258 2726 5313 ad
2768 5267 3021 5327 tempus,
3067 5257 3249 5311 denuo
3296 5265 3479 5309 tamen

1903 5352 2239 5407 suscitantur
2272 5351 2329 5406 in
2362 5352 2565 5422 gloria;
2598 5358 2727 5405 sunt
2752 5348 2902 5403 enim
2929 5348 3289 5403 sanctiﬁcata.
3324 5344 3482 5400 Som-

1902 5459 2037 5497 num
2060 5458 2190 5513 ergo
2213 5457 2279 5497 ac
2311 5442 2702 5497 dormitionem
2736 5456 2859 5496 esse
2882 5441 3116 5495 dicimus
3136 5438 3479 5495 Christiano-

1906 5550 2027 5590 rum
2069 5541 2328 5591 mOrtem.
2374 5532 2529 5600 Quod
2562 5534 2607 5589 si
2642 5533 2807 5589 homo
2842 5532 3169 5588 immortalis
3201 5538 3382 5593 esset,
3424 5536 3480 5583 et
