4282 6364
829 396 934 461 603

2071 390 2133 452 S.
2174 388 2494 451 MACARII
2533 387 2852 450 IEGYPTII

3983 384 4104 452 604

830 521 1059 579 corpore
1102 506 1562 579 ineorruptibilis,
1592 504 1883 560 universus
1903 504 2141 560 mundus
2174 520 2289 559 rem
2320 506 2407 559 in-
2434 508 2485 566 Α
2510 520 2521 551 ε

2434 508 2485 566 Α
2510 520 2624 557 τον.
2666 505 2727 556 Ei
2765 502 2821 555 δὲ
2880 501 3147 564 ἀθάνατος
3178 497 3245 573 ἦν
3282 505 3311 555 ὁ
3340 503 3657 573 ἄνθρωπος,
3702 502 3795 556 καὶ
3856 505 4003 557 κατὰ
4032 507 4105 555 τὸ

830 601 1097 657 solentem
1131 599 1492 671 perspiciens.
1530 597 1677 668 quod
1724 597 1935 653 scilicet.
1970 611 2202 665 corpora
2237 594 2404 650 Chri-

829 695 1134 749 stianorum
1164 709 1273 747 non
1302 700 1754 761 corrumpantur,
1783 690 2113 744 necessitate
2144 687 2400 759 quadam,

829 801 886 845 at
925 806 1034 844 non
1078 798 1380 859 spontanea
1431 787 1754 851 voluntate,
1797 784 1865 839 ad
1910 783 1965 837 id
2005 781 2153 853 quod
2196 781 2402 836 bonum

830 893 933 942 est,
966 889 1307 951 preperaret.

892 972 1015 1029 λιι.
1059 974 1290 1033 Verum,
1321 980 1381 1025 ut
1417 969 1639 1041 penitus
1670 975 1958 1039 appareat,
1992 975 2049 1021 et
2088 973 2203 1019 rata
2232 964 2303 1019 sit
2332 963 2402 1017 li-

829 1066 963 1122 bera
994 1065 1207 1119 arbitrii
1247 1064 1535 1128 voluntas,
1570 1078 1733 1132 quam
1776 1062 1843 1115 ab
1885 1061 2044 1115 initio
2084 1060 2231 1114 Deus
2272 1075 2405 1114 eon-

832 1153 1356 1226 cessitsﬁhomini,
1373 1155 1490 1221 ejus
1512 1169 1599 1207 res
1618 1168 1826 1206 summa
1847 1167 1971 1206 eum
1994 1150 2405 1221 dispensatione

834 1247 1317 1309 adminisuantur,
1350 1256 1517 1314 utque
1545 1245 1747 1298 solutio
1774 1259 2069 1313 corporum
2096 1261 2110 1308 ;
2139 1254 2200 1298 ut
2226 1243 2278 1295 in
2306 1258 2404 1296 vo-

833 1342 1042 1394 luntate
1075 1339 1315 1392 hominis
1352 1339 1453 1397 sit.
1480 1339 1725 1392 converti
1765 1353 1889 1391 eum
1927 1336 1991 1389 ad
2037 1335 2088 1389 id
2130 1336 2277 1404 quod
2307 1334 2407 1388 bo-

832 1448 963 1485 num
986 1471 1001 1495 ,
1051 1440 1147 1484 aut
1179 1430 1323 1499 quod
1358 1431 1559 1484 malum
1595 1438 1697 1484 est.
1732 1429 1920 1499 Neque
1950 1427 2096 1482 enim
2128 1428 2405 1496 perfectus

834 1530 998 1582 homo
1039 1527 1105 1581 ad
1142 1527 1346 1579 bonum
1376 1565 1389 1589 ,
1435 1535 1527 1578 aut
1558 1527 1609 1577 in
1649 1533 1873 1593 peccato
1904 1522 2221 1583 demersus,
2262 1529 2318 1574 et
2347 1535 2405 1573 se

832 1621 1012 1690 ipsum
1042 1618 1388 1672 constituens
1418 1633 1515 1669 vas
1542 1616 1770 1678 diaboli,
1796 1632 1823 1669 a
1850 1630 1959 1684 quo
1984 1623 2132 1667 totus
2166 1612 2405 1666 mundus

832 1711 1232 1765 condemnatus
1250 1717 1354 1771 est,
1372 1708 1437 1761 ad
1468 1708 1518 1761 id
1550 1707 1695 1777 quod
1724 1707 1926 1761 malum
1948 1715 2051 1767 est,
2079 1704 2405 1758 necessitate

831 1801 1068 1869 quadam
1109 1808 1193 1853 est
1236 1799 1566 1860 devinctus;
1611 1797 1704 1851 sed
1758 1796 1924 1850 habet
1965 1796 2201 1849 liberum
2254 1794 2405 1847 arbi-

834 1894 1025 1953 trium.
1074 1900 1135 1945 ut
1184 1891 1276 1944 ﬁat
1320 1906 1414 1943 vas
1456 1889 1744 1944 electionis
1788 1896 1844 1942 et
1888 1887 2033 1942 vitae.
2080 1887 2343 1941 Similiter
2372 1900 2403 1940 e

831 1997 1099 2037 converso
1125 2021 1139 2044 ,
1173 1981 1266 2050 qui
1307 1980 1596 2033 divinitate
1624 1988 1753 2033 sunt
1786 1977 2063 2039 inebriati,
2094 1978 2222 2032 licet
2253 1976 2401 2047 pleni

831 2076 944 2129 sint
976 2090 1040 2128 ac
1074 2073 1317 2127 devincti
1347 2072 1553 2143 Spiritu
1588 2080 1779 2125 sancto
1804 2111 1818 2127 .
1850 2087 1959 2123 non
1994 2080 2171 2124 tamen
2207 2086 2401 2125 neces-

830 2167 993 2221 sitate
1024 2166 1132 2219 ulla
1171 2172 1449 2224 tenentur,
1483 2164 1577 2217 sed
1598 2164 1831 2217 liberum
1848 2161 2060 2216 habent
2088 2161 2399 2227 arbitrium,

830 2269 893 2313 ut
918 2267 1313 2313 convertantur
1337 2265 1394 2310 et
1428 2255 1670 2321 faciant,
1706 2253 1973 2323 quidquid
2012 2252 2315 2323 placuerit,
2346 2251 2400 2306 in

830 2348 938 2405 hoc
962 2350 1183 2403 saeculo.

897 2439 1035 2495 XLI.
1074 2441 1447 2510 Interrogatio.
1488 2438 1827 2493 Paulatimne
1864 2446 2179 2492 extenuatur
2206 2444 2253 2489 et
2285 2452 2404 2489 era-

826 2532 1056 2595 dicatur,
1085 2532 1223 2601 quod
1254 2530 1452 2585 malum
1469 2540 1566 2593 est,
1589 2540 1746 2599 atque
1776 2532 1851 2583 ita
1877 2529 2083 2600 proﬁcit
2106 2531 2257 2582 homo
2273 2545 2401 2598 gra-

827 2627 933 2689 tia;
975 2641 1044 2677 an
1084 2626 1265 2678 statim
1289 2664 1304 2685 ,
1339 2624 1426 2677 ubi
1466 2639 1793 2694 progressum
1843 2622 2038 2691 fecerit,
2079 2622 2402 2691 mtirpatur

826 2717 964 2788 quod
998 2716 1197 2770 malum
1232 2725 1305 2769 est
1327 2716 1353 2767 Ρ

898 2807 1201 2871 Responsio.
1243 2808 1715 2875 Quemadmodum
1750 2806 1928 2860 infans
1960 2804 2312 2875 imperfectus
2345 2803 2401 2856 in

827 2910 987 2954 utero
1034 2916 1145 2953 non
1191 2900 1479 2954 confestim
1520 2900 1575 2953 in
1606 2900 1885 2953 hominem
1931 2898 2273 2963 concrescit,
2305 2897 2400 2951 sed

825 2992 1091 3062 paulatim
1122 2991 1353 3045 formam
1384 2990 1581 3061 recipit
1618 3002 1675 3045 et
1698 2991 1978 3061 gignitur;
2016 3006 2191 3059 neque
2220 2990 2401 3043 conti-

825 3100 938 3137 nuo
961 3083 1237 3153 perlectus
1262 3085 1427 3136 homo
1450 3094 1557 3147 est,
1586 3083 1682 3137 sed
1718 3083 2018 3136 multorum
2045 3083 2263 3135 demum
2301 3099 2399 3136 an-

826 3188 1022 3228 norum
1042 3174 1278 3228 decursu
1304 3174 1702 3229 incrementum
1728 3173 1916 3237 sumit,
1938 3181 2100 3242 atque
2124 3174 2178 3227 in
2213 3173 2392 3227 virum
2425 3201 2468 3260 ο

825 3266 1057 3346 ονεάἱιέ
1094 3277 1287 3336 estque
1310 3266 1461 3320 velut
1487 3266 1697 3320 semina
1728 3264 1917 3319 hordei
1946 3274 2038 3319 aut
2060 3264 2250 3327 tritici,
2277 3278 2397 3333 quae

826 3356 883 3411 in
909 3366 1109 3411 terram
1144 3359 1385 3422 :onjecta
1407 3373 1515 3410 non
1535 3357 1717 3411 statim
1738 3356 1955 3410 radices
1976 3365 2144 3425 agunt
2166 3397 2180 3419 ,
2203 3371 2399 3410 verum

826 3449 920 3504 ubi
950 3449 1317 3519 praeterierint
1344 3449 1556 3503 hiemes
1578 3458 1635 3502 et
1660 3450 1833 3511 venti,
1865 3456 1982 3502 tum
2008 3448 2229 3502 demum
2258 3463 2401 3502 com.

826 3541 989 3595 modo
1024 3550 1269 3610 tempore
1294 3541 1457 3610 spicze
1496 3551 1873 3595 enascuntur:
1911 3541 2062 3604 item,
2088 3541 2180 3609 qui
2204 3555 2399 3611 pyrum

825 3627 1057 3698 plantat,
1087 3644 1195 3681 non
1223 3630 1405 3683 statim
1430 3630 1663 3699 percipit
1696 3628 1933 3683 fructum
1966 3646 1979 3681 :
2005 3628 2197 3682 eodem
2234 3627 2399 3681 modo

826 3718 883 3772 in
913 3719 1293 3787 spiritualibus
1318 3735 1561 3789 quoque,
1590 3720 1684 3774 ubi
1711 3728 1858 3773 tanta
1888 3719 2154 3788 sapientia
2177 3728 2233 3771 et
2266 3718 2397 3771 sub—

827 3807 998 3862 tilitas
1047 3815 1162 3871 est,
1196 3809 1457 3878 paulatim
1493 3810 1658 3863 homo
1694 3810 2044 3879 progreditur
2070 3849 2085 3872 ,
2123 3810 2398 3879 evaditque

824 3898 882 3951 in
905 3899 1071 3951 uirum
1092 3900 1399 3969 perfectum,
1433 3911 1481 3953 et
1505 3900 1885 3970 plenitudinem
1917 3902 2087 3955 (etatis
2120 3917 2136 3953 :
2170 3917 2301 3964 non,
2335 3908 2397 3953 ut

826 3989 1049 4058 quidam
1088 3991 1241 4044 aiunt
1269 4008 1281 4043 :
1312 3991 1532 4045 Induere
1557 4002 1605 4045 et
1629 4010 1815 4046 exuere
1843 3993 1906 4046 τι.

898 4095 1059 4149 XLII.
1098 4096 1201 4161 Qui
1243 4097 1455 4152 litteras
1483 4098 1696 4153 discere
1734 4100 1789 4153 in
1820 4100 1965 4154 votis
1996 4100 2191 4164 habet,
2220 4102 2398 4171 pergit

824 4187 1065 4257 primum
1092 4188 1158 4241 ad
1189 4188 1483 4243 ediscenda
1523 4191 1675 4259 signa
1711 4209 1723 4241 :
1764 4192 1856 4244 ubi
1892 4193 1933 4245 si
1967 4193 2177 4260 primus
2205 4192 2392 4257 fuerit,

823 4281 1082 4350 pergitad
1106 4281 1346 4335 scholam
1375 4282 1715 4346 Latinorum,
1752 4294 1944 4354 estque
1982 4286 2225 4339 omnium
2263 4287 2394 4340 ulti-

824 4386 967 4425 mus.
1019 4372 1255 4425 Rursum
1307 4372 1420 4426 illic
1459 4374 1551 4427 ubi
1605 4374 1772 4427 fuerit
1825 4376 2054 4444 primus,
2103 4377 2277 4446 pergit
2325 4378 2392 4431 ad

821 4464 1064 4518 scholam
1099 4463 1373 4519 forensem
1401 4508 1413 4529 ,
1455 4476 1646 4535 estque
1689 4468 1739 4521 in
1782 4484 1843 4522 ea
1880 4485 2095 4523 rursum
2144 4469 2388 4523 omnium

2508 595 2671 666 σῶμα
2702 594 3000 665 ἄφθαρτος,
3040 595 3254 665 βλέπων
3290 595 3411 659 ὃλος
3447 599 3477 649 ό
3516 597 3721 666 κόσμος
3747 597 3810 648 τὸ
3843 597 4103 667 παράδος

2508 687 2598 754 ξον
2635 687 2728 740 τοῦ
2760 688 3109 758 πράγματος,
3143 690 3225 742 ὅτι
3288 687 3366 759 μὴ
3403 690 3721 759 φθείρονται
3753 689 3822 742 τά
3854 688 4103 758 σώματα

2506 781 2616 838 τῶν
2659 779 3024 851 Χριστιανῶν,
3073 782 3292 851 ἀνάγκῃ
3344 782 3527 834 τοίνυν
3606 782 3739 843 τινὶ,
3802 780 3920 833 ἀλλ’
3991 781 4099 850 οὐχ

2507 874 2729 941 ἑκουσίᾳ
2757 872 2952 943 γνώμῃ
2989 873 3128 943 πρὸς
3172 874 3236 927 τὸ
3276 874 3481 942 ἀγαθὸν
3516 874 3803 943 ἀνήρχετο.

2576 969 2667 1021 Μ’.
2716 968 2851 1021 Ἀλλ’
2878 969 2964 1021 ἵνα
2990 970 3132 1038 φανῇ
3157 968 3408 1034 καθάπαξ
3448 969 3543 1021 καὶ
3581 967 3833 1038 διαμείνῃ
3854 966 3921 1018 τὸ
3958 967 4101 1019 αἰητ-

2508 1058 2772 1126 εξούσιον,
2812 1059 2950 1129 ὅπερ
2979 1060 3037 1126 ἐξ
3068 1060 3246 1130 ἀρχῆς
3271 1061 3301 1113 ὁ
3332 1059 3468 1123 Θεὸς
3496 1060 3666 1113 ἔδωκε
3688 1058 3768 1129 τῷ
3784 1059 4093 1129 ἀνθρώπῳ,

2506 1152 2698 1206 τούτου
2729 1152 3096 1222 οἰκονομικῶς
3121 1151 3191 1204 τά
3216 1152 3520 1223 πράγματα
3546 1152 3852 1215 διοικεῖται,
3873 1152 3970 1204 καὶ
3998 1152 4093 1219 γίο

2506 1263 2694 1314 γνεται
2726 1244 2879 1308 λύσις
2910 1244 3204 1313 σωμάτων,
3240 1244 3327 1296 ἵνα
3355 1245 3414 1296 ὲν
3440 1242 3518 1309 τῷ
3558 1243 3823 1313 θελήματι
3857 1241 3955 1294 τοῦ
3997 1243 4098 1294 άν-

2508 1337 2727 1409 θρὼπου
2820 1338 2880 1391 τὸ
2931 1340 3208 1406 τραπῆναι
3236 1337 3399 1390 αὑτὸν
3442 1340 3534 1391 ἐπὶ
3587 1337 3650 1388 τὸ
3697 1336 3903 1403 ἀγαθὸν
3942 1336 3978 1405 ἢ
4030 1335 4095 1388 τὸ

2507 1432 2697 1486 κακόν.
2733 1430 2869 1485 Οὔτε
2902 1431 3012 1501 γὰρ
3048 1432 3077 1482 ὁ
3123 1429 3328 1492 τέλειος
3376 1430 3456 1491 εἰς
3484 1428 3547 1481 τὸ
3587 1428 3813 1495 ἀγαθὸν,
3845 1428 3879 1497 ἢ
3915 1427 4093 1496 βαθὺς

2508 1526 2588 1587 εἰς
2618 1524 2717 1595 τὴν
2750 1525 3047 1593 ἁμαρτίαν,
3078 1524 3172 1575 καὶ
3194 1521 3365 1575 ποιῶν
3394 1523 3586 1575 ἑαυτὸν
3607 1520 3802 1583 σκεῦος
3830 1520 3927 1572 τοῦ
3967 1520 4095 1571 διαο

2510 1617 2690 1680 ϐόλου,
2712 1617 2802 1686 ὑφ’
2822 1610 2884 1669 οὖ
2914 1616 2975 1670 τὸ
3000 1617 3122 1668 ὅλον
3158 1615 3479 1684 κατεκρίθη,
3515 1616 3595 1676 εἰς
3621 1614 3681 1666 τὸ
3701 1613 3889 1681 ,κακὸν
3912 1614 4089 1679 ἀνάγ-

2510 1726 2581 1778 κῃ
2603 1710 2714 1759 τινὶ
2746 1706 2952 1760 δέδεται
2986 1722 2999 1735 °
3032 1706 3151 1758 ἀλλ’
3195 1706 3314 1775 ἔχει
3371 1705 3470 1773 τὴν
3508 1705 3823 1775 ἐλευθερίαν
3854 1704 3949 1757 τοῦ
3995 1720 4089 1769 γε-

2509 1799 2693 1852 νέσθαι
2727 1798 2919 1863 σκεῦος
2958 1797 3192 1867 ἐκλογῆς
3241 1798 3336 1850 καὶ
3360 1796 3525 1866 ζωῆς.
3567 1794 3802 1866 Ὁμοίως
3846 1796 4012 1848 πάλιν
4034 1796 4086 1847 οἱ

2508 1892 2910 1961 μεμεθυσμένοι
2940 1892 3019 1952 είς
3048 1892 3149 1961 τὴν
3173 1890 3429 1959 θιότητα,
3456 1889 3635 1942 καίτοι
3657 1888 4084 1959 πεπληρωμένοι

2504 1984 2597 2036 καὶ
2627 1982 2906 2053 δεδεμένοι
2944 1982 3225 2052 Πνεύματι
3258 1982 3421 2052 ἁγίῳ,
3454 1982 3555 2034 οὐκ
3588 1982 3803 2053 ἀνάγκῃ
3837 1984 3949 2034 τινὶ
3980 1999 4084 2033 κε-

2503 2077 2827 2148 κράτηνται.
2861 2076 2977 2130 ἀλλ’
3018 2076 3200 2146 ἔχουσι
3246 2076 3310 2130 τδ
3346 2075 3693 2142 αὐτεξούσιον
3739 2076 3834 2128 τοῦ
3864 2075 4086 2145 τραπῆέ

2502 2186 2589 2222 ναι
2620 2168 2840 2235 αὐτοὺς,
2898 2170 2995 2224 καὶ
3025 2172 3203 2223 ποιεῖν
3246 2169 3277 2223 δ
3332 2169 3579 2223 θέλουσιν
3634 2172 3714 2234 εἰς
3762 2168 3853 2223 τὸν
3902 2169 4085 2221 αίῶνα

2499 2278 2710 2317 τουτον.

2574 2444 2713 2497 MA’.

2501 2537 2711 2600 κακὸν,
2753 2534 2851 2588 καὶ
2882 2532 3235 2601 ἑκριζοῦται,
3294 2533 3393 2585 καί
3453 2533 3779 2599 προκόπτει
3821 2534 3911 2598 εἰς·
3964 2534 4088 2600 τὴν

2501 2628 2678 2696 χάριν
2698 2630 2730 2681 ό
2754 2628 3086 2693 ἅνθρωπος,
3122 2625 3161 2694 ἣ
3191 2623 3434 2690 εὐθέως,
3465 2626 3519 2677 ει
3542 2625 3713 2693 τύχοι
3740 2625 4085 2693 προκοπῆς,

2500 2717 2829 2787 ἐκριζυῦται
2854 2719 2922 2772 τὸ
2951 2720 3180 2779 κακόν;

2586 2811 2935 2878 Ἀπόκρισις.
2965 2810 3233 2882 Καθάπερ
3274 2811 3335 2865 τὸ
3388 2810 3627 2882 ἔμϐρυον
3674 2813 3732 2864 ὲν
3787 2814 3855 2881 τῇ
3890 2814 4087 2883 μήτρα

2503 2902 2603 2954 οὐκ
2634 2902 2835 2965 εὐθέως
2866 2902 3143 2972 πήγνυται
3174 2905 3254 2965 εἰς
3292 2902 3605 2969 ἄνθρωπον,
3634 2902 3769 2955 ἀλλὰ
3800 2903 3947 2956 κατὰ
3983 2906 4089 2971 μὲ-

2501 3010 2595 3065 ρος
2639 2992 2889 3061 γίγνεται
2939 2992 3103 3046 εἰκὼν
3154 2995 3252 3046 καὶ
3292 2996 3573 3061 γεννᾶται,
3600 2994 3699 3046 οὐκ
3729 2995 3832 3064 ἤδη
3858 2995 3915 3047 δέ
3962 2996 4086 3046 ἐστι

2499 3086 2706 3148 τέλειος
2753 3084 3060 3155 ἄνθρωπος.
3120 3083 3242 3137 ἀλλ’
3277 3085 3497 3149 αὐξάνει
3542 3087 3601 3137 ὲν
3648 3085 3795 3137 ἔτεσι
3834 3086 4082 3147 πολλοῖς,

2501 3176 2596 3228 καὶ
2652 3177 2897 3243 γίγνεται
2931 3177 3073 3245 ἀνήρ
3108 3193 3122 3207 ·
3170 3176 3287 3228 ἔστι
3333 3176 3391 3229 δὲ
3439 3174 3633 3247 ὥσπερ
3667 3177 3736 3229 τά
3781 3177 4083 3247 σπέρματα

2499 3269 2608 3319 τῶν
2638 3266 2845 3335 κριθῶν
2873 3267 2905 3337 ἢ
2944 3267 3038 3319 τοῦ
3090 3268 3261 3332 σίτου,
3302 3268 3403 3320 οὐκ
3432 3268 3634 3329 εὐθέως
3660 3267 3968 3337 βαλλόμενα
3996 3270 4083 3331 εἰς

2499 3360 2601 3429 τὴν
2662 3362 2766 3429 γῆν
2836 3359 2995 3429 ριζοί,
3052 3360 3188 3413 ἀλλὰ
3247 3360 3609 3429 παρέρχονται
3663 3360 3932 3430 χειμῶνες
3981 3365 4082 3415 καὶ

2500 3452 2715 3521 ἄνεμοι,
2749 3452 2843 3503 καὶ
2864 3454 2984 3504 τότε
3005 3452 3083 3522 τῷ
3097 3453 3269 3505 δέοντι
3299 3453 3477 3523 καιρῷ
3507 3453 3781 3520 γίγνονται
3808 3456 4078 3523 στάχυες·

2500 3547 2595 3599 καὶ
2635 3547 2663 3598 ό
2723 3546 2970 3613 φυτεύων
3022 3546 3219 3609 ἄπιον,
3255 3548 3355 3599 οὐκ
3409 3545 3612 3609 εὐθέως
3665 3547 4079 3615 μεταλαμϐάνει

2497 3640 2589 3692 τὸν
2613 3640 2845 3709 καρπόν·
2884 3637 3145 3699 ὡσαύτως
3186 3640 3291 3690 κάν
3327 3640 3439 3699 τοῖς
3485 3642 3894 3707 πνευματικοῖς,
3936 3640 4080 3692 ὅπου

2500 3729 2731 3798 τοσαύτη
2768 3729 2929 3796 σοφία
2955 3728 3048 3781 καὶ
3077 3728 3367 3797 λεπτότης,
3404 3728 3545 3780 κατὰ
3587 3729 3783 3797 μικρὸν
3808 3730 3837 3780 ὁ
3863 3729 3963 3781 ἄνθ
3974 3747 4081 3799 ρω-

2499 3838 2599 3884 πος
2631 3820 2874 3885 αὐξάνει,
2918 3819 3019 3873 καί
3063 3818 3287 3889 γίνεται
3325 3822 3414 3883 εις
3462 3818 3653 3885 ἄνδρα
3684 3820 3937 3881 τέλειον,
3989 3823 4081 3885 είς

2490 3913 2713 3981 μέτρον
2726 3910 2986 3979 ἡλικίας·
3003 3910 3102 3979 οὐχ
3113 3909 3453 3981 ὧσπερτινὲς
3464 3910 3715 3978 λέγουσιν
3728 3925 3744 3939 ·
3758 3910 4076 3974 Ἐνδυσαι,

2498 4004 2771 4058 ἐκδυσαι.

2566 4098 2702 4151 MB’.
2760 4096 2820 4149 '0
2860 4095 3029 4150 θέλων
3072 4096 3268 4165 μαθεῖν
3294 4095 3603 4167 γράμματα
3648 4094 3953 4164 ἀπέρχεται
3981 4096 4082 4148 καὶ

2500 4188 2760 4258 μανθάνει
2789 4189 2859 4242 τὰ
2888 4192 3113 4259 σημεῖα,
3145 4188 3239 4241 καὶ
3274 4188 3404 4240 ὅταν
3434 4188 3651 4255 γένηται
3680 4190 3798 4240 ἐκεῖ
3825 4187 4075 4256 πρῶτος.

2496 4282 2795 4352 ἀπέρχεται
2824 4285 2905 4345 είς
2932 4281 3031 4352 τὴν
3056 4281 3253 4351 σχολὴν
3274 4280 3383 4333 τῶν
3426 4279 3771 4350 Ῥωμαϊκῶν,
3803 4280 3898 4331 καὶ
3924 4279 4080 4330 ἔστιν

2494 4373 2632 4425 ὅλων
2693 4373 2943 4442 ἔσχατος.
2995 4373 3163 4425 Πάλιν
3213 4374 3331 4424 εκεῖ
3366 4372 3495 4425 ὅταν
3554 4372 3784 4440 γένηται
3824 4371 4072 4441 πρῶτος,

2496 4465 2796 4533 ἀπέρχεται
2852 4463 2987 4533 πρὸς
3037 4465 3137 4532 τὴν
3191 4464 3386 4535 σχολὴν
3422 4463 3531 4517 τῶν
3581 4462 3947 4533 γραμμάτων,
3980 4464 4077 4514 καὶ

2779 2442 3123 2509 Ἐρωτησις.
3178 2439 3342 2494 Κατὰ
3382 2438 3566 2509 μέρος
3613 2442 3975 2495 λεπτύνεται
4012 2444 4086 2495 τὸ

820 4552 1049 4607 ultimus
1093 4563 1149 4607 et
1197 4556 1321 4609 tiro.
1378 4556 1585 4610 Deinde
1633 4556 1726 4610 ubi
1783 4558 1949 4611 fuerit
1999 4560 2387 4623 scholasticus,
2424 4537 2511 4606 θὲ

2384 4602 2387 4621 ,
2424 4537 2465 4590 Ῑ)
2495 4555 2609 4606 ἐστι
2653 4555 2814 4608 πάλιν
2848 4558 2965 4607 ἐκεῖ
2990 4556 3129 4607 ὅλων
3164 4554 3412 4625 ἔσχατος,
3453 4556 3735 4625 άρχάριος.
3776 4549 3912 4606 Εἶτα
3944 4555 4075 4606 ὅταν

819 4642 1066 4695 omnium
1103 4643 1506 4697 causidicorum
1538 4653 1621 4698 est
1657 4645 1897 4698 novitius
1927 4655 1983 4699 et
2008 4648 2255 4699 ultimus.
2288 4646 2395 4700 De—

822 4750 933 4787 nuo
962 4734 1052 4787 ubi
1081 4735 1195 4788 illic
1220 4736 1461 4789 evaserit
1490 4737 1722 4805 primus,
1756 4747 1868 4790 tum
1910 4737 2017 4790 dux
2048 4739 2269 4803 evadit;
2300 4738 2394 4808 qui

819 4826 865 4878 si
894 4826 1262 4894 principatum
1293 4827 1526 4896 adeptus
1550 4828 1734 4891 fuerit,
1769 4829 2073 4899 adiutorem
2104 4830 2207 4884 sibi
2231 4832 2397 4885 sumit

818 4932 1171 4970 assessorem.
1219 4917 1275 4972 Si
1323 4934 1455 4989 ergo
1505 4919 1559 4973 in
1606 4921 1773 4975 rebus
1828 4923 2073 4976 externis
2115 4932 2194 4977 tot
2229 4923 2397 4978 habet

817 5008 983 5061 homo
1010 5024 1397 5078 progressuum
1428 5011 1630 5080 gradus
1661 5031 1673 5063 :
1710 5023 1915 5081 quanto
1939 5014 2107 5085 magis
2130 5016 2387 5085 mysteria

817 5099 1061 5153 cmlestia
1097 5098 1305 5153 habent
1333 5101 1629 5169 profectus,
1662 5112 1716 5155 et
1738 5120 1836 5172 per
1859 5105 2060 5157 multos
2086 5106 2287 5174 gradus
2308 5105 2389 5159 in-

816 5199 1156 5243 crementum
1183 5200 1442 5257 sumunt;
1474 5203 1529 5245 et
1558 5202 1695 5251 tum.
1731 5195 1822 5262 qui
1865 5211 1964 5264 per
2000 5196 2199 5249 multas
2227 5212 2385 5251 exer-

816 5282 1126 5343 citationes,
1155 5292 1210 5336 et
1235 5298 1331 5351 per
1362 5284 1529 5337 multa
1558 5286 1799 5354 pericula
1823 5287 2242 5351 transcenderit,
2265 5306 2388 5358 pcr-

818 5372 996 5427 fectus
1032 5373 1235 5427 evadit.
1267 5373 1563 5430 Christiani
1595 5378 1740 5431 enim
1766 5420 1780 5443 ,
1816 5379 1906 5448 qui
1943 5395 2133 5434 revera.
2164 5390 2380 5451 gustum

822 5463 1005 5533 gratiae
1030 5474 1429 5533 perceperunt,
1472 5473 1527 5521 et
1565 5466 1777 5536 signum
1813 5469 1995 5525 erucis
2032 5470 2087 5523 in
2113 5480 2295 5525 mente
2329 5480 2387 5525 et

822 5555 988 5610 corde
1028 5557 1251 5621 habent,
1288 5557 1402 5612 hia
1436 5559 1653 5629 regibus
1674 5561 1739 5615 ad
1776 5574 2386 5634 pauperes'usque,pro

821 5655 1065 5703 stercore
1086 5658 1139 5702 et
1174 5649 1368 5704 faetore
1418 5661 1675 5719 reputant
1720 5654 1901 5708 omnia
1934 5672 1947 5708 :
1988 5666 2042 5710 et
2075 5656 2129 5708 hi
2160 5665 2387 5725 possunt

882 5825 923 5857 "
970 5826 1168 5897 Ephcs.
1206 5845 1274 5891 γι,
1328 5830 1406 5881 18?.

2494 4646 2721 4715 γένηται
2754 4647 3127 4715 σχολαστικὸς,
3152 4647 3289 4701 ὅλων
3322 4649 3430 4700 τῶν
3461 4648 3757 4715 δικολόγων
3804 4648 4077 4717 άργάριος

2494 4740 2588 4793 καὶ
2629 4740 2857 4810 ἔσχατός
2890 4742 3027 4792 ἐστι.
3058 4740 3228 4793 Πάλιν
3259 4740 3388 4793 ὅταν
3422 4741 3540 4792 ἐκεῖ
3572 4740 3799 4809 γένηται
3826 4739 4073 4809 πρῶτος,

2495 4833 2615 4885 τότε
2656 4834 2866 4900 γίνεται
2926 4833 3179 4902 ἡγεμών·
3238 4832 3333 4885 καὶ
3392 4832 3523 4885 ὅταν
3587 4831 3813 4901 γένηται
3858 4833 4073 4900 ἄρχων,

2496 4924 2766 4993 λαμϐάνει
2802 4924 2980 4993 ἑαυτῷ
3020 4924 3213 4993 βοηθὸν
3250 4926 3341 4977 τὸν
3370 4924 3758 4995 συγκάθερδον.
3799 4923 3861 4977 ΕΞ
3888 4922 3983 4975 οὖν
4007 4927 4075 4977 τὰ

2500 5016 2803 5085 φαινόμενα
2854 5016 3127 5079 τοσαύτας
3174 5016 3287 5085 ἔχει
3333 5017 3639 5085 προκοπὰς,
3682 5015 3834 5084 πόσῳ
3868 5014 4076 5081 μᾶλλον

2495 5109 2559 5160 τὰ
2597 5108 2894 5177 ἐπουράνια
2922 5108 3197 5177 μυστήρια
3217 5108 3329 5177 ἔχει
3362 5110 3665 5176 προκοπὰς,
3700 5108 3791 5159 καὶ
3824 5107 4073 5175 βαθμοὺς

2496 5200 2727 5261 πολλοὺς
2776 5199 3034 5263 αύξάνειί
3072 5201 3165 5251 καὶ
3210 5200 3328 5251 τότε
3357 5200 3445 5252 διὰ
3500 5199 3704 5265 πολλῆς
3758 5200 4072 5268 γυμνασίας

2496 5290 2589 5342 καὶ
2648 5290 2857 5342 πολλῶν
2906 5290 3278 5360 πειρατηρίων
3326 5290 3355 5341 ό
3406 5290 3687 5359 διαφυγὼν
3735 5291 3948 5357 γίνεται
3985 5292 4073 5344 τέ-

2493 5382 2653 5445 λειος.
2690 5385 2753 5436 Ol
2792 5384 2900 5452 γὰρ
2933 5384 3252 5453 Χριστιανοὶ
3280 5384 3329 5435 οἱ
3365 5384 3693 5451 γευσάμενοι
3724 5385 3823 5451 τῆς
3845 5383 4073 5452 χάριτος

2494 5476 2551 5539 ἑξ
2588 5474 2871 5541 ἀληθείας,
2891 5476 2986 5527 καὶ
3019 5475 3077 5527 τδ
3122 5477 3348 5544 σημεῖον
3376 5474 3594 5544 ἔχοντες
3619 5473 3713 5527 τοῦ
3736 5474 3971 5527 σταυροῦ
4012 5477 4073 5527 ἐν

2490 5567 2572 5636 τῷ
2608 5567 2683 5636 νῷ
2716 5567 2807 5619 καὶ
2838 5570 2903 5636 τῇ
2930 5566 3148 5637 καρδίᾳ,
3179 5560 3325 5619 οὗτοι
3358 5566 3466 5619 ἀπὸ
3502 5566 3764 5636 βασιλέων
3785 5567 3890 5629 ἕως
3920 5582 4070 5619 mw-

2495 5660 2627 5728 χῶν,
2657 5660 2892 5729 κοπρίαν
2916 5659 3010 5711 καὶ
3036 5658 3301 5713 δυσωδίαν
3332 5659 3594 5731 ηγοῦνται
3624 5659 3689 5712 τὰ
3726 5661 3925 5714 πάντα.
3955 5656 4069 5712 Καὶ
