4282 6364
209 367 319 432 605
1415 369 1787 434 ΗΟΜΙΙᾸΕ.
1810 378 1900 438 -ξ

1773 418 1787 434 .
1810 397 1880 413 -·
1898 376 2085 443 HOM.
2126 382 2249 446 XV.
3361 387 3464 449 606

204 474 354 534 οὗτοι
382 477 639 533 δύνανται
692 476 913 539 εἰδέναι.
949 476 1031 531 δτι
1068 477 1191 543 ὅλος
1226 478 1256 531 6
1284 476 1537 549 κόσμοςό
1572 480 1785 549 γήϊνος,
1815 490 1860 545 Α
1891 488 1895 539 j

1773 517 1785 543 ι
1815 490 1860 545 Α
1891 487 2221 561 intelligere,
2249 494 2567 549 universum
2603 494 2868 550 mundum
2896 503 3177 551 terrenum
3197 539 3213 563 ,
3241 497 3464 554 thesau-

205 570 304 625 καὶ
333 576 384 623 ot
418 570 685 640 θησαυροὶ⁸
721 568 816 623 τοῦ
862 568 1150 640 βασιλέως,
1204 572 1299 624 καὶ
1330 569 1365 640 ἡ
1410 568 1557 633 δόξα,
1620 569 1715 623 καὶ
1739 572 1788 624 ot
1890 595 1896 633 ι

1771 572 1788 623 ῑ
1890 595 2093 651 rosque
2121 582 2294 652 regis,
2329 600 2499 655 opes,
2530 585 2764 656 gloriam
2801 603 2866 641 ac
2902 587 3186 657 sapientiae
3220 589 3462 660 eloquia,

200 660 317 729 τῆς
356 660 553 729 σοφίας
591 660 765 729 λόγοι,
804 660 863 713 ἄν
908 660 1181 733 φαντασίᾳ
1203 660 1312 715 τινί
1339 661 1468 727 είσι,
1502 660 1578 732 μὴ
1598 660 1792 731 ἔχοντα

1774 678 1792 714 ι
1899 682 2182 728 externam
2207 676 2373 730 modo
2396 677 2634 746 speciem
2662 678 2731 733 de
2756 694 2814 733 sc
2837 679 3104 749 prabere,
3129 695 3234 735 nec
3261 681 3465 737 habere

208 754 445 824 στερεὰν
475 752 656 823 βάσιν,
690 752 827 805 ἀλλά
864 754 1275 825 παρερχόμενα.
1320 754 1431 807 Καὶ
1459 754 1513 807 εί
1545 753 1599 808 τί
1644 754 1792 807 ἔστιν

215 844 329 897 ὑπὸ
347 845 438 898 τὸν
461 845 714 914 οὐρανὸν,
747 844 960 909 τούτοις
986 845 1137 899 ἐστὶν
1164 845 1662 917 εὐκαταφρόνητον.

275 934 412 989 ΜΓ.
450 933 552 988 Διά
582 935 675 999 τί;
702 935 786 987 ὅτι
812 932 938 1001 ξένα
954 936 1050 988 καὶ
1080 934 1365 1005 Θαυμαστὰ
1396 935 1463 989 τά
1483 936 1667 990 ιπάνω
1680 935 1790 989 τῶν

220 1027 495 1099 οὐρανῶν,
523 1026 594 1080 τὰ
622 1026 699 1098 μὴ
727 1028 857 1081 ὄντα
884 1028 1022 1099 μήτε
1051 1030 1132 1093 είς
1163 1026 1470 1099 θησαυροὺς
1504 1027 1787 1098 βασιλέων,

209 1121 354 1193 μήτε
374 1120 455 1183 είς
490 1118 690 1189 σοφίαν
718 1120 916 1189 λόγων,
969 1122 1109 1193 μήτε
1166 1122 1246 1184 είς
1301 1120 1459 1186 δόξαν
1493 1122 1788 1196 κοσμικὴν,

208 1218 308 1271 καὶ
341 1215 670 1287 ἀξιώματα.
701 1217 735 1288 ἢ
780 1216 1036 1283 πλοῦτον,
1067 1210 1178 1270 οἷον
1224 1220 1421 1272 ἐκεῖνοι
1468 1219 1789 1291 ἐκτήσαντο,

207 1310 304 1363 τὸν
339 1309 550 1381 Κύριον
584 1312 679 1364 καὶ
706 1311 934 1382 κτίστην
967 1312 1184 1365 πάντων
1213 1310 1426 1382 ἔχοντες
1461 1314 1519 1367 ὲν
1546 1313 1626 1384 τῷ
1649 1312 1793 1365 ὲνδο-

207 1399 359 1468 τάτῳ
392 1398 692 1469 ἀνθρώπῳ,
727 1402 914 1471 κτῆμα
956 1402 1017 1454 τὸ
1070 1402 1147 1472 μὴ
1192 1403 1624 1474 παρερχόμενον,
1653 1402 1791 1457 ἀλλά

207 1490 555 1560 παραμένον.
605 1491 668 1543 Oi.
709 1492 818 1560 γὰρ
865 1492 1189 1561 Χριστιανοὶ
1234 1494 1424 1563 τιμίαν
1468 1492 1643 1544 οἴδασι
1689 1490 1788 1560 τὴν

210 1579 389 1649 ψυχὴν
413 1578 557 1648 ὑπὲρ
590 1578 767 1632 πάντα
801 1580 871 1633 τὰ
900 1582 1395 1652 δημιουργήματα’
1435 1581 1593 1651 μόνος
1628 1581 1737 1650 γάρ
1759 1582 1789 1633 6

208 1671 505 1738 ἄνθρωπος
543 1672 665 1724 κατ’
698 1672 881 1724 είκόνα
915 1672 1010 1725 καὶ
1058 1674 1319 1742 ὁμοίωσιν
1346 1673 1482 1725 θεοῦ
1526 1674 1743 1741 ἐγένετο
1769 1688 1785 1703 ⁸

210 1760 324 1813 ἰδοὺ
354 1760 384 1814 6
409 1760 640 1831 οὐρανὸς
678 1764 843 1815 πόσον
874 1764 1022 1816 ἐστὶν
1056 1764 1462 1835 ὑπερμεγέθης.
1485 1765 1579 1817 καὶ
1616 1768 1650 1834 ἡ
1677 1767 1781 1835 γῆν

1888 762 2126 818 solidum
2143 764 2687 833 fundamentum,sed
2706 761 2988 841 praeterire
3018 786 3083 826 ac
3110 786 3465 829 evanescere.

1885 850 1957 906 Et
1974 850 2239 923 quidquid
2268 853 2372 908 sub
2388 855 2526 911 caelo
2550 865 2655 919 est,
2678 857 2747 911 ab
2773 857 2855 913 eis
2880 856 3041 915 facile
3066 861 3463 915 contemnitur.

1958 941 2145 999 XLIII.
2185 942 2289 1011 Qui
2337 944 2480 1001 hoc?
2525 947 2607 1002 Eo
2656 948 2805 1017 quod
2852 950 3143 1021 peregrina
3188 959 3247 1006 et
3284 952 3463 1007 admi-

1886 1035 2058 1091 randa
2088 1036 2222 1103 sint,
2244 1053 2364 1107 qua:
2383 1054 2549 1110 supra
2581 1041 2753 1095 caelos
2784 1049 2933 1107 sunt,
2964 1058 3030 1096 ac
3049 1058 3229 1113 neque
3259 1044 3315 1117 in
3343 1045 3465 1100 the-

1888 1125 2073 1179 sauris
2105 1141 2316 1196 regum,
2344 1143 2521 1197 neque
2554 1128 2608 1181 in
2636 1129 2903 1199 sapientia
2941 1132 3259 1198 verborum,
3284 1151 3469 1206 neque

1888 1214 1945 1271 in
1974 1217 2146 1289 gloria
2171 1219 2451 1274 mundana
2476 1221 2825 1290 reperiantur
2849 1241 2864 1276 :
2897 1238 2962 1278 ac
2988 1224 3117 1303 quia
3149 1226 3463 1296 dignitates,

1887 1317 1984 1363 aut
2023 1308 2263 1375 divitiae,
2302 1327 2441 1380 quas
2480 1312 2557 1366 illi
2602 1314 2909 1382 possident,
2953 1319 3048 1386 qui
3082 1320 3374 1374 Dominum
3409 1332 3467 1376 et

1886 1400 2204 1456 Creatorem
2225 1403 2471 1457 omnium
2500 1404 2552 1458 in
2582 1406 2832 1461 interiori
2865 1409 3086 1465 homine
3110 1411 3469 1478 habent,sint

1886 1494 2161 1561 possessio
2210 1511 2496 1564 nunquam
2558 1497 2894 1562 interitura,
2952 1500 3049 1555 sed
3113 1517 3464 1570 permanens.

1887 1580 2185 1639 Christiani
2214 1587 2363 1639 enim
2393 1596 2703 1650 noverunt.
2740 1590 2978 1645 animam
3011 1592 3171 1663 longe
3202 1604 3465 1663 prmstan-

1890 1672 2085 1729 tiorem
2127 1676 2234 1746 65
2263 1691 2385 1732 esse
2421 1679 2638 1733 caeteris
2667 1681 2931 1735 omnibus
2963 1686 3234 1739 creaturis
3267 1704 3284 1740 :
3313 1689 3469 1742 solus

1887 1766 2157 1836 siquidem
2189 1770 2352 1823 homo
2375 1771 2682 1826 secundum
2720 1773 3012 1844 imaginem
3053 1785 3111 1831 et
3147 1778 3471 1833 similitudi-

204 1854 305 1907 καὶ
330 1853 400 1907 τά
439 1855 499 1908 ὲν
530 1855 714 1919 αὐτοῖς
764 1871 1040 1926 κτισματα
1073 1854 1253 1925 τίμια,
1312 1855 1406 1909 καὶ
1459 1854 1671 1926 μεγάλα
1714 1854 1787 1906 τὰ
1812 1849 1859 1908 Β
1890 1876 1895 1913 1

1772 1849 1859 1908 ιΒ
1890 1875 2014 1914 nem
2052 1861 2149 1916 Dei
2190 1861 2367 1917 factus
2395 1873 2498 1919 est.
2529 1865 2670 1919 Ecce
2704 1867 2905 1921 ccelum
2941 1884 3104 1938 quam
3137 1870 3463 1926 immensum

208 1942 381 2011 σκεύη
436 1945 637 2009 αὐτῶν,
675 1945 704 1997 6
755 1947 811 1999 δὲ
838 1948 1123 2018 ἄνθρωπος
1155 1948 1299 2019 ὑπὲρ
1324 1947 1501 2001 πάντα
1523 1946 1593 1999 τά
1617 1945 1790 2017 σκεύη
1886 1967 1899 2006 ε

1779 1963 1790 2017 ι
1886 1952 1989 2007 sit!
2028 1952 2157 2007 item
2182 1962 2239 2009 et
2263 1958 2445 2011 terra!
2482 1973 2646 2027 quam
2689 1966 2959 2015 creaturae
2992 1962 3048 2014 in
3077 1962 3187 2016 illis
3219 1964 3470 2019 viventes

205 2037 390 2108 τίμιός
422 2037 593 2103 ἐστιν,
636 2041 824 2111 ἐπειδὴ
866 2044 945 2105 είς
986 2042 1149 2096 αὐτὸν
1200 2041 1359 2112 μόνον
1408 2040 1699 2110 εὐδόκησεν
1759 2040 1789 2093 6
1885 2058 1896 2113 ι

1779 2041 1789 2091 l
1885 2044 2168 2113 pretiose!
2210 2062 2487 2117 quamque
2524 2065 2719 2119 magna
2750 2066 2984 2121 corpora
3018 2058 3249 2110 eorum!
3293 2056 3470 2112 Homo

206 2131 416 2201 Κύριος
446 2148 461 2163 ·
492 2134 586 2186 καὶ
617 2134 687 2187 τά
721 2135 863 2203 κήτη
894 2133 952 2186 δὲ
975 2133 1075 2203 τῆς
1121 2132 1417 2203 θαλάσσης,
1448 2132 1544 2186 καὶ
1563 2131 1634 2186 τά
1656 2132 1781 2202 ὅρη,
1885 2151 1897 2190 ι

1775 2172 1781 2192 .
1885 2136 2248 2192 nihilominus
2286 2139 2435 2195 hisce
2459 2142 2783 2210 corporibus
2812 2145 3076 2199 omnibus
3120 2148 3295 2201 multo
3324 2166 3466 2219 prae-

206 2223 301 2277 καὶ
324 2223 397 2276 τά
440 2222 623 2295 θηρία,
681 2226 761 2289 είς
819 2224 880 2279 τὸ
943 2225 1271 2295 φαινόμενον
1304 2223 1525 2296 μείζονά
1559 2225 1664 2276 εἱσι
1694 2222 1787 2276 τοῦ
1892 2244 1897 2281 ε

1777 2222 1787 2275 i
1892 2226 2127 2282 stantior
2159 2237 2283 2297 est;
2316 2232 2761 2302 quandoquidem
2793 2236 2848 2289 in
2894 2237 2988 2291 illo
3021 2239 3139 2294 solo
3169 2243 3468 2310 complaci-

205 2313 523 2384 ἀνθρώπου.
557 2314 732 2368 Βλέπε
757 2315 851 2369 οὖν
880 2332 974 2369 σου
997 2317 1059 2369 τὸ
1086 2316 1321 2387 ἀξίωμα,
1352 2315 1471 2379 πῶς
1494 2310 1544 2368 εἴ
1565 2315 1742 2385 τίμιος
1763 2355 1779 2379 ,
1889 2329 1896 2371 1

1889 2327 2004 2373 tum
2031 2321 2387 2377 estDomino.
2412 2324 2684 2381 Praeterea
2704 2336 2824 2382 cete
2851 2345 3072 2400 quoque
3098 2335 3288 2400 maris,
3312 2352 3470 2390 mon-

206 2407 291 2459 ὅτι
324 2406 466 2477 ὑπὲρ
515 2407 783 2475 ἀγγέλους
840 2408 1063 2480 ἐποίησὲ
1111 2425 1173 2462 σε
1224 2408 1254 2461 6
1285 2407 1441 2471 Θεὸς,
1498 2406 1658 2461 ὁπότε
1689 2407 1785 2460 καὶ
1892 2421 1897 2460 1

1773 2420 1785 2460 ι
1892 2419 1976 2463 tcs
2022 2419 2079 2464 et
2142 2409 2339 2467 bellum
2394 2414 2696 2469 secundum
2758 2428 3111 2486 conspectum
3175 2431 3464 2479 externum

205 2498 370 2561 αὐτὸς
403 2497 471 2551 δι’
500 2498 695 2552 ἑαυτοῦ
747 2502 829 2564 είς
858 2500 958 2572 σὴν
1007 2499 1311 2573 πρεσϐείαν
1361 2500 1458 2555 καὶ
1516 2498 1785 2572 λύτρωσιν
1893 2518 1896 2554 :

1773 2516 1785 2551 ι
1893 2501 2271 2571 magnitudine
2299 2518 2399 2557 sua
2436 2506 2712 2562 excedunt
2740 2508 3042 2565 hominem.
3077 2513 3307 2585 Respice
3333 2532 3464 2588 ergo

206 2592 542 2663 παρεγένετο
568 2595 660 2647 ἰπὶ
686 2596 785 2667 τῆς
804 2595 928 2666 γῆς.
1885 2612 1897 2649 ι

1885 2594 2207 2665 dignitatem
2243 2604 2418 2661 tuam,
2450 2614 2613 2668 quam
2654 2602 2730 2657 sis
2764 2604 3073 2673 pretiosus!
3107 2610 3251 2677 quod
3284 2621 3335 2664 te
3367 2629 3462 2667 su-

204 2688 483 2757 periorem
519 2690 728 2759 angelis
764 2689 957 2744 fecerit
991 2689 1159 2755 Deus,
1181 2687 1403 2759 quando
1460 2688 1545 2745 vel
1616 2688 1733 2759 ipse
1791 2687 2064 2760 legatione
2107 2688 2175 2744 ad
2214 2696 2269 2745 te
2301 2698 2360 2745 et
2417 2690 2796 2764 redemptione
2825 2698 2905 2752 tui
2934 2699 3360 2769 perfuncturus,
3408 2705 3464 2758 in

210 2778 376 2833 terris
400 2793 460 2833 se
486 2788 808 2849 praesentem
839 2780 1111 2836 exhibuit.

279 2869 411 2923 ΜΚ.
432 2870 561 2924 Ὀτε
576 2866 672 2923 οὖν
699 2874 793 2924 καὶ
819 2873 871 2924 οἱ
900 2872 1121 2940 ἄγγελοι
1146 2873 1225 2935 είς
1255 2871 1355 2943 τὴν
1382 2871 1483 2942 σὴν
1508 2869 1784 2941 σωτηρίαν

204 2957 370 3031 ἦλθον
389 2979 405 3029 ;
425 2961 677 3032 βασιλεὺς
694 2963 803 3034 γὰρ
826 2964 941 3026 υίὸς
964 2963 1226 3033 βασιλέως
1248 2964 1570 3034 συμσούλιον
1594 2963 1785 3033 ἐποιή-

207 3070 341 3107 σατο
365 3055 503 3125 μετά
536 3054 630 3108 τοῦ
662 3057 867 3127 πατρὸς
894 3056 1082 3121 αὐτοῦ,
1106 3058 1200 3111 καὶ
1225 3057 1506 3126 ἀπεστάλη
1530 3058 1559 3109 6
1586 3055 1781 3123 Λόγος,

1962 2871 2147 2929 XLIV.
2185 2876 2415 2944 Quando
2438 2877 2588 2932 enim
2620 2878 2799 2948 angeli
2842 2879 2909 2934 ad
2932 2888 2986 2934 te
3020 2882 3339 2938 salvandum
3372 2900 3439 2938 ve

1891 2975 2132 3032 nerunt?
2176 2976 2294 3030 Rex
2325 2974 2598 3045 siquidem
2638 2973 2784 3030 ﬁlius
2820 2977 2967 3045 regis
3004 2978 3296 3033 consilium
3342 2978 3467 3032 iniit

1892 3083 2019 3124 cum
2044 3077 2200 3138 patre
2228 3082 2351 3129 suo.
2376 3069 2718 3137 missumque
2736 3077 2821 3123 est
2851 3069 3117 3135 Verbum,
3147 3085 3210 3125 ac
3238 3085 3462 3126 carnem

206 3145 304 3199 καὶ
325 3147 507 3215 σάρκα
532 3148 913 3217 ἐνδυσάμενος,
944 3151 1038 3202 καὶ
1066 3148 1279 3220 κρύψας
1305 3148 1405 3219 τὴν
1430 3146 1625 3203 ἑαυτοῦ
1662 3146 1784 3247 θεό-
1813 3188 1855 3247 c
1892 3171 1897 3225 ί

1769 3176 1784 3189 '
1813 3188 1855 3247 ε
1892 3171 2106 3237 induit;
2137 3180 2303 3239 atque
2332 3170 2617 3225 occultans
2636 3185 2790 3225 suam
2814 3171 2988 3240 ipsius
3008 3172 3377 3239 divinitatem,
3398 3183 3460 3230 ut

204 3250 368 3304 τητα,
395 3234 483 3288 ῐνα
511 3234 600 3289 διά
635 3235 731 3288 τοῦ
753 3237 939 3306 ὁμοίου
975 3238 1033 3290 τὺ
1054 3238 1240 3307 ὅμοιον
1276 3237 1425 3307 σωθῇ
1447 3277 1463 3300 ,
1498 3237 1661 3306 ἔθηκε
1689 3236 1786 3308 τὴν

204 3327 388 3395 ψυχὴν
424 3326 589 3381 αὐτοῦ
635 3327 729 3381 ἐπὶ
765 3326 859 3381 τοῦ
890 3328 1149 3398 σταυροῦ.
1191 3329 1439 3397 Τοσαύτη
1469 3328 1657 3397 ἀγάπη
1692 3325 1784 3381 τοῦ

206 3418 345 3472 Θεοῦ
373 3420 489 3471 ἔστι
519 3419 655 3488 πρὸς
675 3420 765 3471 τὸν
785 3420 1096 3490 ἀνθρωπονῑ
1133 3420 1452 3492 ᾜρετίσατο
1470 3422 1497 3473 6
1523 3419 1786 3482 ἀθάνατος

209 3509 597 3583 σταυρωθῆναι
626 3510 715 3565 διά
744 3512 826 3566 σε.
858 3512 1032 3566 Βλέπε
1057 3508 1151 3566 οὖν
1177 3512 1297 3575 πῶς
1320 3516 1353 3566 ὁ
1379 3512 1523 3577 Θεὸς
1554 3513 1787 3582 ἠγάπη-

207 3618 287 3657 σε
316 3602 426 3656 τὸν
453 3602 707 3671 κόσμον,
745 3602 834 3656 ὅτι
884 3602 991 3657 τόν
1035 3604 1337 3673 μονογενῆ
1392 3603 1581 3659 αὐτοῦ
1649 3604 1788 3657 Υίὺν

207 3693 436 3748 ἔδωκεν
448 3693 602 3761 ὑπὲρ
620 3693 829 3748 αὐτοῦ.
853 3695 984 3761 Πῶς
1004 3695 1137 3763 οὐχὶ
1164 3694 1286 3749 σὺν
1312 3694 1472 3758 αὐτῷ
1502 3695 1570 3749 τὰ
1590 3693 1787 3747 πάντα

207 3783 359 3854 ἡμῖν
384 3785 735 3853 χαρίσεται;
770 3785 865 3849 καὶ
893 3783 1058 3837 πάλιν
1090 3782 1328 3854 ἀλλαχοῦ
1369 3781 1517 3851 λέγει
1540 3797 1554 3811 ’
1598 3781 1787 3849 Ἀμὴν

206 3872 367 3943 λέγω
394 3872 557 3942 ὑμῖν,
598 3872 697 3926 ἐπὶ
729 3872 880 3927 πᾶσι
900 3872 1025 3939 τοῖς
1046 3872 1427 3941 ὑπάρχουσιν
1461 3869 1648 3925 αὐτοῦ
1678 3888 1784 3923 xa-

207 3958 504 4024 ταστήσει
534 3961 742 4015 αὐτόν.
774 3960 1026 4013 Δείκνυσι
1049 3959 1107 4013 δὲ
1131 3960 1228 4013 καὶ
1251 3959 1485 4029 ἀλλαχοῦ
1531 3959 1656 4022 τοὺς
1684 3960 1783 4026 ἀγο

206 4048 401 4118 τέλους
423 4050 771 4121 λειτουργοὺς
802 4048 939 4104 εἶναι
963 4051 1075 4105 τῶν
1096 4051 1290 4120 ἀγίων·
1332 4051 1426 4104 καὶ
1461 4050 1569 4121 γὰρ
1597 4049 1783 4113 Ἠλίας

205 4142 301 4196 ὅτε
317 4136 388 4212 ἦν
423 4142 504 4205 είς
532 4141 595 4195 τὸ
622 4142 771 4213 ὅρος,
800 4142 896 4195 καὶ
916 4138 1081 4213 ἦλθον
1108 4144 1231 4197 κατ’
1259 4143 1422 4196 αὐτοῦ
1459 4145 1510 4197 oi
1554 4143 1783 4211 ἀλλόφυ-

205 4232 313 4293 λοι.
334 4231 397 4284 τὸ
430 4231 643 4286 παιδίον
662 4232 816 4301 ἔλεγε
841 4248 855 4261 ·
882 4236 1106 4288 Πολλοι
1134 4234 1408 4304 ἔρχονται
1430 4235 1559 4290 καθ’
1591 4234 1779 4302 ἡμῶν,

204 4323 309 4377 καί
338 4323 509 4393 ἡμεῖς
536 4325 716 4393 μόνοι
746 4324 957 4394 ἐσμὲν.
1005 4326 1139 4380 Τότε
1177 4326 1531 4399 ἀποκρίνεται
1572 4328 1776 4389 Ἠλίαςο

208 4417 335 4487 Οὐχ
388 4415 535 4486 δρᾷς
573 4418 951 4486 παρεμϐολὰς
978 4417 1078 4471 καὶ
1123 4418 1324 4486 πλήθη
1353 4419 1621 4488 ἀγγέλων
1649 4418 1776 4488 μεθ’

1887 3278 1988 3333 per
2009 3262 2191 3316 simile
2209 3271 2546 3324 servaretur,
2567 3260 2806 3315 animam
2828 3278 2981 3317 suam
3003 3267 3152 3319 cruci
3176 3266 3457 3337 imposuit.

1888 3353 2062 3407 Tanta
2086 3362 2208 3407 erat
2232 3354 2330 3408 Dei
2360 3352 2588 3409 dilectio
2622 3371 2751 3425 erga
2777 3356 3056 3409 hominem
3081 3361 3095 3411 ῐ
3135 3359 3464 3416 Immortalis

1888 3444 1981 3513 qui
2021 3450 2177 3507 erat,
2220 3443 2386 3513 elegit
2429 3444 2509 3497 tui
2559 3460 2723 3499 causa
2768 3446 2921 3500 cruci
2962 3446 3124 3518 affigi.
3179 3448 3463 3519 Perpende

1887 3550 2051 3605 ergo,
2093 3550 2255 3605 quam
2300 3534 2563 3591 ardenter
2607 3536 2745 3590 Deus
2788 3538 3033 3592 dilexerit
3079 3542 3355 3605 mundum,
3404 3552 3463 3596 ut

1887 3629 2217 3698 unigenitum
2254 3625 2451 3682 Filium
2487 3628 2637 3681 daret
2676 3643 2771 3699 pro
2794 3646 2885 3683 eo:
2915 3631 3006 3700 qui
3037 3631 3155 3697 ﬁeri
3186 3642 3371 3702 potest,
3404 3648 3463 3688 ut

1888 3738 1992 3775 non
2022 3729 2072 3773 et
2100 3738 2219 3775 cum
2252 3722 2433 3775 eodem
2459 3724 2638 3775 omnia
2669 3722 2814 3776 nobis
2842 3725 2998 3776 donet
3026 3725 3116 3777 "‘I
3141 3724 3208 3779 Et
3242 3743 3461 3782 rursum

1886 3814 2013 3868 alibi
2041 3814 2177 3869 dicit
2204 3830 2219 3867 :
2247 3815 2411 3868 Amen
2439 3814 2553 3867 dico
2577 3814 2717 3868 vobis
2735 3854 2749 3875 ,
2785 3831 2944 3883 super
2972 3817 3150 3868 omnia
3178 3817 3315 3870 bona
3339 3816 3466 3871 con-3

1890 3908 2067 3960 stituet
2098 3923 2215 3959 eum
2241 3906 2311 3961 ".
2345 3904 2598 3961 Ostendit
2635 3920 2855 3975 quoque
2896 3906 3059 3969 alibi,
3104 3908 3325 3979 angelos
3354 3909 3460 3962 mi-

1885 3998 2092 4053 nistros
2127 4013 2248 4052 esse
2290 4007 2626 4052 sanctorum.
2668 3997 2804 4052 Cum
2854 3999 2998 4053 enim
3043 3999 3189 4054 Elias
3220 4012 3366 4056 esset
3408 4003 3462 4056 in

1884 4098 2106 4153 monte,
2145 4098 2200 4142 et
2248 4088 2513 4143 adversus
2544 4104 2669 4143 eum
2708 4089 3059 4160 insurgerent
3103 4092 3459 4163 alienigena,

1885 4197 2026 4251 puer
2064 4182 2184 4249 ejus
2231 4180 2414 4233 aiebat
2447 4197 2460 4233 :
2505 4178 2660 4233 Multi
2699 4182 2917 4233 veniunt
2959 4183 3213 4238 adversm
3252 4200 3375 4247 nos.
3412 4194 3465 4239 et

1887 4287 1983 4325 nos
2021 4270 2122 4325 soli
2157 4286 2376 4333 sumus;
2415 4278 2548 4324 tunc
2596 4270 2897 4341 respondet
2938 4272 3129 4327 Elias:
3164 4274 3283 4328 Non
3320 4276 3463 4331 vides

1881 4364 2087 4417 ordines
2110 4369 2158 4415 et
2176 4361 2536 4415 multitudines
2552 4362 2860 4431 angelorum
2878 4364 3138 4419 nobiscum
3170 4366 3223 4419 in
3242 4366 3461 4421 circuitu

1882 4450 2027 4504 nobis
2058 4448 2435 4520 cpitutantium
2472 4448 2561 4502 ’δῗ
2592 4448 2759 4503 Vides
2797 4450 3086 4505 Dominum
3120 4460 3176 4506 et
3206 4454 3460 4509 multitu-

199 4508 376 4577 ἡμῶν
401 4509 605 4575 κύκλῳ
615 4510 1009 4576 βοηθούντων
1030 4508 1211 4578 ήμῒν;
1248 4509 1409 4580 Ὁρᾷς
1432 4510 1514 4562 ὅτι
1534 4512 1562 4562 6
1578 4510 1777 4562 Δεσπό-
1811 4520 1851 4573 D
1880 4559 1890 4593 ‘

1770 4540 1777 4550 '
1811 4520 1851 4573 θ
1880 4540 2063 4595 dinem
2091 4508 2415 4610 angelorum
2440 4538 2629 4593 adesse
2661 4540 2836 4595 servis
2869 4541 3005 4597 suis.
3049 4541 3262 4608 Quanta
3290 4543 3461 4612 igitur

199 4619 324 4672 της,
352 4602 449 4656 καὶ
479 4601 548 4655 τά
586 4601 763 4671 πλήθη
794 4601 902 4654 τῶν
923 4601 1172 4668 ἀγγέλων
1199 4600 1413 4654 σύνεστι
1441 4602 1553 4663 τοῖς
1575 4599 1778 4663 δούλοις

198 4692 390 4748 αὑτοῦ.
425 4692 570 4762 Πόση
602 4691 696 4746 οὖν
741 4693 887 4744 ἐστιν
916 4692 950 4760 ἡ
982 4691 1126 4763 ψυχὴ
1150 4730 1166 4755 ,
1197 4692 1291 4746 καὶ
1318 4690 1436 4754 πῶς
1485 4690 1779 4761 τετίμηται

200 4785 308 4839 ὑπὸ
332 4784 427 4838 τοῦ
456 4784 589 4838 Θεοῦ
610 4786 623 4838 ι
656 4784 739 4838 ὅτι
776 4785 805 4836 6
828 4784 961 4847 Θεὸς
984 4785 1077 4836 καὶ
1104 4786 1154 4836 oi
1182 4783 1405 4853 ἄγγελοι
1430 4784 1638 4856 ταύτην
1660 4787 1777 4838 ἑπι-

198 4878 457 4949 ζητοῦσιν
476 4879 555 4941 είς
583 4875 867 4932 κοινωνίαν
901 4876 1056 4941 ίδίαν,
1084 4877 1177 4929 καὶ
1202 4879 1280 4938 εἰς
1304 4875 1602 4946 βασιλείαν.
1645 4876 1704 4929 '0
1721 4878 1779 4929 δὲ

197 4970 448 5039 Σατανᾶς
486 4970 579 5024 καὶ
606 4971 663 5023 αί
692 4970 954 5040 δυνάμεις
985 4967 1152 5023 αὐτοῦ
1180 4969 1384 5039 ταύτην
1421 4967 1774 5040 ἐπιζητοῦσιν

197 5064 280 5127 είς
303 5064 367 5116 τδ
398 5064 530 5117 ῐδιον
559 5063 745 5135 μέρος.

268 5155 404 5209 Μεο.
450 5153 538 5218 Ὠς
564 5156 674 5227 γὰρ
709 5157 768 5209 ὲν
797 5157 910 5217 τοῖς
957 5152 1299 5224 φαινομένοις
1347 5155 1376 5207 6
1416 5154 1668 5224 βασιλεὺς
1706 5158 1768 5208 ού

195 5244 526 5298 διακονεῖται
584 5243 690 5298 ὑπὸ
744 5243 1098 5314 ἀγελημαίων
1144 5242 1465 5313 ἀνθρώπιον,
1513 5243 1629 5296 ἀλλ’
1664 5246 1767 5297 ὑπὸ

193 5336 414 5407 ὡραίων
461 5338 555 5390 καὶ
582 5337 764 5401 καλῶς
796 5335 1277 5405 πεπαιδευμένων,
1308 5336 1449 5389 οὓτω
1480 5338 1574 5390 καὶ
1603 5339 1682 5399 είς
1710 5338 1768 5389 τὸ

194 5429 519 5498 ἐπουράνιον
553 5430 813 5483 παλάτιον
844 5431 1042 5482 ἐκεῖνοι
1077 5428 1383 5482 διακονοῦσι
1414 5426 1491 5498 τῷ
1528 5428 1761 5498 ἐπουρα-

192 5522 293 5591 νίῳ
318 5521 548 5587 βασιλεῖ,
594 5523 643 5574 οἱ
679 5521 922 5593 ἄμωμοι,
952 5522 1003 5573 οἱ
1045 5519 1421 5589 ἀνεπίληπτοι,
1452 5519 1501 5570 οί
1535 5520 1763 5590 καθαροὶ

189 5614 290 5687 τὴν
319 5614 569 5684 καρδίαν.
594 5615 706 5670 Καὶ
736 5613 925 5686 ὥσπερ
954 5616 1012 5667 ὲν
1034 5612 1110 5684 τῷ
1144 5612 1410 5682 παλατίῳ,
1444 5610 1641 5681 ὡραῖαι
1672 5612 1761 5664 κό-

1876 4642 1963 4688 est
2004 4630 2217 4693 anima,
2265 4640 2321 4687 et
2367 4630 2591 4702 quantis
2636 4631 2943 4687 honoribus
2987 4648 3018 4688 a
3070 4633 3182 4689 Deo
3222 4634 3455 4691 aﬂ'ectaf

1883 4722 2167 4794 Siquidem
2197 4733 2255 4779 et
2284 4724 2430 4779 Deus
2453 4731 2509 4779 et
2533 4725 2707 4795 angeli
2739 4724 2883 4779 hanc
2913 4733 3203 4779 accersunt
3238 4725 3291 4780 in
3329 4742 3459 4781 con-

1880 4817 2113 4873 sortium
2156 4826 2214 4872 et
2244 4831 2471 4887 regnum
2502 4831 2689 4870 suum.
2722 4815 2956 4871 Satanas
2978 4832 3111 4871 vero
3138 4825 3195 4872 et
3217 4826 3459 4887 potesta-

1876 4916 1962 4961 tes
2001 4908 2124 4979 ejus
2164 4922 2285 4963 eam
2327 4905 2647 4962 desiderant
2689 4905 2759 4960 ad
2797 4922 2952 4963 suam
3004 4916 3216 4963 partem
3262 4908 3457 4964 tradu—

1880 5013 2028 5053 cere.

1948 5168 2110 5225 XLV.
2152 5169 2628 5235 Quemadmodum
2651 5187 2783 5227 vero
2807 5172 2863 5226 in
2895 5172 3063 5227 rebus
3091 5173 3233 5227 visui
3265 5174 3454 5244 subje-

1874 5259 1998 5323 ctis,
2031 5276 2128 5315 rex
2158 5260 2308 5315 nulla
2330 5260 2640 5317 ministeria
2669 5262 2866 5333 recipit
2892 5263 2962 5317 ab
2988 5263 3308 5319 hominibus
3331 5282 3457 5336 gre-

1874 5364 1969 5419 ges
1994 5350 2368 5419 pascentibus,
2404 5352 2499 5407 sed
2524 5353 2592 5407 ab
2622 5354 2891 5423 speciosis
2920 5362 2978 5409 et
2998 5356 3205 5425 optime
3231 5355 3453 5411 institu-

1874 5440 1944 5494 tis
1971 5458 1985 5493 :
2018 5440 2098 5495 sic
2122 5451 2177 5495 et
2208 5441 2263 5495 in
2299 5443 2511 5499 caelesti
2541 5446 2745 5516 palatio
2777 5445 2852 5500 illi
2882 5446 3197 5501 ministrant
3237 5448 3447 5503 caelesti

1873 5528 2011 5598 regi,
2036 5528 2129 5599 qui
2164 5530 2314 5584 omni
2346 5532 2509 5601 culpa
2546 5540 2604 5588 et
2634 5535 3069 5603 reprehensione
3098 5544 3357 5591 vacantes
3383 5552 3447 5591 ac

1869 5618 1993 5686 puri
2019 5618 2205 5673 cordis
2246 5628 2397 5674 sunt.
2434 5622 2504 5677 Et
2536 5624 3000 5695 quemadmodum
3038 5626 3096 5683 in
3126 5626 3328 5698 palatio
3351 5641 3447 5683 vo-

251 5792 297 5821 "
333 5792 491 5850 Joau.
523 5808 601 5861 ιιι,
636 5793 744 5861 {6;
778 5796 937 5851 Rom.
974 5810 1088 5861 vin,
1128 5795 1216 5851 '52.
1296 5795 1339 5829 ⁷³
1378 5792 1567 5849 Matth.
1607 5808 1751 5847 xxiv.
1784 5793 1873 5849 9.7.
1953 5794 1999 5827 τι
2040 5796 2106 5850 ιν
2137 5797 2272 5868 Reg.
2303 5813 2376 5865 vi,
2410 5799 2499 5854 I7.
