4282 6364
874 409 979 474 607

2100 416 2161 476 S.
2204 412 2519 476 MACARII
2556 411 2871 473 AZGYPTII

4013 409 4127 472 608

871 534 1048 579 nusta:
1072 540 1300 595 quaeque
1334 527 1551 595 puellm,
1580 530 1759 585 omnis
1788 529 1927 584 labis
1970 543 2034 582 ac
2062 526 2445 597 reprehensio—
2473 527 2516 579 A
2547 542 2562 592 ι

2436 554 2445 563 -
2473 527 2516 579 Α
2547 541 2659 592 ραι,
2695 522 2789 576 καὶ
2829 521 2902 593 μὴ
2927 521 3147 592 ἔχουσαι
3176 520 3364 592 μῶμόν
3395 539 3538 583 τινα,
3570 522 3941 576 εὐειδέσταται
3970 524 4127 576 ἐκεῖ-

872 618 960 671 nis
981 625 1251 685 expertes,
1279 618 1699 685 speciosissima:
1725 623 1953 682 scilicet,
1980 619 2141 689 regia:
2165 618 2442 672 societatis

872 708 1170 777 participes
1214 708 1351 762 ﬁunt
1383 725 1397 762 :
1436 709 1517 763 sic
1550 725 1769 780 quoque
1807 712 1861 765 in
1898 710 2167 779 spirituali
2216 705 2437 778 palatio,

871 799 1089 861 animae,
1136 813 1258 867 quae
1295 799 1442 852 omni
1473 800 1740 855 virtutum
1776 802 2043 855 bonarum
2085 815 2283 870 genere
2313 808 2443 852 sunt

872 899 1179 949 exornatae,
1211 890 1527 944 societatem
1579 891 1772 947 ineunt
1795 908 1917 946 cum
1946 891 2155 947 cmlesti
2199 905 2345 960 rege.
2380 889 2440 943 In

872 978 1040 1031 rebus
1064 1018 1078 1039 ,
1112 995 1235 1048 qua:
1272 980 1413 1033 visui
1448 991 1665 1050 patent,
1702 983 1744 1036 si
1790 982 1857 1037 ad
1885 982 2107 1036 domum
2149 981 2439 1051 quamdam

874 1069 1283 1124 inhabitandam
1324 1070 1581 1140 princeps
1623 1072 1823 1135 abeat,
1871 1088 1991 1141 qua:
2030 1071 2285 1126 sordibus
2314 1072 2439 1141 qui—

873 1161 1101 1215 busdam
1130 1165 1428 1215 contractis
1473 1163 1686 1231 impura
1724 1164 1815 1223 sit.
1867 1174 2208 1233 prmparatur
2238 1165 2350 1227 illa,
2379 1179 2443 1218 ac

872 1254 1026 1306 vario
1082 1266 1312 1309 ornatus
1360 1274 1556 1325 genere
1613 1258 1931 1321 instruitur,
1981 1260 2170 1313 eﬂ‘usis
2223 1274 2441 1328 quoque

872 1346 1210 1401 aromatibus
1241 1365 1253 1400 :
1288 1358 1493 1416 quanto
1521 1352 1714 1417 majori
1751 1352 1946 1404 domus
1986 1352 2200 1413 animae,
2249 1351 2303 1404 in
2334 1366 2440 1420 qua

873 1439 1136 1490 Dominus
1165 1440 1483 1507 requiescit,
1509 1451 1704 1495 ornatu
1733 1442 1961 1511 indiget,
1983 1451 2041 1495 ut
2066 1444 2207 1495 illam
2233 1442 2439 1512 ingredi

874 1525 1067 1592 possit,
1119 1536 1174 1579 et
1226 1526 1298 1579 ibi
1348 1530 1693 1597 requiescere
1748 1531 1824 1594 is,
1869 1533 1958 1599 qui
2015 1533 2443 1601 reprehensione

873 1616 1051 1677 nulla,
1100 1632 1199 1670 nec
1232 1620 1438 1671 macula
1465 1660 1478 1682 ,
1512 1636 1615 1673 nec
1645 1621 1765 1675 labe
1808 1638 1901 1675 seu
1946 1639 2099 1675 ηαηό
2145 1623 2317 1676 notari
2349 1639 2449 1691 po-

872 1708 1019 1759 test!
1077 1707 1134 1759 In
1180 1708 1493 1777 hujusmodi
1539 1712 1687 1763 enim
1744 1713 1909 1767 corde
1961 1723 2072 1767 tum
2117 1714 2290 1776 Deus,
2328 1723 2443 1768 tum

874 1797 1131 1851 universa
1163 1800 1400 1853 cmlestis
1428 1801 1669 1855 Ecclesia
1697 1804 2011 1871 requiescit.

2541 634 2629 668 ναι
2662 617 2743 679 εἰς
2775 615 3061 668 κοινωνίαν
3108 614 3372 682 βασιλέων
3399 615 3759 685 ἀπέρχονται·
3788 614 3967 675 οὕτως
4026 618 4131 667 καὶ

2540 708 2618 769 εἰς
2649 708 2708 761 τὸ
2736 707 3123 776 πνευματικὸν,
3157 705 3327 775 ψυχαὶ
3355 707 3411 758 αἰ
3445 709 3502 759 ἐν
3533 708 3667 759 πᾶσι
3695 707 3922 773 τρόποις
3976 706 4130 771 ἀγα-

2542 799 2651 863 θοῖς
2680 798 3110 868 κεκοσμημέναι,
3142 792 3303 853 αὗται
3334 797 3651 850 κοινωνοῦσι
3693 797 3770 867 τῷ
3801 798 4128 865 ἐπουρανίῳ

2543 889 2769 960 βασιλεῖ.
2800 891 2896 952 Εἰς
2931 890 2993 942 τὸ
3018 890 3362 960 φαινόμενον,
3417 889 3552 942 ὅπου
3581 889 3881 959 ἀπέρχεται
3926 888 4129 956 ἅρχων

2547 984 2746 1051 μεῖναι,
2768 981 2864 1034 καὶ
2884 980 3171 1051 συμϐαίνει
3200 982 3415 1051 ἐκείνην
3442 980 3539 1049 τὴν
3575 981 3753 1032 οίκίαν
3787 980 3933 1049 ἔχειν
3972 980 4127 1031 ἀκα-

2544 1072 2771 1143 θαρσίαν
2796 1072 2937 1136 τινὰ,
2971 1072 3369 1143 εὐτρεπίζεται,
3414 1073 3508 1125 καὶ
3535 1073 3897 1141 διακόσμησις
3938 1072 4126 1139 πολλὴ

2541 1163 2769 1230 γίνεται,
2804 1162 2898 1216 καὶ
2928 1164 3193 1233 ἀρώματα
3214 1165 3475 1233 ἐκχεῖται.
3499 1164 3655 1232 Πόσῳ
3683 1161 3884 1232 μᾶλλον
3909 1166 3937 1214 ὁ
3965 1157 4126 1224 οἶκος

2541 1255 2642 1324 τῆς
2672 1255 2873 1325 ψυχῆς,
2908 1257 2987 1319 εἰς
3012 1257 3070 1310 ὃν
3092 1260 3119 1310 6
3144 1256 3347 1326 Κύριος
3368 1254 3727 1320 ἀναπαύεται,
3759 1256 3963 1323 πολλῆς
3999 1256 4121 1308 δια-

2543 1348 2866 1416 κοσμήσεως
2916 1347 3131 1417 χρῄζει,
3179 1348 3265 1400 ἵνα
3310 1347 3510 1416 δυνηθῇ
3544 1350 3659 1399 ἐκεῖ
3708 1346 3975 1399 εἰσελθεῖν
4026 1349 4129 1398 καὶ

2543 1438 2854 1507 ἀναπαῆναι
2899 1441 2927 1492 6
2979 1440 3223 1502 ἄσπιλος,
3256 1443 3283 1492 ὁ
3319 1440 3586 1509 ἄμωμοςε
3624 1441 3701 1502 εἰς
3722 1439 3832 1509 γάρ
3857 1440 4127 1507 τοιαύτην

2546 1529 2769 1597 καρδίαν
2801 1532 2829 1583 6
2860 1531 2991 1593 Θεὸς
3018 1572 3033 1594 ,
3091 1531 3181 1583 καὶ
3212 1532 3306 1601 ὅλη
3344 1534 3376 1601 ὴ
3428 1531 3750 1600 ἐπουράνιος
3818 1528 4127 1599 Ἐκκλησία

2545 1622 2975 1675 ἐπαναπαύεται.

940 1887 1123 1941 XLVI.
1167 1889 1434 1944 Przcterea
1480 1894 1534 1943 iu
1573 1892 1758 1957 rebus,
1809 1910 1930 1961 quae
1975 1894 2110 1949 aciei
2157 1911 2441 1950 ocu.orum
2474 1871 2515 1925 Β
2611 1884 2631 1939 Ῑ

2430 1912 2441 1950 ι
2474 1871 2515 1925 Β
2611 1884 2764 1951 HQ".
2808 1884 2896 1936 Ἐν
2924 1885 3035 1946 τοῖς
3063 1884 3427 1954 φαινομένοις,
3449 1885 3543 1939 ἐαν
3568 1884 3665 1955 ἔχῃ
3692 1884 3872 1955 πατὴρ
3897 1886 3999 1953 κτὴ
4013 1903 4121 1953 μα-

867 1988 1092 2048 patent,
1137 1982 1183 2034 si
1217 1992 1372 2051 pater
1397 1983 1670 2053 quispiam
1703 1988 1977 2055 possideat
2016 1988 2180 2051 bona,
2212 1999 2267 2043 et
2300 1988 2444 2044 inter

870 2070 986 2125 haec
1024 2071 1335 2126 diademata
1368 2075 1565 2129 habeat
1598 2091 1661 2129 ac
1686 2078 1892 2145 lapides
1923 2080 2215 2147 pretiosos.
2246 2081 2363 2135 haec
2388 2082 2441 2134 in

870 2161 1175 2215 conditoria
1213 2165 1449 2233 reponit,
1478 2175 1534 2220 et
1558 2178 1801 2221 reservat
1837 2168 1949 2223 ﬁlio
1979 2186 2096 2231 suo,
2128 2173 2215 2225 cui
2250 2188 2313 2226 ea
2337 2174 2443 2225 lar-

869 2248 1084 2317 giturus
1112 2258 1198 2304 est
1222 2269 1233 2304 :
1263 2252 1341 2306 sic
1376 2269 1595 2322 quoque
1622 2255 1765 2309 Deus
1785 2259 2184 2325 possessionem
2213 2261 2294 2313 sui
2318 2278 2441 2315 cum

870 2342 1040 2394 rebus
1063 2342 1177 2395 suis
1203 2343 1464 2411 preliosis
1499 2346 1842 2401 concredidit
1870 2349 2081 2403 animm.
2114 2349 2353 2405 Tandem
2386 2354 2441 2406 in

870 2433 1036 2485 rebus
1051 2433 1380 2497 visibilibus,
1405 2435 1448 2487 si
1475 2437 1755 2490 exoriatur
1775 2438 2000 2502 bellum,
2029 2450 2083 2494 et
2109 2444 2324 2496 venerit
2348 2460 2443 2498 rex

869 2540 991 2577 cum
1034 2526 1274 2579 exercitu
1309 2542 1407 2581 suo
1452 2528 1516 2580 ad
1552 2529 1942 2583 decertandum
1965 2573 1979 2593 ,
2013 2533 2229 2601 sintque
2259 2543 2444 2603 partes

868 2612 1108 2680 θερίας
1128 2612 1385 2677 minores,
1405 2624 1499 2667 aut
1528 2615 1930 2680 imbecilliores,
1951 2618 2213 2673 continuo
2240 2622 2443 2690 legatos

869 2703 1060 2765 mittit,
1113 2703 1180 2757 ad
1223 2705 1522 2773 rogandum
1571 2720 1634 2759 ea
1697 2722 1818 2774 quae
1871 2706 2079 2762 faciunt
2113 2711 2179 2763 ad
2227 2726 2438 2779 pacem.

870 2792 926 2847 Si
968 2810 1098 2846 vero
1124 2810 1257 2862 gens
1298 2795 1527 2847 maxima
1553 2810 1674 2848 cum
1705 2798 1901 2866 :equali
1934 2800 2246 2853 conﬂictum
2274 2802 2439 2865 ineat,

870 2886 1048 2954 sitque
1087 2902 1179 2939 rex
1221 2903 1345 2941 eum
1389 2903 1535 2956 rege,
1580 2904 1694 2950 rex,
1737 2890 2289 2959 inquam,Persarum
2318 2911 2441 2947 cum

870 2993 997 3045 rege
1022 2978 1414 3041 Romanorum,
1435 2989 1653 3047 oportet
1681 2980 1903 3034 omnino
1932 2981 2031 3035 hos
2051 2998 2207 3052 reges
2233 2985 2296 3037 ad
2322 2985 2441 3038 bel-

870 3071 981 3123 lum
1025 3073 1359 3124 commoveri
1387 3088 1509 3125 cum
1551 3074 1699 3126 omni
1742 3077 1981 3128 exercitu
2019 3092 2082 3130 ac
2112 3078 2283 3131 milite
2320 3093 2439 3134 suo.

868 3161 1150 3229 Perpende
1193 3178 1321 3231 ergo
1356 3173 1557 3231 quanta
1592 3173 1681 3217 tua
1720 3166 1791 3218 sit
1825 3166 2093 3235 dignitas,
2126 3184 2250 3223 cum
2292 3170 2437 3223 Deus
2469 3201 2510 3257 ε

870 3263 1050 3306 motus
1109 3253 1181 3307 sit
1227 3270 1351 3307 cum
1407 3257 1555 3309 omni
1605 3272 1703 3310 suo
1752 3260 2029 3322 exercitu,
2086 3261 2437 3329 angelorum,

870 3346 1116 3413 inquam,
1149 3354 1243 3398 aut
1268 3347 1585 3413 spirituum,
1614 3347 1679 3400 ad
1718 3350 2171 3403 committendum
2205 3368 2439 3421 pugnam

867 3451 990 3488 cum
1018 3437 1359 3497 adversario,
1386 3446 1447 3491 ut
1487 3447 1539 3493 te
1569 3439 1868 3493 redimeret
1893 3457 1922 3494 a
1944 3454 2139 3497 morte.
2168 3443 2313 3498 Deus
2343 3444 2443 3516 igi-

867 3533 959 3578 tur
985 3526 1137 3578 venit
1167 3526 1241 3579 tui
1277 3541 1460 3580 causa.

936 3614 1144 3668 XLVII.
1195 3614 1431 3669 Perinde
1480 3631 1543 3670 ac
1587 3618 1631 3670 si
1678 3618 1749 3671 sit
1774 3634 1889 3680 rex,
1913 3619 2006 3688 qui
2046 3621 2100 3673 in
2142 3636 2437 3689 pauperem

865 3705 1181 3774 quemdam,
1212 3708 1369 3774 cujus
1413 3708 1659 3761 membra
1687 3712 1869 3762 omnia
1896 3711 2044 3778 lepra
2075 3713 2334 3779 pervasit,
2360 3713 2443 3764 in—

866 3795 1035 3857 cidat,
1077 3811 1179 3850 nec
1211 3796 1502 3850 erubescat
1542 3797 1936 3851 medicamenta
1979 3800 2096 3868 ejus
2124 3800 2442 3853 vulneribus

865 3885 1179 3945 admovere,
1232 3902 1296 3939 ac
1350 3887 1486 3939 adeo
1542 3897 1697 3941 curet
1746 3889 1863 3956 ejus
1904 3889 2121 3957 plagas;
2180 3890 2441 3959 illumque

865 3986 1052 4044 postea
1082 3976 1228 4045 regia
1259 3992 1446 4031 mensa
1469 3986 1778 4046 exceptum.
1832 3995 2074 4047 purpura
2111 3979 2324 4042 induat,
2380 3996 2442 4034 ac

865 4078 1048 4131 regem
1085 4063 1283 4116 faciat:
1321 4064 1399 4117 sic
1418 4080 1635 4133 quoque
1662 4066 1807 4118 Deus
1836 4082 1892 4119 se
1920 4066 2169 4119 exhibuit
2202 4066 2442 4121 humano

864 4154 1054 4222 generi
1084 4154 1293 4207 :abluit
1321 4155 1467 4208 illius
1494 4156 1743 4213 vulnera.
1769 4166 1822 4209 et
1848 4157 2053 4209 sanavit
2090 4157 2243 4219 illud,
2280 4166 2441 4227 atque

865 4240 1171 4294 introduxit
1221 4242 1274 4295 in
1316 4243 1594 4297 emlestem
1641 4244 1959 4298 thalamum.
2013 4246 2239 4298 Maxima
2279 4246 2442 4316 igitur

863 4340 949 4383 est
1002 4330 1443 4385 Christianorum
1517 4333 1790 4403 dignitas,
1849 4343 1995 4387 tanta
2056 4335 2318 4402 quidem,
2383 4345 2445 4390 ut

863 4422 1007 4489 quod
1044 4438 1166 4475 cum
1203 4439 1265 4476 ea
1302 4434 1690 4491 comparetur,
1733 4441 1841 4477 non
1871 4427 1960 4478 sit.
2004 4425 2058 4479 Si
2088 4442 2217 4479 vero
2244 4428 2309 4479 ad
2346 4427 2441 4480 de-

2543 1992 2630 2037 τα,
2667 1975 2766 2046 ἔχῃ
2792 1974 2847 2027 δὲ
2875 1976 2967 2027 καὶ
2995 1975 3304 2044 διαδήματα
3335 1976 3428 2029 καὶ
3451 1976 3632 2039 λίθους
3660 1977 3894 2045 τιμίους,
3939 1977 4121 2028 ταῦτα

2544 2065 2622 2125 εἰς
2668 2064 2851 2125 οἴκους
2913 2065 3208 2127 ἀποθέτους
3242 2064 3496 2134 κρύπτει,
3550 2067 3645 2117 καὶ
3683 2066 4007 2132 ταμιεύεται
4038 2066 4121 2137 τῷ

2544 2153 2817 2223 ἀγαπητῷ
2852 2152 3015 2206 αὑτοῦ
3069 2154 3189 2223 υἰῷ,
3246 2154 3482 2224 κάκείνῳ
3512 2154 3726 2207 δίδωσιν
3770 2158 3940 2209 αύτά’
3971 2158 4121 2209 οὕτω

2545 2243 2637 2294 καὶ
2661 2244 2688 2296 6
2720 2242 2850 2306 Θεὸς
2878 2244 2975 2312 τὴν
3002 2243 3191 2297 ἐαυτοῦ
3220 2246 3410 2313 κτῆσιν
3439 2245 3574 2314 μετὰ
3599 2247 3705 2297 τῶν
3730 2246 3873 2298 ἰδίων
3919 2248 4121 2315 τιμίων

2545 2335 2890 2386 ἐνεπίστευσε
2914 2338 2979 2403 τῇ
3012 2335 3176 2405 ψυχῇ.
3211 2337 3303 2397 Εἰς
3338 2336 3398 2388 τδ
3426 2336 3769 2406 φαινόμενον,
3816 2341 3913 2391 ἐὰν
4011 2340 4117 2392 πό-

2544 2423 2726 2492 λεμος,
2754 2426 2846 2479 καὶ
2871 2426 2995 2496 ἔλθῃ
3035 2426 3287 2494 βασιλεὺς
3322 2430 3459 2496 μετὰ
3503 2428 3599 2481 τοῦ
3626 2433 3989 2498 στρατοπέδου
4025 2435 4121 2485 ἐπὶ

2542 2516 2603 2568 τὸ
2632 2518 2957 2586 πολεμῆσαι,
2986 2521 3079 2572 καὶ
3110 2520 3329 2591 ὑπάρχῃ
3360 2521 3422 2572 τὸ
3466 2523 3629 2590 μέρος
3673 2523 3838 2574 αὑτοῦ
3867 2524 4118 2590 ἔλαττον,

2545 2607 2576 2675 ἦ
2610 2608 3015 2679 ἀσθενέστερον,
3052 2611 3255 2674 εὐθέως
3296 2612 3613 2664 ἀποστέλλει
3655 2614 3951 2682 πρεσϐείαν
3981 2618 4121 2683 ἐρω-

2543 2702 2644 2771 τᾷν
2676 2699 2744 2752 τὰ
2770 2700 2902 2768 πρὸς
2930 2702 3173 2771 είρήνην.
3210 2703 3270 2755 Εἰ
3290 2702 3348 2754 δὲ
3372 2702 3522 2764 ἔθνος
3563 2702 3815 2770 μέγιστον
3842 2704 3978 2771 πρὸς
4002 2707 4120 2758 ῐσςν

2546 2786 2600 2864 ᾖ,
2634 2792 2727 2844 καὶ
2757 2793 2784 2844 6
2819 2790 3066 2859 βασιλεὺς
3096 2794 3232 2861 πρὸς
3272 2793 3513 2863 βασιλέα,
3543 2794 3685 2860 λέγω
3733 2794 3796 2861 δὴ
3827 2796 3854 2844 ὁ
3886 2796 4119 2863 Περσῶν

2545 2884 2636 2935 καὶ
2659 2886 2687 2936 6
2727 2883 3031 2951 Ῥωμαίων,
3060 2885 3271 2952 ἀνάγκη
3294 2885 3441 2935 πᾶσα
3473 2884 3598 2946 τοὺς
3633 2884 3726 2935 δύο
3762 2884 4004 2953 βασιλεῖς
4035 2905 4119 2937 κι-

2544 2975 2773 3045 νηθῆναι
2803 2975 2939 3043 μετά
2965 2975 3071 3025 τῶν
3097 2976 3473 3043 στρατοπέδων
3495 2976 3651 3028 ὅλων.
3686 2976 3857 3029 Βλέπε
3892 2973 3988 3029 οὖν
4006 2973 4119 3029 οἷόν

2546 3065 2639 3118 σού
2665 3068 2779 3118 ἐστι
2806 3067 2865 3118 τὸ
2882 3067 3214 3134 ἀξίωμα,ὃτι
3232 3069 3260 3119 6
3281 3067 3408 3128 Θεὸς
3433 3067 3655 3136 ἐκινήθη
3678 3068 3813 3136 μετά
3837 3069 3946 3119 τῶν
3973 3069 4119 3121 ἰδίων

2546 3160 2939 3229 στρατοπέδων,
2966 3159 3107 3226 λέγω
3145 3160 3209 3228 δὴ
3238 3160 3347 3211 τῶν
3378 3159 3621 3227 ἀγγέλων
3643 3163 3735 3211 καὶ
3764 3164 4111 3227 πνευμάτων,

2544 3250 2840 3318 συμϐαλεῖν
2864 3250 2941 3319 τῷ
2966 3252 3345 3320 ἀντικειμένῳ,
3373 3252 3459 3304 ἵνα
3486 3270 3545 3304 σε
3572 3254 3913 3323 λυτρώσηται
3937 3257 4001 3307 ἐκ
4023 3255 4114 3307 τοῦ

2542 3341 2793 3395 θανάτου.
2831 3341 2889 3395 '0
2923 3341 3052 3404 Θεὸς
3083 3340 3174 3394 οὖν
3202 3345 3531 3397 παρεγένετο
3555 3343 3643 3396 διὰ
3678 3345 3758 3398 σέ.

2610 3608 2739 3662 MZ’.
2774 3610 2981 3680 Ὥσπερ
3012 3611 3106 3663 ἐὰν
3199 3612 3448 3681 βασιλεὺς
3471 3616 3564 3667 καὶ
3592 3616 3725 3687 εὕρῃ
3756 3617 3972 3687 πτωχόν
3996 3636 4115 3671 τινα

2542 3697 2733 3765 ἔχοντα
2760 3700 2966 3769 λέπραν
3004 3705 3083 3764 εἰς
3111 3704 3206 3755 ὅλα
3229 3704 3295 3757 τὰ
3330 3705 3488 3773 μέλη,
3519 3708 3611 3758 καὶ
3646 3707 3718 3775 μὴ
3750 3709 4111 3779 ἐπαισχυνθῇ,

2541 3790 2657 3842 ἀλλ’
2688 3792 2847 3862 ἐπιθῇ
2900 3793 3165 3862 φάρμακα
3197 3797 3288 3847 καὶ
3321 3799 3379 3847 ἐν
3425 3800 3535 3857 τοῖς
3582 3799 3895 3866 τραύμασιν
3926 3803 4111 3861 αὑτοῦ,

2543 3882 2633 3933 καί
2675 3883 2891 3951 ἰάσηται
2916 3884 3078 3935 αὑτοῦ
3106 3885 3202 3945 τὰς
3223 3886 3455 3952 πληγάς,
3478 3887 3569 3938 καὶ
3594 3889 3779 3941 λοιπὸν
3805 3893 3885 3952 εἰς
3905 3892 4113 3959 τράπε-

2544 3971 2641 4043 ζαν
2666 3972 2949 4042 βασιλικὴν
2972 3977 3228 4045 ἀπαγάγῃ
3253 3979 3435 4035 αὐτὸν,
3465 3981 3558 4031 καὶ
3582 3980 3775 4049 περιθῇ
3798 3983 3946 4050 αὐτῷ
3981 4001 4114 4053 πορο

2544 4060 2738 4128 φύραν,
2772 4063 2867 4115 καὶ
2899 4065 3094 4133 ποιήσῃ
3118 4066 3277 4117 αὑτὸν
3305 4067 3525 4135 βασιλέα
3548 4085 3561 4098 ·
3596 4066 3771 4132 οὕτως
3804 4072 3899 4122 καὶ
3930 4074 3960 4123 6
3982 4073 4112 4134 Θεὸς

2544 4152 2764 4222 ἐποίησε
2788 4153 2865 4223 τῷ
2895 4156 3039 4222 γένει
3059 4157 3166 4209 τῶν
3202 4158 3526 4223 ἀνθρώπων.
3552 4159 3883 4213 Ἀπέπλυνεν
3934 4165 4113 4215 αὐτῶν

2543 4244 2851 4313 τραύματα,
2886 4247 2979 4298 καὶ
3014 4245 3199 4299 ἰάσατο
3231 4250 3449 4309 αὐτοὺς,
3481 4251 3574 4303 καὶ
3602 4252 3895 4321 εἰσήγαγεν
3922 4256 4007 4315 εἰς
4028 4255 4115 4306 τὸν

2544 4336 2864 4403 ἐπουράνιον
2893 4338 3178 4405 νυμφῶνα.
3210 4340 3369 4405 Μέγα
3396 4341 3489 4393 οὖν
3520 4343 3634 4393 ἐστι
3664 4344 3723 4394 τὸ
3752 4343 3970 4412 ἀξίωμα
4004 4346 4113 4395 τῶν

2545 4425 2922 4492 Χριστιανῶν,
2979 4428 3249 4487 τοσοῦτον,
3300 4430 3374 4491 ὡς
3425 4430 3557 4497 μηδὲ
3600 4432 3911 4497 συγκρίνειν
3942 4434 4108 4502 ἔχειν.

864 4513 1154 4566 fectionein
1178 4515 1447 4567 excitetur
1473 4524 1528 4567 et
1565 4516 1902 4582 subripiatur
1928 4532 1957 4568 a
1994 4516 2195 4569 malitia
2220 4559 2233 4579 ,
2258 4518 2439 4585 perin-
2474 4534 2513 4586 [)

2419 4550 2439 4559 -
2474 4534 2513 4586 D
2556 4517 2679 4568 Ἐὰν
2733 4518 2787 4569 δὲ
2825 4520 3161 4588 μετεωρισθῇ
3214 4522 3309 4572 καὶ
3363 4520 3542 4591 κλαπῇ
3592 4522 3695 4575 ὑπὸ
3738 4524 3833 4591 τῆς
3891 4527 4110 4586 κακίας,

863 4602 931 4655 de
972 4611 1076 4663 est,
1110 4618 1171 4657 ac
1211 4605 1254 4657 si
1284 4605 1355 4657 sit
1388 4605 1611 4668 civitas,
1641 4621 1763 4674 quae
1797 4606 1971 4659 muris
1997 4607 2171 4660 cincta
2202 4624 2309 4661 non
2336 4619 2436 4670 est,

864 4710 1026 4763 quam
1058 4694 1324 4748 invadunt
1361 4696 1607 4750 latrones
1629 4737 1642 4757 ,
1672 4712 2002 4766 quacunque
2047 4709 2197 4766 parte
2225 4700 2439 4761 volunt,

863 4786 1013 4839 nulla
1054 4786 1282 4839 omnino
1314 4802 1373 4841 re
1416 4787 1701 4856 impediti,
1746 4803 1975 4857 eamque
2013 4789 2285 4843 desertam
2319 4790 2443 4843 red-

862 4878 1021 4936 dunt.
1050 4895 1112 4933 ac
1136 4879 1389 4934 incendio
1422 4880 1765 4948 ﬂammisque
1791 4881 2048 4935 tradunt:
2077 4882 2154 4935 sic
2184 4882 2311 4934 dum
2340 4897 2436 4936 ne-

863 4970 1022 5041 gligis
1044 4981 1096 5024 te
1118 4972 1318 5040 ipsum,
1347 4981 1403 5025 et
1431 4971 1626 5041 frigide
1658 4972 1752 5024 tibi
1774 4972 1888 5040 ipse
1917 4973 2175 5039 attendis,
2202 4974 2441 5028 subeunt

864 5067 917 5112 te
941 5060 1167 5127 spiritus
1189 5060 1428 5125 malitiae,
1452 5072 1615 5130 atque
1642 5061 1953 5115 deformant
1982 5074 2143 5133 atque
2166 5064 2438 5117 desertam

864 5146 1103 5199 reddunt
1152 5157 1389 5201 mentem
1432 5157 1577 5202 tuam
1607 5190 1621 5215 ,
1658 5148 2034 5219 dispergentes
2078 5151 2440 5220 cogitationes

867 5242 988 5287 tuas
1022 5236 1077 5287 in
1114 5236 1217 5290 hoc
1253 5238 1533 5292 saeculum.

937 5323 1171 5379 XLVIII.
1212 5327 1365 5381 Multi
1398 5329 1567 5390 enim,
1589 5329 1683 5398 qui
1707 5330 1849 5385 circa
1869 5340 2218 5385 externarum
2250 5348 2435 5387 rerum

869 5415 1291 5484 inquisitionem
1342 5428 1625 5491 satagunt,
1661 5434 1716 5477 et
1744 5424 2023 5477 scientiam
2048 5425 2335 5489 excolunt,
2374 5443 2437 5480 ac

867 5524 1055 5561 curam
1084 5520 1230 5564 recte
1258 5511 1475 5566 vivendi
1510 5514 1734 5577 habent,
1776 5514 1924 5569 hunc
1969 5525 2228 5584 reputant
2254 5516 2435 5584 perfe—

869 5609 1039 5664 ctum,
1067 5617 1174 5656 non
1217 5603 1571 5673 inspicientes
1605 5606 1657 5659 in
1693 5622 1785 5660 cor
1810 5647 1824 5670 ,
1863 5624 1966 5661 nec
1990 5607 2240 5662 videntes
2279 5609 2435 5660 mali-

872 5691 1002 5742 tiam
1022 5691 1255 5745 animam
1282 5693 1670 5747 involventem.
1704 5695 1986 5764 Siquidem
2005 5712 2159 5749 mens
2186 5697 2432 5756 interior,

870 5781 1077 5837 zmalitia
1110 5792 1348 5845 scatens,
1385 5785 1596 5840 radices
1631 5787 1797 5842 mittit
1825 5788 1881 5843 in
1911 5789 2121 5857 reliqua
2150 5790 2392 5844 membra
2419 5808 2431 5841 :

2543 4606 2685 4658 ἔοικε
2709 4608 2933 4676 τοιούτῳ
2968 4610 3095 4672 τινὶ,
3127 4608 3312 4679 ὥσπερ
3341 4614 3432 4663 εὰν
3512 4612 3661 4671 πόλις
3690 4613 3761 4681 μὴ
3790 4613 3989 4681 ἔχουσα
4008 4620 4111 4666 τεῖ-

2542 4715 2656 4765 χος,
2692 4698 2787 4750 καὶ
2820 4700 2869 4749 oi
2892 4698 3085 4769 λῃσταὶ
3116 4702 3450 4768 εἰσέρχονται
3472 4702 3539 4753 δι’
3560 4704 3746 4771 αὐτῆς,
3771 4704 3892 4756 ὅθεν
3926 4704 4111 4757 θέλου-

2544 4806 2617 4850 σι,
2642 4788 2714 4859 μὴ
2742 4789 3178 4859 ἐμποδιζόμενοι,
3207 4793 3304 4843 καὶ
3340 4794 3630 4861 ἐρημοῦσι,
3658 4796 3749 4847 καί
3779 4796 4108 4867 ἐμπυρίζου-

2543 4897 2628 4933 σιν
2673 4883 2877 4951 αὑτήν⁶
2934 4882 3105 4945 οὕτως
3138 4885 3461 4952 ἀμελοῦντός
3511 4901 3626 4948 σου,
3676 4892 3769 4939 καὶ
3827 4888 4111 4959 μὴὲαυτῷ

2542 4972 2918 5041 προσέχοντος,
2954 4974 3358 5044 ἐπεισέρχονται
3411 4977 3481 5028 τὰ
3504 4976 3789 5045 πνεύματα
3818 4978 3914 5047 τῆς
3941 4997 4106 5048 πονηο

2544 5064 2683 5134 ρίας,
2715 5068 2808 5116 καὶ
2845 5067 3167 5130 ἀφανίζουσι
3203 5067 3297 5119 καὶ
3336 5067 3603 5137 ἐρημοῦσι
3644 5070 3735 5121 τὸν
3757 5068 3912 5129 νοῦν.
3945 5087 4104 5141 σκορ-

2542 5158 2789 5221 πίζοντες
2820 5163 2943 5221 τοὺς
2979 5159 3270 5229 λογισμοὺς
3304 5162 3383 5222 είς
3404 5161 3495 5213 τὸν
3524 5161 3697 5215 αἰῶνα
3720 5162 3932 5217 τοῦτον.

2611 5333 2750 5386 ΜΗ’.
2779 5334 2968 5387 Πολλοί
2990 5335 3098 5404 γάρ
3128 5338 3256 5407 περὶ
3278 5336 3345 5388 τὰ
3370 5336 3570 5402 ἔξωθεν
3593 5338 3984 5409 ὴκριϐωμένοι,
4015 5344 4109 5394 καὶ

2541 5426 2852 5494 ἐπιστήμην
2880 5427 3195 5491 ἀσκοῦντες,
3221 5428 3315 5480 καὶ
3341 5428 3454 5497 βίου
3476 5430 3637 5499 ὀρθοῦ
3666 5432 4103 5501 ἐπιμελούμενοι,

2541 5514 2730 5568 τοῦτον
2758 5517 3067 5585 νομίζουσιν
3099 5512 3237 5571 εἶναι
3263 5520 3486 5585 τέλειον,
3520 5522 3591 5591 μὴ
3618 5521 3975 5588 ἐγκύπτοντες⁸
4025 5525 4103 5586 εἰς

2540 5610 2637 5678 τὴν
2674 5609 2917 5677 καρδίαν,
2942 5611 3035 5661 καὶ
3062 5610 3295 5678 ὁρῶντες
3315 5613 3383 5664 τὰ
3406 5615 3520 5665 ἐκεῖ
3547 5615 3836 5682 συνέχοντα
3867 5616 3967 5683 τὴν
4002 5616 4101 5683 ψυ-

2544 5698 2643 5765 χὴν
2674 5698 2839 5752 κακά.
2882 5700 3099 5767 Ἐπειδὴ
3129 5700 3271 5752 κατά
3321 5702 3412 5753 τὺν
3464 5703 3562 5770 τῆς
3596 5704 3791 5764 κακίας
3843 5704 4103 5773 ἐσώτερον

2541 5788 2683 5852 νοῦν,
2720 5789 2843 5857 ῥίζα
2873 5790 3019 5843 ἐστὶν
3049 5792 3107 5845 ἐν
3135 5793 3246 5854 τοῖς
3275 5792 3519 5862 μέλεσιν’
3545 5795 3639 5848 καὶ
3663 5796 3690 5848 6
3718 5794 3923 5867 λῃστὴς
3955 5796 4010 5848 ἐν
4037 5798 4100 5866 τῇ
