4282 6364
200 398 310 460 609

1394 384 1756 449 HOMILI/E.
1771 406 1840 418 -
1859 380 2043 440 IIOM.
2084 384 2202 443 XV.

3310 377 3413 441 610

198 509 349 560 οἰκία
396 505 533 564 ἐστὶ,
594 502 866 554 τουτέστιν
895 503 928 569 ἡ
959 499 1172 552 ἐναντία
1196 499 1442 568 δύναμις.
1486 498 1760 550 Ἀντιστα·
1789 498 1833 553 Α
1859 507 1889 545 ε

1722 512 1760 545 ι·
1789 498 1833 553 Α
1859 501 1915 545 ει
1945 493 2080 546 latro
2102 535 2116 556 ,
2151 493 2255 547 hoc
2285 500 2370 547 est
2392 531 2406 554 ,
2439 490 2749 547 adversaria
2780 495 3041 558 potestas,
3068 488 3288 541 domum
3327 492 3413 544 in-

198 599 329 667 τικὴ
357 596 451 649 οὖν
483 594 576 647 καὶ
606 593 765 662 νοερὰ
792 594 938 644 ἐστι’
973 595 1066 645 καὶ
1094 594 1188 645 ἐὰν
1236 592 1309 661 μή
1338 607 1421 653 τις
1470 590 1536 659 θῇ
1571 586 1757 655 ἀγῶνα

200 692 343 743 κατὰ
366 691 463 756 τῆς
492 686 783 755 ἁμαρτίας,
817 683 959 736 κατὰ
991 684 1155 755 μέρος
1188 681 1559 750 ὑπεκχεομένη
1588 680 1623 749 ἡ
1652 678 1759 730 ἐσω

199 780 376 833 κακία
414 779 502 831 διὰ
528 777 619 828 τὸν
648 776 1004 846 πλεονασμὸν,
1057 777 1209 845 φέρει
1240 775 1332 827 τὸν
1371 773 1654 842 ἄνθρωπον
1680 771 1760 833 εἰς

198 873 443 939 φανερὰς
471 870 765 939 ἁμαρτίας,
796 870 888 920 ἐπὶ
909 869 970 921 τὸ
996 865 1427 936 κατεργάζεσθαι
1463 862 1653 925 αὐτάς.
1686 861 1760 913 Τὸ

198 962 311 1030 γὰρ
360 962 529 1012 κακὸν
587 960 774 1029 ὥσπερ
826 959 1005 1028 πηγῆς
1043 957 1315 1027 ὀφθαλμός
1362 957 1475 1008 ἐστι
1529 953 1759 1007 πάντοτε

200 1050 404 1123 βρύων.
442 1054 551 1105 Καὶ
574 1052 638 1104 σὺ
670 1046 762 1103 οῦν
780 1050 927 1116 γίνου
956 1051 1047 1101 ἐπὶ
1073 1050 1131 1102 τὸ
1152 1050 1393 1117 ἐπισχεῖν
1414 1048 1480 1099 τὰ
1512 1043 1761 1117 ῥεύματα

198 1146 299 1200 τῆς
334 1144 563 1204 κακίας,
604 1144 687 1195 ῐνα
737 1147 810 1213 μὴ
861 1147 940 1205 είς
974 1141 1143 1211 μυρία
1177 1140 1322 1192 κακὰ
1376 1134 1762 1208 ἐμπίπωνώς

199 1236 578 1303 θαμϐούμενος
726 1239 821 1287 ‘Ov
842 1236 1040 1305 τρόπον
1068 1236 1162 1286 ἐὰν
1252 1248 1336 1294 τις
1372 1230 1598 1301 εὐγενὴς
1627 1229 1763 1300 ἀμέ-

200 1344 389 1398 ριμνος
414 1328 666 1390 πλούσιος
688 1344 702 1357 ⁸
728 1333 821 1380 καὶ
847 1326 1033 1378 τοῦτον
1054 1328 1101 1379 οί
1121 1325 1354 1377 διάκονοι
1384 1320 1477 1375 τοῦ
1504 1322 1761 1391 ἄρχοντος

198 1421 297 1470 καὶ
334 1421 380 1471 οί
414 1420 677 1485 ταξεῶται
727 1421 1064 1488 ἁρπάσωσιν,
1121 1416 1481 1484 ἀποφέροντες
1509 1412 1645 1482 πρὸς
1672 1411 1763 1463 αὑ-

198 1511 313 1571 τὸν,
346 1510 613 1576 λέγοντες,
638 1512 718 1563 ὃτι
743 1509 1152 1578 κατηγορήθης
1172 1506 1269 1560 ἐπὶ
1294 1504 1642 1575 ἐγκλήματι,
1664 1500 1763 1553 καί

200 1597 434 1662 θανάτῳ
456 1600 790 1652 ὐπόκεισαι.
821 1600 1019 1651 Λοιπὸν
1042 1601 1105 1650 ἐκ
1127 1598 1224 1665 τῆς
1254 1596 1442 1664 φήμης
1463 1593 1556 1645 τοῦ
1596 1590 1759 1658 φόϐου

197 1688 464 1742 ἀπόλεσεν
494 1690 659 1741 αὐτοῦ
695 1691 873 1752 πάσας
900 1691 998 1751 τὰς
1051 1689 1405 1758 ἐνθυμήσεις,
1440 1684 1535 1738 καὶ
1575 1683 1760 1752 ὥσπερ

194 1778 445 1849 τεθαμϐη
454 1780 615 1849 μένος
649 1781 816 1835 ἐστίν.

267 1946 401 1998 ΜΘ’.
441 1946 815 2013 ’Υπολάμϐανε
834 1946 926 1999 οῦν
950 1946 1120 2009 οὕτως
1154 1949 1246 2000 καὶ
1290 1947 1419 2018 περὶ
1461 1948 1569 2001 τῶν
1598 1966 1762 2001 πνευ-

200 2035 388 2104 μάτων
415 2036 512 2103 τῆς
535 2037 818 2105 πονηρίας.
868 2036 924 2087 ’0
949 2035 1057 2105 γὰρ
1084 2037 1403 2106 φαινόμενος
1422 2038 1621 2106 κόσμος
1654 2037 1761 2089 ἀπὸ

198 2127 465 2195 βασιλέων
491 2126 594 2188 ἕως
624 2127 873 2196 πτωχῶν,
902 2128 959 2177 ἐν
984 2127 1196 2197 θορύϐῳ
1245 2131 1371 2191 εἰσὶ,
1409 2129 1501 2179 καὶ
1550 2131 1755 2181 ἀκατα-

198 2220 415 2288 στασία,
444 2222 535 2271 καὶ
564 2218 728 2289 μάχῃ,
759 2220 852 2271 καὶ
880 2221 1053 2282 οὐδεὶς
1080 2219 1259 2271 αὐτῶν
1280 2217 1384 2272 οἵδε
1418 2223 1517 2290 τὴν
1544 2221 1722 2274 αἰτίαν
1744 2239 1757 2250 °

196 2315 365 2383 ἤγουν
386 2313 707 2381 φαινόμενον
734 2313 794 2364 τὸ
819 2313 1007 2375 κακὸν,
1053 2313 1113 2364 τὸ
1147 2313 1499 2383 παρεισελθὸν
1546 2313 1633 2365 διὰ
1661 2313 1760 2379 τῆς

198 2404 481 2471 παρακοῆς
509 2402 603 2453 τοῦ
644 2402 835 2471 Ἀδὰμ,
881 2404 941 2455 τὸ
973 2404 1195 2470 κέντρον
1251 2404 1343 2456 τοῦ
1402 2402 1649 2456 θανάτου.
1699 2404 1760 2455 Ἦ

196 2497 308 2565 γὰρ
332 2494 575 2563 ἁμαρτία
598 2496 629 2564 ή
661 2494 1020 2563 παρελθοῦσα,
1054 2494 1282 2564 δύναμίς
1309 2513 1390 2557 τις
1420 2491 1553 2549 οῦσα
1571 2494 1762 2564 λογικὴ

198 2588 294 2639 τοῦ
334 2588 567 2651 Σατανᾶ,
598 2588 690 2640 καὶ
711 2588 889 2650 οὐσία,
943 2588 1224 2654 ἐνέσπειρε
1272 2589 1341 2639 τὰ
1376 2590 1520 2641 κακὰ
1551 2590 1723 2641 πάντα
1746 2605 1761 2619 ·

199 2679 393 2746 ἐπειδὴ
424 2678 723 2747 λεληθότως
756 2679 834 2740 είς
857 2678 946 2729 τὸν
974 2677 1081 2730 ἔσω
1126 2677 1409 2748 ἄνθρωπον
1442 2679 1538 2731 καλ⁵
1571 2682 1648 2743 είς
1676 2680 1764 2732 τὸν

200 2770 327 2822 νοῦν
360 2773 589 2839 ἐνεργεῖ,
625 2771 718 2821 καὶ
750 2770 980 2839 μάχεται
1009 2772 1121 2831 τοῖς
1148 2770 1444 2839 λογισμοῖς.
1481 2772 1595 2823 Οὑκ
1620 2772 1762 2823 ίσασι

198 2862 257 2914 δὲ
292 2863 339 2913 οἱ
384 2862 682 2930 ἄνθρωποι,
718 2862 798 2913 ὅτι
846 2860 952 2912 ἀπὸ
978 2861 1261 2930 ἀλλοτρίας
1294 2863 1438 2924 τινὸς
1484 2863 1763 2931 δυνάμεως

201 2954 551 3020 ἐλαυνόμενοι
582 2952 752 3004 ταῦτα
793 2956 1143 3022 πράττουσιν,
1182 2953 1316 3006 ἀλλὰ
1355 2952 1631 3023 νομίζουσι
1666 2972 1765 3022 φυ-

202 3048 334 3096 σικὰ
364 3043 537 3096 ταῦτα
570 3041 730 3107 εἶναι,
761 3046 853 3096 καὶ
903 3045 1012 3097 ἀπὸ
1070 3044 1205 3107 ίδίας
1236 3047 1547 3115 φρονήσεως
1591 3047 1763 3098 ταῦτα

201 3139 397 3189 ποιεῖν.
450 3140 511 3190 Οί
544 3137 601 3189 δέ
650 3138 748 3205 τὴν
797 3139 1019 3207 εἰρήνην
1068 3137 1160 3189 τοῦ
1208 3138 1443 3207 Χριστοῦ
1466 3138 1677 3207 ἔχοντες
1705 3140 1763 3192 ἐν

200 3227 350 3296 αὐτῷ
380 3226 456 3296 τῷ
485 3228 579 3297 νῷ,
601 3229 695 3279 καὶ
727 3228 817 3279 τὸν
865 3227 1143 3295 φωτισμὸν
1183 3227 1367 3292 αὑτοῦ,
1400 3226 1545 3281 ἴσασι
1598 3231 1762 3281 πόθεν

198 3319 375 3373 ταῦτα
406 3323 650 3372 κινεῖται.

269 3412 355 3464 Ν’.
388 3412 591 3479 [Ιασχει
636 3411 744 3477 γὰρ
776 3413 803 3462 ὁ
829 3411 1031 3479 κόσμος
1078 3410 1247 3473 πάθος
1296 3411 1514 3474 κακίας,
1545 3411 1638 3464 καὶ
1667 3414 1763 3465 υύκ

200 3502 330 3559 οἶδε.
383 3504 493 3556 Καὶ
541 3504 657 3555 ἐστι
717 3503 828 3572 πῦρ
882 3503 1210 3573 ἀκάθαρτον,
1256 3504 1391 3573 ὅπερ
1417 3503 1643 3555 ἀνάπτει
1669 3505 1767 3575 τὴν

200 3596 452 3667 καρδίαν,
478 3596 574 3648 καὶ
599 3594 739 3647 οῦτω
766 3594 1036 3663 διατρέχει
1064 3595 1158 3647 ὅλα
1192 3594 1257 3647 τὰ
1300 3596 1455 3666 μέλη,
1509 3596 1605 3649 καὶ
1634 3612 1765 3666 προ-

201 3691 462 3757 τρέπεται
500 3690 623 3749 τοὺς
668 3686 985 3755 ἀνθρώπους
1014 3689 1092 3749 είς
1114 3688 1421 3754 ἀσελγείας,
1458 3690 1550 3740 καὶ
1600 3688 1767 3757 μυρία

203 3781 372 3834 κακά.
400 3781 461 3830 Οἱ
492 3775 584 3831 οῦν
624 3780 1078 3849 γαργαλιζόμενον.
1129 3778 1223 3830 καὶ
1270 3778 1637 3847 συνηδόμενοι,
1682 3779 1767 3830 ἔν-

201 3871 291 3922 δον
326 3874 383 3921 ὲν
402 3874 469 3938 τῇ
504 3870 699 3938 καρδίᾳ
728 3868 1033 3921 ἐπιτελοῦσι
1058 3870 1155 3935 τὴν
1173 3870 1449 3937 πορνείαν,
1479 3870 1571 3920 κα)⁵
1594 3870 1764 3930 οὕτως

204 3964 505 4029 νεμομένου
522 3963 615 4014 τοῦ
648 3962 841 4026 κακοῦ,
874 3965 1277 4014 καταπίπτουσι
1306 3960 1402 4013 καὶ
1421 3962 1499 4021 είς
1529 3961 1765 4030 φανερὰν

203 4055 483 4121 πορνείαν.
524 4055 597 4106 Τὸ
627 4055 759 4105 αὐτὸ
788 4054 897 4105 νόει
922 4056 1015 4105 καὶ
1063 4052 1192 4121 περὶ
1242 4052 1339 4121 τῆς
1383 4050 1765 4119 φιλαργυρίας,

204 4146 528 4210 κενοδοξίας,
570 4148 761 4212 τύφου,
798 4145 981 4213 ζήλου,
1020 4144 1212 4213 θυμοῦ.
1253 4145 1458 4211 Ὥσπερ
1505 4144 1629 4195 ὅταν
1686 4158 1768 4202 τις

208 4236 384 4306 κληθῇ
422 4239 502 4299 είς
550 4236 803 4305 ἄριστον,
854 4236 946 4286 καὶ
988 4234 1264 4304 παρατεθῇ
1315 4234 1463 4302 αὐτῷ
1498 4233 1769 4301 ἐδέσματα

210 4327 385 4379 πολλὰ
407 4367 421 4389 ,
482 4326 667 4378 λοιπὸν
698 4328 731 4395 ὴ
764 4326 1006 4395 ἁμαρτία
1035 4325 1321 4377 ὑποϐάλλει
1342 4324 1573 4391 ,πάντων
1632 4322 1770 4389 ἄψα-

208 4418 353 4470 σθαι’
386 4418 480 4470 καὶ
506 4417 677 4479 οῦτως
702 4419 735 4486 ὴ
759 4417 903 4487 ψυχὴ
926 4418 1255 4486 συνηδομένη
1290 4414 1597 4484 βαρύνεται.
1628 4415 1766 4483 Ὀρη

1856 597 2074 653 gressus
2106 591 2211 637 εει.
2250 582 2533 637 Contraria
2567 582 2731 651 igitur
2765 590 3004 651 potestas
3042 581 3207 634 etiam
3248 581 3412 637 intel-

1856 677 2104 731 lectualis
2141 685 2243 731 est.
2292 676 2358 730 Et
2397 677 2498 729 nisi
2536 677 2658 743 quis
2706 675 2906 728 bellum
2960 674 3107 727 ineat
3148 673 3415 729 adversus

1856 778 2161 839 peccatum,
2190 770 2449 838 paulatim
2476 768 2677 821 malitia
2711 768 2859 820 intus
2886 767 3079 829 latens,
3109 766 3280 820 eﬂ‘usa
3304 782 3415 836 pra:

1858 859 2022 912 nimia
2040 860 2194 928 copia
2222 859 2445 913 abducit
2472 858 2745 911 hominem
2778 856 2844 909 ad
2879 856 3165 909 manifesta
3192 864 3414 926 peccata

1857 952 2271 1006 committenda.
2320 951 2523 1005 Malitia
2558 950 2703 1004 enim
2748 950 2897 1003 velut
2936 950 3103 1003 fontis
3143 949 3419 1019 scaturigo

1857 1052 1943 1097 est
1970 1042 2321 1112 undiquaque
2348 1042 2672 1095 scaturiens.
2696 1039 2777 1093 Tu
2804 1040 2971 1110 igitur
3011 1055 3143 1093 cura
3180 1040 3418 1109 diligen-

1860 1138 1972 1195 ter,
2003 1140 2066 1185 ut
2108 1132 2365 1186 cobibeas
2406 1134 2551 1184 rivos
2591 1130 2843 1192 malitiae,
2884 1145 2952 1183 ne
2993 1129 3221 1183 inﬁnitis
3263 1128 3420 1183 malis

1858 1222 2092 1277 obrutus
2120 1222 2272 1276 velut
2304 1220 2564 1273 attonitus
2594 1219 2811 1272 evadas.
2836 1217 3330 1283 Quemadmodum,
3372 1220 3419 1272 si

1860 1312 2127 1382 quispiam
2169 1312 2241 1365 sit
2278 1310 2499 1373 nobilis,
2542 1309 2657 1378 qui,
2691 1323 2821 1361 cura
2871 1307 3019 1360 omni
3064 1307 3307 1378 abjecta,
3364 1306 3421 1360 in

1860 1405 2133 1459 aﬂluentia
2168 1418 2349 1457 rerum
2374 1402 2561 1465 vivat;
2595 1416 2756 1469 quem
2803 1400 3038 1454 ministri
3066 1398 3331 1468 principis
3361 1408 3419 1453 et

1860 1497 2201 1565 apparitores
2232 1494 2515 1561 abreptum
2535 1532 2548 1554 ,
2595 1491 2662 1543 ad
2704 1505 2829 1543 eum
2860 1490 3199 1558 protraliant,
3229 1490 3421 1542 dicen-

1860 1597 1942 1641 tes
1981 1606 1992 1639 :
2030 1588 2310 1641 Accusatus
2335 1602 2385 1639 es
2412 1585 2473 1637 ob
2499 1585 2693 1636 crimen
2719 1582 2952 1651 aliquod,
2981 1599 3041 1633 ac
3063 1580 3278 1650 capitali
3298 1596 3424 1650 sup—

1861 1678 2014 1748 plicio
2056 1680 2311 1747 subjaces.
2364 1676 2629 1730 Caeterum
2684 1674 2774 1727 ille
2816 1689 2925 1742 pra:
2964 1683 3111 1726 metu
3162 1690 3227 1727 ex
3278 1674 3418 1726 fama

1862 1778 2161 1831 contracto,
2194 1768 2376 1838 perdit
2403 1782 2591 1821 omnes
2616 1766 2975 1834 cogitationes
3008 1781 3151 1830 snas,
3185 1783 3247 1821 ac
3272 1769 3419 1821 velut

1794 1841 1834 1894 Β
1862 1860 2091 1912 attonito
2123 1868 2347 1925 stupore
2382 1866 2560 1925 pavet.

1930 1950 2116 2003 XLIX.
2156 1949 2413 2002 Eamdem
2445 1950 2610 2011 igitur
2630 1948 2958 2001 sententiam
2990 1964 3209 2017 quoque
3232 1949 3419 2003 conci-

1860 2042 1978 2110 pias
1997 2042 2065 2094 de
2086 2042 2369 2109 spiritibus
2395 2041 2632 2094 malitiae.
2661 2040 2897 2092 Mundus
2920 2038 3065 2091 enim
3091 2040 3422 2108 conspicuus

1860 2149 1891 2187 a
1932 2134 2152 2203 regibus
2184 2134 2248 2187 ad
2278 2133 2493 2187 intimos
2522 2135 2576 2186 in
2611 2135 2878 2195 tumultu,
2915 2132 3327 2201 perturbatione
3360 2148 3419 2186 ac

1861 2241 2037 2295 pugna
2066 2226 2395 2279 constitutus
2419 2234 2523 2286 est,
2550 2241 2650 2278 nec
2680 2226 2822 2278 ullus
2841 2224 3056 2278 illorum
3074 2240 3291 2278 causam
3318 2241 3421 2279 no-

1860 2319 1980 2373 vit:
2017 2320 2272 2372 nimirum
2312 2328 2559 2387 apertum
2607 2318 2805 2371 malum
2832 2358 2846 2380 ,
2886 2316 3032 2385 quod
3071 2318 3241 2371 subiit
3289 2333 3421 2386 pro-

1860 2417 1982 2480 pter
2024 2409 2447 2463 inobedientiam
2477 2409 2643 2470 Adae,
2691 2418 2746 2461 et
2789 2408 3044 2461 stimulus
3088 2418 3170 2461 est
3208 2409 3415 2463 mortis.

1860 2500 2145 2554 Peccatum
2167 2500 2313 2552 enim
2342 2498 2489 2567 quod
2512 2498 2701 2563 subiit,
2742 2512 2864 2551 cum
2898 2496 2969 2550 sit
3000 2498 3240 2566 petentia
3270 2514 3418 2567 qua:-

1861 2593 1981 2646 dam
2012 2602 2069 2647 et
2090 2592 2393 2645 substantia
2423 2589 2702 2643 rationalis
2733 2588 2967 2652 Satanae,
3011 2591 3208 2642 insevit
3236 2592 3419 2643 omnia

1860 2687 2019 2739 mala.
2043 2684 2322 2754 Siquidem
2348 2684 2560 2737 occulte
2587 2691 2644 2735 et
2685 2682 2920 2734 latenter
2955 2682 3009 2734 in
3044 2682 3291 2734 interiori
3327 2682 3423 2735 ho-

1860 2778 2007 2830 mine
2042 2791 2105 2829 ac
2144 2784 2325 2828 mente
2367 2782 2647 2843 operatur,
2686 2782 2847 2840 atque
2887 2772 3309 2841 cogitationibus
3333 2789 3422 2827 re-

1861 2876 2082 2936 pugnat.
2110 2866 2370 2920 Nesciunt
2396 2876 2578 2918 tamen
2602 2864 2869 2926 homines,
2897 2865 3040 2930 quod
3075 2865 3251 2917 aliena
3283 2880 3421 2933 qus-

1862 2959 1983 3010 dam
2009 2958 2058 3009 vi
2092 2958 2309 3025 impulsi
2349 2956 2462 3009 haec
2500 2963 2681 3024 agant,
2711 2955 2805 3007 sed
2836 2965 3027 3023 putant
3052 2955 3164 3008 ί]ωο
3186 2970 3306 3008 εεεε
3331 2972 3423 3010 ηδτ

1862 3051 2079 3111 turalia,
2112 3059 2167 3103 et
2196 3048 2415 3117 prepria
2447 3046 2695 3116 quaedam
2736 3048 2904 3099 animi
2934 3046 3333 3099 deliberatione
3367 3062 3427 3102 se

1863 3144 1977 3196 haec
2014 3156 2193 3211 agere.
2234 3140 2337 3205 Qui
2368 3154 2497 3193 vero
2518 3140 2720 3193 Christi
2761 3155 2948 3207 pacem
2976 3139 3181 3192 habent
3221 3142 3275 3191 in
3312 3139 3426 3191 ani-

1865 3249 1952 3285 mo
1981 3234 2118 3301 ipso,
2150 3241 2205 3285 et
2237 3233 2304 3285 ab
2326 3247 2392 3284 eo
2422 3240 2548 3285 sunt
2579 3231 2898 3293 illuminati,
2943 3230 3018 3283 illi
3052 3239 3253 3283 norunt
3278 3231 3421 3284 unde

1865 3325 1978 3377 haac
2005 3324 2272 3377 oriantur.

1934 3414 1995 3467 L.
2032 3414 2275 3467 Sustinet
2302 3415 2450 3467 enim
2477 3413 2717 3468 mundus
2749 3413 3065 3466 affectiones
3093 3415 3338 3477 vitiosas,
3370 3424 3426 3468 et

1863 3508 1966 3576 67
1990 3508 2041 3562 id
2070 3507 2281 3561 nescit:
2307 3522 2428 3574 qua:
2454 3507 2674 3573 quidem
2694 3514 2821 3559 sunt
2861 3506 3002 3574 ignis
3036 3506 3305 3574 impurus.
3328 3508 3423 3575 qui

1866 3598 2113 3653 accendit
2134 3614 2249 3662 cor,
2276 3608 2333 3652 et
2357 3598 2605 3667 pervadit
2632 3599 2819 3651 omnia
2856 3596 3120 3657 membra,
3151 3605 3313 3665 atque
3341 3598 3427 3650 in-

1866 3692 1998 3746 citat
2024 3691 2271 3744 homines
2300 3690 2367 3743 ad
2390 3690 2648 3743 libidines
2668 3698 2722 3743 et
2759 3690 2969 3741 inﬁnita
2995 3690 3154 3741 mala.
3184 3689 3426 3753 Quicun-

1866 3797 1970 3850 que
2006 3782 2171 3850 igitur
2196 3780 2520 3844 titillantur,
2550 3790 2605 3833 et
2643 3780 2914 3846 voluptate
2952 3778 3258 3830 alliciuntur
3285 3817 3299 3839 ,
3342 3779 3428 3831 in-

1867 3886 1955 3929 tus
1988 3875 2042 3927 in
2081 3873 2247 3927 corde
2288 3872 2704 3925 fornicationem
2747 3871 3117 3930 committunt,
3154 3878 3317 3937 atque
3350 3872 3429 3922 sic

1866 3965 2124 4035 paulatim
2152 4005 2165 4025 ,
2199 3964 2328 4016 dum
2368 3964 2580 4017 fovetur
2609 3964 2828 4025 malum,
2869 3961 3118 4014 incidunt
3150 3960 3205 4013 in
3250 3960 3425 4013 mani—

1866 4058 2065 4111 l'estum
2103 4067 2371 4123 stuprum.
2408 4055 2555 4107 Idem
2592 4055 2796 4108 sentias
2828 4068 3045 4121 quoque
3076 4053 3143 4105 de
3173 4052 3424 4117 avaritia,

1867 4164 2003 4200 vana
2031 4146 2227 4215 gloria,
2268 4144 2406 4198 fastu
2430 4185 2442 4207 ,
2475 4143 2817 4197 azmulatione
2855 4151 2909 4195 et
2951 4143 3053 4193 ira.
3100 4140 3332 4195 Perinde
3364 4156 3429 4195 ac

1870 4241 1913 4293 si
1936 4240 2057 4308 quis
2083 4238 2150 4291 ad
2173 4237 2463 4307 prandium
2490 4236 2656 4290 fuerit
2688 4244 2938 4297 vocatus,
2969 4237 3054 4286 cui
3086 4243 3428 4302 apponantur

1867 4331 2014 4383 varia
2042 4330 2290 4383 ciborum
2313 4344 2511 4398 genera
2533 4346 2547 4391 ;
2567 4336 2681 4380 tum
2698 4342 2828 4378 vero
2846 4332 3125 4392 peccatum
3149 4323 3427 4391 suggerit,

1871 4434 1931 4477 ut
1964 4424 2148 4477 omnia
2174 4422 2426 4489 degustet
2452 4439 2465 4472 :
2503 4420 2583 4472 sic
2606 4433 2827 4486 quoque
2857 4416 3037 4469 anima
3066 4414 3429 4468 delectatione

208 4512 313 4578 γὰρ
345 4509 726 4563 δυσϐάστακτά
758 4514 873 4562 ἐστι
905 4511 971 4562 τὰ
1003 4509 1171 4577 πάθη,
1203 4502 1276 4561 ὧν
1310 4511 1367 4561 ἐν
1400 4509 1549 4577 μέσῳ
1598 4525 1763 4560 ποτα-
1796 4513 1841 4569 D
1870 4532 1899 4569 ο

1737 4536 1763 4548 -
1796 4513 1841 4569 D
1870 4526 2027 4583 capta
2063 4523 2341 4567 oneratur.
2373 4512 2581 4565 Montes
2608 4510 2754 4564 enim
2791 4507 3093 4562 diﬂicillimi
3136 4517 3263 4560 sunt
3301 4507 3427 4559 affe-

210 4601 306 4669 μοὶ
352 4599 661 4668 δρακόντων
703 4601 796 4650 καὶ
853 4599 1073 4651 ίοϐόλων
1121 4600 1321 4668 θηρίων
1373 4601 1465 4652 καὶ
1500 4600 1763 4667 ἑρπετῶν·

209 4692 400 4759 ὥσπερ
432 4693 525 4743 ἐὰν
553 4686 586 4763 ᾗ
610 4692 789 4760 κῆτος,
820 4693 911 4743 καὶ
942 4691 1181 4761 καταπίῃ
1200 4691 1290 4742 τὸν
1314 4691 1594 4761 ἄνθρωπον
1622 4692 1681 4742 ἐν
1702 4694 1767 4760 τῇ

211 4784 424 4853 κοιλίᾳο
452 4782 593 4835 οῦτω
624 4785 716 4835 καὶ
747 4786 778 4852 ἡ
808 4784 1050 4853 ἁμαρτία
1102 4783 1387 4834 καταπίνει
1431 4783 1529 4843 τὰς
1570 4783 1768 4851 ψυχάς.

210 4878 411 4941 Φλόγες
443 4876 611 4944 πυρός
635 4877 739 4925 εἰσι
772 4875 1182 4936 κατακαίουσαι,
1216 4874 1308 4924 καὶ
1358 4872 1483 4941 βέλη
1510 4889 1769 4941 πεπυρω-

213 4968 353 5034 μένα
377 4967 471 5017 τοῦ
528 4966 783 5034 πονηροῦ.
826 4967 990 5031 Λέγει
1018 4968 1124 5035 γὰρ
1165 4968 1193 5017 ό
1236 4966 1569 5027 Ἀπόστολος,
1617 4966 1769 5032 Πρὸς

210 5060 277 5107 τὸ
312 5055 646 5123 δυνηθῆναι
682 5056 833 5123 ὑμᾶς
866 5058 936 5109 τὰ
959 5058 1114 5123 βέλη
1146 5057 1249 5111 τοῦ
1280 5056 1543 5123 πονηροῦ
1570 5058 1640 5109 τὰ
1670 5074 1771 5108 πε-

213 5151 532 5219 πυρωμένα
552 5151 788 5204 σϐέσαι.
833 5151 1103 5221 Ἐνεμήθη
1126 5152 1233 5221 γὰρ
1264 5152 1325 5203 τὸ
1350 5150 1535 5214 κακὸν,
1566 5152 1661 5202 καὶ
1684 5167 1773 5201 τε-

216 5237 540 5307 θεμελίωται
576 5240 704 5309 περὶ
732 5240 829 5307 τὴν
859 5241 1055 5309 ψυχήν.

284 5332 414 5384 NA'.
439 5332 502 5385 Ol
535 5331 590 5383 δέ
622 5332 895 5400 φρόνιμοι,
931 5332 1057 5383 ὅταν
1086 5332 1357 5401 ἐπαναστῇ
1391 5330 1459 5382 τὰ
1491 5328 1655 5398 πάθη,
1677 5330 1772 5398 οὐχ

216 5423 601 5484 ὑπακούουσιν,
666 5422 779 5474 ἀλλ’
838 5423 1143 5493 ὀργίζονται
1192 5425 1306 5485 ταῖς
1341 5424 1536 5482 κακαῖς
1594 5422 1775 5473 ἐπιθυ-

217 5514 390 5584 μίαις,
416 5514 511 5566 καλ⁵
539 5513 721 5583 ἐχθροὶ
745 5514 952 5567 ἐαυτῶν
978 5516 1269 5582 γίγνονται.
1318 5514 1375 5567 Ὀ
1399 5515 1503 5583 γὰρ
1533 5515 1773 5575 Σατανᾶς

214 5606 350 5659 πολὺ
374 5604 517 5657 θέλει
546 5607 924 5675 ἐπαναπαῆναι
958 5609 1021 5677 τῇ
1052 5606 1218 5676 ψυχῇ,
1248 5608 1337 5659 καὶ
1368 5605 1771 5675 ἐφαπλωθῆναι,

293 5790 337 5821 ⁷³
378 5787 580 5855 Ephes.
613 5802 684 5848 vi,
723 5786 808 5839 16.

540 5885 808 5943 ΡΑτιιοι,
859 5882 974 5940 Gn-
1012 5882 1298 5939 XXXIV.

1870 4604 2080 4657 ctiones
2116 4602 2239 4663 illae,
2285 4615 2519 4669 quorum
2559 4598 2613 4651 in
2653 4598 2832 4650 medio
2861 4597 3164 4651 decurrunt
3205 4595 3429 4648 ﬂumina

1870 4694 2600 4753 draconum,venenosarum
2621 4688 2859 4740 ferarum
2887 4703 2948 4739 ac
2978 4687 3275 4756 reptilium.
3304 4686 3429 4738 Per-

1872 4785 1997 4837 inde
2041 4799 2168 4837 vero
2202 4799 2263 4837 ac
2302 4783 2348 4836 si
2385 4782 2586 4837 balrena
2627 4781 2901 4833 hominem
2944 4780 3168 4833 devoret
3206 4780 3258 4831 in
3294 4794 3423 4831 ven.

1871 4888 2029 4940 trem,
2060 4878 2137 4929 sic
2158 4891 2375 4945 quoque
2401 4883 2681 4942 peccatum
2707 4872 2961 4926 absorbet
2989 4874 3217 4926 animas.
3252 4874 3429 4927 Flam-

1877 4983 1975 5020 mae
2009 4977 2137 5021 sunt
2167 4968 2305 5036 ignis
2326 4966 2575 5019 ardentes
2597 4965 2699 5017 illae
2726 4963 3063 5027 alfectiones,
3094 4974 3150 5017 et
3174 4965 3279 5017 tela
3307 4968 3429 5019 mali

1872 5059 2058 5128 ignita.
2096 5058 2279 5125 lnquit
2298 5056 2441 5109 enim
2464 5056 2783 5124 Apostolus:
2822 5052 2883 5107 Ut
2912 5054 3115 5121 possitis
3148 5070 3233 5106 vos
3257 5058 3436 5111 omnia

1877 5152 1980 5205 tela
1998 5150 2125 5203 mali
2150 5153 2311 5218 ignita
2336 5151 2664 5215 exstinguere
2692 5148 2773 5199 '5?
2798 5147 3195 5200 Fovetureuim
3216 5148 3430 5207 vitium.

1876 5260 1939 5297 ac
1967 5242 2382 5297 fundamentum
2418 5241 2572 5309 ponit
2599 5241 2653 5293 in
2683 5238 2885 5292 anima.

1948 5336 2031 5389 LI.
2065 5336 2365 5390 Prudentes
2394 5343 2576 5387 autem
2612 5330 3018 5399 insurgentibus
3049 5328 3431 5382 aﬂectionibus

1880 5440 1985 5479 non
2009 5426 2404 5493 obtemperant,
2428 5423 2519 5476 sed
2545 5424 2674 5475 iram
2694 5419 3011 5487 concipiunt
3028 5418 3290 5471 adversus
3314 5431 3437 5483 pra-

1878 5532 1973 5569 vas
2002 5516 2345 5585 cupiditates,
2382 5522 2539 5582 atque
2563 5514 2744 5565 hostes
2772 5512 2854 5564 sui
2897 5508 3154 5563 evadunt.
3210 5506 3437 5559 Satanas

1879 5609 2024 5660 enim
2065 5606 2219 5661 valde
2268 5608 2419 5675 cupit
2457 5605 2510 5658 in
2546 5604 2727 5657 anima
2768 5600 3133 5669 requiescere,
3165 5612 3227 5653 ac
3255 5595 3439 5650 cubile

3046 5873 3126 5931 20
