4282 6364
830 377 931 441 611

2049 378 2109 437 S.
2152 376 2467 436 MACARII
2507 376 2825 437 [EGYPTII

3958 368 4076 434 612

824 502 986 543 suum
1009 483 1363 548 constituere,
1389 492 1445 539 et
1467 481 1717 553 afﬂigitur
1747 498 1808 539 ac
1841 494 2144 555 torquetur,
2171 487 2392 555 quando
2421 494 2464 547 Λ
2494 508 2515 540 κ

2383 504 2392 537 ι
2421 494 2464 547 Λ
2494 491 2587 542 καὶ
2616 489 2854 542 θλίϐεται
2888 486 2983 539 καὶ
3006 486 3415 556 σπνοχωρεῖται
3439 483 3515 554 μὴ
3555 482 3940 551 ὐπακουούσης
3965 482 4074 551 τῆς

824 596 933 634 non
962 578 1306 647 obtemperat
1358 576 1559 630 anima.
1613 577 1733 632 Non
1781 584 1963 631 tamen
2022 577 2241 644 desunt,
2291 579 2385 648 qui

824 670 1009 723 divina
1037 668 1242 723 virtute
1279 666 1655 733 continentur,
1682 668 1831 737 quia,
1865 682 1989 722 cum
2016 667 2239 722 videant
2262 684 2385 722 cum

822 761 1053 816 muliere
1079 760 1503 826 adolescentem,
1534 761 1663 815 licet
1703 760 1950 831 quasdam
1977 762 2239 832 cogitent,
2272 743 2389 816 illo-

824 870 946 909 rum
976 863 1159 909 tamen
1195 854 1409 908 animus
1427 868 1537 907 non
1568 852 1850 923 polluitur,
1881 868 2059 923 neque
2087 853 2234 908 intus
2266 868 2392 922 pec-

823 956 1004 1001 eatum
1032 946 1344 1001 committit.
1389 945 1593 1001 Verum
1631 944 1875 999 nondum
1923 943 2053 999 huic
2088 952 2173 1000 est
2213 944 2391 998 ﬁden-

825 1037 980 1091 dum.
1023 1036 1163 1092 Sunt
1209 1052 1342 1092 vero
1394 1035 1510 1101 alii,
1564 1036 1621 1090 in
1686 1035 1888 1105 quibus
1942 1034 2114 1090 libido
2165 1050 2392 1105 prorsus

824 1129 1092 1183 exstincta
1145 1137 1312 1197 atque
1346 1127 1582 1183 arefacta
1604 1138 1820 1181 cessat:
1877 1142 2069 1183 verum
2098 1126 2155 1181 hi
2194 1127 2393 1197 gradus

824 1226 954 1273 sunt
972 1234 1333 1274 summorum.
1358 1218 1827 1285 Quemadmodum
1851 1228 2033 1273 autem
2060 1228 2395 1273 mercatores

827 1308 962 1363 nudi
1011 1308 1068 1363 in
1110 1309 1446 1380 profundum
1476 1310 1665 1375 maris,
1702 1326 1765 1365 ac
1822 1316 2054 1364 mortem
2098 1324 2258 1379 aqua:
2298 1309 2393 1364 de-

828 1400 1123 1466 scendunt,
1146 1409 1207 1455 ut
1237 1400 1349 1455 illic
1376 1401 1646 1470 accipiant
1673 1401 2001 1471 margaritas
2046 1400 2113 1455 ad
2138 1416 2393 1455 coronam

828 1492 1035 1561 regiam
1062 1500 1118 1546 et
1164 1507 1469 1562 purpuram
1491 1492 1847 1559 commodas;
1892 1493 1971 1547 sic
2020 1508 2259 1562 quoque,
2302 1492 2395 1562 qui

828 1581 1139 1637 solitariam
1166 1584 1337 1637 vitam
1368 1590 1559 1653 agunt,
1594 1584 1729 1638 nudi
1755 1592 1961 1638 exeunt
2006 1583 2234 1646 mundo,
2262 1594 2317 1637 et
2342 1583 2396 1636 in

832 1673 1170 1744 profundum
1240 1674 1406 1728 maris
1470 1674 1709 1740 malitiae,
1779 1684 1943 1744 atque
2018 1675 2076 1728 in
2144 1675 2397 1744 abyssum

832 1765 1183 1819 tenebrarum
1262 1765 1635 1819 descendunt:
1717 1782 1747 1820 e
1823 1782 1931 1834 qua
2022 1773 2248 1819 sumunt
2338 1780 2401 1819 ac

832 1867 1116 1927 reportant
1164 1858 1437 1927 pretiosos
1498 1858 1729 1927 lapides,
1794 1867 1951 1927 aptos
2012 1857 2079 1911 ad
2139 1872 2399 1911 coronam

831 1949 1070 2014 Christi,
1119 1950 1185 2003 ad
1249 1948 1551 2004 Ecclesiam
1624 1949 1941 2013 cmlestem,
2003 1948 2073 2003 ad
2143 1949 2402 2003 saeculum

831 2054 1060 2105 novum,
1096 2040 1164 2095 ad
1191 2040 1467 2095 civitatem
1500 2039 1841 2111 splendidam
1901 2050 1959 2095 et
2000 2040 2263 2110 populum
2303 2056 2403 2095 an-

833 2132 1083 2201 gelicum.

903 2222 1015 2276 Lll.
1051 2220 1284 2277 Perinde
1306 2237 1439 2277 vero
1500 2238 1564 2277 ac
1609 2222 1665 2277 in
1696 2225 1955 2294 sagenam
2005 2224 2174 2279 multa
2204 2238 2403 2295 genera

836 2316 1067 2385 piscium
1104 2313 1380 2382 incidunt,
1414 2322 1471 2370 ct
1499 2315 1682 2370 minus
1710 2317 1878 2371 utiles
1906 2316 2088 2371 denuo
2132 2317 2315 2371 statim
2350 2316 2405 2369 in

836 2421 988 2460 mare
1020 2406 1418 2476 projiciuntur:
1454 2406 1535 2460 sic
1562 2422 1780 2475 quoque
1807 2422 2007 2477 sagena
2032 2407 2220 2477 gratia:
2242 2420 2409 2475 super

838 2515 1030 2554 omnes
1053 2514 1292 2569 expansa
1312 2507 1416 2565 est,
1454 2515 1518 2553 ac
1540 2500 1736 2568 quaerit
1766 2501 2033 2570 requiem.
2074 2500 2273 2556 Verum
2296 2514 2407 2554 non

840 2592 1221 2661 obtemperant
1241 2591 1493 2645 homines
1551 2601 1838 2662 propterea
1860 2591 2043 2647 denuo
2080 2592 2135 2646 in
2160 2590 2408 2647 eamdem

840 2683 1273 2754 profunditatem
1354 2683 1709 2738 tenebrarum
1774 2684 2170 2755 conjiciuntur.
2226 2682 2408 2737 Veluti

841 2775 989 2831 enim
1014 2790 1211 2829 aurum
1250 2791 1284 2829 a
1328 2774 1551 2845 copiosa
1599 2790 1765 2830 arena
1820 2776 2057 2831 dilutum
2108 2774 2408 2841 invenitur,

843 2876 1083 2939 suntque
1131 2884 1299 2939 grana
1353 2869 1549 2939 exigua
1601 2869 1772 2923 instar
1823 2869 1997 2925 milii:
2064 2870 2144 2923 sic
2192 2882 2412 2939 quoque

844 2973 912 3010 ex
974 2957 1162 3013 multis
1213 2958 1376 3028 pauci
1431 2956 1843 3025 probabuntur.
1899 2958 2003 3025 Qui
2065 2958 2213 3012 enim
2257 2956 2410 3026 regni

845 3064 985 3118 opus
1026 3049 1248 3114 habent,
1298 3048 1574 3105 manifesti
1605 3058 1753 3114 sunt,
1783 3058 1839 3105 et
1870 3050 1965 3120 qui
2012 3050 2241 3105 verbum
2295 3050 2414 3119 ejus

2491 581 2686 651 ψυχῆς.
2715 580 2837 633 Εἰσὶ
2869 579 2927 632 δέ
2977 596 3123 641 τινες
3174 576 3537 647 κρατούμενοι
3569 576 3672 629 ὑπὸ
3712 575 3864 638 θείας
3896 574 4077 626 δυνά-

2489 690 2660 742 μεως,
2697 673 2779 724 ὅτι
2809 671 2901 724 ἐὰν
2929 670 3077 723 ἴδωσί
3106 686 3228 722 τινα
3261 669 3399 739 μετὰ
3446 667 3702 735 γυναικὸς
3736 666 3883 729 νέον,
3914 659 4077 718 οὗτοι

2492 766 2663 819 είηκαὶ
2690 762 3083 830 διαλογίζονταί
3116 777 3257 824 τινα,
3290 761 3438 829 ὅμως
3470 759 3531 811 οὐ
3578 756 3848 826 μιαίνεται
3880 757 3908 807 ό
3935 755 4077 817 νοῦς

2492 860 2691 927 αὐτῶν,
2746 857 2871 910 οὐτε
2930 854 3167 908 ἐπιτελεῖ
3212 852 3358 905 ἔνδον
3402 849 3695 921 ἁμαρτίαν.
3738 847 3878 900 Ἀλλ’
3906 845 4079 899 οὕπω

2494 953 2609 1007 ἐστὶ
2638 950 2716 1021 τῷ
2744 948 2969 1019 τοιούτῳ
2998 946 3289 1016 θαρσῆσαι.
3320 942 3445 998 Εἰσὶ
3466 943 3521 997 δὲ
3551 941 3701 997 ἄλλοι
3728 941 3808 1002 είς
3830 938 3926 1002 οὓς
3973 954 4076 990 τε·

2492 1046 2650 1108 λείως
2703 1043 2997 1105 πέπαυται,
3037 1040 3132 1093 καὶ
3179 1036 3546 1107 κατεσϐέσθη,
3606 1034 3703 1088 καὶ
3754 1029 4074 1101 ἐξηράνθη·

2494 1136 2629 1191 ἀλλὰ
2655 1133 2725 1187 τά
2753 1132 2926 1203 μέτρα
2951 1132 3058 1185 τῶν
3095 1130 3342 1200 μεγάλων
3369 1128 3527 1182 είσίν.
3559 1126 3771 1193 Ὠσπερ
3793 1123 3851 1175 δέ
3884 1124 3935 1174 ei
3964 1119 4078 1187 ἐμ-

2496 1246 2652 1300 ποροι
2679 1228 2881 1297 γυμνοὶ
2929 1225 3283 1297 κατέρχονται
3326 1223 3405 1285 είς
3464 1218 3625 1289 βυθὸν
3649 1217 3949 1283 θαλάσσης,
3988 1214 4081 1287 είς

2497 1323 2722 1377 θάνατον
2746 1319 2837 1374 τοῦ
2873 1318 3083 1380 ὓδατος,
3116 1317 3201 1369 ἵνα
3234 1316 3347 1367 ἐκεῖ
3373 1313 3575 1381 εὕρωσι
3612 1308 3956 1380 μαργαρίτας
3992 1307 4079 1367 είς

2499 1417 2762 1483 στέφανον
2795 1410 3078 1472 ποιοῦντας
3115 1406 3409 1477 βασιλικὸν,
3442 1405 3537 1456 καὶ
3560 1402 3866 1471 πορφύραν,
3896 1398 4079 1459 οὓτως

2498 1506 2593 1558 καὶ
2626 1506 2677 1557 οι
2709 1504 3054 1573 μονάζοντες,
3110 1500 3308 1567 γυμνοὶ
3361 1496 3673 1565 ἐξέρχονται
3705 1491 3799 1545 τοῦ
3833 1492 4075 1558 κόσμου,

2499 1597 2593 1651 καὶ
2620 1595 2973 1663 κατέρχονται
2994 1592 3074 1653 είς
3107 1590 3264 1657 βυθὸν
3297 1588 3570 1654 θαλάσσης
3598 1585 3695 1651 τῆς
3735 1583 3955 1643 κακίας,
3982 1581 4081 1632 καὶ

2500 1690 2577 1751 είς
2610 1690 2707 1758 τὴν
2739 1687 2971 1741 ἄϐυσσον
3016 1685 3110 1737 τοῦ
3143 1683 3387 1743 σκότους,
3422 1680 3515 1733 καὶ
3565 1677 3673 1730 ἀπὸ
3696 1676 3806 1728 τῶν
3861 1673 4081 1741 βαθέων

2500 1779 2836 1849 λαμϐάνουσι
2883 1776 2976 1830 καὶ
3029 1773 3359 1840 ἀναφέρουσι
3388 1772 3603 1838 τιμίους
3648 1767 3824 1827 λίθους
3853 1777 4082 1833 προχω-

2512 1872 2737 1943 ροῦντας
2768 1871 2845 1933 είς
2869 1869 3131 1935 στέφανον
3165 1865 3258 1917 τοῦ
3292 1860 3550 1932 Χριστοῦ,
3587 1861 3666 1920 είς
3702 1858 3800 1927 τὴν
3841 1856 4081 1924 Ἐκκλη-

2513 1964 2631 2015 σίαν
2676 1961 2773 2030 τὴν
2828 1958 3171 2025 ἐπουράνιον,
3229 1956 3307 2016 είς
3336 1952 3507 2005 αίῶνα
3540 1950 3746 2014 καινὸν,
3792 1948 3887 2001 καὶ
3920 1946 4082 1999 πόλιν

2511 2051 2799 2119 φωτεινὴν,
2828 2048 2922 2099 καὶ
2948 2046 3119 2115 δῆμον
3142 2040 3450 2111 άγγελικόν.

2581 2233 2707 2287 NB’.
2730 2233 2940 2301 Ὥσπερ
2974 2231 3031 2283 ἐν
3058 2232 3123 2299 τῇ
3157 2228 3366 2297 σαγήνῃ
3393 2224 3561 2276 πολλὰ
3602 2221 3713 2287 είδη
3751 2220 3951 2289 ἰχθύων
3978 2220 4085 2286 ἐμ-

2513 2324 2723 2387 πίπτει,
2755 2323 2848 2375 καὶ
2875 2322 2943 2375 τὰ
2965 2319 3339 2390 ἀχρηστότερα
3366 2316 3529 2369 πάλιν
3553 2313 3752 2374 εὐθέως
3780 2312 3860 2373 είς
3883 2310 4087 2361 θάλασ-

2514 2432 2615 2470 σαν
2648 2414 2947 2483 ῥίπτουσινο
2973 2412 3143 2475 οὕτως
3163 2411 3257 2463 καὶ
3283 2411 3316 2479 ἠ
3353 2408 3564 2477 σαγήνῃ
3608 2405 3705 2473 τῆς,
3736 2403 3957 2473 χάριτος
3988 2402 4088 2468 ἐφ-

2512 2500 2776 2558 απλοῦται
2798 2502 2889 2554 ἐπὶ
2916 2500 3141 2564 πάντας,
3178 2497 3273 2552 καὶ
3300 2499 3453 2568 ζητεῖ
3484 2495 3809 2549 ἀνάπαυσιν.
3854 2492 3997 2545 Ἀλλ’
4037 2490 4087 2542 oi.

2513 2592 2788 2661 ἄνθρωποι
2808 2592 2905 2660 οὐχ
2934 2588 3266 2643 ὑπακούουσι
3291 2602 3305 2617 °
3332 2586 3421 2639 διὰ
3448 2585 3604 2639 τοῦτο
3628 2583 3788 2637 πάλιν
3817 2584 3899 2644 είς
3920 2581 4089 2636 αὐτὸν

2514 2683 2605 2738 τὸν
2636 2682 2855 2752 βόθυνον
2912 2680 3007 2734 τοῦ
3062 2680 3285 2743 σκότους
3338 2678 3825 2750 καταρῤίπτονται.
3869 2676 4091 2742 Ὠσπερ

2515 2777 2623 2845 γὰρ
2646 2777 2675 2829 6
2703 2776 2902 2846 χρυσὸς
2942 2774 3051 2827 ἀπὸ
3100 2772 3301 2843 πολλῆς
3345 2774 3533 2843 ἄμμου
3566 2772 3903 2841 πλυνόμενοςῖ
3940 2770 4092 2838 εὐρίο

2518 2883 2726 2932 σκεται,
2774 2866 2868 2919 καὶ
2918 2864 3091 2919 ταῦτα
3125 2865 3383 2933 ἐλάχιστα
3434 2864 3512 2927 ὡς
3562 2862 3877 2933 κεγχρίδεςο
3913 2860 4093 2922 οῦτως

2518 2960 2611 3012 καὶ
2646 2959 2753 3011 άπὸ
2802 2958 3011 3011 πολλῶν
3066 2956 3240 3025 ὀλίγοι
3283 2958 3391 3009 εἰσὶ
3443 2956 3676 3025 δόκιμοι.
3735 2956 3847 3008 Kal.
3893 2954 4009 3021 γάρ
4042 2954 4091 3005 οἱ

2518 3050 2731 3120 ἔχοντες
2764 3050 2824 3103 τὸ
2851 3050 3009 3122 ἔργον
3041 3052 3139 3120 τῆς
3161 3049 3457 3119 βασιλείας,
3489 3047 3716 3117 φανεροί
3747 3048 3874 3109 είσι,
3912 3047 4011 3098 καὶ
4044 3045 4093 3097 οί

846 3151 1135 3206 exornant,
1157 3144 1444 3212 conspicui
1502 3153 1649 3198 sunt.
1676 3143 1880 3198 Eadem
1902 3144 2114 3198 ratione
2138 3142 2414 3197 manifesti
2442 3187 2481 3213 ρ
2519 3162 2537 3195 ι

2401 3142 2414 3194 i
2442 3187 2481 3213 η
2519 3142 2847 3213 κοσμοῦντες
2893 3143 2985 3196 τὸν
3027 3142 3183 3210 λόγον
3213 3142 3381 3212 αὐτῆς
3431 3140 3729 3207 φαίνονται.
3771 3139 4009 3208 Ὁμοίως
4038 3138 4092 3189 δὲ

848 3242 999 3299 sunt,
1060 3234 1156 3304 qui
1215 3234 1326 3288 sale
1378 3234 1590 3306 cmlesti
1646 3247 1773 3289 sunt
1817 3236 2046 3302 conditi,
2086 3247 2141 3291 et
2197 3236 2291 3304 qui
2348 3232 2483 3291 ex"
2516 3253 2539 3289 ν

2399 3254 2416 3290 t
2446 3232 2483 3244 ν
2516 3236 2610 3289 καλ⁵
2634 3238 2681 3289 οί
2717 3236 3011 3306 ἠρτυμένοι
3041 3234 3118 3304 τῷ
3144 3235 3302 3289 ἆλατι
3332 3233 3409 3303 τῷ
3442 3232 3752 3303 ἐπουρανίῳ
3781 3232 4090 3297 φαίνονται,

856 3326 1133 3381 thesauris
1191 3326 1426 3395 Spiritus
1474 3327 1795 3397 loquuntur.
1848 3330 2130 3398 Apparent
2177 3346 2325 3395 vasa,
2362 3331 2418 3385 in

851 3416 1056 3485 quibus
1077 3418 1463 3487 complacitum
1489 3428 1572 3474 est
1608 3420 1743 3484 Deo,
1785 3420 2099 3489 quibusque
2134 3436 2287 3475 suam
2314 3423 2420 3475 lar-

852 3508 999 3577 gitur
1041 3509 1294 3578 gratiam.
1348 3509 1488 3565 Sunt
1537 3527 1756 3581 quoque
1796 3513 1913 3577 alii,
1966 3514 2059 3582 qui
2089 3514 2259 3567 multa
2297 3529 2418 3568 cum

852 3602 1121 3672 patientia
1197 3603 1475 3673 accipiunt
1551 3604 1810 3658 virtutem
1908 3603 2419 3669 sanctificatricem,

852 3703 1020 3764 prout
1050 3695 1315 3750 Dominus
1358 3695 1477 3749 vult
1518 3697 1732 3751 ratione
1773 3696 2092 3765 multiplici.
2140 3695 2245 3761 Qui
2294 3712 2423 3767 ergo

855 3786 1121 3863 loquitur,
1162 3788 1266 3842 nisi
1312 3786 1579 3857 dirigatur
1630 3802 1661 3841 a
1719 3787 1931 3842 caelesti
1978 3787 2185 3841 lumine
2232 3804 2295 3842 ac
2335 3804 2421 3842 sa-

856 3878 1086 3947 pientia,
1111 3880 1545 3949 uniuscujusque
1585 3888 1825 3934 mentem
1849 3879 1900 3932 in
1916 3877 2074 3939 plena
2099 3877 2203 3933 fide
2219 3880 2423 3934 consti-

856 3979 1016 4024 tuere
1075 3969 1306 4039 nequit;
1359 3969 1486 4039 quia
1548 3970 1701 4024 varia
1772 3980 1901 4025 sunt
1958 3970 2244 4025 hominum
2302 3971 2426 4025 vitm

858 4060 1146 4125 instituta;
1178 4060 1399 4129 quidam
1417 4060 1563 4115 enim
1586 4060 1753 4126 bello,
1778 4060 1871 4115 alii
1892 4076 2024 4116 vero
2046 4062 2232 4132 quieta
2256 4062 2426 4131 magis

860 4151 1211 4206 delectantur
1245 4152 1377 4205 vita.

930 4242 1065 4297 Llll.
1097 4242 1332 4297 Perinde
1371 4258 1435 4297 ac
1468 4244 1560 4313 qui
1604 4244 1879 4298 civitatem
1928 4243 2045 4298 solo
2091 4254 2425 4314 exequatam

2518 3327 2612 3379 καὶ
2636 3325 2685 3378 oi
2709 3328 2775 3380 ἐκ
2803 3326 2911 3379 τῶν
2940 3324 3231 3394 θησαυρῶν
3278 3322 3374 3377 τοῦ
3432 3323 3750 3391 Πνεύματος
3779 3320 4091 3382 λαλοῦντες.

2518 3416 2768 3468 Φαίνεται
2816 3414 2884 3467 τὰ
2914 3412 3083 3483 σκεύη
3116 3415 3174 3465 ἐν
3195 3406 3275 3474 οἷς
3300 3415 3327 3465 6
3348 3412 3478 3475 Θεὸς
3525 3411 3752 3473 εὐδοκεῖ,
3784 3411 3880 3463 καὶ
3910 3410 4094 3462 δίδωσι

2520 3506 2618 3576 τὴν
2640 3504 2834 3560 ἐαυτοῦ
2864 3506 3057 3574 χάρινο
3090 3505 3183 3558 καὶ
3213 3505 3363 3559 ἄλλοι
3402 3504 3539 3574 μετὰ
3570 3504 3772 3573 πολλῆς
3814 3503 4097 3571 ὑπομονῆς

2520 3596 2763 3665 δέχονται
2793 3597 2892 3664 τὴν
2947 3596 3273 3665 ἁγιαστικὴν
3314 3594 3569 3663 δύναμιν,
3602 3594 3785 3657 καθὼς
3832 3596 3861 3646 6
3892 3594 4098 3663 Κύριος

2523 3688 2665 3742 θέλει
2696 3688 3069 3758 πολυτρόπως.
3112 3689 3169 3741 '0
3196 3687 3288 3741 οὐν
3308 3687 3503 3754 λαλῶν,
3539 3690 3587 3740 εί
3616 3688 3691 3758 μὴ
3790 3687 4093 3756 ὁδηγούμε-

2525 3798 2611 3843 νος
2641 3780 2745 3834 ὑπὸ
2774 3780 2949 3849 φωτὸς
2969 3779 3218 3849 οὐρανίου
3244 3780 3341 3832 καὶ
3371 3780 3582 3846 σοφίας,
3607 3779 3667 3832 οὐ
3697 3779 3921 3831 δύναται
3958 3779 4095 3847 πλη-

2530 3874 2777 3942 ροφορεῖν
2808 3872 2899 3925 τὸν
2934 3874 3165 3926 ἑκάστου
3194 3871 3348 3937 νοῦν,
3400 3872 3590 3940 ἐπειδὴ
3634 3871 3825 3923 πολλαί
3860 3872 3999 3922 εἰσιν
4044 3872 4097 3922 al

2528 3963 2897 4034 προαιρέσεις,
2928 3966 2985 4017 αἱ
3018 3965 3116 4034 μὲν
3138 3967 3197 4018 ἐν
3226 3964 3469 4033 πολέμῳ,
3500 3963 3655 4017 ἄλλαι
3680 3964 3736 4016 ἐν
3765 3962 4093 4016 ἀναπαύσει.

2602 4244 2726 4297 Nl".
2754 4243 2967 4313 Ὥσπερ
2996 4243 3124 4296 ὅταν
3209 4244 3552 4314 ἡρημωμένη
3578 4244 3756 4306 πόλις,
3785 4246 3879 4297 καὶ
3899 4244 4099 4316 θελήσῃ

860 4334 1071 4388 aedibus
1120 4333 1345 4388 reficere
1382 4333 1533 4395 velit,
1582 4334 1845 4388 continuo
1876 4334 2091 4387 ruinam
2120 4350 2183 4389 ac
2217 4336 2429 4404 lapsum
2529 4353 2551 4387 τ

2409 4350 2429 4387 ι
2529 4353 2613 4398 τις
2642 4335 2843 4404 ταύτην
2871 4335 3177 4397 ἀνακτίσαι,
3211 4335 3410 4399 εὐθέως
3438 4337 3507 4389 τὰ
3537 4336 3987 4407 καταρῤεύσαντα
4008 4327 4100 4389 καὶ

861 4424 1126 4477 minantia
1160 4424 1391 4481 omnino
1417 4424 1607 4494 dejicit
1629 4440 1694 4478 ac
1726 4424 1985 4486 destruit,
2025 4424 2214 4493 sicque
2242 4424 2432 4493 incipit
2534 4445 2552 4477 τ

2414 4434 2432 4478 ι
2534 4428 2763 4479 πεσόντα
2792 4424 3011 4487 τελείως
3034 4424 3383 4489 καταϐάλλει,
3410 4428 3502 4478 καὶ
3521 4427 3693 4489 οὓτως
3716 4430 3945 4497 ἄρχεται
3972 4429 4102 4481 σκά-

862 4513 1075 4577 fodere,
1105 4525 1161 4567 et
1192 4513 1249 4566 in
1297 4513 1418 4567 loco
1458 4512 1677 4568 defosso
1724 4514 2079 4569 fundamenta
2113 4516 2318 4585 jacere,
2365 4530 2428 4569 ac
2462 4522 2504 4575 ι)
2532 4534 2553 4567 τ

2408 4531 2428 4569 c
2462 4522 2504 4575 ι)
2532 4532 2707 4577 πτειν,
2744 4516 2839 4568 καλ⁵
2867 4517 2923 4568 ἐν
2956 4515 3035 4585 τῷ
3066 4516 3351 4585 σκάμματι
3380 4518 3503 4580 τοὺς
3554 4515 3836 4586 θεμελίους
3869 4518 4099 4584 τιθέναι,

862 4605 974 4674 68
1002 4604 1293 4659 aedificium
1318 4613 1729 4673 superstruere:
1762 4621 1865 4660 nec
1888 4605 2017 4659 dum
2058 4622 2186 4661 vero
2223 4616 2307 4661 est
2328 4606 2428 4661 do-
2536 4624 2553 4658 ι

2412 4636 2428 4646 -
2536 4606 2629 4659 καὶ
2666 4605 3062 4676 προϐάλλεσθαι
3123 4607 3220 4678 τὴν
3273 4608 3577 4680 οίκοδομὴν,
3626 4610 3835 4662 οὐδέπω
3864 4609 3918 4661 δέ
3957 4612 4103 4664 ἐστιν

865 4708 1007 4747 mus.
1051 4692 1267 4757 Itidem,
1293 4693 1385 4762 qui
1411 4693 1631 4748 hortum
1662 4703 2083 4750 constructurus
2112 4704 2197 4751 est
2220 4696 2275 4749 in
2297 4697 2432 4751 locis
2543 4716 2556 4750 ι

2413 4712 2432 4751 5
2543 4700 2707 4753 τὶκία.
2741 4699 2854 4752 Καὶ
2891 4700 2920 4751 6
2967 4698 3135 4751 θέλων
3184 4700 3508 4769 παράδεισον
3540 4700 3762 4770 ποιῆσαι
3799 4702 3878 4763 είς
3905 4702 4104 4767 τόπους

868 4783 1107 4837 desertis
1160 4798 1222 4837 ac
1256 4784 1629 4853 graveolentia
1678 4785 1865 4840 fetidis
1894 4828 1908 4851 ,
1949 4788 2191 4857 primum
2241 4788 2433 4857 incipit
2538 4791 2559 4841 ἐ

2416 4798 2433 4841 t
2538 4790 2778 4858 ἐρήμους
2809 4790 2904 4842 καὶ
2936 4788 3210 4853 δυσώδεις,
3258 4790 3471 4859 πρῶτον
3514 4791 3739 4862 ἄρχεται
3763 4792 4102 4860 καθαρίζειν,

869 4888 1124 4943 purgare,
1162 4888 1225 4925 ac
1256 4874 1619 4942 scpimentum
1659 4876 2099 4947 circumponere,
2140 4887 2195 4932 et
2222 4894 2431 4948 praepa-

870 4981 993 5018 rare
1020 4966 1395 5034 aquaeductus,
1441 4976 1497 5020 et
1520 4969 1598 5023 sic
1634 4970 1851 5023 tandem
1878 4971 2110 5039 plantat,
2136 4981 2192 5024 et
2232 4971 2432 5039 plantae

870 5054 1277 5109 incrementum
1301 5068 1545 5121 sumunt,
1575 5068 1634 5112 ut
1664 5058 1767 5113 hoc
1794 5059 2134 5129 modolongo
2156 5068 2279 5129 post
2303 5068 2439 5113 tem-

870 5160 1003 5214 pore
1022 5146 1219 5199 hortus
1240 5146 1483 5215 proferat
1500 5148 1738 5205 fructus:
1765 5150 1844 5204 sic
1859 5166 2078 5220 quoque
2104 5150 2439 5205 intentiones

874 5236 1159 5291 hominum
1183 5246 1308 5307 post
1330 5242 1824 5310 transgressionem
1846 5242 2095 5308 desertae,
2144 5242 2439 5299 devastata:

872 5335 1039 5394 atque
1085 5328 1321 5396 spinosa;
1375 5338 1526 5384 sunt.
1589 5331 1737 5386 Dixit
1784 5333 1931 5387 enim
1985 5333 2195 5388 homini
2250 5335 2431 5388 Deus:

874 5416 1066 5487 Spinas
1097 5436 1158 5472 ac
1189 5420 1405 5475 tribulos
1439 5422 1532 5475 tibi
1558 5431 1701 5477 terra
1730 5425 1974 5495 producet
2001 5426 2043 5456 '"
2084 5424 2233 5494 Opus
2269 5426 2437 5495 igitur

874 5519 959 5564 est
994 5510 1271 5567 laboreac
1308 5515 1509 5571 sudore
1556 5516 1748 5583 multo,
1797 5526 1857 5570 ut
1901 5516 2030 5586 quis
2059 5517 2349 5586 conquirat
2377 5531 2439 5569 ac

873 5599 1037 5669 jaciat
1058 5602 1472 5661 fundamentum
1498 5648 1513 5674 ,
1548 5606 1725 5665 donec
1756 5607 1943 5665 veniat
1975 5609 2031 5666 in
2054 5608 2218 5665 corda
2259 5608 2439 5665 homi-

950 5778 991 5808 "
1025 5776 1163 5833 Gen.
1196 5795 1273 5847 ιιι,
1306 5780 1390 5834 18.

2540 4880 2633 4931 καὶ
2666 4881 2915 4950 φραγμὸν
2975 4880 3327 4951 περιτιθέναι,
3382 4881 3477 4934 καὶ
3530 4883 3836 4953 ἑτοιμάζειν
3860 4885 4104 4954 ὀχετοὺς,

2542 4970 2634 5023 καὶ
2666 4969 2834 5031 οὕτως
2864 4968 3104 5036 φυτεύει,
3137 4971 3231 5023 καὶ
3253 4969 3502 5034 αὐξονται
3532 4972 3597 5024 τὰ
3622 4972 3783 5039 φυτὰ,
3824 4973 3910 5025 ῖνα
3934 4973 4107 5037 οὕτως

2546 5058 2685 5126 μετὰ
2716 5059 2882 5111 πολὺν
2914 5059 3105 5129 χρόνον
3157 5062 3357 5131 ἐνέγκῃ
3395 5063 3642 5131 καρποὺς
3670 5062 3699 5113 6
3741 5062 4066 5131 παράδεισος
4088 5080 4105 5096 ο

2543 5150 2711 5212 οὓτως
2739 5150 2833 5203 καὶ
2880 5152 2935 5202 al
2966 5152 3312 5221 προαιρέσεις
3343 5154 3450 5205 τῶν
3475 5152 3799 5223 ἀνθρώπων,
3850 5154 3990 5222 μετὰ
4012 5154 4109 5224 τὴν

2548 5244 2860 5313 παράϐασιν
2890 5246 3295 5314 κεχερσωμέναι
3327 5246 3453 5309 είσὶ,
3481 5246 3574 5297 καὶ
3600 5244 3986 5315 ἡρημωμέναι,
4014 5246 4109 5298 καὶ

2546 5332 2896 5395 ἀκανθώδεις.
2926 5329 3061 5385 Εῐπε
3093 5333 3201 5403 γὰρ
3234 5336 3261 5385 ό
3290 5334 3422 5396 Θεὸς
3462 5333 3540 5403 τῷ
3571 5332 3866 5402 ἀνθρώπῳ,
3918 5334 4111 5387 Ἀκάκ-

2544 5427 2651 5490 θας
2674 5425 2771 5477 καί
2795 5426 3102 5493 τριϐόλους
3127 5424 3410 5479 ἀνατελεῖ
3434 5440 3535 5479 σοι
3578 5426 3617 5494 ἠ
3668 5423 3768 5494 τῆ.
3801 5425 3977 5497 Χρεία
4020 5424 4111 5477 οὐν

2547 5515 2790 5585 καμάτου
2822 5516 2917 5568 καὶ
2950 5516 3121 5569 κόπου
3148 5516 3362 5581 πολλοῦ,
3391 5517 3477 5570 ἵνα
3506 5533 3587 5580 τις
3619 5514 3827 5585 ζητήσῃ
3857 5517 3951 5566 καὶ
3975 5515 4109 5567 ἁπο-

2547 5606 2703 5676 θῆται
2733 5608 2823 5662 τὸν
2842 5607 3109 5678 θεμέλιον,
3135 5609 3235 5673 ἕως
3260 5610 3347 5663 ὅτε
3377 5607 3508 5681 ἔλθῃ
3531 5610 3609 5672 είς
3638 5607 3735 5671 τὰς
3762 5605 3984 5678 καρδίας
4007 5604 4111 5658 τῶν
