4282 6364
215 310 325 374 613

1404 300 1769 363 HOMILIIE.
1790 324 1857 337 -

1882 301 2068 363 HOM.
2111 298 2260 361 XVI.
3332 298 3436 365 614

214 416 521 487 ἀνθρώπων
579 411 711 484 πῦρ,
765 412 861 465 καὶ
919 409 1149 482 ἄρξηται
1210 409 1628 479 περικαθαίρειν
1685 409 1783 471 τὰς
1814 417 1902 470 Al

1747 425 1783 471 ις
1814 417 1855 470 Α
1886 425 2017 463 num
2046 411 2206 481 ignis,
2236 410 2331 481 qni
2366 404 2651 465 comburat
2682 424 2748 465 ac
2788 410 3054 481 depurget
3106 410 3331 480 spinas;
3382 425 3438 469 et

211 508 457 570 ἀκάνθας
478 523 494 537 ·
521 505 617 558 καὶ
640 503 812 566 οὕτως
836 503 1094 573 ἄρχονται
1109 501 1445 568 ἁγιάξεσθαι,
1468 499 1779 564 δοξάζοντες

212 599 457 667 Πατέρα,
485 596 579 648 καὶ
602 594 749 657 Υίδν,
778 594 871 649 καὶ
898 594 1053 661 αγιον
1079 592 1319 662 Πνεῦμα,
1366 592 1447 655 είς
1470 592 1596 653 τοὺς
1641 589 1775 643 αίῶ-

211 708 331 755 νας.
378 691 434 743 ’Δ
442 691 570 760 μήν.

810 797 1050 853 ouum
1076 795 1196 864 ις’.

218 892 363 954 τοὺς
400 888 836 958 πνευματικοὺς
869 887 1217 958 ἀνθρώπους
1250 883 1627 958 ὑποκεῖσθαι,
1657 886 1779 951 τοῖς

283 954 633 1029 πειρασμοῖς
661 960 759 1011 καί
789 960 1059 1027 θλίψεσι,
1086 955 1216 1021 ταῖς
1243 955 1312 1009 ἐκ
1341 954 1573 1023 πρώτης
1595 954 1779 1025 ἁμαρ-

282 1033 417 1095 τίας
431 1030 787 1097 βρυούσαις.

280 1145 365 1194 Δ’.
389 1143 571 1195 Πᾶσαι
592 1140 650 1195 αι
678 1139 862 1211 νοεραὶ
884 1139 1084 1204 οὐσίαι,
1122 1140 1266 1210 λέγω
1291 1140 1355 1211 δὴ
1387 1140 1657 1210 ἀγγέλων,
1684 1140 1779 1191 καὶ

210 1233 424 1302 ψυχῶν,
453 1234 551 1287 καὶ
581 1232 869 1302 δαιμόνων,
897 1232 1146 1303 ἀκέραιοι
1168 1230 1647 1286 καὶσάπλούστατοι
1674 1226 1779 1282 ὑπὸ

211 1326 309 1378 τοῦ
345 1325 687 1397 Δημιουργοῦ
720 1324 1047 1395 ἐκτίσθησαν
1073 1342 1088 1355 ⁸
1117 1323 1178 1377 τὸ
1200 1324 1258 1377 δέ
1291 1340 1444 1386 τινας
1487 1323 1549 1387 ἐξ
1599 1322 1779 1376 αὐτῶν

212 1416 492 1485 τραπῆναι
524 1419 604 1477 εἰς
632 1416 692 1468 τὸ
720 1414 909 1477 κακὸν,
941 1416 1006 1467 ἐκ
1033 1414 1127 1466 τοῦ
1149 1413 1497 1480 αὑτεξουσίου
1518 1413 1780 1481 προσεγέ-

214 1527 339 1561 νετο
384 1510 593 1571 αὐτοῖς.
639 1507 777 1578 Ἰδίῳ
807 1508 916 1579 γὰρ
946 1506 1212 1575 θελήματι
1264 1505 1641 1575 ἐξετράπησαν
1683 1502 1777 1556 τοῦ

216 1604 586 1673 προσήκοντος
616 1600 898 1669 λογισμοῦ.
925 1601 987 1652 El
1018 1600 1074 1652 δέ
1106 1616 1285 1667 φαμεν
1329 1592 1499 1660 οὕτως
1540 1596 1644 1649 ὑπὸ
1683 1592 1777 1648 τοῦ

216 1692 561 1761 Δημιουργοῦ
609 1691 917 1761 κτισθῆναι.
956 1690 1139 1744 ἄδικον
1194 1688 1386 1759 κριτὴν
1434 1687 1662 1756 λέγομεν
1687 1687 1779 1738 τὸν

1879 502 1960 556 sic
2033 501 2295 571 incipiant
2338 500 2588 555 homines
2648 501 3016 568 sanctificari,
3074 501 3440 574 glorificantes

1880 592 2116 659 Patrem,
2152 600 2208 649 et
2241 584 2454 659 Filium,
2474 602 2530 648 et
2557 592 2819 662 Spiritum
2852 605 3098 651 sanctum
3133 596 3191 652 in
3219 599 3439 653 secula.

1880 682 2077 737 Amen.

2433 798 2716 853 HOMILIA
2743 799 2883 855 XVI.

1878 883 2195 959 Spirituales
2225 888 2456 959 homines
2481 889 2727 941 obnoxios
2752 905 2860 942 esse
2892 889 3263 943 cantationibus
3288 898 3444 959 atque

1980 957 2361 1026 aﬂiictionibus,
2392 975 2456 1012 ea:
2492 960 2663 1028 primo
2692 966 2902 1029 peccato
2927 961 3348 1013 scaturientibus.

1952 1136 1993 1192 l.
2034 1141 2235 1195 Omnes
2281 1139 2562 1195 intellectu
2606 1140 2845 1209 praeditas
2876 1137 3217 1203 substantiae,
3272 1151 3441 1207 ange-

1879 1231 2079 1294 lorum,
2116 1232 2359 1302 inquam,
2408 1233 2712 1287 animarum
2751 1248 2816 1286 ac
2840 1232 3171 1293 daemonum,
3215 1231 3443 1285 sincerae

1879 1336 1945 1375 ac
1962 1321 2374 1392 simplicissima;
2394 1340 2424 1378 a
2448 1323 2745 1378 Conditore
2766 1332 2960 1378 creatae
2977 1330 3122 1376 sunt.
3140 1320 3296 1387 Quod
3314 1333 3446 1373 vero

1879 1416 2154 1470 nonnullae
2179 1432 2246 1470 ex
2279 1417 2346 1470 iis
2373 1416 2441 1469 ad
2476 1416 2743 1470 malitiam
2768 1415 3011 1485 dilapsa:
3053 1423 3203 1477 sunt,
3261 1423 3446 1467 ortum

1878 1513 1963 1558 est
1992 1504 2045 1557 id
2077 1520 2108 1559 a
2152 1504 2328 1559 libero
2378 1505 2627 1559 arbitrio.
2683 1506 2910 1574 Propria
2959 1505 3107 1559 enim
3161 1503 3444 1557 voluntate

1880 1596 2267 1651 deﬂexerunta
2288 1608 2438 1651 recta
2464 1598 2695 1651 ratione.
2725 1598 2783 1651 Si
2808 1613 2941 1651 vero
2974 1610 3285 1650 asseramus
3310 1594 3444 1647 tales

1880 1703 1912 1741 a
1966 1689 2078 1743 Deo
2123 1689 2410 1743 conditore
2465 1696 2676 1743 creatas
2722 1704 2865 1753 esse,
2912 1685 3172 1757 injustum
3202 1685 3445 1757 iudicem

216 1783 372 1847 Θεὸν,
406 1784 695 1852 πέμποντα
716 1785 794 1845 είς
825 1782 935 1852 πῦρ
961 1782 1048 1835 τὸν
1070 1782 1333 1836 Σατανᾶν.
1361 1782 1479 1835 Εἰσὶ
1509 1780 1616 1848 γάρ
1638 1796 1780 1842 τινες
1812 1786 1855 1840 Β
1878 1795 1907 1835 e

1753 1797 1780 1842 ς
1812 1786 1855 1840 Β
1878 1795 1999 1835 esse
2022 1781 2191 1834 Deum
2238 1781 2551 1844 statuimus,
2576 1780 2671 1850 qui
2716 1780 2972 1835 Satanam
3010 1780 3066 1833 in
3098 1779 3277 1849 ignem
3308 1793 3444 1831 con-

215 1872 325 1924 τῶν
355 1872 688 1943 αίρετικῶν,
741 1871 994 1938 λέγοντες
1040 1872 1171 1941 ὓλην
1223 1872 1475 1942 ἄναρχον,
1522 1870 1615 1924 καὶ
1648 1869 1781 1940 ὓλην

216 1962 397 2032 ῥίζαν,
428 1965 521 2018 καὶ
568 1964 725 2036 ῥίζαν
775 1964 1004 2035 δύναμιν
1033 2003 1050 2029 ,
1098 1964 1587 2034 καὶίσοδυναμίαν.
1637 1962 1781 2032 Πρὸς

211 2056 389 2125 τούτῳ
416 2051 510 2109 οὖν
537 2055 681 2125 ἔχεις
729 2054 966 2123 εὐλόγως
1012 2055 1331 2119 ἀντιθεῖναι,
1364 2054 1447 2107 δτι
1488 2052 1617 2106 ποία
1663 2052 1782 2105 ἐστὶ

210 2147 399 2199 λοιπὸν
427 2148 460 2217 ἡ
487 2146 693 2200 νικῶσα
718 2146 972 2217 δύναμις;
1000 2146 1212 2215 ἀνάγκη
1245 2146 1302 2198 δὲ
1330 2146 1412 2198 ὃτι
1441 2145 1474 2215 ἠ
1501 2144 1597 2197 τοῦ
1620 2142 1776 2197 Θεοῦ.

212 2238 415 2290 Λοιπὸν
443 2238 627 2291 οὐκέτι
660 2238 807 2291 ἐστὶν
848 2236 1143 2308 ίσόχρονος,
1200 2237 1233 2308 ἢ
1268 2235 1585 2306 ίσοδύναμος
1619 2236 1647 2288 ὁ
1680 2238 1777 2307 ἡτ-

211 2330 477 2400 τώμενος.
510 2332 574 2384 Ol
623 2330 873 2398 λέγοντες
902 2330 1263 2385 ἐνυπόστατον
1294 2330 1355 2383 τδ
1387 2329 1577 2395 κακὸν,
1628 2328 1781 2383 οὐδὲν

214 2424 386 2475 ἴσασι.
420 2422 538 2493 Θεῷ
565 2423 675 2494 γὰρ
704 2422 854 2477 οὐδέν
882 2424 999 2476 ἐστι
1021 2424 1189 2477 κακὸν
1215 2423 1596 2488 ἐνυπόστατον,
1635 2420 1780 2474 κατὰ

211 2514 273 2567 τὸ
301 2515 510 2578 ἀπαθὲς
540 2515 701 2568 αὑτοῦ
736 2515 830 2569 καὶ
853 2515 1031 2568 θεῖκόν
1055 2531 1069 2546 ο
1095 2516 1227 2585 ἡμῖν
1256 2514 1313 2567 δέ
1340 2516 1486 2567 ἐστιν
1522 2511 1781 2582 ἐνεργοῦν

212 2610 272 2661 ἐν
312 2609 464 2680 πάσῃ
484 2608 827 2677 δυνάμειοιαὶ
852 2607 1125 2677 αἰσθήσει,
1153 2608 1333 2669 πάσας
1361 2604 1656 2676 ἐπιθυμίας
1687 2607 1781 2675 ῥυ-

212 2702 396 2771 παρὰς
423 2701 741 2767 ὑποϐάλλον,
776 2702 837 2754 οὐ
870 2700 1176 2774 συνεκράθη
1207 2700 1265 2753 δὲ
1291 2700 1480 2764 οὕτως,
1507 2699 1567 2751 δν
1581 2698 1781 2769 τρόπον

210 2792 357 2855 τινὲς
392 2791 612 2860 λέγουσι
639 2792 738 2863 τὴν
777 2792 925 2862 μίξιν
955 2792 1048 2846 τοῦ
1105 2793 1245 2845 οῐνου
1280 2794 1374 2846 κα)⁵
1422 2791 1516 2845 τοῦ
1567 2790 1776 2854 ὓδατος-

210 2884 328 2936 ἀλλ’
358 2884 434 2947 ὼς
465 2883 690 2937 ἐστινέν
718 2886 820 2955 μιᾷ
850 2884 1007 2957 χώρᾳ
1049 2886 1080 2939 ὁ
1110 2886 1259 2947 σῖτος
1284 2884 1407 2938 καθ’
1434 2883 1625 2937 ἐαυτὸν
1643 2920 1659 2945 ,
1687 2882 1781 2935 καὶ

209 2976 281 3029 τὰ
312 2977 526 3039 ζιζάνια
555 2978 676 3030 καθ’
706 2978 879 3031 ἐαυτά
898 2991 914 3008 ⁶
946 2978 1020 3041 ὼς
1053 2976 1201 3031 ἐστιν
1250 2978 1309 3030 ἐν
1339 2977 1473 3047 οἴκῳ
1503 2976 1532 3028 ὀ
1578 2976 1780 3046 λῃστὴς

211 3068 336 3121 κατ’
360 3066 516 3131 ἰδίαν,
538 3068 633 3120 καὶ
663 3068 692 3120 ὀ
718 3068 1100 3139 οἰκοδεσπότης
1124 3067 1247 3121 κατ’
1277 3067 1435 3123 ίδίαν.

1875 1872 2049 1942 jiciat.
2076 1872 2198 1926 Non
2226 1872 2427 1926 desunt
2446 1872 2592 1925 enim
2614 1872 2837 1940 quidam
2858 1867 3124 1934 heretici,
3143 1870 3237 1939 qui
3260 1869 3448 1923 dicant

1880 1960 2165 2015 materiam
2201 1960 2359 2015 initio
2382 1976 2591 2025 carere,
2626 1970 2682 2015 et
2708 1961 2992 2015 materiam
3033 1976 3155 2015 esse
3181 1959 3444 2020 radicem.

1879 2060 1936 2107 et
1962 2052 2199 2107 radicem
2234 2068 2357 2108 esse
2382 2053 2664 2115 virtutem,
2692 2062 2747 2107 et
2769 2053 2993 2123 quidem
3029 2060 3301 2123 potestate
3335 2051 3447 2105 Deo

1880 2160 2089 2215 parem.
2136 2143 2239 2200 Cui
2300 2144 2587 2201 commode
2645 2160 2709 2199 a'c
2758 2144 2893 2201 scite
2945 2142 3187 2217 objicere
3244 2145 3445 2214 possis,

1879 2252 2128 2307 quamam
2162 2251 2293 2309 ergo
2314 2237 2537 2293 demum
2564 2246 2647 2293 est
2674 2234 2850 2293 virtus
2866 2238 3101 2308 palmam
3122 2235 3447 2307 reportans?

1878 2323 2107 2395 Oportet
2146 2336 2330 2380 autem
2351 2326 2522 2382 dubio
2565 2328 2754 2397 procul
2781 2336 3108 2397 potestatem
3155 2327 3251 2382 Dei
3290 2342 3442 2393 esse;

1878 2428 2214 2489 quapropter
2240 2431 2485 2489 tempore
2505 2432 2599 2475 aut
2621 2430 2892 2491 potestate
2919 2436 3019 2490 par
3048 2435 3167 2475 esse
3202 2435 3314 2474 non
3343 2435 3445 2489 po-

1880 2519 2007 2576 test,
2062 2511 2157 2580 qui
2198 2512 2376 2567 victus
2412 2512 2739 2567 succumbit.
2796 2513 2898 2578 Qui
2953 2528 3086 2568 vero
3150 2510 3446 2578 aﬂlrmant,

1879 2603 2082 2657 malum
2112 2602 2519 2660 subsistentiam
2573 2605 2629 2659 in
2679 2604 2863 2675 aliquo
2918 2603 3147 2669 habere,
3196 2603 3447 2659 omnium

1880 2712 2065 2751 rerum
2121 2698 2288 2752 rudes
2343 2707 2512 2753 sunt:
2572 2698 2629 2753 in
2675 2699 2788 2753 Deo
2816 2699 2965 2754 enim
2992 2699 3206 2754 nullum
3237 2698 3446 2752 malum

1879 2789 2150 2855 subsistit,
2182 2805 2310 2845 cum
2340 2791 2455 2860 ipse
2485 2791 2835 2861 passionibus
2880 2808 2992 2847 non
3051 2789 3125 2847 sit
3172 2791 3447 2846 obnoxius

1878 2888 1935 2934 et
1969 2880 2229 2935 deitatem
2271 2875 2586 2950 possideat:
2637 2884 2691 2937 in
2736 2883 2899 2939 nobis
2945 2888 3134 2938 autem
3185 2893 3447 2953 Operatur

1879 2988 2004 3028 cum
2025 2974 2171 3028 omni
2209 2982 2485 3043 potestate
2523 2985 2581 3030 et
2618 2991 2804 3043 sensu,
2853 2974 3119 3032 obscenas
3148 2976 3328 3031 omnis
3355 2990 3450 3046 ge-

1878 3066 2028 3120 neris
2061 3066 2392 3135 cupiditates
2422 3082 2759 3137 suggerens:
2783 3083 2893 3122 non
2940 3077 3121 3123 tamen
3149 3083 3217 3123 eo
3246 3066 3445 3133 modo,

210 3173 324 3228 quo
385 3159 577 3212 vinum
626 3173 766 3228 aqua
808 3159 945 3214 dilui
997 3159 1240 3223 tradunt,
1314 3156 1636 3228 permistum
1677 3163 1800 3211 est:
1838 3171 2033 3211 verum
2083 3153 2315 3227 perinde
2360 3172 2427 3212 ac
2476 3165 2560 3211 est
2597 3156 2652 3211 in
2700 3173 2811 3213 una
2854 3158 3158 3229 eademque
3221 3158 3448 3228 regione

210 3250 445 3305 seorsim
471 3251 636 3305 situm
659 3250 1015 3315 frumentum,
1041 3259 1097 3306 et
1117 3249 1349 3306 seorsim
1373 3249 1501 3303 lolia
1535 3265 1550 3302 :
1580 3246 1810 3317 perinde
1846 3262 1909 3301 ac
1938 3257 2024 3303 est
2050 3248 2107 3303 in
2154 3248 2317 3303 domo
2341 3249 2569 3305 seorsim
2608 3250 2771 3315 latro,
2816 3257 2874 3304 et
2935 3250 3159 3305 seorsim
3188 3249 3449 3304 dominus

211 3344 430 3398 domus.

283 3435 359 3491 B'.
389 3436 543 3489 Ἔστι
570 3436 721 3506 πηγὴ
760 3435 959 3504 ῥέουσα
994 3434 1138 3505 ὕδωρ
1158 3433 1414 3503 καθαρὸν,
1443 3435 1538 3487 καὶ
1563 3434 1778 3487 ὑπόκει-
1803 3434 1851 3496 c
1950 3432 1970 3486 l

1756 3462 1778 3473 -
1803 3434 1851 3496 c
1950 3432 2017 3486 ll.
2046 3430 2129 3486 Sit
2158 3430 2303 3496 fons,
2327 3430 2421 3501 qui
2450 3447 2645 3501 puram
2678 3447 2875 3502 aquam
2925 3433 3159 3497 emittat,
3208 3449 3273 3487 ac
3317 3432 3447 3489 sub-

211 3546 303 3580 ται
336 3527 617 3598 βόρϐορος,
644 3530 771 3579 ὅταν
801 3525 1008 3597 ταράξῃ
1038 3543 1122 3589 τις
1152 3525 1245 3579 τὸν
1275 3525 1556 3596 βόρϐορον,
1600 3526 1695 3593 ὅλη
1742 3526 1775 3593 ἠ

212 3621 365 3688 πηγὴ
394 3619 660 3673 θολοῦται.
690 3618 847 3672 Οῦτω
870 3620 964 3672 καὶ
1005 3620 1039 3687 ἠ
1077 3617 1223 3688 ψυχὴ
1255 3618 1381 3670 ὃταν
1441 3617 1779 3687 ταράσσηται

212 3710 311 3763 καὶ
343 3712 594 3781 κιρνᾶται
625 3712 692 3780 τῇ
724 3709 919 3779 κακίᾳο
946 3709 1043 3763 καὶ
1067 3709 1126 3761 ἐν
1153 3727 1205 3763 τι
1228 3708 1436 3777 γίνεται
1479 3710 1508 3760 δ
1535 3708 1778 3770 Σατανᾶς

215 3801 360 3871 μετά
392 3802 490 3871 τῆς
546 3801 746 3870 ψυχῆς,
808 3800 1094 3871 πνεύματα
1143 3800 1447 3871 ἀμφότερα,
1483 3798 1627 3852 κατὰ
1678 3798 1779 3869 τὴν

214 3892 472 3963 πορνείαν
491 3932 505 3955 ,
537 3890 570 3961 ἢ
594 3892 685 3944 τὸν
714 3891 873 3959 φόνον
900 3906 918 3923 θ
939 3892 1025 3945 διὰ
1057 3890 1212 3944 τοῦτο
1239 3894 1271 3944 ὁ
1300 3890 1671 3959 κολλώμενος
1702 3889 1779 3958 τῇ

214 3986 408 4052 πόρνῃ
425 3983 493 4036 ἐν
518 3982 690 4052 σῶμα
712 3984 864 4040 ἐστι.
891 3984 1037 4052 Πλὴν
1054 3985 1113 4036 ἐν
1134 3982 1269 4055 ἄλλῃ
1287 3982 1407 4054 ὥρᾳ
1433 3982 1554 4035 καθ’
1576 3984 1778 4051 ἑαυτήν

213 4078 367 4127 ἐστιν
394 4078 426 4145 ἠ
454 4075 601 4144 ψυχὴ
650 4076 1033 4140 ἐνυπόστατος,
1067 4074 1511 4144 μεταμελουμένη
1563 4074 1648 4143 ἐφ’
1698 4069 1779 4138 οἷς

212 4168 439 4237 ἔπραξε,
488 4170 583 4220 καὶ
627 4168 821 4230 κλαίει,
875 4169 969 4220 καὶ
1018 4166 1251 4236 εῠχεται,
1305 4169 1399 4220 καὶ
1453 4168 1778 4237 μνημονεύει

212 4257 373 4310 Θεοῦ.
416 4258 478 4309 El
500 4259 609 4326 γὰρ
638 4258 867 4311 πάντοτε
891 4255 959 4328 ἦν
990 4259 1023 4327 ή
1052 4258 1197 4329 ψυχὴ
1226 4258 1585 4329 βεδυθισμένη
1618 4262 1697 4322 είς
1718 4260 1778 4313 τδ

213 4348 404 4410 κακῦν,
431 4348 547 4410 πῶς
571 4348 797 4417 ἠδύνατο
820 4349 991 4402 ταῦτα
1014 4350 1292 4420 πράττειν,
1315 4351 1408 4404 τοῦ
1434 4352 1647 4405 Σατανᾶ
1670 4368 1777 4422 μη-

208 4439 403 4491 δέποτε
434 4439 678 4502 θέλοντος
709 4442 787 4503 είς
818 4441 1106 4511 μετάνοιαν
1134 4441 1386 4513 ἔρχεσθαι
1412 4445 1537 4507 τοὺς
1563 4444 1775 4514 ἀνθρώ-

210 4548 369 4594 πους,
421 4532 765 4601 ἄσπλαγχνος
812 4533 917 4603 γὰρ
951 4534 1206 4603 ὑπάρχει.
1245 4534 1356 4587 Καὶ
1398 4535 1431 4604 ή
1471 4536 1608 4604 γυνὴ
1636 4538 1776 4590 κατὰ

212 4620 559 4674 συντίθεσθαι
613 4621 691 4693 τῷ
739 4623 913 4692 ἀνδρὶ,
950 4623 1007 4675 ἒν
1043 4624 1161 4691 μετ’
1192 4624 1380 4689 αὐτοῦ,
1410 4624 1545 4695 ἄλλῃ
1572 4625 1628 4677 δέ
1656 4624 1776 4697 ὥρᾳ

213 4713 606 4781 κεχωρισμένοι
632 4712 768 4765 εἰσίν
790 4728 804 4742 ·
830 4714 911 4767 ὄτι
946 4712 1205 4776 πολλάκις
1242 4715 1270 4767 ὁ
1297 4708 1377 4777 εἷς
1416 4714 1595 4768 αὐτῶν
1637 4716 1773 4770 ἀπο-

211 4802 458 4873 θνήσκει,
493 4804 587 4857 καὶ
616 4806 643 4857 ὁ
676 4804 859 4876 ἕτερος
887 4806 975 4875 ζῇ.
1005 4805 1259 4859 Τοιοῦτόν
1312 4806 1364 4859 τί
1412 4807 1526 4859 ἐστι
1558 4808 1650 4859 καὶ
1679 4809 1772 4861 ἐπὶ

210 4894 279 4961 τῇ
311 4894 562 4963 κοινωνίᾳ
588 4892 681 4946 τοῦ
713 4895 868 4961 ἁγίου
897 4894 1229 4965 Πνεῦματος,
1281 4896 1339 4948 ἓν
1364 4896 1578 4965 πνεῦμα
1607 4895 1776 4964 γίνον-

207 5000 321 5037 ται.
381 4984 443 5037 '0
487 4984 863 5053 κολλώμενος
916 4986 1025 5056 γὰρ
1067 4985 1145 5053 τῷ
1189 4988 1380 5055 Κυρίῳ
1422 4987 1492 5041 ἐν
1541 4987 1775 5056 πνεῦμά

207 5075 361 5129 ἐστι.
387 5074 557 5128 Τοῦτο
586 5077 640 5129 δὲ
681 5078 905 5145 γίνεται,
956 5080 1083 5132 ὅταν
1121 5080 1398 5150 καταποθῇ
1432 5082 1459 5133 ό
1492 5079 1773 5149 ἄνθρωπος

208 5166 267 5217 ἐν
293 5167 431 5237 αὐτῇ
464 5170 528 5237 τῇ
566 5168 767 5237 χάριτι.

278 5347 353 5400 Γ⁹.
385 5348 507 5399 Εἰσὶ
533 5347 589 5400 δέ
611 5366 754 5413 τινες
781 5350 993 5419 ἔχοντες
1010 5354 1197 5421 γεῦσιν
1226 5353 1381 5420 Θεοῦ,
1410 5356 1488 5409 ἐτι
1518 5359 1770 5429 ἐνεργοῦ-

208 5458 359 5511 μενοι
390 5441 495 5495 ὑπὸ
523 5444 615 5495 τοῦ
653 5445 1052 5514 ἀντικειμένου,
1074 5450 1165 5502 καὶ
1190 5447 1517 5515 ξενίζονται,
1547 5451 1765 5523 ἄπειροι

203 5534 377 5599 ὄντες,
408 5536 490 5588 ὃτι
516 5536 654 5606 μετὰ
686 5536 783 5609 τὴν
834 5539 1120 5609 ἐπίσκεψιν
1168 5541 1262 5596 τοῦ
1305 5544 1440 5598 Θεοῦ
1485 5546 1764 5615 ἐνεργοῦσι

284 5709 327 5743 ν’
358 5710 531 5767 lCor.
559 5728 634 5779 vi,
668 5715 753 5769 l7.
832 5715 875 5747 "
902 5716 1033 5771 ibid.

1872 3524 2079 3594 jectum
2112 3521 2311 3577 habeat
2356 3538 2574 3578 omnum
2599 3540 2613 3577 :
2637 3538 2763 3577 cum
2803 3539 2934 3595 ergo
2971 3523 3174 3595 aliquis
3226 3540 3445 3581 caenum

1880 3614 2202 3681 turbaverit,
2228 3624 2374 3671 totus
2392 3616 2514 3671 fons
2553 3616 2872 3686 inquinatur
2904 3633 2918 3669 :
2949 3617 3030 3673 sic
3067 3633 3284 3687 quoque
3325 3615 3447 3673 ani.

1878 3725 1987 3774 ma,
2019 3709 2065 3764 si
2095 3708 2263 3764 fuerit
2290 3710 2631 3779 perturbata,
2656 3710 2980 3779 inquinatur
2994 3719 3050 3765 et
3080 3708 3446 3781 permiscetur

1878 3800 2135 3855 malitiae:
2165 3799 2334 3869 ﬁtque
2361 3800 2591 3855 Satanas
2607 3816 2877 3856 consensu
2896 3817 3067 3856 unum
3092 3816 3217 3857 cum
3239 3804 3443 3869 anima,

1878 3901 2175 3961 utrumque
2204 3892 2427 3960 quidem
2458 3893 2703 3962 spiritus,
2725 3892 2793 3947 ad
2820 3902 3098 3964 stuprum,
3121 3904 3215 3950 aut
3238 3894 3445 3950 eadem

1878 3982 2353 4038 committendum.
2382 3983 2713 4050 Quorcirca:
2756 3984 2860 4050 Qui
2886 3986 3119 4041 adhaeret
3159 3990 3443 4055 meretrici,

1880 4094 2046 4130 unum
2070 4094 2255 4147 corpus
2283 4085 2359 4130 est
2386 4078 2453 4131 ".
2482 4077 2685 4132 Verum
2719 4078 2827 4133 alia
2849 4078 2985 4133 hora
3008 4080 3236 4134 seorsim
3260 4080 3443 4134 anima

1877 4170 2147 4235 subsistit,
2202 4176 2369 4238 atque
2400 4168 2722 4237 paenitentia
2768 4184 2959 4224 eorum
2992 4185 3115 4240 quae
3170 4172 3447 4226 commisit

1879 4261 2066 4326 ducta,
2102 4262 2253 4330 luget
2276 4267 2333 4314 et
2354 4270 2629 4329 precatur,
2672 4269 2837 4330 atque
2864 4261 2962 4316 Dei
2990 4263 3335 4317 recordatur.
3383 4262 3443 4318 Si

1875 4356 2023 4411 enim
2049 4354 2229 4408 anima
2258 4367 2474 4423 semper
2498 4354 2747 4408 demersa
2762 4362 2908 4408 esset
2942 4354 2998 4408 in
3024 4354 3309 4417 malitiam,
3332 4370 3445 4425 quo

1874 4456 2037 4518 pacto
2059 4454 2243 4517 posset
2264 4446 2380 4500 haec
2409 4444 2623 4500 facere?
2646 4459 2770 4499 cum
2799 4444 3024 4500 Satanas
3045 4460 3325 4515 nunquam
3348 4461 3444 4501 ve-

1874 4538 1959 4602 lit,
1988 4544 2048 4591 ut
2067 4535 2135 4590 ad
2169 4534 2546 4605 paenitentiam
2572 4544 2918 4590 revertantur
2938 4534 3231 4601 homines;
3263 4535 3442 4590 immi-

1876 4630 2108 4686 sericors
2139 4627 2411 4697 siquidem
2436 4636 2538 4682 est.
2573 4626 2768 4681 Itidem
2811 4628 3031 4692 mulier,
3063 4627 3284 4696 quando
3312 4642 3439 4682 cum

1874 4722 1995 4777 viro
2014 4720 2191 4776 fmdus
2219 4718 2480 4774 connubii
2516 4718 2636 4781 init,
2672 4726 2757 4773 est
2784 4734 2954 4773 unum
2998 4733 3125 4773 cum
3168 4718 3284 4785 illo,
3331 4719 3439 4775 alia

1879 4831 2012 4871 vero
2040 4815 2177 4869 hora
2206 4812 2461 4884 disiuncti
2510 4822 2659 4876 sunt,
2702 4827 2827 4867 cum
2867 4812 3068 4883 saepius
3096 4827 3242 4868 unus
3274 4827 3343 4867 ex
3370 4812 3440 4868 iis

1874 4910 1985 4965 vita
2010 4906 2358 4977 defungatur,
2375 4904 2516 4959 alter
2560 4918 2694 4959 vero
2734 4915 3011 4975 superstes
3050 4912 3287 4960 maneat.
3317 4903 3439 4959 Non

1874 5000 2031 5054 aliter
2065 5014 2123 5053 se
2154 5014 2244 5054 res
2273 4995 2438 5050 habet
2466 4994 2521 5050 in
2566 4996 2827 5051 societate
2866 4995 3103 5066 Spiritus
3137 4994 3333 5061 sancti,
3379 4995 3439 5051 in

1875 5102 2043 5145 unum
2078 5087 2331 5158 spiritum
2354 5085 2616 5141 evadunt.
2646 5085 2747 5151 Qui
2770 5088 2907 5141 enim
2929 5086 3155 5141 Domino
3178 5087 3435 5150 adiuuet,

1872 5196 2005 5234 unus
2024 5180 2238 5249 spiritus
2267 5187 2341 5232 est
2362 5174 2428 5230 ⁷⁸.
2460 5175 2615 5242 Quod
2650 5177 2728 5231 ﬁt.
2761 5192 2886 5232 cum
2918 5177 3081 5231 homo
3107 5174 3437 5231 absorbetur

1872 5286 1899 5323 a
1932 5270 2127 5340 gratia.

1939 5362 2049 5432 69
2074 5362 2158 5416 lli.
2180 5361 2319 5417 Sunt
2337 5361 2606 5427 nonnulli,
2624 5362 2717 5431 qui
2744 5361 2874 5416 licet
2896 5372 3112 5432 gustum
3132 5359 3435 5415 divinitatis

1868 5456 2234 5525 perceperint,
2259 5454 2440 5511 adhuc
2457 5465 2637 5510 tamen
2664 5456 2729 5511 ab
2748 5454 3063 5510 adversario
3084 5455 3356 5524 agitantur
3376 5463 3435 5509 et

1868 5555 2153 5610 vexantur,
2176 5546 2314 5602 adeo
2341 5559 2401 5604 ut
2428 5547 2834 5617 obstupescant,
2853 5548 3003 5603 velut
3028 5546 3208 5602 adhuc
3234 5545 3429 5616 ignari,
