4282 6364
846 380 954 445 615

2079 379 2138 435 S.
2179 378 2495 438 M.\CARII
2538 379 2854 440 [EGYPTII

3979 386 4105 447 616

847 488 992 561 quod
1029 496 1152 557 post
1199 487 1565 541 visitationem
1617 484 1854 539 divinam
1906 486 2259 555 cogitationes
2298 487 2405 538 vim
2440 494 2479 547 Α
2509 488 2536 539 λ

2440 494 2479 547 Α
2509 488 2753 559 λογισμοὶ
2787 493 2866 552 εἰς
2888 490 2955 541 τὰ
2992 494 3263 564 μυστήρια
3316 493 3407 545 τοῦ
3445 492 3911 564 Χριστιανισμοῦο
3940 495 4000 546 οἱ
4035 498 4100 547 ἐν

844 596 1000 637 suam
1022 589 1275 636 esserant
1294 579 1361 633 ad
1381 580 1632 650 mysteria
1648 579 1969 634 Christiana:
1993 579 2286 647 religionis.
2307 579 2407 643 Qui

843 691 976 731 vero
1005 676 1060 729 in
1086 676 1150 728 iis
1180 674 1703 737 consenuere,nulla
1723 672 2085 727 admiratione
2109 672 2407 725 ducuntur.

844 770 922 822 Ac
943 765 1171 836 perinde
1202 773 1264 819 ut
1295 766 1545 835 agricolae
1580 766 1767 835 periti,
1812 782 1878 819 ex
1911 766 2069 835 longa
2110 771 2410 819 consuetu-

844 860 993 925 dine,
1040 859 1084 913 si
1131 859 1364 912 feracior
1387 875 1450 913 ac
1484 858 1710 913 uberior
1738 858 1901 913 fuerit
1932 858 2059 912 anni
2090 868 2405 929 tempestas,

843 967 951 1005 non
976 953 1139 1021 plane
1174 952 1383 1021 absque
1436 967 1567 1006 cura
1610 953 1822 1013 vivunt,
1852 950 1947 1005 sed
1976 960 2298 1019 exspectant
2330 949 2409 1002 fa-

843 1059 985 1097 mem
1010 1052 1064 1096 et
1097 1042 1434 1110 angustiam:
1459 1058 1561 1097 nec
1582 1057 1611 1096 e
1646 1042 1884 1106 diverso,
1912 1043 1956 1096 si
1988 1042 2156 1096 fames
2188 1051 2281 1095 aut
2309 1057 2409 1095 an-

843 1135 1023 1205 gustia
1054 1150 1149 1188 eos
1173 1135 1466 1204 Opprimat,
1505 1149 1657 1202 spem
1686 1150 1905 1188 omnem
1929 1134 2231 1203 deponunt,
2284 1148 2407 1186 cum

842 1224 1276 1278 vicissitudinem
1324 1224 1529 1291 Optime
1588 1224 1861 1293 cognitam
1912 1224 2181 1276 habeant:
2217 1223 2407 1276 eodem

845 1318 1007 1371 modo
1036 1334 1093 1371 se
1125 1333 1210 1370 res
1237 1315 1401 1369 habet
1434 1316 1487 1368 in
1519 1315 1931 1384 Spiritnalibus;
1960 1316 2051 1369 ubi
2079 1315 2223 1369 enim
2247 1314 2412 1368 variis

853 1408 1247 1463 tentationibus
1275 1422 1534 1475 oppressa
1565 1406 1727 1460 fuerit
1758 1408 1958 1472 anima,
2017 1422 2121 1459 non
2150 1407 2411 1475 obstupe-

848 1502 975 1563 scit,
1007 1515 1187 1568 neque
1214 1514 1364 1567 spem
1397 1498 1622 1566 abjicit;
1660 1498 1787 1566 quia
1821 1500 1974 1551 novit
2007 1514 2062 1551 se
2093 1514 2156 1551 ex
2188 1498 2413 1566 permis-

845 1593 998 1645 sione
1029 1590 1328 1658 expositam
1356 1604 1474 1641 esse
1511 1588 1948 1656 probationibus,
1996 1606 2057 1642 ac
2096 1590 2350 1657 castigari
2382 1604 2412 1641 a

845 1681 1077 1735 malitia:
1108 1695 1211 1733 nec
1233 1680 1473 1732 vicissim
1506 1679 1724 1747 quando
1756 1696 1938 1732 rerum
1986 1681 2228 1731 omnium
2256 1679 2412 1747 copia

845 1780 901 1824 et
930 1771 1119 1839 requie
1155 1769 1346 1829 aﬂluit,
1372 1784 1506 1821 cura
1546 1778 1722 1832 vacat,
1747 1769 1841 1823 sed
1880 1779 2159 1838 exspectat
2198 1770 2411 1823 vicissi-

847 1861 1115 1915 tudinem.
1169 1862 1343 1930 Atque
1372 1862 1451 1916 sol
1512 1876 1634 1915 cum
1669 1860 1741 1913 sit
1781 1875 1979 1930 corpus
2020 1870 2075 1914 et
2110 1862 2410 1929 opiﬁcium,

846 1955 1163 2007 illuminans
1188 1968 1406 2022 quoque
1443 1953 1563 2007 loca
1601 1952 1802 2017 fetida,
1854 1968 2009 2006 emno
2056 1970 2117 2006 ac
2158 1953 2414 2005 sordibus

851 2047 1035 2118 plena,
1065 2045 1202 2098 nihil
1228 2046 1444 2099 lit-ditur
1477 2053 1571 2098 aut
1604 2046 1939 2099 infuscatur:
1990 2055 2195 2113 quanto
2246 2046 2416 2115 magis

855 2156 1028 2211 purus
1051 2148 1108 2193 et
1147 2148 1367 2192 sanctus
1399 2138 1658 2206 Spiritus,
1688 2139 2010 2208 coniunctus
2038 2139 2251 2198 animae,
2295 2154 2415 2205 qua:

859 2230 1039 2283 adhuc
1119 2244 1149 2281 a
1200 2230 1343 2281 malo
1388 2227 1662 2297 amigitur,
1738 2228 1872 2281 nihil
1942 2229 2068 2282 inde
2143 2228 2417 2282 contrahit

846 2318 1001 2373 vitii?
1023 2320 1273 2374 Etenim:
1306 2319 1417 2372 Lux
1438 2321 1492 2371 in
1522 2320 1743 2373 tenebris
1776 2319 1931 2382 lucet,
1969 2329 2015 2371 ct
2046 2321 2267 2373 tenebra:
2300 2337 2415 2373 cam

850 2430 953 2467 non
982 2414 1491 2483 comprehenderunt
1525 2416 1590 2465 "'-‘.

919 2506 1005 2559 IV.
1044 2504 1303 2571 Quamvis
1341 2504 1506 2574 igitur
1544 2506 1709 2557 homo
1740 2505 1793 2557 in
1819 2504 2190 2572 profunditalc
2226 2505 2315 2564 sit,
2356 2520 2417 2557 ac

850 2598 1083 2652 ditescat
1105 2597 1301 2665 gratia,
1328 2596 1692 2650 nihilominus
1726 2596 1883 2650 adest
1914 2597 1965 2650 ei
1990 2598 2111 2650 olus
2135 2598 2199 2649 ad
2231 2597 2419 2650 foven-

852 2686 978 2739 dam
1015 2685 1301 2739 malitiam.
1335 2685 1509 2738 Ilabet
1547 2701 1677 2738 vero
1701 2696 2065 2754 protectorem
2110 2686 2210 2739 sibi
2245 2687 2423 2754 opitu-

849 2778 1075 2831 lantem.
1104 2775 1281 2841 Quare
1315 2776 1360 2829 si
1383 2778 1505 2845 quis
1534 2776 1919 2831 aﬂlictionibus
1956 2785 2050 2830 aut
2073 2777 2422 2830 aﬂ'ectionum

850 2868 1111 2923 ﬂuctibus
1136 2869 1371 2922 obrutus
1402 2868 1588 2933 fuerit,
1622 2885 1773 2939 spem
1810 2886 1922 2923 non
1966 2870 2206 2939 abjiccre
2234 2869 2418 2924 debet.

852 2962 1020 3031 Magis
1052 2962 1202 3015 enim
1252 2961 1357 3014 hoc
1403 2961 1565 3014 modo
1614 2969 1897 3030 peccatum
1952 2962 2328 3015 accumulatur
2368 2972 2425 3015 et

852 3053 1148 3107 subintrat.
1177 3052 1233 3105 Si
1260 3052 1383 3120 quis
1418 3067 1550 3105 vero
1574 3062 1841 3121 perpetuo
1864 3067 2013 3121 spem
2046 3068 2201 3106 suam
2237 3053 2291 3107 in
2314 3054 2424 3106 Deo

854 3143 1155 3205 collocarit,
1194 3151 1507 3196 attenuatur
1553 3143 1978 3212 quodammodo,
2009 3154 2065 3199 et
2117 3146 2425 3199 exsiccatur

854 3235 1079 3287 malum.
1107 3234 1262 3299 Quod
1291 3234 1456 3303 igitur
1479 3235 1699 3303 quidam
1726 3250 1792 3287 ex
1815 3236 2067 3305 paralysi,
2087 3252 2151 3289 ex
2185 3237 2421 3305 partium

857 3325 1221 3395 quarumdam
1282 3325 1647 3389 mutilatione,
1709 3342 1773 3379 ex
1826 3326 1984 3390 febri,
2035 3338 2090 3379 et
2123 3343 2187 3379 ex
2220 3329 2423 3382 morbis

856 3417 1128 3479 laborent,
1171 3416 1275 3470 hoc
1311 3425 1485 3470 totum
1536 3433 1566 3471 a
1606 3428 1827 3486 peccato
1874 3419 2259 3485 proﬁciscitur.
2309 3418 2423 3473 Hoc

860 3508 1128 3577 siquidem
1159 3508 1314 3562 radix
1333 3520 1416 3563 est
1435 3511 1679 3563 omnium
1699 3511 1962 3562 malorum
1986 3528 1997 3560 :
2030 3520 2085 3563 et
2107 3510 2423 3566 aﬂectiones

864 3600 1433 3670 coneupisccntiarum
1467 3604 1681 3665 anima),
1721 3612 1776 3655 et
1805 3618 2098 3670 pravarum
2140 3603 2422 3672 cogitatio-

860 3706 1014 3755 num,
1038 3707 1105 3745 ex
1128 3707 1194 3745 eo
1226 3693 1553 3746 scaturiunt.
1580 3694 1810 3747 Perinde
1830 3711 1891 3747 ac
1924 3696 1968 3747 si
1996 3696 2116 3749 fons
2146 3696 2420 3761 decurrat,

860 3782 952 3834 cui
981 3781 1099 3834 loca
1120 3781 1364 3850 proxime
1396 3783 1641 3852 subjecta
1664 3785 1771 3836 sint
1794 3784 2059 3853 uliginosa
2087 3797 2141 3838 et
2163 3785 2419 3838 humida:

862 3872 1043 3924 calore
1068 3886 1195 3924 vero
1220 3872 1526 3940 ingruente,
1551 3882 1661 3924 tam
1685 3871 1824 3935 fons,
1850 3888 2012 3939 quam
2031 3873 2146 3925 loca
2179 3874 2423 3941 proxima

861 3963 1233 4024 cxsiccantur;
1290 3965 1369 4018 sic
1417 3980 1635 4034 quoque
1696 3966 1869 4018 servis
1936 3966 2028 4018 Dei
2089 3966 2311 4027 accidit,
2370 3966 2423 4019 in

861 4056 1061 4121 quibus
1089 4055 1333 4109 abundat
1363 4058 1572 4125 gratia;
1624 4057 1860 4110 exsiccat
1898 4058 2042 4110 enim
2097 4074 2204 4111 non
2248 4060 2422 4112 solum

861 4146 1335 4213 coneupiscentias
1377 4163 1405 4199 a
1447 4146 1665 4208 Satana,
1712 4162 1903 4200 verum
1950 4149 2113 4201 etiam
2158 4165 2187 4201 a
2228 4158 2422 4202 natura

861 4244 1167 4303 suggestas:
1194 4250 1260 4289 eo
1289 4236 1433 4304 quod
1464 4251 1611 4288 nunc
1636 4236 1737 4288 viri
1768 4237 1861 4290 Dei
1890 4238 2297 4304 pracstantiorcs
2318 4239 2425 4290 sint

863 4326 1039 4391 primo
1075 4326 1208 4378 Ada.

934 4418 997 4468 ν.
1027 4417 1170 4470 Deus
1197 4417 1704 4485 incircumscriptus
1732 4424 1816 4469 est
1839 4424 1893 4469 et
1918 4414 2421 4485 incomprehensus,

2512 584 2692 644 αὐτοῖς
2736 581 2792 635 δὲ
2825 585 3164 653 γηράσαντες
3210 587 3269 637 οὐ
3305 586 3621 651 ξενίζονται.
3658 588 3768 639 Καὶ
3800 586 4004 655 ὥσπερ
4041 589 4097 640 οἱ

2512 674 2761 744 ἔμπειροι
2808 681 3042 746 γεωργοὶ
3106 681 3166 731 ὲκ
3197 680 3294 747 τῆς
3333 680 3533 749 πολλῆς
3584 678 3897 750 συνηθείας,
3949 682 4099 732 ὅταν

2512 767 2737 837 γένηται
2768 769 3013 839 εὐφορία,
3054 772 3115 824 οὐ
3175 772 3394 835 τελείως
3425 774 3719 843 ἀμέριμνοί
3746 776 3903 839 εἰσιν,
3968 774 4099 826 ἀλλ’

2510 860 2822 930 ἐκδέχονται
2844 864 2935 913 καὶ
2958 863 3111 931 λιμὸν
3138 866 3230 915 καὶ
3259 865 3618 935 στενοχωρίαν
3640 883 3652 894 ·
3673 866 3795 917 οὔτε
3811 866 3864 918 δὲ
3892 867 4100 929 πάλιν,

2510 953 2636 1006 ὅταν
2667 952 2945 1022 καταλάϐῃ
2970 955 3162 1016 αὐτοὺς
3192 955 3368 1025 λιμὸς,
3402 958 3436 1027 ἢ
3458 958 3810 1027 στενοχωρία,
3842 956 4101 1010 ἐπιπολὺ

2510 1044 2899 1106 ἀπελπίζουσι,
2954 1047 3313 1118 γνωρίζοντες
3379 1049 3477 1118 τὴν
3537 1048 3868 1118 μεταόολήν·
3910 1049 4105 1111 οὕτως

2512 1141 2604 1192 καὶ
2638 1142 2714 1203 είς
2750 1138 2808 1192 τὸ
2837 1142 3227 1212 πνευματικὸν.
3258 1143 3387 1195 ὅταν
3441 1145 3764 1212 πειρασμοῖς
3815 1142 4103 1203 ποικίλοις

2513 1236 2787 1307 περιπέσῃ
2846 1236 3078 1307 ἡψυχὴ,
3127 1237 3189 1288 οὐ
3252 1232 3538 1299 ξενίζεται,
3580 1234 3703 1286 οὔτε
3769 1234 4099 1297 ἀπελπίζει,

2512 1329 2700 1398 ἐπειδὴ
2743 1326 2901 1392 οἶδεν,
2934 1332 3014 1382 ὅτι
3045 1331 3185 1383 κατὰ
3214 1327 3557 1398 συγχώρησιν
3587 1328 3806 1395 ἀφίεται
3848 1328 4097 1396 δοκιμα-

2515 1422 2730 1491 σθῆναι,
2769 1422 2864 1473 καὶ
2908 1422 3261 1489 παιδευθῆναι
3295 1421 3398 1471 ὑπὸ
3447 1420 3548 1488 τῆς
3601 1419 3820 1481 κακίας.
3854 1416 4001 1470 Οῦτε
4040 1417 4103 1469 δὲ

2514 1516 2698 1578 πάλιν,
2759 1515 2845 1566 ὅτε
2892 1516 2949 1566 ὲν
3005 1514 3221 1583 πλούτῳ
3259 1512 3439 1581 πολλῷ
3476 1513 3592 1564 ἐστι
3632 1513 3725 1563 καὶ
3776 1510 4101 1562 ἀναπαύσει

2514 1609 2827 1675 ἁμεριμνεῖ,
2872 1606 2985 1657 ἀλλ’
3015 1606 3297 1674 ἐκδέχεται
3358 1604 3454 1673 τὴν
3524 1602 3847 1672 μεταὸολήν.
3900 1603 4018 1653 Καὶ
4072 1603 4102 1651 ὁ

2513 1700 2662 1767 ἣλιος
2702 1700 2859 1768 σῶμα
2906 1700 2997 1752 καὶ
3034 1698 3424 1768 δημιούργημα
3474 1697 3570 1759 ὢν,
3606 1696 3985 1763 καταλάμπων
4038 1694 4100 1746 δὲ

2518 1794 2596 1853 εἰς
2622 1791 2817 1852 τόπους
2842 1790 3116 1853 δυσώδεις,
3142 1790 3269 1843 ἔνθα
3296 1790 3411 1841 ἐστὶ
3436 1788 3694 1858 βόρὸορος
3718 1787 3812 1841 καὶ
3840 1786 4099 1854 ἀκαθαρ-

2519 1883 2652 1947 σίαι,
2686 1883 2835 1935 οὐδὲν
2858 1882 3151 1951 βλάπτεται
3179 1883 3211 1951 ἢ
3246 1882 3564 1949 μολύνεται·
3609 1881 3758 1948 πόσῳ
3792 1880 3998 1948 μᾶλλον
4035 1878 4098 1929 τὸ

2517 1975 2755 2045 καθαρὸν
2788 1975 2883 2027 καὶ
2917 1975 3068 2042 ἅγιον
3098 1973 3322 2043 Πνεῦμα
3356 1973 3511 2024 συνὸν
3535 1974 3599 2041 τῇ
3630 1971 3774 2039 ψυχῇ
3817 1970 3897 2021 ἑτι
3933 1970 4099 2039 ὲνεροι

2518 2069 2755 2138 γουμὲνη
2792 2067 2896 2119 ὑπὸ
2951 2066 3044 2118 τοῦ
3089 2065 3349 2137 πονηροῦ,
3392 2064 3542 2117 οὐδὲν
3568 2061 4097 2131 συμπεριλαμὸάνει

2518 2158 2612 2228 ἀπ’
2642 2158 2818 2211 αὐτῶν
2842 2174 2855 2219 ;
2880 2160 2971 2209 καὶ
2996 2157 3104 2227 γὰρ
3136 2155 3211 2209 Τὸ
3243 2154 3367 2224 φῶς
3415 2154 3485 2207 ἐν
3513 2154 3587 2223 τῇ
3621 2157 3833 2209 σκοτία
3862 2156 4093 2222 φαίνει,

2523 2252 2617 2301 καὶ
2645 2250 2681 2315 ἠ
2710 2252 2920 2303 σκοτιά
2948 2249 3091 2302 αὐτὸ
3132 2250 3204 2301 οὐ
3252 2248 3558 2302 κατέλαϐε.

2591 2512 2662 2563 Δ⁹.
2699 2509 2806 2561 Καὶ
2837 2508 2923 2560 ὅτε
2950 2504 3042 2561 οῦν
3072 2511 3129 2561 ὲν
3153 2507 3307 2576 βάθει
3329 2510 3468 2569 ἐστὶ,
3503 2508 3597 2560 καὶ
3626 2508 3850 2561 πλουτεῖ
3893 2509 3962 2576 τῇ
3996 2507 4098 2575 χά-

2526 2620 2631 2671 ριτι
2662 2603 2690 2654 ὁ
2731 2600 3035 2669 ἄνθρωπος,
3076 2599 3192 2652 ἔστι
3236 2600 3466 2668 λάχανον
3497 2600 3576 2651 ἐτι
3624 2599 3753 2669 παρ’
3795 2598 3946 2667 αὐτῷ
3994 2599 4101 2662 τῆς

2524 2691 2761 2752 κακίας’
2819 2689 2930 2760 ἔχει
2985 2690 3077 2741 τὸν
3134 2689 3503 2759 ἀντιλήπτορα
3558 2688 3857 2758 βοηθοῦντα
3920 2688 4095 2756 αὐτῷ.

2525 2782 2692 2833 Ὅταν
2723 2778 2815 2834 οῦν
2842 2799 2928 2843 τις
2962 2783 3019 2834 ἐν
3045 2781 3287 2849 θλίψεσιν
3387 2782 3483 2833 καὶ
3525 2781 3711 2833 παθῶν
3750 2781 4097 2849 τρικυμίαις,

2523 2870 2622 2922 οὐκ
2658 2870 2861 2938 ὀφείλει
2886 2869 3185 2923 ἀπελπίσαι
3213 2886 3226 2898 ’
3258 2871 3350 2923 ἐπὶ
3381 2872 3563 2923 πλεῖον
3588 2870 3697 2939 γὰρ
3726 2870 3871 2923 οὕτω
3917 2870 4099 2939 παχύ-

2526 2979 2670 3014 νεται
2693 2963 2725 3031 ὴ
2750 2962 2992 3032 ἁμαρτία
3018 2963 3113 3014 καὶ
3141 2961 3541 3031 ἐπεισέρχεται.
3571 2962 3739 3013 ’Ὅταν
3791 2961 3847 3012 δὲ
3880 2960 3982 3032 ἔχη
4015 2978 4100 3023 τις

2527 3054 2753 3104 πάντοτε
2781 3052 2878 3122 τὴν
2909 3051 3099 3104 ἐλπίδα
3128 3052 3220 3104 τοῦ
3246 3053 3403 3118 Θεοῦ,
3435 3053 3624 3122 ὥσπερ
3656 3052 3979 3105 λεπτύνεται
4004 3054 4099 3104 καὶ

2452 3181 2496 3240 C
2527 3145 2875 3214 ὲξυδαροῦται
2900 3144 2959 3196 τὸ
2984 3144 3173 3197 κακόν.
3211 3144 3284 3195 Τὸ
3319 3140 3411 3197 οὖν
3441 3139 3579 3195 εἷναί
3611 3162 3764 3206 τινας
3784 3143 4099 3215 παραλελυ-

2532 3239 2743 3306 μένους,
2792 3236 2825 3305 ἢ
2880 3234 3310 3303 λελωϐημένους,
3366 3236 3745 3304 πυρέσσοντας
3784 3236 3879 3288 καὶ
3932 3236 4097 3288 ἀσθε-

2528 3328 2768 3391 νοῦντας,
2797 3326 2954 3379 τοῦτο
2992 3330 3055 3378 ὲκ
3086 3329 3183 3391 τῆς
3216 3327 3487 3396 ἁμαρτίας
3532 3328 3915 3396 προσεγένετο.
3945 3326 4096 3394 Αὕτη

2529 3418 2637 3487 γὰρ
2666 3417 2790 3486 ῥίζα
2827 3416 2944 3469 ἐστὶ
2982 3417 3195 3468 πάντων
3227 3416 3337 3468 τῶν
3379 3417 3584 3481 κακῶν,
3637 3418 3727 3469 καὶ
3763 3419 3830 3470 τά
3861 3418 4008 3487 πάθη
4039 3418 4097 3471 δὲ

2529 3509 2634 3562 τῶν
2670 3506 2971 3576 ἐπιθυμιῶν
3001 3506 3098 3575 τῆς
3153 3506 3347 3576 ψυχῆς,
3394 3508 3486 3560 καὶ
3532 3510 3641 3561 τῶν
3691 3509 3877 3561 κακῶν
3916 3510 4096 3562 διαλο-

2530 3600 2741 3671 γισμῶν
2764 3600 2821 3666 ἐξ
2855 3601 3025 3670 αὐτῆς
3053 3602 3209 3653 εἰσιν.
3257 3602 3468 3667 Ὥσπερ
3500 3601 3594 3653 ἐὰν
3627 3598 3833 3673 ᾖπηγὴ
3875 3602 4094 3672 ῥέουσα,

2531 3698 2623 3747 καὶ
2654 3695 2753 3765 ἔχῃ
2805 3695 2929 3755 τοὺς
2979 3693 3423 3761 παρακειμένους
3473 3694 3670 3756 τόπους
3717 3696 3973 3764 διῧγρους
4008 3695 4097 3746 καὶ

2530 3786 2776 3856 νοτεροῦς
2804 3801 2816 3813 ·
2854 3786 3060 3856 Οέρμης
3110 3787 3165 3839 δὲ
3204 3787 3523 3853 γενομένης,
3571 3787 3663 3839 καὶ
3708 3786 3846 3855 αὐτὴ
3904 3788 4000 3840 καὶ
4050 3788 4097 3839 οἱ

2531 3880 2753 3945 ἔγγιστα
2790 3879 2941 3930 τόποι
2979 3878 3320 3948 ξηραίνονται
3342 3896 3354 3906 ·
3386 3877 3560 3939 οὕτως
3594 3881 3687 3931 καὶ
3711 3880 3790 3938 εἰς
3818 3879 3942 3941 τοὺς
3979 3878 4097 3930 δού-

2530 3971 2653 4030 λους
2688 3968 2781 4021 τοῦ
2808 3969 2964 4035 Θεοῦ,
2994 3972 3071 4031 εἰς
3105 3970 3197 4032 οὓς
3252 3970 3535 4033 πλεονάζει
3566 3973 3598 4041 ἡ
3625 3971 3802 4039 χάρις,
3851 3971 4096 4040 ξηραίνει

2529 4060 2626 4127 τὴν
2660 4059 2753 4110 τοῦ
2782 4059 3019 4127 πονηροῦ
3048 4060 3362 4127 ἐπιθυμίαν,
3392 4060 3594 4129 ὁμοίως
3625 4060 3682 4113 δὲ
3724 4061 3819 4114 καὶ
3854 4063 3950 4130 τὴν
3994 4080 4097 4129 φυ-

2533 4149 2709 4215 σικὴν,
2760 4148 2949 4214 ἐπειδὴ
3003 4147 3095 4199 νῦν
3127 4153 3172 4199 οἱ
3207 4149 3297 4200 τοῦ
3348 4150 3482 4201 Θεοῦ
3518 4150 3793 4219 ἄνθρωποι
3852 4152 4095 4219 μείζονες

2534 4240 2809 4305 γίγνονται
2842 4239 2935 4291 τοῦ
2963 4239 3175 4309 πρώτου
3222 4240 3409 4308 Ἀδάμ.

2603 4418 2677 4473 Ε’.
2723 4420 2780 4471 '0
2814 4419 2945 4481 Θεὸς
2972 4419 3383 4488 ἀπερίγραπτός
3414 4418 3531 4470 ἐστι
3565 4422 3659 4471 καὶ
3688 4420 4090 4491 ὰκατάληπτος,

862 4508 1067 4576 ubique
1091 4523 1376 4576 apparens,
1409 4518 1465 4561 et
1504 4507 1559 4560 in
1604 4507 1904 4569 montibus,
1955 4514 2012 4560 et
2057 4506 2111 4558 in
2156 4506 2314 4568 mari,
2370 4516 2425 4560 ct
2462 4536 2501 4586 ί)
2540 4530 2553 4561 ι

2408 4516 2425 4557 t
2462 4536 2501 4586 ί)
2540 4510 2803 4579 πανταχοῦ
2842 4510 3277 4577 ἐπιφαινόμενος,
3305 4512 3397 4562 καὶ
3420 4512 3478 4562 ὲν
3506 4513 3619 4573 τοῖς
3650 4513 3799 4581 ὄρεσι
3830 4514 3921 4564 καὶ
3948 4515 4005 4567 ὲν
4025 4521 4092 4585 τῇ

862 4602 1051 4655 subter
1070 4600 1325 4671 abyssum
1350 4617 1365 4664 ;
1390 4609 1444 4653 et
1462 4600 1513 4652 id
1535 4598 1755 4668 quidem
1780 4613 1888 4651 non
1908 4596 2119 4651 ratione
2141 4598 2425 4662 transitus,

862 4694 1003 4747 sicut
1036 4693 1211 4763 angeli
1232 4692 1570 4746 descendunt
1601 4707 1630 4745 e
1661 4692 1800 4745 coelo
1823 4692 1878 4744 in
1915 4699 2135 4745 terram.
2168 4690 2263 4744 Est
2282 4691 2427 4743 enim

866 4784 923 4836 in
951 4784 1114 4846 cmlo,
1145 4791 1227 4836 est
1259 4797 1475 4851 quoque
1506 4782 1617 4834 hic.
1652 4779 1853 4835 Verum
1883 4781 2109 4851 objicies
2128 4781 2283 4845 mihi,
2320 4796 2428 4848 quo

862 4884 1025 4947 pacto
1052 4883 1235 4945 potest
1263 4875 1410 4929 Deus
1437 4890 1557 4929 esse
1586 4875 1639 4927 in
1671 4874 1939 4942 gehenna,
1987 4884 2080 4925 aut
2110 4888 2219 4941 quo
2270 4880 2429 4942 pacto

863 4974 1044 5038 potest
1061 4968 1117 5019 in
1141 4967 1386 5021 tenebris
1412 4982 1551 5030 esse,
1586 4977 1679 5019 aut
1712 4966 1766 5018 in
1815 4964 2034 5030 Satana,
2072 4976 2165 5018 aut
2207 4966 2261 5018 in
2297 4966 2431 5019 locis

865 5058 1231 5127 graveolentia
1290 5058 1505 5113 fetidis?
1552 5057 1876 5126 Respondeo
1936 5057 2055 5119 tibi,
2109 5057 2218 5125 pati
2252 5058 2429 5125 ipsum

864 5163 975 5202 non
991 5165 1171 5217 posse,
1189 5159 1352 5219 atque
1379 5150 1558 5204 omnia
1586 5148 1868 5202 continere
1892 5167 1905 5200 :
1926 5148 2429 5217 incircumscriptus

865 5240 1009 5291 enim
1041 5250 1159 5305 est;
1197 5241 1429 5295 Satanas
1456 5256 1605 5305 vero,
1634 5241 1727 5309 qui
1766 5248 1849 5294 est
1892 5241 2010 5309 ejus
2055 5247 2327 5303 creatura,
2366 5238 2432 5291 li-

869 5339 1047 5399 gatur.
1083 5331 1289 5384 Bonum
1323 5342 1502 5387 autem
1535 5333 1709 5402 ipsum
1742 5349 1841 5387 nec
1880 5332 2134 5387 sordibus
2181 5332 2432 5401 inquina-

870 5430 977 5487 tur,
1010 5438 1111 5476 nec
1170 5424 1414 5477 tenebris
1445 5423 1768 5478 oﬂ'unditur.
1817 5422 1971 5489 Quod
2024 5424 2068 5477 si
2103 5439 2267 5493 neges
2307 5438 2431 5477 eum

869 5515 1049 5567 omnia
1071 5515 1374 5577 continere,
1405 5525 1461 5567 ct
1490 5515 1812 5585 gehennam,
1835 5524 1890 5568 et
1932 5514 2208 5577 Satanam,
2252 5513 2432 5582 ipsum

869 5602 1000 5658 facis
1040 5606 1533 5675 circumscriptum,
1581 5607 1759 5677 quoad
1804 5622 1928 5661 eum
1993 5607 2171 5660 locum
2224 5606 2278 5659 in
2324 5621 2433 5674 quo

938 5791 982 5824 "
1014 5791 1169 5846 Joan.
1200 5808 1236 5856 l,
1262 5792 1346 5845 15.

2535 4600 2799 4669 θαλάσσῃ,
2832 4600 2923 4651 καὶ
2956 4600 3211 4653 ὑποκάτω
3238 4600 3333 4667 τῆς
3365 4599 3603 4652 ἀϐύσσου
3632 4617 3645 4630 °
3678 4602 3771 4653 καὶ
3797 4604 3919 4672 οὐχὶ
3955 4609 4095 4658 κατὰ

2538 4690 2855 4761 μετάϐασιν,
2916 4691 2974 4743 ὃν
3028 4692 3227 4761 τρόπον
3281 4694 3327 4743 οἱ
3364 4692 3583 4759 ἄγγελοι
3618 4696 4006 4764 κατερχόμενοι
4038 4698 4095 4762 ἐξ

2534 4783 2761 4851 οὐρανοῦ
2792 4784 2883 4834 ἐπὶ
2908 4783 3005 4851 τὴν
3026 4784 3150 4851 γῆν.
3178 4783 3335 4835 Ἔστι
3358 4784 3466 4852 γὰρ
3489 4786 3546 4835 ἐν
3568 4785 3804 4855 οὐρανῷ,
3830 4789 3923 4839 καὶ
3950 4788 4094 4840 ἐστιν

2534 4870 2652 4931 ὦδε.
2696 4877 2833 4928 Ἀλλ’
2854 4878 2997 4946 ἐρεῖς
3023 4894 3112 4946 μοι
3138 4876 3253 4939 πῶς
3274 4876 3493 4929 δύναται
3517 4879 3545 4929 ὁ
3571 4878 3697 4941 Θεὸς
3725 4880 3782 4930 ὲν
3809 4883 3873 4949 τῇ
3904 4882 4094 4952 γεέννῃ

2534 4963 2690 5025 εἶναι,
2720 4965 2751 5033 ἢ
2792 4964 2905 5026 πῶς
2936 4964 3157 5017 δύναται
3206 4967 3263 5017 ὲν
3310 4964 3388 5033 τῷ
3445 4968 3625 5017 σκότει
3660 4961 3823 5030 εἶναι,
3857 4967 3889 5035 ἢ
3922 4970 3979 5019 έν
4018 4971 4093 5037 τῷ

2535 5057 2766 5125 Σατανᾷ,
2802 5056 2833 5124 ἢ
2864 5057 3048 5117 τόποις
3076 5057 3210 5107 ὅπου
3239 5058 3354 5109 ἐστὶ
3387 5057 3654 5122 δυσωδία;
3705 5058 4091 5127 Ἀποκρίνομαί

2537 5165 2618 5200 σοι
2649 5147 2827 5216 κάγὼ,
2883 5150 2964 5200 ὅτι
3005 5149 3223 5218 ἀπαθής
3280 5151 3394 5201 ἐστι
3436 5152 3528 5203 καὶ
3586 5150 3761 5203 πάντα
3813 5152 4090 5219 περιέχει·

2534 5239 2940 5309 ἀπερίγραπτος
2964 5240 3071 5309 γάρ
3098 5242 3237 5304 ἐστι,
3272 5242 3366 5293 καὶ
3415 5244 3442 5293 ὁ
3492 5242 3731 5303 Σατανᾶς
3768 5238 3842 5293 ὢν
3892 5243 4093 5312 κτίσμα

2533 5333 2693 5386 αὑτοῦ
2727 5333 3021 5402 δεσμεῖται.
3066 5334 3137 5385 Τὸ
3161 5334 3214 5385 δὲ
3245 5334 3448 5401 ἀγαθὸν
3500 5334 3619 5387 οὔτε
3650 5335 3934 5403 ρυποῦται,
3972 5338 4090 5388 οὒτε

2536 5426 2858 5489 σκοτίζεται.
2893 5427 2953 5477 Εἰ
2975 5426 3028 5477 δὲ
3051 5427 3110 5477 οὐ
3132 5426 3308 5493 λέγεις
3330 5427 3491 5478 αὑτὸν
3516 5427 3789 5496 περιέχειν
3810 5428 3876 5478 τὰ
3898 5429 4088 5491 πάντα,

2534 5518 2627 5569 καὶ
2652 5515 2750 5586 τὴν
2778 5516 3019 5583 γέενναν,
3056 5517 3147 5569 καὶ
3179 5518 3270 5569 τὸν
3306 5518 3567 5578 Σατανᾶν,
3601 5520 3775 5580 ποιεῖς
3800 5519 3962 5571 αὑτὸν
3996 5536 4091 5570 πε-

2541 5607 2836 5675 ρίγραπτον
2884 5610 2961 5669 εἰς
2993 5610 3195 5660 ἐκεῖνον
3236 5608 3326 5660 τὸν
3362 5609 3544 5675 τόπον,
3573 5612 3630 5663 ὲν
3757 5611 3905 5661 ἐστιν
3939 5612 3967 5662 ό
3999 5627 4091 5663 πο-
