4282 6364
191 392 299 457 ειγ

1400 378 1764 442 ΗΟΜΙΙᾸιΈ.
1794 403 1862 414 -
1884 378 2068 440 HOM.
2102 380 2251 440 XVI.

3323 386 3426 452 618

190 512 379 578 νηρὸς,
415 506 505 558 ἵνα
536 502 787 574 ζητῶμεν
819 501 975 555 ἄλλον
1004 499 1274 567 ἀνώτερον
1298 496 1484 549 αὑτοῦ.
1526 494 1763 561 Ἀνάγκη
1793 493 1837 550 Δ
1868 490 1881 543 1

1734 508 1763 561 η
1793 493 1837 550 Α
1868 490 2077 546 habitat
2107 492 2198 547 ille
2238 505 2496 562 nequam,
2530 499 2591 546 ut
2616 489 2744 545 inde
2790 491 3132 561 inquiramus
3162 494 3329 550 alium
3358 514 3425 557 eo

189 599 303 667 γὰρ
328 596 418 649 τὸν
446 593 580 646 Θεὸν
619 589 897 661 πανταχοῦ
949 586 1216 658 ἀνώτερον
1265 584 1426 639 αὐτὸν
1466 580 1604 638 εἶναι
1631 600 1645 615 ⁸
1677 583 1764 636 διὰ

188 690 250 743 δὲ
281 688 343 740 τὺ
370 685 667 755 μυστήριον
700 681 797 751 τῆς
824 680 1078 747 θεότητος
1128 677 1221 730 καὶ
1252 676 1343 728 τὸν
1383 674 1685 744 λεπτότητα
1710 674 1768 726 ὲν

193 777 349 847 αὖτῷ
376 773 767 845 περιεχόμενον
797 772 858 823 τὸ
892 770 1101 833 σκότος,
1134 768 1195 819 οὺ
1220 765 1631 834 καταλαμϐάνει
1667 764 1767 818 αὐ-

192 872 323 926 τόν’
349 868 472 923 οὔτε
519 866 747 919 δύναται
791 861 852 915 τὺ
903 859 1073 913 κακὸν
1113 857 1358 929 μετέχειν
1405 856 1504 925 τῆς
1533 855 1769 925 καθαρό-

192 980 377 1033 τητος,
414 960 449 1030 ἥ
480 961 538 1012 ὲν
569 955 715 1026 αὑτῷ
732 956 865 1007 ὲστι.
900 953 990 1023 Τῷ
1016 947 1109 1006 οὖν
1124 950 1243 1022 Θεῷ
1264 949 1415 1003 οὐδὲν
1460 948 1628 1002 κακὸν
1686 950 1768 1000 ἐν-

195 1055 525 1115 υπόστατον,
556 1048 677 1101 ἐπεὶ
705 1046 857 1101 οὐδὲν
886 1044 1169 1099 ἀδικεῖται.

273 1233 365 1298 ς’.
408 1230 568 1297 Ἡμῖν
592 1226 648 1280 δέ
683 1228 798 1278 ἔστι
821 1223 987 1277 κακὸν
1019 1219 1109 1275 διὰ
1147 1220 1209 1274 τδ
1231 1221 1430 1273 οίκεῖον
1457 1220 1515 1271 ἐν
1534 1220 1603 1288 τῇ
1636 1235 1769 1287 καρ-

197 1323 312 1393 δίᾳ,
345 1322 440 1375 καὶ
466 1320 731 1390 ἐνεργεῖν,
755 1315 1055 1370 ὑποϐάλλον
1076 1314 1369 1383 λογισμοὺς
1391 1310 1659 1380 πονηροὺς
1680 1310 1772 1362 καὶ

202 1416 505 1484 ῥυπαροὺς,
554 1410 760 1479 καὶμὴ
810 1405 1128 1477 συγχωροῦν
1184 1402 1440 1472 καθαρῶς
1471 1402 1771 1471 προσεύχε-

202 1506 351 1562 σθαι.
388 1504 502 1555 ἀλλ’
534 1500 935 1571 αίχμαλωτίζον
963 1500 1052 1551 τὸν
1075 1497 1200 1549 νοῦν
1227 1497 1306 1557 είς
1331 1496 1422 1547 τὸν
1452 1495 1623 1547 αίῶνα
1652 1494 1774 1548 τοῦο

199 1614 320 1649 τον.
360 1595 664 1648 Ἐνδέδυται
702 1594 794 1646 οὖν
821 1592 920 1655 τὰς
946 1591 1144 1660 ψυχὰς,
1177 1589 1355 1657 ἥψατο
1386 1588 1442 1640 δὲ
1470 1588 1563 1641 καὶ
1595 1586 1774 1640 αὐτῶν

203 1688 315 1741 τῶν
343 1688 547 1739 ὀστέων
582 1686 778 1755 μελῶν.
813 1685 1021 1752 Ὠσπερ
1047 1678 1139 1735 οὖν
1171 1683 1318 1733 ἐστιν
1347 1683 1426 1743 εἰς
1455 1681 1549 1733 τὸν
1572 1680 1712 1749 ἀέρα
1745 1680 1774 1731 6

202 1781 477 1841 Σατανᾶς,
525 1780 618 1831 καὶ
656 1780 684 1829 6
731 1776 863 1838 Θεὸς
901 1774 1093 1845 παρὼν
1136 1775 1253 1827 ἐκεῖ
1295 1774 1444 1826 οὐδὲν
1486 1772 1773 1832 ἀδικεῖται,

203 1872 381 1932 οὕτως
410 1872 502 1923 καὶ
536 1871 593 1921 ὲν
635 1872 700 1939 τῇ
752 1869 893 1937 ψυχῇ
936 1842 1081 1919 ἐστιν
1113 1868 1145 1936 ἡ
1181 1866 1441 1935 ἁμαρτία,
1483 1863 1683 1934 ὁμοίως
1718 1862 1776 1915 δὲ
1808 1842 1849 1900 Β

206 1961 304 2012 καὶ
343 1959 503 2027 χάρις
542 1957 677 2011 Θεοῦ
735 1956 947 2009 σύνεστι
1000 1954 1163 2024 μηδὲν
1193 1952 1541 2023 ἀδικουμένη.
1568 1952 1777 2020 Ὥσπερ

205 2052 304 2105 ἐὰν
405 2050 588 2112 δοῦλος
618 2050 786 2115 ἐγγὺς
824 2048 916 2100 τοῦ
946 2045 1204 2099 δεσπότου
1241 2044 1427 2110 αὐτοῦ,
1464 2036 1619 2106 οὗτος
1647 2041 1781 2096 πάν-

205 2164 331 2200 τοτε
352 2148 578 2213 ἔγγιστα
609 2143 774 2195 αὑτοῦ
806 2140 881 2193 ῶν
919 2140 1024 2193 ὑπὸ
1079 2139 1241 2206 φόϐον
1269 2137 1403 2200 ἐστὶ,
1440 2135 1606 2207 μηδὲν
1650 2135 1778 2188 ἄνευ

207 2238 376 2293 αὐτοῦ
400 2236 869 2305 διαπραττόμενος
891 2249 903 2261 ·
934 2232 1106 2293 οὓτως
1130 2232 1223 2283 καὶ
1246 2231 1409 2299 ἡμεῖς
1432 2228 1507 2298 τῷ
1535 2226 1778 2297 Δεσπότῃ

209 2330 437 2401 Χριστῷ
468 2328 545 2398 τῷ
573 2326 977 2397 καρδιογνώστῃ
1004 2324 1125 2387 τοὺς
1153 2324 1444 2392 λογισμοὺς
1462 2323 1495 2393 ἠ
1506 2321 1620 2390 μῶν
1652 2321 1783 2374 ἀνα-

208 2421 420 2474 τιθέναι
442 2420 537 2472 καὶ
564 2416 831 2488 φανεροῦν
865 2415 1174 2485 ὀφείλομεν,
1197 2413 1290 2466 κοιλ⁵
1310 2414 1455 2483 ἔχειν
1471 2412 1568 2482 τὴν
1594 2411 1784 2465 ἐλπίδα

212 2514 311 2565 καὶ
338 2512 436 2579 τὴν
465 2510 787 2577 πεποίθησιν
823 2508 909 2560 ἐπ’
936 2507 1117 2571 αὑτὸν,
1164 2506 1244 2559 ὅτι
1280 2506 1473 2570 Αὐτός
1506 2504 1623 2572 μού
1652 2503 1784 2558 ἐστι

212 2603 385 2663 δόξα,
429 2601 524 2653 καὶ
558 2600 741 2663 αὑτός
767 2599 884 2667 μού
924 2597 1053 2649 ἐστι
1087 2595 1309 2663 Πατὴρ,
1335 2594 1432 2648 καὶ
1468 2596 1651 2659 αὑτός
1667 2594 1784 2662 μού

212 2694 349 2746 ἐστι
389 2690 674 2755 πλοῦτος.
727 2689 962 2741 Πάντοτε
990 2681 1083 2738 οῦν
1132 2686 1189 2737 ὲν
1225 2688 1288 2755 τῇ
1314 2684 1613 2753 συνειδήσει
1639 2682 1788 2750 ὀφεί-

214 2784 329 2845 λεις
370 2782 515 2851 ἔχειν
539 2782 634 2849 τὴν
660 2779 932 2849 μέριμναν
975 2778 1071 2831 καὶ
1100 2777 1193 2830 τὸν
1227 2776 1411 2842 φόϐον.
1454 2776 1579 2828 Ἐὰν
1609 2776 1665 2828 δὲ
1696 2775 1789 2827 καί

216 2892 303 2936 τις
335 2874 409 2943 μὴ
442 2874 541 2944 ἔχῃ
570 2872 667 2941 τὴν
697 2872 855 2942 χάριν
906 2869 1002 2923 τοῦ
1055 2869 1191 2922 Θεοῦ
1236 2868 1654 2937 πεφυτευμένην
1694 2868 1790 2920 καὶ

216 2964 583 3033 πεπηγμένην
605 2964 662 3015 ὲν
687 2961 883 3031 ἑαυτῷ,
930 2962 1069 3013 ἔστω
1113 2959 1305 3021 νυκτὸς
1338 2958 1432 3010 καὶ
1471 2957 1683 3027 ἡμέρας
1714 2958 1790 3021 ὡς

218 3057 456 3124 φυσικὸν
498 3052 637 3107 εἶναι
679 3052 1222 3124 προσκεκολλημένον
1250 3054 1317 3121 τῇ
1359 3051 1529 3120 ψυχῇ,
1562 3052 1624 3103 τὸ
1665 3050 1789 3104 καθ’

220 3146 373 3216 ὥραν
404 3145 628 3213 ὁδηγοῦν
654 3145 815 3197 αὐτὸν
849 3144 942 3196 καὶ
968 3142 1265 3207 διῦπνίζον,
1301 3143 1395 3195 καὶ
1420 3142 1690 3212 ὑπορθοῦν
1710 3144 1790 3205 είς

221 3240 294 3290 τὰ
328 3237 507 3303 ἀγαθά
531 3254 543 3265 ·
585 3237 672 3288 ἵνα
701 3235 831 3303 γοῦν
870 3236 968 3304 τὴν
1018 3234 1284 3304 μέριμναν
1316 3234 1433 3303 ἔχῃ,
1463 3233 1555 3285 τὸν
1604 3232 1788 3301 φόϐον,

220 3330 316 3382 τὸν
355 3328 534 3389 πόνον,
568 3327 643 3390 ὼς
675 3326 901 3395 φυσικὸν
927 3327 1022 3379 καὶ
1048 3325 1313 3396 ἄτρεπτον
1342 3325 1432 3377 τὸν
1461 3326 1793 3394 συντριμμὺν

221 3423 326 3490 τῆς
357 3421 580 3490 καρδίας
609 3421 837 3472 πάντοτε
870 3418 1240 3487 πεπηγμένον.

298 3514 371 3567 Z'.
410 3513 621 3580 ’Ὠσπερ
677 3512 731 3563 δὲ
783 3510 1011 3579 μέλισσα
1060 3509 1318 3578 κρυπτῶς
1362 3508 1699 3578 ἐργαζομένη
1735 3509 1795 3561 τὸ

226 3606 423 3673 κηρίον
458 3604 515 3653 ἐν
548 3601 624 3669 τῷ
651 3601 904 3668 κοσκίνῳ,
937 3598 1107 3659 οὕτως
1155 3598 1249 3649 καὶ
1292 3599 1325 3666 ή
1359 3599 1516 3667 χάρις
1540 3598 1795 3668 κρυπτῶς

226 3695 522 3765 ἐργάζεται
557 3695 614 3745 ὲν
653 3696 773 3755 ταῖς
806 3691 1054 3761 καρδίαις
1074 3689 1173 3758 τὴν
1208 3690 1405 3757 ἑαυτῆς
1430 3690 1670 3758 ἀγάπην,
1703 3691 1797 3743 καὶ

234 3786 559 3856 μεταϐάλλει
594 3785 700 3837 ἀπὸ
727 3786 1052 3853 πικρότητος
1069 3782 1149 3844 εἰς
1174 3781 1507 3851 γλυκύτητα,
1534 3784 1641 3834 ἀπὺ
1664 3800 1797 3851 τρα-

231 3879 464 3949 χύτητος
514 3878 590 3939 εἰς
621 3876 891 3941 λειότητα.
948 3874 1157 3939 Ὠσπερ
1193 3873 1251 3924 δὲ
1300 3872 1677 3942 ἀργυροκόπος
1709 3874 1800 3925 καὶ

232 3970 641 4039 ἁναγλυφάριος
667 3964 991 4033 άναγλύφων
1017 3964 1201 4016 δίσκον
1224 3963 1363 4016 κατὰ
1398 3964 1561 4033 μέρος
1592 3966 1798 4015 σκεπά-

234 4064 320 4126 ζει
355 4061 497 4129 ἅπερ
526 4059 719 4126 γλύφει
740 4058 967 4125 διάφορα
996 4055 1181 4118 ζώδια,
1202 4054 1339 4106 ἐπὰν
1356 4054 1411 4106 δὲ
1444 4055 1655 4124 τελέσῃ,
1682 4055 1800 4105 τότε

236 4151 466 4220 φανεροῖ
488 4148 647 4200 αὑτὸν
673 4146 1110 4214 ὲξαστράπτοντα
1156 4144 1233 4213 τῷ
1281 4144 1418 4211 φωτί
1442 4160 1453 4172 ⁸
1482 4144 1655 4206 οὕτως
1710 4146 1803 4197 καὶ

237 4246 268 4296 6
305 4242 510 4307 Κύριος
538 4238 788 4307 ἀληθινὸς
816 4238 1066 4306 τεχνίτης
1101 4235 1396 4301 ἁναγλύφει
1447 4236 1545 4297 τὰς
1578 4236 1803 4305 καρδίας

239 4335 420 4402 ἡμῶν,
445 4332 537 4384 καὶ
584 4328 918 4391 ἀνακαινίζει
955 4329 1013 4379 ὲν
1061 4326 1341 4396 μυστηρέῳ
1364 4365 1378 4387 ,
1417 4325 1520 4387 ἕως
1550 4320 1612 4378 οὗ
1645 4327 1799 4392 ἐκδη-

244 4428 491 4495 μήσωσιν
535 4425 601 4476 ὲκ
638 4420 731 4473 τοῦ
795 4419 1065 4486 σώματος,
1128 4419 1221 4470 καὶ
1250 4418 1371 4469 τότε
1424 4417 1667 4485 φαίνεται
1708 4418 1804 4483 τῆς

1868 584 2225 651 superiorem.
2254 582 2488 637 Necesse
2523 590 2607 637 est
2639 582 2784 636 enim
2823 582 2994 637 Deum
3018 582 3194 653 ipsum
3225 586 3429 658 ubique

1868 675 2208 744 superiorem
2227 690 2367 729 esse.
2384 674 2585 729 Verum
2608 683 2833 744 propter
2854 674 3107 745 mysteria
3129 674 3430 734 divinitatis

1866 776 1922 821 et
1949 766 2307 821 subtilitatem
2339 766 2477 836 ejus,
2506 765 2748 820 tenebrae
2772 780 2893 834 quae
2923 766 2991 819 ab
3011 782 3076 821 eo
3114 769 3428 838 capiuntur,

1866 874 1993 913 eum
2044 873 2155 913 non
2204 857 2710 929 comprehendunt:
2766 872 2871 911 nec
2921 857 3067 927 quod
3092 859 3294 913 malum
3325 870 3430 924 est,

1867 951 2141 1021 particeps
2157 966 2277 1006 esse
2304 957 2483 1020 potest
2502 949 2777 1020 puritatis,
2803 964 2923 1019 qua:
2950 956 3035 1005 est
3071 950 3216 1020 apud
3236 951 3428 1008 Deum.

1868 1042 1928 1097 In
1976 1044 2089 1098 Deo
2130 1058 2260 1113 ergo
2296 1042 2434 1096 nihil
2465 1042 2593 1097 mali
2642 1041 2911 1107 subsistit,
2955 1040 3085 1111 quia
3118 1056 3177 1096 re
3203 1044 3432 1098 omnino

1869 1136 2020 1190 nulla
2043 1136 2165 1191 laedi
2190 1144 2393 1206 potest.

1943 1228 2051 1298 70
2072 1228 2159 1283 Vl.
2187 1228 2245 1283 ln
2262 1228 2422 1283 nobis
2440 1243 2567 1282 vero
2590 1229 2759 1283 haeret
2775 1229 2999 1293 malum,
3018 1244 3084 1284 eo
3103 1231 3249 1300 quod
3276 1230 3433 1285 habi-

1872 1328 1951 1375 tet
1980 1320 2036 1374 in
2060 1320 2248 1385 corde,
2283 1330 2339 1376 et
2365 1321 2509 1375 vires
2538 1336 2664 1375 suas
2711 1320 2912 1375 ibidem
2957 1331 3197 1387 exseret,
3242 1337 3433 1393 sugge-

1873 1426 2000 1465 rens
2015 1411 2370 1481 cogitationes
2390 1427 2584 1481 pravas
2618 1421 2674 1466 et
2697 1412 2980 1476 obscenas,
2998 1428 3101 1467 nec
3114 1415 3438 1481 permittens

1873 1516 2066 1571 preces
2106 1500 2386 1555 effundere
2420 1517 2605 1571 puras,
2641 1501 2735 1555 sed
2770 1502 3037 1571 captivam
3064 1489 3269 1557 ducens
3289 1518 3440 1556 men-

1876 1601 1985 1647 tem
2036 1593 2093 1646 in
2140 1592 2248 1647 hoc
2274 1593 2554 1647 saeculum.
2597 1592 2782 1646 Induit
2814 1593 2980 1662 igitur
3006 1594 3241 1655 animas,
3276 1604 3441 1662 atque

1875 1682 2054 1753 attigit
2076 1698 2295 1753 quoque
2316 1698 2471 1737 ossea
2498 1682 2761 1737 membra.
2779 1681 3251 1748 Quemadmodum
3275 1685 3442 1755 igitur

1878 1774 2108 1828 Satanas
2130 1783 2213 1827 est
2244 1774 2298 1827 in
2328 1789 2473 1837 aere,
2507 1784 2562 1827 et
2610 1775 2778 1837 Deus,
2824 1774 2917 1843 qui
2967 1782 3166 1843 przesto
3212 1775 3286 1829 ibi
3334 1784 3441 1835 est.

1878 1868 2013 1921 nihil
2037 1866 2254 1922 laeditur
2284 1867 2543 1920 omnino:
2600 1867 2679 1920 sic
2720 1876 3005 1935 peceatum
3034 1875 3119 1921 est
3149 1866 3205 1919 in
3238 1866 3441 1929 anima,

1879 1958 2133 2013 similiter
2164 1973 2380 2028 quoque
2415 1957 2587 2028 gratia
2618 1956 2822 2019 divina,
2859 1973 2962 2011 nec
2990 1965 3172 2011 tamen
3203 1957 3444 2013 laeditur.

1878 2050 2112 2105 Perinde
2143 2065 2206 2103 ac
2228 2050 2273 2103 si
2297 2048 2368 2103 sit
2390 2062 2582 2103 servus
2611 2048 2763 2116 juxta
2816 2048 3099 2101 dominum
3135 2065 3313 2114 suum,
3352 2051 3443 2119 qui

1879 2156 2004 2195 cum
2030 2149 2317 2209 perpetuo,
2346 2140 2474 2193 dum
2502 2140 2569 2193 ab
2592 2141 2709 2205 eius
2730 2140 2899 2193 latere
2930 2150 3033 2203 est,
3061 2141 3131 2194 sit
3151 2141 3252 2194 sub
3275 2150 3443 2204 metu,

1878 2233 2016 2287 nihil
2051 2232 2255 2300 absque
2284 2232 2581 2302 ejusjussu
2634 2230 2897 2300 suscipit:
2953 2232 3033 2285 sie
3080 2248 3300 2301 quoque
3348 2248 3450 2286 nos

1880 2324 2109 2380 Domino
2141 2323 2359 2379 Christo
2402 2322 2654 2377 cordium
2703 2322 3038 2391 exploratori
3089 2322 3451 2392 cogitationes

1881 2422 2099 2469 nostras
2119 2430 2391 2483 exponere
2414 2423 2576 2484 atque
2597 2414 2834 2484 aperire.
2855 2429 2917 2468 ac
2938 2430 3089 2484 spem
3114 2425 3169 2468 et
3194 2415 3450 2469 fiduciam

1884 2507 1937 2559 in
1971 2521 2037 2559 eo
2075 2506 2392 2559 collocatam
2425 2505 2629 2559 habere
2659 2506 2946 2570 debemus,
2997 2506 3285 2561 dicentes:
3331 2507 3451 2577 Ipse

1885 2612 1959 2651 est
2015 2597 2187 2667 gloria
2240 2614 2377 2658 mea,
2413 2598 2521 2666 ipse
2580 2607 2656 2650 est
2700 2596 2864 2650 Pater
2912 2615 3074 2662 meus,
3108 2600 3214 2668 ipse
3260 2600 3453 2652 divitia:

1888 2704 2033 2743 mete.
2062 2689 2385 2757 Perpetuam
2422 2688 2587 2757 igitur
2612 2687 2667 2741 in
2699 2689 3037 2743 conscientia
3064 2690 3267 2744 habere
3286 2689 3454 2743 debes

1888 2779 2309 2834 sollicitudinem
2345 2794 2409 2833 ac
2440 2788 2667 2833 metum.
2698 2778 2853 2845 Quod
2884 2781 2930 2834 si
2955 2780 3079 2849 quis
3105 2782 3334 2851 gratiam
3370 2782 3455 2835 di-

1888 2874 2067 2927 vinam
2110 2872 2407 2940 plautatam
2453 2882 2507 2925 et
2566 2873 2785 2926 infixam
2824 2873 2879 2926 in
2918 2890 3037 2929 sese
3084 2890 3194 2929 non
3235 2875 3452 2937 habeat,

1888 2973 2052 3017 noctu
2088 2963 2292 3032 diuque
2320 2971 2496 3026 curet,
2528 2971 2607 3026 ut,
2638 2972 2894 3034 tanquam
2921 2968 3171 3021 naturale
3214 2968 3307 3030 sit,
3356 2968 3455 3021 ad-

1892 3055 2096 3109 hmreat
2142 3055 2334 3108 anima:
2383 3054 2459 3117 id,
2519 3055 2666 3124 quod
2713 3056 2781 3109 ad
2830 3057 3020 3111 horam
3072 3059 3252 3128 ipsum
3282 3060 3456 3122 ducit.

1891 3147 2094 3201 excitat
2135 3155 2295 3214 atque
2343 3145 2529 3215 dirigit
2570 3147 2637 3200 ad
2691 3162 2755 3201 ea
2825 3164 2946 3217 qua:
3002 3149 3144 3203 bona
3202 3160 3349 3216 sunt,
3397 3159 3457 3205 ut

1892 3238 2082 3291 saltem
2109 3251 2295 3290 curam
2334 3234 2553 3301 habeat,
2585 3248 2789 3291 metum
2815 3254 2878 3292 ac
2901 3239 3164 3304 laborem,
3198 3250 3456 3309 tanquam

1893 3329 2194 3382 naturalem
2218 3336 2273 3380 et
2298 3326 2693 3381 immutabilem
2715 3331 3099 3385 eontritionem
3122 3331 3304 3385 cordis
3326 3347 3459 3400 per-

1895 3427 2060 3489 petuo
2084 3419 2320 3473 infixam.

1966 3511 2074 3565 νη.
2112 3512 2577 3578 Quemadmodum
2631 3521 2815 3565 autem
2856 3512 2976 3580 apis
3025 3521 3239 3566 secreto
3272 3514 3457 3567 favum

1898 3604 2047 3672 fingit
2071 3620 2134 3658 ac
2170 3606 2441 3659 construit
2475 3606 2526 3657 in
2561 3604 2749 3668 alveo;
2801 3603 2880 3657 sic
2921 3617 3138 3671 quoque
3164 3603 3337 3674 gratia
3376 3621 3460 3659 se-

1897 3706 2046 3751 creto
2059 3707 2275 3750 exercet
2303 3698 2355 3748 in
2381 3696 2640 3749 cordibus
2672 3694 3019 3748 dilectionem
3044 3711 3220 3759 suam,
3240 3705 3295 3751 et
3315 3696 3461 3765 quod

1898 3802 2139 3840 amarum
2164 3795 2246 3839 est
2283 3795 2455 3839 mutat
2498 3787 2551 3838 in
2582 3785 2762 3845 dulce,
2792 3785 2939 3852 quod
2974 3794 3154 3839 autem
3182 3801 3461 3856 asperum,

1901 3878 1953 3929 in
1980 3878 2032 3930 id
2058 3877 2203 3945 quod
2239 3877 2355 3930 leve
2383 3885 2484 3929 est.
2516 3875 2671 3929 Sicut
2704 3883 2884 3929 autem
2932 3874 3085 3929 faber
3113 3877 3462 3945 argentarius

1900 3977 1953 4021 et
1969 3967 2232 4035 sculptor,
2251 3967 2468 4035 quando
2486 3966 2695 4020 discum
2721 3966 2939 4033 sculpit,
2962 3966 3305 4035 aliquatenus
3330 3982 3463 4035 ope-

1903 4055 1974 4107 rit
2001 4056 2147 4107 varia
2186 4055 2295 4118 illa,
2324 4068 2445 4122 qua:
2496 4053 2693 4121 sculpit
2721 4053 3011 4106 animalia:
3047 4053 3139 4107 ubi
3170 4070 3302 4108 vero
3325 4070 3465 4124 opus

1906 4145 2115 4210 fecerit,
2141 4154 2269 4198 tunc
2295 4144 2501 4214 profert
2532 4144 2686 4197 illum
2706 4142 2761 4195 in
2786 4144 2905 4196 luce
2936 4143 3316 4211 splendentem
3348 4145 3467 4199 :sic

1905 4252 2123 4307 quoque
2148 4236 2432 4299 Dominus,
2466 4250 2630 4288 verus
2659 4234 2749 4286 ille
2780 4234 2994 4297 artifex,
3050 4235 3252 4303 sculpit
3302 4235 3468 4289 corda

1908 4340 2113 4389 nostra,
2150 4344 2211 4381 ae
2244 4328 2455 4380 occulte
2481 4334 2727 4387 renovat,
2759 4325 2935 4377 donec
2969 4342 2998 4379 e
3032 4341 3262 4394 corpore
3294 4326 3471 4380 disce-

1908 4420 2057 4483 dant,
2086 4427 2245 4486 atque
2272 4427 2385 4470 tum
2418 4415 2712 4483 conspicua
2753 4415 2812 4467 fit
2865 4416 3059 4469 anima:
3094 4416 3468 4485 pulchritudo.

240 4516 422 4586 ψυχῆς
446 4516 505 4567 τὸ
534 4514 746 4575 κάλλος.
784 4514 845 4565 Ol
870 4512 977 4579 γὰρ
1012 4510 1255 4571 θέλοντες
1288 4509 1456 4579 σκεύη
1500 4527 1803 4561 κατασκευ-
1839 4521 1881 4574 D
1909 4512 1931 4574 (

1779 4539 1803 4549 -
1839 4521 1881 4574 ι)
1909 4511 2012 4575 Qui
2040 4509 2185 4563 enim
2216 4505 2607 4575 supellectilem
2632 4519 2822 4572 parare
2860 4504 2917 4556 in
2944 4520 3115 4573 eaque
3146 4505 3470 4560 animalcula

245 4610 397 4668 άσαι,
428 4607 518 4658 καὶ
562 4606 823 4671 ὲνυφάναι
861 4600 1062 4665 ζώδια,
1093 4600 1307 4670 πρῶτον
1352 4600 1807 4667 κηροπλαστοῦσι,

246 4704 341 4755 καὶ
370 4700 541 4761 οὕτως
568 4699 818 4768 ἐκχέουσι
856 4696 977 4749 καθ’
1008 4695 1301 4762 ὁμοιότητα
1327 4692 1558 4757 ἐκείνου,
1586 4691 1724 4745 ὥστε
1754 4692 1812 4744 τὸ

248 4797 410 4865 ἔργον
440 4791 561 4846 κατ’
589 4794 769 4845 ἐκεῖνο
829 4789 1255 4857 ἀποτελεσθῆναι
1289 4786 1349 4839 τὸ
1397 4787 1580 4856 σχῆμα
1600 4802 1613 4815 ⁸
1643 4787 1812 4850 οὕτως

249 4887 345 4938 καὶ
380 4887 409 4954 ἡ
435 4882 677 4953 ἁμαρτία
708 4880 924 4950 πνεῦμα
978 4876 1112 4932 οὖσα
1157 4878 1340 4930 είκόνα
1367 4876 1501 4947 ἔχει,
1530 4878 1622 4929 καὶ
1655 4894 1814 4945 μετα-

251 4978 510 5031 ϐάλλεται
540 4978 616 5036 εἰς
658 4974 872 5043 μορφάς
900 4971 1116 5033 πολλάς.
1157 4969 1386 5039 Ὀμοίως
1423 4969 1479 5021 δὲ
1516 4969 1605 5020 καὶ
1649 4971 1676 5022 6
1710 4969 1815 5021 ἔσω

251 5046 536 5138 ἄνθρωπος
568 5064 759 5129 ζὼδιόν
782 5062 897 5116 ἐστί
927 5080 998 5126 τι,
1019 5061 1139 5130 ἔχον
1172 5059 1356 5112 εἰκόνα
1390 5061 1485 5111 καὶ
1508 5059 1811 5129 μόρφωσιν.

268 5162 547 5230 Ὀμοίωμα
585 5158 693 5227 γάρ
723 5158 838 5209 ἐστι
862 5154 955 5208 τοῦ
984 5154 1087 5218 ἔξω
1115 5153 1399 5222 ἀνθρώπου
1430 5153 1457 5203 6
1500 5151 1625 5205 ἔσω.
1657 5153 1816 5221 Μέγα

252 5250 345 5306 οὖν
381 5254 495 5304 ὲστι
531 5251 582 5302 ιδ
632 5249 823 5310 σκεῦος
851 5250 945 5301 καὶ
980 5246 1180 5315 τίμιον,
1212 5244 1396 5313 ἐπειδὴ
1447 5244 1553 5297 ἀπὸ
1602 5245 1817 5297 πάντων

252 5346 361 5397 τῶν
393 5343 710 5411 κτισμάτων
772 5342 887 5393 ἐκεῖ
942 5338 1229 5408 εὐδόκησεν
1280 5338 1307 5387 6
1340 5335 1561 5403 Κύριος.
1611 5335 1719 5388 Καὶ
1768 5339 1814 5387 οἱ

259 5436 357 5505 μὲν
387 5434 580 5501 ἀγαθοὶ
600 5433 851 5501 λογισμοὶ
876 5432 974 5499 τῆς
998 5430 1171 5499 ψυχῆς
1195 5428 1403 5480 ἐοίκασι
1432 5427 1597 5488 λίθοις
1616 5427 1815 5495 τιμίοις

258 5528 351 5578 καὶ
393 5524 784 5595 μαργαρίταις,
814 5525 861 5576 οί
914 5522 969 5574 δὲ
1002 5521 1300 5589 ἀκάθαρτοι
1352 5517 1600 5587 λογισμοὶ
1654 5533 1819 5585 μεμε-

260 5619 527 5688 στωμένοι
559 5618 694 5670 εἰσὶν
719 5616 920 5669 ὀστέων
971 5613 1176 5684 νεκρῶν
1228 5611 1322 5663 καὶ
1355 5610 1533 5678 πάσης
1572 5607 1819 5676 ἀκαθαρο.

262 5709 405 5771 σίας,
430 5712 522 5761 καὶ
545 5707 824 5769 δυσωδίας.

334 5803 417 5854 ll.
473 5801 534 5852 Οἱ
578 5797 667 5854 οὖν
700 5801 1009 5868 Χριστιανοι
1066 5799 1218 5852 ἄλλου
1284 5795 1471 5857 αἰῶνός
1509 5796 1659 5861 εἰσιν,
1718 5791 1817 5843 uiri:

1909 4596 2216 4665 exprimere
2237 4593 2447 4655 volunt,
2488 4590 2726 4659 primum
2775 4605 2959 4643 ceram
3006 4590 3265 4659 efﬁgiant,
3309 4604 3472 4660 atque

1911 4697 2023 4740 tum
2075 4684 2141 4737 ad
2161 4683 2449 4752 imaginem
2472 4682 2621 4734 illam
2655 4680 2908 4743 fundunt,
2930 4689 2989 4733 ut
3017 4697 3154 4750 opus
3170 4682 3471 4735 secundum

1910 4775 2139 4846 efﬁgiem
2176 4774 2321 4827 illam
2356 4772 2665 4825 absolutum
2699 4771 2959 4825 reddatur
2983 4789 2994 4823 :
3018 4787 3130 4825 non
3167 4773 3324 4826 aliter
3348 4788 3473 4842 pec-

1914 4880 2115 4929 catum,
2152 4881 2277 4919 cum
2319 4864 2391 4917 sit
2442 4863 2690 4932 spiritus,
2729 4862 3021 4930 imaginem
3070 4862 3252 4928 habet,
3312 4879 3375 4918 ae
3415 4865 3470 4918 in

1914 4960 2090 5013 varias
2115 4957 2319 5011 formas
2342 4954 2698 5009 convertitur.
2724 4953 2987 5007 Similiter
3006 4953 3235 5007 interior
3254 4969 3472 5023 quoque

1916 5055 2078 5107 homo
2100 5049 2485 5105 animalculum
2541 5045 2814 5115 quoddam
2862 5053 2964 5107 est,
3028 5043 3261 5114 imagine
3288 5047 3473 5099 etfor—

1914 5162 2002 5199 ma
2028 5144 2354 5213 praeditum.
2408 5138 2678 5208 siquidem
2716 5136 3014 5192 similitudo
3063 5147 3147 5191 est
3188 5136 3478 5192 exterioris

1916 5236 2153 5289 hominis
2175 5231 2425 5287 interior.
2457 5230 2783 5284 Praeclarum
2805 5243 2933 5297 ergo
2957 5242 3020 5281 ac
3050 5228 3352 5296 pretiosum
3381 5243 3478 5281 vas

1917 5336 2020 5392 est,
2050 5326 2176 5395 quia
2198 5340 2307 5393 prae
2324 5322 2577 5375 omnibus
2598 5320 2867 5373 creaturis
2890 5318 2943 5370 in
2977 5332 3043 5370 eo
3074 5318 3306 5370 Domino
3328 5332 3479 5370 com-

1918 5419 2175 5489 placitum
2202 5424 2305 5469 est.
2331 5414 2399 5467 Et
2436 5413 2592 5466 bona:
2623 5409 2842 5480 quidem
2867 5408 3226 5478 cogitationes
3265 5407 3477 5460 assimi-

1919 5513 2101 5565 lautur
2150 5508 2427 5579 lapidibus
2465 5504 2716 5574 pretiosis
2754 5511 2809 5556 et
2858 5501 3195 5569 margaritis;
3248 5499 3477 5568 impurae

1924 5620 2055 5659 vero
2078 5601 2434 5671 cogitationes
2458 5598 2628 5667 plena:
2652 5604 2777 5647 sunt.
2801 5594 3000 5647 ossium
3040 5600 3399 5654 mortuorum,
3421 5600 3476 5643 et

1927 5696 2101 5749 munis
2134 5691 2411 5761 spurcitiei
2438 5706 2497 5743 ac
2530 5690 2737 5742 feloris.

1995 5786 2126 5840 \‘lll.
2172 5783 2465 5839 Christiani
2508 5797 2633 5851 ergo
2680 5780 2905 5833 alienius
2954 5786 3074 5830 sunt
3132 5775 3331 5833 saeculi,
3381 5772 3474 5825 ﬁlii
