4282 6364
845 389 952 455 619

2072 382 2130 443 S.
2169 379 2485 440 MACARII
2525 380 2847 443 IEGYPTII

3968 376 4084 441 sm

840 503 971 563 Adae
991 500 1248 565 cmlestis,
1280 514 1501 572 germen
1530 511 1754 561 novum,
1788 494 1887 551 ﬁlii
1943 492 2179 565 Spiritus
2203 492 2399 557 sancti,
2428 494 2480 553 Α
2516 494 2531 546 Ἴ

2389 532 2399 557 ,
2428 494 2480 553 Α
2516 494 2687 565 Ἀδάμ
2710 494 2802 548 τοῦ
2826 493 3172 564 ἐπουρανίου,
3205 494 3451 565 γέννημα
3471 492 3679 555 καινὸν,
3709 490 3871 544 τέκνα
3896 490 4080 544 Πνευ-

838 595 1081 653 Illustres
1103 592 1301 647 fratres
1321 590 1545 657 Christi,
1580 588 1785 643 similes
1805 587 1984 643 Patris
2006 585 2113 652 sui,
2130 585 2257 639 Adae
2281 583 2397 654 spi-

838 686 1090 750 ritualis,
1113 694 1169 741 ει
1184 682 1413 738 illustris
1440 681 1588 736 illius
1606 680 1866 743 civitatis,
1914 678 2061 733 illius
2092 677 2310 748 generis
2336 692 2400 733 ac

838 779 986 832 illius
1008 776 1267 841 virtutis;
1303 787 1649 844 nequaquam
1679 778 1808 826 sunt
1839 769 2001 840 hujus
2047 768 2259 831 mundi,
2303 768 2399 823 sed

837 869 1064 923 alterius
1102 865 1292 921 mundi
1322 878 1470 919 sunt.
1496 865 1617 935 Ipse
1650 861 1796 917 enim
1816 860 1927 915 ait:
1949 859 2066 915 Non
2093 860 2212 913 estis
2230 859 2399 912 dehoc

837 957 1053 1021 mundo,
1071 956 1321 1025 quoniam
1346 971 1439 1009 nec
1454 971 1544 1024 ego
1559 970 1675 1008 sum
1693 953 1755 1005 de
1769 953 1862 1005 hoc
1884 953 2079 1003 mundo
2104 949 2170 1000 '°.
2196 948 2398 1003 Verum

836 1044 1067 1115 perinde
1095 1059 1159 1099 ac
1174 1051 1447 1098 mercator
1468 1058 1533 1097 ex
1550 1042 1710 1112 longa
1729 1039 2170 1111 peregrinatione
2213 1052 2401 1092 rever-

838 1150 952 1198 sus,
992 1142 1264 1203 auctaque
1286 1148 1383 1187 sua
1415 1130 1785 1203 negotiatione
1818 1128 1888 1182 ad
1930 1143 2061 1183 suos
2107 1126 2294 1193 mittit,
2340 1135 2401 1179 ut

837 1234 1162 1282 construant
1184 1225 1288 1281 sibi
1319 1224 1512 1280 domos
1526 1231 1583 1279 et
1604 1224 1811 1287 hortos,
1844 1238 1907 1276 ac
1922 1221 2247 1276 vestimenta
2269 1234 2401 1274 con-

838 1316 1027 1371 ﬂciant
1046 1315 1396 1371 necessaria:
1430 1326 1486 1371 et
1516 1330 1639 1370 cum
1677 1313 1990 1384 pervenerit
2033 1311 2100 1365 ad
2136 1327 2257 1376 sua,
2281 1320 2397 1364 tum

837 1422 1062 1476 magnas
1086 1405 1308 1461 divitias
1336 1406 1533 1471 aﬂert;
1569 1420 1765 1475 magna
1794 1420 1927 1460 vero
1960 1402 2243 1472 excipiunt
2271 1416 2398 1457 eum

835 1499 1046 1563 latitia,
1083 1506 1197 1552 tum
1229 1498 1537 1561 domestici,
1591 1505 1709 1551 tum
1752 1495 2007 1567 cognati;
2040 1496 2122 1549 sic
2178 1509 2398 1565 quoque

838 1604 897 1642 se
922 1604 1010 1642 res
1042 1588 1209 1643 habet
1233 1590 1287 1642 in
1306 1587 1685 1657 spiritualibus
1714 1588 1898 1650 rebus,
1927 1588 1971 1640 si
2004 1587 2227 1656 quidam
2255 1602 2400 1640 mer-

834 1678 941 1732 cati
962 1677 1166 1731 fuerint
1192 1678 1441 1733 caelestes
1458 1676 1699 1742 divitias,
1721 1684 1923 1730 norunt
1944 1675 1995 1729 id
2014 1691 2202 1730 eorum
2228 1675 2397 1740 cives,

2500 605 2669 657 ματος
2686 588 2862 658 ἁγίου,
2886 587 3103 658 ἀδελτοὶ
3120 588 3353 658 Χριστοῦ
3378 586 3650 657 φωτεινοὶ,
3672 586 3849 655 ὅμοιοι
3878 586 3957 656 τῷ
3974 604 4084 639 πα-

2499 683 2591 752 τρὶ
2606 683 2804 748 αὐτῶν,
2822 682 2993 751 ’Δδάμ
3002 680 3080 750 τῷ
3092 680 3446 751 πνευματικῷ
3462 682 3555 732 καὶ
3571 678 3839 748 φωτεινῷ,
3858 678 4083 747 ἐκείνης

2497 777 2596 845 τῆς
2619 773 2846 836 πόλεως,
2863 772 3073 827 ἐκείνου
3085 774 3180 826 τοῦ
3196 774 3403 839 γένους,
3418 772 3634 841 ἐκείνης
3653 772 3751 841 τῆς
3764 772 4075 841 δυνάμεως.

2498 865 2597 917 οὐκ
2618 864 2725 917 είσὶ
2758 863 2853 918 τοῦ
2872 864 3075 935 κόσμου
3089 864 3301 926 τούτου,
3321 863 3457 915 ἀλλά
3481 862 3641 916 άλλου
3664 864 3873 933 κόσμου
3894 861 4041 915 είσίν
4058 876 4074 889 ·

2498 956 2661 1020 αὐτὸς
2686 958 2796 1027 γάρ
2832 956 2998 1025 λέγει,
3033 957 3155 1010 Οὐκ
3174 956 3318 1011 ἐστὲ
3338 956 3406 1009 ἐκ
3422 955 3529 1009 τοῦ
3554 956 3785 1024 κόσμου
3826 955 4074 1015 τούτου,

2498 1049 2694 1113 καθὼς
2715 1048 2829 1118 ἐγὼ
2855 1051 2967 1103 οὐκ
2991 1049 3107 1118 ειμι
3133 1049 3203 1103 ἐκ
3224 1048 3331 1102 τοῦ
3356 1049 3589 1118 κόσμου
3629 1048 3867 1101 τούτου.
3928 1045 4076 1098 Ἀλλ’

2498 1140 2690 1210 ῶσπερ
2718 1140 2961 1210 ἔμπορος
3014 1140 3122 1194 ἀπὸ
3172 1141 3385 1195 πολλῶν
3438 1139 3616 1210 μονῶν
3666 1141 4073 1209 ἀπερχόμενος,

2501 1231 2594 1283 καὶ
2624 1228 3077 1295 τωλυπλασιάζων
3106 1230 3270 1285 αὑτοῦ
3290 1231 3392 1300 τὴν
3418 1229 3710 1299 ἐμπορίαν,
3740 1229 4072 1283 ἀποστέλλει

2504 1320 2635 1389 πρὸς
2662 1320 2788 1385 τοὺς
2814 1320 2976 1383 ιδίους
3000 1320 3093 1375 ἐπὶ
3119 1320 3197 1390 τῷ
3225 1320 3511 1391 κτισθῆναι
3544 1319 3691 1389 αὑτῷ
3721 1321 3927 1385 οίκους,
3959 1338 4076 1373 πα-

2502 1416 2803 1487 ραδείσους,
2828 1416 3104 1486 ἐνδύματα
3125 1416 3416 1481 ἀναγκαῐαο
3440 1414 3537 1467 καὶ⁵
3555 1414 3683 1467 ὅταν
3707 1413 3953 1484 ἀναλύσῃ
3987 1415 4075 1475 είς

2497 1508 2565 1562 τά
2593 1508 2720 1575 ίδια,
2752 1509 2875 1563 τότε
2914 1508 3145 1563 πλοῦτον
3172 1508 3336 1561 πολὺν
3357 1507 3711 1578 ἐπιφέρεται·
3770 1507 3911 1577 μετά
3940 1506 4073 1559 πολ-

2496 1600 2671 1669 λῆςδέ
2717 1602 2893 1672 χαρᾶς
2917 1598 3303 1671 προσδέχονται
3336 1599 3497 1651 αὑτὸν
3524 1598 3574 1650 οί
3606 1598 3728 1650 ίδιοι
3774 1597 3940 1649 αὐτοῦ
3971 1599 4072 1650 καὶ

2498 1693 2854 1763 προηενεῖς·
2895 1690 3039 1744 οὕτω
3083 1692 3186 1744 κάν
3234 1692 3347 1754 τοίς
3396 1691 3808 1758 πνευματικοῖς,
3846 1690 3902 1741 ετ
3922 1705 4071 1752 τινες

834 1768 942 1822 hoc
996 1779 1109 1834 est,
1156 1769 1383 1838 spiritus
1442 1776 1756 1822 sanctorum
1823 1777 1879 1823 ct
1928 1768 2281 1837 angelorum,
2344 1776 2400 1822 et
2431 1785 2525 1855 ῆι

2382 1776 2471 1855 ιη
2501 1781 2897 1855 ἐμπορεύονται
2932 1782 3025 1836 τδν
3079 1781 3400 1851 ἐπουράνιον
3454 1778 3718 1841 πλοῦτον,
3782 1780 3960 1831 ῐσασιν
4018 1778 4070 1829 οἱ

833 1835 1204 1915 admiratione
1228 1860 1400 1926 ducti,
1435 1859 1657 1914 dicunt:
1698 1835 2235 1913 Immensasﬁdt'vt'tias
2275 1875 2396 1911 con-
2429 1835 2473 1891 Β
2505 1891 2524 1926 ε

2382 1886 2396 1897 '
2429 1835 2473 1891 Β
2505 1835 2853 1943 σῦμτέολῖται,
2884 1835 3129 1927 τουτέστι
3181 1835 3250 1925 τά
3302 1872 3587 1941 πνεύματα
3618 1835 3730 1924 τῶν
3770 1871 3946 1937 ἁγίων
3971 1869 4073 1921 καὶ

832 1952 997 2005 seculi
1017 1960 1138 2003 sunt
1174 1951 1368 2020 fratres
1393 1950 1577 2014 nostri,
1602 1951 1691 2019 qui
1724 1951 1781 2003 in
1806 1950 1958 2002 terris
1980 1958 2124 2001 sunt.
2162 1948 2226 2001 Hi
2266 1963 2396 2017 ergo

838 2043 941 2112 71
968 2058 1090 2097 cum
1112 2058 1299 2098 secum
1324 2042 1561 2098 habeant
1581 2040 1891 2108 Dominum,
1923 2056 2046 2096 cum
2087 2040 2394 2106 discedunt,

839 2151 1032 2205 magna
1052 2150 1176 2190 cum
1200 2134 1388 2189 laetitia
1412 2133 1714 2187 veniuntad
1735 2132 2239 2198 cmlcstesincolas;
2262 2148 2399 2201 quos

837 2230 1140 2296 excipiunt,
1172 2226 1268 2296 qui
1298 2234 1425 2281 sunt
1453 2241 1483 2279 a
1511 2226 1681 2280 latere
1733 2226 1971 2294 Domini,
2023 2238 2086 2279 ac
2131 2223 2225 2294 qui
2287 2224 2398 2278 illic

836 2322 919 2376 eis
949 2321 1143 2376 domos
1160 2330 1216 2375 et
1237 2320 1426 2374 hortos
1457 2327 1514 2373 et
1537 2316 1821 2387 splendida
1863 2327 2027 2387 atque
2080 2324 2396 2385 sumptuosa

838 2414 1161 2469 vestimenta
1188 2420 1512 2484 praeparant,
1541 2410 1840 2481 excipiunt.

906 2588 997 2643 IX.
1032 2589 1335 2645 Sobrietate
1376 2589 1541 2658 igitur
1578 2588 1634 2641 in
1675 2586 1932 2641 omnibus
1975 2600 2112 2654 opus
2153 2594 2265 2649 est,
2296 2599 2395 2649 ne,

837 2698 959 2753 qua:
986 2682 1234 2735 videmur
1256 2680 1537 2750 possidere
1564 2678 1729 2745 bona,
1752 2678 1807 2732 in
1834 2677 2132 2747 perniciem
2155 2686 2398 2730 nostram

837 2780 1139 2827 vertantur.
1175 2772 1310 2825 Nam
1354 2770 1449 2840 qui
1496 2777 1693 2823 natura
1737 2777 1866 2823 sunt
1912 2766 2162 2836 benigni,
2196 2767 2253 2819 ni
2296 2765 2399 2820 sibi

838 2875 1095 2929 caveant,
1125 2878 1319 2933 parum
1360 2863 1543 2927 abest,
1572 2859 1708 2930 quin
1742 2861 1808 2914 ab
1843 2861 1957 2928 ipsa
1990 2859 2237 2913 bonitate
2267 2858 2399 2912 sub-

838 2956 1128 3009 trahantur
1157 2972 1170 3007 :
1198 2961 1255 3008 et
1276 2952 1370 3022 qui
1400 2951 1669 3022 sapientia
1692 2951 1917 3015 pollent,
1943 2950 2075 3018 quin
2101 2950 2170 3003 ab
2194 2965 2258 3003 ea
2287 2950 2401 3018 ipsa

836 3047 1225 3115 surripiantur.
1266 3042 1495 3114 Oportet
1546 3058 1677 3114 ergo
1716 3043 1773 3097 in
1822 3042 2077 3096 omnibus
2119 3042 2397 3111 partibus,

2502 1961 2611 2017 τῶν
2630 1961 2898 2029 ἀγγέλων,
2947 1962 3041 2015 καὶ
3070 1960 3410 2031 θαυμάζουσι
3441 1960 3713 2028 λέγοντες,
3749 1962 3853 2025 Είς
3880 1959 4075 2027 μέγαν

2502 2052 2771 2107 πλοῦτον
2784 2054 3074 2123 είσῆλθον
3091 2056 3145 2106 οι
3164 2053 3415 2121 ἀδελφοί
3431 2049 3597 2121 ἡμῶν
3612 2054 3667 2106 ot
3680 2051 3777 2105 ἐπὶ
3801 2048 3909 2118 τῆς
3930 2048 4072 2119 τῆς.

2506 2147 2759 2215 Ἔχοντες
2782 2141 2875 2200 οὖν
2920 2138 3066 2199 οὗτοι
3121 2146 3239 2216 μεθ’
3277 2147 3483 2200 ἑαυτῶν
3519 2146 3611 2199 τὸν
3654 2144 3859 2214 Κύριον
3905 2144 3965 2194 ἐν
3999 2144 4072 2211 τῇ

2502 2236 2777 2301 ἀναλύσει,
2808 2237 2866 2290 ἐν
2898 2236 3109 2308 μεγάλῃ
3135 2237 3281 2306 χαρᾷ
3324 2236 3577 2306 ἔρχονται
3606 2234 3746 2304 πρὸς
3778 2234 3907 2295 τοὺς
3932 2233 4073 2297 ἀνω,

2500 2333 2597 2384 καὶ
2620 2330 2865 2401 δέχονται
2884 2331 3083 2394 αὐτοὺς
3104 2332 3155 2382 οί
3182 2330 3277 2382 τοῦ
3303 2330 3529 2401 Κυρίου,
3565 2330 3681 2381 ἐκεῖ
3703 2324 4071 2396 εὐτρεπίσαν-

2499 2437 2592 2481 τες
2621 2422 2804 2483 αὐτοῖς
2825 2420 3005 2482 οίκους
3027 2420 3121 2473 καὶ
3143 2418 3523 2490 παραδείσους,
3545 2416 3641 2471 καὶ
3659 2415 3934 2486 ἐνδύματα
3951 2413 4079 2466 ὁλό-

2502 2512 2732 2582 λαμπρα
2752 2511 2850 2566 καὶ
2884 2509 3173 2579 πολυτελῆ.

2574 2602 2652 2654 Θ¹.
2678 2600 2911 2671 Νήψεως
2935 2598 3027 2653 οὖν
3059 2602 3117 2654 ἐν
3168 2600 3302 2653 πᾶσι
3343 2599 3522 2670 χρεία,
3545 2600 3632 2652 ῐνα
3665 2599 3739 2668 μὴ
3775 2599 3870 2652 καὶ
3912 2597 3950 2651 ἃ
3982 2596 4079 2649 δο-

2504 2694 2707 2765 κοῦμεν
2736 2694 2881 2763 ἔχειν
2926 2694 3130 2762 ἀγαθά,
3176 2693 3310 2763 πρὸς
3342 2692 3547 2762 βλάϐην
3586 2692 3741 2761 ἡμῶν
3778 2690 4076 2758 γένωνται.

2504 2788 2617 2841 Καὶ
2653 2786 2763 2856 γὰρ
2812 2787 2861 2838 οί
2892 2785 3118 2856 χρηστοὶ
3166 2784 3309 2839 κατὰ
3364 2783 3549 2852 φύσιν,
3582 2782 3677 2836 ἐὰν
3725 2782 3800 2852 μὴ
3843 2781 4081 2848 ἀσφαλίο

2508 2895 2727 2942 σωνται,
2778 2877 2921 2932 κατὰ
2972 2876 3166 2946 μικρὸν
3211 2876 3279 2929 δι’
3324 2877 3496 2945 αὐτῆς
3547 2877 3648 2944 τῆς
3702 2875 4083 2944 χρηστότητος

2506 2969 2898 3040 ὐποσύρονται,
2933 2970 3029 3022 καὶ
3053 2970 3104 3021 οἱ
3150 2967 3366 3037 ἔχοντες
3417 2968 3631 3036 σοφίαν,
3673 2968 3741 3020 δι’
3773 2966 3944 3032 αὐτῆς
3971 2964 4083 3033 τῆς

2510 3059 2700 3127 σοφίας
2746 3058 3092 3112 κλέπτονται.
3149 3059 3243 3110 Δεῖ
3284 3052 3380 3110 οὖν
3442 3060 3499 3110 ἐν
3537 3058 3673 3109 πᾶσι
3707 3057 3820 3117 τοῖς
3859 3055 4082 3123 μέρεσι,

838 3149 1202 3208 temperatum
1248 3152 1369 3192 esse
1415 3136 1721 3201 hominem,
1764 3150 1960 3205 nempe
2004 3135 2398 3189 humanitatem
2426 3186 2470 3243 ϐ
2510 3166 2529 3201 ε

2394 3156 2398 3186 ί
2426 3186 2470 3243 c
2510 3147 2952 3220 συγκεκραμένον
2976 3142 3117 3202 εἶναι
3138 3147 3229 3201 τὸν
3254 3147 3562 3217 ἄνθρωπον,
3588 3146 3649 3200 τὸ
3676 3144 3913 3216 χρηστὸν
3939 3144 4085 3214 μετὰ

838 3246 966 3283 cum
1000 3228 1289 3283 severitate
1322 3228 1637 3302 permistam
1670 3228 1894 3291 habere,
1919 3226 2243 3295 sapientiam
2275 3241 2400 3279 cum
2427 3226 2470 3243 “
2506 3258 2529 3293 τ

2393 3246 2400 3278 ι
2427 3226 2470 3243 υ
2506 3240 2601 3293 τοῦ
2649 3240 2949 3310 ἀποτόμου,
2973 3242 3036 3293 τδ
3068 3240 3232 3307 σοφὸν
3256 3240 3393 3309 μετά
3417 3239 3760 3309 διακρίσεως,
3790 3240 3882 3291 τὸν
3918 3237 4084 3305 λόγον

836 3321 1068 3391 judicio,
1099 3334 1407 3375 sermonem
1444 3334 1567 3373 cum
1600 3333 1786 3387 opere,
1814 3327 1977 3386 atque
2010 3317 2233 3371 omnino
2262 3316 2404 3371 ﬁdu-

839 3412 983 3467 ciam
1012 3428 1165 3467 suam
1195 3409 1250 3466 in
1274 3411 1527 3477 Domino,
1546 3427 1656 3466 non
1688 3426 1747 3466 se
1777 3411 1896 3482 ipso
1920 3411 2406 3466 collocare.Virtus

836 3505 982 3557 cnim
1017 3502 1272 3558 conditur
1291 3501 1459 3555 variis
1488 3502 1686 3563 modis,
1713 3509 1969 3569 tanquam
2002 3502 2157 3554 cibus
2184 3500 2402 3569 quidam

838 3594 1182 3649 necessarius
1218 3592 1443 3647 conditu
1484 3601 1577 3645 aut
1614 3592 1723 3645 alio
1760 3591 2027 3660 quodam,
2058 3600 2114 3645 et
2148 3591 2252 3645 hoc
2295 3606 2405 3645 non

840 3694 1053 3740 tantum
1103 3686 1287 3750 melle,
1318 3684 1414 3739 sed
1462 3683 1628 3738 etiam
1669 3684 1879 3753 pipere,
1910 3694 1966 3737 et
2012 3684 2085 3739 ita
2134 3685 2406 3753 reperitur

842 3778 1016 3831 utilis.

913 3867 983 3921 X.
1014 3866 1118 3934 Qui
1153 3875 1406 3922 asserunt
1456 3881 1566 3921 non
1600 3882 1724 3921 esse
1756 3874 2040 3936 peccatum
2074 3869 2129 3921 in
2162 3867 2404 3932 homine,

838 3958 1069 4029 perinde
1102 3967 1251 4025 sunt,
1279 3974 1344 4013 ac
1375 3959 1469 4027 qui
1504 3959 1860 4013 inundatione
1894 3959 2198 4029 ingentium
2233 3976 2405 4029 aqua-

841 4068 962 4105 rum
987 4052 1245 4115 demersi,
1269 4051 1375 4106 hoc
1399 4052 1576 4119 ipsum
1603 4052 1762 4105 fateri
1783 4059 2064 4117 verentur,
2087 4051 2183 4106 sed
2208 4052 2363 4105 aiunt
2387 4069 2401 4105 :

840 4141 1040 4196 Sanum
1081 4160 1343 4212 aquarum
1381 4142 1696 4196 audivimus.
1733 4141 1824 4196 Sic
1862 4157 2079 4212 quoque
2119 4141 2406 4212 profundis

838 4233 1061 4287 malitiae
1093 4232 1353 4288 ﬂuctibus
1380 4232 1639 4293 demersi.
1664 4241 1864 4303 negant
1888 4236 1943 4287 in
1969 4242 2153 4289 mente
2179 4249 2243 4289 ac
2262 4236 2408 4304 cogi-

840 4323 1143 4377 tationibus
1178 4323 1292 4377 suis
1330 4332 1614 4391 peccatum
1656 4324 1884 4379 haerere.
1912 4324 2019 4377 Alii
2058 4332 2185 4378 sunt
2219 4325 2403 4394 igitur,

837 4413 931 4481 qui
982 4428 1235 4466 sermone
1284 4412 1505 4480 quidem
1548 4412 1766 4476 valent,
1814 4422 1871 4467 et
1916 4412 2250 4482 loquuntur,
2294 4429 2405 4468 non

2509 3330 2650 3399 μετά
2680 3329 2776 3383 τοῦ
2813 3330 3005 3400 εργου,
3036 3329 3098 3382 τὸ
3124 3330 3244 3382 ὅλον
3273 3329 3590 3382 πεποιθέναι
3608 3330 3701 3382 ἐπὶ
3728 3328 3953 3397 Κύριον,
3983 3328 4085 3381 καὶ

2510 3422 2585 3491 μὴ
2616 3420 2701 3489 ἐφ’
2732 3421 2943 3475 ἑαυτόν.
2978 3421 3045 3475 Ἦ
3074 3422 3181 3489 γὰρ
3222 3421 3393 3492 ἀρετὴ
3440 3421 3529 3474 διά
3551 3420 3759 3474 πολλῶν
3792 3420 4083 3491 ἀρτύεται,

2506 3512 2695 3581 ῶσπερ
2734 3511 2935 3581 ἔδεσμά
2959 3530 3011 3565 τι
3042 3512 3149 3565 τῶν
3174 3514 3485 3580 ἀναγκαίων
3514 3513 3604 3567 διά
3627 3513 3870 3566 κονδίτου
3900 3514 3934 3583 ἢ
3956 3513 4083 3566 ἐτέ-

2513 3618 2605 3671 ρου
2643 3601 2810 3665 τινὸς,
2842 3602 2936 3654 καὶ
2966 3601 3125 3653 τοῦτο
3147 3602 3207 3655 οὐ
3242 3603 3405 3670 μόνον
3430 3602 3518 3655 διά
3552 3602 3789 3671 μέλιτος,
3812 3602 3953 3656 ἀλλά
3982 3602 4084 3657 καὶ

2508 3692 2818 3761 πεπέρεως,
2847 3692 2945 3745 καὶ
2971 3692 3142 3755 οὕτως
3166 3694 3481 3763 εὑρίσκεται
3502 3694 3793 3764 χρήσιμον.

2579 3871 2635 3923 I'.
2663 3870 2727 3923 Οί
2752 3868 2999 3937 λέγοντες
3030 3868 3105 3938 μὴ
3131 3863 3270 3920 εῖναι
3300 3867 3399 3937 τὴν
3448 3868 3718 3938 ἁμαρτίαν
3760 3869 3820 3920 ἐν
3847 3868 3927 3935 τῷ
3977 3869 4079 3921 ἀν-

2506 3958 2729 4030 θρώπῳ,
2780 3960 2950 4022 οὕτως
2999 3961 3159 4024 εἰσὶν,
3202 3958 3278 4022 ὡς
3310 3960 3417 4012 ὑπὸ
3473 3959 3814 4030 πλημμύρας
3863 3960 4079 4015 ὑδάτων

2508 4052 2718 4105 πολλῶν
2776 4052 3357 4121 καταπεποντισμένοι,
3403 4051 3498 4103 καὶ
3556 4052 3716 4103 τοῦτο
3759 4052 3835 4122 μὴ
3885 4052 4082 4119 ὁμολο-

2506 4141 2749 4207 γοῦντες,
2773 4141 2909 4194 ἀλλὰ
2926 4141 3194 4208 λέγοντες,
3219 4137 3415 4209 Ἧκον
3436 4140 3671 4193 ὑδάτων
3688 4142 4043 4209 ἠκούσαμεν
4062 4156 4078 4169 ο

2506 4233 2650 4286 οὕτω
2696 4232 2791 4285 καὶ
2828 4233 2982 4286 αὐτοὶ
3018 4232 3583 4302 καταπεποντισμένοι
3632 4232 3736 4285 ὑπὸ
3766 4233 3863 4286 τοῦ
3911 4232 4081 4301 βυθοῦ

2509 4324 2620 4378 τῶν
2653 4324 2911 4393 κυμάτων
2932 4324 3030 4390 τῆς
3054 4324 3273 4388 κακίας,
3296 4326 3357 4377 ού
3382 4325 3633 4391 λέγουσιν
3648 4323 3787 4378 εῐναι
3812 4326 3870 4377 ἐν
3895 4326 3975 4395 τῷ
4003 4325 4083 4395 νῷ

2510 4417 2605 4469 καὶ
2638 4418 2749 4478 τοῖς
2779 4414 3058 4485 λογισμοῖς
3086 4415 3265 4467 αὐτῶν
3293 4415 3392 4485 τὴν
3443 4416 3719 4485 ἁμαρτίαν
3746 4432 3764 4447 ⁸
3806 4416 3959 4469 ἄλλοι
3983 4414 4082 4471 οὖν

840 4510 1021 4555 tamen
1056 4500 1170 4554 sale
1201 4499 1412 4555 caelesti
1442 4498 1647 4553 conditi
1678 4508 1833 4564 sunt;
1868 4507 2203 4567 narrantque
2232 4500 2399 4554 multa
2427 4513 2479 4572 D
2506 4521 2531 4556 ε

2391 4519 2399 4553 ι
2427 4513 2479 4572 Ῑ)
2506 4506 2666 4565 εἰσιν,
2700 4506 2747 4557 οί
2776 4504 2933 4571 λόγον
2971 4504 3067 4573 μὲν
3098 4504 3311 4574 ἔχοντες
3333 4506 3427 4558 καὶ
3451 4506 3755 4572 λαλοῦντες,
3801 4508 3875 4578 μὴ
3909 4509 4082 4578 ἠρτυ-

839 4592 909 4646 de
940 4606 1127 4645 mensa
1156 4590 1332 4659 regia;
1367 4604 1491 4643 cum
1523 4598 1705 4643 tamen
1737 4589 1871 4643 nihil
1908 4588 2267 4654 comederint,
2300 4605 2403 4644 nec

842 4681 1144 4751 quidquam
1174 4680 1355 4749 adepti
1381 4680 1509 4734 sint.
1532 4680 1682 4733 Alius
1706 4696 1839 4735 vero
1868 4688 1972 4743 est,
1994 4680 2087 4749 qui
2114 4691 2406 4749 conspecto

841 4789 989 4844 rege,
1014 4773 1327 4843 apertisque
1354 4773 1454 4827 sibi
1487 4773 1777 4840 thesauris,
1802 4774 2126 4842 ingreditur,
2149 4790 2212 4830 ac
2237 4775 2406 4831 haere-

840 4866 1068 4920 ditatem
1093 4865 1293 4933 cernit,
1314 4864 1483 4919 edens
1510 4875 1567 4919 et
1590 4865 1783 4920 bibens
1809 4866 1875 4920 de
1902 4866 2044 4922 cibis
2070 4867 2177 4922 illis
2200 4868 2403 4938 pretio-

842 4970 1095 5012 SlSSlmIS.

920 5135 1009 5189 XI.
1038 5135 1272 5189 Perinde
1304 5151 1435 5189 vero
1470 5151 1534 5190 ac
1567 5147 1816 5202 matrem,
1848 5137 2139 5193 habentem
2178 5138 2402 5193 unicum

848 5228 1043 5291 filium,
1074 5226 1553 5292 formosissimum,
1605 5229 1908 5298 sapientem
1942 5232 2201 5299 omnique
2232 5230 2406 5285 bono-

845 5337 966 5373 rum
996 5335 1195 5389 genere
1220 5330 1560 5383 exornatum,
1590 5322 1644 5375 in
1674 5337 1782 5390 quo
1814 5338 2030 5377 omnem
2063 5338 2213 5392 spem
2245 5325 2403 5378 sitam

845 5410 1037 5471 liabet,
1072 5408 1114 5461 si
1168 5425 1293 5462 eum
1341 5411 1618 5481 contingat
1659 5412 1726 5465 ab
1776 5413 1865 5465 illa
1913 5413 2076 5467 terris
2123 5414 2400 5477 mandari,

844 5497 980 5551 nihil
1021 5498 1124 5551 nisi
1166 5497 1322 5551 dolor
1360 5500 1629 5565 assiduus,
1662 5509 1717 5555 et
1756 5502 1937 5555 luctus
1975 5503 2401 5558 consolationem

847 5604 955 5643 non
991 5589 1283 5645 admittens
1316 5603 1544 5662 occupat
1576 5612 1587 5648 :
1630 5593 1705 5647 sic
1736 5610 1954 5663 quoque
1988 5611 2162 5662 mens,
2186 5598 2338 5667 quasi
2373 5613 2401 5650 ο

911 5766 953 5801 ’θ
982 5766 1136 5821 Joan.
1166 5784 1292 5831 χιιι,
1334 5770 1415 5823 16.

2516 4597 2665 4673 μένοι
2694 4597 2751 4650 δὲ
2796 4595 2875 4667 τῷ
2906 4596 3208 4667 ἐπουρανίῳ
3232 4598 3411 4661 ἅλατι,
3434 4600 3530 4651 καὶ
3588 4600 3900 4670 διηγοῦνται
3946 4603 4081 4672 περὶ

2512 4690 2791 4769 τραπέζης
2831 4689 3118 4759 βασιλικῆς
3157 4690 3323 4759 μηδὲν
3352 4690 3689 4761 φαγόντες,ἢ
3717 4691 4079 4762 κτησάμενοι.

2515 4783 2705 4847 ΙἌλλος
2734 4782 2792 4835 δέ
2819 4784 2966 4836 ἐστιν
2994 4785 3021 4834 ὁ
3041 4781 3376 4851 θεασάμενος
3397 4783 3561 4835 αὑτὸν
3582 4784 3672 4835 τὸν
3704 4782 3950 4852 βασιλέα,
3984 4784 4084 4837 καὶ

2511 4872 2837 4939 ἀνοιγέντων
2864 4870 3012 4940 αὑτῷ
3037 4870 3345 4941 θησαυρῶν,
3380 4871 3658 4933 είσελθὼν,
3698 4872 3794 4924 καὶ
3823 4871 4083 4943 κληρονο-

2513 4966 2694 5036 μήσας
2724 4964 2821 5016 καὶ
2846 4962 3036 5032 φαγὼν
3061 4964 3154 5016 καὶ
3186 4961 3327 5015 πιὼν
3354 4965 3419 5016 ἐκ
3443 4962 3553 5015 τῶν
3581 4964 3895 5033 ἐδεσμάτων
3927 4967 4077 5017 ἐκει-

2511 5074 2615 5109 νων
2638 5055 2747 5107 τῶν
2776 5054 3104 5109 πολυτελῶν.

2582 5148 2687 5200 ιλν.
2730 5146 2941 5217 Ὠσπερ
2974 5142 3123 5220 ἐὰνῇ
3158 5148 3339 5219 μήτηρ
3388 5146 3590 5216 ἔχουσα
3629 5161 3743 5202 υεον
3786 5149 4077 5217 μονογενῇ

2511 5237 2900 5301 εύειδέστατον,
2958 5239 3141 5306 σοφὸν,
3195 5240 3328 5297 πᾶσι
3368 5240 3782 5308 κεκοσμημένον
3824 5239 4076 5306 ἀγαθοῖς,

2510 5328 2595 5397 ἐφ’
2635 5321 2679 5395 ᾦ
2708 5328 2819 5399 ἔχει
2879 5331 3056 5391 πάσας
3101 5329 3199 5392 τάς
3236 5330 3476 5393 ἐλπίδας,
3517 5331 3610 5382 καὶ
3656 5330 3837 5399 συμϐῇ
3885 5329 4078 5382 τοῦτον

2509 5421 2746 5489 ταφῆναι
2774 5421 2862 5474 ὑπ’
2897 5422 3089 5491 αὐτῆς,
3111 5422 3299 5475 λοιπδν
3328 5422 3677 5491 προσγίνεται
3721 5422 3858 5491 αὐτῇ
3904 5421 4071 5486 πόνος

2510 5510 2810 5575 ἄπαυστος,
2850 5513 2944 5566 καὶ
2970 5513 3160 5577 πένθος
3197 5514 3627 5585 ἀπαραμύθητον
3652 5531 3665 5545 ·
3695 5513 3867 5575 οὕτως
3914 5518 4011 5566 καὶ
4042 5517 4073 5567 ό

2510 5600 2631 5665 νοῦς
2663 5603 2737 5665 ὠς
2764 5603 3135 5674 ἀποθανούσης
3182 5606 3289 5659 ἀπὸ
3339 5605 3473 5659 Θεοῦ
3506 5606 3603 5675 τῆς
3636 5604 3834 5677 ψυχῆς,
3860 5603 4071 5673 ὀφείλει
