4282 6364
173 345 279 412 621

1369 330 1729 398 ΗΟΜΙΙᾸΑΞ.
1752 354 1822 366 -

1844 330 2028 392 ΗΟΜ.
2066 330 2219 393 XVI.
3272 318 3375 383 622

177 459 375 522 πένθος
391 452 678 511 ἀναλαϐεῖν
708 451 801 506 καὶ
823 450 1053 519 δάκρυα,
1095 448 1254 502 πόνον
1275 447 1568 513 ἄπαυστον,
1610 462 1731 499 συν·
1760 442 1807 503 Δ
1832 442 1868 497 ῐ]

1685 463 1731 498 v-
1760 442 1807 503 Δ
1832 442 1943 497 Deo
1967 450 2181 496 mortua
2211 440 2281 495 sit
2313 439 2514 501 anima,
2563 436 2749 507 lugere
2785 432 2967 497 debet,
3015 446 3080 488 ac
3116 431 3376 505 lacrymas

176 548 546 622 τετριμμένην
576 545 719 615 ἔχειν
747 544 995 613 καρδίαν,
1030 540 1133 594 ὑπὸ
1161 539 1324 609 φόϐον
1353 534 1492 592 εἶναι
1516 538 1607 591 καὶ
1642 537 1737 607 μέ-

181 657 405 713 ριμναν,
436 638 581 707 ἔχειν
614 637 671 689 δὲ
706 637 799 689 καὶ
818 636 917 703 τὴν
948 635 1137 686 πεῖναν
1161 632 1253 684 καὶ
1300 629 1461 699 δίψαν
1482 626 1575 682 τοῦ
1598 629 1736 696 ἀγα·

178 736 276 790 θοῦ
304 734 532 788 πάντοτε
557 746 569 758 ·
610 729 702 781 τὸν
751 726 987 780 τοιοῦτον
1033 724 1217 777 λοιπὸν
1249 722 1547 792 διαδέχεται
1581 719 1738 792 χάρις

177 823 316 880 Θεοῦ
345 824 440 877 καὶ
472 820 647 884 ἐλπὶς,
683 818 777 871 καὶ
796 816 980 871 οὐκέτι
1008 815 1155 868 ἐστὶν
1177 815 1235 867 ὲν
1256 812 1333 883 τῷ
1361 811 1583 881 τοιούτῳ
1608 811 1738 863 πέν-

179 915 293 980 θος,
326 912 463 967 ἀλλά
494 910 672 981 χαίρει
728 907 803 970 ὡς
833 907 861 958 ό
909 904 1086 976 εὑρὼν
1125 903 1412 974 θησαυρὸν,
1454 900 1549 955 καὶ
1581 901 1739 955 πάλιν

177 1006 373 1076 τρέμει
411 1002 484 1073 μή
517 1018 632 1062 πως
663 997 901 1068 ἀπολέσῃ
936 994 1118 1049 αὐτόν.
1164 994 1512 1064 Ἐπέρχονται
1551 992 1657 1065 γὰρ
1689 994 1739 1046 ot

178 1090 398 1161 λῃσταί.
434 1088 645 1156 Ὠσπερ
672 1086 765 1139 ὲάν
795 1102 877 1148 τις
904 1086 983 1147 είς
1012 1082 1212 1147 πολλὰς
1237 1083 1623 1155 ληστουργίας,
1647 1084 1740 1136 καὶ

182 1180 387 1249 ζημίας
434 1175 711 1248 ἐμπεσὼν,
759 1176 899 1246 μετά
966 1174 1160 1227 πολλοῦ
1200 1173 1445 1243 καμάτου
1480 1172 1738 1243 διαφύγῃ,

182 1269 281 1321 καὶ
312 1267 451 1337 μετά
476 1266 647 1319 ταῦτα
674 1264 812 1336 εὕρῃ
846 1262 1162 1332 περιουσίαν
1196 1263 1454 1332 μεγάλην,
1497 1261 1590 1315 καὶ
1613 1261 1741 1313 ὑπό-

185 1373 378 1410 στασιν
429 1354 650 1425 πολλὴν,
697 1354 793 1405 καὶ
819 1352 1001 1405 οὐκέτι
1031 1352 1233 1405 δέδοικε
1284 1350 1483 1421 ζημίαν
1534 1350 1621 1403 διά
1654 1350 1742 1402 τὸν

186 1448 563 1500 πλεονάσαντα
606 1444 833 1497 πλοῦτον
860 1460 875 1477 ·
926 1442 1098 1503 οὕτως
1147 1444 1240 1495 καὶ
1283 1444 1332 1494 οί
1366 1443 1739 1511 πνευματικοὶ,

189 1538 404 1605 πρῶτον
440 1537 738 1599 διελθόντες
767 1537 825 1588 ὲν
858 1536 1068 1597 πολλοῖς
1108 1536 1431 1603 πειρασμοῖς
1462 1534 1555 1586 καὶ
1586 1533 1742 1601 φοϐε-

190 1628 306 1697 ροῖς
338 1626 543 1689 τόποις.
577 1621 709 1680 Εἶτα
765 1626 981 1695 χάριτος
1034 1624 1402 1693 πληρωθέντες
1453 1624 1547 1676 καὶ
1574 1640 1741 1692 μεμε-

190 1717 458 1785 στωμένοι
482 1714 590 1767 τῶν
615 1716 854 1781 ἀγαθῶν,
893 1714 1072 1766 οὐκέτι
1103 1713 1368 1765 δεδοίκασι
1396 1715 1520 1775 τοὺς
1559 1713 1738 1766 θέλονο

188 1822 289 1866 τας
338 1805 536 1867 αὐτοὺς
579 1804 827 1874 συλῆσαι,
883 1803 1071 1873 δπειδὴ
1120 1803 1149 1855 6
1191 1801 1417 1865 πλοῦτος
1468 1804 1567 1856 οὐκ
1600 1803 1743 1856 ἔστιν

191 1894 377 1956 αὐτοῖς
399 1893 575 1960 ὀλίγος
604 1911 617 1923 ·
644 1893 823 1963 ἔχουσι
854 1893 909 1945 δὲ
933 1896 1024 1946 καὶ
1061 1892 1241 1961 φόϐον,
1294 1892 1355 1944 ού
1404 1892 1510 1945 τῶν
1548 1892 1745 1961 φοϐου-

195 1983 377 2051 μένων
407 1984 473 2035 τά
514 1983 723 2053 πονηρά
753 1982 1054 2051 πνεύματα,
1086 1982 1221 2035 ἀλλά
1255 1982 1419 2050 φόϐον
1457 1983 1551 2035 καὶ
1592 1983 1743 2053 μέρι-

196 2091 359 2142 μναν,
405 2073 523 2137 πῶς
587 2074 922 2144 διοικήσουσι
968 2072 1037 2126 τά
1088 2073 1513 2144 ὲμπιστευθέντα
1565 2074 1747 2139 αὐτοῖς

196 2183 329 2218 πνευ
337 2166 540 2236 ματικά
572 2166 907 2238 χαρίσματα.

269 2425 369 2478 lB’.
427 2426 579 2495 Ἔχει
616 2426 672 2477 δὲ
719 2428 747 2479 6
794 2425 1030 2489 τοιοῦτος
1082 2427 1516 2498 ἐξουδενούμενον
1562 2431 1749 2485 ἑαυτὸν

197 2516 346 2582 παρά
378 2513 584 2577 πάντας
619 2516 991 2584 ἁμαρτωλοὺς,
1044 2518 1138 2569 καὶ
1175 2518 1285 2586 ἔχει
1343 2521 1401 2572 ἐν
1449 2520 1626 2587 ἑαυτῷ
1658 2522 1749 2575 τὸν

194 2603 438 2657 τοιοῦτον
496 2604 751 2675 λογισμὸν
809 2606 1212 2675 ὲμφυτευθέντα
1253 2608 1328 2669 ὡς
1377 2612 1624 2678 φυσικὸν,
1656 2613 1750 2664 καὶ

195 2696 322 2747 ὅσον
350 2695 653 2765 είσέρχεται
687 2698 765 2758 εἰς
794 2696 991 2762 γνῶσιν
1025 2697 1181 2761 Θεοῦ,
1220 2699 1472 2753 τοσοῦτον
1506 2701 1617 2770 ἔχει
1649 2704 1749 2755 αύ-

196 2783 291 2835 τὸν
330 2783 563 2852 ίδιώτην,
596 2783 688 2837 καὶ
751 2786 872 2837 ὅσον
931 2784 1213 2853 μανθάνει,
1266 2789 1345 2850 είς
1395 2789 1559 2857 μηδὲν
1598 2790 1751 2852 εἰδώς

197 2876 337 2927 ἐστι.
368 2872 549 2927 Ταῦτα
567 2876 624 2927 δὲ
657 2878 689 2945 ή
718 2876 874 2945 χάρις
904 2875 1246 2942 διακονοῦσα,
1275 2878 1350 2941 ὡς
1379 2878 1582 2947 φυσικά
1604 2880 1662 2932 ὲν
1687 2882 1751 2951 τῇ

196 2965 346 3034 ψυχῇ
377 2966 767 3036 ἀπεργάζεται.
795 2967 1003 3037 Ὠσπερ
1029 2968 1124 3020 ὲάν
1149 2964 1182 3039 ᾖ
1218 2969 1426 3022 παιδίον
1443 2970 1545 3023 ὑπὸ
1578 2973 1753 3025 νεανί-

1837 533 2119 589 eﬂ‘undere
2142 572 2158 595 ,
2193 531 2559 597 continuoque
2599 540 2832 581 maerore
2876 522 3047 588 affici,
3084 524 3381 578 contritum

1838 625 2041 678 habere
2068 637 2185 687 cor,
2214 636 2337 675 cum
2368 627 2517 674 metu
2542 625 2597 671 et
2618 614 2982 670 sollicitudine
3008 614 3172 668 vitam
3200 627 3380 684 agere,

1837 724 1892 769 et
1912 715 2168 769 continua
2195 712 2334 767 fame
2360 726 2421 765 ac
2446 709 2536 764 siti
2567 708 2737 776 ipsius
2760 707 2889 762 boni
2914 703 3179 760 laborare.
3196 704 3383 759 Talem

1837 804 2183 876 postmodum
2209 803 2552 872 amplectitur
2571 801 2741 873 gratia
2761 800 2857 855 Dei
2879 807 2935 855 et
2955 812 3099 869 spes,
3116 812 3219 852 nec
3239 796 3384 850 ultra

1837 903 1921 949 est
1945 895 2001 948 in
2029 894 2200 958 luctu,
2221 892 2315 947 sed
2344 892 2539 962 gaudio
2564 888 2931 962 perfunditur,
2954 885 3181 958 perinde
3204 901 3267 941 ac
3295 886 3386 940 ille

1838 984 1931 1054 qui
1971 984 2283 1039 thesaurum
2328 983 2560 1051 reperit,
2598 994 2663 1036 ac
2696 993 2886 1034 rursus
2925 974 3279 1039 intremiscit,
3313 988 3384 1029 ne

1838 1092 1947 1146 quo
1989 1083 2147 1147 pacto
2189 1090 2316 1130 eum
2362 1074 2569 1145 perdat.
2600 1074 2895 1143 insurgunt
2931 1071 3076 1126 enim
3121 1069 3384 1124 latrones.

1838 1168 2071 1223 Perinde
2098 1182 2229 1222 vero
2254 1182 2318 1223 ac
2345 1167 2437 1237 qui
2469 1167 2525 1220 in
2554 1167 2751 1220 multas
2777 1166 3047 1219 latronum
3081 1161 3298 1230 rapinas
3330 1166 3386 1213 et

1840 1258 2081 1327 pericula
2110 1258 2353 1328 illapsus,
2378 1272 2487 1312 non
2515 1257 2719 1325 absque
2744 1269 2938 1323 magno
2969 1252 3155 1307 labore
3183 1248 3382 1311 evadit,

1839 1361 1901 1401 ac
1932 1354 2141 1417 postea,
2164 1347 2479 1417 ingentibus
2508 1346 2705 1415 opibus
2734 1360 2796 1398 ac
2817 1342 3165 1398 facultatibus
3195 1340 3387 1393 inven-

1840 1439 1933 1497 tis.
1961 1453 2070 1491 non
2103 1438 2336 1507 amplius
2365 1437 2618 1491 damnum
2650 1435 2783 1490 illud
2809 1443 3035 1504 pr0pter
3062 1429 3388 1485 afﬂuentiam

1840 1527 2154 1581 divitiarum
2181 1528 2374 1581 metuit
2402 1544 2415 1580 :
2446 1527 2524 1579 sic
2547 1541 2761 1595 quoque
2785 1523 3099 1594 spirituales
3118 1520 3387 1578 homines,

1840 1617 1935 1685 qui
1980 1616 2133 1685 prius
2175 1630 2272 1684 per
2318 1614 2515 1667 multas
2558 1612 2887 1668 tentationes
2927 1620 2982 1664 et
3026 1606 3391 1663 formidabilia

1842 1706 1959 1759 loca
1993 1705 2327 1759 transierunt
2358 1722 2371 1759 :
2406 1703 2604 1759 deinde
2642 1702 2814 1772 gratia
2852 1700 3090 1768 impleti,
3123 1697 3391 1764 bonisque

1845 1795 2107 1850 cumulati
2154 1804 2311 1860 sunt,
2344 1810 2454 1847 non
2503 1792 2734 1862 amplius
2778 1790 2899 1843 illos
2942 1786 3261 1849 formidant,
3297 1784 3391 1853 qui

1845 1884 2145 1955 depraedari
2173 1899 2266 1939 eos
2291 1882 2566 1946 volebant,
2583 1881 2839 1951 quoniam
2868 1878 3014 1933 haud
3036 1877 3241 1946 exigua!
3265 1881 3394 1928 sunt

1847 1978 2085 2046 ipsorum
2118 1991 2278 2045 opes;
2317 1990 2426 2028 non
2461 1982 2641 2027 tamen
2672 1987 2896 2041 prorsus
2928 1978 3077 2024 metu
3107 1984 3170 2023 ac
3199 1968 3400 2022 timore

1844 2067 1991 2121 omni
2032 2075 2248 2130 carent,
2284 2074 2464 2127 metu,
2497 2064 2751 2132 inquam,
2785 2078 2893 2115 non
2935 2059 3112 2129 qualis
3157 2067 3270 2122 est,
3300 2058 3395 2125 qui

1844 2157 2205 2211 extimescunt
2233 2154 2407 2208 malos
2436 2152 2692 2223 spiritus;
2722 2150 2816 2205 sed
2846 2150 2952 2204 hoc
2980 2155 3127 2202 metu
3157 2162 3221 2202 ac
3247 2146 3397 2201 solliv

1845 2246 2086 2302 citudine
2113 2254 2397 2316 urgentur,
2422 2240 2696 2314 quomodo
2723 2242 2827 2296 rite
2856 2238 3241 2295 administrent
3267 2252 3397 2292 con-

1845 2338 2051 2392 credita
2080 2338 2185 2391 sibi
2210 2337 2512 2406 spiritualia
2538 2336 2698 2390 dona.

1914 2429 2028 2484 XII.
2049 2430 2249 2484 Verum
2275 2428 2367 2498 qui
2395 2428 2662 2498 ejusmodi
2688 2434 2792 2493 est,
2813 2434 3033 2497 reputat
3056 2441 3112 2480 se
3140 2424 3397 2495 abjectio-

1848 2535 1962 2574 rem
1990 2520 2244 2574 omnibus
2268 2519 2668 2589 peccatoribus,
2696 2519 2965 2587 talemque
2988 2516 3393 2586 cogitationem,

1847 2610 1995 2666 velut
2036 2610 2374 2674 naturalem,
2422 2610 2526 2663 sibi
2580 2609 2796 2663 insitam
2848 2609 3038 2673 habet;
3093 2615 3149 2661 et
3192 2613 3397 2674 quanto

1848 2704 2019 2773 magis
2048 2703 2105 2757 in
2135 2703 2328 2757 notitia
2359 2703 2452 2756 Dci
2480 2702 2713 2771 proﬁcit,
2740 2711 2892 2757 tanto
2924 2701 3311 2770 simpliciorem
3341 2714 3400 2754 se

1848 2797 2122 2851 existimat
2160 2796 2382 2849 idiotam
2427 2813 2441 2848 :
2481 2803 2537 2849 et
2571 2804 2775 2864 quanto
2818 2795 2988 2865 magis
3026 2794 3304 2856 didicerit,
3332 2808 3401 2847 eo

1851 2885 2127 2939 rudiorem
2170 2900 2229 2939 se
2276 2893 2513 2953 reputat.
2544 2885 2668 2939 Haec
2706 2893 2888 2955 autem
2928 2884 3102 2955 gratia
3143 2884 3403 2938 directrix

1852 2976 2001 3030 velut
2024 2976 2206 3029 innata
2239 2975 2453 3039 animae,
2479 2976 2703 3045 peragit.
2733 2975 3197 3041 Quemadmodum
3222 2974 3327 3043 ³12
3354 2974 3402 3027 si

201 3073 336 3108 σκου
362 3056 759 3127 βασταζόμενον
787 3061 880 3113 καὶ
907 3062 936 3111 6
967 3061 1267 3129 βαστάζων,
1301 3062 1433 3113 αὐτὸ
1463 3065 1751 3133 περιφέρει
1776 3101 1820 3163 C
1853 3067 1892 3119 si

1708 3081 1751 3117 ει
1776 3101 1820 3163 C
1853 3067 1924 3119 sit
1952 3066 2148 3129 infans,
2174 3065 2267 3134 qui
2296 3080 2324 3117 a
2344 3066 2546 3134 juvene
2571 3074 2833 3134 gestetur,
2856 3066 2902 3118 is
2928 3065 3020 3133 qui
3044 3080 3168 3118 eum
3198 3072 3399 3133 portat,

199 3147 337 3199 ὅπου
368 3145 508 3199 θέλει
532 3187 547 3211 ,
588 3147 730 3200 οὕτω
757 3149 846 3201 καὶ
870 3149 1009 3202 κατὰ
1037 3149 1195 3219 βάθος
1216 3152 1575 3221 ἐνεργουμένη
1597 3153 1752 3222 χάρις

202 3236 461 3305 βαστάζει
488 3238 580 3289 τὸν
606 3238 748 3302 νοῦν,
790 3240 882 3292 καί
908 3240 1165 3310 ἀναφέρει
1197 3243 1277 3305 εἰς
1317 3245 1442 3305 τοὺς
1470 3244 1752 3313 οὐρανοὺς,

202 3328 283 3389 είς
324 3328 414 3380 τὸν
443 3328 646 3383 τέλειον
665 3331 888 3399 κόσμον,
920 3332 999 3394 είς
1020 3331 1119 3401 τὴν
1144 3331 1360 3387 αἰώνιον
1389 3336 1753 3388 κατάπαυσιν.

202 3417 318 3470 Καὶ
351 3419 408 3471 έν
435 3419 570 3488 αὐτῇ
601 3420 655 3473 δὲ
677 3424 740 3490 τῇ
764 3421 946 3490 χάριτί
981 3424 1086 3475 είσι
1115 3424 1286 3494 μέτρα
1314 3427 1407 3478 καὶ
1445 3425 1751 3495 ἀξιώματα.

208 3508 401 3570 Ἀλλος
430 3511 574 3561 ἐστὶν
628 3513 657 3563 6
711 3512 1082 3581 στρατηλάτης
1119 3514 1254 3582 ἔχων
1287 3516 1597 3585 παρρησίαν
1627 3518 1761 3586 πρὸς

202 3600 296 3652 τὸν
340 3600 581 3669 βασιλέα,
617 3601 710 3655 καὶ
741 3604 769 3655 6
800 3602 956 3666 ἄλλας
1004 3606 1148 3658 ἐστὶν
1202 3609 1229 3658 6
1275 3606 1515 3677 ἡγεμών.
1552 3608 1762 3677 Ὠσπερ

206 3684 356 3750 οἶκος
380 3689 806 3758 πεπληρωμένος
860 3692 1066 3745 καπνοῦ
1102 3694 1393 3763 ύπερεκχεί
1428 3696 1635 3760 τοῦτον,
1667 3698 1762 3750 καὶ

206 3782 287 3842 είς
325 3779 415 3832 τὸν
443 3781 545 3843 ἔξω
582 3782 719 3851 ἀέρα
739 3796 753 3810 ·
790 3781 959 3843 οὕτως
983 3785 1084 3835 κάν
1115 3788 1181 3855 τῇ
1203 3785 1342 3855 ψυχῇ
1371 3788 1762 3858 μεμεστωμένη

208 3874 242 3939 ή
276 3873 443 3925 κακία
472 3874 853 3943 ὑπερεκχείται
883 3874 1078 3938 ἔξωθεν
1106 3878 1198 3929 καὶ
1225 3878 1461 3929 ἐπιτελεῖ
1490 3880 1758 3947 καρπούς.

220 3964 309 4025 Ὧς
346 3964 396 4015 οἱ
439 3965 902 4034 ὲγκεχειρισμένοι
947 3965 1119 4035 ἀρχάς
1159 3968 1545 4038 ὲπαρχότητος,
1595 3970 1627 4039 ἢ
1668 3972 1765 4039 θη-

210 4054 411 4123 σαυρὸν
432 4055 726 4121 βασιλικὸν,
756 4055 931 4108 πάντα
960 4057 1051 4108 τὸν
1073 4058 1259 4126 χρόνον
1290 4060 1346 4109 ὲν
1380 4058 1616 4130 μερίμνῃ
1638 4061 1762 4121 εῐσὶ,

214 4148 411 4217 μήπως
446 4147 553 4216 ἀρα
588 4146 1005 4215 προσκρούσωσι
1039 4147 1116 4217 τῷ
1140 4148 1346 4215 βασιλεῖ
1371 4164 1385 4180 ⁸
1422 4149 1562 4201 οὕτω
1597 4152 1687 4201 καὶ
1716 4153 1764 4203 οἰ

210 4238 669 4306 ἐμπιστευθέντες
696 4238 853 4306 ἔργον
884 4239 1251 4307 πνευματικὸν
1303 4240 1389 4292 ἀεὶ
1429 4242 1485 4293 ὲν
1527 4240 1765 4314 μερίμνῃ

212 4330 340 4395 εἰσὶ,
372 4331 466 4383 καὶ
498 4329 709 4399 ἔχοντες
740 4331 1061 4394 ἀνάπαυσιν,
1096 4330 1284 4401 ὥσπερ
1317 4316 1415 4384 ούκ
1452 4334 1585 4385 εἰσιν
1638 4335 1765 4385 ἀνα-

1856 3156 2169 3212 circumfert
2197 3156 2445 3210 eumdem
2480 3172 2807 3225 quocunque
2840 3157 3068 3211 libuerit
3104 3175 3117 3209 :
3153 3157 3231 3211 sic
3262 3172 3404 3225 quo-

1858 3261 1961 3315 quc
1992 3246 2183 3315 gratia,
2212 3245 2266 3297 in
2294 3244 2562 3313 profundo
2587 3244 2733 3298 vires
2768 3259 2894 3298 suas
2928 3260 3205 3309 exserens,
3229 3252 3405 3312 gestat

1858 3334 2130 3394 animum.
2172 3348 2405 3402 eumque
2449 3334 2625 3387 defert
2672 3334 2737 3388 ad
2788 3335 2983 3397 caelos,
3024 3334 3091 3387 ad
3141 3334 3406 3387 mundum

1858 3423 2187 3491 perfectum,
2221 3424 2285 3476 ad
2332 3431 2587 3477 aeternam
2636 3424 2901 3491 requiem.
2938 3424 3134 3477 Verum
3184 3424 3240 3478 in
3290 3423 3407 3492 ipsa

1858 3514 2027 3583 gratia
2072 3522 2199 3566 sunt
2239 3513 2437 3582 gradus
2484 3522 2538 3569 et
2586 3515 2896 3584 dignitates.
2936 3516 3089 3569 Alius
3131 3517 3275 3569 enim
3323 3524 3409 3569 est

1858 3603 2145 3671 praefectus
2168 3604 2419 3666 militum,
2440 3604 2530 3672 qui
2558 3605 2783 3658 liberam
2815 3606 2979 3659 habet
3002 3606 3237 3660 adeundi
3266 3608 3407 3676 regis

1860 3702 2182 3761 potestatem
2225 3709 2240 3746 :
2285 3693 2424 3747 alius
2459 3709 2589 3748 vero
2627 3704 2711 3748 est
2748 3694 2875 3748 dux.
2911 3695 3143 3749 Perinde
3178 3710 3308 3750 vero
3348 3703 3411 3749 ut

1861 3785 2055 3838 domus
2084 3784 2233 3838 fumo
2256 3786 2481 3854 repleta,
2509 3800 2634 3838 eum
2667 3785 2898 3839 effundit
2931 3786 2985 3837 in
3017 3800 3198 3839 aerem
3231 3794 3409 3839 exter-

1862 3890 2023 3939 num;
2061 3875 2139 3928 sic
2170 3876 2335 3929 etiam
2368 3876 2423 3928 in
2453 3876 2634 3928 anima
2664 3875 2976 3930 redundans
2998 3876 3200 3929 malitia
3228 3875 3410 3930 effun-

1863 3965 2010 4019 ditur
2039 3964 2206 4029 foras,
2234 3980 2296 4019 ac
2325 3965 2534 4019 fructus
2565 3966 2837 4033 producit.
2870 3966 2937 4020 Et
2965 3966 3107 4020 sicut
3130 3966 3188 4031 ii,
3213 3966 3413 4035 quibus

1863 4056 2110 4125 gerendae
2135 4056 2490 4124 praefecturas,
2510 4066 2603 4109 aut
2625 4055 2966 4110 custodiendi
2994 4056 3234 4111 thesauri
3256 4055 3410 4125 regii,

1867 4160 1995 4199 cura
2028 4146 2311 4199 commissa
2345 4153 2449 4207 est,
2482 4160 2759 4213 nunquam
2791 4145 2935 4199 curis
2963 4154 3176 4211 vacant,
3204 4160 3272 4199 ne
3302 4160 3413 4214 quo

1866 4243 2023 4305 pacto
2065 4251 2247 4304 regem
2292 4235 2570 4288 offendant
2605 4252 2619 4287 :
2656 4236 2734 4288 sic
2767 4251 2984 4303 quoque
3018 4250 3249 4304 quorum
3287 4236 3411 4290 fidei

1866 4340 2003 4394 opus
2041 4324 2261 4393 aliquod
2299 4324 2579 4392 spirituale
2622 4324 2971 4377 commissum
3013 4332 3115 4387 est,
3153 4324 3412 4380 continua

214 4418 575 4487 πεπαυμένοι,
622 4418 688 4469 Ἥ
723 4417 967 4486 βασιλεία
1018 4419 1125 4489 γὰρ
1152 4419 1244 4471 τοῦ
1278 4420 1497 4481 σκότους
1526 4423 1557 4489 ή
1583 4420 1767 4472 ὲπεισ-
1800 4434 1843 4488 ι)
1868 4432 1905 4471 St

1720 4437 1767 4472 ς-
1800 4434 1843 4488 ι)
1868 4416 2234 4471 sollicitudine
2265 4423 2549 4479 tenentur;
2584 4425 2638 4469 et
2669 4416 2739 4468 ita
2770 4416 2954 4484 quiete
2980 4415 3257 4481 fruuntur,
3283 4431 3411 4485 per-

213 4506 443 4560 ελθοῦσα
472 4508 537 4576 τῇ
571 4506 742 4571 πόλει,
768 4510 1011 4561 τουτέστι
1052 4512 1116 4578 τῇ
1144 4508 1310 4580 ψυχῇ,
1342 4511 1438 4563 καὶ
1477 4511 1526 4561 οί
1557 4510 1769 4563 διακατ-

215 4599 429 4665 έχοντες
464 4594 724 4666 βάρϐαροι
757 4598 855 4660 τάς
887 4598 1058 4669 νομάς
1110 4600 1299 4669 αὐτῆς,
1324 4600 1647 4664 ὲξωθοῦνται
1673 4602 1767 4653 ἀπ’

213 4688 408 4756 αὐτῆς.

288 4778 387 4831 1Γ¹.
435 4775 771 4829 ’Δποστέλλει
794 4776 902 4845 γὰρ
934 4778 962 4829 6
993 4776 1240 4846 βασιλεὺς
1271 4778 1499 4848 Χριστὸς
1528 4781 1606 4841 είς
1628 4781 1773 4833 ὲκδίο

217 4884 379 4938 κησιν
401 4867 499 4934 τῆς
546 4867 775 4933 πόλεως,
807 4869 900 4921 καὶ
939 4869 1127 4939 δεσμοῖ
1158 4871 1282 4931 τοὺς
1323 4870 1634 4939 τυράννους,
1677 4873 1773 4924 καὶ

220 4955 555 5030 στρατηγίαν
600 4962 939 5031 ἐπουράνιον,
971 4963 1065 5016 καὶ
1118 4962 1419 5032 παράταξιν
1450 4965 1772 5033 πνευμάτων

216 5053 391 5122 ἁγίων
428 5054 542 5105 ἐκεῖ
596 5051 915 5116 κατοικίζει,
970 5052 1159 5121 ὥσπερ
1199 5054 1428 5124 πατρίδα
1460 5054 1594 5107 ίδίαν
1618 5072 1632 5089 ο
1683 5057 1775 5108 καὶ

220 5146 404 5201 λοιπὸν
430 5147 605 5215 φαίνει
637 5149 665 5199 6
698 5148 846 5217 ἥλιος
876 5148 933 5198 ὲν
975 5149 1041 5215 τῇ
1082 5145 1301 5216 καρδίᾳ,
1325 5146 1419 5197 καὶ
1459 5146 1514 5197 αἱ
1556 5147 1773 5208 ἀκτῖνες

222 5238 386 5290 αὑτοῦ
411 5239 782 5309 διατρέχουσιν
814 5239 893 5299 είς
920 5236 1016 5290 ὅλα
1045 5237 1112 5288 τά
1154 5237 1309 5306 μέλη.
1349 5237 1457 5289 Καὶ
1481 5237 1627 5287 ἐστιν
1661 5237 1775 5289 ἐκεῖ

223 5328 408 5381 λοιπόν
442 5329 630 5399 βαθεῖα
686 5330 876 5399 εἰρήνη
933 5330 965 5396 ἡ
999 5326 1374 5397 βασιλεύουσα.
1441 5328 1499 5383 '0
1530 5328 1587 5380 δὲ
1628 5328 1775 5396 ἁγὼν

221 5418 317 5471 τοῦ
354 5418 641 5487 ἀνθρώπου
684 5420 775 5472 καὶ
819 5423 852 5489 ή
886 5416 1127 5488 ἄθλησις,
1162 5420 1256 5471 καὶ
1282 5420 1588 5488 δοκιμασία,
1624 5422 1717 5472 καὶ
1742 5420 1775 5488 ἡ

225 5506 361 5574 πρὸς
419 5506 549 5558 Θεὸν
600 5506 780 5559 εύνοια
830 5507 950 5559 τότε
982 5508 1248 5574 φαίνεται,
1297 5510 1389 5560 ὅτε
1427 5509 1525 5578 τῆς
1560 5510 1776 5579 χάριτος

226 5595 687 5665 ὑποστελλομένης
733 5596 1041 5667 ἀνδρίσεται
1110 5597 1203 5649 καὶ
1248 5596 1430 5665 βοήσει
1496 5598 1630 5666 πρὸς
1687 5598 1775 5649 τὸν

228 5686 357 5740 Θεόν
434 5687 567 5741 ἀλλὰ
592 5690 652 5743 σὺ
684 5688 915 5753 ἁκούων,
955 5688 1035 5741 ὅτι
1056 5688 1162 5741 εἰσὶ
1193 5690 1425 5757 ποταμοὶ
1452 5689 1775 5758 δρακόντων,

1866 4508 1991 4563 inde
2024 4522 2085 4561 ac
2116 4508 2160 4561 si
2194 4522 2256 4562 ea
2290 4515 2558 4563 carerent.
2590 4506 2834 4575 Regnum
2876 4506 3021 4560 enim
3065 4506 3415 4561 tenebrarum

1866 4598 2184 4653 subintrans
2224 4598 2519 4661 civitatem,
2546 4596 2649 4650 hoc
2690 4606 2793 4661 cst,
2824 4597 3079 4659 animam,
3103 4605 3159 4650 et
3198 4596 3417 4651 barbari

1867 4698 2197 4758 occupantes
2224 4690 2340 4759 ejus
2364 4703 2582 4757 pascua,
2608 4702 2677 4742 ex
2703 4688 2792 4742 illa
2820 4688 3188 4757 expelluntur.

1936 4780 2076 4834 Xlll.
2104 4780 2267 4834 Mittit
2294 4780 2439 4833 enim
2473 4794 2567 4832 rex
2601 4777 2871 4841 Christus,
2898 4779 2994 4847 qui
3024 4778 3315 4833 vindictam
3349 4779 3419 4833 de

1868 4871 2087 4926 civitate
2113 4871 2203 4924 illa
2233 4877 2467 4932 sumant,
2495 4878 2552 4923 et
2575 4879 2832 4939 tyrannos
2859 4869 2914 4922 in
2935 4868 3153 4923 vincula
3178 4868 3419 4938 conjicit,

1869 4976 1932 5016 ac
1973 4962 2274 5016 exercitum
2308 4960 2605 5024 cmlestem,
2632 4968 2687 5013 et
2719 4958 2941 5013 ordines
2971 4958 3260 5027 spirituum
3294 4973 3421 5011 san-

1869 5062 2083 5111 ctorum
2130 5053 2239 5109 illic
2277 5051 2537 5115 collocat,
2570 5059 2823 5119 tanquam
2864 5050 2920 5102 in
2962 5050 3138 5117 patria
3176 5047 3419 5118 propria.

1871 5144 2006 5199 Tum
2032 5158 2161 5198 vero
2192 5142 2267 5197 sol
2301 5142 2357 5194 in
2388 5141 2551 5195 corde
2584 5140 2850 5208 splendet,
2876 5148 2931 5193 et
2954 5138 3093 5192 radii
3119 5140 3237 5209 ejus
3261 5152 3425 5206 pene-

1872 5246 2018 5291 trant
2046 5235 2225 5291 omnia
2258 5235 2518 5297 membra,
2545 5242 2707 5302 atque
2741 5232 2842 5287 sibi
2878 5247 3089 5285 summa
3121 5247 3225 5300 pax
3257 5230 3428 5297 impe-

1873 5328 2015 5380 rium
2062 5333 2226 5380 tenet.
2266 5324 2465 5378 Verum
2511 5332 2785 5378 certamen
2829 5338 2895 5377 ac
2934 5338 3113 5392 pugna
3159 5319 3425 5386 hominis,

1872 5415 2142 5484 probatio,
2183 5422 2239 5467 et
2261 5428 2385 5483 erga
2414 5414 2584 5467 Deum
2615 5412 2997 5466 benevolentia
3022 5420 3155 5465 tunc
3178 5419 3425 5478 apparet,

1874 5506 2109 5575 quando,
2132 5504 2308 5574 gratia
2337 5519 2395 5558 se
2425 5502 2783 5567 subducente,
2814 5502 2992 5555 virum
3021 5515 3079 5554 se
3104 5508 3343 5568 prestat,
3370 5508 3429 5554 ct’

1875 5598 2069 5650 clamat
2105 5598 2172 5648 ad
2214 5594 2523 5648 Dominum.
2549 5594 2682 5648 Cum
2720 5608 2850 5647 vero
2889 5590 3041 5645 audis
3078 5585 3272 5645 ﬂuvios
3308 5602 3429 5643 esse

1876 5690 2195 5751 draconum,
2222 5702 2313 5740 ora
2341 5686 2581 5751 leonum,
2608 5694 2662 5740 et
2690 5690 2985 5754 potestates
3011 5680 3113 5735 sub
3141 5680 3278 5735 catlo
3300 5678 3431 5734 cali-
