4282 6364
858 366 965 430 623

2097 374 2157 431 S.
2197 373 2514 432 MACARII
2552 374 2871 434 IEGYPTII

3978 363 4093 435 624

859 479 1101 546 ginosas,
1123 479 1298 549 ignem
1326 487 1599 547 urentem,
1616 486 1672 534 et
1691 479 2064 548 strepitantem
2087 479 2141 534 in
2163 480 2419 534 omnibus
2443 479 2497 538 Α
2519 499 2550 535 κ

2400 496 2419 534 5
2443 479 2497 538 Α
2519 482 2611 535 καὶ
2641 483 2883 551 στόματα
2929 479 3181 544 λεόντων,
3222 479 3315 532 καὶ
3340 478 3600 547 δυνάμεις
3628 478 3683 530 αἱ
3712 477 3817 528 ὑπὸ
3857 477 3951 529 τὸν
3988 479 4091 530 οὑ-

858 568 1123 624 membris
1155 570 1237 639 (ut
1266 571 1406 626 nihil
1439 572 1545 626 tale
1577 579 1722 625 terra
1756 570 2053 640 continet),
2083 581 2139 626 et
2167 572 2413 641 ignoras,

856 657 964 712 nisi
1000 660 1275 730 acceperis
1306 661 1673 715 arrhabonem
1711 660 1948 729 Spiritus
1983 660 2190 724 sancti,
2215 659 2344 713 dum
2383 674 2415 714 e

858 766 1088 820 corpore
1127 752 1392 819 discedis;
1438 752 1674 809 animam
1714 752 1830 805 haec
1868 758 2015 803 tuam
2053 751 2414 819 comprehen-

856 841 1016 907 dunt,
1038 860 1140 899 nec
1159 845 1224 899 ad
1249 846 1416 900 caelos
1441 845 1538 899 tibi
1565 859 1850 898 ascensum
1875 841 2201 896 concedunt.
2225 841 2415 895 Itidem

856 932 924 985 de
954 934 1214 1004 dignitate
1242 936 1436 989 anima:
1460 934 1554 989 ubi
1580 932 1840 998 audieris,
1868 947 2029 1002 quam
2059 932 2315 1002 praclara
2346 933 2417 985 sit

855 1023 1161 1079 substantia
1214 1027 1303 1080 illa
1350 1026 1636 1081 intellectu
1680 1023 1936 1095 praedita,
1967 1039 2078 1078 non
2126 1022 2413 1092 intelligis,

857 1115 1004 1184 quod
1035 1116 1179 1171 Deus
1214 1133 1323 1171 non
1358 1117 1425 1171 de
1456 1117 1682 1187 angelis,
1715 1116 1810 1170 sed
1844 1116 1912 1170 de
1944 1123 2138 1169 natura
2176 1114 2416 1168 humana

856 1208 1059 1262 dixerit
1090 1209 1222 1262 illud
1257 1228 1270 1262 :
1309 1208 1586 1263 Faciamus
1621 1210 1690 1262 ad
1722 1210 2005 1278 imaginem
2036 1216 2085 1260 et
2112 1208 2415 1262 similitudi-

856 1316 973 1352 nem
1015 1310 1251 1355 nostram
1271 1303 1336 1365 ",
1363 1310 1417 1355 et
1444 1302 1592 1371 quod
1621 1302 1818 1357 cmlum
1846 1310 1900 1355 et
1929 1311 2077 1355 terra
2112 1308 2413 1362 transeant,

856 1400 913 1443 tu
944 1407 1073 1445 vero
1101 1392 1166 1444 ad
1197 1393 1663 1447 immortalitatem
1689 1402 1915 1446 vocatus
1942 1392 2037 1456 sis,
2061 1400 2121 1445 ut
2145 1392 2221 1445 sis
2250 1390 2413 1454 filius,

855 1482 1029 1538 frater
1060 1494 1114 1537 ct
1144 1499 1340 1553 sponsa
1381 1486 1555 1555 regis?
1592 1485 1649 1538 in
1686 1486 1853 1539 rebus
1886 1487 2031 1540 enim
2066 1501 2186 1555 quae
2222 1486 2277 1541 in
2312 1486 2416 1539 hoc

855 1575 1056 1628 saeculo
1083 1574 1364 1637 videntur,
1397 1577 1581 1629 omnia
1609 1592 1730 1645 qua:
1760 1584 1887 1629 sunt
1910 1577 2126 1645 sponsi,
2154 1578 2219 1630 ad
2248 1593 2415 1646 spon-

856 1679 969 1716 sam
992 1666 1293 1733 pertinent;
1319 1667 1397 1720 sic
1417 1682 1635 1736 quoque
1658 1670 1838 1721 omnia
1877 1683 1997 1737 quae
2028 1680 2155 1722 sunt
2177 1669 2414 1731 Domini,

855 1767 1057 1824 quanta
1089 1766 1290 1825 quanta
1328 1759 1469 1820 sint,
1494 1759 1787 1811 committit
1822 1758 1911 1812 ille
1945 1769 2052 1812 tute
2085 1758 2231 1811 ﬁdei.
2257 1760 2417 1812 Venit

2522 574 2679 645 ρανδν
2711 572 3007 636 σκοτειναὶ,
3043 573 3136 625 καὶ
3196 570 3306 638 πῦρ
3336 570 3535 637 φλέγον
3567 569 3661 621 καὶ
3708 567 3989 637 καχλάζον
4029 570 4092 621 ἐν

2515 668 2627 729 τοῖς
2656 666 2890 735 μέλεσιν,
2929 664 3005 726 ὡς
3037 662 3187 715 οὐδὲν
3231 664 3264 731 ἡ
3304 660 3399 729 γῆ,
3445 661 3519 731 μὴ
3548 658 3702 721 εἰδὼς
3745 660 3825 712 ὅτι
3875 659 3975 712 ἐὰν
4011 662 4090 727 μὴ

2514 758 2640 829 δέξῃ
2672 759 2763 811 τὸν
2790 756 3081 828 ἀρραϐῶνα
3111 753 3204 807 τοῦ
3236 752 3548 821 Πνεύματος
3593 750 3688 805 τοῦ
3724 752 3879 817 ἁγίου
3916 751 3978 802 ἐν
4008 752 4093 819 τῷ

2516 848 2831 918 ἐξέρχεσθαι
2856 846 2950 899 τοῦ
2990 844 3262 914 σώματος,
3291 841 3581 911 κατέχουσι
3614 858 3706 894 σου
3735 839 3833 909 τὴν
3874 839 4089 909 ψυχὴν,

2518 941 2593 1011 μὴ
2620 939 2815 1002 ἐῶντές
2864 955 2921 991 σε
2949 936 3192 991 ἀνελθεῖν
3230 936 3310 995 είς
3346 934 3473 995 τοὺς
3501 928 3784 1001 οὐρανούς.
3842 930 4093 999 Ὁμοίως

2513 1034 2571 1086 δὲ
2600 1034 2693 1085 καὶ
2723 1032 2852 1100 περὶ
2878 1028 2973 1082 τοῦ
3005 1027 3309 1095 ἀξιώματος
3331 1024 3430 1093 τῆς
3472 1022 3651 1093 ψυχῆς
3696 1020 3934 1085 ἀκούων,
3962 1020 4093 1080 πῶς

2514 1126 2630 1177 ἐστι
2661 1122 2815 1193 τιμία
2844 1122 2878 1192 ἡ
2912 1120 3071 1191 νοερά
3098 1118 3275 1181 οὐσία,
3325 1118 3385 1170 οὐ
3417 1118 3638 1178 συνιεῖς,
3684 1116 3769 1168 ὅτι
3814 1115 3917 1167 οὐκ
3949 1108 4086 1166 εἷπε

2515 1215 2645 1285 περ)⁵
2678 1212 2944 1282 ἀγγέλων,
2975 1211 3109 1264 ἀλλά
3138 1208 3267 1278 περὶ
3297 1212 3397 1277 τῆς
3439 1206 3787 1275 ἀνθρωπίνης
3832 1202 4086 1272 φύσεως,

2514 1308 2596 1371 τὸ,
2620 1305 2969 1372 Ποιήσωμεν
2984 1302 3108 1355 κατ’
3127 1301 3328 1354 εἰκόνα
3344 1296 3634 1367 ἡμετέραν
3652 1296 3749 1349 καὶ
3769 1295 4092 1364 ὁμοίωσιν·

2516 1401 2629 1458 καὶ.
2658 1400 2740 1451 ὃτι
2769 1398 2798 1449 ὁ
2828 1396 3055 1466 οὐρανὸς
3093 1394 3186 1447 καὶ
3216 1396 3248 1461 ἡ
3273 1392 3345 1460 γῆ
3405 1389 3771 1458 παρέρχεται·
3808 1387 3873 1439 σὺ
3918 1385 3976 1437 δὲ
4006 1386 4097 1447 εἰς

2516 1488 2811 1551 υἱοθεσίαν,
2863 1487 2943 1548 είς
2993 1483 3349 1551 ἀδελφότητα,
3407 1482 3483 1543 εἰς
3523 1479 3743 1547 νύμφην
3791 1475 4091 1545 βασιλέως.

2528 1579 2619 1633 Ἐν
2651 1581 2762 1642 τοῖς
2796 1577 3138 1646 φαινομένοις
3164 1574 3271 1644 γὰρ
3302 1574 3480 1626 πάντα
3501 1571 3569 1623 τά
3589 1570 3683 1623 τοῦ
3714 1568 3947 1638 νυμφίου
3982 1567 4093 1635 τῆς

2516 1672 2732 1741 νύμφης
2772 1669 2903 1733 sict,
2938 1667 3033 1721 καὶ
3083 1667 3257 1720 πάντα
3311 1664 3381 1716 τά
3432 1662 3525 1716 τοῦ
3555 1661 3757 1731 Κυρίου
3801 1662 3902 1713 ὅσα
3941 1658 4091 1711 εἰσὶν

2521 1759 2842 1830 ἐμπιστεύει
2894 1774 3000 1809 σοι.
3032 1753 3203 1809 τΗλθε
3251 1754 3359 1822 γὰρ
3414 1756 3495 1816 εἰς
3541 1751 3837 1822 πρεσϐείαν
3871 1748 3970 1819 σὴν
4016 1747 4090 1799 δι’

856 1823 972 1915 ipse
999 1848 1064 1901 ad
1092 1823 1416 1917 legationem
1441 1850 1520 1903 tui
1544 1864 1703 1903 causa
1732 1849 2061 1914 obeundam,
2087 1858 2147 1903 ut
2180 1859 2231 1903 te
2261 1865 2417 1904 revo—
2447 1823 2495 1883 Β
2528 1852 2547 1901 ἑ

2396 1882 2417 1891 -
2447 1823 2495 1883 Β
2528 1848 2720 1902 ἐαυτοῦ
2754 1887 2769 1911 ,
2800 1849 2888 1900 ἵνα
2923 1864 2981 1899 σε
3023 1845 3452 1911 άνακαλέσηται·
3488 1843 3581 1895 καὶ
3614 1842 3677 1893 σὺ
3720 1838 3871 1892 οὐδὲν
3919 1838 4087 1900 νοεῖς,

853 1944 1021 1989 caret.
1044 1937 1125 1989 Tu
1155 1953 1286 1991 vero
1314 1938 1449 1990 nihil
1484 1938 1762 2008 intelligis,
1786 1954 1962 2007 neque
1989 1939 2227 2007 percipis
2253 1939 2413 1993 nobi-

850 2032 1059 2087 litatem
1104 2050 1118 2086 :
1162 2048 1225 2087 ac
1252 2035 1450 2087 merito
1483 2049 1611 2104 ergo
1644 2033 1891 2102 deplorat
1923 2048 2108 2088 casum
2147 2044 2299 2087 tuum
2326 2035 2414 2088 ille

854 2124 1059 2193 Spiritu
1084 2126 1298 2194 plenus,
1318 2127 1572 2195 inquiens
1595 2144 1607 2178 :
1632 2126 1798 2179 Homo
1828 2143 1947 2179 cum
1970 2127 2023 2178 in
2050 2127 2243 2178 honore
2264 2134 2411 2189 esset,

854 2234 959 2270 non
989 2218 1280 2273 intellexit:
1304 2227 1638 2289 comparatus
1664 2227 1737 2271 est
1758 2218 2010 2287 jumentis
2034 2216 2410 2285 insipientibus,

854 2318 905 2362 et
932 2309 1115 2362 similis
1164 2311 1330 2379 factus
1374 2320 1449 2364 est
1494 2310 1601 2364 illis
1617 2311 1682 2362 ⁸³.
1706 2308 1890 2365 Gloria
1914 2307 2084 2369 Patri,
2103 2315 2159 2361 et
2184 2307 2342 2371 Filio,
2359 2317 2414 2362 et

855 2400 1083 2469 Spiritui
1117 2410 1325 2467 sancto,
1350 2403 1406 2456 in
1443 2403 1656 2457 saecula.
1690 2403 1881 2456 Amen.

1400 2512 1684 2567 HOMILIA
1713 2513 1875 2567 XVII.

853 2600 931 2654 De
969 2603 1236 2672 spirituali
1274 2602 1693 2657 Christianorum
1732 2605 1973 2657 unctione
2010 2611 2060 2655 et
2097 2603 2266 2671 gloria
2304 2620 2321 2655 .·
2365 2611 2413 2653 et

921 2672 1059 2741 quod
1099 2674 1288 2741 absque
1326 2672 1530 2727 Christo
1568 2674 1799 2737 salvari,
1830 2683 1922 2726 aut
1961 2676 2125 2727 vitam
2162 2683 2414 2727 (eternam

921 2745 1162 2812 consequi
1185 2744 1498 2813 impossibile
1526 2746 1611 2797 sit.

924 2854 964 2907 l.
991 2853 1294 2909 Christiani
1334 2856 1594 2925 perfecti,
1624 2857 1719 2926 qui
1757 2858 1906 2928 digni
1940 2859 2215 2913 habentur
2244 2857 2413 2911 attin-

852 2960 981 3017 gere
1014 2946 1239 3015 gradum
1274 2948 1651 3017 perfectionis,
1679 2964 1743 3003 ac
1774 2948 1893 3003 fieri
1925 2948 2038 3020 regi
2070 2948 2325 3018 proximi,
2355 2947 2412 3001 hi

852 3040 1005 3095 cruci
1048 3039 1253 3094 Christi
1294 3049 1562 3110 perpetuo
1608 3039 1909 3095 consecrati
1951 3049 2099 3097 sunt.
2140 3040 2412 3105 Quemad-

851 3129 1076 3183 modum
1109 3130 1253 3184 enim
1281 3131 1671 3199 prophetarum
1706 3130 2051 3201 temporibus
2078 3132 2266 3185 unctio
2297 3141 2413 3186 erat

2521 1940 2640 1992 οὐδὲ
2695 1938 2936 2005 συνῆκας
2988 1937 3086 2006 τὴν
3135 1935 3412 2001 εὐγένειάν
3471 1949 3600 1997 σου;
3647 1930 3879 1992 Δικαίως
3930 1925 4027 1980 οὖν
4057 1929 4088 1980 ὁ

2521 2032 2964 2101 πνευματοφόρος
2990 2028 3175 2081 πενθεῖ
3201 2045 3294 2080 σου
3320 2026 3417 2096 τὴν
3451 2025 3678 2087 πτῶσιν,
3710 2022 3905 2088 λέγων.
3950 2020 4088 2071 Ἀν-

2519 2132 2751 2193 θρωπος
2775 2125 2843 2176 ὲν
2880 2121 3017 2192 τιμῇ
3047 2122 3131 2174 ὢν
3165 2124 3235 2175 οὐ
3274 2118 3510 2185 συνῆκε
3531 2133 3543 2145 ·
3586 2112 4085 2179 παρεσυνεὸλὴθη

2520 2215 2643 2280 τοῖς
2672 2215 2921 2281 κτήνεσι
2977 2211 3100 2275 τοῖς
3121 2211 3399 2277 ἀνοήτοις
3430 2208 3523 2260 καί
3556 2203 3819 2274 ὡμοιώθη
3854 2207 4084 2265 αὐτοις.

2520 2308 2658 2371 Δόξα
2687 2306 2882 2375 Πατρὶ,
2920 2304 3014 2355 καὶ
3042 2302 3176 2373 Υἰῷ,
3213 2302 3306 2353 καὶ
3334 2299 3475 2367 ἁγίῳ
3503 2298 3800 2366 Πνεύματι,
3833 2296 3912 2355 εἰς
3958 2296 4088 2355 τοὺς

2522 2398 2742 2459 αἰῶνας.
2782 2396 2971 2464 Ἀμήν.

3096 2509 3339 2567 ΟΜῐΛιΑ
3379 2508 3475 2563 lZ’.

2521 2612 2655 2678 Περὶ
2688 2609 2797 2674 τῆς
2842 2605 3245 2678 πνευματικῆς
3272 2602 3391 2678 τῶν
3432 2595 3793 2678 Χριστιανῶν
3832 2594 4089 2678 mineus

2592 2670 2687 2733 καὶ
2727 2670 2931 2743 δόξης.
2972 2670 3070 2729 καὶ
3121 2676 3211 2727 ὅτι
3260 2674 3408 2745 ἄνευ
3455 2670 3710 2745 Χριστοῦ
3744 2670 4015 2745 σωθῆναι
4047 2670 4087 2729 ἢ

2592 2749 2738 2818 ζωῆς
2759 2736 3000 2804 αἰωνίου
3024 2746 3281 2815 μέτοχον
3303 2744 3574 2810 τίνεσθαι
3596 2736 3898 2791 ἀδύνατόν
3931 2736 4086 2786 ἐστι.

2588 2867 2669 2919 A'.
2700 2864 2763 2917 Ol
2788 2862 2984 2916 τέλειοι
3029 2856 3342 2928 Χριστιανοὶ
3369 2856 3418 2907 οἱ
3448 2848 3877 2914 καταξιωθέντες
3907 2846 4090 2899 ἐλθεῖν

2518 2958 2597 3019 εἰς
2638 2956 2810 3026 μέτρα
2836 2951 3190 3019 τελειότητος,
3241 2948 3337 3001 καὶ
3366 2943 3618 3013 γενέσθαι
3644 2938 3934 3006 morum
3986 2937 4087 3006 βα-

2520 3048 2733 3111 σιλέως,
2786 3038 2931 3099 οῦτοι
2977 3043 3056 3113 τῷ
3121 3037 3340 3108 σταυρῷ
3398 3034 3493 3088 τοῦ
3557 3029 3793 3101 Χριστοῦ
3850 3029 4087 3081 πάντοτε

2518 3135 2881 3206 ἀφιερωμένοι
2911 3133 3067 3185 εἰσιν,
3097 3130 3307 3197 Ὠσπερ
3352 3126 3459 3196 γὰρ
3510 3122 3731 3176 ἐπὶτῶν
3787 3120 4088 3190 προφητῶν

852 3235 944 3274 res
986 3222 1210 3276 omnino
1252 3223 1520 3291 pretiosa,
1562 3238 1685 3276 cum
1727 3222 1784 3276 in
1827 3238 1986 3291 reges
2027 3233 2083 3277 et
2122 3224 2416 3292 pr0phetas
2442 3212 2484 3236 ν
2514 3248 2543 3282 τ

2395 3238 2416 3277 5
2442 3212 2484 3236 ν
2514 3231 2577 3282 τὸ
2602 3228 2807 3297 χρίσμα
2830 3221 2898 3295 ἦν
2925 3224 3044 3277 ὅλον
3091 3219 3437 3291 τιμιώτερον,
3485 3216 3674 3284 ἐπειδὴ
3718 3216 3797 3277 είς
3844 3212 4086 3281 βασιλεῖς

853 3322 1190 3381 ungerentur
1226 3330 1240 3366 :
1275 3314 1356 3368 sic
1389 3329 1607 3383 quoque
1646 3330 1794 3369 nunc
1833 3316 2172 3385 spirituales,
2207 3315 2416 3370 caelesti
2516 3338 2544 3373 κ

2393 3315 2416 3368 ri
2516 3319 2610 3374 καὶ
2641 3318 2925 3387 προφήτας
2956 3315 3222 3384 ἐχρίοντο,
3282 3310 3424 3362 οὕτω
3464 3309 3557 3359 νῦν
3616 3310 3665 3359 οἱ
3718 3304 4084 3373 πνευματικοὶ

852 3402 1114 3457 unctione
1145 3404 1418 3471 peruncti,
1449 3406 1689 3461 evadunt
1714 3406 2010 3460 Christiani
2042 3421 2142 3475 per
2164 3406 2415 3475 gratiam,
2516 3428 2543 3463 τ

2400 3446 2415 3469 ,
2516 3410 2577 3463 τὸ
2601 3408 2921 3476 ἐπουράνιον
2953 3405 3163 3475 χρίσμα
3186 3402 3485 3472 χριόμενοι,
3508 3398 3747 3465 γίνονται
3766 3394 4084 3463 Χριστιανοὶ

854 3501 914 3545 ut
946 3493 1046 3561 ipsi
1077 3496 1188 3548 sint
1218 3511 1372 3565 reges
1400 3504 1455 3549 et
1486 3498 1763 3565 propheta:
1794 3499 2097 3551 cmlestium
2127 3496 2417 3569 mysterio-
2519 3520 2545 3555 κ

2395 3527 2417 3537 -
2519 3502 2658 3555 κατὰ
2692 3500 2870 3570 χάριν,
2912 3498 3051 3550 ὥστε
3079 3492 3215 3548 εἶναι
3253 3493 3448 3552 αὐτοὺς
3480 3489 3716 3559 βασιλεῖς
3748 3489 3839 3540 καὶ
3872 3487 4086 3555 προφή-

853 3598 995 3635 rum.
1026 3582 1282 3648 Quinimo
1317 3585 1371 3637 hi
1410 3595 1540 3638 sunt
1575 3586 1669 3638 filii
1704 3594 1757 3639 et
1790 3586 1998 3639 domini
2032 3595 2089 3640 et
2120 3586 2217 3650 dii,
2248 3587 2416 3640 vincti
2515 3612 2544 3646 τ

2402 3587 2416 3640 ί
2515 3610 2613 3654 τας
2652 3589 2989 3658 ἐπουρανίων
3016 3585 3356 3657 μυστηρίων.
3387 3576 3546 3637 Οὗτοί
3574 3583 3677 3634 είσι
3706 3580 3797 3633 καὶ
3833 3578 3958 3639 υἱοὶ,
3994 3578 4086 3630 καὶ

852 3689 916 3727 ac
966 3674 1199 3742 captivi,
1251 3675 1630 3745 abjectissimi,
1676 3677 1920 3731 cruciﬁxi
1971 3693 2034 3732 ac
2088 3678 2413 3732 consecrati.
2517 3703 2543 3737 ν

2401 3720 2413 3732 ο
2517 3685 2718 3754 κύριοι,
2756 3682 3004 3743 καὶθεοὶ,
3052 3678 3347 3747 δεδεμένοι,
3382 3672 3882 3745 ᾐχμαλωτισμένοι,
3922 3670 4085 3739 βεϐυ-

854 3764 959 3835 73
1006 3764 1061 3819 Si
1106 3768 1252 3819 enim
1297 3769 1483 3821 unctio
1526 3769 1664 3832 olei,
1701 3785 1730 3822 a
1775 3770 1958 3837 planta
2002 3770 2317 3838 aspectabili
2362 3778 2419 3824 et
2520 3774 2545 3827 θ

2399 3778 2419 3823 ι
2520 3774 2785 3843 θισμένοι,
2828 3770 3255 3839 ἐσταυρωμένοι,
3319 3764 3721 3835 ἀφιερωμένοι·
3771 3764 3817 3813 εἰ
3871 3759 3981 3827 γὰρ
4030 3758 4086 3810 τὺ

849 3856 1001 3926 ligno
1032 3858 1232 3911 visibili
1268 3860 1513 3927 profecta
1534 3901 1548 3923 ,
1579 3870 1783 3913 tantam
1820 3861 2011 3915 habuit
2038 3862 2326 3925 virtutem,
2358 3869 2420 3916 ut
2519 3885 2540 3935 γ

2398 3869 2420 3916 ι
2519 3868 2727 3935 χρίσμα
2754 3864 2847 3916 τοῦ
2875 3861 3073 3921 ἐλαίου,
3106 3861 3240 3928 ὅπερ
3269 3854 3335 3927 ἦν
3378 3856 3546 3923 φυτοῦ
3602 3854 3953 3921 φαινομένου,
3995 3850 4086 3902 καὶ

850 3961 919 4000 eo
946 3949 1198 4015 peruncti
1231 3949 1551 4018 dignitatem
1579 3950 1713 4004 citra
1743 3965 1960 4005 omnem
1991 3954 2418 4007 controversiam

853 4050 1323 4109 consequerentur
1349 4044 1551 4111 (ratum
1582 4044 1729 4097 enim
1764 4053 1901 4105 crat,
1929 4054 1990 4095 ut
2020 4046 2419 4097 constitueren-

853 4140 944 4185 tur
966 4132 1070 4200 ipsi
1100 4135 1275 4202 reges)
1307 4152 1318 4186 :
1347 4150 1455 4202 quo
1478 4136 1641 4188 etiam
1669 4135 1837 4189 David
1870 4136 2209 4199 innnctus”,
2236 4137 2415 4189 statim

852 4224 1329 4290 persecutionibus
1369 4235 1424 4279 et
1467 4226 1855 4281 afﬂictionibus
1897 4228 2177 4295 expositus
2215 4236 2325 4292 est,
2357 4243 2419 4281 ac

850 4314 1082 4383 septimo
1112 4325 1235 4384 post
1269 4332 1413 4370 anno
1447 4333 1541 4371 rex
1574 4318 1748 4372 factus
1768 4320 1811 4351 "
1847 4336 1859 4371 :
1907 4329 2109 4387 quanto
2164 4319 2333 4387 magis
2374 4319 2410 4371 ii

851 4406 945 4474 qui
991 4409 1292 4462 secundum
1349 4419 1586 4463 mentem
1636 4418 1692 4464 et
1738 4410 2055 4464 interiorem
2105 4410 2414 4473 hominem,

2522 3955 2675 4019 ξύλου
2720 3949 2936 4023 ὁρατοῦ,
2994 3946 3260 4013 τοσαύτην
3302 3940 3413 4011 εἶχε
3466 3939 3726 4008 δύναμιν,
3772 3937 3911 3989 ὥστε
3960 3938 4087 3996 τοὺς

2519 4048 2836 4116 χρωμένους
2867 4040 3271 4109 ἀναπιρῤήτως
3300 4036 3516 4102 ἀξίωμα
3538 4031 3832 4100 λαμϐάνειν
3860 4025 3947 4098 (ἦν
3978 4028 4087 4095 γὰρ

2519 4134 2921 4206 κεκυρωμένον,
2941 4132 3081 4184 ὥστε
3106 4128 3461 4181 καθίστασθαι
3502 4124 3697 4183 αὐτοὺς
3734 4120 4028 4188 βασιλεῖς)·
4059 4117 4087 4170 ὃ

2521 4225 2616 4277 καὶ
2654 4223 2815 4275 Δαὸὶδ
2841 4221 3086 4290 χρισθεὶς
3120 4217 3321 4276 εὐθέως
3349 4214 3608 4282 διωγμοῖς
3653 4211 3950 4280 περιέπεσε
3994 4211 4088 4261 καὶ

2520 4313 2780 4373 ἐθλίὸετο,
2807 4313 2900 4363 καὶ
2932 4310 3069 4377 μετὰ
3095 4307 3233 4359 ἐπτὰ
3254 4306 3346 4374 ἐτη
3382 4305 3597 4369 ἐγένετο
3618 4301 3869 4369 βασιλεύς
3892 4317 3905 4328 ·
3935 4300 4088 4368 πόσῳ

2525 4404 2722 4473 μᾶλλον
2756 4404 2868 4455 ὅσοι
2901 4400 3143 4470 χρίονται
3168 4397 3309 4450 κατὰ
3335 4397 3425 4448 τὸν
3450 4394 3572 4447 νοῦν
3606 4395 3698 4446 καὶ
3728 4394 3817 4445 τὸν
3848 4392 3957 4443 ἔσω
3991 4392 4083 4443 άν-

852 4499 1227 4555 sanctificante
1253 4509 1308 4554 et
1336 4500 1646 4555 laetificante
1681 4502 1886 4555 cmlcsti
1924 4517 1989 4555 ac
2020 4501 2287 4569 spirituali
2325 4516 2416 4553 ex-
2446 4524 2490 4577 ι)
2521 4494 2543 4547 θ

2396 4532 2416 4541 -
2446 4524 2490 4577 D
2521 4494 2756 4564 θρωπον,
2799 4494 2860 4545 τὸ
2904 4491 3218 4559 άγιαστικδν
3288 4490 3380 4540 καὶ
3429 4484 3721 4556 χαροποιδν
3768 4484 3947 4536 ἔλαιον
3989 4483 4087 4551 τῆς

850 4588 1160 4642 sultationis
1201 4587 1320 4642 oleo
1338 4586 1383 4619 ⁸⁵
1411 4590 1660 4657 peruncti
1706 4598 1851 4651 sunt,
1888 4589 2161 4657 recipiunt
2200 4588 2415 4656 signum

849 4679 1005 4748 regni
1072 4680 1220 4733 illius
1282 4680 1755 4744 incorruptibilis,
1816 4688 2140 4747 aeternaeque
2196 4679 2417 4732 virtutis

851 4767 1219 4820 arrhabonem
1251 4768 1462 4823 scilicet
1488 4767 1751 4837 Spiritus,
1780 4770 1955 4837 ipsum
1991 4768 2256 4836 Spiritum
2286 4784 2415 4821 san-

850 4867 999 4912 ctum
1049 4868 1104 4912 et
1147 4859 1516 4927 paracletum?
1563 4859 1835 4929 (intellige
1878 4875 2009 4912 vero
2054 4861 2414 4921 Paracletum,

851 4951 944 5018 qui
990 4950 1326 5013 consoletur,
1364 4961 1419 5005 et
1457 4952 1656 5021 gaudio
1694 4950 1989 5020 perfundat
2033 4950 2419 5004 afﬂictionibus

853 5040 1182 5111 oppressos).

927 5133 989 5186 ll.
1030 5134 1092 5187 Hi
1140 5144 1420 5205 unguento
1466 5151 1529 5188 ex
1576 5135 1722 5205 ligno
1764 5136 1888 5188 vitae
1929 5134 2058 5188 Jesu
2098 5133 2332 5196 Christi,
2365 5140 2420 5187 et

851 5228 1037 5295 planta
1064 5229 1271 5281 cmlcsti
1304 5228 1537 5289 inuncti,
1569 5229 1748 5282 idonei
1776 5228 2072 5291 habentur,
2101 5227 2193 5296 qui
2223 5241 2417 5295 pervc-

851 5319 1006 5372 niant
1048 5319 1116 5372 ad
1162 5320 1389 5388 gradum
1436 5320 1817 5389 perfectionis,
1856 5320 2037 5389 regni,
2073 5320 2325 5388 inquam,
2361 5326 2415 5372 et

854 5410 1201 5479 adoptionis;
1241 5412 1441 5481 quippe
1476 5413 1566 5481 qui
1604 5422 1733 5465 sunt
1763 5412 2042 5466 secretarii
2075 5412 2217 5481 regis
2250 5410 2416 5465 cccle-

857 5502 976 5563 stis,
1001 5518 1064 5555 ac
1088 5503 1213 5555 freti
1243 5502 1441 5557 fiducia
1468 5503 1891 5573 Omnipotentis,
1919 5504 2299 5573 ingrediuntur
2324 5516 2418 5570 pa-

856 5594 1047 5647 latium
1077 5594 1267 5663 ipsius,
1288 5595 1383 5649 ubi
1409 5605 1535 5649 sunt
1559 5595 1734 5665 angeli
1758 5605 1812 5649 et
1832 5596 2058 5665 spiritus
2081 5604 2413 5656 sanctorum,

925 5764 967 5795 “
995 5765 1128 5820 Gen.
1156 5784 1193 5828 ι,
1218 5768 1286 5820 9.ίί
1385 5771 1428 5799 ¹¹²
1456 5771 1590 5822 Ῥειιι.
1624 5787 1757 5822 τινι.
1785 5772 1864 5819 “ll.

1950 5770 2033 5818 “l
2066 5770 2194 5837 Reg.
2218 5784 2324 5830 3m,
2357 5766 2437 5819 15.

2524 4584 2914 4653 ἀγαλλιάσεως,
2947 4581 3007 4632 τὸ
3034 4581 3281 4649 οὐράνιον
3306 4579 3399 4629 καὶ
3429 4573 3814 4643 πνευματικὸν,
3840 4571 4088 4640 δέχονται

2523 4676 2583 4727 τὸ
2624 4674 2803 4740 σίγνον
2837 4672 2933 4738 τῆς
2966 4668 3240 4738 βασιλείας
3272 4667 3485 4735 ἐκείνης
3534 4665 3629 4732 τῆς
3672 4662 3949 4731 ἀφθάρτου
3991 4662 4085 4713 καὶ

2526 4766 2693 4819 ἀϊδίου
2746 4764 3041 4829 δυνάμεως,
3066 4758 3158 4809 τὸν
3217 4757 3510 4828 ἀρραϐῶνα
3536 4755 3627 4807 τοῦ
3663 4754 4000 4821 Πνεύματος,
4030 4753 4089 4804 τὸ

2525 4854 2749 4922 Πνεῦμα
2787 4852 2848 4903 τὸ
2892 4850 3044 4915 ἆγιον
3079 4850 3172 4899 καὶ
3211 4847 3599 4915 παράκλητον;
3649 4847 3844 4896 Ἀκουε
3875 4841 3930 4892 δὲ
3984 4859 4090 4893 πα-

2529 4945 2818 5015 ράκλητον,
2844 4943 2937 4994 καὶ
2964 4940 3023 4991 τό
3058 4940 3391 5007 παρακαλεῖν
3417 4939 3511 4989 καὶ
3543 4936 3855 5005 χαροποιεῖν
3881 4933 4009 4992 τοὺς
4032 4934 4089 4983 ἐν

2527 5037 2767 5103 θλίψεσιν
2801 5034 2979 5095 ὄντας.

2596 5127 2669 5179 B'.
2698 5120 2855 5177 Οὗτοι
2888 5127 2950 5176 ἐκ
2979 5121 3073 5173 τοῦ
3133 5119 3286 5183 ξύλου
3315 5117 3412 5185 τῆς
3445 5118 3588 5184 ζωῆς
3622 5113 3796 5182 Ἰησοῦ
3826 5112 4087 5183 Χριστοῦ,

2524 5222 2587 5273 ἐκ
2614 5219 2707 5271 τοῦ
2758 5216 2924 5284 φυτοῦ
2956 5214 3048 5267 τοῦ
3078 5212 3400 5281 ἐπουρανίου
3427 5211 3722 5279 χριόμενοι,
3757 5204 4084 5267 καταξιοῦν-

2520 5333 2608 5369 ται
2655 5313 2825 5363 ἐλθεῖν
2879 5310 2956 5369 είς
2985 5307 3156 5376 μέτρα
3182 5305 3277 5371 τῆς
3308 5302 3658 5368 τελειότητος,
3684 5301 3779 5365 τῆς
3818 5295 4091 5364 βασιλείας

2522 5408 2665 5474 λέγω
2688 5402 2899 5468 καὶτῆς
2920 5398 3209 5457 υἱοθεσίας,
3242 5396 3394 5456 ὄντες
3418 5392 3731 5460 συμμύσται
3761 5384 4088 5453 ἐπουρανίου

2524 5497 2785 5566 βασιλέως
2826 5492 3037 5561 ἔχοντες
3094 5487 3406 5558 παρρησίαν
3455 5484 3590 5552 πρὸς
3633 5483 3722 5532 τὸν
3778 5476 4089 5545 παντοκρά-

2521 5606 2675 5660 τορα,
2712 5584 3080 5653 εἰσερχόμενοι
3132 5582 3210 5641 εἰς
3248 5579 3309 5630 τὸ
3340 5575 3597 5629 παλάτιον
3652 5570 3837 5637 αὐτοῦ,
3885 5568 4016 5621 ἔνθα
4042 5575 4090 5625 οἱ

2516 5766 2559 5797 ⁸³
2582 5764 2622 5817 ll
2654 5764 2781 5831 Reg.
2812 5780 2868 5827 ll,
2895 5762 2942 5816 4.
3021 5760 3063 5791 ⁸⁵
3085 5755 3227 5811 Psal.
3254 5771 3369 5818 XLV,
3396 5755 3446 5808 8.
