4282 6364
178 366 287 429 625

1352 362 1714 425 ΗΟΜΙΙᾸᾸΞ.
1742 388 1813 401 --
1838 362 2022 425 ΗΟΜ.
2060 361 2244 422 XVII.

3292 347 3397 415 626

178 477 405 545 ἄγγελοι
439 475 534 527 καὶ
564 473 633 527 τὰ
661 473 946 544 πνεύματα
989 475 1095 527 τῶν
1127 474 1317 543 ἁγίων,
1365 476 1458 531 καὶ
1481 477 1561 530 ἔτι
1589 476 1740 540 ὄντες
1768 481 1817 536 Α
1841 492 1869 532 e

1714 493 1740 540 ς
1768 481 1817 536 Α
1841 484 1896 532 et
1918 477 2011 546 qui
2044 475 2223 530 adhuc
2256 472 2313 526 in
2345 470 2451 524 hoc
2481 476 2609 523 sunt
2636 466 2860 520 mundo.
2890 465 3045 520 Licet
3071 464 3218 518 enim
3251 462 3398 516 inte-

180 569 241 621 ἰν
268 566 347 635 τῷ
381 566 569 635 κόσμῳ
603 564 804 635 τούτῳ·
837 566 1001 635 μήπω
1032 566 1138 637 γάρ
1161 567 1258 638 τὴν
1282 567 1492 621 τελείαν
1550 568 1744 640 κληρο-

180 661 376 728 νομίαν
397 658 647 720 λαϐόντες
670 657 768 727 τὴν
786 658 943 728 εὑτρε
954 658 1221 728 πισμένην
1255 659 1437 722 αὐτοῖς
1467 660 1525 711 ὲν
1552 658 1745 727 ἐκείνῳ

178 752 260 822 τῷ
306 750 483 814 αἰῶνι,
513 749 775 817 ἀσφαλεῖς
827 751 965 801 εἰσιν
1010 750 1118 803 ἀπὸ
1185 750 1279 802 τοῦ
1309 748 1649 820 άρραϐὦνος,
1683 743 1743 803 οῦ

180 842 435 906 ἐδέξαντο
473 840 587 904 νῦν,
612 842 687 902 ὡς
717 841 817 911 ἠδη
866 842 1320 911 ἐστεφανωμένοι,
1370 841 1466 893 καὶ
1499 839 1745 909 βασιλεύ-

178 953 355 998 οντες.
398 936 508 988 Καὶ
539 935 601 987 ού
644 934 940 1000 ξενίζονται
1004 932 1287 1003 μέλλοντες
1334 932 1747 1003 ωμὸασιλεύειν

180 1024 427 1095 Χριστῷ,
456 1027 546 1079 ἐπὶ
596 1025 672 1095 τῷ
720 1024 1065 1095 πλεονασμῷ,
1096 1025 1191 1078 καὶ⁸
1242 1026 1308 1094 τῇ
1352 1022 1633 1094 παρρησίᾳ
1650 1020 1744 1075 τοῦ

180 1116 521 1183 Πνεύματος.
545 1116 643 1169 Διὰ
670 1116 759 1181 τίς
789 1116 976 1185 ἐπειδὴ
1004 1116 1154 1177 ὅντες
1190 1114 1271 1167 έτι
1290 1117 1347 1167 έν
1373 1116 1441 1184 τῇ
1472 1114 1636 1184 σαρκὶ
1670 1108 1747 1165 εῖ-

180 1224 278 1277 χον
301 1207 393 1260 τὸν
411 1208 595 1260 νόστον
618 1210 819 1259 ἐκεῖνον
839 1208 937 1277 τῆς
968 1206 1325 1279 γλυκύτητος,
1354 1208 1448 1261 καὶ
1468 1207 1563 1279 τὴν
1592 1207 1746 1279 ἐνέρ-

181 1315 340 1367 γειαν
374 1300 587 1369 ἐκείνην
610 1300 708 1369 τῆς
724 1300 1024 1369 δυνάμεως.

252 1392 328 1445 Γν.
372 1394 466 1445 Ὃν
491 1394 597 1461 γὰρ
651 1393 850 1461 τρόπον
895 1388 1075 1464 ὅτανῇ
1127 1409 1210 1455 τις
1252 1392 1405 1461 φίλος
1463 1389 1744 1461 βασιλέως,

182 1486 463 1554 σχολάζων
483 1484 561 1555 τῷ
590 1486 856 1555 παλατίῳ,
887 1486 1167 1555 γνωρίζων
1209 1486 1280 1538 τὰ
1331 1487 1625 1556 μυστήρια,
1656 1485 1749 1537 καὶ

180 1578 328 1648 ὁρῶν
351 1577 515 1631 αὑτοῦ
564 1578 660 1648 τὴν
705 1577 1023 1647 πορφύραν·
1056 1577 1236 1647 συμϐῇ
1274 1577 1331 1630 δὲ
1375 1576 1565 1629 τοῦτον
1594 1576 1744 1644 γενέ-

184 1670 309 1721 σθαι
343 1668 589 1736 βασιλέα,
622 1669 716 1720 καὶ
749 1667 1177 1736 στεφανωθῆναι,
1216 1668 1277 1720 ού
1322 1667 1605 1733 ξενίζεται,
1627 1665 1747 1719 οὕτε

184 1764 455 1819 πτοεῖται.
486 1760 669 1829 ἐπειδὴ
698 1762 755 1810 ὲν
784 1758 961 1828 πολλῷ
1017 1759 1192 1828 χρόνῳ
1234 1758 1608 1827 ὲνεγυμνάσθη
1666 1759 1746 1818 εἰς

183 1853 255 1903 τὰ
277 1853 549 1921 μυστήρια
598 1850 693 1903 τοῦ
726 1850 1010 1903 παλατίου.
1061 1850 1133 1902 Ού
1166 1848 1275 1920 γὰρ
1328 1850 1598 1919 ἐνδέχεταί
1626 1866 1746 1901 τινα

184 1944 296 1997 τῶν
332 1942 683 2011 ἀγελημαίων
704 1943 797 1995 καὶ
830 1941 1051 1994 ἰδιωτῶν
1087 1942 1182 1994 καὶ
1213 1939 1377 2005 ξένων
1399 1941 1505 1993 τῶν
1539 1957 1746 2010 μυστη-

186 2035 321 2106 ρίων
354 2034 632 2097 εἰσελθεῖν,
657 2035 749 2086 καὶ
773 2032 1107 2103 βασιλεῦσαι,
1139 2034 1187 2085 εί
1212 2032 1284 2102 μὴ
1310 2032 1433 2095 τοὺς
1454 2030 1749 2101 ἐμπείρους

183 2127 280 2179 καὶ
334 2126 828 2195 πεπαιδευμένους·
888 2124 1062 2187 οὕτως
1127 2125 1224 2177 καὶ
1252 2127 1298 2176 οἱ
1349 2125 1662 2192 Χριστιανοὶ
1693 2124 1750 2175 ἐν

182 2220 377 2289 ἐκείνῳ
396 2219 473 2289 τῷ
494 2220 646 2272 αἰῶνι
679 2219 961 2289 μέλλοντες
996 2216 1320 2287 βασιλεύειν,
1350 2217 1409 2268 οὐ
1434 2216 1748 2282 ξενίζονται,

183 2312 287 2381 ήδη
316 2310 721 2380 προεγνωκότες
740 2310 807 2364 τὰ
841 2312 1112 2381 μυστήρια
1136 2311 1231 2380 τῆς
1257 2310 1495 2379 χάριτος.
1536 2308 1751 2378 Ἐπειδὴ

184 2405 294 2473 γὰρ
325 2406 354 2456 6
387 2403 668 2473 ἄνθρωπος
722 2404 935 2472 παρέϐη
979 2404 1074 2473 τὴν
1131 2402 1371 2471 ἐντολὴν,
1434 2404 1460 2455 ὁ
1512 2401 1753 2464 διάϐολος

182 2496 313 2565 ὅλην
346 2497 443 2563 τὴν
463 2495 642 2564 ψυχὴν
674 2495 908 2563 ἐκάλυψε
935 2494 1253 2564 καλύμματι
1287 2492 1561 2562 σκοτεινῷ.
1621 2494 1746 2546 Δοι-

185 2588 289 2639 πὸν
313 2585 407 2639 οὖν
426 2586 641 2656 ἔρχεται
664 2588 695 2656 ἡ
726 2588 905 2657 χάρις,
932 2588 1025 2639 καὶ
1055 2586 1383 2639 άπεκδύεται
1402 2587 1522 2639 ὃλον
1548 2586 1607 2638 τὸ
1628 2586 1751 2637 σκέ-

188 2697 406 2749 πασμα,
438 2678 579 2732 ὥστε
608 2680 791 2731 λοιπὸν
829 2680 926 2749 τὴν
964 2679 1143 2750 ψυχὴν
1176 2679 1422 2748 καθαρὰν
1451 2678 1746 2747 γενομένην

190 2772 286 2825 καὶ
315 2771 691 2824 ἀπολαδοῦσαν
714 2772 812 2838 τὴν
837 2772 973 2824 ἰδίαν
1001 2771 1164 2840 φύσιν
1195 2772 1252 2823 τὸ
1276 2770 1479 2839 κτίσμα
1506 2770 1566 2821 τὸ
1594 2770 1752 2839 ἄμω-

188 2883 293 2935 μον
319 2864 416 2917 καὶ
447 2864 713 2933 καθαρδν,
743 2866 973 2918 πάντοτε
1021 2862 1205 2918 λοιπὸν
1248 2861 1502 2931 καθαρῶς
1544 2864 1602 2914 ὲν
1651 2865 1763 2925 τοῖς

187 2954 452 3023 καθαροῖς
497 2954 794 3025 ὀφθαλμοῖς
821 2957 924 3025 τὴν
965 2954 1122 3019 δόξαν
1167 2954 1262 3006 τοῦ
1292 2956 1468 3023 φωτὸς
1505 2954 1598 3007 τοῦ
1632 2953 1764 3019 ἀλη-

190 3046 342 3100 θινοῦ
368 3047 627 3117 καθορᾷν,
648 3048 849 3100 καὶτὸν
879 3047 1126 3117 ἀληθινὸν
1148 3048 1335 3099 Ἥλιον
1363 3048 1462 3110 τῆς
1496 3045 1766 3099 δικαιοσύ-

190 3156 293 3208 νης
347 3140 783 3211 ὲξαστράπτοντα
810 3140 947 3211 αὐτῇ
977 3143 1040 3211 τῇ
1059 3140 1274 3210 καρδίᾳ.

270 3416 344 3467 Δ’.
382 3414 591 3484 Ὥσπερ
637 3414 746 3484 γὰρ
775 3417 832 3467 ἐν
864 3418 930 3484 τῇ
986 3416 1265 3487 συντελείᾳ
1311 3418 1761 3488 περιαιρουμένω

195 3506 292 3557 τοῦ
325 3504 718 3573 περεὼματος,
736 3506 917 3557 λοιπὸν
938 3507 985 3557 οί
1006 3506 1198 3559 δίκαιοι
1230 3509 1285 3557 ἐν
1306 3510 1370 3576 τῇ
1397 3507 1639 3576 βασιλεία
1671 3510 1762 3561 καὶ

200 3595 281 3663 τῷ
297 3596 438 3663 φωτὶ
470 3596 563 3646 καὶ
585 3599 650 3663 τῇ
670 3595 791 3665 δόξῃ
830 3596 1093 3661 διάγουσι,
1121 3597 1284 3667 μηδὲν
1310 3598 1394 3649 Ere
1403 3616 1493 3668 ρον
1514 3600 1765 3665 ὁρῶντες,

200 3687 235 3755 ἦ
271 3686 453 3748 καθὼς
483 3690 509 3739 ὀ
538 3687 770 3754 Χριστὸς
796 3690 852 3739 ὲν
873 3688 999 3758 δόξῃ
1028 3688 1144 3739 ἐστὶ
1173 3688 1399 3740 πάντοτε
1422 3690 1479 3741 ἐν
1508 3690 1657 3759 δεξιᾷ
1672 3691 1763 3743 τοῦ

202 3780 417 3847 Πατρός
439 3795 451 3807 ·
485 3777 656 3839 οὕτως
685 3779 779 3830 καὶ
809 3772 951 3831 οῦτοι
986 3778 1092 3830 ἀπὸ
1110 3780 1200 3831 τοῦ
1224 3778 1317 3831 νῦν
1349 3780 1428 3841 εἰς
1448 3781 1652 3832 ἐκεῖνον
1677 3782 1766 3833 τὸν

203 3872 378 3921 αἰῶνα
406 3868 757 3937 ἀπαχθέντες,
788 3870 881 3920 καὶ
912 3869 1455 3938 αἰχμαλωτισθέντες,
1501 3871 1674 3922 πάντα
1702 3874 1767 3923 τὰ

202 3964 323 4014 ἐκεῖ
349 3960 542 4026 κάλλη,
583 3960 672 4011 καὶ
704 3959 802 4017 τάς
833 3960 1275 4029 θαυματουργίας
1320 3959 1535 4030 ὁρῶσιν.
1579 3962 1767 4029 Ἡμεῖς

204 4053 312 4121 γὰρ
340 4054 433 4104 ἐπὶ
459 4052 562 4119 γῆς
582 4052 755 4113 ὀντες,
790 4053 845 4102 ὲν
864 4052 1106 4119 οὐρανοῖς
1138 4051 1331 4120 ἔχομεν
1357 4053 1419 4103 τὸ
1451 4052 1763 4120 πολίτευμα,

204 4146 285 4204 εἰς
306 4145 510 4193 ἐκεῖνον
538 4142 629 4193 τὸν
656 4142 859 4208 κόσμον
879 4141 1093 4209 ἔχοντες
1124 4142 1219 4212 τὴν
1254 4142 1527 4210 διαγωγὴν
1550 4148 1640 4194 καὶ
1671 4145 1767 4211 τὴν

203 4234 498 4297 πολιτείαν,
537 4234 674 4285 κατὰ
724 4234 814 4284 τὸν
839 4232 961 4285 νοῦν
1010 4233 1102 4285 καὶ
1156 4234 1247 4285 τὸν
1301 4232 1409 4286 ἔσω
1462 4236 1765 4301 ἄνθρωπον.

204 4326 418 4390 Ὠσπερ
451 4324 557 4390 γὰρ
580 4326 607 4374 6
637 4322 957 4389 φαινόμενος
978 4321 1253 4389 ὀφθαλμὸς
1282 4322 1520 4391 καθαρὸς
1543 4324 1634 4382 ὢν,
1668 4341 1767 4376 κα-

204 4414 388 4484 θαρῶς
416 4416 517 4483 ὁρᾷ
545 4416 771 4466 πάντοτε
800 4413 889 4465 τὸν
922 4414 1071 4483 ἥλιον
1096 4430 1108 4442 ·
1144 4412 1315 4474 οὕτως
1364 4414 1458 4465 καὶ
1478 4416 1506 4465 6
1540 4414 1662 4475 νοῦς
1685 4432 1765 4466 τε-

199 4508 360 4567 λείως
394 4506 759 4574 καθαρισθεὶς,
791 4506 1016 4558 πάντοτε
1037 4506 1137 4574 ὁρᾷ
1167 4505 1263 4573 τὴν
1291 4506 1445 4570 δόξαν
1468 4505 1559 4558 τοῦ
1593 4507 1767 4573 φωτὸς

200 4597 296 4649 τοῦ
330 4596 585 4663 Χριστοῦ,
622 4594 714 4647 καὶ
748 4590 1060 4662 σύνεστιτῷ
1091 4593 1280 4663 Κυρίῳ
1312 4595 1501 4657 νυκτὸς
1526 4596 1619 4647 καί⁵
1642 4596 1771 4663 ἠμέ-

205 4706 327 4759 ρας,
362 4687 421 4739 ὃν
451 4687 651 4755 τρόπον
699 4686 760 4738 τὸ
786 4684 945 4752 σῶμα
991 4684 1085 4737 τοῦ
1130 4684 1333 4755 Κυρίου
1380 4687 1651 4754 συναφθὲν
1704 4688 1769 4756 τῇ

204 4781 442 4841 θεότητι,
473 4780 699 4834 πάντοτε
733 4777 945 4829 σύνεστι
975 4774 1051 4844 τῷ
1083 4774 1220 4844 άγὶῳ
1263 4778 1558 4843 Πνεύματι.
1612 4775 1770 4828 Ἀλλὰ

203 4871 377 4924 ταῦτα
403 4871 468 4922 τὰ
502 4870 677 4939 μέτρα
700 4868 798 4921 οὐκ
847 4867 1046 4927 εὐθέως
1072 4866 1582 4934 καταλαμϐάνουσιν
1605 4868 1652 4918 οί
1681 4866 1772 4919 άν-

204 4962 440 5031 θρωποι,
475 4959 620 5028 εἰμὴ
654 4959 740 5011 διὰ
767 4958 1032 5026 καμάτου,
1058 4956 1150 5008 καὶ
1207 4955 1460 5023 θλίψεως,
1500 4956 1594 5008 καὶ
1620 4955 1769 5023 ἀγῶ-

204 5068 293 5112 νος
322 5049 539 5103 πολλοῦ.
574 5050 693 5101 Εἰσὶ
748 5048 853 5117 γάρ
886 5064 1049 5110 τινες,
1104 5048 1185 5099 ὅτι
1220 5047 1464 5099 σύνεστιν
1495 5047 1676 5109 αὐτοῖς
1736 5049 1769 5116 ή

204 5142 363 5211 χάρις
395 5138 688 5209 ἐνεργοῦσα
718 5140 812 5191 καὶ
830 5138 1204 5200 ἀναπαύουσα,
1238 5138 1450 5189 σύνεστι
1503 5138 1558 5189 δὲ
1589 5138 1683 5189 καὶ
1737 5143 1767 5205 ἡ

204 5232 374 5285 κακία
398 5231 562 5293 ἔνδον,
606 5232 702 5283 καὶ
726 5230 796 5282 τά
829 5230 923 5281 δύο
947 5228 1315 5296 πολιτεύματα
1344 5230 1423 5289 εἰς
1470 5229 1595 5297 μίαν
1621 5230 1770 5296 ἐνερ-

204 5324 295 5389 γεῖ
325 5321 549 5390 καρδίαν
579 5320 671 5373 τοῦ
704 5319 898 5388 φωτὸς,
928 5320 1021 5372 καὶ⁵
1049 5318 1139 5371 τοῦ
1173 5319 1416 5381 σκότους.

278 5497 357 5551 Ε’.
393 5495 552 5548 Ἀλλὰ
601 5495 813 5557 πάντως
846 5493 991 5562 ἐρεῖς
1050 5510 1161 5561 μοι,
1195 5491 1279 5553 τίς
1331 5488 1581 5543 κοινωνία
1629 5489 1765 5557 φωτί⁵

208 5588 347 5657 ⁸ιιτρὸς
376 5586 599 5648 σκότος;
633 5583 741 5635 Ποῦ
777 5581 884 5652 γὰρ
930 5581 989 5633 τὺ
1024 5579 1162 5632 θεῖον
1202 5580 1315 5647 φῶς
1374 5577 1766 5639 ἐπισκοτίζεται

211 5681 312 5731 καὶ
342 5677 605 5737 θολοῦτάι,
662 5674 757 5726 καὶ
808 5674 867 5728 τὸ
922 5672 1180 5742 ἀμίαντον
1240 5671 1334 5722 καὶ
1390 5668 1624 5738 καθαρὸν
1668 5665 1765 5718 ποῦ

222 5768 485 5837 μιαίνεται
510 5785 525 5832 ;
555 5766 862 5833 Γέγραπται
902 5762 1028 5831 γὰρ,
1049 5762 1157 5816 Καὶ
1183 5761 1246 5815 τὸ
1275 5759 1397 5830 φῶς
1427 5760 1494 5813 ἐν
1522 5757 1594 5825 τῇ
1621 5772 1762 5810 σκο-

1840 583 1990 638 gram
2020 565 2411 628 bzereditatem,
2439 560 2542 615 sibi
2573 560 2627 613 in
2656 559 2751 613 illo
2781 557 2983 612 saeculo
3016 562 3397 625 praeparatam,

1842 659 2083 714 nondum
2113 656 2379 717 adierint,
2408 651 2697 707 certissimi
2737 658 2917 703 tamen
2949 656 3078 701 sunt
3107 660 3175 698 ex
3207 643 3400 697 arrha-

1842 753 1985 807 bone
2025 765 2187 820 quem
2227 748 2391 802 modo
2430 752 2783 813 receperunt,
2820 756 2884 794 ac
2926 739 2971 793 si
3004 739 3114 808 jam
3156 732 3402 791 coronati

1841 850 2059 907 essent,
2083 848 2138 895 et
2168 840 2323 911 regni
2356 839 2572 893 clavum
2605 842 2888 899 tenuerent;
2924 844 3105 900 neque
3137 827 3402 894 obstupe-

1842 943 2021 999 scunt,
2049 940 2111 987 ut
2140 931 2193 984 in
2224 946 2283 985 re
2310 929 2530 983 insolita
2563 942 2627 981 ac
2656 940 2817 985 nova,
2847 921 2991 991 quod
3026 935 3149 975 cum
3183 917 3402 973 Christo

1844 1026 2125 1099 regnaturi
2166 1024 2304 1088 sint,
2349 1030 2572 1092 propter
2616 1014 3005 1072 abundantiam
3049 1021 3105 1067 et
3143 1009 3399 1065 ﬁduciam

1844 1098 2102 1189 Spiritus.
2146 1110 2545 1181 Quamobrem?
2587 1124 2655 1165 eo
2700 1107 2883 1177 quod,
2936 1119 3060 1158 cum
3114 1101 3294 1157 adhuc
3343 1098 3401 1153 in

1844 1228 2010 1268 carne
2056 1215 2271 1269 essent,
2314 1204 2582 1259 suavitate
2629 1202 2720 1255 illa
2768 1215 2831 1253 ac
2874 1195 3199 1259 dulcedine,
3240 1202 3405 1262 atque

1844 1301 2084 1359 eﬂicacia
2109 1295 2383 1354 facultatis
2411 1295 2557 1349 illius
2586 1291 2938 1346 tenebantur.

1916 1393 2005 1448 lll.
2033 1387 2503 1457 Quemadmodum
2535 1384 2705 1446 enim,
2739 1382 2785 1436 si
2818 1378 3017 1447 aliquis
3048 1383 3132 1430 est
3165 1373 3257 1443 qui
3292 1377 3410 1426 erat

1846 1484 2056 1540 amicus
2102 1481 2277 1551 regis,
2319 1487 2375 1532 et
2421 1476 2619 1546 palatio
2661 1473 2754 1527 dat
2800 1484 3054 1539 operam,
3092 1479 3154 1520 ac
3200 1471 3411 1517 secreta

1849 1574 1992 1643 regis
2023 1570 2333 1641 cognoscit,
2359 1577 2522 1635 atque
2549 1564 2749 1632 regiam
2784 1556 3053 1627 conspicit
3079 1564 3408 1623 purpuram;

1848 1680 2083 1733 eumque
2113 1663 2389 1731 contingat
2415 1658 2529 1711 ﬁeri
2558 1670 2765 1725 regem,
2786 1661 2843 1706 et
2868 1648 3139 1708 coronari,
3163 1644 3405 1697 novitate

1851 1771 2033 1810 rerum
2076 1769 2185 1807 non
2230 1748 2599 1817 obstupescit,
2636 1757 2739 1796 nec
2785 1749 2929 1793 metu
2974 1735 3310 1806 percellitur,
3345 1745 3413 1783 eo

1852 1848 1997 1918 quod
2047 1846 2211 1913 longo
2256 1851 2499 1909 tempore
2545 1838 2601 1890 in
2640 1832 2853 1889 arcanis
2902 1827 3088 1898 palatii
3138 1824 3413 1879 exercitus

1847 1914 2013 1994 inerit
2065 1954 2078 1989 :
2128 1946 2471 2002 nequaquam
2524 1929 2673 1983 enim
2722 1924 2838 1978 ﬁeri
2889 1922 3062 1981 solet,
3108 1925 3169 1970 ut
3214 1914 3337 1983 quis
3381 1927 3412 1964 e

1848 2026 2138 2100 gregariis,
2176 2023 2516 2093 simplicibus
2562 2029 2727 2087 atque
2778 2013 3158 2085 mysteriorum
3208 2004 3409 2076 ignaris

1851 2098 2187 2181 hominibus,
2215 2117 2436 2170 accedat
2462 2112 2528 2166 ad
2559 2109 2709 2181 regni
2738 2104 3291 2165 administrationem,
3314 2098 3410 2154 sed

1849 2213 2025 2268 solum
2054 2212 2090 2264 ii
2130 2209 2223 2279 qui
2249 2207 2493 2262 doctrina
2520 2212 2573 2257 et
2616 2200 2948 2270 experientia
2982 2194 3232 2250 instructi
3259 2199 3405 2246 sunt.

1851 2308 1943 2362 Sic
1980 2317 2198 2375 quoque
2238 2296 2594 2361 Christianis,
2628 2294 2719 2363 qui
2756 2289 3033 2362 regnaturi
3069 2293 3195 2342 sunt
3230 2286 3282 2338 in
3320 2284 3413 2338 illo

1852 2397 2083 2458 saeculo,
2112 2393 2249 2446 nihil
2292 2389 2420 2444 novi
2466 2396 2521 2443 et
2564 2383 2918 2452 inexspectati
2960 2379 3183 2440 accidit,
3212 2375 3413 2445 quippe

1857 2490 1950 2560 qui
1981 2497 2139 2541 antea
2164 2487 2270 2555 jam
2301 2487 2569 2537 noverunt
2592 2476 2845 2548 mysteria
2872 2473 3057 2543 gratia:
3082 2487 3096 2523 :
3127 2478 3413 2539 propterea

1858 2558 2034 2643 enim,
2069 2576 2213 2646 quod
2260 2574 2425 2626 homo
2469 2580 2809 2638 trangressus
2853 2564 2923 2618 sit
2966 2564 3099 2616 ﬁnes
3143 2558 3410 2621 mandati,

1857 2671 2107 2728 diabolus
2152 2668 2462 2720 universam
2513 2663 2751 2715 animam
2800 2656 3101 2725 caliginoso
3145 2650 3415 2705 velamine

1859 2762 2081 2834 operuit
2135 2777 2149 2814 :
2196 2771 2387 2812 verum
2442 2751 2788 2823 postmodum
2844 2746 3055 2801 accedit
3101 2744 3311 2811 gratia,
3361 2749 3417 2795 et

1859 2854 2079 2911 exuitur
2104 2863 2331 2921 prorsus
2356 2846 2603 2900 velamen
2640 2841 2797 2904 illud,
2818 2841 2891 2894 ita
2920 2845 2980 2891 ut
3004 2845 3188 2906 postea
3215 2834 3416 2896 anima,

1861 2945 2107 3016 pristinae
2134 2938 2358 3011 puritati
2381 2944 2542 3005 atque
2565 2933 2801 3002 propriae
2824 2928 2987 2984 statui
3016 2935 3245 2987 naturae,
3270 2938 3420 2978 crea-

1865 3014 2002 3092 tura:
2030 3033 2239 3089 scilicet
2258 3044 2407 3099 purae
2429 3036 2589 3095 atque
2620 3018 3115 3091 irreprehensibili,
3143 3014 3418 3076 restituta,

1787 3143 1829 3198 ο
1861 3135 2126 3197 perpetuo
2180 3137 2241 3176 ac
2289 3134 2428 3190 pure
2479 3117 2744 3187 purisque
2800 3111 2974 3166 oculis
3027 3108 3251 3179 gloriam
3298 3104 3419 3159 veri

1859 3217 2083 3274 luminis
2135 3212 2469 3280 conspiciat,
2511 3220 2814 3274 verumque
2866 3202 3047 3257 Solem
3092 3198 3317 3269 iustitia:
3363 3198 3419 3251 in

1863 3306 2170 3363 visceribus
2202 3302 2407 3363 cordis,
2435 3299 2663 3368 fulgoris
2696 3297 2751 3350 in
2777 3294 3001 3349 modum
3025 3290 3419 3360 splendentem.

1929 3400 2019 3454 IV.
2049 3398 2205 3451 Sicut
2232 3394 2379 3449 enim
2407 3393 2461 3445 in
2489 3386 2963 3444 consummatione
2987 3381 3217 3453 perituri
3245 3381 3426 3434 ﬁrma-

1862 3490 2055 3551 menti,
2084 3486 2216 3556 justi
2268 3484 2324 3538 in
2370 3491 2647 3553 posterum
2696 3479 2751 3531 in
2798 3492 2984 3546 regno,
3016 3474 3219 3528 lumine
3264 3479 3427 3540 atque

1863 3581 2030 3652 gloria
2055 3577 2247 3632 victuri
2276 3584 2420 3637 sunt,
2447 3573 2581 3625 nihil
2612 3570 2757 3625 aliud
2790 3568 3082 3630 intuentes,
3107 3578 3269 3633 quam
3318 3577 3427 3631 quo

1863 3679 2022 3740 pacto
2059 3668 2309 3723 Christus
2351 3666 2405 3718 in
2448 3662 2617 3733 gloria
2658 3668 2920 3730 perpetuo
2961 3658 3031 3711 sit
3070 3655 3136 3709 ad
3180 3654 3427 3708 dextram

1868 3761 2043 3814 Patris
2074 3774 2091 3810 :
2122 3758 2199 3811 sic
2224 3770 2442 3825 quoque
2472 3754 2528 3806 hi
2558 3753 2648 3820 qui
2674 3767 2739 3803 ex
2780 3751 2884 3802 hoc
2911 3749 2965 3801 in
2996 3745 3142 3800 aliud
3169 3744 3428 3798 saxulum

1866 3848 2077 3917 abrepti
2104 3856 2267 3915 atque
2290 3844 2488 3913 captivi
2515 3840 2731 3895 abducti
2761 3848 2908 3901 sunt,
2935 3849 3273 3905 quaecunque
3303 3840 3431 3885 sunt

1871 3941 1944 3994 ibi
1971 3940 2199 4009 pulchra
2224 3946 2387 4004 atque
2407 3934 2765 3987 admiratione
2788 3931 2945 3999 digna
2968 3928 3427 3995 contemplantur.

1866 4031 1975 4084 Nos
2022 4030 2198 4090 enim,
2244 4027 2336 4094 qui
2390 4024 2571 4077 adhuc
2616 4024 2671 4075 in
2726 4031 2871 4074 terra
2915 4034 3131 4081 sumus,
3174 4018 3226 4070 in
3278 4016 3431 4070 caelis

1868 4123 2136 4176 habemus
2193 4118 2700 4177 conversationem,
2753 4115 2805 4167 in
2869 4114 2961 4166 illo
3013 4112 3211 4166 saeculo
3263 4109 3429 4162 vitam

1868 4224 2119 4283 agentes,
2154 4221 2316 4279 atque
2351 4217 2739 4263 conservantes
2770 4205 3071 4259 secundum
3107 4211 3340 4256 mentem
3375 4210 3431 4255 εἴ

1870 4305 2185 4358 interiorem
2228 4302 2526 4354 hominem.
2554 4297 3021 4362 Quemadmodum
3055 4294 3200 4348 enim
3237 4292 3427 4347 oculus

1870 4395 2129 4454 exterior,
2162 4393 2207 4447 si
2243 4406 2415 4462 purus
2447 4392 2541 4449 sit.
2568 4390 2737 4443 solem
2776 4404 2911 4457 pure
2945 4402 3160 4455 semper
3186 4384 3378 4454 aspicit
3408 4400 3423 4437 :

1798 4474 1839 4526 ί)
1874 4486 1952 4540 sic
1984 4498 2200 4554 quoque
2236 4496 2387 4535 mens
2418 4490 2608 4535 exacte
2638 4478 2863 4548 put-itali
2901 4477 3184 4538 restituta,
3216 4491 3432 4544 semper

1874 4576 2117 4628 intuetur
2148 4572 2377 4642 gloriam
2421 4569 2643 4624 luminis
2683 4566 2915 4630 Christi,
2948 4565 3055 4636 74
3085 4575 3274 4633 estque
3306 4579 3431 4618 cum

1870 4665 2106 4719 Domino
2152 4670 2318 4715 noctu
2362 4660 2597 4728 diuque,
2630 4656 2857 4726 perinde
2890 4672 2955 4710 ac
2987 4671 3188 4723 corpus
3216 4655 3432 4708 Domini

1872 4752 2141 4809 divinitati
2192 4752 2540 4821 conjunctum
2592 4755 2858 4817 perpetuo
2906 4756 2993 4801 est
3037 4762 3160 4799 cum
3219 4744 3427 4813 Spiritu

1872 4852 2079 4900 sancto.
2105 4844 2304 4897 Verum
2341 4842 2504 4895 hosce
2540 4838 2738 4908 gradus
2773 4852 2880 4891 non
2916 4838 3096 4889 statim
3126 4850 3431 4903 assequun—

1871 4947 1959 4992 tur
2002 4935 2282 4997 homines,
2328 4932 2433 4987 nisi
2478 4946 2601 4985 cum
2654 4929 2876 4992 labore,
2925 4928 3217 4982 aﬂlictione
3270 4937 3432 4995 atque

1870 5044 2047 5099 pugna
2092 5028 2281 5081 multa.
2326 5024 2445 5078 Non
2493 5022 2693 5075 desunt
2738 5021 2922 5080 enim,
2960 5020 3015 5072 in
3061 5018 3260 5087 quibus
3306 5017 3433 5071 licet

1870 5120 2041 5191 gratia
2070 5120 2179 5172 vim
2212 5132 2363 5172 suam
2400 5116 2455 5169 in
2491 5115 2625 5184 ipsis
2660 5120 2875 5167 exserat
2906 5120 3070 5178 atque
3102 5109 3429 5177 requiescat,

1872 5214 2020 5266 intus
2050 5221 2229 5265 tamen
2257 5209 2438 5277 aliqua
2468 5208 2601 5261 latet
2631 5205 2853 5265 malitia,
2884 5214 3047 5271 atque
3080 5200 3202 5254 dua:
3232 5198 3432 5253 adsunt

1873 5302 2233 5358 conversandi
2272 5300 2530 5359 rationes,
2556 5297 2695 5351 lucis
2728 5294 2939 5349 scilicet
2968 5301 3025 5347 et
3055 5291 3428 5355 tenebrarum,

1872 5396 1929 5448 in
1958 5410 2069 5448 uno
2096 5392 2261 5447 corde
2288 5392 2399 5444 vim
2428 5405 2583 5445 suam
2614 5394 2951 5442 exercentes.

1942 5486 2001 5539 V.
2030 5484 2193 5553 Atqui
2237 5481 2482 5547 omnino,
2511 5481 2660 5534 dices
2697 5477 2852 5541 mihi,
2881 5490 3001 5545 qua:
3041 5472 3273 5529 societas
3316 5470 3427 5525 luci

1873 5592 1996 5631 cum
2029 5574 2304 5628 tenebris?
2338 5573 2556 5627 ubinam
2587 5571 2682 5624 lux
2710 5569 2891 5623 divina
2917 5564 3161 5620 tenebris
3184 5561 3427 5617 oﬂ‘undi-

1874 5677 1963 5720 tur
1996 5675 2159 5733 atque
2196 5664 2529 5734 inquinatur,
2564 5668 2621 5716 et
2653 5661 2745 5714 ubi
2791 5658 2934 5729 quod
2978 5656 3320 5725 impollutum
3363 5668 3429 5708 ac

1871 5772 2067 5827 purum
2116 5764 2234 5823 cst,
2276 5754 2538 5826 polluitur
2590 5762 2753 5822 atque
2808 5749 3096 5807 turbatur?
3149 5746 3424 5817 Scriptum
