4282 6364
888 368 991 432 627

2125 360 2182 418 S.
2222 357 2541 419 MACARII
2581 357 2900 418 IEGYPTII

4035 364 4157 427 698

889 476 1035 531 enim
1073 481 1159 529 est
1194 490 1207 527 :
1246 472 1312 527 Et
1349 470 1443 524 lux
1475 471 1530 523 in
1564 469 1783 521 tenebris
1820 466 1974 531 lucet,
2006 476 2054 520 et
2086 469 2310 521 tenebrae
2342 483 2458 520 eam
2487 472 2531 525 Α
2558 483 2580 518 ι

2487 472 2531 525 Α
2558 467 2653 532 τὶᾳ
2686 468 2901 534 φαίνει,
2930 466 3027 519 καί
3059 469 3095 535 ἡ
3125 470 3341 522 σκοτία
3369 470 3515 524 αὐτὸ
3557 472 3630 526 οὐ
3669 472 3989 526 κατέλαϐε.
4021 476 4152 526 Μο-

892 582 997 618 ηοη
1039 562 1534 632 comprehenderunt
1555 559 1619 611 ⁸⁸.
1662 558 1780 612 Non
1824 573 1955 628 ergo
1995 558 2318 627 simpliciter
2355 572 2457 612 nec

891 672 1003 711 uno
1037 654 1199 708 modo
1231 654 1349 708 haec
1381 661 1508 707 sunt
1539 650 1911 721 intelligenda.
1942 649 2173 715 Quidam
2213 650 2359 703 enim
2400 650 2455 704 in

892 754 1105 800 tantum
1139 742 1534 812 conquiescunt
1569 740 1624 795 in
1659 740 1828 810 gratia
1864 739 1994 801 Dei,
2021 740 2165 808 quod
2201 739 2456 795 fortiores

890 836 1157 897 evadant,
1192 850 1353 903 quam
1402 842 1487 887 est
1524 834 1812 903 conjuncta
1862 831 1969 885 illis
2014 832 2249 897 malitia;
2293 841 2456 902 atque

886 942 1101 981 summa
1170 940 1299 995 erga
1368 924 1539 979 Deum
1610 923 1897 977 devotione
1973 930 2028 976 et
2090 923 2455 979 oblectatione

888 1025 1181 1073 teneantur
1229 1034 1242 1069 :
1288 1016 1394 1070 alia
1437 1025 1614 1069 tamen
1652 1016 1787 1069 hora
1822 1015 2001 1085 pravis
2034 1015 2456 1085 cogitationibus

885 1109 1183 1180 agitantur,
1209 1124 1274 1163 ac
1303 1108 1684 1177 subripiuntur
1714 1124 1742 1161 a
1778 1114 2031 1176 peccato,
2061 1109 2239 1163 adhuc
2275 1118 2454 1163 tamen

887 1204 1219 1258 exsistentes
1259 1203 1313 1255 in
1355 1202 1524 1272 gratia
1567 1202 1683 1256 Dei.
1721 1201 2096 1273 Simpliciores
2130 1221 2259 1259 vero
2292 1215 2456 1276 atque

887 1293 1095 1357 idiotm,
1130 1292 1222 1346 ubi
1250 1292 1396 1347 vires
1430 1308 1555 1347 suas
1589 1294 1768 1361 aliqua
1796 1310 1863 1349 ex
1893 1306 2046 1365 parte
2078 1298 2133 1351 in
2164 1298 2271 1352 illis
2295 1314 2455 1353 exse-

885 1385 1063 1437 ruerit
1101 1383 1294 1452 gratia,
1323 1398 1381 1438 se
1420 1398 1645 1453 prorsus
1684 1400 1713 1437 a
1755 1396 1977 1453 peccato
2016 1388 2222 1442 liberos
2265 1391 2455 1443 existi-

886 1484 1057 1529 mant.
1094 1476 1164 1528 At
1197 1475 1289 1543 qui
1321 1476 1570 1529 acumine
1595 1475 1788 1545 judicii
1816 1493 1878 1530 ac
1903 1479 2192 1547 prudentia
2224 1481 2450 1549 pollent,

885 1572 1148 1618 verentur
1186 1558 1410 1633 negare,
1445 1563 1612 1631 quod,
1650 1565 1780 1617 licet
1816 1568 1989 1635 gratia
2024 1567 2209 1621 divina
2261 1570 2451 1623 donati

883 1655 1076 1719 simus,
1104 1656 1357 1725 turpibus
1386 1665 1548 1724 atque
1597 1656 1847 1712 obscenis
1890 1661 2314 1729 cogitationibus
2342 1678 2453 1718 non

882 1766 1259 1806 exerceamur.

955 1888 1043 1942 Vl.
1097 1888 1483 1958 Saepenumero
1542 1893 1688 1946 enim
1748 1890 2013 1961 quosdam
2072 1891 2129 1944 in
2186 1892 2450 1948 fratribus

886 1979 1212 2047 reperimus,
1246 1990 1455 2037 tantum
1498 1985 1647 2053 ipsos
1688 1984 1947 2053 gaudium
1987 1994 2042 2037 et
2070 1984 2298 2053 gratiam
2329 2000 2450 2039 esse

882 2080 1225 2135 consecutos,
1260 2082 1319 2126 ut
1356 2074 1422 2127 ad
1463 2076 1706 2145 quinque
1750 2086 1844 2129 aut
1874 2092 1969 2129 sex
2012 2091 2281 2130 annorum
2325 2093 2450 2147 spa-

884 2164 1021 2218 tium
1065 2169 1565 2238 concupiscentiam
1605 2172 1884 2226 exaruisse
1927 2182 2255 2237 assererent,
2288 2182 2449 2243 atque

882 2257 938 2310 in
983 2269 1261 2327 posterum
1314 2262 1381 2315 ab
1428 2277 1492 2315 ea
1540 2278 1596 2316 se
1638 2263 1898 2318 liberatos
1940 2273 2213 2332 putarent.
2249 2264 2449 2320 Verum

880 2347 1077 2402 vitium
1105 2349 1277 2405 latens
1306 2352 1599 2407 insurrexit
1626 2354 1677 2407 in
1706 2355 1846 2417 illos,
1868 2366 2030 2425 atque
2058 2357 2450 2425 concupiscen-

883 2438 972 2492 tiae
1000 2440 1111 2510 igni
1140 2441 1277 2495 adeo
1309 2444 1578 2498 combusti
1606 2454 1753 2509 sunt,
1783 2454 1843 2499 ut
1872 2448 2089 2501 attoniti
2116 2463 2180 2501 ac
2211 2448 2448 2516 perculsi

882 2529 1147 2596 dicerent,
1177 2533 1459 2589 Undenam
1492 2546 1641 2590 tanto
1674 2547 1798 2606 post
1838 2550 2083 2609 tempore
2124 2542 2283 2594 nobis
2320 2557 2448 2609 pro-

884 2622 987 2675 diit
1018 2632 1224 2677 tantum
1257 2626 1680 2682 vitium?Nemo
1711 2645 1839 2698 ergo
1869 2646 2012 2684 sana:
2041 2632 2240 2685 mentis
2266 2632 2449 2686 dicere

883 2715 1100 2781 audeat,
1133 2715 1269 2781 Quia
1308 2733 1524 2772 mecum
1557 2731 1638 2773 est
1672 2723 1862 2789 gratia.
1894 2739 1922 2776 a
1954 2724 2193 2791 peccatis
2227 2739 2449 2790 prorsus

882 2807 1147 2863 liberatus
1196 2825 1315 2863 sum
1367 2811 1513 2865 :sed
1562 2812 1684 2867 dua:
1726 2830 1974 2883 personae
2022 2816 2130 2869 vim
2180 2832 2334 2869 suam
2392 2816 2449 2869 in

882 2906 1067 2954 mente
1096 2911 1372 2955 exercent.
1396 2904 1640 2972 Imperiti
1669 2907 1813 2959 enim
1845 2908 1939 2975 qui
1968 2918 2095 2961 sunt
2123 2924 2327 2973 rerum,
2352 2909 2448 2963 ubi

883 2990 1159 3045 modicum
1185 2993 1316 3061 quid
1349 2994 1404 3047 in
1436 2995 1543 3049 illis
1572 3006 1795 3064 operata
1826 2997 1993 3053 fuerit
2020 3000 2211 3068 gratia,
2244 3014 2302 3053 se
2338 3001 2449 3069 jam

882 3082 1079 3137 vicisse
1125 3093 1287 3152 atque
1330 3085 1604 3154 perfectos
1639 3087 1980 3143 Christianos
2017 3105 2136 3143 esse
2179 3099 2444 3145 statuunt.

882 3173 996 3243 Ego
1020 3190 1149 3229 vero
1179 3176 1259 3231 sic
1291 3192 1347 3231 se
1377 3194 1491 3231 rem
1521 3180 1728 3235 habere
1756 3190 1908 3251 puto,
1936 3182 2162 3251 perinde
2199 3198 2264 3237 ac
2302 3184 2346 3237 si
2380 3184 2448 3236 sit
2478 3164 2520 3222 ο

884 3264 941 3318 in
970 3266 1107 3319 caelo
1138 3267 1240 3332 sol,
1266 3269 1359 3338 qui
1392 3268 1447 3323 in
1479 3286 1619 3339 puro
1645 3288 1771 3326 aere
1803 3273 1968 3336 lucet,
1996 3280 2052 3326 et
2081 3273 2255 3328 nubes
2284 3274 2452 3328 adve-

884 3357 1099 3412 nientes
1127 3375 1252 3413 eum
1281 3361 1551 3429 cperiant,
1578 3372 1740 3432 atque
1769 3378 1951 3417 aerem
1980 3364 2303 3419 crassiorem
2329 3364 2447 3418 red-

886 3449 1036 3515 dant,
1068 3451 1217 3504 nullo
1252 3461 1412 3520 pacto
1446 3452 1668 3522 (quippe
1703 3470 1827 3508 cum
1862 3453 2095 3509 interius
2129 3455 2318 3525 lateat)
2350 3470 2452 3510 nec

886 3537 943 3591 in
967 3538 1190 3603 lumine,
1214 3555 1316 3593 nec
1342 3540 1396 3592 in
1422 3541 1723 3594 substantia
1751 3542 1967 3595 lzeditur
1993 3560 2005 3595 :
2036 3543 2115 3597 sic
2144 3558 2202 3597 se
2227 3543 2449 3608 habent,

886 3630 979 3698 qui
1021 3631 1179 3700 plene
1221 3631 1461 3685 nondum
1497 3640 1623 3686 sunt
1655 3633 1953 3702 purificati;
1991 3634 2083 3704 qui
2117 3635 2246 3690 licet
2278 3636 2453 3704 gratia

884 3719 981 3773 Dei
1025 3720 1235 3789 praediti
1282 3721 1419 3783 sint,
1455 3720 1509 3773 in
1555 3721 1681 3774 imis
1728 3730 1910 3775 tamen
1948 3728 2171 3789 peccato
2208 3720 2449 3787 detenti,

888 3810 1091 3863 habent
1117 3810 1277 3863 simul
1308 3820 1488 3866 motus
1517 3812 1819 3877 naturales,
1852 3821 1907 3865 et
1934 3812 2292 3881 cogitationes
2321 3828 2449 3883 erga

885 3902 1057 3955 Deum
1094 3900 1307 3966 ﬁrmas,
1337 3902 1538 3971 quippe
1578 3918 1608 3955 a
1647 3910 1803 3971 parte
1835 3902 1966 3956 boni
2008 3902 2253 3956 nondum
2292 3902 2452 3973 plene

887 3999 1113 4045 stantes.

956 4120 1063 4176 νη.
1109 4122 1199 4176 Sic
1254 4139 1283 4178 e
1338 4138 1642 4187 converso,
1678 4124 1772 4192 qui
1824 4122 2127 4177 secundum
2177 4123 2315 4181 ima.
2351 4124 2453 4177 sub

883 4214 1026 4267 bona
1053 4214 1323 4282 portione,
1346 4215 1538 4283 gratia,
1560 4214 1803 4281 inquam,
1824 4222 2098 4276 tenentur,
2120 4213 2300 4266 adhuc
2325 4224 2453 4267 sunt

885 4306 1027 4359 servi
1075 4313 1237 4373 atque
1293 4306 1516 4359 obnoxii
1548 4305 1731 4373 pravis
1762 4305 2187 4374 cogitationibus
2220 4320 2282 4358 ac
2311 4306 2452 4373 parti

882 4398 1111 4452 vitiosae.
1143 4397 1365 4452 Summo
1400 4398 1563 4467 igitur
1594 4398 1803 4467 judicio
1835 4412 1973 4465 opus
2002 4406 2105 4459 est,
2137 4405 2199 4450 ut
2228 4412 2328 4466 per
2355 4414 2451 4451 ex-

2558 559 2832 628 νοτρόπως
2866 554 2959 611 οὖν
2985 559 3046 610 ού
3102 561 3201 629 χρὴ
3231 560 3300 612 τὰ
3353 563 3653 633 πράγματα
3684 565 3948 630 νοεῖσθαι,
4015 564 4159 618 οὔτε

2561 649 2896 719 μονομερῶς.
2937 650 3029 711 Εἰς
3052 651 3304 704 τοσοῦτον
3333 655 3439 722 γάρ
3482 671 3627 717 τινες
3663 656 4052 709 ἀναπαύονται
4090 659 4160 708 ἐν

2556 744 2621 812 τῇ
2647 740 2741 794 τοῦ
2792 741 2926 795 Θεοῦ
2960 744 3164 815 χάριτι,
3211 745 3291 796 ὅτι
3329 745 3689 817 ἀνδρειότεροι
3734 748 3988 814 γίνονται
4042 749 4157 816 τῆς

2560 835 2821 903 συνούσης
2848 835 3029 898 αὐτοῖς
3054 836 3274 899 κακίας,
3300 836 3393 891 καὶ
3418 838 3632 907 ἔχοντες
3650 839 3832 909 εὐχὴν,
3858 841 3953 893 καὶ
4001 842 4151 893 ἀνά-

2559 943 2759 979 παυσιν
2783 927 2981 995 πολλὴν
3008 927 3144 997 πρὸς
3161 927 3255 981 τὸν
3287 930 3439 993 Θεὸν,
3462 931 3597 1001 ἄλλῃ
3625 932 3742 1003 ῶρᾳ
3771 935 3855 984 ὲνε
3866 932 4149 999 ργοῦνται

2557 1019 2661 1071 ὑπὸ
2723 1019 2996 1089 λογισμῶν
3032 1020 3307 1094 πονηρῶν,
3345 1025 3440 1076 καὶ
3494 1025 3818 1078 κλέπτονται
3866 1025 3977 1077 ὑπὸ
4036 1026 4152 1093 τῆς

2558 1111 2848 1181 ἁμαρτίας.
2884 1111 2963 1165 ἔτι
3000 1112 3151 1177 ὄντες
3184 1117 3241 1168 ὲν
3269 1117 3333 1185 τῇ
3390 1115 3571 1185 χάριτι
3617 1116 3709 1168 τοῦ
3744 1116 3902 1171 Θεοῦ.
3947 1118 4023 1169 Οί
4084 1117 4151 1169 δὲ

2558 1204 2784 1274 ἐλαφροὶ
2815 1205 2909 1258 καὶ
2943 1205 3167 1271 ίδιῶται,
3204 1207 3445 1276 μερικῶς
3496 1209 3824 1277 ἐνεργούσης
3857 1211 3915 1261 ἐν
3940 1209 4150 1271 αὐτοῖς

2555 1298 2656 1365 τῆς
2696 1298 2936 1368 χάριτος,
2980 1300 3259 1368 νομίζουσι
3280 1300 3480 1369 μηκέτι
3510 1297 3774 1369 εἶναιτὴν
3810 1301 4103 1370 ἁμαρτίαν

2554 1390 2604 1441 oi
2632 1389 2688 1440 δὲ
2715 1389 2926 1457 ἔχοντες
2949 1389 3235 1460 διάκρισιν,
3277 1392 3370 1444 καὶ
3406 1389 3558 1453 ὄντες
3596 1390 3869 1459 φρόνιμοι.
3920 1392 3983 1443 οὐ
4016 1390 4149 1441 τολ-

2560 1478 2732 1548 μῶσιν
2752 1479 3112 1548 ἀρνήσασθαι,
3144 1481 3224 1532 ὅτι
3270 1480 3483 1548 ἔχοντες
3509 1481 3607 1551 τὴν
3636 1482 3795 1550 χάριν
3821 1479 3916 1532 τοῦ
3964 1480 4142 1544 Θεοῦ,

2555 1571 2655 1621 οὐκ
2713 1569 3082 1640 ὲνεργούμεθα
3121 1570 3225 1623 ὑπὸ
3268 1570 3507 1640 αίσχρῶν
3572 1572 3668 1624 καὶ
3725 1572 3991 1641 ῥυπαρῶν
4049 1573 4145 1623 lo-

2557 1678 2792 1731 γισμων.

2628 1886 2718 1951 ς’.
2740 1884 3003 1949 Πολλάκις
3026 1886 3133 1957 γὰρ
3162 1885 3391 1957 εὕρομεν
3422 1890 3480 1941 ὲν
3508 1891 3619 1952 τοῖς
3642 1890 3910 1959 ἀδελφοῖς,
3932 1893 4021 1946 ὅτι
4043 1892 4141 1944 τό-

2559 1977 2761 2046 σαύτην
2792 1974 2949 2048 εὗρον
2971 1978 3141 2049 χαρὰν
3171 1980 3261 2031 καὶ
3290 1980 3469 2048 χάριν,
3501 1982 3640 2035 ὥστε
3670 1983 3728 2033 ὲν
3750 1982 3911 2035 πέντε
3950 1985 4051 2037 καὶ
4074 1984 4138 2049 ἒξ

2556 2068 2700 2122 ἔτεσι
2734 2070 2911 2137 λέγειν
2938 2073 3154 2137 αὐτοὺς,
3180 2074 3261 2127 ὅτι
3319 2073 3589 2143 ἐξηράνθη
3627 2077 3971 2145 ⁴ἡέπιθυμία,
4039 2079 4141 2131 καὶ

2559 2160 2697 2228 μετά
2732 2162 2902 2214 ταῦτα
2933 2162 3007 2226 ὡς
3064 2164 3320 2234 ἐνόμισαν
3378 2165 3777 2235 ἠλευθερῶσθαι
3812 2168 3902 2220 ἀπ’
3934 2169 4137 2239 αὐτῆς,

2554 2252 2881 2323 ὲγκρυϐεἷσα
2904 2256 2935 2326 ἡ
2968 2256 3132 2308 κακία
3155 2257 3450 2328 ὲπεκινήθη
3476 2258 3674 2322 αὐτοῖς,
3699 2261 3792 2311 καὶ
3850 2261 4138 2313 κατεκαύ-

2557 2343 2726 2413 θησαν
2752 2348 2816 2416 τῇ
2849 2348 3130 2419 ἐπιθυμίᾳ,
3159 2349 3298 2402 ὥστε
3328 2350 3631 2415 ξενίζεσθαι
3688 2353 3883 2414 αὐτοὺς
3913 2354 4008 2406 καὶ
4040 2353 4135 2405 λέ-

2555 2454 2690 2504 γειν,
2726 2439 2805 2491 ὅτι
2840 2438 2975 2508 μετὰ
2999 2440 3248 2493 τοσοῦτον
3270 2441 3459 2512 χρόνον
3501 2443 3666 2495 πόθεν
3695 2444 3826 2513 ἡμῖν
3856 2444 4133 2511 ἐπανέστη

2554 2530 2786 2598 τοσαύτη
2843 2533 3048 2595 κακία;
3090 2533 3261 2596 οὐδεὶς
3315 2534 3406 2585 οῦν
3435 2534 3542 2586 τῶν
3586 2534 3895 2605 ὲχεφρόνων
3953 2535 4134 2605 τολμᾷ

2555 2624 2728 2674 εἰπεῖν
2762 2624 2843 2676 ὅτι
2878 2624 3140 2695 συνούσης
3177 2643 3266 2695 μοι
3298 2626 3398 2695 τῆς
3423 2626 3647 2695 χάριτος
3671 2628 3731 2679 τὸ
3756 2628 3875 2680 ὅλον
3904 2628 4135 2695 ἠλευθέ-

2559 2731 2737 2783 ρωμαι
2791 2716 2887 2782 τῆς
2924 2717 3218 2786 ἁμαρτίας,
3260 2718 3395 2769 ἀλλά
3443 2720 3512 2772 τὰ
3543 2718 3634 2771 δύο
3662 2719 3930 2790 πρόσωπα
3960 2722 4019 2771 ὲν
4050 2718 4131 2787 τῷ

2556 2804 2630 2874 νῷ
2657 2809 2975 2876 ἐνεργεῖται.
2998 2808 3061 2861 Οἱ
3093 2810 3199 2879 γὰρ
3250 2808 3467 2879 ἄπειροι
3497 2810 3603 2863 τῶν
3635 2812 4002 2881 πραγμάτων,
4040 2829 4130 2880 μι⁴

2556 2898 2685 2965 κρόν
2705 2914 2756 2949 τι
2782 2900 3152 2968 ὲνεργησάση..
3186 2901 3266 2963 είς
3318 2902 3514 2964 αὐτοὺς
3538 2902 3636 2969 τῆς
3689 2902 3930 2971 χάριτος,
3968 2903 4128 2973 νομί·-

2556 2986 2757 3051 ζουσιν,
2780 2989 2859 3040 ὄτι
2888 2990 2988 3058 ἤδη
3016 2990 3295 3060 ἐνίκησαν,
3316 2990 3409 3043 καί
3434 2994 3541 3044 είσὶ
3563 2994 3879 3062 Χριστιανοὶ
3905 2994 4125 3047 τέλειοι.

2569 3080 2709 3147 Ἐγὼ
2738 3082 2790 3133 δὲ
2820 3081 2991 3143 οὕτως
3019 3083 3160 3150 φημὶ
3192 3084 3263 3135 τὰ
3288 3083 3588 3152 πράγματα
3602 3081 3762 3149 εἶναι,
3787 3084 3979 3154 ῶσπερ
3997 3086 4127 3140 ὅταν

2553 3165 2585 3244 ᾖ
2620 3172 2676 3221 ὲν
2711 3170 2925 3240 οὐρανῷ
2978 3170 3129 3239 ἥλιος
3168 3174 3224 3222 ἐν
3274 3173 3499 3242 καθαρῷ
3538 3173 3662 3243 ἀέρι
3721 3175 4123 3244 καταλάμπων,

2555 3261 2648 3313 καὶ
2677 3260 2870 3313 ἔλθωσι
2893 3263 3020 3330 περὶ
3062 3262 3223 3314 αὑτὸν
3259 3262 3502 3329 νεφέλαι,
3536 3264 3628 3316 καὶ
3662 3264 4011 3318 καλύπτωσιν
4034 3268 4125 3319 αὖ·

2552 3351 2663 3417 τὸν,
2690 3353 2783 3404 καὶ
2811 3353 3123 3421 παχύνωσιν
3144 3354 3233 3405 τόν
3272 3355 3429 3424 ἀέρα,
3467 3354 3619 3407 οὐδὲν
3668 3355 3923 3425 ἠδίκηται
3960 3358 4121 3420 αὐτὸς

2552 3443 2825 3512 ὲνδότερος
2856 3444 2928 3496 ὣν
2951 3444 3014 3496 ἐκ
3042 3443 3134 3497 τοῦ
3160 3445 3334 3512 φωτὸς
3365 3444 3550 3510 αὐτοῦ,
3580 3448 3672 3498 καὶ
3697 3448 3795 3515 τῆς
3834 3447 3969 3509 ἰδίας
3999 3449 4123 3501 ὑπο-

2554 3537 2824 3599 στάσεως·
2851 3536 3023 3598 οὗτως
3052 3538 3187 3588 εἰσὶν
3218 3539 3265 3589 οἱ
3304 3537 3377 3606 μὴ
3410 3537 3627 3600 τελείως
3672 3538 4117 3606 καθαρισθέντες.

2555 3629 2745 3691 Ὄντες
2767 3628 2820 3682 δὲ
2846 3631 2903 3681 ἐν
2922 3632 2986 3699 τῇ
3020 3628 3116 3682 τοῦ
3144 3628 3278 3681 Θεοῦ
3310 3630 3512 3699 χάριτι,
3544 3630 3637 3683 καὶ
3668 3630 4027 3698 κατεχόμενοι
4057 3634 4118 3683 ἐν

2554 3719 2707 3788 βάθει
2732 3720 2834 3771 ὑπὸ
2854 3721 2952 3789 τῆς
2977 3720 3267 3789 ἁμαρτίας,
3297 3720 3480 3788 ἔχουσι
3512 3720 3578 3773 τὰ
3614 3722 3819 3787 φυσικά
3850 3724 4119 3790 κινήματα

2551 3811 2646 3863 καὶ
2660 3812 2783 3873 τοὺς
2803 3812 3091 3881 λογισμοὺς
3112 3812 3307 3871 αὐτοὺς
3326 3812 3671 3881 ἐρρωμένους
3700 3812 3834 3880 πρὸς
3854 3814 3945 3865 τὸν
3966 3813 4116 3877 Θεὸν,

2553 3902 2647 3955 καὶ
2673 3901 2747 3971 μὴ
2779 3901 2930 3964 ὄντες
2958 3902 3050 3954 τοῦ
3089 3903 3294 3969 ἀγαθοῦ
3322 3902 3601 3965 ὀλοτελῶς.

2623 4126 2696 4177 Ζ’.
2729 4124 2915 4185 Οὕτως
2949 4122 3109 4175 πάλιν
3140 4123 3188 4175 οἱ
3217 4123 3574 4192 κατεχόμενοι
3609 4125 3666 4176 ἐν
3702 4124 3854 4192 βάθει
3882 4126 3984 4175 ὑπὸ
4024 4125 4114 4177 τοῦ

2552 4213 2757 4282 ἀγαθοῦ
2787 4214 3004 4284 μέρους,
3060 4213 3157 4282 τῆς
3192 4214 3410 4283 χάριτος
3442 4215 3606 4281 λέγω,
3662 4214 3742 4268 ἔτι
3796 4218 3903 4268 εἰσὶ
3942 4216 4116 4270 δοῦλοι

2554 4308 2646 4357 καὶ
2675 4305 2975 4374 ὑποχείριοι
2997 4306 3107 4365 τοῖς
3128 4306 3385 4376 πονηροῖς
3409 4304 3712 4373 λογισμοῖς,
3742 4307 3835 4359 καὶ
3859 4307 3936 4376 τῷ
3965 4310 4112 4376 μέρει

2554 4397 2653 4466 τῆς
2686 4396 2904 4457 κακίας.
2938 4394 3145 4464 Πολλῆς
3173 4392 3266 4449 οὖν
3320 4396 3479 4466 χρεία
3533 4396 3880 4467 διακρίσεως,
3906 4398 3997 4451 ἵνα
4032 4399 4114 4453 διὰ

884 4489 1210 4557 perientiam
1238 4489 1362 4558 quis
1387 4498 1699 4557 cognoscat,
1726 4490 1841 4543 haec
1870 4505 1927 4543 se
1958 4490 2031 4544 ita
2061 4490 2285 4545 habere.
2318 4492 2451 4545 Dico
2482 4506 2527 4563 ι)
2556 4505 2575 4539 τ

2424 4507 2451 4545 ο
2482 4506 2527 4563 D
2556 4487 2746 4555 πείρας
2769 4504 2853 4549 τις
2879 4487 2991 4556 γνῷ
3024 4486 3200 4539 ταῦτα
3225 4486 3413 4538 τοῦτον
3442 4486 3580 4555 ἔχειν
3604 4487 3695 4540 τὸν
3721 4488 3937 4557 τρόπον.
3963 4489 4115 4555 Λέγω

885 4590 1068 4634 autem
1101 4580 1223 4644 tibi,
1245 4580 1409 4634 etiam
1434 4582 1727 4649 apostolos,
1752 4582 1953 4651 quibus
1978 4592 2094 4636 erat
2116 4583 2452 4647 Paracletus,

887 4688 997 4726 non
1026 4673 1196 4726 fuisse
1227 4688 1292 4726 ex
1327 4673 1472 4726 omni
1504 4684 1662 4741 parte
1696 4689 1952 4739 securos;
1989 4675 2187 4744 gaudio
2221 4677 2367 4730 enim
2401 4685 2457 4731 et

886 4763 1238 4818 exsultationi
1268 4762 1457 4816 aderat
1488 4765 1652 4817 timor
1676 4773 1731 4818 et
1758 4774 1985 4830 tremor,
2012 4767 2079 4819 ab
2113 4766 2226 4835 ipsa
2256 4767 2452 4836 gratia,

886 4870 997 4907 non
1032 4869 1097 4907 ex
1132 4864 1286 4923 parte
1319 4854 1514 4908 vitiosa
1550 4855 1826 4923 profectus
1864 4875 1876 4909 :
1909 4872 2099 4911 verum
2136 4858 2249 4927 ipsa
2283 4860 2455 4929 gratia

890 4946 1151 4999 tuebatur
1191 4946 1340 5009 illos,
1372 4962 1441 5000 ne
1478 4947 1562 5000 vel
1605 4947 1889 5000 minimum
1928 4948 2059 5017 quid
2099 4948 2453 5003 diverterent.

890 5037 1129 5093 Perinde
1161 5038 1310 5093 enim
1341 5054 1403 5091 ac
1432 5038 1477 5092 si
1509 5040 1632 5109 quis
1661 5038 1954 5093 frustulum
1987 5038 2180 5109 lapidis
2211 5041 2456 5109 projece-

891 5127 967 5179 rit
1000 5127 1054 5179 in
1084 5142 1322 5191 murum,
1352 5144 1567 5181 murum
1598 5129 1909 5182 nullatenus
1935 5128 2164 5181 oil‘endit
2190 5137 2285 5181 aut
2312 5144 2457 5181 eom-

894 5219 1069 5272 movit
1098 5236 1111 5272 :
1143 5228 1237 5273 aut
1266 5220 1406 5273 sicut
1430 5221 1600 5273 telum
1632 5220 1931 5289 projectum
1966 5229 2152 5271 contra
2184 5234 2330 5283 eum,
2362 5219 2455 5288 qui

892 5308 999 5363 fert
1042 5309 1348 5375 clibanum,
1380 5312 1528 5366 nullo
1573 5311 1735 5364 modo
1783 5310 1921 5365 lzesit
1965 5326 2065 5364 nec
2106 5310 2308 5363 ferrum
2358 5327 2460 5365 nec

894 5415 1098 5469 corpus
1134 5401 1344 5469 (referit
1376 5404 1521 5457 enim
1560 5418 1623 5457 ac
1654 5403 2013 5473 repercutit);
2050 5404 2124 5456 ita
2162 5403 2291 5456 licet
2324 5403 2455 5472 quid

897 5493 1016 5546 vitii
1052 5492 1121 5546 ad
1153 5495 1428 5563 apostolos
1459 5496 1955 5564 appropinquaret,
1991 5509 2334 5563 nequaquam
2378 5504 2457 5548 ta-

899 5599 1027 5639 men
1048 5584 1197 5653 ipsos
1220 5584 1467 5653 laedebat,
1483 5584 1684 5656 quippe
1707 5584 1801 5655 qui
1825 5594 1981 5640 erant
1997 5584 2233 5655 perfecta
2254 5583 2457 5639 Christi

982 5761 1028 5794 ⁸⁸
1047 5760 1200 5829 Joan.
1228 5779 1267 5829 ι,
1289 5764 1342 5820 5.

2553 4575 2611 4630 δέ
2642 4593 2746 4641 σοι,
2776 4577 2858 4631 ὅτι
2892 4578 2986 4628 καὶ
3039 4578 3087 4628 οἱ
3136 4576 3422 4629 ἀπόστολοι
3461 4576 3674 4646 ἔχοντες
3704 4578 3796 4631 τὸν
3825 4580 4113 4650 Παράκλη-

2552 4684 2664 4731 τον,
2699 4667 2957 4730 ὀλοτελῶς
3006 4668 3106 4719 οὐκ
3134 4663 3274 4737 ἦσαν
3323 4667 3640 4738 ἀμέριμνοι.
3700 4670 3870 4738 Συνῆν
3914 4670 4021 4741 γὰρ
4050 4675 4113 4743 τῇ

2555 4761 2697 4831 χαρᾷ
2716 4760 2811 4813 καὶ
2840 4761 2906 4830 τῇ
2941 4759 3259 4827 ἀγαλλιάσει
3298 4759 3459 4827 φόϐος
3493 4759 3589 4812 καὶ
3619 4761 3820 4828 τρόμος
3858 4761 3915 4827 ἐξ
3952 4763 4115 4831 αὐτῆς

2554 4853 2653 4921 τῆς
2685 4852 2926 4921 χάριτος,
2947 4851 3007 4903 οὺ
3031 4850 3121 4903 τοῦ
3157 4851 3353 4921 μέρους
3373 4851 3474 4919 τῆς
3503 4853 3719 4917 κακίας,
3756 4853 3893 4904 ἀλλά
3922 4854 4053 4924 αὑτὴ
4082 4857 4113 4925 η

2555 4942 2713 5012 χάρις
2731 4941 3057 5009 ὴσφαλίζετο
3078 4940 3293 5003 αὐτοὺς,
3324 4941 3410 4993 ἵνα
3454 4942 3527 5011 μὴ
3573 4942 3675 4995 κᾶν
3706 4944 3785 5006 είς
3821 4945 4014 5013 μικρόν
4060 4962 4112 4996 τι

2559 5032 2926 5103 ὲκτραπῶσιν.
2963 5032 3170 5102 Ὠσπερ
3199 5032 3306 5100 γάρ
3340 5031 3392 5083 εί
3411 5049 3494 5094 τις
3525 5032 3767 5100 βιζάκιον
3796 5034 3944 5086 λίθου
3961 5034 4115 5103 ῥίψας

2558 5127 2636 5188 είς
2665 5128 2861 5196 τεῖχος,
2885 5126 3037 5179 οὐδὲν
3069 5126 3300 5196 ἔϐλαψεν
3333 5127 3365 5197 ἢ
3395 5130 3734 5200 παρεκίνησε
3755 5131 3817 5183 τὸ
3848 5134 4048 5200 τεῖχος·
4079 5134 4111 5203 ἢ

2558 5214 2747 5285 ὥσπερ
2781 5216 2931 5285 βέλος
2972 5218 3435 5287 ἀποστελλόμενον
3492 5222 3634 5273 κατά
3678 5221 3773 5273 τοῦ
3831 5224 4114 5291 φοροῦντος

2560 5308 2829 5374 κλίϐανον,
2859 5310 3009 5363 οὐδὲν
3030 5310 3286 5382 ἠδίκησεν
3311 5312 3343 5381 ἢ
3384 5312 3475 5364 τδν
3505 5313 3797 5383 σίδηρον,ἢ
3835 5315 3896 5367 τὸ
3924 5315 4075 5382 σῶμα
4098 5333 4111 5345 ·

2562 5403 2865 5472 ἀντικρούει
2895 5404 3002 5475 γὰρ
3035 5405 3129 5458 καὶ
3164 5406 3509 5459 ἀντιπίπτει·
3532 5406 3703 5471 οὕτως
3734 5408 3783 5459 εί
3818 5408 3912 5461 καὶ
3950 5426 4112 5479 προσ·

2560 5495 2753 5564 ἠγγιξέ
2807 5512 2873 5560 τι,
2901 5496 3067 5565 μέρος
3093 5497 3288 5560 κακίας
3312 5500 3425 5559 τοῖς
3474 5498 3793 5562 ἀποστόλοις
3818 5500 3918 5552 οὐκ
3970 5500 4113 5553 εϐλα-

2562 5603 2693 5640 πτεν
2720 5587 2937 5657 αὐτοὺς,
2984 5588 3171 5660 ἐπειδὴ
3220 5584 3359 5659 ἦσαν
3409 5590 3749 5661 ἐνδεδυμένοι
3794 5591 3891 5663 τὴν
3918 5592 4111 5647 τελείαν
