4282 6364
158 383 272 450 629

1354 385 1810 450 ΗΟΜΙΙᾸΛΕυ-
1829 386 2015 451 ΗΟΜ.
2051 388 2235 450 XVII.

3303 383 3409 449 630

160 497 395 567 δύναμιν
415 493 510 550 τοῦ
532 493 769 567 Χριστοῦ
792 494 889 549 καὶ
911 486 1058 550 οὗτοι
1077 493 1133 547 δέ
1159 494 1313 550 αὐτοὶ
1334 498 1528 553 τέλειοι
1559 499 1733 565 ὄντες,
1761 503 1810 561 Α
1835 517 1851 551 ι

1716 539 1733 565 ,
1761 503 1810 561 Α
1835 501 2040 555 virtute
2082 499 2190 570 75
2228 497 2404 553 induti
2446 515 2460 551 :
2509 497 2696 567 illique
2743 511 2868 553 cum
2910 503 3097 553 essent
3142 497 3405 567 perfecti,

159 585 313 661 εἶχον
338 590 439 660 τὴν
466 587 777 661 ἐλευθερίαν
808 587 902 643 τοῦ
926 588 1344 660 ἀπεργάσασθαι
1394 591 1491 656 τὰς
1534 591 1742 648 δικαιο-

161 684 356 747 σύνας.

232 777 321 840 H’,
374 775 589 846 Ἐπειδὴ
614 770 709 830 οὖν
732 793 877 840 τινες
902 775 1173 845 λέγουσιν,
1199 777 1279 833 δτι
1308 778 1447 849 μετὰ
1468 777 1568 849 τὴν
1581 778 1741 849 χάριν

157 869 469 941 ἁμεριμνία
489 870 606 922 ἐστὶ
634 869 734 939 τῆς
752 868 952 940 ψυχῆς,
969 872 998 924 ὀ
1026 870 1157 935 Θεὸς
1186 871 1280 924 καὶ
1308 872 1367 924 ἐν
1386 872 1500 934 τοῖς
1515 870 1741 935 τελείοις

157 962 415 1031 ἐπιζητεῖ
445 962 508 1015 τὸ
554 960 768 1032 θέλημα
795 961 896 1031 τῆς
935 960 1116 1032 ψυχῆς
1172 963 1252 1025 είς
1313 962 1590 1016 διακονίαν
1643 962 1739 1016 τοῦ

158 1055 501 1125 Πνεύματος,
534 1054 683 1118 ὅπως
738 1054 1164 1125 συμφωνήσωσι.
1198 1056 1359 1123 Λέγει
1398 1056 1552 1127 γὰρδ
1578 1056 1739 1110 Ἀπό-

160 1145 372 1209 στολος.
407 1144 478 1199 Τὸ
503 1145 740 1214 ,πνεῦμα
760 1144 847 1214 μὴ
867 1146 1180 1199 σϐέννυτε.
1234 1147 1392 1211 Τινές
1428 1149 1527 1218 μὲν
1555 1143 1649 1201 οὖν
1680 1149 1741 1201 ἐν

157 1236 346 1299 αὐτοῖς
376 1237 477 1289 οὐκ
529 1236 721 1305 ἧθελον
772 1236 1052 1307 ἐπιδαρεῖς
1098 1236 1277 1301 ἄλλοις
1308 1237 1574 1306 γίνεσθαι,
1598 1238 1740 1301 τινές

158 1329 215 1381 δὲ
247 1329 468 1391 ἑαυτοῖς
498 1327 811 1397 ἐστοίχουν·
853 1328 1005 1381 ἄλλοι
1064 1329 1121 1383 δέ
1167 1330 1539 1401 λαμϐάνοντες
1589 1330 1741 1401 παρὰ

158 1420 446 1491 κωμικῶν
471 1419 764 1473 διεδίδοσαν
798 1422 911 1482 τοῖς
938 1423 1173 1491 πτωχοῖς
1194 1436 1209 1451 ο
1243 1421 1401 1476 τοῦτο
1427 1422 1484 1476 δὲ
1513 1421 1739 1488 ἀξιώτε-

162 1514 258 1583 ρόν
289 1514 459 1565 ἐστιν.
498 1513 561 1564 Οί
598 1511 696 1580 μὲν
723 1511 833 1581 γὰρ
860 1511 1073 1582 ἔχοντες
1095 1512 1193 1583 τὴν
1226 1512 1418 1583 χάριν,
1442 1515 1502 1566 τὸ
1532 1514 1740 1568 ἑαυτῶν

161 1605 327 1672 μόνον
365 1603 731 1674 μεριμνῶσιν⁸
760 1602 909 1656 ἄλλοι
930 1604 1009 1665 δὲ,
1044 1605 1138 1657 καὶ
1169 1604 1363 1674 ἐτέρας
1394 1604 1570 1674 ψυχὰς
1597 1604 1740 1674 ὠφε-

156 1695 323 1765 λῆσαι
359 1693 781 1758 σπουδάζουσινο
811 1689 957 1748 οὗτοι
987 1694 1164 1765 πολλῷ
1186 1695 1416 1749 ἐκείνων
1447 1696 1741 1767 ὑπερέχου-

158 1805 266 1840 σιν.
297 1786 479 1839 ¹Ἄλλοι
506 1786 561 1837 δὲ
582 1785 681 1855 τὴν
712 1786 871 1854 χάριν
903 1785 1123 1854 ἔχοντες
1170 1786 1312 1857 ὺπέρ
1361 1785 1454 1840 τοῦ
1480 1785 1741 1855 ὀνόματος

155 1881 255 1935 τοῦ
276 1879 412 1933 Θεοῦ
436 1880 507 1933 τὰ
536 1879 765 1949 σώματα
802 1879 983 1932 αὐτῶν
1011 1879 1393 1951 παραδιδόασιν
1419 1881 1499 1942 είς
1550 1877 1738 1948 ὕϐρεις

157 1972 258 2024 καὶ
294 1970 442 2041 πάθη
462 2009 478 2034 ,
517 1970 680 2024 πάλιν
705 1964 853 2023 οῦτοι
876 1970 1101 2023 ἐκείνων
1132 1969 1395 2041 ἀνώτεροί
1422 1971 1550 2023 είσι.
1582 1969 1736 2031 Τινές

158 2064 364 2132 ἀρετὴν
402 2062 679 2133 μετιόντες
712 2062 925 2116 θέλουσι
959 2063 1263 2132 κομπάζειν
1322 2061 1417 2114 καὶ
1472 2059 1735 2131 τιμᾶσθαι

158 2156 269 2209 ὑπὸ
286 2155 395 2209 τῶν
417 2154 741 2224 ἀνθρώπων,
760 2154 1011 2221 λέγοντες
1063 2153 1380 2223 Χριστιανοὶ
1433 2153 1593 2217 εἶναι,
1640 2154 1735 2206 καὶ

161 2248 412 2318 μετέχειν
439 2246 759 2316 Πνεύματος
793 2246 981 2313 ἁγίου·
1030 2245 1177 2301 ἄλλοι
1203 2245 1262 2300 δὲ
1323 2244 1584 2316 κρύπτειν
1610 2245 1735 2299 ἐαυ-

157 2340 286 2402 τοὺς
334 2337 433 2391 καὶ
478 2335 587 2391 ἀπὸ
618 2334 909 2404 συντυχίας
958 2333 1262 2404 ἀνθρώπιον
1312 2332 1733 2397 σπουδάζουσιν*

157 2422 310 2482 οὗτοι
335 2425 513 2496 πολλῷ
545 2425 764 2478 ἐκείνων
807 2424 1187 2495 ὑπερέχουσιν.
1231 2424 1414 2494 Ὁρᾷς,
1472 2423 1590 2486 πῶς
1640 2421 1738 2476 καὶ

158 2523 219 2573 ἐν
252 2519 391 2588 αὐτῇ
422 2519 490 2587 τῇ
539 2517 834 2583 τελειότητι
883 2515 1199 2584 εὑρίσκεται
1255 2514 1444 2575 εὔνοια,
1488 2513 1624 2583 πρὸς
1647 2514 1739 2566 τὺν

159 2610 295 2663 Θεδν
323 2608 433 2663 ἀπὸ
460 2607 693 2676 φυσικοῦ
711 2606 1010 2677 θελήματος
1044 2606 1457 2676 ἐπιτελουμένη,
1485 2605 1739 2675 ἀνωτέρα

160 2702 260 2756 καὶ
292 2699 660 2763 πλεονάζουσα
681 2716 697 2764 ;

231 2791 309 2844 Θν.
346 2790 555 2861 Ὥσπερ
569 2789 624 2841 εί
646 2806 732 2852 τις
756 2789 995 2859 πενιχρὰ
1028 2788 1299 2859 ἐνδύματα
1325 2789 1730 2860 περιϐεϐλημέ-

159 2901 253 2946 νος
281 2884 342 2935 ἐν
364 2882 601 2953 δράματι
651 2881 843 2936 ἐαυτὸν
869 2881 952 2951 ίδῃ
983 2879 1256 2946 πλούσιον,
1303 2880 1546 2943 ἀναστὰς
1590 2880 1648 2934 δὲ
1680 2880 1741 2945 ἐξ

162 2977 334 3029 ὕπνου
360 2974 522 3027 πάλιν
554 2973 641 3045 ἴδῃ
673 2973 866 3026 ἐαυτὸν
897 2970 1108 3042 πένητα
1147 2971 1242 3024 καὶ
1294 2971 1500 3041 γυμνόν
1519 2987 1534 3003 ο
1567 2970 1741 3035 οὓτως

159 3066 257 3119 καὶ
292 3066 342 3118 οί
368 3065 526 3133 λόγον
552 3062 921 3132 πνευματικὸν
984 3060 1272 3123 λαλοῦντες
1327 3063 1393 3129 τῇ
1444 3060 1734 3131 ἀκολουθία

160 3154 379 3208 δοκοῦσι
410 3154 594 3207 λαλεῖν
610 3169 624 3183 ο
670 3153 746 3222 μὴ
767 3151 981 3221 ἔχοντες
1006 3150 1063 3203 δὲ
1081 3149 1144 3202 τὸ
1168 3148 1327 3220 ἔργον
1341 3148 1449 3202 τῶν
1477 3148 1650 3217 λόγων
1680 3150 1738 3203 ἐν
1763 3192 1809 3251 c

163 3245 354 3315 γεύσει
378 3245 487 3299 τινὶ
518 3244 613 3298 καὶ
643 3243 893 3313 δυνάμει,
923 3243 1018 3295 καὶ
1046 3239 1413 3312 πληροφορίᾳ.
1442 3242 1501 3293 ἐν
1554 3240 1635 3312 τῷ
1659 3239 1734 3311 νῷ

161 3338 543 3410 κεκυρωμένον
569 3340 627 3389 ἐν
668 3334 939 3405 φαντασίᾳ
965 3334 1073 3387 τινὶ
1098 3335 1405 3403 στήκουσιν.
1441 3334 1510 3385 Ἦ
1548 3332 1736 3404 ῶσπερ

160 3428 301 3497 γυνὴ
333 3428 530 3497 ἔχουσα
555 3426 869 3496 ὀλοσήρικα,
896 3425 993 3477 καὶ
1024 3424 1370 3495 μαργαρίτας
1407 3422 1734 3495 περιϐεϐλη-

164 3519 329 3589 μένη,
357 3519 435 3581 είς
461 3520 706 3588 πορνεῖον
754 3516 1111 3588 προέστηκεν,
1162 3514 1334 3576 οὕτως
1363 3515 1458 3567 καὶ
1485 3515 1578 3567 ἐπὶ
1630 3515 1737 3567 τῶν

159 3610 469 3679 τοιούτωνὴ
498 3609 697 3679 καρδία
722 3608 901 3662 αὐτῶν
936 3607 1182 3677 πορνεῖόν
1212 3607 1357 3658 ἐστιν
1410 3605 1738 3675 ἀκαθάρτων

160 3698 508 3767 πνευμάτων,
532 3700 626 3751 καὶ
653 3698 834 3751 λαλεῖν
864 3696 1078 3749 θέλουσι
1103 3696 1231 3768 περὶ
1255 3696 1626 3765 δικαιοσύνης,
1658 3698 1734 3765 μὴ

160 3790 581 3860 παρακύψαντις
607 3791 687 3853 είς
714 3791 782 3842 τὰ
804 3789 1129 3860 πράγματα.

231 3967 290 4019 ιι.
323 3964 534 4031 Ὠσπερ
556 3962 662 4033 γὰρ
686 3962 785 4014 οὐκ
814 3960 927 4014 ἔστι
964 3962 1185 4015 δυνατὸν
1217 3962 1366 4031 ἰχθὺν
1388 3962 1518 4016 ἄνευ
1547 3961 1732 4027 ὓδατος

161 4065 346 4131 ζῆσαι,
371 4061 405 4128 ἢ
434 4061 561 4113 ἄνευ
593 4058 772 4112 ποδῶν
818 4059 1193 4128 περιπατῆσαι
1219 4077 1362 4122 τινα,
1397 4059 1429 4128 ἦ
1461 4060 1589 4114 άνευ
1632 4061 1731 4131 ὀφ-

163 4151 386 4221 Θαλμῶν
424 4151 553 4203 ίδεῖν
592 4150 729 4217 φῶς,
762 4151 797 4221 ἢ
844 4151 972 4204 ἄνευ
996 4150 1248 4220 γλώσσης
1281 4151 1481 4217 λαλεῖν,
1517 4152 1549 4222 ἢ
1601 4153 1729 4207 ἄνευ

162 4245 318 4297 ῶτων
346 4242 562 4295 ἀκούειν
583 4258 598 4273 ο
622 4242 793 4303 οὓτως
846 4242 974 4294 ἄνευ
1030 4241 1123 4294 τοῦ
1159 4242 1365 4311 Κυρίου
1410 4242 1606 4313 Ἰησοῦ,
1638 4244 1732 4299 καὶ

159 4340 258 4404 τῆς
294 4335 575 4403 ἐνεργείας
614 4333 713 4400 τῆς
744 4333 893 4396 θείας
923 4334 1226 4403 δυνάμεως,
1257 4336 1357 4387 οὐκ
1412 4336 1526 4388 ἐστι
1570 4336 1731 4404 γινὼ-

163 4444 319 4479 σκειν
348 4426 622 4494 μυστήρια
650 4424 744 4475 καὶ
780 4425 971 4493 σοφίαν
1004 4424 1161 4490 Θεοῦ,
1193 4427 1226 4495 ἢ
1256 4420 1396 4480 εἶναί
1417 4444 1539 4479 τινα
1568 4428 1731 4481 πλού-

1842 598 2098 661 poterant
2121 590 2298 646 libere
2326 588 2544 661 operari
2571 590 2800 662 iustitiae
2824 604 3013 659 opera.

1909 767 2044 823 VIII.
2076 766 2345 835 Quoniam
2376 766 2539 838 igitur
2565 775 2818 822 asserunt
2838 764 3093 845 quidam,
3116 768 3261 836 quod
3286 777 3412 837 post

1840 867 2121 929 acceptam
2146 858 2375 929 gratiam
2400 859 2550 914 nulla
2582 859 2781 913 anima:
2808 858 3120 913 sollicitudo
3148 860 3407 929 supersit,

1840 951 1985 1005 Deus
2011 966 2229 1020 quoque
2261 950 2315 1005 in
2347 950 2606 1021 perlectis
2650 950 2883 1020 requirit
2909 951 3248 1006 voluntatem
3291 953 3409 1005 ani-

1841 1058 1943 1098 ma:
1990 1044 2047 1098 in
2094 1042 2467 1098 ministerium
2513 1043 2772 1113 Spiritus,
2810 1052 2871 1097 ut
2919 1043 3131 1101 scilicet
3174 1061 3410 1102 consen-

1841 1132 1998 1188 tiant.
2046 1131 2227 1203 Inquit
2270 1133 2417 1187 enim
2460 1133 2792 1203 Apostolus:
2823 1132 3080 1203 Spiritum
3121 1136 3281 1189 nolite
3316 1152 3410 1189 ea:-

1839 1227 2104 1295 stinguere
2132 1227 2198 1281 ".
2225 1226 2485 1279 Nonnulli
2506 1225 2670 1296 igitur
2689 1226 2906 1280 illorum
2932 1226 3126 1280 nolunt
3148 1226 3270 1281 aliis
3290 1242 3411 1282 mo-

1841 1313 1963 1370 lesti
1992 1330 2132 1380 esse,
2162 1315 2253 1369 alii
2282 1329 2413 1369 vero
2442 1314 2551 1369 sibi
2582 1314 2683 1384 ipsi
2715 1330 2937 1385 gressus
2971 1319 3101 1369 suos
3138 1316 3407 1385 dirigunt;

1842 1409 2041 1477 reliqui
2082 1423 2211 1462 vero
2256 1423 2284 1461 a
2319 1407 2678 1462 saecularibus
2726 1408 3056 1476 accipientes
3104 1408 3410 1478 largiuntur

1840 1500 2173 1570 pauperibus
2204 1516 2219 1552 :
2250 1498 2397 1569 quod
2438 1499 2626 1568 utique
2672 1499 3018 1569 praestantius
3043 1507 3147 1555 est.
3178 1498 3409 1565 Quidam

1841 1591 2010 1655 enim,
2034 1591 2128 1660 qui
2157 1590 2331 1660 gratia
2359 1590 2574 1659 praediti
2601 1600 2746 1653 sunt,
2772 1606 2966 1644 eorum
2993 1606 3113 1659 qua
3143 1606 3239 1645 sua
3261 1601 3407 1656 sunt,

1842 1679 2002 1734 unice
2028 1694 2215 1734 curam
2242 1690 2439 1749 gerunt
2466 1696 2480 1745 ;
2507 1679 2601 1733 alii
2628 1695 2763 1733 vero
2788 1680 3017 1733 aliorum
3042 1694 3259 1749 quoque
3292 1681 3411 1733 ani-

1842 1788 1959 1826 mas
2004 1773 2195 1841 iuvare
2242 1773 2535 1826 laborant:
2564 1771 2621 1825 hi
2658 1772 2781 1827 illos
2829 1774 3059 1826 multum
3106 1782 3407 1841 praestant;

1840 1863 1933 1917 alii
1960 1878 2090 1916 vero
2122 1864 2351 1932 gratiam
2383 1864 2647 1917 habentes
2676 1879 2776 1933 pro
2807 1863 3029 1917 nomine
3060 1864 3153 1917 Dei
3182 1879 3409 1932 corpora

1838 1970 1937 2009 sua
1964 1955 2313 2009 contumeliis
2340 1963 2395 2009 et
2423 1954 2813 2009 alﬂictionihus
2853 1966 3136 2024 exponunt
3165 1972 3177 2008 :
3206 1956 3261 2009 hi
3304 1957 3411 2010 illis

1844 2048 2045 2103 iterum
2096 2049 2408 2117 superiores
2441 2054 2588 2102 sunt.
2636 2047 2897 2100 Nonnulli
2931 2047 3187 2101 virtutem
3222 2063 3412 2116 perse—

1843 2148 2094 2211 quentes,
2123 2140 2365 2209 gloriari,
2397 2146 2452 2192 et
2480 2138 2547 2191 ab
2590 2138 2909 2192 hominibus
2937 2138 3238 2191 honoribus
3272 2137 3411 2192 allici

1837 2233 2047 2295 volunt,
2083 2232 2330 2287 dicentes
2376 2245 2435 2285 se
2488 2228 2827 2284 Christianos
2877 2238 2934 2284 et
2973 2229 3208 2298 Spiritus
3237 2230 3412 2285 sancti

1837 2322 2134 2393 participes
2157 2336 2278 2376 esse
2309 2337 2323 2385 ;
2355 2320 2451 2374 alii
2483 2334 2615 2374 vero
2646 2334 2704 2374 se
2734 2320 3013 2373 occultare
3051 2330 3107 2373 et
3137 2320 3205 2375 ab
3232 2321 3412 2373 homi—

1836 2428 1968 2467 num
2015 2427 2246 2467 occursu
2296 2411 2551 2465 nituntur
2583 2428 2596 2464 :
2630 2410 2725 2479 qni
2760 2411 2885 2465 illos
2925 2411 3085 2481 longe
3129 2420 3410 2479 superant.

1839 2504 2005 2558 Vides
2034 2501 2308 2571 quomodo
2340 2501 2424 2555 vel
2466 2500 2521 2555 in
2552 2501 2679 2570 ipsa
2711 2500 3049 2569 perfectione
3079 2500 3411 2555 benevolen-

1841 2595 1917 2649 tia
1949 2609 2075 2663 erga
2105 2594 2297 2657 Deum,
2333 2608 2455 2663 qua:
2485 2608 2516 2646 a
2545 2592 2826 2647 voluntate
2874 2592 3110 2645 naturali
3158 2591 3409 2656 ellicitur,

1841 2686 2188 2757 praastantior
2213 2694 2377 2752 atque
2401 2683 2770 2738 abundantior
2794 2682 3136 2751 reperiatur?

1909 2778 2003 2835 IX.
2036 2778 2273 2833 Perinde
2306 2793 2369 2831 ac
2398 2776 2443 2830 si
2482 2776 2607 2845 quis
2632 2775 2836 2829 vilibus
2867 2773 3090 2829 indutus
3116 2774 3415 2827 vestimen-

1838 2871 1910 2926 tis
1933 2886 2032 2940 per
2059 2869 2238 2923 visum
2271 2884 2329 2923 se
2358 2868 2537 2937 ipsum
2566 2866 2869 2936 conspiciat
2897 2865 3121 2920 divitem
3144 2883 3158 2931 ;
3186 2880 3417 2935 surgens

1838 2972 2023 3016 autem
2057 2976 2087 3015 e
2134 2974 2346 3023 somno,
2385 2974 2605 3013 rursum
2652 2974 2711 3012 se
2760 2972 3057 3027 pauperem
3104 2965 3161 3011 et
3202 2956 3414 3009 nudum

1839 3053 2022 3107 videat
2058 3070 2071 3105 :
2104 3052 2183 3106 sic
2210 3066 2450 3121 quoque,
2482 3050 2576 3119 qui
2611 3063 2921 3103 sermonem
2959 3047 3297 3116 spiritualem
3328 3047 3411 3103 lo-

1843 3150 2107 3211 quuntur,
2137 3141 2530 3195 convenienter
2557 3140 2707 3209 loqui
2738 3139 3025 3203 videntur;
3067 3138 3113 3193 si
3140 3154 3271 3193 vero
3302 3155 3414 3193 non

1841 3230 2078 3284 habeant
2106 3244 2220 3282 rem
2248 3230 2421 3297 ipsam
2456 3244 2579 3283 cum
2606 3228 2842 3297 quodam
2867 3236 3049 3298 gustu,
3081 3228 3323 3297 potentia
3349 3244 3414 3283 ac

1841 3321 2172 3377 certitudine
2222 3320 2371 3385 lidei,
2417 3320 2472 3373 in
2522 3330 2761 3374 mentem
2807 3318 3103 3385 ﬁrmatam,
3152 3321 3205 3374 in
3265 3320 3413 3375 nuda

1841 3414 2070 3484 quadam
2121 3411 2377 3482 opinione
2425 3413 2749 3467 consistunt.
2796 3412 2906 3466 Aut
2950 3413 3118 3467 veluti
3167 3412 3409 3478 femina,

1841 3505 2271 3560 holosericornm
2331 3518 2394 3557 ac
2443 3503 2861 3574 margaritarum
2909 3504 3062 3559 cultu
3111 3513 3407 3568 exornata,

1842 3604 2050 3665 prostat
2082 3595 2137 3648 in
2173 3596 2422 3664 lupanari
2458 3596 2577 3649 :sic
2618 3611 2837 3665 quoque
2874 3610 2969 3649 cor
2998 3595 3266 3665 ejusmodi
3306 3595 3410 3649 ho-

1841 3689 2049 3742 minum
2072 3689 2302 3757 lupanar
2324 3688 2594 3758 quoddam
2616 3698 2699 3743 est
2724 3689 2965 3757 ipsorum
3000 3688 3409 3743 immundorum

1842 3780 2170 3849 spirituum;
2207 3795 2271 3835 ac
2295 3780 2485 3834 volunt
2525 3795 2655 3834 sane
2687 3794 2967 3834 sermones
3002 3779 3207 3834 habere
3232 3780 3299 3833 de
3323 3782 3411 3850 ju-

1839 3870 2008 3934 stitia,
2042 3885 2165 3923 cum
2193 3885 2357 3939 opera
2399 3874 2513 3938 ipsa
2540 3885 2650 3923 non
2681 3870 2981 3939 attigerint.

1910 3962 1976 4015 X.
2013 3961 2481 4028 Quemadmodum
2521 3962 2668 4016 enim
2707 3962 2825 4017 ﬁeri
2869 3978 2975 4017 non
3005 3972 3203 4033 potest,
3236 3974 3295 4017 ut
3323 3962 3408 4032 pi-

1838 4058 1947 4113 scis
1979 4058 2185 4126 absque
2214 4073 2353 4127 aqua
2381 4057 2548 4111 vitam
2597 4057 2783 4123 ducat,
2814 4066 2909 4112 aut
2938 4059 3145 4128 absque
3178 4059 3411 4129 pedibus

1836 4146 2035 4216 aliquis
2065 4145 2465 4215 progrediatur,
2500 4154 2596 4200 aut
2624 4146 2829 4215 absque
2859 4148 3031 4202 oculis
3085 4148 3268 4201 lumen
3320 4148 3410 4201 in—

1837 4247 2075 4303 tueatur,
2125 4247 2219 4292 aut
2265 4239 2471 4307 absque
2515 4238 2699 4308 lingua
2742 4239 2993 4307 loquatur
3025 4280 3038 4303 ,
3077 4246 3171 4293 aut
3206 4240 3412 4309 absque

1837 4332 2062 4386 auribus
2094 4330 2323 4384 audiat:
2357 4330 2439 4385 sic
2486 4345 2707 4399 quoque
2754 4330 2961 4399 absque
3008 4331 3239 4385 Domino
3282 4332 3411 4387 Jesu

1837 4435 1894 4481 et
1917 4425 2140 4479 virtutis
2182 4423 2381 4477 divina:
2428 4422 2703 4484 etiicacia,
2740 4436 2849 4476 non
2901 4422 3031 4477 licet
3084 4438 3413 4492 cognoscere

164 4535 277 4569 σιον
307 4518 403 4569 καὶ
432 4516 775 4585 Χριστιανόν.
806 4511 964 4569 Οὗτοι
993 4518 1101 4587 γάρ
1126 4520 1261 4571 είσιν
1308 4519 1521 4588 άληθῶς
1555 4521 1729 4590 σοφοὶ,
1763 4543 1807 4597 D
1843 4535 1855 4571 ι

1723 4543 1807 4597 ,D
1843 4516 2103 4587 mysteria
2135 4523 2191 4571 et
2236 4514 2560 4584 sapientiam
2610 4514 2742 4580 Dei,
2788 4521 2883 4568 aut
2924 4529 3045 4569 esse
3090 4514 3311 4570 divitem
3356 4526 3414 4571 et

162 4608 258 4660 καὶ
282 4606 632 4677 πολεμισταὶ,
663 4606 758 4659 καὶ
809 4606 1058 4676 ἀνδρεῖοι,
1113 4610 1208 4661 καὶ
1266 4609 1543 4678 φιλόσοφοι
1573 4610 1729 4678 Θεοῦ,

161 4704 210 4753 οί
239 4699 595 4768 ὁδηγούμενοι
620 4701 715 4752 καί¹
747 4700 1156 4768 ποιμαινόμενοι
1185 4701 1324 4754 κατὰ
1354 4701 1447 4755 τὸν
1502 4702 1612 4755 ἐσω
1641 4704 1732 4757 άν-

163 4794 382 4862 ορωπον
412 4792 518 4845 ὑπὸ
544 4793 640 4857 τῆς
672 4792 859 4860 Θεῖκῆς
891 4792 1191 4861 δυνάμεως.
1224 4794 1285 4845 Οί
1316 4793 1424 4862 γὰρ
1456 4792 1733 4861 φιλόσοφοι

161 4886 270 4937 τῶν
310 4885 597 4953 Ἑλλήνων,
631 4885 823 4951 λόγους
880 4885 1239 4953 μανθάνουσι’
1276 4885 1370 4938 καὶ
1417 4885 1565 4938 ἄλλοι
1596 4887 1732 4939 εἰσὶν

166 4974 374 5028 ίδιῶται
408 4973 486 5043 τῷ
505 4974 667 5042 λόγῳ,
689 4974 1102 5045 εὐφραινόμενοι
1136 4975 1231 5027 καὶ
1250 4974 1615 5042 ἀγαλλιῶντες
1643 4976 1735 5028 ἐπὶ

163 5068 231 5134 τῇ
262 5065 360 5117 τοῦ
394 5064 529 5116 Θεοῦ
561 5064 765 5135 χάριτι,
819 5065 1012 5135 ἄνδρες
1041 5065 1334 5129 θεοσεϐεῖς.
1364 5067 1743 5137 Διακρίνωμεν

162 5155 258 5209 νῦν
294 5156 436 5209 ποῖοί
466 5158 571 5208 εἰσι
602 5155 884 5224 βελτίονες.
927 5157 1022 5208 Ἐν
1048 5156 1219 5224 ἔργῳ,
1250 5159 1401 5227 φησὶ,
1439 5159 1534 5212 καί
1561 5159 1745 5213 δυνά-

156 5267 258 5318 μει
282 5249 456 5302 ἐστίν
482 5250 521 5316 ἠ
546 5248 835 5312 ,ϐασιλεία
853 5248 958 5303 τοῦ
987 5250 1155 5315 Θεοῦ,
1178 5252 1287 5304 οὐκ
1314 5251 1383 5305 ἐν
1404 5252 1589 5319 λόγῳ.

238 5426 341 5478 1Α’.
377 5426 451 5478 Τὸ
470 5422 565 5478 οὖν
592 5426 768 5479 εἰπεῖν
812 5444 955 5493 τινα,
976 5428 1061 5481 ὅτι
1112 5430 1139 5481 ὁ
1187 5428 1351 5501 ἄρτος
1414 5422 1571 5493 οὗτος
1629 5432 1736 5486 ἀπὸ

168 5515 319 5568 σίτου
362 5516 676 5587 γεγένηται,
723 5517 943 5570 εῦκολόν
979 5520 1115 5572 ἐστι·
1150 5521 1266 5585 πῶς
1304 5521 1360 5574 δὲ
1393 5520 1606 5585 λεπτῶς
1631 5540 1733 5576 κα·-

166 5607 589 5674 τασκευάζεται,
642 5611 737 5662 καὶ
772 5610 1024 5665 πέττεται
1065 5612 1247 5682 άρτος,
1305 5613 1408 5684 χρὴ
1430 5615 1622 5670 εἰπεῖν.
1664 5618 1737 5669 Τὸ

242 5790 281 5821 δῖ
316 5791 337 5846 l
366 5789 552 5847 Thess.
589 5807 639 5857 v,
678 5791 757 5849 iO.
835 5792 878 5824 ⁸⁸
909 5792 1069 5847 lCor.
1102 5810 1171 5857 iV,
1204 5794 1290 5847 20.

1836 4608 2235 4665 Christianum.
2266 4605 2332 4659 ili
2362 4604 2510 4660 enim
2546 4614 2674 4659 sunt
2723 4619 2913 4660 revera
2941 4605 3234 4674 sapientes,
3264 4607 3382 4661 mili

1837 4709 1922 4754 tes
1966 4700 2134 4753 fortes
2177 4714 2242 4754 ae
2274 4696 2587 4767 phi1050phi
2630 4696 2748 4761 Dei,
2782 4698 2875 4766 qui
2902 4696 3216 4767 diriguntur
3239 4707 3294 4752 et
3317 4714 3418 4769 gu-

1838 4790 2140 4844 bernantur
2168 4786 2470 4843 secundum
2506 4786 2828 4840 interiorem
2862 4786 3140 4840 hominem
3171 4803 3201 4840 a
3224 4797 3418 4857 poten-

1840 4883 1912 4937 tia
1944 4881 2127 4935 divina
2154 4899 2168 4935 :
2197 4877 2513 4949 philosophi
2542 4880 2691 4934 enim
2714 4878 3025 4934 Graecorum
3047 4881 3416 4951 eloquentiam

1840 4973 2128 5037 ediscunt;
2163 4970 2253 5024 alii
2284 4985 2416 5024 vero
2443 4979 2573 5023 sunt
2614 4968 2781 5024 rudes
2813 4971 3160 5039 eloquentiae,
3195 4972 3289 5026 sed
3324 4973 3419 5027 lae-

1846 5072 2029 5117 tantur
2058 5069 2114 5116 et
2135 5062 2411 5116 exsultant
2439 5060 2505 5115 de
2535 5060 2706 5131 gratia
2729 5060 2936 5125 divina,
2961 5061 3166 5130 quippe
3191 5062 3283 5131 qni
3307 5064 3420 5118 sint

1845 5155 1949 5209 viri
1981 5154 2153 5209 cultui
2183 5153 2371 5207 divino
2398 5153 2623 5207 addicti.
2652 5153 2961 5208 lndicemus
2995 5154 3161 5224 igitur
3180 5157 3275 5225 qui
3310 5158 3419 5211 sint

1840 5248 2266 5317 praestantiores.
2290 5246 2352 5299 In
2376 5262 2551 5316 opere,
2579 5246 2779 5316 inquit,
2805 5255 2855 5300 et
2881 5248 3074 5302 virtute
3096 5255 3173 5301 est
3199 5264 3418 5319 regnum

1840 5336 1958 5398 Dei,
1986 5355 2091 5390 non
2116 5338 2171 5389 in
2201 5353 2441 5390 sermone
2469 5335 2539 5391 ⁸⁸.

1912 5430 2001 5484 XI.
2034 5430 2169 5496 Quid
2205 5445 2335 5499 ergo
2361 5438 2465 5492 est.
2502 5437 2564 5483 ut
2598 5429 2745 5485 dicat
2784 5430 2987 5501 aliquis
3043 5445 3239 5500 panem
3271 5431 3418 5485 hunc

1840 5539 1871 5577 e
1899 5523 2174 5577 frumento
2201 5538 2320 5578 esse
2363 5522 2707 5589 confectum;
2738 5539 2863 5578 nam
2907 5524 2961 5579 id
2991 5524 3149 5579 facile
3174 5533 3279 5578 est.
3310 5523 3416 5578 Ve-

1842 5634 1963 5671 rum
1996 5618 2096 5673 hoc
2138 5617 2397 5673 convenit
2424 5616 2631 5685 dicere,
2656 5632 2767 5688 quo
2790 5628 2949 5689 pacto
2995 5617 3249 5674 minutim
3278 5633 3417 5688 pra:-
