4282 6364
901 379 1004 446 631

2124 395 2184 455 S.
2225 396 2542 458 MACARII
2583 397 2904 459 EGYPTII

4034 407 4149 471 632

903 502 1148 565 paretur,
1189 503 1245 550 et
1288 506 1554 562 coquatur
1588 498 1763 566 panis.
1803 499 2088 570 Disputare
2128 519 2258 576 ergo
2284 506 2352 560 de
2383 507 2464 560 af-
2497 516 2539 566 Α
2571 523 2594 558 ο

2454 537 2464 547 -
2497 516 2539 566 Α
2571 502 2665 558 οὖν
2708 506 2934 577 λαλῆσαι
2973 509 3101 578 περὶ
3130 510 3396 576 ἀπαθείας
3423 514 3517 566 καὶ
3548 514 3909 584 τελειότητος,
3935 514 4145 584 ὀλίγων

901 587 1199 641 fectionum
1234 590 1504 645 vacuitate
1543 603 1598 645 et
1645 593 2000 661 perfectione,
2049 602 2238 666 paucis
2277 599 2462 653 datum

903 687 1006 731 est.
1039 679 1391 750 Evangelium
1417 683 1563 736 enim
1593 686 1810 739 concise
1848 688 2092 756 loquitur
2120 707 2131 741 :
2159 690 2234 743 Ne
2261 693 2464 745 irasca-

905 773 977 822 ris
1015 787 1034 823 :
1060 788 1123 823 ne
1169 776 1520 842 concupiscas.
1563 775 1621 830 Si
1672 779 1786 846 quis
1828 778 2100 848 impegerit
2145 781 2360 851 alapam
2411 783 2464 834 in

904 863 1144 916 dextram
1172 865 1465 932 maxillam,
1496 869 1667 937 pm’be
1695 887 1896 940 quoque
1920 881 1968 924 et
1997 873 2243 926 alteram.
2269 873 2324 927 Si
2351 876 2463 944 quis

905 963 954 1006 te
982 958 1159 1009 trahat
1187 958 1238 1009 in
1263 959 1542 1026 judicium,
1574 971 1632 1014 ut
1657 965 1888 1016 tunicam
1917 964 2089 1028 tollat,
2115 965 2238 1019 dato
2266 969 2312 1019 ei
2341 983 2466 1036 quo-

904 1064 1004 1117 que
1044 1048 1267 1117 pallium
1310 1051 1373 1103 ⁸³.
1426 1053 1626 1107 Verum
1673 1053 1986 1122 Apostolus.
2035 1057 2151 1111 hare
2196 1058 2462 1124 imitatus,

902 1156 1007 1207 qua
1041 1142 1252 1195 ratione
1295 1144 1553 1210 paulatim
1584 1160 1722 1215 opus
1767 1148 2018 1216 puritatis
2046 1165 2168 1204 cum
2201 1153 2463 1220 patientia

902 1240 957 1285 et
985 1231 1395 1301 longanimitate
1439 1235 1554 1290 fieri
1601 1237 1794 1293 debeat
1844 1241 2091 1309 pluribus
2129 1243 2308 1305 docet,
2351 1247 2465 1313 pri-

900 1338 1052 1376 mum
1082 1325 1188 1394 76
1215 1326 1353 1379 lacte
1383 1328 1632 1386 nutriens
1652 1333 1799 1385 velut
1828 1332 2082 1397 infantes,
2111 1335 2309 1391 deinde
2335 1354 2463 1406 pro-

901 1430 1127 1468 movens
1158 1416 1223 1468 ad
1262 1417 1658 1475 incrementum
1695 1433 1750 1476 et
1782 1424 2193 1491 perfectionem.
2225 1429 2466 1497 Evange-

901 1506 1034 1559 lium
1054 1509 1198 1561 enim
1216 1510 1353 1562 dixit
1383 1527 1446 1565 ex
1471 1513 1589 1568 lana
1613 1514 1728 1567 fieri
1745 1517 2126 1571 vestimentum
2146 1537 2157 1570 :
2175 1519 2466 1587 Apostolus

898 1616 1029 1654 vero
1071 1601 1416 1671 significavit,
1451 1623 1548 1674 per
1575 1610 1786 1663 minuta
1826 1612 2099 1678 quomodo
2144 1624 2460 1666 consuatur.

969 1692 1083 1746 XII.
1110 1694 1209 1760 Qui
1257 1697 1423 1764 igitur
1446 1700 1612 1752 verba
1655 1701 1955 1768 spiritualia
1986 1701 2291 1770 proferunt,
2325 1720 2466 1773 quo-

901 1800 1020 1836 rum
1071 1801 1178 1837 non
1243 1787 1446 1840 habent
1495 1799 1741 1859 gustum,
1791 1793 1997 1846 similes
2045 1803 2169 1847 sunt
2225 1795 2272 1847 ei
2337 1796 2461 1863 qui,

900 1875 1135 1929 maximo
1180 1886 1311 1930 :cslu
1366 1890 1668 1947 premente,
1714 1883 1989 1938 desertum
2025 1901 2211 1955 agrum
2248 1904 2462 1954 peram-

898 1965 1070 2027 bulat.
1105 1979 1159 2022 et
1204 1970 1514 2026 sitibundus
1546 1974 1790 2045 depingit
1829 1977 1931 2030 sibi
1981 1979 2182 2032 fontem
2211 1982 2465 2035 emitten-

897 2067 1007 2111 tem
1056 2075 1274 2127 aquam,
1322 2064 1652 2120 adumbrans
1698 2084 1754 2121 se
1795 2068 1970 2137 ipsum
2006 2071 2303 2132 bibentem,
2339 2089 2464 2128 cum

900 2158 1079 2203 tamen
1113 2151 1263 2204 labra
1305 2154 1422 2221 ejus
1461 2171 1524 2208 ac
1551 2157 1730 2225 lingua
1761 2168 2074 2213 exarescant
2109 2177 2215 2229 pne
2245 2163 2330 2215 siti
2359 2179 2466 2231 qua

898 2249 1114 2295 tenetur
1149 2261 1160 2295 :
1197 2254 1289 2299 aut
1325 2246 1366 2299 si
1420 2249 1542 2316 quis
1575 2249 1808 2304 disserat
1842 2253 1908 2306 de
1952 2254 2128 2308 mellis
2175 2258 2462 2320 suavitate,

894 2345 950 2387 et
983 2336 1090 2388 vim
1138 2335 1448 2394 dulcedinis
1489 2342 1640 2410 ejus,
1690 2359 1756 2397 eo
1790 2345 1932 2413 quod
1978 2362 2086 2400 non
2132 2347 2462 2417 degustarit,

896 2428 1110 2495 ignoret
1138 2447 1150 2481 :
1181 2431 1260 2484 sic
1285 2446 1343 2485 se
1372 2431 1592 2497 habent,
1617 2437 1709 2502 qui
1743 2436 1808 2489 de
1836 2438 2192 2505 perfectione.
2224 2443 2467 2496 exsulta-

896 2518 1045 2572 tione
1094 2531 1189 2574 aut
1248 2521 1541 2576 affectuum
1594 2529 1862 2581 vacuitate
1925 2545 2232 2583 sermonem
2294 2533 2468 2586 susci-

895 2609 1076 2678 piunt,
1114 2612 1166 2664 vi
1216 2628 1279 2666 ac
1317 2616 1644 2669 certitudine
1690 2617 1813 2671 Iidei
1859 2630 2144 2685 carentes;
2172 2633 2321 2677 certe
2356 2640 2465 2677 non

897 2699 1114 2763 omnia,
1163 2711 1223 2754 ut
1271 2702 1604 2770 loquuntur,
1653 2707 1733 2761 sic
1783 2724 1840 2762 se
1895 2709 2114 2763 habent.
2148 2710 2285 2764 Cum
2320 2712 2466 2766 enim

895 2791 1164 2860 ejusmodi
1195 2796 1359 2850 homo
1390 2798 1587 2868 dignus
1614 2801 1907 2870 aliquando
1938 2803 2105 2858 fuerit
2135 2805 2376 2871 habitus,
2411 2815 2470 2860 ut

896 2900 963 2936 ex
998 2894 1151 2953 parte
1196 2888 1388 2942 saltem
1433 2891 1488 2943 in
1532 2907 1698 2960 opere
1741 2894 1858 2960 ipso
1902 2897 2230 2963 reperiatur,
2280 2914 2467 2952 secum

899 2975 1014 3042 ipse
1059 2977 1383 3046 dijudicabit
1426 2999 1437 3032 :
1476 2981 1596 3033 Non
1627 2985 2088 3051 quemadmodum
2137 2990 2465 3057 arbitrabar,

897 3068 978 3119 sic
1033 3071 1255 3136 reperi;
1301 3072 1462 3126 aliter
1499 3074 1647 3128 enim
1692 3076 1979 3146 loquebar,
2024 3081 2183 3134 aliter
2232 3081 2468 3151 Spiritus

898 3161 1233 3227 operabatur

971 3250 1108 3305 XIII.
1139 3251 1576 3312 Christianorum
1604 3259 1751 3312 enim
1785 3260 1970 3315 cultus
2015 3271 2099 3316 est
2136 3278 2263 3317 esus
2306 3274 2468 3335 atque

900 3351 1092 3409 potus;
1129 3353 1184 3396 et
1213 3357 1416 3413 quanto
1449 3349 1572 3416 plus
1612 3350 1735 3417 quis
1768 3367 1834 3405 ex
1874 3368 1941 3406 eo
1971 3354 2292 3418 comederit,
2321 3365 2470 3410 tanto

900 3434 1280 3489 vehementius
1307 3439 1578 3494 suavitate
1607 3441 1695 3494 illa
1724 3443 1962 3496 allicitur
1988 3445 2221 3509 animus,
2247 3447 2384 3502 adeo
2415 3461 2472 3503 ut

901 3526 1126 3579 retineri
1177 3537 1270 3580 aut
1308 3531 1513 3597 expleri
1563 3545 1832 3600 nequeat,
1882 3543 2045 3604 atque
2091 3537 2473 3595 insatiabiliter

904 3617 1145 3685 inquirat
1169 3629 1222 3673 et
1246 3623 1517 3675 comedat.
1543 3624 1650 3677 Aut
1681 3626 1869 3687 veluti,
1899 3642 2023 3679 cum
2052 3628 2175 3697 quis
2203 3629 2291 3683 siti
2325 3631 2474 3684 labo-

907 3720 1007 3772 rat,
1042 3711 1463 3781 prmbcaturque
1494 3715 1543 3768 ei
1579 3724 1738 3784 potus
1768 3719 1972 3783 suavis,
2005 3720 2226 3789 ipseque
2257 3723 2348 3776 ubi
2377 3724 2474 3778 de-

904 3814 1122 3871 gustare
1166 3806 1415 3873 coeperit,
1450 3808 1678 3875 propius
1707 3808 1774 3861 ad
1819 3811 2077 3878 poculum
2107 3813 2347 3878 accedit;
2381 3830 2471 3868 ar-

905 3896 1126 3949 dentius
1146 3899 1356 3951 scilicet
1378 3914 1639 3952 accensus
1665 3916 1678 3951 :
1709 3901 1789 3953 sic
1817 3911 2010 3970 gustus
2041 3902 2278 3972 Spiritus
2303 3905 2475 3960 ferme

905 3990 1084 4041 sedari
1107 3991 1318 4058 nequit,
1347 4000 1404 4042 ut
1439 3992 1748 4060 hujusmodi
1782 3994 1859 4046 rei
1890 4008 1997 4047 non
2033 3995 2306 4050 immerito
2330 4013 2477 4051 com-

907 4088 1148 4147 paretur.
1179 4081 1247 4133 Et
1280 4081 1395 4134 hzec
1428 4083 1650 4149 quidem
1681 4098 1791 4136 non
1826 4092 1953 4137 sunt
1984 4084 2148 4138 verba
2182 4086 2348 4150 nuda,
2380 4089 2474 4141 sed

907 4186 1046 4237 Opus
1097 4169 1333 4238 Spiritus
1385 4171 1589 4235 sancti,
1643 4189 1838 4226 arcana
1907 4174 2118 4227 ratione
2175 4175 2477 4230 inserviens

905 4261 1110 4313 animo.
1134 4261 1459 4315 Existimant
1480 4279 1608 4316 vero
1636 4265 1882 4316 nonnulli
1907 4280 2019 4326 eos,
2044 4267 2134 4333 qui
2167 4283 2194 4319 a
2223 4268 2473 4332 muliere,

905 4352 1059 4404 etab
1092 4353 1366 4414 omnibus,
1415 4369 1536 4422 quae
1568 4355 1710 4408 visui
1758 4366 1965 4424 patent,
2015 4358 2312 4421 abstinent,
2357 4376 2476 4416 esse

901 4441 1015 4510 jam
1045 4453 1280 4495 sanctos.
1317 4444 1516 4496 Verum
1563 4461 1673 4497 non
1722 4446 1794 4498 ita
1841 4461 1898 4500 se
1951 4463 2036 4500 res
2082 4449 2263 4502 habet.
2298 4450 2478 4506 Haeret

2566 598 2699 650 ἐστί.
2721 597 2792 649 Τὸ
2818 599 2926 667 γάρ
2953 600 3279 668 Εὑαγγέλιον
3308 605 3364 655 ἐν
3398 605 3644 676 συντόμῳ
3672 607 4015 677 ἀπεφήνατο,
4042 611 4143 673 Μὴ

2567 689 2869 757 ὀργισθῇς,
2903 691 2987 758 μὴ
3017 691 3414 762 ἐπιθυμήσῃς·
3441 697 3548 749 ἐὰν
3566 698 3657 762 τίς
3685 714 3760 752 σε
3784 700 4024 767 ραπίσῃ
4053 705 4146 765 εἰς

2565 780 2680 847 τὴν
2710 782 2916 844 δεξιάν
2955 798 3071 837 σου
3106 786 3377 854 σιαγόνα,
3419 789 3682 856 παράθες
3722 792 3820 843 καὶ
3877 792 3997 858 τὴν
4028 793 4146 845 ἆλ-

2563 875 2706 936 ληνο
2754 872 2862 925 ἐάν
2906 891 2994 940 τις
3051 876 3224 945 κρίνῃ
3281 871 3419 944 ἆραι
3468 895 3582 933 σου
3621 882 3688 934 τὸ
3727 881 3979 950 ἱμάτιον,
4036 885 4149 948 δὸς

2564 962 2724 1027 αὑτῷ
2751 964 2846 1016 καὶ
2896 965 3004 1018 τὸν
3025 965 3264 1034 χιτῶνα.
3302 968 3359 1022 Ὀ
3387 969 3444 1022 δὲ
3488 970 3807 1036 Ἀπόστολος
3837 974 4150 1026 ἐπακολου-

2567 1053 2696 1120 θῶν,
2723 1056 2839 1117 πῶς
2861 1058 2965 1127 χρὴ
2998 1059 3139 1111 κατὰ
3179 1059 3375 1127 μικρὸν
3408 1061 3470 1114 τὸ
3494 1061 3653 1130 ἔργον
3675 1067 3775 1132 τῆς
3817 1066 4150 1135 καθάρσεως

2568 1148 2705 1215 μετὰ
2745 1148 3020 1217 ὑπομονῆς
3043 1151 3135 1201 καὶ
3170 1151 3554 1221 μακροθυμίας
3581 1155 3848 1221 γίνεσθαι,
3885 1156 3974 1208 διὰ
4009 1156 4150 1207 πολ-

2564 1237 2674 1292 λῶν
2719 1239 2978 1305 διδάσκει,
3027 1240 3242 1310 πρῶτον
3271 1242 3729 1314 γαλακτοτροφῶν
3773 1246 3846 1308 ῶς
3882 1248 4146 1315 νηπίους,

2567 1329 2685 1385 εἶτα
2715 1332 2894 1400 φέρων
2924 1334 3003 1394 είς
3024 1331 3250 1403 αὔξησιν
3276 1333 3370 1386 καὶ
3402 1334 3738 1404 τελειότητα.
3774 1333 3904 1389 Eine
3940 1340 4056 1404 γὰρ
4086 1339 4152 1389 τὸ

2567 1422 2894 1487 Εὑαγγέλιον
2915 1421 3166 1488 γενέσθαι
3189 1423 3296 1474 ἀπὸ
3320 1423 3479 1492 ἐρέας
3503 1427 3798 1492 στιχάριον·
3825 1429 3852 1478 ὀ
3884 1427 3940 1478 δὲ
3977 1427 4039 1477 ’Λ
4051 1427 4149 1476 .-.o'—

2566 1513 2750 1574 στολος
2807 1514 3046 1582 ἐμήνυσε
3127 1513 3225 1581 τὴν
3269 1513 3592 1583 λεπτότητα,
3622 1516 3739 1577 πῶς
3802 1517 4153 1568 κατασκευά-

2568 1600 2735 1664 ζεται.

2639 1693 2737 1745 ΙΒ’.
2762 1695 2824 1744 Ol
2853 1692 2944 1745 οῦν
2959 1693 3148 1762 λόγους
3164 1699 3564 1766 πνευματικοὺς
3582 1697 3869 1761 λαλοῦντες
3887 1697 4021 1750 ἄνευ
4042 1698 4148 1766 τῆς

2567 1783 2830 1851 γεύσεως,
2862 1785 3087 1854 τοιούτῳ
3115 1788 3222 1838 τινὶ
3265 1787 3524 1852 ἐοίκασιν,
3557 1788 3747 1858 ῶσπερ
3775 1790 3862 1841 ἵνα
3891 1807 3976 1850 τις
4018 1790 4152 1840 ἐπι·

2569 1875 2822 1938 ϐαλόντος
2875 1877 3154 1940 καύσωνος
3179 1878 3480 1948 διοδεύηται
3506 1881 3676 1950 πεδίῳ
3705 1883 3919 1950 ἐρήμῳ,
3949 1883 4049 1934 καὶ
4070 1882 4152 1934 ῶν

2567 1968 2782 2038 ἔκδιψος
2813 1969 3088 2043 διαγράφῃ
3119 1971 3302 2043 πηγὴν
3327 1973 3558 2041 ῥέουσαν
3590 1973 3757 2042 ὕδωρ,
3786 1975 4150 2042 σκιογραςξῶν

2568 2063 2761 2115 ἐαυτὸν
2791 2064 3034 2126 πίνοντα,
3052 2065 3211 2117 ὁπότε
3241 2065 3308 2118 τά
3341 2067 3491 2137 χείλη
3524 2065 3687 2118 αὑτοῦ
3711 2067 4147 2135 κατεξήρανται,

2567 2153 2659 2205 καὶ
2696 2154 2728 2221 ἠ
2766 2153 3014 2219 γλῶσσα,
3047 2155 3109 2205 ἐκ
3159 2154 3256 2222 τῆς
3301 2154 3715 2224 καταλαϐούσης
3753 2155 3935 2223 δίψης·
3980 2157 4013 2224 ἧ
4053 2157 4147 2208 ἵνα.

2566 2261 2647 2305 τις
2679 2243 2886 2313 λαλήσῃ
2915 2245 3042 2313 περὶ
3075 2243 3308 2311 μέλιτος,
3346 2245 3426 2297 ὅτι
3462 2245 3634 2312 γλυκύ
3662 2247 3797 2309 ἐστι,
3829 2245 3901 2314 μὴ
3937 2246 4149 2313 γευσά-

2570 2351 2729 2402 μενος
2749 2335 2827 2398 δὲ,
2856 2335 2954 2387 οὐκ
2994 2332 3103 2386 οἶδε
3132 2336 3228 2404 τὴν
3257 2334 3484 2405 δύναμιν
3510 2338 3608 2404 τῆς
3636 2335 3970 2405 γλυκύτητος
3993 2354 4009 2366 ο
4047 2335 4151 2389 οῦ-

2567 2439 2674 2484 τως
2707 2425 2800 2475 καὶ
2844 2424 2894 2476 οί
2934 2423 3091 2490 λόγον
3141 2423 3428 2487 λαλοῦντες
3469 2427 3599 2494 περὶ
3640 2426 4011 2494 τελειότητος,
4048 2429 4149 2478 καὶ

2568 2513 2964 2583 ἀγαλλιασμοῦ,
3000 2515 3118 2584 ἤτοι
3149 2515 3439 2578 ἀπαθείας,
3489 2517 3562 2584 μὴ
3614 2517 3824 2584 ἔχοντες
3860 2516 4148 2585 ἐνέργειαν

2569 2606 2664 2658 καὶ
2703 2606 3098 2675 πληροφορίαν,
3153 2606 3221 2657 τὸ.
3276 2606 3574 2675 πράγματα
3625 2609 3721 2676 οὐχ
3758 2607 3832 2669 ὡς
3867 2608 4146 2671 λαλοῦσιν,

2569 2697 2738 2760 οὓτως
2758 2700 2892 2751 εἰσιν
2922 2700 3158 2752 ἅπαντα.
3187 2699 3354 2751 Ὅταν
3379 2700 3483 2768 γὰρ
3514 2701 3541 2751 ὁ
3572 2699 3807 2762 τοιοῦτος
3831 2701 4146 2771 καταξιωθῇ

2570 2807 2700 2842 ποτε
2753 2791 2993 2861 μερικῶς
3037 2793 3096 2843 ἐν
3142 2791 3288 2861 ἔργῳ
3332 2793 3643 2861 εὑρεθῆναι,
3699 2794 3964 2860 διακρίνει
4019 2795 4148 2845 καθ’

2571 2887 2782 2950 ἐαυτὺν,
2805 2887 2886 2938 ὅτι
2906 2886 2966 2937 οὐ
2997 2884 3180 2948 καθὼς
3211 2886 3593 2955 ὑπελάμϐανον
3624 2885 3796 2948 οὕτως
3833 2882 4020 2954 εὖρον·
4048 2888 4147 2939 ἀλ-

2570 2976 2678 3038 λως
2722 2977 2831 3047 γὰρ
2871 2977 3128 3044 ἐλάλουν,
3166 2978 3259 3030 καὶ
3302 2978 3475 3041 ἄλλως
3529 2977 3590 3029 τὸ
3645 2977 3860 3047 πνεῦμα
3911 2979 4148 3047 ἐργάζε-

2570 3086 2680 3122 ται.

2646 3253 2743 3305 II".
2778 3252 2836 3305 '0
2863 3252 2973 3322 γὰρ
3005 3252 3427 3321 Χριστιανισμὺς
3466 3251 3670 3321 βρῶσίς
3700 3252 3814 3303 ἐστι
3838 3252 3934 3303 καὶ
3966 3251 4147 3313 πόσις

2574 3348 2669 3398 καὶ
2693 3348 2816 3398 ὅσον
2844 3362 2927 3407 τις
2953 3344 3125 3396 ἐσθίει
3162 3345 3257 3395 ἀπ’
3276 3343 3462 3405 αὑτοῦ,
3501 3346 3565 3396 ὲκ
3611 3343 3712 3412 τῆς
3740 3343 4003 3413 ήδύτητος
4027 3347 4152 3396 ἐπι.

2574 3439 2759 3490 πλεῖον
2783 3435 3088 3504 ἐρεθίζεται
3123 3437 3150 3488 ὁ
3180 3436 3304 3498 νοῦς
3328 3436 3701 3504 ἀκατάσχετος
3728 3437 3818 3487 καὶ
3847 3437 4148 3504 ἀκόρεστος

2577 3531 2856 3599 ὑπάρχων,
2902 3531 2994 3582 καὶ
3040 3528 3331 3596 ἀπλήστως
3368 3529 3639 3598 ἐπιζητῶν
3691 3531 3782 3581 καὶ
3834 3528 4051 3580 ἐσθίων·
4083 3531 4149 3582 Ἠ

2575 3622 2764 3692 ὥσπερ
2799 3618 2957 3695 ἐάνῇ
3006 3637 3087 3682 τις
3134 3619 3334 3687 διψῶν,
3384 3621 3479 3670 καὶ
3526 3619 3746 3688 ἐπιδοθῇ
3794 3619 3944 3687 αύτῷ
3998 3621 4150 3687 πόμα

2574 3713 2769 3780 γλυκὺ,
2813 3710 2929 3763 εἶτα
2974 3710 3278 3780 ἀρξάμενος
3331 3709 3430 3776 τῆς
3484 3708 3723 3771 γεύσεως
3775 3709 4150 3776 σφοδροτέροις

2576 3803 2782 3870 ἐγγίζει
2817 3802 2893 3872 τῷ
2922 3800 3089 3870 ποτῷ,
3127 3799 3388 3868 μειζόνως
3420 3800 3796 3869 ὲκκαιόμενος,
3829 3801 3925 3851 καὶ
3964 3799 4149 3867 σχεδὸν

2577 3894 2850 3953 ἀπαυστός
2881 3894 3023 3942 ἐστιν
3049 3893 3080 3960 ἠ
3114 3889 3302 3957 γεῦσις
3331 3889 3422 3941 τοῦ
3456 3886 3792 3958 Πνεύματος,
3824 3890 3899 3952 ὡς
3923 3891 4147 3958 τοιούτῳ

2576 3984 2682 4036 τινὶ
2724 3981 2947 4043 δικαίως
2979 3977 3390 4042 ἀπεικάζεσθαι·
3438 3980 3532 4031 καὶ
3563 3979 3734 4033 ταῦτα
3776 3980 3835 4031 οὑ
3870 3980 4018 4046 λόγοι
4055 3980 4146 4049 ψι-

2576 4078 2677 4128 λοι.
2719 4075 2978 4144 Ἑργασία
3005 4073 3111 4141 γάρ
3142 4075 3259 4124 ἐστι
3292 4071 3385 4124 τοῦ
3427 4071 3580 4139 ἁγίου
3610 4071 3926 4139 Πνεύματος
3956 4076 4013 4123 ἐν
4053 4091 4149 4140 μυ-

2581 4167 2784 4236 στηρίῳ
2813 4162 3133 4217 διακονοῦσα
3182 4163 3259 4233 τῷ
3302 4163 3398 4232 νῷ.
3440 4162 3740 4230 Νομίζουσι
3789 4163 3844 4213 δέ
3896 4179 4040 4224 τινες
4069 4163 4147 4214 ὃτι

2578 4257 2903 4326 ἀπεχόμενοι
2940 4255 3214 4322 γυναικὸς,
3262 4256 3356 4307 καὶ
3389 4255 3604 4307 πάντων
3641 4252 3750 4304 τῶν
3785 4254 4144 4323 φαινομένων,

2578 4351 2678 4420 ἥδη
2723 4348 2864 4416 ἆγιοί
2892 4350 3046 4400 εἰσιν’
3082 4347 3196 4398 ἀλλ’
3236 4348 3334 4415 οὑχ
3381 4346 3551 4407 οὕτως
3582 4346 3752 4397 ἐστίν.
3785 4345 3940 4395 Ἐστι
3975 4346 4084 4413 γὰρ
4115 4347 4146 4414 ή

2579 4443 2746 4496 κακία
2770 4444 2827 4493 ὲν
2854 4439 2930 4509 τῷ
2953 4441 3048 4507 νῷ,
3088 4439 3186 4491 καὶ
3213 4440 3269 4490 ἐν
3293 4439 3356 4507 τῇ
3390 4437 3582 4507 καρδίᾳ.
3605 4437 3671 4507 ζῇ
3708 4436 3800 4487 καὶ
3837 4435 4144 4504 ἐπαίρεται·

905 4530 1053 4583 enim
1099 4531 1300 4582 malum
1333 4530 1387 4582 in
1421 4541 1622 4594 mente,
1653 4540 1816 4601 atque
1853 4534 1907 4586 in
1941 4532 2106 4588 corde
2137 4535 2270 4587 vivit
2298 4543 2353 4589 et
2380 4551 2476 4591 ex-
2509 4520 2553 4574 Ῑ)
2580 4552 2596 4586 c

2456 4567 2476 4577 -
2509 4520 2553 4574 D
2580 4528 2732 4595 οὗτος
2761 4532 2817 4584 δέ
2849 4533 2994 4582 ἐστιν
3023 4531 3194 4597 ἅγιος,
3221 4530 3249 4580 ὁ
3279 4528 3570 4595 καθαρθεὶς
3594 4528 3688 4579 καὶ
3706 4527 3987 4594 ἀγιασθεὶς
4012 4528 4147 4580 κατά

908 4621 1141 4675 tollitur.
1192 4621 1284 4674 Ille
1327 4637 1458 4675 vero
1510 4631 1731 4676 sanctus
1780 4635 1883 4689 est,
1933 4623 2026 4692 qui
2063 4624 2382 4693 purificatus
2422 4636 2479 4680 et

908 4713 1278 4767 sanctificatus
1323 4724 1407 4767 est
1452 4716 1754 4769 secundum
1809 4717 2127 4771 interiorem
2177 4718 2472 4771 hominem.

907 4801 1010 4857 Ubi
1059 4804 1205 4857 enim
1251 4805 1454 4859 veritas
1501 4808 1777 4876 paulisper
1843 4808 2113 4877 inspexit,
2165 4809 2277 4863 illic
2322 4823 2478 4862 error

906 4904 1113 4960 pugnat
1142 4903 1306 4963 atque
1334 4911 1390 4949 se
1419 4897 1599 4950 velare
1625 4907 1680 4952 et
1706 4899 1965 4970 obtegere
1991 4910 2215 4954 conatur

989 4983 1123 5038 XIV.
1160 4985 1294 5040 Cum
1329 4987 1501 5042 Judaei
1550 4991 1856 5045 sacerdotio
1887 4993 2216 5060 potirentur,
2252 5007 2382 5046 sane
2415 5008 2480 5047 ex

909 5081 1003 5133 illa
1038 5081 1152 5150 ipsa
1180 5090 1339 5149 gente
1367 5083 1800 5149 persecutionem
1829 5084 2199 5152 patiebantur,
2224 5085 2484 5153 graviter-

901 5190 1015 5243 .quc
1043 5175 1441 5244 aﬂligebantur,
1471 5191 1536 5229 eo
1569 5177 1716 5244 quod
1747 5176 1803 5230 in
1829 5177 2060 5231 veritate
2097 5177 2479 5246 persistehant,

907 5266 1201 5320 Eleazarus
1224 5276 1280 5320 et
1312 5266 1625 5320 Machabzei.
1666 5267 1821 5322 Nunc
1845 5283 1994 5330 vero,
2024 5283 2146 5321 cum
2177 5284 2206 5320 a
2240 5275 2478 5336 tempore

909 5358 1094 5410 crucis
1115 5365 1170 5410 et
1187 5358 1293 5411 veli
1324 5359 1478 5412 scissi
1506 5360 1796 5412 recesserit
1823 5360 1890 5413 ab
1919 5359 1999 5412 eis
2025 5359 2287 5427 Spiritus;
2314 5369 2479 5429 atque

908 5447 1003 5501 hic
1033 5450 1269 5503 revelata
1313 5450 1402 5512 sit,
1433 5458 1488 5503 et
1533 5460 1794 5519 Operetur
1826 5450 1880 5503 in
1912 5451 2072 5504 nobis
2104 5451 2325 5514 veritas,
2355 5466 2480 5520 pro-

909 5547 1098 5608 pterea
1126 5556 1342 5594 rursum
1373 5541 1594 5609 quidam
1620 5557 1686 5595 ex
1728 5543 1830 5596 hac
1856 5549 2014 5611 gente
2043 5543 2478 5611 persecutionem

911 5631 1204 5687 sustinent.
1243 5632 1319 5684 Ex
1363 5632 1455 5684 illa
1487 5649 1618 5687 vero
1650 5643 1810 5704 gente
1842 5633 2221 5703 persecutione
2255 5643 2309 5688 ct
2342 5632 2476 5686 allii-

986 5810 1030 5842 "
1056 5810 1188 5866 Luc.
1214 5828 1292 5876 VI,
1317 5812 1421 5880 29;
1461 5812 1649 5868 Matth.
1678 5830 1727 5878 \',
1759 5814 1840 5866 40.

2580 4625 2673 4677 τὸν
2705 4624 2812 4675 ἔσω
2837 4623 3140 4692 ἄνθρωπον.
3176 4621 3351 4672 Ὅπου
3384 4619 3491 4686 γὰρ
3519 4621 3552 4686 ή
3577 4618 3802 4688 ἀλήθεια
3824 4618 4145 4681 ἀνακύπτει,

2582 4721 2698 4771 ἐκεῖ
2755 4719 2983 4789 μάχεται
3039 4719 3070 4786 ἡ
3117 4715 3325 4782 πλάνη,
3380 4713 3756 4776 σπουδάζουσα
3788 4711 4026 4781 καλύψαι
4055 4714 4146 4766 καὶ

2585 4810 2834 4863 θολῶσαι.

2649 4991 2744 5042 1Δ’.
2786 4988 2912 5038 Ὅτε
2966 4986 3014 5036 οἱ
3068 4984 3308 5035 Ἰουδαῖοι
3352 4983 3614 5051 ἐκράτουν
3667 4983 3764 5051 τὴν
3803 4982 4103 5051 ἱερωσύνην
4132 5023 4144 5043 ,

2579 5083 2672 5134 καὶ
2715 5080 2774 5145 ἐξ
2822 5079 2983 5131 αὑτοῦ
3013 5077 3105 5130 τοῦ
3140 5078 3321 5137 ἔθνους
3357 5075 3642 5128 ἐδιώκοντο
3702 5075 3792 5125 καὶ
3855 5074 4144 5138 ἐθλίόοντο,

2580 5177 2765 5245 ἐπειδὴ
2800 5176 3141 5244 εἱστήκεισαν
3185 5174 3240 5224 ἐν
3277 5174 3340 5241 τῇ
3387 5169 3612 5241 ἀληθείᾳ
3635 5211 3647 5232 ,
3704 5169 4026 5238 Ἐλεάζαρος
4056 5171 4146 5222 καὶ

2583 5271 2631 5320 οἱ
2666 5266 2994 5321 Μακαϐαίοι.
3031 5264 3143 5316 Νῦν
3180 5263 3234 5315 δὲ
3279 5263 3461 5329 ἐπειδὴ
3508 5263 3615 5313 ἀπὸ
3643 5260 3735 5313 τοῦ
3780 5261 4014 5330 σταυροῦ
4057 5263 4146 5312 καὶ

2585 5362 2677 5414 τοῦ
2713 5359 3197 5427 καταπετάσματος
3224 5357 3570 5425 ἀνεχώρησεν
3606 5357 3663 5421 ἐξ
3690 5356 3868 5408 αὐτῶν
3899 5357 3960 5407 τὸ
3992 5357 4146 5409 Πνεῦ·

2590 5467 2684 5519 μα,
2717 5449 2898 5501 λοιπὸν
2939 5443 3038 5500 ὦδε
3083 5446 3442 5515 ἀπεκαλύφθη
3474 5447 3566 5498 καὶ
3600 5447 3867 5516 ἐνεργεῖή
3899 5446 4140 5514 ἀλήθεια.

2588 5542 2757 5594 Πάλιν
2786 5539 2875 5593 οὖν
2905 5541 2962 5604 ἐξ
2995 5539 3156 5592 αὑτοῦ
3187 5538 3279 5590 τοῦ
3311 5539 3494 5598 ἔθνους
3523 5536 3827 5591 διώκονται.
3872 5537 3960 5603 Ἐξ
3984 5538 4142 5591 αύτού

2587 5631 2641 5684 δὲ
2678 5629 2769 5684 τοῦ
2804 5630 2984 5692 ἔθνους
3009 5629 3288 5683 ἐδιώκοντο
3323 5629 3413 5681 καὶ
3446 5627 3738 5693 ἐθλίϐοντο,
3771 5628 3857 5680 ἵνα
3887 5628 4144 5696 γένωνται
