  <div class='ocr_page' id='page_1' title='image "/cluster/home/n/w/nwhite01/storage/ocr_20150623/34/nnc1.0046978860/326.png"; bbox 0 0 4282 6364; ppageno 0'>
   <div class='ocr_carea' id='block_1_1' title="bbox 116 396 223 464">
    <p class='ocr_par' dir='ltr' id='par_1_1' title="bbox 116 396 223 464">
     <span class='ocr_line' id='line_1_1' title="bbox 116 396 223 464; baseline 0 0"><span class='ocrx_word' id='word_1_1' title='bbox 116 396 223 464; x_wconf 77' lang='lat'><strong>633</strong></span> 
     </span>
    </p>
   </div>
   <div class='ocr_carea' id='block_1_2' title="bbox 1308 398 1763 461">
    <p class='ocr_par' dir='ltr' id='par_1_2' title="bbox 1308 398 1763 461">
     <span class='ocr_line' id='line_1_2' title="bbox 1308 398 1763 461; baseline -0.007 0"><span class='ocrx_word' id='word_1_2' title='bbox 1308 398 1674 461; x_wconf 67' lang='lat' dir='ltr'><strong>HOMILIE.</strong></span> <span class='ocrx_word' id='word_1_3' title='bbox 1695 422 1763 438; x_wconf 85' lang='lat'><strong>--</strong></span> 
     </span>
    </p>
   </div>
   <div class='ocr_carea' id='block_1_3' title="bbox 1788 398 3371 467">
    <p class='ocr_par' dir='ltr' id='par_1_3' title="bbox 1788 398 3371 467">
     <span class='ocr_line' id='line_1_3' title="bbox 1788 398 3371 467; baseline 0.004 -8"><span class='ocrx_word' id='word_1_4' title='bbox 1788 398 1972 461; x_wconf 87' lang='lat' dir='ltr'><strong>HOM.</strong></span> <span class='ocrx_word' id='word_1_5' title='bbox 1996 400 2210 462; x_wconf 85' lang='lat' dir='ltr'><strong>XVIII.</strong></span> <span class='ocrx_word' id='word_1_6' title='bbox 3267 401 3371 467; x_wconf 63' lang='lat'><strong>634</strong></span> 
     </span>
    </p>
   </div>
   <div class='ocr_carea' id='block_1_4' title="bbox 122 510 1813 584">
    <p class='ocr_par' dir='ltr' id='par_1_4' title="bbox 122 511 1813 584">
     <span class='ocr_line' id='line_1_4' title="bbox 122 511 1813 584; baseline 0.001 -19"><span class='ocrx_word' id='word_1_7' title='bbox 122 515 406 584; x_wconf 72' lang='grc' dir='ltr'>μάρτυρες</span> <span class='ocrx_word' id='word_1_8' title='bbox 428 514 479 567; x_wconf 79' lang='lat' dir='ltr'><strong>oi</strong></span> <span class='ocrx_word' id='word_1_9' title='bbox 522 511 856 583; x_wconf 68' lang='grc' dir='ltr'>φιλαλήθης.</span> <span class='ocrx_word' id='word_1_10' title='bbox 893 511 1016 576; x_wconf 83' lang='grc' dir='ltr'>Πῶς</span> <span class='ocrx_word' id='word_1_11' title='bbox 1041 512 1151 583; x_wconf 84' lang='grc' dir='ltr'>γὰρ</span> <span class='ocrx_word' id='word_1_12' title='bbox 1178 512 1476 583; x_wconf 76' lang='grc' dir='ltr'>φανήσεται</span> <span class='ocrx_word' id='word_1_13' title='bbox 1504 514 1538 582; x_wconf 80' lang='grc' dir='ltr'><strong>ὴ</strong></span> <span class='ocrx_word' id='word_1_14' title='bbox 1564 512 1698 583; x_wconf 81' lang='grc' dir='ltr'>ἀλή-</span> <span class='ocrx_word' id='word_1_15' title='bbox 1726 516 1773 573; x_wconf 75' lang='grc' dir='ltr'>Α</span> <span class='ocrx_word' id='word_1_16' title='bbox 1800 528 1813 567; x_wconf 80' lang='lat' dir='ltr'><strong>t</strong></span> 
     </span>
    </p>
   </div>
   <div class='ocr_carea' id='block_1_5' title="bbox 1680 510 3371 584">
    <p class='ocr_par' dir='ltr' id='par_1_5' title="bbox 1680 510 3371 584">
     <span class='ocr_line' id='line_1_5' title="bbox 1680 510 3371 584; baseline 0.001 -17"><span class='ocrx_word' id='word_1_17' title='bbox 1680 540 1698 555; x_wconf 90' lang='lat'><strong>-</strong></span> <span class='ocrx_word' id='word_1_18' title='bbox 1726 516 1773 573; x_wconf 76' lang='grc' dir='ltr'>Α</span> <span class='ocrx_word' id='word_1_19' title='bbox 1800 511 1982 567; x_wconf 98' lang='lat' dir='ltr'><strong>ctione</strong></span> <span class='ocrx_word' id='word_1_20' title='bbox 2011 510 2488 583; x_wconf 84' lang='lat' dir='ltr'><strong>Opprimebantur,</strong></span> <span class='ocrx_word' id='word_1_21' title='bbox 2530 520 2592 566; x_wconf 90' lang='lat' dir='ltr'><strong>ut</strong></span> <span class='ocrx_word' id='word_1_22' title='bbox 2621 521 2891 583; x_wconf 77' lang='lat' dir='ltr'><strong>martyres</strong></span> <span class='ocrx_word' id='word_1_23' title='bbox 2926 512 3245 580; x_wconf 74' lang='lat' dir='ltr'><strong>evaderent,</strong></span> <span class='ocrx_word' id='word_1_24' title='bbox 3274 517 3371 584; x_wconf 87' lang='lat' dir='ltr'><strong>qui</strong></span> 
     </span>
    </p>
   </div>
   <div class='ocr_carea' id='block_1_6' title="bbox 117 605 1693 676">
    <p class='ocr_par' dir='ltr' id='par_1_6' title="bbox 117 605 1693 676">
     <span class='ocr_line' id='line_1_6' title="bbox 117 605 1693 676; baseline -0.001 -17"><span class='ocrx_word' id='word_1_25' title='bbox 117 608 258 667; x_wconf 89' lang='grc' dir='ltr'>θεία,</span> <span class='ocrx_word' id='word_1_26' title='bbox 308 607 358 658; x_wconf 87' lang='grc' dir='ltr'><strong>εί</strong></span> <span class='ocrx_word' id='word_1_27' title='bbox 384 605 461 676; x_wconf 82' lang='grc' dir='ltr'>μὴ</span> <span class='ocrx_word' id='word_1_28' title='bbox 488 606 602 675; x_wconf 77' lang='grc' dir='ltr'>ἔχει</span> <span class='ocrx_word' id='word_1_29' title='bbox 627 607 753 669; x_wconf 80' lang='grc' dir='ltr'>τοὺς</span> <span class='ocrx_word' id='word_1_30' title='bbox 781 605 1136 667; x_wconf 73' lang='grc' dir='ltr'><strong>ὑπεναντίους</strong></span> <span class='ocrx_word' id='word_1_31' title='bbox 1164 605 1379 674; x_wconf 80' lang='grc' dir='ltr'><strong>ψευδεῖς</strong></span> <span class='ocrx_word' id='word_1_32' title='bbox 1410 605 1572 667; x_wconf 70' lang='grc' dir='ltr'>ὄντας</span> <span class='ocrx_word' id='word_1_33' title='bbox 1598 605 1693 658; x_wconf 79' lang='grc' dir='ltr'>καὶ</span> 
     </span>
    </p>
   </div>
   <div class='ocr_carea' id='block_1_7' title="bbox 115 696 1694 767">
    <p class='ocr_par' dir='ltr' id='par_1_7' title="bbox 115 696 1694 767">
     <span class='ocr_line' id='line_1_7' title="bbox 115 696 1694 767; baseline 0.001 -18"><span class='ocrx_word' id='word_1_34' title='bbox 115 698 258 751; x_wconf 82' lang='grc' dir='ltr'><strong>κατά</strong></span> <span class='ocrx_word' id='word_1_35' title='bbox 287 698 554 767; x_wconf 78' lang='grc' dir='ltr'><strong>ἀληθείας</strong></span> <span class='ocrx_word' id='word_1_36' title='bbox 583 698 907 767; x_wconf 80' lang='grc' dir='ltr'>τρέχοντας;</span> <span class='ocrx_word' id='word_1_37' title='bbox 951 697 1070 751; x_wconf 70' lang='lat' dir='ltr'><strong>Eiet</strong></span> <span class='ocrx_word' id='word_1_38' title='bbox 1098 698 1156 751; x_wconf 76' lang='grc' dir='ltr'>δὲ</span> <span class='ocrx_word' id='word_1_39' title='bbox 1194 696 1289 751; x_wconf 79' lang='grc' dir='ltr'>καὶ</span> <span class='ocrx_word' id='word_1_40' title='bbox 1316 698 1376 750; x_wconf 80' lang='grc' dir='ltr'>ὲν</span> <span class='ocrx_word' id='word_1_41' title='bbox 1400 700 1515 760; x_wconf 79' lang='grc' dir='ltr'>τοῖς</span> <span class='ocrx_word' id='word_1_42' title='bbox 1541 697 1694 750; x_wconf 86' lang='grc' dir='ltr'>ἀδελ-</span> 
     </span>
    </p>
   </div>
   <div class='ocr_carea' id='block_1_8' title="bbox 111 787 1696 862">
    <p class='ocr_par' dir='ltr' id='par_1_8' title="bbox 111 787 1696 862">
     <span class='ocr_line' id='line_1_8' title="bbox 111 787 1696 862; baseline -0.002 -19"><span class='ocrx_word' id='word_1_43' title='bbox 111 794 233 855; x_wconf 88' lang='grc' dir='ltr'>φοῖς</span> <span class='ocrx_word' id='word_1_44' title='bbox 261 790 624 858; x_wconf 79' lang='grc' dir='ltr'><strong>βαστάζοντες</strong></span> <span class='ocrx_word' id='word_1_45' title='bbox 651 790 798 862; x_wconf 86' lang='grc' dir='ltr'><strong>πάθη</strong></span> <span class='ocrx_word' id='word_1_46' title='bbox 829 793 924 844; x_wconf 79' lang='grc' dir='ltr'>καὶ</span> <span class='ocrx_word' id='word_1_47' title='bbox 953 790 1181 853; x_wconf 71' lang='grc' dir='ltr'>θλίψειςο</span> <span class='ocrx_word' id='word_1_48' title='bbox 1234 789 1437 859; x_wconf 81' lang='grc' dir='ltr'>πολλῆς</span> <span class='ocrx_word' id='word_1_49' title='bbox 1467 788 1523 841; x_wconf 82' lang='grc' dir='ltr'>δὲ</span> <span class='ocrx_word' id='word_1_50' title='bbox 1564 787 1696 858; x_wconf 73' lang='grc' dir='ltr'>χρῄ-</span> 
     </span>
    </p>
   </div>
   <div class='ocr_carea' id='block_1_9' title="bbox 110 877 1694 955">
    <p class='ocr_par' dir='ltr' id='par_1_9' title="bbox 110 877 1694 955">
     <span class='ocr_line' id='line_1_9' title="bbox 110 877 1694 955; baseline 0.001 -21"><span class='ocrx_word' id='word_1_51' title='bbox 110 885 302 945; x_wconf 80' lang='grc' dir='ltr'>ζουσιν</span> <span class='ocrx_word' id='word_1_52' title='bbox 324 884 644 953; x_wconf 88' lang='grc' dir='ltr'>ἀσφαλείας,</span> <span class='ocrx_word' id='word_1_53' title='bbox 678 885 763 937; x_wconf 80' lang='grc' dir='ltr'>ἵνα</span> <span class='ocrx_word' id='word_1_54' title='bbox 796 884 871 955; x_wconf 74' lang='grc' dir='ltr'>μὴ</span> <span class='ocrx_word' id='word_1_55' title='bbox 899 884 1157 937; x_wconf 82' lang='grc' dir='ltr'><strong>πέσωσιν.</strong></span> <span class='ocrx_word' id='word_1_56' title='bbox 1191 877 1285 945; x_wconf 74' lang='grc' dir='ltr'>Εἷς</span> <span class='ocrx_word' id='word_1_57' title='bbox 1323 883 1432 954; x_wconf 86' lang='grc' dir='ltr'>γάρ</span> <span class='ocrx_word' id='word_1_58' title='bbox 1474 900 1557 944; x_wconf 91' lang='grc' dir='ltr'><strong>τις</strong></span> <span class='ocrx_word' id='word_1_59' title='bbox 1586 881 1694 935; x_wconf 90' lang='grc' dir='ltr'><strong>τῶν</strong></span> 
     </span>
    </p>
   </div>
   <div class='ocr_carea' id='block_1_10' title="bbox 108 973 1693 1047">
    <p class='ocr_par' dir='ltr' id='par_1_10' title="bbox 108 973 1693 1047">
     <span class='ocr_line' id='line_1_10' title="bbox 108 973 1693 1047; baseline 0 -20"><span class='ocrx_word' id='word_1_60' title='bbox 108 975 363 1044; x_wconf 82' lang='grc' dir='ltr'>ἀδελφῶν</span> <span class='ocrx_word' id='word_1_61' title='bbox 395 978 785 1047; x_wconf 83' lang='grc' dir='ltr'>συνευχόμενός</span> <span class='ocrx_word' id='word_1_62' title='bbox 815 993 945 1034; x_wconf 87' lang='grc' dir='ltr'>τινι,</span> <span class='ocrx_word' id='word_1_63' title='bbox 981 976 1367 1046; x_wconf 75' lang='grc' dir='ltr'><strong>ᾐχμαλωτίσθη</strong></span> <span class='ocrx_word' id='word_1_64' title='bbox 1411 975 1517 1027; x_wconf 77' lang='grc' dir='ltr'><strong>ὐπὸ</strong></span> <span class='ocrx_word' id='word_1_65' title='bbox 1543 973 1693 1037; x_wconf 87' lang='grc' dir='ltr'>θείας</span> 
     </span>
    </p>
   </div>
   <div class='ocr_carea' id='block_1_11' title="bbox 106 1064 1691 1141">
    <p class='ocr_par' dir='ltr' id='par_1_11' title="bbox 106 1064 1691 1141">
     <span class='ocr_line' id='line_1_11' title="bbox 106 1064 1691 1141; baseline 0.003 -25"><span class='ocrx_word' id='word_1_66' title='bbox 106 1067 421 1135; x_wconf 71' lang='grc' dir='ltr'>δυνάμεως,</span> <span class='ocrx_word' id='word_1_67' title='bbox 452 1069 547 1120; x_wconf 77' lang='grc' dir='ltr'>καὶ</span> <span class='ocrx_word' id='word_1_68' title='bbox 579 1068 881 1139; x_wconf 81' lang='grc' dir='ltr'>ἁρπαχθεὶς</span> <span class='ocrx_word' id='word_1_69' title='bbox 905 1064 1013 1122; x_wconf 81' lang='grc' dir='ltr'>εἶδε</span> <span class='ocrx_word' id='word_1_70' title='bbox 1042 1069 1139 1141; x_wconf 84' lang='grc' dir='ltr'>τὴν</span> <span class='ocrx_word' id='word_1_71' title='bbox 1165 1071 1278 1123; x_wconf 79' lang='grc' dir='ltr'>ἄνω</span> <span class='ocrx_word' id='word_1_72' title='bbox 1306 1068 1460 1121; x_wconf 88' lang='grc' dir='ltr'>πόλιν</span> <span class='ocrx_word' id='word_1_73' title='bbox 1493 1068 1691 1140; x_wconf 84' lang='grc' dir='ltr'>Ἰερου-</span> 
     </span>
    </p>
   </div>
   <div class='ocr_carea' id='block_1_12' title="bbox 111 1157 1694 1229">
    <p class='ocr_par' dir='ltr' id='par_1_12' title="bbox 111 1157 1694 1229">
     <span class='ocr_line' id='line_1_12' title="bbox 111 1157 1694 1229; baseline 0.004 -23"><span class='ocrx_word' id='word_1_74' title='bbox 111 1157 323 1226; x_wconf 84' lang='grc' dir='ltr'>σαλὴμ,</span> <span class='ocrx_word' id='word_1_75' title='bbox 365 1158 461 1211; x_wconf 78' lang='grc' dir='ltr'>καὶ</span> <span class='ocrx_word' id='word_1_76' title='bbox 499 1160 713 1224; x_wconf 85' lang='grc' dir='ltr'>είκόνας</span> <span class='ocrx_word' id='word_1_77' title='bbox 748 1160 1013 1229; x_wconf 84' lang='grc' dir='ltr'>φωτεινὰς</span> <span class='ocrx_word' id='word_1_78' title='bbox 1043 1163 1136 1213; x_wconf 78' lang='grc' dir='ltr'>καὶ</span> <span class='ocrx_word' id='word_1_79' title='bbox 1170 1160 1285 1228; x_wconf 89' lang='grc' dir='ltr'><strong>φῶς</strong></span> <span class='ocrx_word' id='word_1_80' title='bbox 1311 1160 1557 1229; x_wconf 76' lang='grc' dir='ltr'>ἄπειρον·</span> <span class='ocrx_word' id='word_1_81' title='bbox 1600 1161 1694 1213; x_wconf 74' lang='grc' dir='ltr'>καὶ</span> 
     </span>
    </p>
   </div>
   <div class='ocr_carea' id='block_1_13' title="bbox 108 1248 1694 1323">
    <p class='ocr_par' dir='ltr' id='par_1_13' title="bbox 108 1248 1694 1323">
     <span class='ocr_line' id='line_1_13' title="bbox 108 1248 1694 1323; baseline 0.014 -24"><span class='ocrx_word' id='word_1_82' title='bbox 108 1249 318 1315; x_wconf 70' lang='grc' dir='ltr'>ἢκουσε</span> <span class='ocrx_word' id='word_1_83' title='bbox 362 1251 545 1320; x_wconf 83' lang='grc' dir='ltr'>φωνῆς</span> <span class='ocrx_word' id='word_1_84' title='bbox 571 1251 856 1323; x_wconf 77' lang='grc' dir='ltr'><strong>λεγούσης,</strong></span> <span class='ocrx_word' id='word_1_85' title='bbox 883 1248 1064 1318; x_wconf 81' lang='grc' dir='ltr'>οὗτός</span> <span class='ocrx_word' id='word_1_86' title='bbox 1100 1253 1270 1307; x_wconf 83' lang='grc' dir='ltr'>ἐστιν</span> <span class='ocrx_word' id='word_1_87' title='bbox 1300 1254 1331 1306; x_wconf 91' lang='lat'><strong>6</strong></span> <span class='ocrx_word' id='word_1_88' title='bbox 1371 1255 1555 1318; x_wconf 71' lang='grc' dir='ltr'>τόπος</span> <span class='ocrx_word' id='word_1_89' title='bbox 1582 1252 1694 1319; x_wconf 78' lang='grc' dir='ltr'><strong>τῆς</strong></span> 
     </span>
    </p>
   </div>
   <div class='ocr_carea' id='block_1_14' title="bbox 110 1343 1693 1415">
    <p class='ocr_par' dir='ltr' id='par_1_14' title="bbox 110 1343 1693 1415">
     <span class='ocr_line' id='line_1_14' title="bbox 110 1343 1693 1415; baseline 0.004 -24"><span class='ocrx_word' id='word_1_90' title='bbox 110 1343 549 1409; x_wconf 81' lang='grc' dir='ltr'>καταπαύσεως</span> <span class='ocrx_word' id='word_1_91' title='bbox 590 1343 711 1397; x_wconf 84' lang='grc' dir='ltr'><strong>τῶν</strong></span> <span class='ocrx_word' id='word_1_92' title='bbox 737 1344 1000 1399; x_wconf 73' lang='grc' dir='ltr'>δικαίων*</span> <span class='ocrx_word' id='word_1_93' title='bbox 1032 1346 1126 1398; x_wconf 74' lang='grc' dir='ltr'>καὶ</span> <span class='ocrx_word' id='word_1_94' title='bbox 1176 1345 1314 1414; x_wconf 90' lang='grc' dir='ltr'><strong>μετά</strong></span> <span class='ocrx_word' id='word_1_95' title='bbox 1367 1345 1563 1415; x_wconf 83' lang='grc' dir='ltr'>μικρὸν</span> <span class='ocrx_word' id='word_1_96' title='bbox 1594 1362 1693 1413; x_wconf 73' lang='lat' dir='ltr'><strong>cpu-</strong></span> 
     </span>
    </p>
   </div>
   <div class='ocr_carea' id='block_1_15' title="bbox 113 1433 1691 1508">
    <p class='ocr_par' dir='ltr' id='par_1_15' title="bbox 113 1433 1691 1508">
     <span class='ocr_line' id='line_1_15' title="bbox 113 1433 1691 1508; baseline 0.004 -24"><span class='ocrx_word' id='word_1_97' title='bbox 113 1433 357 1496; x_wconf 78' lang='grc' dir='ltr'>σιωθεὶς,</span> <span class='ocrx_word' id='word_1_98' title='bbox 409 1435 503 1487; x_wconf 75' lang='grc' dir='ltr'><strong>καὶ</strong></span> <span class='ocrx_word' id='word_1_99' title='bbox 529 1436 755 1505; x_wconf 82' lang='grc' dir='ltr'>νομίσας</span> <span class='ocrx_word' id='word_1_100' title='bbox 784 1437 910 1508; x_wconf 76' lang='grc' dir='ltr'>περὶ</span> <span class='ocrx_word' id='word_1_101' title='bbox 960 1437 1155 1491; x_wconf 77' lang='grc' dir='ltr'>ἑαυτοῦ</span> <span class='ocrx_word' id='word_1_102' title='bbox 1186 1438 1511 1508; x_wconf 80' lang='grc' dir='ltr'>ἑωρακέναι,</span> <span class='ocrx_word' id='word_1_103' title='bbox 1552 1439 1691 1507; x_wconf 81' lang='grc' dir='ltr'><strong>μετά</strong></span> 
     </span>
    </p>
   </div>
   <div class='ocr_carea' id='block_1_16' title="bbox 113 1524 1693 1598">
    <p class='ocr_par' dir='ltr' id='par_1_16' title="bbox 113 1524 1693 1598">
     <span class='ocr_line' id='line_1_16' title="bbox 113 1524 1693 1598; baseline 0.006 -23"><span class='ocrx_word' id='word_1_104' title='bbox 113 1524 280 1577; x_wconf 80' lang='grc' dir='ltr'>τοῦτο</span> <span class='ocrx_word' id='word_1_105' title='bbox 311 1526 510 1597; x_wconf 83' lang='grc' dir='ltr'>εὑρέθη</span> <span class='ocrx_word' id='word_1_106' title='bbox 543 1528 801 1598; x_wconf 80' lang='grc' dir='ltr'>ἐμπεσὼν</span> <span class='ocrx_word' id='word_1_107' title='bbox 844 1532 924 1593; x_wconf 81' lang='grc' dir='ltr'><strong>εἰς</strong></span> <span class='ocrx_word' id='word_1_108' title='bbox 967 1532 1034 1583; x_wconf 82' lang='grc' dir='ltr'>τὰ</span> <span class='ocrx_word' id='word_1_109' title='bbox 1084 1531 1251 1585; x_wconf 77' lang='grc' dir='ltr'>ἄδυτα</span> <span class='ocrx_word' id='word_1_110' title='bbox 1294 1530 1389 1583; x_wconf 79' lang='grc' dir='ltr'>καὶ</span> <span class='ocrx_word' id='word_1_111' title='bbox 1418 1529 1693 1590; x_wconf 78' lang='grc' dir='ltr'><strong>βαθύτατα</strong></span> 
     </span>
    </p>
   </div>
   <div class='ocr_carea' id='block_1_17' title="bbox 116 1618 1039 1692">
    <p class='ocr_par' dir='ltr' id='par_1_17' title="bbox 116 1618 1039 1692">
     <span class='ocr_line' id='line_1_17' title="bbox 116 1618 1039 1692; baseline 0.007 -23"><span class='ocrx_word' id='word_1_112' title='bbox 116 1618 218 1687; x_wconf 78' lang='grc' dir='ltr'>τῆς</span> <span class='ocrx_word' id='word_1_113' title='bbox 245 1620 543 1688; x_wconf 83' lang='grc' dir='ltr'>ἁμαρτίας,</span> <span class='ocrx_word' id='word_1_114' title='bbox 582 1623 661 1683; x_wconf 88' lang='grc' dir='ltr'><strong>είς</strong></span> <span class='ocrx_word' id='word_1_115' title='bbox 694 1623 863 1692; x_wconf 88' lang='grc' dir='ltr'>μυρία</span> <span class='ocrx_word' id='word_1_116' title='bbox 890 1624 1039 1676; x_wconf 85' lang='grc' dir='ltr'><strong>κακά</strong></span> 
     </span>
    </p>
   </div>
   <div class='ocr_carea' id='block_1_18' title="bbox 1796 602 3373 675">
    <p class='ocr_par' dir='ltr' id='par_1_18' title="bbox 1796 602 3373 675">
     <span class='ocr_line' id='line_1_18' title="bbox 1796 602 3373 675; baseline 0.003 -18"><span class='ocrx_word' id='word_1_117' title='bbox 1796 602 2014 659; x_wconf 90' lang='lat' dir='ltr'><strong>veritati</strong></span> <span class='ocrx_word' id='word_1_118' title='bbox 2060 602 2374 658; x_wconf 82' lang='lat' dir='ltr'><strong>studebant.</strong></span> <span class='ocrx_word' id='word_1_119' title='bbox 2406 602 2693 670; x_wconf 87' lang='lat' dir='ltr'><strong>Quomodo</strong></span> <span class='ocrx_word' id='word_1_120' title='bbox 2722 604 2871 658; x_wconf 86' lang='lat' dir='ltr'><strong>enim</strong></span> <span class='ocrx_word' id='word_1_121' title='bbox 2914 604 3201 675; x_wconf 82' lang='lat' dir='ltr'><strong>apparebit</strong></span> <span class='ocrx_word' id='word_1_122' title='bbox 3228 606 3373 661; x_wconf 87' lang='lat' dir='ltr'><strong>veri-</strong></span> 
     </span>
    </p>
   </div>
   <div class='ocr_carea' id='block_1_19' title="bbox 1796 696 3372 767">
    <p class='ocr_par' dir='ltr' id='par_1_19' title="bbox 1796 696 3372 767">
     <span class='ocr_line' id='line_1_19' title="bbox 1796 696 3372 767; baseline 0.001 -16"><span class='ocrx_word' id='word_1_123' title='bbox 1796 706 1901 763; x_wconf 90' lang='lat' dir='ltr'><strong>tas,</strong></span> <span class='ocrx_word' id='word_1_124' title='bbox 1931 696 2037 752; x_wconf 88' lang='lat' dir='ltr'><strong>nisi</strong></span> <span class='ocrx_word' id='word_1_125' title='bbox 2067 696 2325 751; x_wconf 92' lang='lat' dir='ltr'><strong>habuerit</strong></span> <span class='ocrx_word' id='word_1_126' title='bbox 2358 697 2721 760; x_wconf 85' lang='lat' dir='ltr'><strong>adversarios,</strong></span> <span class='ocrx_word' id='word_1_127' title='bbox 2758 697 2855 767; x_wconf 87' lang='lat' dir='ltr'><strong>qui</strong></span> <span class='ocrx_word' id='word_1_128' title='bbox 2897 706 2953 752; x_wconf 90' lang='lat' dir='ltr'><strong>et</strong></span> <span class='ocrx_word' id='word_1_129' title='bbox 3000 698 3112 753; x_wconf 89' lang='lat' dir='ltr'><strong>sint</strong></span> <span class='ocrx_word' id='word_1_130' title='bbox 3142 698 3372 753; x_wconf 89' lang='lat' dir='ltr'><strong>menda-</strong></span> 
     </span>
    </p>
   </div>
   <div class='ocr_carea' id='block_1_20' title="bbox 1794 788 3372 859">
    <p class='ocr_par' dir='ltr' id='par_1_20' title="bbox 1794 788 3372 859">
     <span class='ocr_line' id='line_1_20' title="bbox 1794 788 3372 859; baseline 0.001 -16"><span class='ocrx_word' id='word_1_131' title='bbox 1794 803 1905 853; x_wconf 91' lang='lat' dir='ltr'><strong>ces,</strong></span> <span class='ocrx_word' id='word_1_132' title='bbox 1933 797 1990 844; x_wconf 94' lang='lat' dir='ltr'><strong>et</strong></span> <span class='ocrx_word' id='word_1_133' title='bbox 2015 788 2301 844; x_wconf 83' lang='lat' dir='ltr'><strong>veritatem</strong></span> <span class='ocrx_word' id='word_1_134' title='bbox 2333 788 2625 843; x_wconf 87' lang='lat' dir='ltr'><strong>invadant?</strong></span> <span class='ocrx_word' id='word_1_135' title='bbox 2647 789 2786 845; x_wconf 89' lang='lat' dir='ltr'><strong>Sunt</strong></span> <span class='ocrx_word' id='word_1_136' title='bbox 2808 805 3031 859; x_wconf 88' lang='lat' dir='ltr'><strong>quoque</strong></span> <span class='ocrx_word' id='word_1_137' title='bbox 3053 790 3109 844; x_wconf 91' lang='lat' dir='ltr'><strong>in</strong></span> <span class='ocrx_word' id='word_1_138' title='bbox 3140 790 3372 845; x_wconf 84' lang='lat' dir='ltr'><strong>fratrum</strong></span> 
     </span>
    </p>
   </div>
   <div class='ocr_carea' id='block_1_21' title="bbox 1794 880 3371 949">
    <p class='ocr_par' dir='ltr' id='par_1_21' title="bbox 1794 880 3371 949">
     <span class='ocr_line' id='line_1_21' title="bbox 1794 880 3371 949; baseline 0.002 -16"><span class='ocrx_word' id='word_1_139' title='bbox 1794 895 2047 941; x_wconf 91' lang='lat' dir='ltr'><strong>numero.</strong></span> <span class='ocrx_word' id='word_1_140' title='bbox 2071 880 2165 949; x_wconf 92' lang='lat' dir='ltr'><strong>qui</strong></span> <span class='ocrx_word' id='word_1_141' title='bbox 2191 881 2576 936; x_wconf 83' lang='lat' dir='ltr'><strong>aﬂ‘ectionibus</strong></span> <span class='ocrx_word' id='word_1_142' title='bbox 2603 889 2697 935; x_wconf 91' lang='lat' dir='ltr'><strong>aut</strong></span> <span class='ocrx_word' id='word_1_143' title='bbox 2730 881 3121 937; x_wconf 71' lang='lat' dir='ltr'><strong>afﬂictionibus</strong></span> <span class='ocrx_word' id='word_1_144' title='bbox 3150 882 3371 937; x_wconf 79' lang='lat' dir='ltr'><strong>obnoxii</strong></span> 
     </span>
    </p>
   </div>
   <div class='ocr_carea' id='block_1_22' title="bbox 1794 971 3369 1044">
    <p class='ocr_par' dir='ltr' id='par_1_22' title="bbox 1794 971 3369 1044">
     <span class='ocr_line' id='line_1_22' title="bbox 1794 971 3369 1044; baseline 0.002 -18"><span class='ocrx_word' id='word_1_145' title='bbox 1794 981 1940 1026; x_wconf 90' lang='lat' dir='ltr'><strong>sunt.</strong></span> <span class='ocrx_word' id='word_1_146' title='bbox 1971 971 2183 1038; x_wconf 83' lang='lat' dir='ltr'><strong>Quibus</strong></span> <span class='ocrx_word' id='word_1_147' title='bbox 2221 973 2443 1041; x_wconf 85' lang='lat' dir='ltr'><strong>quidem</strong></span> <span class='ocrx_word' id='word_1_148' title='bbox 2479 987 2673 1044; x_wconf 78' lang='lat' dir='ltr'><strong>magna</strong></span> <span class='ocrx_word' id='word_1_149' title='bbox 2704 974 2886 1028; x_wconf 87' lang='lat' dir='ltr'><strong>cautio</strong></span> <span class='ocrx_word' id='word_1_150' title='bbox 2921 972 3234 1029; x_wconf 88' lang='lat' dir='ltr'><strong>adhibenda</strong></span> <span class='ocrx_word' id='word_1_151' title='bbox 3263 984 3369 1039; x_wconf 92' lang='lat' dir='ltr'><strong>est,</strong></span> 
     </span>
    </p>
   </div>
   <div class='ocr_carea' id='block_1_23' title="bbox 1794 1063 3372 1135">
    <p class='ocr_par' dir='ltr' id='par_1_23' title="bbox 1794 1063 3372 1135">
     <span class='ocr_line' id='line_1_23' title="bbox 1794 1063 3372 1135; baseline 0.001 -16"><span class='ocrx_word' id='word_1_152' title='bbox 1794 1079 1864 1120; x_wconf 91' lang='lat' dir='ltr'><strong>ne</strong></span> <span class='ocrx_word' id='word_1_153' title='bbox 1896 1064 2170 1119; x_wconf 86' lang='lat' dir='ltr'><strong>labantur.</strong></span> <span class='ocrx_word' id='word_1_154' title='bbox 2203 1063 2437 1130; x_wconf 87' lang='lat' dir='ltr'><strong>Quidam</strong></span> <span class='ocrx_word' id='word_1_155' title='bbox 2468 1066 2619 1120; x_wconf 90' lang='lat' dir='ltr'><strong>enim</strong></span> <span class='ocrx_word' id='word_1_156' title='bbox 2649 1079 2715 1119; x_wconf 82' lang='lat' dir='ltr'><strong>ex</strong></span> <span class='ocrx_word' id='word_1_157' title='bbox 2746 1064 3038 1129; x_wconf 79' lang='lat' dir='ltr'><strong>fratribus,</strong></span> <span class='ocrx_word' id='word_1_158' title='bbox 3071 1080 3197 1120; x_wconf 92' lang='lat' dir='ltr'><strong>cum</strong></span> <span class='ocrx_word' id='word_1_159' title='bbox 3241 1080 3372 1135; x_wconf 84' lang='lat' dir='ltr'><strong>pre-</strong></span> 
     </span>
    </p>
   </div>
   <div class='ocr_carea' id='block_1_24' title="bbox 1794 1157 3372 1229">
    <p class='ocr_par' dir='ltr' id='par_1_24' title="bbox 1794 1157 3372 1229">
     <span class='ocr_line' id='line_1_24' title="bbox 1794 1157 3372 1229; baseline -0.001 -15"><span class='ocrx_word' id='word_1_160' title='bbox 1794 1166 2012 1214; x_wconf 91' lang='lat' dir='ltr'><strong>caretur</strong></span> <span class='ocrx_word' id='word_1_161' title='bbox 2038 1172 2164 1212; x_wconf 90' lang='lat' dir='ltr'><strong>cum</strong></span> <span class='ocrx_word' id='word_1_162' title='bbox 2208 1157 2336 1222; x_wconf 92' lang='lat' dir='ltr'><strong>alio,</strong></span> <span class='ocrx_word' id='word_1_163' title='bbox 2373 1167 2567 1227; x_wconf 89' lang='lat' dir='ltr'><strong>captus</strong></span> <span class='ocrx_word' id='word_1_164' title='bbox 2598 1164 2685 1213; x_wconf 93' lang='lat' dir='ltr'><strong>est</strong></span> <span class='ocrx_word' id='word_1_165' title='bbox 2716 1157 2902 1212; x_wconf 87' lang='lat' dir='ltr'><strong>divina</strong></span> <span class='ocrx_word' id='word_1_166' title='bbox 2935 1158 3163 1222; x_wconf 88' lang='lat' dir='ltr'><strong>virtute,</strong></span> <span class='ocrx_word' id='word_1_167' title='bbox 3196 1173 3372 1229; x_wconf 91' lang='lat' dir='ltr'><strong>eaque</strong></span> 
     </span>
    </p>
   </div>
   <div class='ocr_carea' id='block_1_25' title="bbox 1794 1247 3374 1319">
    <p class='ocr_par' dir='ltr' id='par_1_25' title="bbox 1794 1247 3374 1319">
     <span class='ocr_line' id='line_1_25' title="bbox 1794 1247 3374 1319; baseline 0.001 -16"><span class='ocrx_word' id='word_1_168' title='bbox 1794 1250 2059 1317; x_wconf 87' lang='lat' dir='ltr'><strong>abreptus</strong></span> <span class='ocrx_word' id='word_1_169' title='bbox 2098 1247 2239 1301; x_wconf 91' lang='lat' dir='ltr'><strong>vidit</strong></span> <span class='ocrx_word' id='word_1_170' title='bbox 2284 1263 2577 1319; x_wconf 87' lang='lat' dir='ltr'><strong>supernam</strong></span> <span class='ocrx_word' id='word_1_171' title='bbox 2623 1249 2901 1303; x_wconf 90' lang='lat' dir='ltr'><strong>civitatem</strong></span> <span class='ocrx_word' id='word_1_172' title='bbox 2946 1249 3276 1312; x_wconf 84' lang='lat' dir='ltr'><strong>Jerusalem.</strong></span> <span class='ocrx_word' id='word_1_173' title='bbox 3316 1260 3374 1305; x_wconf 90' lang='lat' dir='ltr'><strong>et</strong></span> 
     </span>
    </p>
   </div>
   <div class='ocr_carea' id='block_1_26' title="bbox 1793 1340 3373 1412">
    <p class='ocr_par' dir='ltr' id='par_1_26' title="bbox 1793 1340 3373 1412">
     <span class='ocr_line' id='line_1_26' title="bbox 1793 1340 3373 1412; baseline 0.002 -17"><span class='ocrx_word' id='word_1_174' title='bbox 1793 1355 2056 1412; x_wconf 87' lang='lat' dir='ltr'><strong>personas</strong></span> <span class='ocrx_word' id='word_1_175' title='bbox 2104 1340 2382 1403; x_wconf 90' lang='lat' dir='ltr'><strong>illustres,</strong></span> <span class='ocrx_word' id='word_1_176' title='bbox 2432 1340 2730 1409; x_wconf 90' lang='lat' dir='ltr'><strong>lumenque</strong></span> <span class='ocrx_word' id='word_1_177' title='bbox 2794 1341 3153 1407; x_wconf 88' lang='lat' dir='ltr'><strong>immensum;</strong></span> <span class='ocrx_word' id='word_1_178' title='bbox 3209 1350 3373 1412; x_wconf 90' lang='lat' dir='ltr'><strong>atque</strong></span> 
     </span>
    </p>
   </div>
   <div class='ocr_carea' id='block_1_27' title="bbox 1793 1433 3374 1506">
    <p class='ocr_par' dir='ltr' id='par_1_27' title="bbox 1793 1433 3374 1506">
     <span class='ocr_line' id='line_1_27' title="bbox 1793 1433 3374 1506; baseline -0.001 -16"><span class='ocrx_word' id='word_1_179' title='bbox 1793 1434 2003 1490; x_wconf 89' lang='lat' dir='ltr'><strong>audivit</strong></span> <span class='ocrx_word' id='word_1_180' title='bbox 2032 1448 2223 1488; x_wconf 92' lang='lat' dir='ltr'><strong>vocem</strong></span> <span class='ocrx_word' id='word_1_181' title='bbox 2260 1433 2535 1488; x_wconf 86' lang='lat' dir='ltr'><strong>dicentem</strong></span> <span class='ocrx_word' id='word_1_182' title='bbox 2572 1451 2585 1486; x_wconf 89' lang='lat'><strong>:</strong></span> <span class='ocrx_word' id='word_1_183' title='bbox 2614 1435 2713 1487; x_wconf 85' lang='lat' dir='ltr'><strong>Hic</strong></span> <span class='ocrx_word' id='word_1_184' title='bbox 2740 1443 2816 1488; x_wconf 81' lang='lat' dir='ltr'><strong>est</strong></span> <span class='ocrx_word' id='word_1_185' title='bbox 2847 1434 2989 1488; x_wconf 76' lang='lat' dir='ltr'><strong>locus</strong></span> <span class='ocrx_word' id='word_1_186' title='bbox 3016 1437 3258 1506; x_wconf 75' lang='lat' dir='ltr'><strong>requietis</strong></span> <span class='ocrx_word' id='word_1_187' title='bbox 3288 1437 3374 1504; x_wconf 81' lang='lat' dir='ltr'><strong>iu-</strong></span> 
     </span>
    </p>
   </div>
   <div class='ocr_carea' id='block_1_28' title="bbox 1792 1524 3374 1595">
    <p class='ocr_par' dir='ltr' id='par_1_28' title="bbox 1792 1524 3374 1595">
     <span class='ocr_line' id='line_1_28' title="bbox 1792 1524 3374 1595; baseline 0.001 -14"><span class='ocrx_word' id='word_1_188' title='bbox 1792 1537 1995 1582; x_wconf 78' lang='lat' dir='ltr'><strong>storum</strong></span> <span class='ocrx_word' id='word_1_189' title='bbox 2022 1526 2333 1595; x_wconf 88' lang='lat' dir='ltr'><strong>:pauloque</strong></span> <span class='ocrx_word' id='word_1_190' title='bbox 2362 1534 2487 1595; x_wconf 90' lang='lat' dir='ltr'><strong>post</strong></span> <span class='ocrx_word' id='word_1_191' title='bbox 2521 1524 2763 1588; x_wconf 82' lang='lat' dir='ltr'><strong>inﬂatus,</strong></span> <span class='ocrx_word' id='word_1_192' title='bbox 2788 1536 2845 1581; x_wconf 93' lang='lat' dir='ltr'><strong>et</strong></span> <span class='ocrx_word' id='word_1_193' title='bbox 2869 1528 3191 1583; x_wconf 77' lang='lat' dir='ltr'><strong>existimans</strong></span> <span class='ocrx_word' id='word_1_194' title='bbox 3220 1529 3289 1583; x_wconf 93' lang='lat' dir='ltr'><strong>de</strong></span> <span class='ocrx_word' id='word_1_195' title='bbox 3314 1544 3374 1583; x_wconf 89' lang='lat' dir='ltr'><strong>se</strong></span> 
     </span>
    </p>
   </div>
   <div class='ocr_carea' id='block_1_29' title="bbox 1795 1616 3375 1691">
    <p class='ocr_par' dir='ltr' id='par_1_29' title="bbox 1795 1616 3375 1691">
     <span class='ocr_line' id='line_1_29' title="bbox 1795 1616 3375 1691; baseline 0 -18"><span class='ocrx_word' id='word_1_196' title='bbox 1795 1619 1913 1688; x_wconf 91' lang='lat' dir='ltr'><strong>ipso</strong></span> <span class='ocrx_word' id='word_1_197' title='bbox 1940 1632 2003 1671; x_wconf 89' lang='lat' dir='ltr'><strong>ea</strong></span> <span class='ocrx_word' id='word_1_198' title='bbox 2049 1616 2280 1683; x_wconf 90' lang='lat' dir='ltr'><strong>vidisse,</strong></span> <span class='ocrx_word' id='word_1_199' title='bbox 2324 1626 2513 1685; x_wconf 89' lang='lat' dir='ltr'><strong>postea</strong></span> <span class='ocrx_word' id='word_1_200' title='bbox 2558 1627 2810 1687; x_wconf 91' lang='lat' dir='ltr'><strong>repertus</strong></span> <span class='ocrx_word' id='word_1_201' title='bbox 2880 1628 2967 1672; x_wconf 92' lang='lat' dir='ltr'><strong>est</strong></span> <span class='ocrx_word' id='word_1_202' title='bbox 3020 1619 3077 1671; x_wconf 91' lang='lat' dir='ltr'><strong>in</strong></span> <span class='ocrx_word' id='word_1_203' title='bbox 3126 1620 3284 1691; x_wconf 89' lang='lat' dir='ltr'><strong>adyta</strong></span> <span class='ocrx_word' id='word_1_204' title='bbox 3318 1628 3375 1674; x_wconf 94' lang='lat' dir='ltr'><strong>et</strong></span> 
     </span>
    </p>
   </div>
   <div class='ocr_carea' id='block_1_30' title="bbox 1794 1708 3374 1781">
    <p class='ocr_par' dir='ltr' id='par_1_30' title="bbox 1794 1708 3374 1781">
     <span class='ocr_line' id='line_1_30' title="bbox 1794 1708 3374 1781; baseline 0.001 -17"><span class='ocrx_word' id='word_1_205' title='bbox 1794 1708 2221 1781; x_wconf 77' lang='lat' dir='ltr'><strong>profundissima</strong></span> <span class='ocrx_word' id='word_1_206' title='bbox 2260 1718 2636 1778; x_wconf 90' lang='lat' dir='ltr'><strong>peccatorum,</strong></span> <span class='ocrx_word' id='word_1_207' title='bbox 2670 1718 2835 1780; x_wconf 89' lang='lat' dir='ltr'><strong>atque</strong></span> <span class='ocrx_word' id='word_1_208' title='bbox 2879 1711 2936 1764; x_wconf 88' lang='lat' dir='ltr'><strong>in</strong></span> <span class='ocrx_word' id='word_1_209' title='bbox 2978 1710 3190 1765; x_wconf 82' lang='lat' dir='ltr'><strong>inﬁnita</strong></span> <span class='ocrx_word' id='word_1_210' title='bbox 3233 1711 3374 1766; x_wconf 85' lang='lat' dir='ltr'><strong>mala</strong></span> 
     </span>
    </p>
   </div>
   <div class='ocr_carea' id='block_1_31' title="bbox 1794 1802 2070 1856">
    <p class='ocr_par' dir='ltr' id='par_1_31' title="bbox 1794 1802 2070 1856">
     <span class='ocr_line' id='line_1_31' title="bbox 1794 1802 2070 1856; baseline 0.004 -1"><span class='ocrx_word' id='word_1_211' title='bbox 1794 1802 2070 1856; x_wconf 90' lang='lat' dir='ltr'><strong>incidisse.</strong></span> 
     </span>
    </p>
   </div>
   <div class='ocr_carea' id='block_1_32' title="bbox 182 1864 1873 1966">
    <p class='ocr_par' dir='ltr' id='par_1_32' title="bbox 182 1864 1873 1959">
     <span class='ocr_line' id='line_1_32' title="bbox 182 1864 1873 1959; baseline 0.006 -22"><span class='ocrx_word' id='word_1_212' title='bbox 182 1881 289 1937; x_wconf 79' lang='grc' dir='ltr'>ιε’.</span> <span class='ocrx_word' id='word_1_213' title='bbox 333 1884 394 1936; x_wconf 79' lang='grc' dir='ltr'><strong>Εἰ</strong></span> <span class='ocrx_word' id='word_1_214' title='bbox 436 1881 529 1938; x_wconf 85' lang='grc' dir='ltr'>οὖν</span> <span class='ocrx_word' id='word_1_215' title='bbox 580 1888 609 1939; x_wconf 98' lang='lat'><strong>6</strong></span> <span class='ocrx_word' id='word_1_216' title='bbox 651 1886 919 1957; x_wconf 82' lang='grc' dir='ltr'>έσώτερος</span> <span class='ocrx_word' id='word_1_217' title='bbox 958 1888 1051 1941; x_wconf 75' lang='grc' dir='ltr'>καὶ</span> <span class='ocrx_word' id='word_1_218' title='bbox 1090 1889 1292 1959; x_wconf 77' lang='grc' dir='ltr'>ὑψηλὸς</span> <span class='ocrx_word' id='word_1_219' title='bbox 1346 1891 1527 1955; x_wconf 77' lang='grc' dir='ltr'>ἔπεσε,</span> <span class='ocrx_word' id='word_1_220' title='bbox 1570 1893 1689 1956; x_wconf 90' lang='grc' dir='ltr'><strong>πῶς</strong></span> <span class='ocrx_word' id='word_1_221' title='bbox 1721 1864 1763 1919; x_wconf 75' lang='grc' dir='ltr'><strong>Β</strong></span> <span class='ocrx_word' id='word_1_222' title='bbox 1862 1894 1873 1947; x_wconf 75' lang='grc' dir='ltr'><strong>ἶ</strong></span> 
     </span>
    </p>
   </div>
   <div class='ocr_carea' id='block_1_33' title="bbox 1683 1864 3374 1966">
    <p class='ocr_par' dir='ltr' id='par_1_33' title="bbox 1683 1864 3374 1966">
     <span class='ocr_line' id='line_1_33' title="bbox 1683 1864 3374 1966; baseline -0.002 -15"><span class='ocrx_word' id='word_1_223' title='bbox 1683 1864 1763 1951; x_wconf 76' lang='lat' dir='ltr'><strong>:B</strong></span> <span class='ocrx_word' id='word_1_224' title='bbox 1862 1894 1976 1949; x_wconf 82' lang='lat' dir='ltr'><strong>XV.</strong></span> <span class='ocrx_word' id='word_1_225' title='bbox 2027 1895 2082 1949; x_wconf 93' lang='lat' dir='ltr'><strong>Si</strong></span> <span class='ocrx_word' id='word_1_226' title='bbox 2132 1911 2263 1966; x_wconf 81' lang='lat' dir='ltr'><strong>ergo</strong></span> <span class='ocrx_word' id='word_1_227' title='bbox 2313 1896 2562 1949; x_wconf 89' lang='lat' dir='ltr'><strong>internus</strong></span> <span class='ocrx_word' id='word_1_228' title='bbox 2604 1902 2661 1948; x_wconf 90' lang='lat' dir='ltr'><strong>et</strong></span> <span class='ocrx_word' id='word_1_229' title='bbox 2699 1892 2952 1947; x_wconf 90' lang='lat' dir='ltr'><strong>sublimis</strong></span> <span class='ocrx_word' id='word_1_230' title='bbox 2996 1893 3159 1946; x_wconf 86' lang='lat' dir='ltr'><strong>homo</strong></span> <span class='ocrx_word' id='word_1_231' title='bbox 3188 1894 3374 1960; x_wconf 86' lang='lat' dir='ltr'><strong>lapsus</strong></span> 
     </span>
    </p>
   </div>
   <div class='ocr_carea' id='block_1_34' title="bbox 109 1976 1690 2053">
    <p class='ocr_par' dir='ltr' id='par_1_34' title="bbox 109 1976 1690 2053">
     <span class='ocr_line' id='line_1_34' title="bbox 109 1976 1690 2053; baseline 0.009 -26"><span class='ocrx_word' id='word_1_232' title='bbox 109 1976 337 2029; x_wconf 79' lang='grc' dir='ltr'>δύναται</span> <span class='ocrx_word' id='word_1_233' title='bbox 390 1978 571 2045; x_wconf 86' lang='grc' dir='ltr'>λέγειν</span> <span class='ocrx_word' id='word_1_234' title='bbox 607 1982 633 2031; x_wconf 91' lang='grc' dir='ltr'><strong>ό</strong></span> <span class='ocrx_word' id='word_1_235' title='bbox 661 1979 859 2048; x_wconf 86' lang='grc' dir='ltr'>τυχὼν,</span> <span class='ocrx_word' id='word_1_236' title='bbox 905 1982 986 2033; x_wconf 86' lang='grc' dir='ltr'>ὅτι</span> <span class='ocrx_word' id='word_1_237' title='bbox 1014 1984 1341 2049; x_wconf 75' lang='grc' dir='ltr'>[νηστεύων</span> <span class='ocrx_word' id='word_1_238' title='bbox 1386 1987 1481 2039; x_wconf 75' lang='grc' dir='ltr'>καὶ</span> <span class='ocrx_word' id='word_1_239' title='bbox 1516 1987 1690 2053; x_wconf 81' lang='grc' dir='ltr'>ξενη-</span> 
     </span>
    </p>
   </div>
   <div class='ocr_carea' id='block_1_35' title="bbox 108 2068 1689 2146">
    <p class='ocr_par' dir='ltr' id='par_1_35' title="bbox 108 2068 1689 2146">
     <span class='ocr_line' id='line_1_35' title="bbox 108 2068 1689 2146; baseline 0.009 -27"><span class='ocrx_word' id='word_1_240' title='bbox 108 2068 304 2121; x_wconf 74' lang='grc' dir='ltr'>τσύων</span> <span class='ocrx_word' id='word_1_241' title='bbox 333 2070 431 2122; x_wconf 79' lang='grc' dir='ltr'>καὶ</span> <span class='ocrx_word' id='word_1_242' title='bbox 456 2069 888 2141; x_wconf 79' lang='grc' dir='ltr'><strong>διασκορπίζων</strong></span> <span class='ocrx_word' id='word_1_243' title='bbox 916 2073 988 2125; x_wconf 85' lang='grc' dir='ltr'>τὰ</span> <span class='ocrx_word' id='word_1_244' title='bbox 1009 2074 1357 2143; x_wconf 79' lang='grc' dir='ltr'>ὑπάρχοντα</span> <span class='ocrx_word' id='word_1_245' title='bbox 1384 2077 1499 2145; x_wconf 82' lang='grc' dir='ltr'>ἤδη</span> <span class='ocrx_word' id='word_1_246' title='bbox 1523 2078 1689 2146; x_wconf 80' lang='grc' dir='ltr'>ἅγιός</span> 
     </span>
    </p>
   </div>
   <div class='ocr_carea' id='block_1_36' title="bbox 106 2160 1691 2237">
    <p class='ocr_par' dir='ltr' id='par_1_36' title="bbox 106 2160 1691 2237">
     <span class='ocr_line' id='line_1_36' title="bbox 106 2160 1691 2237; baseline 0.007 -27"><span class='ocrx_word' id='word_1_247' title='bbox 106 2162 223 2227; x_wconf 75' lang='grc' dir='ltr'>εἰμι</span> <span class='ocrx_word' id='word_1_248' title='bbox 247 2174 267 2221; x_wconf 86' lang='grc'><strong><em>;</em></strong></span> <span class='ocrx_word' id='word_1_249' title='bbox 299 2160 361 2211; x_wconf 87' lang='grc' dir='ltr'><strong>οὐ</strong></span> <span class='ocrx_word' id='word_1_250' title='bbox 393 2162 499 2231; x_wconf 70' lang='grc' dir='ltr'>γὰρ</span> <span class='ocrx_word' id='word_1_251' title='bbox 531 2164 563 2231; x_wconf 79' lang='grc' dir='ltr'>ἡ</span> <span class='ocrx_word' id='word_1_252' title='bbox 598 2162 777 2231; x_wconf 83' lang='grc' dir='ltr'>ἀποχὴ</span> <span class='ocrx_word' id='word_1_253' title='bbox 814 2164 920 2215; x_wconf 89' lang='grc' dir='ltr'><strong>τῶν</strong></span> <span class='ocrx_word' id='word_1_254' title='bbox 960 2164 1146 2217; x_wconf 80' lang='grc' dir='ltr'>κακῶν</span> <span class='ocrx_word' id='word_1_255' title='bbox 1189 2164 1327 2236; x_wconf 77' lang='grc' dir='ltr'>αὕτη</span> <span class='ocrx_word' id='word_1_256' title='bbox 1363 2170 1509 2221; x_wconf 73' lang='grc' dir='ltr'>ἐστὶν</span> <span class='ocrx_word' id='word_1_257' title='bbox 1538 2170 1570 2237; x_wconf 84' lang='grc' dir='ltr'>ἡ</span> <span class='ocrx_word' id='word_1_258' title='bbox 1602 2186 1691 2221; x_wconf 86' lang='grc' dir='ltr'>τε-</span> 
     </span>
    </p>
   </div>
   <div class='ocr_carea' id='block_1_37' title="bbox 109 2252 1687 2332">
    <p class='ocr_par' dir='ltr' id='par_1_37' title="bbox 109 2252 1687 2332">
     <span class='ocr_line' id='line_1_37' title="bbox 109 2252 1687 2332; baseline 0.008 -30"><span class='ocrx_word' id='word_1_259' title='bbox 109 2252 353 2316; x_wconf 85' lang='grc' dir='ltr'>λείωσις,</span> <span class='ocrx_word' id='word_1_260' title='bbox 394 2253 506 2305; x_wconf 83' lang='grc' dir='ltr'>ἀλλ’</span> <span class='ocrx_word' id='word_1_261' title='bbox 533 2256 581 2306; x_wconf 84' lang='grc' dir='ltr'><strong>εί</strong></span> <span class='ocrx_word' id='word_1_262' title='bbox 607 2256 851 2323; x_wconf 72' lang='grc' dir='ltr'>εἰσῆλθες</span> <span class='ocrx_word' id='word_1_263' title='bbox 881 2258 959 2320; x_wconf 87' lang='grc' dir='ltr'><strong>είς</strong></span> <span class='ocrx_word' id='word_1_264' title='bbox 988 2259 1079 2309; x_wconf 85' lang='grc' dir='ltr'>τὸν</span> <span class='ocrx_word' id='word_1_265' title='bbox 1106 2258 1230 2311; x_wconf 82' lang='grc' dir='ltr'>νοῦν</span> <span class='ocrx_word' id='word_1_266' title='bbox 1262 2259 1353 2312; x_wconf 75' lang='grc' dir='ltr'>τὸν</span> <span class='ocrx_word' id='word_1_267' title='bbox 1384 2262 1687 2332; x_wconf 75' lang='grc' dir='ltr'>ἠφανισμέ-</span> 
     </span>
    </p>
   </div>
   <div class='ocr_carea' id='block_1_38' title="bbox 110 2345 1684 2421">
    <p class='ocr_par' dir='ltr' id='par_1_38' title="bbox 110 2345 1684 2421">
     <span class='ocr_line' id='line_1_38' title="bbox 110 2345 1684 2421; baseline 0.008 -27"><span class='ocrx_word' id='word_1_268' title='bbox 110 2362 223 2406; x_wconf 90' lang='grc' dir='ltr'>νον,</span> <span class='ocrx_word' id='word_1_269' title='bbox 249 2345 345 2397; x_wconf 68' lang='grc' dir='ltr'>καὶ</span> <span class='ocrx_word' id='word_1_270' title='bbox 374 2345 700 2409; x_wconf 83' lang='grc' dir='ltr'><strong>ἀπέκτεινας</strong></span> <span class='ocrx_word' id='word_1_271' title='bbox 729 2348 818 2399; x_wconf 84' lang='grc' dir='ltr'>τὸν</span> <span class='ocrx_word' id='word_1_272' title='bbox 845 2349 967 2417; x_wconf 81' lang='grc' dir='ltr'>ὅφιν</span> <span class='ocrx_word' id='word_1_273' title='bbox 996 2349 1089 2402; x_wconf 82' lang='grc' dir='ltr'>τὸν</span> <span class='ocrx_word' id='word_1_274' title='bbox 1110 2351 1419 2421; x_wconf 84' lang='grc' dir='ltr'>κατώτερον</span> <span class='ocrx_word' id='word_1_275' title='bbox 1448 2354 1543 2406; x_wconf 79' lang='grc' dir='ltr'>τοῦ</span> <span class='ocrx_word' id='word_1_276' title='bbox 1571 2354 1684 2421; x_wconf 85' lang='grc' dir='ltr'>νοῦ,</span> 
     </span>
    </p>
   </div>
   <div class='ocr_carea' id='block_1_39' title="bbox 112 2435 1687 2513">
    <p class='ocr_par' dir='ltr' id='par_1_39' title="bbox 112 2435 1687 2513">
     <span class='ocr_line' id='line_1_39' title="bbox 112 2435 1687 2513; baseline 0.006 -24"><span class='ocrx_word' id='word_1_277' title='bbox 112 2437 209 2489; x_wconf 78' lang='grc' dir='ltr'>καὶ</span> <span class='ocrx_word' id='word_1_278' title='bbox 246 2435 542 2507; x_wconf 84' lang='grc' dir='ltr'>βαθύτερον</span> <span class='ocrx_word' id='word_1_279' title='bbox 584 2439 693 2493; x_wconf 87' lang='grc' dir='ltr'><strong>τῶν</strong></span> <span class='ocrx_word' id='word_1_280' title='bbox 731 2440 1030 2507; x_wconf 83' lang='grc' dir='ltr'>λογισμῶν,</span> <span class='ocrx_word' id='word_1_281' title='bbox 1084 2444 1165 2506; x_wconf 85' lang='grc' dir='ltr'><strong>είς</strong></span> <span class='ocrx_word' id='word_1_282' title='bbox 1195 2443 1263 2496; x_wconf 84' lang='grc' dir='ltr'><strong>τὰ</strong></span> <span class='ocrx_word' id='word_1_283' title='bbox 1292 2444 1557 2513; x_wconf 87' lang='grc' dir='ltr'>λεγόμενα</span> <span class='ocrx_word' id='word_1_284' title='bbox 1586 2464 1687 2499; x_wconf 85' lang='grc' dir='ltr'>τα-</span> 
     </span>
    </p>
   </div>
   <div class='ocr_carea' id='block_1_40' title="bbox 113 2529 1689 2604">
    <p class='ocr_par' dir='ltr' id='par_1_40' title="bbox 113 2529 1689 2604">
     <span class='ocr_line' id='line_1_40' title="bbox 113 2529 1689 2604; baseline 0.008 -25"><span class='ocrx_word' id='word_1_285' title='bbox 113 2530 268 2595; x_wconf 83' lang='grc' dir='ltr'>μιεῖα</span> <span class='ocrx_word' id='word_1_286' title='bbox 315 2529 407 2581; x_wconf 70' lang='grc' dir='ltr'>καὶ</span> <span class='ocrx_word' id='word_1_287' title='bbox 436 2530 719 2599; x_wconf 78' lang='grc' dir='ltr'>ἀποθήκας</span> <span class='ocrx_word' id='word_1_288' title='bbox 764 2531 866 2600; x_wconf 79' lang='grc' dir='ltr'>τῆς</span> <span class='ocrx_word' id='word_1_289' title='bbox 902 2532 1081 2602; x_wconf 80' lang='grc' dir='ltr'>ψυχῆς</span> <span class='ocrx_word' id='word_1_290' title='bbox 1137 2535 1429 2604; x_wconf 83' lang='grc' dir='ltr'>φονεύοντά</span> <span class='ocrx_word' id='word_1_291' title='bbox 1490 2555 1547 2589; x_wconf 89' lang='grc' dir='ltr'><strong>σε</strong></span> <span class='ocrx_word' id='word_1_292' title='bbox 1594 2538 1689 2591; x_wconf 75' lang='grc' dir='ltr'>καὶ</span> 
     </span>
    </p>
   </div>
   <div class='ocr_carea' id='block_1_41' title="bbox 111 2620 1688 2697">
    <p class='ocr_par' dir='ltr' id='par_1_41' title="bbox 111 2620 1688 2697">
     <span class='ocr_line' id='line_1_41' title="bbox 111 2620 1688 2697; baseline 0.008 -28"><span class='ocrx_word' id='word_1_293' title='bbox 111 2620 453 2683; x_wconf 78' lang='grc' dir='ltr'>φωλεύοντα·</span> <span class='ocrx_word' id='word_1_294' title='bbox 490 2620 723 2684; x_wconf 81' lang='grc' dir='ltr'>ἀόυσσος</span> <span class='ocrx_word' id='word_1_295' title='bbox 774 2624 881 2692; x_wconf 81' lang='grc' dir='ltr'>γάρ</span> <span class='ocrx_word' id='word_1_296' title='bbox 917 2628 1063 2677; x_wconf 80' lang='grc' dir='ltr'>ἐστιν</span> <span class='ocrx_word' id='word_1_297' title='bbox 1098 2626 1131 2695; x_wconf 81' lang='grc' dir='ltr'>ἡ</span> <span class='ocrx_word' id='word_1_298' title='bbox 1169 2626 1387 2697; x_wconf 74' lang='grc' dir='ltr'>καρδίαο</span> <span class='ocrx_word' id='word_1_299' title='bbox 1435 2629 1482 2680; x_wconf 88' lang='grc' dir='ltr'><strong>εί</strong></span> <span class='ocrx_word' id='word_1_300' title='bbox 1512 2629 1688 2681; x_wconf 81' lang='grc' dir='ltr'>τοίνυν</span> 
     </span>
    </p>
   </div>
   <div class='ocr_carea' id='block_1_42' title="bbox 110 2712 1689 2787">
    <p class='ocr_par' dir='ltr' id='par_1_42' title="bbox 110 2712 1689 2787">
     <span class='ocr_line' id='line_1_42' title="bbox 110 2712 1689 2787; baseline 0.006 -25"><span class='ocrx_word' id='word_1_301' title='bbox 110 2712 322 2763; x_wconf 69' lang='grc' dir='ltr'>ἐκεῖνον</span> <span class='ocrx_word' id='word_1_302' title='bbox 388 2712 719 2779; x_wconf 76' lang='grc' dir='ltr'>ἐφόνευσας,</span> <span class='ocrx_word' id='word_1_303' title='bbox 776 2715 871 2767; x_wconf 74' lang='grc' dir='ltr'>καὶ</span> <span class='ocrx_word' id='word_1_304' title='bbox 920 2717 1099 2768; x_wconf 80' lang='grc' dir='ltr'>πᾶσαν</span> <span class='ocrx_word' id='word_1_305' title='bbox 1160 2715 1259 2787; x_wconf 80' lang='grc' dir='ltr'>τὴν</span> <span class='ocrx_word' id='word_1_306' title='bbox 1323 2720 1381 2771; x_wconf 85' lang='grc' dir='ltr'>ὲν</span> <span class='ocrx_word' id='word_1_307' title='bbox 1430 2718 1511 2770; x_wconf 70' lang='grc' dir='ltr'>σοὶ</span> <span class='ocrx_word' id='word_1_308' title='bbox 1551 2720 1689 2771; x_wconf 87' lang='grc' dir='ltr'>ἀκα-</span> 
     </span>
    </p>
   </div>
   <div class='ocr_carea' id='block_1_43' title="bbox 111 2803 1690 2879">
    <p class='ocr_par' dir='ltr' id='par_1_43' title="bbox 111 2803 1690 2879">
     <span class='ocr_line' id='line_1_43' title="bbox 111 2803 1690 2879; baseline 0.006 -25"><span class='ocrx_word' id='word_1_309' title='bbox 111 2803 349 2874; x_wconf 86' lang='grc' dir='ltr'>θαρσίαν</span> <span class='ocrx_word' id='word_1_310' title='bbox 415 2805 708 2869; x_wconf 77' lang='grc' dir='ltr'>ἐξέϐαλεςο</span> <span class='ocrx_word' id='word_1_311' title='bbox 759 2807 869 2859; x_wconf 85' lang='grc' dir='ltr'>ὅλοι</span> <span class='ocrx_word' id='word_1_312' title='bbox 927 2808 1036 2876; x_wconf 91' lang='grc' dir='ltr'><strong>γάρ</strong></span> <span class='ocrx_word' id='word_1_313' title='bbox 1088 2810 1137 2860; x_wconf 83' lang='grc' dir='ltr'>οἱ</span> <span class='ocrx_word' id='word_1_314' title='bbox 1194 2811 1471 2879; x_wconf 80' lang='grc' dir='ltr'>φιλόσοφοι</span> <span class='ocrx_word' id='word_1_315' title='bbox 1522 2813 1613 2863; x_wconf 78' lang='grc' dir='ltr'>καὶ</span> <span class='ocrx_word' id='word_1_316' title='bbox 1661 2812 1690 2864; x_wconf 87' lang='grc' dir='ltr'>ὁ</span> 
     </span>
    </p>
   </div>
   <div class='ocr_carea' id='block_1_44' title="bbox 110 2896 1690 2971">
    <p class='ocr_par' dir='ltr' id='par_1_44' title="bbox 110 2896 1690 2971">
     <span class='ocr_line' id='line_1_44' title="bbox 110 2896 1690 2971; baseline 0.006 -26"><span class='ocrx_word' id='word_1_317' title='bbox 110 2896 281 2963; x_wconf 80' lang='grc' dir='ltr'>νόμος</span> <span class='ocrx_word' id='word_1_318' title='bbox 313 2897 407 2947; x_wconf 79' lang='grc' dir='ltr'>καὶ</span> <span class='ocrx_word' id='word_1_319' title='bbox 447 2897 498 2948; x_wconf 79' lang='grc' dir='ltr'>οἱ</span> <span class='ocrx_word' id='word_1_320' title='bbox 534 2898 842 2962; x_wconf 84' lang='grc' dir='ltr'>ἀπόστολοι,</span> <span class='ocrx_word' id='word_1_321' title='bbox 872 2902 965 2952; x_wconf 69' lang='grc' dir='ltr'>καὶ</span> <span class='ocrx_word' id='word_1_322' title='bbox 996 2902 1028 2969; x_wconf 82' lang='grc' dir='ltr'>ἡ</span> <span class='ocrx_word' id='word_1_323' title='bbox 1061 2899 1153 2951; x_wconf 83' lang='grc' dir='ltr'>τοῦ</span> <span class='ocrx_word' id='word_1_324' title='bbox 1198 2902 1448 2971; x_wconf 78' lang='grc' dir='ltr'>Σωτῆρος</span> <span class='ocrx_word' id='word_1_325' title='bbox 1479 2903 1690 2966; x_wconf 74' lang='grc' dir='ltr'>ἔλευσις</span> 
     </span>
    </p>
   </div>
   <div class='ocr_carea' id='block_1_45' title="bbox 109 2987 1689 3063">
    <p class='ocr_par' dir='ltr' id='par_1_45' title="bbox 109 2987 1689 3063">
     <span class='ocr_line' id='line_1_45' title="bbox 109 2987 1689 3063; baseline 0.006 -26"><span class='ocrx_word' id='word_1_326' title='bbox 109 2987 248 3056; x_wconf 78' lang='grc' dir='ltr'>περὶ</span> <span class='ocrx_word' id='word_1_327' title='bbox 278 2988 643 3057; x_wconf 83' lang='grc' dir='ltr'>καθαρότητος</span> <span class='ocrx_word' id='word_1_328' title='bbox 672 2989 968 3043; x_wconf 82' lang='grc' dir='ltr'>ποιοῦνται.</span> <span class='ocrx_word' id='word_1_329' title='bbox 997 2993 1113 3054; x_wconf 86' lang='grc' dir='ltr'>Πᾶς</span> <span class='ocrx_word' id='word_1_330' title='bbox 1137 2992 1245 3061; x_wconf 83' lang='grc' dir='ltr'>γὰρ</span> <span class='ocrx_word' id='word_1_331' title='bbox 1260 2994 1560 3063; x_wconf 88' lang='grc' dir='ltr'>ἀνθρώπων</span> <span class='ocrx_word' id='word_1_332' title='bbox 1580 2996 1689 3048; x_wconf 82' lang='grc' dir='ltr'>εἴτε</span> 
     </span>
    </p>
   </div>
   <div class='ocr_carea' id='block_1_46' title="bbox 122 3075 1686 3154">
    <p class='ocr_par' dir='ltr' id='par_1_46' title="bbox 122 3075 1686 3154">
     <span class='ocr_line' id='line_1_46' title="bbox 122 3075 1686 3154; baseline 0.008 -28"><span class='ocrx_word' id='word_1_333' title='bbox 122 3075 418 3139; x_wconf 84' lang='grc' dir='ltr'>Ἰουδαίων,</span> <span class='ocrx_word' id='word_1_334' title='bbox 450 3078 560 3130; x_wconf 80' lang='grc' dir='ltr'>εῐτε</span> <span class='ocrx_word' id='word_1_335' title='bbox 606 3076 900 3148; x_wconf 79' lang='grc' dir='ltr'>Ἑλλήνων,</span> <span class='ocrx_word' id='word_1_336' title='bbox 944 3081 1131 3151; x_wconf 79' lang='grc' dir='ltr'>ἀγαπᾷ</span> <span class='ocrx_word' id='word_1_337' title='bbox 1177 3082 1276 3151; x_wconf 83' lang='grc' dir='ltr'>τὴν</span> <span class='ocrx_word' id='word_1_338' title='bbox 1318 3083 1686 3154; x_wconf 76' lang='grc' dir='ltr'>καθαρότητα,</span> 
     </span>
    </p>
   </div>
   <div class='ocr_carea' id='block_1_47' title="bbox 1790 1984 3369 2055">
    <p class='ocr_par' dir='ltr' id='par_1_47' title="bbox 1790 1984 3369 2055">
     <span class='ocr_line' id='line_1_47' title="bbox 1790 1984 3369 2055; baseline -0.001 -16"><span class='ocrx_word' id='word_1_339' title='bbox 1790 1988 1894 2048; x_wconf 85' lang='grc' dir='ltr'>εει,</span> <span class='ocrx_word' id='word_1_340' title='bbox 1927 2001 2037 2054; x_wconf 91' lang='lat' dir='ltr'><strong>quo</strong></span> <span class='ocrx_word' id='word_1_341' title='bbox 2068 1996 2227 2055; x_wconf 89' lang='lat' dir='ltr'><strong>pacto</strong></span> <span class='ocrx_word' id='word_1_342' title='bbox 2268 1994 2451 2055; x_wconf 90' lang='lat' dir='ltr'><strong>potest</strong></span> <span class='ocrx_word' id='word_1_343' title='bbox 2486 1985 2671 2038; x_wconf 89' lang='lat' dir='ltr'><strong>dicere</strong></span> <span class='ocrx_word' id='word_1_344' title='bbox 2703 1984 2885 2051; x_wconf 90' lang='lat' dir='ltr'><strong>quivis</strong></span> <span class='ocrx_word' id='word_1_345' title='bbox 2934 1984 3074 2037; x_wconf 86' lang='lat' dir='ltr'><strong>alius</strong></span> <span class='ocrx_word' id='word_1_346' title='bbox 3102 1998 3133 2037; x_wconf 87' lang='grc' dir='ltr'><strong>ε</strong></span> <span class='ocrx_word' id='word_1_347' title='bbox 3168 1985 3329 2053; x_wconf 79' lang='lat' dir='ltr'><strong>vulgo</strong></span> <span class='ocrx_word' id='word_1_348' title='bbox 3356 2003 3369 2036; x_wconf 92' lang='lat'><strong>:</strong></span> 
     </span>
    </p>
   </div>
   <div class='ocr_carea' id='block_1_48' title="bbox 1792 2075 3373 2147">
    <p class='ocr_par' dir='ltr' id='par_1_48' title="bbox 1792 2075 3373 2147">
     <span class='ocr_line' id='line_1_48' title="bbox 1792 2075 3373 2147; baseline -0.001 -19"><span class='ocrx_word' id='word_1_349' title='bbox 1792 2075 1929 2140; x_wconf 82' lang='lat' dir='ltr'><strong>Quia</strong></span> <span class='ocrx_word' id='word_1_350' title='bbox 1972 2078 2185 2146; x_wconf 85' lang='lat' dir='ltr'><strong>jejuno,</strong></span> <span class='ocrx_word' id='word_1_351' title='bbox 2236 2076 2646 2147; x_wconf 79' lang='lat' dir='ltr'><strong>hospitalitatem</strong></span> <span class='ocrx_word' id='word_1_352' title='bbox 2698 2092 2947 2140; x_wconf 72' lang='lat' dir='ltr'><strong>exerceo,</strong></span> <span class='ocrx_word' id='word_1_353' title='bbox 2996 2093 3057 2127; x_wconf 90' lang='lat' dir='ltr'><strong>ac</strong></span> <span class='ocrx_word' id='word_1_354' title='bbox 3090 2076 3224 2127; x_wconf 87' lang='lat' dir='ltr'><strong>bona</strong></span> <span class='ocrx_word' id='word_1_355' title='bbox 3255 2092 3373 2127; x_wconf 88' lang='lat' dir='ltr'><strong>mea</strong></span> 
     </span>
    </p>
   </div>
   <div class='ocr_carea' id='block_1_49' title="bbox 1790 2164 3373 2237">
    <p class='ocr_par' dir='ltr' id='par_1_49' title="bbox 1790 2164 3373 2237">
     <span class='ocr_line' id='line_1_49' title="bbox 1790 2164 3373 2237; baseline 0.001 -20"><span class='ocrx_word' id='word_1_356' title='bbox 1790 2166 2062 2226; x_wconf 79' lang='lat' dir='ltr'><strong>distribuo,</strong></span> <span class='ocrx_word' id='word_1_357' title='bbox 2088 2167 2209 2235; x_wconf 88' lang='lat' dir='ltr'><strong>jam</strong></span> <span class='ocrx_word' id='word_1_358' title='bbox 2241 2182 2331 2237; x_wconf 90' lang='lat' dir='ltr'><strong>ego</strong></span> <span class='ocrx_word' id='word_1_359' title='bbox 2357 2174 2569 2219; x_wconf 76' lang='lat' dir='ltr'><strong>sanctus</strong></span> <span class='ocrx_word' id='word_1_360' title='bbox 2600 2166 2756 2219; x_wconf 78' lang='lat' dir='ltr'><strong>sum?</strong></span> <span class='ocrx_word' id='word_1_361' title='bbox 2794 2166 2913 2219; x_wconf 85' lang='lat' dir='ltr'><strong>Non</strong></span> <span class='ocrx_word' id='word_1_362' title='bbox 2949 2164 3097 2219; x_wconf 90' lang='lat' dir='ltr'><strong>enim</strong></span> <span class='ocrx_word' id='word_1_363' title='bbox 3144 2180 3174 2217; x_wconf 91' lang='lat' dir='ltr'><strong>a</strong></span> <span class='ocrx_word' id='word_1_364' title='bbox 3214 2166 3373 2219; x_wconf 88' lang='lat' dir='ltr'><strong>malis</strong></span> 
     </span>
    </p>
   </div>
   <div class='ocr_carea' id='block_1_50' title="bbox 1789 2258 3373 2329">
    <p class='ocr_par' dir='ltr' id='par_1_50' title="bbox 1789 2258 3373 2329">
     <span class='ocr_line' id='line_1_50' title="bbox 1789 2258 3373 2329; baseline 0.001 -18"><span class='ocrx_word' id='word_1_365' title='bbox 1789 2272 1848 2311; x_wconf 91' lang='lat' dir='ltr'><strong>se</strong></span> <span class='ocrx_word' id='word_1_366' title='bbox 1886 2258 2150 2311; x_wconf 89' lang='lat' dir='ltr'><strong>cohibere</strong></span> <span class='ocrx_word' id='word_1_367' title='bbox 2196 2260 2311 2329; x_wconf 89' lang='lat' dir='ltr'><strong>ipsa</strong></span> <span class='ocrx_word' id='word_1_368' title='bbox 2354 2259 2623 2328; x_wconf 83' lang='lat' dir='ltr'><strong>perfectio</strong></span> <span class='ocrx_word' id='word_1_369' title='bbox 2664 2269 2768 2323; x_wconf 91' lang='lat' dir='ltr'><strong>est,</strong></span> <span class='ocrx_word' id='word_1_370' title='bbox 2818 2258 2912 2313; x_wconf 89' lang='lat' dir='ltr'><strong>sed</strong></span> <span class='ocrx_word' id='word_1_371' title='bbox 2941 2259 2986 2313; x_wconf 87' lang='lat' dir='ltr'><strong>si</strong></span> <span class='ocrx_word' id='word_1_372' title='bbox 3031 2259 3373 2329; x_wconf 85' lang='lat' dir='ltr'><strong>inquinatam</strong></span> 
     </span>
    </p>
   </div>
   <div class='ocr_carea' id='block_1_51' title="bbox 1791 2350 3372 2421">
    <p class='ocr_par' dir='ltr' id='par_1_51' title="bbox 1791 2350 3372 2421">
     <span class='ocr_line' id='line_1_51' title="bbox 1791 2350 3372 2421; baseline 0 -18"><span class='ocrx_word' id='word_1_373' title='bbox 1791 2360 2029 2404; x_wconf 89' lang='lat' dir='ltr'><strong>mentem</strong></span> <span class='ocrx_word' id='word_1_374' title='bbox 2074 2358 2223 2404; x_wconf 90' lang='lat' dir='ltr'><strong>tuam</strong></span> <span class='ocrx_word' id='word_1_375' title='bbox 2270 2351 2583 2421; x_wconf 85' lang='lat' dir='ltr'><strong>ingressus,</strong></span> <span class='ocrx_word' id='word_1_376' title='bbox 2632 2350 2903 2405; x_wconf 87' lang='lat' dir='ltr'><strong>occideris</strong></span> <span class='ocrx_word' id='word_1_377' title='bbox 2952 2359 3264 2419; x_wconf 87' lang='lat' dir='ltr'><strong>serpentem</strong></span> <span class='ocrx_word' id='word_1_378' title='bbox 3316 2350 3372 2403; x_wconf 92' lang='lat' dir='ltr'><strong>in</strong></span> 
     </span>
    </p>
   </div>
   <div class='ocr_carea' id='block_1_52' title="bbox 1791 2442 3373 2512">
    <p class='ocr_par' dir='ltr' id='par_1_52' title="bbox 1791 2442 3373 2512">
     <span class='ocr_line' id='line_1_52' title="bbox 1791 2442 3373 2512; baseline -0.001 -17"><span class='ocrx_word' id='word_1_379' title='bbox 1791 2442 2147 2497; x_wconf 91' lang='lat' dir='ltr'><strong>interioribus</strong></span> <span class='ocrx_word' id='word_1_380' title='bbox 2172 2444 2371 2497; x_wconf 90' lang='lat' dir='ltr'><strong>mentis</strong></span> <span class='ocrx_word' id='word_1_381' title='bbox 2404 2457 2468 2497; x_wconf 92' lang='lat' dir='ltr'><strong>ac</strong></span> <span class='ocrx_word' id='word_1_382' title='bbox 2502 2442 2954 2512; x_wconf 83' lang='lat' dir='ltr'><strong>profundioribus</strong></span> <span class='ocrx_word' id='word_1_383' title='bbox 2976 2442 3373 2512; x_wconf 77' lang='lat' dir='ltr'><strong>cogitationum</strong></span> 
     </span>
    </p>
   </div>
   <div class='ocr_carea' id='block_1_53' title="bbox 1790 2534 3373 2603">
    <p class='ocr_par' dir='ltr' id='par_1_53' title="bbox 1790 2534 3373 2603">
     <span class='ocr_line' id='line_1_53' title="bbox 1790 2534 3373 2603; baseline 0.002 -17"><span class='ocrx_word' id='word_1_384' title='bbox 1790 2542 2006 2586; x_wconf 90' lang='lat' dir='ltr'><strong>tuarum</strong></span> <span class='ocrx_word' id='word_1_385' title='bbox 2035 2534 2139 2603; x_wconf 80' lang='lat'><strong>77</strong></span> <span class='ocrx_word' id='word_1_386' title='bbox 2164 2534 2601 2599; x_wconf 88' lang='lat' dir='ltr'><strong>delitescentem,</strong></span> <span class='ocrx_word' id='word_1_387' title='bbox 2630 2534 2834 2603; x_wconf 91' lang='lat' dir='ltr'><strong>quippe</strong></span> <span class='ocrx_word' id='word_1_388' title='bbox 2861 2534 2916 2587; x_wconf 92' lang='lat' dir='ltr'><strong>in</strong></span> <span class='ocrx_word' id='word_1_389' title='bbox 2942 2535 3296 2589; x_wconf 86' lang='lat' dir='ltr'><strong>conclavibus</strong></span> <span class='ocrx_word' id='word_1_390' title='bbox 3317 2543 3373 2589; x_wconf 91' lang='lat' dir='ltr'><strong>et</strong></span> 
     </span>
    </p>
   </div>
   <div class='ocr_carea' id='block_1_54' title="bbox 1790 2624 3371 2693">
    <p class='ocr_par' dir='ltr' id='par_1_54' title="bbox 1790 2624 3371 2693">
     <span class='ocr_line' id='line_1_54' title="bbox 1790 2624 3371 2693; baseline 0.001 -16"><span class='ocrx_word' id='word_1_391' title='bbox 1790 2624 2135 2693; x_wconf 90' lang='lat' dir='ltr'><strong>repositoriis</strong></span> <span class='ocrx_word' id='word_1_392' title='bbox 2156 2626 2351 2681; x_wconf 64' lang='lat' dir='ltr'><strong>animm</strong></span> <span class='ocrx_word' id='word_1_393' title='bbox 2375 2626 2441 2679; x_wconf 90' lang='lat' dir='ltr'><strong>ad</strong></span> <span class='ocrx_word' id='word_1_394' title='bbox 2468 2636 2520 2680; x_wconf 93' lang='lat' dir='ltr'><strong>te</strong></span> <span class='ocrx_word' id='word_1_395' title='bbox 2548 2625 2978 2679; x_wconf 89' lang='lat' dir='ltr'><strong>interimendum</strong></span> <span class='ocrx_word' id='word_1_396' title='bbox 3000 2625 3191 2679; x_wconf 90' lang='lat' dir='ltr'><strong>nidum</strong></span> <span class='ocrx_word' id='word_1_397' title='bbox 3211 2640 3371 2680; x_wconf 93' lang='lat' dir='ltr'><strong>suum</strong></span> 
     </span>
    </p>
   </div>
   <div class='ocr_carea' id='block_1_55' title="bbox 1790 2716 3371 2788">
    <p class='ocr_par' dir='ltr' id='par_1_55' title="bbox 1790 2716 3371 2788">
     <span class='ocr_line' id='line_1_55' title="bbox 1790 2716 3371 2788; baseline -0.001 -19"><span class='ocrx_word' id='word_1_398' title='bbox 1790 2716 2071 2784; x_wconf 88' lang='lat' dir='ltr'><strong>componit</strong></span> <span class='ocrx_word' id='word_1_399' title='bbox 2100 2717 2217 2784; x_wconf 92' lang='lat' dir='ltr'><strong>(cor</strong></span> <span class='ocrx_word' id='word_1_400' title='bbox 2241 2719 2389 2772; x_wconf 92' lang='lat' dir='ltr'><strong>enim</strong></span> <span class='ocrx_word' id='word_1_401' title='bbox 2417 2727 2504 2771; x_wconf 93' lang='lat' dir='ltr'><strong>est</strong></span> <span class='ocrx_word' id='word_1_402' title='bbox 2538 2716 2811 2788; x_wconf 87' lang='lat' dir='ltr'><strong>abyssus),</strong></span> <span class='ocrx_word' id='word_1_403' title='bbox 2841 2717 2909 2781; x_wconf 91' lang='lat' dir='ltr'><strong>si,</strong></span> <span class='ocrx_word' id='word_1_404' title='bbox 2941 2718 3187 2785; x_wconf 89' lang='lat' dir='ltr'><strong>inquam,</strong></span> <span class='ocrx_word' id='word_1_405' title='bbox 3218 2716 3371 2769; x_wconf 89' lang='lat' dir='ltr'><strong>illum</strong></span> 
     </span>
    </p>
   </div>
   <div class='ocr_carea' id='block_1_56' title="bbox 1792 2806 3374 2879">
    <p class='ocr_par' dir='ltr' id='par_1_56' title="bbox 1792 2806 3374 2879">
     <span class='ocr_line' id='line_1_56' title="bbox 1792 2806 3374 2879; baseline 0.002 -20"><span class='ocrx_word' id='word_1_406' title='bbox 1792 2806 2156 2873; x_wconf 84' lang='lat' dir='ltr'><strong>intcrfeceris,</strong></span> <span class='ocrx_word' id='word_1_407' title='bbox 2182 2818 2237 2863; x_wconf 93' lang='lat' dir='ltr'><strong>et</strong></span> <span class='ocrx_word' id='word_1_408' title='bbox 2263 2824 2503 2874; x_wconf 90' lang='lat' dir='ltr'><strong>omnem,</strong></span> <span class='ocrx_word' id='word_1_409' title='bbox 2530 2826 2636 2879; x_wconf 88' lang='lat' dir='ltr'><strong>qua</strong></span> <span class='ocrx_word' id='word_1_410' title='bbox 2672 2810 2986 2879; x_wconf 80' lang='lat' dir='ltr'><strong>inquinatus</strong></span> <span class='ocrx_word' id='word_1_411' title='bbox 3027 2825 3110 2875; x_wconf 89' lang='lat' dir='ltr'><strong>es,</strong></span> <span class='ocrx_word' id='word_1_412' title='bbox 3159 2809 3374 2879; x_wconf 80' lang='lat' dir='ltr'><strong>spurci-</strong></span> 
     </span>
    </p>
   </div>
   <div class='ocr_carea' id='block_1_57' title="bbox 1793 2900 3374 2973">
    <p class='ocr_par' dir='ltr' id='par_1_57' title="bbox 1793 2900 3374 2973">
     <span class='ocr_line' id='line_1_57' title="bbox 1793 2900 3374 2973; baseline 0.001 -21"><span class='ocrx_word' id='word_1_413' title='bbox 1793 2900 1922 2953; x_wconf 93' lang='lat' dir='ltr'><strong>tiem</strong></span> <span class='ocrx_word' id='word_1_414' title='bbox 1951 2900 2202 2969; x_wconf 88' lang='lat' dir='ltr'><strong>ejcceris.</strong></span> <span class='ocrx_word' id='word_1_415' title='bbox 2236 2901 2441 2957; x_wconf 89' lang='lat' dir='ltr'><strong>Omnes</strong></span> <span class='ocrx_word' id='word_1_416' title='bbox 2481 2903 2629 2957; x_wconf 92' lang='lat' dir='ltr'><strong>enim</strong></span> <span class='ocrx_word' id='word_1_417' title='bbox 2673 2901 3008 2973; x_wconf 89' lang='lat' dir='ltr'><strong>philosophi,</strong></span> <span class='ocrx_word' id='word_1_418' title='bbox 3041 2902 3128 2955; x_wconf 77' lang='lat' dir='ltr'><strong>lex</strong></span> <span class='ocrx_word' id='word_1_419' title='bbox 3154 2911 3210 2955; x_wconf 92' lang='lat' dir='ltr'><strong>et</strong></span> <span class='ocrx_word' id='word_1_420' title='bbox 3238 2916 3374 2970; x_wconf 89' lang='lat' dir='ltr'><strong>apo-</strong></span> 
     </span>
    </p>
   </div>
   <div class='ocr_carea' id='block_1_58' title="bbox 1793 2992 3373 3063">
    <p class='ocr_par' dir='ltr' id='par_1_58' title="bbox 1793 2992 3373 3063">
     <span class='ocr_line' id='line_1_58' title="bbox 1793 2992 3373 3063; baseline 0.003 -20"><span class='ocrx_word' id='word_1_421' title='bbox 1793 2992 1917 3044; x_wconf 89' lang='lat' dir='ltr'><strong>stoli</strong></span> <span class='ocrx_word' id='word_1_422' title='bbox 1950 3001 2115 3060; x_wconf 90' lang='lat' dir='ltr'><strong>atque</strong></span> <span class='ocrx_word' id='word_1_423' title='bbox 2138 2993 2303 3047; x_wconf 90' lang='lat' dir='ltr'><strong>etiam</strong></span> <span class='ocrx_word' id='word_1_424' title='bbox 2335 2994 2636 3049; x_wconf 90' lang='lat' dir='ltr'><strong>Salvatoris</strong></span> <span class='ocrx_word' id='word_1_425' title='bbox 2668 2995 2941 3049; x_wconf 87' lang='lat' dir='ltr'><strong>adventus</strong></span> <span class='ocrx_word' id='word_1_426' title='bbox 2971 2995 3115 3048; x_wconf 90' lang='lat' dir='ltr'><strong>circa</strong></span> <span class='ocrx_word' id='word_1_427' title='bbox 3158 2994 3373 3063; x_wconf 87' lang='lat' dir='ltr'><strong>purita-</strong></span> 
     </span>
    </p>
   </div>
   <div class='ocr_carea' id='block_1_59' title="bbox 1793 3083 3373 3154">
    <p class='ocr_par' dir='ltr' id='par_1_59' title="bbox 1793 3083 3373 3154">
     <span class='ocr_line' id='line_1_59' title="bbox 1793 3083 3373 3154; baseline 0.003 -19"><span class='ocrx_word' id='word_1_428' title='bbox 1793 3090 1903 3136; x_wconf 91' lang='lat' dir='ltr'><strong>tem</strong></span> <span class='ocrx_word' id='word_1_429' title='bbox 1966 3083 2237 3138; x_wconf 87' lang='lat' dir='ltr'><strong>laborant.</strong></span> <span class='ocrx_word' id='word_1_430' title='bbox 2309 3084 2515 3139; x_wconf 89' lang='lat' dir='ltr'><strong>Omnes</strong></span> <span class='ocrx_word' id='word_1_431' title='bbox 2578 3085 2854 3154; x_wconf 89' lang='lat' dir='ltr'><strong>siquidem</strong></span> <span class='ocrx_word' id='word_1_432' title='bbox 2932 3085 3204 3148; x_wconf 89' lang='lat' dir='ltr'><strong>homines,</strong></span> <span class='ocrx_word' id='word_1_433' title='bbox 3255 3084 3373 3139; x_wconf 87' lang='lat' dir='ltr'><strong>sive</strong></span> 
     </span>
    </p>
   </div>
   <div class='ocr_carea' id='block_1_60' title="bbox 110 3168 1801 3255">
    <p class='ocr_par' dir='ltr' id='par_1_60' title="bbox 110 3168 1801 3255">
     <span class='ocr_line' id='line_1_60' title="bbox 110 3168 1801 3255; baseline 0.005 -34"><span class='ocrx_word' id='word_1_434' title='bbox 110 3170 208 3221; x_wconf 77' lang='grc' dir='ltr'>καὶ</span> <span class='ocrx_word' id='word_1_435' title='bbox 254 3171 315 3221; x_wconf 89' lang='grc' dir='ltr'><strong>οὐ</strong></span> <span class='ocrx_word' id='word_1_436' title='bbox 364 3168 615 3221; x_wconf 86' lang='grc' dir='ltr'>δύνανται</span> <span class='ocrx_word' id='word_1_437' title='bbox 646 3170 992 3240; x_wconf 83' lang='grc' dir='ltr'>καθαρεύειν.</span> <span class='ocrx_word' id='word_1_438' title='bbox 1040 3173 1159 3242; x_wconf 77' lang='grc' dir='ltr'><strong>Χρὴ</strong></span> <span class='ocrx_word' id='word_1_439' title='bbox 1199 3173 1289 3225; x_wconf 75' lang='grc' dir='ltr'>οὖν</span> <span class='ocrx_word' id='word_1_440' title='bbox 1334 3174 1683 3246; x_wconf 74' lang='grc' dir='ltr'>ἐπιζητῆσαι,</span> <span class='ocrx_word' id='word_1_441' title='bbox 1714 3200 1755 3255; x_wconf 80' lang='lat' dir='ltr'>c</span> <span class='ocrx_word' id='word_1_442' title='bbox 1792 3211 1801 3229; x_wconf 75' lang='grc' dir='ltr'><strong>ι</strong></span> 
     </span>
    </p>
   </div>
   <div class='ocr_carea' id='block_1_61' title="bbox 1679 3168 3370 3255">
    <p class='ocr_par' dir='ltr' id='par_1_61' title="bbox 1679 3175 3370 3255">
     <span class='ocr_line' id='line_1_61' title="bbox 1679 3175 3370 3255; baseline 0.001 -26"><span class='ocrx_word' id='word_1_443' title='bbox 1679 3221 1683 3237; x_wconf 86' lang='grc'><strong>,</strong></span> <span class='ocrx_word' id='word_1_444' title='bbox 1714 3200 1755 3255; x_wconf 79' lang='lat' dir='ltr'>c</span> <span class='ocrx_word' id='word_1_445' title='bbox 1792 3175 1991 3238; x_wconf 70' lang='lat' dir='ltr'><strong>Judaei,</strong></span> <span class='ocrx_word' id='word_1_446' title='bbox 2029 3176 2143 3230; x_wconf 90' lang='lat' dir='ltr'><strong>sive</strong></span> <span class='ocrx_word' id='word_1_447' title='bbox 2170 3176 2365 3240; x_wconf 62' lang='lat' dir='ltr'><strong>Grarci,</strong></span> <span class='ocrx_word' id='word_1_448' title='bbox 2402 3178 2699 3246; x_wconf 86' lang='lat' dir='ltr'><strong>puritatem</strong></span> <span class='ocrx_word' id='word_1_449' title='bbox 2742 3186 3023 3246; x_wconf 88' lang='lat' dir='ltr'><strong>exoptant,</strong></span> <span class='ocrx_word' id='word_1_450' title='bbox 3063 3183 3119 3231; x_wconf 92' lang='lat' dir='ltr'><strong>et</strong></span> <span class='ocrx_word' id='word_1_451' title='bbox 3154 3176 3370 3245; x_wconf 75' lang='lat' dir='ltr'><strong>aSSequi</strong></span> 
     </span>
    </p>
   </div>
   <div class='ocr_carea' id='block_1_62' title="bbox 112 3264 1687 3340">
    <p class='ocr_par' dir='ltr' id='par_1_62' title="bbox 112 3264 1687 3340">
     <span class='ocr_line' id='line_1_62' title="bbox 112 3264 1687 3340; baseline 0.005 -25"><span class='ocrx_word' id='word_1_452' title='bbox 112 3265 235 3326; x_wconf 75' lang='grc' dir='ltr'><strong>πῶς</strong></span> <span class='ocrx_word' id='word_1_453' title='bbox 269 3264 367 3316; x_wconf 75' lang='grc' dir='ltr'><strong>καὶ</strong></span> <span class='ocrx_word' id='word_1_454' title='bbox 395 3264 483 3317; x_wconf 79' lang='grc' dir='ltr'><strong>διὰ</strong></span> <span class='ocrx_word' id='word_1_455' title='bbox 510 3264 671 3319; x_wconf 89' lang='grc' dir='ltr'>τίνων</span> <span class='ocrx_word' id='word_1_456' title='bbox 698 3266 922 3319; x_wconf 88' lang='grc' dir='ltr'>δύναται</span> <span class='ocrx_word' id='word_1_457' title='bbox 960 3267 1022 3319; x_wconf 84' lang='grc' dir='ltr'>τὸ</span> <span class='ocrx_word' id='word_1_458' title='bbox 1066 3268 1305 3337; x_wconf 81' lang='grc' dir='ltr'>καθαρὸν</span> <span class='ocrx_word' id='word_1_459' title='bbox 1331 3270 1432 3339; x_wconf 81' lang='grc' dir='ltr'>τῆς</span> <span class='ocrx_word' id='word_1_460' title='bbox 1457 3271 1687 3340; x_wconf 81' lang='grc' dir='ltr'>καρδίας</span> 
     </span>
    </p>
   </div>
   <div class='ocr_carea' id='block_1_63' title="bbox 107 3359 1688 3433">
    <p class='ocr_par' dir='ltr' id='par_1_63' title="bbox 107 3359 1688 3433">
     <span class='ocr_line' id='line_1_63' title="bbox 107 3359 1688 3433; baseline 0.003 -24"><span class='ocrx_word' id='word_1_461' title='bbox 107 3359 389 3426; x_wconf 81' lang='grc' dir='ltr'>γενέσθαι.</span> <span class='ocrx_word' id='word_1_462' title='bbox 427 3361 690 3428; x_wconf 79' lang='grc' dir='ltr'>Οὐδαμῶς</span> <span class='ocrx_word' id='word_1_463' title='bbox 738 3361 1024 3433; x_wconf 82' lang='grc' dir='ltr'>ἑτέρωθεν,</span> <span class='ocrx_word' id='word_1_464' title='bbox 1076 3362 1124 3413; x_wconf 87' lang='grc' dir='ltr'><strong>εί</strong></span> <span class='ocrx_word' id='word_1_465' title='bbox 1170 3363 1245 3431; x_wconf 81' lang='grc' dir='ltr'>μὴ</span> <span class='ocrx_word' id='word_1_466' title='bbox 1290 3363 1377 3415; x_wconf 81' lang='grc' dir='ltr'>διὰ</span> <span class='ocrx_word' id='word_1_467' title='bbox 1415 3362 1506 3414; x_wconf 82' lang='grc' dir='ltr'><strong>τοῦ</strong></span> <span class='ocrx_word' id='word_1_468' title='bbox 1548 3362 1688 3433; x_wconf 79' lang='grc' dir='ltr'>ὑπὲρ</span> 
     </span>
    </p>
   </div>
   <div class='ocr_carea' id='block_1_64' title="bbox 108 3450 1686 3524">
    <p class='ocr_par' dir='ltr' id='par_1_64' title="bbox 108 3450 1686 3524">
     <span class='ocr_line' id='line_1_64' title="bbox 108 3450 1686 3524; baseline 0.003 -25"><span class='ocrx_word' id='word_1_469' title='bbox 108 3450 272 3518; x_wconf 75' lang='grc' dir='ltr'>ἡμῶν</span> <span class='ocrx_word' id='word_1_470' title='bbox 300 3450 725 3519; x_wconf 73' lang='grc' dir='ltr'>σταυρωθέντος’</span> <span class='ocrx_word' id='word_1_471' title='bbox 758 3451 919 3513; x_wconf 85' lang='grc' dir='ltr'>αὐτὸς</span> <span class='ocrx_word' id='word_1_472' title='bbox 945 3452 1053 3520; x_wconf 84' lang='grc' dir='ltr'>γάρ</span> <span class='ocrx_word' id='word_1_473' title='bbox 1085 3454 1231 3505; x_wconf 80' lang='grc' dir='ltr'>ἐστιν</span> <span class='ocrx_word' id='word_1_474' title='bbox 1258 3455 1290 3520; x_wconf 89' lang='grc' dir='ltr'><strong>ή</strong></span> <span class='ocrx_word' id='word_1_475' title='bbox 1325 3453 1461 3515; x_wconf 85' lang='grc' dir='ltr'>ὁδὸς,</span> <span class='ocrx_word' id='word_1_476' title='bbox 1488 3454 1520 3524; x_wconf 82' lang='grc' dir='ltr'><strong>ἡ</strong></span> <span class='ocrx_word' id='word_1_477' title='bbox 1552 3452 1686 3521; x_wconf 82' lang='grc' dir='ltr'>ζωὴ,</span> 
     </span>
    </p>
   </div>
   <div class='ocr_carea' id='block_1_65' title="bbox 111 3541 1687 3613">
    <p class='ocr_par' dir='ltr' id='par_1_65' title="bbox 111 3541 1687 3613">
     <span class='ocr_line' id='line_1_65' title="bbox 111 3541 1687 3613; baseline 0.004 -22"><span class='ocrx_word' id='word_1_478' title='bbox 111 3542 146 3608; x_wconf 80' lang='grc' dir='ltr'>ἡ</span> <span class='ocrx_word' id='word_1_479' title='bbox 176 3541 427 3609; x_wconf 77' lang='grc' dir='ltr'>ἀλήθεια,</span> <span class='ocrx_word' id='word_1_480' title='bbox 454 3543 487 3611; x_wconf 81' lang='grc' dir='ltr'>ἡ</span> <span class='ocrx_word' id='word_1_481' title='bbox 540 3542 699 3612; x_wconf 84' lang='grc' dir='ltr'>θύρα,</span> <span class='ocrx_word' id='word_1_482' title='bbox 740 3544 767 3594; x_wconf 90' lang='lat'><strong>6</strong></span> <span class='ocrx_word' id='word_1_483' title='bbox 808 3544 1175 3613; x_wconf 78' lang='grc' dir='ltr'>μαργαρίτης,</span> <span class='ocrx_word' id='word_1_484' title='bbox 1206 3545 1235 3595; x_wconf 91' lang='lat'><strong>6</strong></span> <span class='ocrx_word' id='word_1_485' title='bbox 1258 3544 1366 3608; x_wconf 79' lang='grc' dir='ltr'>ζῶν</span> <span class='ocrx_word' id='word_1_486' title='bbox 1406 3547 1500 3598; x_wconf 78' lang='grc' dir='ltr'>καὶ</span> <span class='ocrx_word' id='word_1_487' title='bbox 1534 3547 1562 3597; x_wconf 91' lang='lat'><strong>6</strong></span> <span class='ocrx_word' id='word_1_488' title='bbox 1594 3546 1687 3597; x_wconf 87' lang='grc' dir='ltr'>οὐ-</span> 
     </span>
    </p>
   </div>
   <div class='ocr_carea' id='block_1_66' title="bbox 116 3632 1689 3705">
    <p class='ocr_par' dir='ltr' id='par_1_66' title="bbox 116 3632 1689 3705">
     <span class='ocr_line' id='line_1_66' title="bbox 116 3632 1689 3705; baseline 0.003 -22"><span class='ocrx_word' id='word_1_489' title='bbox 116 3632 302 3701; x_wconf 77' lang='grc' dir='ltr'>ράνιος</span> <span class='ocrx_word' id='word_1_490' title='bbox 331 3632 513 3700; x_wconf 77' lang='grc' dir='ltr'>ἄρτος.</span> <span class='ocrx_word' id='word_1_491' title='bbox 561 3633 671 3685; x_wconf 77' lang='grc' dir='ltr'><strong>Καὶ</strong></span> <span class='ocrx_word' id='word_1_492' title='bbox 719 3633 819 3684; x_wconf 92' lang='grc' dir='ltr'><strong>οὐκ</strong></span> <span class='ocrx_word' id='word_1_493' title='bbox 864 3636 1097 3703; x_wconf 86' lang='grc' dir='ltr'>ἐγχωρεῖ</span> <span class='ocrx_word' id='word_1_494' title='bbox 1143 3652 1264 3687; x_wconf 85' lang='grc' dir='ltr'>τινα</span> <span class='ocrx_word' id='word_1_495' title='bbox 1308 3637 1433 3689; x_wconf 87' lang='grc' dir='ltr'>ἀνευ</span> <span class='ocrx_word' id='word_1_496' title='bbox 1474 3636 1689 3705; x_wconf 80' lang='grc' dir='ltr'>ἐκείνης</span> 
     </span>
    </p>
   </div>
   <div class='ocr_carea' id='block_1_67' title="bbox 111 3725 1683 3796">
    <p class='ocr_par' dir='ltr' id='par_1_67' title="bbox 111 3725 1683 3796">
     <span class='ocr_line' id='line_1_67' title="bbox 111 3725 1683 3796; baseline 0.003 -21"><span class='ocrx_word' id='word_1_497' title='bbox 111 3726 212 3792; x_wconf 82' lang='grc' dir='ltr'>τῆς</span> <span class='ocrx_word' id='word_1_498' title='bbox 242 3725 517 3791; x_wconf 75' lang='grc' dir='ltr'>ἀληθείας,</span> <span class='ocrx_word' id='word_1_499' title='bbox 559 3725 813 3795; x_wconf 83' lang='grc' dir='ltr'>ἀλήθειαν</span> <span class='ocrx_word' id='word_1_500' title='bbox 856 3726 1077 3792; x_wconf 85' lang='grc' dir='ltr'>γνῶναι,</span> <span class='ocrx_word' id='word_1_501' title='bbox 1114 3727 1144 3795; x_wconf 74' lang='grc' dir='ltr'>ἢ</span> <span class='ocrx_word' id='word_1_502' title='bbox 1181 3727 1438 3796; x_wconf 84' lang='grc' dir='ltr'>σωθῆναι.</span> <span class='ocrx_word' id='word_1_503' title='bbox 1472 3728 1683 3796; x_wconf 86' lang='grc' dir='ltr'>Ὠσπερ</span> 
     </span>
    </p>
   </div>
   <div class='ocr_carea' id='block_1_68' title="bbox 113 3814 1687 3887">
    <p class='ocr_par' dir='ltr' id='par_1_68' title="bbox 113 3814 1687 3887">
     <span class='ocr_line' id='line_1_68' title="bbox 113 3814 1687 3887; baseline 0.001 -18"><span class='ocrx_word' id='word_1_504' title='bbox 113 3814 211 3869; x_wconf 74' lang='grc' dir='ltr'><strong>οὖν</strong></span> <span class='ocrx_word' id='word_1_505' title='bbox 265 3819 345 3879; x_wconf 85' lang='grc' dir='ltr'><strong>είς</strong></span> <span class='ocrx_word' id='word_1_506' title='bbox 373 3818 465 3869; x_wconf 84' lang='grc' dir='ltr'>τὸν</span> <span class='ocrx_word' id='word_1_507' title='bbox 508 3815 611 3881; x_wconf 76' lang='grc' dir='ltr'><strong>ἔξω</strong></span> <span class='ocrx_word' id='word_1_508' title='bbox 657 3817 941 3882; x_wconf 78' lang='grc' dir='ltr'>ἄνθρωπον</span> <span class='ocrx_word' id='word_1_509' title='bbox 1002 3818 1094 3869; x_wconf 78' lang='grc' dir='ltr'>καὶ</span> <span class='ocrx_word' id='word_1_510' title='bbox 1147 3819 1227 3879; x_wconf 83' lang='grc' dir='ltr'><strong>είς</strong></span> <span class='ocrx_word' id='word_1_511' title='bbox 1262 3817 1329 3870; x_wconf 86' lang='grc' dir='ltr'>τὰ</span> <span class='ocrx_word' id='word_1_512' title='bbox 1387 3819 1687 3887; x_wconf 76' lang='grc' dir='ltr'>φαινόμενα</span> 
     </span>
    </p>
   </div>
   <div class='ocr_carea' id='block_1_69' title="bbox 114 3909 1688 3979">
    <p class='ocr_par' dir='ltr' id='par_1_69' title="bbox 114 3909 1688 3979">
     <span class='ocr_line' id='line_1_69' title="bbox 114 3909 1688 3979; baseline 0.001 -19"><span class='ocrx_word' id='word_1_513' title='bbox 114 3911 441 3979; x_wconf 75' lang='grc' dir='ltr'>πράγματα,</span> <span class='ocrx_word' id='word_1_514' title='bbox 474 3910 728 3973; x_wconf 80' lang='grc' dir='ltr'>ἀπετάξω</span> <span class='ocrx_word' id='word_1_515' title='bbox 763 3913 916 3973; x_wconf 83' lang='grc' dir='ltr'>πᾶσι,</span> <span class='ocrx_word' id='word_1_516' title='bbox 950 3912 1043 3962; x_wconf 74' lang='grc' dir='ltr'><strong>καὶ</strong></span> <span class='ocrx_word' id='word_1_517' title='bbox 1079 3910 1337 3971; x_wconf 83' lang='grc' dir='ltr'>διέδωκας</span> <span class='ocrx_word' id='word_1_518' title='bbox 1383 3912 1481 3978; x_wconf 72' lang='grc' dir='ltr'>τὴν</span> <span class='ocrx_word' id='word_1_519' title='bbox 1512 3909 1688 3979; x_wconf 76' lang='grc' dir='ltr'>ὕπαρ-</span> 
     </span>
    </p>
   </div>
   <div class='ocr_carea' id='block_1_70' title="bbox 115 4001 1687 4073">
    <p class='ocr_par' dir='ltr' id='par_1_70' title="bbox 115 4001 1687 4073">
     <span class='ocr_line' id='line_1_70' title="bbox 115 4001 1687 4073; baseline -0.001 -20"><span class='ocrx_word' id='word_1_520' title='bbox 115 4004 198 4067; x_wconf 80' lang='grc' dir='ltr'>ξὶν</span> <span class='ocrx_word' id='word_1_521' title='bbox 229 4020 345 4055; x_wconf 70' lang='grc' dir='ltr'>σου*</span> <span class='ocrx_word' id='word_1_522' title='bbox 378 4002 519 4054; x_wconf 70' lang='grc' dir='ltr'>οὕτω</span> <span class='ocrx_word' id='word_1_523' title='bbox 547 4004 641 4054; x_wconf 76' lang='grc' dir='ltr'>καὶ</span> <span class='ocrx_word' id='word_1_524' title='bbox 668 4004 724 4053; x_wconf 85' lang='grc' dir='ltr'>ἐν</span> <span class='ocrx_word' id='word_1_525' title='bbox 747 4006 811 4072; x_wconf 79' lang='grc' dir='ltr'><strong>τῇ</strong></span> <span class='ocrx_word' id='word_1_526' title='bbox 848 4003 1008 4073; x_wconf 74' lang='grc' dir='ltr'>σοφίᾳ</span> <span class='ocrx_word' id='word_1_527' title='bbox 1030 4006 1094 4072; x_wconf 77' lang='grc' dir='ltr'>τῇ</span> <span class='ocrx_word' id='word_1_528' title='bbox 1129 4004 1387 4070; x_wconf 80' lang='grc' dir='ltr'>κοσμικῇ,</span> <span class='ocrx_word' id='word_1_529' title='bbox 1416 4002 1463 4051; x_wconf 88' lang='grc' dir='ltr'><strong>εί</strong></span> <span class='ocrx_word' id='word_1_530' title='bbox 1489 4001 1687 4067; x_wconf 87' lang='grc' dir='ltr'>γνῶσιν</span> 
     </span>
    </p>
   </div>
   <div class='ocr_carea' id='block_1_71' title="bbox 114 4090 1720 4161">
    <p class='ocr_par' dir='ltr' id='par_1_71' title="bbox 114 4090 1720 4161">
     <span class='ocr_line' id='line_1_71' title="bbox 114 4090 1720 4161; baseline 0.001 -22"><span class='ocrx_word' id='word_1_531' title='bbox 114 4092 261 4157; x_wconf 74' lang='grc' dir='ltr'>ἔχεις</span> <span class='ocrx_word' id='word_1_532' title='bbox 296 4093 391 4141; x_wconf 76' lang='grc' dir='ltr'>καὶ</span> <span class='ocrx_word' id='word_1_533' title='bbox 436 4090 611 4156; x_wconf 85' lang='grc' dir='ltr'>λόγων</span> <span class='ocrx_word' id='word_1_534' title='bbox 668 4093 840 4159; x_wconf 74' lang='grc' dir='ltr'>ἰσχὺν,</span> <span class='ocrx_word' id='word_1_535' title='bbox 874 4092 1288 4161; x_wconf 70' lang='grc' dir='ltr'>ἀπορρίψασθαι</span> <span class='ocrx_word' id='word_1_536' title='bbox 1328 4092 1503 4142; x_wconf 72' lang='grc' dir='ltr'>πάντα</span> <span class='ocrx_word' id='word_1_537' title='bbox 1537 4090 1720 4157; x_wconf 88' lang='grc' dir='ltr'>ὸφεί-·</span> 
     </span>
    </p>
   </div>
   <div class='ocr_carea' id='block_1_72' title="bbox 113 4182 1689 4253">
    <p class='ocr_par' dir='ltr' id='par_1_72' title="bbox 113 4182 1689 4253">
     <span class='ocr_line' id='line_1_72' title="bbox 113 4182 1689 4253; baseline 0.003 -22"><span class='ocrx_word' id='word_1_538' title='bbox 113 4182 253 4243; x_wconf 80' lang='grc' dir='ltr'>λεις,</span> <span class='ocrx_word' id='word_1_539' title='bbox 295 4182 387 4233; x_wconf 78' lang='grc' dir='ltr'>καὶ</span> <span class='ocrx_word' id='word_1_540' title='bbox 434 4182 599 4251; x_wconf 83' lang='grc' dir='ltr'>μηδὲν</span> <span class='ocrx_word' id='word_1_541' title='bbox 643 4183 989 4251; x_wconf 81' lang='grc' dir='ltr'>ἡγήσασθαι,</span> <span class='ocrx_word' id='word_1_542' title='bbox 1040 4184 1105 4234; x_wconf 82' lang='grc' dir='ltr'><strong>ἶν’</strong></span> <span class='ocrx_word' id='word_1_543' title='bbox 1149 4182 1289 4235; x_wconf 75' lang='grc' dir='ltr'>οὕτω</span> <span class='ocrx_word' id='word_1_544' title='bbox 1331 4182 1567 4253; x_wconf 80' lang='grc' dir='ltr'>δυνηθῇς</span> <span class='ocrx_word' id='word_1_545' title='bbox 1597 4184 1689 4235; x_wconf 81' lang='grc' dir='ltr'><strong>ἐπὶ</strong></span> 
     </span>
    </p>
   </div>
   <div class='ocr_carea' id='block_1_73' title="bbox 113 4272 1690 4347">
    <p class='ocr_par' dir='ltr' id='par_1_73' title="bbox 113 4272 1690 4347">
     <span class='ocr_line' id='line_1_73' title="bbox 113 4272 1690 4347; baseline 0.003 -25"><span class='ocrx_word' id='word_1_546' title='bbox 113 4276 181 4341; x_wconf 79' lang='grc' dir='ltr'>τῇ</span> <span class='ocrx_word' id='word_1_547' title='bbox 224 4272 406 4342; x_wconf 82' lang='grc' dir='ltr'>μωρίᾳ</span> <span class='ocrx_word' id='word_1_548' title='bbox 450 4273 543 4325; x_wconf 77' lang='grc' dir='ltr'>τοῦ</span> <span class='ocrx_word' id='word_1_549' title='bbox 578 4273 929 4343; x_wconf 81' lang='grc' dir='ltr'>κηρύγματος</span> <span class='ocrx_word' id='word_1_550' title='bbox 953 4275 1393 4345; x_wconf 68' lang='grc' dir='ltr'>οἰκοδομηθῆναι,</span> <span class='ocrx_word' id='word_1_551' title='bbox 1420 4277 1553 4347; x_wconf 83' lang='grc' dir='ltr'>ὅπερ</span> <span class='ocrx_word' id='word_1_552' title='bbox 1594 4277 1690 4344; x_wconf 72' lang='grc' dir='ltr'><strong>κὴ⁴</strong></span> 
     </span>
    </p>
   </div>
   <div class='ocr_carea' id='block_1_74' title="bbox 120 4365 1689 4435">
    <p class='ocr_par' dir='ltr' id='par_1_74' title="bbox 120 4365 1689 4435">
     <span class='ocr_line' id='line_1_74' title="bbox 120 4365 1689 4435; baseline 0.002 -21"><span class='ocrx_word' id='word_1_553' title='bbox 120 4367 309 4433; x_wconf 82' lang='grc' dir='ltr'>ρυγμά</span> <span class='ocrx_word' id='word_1_554' title='bbox 338 4367 484 4415; x_wconf 83' lang='grc' dir='ltr'>ἐστιν</span> <span class='ocrx_word' id='word_1_555' title='bbox 537 4366 569 4433; x_wconf 89' lang='grc' dir='ltr'>ὴ</span> <span class='ocrx_word' id='word_1_556' title='bbox 609 4365 815 4435; x_wconf 82' lang='grc' dir='ltr'>ἀληθὴς</span> <span class='ocrx_word' id='word_1_557' title='bbox 862 4366 1041 4433; x_wconf 81' lang='grc' dir='ltr'>σοφία,</span> <span class='ocrx_word' id='word_1_558' title='bbox 1092 4367 1189 4418; x_wconf 87' lang='grc' dir='ltr'><strong>οὐκ</strong></span> <span class='ocrx_word' id='word_1_559' title='bbox 1218 4365 1427 4435; x_wconf 61' lang='grc' dir='ltr'>ἔχουσα</span> <span class='ocrx_word' id='word_1_560' title='bbox 1477 4366 1689 4434; x_wconf 83' lang='grc' dir='ltr'>κόμπον</span> 
     </span>
    </p>
   </div>
   <div class='ocr_carea' id='block_1_75' title="bbox 118 4454 1691 4528">
    <p class='ocr_par' dir='ltr' id='par_1_75' title="bbox 118 4454 1691 4528">
     <span class='ocr_line' id='line_1_75' title="bbox 118 4454 1691 4528; baseline 0.004 -24"><span class='ocrx_word' id='word_1_561' title='bbox 118 4454 313 4519; x_wconf 84' lang='grc' dir='ltr'>λόγων,</span> <span class='ocrx_word' id='word_1_562' title='bbox 344 4455 478 4506; x_wconf 75' lang='grc' dir='ltr'>ἀλλὰ</span> <span class='ocrx_word' id='word_1_563' title='bbox 522 4455 750 4523; x_wconf 82' lang='grc' dir='ltr'>δύναμιν</span> <span class='ocrx_word' id='word_1_564' title='bbox 787 4456 855 4507; x_wconf 82' lang='grc' dir='ltr'><strong>δι’</strong></span> <span class='ocrx_word' id='word_1_565' title='bbox 892 4458 1047 4524; x_wconf 83' lang='grc' dir='ltr'>ἁγίου</span> <span class='ocrx_word' id='word_1_566' title='bbox 1087 4457 1319 4526; x_wconf 84' lang='grc' dir='ltr'>σταυροῦ</span> <span class='ocrx_word' id='word_1_567' title='bbox 1370 4460 1691 4528; x_wconf 80' lang='grc' dir='ltr'>ἐνεργουμέ-</span> 
     </span>
    </p>
   </div>
   <div class='ocr_carea' id='block_1_76' title="bbox 1788 3266 3372 3338">
    <p class='ocr_par' dir='ltr' id='par_1_76' title="bbox 1788 3266 3372 3338">
     <span class='ocr_line' id='line_1_76' title="bbox 1788 3266 3372 3338; baseline 0.002 -20"><span class='ocrx_word' id='word_1_568' title='bbox 1788 3274 2093 3333; x_wconf 88' lang='lat' dir='ltr'><strong>nequeunt.</strong></span> <span class='ocrx_word' id='word_1_569' title='bbox 2120 3266 2515 3335; x_wconf 89' lang='lat' dir='ltr'><strong>lnquirendum</strong></span> <span class='ocrx_word' id='word_1_570' title='bbox 2545 3269 2710 3338; x_wconf 76' lang='lat' dir='ltr'><strong>igitur</strong></span> <span class='ocrx_word' id='word_1_571' title='bbox 2738 3276 2841 3331; x_wconf 90' lang='lat' dir='ltr'><strong>est,</strong></span> <span class='ocrx_word' id='word_1_572' title='bbox 2869 3268 3145 3337; x_wconf 91' lang='lat' dir='ltr'><strong>quomodo</strong></span> <span class='ocrx_word' id='word_1_573' title='bbox 3166 3278 3221 3322; x_wconf 92' lang='lat' dir='ltr'><strong>et</strong></span> <span class='ocrx_word' id='word_1_574' title='bbox 3249 3268 3372 3336; x_wconf 87' lang='lat' dir='ltr'><strong>qui-</strong></span> 
     </span>
    </p>
   </div>
   <div class='ocr_carea' id='block_1_77' title="bbox 1789 3355 3371 3424">
    <p class='ocr_par' dir='ltr' id='par_1_77' title="bbox 1789 3355 3371 3424">
     <span class='ocr_line' id='line_1_77' title="bbox 1789 3355 3371 3424; baseline -0.001 -16"><span class='ocrx_word' id='word_1_575' title='bbox 1789 3355 1893 3408; x_wconf 87' lang='lat' dir='ltr'><strong>bus</strong></span> <span class='ocrx_word' id='word_1_576' title='bbox 1927 3355 2105 3408; x_wconf 90' lang='lat' dir='ltr'><strong>modis</strong></span> <span class='ocrx_word' id='word_1_577' title='bbox 2139 3356 2350 3423; x_wconf 90' lang='lat' dir='ltr'><strong>puritas</strong></span> <span class='ocrx_word' id='word_1_578' title='bbox 2379 3357 2563 3409; x_wconf 87' lang='lat' dir='ltr'><strong>cordis</strong></span> <span class='ocrx_word' id='word_1_579' title='bbox 2590 3355 2894 3424; x_wconf 90' lang='lat' dir='ltr'><strong>comparari</strong></span> <span class='ocrx_word' id='word_1_580' title='bbox 2935 3356 3125 3422; x_wconf 83' lang='lat' dir='ltr'><strong>possit.</strong></span> <span class='ocrx_word' id='word_1_581' title='bbox 3150 3355 3371 3424; x_wconf 88' lang='lat' dir='ltr'><strong>Nequa-</strong></span> 
     </span>
    </p>
   </div>
   <div class='ocr_carea' id='block_1_78' title="bbox 1789 3446 3371 3517">
    <p class='ocr_par' dir='ltr' id='par_1_78' title="bbox 1789 3446 3371 3517">
     <span class='ocr_line' id='line_1_78' title="bbox 1789 3446 3371 3517; baseline 0 -18"><span class='ocrx_word' id='word_1_582' title='bbox 1789 3463 1952 3515; x_wconf 89' lang='lat' dir='ltr'><strong>quam</strong></span> <span class='ocrx_word' id='word_1_583' title='bbox 1982 3447 2221 3510; x_wconf 88' lang='lat' dir='ltr'><strong>aliunde,</strong></span> <span class='ocrx_word' id='word_1_584' title='bbox 2261 3464 2422 3515; x_wconf 88' lang='lat' dir='ltr'><strong>quam</strong></span> <span class='ocrx_word' id='word_1_585' title='bbox 2460 3464 2555 3517; x_wconf 91' lang='lat' dir='ltr'><strong>per</strong></span> <span class='ocrx_word' id='word_1_586' title='bbox 2584 3463 2733 3511; x_wconf 91' lang='lat' dir='ltr'><strong>eum,</strong></span> <span class='ocrx_word' id='word_1_587' title='bbox 2764 3448 2853 3516; x_wconf 85' lang='lat' dir='ltr'><strong>qui</strong></span> <span class='ocrx_word' id='word_1_588' title='bbox 2882 3462 2981 3517; x_wconf 91' lang='lat' dir='ltr'><strong>pro</strong></span> <span class='ocrx_word' id='word_1_589' title='bbox 3009 3446 3169 3499; x_wconf 85' lang='lat' dir='ltr'><strong>nobis</strong></span> <span class='ocrx_word' id='word_1_590' title='bbox 3192 3447 3371 3500; x_wconf 90' lang='lat' dir='ltr'><strong>cruci-</strong></span> 
     </span>
    </p>
   </div>
   <div class='ocr_carea' id='block_1_79' title="bbox 1790 3538 3369 3607">
    <p class='ocr_par' dir='ltr' id='par_1_79' title="bbox 1790 3538 3369 3607">
     <span class='ocr_line' id='line_1_79' title="bbox 1790 3538 3369 3607; baseline 0.001 -17"><span class='ocrx_word' id='word_1_591' title='bbox 1790 3538 1930 3591; x_wconf 79' lang='lat' dir='ltr'><strong>ﬁxus</strong></span> <span class='ocrx_word' id='word_1_592' title='bbox 1960 3548 2064 3592; x_wconf 86' lang='lat' dir='ltr'><strong>est.</strong></span> <span class='ocrx_word' id='word_1_593' title='bbox 2095 3539 2215 3607; x_wconf 84' lang='lat' dir='ltr'><strong>ipse</strong></span> <span class='ocrx_word' id='word_1_594' title='bbox 2249 3540 2394 3592; x_wconf 89' lang='lat' dir='ltr'><strong>enim</strong></span> <span class='ocrx_word' id='word_1_595' title='bbox 2428 3548 2511 3593; x_wconf 88' lang='lat' dir='ltr'><strong>est</strong></span> <span class='ocrx_word' id='word_1_596' title='bbox 2556 3539 2664 3601; x_wconf 89' lang='lat' dir='ltr'><strong>via,</strong></span> <span class='ocrx_word' id='word_1_597' title='bbox 2709 3540 2844 3603; x_wconf 89' lang='lat' dir='ltr'><strong>vita,</strong></span> <span class='ocrx_word' id='word_1_598' title='bbox 2893 3539 3114 3601; x_wconf 87' lang='lat' dir='ltr'><strong>veritas,</strong></span> <span class='ocrx_word' id='word_1_599' title='bbox 3142 3539 3369 3602; x_wconf 91' lang='lat' dir='ltr'><strong>ostium,</strong></span> 
     </span>
    </p>
   </div>
   <div class='ocr_carea' id='block_1_80' title="bbox 1790 3628 3368 3699">
    <p class='ocr_par' dir='ltr' id='par_1_80' title="bbox 1790 3628 3368 3699">
     <span class='ocr_line' id='line_1_80' title="bbox 1790 3628 3368 3699; baseline 0 -18"><span class='ocrx_word' id='word_1_600' title='bbox 1790 3632 2101 3699; x_wconf 81' lang='lat' dir='ltr'><strong>margarita,</strong></span> <span class='ocrx_word' id='word_1_601' title='bbox 2133 3632 2292 3684; x_wconf 87' lang='lat' dir='ltr'><strong>vivus</strong></span> <span class='ocrx_word' id='word_1_602' title='bbox 2317 3647 2381 3684; x_wconf 84' lang='lat' dir='ltr'><strong>ac</strong></span> <span class='ocrx_word' id='word_1_603' title='bbox 2416 3630 2654 3684; x_wconf 71' lang='lat' dir='ltr'><strong>cmlcStis</strong></span> <span class='ocrx_word' id='word_1_604' title='bbox 2682 3629 2870 3697; x_wconf 90' lang='lat' dir='ltr'><strong>panis;</strong></span> <span class='ocrx_word' id='word_1_605' title='bbox 2899 3645 3002 3682; x_wconf 83' lang='lat' dir='ltr'><strong>nec</strong></span> <span class='ocrx_word' id='word_1_606' title='bbox 3026 3629 3151 3681; x_wconf 92' lang='lat' dir='ltr'><strong>licet</strong></span> <span class='ocrx_word' id='word_1_607' title='bbox 3179 3628 3368 3694; x_wconf 89' lang='lat' dir='ltr'><strong>alicui,</strong></span> 
     </span>
    </p>
   </div>
   <div class='ocr_carea' id='block_1_81' title="bbox 1790 3722 3371 3789">
    <p class='ocr_par' dir='ltr' id='par_1_81' title="bbox 1790 3722 3371 3789">
     <span class='ocr_line' id='line_1_81' title="bbox 1790 3722 3371 3789; baseline 0.001 -16"><span class='ocrx_word' id='word_1_608' title='bbox 1790 3722 1996 3789; x_wconf 86' lang='lat' dir='ltr'><strong>absque</strong></span> <span class='ocrx_word' id='word_1_609' title='bbox 2032 3722 2122 3775; x_wconf 91' lang='lat' dir='ltr'><strong>illa</strong></span> <span class='ocrx_word' id='word_1_610' title='bbox 2153 3724 2407 3785; x_wconf 90' lang='lat' dir='ltr'><strong>veritate,</strong></span> <span class='ocrx_word' id='word_1_611' title='bbox 2440 3723 2723 3775; x_wconf 87' lang='lat' dir='ltr'><strong>veritatem</strong></span> <span class='ocrx_word' id='word_1_612' title='bbox 2771 3736 3121 3789; x_wconf 80' lang='lat' dir='ltr'><strong>cognoscere,</strong></span> <span class='ocrx_word' id='word_1_613' title='bbox 3152 3728 3210 3775; x_wconf 88' lang='lat' dir='ltr'><strong>et</strong></span> <span class='ocrx_word' id='word_1_614' title='bbox 3253 3736 3371 3776; x_wconf 82' lang='lat' dir='ltr'><strong>ser-</strong></span> 
     </span>
    </p>
   </div>
   <div class='ocr_carea' id='block_1_82' title="bbox 1788 3812 3367 3881">
    <p class='ocr_par' dir='ltr' id='par_1_82' title="bbox 1788 3812 3367 3881">
     <span class='ocr_line' id='line_1_82' title="bbox 1788 3812 3367 3881; baseline 0 -16"><span class='ocrx_word' id='word_1_615' title='bbox 1788 3812 1927 3865; x_wconf 89' lang='lat' dir='ltr'><strong>vari.</strong></span> <span class='ocrx_word' id='word_1_616' title='bbox 1967 3812 2439 3877; x_wconf 86' lang='lat' dir='ltr'><strong>Quemadmodum</strong></span> <span class='ocrx_word' id='word_1_617' title='bbox 2474 3813 2653 3881; x_wconf 84' lang='lat' dir='ltr'><strong>quoad</strong></span> <span class='ocrx_word' id='word_1_618' title='bbox 2693 3814 3023 3867; x_wconf 80' lang='lat' dir='ltr'><strong>exteriorem</strong></span> <span class='ocrx_word' id='word_1_619' title='bbox 3066 3813 3367 3880; x_wconf 87' lang='lat' dir='ltr'><strong>hominem,</strong></span> 
     </span>
    </p>
   </div>
   <div class='ocr_carea' id='block_1_83' title="bbox 1790 3906 3365 3975">
    <p class='ocr_par' dir='ltr' id='par_1_83' title="bbox 1790 3906 3365 3975">
     <span class='ocr_line' id='line_1_83' title="bbox 1790 3906 3365 3975; baseline 0 -16"><span class='ocrx_word' id='word_1_620' title='bbox 1790 3916 1847 3959; x_wconf 92' lang='lat' dir='ltr'><strong>et</strong></span> <span class='ocrx_word' id='word_1_621' title='bbox 1888 3920 1951 3959; x_wconf 87' lang='lat' dir='ltr'><strong>ea</strong></span> <span class='ocrx_word' id='word_1_622' title='bbox 1982 3922 2101 3974; x_wconf 72' lang='lat' dir='ltr'><strong>qua:</strong></span> <span class='ocrx_word' id='word_1_623' title='bbox 2144 3907 2425 3975; x_wconf 77' lang='lat' dir='ltr'><strong>subiacent</strong></span> <span class='ocrx_word' id='word_1_624' title='bbox 2454 3907 2663 3969; x_wconf 91' lang='lat' dir='ltr'><strong>oculis,</strong></span> <span class='ocrx_word' id='word_1_625' title='bbox 2709 3906 2969 3959; x_wconf 83' lang='lat' dir='ltr'><strong>omnibus</strong></span> <span class='ocrx_word' id='word_1_626' title='bbox 3014 3906 3365 3969; x_wconf 87' lang='lat' dir='ltr'><strong>renuntiasti,</strong></span> 
     </span>
    </p>
   </div>
   <div class='ocr_carea' id='block_1_84' title="bbox 1789 3995 3368 4064">
    <p class='ocr_par' dir='ltr' id='par_1_84' title="bbox 1789 3995 3368 4064">
     <span class='ocr_line' id='line_1_84' title="bbox 1789 3995 3368 4064; baseline 0 -15"><span class='ocrx_word' id='word_1_627' title='bbox 1789 4004 1844 4049; x_wconf 92' lang='lat' dir='ltr'><strong>et</strong></span> <span class='ocrx_word' id='word_1_628' title='bbox 1888 3995 2029 4048; x_wconf 88' lang='lat' dir='ltr'><strong>bona</strong></span> <span class='ocrx_word' id='word_1_629' title='bbox 2066 4004 2156 4048; x_wconf 89' lang='lat' dir='ltr'><strong>tua</strong></span> <span class='ocrx_word' id='word_1_630' title='bbox 2191 3996 2521 4049; x_wconf 89' lang='lat' dir='ltr'><strong>distribuisti</strong></span> <span class='ocrx_word' id='word_1_631' title='bbox 2552 4013 2564 4047; x_wconf 91' lang='lat'>:</span> <span class='ocrx_word' id='word_1_632' title='bbox 2598 3997 2678 4049; x_wconf 91' lang='lat' dir='ltr'><strong>sic</strong></span> <span class='ocrx_word' id='word_1_633' title='bbox 2706 4011 2923 4064; x_wconf 88' lang='lat' dir='ltr'><strong>quoque</strong></span> <span class='ocrx_word' id='word_1_634' title='bbox 2951 3995 3017 4049; x_wconf 91' lang='lat' dir='ltr'><strong>ad</strong></span> <span class='ocrx_word' id='word_1_635' title='bbox 3045 3997 3368 4064; x_wconf 88' lang='lat' dir='ltr'><strong>sapientiam</strong></span> 
     </span>
    </p>
   </div>
   <div class='ocr_carea' id='block_1_85' title="bbox 1790 4086 3369 4147">
    <p class='ocr_par' dir='ltr' id='par_1_85' title="bbox 1790 4086 3369 4147">
     <span class='ocr_line' id='line_1_85' title="bbox 1790 4086 3369 4147; baseline 0.001 -8"><span class='ocrx_word' id='word_1_636' title='bbox 1790 4086 2149 4147; x_wconf 88' lang='lat' dir='ltr'><strong>mundanam,</strong></span> <span class='ocrx_word' id='word_1_637' title='bbox 2187 4087 2231 4140; x_wconf 89' lang='lat' dir='ltr'><strong>si</strong></span> <span class='ocrx_word' id='word_1_638' title='bbox 2281 4103 2467 4140; x_wconf 92' lang='lat' dir='ltr'><strong>rerum</strong></span> <span class='ocrx_word' id='word_1_639' title='bbox 2502 4088 2753 4140; x_wconf 88' lang='lat' dir='ltr'><strong>notitiam</strong></span> <span class='ocrx_word' id='word_1_640' title='bbox 2799 4098 2893 4141; x_wconf 90' lang='lat' dir='ltr'><strong>aut</strong></span> <span class='ocrx_word' id='word_1_641' title='bbox 2939 4088 3251 4141; x_wconf 81' lang='lat' dir='ltr'><strong>facultatem</strong></span> <span class='ocrx_word' id='word_1_642' title='bbox 3286 4089 3369 4141; x_wconf 89' lang='lat' dir='ltr'><strong>di-</strong></span> 
     </span>
    </p>
   </div>
   <div class='ocr_carea' id='block_1_86' title="bbox 1791 4178 3371 4248">
    <p class='ocr_par' dir='ltr' id='par_1_86' title="bbox 1791 4178 3371 4248">
     <span class='ocr_line' id='line_1_86' title="bbox 1791 4178 3371 4248; baseline 0.001 -17"><span class='ocrx_word' id='word_1_643' title='bbox 1791 4178 1949 4231; x_wconf 92' lang='lat' dir='ltr'><strong>cendi</strong></span> <span class='ocrx_word' id='word_1_644' title='bbox 1986 4194 2045 4231; x_wconf 90' lang='lat' dir='ltr'><strong>es</strong></span> <span class='ocrx_word' id='word_1_645' title='bbox 2074 4178 2325 4247; x_wconf 82' lang='lat' dir='ltr'><strong>adeptus,</strong></span> <span class='ocrx_word' id='word_1_646' title='bbox 2365 4179 2478 4232; x_wconf 74' lang='lat' dir='ltr'><strong>haec</strong></span> <span class='ocrx_word' id='word_1_647' title='bbox 2511 4179 2763 4231; x_wconf 88' lang='lat' dir='ltr'><strong>universa</strong></span> <span class='ocrx_word' id='word_1_648' title='bbox 2814 4179 3049 4248; x_wconf 88' lang='lat' dir='ltr'><strong>abjicere</strong></span> <span class='ocrx_word' id='word_1_649' title='bbox 3082 4178 3268 4239; x_wconf 84' lang='lat' dir='ltr'><strong>debes.</strong></span> <span class='ocrx_word' id='word_1_650' title='bbox 3305 4192 3371 4232; x_wconf 85' lang='lat' dir='ltr'><strong>ac</strong></span> 
     </span>
    </p>
   </div>
   <div class='ocr_carea' id='block_1_87' title="bbox 1790 4269 3368 4338">
    <p class='ocr_par' dir='ltr' id='par_1_87' title="bbox 1790 4269 3368 4338">
     <span class='ocr_line' id='line_1_87' title="bbox 1790 4269 3368 4338; baseline 0.002 -17"><span class='ocrx_word' id='word_1_651' title='bbox 1790 4284 1891 4338; x_wconf 92' lang='lat' dir='ltr'><strong>pro</strong></span> <span class='ocrx_word' id='word_1_652' title='bbox 1936 4269 2110 4322; x_wconf 87' lang='lat' dir='ltr'><strong>nihilo</strong></span> <span class='ocrx_word' id='word_1_653' title='bbox 2167 4269 2401 4333; x_wconf 87' lang='lat' dir='ltr'><strong>ducere,</strong></span> <span class='ocrx_word' id='word_1_654' title='bbox 2457 4278 2517 4322; x_wconf 92' lang='lat' dir='ltr'><strong>ut</strong></span> <span class='ocrx_word' id='word_1_655' title='bbox 2567 4272 2637 4323; x_wconf 88' lang='lat' dir='ltr'><strong>ita</strong></span> <span class='ocrx_word' id='word_1_656' title='bbox 2689 4270 2864 4338; x_wconf 84' lang='lat' dir='ltr'><strong>possis</strong></span> <span class='ocrx_word' id='word_1_657' title='bbox 2922 4286 3088 4338; x_wconf 90' lang='lat' dir='ltr'><strong>super</strong></span> <span class='ocrx_word' id='word_1_658' title='bbox 3134 4271 3368 4325; x_wconf 88' lang='lat' dir='ltr'><strong>stultitia</strong></span> 
     </span>
    </p>
   </div>
   <div class='ocr_carea' id='block_1_88' title="bbox 1790 4360 3370 4429">
    <p class='ocr_par' dir='ltr' id='par_1_88' title="bbox 1790 4360 3370 4429">
     <span class='ocr_line' id='line_1_88' title="bbox 1790 4360 3370 4429; baseline 0.002 -16"><span class='ocrx_word' id='word_1_659' title='bbox 1790 4360 2193 4429; x_wconf 70' lang='lat' dir='ltr'><strong>praedicationis</strong></span> <span class='ocrx_word' id='word_1_660' title='bbox 2221 4361 2500 4423; x_wconf 61' lang='lat' dir='ltr'><strong>agdiiicari,</strong></span> <span class='ocrx_word' id='word_1_661' title='bbox 2529 4377 2648 4429; x_wconf 61' lang='lat' dir='ltr'><strong>qute</strong></span> <span class='ocrx_word' id='word_1_662' title='bbox 2688 4361 2909 4429; x_wconf 87' lang='lat' dir='ltr'><strong>quidem</strong></span> <span class='ocrx_word' id='word_1_663' title='bbox 2942 4362 3257 4429; x_wconf 59' lang='lat' dir='ltr'><strong>praedicatio</strong></span> <span class='ocrx_word' id='word_1_664' title='bbox 3284 4372 3370 4416; x_wconf 90' lang='lat' dir='ltr'><strong>est</strong></span> 
     </span>
    </p>
   </div>
   <div class='ocr_carea' id='block_1_89' title="bbox 1791 4452 3371 4523">
    <p class='ocr_par' dir='ltr' id='par_1_89' title="bbox 1791 4452 3371 4523">
     <span class='ocr_line' id='line_1_89' title="bbox 1791 4452 3371 4523; baseline 0.004 -21"><span class='ocrx_word' id='word_1_665' title='bbox 1791 4467 1921 4505; x_wconf 87' lang='lat' dir='ltr'><strong>vera</strong></span> <span class='ocrx_word' id='word_1_666' title='bbox 1956 4452 2245 4520; x_wconf 80' lang='lat' dir='ltr'><strong>sapientia,</strong></span> <span class='ocrx_word' id='word_1_667' title='bbox 2282 4467 2475 4505; x_wconf 84' lang='lat' dir='ltr'><strong>carens</strong></span> <span class='ocrx_word' id='word_1_668' title='bbox 2510 4463 2705 4506; x_wconf 90' lang='lat' dir='ltr'><strong>ornatu</strong></span> <span class='ocrx_word' id='word_1_669' title='bbox 2751 4454 3070 4515; x_wconf 83' lang='lat' dir='ltr'><strong>verborum,</strong></span> <span class='ocrx_word' id='word_1_670' title='bbox 3104 4454 3197 4507; x_wconf 85' lang='lat' dir='ltr'><strong>sed</strong></span> <span class='ocrx_word' id='word_1_671' title='bbox 3236 4471 3371 4523; x_wconf 72' lang='lat' dir='ltr'><strong>pra:-</strong></span> 
     </span>
    </p>
   </div>
   <div class='ocr_carea' id='block_1_90' title="bbox 119 4544 1810 4619">
    <p class='ocr_par' dir='ltr' id='par_1_90' title="bbox 119 4546 1810 4619">
     <span class='ocr_line' id='line_1_90' title="bbox 119 4546 1810 4619; baseline 0.001 -22"><span class='ocrx_word' id='word_1_672' title='bbox 119 4564 237 4613; x_wconf 82' lang='grc' dir='ltr'>νην.</span> <span class='ocrx_word' id='word_1_673' title='bbox 275 4546 412 4610; x_wconf 82' lang='grc' dir='ltr'>Δόξα</span> <span class='ocrx_word' id='word_1_674' title='bbox 473 4548 530 4615; x_wconf 78' lang='grc' dir='ltr'>τῇ</span> <span class='ocrx_word' id='word_1_675' title='bbox 590 4547 858 4617; x_wconf 76' lang='grc' dir='ltr'>ὁμοουσίῳ</span> <span class='ocrx_word' id='word_1_676' title='bbox 903 4548 1091 4619; x_wconf 84' lang='grc' dir='ltr'>Τριάδι</span> <span class='ocrx_word' id='word_1_677' title='bbox 1144 4550 1223 4611; x_wconf 84' lang='grc' dir='ltr'><strong>εἰς</strong></span> <span class='ocrx_word' id='word_1_678' title='bbox 1280 4548 1405 4611; x_wconf 85' lang='grc' dir='ltr'>τοὺς</span> <span class='ocrx_word' id='word_1_679' title='bbox 1466 4548 1687 4613; x_wconf 78' lang='grc' dir='ltr'>αἰῶνας.</span> <span class='ocrx_word' id='word_1_680' title='bbox 1723 4546 1810 4601; x_wconf 81' lang='lat' dir='ltr'><strong>Dt</strong></span> 
     </span>
    </p>
   </div>
   <div class='ocr_carea' id='block_1_91' title="bbox 1678 4544 3369 4619">
    <p class='ocr_par' dir='ltr' id='par_1_91' title="bbox 1678 4544 3369 4614">
     <span class='ocr_line' id='line_1_91' title="bbox 1678 4544 3369 4614; baseline -0.001 -13"><span class='ocrx_word' id='word_1_681' title='bbox 1678 4591 1687 4603; x_wconf 90' lang='lat'><strong>.</strong></span> <span class='ocrx_word' id='word_1_682' title='bbox 1723 4546 1765 4601; x_wconf 91' lang='lat' dir='ltr'><strong>D</strong></span> <span class='ocrx_word' id='word_1_683' title='bbox 1797 4544 1908 4598; x_wconf 89' lang='lat' dir='ltr'><strong>dita</strong></span> <span class='ocrx_word' id='word_1_684' title='bbox 1938 4545 2160 4609; x_wconf 88' lang='lat' dir='ltr'><strong>virtute,</strong></span> <span class='ocrx_word' id='word_1_685' title='bbox 2194 4561 2292 4614; x_wconf 87' lang='lat' dir='ltr'><strong>per</strong></span> <span class='ocrx_word' id='word_1_686' title='bbox 2337 4554 2577 4599; x_wconf 88' lang='lat' dir='ltr'><strong>sanctam</strong></span> <span class='ocrx_word' id='word_1_687' title='bbox 2619 4561 2837 4600; x_wconf 92' lang='lat' dir='ltr'><strong>crucem</strong></span> <span class='ocrx_word' id='word_1_688' title='bbox 2870 4556 3155 4613; x_wconf 91' lang='lat' dir='ltr'><strong>operante.</strong></span> <span class='ocrx_word' id='word_1_689' title='bbox 3184 4546 3369 4601; x_wconf 88' lang='lat' dir='ltr'><strong>Gloria</strong></span> 
     </span>
    </p>
   </div>
   <div class='ocr_carea' id='block_1_92' title="bbox 133 4638 324 4706">
    <p class='ocr_par' dir='ltr' id='par_1_92' title="bbox 133 4638 324 4706">
     <span class='ocr_line' id='line_1_92' title="bbox 133 4638 324 4706; baseline 0.005 -18"><span class='ocrx_word' id='word_1_690' title='bbox 133 4638 189 4689; x_wconf 83' lang='grc' dir='ltr'><strong>’Δ</strong></span> <span class='ocrx_word' id='word_1_691' title='bbox 199 4638 324 4706; x_wconf 87' lang='grc' dir='ltr'>μήν.</span> 
     </span>
    </p>
   </div>
   <div class='ocr_carea' id='block_1_93' title="bbox 719 4774 1098 4830">
    <p class='ocr_par' dir='ltr' id='par_1_93' title="bbox 719 4774 1098 4830">
     <span class='ocr_line' id='line_1_93' title="bbox 719 4774 1098 4830; baseline 0.008 -3"><span class='ocrx_word' id='word_1_692' title='bbox 719 4776 957 4828; x_wconf 80' lang='grc' dir='ltr'><strong>ΟΜῙΛΙΑ</strong></span> <span class='ocrx_word' id='word_1_693' title='bbox 992 4774 1098 4830; x_wconf 85' lang='grc' dir='ltr'><strong>ῙΗ’.</strong></span> 
     </span>
    </p>
   </div>
   <div class='ocr_carea' id='block_1_94' title="bbox 120 4865 1691 4934">
    <p class='ocr_par' dir='ltr' id='par_1_94' title="bbox 120 4865 1691 4934">
     <span class='ocr_line' id='line_1_94' title="bbox 120 4865 1691 4934; baseline 0.001 -15"><span class='ocrx_word' id='word_1_694' title='bbox 120 4867 260 4932; x_wconf 77' lang='grc' dir='ltr'>Περὶ</span> <span class='ocrx_word' id='word_1_695' title='bbox 286 4866 391 4919; x_wconf 83' lang='grc' dir='ltr'>τοῦ</span> <span class='ocrx_word' id='word_1_696' title='bbox 419 4867 725 4933; x_wconf 86' lang='grc' dir='ltr'>θησαυροῦ</span> <span class='ocrx_word' id='word_1_697' title='bbox 758 4865 875 4919; x_wconf 85' lang='grc' dir='ltr'><strong>τῶν</strong></span> <span class='ocrx_word' id='word_1_698' title='bbox 902 4866 1289 4933; x_wconf 82' lang='grc' dir='ltr'>Χριστιανῶν,</span> <span class='ocrx_word' id='word_1_699' title='bbox 1326 4868 1559 4934; x_wconf 79' lang='grc' dir='ltr'>δηλαδὴ</span> <span class='ocrx_word' id='word_1_700' title='bbox 1587 4869 1691 4921; x_wconf 79' lang='grc' dir='ltr'><strong>τοῦ</strong></span> 
     </span>
    </p>
   </div>
   <div class='ocr_carea' id='block_1_95' title="bbox 192 4936 1694 5006">
    <p class='ocr_par' dir='ltr' id='par_1_95' title="bbox 192 4936 1694 5006">
     <span class='ocr_line' id='line_1_95' title="bbox 192 4936 1694 5006; baseline 0.002 -17"><span class='ocrx_word' id='word_1_701' title='bbox 192 4936 451 5003; x_wconf 82' lang='grc' dir='ltr'>Χριστοῦ</span> <span class='ocrx_word' id='word_1_702' title='bbox 503 4936 597 4988; x_wconf 81' lang='grc' dir='ltr'>καὶ</span> <span class='ocrx_word' id='word_1_703' title='bbox 635 4939 985 5006; x_wconf 83' lang='grc' dir='ltr'>Πνεύματος</span> <span class='ocrx_word' id='word_1_704' title='bbox 1015 4939 1215 5004; x_wconf 71' lang='grc' dir='ltr'>ἁγίου,</span> <span class='ocrx_word' id='word_1_705' title='bbox 1258 4938 1550 5006; x_wconf 68' lang='grc' dir='ltr'>διαφόρως</span> <span class='ocrx_word' id='word_1_706' title='bbox 1580 4940 1694 4991; x_wconf 82' lang='grc' dir='ltr'>ἀσ-</span> 
     </span>
    </p>
   </div>
   <div class='ocr_carea' id='block_1_96' title="bbox 189 5005 1693 5076">
    <p class='ocr_par' dir='ltr' id='par_1_96' title="bbox 189 5005 1693 5076">
     <span class='ocr_line' id='line_1_96' title="bbox 189 5005 1693 5076; baseline 0.002 -18"><span class='ocrx_word' id='word_1_707' title='bbox 189 5007 446 5071; x_wconf 78' lang='grc' dir='ltr'>κοῦντος</span> <span class='ocrx_word' id='word_1_708' title='bbox 472 5005 692 5071; x_wconf 85' lang='grc' dir='ltr'>αὐτοὺς</span> <span class='ocrx_word' id='word_1_709' title='bbox 722 5008 871 5074; x_wconf 83' lang='grc' dir='ltr'>πρὸς</span> <span class='ocrx_word' id='word_1_710' title='bbox 898 5006 965 5060; x_wconf 85' lang='grc' dir='ltr'>τὸ</span> <span class='ocrx_word' id='word_1_711' title='bbox 986 5007 1203 5075; x_wconf 74' lang='grc' dir='ltr'>φθάνω</span> <span class='ocrx_word' id='word_1_712' title='bbox 1229 5010 1315 5074; x_wconf 80' lang='grc' dir='ltr'>εὶς</span> <span class='ocrx_word' id='word_1_713' title='bbox 1343 5005 1455 5076; x_wconf 76' lang='grc' dir='ltr'>τὴν</span> <span class='ocrx_word' id='word_1_714' title='bbox 1476 5010 1693 5061; x_wconf 73' lang='grc' dir='ltr'>τελειό-</span> 
     </span>
    </p>
   </div>
   <div class='ocr_carea' id='block_1_97' title="bbox 190 5094 357 5143">
    <p class='ocr_par' dir='ltr' id='par_1_97' title="bbox 190 5094 357 5143">
     <span class='ocr_line' id='line_1_97' title="bbox 190 5094 357 5143; baseline -0.012 -14"><span class='ocrx_word' id='word_1_715' title='bbox 190 5094 357 5143; x_wconf 77' lang='lat' dir='ltr'><strong>tnta.</strong></span> 
     </span>
    </p>
   </div>
   <div class='ocr_carea' id='block_1_98' title="bbox 189 5190 1688 5263">
    <p class='ocr_par' dir='ltr' id='par_1_98' title="bbox 189 5190 1688 5263">
     <span class='ocr_line' id='line_1_98' title="bbox 189 5190 1688 5263; baseline 0.001 -20"><span class='ocrx_word' id='word_1_716' title='bbox 189 5192 270 5243; x_wconf 77' lang='lat' dir='ltr'><strong>A&#39;.</strong></span> <span class='ocrx_word' id='word_1_717' title='bbox 309 5190 373 5243; x_wconf 82' lang='grc' dir='ltr'>Εί</span> <span class='ocrx_word' id='word_1_718' title='bbox 391 5208 474 5252; x_wconf 88' lang='grc' dir='ltr'><strong>τις</strong></span> <span class='ocrx_word' id='word_1_719' title='bbox 502 5191 559 5243; x_wconf 73' lang='grc' dir='ltr'><strong>έν</strong></span> <span class='ocrx_word' id='word_1_720' title='bbox 584 5190 660 5260; x_wconf 79' lang='grc' dir='ltr'>τῷ</span> <span class='ocrx_word' id='word_1_721' title='bbox 685 5192 875 5262; x_wconf 89' lang='grc' dir='ltr'>κόσμῳ</span> <span class='ocrx_word' id='word_1_722' title='bbox 903 5191 1157 5255; x_wconf 84' lang='grc' dir='ltr'>πλούσιος</span> <span class='ocrx_word' id='word_1_723' title='bbox 1180 5193 1386 5263; x_wconf 85' lang='grc' dir='ltr'>σφόδρα</span> <span class='ocrx_word' id='word_1_724' title='bbox 1408 5192 1688 5262; x_wconf 84' lang='grc' dir='ltr'>τυγχάνει,</span> 
     </span>
    </p>
   </div>
   <div class='ocr_carea' id='block_1_99' title="bbox 124 5282 1689 5353">
    <p class='ocr_par' dir='ltr' id='par_1_99' title="bbox 124 5282 1689 5353">
     <span class='ocr_line' id='line_1_99' title="bbox 124 5282 1689 5353; baseline 0 -18"><span class='ocrx_word' id='word_1_725' title='bbox 124 5286 219 5335; x_wconf 73' lang='grc' dir='ltr'>καὶ</span> <span class='ocrx_word' id='word_1_726' title='bbox 248 5282 522 5351; x_wconf 70' lang='grc' dir='ltr'>θησαυρὸν</span> <span class='ocrx_word' id='word_1_727' title='bbox 551 5282 872 5353; x_wconf 83' lang='grc' dir='ltr'>ἀπόκρυφον</span> <span class='ocrx_word' id='word_1_728' title='bbox 901 5282 1181 5353; x_wconf 87' lang='grc' dir='ltr'>κέκτηται,</span> <span class='ocrx_word' id='word_1_729' title='bbox 1212 5285 1276 5335; x_wconf 81' lang='grc' dir='ltr'>ὲκ</span> <span class='ocrx_word' id='word_1_730' title='bbox 1297 5282 1389 5335; x_wconf 79' lang='grc' dir='ltr'>τοῦ</span> <span class='ocrx_word' id='word_1_731' title='bbox 1413 5283 1689 5352; x_wconf 81' lang='grc' dir='ltr'>θησαυροῦ</span> 
     </span>
    </p>
   </div>
   <div class='ocr_carea' id='block_1_100' title="bbox 124 5367 1687 5441">
    <p class='ocr_par' dir='ltr' id='par_1_100' title="bbox 124 5367 1687 5441">
     <span class='ocr_line' id='line_1_100' title="bbox 124 5367 1687 5441; baseline -0.001 -17"><span class='ocrx_word' id='word_1_732' title='bbox 124 5374 218 5424; x_wconf 75' lang='grc' dir='ltr'>καὶ</span> <span class='ocrx_word' id='word_1_733' title='bbox 260 5371 493 5423; x_wconf 86' lang='grc' dir='ltr'>πλούτου</span> <span class='ocrx_word' id='word_1_734' title='bbox 539 5367 709 5440; x_wconf 80' lang='grc' dir='ltr'>οὐπερ</span> <span class='ocrx_word' id='word_1_735' title='bbox 748 5371 895 5441; x_wconf 82' lang='grc' dir='ltr'>ἔχει,</span> <span class='ocrx_word' id='word_1_736' title='bbox 944 5373 1121 5425; x_wconf 84' lang='grc' dir='ltr'>πάντα</span> <span class='ocrx_word' id='word_1_737' title='bbox 1148 5372 1247 5423; x_wconf 83' lang='grc' dir='ltr'>ὅσα</span> <span class='ocrx_word' id='word_1_738' title='bbox 1272 5371 1436 5437; x_wconf 89' lang='grc' dir='ltr'>θέλει,</span> <span class='ocrx_word' id='word_1_739' title='bbox 1471 5372 1687 5423; x_wconf 80' lang='grc' dir='ltr'>κτᾶται·</span> 
     </span>
    </p>
   </div>
   <div class='ocr_carea' id='block_1_101' title="bbox 125 5460 1691 5533">
    <p class='ocr_par' dir='ltr' id='par_1_101' title="bbox 125 5460 1691 5533">
     <span class='ocr_line' id='line_1_101' title="bbox 125 5460 1691 5533; baseline -0.001 -17"><span class='ocrx_word' id='word_1_740' title='bbox 125 5465 220 5517; x_wconf 79' lang='grc' dir='ltr'>καὶ</span> <span class='ocrx_word' id='word_1_741' title='bbox 267 5460 355 5516; x_wconf 75' lang='grc' dir='ltr'><strong>οἷα</strong></span> <span class='ocrx_word' id='word_1_742' title='bbox 404 5463 649 5533; x_wconf 84' lang='grc' dir='ltr'>βούλεται</span> <span class='ocrx_word' id='word_1_743' title='bbox 688 5466 743 5515; x_wconf 82' lang='grc' dir='ltr'>ὲν</span> <span class='ocrx_word' id='word_1_744' title='bbox 776 5464 853 5531; x_wconf 89' lang='grc' dir='ltr'>τῷ</span> <span class='ocrx_word' id='word_1_745' title='bbox 882 5463 1071 5533; x_wconf 86' lang='grc' dir='ltr'>κόσμῳ</span> <span class='ocrx_word' id='word_1_746' title='bbox 1100 5464 1356 5533; x_wconf 81' lang='grc' dir='ltr'>κτήματα</span> <span class='ocrx_word' id='word_1_747' title='bbox 1383 5503 1398 5527; x_wconf 95' lang='grc'><strong>,</strong></span> <span class='ocrx_word' id='word_1_748' title='bbox 1451 5463 1691 5533; x_wconf 80' lang='grc' dir='ltr'>εὐχερῶς</span> 
     </span>
    </p>
   </div>
   <div class='ocr_carea' id='block_1_102' title="bbox 126 5556 1689 5627">
    <p class='ocr_par' dir='ltr' id='par_1_102' title="bbox 126 5556 1689 5627">
     <span class='ocr_line' id='line_1_102' title="bbox 126 5556 1689 5627; baseline -0.001 -16"><span class='ocrx_word' id='word_1_749' title='bbox 126 5558 484 5625; x_wconf 70' lang='grc' dir='ltr'>ἐπισυνάγει,</span> <span class='ocrx_word' id='word_1_750' title='bbox 538 5557 616 5627; x_wconf 86' lang='grc' dir='ltr'>τῷ</span> <span class='ocrx_word' id='word_1_751' title='bbox 666 5556 922 5627; x_wconf 83' lang='grc' dir='ltr'>θησαυρῷ</span> <span class='ocrx_word' id='word_1_752' title='bbox 966 5556 1277 5620; x_wconf 85' lang='grc' dir='ltr'>πεποιθὼς,</span> <span class='ocrx_word' id='word_1_753' title='bbox 1315 5556 1395 5609; x_wconf 83' lang='grc' dir='ltr'>ὅτι</span> <span class='ocrx_word' id='word_1_754' title='bbox 1428 5556 1493 5609; x_wconf 86' lang='grc' dir='ltr'><strong>δι’</strong></span> <span class='ocrx_word' id='word_1_755' title='bbox 1525 5558 1689 5611; x_wconf 80' lang='grc' dir='ltr'>αὐτοῦ</span> 
     </span>
    </p>
   </div>
   <div class='ocr_carea' id='block_1_103' title="bbox 130 5648 1691 5719">
    <p class='ocr_par' dir='ltr' id='par_1_103' title="bbox 130 5648 1691 5719">
     <span class='ocr_line' id='line_1_103' title="bbox 130 5648 1691 5719; baseline 0 -19"><span class='ocrx_word' id='word_1_756' title='bbox 130 5651 309 5704; x_wconf 76' lang='grc' dir='ltr'>πᾶσαν</span> <span class='ocrx_word' id='word_1_757' title='bbox 340 5649 553 5718; x_wconf 83' lang='grc' dir='ltr'>κτῆσιν,</span> <span class='ocrx_word' id='word_1_758' title='bbox 582 5650 649 5719; x_wconf 85' lang='grc' dir='ltr'>ἥν</span> <span class='ocrx_word' id='word_1_759' title='bbox 674 5648 741 5702; x_wconf 87' lang='grc' dir='ltr'>ἂν</span> <span class='ocrx_word' id='word_1_760' title='bbox 768 5649 1042 5719; x_wconf 81' lang='grc' dir='ltr'>βούληται,</span> <span class='ocrx_word' id='word_1_761' title='bbox 1076 5648 1313 5711; x_wconf 83' lang='grc' dir='ltr'>εὐκόλως</span> <span class='ocrx_word' id='word_1_762' title='bbox 1339 5649 1556 5701; x_wconf 83' lang='grc' dir='ltr'>κτᾶται.</span> <span class='ocrx_word' id='word_1_763' title='bbox 1590 5648 1691 5701; x_wconf 85' lang='grc' dir='ltr'><strong>Οὐ-</strong></span> 
     </span>
    </p>
   </div>
   <div class='ocr_carea' id='block_1_104' title="bbox 127 5722 1691 5811">
    <p class='ocr_par' dir='ltr' id='par_1_104' title="bbox 127 5722 1691 5811">
     <span class='ocr_line' id='line_1_104' title="bbox 127 5722 1691 5811; baseline -0.001 -18"><span class='ocrx_word' id='word_1_764' title='bbox 127 5758 234 5804; x_wconf 87' lang='grc' dir='ltr'><strong>τως</strong></span> <span class='ocrx_word' id='word_1_765' title='bbox 270 5741 361 5793; x_wconf 77' lang='grc' dir='ltr'>καὶ</span> <span class='ocrx_word' id='word_1_766' title='bbox 391 5742 440 5792; x_wconf 92' lang='grc' dir='ltr'><strong>οί</strong></span> <span class='ocrx_word' id='word_1_767' title='bbox 468 5722 686 5811; x_wconf 76' lang='grc' dir='ltr'>πρῶτον</span> <span class='ocrx_word' id='word_1_768' title='bbox 718 5739 1006 5809; x_wconf 81' lang='grc' dir='ltr'>ζητοῦντες</span> <span class='ocrx_word' id='word_1_769' title='bbox 1036 5740 1184 5810; x_wconf 84' lang='grc' dir='ltr'><strong>παρά</strong></span> <span class='ocrx_word' id='word_1_770' title='bbox 1214 5738 1353 5808; x_wconf 82' lang='grc' dir='ltr'>Θεῷ,</span> <span class='ocrx_word' id='word_1_771' title='bbox 1390 5738 1480 5791; x_wconf 72' lang='grc' dir='ltr'>καὶ</span> <span class='ocrx_word' id='word_1_772' title='bbox 1508 5740 1691 5810; x_wconf 78' lang='grc' dir='ltr'>εὑρόν-</span> 
     </span>
    </p>
   </div>
   <div class='ocr_carea' id='block_1_105' title="bbox 127 5830 1689 5903">
    <p class='ocr_par' dir='ltr' id='par_1_105' title="bbox 127 5830 1689 5903">
     <span class='ocr_line' id='line_1_105' title="bbox 127 5830 1689 5903; baseline 0.001 -19"><span class='ocrx_word' id='word_1_773' title='bbox 127 5848 217 5895; x_wconf 80' lang='grc' dir='ltr'><strong>τες</strong></span> <span class='ocrx_word' id='word_1_774' title='bbox 237 5873 251 5899; x_wconf 92' lang='grc'><strong>,</strong></span> <span class='ocrx_word' id='word_1_775' title='bbox 288 5832 383 5887; x_wconf 78' lang='grc' dir='ltr'>καὶ</span> <span class='ocrx_word' id='word_1_776' title='bbox 412 5833 624 5903; x_wconf 76' lang='grc' dir='ltr'>ἔχοντες</span> <span class='ocrx_word' id='word_1_777' title='bbox 654 5832 743 5885; x_wconf 81' lang='grc' dir='ltr'>τὸν</span> <span class='ocrx_word' id='word_1_778' title='bbox 772 5833 1091 5902; x_wconf 75' lang='grc' dir='ltr'>ἐπουράνιον</span> <span class='ocrx_word' id='word_1_779' title='bbox 1121 5830 1214 5885; x_wconf 84' lang='grc' dir='ltr'>τοῦ</span> <span class='ocrx_word' id='word_1_780' title='bbox 1245 5830 1561 5901; x_wconf 82' lang='grc' dir='ltr'>Πνεύματος</span> <span class='ocrx_word' id='word_1_781' title='bbox 1592 5832 1689 5901; x_wconf 87' lang='grc' dir='ltr'>θη-</span> 
     </span>
    </p>
   </div>
   <div class='ocr_carea' id='block_1_106' title="bbox 1795 4634 3088 4689">
    <p class='ocr_par' dir='ltr' id='par_1_106' title="bbox 1795 4634 3088 4689">
     <span class='ocr_line' id='line_1_106' title="bbox 1795 4634 3088 4689; baseline 0 0"><span class='ocrx_word' id='word_1_782' title='bbox 1795 4634 2247 4689; x_wconf 89' lang='lat' dir='ltr'><strong>consubstantiali</strong></span> <span class='ocrx_word' id='word_1_783' title='bbox 2278 4635 2533 4688; x_wconf 88' lang='lat' dir='ltr'><strong>Trinitati</strong></span> <span class='ocrx_word' id='word_1_784' title='bbox 2564 4635 2619 4687; x_wconf 94' lang='lat' dir='ltr'><strong>in</strong></span> <span class='ocrx_word' id='word_1_785' title='bbox 2649 4636 2865 4689; x_wconf 59' lang='lat' dir='ltr'><strong>secula.</strong></span> <span class='ocrx_word' id='word_1_786' title='bbox 2893 4637 3088 4689; x_wconf 87' lang='lat' dir='ltr'><strong>Amen.</strong></span> 
     </span>
    </p>
   </div>
   <div class='ocr_carea' id='block_1_107' title="bbox 2330 4769 2838 4824">
    <p class='ocr_par' dir='ltr' id='par_1_107' title="bbox 2330 4769 2838 4824">
     <span class='ocr_line' id='line_1_107' title="bbox 2330 4769 2838 4824; baseline -0.004 0"><span class='ocrx_word' id='word_1_787' title='bbox 2330 4769 2613 4824; x_wconf 83' lang='lat' dir='ltr'><strong>HOMILIA</strong></span> <span class='ocrx_word' id='word_1_788' title='bbox 2652 4769 2838 4823; x_wconf 81' lang='lat' dir='ltr'><strong>XVIII.</strong></span> 
     </span>
    </p>
   </div>
   <div class='ocr_carea' id='block_1_108' title="bbox 1795 4859 3370 4931">
    <p class='ocr_par' dir='ltr' id='par_1_108' title="bbox 1795 4859 3370 4931">
     <span class='ocr_line' id='line_1_108' title="bbox 1795 4859 3370 4931; baseline -0.001 -15"><span class='ocrx_word' id='word_1_789' title='bbox 1795 4862 1873 4917; x_wconf 87' lang='lat' dir='ltr'><strong>De</strong></span> <span class='ocrx_word' id='word_1_790' title='bbox 1902 4866 2144 4917; x_wconf 75' lang='lat' dir='ltr'><strong>thesauro</strong></span> <span class='ocrx_word' id='word_1_791' title='bbox 2184 4862 2629 4921; x_wconf 79' lang='lat' dir='ltr'><strong>Christianorum,</strong></span> <span class='ocrx_word' id='word_1_792' title='bbox 2661 4862 2896 4915; x_wconf 84' lang='lat' dir='ltr'><strong>videlicet</strong></span> <span class='ocrx_word' id='word_1_793' title='bbox 2944 4861 3148 4916; x_wconf 82' lang='lat' dir='ltr'><strong>Christo</strong></span> <span class='ocrx_word' id='word_1_794' title='bbox 3177 4870 3225 4913; x_wconf 87' lang='lat' dir='ltr'><strong>et</strong></span> <span class='ocrx_word' id='word_1_795' title='bbox 3252 4859 3370 4931; x_wconf 84' lang='lat' dir='ltr'><strong>Spi-</strong></span> 
     </span>
    </p>
   </div>
   <div class='ocr_carea' id='block_1_109' title="bbox 1864 4933 3370 5001">
    <p class='ocr_par' dir='ltr' id='par_1_109' title="bbox 1864 4933 3370 5001">
     <span class='ocr_line' id='line_1_109' title="bbox 1864 4933 3370 5001; baseline -0.002 -15"><span class='ocrx_word' id='word_1_796' title='bbox 1864 4936 1969 4986; x_wconf 87' lang='lat' dir='ltr'><strong>ritu</strong></span> <span class='ocrx_word' id='word_1_797' title='bbox 2001 4943 2202 4997; x_wconf 84' lang='lat' dir='ltr'><strong>sancto,</strong></span> <span class='ocrx_word' id='word_1_798' title='bbox 2238 4934 2395 4985; x_wconf 81' lang='lat' dir='ltr'><strong>variis</strong></span> <span class='ocrx_word' id='word_1_799' title='bbox 2436 4933 2599 4985; x_wconf 80' lang='lat' dir='ltr'><strong>modis</strong></span> <span class='ocrx_word' id='word_1_800' title='bbox 2628 4941 2896 4985; x_wconf 74' lang='lat' dir='ltr'><strong>exercente</strong></span> <span class='ocrx_word' id='word_1_801' title='bbox 2929 4950 3035 4997; x_wconf 84' lang='lat' dir='ltr'><strong>eos,</strong></span> <span class='ocrx_word' id='word_1_802' title='bbox 3064 4941 3122 4985; x_wconf 88' lang='lat' dir='ltr'><strong>ut</strong></span> <span class='ocrx_word' id='word_1_803' title='bbox 3158 4933 3227 4985; x_wconf 83' lang='lat' dir='ltr'><strong>ad</strong></span> <span class='ocrx_word' id='word_1_804' title='bbox 3253 4949 3370 5001; x_wconf 87' lang='lat' dir='ltr'><strong>per-</strong></span> 
     </span>
    </p>
   </div>
   <div class='ocr_carea' id='block_1_110' title="bbox 1868 5004 2492 5073">
    <p class='ocr_par' dir='ltr' id='par_1_110' title="bbox 1868 5004 2492 5073">
     <span class='ocr_line' id='line_1_110' title="bbox 1868 5004 2492 5073; baseline -0.005 -15"><span class='ocrx_word' id='word_1_805' title='bbox 1868 5006 2137 5072; x_wconf 79' lang='lat' dir='ltr'><strong>fectionem</strong></span> <span class='ocrx_word' id='word_1_806' title='bbox 2167 5004 2492 5073; x_wconf 84' lang='lat' dir='ltr'><strong>perveniant.</strong></span> 
     </span>
    </p>
   </div>
   <div class='ocr_carea' id='block_1_111' title="bbox 1862 5188 3365 5261">
    <p class='ocr_par' dir='ltr' id='par_1_111' title="bbox 1862 5188 3365 5261">
     <span class='ocr_line' id='line_1_111' title="bbox 1862 5188 3365 5261; baseline -0.001 -15"><span class='ocrx_word' id='word_1_807' title='bbox 1862 5192 1903 5246; x_wconf 91' lang='lat' dir='ltr'><strong>l.</strong></span> <span class='ocrx_word' id='word_1_808' title='bbox 1948 5192 2005 5247; x_wconf 91' lang='lat' dir='ltr'><strong>Si</strong></span> <span class='ocrx_word' id='word_1_809' title='bbox 2050 5192 2173 5261; x_wconf 91' lang='lat' dir='ltr'><strong>quis</strong></span> <span class='ocrx_word' id='word_1_810' title='bbox 2220 5192 2275 5245; x_wconf 92' lang='lat' dir='ltr'><strong>in</strong></span> <span class='ocrx_word' id='word_1_811' title='bbox 2322 5191 2429 5246; x_wconf 90' lang='lat' dir='ltr'><strong>hoc</strong></span> <span class='ocrx_word' id='word_1_812' title='bbox 2477 5190 2681 5245; x_wconf 93' lang='lat' dir='ltr'><strong>mundo</strong></span> <span class='ocrx_word' id='word_1_813' title='bbox 2723 5190 2880 5244; x_wconf 85' lang='lat' dir='ltr'><strong>valde</strong></span> <span class='ocrx_word' id='word_1_814' title='bbox 2919 5190 3212 5259; x_wconf 90' lang='lat' dir='ltr'><strong>opulentus</strong></span> <span class='ocrx_word' id='word_1_815' title='bbox 3260 5188 3365 5253; x_wconf 87' lang='lat' dir='ltr'><strong>sit,</strong></span> 
     </span>
    </p>
   </div>
   <div class='ocr_carea' id='block_1_112' title="bbox 1794 5285 3367 5355">
    <p class='ocr_par' dir='ltr' id='par_1_112' title="bbox 1794 5285 3367 5355">
     <span class='ocr_line' id='line_1_112' title="bbox 1794 5285 3367 5355; baseline -0.001 -16"><span class='ocrx_word' id='word_1_816' title='bbox 1794 5285 2249 5355; x_wconf 89' lang='lat' dir='ltr'><strong>reconditumque</strong></span> <span class='ocrx_word' id='word_1_817' title='bbox 2312 5286 2632 5339; x_wconf 82' lang='lat' dir='ltr'><strong>thesaurum</strong></span> <span class='ocrx_word' id='word_1_818' title='bbox 2695 5285 3009 5354; x_wconf 86' lang='lat' dir='ltr'><strong>possideat,</strong></span> <span class='ocrx_word' id='word_1_819' title='bbox 3079 5299 3178 5352; x_wconf 91' lang='lat' dir='ltr'><strong>per</strong></span> <span class='ocrx_word' id='word_1_820' title='bbox 3237 5299 3367 5338; x_wconf 91' lang='lat' dir='ltr'><strong>eum</strong></span> 
     </span>
    </p>
   </div>
   <div class='ocr_carea' id='block_1_113' title="bbox 1793 5374 3369 5444">
    <p class='ocr_par' dir='ltr' id='par_1_113' title="bbox 1793 5374 3369 5444">
     <span class='ocr_line' id='line_1_113' title="bbox 1793 5374 3369 5444; baseline 0 -16"><span class='ocrx_word' id='word_1_821' title='bbox 1793 5385 1957 5444; x_wconf 89' lang='lat' dir='ltr'><strong>atque</strong></span> <span class='ocrx_word' id='word_1_822' title='bbox 1996 5375 2214 5429; x_wconf 88' lang='lat' dir='ltr'><strong>divitias</strong></span> <span class='ocrx_word' id='word_1_823' title='bbox 2262 5376 2463 5439; x_wconf 89' lang='lat' dir='ltr'><strong>omnia,</strong></span> <span class='ocrx_word' id='word_1_824' title='bbox 2503 5390 2842 5444; x_wconf 70' lang='lat' dir='ltr'><strong>quaecunque</strong></span> <span class='ocrx_word' id='word_1_825' title='bbox 2885 5374 3132 5438; x_wconf 89' lang='lat' dir='ltr'><strong>libuerit,</strong></span> <span class='ocrx_word' id='word_1_826' title='bbox 3178 5390 3369 5429; x_wconf 85' lang='lat' dir='ltr'><strong>conse-</strong></span> 
     </span>
    </p>
   </div>
   <div class='ocr_carea' id='block_1_114' title="bbox 1793 5467 3367 5537">
    <p class='ocr_par' dir='ltr' id='par_1_114' title="bbox 1793 5467 3367 5537">
     <span class='ocr_line' id='line_1_114' title="bbox 1793 5467 3367 5537; baseline 0.001 -18"><span class='ocrx_word' id='word_1_827' title='bbox 1793 5467 1981 5535; x_wconf 87' lang='lat' dir='ltr'><strong>quitur</strong></span> <span class='ocrx_word' id='word_1_828' title='bbox 2019 5485 2031 5520; x_wconf 93' lang='lat'><strong>:</strong></span> <span class='ocrx_word' id='word_1_829' title='bbox 2066 5476 2121 5521; x_wconf 93' lang='lat' dir='ltr'><strong>et</strong></span> <span class='ocrx_word' id='word_1_830' title='bbox 2162 5482 2516 5536; x_wconf 88' lang='lat' dir='ltr'><strong>quascunque</strong></span> <span class='ocrx_word' id='word_1_831' title='bbox 2547 5468 2784 5521; x_wconf 88' lang='lat' dir='ltr'><strong>voluerit</strong></span> <span class='ocrx_word' id='word_1_832' title='bbox 2818 5468 2871 5522; x_wconf 91' lang='lat' dir='ltr'><strong>in</strong></span> <span class='ocrx_word' id='word_1_833' title='bbox 2907 5468 3112 5522; x_wconf 91' lang='lat' dir='ltr'><strong>mundo</strong></span> <span class='ocrx_word' id='word_1_834' title='bbox 3145 5484 3367 5537; x_wconf 69' lang='lat' dir='ltr'><strong>posscs-</strong></span> 
     </span>
    </p>
   </div>
   <div class='ocr_carea' id='block_1_115' title="bbox 1794 5559 3367 5629">
    <p class='ocr_par' dir='ltr' id='par_1_115' title="bbox 1794 5559 3367 5629">
     <span class='ocr_line' id='line_1_115' title="bbox 1794 5559 3367 5629; baseline 0.001 -16"><span class='ocrx_word' id='word_1_835' title='bbox 1794 5559 1998 5622; x_wconf 89' lang='lat' dir='ltr'><strong>siones,</strong></span> <span class='ocrx_word' id='word_1_836' title='bbox 2037 5560 2241 5629; x_wconf 86' lang='lat' dir='ltr'><strong>absque</strong></span> <span class='ocrx_word' id='word_1_837' title='bbox 2286 5561 2435 5614; x_wconf 93' lang='lat' dir='ltr'><strong>omni</strong></span> <span class='ocrx_word' id='word_1_838' title='bbox 2485 5560 2695 5627; x_wconf 89' lang='lat' dir='ltr'><strong>labore,</strong></span> <span class='ocrx_word' id='word_1_839' title='bbox 2728 5562 2985 5616; x_wconf 88' lang='lat' dir='ltr'><strong>thesauro</strong></span> <span class='ocrx_word' id='word_1_840' title='bbox 3026 5578 3126 5616; x_wconf 92' lang='lat' dir='ltr'><strong>suo</strong></span> <span class='ocrx_word' id='word_1_841' title='bbox 3172 5562 3367 5625; x_wconf 77' lang='lat' dir='ltr'><strong>frctus,</strong></span> 
     </span>
    </p>
   </div>
   <div class='ocr_carea' id='block_1_116' title="bbox 1793 5651 3364 5721">
    <p class='ocr_par' dir='ltr' id='par_1_116' title="bbox 1793 5651 3364 5721">
     <span class='ocr_line' id='line_1_116' title="bbox 1793 5651 3364 5721; baseline 0 -18"><span class='ocrx_word' id='word_1_842' title='bbox 1793 5651 2068 5715; x_wconf 89' lang='lat' dir='ltr'><strong>corradit;</strong></span> <span class='ocrx_word' id='word_1_843' title='bbox 2102 5665 2168 5704; x_wconf 90' lang='lat' dir='ltr'><strong>eo</strong></span> <span class='ocrx_word' id='word_1_844' title='bbox 2206 5651 2353 5719; x_wconf 90' lang='lat' dir='ltr'><strong>quod</strong></span> <span class='ocrx_word' id='word_1_845' title='bbox 2398 5652 2520 5721; x_wconf 87' lang='lat' dir='ltr'><strong>ejus</strong></span> <span class='ocrx_word' id='word_1_846' title='bbox 2552 5667 2654 5720; x_wconf 92' lang='lat' dir='ltr'><strong>ope</strong></span> <span class='ocrx_word' id='word_1_847' title='bbox 2690 5667 2904 5705; x_wconf 87' lang='lat' dir='ltr'><strong>omnem</strong></span> <span class='ocrx_word' id='word_1_848' title='bbox 2940 5652 3364 5720; x_wconf 88' lang='lat' dir='ltr'><strong>possessionem,</strong></span> 
     </span>
    </p>
   </div>
   <div class='ocr_carea' id='block_1_117' title="bbox 1792 5743 3366 5813">
    <p class='ocr_par' dir='ltr' id='par_1_117' title="bbox 1792 5743 3366 5813">
     <span class='ocr_line' id='line_1_117' title="bbox 1792 5743 3366 5813; baseline 0.001 -18"><span class='ocrx_word' id='word_1_849' title='bbox 1792 5758 2176 5812; x_wconf 87' lang='lat' dir='ltr'><strong>quamcunque</strong></span> <span class='ocrx_word' id='word_1_850' title='bbox 2212 5743 2465 5807; x_wconf 90' lang='lat' dir='ltr'><strong>voluerit,</strong></span> <span class='ocrx_word' id='word_1_851' title='bbox 2504 5744 2660 5798; x_wconf 81' lang='lat' dir='ltr'><strong>facile</strong></span> <span class='ocrx_word' id='word_1_852' title='bbox 2699 5755 3089 5813; x_wconf 90' lang='lat' dir='ltr'><strong>consequatur.</strong></span> <span class='ocrx_word' id='word_1_853' title='bbox 3145 5743 3235 5797; x_wconf 89' lang='lat' dir='ltr'><strong>Sic</strong></span> <span class='ocrx_word' id='word_1_854' title='bbox 3270 5746 3366 5813; x_wconf 90' lang='lat' dir='ltr'><strong>qui</strong></span> 
     </span>
    </p>
   </div>
   <div class='ocr_carea' id='block_1_118' title="bbox 1792 5834 3368 5905">
    <p class='ocr_par' dir='ltr' id='par_1_118' title="bbox 1792 5834 3368 5905">
     <span class='ocr_line' id='line_1_118' title="bbox 1792 5834 3368 5905; baseline 0.003 -19"><span class='ocrx_word' id='word_1_855' title='bbox 1792 5834 2030 5901; x_wconf 90' lang='lat' dir='ltr'><strong>primum</strong></span> <span class='ocrx_word' id='word_1_856' title='bbox 2064 5841 2121 5889; x_wconf 90' lang='lat' dir='ltr'><strong>et</strong></span> <span class='ocrx_word' id='word_1_857' title='bbox 2146 5842 2275 5889; x_wconf 84' lang='lat' dir='ltr'><strong>ante</strong></span> <span class='ocrx_word' id='word_1_858' title='bbox 2310 5834 2491 5892; x_wconf 81' lang='lat' dir='ltr'><strong>omnia</strong></span> <span class='ocrx_word' id='word_1_859' title='bbox 2524 5843 2775 5905; x_wconf 75' lang='lat' dir='ltr'><strong>quaerunt</strong></span> <span class='ocrx_word' id='word_1_860' title='bbox 2804 5850 2833 5889; x_wconf 86' lang='lat' dir='ltr'><strong>a</strong></span> <span class='ocrx_word' id='word_1_861' title='bbox 2858 5835 2968 5891; x_wconf 92' lang='lat' dir='ltr'><strong>Deo</strong></span> <span class='ocrx_word' id='word_1_862' title='bbox 2993 5844 3047 5889; x_wconf 88' lang='lat' dir='ltr'><strong>et</strong></span> <span class='ocrx_word' id='word_1_863' title='bbox 3076 5835 3368 5890; x_wconf 68' lang='lat' dir='ltr'><strong>inveniunt</strong></span> 
     </span>
    </p>
   </div>
  </div>
