4282 6364
939 398 1046 463 635

2175 394 2234 453 S.
2276 388 2597 452 MACARII
2632 386 2954 447 EGYPTII

4083 388 4196 452 636

940 525 1005 564 ac
1055 510 1466 573 consequuntur
1516 500 1796 555 ccelestem
1854 500 2172 556 thesaurum
2234 500 2506 569 Spiritus,
2540 501 2583 555 Α
2614 512 2631 543 ε

2540 501 2583 555 Α
2614 495 2812 564 σαυρὺν
2833 535 2847 559 ,
2899 495 3061 548 αὑτὸν
3104 494 3195 549 τὸν
3235 495 3438 565 Κύριον
3485 496 3544 549 ἐν
3573 500 3693 561 ταῖς
3724 497 3980 567 καρδίαις
4005 501 4197 552 αὐτῶν

941 602 1121 668 ipsum
1164 595 1373 650 scilicet
1404 590 1715 655 Dominum,
1746 592 1801 646 in
1850 592 2107 646 cordibus
2156 592 2397 654 illorum,
2430 590 2509 644 illi

938 704 1157 744 omnem
1196 688 1462 758 justitiam
1506 685 1797 747 virtutum,
1838 699 2167 752 omnemque
2202 682 2508 751 possessio-

942 797 1070 836 nem
1121 779 1385 834 bonitatis
1441 785 1839 847 praaceptorum
1892 774 2149 838 Domini,
2203 789 2306 842 ope
2359 773 2509 826 illius

942 870 1209 935 thesauri,
1243 870 1337 939 qui
1362 870 1530 923 hasret
1552 867 1607 921 in
1629 868 1709 923 eis
1730 866 1972 929 Christo,
2001 864 2312 934 perﬁciunt,
2344 872 2509 933 atque

937 965 1058 1033 ejus
1100 977 1203 1031 ope
1255 961 1508 1015 cmlestes
1558 960 1778 1013 divitias
1822 956 2189 1011 accumulant.
2242 956 2509 1010 Thesauri

936 1055 1084 1109 enim
1130 1052 1371 1107 ccclesiis
1414 1050 1685 1105 beneﬁcio
1713 1065 1930 1104 omnem
1972 1050 2232 1103 virtutem
2263 1049 2507 1117 justitiaz,

937 1145 1060 1199 freti
1084 1144 1242 1212 copia
1265 1143 1579 1197 divitiarum
1612 1142 1978 1211 spiritualium
2009 1157 2130 1211 qua:
2152 1147 2282 1195 sunt
2321 1140 2377 1193 in
2419 1141 2507 1205 iis,

934 1242 1253 1303 Operantur,
1287 1235 1545 1302 nulloque
1595 1233 1813 1301 negotio
1864 1247 2082 1287 omnem
2131 1232 2403 1301 justitiam
2441 1247 2506 1286 ac

935 1326 1252 1380 mandatum
1286 1325 1523 1387 Domini,
1562 1324 1923 1377 invisibilium
1949 1323 2266 1377 divitiarum
2299 1322 2505 1392 gratiae,

934 1434 1055 1487 qua:
1082 1428 1166 1473 est
1196 1418 1251 1471 in
1283 1419 1435 1486 ipsis,
1461 1431 1592 1485 ope,
1620 1417 1799 1485 reipsa
1838 1425 2125 1485 peragunt.
2158 1416 2340 1484 lnquit
2375 1430 2505 1468 vero

933 1518 991 1563 et
1018 1510 1313 1577 Apostolus
1342 1524 1561 1577 quoque
1592 1527 1604 1561 :
1631 1508 1888 1561 Habentes
1920 1510 2223 1559 thesaurum
2255 1508 2415 1559 istum
2449 1508 2505 1559 in

932 1600 1069 1651 vasis
1094 1599 1341 1666 ﬁctilibus
1367 1600 1434 1662 ὀ,
1462 1599 1564 1653 hoc
1592 1606 1696 1662 est,
1719 1613 1905 1666 quem,
1932 1598 2025 1666 qui
2052 1598 2107 1649 in
2134 1612 2297 1650 carne
2326 1596 2505 1650 adhuc

931 1698 1081 1755 sunt,
1109 1691 1369 1758 consequi
1398 1691 1548 1759 digni
1585 1690 1759 1743 habiti
1808 1700 1956 1753 sunt,
1988 1690 2247 1743 virtutem
2295 1688 2504 1743 scilicet

933 1782 1172 1850 Spiritus
1204 1780 1699 1835 sanctiﬁcatricem.
1728 1782 1793 1834 Et
1819 1796 2045 1835 rursus:
2080 1780 2183 1845 Qui
2211 1782 2377 1849 factus
2410 1798 2503 1834 no-

2611 586 2955 655 ἐλλάμποντα
2975 625 2989 649 ,
3027 588 3207 639 πᾶσαν
3238 586 3581 657 δικαιοσύνην
3610 590 3842 657 ἀρετῶν,
3876 592 3973 643 καὶ
4004 594 4199 645 πᾶσαν

2610 679 2803 746 κτῆσιν
2832 677 3169 747 άγαθότητος
3195 678 3304 730 τῶν
3332 679 3562 731 ἐντολῶν
3594 678 3685 731 τοῦ
3711 681 3918 749 Κυρίου
3936 719 3951 743 ,
3995 681 4065 732 ἐκ
4094 683 4199 734 τοῦ

2608 766 2885 838 θησαυροῦ
2932 768 3027 820 τοῦ
3078 770 3137 820 ἐν
3180 770 3359 832 αὺτοῖς
3388 770 3540 832 ὄντος
3565 770 3801 840 Χριστοῦ
3846 771 4196 837 ἐπιτελοῦσι,

2607 858 2701 909 καὶ¹
2753 858 2829 911 δι’
2874 858 3041 911 αὑτοῦ
3095 860 3317 912 πλείονα
3360 860 3589 914 πλοῦτον
3631 862 3881 931 οὐράνιον
3949 864 4197 916 ἐπισυν-

2609 948 2824 1016 άγουσι.
2879 949 2980 1002 Διά
3026 950 3136 1019 γάρ
3186 952 3279 1003 τοῦ
3310 953 3633 1022 ἐπουρανίου
3661 953 3932 1022 θησαυροῦ
3994 956 4190 1007 πᾶσαν

2608 1039 2808 1109 ἀρετὴν
2839 1039 3183 1110 δικαιοσύνης
3214 1041 3678 1112 κατεργάζονται,
3734 1044 4065 1106 πεποιθότες
4099 1048 4198 1098 ἐπὶ

2607 1129 2684 1200 τῷ
2714 1131 2907 1201 πλήθει
2954 1133 3047 1185 τοῦ
3082 1134 3139 1186 ἐν
3175 1132 3360 1195 αὐτοῖς
3392 1134 3624 1187 πλούτου
3652 1136 4055 1203 πνευματικοῦ,
4096 1138 4198 1188 καὶ

2608 1220 2844 1284 εὐκόλως
2888 1223 3069 1274 πᾶσαν
3098 1222 3447 1293 δικαιοσύνην
3481 1224 3575 1275 καὶ
3603 1225 3821 1295 ἐντολὴν
3850 1226 3944 1277 τοῦ
3973 1229 4195 1295 Κυρίου

2606 1311 2695 1366 διὰ
2721 1311 2815 1364 τοῦ
2841 1314 3073 1380 ἀοράτου
3103 1315 3200 1382 τῆς
3222 1316 3442 1384 χάριτος
3470 1315 3527 1367 ἐν
3552 1317 3736 1379 αὐτοῖς
3761 1317 3994 1369 πλούτου
4025 1319 4198 1387 ἐργά-

2607 1400 2815 1465 ζονται.
2864 1404 2999 1474 Φησ)⁸
3042 1404 3099 1456 δέ
3147 1406 3240 1457 καὶ
3277 1408 3305 1458 ὁ
3348 1407 3699 1470 Ἀπόστολος·
3750 1409 4042 1476 Ἔχοντες
4084 1411 4198 1461 τὸν

2607 1498 2915 1564 θησαυρὸν
2942 1499 3155 1552 τοῦτον
3186 1500 3256 1552 ἐν
3289 1500 3666 1566 ὀστρακίνοις
3700 1503 3980 1565 σκεύεσι,
4026 1521 4192 1555 τουτ-

2606 1591 2754 1641 έστιν
2780 1630 2795 1653 ,
2851 1591 2910 1642 ὃν
2940 1594 2997 1644 ἐν
3025 1592 3189 1661 σαρκὶ
3217 1592 3369 1655 ὄντες
3407 1592 3710 1662 κτήσασθαι
3749 1594 3806 1644 ἐν
3835 1596 4025 1656 αὐτοῖς
4056 1612 4195 1647 κατ-

2604 1680 2934 1750 ηξιώθησαν,
2969 1684 3069 1751 τὴν
3099 1685 3423 1752 ἀγιαστικὴν
3449 1685 3677 1752 δύναμιν
3706 1685 3799 1736 τοῦ
3825 1685 4153 1751 Πνεύματος
4176 1702 4189 1716 ·

2606 1775 2701 1826 καὶ
2728 1775 2909 1838 πάλιν,
2944 1778 3049 1841 ’ος
3066 1776 3319 1843 ἐγενήθη
3345 1777 3490 1843 ἡμῖν
3514 1779 3699 1844 σοφία
3726 1778 3843 1831 ἀπὸ
3870 1776 3977 1830 τοῦ
4008 1778 4190 1844 Θεοῦ,

932 1874 1007 1925 bis
1039 1882 1115 1927 est
1151 1892 1182 1927 a
1210 1873 1321 1925 Deo
1343 1872 1605 1941 sapientia
1627 1912 1642 1937 ,
1669 1872 1879 1941 justitia
1898 1912 1914 1936 ,
1956 1871 2303 1939 sanctiﬁcatio
2343 1882 2393 1925 et
2422 1889 2505 1925 re—
2533 1842 2578 1897 Β
2606 1864 2623 1917 ε

2429 1889 2505 1925 τι..
2533 1842 2578 1897 Β
2606 1863 2963 1933 δικαιοσύνη
2990 1881 3054 1919 τε
3081 1842 3182 1919 καὶ
3205 1842 3517 1936 ἁγιασμὸς,
3549 1842 3649 1919 καί
3676 1868 4120 1935 ἀπολύτρωσις.

933 1965 1159 2029 demptio
1173 1966 1191 1994 ⁹
1204 1964 1240 2017 ¹.

1004 2054 1069 2108 II.
1103 2055 1428 2124 Quicunque
1452 2055 1620 2125 igitur
1649 2055 1857 2123 reperit
1899 2070 1963 2109 ac
2004 2054 2247 2124 possidet
2273 2053 2416 2124 apud
2445 2068 2503 2107 se

931 2146 1209 2200 ctelestem
1261 2147 1409 2200 hunc
1459 2148 1777 2199 thesaurum
1834 2145 2107 2214 Spiritus,
2152 2145 2241 2198 ille
2285 2160 2504 2198 omnem

927 2236 1197 2306 justitiam
1246 2247 1680 2307 praeceptorum,
1742 2252 1805 2291 ac
1860 2253 2079 2291 omnem
2130 2237 2505 2305 operationem

931 2329 1221 2392 virtutum,
1257 2330 1463 2399 absque
1508 2331 1652 2383 omni
1691 2328 2120 2398 reprehensione
2169 2338 2225 2383 et
2272 2329 2503 2392 macula,

930 2422 1050 2489 cjus
1076 2435 1179 2488 ope
1205 2421 1432 2489 peragit,
1469 2429 1524 2473 et
1550 2419 1771 2488 quidem
1808 2420 1960 2472 nullo
1989 2418 2233 2489 negotio,
2263 2433 2367 2472 nec
2396 2417 2506 2471 ulla

931 2512 1007 2565 vi.
1039 2511 1401 2566 Obsecremus
1431 2512 1601 2581 igitur
1630 2527 1729 2566 nos
1768 2526 1990 2582 quoque
2023 2511 2217 2571 Deum,
2260 2508 2505 2578 postule-

932 2605 1109 2657 lemus
1155 2618 1217 2657 ac
1244 2603 1604 2672 deprecemur
1644 2617 1793 2667 cum,
1826 2612 1885 2656 ut
1919 2602 2236 2655 thesaurum
2268 2599 2507 2668 Spiritus

932 2694 1020 2748 sui
1050 2694 1210 2748 nobis
1250 2674 1537 2764 largiatur,
1569 2701 1630 2747 ut
1662 2694 1767 2747 hoc
1812 2694 1974 2747 modo
2007 2694 2064 2747 in
2093 2692 2364 2746 mandatis
2388 2693 2506 2762 ejus

931 2787 1187 2841 omnibus
1222 2786 1339 2839 sine
1372 2785 1801 2854 reprehensione
1844 2794 1900 2839 et
1941 2785 2153 2839 macula
2192 2784 2422 2847 versari,
2452 2792 2507 2837 et

932 2894 1149 2932 omnem
1189 2877 1460 2947 justitiam
1508 2876 1749 2944 Spiritus
1792 2890 1929 2944 pure
1974 2890 2038 2929 ac
2082 2873 2324 2944 perfecte
2353 2889 2505 2927 com-

931 2969 1105 3039 plere,
1137 2968 1376 3023 coalestis
1420 2967 1687 3031 thesauri,
1716 2967 1811 3036 qui
1837 2975 1921 3021 est
1943 2966 2216 3031 Christus,
2240 2964 2507 3019 beneﬁcio

930 3058 1225 3128 possimus.
1257 3060 1471 3127 Pauper
1502 3058 1649 3112 enim
1693 3073 1757 3111 ac
1788 3057 2094 3121 mendicus,
2126 3064 2182 3109 et
2226 3056 2320 3124 qui
2365 3054 2507 3108 fame

2677 2048 2757 2102 B'.
2801 2046 2861 2099 '0
2891 2044 2985 2101 οῦν
3020 2047 3198 2117 εὑρὼν
3226 2050 3320 2101 καὶ
3345 2048 3482 2117 ἔχων
3512 2051 3569 2101 ἐν
3596 2049 3776 2119 ἐαυτῷ
3817 2051 3907 2103 τὸν
3936 2053 4185 2120 ἐπουρά-

2607 2158 2718 2194 νιον
2765 2141 2858 2194 τοῦ
2907 2140 3225 2209 Πνεύματος
3272 2142 3575 2211 θησαυρὸν,
3624 2144 3801 2195 πᾶσαν
3830 2144 4187 2213 δικαιοσύνην

2607 2232 2867 2297 ἐντολῶν,
2919 2233 3015 2287 καὶ
3045 2235 3223 2286 πᾶσαν
3254 2234 3514 2303 ἐργασίαν
3540 2234 3771 2302 ἀρετῶν,
3806 2236 4058 2304 άμώμως
4090 2239 4187 2289 καὶ

2606 2322 2863 2393 καθαρῶς
2915 2325 2971 2375 ἐν
3015 2322 3186 2391 τούτῳ
3228 2323 3649 2388 κατεργάζεται,
3684 2323 3954 2385 ἀδιάστως
3986 2323 4181 2377 λοιπὸν

2608 2414 2700 2467 καὶ
2752 2413 3008 2476 εὐκόλως.
3072 2413 3549 2483 Παρακαλέσωμεν
3600 2410 3693 2466 οὖν
3742 2415 3835 2465 καὶ
3875 2416 4040 2483 ἡμεῖς
4092 2418 4186 2467 τδν

2606 2506 2779 2571 Θεδν,
2836 2506 2929 2559 καὶ
2976 2504 3367 2575 ἐκζητήσωμεν
3414 2507 3509 2559 καὶ
3554 2506 3836 2575 δεηθῶμεν
3864 2506 4057 2570 αὑτοῦ,
4095 2509 4187 2561 ἴνα

2606 2597 2697 2649 τὸν
2729 2598 3001 2667 θησαυρὸν
3032 2596 3126 2649 τοῦ
3161 2598 3474 2667 Πνεύματος
3502 2600 3665 2651 αὑτοῦ
3701 2599 3994 2669 χαρίσηται
4023 2601 4181 2668 ἡμῖν,

2609 2687 2703 2740 καὶ
2748 2686 2921 2749 οὓτως
2969 2689 3028 2739 ἐν
3070 2689 3190 2750 ταῖς
3230 2687 3473 2749 ἐντολαῖς
3502 2687 3665 2740 αὑτοῦ
3699 2689 3899 2751 πάσαις
3931 2688 4185 2757 ἁμώμως

2607 2783 2703 2834 καὶ
2749 2782 3007 2852 καθαρῶς
3053 2784 3468 2851 ἀναστραφῆναι
3517 2781 3873 2851 δυνηθῶμεν,
3934 2783 4034 2834 κα)⁸
4086 2782 4187 2851 τὴν

2607 2873 2954 2943 δικαιοσύνην
3000 2874 3094 2926 τοῦ
3132 2874 3448 2940 Πνεύματος
3478 2876 3657 2926 πᾶσαν
3683 2872 3937 2942 καθαρῶς
3970 2874 4069 2925 καὶ
4098 2890 4186 2924 τε-

2608 2963 2765 3024 λείως
2795 2962 3190 3033 ἀποπληρῶσαι
3218 3004 3233 3028 ,
3283 2964 3371 3016 διὰ
3402 2963 3497 3017 τοῦ
3527 2964 3851 3033 ἐπουρανίου
3878 2962 4183 3032 θησαυροῦ,

2609 3056 2666 3119 ὃς
2693 3057 2810 3108 ἐστι
2834 3056 3088 3125 Χριστός.
3108 3056 3164 3109 Ὀ
3189 3056 3296 3122 γάρ
3321 3056 3487 3123 πένης
3514 3055 3609 3108 καὶ
3631 3056 3844 3123 πτωχὸς
3864 3058 3959 3107 καὶ
3979 3054 4186 3122 λιμώτ-

932 3151 1163 3215 laborat,
1195 3150 1252 3204 in
1280 3150 1485 3203 mundo
1513 3148 1650 3201 nihil
1692 3158 1874 3217 potest
1905 3161 2242 3216 comparare,
2269 3161 2507 3215 pauper-
2536 3168 2579 3225 ο
2612 3166 2623 3195 π

2493 3176 2507 3185 -
2536 3168 2579 3225 c
2612 3165 2741 3210 των,
2775 3147 2833 3199 ἐν
2860 3148 3049 3216 κόσμῳ
3079 3147 3227 3199 οὐδὲν
3258 3147 3482 3199 δύναται
3512 3146 3835 3215 κτήσασθαι,
3866 3148 3965 3215 τῆς
3989 3148 4184 3207 πενίας

934 3248 1044 3294 tate
1073 3256 1198 3294 eum
1232 3250 1533 3321 premente.
1579 3238 1683 3304 Qui
1719 3254 1853 3293 vero
1894 3239 2211 3292 thesaurum
2242 3237 2506 3306 possidet,

2612 3238 2774 3291 αὑτὸν
2802 3238 3151 3308 συνεχούσης.
3195 3239 3253 3290 Ὀ
3282 3238 3338 3289 δέ
3371 3238 3509 3306 ἐχων
3537 3237 3807 3307 θησαυρὸν
3828 3280 3843 3302 ,
3880 3238 3955 3300 ὡς
3989 3238 4182 3306 προεί-

936 3342 997 3385 ut
1027 3332 1349 3401 prmdictum
1377 3332 1486 3400 78
1512 3338 1616 3394 est,
1651 3331 1856 3399 absque
1886 3329 2033 3383 omni
2061 3329 2283 3398 negotio
2311 3337 2367 3383 et
2395 3342 2512 3381 mo-
2614 3349 2627 3400 ι

2493 3354 2512 3367 -
2614 3348 2795 3401 ρηται,
2822 3330 3084 3400 εὐχερῶς,
3107 3326 3191 3384 οἷα
3218 3331 3467 3400 βούλεται
3494 3336 3765 3401 κτήματα,
3784 3332 3875 3383 καὶ
3895 3332 4184 3389 ἀνωδύνως

934 3422 1111 3486 lestia,
1145 3438 1500 3491 quascunque
1551 3422 1824 3490 excptarit
1869 3420 2265 3490 possessiones,
2314 3433 2509 3472 conse-

935 3507 1122 3577 quitur
1147 3524 1159 3559 :
1188 3508 1268 3561 sic
1295 3524 1511 3577 quoque
1539 3509 1719 3561 anima
1750 3509 1914 3572 nuda,
1950 3522 2014 3561 ac
2044 3509 2303 3561 societate
2333 3504 2509 3575 Spiri-

936 3607 1028 3653 tus
1072 3600 1367 3663 dcstituta,
1425 3610 1480 3654 et
1526 3601 1593 3653 ad
1639 3601 1831 3655 duram
1881 3608 2256 3669 paupertatem
2298 3598 2507 3667 peccati

936 3690 1177 3753 redacta,
1213 3692 1425 3745 nullum
1472 3701 1672 3760 potest,
1705 3699 2042 3760 quantopere
2087 3689 2346 3753 voluerit,
2383 3688 2509 3757 Spi-

937 3781 1077 3833 ritus
1103 3780 1331 3849 justitiae
1360 3781 1596 3836 fructum
1646 3797 1836 3835 revera
1866 3781 2188 3850 producere,
2216 3788 2507 3848 antequam

937 3868 1172 3938 Spiritus
1204 3871 1472 3939 particeps
1507 3871 1647 3925 facta
1682 3873 1770 3925 sit.

1007 3957 1095 4011 lll.
1134 3958 1517 4013 Verumtamen
1564 3960 1618 4013 vi
1666 3959 1899 4030 quadam
1947 3974 2006 4014 se
2054 3975 2326 4030 quemque
2359 3977 2506 4015 com-

936 4053 1138 4121 pellere
1187 4061 1443 4122 Oportet,
1500 4054 1566 4107 ad
1618 4054 1916 4124 rogandum
1965 4054 2170 4118 Deum,
2206 4062 2266 4107 ut
2310 4053 2506 4122 dignus

930 4144 1244 4212 judlcetur,
1274 4146 1369 4212 qui
1419 4154 1788 4213 consequatur
1831 4154 1888 4199 et
1939 4145 2183 4199 inveniat
2226 4145 2504 4199 ccelestcm

937 4235 1253 4289 thesaurum
1276 4234 1533 4304 Spiritus,
1562 4250 1625 4289 ac
1651 4236 1821 4304 possit
1846 4236 2050 4305 absque
2079 4235 2228 4289 omni
2258 4234 2505 4289 molestia

933 4334 991 4379 et
1030 4325 1218 4379 labore
1250 4326 1512 4392 perlicere
1546 4328 1730 4380 omnia
1780 4335 2050 4395 praecepta
2088 4326 2325 4390 Domini,
2367 4342 2504 4395 pure

935 4433 998 4472 ac
1041 4419 1158 4472 sine
1201 4417 1627 4486 reprehensione
1649 4458 1663 4483 ,
1700 4435 1819 4487 qua:
1871 4420 2053 4487 prius,
2090 4433 2158 4472 ne
2190 4418 2243 4472 vi
2281 4419 2502 4487 quidem

931 4509 1201 4570 adhibita,
1233 4524 1343 4561 non
1382 4516 1597 4576 poterat
1624 4518 1770 4563 recte
1802 4510 2085 4578 perlicere.
2114 4509 2327 4577 Pauper
2353 4510 2498 4563 enim
2531 4501 2575 4556 D

933 4617 1057 4656 cum
1102 4610 1247 4654 esset
1275 4608 1329 4653 et
1358 4600 1559 4665 nudus,
1608 4615 1672 4654 ac
1716 4600 1975 4655 societate
2006 4600 2245 4669 Spiritus
2274 4599 2501 4655 destitu-

934 4702 1042 4757 tus,
1073 4708 1179 4761 qua
1238 4692 1450 4746 ratione
1506 4693 1651 4746 bona
1712 4693 1827 4749 haec
1886 4693 2188 4762 spiritualia
2237 4693 2499 4761 consequi

931 4785 1131 4853 potuit,
1168 4783 1375 4852 absque
1418 4784 1675 4839 thesauro
1723 4794 1781 4838 et
1831 4784 2213 4854 spiritualibus
2260 4783 2501 4838 divitiis?

934 4874 1136 4928 Verum
1171 4876 1371 4940 anima,
1407 4892 1527 4944 quae
1553 4877 1863 4939 Dominum,
1899 4892 1996 4945 per
2027 4875 2497 4945 investigationem

935 4962 1190 5029 Spiritus,
1210 4962 1372 5017 ﬁdem
1393 4979 1456 5017 ac
1482 4965 1706 5018 multam
1732 4965 2071 5033 patientiam,
2089 4981 2279 5020 verum
2303 4980 2499 5034 nempe

934 5052 1252 5108 thesaurum
1303 5055 1527 5123 reperit,
1580 5056 1793 5110 fructus
1843 5054 2078 5125 Spiritus
2123 5056 2395 5125 producit,
2438 5065 2499 5111 ut

933 5145 1140 5200 dictum
1170 5156 1271 5211 est,
1305 5147 1511 5216 absque
1559 5148 1707 5201 omni
1754 5147 1960 5207 labore,
1987 5163 2313 5217 omnemque
2336 5148 2497 5217 justi-

935 5239 1086 5303 tiam,
1117 5254 1178 5292 ac
1211 5248 1479 5308 praecepta
1511 5240 1746 5302 Domini,
1782 5255 1903 5308 qum
1936 5239 2169 5308 Spiritus
2199 5240 2493 5304 mandavit,

934 5330 989 5382 in
1024 5344 1101 5393 se,
1137 5339 1192 5383 et
1220 5346 1315 5398 per
1347 5345 1423 5395 se,
1452 5346 1587 5399 pure
1615 5338 1668 5384 et
1697 5331 1927 5401 integre,
1966 5339 2020 5385 et
2052 5330 2169 5385 sine
2197 5331 2495 5399 reprehen-

934 5422 1085 5476 sione
1123 5421 1355 5490 perﬁcit.

1003 5511 1089 5565 ιν.
1124 5512 1231 5566 Aut
1282 5528 1472 5568 rursus
1518 5514 1624 5568 alio
1674 5523 1891 5567 utamur
1931 5514 2199 5583 exemplo.
2228 5514 2499 5579 Quemad-

935 5601 1157 5655 modum
1189 5603 1232 5657 si
1268 5604 1337 5657 sit
1366 5604 1561 5674 aliquis
1589 5605 1762 5671 dives,
1796 5605 1888 5675 qui
1917 5621 2041 5660 cum
2073 5620 2281 5661 caenam
2312 5606 2502 5675 exqui-

1006 5779 1049 5809 ⁹⁰
1080 5778 1124 5834 ll
1152 5778 1279 5834 Cor.
1318 5798 1387 5848 IV,
1418 5782 1467 5835 6.
1547 5783 1587 5812 "
1624 5782 1643 5835 l
1670 5781 1796 5837 Cor.
1823 5796 1859 5847 ι,
1889 5780 1972 5835 50.

2611 3423 2828 3475 κτᾶται.
2883 3422 3067 3484 Οὕτως
3111 3423 3207 3475 καὶ
3249 3422 3395 3492 ψυχὴ
3439 3425 3472 3493 ἡ
3504 3423 3684 3492 γυμνὴ
3718 3424 3809 3474 καὶ
3834 3422 4041 3492 ἔρημος
4075 3419 4184 3473 ἀπὸ

2612 3514 2894 3577 κοινωνίας
2926 3514 3065 3566 Πνεύ
3076 3531 3242 3584 ματος
3264 3554 3278 3579 ,
3316 3516 3410 3566 καὶ
3440 3515 3543 3567 ὑπὸ
3570 3516 3667 3585 τὴν
3697 3515 3873 3583 δεινὴν
3904 3516 4181 3582 πτωχείαν

2608 3604 2707 3672 τῆς
2756 3605 3028 3673 ἁμαρτίας
3072 3600 3239 3667 οῦσα,
3290 3606 3439 3657 οὐδὲν
3481 3606 3733 3669 δύναται,
3785 3606 3886 3658 κᾶν
3931 3606 4060 3676 θέλῃ
4094 3610 4181 3658 τὸν

2609 3696 2821 3765 καρπὸν
2862 3695 2953 3748 τοῦ
2986 3695 3300 3765 Πνεύματος
3335 3697 3432 3766 τῆς
3459 3697 3801 3767 δικαιοσύνης
3834 3698 3891 3762 ἐξ
3920 3698 4179 3766 ἀληθείας

2612 3787 2853 3855 ποιῆσαι,
2890 3787 2995 3855 πρὸ
3028 3790 3123 3857 τῆς
3153 3787 3506 3858 μεταλήψεως
3531 3788 3623 3840 τοῦ
3650 3788 3987 3857 Πνεύματος.

2678 3966 2752 4018 Γθ.
2791 3967 2979 4035 Ὅμως
3031 3964 3311 4033 βιάζεσθαι
3341 3966 3447 4036 χρὴ
3486 3967 3714 4020 ἕκαστον
3745 3968 3933 4021 ἐαυτὸν
3969 3972 4049 4030 είς
4077 3972 4175 4041 τὴν

2608 4058 2821 4126 αἴτησιν
2844 4056 2935 4109 τοῦ
2960 4058 3189 4126 Κυρίου,
3215 4057 3301 4109 ἵνα
3323 4058 3635 4130 καταξιωθῇ
3657 4060 3862 4124 λαϐεῖν,
3883 4063 3977 4114 καὶ
3994 4064 4176 4132 εὑρεῖν

2604 4150 2696 4202 τὸν
2724 4150 3046 4218 ἐπουράνιον
3081 4149 3175 4202 τοῦ
3206 4151 3519 4221 Πνεύματος
3552 4151 3844 4222 θησαυρὸν,
3877 4154 4013 4207 ὥστε
4040 4158 4173 4211 ἀκο-

2606 4240 2850 4303 πιάστως
2893 4241 2987 4293 καὶ⁵
3025 4240 3265 4310 εὐχερῶς
3294 4242 3589 4311 δυνηθῆναι
3618 4244 3837 4313 ποιῆσαι
3868 4245 4046 4309 πάσας
4074 4252 4172 4311 τάς

2604 4331 2823 4393 ἐντολὰς
2852 4332 2943 4384 τοῦ
2970 4332 3197 4401 Κυρίου,
3227 4334 3471 4402 ἀμώμως
3501 4336 3596 4387 καὶ
3622 4335 3876 4404 καθαρῶς
3898 4376 3912 4398 ,
3946 4337 4011 4400 ἃς
4042 4341 4170 4409 πρὶν

2607 4422 2749 4493 μετὰ
2782 4422 2903 4492 βίας
2945 4424 3044 4475 οὐκ
3079 4422 3309 4490 ὴδύνατο
3340 4425 3704 4495 κατορθῶσαι.
3740 4428 3916 4497 Πένης
3940 4429 4047 4499 γὰρ
4075 4433 4168 4484 καὶ

2603 4514 2808 4584 γυμνὸς
2858 4514 2966 4568 ἀπὸ
3008 4515 3292 4579 κοινωνίας
3337 4516 3649 4586 Πνεύματος
3694 4518 3994 4589 ὑπάρχων,
4052 4524 4166 4587 πῶς

2604 4606 2832 4676 ἠδύνατο
2875 4605 3099 4659 τοιαῦτα
3144 4608 3486 4675 πνευματικά
3530 4611 3780 4679 κτήματα
3828 4614 4161 4682 κτήσασθαι,

2603 4698 2731 4751 ἄνευ
2758 4697 3032 4768 θησαυροῦ
3056 4699 3148 4751 καὶ
3168 4699 3397 4750 πλούτου
3416 4701 3784 4768 πνευματικοῦ
3801 4719 3815 4767 ;
3834 4703 3895 4756 Ἠ
3911 4705 3966 4757 δὲ
3984 4708 4165 4775 εὑροῦ-

2606 4805 2673 4841 σα
2692 4788 2837 4858 ψυχὴ
2864 4789 2954 4841 τὸν
2972 4789 3194 4859 Κύριον,
3214 4791 3303 4843 διὰ
3325 4792 3603 4861 ζητήσεως
3627 4796 4060 4865 Πνεύματος,καὶ
4081 4801 4164 4852 πί-

2605 4896 2774 4943 στεως
2805 4881 2897 4934 καὶ
2925 4882 3200 4953 ὑπομονῆς
3223 4883 3440 4953 πολλῆς,
3475 4884 3567 4937 τὸν
3591 4886 3842 4953 ἀληθινὸν
3870 4889 4161 4961 θησαυρὸν,

2601 4971 2726 5034 τοὺς
2779 4973 3025 5042 καρποὺς
3083 4973 3176 5026 τοῦ
3226 4974 3537 5045 Πνεύματος
3590 4980 4027 5047 κατεργάζεται,
4091 4984 4163 5046 ὡς

2602 5063 2960 5134 προείρηται,
2996 5065 3257 5136 εὐχερῶς,
3289 5067 3469 5120 πᾶσάν
3495 5085 3554 5121 τε
3579 5069 3923 5141 δικαιοσύνην
3954 5077 4049 5126 καὶ
4077 5076 4161 5127 ἐν-

2602 5154 2761 5217 τολάς
2786 5156 2880 5208 τοῦ
2906 5157 3131 5227 Κυρίου,
3161 5157 3227 5219 ἃς
3253 5158 3556 5214 ἐνετείλατο
3586 5161 3646 5213 τὸ
3672 5161 3897 5232 Πνεῦμα
3920 5164 3979 5215 ἐν
4004 5168 4155 5236 αὐτῇ,

2605 5246 2694 5298 καὶ
2726 5246 2793 5299 δι’
2822 5246 2989 5317 αὐτῆς
3037 5251 3180 5300 ποιεί
3214 5247 3467 5319 καθαρῶς
3508 5253 3599 5303 καὶ
3632 5251 3851 5315 τελείως
3887 5254 3984 5307 καὶ
4008 5257 4156 5325 ἀμώ-

2602 5352 2734 5405 μως.

2669 5520 2742 5571 Δ’.
2786 5518 2855 5571 Ἦ
2884 5518 3044 5572 πάλιν
3072 5521 3242 5590 ἐτέρῳ
3268 5520 3619 5591 ὑποδείγματι
3648 5522 3999 5592 χρησώμεθα.
4032 5526 4154 5578 Ὠσ·

2602 5624 2707 5676 περ
2755 5607 2848 5661 ἐάν
2892 5624 2975 5671 τις
3098 5608 3348 5673 πλούσιος
3394 5611 3488 5663 καὶ
3528 5611 3726 5681 ποιήσῃ
3760 5612 3971 5666 δεῖπνον
3999 5613 4154 5666 πολυο
