4282 6364
92 418 197 484 637

1259 409 1716 471 HOMILIIE.—
1736 408 1921 470 HOM.
1961 407 2179 471 XVIII.

3230 411 3333 474 638

93 530 289 595 τελὲς,
344 528 411 580 ἑκ
456 524 553 579 τοῦ
598 525 827 579 πλούτου
856 526 1023 580 αὐτοῦ
1061 527 1157 580 καὶ
1191 524 1466 599 θησαυροῦ
1502 520 1674 597 οὗπερ
1697 529 1784 589 At

1646 542 1674 597 ρ
1697 524 2048 589 Αεὶιίεεὶωίε
2092 522 2258 578 rebus
2306 521 2627 577 instructam
2673 531 2974 593 praeparet,
3018 539 3084 579 ex
3126 524 3337 581 divitiis

92 623 230 691 ἔχει,
265 616 549 675 ἀναλίσκει
570 656 586 680 ,
638 618 731 670 καὶ
774 618 834 670 οὐ
867 616 1095 683 δέδοικε,
1131 617 1205 687 μή
1236 633 1377 680 τινος
1406 616 1556 687 αὐτῷ
1584 617 1673 669 ἑν-

89 711 278 780 δεήσει
328 705 559 760 πλοῦτον
598 705 774 775 ἑχοντι
816 705 1027 775 μέγαν
1079 706 1173 759 καὶ
1199 705 1369 770 οὕτως
1394 706 1673 777 εὐφραίνει

88 803 223 862 τοὺς
259 797 594 866 δαιτυμόνας
633 794 942 858 πολυτελῶς
976 795 1069 847 καὶ
1096 794 1360 865 λαμπρῶς
1385 797 1510 859 τοὺς
1536 797 1673 866 κλη-

89 891 290 952 θέντας
338 886 430 940 ὐπ⁹
459 883 625 938 αὐτοῦ
650 924 666 950 ,
711 885 944 956 διάφορα
978 886 1075 941 καὶ
1102 887 1391 957 καινότερα
1416 888 1671 957 παρέχων

86 983 280 1042 αὐτοῖς
324 978 619 1047 ἐδέσματα.
663 977 722 1030 ὐ
771 977 831 1030 δὲ
870 976 1040 1047 πένης
1070 978 1166 1031 καὶ
1190 977 1373 1049 ἐνδεὴς
1401 978 1631 1032 πλούτου
1651 1019 1667 1043 ,

87 1074 185 1124 ἑὰν
212 1069 454 1140 βουληθῇ
475 1069 688 1121 δεῖπνον
708 1070 1120 1123 κατασκευάσαι
1136 1069 1263 1133 τινὶ,
1284 1069 1465 1124 πάντα
1484 1070 1672 1139 κιχρᾶ-

85 1181 202 1223 ται,
238 1162 335 1213 καὶ
363 1159 504 1213 αὐτά
532 1160 600 1213 τὰ
631 1158 824 1229 σκεύη,
856 1159 952 1212 καὶ
982 1161 1201 1230 ἱμάτια,
1231 1160 1327 1214 καὶ
1356 1160 1489 1214 ἄλλα
1517 1161 1632 1233 εῐδη

87 1254 183 1306 καὶ
216 1248 321 1305 εἴθ’
350 1252 523 1313 οὕτως
576 1251 711 1321 μετά
758 1250 820 1303 τὸ
857 1251 1143 1323 δειπνῆσαι
1184 1253 1313 1317 τοὺς
1350 1252 1669 1325 κληθέντας,

85 1346 162 1405 ὡς
214 1347 275 1396 ἑν
318 1342 521 1411 δείπνῳ
566 1344 797 1412 πένητος
819 1380 835 1405 ,
872 1340 1100 1413 ὓστερον
1130 1342 1211 1395 ἑνὶ
1237 1342 1453 1414 ἑκάστῳ
1480 1342 1668 1397 ἀποδί-

85 1437 283 1497 δωσιν,
337 1433 461 1485 ὅθεν
501 1432 771 1501 ἐχρήσατο
813 1430 1006 1494 σκεῦος
1040 1434 1332 1503 ἀργυροῦν,
1368 1435 1402 1506 ἢ
1435 1436 1667 1504 ἱμάτιον,

87 1527 119 1594 ἢ
147 1528 341 1594 ἕτερον
369 1519 531 1587 εἶδοςο
582 1523 677 1577 καὶ
702 1522 876 1586 οὓτως
904 1524 1117 1593 ἑκάστῳ
1147 1525 1514 1581 ἀποδοθέντων
1538 1527 1670 1581 πάν-

84 1634 197 1669 των
222 1656 239 1682 ,
293 1616 456 1678 αὐτὸς
499 1617 669 1685 πένης
714 1616 809 1669 καὶ
849 1616 1055 1685 γυμνὸς
1099 1618 1393 1687 ἀπομένει,
1431 1617 1505 1689 μὴ
1532 1618 1669 1689 ἔχων

91 1709 222 1760 ἴδιον
256 1706 489 1760 πλοῦτον
524 1706 583 1770 ἐξ
606 1700 669 1759 οὐ
696 1705 1081 1776 εὐφραίνεσθαι
1109 1707 1351 1763 δύναται.

161 1966 240 2020 E'.
284 1965 470 2028 Οὕτως
513 1984 609 2019 και
641 1968 691 2020 οί
724 1966 969 2021 πλούσιοι
999 1986 1076 2038 τῳ
1100 1970 1376 2040 Πνεύματι
1402 1970 1480 2040 τῷ
1504 1972 1668 2041 ἁγίῳ,

86 2060 308 2128 ἔχοντες
341 2058 430 2110 τὸν
469 2058 695 2111 πλοῦτον
735 2060 826 2112 τὸν
853 2060 1171 2129 ἐπουράνιον
1196 2061 1253 2113 ἑν
1278 2061 1502 2132 ἀληθείᾳ
1524 2104 1540 2128 ,
1577 2062 1671 2115 καὶ

88 2150 381 2203 κοινωνίαν
433 2150 747 2221 Πνεύματος
798 2152 857 2203 ἑν
902 2151 1119 2216 αὐτοῖς,
1166 2152 1304 2204 ἑπάν
1332 2169 1440 2205 τισι
1468 2152 1667 2206 λαλῶσι

87 2244 179 2295 τὸν
206 2243 367 2309 λόγον
397 2243 496 2311 τῆς
521 2242 797 2312 ἀληθείας,
833 2244 927 2294 καὶ
957 2242 1093 2294 ἑπάν
1121 2259 1232 2295 τισι
1256 2243 1555 2296 κοινωνῶσι
1582 2243 1669 2297 λό-

87 2350 185 2401 γον
236 2334 639 2403 πνευματικὸν,
689 2333 784 2386 καὶ
828 2333 1094 2402 εὐφρᾶναι
1137 2333 1311 2404 ψυχὰς
1348 2334 1666 2404 θελήσωσιν,

86 2428 153 2478 ἑκ
184 2424 284 2477 τοῦ
327 2426 459 2477 ίδίου
489 2424 719 2477 πλούτου
752 2427 846 2477 καὶ
874 2428 939 2478 ἑκ
964 2426 1056 2478 τοῦ
1088 2427 1219 2479 ίδίου
1245 2426 1518 2498 θησαυροῦ
1540 2468 1556 2492 ,
1605 2421 1667 2481 οὐ

87 2523 386 2591 κέκτηνται
416 2521 474 2571 ἑν
501 2520 734 2585 ἑαυτοῖς,
760 2520 820 2586 ἑξ
846 2520 1009 2573 αὐτοῦ
1038 2520 1285 2589 λαλοῦσι,
1308 2524 1404 2576 καὶ
1424 2524 1483 2590 ἑξ
1503 2524 1667 2577 αὐτοῦ

90 2613 454 2681 εὐφραίνουσι
502 2610 601 2673 τὰς
638 2610 813 2679 ψυχάς
843 2610 951 2663 τῶν
974 2611 1277 2664 ἀκουόντων
1308 2612 1399 2665 τὸν
1427 2631 1669 2683 πνευμα-

88 2708 241 2759 τικὸν
272 2705 431 2770 λόγον
454 2742 469 2767 ,
509 2702 607 2757 καὶ
636 2704 696 2756 οὐ
726 2702 995 2756 δεδοίκασι
1034 2703 1107 2775 μὴ
1132 2705 1437 2776 ἑνδεήσειεν
1463 2706 1665 2772 αὐτοῖς,

87 2800 172 2851 ὅτι
202 2798 499 2866 κέκτηνται
530 2798 589 2849 ἑν
615 2796 799 2858 αὐτοῖς
826 2795 1097 2868 θησαυρὸν
1117 2797 1367 2867 οὐράνιον
1388 2799 1671 2866 ἀγαθωσύ-

90 2908 210 2959 νης,
245 2890 308 2954 ἑξ
330 2885 393 2943 οὗ
421 2889 757 2959 προφέρουσι
790 2888 884 2941 καὶ
910 2889 1259 2959 εὐφραίνουσι
1281 2891 1406 2953 τοὺς
1429 2908 1670 2961 πνευμα-

89 2981 265 3043 τικῶς
294 2980 679 3049 ἑστιωμένους.
725 2978 785 3031 'O
815 2979 871 3030 δὲ
906 2980 1074 3049 πένης
1108 2982 1201 3033 καὶ
1232 2981 1306 3051 μὴ
1334 2983 1670 3052 κεκτημένος

90 3073 155 3123 ἑκ
204 3070 299 3123 τοῦ
345 3069 576 3122 πλούτου
626 3067 719 3121 τοῦ
766 3069 1035 3139 Χριστοῦ,
1087 3072 1221 3140 μήτε
1266 3070 1405 3140 ἔχων
1442 3070 1669 3125 πλοῦτον

90 3162 463 3232 πνευματικὸν
510 3163 567 3214 ἑν
609 3164 675 3231 τῇ
717 3161 861 3231 ψυχῇ
889 3203 905 3227 ,
937 3162 1028 3214 τὸν
1060 3161 1293 3231 βρύοντα
1323 3166 1505 3216 πᾶσαν
1528 3166 1667 3232 ἀγα-

89 3252 342 3322 θωσύνην
352 3252 525 3319 λόγων
541 3267 601 3303 τε
624 3252 717 3303 καὶ
737 3250 936 3321 ἔργων,
955 3254 1046 3305 καὶ
1067 3253 1463 3323 ἐνθυμημάτων
1482 3253 1664 3319 θείων,

90 3347 185 3398 καὶ
219 3344 535 3413 μυστηρίων
564 3342 866 3414 ἀλαλήτων,
887 3345 933 3395 εί
963 3344 1057 3395 καὶ
1082 3344 1330 3413 βούλεται
1349 3339 1500 3408 οὗτος
1514 3346 1667 3414 λόγον

92 3435 353 3505 ἀληθείας
385 3434 564 3487 λαλεῖν
590 3472 605 3497 ,
645 3433 737 3486 καὶ
768 3433 1085 3504 εὐφραίνειν
1114 3435 1267 3497 τινὰς
1296 3434 1402 3486 τῶν
1434 3434 1664 3488 ἀκουόν-

90 3542 225 3589 των,
258 3524 375 3577 ἀλλ’
402 3526 460 3577 ὲν
489 3523 715 3592 δυνάμει
748 3523 843 3576 καὶ
870 3522 1098 3593 ἀληθείᾳ
1120 3522 1212 3575 τὸν
1233 3522 1390 3589 λόγον
1415 3522 1509 3576 τοῦ
1532 3523 1666 3576 Θεοῦ

96 3616 172 3686 μὴ
236 3613 570 3682 κεκτημένος
634 3615 691 3665 ὲν
744 3610 921 3681 ἐαυτῷ
947 3651 961 3673 ,
1031 3611 1167 3664 ἀλλά
1214 3612 1373 3681 μόνον
1418 3611 1665 3681 ἀπομνη-

94 3705 341 3777 μονεύων
362 3706 455 3758 καὶ
482 3703 815 3774 κιχρώμενος
836 3705 1026 3771 λόγους
1050 3702 1109 3767 ἐξ
1128 3704 1360 3773 ἑκάστης
1377 3704 1612 3773 γραφῆς,
1630 3703 1664 3774 ἢ

94 3798 251 3867 παρά
280 3796 662 3866 πνευματικῶν
686 3796 894 3865 ἀνδρῶν
927 3793 1166 3859 ἀκούσας
1196 3796 1291 3849 καὶ
1312 3794 1664 3865 διηγούμενος

94 3892 191 3943 καὶ
221 3889 509 3953 διδάσκων,
550 3887 659 3941 ίδοὺ
691 3887 880 3951 ἀλλους
914 3889 1011 3959 μὲν
1040 3887 1186 3939 δοκεῖ
1210 3886 1539 3957 εὐφραίνειν,
1572 3886 1666 3939 καὶ

92 3984 244 4037 ἄλλοι
290 3982 621 4035 ἀπολαύουσι
674 3981 781 4035 τῶν
826 3981 997 4049 λόγων
1021 3994 1036 4010 ⁸
1090 3981 1228 4050 μετὰ
1276 3980 1333 4035 δὲ
1378 3980 1439 4034 «ut
1479 3981 1666 4052 διηγή-

94 4075 295 4127 σασθαι
344 4074 507 4127 αὐτὸν
532 4112 549 4137 ,
610 4073 840 4134 ἕκαστος
876 4073 1033 4140 λόγος
1066 4073 1201 4142 πρὸς
1230 4074 1298 4125 τὰ
1330 4072 1437 4126 ίδια
1468 4072 1561 4140 ἀφ’
1588 4067 1665 4126 ὧν

90 4166 239 4238 ηρθη
262 4206 277 4230 ,
316 4165 636 4234 ἀπέρχεται,
673 4167 764 4218 καὶ
793 4165 955 4227 αὐτὸς
986 4165 1148 4217 πάλιν
1174 4164 1378 4234 γυμνὸς
1401 4164 1664 4233 ἀπομένει

93 4260 190 4311 καὶ
246 4258 416 4328 πένης
443 4296 457 4319 ,
522 4257 596 4325 μὴ
642 4255 781 4324 ἔχων
832 4255 964 4308 ίδιον
1011 4256 1281 4323 θησαυρὸν
1325 4254 1659 4325 Πνεύματος,

93 4350 188 4419 ἀφ’
218 4342 279 4400 οὐ
312 4348 595 4416 προφέρει,
630 4348 724 4399 καλ⁵
748 4347 965 4415 ὠφελεῖ,
993 4347 1087 4400 καὶ
1115 4346 1392 4417 εὐφραίνει
1420 4348 1660 4417 ἑτέρους,

92 4442 255 4502 αὐτὸς
286 4439 499 4509 πρῶτος
528 4438 605 4509 μὴ
630 4438 1073 4510 εὐφραινόμενος,
1100 4438 1233 4509 μηδὲ
1256 4438 1661 4509 ἀγαλλιώμενος

92 4529 171 4598 τῷ
202 4527 499 4598 Πνεύματι.

164 4621 257 4684 ς’.
315 4618 415 4671 Διά
454 4618 612 4673 τοῦτο
656 4620 762 4693 χρὴ
809 4618 1024 4690 πρῶτον
1068 4616 1301 4689 ζητῆσαι
1343 4618 1494 4690 παρὰ
1527 4618 1662 4672 Θεοῦ

94 4716 152 4765 ἑν
182 4712 330 4782 πόνῳ
355 4711 583 4781 καρδίας
620 4714 716 4767 καὶ
742 4712 921 4765 πίστει
944 4752 959 4777 ,
994 4712 1080 4765 ῐνα
1108 4710 1183 4783 δῷ
1206 4714 1337 4783 ἡμῖν
1365 4712 1544 4783 εὑρεῖν
1572 4712 1663 4766 τὸν

94 4803 323 4856 πλοῦτον
354 4803 517 4855 αὐτοῦ
542 4842 559 4868 ,
606 4804 697 4856 τὸν
729 4803 980 4875 ἀληθινὸν
1009 4803 1279 4873 θησαυρὸν
1306 4802 1401 4856 τοῦ
1425 4802 1662 4873 Χριστοῦ

94 4900 152 4950 ἑν
198 4898 321 4959 ταῖς
365 4896 612 4967 καρδίαις
655 4894 811 4965 ἡμῶν
836 4935 851 4960 ,
906 4897 966 4947 ἑν
1010 4895 1235 4964 δυνάμει
1282 4894 1375 4949 καὶ
1412 4893 1663 4965 ἐνεργείᾳ

95 4989 434 5057 Πνεύματος.
462 4988 572 5040 Καὶ
590 4986 763 5051 οὕτως
783 4987 1047 5057 πρότερον
1067 4986 1332 5054 ὠφέλειαν
1354 4987 1409 5039 ὲν
1426 4986 1659 5050 ἑαυτοῖς,

95 5080 189 5134 καὶ
208 5079 505 5148 σωτηρίαν,
528 5080 620 5132 καὶ
641 5079 784 5149 ζωὴν
800 5078 1014 5132 αίὼνιον
1037 5078 1307 5147 εὑρόντες,
1328 5076 1420 5129 τὸν
1438 5077 1659 5146 Κύριον,

94 5170 214 5223 τότε
249 5170 347 5221 καὶ
370 5169 581 5235 ἄλλους,
615 5169 690 5233 ὡς
715 5169 934 5222 δυνατὸν
964 5168 1057 5221 καὶ
1082 5168 1301 5236 ἑφικτόν
1323 5168 1489 5233 ἑστιν,
1520 5166 1661 5234 ὡφε-

96 5262 381 5331 λήσωμεν,
411 5261 519 5315 ἀπὸ
547 5261 639 5314 τοῦ
666 5261 813 5314 ἔνδον
842 5259 1114 5331 θησαυροῦ
1145 5260 1236 5313 τοῦ
1261 5257 1497 5330 Χριστοῦ
1524 5275 1661 5328 προ-

98 5350 358 5421 φέροντες
410 5352 589 5404 πᾶσαν
630 5351 986 5421 ἀγαθωσύνην
1033 5350 1207 5418 λόγων
1244 5348 1658 5419 πνευματικῶν,

97 5442 205 5494 καὶ
222 5441 537 5511 μυστηρίων
567 5440 901 5511 ἑπουρανίων
930 5441 1239 5511 ποιούμενοι
1258 5440 1529 5510 διήγησιν.
1559 5436 1662 5491 Οὖ-

96 5550 201 5596 τως
236 5532 347 5604 γὰρ
382 5535 670 5605 εὐδόκησεν
717 5535 753 5605 ἡ
790 5534 1064 5603 ἀγαθότης
1106 5531 1200 5585 τοῦ
1232 5531 1533 5601 θελήματος
1564 5530 1659 5583 τοῦ

98 5626 332 5696 Πατρδς,
367 5624 460 5678 τοῦ
490 5626 810 5695 κατοικῆσαι
852 5627 909 5678 ἑν
935 5624 1100 5677 παντὶ
1131 5623 1208 5695 τῷ
1233 5621 1535 5675 πιστεύοντι
1567 5620 1667 5673 καὶ

96 5715 404 5785 αίτουμένῳ
441 5709 623 5769 αὐτόν.
662 5715 725 5767 '0
758 5715 868 5782 γὰρ
908 5710 1151 5782 ἀγαπῶν
1180 5729 1270 5781 με,
1300 5712 1483 5782 φησὶν,
1515 5709 1658 5778 ἀγα-

98 5806 431 5875 πηθήσεται
470 5806 591 5863 ὑπὸ
620 5804 726 5862 τοῦ
752 5807 977 5873 Πατρός
994 5823 1113 5876 μου
1135 5844 1149 5869 ,
1186 5804 1343 5873 κάγὼ
1370 5800 1658 5871 ἀγαπήσω

1691 1871 1739 1929 Β

1680 4529 1734 4590 D

1773 614 1892 669 suis
1931 622 1986 668 et
2030 614 2312 679 thesauro,
2359 626 2523 681 quem
2570 613 2833 683 possidet.
2886 622 3139 684 sumptus
3182 616 3335 683 facit,

1772 720 1874 760 nec
1918 705 2134 769 metuit,
2170 720 2238 760 ne
2280 704 2385 760 sibi
2432 704 2637 775 aliquid
2683 704 2843 769 desit,
2878 705 3096 761 divitias
3138 708 3339 763 multas

1770 795 2071 865 possidenti
2101 814 2116 848 :
2150 795 2337 865 sicque
2366 796 2512 851 laute
2538 805 2596 850 et
2624 796 2907 866 splendide
2938 798 3196 853 convivas
3224 814 3254 851 a
3278 814 3338 853 se

1769 894 1993 940 vocatos
2016 886 2302 949 exhilarat,
2334 887 2501 941 variis
2532 901 2595 941 ac
2625 888 2779 942 novis
2808 887 3044 942 subinde
3073 890 3338 957 appositis

1769 975 1928 1030 cibis.
1952 976 2022 1029 At
2044 992 2250 1046 pauper
2284 977 2378 1047 qui
2406 988 2510 1042 est,
2541 979 2802 1047 omnique
2843 995 3026 1033 rerum
3052 978 3338 1034 abundan-

1769 1065 1846 1121 tia
1870 1066 2186 1132 destitutus,
2212 1068 2257 1123 si
2283 1068 2519 1123 voluerit
2554 1069 2883 1138 quibusdam
2922 1085 3129 1124 caenam
3166 1086 3336 1140 appa-

1769 1157 1911 1224 rare,
1964 1168 2246 1214 mutuatur
2286 1160 2491 1225 omnia,
2521 1162 2607 1215 vel
2659 1161 2835 1231 ipsam
2915 1163 3335 1230 supellectilem,

1766 1258 1987 1316 vestes,
2042 1266 2105 1305 ac
2152 1252 2393 1321 reliquas
2435 1252 2689 1320 species:
2734 1252 2921 1322 sicque
2960 1263 3188 1322 postea,
3244 1254 3337 1306 ubi

1768 1342 2125 1409 cmnaverint,
2158 1344 2252 1413 qui
2278 1351 2437 1398 erant
2463 1345 2660 1407 vocati,
2693 1352 2753 1396 ut
2799 1344 2915 1399 ﬁeri
2953 1345 3091 1398 solet
3119 1346 3174 1398 in
3202 1360 3336 1398 con-

1766 1434 1913 1488 vivio
1960 1436 2246 1504 pauperis,
2296 1436 2533 1505 denique
2584 1435 2909 1505 unicuique,
2959 1437 3105 1490 unde
3145 1448 3337 1491 mutuo

1766 1533 2092 1594 sumpserat,
2130 1526 2370 1581 restituit
2410 1527 2800 1596 supellectilem
2860 1536 3169 1597 argenteam
3200 1568 3213 1590 ,
3247 1543 3338 1581 ve-

1767 1624 1880 1668 stes
1925 1629 1989 1669 ac
2038 1616 2308 1685 reliquum
2352 1625 2604 1670 ornatum
2637 1634 2652 1670 :
2680 1616 2880 1686 quibus
2926 1618 3181 1671 omnibus
3212 1616 3336 1670 uni-

1768 1706 1965 1776 cuique
1992 1706 2071 1760 sic
2094 1707 2384 1771 restitutis,
2412 1707 2527 1776 ipse
2550 1723 2756 1775 pauper
2784 1723 2848 1760 ac
2869 1708 3048 1760 nudus
3069 1718 3335 1768 remanet.

1768 1810 1877 1850 non
1912 1796 2119 1852 habens
2166 1797 2415 1867 proprias
2461 1797 2779 1861 facultates,
2822 1814 2890 1851 ex
2934 1798 3133 1867 quibus
3164 1800 3337 1867 possit

1768 1887 2025 1939 recreari.

1840 1974 1901 2029 V.
1940 1974 2030 2029 Sic
2060 1989 2299 2044 quoque,
2337 1975 2428 2044 qui
2464 1984 2592 2029 sunt
2624 1975 2831 2045 Spiritu
2872 1986 3059 2029 sancto
3090 1976 3333 2045 locuple-

1768 2074 1870 2130 tes,
1902 2081 1967 2121 ac
1996 2068 2245 2121 caalestes
2275 2068 2492 2121 divitias
2532 2083 2723 2121 revera
2766 2069 3045 2121 consecuti
3094 2083 3336 2121 commu-

1768 2159 1989 2212 nionem
2024 2158 2258 2228 Spiritus
2296 2161 2352 2214 in
2382 2176 2440 2215 se
2476 2161 2698 2224 habent,
2729 2162 2771 2215 si
2816 2160 3141 2229 quibusdam
3166 2161 3335 2216 verba

1767 2251 2015 2305 veritatis
2046 2251 2362 2320 loquantur,
2398 2261 2454 2306 et
2484 2268 2789 2307 sermonem
2837 2254 3176 2322 spiritualem
3211 2254 3333 2322 qui-

1767 2341 1996 2396 busdam
2035 2343 2464 2407 communicent,
2497 2358 2561 2397 ac
2606 2346 2813 2397 animas
2855 2343 3078 2397 reficere
3124 2353 3332 2398 statue-

1768 2435 1908 2498 rint;
1939 2450 2003 2488 ex
2034 2436 2274 2505 propriis
2303 2435 2529 2504 opibus,
2573 2446 2627 2489 et
2666 2451 2733 2489 ex
2771 2436 2991 2504 pr0prio
3036 2436 3329 2501 thesauro,

1766 2536 1929 2591 quem
1955 2523 2234 2591 possident
2260 2524 2403 2594 apud
2439 2540 2518 2590 se,
2541 2540 2606 2578 ex
2628 2539 2714 2589 eo,
2741 2524 2984 2593 inquam,
3008 2525 3331 2594 loquuntur,

1767 2628 1834 2666 ex
1859 2628 2033 2682 eoque
2073 2614 2329 2668 reﬁciunt
2372 2616 2582 2670 animas
2618 2616 2957 2671 audientium
2988 2618 3332 2686 spiritualem

1766 2719 2097 2771 sermonem,
2125 2722 2227 2761 nec
2251 2708 2665 2776 pertimescunt,
2683 2724 2751 2763 ne
2775 2710 2903 2778 quid
2934 2711 3038 2765 sibi
3061 2710 3200 2764 desit
3228 2728 3243 2763 :
3267 2726 3334 2765 eo

1768 2795 1911 2863 quod
1945 2796 2259 2865 possideant
2304 2798 2360 2851 in
2402 2813 2459 2852 se
2490 2799 2765 2853 caelestem
2816 2800 3074 2855 bonitatis
3113 2801 3334 2856 thesau-

1768 2902 1909 2953 rum,
1934 2903 1964 2941 e
1983 2902 2092 2956 quo
2118 2888 2405 2957 proferunt
2434 2896 2489 2943 et
2518 2898 2768 2944 recreant
2795 2906 2891 2945 eos
2924 2892 3018 2960 qui
3062 2892 3333 2961 spirituali

1768 2977 1891 3031 cibo
1917 2988 2233 3033 vescuntur.
2264 2980 2476 3050 Pauper
2498 2996 2647 3046 vero,
2674 2982 2767 3052 qui
2797 2999 2899 3037 nec
2928 2982 3147 3038 divitias
3172 2984 3335 3039 Chri-

1769 3070 1835 3123 sti
1868 3070 2128 3138 possidet,
2165 3086 2267 3126 nec
2304 3072 2617 3141 Spirituales
2642 3072 2853 3127 obtinet
2890 3074 2945 3127 in
2970 3074 3148 3128 anima
3178 3090 3330 3144 opes,

1769 3161 2133 3229 producentes
2180 3164 2528 3234 scaturiginis
2576 3164 2747 3219 instar
2774 3180 2989 3221 omnem
3032 3166 3334 3222 bonitatem

1768 3265 2104 3317 sermonum,
2151 3269 2408 3323 operum,
2460 3256 2850 3325 cOgitationum
2902 3256 3233 3323 divinarum,
3276 3268 3335 3315 et

1767 3343 2151 3413 mysteriorum
2201 3344 2582 3412 ineﬂ‘abilium,
2627 3346 2735 3411 hic,
2765 3348 3005 3417 inquam,
3041 3350 3170 3404 licet
3200 3350 3335 3404 velit

1765 3432 1994 3486 verbum
2028 3434 2274 3489 veritatis
2303 3435 2504 3505 eloqui,
2540 3452 2604 3491 ac
2634 3453 2881 3491 recreare
2923 3439 3187 3508 quosdam
3232 3454 3334 3495 au-

1766 3522 1999 3588 dientes,
2030 3540 2155 3578 cum
2191 3534 2369 3579 tamen
2403 3528 2703 3581 secundum
2733 3530 2992 3583 virtutem
3019 3547 3081 3585 ac
3106 3531 3161 3586 in
3190 3532 3335 3587 veri-

1767 3622 1876 3668 tate
1906 3629 2212 3669 sermonem
2241 3616 2337 3670 Dei
2369 3633 2477 3671 non
2506 3618 2778 3683 obtineat;
2805 3635 2993 3673 verum
3022 3622 3142 3677 illos
3169 3624 3332 3679 modo

1766 3715 2065 3767 sermones,
2099 3717 2238 3772 quos
2269 3712 2362 3757 aut
2385 3720 2414 3759 a
2445 3721 2768 3774 quacunque
2815 3710 3083 3779 scriptura
3116 3723 3333 3769 mutua-

1769 3798 1876 3854 tur,
1906 3802 2002 3846 aut
2044 3793 2112 3846 ab
2154 3793 2275 3848 aliis
2318 3795 2698 3863 spiritualibus
2744 3800 2973 3865 audivit,
3005 3812 3239 3871 exponat
3274 3814 3334 3860 et

1765 3882 1991 3949 doceat;
2042 3900 2109 3939 en
2142 3886 2361 3941 videtur
2392 3889 2612 3959 quidem
2651 3891 2739 3944 ille
2782 3893 2918 3947 alios
2963 3910 3235 3963 recreare,
3274 3909 3332 3953 et

1764 3988 1895 4029 sane
1926 3974 2183 4029 fruuntur
2211 3979 2303 4031 alii
2346 3982 2693 4036 sermonibus
2723 4001 2734 4035 :
2764 3985 2856 4037 ubi
2886 4002 3015 4041 vero
3055 4005 3179 4042 eum
3212 4006 3330 4045 ser-

1764 4082 1979 4120 monem
2024 4070 2351 4135 recitaverit,
2384 4074 2813 4143 unumquodque
2843 4077 3070 4132 verbum
3104 4080 3171 4134 ad
3209 4096 3327 4145 sua,

1764 4158 1908 4213 unde
1953 4162 2275 4215 translatum
2322 4172 2460 4229 erat,
2506 4167 2803 4220 revertitur
2834 4184 2847 4219 z
2880 4180 2993 4221 tum
3024 4170 3115 4223 ille
3145 4171 3335 4231 denuo.

1761 4249 1945 4304 nudus
1972 4265 2037 4305 ac
2064 4266 2271 4321 pauper
2298 4264 2561 4319 remanet,
2594 4271 2787 4311 carens
2812 4260 3037 4327 proprio
3069 4262 3329 4317 thesauro

1763 4340 2020 4409 Spiritus,
2050 4356 2081 4395 e
2114 4358 2223 4411 quo
2256 4353 2489 4411 promat,
2519 4347 2673 4415 juvet
2713 4356 2767 4401 et
2806 4359 3019 4404 recreet
3060 4352 3218 4416 alios,
3264 4368 3327 4407 ac

1760 4432 1973 4501 primus
1994 4433 2109 4501 ipse
2141 4449 2251 4487 non
2276 4435 2537 4502 reﬁcitur,
2566 4452 2668 4492 nec
2692 4439 2898 4509 Spiritu
2928 4443 3185 4497 exsultat.

1838 4616 1948 4687 79
1982 4616 2070 4672 Vl.
2096 4617 2391 4686 Propterea
2422 4616 2476 4671 in
2515 4617 2710 4686 primis
2754 4619 3142 4688 postulandum
3178 4631 3262 4676 est
3293 4638 3327 4677 ε

1760 4710 1873 4765 Deo
1901 4724 2026 4764 cum
2058 4710 2413 4764 contentione
2453 4710 2636 4765 cordis
2677 4725 2741 4765 ac
2768 4710 2896 4777 ﬁde,
2928 4711 3021 4766 det
3056 4713 3237 4777 nobis,
3264 4723 3326 4768 ut

1763 4801 2109 4857 inveniamus
2134 4801 2355 4855 divitias
2384 4802 2523 4871 ejus,
2559 4817 2748 4857 verum
2774 4803 3093 4857 thesaurum
3119 4804 3325 4861 Christi

1762 4894 1819 4948 in
1843 4893 2107 4949 cordibus
2137 4893 2338 4947 nostris
2368 4892 2423 4946 in
2448 4894 2653 4948 virtute
2693 4910 2756 4948 ac
2784 4894 3022 4950 eﬂicacia
3062 4896 3323 4966 Spiritus.

1762 4985 1828 5039 Et
1854 4985 1953 5038 hac
1980 4984 2215 5048 ratione,
2248 4982 2342 5037 ubi
2372 4983 2525 5051 prius
2556 4984 2609 5036 in
2648 4984 2807 5038 nobis
2837 4988 3205 5051 commodum,
3240 5003 3329 5043 sa-

1761 5076 1929 5129 lutem
1981 5090 2047 5129 ac
2083 5075 2249 5128 vitam
2277 5082 2559 5138 aeternam,
2592 5075 2879 5129 Dominum
2928 5077 3158 5142 scilicet,
3190 5093 3326 5133 con-

1760 5167 1933 5222 secuti
1964 5166 2257 5232 fuerimus,
2288 5168 2636 5237 postmodum
2673 5184 2893 5237 quoque
2937 5168 3071 5223 alios
3108 5185 3208 5239 pro
3238 5170 3325 5225 fa-

1761 5255 1961 5311 cultate
1996 5263 2053 5308 et
2094 5253 2303 5308 viribus
2339 5256 2545 5309 nostris
2582 5255 2925 5324 adjuvemus,
2964 5271 3030 5309 ex
3072 5256 3323 5313 interiori

1758 5344 1961 5401 Christi
1986 5344 2244 5399 thesauro
2263 5353 2580 5411 promentes
2600 5358 2817 5396 omnem
2838 5344 3137 5399 bonitatem
3162 5347 3327 5415 spiri-

1760 5437 1991 5491 tualium
2014 5449 2349 5499 sermonum,
2365 5448 2427 5489 ac
2444 5435 2752 5490 cmlestium
2773 5434 3154 5505 mysteriorum
3166 5453 3327 5492 enar-

1761 5528 2030 5583 rationem
2086 5526 2457 5584 instituentes.
2509 5527 2603 5581 Sic
2646 5526 2794 5580 enim
2844 5528 3052 5595 placuit
3090 5528 3325 5585 bonitati

1760 5615 2058 5670 voluntatis
2087 5614 2282 5679 Patris,
2311 5616 2556 5669 habitare
2582 5616 2727 5685 apud
2768 5631 2985 5670 omnem
3022 5618 3115 5686 qui
3147 5620 3327 5674 credit

1761 5706 1817 5759 in
1851 5721 1978 5760 eum
2032 5720 2269 5773 eumque
2327 5705 2587 5774 postulat.
2659 5708 2763 5770 Qui
2807 5709 2944 5760 enim
2997 5708 3168 5779 diligit
3219 5727 3324 5778 me,

1761 5799 1958 5871 inquit,
1983 5796 2230 5867 diligetur
2256 5815 2288 5851 α
2321 5796 2479 5852 Patre
2504 5814 2634 5863 meo,
2665 5810 2712 5853 et
2734 5815 2825 5869 ego
2861 5801 3079 5870 diligam
3104 5818 3241 5867 eum,
3276 5821 3327 5859 ει
