4282 6364
919 407 1021 467 639

929 516 1272 586 manifestabo
1319 516 1363 565 ei
1396 530 1474 565 me
1524 513 1769 581 ipsum”.

928 627 1018 681 ego
1061 618 1107 660 et
1146 606 1302 660 Pater
1337 621 1497 666 meus,
1533 613 1578 655 et
1626 602 1948 654 mansionem
1992 601 2130 669 apud
2173 616 2289 651 cum
2325 599 2482 666 facie—

930 700 1126 753 mus”.
1161 698 1249 751 Sic
1311 696 1531 748 infinita:
1579 692 1879 745 CICIIIL‘IIllCB
1934 692 2107 744 Patris
2154 691 2328 742 visum
2376 698 2478 753 est,

928 792 1007 844 sic
1067 784 1604 856 incomprehensibili
1666 781 1913 834 charitati
1978 780 2180 833 Christi
2229 780 2477 846 placuit:

928 883 1008 935 sic
1041 879 1332 933 ineﬂ‘abilis
1366 877 1580 928 bonitas
1612 873 1846 941 Spiritus
1896 870 2165 939 promisit.
2194 868 2375 923 Gloria
2412 868 2482 923 sit

928 969 1189 1024 ineffabili
1224 966 1612 1020 misericordia:
1648 972 1845 1017 sancta:
1868 962 2169 1015 Trinitatis.

997 1151 1104 1203 VII.
1137 1150 1238 1213 Qui
1280 1148 1422 1201 enim
1478 1148 1708 1200 evadere
1757 1146 1877 1198 Filii
1927 1145 2122 1207 Dei,et
2164 1160 2228 1198 ex
2278 1144 2480 1213 Spiritu

926 1251 1115 1294 saneto
1164 1238 1399 1305 desuper
1450 1236 1656 1289 renasci
1704 1236 1851 1302 digni
1901 1244 2028 1288 sunt
2079 1234 2273 1298 habiti,
2320 1243 2483 1301 atque

925 1329 1202 1383 Christum
1254 1326 1651 1378 illuminantem
1708 1340 1771 1376 ac
1818 1334 2151 1378 recreantem
2192 1340 2288 1377 eos
2329 1325 2380 1377 in
2426 1339 2484 1377 se

928 1416 1225 1487 possident,
1255 1414 1417 1466 variis
1451 1430 1512 1466 ac
1562 1414 1794 1465 diversis
1839 1413 2011 1465 modis
2043 1427 2072 1463 a
2119 1410 2324 1479 Spiritu
2349 1410 2483 1463 diri-

928 1520 1151 1576 guntur,
1194 1514 1247 1559 et
1276 1504 1622 1557 invisibiliter
1654 1503 1705 1553 in
1738 1502 1900 1554 corde
1940 1517 2062 1554 cum
2096 1502 2280 1567 requie
2321 1500 2483 1568 spiri-

933 1598 1062 1649 tuali
1108 1612 1137 1649 a
1178 1595 1348 1664 gratia
1393 1594 1688 1646 ducuntur.
1752 1592 2092 1645 Proferamus
2119 1607 2247 1644 vero
2272 1607 2338 1645 ex
2397 1591 2483 1653 iis,

929 1704 1049 1756 qua:
1085 1688 1136 1741 in
1164 1686 1366 1739 mundo
1394 1694 1519 1737 sunt
1544 1685 1856 1751 conspicua,
1878 1698 2230 1752 personarum
2265 1684 2482 1750 ﬁguras,

935 1790 1013 1842 ut,
1039 1794 1145 1847 qua
1169 1778 1380 1831 ratione
1419 1775 1590 1845 gratia
1619 1775 1671 1826 in
1711 1776 1887 1827 anima
1929 1789 1987 1827 se
2024 1784 2194 1841 gerat,
2220 1775 2400 1842 aliqua
2419 1790 2485 1827 ex

2144 397 2207 455 S.
2246 392 2555 453 MACARII
2598 389 2911 449 [EGYP'I‘II

1839 509 1904 562 Et
1954 510 2186 561 iterum:
2219 507 2485 560 Veniamus
2515 510 2559 560 Α
2586 504 2800 565 αὐτὸν,
2850 500 2944 551 καὶ
2986 498 3290 565 ἐμφανίσω
3324 497 3480 560 αὐτῷ
3512 498 3530 548 ὲ

2471 522 2485 555 ς
2515 510 2559 560 Α
2586 504 2800 565 αὐτὸν,
2850 500 2944 551 καὶ
2986 498 3290 565 ἐμφανίσω
3324 497 3480 560 αὐτῷ
3512 496 3788 563 ἐμαυτόν.
3825 496 3941 548 Καὶ
3972 498 4162 547 πάλιν·

4047 383 4167 445 6—10

2600 594 2999 654 Ἐλευσόμεθα
3046 590 3158 657 ἐγὼ
3206 590 3302 640 καὶ
3351 591 3382 640 ό
3424 588 3621 654 Πατήρ
3647 605 3795 653 μου,
3834 587 3938 639 καὶ
3964 590 4170 655 μονὴν

2581 684 2714 749 παρ’
2740 683 2901 747 αὺτῷ
2931 683 3279 748 ποιήσομεν.
3320 680 3501 738 Οὕτως
3536 682 3568 749 ἡ
3594 680 3819 749 ἄπειρος
3850 684 4168 747 χρηστότης

2579 775 2673 827 τοῦ
2708 776 2918 843 Πατρὸς
2955 774 3215 841 ἠθέλησεν
3241 813 3254 833 ,
3308 772 3477 833 οὕτως
3517 773 3548 838 ἠ
3581 773 3937 839 ἀνεννότητος
3972 773 4169 838 ἀγάπη

2579 866 2672 919 τού
2700 865 2932 937 Χριστοῦ
2962 866 3249 931 εὐδόκησεν
3276 905 3289 927 ,
3341 862 3511 924 οὕτως
3548 865 3581 931 ή
3613 864 3850 931 άρῤητος
3882 863 4168 927 ἀγαθὸτης

2580 958 2675 1011 τοῦ
2722 957 3035 1026 Πνεύματος
3083 956 3464 1023 ἐπηγγείλατο.
3505 955 3639 1017 Δόξα
3681 958 3744 1022 τῇ
3792 955 4030 1023 ὰρῤήτῳ
4073 957 4169 1004 ει-

2583 1050 2885 1117 σπλαγχνία
2914 1050 3010 1117 τῇς
3038 1048 3191 1113 ἁγίας
3218 1047 3464 1115 Τριάδος.

2652 1143 2724 1193 Z'.
2781 1141 2843 1188 Οἱ
2883 1140 2991 1207 γὰρ
3041 1137 3462 1201 καταξιωθέντες
3502 1136 3667 1188 τέκνα
3712 1135 3977 1200 γενέσθαι
4006 1136 4169 1197 Θεοῦ,

2584 1232 2674 1281 καὶ
2704 1232 2765 1280 ὲκ
2793 1227 3106 1296 Πνεύματος
3134 1227 3290 1292 ἁγίου
3324 1227 3527 1277 ἀνωθεν
3554 1226 3908 1293 γεννηθῆναι,
3950 1226 4049 1276 καὶ
4077 1228 4173 1275 τοι

2583 1318 2815 1386 Χριστὸν
2849 1314 3059 1383 ἔχοντες
3092 1318 3148 1368 ἐν
3176 1316 3386 1375 ἑαυτοῖς
3420 1314 3764 1383 ἐλλάμποντα
3790 1314 3884 1365 καὶ
3913 1314 4172 1365 ἀναπαύ-

2584 1424 2710 1459 οντα
2759 1406 2990 1469 αὐτοὺς,
3049 1407 3106 1458 tv
3162 1406 3424 1466 ποικίλοις
3477 1405 3571 1456 καὶ
3616 1405 3892 1473 διαφόροις
3937 1406 4174 1471 τρόποις

2586 1498 2896 1566 ΙΙνεύματός
2952 1497 3088 1548 εἰσιν
3137 1495 3524 1563 ὁδηγούμενοι,
3581 1496 3675 1547 καὶ
3716 1499 3967 1564 ἀοράτως
4009 1500 4065 1548 ἐν
4101 1501 4170 1564 τῇ

2586 1590 2808 1660 καρδίᾳ,
2860 1591 2917 1640 tv
2957 1586 3259 1639 ἀναπαύσει
3290 1590 3633 1655 πνευματικῇ
3669 1588 3771 1639 ὐπὸ
3800 1592 3899 1657 τῆς
3940 1590 4174 1656 χάριτος

2586 1680 2981 1750 ὲνεργούμενοι.
3017 1680 3287 1746 Πρόσωπα
3312 1679 3366 1729 δὲ
3396 1681 3460 1729 ὲκ
3487 1679 3596 1729 τῶν
3621 1680 3972 1745 φαινομένων
3998 1681 4057 1729 ἐν
4081 1680 4173 1729 κό-

2595 1792 2714 1842 σμῳ
2764 1771 3112 1825 ἀπολαύσεων
3161 1771 3511 1838 ὲνέγκωμεν,
3579 1771 3669 1822 καὶ
3721 1772 3777 1822 tv
3824 1770 3977 1837 ψυχῇ
4038 1773 4172 1822 ἀνα-

932 1881 1084 1938 parte
1120 1867 1381 1933 exemplis
1424 1865 1590 1917 veluti
1638 1865 2091 1918 demonstremus.
2124 1865 2260 1918 Sunt
2315 1865 2486 1919 inter—
2521 1847 2560 1900 Β
2590 1884 2623 1917 σ

2482 1847 2560 1903 ιθ
2590 1864 2823 1933 στροφάς
2876 1865 2974 1931 τῆς
3021 1864 3237 1931 χάριτος
3288 1864 3349 1911 ὲκ
3397 1862 3859 1929 παραδειγμάτων
3918 1863 4173 1931 μερικῶς

931 1958 1082 2020 dum,
1114 1958 1206 2025 qui
1240 1972 1269 2009 a
1304 1955 1475 2023 gratia
1506 1956 1800 2015 ducuntur,
1828 1964 1885 2006 ut
1911 1956 2002 2025 qui
2040 1955 2090 2005 in
2132 1970 2286 2007 caena
2338 1953 2484 2021 regia

938 2051 1210 2108 lazlantur,
1241 2057 1297 2100 et
1330 2048 1602 2100 exsultant
1632 2047 1993 2100 exsultatione
2025 2062 2086 2099 ac
2132 2046 2314 2099 laetitia
2347 2046 2485 2099 inef-

936 2139 1086 2191 fabili
1126 2154 1137 2187 :
1174 2137 1277 2189 alia
1318 2153 1449 2189 vero
1504 2137 1634 2188 hora
1682 2136 1886 2188 similes
1926 2145 2053 2187 sunt
2088 2150 2317 2203 sponsae,
2368 2150 2488 2203 qua:

933 2231 1133 2283 fruitur
1165 2228 1218 2281 in
1253 2228 1503 2297 conjugio
1557 2244 1678 2281 cum
1728 2242 1927 2296 sponso
1963 2242 2061 2279 suo
2093 2227 2369 2293 voluptate
2401 2225 2487 2277 di-

932 2318 1077 2371 vina.
1115 2318 1422 2387 Aliquando
1474 2318 1608 2370 liunt
1663 2318 1827 2371 veluti
1867 2316 2042 2386 angeli
2075 2315 2402 2383 incorporei,
2435 2315 2488 2367 in

934 2422 1081 2465 tanta
1114 2413 1337 2465 levitate
1370 2426 1430 2463 ac
1469 2411 1767 2463 subtilitate
1804 2425 1909 2461 una
1950 2424 2072 2462 cum
2100 2422 2327 2475 corpore
2357 2422 2489 2459 con-

932 2504 1129 2556 stituti.
1164 2503 1443 2557 Interdum
1468 2512 1613 2564 sunt,
1644 2512 1702 2555 ut
1725 2504 1815 2571 qui
1846 2511 1974 2572 potu
2007 2501 2261 2553 inebriati
2292 2510 2346 2553 et
2370 2500 2491 2567 Spi-

935 2598 1042 2649 ritu
1081 2598 1439 2656 delectantur,
1471 2596 1833 2657 inebriantur,
1869 2596 2135 2648 ebrietate
2177 2592 2493 2647 scilicetdi-

936 2688 1191 2737 vinorum
1237 2701 1298 2738 ac
1330 2684 1692 2753 spiritualium
1726 2684 2129 2754 mysteriorum.

1006 2778 1141 2831 VIII.
1176 2778 1452 2830 Interdum
1483 2786 1611 2829 sunt
1641 2777 1789 2829 velut
1842 2778 1896 2829 in
1946 2776 2096 2829 luctu
2136 2785 2191 2827 et
2234 2776 2497 2827 lamenta-

938 2870 1083 2922 tione
1114 2877 1338 2937 propter
1383 2884 1558 2937 genus
1608 2869 1930 2929 humanum,
1983 2882 2046 2919 ac
2094 2866 2349 2934 precibus
2396 2880 2496 2934 pro

940 2970 1055 3014 toto
1090 2976 1287 3029 genere
1319 2960 1555 3012 humano
1586 2959 1796 3021 eﬂ‘usis,
1838 2958 1903 3011 ad
1928 2958 2211 3027 lacrymas,
2238 2966 2292 3009 et
2326 2956 2393 3009 ad
2416 2956 2498 3008 lu—

942 3064 1089 3105 ctum
1117 3052 1501 3121 prolabuntur,
1549 3052 1841 3105 dilectione
1863 3050 2133 3119 spirituali
2158 3066 2284 3118 erga
2315 3050 2499 3101 huma-

2589 1955 3018 2015 ὐποδεικνύντες.
3057 1954 3241 2005 Ἔστιν
3289 1954 3376 2004 ὅτε
3402 1954 3640 2019 γίνονται
3688 1954 3762 2015 ὼς
3811 1956 3868 2005 tv
3900 1954 4176 2023 βασιλικῷ

2586 2051 2783 2118 δείπνῳ
2818 2049 3263 2119 εὐφραινόμενοι,
3317 2050 3411 2100 καὶ
3446 2048 3809 2113 ἀγαλλιῶντες
3840 2050 4172 2115 ἀγαλλιάσει

2588 2145 2683 2196 καὶ⁸
2714 2142 3021 2213 εὐφροσύνῃ
3054 2141 3399 2209 ἀνεκλαλήτῳ
3420 2158 3432 2170 ο
3489 2141 3621 2211 ἄλλῃ
3654 2141 3773 2210 ὢρα
3808 2143 3946 2192 εἰσὶν
3980 2143 4173 2209 ὧσπερ

2589 2235 2770 2303 νύμφη
2846 2235 3322 2303 συναναπαυομένη
3388 2234 3444 2284 tv
3504 2235 3754 2302 κοινωνίᾳ
3811 2234 3889 2301 τῷ
3948 2237 4172 2303 νυμφίῳ

2591 2325 2760 2393 αὐτῆς
2791 2326 3095 2379 ἀναπαύσει
3126 2325 3301 2394 θεῖκῇ.
3334 2324 3551 2376 Ἀλλοτε
3582 2326 3818 2390 γίνονται
3850 2324 4049 2393 ὥσπερ
4074 2328 4173 2390 ἀγ-

2591 2422 2737 2487 γελοι
2787 2419 3103 2487 ἀσώματοι,
3153 2419 3211 2469 tv
3253 2420 3486 2487 τοσαύτῃ
3520 2418 3808 2485 κουφότητι
3840 2417 3997 2478 ὄντες
4035 2420 4173 2486 μετά

2591 2513 2684 2565 τοῦ
2732 2511 3016 2581 σώματος’
3070 2510 3254 2563 ἄλλοτέ
3306 2512 3442 2561 εἰσιν
3485 2508 3672 2575 ὥσπερ
3713 2511 3769 2559 ὲν
3806 2508 3945 2580 μέθῃ
3977 2512 4171 2571 ποτοῦ,

2594 2605 3005 2672 εὐφραινόμενοι
3055 2604 3147 2653 καὶ
3201 2601 3487 2670 μεθύοντες
3526 2600 3601 2669 τῷ
3640 2601 3953 2667 Πνεύματι,
4000 2604 4175 2670 μέθην

2596 2697 2753 2748 θείων
2788 2693 3099 2764 μυστηρίων
3128 2710 3258 2744 πνευ
3270 2692 3530 2761 ματικῶν.

2668 2786 2747 2839 Η’.
2809 2784 3030 2837 ’Λλλοτέ
3076 2785 3211 2835 εἰσιν
3268 2784 3340 2843 ὡς
3390 2785 3445 2834 tv
3493 2783 3753 2852 κλαυθμῷ
3807 2785 3899 2834 καὶ
3948 2784 4175 2851 ὀδυρμῴ

2599 2878 2735 2947 ὑπὲρ
2766 2878 2857 2929 τοῦ
2887 2878 3074 2943 γένους
3104 2876 3210 2927 τῶν
3236 2875 3537 2944 ἀνθρώπων
3557 2918 3571 2939 ,
3622 2877 3714 2926 καὶ
3743 2876 4000 2943 δεόμενον
4038 2878 4174 2941 ὑπὲρ

2599 2970 2719 3021 ὅλου
2766 2968 2858 3020 τοῦ
2897 2968 3102 3035 Ἀδὰμ,
3162 2967 3350 3028 πένθος
3399 2968 3491 3017 καὶ
3536 2967 3806 3033 κλαυθμὸν
3847 2968 4171 3033 ἀναλαμὸά-

2601 3077 2779 3110 νουσιν
2830 3058 2933 3110 ὑπὸ
2975 3059 3073 3126 τῆς
3101 3058 3318 3125 ἀγάπης
3359 3058 3450 3108 τοῦ
3488 3058 3803 3124 Πνεύματος
3836 3060 3913 3118 εἰς
3945 3058 4048 3126 τὴν
4078 3060 4171 3108 άν-

940 3160 1067 3198 num
1099 3160 1270 3213 genus
1302 3146 1541 3198 accensi.
1585 3143 1861 3197 Interdum
1897 3160 2025 3197 vero
2071 3143 2136 3196 ad
2169 3151 2372 3195 tantam
2401 3157 2499 3196 ex-
2528 3179 2571 3239 C
2604 3149 2630 3200 θ

2481 3172 2499 3180 -
2528 3179 2571 3239 C
2604 3149 2928 3219 θρωπὸτητα
2973 3147 3338 3215 ἐκκαιόμενοι.
3389 3146 3607 3198 Ἀλλοτε
3644 3148 3700 3196 ὲν
3732 3146 3963 3214 τοσαύτῃ
4005 3149 4172 3211 ἀγα).-

941 3237 1293 3289 sultationem
1321 3252 1383 3288 ac
1414 3235 1764 3288 dilectionem
1783 3250 1810 3286 a
1834 3234 2042 3302 Spiritu
2072 3232 2496 3296 inﬂammantur,

942 3335 1020 3388 ut,
1055 3327 1099 3379 si
1156 3325 1272 3379 ﬂeri
1305 3323 1515 3394 possit;
1538 3340 1728 3378 omnes
1778 3326 2027 3377 homines
2079 3325 2131 3377 in
2164 3339 2261 3377 sua
2298 3324 2502 3377 viscera

944 3416 1299 3485 conjicerent,
1336 3415 1487 3467 nulla
1538 3430 1639 3467 nec
1680 3414 1946 3467 bonorum
1990 3430 2090 3466 nec
2120 3413 2386 3465 malorum
2417 3413 2505 3464 ha-

946 3510 1057 3561 bita
1114 3507 1344 3559 ratione.
1401 3507 1683 3559 Interdum
1743 3522 1874 3559 vero
1944 3506 2307 3559 demittuntur
2362 3505 2503 3558 infra

944 3615 1134 3653 omnes
1170 3600 1422 3652 homines
1450 3600 1502 3651 in
1531 3600 1840 3651 humilitate
1872 3598 2135 3666 Spiritus,
2172 3607 2307 3651 utse
2354 3598 2504 3667 ipsos

944 3692 1192 3744 omnium
1225 3691 1604 3759 abjectissima:
1634 3706 1696 3743 ac
1730 3690 1928 3742 intima:
1963 3689 2293 3743 conditionis
2338 3706 2502 3758 repu-

946 3792 1085 3836 tent.
1122 3782 1401 3834 Interdum
1454 3783 1507 3834 in
1541 3782 1739 3849 gaudio
1782 3781 2043 3835 ineffabili
2076 3797 2103 3833 a
2142 3781 2343 3849 Spiritu
2378 3796 2507 3833 con-

948 3884 1257 3927 servantur.
1314 3874 1589 3925 Interdum
1650 3882 1777 3926 sunt
1826 3875 1975 3925 velut
2024 3872 2180 3925 fortis
2210 3873 2503 3940 quispiam,

946 3964 1061 4032 qui,
1093 3964 1403 4015 universam
1461 3972 1794 4015 armaturam
1846 3962 1987 4029 regis
2041 3962 2295 4024 induens,
2330 3972 2385 4015 et
2450 3963 2506 4015 in

945 4054 1191 4123 pnelium
1229 4052 1585 4113 descendens,
1623 4052 1884 4105 adversus
1934 4053 2119 4105 hostes
2165 4051 2380 4105 fortiter
2425 4052 2509 4105 di-

948 4146 1146 4205 micat,
1202 4159 1406 4211 eosque
1461 4143 1653 4195 vincit.
1704 4143 1907 4197 Eodem
1986 4143 2148 4197 modo
2207 4144 2509 4212 spiritualis

948 4242 1136 4303 homo,
1172 4240 1467 4307 assumptis
1494 4238 1813 4292 cmlestibus
1844 4238 2010 4292 armis
2040 4239 2295 4305 Spiritus,
2326 4238 2509 4291 hostes

948 4332 1175 4395 invadit,
1210 4331 1509 4399 praalioque
1532 4331 1827 4383 commisso
1862 4331 2090 4400 subjicit
2123 4332 2247 4385 illos
2277 4331 2511 4400 pedibus

950 4420 1143 4472 suis“.

2603 3243 2775 3294 λιάσει
2819 3242 2908 3291 καὶ
2946 3241 3135 3309 ἀγάπῃ
3172 3240 3274 3290 ὐπὸ
3303 3238 3395 3289 τοῦ
3431 3240 3745 3307 Πνεύματος
3778 3238 4172 3306 ἐκπυροῦνται,

2600 3330 2713 3393 ὡς,
2770 3331 2818 3381 εί
2866 3329 3129 3391 δυνατὸν,
3187 3328 3359 3379 πάντα
3413 3328 3696 3395 ἄνθρωπον
3751 3329 3808 3378 ἐν
3857 3332 3971 3388 τοῖς
4026 3328 4176 3386 ἰδίοις

2606 3420 2929 3487 σπλάγχνοις
2984 3416 3243 3486 ἐμϐαλεῖν
3269 3458 3282 3480 ,
3347 3419 3419 3485 μὴ
3464 3417 3827 3485 διακρίνοντες
3861 3418 4034 3469 κακον
4074 3417 4175 3469 ἀπὸ

2604 3512 2853 3579 ἀγαθοῦ’
2925 3512 3111 3567 ἄλλοτε
3175 3511 3424 3563 τοσοῦτον
3484 3510 3859 3562 ταπεινοῦνται
3921 3512 4177 3562 ὑποκάτω

2606 3605 2801 3665 παντὸς
2830 3603 3114 3672 ἀνθρώπου
3148 3604 3203 3653 ὲν
3230 3601 3694 3669 ταπεινοφροσύνῃ
3718 3600 3808 3651 τοῦ
3838 3600 4173 3668 [Ινεύματος.

2604 3698 2680 3758 ὡς
2713 3698 2936 3756 ἑαυτοὺς
2960 3696 3175 3747 πάντων
3201 3694 3601 3762 ἐσχατωτέρους
3630 3694 3724 3744 καὶ
3746 3692 4006 3752 ἐλάττους
4031 3694 4177 3759 νομί-

2607 3787 2969 3849 ζειν.Ἀλλοτε
2996 3788 3052 3837 ὲν
3078 3786 3223 3855 χαρᾷ
3243 3784 3591 3853 ἀνεκλαλήτῳ
3618 3784 3720 3834 ὐπὸ
3742 3782 3835 3834 τοῦ
3862 3783 4177 3851 Ιινεύματος

2606 3878 3236 3946 διατηροῦνται.”Αλλοτέ
3260 3878 3395 3929 εἰσιν
3423 3876 3607 3943 ὥσπερ
3629 3893 3711 3937 τις
3733 3876 3972 3935 δυνατὸς,
4001 3876 4179 3926 λαὸων

2610 3971 2903 4021 πανοπλίαν
2938 3968 3217 4037 βασιλικὴν
3239 4009 3253 4029 ,
3304 3969 3397 4020 καὶ
3437 3968 3711 4018 κατελθὼν
3745 3969 3801 4018 ἐν
3829 3967 4059 4035 πολέμῳ
4093 3967 4181 4017 ἐπὶ

2608 4061 2731 4121 τοὺς
2765 4060 2989 4128 ἐχθροὺς
3044 4058 3275 4126 ἰσχυρῶς
3305 4057 3737 4122 καταγωνίσεται
3772 4056 3992 4117 τούτους
4024 4060 4178 4121 νική-

2612 4166 2729 4209 σας.
2774 4150 3001 4216 Ὁμοίως
3036 4149 3144 4214 γάρ
3196 4148 3288 4199 ναὶ
3335 4146 3705 4213 πνευματικὸς
3740 4144 4004 4213 λαμϐάνει
4043 4147 4182 4196 ὅπλα

2611 4240 2909 4308 ἐπουράνια
2952 4239 3043 4289 τοῦ
3092 4239 3402 4306 Πνεσματος
3429 4276 3443 4299 ,
3512 4237 3604 4287 καὶ
3652 4238 3743 4286 ἐπὶ
3783 4236 3908 4296 τοὺς
3954 4237 4181 4304 ἐχθροὺς

2611 4332 2931 4399 κατέρχεται
2965 4330 3057 4380 καὶ
3088 4329 3338 4397 πολεμεῖ,
3361 4329 3451 4379 καὶ
3483 4328 3808 4377 ὐποστάσσει
3840 4326 4043 4389 αὐτοὺς
4080 4326 4182 4378 ὐπὸ

2610 4426 2734 4484 τοὺς
2766 4423 2929 4482 πόὁας
2961 4420 3149 4473 αὐτοῦ.

1022 4509 1107 4560 IX.
1152 4508 1428 4560 Interdum
1474 4509 1527 4560 in
1576 4524 1789 4561 summo
1830 4510 2068 4573 silentio,
2115 4509 2508 4577 tranquillitate
2541 4521 2584 4574 ι)
2682 4515 2713 4563 ﬂ

2491 4521 2584 4574 3])
2682 4512 2758 4564 8'.
2800 4511 3019 4562 Ἀλλοτε
3072 4513 3129 4562 ἐν
3175 4510 3341 4577 πολλῇ
3389 4527 3495 4561 τινι
3536 4510 3769 4578 ἡσυχία,
3816 4510 3909 4561 καὶ
3950 4510 4182 4578 γαλήνῃ,

952 4608 1006 4651 et
1033 4613 1165 4666 pace
1223 4598 1521 4665 requiescit
1573 4598 1774 4659 anima,
1812 4600 1865 4651 in
1896 4600 2009 4652 sola
2056 4602 2323 4669 spirituali
2354 4602 2510 4653 volu-

956 4700 1122 4759 ptate,
1153 4699 1208 4743 et
1245 4688 1508 4743 ineﬂabili
1542 4690 1732 4757 requie
1776 4699 1938 4758 atque
1989 4692 2043 4743 in
2106 4693 2315 4758 optimo
2367 4703 2511 4747 statu

950 4781 1236 4835 evsistens.
1264 4779 1543 4832 Interdum
1572 4779 1627 4831 in
1650 4780 2010 4847 intelligentia
2049 4781 2281 4847 quadam
2317 4796 2379 4833 ac
2423 4797 2510 4835 sa-

954 4872 1157 4940 picutia
1192 4871 1477 4933 inetl‘abili,
1505 4882 1559 4923 et
1589 4870 1783 4924 notitia
1829 4872 2065 4939 Spiritus
2107 4872 2448 4925 inscrutabili
2480 4888 2511 4925 a

954 4965 1122 5033 gratia
1151 4963 1476 5025 instituitur,
1520 4964 1665 5016 circa
1696 4978 1781 5025 ea,
1814 4979 1935 5031 qua:
1968 4978 2069 5015 nec
2090 4963 2272 5031 lingua
2299 4980 2399 5017 nec
2420 4980 2515 5019 ore

959 5058 1144 5111 eﬂ'erri
1191 5066 1416 5123 queunt.
1467 5054 1747 5108 Interdum
1782 5065 1841 5107 ut
1905 5056 2085 5123 quivis
2124 5055 2403 5109 hominum
2436 5057 2512 5110 (it.

960 5152 1037 5203 Ita
1069 5149 1217 5202 varie
1263 5147 1435 5216 gratia
1492 5156 1743 5199 versatur
1799 5147 1850 5199 in
1907 5146 1991 5208 iis,
2025 5163 2087 5199 ac
2117 5148 2300 5201 multis
2341 5150 2517 5203 modis

964 5240 1113 5293 ducit
1144 5240 1401 5299 animam,
1426 5254 1683 5292 recreans
1710 5240 1861 5308 juxta
1893 5240 2228 5293 voluntatem
2253 5240 2513 5305 divinam,

964 5340 1289 5399 exercetque
1350 5346 1468 5384 eam
1512 5330 1898 5391 diversimode,
1927 5339 1985 5382 ut
2036 5332 2180 5383 illam
2230 5332 2515 5400 integram,

962 5424 1073 5491 30
1129 5423 1666 5491 irreprehensibilem
1711 5432 1874 5490 atque
1922 5439 2114 5491 puram
2161 5424 2302 5490 apud
2358 5424 2520 5476 coele—

963 5523 1100 5567 stcm
1134 5513 1345 5565 Patrem
1377 5514 1694 5565 constituat.

1036 5604 1102 5656 Χ.
1129 5603 1393 5657 (Ξεειριυῐη
1435 5604 1704 5672 praedicta:
1744 5604 1827 5657 ha:
1878 5603 2115 5671 Spiritus
2161 5605 2519 5673 operationes,

1040 5778 1083 5808 "
1113 5779 1266 5832 Joan.
1300 5794 1395 5841 xu,
1426 5780 1512 5832 ‘ll.
1591 5780 1807 5835 "Joan.
1840 5796 1945 5841 xw,
1973 5778 2059 5831 25.

2618 4605 2651 4673 ή
2682 4603 2825 4672 ψυχὴ
2857 4602 3229 4663 ἀναπαύεται,
3272 4603 3349 4662 εἱς
3388 4602 3554 4669 μόνην
3585 4601 3773 4669 ἡδονὴν
3809 4604 4185 4671 πνευματικὴν

2618 4698 2711 4748 καὶ
2740 4696 3041 4747 ἀνάπαυσιν
3075 4693 3313 4762 άρῤητον
3340 4688 3492 4755 οὖσα,
3532 4693 3621 4743 καὶ
3649 4690 3921 4759 εὐθηνίαν.
3956 4693 4186 4743 ’Δλλοτε

2618 4791 2677 4840 tv
2704 4787 2915 4839 συνέσει
2939 4786 3044 4836 τινὶ
3074 4785 3167 4837 καὶ
3199 4786 3360 4853 σοφίᾳ
3384 4784 3629 4851 ἀρρήτῳ,
3664 4783 3756 4833 καὶ
3785 4782 3982 4849 γνώσει
4011 4786 4187 4835 Ilvati-

2624 4895 2789 4947 ματος
2837 4874 3259 4944 ἀνεξερευνήτου
3318 4876 3422 4926 ὐπὸ
3470 4875 3566 4941 τῆς
3615 4876 3830 4942 χάριτος
3879 4874 4186 4938 σοφίζεται,

2622 4969 2762 5037 ἅπερ
2805 4968 2892 5020 διὰ
2936 4966 3185 5034 γλώσσης
3222 4966 3314 5017 καὶ
3348 4966 3613 5034 στόματος
3644 4965 3873 5032 λαλῆσαι
3900 4964 4185 5017 ἀδύνατον.

2627 5062 2848 5113 Ἀλλοτε
2900 5059 3089 5127 ὥσπερ
3132 5054 3209 5121 εἷς
3244 5057 3351 5109 τῶν
3382 5057 3683 5127 ἀνθρώπων
3717 5057 3987 5123 γίγνεται.
4030 5057 4190 5108 Οὕτω

2624 5154 2883 5216 ποικίλως
2928 5156 2984 5205 ἐν
3024 5156 3206 5215 αὐτοῖς
3246 5156 3279 5221 ἠ
3312 5155 3469 5223 χάρις
3500 5154 3925 5221 ἀναστρέφεται,
3966 5153 4061 5203 καὶ
4096 5170 4189 5204 πο-

2624 5244 2902 5315 λυτρόπως
2931 5247 3113 5314 ὁδηγεῖ
3145 5247 3239 5313 τὴν
3268 5245 3442 5313 ψυχὴν
3466 5245 3819 5297 ἀναπαύουσα
3851 5245 3994 5295 κατά
4021 5246 4086 5295 τὸ
4110 5246 4192 5295 θέ-

2624 5336 2771 5404 λημα
2806 5336 2897 5387 τοῦ
2930 5336 3097 5399 Θεοῦ,
3146 5338 3239 5388 καὶ
3274 5336 3538 5403 γυμνάζει
3571 5337 3737 5403 αὐτὴν
3768 5337 4066 5401 διαφόρως,
4112 5337 4190 5385 ἵνα

2623 5428 2833 5479 τελείαν
2890 5430 2981 5479 καὶ
3028 5428 3255 5496 ἄμωμον
3308 5428 3402 5478 καί
3447 5427 3690 5497 καθαρὰν
3754 5427 3831 5495 τῷ
3882 5428 4191 5494 ἐπουρανίῳ

2626 5519 2801 5586 Πατρὶ
2829 5520 3273 5590 ἀποκαταστήσῃ.

2700 5610 2753 5659 I’.
2818 5608 3001 5661 Ταῦτα
3033 5609 3088 5661 δὲ
3141 5610 3206 5661 τὰ
3242 5608 3614 5679 προειρημένα
3640 5607 3733 5659 τοῦ
3758 5608 4082 5677 Πνεύματος
4112 5624 4191 5657 εν-

2140 5780 2180 5811 "
2222 5778 2417 5847 Ephes.
2447 5796 2517 5845 v1,
2562 5780 2625 5832 12
2648 5796 2761 5847 seq.
