4282 6364
200 404 298 469 Gil

1420 403 1771 469 HOMILI/E
1816 429 1886 444 -
1921 406 2106 468 HOM.
2146 407 2309 473 XIX.

3368 403 3475 469 ιιι

201 517 515 587 ερτήματα,
561 517 814 587 μεγάλων
843 514 1059 589 μέτρων
1087 518 1195 572 sisi.
1230 516 1341 573 τῶν
1371 518 1538 587 ἔγγὺς
1567 519 1670 588 τῆς
1692 532 1783 569 τεο
1811 517 1857 575 Α
1885 530 1892 568 ε

1778 542 1783 555 ι
1811 517 1857 575 Α
1885 514 1954 571 ad
1984 530 2263 572 summum
2296 514 2527 588 gradum
2549 516 2830 591 pertinent
2855 532 3073 585 eorum,
3100 517 3195 591 qui
3220 532 3469 594 proxtme

198 606 477 678 λειότητος
505 605 699 662 ὅντων.
749 609 817 661 Δί
849 609 959 678 γὰρ
1005 610 1406 682 προειρημέναι
1434 610 1534 681 τῆς
1564 610 1789 682 χάριτος

199 700 450 753 ποικίλαι
478 700 837 765 ἀναπαύσεις,
867 700 1142 772 διαφόρως
1172 702 1271 771 μὲν
1295 701 1604 769 λαλοῦνται,
1638 702 1791 755 ἀδιαο

200 790 444 854 λείπτως
489 791 549 844 δι
599 793 679 856 είς
727 793 926 855 αὐτοὺς
973 794 1351 864 ινεργοῦνται,
1385 795 1669 865 ινίργειαν
1698 796 1789 847 ιν-

200 883 425 951 εργείας
472 882 880 953 διαδεχομένης.
917 884 1091 938 Ὅταν
1130 886 1238 955 γάρ
1275 887 1309 957 ἡ
1339 885 1487 957 ψυχὴ
1521 886 1661 956 πρὸς
1689 886 1789 956 τὴν

201 974 524 1045 τελειότητα
553 974 650 1027 τοῦ
677 976 1002 1045 πνεύματος
1028 977 1341 1051 καταντήσῃ
1360 1017 1374 1041 ,
1406 977 1626 1041 τελείως
1651 978 1791 1032 πάν.

202 1083 315 1119 των
341 1066 452 1119 τῶν
478 1064 669 1119 παθῶν
697 1066 1232 1138 ἀποκαθαρισθετσα,
1266 1070 1360 1122 καὶ
1388 1069 1467 1139 τῷ
1493 1070 1789 1141 Παρακλήο

202 1172 284 1225 τῳ
313 1154 596 1225 Πνεύματι
644 1154 737 1209 διὰ
783 1155 882 1227 τῆς
926 1159 1168 1229 ἀρρήτου
1209 1160 1496 1224 κοινωνίας
1525 1160 1790 1214 ἀνωθεϊσα

204 1248 305 1299 καὶ
346 1245 715 1316 ἀνακραθεϊσα
738 1285 755 1310 ,
803 1247 899 1301 καὶ
936 1250 1247 1322 καταξιωθῇ
1289 1249 1505 1323 πνεῦμα
1530 1250 1790 1320 γενέσθαι

207 1337 632 1407 συγκεκραμένη
689 1336 768 1408 τῷ
824 1338 1128 1410 Πνεύματι,
1184 1342 1304 1396 τότε
1355 1342 1451 1415 ὅλη
1496 1344 1645 1413 φῶς,
1694 1342 1789 1413 ὅλη

198 1426 485 1497 ὀφθαλμὸς
502 1468 517 1492 ,
546 1427 642 1499 ὅλη
690 1427 941 1500 πνεῦμα,
985 1431 1104 1485 ὅλον
1123 1432 1296 1504 χαρὰ,
1323 1434 1443 1487 ὅλον
1468 1434 1787 1497 ἀνάπαυσις,

202 1519 325 1570 ὅλον
371 1517 694 1585 ἀγαλλίασις
712 1557 729 1583 ,
773 1518 897 1573 ὅλον
928 1520 1152 1592 ἀγάπη,
1184 1523 1305 1576 ὅλον
1336 1522 1639 1594 σπλάγχνα,
1670 1525 1790 1577 ὅλον

201 1609 478 1679 ἀγαθότης
500 1610 594 1663 καὶ
613 1612 917 1683 χρηστότης
936 1615 1384 1688 γίνεται.”ίὶσπερ
1404 1617 1512 1688 τάρ
1536 1620 1593 1671 ὲν
1623 1618 1791 1671 ἀσύσο

205 1716 287 1770 σῳ
339 1701 615 1774 θαλάσσης
664 1704 812 1767 λίθος
861 1707 1196 1777 πανταχόθεν
1249 1708 1400 1762 ὕδατι
1452 1710 1787 1780 περιέχεται·

202 1791 381 1856 οῦτως
408 1788 584 1857 οὗτοι,
644 1797 809 1849 παντὶ
850 1798 1037 1868 τρόπῳ
1085 1796 1362 1868 Πνεύματι
1402 1800 1547 1872 ἁγίῳ
1592 1801 1793 1854 ἀνακε-

1896 618 1927 659 a
1966 603 2311 676 perfectione
2343 604 2568 662 absunt.
2599 606 2709 663 Ille
2741 609 2913 675 enim,
2946 624 3185 681 quarum
3234 611 3473 668 mentio-

1894 709 2022 749 nem
2061 694 2315 760 fecimus,
2358 695 2528 751 varia
2592 695 3004 754 moderationes
3053 698 3263 770 gratiae,
3318 700 3473 756 varie

1894 787 2120 855 quidem
2148 788 2557 857 exprimuntur,
2590 790 2813 845 assidue
2860 799 3045 845 tamen
3093 790 3148 846 in
3219 790 3475 846 homines

1897 885 2100 946 agunt,
2150 877 2367 934 actione
2421 878 2701 935 actionem
2754 880 3088 949 excipiente.
3154 880 3261 938 Ubi
3322 881 3475 937 enim

1895 967 2077 1022 anima
2095 968 2163 1023 ad
2184 968 2582 1038 perfectionem
2610 970 2847 1040 spiritus
2876 972 3214 1041 pervenerit,
3231 971 3476 1040 perfeth

1905 1059 1975 1114 ab
2006 1060 2267 1115 omnibus
2290 1061 2584 1117 atfectibus
2610 1070 2929 1134 expurgata,
2953 1070 3012 1119 et
3051 1062 3281 1133 Spiritui
3312 1058 3477 1119 Para-

1896 1149 2046 1204 cleto
2062 1163 2263 1204 arcana
2280 1149 2539 1206 societate
2555 1151 2707 1205 unita
2722 1152 3073 1222 etpermista,
3086 1166 3151 1207 ac
3167 1160 3474 1222 temperata

1897 1253 2023 1293 cum
2067 1238 2275 1310 Spiritu
2298 1239 2462 1310 digna
2492 1241 2731 1296 habetur
2752 1241 2872 1297 ﬁeri
2909 1244 3179 1312 spiritus;
3210 1252 3329 1298 tum
3362 1252 3475 1300 tota

1896 1329 1987 1383 lux
2014 1369 2029 1394 ,
2060 1338 2172 1383 tota
2204 1331 2419 1395 oculus,
2453 1339 2568 1387 tota
2610 1332 2863 1403 spiritus,
2908 1342 3018 1389 tota
3049 1334 3330 1405 gaudium,
3358 1344 3476 1392 tota

1896 1419 2212 1488 delectatio,
2238 1431 2352 1479 tota
2393 1425 2711 1491 exsultatio,
2743 1433 2853 1481 tota
2886 1426 3132 1491 dilectio,
3158 1434 3273 1482 tota
3298 1426 3477 1482 visce-

1900 1528 1979 1576 ra,
2004 1520 2118 1568 tota
2165 1513 2384 1570 bonitas
2430 1524 2489 1570 et
2519 1516 2814 1572 demntia
2842 1516 2923 1571 lit.
2970 1516 3125 1572 Sicut
3153 1517 3303 1573 enim
3333 1517 3475 1588 lapis

1895 1602 1950 1656 in
1979 1603 2252 1673 profundo
2278 1605 2446 1660 maris
2472 1606 2717 1675 undique
2761 1621 2902 1676 aqua
2927 1606 3305 1663 circumdatur
3340 1622 3357 1661 :
3391 1608 3475 1663 sic

1898 1690 1978 1751 hi,
2009 1690 2160 1744 omni
2195 1691 2359 1745 modo
2408 1690 2641 1761 Spiritui
2699 1699 2892 1747 sancto
2941 1693 3211 1762 permisti,
3265 1694 3475 1748 similes

1898 1783 2037 1835 ﬂunt
2062 1782 2293 1846 Christi,
2327 1784 2559 1840 virtutes
2592 1784 2853 1854 potentia:
2882 1784 3126 1855 Spiritus
3153 1795 3474 1840 constanter

202 1881 510 1951 κραμένοι,
565 1866 957 1955 ἀφομοιοῦνται
1135 1866 1387 1960 Χριστῷ,
1591 1891 1793 1961 ἀρετὰς
1824 1872 1864 1927 Β

1777 1906 1793 1953 ς
1824 1872 1864 1927 Β
1895 1866 1949 1920 in
1982 1883 2040 1923 se
2067 1868 2202 1937 ipsis
2219 1869 2722 1934 ohtinentes,intus
2750 1869 3105 1935 exsistentes,
3138 1872 3319 1926 omnis
3348 1886 3468 1925 ma-

200 1974 306 2042 τῆς
349 1973 632 2044 δυνάμεως
686 1975 783 2031 τοῦ
816 1978 1137 2050 Πνεύματος
1169 1982 1458 2052 ἀτρέπτως
1495 1985 1554 2036 ὲν
1578 1983 1793 2045 laurui;

201 2064 423 2133 ἔχοντες
443 2106 460 2132 ,
496 2066 704 2124 ἔσωθεν
726 2068 885 2134 ὅντες
907 2072 1132 2143 άμωμοι
1153 2112 1169 2139 ,
1203 2072 1300 2126 καὶ
1328 2072 1547 2127 ἄσπιλοι
1577 2074 1670 2127 καὶ
1694 2091 1791 2127 κα-

201 2156 386 2227 θαροί.

281 2251 383 2305 IA'.
422 2251 523 2306 Διά
548 2252 661 2325 γὰρ
689 2252 784 2306 τοῦ
814 2253 1136 2323 Πνεῦματος
1166 2252 1642 2326 καταρτισθόντες,
1671 2252 1789 2316 πῶς

196 2341 459 2395 δύνανται
504 2342 717 2413 καρπὸν
758 2342 956 2407 ἔξωθεν
985 2346 1184 2407 κακίας
1217 2346 1587 2416 προαγαγεῐν;
1631 2344 1789 2398 ’Λλλά

203 2432 438 2484 πάντοτε
488 2430 579 2484 διὰ
629 2430 851 2486 πάντων
871 2471 887 2497 ,
936 2433 987 2485 ol
1024 2434 1229 2503 καρποὶ
1259 2430 1353 2485 τοῦ
1381 2432 1703 2501 Πνεύματος
1730 2432 1791 2483 ιν

199 2523 392 2584 αὐτοῖς
452 2520 840 2591 ὅιαλάμπουοι.
914 2521 1403 2593 Παρακαλέσωμεν
1453 2521 1635 2574 τοίνυν
1695 2521 1789 2574 καὶ

200 2612 367 2679 ἡμεῖς
381 2609 473 2663 τδν
493 2610 647 2673 Θεὸν,
667 2612 763 2663 καὶ
789 2610 1171 2680 πιστεύσωμεν
1196 2612 1255 2663 ὲν
1278 2611 1468 2681 ἀγάπῃ
1492 2611 1585 2663 καὶ
1612 2609 1789 2663 ἑλπίδι

202 2700 375 2773 πολλῇ
401 2740 417 2765 ,
473 2700 561 2754 ἴνα
611 2701 725 2772 δῴη
770 2704 903 2773 ἡμῖν
956 2702 1055 2773 τὴν
1104 2702 1428 2772 ἐπουράνιον
1480 2702 1641 2773 χάριν
1688 2705 1788 2772 τῆς

197 2792 415 2863 δωρεᾶς
438 2792 532 2846 τοῦ
560 2792 897 2863 Πνεύματος,
929 2794 1017 2848 ἵνα
1043 2794 1137 2847 καὶ
1157 2796 1306 2866 ἡμᾶς
1329 2792 1462 2847 αὐτὸ
1482 2794 1544 2847 τὸ
1566 2793 1788 2864 Πνεῦμα

202 2884 518 2955 κυϐερνήσει
547 2886 642 2939 καὶ
668 2886 913 2958 ὁδηγήσει
942 2887 1021 2950 είς
1049 2887 1159 2939 πᾶν
1185 2886 1247 2939 τὸ
1272 2885 1486 2957 θέλημα
1513 2886 1607 2939 τοῦ
1626 2885 1784 2949 Θεοῦ,

203 2976 301 3029 καὶ
346 2977 639 3047 ἀναπαύσῃ
668 2978 817 3049 ἡμᾶς
850 2977 907 3031 ἑν
938 2979 1005 3049 τῇ
1036 2977 1373 3049 ποικιλότητι
1403 2978 1505 3048 τῆς
1533 2977 1786 3033 ἀναπαύ-

204 3081 347 3128 σεως
380 3064 546 3120 αὐτοῦ
568 3105 585 3131 ,
624 3066 711 3120 ῐνα
750 3067 839 3120 διὰ
866 3067 967 3138 τῆς
996 3068 1250 3138 τοιαύτης
1279 3068 1658 3139 κυϐερνήσεως
1689 3068 1785 3122 καὶ

201 3156 300 3208 τοῦ
332 3157 661 3227 γυμνασμοῦ
688 3158 788 3228 τῆς
813 3159 1058 3229 χάριτος,
1095 3161 1190 3213 καὶ
1220 3159 1507 3231 προκοπῆς
1534 3176 1784 3225 πνευμα-

1893 1954 2031 2008 ςυικ
2047 1970 2111 2009 ac
2135 1955 2585 2023 reprehensionis
2607 1964 2865 2024 expertes
2892 1966 3060 2025 atque
3087 1955 3234 2025 puri.

1964 2224 2056 2279 XI.
2084 2224 2221 2281 Cum
2240 2225 2387 2280 enim
2417 2240 2519 2296 per
2539 2225 2808 2296 Spiritum
2841 2226 2954 2282 sint
2979 2226 3301 2291 restaurati,
3325 2242 3470 2297 quo-

1891 2314 2057 2371 modo
2080 2325 2236 2371 extra
2266 2326 2498 2386 possunt
2527 2316 2770 2372 fructum
2800 2317 3020 2374 malitia:
3054 2318 3339 2389 proferre?
3366 2319 3471 2375 Ve-

1893 2422 2014 2461 rum
2042 2416 2313 2477 perpetuo
2335 2422 2435 2477 per
2452 2408 2639 2462 omnia
2664 2408 2883 2465 fructus
2905 2409 3143 2480 Spiritus
3165 2412 3223 2466 in
3249 2411 3319 2467 iis
3342 2414 3468 2468 eni-

1891 2506 2127 2554 tescunt.
2158 2498 2393 2555 Oremus
2427 2499 2600 2570 igitur
2625 2510 2847 2571 qucque
2880 2514 2983 2557 nos
3006 2502 3206 2566 Deum,
3240 2511 3298 2559 et
3342 2518 3468 2559 cre-

1889 2591 2087 2646 damus
2132 2591 2189 2645 in
2235 2590 2533 2645 dilectione
2560 2605 2624 2645 ac
2665 2606 2768 2660 spe
2814 2607 3030 2662 magna,
3088 2602 3152 2648 ut
3204 2593 3469 2663 largiatur

1888 2680 2052 2735 nobis
2103 2681 2383 2737 ctelestem
2432 2680 2662 2752 gratiam
2692 2680 2823 2737 doni
2851 2682 3112 2753 Spiritus,
3143 2694 3204 2740 ut
3252 2693 3309 2740 et
3364 2699 3468 2741 nos

1889 2771 2007 2842 ipse
2041 2771 2281 2843 Spiritus
2307 2773 2598 2844 gubernet,
2641 2781 2697 2827 et
2729 2774 2896 2830 ducat
2926 2775 2997 2830 ad
3021 2790 3241 2831 omnem
3265 2776 3467 2831 volun-

1891 2872 2057 2917 tatem
2077 2862 2341 2928 divinam,
2364 2878 2431 2919 ac
2464 2879 2567 2919 nos
2596 2865 2806 2921 reficiat
2836 2866 3002 2921 variis
3024 2867 3235 2937 requiei
3264 2866 3463 2932 modis,

1889 2961 1951 3007 ut
1968 2968 2073 3023 ope
2104 2953 2267 3025 hujus
2283 2953 2719 3025 gubernationis,
2736 2965 2792 3012 et
2820 2956 3233 3012 exercitationis
3253 2957 3464 3028 gratiae,

1885 3057 1952 3098 ac
2000 3044 2369 3113 promotionis
2439 3044 2778 3115 spiritualis,
2832 3048 2984 3119 digni
3033 3047 3337 3104 habeamur
3396 3050 3466 3105 ad

1888 3133 2287 3204 perfectionem
2319 3135 2680 3206 plenitudinis
2706 3137 2911 3194 Christi
2939 3140 3257 3209 pervenire,
3299 3148 3362 3195 ut
3383 3141 3470 3195 in-

1097 3206 1412 3320 τελειύτητα
1440 3206 1536 3304 τοῦ
1565 3206 1785 3322 πλη.ρὼ⁴
1812 3206 1855 3263 C
1888 3260 1889 3263 ‘

1776 3280 1785 3293 _
1812 3206 1855 3263 ο
1888 3224 2011 3295 quit
2036 3225 2332 3296 Apostolus
2368 3243 2383 3281 :
2418 3226 2486 3283 Ut
2518 3229 2851 3299 impleamini
2873 3206 3163 3284 iit—omnem
3185 3230 3467 3301 plenitudi-

199 3352 377 3404 ματος
406 3335 503 3389 τοῦ
531 3336 770 3406 Χριστοῦ
804 3337 1009 3407 φθάσαι
1029 3378 1047 3405 ,
1084 3337 1161 3402 ὥς
1191 3356 1357 3410 φησιν
1380 3341 1410 3392 ὅ
1433 3339 1775 3404 ’Δπόστολος

200 3423 343 3477 ἰνα
394 3422 752 3492 πληρωθῆτε
790 3427 881 3489 εις
926 3423 1054 3481 πᾶν
1092 3426 1159 3480 τὸ
1192 3427 1486 3497 πλήρωμα
1516 3428 1625 3482 τοῦ
1652 3430 1783 3498 Χρι-

192 3514 377 3567 στοῦο
408 3515 505 3569 καὶ
532 3515 696 3568 πάλιν
714 3552 731 3580 ,
764 3518 953 3584 Μέχρι
981 3517 1454 3586 καταντήσωμεν
1480 3521 1535 3572 ol
1559 3517 1782 3586 πάντες

194 3607 291 3669 εις
317 3603 509 3672 ἄνδρα
532 3604 788 3669 τέλειον,
814 3610 901 3671 εἰς
918 3605 1139 3676 μέτρον
1156 3608 1400 3675 ἡλικίας
1422 3609 1526 3663 τοῦ
1545 3610 1785 3678 πληρώ-

190 3712 385 3765 ματος
429 3696 539 3752 τοῦ
584 3698 869 3766 Χριστοῦ.
919 3700 1312 3770 Ἐπηγγείλατο
1343 3701 1373 3752 ὅ
1403 3701 1606 3772 Κύριος
1645 3704 1779 3756 πᾶσι

196 3789 313 3850 τοῖς
359 3786 708 3841 πιστεύουσιν
747 3788 933 3859 αὐτῷ,
981 3790 1076 3843 καὶ
1104 3791 1442 3861 αἰτουμένοις
1472 3795 1531 3845 ὲν
1553 3792 1780 3864 ἀληθείᾳ

195 3877 552 3948 δωρήσασθαι
580 3878 650 3932 τά
681 3882 960 3950 μυστήρια
989 3882 1085 3951 τῆς
1109 3883 1351 3953 ἀρρήτου
1380 3884 1661 3946 κοινωνίας
1685 3885 1778 3937 τοῦ

199 3967 542 4039 Πνεύματος.
605 3971 714 4023 Καὶ
769 3972 930 4041 ἡμεῖς
970 3970 1065 4025 οὖν
1108 3971 1369 4035 ὁλοτελῶς
1418 3972 1643 4037 ἑαυτοὺς
1698 3974 1779 4043 τῷ

198 4060 392 4129 Κυρίῳ
423 4061 717 4124 ἀναθέντες
758 4062 866 4115 τῶν
902 4062 1316 4133 προειρημένων
1342 4062 1563 4131 ἀγαθῶν
1595 4068 1777 4135 τυχεῖν

200 4149 561 4221 σπεύσωμεν,
617 4152 764 4223 ψυχῇ
817 4153 913 4206 καὶ
962 4153 1177 4223 σώματι
1211 4154 1645 4225 ἀφιερωθέντες,
1682 4159 1779 4211 καὶ

194 4242 276 4313 τῷ
318 4243 538 4315 σταυρῷ
580 4244 676 4297 τοῦ
711 4244 948 4315 Χριστοῦ
992 4245 1466 4316 προσηλωθέντες,
1506 4248 1645 4315 ἀξιοι
1678 4250 1777 4321 τῆς

196 4333 419 4386 αίωνίου
470 4335 749 4405 βασιλείας
798 4335 1085 4405 γενώμεθα
1107 4375 1124 4402 ,
1179 4336 1491 4403 δοξάζοντες
1534 4341 1771 4411 Πατέρα,

194 4425 295 4478 καὶ
316 4424 465 4488 Υίὸν,
490 4427 584 4479 καὶ
607 4427 762 4495 ἅγιον
791 4426 1035 4497 Πνεῦμα,
1063 4428 1144 4492 είς
1172 4428 1299 4491 τοὺς
1322 4428 1546 4484 αίῶνα·.
1580 4430 1771 4503 Ἀμήν.

796 4541 1037 4592 ΟΜΙΔΙΔ
1071 4540 1171 4594 ιΘν.

198 4630 265 4681 Ol
286 4630 630 4697 Χριστιανοὶ
654 4647 727 4700 πρ
737 4632 1021 4685 οκόπτειν
1043 4632 1141 4685 καὶ
1161 4632 1530 4696 αὐξάνεσθαι
1548 4636 1771 4699 βουλό-

260 4716 429 4773 μενοι
489 4701 845 4773 ὀφειλογσιν
869 4701 1125 4773 ἑαυτοὺς
1147 4702 1459 4773 ,ϐιάζεσθαι
1484 4707 1628 4773 πρὸς
1649 4704 1772 4759 πᾶν

265 4771 332 4843 τὸ
368 4769 628 4843 ἀγαθὸν,
677 4769 833 4843 ὣστε
869 4770 1238 4843 ᾂυτροῦσθαι
1261 4772 1487 4839 αὐτοὺς
1513 4769 1631 4829 ἀπὸ
1662 4774 1772 4843 τῆς

264 4839 627 4914 holitorian
673 4839 999 4908 ἁμαρτίας,
1060 4841 1159 4895 καὶ
1204 4842 1552 4911 Πνεύματος
1596 4839 1770 4914 (ly-(ot)

264 4906 662 4973 πληροῦσθαι.

264 5027 346 5077 Av.
384 5024 444 5078 ὀ
475 5022 797 5095 βουλόμενος
824 5024 1143 5095 προσελθεῖν
1168 5027 1247 5098 τῷ
1271 5028 1481 5100 Κυρίῳ,
1509 5030 1601 5083 καὶ
1624 5031 1769 5100 ζωῆς

192 5113 416 5167 αίωνὶου
437 5113 844 5185 καταξιωθῆναι
867 5117 961 5170 καὶ
982 5120 1400 5190 κατοικητήριον
1421 5119 1513 5173 τοῦ
1531 5121 1768 5190 Χριστοῦ

192 5203 486 5272 γενέσθαι,
538 5207 633 5259 καὶ
681 5206 998 5276 Πνεύματος
1044 5208 1201 5274 ἀγίου
1256 5210 1645 5282 πληρωθῆναι,
1682 5213 1769 5267 ἵνα

190 5293 320 5355 τοὺς
374 5293 622 5363 καρποὺς
680 5292 775 5347 τοῦ
832 5294 1145 5367 Πνεύματος
1176 5338 1191 5362 ,
1255 5298 1350 5351 καὶ
1402 5299 1500 5363 τάς
1550 5302 1769 5366 ἐντολὰς

188 5382 285 5438 τοῦ
311 5383 548 5453 Χριστοῦ
579 5384 778 5457 δυνηθῇ
813 5386 1032 5458 ποιῆσαι
1073 5388 1328 5459 καθαρῶς
1371 5392 1463 5444 καὶ¹
1496 5392 1765 5464 ἀμώμως,

189 5474 345 5542 οὗτος
384 5477 593 5547 ὀφείλει
624 5476 891 5547 ἀρξασθαι
924 5480 1139 5550 πρῶτον
1171 5481 1448 5535 πιστεύειν
1474 5483 1551 5554 τῷ
1578 5485 1767 5557 Κυρίῳ

191 5567 426 5640 βεϐαίως
447 5610 465 5637 ,
517 5568 611 5621 καὶ
661 5567 935 5621 ἐπιδοῦναι
975 5569 1168 5623 ἑαυτὸν
1211 5570 1270 5635 ἐξ
1294 5572 1420 5627 ὅλου
1450 5576 1560 5638 τοῖς
1587 5576 1766 5644 λόγοις

190 5658 300 5709 τῶν
342 5654 574 5725 ἐντολῶν
623 5654 790 5708 αὐτοῦ
817 5696 831 5721 ,
888 5657 983 5709 καὶ
1035 5657 1411 5723 ἀποτάξασθαι
1459 5663 1537 5732 τῷ
1574 5665 1763 5736 κόσμῳ

265 5793 311 5823 ’³
342 5790 546 5861 Ephes.
571 5808 651 5857 ιιι,
679 5792 765 5848 I0.
841 5794 887 5825 ⁹⁶
916 5794 1118 5863 Ephes.
1141 5811 1213 5859 tv,
1249 5795 1333 5849 I3.

557 5886 829 5945 ιἈτιιοῐ..
864 5887 978 5944 Gn.
1020 5886 1214 5945 XXXI
1230 5888 1301 5945 νυ

1797 4533 1852 4593 D

1887 3332 2006 3372 nem
2061 3316 2257 3372 Christi
2279 3318 2347 3373 θ’.
2393 3318 2463 3374 Et
2513 3335 2736 3375 rursum
2782 3337 2797 3375 :
2854 3320 3033 3375 Donec
3099 3324 3465 3392 perveniamus

1884 3423 2064 3463 omnes
2088 3409 2145 3462 in
2169 3410 2343 3463 uirum
2373 3409 2684 3479 perfectum,
2721 3412 2777 3465 in
2820 3428 3125 3467 mensuram
3155 3415 3329 3468 atatis
3358 3414 3468 3486 ple-

1886 3498 2140 3553 nitudinis
2184 3498 2467 3554 Christi".
2503 3502 2766 3557 Promisit
2806 3502 3075 3559 Dominus
3115 3504 3375 3561 omnibus
3408 3506 3465 3561 in

1884 3604 1943 3645 se
1967 3590 2341 3657 credentibus,
2368 3602 2425 3647 et
2452 3595 2507 3647 in
2538 3594 2772 3649 veritate
2794 3596 3224 3665 postulantibus,
3264 3613 3324 3654 se
3356 3598 3470 3653 Iar-

1882 3681 2125 3750 giturum
2153 3684 2412 3754 mysteria
2442 3683 2739 3740 ineffabilia
2763 3686 3175 3743 communionis
3200 3688 3462 3759 Spiritus.

1881 3770 2234 3841 Quapropter
2292 3774 2513 3842 penitus
2567 3788 2670 3829 nos
2722 3775 2874 3845 ipsos
2919 3775 3156 3831 Domino
3182 3792 3467 3833 consecre-

1883 3878 2025 3925 mus,
2050 3872 2107 3917 et
2127 3863 2195 3918 ad
2225 3864 2486 3933 praedicta
2522 3865 2665 3921 bona
2702 3867 3090 3936 consequenda
3114 3867 3463 3933 festinemus,

1879 3968 2110 4022 corpore
2162 3954 2456 4023 animoque
2524 3956 2871 4019 consecrati.
2925 3963 2984 4012 et
3038 3958 3193 4013 cruci
3250 3957 3461 4014 Christi

1878 4042 2044 4105 aIIixi,
2111 4043 2263 4115 digni
2318 4059 2487 4114 regno
2540 4054 2749 4101 aeterno
2811 4044 3039 4111 ﬁamus,
3088 4047 3465 4117 glorificantes

1878 4132 2131 4201 Patrem,
2195 4135 2393 4190 Filium
2438 4148 2493 4192 et
2520 4136 2783 4207 Spiritum
2834 4147 3085 4193 sanctum
3135 4138 3192 4193 in
3233 4139 3454 4195 sacula.

1877 4223 2071 4277 Amen.

2425 4527 2709 4586 HOMILIA
2759 4530 2903 4586 XIX.

1876 4615 2163 4671 Christiani
2225 4616 2481 4689 proﬁcere
2527 4631 2575 4674 et
2621 4639 2853 4676 crescere
2872 4624 3120 4689 volentes,
3165 4624 3349 4680 debent
3394 4644 3451 4682 se

1944 4690 1995 4762 ui
2034 4687 2344 4762 compellere
2379 4690 2457 4762 Διιιί
2481 4707 2643 4762 omne
2671 4693 2726 4745 id
2774 4695 2912 4762 quod
2938 4687 3129 4748 bonum
3158 4704 3254 4759 est,
3285 4706 3342 4749 ut
3384 4697 3450 4752 li-

1944 4758 2192 4835 berentur
2215 4757 2278 4810 ab
2311 4758 2637 4813 inhabitante
2668 4757 2901 4830 peccato,
2932 4772 2981 4817 et
3013 4757 3450 4835 Spiritu—sancto

1945 4826 2272 4895 repleantur.

1944 5026 1984 5080 I.
2012 5024 2119 5091 Qui
2157 5031 2383 5095 exoptat
2433 5027 2700 5083 accedere
2748 5028 2817 5084 ad
2877 5029 3195 5097 Dominum,
3240 5042 3298 5088 et
3336 5037 3447 5087 vlta

1872 5128 2075 5171 .eterna
2107 5116 2306 5187 dignus
2338 5116 2554 5179 haberi.
2581 5119 2924 5177 domicilium
2962 5120 3168 5177 Christi
3207 5124 3347 5191 tIeri,
3382 5140 3447 5179 ac

1871 5206 2077 5277 Spiritu
2124 5217 2313 5263 sancto
2358 5209 2587 5277 repleri,
2634 5226 2746 5281 quo
2769 5211 2981 5268 fructus
3041 5212 3283 5283 Spiritus
3312 5228 3445 5283 pro-

1876 5300 2107 5365 ducere,
2132 5309 2189 5355 et
2223 5300 2479 5354 mandata
2508 5300 2715 5356 Christi
2761 5302 2941 5359 facere
2980 5320 3117 5374 pure
3157 5313 3212 5360 et
3237 5305 3445 5374 absque

1870 5392 2305 5462 reprehensione
2336 5393 2531 5462 possit,
2570 5392 2663 5449 ille
2697 5395 2828 5453 hinc
2865 5396 3084 5452 initium
3134 5405 3333 5460 sumat,
3386 5407 3447 5451 ut

1869 5484 1923 5538 in
1964 5484 2158 5554 primis
2216 5482 2448 5538 ﬁrmiter
2496 5484 2729 5539 Domino
2784 5487 3018 5555 credat,
3060 5502 3229 5559 seque
3268 5496 3441 5543 totum

1868 5576 2050 5631 tradat
2100 5574 2388 5645 praeceptis
2430 5590 2494 5629 ac
2539 5577 2809 5635 mandatis
2866 5580 3006 5650 ejus,
3036 5594 3103 5634 ac
3161 5578 3444 5635 renuntiet

1867 5666 2073 5721 mundo
2127 5681 2225 5735 per
2268 5665 2474 5731 omnia,
2516 5681 2585 5721 ne
2632 5667 2747 5723 ullo
2798 5671 2960 5725 modo
3008 5672 3154 5729 circa
3185 5686 3273 5735 ea,
3318 5685 3442 5740 qua

3042 5896 3112 5955 21
