4282 6364
821 381 929 445 643

2086 380 2144 442 S.
2188 378 2506 439 MACARII
2547 376 2869 439 EGYPTII

3970 374 4077 436 6“

827 489 1003 545 oculis
1036 493 1248 557 patent,
1299 496 1412 543 tota
1464 487 1585 559 ejus
1625 501 1781 542 mens
1825 497 2146 557 occupetur.
2192 488 2401 543 Deinde
2430 502 2518 559 Αι

2387 504 2401 542 :
2430 502 2479 559 Α
2505 489 2647 542 κατὰ
2690 488 2870 543 πάντα
2894 527 2908 552 ,
2963 486 3050 539 ῑνα
3091 502 3168 557 μη
3199 485 3325 556 περί
3356 500 3407 538 τι
3441 483 3550 537 τῶν
3577 482 3923 551 φαινομένων
3956 484 4078 537 ὅλος

818 594 1039 651 quoque
1070 588 1291 649 oportet
1315 594 1441 634 eum
1480 586 1751 649 perpetuo
1781 580 1836 633 in
1865 580 2115 635 oratione
2142 593 2395 650 perseve-

818 686 964 735 rare,
1012 671 1069 725 in
1121 668 1227 724 ﬁde
1260 685 1383 739 qua:
1425 676 1707 738 exspectat
1762 669 2077 734 Dominum,
2130 669 2396 723 visitatio-

818 774 947 813 nem
991 766 1047 813 et
1070 760 1335 813 auxilium
1375 760 1497 829 ejus
1539 774 1759 829 semper
1805 769 2237 830 exspectantem,
2273 776 2395 815 sco.

819 865 1062 918 pumque
1094 851 1296 904 mentis
1321 866 1434 904 sua:
1463 864 1531 904 eo
1574 866 1789 919 semper
1816 851 2166 921 dirigentem.
2188 852 2393 906 Deinde

822 939 1155 1008 compellere
1180 946 1398 1008 oportet
1431 954 1489 993 se
1512 939 1688 1009 ipsum
1725 940 1791 993 ad
1816 955 1978 994 omne
1999 955 2140 1009 opus
2164 942 2390 1005 bonum,

820 1031 926 1101 81
960 1040 1017 1083 et
1046 1028 1111 1082 ad
1160 1030 1345 1084 omnia
1401 1031 1655 1085 mandata
1693 1031 1930 1095 Domini,
1962 1040 2189 1101 pr0pter
2238 1033 2394 1086 inna-

823 1130 940 1174 tum
972 1121 1077 1175 sibi
1110 1128 1414 1189 peccatum.
1469 1121 1651 1176 Veluti
1690 1122 1983 1190 compellat
2023 1136 2081 1177 se
2116 1123 2293 1192 ipsum
2326 1123 2393 1176 ad

822 1210 1216 1265 demissionem
1244 1211 1415 1265 animi
1440 1226 1624 1265 coram
1664 1212 1922 1266 omnibus
1958 1212 2294 1278 hominibus,
2331 1228 2395 1267 ac

821 1318 879 1356 se
907 1303 1225 1356 inferiorem
1262 1310 1317 1355 et
1355 1302 1705 1372 abjectiorem
1754 1303 2047 1368 existimet,
2092 1320 2204 1357 non
2256 1320 2395 1373 quae-

831 1407 960 1445 rens
1016 1393 1303 1457 honorem,
1347 1392 1585 1455 laudem,
1622 1402 1716 1445 aut
1761 1393 1989 1462 gloriam
2039 1409 2069 1447 a
2117 1409 2393 1463 quoquam

825 1484 1136 1547 hominum,
1176 1492 1234 1537 ut
1265 1484 1318 1536 in
1342 1484 1638 1554 Evangelio
1667 1486 1926 1554 scriptum
1948 1494 2063 1538 est:
2097 1486 2191 1539 sed
2218 1487 2395 1541 solum

823 1577 1113 1629 Dominum
1176 1592 1390 1645 semper
1423 1577 1495 1630 ob
1546 1578 1735 1631 oculos
1786 1577 2004 1639 habeat,
2048 1587 2103 1630 et
2142 1579 2394 1633 mandata

826 1666 967 1734 ejus,
1020 1666 1121 1733 ipsi
1162 1666 1264 1718 soli
1314 1666 1530 1735 placere
1581 1666 1810 1720 studens
1857 1668 1909 1719 in
1972 1669 2394 1723 mansuetudine

823 1755 1028 1815 cordis,
1060 1765 1119 1807 ut
1163 1755 1341 1826 inquit
1379 1754 1644 1809 Dominus
1672 1773 1682 1807 :
1724 1755 1919 1807 Discite
1947 1774 1978 1808 a
2014 1770 2095 1808 me
2125 1758 2262 1825 quod
2290 1760 2391 1809 mi—

2496 582 2525 633 ό
2550 579 2674 646 νοῦς
2697 579 3013 649 ἀσχολῆται.
3046 579 3157 632 Καὶ
3185 579 3264 639 είς
3291 578 3391 647 τὴν
3414 576 3579 645 εὐχὴν
3608 574 3715 645 χρὴ
3745 574 3914 627 αὑτὸν
3943 576 4079 627 πάν-

2496 688 2616 724 τοτε
2640 672 3091 742 προσκαρτερεῖν,
3119 671 3178 723 ἐν
3199 669 3380 721 πίστει
3403 666 3729 737 προσδοκίας
3748 665 3844 718 τοῦ
3864 665 4076 734 Κυρίου

2494 763 2594 831 τήν
2626 761 2915 831 ἐπίσκεψιν
2960 762 3055 816 καὶ
3107 760 3363 830 βοήθειαν
3390 758 3557 813 αὑτοῦ
3596 758 3829 811 πάντοτε
3860 756 4080 824 ἐκδεχό-

2499 871 2661 922 μενον
2684 893 2700 917 ,
2754 854 2847 908 τὸν
2879 853 3080 906 σκοπὸν
3120 852 3215 905 τοῦ
3243 854 3361 915 νοὸς
3390 850 3556 904 αὑτοῦ
3592 852 3673 913 εἰς
3694 848 3854 901 τοῦτο
3882 847 4082 917 ἔχοντα

2495 944 2581 997 διὰ
2613 948 2835 1009 παντός.
2895 941 3027 998 Εἶτα
3060 943 3345 1014 βιάζεσθαι
3377 944 3483 1015 χρὴ
3516 944 3710 996 ἐαυτὸν
3740 944 3819 1004 είς
3849 943 3962 995 πᾶν
3987 941 4079 1010 ερ-

2494 1055 2591 1106 γον
2623 1038 2824 1106 ἀγαθὸν
2874 1037 2970 1091 καὶ
3015 1039 3096 1101 είς
3126 1037 3307 1099 πάσας
3342 1038 3441 1101 τὰς
3473 1035 3694 1099 ἐντολὰς
3719 1034 3815 1089 τοῦ
3844 1036 4079 1105 Κυρίου,

2495 1129 2583 1183 διὰ
2626 1130 2727 1199 τὴν
2762 1128 3028 1183 συνοῦσαν
3060 1128 3208 1199 αὐτῷ
3236 1128 3512 1199 ἁμαρτίαν
3536 1145 3551 1159 ·
3611 1122 3723 1180 οἷον
3746 1167 3763 1193 ,
3800 1125 4082 1196 βιαζέσθω

2496 1223 2685 1275 ἐαυτὸν
2718 1223 2798 1285 είς
2821 1222 2883 1275 τὸ
2910 1224 3347 1292 ταπεινοφρονεῖν
3378 1221 3607 1274 ἐνώπιον
3639 1217 3840 1283 παντὸς
3865 1219 4080 1291 ἀνθρώ-

2497 1331 2600 1367 που
2625 1354 2640 1378 ,
2691 1314 2785 1366 καὶ
2831 1313 3020 1366 ἑαυτὸν
3072 1313 3278 1366 ἐλάττω
3306 1311 3558 1383 ἡγεῖσθαι
3595 1311 3693 1364 καὶ
3718 1310 3962 1381 χείρονα.
4004 1310 4083 1380 μὴ

2496 1405 2675 1475 ζητῶν
2717 1406 2884 1477 τιμὴν
2912 1446 2927 1470 ,
2977 1407 3011 1477 ἢ
3057 1406 3300 1472 ἔπαινον,
3336 1407 3369 1476 ἢ
3398 1404 3558 1469 δόξαν
3584 1404 3891 1474 ἀνθρώπων
3924 1405 4082 1474 παρά

2494 1513 2659 1562 τινος,
2693 1498 2882 1561 καθὼς
2912 1500 2971 1551 ἐν
2997 1497 3073 1567 τῷ
3098 1498 3418 1567 Εὑαγγελίῳ
3444 1498 3775 1565 γέγραπται·
3810 1497 3955 1549 ἀλλὰ
3985 1497 4082 1565 μό-

2495 1606 2585 1644 νον
2629 1590 2718 1641 άεὶ
2755 1590 2845 1643 τὸν
2873 1590 3077 1661 Κύριον
3110 1590 3214 1660 πρὸ
3242 1585 3535 1659 ὀφθαλμῶν
3562 1590 3699 1659 ἔχων
3730 1590 3824 1642 καὶ
3854 1591 3956 1653 τὰς
3989 1592 4078 1642 ἐν-

2495 1681 2652 1745 τολὰς
2674 1682 2859 1747 αὑτοῦ,
2891 1682 3036 1751 αὐτῷ
3064 1682 3381 1752 βουλόμενος
3410 1682 3663 1751 ἀρέσκειν
3696 1682 3843 1752 μόνῳ
3872 1684 3953 1744 είς
3981 1682 4083 1750 τὴν

2496 1775 2779 1843 πραότητα
2807 1774 2907 1842 τῆς
2934 1774 3182 1844 καρδίας,
3217 1774 3292 1836 ῶς
3323 1790 3487 1843 φησιν
3514 1774 3543 1825 ό
3568 1773 3773 1843 Κύριος
3799 1790 3811 1802 ·
3843 1774 4081 1827 Μὰθετε

821 1848 884 1897 tis
912 1862 1026 1897 sum
1082 1855 1127 1898 ct
1169 1846 1378 1899 humilis
1407 1846 1580 1909 corde,
1610 1855 1658 1899 et
1700 1848 1975 1900 invenietis
2018 1849 2251 1916 requiem
2281 1850 2391 1901 ani—
2418 1834 2464 1891 Β
2492 1866 2512 1917 ε

2386 1879 2391 1889 ·
2418 1834 2464 1891 Β
2492 1834 2593 1917 ἀπ’
2621 1834 2767 1931 ἐμοῦ
2932 1834 3121 1930 πραός
3148 1834 3398 1933 έιμίκὶιὶ
3428 1834 3710 1930 ταπεινός
3738 1862 3813 1930 τῇ
3838 1864 4077 1933 καρδίᾳ,

821 1938 1004 1989 mabus
1029 1939 1212 1988 vestris
1230 1938 1301 1989 9".

892 2026 956 2080 ll.
990 2027 1183 2079 Itidem
1221 2034 1276 2079 ut
1326 2027 1396 2080 sit
1450 2026 1787 2092 misericors,
1836 2029 2130 2098 benignus,
2182 2045 2393 2099 pronus

821 2116 887 2167 ad
927 2117 1295 2169 miserandum
1318 2131 1382 2170 ac
1407 2116 1605 2181 bonus,
1634 2133 1731 2186 pro
1762 2118 1971 2171 viribus
1996 2119 2111 2174 suis
2126 2134 2184 2174 se
2203 2136 2393 2175 assue-

820 2206 1007 2269 faeiat,
1042 2216 1101 2260 ut
1140 2207 1319 2276 inquit
1351 2208 1615 2262 Dominus
1652 2226 1663 2261 :
1702 2208 1882 2261 Estote
1913 2210 2030 2262 boni
2062 2226 2122 2262 ac
2163 2212 2391 2281 benigni,

818 2295 951 2347 sicut
995 2294 1149 2347 Pater
1186 2303 1353 2347 uester
1385 2294 1599 2347 caelestis
1647 2296 1940 2348 misericors
1969 2298 2125 2348 est".
2162 2298 2229 2350 Et
2270 2313 2393 2350 rur-

821 2401 913 2439 sus
942 2386 1158 2454 inquit:
1193 2384 1249 2439 Si
1272 2385 1490 2454 diligitis
1527 2402 1628 2449 me,
1649 2396 1908 2456 praecepta
1953 2404 2068 2441 mea
2108 2390 2390 2441 servate”.

820 2477 887 2531 Et
936 2492 1168 2530 rursus:
1217 2475 1275 2530 Si
1313 2476 1605 2529 contendite
1650 2478 1855 2530 intrare
1901 2494 1994 2546 per
2036 2488 2244 2548 portam
2293 2496 2392 2532 an-

821 2578 1035 2637 gustant
1063 2570 1101 2620 ¹.
1135 2568 1249 2622 l‘rze
1279 2568 1537 2622 omnibus
1580 2568 1946 2623 humilitatem
1981 2570 2218 2635 Domini,
2247 2572 2393 2640 ejus-

819 2676 925 2728 que
971 2659 1191 2713 vivendi
1220 2661 1509 2725 rationem,
1544 2660 2025 2715 mansuetudinem
2077 2676 2141 2715 ac
2166 2676 2394 2735 conver-

820 2749 1109 2814 sationem,
1174 2756 1433 2817 tauquam
1479 2750 1760 2818 exemplar
1818 2750 1873 2803 in
1930 2750 2080 2803 omni
2133 2750 2394 2805 memoria

820 2840 1045 2893 minime
1099 2839 1372 2895 obliviosa
1420 2840 1674 2903 retineat,
1702 2842 1758 2894 in
1803 2842 2151 2895 orationibus
2204 2858 2393 2911 perse-

818 2938 994 2993 veret,
1030 2944 1247 2999 semper
1276 2945 1439 2983 orans
1462 2930 1517 2983 in
1545 2930 1671 2995 ﬁde,
1698 2940 1758 2984 ut
1781 2931 2047 2984 Dominus
2074 2931 2279 2994 veniat,
2298 2933 2394 2987 ha-

820 3019 958 3073 bitet
1015 3020 1069 3071 in
1126 3033 1216 3083 eo,
1269 3031 1616 3075 consummet
1665 3037 1728 3075 ac
1777 3023 2095 3077 corroboret
2139 3036 2265 3077 eum
2335 3026 2389 3079 in

817 3114 1075 3167 omnibus
1110 3114 1381 3170 mandatis
1410 3115 1559 3181 suis;
1593 3124 1758 3185 atque
1791 3118 1957 3171 etiam
1982 3119 2100 3187 ipse
2126 3121 2391 3174 Dominus

820 3203 914 3255 ﬁat
954 3203 1294 3256 domicilium
1345 3204 1580 3269 animae;
1616 3214 1672 3258 et
1710 3207 1785 3259 ita
1815 3221 1937 3274 qua:
1974 3223 2121 3261 nunc
2152 3210 2203 3262 vi
2234 3210 2389 3264 inviti

820 3293 1004 3347 cordis
1031 3294 1182 3355 facit,
1208 3302 1402 3362 sponte
1421 3294 1718 3363 aliquando
1753 3307 1993 3366 peragat,
2022 3300 2392 3355 assuefaciens

818 3402 876 3439 se
913 3385 1090 3454 ipsqu
1115 3394 1382 3453 perpetuo
1419 3386 1488 3439 ad
1535 3387 1589 3441 id
1623 3388 1769 3456 quod
1795 3390 1999 3443 bonum
2033 3400 2136 3451 est,
2175 3393 2389 3446 Domini

817 3490 1035 3543 semper
1067 3475 1388 3539 recordans,
1416 3484 1470 3529 et
1498 3486 1823 3546 exspectans
1868 3495 1992 3531 eum
2036 3488 2304 3549 perpetuo
2334 3480 2389 3531 in

816 3581 1027 3619 summa
1075 3565 1393 3620 dilectione.
1444 3566 1583 3620 Tum
1646 3582 1777 3620 vero
1844 3569 2128 3632 Dominus,
2171 3571 2389 3639 cognito

819 3666 970 3710 tanto
1004 3657 1125 3725 ejus
1168 3656 1454 3725 proposito
1499 3667 1556 3712 et
1601 3658 1834 3711 consilio
1860 3675 1922 3712 ac
1957 3660 2214 3713 laudabili
2268 3661 2388 3729 ejus

815 3748 1021 3811 studio,
1053 3747 1285 3799 nimium
1334 3747 1611 3815 quomodo
1641 3763 1699 3801 se
1764 3750 2055 3816 compellat
2095 3758 2155 3801 ut
2199 3750 2386 3803 Domi-

814 3852 945 3890 num
968 3837 1023 3889 in
1058 3837 1324 3889 memoria
1361 3836 1614 3901 retineat,
1638 3846 1693 3890 et
1714 3837 1781 3890 ad
1814 3838 1866 3889 id
1889 3838 2033 3906 quod
2052 3837 2254 3892 bonum
2277 3849 2385 3904 est,

816 3931 881 3982 ad
922 3929 1404 3982 mansuetudinem
1436 3944 1499 3983 ac
1533 3929 1885 3983 dilectionem
1926 3944 2021 3983 cor
2047 3932 2130 3984 vel
2155 3932 2384 3985 invitum

814 4021 1130 4090 compellat,
1160 4035 1225 4074 ac
1255 4020 1456 4090 dirigat
1490 4036 1592 4089 pro
1617 4021 1831 4075 viribus
1866 4023 1981 4075 suis
2004 4023 2151 4075 omni
2177 4023 2383 4076 violen-

813 4114 918 4177 tia;
950 4121 1171 4165 exercet
1196 4112 1249 4165 in
1277 4126 1404 4165 eum
1450 4111 1889 4167 misericordiam
1924 4127 2099 4177 suam,
2132 4123 2189 4167 et
2236 4115 2384 4169 redi-

812 4206 911 4256 mit
938 4218 1064 4256 eum
1112 4202 1181 4256 ab
1212 4203 1453 4257 inimicis
1478 4205 1613 4269 suis,
1656 4214 1711 4258 et
1748 4204 2092 4258 inhabitante
2134 4215 2379 4274 peccato,

813 4294 1015 4362 Spiritu
1065 4308 1192 4346 eum
1265 4302 1455 4346 saneto
1509 4293 1725 4361 replens
1762 4278 1859 4358 {et
1908 4293 1982 4345 ita
2033 4292 2381 4361 postmodum

810 4388 1017 4453 absque
1048 4385 1155 4437 ulla
1189 4385 1241 4437 vi
1273 4400 1334 4437 ac
1360 4384 1547 4437 labore
1576 4400 1706 4438 vere
1746 4384 1877 4439 facit
1905 4386 2089 4438 omnia
2127 4385 2381 4453 mandata

2495 1956 2593 2007 καὶ
2621 1954 2908 2022 εὑρήσετε
2934 1955 3279 2010 ἀνάπαυσιν
3307 1955 3438 2021 ταῖς
3462 1955 3689 2023 ψυχαῖς
3712 1955 3900 2025 ὑμῶν.

2568 2043 2642 2099 B’.
2712 2046 2947 2115 Ὁμοίως
3004 2049 3085 2109 είς
3142 2046 3203 2099 τὸ
3254 2042 3394 2100 εἶναι
3448 2045 3755 2116 ἐλεήμονα,
3804 2046 4076 2116 χρηστὸν,

2493 2137 2886 2207 εύσπλαγχνον,
2918 2138 3145 2207 ἀγαθὸν,
3184 2139 3282 2209 ὅση
3316 2138 3571 2208 δύναμις,
3603 2137 3795 2191 ἐαυτὸν
3823 2136 4079 2202 ἐθιζέτω,

2493 2228 2569 2291 ὥς
2609 2246 2774 2298 φησιν
2806 2230 2835 2282 ὁ
2868 2230 3090 2301 Κύριοςο
3121 2231 3377 2285 Γίνεσθε
3414 2229 3625 2298 ἀγαθοί
3658 2227 3759 2283 καί
3789 2231 4076 2298 χρηστοί,

2493 2318 2688 2384 καθὼς
2728 2318 2829 2372 καὶ
2868 2322 2901 2373 ό
2946 2319 3147 2387 Πατὴρ
3180 2319 3345 2388 ὑμῶν
3382 2323 3415 2374 ὀ
3441 2320 3719 2387 οὐράνιος
3752 2321 4078 2389 οίκτίρμων

2491 2408 2645 2461 ἐστι.
2710 2409 2817 2462 Καὶ
2867 2409 3028 2463 πάλιν
3075 2409 3270 2478 φησιν’
3334 2410 3469 2464 Ἐὰν
3509 2410 3777 2479 ἀγαπᾶτέ
3809 2428 3925 2479 με,
3965 2412 4078 2476 τὰς

2492 2498 2747 2564 ἐντολάς
2806 2517 2925 2568 μου
2980 2500 3316 2569 τηρήσατε*
3380 2501 3474 2554 καὶ
3532 2502 3720 2556 πάλιν·
3789 2501 4077 2562 Βιάζεσθε

2491 2590 2791 2644 εἰσελθεῖν
2832 2591 2929 2645 διὰ
2966 2591 3076 2658 τῆς
3108 2592 3333 2661 στενῆς
3380 2594 3581 2661 θύρας.
3644 2593 3769 2646 Ἐπὶ
3800 2594 3936 2646 πᾶσι
3974 2593 4075 2663 τὴν

2492 2681 2586 2734 τοῦ
2617 2682 2821 2753 Κυρίου
2846 2683 3177 2737 ταπείνωσιν
3206 2684 3302 2737 καὶ
3326 2684 3625 2747 πολιτείαν,
3655 2685 3751 2738 καὶ
3772 2684 3871 2755 τὴν
3900 2686 4075 2756 πραό-

2492 2788 2654 2842 τητα,
2698 2773 2795 2825 καὶ
2825 2772 2923 2844 τὴν
2956 2774 3303 2845 ἀναστροφὴν
3328 2814 3343 2839 ,
3385 2772 3577 2845 ὥσπερ
3610 2774 3982 2843 ὑπογραμμὸν
4016 2777 4075 2826 ἐν

2494 2862 2646 2934 πάσῃ
2679 2864 2869 2936 μνήμῃ
2905 2864 3272 2936 άληθαργήτῳ
3295 2866 3485 2935 ἐχέτω,
3515 2867 3635 2930 ταῖς
3659 2866 3847 2935 εὐχαῖς
3892 2883 4073 2935 προσ-

2494 2956 2865 3025 καρτερείτω,
2952 2956 3041 3010 διὰ
3075 2961 3276 3021 παντὸς
3322 2957 3574 3027 δεόμενος
3616 2958 3710 3010 καὶ
3760 2958 4072 3023 πιστεύων,

2496 3047 2581 3099 ἴνα
2613 3046 2782 3099 ἐλθὼν
2800 3049 2830 3099 ό
2856 3047 3059 3118 Κύριος
3086 3049 3345 3120 ἐνοικήσῃ
3366 3049 3424 3101 ἐν
3450 3048 3619 3118 αὐτῷ,
3645 3048 3738 3101 καὶ
3762 3048 4071 3120 καταρτίσῃ

2494 3134 2587 3189 καὶ
2620 3135 2914 3207 δυναμώσῃ
2947 3137 3109 3190 αὐτὸν
3128 3138 3187 3189 ἐν
3222 3136 3424 3199 πάσαις
3448 3138 3570 3199 ταῖς
3597 3136 3837 3200 ἐντολαῖς
3860 3136 4031 3190 αὑτοῦ
4054 3153 4069 3168 ·

2495 3226 2588 3280 καὶ
2616 3226 2701 3281 ἵνα
2734 3228 2897 3290 αὐτὸς
2934 3229 2962 3280 ό
2993 3226 3197 3297 Κύριος
3240 3215 3465 3297 γένηται
3504 3229 3930 3298 κατοικητήριον
3970 3228 4075 3297 τῆς

2490 3318 2669 3388 ψυχῆς
2687 3336 2702 3350 ο
2735 3320 2829 3372 καὶ
2858 3318 3032 3382 οὕτως
3052 3319 3089 3373 ὃ,
3113 3318 3208 3371 νῦν
3238 3319 3377 3388 μετὰ
3408 3318 3525 3387 βίας
3548 3318 3788 3389 ἀκούσης
3809 3320 3908 3389 τῆς
3930 3337 4073 3389 καρο

2490 3406 2609 3469 δίας
2642 3409 2805 3473 ποιεῖ,
2838 3406 3101 3469 ἑκουσίως
3127 3406 3323 3477 πράξει
3351 3407 3501 3473 ποτὲ,
3533 3408 3726 3471 ἐθίζων
3754 3408 3951 3461 ἐαυτὸν
3983 3409 4075 3463 διὰ

2491 3498 2691 3561 παντὸς
2720 3498 2799 3561 είς
2835 3496 2896 3550 τὸ
2937 3493 3163 3565 ἀγαθὸν,
3192 3498 3290 3551 καὶ
3319 3497 3411 3550 τοῦ
3464 3499 3667 3568 Κυρίου
3710 3499 4073 3569 μνημονεύων

2489 3588 2595 3651 ἀεὶ,
2622 3586 2718 3639 καὶ
2748 3588 3062 3655 προσδοκῶν
3091 3588 3180 3640 ἀεὶ
3208 3590 3266 3640 ἐν
3292 3588 3458 3660 πολλῇ
3488 3590 3677 3659 ἀγάπῃ
3710 3590 3891 3642 αὐτόν.
3933 3591 4070 3642 Τότε

2490 3677 2709 3747 θεωρῶν
2741 3680 2769 3730 ό
2800 3678 3005 3749 Κύριος
3048 3679 3146 3748 τὴν
3183 3678 3439 3749 τοιαύτην
3467 3681 3810 3751 προαίρεσιν,
3841 3684 3935 3734 καὶ
3968 3683 4072 3752 τὴν

2486 3767 2700 3837 ἀγαθὴν
2752 3768 2917 3821 αὑτοῦ
2974 3770 3230 3839 σπουδὴν,
3288 3771 3406 3833 πῶς
3460 3770 3705 3840 βιάζεται
3749 3772 3941 3824 ἐαυτὸν
3986 3775 4073 3834 είς

2490 3858 2710 3927 μνήμην
2756 3858 2851 3910 τοῦ
2880 3860 3111 3929 Κυρίου,
3152 3862 3247 3913 καὶ
3275 3863 3356 3923 είς
3398 3862 3459 3913 τὸ
3494 3862 3699 3928 ἀγαθὸν
3739 3864 3827 3914 ἀεὶ
3860 3862 3957 3914 καὶ
3984 3865 4069 3925 είς

2484 3948 2583 4018 τὴν
2604 3951 3103 4020 ταπεινοφροσύνην
3138 3952 3232 4004 καὶ
3254 3953 3540 4022 πραότητα
3572 3953 3662 4005 καὶ
3690 3953 3911 4022 ἀγάπην
3937 3954 4068 4021 ἄγει

2485 4038 2578 4089 καὶ
2609 4038 2683 4108 μὴ
2713 4038 2974 4093 θέλουσαν
3009 4042 3107 4108 τὴν
3139 4041 3386 4111 καρδίαν,
3428 4041 3521 4093 καὶ
3549 4041 3672 4109 ἄγει
3697 4042 3796 4112 ὅση
3829 4042 4068 4113 δύναμις

2483 4129 2635 4199 αὺτῷ
2676 4131 2813 4199 μετὰ
2861 4130 3000 4199 βίας,
3040 4136 3181 4184 ποιεῖ
3228 4132 3349 4202 μετ’
3375 4132 3543 4189 αὐτοῦ
3574 4135 3655 4196 είς
3694 4133 3840 4196 ἕλεος
3866 4135 4061 4201 αὐτοῦ,

2483 4221 2576 4273 καὶ
2618 4220 2907 4291 λυτροῦται
2935 4224 3097 4276 αὑτὸν
3126 4224 3234 4277 ἀπὺ
3262 4224 3370 4276 τῶν
3393 4223 3604 4294 ἐχθρῶν
3634 4225 3799 4279 αὑτοῦ
3830 4229 3925 4278 καὶ
3959 4229 4065 4296 τῆς

2484 4310 2797 4380 ἐνοικούσης
2836 4313 3145 4381 ἁμαρτίας,
3190 4314 3505 4383 Πνεύματος
3555 4316 3714 4385 ἁγίου
3766 4318 4065 4387 ἐμπιπλῶν

2483 4400 2678 4454 αὐτόν’
2733 4403 2830 4457 καὶ
2877 4402 3021 4456 οὓτω
3064 4404 3251 4457 λοιπὸν
3304 4407 3431 4460 ἄνευ
3494 4407 3617 4476 βίας
3667 4410 3758 4460 καὶ
3805 4411 4062 4477 καμάτου

814 4476 1046 4528 Domini.
1067 4475 1325 4541 Quinimo
1357 4476 1627 4529 Dominus
1652 4476 1709 4528 in
1730 4490 1796 4529 eo
1818 4492 1916 4530 sua
1948 4452 2376 4543 mandata'facit,
2409 4498 2456 4553 υ
2484 4507 2505 4541 τ

2368 4518 2376 4542 ι
2409 4498 2456 4553 Ι)
2484 4494 2627 4543 ποιεῖ
2659 4493 2838 4556 πάσας
2875 4494 2973 4557 τὰς
3018 4495 3237 4559 ἐντολὰς
3280 4496 3375 4549 τοῦ
3410 4452 3617 4567 ιιυὲιοῦ
3654 4499 3712 4564 ἐξ
3753 4452 4015 4569 ἀληθείας
4044 4516 4059 4531 ·

806 4575 862 4619 et
894 4564 1105 4621 fructus
1143 4565 1456 4635 spirituales
1490 4573 1621 4620 tunc
1651 4581 1789 4635 pure
1818 4564 2093 4634 producit.

875 4850 963 4904 ιιι.
992 4848 1219 4918 Oportet
1247 4858 1429 4903 autem
1456 4849 1694 4919 primum
1722 4850 2034 4919 quempiam
2083 4850 2164 4904 sic
2215 4864 2373 4903 acce-

806 4938 1023 4991 dentem
1058 4936 1125 4989 ad
1166 4936 1457 4991 Dominum
1512 4936 1565 4989 vi
1612 4936 1941 5004 compellere
1988 4950 2046 4989 se
2091 4936 2266 5005 ipsum
2308 4935 2376 4990 ad

808 5027 1037 5088 bonum,
1085 5026 1337 5094 quamvis
1386 5026 1654 5079 renitatur
1708 5028 1943 5089 animus,
1969 5034 2375 5095 exspectantem

805 5124 1065 5185 perpetuo
1106 5115 1161 5168 in
1205 5115 1310 5169 ﬁde
1341 5116 1646 5170 indubitata
1669 5115 2097 5169 misericordiam
2134 5117 2274 5186 ejus,
2311 5133 2375 5172 ac

803 5208 1129 5276 compellere
1160 5224 1217 5262 se
1263 5208 1442 5277 ipsum
1492 5208 1559 5261 ad
1592 5207 1965 5269 dilectionem,
2002 5207 2047 5261 si
2080 5206 2375 5261 dilectione

802 5298 1101 5352 destitutus
1134 5299 1206 5351 sit
1237 5316 1251 5352 :
1284 5300 1616 5368 compellere
1648 5313 1705 5351 se
1745 5298 1922 5365 ipsum
1954 5297 2021 5350 ad
2052 5307 2369 5352 mansuetu-

800 5386 1006 5453 dinem,
1036 5388 1079 5441 si
1108 5404 1172 5441 ea
1208 5398 1388 5443 careat
1415 5406 1427 5440 :
1462 5389 1791 5458 compellere
1824 5404 1883 5441 se
1910 5389 2087 5456 ipsum
2115 5388 2181 5442 ad
2204 5391 2367 5443 mise-

800 5477 1115 5543 ricordiam,
1137 5488 1194 5533 et
1215 5479 1283 5533 ad
1315 5481 1557 5533 animum
1596 5480 1662 5532 ad
1692 5480 2062 5533 miserendum
2089 5496 2320 5547 pronum
2348 5496 2363 5533 :

797 5570 1124 5638 compellere
1154 5586 1210 5625 se
1241 5573 1419 5640 ipsum
1461 5572 1525 5624 ad
1545 5580 1916 5639 contemptum
1947 5572 2363 5640 perferendum,

864 5751 1120 5805 "Matth.
1170 5766 1241 5813 ιι,
1281 5750 1367 5801 9.9.

2488 4582 2688 4651 μᾶλλον
2708 4583 2764 4636 δὲ
2786 4586 2814 4637 ό
2843 4586 3046 4657 Κύριος
3076 4590 3221 4639 ποιεῖ
3245 4588 3303 4640 ἐν
3332 4588 3482 4659 αὐτῷ
3509 4589 3609 4653 τὰς
3647 4592 3783 4655 ίδίας
3810 4592 4061 4657 ἐντολὰς,

2483 4672 2581 4727 καὶ
2624 4674 2748 4739 τοὺς
2784 4678 3029 4746 καρποὺς
3064 4678 3156 4732 τοῦ
3194 4680 3508 4751 Πνεύματος
3550 4681 3672 4735 τότε
3714 4688 4068 4754 καρποφορεῖ

2481 4763 2755 4835 καθαρῶς.

2552 4856 2627 4910 Γ.
2662 4858 2781 4928 Χρὴ
2812 4859 2868 4912 δέ
2900 4860 3165 4931 πρότερον
3190 4862 3553 4932 προσελθόντα
3581 4865 3704 4919 τινὰ
3734 4865 3811 4935 τῷ
3838 4867 4061 4937 Κυρίῳ,

2477 4944 2620 4998 οὕτω
2659 4946 2942 5014 βιάζεσθαι
2974 4952 3165 5004 ἐαυτὸν
3192 4955 3272 5016 είς
3294 4954 3356 5005 τὸ
3379 4954 3584 5021 ἀγαθὸν
3617 4955 3712 5009 καὶ⁵
3748 4956 3822 5027 μὴ
3867 4956 4064 5009 θελού-

2480 5052 2578 5104 σης
2608 5037 2707 5106 τῆς
2732 5038 2981 5109 καρδίας,
3011 5042 3396 5111 προσδοκῶντα
3424 5044 3514 5097 διὰ
3547 5048 3748 5110 παντὸς
3779 5048 3838 5098 ἐν
3870 5049 4062 5102 πίστει

2476 5124 2782 5197 άδιστάκτῳ
2807 5128 2867 5181 τὸ
2906 5129 3051 5193 ἔλεος
3077 5133 3265 5199 αὐτοῦ,
3304 5135 3398 5189 καὶ
3425 5134 3708 5204 βιάζεσθαι
3744 5138 3937 5191 ἐαυτὸν
3974 5142 4060 5203 εἰς

2473 5212 2572 5283 τὴν
2615 5214 2854 5285 ἀγάπην,
2898 5217 2973 5287 μὴ
3016 5217 3208 5288 ἔχοντα
3253 5221 3509 5292 ἀγάπην
3542 5221 3825 5292 βιάζεσθαι
3857 5226 4060 5277 ἑαυτὸν

2473 5304 2555 5364 είς
2587 5304 2684 5371 τὴν
2728 5309 3035 5377 πραότητα,
3071 5311 3144 5380 μὴ
3178 5310 3370 5380 ἔχοντα
3403 5314 3687 5383 πραότητα
3713 5330 3727 5345 ⁸
3764 5314 4058 5383 βιάζεσθαι

2475 5392 2664 5445 ἑαυτὸν
2696 5396 2778 5457 είς
2819 5396 2878 5448 τὸ
2917 5400 3225 5471 οίκτείρειν,
3267 5405 3364 5457 καὶ
3414 5404 3685 5476 ἐλεήμονα
3732 5407 3875 5477 ἔχειν
3909 5425 4060 5479 καρ-

2473 5483 2588 5535 δίαν
2610 5500 2623 5513 ·
2650 5484 2930 5553 βιάζεσθαι
2957 5491 3151 5546 ἐαυτὸν
3178 5496 3257 5557 είς
3289 5497 3348 5548 τὸ
3373 5498 3853 5567 καταφρονεῖσθαι,
3882 5501 3962 5563 είς
3992 5502 4059 5553 τὸ

2478 5579 2988 5649 καταφρονούμενον
3029 5586 3424 5659 μακροθυμεῖν,
3474 5590 3565 5643 καὶ
3605 5589 4059 5661 ἐξουδενούμενον

1444 5751 1486 5779 9"
1516 5747 1646 5801 Luc.
1684 5763 1753 5811 Vl,
1788 5747 1875 5799 56.
1948 5746 1991 5777 9"
2016 5746 2170 5799 Joan.
2232 5764 2337 5809 xw,
2376 5750 2459 5805 15.
2536 5754 2552 5783 ¹
2583 5753 2714 5806 Luc.
2750 5768 2861 5818 xm,
2890 5754 2980 5807 ‘35.
