4282 6364
267 406 382 473 645

1456 408 1822 473 ΗΟΜΙῙΛΕ.
1860 413 2137 474 -ΗΟΜο
2178 415 2339 478 XIX.

3429 425 3535 495 846

269 514 307 583 ἦ
325 512 736 586 ἀτιμαζόμενον
771 511 847 584 μὴ
886 512 1244 605 ἀγανακτεῖν,
1278 512 1422 569 κατά
1447 516 1510 571 τδ
1535 516 1825 590 είρημένον
1844 533 1858 549 ο
1888 525 1935 585 Α

1844 533 1858 549 ·
1888 525 1935 585 Α
1962 529 2019 577 et
2048 521 2105 577 in
2135 539 2204 580 eo
2241 522 2459 583 fortiter
2487 526 2922 600 perdurandum,
2950 546 3021 590 ne
3048 531 3332 605 despectui
3372 537 3520 594 habi-

270 604 373 671 Μὴ
442 601 700 668 ἑαυτοὺς
754 601 1158 671 ἐκδικοῦντες,
1180 604 1499 676 ἀγαπητοί.
1566 606 1856 672 Βιάζεσθαι
1958 631 1961 663 τ

1837 625 1856 662 ι
1958 624 2048 673 tus
2094 624 2191 672 aut
2247 616 2645 677 dehonestatus
2696 623 3037 697 indignetur,
3076 601 3232 698 iusta
3272 628 3528 686 dictum:

273 695 471 748 ἑαυτὸν
489 695 571 759 είς
592 695 693 765 τὴν
719 694 907 765 εὐχὴν,
930 695 1006 767 μὴ
1026 694 1221 766 ἔχοντα
1243 697 1411 769 εὐχὴν
1433 701 1814 771 πνευματικήν
1836 718 1854 735 ο

270 791 372 841 καὶ
400 786 571 852 οὕτως
603 788 634 841 δ
659 788 814 854 Θεὸς,
848 788 1070 858 θεωρῶν
1096 789 1188 843 τὸν
1215 788 1388 855 οὕτως
1429 790 1854 864 ἀγωνιζόμενον,

271 882 371 934 και
399 880 491 952 βίᾳ
530 880 728 934 ἑαυτὸν
767 881 1027 951 άγχοντα,
1062 880 1138 952 μὴ
1168 880 1429 953 θελούσης
1458 883 1558 954 τῆς
1604 883 1852 954 καρδίας,

269 973 487 1027 δίδωσιν
518 973 687 1045 εὐχὴν
716 972 978 1044 ἀληθινὴν
1006 972 1345 1044 Πνεύματος,
1377 974 1593 1029 δίδωσιν
1632 976 1855 1047 ἀγάπην

270 1064 556 1135 ἀληθινὴν,
594 1064 883 1137 πραότητα
909 1064 1188 1136 ἀληθείας,
1222 1065 1509 1135 σπλάγχνα
1530 1066 1853 1137 οίκτιρμῶν,

270 1154 619 1226 χρηστότητα
652 1154 916 1226 ἀληθινὴν
935 1194 951 1220 ,
981 1155 1079 1209 καὶ
1111 1154 1482 1224 ἁπαξαπλῶς,
1516 1157 1718 1229 πληροῖ
1755 1157 1855 1214 αύ-

272 1246 366 1302 τὸν
384 1246 494 1301 τῶν
513 1246 741 1319 καρπῶν
761 1247 858 1302 τοῦ
884 1247 1024 1302 Πνεύ
1033 1265 1223 1319 ματος.

346 1516 419 1566 Δν.
450 1513 513 1566 Et
548 1514 606 1567 δέ
637 1530 722 1579 τις
744 1515 825 1578 είς
843 1512 942 1584 τὴν
967 1511 1132 1585 εὐχὴν
1157 1514 1327 1587 μόνην
1359 1512 1552 1570 ἑαυτὸν
1583 1513 1850 1585 βιάζεται,

272 1602 354 1674 μὴ
411 1604 548 1673 ἔχων
595 1605 785 1674 εὐχὴν,
830 1605 921 1657 ἵνα
965 1606 1067 1674 σχῇ
1117 1605 1283 1675 εύχῆς
1334 1606 1518 1676 χάριν,
1552 1606 1633 1669 είς
1661 1606 1716 1659 δὲ
1754 1606 1852 1676 τὴν

272 1694 559 1766 πραότητα
594 1695 688 1748 καὶ⁵
715 1694 1223 1767 ταπεινοφροσύνην
1252 1697 1348 1750 καὶ
1376 1696 1599 1765 ἀγάπην
1626 1697 1720 1749 καὶ
1753 1696 1854 1760 τάς

272 1788 468 1850 λοιπὰς
494 1786 713 1849 ἑντολάς
742 1787 837 1840 τοῦ
869 1788 1074 1858 Κυρίου
1101 1788 1294 1840 ἑαυτὸν
1330 1787 1391 1840 οὐ
1427 1786 1693 1857 βιάζεται,
1726 1787 1851 1842 οὔτε

1955 708 2074 764 Non
2110 713 2443 783 vosmetipsos
2492 713 2821 783 ulciscentes,
2858 718 3195 774 chariuimi'
3242 722 3531 793 :compel-

1957 800 2070 857 lere
2099 818 2157 857 se
2184 803 2363 873 ipsum
2411 804 2478 859 ad
2508 820 2722 876 preces,
2754 806 2799 863 si
2835 824 3030 879 preces
3056 810 3375 881 spirituales
3418 831 3531 869 non

1957 890 2177 948 habeat.
2212 894 2303 950 Sic
2325 896 2509 967 itaque
2539 899 3077 970 Deus,conspiciens
3098 917 3251 967 eum,
3285 904 3381 974 qui
3414 914 3534 960 tan-

1956 992 2147 1055 topere
2174 990 2477 1055 contendit,
2501 1004 2564 1045 ac
2596 992 2672 1056 vi,
2699 991 3002 1048 reluctante
3028 995 3234 1061 animo,
3266 1011 3325 1052 se
3348 997 3530 1066 ipsum

1955 1075 2305 1147 constringit,
2340 1094 2529 1134 veram
2565 1079 2806 1151 Spiritus
2846 1084 3220 1153 precationem
3267 1085 3524 1157 largitur,

1952 1178 2139 1219 veram
2200 1166 2550 1224 dilectionem
2592 1172 2864 1238 concedit,
2905 1188 3091 1230 veram
3137 1179 3531 1234 mansuetudi-

1955 1270 2117 1321 nem,
2168 1259 2379 1315 viscera
2435 1262 2861 1330 misericordiaa,
2910 1266 3259 1328 clementiam
3318 1286 3527 1338 veram,

1955 1354 2139 1415 atque,
2186 1358 2246 1402 ut
2294 1349 2459 1405 unico
2492 1353 2662 1407 verbo
2694 1352 2895 1421 dicam,
2941 1355 3118 1425 replet
3163 1372 3291 1414 eum
3342 1359 3525 1415 fructu

1956 1436 2213 1506 Spiritus.

2023 1530 2112 1587 IV.
2142 1531 2299 1597 Quod
2339 1534 2386 1588 si
2422 1534 2565 1604 quis,
2600 1550 2726 1592 cum
2772 1538 2972 1594 aﬂectu
3008 1543 3269 1611 precandi
3317 1557 3520 1613 careat,

1954 1622 2023 1677 ad
2059 1638 2252 1692 preces
2305 1626 2450 1681 solas
2479 1641 2539 1681 se
2582 1627 2763 1697 ipsum
2794 1629 2997 1700 adigat,
3040 1640 3101 1686 ut
3151 1646 3526 1705 consequatur

1954 1715 2289 1784 precationis
2345 1717 2626 1787 gratiam:
2672 1718 2740 1773 ad
2809 1724 3293 1780 mansuetudinem
3366 1745 3523 1792 vero,

1954 1804 2319 1860 humilitatem
2353 1807 2908 1869 animi,dilectionem
2951 1821 3007 1866 et
3027 1814 3240 1884 reliqua
3266 1819 3525 1874 mandata

274 1879 550 1949 μέριμναν
597 1879 694 1933 καὶ
737 1879 899 1932 πόνον
928 1880 1023 1933 καὶ
1056 1879 1244 1948 ἀγῶνα
1285 1878 1397 1950 ἔχει
1427 1880 1610 1934 ἐκεῖνα
1648 1896 1849 1951 κατορ-
1880 1873 1921 1928 Β
1952 1896 1965 1951 ι

1832 1873 2189 1963 'BDomini,
2250 1897 2433 1953 minus
2488 1915 2547 1954 se
2602 1900 2779 1970 ipsum
2836 1905 3147 1972 compellat,
3194 1923 3297 1963 nec
3355 1910 3523 1964 ullam

272 1970 487 2034 ϐῶσαι,
519 1971 643 2023 ὅσον
686 1969 748 2021 τὸ
795 1972 859 2023 ἐκ
899 1971 1292 2042 προαιρέσεως,
1345 1971 1441 2026 καὶ
1494 1970 1849 2035 αὑτεξουσίου

272 2061 603 2131 θελήματος,
635 2062 809 2115 ὲνίοτε
836 2062 1038 2116 δίδοται
1076 2061 1226 2131 αὑτῷ
1258 2061 1424 2133 εὐχῆς
1452 2063 1613 2134 χάρις
1638 2063 1696 2115 tv
1716 2062 1848 2116 ἀνα-

274 2150 478 2205 παύσει
505 2154 598 2204 καὶ
625 2152 933 2225 εὐφροσύνῃ
958 2153 1053 2207 τοῦ
1086 2152 1402 2224 Πνεύματος
1435 2151 1679 2224 μερικῶς
1708 2151 1850 2207 κατά

272 2245 337 2297 τὸ
367 2244 573 2314 αἴτημα
610 2244 799 2300 αὑτοῦ.
848 2245 975 2309 Τοῖς
1004 2245 1063 2299 δὲ
1093 2246 1316 2317 τρόποις
1345 2245 1530 2316 ὅμοιός
1560 2245 1676 2299 ἐστι
1724 2245 1847 2299 καθ’

270 2336 303 2388 ὃ
334 2336 428 2390 καὶ
468 2339 598 2407 πρὶν
622 2332 713 2407 ῆν,
742 2337 845 2390 οὐκ
879 2337 992 2409 ἔχει
1022 2337 1324 2409 πραότητα,
1358 2337 1441 2391 ὅτι
1483 2338 1585 2391 οὐκ
1618 2337 1848 2409 ἐζήτησε

273 2433 460 2497 πόνον,
498 2432 596 2485 καὶ
630 2433 1061 2503 προευτρέπισεν
1096 2433 1291 2485 ἑαυτὸν
1344 2430 1517 2495 οὕτως
1561 2430 1845 2498 γενέσθαι·

270 2524 376 2578 οὐκ
406 2524 519 2594 ἔχει
572 2522 1096 2595 ταπεινοφροσύνην,
1134 2521 1324 2592 ἐπειδὴ
1375 2521 1477 2575 οὐκ
1524 2520 1715 2592 ᾔτησε,
1755 2520 1851 2575 καὶ

269 2615 470 2669 ἑαυτὸν
515 2616 617 2669 οὐκ
654 2614 910 2670 ιδιάσατο
962 2616 1042 2678 είς
1092 2614 1270 2669 τοῦτο.
1318 2614 1431 2669 Ούκ
1465 2613 1581 2684 ἔχει
1625 2612 1850 2683 ἀγάπην

272 2707 414 2778 πρὸς
469 2705 715 2772 πάντας,
768 2705 954 2776 ἐπειδὴ
998 2705 1128 2775 περὶ
1176 2703 1370 2758 τούτου
1424 2704 1697 2776 μέριμναν
1755 2701 1849 2756 καὶ

275 2798 463 2866 ἀγῶνα
510 2799 609 2851 οὐκ
638 2797 795 2868 ἔσχεν
828 2799 887 2851 ιν
934 2799 999 2867 τῇ
1032 2796 1246 2867 αίτήσει
1292 2795 1392 2866 τῆς
1421 2795 1588 2867 εὐχῆς
1608 2812 1621 2828 ·
1665 2794 1758 2849 καὶ
1792 2797 1850 2848 ιν

272 2890 415 2960 αὐτῇ
446 2892 514 2961 τῇ
541 2889 887 2959 ἐπιτηδεύσει
908 2888 1003 2943 τοῦ
1037 2891 1234 2961 ἔργου,
1270 2888 1371 2941 οὐκ
1395 2886 1509 2958 ἔχει
1540 2886 1723 2941 πίστιν
1757 2886 1851 2940 καὶ

276 2982 604 3053 πεποίθησιν
640 2982 778 3053 πρὸς
803 2982 896 3035 τὸν
928 2981 1062 3035 Θεὸν
1083 3021 1097 3046 ,
1126 2980 1313 3052 ἐπειδὴ
1347 2979 1585 3049 ἔγνωκεν
1622 2977 1846 3043 ἑαυτὸν,

274 3074 378 3127 οὐκ
413 3073 735 3143 ἐδοκίμασεν
770 3071 844 3141 μὴ
889 3070 1054 3141 ἔχειν,
1092 3072 1185 3125 καὶ
1213 3070 1315 3124 οὐκ
1342 3070 1606 3140 ἐπόνησεν
1640 3070 1699 3123 ὲν
1734 3067 1849 3122 θλί-

276 3163 400 3232 ψει,
434 3162 613 3232 ζητῶν
659 3162 810 3232 παρά
838 3160 1047 3232 Κυρίου
1084 3163 1230 3231 σχεῖν
1257 3160 1356 3231 τὴν
1384 3158 1523 3231 πρὸς
1561 3158 1726 3215 αὐτὸν
1757 3158 1850 3230 βε-

275 3255 440 3308 ϐαίαν
475 3254 691 3321 πίστιν,
724 3253 820 3308 καὶ
854 3253 1181 3325 πεποίθησιν
1214 3252 1498 3325 ἀληθινήν.

348 3452 427 3509 κ’.
458 3452 578 3525 Χρὴ
605 3452 717 3523 γὰρ
739 3451 975 3506 ἕκαστον
1010 3449 1200 3522 ὥσπερ
1235 3450 1318 3515 είς
1348 3449 1447 3522 τὴν
1471 3447 1637 3520 εὐχὴν
1672 3448 1852 3520 βιάζε-

278 3545 405 3598 σθαι
446 3545 637 3598 ἑαυτὸν
677 3545 774 3598 καὶ
802 3544 1014 3614 ἄγχειν,
1049 3543 1123 3614 μὴ
1155 3542 1414 3611 θελούσης
1450 3542 1550 3611 τῆς
1590 3542 1847 3611 καρδίας“

276 3635 455 3698 οὕτως
492 3634 588 3689 καὶ
636 3634 717 3695 είς
745 3633 845 3705 τὴν
894 3632 1243 3703 πεποίθησιν,
1282 3630 1457 3693 οὓτως
1508 3630 1602 3684 καὶ
1632 3631 1712 3693 είς
1753 3631 1852 3697 τὴν

275 3727 813 3797 ταπεινοφροσύνην,
844 3725 1017 3788 οὕτως
1044 3727 1124 3788 είς
1155 3722 1254 3795 τὴν
1281 3724 1533 3793 ἀοιδάπην,
1567 3722 1739 3784 οὕτως
1774 3722 1852 3785 είς

276 3819 378 3888 τὴν
406 3818 707 3890 πραότητα,
734 3816 1105 3889 ἀκεραιότητά
1134 3833 1193 3869 τε
1220 3816 1317 3870 καὶ
1339 3814 1617 3883 ἁπλότητα
1638 3830 1651 3844 ο
1680 3813 1854 3875 οὕτως

277 3914 360 3975 είς
389 3913 570 3965 πᾶσαν
604 3910 879 3981 ὑπομονὴν
913 3910 1007 3963 καὶ
1041 3907 1423 3979 μακροθυμίαν
1464 3922 1851 3975 καταγεγραμ-

282 4002 447 4071 μένον
497 4000 633 4071 μετά
662 4002 838 4071 χαρᾶς
863 4016 878 4031 ο
924 3998 1099 4062 οὕτως
1149 3997 1429 4069 βιάζεσθαι
1459 3998 1537 4060 είς
1570 3997 1631 4049 τὸ
1660 3997 1849 4050 ἑαυτὸν

277 4093 606 4160 ἐξουθενείν.
655 4092 766 4146 Καὶ
815 4091 1030 4162 πτωχὸν
1075 4092 1170 4145 καὶ
1226 4090 1452 4160 ἔσχατον
1499 4088 1807 4157 λογίζεσθαι
1830 4103 1848 4121 °

276 4183 451 4247 οὕτως
480 4185 559 4245 είς
591 4182 652 4235 τὺ
699 4182 773 4253 μὴ
808 4182 1019 4253 ὁμιλεῖν
1044 4183 1113 4235 τά
1140 4181 1215 4253 μὴ
1252 4183 1381 4236 ὅντα
1411 4183 1675 4253 χρήσιμα,
1714 4183 1851 4235 ἀλλά

278 4275 369 4328 ἀεὶ
408 4274 479 4329 τά
528 4274 623 4328 τοῦ
656 4273 791 4327 Θεοῦ
825 4273 1089 4345 μελετᾷν,
1139 4275 1234 4327 καὶ
1263 4272 1441 4327 λαλείν
1490 4274 1715 4345 στόματι
1760 4276 1853 4329 καὶ

279 4368 501 4439 καρδίᾳ.
549 4366 737 4431 Οὕτως
775 4369 855 4431 είς
897 4367 959 4421 τὸ
996 4368 1070 4439 μὴ
1110 4368 1443 4439 θυμοῦσθαι,
1475 4368 1572 4422 καὶ
1608 4369 1854 4439 κραυγά-

278 4460 397 4525 (etv
422 4458 561 4513 κατά
588 4458 649 4512 τὺ
685 4458 973 4528 είρημένον
993 4499 1007 4521 ,
1036 4458 1211 4515 Πᾶσα
1240 4458 1472 4528 πικρία,
1510 4462 1610 4513 καί
1641 4459 1849 4527 θυμὸς,

1951 2003 2157 2049 curam,
2192 1988 2435 2043 laborem
2468 2005 2533 2045 ac
2576 1992 2818 2047 studium
2865 1995 3143 2061 adhibeat,
3178 2007 3237 2052 ut
3277 2016 3343 2055 ea
3375 2010 3524 2057 recte

1948 2080 2057 2149 82
2081 2080 2377 2135 constituat
2406 2097 2418 2134 :
2444 2082 2622 2151 quoad
2657 2083 2805 2140 illius
2835 2088 3178 2156 propositum
3206 2106 3269 2146 ac
3292 2091 3524 2147 liberam

1949 2171 2326 2235 voluntatem,
2388 2173 2713 2228 conceditur
2786 2176 2864 2229 illi
2920 2178 3196 2234 interdum
3263 2182 3524 2252 precandi

1950 2260 2126 2331 gratia
2157 2276 2280 2316 cum
2302 2260 2667 2318 delectatione
2688 2280 2751 2319 ac
2781 2264 2969 2322 laetitia
3000 2268 3258 2338 Spiritus,
3278 2287 3345 2327 ex
3367 2282 3525 2342 parte

1952 2362 2135 2407 tamen
2162 2353 2315 2424 juxta
2350 2354 2671 2423 petitionem
2711 2357 2832 2427 ejus
2863 2359 3151 2414 :moribus
3173 2368 3354 2417 tamen
3379 2364 3524 2419 idem

1949 2450 2054 2509 est,
2087 2444 2287 2513 quibus
2330 2454 2488 2500 antea
2534 2454 2675 2513 erat,
2732 2448 3031 2503 destitutus
3077 2454 3522 2522 mansuetudine,

1949 2549 2016 2589 eo
2045 2535 2192 2603 quod
2219 2552 2328 2590 non
2360 2536 2648 2601 laborarit,
2677 2554 2779 2593 nec
2804 2553 2863 2594 se
2927 2543 3270 2612 prtepararit,
3308 2553 3371 2599 ut
3400 2546 3527 2603 talis

1961 2630 2254 2685 evaderet:
2292 2630 2589 2687 destitutus
2638 2632 2970 2698 humilitate,
2992 2650 3059 2689 eo
3087 2636 3233 2706 quod
3260 2653 3369 2693 non
3396 2655 3527 2709 pos—

1949 2719 2160 2783 tularit,
2196 2736 2300 2775 nec
2320 2736 2377 2776 se
2404 2721 2581 2791 ipsum
2602 2721 2667 2776 ad
2693 2738 2813 2777 eam
2834 2726 3198 2795 compulerit:
3226 2728 3527 2786 destitutus

1951 2809 2245 2866 dilectione
2274 2828 2402 2882 erga
2430 2827 2642 2877 omnes,
2673 2829 2739 2868 eo
2769 2815 2914 2885 quod
2942 2817 3010 2871 de
3040 2832 3104 2872 ea
3135 2820 3272 2875 nihil
3301 2821 3526 2880 omnino

1951 2900 2220 2957 sollicitus
2246 2901 2415 2957 fuerit
2440 2904 2495 2958 in
2521 2906 2888 2974 postulatione
2913 2909 3178 2965 orationis
3205 2926 3353 2966 suae:
3378 2921 3436 2968 et
3469 2914 3527 2969 in

1953 2990 2069 3060 ipsa
2100 2994 2286 3061 aperis
2328 2993 2807 3051 administratione
2832 3012 2943 3052 non
2990 2998 3159 3055 habet
3197 3001 3384 3069 ﬁdem,
3422 3020 3525 3061 nec

1951 3072 2211 3137 ﬁduciam
2243 3098 2369 3155 erga
2419 3084 2614 3151 Deum,
2665 3100 2733 3142 eo
2772 3087 2919 3157 quod
2965 3088 3021 3143 in
3074 3093 3389 3162 cognitione
3437 3094 3524 3150 sui

1880 3206 1921 3265 Ω
1954 3189 2145 3229 carere
2177 3191 2232 3231 se
2259 3192 2370 3231 non
2416 3186 2672 3247 expertus
2700 3187 2806 3245 est,
2850 3196 3031 3252 neque
3067 3184 3351 3240 contendit
3397 3201 3523 3247 cum

1954 3263 2247 3319 alllictione
2276 3266 2568 3321 Dominum
2602 3270 2904 3338 postulare,
2930 3280 2990 3326 ut
3021 3272 3266 3329 obtineat
3309 3275 3523 3333 ﬁrmam

1954 3354 2009 3408 in
2037 3355 2187 3409 illum
2210 3354 2373 3411 tidem
2407 3372 2471 3412 ac
2508 3372 2695 3413 veram
2724 3358 3005 3418 ﬁduciam.

2024 3461 2087 3514 V.
2116 3459 2345 3530 Oportet
2378 3461 2524 3515 enim
2568 3478 3016 3537 unumquemque
3060 3469 3293 3539 perinde
3348 3479 3411 3527 ut
3454 3472 3525 3529 ad

1954 3566 2146 3620 preces
2194 3566 2251 3607 se
2301 3553 2627 3620 compellere
2675 3565 2841 3626 atque
2896 3558 3135 3629 adigere,
3186 3574 3525 3634 repugnante

1954 3642 2172 3707 animo;
2204 3644 2284 3699 sic
2309 3660 2528 3716 quoque
2560 3646 2625 3701 ad
2659 3646 2937 3712 ﬁduciam,
2965 3650 3045 3705 sic
3069 3667 3289 3722 quoque
3318 3655 3385 3710 ad
3416 3655 3523 3710 hu-

1955 3732 2265 3798 militatem,
2296 3735 2375 3789 sic
2411 3751 2633 3806 quoque
2680 3738 2747 3792 ad
2796 3739 3169 3806 dilectionem,
3197 3744 3277 3798 sic
3302 3760 3525 3816 quoque

1955 3817 2022 3870 ad
2053 3820 2555 3887 mansuetudinem,
2603 3823 2975 3882 sinceritatem
3001 3839 3057 3884 et
3080 3829 3523 3901 simplicitatem:

1954 3909 2033 3963 sic
2062 3926 2280 3982 quoque
2302 3915 2368 3969 ad
2398 3931 2616 3971 omnem
2636 3920 2955 3988 patientiam
2977 3929 3033 3975 et
3057 3920 3525 3993 longanimitatem

1956 4016 2079 4054 cum
2105 4004 2305 4073 gaudio
2348 4020 2412 4060 ac
2446 4017 2698 4076 prompte
2727 4009 3006 4065 collimare
3049 4027 3063 4065 :
3096 4011 3177 4067 sic
3203 4028 3422 4085 quoque
3465 4030 3526 4073 se

1956 4096 2283 4163 compellere
2318 4097 2385 4151 ad
2412 4098 2495 4153 sui
2530 4098 2702 4168 ipsius
2745 4101 3086 4171 despectum,
3123 4119 3268 4160 acse
3319 4122 3528 4178 paupe-

1957 4199 2072 4237 rem
2100 4185 2411 4257 inﬁmmque
2442 4188 2605 4244 sortis
2634 4189 3061 4247 homuncionem
3100 4204 3398 4265 reputare:
3423 4200 3526 4263 sic,

1954 4292 2021 4331 ne
2056 4278 2300 4334 intentus
2334 4280 2405 4335 sit
2462 4281 2628 4336 rebus
2668 4283 2852 4339 minus
2882 4284 3130 4351 utilibus,
3168 4287 3263 4342 sed
3311 4303 3531 4360 semper

1954 4382 2077 4437 quae
2109 4369 2204 4423 Dei
2247 4378 2378 4423 sunt
2405 4371 2723 4440 meditetur,
2760 4382 2816 4428 et
2846 4373 3089 4443 proferat
3110 4391 3207 4431 ore
3231 4386 3288 4431 et
3312 4378 3480 4434 corde
3512 4398 3527 4434 :

1955 4458 2036 4513 sic
2077 4475 2142 4513 ne
2189 4458 2269 4513 ira
2308 4461 2671 4516 excandescat
2697 4472 2791 4518 aut
2820 4464 3085 4531 clamitet,
3130 4466 3294 4523 sicuti
3318 4468 3531 4524 dictum

278 4551 379 4606 και
420 4548 588 4618 ὀργὴ,
636 4549 732 4602 καί
768 4546 1023 4616 κραυγὴ,
1082 4547 1182 4602 καί
1217 4549 1582 4617 βλασφημία
1619 4549 1852 4618 ἀρθήτω
1884 4540 1969 4603 1)(

1839 4569 1852 4603 ›
1884 4540 1928 4596 D
1954 4558 2040 4604 est
2075 4568 2087 4602 :
2122 4549 2306 4605 Omnis
2338 4553 2721 4618 amarulentia,
2756 4562 2806 4607 et
2847 4555 3069 4621 clamor,
3102 4567 3149 4611 et
3174 4560 3280 4623 ira,
3310 4567 3360 4612 et
3388 4564 3530 4615 voci-

278 4642 381 4710 ἀφ’
435 4640 606 4709 ὑμῶν
649 4639 773 4694 σὺν
827 4639 996 4709 πάσῃ
1036 4640 1233 4705 κακίᾳ.
1286 4638 1474 4702 Οὕτως
1528 4640 1609 4703 είς
1645 4639 1852 4703 πάντας

279 4737 403 4797 τοὺς
432 4731 527 4785 τοῦ
550 4732 759 4803 Κυρίου
779 4731 1036 4802 τρόπους,
1065 4734 1143 4796 είς
1173 4734 1355 4786 πᾶσαν
1376 4731 1608 4802 ἄσκησιν
1628 4731 1850 4800 ἀρετῆς,

280 4827 378 4879 καὶ
429 4824 705 4887 πολιτείας
748 4824 962 4893 ἀγαθῆς
1006 4825 1099 4877 καὶ
1133 4824 1337 4895 καλῆς·
1377 4825 1457 4887 είς
1500 4825 1679 4877 πᾶσαν
1722 4825 1856 4877 ἀνα-

281 4916 523 4986 στροφὴν
565 4914 923 4985 ἀγαθότητος,
984 4917 1064 4978 είς
1117 4916 1300 4968 πᾶσαν
1351 4914 1853 4987 ταπεινοφροσύνην

280 5005 607 5075 πραότητος,
634 5006 714 5067 είς
742 5003 803 5057 τὸ
838 5005 912 5075 μὴ
939 5004 1287 5075 ἐπαίρεσθαι,
1319 5006 1412 5059 καὶ
1442 5004 1851 5077 ὑψηλοφρονεῖν,

279 5095 377 5149 καὶ
406 5095 750 5166 φυσιοῦσθαι,
780 5098 872 5149 καὶ
902 5097 1083 5151 λαλεῖν
1112 5098 1254 5152 κατά
1284 5115 1446 5163 τινος.

357 5273 445 5340 ς’.
486 5274 580 5337 Είς
612 5273 783 5328 ταῦτα
824 5275 1002 5327 πάντα
1036 5273 1239 5344 ὀφείλει
1274 5273 1554 5344 βιάζεσθαι
1588 5274 1797 5340 ἑαυτὸν,
1826 5276 1854 5328 ὁ

284 5365 455 5419 θίλων
510 5365 864 5436 εὐδοκιμῆσαι
922 5365 1017 5418 καὶ
1074 5366 1438 5437 εὐαρεστῆσαι
1481 5365 1732 5437 Χριστῷ,
1786 5365 1854 5418 ἶν’

283 5457 460 5521 οὕτως
488 5458 517 5509 ό
564 5455 769 5529 Κύριος
820 5456 943 5510 ίδὼν
1000 5456 1168 5510 αὐτοῦ
1222 5456 1322 5525 τὴν
1376 5455 1718 5527 προθυμίαν,
1763 5457 1856 5509 καὶ

287 5549 637 5621 προαίρεσιν,
681 5549 775 5602 τοῦ
825 5548 999 5613 οὕτως
1056 5551 1137 5611 είς
1186 5550 1369 5602 πᾶσαν
1406 5548 1718 5620 ἀγαθότητα
1761 5548 1857 5602 καὶ

286 5640 588 5709 ἁπλότητα,
634 5641 731 5695 καὶ
779 5640 1141 5711 χρηστότητα,
1188 5641 1283 5694 καὶ
1334 5642 1853 5715 ταπεινοφροσύνην,

360 5816 555 5873 'Bom.
586 5831 682 5885 xu,
717 5816 805 5875 l9.
881 5816 1117 5888 'Ephes-
1147 5833 1220 5885 ιν,
1252 5818 1338 5872 51.

1960 4641 2170 4709 feratio,
2204 4649 2255 4693 et
2309 4640 2680 4697 maledicentia
2718 4644 2940 4699 tollatur
2976 4666 3008 4701 α
3051 4649 3190 4703 vobis
3223 4667 3341 4704 cum
3387 4654 3533 4707 omni

1960 4734 2169 4789 malitia
2195 4735 2235 4789 ³.
2269 4735 2360 4791 Sic
2390 4735 2458 4790 ad
2502 4752 2695 4792 omnes
2744 4753 2927 4794 mores
2951 4741 3165 4796 Domini
3198 4742 3530 4811 induendos,

1961 4821 2027 4875 ad
2052 4837 2270 4877 omnem
2306 4823 2545 4891 virtutis,
2577 4825 2737 4894 probi
2762 4827 3096 4899 honestique
3127 4832 3258 4887 vita:
3288 4834 3534 4893 instituti

1960 4914 2430 4982 exercitationem,
2466 4915 2535 4970 ad
2556 4931 2779 4972 omnem
2808 4922 3284 4978 conversationem
3316 4923 3539 4981 bonita-

1964 5006 2052 5070 tis,
2096 5006 2163 5062 ad
2214 5023 2433 5063 omnem
2485 5009 2856 5068 humilitatem
2903 5016 3383 5085 mansuetudinis;
3429 5033 3538 5076 nec

1962 5095 2276 5163 extollatur,
2307 5112 2409 5153 nec
2450 5100 2624 5154 altum
2670 5102 2869 5172 sapiat,
2900 5112 2996 5158 aut
3041 5102 3282 5170 inlletur,
3314 5107 3400 5162 vel
3430 5123 3538 5163 cu—

1958 5186 2175 5258 jusdam
2210 5190 2408 5245 famam
2437 5190 2736 5250 detrectet.

2030 5275 2117 5334 Vl.
2143 5280 2224 5335 Ad
2261 5281 2376 5336 hate
2400 5282 2584 5338 omnia
2608 5298 2666 5339 se
2696 5285 3027 5354 compellere
3060 5286 3227 5343 debet
3251 5291 3345 5360 qui
3378 5292 3534 5362 cupit

1959 5371 2184 5442 probari
2212 5388 2275 5428 ac
2322 5374 2539 5444 placere
2572 5374 2817 5443 Christo,
2861 5376 2935 5433 ita
2965 5387 3026 5433 ut
3070 5380 3355 5447 Dominus,
3399 5398 3534 5439 con-

1968 5474 2161 5534 specta
2208 5466 2330 5535 eius
2381 5466 2851 5537 promptitudine,
2913 5484 2978 5525 ac
3032 5471 3356 5539 intentione,
3389 5475 3531 5545 ejus,

1963 5551 2318 5623 inquam,qui
2347 5554 2415 5609 ad
2446 5555 2797 5625 probitatem,
2828 5558 3257 5629 simplicitatem,
3279 5564 3533 5636 benigni-

1965 5653 2155 5711 tatem,
2206 5644 2595 5713 humilitatem,
2647 5648 2994 5708 dilectionem
3053 5664 3110 5709 et
3156 5656 3531 5725 precationem
