4282 6364
798 402 899 468 647

2021 398 2080 457 S.
2122 397 2437 456 MACARII
2479 394 2794 457 IEGYI’I‘II

3927 388 4063 453 648

800 530 857 567 se
891 516 1068 584 ipsum
1102 509 1401 578 compellit,
1432 521 1495 563 ac
1528 508 1579 562 vi
1609 507 1841 576 quadam
1875 506 2065 576 adigit,
2090 522 2147 560 se
2183 513 2357 559 totum
2386 513 2427 568 Α

2389 513 2427 568 Α
2459 506 2554 557 καὶ
2624 506 2881 574 ἀγάπην,
2946 504 3039 556 καὶ
3103 503 3266 573 εὐχὴν
3332 503 3591 572 ἄγχοντος
3650 499 3881 563 ἑαυτὸν,
3941 505 4060 552 καὶ

796 603 876 657 llli
914 602 1106 656 oﬂ‘erat
1146 618 1159 655 :
1192 601 1329 669 ipse,
1376 598 1620 668 inquam,
1663 597 1952 660 Dominus,
2000 595 2235 664 implens
2271 610 2362 648 re-

796 710 924 748 vera
952 694 1069 747 haec
1089 690 1272 745 omnia
1306 690 1362 743 in
1391 704 1458 743 eo
1485 702 1622 757 pure
1660 688 1867 755 absque
1908 686 2021 740 ullo
2061 686 2249 739 labore
2303 693 2359 738 et

796 787 868 851 vi,
903 800 1024 855 quae
1077 798 1147 838 ne
1182 784 1236 835 vi
1272 780 1494 851 quidem
1537 779 1648 833 ulla
1676 788 1834 832 antea
1878 776 2171 831 observare
2201 784 2357 844 pote-

796 886 901 939 rat,
927 884 1154 945 propter
1183 872 1496 927 inhabitans
1542 870 1598 924 in
1638 886 1704 924 co
1735 876 2041 937 peccatum.
2087 868 2357 934 Fiuntque

794 969 873 1021 illi
908 966 1024 1020 hzec
1062 966 1245 1019 omnia
1284 963 1550 1017 virtutum
1581 959 1841 1015 exercitia
1886 968 1941 1013 et
1965 958 2165 1021 studia,
2206 957 2357 1009 velut

792 1058 964 1111 altera
1006 1064 1223 1109 natura.
1276 1054 1630 1110 Postmodum
1657 1051 1921 1105 Dominus
1962 1048 2259 1102 adveniens
2301 1054 2357 1100 et

794 1158 1045 1202 versatus
1099 1162 1224 1202 cum
1300 1162 1398 1210 eo,
1453 1154 1509 1199 et
1576 1143 1666 1197 ille
1730 1157 1855 1197 cum
1925 1138 2184 1205 Domino,
2242 1140 2356 1208 ipse

793 1237 1007 1307 perlicit
1043 1239 1097 1291 in
1135 1253 1201 1291 eo
1236 1252 1331 1291 sua
1395 1235 1648 1288 mandata
1684 1234 1820 1287 citra
1850 1246 2065 1286 omnem
2092 1231 2355 1294 laborem,

795 1330 1013 1397 replens
1035 1344 1158 1381 cum
1198 1326 1380 1380 fructu
1414 1326 1672 1395 Spiritus.
1692 1321 1846 1389 Quod
1878 1322 1922 1375 si
1943 1336 2073 1375 vero
2101 1319 2167 1373 ad
2188 1320 2355 1373 solam

792 1419 1159 1488 precationem
1230 1432 1289 1473 se
1342 1417 1465 1487 quis
1529 1416 1717 1485 adigit,
1765 1414 1941 1467 donec
1990 1424 2359 1480 consequatur

792 1511 1024 1580 gratiam
1090 1512 1231 1565 hanc
1275 1526 1303 1563 a
1345 1510 1496 1569 Deo;
1542 1507 1608 1561 ad
1637 1523 1700 1561 ea
1732 1522 1885 1568 vero,
1938 1520 2059 1573 qua:
2097 1504 2356 1573 praedicta

793 1610 942 1665 sunt,
980 1616 1037 1654 se
1076 1616 1184 1653 non
1229 1599 1540 1667 compellat,
1594 1606 1750 1667 cogat
1794 1605 1849 1649 et
1895 1594 2241 1656 assuefaciat,
2266 1594 2357 1646 ille

793 1707 943 1755 vere,
977 1707 1113 1759 pure
1161 1706 1225 1744 ac
1271 1689 1388 1743 sine
1439 1686 1865 1756 reprehensione
1907 1684 2021 1737 haec
2055 1683 2357 1751 adimplere

791 1784 1002 1851 nequit.
1029 1782 1229 1834 Verum
1263 1782 1335 1834 ita
1371 1779 1627 1833 convenit
1653 1793 1709 1831 se
1741 1789 2048 1847 praeparare
2090 1789 2189 1842 pro
2222 1774 2355 1828 viri-

793 1842 897 1925 bus
917 1872 983 1925 ad
1008 1870 1061 1923 id
1090 1870 1236 1938 quod
1262 1870 1466 1923 bonum
1486 1878 1589 1921 est.
1627 1842 1904 1929 Interdum
1933 1866 2079 1920 enim
2106 1859 2355 1934 pervenit
2387 1842 2431 1899 Β

799 1961 865 2013 ad
898 1962 1023 2013 euin
1056 1967 1329 2027 petentem
1352 1974 1414 2011 ac
1438 1965 1747 2026 precantem
1765 1956 1935 2026 gratia
1956 1955 2158 2009 divina.
2178 1956 2360 2009 Bonus

796 2050 942 2102 enim
976 2057 1031 2101 et
1065 2049 1333 2117 benignus
1356 2057 1433 2100 est
1464 2047 1624 2109 Deus,
1661 2061 1722 2099 ac
1750 2044 2360 2115 petentibusaselargi-

806 2149 895 2192 tur
926 2155 1046 2208 qua:
1078 2141 1369 2208 petierant.
1403 2138 1603 2192 Verum
1631 2136 1724 2207 qui
1755 2146 1905 2189 caret
1932 2136 2018 2200 iis,
2060 2135 2126 2190 de
2158 2136 2359 2205 quibus

793 2229 959 2282 locuti
992 2244 1177 2283 sumus
1220 2236 1397 2291 antea,
1445 2242 1545 2281 nec
1591 2242 1649 2281 se
1697 2225 1763 2279 ad
1811 2241 1875 2280 ea
1915 2224 2210 2279 assuefacit
2266 2235 2360 2280 aut

793 2329 1084 2390 prteparat,
1117 2320 1346 2390 gratiam
1381 2334 1544 2388 quam
1571 2326 1901 2372 consecutus
1926 2318 2036 2387 jam
2070 2325 2209 2381 erat,
2231 2332 2360 2386 per-

796 2412 896 2475 dit,
939 2427 1001 2465 ac
1031 2412 1176 2466 cadit
1204 2427 1313 2481 prae
1344 2411 1511 2464 nimia
1536 2408 1880 2479 arrogantia;
1909 2418 2002 2462 aut
2025 2408 2163 2462 nihil
2190 2407 2358 2478 proli-

804 2505 898 2568 cit,
929 2519 1031 2557 nec
1078 2514 1306 2573 augetur
1351 2503 1408 2556 in
1453 2502 1623 2573 gratia
1652 2502 1755 2555 sibi
1788 2517 2067 2566 concessa,
2102 2501 2360 2570 quoniam

796 2593 1070 2647 mandatis
1099 2593 1315 2647 Domini
1341 2594 1647 2647 deliberato
1679 2593 1861 2647 animo
1910 2607 1969 2646 se
2014 2606 2125 2645 non
2156 2590 2310 2645 dedit
2345 2606 2356 2643 :

794 2682 991 2735 domus
1048 2681 1196 2735 enim
1256 2690 1312 2735 et
1370 2682 1589 2750 requies
1627 2681 1866 2750 Spiritus
1919 2689 2004 2735 est
2053 2680 2358 2744 humilitas,

793 2771 1016 2825 dilectio
1062 2780 1117 2826 et
1170 2771 1557 2837 mansuetudo,
1585 2780 1642 2825 et
1675 2771 1884 2841 reliqua
1930 2771 2148 2827 Domini
2211 2785 2363 2823 man-

793 2863 940 2917 data.

863 3050 971 3120 83
993 3049 1107 3104 Vll.
1131 3049 1303 3103 Debet
1326 3064 1480 3119 ergo,
1507 3050 1823 3119 quicunque
1847 3049 1960 3104 Deo
1990 3065 2118 3104 vere
2148 3050 2363 3119 placere

792 3143 960 3213 cupit,
986 3141 1053 3194 ab
1098 3156 1272 3209 eoque
1297 3142 1542 3210 recipere
1572 3142 1849 3195 caalcstcm
1874 3142 2111 3210 Spiritus
2134 3142 2360 3211 gratiam

790 3242 846 3285 et
878 3232 931 3284 in
972 3231 1174 3300 Spiritu
1223 3242 1411 3285 sancto
1450 3246 1698 3285 crescere
1725 3247 1788 3284 ac
1827 3231 2037 3300 perﬁci,
2075 3232 2141 3284 ad
2174 3233 2355 3286 omnia

790 3331 1059 3390 praecepta
1106 3321 1198 3374 Dei
1243 3337 1300 3375 se
1337 3322 1513 3391 ipsum
1544 3323 1891 3391 compellere,
1922 3332 1976 3377 et
2007 3324 2089 3377 vel
2124 3324 2355 3377 invitum

792 3411 1035 3463 animum
1066 3411 1379 3480 subjugare,
1416 3411 1716 3465 secundum
1758 3412 1902 3480 quod
1944 3412 2181 3465 dicitur:
2224 3412 2359 3465 Pro-

790 3509 972 3569 pterea
994 3499 1061 3551 ad
1088 3501 1262 3551 omnia
1284 3502 1535 3553 mandata
1561 3510 1651 3553 tua
1676 3501 1938 3569 dirigebar
1959 3518 1974 3554 :
1992 3518 2196 3554 omnem
2219 3503 2357 3555 viam

788 3590 1031 3657 iniquam
1075 3588 1193 3639 odio
1237 3587 1392 3639 habui
1414 3592 1452 3640 ⁵.
1483 3588 1951 3652 Quemadmodum
1982 3589 2129 3641 enim
2160 3589 2360 3657 aliquis

788 3681 854 3732 ad
888 3680 1347 3748 perseverandum
1383 3681 1435 3733 in
1471 3681 1788 3749 precatione
1823 3696 1879 3734 se
1909 3681 2087 3750 ipsum
2115 3681 2357 3750 compel-

789 3770 850 3821 lit
883 3776 1048 3838 atque
1073 3770 1261 3839 adigit,
1288 3769 1465 3823 donec
1490 3770 1543 3822 id
1569 3779 1716 3823 recte
1740 3772 2091 3824 constituerit
2115 3789 2126 3823 :
2163 3771 2357 3825 eodem

790 3861 973 3924 modo,
1010 3859 1056 3913 si
1087 3860 1331 3922 libuerit,
1368 3860 1435 3913 ad
1468 3862 1648 3914 omnia
1675 3878 1893 3931 quoque
1918 3863 2181 3915 virtutum
2204 3877 2360 3917 exer-

788 3951 915 4004 citia
945 3967 1003 4006 se
1034 3952 1213 4021 ipsum
1244 3952 1519 4021 compellit
1539 3963 1705 4022 atque
1729 3953 1919 4022 adigit,
1945 3953 2102 4008 bonae
2125 3970 2358 4009 consue-

790 4042 969 4095 tudini
1018 4058 1371 4108 assuescens;
1408 4051 1463 4096 et
1508 4044 1605 4108 sic,
1652 4044 1744 4097 ubi
1800 4045 2016 4099 assidue
2067 4046 2356 4100 Dominum

788 4131 1095 4184 obtestatus
1139 4147 1203 4185 ac
1249 4131 1595 4200 deprecatus,
1627 4141 1681 4186 et
1710 4148 1829 4201 qua:
1856 4133 2096 4201 petierit,
2130 4134 2360 4203 adeptus

791 4224 976 4287 fuerit,
1010 4224 1177 4276 Deum
1206 4233 1423 4292 gustare
1449 4224 1633 4291 carpit,
1674 4240 1737 4277 ac
1767 4224 2003 4293 Spiritus
2032 4226 2202 4278 sancti
2235 4240 2360 4294 par-

792 4316 961 4382 ticeps
989 4315 1161 4368 factus
1211 4316 1397 4377 l'ucrit,
1444 4315 1545 4367 hoc
1586 4315 1714 4383 agit,
1751 4326 1809 4367 ut
1838 4323 2047 4368 crescat
2082 4325 2138 4369 et
2179 4318 2359 4370 foveat

788 4408 1013 4475 gratiam
1054 4406 1156 4458 sibi
1188 4422 1528 4468 concessam,
1580 4407 2015 4475 requiescentem
2047 4408 2101 4461 in
2134 4408 2355 4463 humili-

789 4506 917 4562 tate,
944 4497 999 4549 in
1023 4496 1315 4551 dilectione
1338 4506 1391 4551 et
1420 4498 1837 4551 mansuetudine
1866 4500 2003 4568 ejus.

858 4672 990 4725 Vlll.
1024 4672 1141 4741 Ipse
1166 4672 1403 4741 Spiritus
1428 4674 1655 4744 largitur
1689 4675 1806 4730 lucc
1838 4676 1911 4739 ei,
1942 4684 2104 4746 atque
2130 4677 2356 4732 instruit

785 4779 910 4817 eum
946 4780 1073 4817 vera
1110 4767 1369 4832 precandi
1416 4769 1648 4831 ratione,
1701 4784 1830 4823 vera
1873 4769 2188 4835 dilectione,
2226 4788 2355 4826 vera

785 4858 1224 4922 mansuetudine,
1273 4857 1341 4911 ad
1390 4874 1510 4927 qua:
1552 4871 1711 4913 antea
1752 4861 1804 4913 vi
1854 4876 1913 4915 se
1966 4864 2349 4931 compellebat,

784 4959 905 5011 qua:
933 4943 1265 5011 inquirebat,
1307 4946 1375 5000 de
1413 4949 1615 5017 quibus
1653 4951 1921 5004 sollicitus
1952 4962 2091 5017 erat,
2128 4969 2191 5007 ac
2229 4970 2350 5022 qum

784 5032 1171 5099 meditabatur,
1209 5052 1437 5106 quteque
1485 5040 1682 5094 donata
1731 5043 1951 5096 tandem
2002 5044 2051 5097 ei
2094 5055 2257 5099 sunt:
2293 5055 2348 5100 et

783 5126 855 5178 ita
886 5136 1081 5179 auctus
1110 5136 1164 5180 et
1190 5141 1600 5185 consummatus
1632 5133 1686 5185 in
1726 5134 1856 5200 Deo,
1885 5136 1977 5203 qui
2000 5135 2171 5191 haares
2196 5139 2348 5207 regni

780 5214 995 5277 evadat,
1044 5216 1237 5284 dignus
1289 5218 1540 5273 habetur.
1592 5222 1826 5278 Humilis
1875 5226 2021 5279 enim
2070 5243 2347 5296 nunquam

782 5304 1003 5357 labitur.
1033 5306 1183 5361 Unde
1206 5309 1350 5362 enim
1378 5310 1486 5364 labi
1520 5312 1711 5366 liceret
1738 5315 1811 5379 ei,
1844 5317 1937 5384 qui
1966 5317 2069 5371 sub
2091 5320 2349 5373 omnibus

779 5396 907 5448 est?
937 5394 1114 5450 Nimia
1152 5397 1331 5467 itaque
1364 5402 1531 5455 animi
1565 5404 1730 5459 elatio
1760 5421 1973 5461 summa
2003 5420 2086 5462 est
2122 5409 2345 5465 humili-

782 5496 902 5541 tas:
941 5487 1220 5543 humilitas
1251 5506 1379 5545 vero
1412 5509 1606 5563 magna
1639 5504 1722 5549 est
1750 5498 2029 5567 exaltatio,
2063 5500 2348 5555 existima-

780 5572 856 5625 tiu
884 5580 1048 5641 atque
1078 5575 1330 5643 dignitas.
1365 5578 1474 5633 Nos
1500 5597 1632 5651 ergo
1672 5599 1894 5646 quoque
1924 5600 2023 5641 nos
2049 5589 2343 5657 compella-

848 5747 871 5778 ⁵
898 5749 1093 5802 Psalm.
1135 5766 1313 5815 αλιι-ιιι,
1366 5756 1480 5808 104.

2458 598 2681 663 ἄγοντος
2718 596 2852 666 μετά
2883 597 3024 666 βίας,
3059 596 3205 667 δὼση
3232 597 3421 649 ἑαυτὸν
3443 596 3563 648 δλον
3602 593 3768 662 αύτῷ,
3804 594 3980 657 αὐτὸς
4021 595 4059 644 ὁ

2460 691 2662 761 Κύριος
2691 689 2860 742 ποιῶν
2891 687 2951 752 εξ
2980 688 3231 757 ἀληθείας
3260 687 3431 740 ταῦτα
3464 686 3639 739 πάντα
3675 684 3940 754 καθαρῶς
3977 687 4059 737 ἐν

2457 783 2606 854 αύτῷ
2632 784 2849 845 άκόπως
2910 781 3003 835 καὶ
3028 780 3324 843 ἀδιάστως,
3356 778 3390 831 ἀ
3429 779 3558 847 πρὶν
3584 777 3703 830 οὐδὲ
3739 778 3879 844 μετά
3913 776 4061 845 βίοις

2460 874 2692 945 φυλάξαι
2737 873 2986 942 ἠδύνατο,
3027 870 3113 924 διὰ
3145 871 3243 940 τὴν
3289 872 3345 922 tv
3371 868 3521 937 αύτῷ
3559 868 3811 921 οἰκοῦσαν
3845 867 4055 935 ἀμαρ-

2457 965 2580 1017 τίαν
2600 980 2614 995 ·
2666 964 2759 1016 καὶ
2796 963 3003 1030 γίνεται
3036 961 3185 1030 αύτῷ
3215 960 3283 1013 τά
3330 962 3429 1029 τῆς
3457 958 3660 1030 ἀρετῆς
3700 959 3879 1011 πάντα
3909 959 4053 1009 ἐπι-

2456 1056 2767 1128 τηδεύματα
2811 1056 2887 1120 ὡς
2935 1054 3115 1123 φύσις.
3156 1054 3231 1106 Τὸ
3275 1054 3461 1107 λοιπὸν
3509 1051 3679 1104 ἐλθὼν
3718 1055 3747 1105 6
3789 1053 4004 1123 Κύριος
4030 1092 4051 1115 ,

2457 1150 2551 1202 καὶ
2598 1146 2890 1217 γενόμενος
2946 1147 3004 1198 tv
3044 1144 3214 1212 αὐτῷ,
3269 1145 3362 1198 καὶ
3410 1144 3575 1207 αὐτὸς
3611 1145 3669 1196 tv
3699 1142 3778 1213 τῷ
3815 1132 4051 1213 Κυρίῳ,

2458 1240 2620 1303 αὐτὸς
2648 1239 2792 1291 ποιεῖ
2819 1239 2877 1289 ὲν
2919 1236 3069 1306 αύτῷ
3113 1236 3212 1298 τὰς
3248 1235 3383 1298 ίδίας
3428 1236 3647 1298 ἐντολὰς
3682 1235 3807 1288 ἄνευ
3844 1234 4050 1302 καμά-

2457 1348 2551 1382 του
2575 1370 2588 1392 ,
2635 1328 2857 1399 πληρῶν
2889 1327 3051 1380 αὑτὸν
3095 1328 3187 1379 τὸν
3215 1327 3427 1397 καρπὸν
3453 1326 3547 1378 τοῦ
3583 1326 3921 1394 Πνεύματος.
3975 1324 4050 1376 Et

2456 1422 2512 1475 δὲ
2540 1422 2618 1485 είς
2652 1420 2816 1490 εύχὴν
2849 1419 3009 1488 μόνον
3043 1417 3287 1487 βιάζεταί
3315 1435 3399 1481 τις
3436 1418 3650 1483 ἑαυτὸν,
3675 1418 3778 1479 ἕως
3802 1410 3865 1468 οὗ
3893 1415 4047 1484 λάϐῃ

2458 1510 2704 1580 χάρισμα
2736 1506 2889 1578 παρά
2936 1505 3070 1559 Θεοῦ
3095 1546 3110 1568 ,
3146 1506 3224 1566 είς
3253 1506 3424 1558 ταῦτα
3450 1506 3506 1558 δὲ
3540 1504 3610 1557 τὰ
3653 1506 4047 1575 προειρημένα

2456 1601 2657 1670 ὁμοίως
2687 1598 2876 1652 ἑαυτὸν
2901 1597 2961 1649 οὑ
2998 1596 3262 1665 βιάζεται,
3299 1597 3394 1649 καὶ
3434 1596 3593 1664 ἄγχει
3624 1598 3718 1649 καὶ
3747 1597 3942 1659 ἐθίζει,
3975 1596 4043 1646 οὐ

2456 1690 2679 1744 δύναται
2719 1688 2777 1754 ἐξ
2826 1686 3107 1757 ἀληθείας,
3154 1685 3412 1756 καθαρῶς
3451 1687 3547 1740 καὶ
3596 1686 3846 1757 ἀμώμως
3893 1686 4044 1740 αύτά

2460 1782 2704 1851 ποιῆσαι.
2772 1778 2911 1831 Ἀλλ’
2966 1778 3108 1830 οὕτω
3154 1778 3259 1847 χρὴ
3318 1777 3772 1847 προευτρεπίξειν
3816 1778 4038 1837 ἑαυτὸν,

2458 1874 2581 1927 ὅσον
2601 1870 2826 1926 δυνατὸν
2855 1871 2934 1931 είς
2964 1869 3025 1920 τὸ
3049 1867 3252 1935 ἀγαθόν
3276 1884 3289 1897 ·
3319 1868 3489 1919 ὲνίοτε
3517 1868 3625 1937 γὰρ
3662 1868 3874 1934 γίνεται
3898 1868 4041 1937 πρὸς

2458 1963 2621 2015 αὐτὸν
2648 1963 2681 2031 ἡ
2721 1960 2837 2013 θεία
2867 1960 3025 2029 χάρις
3062 1958 3315 2011 αίτοῦντα
3354 1959 3448 2010 καὶ
3486 1959 3757 2027 δεόμενον.
3806 1958 4043 2026 Ἀγαθδς

2457 2056 2567 2125 γὰρ
2599 2054 2694 2107 καὶ
2741 2052 2975 2123 χρηστός
3025 2052 3174 2103 ἐστιν
3210 2049 3239 2101 6
3281 2048 3446 2112 Θεὸς,
3492 2050 3589 2101 καὶ
3635 2053 3748 2113 τοῖς
3788 2050 4043 2104 αἰτοῦσιν

2458 2146 2619 2201 αὐτὸν
2664 2146 2847 2198 δίδωσι
2895 2144 2964 2196 τὰ
3012 2144 3296 2211 αἰτήματα
3349 2141 3564 2195 αὐτῶν·
3620 2144 3695 2213 μὴ
3734 2130 3893 2211 ἔχων
3938 2143 4041 2209 δὲ,

2462 2240 2597 2308 μήτε
2652 2236 2869 2300 ἐθίσας,
2925 2236 3060 2305 μήτε
3094 2235 3535 2303 προευτρεπίσας
3586 2234 3778 2288 ἑαυτὸν
3811 2236 3894 2297 είς
3936 2234 4044 2296 τὰς

2460 2329 2896 2401 προειρημένας,
2950 2327 3066 2396 εἴγε
3103 2326 3296 2392 λάϐοι,
3354 2327 3546 2379 ἀπολεῖ
3594 2328 3695 2397 τὴν
3746 2328 3908 2398 χάριν
3970 2329 4045 2396 ἦν

2458 2420 2640 2481 ἔλασε,
2672 2422 2767 2472 καὶ
2805 2418 2993 2471 πίπτει
3045 2417 3517 2490 ὑψηλοφρονήσας,
3561 2418 3594 2488 ἢ
3626 2421 3685 2471 ού
3733 2419 4045 2489 προκόπτει

2460 2512 2555 2565 καὶ
2588 2509 2741 2576 αύξει
2795 2510 2854 2561 tv
2904 2511 2969 2578 τῇ
3009 2508 3193 2578 χάριτι
3238 2510 3303 2577 τῇ
3353 2508 3490 2577 πρὸς
3532 2508 3693 2561 αὐτὸν
3725 2511 4001 2578 γενομένῃ
4028 2548 4043 2569 ,

2461 2599 2645 2668 ἐπειδὴ
2682 2600 2801 2660 ταίς
2858 2596 3097 2658 ἐντολαῖς
3134 2594 3229 2648 τοῦ
3284 2597 3492 2668 Κυρίου
3543 2599 3608 2651 ἐκ
3660 2600 4047 2668 προαιρέσεως

2462 2688 2654 2743 ἑαυτὸν
2715 2687 2777 2740 ού
2830 2686 3043 2739 δίδωσι·
3097 2684 3160 2738 τὸ
3216 2685 3323 2758 γὰρ
3375 2688 3795 2758 κατοικητήριον
3846 2689 3946 2739 καὶ
4008 2692 4045 2757 ἡ

2464 2781 2772 2842 ἀνάπαυσις
2797 2776 2891 2830 τοῦ
2916 2775 3257 2846 Πνεύματος,
3291 2778 3325 2846 ἡ
3365 2777 3831 2849 ταπεινοφροσύνη
3865 2779 4045 2843 ἐστὶν,

2464 2873 2499 2941 ἡ
2538 2871 2728 2940 ἀγάπη
2757 2884 2818 2921 τε
2846 2866 2942 2920 καὶ
2979 2866 3248 2938 πραότης,
3280 2867 3377 2919 καὶ
3402 2869 3459 2920 αί
3488 2868 3672 2923 λοιπαὶ
3696 2867 3791 2921 τοῦ
3823 2868 4045 2939 Κυρίου

2464 2961 2693 3014 ὲντολαί.

2532 3055 2607 3106 Z'.
2656 3053 2890 3123 Ὀφείλει
2924 3054 3021 3108 οὖν
3051 3057 3079 3109 6
3114 3053 3433 3125 βουλόμενος
3471 3050 3531 3115 ἐξ
3559 3049 3819 3119 ἀληθείας
3844 3050 4048 3120 εὐαρε-

2467 3149 2661 3216 στῆσαι
2689 3146 2767 3215 τῷ
2799 3146 2939 3216 Θεῷ,
2972 3147 3068 3200 καὶ
3093 3146 3349 3209 δέξασθαι
3380 3144 3510 3213 παρ’
3538 3142 3700 3195 αὑτοῦ
3730 3144 3829 3211 τὴν
3870 3145 4045 3194 ὲπου-

2465 3238 2648 3307 ράνιον
2678 3236 2772 3290 τοῦ
2806 3237 3123 3307 Πνεύματος
3169 3237 3363 3306 χάριν,
3400 3236 3494 3287 καὶ
3540 3235 3769 3304 αὐξῆσαι
3812 3234 3907 3285 καὶ
3948 3252 4043 3285 τε·

2465 3329 2751 3398 λειωθῆναι
2808 3332 2867 3382 ὲν
2902 3330 2980 3398 τῷ
3035 3330 3174 3399 ἁγίῳ
3226 3327 3541 3396 Πνεύματι,
3586 3331 3665 3389 εἰς
3712 3327 3891 3389 πάσας
3940 3330 4045 3389 τὰς

2466 3422 2685 3484 ὲντολάς
2708 3420 2803 3474 τοῢ
2833 3421 2967 3474 Θεοῦ
3001 3420 3283 3490 βιάζεσθαι
3311 3421 3523 3483 ἑαυτὸν,
3552 3421 3647 3473 καὶ
3675 3420 3748 3488 μὴ
3774 3419 4044 3471 θέλουσαν

2463 3515 2561 3582 τὴν
2617 3513 2843 3583 καρδίαν
2894 3512 3222 3565 ὑποτάσσειν
3269 3512 3411 3565 κατά
3463 3512 3525 3565 τὸ
3574 3512 3896 3580 εἰρημένον·
3932 3511 4043 3561 Διὰ

2462 3604 2639 3657 τοῦτο
2683 3604 2833 3670 πρὸς
2862 3602 3060 3665 πάσας
3091 3602 3200 3667 τὰς
3239 3602 3496 3665 ἐντολάς
3542 3616 3659 3655 σου
3703 3602 4041 3667 κατωρθοῦ-

2457 3712 2603 3764 μην,
2635 3692 2844 3749 πᾶσαν
2870 3694 3014 3748 ὁδὸν
3041 3694 3253 3747 ἄδικον
3269 3694 3554 3763 ἐμίσησα.
3587 3693 3798 3761 Ὠσπερ
3818 3692 3927 3760 γάρ
3952 3708 4043 3753 τις

2463 3790 2540 3849 εἰς
2574 3787 2672 3855 τὴν
2702 3786 3178 3857 προσκαρτέρησιν
3212 3788 3312 3854 τῆς
3352 3787 3514 3855 εὐχῆς
3560 3784 3808 3854 βιάζεται
3840 3786 4041 3837 ἑαυτὸν

2464 3879 2555 3930 καὶ
2578 3878 2756 3945 ἄγχει,
2781 3877 2883 3939 ἕως
2906 3872 2966 3931 οὗ
2989 3878 3150 3930 τοῦτο
3177 3878 3499 3947 κατορθώσῃ
3554 3876 3757 3945 ὁμοίως
3784 3876 3879 3927 ὲάν
3902 3876 4041 3945 θέλῃ

2462 3969 2555 4019 καὶ
2586 3970 2663 4028 είς
2690 3967 2867 4020 πάντα
2892 3968 2959 4021 τά
2995 3968 3093 4037 τῆς
3123 3968 3325 4039 ἀρετῆς
3355 3967 3760 4038 ἐπιτηδεύματα
3786 3966 4039 4036 βιάζεται

2463 4060 2654 4111 ἑαυτὸν
2682 4061 2775 4112 καὶ
2802 4059 2979 4128 ἄγχει,
3016 4060 3110 4112 καὶ
3136 4060 3304 4123 ἐθίζει
3331 4059 3450 4121 ἔθος
3474 4059 3698 4127 ἀγαθὸν,
3733 4060 3824 4111 καὶ
3860 4057 4039 4121 οὕτως

2460 4147 2778 4217 αἰτούμενος
2806 4148 2902 4200 καὶ
2927 4148 3177 4217 δεόμενος
3208 4148 3304 4201 τοῦ
3339 4148 3545 4216 Κυρίου
3572 4149 3660 4201 διά
3690 4149 3912 4211 παντὸς,
3941 4150 4038 4200 καὶ

2461 4238 2637 4307 τυχὼν
2661 4238 2759 4306 τῆς
2793 4240 3082 4308 αἰτήσεως,
3117 4240 3211 4292 καὶ
3252 4239 3571 4307 μεταλαϐὼν
3600 4238 3839 4306 γεύσεως
3871 4240 4032 4303 Θεοῦ,

2461 4331 2555 4381 καὶ
2612 4329 2926 4398 Πνεύματος
2980 4329 3136 4396 ἀγίου
3192 4330 3415 4399 μέτοχος
3464 4329 3786 4398 γενόμενος,
3846 4328 4038 4394 αὔξειν

2462 4423 2605 4473 ποιεί
2644 4421 2739 4473 καὶ
2786 4420 3001 4474 θάλλειν
3044 4421 3105 4472 τὸ
3134 4422 3379 4490 χάρισμα
3417 4420 3478 4472 τὸ
3512 4420 3665 4473 δοθὲν
3697 4420 3867 4485 αὐτῷ,
3899 4421 4037 4473 ἀνα-

2389 4508 2770 4606 ¹)παυόμενον
2826 4510 2883 4559 tv
2938 4510 3003 4577 τῇ
3059 4507 3525 4578 ταπεινοφροσύνῃ
3588 4508 3782 4574 αὑτοῦ,
3840 4512 3897 4562 tv
3966 4514 4037 4580 τῇ

2460 4599 2682 4669 ἀγάπῃ,
2717 4600 2773 4651 tv
2799 4601 2863 4669 τῇ
2899 4601 3183 4669 πραότητι.

2533 4686 2615 4741 Η’.
2647 4688 2789 4741 Αύτδ
2818 4689 2880 4741 τὸ
2919 4690 3144 4760 Πνεῦμα
3196 4693 3477 4763 χαρίζεται
3520 4696 3670 4767 αὺτῷ
3696 4694 3890 4755 ταῦτα,
3938 4698 4038 4748 καὶ

2457 4781 2696 4834 διδάσκει
2734 4781 2894 4836 αὑτὸν
2922 4783 3183 4854 ἀληθινὴν
3226 4787 3388 4857 εύχὴν
3407 4827 3424 4852 ,
3477 4788 3736 4857 ἀληθινὴν
3768 4790 3993 4854 ἀγάπην
4019 4828 4035 4847 ,

2456 4872 2711 4943 ἀληθινὴν
2744 4873 3048 4943 πραότητα,
3073 4874 3108 4928 ἀ
3135 4876 3500 4944 πῳεὸιάσατο
3524 4879 3621 4931 καὶ
3649 4879 3903 4948 ἐζήτησε,
3936 4880 4035 4930 καὶ

2457 4963 2828 5035 ἑμερίμνησε,
2882 4967 2978 5019 καλ⁸
3021 4967 3343 5037 ἐμελέτησε,
3383 4970 3477 5024 καὶ
3507 4970 3665 5040 ἐδόθη
3712 4970 3889 5040 αύτῷ-
3938 4974 4035 5023 καὶ

2456 5051 2626 5115 οὕτως
2659 5053 2899 5123 αὐξήσας
2928 5057 3020 5107 καὶ
3064 5058 3372 5120 τελειωθεὶς
3401 5060 3460 5112 ὲν
3505 5057 3646 5127 Θεῷ,
3692 5056 4035 5127 κληρονόμος

2456 5148 2549 5213 τῆς
2580 5146 2850 5214 βασιλείας
2874 5148 3127 5214 γενέσθαι
3155 5150 3527 5214 καταξιοῦται.
3562 5151 3622 5203 ὐ
3647 5150 3754 5220 γὰρ
3778 5152 4033 5212 ταπεινὸς

2455 5235 2710 5288 οὐδέποτε
2779 5238 2966 5290 πίπτει
2989 5254 3002 5267 ο
3037 5240 3201 5294 πόθεν
3231 5242 3340 5310 γὰρ
3375 5242 3564 5292 πεσεῖν
3605 5239 3718 5309 ἔχει
3768 5239 4031 5292 ὑποκάτω

2456 5327 2672 5379 πάντων
2700 5325 2813 5392 div;
2851 5329 3059 5397 μεγάλη
3090 5331 3439 5393 ταπείνωσις,
3480 5333 3515 5401 ὴ
3568 5329 3989 5399 ὑψηλοφροσύνη
4013 5346 4027 5360 ³

2455 5416 2551 5469 καὶ
2593 5418 2801 5487 μεγάλη
2853 5417 3091 5485 ὕψωσις,
3131 5422 3221 5472 καί¹
3256 5422 3536 5490 τιμιότης,
3581 5421 3675 5474 καὶ
3706 5420 3960 5490 ἀξίωμα,
3993 5424 4026 5493 ἡ

2454 5505 2939 5577 ταπεινοφροσύνη.
2990 5510 3100 5562 Καὶ
3142 5510 3299 5578 ἡμεῖς
3344 5510 3523 5563 τοίνυν
3572 5508 3888 5579 βιασώμεθα
3931 5513 4027 5563 καὶ

2454 5594 2709 5665 άγχωμεν
2741 5598 2963 5660 ἑαυτοὺς
2998 5600 3075 5661 είς
3128 5599 3226 5668 τὴν
3265 5598 3786 5669 ταπεινοφροσύνην,
3816 5601 3914 5655 καὶ
3950 5602 4024 5672 μὴ
