4282 6364
240 369 349 433 649

1444 382 1807 445 HOMILI/E.
1839 409 1907 420 -·
1946 386 2130 448 "OM.
2170 390 2299 450 XX.

3381 404 3491 469 650

240 484 505 554 θελούσης
531 486 630 556 τῆς
658 487 905 557 καρδίας,
932 490 1027 542 καὶ
1052 489 1132 553 είς
1156 489 1257 562 τὴν
1284 491 1587 564 πραότητα,
1617 496 1712 551 καὶ
1734 496 1813 560 είς
1843 505 1888 561 Α
1921 515 1931 552 ι

1799 514 1813 560 ;
1843 505 1888 561 Α
1921 515 2043 555 mus
2082 510 2246 570 atque
2294 516 2551 573 cogamus
2583 520 2684 561 nos
2714 505 2864 575 ipsos
2892 506 2959 560 ad
2988 508 3376 579 humilitatem,
3406 517 3490 569 vel

236 575 339 646 τὴν
369 576 592 645 ἀγάπην
619 578 863 648 δεόμενοι
890 581 985 633 καὶ
1009 580 1453 650 παρακαλοῦντες
1475 584 1566 638 τὸν
1597 586 1732 639 Θεὸν
1756 588 1816 639 ὲν
1921 590 1927 642 1'

1802 604 1816 639 ο
1921 590 2093 644 invito
2122 590 2326 656 animo,
2355 602 2410 647 et
2445 595 2513 647 ad
2552 597 3029 652 mansuetudinem
3056 608 3111 653 et
3141 601 3208 654 ad
3244 575 3493 659 dilectio-

238 666 441 729 πίστει,
474 666 569 719 καὶ
598 666 794 735 ἐλπίδι,
818 670 911 722 καὶ
939 669 1149 743 ἀγάπῃ,
1182 670 1542 737 ἀδιαλείπτως
1558 675 1615 727 ὲν
1645 693 1813 747 προσ-

233 756 392 825 δοκίᾳ
414 758 637 831 τοιαύτῃ
668 758 762 812 καὶ
783 762 990 831 σκοπῷ,
1022 761 1111 815 ἴνα
1154 762 1452 833 ἀποστείλῃ
1480 765 1543 818 τὸ
1588 766 1811 835 Πνεῦμα

233 845 403 899 αὑτοῦ
420 848 500 910 είς
523 848 622 911 τὰς
650 850 880 920 καρδίας
900 853 1077 921 ἡμῶν,
1092 852 1181 905 ἵνα
1209 853 1496 925 εὐξώμεθα
1518 856 1616 910 καὶ
1638 875 1810 928 προσ-

232 938 564 1010 κυνήσωμεν
592 939 668 1011 τῷ
698 940 818 1012 Θεῷ
844 942 902 996 έν
931 942 1211 1015 Πνεύματι
1244 947 1339 1001 καὶ
1367 946 1617 1020 ἀληθείᾳ.

305 1113 383 1165 Θθ.
419 1114 530 1167 Καὶ
566 1115 700 1167 αὐτὸ
730 1115 793 1169 τὸ
820 1115 1047 1186 Πνεῦμα
1071 1117 1271 1184 διδάξει
1302 1119 1452 1189 ἡμᾶς
1474 1119 1641 1193 εὐχὴν
1674 1121 1807 1192 ἀλη-

233 1205 411 1275 θινὴν,
452 1206 520 1276 ἢν
565 1205 659 1259 νῦν
707 1207 800 1261 καὶ
849 1207 988 1278 μετά
1026 1207 1146 1277 βίας
1170 1208 1231 1263 ού
1272 1208 1546 1281 δυνάμεθα
1590 1214 1801 1266 ποιεῖν·

236 1298 527 1367 σπλάγχνα
555 1299 889 1371 οἰκτιρμῶν,
946 1301 1308 1371 χρηστότητα,
1359 1303 1455 1356 καὶ
1502 1304 1679 1367 πάσας
1708 1304 1804 1369 τάς

232 1387 455 1449 ἐντολὰς
497 1386 592 1440 τοῦ
624 1388 850 1459 Κυρίου,
904 1389 1105 1455 διδάξει
1137 1392 1285 1461 ἡμᾶς
1327 1391 1551 1461 ποιῆσαι
1587 1392 1646 1457 ἐξ
1673 1394 1804 1463 ἀλη-

231 1476 384 1538 θείας
417 1477 638 1539 ἀλύπως
662 1479 757 1530 καὶ
783 1478 1078 1545 ἀδιάστως,
1104 1480 1179 1543 ὡς
1212 1481 1343 1534 αὐτὸ
1367 1481 1427 1534 τὸ
1448 1482 1671 1552 Πνεῦμα
1695 1479 1802 1537 οἵδε

229 1565 473 1633 πληροῦν
518 1568 665 1634 ἡμᾶς
720 1566 814 1618 τὸν
862 1568 1074 1637 καρπὸν
1118 1569 1313 1635 αὐτοῦ,
1356 1571 1453 1624 καὶ
1484 1571 1654 1636 οὕτως
1690 1573 1800 1627 τῶν

227 1657 459 1708 ἐντολῶν
509 1657 603 1709 τοῦ
648 1658 784 1710 Θεοῦ
819 1658 1211 1728 πληρωθεισῶν
1260 1659 1350 1727 ὑφ’
1386 1662 1541 1730 ἡμῶν
1573 1662 1660 1716 διά
1703 1662 1799 1717 τοῦ

228 1743 370 1796 Πνεύ
382 1761 550 1811 ματος
577 1745 765 1809 αὑτοῦ,
797 1745 888 1799 τοῦ
921 1748 1083 1814 μόνου
1111 1747 1470 1817 γινώσκοντος
1497 1750 1558 1803 τὸ
1588 1750 1798 1821 θέλημα

1919 695 2066 745 nem,
2111 691 2398 751 precantes
2443 695 2607 754 atque
2648 688 3004 743 obsecrantes
3057 691 3224 745 Deum
3271 693 3324 745 in
3360 694 3487 759 fide,

1916 786 2012 840 spe
2056 788 2121 826 ac
2164 772 2478 839 dilectione,
2518 776 2893 833 indesinenter
2930 780 3030 835 hac
3072 784 3485 851 exspectatione

1915 872 2081 933 atque
2134 879 2301 935 scopo
2352 866 2504 932 freti,
2562 878 2621 923 ut
2671 872 2850 926 mittat
2899 872 3163 942 Spiritum
3226 889 3386 929 suum
3431 878 3486 931 in

1912 956 2077 1010 corda
2107 965 2313 1022 nostra,
2352 974 2463 1027 quo
2492 976 2783 1030 precemur
2812 973 2867 1017 et
2898 964 3191 1019 adoremus
3229 966 3399 1020 Deum
3430 968 3486 1023 in

1912 1046 2119 1116 Spiritu
2161 1058 2217 1102 et
2249 1050 2499 1105 veritate.

1984 1135 2075 1190 ΙΧ.
2117 1138 2235 1207 ipse
2266 1154 2483 1209 quoque
2519 1140 2759 1211 Spiritus
2788 1144 3009 1201 docebit
3032 1163 3132 1204 nos
3151 1164 3335 1203 veram
3362 1136 3488 1219 pre-

1908 1243 2033 1284 cum
2085 1232 2370 1295 rationem,
2402 1248 2538 1302 quas
2567 1252 2733 1301 nunc,
2764 1254 2832 1292 ne
2862 1238 2912 1292 vi
2943 1240 3167 1308 quidem
3213 1241 3479 1304 adhibita,

1907 1334 2201 1389 possumus
2262 1322 2465 1377 facere.
2519 1324 2737 1381 Viscera
2782 1344 3001 1399 quoque
3056 1332 3477 1394 misericordiae,

1907 1410 2299 1482 benignitatem
2341 1422 2396 1469 et
2453 1418 2636 1471 omnia
2679 1420 2930 1474 mandata
2982 1423 3197 1477 Domini
3261 1423 3481 1477 docebit

1906 1517 2007 1556 nos
2037 1502 2215 1559 facere
2241 1521 2432 1561 revera
2459 1509 2667 1578 absque
2697 1510 2804 1564 ulla
2840 1512 3091 1566 molestia
3119 1523 3213 1567 aut
3236 1516 3477 1569 coactio-

1904 1607 1993 1658 ne,
2026 1602 2189 1661 prout
2228 1596 2379 1649 novit
2413 1596 2649 1666 Spiritus
2677 1599 2768 1653 ille
2795 1601 3004 1669 replere
3027 1617 3125 1655 nos
3148 1601 3326 1657 fructu
3354 1618 3475 1657 suo.

1902 1682 2081 1751 Atque
2136 1684 2239 1739 hoc
2288 1696 2447 1755 pacto
2499 1688 2771 1743 mandatis
2818 1691 2912 1744 Dei
2954 1706 2984 1743 a
3037 1692 3197 1746 nobis
3238 1693 3477 1761 impletis

1904 1772 2173 1829 beneflcio
2214 1775 2452 1843 Spiritus
2485 1778 2601 1841 sui,
2637 1779 2729 1846 qui
2769 1780 2918 1835 solus
2952 1783 3104 1835 novit
3136 1782 3472 1838 voluntatem

225 1836 317 1887 τοῦ
353 1836 556 1906 Κυρίου
579 1876 592 1896 ,
623 1836 718 1887 καὶ
765 1836 1146 1900 τελειώσαντος
1176 1840 1324 1908 ἡμᾶς
1352 1838 1445 1892 τοῦ
1484 1840 1800 1909 Πνεύματος
1834 1856 1874 1909 Β
1904 1861 1916 1914 ι

1783 1858 1800 1903 ἲ
1834 1856 1874 1909 Β
1904 1861 2139 1926 Domini,
2173 1863 2376 1932 quique
2410 1864 2648 1933 Spiritus
2680 1882 2780 1920 nos
2808 1879 3154 1923 consummat
3192 1871 3245 1923 in
3291 1886 3369 1933 se,
3410 1887 3474 1928 ac

225 1928 303 1987 είς
322 1928 506 1991 ἑαυτὸ,
540 1928 633 1981 καὶ
667 1927 1045 1991 τελειωθέντος
1075 1930 1153 1990 είς
1186 1931 1331 1999 ἡμᾶς
1364 1930 1794 2001 καθαρισθέντας

223 2018 331 2071 ἀπὸ
389 2018 591 2081 παντὸς
646 2017 923 2089 μολυσμοῦ
983 2020 1077 2073 καὶ
1118 2020 1306 2073 σπίλου
1347 2022 1448 2090 τῆς
1484 2021 1791 2091 ἁμαρτίας,

222 2112 410 2180 ὥσπερ
436 2109 652 2179 νύμφας
678 2110 868 2176 καλὰς,
904 2110 1001 2173 τὰς
1032 2111 1210 2181 ψυχὰς
1244 2112 1400 2182 ἡμῶν
1427 2112 1672 2184 καθαρὰς
1700 2114 1794 2167 καὶ

220 2200 486 2268 ἀμώμους
542 2201 883 2271 παραστήσει
934 2199 1010 2267 τῷ
1066 2200 1317 2272 Χριστῷ,
1369 2203 1792 2273 ἀναπαυομένων

220 2291 376 2357 ἡμῶν
410 2291 468 2342 ὲν
497 2288 634 2359 Θεῷ,
670 2290 729 2343 έν
757 2292 822 2360 τῇ
866 2290 1115 2363 βασιλείᾳ
1166 2291 1352 2357 αὐτοῦ,
1394 2294 1489 2347 καὶ
1519 2296 1794 2348 ἀναπαυο-

222 2376 387 2441 μένου
409 2374 502 2427 τοῦ
538 2374 673 2428 Θεοῦ
700 2377 757 2429 ὲν
784 2379 917 2445 ἡμῖν
941 2379 1021 2441 εἰς
1048 2380 1172 2442 τοὺς
1201 2380 1541 2453 ἀπεράντους
1567 2383 1790 2446 αἰῶνας.

217 2466 356 2528 Δόξα
391 2470 503 2529 τοῖς
559 2469 869 2538 οἰκτιρμοῖς
912 2469 1075 2522 αὐτοῦ
1127 2471 1223 2525 καὶ
1254 2471 1332 2541 τῷ
1376 2471 1539 2539 ἐλέει,
1583 2476 1677 2526 καὶ
1724 2476 1789 2543 τῇ

218 2558 431 2627 ἀγάπῃ,
470 2559 552 2611 ὅτι
579 2560 657 2622 είς
688 2561 944 2631 τοιαύτην
974 2561 1138 2631 τιμὴν
1172 2563 1267 2614 καὶ
1298 2562 1454 2627 δόξαν
1486 2564 1789 2635 κατηξίωσε

216 2650 276 2701 τὸ
325 2651 483 2715 γένος
516 2650 624 2704 τῶν
661 2651 985 2723 ἀνθρώπων,
1029 2655 1177 2717 υίοὺς
1221 2655 1432 2724 Πατρὸς
1467 2656 1788 2727 ἐπουρανίου

217 2741 558 2810 κατηξίωσεν
604 2744 833 2809 αὐτοὺς,
882 2747 977 2799 καὶ
1016 2744 1180 2810 ίδίους
1210 2746 1472 2815 ἀδελφοὺς
1518 2747 1789 2820 προσηγό-

219 2850 431 2903 ρευσεν.
469 2834 625 2906 Δύτῷ
653 2837 686 2907 ἡ
715 2836 844 2904 δόξα
871 2840 951 2902 είς
980 2840 1105 2902 τοὺς
1136 2839 1357 2903 αίῶνας.
1400 2840 1591 2912 Ἀμήν.

807 2951 1054 3005 ΟΜῐΛῐΑ
1094 2949 1181 3005 K'.

1899 1949 2179 2018 perfectus
2226 1951 2280 2005 in
2330 1953 2509 2017 nobis,
2569 1955 2868 2023 purificatis
2899 1958 2967 2011 ab
3021 1959 3171 2012 omni
3222 1959 3473 2028 inquina-

1897 2048 2103 2107 mento,
2133 2056 2197 2095 ac
2221 2042 2477 2097 sordibus
2502 2046 2733 2114 peccati,
2758 2048 2907 2101 velut
2930 2063 3157 2117 sponsas
3188 2059 3469 2117 venustas,

1896 2130 2108 2187 animas
2137 2140 2354 2187 nostras
2383 2150 2549 2202 puras
2575 2144 2632 2190 et
2660 2136 3033 2192 immaculatas
3063 2138 3283 2194 Christo
3310 2141 3468 2195 exhi-

1894 2220 2063 2285 bebit,
2105 2224 2582 2291 requiescentibus
2611 2228 2771 2283 nobis
2801 2229 2853 2282 in
2886 2231 3015 2293 Deo,
3044 2230 3097 2283 in
3129 2246 3296 2300 regno
3325 2234 3464 2302 ejus,

1893 2328 1956 2367 ac
2005 2313 2113 2368 Deo
2158 2316 2506 2383 requiscente
2559 2318 2612 2371 in
2663 2319 2825 2374 nobis
2882 2320 2939 2374 in
2988 2320 3202 2377 infinita
3248 2323 3464 2378 saecula.

1891 2401 2075 2456 Gloria
2126 2402 2198 2457 sit
2250 2405 2703 2463 miserationibus
2760 2411 2899 2480 ejus,
2960 2412 3352 2467 misericordia
3404 2427 3468 2469 ac

1892 2493 2194 2558 d'lectioni,
2225 2496 2370 2564 quod
2404 2506 2553 2552 tanto
2586 2500 2794 2554 honore
2818 2510 2874 2555 et
2900 2503 3071 2571 gloria
3109 2503 3370 2573 dignatus
3396 2505 3467 2559 sit

1889 2602 2059 2654 genus
2110 2588 2440 2654 humanum,
2475 2606 2613 2660 quos
2645 2592 2839 2660 dignos
2872 2594 3219 2663 judicaverit,
3268 2606 3328 2649 ut
3369 2612 3467 2649 von

1890 2688 2038 2729 caret
2067 2677 2206 2731 ﬁlios
2233 2680 2410 2735 Patris
2444 2682 2691 2738 cmlestis
2721 2700 2783 2739 ac
2815 2685 3070 2754 proprios
3100 2685 3299 2741 fratres
3358 2684 3464 2757 Ipsi

1889 2768 2058 2837 gloria
2094 2769 2146 2823 in
2184 2772 2401 2826 saacula.
2437 2773 2632 2829 Amen.

2445 2970 2729 3027 HOMILIA
2769 2972 2889 3027 XX.

214 3040 414 3128 Μόνος
432 3043 481 3128 ¹ὁ
510 3042 850 3128 Χριστὸς-,ηδ
871 3043 1162 3128 ἀληθινὸς
1186 3043 1442 3128 τοῦβσω
1470 3042 1787 3128 ἀνρρώποι(
1884 3055 1905 3111 Δ

1768 3065 1787 3128 ξ
1884 3055 2041 3113 Solus
2087 3058 2357 3124 Christus,
2414 3078 2567 3115 uerus
2616 3062 2843 3116 medicus
2894 3063 3159 3117 interioris
3214 3064 3459 3128 hominis,

284 3110 518 3191 ιατρρς,
553 3112 915 3191 θεραπεῦσαι
956 3113 1202 3191 δύιςαςαι
1249 3112 1386 3191 τὴνΔ
1399 3110 1651 3191 poma,
1687 3114 1783 3167 καὶ

1954 3145 2150 3182 sanare
2181 3139 2347 3198 potest
2386 3132 2643 3197 animam,
2682 3148 2901 3202 eamque
2941 3135 3244 3187 vestimento
3275 3135 3462 3203 gratim

284 3179 482 3248 αὐτὴν
506 3179 584 3246 τῷ
607 3182 719 3249 τῆς
759 3180 999 3249 χάριτος
1038 3179 1321 3251 ἐνδύματι
1352 3179 1778 3253 διακοάμῆσαι.
1809 3228 1852 3286 c
1955 3179 2390 3253 ,gg',xg,:,',;,'e;

282 3292 324 3342 Α
347 3328 363 3343 .
414 3290 483 3344 Et
511 3307 593 3354 τις
623 3291 828 3361 γυμνός
866 3293 1015 3344 ἐστιν
1058 3292 1167 3345 ἀπὸ
1203 3290 1298 3347 τοῦ
1348 3294 1642 3364 ἐνδύματος
1682 3296 1776 3350 τοῦ

212 3379 397 3432 θεῖκοῦ
433 3380 527 3433 καὶ
550 3382 899 3450 ἐπουρανίου,
930 3383 1066 3451 ὅπερ
1098 3382 1245 3436 ἐστὶν
1271 3384 1303 3453 ἠ
1337 3384 1430 3436 τοῦ
1462 3385 1779 3456 Πνεύματος

212 3471 459 3539 δύναμις,
487 3470 669 3534 καθὼς
700 3472 933 3541 είρηταιο
968 3472 1035 3526 El
1057 3472 1124 3525 δέ
1146 3490 1230 3539 τις
1254 3474 1496 3544 Πνεῦμα
1521 3478 1780 3544 Χριστοῦ

211 3569 322 3617 οὐκ
366 3566 512 3632 ἔχει,
559 3562 736 3632 οὗτος
786 3569 897 3620 οὐκ
936 3568 1108 3622 ἐστιν
1147 3569 1368 3624 αὐτοῦ’
1412 3570 1645 3626 κλαιέτω
1687 3574 1782 3626 καὶ

213 3656 601 3726 παρακαλείτω
651 3658 743 3710 τὸν
774 3656 999 3729 Κύριον,
1032 3659 1119 3713 ἵνα
1164 3658 1301 3731 λάὀῃ
1343 3660 1405 3715 τὸ
1452 3661 1510 3728 ἐξ
1548 3663 1779 3732 ούρανοῦ

212 3748 581 3817 πνευματικὸν
629 3748 865 3819 ἔνδυμα·
911 3749 998 3803 ἵνα
1024 3750 1305 3822 ἀμφιασθῇ
1351 3752 1448 3821 τὴν
1482 3754 1589 3807 ἀπὸ
1631 3754 1781 3819 θείας

210 3839 487 3909 ἐνεργείας
513 3841 943 3911 γεγυμνωμένην
968 3841 1143 3913 ψυχήν
1162 3859 1175 3872 ·
1200 3843 1279 3896 ὅτι
1304 3843 1503 3911 πολλὴν
1522 3845 1781 3917 αἰσχύνην

209 3932 434 4000 ἀτιμίας
485 3930 674 3984 παθῶν
705 3931 1116 4003 περιϐέϐληται,
1152 3933 1182 3985 ό
1213 3934 1289 4005 μὴ
1339 3936 1688 4005 ἐνδεδυμένος
1720 3937 1781 3989 τὸ

210 4024 300 4076 τοῦ
348 4024 665 4094 Πνεύματος
695 4023 916 4095 ἔνδυμα.
962 4025 1171 4097 Ὠσπερ
1212 4024 1319 4097 γάρ
1354 4027 1411 4079 ὲν
1446 4030 1559 4091 τοῖς
1594 4046 1780 4096 φαινο-

212 4117 392 4183 μένοις
425 4115 518 4169 ὲάν
543 4133 627 4177 τις
651 4116 854 4185 γυμνὸς
887 4111 944 4189 ᾖ,
975 4117 1034 4170 ὲν
1064 4117 1231 4188 πολλῇ
1273 4118 1502 4190 αἰσχύνῃ
1534 4120 1629 4175 καὶ
1659 4121 1778 4174 ἀτι-

209 4208 310 4277 μίᾳ
337 4208 472 4268 ἐστὶ,
515 4207 611 4261 καὶ
643 4208 787 4276 φίλοι
831 4210 1020 4277 φίλους
1052 4211 1484 4282 ἀποστρέφονται
1515 4214 1776 4281 γυμνοὺς,

206 4299 304 4352 καὶ
334 4299 548 4369 γνήσιοι
583 4300 763 4365 ίδίους,
812 4302 906 4354 καὶ
946 4301 1111 4355 τέκνα
1144 4301 1318 4356 ἰδόντα
1353 4304 1779 4373 γεγυμνωμένον

206 4390 421 4459 πατέρα
452 4389 719 4461 ἔστρεψαν
762 4391 859 4453 τὰς
889 4390 1096 4443 ἑαυτῶν
1130 4390 1311 4460 ὅψεις,
1342 4390 1437 4444 τοῦ
1480 4391 1553 4461 μὴ
1591 4393 1779 4444 ὲνατε-

205 4482 351 4534 νίσαι
371 4480 563 4550 γυμνῷ
579 4480 654 4551 τῷ
672 4482 885 4551 σώματι
906 4481 1000 4534 τοῦ
1027 4482 1260 4552 Πατρδς,
1284 4481 1379 4535 καὶ
1400 4481 1779 4550 όπισθοφανῶς

1956 3312 1996 3365 l.
2039 3311 2093 3366 Si
2129 3313 2253 3380 quis
2279 3312 2460 3367 nudus
2502 3313 2575 3368 sit
2606 3322 2661 3368 et
2695 3323 2879 3369 careat
2910 3313 3233 3369 indumento
3265 3314 3459 3369 divino

1887 3419 1950 3457 ac
1975 3405 2205 3468 ccelcsti,
2232 3404 2374 3471 quod
2413 3412 2497 3458 est
2526 3405 2766 3473 potentia
2790 3405 3051 3473 Spiritus,
3078 3406 3223 3460 sicut
3248 3405 3460 3462 dictum

1886 3502 2004 3548 est:
2058 3493 2113 3547 Si
2154 3496 2268 3563 quis
2314 3502 2486 3547 autem
2528 3493 2783 3565 Spiritum
2816 3494 3008 3549 Christi
3039 3513 3143 3549 non
3179 3498 3350 3559 habet,
3381 3499 3463 3551 hic

1887 3602 1989 3638 non
2023 3595 2095 3637 cst
2135 3587 2247 3653 ejus
2271 3588 2291 3618 '
2325 3605 2338 3639 :
2367 3587 2544 3655 ploret
2579 3596 2742 3655 atque
2770 3587 3024 3642 obsecret
3057 3588 3367 3651 Dominum,
3401 3600 3463 3643 ut

1886 3676 2102 3730 caelitus
2126 3686 2489 3745 consequatur
2512 3676 2793 3745 spirituale
2816 3676 3462 3749 indumentum,8&.qro

1886 3764 2078 3819 induat
2099 3766 2334 3820 animam
2361 3766 2544 3821 divina
2566 3768 2766 3821 virtute
2789 3768 3075 3836 spoliatam
3101 3785 3114 3822 :
3136 3768 3264 3838 quia
3286 3771 3461 3823 multo

1886 3857 2093 3925 pudore
2120 3874 2183 3915 ac
2213 3858 2437 3913 infamia
2465 3858 2817 3914 aﬂ‘ectionum
2861 3859 3128 3925 induitur,
3160 3862 3254 3929 qui
3289 3862 3459 3916 vesti-

1887 3957 2072 4002 mento
2113 3947 2349 4017 Spiritus
2396 3950 2628 4004 amictus
2674 3965 2783 4004 non
2833 3958 2937 4005 est.
2985 3950 3456 4016 Quemadmodum

1885 4039 2032 4094 enim
2068 4039 2123 4093 in
2171 4040 2336 4094 rebus
2362 4039 2622 4104 externis,
2655 4040 2700 4094 si
2729 4040 2851 4109 quis
2893 4040 3075 4095 nudus
3122 4042 3213 4105 sit,
3245 4058 3460 4098 summa

1885 4128 2094 4198 pudore
2154 4136 2318 4197 atque
2380 4128 2603 4182 infamia
2658 4128 2918 4195 afficitur;
2968 4138 3025 4183 et
3068 4131 3230 4185 amici
3279 4133 3460 4188 nudos

1886 4228 2206 4273 aversantur
2256 4218 2483 4283 amicos,
2518 4227 2573 4273 et
2601 4221 2845 4289 germani
2879 4236 3028 4288 suos,
3060 4230 3115 4276 et
3141 4222 3299 4277 liberi
3341 4224 3460 4278 viso

1885 4307 2032 4362 nudo
2069 4317 2242 4377 patre,
2275 4317 2593 4363 averterunt
2621 4308 2788 4365 facies
2813 4325 2962 4375 suas,
3005 4326 3075 4365 ne
3109 4311 3461 4367 intuerentur

1885 4400 2094 4454 nudum
2120 4415 2319 4469 corpus
2347 4402 2517 4469 patris
2544 4402 2585 4465 ⁸,
2618 4410 2674 4454 et
2702 4409 3005 4456 retrorsum
3034 4403 3307 4472 progressi
3329 4418 3460 4472 ope-

1887 4498 2117 4546 ruerunt
2164 4505 2314 4555 eum,
2366 4498 2422 4544 et
2476 4490 2556 4544 sic
2604 4497 2920 4545 averterunt
2962 4491 3218 4547 vultum:
3261 4492 3458 4546 eodem

206 4571 535 4633 ἀπελθόντες
570 4571 921 4641 ἐπεκάλυψαν
957 4573 1136 4637 αὐτὸν,
1183 4573 1277 4625 καὶ
1308 4572 1481 4635 οὕτως
1520 4572 1779 4642 ὲπέστρε-
1808 4577 1851 4631 Ι)
1882 4600 1897 4636 ι

1767 4577 2045 4637 -Dmodo
2108 4582 2255 4635 Deus
2313 4590 2598 4635 aversatur
2673 4581 2918 4642 animas,
2986 4597 3098 4637 non
3167 4591 3458 4638 exornatas

205 4666 314 4731 ψαν
351 4663 449 4726 τάς
475 4662 647 4731 ὄψεις.
700 4661 855 4715 Οὕτω
885 4663 978 4716 καὶ⁵
1013 4662 1042 4713 ό
1086 4661 1217 4725 Θεὸς
1261 4661 1641 4733 ἀπέστραπται
1681 4662 1778 4726 τάς

205 4754 384 4823 ψυχὰς
413 4756 509 4817 τὰς
540 4754 613 4824 μὴ
645 4754 999 4822 ἐνδεδυμένας
1028 4752 1089 4806 τὸ
1112 4752 1206 4806 τοῦ
1230 4752 1544 4822 Πνεύματος
1574 4751 1780 4822 ἔνδυμα

207 4848 265 4897 ὲν
319 4845 683 4916 πληροφορίᾳ,
728 4846 855 4908 τοὺς
892 4844 966 4915 μὴ
1002 4844 1383 4913 ινδεδυμένους
1427 4844 1519 4897 τὸν
1571 4843 1778 4914 Κύριον

219 4935 429 5005 Ἰησοῦν
460 4934 692 5006 Χριστὸν
722 4937 779 4988 έν
809 4934 1034 5005 δυνάμει
1069 4935 1162 4988 καὶ
1186 4934 1435 5005 ἀληθείᾳ.

250 5028 356 5081 ‘B'.
397 5027 567 5091 Αὐτὸς
604 5028 631 5080 ὁ
661 5026 877 5095 πρῶτος
908 5025 1192 5097 ἄνθρωπος
1226 5025 1558 5094 θεασάμενος
1590 5024 1780 5078 ἑαυτὸν

207 5122 414 5193 γυμνὸν
441 5122 705 5193 ᾐσχύνθη·
726 5121 963 5193 τοσαύτη
992 5122 1183 5192 ἀτιμία
1205 5123 1271 5192 τῇ
1301 5120 1597 5191 γυμνότητι
1616 5118 1786 5189 πρόσ-

208 5232 378 5269 εστιν.
415 5216 477 5267 El
515 5211 606 5269 οὖν
650 5216 741 5269 ἐπὶ
768 5215 877 5268 τῶν
906 5215 1233 5286 σωματικῶν
1270 5214 1539 5283 τοσαύτην
1590 5210 1784 5280 αἰσχύ-

207 5326 307 5378 νην
360 5308 630 5361 δείκνυσιν
682 5310 715 5378 ἡ
768 5308 1073 5378 γυμνότης,
1120 5307 1267 5375 πόσῳ
1298 5304 1495 5375 μᾶλλον
1524 5304 1558 5374 ἡ
1600 5303 1782 5374 γυμνὴ

208 5400 319 5453 ἀπὺ
352 5399 501 5462 θείας
528 5400 807 5471 δυνάμεως
827 5400 997 5471 ψυχὴ,
1030 5402 1064 5472 ἡ
1091 5399 1166 5471 μὴ
1197 5396 1437 5469 φοροῦσα
1462 5394 1556 5448 καὶ
1582 5394 1783 5464 ἠμφιε-

213 5492 387 5561 σμένη
426 5490 488 5543 τὸ
527 5492 764 5562 ἄρρητον
794 5492 888 5545 καὶ
939 5492 1232 5562 ἄφθαρτον,
1286 5490 1382 5544 καὶ
1416 5486 1783 5556 πνευματικδν

212 5582 439 5651 ἐνδυμα,
470 5582 633 5636 αὑτὸν
669 5582 762 5635 τὸν
795 5583 998 5655 Κύριον
1046 5582 1249 5653 Ἰησοῦν
1282 5579 1518 5652 Χριστὸν
1559 5579 1617 5630 ὲν
1646 5576 1780 5645 ἀλη-

350 5761 503 5814 Rom.
547 5776 657 5823 vni,
700 5762 749 5815 ε).
825 5762 1001 5817 ‘Ccu.
1048 5776 1117 5825 Ix,
1149 5760 1235 5814 25.
1314 5761 1330 5791 ⁷
1360 5760 1493 5815 Gcn.
1533 5776 1610 5824 In,
1654 5763 1704 5813 7.

1884 4674 2204 4727 indumento
2243 4671 2479 4741 Spiritus
2515 4687 2639 4726 cum
2670 4672 2795 4727 lldei
2826 4672 3176 4737 certitudine,
3216 4688 3332 4736 eos,
3370 4673 3457 4726 in-

1883 4779 2068 4833 quam,
2092 4763 2185 4832 qui
2203 4778 2313 4818 non
2335 4763 2633 4818 induerunt
2656 4764 2946 4819 Dominum
2969 4763 3154 4819 Jesum
3176 4762 3457 4819 Christum

1888 4855 1942 4909 in
1976 4855 2177 4908 virtute
2209 4863 2266 4909 et
2294 4855 2541 4908 veritate.

1957 5028 2021 5082 ll.
2059 5028 2275 5083 Primus
2307 5042 2527 5098 quoque
2560 5027 2748 5096 homo,
2778 5030 3123 5100 conspiciens
3159 5046 3218 5087 se
3246 5030 3456 5085 nudum

1881 5135 2021 5179 esse.
2056 5120 2297 5174 erubuit.
2345 5118 2520 5175 Tanta
2559 5121 2854 5191 ignominia
2884 5122 3187 5176 nuditatem
3220 5124 3454 5175 comita-

1884 5220 1972 5263 tur
1996 5209 2035 5261 ⁷.
2062 5209 2118 5263 Si
2138 5223 2268 5278 ergo
2294 5209 2347 5262 in
2374 5209 2539 5263 rebus
2569 5212 2947 5281 corporalibus
2979 5220 3187 5265 tantum
3215 5211 3457 5267 dedecus

1888 5301 2143 5356 conciliat
2171 5302 2410 5366 nuditas,
2444 5312 2649 5371 quanto
2682 5304 2884 5369 majore
2916 5303 3118 5365 anima,
3141 5318 3261 5373 quae
3284 5303 3459 5358 denu-

1888 5394 2013 5448 data
2055 5403 2140 5447 est
2172 5395 2375 5449 virtute
2419 5396 2625 5458 divina,
2677 5411 2777 5450 nec
2827 5404 3022 5466 gestat,
3057 5406 3152 5451 aut
3195 5403 3455 5451 exornata

1886 5494 1969 5537 est
1997 5483 2280 5547 ineﬁ‘abili,
2307 5484 2708 5555 iucorruptibili
2730 5501 2793 5540 ac
2814 5485 3084 5554 spirituali
3110 5484 3454 5547 indumento,

1890 5576 2007 5645 ipso
2074 5577 2281 5633 scilicet
2343 5577 2569 5632 Domino
2623 5576 2749 5633 Jesu
2812 5576 3030 5633 Christo
3083 5577 3139 5632 in
3190 5575 3454 5642 veritate,
