4282 6364
829 397 929 463 651
2060 398 2117 458 s.
2165 400 2481 461 MACAllll
2524 402 2838 465 zEGYPTll
3965 390 4070 454 652

827 522 1034 580 quanto
1081 512 1305 579 majore,
1355 511 1595 578 inquam,
1630 509 1840 579 pudore
1880 519 2044 579 atque
2091 513 2387 582 ignominia
2415 516 2518 576 Αθ

2373 529 2387 565 ι
2415 520 2465 576 Α
2494 516 2629 585 θεία,
2664 518 2882 570 πλείονα
2919 517 3011 569 καὶ
3044 514 3305 585 αἰσχύνην
3340 515 3433 567 καὶ
3470 510 3697 582 ἀτιμίαν
3738 505 3933 560 παθῶν
3966 519 4064 555 πε-

826 596 1177 649 atl‘ectionum
1213 596 1549 651 circumdata
1576 607 1632 651 et
1658 599 1855 653 amicta
1896 600 2020 653 est?
2064 599 2387 671 Quicunque
2494 624 2517 676 ρ

2375 618 2387 655 3
2494 606 2836 677 ρι6ἐ6ληται;
2870 608 2963 660 καὶ
2998 608 3104 669 πᾶς
3152 624 3232 669 τις
3267 604 3342 658 ὢν
3390 602 3594 671 γυμνὸς
3628 599 3738 653 ἀπὸ
3768 599 3872 666 τῆς
3914 593 4066 654 θείας

823 701 957 756 ergo
990 694 1140 740 caret
1167 686 1351 739 divina
1398 687 1486 740 illa
1526 689 1719 755 gloria,
1755 690 1829 743 ita
1875 688 2043 742 debet
2087 691 2169 743 sui
2216 692 2388 758 ipsius
2489 700 2514 749 ἐ

2374 706 2388 745 5
2489 698 2703 768 ἐκείνης
2732 698 2909 765 δόξης,
2942 695 3114 758 οὕτως
3141 696 3343 763 ὀφείλει
3383 694 3577 747 ἑαυτὸν
3611 684 4065 757 ἐπαισχύνεσθαι,

826 776 1035 844 pudore
1065 778 1213 836 duci,
1238 788 1401 846 atque
1433 794 1723 847 agnoscere
1752 796 1903 834 suam
1941 781 2113 850 ipsius
2161 782 2388 850 ignomi-
2489 806 2517 838 κ

2373 814 2388 826 -
2489 787 2584 841 καὶ
2631 787 2922 856 γινώσκειν
2964 785 3183 856 ἀτιμίαν
3233 784 3433 845 αὑτοῦ,
3484 782 3675 850 ῶσπερ
3734 772 4064 844 σωματικῶς

825 870 993 931 niam,
1020 871 1160 922 sicut
1182 871 1351 923 Adam
1378 871 1598 923 erubuit
1618 888 1845 940 corpore
1871 874 2049 925 nudus
2073 889 2195 925 eum
2220 881 2383 926 esset.
2501 880 2515 900 ‘

2376 914 2383 926 ι
2501 880 2670 946 ’Λδάμ
2698 879 2957 948 ᾐσχύνετο
2986 878 3189 947 γυμνὸς
3214 874 3310 939 ὣν,
3349 877 3453 929 κᾶν
3488 874 3745 941 ἐποίησεν
3783 867 3974 937 ἐαυτῷ
4006 869 4067 918 ἐκ

822 959 1081 1025 Quamvis
1102 962 1493 1015 construxisset
1519 963 1620 1016 sibi
1649 980 1711 1016 ex
1743 963 1885 1016 foliis
1911 963 2047 1017 licus
2069 965 2380 1027 amictum",
2490 985 2513 1019 ο

2373 1005 2380 1026 ι
2490 968 2659 1037 συκῆς
2690 969 2902 1035 φύλλων
2929 967 3262 1037 περίϐλημα,
3294 966 3441 1031 ὅμως
3464 962 3563 1031 τὴν
3587 958 3853 1028 αἰσχύνην
3876 954 4064 1022 ἐφόρει

822 1051 1183 1105 nihilominus
1230 1052 1439 1121 pudore
1496 1052 1864 1116 afficiebatur,
1913 1053 2269 1107 mendicitate
2329 1064 2386 1109 et
2485 1078 2513 1113 τ

2371 1064 2386 1109 ι
2485 1062 2584 1131 τὴν
2626 1060 2895 1130 πτωχείαν
2946 1059 3138 1113 ἐαυτοῦ
3186 1057 3602 1126 ἐπιγινώσκων
3635 1052 3860 1105 αίτείτω
3888 1047 3987 1101 οὖν
4031 1048 4062 1109 ὴ

820 1141 1071 1196 nuditate
1102 1157 1198 1195 sua
1226 1143 1441 1213 cognita
1468 1152 1631 1212 atque
1661 1154 1962 1213 perspecta.
2004 1145 2248 1198 Postulct
2286 1144 2383 1215 igi-
2488 1170 2511 1204 τ

2375 1175 2383 1185 -
2488 1152 2707 1221 τοιαύτη
2759 1152 2907 1221 ψυχὴ
2938 1150 3088 1221 παρά
3116 1149 3211 1203 τοῦ
3250 1149 3480 1209 διδόντος
3525 1144 3622 1199 καὶ
3662 1138 4066 1211 ἀμφιεννύντος

822 1241 912 1285 ιιιι·
942 1233 1213 1300 ejusmodi
1243 1234 1422 1286 anima
1465 1248 1495 1287 a
1522 1233 1764 1297 Christo,
1814 1235 1907 1303 qui
1955 1235 2186 1303 largitur
2218 1245 2382 1303 atque
2483 1244 2513 1296 δ

2373 1253 2382 1288 3
2483 1244 2641 1311 δόξαν
2689 1242 2922 1314 Χριστοῦ
2956 1243 3014 1295 ἐν
3061 1242 3199 1310 φωτὶ
3228 1239 3473 1311 ἀρρήτῳ,
3508 1237 3584 1307 μὴ
3626 1232 3861 1287 ποιοῦσα
3890 1229 4064 1297 ἑαυτῇ

818 1332 1049 1376 exornat
1075 1337 1195 1375 eam
1226 1322 1395 1391 gloria
1427 1324 1481 1376 in
1514 1323 1719 1377 lumine
1746 1339 1980 1379 arcano:
2028 1339 2128 1377 nec
2156 1333 2383 1379 consuta
2486 1337 2503 1385 t

2373 1343 2383 1379 ι
2486 1335 2702 1401 ἱμάτιον
2724 1333 2998 1403 λογισμῶν
3024 1330 3290 1400 ματαίων,
3312 1330 3536 1399 δοκήσει
3557 1327 3693 1387 ίδίας
3710 1320 4064 1388 δικαιοσύνης

820 1412 923 1465 sibi
948 1424 1097 1467 veste
1117 1428 1382 1467 vanarum
1403 1414 1790 1483 cogitationum
1814 1414 2131 1477 arbitretur,
2153 1416 2384 1483 propria:
2483 1425 2511 1479 ἀ

2301 1416 2384 1470 τίω
2483 1425 2819 1495 ἀπατωμένη
2850 1423 2946 1478 καὶ⁵
2967 1422 3265 1494 νομίζουσα
3287 1422 3431 1491 ἐχειν
3455 1419 3660 1488 ἀμφιον
3688 1412 3992 1483 σωτηρίου.

817 1501 1042 1569 justitia:
1069 1503 1330 1571 opinione
1370 1502 1619 1572 decepta,
1653 1518 1713 1556 se
1748 1503 1952 1557 habere
1988 1504 2380 1559 vestimentum

821 1593 992 1662 ipsius
1017 1596 1289 1649 salutaris.

892 1684 978 1739 lll.
1018 1685 1072 1740 Si
1115 1687 1261 1740 enim
1302 1686 1356 1739 in
1402 1701 1499 1739 sua
1541 1686 1753 1755 justitia
1796 1696 1957 1755 atque
2004 1688 2380 1756 redemptione
2552 1690 2583 1741 ι·

2367 1705 2380 1741 3
2552 1690 2623 1742 l".
2655 1690 2721 1743 Εῐ
2746 1708 2827 1752 τις
2857 1690 2964 1759 γὰρ
2998 1690 3056 1743 ἐν
3090 1692 3156 1759 τῇ
3196 1686 3388 1741 ἑαυτοῦ
3415 1684 3574 1754 μόνον
3606 1682 3823 1735 ἵσταται
3853 1676 4058 1728 δικαιο-

818 1776 993 1829 solum
1041 1777 1165 1845 quis
1210 1777 1533 1845 perstiterit,
1576 1777 1777 1829 frustra
1816 1792 1879 1829 ac
1920 1786 2125 1831 temere
2161 1778 2381 1832 labores
2413 1840 2452 1853 _
2484 1797 2509 1832 ο

2366 1795 2381 1832 5
2413 1840 2452 1853 η
2484 1780 2619 1853 σύνῃ
2647 1781 2742 1833 καὶ
2787 1779 3178 1851 ἀπολυτρώσει,
3224 1775 3467 1847 ματαίως
3509 1773 3607 1826 καὶ
3638 1769 3810 1830 κενῶς
3858 1766 4057 1834 κοπιᾷ..

817 1866 909 1918 ille
939 1840 1185 1935 suscipit.
1210 1840 1411 1925 ⁷Οιιιιιίει
1433 1866 1581 1921 enim
1608 1866 1795 1935 opinio
1814 1867 2039 1938 justitiae
2067 1869 2205 1938 eius,
2230 1870 2381 1923 velut
2410 1840 2454 1894 Β
2482 1873 2508 1923 ῐ

2371 1883 2381 1922 L
2410 1840 2454 1894 Β
2482 1840 2638 1923 Πᾶσα
2666 1871 2772 1941 γὰρ
2799 1840 3031 1940 ἠοίησίς
3066 1868 3163 1937 τῆς
3190 1840 3536 1931 δικαιοσύνης
3569 1860 3733 1914 αὑτοῦ
3764 1858 3841 1919 ὡς
3887 1856 4062 1925 ῥάκος

814 1971 1033 2024 pannus
1084 1966 1435 2010 menstruam
1480 1964 1705 2024 apparet
1758 1957 1814 2010 in
1860 1967 2105 2011 extremo
2158 1960 2268 2024 die,
2320 1968 2381 2013 ut
2481 1963 2505 2014 ὁ

2369 1968 2381 2013 ι
2481 1962 2907 2029 ἀποκαθημένης
2938 1959 3263 2028 φανεροῦται
3293 1958 3350 2008 ἐν
3389 1958 3456 2024 τῇ
3487 1953 3693 2022 ἐσχάτῃ
3720 1948 3929 2016 ἡμέρᾳ.
3980 1943 4060 2002 ὣς

814 2047 996 2117 inquit
1044 2048 1310 2116 propheta
1347 2046 1543 2100 Isaias:
1582 2046 1745 2101 Facta
1781 2058 1855 2100 est
1887 2050 2129 2101 universa
2168 2051 2379 2119 justitia
2481 2070 2505 2120 ς

2367 2069 2379 2103 ι
2481 2069 2643 2121 φησιν
2682 2051 2910 2111 Ἡσαΐας
2940 2052 2967 2103 ὁ
2996 2050 3300 2120 προφήτης,
3330 2044 3616 2114 Ἐγενήθη
3664 2038 3833 2093 πᾶσα
3880 2034 3921 2100 ἡ
3970 2033 4058 2085 δι-

815 2146 997 2191 nostra
1039 2147 1295 2206 tanquam
1322 2153 1525 2207 pannus
1566 2146 1904 2191 menstruam
1929 2142 1969 2191 '.
2015 2138 2380 2194 Obsecremus
2479 2159 2506 2195 κ

2365 2157 2380 2194 ι
2479 2142 2775 2206 xamch
2827 2138 2995 2208 ἡμῶν
3024 2139 3104 2203 ὡς
3125 2136 3317 2205 ῥάκος
3356 2129 3841 2199 ἁποκαθημένης.
3882 2124 4056 2191 Δίτή-

813 2228 981 2297 igitur
1012 2229 1183 2283 Deum
1224 2240 1387 2297 atque
1437 2243 1711 2297 rogemus,
1753 2238 1814 2282 ut
1849 2229 2174 2283 amiciamur
2222 2231 2380 2284 indu-
2480 2250 2504 2285 ο

2369 2261 2380 2271 -
2480 2250 2661 2302 σωμεν
2708 2227 2799 2285 οῦν
2848 2230 2943 2283 καὶ
2986 2227 3265 2299 δεηθῶμεν
3314 2224 3408 2278 τοῦ
3449 2222 3584 2277 Θεοῦ
3617 2216 3947 2274 ἐνδύσασθαι
3996 2214 4060 2266 τὸ

814 2327 1003 2372 mento
1029 2317 1200 2387 ipsius
1225 2317 1498 2380 salutaris,
1526 2318 1758 2372 Domino
1786 2319 2046 2374 nimirum
2074 2319 2200 2375 Jesu
2221 2321 2380 2375 Chri—
2480 2328 2505 2387 ί,

2369 2352 2380 2362 -
2480 2325 2695 2393 ἱμάτιον
2744 2312 2841 2376 ’τοῦ
2893 2323 3203 2392 σωτηρίου,
3233 2320 3323 2371 τὸν
3362 2316 3569 2387 Κύριον
3619 2314 3777 2386 ἡμῶν
3840 2309 4060 2378 Ἰησοῦν

812 2418 918 2473 sto,
968 2424 1167 2465 arcano
1224 2409 1451 2473 lumine,
1501 2426 1665 2478 quem
1713 2420 1988 2480 gestantes
2035 2412 2231 2466 animae
2267 2429 2378 2468 non
2477 2415 2503 2467 ἓ

2368 2431 2378 2467 ι
2477 2414 2709 2483 Χριστὸν
2731 2452 2745 2476 ,
2777 2412 2836 2465 τὸ
2866 2410 3102 2482 ἄρρητον
3133 2408 3269 2478 φῶς,
3301 2408 3360 2460 ὃν
3412 2405 3712 2475 φορέσασαι
3744 2400 3920 2470 ψυχαὶ
3954 2398 4059 2451 οὐκ

810 2513 1079 2556 exuentur
1101 2501 1155 2556 in
1176 2502 1469 2566 saeculum;
1498 2503 1597 2556 sed
1629 2503 1683 2556 in
1715 2504 2124 2559 resurrectione
2147 2518 2377 2575 corpora
2476 2508 2501 2560 ό

2367 2522 2377 2559 ι
2476 2504 2907 2574 ἀποδυθήσονται
2935 2505 3013 2565 είς
3037 2502 3128 2555 τὸν
3153 2501 3325 2554 αἰῶνα
3350 2514 3365 2529 ’
3406 2499 3521 2552 ἀλλ’
3557 2498 3616 2549 ἐν
3648 2496 3719 2565 τῇ
3754 2491 4058 2546 ἀναστάσει

809 2607 1027 2660 quoque
1056 2606 1247 2646 eorum
1285 2590 1737 2661 gloriﬁcabuntur
1776 2593 1944 2662 gloria
1991 2592 2236 2658 luminis,
2268 2609 2379 2663 quo
2477 2614 2500 2650 α

2367 2612 2379 2648 i
2477 2597 2572 2650 καὶ
2600 2596 2668 2649 τὰ
2696 2594 2924 2665 σώματα
2966 2595 3145 2647 αὐτῶν
3171 2591 3595 2660 δοξασθήσονται
3622 2588 3731 2640 ὑπὸ
3766 2586 3865 2654 τῆς
3894 2583 4058 2654 δόξης

809 2680 1025 2735 amictae
1071 2698 1218 2737 nunc
1270 2692 1401 2737 sunt
1461 2681 1649 2736 ﬁdeles
1708 2697 1774 2738 ac
1813 2698 2092 2752 generosa:
2152 2686 2375 2751 animae,
2475 2706 2500 2742 τ

2367 2727 2375 2750 ,
2475 2687 2569 2742 τοῦ
2604 2687 2799 2755 φωτὸς,
2836 2678 2896 2739 οὗ
2936 2684 3351 2755 περιϐέϐληνται
3389 2684 3495 2736 ἀπὸ
3525 2681 3621 2735 τοῦ
3654 2681 3747 2733 νῦν
3777 2679 3835 2731 αί
3862 2676 4058 2731 πισταὶ

809 2773 951 2827 sicut
980 2774 1271 2843 Apostolus
1308 2774 1385 2827 ait
1410 2791 1424 2827 :
1458 2772 1560 2838 Qui
1587 2776 1831 2827 excitavit
1865 2774 2128 2829 Christum
2150 2793 2211 2829 ea:
2234 2793 2377 2830 mor-
2476 2795 2500 2829 ν

2367 2807 2377 2818 -
2476 2778 2570 2830 καὶ
2612 2777 2853 2841 εὐγενεῖς
2890 2776 3081 2844 ψυχαὶ,
3113 2774 3295 2837 καθώς
3327 2792 3491 2844 φησιν
3518 2774 3548 2825 ό
3589 2771 3934 2832 ’Δπόστολοςο
3994 2769 4058 2821 ὀ

809 2868 935 2928 tuis,
976 2866 1253 2932 viviﬁcabit
1297 2874 1344 2917 et
1384 2865 1635 2917 mortalia
1674 2880 1895 2933 corpora
1934 2876 2134 2930 nostra,
2166 2877 2379 2937 propter
2476 2869 2500 2922 ἐ

2369 2886 2379 2898 ·
2476 2869 2706 2937 ἐγείρας
2740 2867 2997 2935 Χριστόν
3040 2866 3107 2919 ἐκ
3146 2862 3414 2933 νεκρῶν,
3450 2861 3803 2927 ζωοποιήσει
3833 2861 3938 2914 καί
3985 2860 4060 2913 τὰ

806 2956 969 3021 ipsius
1007 2952 1260 3022 Spiritum
1305 2952 1689 3006 inhabitantem
1727 2952 1784 3004 in
1822 2952 2046 3010 nobis".
2082 2951 2267 3005 Gloria
2307 2952 2381 3006 sit
2477 2962 2497 3009 tl

2369 2963 2381 3000 ι
2477 2958 2663 3025 θνητὰ
2703 2958 2946 3025 σώματα
2976 2956 3143 3025 ἡμῶν
3181 2955 3278 3009 διὰ
3301 2956 3407 3008 τοῦ
3445 2954 3827 3017 ἐνοικοῦντος
3863 2951 4060 3005 αὑτοῦ

810 3044 1072 3099 iuell‘abili
1112 3044 1233 3114 ejus
1280 3042 1622 3097 miserationi
1662 3050 1826 3111 atque
1887 3041 2244 3098 inenarrabili
2276 3043 2377 3096 mi-
2479 3055 2501 3103 ι

2365 3073 2377 3082 -
2479 3051 2822 3118 ιινεύματος
2856 3050 2926 3102 ἐν
2946 3049 3110 3117 ἡμῖν.
3140 3048 3279 3112 Δόξα
3297 3050 3365 3118 τῇ
3396 3047 3623 3117 ἀρρήτῳ
3650 3043 4056 3115 εὐσπλαγχνίᾳ,

806 3134 1125 3190 δοτίοοτᾱίω
1148 3136 1288 3204 ejus.
2326 3175 2331 3177 -
2404 3170 2446 3228 ο
2480 3139 2575 3192 καὶ
2603 3139 2681 3210 τῷ
2708 3137 2971 3208 ἀφράστῳ
3000 3136 3140 3188 ἐλέει
3173 3135 3359 3188 αὐτοῦ.

877 3228 963 3287 1V.
1006 3228 1074 3281 Et
1106 3227 1341 3281 iterum:
1372 3224 1824 3289 Quemadmodum
1854 3224 2047 3278 mulier
2078 3228 2223 3296 ﬂuxu
2250 3243 2376 3279 san-
2410 3220 2446 3228 “
2546 3231 2568 3281 Δ

2371 3258 2376 3267 ν
2410 3220 2446 3228 “
2546 3229 2735 3283 Δ’.Καὶ
2749 3228 3163 3294 πάλιν,Ὠσπερ
3178 3228 3216 3293 ή
3237 3221 3800 3293 αίμορῤοοῦσατυνὴ
3818 3220 4062 3274 motat?-

806 3319 979 3386 guinis
1021 3318 1291 3381 laborans,
1330 3332 1448 3369 cum
1481 3316 1709 3369 crederet
1747 3315 2009 3382 ﬁdevera,
2040 3325 2085 3369 et
2112 3316 2377 3383 ﬁmbriam
2478 3338 2497 3372 ί

2367 3334 2377 3370 ι
2478 3335 2645 3374 σασα
2678 3320 2745 3373 ἐν
2790 3320 3061 3385 ἀληθείᾳ,
3108 3316 3205 3371 καί
3239 3315 3517 3385 ἁψαμένη
3550 3314 3660 3368 τοῦ
3704 3311 4058 3381 κρασπέδου

807 3409 1101 3467 vestimenti
1141 3407 1352 3461 Domini
1402 3406 1807 3475 contingeret",
1858 3406 2043 3459 statim
2089 3406 2375 3459 sanitatem
2479 3428 2498 3463 ι

2367 3424 2375 3459 ι
2479 3411 2586 3465 τοῦ
2629 3412 2869 3478 Κυρίου,
2900 3410 3100 3471 εὐθέως
3136 3409 3331 3470 ίάσεως
3368 3407 3548 3475 ἔτυχε,
3578 3407 3673 3458 καὶ
3707 3403 3987 3473 ἐξηράνθη
4024 3404 4058 3472 ἠ

806 3507 1101 3558 consecuta
1132 3506 1238 3558 est.
1286 3509 1450 3565 atque
1482 3496 1792 3549 exsiccatus
1832 3504 1915 3548 est
1954 3494 2132 3547 ﬂuxus
2174 3494 2377 3562 impuri
2479 3504 2497 3571 έ

2369 3496 2377 3548 l
2479 3502 2635 3571 ῥύσις
2682 3502 2779 3568 τῆς
2841 3494 3150 3570 ἀκαθάρτου
3210 3500 3391 3568 πηγῆς
3441 3497 3536 3549 τοῦ
3584 3498 3857 3565 αῐματος·
3913 3494 4060 3547 οὕτω

807 3591 976 3646 fontis
1007 3589 1323 3660 sanguinis:
1361 3588 1439 3640 sic
1481 3586 1661 3639 omnis
1691 3584 1872 3637 anima
1910 3584 2199 3637 incurabili
2250 3585 2375 3638 vul-
2478 3609 2498 3644 ιι

2365 3615 2375 3624 ·
2478 3593 2629 3644 πᾶσα
2654 3591 2800 3661 ψυχὴ
2825 3591 3023 3661 ἔχουσα
3052 3590 3111 3643 τὸ
3136 3591 3352 3643 ἀνίατον
3374 3590 3597 3659 τραῦμα
3622 3590 3722 3655 τῆς
3750 3587 4056 3657 ἁμαρτίας,

807 3699 940 3738 uere
964 3680 1173 3751 peccati
1208 3692 1483 3748 percussa,
1516 3691 1579 3731 ac
1610 3676 1757 3729 fonte
1806 3676 2166 3729 obscenarum
2188 3690 2378 3743 prava-
2477 3701 2498 3735 ιι

2364 3704 2378 3715 -
2477 3684 2578 3752 τὴν
2608 3684 2789 3754 πηγὴν
2819 3683 2928 3735 τῶν
2970 3683 3297 3752 ἀκαθάρτων
3338 3681 3434 3734 καὶ
3467 3680 3722 3751 πονηρῶν
3748 3678 4055 3749 λογισμῶν,

813 3788 1038 3843 rumque
1101 3772 1496 3842 cogitationum
1569 3769 1798 3832 obruta,
1860 3768 1905 3822 si
1961 3783 2248 3837 progressa
2307 3767 2374 3821 ad
2477 3776 2503 3826 ὲ

2368 3770 2374 3820 Ι
2477 3774 2573 3827 ἐὰν
2604 3773 2875 3845 προσέλθῃ
2912 3773 2990 3842 τῷ
3022 3772 3242 3844 Χριστῷ
3262 3814 3276 3838 ,
3307 3773 3401 3826 καὶ
3428 3773 3592 3842 δεηθῇ
3623 3769 3967 3824 πιστεύσασα
3998 3772 4059 3822 ἐν

805 3863 1085 3917 Christum
1113 3862 1393 3931 supplices
1421 3875 1612 3930 preces
1641 3859 1854 3922 fecerit,
1897 3859 2060 3926 eique
2097 3873 2226 3913 vere
2254 3873 2374 3911 cre-
2477 3870 2496 3920 ἀ

2367 3886 2374 3897 ’
2477 3864 2726 3934 ἀληθείᾳ,
2765 3865 2960 3927 ἰάσεως
2996 3864 3265 3935 σωτηρίου
3299 3865 3559 3933 τυγχάνει
3600 3864 3669 3917 ἐκ
3702 3864 3803 3933 τῆς
3827 3863 4058 3917 ἀνιάτου

807 3952 1029 4016 ιιὶάειίι,
1078 3951 1365 4005 sanitatem
1420 3950 1712 4005 salutarem
1739 3948 2095 4018 consequitur
2121 3948 2190 4001 ab
2220 3947 2376 4002 incu-
2476 3972 2498 4008 τ

2369 3979 2376 3989 ·
2476 3956 2661 4025 πηγῆς
2706 3953 2815 4007 τῶν
2867 3953 3087 4019 παθῶν,
3145 3956 3237 4007 καὶ
3284 3954 3600 4025 ξηραίνεται
3641 3953 3975 4007 ἐκλείπουσα
4021 3954 4060 4021 ἡ

811 4042 969 4096 rabili
1005 4042 1154 4097 fonte
1186 4040 1558 4105 aﬂ'ectionum,
1585 4051 1749 4107 atque
1782 4038 2093 4093 exsiccatur
2130 4037 2251 4092 fons
2286 4039 2377 4093 ille
2478 4065 2502 4099 τ

2366 4054 2377 4091 3
2478 4049 2629 4118 πηγὴ
2661 4047 2865 4115 ἐκείνη,
2889 4049 2922 4115 ὴ
2952 4046 3077 4108 τοὺς
3100 4046 3442 4115 ἀκαθάρτους
3468 4046 3763 4115 λογισμοὺς
3788 4044 4057 4114 βρύουσα,

809 4134 1092 4197 deﬁciens,
1130 4132 1225 4201 qui
1260 4131 1571 4187 immundas
1600 4130 1959 4200 cogitationes
1981 4129 2375 4199 ejaculabatur,
2476 4139 2500 4193 δ

2366 4170 2375 4195 ρ
2476 4139 2564 4193 διὰ
2584 4141 2683 4206 τῆς
2715 4139 2997 4208 δυνάμεως
3044 4137 3222 4208 Ἰησοῦ
3253 4138 3418 4207 μόνου
3440 4155 3454 4168 ο
3494 4137 3641 4207 ἄλλῳ
3666 4138 3726 4191 δέ
3756 4155 3862 4191 τινι
3900 4138 4057 4191 ίάσα-

809 4226 1013 4279 virtute
1051 4223 1222 4277 solius
1266 4221 1428 4276 .lesu:
1463 4222 1606 4274 alius
1637 4235 1765 4276 vero
1794 4219 1899 4274 hoc
1940 4220 2139 4273 vulnus
2183 4234 2376 4274 curare
2479 4247 2500 4283 ε

2371 4241 2376 4271 3
2479 4232 2604 4283 σθαι
2637 4231 2698 4283 τὺ
2725 4230 2944 4299 τραῦμα
2978 4230 3135 4282 τοῦτο
3170 4230 3448 4283 ἀδύνατον.
3484 4230 3673 4291 Οὕτως
3710 4229 3821 4298 γὰρ
3858 4230 4062 4299 ἐπετή-

810 4330 1040 4386 prorsus
1068 4315 1280 4383 nequit.
1326 4312 1555 4366 Tantam
1603 4312 1751 4365 enim
1790 4326 2011 4380 operam
2042 4326 2106 4365 ac
2142 4311 2376 4381 diligen-
2476 4323 2501 4375 δ

2368 4342 2376 4351 ·
2476 4323 2664 4375 δευσεν
2700 4325 2727 4375 ό
2756 4322 2947 4391 ἐχθρὸς
2977 4324 3034 4373 ἐν
3063 4324 3127 4390 τῇ
3164 4322 3255 4373 τοῦ
3307 4322 3479 4390 Ἀδὰμ
3531 4321 3865 4390 παραϐάσει,
3912 4321 4059 4373 ὥστε

808 4408 938 4459 tiam
989 4404 1243 4459 adhibuit
1298 4403 1470 4457 hostis
1523 4403 1579 4456 in
1632 4402 1761 4458 Adae
1814 4404 2275 4472 transgressione,
2318 4411 2377 4456 ut
2478 4432 2499 4465 ει

2369 4414 2377 4455 ι
2478 4413 2849 4484 τραυματίσαι
2899 4416 2993 4466 καὶ
3027 4414 3271 4466 σκοτίσαι
3319 4414 3409 4465 τὸν
3457 4413 3564 4465 ἔσω
3609 4412 3935 4484 ἄνθρωπον,
3965 4414 4060 4467 τὸν

806 4495 1123 4549 vulnerare:
1151 4508 1215 4547 ac
1255 4491 1493 4545 tenebris
1517 4491 1827 4545 offunderet
1854 4492 2170 4545 interiorem
2199 4492 2376 4545 homi-
2410 4502 2452 4555 ι)
2480 4508 2497 4558 ί

2369 4521 2376 4531 ³
2410 4502 2452 4555 ι)
2480 4506 2724 4576 ἡγεμόνα
2756 4505 2881 4559 νοῦν
2909 4507 3002 4559 τὸν
3031 4508 3241 4577 ὁρῶντα
3273 4508 3425 4560 Θεόν.
3454 4508 3753 4575 Διὲὗλεψαν
3785 4507 3978 4560 λοιπὸν
4007 4510 4060 4560 οι

806 4601 968 4647 nem,
1036 4592 1275 4639 mentem
1332 4583 1593 4636 nimirum
1661 4581 1858 4636 ducem
1920 4581 2191 4646 hominis,
2254 4598 2376 4652 quae
2479 4597 2497 4647 ε

2368 4601 2376 4636 3
2479 4595 2748 4665 ὀφθαλμοὶ
2775 4595 2937 4649 αὑτοῦ
2968 4599 3047 4660 είς
3083 4597 3151 4650 τὰ
3179 4598 3325 4650 κακά
3358 4600 3451 4650 καὶ
3477 4598 3547 4651 τὰ
3580 4598 3728 4669 πάθη
3748 4638 3764 4661 ,
3792 4598 4059 4651 ἀποκιλει⁹

806 4681 981 4734 Deum
1033 4677 1368 4731 intuebatur.
1424 4676 1803 4743 Respexerunt
1853 4689 1983 4744 ergo
2028 4674 2373 4743 postmodum
2484 4705 2497 4737 ε

1793 4683 1803 4728 ι
1853 4689 1983 4744 ergo
2028 4674 2373 4743 postmOdum
2484 4685 2714 4750 σθέντες
2744 4688 2853 4741 τῶν
2880 4689 3218 4758 ἐπουρανίων
3243 4690 3484 4757 ἀγαθῶν.

807 4769 955 4824 oculi
998 4770 1117 4839 ejus
1148 4766 1215 4821 ad
1260 4764 1391 4818 vitia
1434 4773 1489 4819 et
1520 4764 1859 4830 affectiones,
1890 4778 1920 4817 a
1953 4764 2111 4818 bonis
2140 4765 2375 4819 celesti-

810 4862 913 4916 bus
944 4859 1169 4915 exclusi.

874 4950 986 5020 85
1018 4951 1083 5006 V.
1127 4949 1319 5003 Tantis
1363 4947 1528 5019 igitur
1566 4945 1887 5001 vulneribus
1921 4945 2149 5000 allectus
2178 4957 2281 5008 est,
2316 4957 2375 5000 ut
2551 4956 2565 5004 l

2365 4957 2375 5000 ι
2551 4953 2628 5005 E'.
2667 4951 2852 5014 Οὕτως
2896 4947 2988 5005 οὖν
3033 4953 3467 5023 ἐτραυματίσθη,
3519 4954 3662 5008 ὥστε
3718 4957 3907 5026 μηδενὶ
3962 4960 4056 5011 δυ-

809 5042 1012 5096 nemini
1044 5042 1231 5094 datum
1276 5041 1347 5093 sit
1390 5054 1452 5094 ea
1486 5053 1699 5099 curare,
1732 5036 1838 5089 nisi
1866 5036 1964 5089 soli
2003 5036 2254 5097 Domino,
2287 5038 2375 5091 cui
2483 5062 2500 5097 ι

2365 5038 2375 5090 i
2483 5044 2643 5097 νατὺν
2675 5039 2814 5095 εἶναι
2850 5044 3127 5108 ἰάσασθαι,
3162 5046 3208 5097 εί
3242 5045 3315 5116 μὴ
3356 5047 3503 5117 μόνῳ
3526 5047 3605 5115 τῷ
3634 5050 3843 5119 Κυρίῳ,
3879 5052 4056 5121 τούτῳ

810 5134 911 5186 soli
931 5132 1189 5201 possibile
1206 5139 1309 5184 est.
1334 5131 1451 5199 ipse
1472 5129 1617 5183 enim
1648 5128 1895 5191 veniens,
1917 5126 2138 5181 Sustulit
2160 5135 2373 5196 peccata
2487 5153 2501 5203 γ

2367 5144 2373 5177 ι
2487 5135 2631 5203 μόνῳ
2680 5135 2903 5186 δυνατόν
2950 5135 3120 5189 ἐστιν.
3167 5136 3338 5198 Αὐτὸς
3397 5138 3506 5207 γὰρ
3537 5138 3727 5203 ἐλθὼν,
3758 5134 3897 5207 Ἦρε
3941 5143 4058 5209 τὴν

814 5223 1076 5284 mmtdi",
1109 5223 1213 5275 hoc
1246 5229 1351 5284 est,
1390 5221 1663 5288 impurum
1712 5218 1865 5272 illum
1917 5218 2121 5272 fontem
2169 5218 2374 5287 cogita-
2481 5225 2505 5276 ο

2365 5249 2374 5259 -
2481 5223 2775 5291 ἁμαρτίαν
2829 5221 2934 5275 τοῦ
2974 5224 3229 5291 κόσμου,
3284 5226 3552 5290 τουτέστι,
3595 5226 3694 5295 τὴν
3743 5227 4056 5297 ἀκάθαρτον

811 5314 1021 5366 tionum
1080 5314 1273 5365 animae
1333 5311 1644 5366 exsiccavit.
1705 5309 2175 5375 Quemadmodum
2229 5312 2375 5363 enim
2484 5331 2502 5364 σι

2365 5329 2375 5363 ι
2484 5312 2666 5382 πηγὴν
2693 5313 2799 5364 τῶν
2820 5312 3185 5381 διαλογισμῶν
3209 5314 3307 5380 τῆς
3334 5314 3510 5383 ψυχῆς
3535 5316 3815 5385 ἐξήρανεν.
3843 5318 4056 5388 Ὠσπερ

809 5404 919 5466 illa,
951 5419 1071 5473 qua
1102 5404 1381 5473 sanguinis
1412 5402 1681 5471 profluvio
1708 5401 2011 5464 laborabat,
2039 5416 2160 5454 cum
2192 5402 2373 5455 omnia
2482 5420 2500 5470 γ

2360 5418 2373 5455 ι
2482 5403 2589 5473 γάρ
2621 5402 2802 5472 ἐκείνη
2836 5404 2868 5471 ἡ
2908 5402 3277 5474 αἱμορροοῦσα
3309 5404 3487 5457 πάντα
3532 5405 3601 5457 τὰ
3650 5406 3848 5475 ἑαυτῆς
3880 5407 4051 5461 δαπα-

810 5510 908 5549 sua
935 5496 1076 5549 bona
1106 5495 1161 5549 in
1193 5495 1441 5549 medicos
1476 5492 1836 5563 impendisset
1859 5493 1923 5557 “,
1956 5508 1985 5545 a
2017 5494 2167 5546 nullo
2196 5502 2372 5546 tamen
2480 5514 2501 5547 ν

2365 5512 2372 5546 ι
2480 5497 2692 5565 νήσασα
2746 5498 2855 5559 τοῖς
2907 5494 3190 5563 ἰατρεῦσαι
3258 5496 3600 5565 δυναμένοις,
3654 5498 3786 5568 παρ’
3841 5498 4056 5562 οὐδενὸς

807 5600 999 5639 corum
1042 5596 1230 5640 curata
1266 5596 1382 5650 est;
1413 5585 1587 5638 donec
1622 5598 1909 5653 progressa
1956 5582 2021 5637 ad
2059 5584 2370 5647 Dominum,
2481 5589 2498 5638 ἐ

2364 5625 2370 5645 ,
2481 5584 2825 5655 ἐθεραπεύθη
2855 5585 3077 5652 τούτων,
3115 5586 3219 5649 ἕως
3247 5581 3307 5641 οὗ
3344 5588 3685 5658 προσήγγισε
3717 5587 3799 5659 τῷ
3835 5590 4055 5662 Κυρὲῳ,

879 5760 1055 5816 'Geu.
1089 5780 1168 5827 ιιι,
1205 5763 1249 5813 7.
1330 5767 1348 5795 ’
1385 5766 1482 5817 lsa.
1528 5780 1665 5827 um,
1708 5763 1760 5815 6.
1840 5766 1878 5795 '°
1914 5765 2067 5820 lium.
2114 5781 2222 5826 νιιι,
2270 5763 2321 5815 ll
2430 5764 2464 5793 "
2528 5764 2567 5816 ll

2430 5764 2464 5793 ει
2528 5763 2712 5818 ιιυιιιι.
2755 5782 2827 5831 ιτ,
2868 5765 2954 5820 20.
3038 5770 3078 5799 "
3119 5769 3275 5824 Joan.
3311 5786 3343 5830 I,
3386 5772 3477 5826 20.
3525 5774 3564 5803 ’³
3597 5771 3787 5828 Matth.
3841 5788 3917 5837 ιι,
3960 5775 4049 5830 20-
