4282 6364
225 306 334 372 653

1457 315 1823 379 ΗΟΜΙΙᾸίΕ.
1846 344 1913 360 *-
1943 320 2125 381 ΗΟΜ.
2167 324 2294 383 ΧΥ.

3380 321 3485 393 654

230 421 574 477 πιστεύσασα
599 421 657 476 ἒν
685 423 937 498 ἀληθείᾳ,
972 426 1066 481 καὶ
1088 427 1343 500 ἁψαμένη
1371 429 1465 484 τοῦ
1492 434 1803 504 κρασπέδου
1834 437 1881 496 Α
1910 451 1921 488 ι

1795 451 1803 484 l
1834 437 1881 496 Α
1910 442 1964 489 et
2005 436 2235 493 credens
2270 438 2323 492 in
2359 437 2608 498 veritate.
2644 437 2826 511 tetigit
2859 439 3131 495 ﬂmbriam
3174 440 3486 497 vestimenti

227 513 420 579 αὐτοῦ,
448 514 545 568 καὶ
600 514 776 579 οὕτως
808 517 1014 583 εὐθέως
1061 519 1261 591 ⁴ᾔσθετο
1296 522 1395 591 τῆς
1446 524 1639 590 ἰάσεως
1664 542 1679 559 ’
1714 526 1811 579 καὶ

229 607 361 676 ἔστη
396 608 429 675 ή
467 606 623 676 ῥύσις
659 607 755 661 τοῦ
800 609 1068 680 αἵματοςο
1100 610 1245 666 οὕτω
1273 613 1373 685 τὴν
1421 614 1601 687 ψυχὴν
1640 635 1806 689 τραυ-

231 698 590 768 ματισθεῖσαν
641 700 702 765 ἐξ
730 702 905 772 ἀρχῆς
938 702 1163 774 τραῦμα
1215 706 1433 760 ἀνίατον
1483 708 1675 763 παθῶν
1710 728 1811 764 και-

227 787 374 851 κίας,
402 789 577 852 οὐδεὶς
607 787 730 843 οὔτε
762 790 1010 855 δικαίων,
1050 790 1175 846 οὔτε
1215 795 1495 867 Πατέρων,
1521 795 1646 851 οὔτε
1674 816 1805 869 προ-

228 880 444 949 φητῶν,
480 879 605 937 οὔτε
631 882 988 954 πατριαρχῶν
1015 884 1205 956 ἴσχυσε
1238 885 1597 959 θεραπεῦσαι,

303 1055 400 1130 q‘.
452 1058 693 1129 Μωῦσῆς
739 1053 928 1130 ἦλθεν,
960 1059 1077 1114 ἀλλ’
1109 1061 1210 1115 οὐκ
1235 1061 1474 1134 ἠδυνήθη
1500 1063 1645 1118 ῐασιν
1673 1082 1812 1119 παν-

231 1146 364 1218 τελῆ
398 1146 619 1201 δούναιο
667 1149 852 1217 ἱερεῖς,
884 1148 1056 1221 δῶρα,
1111 1150 1569 1219 άποδεκατώσεις,
1605 1155 1812 1209 σαϐϐα-

232 1241 443 1311 τισμοὶ.
501 1241 804 1312 νεομηνίαι,
842 1241 1212 1314 βαπτίσματα,
1248 1244 1452 1309 θυσίαι,
1509 1246 1816 1302 ὁλοκαυτώ-

237 1349 377 1399 σεις,
407 1333 503 1386 καὶ
536 1335 684 1386 πᾶσα
719 1335 753 1405 ἡ
782 1334 945 1405 λοιπή
974 1334 1291 1407 δικαιοσύνη
1316 1338 1624 1393 ὲπετελεῖτο
1651 1341 1708 1392 ἐν
1736 1339 1815 1411 τῷ

236 1424 411 1493 νόμῳ,
449 1422 545 1477 καὶ
574 1424 607 1494 ή
641 1422 798 1495 ψυχῆς
823 1424 1043 1493 ίαθῆναι
1080 1424 1189 1483 ἀπὸ
1231 1424 1331 1493 τῆς
1371 1425 1680 1497 ἀκαθάρτου
1716 1426 1814 1496 ῥύ-

239 1533 380 1579 σεως
412 1514 523 1570 τῶν
573 1515 759 1568 κακῶν
798 1514 1076 1586 λογισμῶν
1103 1517 1205 1570 οὐκ
1238 1516 1502 1588 ἠδυνήθη,
1534 1516 1629 1572 καὶ
1664 1521 1816 1574 πᾶσα

236 1611 271 1676 ή
302 1606 619 1679 δικαιοσύνη
658 1607 831 1676 αὐτῆς
861 1608 1205 1679 θεραπεῦσαι
1232 1610 1396 1663 αὑτὸν
1427 1610 1526 1663 οὐκ
1572 1612 1815 1681 ἴσχυσεν,

237 1699 346 1762 ἓως
378 1691 440 1750 οὗ
470 1693 634 1769 ἦλθεν
660 1700 690 1751 6
714 1698 905 1768 Σωτήρ
942 1699 972 1751 6
1020 1697 1270 1769 ἀληθινὸς
1304 1698 1515 1771 ίατρδς,
1549 1700 1577 1752 6
1611 1700 1818 1770 δωρεὰν

241 1789 494 1860 ἰώμενος,
540 1792 569 1842 6
602 1790 795 1853 ἑαυτδς
821 1788 964 1861 ὑπὲρ
985 1788 1083 1843 τοῦ
1125 1791 1315 1859 γένους
1355 1792 1464 1847 τῶν
1512 1790 1815 1863 ἀνθρώπων
1844 1771 1891 1830 Β

239 1883 441 1953 λύτρον
463 1882 610 1946 δούς.
639 1882 813 1944 Αὐτὸς
838 1884 1000 1954 μόνος
1027 1881 1127 1953 τὴν
1159 1883 1403 1954 μεγάλην
1426 1884 1521 1940 καὶ
1551 1886 1816 1954 σωτήριον

237 1972 509 2043 λύτρωσιν
561 1974 655 2027 καὶ
708 1972 853 2026 ἴασιν
916 1973 1020 2043 τῆς
1072 1973 1250 2044 ψυχῆς
1307 1974 1597 2042 εποίησεν·
1652 1974 1815 2039 αὐτὸς

236 2068 614 2137 ἠλευθέρωσεν
645 2066 817 2139 αὐτὴν
864 2068 929 2121 ὲκ
961 2068 1059 2139 τῆς
1096 2066 1361 2133 δουλείας,
1412 2070 1508 2123 καὶ
1544 2067 1816 2141 ἐξήγαγεν

238 2159 414 2231 αὐτὴν
444 2161 510 2212 ὲκ
544 2158 787 2223 σκοτίας,
822 2159 937 2230 ἰδίῳ
968 2160 1107 2228 φωτὶ
1146 2159 1378 2225 δοξάσας
1413 2160 1618 2233 αὐτήν·
1654 2162 1817 2227 αὐτὸς

234 2250 470 2322 δξήρανε
520 2250 621 2324 τήν
654 2253 714 2306 ὲν
750 2252 889 2325 αὐτῇ
938 2252 1125 2325 πηγὴν
1168 2253 1279 2307 τῶν
1305 2253 1631 2325 ἀκαθάρτων
1670 2256 1817 2324 λογι-

238 2341 393 2413 σμῶν
412 2358 429 2376 ο
460 2342 605 2398 ἰδοὺ
627 2344 757 2414 τὰρ,
779 2344 964 2415 φησὶν,
993 2344 1246 2414 όἈμνὸς
1268 2346 1376 2401 τοῦ
1391 2346 1560 2415 Θεοῦ,
1576 2350 1610 2402 ό
1633 2348 1818 2420 αιρων

236 2434 356 2504 τὴν
382 2435 677 2505 ἁμαρτίαν
712 2437 818 2491 τοῦ
843 2439 1099 2507 κόσμου.

309 2529 386 2582 Z'.
436 2528 512 2581 ού
557 2528 669 2599 γὰρ
697 2526 931 2598 ἠδύνατο
983 2530 1051 2583 τά
1100 2529 1209 2585 ῐδια
1253 2532 1320 2586 ἑκ
1370 2532 1474 2605 γῆς
1527 2533 1815 2605 φάρμακα,

238 2618 493 2671 τουτέστι
538 2617 606 2672 τὰ
646 2618 850 2689 ἑαυτῆς
874 2619 1223 2691 δικαιώματα
1276 2622 1438 2692 μόνον
1483 2623 1819 2695 θεραπεῦσαι

238 2711 339 2766 καὶ
391 2710 647 2765 ἰάσασθαι
706 2711 878 2784 αὐτὴν
937 2713 1001 2766 ἐκ
1048 2712 1149 2782 τῆς
1199 2714 1530 2786 τηλικαύτης
1585 2718 1818 2788 ἀοράτου

238 2803 482 2872 πληγῆς,
514 2802 653 2856 ἀλλὰ
699 2803 787 2857 διά
836 2804 937 2875 τῆς
982 2804 1237 2875 οὐρανίου
1286 2807 1379 2860 καὶ
1423 2805 1574 2871 θείας
1606 2807 1819 2876 φύσεως

237 2896 341 2966 τῆς
361 2896 571 2970 δωρεᾶς
592 2896 688 2950 τοῦ
718 2897 877 2965 ἁγίου
905 2898 1245 2968 Πνεύματος,
1276 2899 1366 2952 διὰ
1381 2899 1575 2953 τούτου
1601 2900 1821 2970 φαρμά‹

239 3006 341 3042 κου
382 2989 543 3059 μόνου
586 2988 828 3061 ἠδυνήθη
872 2988 1068 3054 ίάσεως
1094 2992 1279 3060 τυχεῖν
1307 2991 1336 3043 6
1384 2990 1689 3062 ἄνθρωπος,
1726 2992 1820 3045 καὶ

1911 527 2069 602 ejus;
2112 537 2169 583 et
2218 530 2299 585 sic
2344 546 2468 585 mox
2517 531 2806 588 sanitatem
2859 547 2918 588 se
2966 540 3313 589 consecutam
3362 547 3490 588 esse

1912 620 2105 683 sensit,
2145 634 2210 675 ac
2246 622 2400 677 stetit
2434 622 2765 692 proﬂuvium
2803 624 3124 694 sanguinis:
3158 623 3239 678 sic
3270 637 3490 693 quoque

1911 710 2148 764 animam
2206 713 2505 768 sauciatam
2573 714 2644 769 ab
2702 714 2863 769 initio
2918 715 3147 770 vulnere
3200 713 3491 771 incurabili

1911 800 2235 856 vitiosarum
2271 802 2661 867 aﬂectionum,-
2684 805 2869 860 nullus
2911 820 3018 860 nec
3054 806 3349 876 iustorum,
3387 818 3493 858 nec

1913 890 2169 958 Patrum,
2243 908 2346 949 nec
2398 896 2827 966 prophetarum,
2895 912 2999 952 nec
3056 895 3495 967 patriarcharum

1912 999 2107 1041 curare
2157 986 2357 1055 potuit.

1985 1073 2074 1129 Vl.
2107 1074 2288 1129 Moses
2306 1074 2528 1145 quidem
2560 1074 2733 1142 venit,
2757 1074 2853 1131 sed
2872 1074 3166 1131 sanitatem
3196 1074 3496 1147 perfectam

1914 1164 2167 1222 conferre
2215 1167 2480 1237 nequivit.
2536 1168 2891 1233 Sacerdotes,
2938 1183 3202 1233 munera,
3249 1168 3492 1223 decimae

1916 1259 2115 1323 tiones,
2159 1258 2502 1323 sabbatismi,
2540 1260 2864 1324 neomeniaz,
2908 1260 3241 1322 ablutiones,
3284 1258 3495 1314 sacriﬁ-

1916 1351 2021 1414 cia,
2049 1351 2388 1416 holocausta,
2412 1359 2471 1406 et
2494 1352 2751 1407 universa
2776 1351 2984 1421 reliqua
3002 1350 3214 1421 justitia
3240 1366 3500 1407 consum-

1918 1444 2172 1499 mabatur
2199 1444 2256 1497 in
2284 1442 2436 1513 lege;
2486 1458 2589 1496 nec
2635 1451 2817 1497 tamen
2850 1442 3029 1496 anima
3058 1444 3241 1496 sanari
3282 1458 3347 1497 ac
3392 1457 3497 1510 pu-

1919 1535 2119 1591 riﬁcari
2172 1534 2242 1589 ab
2291 1533 2510 1602 impuro
2558 1532 2708 1587 ﬂuxu
2755 1548 3049 1603 pravarum
3103 1531 3500 1603 cogitationum

1920 1628 2132 1697 potuit;
2186 1642 2290 1681 nee
2339 1624 2597 1678 universa
2645 1624 2860 1694 justitia
2907 1625 3029 1694 ejus
3068 1640 3267 1678 curare
3320 1625 3499 1693 ipsum

1929 1717 2123 1784 valuit,
2150 1716 2328 1770 donec
2374 1713 2522 1769 venit
2574 1713 2847 1779 Salvator,
2883 1729 3049 1769 verus
3079 1713 3351 1777 medicus,
3402 1714 3500 1783 qui

1918 1810 2089 1881 gratis
2112 1818 2306 1865 sanat:
2342 1808 2436 1878 qui
2478 1821 2539 1861 se
2580 1808 2759 1877 ipsum
2790 1822 2891 1877 pro
2920 1808 3162 1862 humano
3200 1823 3401 1878 genere
3444 1807 3501 1861 in

1918 1901 2158 1971 pretium
2195 1900 2594 1971 redemptionis
2638 1899 2881 1965 tradens,
2918 1900 3067 1955 solus
3101 1900 3218 1969 ipse
3248 1915 3500 1970 magnam

1916 1999 1972 2045 et
2019 1991 2314 2044 salutarem
2369 1990 2805 2059 redemptionem
2854 2004 2919 2048 ae
2968 1991 3261 2045 sanitatem
3306 1990 3503 2046 anima:

1917 2090 2179 2151 operatus
2225 2090 2327 2137 est.
2368 2082 2488 2151 Ipse
2542 2081 2798 2136 liberavit
2847 2096 2967 2135 eam
3015 2096 3047 2135 a
3102 2082 3393 2148 servitute,
3446 2089 3504 2136 et

1917 2170 2107 2226 eduxit
2132 2187 2253 2229 eam
2279 2188 2347 2226 ex
2372 2171 2636 2235 tenebris,
2670 2186 2771 2225 suo
2793 2170 3003 2225 lumine
3034 2185 3153 2225 eam
3178 2171 3500 2226 illustrans:

1919 2259 2036 2334 ipse
2062 2262 2357 2317 exsiccavit
2398 2262 2453 2315 in
2502 2276 2563 2314 ea
2596 2260 2803 2315 fontem
2832 2260 3241 2315 immundarum
3286 2260 3501 2332 cogita-

1925 2355 2173 2410 tinuum:
2225 2354 2358 2407 Ecce
2398 2354 2560 2417 enim,
2601 2351 2806 2421 inquit,
2836 2350 3020 2422 Agnus
3065 2351 3185 2418 Dei,
3221 2353 3313 2422 qui
3364 2350 3502 2407 tollit

1919 2455 2131 2518 peccata
2173 2445 2357 2499 mundi
2378 2444 2442 2498 ιδ.

1991 2537 2101 2593 Vll.
2142 2537 2262 2592 Non
2304 2536 2453 2592 enim
2501 2543 2805 2606 potuerunt
2839 2542 3059 2591 terrena
3100 2535 3221 2607 ejus
3258 2534 3503 2592 mediea-

1919 2634 2123 2692 menta,
2165 2626 2271 2681 hoc
2313 2634 2397 2681 est
2417 2625 2842 2697 iustiﬁcationes
2879 2624 3000 2696 ejus
3040 2624 3192 2690 solae,
3226 2639 3424 2680 curare
3448 2633 3506 2679 et

1920 2733 2116 2774 sanare
2169 2717 2317 2772 illam
2348 2734 2378 2772 a
2410 2726 2559 2773 tanta
2592 2717 2856 2773 invisibili
2887 2718 3042 2788 plaga
3069 2734 3083 2773 :
3119 2716 3215 2773 sed
3256 2716 3511 2773 ctelestis

1920 2820 1978 2868 et
2007 2811 2209 2866 divina:
2237 2819 2449 2866 natura
2478 2809 2772 2875 beneﬂcio,
2809 2811 2940 2866 doni
2968 2810 3233 2866 nimirum
3266 2810 3506 2880 Spiritus

1921 2900 2119 2965 sancti,
2173 2900 2338 2971 hujus
2383 2900 2772 2955 medicamenti
2806 2900 2980 2956 solius
3016 2916 3122 2971 ope
3149 2901 3329 2971 potuit
3360 2900 3516 2956 saui«.

1922 3001 2090 3047 tatem
2146 2992 2411 3063 consequi
2468 2993 2663 3058 homo,
2721 3002 2777 3049 et
2825 2994 2895 3048 ad
2946 2994 3115 3048 vitam
3178 2992 3503 3063 pervenire,

240 3079 389 3149 ζωῆς
419 3079 728 3149 ἐφικέσθαι,
774 3079 1131 3148 καθαρισθεὶς
1184 3081 1289 3135 ὑπὸ
1319 3080 1409 3135 τοῦ
1447 3082 1607 3150 ἁγίου
1647 3080 1819 3134 Πνεύ-
1843 3112 1887 3173 C
1923 3103 1931 3157 ι

1814 3109 1887 3173 ’ρ
1923 3083 2209 3157 puriticato
2241 3084 2407 3140 corde
2430 3100 2459 3138 a
2482 3084 2691 3154 Spiritu
2716 3093 2927 3140 sancto.
2963 3084 3259 3149 Caeterum,
3307 3099 3505 3154 quem-

245 3188 418 3240 ματος
449 3170 549 3242 τὴν
593 3170 839 3242 καρδίαν.
883 3171 1046 3237 Ἀλλ’,
1079 3171 1269 3243 ὥσπερ
1298 3174 1415 3227 ἐκεῖ
1454 3174 1488 3245 ή
1534 3173 1669 3243 γυνὴ
1716 3171 1819 3226 κᾶν

244 3263 465 3334 ἰαθῆναι
481 3263 581 3317 ούκ
614 3262 877 3335 ἠδυνήθη,
913 3266 1009 3318 καὶ
1039 3265 1503 3337 τετραυμάτιστο,
1537 3264 1652 3319 ἀλλ’
1671 3267 1823 3338 ὅμως

244 3356 417 3418 πόδας
446 3351 561 3425 εἶχε
592 3355 689 3409 τοῦ
718 3356 895 3409 ἐλθεῖν
934 3356 1073 3427 πρὸς
1101 3357 1194 3411 τδν
1226 3357 1450 3428 Κύριον,
1472 3360 1567 3413 καὶ
1592 3358 1825 3416 ἐλθοῦσα

242 3451 436 3519 τυχεῖν
486 3448 715 3511 ἰάσεως·
750 3448 954 3520 ὁμοίως
998 3449 1093 3504 καὶ
1119 3450 1149 3502 ὀ
1188 3451 1389 3520 τυφλὸς
1443 3453 1671 3519 ἐκεῖνος,
1721 3453 1825 3507 κᾶν

246 3538 559 3608 ὑπερϐῆναι
580 3540 680 3591 οὐκ
706 3538 956 3609 ἠδύνατο,
990 3541 1086 3594 καὶ
1122 3540 1299 3595 ἐλθεῖν
1330 3542 1469 3613 πρὸς
1501 3543 1595 3598 τὸν
1620 3543 1827 3615 Κύριον

244 3632 336 3685 διὰ
372 3631 435 3685 τὸ
460 3631 535 3702 μὴ
560 3631 802 3702 βλέπειν,
820 3631 937 3687 ἀλλ’
963 3632 1226 3705 ὀξυτέραν
1258 3635 1509 3705 ἀγγέλων
1536 3636 1824 3691 ἀπέστειλε

242 3724 347 3795 τὴν
390 3725 597 3796 φωνήν.
632 3724 828 3793 Ἔλεγε
860 3723 989 3795 γὰρ,
1048 3725 1143 3781 Υίέ
1176 3726 1372 3794 Δαϐίό,
1411 3727 1675 3796 ἐλέησόν
1718 3746 1822 3799 με·

245 3817 344 3870 καὶ
378 3814 521 3869 οὕτω
587 3816 902 3884 πιστεύσας,
947 3818 1144 3883 ἰάσεως
1175 3818 1394 3890 ἔτυχεν,
1434 3820 1678 3886 ἐλθόντος
1731 3822 1826 3876 τοῦ

246 3908 459 3980 Κυρίου
492 3909 629 3981 πρὸς
676 3910 841 3963 αὐτὸν
888 3910 984 3963 καὶ
1012 3909 1293 3981 διαϐλέψαι
1327 3913 1699 3984 ποιήσαντος,’
1731 3914 1826 3968 οὖ-

244 4019 356 4067 τως
386 4003 479 4055 καὶ
507 4004 540 4072 ή
570 4002 742 4072 ψυχὴ,
796 4001 898 4055 κᾶν
930 4003 1390 4073 τετραυμάτισται
1420 4004 1697 4076 τραύμασι
1726 4018 1829 4061 πα-

246 4094 359 4148 θῶν
392 4095 637 4165 ἀτιμίας,
673 4096 775 4149 κᾶν
810 4096 1146 4164 τετύφλωται
1182 4098 1288 4151 ὑπὸ
1324 4098 1419 4153 τοῦ
1478 4101 1701 4166 σκότους
1729 4104 1829 4172 τῆς

247 4185 548 4255 ἁμαρτίας,
606 4184 722 4237 ἀλλ’
781 4186 929 4254 ὅμως
970 4186 1085 4256 ἔχει
1120 4187 1334 4257 θέλημα
1364 4188 1460 4241 τοῦ
1490 4189 1685 4260 βοῆσαι
1735 4194 1829 4245 καὶ

248 4276 481 4331 καλέσαι
521 4275 747 4346 Ἰησοῦν,
793 4276 879 4331 ἵνα
919 4277 1081 4343 αὐτὸς
1114 4277 1283 4332 ἐλθὼν
1313 4278 1579 4353 λύτρωσιν
1611 4281 1829 4337 αἰώνιον

246 4370 455 4439 ποιήσῃ
483 4369 549 4437 τῇ
582 4369 751 4439 ψυχῇ·

1923 3177 2218 3232 admodum
2270 3177 2345 3231 ibi
2406 3178 2625 3243 mulier,
2675 3178 2927 3247 quamvis
2959 3179 3273 3241 vulnerata,
3322 3176 3523 3233 curari.

1922 3286 2033 3326 non
2072 3278 2325 3339 poterat;
2375 3269 2740 3325 nihilominus
2777 3270 2949 3340 pedes
2996 3270 3259 3331 habebat,
3304 3270 3508 3339 quibus

1925 3362 2215 3417 accederet
2258 3360 2327 3416 ad
2388 3360 2717 3426 Dominum,
2776 3371 2835 3418 et
2880 3362 3119 3419 veniens
3165 3362 3509 3417 sanationem

1926 3460 2390 3521 consequeretur:
2437 3452 2629 3507 itidem
2669 3460 2726 3507 et
2772 3467 2954 3507 caecus
3004 3453 3116 3517 ille,
3149 3452 3402 3521 quamvis
3426 3452 3513 3505 in-

1925 3542 2121 3597 cedere
2146 3557 2257 3596 non
2286 3549 2521 3615 poterat,
2548 3550 2604 3596 et
2629 3542 2821 3597 venire
2846 3542 2913 3596 ad
2942 3543 3234 3597 Dominum
3268 3556 3335 3596 eo
3359 3543 3508 3611 quod

1926 3638 2049 3693 visu
2084 3638 2501 3701 destitueretur,
2536 3639 2838 3693 acutiorem
2872 3649 3055 3693 tamen
3084 3637 3294 3707 angelis
3324 3635 3511 3692 emisit

1925 3744 2135 3786 vocem.
2164 3729 2358 3785 Aiebat
2388 3732 2571 3785 enim:
2600 3729 2699 3783 Fili
2719 3730 2914 3793 David,
2946 3732 3195 3783 miserere
3226 3730 3327 3783 mei
3348 3730 3427 3781 ":
3454 3738 3512 3783 et

1930 3822 2001 3875 ita
2037 3821 2291 3886 credens,
2329 3821 2617 3876 sanitatem
2643 3830 2973 3876 consecutus
3015 3829 3120 3887 est,
3157 3821 3413 3875 veniente
3439 3819 3510 3872 atl

1930 3913 2082 3967 illum
2115 3911 2368 3975 Domino,
2396 3911 2561 3980 eique
2592 3910 2770 3965 visum
2800 3912 3121 3964 restituente
3150 3927 3161 3962 :
3188 3908 3267 3963 sic
3288 3922 3510 3977 quoque

1929 4004 2131 4068 anima,
2177 4002 2428 4073 quamvis
2465 4002 2709 4059 sauciata
2744 4001 2815 4057 sit
2844 4000 3332 4072 ignominiosarum
3378 3998 3512 4054 aﬂ'c-

1930 4096 2175 4151 ctionum
2203 4094 2544 4159 vulneribus,
2569 4094 2821 4163 quamvis
2852 4093 3130 4147 obcaecata
3163 4092 3234 4146 sit
3264 4090 3512 4145 tenebris

1931 4186 2165 4257 peccati,
2194 4185 2558 4241 nihilominus
2588 4184 2755 4238 habet
2783 4184 3124 4237 voluntatem
3153 4181 3423 4236 clamandi
3455 4190 3514 4237 et

1932 4276 2228 4332 invocandi
2258 4276 2466 4340 Jesum,
2502 4281 2563 4328 ut
2597 4273 2715 4343 ipse
2747 4273 2975 4328 veniens
3002 4281 3265 4328 aeternam
3294 4271 3511 4328 redem-

1931 4370 2175 4441 ptionem
2200 4368 2395 4421 animae
2417 4373 2695 4436 procuret.

319 4459 405 4513 H’.
436 4458 651 4529 Ὠσπερ
698 4457 808 4530 γὰρ
839 4459 1098 4523 ἐκεῖνοςό
1124 4460 1345 4531 τυφλὸς,
1386 4463 1433 4515 εί
1482 4462 1558 4535 μή
1609 4463 1825 4536 ἐϐόησε,
1860 4447 1908 4505 D
2007 4462 2010 4470 “

1820 4510 1825 4529 ,
1860 4447 1908 4505 Ι)
2007 4460 2139 4515 Vlll.
2174 4457 2653 4524 Quemadmodum
2703 4455 2852 4509 enim
2897 4470 3079 4510 caecus
3106 4455 3219 4519 ille,
3251 4454 3360 4509 nisi
3396 4453 3511 4508 cla-

246 4549 347 4603 καὶ
393 4550 428 4619 ή
468 4548 845 4621 αίμοῤῥοοῦσα
876 4550 1149 4621 προσῆλθε
1201 4552 1279 4621 τῷ
1332 4553 1547 4623 Κυρίῳ,
1609 4555 1710 4610 ούκ
1761 4557 1827 4610 ἂν

246 4638 552 4710 ιτύγχανον
607 4639 841 4703 ίάσεωςο
880 4640 1076 4708 οὕτως,
1115 4641 1210 4695 ἐὰν
1239 4643 1313 4713 μή
1353 4659 1437 4707 τις
1465 4646 1531 4697 ὲκ
1563 4646 1656 4698 τοῦ
1695 4647 1826 4700 ίδίου

248 4734 582 4805 θελήματος,
614 4735 707 4787 καὶ
730 4734 862 4803 ὅλης
886 4733 1262 4805 προαιρέσεως
1281 4734 1409 4807 ἔλθῃ
1436 4736 1573 4812 πρὸς
1600 4737 1827 4805 Κύριον,

249 4826 347 4880 καὶ
398 4829 538 4897 μετὰ
586 4826 962 4897 πληροφορίας
1013 4827 1249 4890 πίστεως
1281 4827 1469 4899 δεηθῇ,
1532 4829 1728 4893 ἰάσεως
1766 4832 1826 4885 ού

247 4917 532 4986 τυγχάνει.
577 4916 677 4969 Διὰ
721 4916 774 4968 τί
824 4916 934 4987 γὰρ
966 4916 1165 4970 ἐκεῖνοι
1219 4919 1612 4981 πιστεύσαντες
1673 4920 1829 4977 ίῶντο

249 5007 479 5072 εὐθέως,
522 5009 686 5078 ἡμεῖς
734 5006 790 5060 δὲ
851 5006 1005 5061 οὔπω
1050 5006 1413 5080 διεϐλέψαμεν
1451 5009 1510 5075 ἐξ
1548 5009 1826 5081 ἀληθείας,

250 5102 348 5155 καὶ
400 5101 501 5154 ούκ
539 5099 772 5170 ίάθημεν
806 5100 874 5153 ὲκ
898 5099 1009 5154 τῶν
1058 5100 1305 5171 κρυφίων
1370 5100 1592 5167 παθῶν;
1648 5102 1827 5157 καίτοι

254 5193 461 5262 μᾶλλον
505 5194 534 5247 6
563 5193 768 5264 Κύριος
808 5194 1064 5265 φροντίδα
1116 5194 1351 5248 ποιεῖται
1381 5194 1523 5264 ὑπὲρ
1555 5194 1654 5264 τῆς
1692 5194 1847 5249 άθα-’

251 5285 418 5339 νάτου
442 5285 699 5357 ψυχῆς,ἢ
729 5286 867 5357 ὑπὲρ
900 5285 994 5339 τοῦ
1020 5284 1287 5356 σώματος·
1307 5286 1428 5357 ἥτις
1457 5286 1550 5340 ἐὰν
1565 5286 1831 5361 διαϐλέψῃ

253 5375 402 5430 κατὰ
435 5375 527 5429 τὸν
562 5376 810 5443 λέγοντα,
830 5375 1261 5444 Ἀποκάλυψον
1297 5374 1441 5442 τοὺς
1480 5376 1831 5445 ὀφθαλμούς

251 5485 394 5538 μου,
414 5466 602 5520 ούκέτι
620 5468 698 5532 είς
722 5468 810 5521 τὸν
833 5467 1006 5521 αίῶνα
1029 5466 1464 5538 τυφλωθήσεται,
1493 5468 1585 5520 καὶ
1619 5466 1831 5521 ίαθείσα

253 5559 441 5614 οὐκέτι
490 5559 1056 5631 τραυματισθήσεται.
1112 5558 1173 5612 El
1208 5558 1317 5628 γὰρ
1349 5557 1671 5629 ἐπιμέλειαν
1726 5558 1833 5613 τῶν

1934 4560 2168 4615 masset,
2209 4560 2265 4604 et
2301 4549 2408 4604 nisi
2435 4563 2558 4617 quae
2585 4547 2857 4617 proﬂuvio
2889 4546 3174 4617 sanguinis
3204 4544 3511 4608 laborabat,

1935 4644 2002 4698 ad
2033 4642 2323 4697 Dominum
2359 4640 2699 4704 accessisset,
2748 4639 3093 4693 sanationem
3138 4653 3249 4691 non
3279 4636 3516 4692 fuissent

1935 4734 2216 4789 consecuti
2244 4751 2255 4786 :
2284 4732 2477 4787 eodem
2505 4730 2687 4795 modo,
2725 4730 2830 4785 nisi
2860 4732 2985 4801 quis
3018 4729 3241 4799 preprio
3268 4738 3421 4783 motu
3449 4742 3515 4783 ac

1936 4827 2148 4896 integro
2194 4824 2474 4895 proposito
2520 4823 2587 4877 ad
2634 4823 2925 4877 Dominum
2978 4822 3223 4887 accedat,
3280 4829 3337 4875 et
3386 4835 3515 4874 cum

1936 4916 2277 4988 plenitudine
2342 4913 2468 4970 ﬁdei
2520 4929 2646 4969 eum
2715 4914 3080 4983 deprecetur,
3143 4912 3293 4966 nullo
3351 4911 3515 4965 modo

1937 5008 2241 5065 sanationis
2287 5008 2348 5063 tit
2395 5008 2690 5077 particeps.
2741 5006 2852 5061 Cur
2898 5006 3047 5061 enim
3102 5005 3179 5059 illi
3233 5003 3396 5059 simul
3448 5018 3516 5057 ac

1938 5101 2229 5157 crederent
2269 5100 2624 5164 sauahantur,
2671 5116 2769 5154 nos
2819 5108 3000 5153 autem
3046 5097 3289 5152 nondum
3322 5111 3513 5151 revera

1939 5192 2119 5247 visum
2168 5190 2509 5259 recepimus,
2566 5202 2669 5243 nec
2719 5187 2788 5242 ab
2836 5186 3068 5241 occultis
3125 5182 3514 5239 aﬂ‘ectionihus

1938 5284 2115 5339 sanati
2146 5282 2381 5337 sumus?
2418 5280 2618 5336 Verum
2658 5280 2925 5335 Dominus
2951 5279 3216 5348 majorem
3246 5275 3388 5347 gerit
3412 5290 3513 5329 cu-

1938 5390 2053 5429 ram
2072 5372 2394 5429 immortalis
2420 5372 2636 5437 animte,
2661 5386 2824 5442 quam
2847 5370 3116 5441 corporis.
3138 5368 3271 5434 Qua:
3289 5366 3514 5436 quidem

1938 5467 2081 5521 visui
2128 5466 2400 5531 restituta,
2449 5464 2751 5520 secundum
2790 5478 2941 5528 eum,
2991 5463 3086 5533 qui
3114 5461 3286 5517 dicit;
3319 5457 3513 5512 Revela

1940 5556 2113 5609 oculos
2146 5572 2283 5609 mcos
2311 5556 2374 5622 ",
2408 5556 2462 5612 in
2495 5563 2762 5612 aeternum
2799 5570 2911 5611 non
2936 5552 3173 5625 amplius
3211 5546 3512 5607 excaecabi-

336 5745 563 5802 “Joan.
599 5762 635 5810 ι,
675 5746 762 5801 29.
844 5748 883 5778 ’δ
932 5745 1117 5801 Matth.
1163 5761 1249 5811 xv,
1291 5746 1376 5798 “22.
1459 5744 1500 5775 “
1551 5742 1745 5799 l‘salm.
1788 5758 1965 5808 cxvnt,
2015 5742 2091 5795 l8.
