4282 6364
768 410 874 474 (555

2001 420 2060 479 S.
2103 421 2387 482 MACARI
2396 422 2421 482 Ι
2461 422 2750 485 IEGYPTI
2761 426 2785 484 Ι

3920 424 4032 487 656

772 533 881 588 tur,
914 531 971 577 et
1013 533 1198 578 sanata
1245 539 1354 579 non
1391 526 1626 596 amplius
1675 527 2075 586 vulnerabitur.
2108 532 2161 587 Si
2194 535 2342 588 enim
2368 538 2420 595 Α

2382 538 2420 595 Α
2448 540 2702 608 φθαρτῶν
2750 540 3017 609 σωμάτων
3054 543 3081 593 ὁ
3112 539 3319 610 Κύριος
3352 538 3666 607 ἐποιήσατο,
3713 536 3885 590 ἐλθὼν
3934 542 4034 591 ἐπὶ

770 614 1208 685 corruptibilium
1239 632 1530 686 corporum
1562 632 1749 672 curam
1776 622 2017 690 suscepit
2048 623 2333 688 Dominus,

770 709 827 760 in
878 707 1145 761 mundum
1193 720 1318 761 cum
1370 709 1646 775 venisset;
1691 720 1898 779 quanto
1938 711 2113 783 magis
2144 715 2339 772 anima:

771 798 1096 853 immortalis
1130 798 1244 868 86
1270 807 1327 853 et
1358 798 1663 854 secundum
1691 801 1981 871 imaginem
2005 806 2125 875 ejus
2153 808 2343 863 condi-

772 890 881 944 tae?
910 891 1139 960 Propter
1175 891 1613 947 incredulitatem
1645 904 1827 948 autem
1854 904 2098 951 nostram
2126 906 2181 952 et
2201 900 2345 953 sedi-

775 982 979 1036 tionem
1010 991 1274 1046 nostram,
1298 984 1445 1053 quod
1482 1001 1592 1041 non
1635 986 1929 1057 diligamus
1954 1003 2082 1043 eum
2119 1005 2186 1044 ex
2229 999 2346 1045 toto

770 1073 957 1138 corde,
984 1089 1163 1144 neque
1184 1090 1312 1130 vere
1334 1077 1385 1129 ei
1404 1078 1714 1141 credamus.
1736 1080 1979 1134 nondum
2002 1082 2344 1151 spiritualem

770 1152 1059 1219 Sanitatem
1106 1181 1169 1219 ac
1196 1167 1428 1221 salutem
1476 1171 1759 1224 consecuti
1798 1186 2009 1228 sumus.
2040 1172 2347 1229 Credamus

771 1274 904 1328 ergo
935 1259 1008 1322 ei,
1035 1269 1090 1313 et
1117 1261 1443 1316 accedamus
1474 1262 1527 1316 in
1556 1263 1808 1328 veritate,
1856 1274 1917 1319 ut
1962 1266 2227 1321 velociter
2250 1284 2345 1322 ve-

772 1366 888 1404 ram
917 1351 1259 1406 sanationem
1288 1353 1345 1406 in
1376 1351 1535 1407 nobis
1559 1352 1876 1424 adimpleat.
1914 1356 2173 1412 Promisit
2199 1358 2347 1412 enim

772 1456 831 1496 se
858 1442 1186 1511 largiturum
1217 1443 1602 1513 postulantibus
1627 1463 1661 1499 a
1696 1462 1752 1499 se
1787 1444 2043 1516 Spiritum
2082 1458 2345 1514 sanctum,

772 1550 837 1586 ac
866 1533 1196 1603 pulsantibus
1223 1546 1552 1605 aperturum,
1579 1546 1627 1590 et
1656 1556 1687 1590 a
1705 1539 2056 1607 querentibus
2082 1541 2349 1596 inventum

775 1627 843 1679 iri
862 1628 922 1678 ".
949 1627 1127 1696 Atque
1155 1646 1168 1681 :
1192 1627 1309 1682 Non
1335 1631 1601 1694 mentitur,
1632 1632 1720 1695 qui
1748 1634 1986 1699 promisit
2006 1634 2067 1686 ¹⁸.
2100 1635 2205 1704 lpsi
2233 1636 2348 1705 glo-

779 1720 857 1772 ria
888 1728 945 1773 et
978 1721 1221 1789 potentia
1252 1720 1306 1775 in
1333 1722 1552 1775 saecula.
1586 1722 1778 1777 Amen.

1323 1832 1608 1889 HOMILIA
1654 1835 1795 1890 XXI.

774 1922 1071 1997 Christiano
1098 1927 1295 1979 homini
1327 1928 1522 1997 duplex
1548 1929 1801 1981 incumbit
1829 1930 2044 1995 bellum,
2084 1934 2350 1986 internum

841 1994 1086 2068 uidelicet
1126 2005 1176 2047 et
1218 1994 1515 2049 externum.
1560 1998 1670 2051 Hoc
1712 2000 1942 2068 quidem.
1987 2018 2107 2054 cum
2157 2004 2351 2056 recedit

842 2065 955 2134 ipse
978 2082 1011 2117 a
1036 2065 1464 2120 distractionibus
1509 2065 1760 2133 terrenis;
1795 2070 1931 2123 illud
1970 2088 2090 2124 vero
2118 2074 2172 2125 in
2197 2074 2349 2127 corde

844 2135 1093 2187 adversus
1126 2138 1464 2204 cogitationes
1497 2140 1780 2207 spirituum
1816 2140 2099 2195 malorum.

844 2315 885 2369 1.
928 2316 1253 2388 Quicunque
1294 2335 1421 2374 vere
1455 2320 1569 2375 Deo
1592 2323 1811 2391 placere
1841 2334 2082 2394 exoptat,
2107 2342 2171 2382 ac
2193 2344 2350 2385 veras

772 2407 1037 2463 adversus
1069 2410 1444 2467 adversariam
1490 2422 1699 2481 partem
1746 2415 2064 2472 inimicitias
2098 2420 2348 2489 suscipit,

772 2500 922 2555 hunc
942 2502 1146 2572 duplici
1164 2503 1420 2559 conﬂictu
1445 2521 1508 2561 ac
1530 2506 1740 2577 duplici
1765 2509 2063 2566 certamine
2085 2511 2352 2567 dimicare

772 2601 1026 2659 oportet:
1077 2603 1192 2648 tum
1244 2595 1299 2648 in
1349 2596 1517 2652 rebus
1559 2598 1873 2654 visibilibus
1908 2602 2071 2671 hujus
2115 2602 2260 2667 vitae,
2320 2620 2350 2657 a

774 2685 1227 2742 distractionibus
1257 2689 1517 2754 terrenis,
1566 2706 1632 2745 ac
1673 2691 1969 2747 dilectione
1999 2696 2351 2749 vinculorum

774 2776 1211 2845 mundanorum,
1259 2789 1425 2851 atque
1466 2781 1857 2839 affectionibus
1896 2786 2107 2855 peccati
2152 2786 2354 2841 abhor-

776 2879 1025 2924 rentum:
1056 2879 1171 2925 tum
1194 2872 1248 2926 in
1279 2874 1514 2929 occultis
1543 2884 1733 2931 contra
1760 2878 1908 2946 ipsos
1939 2878 2161 2934 malitiae
2189 2880 2351 2949 Spiri-

779 2971 867 3014 tus
901 2962 1265 3030 praaliantem,
1301 2964 1370 3019 de
1407 2965 1610 3035 quibus
1648 2968 1945 3036 Apostolus
1973 2969 2187 3024 aiebat:
2236 2971 2355 3024 Non

776 3058 851 3101 est
894 3050 1038 3104 nobis
1071 3052 1372 3107 colluctatio
1410 3055 1657 3109 adversus
1685 3058 1996 3127 sanguinem
2029 3069 2077 3111 et
2118 3076 2353 3123 carnem,

776 3140 868 3192 sed
896 3141 1142 3196 adversus
1178 3145 1529 3214 principatus,
1562 3147 1807 3201 adversus
1835 3157 2141 3218 potestates.
2171 3152 2355 3203 adver-

2445 631 2541 696 τῆς
2561 631 2684 700 γῆς,
2714 632 2864 701 πόσῳ
2890 631 3089 701 μᾶλλον
3116 631 3216 698 τῆς
3238 630 3511 685 ἀθανάτου
3571 629 3665 682 καὶ
3695 631 3816 683 κατ’
3840 631 4037 684 εἰκόνα

2446 721 2610 773 αὐτοῦ
2658 721 3036 791 πεποιημένης
3065 719 3280 789 ψυχῆς
3326 717 3493 773 Ἀλλά
3522 718 3609 771 διὰ
3643 718 3742 789 τὴν
3767 720 4037 772 ἀπιστίαν

2446 810 2625 880 ἡμῶν,
2654 811 2743 865 διὰ
2768 811 2865 882 τὴν
2889 813 3239 881 διχοστασίαν
3275 810 3457 881 ἡμῶν,
3486 810 3575 862 διὰ
3597 810 3657 862 τὸ
3692 810 3765 880 μὴ
3801 810 4034 878 ἀγαπᾷν

2445 904 2607 957 αὑτὸν
2645 904 2704 969 ἐξ
2736 905 2863 973 ὅλης
2909 904 3155 972 καρδίας,
3195 905 3332 973 μήτε
3364 901 3423 968 ἐξ
3468 902 3730 972 ἀληθείας
3763 902 3916 971 αὐτῷ
3945 920 4041 953 πι-

2448 992 2681 1055 στεύειν,
2708 992 2921 1045 οὐδέπω
2953 994 3051 1062 τῆς
3087 992 3467 1063 πνευματικῆς
3502 991 3696 1053 ίάσεως
3724 991 3819 1043 καὶ
3848 1008 4038 1060 σωτηο

2451 1084 2571 1155 ρίας
2596 1084 2880 1153 ἐτύχομεν.
2914 1084 3304 1154 Πιστεύσωμεν
3351 1083 3446 1137 οὖν
3504 1083 3678 1151 αὐτῷ,
3711 1081 3807 1135 καὶ
3860 1099 4037 1151 προσο

2448 1175 2694 1245 έλθωμεν
2742 1178 2799 1228 ἐν
2862 1175 3110 1247 ἀληθείᾳ,
3148 1176 3235 1228 ἱνα
3292 1178 3351 1228 ἐν
3402 1174 3559 1244 τάχει
3622 1172 3720 1243 τὴν
3768 1172 4041 1242 ἀληθινὴν

2452 1266 2597 1318 τασιν
2659 1267 2717 1318 ἐν
2760 1267 2895 1334 ἡμῖν
2947 1270 3166 1336 ποιήσῃ.
3234 1264 3637 1334 Ἑπηγγείλατο
3684 1264 3791 1333 γὰρ
3825 1263 4038 1317 διδόναι

2448 1358 2573 1424 τοῖς
2596 1358 2872 1412 αἰτοῦσιν
2894 1359 3078 1414 αὑτὸν
3108 1357 3352 1426 Πνεῦμα
3371 1357 3563 1426 ἅγιον,
3592 1355 3691 1409 καί
3716 1355 3834 1419 τοῖς
3853 1356 4039 1423 κρούο

2448 1464 2631 1503 ουσιν
2654 1448 2941 1516 ἀνοίγειν,
2984 1449 3080 1502 καί
3112 1448 3235 1513 τοῖς
3277 1447 3560 1515 ζητοῦσιν
3592 1448 3993 1515 εὑρίσκεσθαι
4020 1460 4034 1474 ·

2450 1540 2565 1603 καὶ,
2596 1539 2871 1607 ἀψευδής
2921 1540 3091 1593 ἐστιν
3144 1542 3176 1593 ό
3229 1540 3760 1608 ἐπαγγειλάμενος.
3804 1538 3966 1609 Δίδτῷ
4002 1541 4041 1608 η

2448 1632 2577 1696 δόξα
2599 1634 2693 1684 καὶ
2719 1632 2781 1684 τὸ
2811 1632 3011 1702 κράτος
3051 1632 3130 1695 είς
3157 1634 3282 1694 τοὺς
3313 1633 3537 1694 αἰῶνας.
3588 1632 3782 1700 Ἀμήν.

3016 1826 3258 1878 OMIAIA
3299 1826 3429 1880 KA'.

2382 1896 2423 1951 Β
2459 1919 2542 1985 Τῷ
2576 1916 2908 1986 Χριστιανῷ
2930 1916 3220 1986 ἀνθρώπῳ
3249 1916 3469 1986 δισσὸς
3499 1917 3802 1982 πρόκειται
3846 1917 4037 1969 πόλει·

2518 1985 2651 2057 pce.
2683 1987 2971 2052 ἐσώτερος
2999 1985 3232 2057 δηλαδὴ
3256 1985 3354 2037 καί
3374 1986 3682 2057 ἐξώτερος.
3723 1985 3785 2035 '0
3812 1986 3931 2052 μὲν
3962 1986 4038 2037 ἐν

2525 2054 2604 2122 τῷ
2631 2059 3000 2125 ἀφίστασθαι
3032 2056 3219 2107 αὑτὸν
3251 2054 3690 2123 περισπασμῶν
3713 2057 3955 2123 γηΐνων,
3990 2058 4037 2125 id

2522 2128 2590 2181 δὲ
2608 2124 2683 2181 ἐνί
2706 2127 2779 2193 τῇ
2809 2125 3019 2193 καρδίᾳ
3053 2126 3203 2192 πρὸς
3226 2125 3561 2196 ,λογισμοὺς
3602 2125 3724 2178 τῶν
3756 2124 4036 2193 πνευμά-

2522 2216 2641 2252 των
2668 2196 2776 2264 τῆς
2804 2198 3114 2264 πονηρίας.

2523 2314 2600 2365 Α’.
2652 2312 2711 2361 'U
2763 2309 3083 2379 βουλόμενος
3115 2307 3481 2377 εὐαρεστῆσαι
3509 2306 3629 2374 Θεῷ
3664 2306 3723 2372 ἐξ
3744 2304 4035 2374 ἀληθείας,

2453 2402 2549 2457 καὶ
2599 2403 2721 2454 κατ’
2770 2400 3031 2470 ἀλήθειαν
3068 2399 3147 2468 τῷ
3176 2399 3407 2466 ἐναντίῳ
3473 2398 3627 2467 μέρει
3686 2397 3783 2465 τῆς
3830 2395 4039 2455 κακίας

2454 2493 2917 2563 ἀπεχθανόμενος,
2976 2490 3114 2561 πρὸς
3163 2489 3256 2542 δύο
3304 2489 3563 2559 ἀθλήσεις
3617 2491 3711 2540 καὶ
3748 2487 3887 2557 πρὸς
3938 2485 4043 2538 δύο

2454 2586 2671 2654 ἀγῶνας
2699 2585 2810 2654 ἔχει
2836 2583 2935 2654 τὴν
2976 2583 3153 2653 πάλην
3176 2600 3191 2612 ·
3238 2581 3295 2634 ἐν
3324 2598 3385 2633 τε
3416 2583 3533 2643 τοῖς
3562 2578 3911 2649 φαινομένοις
3936 2575 4038 2629 τοῦ

2456 2676 2571 2746 βίου
2626 2675 2819 2727 τούτου
2866 2673 3177 2745 πράγμασι,
3230 2670 3632 2740 περισπασμῶν
3663 2670 3865 2738 γηΐνων
3925 2669 4037 2735 ἀφ-

2460 2769 2775 2838 ιστάμενος,
2796 2766 2892 2821 καὶ
2916 2767 3137 2837 ἀγάπης
3165 2765 3380 2835 δεσμῶν
3411 2762 3694 2830 κοσμικῶν
3715 2761 3812 2814 καὶ⁸
3839 2760 4040 2812 παθῶν

2455 2863 2552 2931 τῆς
2584 2862 2861 2933 ἁμαρτίας
2881 2878 2897 2893 ·
2938 2863 3032 2914 καὶ
3060 2864 3118 2915 ἐν
3150 2862 3260 2923 τοῖς
3306 2860 3592 2930 κρυπτοῖς,
3626 2856 3759 2928 πρὸς
3795 2856 3934 2909 αὑτά
3966 2855 4039 2907 τὰ

2456 2953 2555 3021 τῆς
2588 2953 2853 3023 πονηρίας
2897 2952 3315 3023 ἀπομαχόμενος
3356 2951 3663 3020 πνεύματα,
3713 2948 3842 3017 περὶ
3889 2940 3967 2999 ὧν
4014 2945 4041 3000 3

2471 3043 2790 3106 Ἄπόστολος
2824 3044 3031 3112 ἔλεγεν,
3066 3046 3187 3097 Οὐκ
3228 3042 3401 3097 ἐστιν
3430 3042 3575 3111 ἡμῖν
3606 3042 3645 3107 ἠ
3680 3044 3844 3107 πάλη
3885 3040 4042 3108 πρὸς

2457 3129 2601 3202 αἷμα
2632 3133 2727 3187 καί
2754 3133 2973 3202 σάρκα,
3005 3135 3164 3188 ἀλλὰ
3189 3136 3340 3204 πρὸς
3370 3136 3476 3199 τὰς
3505 3135 3715 3203 ἀρχὰς,
3747 3133 3895 3199 πρὸς
3929 3134 4039 3197 τὰς

777 3248 864 3285 sus
890 3234 1073 3286 mundi
1090 3234 1348 3297 dominos,
1370 3245 1596 3290 rectores
1624 3239 1959 3292 tenebrarum
1978 3242 2155 3294 sreculi
2174 3242 2351 3309 hujus,
2382 3234 2424 3291 C

2382 3234 2424 3291 ο
2457 3225 2768 3289 ἐξουσίας,
2793 3224 2944 3292 πρὸς
2968 3224 3110 3289 τοὺς
3139 3224 3627 3293 κοσμοκράτορας
3650 3224 3757 3276 τοῦ
3774 3224 4039 3285 σκότους

779 3320 1027 3377 adversus
1047 3325 1350 3394 spirituales
1373 3330 1596 3382 astutias
1620 3330 1673 3381 in
1695 3328 1977 3383 caelestibus
2008 3333 2069 3382 ³³.

849 3500 914 3555 ΙΙ.
967 3502 1195 3557 Duobus
1246 3504 1395 3558 enim
1448 3504 1628 3559 modis
1680 3517 1736 3558 et
1790 3505 2024 3558 vinculis
2071 3505 2359 3562 devinctus

781 3592 947 3645 homo
975 3600 1082 3654 est,
1118 3600 1411 3661 postquam
1450 3592 1765 3646 mandatum
1800 3603 2174 3663 transgressus
2204 3606 2357 3649 extra

782 3682 983 3737 limites
1012 3683 1253 3753 paradisi
1288 3685 1566 3754 projectus
1598 3694 1700 3739 est.
1730 3684 1787 3738 In
1813 3686 1913 3739 hac
1936 3685 2194 3741 nimirum
2223 3688 2354 3752 vita,

785 3775 949 3830 rebus
986 3776 1053 3830 ad
1080 3776 1247 3829 vitam
1276 3778 1701 3845 pertinentibus,
1735 3794 1799 3832 ac
1826 3778 2119 3833 dilectione
2141 3780 2353 3845 mundi,

781 3864 1083 3919 carnalium
1104 3882 1303 3935 nempe
1337 3867 1677 3936 voluptatum
1710 3876 1766 3922 et
1796 3868 2174 3934 aﬂ‘ectionum,
2212 3870 2356 3925 divi-

784 3955 980 4010 tiarum
1011 3964 1067 4010 et
1091 3957 1302 4026 gloriae;
1334 3973 1397 4012 ac
1433 3968 1831 4021 creaturarum,
1865 3959 2051 4014 uxoris
2078 3969 2132 4014 et
2158 3961 2359 4016 libero-

783 4062 939 4114 rum;
976 4048 1493 4117 consanguinitatis,
1542 4050 1751 4118 patriae,
1784 4050 2051 4113 locorum.
2099 4060 2155 4106 et
2194 4053 2356 4106 indu-

782 4148 1215 4204 mentorum,et,
1257 4149 1318 4195 ut
1358 4141 1674 4195 summatim
1714 4141 1913 4205 dicam,
1956 4143 2204 4197 omnium
2236 4161 2359 4213 qua:

780 4230 921 4283 visui
962 4238 1173 4299 patent,
1222 4248 1255 4286 a
1294 4233 1497 4300 quibus
1536 4234 1765 4287 verbum
1798 4234 1895 4288 Dei
1937 4234 2185 4304 praecipit
2229 4252 2356 4291 eum

780 4321 987 4374 cxsolvi
1019 4323 1241 4391 propria
1284 4322 1567 4378 voluntate
1599 4324 1715 4393 (qui
1749 4339 1835 4387 ea,
1867 4339 1988 4393 qua:
2015 4326 2191 4379 oculis
2223 4327 2358 4381 sub-

775 4411 919 4478 jecta
972 4420 1119 4473 sunt,
1181 4422 1379 4479 sponte
1434 4412 1668 4481 quisque
1724 4412 2015 4483 sectatur),
2069 4422 2129 4468 ut
2175 4415 2245 4469 ab
2290 4416 2359 4472 iis

779 4500 1037 4554 omnibus
1070 4517 1126 4554 se
1158 4502 1458 4571 expediens
1486 4519 1549 4557 ac
1572 4503 1833 4568 liberans,
1859 4504 2102 4574 perfecte
2131 4507 2349 4561 manda.

779 4600 893 4643 tum
930 4590 1224 4644 observare
1260 4592 1451 4661 possit.
1485 4592 1638 4647 lntus
1662 4610 1792 4648 vero
1820 4595 2094 4661 intricata,
2121 4598 2355 4653 circum-
2389 4580 2433 4635 Ῐ)

778 4681 998 4744 vallata,
1050 4681 1223 4736 muris
1268 4682 1469 4747 cincta,
1517 4693 1681 4753 atque
1741 4686 1953 4741 catenis
2003 4688 2355 4742 tenebrarum

778 4774 1032 4828 devineta
1082 4784 1166 4828 est
1220 4776 1421 4838 anima,
1477 4791 1575 4844 per
1622 4777 1849 4846 spiritus
1898 4780 2139 4844 malitiae,
2184 4780 2259 4834 ita
2300 4789 2359 4833 ut

779 4880 889 4919 non
923 4866 1097 4935 possit
1132 4881 1233 4935 pro
1262 4865 1439 4921 lubitu
1485 4866 1712 4937 diligere
1754 4868 2069 4933 Dominum,
2116 4886 2219 4924 nec
2258 4887 2357 4940 pro

780 4957 958 5012 lubitu
994 4958 1239 5021 credere,
1276 4973 1378 5012 nec
1404 4974 1504 5027 pro
1536 4959 1715 5013 lubitu
1746 4960 1996 5015 adorare.
2028 4962 2162 5016 Nam
2196 4963 2355 5032 peni-

780 5057 867 5103 tus
919 5049 1278 5103 contrarietas
1329 5051 1525 5103 tamin
1556 5052 1861 5107 manifestis
1907 5070 2072 5123 quam
2124 5056 2357 5109 occultis

779 5141 943 5194 rebus
1001 5151 1124 5208 post
1192 5142 1685 5209 transgressionem
1749 5142 1911 5212 primi
1963 5144 2201 5199 hominis
2256 5160 2355 5199 nos

780 5231 995 5285 invasit.

847 5322 937 5375 lll.
988 5321 1044 5376 Si
1091 5322 1217 5391 quis
1268 5321 1454 5391 itaque
1503 5322 1694 5378 audito
1745 5323 1914 5379 verbo
1963 5324 2058 5379 Dei
2115 5340 2351 5395 pugnam

775 5415 985 5477 inierit,
1011 5424 1177 5483 atquc
1205 5414 1271 5467 ad
1310 5414 1451 5468 hanc
1480 5413 1645 5467 vitam
1685 5416 1987 5484 speetantia
2028 5426 2086 5471 et
2130 5417 2356 5487 laqueos

778 5507 966 5561 mundi
1000 5522 1029 5559 a
1066 5522 1123 5559 se
1154 5507 1466 5576 proiecerit,
1497 5523 1796 5577 omnesque
1826 5509 2009 5564 carnis
2048 5510 2357 5577 voluptates

780 5598 1169 5668 repudiaverit,
1216 5615 1282 5652 ex
1332 5599 1420 5653 his
1459 5614 1516 5653 se
1552 5599 1730 5669 ipsum
1761 5599 2093 5669 expediens;
2140 5610 2253 5653 tum
2302 5599 2357 5653 in

782 5691 997 5749 ltomini
1034 5691 1339 5747 intentione
1378 5696 1815 5762 perseveraverit
1846 5714 1857 5747 :
1906 5710 2236 5764 cognoscere
2268 5694 2359 5751 hic

858 5850 892 5877 "’
928 5848 1058 5902 Luc.
1104 5865 1175 5915 ιι,
1221 5851 1307 5919 15',
1344 5852 1509 5907 Matth
1578 5869 1671 5917 vn,
1715 5855 1743 5905 7
1853 5853 1889 5883 ¹¹¹
1930 5852 2038 5907 Tit.
2082 5869 2118 5917 1,
2158 5854 2207 5905 ‘2.

2459 3313 2565 3367 τοῦ
2596 3312 2811 3379 αίῶνος
2837 3314 3074 3375 τούτου,
3103 3313 3253 3381 πρὸς
3287 3315 3358 3368 τὰ
3384 3313 3758 3382 πνευματικὰ
3789 3312 3897 3379 τῆς
3933 3328 4040 3364 πο-

2459 3406 2669 3473 νηρίας
2699 3406 2767 3458 ὲν
2796 3404 2920 3469 τοῖς
2948 3406 3350 3472 ἐπουρανίοις.

2530 3499 2604 3550 B'.
2648 3496 2806 3550 Κατὰ
2832 3497 2926 3551 δύο
2964 3498 3073 3567 γάρ
3102 3498 3336 3567 τρόπους
3372 3496 3467 3550 καὶ
3512 3498 3742 3565 δεσμοὺς
3796 3494 3953 3565 ἐδέθη
4010 3494 4042 3545 ό

2459 3590 2745 3660 ἄνθρωπος
2776 3589 3035 3660 παραϐὰς
3065 3592 3164 3657 τὴν
3203 3589 3447 3658 ἐντολὴν,
3480 3588 3573 3641 καὶ
3602 3588 3903 3657 ὲξορισθεὶς
3932 3588 4042 3639 ἀπὸ

2461 3680 2556 3734 τοῦ
2588 3680 2942 3752 παραδείσου,
2967 3683 3023 3734 ἐν
3051 3680 3129 3750 τῷ
3161 3680 3259 3750 βίῳ
3296 3681 3493 3750 τούτῳ,
3530 3683 3588 3733 ἐν
3619 3682 3728 3742 τοῖς
3766 3679 4040 3747 βιωτικοῖς

2460 3770 2770 3838 πράγμασι,
2806 3770 2903 3822 καὶ
2928 3772 2986 3822 ἐν
3013 3773 3079 3840 τῇ
3116 3769 3209 3822 τοῦ
3241 3771 3447 3839 κόσμου
3479 3771 3691 3841 ἀγάπῃ,
3735 3770 3904 3838 ἠγουν
3929 3770 4041 3820 τῶν

2461 3861 2738 3932 σαρκικῶν
2768 3861 2993 3932 ἡδονῶν,
3046 3862 3138 3914 καὶ
3170 3861 3379 3927 παθῶν,
3414 3861 3669 3925 πλούτου,
3723 3862 3818 3913 καὶ
3855 3861 4038 3930 δόξης,

2461 3953 2557 4006 καὶ⁵
2605 3956 2942 4025 κτισμάτων,
2986 3955 3277 4023 γυναικὸς,
3310 3956 3406 4009 καὶ
3433 3957 3664 4019 τέκνων,
3695 3957 4043 4024 συγγενείας,

2462 4044 2760 4114 πατρίδων,
2795 4045 2997 4108 τόπων,
3044 4044 3383 4113 ἐνδυμάτων,
3416 4046 3509 4097 καὶ
3537 4046 3872 4110 ἁπαξαπλῶς
3906 4047 4044 4100 πάν-

2460 4152 2570 4188 των
2602 4136 2713 4187 τῶν
2764 4135 3132 4204 φαινομένων,
3163 4136 3254 4203 ἀφ’
3280 4128 3355 4189 ῶν
3383 4136 3412 4187 ό
3441 4136 3599 4203 λόγος
3652 4136 3747 4190 τοῦ
3774 4137 3914 4189 Θεοῦ
3950 4156 4042 4190 κε-

2462 4226 2610 4280 λεύει
2665 4227 2828 4280 αὑτὸν
2884 4227 3111 4296 λυθῆναι
3172 4226 3277 4295 ἰδίᾳ
3324 4228 3665 4296 προαιρέσει,
3718 4229 3907 4299 ἐπειδὴ
3961 4232 4042 4292 είς

2463 4321 2641 4374 πάντα
2669 4320 2738 4371 τὰ
2768 4321 3069 4388 φαινόμενα
3102 4322 3365 4383 ἑκουσίως
3399 4322 3629 4385 ἕκαστος
3665 4321 3895 4391 δέδεται,
3932 4323 4041 4385 ἵνα,

2464 4410 2673 4464 τούτων
2725 4411 2944 4463 πάντων
2976 4413 3169 4463 ἐαυτὸν
3203 4412 3372 4474 λύσας
3406 4411 3913 4481 καὶέλευθερώσας,
3950 4414 4045 4465 δυ-

2464 4502 2603 4574 νηθῇ
2637 4502 2859 4564 τελείως
2888 4503 2986 4571 τῆς
3034 4504 3254 4572 ἐντολῆς
3298 4504 3574 4575 ἐγκρατὴς
3604 4504 3882 4571 γενέσθαι.
3931 4506 4041 4558 Καὶ

2465 4598 2522 4648 ἐν
2542 4595 2619 4663 τῷ
2640 4594 2938 4664 κρυπτῷδέ
2963 4594 3442 4665 περιτετρίχωται,
3461 4596 3555 4647 καὶ
3574 4596 4038 4665 περιπέφρακται,

2465 4687 2560 4738 καὶ
2592 4685 3077 4757 περιτετείχισται,
3111 4688 3205 4738 καὶ
3237 4686 3445 4739 δέδεται
3488 4686 3708 4740 ἁλύσεσι
3750 4688 3974 4750 σκότους
4008 4690 4043 4758 ἡ

2463 4778 2609 4849 ψυχὴ
2643 4778 2747 4832 ὑπὸ
2780 4779 2890 4831 τῶν
2926 4778 3026 4847 τῆς
3060 4778 3324 4849 πονηρίας
3358 4780 3708 4849 πνευμάτων,
3760 4778 3834 4851 μὴ
3878 4780 4042 4833 δυνα-

2470 4870 2627 4938 μένη,
2657 4869 2731 4933 ὡς
2766 4869 2933 4935 θέλει,
2966 4870 3187 4939 ἀγαπᾷν
3212 4870 3305 4923 τὸν
3354 4870 3582 4941 Κύριον,
3635 4872 3727 4925 καὶ
3754 4873 3829 4935 ὼς
3872 4870 4039 4939 θέλει,

2468 4961 2767 5026 πιστεύειν,
2802 4962 2898 5015 καὶ
2929 4960 3005 5024 ὡς
3048 4960 3213 5024 θέλει,
3256 4962 3678 5033 προσεύξασθαι.
3713 4964 3897 5035 Πάντη
3932 4965 4042 5035 γάρ

2466 5052 2498 5121 ἡ
2534 5051 2845 5121 ἐναντιότης
2870 5051 2928 5103 ἐν
2954 5053 3065 5113 τοῖς
3100 5056 3375 5122 φανεροῖς,
3402 5054 3498 5106 καὶ⁸
3520 5056 3577 5106 ἐν
3605 5057 3716 5118 τοῖς
3753 5059 4039 5124 κρυπτοῖς,

2463 5142 2571 5194 ἀπὸ
2598 5141 2699 5212 τῆς
2723 5142 3087 5212 παραὸάσεως
3105 5142 3199 5196 τοῦ
3230 5144 3445 5213 πρώτου
3476 5144 3765 5215 ἀνθρώπου
3793 5150 3873 5211 είς
3894 5148 4041 5218 ἡμᾶς

2468 5236 2825 5305 κατήντησεν.

2530 5326 2607 5379 Γν.
2661 5326 2830 5380 Ἐπάν
2857 5343 2941 5390 τις
2968 5328 3150 5381 τοίνυν
3180 5328 3421 5392 ἀκούσας
3452 5328 3544 5383 τὸν
3568 5329 3723 5397 λόγον
3764 5329 3861 5383 τοῦ
3905 5333 4040 5386 Θεοῦ

2463 5418 2821 5488 ἀγωνίσηται,
2874 5421 2968 5473 καὶ
2998 5421 3282 5495 ἀπορρίψει
3310 5424 3378 5474 τὰ
3424 5421 3517 5474 τοῦ
3561 5422 3677 5493 βίου
3714 5424 4036 5495 πράγματα,

2464 5511 2559 5564 καὶ
2589 5511 2763 5580 δεσμά
2793 5511 3023 5581 κόσμου,
3058 5514 3152 5566 καὶ
3193 5514 3374 5578 πάσας
3406 5514 3505 5577 τὰς
3544 5516 3812 5587 σαρκικὰς
3847 5516 4040 5586 ἡδονὰς

2465 5604 2792 5673 ἀρνήσηταί,
2823 5603 2993 5668 λύσας
3045 5606 3239 5660 ἐαυτὸν
3295 5607 3403 5659 ἀπὸ
3448 5606 3673 5673 τούτων,
3704 5611 3827 5661 τότε
3870 5626 4039 5681 προσ-

2469 5696 2753 5765 καρτερῶν
2780 5694 2857 5761 τῷ
2889 5698 3079 5768 Κυρίῳ
3108 5699 3201 5752 καὶ
3234 5699 3529 5770 σχολάζων.
3555 5699 3778 5753 δύναται
3814 5700 4041 5769 γνῶναι,

2291 5852 2332 5881 ’⁵³
2370 5849 2568 5920 Epiros.
2615 5865 2687 5916 vt,
2720 5848 2805 5905 12.
2854 5865 2969 5919 seq.
