4282 6364
243 416 351 482 657

1419 413 1789 480 ΗΟΜΙΙᾸΒ.
1817 439 1889 454 --
1907 412 2097 478 HOM.
2142 414 2308 481 III.

3398 417 3515 483 658

243 533 331 583 ὅτι
370 532 525 581 {mw
560 526 618 579 ἑν
646 527 714 597 τῇ
747 524 952 596 καρδίᾳ
978 524 1113 595 ἀλλη
1148 524 1316 598 πάλη,
1351 525 1486 598 άλλη
1517 529 1835 591 ιναντίωσις
1864 532 1904 586 Α

1864 532 1905 586 Α
1934 528 2156 598 poterit,
2187 540 2310 585 esse
2338 527 2395 583 in
2429 525 2590 585 surde
2621 527 2781 584 aliam
2811 528 3040 591 iuctam,
3082 526 3241 581 aliam
3288 535 3513 583 contra-

250 618 499 692 κρυπτὴ,
534 617 631 672 καὶ
686 616 846 681 ἀλλος
912 615 1151 685 πόλεμος
1196 616 1472 686 λογισμῶν
1514 619 1835 688 πνευμάτων

253 710 543 782 πονηρίας,
598 709 695 763 καὶ
732 708 891 774 ἀλλος
929 707 1082 778 ἀγὼν
1134 710 1443 779 πρόκειται.
1507 711 1617 763 Καὶ
1666 709 1838 772 οὓτως

252 804 482 858 δύναται
518 801 855 872 παραμένων
894 802 990 854 καὶ
1039 800 1469 870 ἐπικαλούμενος
1509 801 1600 852 τὸν
1634 798 1838 870 Κύριον

252 899 313 947 εν
367 894 549 947 πίστει
584 893 893 963 ἀδιστάκτῳ
948 893 1046 947 καὶ
1084 893 1329 963 ὑπομονῇ
1361 891 1555 963 πολλῇ,
1595 892 1691 947 καὶ
1738 891 1838 961 τὴν

257 987 393 1055 παρ’
421 984 585 1039 αὐτοῦ
610 984 862 1055 βοήθειαν
884 984 1267 1055 δκδεχόμενος,
1288 986 1473 1055 τυχεῖν
1500 983 1711 1038 ἐκεῖθεν
1736 985 1837 1055 τῆς

254 1079 473 1132 ἔνδοθεν
523 1078 848 1146 λυτρώσεως
902 1078 1011 1132 τῶν
1042 1079 1280 1148 δεσμῶν,
1314 1078 1409 1132 καὶ
1454 1077 1681 1149 τριχῶν,
1740 1078 1838 1131 καὶ

254 1170 553 1240 φραγμῶν,
588 1172 681 1224 καὶ
716 1171 941 1234 σκότους
988 1172 1315 1241 πνευμάτων
1367 1170 1651 1241 πονηρίας,
1693 1170 1835 1241 άπερ

255 1263 398 1314 εἰσὶν
430 1262 489 1314 αί
518 1262 624 1313 τῶν
656 1262 918 1331 κρυπτῶν
945 1261 1137 1314 παθῶν
1170 1262 1462 1331 ἐνέργειαι.

330 1355 399 1405 A'.
439 1346 608 1416 οὗτος
637 1352 695 1405 δὲ
728 1354 757 1406 δ
781 1353 1017 1424 πόλεμος
1042 1352 1146 1406 διά·
1164 1352 1385 1424 χάριτος
1433 1353 1529 1407 καὶ
1556 1354 1838 1425 δυνάμεως

259 1444 396 1498 Θεοῦ
440 1444 835 1513 καταργείσθαι
856 1444 1109 1498 δύναταιο
1144 1444 1213 1497 δι’
1262 1442 1456 1497 ἑαυτοῦ
1486 1444 1595 1514 γάρ
1629 1461 1712 1507 τις
1740 1444 1839 1515 ρύ-

263 1536 462 1589 σασθαι
501 1537 693 1589 ἑαυτὸν
747 1537 846 1605 τῆς
894 1537 1290 1607 ὶναντιότητος.
1325 1538 1420 1589 καὶ
1468 1536 1677 1607 πλάνης
1729 1536 1837 1589 τῶν

258 1627 559 1696 λογισμῶν,
607 1629 701 1680 καὶ
753 1628 943 1681 παθῶν
987 1628 1239 1698 ἀοράτων
1286 1629 1382 1681 καὶ
1430 1628 1692 1698 μηχανῶν
1740 1626 1837 1680 τοῦ

260 1716 521 1785 πονηροῦ,
552 1716 822 1771 ἀδυνατεῖ.
876 1716 939 1769 Et
990 1717 1047 1769 δὲ
1086 1719 1142 1769 ἐν
1196 1718 1309 1780 τοῖς
1359 1718 1706 1787 φαινομένοις
1754 1734 1840 1781 τις

259 1807 504 1875 ὲνέχεται
526 1805 621 1857 τοῦ
660 1807 865 1876 κόσμου
907 1806 1104 1859 τούτου
1152 1807 1467 1877 πράγμασι,
1493 1806 1586 1859 καὶ
1615 1807 1833 1875 δεσμοῖς

261 1895 529 1956 ποικίλοις
558 1896 770 1963 γηῖνοις
795 1893 1195 1965 ὲμπέπλεκται,
1241 1894 1474 1958 καὶτοῖς
1505 1894 1704 1949 πάθεσι
1730 1894 1831 1964 τῆς
1864 1878 1904 1933 Β

260 1988 457 2048 κακίας
506 1988 918 2055 συναπάγεται,
974 1986 1094 2041 οὐδε
1147 1986 1498 2054 ιπιγινώσκει
1542 1987 1627 2040 ὅτι
1677 1986 1835 2039 εστιν

258 2078 392 2145 άλλη
425 2078 572 2147 πάλη
617 2079 712 2130 καὶ
748 2077 926 2147 πυκτὴ
972 2080 1069 2132 καὶ
1112 2078 1348 2147 πόλεμος
1392 2078 1539 2131 ἔνδον
1560 2096 1575 2111 ·
1625 2078 1836 2146 γένοιτο

258 2172 389 2239 γάρ,
444 2171 530 2224 ἵνα
575 2172 703 2223 ὅταν
747 2187 831 2233 τις
872 2170 979 2241 ἀρῃ
1014 2170 1207 2223 ἑαυτὸν
1259 2169 1689 2238 ἀγωνισάμενος,
1740 2171 1835 2223 καὶ

256 2264 393 2333 λυσῃ
429 2263 621 2315 ἑαυτὸν
655 2261 763 2315 ἀπὸ
798 2261 1005 2314 τούτων
1059 2260 1168 2313 τῶν
1220 2262 1566 2331 φαινομένων
1620 2260 1835 2330 δεσμῶν

257 2352 543 2422 κοσμικῶν
566 2352 659 2404 καὶ
682 2350 883 2404 ὑλικῶν
913 2351 1277 2420 πραγμάτων,
1298 2352 1393 2403 καὶ
1415 2350 1617 2420 ἡδονῶν
1641 2367 1837 2421 σαρκι-

260 2446 396 2508 κῶν,
431 2446 523 2498 καὶ
566 2444 799 2515 ἄρξηται
829 2443 905 2513 τῷ
935 2444 1125 2514 Κυρίῳ
1170 2448 1620 2515 προσκαρτερεῖν,
1662 2445 1835 2498 κενῶν

256 2536 449 2588 ἑαυτὸν
502 2535 611 2588 ἀπὸ
662 2534 757 2587 τοῦ
811 2538 1017 2602 κόσμου
1070 2533 1284 2597 τούτου,
1319 2532 1422 2586 κάν
1458 2534 1578 2587 τότε
1631 2533 1833 2607 δυνηθῇ

258 2625 560 2694 ἐπιγνῶναι
593 2625 693 2696 τὴν
720 2625 868 2677 ἔνδον
887 2624 1065 2693 πάλην
1094 2624 1204 2676 τῶν
1227 2624 1417 2678 παθῶν
1448 2623 1832 2696 αὐλιζομένην,

259 2716 356 2767 καὶ
378 2715 472 2767 τὸν
491 2714 640 2767 ενδον
659 2714 918 2784 πόλεμον,
945 2713 1043 2766 καὶ
1071 2712 1195 2775 τοὺς
1217 2716 1487 2784 πονηροὺς
1502 2714 1797 2785 λογισμούς
1816 2731 1830 2746 '

256 2807 353 2858 ὲάν
387 2806 496 2875 γὰρ
536 2806 633 2875 μὴ,
686 2806 761 2869 ὡς
787 2805 1131 2875 προέφημεν,
1178 2806 1590 2875 ἀγωνισάμενος
1657 2808 1833 2879 ἀρνή-

258 2915 423 2966 σηται
450 2898 542 2950 τὸν
576 2897 801 2967 κόσμον,
837 2899 931 2951 κα)⁸
960 2897 1099 2969 λύσῃ
1131 2898 1327 2951 ἑαυτὸν
1357 2899 1465 2951 ἀπὸ
1487 2899 1596 2951 τῶν
1630 2901 1837 2970 γηΐνων

256 2988 568 3057 ἐπιθυμιῶν
602 2988 660 3053 ἐξ
698 2988 825 3057 ὅλης
864 2988 1112 3059 καρδίας,
1145 2988 1241 3042 καὶ
1290 2987 1409 3051 ὅλος
1441 2989 1502 3053 ἐξ
1531 2988 1653 3042 ὅλου
1708 2990 1833 3061 θέλῃ

256 3081 694 3152 προσκολλᾶσθαι
739 3080 817 3151 τῷ
882 3081 1099 3151 Κυρίῳ,
1154 3082 1253 3135 οὐκ
1309 3080 1661 3150 ἐπιγινώσκει
1726 3083 1837 3137 τῶν

260 3174 523 3243 κρυπτῶν
553 3177 879 3245 πνευμάτων
906 3175 1006 3245 τῆς
1041 3174 1308 3245 πονηρίας
1334 3174 1433 3245 τὴν
1479 3175 1710 3243 πλάνην.
1739 3177 1833 3229 καὶ

254 3271 325 3322 τὰ
356 3269 575 3340 κρυπτά
617 3271 715 3339 τῆς
766 3268 963 3331 κακίας
995 3267 1164 3338 πάθη,
1214 3267 1329 3321 ἀλλ’
1374 3266 1519 3321 ἐστιν
1557 3267 1834 3338 ἀλλότριος

256 3363 476 3424 ἑαυτοῦ,
528 3361 599 3425 ὡς
650 3362 750 3414 οὐκ
802 3356 908 3413 οἶδε
959 3360 1291 3430 τραύματα,
1347 3362 1442 3415 καὶ
1487 3360 1633 3428 πάθη
1696 3362 1836 3430 ἔχων

258 3452 483 3523 κρυπτά
535 3454 628 3506 καὶ
661 3451 906 3517 ἀγνοῶν·
938 3450 1018 3504 ἔτι
1058 3452 1115 3505 δὲ
1160 3454 1241 3515 είς
1271 3451 1340 3505 τὰ
1392 3452 1693 3522 φαινόμενα
1747 3452 1832 3503 δέ·

256 3548 430 3609 ὅεται,
472 3547 569 3597 καὶ
622 3546 699 3607 είς
729 3544 795 3595 τὰ
843 3541 938 3594 τοῦ
993 3543 1201 3614 κόσμου
1247 3544 1548 3613 πράγματα
1591 3542 1834 3612 ἐνέχεται

255 3639 420 3692 ἑκών.

334 3732 410 3783 Ε’.
453 3729 512 3782 Ὀ
555 3728 664 3801 γὰρ
696 3730 1080 3799 ἀρνησάμενος
1110 3727 1251 3780 κατὰ
1297 3726 1559 3795 ἀλήθειαν
1600 3726 1691 3778 τὸν
1740 3728 1835 3778 κό-

264 3839 423 3891 σμον,
456 3822 549 3873 καὶ
580 3821 1011 3889 ἀγωνισάμενος,
1040 3818 1135 3872 καὶ
1159 3817 1472 3889 ἀπορρίψας
1512 3819 1604 3885 ἀφ’
1636 3817 1834 3870 ἑαυτοῦ

261 3915 326 3966 τὸ
379 3914 597 3983 φορτίον
622 3912 720 3981 τῆς
750 3912 875 3980 γῆς,
911 3911 1005 3963 καὶ
1054 3909 1164 3961 τῶν
1213 3909 1456 3978 ματαίων
1509 3907 1831 3977 ἐπιθυμιῶν,

260 4008 356 4059 καὶ⁸
399 4006 604 4077 ἡδονῶν
657 4003 959 4074 σαρκικῶν,
991 4003 1085 4056 καὶ
1118 4002 1301 4073 δόξης,
1357 4002 1453 4056 καὶ
1506 4002 1701 4073 ἀρχῆς,
1743 4003 1835 4055 καὶ

257 4102 437 4170 τιμῶν
467 4099 824 4171 ἀνθρωπίνων
849 4098 987 4167 ἄρας
1010 4097 1223 4162 ἑαυτὸν,
1249 4097 1347 4150 καὶ
1373 4095 1433 4160 ἐξ
1450 4096 1577 4163 ὅλης
1608 4095 1835 4165 καρδίας

258 4191 450 4245 τοῦτον
488 4188 817 4256 ἀπαγαγὼν,
851 4188 1013 4242 ὁπότε
1040 4188 1136 4241 καὶ
1169 4189 1247 4251 είς
1262 4186 1451 4240 τοῦτον
1484 4186 1575 4239 τὸν
1601 4186 1834 4255 φανερὸν

258 4282 448 4349 ἀγῶνα
489 4281 517 4332 ό
562 4280 763 4350 Κύριος
803 4278 1063 4344 κρυπτῶς
1111 4276 1313 4347 βοηθεῖ,
1351 4276 1489 4329 κατὰ
1525 4276 1585 4327 τὸ
1639 4276 1836 4345 μέτρον

257 4372 356 4441 τῆς
386 4372 667 4441 ἀρνήσεως
697 4370 795 4422 τοῦ
830 4370 1134 4439 θελήματος
1163 4368 1259 4422 τοῦ
1290 4369 1518 4437 κόσμου,
1567 4369 1660 4422 καὶ
1702 4386 1834 4421 στα-

258 4457 372 4521 θεὶς
402 4458 483 4519 είς
529 4458 626 4526 τὴν
657 4457 753 4510 τοῦ
784 4458 989 4528 Κυρίου
1022 4456 1302 4529 λατρείαν,
1351 4459 1447 4511 καὶ
1485 4474 1830 4527 προσκαρτε-

1940 618 2189 674 rietatem
2259 617 2563 683 occultam,
2636 620 2785 677 aliud
2848 620 3052 676 bellum
3120 620 3512 690 cogitationum

1938 709 2234 779 spirituum
2274 710 2551 780 nequitiae,
2601 718 2764 781 atque
2800 711 2951 767 aliud
2990 720 3268 765 certamen
3302 710 3513 779 impen-

1937 798 2087 855 dere.
2119 798 2225 865 Qui
2271 798 2351 854 sic
2382 807 2702 869 perseverat
2728 800 2783 853 in
2812 799 3157 854 invocatione
3188 798 3424 860 Domini,
3458 799 3516 853 in

1938 888 2045 944 ﬁde
2091 888 2399 945 indubitata
2456 905 2520 945 ac
2557 890 2844 944 tolerantia
2877 890 3067 953 multa,
3104 891 3333 960 ejusque
3356 889 3515 944 auxi-

1936 982 2074 1037 lium
2110 989 2409 1051 exspectat,
2464 982 2667 1052 poterit
2710 982 2838 1036 inde
2884 983 3150 1053 consequi
3194 983 3516 1038 interiorem

1938 1074 2320 1129 liberationem
2365 1088 2397 1128 a
2442 1074 2672 1144 laqueis,
2722 1074 2895 1139 tricis,
2960 1074 3119 1129 vallis
3167 1082 3225 1129 et
3270 1074 3515 1129 tenebris

1937 1167 2228 1237 spirituum
2254 1167 2535 1235 nequitiae,
2575 1182 2698 1239 qua:
2736 1174 2866 1221 sunt
2890 1168 3233 1222 occultarum
3264 1166 3513 1221 aﬂectio-

1937 1273 2070 1313 num
2099 1258 2468 1327 operationes.

2009 1352 2094 1407 ιν.
2137 1352 2252 1406 Hoc
2283 1361 2467 1406 autem
2503 1352 2707 1407 bellum
2738 1368 2837 1421 per
2873 1351 3106 1423 gratiam
3152 1361 3210 1407 et
3253 1352 3514 1406 virtutem

1936 1448 2034 1502 Dei
2060 1446 2253 1501 conﬁci
2279 1454 2477 1515 potest.
2502 1444 2612 1500 Sua
2639 1445 2787 1500 enim
2812 1446 3018 1501 virtute
3044 1460 3076 1499 a
3098 1444 3509 1509 contrarietate,

1935 1543 2045 1612 87
2077 1552 2133 1597 et
2164 1557 2354 1597 errore
2386 1541 2804 1612 cogitationum,
2846 1549 2901 1595 et
2938 1540 3289 1595 aﬂ‘ectionum
3322 1540 3509 1594 invisi-

1937 1633 2153 1697 bilium,
2204 1642 2261 1687 et
2311 1632 2810 1687 machinationibus
2862 1632 3008 1686 illius
3054 1631 3398 1700 nequissimi,
3456 1646 3515 1685 se

1934 1725 2136 1794 aliquis
2173 1724 2411 1778 liberare
2444 1723 2652 1793 nequit.
2700 1722 2854 1789 Quod
2889 1724 2932 1777 si
2969 1722 3116 1792 quis,
3161 1721 3517 1777 saecularibus

1937 1816 2102 1887 hujus
2153 1816 2344 1870 mundi
2396 1815 2563 1870 rebus
2621 1814 2899 1875 detentus.
2954 1814 3229 1882 variisque
3282 1814 3517 1868 vinculis

1936 1909 2169 1963 terrenis
2191 1908 2521 1977 implicatus,
2547 1905 2931 1961 affectionibus
2952 1906 3173 1959 malitia:
3190 1904 3508 1967 seducatur,

1936 2014 2165 2070 prorsus
2197 2014 2307 2053 nou
2338 2013 2670 2069 cognoscere
2696 2006 2898 2068 potest,
2935 1998 3098 2051 aliam
3132 2013 3253 2051 esse
3283 1998 3512 2062 luctam,

1935 2106 2173 2162 pugnam
2219 2098 2275 2145 et
2324 2090 2530 2144 bellum
2568 2090 2865 2151 internum.
2922 2088 3066 2144 Fieri
3116 2089 3262 2143 enim
3314 2098 3513 2158 potest,

1936 2192 2031 2247 ut,
2082 2184 2127 2239 si
2168 2184 2293 2254 quis
2343 2182 2657 2237 dimicando
2706 2198 2764 2237 se
2806 2182 3008 2236 eximat
3056 2190 3221 2252 atque
3269 2182 3515 2235 exsolvat

1934 2278 2005 2333 ab
2050 2278 2137 2333 his
2180 2277 2421 2333 externis
2443 2276 2681 2330 vinculis
2708 2275 3020 2335 mundanis,
3046 2289 3107 2328 ac
3138 2274 3516 2328 materialibus

1935 2370 2124 2435 rebus,
2156 2378 2212 2425 et
2253 2367 2626 2437 voluptatibus
2671 2368 2874 2425 carnis.
2914 2366 3250 2436 incipiatque
3286 2365 3517 2419 Domino

1936 2462 2256 2526 adhaerere,
2309 2459 2550 2528 spolians
2599 2473 2657 2512 se
2705 2458 2809 2512 hoc
2860 2458 3089 2519 saeculo,
3140 2458 3329 2529 utique
3385 2466 3517 2511 tunc

1935 2554 2110 2625 possit
2149 2552 2471 2624 dignoscere
2504 2565 2741 2621 pugnam
2772 2549 3127 2604 aifectionum
3158 2548 3307 2601 intus
3338 2557 3517 2602 castra

1936 2653 2255 2707 metantem,
2287 2643 2607 2697 intestinum
2634 2640 2862 2705 bellum,
2887 2648 3051 2709 atque
3084 2655 3280 2710 pravas
3313 2641 3517 2711 cogita-

1937 2739 2136 2792 tiones.
2203 2735 2322 2789 Nisi
2382 2736 2566 2799 enim,
2630 2742 2691 2787 ut
2749 2732 3137 2804 praediximus,
3202 2732 3519 2787 dimicando

1937 2828 2287 2899 abnegaverit
2349 2827 2614 2881 mundum
2664 2833 2719 2880 et
2776 2824 3082 2893 expedierit
3139 2838 3198 2878 se
3251 2824 3431 2893 ipsum
3486 2840 3517 2879 e

1938 2922 2172 2977 terrenis
2205 2920 2599 2990 cupiditatibus
2630 2936 2695 2973 ex
2722 2928 2851 2974 toto
2884 2918 3071 2983 corde,
3102 2928 3360 2988 totusque
3401 2933 3519 2973 om-

1938 3012 2071 3065 nino
2104 3010 2336 3064 Domino
2383 3007 2709 3078 agglutinari
2754 3007 3017 3072 voluerit,
3065 3022 3175 3061 non
3226 3015 3519 3078 cognoscet

1937 3103 2278 3158 occultorum
2321 3100 2614 3170 spirituum
2646 3100 2863 3152 malitiae
2887 3097 3291 3167 deceptionem,
3354 3106 3526 3167 atque

1858 3208 1901 3267 (ς
1934 3193 2178 3250 occultas
2222 3192 2443 3247 malitiae
2489 3191 2838 3250 affectiones:
2877 3189 2973 3245 sed
3017 3201 3103 3245 est
3149 3190 3362 3247 alienus
3414 3192 3521 3246 sibi

1938 3286 2060 3356 ipsi,
2088 3296 2148 3339 ut
2169 3284 2261 3353 qui
2286 3299 2391 3338 non
2418 3290 2711 3352 cognoscat
2735 3281 2985 3345 vulnera,
3011 3288 3175 3351 atque
3201 3281 3527 3337 affectiones

1938 3379 2137 3433 habent
2168 3378 2433 3439 occultas,
2464 3375 2550 3429 vel
2594 3374 2890 3443 ignorans:
2935 3374 3117 3430 adhuc
3156 3373 3304 3427 enim
3353 3374 3525 3429 rebus

1937 3468 2181 3526 externis
2226 3466 2447 3521 deditus
2495 3473 2601 3521 est.
2651 3476 2814 3534 atque
2858 3465 3027 3535 hujus
3065 3463 3257 3518 mundi
3283 3479 3521 3535 occupa~

1936 3562 2180 3616 tionibus
2210 3560 2403 3613 volens
2438 3566 2675 3613 tenetur.

2009 3736 2072 3791 ν.
2108 3734 2211 3801 Qui
2239 3734 2388 3790 enim
2439 3733 2648 3789 mundo
2687 3750 2878 3789 revera
2914 3733 3186 3803 abnegato
3215 3732 3525 3787 dimicave.

1937 3824 2030 3888 rit,
2055 3839 2121 3877 ac
2149 3823 2367 3892 pondus
2404 3830 2687 3878 terrenum
2716 3839 2745 3877 a
2785 3839 2845 3877 se
2885 3823 3186 3893 projecerit
3215 3836 3281 3877 ac
3308 3839 3339 3877 a
3366 3822 3524 3876 vanis

1935 3914 2336 3985 cupiditatibus
2372 3929 2437 3969 ac
2464 3915 2841 3983 voluptatibus
2868 3915 3073 3980 carnis,
3098 3913 3309 3984 gloriae,
3358 3915 3514 3983 prin-

1935 4007 2172 4077 cipatus,
2215 4017 2271 4063 et
2317 4009 2591 4063 bonorum
2632 4008 3000 4063 humanorum
3032 4023 3091 4063 se
3121 4008 3305 4077 ipsum
3349 4022 3520 4077 expe--

1936 4097 2125 4161 dierit,
2168 4103 2335 4165 atque
2373 4111 2440 4151 ex
2492 4105 2611 4151 toto
2660 4096 2825 4151 corde
2852 4112 2910 4151 se
2960 4097 3142 4167 ipsum
3174 4096 3517 4161 avocaverit,

1935 4196 2293 4257 posteaquam
2332 4186 2387 4239 in
2417 4186 2525 4239 hoc
2556 4193 2750 4255 aperto
2787 4185 3092 4239 certamine
3128 4184 3398 4238 Dominus
3428 4198 3516 4237 sea

1936 4287 2089 4332 creto
2138 4276 2419 4345 suppetias
2464 4274 2593 4337 fert,
2640 4290 2741 4344 pro
2783 4276 2947 4329 modo
2996 4274 3300 4328 voluntatis
3350 4273 3522 4327 abne~

1936 4369 2117 4439 gantis
2148 4366 2415 4421 mundum
2444 4383 2459 4416 :
2488 4376 2655 4435 atque
2684 4367 2774 4419 ille
2804 4365 3109 4435 perstiterit
3135 4365 3189 4418 in
3228 4366 3378 4419 cultu
3411 4365 3517 4419 Do-

1938 4460 2095 4524 mini,
2130 4473 2192 4512 ac
2228 4458 2634 4522 totusomnino,
2665 4474 2918 4527 corpore,
2945 4458 3191 4527 inquam,
3218 4466 3274 4511 et
3304 4458 3524 4524 anima,

260 4547 437 4618 ρήσας
466 4546 582 4609 ὅλος
611 4545 671 4610 ἐξ
702 4546 844 4609 ὅλου,
871 4544 1087 4613 σώματι
1118 4544 1215 4599 καὶ
1250 4543 1396 4615 ψυχῇ
1426 4543 1590 4611 λέγω,
1627 4545 1833 4607 ἐκεῖνος
1867 4542 1904 4597 D

1867 4542 1909 4597 D
1940 4551 2367 4622 perduraverit:
2426 4550 2518 4605 ille
2553 4565 2688 4605 vero
2737 4550 2947 4620 reperit
2972 4551 3413 4621 repugnantiam,
3440 4548 3525 4603 af-

257 4641 504 4709 εὑρίσκει
538 4639 909 4708 ἐναντιότητα,
942 4638 1035 4690 καὶ
1061 4636 1207 4707 πάθη
1232 4636 1453 4708 κρυπτά
1478 4636 1571 4689 καὶ
1600 4636 1831 4705 δεσμοὺς

257 4731 545 4801 ἀοράτους,
587 4731 680 4783 καὶ
732 4730 967 4799 πόλεμον
1025 4729 1242 4797 ἀφανῆ,
1308 4728 1403 4780 καὶ⁴
1461 4726 1670 4795 ἀγῶνα,
1739 4726 1833 4778 καὶ

256 4820 486 4890 ἄθλησιν
521 4822 809 4889 κρυπτήν·
857 4820 951 4873 καὶ
998 4818 1167 4881 οὕτως
1214 4817 1424 4888 δεηθεὶς
1465 4818 1559 4871 τοῦ
1598 4817 1829 4888 Κυρίου,

258 4913 354 4967 καὶ
388 4912 567 4965 λαϐὼν
600 4910 738 4965 ὅπλα
779 4911 837 4975 ἐξ
875 4909 1107 4980 οὐρανοῦ
1149 4909 1243 4962 τοῦ
1284 4909 1620 4979 Πνεύματος,
1645 4909 1833 4981 ῶσπερ

258 5003 544 5066 κατέλεξεν
580 5003 607 5055 ὁ
641 5003 911 5073 μακάριος
953 5001 1292 5065 Ἀπόστολος,
1328 5004 1439 5056 Τὸν
1465 5001 1698 5069 θώρακα
1725 5002 1834 5069 τῆς

257 5095 679 5160 δικαιοσύνης,
722 5094 821 5147 καὶ
854 5095 969 5159 τὴν
1004 5093 1478 5162 περικεφαλαίαν
1511 5092 1616 5146 τοῦ
1646 5108 1837 5155 σωτηο

249 5186 411 5251 ρίου,
464 5186 562 5237 καὶ
620 5184 727 5237 τὸν
759 5185 976 5251 θυρεὸν
1006 5183 1115 5250 τῆς
1151 5184 1427 5248 πίστεως,
1461 5183 1561 5236 καὶ
1582 5181 1696 5250 τὴν
1719 5185 1835 5252 μά-

258 5294 475 5347 χαιραν
494 5276 601 5329 τοῦ
624 5278 988 5346 Πνεύματος,
1010 5279 1101 5329 καὶ
1122 5277 1209 5331 διὰ
1231 5277 1434 5329 τούτων
1452 5276 1832 5344 ὁπλισάμενος,

257 5370 549 5437 δυνήσεται
585 5368 774 5437 στῆναι
807 5369 943 5439 πρὸς
978 5368 1075 5431 τὰς
1121 5368 1371 5437 κρυπτὰς
1420 5367 1699 5437 μεθοδείας
1737 5366 1831 5419 τοῦ

258 5461 508 5514 διαϐόλου
538 5463 596 5514 ὲν
626 5461 745 5524 ταῖς
776 5459 1103 5524 ὲνεστὼσαις
1137 5463 1448 5531 πονηρίαις.
1487 5461 1665 5531 "Amp
1693 5462 1834 5514 ὅπλα

258 5552 346 5605 διὰ
388 5551 571 5620 πάσης
620 5552 950 5622 προσευχῆς,
998 5552 1092 5605 καὶ⁹
1150 5552 1699 5623 προσκαρτερήσεως,
1742 5552 1836 5605 καὶ

257 5644 519 5712 ίεήσεως,
549 5642 644 5695 καὶ
685 5642 958 5711 νηστείας,
992 5643 1051 5696 τὸ
1095 5642 1150 5697 δὲ
1181 5644 1288 5698 πᾶν
1335 5643 1423 5697 διὰ
1454 5644 1551 5714 τῆς
1600 5643 1835 5707 πίστεως

326 5821 374 5855 ³⁸
425 5820 623 5891 Epltcs.
655 5836 725 5883 v1,
762 5820 839 5874 li.

1940 4643 2206 4699 lectiones
2245 4642 2515 4702 occultas,
2553 4643 2781 4711 laqueos
2822 4641 3382 4704 invisibiles,bellum
3425 4656 3525 4695 oc-

1942 4736 2174 4799 cultum,
2208 4743 2490 4789 certamen
2530 4743 2695 4802 atque
2730 4748 2971 4803 pugnam
2999 4735 3296 4788 internam.
3339 4732 3523 4802 Atque

1938 4827 2017 4881 sic
2042 4827 2215 4880 Deum
2248 4825 2543 4879 obsecrans
2577 4824 2779 4894 accipit
2817 4824 3040 4879 caelitus
3073 4840 3225 4878 arma
3257 4823 3517 4893 Spiritus,

1939 4934 2060 4987 qua:
2084 4917 2363 4971 recensuit
2389 4916 2582 4970 beatus
2606 4916 2902 4985 Apostolus
2925 4934 2939 4969 :
2973 4914 3255 4968 Thoracem
3282 4915 3517 4979 iustitia,

1939 5009 2150 5079 galeam
2166 5009 2439 5070 salutaris,
2458 5016 2662 5060 scutum
2678 5006 2802 5075 ﬁdei
2851 5016 2899 5061 et
2925 5006 3165 5077 gladium
3188 5006 3425 5076 Spiritus
3449 5006 3515 5057 ’°.

1937 5096 2151 5161 Quibus
2205 5095 2373 5149 armis
2430 5096 2749 5151 succinctus
2801 5106 2948 5151 stare
3014 5104 3197 5166 potest
3250 5095 3519 5150 adversus

1937 5190 2185 5243 occultas
2237 5190 2465 5244 technas
2521 5188 2727 5243 diaboli
2790 5188 3021 5243 malitiis
3078 5187 3516 5242 imminentibus.

1939 5280 2151 5345 Quibus
2199 5280 2370 5335 armis
2405 5281 2553 5334 omni
2609 5280 2880 5342 oratione.
2924 5280 3392 5349 perseveratione,
3424 5277 3522 5333 ob-

1940 5373 2249 5428 secratione
2301 5388 2368 5425 ac
2420 5372 2651 5441 jejunio.
2702 5372 2813 5425 imo
2843 5387 2974 5425 vero
3006 5387 3105 5441 per
3131 5369 3294 5425 ﬁdem
3327 5371 3521 5440 acqui-

1942 5462 2083 5524 sitis,
2130 5463 2336 5517 bellum
2374 5462 2639 5517 adversus
2682 5464 3057 5532 principatus,
3090 5472 3147 5516 et
3186 5470 3516 5531 potestates,

1940 5566 2005 5606 ac
2046 5561 2285 5605 rectores
2332 5550 2520 5605 mundi
2557 5566 2750 5620 gerere
2778 5550 3017 5619 poterit:
3056 5550 3247 5621 sicque
3280 5548 3517 5604 devictis

1942 5640 2271 5696 adversariis
2308 5641 2697 5711 potestatibus,
2749 5640 3020 5698 beneﬂcio
3065 5652 3123 5698 et
3152 5640 3361 5697 auxilio
3392 5637 3518 5708 Spi-
