4282 6364
758 354 871 419 659

2004 334 2067 396 S.
2103 331 2421 393 MACARII
2459 330 2778 392 [EGYPTII

3911 330 4025 395 660

770 444 1264 517 titus,proprioque
1279 446 1545 501 virtutum
1558 443 1803 499 omnium
1825 442 2256 507 studio,:eternae
2270 440 2322 493 vi
2354 447 2403 506 Α
2429 458 2461 491 π

2354 447 2403 506 Α
2429 439 2813 509 πορισάμενος,
2844 437 2935 491 τὸν
2978 439 3115 509 πρὸς
3139 438 3236 502 τάς
3261 439 3456 511 ἀρχὰς,
3494 439 3587 493 καὶ
3622 436 3894 501 ἐξουσίας,
3919 440 4025 488 καὶ

766 533 1039 604 tzdignus
1052 533 1776 604 flet,gloriﬁcansPatrem,et
1789 530 2063 593 Filium,et
2076 527 2336 596 Spiritum

764 631 1035 689 sanctum;
1066 624 1153 678 cui
1174 622 1432 693 sitgloria
1446 630 1501 677 et
1532 622 1775 693 potentia
1812 620 1866 673 in
1902 617 2118 673 saecula.
2143 617 2335 670 Amen.

2444 528 2892 599 κοσμοκράτορας
2925 529 3159 600 πόλεμον
3197 530 3672 598 καταγωνίσασθαι
3694 528 4028 596 δυνήσεται,

2446 622 2538 673 καὶ
2575 620 2749 684 οὕτως
2782 622 3011 692 νικήσας
3054 621 3152 685 τὰς
3197 622 3445 684 ἐναντίας
3494 621 3747 689 δυνάμεις
3779 617 3870 670 διά
3916 618 4032 685 τῆς

773 733 837 768 συ
850 715 1100 785 νεργείας
1118 714 1213 770 τοῦ
1254 716 1591 786 Πνεῦματος,
1624 716 1719 768 καὶ
1746 713 1848 781 τῆς
1882 712 2013 773 ίδίας
2044 713 2101 764 ὲν
2131 711 2333 774 πάσαις
2376 713 2597 781 ἀρεταῖς
2627 716 2882 785 σπουδῆς,
2940 716 3037 785 τῆς
3102 716 3319 770 αἰωνίου
3348 718 3494 786 ζωῆς
3526 715 3675 779 ἄξιος
3696 716 4030 783 γενήσεται,

766 808 1001 875 δοξάζων
1030 809 1270 881 Πατέρα,
1311 810 1404 863 καὶ
1436 810 1584 873 Υἰὸν,
1618 808 1711 861 καί
1755 807 1908 874 ἅγιον
1951 806 2177 875 Πνεῦμα
2198 821 2212 835 ’
2241 799 2285 873 ᾧ
2305 807 2338 875 ὴ
2380 804 2507 870 δόξα
2544 808 2639 861 καὶ
2669 808 2730 860 τὸ
2752 809 2951 878 κράτος
2976 810 3057 871 εἰς
3082 808 3207 871 τοὺς
3238 809 3460 871 αἰῶνας.
3507 808 3697 878 Ἀμήν.

1312 921 1593 979 HOMILIA
1630 920 1794 976 XXII.

963 1014 1042 1071 De
1063 1013 1261 1086 duplici
1285 1023 1433 1069 stata
1461 1031 1664 1086 eorum,
1691 1015 1780 1083 qui
1808 1029 1871 1067 ea:
1902 1013 2003 1066 hac
2032 1013 2142 1067 vita

1407 1085 1679 1139 decedunt.

842 1197 1071 1264 Quando
1126 1198 1407 1269 egreditur
1456 1214 1487 1253 e
1540 1211 1771 1267 corpore
1822 1195 2002 1250 anima
2058 1194 2333 1255 hominis,

778 1289 1099 1358 mysterium
1130 1290 1404 1358 quoddam
1450 1302 1705 1357 magnum
1764 1287 1876 1340 illic
1920 1283 2229 1354 perficitur.
2277 1282 2335 1337 Si

780 1380 927 1435 enim
965 1380 1131 1434 fuerit
1153 1396 1247 1435 rea
1270 1380 1502 1450 peccati,
1534 1377 1801 1433 accedunt
1828 1375 1983 1431 chori
2007 1375 2337 1434 daemonum,

777 1477 835 1523 et
863 1470 1039 1539 angeli
1078 1468 1311 1529 sinistri.
1351 1484 1415 1522 ac
1454 1475 1752 1537 potestates
1788 1465 2158 1527 tenebrarum,
2191 1461 2341 1515 abri—

3015 924 3257 977 OMIAIA
3285 924 3413 978 ΚΒ.

2440 1014 2583 1083 Περί
2632 1014 2856 1084 ὀισσῆς
2906 1014 3181 1079 στάσεως
3234 1015 3354 1069 τῶν
3385 1016 3453 1069 ἐκ
3484 1013 3592 1068 τοῦ
3619 1014 3763 1078 ,βίου
3798 1017 4021 1069 redeat

3024 1084 3413 1153 ἐξερχόντων.

2514 1198 2682 1251 Ὅταν
2734 1196 2920 1267 ἐξέλθῃ
2974 1198 3038 1250 ὲκ
3091 1196 3183 1250 τοῦ
3230 1195 3481 1267 σώματος
3520 1198 3663 1268 ψυχὴ
3705 1196 4033 1267 ἀνθρώπω,

2447 1287 2742 1359 μυστήριόν
2793 1305 2847 1341 τι
2904 1288 3047 1357 μέγα
3093 1288 3209 1341 ἐκεῖ
3258 1289 3606 1343 ἐπιτελεῖται.
3679 1290 3803 1343 Ἐὰν
3841 1290 3960 1359 γὰρ

2448 1378 2748 1442 ὑπεύθυνος
2790 1380 2848 1433 έν
2879 1380 3197 1450 ἁμαρτίαις,
3230 1378 3481 1450 ἔρχονται
3526 1380 3679 1449 χοροὶ
3724 1380 4031 1448 δαιμόνων,

2449 1470 2546 1523 καὶ
2580 1470 2802 1538 ἄγγελοι
2828 1470 3132 1540 άριστεροί,
3175 1471 3271 1524 καὶ
3298 1471 3556 1541 δυνάμεις
3588 1471 3812 1531 σκότους
3841 1486 4038 1537 παρα-

780 1560 943 1631 piunt
991 1560 1231 1614 animam
1290 1560 1459 1621 illam,
1510 1564 1675 1626 atque
1724 1556 2069 1625 subjugatam
2127 1553 2183 1606 in
2217 1567 2343 1606 suas
2379 1560 2471 1631 _)

2379 1620 2417 1631 _
2448 1559 2785 1628 λαμϐάνουσι
2832 1560 2931 1630 τὴν
2965 1561 3146 1629 ψυχὴν
3183 1560 3421 1629 ικείνην,
3478 1561 3571 1613 καὶ
3609 1560 3905 1629 κρατοῦσιν
3948 1560 4037 1622 εἰς

780 1620 966 1721 partes
990 1651 1355 1721 pertrahunt:
1396 1620 1499 1703 nec
1527 1620 1691 1702 debet
1724 1620 1849 1715 quis
1879 1620 2168 1715 propterea
2198 1644 2348 1697 velut
2379 1620 2421 1674 Β
2448 1665 2471 1699 τ

2346 1683 2348 1693 ι
2379 1620 2421 1674 Β
2448 1620 2665 1701 τδίδιον
2696 1620 2899 1716 μέροςξ
2918 1620 3011 1701 καὶ
3038 1620 3137 1701 ζὼς
3178 1620 3384 1716 ὀφείλεί
3407 1620 3493 1710 τις
3520 1648 3613 1700 ἐπὶ
3640 1620 3849 1710 τούτοις
3882 1620 4037 1713 ξεενίζ

782 1757 841 1795 re
874 1740 1127 1809 quapiam
1154 1738 1441 1793 insolitain
1465 1735 1884 1790 admirationem
1917 1733 2064 1787 duci.
2099 1731 2153 1787 Si
2174 1731 2343 1797 enim,

781 1832 913 1886 dum
942 1831 1155 1885 viveret
1182 1829 1369 1892 homo,
1402 1834 1457 1881 et
1493 1827 1546 1880 in
1584 1826 1690 1879 hoc
1734 1824 1934 1878 saeculo
1961 1822 2205 1891 degeret,
2241 1821 2349 1874 illis

782 1920 1062 1988 subjectus
1107 1916 1209 1972 fuit
1236 1925 1292 1971 et
1324 1913 1749 1984 obtemperavit,
1779 1927 1843 1966 ac
1889 1925 2084 1966 servus
2130 1910 2347 1963 illorum

784 2010 959 2063 factus
988 2017 1090 2069 est,
1124 2016 1334 2077 quanto
1364 2006 1536 2076 magis
1564 2020 1688 2060 cum
1714 2002 1999 2074 egreditur
2029 2018 2094 2055 ex
2120 2001 2347 2065 mundo,

784 2098 1063 2153 detinetur
1089 2114 1152 2153 ac
1185 2097 1510 2168 subjugatur
1548 2096 1616 2150 ab
1652 2094 1821 2164 ipsis?
1851 2094 1929 2148 Ex
1960 2101 2112 2163 parte
2141 2104 2347 2159 autem,

784 2204 904 2258 qua:
928 2188 1173 2244 melioris
1194 2197 1278 2243 est
1294 2187 1647 2251 conditionis,
1668 2186 1782 2255 88
1813 2195 1965 2254 potes
1992 2199 2348 2254 cognoscere,

787 2292 902 2331 rem
959 2278 1036 2333 ita
1106 2294 1228 2335 sese
1279 2278 1503 2333 habere.
1575 2277 1791 2332 Sanctis
1854 2275 2126 2346 siquidem
2177 2274 2352 2330 servis

787 2370 883 2424 Dei
938 2370 1007 2424 ab
1050 2370 1153 2425 hoc
1207 2380 1455 2440 tempore
1508 2376 1688 2423 astant
1738 2367 1939 2437 angeli,
1995 2381 2059 2425 ac
2112 2364 2353 2435 Spiritus

788 2464 961 2518 sancti
1020 2463 1390 2529 circumdant,
1443 2478 1646 2532 easque
1702 2460 2045 2515 custodiunt.
2105 2458 2353 2527 Cumque

786 2554 1023 2607 exierint
1069 2570 1100 2608 e
1152 2569 1404 2624 corpore,
1460 2552 1614 2608 chori
1668 2551 1986 2622 angelorum
2049 2561 2356 2619 assumptas

787 2658 980 2697 eorum
1027 2642 1237 2698 animas
1286 2645 1355 2711 {in
1416 2658 1569 2698 suam
1623 2650 1836 2712 partem
1899 2639 2243 2711 pertrahunt,
2299 2639 2356 2694 in

789 2734 1048 2789 sreculum
1096 2742 1444 2804 perpetuum,
1481 2741 1538 2787 et
1574 2732 1657 2788 sic
1700 2731 1981 2787 adducunt
2018 2745 2112 2787 eos
2150 2730 2219 2785 ad
2251 2730 2357 2785 Do-

790 2841 1023 2881 minum.

1316 2945 1599 3002 HOMILIA
1632 2944 1821 3000 XXIII.

792 3036 1241 3115 Quemadmodum
1294 3036 1495 3104 regiam
1531 3050 1627 3115 Aac
1675 3032 1957 3115 pretiosam
2004 3031 2357 3115 margaritam

859 3117 1066 3176 gestare
1123 3105 1295 3160 solum
1328 3103 1562 3176 possunt,
1598 3103 1686 3176 qui
1731 3118 1794 3155 ea:
1839 3103 1980 3172 regio
2013 3104 2209 3176 semine
2235 3110 2358 3155 sunt

860 3170 1103 3245 prognati
1126 3192 1143 3227 :
1174 3170 1352 3245 eodem
1398 3173 1563 3245 modo,
1591 3170 1845 3226 caelestem
1899 3170 2250 3243 margaritam
2274 3186 2358 3225 so-

873 3242 982 3298 lum
1010 3244 1136 3312 ﬁliis
1173 3244 1265 3298 Dei
1297 3252 1501 3314 gestare
1528 3242 1664 3295 licet.

864 3418 909 3473 I.
942 3417 1229 3487 Margarita
1261 3418 1350 3473 illa
1376 3416 1681 3486 splendida,
1721 3417 1961 3487 pretiosa
1996 3425 2161 3486 atque
2188 3416 2357 3487 regia,

795 3528 919 3583 quae
948 3511 1014 3565 ad
1045 3510 1299 3565 diadema
1346 3511 1557 3580 regium
1596 3510 1854 3579 pertinet,
1886 3510 1986 3564 soli
2020 3509 2133 3579 regi
2160 3523 2361 3562 conve-

799 3604 909 3667 nit;
946 3601 1205 3670 solusque
1236 3615 1330 3654 rex
1357 3600 1499 3655 hanc
1524 3599 1876 3669 margaritam
1900 3607 2117 3669 gestare
2145 3606 2357 3667 potest:

796 3694 888 3747 alii
911 3707 1041 3746 vero
1060 3690 1270 3745 homini
1301 3700 1514 3761 gestare
1541 3690 1855 3760 hujusmodi
1885 3690 2229 3759 margaritam
2252 3704 2361 3742 non

797 3786 945 3839 licet.
982 3783 1060 3838 Ita
1126 3784 1232 3837 nisi
1262 3783 1385 3851 quis
1430 3781 1600 3835 fuerit
1654 3788 1814 3834 natus
1844 3796 1872 3834 a
1902 3782 2052 3850 regio
2085 3796 2148 3834 ac
2176 3780 2363 3834 divino

798 3873 1028 3941 Spiritu,
1064 3880 1119 3927 et
1147 3887 1319 3942 genus
1359 3872 1583 3925 caeleste
1632 3886 1697 3924 ac
1741 3872 1953 3940 regium
2004 3870 2115 3935 tlat,
2138 3880 2195 3925 et
2220 3870 2365 3924 ﬁlius

800 3964 917 4027 Dei,
946 3964 1251 4018 secundum
1286 3961 1433 4032 quod
1456 3962 1720 4029 scriptum
1745 3970 1864 4016 est:
1898 3959 2159 4030 Quotquot
2189 3970 2365 4015 autem

798 4062 1102 4124 receperunt
1133 4070 1270 4117 eum,
1291 4053 1429 4106 dedit
1448 4054 1518 4105 eis
1544 4060 1855 4120 potestatem
1880 4050 2019 4119 ﬁlios
2046 4051 2139 4103 Dei
2158 4050 2277 4118 ﬁeri
2297 4054 2361 4116 ",

798 4146 1073 4199 caelestem
1104 4154 1159 4198 et
1185 4144 1480 4213 pretiosam
1529 4144 1902 4211 margaritam,
1960 4142 2249 4212 imaginem
2282 4144 2366 4197 lu-

798 4234 980 4297 minis,
1017 4233 1261 4303 inquam,
1298 4232 1608 4294 ineﬂ'abilis,
1650 4247 1771 4301 quae
1822 4238 1907 4285 est
1950 4232 2231 4295 Dominus,
2271 4248 2361 4299 ge-

796 4333 939 4378 stare
996 4324 1207 4392 nequit,
1259 4324 1462 4392 quippe
1512 4322 1606 4391 qui
1642 4336 1750 4375 non
1788 4322 1859 4374 sit
1883 4321 2024 4390 regis
2066 4322 2226 4375 Illius.
2256 4322 2359 4388 Qui

795 4415 942 4470 eliim
978 4415 1182 4469 habent
1213 4424 1269 4468 et
1314 4422 1513 4483 gerunt
1543 4411 1917 4482 margaritam,
1947 4411 2139 4466 vivunt
2197 4420 2253 4465 et
2280 4426 2367 4464 re-

797 4515 966 4575 gnant
1001 4523 1107 4560 una
1132 4521 1256 4560 cum
1284 4505 1505 4559 Christo
1541 4504 1596 4558 in
1640 4503 1858 4558 saecula.
1890 4503 1980 4557 Sic
2010 4503 2156 4554 enim
2189 4502 2368 4570 inquit

800 4598 1130 4666 Apostolus:
1168 4596 1313 4651 Sicut
1338 4598 1654 4667 gestaaimua
1686 4596 1971 4664 imaginem
2028 4597 2243 4660 terreni,
2273 4610 2365 4664 ge-

794 4688 1049 4742 stabimtu
1076 4696 1125 4740 et
1149 4689 1433 4757 imaginem
1458 4686 1677 4741 calatis
1699 4688 1766 4739 ".

866 4964 931 5020 II.
959 4964 1194 5020 Perinde
1223 4965 1369 5019 enim
1388 4980 1451 5019 ac
1474 4978 1670 5035 equus,
1694 4963 1936 5033 quandiu
1966 4963 2021 5017 in
2048 4962 2199 5018 silvis
2240 4977 2365 5017 cum

797 5056 1107 5125 agrestibus
1158 5056 1491 5110 animalibus
1516 5056 1780 5125 pascitur,
1810 5055 1911 5109 sub
1940 5055 2071 5125 jugo
2101 5070 2164 5109 ac
2192 5055 2365 5125 impe-

800 5148 883 5200 rio
910 5147 1197 5200 hominum
1245 5163 1367 5203 esse
1417 5156 1657 5202 recusat.
1718 5146 1777 5202 Si
1832 5145 2053 5217 quando
2104 5161 2259 5211 vero,
2307 5157 2368 5203 ut

798 5234 1142 5300 mansueﬁat,
1191 5236 1459 5304 capiatur,
1502 5235 1755 5306 injiciunt
1806 5234 1857 5289 ei
1922 5234 2139 5288 frenum
2181 5250 2365 5303 grave,

799 5323 976 5377 donec
1004 5325 1309 5394 composite
1345 5333 1401 5379 et
1428 5340 1667 5395 congrue
1699 5324 1953 5395 progredi
1984 5324 2179 5379 discat.
2210 5324 2367 5379 Post-

798 5415 1025 5471 modum
1053 5426 1343 5473 exercetur
1394 5434 1425 5473 a
1470 5434 1683 5473 sessore
1735 5418 1933 5487 perito,
1972 5425 2033 5471 ut
2070 5417 2134 5471 ad
2164 5417 2367 5471 bellum

799 5524 1019 5579 quoque
1053 5510 1376 5565 commodus
1426 5509 1520 5566 sit.
1565 5509 1809 5564 Tandem
1832 5520 2101 5564 exornant
2128 5524 2253 5564 cum
2287 5525 2371 5563 ar-

873 5684 913 5713 "
956 5684 1109 5739 Joan.
1150 5702 1185 5750 ι,
1230 5685 1310 5739 ιε.
1384 5688 1428 5717 ”
1460 5687 1476 5739 l
1504 5685 1628 5740 Cor.
1665 5701 1749 5752 xv,
1790 5686 1872 5738 l9.

2378 2959 2424 3021 C

2451 1738 2659 1803 ζεσθαι.
2710 1741 2772 1793 Εἰ
2804 1740 2913 1811 γάρ
2945 1740 3075 1806 ζῶν,
3106 1741 3202 1795 καὶ
3235 1742 3309 1793 ὢν
3335 1742 3393 1793 ὲν
3426 1740 3504 1809 τῷ
3530 1740 3685 1793 αἰῶνι
3712 1740 3887 1809 τούτῳ
3915 1740 4032 1792 ὐπ-

2449 1828 2643 1897 ετάγη,
2692 1830 2785 1881 καὶ
2824 1830 3122 1899 ὑπήκουσε,
3174 1831 3270 1883 καὶ
3306 1830 3491 1893 δοῦλος
3544 1831 3759 1897 ἐγένετο
3806 1831 4027 1893 αὐτοῖς,

2457 1919 2609 1989 πόσῳ
2639 1920 2857 1989 μᾶλλον,
2904 1920 3032 1972 όταν
3064 1918 3349 1989 ὲξέρχηται
3382 1921 3445 1972 ὲκ
3498 1920 3593 1973 τοῦ
3629 1921 3857 1987 κόσμου,
3893 1936 4033 1972 κατ-

2454 2009 2639 2079 έχεται
2696 2010 2792 2063 καὶ
2827 2013 3106 2081 κρατεῖται
3156 2010 3486 2075 ὑπἀὑτῶν;
3540 2010 3670 2063 Ἀπὸ
3695 2009 3789 2063 τοῦ
3824 2010 4036 2082 μέρους

2451 2097 2544 2151 τοῦ
2610 2097 2815 2166 ἀγαθοῦ
2864 2098 3101 2165 ὀφείλεις
3151 2098 3365 2169 νοῆσαι,
3418 2100 3502 2151 ὃτι
3555 2097 3728 2161 οὕτως
3781 2099 3897 2168 ἔχει
3959 2101 4033 2153 τὰ

2452 2196 2753 2263 πράγματα
2781 2206 2795 2220 ⁶
2851 2192 2946 2244 καὶ
3001 2190 3110 2260 γὰρ
3140 2192 3251 2253 τοῖς
3285 2190 3459 2257 ἁγίοις
3491 2188 3696 2252 δούλοις
3746 2190 3841 2243 τοῦ
3889 2189 4035 2244 Θεοῦ

2455 2283 2562 2337 ἀπὸ
2584 2284 2676 2337 τοῦ
2710 2283 2807 2339 νῦν
2832 2284 2970 2337 εἰσιν
3015 2283 3233 2351 ἄγγελοι
3266 2285 3695 2354 παραμένοντες,
3724 2287 3817 2338 καί
3858 2286 4033 2339 πνεύο

2458 2393 2603 2447 ματα
2636 2378 2765 2445 ἆγια
2797 2376 3102 2430 κυκλοῦντα
3132 2378 3329 2439 αὐτοὺς
3378 2378 3470 2429 καὶ
3520 2378 3878 2446 φυλάττοντα.
3917 2382 4036 2433 Καὶ

2454 2468 2581 2522 ὅταν
2634 2466 2920 2531 ὲξέλθωσιν
2954 2466 3062 2520 άπὸ
3111 2466 3205 2519 τοῦ
3271 2466 3543 2537 σώματος,
3595 2471 3643 2521 οἰ
3708 2472 3860 2540 χοροί⁵
3919 2472 4036 2525 τῶν

2451 2558 2704 2627 ἀγγέλων
2732 2558 3254 2629 παραλαμϐάνουσιν
3300 2558 3481 2611 αὐτῶν
3509 2559 3608 2621 τὰς
3648 2560 3825 2631 ψυχάς
3856 2563 3938 2623 είς
3972 2562 4034 2613 τὸ

2459 2650 2589 2703 ῐδιυν
2621 2650 2806 2720 μέρος,
2839 2652 2919 2713 εἰς
2948 2649 3039 2702 τὸν
3082 2649 3321 2719 καθαρὸν
3350 2650 3523 2705 αἰῶνα
3544 2668 3557 2682 ·
3600 2652 3695 2704 καὶ
3731 2651 3906 2715 οὕτως
3932 2653 4037 2707 αὐ-

2456 2742 2582 2805 τοὺς
2607 2741 2941 2813 προσάγουσι
2967 2740 3044 2811 τῷ
3073 2741 3285 2811 Κυρίῳ.

3044 2942 3286 2998 υΜΙΛῙΔ
3314 2941 3447 2998 ΚΡ.

2470 3030 2566 3097 Ὡς
2620 3030 2727 3083 τὸν
2769 3031 3103 3095 ,βασιλικὸν
3156 3036 3256 3087 καί
3289 3032 3630 3100 πολύτιμον,
3659 3032 4036 3100 μαργαρίτην

2528 3100 2779 3180 φορέςαι
2810 3102 3000 3180 μόνον
3046 3102 3335 3180 δύνανται
3363 3102 3416 3154 οἱ
3444 3102 3513 3180 ἐκ
3539 3099 4033 3180 τοῆίαάτέρματος

2530 3169 2637 3224 τοῦ
2663 3169 2972 3236 ,ϐασιλέως
2993 3170 3386 3239 γεννηθέντες
3405 3183 3419 3196 ’
3448 3171 3555 3223 τὸν
3581 3172 3769 3224 αὐτὸν
3808 3172 4034 3237 τρόπον

2528 3240 2636 3311 τόν
2663 3239 2944 3311 οὐράνιον
2974 3242 3349 3309 μαργαρίτην
3370 3240 3563 3311 μόνον
3589 3239 3715 3306 τοῖς
3742 3240 3849 3294 τοῦ
3884 3240 4031 3296 Θεοῦ

2530 3308 2759 3375 τέκνοις
2788 3308 3034 3378 φορέσαι
3062 3311 3322 3375 ἔξεστιν.

2530 3424 2609 3476 A'.
2667 3422 2724 3476 '0
2775 3423 3119 3493 μαργαρίτης
3146 3425 3174 3476 ὀ
3207 3424 3411 3495 μέγας,
3443 3420 3537 3476 καί
3581 3422 3900 3492 πολύτιμος,
3938 3422 4031 3474 καὶ

2464 3510 2767 3581 βασιλικὸς,
2800 3516 2828 3566 ὀ
2858 3516 2935 3576 εἰς
2967 3515 3208 3583 διάδημα
3260 3514 3538 3584 βασιλικὸν
3580 3515 3909 3584 προχωρῶν,
3942 3513 4034 3581 βα-

2464 3602 2656 3666 σιλέως
2696 3605 2857 3673 μόνου
2888 3605 3096 3675 χρῄζει.
3129 3608 3237 3659 Kal.
3266 3606 3518 3675 βασιλεὺς
3553 3607 3711 3676 μόνος
3733 3605 3921 3659 τοῦτον
3947 3605 4035 3657 τὸν

2470 3697 2817 3765 μαργαρίτην
2852 3695 3075 3749 δύναται
3107 3699 3322 3767 φορεῖν
3367 3696 3511 3769 ἄλλῳ
3538 3697 3593 3749 δὲ
3642 3696 3914 3767 ἀνθρώπῳ
3942 3714 4034 3765 φο-

2466 3789 2578 3856 ρεῖν
2631 3786 2723 3838 τὸν
2760 3785 2997 3839 τοιοῦτον
3038 3789 3386 3857 μαργαρίτην
3434 3790 3534 3841 οὐκ
3586 3788 3815 3854 ἔξεστιν.
3852 3787 4036 3850 Οὕτως

2464 3878 2558 3930 ἐὰν
2601 3879 2673 3947 μή
2730 3895 2815 3941 τις
2867 3879 3099 3948 γεννηθῇ
3134 3878 3237 3931 ὑπὸ
3268 3878 3363 3930 τοῦ
3417 3878 3699 3947 βασιλικοῦ
3730 3880 3824 3933 καί
3853 3877 4033 3932 θεῖκοῦ

2464 3968 2795 4038 πνεύματος,
2829 3971 2923 4022 καὶ
2951 3969 3107 4036 γένος
3164 3971 3484 4040 ἐπουράνιον
3512 3970 3605 4023 καὶ
3641 3971 3917 4040 βασιλικὸν
3946 3972 4035 4035 γέ-

2466 4078 2645 4131 νηται,
2674 4062 2767 4114 καί
2784 4061 2975 4114 τέκνον
3001 4060 3159 4124 Θεοῦ,
3188 4062 3328 4113 κατὰ
3358 4060 3418 4113 τὸ
3440 4064 3847 4133 γεγραμμένον,
3869 4064 4037 4114 Ὅσοι

2467 4151 2534 4203 δὲ
2561 4152 2780 4205 ἔλαϐον
2803 4152 3013 4217 αὑτὸν,
3046 4152 3272 4205 ἔδωκεν
3300 4153 3506 4218 αὐτοῖς
3542 4153 3831 4216 ἐξουσίαν
3859 4152 4036 4207 τέκνα

2470 4242 2619 4295 Θεοῦ
2678 4242 2982 4311 γενέσθαι,
3043 4243 3135 4295 τὸν
3175 4244 3497 4315 ἐπουράνιον
3542 4244 3637 4296 καὶ
3675 4244 4035 4313 πολυτίμητον

2470 4332 2838 4405 μαργαρίτην,
2870 4335 2970 4403 τὴν
3004 4334 3189 4387 εἰκόνα
3223 4334 3318 4386 τοῦ
3374 4334 3549 4403 φωτὸς
3600 4334 3695 4389 τοῦ
3747 4336 4031 4405 ἁλαλήτου,

2464 4423 2586 4493 ἥτις
2614 4424 2761 4476 ἐστὶν
2790 4426 2818 4475 ὀ
2849 4423 3076 4495 Κύριος,
3117 4425 3178 4477 οὑ
3222 4424 3446 4478 δύναται
3480 4425 3729 4495 φορέσαι,
3778 4425 3873 4494 βασ
3896 4428 4035 4490 λέως

2465 4513 2581 4576 υἰδς
2614 4514 2688 4583 μὴ
2740 4514 3047 4583 γενόμενος.
3080 4516 3144 4568 Oi
3192 4516 3301 4585 γάρ
3352 4515 3568 4585 ἔχοντες
3616 4517 3709 4568 καὶ
3748 4518 4034 4585 φοροῦντες

2468 4602 2558 4655 τὸν
2591 4605 2963 4675 μαργαρίτην,
2996 4606 3199 4669 συζῶσι
3220 4606 3320 4659 καὶ
3338 4606 3793 4677 συμόασιλεύουσι
3820 4610 4032 4678 Χριστῷ

2468 4690 2548 4752 εἰς
2602 4694 2727 4755 τοὺς
2782 4694 3016 4757 αἰῶνας·
3064 4693 3235 4758 οὔτως
3269 4696 3379 4763 γάρ
3431 4690 3586 4748 εἷπεν
3626 4696 3656 4747 ὀ
3697 4696 4029 4759 ’Δπόστολος,

2468 4781 2676 4846 Καθὼς
2710 4781 3086 4849 ἐφορέσαμεν
3116 4783 3233 4851 τὴν
3281 4785 3484 4837 εἰκόνα
3533 4784 3639 4838 τοῦ
3668 4784 3898 4853 χοϊκοῦ,
3930 4803 4031 4853 φο-

2458 4870 2734 4940 ρέσωμεν
2766 4872 2863 4927 καί
2892 4873 3007 4942 τὴν
3033 4876 3236 4928 εἰκόνα
3259 4876 3364 4929 τοῦ
3388 4874 3771 4943 ἐπουρανίου.

2538 4962 2609 5015 B'.
2655 4964 2867 5034 Ὥσπερ
2898 4966 3007 5036 γάρ
3040 4966 3225 5030 ἵππος,
3260 4967 3365 5029 ἕως
3404 4966 3505 5036 μὲν
3537 4967 3602 5020 ἂν
3633 4968 3691 5019 ἐν
3735 4968 3853 5029 ταῖς
3884 4967 4028 5031 ὕλαις

2462 5056 2573 5117 τοῖς
2606 5055 2813 5125 ἀγρίοις
2838 5056 2998 5119 ζώοις
3030 5058 3380 5127 συννέμηται,
3425 5059 3797 5121 άνυπότακτος
3826 5058 4026 5128 ἀνθρώο

2464 5162 2585 5208 ποις
2616 5147 2761 5201 έστίν
2784 5162 2797 5175 ⁶
2832 5149 2970 5201 ἐπάν
3009 5150 3065 5201 δὲ
3096 5150 3231 5217 πρὸς
3278 5149 3339 5201 τὸ
3378 5147 3733 5220 ήμερωθῆναι
3766 5149 4021 5219 κρατηθῇ,

2466 5238 2842 5307 περιτιθέασιν
2879 5239 3029 5309 αὑτῷ
3082 5240 3253 5311 βαρὺν
3310 5240 3567 5310 χαλινὸν,
3606 5240 3711 5302 ἕως
3770 5236 3831 5294 οὗ
3888 5241 4023 5311 μάθῃ

2465 5330 2739 5391 εὐτάκτως
2788 5331 2882 5383 καί
2916 5331 3091 5401 ὀρθῶς
3141 5336 3498 5403 περιπατεῖν·
3531 5328 3652 5386 εἶτα
3700 5332 4024 5401 γυμνάζεται

2467 5417 2570 5471 ὑπὸ
2597 5418 2864 5489 ἐμπείρου
2899 5420 3178 5483 καθιστοῦ,
3222 5422 3308 5475 ἰνα
3337 5423 3427 5475 καὶ
3449 5424 3531 5487 εἰς
3576 5421 3811 5492 πόλεμον
3838 5422 4023 5493 εὔχρη-

2468 5526 2591 5575 στος
2629 5511 2891 5582 γένηται·
2943 5508 3061 5567 εἶτα
3114 5514 3390 5569 ἐνδύουσιν
3424 5514 3586 5569 αὑτὸν
3614 5514 3777 5581 ὅπλα,
3802 5514 3893 5569 τὸν
3924 5515 4021 5571 θώ-
