4282 6364
268 389 373 459 661

1330 392 1700 456 ΗΟΜῙΠᾸΞ.
1731 420 1799 430 -υ
1829 393 2017 456 HOM.
2056 392 2465 455 ΧΧηοΧΚιν.

3438 392 3543 461 662

276 515 425 571 ρακα
460 497 626 568 λέγω,
654 509 747 553 και
767 501 837 553 τὰ
864 499 1251 572 κατάφρακτα,
1284 504 1379 557 καὶ
1402 505 1615 574 πρῶτον
1639 504 1855 574 χαλινὸν
1884 511 1927 565 Α
1956 520 1967 557 ι

1849 511 1927 565 ιΑ
1956 504 2081 568 mis,
2114 504 2360 568 thorace,
2419 502 2665 574 inquam,
2718 511 2774 559 et
2819 502 3015 569 lorica,
3065 515 3304 571 eumque
3356 504 3540 573 priore

271 591 545 661 κρεμῶσι,
579 591 674 643 καὶ
718 592 1026 645 συσσείουσι
1067 593 1354 648 κατέναντι
1401 595 1514 649 τῶν
1556 598 1851 666 ὀφθαλμῶν

268 680 463 741 αὐτοῦ,
491 680 630 748 πρὸς
657 679 721 732 τὸ
749 680 1156 752 συνεθισθῆναι,
1191 684 1285 736 καὶ
1332 685 1408 755 μὴ
1442 685 1849 756 ἀποπτηγῆναιο

264 773 442 835 οὕτως
475 773 857 842 διδασκόμενος
890 772 994 825 ὑπὸ
1029 773 1122 826 τοῦ
1162 774 1450 839 ὲπιὸάτου,
1505 777 1555 828 εί
1608 777 1683 846 μὴ
1720 794 1852 847 μανυ-

266 868 442 932 θάνει,
494 870 754 937 πολεμεῖν
802 870 863 921 οὐ
921 867 1170 921 δύναται·
1206 869 1345 923 ὶπάν
1403 870 1461 922 δὲ
1513 871 1695 941 μάθῃ,
1755 872 1851 925 καὶ⁵

266 960 559 1029 συνεθισθῇ
582 961 772 1023 εἰςτδν
798 959 1054 1028 πόλεμον,
1078 962 1206 1014 ὅταν
1230 960 1510 1033 όσφρανθῇ
1528 964 1620 1015 καὶ
1640 964 1851 1036 ἀκούσῃ

264 1052 454 1121 φωνὴν
484 1050 749 1120 πολέμου,
808 1051 973 1114 αὐτὸς
1024 1051 1257 1123 ἑτοίμως
1308 1052 1525 1124 ἔρχεται
1578 1054 1673 1107 ἐπὶ
1723 1055 1851 1119 τοὺς

262 1142 529 1211 ιχθροὺς,
581 1140 722 1194 ὥστε
772 1141 877 1210 stall
913 1141 1010 1195 ἀπ’
1062 1142 1235 1213 αὐτῆς
1282 1144 1384 1213 τῆς
1434 1145 1620 1215 φωνῆς
1681 1146 1852 1218 πτόη-

263 1249 351 1285 σιν
407 1233 656 1302 ἐμποιεῖν
717 1233 829 1294 τοῖς
903 1232 1201 1303 πολεμίοις.
1268 1232 1372 1286 Τὸν
1437 1233 1599 1287 αὐτὸν
1648 1236 1851 1306 τρόπον

262 1323 359 1377 καὶ
384 1326 419 1392 ή
468 1324 615 1393 ψυχὴ
664 1324 775 1377 ἀπὸ
828 1324 927 1393 τῆς
970 1325 1335 1395 παραϐάσεως
1367 1323 1500 1378 οὖσα
1526 1326 1696 1397 ἀγρία
1757 1328 1851 1382 καὶ

263 1414 681 1477 ἀνυπότακτος,
735 1414 793 1466 ἐν
844 1413 1051 1484 ἐρημίᾳ
1116 1411 1213 1466 τοῦ
1288 1412 1492 1485 κόσμου
1558 1414 1849 1479 πελάζεται

268 1506 408 1573 μετά
466 1504 692 1575 θηρίων,
740 1504 850 1557 τῶν
884 1504 1212 1574 πνευμάτων
1266 1505 1367 1574 τῆς
1409 1506 1692 1576 πονηρίας,
1750 1506 1849 1577 τὴν

263 1596 543 1650 διακονίαν
574 1597 632 1649 ἐν
674 1596 741 1665 τῇ
773 1595 1020 1666 ἁμαρτίᾳ
1052 1595 1393 1665 κατέχουσα’
1423 1595 1553 1649 ὅταν
1584 1596 1645 1649 δὲ
1685 1596 1847 1649 ἀκού⁶

266 1704 337 1761 σῃ
398 1687 557 1756 λόγον
617 1686 796 1750 Θεοῦ,
835 1688 929 1738 καὶ
970 1685 1259 1758 πιστεύσῃ,
1331 1686 1845 1757 χαλιναγωγουμένη

262 1781 369 1832 ὑπὸ
413 1780 509 1832 τοῦ
561 1778 912 1849 Πνεύματος,
957 1776 1271 1833 ἀποτίθεται
1316 1777 1378 1830 τὸ
1422 1778 1612 1847 ἀγριον
1677 1774 1849 1849 ἦθος,

1953 597 2113 653 freno
2143 612 2415 668 suspenso
2438 637 2452 662 ,
2482 606 2538 651 et
2573 596 2777 667 agitato
2802 604 2929 651 ante
2952 596 3143 651 oculos
3165 596 3305 666 ejus,
3350 612 3541 651 assue-

1952 689 2183 753 faciunt,
2234 702 2305 742 ne
2361 687 2471 742 ullo
2540 696 2751 742 terrore
2801 685 3183 758 percutiatur;
3235 694 3399 756 atque
3460 688 3541 741 sic

1952 779 2186 833 edoctus
2212 778 2283 831 ab
2314 777 2609 839 inscssore,
2639 776 2745 831 nisi
2768 776 3044 839 didicerit,
3073 777 3275 846 praelio
3310 785 3541 831 conten-

1953 868 2087 923 dere
2136 867 2365 937 nequit:
2404 868 2499 922 ubi
2552 883 2688 921 vero
2740 867 3021 932 didicerit,
3062 875 3117 922 et
3179 867 3324 921 bello
3376 868 3541 922 fuerit

1951 961 2314 1025 assuefactus,
2347 960 2391 1014 si
2435 960 2599 1015 modo
2620 960 2949 1025 suboluerit,
2996 969 3053 1015 et
3082 960 3430 1015 subaudierit
3452 977 3539 1015 so-

1951 1069 2084 1109 num
2110 1053 2393 1117 bellicum,
2428 1053 2546 1122 ipse
2589 1052 2657 1105 ad
2680 1067 2747 1106 eo
2768 1058 3026 1122 prompte
3056 1052 3324 1108 adversus
3351 1052 3539 1107 hostes

1950 1144 3001 1217 progreditur,utsolavoceterrorem:
3047 1139 3276 1194 incutiat
3352 1140 3537 1194 hostio

1952 1240 2073 1293 bus.
2097 1238 2304 1292 Eodem
2369 1251 2593 1306 quoque
2648 1236 2813 1291 modo
2863 1234 3047 1289 anima
3084 1240 3208 1301 post
3232 1240 3538 1301 transgres-

1954 1328 2163 1383 sionem
2189 1328 2421 1401 agrestis
2444 1337 2501 1383 et
2532 1328 2819 1392 indomita,
2846 1326 2901 1380 in
2920 1326 3139 1381 deserto
3164 1324 3330 1395 hujus
3349 1325 3541 1378 mundi

1952 1426 2313 1473 conversatur
2363 1433 2491 1472 cum
2534 1417 2685 1481 feris,
2740 1416 3027 1485 spiritibus
3072 1415 3289 1471 scilicet
3344 1415 3537 1484 nequi-

1951 1509 2063 1573 tiae,
2123 1508 2497 1563 ministerium
2556 1507 2615 1561 in
2666 1514 2894 1577 peccato
2959 1507 3175 1562 obiens.
3238 1506 3339 1563 Ubi
3409 1520 3540 1560 vero

1952 1599 2191 1654 audierit
2226 1598 2457 1653 verbum
2502 1598 2625 1664 Dei,
2679 1612 2744 1651 ac
2787 1595 3111 1660 crediderit,
3164 1596 3475 1650 refrenatur
3508 1612 3541 1649 a

1956 1691 2166 1761 Spiritu
2204 1706 2268 1744 ac
2298 1689 2528 1758 deponit
2565 1702 2746 1743 mores
2797 1696 3039 1757 agrestes
3092 1699 3149 1742 et
3182 1686 3543 1757 cogitationes

1954 1784 2155 1847 carnis,
2216 1783 2519 1852 gubernata
2553 1782 2621 1835 ab
2673 1782 2949 1835 insessore
2992 1780 3234 1835 Christo.
3267 1780 3459 1833 Postea
3487 1779 3543 1831 in

263 1872 363 1925 καὶ
407 1870 470 1923 τὸ
512 1871 775 1941 σαρκικδν
814 1867 1089 1939 φρόνημα,
1154 1868 1511 1938 ἠνιοχουμένη
1583 1868 1688 1922 ὑπὸ
1748 1870 1841 1922 τοῦ
1872 1857 1954 1925 Βε

1872 1857 1921 1917 Β
1948 1872 2321 1937 alﬂictionem,
2346 1869 2640 1925 edomandi
2664 1869 2875 1938 jugum,
2895 1876 2951 1920 et
2986 1867 3295 1936 angustiam
3324 1863 3538 1926 incidit,

261 1959 525 2013 ὲπιὸἀτου
569 1957 809 2028 Χριστοῦ
838 1974 853 1989 ο
913 1955 1031 2009 εἶτα
1072 1958 1154 2019 εἰς
1196 1956 1376 2025 θλίψιν
1416 1959 1511 2010 καὶ
1533 1957 1845 2027 δαμασμδν,

263 2053 364 2105 καὶ
402 2048 768 2119 στενοχωρίαν
799 2048 1042 2118 ἔρχεται,
1098 2048 1181 2109 είς
1217 2046 1277 2099 τὸ
1309 2046 1707 2117 δοκιμασθῆναι
1748 2047 1849 2100 αὐ-

260 2144 387 2211 τὴν,
426 2142 514 2195 ἵνα
544 2141 667 2194 κατ’
698 2140 877 2208 ὀλίγον
912 2138 1176 2209 ήμερωθῇ
1212 2138 1318 2191 ὑπὸ
1362 2137 1459 2191 τοῦ
1510 2138 1847 2208 Πνεύματος,

261 2230 628 2301 ἐκλειπούσης
684 2231 807 2285 κατ’
863 2230 1043 2297 ὀλίγον
1074 2228 1167 2281 καὶ
1212 2227 1621 2299 ἀφανιζομένης
1658 2228 1759 2299 τῆς
1792 2230 1849 2281 ὲν

262 2326 404 2393 αὐτῇ
436 2323 735 2394 ἁμαρτίας.
785 2320 894 2374 Καὶ
948 2318 1121 2382 οὕτως
1170 2320 1203 2388 ή
1234 2317 1385 2388 ψυχὴ
1422 2319 1721 2389 ἐνδυομένη
1757 2318 1849 2371 τδν

261 2413 489 2485 θώρακα
516 2414 614 2483 τῆς
633 2411 1001 2481 δικαιοσύνης,
1042 2412 1135 2463 καὶ
1156 2410 1262 2479 τὴν
1293 2408 1729 2479 περικεφαλαίαν
1751 2408 1847 2461 τοῦ

262 2508 557 2576 σωτηρίου,
618 2504 714 2556 καὶ
769 2504 861 2556 τὸν
900 2502 1093 2573 θυρεὸν
1139 2502 1238 2572 τῆς
1300 2501 1559 2567 πίστεως,
1600 2502 1695 2554 καὶ⁵
1750 2502 1852 2573 τὴν

266 2599 547 2669 μάχαιραν
581 2594 675 2649 τοῦ
728 2595 1072 2665 Πνεύματος,
1106 2594 1420 2648 διδάσκεται
1447 2593 1705 2663 πολεμεῖν
1738 2597 1850 2659 τοῖς

261 2690 481 2762 ἐχθροῖς
512 2690 696 2751 αὐτοῖς
720 2703 737 2719 ο
772 2690 863 2741 καὶ
896 2688 1071 2751 οὕτως
1122 2688 1467 2757 όπλισαμένη
1511 2686 1591 2758 τῷ
1614 2687 1708 2741 τοῦ
1736 2691 1850 2743 Κυ-

266 2785 382 2855 ρίου
430 2782 733 2851 Πνεύματι,
768 2781 1100 2850 ἀγωνίζεται
1128 2781 1264 2849 πρὸς
1313 2782 1382 2833 τά
1432 2781 1722 2851 πνεύματα
1752 2783 1852 2852 τῆς

262 2876 554 2946 πονηρίας,
620 2874 718 2929 καὶ
760 2874 830 2927 τὰ
871 2874 1244 2945 πεπὺρωμένα
1294 2870 1423 2942 βέλη
1470 2872 1564 2926 τοῦ
1613 2872 1849 2943 πονηροῦ

265 2969 541 3021 σϐέννυσι.
577 2968 764 3037 Χωρὶς
793 2967 904 3036 γάρ
928 2964 1038 3018 τῶν
1064 2964 1159 3019 τοῦ
1186 2966 1500 3037 [Ινεύματος
1526 2964 1726 3028 ὃπλων,
1752 2963 1852 3015 οὐκ

260 3060 554 3128 ἀνέρχεται
587 3059 668 3121 εἰς
719 3056 1063 3127 παράταξιν·
1118 3055 1317 3127 ἔχουσα
1369 3056 1427 3110 δὲ
1477 3058 1547 3108 τὰ
1578 3054 1717 3107 ὅπλα
1754 3053 1850 3107 τοῦ

262 3150 498 3221 Κυρίου,
529 3150 659 3202 ὅταν
694 3148 903 3220 ἀκούσῃ
942 3150 1037 3201 καὶ
1092 3148 1354 3218 αἴσθηται
1413 3146 1661 3219 σφοδρῶν
1693 3146 1853 3199 πολέ-

1956 1970 2017 2016 ut
2072 1960 2361 2030 probetur,
2409 1974 2473 2013 ac
2529 1958 2796 2027 paulatim
2849 1971 2881 2009 a
2931 1956 3139 2025 Spiritu
3196 1953 3539 2013 mansueﬁat,

1950 2051 2246 2107 deﬁciente
2280 2050 2489 2105 sensim
2508 2060 2676 2117 atque
2700 2048 3047 2102 exolescente
3075 2047 3129 2101 in
3161 2046 3251 2101 illa
3282 2056 3534 2116 peccato.

1948 2142 2041 2197 Sic
2093 2150 2150 2196 et
2208 2142 2391 2195 anima
2452 2148 2661 2194 armata
2724 2139 2955 2193 thorace
2996 2137 3247 2209 iustitiae,
3304 2145 3360 2192 et
3389 2138 3539 2208 galea

1948 2233 2165 2297 salutis,
2202 2242 2257 2287 et
2302 2241 2457 2287 scuto
2506 2231 2661 2295 ﬁdei,
2704 2239 2761 2285 et
2794 2230 2975 2301 gladio
3007 2229 3268 2299 Spiritus,
3311 2228 3545 2283 docetur

1953 2322 2208 2390 praelium
2256 2335 2550 2375 conserere
2609 2335 2734 2374 cum
2790 2319 3047 2374 hostibus
3101 2319 3217 2374 suis
3237 2320 3317 2372 ἐς
3365 2326 3424 2374 et
3463 2318 3541 2372 sie

1950 2423 2158 2467 armata
2209 2413 2418 2484 Spiritu
2460 2413 2701 2477 Domini,
2748 2412 2974 2467 dimicat
3008 2412 3273 2466 adversus
3313 2411 3544 2481 spiritus

1950 2504 2191 2569 malitiae,
2215 2515 2271 2560 et
2294 2505 2464 2575 ignita
2480 2504 2800 2575 nequissimi
2834 2503 2938 2558 tela
2962 2504 3287 2575 exstinguit.
3315 2504 3540 2572 Absque

1952 2597 2103 2652 enim
2148 2600 2318 2652 armis
2348 2598 2587 2668 Spiritus
2635 2612 2743 2651 non
2801 2595 3156 2667 progredilur
3222 2597 3279 2650 in
3326 2596 3543 2651 aciem:

1954 2690 2170 2746 habens
2196 2706 2330 2745 vero
2360 2705 2513 2744 arma
2540 2690 2780 2752 Domini,
2820 2689 2913 2743 ubi
2938 2689 3184 2744 audierit
3216 2704 3281 2744 ac
3307 2689 3545 2743 senserit

1950 2782 2301 2837 vehementia
2324 2782 2485 2845 bella,
2510 2797 2632 2836 cum
2651 2782 3016 2835 exsultatione
3034 2796 3098 2835 ac
3111 2781 3350 2835 clamore
3373 2779 3543 2850 proﬁ-

1954 2876 2207 2939 ciscitur,
2235 2874 2379 2928 sicut
2412 2874 2463 2926 in
2499 2874 2639 2927 libro
2670 2872 2771 2926 Job
2815 2872 3024 2927 dictum
3059 2880 3180 2926 est:
3215 2869 3364 2936 Quod
3386 2874 3546 2925 etiam

1952 2967 2070 3037 ipsa
2118 2981 2239 3019 voce
2267 2965 2524 3018 orationis
2552 2963 2860 3017 occumbant
2911 2963 3133 3015 inimici.
3167 2961 3238 3015 Et
3262 2960 3342 3015 sic
3370 2970 3549 3015 trans-

1952 3065 2077 3111 acto
2125 3055 2303 3120 bello,
2358 3064 2627 3125 partaque
2673 3052 2909 3107 victoria
2958 3050 3230 3106 beneﬁcio
3280 3048 3544 3120 Spiritus,

1954 3146 2125 3203 refert
2151 3146 2265 3217 89
2287 3161 2521 3201 coronas
2551 3144 2870 3199 vicloriales
2895 3158 3021 3199 cum
3053 3144 3214 3212 plena
3240 3142 3466 3207 ﬁducia,
3489 3150 3550 3195 et

266 3206 408 3315 μων,
441 3206 499 3298 ὲν
516 3206 985 3313 ἀλαλάγματιζιαὶ
1005 3245 1220 3313 κραυγῇ
1246 3206 1636 3313 εκπορεύετίιι,
1664 3239 1848 3303 καθὼς
1878 3206 1921 3264 C
1956 3256 1957 3259 ‘

1878 3206 1921 3264 ο
1956 3238 2032 3293 ita
2060 3206 2366 3307 requiescit
2400 3250 2525 3291 cum
2565 3234 2775 3289 caelesti
2807 3234 2976 3304 Rege.
3027 3206 3130 3288 (lui
3163 3232 3337 3303 gloria
3367 3206 3547 3300 et

261 3338 325 3389 ὲν
352 3334 435 3404 τῷ
486 3334 609 3389 Ίὼ6
647 3335 883 3403 εἴρηται,
933 3336 1016 3386 ὅτι
1063 3333 1157 3386 καὶ
1190 3332 1287 3385 ἀπ’
1318 3332 1490 3400 αὐτῆς
1521 3330 1619 3399 τῆς
1663 3330 1848 3399 φωνῆς

1955 3330 2127 3386 tentia
2156 3329 2212 3383 in
2240 3328 2460 3384 saecula.
2497 3328 2694 3383 Amen.

259 3427 364 3495 τῆς
401 3427 636 3497 δεήσεως
688 3426 856 3495 αὐτῆς
904 3425 1305 3496 προπίπτουσιν
1362 3425 1411 3477 oi
1468 3423 1693 3495 ἐχθροί·
1729 3424 1823 3475 καὶ
1856 3421 2027 3485 οὕτως
2086 3420 2473 3491 ἀγωνισαμένη
2521 3420 2617 3474 καὶ
2649 3420 2922 3490 νικήσασα
2971 3418 3059 3472 διὰ
3105 3415 3199 3470 τοῦ
3229 3413 3547 3485 Πνεύματος

259 3522 356 3594 τὸν
417 3520 672 3591 πόλεμον,
732 3520 1061 3590 νικηφόρους
1118 3519 1415 3589 στεφάνους
1438 3519 1759 3588 ἐπιφέρεται
1789 3520 1927 3589 μετὰ
1969 3518 2284 3589 παρρησίας
2319 3515 2544 3587 πολλῆς,
2596 3516 2693 3569 καὶ
2739 3514 2915 3581 οὕτως
2976 3513 3418 3569 συναναπαύεται
3468 3513 3549 3583 τῷ

260 3616 572 3685 ἐπουρανίῳ
633 3614 862 3684 βασιλεῖ.
886 3607 955 3683 ᾯ
982 3614 1015 3683 ή
1040 3610 1167 3678 δόξα
1230 3614 1323 3666 καὶ
1349 3616 1410 3667 τὸ
1432 3613 1632 3685 κράτος
1661 3614 1739 3676 είς
1767 3613 1897 3677 τοὺς
1929 3611 2159 3676 αἰῶνας.
2209 3611 2407 3683 Ἀμήν.

857 3748 1099 3803 ΟΜΙΛΙΑ
1139 3749 1267 3801 ΚΔ¹.

272 3847 342 3899 Ἡ
366 3844 587 3928 {nime
623 3838 742 3894 τῶν
757 3840 1148 3928 ’ξριστιανῷν
1182 3839 1339 3928 Eccita
1367 3837 1443 3906 τῇ
1468 3836 1851 3928 ἐμπορίᾳικαί

338 3914 413 3981 τῇ
443 3914 715 3980 ζυμὼσει.
757 3907 983 3978 Ὠσπερ
1024 3910 1134 3980 γὰρ
1172 3913 1228 3963 ol
1268 3907 1513 3978 ἔμποροι
1568 3909 1641 3962 τὰ
1673 3907 1853 3977 γήϊνα

336 3985 517 4052 κέρδη
572 3981 1055 4052 timorm-dvome
1072 3979 1261 4052 οὕτως
1316 3978 1414 4032 καί
1460 3978 1682 4052 ἐκεῖνοι
1733 3977 1853 4052 διας

338 4047 818 4123 σέορπισμένους
851 4052 919 4104 ἐν
983 4049 1285 4123 τῷμαὶῶνζι
1335 4050 1701 4123 λογ-ςλζοιιούςὲΔ
1741 4047 1849 4102 Καὶ

335 4117 541 4191 ὦσᾶτερ
566 4117 606 4187 ἦ
633 4120 781 4191 ζύμη
809 4123 1049 4190 φύραμα
1067 4120 1217 4173 ὅλον
1238 4117 1623 4191 ἀπερῄάζεται
1642 4117 1850 4191 ζύμην,

337 4186 524 4258 οὕτως
563 4186 601 4256 ἡ
648 4186 1289 4260 ζ’ὗμηαῆδάμαρτίας
1342 4188 1472 4260 min
1515 4188 1712 4260 γένοςΔ
1742 4186 1851 4239 τοῦ

347 4256 532 4332 Ἀδὰμ
571 4256 911 4332 διατρέχειζ
947 4256 1125 4332 Πλῂκ
1173 4263 1205 4312 ὁ
1264 4257 1517 4332 Χριστὸς
1567 4256 1853 4332 ορύρᾴνιον

334 4326 714 4459 (liqua-(iturae
742 4326 929 4400 ζύμην
974 4329 1101 4396 ταῖς
1143 4328 1386 4394 πισταῖς
1416 4326 1645 4397 ψυχαῖς
1694 4326 1851 4380 ἐντί-

378 4421 542 4474 ησιν.

2495 3745 2783 3801 HOMILIA
2813 3744 3004 3799 XXIV.

1959 3837 2142 3893 Status
2182 3838 2610 3893 Christianorum
2638 3839 2826 3893 similis
2858 3847 2932 3891 est
2975 3843 3287 3889 mercatura:
3338 3843 3388 3885 et
3431 3834 3541 3902 fcr-

2033 3908 2365 3963 mentatiom'.
2404 3908 2631 3961 Perinde
2673 3909 2813 3960 enim
2854 3924 2916 3959 ac
2960 3916 3273 3958 mercatores
3331 3913 3544 3958 terrena

2030 3978 2284 4048 colligunt
2313 3977 2462 4031 lucra
2480 4019 2495 4042 ,
2527 3980 2602 4031 sic
2622 3977 2704 4031 illi
2728 3978 2993 4048 dispersas
3022 3990 3134 4048 iper
3175 3976 3269 4026 hoc
3291 3973 3545 4028 steculum

2030 4046 2397 4121 cogitationes.
2523 4046 2968 4121 quemadmodum
2991 4047 3316 4121 fermentum
3376 4052 3543 4097 totam

2032 4113 2268 4172 massam
2306 4118 2477 4171 reddit
2512 4113 2919 4187 fermentatam;
2957 4113 3031 4168 sic
3071 4113 3384 4187 fermentum
3402 4130 3543 4187 pec-

2036 4191 2142 4242 cati
2178 4189 2480 4242 universum
2512 4181 2679 4256 'genus
2715 4186 2843 4240 Adae
2863 4181 3142 4256 percurrit.
3178 4181 3365 4256 Yerum
3387 4181 3545 4256 Chri-

2030 4269 2142 4315 stus
2180 4258 2384 4311 caeleste
2432 4252 2679 4310 bonitatis
2718 4252 3031 4323 fermentum
3066 4252 3306 4321 ﬁdelibus
3352 4253 3545 4307 animis

2031 4329 2282 4397 infundit.

334 4543 414 4596 A'.
454 4541 728 4594 Ἐοίκασιν
756 4539 805 4591 oi
830 4535 1151 4608 Χριστιανοὶ
1169 4535 1430 4605 ἐμπόροις
1461 4534 1695 4604 μέγιστα
1722 4548 1852 4603 κερ-
1878 4519 1931 4578 Ι)

1851 4519 1931 4578 ηῙ)
2026 4529 2069 4584 l.
2112 4526 2335 4582 Similes
2383 4533 2513 4579 sunt
2540 4520 2838 4578 Christiani
2871 4520 3295 4583 mercatoribus,
3324 4520 3417 4590 qui
3455 4521 3542 4575 in-

259 4635 331 4703 δη
378 4628 865 4703 ἐμπορευομένοις.
900 4628 1111 4696 Ὠσπερ
1148 4626 1256 4695 γὰρ
1296 4628 1494 4678 ἐκεῖνοι
1524 4625 1586 4677 ἐκ
1621 4624 1717 4694 τῆς
1748 4626 1851 4692 γῆς

259 4725 334 4778 τὰ
378 4725 543 4794 γήϊνα
598 4722 763 4791 κέρδη
832 4715 1475 4784 ὲπισυνάγουσιν,οὖτως
1533 4710 1681 4769 οὗτοι
1748 4713 1848 4782 τῆς

263 4817 478 4870 ἑαυτῶν
513 4813 743 4883 καρδίας
776 4808 1249 4880 ἐσκορπισμένους
1280 4807 1406 4868 τοὺς
1446 4806 1743 4873 λογισμοὺς
1796 4807 1852 4857 ὲν

261 4908 343 4977 τῷ
378 4906 535 4960 αἰῶνι
560 4904 734 4974 τούτῳ
761 4901 852 4956 διὰ
879 4899 1070 4953 πασῶν
1111 4896 1341 4969 ἀρετῶν,
1372 4897 1463 4950 καὶ
1501 4896 1589 4949 διὰ
1617 4898 1717 4966 τῆς
1756 4894 1850 4947 τοῦ

263 4996 585 5063 Πνεῦματος
629 4994 934 5062 δυνάμεως,
960 4991 1120 5042 ὲπισυ
1133 4988 1415 5055 λλέγουσιν
1446 4988 1509 5039 ἐκ
1535 4985 1717 5055 πάσης
1750 4984 1849 5052 τῆς

263 5089 395 5159 γῆς,
436 5088 559 5159 ήτις
610 5085 727 5139 ἐστὶ
779 5084 1008 5153 μεγίστη
1058 5082 1151 5135 καὶ⁵
1202 5078 1432 5149 ἀληθινή
1463 5079 1729 5148 ὶμπορία.
1790 5076 1848 5127 '0

263 5181 471 5251 κόσμος
522 5178 632 5249 γάρ
658 5172 812 5238 οὗτος
858 5173 935 5244 τῷ
984 5174 1178 5242 κόσμῳ
1208 5171 1284 5239 τῷ
1314 5171 1427 5224 ἄνω
1472 5168 1845 5223 ἐναντιοῦται·

264 5271 363 5323 καὶ
388 5273 415 5323 ό
447 5271 581 5323 αἰὼν
610 5262 765 5330 οὗτος
792 5266 872 5337 τῷ
904 5266 1017 5319 ἀνω
1046 5265 1199 5317 αίῶνι
1244 5262 1567 5317 ἀντίκειται.
1614 5263 1705 5312 Δεῖ
1743 5258 1853 5311 τοί-

261 5378 360 5413 νυν
407 5360 498 5413 τδν
546 5358 873 5430 Χριστιανὸν
906 5355 1043 5427 μετά
1072 5354 1175 5417 τὰς
1217 5352 1379 5420 ἁγίας
1413 5352 1635 5423 Γραφῇ
1682 5352 1850 5421 ἀρνη-

264 5454 504 5523 σὰμενον
540 5454 632 5505 τὸν
683 5450 911 5519 κόσμον,
970 5447 1330 5518 μετατεθῆναι
1389 5446 1483 5499 καὶ
1547 5443 1849 5513 μεταὸἦναι

264 5544 347 5616 τῷ
381 5543 478 5615 νῷ,
531 5545 595 5597 ἐκ
643 5542 833 5595 τούτου
884 5538 983 5593 τοῦ
1026 5540 1241 5604 αίῶνος,
1296 5539 1354 5591 ὲν
1398 5531 1442 5604 ᾧ
1474 5537 1718 5606 ἔγκειται
1756 5536 1849 5588 καὶ

264 5633 584 5699 δελεάζεται
630 5636 659 5688 ό
695 5632 823 5696 νοῦς
854 5631 963 5687 ἀπὸ
997 5631 1098 5701 τῆς
1127 5628 1499 5701 παραὸἀσεως
1542 5626 1732 5697 Ἀδὰμ,
1768 5625 1847 5688 είς

340 5821 388 5855 ﬂ
422 5820 623 5891 Ephcs.
654 5836 727 5886 ιι,
757 5819 840 5873 it.

1948 4629 2167 4691 gentem
2199 4633 2351 4687 quaas
2370 4626 2484 4670 tum
2545 4631 2612 4669 ex
2653 4621 2967 4668 mercatura
2998 4611 3233 4667 faciunt.
3265 4612 3543 4678 Quemad-

1950 4712 2175 4766 modum
2206 4710 2355 4765 enim
2405 4710 2463 4763 hi
2516 4724 2547 4762 ο
2596 4716 2743 4761 terra
2799 4713 3018 4760 terrena
3048 4706 3317 4775 colligunt
3356 4706 3541 4769 lucra;

1946 4803 2141 4857 eodem
2162 4800 2327 4855 modo
2345 4800 2423 4855 illi
2440 4798 2624 4854 cordis
2644 4797 2731 4851 sui
2750 4795 3037 4866 dispersas
3055 4796 3420 4866 cogitationes
3447 4806 3544 4863 per

1954 4894 2063 4946 hoc
2110 4890 2396 4953 saeculum,
2448 4887 2698 4943 omnium
2725 4886 2999 4939 virtutum
3027 4882 3325 4950 beneﬁcio,
3372 4900 3436 4939 ac
3490 4884 3541 4936 vi

1954 4982 2195 5055 Spiritus
2240 4978 2437 5043 sancti,
2474 4976 2741 5047 colligunt
2781 4992 2851 5030 ex
2887 4975 3149 5031 universa
3199 4986 3380 5039 terra,
3422 4990 3544 5044 quze

1951 5082 2036 5129 est
2070 5073 2303 5127 maxima
2341 5086 2406 5125 ac
2434 5084 2563 5123 vera
2617 5068 2937 5137 negotiatio.
2973 5066 3214 5121 Mundus
3264 5066 3412 5119 enim
3450 5066 3543 5118 hic

1952 5166 2160 5220 mundo
2196 5160 2465 5232 superiori
2516 5160 2878 5223 adversatur;
2914 5166 2971 5212 et
3000 5157 3261 5212 saeculum
3298 5158 3404 5209 hoc
3444 5171 3545 5209 sae-

1953 5259 2079 5311 culo
2114 5254 2384 5326 superiori
2409 5252 2723 5322 oppositum
2769 5258 2874 5305 est.
2909 5248 3139 5319 Oportet
3171 5249 3338 5317 igitur
3382 5246 3542 5301 Chri-

1957 5351 2198 5404 stianum
2234 5344 2539 5401 secundum
2571 5358 2757 5397 sacras
2790 5342 3029 5395 Litteras
3065 5339 3333 5393 mundum
3370 5339 3539 5391 abne-

1957 5448 2197 5512 ganlem,
2230 5436 2533 5499 transferri,
2564 5451 2627 5488 ac
2667 5442 2850 5487 mente
2884 5430 3275 5486 transcendere
3316 5446 3384 5483 ex
3438 5429 3543 5481 hoc

1955 5533 2179 5596 saeculo,
2212 5530 2403 5597 inquo
2437 5536 2689 5582 versatur
2723 5526 2973 5590 animus,
3005 5539 3071 5579 ac
3100 5523 3377 5578 illecebris
3420 5521 3545 5574 alli-

1955 5628 2099 5679 citur
2128 5639 2157 5678 a
2196 5630 2442 5690 tempore
2495 5614 2951 5690 transgressionis
2999 5614 3152 5680 Adae,
3196 5614 3255 5672 in
3303 5613 3541 5669 alterum
