4282 6364
812 380 919 445 663

2067 394 2124 453 S.
2167 395 2483 455 MACARII
2526 397 2840 457 .‘EGYPTII

3955 394 4062 461 664

816 495 1095 560 saeculum,
1131 506 1187 550 et
1210 496 1491 551 intellectu
1525 497 1580 551 in
1619 498 1888 567 superiori
1920 516 1983 555 ac
2005 500 2193 556 divino
2224 520 2382 558 mun-
2406 506 2457 563 Α
2483 524 2507 559 a

2368 536 2382 547 -
2406 506 2457 563 Α
2483 506 2655 559 αίῶνα
2707 508 2914 576 ἕτερον,
2962 508 3054 561 καὶ
3103 507 3182 577 τῷ
3239 509 3548 579 φρονήματι
3589 506 3669 569 είς
3695 506 3783 557 τδν
3816 506 3929 559 ἀνω
3960 508 4059 573 τῆς

814 583 887 637 do
932 587 1180 639 versari:
1225 586 1369 640 sicut
1400 587 1609 641 dictum
1642 597 1727 643 est
1772 608 1784 643 :
1816 590 2009 645 Nostra
2050 601 2228 647 autem
2265 612 2385 649 con-

817 678 1037 730 versatio
1069 680 1123 730 in
1160 677 1296 733 caelis
1320 688 1395 733 est
1416 680 1481 734 “.

887 768 954 821 ll.
995 768 1109 824 lloc
1141 780 1325 825 autem
1370 773 1522 827 nullo
1553 774 1717 829 modo
1746 774 1983 831 obtineri
2024 788 2224 847 potest,
2276 780 2384 835 nisi

819 859 999 913 anima
1056 863 1357 916 crediderit
1402 878 1467 917 ex
1508 872 1623 919 toto
1652 867 1817 919 corde
1848 867 2099 933 Domino,
2149 870 2253 925 hoc
2287 888 2384 927 sas-

819 949 1002 1002 cnlum
1033 952 1311 1021 abnegans
1340 972 1350 1006 :
1382 963 1437 1008 et
1467 955 1640 1010 virtus
1662 957 1833 1010 divini
1867 958 2105 1027 Spiritus
2128 963 2383 1033 colligere

821 1048 997 1108 potest
1022 1057 1116 1095 cor
1134 1058 1230 1111 per
1256 1044 1565 1100 universam
1592 1056 1791 1102 terram
1813 1048 2117 1118 dispersum
2151 1053 2217 1106 ad
2249 1054 2387 1109 dile-

820 1132 1055 1187 ctionem
1104 1133 1342 1198 Domini,
1377 1143 1432 1189 et
1461 1136 1514 1189 in
1567 1138 1829 1191 mundum
1868 1149 2132 1195 aeternum
2165 1142 2382 1200 intelle-

822 1228 966 1272 ctum
1015 1223 1322 1278 traducere.
1361 1226 1407 1279 A
1448 1232 1693 1295 tempore
1738 1229 1887 1281 enim
1935 1234 2386 1301 transgressionis

819 1311 965 1375 Adae,
1002 1313 1259 1382 dispersa:
1292 1326 1423 1370 sunt
1455 1334 1483 1371 a
1515 1318 1809 1376 dilectione
1859 1324 1955 1377 Dei
2022 1329 2386 1396 cogitationes

818 1402 1014 1456 animae
1046 1420 1141 1472 per
1176 1407 1278 1461 hoc
1306 1412 1588 1474 sazculum,
1624 1416 1926 1470 commistae
1953 1421 2153 1475 crassis
2175 1437 2238 1476 ac
2275 1431 2384 1476 ter-

820 1493 967 1548 renis
1004 1496 1445 1563 cogitationibus.
1481 1502 1678 1555 Verum
1721 1508 2185 1573 quemadmodum
2212 1513 2383 1567 Adam

818 1593 1192 1654 transgressus
1217 1591 1549 1657 mandatum,
1604 1593 1933 1651 fermentum
1986 1602 2382 1658 malitiosarum

816 1674 1169 1731 affectionnm
1215 1681 1268 1733 in
1302 1698 1359 1735 se
1407 1686 1651 1751 recepit:
1699 1687 1779 1741 sic
1814 1706 2029 1759 quoque
2088 1696 2384 1765 participa-

820 1768 964 1820 tione
992 1769 1247 1837 quadam,
1289 1774 1382 1839 qui
1427 1790 1493 1827 ex
1525 1790 1593 1829 eo
1624 1778 1735 1831 nati
1771 1789 1918 1841 sunt,
1954 1797 2018 1836 ac
2064 1786 2379 1841 universum

814 1874 986 1925 genus
1025 1861 1153 1915 Ada:
1210 1862 1357 1917 illius
1405 1866 1658 1923 fermenti
1693 1872 1969 1941 particeps
2018 1876 2219 1930 factum
2265 1890 2377 1935 est:

814 1960 1071 2004 caeterum
1108 1964 1295 2021 postea
1330 1972 1427 2024 pro
1471 1960 1685 2014 ratione
1713 1962 2036 2019 incrementi
2070 1967 2121 2020 in
2172 1979 2379 2025 tantum

812 2054 1198 2110 cxcrcverunt,
1234 2055 1288 2100 et
1332 2048 1580 2107 adauctaa
1621 2063 1751 2110 sunt
1798 2056 1852 2110 in
1886 2058 2202 2115 hominibus
2249 2064 2383 2117 aﬂ‘e-

812 2135 1024 2190 ctiones
1055 2139 1282 2205 pc-rcati,
1324 2150 1384 2195 ut
1419 2143 1485 2196 ad
1534 2145 1805 2201 adulteria
1851 2164 2044 2220 usque,
2092 2153 2379 2219 libidines,

814 2225 1169 2293 idololatrias,
1191 2232 1386 2298 caadcs,
1400 2243 1454 2288 et
1470 2236 1573 2289 alia
1588 2238 1827 2294 absurda
1846 2241 2191 2307 devenerint,
2206 2246 2381 2302 donec

811 2316 945 2370 vitio
994 2318 1321 2377 fermentata
1361 2335 1507 2379 esset
1554 2328 1885 2386 humanitas.
1937 2334 2005 2387 Et
2054 2334 2108 2387 in
2168 2343 2378 2390 tantum

809 2410 1053 2463 excrevit
1089 2411 1143 2465 in
1188 2412 1506 2469 hominibus
1533 2419 1759 2485 malum,
1790 2431 1849 2475 ut
1878 2432 2155 2492 putarent,
2202 2445 2381 2498 neque

812 2499 982 2553 Deum
1024 2518 1181 2569 esse;
1218 2520 1411 2559 verum
1456 2508 1786 2567 inanimatos
1814 2514 2024 2584 lapides
2062 2520 2379 2587 adorarent,

811 2601 989 2655 neque
1056 2590 1341 2647 intellectu
1388 2597 1611 2664 quidem
1668 2601 1839 2656 Deum
1907 2611 2379 2676 comprehendere

808 2690 1049 2746 possent,
1087 2691 1193 2736 tam
1247 2686 1355 2740 alte
1410 2704 1793 2759 consperserat
1852 2696 2185 2755 fermentum
2218 2705 2377 2759 maii-

810 2771 1069 2826 tiosarum
1095 2774 1449 2833 aﬂectionum
1484 2784 1688 2839 veteris
1727 2787 1855 2841 Adae
1895 2794 2234 2862 progeniem.

877 2952 967 3005 lll.
1013 2955 1215 3010 Eodem
1265 2959 1430 3015 modo
1480 2962 1686 3030 placuit
1738 2966 1967 3023 Domino
2026 2970 2079 3024 in
2141 2973 2375 3028 adventu

806 3057 907 3097 suo
959 3045 1070 3113 pati
1114 3063 1213 3115 pro
1247 3052 1527 3117 omnibus,
1566 3066 1623 3110 et
1664 3057 1935 3114 redimere
1997 3078 2094 3117 eos
2154 3067 2378 3134 proprio

2489 598 2739 667 θεότητος
2770 600 2969 669 κόσμον
3000 598 3162 667 εἶναι,
3193 600 3374 664 καθὼς
3396 604 3610 669 εῐρηται
3630 616 3644 631 ⁶
3686 598 3875 669 Ἡμῶν
3903 598 3973 650 δὲ
4002 598 4069 649 τὸ

2490 692 2825 759 πολίτευμα
2862 692 2930 744 ἐν
2969 691 3248 758 οὐρανοῖς
3277 691 3557 759 ὑπάρχει.

2558 780 2634 834 B'.
2680 781 2848 833 Τοῦτο
2881 782 2939 835 δὲ
2988 782 3237 851 οὐδαμῶς
3282 782 3506 835 δύναται
3550 778 3990 849 κατορθωθῆναι,
4026 780 4075 829 εἰ

2490 871 2565 939 μὴ
2600 874 2632 939 ἡ
2666 871 2810 943 ψυχὴ
2860 872 3140 926 πιστεύσει
3188 873 3247 937 te
3296 872 3424 939 ὅλης
3460 870 3688 941 καρδίας
3712 869 3829 965 Δτῷ⁸
3854 870 4071 965 Kochs:

2486 963 2839 1033 ἀρνησαμένη
2889 964 2982 1015 τὸν
3027 963 3199 1016 αἰῶνα
3245 962 3455 1027 τοῦτον,
3492 962 3589 1014 καὶ⁸
3630 963 3664 1029 ὴ
3708 960 3939 1027 δυνάμις
3974 960 4071 1009 τοι]

2487 1053 2670 1107 θεῖκοῦ
2722 1054 3035 1123 Πνεύματος
3080 1056 3399 1121 ἐπισυνάξαι
3450 1054 3680 1107 δύναται
3730 1051 3827 1121 τὴν
3875 1053 4074 1117 ἐσκορ-

2488 1146 2760 1216 πισμένην
2791 1147 3020 1217 καρδίαν
3051 1148 3109 1199 ἐν
3134 1146 3231 1219 ὅλῃ
3273 1149 3340 1217 τῇ
3368 1148 3462 1216 γῇ,
3500 1148 3579 1208 είς
3607 1143 3706 1214 τὴν
3738 1142 3833 1196 τοῦ
3856 1143 4072 1211 Κυρίου

2487 1236 2728 1306 ἀγάπην,
2766 1236 2861 1289 καὶ
2892 1238 2968 1299 εἰς
2992 1236 3081 1288 τὸν
3109 1234 3325 1289 αἰώνιον
3354 1235 3559 1304 κόσμον
3585 1234 3646 1287 τὸ
3672 1234 3928 1304 φρόνημα
3974 1248 4074 1301 με·

2487 1328 2799 1396 τατεθῆναι.
2857 1330 2989 1381 Ἀπὸ
3028 1330 3134 1399 γὰρ
3183 1329 3285 1397 τῆς
3333 1328 3425 1379 τοῦ
3472 1328 3646 1394 Ἀδὰμ
3696 1326 4071 1395 παραϐάσεως

2488 1418 2925 1487 ἐσκορπίσθησαν
2956 1418 3063 1471 ἀπὸ
3105 1418 3205 1486 τῆς
3255 1418 3477 1486 ἀγάπης
3522 1416 3617 1469 τοῦ
3663 1413 3798 1467 Θεοῦ
3842 1414 4069 1479 οίλογι-

2489 1510 2617 1577 σμοὶ
2649 1508 2747 1576 τῆς
2793 1508 2993 1578 ψυχῆς,
3031 1512 3112 1573 είς
3150 1509 3241 1561 τὸν
3291 1510 3463 1562 αἰῶνα
3499 1509 3708 1567 τοῦτον,
3752 1506 4069 1574 συμμιγέν-

2486 1617 2575 1660 τες
2632 1600 2831 1663 ὑλικοῖς
2883 1600 2975 1652 καὶ
3023 1601 3232 1668 γηῖνοις
3288 1600 3593 1668 λογισμοῖς.
3642 1599 3782 1650 Ἀλλ’
3810 1598 4011 1666 ὥσπερ
4042 1598 4070 1649 ὁ

2501 1690 2669 1759 Ἀδὰμ
2700 1692 2952 1759 παραϐὰς
2985 1693 3166 1761 ζύμην
3197 1691 3397 1753 κακίας
3434 1690 3622 1743 παθῶν
3657 1689 3954 1752 ὑπεδέξατο
3990 1691 4070 1751 είς

2488 1784 2699 1848 ἑαυτὸν,
2734 1785 2827 1837 καὶ
2856 1784 3026 1847 οὕτως
3052 1786 3191 1837 κατὰ
3246 1785 3478 1853 μετοχὴν
3508 1784 3556 1834 οἱ
3585 1782 3642 1848 ἐξ
3676 1782 3840 1834 αὑτοῦ
3870 1796 4071 1850 γεννη-

2488 1874 2690 1937 θέντες,
2724 1876 2815 1929 καὶ
2848 1878 2952 1927 πᾶν
2991 1877 3049 1928 τὸ
3087 1876 3243 1943 γένος
3286 1875 3478 1942 Ἀδὰμ,
3514 1875 3727 1944 ἐκείνης
3753 1874 3849 1941 τῆς
3887 1874 4071 1942 ζύμης

2488 1965 2747 2033 μετέσχε·
2783 1967 2872 2018 καὶ
2907 1967 3090 2019 λοιπὸν
3120 1968 3257 2019 κατὰ
3289 1966 3575 2035 προκοπὴν
3604 1968 3697 2018 καὶ
3724 1964 3955 2034 αὔξησιν
3989 1968 4070 2027 εἰς

2483 2056 2733 2109 τοσοῦτον
2782 2057 3019 2127 ηὔξησεν
3069 2059 3126 2110 ὲν
3172 2059 3284 2120 τοῖς
3335 2056 3644 2128 ἀνθρώποις
3683 2056 3749 2109 τά
3786 2056 3935 2125 πάθη
3966 2055 4070 2122 τῆς

2484 2145 2778 2215 ἁμαρτίας,
2810 2145 2949 2199 ὥστε
3006 2147 3109 2210 ἕως
3156 2148 3449 2218 πορνειῶν,
3486 2148 3580 2199 καὶ
3615 2147 3939 2215 ἀσελγειῶν,
3972 2149 4068 2200 καὶ

2482 2237 2961 2307 είδωλολατρειῶν,
2998 2239 3089 2290 καὶ
3141 2240 3335 2305 φόνων,
3393 2238 3486 2291 καὶ
3530 2240 3734 2308 ἑτέρων
3769 2240 4066 2307 ἀτοπημά-

2480 2346 2587 2381 των
2615 2329 2883 2398 χωρῆσαι,
2912 2332 3015 2393 ἓως
3043 2326 3101 2383 οὗ
3144 2331 3400 2401 ἐζυμώθη
3431 2334 3497 2401 τῇ
3543 2332 3711 2401 κακίᾳ
3763 2334 3795 2401 ἡ
3853 2334 4070 2401 ἀνθρωο

2482 2422 2687 2490 πότης·
2722 2423 2815 2474 καὶ
2864 2427 2943 2487 είς
2995 2424 3249 2477 τοσοῦτον
3295 2424 3534 2494 ηὔξησεν
3558 2427 3613 2477 ἐν
3663 2425 3977 2493 ἀνθρώποις
4010 2426 4071 2478 τὸ

2482 2513 2668 2577 κακὸν,
2705 2513 2781 2577 ὡς
2812 2514 3058 2583 νομίζειν
3112 2517 3253 2585 μήτε
3305 2511 3446 2569 εἶναι
3496 2516 3650 2583 Θεὸν,
3706 2518 3843 2570 ἀλλὰ
3898 2517 4068 2578 λίθοις

2488 2604 2714 2673 ἀψύχοις
2761 2608 3162 2676 προσκυνῆσαι,
3193 2610 3331 2678 μήτε
3382 2610 3487 2661 κᾶν
3540 2610 3646 2671 ἓως
3678 2610 3887 2671 ἐννοίας
3934 2612 4069 2662 Θεὸν

2481 2695 2778 2765 λαμὸάνειν
2826 2698 3104 2763 δύνασθαι,
3142 2702 3222 2763 εἰς
3274 2700 3529 2753 τοσοῦτον
3579 2700 3865 2770 ὲζύμωσεν
3899 2705 3934 2773 η
3965 2704 4066 2771 τῆς

2480 2787 2681 2849 κακίας
2732 2788 2838 2842 τῶν
2894 2789 3081 2843 παθῶν
3140 2790 3286 2859 ζύμη
3340 2791 3402 2843 τὸ
3459 2792 3614 2859 γένος
3675 2794 3767 2846 τοῦ
3835 2795 4067 2848 παλαιοῦ

2507 2879 2680 2947 Αδὰμ.

2551 2969 2623 3022 Γ¹.
2659 2970 2763 3022 Τὸν
2796 2970 2959 3023 αὑτὸν
2990 2972 3191 3041 τρόπον
3231 2973 3531 3044 εὐδόκησεν
3582 2976 3611 3028 ὁ
3665 2977 3871 3045 Κυριος
3913 2978 3971 3029 ἐν
4004 2983 4065 3048 τῇ

2478 3059 2741 3131 ἐπιδημίᾳ
2772 3062 2939 3113 αὑτοῦ
2973 3062 3166 3114 παθεῖν
3213 3064 3351 3135 ὑπὲρ
3402 3067 3644 3131 πάντων,
3676 3068 3769 3119 καὶ
3797 3070 4068 3139 ἀγοράσαι

806 3136 1096 3204 sanguine,
1121 3148 1176 3193 et
1197 3140 1528 3197 fermentum
1549 3147 1771 3201 cmleste
1801 3147 2064 3206 bonitatis
2089 3154 2379 3211 infundere
2408 3169 2451 3228 ο
2485 3170 2497 3204 ε

2376 3183 2379 3207 ;
2408 3169 2451 3228 c
2485 3153 2681 3215 αὐτοὺς
2723 3152 2800 3223 τῷ
2856 3154 2969 3223 ίδίῳ
2999 3155 3217 3222 αἵματι,
3249 3158 3345 3209 καὶ
3369 3158 3549 3229 ζύμην
3574 3136 4067 3230 ἐπουράνιον-ἀγαο

807 3224 1061 3281 fidelibus
1088 3230 1377 3287 animabus
1417 3236 1522 3289 sub
1547 3237 1738 3307 jugum
1760 3242 1971 3309 peccati
2016 3244 2253 3299 redactis
2283 3263 2294 3299 :
2322 3255 2377 3300 et

806 3316 879 3374 ita
928 3321 1275 3389 promotione
1327 3340 1391 3380 ac
1453 3327 1794 3385 incremento
1838 3348 2059 3388 omnem
2113 3336 2377 3406 justitiam

806 3409 1207 3477 mandatorum,
1245 3431 1546 3488 omnesque
1578 3422 1814 3477 virtutes
1850 3425 1904 3477 in
1946 3427 2026 3479 eis
2078 3429 2377 3497 complere,

807 3500 983 3555 donec
1007 3502 1472 3561 fermentarentur
1502 3509 1557 3563 in
1589 3527 1759 3566 unum
1798 3513 1852 3567 in
1892 3514 2058 3579 bono,
2088 3526 2144 3571 et
2185 3518 2381 3573 tierent

806 3609 924 3646 cum
948 3593 1171 3649 Domino
1200 3615 1337 3652 unus
1366 3598 1595 3670 Spiritus
1616 3604 1684 3668 ",
1734 3606 1889 3675 juxta
1941 3608 2148 3663 dictum
2201 3612 2376 3677 Pauli,

809 3686 881 3738 ita
936 3695 997 3739 ut
1040 3689 1248 3743 malitia
1287 3705 1350 3744 ac
1386 3694 1654 3761 nequitia,
1701 3711 1769 3750 ne
1828 3702 2117 3766 pervenire
2156 3704 2377 3770 quidem

808 3774 978 3841 possit
1013 3775 1079 3831 ad
1125 3778 1511 3847 cogitationem
1548 3782 1765 3848 animas,
1799 3783 2006 3854 Spiritu
2045 3789 2234 3845 divino
2264 3793 2375 3861 pla»

806 3880 875 3918 ne
911 3880 973 3919 ac
1018 3867 1238 3935 penitus
1286 3870 1647 3936 fermentata,
1688 3885 1749 3929 ut
1786 3876 1994 3933 dictum
2035 3892 2160 3935 est:
2194 3883 2379 3938 Chari-

807 3963 889 4007 tas
916 3971 1017 4007 non
1041 3960 1235 4025 cogitat
1266 3960 1547 4028 malum",
1576 3973 1631 4017 et
1651 3981 1773 4034 qua:
1799 3978 2126 4038 sequuntur.
2158 3972 2378 4044 Absque

806 4046 1074 4101 fermento
1108 4064 1237 4104 vero
1270 4053 1503 4119 caelesti,
1537 4057 1683 4123 quod
1726 4067 1810 4112 est
1836 4062 2015 4115 virtus
2042 4062 2213 4117 divini
2259 4065 2380 4135 Spi-

807 4138 1095 4209 ritus.90
1116 4139 1435 4199 fermentari
1467 4147 1712 4204 bonitate
1744 4151 1982 4218 Domini,
2016 4163 2072 4208 et
2102 4156 2169 4209 ad
2208 4158 2379 4213 vitam

804 4231 1096 4299 pervenire
1127 4233 1387 4300 animam,
1417 4253 1646 4305 prorsus
1686 4256 1795 4296 non
1845 4253 2048 4313 potest.
2094 4246 2247 4301 Sicut
2278 4266 2379 4305 nec

803 4335 975 4387 genus
1024 4321 1153 4375 Atla:
1207 4323 1274 4378 ad
1324 4334 1530 4380 tantam
1601 4331 1862 4385 malitiam
1921 4350 1986 4388 ac
2070 4340 2376 4407 nequitiam

804 4412 1049 4464 converti
1078 4422 1315 4480 poterat,
1353 4418 1457 4471 nisi
1487 4420 1708 4475 malitia:
1737 4422 2089 4493 fermentum,
2120 4433 2265 4499 quod
2294 4444 2378 4488 est

806 4513 1110 4571 peceatum,
1167 4516 1221 4557 et
1264 4505 1491 4564 facultas
1521 4512 1767 4579 qucedam
1812 4519 1981 4573 animi
2032 4521 2248 4578 Satana:
2294 4526 2377 4578 in-
2408 4507 2451 4561 D

806 4592 1100 4656 tellectiva,
1134 4611 1258 4649 cum
1295 4596 1683 4659 subintrasset.

871 4765 957 4821 Ν.
990 4766 1461 4833 Quemadmodum
1483 4776 1652 4841 enim,
1672 4779 1717 4832 si
1736 4782 1859 4849 quis
1886 4783 2114 4842 farinam
2134 4791 2372 4862 subigat,

800 4871 904 4910 nec
926 4856 1257 4913 fermentum
1301 4862 1539 4931 injiciat,
1573 4880 1912 4940 quantOpere
1958 4876 2213 4932 videatur
2256 4882 2371 4936 cla-

800 4947 1015 5010 borare,
1049 4949 1324 5005 invertere
1362 4969 1422 5007 ac
1467 4959 1704 5025 operari,
1749 4960 2004 5019 fermenti
2054 4982 2252 5039 expers
2292 4981 2378 5026 est

800 5053 998 5103 massa,
1031 5050 1087 5094 et
1108 5041 1175 5095 ad
1205 5058 1361 5097 esum
1394 5047 1575 5102 minus
1606 5055 1913 5109 commoda.
1948 5057 2051 5113 Ubi
2079 5077 2209 5116 vero
2249 5064 2377 5135 inji-

798 5129 978 5183 ciatur
995 5130 1349 5199 fermentum,
1371 5139 1540 5191 trabit
1563 5141 1629 5194 ad
1650 5158 1707 5196 se
1730 5153 1892 5199 totam
1911 5147 2098 5205 farinae
2120 5169 2375 5221 massam,

798 5222 1089 5292 redditque
1138 5234 1307 5280 totam
1356 5228 1773 5301 fermentatam;
1823 5239 1966 5293 sicut
2006 5252 2063 5296 et
2112 5244 2378 5303 Dominus

798 5328 1026 5381 regnum
1058 5318 1405 5385 assimilavit,
1438 5324 1664 5381 dicens:
1702 5328 1886 5384 Simile
1920 5343 1995 5386 est
2036 5352 2255 5406 regnum
2277 5357 2379 5394 caa-

799 5410 970 5460 lorum
1010 5411 1285 5479 fermento,
1319 5418 1458 5486 quod
1500 5431 1767 5489 acceptum
1804 5426 1993 5479 mulier
2029 5429 2299 5485 abscondit
2320 5436 2376 5487 in

795 5502 990 5570 furium
1029 5507 1159 5559 satis
1206 5509 1391 5574 tribus,
1442 5513 1602 5564 donec
1648 5513 2058 5581 fermentaretur
2114 5532 2281 5579 totum
2306 5529 2372 5582 ’⁷.

800 5592 903 5647 Ant
934 5597 1127 5664 veluti,
1153 5601 1199 5654 si
1224 5602 1347 5670 quis
1370 5617 1564 5659 carnes
1590 5607 1809 5673 habeat,
1829 5626 2131 5683 earumque
2153 5634 2376 5677 conscr-

870 5782 909 5810 ²¹
931 5781 1160 5851 ΙἸιιίίίνρ.
1200 5803 1276 5842 lt',
1302 5788 1387 5839 :20.

1472 5788 1552 5840 τδΙ
1587 5794 1679 5843 (Lm
1753 5810 1819 5851 ιι,
1858 5794 1914 5847 l7

2016 5798 2099 5851 "l
2132 5799 2254 5851 Cor.
2295 5816 2407 5861 xm,
2442 5804 2487 5856 7.

2482 3243 2705 3311 οότητος
2760 3245 2992 3299 ἐνθεῖναι
3047 3249 3167 3309 ταῖς
3226 3251 3443 3311 πισταίς
3488 3250 3688 3320 ψυχαῖς
3720 3253 4070 3305 ταπεινωθεῖ-

2483 3351 2601 3399 σαις
2642 3338 2747 3391 ὑπὸ
2801 3340 2899 3409 τὴν
2955 3340 3268 3410 ἁμαρτίαν·
3333 3344 3429 3396 καὶ
3491 3344 3636 3397 οὕτω
3682 3344 3868 3396 λοιπὸν
3924 3347 4067 3397 κατὰ

2490 3427 2773 3497 προκοπὴν
2810 3428 2902 3480 καὶ
2939 3428 3190 3500 αὔξησιν,
3222 3433 3405 3486 πᾶσαν
3434 3432 3781 3502 δικαιοσύνην
3810 3435 4064 3495 ἐντολῶν,

2481 3518 2574 3568 καὶ
2605 3516 2783 3581 πάσας
2830 3520 3026 3587 ἀρετάς
3061 3522 3117 3573 ἐν
3150 3522 3347 3585 αὐτοῖς
3394 3524 3730 3587 ἐπιτελέσαι,
3759 3525 3861 3586 ἕως
3889 3522 3949 3579 οὗ
3974 3526 4067 3589 ζυ-

2484 3607 2737 3677 μωθῶσιν
2760 3610 2839 3672 είς
2865 3608 2922 3662 ἓν
2954 3613 3011 3662 ἐν
3036 3610 3114 3680 τῷ
3144 3612 3356 3681 ἀγαθῷ,
3385 3614 3481 3665 καὶ
3506 3614 3771 3680 γένωνται
3803 3615 3947 3683 μετά
3971 3615 4065 3667 τοῦ

2482 3702 2685 3769 Κυρίου
2738 3703 2817 3763 είς
2848 3701 2906 3753 ἒν
2942 3703 3166 3773 Πνεῦμα
3201 3705 3343 3757 κατά
3390 3705 3450 3759 τὸ
3481 3706 3661 3773 λόγιον
3692 3708 3929 3772 Παύλου,
3972 3727 4069 3763 κα-

2482 3792 2604 3853 κίας
2657 3794 2749 3844 καὶ
2810 3795 3075 3863 πονηρίας
3132 3796 3267 3865 μηδέ
3302 3797 3495 3867 μέχρις
3530 3800 3739 3862 ἐννοίας
3768 3800 3943 3853 ἐλθεῖν
3974 3802 4068 3854 δυ-

2481 3882 2721 3951 ναμένης
2752 3884 2812 3935 ἐν
2843 3887 2905 3953 τῇ
2939 3884 3240 3959 ζυμωμένῃ
3268 3890 3411 3958 ψυχῇ
3449 3890 3543 3960 ὅλῃ
3583 3890 3639 3957 ἐξ
3670 3892 3790 3943 ὅλου
3832 3893 3911 3961 τῷ
3940 3893 4067 3962 θείῳ

2480 3974 2779 4043 Πνεύματι,
2809 3975 2990 4039 καθὼς
3021 3977 3257 4045 εἴρηται,
3278 3980 3339 4033 Ἡ
3352 3980 3552 4050 ἀγάπη
3585 3984 3657 4036 οὐ
3678 3982 3973 4051 λογίζεται
4004 3986 4067 4037 τὸ

2479 4066 2689 4130 κακὸν,
2729 4068 2820 4120 καὶ
2873 4068 2940 4120 τὰ
2973 4070 3260 4125 ἀκόλουθα.
3308 4074 3471 4124 Ἀνευ
3512 4073 3570 4126 δὲ
3623 4075 3716 4127 τοῦ
3763 4075 4067 4145 προζυμίου

2479 4155 2572 4207 τοῦ
2614 4158 2959 4228 ἐπουρανίου,
2994 4160 3132 4229 ὅπερ
3187 4163 3335 4215 ἐστὶν
3366 4165 3398 4231 ή
3432 4163 3527 4216 τοῦ
3564 4164 3711 4218 θείου
3744 4164 4068 4236 Πνεύματος

2477 4248 2726 4318 δύναμις,
2776 4249 3095 4321 ζυμωθῆναι
3129 4255 3187 4304 ἐν
3219 4256 3284 4324 τῇ
3320 4257 3652 4326 χρηστότητι
3701 4257 3797 4310 τοῦ
3832 4258 4065 4328 Κυρίου,

2478 4338 2572 4390 καὶ
2600 4341 2938 4409 καταντῆσαι
2984 4341 3162 4409 ψυχὴν
3214 4344 3293 4405 είς
3321 4344 3485 4413 ζωὴν,
3519 4344 3803 4399 ἀδύνατον.
3846 4347 4066 4419 Ὠσπερ

2477 4431 2598 4484 οὐδὲ
2627 4432 2687 4484 τὸ
2733 4433 2888 4501 γένος
2921 4433 3015 4487 τοῦ
3052 4434 3224 4505 Ἀδὰμ
3275 4438 3356 4499 εἰς
3408 4438 3679 4507 τοσαύτην
3726 4441 3925 4493 κακίαν
3974 4443 4068 4495 καὶ

2484 4525 2751 4592 πονηρίαν
2780 4523 3127 4593 ἐκτραπῆναι
3160 4523 3414 4593 ἠδύνατο,
3460 4528 3507 4578 εί
3543 4528 3616 4598 μὴ
3649 4529 3708 4580 τὸ
3735 4529 3835 4597 τῆς
3866 4532 4067 4592 κακίας

2482 4614 2802 4682 προζύμιον,
2836 4615 2972 4684 ὅπερ
3001 4617 3147 4669 ἐστὶν
3176 4619 3206 4687 ἡ
3242 4617 3510 4687 ἁμαρτία,
3536 4619 3861 4689 ὑπεισῆλθεν
3892 4622 4061 4690 αὐτῷ,

2483 4706 2673 4776 λογική
2704 4724 2787 4769 τις
2821 4706 2955 4760 οὖσα
2990 4710 3081 4760 καὶ
3110 4709 3271 4781 νοερά
3297 4710 3525 4778 δύναμις
3550 4711 3641 4763 τοῦ
3671 4713 3867 4766 Σατᾶν.

2554 4802 2625 4850 Δ¹.
2659 4799 2869 4870 Ὥσπερ
2901 4800 3008 4869 γὰρ
3052 4802 3146 4854 ἐάν
3178 4817 3260 4863 τις
3290 4802 3493 4872 ἄλευρα
3527 4804 3768 4874 φυράσῃ,
3809 4806 3881 4873 μὴ
3931 4805 4062 4876 βάλῃ

2481 4886 2537 4939 δὲ
2564 4887 2888 4958 προζύμιον,
2923 4891 3045 4943 ὅσον
3074 4890 3140 4943 ἂν
3171 4892 3301 4961 δοκῇ
3342 4894 3722 4961 ἐπιμελεῖσθαι
3759 4895 3852 4947 καὶ
3895 4914 4064 4965 μετα-

2483 4979 2721 5044 ϐάλλειν,
2766 4981 2859 5033 καὶ
2891 4982 3351 5056 κατεργάζεσθαι,
3387 4985 3596 5054 ἄζυμόν
3648 4986 3764 5038 ἐστι
3795 4987 3854 5039 τὸ
3889 4988 4063 5059 φύρα-

2487 5087 2584 5138 μα,
2620 5072 2710 5123 καὶ
2742 5073 3113 5143 ἀνεπιτήδειον
3157 5077 3234 5136 εἰς
3272 5074 3508 5144 βρῶσιν·
3546 5076 3684 5130 ἐπάν
3714 5076 3771 5130 δὲ
3826 5078 4000 5149 βληθῇ
4032 5082 4063 5149 ἡ

2485 5159 2653 5231 ζύμη,
2690 5161 2840 5215 ἕλκει
2890 5161 3027 5230 πρὸς
3070 5162 3240 5231 αὐτὴν
3270 5164 3389 5215 ὅλον
3420 5164 3480 5215 τὸ
3507 5163 3599 5217 τοῦ
3629 5165 3859 5236 ἀλεύρου
3890 5168 4065 5239 φύρα-

2487 5270 2584 5322 μα,
2636 5253 2731 5306 καὶ
2776 5253 3152 5323 ἀπεργάζεται
3194 5255 3314 5308 ὅλον
3361 5254 3562 5325 ζύμην,
3605 5257 3858 5329 καθάπερ
3912 5262 4007 5313 καὶ
4037 5265 4063 5314 ὀ

2485 5342 2688 5414 Κύριος
2736 5345 3039 5414 παρείκασε
3099 5344 3195 5415 τὴν
3249 5346 3546 5414 βασιλείαν,
3604 5348 3796 5411 εἰπὼν,
3869 5349 4064 5420 Ὁμοία

2481 5437 2654 5489 ἐστὶν
2686 5437 2723 5503 ἡ
2748 5437 3038 5501 βασιλειά
3084 5436 3202 5489 τῶν
3230 5438 3503 5504 οὐρανῶν
3532 5438 3699 5509 ζύμῃ,
3738 5440 3817 5509 ἢν
3844 5444 4060 5497 λαϐοῦ-

2483 5544 2567 5582 σα
2616 5530 2771 5597 γυνὴ
2810 5530 3079 5597 ἔκρυψεν
3115 5532 3199 5594 εἰς
3241 5531 3503 5598 ἀλεύρου
3559 5532 3717 5586 σάτα
3770 5535 3925 5602 τρία,
3954 5536 4062 5602 ἓως

2484 5617 2555 5677 οὖ
2582 5620 2843 5690 ἐζυμώθη
2865 5622 3032 5675 ὅλον.
3067 5623 3135 5674 Ἢ
3166 5621 3354 5693 ὥσπερ
3391 5621 3544 5698 ἐάνῇ
3578 5626 3735 5697 κρέα,
3755 5626 3848 5680 καὶ
3882 5629 4063 5683 πᾶσαν

2567 5803 2607 5833 ³⁷
2665 5803 2852 5858 Matth.
2882 5821 2991 5870 xm,
3021 5806 3116 5864 35;
3164 5805 3298 5859 Luc.
3328 5823 3440 5866 χιιι,
3472 5807 3558 5861 21.
