4282 6364
206 394 309 459 565

1397 395 1763 457 HOMILME.
1797 418 1865 429 -
1898 393 2085 457 ΗΟΜ.
2127 399 2329 460 XXIV.

3380 412 3484 476 866

208 510 309 575 μὲν
338 504 521 557 αὐτῶν
557 504 874 574 ἐπιμέλειαν
922 505 1217 577 ποιήσηταί
1262 522 1368 572 τις,
1420 506 1495 577 μὴ
1546 506 1706 577 ἀλίση
1735 504 1792 557 δὲ
1824 519 1870 566 Α

1789 524 1792 552 :
1824 519 1870 566 Α
1900 507 2199 563 vandarum
2232 511 2553 581 diligentem
2573 527 2761 571 curam
2792 520 3078 591 suscipiat,
3102 540 3212 580 non
3257 534 3480 588 condiat

205 600 369 652 ἅλατι
416 598 495 669 τῷ
536 599 644 650 τῶν
687 599 986 670 σκωλήκων
1018 597 1369 669 ἀωιρετικῷ,
1398 598 1495 652 καὶ
1525 596 1791 661 δυσωδίας

206 689 576 759 ἀφανιστικῷ,
623 692 738 744 δζει
768 694 863 745 καὶ
893 693 1169 761 σέσηπται
1204 689 1279 745 τὰ
1303 691 1467 762 κρέα,
1494 691 1589 744 καὶ
1617 690 1794 760 ἀχρήδ

208 799 347 851 σιμα
378 782 671 852 γεγένηται
704 785 820 845 τοῖς
863 781 1206 852 ἀνθρώποις·
1244 783 1336 835 τὸν
1387 781 1551 835 αὑτὸν
1588 781 1790 851 τρόπον

206 873 412 926 ὑπόθου
450 891 540 943 μοι
571 875 751 926 πᾶσαν
779 872 877 944 τὴν
908 871 1305 945 ἀνθρωπότητα
1331 873 1498 946 κρέας
1526 867 1668 925 εἶναι
1698 874 1791 926 καὶ

206 966 427 1035 ἄζυμα·
459 966 520 1018 τὸ
545 965 602 1017 δὲ
635 964 769 1029 άλας
797 968 893 1019 καὶ
925 966 986 1019 τὸ
1020 966 1321 1036 προζύμιον
1347 967 1405 1031 ἐξ
1436 966 1621 1035 ἑτέρου
1651 966 1789 1018 αίῶ-

207 1074 296 1119 νος
319 1057 428 1109 νόει
454 1056 551 1127 τὴν
578 1056 730 1110 θείαν
771 1056 935 1126 φύσιν
968 1057 1062 1110 τοῦ
1100 1056 1255 1125 ἁγίου
1287 1056 1622 1123 Πνεῦματος.
1664 1057 1793 1109 Ἐάν

204 1145 300 1202 οὖν
349 1148 425 1219 μὴ
470 1150 637 1219 μιγῇ,
664 1150 758 1202 καὶ
793 1148 963 1221 βληθῇ
992 1151 1072 1211 είς
1110 1152 1208 1220 τὴν
1238 1148 1663 1203 ταπεινωθεῖσαν
1690 1150 1795 1217 φύ-

209 1257 295 1292 σιν
341 1240 450 1293 τῶν
495 1238 819 1311 ἀνθρώπων,
864 1240 924 1306 ἐξ
961 1241 1165 1295 ἐκείνου
1199 1240 1295 1294 τοῦ
1345 1239 1564 1305 αἰῶνος,
1595 1240 1692 1294 καὶ
1735 1240 1795 1304 ἐξ

211 1333 433 1403 ἐκείνης
484 1334 586 1403 τῆς
631 1332 889 1404 πατρίδος
920 1334 954 1405 ἡ
985 1333 1305 1404 ἐπουράνιος
1330 1330 1425 1385 τοῦ
1474 1328 1794 1402 Πνεύματος

210 1422 381 1493 ζύμη,
432 1423 527 1475 καὶ
567 1421 629 1474 τὸ
680 1420 886 1489 ἀγαθὸν
918 1422 1016 1492 τῆς
1059 1420 1314 1491 θεότητος
1343 1420 1499 1488 ἀγιον
1533 1418 1691 1483 ἅλας,
1730 1420 1789 1472 οὐ

212 1514 287 1583 μὴ
344 1513 654 1583 μεταλλαγῇ
699 1515 732 1583 ἡ
781 1512 928 1583 ψυχὴ
969 1512 1078 1566 ἀπὸ
1113 1511 1214 1581 τῆς
1246 1512 1509 1575 δυσωδίας
1555 1512 1656 1581 τῆς
1699 1528 1795 1563 κα-

209 1606 358 1669 κίας,
390 1604 500 1657 οὐδ’
532 1606 595 1657 οὐ
632 1606 705 1675 μὴ
743 1605 970 1677 ζυμωθῇ
1014 1605 1122 1657 ἀπὸ
1166 1604 1265 1674 τῆς
1324 1604 1649 1675 βαρύτητος,
1700 1604 1795 1658 καὶ

207 1694 547 1764 άζυμότητος
571 1692 671 1762 τῆς
696 1693 979 1763 πονηρίας.

280 1782 357 1837 Ε’.
389 1784 532 1836 Ὀσα
556 1783 665 1854 γάρ
696 1782 788 1851 ἀφ’
817 1782 1017 1852 ἑαυτῆς
1056 1783 1088 1855 ἡ
1118 1782 1266 1854 ψυχὴ
1295 1782 1441 1836 δοκεῖ
1470 1784 1663 1849 ποιεῖν,
1694 1782 1790 1837 καὶ

208 1843 614 1942 ἐπιμελεῖσθαί,
636 1843 757 1925 ’καί
782 1843 1145 1943 ιπιτηδεγύείν,
1286 1872 1394 1925 ίδία
1435 1843 1661 1943 δυνάμει
1696 1873 1789 1943 μό-
1818 1843 1865 1903 Β

208 1982 299 2016 νον
333 1961 727 2033 ἐπερειδομένη
758 1963 854 2016 καὶ
894 1963 1117 2032 οἰομένη
1165 1962 1423 2016 δύνασθαι
1448 1962 1663 2015 τελείαν
1691 1962 1789 2033 τὴν

208 2058 549 2127 κατόρθωσιν
607 2055 673 2110 δι’
740 2055 942 2126 ἑαυτῆς
999 2057 1128 2111 ἀνευ
1182 2055 1284 2125 τῆς
1344 2054 1665 2126 συνεργείας
1694 2054 1789 2108 τοῦ

208 2147 529 2219 Πνεύματος
603 2145 1075 2218 κατεργάσασθαι,
1134 2146 1269 2200 πολὺ
1353 2147 1643 2200 πλανᾶται.
1714 2146 1788 2198 Οὐ

207 2239 537 2310 χρησιμεύει
562 2237 672 2310 γὰρ
703 2240 783 2301 είς
822 2237 948 2301 τοὺς
977 2237 1260 2308 οὐρανίους
1300 2237 1530 2301 τόπουςο
1561 2238 1621 2289 οὐ
1651 2254 1789 2309 χρη.

209 2329 427 2401 σιμεύει
478 2331 543 2400 τῇ
584 2328 834 2400 βασιλείᾳ
882 2329 917 2399 ἡ
952 2328 1046 2398 ἀφ’
1098 2329 1296 2399 ἑαυτῆς
1353 2328 1451 2382 καὶ
1485 2327 1552 2381 δι’
1588 2329 1787 2399 ἑαυτῆς

214 2422 401 2489 μόνον,
424 2420 549 2473 ἀνευ
572 2419 665 2472 τοῦ
698 2419 1035 2490 Πνεῦματος,
1062 2418 1280 2490 οἰομένη
1310 2418 1409 2490 τὴν
1449 2418 1660 2473 τελείαν
1688 2437 1787 2473 κα-

208 2513 492 2584 θαρότητα
531 2509 900 2582 κατορθῶσαι.
947 2511 1072 2565 Ἐὰν
1106 2509 1216 2583 γὰρ
1268 2509 1342 2581 μὴ
1399 2510 1675 2583 προσέλθῃ
1712 2512 1789 2583 τῷ

207 2604 329 2674 Θεῷ
356 2604 385 2655 ὁ
428 2603 531 2656 ὑπὸ
559 2602 668 2655 τῶν
702 2602 891 2657 παθῶν
922 2601 1311 2685 ὲνεργούμενος
1356 2603 1660 2674 ἄνθρωπος,
1692 2605 1792 2675 ἀρ-

207 2697 515 2766 νησάμενος
543 2692 638 2748 τὸν
672 2694 898 2764 κόσμον,
945 2696 1039 2747 καὶ
1074 2695 1340 2767 πιστεύσῃ
1380 2698 1438 2750 ὲν
1487 2696 1663 2749 ἐλπίδι
1692 2696 1789 2749 καὶ

210 2787 461 2856 ὑπομονῇ
482 2785 736 2852 δέξασθαι
762 2784 911 2849 ξένον
930 2802 982 2838 τι
1012 2788 1112 2856 τῆς
1144 2786 1275 2849 ίδίας
1306 2788 1519 2855 φύσεως
1566 2786 1789 2855 ἀγαθὸν,

208 2880 350 2949 ὅπερ
396 2879 545 2931 ἐστὶν
594 2880 628 2948 ὴ
678 2876 908 2946 δύναμις
954 2876 1050 2930 τοῦ
1099 2878 1255 2946 ἁγίου
1307 2879 1644 2948 Πνεύματος,
1698 2879 1792 2933 καὶ

210 2966 446 3040 ἐνστάξῃ
470 2970 537 3039 τῇ
566 2968 710 3038 ψυχῇ
741 2968 947 3021 ἀνωθεν
972 2968 1001 3020 ὀ
1024 2968 1227 3037 Κύριος
1252 2968 1397 3039 ζωὴν
1421 2968 1695 3040 θεότητος,
1728 2972 1790 3024 οὐ

212 3062 289 3131 μὴ
322 3060 578 3131 αἴσθηται
611 3061 755 3130 ζωῆς
792 3059 1048 3131 ἀληθινῆς
1084 3062 1114 3112 ὁ
1138 3060 1398 3127 τοιοῦτος,
1450 3061 1560 3116 οὐδ’
1606 3063 1666 3116 οὐ
1714 3064 1790 3135 μὴ

1896 607 2082 655 autem
2118 603 2251 667 sale,
2280 604 2373 671 qui
2405 606 2457 659 vi
2490 621 2710 663 vermes
2744 610 3125 679 interimendi.
3148 626 3203 671 et
3247 636 3481 690 graveo-

1895 690 2119 745 lentiam
2162 693 2416 749 abolendi
2454 698 2618 763 valet,
2653 699 2758 755 illa:
2811 718 3009 759 carnes
3034 710 3276 776 graviter
3303 714 3476 780 olent,

1894 794 1958 834 ac
1992 782 2317 850 putrefiunt,
2350 792 2515 856 atque
2564 787 2789 846 inutiles
2826 793 3141 851 hominibus
3188 799 3354 857 fiunt:
3384 820 3475 857 eo-i

1893 873 2018 927 dem
2081 876 2287 941 modo,
2351 888 2557 935 statuas
2614 882 2749 935 mihi
2803 900 3021 941 omnem
3074 889 3474 950 humanitatem

1894 978 2114 1018 carnem
2149 982 2292 1033 esse,
2328 982 2422 1023 aut
2453 988 2687 1027 massam
2714 975 2969 1033 fermenti
3013 991 3331 1051 expertem;
3390 988 3469 1040 sal

1893 1060 2076 1105 autem
2099 1069 2162 1107 ac
2184 1054 2513 1112 fermentum
2530 1076 2596 1115 ex
2617 1064 2794 1117 altero
2814 1067 3012 1120 seculo
3035 1070 3308 1140 intelligas
3327 1088 3470 1140 esse,

1894 1138 2135 1193 divinam
2161 1141 2374 1197 scilicet
2404 1156 2654 1202 naturam
2684 1149 2923 1219 Spiritus
2954 1157 3149 1211 sancti.
3183 1138 3300 1213 Nisi
3334 1138 3469 1232 ergo

1893 1229 2219 1297 permistum
2273 1241 2329 1287 et
2357 1234 2661 1292 immissum
2693 1239 2862 1297 fuerit
2892 1243 2945 1297 in
2986 1245 3331 1304 bumiliatam
3374 1229 3475 1306 na-

1896 1327 2073 1373 turam
2101 1322 2389 1380 hominum
2422 1344 2490 1382 ex
2524 1330 2618 1385 illo
2656 1334 2878 1397 saeculo,
2912 1345 2968 1390 et
3021 1340 3088 1391 ex
3132 1340 3223 1394 illa
3270 1344 3468 1411 patria,

1894 1412 2116 1468 caeleste
2139 1413 2379 1486 Spiritus
2405 1418 2761 1489 fermentum,
2799 1436 3159 1499 sanctumque
3181 1448 3244 1486 ac
3269 1435 3472 1489 bonum

1893 1502 2200 1563 divinitatis
2250 1510 2369 1576 sal,
2414 1527 2524 1566 non
2576 1525 2740 1570 exuet
2794 1519 2977 1573 anima
3040 1527 3468 1590 graveolentiam

1896 1593 2139 1660 malitiae,
2176 1613 2279 1653 nec
2314 1598 2760 1672 fermentabitur,
2803 1608 2878 1663 ita
2924 1618 2986 1664 ut
3024 1610 3261 1681 deponat
3287 1620 3469 1685 gravis

1895 1691 2086 1753 tatem,
2115 1697 2170 1743 et
2200 1706 2373 1746 vacua
2399 1694 2524 1749 sita
2556 1697 2827 1754 fermento
2851 1703 3097 1758 malitiae.

1968 1778 2032 1838 ν.
2072 1784 2422 1854 Quaecunque
2450 1788 2594 1843 enim
2622 1790 2843 1845 videtur
2866 1794 3047 1849 anima
3075 1811 3173 1865 per
3198 1813 3257 1853 se
3281 1815 3466 1870 agerc,

1892 1877 2180 1932 elaborare
2226 1886 2389 1949 atque
2424 1881 2717 1949 perlicere,
2752 1885 2883 1939 solis
2915 1886 3128 1941 viribus
3158 1890 3272 1944 suis
3308 1892 3465 1958 freta,

1890 1977 1947 2022 et
1978 1969 2302 2023 existimans
2333 1984 2391 2023 se
2417 1985 2578 2039 posse
2610 1973 2915 2040 perfectum
2952 1994 3091 2047 opus
3142 1996 3171 2034 a
3221 1997 3278 2035 se
3330 1984 3465 2051 ipsa,

1890 2057 2097 2126 absque
2119 2057 2324 2111 auxilio
2350 2056 2588 2127 Spiritus
2613 2076 2899 2131 peragere,
2922 2072 3040 2119 toto
3062 2069 3203 2122 coelo
3226 2070 3465 2127 aberrat.

1890 2150 2008 2204 Non
2033 2150 2181 2204 enim
2218 2150 2417 2205 idonea
2450 2163 2535 2206 est
2565 2153 2631 2207 ad
2665 2154 2812 2209 locos
2835 2158 3112 2223 cmlestes,
3144 2178 3247 2216 nec
3274 2163 3468 2219 idonea

1891 2241 1960 2297 ad
1992 2258 2246 2312 regnum,
2276 2259 2398 2313 quas
2427 2260 2457 2298 a
2489 2260 2546 2300 se
2572 2246 2713 2315 ipsa,
2737 2257 2791 2302 et
2818 2265 2915 2318 per
2944 2265 3003 2305 se
3035 2254 3230 2317 solam,
3261 2256 3468 2325 absque

1893 2334 2101 2404 Spiritu
2136 2347 2348 2402 saneto,
2378 2338 2656 2393 existimat
2686 2340 2984 2410 perfectam
3024 2348 3319 2415 puritatem
3355 2352 3471 2404 clli—

1892 2442 2037 2482 cere.
2073 2430 2188 2483 Nisi
2226 2432 2372 2484 enim
2404 2431 2470 2485 ad
2515 2431 2683 2487 Deum
2719 2439 3038 2501 accesserit,
3071 2441 3162 2507 qui
3217 2442 3466 2497 aﬂeclio-

1891 2519 2056 2573 nibus
2088 2520 2346 2591 afﬂigitur
2375 2523 2561 2587 homo,
2594 2533 2651 2578 et
2687 2526 2951 2581 mundum
2989 2530 3363 2601 abnegaverit,
3406 2553 3470 2590 ac

1894 2609 1949 2664 in
1972 2627 2067 2681 spe
2086 2628 2148 2667 ac
2174 2615 2438 2682 patientia
2461 2616 2785 2680 crediderit,
2808 2634 2866 2673 se
2885 2632 3269 2691 suscepturum
3292 2629 3468 2694 quod-

1893 2700 2019 2755 dam
2047 2701 2253 2756 bonnm
2290 2703 2491 2757 alinda
2543 2721 2638 2759 sua
2689 2717 2907 2771 natura,
2966 2712 3110 2779 quod
3168 2722 3252 2767 est
3294 2717 3469 2770 virtus

1894 2793 2070 2848 sancti
2104 2792 2373 2863 Spiritus;
2406 2811 2468 2850 ac
2501 2796 2739 2867 desuper
2765 2800 3114 2856 instillaverit
3144 2806 3338 2859 anima:
3366 2807 3470 2861 l'o-

1892 2884 2078 2938 minus
2104 2886 2273 2940 vitam
2305 2886 2572 2953 divinam,
2619 2890 2668 2944 is
2713 2906 3058 2962 nequaquam
3090 2914 3272 2952 veram
3299 2900 3465 2953 vitam

1892 2975 2182 3045 percipiet,
2211 2993 2391 3047 neque
2432 2980 2720 3049 resipiscet
2749 2984 2818 3036 ab
2874 2986 3141 3043 ebrietate
3196 2993 3467 3059 materiai,

1892 3080 1997 3119 nec
2025 3065 2254 3137 fulgebit
2284 3069 2549 3137 splendor
2596 3070 2839 3139 Spiritus
2892 3076 2946 3129 in
3002 3080 3185 3133 anima
3236 3080 3469 3136 obtene-

208 3152 464 3222 ἀνανήψῃ
506 3154 569 3204 ὲκ
621 3154 718 3222 τῆς
771 3152 941 3223 μέθης
998 3152 1098 3223 τῆς
1150 3151 1303 3223 ὕλης,
1353 3154 1414 3206 οὐ
1473 3156 1545 3225 μὴ
1576 3155 1899 3237 αὐγάσῃρ]

1775 3174 1859 3237 gC
1893 3154 2071 3221 brata,
2107 3170 2202 3213 aut
2232 3161 2566 3217 illuminabit
2592 3164 2646 3218 in
2680 3182 2743 3220 ea
2775 3178 3018 3222 sanctam
3069 3170 3262 3237 diem”
3294 3188 3395 3228 nec
3437 3191 3466 3228 τι

212 3241 493 3311 φωτισμὸς
523 3239 617 3294 τοῦ
670 3241 987 3311 Πνεύματος
1027 3243 1087 3294 ὲν
1124 3244 1192 3310 τῇ
1225 3244 1581 3315 ὲσκοτισμένῃ
1615 3244 1784 3315 ψυχῇ,

210 3333 307 3385 καὶ
334 3332 525 3404 λάμψῃ
552 3335 609 3387 ὲν
639 3334 773 3404 αὐτῇ
812 3331 1024 3403 ἡμέραν
1052 3332 1233 3401 ἁγίαν.
1278 3333 1371 3387 καὶ
1402 3335 1466 3388 ὲκ
1497 3335 1591 3388 τοῦ
1622 3335 1789 3405 βαθυ-

212 3426 378 3477 τάτου
414 3424 581 3478 ὓπνου
623 3425 721 3495 τῆς
758 3425 979 3492 ἀγνοίας
1013 3423 1331 3495 ὲξυπνισθῇ,
1382 3426 1479 3478 καὶ
1527 3425 1700 3488 οὓτως
1730 3426 1791 3491 ἐξ

211 3515 476 3585 ἀληθείας
504 3516 707 3586 ἐπιγνῷ
744 3515 876 3568 Θεὸν
903 3516 991 3569 διὰ
1014 3514 1293 3585 δυνάμεως
1317 3514 1475 3580 Θεοῦ,
1507 3518 1602 3569 καὶ
1636 3520 1787 3587 ἐνερο

211 3611 369 3674 γείας
395 3610 635 3679 χάριτος.

284 3701 379 3765 ς’.
430 3698 556 3750 Ἐὰν
604 3696 713 3769 γὰρ
747 3695 825 3767 μὴ
878 3694 1051 3759 οὕτως
1102 3694 1411 3768 καταξιωθῇ
1444 3699 1473 3751 ὁ
1503 3697 1790 3769 ἄνθρωπος

210 3789 302 3840 διὰ
330 3788 427 3856 τῆς
459 3786 695 3850 πίστεως
724 3785 818 3839 τοῦ
861 3786 1046 3839 λαϐεῖν
1071 3788 1253 3857 χάριν,
1280 3789 1375 3841 καὶ
1415 3789 1789 3857 ἀνεπιτήδειος

212 3878 308 3929 καὶ
335 3875 622 3940 ἀνεύθετὸς
653 3878 768 3929 ἐστι
796 3880 861 3947 τῇ
888 3875 1158 3947 βασιλείᾳ·
1188 3878 1282 3931 καὶ
1309 3878 1471 3931 πάλιν
1497 3878 1789 3948 δεξάμενος

208 3966 309 4037 τὴν
342 3967 503 4035 χάριν
542 3965 637 4018 τοῦ
681 3966 998 4037 Πνεύματος
1027 3969 1084 4020 ὲν
1137 3968 1325 4038 μηδενὶ
1370 3969 1789 4039 παρατρεπόμε-

212 4076 324 4122 νος,
372 4058 468 4111 καὶ
512 4058 612 4123 τὴν
656 4062 817 4128 χάριν
846 4057 921 4128 μὴ
955 4058 1253 4128 ἐνυϐρίζων
1280 4059 1347 4113 δι’
1376 4060 1638 4129 ἀμελείας
1692 4062 1787 4114 καὶ

213 4148 619 4220 κακοπραγίας,
651 4151 745 4202 καὶ
774 4148 945 4214 οὕτως
982 4150 1074 4203 ἐπὶ
1125 4150 1336 4221 χρόνοις
1380 4152 1789 4221 ἀγωνισάμενος

216 4246 293 4313 μὴ
324 4243 544 4312 λυπήσῃ
579 4241 640 4293 τὸ
672 4241 919 4312 Πνεῦμα,
948 4242 1236 4311 δυνήσεται
1260 4244 1359 4311 τῆς
1389 4244 1611 4296 αίωνίου
1642 4243 1787 4315 ζωῆς

212 4333 515 4400 ἐπιτυχεῖν.
567 4331 778 4400 Ὠσπερ
828 4331 937 4401 γάρ
994 4347 1078 4393 τις
1138 4331 1451 4387 αἰσθάνεται
1478 4333 1588 4386 τῶν
1637 4336 1790 4403 ὲνερ-

1874 3246 2087 3299 somno
2135 3249 2567 3315 profundissimo
2621 3253 2944 3323 ignorantiae
3003 3259 3356 3322 excitabitur,
3407 3274 3467 3316 ut

1892 3333 1998 3388 hoc
2043 3336 2205 3390 modo
2260 3354 2450 3393 revera
2501 3340 2674 3395 Deum
2707 3358 3005 3412 cognoscat
3046 3363 3146 3414 per
3205 3351 3464 3405 virtutem

1892 3426 1987 3481 Dei
2014 3435 2071 3481 et
2102 3427 2397 3483 efﬁcaciam
2422 3432 2630 3501 gratia}.

1958 3707 2047 3763 Vl.
2078 3708 2193 3763 Nisi
2214 3709 2362 3764 enim
2379 3710 2456 3766 sic
2478 3711 2677 3783 dignus
2693 3715 2967 3771 habeatur
2990 3717 3155 3773 homo
3178 3735 3273 3789 per
3298 3722 3461 3775 fidem

1890 3799 2117 3866 gratiam
2150 3802 2436 3869 consequi,
2462 3803 2675 3859 inutilis
2701 3816 2813 3867 est,
2841 3822 2945 3861 nec
2970 3820 3131 3877 aptus
3151 3812 3215 3863 ad
3237 3827 3465 3881 regnum

1890 3891 2008 3945 Dei.
2058 3892 2298 3947 Rursum
2351 3910 2509 3957 vero.
2564 3899 2656 3966 qui
2718 3912 3048 3956 consecutus
3094 3914 3179 3958 est
3236 3908 3464 3975 gratiam

1890 3980 2145 4050 Spiritus,
2176 3999 2279 4039 nec
2308 3985 2414 4039 ulla
2440 3996 2595 4055 parte
2622 4005 2849 4045 aversus
2872 3994 3104 4062 gratiam
3132 4000 3464 4052 contumelia

1890 4072 2053 4127 allicit
2088 4090 2187 4143 per
2213 4077 2604 4146 negligentiam
2663 4092 2757 4133 aut
2801 4082 3065 4137 delictum
3096 4095 3185 4139 :et
3230 4088 3309 4141 sic
3369 4092 3463 4158 qui

1892 4168 2089 4235 quovis
2123 4175 2365 4237 tempore
2406 4168 2676 4233 dimicans
2711 4188 2820 4226 non
2853 4176 3143 4229 contristat
3174 4176 3461 4247 Spiritum,

1889 4258 2091 4326 poterit
2115 4268 2334 4313 aeterna:
2356 4260 2479 4314 vitae
2505 4263 2779 4331 particeps
2817 4264 2955 4318 fieri.
2990 4266 3464 4331 Quemadmodum

1890 4346 2038 4401 enim
2065 4348 2188 4415 quis
2220 4349 2755 4417 sentitoperationes
2800 4352 3028 4407 malitiae
3065 4369 3130 4407 ex
3174 4355 3306 4423 ipsis
3336 4358 3467 4409 allec

213 4423 378 4490 γειῶν
408 4421 509 4491 τῆς
538 4422 748 4483 κακίας
786 4424 851 4474 ὲκ
897 4421 1005 4475 τῶν
1046 4422 1257 4489 παθῶν,
1298 4423 1441 4492 λέγω
1467 4424 1662 4495 θυμοῦ,
1694 4426 1787 4478 καὶ
1822 4503 1859 4511 _
1892 4455 1904 4490 ι

1771 4426 1859 4511 ὶ-
1892 4438 2192 4499 ctionibus,
2242 4438 2337 4502 ita,
2396 4439 2649 4508 inquam,
2699 4442 3179 4510 concupiscentia,
3236 4446 3462 4511 invidia,

213 4512 537 4581 ἐπιθυμίας,
588 4514 682 4565 καὶ
735 4512 954 4581 φθόνου,
994 4514 1087 4567 καὶ
1126 4513 1347 4583 βάρους,
1402 4516 1496 4568 καὶ
1537 4519 1789 4587 πονηρῶν
1822 4503 1904 4580 D1

1771 4538 1789 4572 ν
1822 4503 1867 4558 D
1897 4538 2119 4597 torpore
2165 4544 2229 4582 ac
2256 4529 2438 4597 pravis
2456 4503 2905 4601 cogitationibus,
2939 4543 2993 4586 et
3020 4535 3245 4603 reliquis
3269 4537 3462 4590 absur~

212 4605 514 4673 λογισμῶν,
550 4605 644 4656 καὶ
691 4604 799 4656 τῶν
827 4605 1031 4658 λοιπῶν
1068 4607 1437 4676 ἀτοπημάτων
1508 4609 1680 4675 οὕτως
1708 4614 1792 4665 αί-

212 4693 506 4746 σθάνεσθαι
531 4693 734 4761 ὀφείλει
754 4696 853 4764 τῆς
880 4695 1098 4765 χάριτος
1123 4698 1216 4749 καί
1238 4697 1521 4767 δυνάμεως
1540 4700 1634 4754 τοῦ
1656 4701 1790 4755 Θεοῦ

213 4787 270 4837 ἐν
298 4788 418 4846 ταῖς
463 4783 706 4853 ἀρεταῖς,
752 4785 946 4857 ἀγάπῃ
993 4786 1157 4853 λέγω,
1191 4788 1285 4840 καὶ
1313 4792 1660 4860 χρηστότητι,
1699 4794 1792 4845 καὶ

214 4876 380 4945 χαρᾷ,
434 4876 529 4926 καὶ
569 4875 918 4945 ἐλαφρότητι,
975 4883 1069 4929 καὶ
1124 4877 1445 4944 ἀγαλλιάσει
1501 4880 1644 4953 θεία,
1703 4885 1789 4938 ἴνα

216 4964 618 5035 ὲξομοιωθῆναι
651 4966 876 5037 δυνηθῇ,
922 4967 1018 5021 καὶ
1063 4970 1506 5039 συγκερασθῆναι
1543 4976 1610 5043 τῇ
1654 4976 1794 5041 ἀγα-

216 5042 281 5128 θῇ
319 5056 416 5108 καὶ
455 5056 575 5126 θείᾳ
623 5054 808 5124 φύσει,
866 5058 961 5109 καὶ
1010 5060 1077 5127 τῇ
1126 5062 1335 5129 χρηστῇ
1389 5060 1485 5113 καὶ
1531 5042 1665 5132 ἀγία
1694 5064 1794 5133 τῆς

217 5150 442 5218 χάριτος
519 5147 805 5218 ἐνεργείᾳ·
839 5148 980 5200 κατά
1008 5148 1289 5220 προκοπὴν
1333 5150 1390 5202 δὲ
1422 5151 1518 5204 καὶ
1565 5152 1793 5224 αὔξησιν

215 5233 622 5305 δοκιμαζομένη
654 5237 869 5306 χρόνοις
904 5238 997 5289 καὶ
1038 5241 1247 5307 καιροῖς
1280 5241 1313 5311 ἡ
1353 5242 1690 5311 προαίρεσις,
1743 5246 1793 5297 εί

220 5324 536 5378 συνενοῦται
566 5325 799 5378 πάντοτε
841 5330 905 5396 τῇ
948 5328 1149 5397 χάριτι,
1182 5331 1277 5383 καὶ
1313 5330 1608 5401 εὐάρεστος
1643 5337 1791 5406 εὑρί-

222 5432 437 5478 σκεται,
472 5414 682 5481 γίνεται
715 5416 811 5486 ὅλη
838 5417 895 5481 ἐξ
918 5418 1040 5471 ὅλου
1067 5419 1207 5473 κατὰ
1237 5425 1521 5493 προκοπὴν
1537 5426 1594 5476 ὲν
1624 5426 1793 5479 Πνεῦ-

223 5523 380 5575 ματι,
418 5508 514 5559 καὶ
544 5506 687 5560 οὕτω
721 5508 908 5561 λοιπὸν
950 5509 1082 5578 ἀγία
1132 5511 1229 5565 καὶ
1284 5514 1503 5586 καθαρά
1558 5516 1644 5571 διά
1698 5518 1791 5571 τοῦ

221 5592 542 5665 ιῖνεύματος
582 5596 994 5665 ὲξεργασθεῖσα,
1038 5599 1137 5669 τῆς
1159 5599 1437 5670 βασιλείας
1487 5604 1612 5668 ἀξία
1666 5607 1797 5660 καθ-

222 5688 460 5738 ίσταται.
494 5683 631 5749 Δόξα
668 5685 763 5738 καὶ
794 5688 1165 5758 προσκύνησις
1215 5689 1569 5763 τῷ,ἀχράντῳ
1595 5695 1790 5766 Πατρὶ,

220 5777 319 5829 καὶ
352 5773 483 5844 Υίῷ,
511 5777 607 5829 καὶ
628 5777 764 5846 ἀγίῳ
794 5778 1098 5848 Πνεύματι,
1116 5782 1195 5844 είς
1224 5785 1348 5846 τοὺς
1374 5784 1595 5849 αίῶνας.
1616 5789 1804 5860 ’Λμήν.

1894 4620 2158 4673 ditatibus
2210 4636 2222 4671 :
2275 4620 2356 4674 sic
2400 4622 2607 4675 sentire
2659 4638 2879 4692 quoque
2930 4624 3093 4678 debet
3142 4628 3368 4695 gratiam
3410 4638 3468 4682 et

1892 4710 2155 4763 virtutem
2201 4710 2295 4764 Dei
2354 4712 2409 4765 in
2456 4712 2779 4775 virtutibus,
2833 4713 3154 4780 dilectione,
3221 4718 3465 4784 inquam,

1893 4802 2252 4872 benignitate,
2298 4802 2561 4868 bonitate,
2607 4804 2831 4874 gaudio,
2872 4807 3223 4875 simplicitate
3278 4818 3332 4863 et
3372 4825 3468 4863 ex-

1896 4894 2191 4949 sultatione
2231 4894 2434 4959 divina,
2489 4904 2551 4949 ut
2597 4895 2889 4949 assimilari
2926 4901 3099 4966 possit
3157 4915 3220 4954 ac
3258 4904 3466 4968 permi-

1891 4985 2183 5039 scericum
2220 4986 2360 5038 bona
2422 5000 2485 5040 ac
2532 4986 2716 5042 divina
2774 5001 2992 5055 natura,
3023 4977 3163 5044 'cum
3228 4993 3463 5063 benigna

1890 5088 1953 5127 ac
1970 5082 2155 5128 sancta
2177 5074 2361 5143 gratia:
2380 5074 2637 5129 efﬁcacia.
2671 5076 2912 5133 Intentio
2931 5094 3063 5133 vero
3082 5080 3330 5149 profectu
3355 5083 3458 5153 91

1889 5179 1954 5217 ac
1983 5164 2322 5219 incremento
2355 5167 2583 5235 probata
2640 5171 2903 5238 temporis
2943 5186 3222 5236 successu,
3256 5184 3311 5228 et
3367 5190 3466 5243 0p-

1890 5257 2249 5325 portunitate.
2277 5256 2321 5311 si
2347 5260 2537 5327 gratiae
2572 5274 2788 5329 semper
2812 5261 2961 5317 unita
2986 5271 3039 5317 et
3063 5273 3213 5334 grata
3241 5265 3462 5322 inventa

1894 5344 2084 5411 fuerit,
2116 5357 2229 5402 tota
2262 5362 2492 5418 prorsus
2532 5352 2910 5419 promovendo
2948 5351 3006 5405 fit
3034 5354 3357 5422 spiritualis,
3399 5374 3462 5411 ac

1895 5436 2181 5507 deinceps,
2207 5446 2392 5493 sancta
2412 5447 2468 5492 et
2486 5454 2621 5509 pura
2638 5456 2736 5509 per
2762 5441 3025 5510 Spiritum
3050 5443 3264 5509 ell‘ecta,
3294 5462 3463 5515 regno

1895 5525 2059 5597 digna
2088 5526 2341 5600 efficitur.
2398 5528 2585 5585 Gloria
2638 5540 2693 5584 et
2740 5532 2986 5585 adoratio
3034 5534 3463 5589 incontaminato

1895 5618 2085 5683 Patri,
2140 5628 2197 5674 et
2250 5620 2430 5687 Filio,
2477 5632 2533 5677 et
2588 5622 2816 5691 Spiritui
2875 5634 3085 5693 sancto,
3134 5626 3188 5679 in
3241 5624 3459 5679 smeula.

1894 5706 2089 5763 Amen.
