4282 6364
2076 374 2135 433 S.
2166 366 2481 433 MACARII
2522 368 2838 431 EGYPTII

1352 479 1635 537 HOMILIA
1672 482 1834 539 XXV.
2404 493 2452 545 Δ
3036 491 3043 529 ‘

1753 484 1834 539 [ν.
2404 493 2452 545 Α
3036 482 3278 538 ΟΜΙΛΙΑ
3315 483 3444 538 κε’.

812 570 969 623 Docet
996 570 1107 645 lucc
1136 570 1375 635 homilia,
1404 572 1611 645 nultum
1648 575 1930 645 hominem,
1959 574 2058 627 nisi
2094 591 2127 628 ο
2174 573 2381 630 Christo
2482 578 2503 629 ί

2482 573 2759 629 Διδάσκει
2802 575 2953 641 αὕτη
3000 578 3039 642 ἠ
3083 578 3305 644 ὁμιλία,
3342 577 3432 630 δτι
3461 574 3657 642 οὐδεὶς
3699 574 4072 645 ἀνθρώπων,

880 640 1296 714 εοηοὸοναιιιηι,
1338 640 1596 714 scandala
1624 644 1940 714 nequissimi
1971 659 2224 712 superare
2266 660 2383 714 pos-
2558 662 2571 698 ι

2558 649 2612 698 εί
2642 646 2728 713 μὴ
2757 640 3128 712 διενιαιιωθεὶςῖ
3170 646 3289 700 ὑπὸ
3320 646 3428 700 τοῦ
3466 640 3745 713 Χριστοῦ,
3794 640 3910 700 ἑοῦ
3951 640 4074 699 so?

879 725 937 763 se
962 726 979 763 :
1010 719 1059 803 οξ
1088 711 1212 780 quid
1224 712 1333 803 niis,
1357 711 1479 803 ‘qui
1532 711 1765 765 divinam
1809 711 2045 793 gloriapt
2071 711 2380 803 ι(χερειιιιιι,
2554 733 2570 803 ι

2554 711 3135 803 ξηροῦησκανδὰἐων
3174 711 3579 803 περιγίνειζθαι
3604 718 3801 803 urguet
3822 734 3837 747 ·
3868 716 3999 803 καί,
4012 715 4079 769 τί

881 781 1162 849 agendum.
1215 779 1373 861 Docet
1415 796 1652 861 quoque,
1696 795 1788 833 nos
1814 779 1933 850 'per
1977 779 2382 835 inobedientiam
2553 779 2646 837 δεῖ
2670 788 2810 849 τοὺς
2856 784 2967 849 τῆς
3013 786 3174 849 θείας
3205 779 3390 851 δόξης
3442 779 3838 865 ὀρεγομένους
3865 784 4077 851 πράτ-

880 850 1007 903 Αάω
1121 859 1629 929 servitutem-carnis
1664 851 1898 929 reductos
1922 867 2053 929 esse,
2085 868 2136 929 a_
2153 868 2260 920 qua
2290 868 2384 920 per
2553 868 2698 929 retr:
2726 854 3000 929 Διδάσκει
3032 854 3151 929 θεαί.
3182 854 3269 906 ὅτι
3290 855 3385 929 διὰ
3408 870 3710 929 παρακοης
3734 869 3842 929 του
3866 854 4080 929 Ἀδὰμ

882 921 1189 988 mysterium
1213 920 1384 1000 crucis
1417 919 1727 972 liberamur.
1764 918 1989 1000 Instruit
2016 918 2239 1000 denique
2251 918 2380 1000 llos,
2553 940 2573 978 ε

2553 923 2954 1000 εὶς-(ξουξεζαν
2984 921 3107 1000 τῆς
3138 924 3364 1000 σαρκὸς
3406 918 3610 1000 παρὼν
3649 918 4071 1000 κατήλθομεν..

882 941 1189 988 mysterium
1213 941 1384 971 εῑιιειδ
1417 941 1727 972 tweramur.
1764 941 1989 973 ιιιδιῖιιιι
2016 941 2239 1000 aeuique
2266 941 2380 985 nos,
2553 941 2573 978 ε

882 1004 1134 1067 magnam
1157 1003 1266 1042 esse
1298 988 1682 1059 tacrymarum,
1725 998 1773 1041 et
1826 991 1963 1058 ignis
2004 991 2166 1044 divini
2210 991 2382 1059 eﬂica-
2554 1011 2573 1047 ι

2553 941 2640 989 εις
2667 941 2954 978 οουλειαν
2996 941 3025 974 τ
3075 943 3107 988 ς
3138 941 3364 990 σαρκος
3406 941 3610 977 πασων
3649 941 4072 992 κατηλαομεν.

2554 994 2653 1061 ἀφ’
2676 990 2752 1063 ἧς
2781 992 3011 1067 διὰ]ρῦ
3152 993 3243 1067 τῷ,
3265 991 3513 1067 σταυρῷ
3540 996 3898 1067 μυστηρίου
3924 994 4078 1067 pud:

883 1060 1042 1111 ciam.
2548 1060 2723 1131 μεθα.
2762 1061 3029 1115 Παιδεύει
3071 1062 3290 1114 λοιπὸν
3318 1062 3495 1130 ἡμᾶς,
3529 1061 3616 1131 ὅτι
3642 1061 3876 1131 μεγάλη
3926 1060 4078 1116 ἐστὶ

2552 1130 2669 1185 τῶν
2694 1131 2971 1199 δακρύων
2998 1131 3096 1186 καί
3131 1131 3238 1185 τοῦ
3266 1134 3425 1185 θείου
3454 1130 3644 1198 πυρὸς
3674 1130 3956 1201 δύναμις.

814 376 916 439 667
2076 374 2135 433 s.
2166 366 2481 433 MACARII

2379 366 2481 429 RII
2522 368 2838 431 EGYPTII
3952 366 4070 430 668

885 1244 925 1297 Ι.
966 1243 1181 1309 Quibus
1210 1244 1357 1299 inest
1384 1244 1570 1298 divina
1615 1245 1724 1308 lex,
1785 1261 1895 1300 non
1939 1254 2261 1307 atramento,
2290 1253 2385 1299 aut
2555 1251 2576 1303 1

2555 1251 2634 1303 Ν.
2676 1242 2771 1309 Οἷς
2827 1246 3119 1317 ινυπάρχει
3164 1248 3193 1300 δ
3243 1248 3385 1310 θεῖος
3433 1248 3593 1318 νόμος
3635 1247 3735 1301 οὐκ
3770 1249 3829 1300 ὲν
3860 1246 4076 1318 μέλανι

814 1333 1018 1388 litteris
1059 1335 1282 1403 scripta,
1357 1336 1449 1389 sed
1485 1337 1539 1389 in
1570 1336 1831 1390 cordibus
1860 1337 2070 1390 carneis
2123 1337 2380 1405 plantata,

821 1425 878 1477 hi
912 1426 1088 1478 oculis
1125 1426 1437 1480 intellectus
1473 1427 1786 1488 illuminati,
1824 1435 2199 1495 perpetuoque
2238 1425 2383 1479 dcsi-

821 1516 980 1569 derio
1020 1516 1165 1585 capti
1208 1531 1317 1572 non
1354 1517 1631 1571 sensibilis
1671 1526 1766 1571 aut
1816 1516 2047 1569 visibilis
2101 1515 2239 1585 spei,
2290 1515 2384 1569 sed

2485 1341 2579 1393 καὶ
2626 1340 2945 1410 γράμμασιν
2994 1339 3462 1409 ἐγγεγραμμένος,
3521 1339 3636 1392 ἀλλ’
3700 1341 3758 1393 ἐν
3808 1340 4078 1410 καρδίαις

2488 1429 2768 1498 σαρκίναις
2809 1428 3309 1499 ὲμπεφυτευμένος,
3355 1423 3497 1482 οὗτοι
3535 1431 3660 1493 τοὺς
3691 1430 3787 1499 τῆς
3819 1426 4077 1492 διανοίας

2484 1520 2793 1587 ὀφθαλμοὺς
2830 1519 3209 1586 φωτισθέντες,
3245 1518 3339 1572 καὶ
3383 1519 3469 1571 ἀεὶ
3495 1518 3832 1589 ὀρεγόμενοι,
3871 1520 3936 1573 οὐ
3968 1518 4075 1589 τῆς

823 1608 1120 1661 invisibilis
1176 1617 1234 1663 et
1294 1608 1701 1672 intellectualis,
1752 1624 2012 1677 superare
2064 1608 2384 1677 nequissimi
2487 1630 2514 1665 α

2487 1612 2750 1679 αἰσθητῆς
2786 1612 2881 1663 καὶ
2925 1610 3259 1679 βλεπομένης
3308 1609 3542 1674 ἐλπίδος,
3580 1611 3715 1663 ἀλλά
3760 1615 3860 1681 τῆς
3893 1612 4076 1680 ἀορά-

819 1698 1077 1751 scandala
1110 1707 1365 1767 possunt,
1420 1715 1519 1768 per
1570 1700 1828 1752 invictam
1864 1708 2044 1751 tamen
2099 1699 2382 1752 virtutem.
2486 1721 2510 1755 τ

2381 1744 2382 1747 η
2486 1720 2576 1755 του
2608 1704 2701 1755 καὶ
2730 1701 2943 1770 νοητῆς,
2974 1702 3346 1767 περιγίνεσθαι
3373 1701 3481 1753 τῶν
3508 1701 3603 1753 τοῦ
3627 1700 3863 1772 πονηροῦ
3889 1720 4072 1756 σκαν-

818 1790 921 1855 Qui
952 1804 1086 1843 vero
1119 1790 1292 1843 verbo
1310 1790 1598 1844 Deiornati
1618 1805 1726 1843 non
1753 1800 1901 1855 sunt,
1931 1804 2031 1843 nec
2053 1788 2239 1842 divina
2267 1791 2384 1859 lege
2414 1816 2463 1875 Β
2487 1795 2509 1847 δ

2377 1808 2463 1875 :B
2487 1793 2659 1848 δάλων
2705 1790 3000 1875 ίσχὺουσιν,
3046 1791 3158 1847 ἀλλ’
3192 1794 3256 1845 ὲκ
3304 1794 3402 1862 τῆς
3450 1793 3722 1863 ἀηττήτου
3754 1793 4068 1862 δυνάμεως.

822 1879 1076 1942 instituti,
1103 1877 1303 1931 frustra
1321 1877 1515 1942 inflati,
1546 1878 1859 1931 existimant
1882 1894 1948 1932 ex
1968 1880 2192 1948 pmprio
2214 1879 2388 1933 libero
2416 1872 2447 1875 ’
2491 1890 2513 1937 t

2380 1872 2447 1932 ι’
2491 1888 2552 1938 Ui
2586 1886 2641 1937 δὲ
2677 1872 2751 1955 μή
2782 1885 2923 1955 λόγῳ
2965 1884 3096 1937 Θεοῦ
3146 1886 3520 1954 τετιμημένοι,
3553 1888 3690 1954 μήτε
3729 1886 3879 1957 νόμῳ
3933 1886 4071 1955 Θείῳ

821 1970 1051 2023 arbitrio
1078 1984 1135 2023 se
1169 1969 1472 2023 abolituros
1506 1970 1826 2023 occasiones
1857 1971 2085 2037 peccati,
2121 1970 2263 2039 quod
2293 1986 2391 2040 per
2492 1991 2512 2026 τ

2379 1987 2391 2024 ὲ
2492 1973 2936 2043 πεπαιδευμένοι,
2991 1973 3110 2041 εἰκῆ
3162 1974 3511 2044 φυσιούμενοι
3561 1978 3762 2030 οἴονται
3820 1977 3908 2029 διὰ
3969 1976 4070 2030 τοῦ

824 2062 1000 2113 solum
1042 2060 1225 2114 crucis
1271 2060 1590 2129 mysterium
1652 2060 2072 2114 condemnatur.
2127 2062 2219 2116 Illa
2245 2062 2390 2116 enim

825 2153 993 2206 libera
1020 2152 1290 2214 voluntas,
1313 2166 1434 2221 quae
1461 2152 1515 2205 in
1544 2152 1781 2205 hominis
1817 2151 2075 2206 facultate
2096 2161 2200 2217 est,
2229 2152 2283 2206 in
2301 2168 2391 2218 eo,

827 2250 885 2295 ut
910 2242 1128 2296 diabolo
1157 2241 1421 2296 nimirum
1457 2242 1619 2295 reniti
1658 2242 1852 2311 possit,
1883 2242 1986 2297 sita
2018 2250 2123 2308 est,
2157 2260 2266 2298 non
2293 2260 2392 2298 au-

828 2346 957 2395 tem,
993 2341 1053 2385 ut
1074 2333 1247 2401 possit
1277 2330 1503 2385 omnino
1538 2331 1830 2401 imperium
1854 2343 2040 2386 tenere
2066 2332 2118 2385 in
2141 2332 2390 2387 aﬂ‘ectus.

827 2425 940 2477 Nisi
968 2426 1107 2476 enim
1142 2422 1397 2475 Dominus
1420 2422 1779 2489 aediﬁcaverit,
1822 2423 2019 2491 inquit,
2064 2423 2297 2487 domum,
2347 2432 2396 2477 et

826 2515 1127 2567 custodierit
1151 2515 1439 2577 civitatem,
1482 2515 1683 2582 frustra
1709 2512 1913 2581 uigilat,
1948 2513 2037 2581 qui
2069 2514 2315 2578 custodit,
2347 2522 2396 2567 et

829 2608 1027 2673 frustra
1059 2605 1285 2669 laborat,
1319 2607 1407 2674 qui
1437 2603 1749 2670 aediﬁcat".

901 2876 965 2931 ll.
1030 2874 1368 2944 lmpossibilc
1424 2883 1510 2927 est
1561 2889 1708 2927 enim
1752 2888 1879 2927 eum
1935 2871 2189 2927 incedere
2237 2886 2400 2941 super

831 2967 1074 3036 aspidem
1121 2974 1176 3020 et
1223 2965 1563 3027 basiliscum,
1610 2976 1667 3017 et
1708 2963 2033 3017 conculcare
2066 2964 2300 3026 leonem,
2338 2976 2401 3016 ac

832 3060 1149 3122 draconem,
1172 3057 1266 3125 qui
1306 3056 1479 3125 prius,
1517 3064 1781 3123 quantum
1818 3054 1873 3106 in
1911 3053 2121 3107 viribus
2164 3054 2401 3107 hominis

2495 2062 2624 2115 ίδίου
2660 2062 2998 2127 αὑτεξουσίου
3023 2067 3319 2132 καταργείν
3353 2064 3451 2126 τὰς
3482 2064 3734 2135 ἀφορμὰς
3761 2065 3859 2136 τῆς
3880 2064 4073 2138 ἀμαρο

2491 2153 2629 2216 τίας,
2661 2152 2758 2222 τῆς
2786 2152 2873 2205 διὰ
2910 2153 3071 2222 μόνου
3118 2153 3210 2206 τοῦ
3263 2155 3321 2207 ὲν
3364 2153 3441 2223 τῷ
3492 2155 3710 2227 σταυρῷ
3758 2157 4071 2227 μυστηρίου

2494 2244 2979 2316 κατακρινομένης.
3015 2244 3088 2297 Τὸ
3126 2244 3233 2314 γὰρ
3262 2246 3321 2297 ὲν
3350 2246 3414 2316 τῇ
3445 2244 3538 2297 τοῦ
3571 2245 3861 2316 ἀνθρώπου
3892 2246 4064 2302 δυνά-

2499 2352 2589 2404 μει
2638 2334 2983 2398 αὐτεξούσιον
3007 2335 3096 2387 ἐπὶ
3125 2335 3202 2405 τῷ
3230 2336 3540 2405 ἀντιστῆναι
3578 2336 3653 2406 τῷ
3681 2338 3913 2408 διαϐόλῳ
3958 2344 4071 2392 κεῖ-

2496 2441 2604 2488 ται,
2636 2424 2749 2477 ἀλλ’
2779 2425 2878 2477 οὐκ
2920 2423 3013 2475 ἰπὶ
3057 2424 3134 2493 τῷ
3183 2424 3443 2479 δύνασθαι
3492 2425 3637 2495 ἔχειν
3680 2428 3960 2493 παντελῶς
4011 2431 4072 2482 τὸ

2497 2515 2695 2583 κράτος
2742 2514 2883 2567 κατὰ
2923 2512 3031 2568 τῶν
3074 2514 3281 2569 παθῶν.
3320 2515 3455 2567 Ἐὰν
3504 2517 3614 2583 τὰρ
3649 2517 3735 2585 μὴ
3778 2519 3811 2571 ὀ
3847 2518 4071 2587 Κύριος

2498 2602 2884 2670 οίκοδομήσῃ,
2926 2603 3110 2672 φησὶν,
3175 2598 3360 2667 οἷκον,
3418 2605 3515 2657 καί
3562 2605 3807 2673 φυλάξῃ
3858 2610 4068 2673 πόλιν,

2496 2698 2583 2759 εις
2608 2693 2808 2762 μάτην
2839 2695 3228 2762 ἠγρύπνησεν
3261 2699 3293 2748 ό
3320 2695 3655 2763 φυλάττων,
3689 2698 3786 2750 καί
3816 2698 4003 2768 κοπιᾷ
4036 2703 4071 2754 ό

2500 2783 2843 2851 οἰκοδομῶν.

2572 2872 2644 2925 Β’.
2693 2874 2995 2943 Ἀμήχανον
3022 2873 3127 2941 γὰρ
3156 2873 3409 2944 ἐπιϐῆναι
3436 2876 3527 2929 ἐπὶ
3554 2878 3753 2930 ἀσπίδα
3788 2878 3880 2929 καὶ
3905 2877 4069 2945 βασι.

2500 2962 2701 3028 λίσκον,
2736 2966 2828 3015 καὶ
2874 2965 3257 3033 καταπατῆσαι
3290 2965 3477 3019 λέοντα
3531 2969 3625 3020 καὶ
3657 2969 3950 3039 δράκοντα,
3989 2968 4066 3038 μὴ

2504 3056 2787 3124 πρότερον,
2817 3054 2941 3107 καθ’
2969 3054 3091 3107 ὅσον
3118 3054 3340 3108 δυνατὸν
3373 3054 3663 3127 ἀνθρώπῳ,
3689 3056 4071 3127 ἐκκαθάραντα

832 3159 933 3210 est,
964 3164 1023 3203 se
1052 3164 1161 3201 non
1209 3149 1545 3215 expurgarit,
1582 3161 1683 3199 nec
1718 3144 2109 3199 corroboratus
2135 3145 2304 3200 fuerit
2332 3145 2400 3199 ab
2428 3151 2468 3208 C
2502 3146 2523 3197 ἑ

2376 3146 2468 3208 bc
2502 3144 2713 3209 ἑαυτὸν,
2770 3144 2865 3199 καὶ
2907 3144 3290 3215 δυναμωθέντα
3338 3145 3488 3214 παρά
3525 3146 3619 3199 τοῦ
3665 3146 3909 3209 εἰπόντος
3954 3150 4067 3211 τοῖς

832 3256 919 3301 eo,
939 3238 1034 3296 aui
1058 3237 1191 3291 dicit
1215 3236 1479 3305 apostolis
1508 3252 1522 3287 :
1549 3235 1681 3288 Ecce
1707 3236 1771 3286 do
1796 3235 1933 3287 vobis
1958 3242 2266 3303 potestatem
2292 3236 2404 3287 cal-

835 3332 991 3384 candi
1020 3345 1178 3398 super
1198 3334 1482 3396 serpentes,
1518 3335 1565 3379 et
1590 3327 1912 3394 scorpiones,
1944 3334 1991 3376 et
2014 3341 2169 3394 super
2195 3341 2403 3377 omnem

837 3422 1077 3472 virtutem
1104 3418 1302 3469 inimici
1337 3418 1403 3468 ”.
1451 3416 1508 3469 Si
1561 3415 1709 3469 enim
1740 3415 2002 3468 valuisset
2042 3414 2279 3467 humana
2310 3429 2406 3467 na-

842 3522 985 3573 tura,
1036 3510 1242 3578 absque
1287 3509 1543 3561 universa
1599 3514 1876 3561 armatura
1920 3506 2157 3575 Spiritus
2207 3506 2403 3571 sancti,

841 3614 985 3658 stare
1026 3603 1292 3658 adversus
1318 3602 1546 3656 insidias
1576 3600 1813 3665 diaboli,
1849 3617 1957 3654 non
2018 3615 2146 3654 sane
2198 3598 2404 3653 dictum

842 3697 1039 3749 fuisset
1064 3695 1133 3747 ab
1156 3694 1415 3763 Apostolo
1457 3711 1468 3746 :
1500 3692 1641 3746 Deus
1667 3700 1843 3744 autem
1870 3693 2011 3761 pacis
2042 3700 2265 3743 conteret
2308 3687 2406 3743 Sa-

842 3798 1025 3840 tanam
1046 3785 1137 3838 sub
1164 3784 1377 3853 pedibus
1402 3786 1585 3836 vestris
1607 3784 1747 3835 brevi
1768 3783 1833 3834 ³⁸.
1872 3783 1937 3835 Et
1968 3784 2163 3835 iterum
2197 3798 2210 3833 :
2244 3780 2406 3844 Quem

846 3876 1101 3928 Dominus
1155 3873 1431 3940 interﬁciet
1508 3874 1697 3941 spiritu
1744 3874 1849 3924 oris
1890 3874 1972 3924 sui
2008 3872 2071 3924 ³¹.
2115 3872 2407 3939 Propterea

844 3982 1062 4036 quoque
1106 3965 1242 4033 jussi
1281 3979 1470 4017 sumus
1493 3964 1661 4017 Deum
1710 3963 2038 4016 obsecrare:
2071 3961 2146 4015 Ne
2189 3962 2405 4013 inducas

846 4074 938 4110 nos
979 4058 1031 4109 in
1066 4057 1429 4116 tentationem,
1470 4054 1561 4107 sed
1614 4054 1777 4107 libera
1827 4070 1918 4106 nos
1960 4071 1991 4105 a
2031 4052 2171 4104 malo
2194 4052 2259 4104 “.
2294 4052 2406 4106 Nisi

845 4150 991 4201 enim
1025 4147 1424 4217 praestantioris
1455 4147 1643 4200 auxilii
1687 4160 1789 4213 ope
1840 4146 2054 4198 liberati
2105 4145 2173 4197 ab
2226 4144 2409 4213 ignitis

850 4241 969 4293 telis
1027 4239 1367 4307 nequissimi,
1424 4237 1684 4305 consequi
1730 4235 1878 4305 dig‘ni
1926 4236 2225 4287 habeamur
2275 4235 2407 4287 ado-

849 4329 1090 4397 ptionem
1128 4326 1384 4388 filiorum,
1403 4325 1707 4378 frustranea
1726 4332 1810 4377 est
1834 4323 2174 4377 conversatio
2202 4329 2408 4387 nostra,

851 4428 909 4472 ut
936 4418 1030 4487 qui
1061 4418 1304 4487 procula
1329 4414 1532 4469 virtute
1561 4415 1657 4468 Dei
1692 4413 1953 4468 absimus.

920 4672 1010 4726 111.
1050 4670 1371 4740 Quicunque
1408 4686 1538 4741 ergo
1572 4670 1725 4740 cupit
1754 4670 2028 4740 particeps
2062 4670 2180 4724 ﬁeri
2216 4668 2413 4724 divina:

2504 3236 2838 3299 ἀποστόλοις,
2880 3234 3024 3288 Ἰδοὺ
3081 3235 3311 3289 δέδωκα
3366 3235 3510 3305 ὑμῖν
3562 3235 3818 3305 δύναμιν
3853 3237 4069 3289 πατεῖν

2502 3326 2701 3378 ἐπάνω
2738 3325 2931 3392 ὄφεων
2959 3325 3055 3377 καί
3087 3324 3415 3391 σκορπίων,
3456 3323 3555 3377 καί
3591 3323 3688 3377 ἐπί
3724 3323 3931 3378 πᾶσαν
3954 3324 4070 3390 τὴν

2504 3415 2759 3483 δύναμιν
2788 3414 2893 3468 τοῦ
2921 3413 3157 3481 ἐχθροῦ.
3192 3414 3253 3467 Et
3309 3414 3418 3485 γὰρ
3453 3413 3636 3482 ῐσχυεν
3663 3415 3697 3483 ἡ
3727 3414 3824 3483 τῆς
3860 3413 4070 3483 ἀνθρωο

2504 3508 2734 3575 πότητος
2764 3506 2921 3572 φύσις
2948 3504 3102 3567 ὲκτδς
3130 3504 3229 3573 τῆς
3262 3504 3558 3565 πανοπλίας
3584 3504 3677 3556 τοῦ
3703 3505 3855 3570 ἀγίου
3888 3505 4069 3558 Πνεύ-

2512 3612 2701 3665 ματος,
2732 3598 2919 3664 στῆναι
2943 3594 3077 3662 πρὸς
3104 3594 3201 3655 τὰς
3234 3594 3515 3662 μεθοδείας
3554 3594 3641 3646 τοῦ
3669 3593 3934 3658 διαϐόλου,
3969 3597 4070 3647 οὑκ

2504 3686 2571 3740 ἂν
2599 3686 2779 3754 εἴρητο
2811 3684 2913 3736 ὑπὸ
2949 3684 3041 3736 τοῦ
3087 3684 3428 3748 Ἀποστόλου,
3473 3685 3533 3737 Ὀ
3561 3684 3629 3736 δὲ
3665 3685 3806 3749 Θεὸς
3830 3686 3941 3751 τῆς
3992 3688 4071 3738 εί-

2497 3775 2691 3842 ρήνης
2727 3775 3045 3841 συντρίψει
3089 3773 3197 3825 τὸν
3224 3771 3501 3829 Σατανᾶν
3536 3773 3653 3827 ὑπὸ
3693 3773 3835 3839 τοὺς
3881 3775 4070 3839 πόδας

2505 3862 2671 3931 ὑμῶν
2707 3863 2776 3915 ἐν
2812 3863 2997 3941 τάχει.
3054 3864 3160 3914 Καὶ
3190 3862 3369 3926 πάλιν,
3411 3865 3519 3915 ’ον
3541 3866 3574 3916 ὁ
3604 3864 3833 3930 Κύριος,
3869 3864 4078 3916 ἀνελεῖ

2510 3952 2589 4017 τῷ
2638 3954 2924 4020 πνεύματι
2974 3952 3081 4006 τοῦ
3139 3954 3434 4021 στόματος
3488 3952 3693 4006 αὐτοῦ.
3727 3952 3817 4004 Διὸ
3868 3952 3931 4021 δὴ
3982 3957 4071 4005 καὶ

2509 4041 2960 4111 προσετάχθημεν
3011 4040 3223 4093 δέεσθαι
3277 4040 3371 4093 τοῦ
3424 4042 3654 4111 Κυρίου,
3691 4040 3784 4108 Μὴ
3815 4040 4071 4107 εἰσενέγο

2508 4149 2617 4197 xm-
2654 4134 2739 4195 εις
2768 4130 3102 4197 πειρασμὸν
3140 4129 3317 4197 ἡμᾶς,
3366 4130 3527 4185 ἀλλὰ
3552 4131 3737 4199 ῥῦσαι
3766 4130 3923 4197 ’ἡμᾶς
3957 4132 4069 4184 ἀπὸ

2508 4222 2614 4275 τοῦ
2644 4220 2934 4287 πονηροῦ.
2986 4221 3112 4275 Ἐὰν
3138 4221 3244 4290 γὰρ
3276 4221 3350 4289 μὴ
3372 4221 3457 4272 διά
3484 4223 3583 4291 τῆς
3614 4221 3921 4291 κρείττονος
3945 4220 4070 4289 βοη-

2512 4313 2659 4376 Θείας
2695 4312 2983 4382 ῥυσθέντες
3025 4312 3133 4364 τῶν
3173 4313 3585 4381 πεπυρωμένων
3620 4310 3787 4381 βελῶν
3833 4310 3928 4362 τοῦ
3980 4327 4072 4362 πο-

2512 4402 2697 4471 νηροῦ,
2730 4400 3153 4470 καταξιωθῶμεν
3185 4402 3282 4469 τὴς
3310 4400 3601 4462 υἱοθεσίας,
3635 4401 3715 4463 είς
3765 4399 3943 4468 μάτην
3976 4415 4073 4451 πο-

2436 4464 2489 4524 D
2512 4464 2854 4562 λιτιυόμεθα,
2893 4493 2967 4555 ὡς
3001 4464 3190 4561 πόρρω
3216 4464 3314 4561 τῆς
3343 4491 3625 4561 δυνάμεως
3662 4464 3919 4544 τοῦῚΘεού
3952 4507 4073 4557 τυγ-

2513 4584 2786 4655 χάνοντες.

2586 4672 2661 4725 Γ’.
2713 4672 2772 4724 ὐ
2810 4672 2989 4723 τοίνυν
3045 4669 3365 4739 βουλόμενος
3421 4668 3643 4738 μέτοχος
3688 4666 3932 4735 γίνεσθαι
3980 4668 4075 4736 τῆς

851 4762 1057 4833 gloriae,
1080 4776 1163 4825 ac,
1202 4762 1353 4816 velut
1376 4762 1432 4815 in
1467 4762 1709 4829 speculo,
1759 4760 1959 4815 Christi
1993 4760 2302 4828 imaginem,
2359 4760 2416 4813 in
2516 4764 2542 4818 θ

2380 4775 2416 4813 n
2516 4764 2665 4827 θείας
2698 4764 2873 4833 δόξης,
2906 4763 3001 4816 καὶ
3036 4762 3223 4831 ὥσπερ
3256 4764 3314 4815 ὲν
3363 4762 3678 4832 κατόπτρῳ,
3711 4760 3809 4831 τήν
3840 4760 4069 4829 Χριστοῦ

854 4851 1103 4921 principe
1138 4850 1307 4903 animi
1353 4849 1437 4903 sui
1482 4848 1735 4903 facultate
1785 4848 2191 4917 contemplari,
2253 4847 2417 4901 debet
2523 4872 2545 4924 μ

2385 4857 2417 4901 :t
2523 4853 2739 4924 μορφὴν
2766 4854 2899 4922 όρᾷν
2931 4855 2988 4904 ἐν
3029 4852 3106 4922 τῷ
3151 4852 3465 4922 ἡγεμονικῷ
3502 4852 3686 4911 αὐτοῦ,
3721 4851 3923 4918 ὀφείλει
3955 4850 4076 4901 ἀκοο

857 4941 1149 4994 insatiabili
1208 4940 1525 5003 dilectione,
1577 4950 1633 4994 et
1680 4939 1991 5008 inexplebili
2022 4937 2315 5001 desiderio,
2345 4952 2411 4991 ex

860 5040 974 5084 toto
995 5031 1158 5085 corde
1178 5042 1234 5085 et
1255 5032 1490 5096 viribus,
1514 5042 1684 5086 noctu
1711 5033 1917 5101 diuque
1941 5031 2218 5099 inquirere
2237 5039 2421 5099 poteno

2522 4944 2695 5014 ρέστῳ
2744 4943 2944 5010 στοργῇ
2987 4941 3081 4993 καὶ
3113 4941 3370 5009 ἀπλήστῳ
3398 4939 3632 4991 διαθέσει
3664 4938 3722 5002 ἐξ
3767 4939 3895 5007 ὅλης
3949 4953 4077 5007 καρ-

2518 5036 2633 5097 δίας
2680 5034 2776 5085 καὶ
2824 5033 3102 5101 δυνάμεως
3132 5032 3345 5102 νύκτωρ
3372 5032 3468 5085 καὶ
3508 5032 3626 5101 μεθ’
3650 5032 3862 5101 ἡμέραν
3892 5030 4070 5099 ζητεῖν

859 5122 1129 5174 tissimum
1165 5122 1258 5176 Dei
1289 5122 1630 5187 subsidium;
1677 5123 1823 5190 quod
1879 5121 2099 5190 quidem
2160 5119 2419 5188 consequi
2516 5142 2550 5177 τη

2383 5119 2419 5173 ιί
2516 5127 2613 5194 τὴν
2640 5126 2703 5176 ὲκ
2730 5123 2823 5175 τοῦ
2870 5123 3004 5175 Θεοῦ
3036 5124 3317 5192 ἀντίληψιν
3351 5125 3407 5175 ὲν
3433 5122 3678 5191 δυνάμει,
3708 5118 3775 5193 ἦς
3805 5122 4074 5191 ἀμήχανον

860 5211 1194 5280 impossibile
1244 5221 1346 5275 est,
1393 5213 1519 5276 nisi,
1545 5224 1603 5267 ut
1650 5221 1811 5266 antea
1859 5210 2117 5273 diximus,
2153 5208 2422 5262 abstineat
2520 5231 2551 5283 μ

2384 5216 2422 5262 ιι
2520 5216 2827 5283 μετασχεῖν,
2860 5216 2907 5265 ει
2948 5213 3044 5282 μὴ,
3073 5213 3147 5275 ὡς
3176 5215 3453 5283 προεῖπον,
3500 5211 3792 5281 ἀπόσχοιτό
3827 5228 3910 5273 τις
3950 5210 4075 5281 πρό-

859 5304 983 5371 quis
1013 5303 1163 5371 prius
1214 5304 1282 5357 ab
1318 5304 1593 5359 illecebris
1640 5304 1804 5375 hujus
1852 5301 2041 5356 mundi
2093 5316 2156 5354 ac
2216 5315 2420 5355 concu-

862 5390 1143 5458 piscentiis
1187 5390 1511 5446 adversariae
1556 5392 1859 5460 potestatis,
1891 5405 2011 5458 quas
2040 5388 2178 5443 lucis
2210 5398 2294 5442 est
2324 5402 2420 5442 ex-

2516 5319 2671 5373 τερον
2701 5303 2798 5371 τῆς
2838 5302 3168 5371 ἡδυπαθείας
3221 5300 3312 5354 τοῦ
3352 5301 3579 5370 κόσμου,
3621 5301 3730 5353 τῶν
3783 5299 4077 5369 ἐπιθυμιῶν

2525 5391 2623 5458 τῆς
2667 5392 3241 5460 ὲναντίαςδυνὰμεως,
3274 5392 3394 5461 ἥτις
3428 5391 3602 5461 φωτὸς
3644 5391 3901 5461 ἀλλοτρία
3947 5392 4073 5456 ἔστι,

803 5550 806 5551 ν
860 5497 1007 5552 pers,
1042 5490 1097 5537 et
1139 5482 1382 5536 effectrix
1426 5483 1686 5552 nequitize
1714 5492 1820 5547 est,
1855 5483 1921 5536 ad
1964 5482 2102 5540 bene
2153 5480 2419 5550 agendum

2380 5495 2419 5532 ‘n
2526 5483 2619 5535 καὶ
2650 5482 2898 5552 ἐνέργεια
2934 5483 3193 5551 πονηρίας
3228 5481 3442 5551 ἀγαθῆς
3492 5481 3770 5552 ἐνεργείας
3825 5481 4071 5546 ἀνοίκειός

862 5571 1087 5627 minime
1127 5580 1271 5642 apta,
1300 5572 1408 5642 92
1451 5589 1514 5627 ac
1544 5588 1770 5642 prorsus
1802 5572 2041 5627 exclusa.
2074 5570 2339 5636 Quocirca
2375 5571 2418 5624 si
2528 5574 2552 5624 ὲ

2382 5571 2418 5624 si
2528 5574 2661 5636 ἔστι,
2696 5574 2787 5625 καὶ
2834 5573 3009 5642 πάντη
3044 5572 3448 5644 ἀπεξενωμένη.
3483 5572 3783 5644 Τοιγαροῦν
3832 5573 3879 5627 εί
3911 5572 4073 5643 βούλει

935 5729 980 5761 ³⁸
1018 5728 1371 5795 Psal.cxxvn,
1405 5730 1453 5782 1.
1529 5732 1571 5762 ²⁹
1599 5730 1730 5782 Luc.
1764 5746 1814 5793 ι,
1849 5730 1925 5784 l9.
2004 5730 2045 5761 ³ο
2083 5731 2235 5784 Rom.
2273 5748 2381 5797 xw,
2408 5730 2498 5783 20.
2581 5732 2617 5760 ³⁸
2648 5731 2686 5783 ll
2724 5730 2912 5783 Thess.
2950 5747 3005 5796 ιι,
3036 5730 3085 5784 8.
3165 5732 3207 5763 υ
3256 5730 3445 5787 Matth.
3478 5745 3551 5798 v1,
3581 5728 3667 5785 i5.
