4282 6364
167 386 276 448 669

1348 377 1719 441 HOMILUE.
1739 400 1813 413 -·
1839 376 2027 440 ΗΟΜ.
2066 380 2241 444 XXV.

3321 384 3426 447 670

171 494 372 565 μαθεῖν
397 490 541 554 τίνος
570 491 758 546 ἕνεκεν
796 490 1105 555 κτισθέντες
1136 490 1196 545 ἐν
1223 494 1359 563 τιμῇ
1425 494 1522 546 καί
1570 508 1750 545 κατοιο
1781 493 1825 548 Α
1858 513 1862 537 ε

1736 517 1750 532 -
1781 493 1825 548 Α
1858 490 2073 547 discere
2120 492 2401 547 desideres
2452 504 2560 561 qua
2588 490 2658 548 de
2698 505 2883 556 una,
2917 504 3043 548 cum
3092 506 3338 549 essemus
3369 495 3427 551 in

168 585 456 647 κισθὲντες
494 586 553 637 ἐν
578 583 919 655 παραδείσῳ,
950 585 1260 638 τελευταῖον
1285 582 1751 654 συμπαρεδλήθη-

169 696 273 746 μεν
304 675 419 738 τοῖς
460 677 712 746 ἀνοήτοις
762 677 1008 745 κτήνεσι,
1034 676 1131 728 καί
1155 673 1520 743 ὡμοιώθημεν
1546 673 1750 739 αὐτοῖς,

167 766 638 831 ἀποπεπτωκότες
668 764 770 837 τῆς
820 766 1090 837 ἀχράντου
1136 764 1315 835 δόξης,
1356 765 1615 833 γίνωσκε,
1668 764 1754 818 ὅτι

166 859 258 910 διὰ
284 862 385 928 τῆς
412 858 699 929 παρακοῆς
726 856 902 909 δοῦλοι
927 858 1026 927 τῆς
1056 856 1259 926 σαρκὸς
1305 855 1495 909 παθῶν
1528 854 1755 925 γινόμε-

169 967 252 1001 νοι
287 949 697 1017 ἀπεκλείσαμεν
730 946 959 1011 ἑαυτοὺς
983 946 1088 1017 τῆς
1123 945 1401 1017 μακαρίας
1434 946 1617 1019 χώρας
1643 946 1752 1001 τῶν

170 1039 414 1102 ζώντων,
444 1038 541 1091 καὶ
571 1039 629 1091 ἑν
657 1037 1006 1108 αἰχμαλωσίᾳ
1046 1037 1349 1107 γενόμενοι,
1392 1037 1473 1090 ετι
1506 1038 1601 1090 ἐπὶ
1643 1036 1752 1090 τῶν

173 1130 442 1200 ποταμῶν
467 1126 789 1190 Βαϐυλῶνος
848 1126 1193 1198 καθεζόμεθα
1216 1137 1235 1156 °
1270 1127 1365 1182 καὶ
1391 1126 1479 1180 διά
1498 1125 1559 1180 τὸ
1581 1124 1663 1180 ἔτι
1692 1127 1752 1181 ὲν

172 1223 438 1295 Αἰγύπτῳ
463 1223 611 1294 ἡμᾶς
644 1218 991 1292 κατέχεσθαι,
1020 1220 1175 1275 οὔπω
1223 1220 1747 1292 ἑκληρονομήσαμεν

170 1316 273 1384 τὴν
314 1312 420 1384 γῆν
485 1312 838 1383 ἑπαγγελίας,
867 1313 968 1385 τὴν
1016 1312 1251 1385 ῥέουσαν
1278 1310 1421 1381 γάλα
1459 1312 1555 1366 καὶ
1604 1310 1749 1383 μέλι.

172 1404 341 1460 Οὔπω
368 1397 822 1477 συνεφυράθῆμεν
846 1407 915 1476 τῇ
939 1403 1087 1476 ζύμῃ
1116 1404 1217 1475 τῆς
1242 1402 1613 1473 εἰλικρινείας,
1634 1401 1751 1457 ἀλλ’

170 1500 252 1552 ἔτι
292 1500 461 1569 ἐσμὲν
496 1499 554 1551 ἐν
581 1499 648 1568 τῇ
674 1497 777 1567 τῆς
831 1497 1099 1568 πονηρίας
1139 1494 1309 1567 ζύμῃ.
1350 1493 1520 1548 Οὔπω
1555 1496 1751 1566 tepu-

167 1590 330 1660 τίσθη
373 1590 533 1660 ἡμῶν
562 1589 597 1659 ἡ
633 1587 835 1658 καρδία
882 1586 961 1657 τῷ
1005 1587 1199 1657 αἵματι
1223 1585 1319 1639 τοῦ
1346 1585 1515 1640 Θεοῦο
1540 1586 1620 1639 ἔτι
1642 1584 1751 1656 γάρ

166 1677 227 1729 τὸ
259 1676 535 1746 πέταυρον
570 1674 665 1728 τοῦ
701 1674 853 1746 ᾅδου,
885 1676 980 1727 καὶ
1018 1673 1080 1727 τὸ
1100 1673 1394 1747 ἄγκιστρον
1422 1673 1525 1745 τῆς
1552 1674 1753 1739 κακίας

165 1768 522 1837 ὲμπέπηκται
542 1766 702 1836 αὐτῇ.

234 1857 309 1914 Δ’.
341 1856 507 1911 Οὔπω
538 1856 922 1927 ἀπειλήφαμεν
960 1855 1060 1927 τὴν
1108 1855 1429 1925 ἀγαλλίασιν
1454 1853 1549 1909 τοῦ
1583 1872 1752 1928 σωτηο

168 1950 285 2018 ρίου
318 1948 414 2002 τοῦ
452 1946 711 2017 Χριστοῦ.
780 1947 861 2000 ἔτι
902 1949 1010 2017 γάρ
1039 1947 1101 2000 τὸ
1139 1948 1363 2019 κέντρον
1400 1948 1495 2001 τοῦ
1519 1948 1749 2001 θανάτου

165 2040 638 2111 ἐγκατερῤίζωται
667 2040 817 2110 ἡμῖν.
846 2040 1022 2094 Οὔπω
1043 2038 1459 2109 ἐνεδυσάμεθα
1487 2040 1597 2093 τὸν
1627 2055 1749 2093 και-

164 2133 280 2185 νὸν
337 2132 674 2199 ἄνθρωπον,
727 2130 837 2184 τὸν
896 2129 1046 2184 κατὰ
1106 2131 1256 2184 Θεὸν
1301 2129 1627 2184 κτισθέντα
1680 2129 1753 2185 ἐν

164 2224 437 2290 ὁσιότητι
454 2239 467 2252 ·
493 2218 701 2289 ἐπειδὴ
729 2220 894 2273 οὔπω
917 2218 1340 2288 ἀπεδυσάμεθα
1359 2217 1468 2271 τὸν
1490 2218 1752 2273 παλαιὸν

164 2317 503 2382 ἄνθρωπον,
542 2312 651 2365 τὸν
702 2310 1093 2381 φθειρόμενον
1113 2310 1264 2365 κατὰ
1299 2310 1407 2375 τὰς
1434 2310 1750 2381 ἐπιθυμίας

164 2402 279 2472 τῆς
325 2402 583 2473 ἀπάτης.
608 2401 786 2455 Οὔπω
834 2398 1205 2469 φυράσαντες
1253 2399 1368 2470 τὴν
1394 2403 1600 2456 είκόνα
1641 2401 1750 2456 τοῦ

163 2492 555 2562 ἐπουρανίου,
588 2493 930 2561 σύμμορφοι
964 2490 1075 2565 τῆς
1116 2490 1307 2561 δόξης
1354 2492 1546 2549 αὑτοῦ
1578 2494 1752 2565 γεγό-

164 2603 379 2655 ναμεν.
422 2586 597 2639 Οὔπω
622 2582 1171 2653 προσεκυνήσαμεν
1198 2585 1270 2639 ἐν
1301 2586 1605 2654 Πνεύματι
1650 2584 1753 2640 καί

165 2679 429 2745 ἀληθείᾳ
460 2676 739 2741 Θεῷ,,διὰ
777 2674 843 2727 τὸ
898 2676 1266 2739 ,βασιλεύειν
1310 2675 1427 2745 τὴν
1462 2677 1753 2746 ἁμαρτίαν

166 2774 237 2824 ὲν
261 2771 343 2836 τῷ
370 2768 569 2838 θνητῷ
597 2766 768 2838 ἡμῶν
791 2766 1042 2836 σώματι.
1076 2766 1243 2821 Οὔπω
1272 2767 1620 2839 ἐθεασάμεθα
1652 2768 1751 2839 τὴν

166 2865 329 2930 δόξαν
360 2862 454 2916 τοῦ
483 2862 759 2931 ἀφθάρτου
780 2878 796 2894 ο
823 2860 905 2914 ἔτι
953 2860 1063 2930 γὰρ
1111 2860 1217 2914 ὑπὸ
1253 2861 1353 2931 τῆς
1411 2861 1753 2931 σκοτομήνης

167 2953 564 3029 ἐνεργούμεθα.
584 2953 752 3007 Οὔπω
774 2952 1142 3023 ἑνεδυσάμεθα
1165 2952 1235 3005 τὰ
1255 2952 1395 3007 ὅπλα
1418 2952 1514 3006 τοῦ
1552 2952 1749 3022 φωτός·

168 3045 363 3115 ἐπειδὴ
402 3043 559 3097 οὔπω
591 3043 983 3114 ἀπεδυσάμεθα
1011 3042 1080 3096 τὰ
1107 3040 1201 3097 τοῦ
1251 3042 1476 3108 σκότους
1516 3044 1656 3097 ὅπλα
1691 3060 1751 3096 τε

1777 1819 1826 1880 Β

1856 582 2068 637 honore
2097 582 2292 647 creati,
2332 590 2390 637 et
2441 581 2497 636 in
2542 581 2799 652 paradiso
2847 581 3156 649 constituti,
3205 585 3427 641 tandem

1851 674 2155 744 comparati
2204 674 2377 728 simus
2428 688 2557 729 cum
2612 673 3007 743 insipientibus
3053 676 3340 746 iumentis,
3372 685 3429 731 et

1854 764 2076 820 illorum
2098 765 2309 821 similes
2329 765 2483 827 facti.
2504 775 2563 821 et
2581 765 2887 821 excidimus
2904 767 2974 821 ab
3000 766 3426 822 incontaminati

1852 855 2051 927 gloria,
2102 856 2265 921 scito,
2321 855 2469 925 quod
2502 870 2628 910 cum
2659 870 2760 925 per
2802 854 3231 911 inobedientiam
3281 857 3426 911 servi

1855 945 2213 1001 aﬂectionum
2247 946 2433 1002 carnis
2460 944 2644 1001 eﬂ'ecti
2664 959 2935 1009 essemus,
2960 944 3303 1000 exclusimus
3324 961 3428 1000 nos

1852 1038 2003 1107 ipsos
2030 1054 2062 1092 a
2097 1038 2255 1093 beata
2282 1037 2507 1109 regione
2539 1037 2867 1102 viventium,
2891 1047 2947 1091 et
2966 1038 3021 1091 in
3055 1038 3425 1108 captivitatem

1852 1130 2085 1196 redacti,
2116 1130 2299 1186 adhuc
2338 1131 2495 1201 juxta
2542 1128 2767 1184 ﬂumina
2813 1129 3105 1200 Babylonis
3132 1130 3421 1195 sedemus;

1849 1231 1907 1280 et
1946 1238 2036 1291 eo,
2060 1224 2209 1295 quod
2240 1222 2423 1278 adhuc
2454 1221 2510 1277 in
2548 1221 2781 1294 Egypto
2809 1222 3149 1287 detinemur,
3176 1224 3425 1278 nondum

1851 1317 2199 1373 haereditario
2227 1316 2351 1387 jure
2373 1314 2721 1386 possidemus
2763 1322 2966 1370 terram
3023 1315 3425 1384 promissionis,

1851 1408 2118 1464 ﬂuentem
2146 1409 2286 1463 lacte
2315 1416 2373 1464 et
2402 1407 2587 1462 melle.
2613 1406 2870 1460 Nondum
2896 1406 3107 1460 subacti
3137 1422 3326 1462 sumus
3372 1406 3427 1459 in

1850 1494 2125 1549 fermento
2156 1494 2511 1558 sinceritatis,
2556 1492 2653 1547 sed
2701 1492 2882 1546 adhuc
2914 1493 2968 1545 in
3011 1492 3281 1547 termento
3314 1508 3430 1547 ma-

1851 1586 1987 1641 litia:
2013 1585 2283 1655 degimus.
2312 1584 2567 1639 Nondum
2600 1592 2688 1638 est
2713 1598 2996 1651 aspersum
3042 1598 3138 1637 cor
3176 1592 3427 1637 nostrum

1852 1677 2119 1747 sanguine
2143 1676 2273 1741 Dei;
2322 1674 2507 1728 adhuc
2545 1674 2693 1728 enim
2726 1674 2956 1744 laqueus
2982 1675 3201 1739 inferni,
3230 1684 3289 1729 et
3327 1673 3428 1729 ha-

1853 1784 1977 1823 mus
2003 1768 2224 1821 malitiae
2246 1767 2326 1821 illi
2352 1767 2554 1822 inﬁxus
2580 1773 2686 1820 est.

1922 1860 2011 1915 IV.
2057 1858 2314 1913 Nondum
2387 1859 2702 1928 accepimus
2772 1856 3197 1911 exsultationem
3261 1870 3430 1925 super

1852 1952 2029 2005 salute
2069 1950 2277 2005 Christi
2306 1967 2323 2003 :
2354 1950 2536 2005 adhuc
2566 1948 2715 2003 enim
2745 1948 2970 2001 aculeus
2998 1948 3188 2001 mortis
3214 1946 3430 2001 radices

1852 2041 1909 2095 in
1961 2041 2121 2095 nobis
2162 2040 2356 2095 inﬁxas
2403 2040 2592 2094 habet.
2652 2038 2897 2093 Nondum
2925 2039 3190 2092 induimus
3240 2055 3431 2092 novum

1850 2134 2138 2195 hominem,
2166 2134 2256 2203 qui
2284 2132 2569 2186 secundum
2596 2133 2765 2186 Deum
2802 2140 3014 2186 creatus
3042 2141 3116 2184 est
3146 2132 3201 2184 in
3228 2133 3429 2184 sancti-

1851 2232 2008 2279 tate:
2052 2224 2180 2293 quia
2208 2223 2442 2277 nondum
2481 2223 2719 2276 exuimus
2754 2232 2978 2276 veterem
3021 2223 3306 2285 hominem,
3340 2223 3433 2291 qui

1852 2317 1986 2387 perit
2012 2314 2299 2368 secundum
2337 2314 2600 2367 desideria
2638 2313 2926 2382 fraudis”.
2950 2312 3196 2366 Nondum
3218 2322 3433 2384 gestan-

1852 2416 1926 2461 tes
1954 2408 2239 2477 imaginem
2268 2404 2511 2470 celestis,
2562 2404 2856 2475 conformes
2896 2404 3081 2474 gloria
3117 2405 3261 2458 illius
3304 2405 3432 2474 facti

1850 2514 2052 2552 sumus.
2088 2497 2336 2552 Nondum
2376 2496 2718 2550 adorauimus
2756 2496 2813 2549 in
2858 2492 3062 2565 Spiritu
3113 2502 3163 2548 et
3214 2497 3433 2549 veritate

1852 2586 2020 2645 Deum
2055 2629 2071 2655 ,
2122 2605 2181 2643 eo
2240 2589 2379 2660 quod
2425 2589 2725 2642 dominetur
2772 2595 3047 2659 peccatum
3095 2587 3153 2640 in
3217 2587 3433 2641 mortali

1854 2693 2032 2737 nostro
2068 2697 2287 2752 corpore
2314 2682 2399 2734 ”‘.
2426 2680 2682 2735 Nondum
2713 2678 3071 2751 contemplati
3094 2695 3289 2733 sumus
3313 2680 3433 2749 gloo

1852 2774 1992 2829 riam
2026 2774 2148 2845 ejus
2187 2772 2284 2842 qui
2330 2772 2777 2842 incorruptibilis
2804 2782 2919 2838 est;
2956 2773 3140 2826 adhuc
3180 2774 3330 2827 enim
3363 2773 3433 2826 ab

1854 2865 2014 2921 illuni
2068 2874 2233 2920 nocte
2286 2864 2580 2935 agitamur.
2632 2864 2887 2918 Nondum
2946 2864 3230 2919 induimus
3281 2879 3433 2919 arma

1852 2955 2035 3023 lucis;
2076 2956 2207 3027 quia
2236 2955 2487 3010 nondum
2521 2954 2779 3009 exuimus
2806 2969 2980 3018 arma,
3014 2954 3122 3009 tela
3172 2962 3231 3008 et
3264 2969 3435 3024 opera

1854 3045 2239 3100 tenebrarum.
2297 3043 2555 3099 Nondum
2617 3042 3001 3099 transformati
3082 3060 3277 3099 sumus
3332 3059 3434 3114 per

169 3138 265 3192 καὶ
323 3136 479 3207 βέλη,
536 3134 632 3189 καί
685 3135 844 3206 ἔργα.
901 3132 1069 3188 Οὔπω
1126 3133 1635 3205 μεττμορφώθημεν
1681 3136 1860 3218 caci

1743 3137 1820 3218 ιο
1854 3136 2059 3191 mentis
2087 3136 2503 3191 renovationem
2548 3153 2562 3189 :
2599 3134 2785 3191 adhuc
2832 3134 2980 3190 enim
3025 3135 3434 3206 conﬁguramur

168 3227 515 3283 ἀνακαινίσει
534 3226 627 3281 τοῦ
660 3228 799 3290 νοός.
830 3224 952 3279 Ἐτι
981 3225 1091 3296 γάρ
1120 3225 1641 3295 συσχηματιζόμεθα
1674 3225 1752 3297 τῷ

167 3321 333 3374 αἰῶνι
360 3320 538 3391 τούτῳ
567 3321 625 3373 ὲν
670 3322 737 3391 τῇ
775 3318 871 3373 τοῦ
900 3318 1020 3382 νοὸς
1046 3316 1390 3388 ματαιότητι.
1424 3316 1600 3371 Οὔπω
1621 3318 1755 3386 Χρι-

167 3417 296 3482 στῷ
322 3410 877 3480 συνεδοξάσθημεν,
903 3409 998 3463 διὰ
1023 3408 1090 3461 τό
1107 3406 1193 3477 μὴ
1218 3406 1558 3477 συμπαθεῖν
1594 3405 1753 3476 ἡμᾶς

168 3507 356 3572 αὐτῷ.
402 3506 577 3559 Οὔπω
629 3504 703 3557 τὰ
728 3502 1022 3571 στίγματα
1053 3498 1242 3554 αὐτοῦ
1278 3498 1349 3552 ἐν
1394 3497 1476 3563 τῷ
1527 3497 1754 3567 σώματι

168 3598 345 3667 ἡμῶν
389 3597 671 3666 φέρομεν,
721 3593 1002 3663 γενόμενοι
1055 3594 1114 3643 ἐν
1173 3591 1253 3661 τῷ
1317 3590 1603 3661 μυστηρίῳ
1658 3588 1750 3642 τοῦ

176 3688 417 3759 σταυροῦ
473 3686 564 3741 τοῦ
598 3683 858 3753 Χριστοῦ.
896 3683 1017 3736 Ἔτι
1045 3682 1156 3753 γὰρ
1202 3682 1262 3733 ὲν
1308 3684 1421 3744 τοῖς
1474 3683 1752 3751 σαρκικοῖς

171 3782 466 3849 παθήμασι
518 3779 612 3830 καὶ
658 3778 777 3839 ταῖς
831 3773 1152 3841 ἐπιθυμίαις
1178 3772 1365 3841 ἐσμέν.
1398 3769 1567 3825 Οὔπω
1603 3771 1751 3825 Θεοῦ

169 3870 540 3939 κληρονόμοι
571 3867 668 3921 καὶ
704 3868 1190 3935 συγκληρονόμοι
1220 3854 1479 3933 Χριστοῦ
1507 3864 1753 3933 γεγόνα-

167 3978 317 4031 μεν·
357 3962 440 4014 ὅτι
471 3961 580 4029 γάρ
617 3956 834 4025 πνεῦμα
879 3956 1123 4019 δουλείας
1157 3954 1476 4023 ἐνυπάρχει,
1517 3954 1613 4006 καί
1656 3952 1754 4023 οὐχ

172 4053 451 4113 υἱοθεσίας
473 4067 486 4081 ·
529 4048 682 4102 οὔπω
722 4050 1051 4119 γεγόναμεν
1080 4048 1226 4113 ναὸς
1261 4046 1428 4110 Θεοῦ,
1458 4046 1554 4099 καί
1583 4047 1749 4112 οἰκη-

170 4145 389 4213 τήριον
449 4142 793 4210 Πνεύματος
865 4140 1072 4208 ἁγίου·
1108 4137 1212 4191 Ετν
1244 4138 1353 4207 γάρ
1410 4138 1577 4207 ἔσμεν
1628 4137 1754 4200 ναὸς

171 4234 433 4297 εἰδώλων,
470 4234 562 4285 καί
599 4232 809 4301 δοχείον
843 4228 1172 4299 πνευμάτων
1204 4226 1492 4298 πονηρίας,
1527 4226 1615 4280 διά
1656 4226 1755 4297 τὴν

170 4326 264 4377 ἐπὶ
290 4324 360 4377 τά
391 4322 538 4392 πάθη
572 4322 770 4392 ὁρμήν.

241 4421 321 4474 Ε’.
367 4420 577 4480 Ὀντως
630 4417 741 4486 γὰρ
787 4415 941 4469 οὔπω
988 4414 1081 4468 τοῦ
1130 4415 1332 4486 τρόπου
1360 4416 1421 4469 τὸ
1471 4415 1749 4487 ἀκέραιον,

171 4512 265 4564 καὶ
300 4509 399 4576 τὴν
421 4508 519 4576 τῆς
539 4480 778 4568 διανοίας
806 4480 1555 4576 λαμπρότητα-ἐκτησάμεθα.
1576 4480 1757 4559 ,Οὔπω
1787 4480 1831 4535 D

172 4597 601 4669 κατηξιώθημεν
626 4599 723 4650 τοῦ
756 4597 945 4650 ἀδόλου
982 4598 1075 4650 καὶ
1097 4596 1315 4665 λογικοῦ
1344 4596 1634 4664 γάλακτος,
1658 4598 1755 4651 καὶ

171 4693 271 4763 τῆς
299 4689 498 4761 νοητῆς
528 4689 827 4761 αὐξήσεως.
870 4687 1037 4743 Οὔπω
1062 4691 1194 4760 ἡμῖν
1231 4688 1410 4759 ἡμέρα
1440 4689 1751 4759 διηύγασεν,

172 4784 300 4837 οὔτε
322 4782 599 4852 ἑωσφόρος
619 4785 677 4834 ὲν
696 4783 817 4843 ταῖς
839 4780 1089 4849 καρδίαις
1110 4779 1267 4850 ἡμῶν
1284 4780 1573 4835 ἀνέτειλεν.
1589 4779 1757 4834 Οὔπω

178 4873 597 4943 συνεκράθημεν
631 4871 709 4941 τῷ
736 4870 869 4940 ἡλίῳ
894 4869 994 4937 τῆς
1024 4871 1396 4941 δικαιοσύνης,
1454 4870 1608 4924 οὔπω
1635 4874 1757 4935 ταῖς

170 4962 347 5017 ἀὑτοῦ
386 4962 843 5033 συνηστράψαμεν
881 4961 1117 5015 ἀκτῖσιν.
1158 4960 1324 5015 Οὔπω
1374 4962 1757 5034 ἀπειλήφαμεν

175 5056 275 5126 τὴν
338 5052 434 5107 τοῦ
495 5052 701 5123 Κυρίου
764 5052 1043 5122 ὁμοίωσιν,
1104 5053 1243 5106 οὔτε
1291 5053 1618 5121 γεγόναμεν
1647 5053 1756 5123 τῆς

177 5146 346 5210 θείας
387 5143 627 5212 φύσεως
673 5143 967 5197 κοινωνοί.
1018 5143 1187 5196 Οὔπω
1230 5143 1538 5213 γεγόναμεν
1572 5145 1757 5209 ἄδολος

178 5234 441 5304 πορφύρα
505 5233 778 5303 βασιλικὴ,
818 5232 944 5285 οὔτε
1005 5231 1290 5294 ἀνόθευτος
1350 5231 1513 5285 εἰκὼν
1576 5233 1754 5306 θεῖκή.

178 5326 352 5380 Οὔπω
388 5324 707 5395 ὲτρώθημεν
757 5324 835 5394 τῷ
874 5323 1003 5393 θείῳ
1046 5322 1232 5393 ἐρωτι,
1272 5322 1394 5376 οὔτε
1438 5324 1757 5395 ὲπλήγημεν

178 5420 289 5473 ὔπδ
334 5419 434 5487 τῆς
462 5418 839 5486 πνευματικῆς
886 5414 1107 5484 ἀγάπης
1145 5412 1240 5466 τοῦ
1274 5414 1549 5485 Νυμφίου.
1588 5416 1757 5470 Οὔπω

178 5510 281 5579 τὴν
313 5510 593 5577 ἄφραστον
643 5505 925 5559 κοινωνίαν
963 5506 1359 5576 ὲγνωρίσαμεν,
1402 5505 1527 5559 οὔτε
1566 5506 1665 5577 τὴν
1698 5509 1757 5561 ὲν

179 5599 443 5670 ἁγιασμῷ
477 5597 708 5667 δύναμιν
748 5598 843 5651 καὶ
895 5597 1123 5668 εἰρήνην
1152 5596 1493 5666 ἐπέγνωμεν.
1528 5599 1639 5651 Καὶ
1671 5601 1758 5654 ῐνα

256 5718 305 5750 ⁸³
344 5716 546 5788 Ephes.
574 5732 654 5788 tv,
711 5712 896 5788 252}.
992 5713 1055 5745 ³⁸⁸
1078 5713 1098 5766 l
1124 5709 1251 5788 αρε.
1280 5725 1371 5788 xv,
1396 5712 1514 5788 §9_;
1552 5714 1721 5788 Rom.
1746 5733 1861 5788 vni,
1886 5716 1956 5788 29
1978 5715 2174 5788 ;__J(_mn.
2218 5714 2416 5788 Iv,_24;
2442 5716 2598 5771 Rom.
2628 5732 2701 5780 v1,
2734 5713 2824 5770 22.

186 5781 433 5843 “Calai.
469 5803 541 5854 vt,
575 5787 661 5839 17.
738 5784 803 5818 ⁸⁸⁸
831 5784 987 5840 Rom.
1016 5798 1132 5848 vm,
1166 5783 1251 5836 17.
1329 5782 1373 5814 ⁸⁸
1401 5782 1420 5837 l
1445 5781 1574 5838 Cor.
1598 5801 1679 5854 ιιι,
1704 5787 1790 5841 16.

1854 3228 1987 3284 huic
2022 3229 2226 3283 saeculo
2272 3244 2373 3299 per
2398 3227 2604 3283 mentis
2646 3227 2973 3282 vanitatem.
3009 3226 3258 3281 Nondum
3312 3243 3433 3281 aut

1854 3320 2062 3377 Christo
2084 3319 2372 3393 glorificati
2384 3337 2601 3385 sumus;
2628 3320 2755 3389 quia
2772 3336 2877 3373 non
2903 3317 3430 3389 compatimurilli“.

1853 3413 2101 3468 Nondum
2142 3414 2397 3484 stigmata
2443 3412 2590 3467 illius
2640 3414 2697 3466 in
2750 3427 2968 3483 corpore
3016 3419 3195 3466 nostra
3253 3419 3435 3482 gesta-

1854 3521 1970 3557 mus
1996 3505 2059 3569 ³⁸,
2096 3514 2384 3560 versantes
2430 3503 2487 3558 in
2536 3502 2802 3574 mysterio
2836 3503 3020 3557 crucis
3048 3501 3254 3558 Christi
3287 3520 3303 3556 :
3337 3502 3437 3558 ad-

1856 3592 1968 3646 huc
1993 3594 2141 3647 enim
2176 3593 2496 3649 carnalibus
2528 3591 2919 3647 affectionibus
2940 3599 2998 3646 et
3027 3593 3435 3663 concupiscen-

1858 3686 1953 3741 tiis
1975 3686 2199 3741 obnoxii
2236 3701 2449 3740 sumus.
2500 3684 2756 3739 Nondum
2784 3684 2881 3739 Dei
2908 3685 3160 3750 Iueredes,
3188 3694 3237 3739 et
3266 3687 3437 3741 colue-

1858 3776 2007 3829 redes
2034 3775 2228 3830 Christi
2260 3776 2388 3845 facti
2416 3791 2595 3828 sumus
2622 3774 2688 3805 ³⁵⁶
2719 3791 2732 3827 :
2763 3774 2993 3844 spiritus
3014 3775 3162 3829 enim
3198 3777 3436 3831 servitu-

1858 3868 1931 3921 tis
1981 3867 2034 3921 in
2091 3867 2254 3921 nobis
2303 3865 2489 3921 adhuc
2546 3865 2787 3930 exsistit,
2824 3878 2882 3921 et
2934 3882 3048 3921 non
3094 3866 3433 3937 adoptionis.

1854 3954 2110 4011 Nondum
2170 3954 2300 4008 facti
2358 3970 2539 4007 sumus
2592 3953 2849 4023 templum
2888 3952 3122 4024 Spiritus
3170 3955 3343 4010 sancti
3364 3957 3433 4020 ³⁸,

1856 4063 2049 4102 sumus
2082 4046 2230 4101 enim
2265 4045 2450 4101 adhuc
2498 4046 2763 4115 templum
2819 4046 3120 4113 idolorum,
3192 4056 3249 4103 et
3281 4063 3437 4103 rece-

1856 4138 2138 4208 ptaculum
2157 4138 2454 4207 spirituum
2498 4136 2743 4200 malitiae,
2765 4144 2991 4207 propter
3025 4136 3292 4207 impetum
3315 4138 3437 4193 ani-

1863 4246 1968 4284 ma:
1994 4230 2060 4283 ad
2089 4228 2435 4283 affectiones.

1933 4424 1997 4477 ν.
2040 4423 2249 4477 Revera
2330 4421 2483 4476 enim
2554 4435 2776 4474 morum
2829 4421 3261 4491 simplicitatem,
3317 4424 3438 4478 ani-

1860 4514 2048 4583 mique
2080 4513 2262 4568 lucem
2297 4512 2543 4567 nondum
2584 4511 2873 4566 consecuti
2925 4528 3136 4567 sumus.
3176 4513 3433 4569 Nondum

1858 4605 2013 4675 digni
2041 4620 2235 4659 sumus
2268 4604 2441 4658 habiti
2475 4604 2694 4659 sincero
2716 4613 2771 4657 et
2800 4604 3163 4658 intellectuali
3185 4605 3349 4669 lacte,
3376 4615 3434 4660 et

1857 4696 2176 4751 intellectus
2244 4695 2613 4749 incremento.
2660 4693 2915 4748 Nondum
3004 4693 3187 4749 illuxit
3271 4695 3433 4751 nobis

1859 4785 2001 4850 dies,
2036 4799 2219 4853 neque
2264 4782 2463 4837 lucifer
2486 4781 2543 4835 in
2569 4780 2833 4836 cordibus
2878 4781 3081 4835 nostris
3123 4788 3280 4834 ortus
3325 4790 3430 4836 est.

1858 4874 2114 4931 Nondum
2164 4873 2419 4944 permisti
2466 4887 2661 4926 sumus
2685 4871 2811 4928 Sole
2843 4872 3092 4942 justitiaz,
3123 4887 3227 4927 nec
3252 4872 3434 4927 adhuc

1860 4967 2012 5022 illius
2039 4966 2210 5021 radiis
2251 4966 2543 5035 fulgemus.
2570 4964 2827 5019 Nondum
2872 4964 3187 5034 accepimus
3216 4963 3432 5018 Domini

1858 5058 2304 5117 similitudinem,
2352 5071 2455 5110 nec
2485 5056 2769 5126 participes
2815 5055 3008 5109 divina
3054 5064 3263 5108 natura
3308 5054 3433 5123 facti

1857 5164 2039 5202 sumus
2058 5149 2150 5200 η’.
2190 5145 2444 5201 Nondum
2488 5144 2614 5198 facti
2667 5160 2859 5199 sumus
2918 5144 3137 5199 sincera
3187 5157 3432 5214 purpura

1860 5239 2030 5308 regia,
2060 5252 2168 5291 nec
2210 5236 2450 5306 genuina
2487 5236 2667 5307 imago
2714 5236 2837 5290 Dei.
2886 5235 3141 5290 Nondum
3194 5233 3431 5289 sanciati

1860 5344 2052 5383 sumus
2087 5343 2272 5381 amore
2317 5326 2526 5392 divino,
2560 5343 2664 5382 nec
2696 5326 2944 5397 percussi
3000 5324 3274 5395 spirituali
3299 5324 3431 5378 cha-

1892 5421 2026 5475 itate
2083 5419 2301 5489 Sponsi.
2379 5418 2635 5473 Nondum
2700 5418 3038 5473 ineﬂ'abilem
3111 5415 3429 5471 societatem

1870 5510 2240 5580 \ognovimus,
2282 5523 2463 5578 neque
2492 5509 2604 5563 vim
2638 5517 2697 5563 et
2737 5522 2954 5578 pacem.
2987 5522 3110 5577 quae
3139 5507 3194 5560 in
3225 5507 3431 5561 sancti-

1862 5600 2115 5656 ﬁcatione
2152 5609 2258 5665 est,
2301 5600 2681 5671 cognovimus.
2717 5600 2787 5655 Et
2840 5608 2903 5654 ut
2947 5598 3196 5653 breviter
3249 5596 3431 5653 omnia

2924 5713 2966 5745 ⁸⁸
3002 5713 3162 5769 Rom.
3190 5730 3303 5783 vlu,
3340 5713 3429 5769 t7.

1895 5786 1959 5817 "‘
1982 5786 2025 5839 ll
2055 5786 2199 5840 Petr.
2227 5801 2264 5851 1,
2296 5786 2346 5839 4.
