4282 6364
810 354 906 417 671

2078 363 2136 421 S.
2182 363 2501 424 MACARII
2544 364 2863 428 :EGYPTII

3972 392 4083 457 672

812 468 1193 537 complectens
1216 467 1421 535 dicam,
1454 469 1707 545 nondum
1731 486 1925 528 sumus
1947 489 2111 545 genus
2145 475 2387 539 electum,
2420 483 2463 536 Α
2494 495 2503 526 ι

2420 483 2463 536 Α
2494 479 2729 569 συνελὼν
2752 481 2930 535 πάντα
2952 481 3112 551 εῖπω,
3150 484 3308 542 οῦπω
3339 489 3531 561 ἐσμὲν
3563 494 3735 564 γένος
3762 498 4082 569 ἐκλεκτὸν,

811 560 991 631 regale
1024 562 1402 623 sacerdotium,
1430 579 1555 632 gens
1586 573 1795 627 sancta,
1824 565 2070 635 populus,
2093 569 2184 637 qui
2206 571 2389 637 acqui-

808 665 896 705 rat
929 655 1301 721 possessionem
1322 654 1411 703 '.‘"
1442 672 1456 708 :
1483 657 1607 725 quia
1641 657 1810 709 adhuc
1834 674 2014 712 sumus
2036 670 2300 729 serpentes
2328 678 2390 713 ac

806 746 1077 813 progenies
1104 747 1407 814 viperarum
1434 746 1505 798 ".

877 833 963 887 Vl.
1006 834 1125 898 Quo
1170 844 1328 903 pacto
1362 850 1492 889 vero
1561 851 1673 890 non
1718 846 2005 908 serpentes
2030 854 2238 903 sumus,
2290 841 2383 908 qui

805 926 859 977 in
893 926 1207 980 obedientia
1236 927 1329 981 Dei
1363 942 1466 981 nec
1494 927 1626 983 dum
1654 930 1878 999 quidem
1914 932 2250 999 reperimur,
2286 932 2382 986 sed

804 1016 986 1070 adhuc
1047 1018 1103 1070 in
1150 1017 1527 1073 inobedientia
1581 1035 1682 1089 per
1732 1028 2046 1091 serpentem
2114 1022 2386 1077 inducta?

801 1107 1149 1177 Quapropter
1185 1124 1295 1178 quo
1339 1121 1501 1178 pacto
1537 1111 1672 1165 satis
1694 1111 1859 1181 digne
1904 1114 2117 1183 lugeam
2158 1114 2383 1169 calami-

807 1208 993 1263 tatem,
1032 1216 1141 1254 non
1173 1201 1415 1265 invenio,
1453 1210 1509 1257 et
1537 1219 1646 1272 quo
1695 1214 1856 1273 pacto
1885 1206 2142 1277 lacrymis
2192 1208 2385 1262 ell‘usis

805 1292 1045 1348 clamare
1088 1293 1316 1347 debeam
1375 1294 1443 1347 ad
1502 1311 1652 1361 eum,
1685 1298 1777 1366 qui
1810 1307 1991 1367 potest
2042 1315 2290 1355 errorem
2326 1301 2381 1355 in

805 1397 889 1435 me
929 1383 1268 1438 habitantem
1322 1385 1429 1455 93
1478 1386 1734 1457 abigere,
1795 1390 2034 1458 ignoro?
2074 1390 2193 1456 Quo
2220 1401 2383 1460 pacto

802 1489 933 1527 vero
982 1477 1216 1531 cantabo
1260 1478 1536 1532 canticum
1590 1480 1806 1533 Domini
1853 1481 1907 1534 in
1967 1491 2113 1536 terra
2162 1483 2384 1537 aliena?

798 1566 919 1629 Quo
951 1576 1109 1633 pacto
1140 1568 1339 1637 lugebo
1366 1566 1719 1623 Jerusalem?
1770 1570 1889 1636 Quo
1922 1580 2087 1639 pacto
2119 1573 2379 1642 effugiam

802 1654 991 1704 duram
1054 1654 1378 1708 servitutem
1442 1656 1783 1710 Pharaonis?
1827 1658 1947 1723 Quo
2000 1669 2161 1728 pacto
2209 1662 2379 1716 relin-

2487 567 2812 630 βασίλειον
2844 570 3180 643 ἱεράτευμα,
3218 577 3397 646 ἔθνος
3425 581 3619 653 ἅγιον,
3654 589 3806 653 λαὸς
3830 595 3922 658 εις
3974 567 4082 649 te;

2481 660 2834 728 ριποίησιν·
2872 663 3081 733 ἐπειδὴ
3111 666 3181 720 δὲ
3229 668 3315 722 ἔτι
3366 673 3556 744 ἐσμὲν
3619 677 3805 747 ὄφεις,
3865 688 4089 756 τεν-νή-

2482 766 2643 817 ματα
2674 752 2949 819 ἐχιδνῶν.

2559 844 2651 937 ς’.
2690 843 2814 937 Πῶς
2854 844 2912 937 δε
2942 848 3044 901 οὐκ
3088 850 3265 917 δφεις,
3295 852 3345 904 οἱ
3380 853 3454 923 μὴ
3483 856 3542 907 ὲν
3598 862 3663 928 τῇ
3713 862 3931 937 ὑπακοῇ
3988 868 4088 920 τοῦ

2486 931 2623 986 Θεοῦ
2672 936 3077 1007 εὑρισκόμενοι,
3120 940 3239 994 ἀλλ’
3272 942 3331 995 ιν
3359 946 3425 1014 τῇ
3464 945 3554 1000 διὰ
3580 949 3675 1002 τοῦ
3703 951 3881 1021 ὄφεως
3903 931 4086 1024 ’γενο-

2490 1024 2627 1095 μένῃ
2660 1030 2951 1099 παρακοῆς
2984 1029 3078 1082 ἐπὶ
3123 1030 3337 1095 τούτοις
3384 1035 3588 1099 τοίνυν,
3620 1039 3739 1104 πῶς
3770 1043 3873 1112 μὲν
3908 1044 4089 1110 ἀξίως

2485 1114 2765 1184 ὀδύρωμαι
2802 1119 2901 1190 τὴν
2944 1123 3248 1193 συμφορὰν,
3294 1123 3391 1194 οὐχ
3427 1126 3684 1196 εὑρίσκω.
3728 1132 3852 1197 Πῶς
3888 1135 3945 1188 δὲ
3991 1139 4088 1189 ὲκ-

2486 1206 2688 1276 6οήσας
2713 1209 2970 1281 δακρύσω
3010 1214 3145 1285 πρὸς
3183 1215 3277 1267 τὸν
3331 1217 3633 1288 δυνάμενον
3684 1222 3941 1287 ἐξελάσαι
3979 1230 4085 1295 τὴν

2486 1298 2544 1349 ἐν
2577 1299 2702 1367 ιμοὶ
2732 1302 3098 1374 αὐλιζομένην
3128 1304 3338 1376 πλάνην
3359 1309 3538 1376 ἀγνοῶ
3559 1327 3573 1340 ·
3608 1313 3731 1377 Πῶς
3749 1315 3806 1368 δὲ
3830 1316 3951 1387 ᾅσω
3980 1319 4084 1389 τὴν

2485 1388 2626 1462 ᾠδὴν
2661 1393 2869 1463 Κυρίου
2897 1394 2989 1448 ἐπὶ
3020 1396 3128 1466 γῆς
3154 1398 3484 1470 άλλοτρίας;
3525 1404 3650 1468 Πῶς
3681 1405 3941 1478 θρηνήσω
3979 1388 4084 1480 τῆν

2499 1482 2853 1553 Ἰερουσαλήμ
2878 1502 2893 1547 ;
2930 1487 3055 1551 Πῶς
3085 1490 3353 1559 ἀποφύγω
3386 1493 3486 1563 τὴν
3516 1495 3803 1568 μοχθηρὰν
3832 1501 4084 1557 δουλείαν

2482 1571 2575 1624 τοῦ
2614 1574 2843 1643 Φαραώ;
2880 1570 3005 1640 Πῶς
3044 1581 3331 1634 καταλίπω
3355 1583 3453 1654 τὴν
3481 1587 3710 1657 αἰσχρὰν
3741 1593 4040 1661 παροικίαν
4066 1615 4080 1661 ;

2485 1662 2608 1725 Πῶς
2647 1666 2972 1737 ἀρνήσωμαι
3008 1667 3107 1740 τὴν
3149 1671 3352 1741 πικρὰν
3372 1677 3698 1744 τυραννίδα;
3729 1680 3844 1742 πῶς
3875 1683 4083 1746 ἐξέλθω

798 1759 959 1809 quam
996 1744 1297 1798 obscenum
1351 1747 1694 1800 ineolatum‘!
1735 1749 1853 1813 Quo
1895 1762 2055 1818 pacto
2095 1752 2380 1821 abnegabo
2411 1829 2449 1843 ﬁ
2483 1757 2489 1803 ὲ

2411 1829 2449 1843 ἢ
2483 1757 2545 1806 ὲκ
2581 1756 2683 1825 γῆς
2731 1758 3046 1825 Αίγύπτους
3089 1761 3214 1825 Πῶς
3259 1765 3484 1834 περάσω
3527 1768 3629 1839 τὴν
3678 1744 3947 1843 Ἐρυθρὰν
3978 1775 4079 1829 θά-

798 1834 972 1885 diram
1038 1834 1429 1902 tyrannidem?
1462 1837 1581 1901 Quo
1640 1847 1801 1905 pacto
1854 1838 2109 1907 egrediar
2160 1856 2191 1893 a
2228 1848 2373 1894 terra
2411 1829 2449 1883 Β
2480 1845 2489 1895 1

2411 1829 2449 1883 Β
2480 1845 2717 1913 λασσανς
2761 1848 2885 1911 Πῶς
2935 1852 3191 1921 παρέλθω
3239 1829 3343 1924 τὴν.
3381 1829 3625 1930 μεγάλην
3665 1829 3904 1933 ἐρῆμονς
3949 1867 4078 1931 Πῶς

820 1921 1061 1991 Egypti?
1099 1923 1218 1988 Quo
1248 1936 1407 1992 pacto
1449 1925 1695 1978 transibo
1734 1927 1983 1980 Rubrum
2026 1930 2219 1983 mare?
2260 1931 2379 1996 Quo

797 2024 956 2082 pacto
988 2014 1293 2084 peragrabo
1335 2016 1531 2085 ingens
1565 2016 1887 2071 desertum?
1923 2018 2040 2084 Quo
2070 2029 2235 2089 pacto
2268 2037 2377 2076 non

798 2117 1036 2169 peream,
1071 2118 1288 2157 morsus
1312 2119 1341 2157 a
1370 2104 1768 2173 serpentibus?
1810 2105 1929 2170 Quo
1962 2119 2122 2176 pacto
2163 2109 2377 2163 vincam

794 2193 1172 2263 alienigenas?
1200 2193 1320 2259 Quo
1343 2202 1504 2263 pacto
1536 2194 1735 2249 delebo
1764 2206 1955 2266 gentes
1984 2198 2129 2267 apud
2162 2216 2248 2255 me
2282 2201 2379 2255 ha-

796 2284 1071 2338 bitantes?
1124 2284 1245 2350 Quo
1293 2295 1454 2355 pacto
1519 2287 1817 2356 suscipiam
1876 2289 1931 2343 in
1977 2290 2181 2345 tabulis
2242 2294 2378 2348 meis

792 2374 1008 2442 eloquia
1054 2375 1255 2429 divinae
1298 2376 1479 2445 legis?
1520 2376 1639 2441 Quo
1677 2386 1837 2446 pacto
1876 2379 2136 2434 intuebar
2191 2397 2377 2436 veram

792 2468 1108 2520 columnam
1151 2468 1289 2521 lucis
1338 2485 1401 2521 ac
1433 2468 1599 2522 nubis
1642 2484 1671 2522 a
1702 2468 1911 2539 Spiritu
1959 2482 2150 2527 saneto
2195 2474 2376 2543 profe-

792 2564 938 2617 (ειωῖ
968 2562 1087 2628 Quo
1120 2574 1279 2631 pacto
1313 2578 1505 2616 vescar
1534 2579 1735 2617 manna
1769 2574 2103 2619 internarum
2152 2567 2379 2622 delicia~

797 2656 964 2708 llllll?
1000 2656 1118 2720 Quo
1146 2664 1307 2724 pacto
1340 2654 1524 2708 bibam
1565 2671 1763 2725 aquam
1819 2672 1885 2711 ex
1922 2668 2077 2727 petra
2120 2659 2379 2713 viviﬁca?

792 2750 912 2811 Quo
965 2755 1126 2811 pacto
1179 2747 1504 2800 transmisso
1551 2746 1795 2802 Jordane
1841 2749 2117 2818 ingrediar
2178 2751 2377 2806 bonam

794 2849 994 2890 terram
1028 2837 1451 2905 promissionis?
1496 2836 1615 2901 Quo
1662 2848 1822 2907 pacto
1850 2840 2049 2894 videbo
2073 2842 2378 2910 principem

792 2926 1069 2978 exercitus
1102 2924 1343 2989 Domini,
1379 2940 1545 2993 quem
1578 2928 1984 2995 contemplatus
2029 2928 2188 2983 Jesus
2230 2930 2373 2984 ﬁlius

792 3017 959 3079 Nave,
994 3017 1050 3070 in
1080 3031 1261 3086 genua
1285 3017 1610 3084 provolutus
1641 3018 1909 3072 continuo
1944 3019 2241 3074 adoravit?

862 3119 971 3172 Vll.
998 3118 1113 3172 Nisi
1144 3118 1293 3173 enim
1331 3118 1385 3172 in
1419 3119 1504 3172 his
1539 3119 1803 3175 omnibus
1838 3132 2093 3176 versatus
2123 3122 2379 3178 delevero

792 3210 1103 3262 habitantes
1130 3208 1185 3261 in
1226 3224 1312 3262 me
1349 3219 1560 3277 gentes,
1597 3224 1946 3279 nequaquam
1990 3213 2271 3282 ingressus
2296 3231 2382 3269 re-

790 3301 1068 3368 quiescam
1096 3301 1149 3353 in
1178 3300 1492 3353 sanetuario
1522 3300 1641 3362 Dei,
1672 3316 1774 3355 nec
1804 3304 2081 3372 particeps
2114 3303 2238 3357 [iam
2265 3306 2381 3375 glo-

795 3392 889 3444 ria:
923 3392 1084 3460 regis.
1142 3389 1491 3459 Quapropter
1533 3392 1809 3446 contende
1846 3393 2160 3463 diligenter,
2205 3405 2266 3450 ut
2296 3397 2381 3451 in-

790 3482 1044 3549 eulpatus
1100 3480 1243 3534 ﬁlius
1290 3481 1384 3535 Dei
1436 3482 1657 3544 evadas,
1691 3491 1747 3535 et
1784 3482 1931 3536 illam
1994 3487 2248 3553 requiem
2299 3488 2381 3541 in-

791 3572 1079 3638 grediaris,
1099 3586 1209 3639 quo
1234 3588 1545 3640 praecursor
1561 3573 1817 3627 Christus
1838 3591 1937 3643 pro
1956 3577 2117 3630 nobis
2142 3578 2377 3634 introiit.

789 3665 1096 3727 Contende,
1146 3672 1204 3716 ut
1237 3665 1570 3719 describaris
1606 3666 1660 3719 in
1690 3666 1937 3721 Ecclesia
1990 3672 2200 3725 caelesti
2251 3688 2374 3726 cum

794 3756 1195 3825 primogenitis,
1216 3770 1325 3824 quo
1346 3757 1645 3825 rcperiaris
1668 3758 1721 3811 in
1747 3758 1937 3813 dextra
1960 3761 2377 3830 magniﬁcentiae

789 3849 1074 3903 Altissimi.
1098 3848 1402 3912 Contende,
1452 3859 1509 3902 ut
1540 3841 1871 3919 ingrediaris
1898 3862 2142 3907 sanctam
2176 3855 2369 3909 civita-

792 3954 921 4002 tem,
951 3940 1102 4009 pacis
1151 3941 1393 4009 plenam,
1443 3949 1500 3995 et
1557 3957 1855 4011 supernam
1899 3943 2229 4008 Jerusalem,
2281 3946 2372 4001 ubi

790 4034 953 4085 etiam
984 4039 1069 4086 est
1100 4032 1409 4100 paradisus.
1462 4032 1816 4088 Admirandis
1861 4036 2009 4089 enim
2083 4051 2148 4091 ac
2199 4037 2375 4093 beatis

789 4124 1185 4192 speciminibus
1211 4124 1296 4177 his
1318 4139 1428 4177 non
1457 4124 1620 4178 aliter
1659 4124 1859 4195 dignus
1887 4128 2236 4196 reputabere,
2267 4131 2372 4185 nisi

788 4215 1051 4284 lacrymas
1094 4222 1260 4267 noctu
1298 4214 1503 4283 diuque
1564 4215 1833 4280 eﬂ'undas,
1896 4220 2200 4273 secundum
2246 4237 2369 4275 eum

783 4303 874 4369 qui
906 4303 1073 4355 dicit:
1104 4302 1310 4355 Lavabo
1359 4321 1451 4372 per
1478 4304 1718 4374 singulas
1763 4318 1935 4359 noctes
1962 4309 2152 4362 lectum
2175 4328 2369 4377 meum,

782 4391 835 4440 in
863 4388 1111 4459 lacrymis
1134 4391 1259 4443 meis
1302 4400 1528 4444 stratum
1558 4410 1728 4446 meum
1760 4395 1941 4464 rigabo
1960 4397 2046 4448 ³⁷⁸.
2072 4398 2188 4451 Non
2222 4402 2367 4455 cnim

2482 1936 2556 2007 μὴ
2584 1937 2871 2009 ἀπόλωμαι
2908 1940 3124 2012 δηχθεὶς
3158 1945 3265 1997 ὑπὸ
3303 1946 3413 2001 τῶν
3442 1948 3654 2017 δφεων;
3690 1954 3814 2017 Πῶς
3864 1959 4083 2027 νικήσω

2477 2030 2602 2091 τοὺς
2626 2029 2990 2100 ἁλλοφύλους;
3029 2034 3154 2098 Πῶς
3184 2036 3556 2109 ὲξολοθρεύσω
3584 2043 3651 2097 τὰ
3673 2046 3730 2097 ὲν
3758 2048 3882 2117 ἐμοὶ
3918 2049 4077 2123 ἔθνης

2478 2118 2602 2183 Πῶς
2630 2120 2872 2192 δέξωμαι
2898 2125 2955 2175 ὲν
2988 2128 3109 2190 ταῖς
3135 2126 3296 2197 ἐμαῖς
3331 2130 3493 2194 πλαξὶ
3517 2133 3583 2186 τὰ
3612 2134 3767 2206 λόγια
3795 2140 3890 2191 τοῦ
3926 2118 4079 2194 θείου

2477 2210 2677 2281 νόμους
2714 2214 2839 2278 Πῶς
2863 2215 3068 2287 δψομαι
3099 2218 3191 2272 τὸν
3222 2219 3474 2289 ἀληθινὸν
3506 2226 3695 2279 στύλον
3725 2228 3820 2282 τοῦ
3870 2233 4077 2301 φωτὸς,

2478 2303 2575 2356 καὶ
2601 2304 2701 2374 τῆς
2726 2308 2789 2359 ὲκ
2811 2307 2904 2360 τοῦ
2938 2310 3093 2377 ἁγίου
3122 2312 3263 2365 Πνεύ
3274 2331 3440 2383 ματος
3470 2318 3736 2389 νεφέλης;
3774 2322 3899 2387 Πῶς
3934 2326 4077 2379 ἁπο-

2477 2397 2662 2450 λαύσω
2690 2398 2785 2450 τοῦ
2820 2400 2997 2467 μάννα
3032 2404 3129 2471 τῆς
3164 2405 3335 2457 ἀῖδξου
3378 2412 3621 2477 τρυφῆς;
3680 2412 3807 2477 Πῶς
3850 2416 3962 2469 πίω
4015 2418 4078 2469 τὸ

2478 2488 2541 2538 ὲκ
2599 2488 2695 2558 τῆς
2756 2490 3022 2553 ζωοποιου
3074 2493 3281 2564 πέτρας
3320 2496 3502 2569 ῦδωρ;
3541 2501 3663 2565 Πῶς
3695 2505 3953 2574 παρέλθω
3982 2510 4077 2560 τὸν

2493 2577 2789 2650 Ἰορδάνην,
2826 2584 3088 2638 εἰσελθὼν
3140 2589 3221 2650 εἰς
3248 2588 3346 2658 τὴν
3374 2590 3587 2662 ἀγαθὴν
3627 2595 3729 2665 γῆν
3761 2598 3860 2666 τῆς
3894 2600 4073 2667 ἐπαγ-

2479 2668 2698 2735 γε).ίας;
2736 2672 2859 2735 Πῶς
2892 2673 2987 2727 ῐδω
3012 2675 3102 2729 τὸν
3127 2677 3568 2750 ἀρχιστράτηγον
3599 2684 3824 2753 Κυρίου,
3855 2687 3915 2740 δν
3945 2689 4071 2742 ἰδὼν

2479 2762 2507 2810 ὁ
2543 2759 2748 2829 Ἰησοῦς
2774 2763 2802 2815 ὁ
2828 2763 2921 2817 τοῦ
2956 2764 3136 2836 Ναυῆ,
3166 2768 3349 2822 πεσὼν
3403 2776 3746 2847 παραχρῆμα
3783 2782 4065 2850 προσεκύ-

2480 2869 2672 2921 νησεν;

2554 3112 2627 3167 Z'.
2668 3115 2797 3169 Ἐὰν
2823 3115 2931 3187 γὰρ
2965 3117 3038 3187 μὴ
3068 3118 3156 3171 διὰ
3204 3119 3409 3176 τούτων
3463 3126 3682 3180 πάντων
3729 3133 4069 3203 γενόμενος,

2483 3202 2853 3276 ἐξολοθρεύσω
2879 3208 2947 3260 τὰ
2971 3209 3029 3260 ὲν
3053 3210 3177 3277 ἐμοὶ
3210 3209 3361 3282 ἔθνη,
3393 3214 3454 3266 οὐ
3481 3216 3558 3286 μὴ
3584 3220 3843 3276 εἰσελθὼν
3870 3202 4066 3281 κατα-

2482 3295 2679 3348 παύσω
2703 3297 2785 3360 εἰς
2813 3298 2875 3350 τὸ
2907 3299 3266 3371 ἁγιαστήριον
3295 3303 3390 3357 τοῦ
3410 3305 3567 3372 Θεοῦ,
3592 3310 3712 3363 οὐδὲ
3742 3314 3817 3385 μὴ
3838 3316 4068 3388 μέτοχος

2480 3384 2725 3455 γένωμαι
2759 3387 2861 3456 τῆς
2886 3387 3152 3455 βασιλέως
3186 3391 3368 3462 δόξης.
3429 3396 3733 3469 Τοιγαροῦν
3762 3384 4070 3462 σπούδασον

2479 3479 2710 3549 ἄμωμον
2730 3480 2919 3535 τέκνον
2948 3481 3085 3535 Θεοῦ
3114 3486 3389 3551 γενέσθαι,
3415 3489 3508 3542 καὶ
3532 3493 3793 3549 εἰσελθεῖν
3820 3501 3902 3563 εἰς
3923 3503 4068 3555 ἐκείο

2480 3587 2577 3638 νην
2608 3571 2705 3640 τὴν
2756 3572 3124 3640 κατάπαυσιν,
3177 3578 3312 3629 ὅπου
3364 3581 3673 3653 πρόδρομος
3716 3588 3857 3660 ὑπὲρ
3908 3596 4069 3663 ἡμῶν

2479 3662 2695 3732 εἰσῆλθε
2725 3664 2980 3733 Χριστός.
3047 3667 3355 3722 Σπούδασον
3386 3673 3773 3745 ἀπογραφῆναι
3808 3684 3867 3732 ἐν
4010 3688 4067 3739 ὲν

2477 3754 2729 3821 οὐρανοῖς
2766 3754 3064 3827 Ἐκκλησία
3096 3760 3233 3827 μετὰ
3256 3760 3365 3813 τῶν
3395 3768 3778 3833 πρωτοτόκων,
3802 3754 4068 3837 ὄπωςίεύ.

2480 3844 2643 3915 ρεθῇς
2672 3849 2728 3899 ὲν
2756 3847 2907 3918 δεξιᾷ
2929 3849 3029 3917 τῆς
3047 3852 3439 3923 μεγαλωσύνης
3470 3858 3563 3910 τοῦ
3584 3859 3862 3928 Ὑψίστου.
3891 3868 4067 3921 Σπού-

2476 3934 2635 3989 δασον
2649 3938 2911 3992 εἰσελθεῖν
2929 3941 3008 4003 είς
3023 3940 3120 4012 τὴν
3145 3944 3303 4010 ἁγίαν
3324 3946 3498 4013 πόλιν,
3523 3948 3618 4019 τὴν
3640 3952 4066 4031 εἰρηνευομένην

2488 4025 2870 4098 Ἰερουσαλὴμ,
2897 4031 2992 4083 καὶ
3019 4030 3322 4103 ἀνωτάτην,
3356 4034 3483 4088 ἔνθα
3508 4040 3602 4091 καὶ
3648 4042 3677 4093 ὁ
3710 4025 4060 4112 παράδεισος.

2476 4117 2693 4170 Τούτων
2728 4119 2837 4187 γὰρ
2884 4119 2994 4172 τῶν
3044 4120 3376 4191 θαυμαστῶν
3408 4128 3503 4180 καὶ
3538 4134 3827 4201 μακαρίων
3884 4152 4063 4207 παρα-

2473 4208 2816 4279 δειγμάτων,
2865 4212 2963 4280 οὐχ
3004 4212 3207 4283 ἑτέρως
3257 4233 3373 4280 πως
3427 4219 3854 4296 καταξιωθήσῃ,
3902 4229 3951 4279 εί
3985 4229 4062 4300 μὴ

2475 4300 2801 4369 καταφέρεις
2860 4302 3071 4367 δάκρυα
3112 4305 3327 4373 ἡμέρας
3369 4309 3461 4359 καὶ
3521 4314 3716 4375 νυκτὸς
3740 4356 3754 4379 ,
3790 4318 3932 4370 κατὰ
3966 4321 4062 4373 τὸν

2473 4389 2727 4459 λέγοντα·
2786 4394 3001 4446 Λούσω
3048 4396 3178 4449 καθ’
3213 4395 3485 4465 ἑκάστην
3554 4403 3743 4457 νύκτα
3781 4406 3898 4473 τὴν
3926 4412 4058 4464 xli.

783 4478 1019 4545 ignoras,
1054 4477 1201 4545 quod
1234 4481 1321 4547 qui
1344 4482 1608 4532 seminant
1644 4483 1697 4533 in
1738 4482 2006 4551 lucrymis,
2036 4487 2091 4537 in
2119 4488 2357 4541 exsultao
2392 4496 2434 4550 ο
2462 4509 2474 4544 1

2392 4496 2434 4550 ο
2462 4503 2579 4553 νην
2589 4503 2728 4558 μου,
2742 4486 2811 4538 ἐν
2826 4484 3085 4553 δάκρυσί
3095 4504 3213 4554 μου
3225 4487 3341 4555 τὴν
3362 4496 3681 4561 στρωμνήν
3698 4513 3818 4563 μου
3832 4498 4056 4565 βρέξω.

783 4569 922 4620 tione
946 4578 1137 4621 metent
1160 4569 1226 4621 ³⁸.
1257 4570 1549 4639 Pr0pterea
1584 4571 1817 4625 ﬁdenter
1854 4574 2033 4643 inquit
2066 4578 2373 4647 Propheta:

782 4660 1066 4728 Lacrymas
1114 4678 1257 4715 meas
1302 4679 1406 4715 non
1463 4665 1703 4717 siieas”.
1762 4666 1826 4719 Et
1862 4668 2093 4721 iterum:
2147 4670 2375 4725 Posuisti

2482 4581 2557 4634 Οὐ
2594 4582 2703 4649 γὰρ
2728 4580 2939 4645 ἀγνοεῖς
2968 4617 2982 4641 ,
3016 4578 3099 4630 ὃτι
3131 4580 3197 4639 Οζ
3243 4581 3598 4649 σπείροντες
3622 4584 3691 4637 ἐν
3714 4586 4015 4655 δάκρυσιν
4041 4634 4055 4656 ,

2475 4671 2545 4723 ἐν
2591 4666 2947 4738 ἀγαλλιάσει
2994 4668 3282 4734 θεριοῦσι.
3337 4670 3430 4722 Διό
3483 4688 3648 4742 φησιν
3701 4674 3730 4726 ὁ
3764 4676 4061 4750 Προφήτης

784 4752 1044 4822 ’ncrymas
1065 4772 1208 4807 meas
1236 4758 1289 4809 in
1314 4765 1590 4825 conspectu
1611 4761 1867 4821 tuo,sicut
1884 4770 1931 4811 et
1954 4762 2007 4813 in
2026 4766 2369 4831 promissione
2474 4812 2475 4828 γ

2367 4787 2369 4795 ι
2474 4762 2612 4831 μετὰ
2642 4759 2975 4830 παρρησίαςο
3013 4759 3135 4813 Τῶν
3166 4760 3444 4828 δακρύων
3473 4781 3591 4831 μου
3614 4765 3700 4834 μὴ
3753 4784 4058 4835 παρασιω-

780 4854 873 4898 tua
894 4845 956 4897 “.
997 4846 1063 4898 Et
1098 4846 1268 4901 illud:
1310 4847 1542 4901 Fuerunt
1591 4852 1718 4903 mihi
1773 4850 2020 4920 lacryma:
2054 4871 2181 4909 mea:
2210 4859 2363 4925 panis
2468 4892 2471 4903 ι

2468 4852 2675 4920 πήσῃς
2698 4867 2711 4880 ·
2748 4853 2842 4903 καὶ
2870 4850 3053 4914 πάλιν,
3100 4853 3281 4905 Ἔθου
3308 4852 3381 4907 τὰ
3419 4853 3650 4924 δάκρυα
3672 4874 3791 4925 μου
3820 4860 3892 4913 ἐν
3921 4862 4057 4929 ὄψει

778 4937 860 4987 die
906 4952 968 4988 ac
1012 4938 1240 4989 nacte“.
1293 4938 1360 4992 Et
1411 4941 1465 4992 in
1509 4940 1616 4993 alio
1658 4941 1901 5009 psalmo:
1959 4942 2143 4998 Potum
2186 4963 2357 5001 meum
2460 4966 2469 4998 ι

2460 4961 2600 5008 σου,
2630 4945 2710 5009 ὠς
2738 4943 2836 4996 καὶ
2864 4944 2934 4996 ἐν
2970 4942 3045 5010 τῇ
3090 4944 3413 5015 ἐπαγγελίᾳ
3441 4962 3590 5013 σονς
3620 4952 3735 5013 καὶ,
3774 4951 4054 5023 Ἐγενήθη

778 5045 894 5080 cum
919 5032 1041 5097 ﬂetu
1071 5031 1347 5086 miscebant
1375 5032 1437 5086 ".
2462 5051 2469 5081 τ

2462 5032 2535 5085 τὰ
2598 5031 2832 5099 δάκρυὰ
2873 5049 2998 5099 μου
3044 5032 3171 5101 ἐμοὶ
3204 5034 3382 5101 ἄρτος
3410 5036 3632 5105 ἡμέρας
3663 5039 3759 5092 καί
3794 5045 4018 5109 νυκτός
4039 5061 4052 5073 ·

2461 5125 2552 5176 καὶ
2582 5125 2638 5176 ἐν
2668 5126 2839 5193 ἑτέρῳ
2885 5123 3115 5193 ψαλμῷ,
3158 5125 3228 5177 Τὸ
3262 5127 3423 5195 πόμα
3441 5145 3559 5195 μου
3575 5131 3727 5197 μετὰ
3743 5134 4057 5201 κλαυθμοῦ

2469 5214 2741 5280 ἐκιξργων.

2542 5307 2624 5359 H'.
2659 5306 2732 5359 Τὸ
2757 5306 2865 5377 γὰρ
2892 5307 3063 5370 ὅντως
3091 5310 3153 5360 ὲκ
3186 5309 3382 5380 πολλῆς
3418 5311 3652 5381 θλίψεως
3695 5315 3790 5368 καὶ
3824 5317 4057 5387 συνοχῆς

2471 5397 2695 5465 καρδίας
2721 5400 3088 5468 προχεόμενον
3118 5402 3353 5474 δάκρυον
3380 5442 3396 5467 ,
3450 5405 3509 5456 ἐν
3554 5404 3754 5472 γνώσει
3799 5408 4056 5479 ἀληθείας

780 5468 926 5522 tione
954 5473 1220 5537 veritatis,
1258 5484 1313 5527 et
1352 5492 1475 5529 cum
1528 5477 1725 5532 ardore
1750 5479 2046 5548 viscerum,
2094 5483 2251 5538 cibus
2276 5494 2362 5539 est

2473 5491 2610 5560 μετὰ
2649 5493 2742 5545 καὶ
2774 5494 3072 5563 πυρώσεως
3112 5468 3453 5565 σπλαγχνων,
3481 5468 3685 5566 βρῶσίς
3732 5500 3851 5552 ἔστι
3877 5468 4055 5573 ψυχῆέ

777 5562 978 5617 anima:
1006 5580 1071 5617 ex
1099 5567 1309 5622 caelesti
1341 5583 1477 5637 pane
1510 5580 1893 5639 comparatus:
1926 5574 2084 5643 cujus
2125 5576 2361 5633 maxime

2359 5604 2361 5612 ι
2475 5562 2859 5652 χορηγουμένη
2888 5586 2953 5637 ὲκ
2983 5585 3077 5638 τοῦ
3104 5562 3427 5656 ἐπουρανίου
3451 5562 3639 5657 ἀρτου,
3676 5586 3737 5644 οῦ
3774 5562 4050 5663 προηγῦύξ

851 5285 984 5339 Vlll.
1029 5286 1291 5359 Laeryma
1333 5292 1479 5343 enim
1520 5292 1632 5354 illa,
1674 5310 1797 5362 qua:
1830 5312 2021 5350 revera
2053 5313 2117 5351 ex
2151 5315 2361 5355 summa

776 5376 1112 5432 contritione
1165 5390 1220 5433 et
1258 5383 1508 5451 angustia
1540 5385 1725 5439 cordis
1760 5385 2082 5452 ell‘umlitur,
2122 5391 2175 5444 in
2212 5393 2363 5461 agni-

851 5698 985 5801 :"‘l
1022 5700 1267 5801 Paul”,
1311 5704 1651 5801 9W5"r'Malth.
1686 5709 1839 5801 n.1,.
1924 5711 1987 5741 ³⁷⁸
2027 5712 2164 5767 ΡΞτΙῘ-
2198 5731 2265 5769 γι·
2304 5720 2333 5770 7
2474 5721 2515 5750 1'

2474 5721 2515 5750 τ’
2542 5721 2683 5775 Psal.
2714 5738 2890 5790 cxx",
2924 5725 2971 5779 5.
3086 5728 3124 5757 ‘9
3163 5726 3299 5781 Psal.
3344 5746 3520 5795 χχχιχ,
3605 5731 3649 5762 θ’
3687 5731 3827 5787 Psal.
3864 5750 3974 5801 Lvi,
3999 5735 4054 5791 9.

782 5768 823 5797 ⁸³
854 5767 991 5821 Psal.
1022 5786 1118 5824 xm
1186 5774 1199 5825 ἰ
1343 5778 1381 5802 "“
1426 5777 1539 5829 ['sal
1592 5794 1681 5841 cn,
1712 5767 1778 5830 'lll
