  <div class='ocr_page' id='page_1' title='image "/cluster/home/n/w/nwhite01/storage/ocr_20150623/34/nnc1.0046978860/346.png"; bbox 0 0 4282 6364; ppageno 0'>
   <div class='ocr_carea' id='block_1_1' title="bbox 236 409 343 473">
    <p class='ocr_par' dir='ltr' id='par_1_1' title="bbox 236 409 343 473">
     <span class='ocr_line' id='line_1_1' title="bbox 236 409 343 473; baseline -0.009 0"><span class='ocrx_word' id='word_1_1' title='bbox 236 409 343 473; x_wconf 79' lang='lat'>6&#39;13</span> 
     </span>
    </p>
   </div>
   <div class='ocr_carea' id='block_1_2' title="bbox 1427 399 2320 467">
    <p class='ocr_par' dir='ltr' id='par_1_2' title="bbox 1427 399 2320 467">
     <span class='ocr_line' id='line_1_2' title="bbox 1427 399 2320 467; baseline -0.003 0"><span class='ocrx_word' id='word_1_2' title='bbox 1427 402 1791 467; x_wconf 72' lang='lat' dir='ltr'>HOMILI/E.</span> <span class='ocrx_word' id='word_1_3' title='bbox 1828 424 1896 434; x_wconf 84' lang='grc'><strong><em>-</em></strong></span> <span class='ocrx_word' id='word_1_4' title='bbox 1920 399 2105 464; x_wconf 83' lang='lat' dir='ltr'>HOM.</span> <span class='ocrx_word' id='word_1_5' title='bbox 2146 404 2320 464; x_wconf 81' lang='lat' dir='ltr'>XXV.</span> 
     </span>
    </p>
   </div>
   <div class='ocr_carea' id='block_1_3' title="bbox 3397 407 3502 473">
    <p class='ocr_par' dir='ltr' id='par_1_3' title="bbox 3397 407 3502 473">
     <span class='ocr_line' id='line_1_3' title="bbox 3397 407 3502 473; baseline 0.019 -2"><span class='ocrx_word' id='word_1_6' title='bbox 3397 407 3502 473; x_wconf 74' lang='grc'>674</span> 
     </span>
    </p>
   </div>
   <div class='ocr_carea' id='block_1_4' title="bbox 233 512 1924 595">
    <p class='ocr_par' dir='ltr' id='par_1_4' title="bbox 233 514 1891 595">
     <span class='ocr_line' id='line_1_4' title="bbox 233 514 1891 595; baseline -0.005 -18"><span class='ocrx_word' id='word_1_7' title='bbox 233 527 415 595; x_wconf 65' lang='grc' dir='ltr'>μόνως</span> <span class='ocrx_word' id='word_1_8' title='bbox 471 521 709 592; x_wconf 77' lang='grc' dir='ltr'>μετέσχε</span> <span class='ocrx_word' id='word_1_9' title='bbox 759 519 949 590; x_wconf 77' lang='grc' dir='ltr'>Μαρία</span> <span class='ocrx_word' id='word_1_10' title='bbox 998 516 1323 572; x_wconf 78' lang='grc' dir='ltr'>καθεσθεῖσα</span> <span class='ocrx_word' id='word_1_11' title='bbox 1371 516 1509 589; x_wconf 80' lang='grc' dir='ltr'>πρὸς</span> <span class='ocrx_word' id='word_1_12' title='bbox 1541 519 1654 579; x_wconf 77' lang='grc' dir='ltr'>τοῖς</span> <span class='ocrx_word' id='word_1_13' title='bbox 1690 514 1819 567; x_wconf 68' lang='grc' dir='ltr'>ποσὶ⁹</span> <span class='ocrx_word' id='word_1_14' title='bbox 1849 517 1891 569; x_wconf 86' lang='grc' dir='ltr'><strong>Α</strong></span> 
     </span>
    </p>
   </div>
   <div class='ocr_carea' id='block_1_5' title="bbox 1807 512 3498 595">
    <p class='ocr_par' dir='ltr' id='par_1_5' title="bbox 1807 512 3498 588">
     <span class='ocr_line' id='line_1_5' title="bbox 1807 512 3498 588; baseline 0.006 -23"><span class='ocrx_word' id='word_1_15' title='bbox 1807 527 1819 565; x_wconf 82' lang='grc' dir='ltr'>ι</span> <span class='ocrx_word' id='word_1_16' title='bbox 1849 517 1891 569; x_wconf 87' lang='grc' dir='ltr'><strong>Α</strong></span> <span class='ocrx_word' id='word_1_17' title='bbox 1923 514 2201 584; x_wconf 74' lang='lat' dir='ltr'>particeps</span> <span class='ocrx_word' id='word_1_18' title='bbox 2220 513 2323 568; x_wconf 91' lang='lat' dir='ltr'><strong>fuit</strong></span> <span class='ocrx_word' id='word_1_19' title='bbox 2349 512 2540 579; x_wconf 80' lang='lat' dir='ltr'><strong>Maria,</strong></span> <span class='ocrx_word' id='word_1_20' title='bbox 2572 526 2694 582; x_wconf 71' lang='lat' dir='ltr'><strong>quas</strong></span> <span class='ocrx_word' id='word_1_21' title='bbox 2722 513 2868 569; x_wconf 96' lang='lat' dir='ltr'><strong>sedit</strong></span> <span class='ocrx_word' id='word_1_22' title='bbox 2892 513 3046 585; x_wconf 84' lang='lat' dir='ltr'><strong>juxta</strong></span> <span class='ocrx_word' id='word_1_23' title='bbox 3070 514 3240 585; x_wconf 83' lang='lat' dir='ltr'>pedes</span> <span class='ocrx_word' id='word_1_24' title='bbox 3261 517 3498 588; x_wconf 87' lang='lat' dir='ltr'>Domini,</span> 
     </span>
    </p>
   </div>
   <div class='ocr_carea' id='block_1_6' title="bbox 230 608 1819 689">
    <p class='ocr_par' dir='ltr' id='par_1_6' title="bbox 230 608 1819 689">
     <span class='ocr_line' id='line_1_6' title="bbox 230 608 1819 689; baseline -0.006 -19"><span class='ocrx_word' id='word_1_25' title='bbox 230 615 328 670; x_wconf 86' lang='grc' dir='ltr'>τοῦ</span> <span class='ocrx_word' id='word_1_26' title='bbox 366 615 594 689; x_wconf 85' lang='grc' dir='ltr'>Κυρίου,</span> <span class='ocrx_word' id='word_1_27' title='bbox 653 614 747 666; x_wconf 74' lang='grc' dir='ltr'>καὶ</span> <span class='ocrx_word' id='word_1_28' title='bbox 794 611 1106 683; x_wconf 77' lang='grc' dir='ltr'>δακρύουσα</span> <span class='ocrx_word' id='word_1_29' title='bbox 1162 610 1303 681; x_wconf 83' lang='grc' dir='ltr'>μετά</span> <span class='ocrx_word' id='word_1_30' title='bbox 1348 610 1450 679; x_wconf 80' lang='grc' dir='ltr'>τὴν</span> <span class='ocrx_word' id='word_1_31' title='bbox 1509 608 1819 679; x_wconf 72' lang='grc' dir='ltr'>μαρτυρίαν</span> 
     </span>
    </p>
   </div>
   <div class='ocr_carea' id='block_1_7' title="bbox 248 698 1820 775">
    <p class='ocr_par' dir='ltr' id='par_1_7' title="bbox 248 698 1820 775">
     <span class='ocr_line' id='line_1_7' title="bbox 248 698 1820 775; baseline -0.008 -14"><span class='ocrx_word' id='word_1_32' title='bbox 248 706 535 773; x_wconf 85' lang='grc' dir='ltr'>αὐτοῦτοῦ</span> <span class='ocrx_word' id='word_1_33' title='bbox 574 705 848 775; x_wconf 83' lang='grc' dir='ltr'>Σωτῆρος.</span> <span class='ocrx_word' id='word_1_34' title='bbox 874 705 1011 774; x_wconf 71' lang='grc' dir='ltr'>Φησὶ</span> <span class='ocrx_word' id='word_1_35' title='bbox 1037 702 1168 773; x_wconf 83' lang='grc' dir='ltr'>γὰρ,</span> <span class='ocrx_word' id='word_1_36' title='bbox 1204 700 1395 769; x_wconf 79' lang='grc' dir='ltr'>Μαρία</span> <span class='ocrx_word' id='word_1_37' title='bbox 1423 699 1491 751; x_wconf 82' lang='grc' dir='ltr'>δὲ</span> <span class='ocrx_word' id='word_1_38' title='bbox 1514 700 1632 766; x_wconf 82' lang='grc' dir='ltr'>τὴν</span> <span class='ocrx_word' id='word_1_39' title='bbox 1677 698 1820 766; x_wconf 69' lang='lat' dir='ltr'><strong>dra-</strong></span> 
     </span>
    </p>
   </div>
   <div class='ocr_carea' id='block_1_8' title="bbox 230 787 1822 864">
    <p class='ocr_par' dir='ltr' id='par_1_8' title="bbox 230 787 1822 864">
     <span class='ocr_line' id='line_1_8' title="bbox 230 787 1822 864; baseline -0.007 -13"><span class='ocrx_word' id='word_1_40' title='bbox 230 797 351 864; x_wconf 78' lang='grc' dir='ltr'>θὴν</span> <span class='ocrx_word' id='word_1_41' title='bbox 367 795 583 864; x_wconf 59' lang='grc' dir='ltr'>μερίδα</span> <span class='ocrx_word' id='word_1_42' title='bbox 614 793 937 858; x_wconf 76' lang='grc' dir='ltr'>ἐξελέξατο</span> <span class='ocrx_word' id='word_1_43' title='bbox 969 833 983 854; x_wconf 93' lang='grc'>,</span> <span class='ocrx_word' id='word_1_44' title='bbox 1033 790 1166 858; x_wconf 81' lang='grc' dir='ltr'>ἥτις</span> <span class='ocrx_word' id='word_1_45' title='bbox 1203 792 1316 846; x_wconf 83' lang='grc' dir='ltr'>οὐκ</span> <span class='ocrx_word' id='word_1_46' title='bbox 1356 787 1822 859; x_wconf 70' lang='grc' dir='ltr'>ἀφαιρεθήσεται</span> 
     </span>
    </p>
   </div>
   <div class='ocr_carea' id='block_1_9' title="bbox 226 878 1822 954">
    <p class='ocr_par' dir='ltr' id='par_1_9' title="bbox 226 878 1822 954">
     <span class='ocr_line' id='line_1_9' title="bbox 226 878 1822 954; baseline -0.006 -13"><span class='ocrx_word' id='word_1_47' title='bbox 226 887 333 942; x_wconf 72' lang='grc' dir='ltr'>ἀπ’</span> <span class='ocrx_word' id='word_1_48' title='bbox 361 884 578 954; x_wconf 83' lang='grc' dir='ltr'>αὐτῆς.</span> <span class='ocrx_word' id='word_1_49' title='bbox 619 885 687 937; x_wconf 82' lang='grc' dir='ltr'><strong><em>Ὦ</em></strong></span> <span class='ocrx_word' id='word_1_50' title='bbox 722 884 834 937; x_wconf 85' lang='grc' dir='ltr'>τῶν</span> <span class='ocrx_word' id='word_1_51' title='bbox 858 881 1173 952; x_wconf 79' lang='grc' dir='ltr'>πολυτίμων</span> <span class='ocrx_word' id='word_1_52' title='bbox 1201 882 1428 935; x_wconf 90' lang='grc' dir='ltr'>ἐκείνων</span> <span class='ocrx_word' id='word_1_53' title='bbox 1467 878 1822 950; x_wconf 84' lang='grc' dir='ltr'>μαργαριτῶν</span> 
     </span>
    </p>
   </div>
   <div class='ocr_carea' id='block_1_10' title="bbox 230 970 1822 1047">
    <p class='ocr_par' dir='ltr' id='par_1_10' title="bbox 230 970 1822 1047">
     <span class='ocr_line' id='line_1_10' title="bbox 230 970 1822 1047; baseline -0.003 -18"><span class='ocrx_word' id='word_1_54' title='bbox 230 982 289 1030; x_wconf 79' lang='grc' dir='ltr'>ἐν</span> <span class='ocrx_word' id='word_1_55' title='bbox 310 980 377 1047; x_wconf 79' lang='grc' dir='ltr'>τῇ</span> <span class='ocrx_word' id='word_1_56' title='bbox 396 978 627 1047; x_wconf 76' lang='grc' dir='ltr'>ἐπιρροῇ</span> <span class='ocrx_word' id='word_1_57' title='bbox 648 975 759 1029; x_wconf 90' lang='grc' dir='ltr'>τῶν</span> <span class='ocrx_word' id='word_1_58' title='bbox 787 974 1072 1045; x_wconf 79' lang='grc' dir='ltr'>μακαρίων</span> <span class='ocrx_word' id='word_1_59' title='bbox 1088 972 1367 1041; x_wconf 77' lang='grc' dir='ltr'>δακρύωνί</span> <span class='ocrx_word' id='word_1_60' title='bbox 1392 972 1456 1023; x_wconf 82' lang='grc' dir='ltr'>Ὢ</span> <span class='ocrx_word' id='word_1_61' title='bbox 1481 971 1579 1041; x_wconf 76' lang='grc' dir='ltr'>τῆς</span> <span class='ocrx_word' id='word_1_62' title='bbox 1605 970 1822 1034; x_wconf 82' lang='grc' dir='ltr'>εὐθείας</span> 
     </span>
    </p>
   </div>
   <div class='ocr_carea' id='block_1_11' title="bbox 232 1061 1825 1136">
    <p class='ocr_par' dir='ltr' id='par_1_11' title="bbox 232 1061 1825 1136">
     <span class='ocr_line' id='line_1_11' title="bbox 232 1061 1825 1136; baseline -0.004 -17"><span class='ocrx_word' id='word_1_63' title='bbox 232 1067 450 1136; x_wconf 76' lang='grc' dir='ltr'>ἐκείνης</span> <span class='ocrx_word' id='word_1_64' title='bbox 493 1068 587 1119; x_wconf 86' lang='grc' dir='ltr'>καὶ</span> <span class='ocrx_word' id='word_1_65' title='bbox 636 1064 925 1129; x_wconf 76' lang='grc' dir='ltr'>εὐπειθοῦς</span> <span class='ocrx_word' id='word_1_66' title='bbox 975 1064 1162 1133; x_wconf 77' lang='grc' dir='ltr'>ἀκοῆςί</span> <span class='ocrx_word' id='word_1_67' title='bbox 1203 1064 1266 1115; x_wconf 84' lang='grc' dir='ltr'><strong><em>Ὠ</em></strong></span> <span class='ocrx_word' id='word_1_68' title='bbox 1294 1064 1393 1131; x_wconf 83' lang='grc' dir='ltr'>τῆς</span> <span class='ocrx_word' id='word_1_69' title='bbox 1431 1061 1683 1133; x_wconf 79' lang='grc' dir='ltr'>ἀνδρείας</span> <span class='ocrx_word' id='word_1_70' title='bbox 1728 1062 1825 1115; x_wconf 79' lang='grc' dir='ltr'>καὶ</span> 
     </span>
    </p>
   </div>
   <div class='ocr_carea' id='block_1_12' title="bbox 234 1156 1822 1229">
    <p class='ocr_par' dir='ltr' id='par_1_12' title="bbox 234 1156 1822 1229">
     <span class='ocr_line' id='line_1_12' title="bbox 234 1156 1822 1229; baseline -0.003 -16"><span class='ocrx_word' id='word_1_71' title='bbox 234 1160 405 1229; x_wconf 81' lang='grc' dir='ltr'>σοφῆς</span> <span class='ocrx_word' id='word_1_72' title='bbox 419 1158 657 1222; x_wconf 87' lang='grc' dir='ltr'>διανοίας</span> <span class='ocrx_word' id='word_1_73' title='bbox 677 1160 691 1213; x_wconf 89' lang='lat' dir='ltr'>l</span> <span class='ocrx_word' id='word_1_74' title='bbox 722 1160 785 1212; x_wconf 84' lang='grc' dir='ltr'>Ὢ</span> <span class='ocrx_word' id='word_1_75' title='bbox 803 1158 999 1228; x_wconf 79' lang='grc' dir='ltr'>ὀξύτης</span> <span class='ocrx_word' id='word_1_76' title='bbox 1024 1158 1343 1227; x_wconf 83' lang='grc' dir='ltr'>Πνεύματος</span> <span class='ocrx_word' id='word_1_77' title='bbox 1362 1158 1568 1227; x_wconf 77' lang='grc' dir='ltr'>Κυρίου</span> <span class='ocrx_word' id='word_1_78' title='bbox 1596 1156 1822 1228; x_wconf 65' lang='grc' dir='ltr'>ἔρωτος,</span> 
     </span>
    </p>
   </div>
   <div class='ocr_carea' id='block_1_13' title="bbox 234 1254 1818 1326">
    <p class='ocr_par' dir='ltr' id='par_1_13' title="bbox 234 1254 1818 1326">
     <span class='ocr_line' id='line_1_13' title="bbox 234 1254 1818 1326; baseline -0.001 -18"><span class='ocrx_word' id='word_1_79' title='bbox 234 1256 483 1326; x_wconf 75' lang='grc' dir='ltr'>σφοδρῶς</span> <span class='ocrx_word' id='word_1_80' title='bbox 537 1259 675 1326; x_wconf 84' lang='grc' dir='ltr'>πρὸς</span> <span class='ocrx_word' id='word_1_81' title='bbox 723 1256 1127 1326; x_wconf 5' lang='grc' dir='ltr'>τὸνγάχραντον</span> <span class='ocrx_word' id='word_1_82' title='bbox 1155 1255 1409 1325; x_wconf 88' lang='grc' dir='ltr'>Νυμφίον</span> <span class='ocrx_word' id='word_1_83' title='bbox 1454 1254 1818 1323; x_wconf 82' lang='grc' dir='ltr'>ἐπαγομένουῑ</span> 
     </span>
    </p>
   </div>
   <div class='ocr_carea' id='block_1_14' title="bbox 234 1345 1826 1418">
    <p class='ocr_par' dir='ltr' id='par_1_14' title="bbox 234 1345 1826 1418">
     <span class='ocr_line' id='line_1_14' title="bbox 234 1345 1826 1418; baseline -0.001 -17"><span class='ocrx_word' id='word_1_84' title='bbox 234 1350 299 1401; x_wconf 80' lang='grc' dir='ltr'><strong><em>Ὠ</em></strong></span> <span class='ocrx_word' id='word_1_85' title='bbox 313 1348 536 1418; x_wconf 82' lang='grc' dir='ltr'>κέντρον</span> <span class='ocrx_word' id='word_1_86' title='bbox 557 1348 724 1402; x_wconf 84' lang='grc' dir='ltr'>πόθου</span> <span class='ocrx_word' id='word_1_87' title='bbox 748 1347 927 1417; x_wconf 80' lang='grc' dir='ltr'>ψυχῆς</span> <span class='ocrx_word' id='word_1_88' title='bbox 953 1348 1089 1417; x_wconf 82' lang='grc' dir='ltr'>πρὸς</span> <span class='ocrx_word' id='word_1_89' title='bbox 1109 1346 1199 1398; x_wconf 78' lang='grc' dir='ltr'>τὸν</span> <span class='ocrx_word' id='word_1_90' title='bbox 1228 1346 1361 1398; x_wconf 80' lang='grc' dir='ltr'>Θεὸν</span> <span class='ocrx_word' id='word_1_91' title='bbox 1383 1345 1574 1413; x_wconf 75' lang='grc' dir='ltr'>Δόγονί</span> <span class='ocrx_word' id='word_1_92' title='bbox 1610 1346 1674 1399; x_wconf 81' lang='grc' dir='ltr'>Ὢ</span> <span class='ocrx_word' id='word_1_93' title='bbox 1699 1347 1826 1400; x_wconf 87' lang='grc' dir='ltr'>σύν-</span> 
     </span>
    </p>
   </div>
   <div class='ocr_carea' id='block_1_15' title="bbox 234 1432 1821 1507">
    <p class='ocr_par' dir='ltr' id='par_1_15' title="bbox 234 1432 1821 1507">
     <span class='ocr_line' id='line_1_15' title="bbox 234 1432 1821 1507; baseline -0.004 -15"><span class='ocrx_word' id='word_1_94' title='bbox 234 1454 399 1507; x_wconf 83' lang='grc' dir='ltr'>τομος</span> <span class='ocrx_word' id='word_1_95' title='bbox 450 1436 701 1491; x_wconf 87' lang='grc' dir='ltr'>κοινωνία</span> <span class='ocrx_word' id='word_1_96' title='bbox 726 1435 943 1506; x_wconf 83' lang='grc' dir='ltr'>νύμφης</span> <span class='ocrx_word' id='word_1_97' title='bbox 982 1436 1115 1505; x_wconf 70' lang='grc' dir='ltr'>πρὸς</span> <span class='ocrx_word' id='word_1_98' title='bbox 1159 1433 1251 1486; x_wconf 77' lang='grc' dir='ltr'>τὸν</span> <span class='ocrx_word' id='word_1_99' title='bbox 1270 1432 1521 1505; x_wconf 82' lang='grc' dir='ltr'>οὐράνιον</span> <span class='ocrx_word' id='word_1_100' title='bbox 1550 1432 1821 1503; x_wconf 82' lang='grc' dir='ltr'>Νυμφίονί</span> 
     </span>
    </p>
   </div>
   <div class='ocr_carea' id='block_1_16' title="bbox 308 1524 1827 1597">
    <p class='ocr_par' dir='ltr' id='par_1_16' title="bbox 308 1524 1827 1597">
     <span class='ocr_line' id='line_1_16' title="bbox 308 1524 1827 1597; baseline -0.003 -16"><span class='ocrx_word' id='word_1_101' title='bbox 308 1529 387 1583; x_wconf 73' lang='grc' dir='ltr'>Θν.</span> <span class='ocrx_word' id='word_1_102' title='bbox 428 1529 683 1597; x_wconf 82' lang='grc' dir='ltr'>Μίμησαι</span> <span class='ocrx_word' id='word_1_103' title='bbox 729 1526 935 1597; x_wconf 88' lang='grc' dir='ltr'>ταύτην</span> <span class='ocrx_word' id='word_1_104' title='bbox 961 1568 977 1593; x_wconf 90' lang='grc'>,</span> <span class='ocrx_word' id='word_1_105' title='bbox 1015 1526 1092 1589; x_wconf 86' lang='grc' dir='ltr'>ὼς</span> <span class='ocrx_word' id='word_1_106' title='bbox 1135 1525 1325 1579; x_wconf 85' lang='grc' dir='ltr'>τέκνον</span> <span class='ocrx_word' id='word_1_107' title='bbox 1349 1565 1365 1592; x_wconf 91' lang='grc'>,</span> <span class='ocrx_word' id='word_1_108' title='bbox 1417 1524 1653 1595; x_wconf 86' lang='grc' dir='ltr'>μίμησαι</span> <span class='ocrx_word' id='word_1_109' title='bbox 1689 1526 1827 1595; x_wconf 79' lang='grc' dir='ltr'>πρὸς</span> 
     </span>
    </p>
   </div>
   <div class='ocr_carea' id='block_1_17' title="bbox 243 1617 1828 1692">
    <p class='ocr_par' dir='ltr' id='par_1_17' title="bbox 243 1617 1828 1692">
     <span class='ocr_line' id='line_1_17' title="bbox 243 1617 1828 1692; baseline -0.004 -17"><span class='ocrx_word' id='word_1_110' title='bbox 243 1623 409 1692; x_wconf 70' lang='grc' dir='ltr'>μηδὲν</span> <span class='ocrx_word' id='word_1_111' title='bbox 443 1622 630 1691; x_wconf 77' lang='grc' dir='ltr'>ἓτερον</span> <span class='ocrx_word' id='word_1_112' title='bbox 659 1619 955 1689; x_wconf 83' lang='grc' dir='ltr'>ἀφορῶσα,</span> <span class='ocrx_word' id='word_1_113' title='bbox 1012 1620 1060 1672; x_wconf 85' lang='grc' dir='ltr'>ει</span> <span class='ocrx_word' id='word_1_114' title='bbox 1096 1617 1171 1689; x_wconf 80' lang='grc' dir='ltr'>μὴ</span> <span class='ocrx_word' id='word_1_115' title='bbox 1222 1618 1361 1689; x_wconf 82' lang='grc' dir='ltr'>πρὸς</span> <span class='ocrx_word' id='word_1_116' title='bbox 1398 1618 1558 1686; x_wconf 88' lang='grc' dir='ltr'>μόνον</span> <span class='ocrx_word' id='word_1_117' title='bbox 1611 1617 1702 1670; x_wconf 77' lang='grc' dir='ltr'>τὸν</span> <span class='ocrx_word' id='word_1_118' title='bbox 1750 1619 1828 1670; x_wconf 82' lang='grc' dir='ltr'>εί-</span> 
     </span>
    </p>
   </div>
   <div class='ocr_carea' id='block_1_18' title="bbox 242 1707 1829 1782">
    <p class='ocr_par' dir='ltr' id='par_1_18' title="bbox 242 1707 1829 1782">
     <span class='ocr_line' id='line_1_18' title="bbox 242 1707 1829 1782; baseline -0.004 -15"><span class='ocrx_word' id='word_1_119' title='bbox 242 1714 438 1775; x_wconf 81' lang='grc' dir='ltr'>πόντα,</span> <span class='ocrx_word' id='word_1_120' title='bbox 465 1713 589 1781; x_wconf 87' lang='grc' dir='ltr'>Πῦρ</span> <span class='ocrx_word' id='word_1_121' title='bbox 610 1709 801 1782; x_wconf 72' lang='grc' dir='ltr'>ἦλθον</span> <span class='ocrx_word' id='word_1_122' title='bbox 816 1711 1038 1774; x_wconf 75' lang='grc' dir='ltr'>βαλεῖν</span> <span class='ocrx_word' id='word_1_123' title='bbox 1058 1712 1146 1776; x_wconf 81' lang='grc' dir='ltr'>εις</span> <span class='ocrx_word' id='word_1_124' title='bbox 1175 1711 1290 1777; x_wconf 80' lang='grc' dir='ltr'>τὴν</span> <span class='ocrx_word' id='word_1_125' title='bbox 1310 1707 1449 1778; x_wconf 71' lang='grc' dir='ltr'>γῆν,</span> <span class='ocrx_word' id='word_1_126' title='bbox 1478 1708 1577 1761; x_wconf 82' lang='grc' dir='ltr'>καί</span> <span class='ocrx_word' id='word_1_127' title='bbox 1600 1709 1658 1761; x_wconf 80' lang='grc' dir='ltr'>τί</span> <span class='ocrx_word' id='word_1_128' title='bbox 1675 1708 1829 1762; x_wconf 72' lang='grc' dir='ltr'>θέλω</span> 
     </span>
    </p>
   </div>
   <div class='ocr_carea' id='block_1_19' title="bbox 243 1796 1829 1870">
    <p class='ocr_par' dir='ltr' id='par_1_19' title="bbox 243 1796 1829 1870">
     <span class='ocr_line' id='line_1_19' title="bbox 243 1796 1829 1870; baseline -0.004 -13"><span class='ocrx_word' id='word_1_129' title='bbox 243 1806 297 1857; x_wconf 82' lang='grc' dir='ltr'>ει</span> <span class='ocrx_word' id='word_1_130' title='bbox 326 1802 447 1870; x_wconf 77' lang='grc' dir='ltr'>ἤδη</span> <span class='ocrx_word' id='word_1_131' title='bbox 474 1800 753 1869; x_wconf 56' lang='lat' dir='ltr'>dﬂigam};</span> <span class='ocrx_word' id='word_1_132' title='bbox 789 1799 943 1852; x_wconf 86' lang='grc' dir='ltr'>Ἐστι</span> <span class='ocrx_word' id='word_1_133' title='bbox 969 1799 1078 1870; x_wconf 80' lang='grc' dir='ltr'>γὰρ</span> <span class='ocrx_word' id='word_1_134' title='bbox 1108 1797 1355 1867; x_wconf 83' lang='grc' dir='ltr'>πύρωσις</span> <span class='ocrx_word' id='word_1_135' title='bbox 1382 1796 1476 1850; x_wconf 92' lang='grc' dir='ltr'>τοῦ</span> <span class='ocrx_word' id='word_1_136' title='bbox 1509 1796 1829 1867; x_wconf 86' lang='grc' dir='ltr'>Πνεύματος</span> 
     </span>
    </p>
   </div>
   <div class='ocr_carea' id='block_1_20' title="bbox 241 1886 1830 1964">
    <p class='ocr_par' dir='ltr' id='par_1_20' title="bbox 241 1886 1830 1964">
     <span class='ocr_line' id='line_1_20' title="bbox 241 1886 1830 1964; baseline -0.006 -16"><span class='ocrx_word' id='word_1_137' title='bbox 241 1896 276 1964; x_wconf 79' lang='grc' dir='ltr'><strong>ἠ</strong></span> <span class='ocrx_word' id='word_1_138' title='bbox 306 1890 744 1961; x_wconf 74' lang='grc' dir='ltr'>ἀναζωπυροῦσα</span> <span class='ocrx_word' id='word_1_139' title='bbox 776 1889 876 1953; x_wconf 84' lang='grc' dir='ltr'>τὰς</span> <span class='ocrx_word' id='word_1_140' title='bbox 906 1889 1154 1960; x_wconf 88' lang='grc' dir='ltr'>καρδίας.</span> <span class='ocrx_word' id='word_1_141' title='bbox 1202 1888 1349 1941; x_wconf 88' lang='grc' dir='ltr'>Διότι</span> <span class='ocrx_word' id='word_1_142' title='bbox 1398 1886 1461 1941; x_wconf 79' lang='grc' dir='ltr'>τὸ</span> <span class='ocrx_word' id='word_1_143' title='bbox 1515 1886 1679 1940; x_wconf 80' lang='grc' dir='ltr'>ἀῦλον</span> <span class='ocrx_word' id='word_1_144' title='bbox 1735 1888 1830 1939; x_wconf 75' lang='grc' dir='ltr'>καὶ</span> 
     </span>
    </p>
   </div>
   <div class='ocr_carea' id='block_1_21' title="bbox 244 1976 1831 2055">
    <p class='ocr_par' dir='ltr' id='par_1_21' title="bbox 244 1976 1831 2055">
     <span class='ocr_line' id='line_1_21' title="bbox 244 1976 1831 2055; baseline -0.006 -16"><span class='ocrx_word' id='word_1_145' title='bbox 244 1985 385 2039; x_wconf 84' lang='grc' dir='ltr'>θεῖον</span> <span class='ocrx_word' id='word_1_146' title='bbox 421 1983 533 2055; x_wconf 89' lang='grc' dir='ltr'>πῦρ</span> <span class='ocrx_word' id='word_1_147' title='bbox 588 1980 813 2051; x_wconf 79' lang='grc' dir='ltr'>φωτίζει</span> <span class='ocrx_word' id='word_1_148' title='bbox 852 1981 949 2051; x_wconf 68' lang='grc' dir='ltr'>μὲν</span> <span class='ocrx_word' id='word_1_149' title='bbox 982 1980 1181 2049; x_wconf 77' lang='grc' dir='ltr'>ψυχὰς,</span> <span class='ocrx_word' id='word_1_150' title='bbox 1233 1980 1327 2032; x_wconf 78' lang='grc' dir='ltr'>καὶ</span> <span class='ocrx_word' id='word_1_151' title='bbox 1365 1976 1682 2047; x_wconf 78' lang='grc' dir='ltr'>δοκιμάζειν</span> <span class='ocrx_word' id='word_1_152' title='bbox 1710 1978 1831 2030; x_wconf 76' lang='grc' dir='ltr'>εἵω-</span> 
     </span>
    </p>
   </div>
   <div class='ocr_carea' id='block_1_22' title="bbox 244 2069 1830 2146">
    <p class='ocr_par' dir='ltr' id='par_1_22' title="bbox 244 2069 1830 2146">
     <span class='ocr_line' id='line_1_22' title="bbox 244 2069 1830 2146; baseline -0.007 -14"><span class='ocrx_word' id='word_1_153' title='bbox 244 2079 356 2143; x_wconf 86' lang='grc' dir='ltr'>θεν,</span> <span class='ocrx_word' id='word_1_154' title='bbox 407 2077 599 2146; x_wconf 87' lang='grc' dir='ltr'>ῶσπερ</span> <span class='ocrx_word' id='word_1_155' title='bbox 644 2076 827 2129; x_wconf 77' lang='grc' dir='ltr'>ἄδολον</span> <span class='ocrx_word' id='word_1_156' title='bbox 872 2074 1074 2142; x_wconf 80' lang='grc' dir='ltr'>χρυσὸν</span> <span class='ocrx_word' id='word_1_157' title='bbox 1119 2074 1176 2125; x_wconf 77' lang='grc' dir='ltr'>ἐν</span> <span class='ocrx_word' id='word_1_158' title='bbox 1227 2070 1444 2141; x_wconf 86' lang='grc' dir='ltr'>καμίνῳ</span> <span class='ocrx_word' id='word_1_159' title='bbox 1474 2086 1490 2102; x_wconf 79' lang='grc' dir='ltr'>ο</span> <span class='ocrx_word' id='word_1_160' title='bbox 1525 2069 1724 2124; x_wconf 88' lang='grc' dir='ltr'>κακίαν</span> <span class='ocrx_word' id='word_1_161' title='bbox 1772 2070 1830 2122; x_wconf 80' lang='grc' dir='ltr'>δὲ</span> 
     </span>
    </p>
   </div>
   <div class='ocr_carea' id='block_1_23' title="bbox 244 2160 1830 2234">
    <p class='ocr_par' dir='ltr' id='par_1_23' title="bbox 244 2160 1830 2234">
     <span class='ocr_line' id='line_1_23' title="bbox 244 2160 1830 2234; baseline -0.007 -11"><span class='ocrx_word' id='word_1_162' title='bbox 244 2168 547 2230; x_wconf 81' lang='grc' dir='ltr'>ἀναλίσκει,</span> <span class='ocrx_word' id='word_1_163' title='bbox 605 2163 793 2234; x_wconf 88' lang='grc' dir='ltr'>ῶσπερ</span> <span class='ocrx_word' id='word_1_164' title='bbox 824 2162 1066 2226; x_wconf 79' lang='grc' dir='ltr'>ἀκάνθας</span> <span class='ocrx_word' id='word_1_165' title='bbox 1120 2162 1213 2215; x_wconf 83' lang='grc' dir='ltr'>καὶ</span> <span class='ocrx_word' id='word_1_166' title='bbox 1264 2161 1517 2231; x_wconf 84' lang='grc' dir='ltr'>καλάμην</span> <span class='ocrx_word' id='word_1_167' title='bbox 1550 2178 1563 2192; x_wconf 80' lang='grc'><strong><em>⁸</em></strong></span> <span class='ocrx_word' id='word_1_168' title='bbox 1608 2161 1673 2214; x_wconf 89' lang='lat'>&#39;0</span> <span class='ocrx_word' id='word_1_169' title='bbox 1720 2160 1830 2229; x_wconf 85' lang='grc' dir='ltr'>γὰρ</span> 
     </span>
    </p>
   </div>
   <div class='ocr_carea' id='block_1_24' title="bbox 246 2250 1831 2324">
    <p class='ocr_par' dir='ltr' id='par_1_24' title="bbox 246 2250 1831 2324">
     <span class='ocr_line' id='line_1_24' title="bbox 246 2250 1831 2324; baseline -0.006 -11"><span class='ocrx_word' id='word_1_170' title='bbox 246 2261 392 2324; x_wconf 78' lang='grc' dir='ltr'>Θεὸς</span> <span class='ocrx_word' id='word_1_171' title='bbox 417 2254 588 2323; x_wconf 77' lang='grc' dir='ltr'>ἡμῶν</span> <span class='ocrx_word' id='word_1_172' title='bbox 626 2254 746 2323; x_wconf 78' lang='grc' dir='ltr'>πῦρ</span> <span class='ocrx_word' id='word_1_173' title='bbox 787 2253 1242 2310; x_wconf 70' lang='grc' dir='ltr'>καταναλίσκον</span> <span class='ocrx_word' id='word_1_174' title='bbox 1266 2250 1418 2316; x_wconf 75' lang='grc' dir='ltr'>ἐστὶ,</span> <span class='ocrx_word' id='word_1_175' title='bbox 1448 2251 1651 2319; x_wconf 78' lang='grc' dir='ltr'>διδοὺς</span> <span class='ocrx_word' id='word_1_176' title='bbox 1677 2250 1831 2306; x_wconf 75' lang='grc' dir='ltr'>ἐκδι-</span> 
     </span>
    </p>
   </div>
   <div class='ocr_carea' id='block_1_25' title="bbox 247 2344 1829 2418">
    <p class='ocr_par' dir='ltr' id='par_1_25' title="bbox 247 2344 1829 2418">
     <span class='ocr_line' id='line_1_25' title="bbox 247 2344 1829 2418; baseline -0.003 -13"><span class='ocrx_word' id='word_1_177' title='bbox 247 2364 437 2418; x_wconf 77' lang='grc' dir='ltr'>κησιν</span> <span class='ocrx_word' id='word_1_178' title='bbox 462 2348 586 2415; x_wconf 82' lang='grc' dir='ltr'>τοῖς</span> <span class='ocrx_word' id='word_1_179' title='bbox 614 2347 699 2417; x_wconf 83' lang='grc' dir='ltr'>μὴ</span> <span class='ocrx_word' id='word_1_180' title='bbox 721 2346 950 2401; x_wconf 73' lang='grc' dir='ltr'>εἰδόσιν</span> <span class='ocrx_word' id='word_1_181' title='bbox 972 2346 1157 2400; x_wconf 85' lang='grc' dir='ltr'>αὑτὸν</span> <span class='ocrx_word' id='word_1_182' title='bbox 1178 2346 1248 2399; x_wconf 74' lang='grc' dir='ltr'>ἐν</span> <span class='ocrx_word' id='word_1_183' title='bbox 1267 2344 1448 2416; x_wconf 74' lang='grc' dir='ltr'>φλογί</span> <span class='ocrx_word' id='word_1_184' title='bbox 1489 2347 1701 2414; x_wconf 80' lang='grc' dir='ltr'>πυρὸς,</span> <span class='ocrx_word' id='word_1_185' title='bbox 1728 2346 1829 2400; x_wconf 76' lang='grc' dir='ltr'>καὶ</span> 
     </span>
    </p>
   </div>
   <div class='ocr_carea' id='block_1_26' title="bbox 246 2434 1833 2509">
    <p class='ocr_par' dir='ltr' id='par_1_26' title="bbox 246 2434 1833 2509">
     <span class='ocr_line' id='line_1_26' title="bbox 246 2434 1833 2509; baseline -0.004 -14"><span class='ocrx_word' id='word_1_186' title='bbox 246 2440 373 2507; x_wconf 79' lang='grc' dir='ltr'>τοῖς</span> <span class='ocrx_word' id='word_1_187' title='bbox 398 2439 484 2509; x_wconf 82' lang='grc' dir='ltr'>μὴ</span> <span class='ocrx_word' id='word_1_188' title='bbox 510 2438 890 2493; x_wconf 80' lang='grc' dir='ltr'>ὑπακούουσι</span> <span class='ocrx_word' id='word_1_189' title='bbox 912 2434 992 2501; x_wconf 82' lang='grc' dir='ltr'>τῷ</span> <span class='ocrx_word' id='word_1_190' title='bbox 1026 2436 1372 2505; x_wconf 64' lang='grc' dir='ltr'>Εύαττελίφ</span> <span class='ocrx_word' id='word_1_191' title='bbox 1396 2437 1605 2491; x_wconf 87' lang='grc' dir='ltr'>αὐτοῦ.</span> <span class='ocrx_word' id='word_1_192' title='bbox 1660 2436 1833 2489; x_wconf 88' lang='grc' dir='ltr'>Τοῦτο</span> 
     </span>
    </p>
   </div>
   <div class='ocr_carea' id='block_1_27' title="bbox 248 2526 1832 2603">
    <p class='ocr_par' dir='ltr' id='par_1_27' title="bbox 248 2526 1832 2603">
     <span class='ocr_line' id='line_1_27' title="bbox 248 2526 1832 2603; baseline -0.006 -16"><span class='ocrx_word' id='word_1_193' title='bbox 248 2533 309 2587; x_wconf 84' lang='grc' dir='ltr'>τδ</span> <span class='ocrx_word' id='word_1_194' title='bbox 340 2531 455 2603; x_wconf 87' lang='grc' dir='ltr'>πῦρ</span> <span class='ocrx_word' id='word_1_195' title='bbox 487 2532 790 2601; x_wconf 73' lang='grc' dir='ltr'>ἐνήργησεν</span> <span class='ocrx_word' id='word_1_196' title='bbox 810 2531 869 2582; x_wconf 85' lang='grc' dir='ltr'>ἐν</span> <span class='ocrx_word' id='word_1_197' title='bbox 895 2530 1007 2591; x_wconf 80' lang='grc' dir='ltr'>τοῖς</span> <span class='ocrx_word' id='word_1_198' title='bbox 1036 2527 1379 2590; x_wconf 81' lang='grc' dir='ltr'>ἀποστόλοις,</span> <span class='ocrx_word' id='word_1_199' title='bbox 1413 2526 1577 2599; x_wconf 79' lang='grc' dir='ltr'>ἡνίκα</span> <span class='ocrx_word' id='word_1_200' title='bbox 1608 2526 1832 2581; x_wconf 71' lang='grc' dir='ltr'>ἐλάλουν</span> 
     </span>
    </p>
   </div>
   <div class='ocr_carea' id='block_1_28' title="bbox 250 2618 1833 2691">
    <p class='ocr_par' dir='ltr' id='par_1_28' title="bbox 250 2618 1833 2691">
     <span class='ocr_line' id='line_1_28' title="bbox 250 2618 1833 2691; baseline -0.004 -13"><span class='ocrx_word' id='word_1_201' title='bbox 250 2624 530 2689; x_wconf 84' lang='grc' dir='ltr'>γλώσσαις</span> <span class='ocrx_word' id='word_1_202' title='bbox 582 2622 855 2691; x_wconf 88' lang='grc' dir='ltr'>πυρίναις.</span> <span class='ocrx_word' id='word_1_203' title='bbox 915 2619 1087 2674; x_wconf 91' lang='grc' dir='ltr'>Τοῦτο</span> <span class='ocrx_word' id='word_1_204' title='bbox 1122 2621 1184 2673; x_wconf 80' lang='grc' dir='ltr'>τὸ</span> <span class='ocrx_word' id='word_1_205' title='bbox 1240 2618 1350 2691; x_wconf 89' lang='grc' dir='ltr'>πῦρ</span> <span class='ocrx_word' id='word_1_206' title='bbox 1381 2618 1470 2673; x_wconf 85' lang='grc' dir='ltr'>διὰ</span> <span class='ocrx_word' id='word_1_207' title='bbox 1505 2620 1606 2689; x_wconf 86' lang='grc' dir='ltr'>τῆς</span> <span class='ocrx_word' id='word_1_208' title='bbox 1647 2618 1833 2689; x_wconf 81' lang='grc' dir='ltr'>φωνῆς</span> 
     </span>
    </p>
   </div>
   <div class='ocr_carea' id='block_1_29' title="bbox 249 2708 1831 2786">
    <p class='ocr_par' dir='ltr' id='par_1_29' title="bbox 249 2708 1831 2786">
     <span class='ocr_line' id='line_1_29' title="bbox 249 2708 1831 2786; baseline -0.005 -17"><span class='ocrx_word' id='word_1_209' title='bbox 249 2716 463 2769; x_wconf 84' lang='grc' dir='ltr'>Παῦλον</span> <span class='ocrx_word' id='word_1_210' title='bbox 496 2712 880 2786; x_wconf 74' lang='grc' dir='ltr'>περιλάμψαν,</span> <span class='ocrx_word' id='word_1_211' title='bbox 921 2710 1019 2782; x_wconf 79' lang='grc' dir='ltr'>τὴν</span> <span class='ocrx_word' id='word_1_212' title='bbox 1066 2711 1163 2781; x_wconf 71' lang='grc' dir='ltr'>μὲν</span> <span class='ocrx_word' id='word_1_213' title='bbox 1201 2711 1440 2764; x_wconf 89' lang='grc' dir='ltr'>διάνοιαν</span> <span class='ocrx_word' id='word_1_214' title='bbox 1478 2709 1643 2763; x_wconf 80' lang='grc' dir='ltr'>αὐτοῦ</span> <span class='ocrx_word' id='word_1_215' title='bbox 1687 2708 1831 2778; x_wconf 81' lang='grc' dir='ltr'>ἐφώ-</span> 
     </span>
    </p>
   </div>
   <div class='ocr_carea' id='block_1_30' title="bbox 248 2798 1833 2875">
    <p class='ocr_par' dir='ltr' id='par_1_30' title="bbox 248 2798 1833 2875">
     <span class='ocr_line' id='line_1_30' title="bbox 248 2798 1833 2875; baseline -0.005 -15"><span class='ocrx_word' id='word_1_216' title='bbox 248 2824 388 2869; x_wconf 88' lang='grc' dir='ltr'>τισε,</span> <span class='ocrx_word' id='word_1_217' title='bbox 441 2807 541 2875; x_wconf 81' lang='grc' dir='ltr'>τὴν</span> <span class='ocrx_word' id='word_1_218' title='bbox 589 2806 668 2870; x_wconf 65' lang='lat' dir='ltr'><strong>es;</strong></span> <span class='ocrx_word' id='word_1_219' title='bbox 697 2802 953 2872; x_wconf 80' lang='grc' dir='ltr'>αἴσθησιν</span> <span class='ocrx_word' id='word_1_220' title='bbox 1017 2800 1119 2871; x_wconf 80' lang='grc' dir='ltr'>τῆς</span> <span class='ocrx_word' id='word_1_221' title='bbox 1175 2800 1355 2869; x_wconf 76' lang='grc' dir='ltr'>ὅψεως</span> <span class='ocrx_word' id='word_1_222' title='bbox 1430 2798 1594 2855; x_wconf 87' lang='grc' dir='ltr'>αὑτοῦ</span> <span class='ocrx_word' id='word_1_223' title='bbox 1653 2799 1833 2869; x_wconf 79' lang='grc' dir='ltr'>ἠμαύ-</span> 
     </span>
    </p>
   </div>
   <div class='ocr_carea' id='block_1_31' title="bbox 254 2888 1833 2967">
    <p class='ocr_par' dir='ltr' id='par_1_31' title="bbox 254 2888 1833 2967">
     <span class='ocr_line' id='line_1_31' title="bbox 254 2888 1833 2967; baseline -0.004 -17"><span class='ocrx_word' id='word_1_224' title='bbox 254 2913 457 2967; x_wconf 84' lang='grc' dir='ltr'>ρωσεν.</span> <span class='ocrx_word' id='word_1_225' title='bbox 526 2897 601 2950; x_wconf 85' lang='grc' dir='ltr'>Οὐ</span> <span class='ocrx_word' id='word_1_226' title='bbox 654 2894 763 2965; x_wconf 82' lang='grc' dir='ltr'>γάρ</span> <span class='ocrx_word' id='word_1_227' title='bbox 819 2894 986 2963; x_wconf 68' lang='grc' dir='ltr'>χωρὶς</span> <span class='ocrx_word' id='word_1_228' title='bbox 1035 2891 1240 2962; x_wconf 80' lang='grc' dir='ltr'>σαρκὸς</span> <span class='ocrx_word' id='word_1_229' title='bbox 1288 2888 1428 2944; x_wconf 77' lang='grc' dir='ltr'>εἶδεν</span> <span class='ocrx_word' id='word_1_230' title='bbox 1484 2891 1692 2944; x_wconf 80' lang='grc' dir='ltr'>ἐκείνου</span> <span class='ocrx_word' id='word_1_231' title='bbox 1740 2890 1833 2946; x_wconf 89' lang='grc' dir='ltr'>τοῦ</span> 
     </span>
    </p>
   </div>
   <div class='ocr_carea' id='block_1_32' title="bbox 252 2981 1835 3057">
    <p class='ocr_par' dir='ltr' id='par_1_32' title="bbox 252 2981 1835 3057">
     <span class='ocr_line' id='line_1_32' title="bbox 252 2981 1835 3057; baseline -0.004 -17"><span class='ocrx_word' id='word_1_232' title='bbox 252 2988 431 3057; x_wconf 78' lang='grc' dir='ltr'>φωτὸς</span> <span class='ocrx_word' id='word_1_233' title='bbox 461 2986 560 3055; x_wconf 78' lang='grc' dir='ltr'>τὴν</span> <span class='ocrx_word' id='word_1_234' title='bbox 584 2986 836 3057; x_wconf 88' lang='grc' dir='ltr'>δύναμιν.</span> <span class='ocrx_word' id='word_1_235' title='bbox 884 2983 1055 3037; x_wconf 89' lang='grc' dir='ltr'>Τοῦτο</span> <span class='ocrx_word' id='word_1_236' title='bbox 1107 2983 1168 3036; x_wconf 78' lang='grc' dir='ltr'>τὸ</span> <span class='ocrx_word' id='word_1_237' title='bbox 1224 2981 1334 3053; x_wconf 88' lang='grc' dir='ltr'>πῦρ</span> <span class='ocrx_word' id='word_1_238' title='bbox 1361 2982 1518 3053; x_wconf 76' lang='grc' dir='ltr'>ὤφθη</span> <span class='ocrx_word' id='word_1_239' title='bbox 1539 2983 1747 3053; x_wconf 80' lang='grc' dir='ltr'>Μωῦσῇ</span> <span class='ocrx_word' id='word_1_240' title='bbox 1778 2983 1835 3034; x_wconf 87' lang='grc' dir='ltr'>ἐν</span> 
     </span>
    </p>
   </div>
   <div class='ocr_carea' id='block_1_33' title="bbox 252 3073 1836 3162">
    <p class='ocr_par' dir='ltr' id='par_1_33' title="bbox 252 3073 1836 3162">
     <span class='ocr_line' id='line_1_33' title="bbox 252 3073 1836 3162; baseline -0.004 -29"><span class='ocrx_word' id='word_1_241' title='bbox 252 3083 321 3151; x_wconf 68' lang='grc' dir='ltr'>τῇ</span> <span class='ocrx_word' id='word_1_242' title='bbox 353 3079 503 3148; x_wconf 81' lang='grc' dir='ltr'>βάτῳ</span> <span class='ocrx_word' id='word_1_243' title='bbox 526 3095 542 3110; x_wconf 79' lang='grc' dir='ltr'><strong><em>ο</em></strong></span> <span class='ocrx_word' id='word_1_244' title='bbox 570 3077 732 3130; x_wconf 91' lang='grc' dir='ltr'>τοῦτο</span> <span class='ocrx_word' id='word_1_245' title='bbox 746 3076 818 3162; x_wconf 32' lang='grc' dir='ltr'>,τὸ</span> <span class='ocrx_word' id='word_1_246' title='bbox 849 3073 961 3144; x_wconf 89' lang='grc' dir='ltr'>πῦρ</span> <span class='ocrx_word' id='word_1_247' title='bbox 991 3076 1048 3128; x_wconf 87' lang='grc' dir='ltr'>ἐν</span> <span class='ocrx_word' id='word_1_248' title='bbox 1073 3074 1205 3128; x_wconf 82' lang='grc' dir='ltr'>εῐδει</span> <span class='ocrx_word' id='word_1_249' title='bbox 1237 3074 1511 3144; x_wconf 85' lang='grc' dir='ltr'>ὀχήματος</span> <span class='ocrx_word' id='word_1_250' title='bbox 1556 3073 1743 3127; x_wconf 82' lang='grc' dir='ltr'>Ἠλίαν</span> <span class='ocrx_word' id='word_1_251' title='bbox 1772 3076 1836 3127; x_wconf 85' lang='grc' dir='ltr'>ἐκ</span> 
     </span>
    </p>
   </div>
   <div class='ocr_carea' id='block_1_34' title="bbox 1923 597 3507 682">
    <p class='ocr_par' dir='ltr' id='par_1_34' title="bbox 1923 597 3507 682">
     <span class='ocr_line' id='line_1_34' title="bbox 1923 597 3507 682; baseline 0.008 -26"><span class='ocrx_word' id='word_1_252' title='bbox 1923 604 2168 672; x_wconf 84' lang='lat' dir='ltr'>plorans,</span> <span class='ocrx_word' id='word_1_253' title='bbox 2225 606 2309 659; x_wconf 85' lang='lat' dir='ltr'>vel</span> <span class='ocrx_word' id='word_1_254' title='bbox 2370 605 2542 675; x_wconf 89' lang='lat' dir='ltr'>ipsius</span> <span class='ocrx_word' id='word_1_255' title='bbox 2595 604 2895 661; x_wconf 86' lang='lat' dir='ltr'><strong>Salvatoris</strong></span> <span class='ocrx_word' id='word_1_256' title='bbox 2945 597 3279 663; x_wconf 77' lang='lat' dir='ltr'><strong>testimonio.</strong></span> <span class='ocrx_word' id='word_1_257' title='bbox 3319 610 3507 682; x_wconf 86' lang='lat' dir='ltr'><strong>lnquit</strong></span> 
     </span>
    </p>
   </div>
   <div class='ocr_carea' id='block_1_35' title="bbox 1923 695 3505 773">
    <p class='ocr_par' dir='ltr' id='par_1_35' title="bbox 1923 695 3505 773">
     <span class='ocr_line' id='line_1_35' title="bbox 1923 695 3505 773; baseline 0.005 -24"><span class='ocrx_word' id='word_1_258' title='bbox 1923 696 2069 749; x_wconf 89' lang='lat' dir='ltr'><strong>enim</strong></span> <span class='ocrx_word' id='word_1_259' title='bbox 2094 713 2107 749; x_wconf 90' lang='lat'><strong>:</strong></span> <span class='ocrx_word' id='word_1_260' title='bbox 2134 695 2310 750; x_wconf 81' lang='lat' dir='ltr'><strong>Maria</strong></span> <span class='ocrx_word' id='word_1_261' title='bbox 2336 699 2591 766; x_wconf 78' lang='lat' dir='ltr'>Optimam</span> <span class='ocrx_word' id='word_1_262' title='bbox 2622 708 2828 767; x_wconf 81' lang='lat' dir='ltr'><strong>partem</strong></span> <span class='ocrx_word' id='word_1_263' title='bbox 2866 697 3039 768; x_wconf 88' lang='lat' dir='ltr'><strong>elegit,</strong></span> <span class='ocrx_word' id='word_1_264' title='bbox 3075 715 3193 769; x_wconf 68' lang='lat' dir='ltr'><strong>qua:</strong></span> <span class='ocrx_word' id='word_1_265' title='bbox 3221 717 3324 755; x_wconf 90' lang='lat' dir='ltr'>non</span> <span class='ocrx_word' id='word_1_266' title='bbox 3351 704 3505 773; x_wconf 79' lang='lat' dir='ltr'><strong>aufe-</strong></span> 
     </span>
    </p>
   </div>
   <div class='ocr_carea' id='block_1_36' title="bbox 1924 789 3505 862">
    <p class='ocr_par' dir='ltr' id='par_1_36' title="bbox 1924 789 3505 862">
     <span class='ocr_line' id='line_1_36' title="bbox 1924 789 3505 862; baseline 0.006 -21"><span class='ocrx_word' id='word_1_267' title='bbox 1924 796 2072 841; x_wconf 87' lang='lat' dir='ltr'><strong>retur</strong></span> <span class='ocrx_word' id='word_1_268' title='bbox 2104 790 2168 843; x_wconf 82' lang='lat' dir='ltr'><strong>ab</strong></span> <span class='ocrx_word' id='word_1_269' title='bbox 2203 806 2265 843; x_wconf 92' lang='lat' dir='ltr'>ea</span> <span class='ocrx_word' id='word_1_270' title='bbox 2289 789 2355 843; x_wconf 78' lang='lat'>“.</span> <span class='ocrx_word' id='word_1_271' title='bbox 2377 790 2421 845; x_wconf 93' lang='grc' dir='ltr'><strong>Ο</strong></span> <span class='ocrx_word' id='word_1_272' title='bbox 2452 790 2719 860; x_wconf 89' lang='lat' dir='ltr'><strong>pretiosas</strong></span> <span class='ocrx_word' id='word_1_273' title='bbox 2771 792 3097 862; x_wconf 77' lang='lat' dir='ltr'>margaritas</span> <span class='ocrx_word' id='word_1_274' title='bbox 3136 793 3256 849; x_wconf 90' lang='lat' dir='ltr'><strong>illas</strong></span> <span class='ocrx_word' id='word_1_275' title='bbox 3300 794 3354 848; x_wconf 93' lang='lat' dir='ltr'><strong>in</strong></span> <span class='ocrx_word' id='word_1_276' title='bbox 3404 795 3505 850; x_wconf 91' lang='lat' dir='ltr'>de-</span> 
     </span>
    </p>
   </div>
   <div class='ocr_carea' id='block_1_37' title="bbox 1924 880 3508 952">
    <p class='ocr_par' dir='ltr' id='par_1_37' title="bbox 1924 880 3508 952">
     <span class='ocr_line' id='line_1_37' title="bbox 1924 880 3508 952; baseline 0.006 -19"><span class='ocrx_word' id='word_1_277' title='bbox 1924 880 2165 935; x_wconf 84' lang='lat' dir='ltr'><strong>ﬂuxione</strong></span> <span class='ocrx_word' id='word_1_278' title='bbox 2198 881 2481 936; x_wconf 88' lang='lat' dir='ltr'><strong>beatarum</strong></span> <span class='ocrx_word' id='word_1_279' title='bbox 2513 883 2875 952; x_wconf 85' lang='lat' dir='ltr'><strong>lacrymarum</strong></span> <span class='ocrx_word' id='word_1_280' title='bbox 2900 885 2913 936; x_wconf 87' lang='lat'><strong>!</strong></span> <span class='ocrx_word' id='word_1_281' title='bbox 2938 882 2984 938; x_wconf 92' lang='grc' dir='ltr'><strong>Ο</strong></span> <span class='ocrx_word' id='word_1_282' title='bbox 3018 893 3231 938; x_wconf 89' lang='lat' dir='ltr'><strong>rectum</strong></span> <span class='ocrx_word' id='word_1_283' title='bbox 3266 885 3420 940; x_wconf 90' lang='lat' dir='ltr'><strong>illum</strong></span> <span class='ocrx_word' id='word_1_284' title='bbox 3448 896 3508 943; x_wconf 87' lang='lat' dir='ltr'><strong>et</strong></span> 
     </span>
    </p>
   </div>
   <div class='ocr_carea' id='block_1_38' title="bbox 1924 974 3505 1047">
    <p class='ocr_par' dir='ltr' id='par_1_38' title="bbox 1924 974 3505 1047">
     <span class='ocr_line' id='line_1_38' title="bbox 1924 974 3505 1047; baseline 0.004 -19"><span class='ocrx_word' id='word_1_285' title='bbox 1924 975 2320 1043; x_wconf 90' lang='lat' dir='ltr'><strong>obsequiosum</strong></span> <span class='ocrx_word' id='word_1_286' title='bbox 2373 974 2657 1030; x_wconf 82' lang='lat' dir='ltr'><strong>auditum!</strong></span> <span class='ocrx_word' id='word_1_287' title='bbox 2730 975 2775 1030; x_wconf 91' lang='grc'>0</span> <span class='ocrx_word' id='word_1_288' title='bbox 2830 974 3028 1030; x_wconf 81' lang='lat' dir='ltr'><strong>fortem</strong></span> <span class='ocrx_word' id='word_1_289' title='bbox 3076 992 3140 1031; x_wconf 91' lang='lat' dir='ltr'><strong>ac</strong></span> <span class='ocrx_word' id='word_1_290' title='bbox 3200 978 3505 1047; x_wconf 87' lang='lat' dir='ltr'><strong>sapientem</strong></span> 
     </span>
    </p>
   </div>
   <div class='ocr_carea' id='block_1_39' title="bbox 1925 1064 3505 1140">
    <p class='ocr_par' dir='ltr' id='par_1_39' title="bbox 1925 1064 3505 1140">
     <span class='ocr_line' id='line_1_39' title="bbox 1925 1064 3505 1140; baseline 0.001 -19"><span class='ocrx_word' id='word_1_291' title='bbox 1925 1066 2204 1121; x_wconf 79' lang='lat' dir='ltr'><strong>animum!</strong></span> <span class='ocrx_word' id='word_1_292' title='bbox 2242 1064 2286 1121; x_wconf 93' lang='grc' dir='ltr'>Ο</span> <span class='ocrx_word' id='word_1_293' title='bbox 2316 1081 2546 1121; x_wconf 87' lang='lat' dir='ltr'><strong>acumen</strong></span> <span class='ocrx_word' id='word_1_294' title='bbox 2581 1066 2820 1136; x_wconf 89' lang='lat' dir='ltr'><strong>Spiritus</strong></span> <span class='ocrx_word' id='word_1_295' title='bbox 2851 1067 3067 1121; x_wconf 88' lang='lat' dir='ltr'><strong>Domini</strong></span> <span class='ocrx_word' id='word_1_296' title='bbox 3116 1068 3338 1133; x_wconf 85' lang='lat' dir='ltr'><strong>amoris,</strong></span> <span class='ocrx_word' id='word_1_297' title='bbox 3375 1085 3505 1140; x_wconf 89' lang='lat' dir='ltr'><strong>erga</strong></span> 
     </span>
    </p>
   </div>
   <div class='ocr_carea' id='block_1_40' title="bbox 1926 1159 3507 1229">
    <p class='ocr_par' dir='ltr' id='par_1_40' title="bbox 1926 1159 3507 1229">
     <span class='ocr_line' id='line_1_40' title="bbox 1926 1159 3507 1229; baseline 0.001 -15"><span class='ocrx_word' id='word_1_298' title='bbox 1926 1175 2190 1229; x_wconf 90' lang='lat' dir='ltr'><strong>sponsum</strong></span> <span class='ocrx_word' id='word_1_299' title='bbox 2238 1159 2729 1213; x_wconf 88' lang='lat' dir='ltr'><strong>incontaminatum</strong></span> <span class='ocrx_word' id='word_1_300' title='bbox 2788 1159 3149 1213; x_wconf 85' lang='lat' dir='ltr'><strong>vehementer</strong></span> <span class='ocrx_word' id='word_1_301' title='bbox 3206 1159 3425 1214; x_wconf 80' lang='lat' dir='ltr'>aﬂ‘ectil</span> <span class='ocrx_word' id='word_1_302' title='bbox 3461 1160 3507 1216; x_wconf 92' lang='grc'>0</span> 
     </span>
    </p>
   </div>
   <div class='ocr_carea' id='block_1_41' title="bbox 1926 1250 3503 1321">
    <p class='ocr_par' dir='ltr' id='par_1_41' title="bbox 1926 1250 3503 1321">
     <span class='ocr_line' id='line_1_41' title="bbox 1926 1250 3503 1321; baseline 0.001 -16"><span class='ocrx_word' id='word_1_303' title='bbox 1926 1252 2212 1305; x_wconf 86' lang='lat' dir='ltr'>stimulum</span> <span class='ocrx_word' id='word_1_304' title='bbox 2268 1250 2525 1306; x_wconf 89' lang='lat' dir='ltr'><strong>desiderii</strong></span> <span class='ocrx_word' id='word_1_305' title='bbox 2589 1252 2784 1305; x_wconf 62' lang='lat' dir='ltr'><strong>animat</strong></span> <span class='ocrx_word' id='word_1_306' title='bbox 2835 1266 2963 1321; x_wconf 85' lang='lat' dir='ltr'><strong>erga</strong></span> <span class='ocrx_word' id='word_1_307' title='bbox 3014 1251 3186 1305; x_wconf 92' lang='lat' dir='ltr'><strong>Deum</strong></span> <span class='ocrx_word' id='word_1_308' title='bbox 3227 1252 3503 1307; x_wconf 84' lang='lat' dir='ltr'><strong>Verbuml</strong></span> 
     </span>
    </p>
   </div>
   <div class='ocr_carea' id='block_1_42' title="bbox 1927 1343 3508 1414">
    <p class='ocr_par' dir='ltr' id='par_1_42' title="bbox 1927 1343 3508 1414">
     <span class='ocr_line' id='line_1_42' title="bbox 1927 1343 3508 1414; baseline 0.001 -15"><span class='ocrx_word' id='word_1_309' title='bbox 1927 1344 1972 1399; x_wconf 92' lang='grc' dir='ltr'>Ο</span> <span class='ocrx_word' id='word_1_310' title='bbox 2022 1351 2234 1398; x_wconf 86' lang='lat' dir='ltr'><strong>arctam</strong></span> <span class='ocrx_word' id='word_1_311' title='bbox 2283 1344 2605 1399; x_wconf 91' lang='lat' dir='ltr'><strong>societatem</strong></span> <span class='ocrx_word' id='word_1_312' title='bbox 2662 1358 2875 1414; x_wconf 71' lang='lat' dir='ltr'><strong>sponsae</strong></span> <span class='ocrx_word' id='word_1_313' title='bbox 2910 1359 3039 1414; x_wconf 89' lang='lat' dir='ltr'><strong>erga</strong></span> <span class='ocrx_word' id='word_1_314' title='bbox 3087 1343 3360 1414; x_wconf 86' lang='lat' dir='ltr'><strong>Sponsum</strong></span> <span class='ocrx_word' id='word_1_315' title='bbox 3392 1361 3508 1402; x_wconf 70' lang='lat' dir='ltr'><strong>caa-</strong></span> 
     </span>
    </p>
   </div>
   <div class='ocr_carea' id='block_1_43' title="bbox 1928 1436 3353 1508">
    <p class='ocr_par' dir='ltr' id='par_1_43' title="bbox 1928 1436 3353 1508">
     <span class='ocr_line' id='line_1_43' title="bbox 1928 1436 3353 1508; baseline 0 -19"><span class='ocrx_word' id='word_1_316' title='bbox 1928 1436 2121 1490; x_wconf 86' lang='lat' dir='ltr'><strong>lestem</strong></span> <span class='ocrx_word' id='word_1_317' title='bbox 2153 1437 2164 1489; x_wconf 91' lang='lat' dir='ltr'>l</span> <span class='ocrx_word' id='word_1_318' title='bbox 3348 1504 3353 1508; x_wconf 28' lang='lat'><strong><em>.</em></strong></span> 
     </span>
    </p>
   </div>
   <div class='ocr_carea' id='block_1_44' title="bbox 2002 1525 3509 1595">
    <p class='ocr_par' dir='ltr' id='par_1_44' title="bbox 2002 1525 3509 1595">
     <span class='ocr_line' id='line_1_44' title="bbox 2002 1525 3509 1595; baseline 0.003 -17"><span class='ocrx_word' id='word_1_319' title='bbox 2002 1525 2094 1579; x_wconf 68' lang='grc' dir='ltr'>ιχ.</span> <span class='ocrx_word' id='word_1_320' title='bbox 2143 1526 2362 1579; x_wconf 87' lang='lat' dir='ltr'><strong>Imitare</strong></span> <span class='ocrx_word' id='word_1_321' title='bbox 2396 1531 2559 1588; x_wconf 90' lang='lat' dir='ltr'><strong>hanc,</strong></span> <span class='ocrx_word' id='word_1_322' title='bbox 2594 1540 2626 1578; x_wconf 95' lang='lat' dir='ltr'><strong>o</strong></span> <span class='ocrx_word' id='word_1_323' title='bbox 2675 1525 2770 1589; x_wconf 89' lang='lat' dir='ltr'><strong>fili,</strong></span> <span class='ocrx_word' id='word_1_324' title='bbox 2806 1525 3044 1591; x_wconf 85' lang='lat' dir='ltr'><strong>imitare,</strong></span> <span class='ocrx_word' id='word_1_325' title='bbox 3096 1526 3340 1595; x_wconf 89' lang='lat' dir='ltr'><strong>inquam,</strong></span> <span class='ocrx_word' id='word_1_326' title='bbox 3368 1529 3509 1583; x_wconf 88' lang='lat' dir='ltr'><strong>nihil</strong></span> 
     </span>
    </p>
   </div>
   <div class='ocr_carea' id='block_1_45' title="bbox 1932 1614 3507 1689">
    <p class='ocr_par' dir='ltr' id='par_1_45' title="bbox 1932 1614 3507 1689">
     <span class='ocr_line' id='line_1_45' title="bbox 1932 1614 3507 1689; baseline 0.005 -23"><span class='ocrx_word' id='word_1_327' title='bbox 1932 1614 2080 1667; x_wconf 86' lang='lat' dir='ltr'><strong>aliud</strong></span> <span class='ocrx_word' id='word_1_328' title='bbox 2114 1615 2337 1669; x_wconf 88' lang='lat' dir='ltr'><strong>intuens</strong></span> <span class='ocrx_word' id='word_1_329' title='bbox 2374 1624 2573 1683; x_wconf 73' lang='lat' dir='ltr'><strong>praeter</strong></span> <span class='ocrx_word' id='word_1_330' title='bbox 2598 1630 2723 1668; x_wconf 92' lang='lat' dir='ltr'><strong>eum</strong></span> <span class='ocrx_word' id='word_1_331' title='bbox 2761 1615 2961 1679; x_wconf 90' lang='lat' dir='ltr'><strong>solum,</strong></span> <span class='ocrx_word' id='word_1_332' title='bbox 2991 1617 3085 1684; x_wconf 86' lang='lat' dir='ltr'><strong>qui</strong></span> <span class='ocrx_word' id='word_1_333' title='bbox 3114 1617 3290 1672; x_wconf 82' lang='lat' dir='ltr'><strong>dixit:</strong></span> <span class='ocrx_word' id='word_1_334' title='bbox 3325 1617 3507 1689; x_wconf 83' lang='lat' dir='ltr'><strong>Ignem</strong></span> 
     </span>
    </p>
   </div>
   <div class='ocr_carea' id='block_1_46' title="bbox 1937 1705 3511 1777">
    <p class='ocr_par' dir='ltr' id='par_1_46' title="bbox 1937 1705 3511 1777">
     <span class='ocr_line' id='line_1_46' title="bbox 1937 1705 3511 1777; baseline 0.005 -20"><span class='ocrx_word' id='word_1_335' title='bbox 1937 1706 2054 1757; x_wconf 82' lang='lat' dir='ltr'><strong>ueni</strong></span> <span class='ocrx_word' id='word_1_336' title='bbox 2085 1706 2292 1757; x_wconf 81' lang='lat' dir='ltr'><strong>mittere</strong></span> <span class='ocrx_word' id='word_1_337' title='bbox 2319 1706 2374 1757; x_wconf 87' lang='lat' dir='ltr'>in</span> <span class='ocrx_word' id='word_1_338' title='bbox 2405 1714 2626 1769; x_wconf 84' lang='lat' dir='ltr'><strong>terram,</strong></span> <span class='ocrx_word' id='word_1_339' title='bbox 2650 1716 2697 1757; x_wconf 91' lang='lat' dir='ltr'>et</span> <span class='ocrx_word' id='word_1_340' title='bbox 2725 1706 2851 1775; x_wconf 85' lang='lat' dir='ltr'><strong>quid</strong></span> <span class='ocrx_word' id='word_1_341' title='bbox 2872 1705 3009 1769; x_wconf 82' lang='lat' dir='ltr'><strong>uolo,</strong></span> <span class='ocrx_word' id='word_1_342' title='bbox 3040 1708 3085 1760; x_wconf 85' lang='lat' dir='ltr'><strong>si</strong></span> <span class='ocrx_word' id='word_1_343' title='bbox 3111 1708 3232 1777; x_wconf 87' lang='lat' dir='ltr'><strong>jam</strong></span> <span class='ocrx_word' id='word_1_344' title='bbox 3262 1726 3511 1765; x_wconf 78' lang='lat' dir='ltr'><strong>accensus</strong></span> 
     </span>
    </p>
   </div>
   <div class='ocr_carea' id='block_1_47' title="bbox 1936 1794 3515 1867">
    <p class='ocr_par' dir='ltr' id='par_1_47' title="bbox 1936 1794 3515 1867">
     <span class='ocr_line' id='line_1_47' title="bbox 1936 1794 3515 1867; baseline 0.006 -20"><span class='ocrx_word' id='word_1_345' title='bbox 1936 1796 2114 1849; x_wconf 72' lang='lat' dir='ltr'><strong>est“?</strong></span> <span class='ocrx_word' id='word_1_346' title='bbox 2140 1796 2235 1850; x_wconf 88' lang='lat' dir='ltr'>Est</span> <span class='ocrx_word' id='word_1_347' title='bbox 2262 1797 2409 1851; x_wconf 89' lang='lat' dir='ltr'><strong>enim</strong></span> <span class='ocrx_word' id='word_1_348' title='bbox 2441 1796 2606 1851; x_wconf 91' lang='lat' dir='ltr'><strong>ardor</strong></span> <span class='ocrx_word' id='word_1_349' title='bbox 2647 1794 2885 1867; x_wconf 88' lang='lat' dir='ltr'><strong>Spiritus</strong></span> <span class='ocrx_word' id='word_1_350' title='bbox 2919 1798 3201 1853; x_wconf 85' lang='lat' dir='ltr'><strong>vivificans</strong></span> <span class='ocrx_word' id='word_1_351' title='bbox 3236 1810 3292 1854; x_wconf 89' lang='lat' dir='ltr'><strong>et</strong></span> <span class='ocrx_word' id='word_1_352' title='bbox 3314 1816 3515 1856; x_wconf 89' lang='lat' dir='ltr'><strong>accen-</strong></span> 
     </span>
    </p>
   </div>
   <div class='ocr_carea' id='block_1_48' title="bbox 1937 1886 3514 1957">
    <p class='ocr_par' dir='ltr' id='par_1_48' title="bbox 1937 1886 3514 1957">
     <span class='ocr_line' id='line_1_48' title="bbox 1937 1886 3514 1957; baseline 0.004 -16"><span class='ocrx_word' id='word_1_353' title='bbox 1937 1886 2075 1941; x_wconf 87' lang='lat' dir='ltr'><strong>dens</strong></span> <span class='ocrx_word' id='word_1_354' title='bbox 2108 1888 2295 1942; x_wconf 92' lang='lat' dir='ltr'><strong>corda.</strong></span> <span class='ocrx_word' id='word_1_355' title='bbox 2347 1886 2691 1957; x_wconf 88' lang='lat' dir='ltr'>Quapropter</span> <span class='ocrx_word' id='word_1_356' title='bbox 2740 1888 3119 1943; x_wconf 90' lang='lat' dir='ltr'><strong>immaterialis</strong></span> <span class='ocrx_word' id='word_1_357' title='bbox 3176 1898 3232 1944; x_wconf 91' lang='lat' dir='ltr'>et</span> <span class='ocrx_word' id='word_1_358' title='bbox 3290 1891 3514 1949; x_wconf 87' lang='lat' dir='ltr'><strong>divinus</strong></span> 
     </span>
    </p>
   </div>
   <div class='ocr_carea' id='block_1_49' title="bbox 1936 1977 3515 2049">
    <p class='ocr_par' dir='ltr' id='par_1_49' title="bbox 1936 1977 3515 2049">
     <span class='ocr_line' id='line_1_49' title="bbox 1936 1977 3515 2049; baseline 0.005 -18"><span class='ocrx_word' id='word_1_359' title='bbox 1936 1977 2026 2033; x_wconf 91' lang='lat' dir='ltr'><strong>ille</strong></span> <span class='ocrx_word' id='word_1_360' title='bbox 2080 1978 2222 2049; x_wconf 90' lang='lat' dir='ltr'><strong>ignis</strong></span> <span class='ocrx_word' id='word_1_361' title='bbox 2263 1978 2540 2033; x_wconf 86' lang='lat' dir='ltr'><strong>illuminat</strong></span> <span class='ocrx_word' id='word_1_362' title='bbox 2569 1978 2802 2044; x_wconf 87' lang='lat' dir='ltr'><strong>animas,</strong></span> <span class='ocrx_word' id='word_1_363' title='bbox 2839 1989 2895 2033; x_wconf 92' lang='lat' dir='ltr'><strong>et</strong></span> <span class='ocrx_word' id='word_1_364' title='bbox 2932 1980 3170 2049; x_wconf 89' lang='lat' dir='ltr'><strong>probare</strong></span> <span class='ocrx_word' id='word_1_365' title='bbox 3227 1985 3515 2039; x_wconf 86' lang='lat' dir='ltr'><strong>consuevit</strong></span> 
     </span>
    </p>
   </div>
   <div class='ocr_carea' id='block_1_50' title="bbox 1934 2070 3515 2135">
    <p class='ocr_par' dir='ltr' id='par_1_50' title="bbox 1934 2070 3515 2135">
     <span class='ocr_line' id='line_1_50' title="bbox 1934 2070 3515 2135; baseline 0.006 -12"><span class='ocrx_word' id='word_1_366' title='bbox 1934 2086 2048 2135; x_wconf 89' lang='lat' dir='ltr'><strong>eas,</strong></span> <span class='ocrx_word' id='word_1_367' title='bbox 2079 2072 2230 2125; x_wconf 87' lang='lat' dir='ltr'><strong>velut</strong></span> <span class='ocrx_word' id='word_1_368' title='bbox 2271 2086 2467 2125; x_wconf 90' lang='lat' dir='ltr'><strong>aurum</strong></span> <span class='ocrx_word' id='word_1_369' title='bbox 2502 2086 2613 2125; x_wconf 87' lang='lat' dir='ltr'><strong>non</strong></span> <span class='ocrx_word' id='word_1_370' title='bbox 2648 2070 3013 2126; x_wconf 88' lang='lat' dir='ltr'><strong>adulteratum</strong></span> <span class='ocrx_word' id='word_1_371' title='bbox 3051 2073 3105 2127; x_wconf 92' lang='lat' dir='ltr'>in</span> <span class='ocrx_word' id='word_1_372' title='bbox 3138 2076 3391 2130; x_wconf 87' lang='lat' dir='ltr'><strong>camino:</strong></span> <span class='ocrx_word' id='word_1_373' title='bbox 3430 2078 3515 2132; x_wconf 88' lang='lat' dir='ltr'>vi-</span> 
     </span>
    </p>
   </div>
   <div class='ocr_carea' id='block_1_51' title="bbox 1936 2162 3513 2239">
    <p class='ocr_par' dir='ltr' id='par_1_51' title="bbox 1936 2162 3513 2239">
     <span class='ocr_line' id='line_1_51' title="bbox 1936 2162 3513 2239; baseline 0.004 -25"><span class='ocrx_word' id='word_1_374' title='bbox 1936 2162 2076 2215; x_wconf 87' lang='lat' dir='ltr'><strong>tium</strong></span> <span class='ocrx_word' id='word_1_375' title='bbox 2122 2177 2256 2217; x_wconf 92' lang='lat' dir='ltr'><strong>vero</strong></span> <span class='ocrx_word' id='word_1_376' title='bbox 2314 2165 2610 2228; x_wconf 87' lang='lat' dir='ltr'><strong>consumit,</strong></span> <span class='ocrx_word' id='word_1_377' title='bbox 2658 2164 2829 2219; x_wconf 89' lang='lat' dir='ltr'><strong>veluti</strong></span> <span class='ocrx_word' id='word_1_378' title='bbox 2888 2165 3075 2233; x_wconf 80' lang='lat' dir='ltr'><strong>s&#39;pinas</strong></span> <span class='ocrx_word' id='word_1_379' title='bbox 3129 2178 3185 2221; x_wconf 89' lang='lat' dir='ltr'><strong>et</strong></span> <span class='ocrx_word' id='word_1_380' title='bbox 3233 2170 3513 2239; x_wconf 88' lang='lat' dir='ltr'><strong>stipulam.</strong></span> 
     </span>
    </p>
   </div>
   <div class='ocr_carea' id='block_1_52' title="bbox 1932 2252 3516 2331">
    <p class='ocr_par' dir='ltr' id='par_1_52' title="bbox 1932 2252 3516 2331">
     <span class='ocr_line' id='line_1_52' title="bbox 1932 2252 3516 2331; baseline 0.006 -24"><span class='ocrx_word' id='word_1_381' title='bbox 1932 2253 2073 2308; x_wconf 75' lang='lat' dir='ltr'><strong>Deus</strong></span> <span class='ocrx_word' id='word_1_382' title='bbox 2090 2252 2240 2308; x_wconf 91' lang='lat' dir='ltr'><strong>enim</strong></span> <span class='ocrx_word' id='word_1_383' title='bbox 2266 2263 2441 2307; x_wconf 78' lang='lat' dir='ltr'><strong>noster</strong></span> <span class='ocrx_word' id='word_1_384' title='bbox 2466 2256 2599 2326; x_wconf 81' lang='lat' dir='ltr'><strong>ignis</strong></span> <span class='ocrx_word' id='word_1_385' title='bbox 2624 2273 2934 2312; x_wconf 74' lang='lat' dir='ltr'><strong>consumens</strong></span> <span class='ocrx_word' id='word_1_386' title='bbox 2964 2266 3059 2322; x_wconf 82' lang='lat' dir='ltr'><strong>est,</strong></span> <span class='ocrx_word' id='word_1_387' title='bbox 3082 2259 3323 2331; x_wconf 75' lang='lat' dir='ltr'><strong>inﬂigens</strong></span> <span class='ocrx_word' id='word_1_388' title='bbox 3352 2261 3516 2317; x_wconf 84' lang='lat' dir='ltr'><strong>ultio-</strong></span> 
     </span>
    </p>
   </div>
   <div class='ocr_carea' id='block_1_53' title="bbox 1935 2347 3513 2420">
    <p class='ocr_par' dir='ltr' id='par_1_53' title="bbox 1935 2347 3513 2420">
     <span class='ocr_line' id='line_1_53' title="bbox 1935 2347 3513 2420; baseline 0.007 -21"><span class='ocrx_word' id='word_1_389' title='bbox 1935 2363 2057 2400; x_wconf 88' lang='lat' dir='ltr'><strong>nem</strong></span> <span class='ocrx_word' id='word_1_390' title='bbox 2086 2348 2150 2400; x_wconf 79' lang='lat' dir='ltr'><strong>iis</strong></span> <span class='ocrx_word' id='word_1_391' title='bbox 2197 2348 2252 2400; x_wconf 88' lang='lat' dir='ltr'><strong>in</strong></span> <span class='ocrx_word' id='word_1_392' title='bbox 2280 2347 2390 2419; x_wconf 66' lang='grc'>94</span> <span class='ocrx_word' id='word_1_393' title='bbox 2421 2350 2640 2418; x_wconf 83' lang='lat' dir='ltr'><strong>ﬂamma</strong></span> <span class='ocrx_word' id='word_1_394' title='bbox 2662 2350 2821 2417; x_wconf 76' lang='lat' dir='ltr'><strong>ignis,</strong></span> <span class='ocrx_word' id='word_1_395' title='bbox 2843 2352 2932 2420; x_wconf 86' lang='lat' dir='ltr'>qui</span> <span class='ocrx_word' id='word_1_396' title='bbox 2968 2368 3071 2404; x_wconf 92' lang='lat' dir='ltr'>non</span> <span class='ocrx_word' id='word_1_397' title='bbox 3093 2362 3351 2407; x_wconf 85' lang='lat' dir='ltr'><strong>noverunt</strong></span> <span class='ocrx_word' id='word_1_398' title='bbox 3372 2370 3513 2420; x_wconf 86' lang='lat' dir='ltr'><strong>eum,</strong></span> 
     </span>
    </p>
   </div>
   <div class='ocr_carea' id='block_1_54' title="bbox 1935 2440 3520 2515">
    <p class='ocr_par' dir='ltr' id='par_1_54' title="bbox 1935 2440 3520 2515">
     <span class='ocr_line' id='line_1_54' title="bbox 1935 2440 3520 2515; baseline 0.005 -24"><span class='ocrx_word' id='word_1_399' title='bbox 1935 2448 1983 2491; x_wconf 90' lang='lat' dir='ltr'><strong>et</strong></span> <span class='ocrx_word' id='word_1_400' title='bbox 2008 2440 2099 2508; x_wconf 87' lang='lat' dir='ltr'>qui</span> <span class='ocrx_word' id='word_1_401' title='bbox 2120 2456 2222 2492; x_wconf 87' lang='lat' dir='ltr'><strong>non</strong></span> <span class='ocrx_word' id='word_1_402' title='bbox 2241 2441 2602 2509; x_wconf 81' lang='lat' dir='ltr'><strong>obtemperant</strong></span> <span class='ocrx_word' id='word_1_403' title='bbox 2620 2440 2911 2511; x_wconf 86' lang='lat' dir='ltr'><strong>Evangelia</strong></span> <span class='ocrx_word' id='word_1_404' title='bbox 2927 2443 2992 2495; x_wconf 78' lang='lat'><strong>&quot;.</strong></span> <span class='ocrx_word' id='word_1_405' title='bbox 3023 2443 3281 2512; x_wconf 79' lang='lat' dir='ltr'><strong>Hicignis</strong></span> <span class='ocrx_word' id='word_1_406' title='bbox 3309 2445 3364 2499; x_wconf 92' lang='lat' dir='ltr'><strong>in</strong></span> <span class='ocrx_word' id='word_1_407' title='bbox 3388 2461 3520 2515; x_wconf 83' lang='lat' dir='ltr'><strong>apo-</strong></span> 
     </span>
    </p>
   </div>
   <div class='ocr_carea' id='block_1_55' title="bbox 1935 2528 3517 2601">
    <p class='ocr_par' dir='ltr' id='par_1_55' title="bbox 1935 2528 3517 2601">
     <span class='ocr_line' id='line_1_55' title="bbox 1935 2528 3517 2601; baseline 0.005 -19"><span class='ocrx_word' id='word_1_408' title='bbox 1935 2528 2089 2583; x_wconf 86' lang='lat' dir='ltr'><strong>stolis</strong></span> <span class='ocrx_word' id='word_1_409' title='bbox 2113 2529 2223 2583; x_wconf 85' lang='lat' dir='ltr'>vim</span> <span class='ocrx_word' id='word_1_410' title='bbox 2256 2545 2410 2584; x_wconf 91' lang='lat' dir='ltr'><strong>suam</strong></span> <span class='ocrx_word' id='word_1_411' title='bbox 2444 2531 2713 2594; x_wconf 80' lang='lat' dir='ltr'><strong>exercuit,</strong></span> <span class='ocrx_word' id='word_1_412' title='bbox 2758 2532 2977 2600; x_wconf 86' lang='lat' dir='ltr'><strong>quando</strong></span> <span class='ocrx_word' id='word_1_413' title='bbox 3016 2533 3387 2601; x_wconf 89' lang='lat' dir='ltr'><strong>loquebantur</strong></span> <span class='ocrx_word' id='word_1_414' title='bbox 3411 2536 3517 2590; x_wconf 92' lang='lat' dir='ltr'><strong>lin-</strong></span> 
     </span>
    </p>
   </div>
   <div class='ocr_carea' id='block_1_56' title="bbox 1934 2619 3521 2697">
    <p class='ocr_par' dir='ltr' id='par_1_56' title="bbox 1934 2619 3521 2697">
     <span class='ocr_line' id='line_1_56' title="bbox 1934 2619 3521 2697; baseline 0.006 -25"><span class='ocrx_word' id='word_1_415' title='bbox 1934 2619 2057 2688; x_wconf 89' lang='lat' dir='ltr'><strong>guis</strong></span> <span class='ocrx_word' id='word_1_416' title='bbox 2091 2619 2265 2690; x_wconf 89' lang='lat' dir='ltr'><strong>igneis</strong></span> <span class='ocrx_word' id='word_1_417' title='bbox 2282 2620 2346 2676; x_wconf 74' lang='grc'>⁸⁸.</span> <span class='ocrx_word' id='word_1_418' title='bbox 2379 2621 2478 2675; x_wconf 81' lang='lat' dir='ltr'><strong>llic</strong></span> <span class='ocrx_word' id='word_1_419' title='bbox 2522 2621 2663 2691; x_wconf 86' lang='lat' dir='ltr'><strong>ignis</strong></span> <span class='ocrx_word' id='word_1_420' title='bbox 2690 2638 2788 2691; x_wconf 86' lang='lat' dir='ltr'><strong>per</strong></span> <span class='ocrx_word' id='word_1_421' title='bbox 2819 2638 3011 2678; x_wconf 86' lang='lat' dir='ltr'><strong>vocem</strong></span> <span class='ocrx_word' id='word_1_422' title='bbox 3051 2625 3281 2679; x_wconf 86' lang='lat' dir='ltr'><strong>Paulum</strong></span> <span class='ocrx_word' id='word_1_423' title='bbox 3335 2630 3521 2697; x_wconf 86' lang='lat' dir='ltr'><strong>splen-</strong></span> 
     </span>
    </p>
   </div>
   <div class='ocr_carea' id='block_1_57' title="bbox 1934 2712 3519 2787">
    <p class='ocr_par' dir='ltr' id='par_1_57' title="bbox 1934 2712 3519 2787">
     <span class='ocr_line' id='line_1_57' title="bbox 1934 2712 3519 2787; baseline 0.006 -22"><span class='ocrx_word' id='word_1_424' title='bbox 1934 2712 2069 2766; x_wconf 90' lang='lat' dir='ltr'><strong>dore</strong></span> <span class='ocrx_word' id='word_1_425' title='bbox 2099 2728 2162 2767; x_wconf 90' lang='lat' dir='ltr'><strong>ac</strong></span> <span class='ocrx_word' id='word_1_426' title='bbox 2194 2712 2403 2768; x_wconf 87' lang='lat' dir='ltr'><strong>lumine</strong></span> <span class='ocrx_word' id='word_1_427' title='bbox 2434 2713 2809 2778; x_wconf 69' lang='lat' dir='ltr'>circumfundit,</span> <span class='ocrx_word' id='word_1_428' title='bbox 2838 2725 3076 2771; x_wconf 93' lang='lat' dir='ltr'><strong>mentem</strong></span> <span class='ocrx_word' id='word_1_429' title='bbox 3110 2719 3335 2787; x_wconf 88' lang='lat' dir='ltr'><strong>quidem</strong></span> <span class='ocrx_word' id='word_1_430' title='bbox 3371 2719 3519 2775; x_wconf 86' lang='lat' dir='ltr'><strong>illius</strong></span> 
     </span>
    </p>
   </div>
   <div class='ocr_carea' id='block_1_58' title="bbox 1938 2804 3517 2878">
    <p class='ocr_par' dir='ltr' id='par_1_58' title="bbox 1938 2804 3517 2878">
     <span class='ocr_line' id='line_1_58' title="bbox 1938 2804 3517 2878; baseline 0.004 -18"><span class='ocrx_word' id='word_1_431' title='bbox 1938 2804 2289 2870; x_wconf 83' lang='lat' dir='ltr'><strong>illuminavit,</strong></span> <span class='ocrx_word' id='word_1_432' title='bbox 2327 2821 2548 2861; x_wconf 88' lang='lat' dir='ltr'><strong>sensum</strong></span> <span class='ocrx_word' id='word_1_433' title='bbox 2596 2816 2779 2860; x_wconf 89' lang='lat' dir='ltr'><strong>autem</strong></span> <span class='ocrx_word' id='word_1_434' title='bbox 2820 2810 2973 2861; x_wconf 90' lang='lat' dir='ltr'><strong>visus</strong></span> <span class='ocrx_word' id='word_1_435' title='bbox 3001 2810 3120 2878; x_wconf 88' lang='lat' dir='ltr'><strong>ejus</strong></span> <span class='ocrx_word' id='word_1_436' title='bbox 3155 2810 3517 2866; x_wconf 78' lang='lat' dir='ltr'><strong>hebetavit&quot;.</strong></span> 
     </span>
    </p>
   </div>
   <div class='ocr_carea' id='block_1_59' title="bbox 1937 2896 3519 2968">
    <p class='ocr_par' dir='ltr' id='par_1_59' title="bbox 1937 2896 3519 2968">
     <span class='ocr_line' id='line_1_59' title="bbox 1937 2896 3519 2968; baseline 0.004 -17"><span class='ocrx_word' id='word_1_437' title='bbox 1937 2896 2127 2968; x_wconf 83' lang='lat' dir='ltr'><strong>Neque</strong></span> <span class='ocrx_word' id='word_1_438' title='bbox 2150 2897 2294 2951; x_wconf 91' lang='lat' dir='ltr'><strong>enim</strong></span> <span class='ocrx_word' id='word_1_439' title='bbox 2319 2896 2437 2951; x_wconf 87' lang='lat' dir='ltr'><strong>sine</strong></span> <span class='ocrx_word' id='word_1_440' title='bbox 2462 2912 2627 2951; x_wconf 88' lang='lat' dir='ltr'><strong>carne</strong></span> <span class='ocrx_word' id='word_1_441' title='bbox 2648 2897 2787 2952; x_wconf 90' lang='lat' dir='ltr'><strong>vidit</strong></span> <span class='ocrx_word' id='word_1_442' title='bbox 2811 2899 3039 2953; x_wconf 89' lang='lat' dir='ltr'><strong>luminis</strong></span> <span class='ocrx_word' id='word_1_443' title='bbox 3066 2900 3215 2955; x_wconf 92' lang='lat' dir='ltr'><strong>illius</strong></span> <span class='ocrx_word' id='word_1_444' title='bbox 3238 2901 3519 2959; x_wconf 89' lang='lat' dir='ltr'><strong>virtutem.</strong></span> 
     </span>
    </p>
   </div>
   <div class='ocr_carea' id='block_1_60' title="bbox 1938 2988 3521 3065">
    <p class='ocr_par' dir='ltr' id='par_1_60' title="bbox 1938 2988 3521 3065">
     <span class='ocr_line' id='line_1_60' title="bbox 1938 2988 3521 3065; baseline 0.004 -23"><span class='ocrx_word' id='word_1_445' title='bbox 1938 2988 2038 3043; x_wconf 87' lang='lat' dir='ltr'>Hic</span> <span class='ocrx_word' id='word_1_446' title='bbox 2080 2990 2222 3059; x_wconf 91' lang='lat' dir='ltr'><strong>ignis</strong></span> <span class='ocrx_word' id='word_1_447' title='bbox 2265 2990 2399 3043; x_wconf 84' lang='lat' dir='ltr'><strong>Mosi</strong></span> <span class='ocrx_word' id='word_1_448' title='bbox 2452 2990 2707 3058; x_wconf 87' lang='lat' dir='ltr'><strong>apparuit</strong></span> <span class='ocrx_word' id='word_1_449' title='bbox 2758 2990 2813 3044; x_wconf 89' lang='lat' dir='ltr'><strong>in</strong></span> <span class='ocrx_word' id='word_1_450' title='bbox 2865 2990 3007 3045; x_wconf 90' lang='lat' dir='ltr'><strong>rubo</strong></span> <span class='ocrx_word' id='word_1_451' title='bbox 3026 2992 3093 3045; x_wconf 75' lang='lat'>“.</span> <span class='ocrx_word' id='word_1_452' title='bbox 3138 2991 3239 3048; x_wconf 82' lang='lat' dir='ltr'><strong>llic</strong></span> <span class='ocrx_word' id='word_1_453' title='bbox 3281 2992 3423 3065; x_wconf 89' lang='lat' dir='ltr'><strong>ignis</strong></span> <span class='ocrx_word' id='word_1_454' title='bbox 3462 2995 3521 3049; x_wconf 91' lang='lat' dir='ltr'><strong>in</strong></span> 
     </span>
    </p>
   </div>
   <div class='ocr_carea' id='block_1_61' title="bbox 1939 3079 3521 3154">
    <p class='ocr_par' dir='ltr' id='par_1_61' title="bbox 1939 3079 3521 3154">
     <span class='ocr_line' id='line_1_61' title="bbox 1939 3079 3521 3154; baseline 0.004 -22"><span class='ocrx_word' id='word_1_455' title='bbox 1939 3080 2122 3147; x_wconf 87' lang='lat' dir='ltr'><strong>specie</strong></span> <span class='ocrx_word' id='word_1_456' title='bbox 2172 3095 2369 3133; x_wconf 88' lang='lat' dir='ltr'><strong>currus</strong></span> <span class='ocrx_word' id='word_1_457' title='bbox 2412 3079 2586 3133; x_wconf 87' lang='lat' dir='ltr'><strong>Eliam</strong></span> <span class='ocrx_word' id='word_1_458' title='bbox 2634 3095 2663 3133; x_wconf 91' lang='lat' dir='ltr'>a</span> <span class='ocrx_word' id='word_1_459' title='bbox 2696 3088 2839 3133; x_wconf 88' lang='lat' dir='ltr'><strong>terra</strong></span> <span class='ocrx_word' id='word_1_460' title='bbox 2875 3081 3141 3149; x_wconf 78' lang='lat' dir='ltr'><strong>rapuit“.</strong></span> <span class='ocrx_word' id='word_1_461' title='bbox 3176 3082 3349 3154; x_wconf 82' lang='lat' dir='ltr'><strong>Hujus</strong></span> <span class='ocrx_word' id='word_1_462' title='bbox 3378 3084 3521 3154; x_wconf 87' lang='lat' dir='ltr'><strong>ignis</strong></span> 
     </span>
    </p>
   </div>
   <div class='ocr_carea' id='block_1_62' title="bbox 252 3164 1943 3241">
    <p class='ocr_par' dir='ltr' id='par_1_62' title="bbox 252 3164 1943 3240">
     <span class='ocr_line' id='line_1_62' title="bbox 252 3164 1943 3240; baseline -0.002 -18"><span class='ocrx_word' id='word_1_463' title='bbox 252 3171 357 3240; x_wconf 81' lang='grc' dir='ltr'>τῆς</span> <span class='ocrx_word' id='word_1_464' title='bbox 382 3172 484 3240; x_wconf 81' lang='grc' dir='ltr'>γῆς</span> <span class='ocrx_word' id='word_1_465' title='bbox 508 3170 725 3239; x_wconf 81' lang='grc' dir='ltr'>ἥρπασε</span> <span class='ocrx_word' id='word_1_466' title='bbox 757 3184 770 3198; x_wconf 87' lang='grc'><strong>·</strong></span> <span class='ocrx_word' id='word_1_467' title='bbox 808 3167 999 3220; x_wconf 89' lang='grc' dir='ltr'>τούτου</span> <span class='ocrx_word' id='word_1_468' title='bbox 1045 3164 1141 3220; x_wconf 93' lang='grc' dir='ltr'>τοῦ</span> <span class='ocrx_word' id='word_1_469' title='bbox 1187 3165 1359 3235; x_wconf 81' lang='grc' dir='ltr'>πυρὸς</span> <span class='ocrx_word' id='word_1_470' title='bbox 1406 3165 1503 3234; x_wconf 80' lang='grc' dir='ltr'>τὴν</span> <span class='ocrx_word' id='word_1_471' title='bbox 1550 3164 1834 3236; x_wconf 74' lang='grc' dir='ltr'>ἐνέργειαν</span> <span class='ocrx_word' id='word_1_472' title='bbox 1859 3178 1903 3239; x_wconf 81' lang='lat' dir='ltr'>C</span> <span class='ocrx_word' id='word_1_473' title='bbox 1937 3191 1943 3219; x_wconf 71' lang='grc' dir='ltr'>ι</span> 
     </span>
    </p>
   </div>
   <div class='ocr_carea' id='block_1_63' title="bbox 1825 3164 3516 3241">
    <p class='ocr_par' dir='ltr' id='par_1_63' title="bbox 1825 3169 3516 3241">
     <span class='ocr_line' id='line_1_63' title="bbox 1825 3169 3516 3241; baseline 0.003 -17"><span class='ocrx_word' id='word_1_474' title='bbox 1825 3178 1903 3239; x_wconf 73' lang='grc' dir='ltr'>νο</span> <span class='ocrx_word' id='word_1_475' title='bbox 1937 3169 2232 3225; x_wconf 81' lang='lat' dir='ltr'><strong>eﬂicaciam</strong></span> <span class='ocrx_word' id='word_1_476' title='bbox 2262 3172 2547 3240; x_wconf 81' lang='lat' dir='ltr'><strong>inquirens</strong></span> <span class='ocrx_word' id='word_1_477' title='bbox 2578 3171 2774 3225; x_wconf 88' lang='lat' dir='ltr'><strong>beatus</strong></span> <span class='ocrx_word' id='word_1_478' title='bbox 2804 3171 2973 3227; x_wconf 90' lang='lat' dir='ltr'><strong>David</strong></span> <span class='ocrx_word' id='word_1_479' title='bbox 3007 3174 3177 3227; x_wconf 81' lang='lat' dir='ltr'><strong>dixit:</strong></span> <span class='ocrx_word' id='word_1_480' title='bbox 3210 3175 3380 3229; x_wconf 83' lang='lat' dir='ltr'><strong>I’roba</strong></span> <span class='ocrx_word' id='word_1_481' title='bbox 3414 3194 3516 3241; x_wconf 91' lang='lat' dir='ltr'>me,</span> 
     </span>
    </p>
   </div>
   <div class='ocr_carea' id='block_1_64' title="bbox 254 3255 1832 3331">
    <p class='ocr_par' dir='ltr' id='par_1_64' title="bbox 254 3255 1832 3331">
     <span class='ocr_line' id='line_1_64' title="bbox 254 3255 1832 3331; baseline -0.004 -17"><span class='ocrx_word' id='word_1_482' title='bbox 254 3262 440 3331; x_wconf 76' lang='grc' dir='ltr'>ζητῶν</span> <span class='ocrx_word' id='word_1_483' title='bbox 477 3262 505 3313; x_wconf 84' lang='grc' dir='ltr'>ό</span> <span class='ocrx_word' id='word_1_484' title='bbox 545 3260 815 3330; x_wconf 85' lang='grc' dir='ltr'>μακάριος</span> <span class='ocrx_word' id='word_1_485' title='bbox 866 3258 1031 3311; x_wconf 80' lang='grc' dir='ltr'>Δαὸὶδ</span> <span class='ocrx_word' id='word_1_486' title='bbox 1090 3256 1241 3325; x_wconf 71' lang='grc' dir='ltr'>ἔλεγε</span> <span class='ocrx_word' id='word_1_487' title='bbox 1266 3294 1281 3319; x_wconf 91' lang='grc'>,</span> <span class='ocrx_word' id='word_1_488' title='bbox 1332 3255 1673 3323; x_wconf 80' lang='grc' dir='ltr'>Δοκίμασόν</span> <span class='ocrx_word' id='word_1_489' title='bbox 1710 3270 1787 3322; x_wconf 84' lang='grc' dir='ltr'>με</span> <span class='ocrx_word' id='word_1_490' title='bbox 1816 3292 1832 3317; x_wconf 94' lang='grc'>,</span> 
     </span>
    </p>
   </div>
   <div class='ocr_carea' id='block_1_65' title="bbox 256 3346 1835 3421">
    <p class='ocr_par' dir='ltr' id='par_1_65' title="bbox 256 3346 1835 3421">
     <span class='ocr_line' id='line_1_65' title="bbox 256 3346 1835 3421; baseline -0.006 -14"><span class='ocrx_word' id='word_1_491' title='bbox 256 3355 456 3421; x_wconf 82' lang='grc' dir='ltr'>Κύριε,</span> <span class='ocrx_word' id='word_1_492' title='bbox 496 3350 594 3404; x_wconf 77' lang='grc' dir='ltr'>καὶ</span> <span class='ocrx_word' id='word_1_493' title='bbox 627 3348 922 3417; x_wconf 81' lang='grc' dir='ltr'>πείρασόν</span> <span class='ocrx_word' id='word_1_494' title='bbox 950 3364 1025 3417; x_wconf 80' lang='grc' dir='ltr'>με</span> <span class='ocrx_word' id='word_1_495' title='bbox 1054 3364 1067 3379; x_wconf 86' lang='grc'><strong>·</strong></span> <span class='ocrx_word' id='word_1_496' title='bbox 1092 3348 1377 3415; x_wconf 78' lang='grc' dir='ltr'>πύρωσον</span> <span class='ocrx_word' id='word_1_497' title='bbox 1408 3346 1551 3409; x_wconf 83' lang='grc' dir='ltr'>τοὺς</span> <span class='ocrx_word' id='word_1_498' title='bbox 1576 3346 1835 3413; x_wconf 72' lang='grc' dir='ltr'>νεφρούς</span> 
     </span>
    </p>
   </div>
   <div class='ocr_carea' id='block_1_66' title="bbox 254 3440 1113 3515">
    <p class='ocr_par' dir='ltr' id='par_1_66' title="bbox 254 3440 1113 3515">
     <span class='ocr_line' id='line_1_66' title="bbox 254 3440 1113 3515; baseline -0.003 -18"><span class='ocrx_word' id='word_1_499' title='bbox 254 3462 376 3515; x_wconf 79' lang='grc' dir='ltr'>μου</span> <span class='ocrx_word' id='word_1_500' title='bbox 407 3444 505 3496; x_wconf 77' lang='grc' dir='ltr'>καί</span> <span class='ocrx_word' id='word_1_501' title='bbox 539 3443 656 3509; x_wconf 82' lang='grc' dir='ltr'>τὴν</span> <span class='ocrx_word' id='word_1_502' title='bbox 687 3440 943 3509; x_wconf 81' lang='grc' dir='ltr'>καρδίαν</span> <span class='ocrx_word' id='word_1_503' title='bbox 965 3457 1113 3509; x_wconf 82' lang='grc' dir='ltr'>μου.</span> 
     </span>
    </p>
   </div>
   <div class='ocr_carea' id='block_1_67' title="bbox 335 3529 1837 3603">
    <p class='ocr_par' dir='ltr' id='par_1_67' title="bbox 335 3529 1837 3603">
     <span class='ocr_line' id='line_1_67' title="bbox 335 3529 1837 3603; baseline -0.005 -15"><span class='ocrx_word' id='word_1_504' title='bbox 335 3537 395 3588; x_wconf 87' lang='grc' dir='ltr'>ι’.</span> <span class='ocrx_word' id='word_1_505' title='bbox 419 3534 584 3585; x_wconf 83' lang='grc' dir='ltr'>Τοῦτο</span> <span class='ocrx_word' id='word_1_506' title='bbox 608 3535 668 3587; x_wconf 80' lang='grc' dir='ltr'>τὸ</span> <span class='ocrx_word' id='word_1_507' title='bbox 694 3534 804 3603; x_wconf 91' lang='grc' dir='ltr'>πῦρ</span> <span class='ocrx_word' id='word_1_508' title='bbox 830 3532 927 3602; x_wconf 82' lang='grc' dir='ltr'>τὴν</span> <span class='ocrx_word' id='word_1_509' title='bbox 958 3530 1185 3600; x_wconf 79' lang='grc' dir='ltr'>καρδίαν</span> <span class='ocrx_word' id='word_1_510' title='bbox 1208 3529 1427 3583; x_wconf 77' lang='grc' dir='ltr'>Κλεόπα</span> <span class='ocrx_word' id='word_1_511' title='bbox 1458 3529 1554 3581; x_wconf 71' lang='grc' dir='ltr'>καὶ</span> <span class='ocrx_word' id='word_1_512' title='bbox 1588 3532 1715 3592; x_wconf 77' lang='grc' dir='ltr'>τοὺς</span> <span class='ocrx_word' id='word_1_513' title='bbox 1741 3529 1837 3581; x_wconf 78' lang='grc' dir='ltr'>σὺν</span> 
     </span>
    </p>
   </div>
   <div class='ocr_carea' id='block_1_68' title="bbox 260 3620 1836 3695">
    <p class='ocr_par' dir='ltr' id='par_1_68' title="bbox 260 3620 1836 3695">
     <span class='ocr_line' id='line_1_68' title="bbox 260 3620 1836 3695; baseline -0.005 -14"><span class='ocrx_word' id='word_1_514' title='bbox 260 3624 415 3695; x_wconf 80' lang='grc' dir='ltr'>αὐτῷ</span> <span class='ocrx_word' id='word_1_515' title='bbox 453 3623 747 3695; x_wconf 72' lang='grc' dir='ltr'>ἐθέρμινε,</span> <span class='ocrx_word' id='word_1_516' title='bbox 792 3622 1080 3687; x_wconf 87' lang='grc' dir='ltr'>λαλοῦντος</span> <span class='ocrx_word' id='word_1_517' title='bbox 1123 3622 1218 3676; x_wconf 90' lang='grc' dir='ltr'>τοῦ</span> <span class='ocrx_word' id='word_1_518' title='bbox 1268 3622 1524 3692; x_wconf 85' lang='grc' dir='ltr'>Σωτῆρος</span> <span class='ocrx_word' id='word_1_519' title='bbox 1569 3620 1709 3691; x_wconf 85' lang='grc' dir='ltr'>μετά</span> <span class='ocrx_word' id='word_1_520' title='bbox 1736 3622 1836 3691; x_wconf 83' lang='grc' dir='ltr'>τὴν</span> 
     </span>
    </p>
   </div>
   <div class='ocr_carea' id='block_1_69' title="bbox 260 3711 1839 3783">
    <p class='ocr_par' dir='ltr' id='par_1_69' title="bbox 260 3711 1839 3783">
     <span class='ocr_line' id='line_1_69' title="bbox 260 3711 1839 3783; baseline -0.004 -11"><span class='ocrx_word' id='word_1_521' title='bbox 260 3718 581 3780; x_wconf 78' lang='grc' dir='ltr'>ἀνάστασιν,</span> <span class='ocrx_word' id='word_1_522' title='bbox 632 3714 756 3768; x_wconf 79' lang='grc' dir='ltr'>ὅθεν</span> <span class='ocrx_word' id='word_1_523' title='bbox 809 3714 903 3767; x_wconf 73' lang='grc' dir='ltr'>καὶ</span> <span class='ocrx_word' id='word_1_524' title='bbox 941 3713 1163 3783; x_wconf 87' lang='grc' dir='ltr'>ἀγγελοι</span> <span class='ocrx_word' id='word_1_525' title='bbox 1211 3712 1307 3768; x_wconf 72' lang='grc' dir='ltr'>καὶ</span> <span class='ocrx_word' id='word_1_526' title='bbox 1371 3712 1441 3765; x_wconf 81' lang='grc' dir='ltr'>τά</span> <span class='ocrx_word' id='word_1_527' title='bbox 1488 3711 1839 3781; x_wconf 83' lang='grc' dir='ltr'>λειτουργικὰ</span> 
     </span>
    </p>
   </div>
   <div class='ocr_carea' id='block_1_70' title="bbox 264 3803 1843 3878">
    <p class='ocr_par' dir='ltr' id='par_1_70' title="bbox 264 3803 1843 3878">
     <span class='ocr_line' id='line_1_70' title="bbox 264 3803 1843 3878; baseline -0.004 -17"><span class='ocrx_word' id='word_1_528' title='bbox 264 3808 554 3878; x_wconf 79' lang='grc' dir='ltr'>πνεύματα</span> <span class='ocrx_word' id='word_1_529' title='bbox 582 3805 771 3860; x_wconf 89' lang='grc' dir='ltr'>τούτου</span> <span class='ocrx_word' id='word_1_530' title='bbox 800 3805 895 3858; x_wconf 86' lang='grc' dir='ltr'>τοῦ</span> <span class='ocrx_word' id='word_1_531' title='bbox 959 3806 1128 3875; x_wconf 81' lang='grc' dir='ltr'>πυρὸς</span> <span class='ocrx_word' id='word_1_532' title='bbox 1159 3804 1259 3873; x_wconf 87' lang='grc' dir='ltr'>τῆς</span> <span class='ocrx_word' id='word_1_533' title='bbox 1289 3803 1673 3874; x_wconf 83' lang='grc' dir='ltr'>λαμπρότητος</span> <span class='ocrx_word' id='word_1_534' title='bbox 1716 3819 1843 3872; x_wconf 90' lang='grc' dir='ltr'>μετ-</span> 
     </span>
    </p>
   </div>
   <div class='ocr_carea' id='block_1_71' title="bbox 263 3890 1843 3965">
    <p class='ocr_par' dir='ltr' id='par_1_71' title="bbox 263 3890 1843 3965">
     <span class='ocr_line' id='line_1_71' title="bbox 263 3890 1843 3965; baseline -0.002 -17"><span class='ocrx_word' id='word_1_535' title='bbox 263 3898 477 3965; x_wconf 80' lang='grc' dir='ltr'>έχουσι,</span> <span class='ocrx_word' id='word_1_536' title='bbox 500 3894 645 3948; x_wconf 85' lang='grc' dir='ltr'>κατά</span> <span class='ocrx_word' id='word_1_537' title='bbox 677 3894 739 3946; x_wconf 85' lang='grc' dir='ltr'>τὸ</span> <span class='ocrx_word' id='word_1_538' title='bbox 760 3895 881 3963; x_wconf 83' lang='grc' dir='ltr'>είρη</span> <span class='ocrx_word' id='word_1_539' title='bbox 891 3894 1071 3962; x_wconf 86' lang='grc' dir='ltr'>μένον,</span> <span class='ocrx_word' id='word_1_540' title='bbox 1106 3894 1163 3945; x_wconf 85' lang='grc' dir='ltr'><em>Ὀ</em></span> <span class='ocrx_word' id='word_1_541' title='bbox 1184 3890 1370 3945; x_wconf 81' lang='grc' dir='ltr'>ποιῶν</span> <span class='ocrx_word' id='word_1_542' title='bbox 1391 3895 1531 3958; x_wconf 84' lang='grc' dir='ltr'>τοὺς</span> <span class='ocrx_word' id='word_1_543' title='bbox 1546 3892 1843 3961; x_wconf 75' lang='grc' dir='ltr'>ἀγγέλους</span> 
     </span>
    </p>
   </div>
   <div class='ocr_carea' id='block_1_72' title="bbox 260 3983 1843 4055">
    <p class='ocr_par' dir='ltr' id='par_1_72' title="bbox 260 3983 1843 4055">
     <span class='ocr_line' id='line_1_72' title="bbox 260 3983 1843 4055; baseline -0.003 -12"><span class='ocrx_word' id='word_1_544' title='bbox 260 3988 453 4043; x_wconf 84' lang='grc' dir='ltr'>αὑτοῦ</span> <span class='ocrx_word' id='word_1_545' title='bbox 501 3988 831 4055; x_wconf 74' lang='grc' dir='ltr'>πνεύματα,</span> <span class='ocrx_word' id='word_1_546' title='bbox 876 3985 977 4038; x_wconf 81' lang='grc' dir='ltr'>καί</span> <span class='ocrx_word' id='word_1_547' title='bbox 1032 3984 1175 4049; x_wconf 83' lang='grc' dir='ltr'>τοὺς</span> <span class='ocrx_word' id='word_1_548' title='bbox 1219 3984 1605 4053; x_wconf 55' lang='grc' dir='ltr'>λειτουργοὺς</span> <span class='ocrx_word' id='word_1_549' title='bbox 1652 3983 1843 4039; x_wconf 82' lang='grc' dir='ltr'>αὑτοῦ</span> 
     </span>
    </p>
   </div>
   <div class='ocr_carea' id='block_1_73' title="bbox 263 4076 1845 4149">
    <p class='ocr_par' dir='ltr' id='par_1_73' title="bbox 263 4076 1845 4149">
     <span class='ocr_line' id='line_1_73' title="bbox 263 4076 1845 4149; baseline -0.003 -14"><span class='ocrx_word' id='word_1_550' title='bbox 263 4080 389 4149; x_wconf 68' lang='grc' dir='ltr'>πῦρ</span> <span class='ocrx_word' id='word_1_551' title='bbox 422 4080 672 4149; x_wconf 58' lang='lat' dir='ltr'><strong>eum.</strong></span> <span class='ocrx_word' id='word_1_552' title='bbox 706 4077 876 4131; x_wconf 92' lang='grc' dir='ltr'>Τοῦτο</span> <span class='ocrx_word' id='word_1_553' title='bbox 906 4077 968 4129; x_wconf 80' lang='grc' dir='ltr'>τὸ</span> <span class='ocrx_word' id='word_1_554' title='bbox 998 4076 1109 4147; x_wconf 89' lang='grc' dir='ltr'>πῦρ</span> <span class='ocrx_word' id='word_1_555' title='bbox 1135 4077 1233 4147; x_wconf 77' lang='grc' dir='ltr'>τὴν</span> <span class='ocrx_word' id='word_1_556' title='bbox 1257 4078 1314 4129; x_wconf 82' lang='grc' dir='ltr'>ἐν</span> <span class='ocrx_word' id='word_1_557' title='bbox 1343 4077 1422 4147; x_wconf 85' lang='grc' dir='ltr'>τῷ</span> <span class='ocrx_word' id='word_1_558' title='bbox 1456 4076 1604 4130; x_wconf 62' lang='grc' dir='ltr'>ἔνδον</span> <span class='ocrx_word' id='word_1_559' title='bbox 1646 4078 1845 4146; x_wconf 80' lang='grc' dir='ltr'>ὀφθαλ-</span> 
     </span>
    </p>
   </div>
   <div class='ocr_carea' id='block_1_74' title="bbox 267 4168 1845 4242">
    <p class='ocr_par' dir='ltr' id='par_1_74' title="bbox 267 4168 1845 4242">
     <span class='ocr_line' id='line_1_74' title="bbox 267 4168 1845 4242; baseline -0.003 -16"><span class='ocrx_word' id='word_1_560' title='bbox 267 4172 359 4242; x_wconf 81' lang='grc' dir='ltr'>μῷ</span> <span class='ocrx_word' id='word_1_561' title='bbox 387 4172 542 4225; x_wconf 83' lang='grc' dir='ltr'>δοκὸν</span> <span class='ocrx_word' id='word_1_562' title='bbox 568 4172 886 4232; x_wconf 80' lang='grc' dir='ltr'>κατακαϊον,</span> <span class='ocrx_word' id='word_1_563' title='bbox 919 4168 1156 4240; x_wconf 78' lang='grc' dir='ltr'>καθαρὸν</span> <span class='ocrx_word' id='word_1_564' title='bbox 1187 4168 1280 4221; x_wconf 81' lang='grc' dir='ltr'>τὸν</span> <span class='ocrx_word' id='word_1_565' title='bbox 1308 4168 1433 4222; x_wconf 91' lang='grc' dir='ltr'>νοῦν</span> <span class='ocrx_word' id='word_1_566' title='bbox 1471 4170 1845 4239; x_wconf 74' lang='grc' dir='ltr'>ἀποκαθίστηο</span> 
     </span>
    </p>
   </div>
   <div class='ocr_carea' id='block_1_75' title="bbox 273 4259 1845 4332">
    <p class='ocr_par' dir='ltr' id='par_1_75' title="bbox 273 4259 1845 4332">
     <span class='ocr_line' id='line_1_75' title="bbox 273 4259 1845 4332; baseline -0.001 -16"><span class='ocrx_word' id='word_1_567' title='bbox 273 4281 384 4327; x_wconf 88' lang='grc' dir='ltr'>σιν,</span> <span class='ocrx_word' id='word_1_568' title='bbox 409 4263 499 4315; x_wconf 83' lang='grc' dir='ltr'>ἶνα</span> <span class='ocrx_word' id='word_1_569' title='bbox 521 4261 811 4316; x_wconf 78' lang='grc' dir='ltr'>ἀπολαϐὼν</span> <span class='ocrx_word' id='word_1_570' title='bbox 838 4260 901 4313; x_wconf 85' lang='grc' dir='ltr'>τὸ</span> <span class='ocrx_word' id='word_1_571' title='bbox 930 4260 1072 4315; x_wconf 85' lang='grc' dir='ltr'>κατὰ</span> <span class='ocrx_word' id='word_1_572' title='bbox 1093 4260 1253 4328; x_wconf 87' lang='grc' dir='ltr'>φύσιν</span> <span class='ocrx_word' id='word_1_573' title='bbox 1280 4259 1607 4330; x_wconf 81' lang='grc' dir='ltr'>διορατικὺν,</span> <span class='ocrx_word' id='word_1_574' title='bbox 1638 4262 1741 4332; x_wconf 75' lang='grc' dir='ltr'>ὁρᾷ</span> <span class='ocrx_word' id='word_1_575' title='bbox 1764 4264 1845 4325; x_wconf 84' lang='grc' dir='ltr'>είς</span> 
     </span>
    </p>
   </div>
   <div class='ocr_carea' id='block_1_76' title="bbox 262 4352 1844 4427">
    <p class='ocr_par' dir='ltr' id='par_1_76' title="bbox 262 4352 1844 4427">
     <span class='ocr_line' id='line_1_76' title="bbox 262 4352 1844 4427; baseline -0.002 -18"><span class='ocrx_word' id='word_1_576' title='bbox 262 4356 329 4409; x_wconf 81' lang='grc' dir='ltr'>τὸ</span> <span class='ocrx_word' id='word_1_577' title='bbox 356 4354 603 4425; x_wconf 70' lang='grc' dir='ltr'>διηνεκὲς</span> <span class='ocrx_word' id='word_1_578' title='bbox 634 4354 705 4407; x_wconf 87' lang='grc' dir='ltr'>τὰ</span> <span class='ocrx_word' id='word_1_579' title='bbox 726 4354 820 4407; x_wconf 86' lang='grc' dir='ltr'>τοῦ</span> <span class='ocrx_word' id='word_1_580' title='bbox 848 4352 985 4407; x_wconf 88' lang='grc' dir='ltr'>Θεοῦ</span> <span class='ocrx_word' id='word_1_581' title='bbox 1014 4352 1293 4422; x_wconf 91' lang='grc' dir='ltr'>θαυμάσια</span> <span class='ocrx_word' id='word_1_582' title='bbox 1312 4390 1327 4414; x_wconf 93' lang='grc'>,</span> <span class='ocrx_word' id='word_1_583' title='bbox 1350 4352 1507 4427; x_wconf 14' lang='grc' dir='ltr'>’κατὰ</span> <span class='ocrx_word' id='word_1_584' title='bbox 1530 4352 1621 4406; x_wconf 79' lang='grc' dir='ltr'>τὸν</span> <span class='ocrx_word' id='word_1_585' title='bbox 1658 4352 1844 4421; x_wconf 82' lang='grc' dir='ltr'>λέγον-</span> 
     </span>
    </p>
   </div>
   <div class='ocr_carea' id='block_1_77' title="bbox 262 4444 1847 4513">
    <p class='ocr_par' dir='ltr' id='par_1_77' title="bbox 262 4444 1847 4513">
     <span class='ocr_line' id='line_1_77' title="bbox 262 4444 1847 4513; baseline -0.003 -13"><span class='ocrx_word' id='word_1_586' title='bbox 262 4463 359 4510; x_wconf 90' lang='grc' dir='ltr'>τα,</span> <span class='ocrx_word' id='word_1_587' title='bbox 384 4446 812 4513; x_wconf 66' lang='grc' dir='ltr'>Ἀποκωυψον</span> <span class='ocrx_word' id='word_1_588' title='bbox 830 4444 975 4509; x_wconf 81' lang='grc' dir='ltr'>τοὺς</span> <span class='ocrx_word' id='word_1_589' title='bbox 992 4444 1343 4513; x_wconf 71' lang='grc' dir='ltr'>ὀφθαλμούς</span> <span class='ocrx_word' id='word_1_590' title='bbox 1364 4460 1508 4511; x_wconf 79' lang='grc' dir='ltr'>μου,</span> <span class='ocrx_word' id='word_1_591' title='bbox 1542 4444 1641 4498; x_wconf 77' lang='grc' dir='ltr'>καὶ</span> <span class='ocrx_word' id='word_1_592' title='bbox 1672 4460 1847 4498; x_wconf 87' lang='grc' dir='ltr'>κατα-</span> 
     </span>
    </p>
   </div>
   <div class='ocr_carea' id='block_1_78' title="bbox 1938 3262 3049 3324">
    <p class='ocr_par' dir='ltr' id='par_1_78' title="bbox 1938 3262 3049 3324">
     <span class='ocr_line' id='line_1_78' title="bbox 1938 3262 3049 3324; baseline 0.001 -7"><span class='ocrx_word' id='word_1_593' title='bbox 1938 3262 2192 3324; x_wconf 87' lang='lat' dir='ltr'><strong>Domine,</strong></span> <span class='ocrx_word' id='word_1_594' title='bbox 2253 3273 2301 3315; x_wconf 89' lang='lat' dir='ltr'><strong>et</strong></span> <span class='ocrx_word' id='word_1_595' title='bbox 2361 3271 2505 3316; x_wconf 88' lang='lat' dir='ltr'><strong>tenta</strong></span> <span class='ocrx_word' id='word_1_596' title='bbox 2559 3279 2659 3319; x_wconf 90' lang='lat' dir='ltr'><strong>me.</strong></span> <span class='ocrx_word' id='word_1_597' title='bbox 2736 3264 2835 3319; x_wconf 85' lang='lat' dir='ltr'>Ure</span> <span class='ocrx_word' id='word_1_598' title='bbox 2900 3281 3049 3319; x_wconf 74' lang='lat' dir='ltr'><strong>renes</strong></span> 
     </span>
    </p>
   </div>
   <div class='ocr_carea' id='block_1_79' title="bbox 1942 3356 2195 3407">
    <p class='ocr_par' dir='ltr' id='par_1_79' title="bbox 1942 3356 2195 3407">
     <span class='ocr_line' id='line_1_79' title="bbox 1942 3356 2195 3407; baseline -0.004 -1"><span class='ocrx_word' id='word_1_599' title='bbox 1942 3372 2113 3407; x_wconf 84' lang='lat' dir='ltr'><strong>meum</strong></span> <span class='ocrx_word' id='word_1_600' title='bbox 2130 3356 2195 3405; x_wconf 81' lang='grc' dir='ltr'>⁵ο.</span> 
     </span>
    </p>
   </div>
   <div class='ocr_carea' id='block_1_80' title="bbox 3112 3277 3522 3321">
    <p class='ocr_par' dir='ltr' id='par_1_80' title="bbox 3112 3277 3522 3321">
     <span class='ocr_line' id='line_1_80' title="bbox 3112 3277 3522 3321; baseline 0.007 -3"><span class='ocrx_word' id='word_1_601' title='bbox 3112 3282 3253 3321; x_wconf 71' lang='lat' dir='ltr'><strong>meo:</strong></span> <span class='ocrx_word' id='word_1_602' title='bbox 3319 3277 3369 3321; x_wconf 87' lang='lat' dir='ltr'><strong>et</strong></span> <span class='ocrx_word' id='word_1_603' title='bbox 3433 3285 3522 3321; x_wconf 88' lang='lat' dir='ltr'>cor</span> 
     </span>
    </p>
   </div>
   <div class='ocr_carea' id='block_1_81' title="bbox 2013 3530 3525 3604">
    <p class='ocr_par' dir='ltr' id='par_1_81' title="bbox 2013 3530 3525 3604">
     <span class='ocr_line' id='line_1_81' title="bbox 2013 3530 3525 3604; baseline 0.005 -20"><span class='ocrx_word' id='word_1_604' title='bbox 2013 3530 2078 3584; x_wconf 82' lang='lat' dir='ltr'>X.</span> <span class='ocrx_word' id='word_1_605' title='bbox 2110 3532 2210 3585; x_wconf 85' lang='lat' dir='ltr'><strong>llic</strong></span> <span class='ocrx_word' id='word_1_606' title='bbox 2241 3531 2380 3600; x_wconf 82' lang='lat' dir='ltr'><strong>ignis</strong></span> <span class='ocrx_word' id='word_1_607' title='bbox 2417 3546 2514 3585; x_wconf 91' lang='lat' dir='ltr'><strong>cor</strong></span> <span class='ocrx_word' id='word_1_608' title='bbox 2537 3530 2794 3601; x_wconf 64' lang='lat' dir='ltr'><strong>Cleopbaa</strong></span> <span class='ocrx_word' id='word_1_609' title='bbox 2841 3547 2906 3587; x_wconf 85' lang='lat' dir='ltr'><strong>ac</strong></span> <span class='ocrx_word' id='word_1_610' title='bbox 2952 3534 3088 3588; x_wconf 87' lang='lat' dir='ltr'><strong>socii</strong></span> <span class='ocrx_word' id='word_1_611' title='bbox 3133 3535 3254 3604; x_wconf 85' lang='lat' dir='ltr'><strong>ejus</strong></span> <span class='ocrx_word' id='word_1_612' title='bbox 3311 3534 3525 3591; x_wconf 86' lang='lat' dir='ltr'><strong>inﬂam-</strong></span> 
     </span>
    </p>
   </div>
   <div class='ocr_carea' id='block_1_82' title="bbox 1944 3622 3525 3696">
    <p class='ocr_par' dir='ltr' id='par_1_82' title="bbox 1944 3622 3525 3696">
     <span class='ocr_line' id='line_1_82' title="bbox 1944 3622 3525 3696; baseline 0.005 -22"><span class='ocrx_word' id='word_1_613' title='bbox 1944 3622 2147 3685; x_wconf 89' lang='lat' dir='ltr'><strong>mabat,</strong></span> <span class='ocrx_word' id='word_1_614' title='bbox 2170 3636 2295 3676; x_wconf 90' lang='lat' dir='ltr'><strong>cum</strong></span> <span class='ocrx_word' id='word_1_615' title='bbox 2335 3622 2658 3692; x_wconf 89' lang='lat' dir='ltr'><strong>loqueretur</strong></span> <span class='ocrx_word' id='word_1_616' title='bbox 2688 3623 2939 3678; x_wconf 87' lang='lat' dir='ltr'><strong>Salvator</strong></span> <span class='ocrx_word' id='word_1_617' title='bbox 2968 3639 3092 3679; x_wconf 90' lang='lat' dir='ltr'><strong>cum</strong></span> <span class='ocrx_word' id='word_1_618' title='bbox 3126 3625 3232 3679; x_wconf 88' lang='lat' dir='ltr'><strong>illis</strong></span> <span class='ocrx_word' id='word_1_619' title='bbox 3276 3636 3399 3696; x_wconf 90' lang='lat' dir='ltr'><strong>post</strong></span> <span class='ocrx_word' id='word_1_620' title='bbox 3442 3644 3525 3683; x_wconf 85' lang='lat' dir='ltr'>rc-</span> 
     </span>
    </p>
   </div>
   <div class='ocr_carea' id='block_1_83' title="bbox 1943 3714 3525 3785">
    <p class='ocr_par' dir='ltr' id='par_1_83' title="bbox 1943 3714 3525 3785">
     <span class='ocr_line' id='line_1_83' title="bbox 1943 3714 3525 3785; baseline 0.005 -18"><span class='ocrx_word' id='word_1_621' title='bbox 1943 3714 2365 3768; x_wconf 88' lang='lat' dir='ltr'><strong>surreclionem.</strong></span> <span class='ocrx_word' id='word_1_622' title='bbox 2385 3714 2541 3771; x_wconf 91' lang='lat' dir='ltr'><strong>Unde</strong></span> <span class='ocrx_word' id='word_1_623' title='bbox 2558 3730 2778 3784; x_wconf 92' lang='lat' dir='ltr'><strong>quoque</strong></span> <span class='ocrx_word' id='word_1_624' title='bbox 2794 3718 2973 3785; x_wconf 87' lang='lat' dir='ltr'><strong>angeli</strong></span> <span class='ocrx_word' id='word_1_625' title='bbox 2993 3725 3047 3771; x_wconf 92' lang='lat' dir='ltr'><strong>et</strong></span> <span class='ocrx_word' id='word_1_626' title='bbox 3069 3718 3525 3776; x_wconf 88' lang='lat' dir='ltr'><strong>administratorii</strong></span> 
     </span>
    </p>
   </div>
   <div class='ocr_carea' id='block_1_84' title="bbox 1944 3803 3527 3875">
    <p class='ocr_par' dir='ltr' id='par_1_84' title="bbox 1944 3803 3527 3875">
     <span class='ocr_line' id='line_1_84' title="bbox 1944 3803 3527 3875; baseline 0.006 -21"><span class='ocrx_word' id='word_1_627' title='bbox 1944 3803 2171 3872; x_wconf 88' lang='lat' dir='ltr'><strong>spiritus</strong></span> <span class='ocrx_word' id='word_1_628' title='bbox 2218 3804 2489 3871; x_wconf 75' lang='lat' dir='ltr'><strong>Splendidi</strong></span> <span class='ocrx_word' id='word_1_629' title='bbox 2540 3804 2705 3874; x_wconf 88' lang='lat' dir='ltr'><strong>hujus</strong></span> <span class='ocrx_word' id='word_1_630' title='bbox 2737 3804 2879 3874; x_wconf 92' lang='lat' dir='ltr'><strong>ignis</strong></span> <span class='ocrx_word' id='word_1_631' title='bbox 2923 3806 3219 3875; x_wconf 87' lang='lat' dir='ltr'><strong>participes</strong></span> <span class='ocrx_word' id='word_1_632' title='bbox 3248 3817 3400 3869; x_wconf 88' lang='lat' dir='ltr'><strong>sunt,</strong></span> <span class='ocrx_word' id='word_1_633' title='bbox 3437 3824 3527 3863; x_wconf 86' lang='lat' dir='ltr'>se-</span> 
     </span>
    </p>
   </div>
   <div class='ocr_carea' id='block_1_85' title="bbox 1945 3893 3527 3968">
    <p class='ocr_par' dir='ltr' id='par_1_85' title="bbox 1945 3893 3527 3968">
     <span class='ocr_line' id='line_1_85' title="bbox 1945 3893 3527 3968; baseline 0.004 -23"><span class='ocrx_word' id='word_1_634' title='bbox 1945 3893 2187 3947; x_wconf 90' lang='lat' dir='ltr'><strong>cundum</strong></span> <span class='ocrx_word' id='word_1_635' title='bbox 2219 3894 2273 3948; x_wconf 91' lang='lat' dir='ltr'><strong>id</strong></span> <span class='ocrx_word' id='word_1_636' title='bbox 2311 3894 2458 3963; x_wconf 89' lang='lat' dir='ltr'><strong>quod</strong></span> <span class='ocrx_word' id='word_1_637' title='bbox 2496 3894 2703 3948; x_wconf 90' lang='lat' dir='ltr'><strong>dictum</strong></span> <span class='ocrx_word' id='word_1_638' title='bbox 2730 3904 2847 3949; x_wconf 90' lang='lat' dir='ltr'><strong>est:</strong></span> <span class='ocrx_word' id='word_1_639' title='bbox 2882 3894 2985 3959; x_wconf 84' lang='lat' dir='ltr'>Qui</span> <span class='ocrx_word' id='word_1_640' title='bbox 3014 3897 3140 3964; x_wconf 81' lang='lat' dir='ltr'><strong>facit</strong></span> <span class='ocrx_word' id='word_1_641' title='bbox 3168 3897 3381 3966; x_wconf 77' lang='lat' dir='ltr'><strong>angelos</strong></span> <span class='ocrx_word' id='word_1_642' title='bbox 3411 3900 3527 3968; x_wconf 77' lang='lat' dir='ltr'><strong>ejus</strong></span> 
     </span>
    </p>
   </div>
   <div class='ocr_carea' id='block_1_86' title="bbox 1942 3985 3530 4056">
    <p class='ocr_par' dir='ltr' id='par_1_86' title="bbox 1942 3985 3530 4056">
     <span class='ocr_line' id='line_1_86' title="bbox 1942 3985 3530 4056; baseline 0.005 -19"><span class='ocrx_word' id='word_1_643' title='bbox 1942 3985 2189 4053; x_wconf 80' lang='lat' dir='ltr'><strong>spiritus,</strong></span> <span class='ocrx_word' id='word_1_644' title='bbox 2238 3993 2287 4038; x_wconf 88' lang='lat' dir='ltr'>et</span> <span class='ocrx_word' id='word_1_645' title='bbox 2324 3987 2591 4039; x_wconf 74' lang='lat' dir='ltr'><strong>ministros</strong></span> <span class='ocrx_word' id='word_1_646' title='bbox 2636 4001 2758 4040; x_wconf 79' lang='lat' dir='ltr'><strong>suos</strong></span> <span class='ocrx_word' id='word_1_647' title='bbox 2800 3988 2974 4056; x_wconf 87' lang='lat' dir='ltr'><strong>ignem</strong></span> <span class='ocrx_word' id='word_1_648' title='bbox 3020 3990 3293 4044; x_wconf 85' lang='lat' dir='ltr'><strong>ardentem</strong></span> <span class='ocrx_word' id='word_1_649' title='bbox 3326 3992 3394 4043; x_wconf 71' lang='grc' dir='ltr'>δι.</span> <span class='ocrx_word' id='word_1_650' title='bbox 3428 3990 3530 4047; x_wconf 86' lang='lat' dir='ltr'><strong>llic</strong></span> 
     </span>
    </p>
   </div>
   <div class='ocr_carea' id='block_1_87' title="bbox 1943 4076 3529 4150">
    <p class='ocr_par' dir='ltr' id='par_1_87' title="bbox 1943 4076 3529 4150">
     <span class='ocr_line' id='line_1_87' title="bbox 1943 4076 3529 4150; baseline 0.003 -19"><span class='ocrx_word' id='word_1_651' title='bbox 1943 4077 2108 4147; x_wconf 88' lang='lat' dir='ltr'><strong>ignis,</strong></span> <span class='ocrx_word' id='word_1_652' title='bbox 2146 4076 2357 4130; x_wconf 87' lang='lat' dir='ltr'><strong>trabem</strong></span> <span class='ocrx_word' id='word_1_653' title='bbox 2410 4076 2691 4131; x_wconf 91' lang='lat' dir='ltr'><strong>interioris</strong></span> <span class='ocrx_word' id='word_1_654' title='bbox 2740 4078 2884 4131; x_wconf 91' lang='lat' dir='ltr'><strong>oculi</strong></span> <span class='ocrx_word' id='word_1_655' title='bbox 2925 4092 3284 4143; x_wconf 85' lang='lat' dir='ltr'><strong>consumens,</strong></span> <span class='ocrx_word' id='word_1_656' title='bbox 3326 4097 3529 4150; x_wconf 87' lang='lat' dir='ltr'><strong>purum</strong></span> 
     </span>
    </p>
   </div>
   <div class='ocr_carea' id='block_1_88' title="bbox 1948 4169 3531 4237">
    <p class='ocr_par' dir='ltr' id='par_1_88' title="bbox 1948 4169 3531 4237">
     <span class='ocr_line' id='line_1_88' title="bbox 1948 4169 3531 4237; baseline 0.003 -14"><span class='ocrx_word' id='word_1_657' title='bbox 1948 4169 2129 4223; x_wconf 87' lang='lat' dir='ltr'><strong>reddit</strong></span> <span class='ocrx_word' id='word_1_658' title='bbox 2160 4169 2426 4232; x_wconf 89' lang='lat' dir='ltr'><strong>animum,</strong></span> <span class='ocrx_word' id='word_1_659' title='bbox 2461 4176 2540 4233; x_wconf 87' lang='lat' dir='ltr'>ut,</span> <span class='ocrx_word' id='word_1_660' title='bbox 2594 4176 2818 4237; x_wconf 87' lang='lat' dir='ltr'><strong>recepta</strong></span> <span class='ocrx_word' id='word_1_661' title='bbox 2865 4171 3101 4223; x_wconf 88' lang='lat' dir='ltr'><strong>naturali</strong></span> <span class='ocrx_word' id='word_1_662' title='bbox 3152 4170 3408 4227; x_wconf 81' lang='lat' dir='ltr'><strong>facultate</strong></span> <span class='ocrx_word' id='word_1_663' title='bbox 3445 4175 3531 4227; x_wconf 83' lang='lat' dir='ltr'>vi-</span> 
     </span>
    </p>
   </div>
   <div class='ocr_carea' id='block_1_89' title="bbox 1948 4259 3528 4330">
    <p class='ocr_par' dir='ltr' id='par_1_89' title="bbox 1948 4259 3528 4330">
     <span class='ocr_line' id='line_1_89' title="bbox 1948 4259 3528 4330; baseline 0.002 -15"><span class='ocrx_word' id='word_1_664' title='bbox 1948 4260 2136 4325; x_wconf 91' lang='lat' dir='ltr'><strong>dendi,</strong></span> <span class='ocrx_word' id='word_1_665' title='bbox 2159 4259 2461 4329; x_wconf 86' lang='lat' dir='ltr'><strong>conspiciat</strong></span> <span class='ocrx_word' id='word_1_666' title='bbox 2482 4268 2750 4328; x_wconf 89' lang='lat' dir='ltr'><strong>perpetuo</strong></span> <span class='ocrx_word' id='word_1_667' title='bbox 2778 4260 3051 4314; x_wconf 88' lang='lat' dir='ltr'><strong>mirabilia</strong></span> <span class='ocrx_word' id='word_1_668' title='bbox 3078 4261 3195 4325; x_wconf 89' lang='lat' dir='ltr'><strong>Dei,</strong></span> <span class='ocrx_word' id='word_1_669' title='bbox 3221 4263 3528 4330; x_wconf 83' lang='lat' dir='ltr'><strong>secundum</strong></span> 
     </span>
    </p>
   </div>
   <div class='ocr_carea' id='block_1_90' title="bbox 1946 4351 3529 4420">
    <p class='ocr_par' dir='ltr' id='par_1_90' title="bbox 1946 4351 3529 4420">
     <span class='ocr_line' id='line_1_90' title="bbox 1946 4351 3529 4420; baseline 0.002 -16"><span class='ocrx_word' id='word_1_670' title='bbox 1946 4366 2073 4405; x_wconf 90' lang='lat' dir='ltr'><strong>eum</strong></span> <span class='ocrx_word' id='word_1_671' title='bbox 2100 4352 2195 4420; x_wconf 93' lang='lat' dir='ltr'><strong>qui</strong></span> <span class='ocrx_word' id='word_1_672' title='bbox 2220 4352 2437 4420; x_wconf 85' lang='lat' dir='ltr'><strong>inquit:</strong></span> <span class='ocrx_word' id='word_1_673' title='bbox 2471 4351 2662 4405; x_wconf 78' lang='lat' dir='ltr'><strong>Revela</strong></span> <span class='ocrx_word' id='word_1_674' title='bbox 2700 4351 2875 4405; x_wconf 77' lang='lat' dir='ltr'><strong>oculos</strong></span> <span class='ocrx_word' id='word_1_675' title='bbox 2916 4368 3075 4415; x_wconf 80' lang='lat' dir='ltr'><strong>meos,</strong></span> <span class='ocrx_word' id='word_1_676' title='bbox 3101 4360 3151 4405; x_wconf 88' lang='lat' dir='ltr'><strong>et</strong></span> <span class='ocrx_word' id='word_1_677' title='bbox 3188 4356 3529 4407; x_wconf 76' lang='lat' dir='ltr'><strong>considerabo</strong></span> 
     </span>
    </p>
   </div>
   <div class='ocr_carea' id='block_1_91' title="bbox 1951 4442 3529 4514">
    <p class='ocr_par' dir='ltr' id='par_1_91' title="bbox 1951 4442 3529 4514">
     <span class='ocr_line' id='line_1_91' title="bbox 1951 4442 3529 4514; baseline 0.002 -18"><span class='ocrx_word' id='word_1_678' title='bbox 1951 4442 2218 4496; x_wconf 86' lang='lat' dir='ltr'><strong>mirabilia</strong></span> <span class='ocrx_word' id='word_1_679' title='bbox 2261 4444 2324 4495; x_wconf 80' lang='lat' dir='ltr'><strong>de</strong></span> <span class='ocrx_word' id='word_1_680' title='bbox 2369 4442 2480 4513; x_wconf 88' lang='lat' dir='ltr'><strong>lege</strong></span> <span class='ocrx_word' id='word_1_681' title='bbox 2514 4450 2607 4495; x_wconf 91' lang='lat' dir='ltr'>tua</span> <span class='ocrx_word' id='word_1_682' title='bbox 2625 4442 2689 4496; x_wconf 80' lang='lat'><strong>&quot;.</strong></span> <span class='ocrx_word' id='word_1_683' title='bbox 2717 4442 2817 4498; x_wconf 83' lang='lat' dir='ltr'><strong>llic</strong></span> <span class='ocrx_word' id='word_1_684' title='bbox 2842 4443 3025 4512; x_wconf 89' lang='lat' dir='ltr'><strong>itaque</strong></span> <span class='ocrx_word' id='word_1_685' title='bbox 3063 4444 3205 4513; x_wconf 89' lang='lat' dir='ltr'><strong>ignis</strong></span> <span class='ocrx_word' id='word_1_686' title='bbox 3235 4443 3383 4514; x_wconf 87' lang='lat' dir='ltr'><strong>fugat</strong></span> <span class='ocrx_word' id='word_1_687' title='bbox 3415 4446 3529 4499; x_wconf 63' lang='lat' dir='ltr'>d2-</span> 
     </span>
    </p>
   </div>
   <div class='ocr_carea' id='block_1_92' title="bbox 263 4503 1954 4605">
    <p class='ocr_par' dir='ltr' id='par_1_92' title="bbox 263 4503 1924 4605">
     <span class='ocr_line' id='line_1_92' title="bbox 263 4503 1924 4605; baseline -0.003 -12"><span class='ocrx_word' id='word_1_688' title='bbox 263 4503 471 4604; x_wconf 65' lang='grc' dir='ltr'>νοιίσω</span> <span class='ocrx_word' id='word_1_689' title='bbox 514 4539 588 4592; x_wconf 82' lang='grc' dir='ltr'>τὰ</span> <span class='ocrx_word' id='word_1_690' title='bbox 627 4503 930 4605; x_wconf 44' lang='grc' dir='ltr'>θαῦμάσια</span> <span class='ocrx_word' id='word_1_691' title='bbox 951 4503 966 4509; x_wconf 31' lang='grc'><em>⁷</em></span> <span class='ocrx_word' id='word_1_692' title='bbox 989 4503 1059 4589; x_wconf 70' lang='grc' dir='ltr'>ἐκ</span> <span class='ocrx_word' id='word_1_693' title='bbox 1100 4503 1209 4589; x_wconf 75' lang='grc' dir='ltr'>τοῦ</span> <span class='ocrx_word' id='word_1_694' title='bbox 1244 4503 1432 4603; x_wconf 58' lang='grc' dir='ltr'>νόᾷιόυ</span> <span class='ocrx_word' id='word_1_695' title='bbox 1487 4503 1627 4589; x_wconf 80' lang='grc' dir='ltr'>σου.</span> <span class='ocrx_word' id='word_1_696' title='bbox 1676 4535 1845 4589; x_wconf 92' lang='grc' dir='ltr'>Τοῦτο</span> <span class='ocrx_word' id='word_1_697' title='bbox 1877 4503 1924 4563; x_wconf 77' lang='lat' dir='ltr'><strong>D</strong></span> 
     </span>
    </p>
   </div>
   <div class='ocr_carea' id='block_1_93' title="bbox 1838 4503 3529 4605">
    <p class='ocr_par' dir='ltr' id='par_1_93' title="bbox 1838 4503 3529 4603">
     <span class='ocr_line' id='line_1_93' title="bbox 1838 4503 3529 4603; baseline 0.003 -15"><span class='ocrx_word' id='word_1_698' title='bbox 1838 4557 1845 4588; x_wconf 73' lang='grc' dir='ltr'>ι</span> <span class='ocrx_word' id='word_1_699' title='bbox 1877 4503 1924 4563; x_wconf 77' lang='lat' dir='ltr'>D</span> <span class='ocrx_word' id='word_1_700' title='bbox 1954 4548 2166 4598; x_wconf 90' lang='lat' dir='ltr'><strong>mones,</strong></span> <span class='ocrx_word' id='word_1_701' title='bbox 2198 4534 2342 4587; x_wconf 91' lang='lat' dir='ltr'><strong>tollit</strong></span> <span class='ocrx_word' id='word_1_702' title='bbox 2374 4543 2620 4603; x_wconf 89' lang='lat' dir='ltr'><strong>peccata,</strong></span> <span class='ocrx_word' id='word_1_703' title='bbox 2656 4534 3019 4588; x_wconf 84' lang='lat' dir='ltr'><strong>resuscitandi</strong></span> <span class='ocrx_word' id='word_1_704' title='bbox 3058 4536 3166 4587; x_wconf 87' lang='lat' dir='ltr'><strong>vim</strong></span> <span class='ocrx_word' id='word_1_705' title='bbox 3201 4536 3404 4600; x_wconf 82' lang='lat' dir='ltr'><strong>liabet;</strong></span> <span class='ocrx_word' id='word_1_706' title='bbox 3439 4537 3529 4593; x_wconf 88' lang='lat' dir='ltr'><strong>bic</strong></span> 
     </span>
    </p>
   </div>
   <div class='ocr_carea' id='block_1_94' title="bbox 264 4626 1846 4699">
    <p class='ocr_par' dir='ltr' id='par_1_94' title="bbox 264 4626 1846 4699">
     <span class='ocr_line' id='line_1_94' title="bbox 264 4626 1846 4699; baseline -0.002 -16"><span class='ocrx_word' id='word_1_707' title='bbox 264 4629 557 4699; x_wconf 78' lang='grc' dir='ltr'>τοιγαροῦν</span> <span class='ocrx_word' id='word_1_708' title='bbox 587 4628 649 4681; x_wconf 75' lang='grc' dir='ltr'>τὸ</span> <span class='ocrx_word' id='word_1_709' title='bbox 673 4627 785 4699; x_wconf 85' lang='grc' dir='ltr'>πῦρ</span> <span class='ocrx_word' id='word_1_710' title='bbox 808 4627 1080 4698; x_wconf 81' lang='grc' dir='ltr'>δαιμόνων</span> <span class='ocrx_word' id='word_1_711' title='bbox 1119 4627 1236 4679; x_wconf 81' lang='grc' dir='ltr'>ἐστὶ</span> <span class='ocrx_word' id='word_1_712' title='bbox 1272 4626 1725 4697; x_wconf 83' lang='grc' dir='ltr'>φυγαδευτήριον,</span> <span class='ocrx_word' id='word_1_713' title='bbox 1752 4628 1846 4680; x_wconf 81' lang='grc' dir='ltr'>καὶ</span> 
     </span>
    </p>
   </div>
   <div class='ocr_carea' id='block_1_95' title="bbox 264 4717 1845 4791">
    <p class='ocr_par' dir='ltr' id='par_1_95' title="bbox 264 4717 1845 4791">
     <span class='ocr_line' id='line_1_95' title="bbox 264 4717 1845 4791; baseline -0.001 -16"><span class='ocrx_word' id='word_1_714' title='bbox 264 4722 541 4791; x_wconf 80' lang='grc' dir='ltr'>ἁμαρτίας</span> <span class='ocrx_word' id='word_1_715' title='bbox 570 4719 934 4790; x_wconf 82' lang='grc' dir='ltr'>ἀναιρετικὸν,</span> <span class='ocrx_word' id='word_1_716' title='bbox 968 4720 1318 4780; x_wconf 81' lang='grc' dir='ltr'>ἀναστάσεως</span> <span class='ocrx_word' id='word_1_717' title='bbox 1360 4717 1417 4771; x_wconf 75' lang='grc' dir='ltr'>δέ</span> <span class='ocrx_word' id='word_1_718' title='bbox 1452 4717 1703 4788; x_wconf 91' lang='grc' dir='ltr'>δύναμις,</span> <span class='ocrx_word' id='word_1_719' title='bbox 1751 4721 1845 4773; x_wconf 80' lang='grc' dir='ltr'>καὶ</span> 
     </span>
    </p>
   </div>
   <div class='ocr_carea' id='block_1_96' title="bbox 266 4809 1845 4880">
    <p class='ocr_par' dir='ltr' id='par_1_96' title="bbox 266 4809 1845 4880">
     <span class='ocr_line' id='line_1_96' title="bbox 266 4809 1845 4880; baseline -0.002 -12"><span class='ocrx_word' id='word_1_720' title='bbox 266 4812 567 4874; x_wconf 76' lang='grc' dir='ltr'>ἀθανασίας</span> <span class='ocrx_word' id='word_1_721' title='bbox 602 4812 876 4880; x_wconf 78' lang='grc' dir='ltr'>ἐνέργεια,</span> <span class='ocrx_word' id='word_1_722' title='bbox 934 4809 1122 4879; x_wconf 79' lang='grc' dir='ltr'>ψυχῶν</span> <span class='ocrx_word' id='word_1_723' title='bbox 1172 4810 1345 4876; x_wconf 82' lang='grc' dir='ltr'>ἁγίων</span> <span class='ocrx_word' id='word_1_724' title='bbox 1397 4810 1716 4879; x_wconf 82' lang='grc' dir='ltr'>φωτισμὺς,</span> <span class='ocrx_word' id='word_1_725' title='bbox 1750 4813 1845 4865; x_wconf 80' lang='grc' dir='ltr'>καὶ</span> 
     </span>
    </p>
   </div>
   <div class='ocr_carea' id='block_1_97' title="bbox 265 4896 1846 4968">
    <p class='ocr_par' dir='ltr' id='par_1_97' title="bbox 265 4896 1846 4968">
     <span class='ocr_line' id='line_1_97' title="bbox 265 4896 1846 4968; baseline -0.001 -15"><span class='ocrx_word' id='word_1_726' title='bbox 265 4899 503 4967; x_wconf 82' lang='grc' dir='ltr'>λογικῶν</span> <span class='ocrx_word' id='word_1_727' title='bbox 541 4898 824 4968; x_wconf 83' lang='grc' dir='ltr'>δυνάμεων</span> <span class='ocrx_word' id='word_1_728' title='bbox 881 4896 1163 4960; x_wconf 84' lang='grc' dir='ltr'>σύστασις.</span> <span class='ocrx_word' id='word_1_729' title='bbox 1216 4896 1386 4949; x_wconf 88' lang='grc' dir='ltr'>Τοῦτο</span> <span class='ocrx_word' id='word_1_730' title='bbox 1436 4896 1498 4949; x_wconf 82' lang='grc' dir='ltr'>τὸ</span> <span class='ocrx_word' id='word_1_731' title='bbox 1532 4896 1643 4968; x_wconf 87' lang='grc' dir='ltr'>πῦρ</span> <span class='ocrx_word' id='word_1_732' title='bbox 1678 4899 1846 4964; x_wconf 81' lang='grc' dir='ltr'>εύξώ-</span> 
     </span>
    </p>
   </div>
   <div class='ocr_carea' id='block_1_98' title="bbox 267 4969 1843 5059">
    <p class='ocr_par' dir='ltr' id='par_1_98' title="bbox 267 4969 1843 5059">
     <span class='ocr_line' id='line_1_98' title="bbox 267 4969 1843 5059; baseline 0.001 -17"><span class='ocrx_word' id='word_1_733' title='bbox 267 4989 411 5059; x_wconf 89' lang='grc' dir='ltr'>μεθα</span> <span class='ocrx_word' id='word_1_734' title='bbox 449 4969 543 5041; x_wconf 72' lang='grc' dir='ltr'>καὶ</span> <span class='ocrx_word' id='word_1_735' title='bbox 594 4990 675 5050; x_wconf 86' lang='grc' dir='ltr'>είς</span> <span class='ocrx_word' id='word_1_736' title='bbox 703 4989 853 5057; x_wconf 77' lang='grc' dir='ltr'>ἡμᾶς</span> <span class='ocrx_word' id='word_1_737' title='bbox 907 4986 1132 5057; x_wconf 88' lang='grc' dir='ltr'>φθάσαι,</span> <span class='ocrx_word' id='word_1_738' title='bbox 1193 4986 1279 5039; x_wconf 75' lang='grc' dir='ltr'>ἵνα</span> <span class='ocrx_word' id='word_1_739' title='bbox 1327 4987 1559 5041; x_wconf 90' lang='grc' dir='ltr'>πάντοτε</span> <span class='ocrx_word' id='word_1_740' title='bbox 1605 4990 1664 5043; x_wconf 89' lang='grc' dir='ltr'>ἐν</span> <span class='ocrx_word' id='word_1_741' title='bbox 1705 4991 1843 5058; x_wconf 68' lang='grc' dir='ltr'>φωτὶ¹</span> 
     </span>
    </p>
   </div>
   <div class='ocr_carea' id='block_1_99' title="bbox 264 5078 1850 5153">
    <p class='ocr_par' dir='ltr' id='par_1_99' title="bbox 264 5078 1850 5153">
     <span class='ocr_line' id='line_1_99' title="bbox 264 5078 1850 5153; baseline 0.003 -21"><span class='ocrx_word' id='word_1_742' title='bbox 264 5080 728 5152; x_wconf 86' lang='grc' dir='ltr'>περιπατοῦντες,</span> <span class='ocrx_word' id='word_1_743' title='bbox 754 5079 1022 5151; x_wconf 81' lang='grc' dir='ltr'>μηδέποτε</span> <span class='ocrx_word' id='word_1_744' title='bbox 1040 5079 1142 5132; x_wconf 74' lang='grc' dir='ltr'>κᾶν</span> <span class='ocrx_word' id='word_1_745' title='bbox 1172 5079 1309 5150; x_wconf 83' lang='grc' dir='ltr'>πρὸς</span> <span class='ocrx_word' id='word_1_746' title='bbox 1336 5078 1511 5151; x_wconf 83' lang='grc' dir='ltr'>βραχὺ</span> <span class='ocrx_word' id='word_1_747' title='bbox 1533 5083 1850 5153; x_wconf 77' lang='grc' dir='ltr'>προσκόψω·</span> 
     </span>
    </p>
   </div>
   <div class='ocr_carea' id='block_1_100' title="bbox 268 5171 1849 5247">
    <p class='ocr_par' dir='ltr' id='par_1_100' title="bbox 268 5171 1849 5247">
     <span class='ocr_line' id='line_1_100' title="bbox 268 5171 1849 5247; baseline 0.003 -23"><span class='ocrx_word' id='word_1_748' title='bbox 268 5190 371 5240; x_wconf 85' lang='grc' dir='ltr'>μεν</span> <span class='ocrx_word' id='word_1_749' title='bbox 404 5172 543 5243; x_wconf 83' lang='grc' dir='ltr'>πρὸς</span> <span class='ocrx_word' id='word_1_750' title='bbox 572 5171 721 5224; x_wconf 83' lang='grc' dir='ltr'>λίθον</span> <span class='ocrx_word' id='word_1_751' title='bbox 750 5174 877 5236; x_wconf 83' lang='grc' dir='ltr'>τοὺς</span> <span class='ocrx_word' id='word_1_752' title='bbox 904 5172 1067 5236; x_wconf 89' lang='grc' dir='ltr'>πόδας</span> <span class='ocrx_word' id='word_1_753' title='bbox 1091 5173 1246 5245; x_wconf 77' lang='grc' dir='ltr'>ἡμῶν</span> <span class='ocrx_word' id='word_1_754' title='bbox 1266 5214 1281 5241; x_wconf 91' lang='grc'>,</span> <span class='ocrx_word' id='word_1_755' title='bbox 1314 5172 1427 5227; x_wconf 87' lang='grc' dir='ltr'>ἀλλ’</span> <span class='ocrx_word' id='word_1_756' title='bbox 1462 5174 1539 5237; x_wconf 83' lang='grc' dir='ltr'>ὡς</span> <span class='ocrx_word' id='word_1_757' title='bbox 1563 5179 1849 5247; x_wconf 80' lang='grc' dir='ltr'>φωστῆρες</span> 
     </span>
    </p>
   </div>
   <div class='ocr_carea' id='block_1_101' title="bbox 263 5266 1845 5337">
    <p class='ocr_par' dir='ltr' id='par_1_101' title="bbox 263 5266 1845 5337">
     <span class='ocr_line' id='line_1_101' title="bbox 263 5266 1845 5337; baseline 0.003 -19"><span class='ocrx_word' id='word_1_758' title='bbox 263 5269 327 5318; x_wconf 83' lang='grc' dir='ltr'>ἐν</span> <span class='ocrx_word' id='word_1_759' title='bbox 358 5266 550 5336; x_wconf 82' lang='grc' dir='ltr'>κόσμῳ</span> <span class='ocrx_word' id='word_1_760' title='bbox 580 5266 901 5337; x_wconf 86' lang='grc' dir='ltr'>φαινόμενοι</span> <span class='ocrx_word' id='word_1_761' title='bbox 928 5266 1087 5334; x_wconf 82' lang='grc' dir='ltr'>λόγον</span> <span class='ocrx_word' id='word_1_762' title='bbox 1121 5266 1269 5337; x_wconf 77' lang='grc' dir='ltr'>ζωῆς</span> <span class='ocrx_word' id='word_1_763' title='bbox 1314 5267 1601 5337; x_wconf 87' lang='grc' dir='ltr'>ἐπέχωμεν</span> <span class='ocrx_word' id='word_1_764' title='bbox 1635 5270 1807 5323; x_wconf 84' lang='grc' dir='ltr'>ἀϊδίου</span> <span class='ocrx_word' id='word_1_765' title='bbox 1832 5312 1845 5335; x_wconf 94' lang='grc'>,</span> 
     </span>
    </p>
   </div>
   <div class='ocr_carea' id='block_1_102' title="bbox 264 5358 1851 5432">
    <p class='ocr_par' dir='ltr' id='par_1_102' title="bbox 264 5358 1851 5432">
     <span class='ocr_line' id='line_1_102' title="bbox 264 5358 1851 5432; baseline 0.003 -21"><span class='ocrx_word' id='word_1_766' title='bbox 264 5359 356 5411; x_wconf 77' lang='grc' dir='ltr'>ἵνα</span> <span class='ocrx_word' id='word_1_767' title='bbox 384 5358 749 5423; x_wconf 85' lang='grc' dir='ltr'>ἀπολαύοντες</span> <span class='ocrx_word' id='word_1_768' title='bbox 789 5360 846 5411; x_wconf 91' lang='grc' dir='ltr'>ἐν</span> <span class='ocrx_word' id='word_1_769' title='bbox 885 5362 997 5423; x_wconf 86' lang='grc' dir='ltr'>τοῖς</span> <span class='ocrx_word' id='word_1_770' title='bbox 1025 5360 1252 5427; x_wconf 78' lang='grc' dir='ltr'>ἀγαθοῖς</span> <span class='ocrx_word' id='word_1_771' title='bbox 1292 5358 1385 5413; x_wconf 93' lang='grc' dir='ltr'>τοῦ</span> <span class='ocrx_word' id='word_1_772' title='bbox 1422 5359 1594 5424; x_wconf 85' lang='grc' dir='ltr'>Θεοῦ,</span> <span class='ocrx_word' id='word_1_773' title='bbox 1639 5362 1736 5415; x_wconf 86' lang='grc' dir='ltr'>σὺν</span> <span class='ocrx_word' id='word_1_774' title='bbox 1774 5362 1851 5432; x_wconf 84' lang='grc' dir='ltr'>τῷ</span> 
     </span>
    </p>
   </div>
   <div class='ocr_carea' id='block_1_103' title="bbox 264 5448 1847 5525">
    <p class='ocr_par' dir='ltr' id='par_1_103' title="bbox 264 5448 1847 5525">
     <span class='ocr_line' id='line_1_103' title="bbox 264 5448 1847 5525; baseline 0.003 -21"><span class='ocrx_word' id='word_1_775' title='bbox 264 5450 459 5520; x_wconf 84' lang='grc' dir='ltr'>Κυρίῳ</span> <span class='ocrx_word' id='word_1_776' title='bbox 489 5449 939 5521; x_wconf 87' lang='grc' dir='ltr'>ἀναπαυσώμεθα</span> <span class='ocrx_word' id='word_1_777' title='bbox 978 5453 1035 5504; x_wconf 86' lang='grc' dir='ltr'>ἐν</span> <span class='ocrx_word' id='word_1_778' title='bbox 1067 5450 1204 5521; x_wconf 81' lang='grc' dir='ltr'>ζωῇ,</span> <span class='ocrx_word' id='word_1_779' title='bbox 1236 5448 1551 5515; x_wconf 74' lang='grc' dir='ltr'>δοξάζοντες</span> <span class='ocrx_word' id='word_1_780' title='bbox 1579 5454 1814 5525; x_wconf 64' lang='grc' dir='ltr'>,Πατέρα</span> <span class='ocrx_word' id='word_1_781' title='bbox 1834 5496 1847 5517; x_wconf 82' lang='grc'>,</span> 
     </span>
    </p>
   </div>
   <div class='ocr_carea' id='block_1_104' title="bbox 1950 4626 3531 4695">
    <p class='ocr_par' dir='ltr' id='par_1_104' title="bbox 1950 4626 3531 4695">
     <span class='ocr_line' id='line_1_104' title="bbox 1950 4626 3531 4695; baseline 0.003 -16"><span class='ocrx_word' id='word_1_782' title='bbox 1950 4626 2421 4679; x_wconf 87' lang='lat' dir='ltr'><strong>immortalitatem</strong></span> <span class='ocrx_word' id='word_1_783' title='bbox 2469 4635 2752 4695; x_wconf 86' lang='lat' dir='ltr'><strong>operatur,</strong></span> <span class='ocrx_word' id='word_1_784' title='bbox 2799 4635 3016 4680; x_wconf 83' lang='lat' dir='ltr'><strong>sanctas</strong></span> <span class='ocrx_word' id='word_1_785' title='bbox 3065 4627 3272 4681; x_wconf 88' lang='lat' dir='ltr'><strong>animas</strong></span> <span class='ocrx_word' id='word_1_786' title='bbox 3322 4628 3531 4683; x_wconf 87' lang='lat' dir='ltr'><strong>illumi-</strong></span> 
     </span>
    </p>
   </div>
   <div class='ocr_carea' id='block_1_105' title="bbox 1948 4715 3529 4789">
    <p class='ocr_par' dir='ltr' id='par_1_105' title="bbox 1948 4715 3529 4789">
     <span class='ocr_line' id='line_1_105' title="bbox 1948 4715 3529 4789; baseline 0.003 -20"><span class='ocrx_word' id='word_1_787' title='bbox 1948 4724 2063 4780; x_wconf 91' lang='lat' dir='ltr'><strong>nat,</strong></span> <span class='ocrx_word' id='word_1_788' title='bbox 2110 4724 2165 4769; x_wconf 93' lang='lat' dir='ltr'><strong>et</strong></span> <span class='ocrx_word' id='word_1_789' title='bbox 2216 4715 2504 4770; x_wconf 90' lang='lat' dir='ltr'><strong>facultates</strong></span> <span class='ocrx_word' id='word_1_790' title='bbox 2559 4716 2853 4771; x_wconf 88' lang='lat' dir='ltr'><strong>rationales</strong></span> <span class='ocrx_word' id='word_1_791' title='bbox 2892 4715 3092 4771; x_wconf 84' lang='lat' dir='ltr'><strong>firmat.</strong></span> <span class='ocrx_word' id='word_1_792' title='bbox 3144 4715 3299 4772; x_wconf 93' lang='lat' dir='ltr'><strong>llunc</strong></span> <span class='ocrx_word' id='word_1_793' title='bbox 3347 4720 3529 4789; x_wconf 88' lang='lat' dir='ltr'><strong>ignem</strong></span> 
     </span>
    </p>
   </div>
   <div class='ocr_carea' id='block_1_106' title="bbox 1950 4810 3534 4881">
    <p class='ocr_par' dir='ltr' id='par_1_106' title="bbox 1950 4810 3534 4881">
     <span class='ocr_line' id='line_1_106' title="bbox 1950 4810 3534 4881; baseline 0.003 -16"><span class='ocrx_word' id='word_1_794' title='bbox 1950 4810 2305 4866; x_wconf 84' lang='lat' dir='ltr'><strong>Obsecremus</strong></span> <span class='ocrx_word' id='word_1_795' title='bbox 2331 4810 2397 4865; x_wconf 86' lang='lat' dir='ltr'>ad</span> <span class='ocrx_word' id='word_1_796' title='bbox 2430 4825 2530 4864; x_wconf 91' lang='lat' dir='ltr'><strong>nos</strong></span> <span class='ocrx_word' id='word_1_797' title='bbox 2557 4825 2776 4879; x_wconf 91' lang='lat' dir='ltr'><strong>quoque</strong></span> <span class='ocrx_word' id='word_1_798' title='bbox 2804 4812 3115 4880; x_wconf 88' lang='lat' dir='ltr'><strong>pervenire,</strong></span> <span class='ocrx_word' id='word_1_799' title='bbox 3147 4821 3227 4876; x_wconf 89' lang='lat' dir='ltr'><strong>ut,</strong></span> <span class='ocrx_word' id='word_1_800' title='bbox 3265 4822 3534 4881; x_wconf 88' lang='lat' dir='ltr'><strong>perpetuo</strong></span> 
     </span>
    </p>
   </div>
   <div class='ocr_carea' id='block_1_107' title="bbox 1950 4900 3530 4971">
    <p class='ocr_par' dir='ltr' id='par_1_107' title="bbox 1950 4900 3530 4971">
     <span class='ocr_line' id='line_1_107' title="bbox 1950 4900 3530 4971; baseline 0.003 -18"><span class='ocrx_word' id='word_1_801' title='bbox 1950 4900 2005 4954; x_wconf 88' lang='lat' dir='ltr'>in</span> <span class='ocrx_word' id='word_1_802' title='bbox 2040 4902 2249 4956; x_wconf 89' lang='lat' dir='ltr'><strong>lumine</strong></span> <span class='ocrx_word' id='word_1_803' title='bbox 2293 4901 2660 4963; x_wconf 87' lang='lat' dir='ltr'><strong>ambulantes,</strong></span> <span class='ocrx_word' id='word_1_804' title='bbox 2706 4916 2991 4970; x_wconf 87' lang='lat' dir='ltr'><strong>nunquam</strong></span> <span class='ocrx_word' id='word_1_805' title='bbox 3035 4902 3119 4955; x_wconf 89' lang='lat' dir='ltr'>vel</span> <span class='ocrx_word' id='word_1_806' title='bbox 3151 4902 3415 4971; x_wconf 89' lang='lat' dir='ltr'><strong>tantisper</strong></span> <span class='ocrx_word' id='word_1_807' title='bbox 3447 4905 3530 4958; x_wconf 88' lang='lat' dir='ltr'><strong>of-</strong></span> 
     </span>
    </p>
   </div>
   <div class='ocr_carea' id='block_1_108' title="bbox 1956 4992 3534 5063">
    <p class='ocr_par' dir='ltr' id='par_1_108' title="bbox 1956 4992 3534 5063">
     <span class='ocr_line' id='line_1_108' title="bbox 1956 4992 3534 5063; baseline 0.003 -16"><span class='ocrx_word' id='word_1_808' title='bbox 1956 4992 2243 5049; x_wconf 88' lang='lat' dir='ltr'><strong>fendamus</strong></span> <span class='ocrx_word' id='word_1_809' title='bbox 2280 4994 2345 5049; x_wconf 90' lang='lat' dir='ltr'>ad</span> <span class='ocrx_word' id='word_1_810' title='bbox 2386 4994 2622 5063; x_wconf 90' lang='lat' dir='ltr'><strong>lapidem</strong></span> <span class='ocrx_word' id='word_1_811' title='bbox 2653 4994 2821 5063; x_wconf 86' lang='lat' dir='ltr'><strong>pedes</strong></span> <span class='ocrx_word' id='word_1_812' title='bbox 2866 5005 3105 5054; x_wconf 87' lang='lat' dir='ltr'><strong>nostros.</strong></span> <span class='ocrx_word' id='word_1_813' title='bbox 3135 4994 3227 5049; x_wconf 86' lang='lat' dir='ltr'><strong>sed</strong></span> <span class='ocrx_word' id='word_1_814' title='bbox 3265 4996 3415 5050; x_wconf 90' lang='lat' dir='ltr'><strong>velut</strong></span> <span class='ocrx_word' id='word_1_815' title='bbox 3450 4998 3534 5051; x_wconf 91' lang='lat' dir='ltr'><strong>lu-</strong></span> 
     </span>
    </p>
   </div>
   <div class='ocr_carea' id='block_1_109' title="bbox 1952 5084 3532 5154">
    <p class='ocr_par' dir='ltr' id='par_1_109' title="bbox 1952 5084 3532 5154">
     <span class='ocr_line' id='line_1_109' title="bbox 1952 5084 3532 5154; baseline 0.003 -15"><span class='ocrx_word' id='word_1_816' title='bbox 1952 5086 2186 5140; x_wconf 88' lang='lat' dir='ltr'><strong>minaria</strong></span> <span class='ocrx_word' id='word_1_817' title='bbox 2214 5086 2267 5139; x_wconf 91' lang='lat' dir='ltr'><strong>in</strong></span> <span class='ocrx_word' id='word_1_818' title='bbox 2294 5084 2500 5139; x_wconf 88' lang='lat' dir='ltr'><strong>mundo</strong></span> <span class='ocrx_word' id='word_1_819' title='bbox 2531 5086 2871 5154; x_wconf 88' lang='lat' dir='ltr'><strong>apparentia,</strong></span> <span class='ocrx_word' id='word_1_820' title='bbox 2900 5086 3131 5139; x_wconf 89' lang='lat' dir='ltr'><strong>verbum</strong></span> <span class='ocrx_word' id='word_1_821' title='bbox 3162 5096 3381 5141; x_wconf 63' lang='lat' dir='ltr'><strong>aeternae</strong></span> <span class='ocrx_word' id='word_1_822' title='bbox 3403 5088 3532 5144; x_wconf 65' lang='lat' dir='ltr'><strong>vitae</strong></span> 
     </span>
    </p>
   </div>
   <div class='ocr_carea' id='block_1_110' title="bbox 1952 5176 3531 5242">
    <p class='ocr_par' dir='ltr' id='par_1_110' title="bbox 1952 5176 3531 5242">
     <span class='ocr_line' id='line_1_110' title="bbox 1952 5176 3531 5242; baseline 0.003 -12"><span class='ocrx_word' id='word_1_823' title='bbox 1952 5178 2307 5242; x_wconf 89' lang='lat' dir='ltr'><strong>retineamus,</strong></span> <span class='ocrx_word' id='word_1_824' title='bbox 2332 5177 2589 5239; x_wconf 88' lang='lat' dir='ltr'><strong>ut,bonis</strong></span> <span class='ocrx_word' id='word_1_825' title='bbox 2623 5177 2825 5231; x_wconf 90' lang='lat' dir='ltr'><strong>divinis</strong></span> <span class='ocrx_word' id='word_1_826' title='bbox 2856 5176 3119 5239; x_wconf 89' lang='lat' dir='ltr'><strong>fruentes,</strong></span> <span class='ocrx_word' id='word_1_827' title='bbox 3140 5193 3266 5232; x_wconf 90' lang='lat' dir='ltr'><strong>cum</strong></span> <span class='ocrx_word' id='word_1_828' title='bbox 3298 5179 3531 5234; x_wconf 87' lang='lat' dir='ltr'><strong>Domino</strong></span> 
     </span>
    </p>
   </div>
   <div class='ocr_carea' id='block_1_111' title="bbox 1952 5268 3531 5339">
    <p class='ocr_par' dir='ltr' id='par_1_111' title="bbox 1952 5268 3531 5339">
     <span class='ocr_line' id='line_1_111' title="bbox 1952 5268 3531 5339; baseline 0.002 -16"><span class='ocrx_word' id='word_1_829' title='bbox 1952 5270 2006 5323; x_wconf 92' lang='lat' dir='ltr'><strong>in</strong></span> <span class='ocrx_word' id='word_1_830' title='bbox 2050 5270 2160 5324; x_wconf 89' lang='lat' dir='ltr'><strong>vita</strong></span> <span class='ocrx_word' id='word_1_831' title='bbox 2200 5270 2630 5339; x_wconf 88' lang='lat' dir='ltr'><strong>requiescamus,</strong></span> <span class='ocrx_word' id='word_1_832' title='bbox 2658 5268 3028 5339; x_wconf 78' lang='lat' dir='ltr'><strong>glorificantes</strong></span> <span class='ocrx_word' id='word_1_833' title='bbox 3068 5270 3307 5330; x_wconf 80' lang='lat' dir='ltr'><strong>Patrem.</strong></span> <span class='ocrx_word' id='word_1_834' title='bbox 3340 5280 3397 5325; x_wconf 90' lang='lat' dir='ltr'>et</span> <span class='ocrx_word' id='word_1_835' title='bbox 3440 5272 3531 5326; x_wconf 86' lang='lat' dir='ltr'><strong>Fi-</strong></span> 
     </span>
    </p>
   </div>
   <div class='ocr_carea' id='block_1_112' title="bbox 1952 5356 3532 5428">
    <p class='ocr_par' dir='ltr' id='par_1_112' title="bbox 1952 5356 3532 5428">
     <span class='ocr_line' id='line_1_112' title="bbox 1952 5356 3532 5428; baseline -0.001 -15"><span class='ocrx_word' id='word_1_836' title='bbox 1952 5360 2125 5423; x_wconf 91' lang='lat' dir='ltr'><strong>lium,</strong></span> <span class='ocrx_word' id='word_1_837' title='bbox 2169 5369 2224 5412; x_wconf 91' lang='lat' dir='ltr'><strong>et</strong></span> <span class='ocrx_word' id='word_1_838' title='bbox 2278 5358 2545 5428; x_wconf 91' lang='lat' dir='ltr'><strong>Spiritum</strong></span> <span class='ocrx_word' id='word_1_839' title='bbox 2601 5365 2849 5412; x_wconf 89' lang='lat' dir='ltr'><strong>sanctum</strong></span> <span class='ocrx_word' id='word_1_840' title='bbox 2878 5396 2893 5422; x_wconf 96' lang='lat'><strong>,</strong></span> <span class='ocrx_word' id='word_1_841' title='bbox 2962 5356 3050 5411; x_wconf 88' lang='lat' dir='ltr'><strong>cui</strong></span> <span class='ocrx_word' id='word_1_842' title='bbox 3094 5356 3269 5426; x_wconf 87' lang='lat' dir='ltr'><strong>gloria</strong></span> <span class='ocrx_word' id='word_1_843' title='bbox 3323 5356 3378 5411; x_wconf 92' lang='lat' dir='ltr'><strong>in</strong></span> <span class='ocrx_word' id='word_1_844' title='bbox 3426 5372 3532 5412; x_wconf 43' lang='lat' dir='ltr'>sm.</span> 
     </span>
    </p>
   </div>
   <div class='ocr_carea' id='block_1_113' title="bbox 1952 5451 2333 5506">
    <p class='ocr_par' dir='ltr' id='par_1_113' title="bbox 1952 5451 2333 5506">
     <span class='ocr_line' id='line_1_113' title="bbox 1952 5451 2333 5506; baseline -0.005 0"><span class='ocrx_word' id='word_1_845' title='bbox 1952 5452 2093 5506; x_wconf 79' lang='lat' dir='ltr'><strong>culu.</strong></span> <span class='ocrx_word' id='word_1_846' title='bbox 2139 5451 2333 5505; x_wconf 79' lang='lat' dir='ltr'><strong>Amen.</strong></span> 
     </span>
    </p>
   </div>
   <div class='ocr_carea' id='block_1_114' title="bbox 263 5534 2214 5627">
    <p class='ocr_par' dir='ltr' id='par_1_114' title="bbox 263 5534 2214 5627">
     <span class='ocr_line' id='line_1_114' title="bbox 263 5534 2214 5627; baseline -0.003 -31"><span class='ocrx_word' id='word_1_847' title='bbox 263 5542 364 5596; x_wconf 75' lang='grc' dir='ltr'>καὶ</span> <span class='ocrx_word' id='word_1_848' title='bbox 392 5541 542 5607; x_wconf 85' lang='grc' dir='ltr'>Υίὸν,</span> <span class='ocrx_word' id='word_1_849' title='bbox 595 5543 691 5595; x_wconf 67' lang='grc' dir='ltr'>καὶ⁵</span> <span class='ocrx_word' id='word_1_850' title='bbox 716 5541 875 5609; x_wconf 74' lang='grc' dir='ltr'>ἅγιον</span> <span class='ocrx_word' id='word_1_851' title='bbox 921 5540 1146 5627; x_wconf 85' lang='grc' dir='ltr'>Πνεῦμα</span> <span class='ocrx_word' id='word_1_852' title='bbox 1195 5534 1239 5609; x_wconf 84' lang='grc' dir='ltr'>ᾧ</span> <span class='ocrx_word' id='word_1_853' title='bbox 1272 5540 1447 5611; x_wconf 77' lang='grc' dir='ltr'>ὴδόξα</span> <span class='ocrx_word' id='word_1_854' title='bbox 1495 5543 1574 5605; x_wconf 83' lang='grc' dir='ltr'>είς</span> <span class='ocrx_word' id='word_1_855' title='bbox 1594 5542 1718 5606; x_wconf 85' lang='grc' dir='ltr'>τοὺς</span> <span class='ocrx_word' id='word_1_856' title='bbox 1746 5544 1970 5605; x_wconf 74' lang='grc' dir='ltr'>αἰῶνας,</span> <span class='ocrx_word' id='word_1_857' title='bbox 2019 5541 2214 5611; x_wconf 83' lang='grc' dir='ltr'>Ἀμήν.</span> 
     </span>
    </p>
   </div>
   <div class='ocr_carea' id='block_1_115' title="bbox 366 5675 1300 5739">
    <p class='ocr_par' dir='ltr' id='par_1_115' title="bbox 366 5675 1300 5739">
     <span class='ocr_line' id='line_1_115' title="bbox 366 5675 1300 5739; baseline 0 -9"><span class='ocrx_word' id='word_1_858' title='bbox 366 5676 410 5707; x_wconf 69' lang='grc'>⁵³</span> <span class='ocrx_word' id='word_1_859' title='bbox 440 5677 571 5731; x_wconf 89' lang='lat' dir='ltr'><strong>Luc.</strong></span> <span class='ocrx_word' id='word_1_860' title='bbox 602 5693 655 5739; x_wconf 85' lang='lat' dir='ltr'>x,</span> <span class='ocrx_word' id='word_1_861' title='bbox 680 5676 769 5731; x_wconf 66' lang='grc'>42.</span> <span class='ocrx_word' id='word_1_862' title='bbox 846 5676 891 5708; x_wconf 75' lang='grc'>⁸⁸</span> <span class='ocrx_word' id='word_1_863' title='bbox 924 5675 1056 5729; x_wconf 85' lang='lat' dir='ltr'><strong>Luc.</strong></span> <span class='ocrx_word' id='word_1_864' title='bbox 1085 5693 1179 5737; x_wconf 82' lang='lat' dir='ltr'><strong>xu,</strong></span> <span class='ocrx_word' id='word_1_865' title='bbox 1214 5676 1300 5730; x_wconf 71' lang='lat' dir='ltr'>l9.</span> 
     </span>
    </p>
   </div>
   <div class='ocr_carea' id='block_1_116' title="bbox 267 5746 1363 5816">
    <p class='ocr_par' dir='ltr' id='par_1_116' title="bbox 267 5746 1363 5816">
     <span class='ocr_line' id='line_1_116' title="bbox 267 5746 1363 5816; baseline 0.002 -17"><span class='ocrx_word' id='word_1_866' title='bbox 267 5749 314 5777; x_wconf 78' lang='lat'><strong>&quot;</strong></span> <span class='ocrx_word' id='word_1_867' title='bbox 344 5748 463 5800; x_wconf 83' lang='lat' dir='ltr'><strong>Act.</strong></span> <span class='ocrx_word' id='word_1_868' title='bbox 508 5763 581 5808; x_wconf 76' lang='grc' dir='ltr'>ιιι,</span> <span class='ocrx_word' id='word_1_869' title='bbox 610 5746 648 5799; x_wconf 78' lang='lat'>‘5</span> <span class='ocrx_word' id='word_1_870' title='bbox 678 5762 794 5816; x_wconf 84' lang='lat' dir='ltr'><strong>seq.</strong></span> <span class='ocrx_word' id='word_1_871' title='bbox 924 5746 967 5775; x_wconf 80' lang='lat'><strong>&quot;‘</strong></span> <span class='ocrx_word' id='word_1_872' title='bbox 1001 5746 1170 5800; x_wconf 85' lang='lat' dir='ltr'><strong>Exod.</strong></span> <span class='ocrx_word' id='word_1_873' title='bbox 1201 5763 1278 5811; x_wconf 87' lang='grc' dir='ltr'>ιιι,</span> <span class='ocrx_word' id='word_1_874' title='bbox 1310 5748 1363 5802; x_wconf 78' lang='grc'>2.</span> 
     </span>
    </p>
   </div>
   <div class='ocr_carea' id='block_1_117' title="bbox 266 5816 1471 5883">
    <p class='ocr_par' dir='ltr' id='par_1_117' title="bbox 266 5816 1471 5883">
     <span class='ocr_line' id='line_1_117' title="bbox 266 5816 1471 5883; baseline -0.003 -8"><span class='ocrx_word' id='word_1_875' title='bbox 266 5832 380 5883; x_wconf 71' lang='grc' dir='ltr'>ειν,</span> <span class='ocrx_word' id='word_1_876' title='bbox 408 5817 480 5883; x_wconf 77' lang='grc'>4;</span> <span class='ocrx_word' id='word_1_877' title='bbox 523 5816 687 5871; x_wconf 86' lang='lat' dir='ltr'><strong>Hebr.</strong></span> <span class='ocrx_word' id='word_1_878' title='bbox 717 5833 755 5880; x_wconf 95' lang='grc' dir='ltr'>ι,</span> <span class='ocrx_word' id='word_1_879' title='bbox 788 5818 838 5871; x_wconf 89' lang='grc'>7.</span> <span class='ocrx_word' id='word_1_880' title='bbox 920 5816 963 5848; x_wconf 80' lang='grc'><strong><em>⁸³</em></strong></span> <span class='ocrx_word' id='word_1_881' title='bbox 1001 5816 1142 5871; x_wconf 87' lang='lat' dir='ltr'><strong>Psal.</strong></span> <span class='ocrx_word' id='word_1_882' title='bbox 1172 5832 1353 5881; x_wconf 72' lang='lat' dir='ltr'><strong>cxvm,</strong></span> <span class='ocrx_word' id='word_1_883' title='bbox 1387 5818 1471 5873; x_wconf 73' lang='grc'>18.</span> 
     </span>
    </p>
   </div>
   <div class='ocr_carea' id='block_1_118' title="bbox 598 5912 1323 5974">
    <p class='ocr_par' dir='ltr' id='par_1_118' title="bbox 598 5912 1323 5974">
     <span class='ocr_line' id='line_1_118' title="bbox 598 5912 1323 5974; baseline 0.004 -4"><span class='ocrx_word' id='word_1_884' title='bbox 598 5912 868 5972; x_wconf 64' lang='lat' dir='ltr'><strong>Parnm.</strong></span> <span class='ocrx_word' id='word_1_885' title='bbox 904 5915 1019 5974; x_wconf 81' lang='lat' dir='ltr'>Gn.</span> <span class='ocrx_word' id='word_1_886' title='bbox 1058 5912 1323 5973; x_wconf 76' lang='lat' dir='ltr'>XXXIV.</span> 
     </span>
    </p>
   </div>
   <div class='ocr_carea' id='block_1_119' title="bbox 1414 5674 2969 5743">
    <p class='ocr_par' dir='ltr' id='par_1_119' title="bbox 1414 5674 2969 5743">
     <span class='ocr_line' id='line_1_119' title="bbox 1414 5674 2969 5743; baseline -0.002 -10"><span class='ocrx_word' id='word_1_887' title='bbox 1414 5677 1459 5709; x_wconf 70' lang='grc' dir='ltr'>δ’</span> <span class='ocrx_word' id='word_1_888' title='bbox 1492 5678 1649 5733; x_wconf 82' lang='lat' dir='ltr'><strong>Deut.</strong></span> <span class='ocrx_word' id='word_1_889' title='bbox 1686 5695 1757 5743; x_wconf 81' lang='lat' dir='ltr'>tv,</span> <span class='ocrx_word' id='word_1_890' title='bbox 1811 5678 1918 5741; x_wconf 57' lang='grc' dir='ltr'>τις</span> <span class='ocrx_word' id='word_1_891' title='bbox 1976 5676 2141 5732; x_wconf 83' lang='lat' dir='ltr'><strong>Hebr.</strong></span> <span class='ocrx_word' id='word_1_892' title='bbox 2207 5690 2302 5737; x_wconf 83' lang='lat' dir='ltr'>xu,</span> <span class='ocrx_word' id='word_1_893' title='bbox 2358 5675 2468 5741; x_wconf 68' lang='lat'>29;</span> <span class='ocrx_word' id='word_1_894' title='bbox 2504 5674 2548 5729; x_wconf 90' lang='lat' dir='ltr'>ll</span> <span class='ocrx_word' id='word_1_895' title='bbox 2601 5674 2797 5732; x_wconf 84' lang='lat' dir='ltr'><strong>Thess.</strong></span> <span class='ocrx_word' id='word_1_896' title='bbox 2831 5693 2868 5742; x_wconf 95' lang='grc' dir='ltr'>ι,</span> <span class='ocrx_word' id='word_1_897' title='bbox 2917 5676 2969 5731; x_wconf 91' lang='grc'><strong>8.</strong></span> 
     </span>
    </p>
   </div>
   <div class='ocr_carea' id='block_1_120' title="bbox 1502 5748 2005 5819">
    <p class='ocr_par' dir='ltr' id='par_1_120' title="bbox 1502 5748 2005 5819">
     <span class='ocr_line' id='line_1_120' title="bbox 1502 5748 2005 5819; baseline -0.006 -16"><span class='ocrx_word' id='word_1_898' title='bbox 1502 5748 1545 5781; x_wconf 68' lang='grc' dir='ltr'>δ’</span> <span class='ocrx_word' id='word_1_899' title='bbox 1577 5748 1618 5803; x_wconf 94' lang='lat' dir='ltr'>ll</span> <span class='ocrx_word' id='word_1_900' title='bbox 1652 5749 1785 5819; x_wconf 82' lang='lat' dir='ltr'><strong>Reg.</strong></span> <span class='ocrx_word' id='word_1_901' title='bbox 1812 5765 1881 5815; x_wconf 84' lang='lat' dir='ltr'>Iv,</span> <span class='ocrx_word' id='word_1_902' title='bbox 1920 5748 2005 5801; x_wconf 84' lang='grc' dir='ltr'>Η.</span> 
     </span>
    </p>
   </div>
   <div class='ocr_carea' id='block_1_121' title="bbox 3072 5676 3529 5737">
    <p class='ocr_par' dir='ltr' id='par_1_121' title="bbox 3072 5676 3529 5737">
     <span class='ocr_line' id='line_1_121' title="bbox 3072 5676 3529 5737; baseline 0.009 -8"><span class='ocrx_word' id='word_1_903' title='bbox 3072 5676 3117 5707; x_wconf 77' lang='grc'><strong><em>⁵⁸</em></strong></span> <span class='ocrx_word' id='word_1_904' title='bbox 3157 5680 3275 5731; x_wconf 83' lang='lat' dir='ltr'><strong>Act.</strong></span> <span class='ocrx_word' id='word_1_905' title='bbox 3334 5679 3366 5726; x_wconf 79' lang='lat' dir='ltr'><strong>ti</strong></span> <span class='ocrx_word' id='word_1_906' title='bbox 3394 5713 3409 5737; x_wconf 89' lang='lat'><strong>,</strong></span> <span class='ocrx_word' id='word_1_907' title='bbox 3441 5676 3529 5732; x_wconf 75' lang='lat'>35.</span> 
     </span>
    </p>
   </div>
   <div class='ocr_carea' id='block_1_122' title="bbox 2139 5744 3535 5812">
    <p class='ocr_par' dir='ltr' id='par_1_122' title="bbox 2139 5744 3535 5812">
     <span class='ocr_line' id='line_1_122' title="bbox 2139 5744 3535 5812; baseline -0.001 -10"><span class='ocrx_word' id='word_1_908' title='bbox 2139 5747 2355 5802; x_wconf 69' lang='lat' dir='ltr'><strong>“Psal.</strong></span> <span class='ocrx_word' id='word_1_909' title='bbox 2404 5762 2548 5812; x_wconf 72' lang='grc' dir='ltr'>χχιιι,</span> <span class='ocrx_word' id='word_1_910' title='bbox 2582 5746 2655 5812; x_wconf 78' lang='lat'><strong>2;</strong></span> <span class='ocrx_word' id='word_1_911' title='bbox 2708 5747 2840 5802; x_wconf 91' lang='lat' dir='ltr'><strong>Luc.</strong></span> <span class='ocrx_word' id='word_1_912' title='bbox 2903 5762 3046 5811; x_wconf 76' lang='lat' dir='ltr'><strong>xxiv,</strong></span> <span class='ocrx_word' id='word_1_913' title='bbox 3120 5746 3207 5801; x_wconf 73' lang='lat'>32.</span> <span class='ocrx_word' id='word_1_914' title='bbox 3322 5744 3535 5801; x_wconf 80' lang='lat' dir='ltr'><strong>&quot;Psal.</strong></span> 
     </span>
    </p>
   </div>
   <div class='ocr_carea' id='block_1_123' title="bbox 3112 5913 3192 5971">
    <p class='ocr_par' dir='ltr' id='par_1_123' title="bbox 3112 5913 3192 5971">
     <span class='ocr_line' id='line_1_123' title="bbox 3112 5913 3192 5971; baseline 0 0"><span class='ocrx_word' id='word_1_915' title='bbox 3112 5913 3192 5971; x_wconf 78' lang='lat'>‘22</span> 
     </span>
    </p>
   </div>
  </div>
