4282 6364
752 415 861 478 675

1275 518 1556 576 HOMILIA
1599 517 1786 573 XXVI.

755 645 827 701 Ds
858 644 1132 714 dignitate,
1172 638 1503 714 prwstantia,
1544 634 1797 714 facultate
1849 640 1898 686 et
1926 632 2314 714 operationibus

820 700 1132 768 immortalis
1150 700 1364 768 anima,
1390 714 1437 759 et
1466 700 1573 775 qua
1598 707 1802 757 ratione
1822 719 1882 755 ea
1909 721 1939 756 a
1960 700 2177 755 'Satana
2204 708 2314 754 ten-

819 793 979 845 tetur,
1007 789 1054 834 et
1086 776 1445 831 liberationem
1475 790 1501 827 e
1529 776 1902 828 tentationibus
1944 778 2312 845 consequatur.

818 841 1059 907 Continet
1082 862 1201 901 vero
1221 847 1528 916 quastiones
1556 845 1817 915 quasdam
1847 859 2055 897 summa
2078 841 2315 892 doctrina

822 924 1063 992 refertas.

818 1100 861 1155 l.
894 1099 973 1154 Ne
1029 1096 1225 1152 leviter
1273 1093 1662 1149 intellectivam
1695 1094 1892 1146 anima:
1949 1086 2313 1145 substantiam

750 1188 1081 1263 perpendas,
1113 1185 1334 1240 dilecte.
1354 1185 1657 1239 Pretiosum
1689 1181 1962 1252 quoddam
1989 1194 2086 1234 vas
2105 1186 2190 1233 est
2217 1177 2317 1231 im-

751 1283 997 1338 mortalis
1028 1280 1229 1334 anima.
1263 1276 1399 1333 Vide
1445 1286 1711 1345 quantum
1761 1276 1983 1336 caelum,
2015 1280 2071 1325 et
2110 1278 2316 1340 quanta

751 1381 918 1437 terra,
952 1384 1054 1423 nec
1084 1376 1267 1421 tamen
1295 1364 1600 1418 delectatus
1648 1369 1730 1415 est
1762 1360 1870 1414 illis
1912 1360 2079 1421 Deus,
2106 1356 2201 1411 sed
2232 1370 2319 1409 so-

750 1463 861 1516 lum
892 1460 973 1514 te!
997 1457 1267 1527 Conspice
1299 1454 1620 1525 dignitatem
1667 1461 1725 1506 et
1754 1450 2097 1504 nobilitatem
2140 1456 2314 1511 tuam,

750 1566 948 1620 nempe
981 1565 1091 1603 non
1116 1563 1215 1618 per
1256 1545 1501 1615 angelos,
1536 1542 1628 1597 sed
1660 1542 1718 1595 in
1748 1556 1846 1596 sua
1880 1540 2053 1609 ipsius
2080 1552 2316 1609 persona

752 1645 964 1698 venisse
985 1640 1279 1695 Dominum
1305 1636 1373 1691 ad
1403 1635 1732 1705 legationem
1767 1647 1868 1702 pro
1900 1642 1955 1687 te
1983 1628 2315 1693 obeundum,

750 1740 812 1785 ut
842 1737 893 1784 te
923 1727 1203 1798 perditum
1253 1739 1317 1779 ac
1359 1722 1706 1776 vulneratum
1741 1725 2045 1779 revocaret,
2074 1725 2130 1771 et
2156 1715 2318 1769 resti-

2003 408 2063 468 S.
2104 407 2424 468 MACARII
2464 408 2785 471 [EGYPI‘II

3889 418 3998 481 676

2994 525 3233 577 ΟΜΙΛΙΑ
3266 527 3409 591 κς.

2418 634 2557 716 Περὶ
2591 634 2700 716 τῇς
2725 634 3057 716 ἀξιότητος,
3088 637 3186 716 καί
3225 638 3335 716 τῆς
3359 642 3858 716 τιμιότητοςικαι
3886 642 4000 711 τῆς

2528 703 2817 784 ιένάμεῳςο
2831 707 2938 784 ξιαὶ
2970 705 3083 784 τῆς
3105 703 3528 784 έργῖαάίεις-ἱῆς
3551 703 3854 784 Qa“???
3882 703 4005 781 ν’ίὲ

2488 774 2624 840 χῆς,
2657 774 2755 853 περὶ
2773 775 2897 839 πῶς
2916 776 3070 841 αὐτὴ
3096 774 3213 830 ὑπὸ
3240 779 3348 831 τοῦ
3376 774 3615 833 Σατανᾶ
3635 774 4002 847 πειράζείαι,

2488 844 2585 896 καὶ
2640 861 2749 908 της
2802 844 3247 908 ἐλευθερώσεως
3303 849 3423 901 ἀπὸ
3480 850 3600 901 τῶν
3652 852 4002 908 πειρασμῶν

2491 863 2585 896 και
2640 863 2749 908 της
2802 863 3247 966 ελευσιῗκυσεως
3303 863 3423 901 asto
3480 866 3600 901 των
3652 866 4005 920 πειρασμῶν

2491 913 2791 992 τι)ιιξῖςιξτνίςιζ
2826 917 2982 992 μΣυιν
3016 932 3109 992 χει
3156 915 3226 969 δὲ
3278 916 3553 992 ζητήσεις
3602 922 3770 986 τινὰς
3834 921 4003 975 πάνυ

2490 982 2727 1048 πολλῆς
2756 982 3154 1051 διδασκαλίας
3182 982 3503 1055 γεμούσας.

2489 1096 2567 1147 Αν.
2603 1096 2694 1162 Μὴ
2721 1095 2909 1159 ἀπλῶς
2930 1098 2996 1165 τῇ
3018 1098 3182 1167 νοερᾷ
3208 1097 3305 1165 τῆς
3332 1098 3515 1169 ψυχῆς
3540 1098 3698 1170 οὐσίᾳ
3718 1099 4001 1170 πρόσχῃς,

2417 1184 2691 1256 ἀγαπητι.
2738 1185 2931 1255 Τίμιόν
2969 1205 3022 1239 τι
3054 1188 3249 1250 σκεῦός
3276 1191 3423 1241 ἐστιν
3451 1193 3484 1258 ἡ
3520 1190 3789 1253 ἀθάνατος
3828 1190 4000 1260 ψυχή.

2422 1274 2529 1327 Ἴδε
2569 1274 2735 1336 πόσος
2778 1276 2807 1327 6
2839 1276 3067 1343 οὐρανὸς
3097 1278 3191 1328 καὶ
3239 1278 3272 1347 ἡ
3303 1279 3396 1346 γῆ,
3433 1279 3526 1332 καὶ
3566 1280 3666 1332 οὐκ
3697 1280 4004 1350 ηὐδόκησεν

2419 1362 2477 1414 ὲν
2513 1362 2695 1425 αὐτοῖς
2725 1365 2753 1416 6
2810 1363 2964 1429 Θεὸς,
2996 1367 3045 1417 εί
3076 1368 3150 1435 μὴ
3184 1368 3344 1436 μόνον
3377 1370 3457 1433 είς
3495 1370 3575 1423 σέ.
3608 1369 3783 1422 Βλέπε
3814 1387 3911 1423 σου
3940 1371 4005 1424 τδ

2418 1451 2636 1521 ἀξίωμα
2663 1454 2757 1505 καὶ
2780 1454 2879 1521 τὴν
2916 1455 3213 1521 εὐγένειαν,
3249 1458 3331 1509 ὅτι
3357 1458 3431 1526 μὴ
3466 1458 3537 1511 δι’
3564 1461 3833 1527 ἀγγέλων,
3864 1462 4005 1515 ἀλλά

2416 1542 2485 1595 δι’
2521 1544 2714 1596 ἑαυτοῦ
2754 1540 2920 1615 ἦλθεν
2968 1547 2996 1598 6
3033 1547 3236 1617 Κύριος
3268 1550 3348 1611 είς
3377 1550 3476 1619 σὴν
3513 1551 3833 1622 πρεσϐείαν,
3855 1551 4003 1605 ὥστε

2420 1649 2480 1685 σε
2519 1633 2955 1688 τὸνιάπολωλότα
3001 1639 3462 1703 ἀνακαλέσασθαι,
3492 1641 3585 1694 τδν
3623 1659 4003 1713 τετραυματι-

2421 1723 2634 1792 σμένον,
2664 1728 2759 1778 καὶ
2796 1727 3088 1781 ἀποδοῦναί
3138 1745 3220 1781 σοι
3268 1731 3367 1796 τὴν
3418 1731 3642 1803 πρώτην
3676 1733 3876 1786 πλάσιν
3902 1732 4002 1786 τοῦ

752 1827 934 1874 tueret
967 1817 1067 1870 tibi
1099 1814 1334 1884 primam
1365 1810 1744 1865 formationem
1794 1806 1919 1876 puri
1963 1804 2109 1859 Adae.
2141 1802 2317 1856 Homo
2346 1847 2393 1905 Β
2422 1830 2443 1863 ι

2314 1828 2317 1847 ι
2346 1847 2393 1905 Β
2422 1813 2661 1905 καθαροῦ
2703 1815 2895 1905 Ἀδάμ.
2939 1817 3217 1886 Δεσπότης
3243 1820 3350 1885 γὰρ
3384 1813 3450 1887 ἦν
3484 1822 3513 1871 6
3552 1802 3859 1891 ἄνθρωπος,
3890 1820 4005 1873 ἀπὸ

750 1910 897 1967 enim
930 1908 1193 1966 dominus
1213 1912 1339 1983 erat
1366 1901 1610 1957 omnium
1640 1915 1669 1953 a
1692 1900 1901 1954 vertice
1929 1897 2053 1951 cmli
2099 1896 2165 1949 ad
2209 1896 2317 1949 ima

753 2016 947 2073 usque,
989 1997 1253 2069 praeditus
1284 1994 1540 2049 facultate
1594 1989 1941 2046 discernendi
1976 1987 2316 2050 affectiones,

751 2095 965 2149 alienus
993 2106 1023 2145 a
1054 2087 1416 2151 daemonibus,
1446 2100 1619 2154 purus
1644 2100 1673 2137 a
1706 2090 1935 2152 peccato
1963 2088 2018 2134 et
2057 2079 2226 2141 vitiis,
2256 2092 2319 2132 ac

751 2178 1054 2237 similitudo
1074 2176 1203 2232 Dei:
1237 2190 1334 2245 per
1361 2171 1844 2242 transgressionem
1872 2183 2005 2222 vero
2040 2166 2224 2236 periit,
2256 2179 2319 2218 ac

752 2272 1071 2325 vulneratus
1109 2273 1167 2321 et
1203 2265 1366 2321 morti
1414 2262 1649 2318 traditus
1690 2268 1794 2315 est.
1823 2257 2141 2314 Obfuscavit
2172 2258 2318 2312 enim

752 2370 989 2417 mentem
1017 2359 1244 2414 Satanas
1269 2375 1285 2422 ;
1312 2356 1491 2425 aliqua
1519 2369 1584 2407 ex
1618 2359 1773 2422 parte
1818 2350 1891 2404 ita
1918 2366 1976 2405 se
2003 2349 2190 2413 habet,
2222 2348 2321 2402 ali-

752 2466 857 2521 qua
882 2464 947 2502 ex
974 2455 1128 2516 parte
1150 2445 1306 2509 vivit,
1330 2440 1613 2500 discernit.
1643 2454 1706 2492 ac
1728 2437 2067 2491 voluntatem
2094 2436 2280 2489 habet.

823 2541 886 2594 ll.
915 2536 1286 2606 Interrogatio.
1326 2532 1531 2593 Nonne,
1557 2528 1757 2598 Spiritu
1789 2535 1971 2581 sancto
1989 2525 2316 2587 adveniente,

752 2630 1012 2686 naturalis
1045 2642 1246 2698 quoque
1269 2622 1689 2693 concupiscentia
1717 2620 2041 2688 exstirpatur
2060 2633 2167 2669 una
2202 2632 2320 2668 cum

752 2733 963 2795 peccato
985 2722 1009 2774 1'

825 2811 1126 2881 Responsio.
1151 2808 1324 2861 Antea
1345 2803 1455 2858 dixi
1502 2810 1784 2870 peccatum
1817 2798 1977 2852 simul
2024 2796 2318 2858 eradicari,

753 2896 1257 2968 hominemque95
1270 2896 1512 2963 recipere
1536 2893 1766 2960 primam
1794 2889 2172 2942 formationem
2198 2885 2319 2955 puri

750 2992 899 3047 Adae.
928 2988 1027 3043 Hic
1053 2985 1275 3056 quidem
1307 2998 1406 3052 per
1432 2982 1691 3034 virtutem
1718 2978 1960 3047 Spiritus
2004 2990 2067 3028 ac
2098 2988 2323 3043 regene-

754 3079 1020 3132 rationem
1064 3073 1404 3143 spiritualem
1456 3069 1805 3139 progreditur
1836 3066 1903 3119 ad
1942 3064 2168 3135 gradum
2198 3079 2324 3132 per-

2425 1903 2516 1956 τοῦ
2550 1904 2783 1973 οὐρανοῦ
2837 1907 2932 1959 καὶ
2983 1905 3091 1959 τῶν
3131 1908 3301 1970 κάτω.
3357 1909 3452 1963 καὶ
3507 1910 3847 1979 διακριτικὺς
3897 1928 4007 1962 πα-

2426 1992 2553 2057 θῶν,
2581 1994 2674 2047 καὶ
2695 1994 2965 2064 δαιμόνων
2994 1996 3294 2066 ἀλλότριος,
3325 2000 3565 2069 καθαρὸς
3590 2001 3697 2053 ἀπὸ
3722 2002 4004 2070 ἁμαρτίας

2426 2085 2459 2155 ἢ
2518 2084 2723 2147 κακῶν,
2761 2086 2852 2138 καὶ
2876 2086 3129 2156 ὁμοίωμα
3168 2088 3303 2141 Θεοῦ
3321 2105 3349 2149 ο,
3372 2089 3457 2142 διὰ
3505 2091 3560 2143 δὲ
3601 2091 3701 2159 τῆς
3746 2091 4004 2160 παραὸά⁶

2426 2193 2562 2239 σεως
2590 2176 2880 2239 ἀπολωλώς
2915 2178 3050 2241 ἐστι,
3082 2179 3175 2230 καὶ
3198 2182 3756 2249 τετραυματισμένος.
3790 2181 4006 2251 Ἦμαύ-

2426 2283 2568 2337 ρωσε
2615 2266 2723 2338 γάρ
2756 2266 2848 2320 τὸν
2881 2267 3004 2320 νοῦν
3049 2269 3077 2321 6
3130 2269 3396 2334 Σατανᾶς,
3429 2271 3486 2323 έν
3528 2289 3633 2325 τινι
3662 2270 3835 2335 οὕτως
3861 2273 4004 2337 ἐστὶ,

2425 2359 2520 2412 καὶ
2549 2358 2604 2412 έν
2634 2376 2740 2412 τινι
2768 2360 2833 2430 ζῇ
2872 2360 2967 2412 καὶ
3003 2359 3289 2430 διακρίνει,
3322 2362 3413 2414 καὶ
3445 2360 3559 2432 ἔχει
3589 2362 3821 2433 θέλημα.
3871 2364 3875 2368 ’

2496 2535 2565 2587 B'.
2600 2535 2935 2602 Ἐρώτησις.
2971 2534 3140 2603 Οὐχὶ,
3178 2536 3284 2588 τοῦ
3318 2536 3661 2603 Πνεύματος
3682 2536 3789 2590 τοῦ
3828 2534 4009 2604 ἀτιου

2424 2628 2772 2696 ἐρχομένου,
2809 2628 2907 2681 καὶ
2949 2630 2987 2695 ἠ
3026 2629 3258 2697 φυσικὴ
3295 2629 3577 2696 ἐπιθυμία
3623 2628 4011 2697 συν-σκριζοῦ-

2426 2735 2521 2771 ται
2552 2720 2703 2787 μετὰ
2734 2718 2844 2785 τῆς
2868 2720 3189 2786 ἁμαρτίαςῖ

2498 2810 2867 2877 Ἀπόκρισις.
2908 2810 3173 2877 Προεῖπον
3194 2810 3275 2861 ὅτι
3304 2809 3397 2861 καὶ
3417 2810 3451 2879 ἠ
3482 2809 3728 2879 ἁμαρτία
3757 2825 4011 2877 συνεκρι-

2429 2901 2635 2964 ζοῦται,
2670 2900 2764 2952 καὶ
2811 2898 3186 2967 ἀπολαμϐάνει
3236 2900 3265 2949 6
3299 2898 3581 2967 ἄνθρωπος
3632 2898 3733 2965 τὴν
3777 2896 4009 2967 πρώτην

2428 2990 2626 3042 πλάσιν
2654 2988 2749 3041 τοῦ
2791 2986 3037 3057 καθαροῦ
3090 2988 3283 3055 Ἀδάμ.
3338 2982 3506 3049 Οὗτος
3540 2986 3721 3055 μέντοι
3767 2985 3856 3037 διὰ
3903 2984 4008 3052 τῆς

2428 3080 2709 3149 δυνάμεως
2732 3077 2827 3131 τοῦ
2860 3077 3198 3149 Πνεῦματος,
3228 3078 3322 3130 καὶ
3349 3078 3447 3145 τῆς
3472 3077 3887 3144 ἀναγεννὴσεως
3905 3076 4009 3144 τῆς

752 3165 1005 3221 lectionis
1064 3160 1257 3215 Adami
1292 3158 1479 3228 primi,
1529 3159 1696 3226 ﬁtque
1738 3154 2085 3223 praestantior
2114 3167 2214 3206 eo:
2251 3150 2324 3205 si-
2348 3188 2391 3249 C
2429 3190 2443 3223 τ

2313 3183 2391 3249 'C
2429 3170 2807 3239 πνευματικῆς
2835 3210 2849 3233 ,
2890 3169 3110 3238 ἔρχεται
3160 3169 3240 3228 είς
3288 3168 3355 3219 τὰ
3415 3165 3591 3235 μέτρα
3643 3164 3738 3216 τοῦ
3783 3163 4004 3234 πρώτου

753 3258 975 3327 quidem
1005 3256 1061 3309 in
1083 3255 1314 3309 deorum
1348 3265 1637 3305 numerum
1670 3248 1911 3301 refertur
1940 3246 2125 3299 homo.

825 3438 913 3492 Ill.
956 3434 1334 3504 Interrogatio.
1377 3430 1563 3486 Utrum
1608 3427 1839 3482 Satanas
1870 3428 1938 3479 ad
1967 3434 2164 3479 certum
2211 3441 2324 3477 mo—

755 3532 880 3585 dum
903 3530 1242 3589 immittatur,
1267 3541 1335 3577 an
1360 3540 1453 3593 pro
1483 3521 1647 3575 lubitu
1671 3521 1937 3589 belligeret
1964 3519 1985 3569 ?

827 3622 1127 3689 Responsio.
1146 3618 1388 3685 Impetus
1414 3616 1535 3683 ejus
1557 3628 1664 3665 non
1691 3611 1867 3665 solum
1888 3609 2150 3662 adversus
2170 3606 2329 3660 Chri-

755 3716 985 3775 stianos,
1017 3711 1112 3768 sed
1145 3711 1309 3765 etiam
1343 3707 1609 3761 adversus
1628 3703 1945 3757 idololatras
1990 3708 2155 3768 atque
2200 3698 2325 3751 uni~

752 3818 977 3859 versum
1008 3799 1276 3857 mundum
1311 3798 1504 3853 fertur.
1552 3794 1609 3849 Si
1656 3808 1789 3862 ergo
1830 3790 2232 3846 concederetur
2276 3786 2327 3842 ei

755 3911 858 3966 pro
884 3894 1063 3949 lubitu
1100 3892 1308 3946 bellum
1333 3903 1545 3959 gerere,
1578 3900 1770 3939 omnes
1795 3882 2049 3953 equidem
2094 3881 2324 3933 deleret.

754 3987 860 4055 Qui
892 3984 1032 4040 hoc?
1062 3997 1261 4052 nempe
1294 3980 1440 4051 quod
1478 3994 1618 4047 opus
1652 3992 1718 4031 ac
1760 3975 2095 4029 desiderium
2121 3974 2242 4043 ejus
2270 3972 2327 4025 in

756 4078 864 4133 hoc
896 4086 1167 4132 versetur.
1214 4072 1686 4139 Quemadmodum
1739 4078 1923 4122 autem
1959 4066 2159 4136 ﬁgulus
2201 4078 2327 4117 vasa

757 4172 1025 4224 missurus
1043 4168 1097 4221 in
1122 4165 1420 4227 fornacem,
1450 4178 1569 4217 eam
1594 4160 1870 4214 moderate
1891 4156 2195 4216 succendit,
2221 4170 2327 4207 non

757 4256 1050 4314 intensius.
1083 4268 1153 4307 ne
1186 4261 1338 4306 cocta
1362 4250 1485 4318 plus
1512 4262 1674 4317 quam
1704 4246 1881 4307 decet,
1901 4243 2330 4302 elidantur;ncc

756 4347 1062 4407 remissius,
1090 4359 1159 4397 ne
1200 4343 1244 4396 si
1272 4339 1442 4396 cruda
1470 4340 1755 4403 exsistant,
1784 4336 2101 4403 dispereant
2130 4347 2193 4386 ac
2218 4331 2330 4383 dis-

757 4440 1071 4501 solvantur;
1110 4436 1300 4489 itidem
1354 4433 1401 4488 si
1456 4429 1803 4500 argentarius
1838 4436 1894 4481 et
1935 4424 2212 4479 aurifaber
2259 4420 2325 4474 ad

2441 3262 2629 3332 Ἀδὰμ,
2664 3262 2759 3315 καὶ
2785 3261 2984 3331 μείζων
3009 3259 3172 3312 αὑτοῦ
3201 3260 3467 3327 γίγνεται.
3515 3256 3866 3311 Ἀποθεοῦται
3894 3256 4007 3327 γάρ

2426 3357 2453 3405 6
2498 3353 2592 3405 ἄνθ
2601 3370 2801 3422 ρωπος.

2499 3441 2570 3494 Γ.
2622 3440 2959 3507 Ἐρώτησις.
3022 3441 3088 3490 El
3138 3441 3169 3490 ὁ
3214 3434 3484 3500 Σατανᾶς
3532 3435 3727 3504 μέτρῳ
3762 3434 4008 3503 ἐπαφιε-

2428 3549 2542 3595 ται,
2584 3532 2622 3599 ἢ
2658 3533 2740 3596 ὡς
2780 3531 2941 3585 θέλει
2982 3528 3260 3598 πολεμῶ

2513 3622 2866 3687 Ἀπόκρισις.
2902 3619 3075 3672 Αὐτοῦ
3100 3622 3131 3686 ἡ
3162 3618 3305 3688 ὁρμὴ
3328 3618 3388 3668 οὐ
3419 3618 3580 3685 μόνον
3608 3618 3689 3679 είς
3718 3618 3843 3680 τοὺς
3871 3617 4009 3687 Χρι-

2432 3714 2702 3774 στιανοὺς,
2744 3710 2882 3765 ἀλλὰ
2914 3711 3009 3763 καὶ
3046 3713 3125 3773 είς
3157 3712 3283 3771 τοὺς
3332 3710 3755 3778 είδωλολάτρας,
3789 3709 3886 3763 καὶ
3925 3712 4009 3773 είς

2429 3806 2556 3857 ὅλον
2595 3806 2687 3856 τὸν
2722 3804 2947 3871 κόσμον.
3002 3803 3063 3854 El
3093 3798 3186 3855 οῦν
3223 3805 3597 3871 παρεχωρεῖτο
3622 3802 3699 3861 ὡς
3726 3800 3871 3853 θέλει
3904 3818 4010 3853 ποι

2429 3896 2634 3965 λεμεϊν,
2686 3896 2893 3956 πάντας
2945 3892 3013 3947 ἂν
3064 3894 3318 3961 ἠφάνισε.
3356 3894 3454 3944 Διά
3482 3893 3537 3945 τί
3551 3908 3566 3957 ;
3600 3892 3723 3945 Ὅτι
3754 3892 3815 3945 τὸ
3843 3892 4009 3960 ἔργον

2430 3985 2596 4040 αὐτοῦ
2622 3986 2717 4039 καὶ
2746 3986 2809 4038 τὸ
2840 3985 3053 4053 θέλημα
3084 3985 3244 4037 τοῦτό
3271 3988 3437 4040 ἐστιν.
3466 3986 3676 4055 Ὠσπερ
3701 3985 3758 4036 δὲ
3785 3988 3814 4037 6
3839 4000 4011 4053 κερα-

2434 4079 2567 4148 μεὺς
2598 4078 2777 4148 βάλλει
2805 4080 2872 4131 τὰ
2903 4077 3094 4145 σκεύη,
3127 4080 3217 4130 καὶ
3266 4078 3448 4147 μέτρῳ
3482 4078 3734 4130 ὐποκαίει
3770 4076 3871 4145 τὴν
3910 4078 4013 4129 κά-

2435 4184 2606 4236 μινον,
2642 4168 2701 4219 οὐ
2747 4167 2927 4229 πλέον,
2984 4166 3069 4217 ἵνα
3118 4168 3193 4235 μὴ
3241 4167 3547 4234 ὀπτηθέντα
3596 4168 3735 4235 ὑπὲρ
3779 4166 3841 4217 τὸ
3887 4166 4010 4217 δέον

2430 4259 2667 4329 ψοφήστγ
2703 4257 2803 4309 οὐκ
2828 4257 3067 4319 ἔλαττον,
3117 4257 3203 4308 ῐνα
3236 4257 3309 4326 μὴ
3345 4258 3529 4326 ἔνωμα
3560 4257 3688 4309 ὄντα
3715 4255 4008 4323 ἀπόληταν

2431 4352 2525 4402 καὶ
2553 4353 2601 4401 εἰ
2633 4352 2661 4401 6
2699 4349 3076 4418 ἀργυροκόπος
3115 4348 3210 4402 καὶ
3260 4349 3554 4419 χρυσοχόος
3597 4350 3779 4417 μέτρῳ
3823 4347 4010 4417 βάλλει

2431 4440 2491 4492 τὸ
2540 4441 2650 4509 πῦρ
2674 4455 2689 4469 ο
2734 4439 2829 4492 ἐὰν
2883 4440 2994 4510 γάρ
3046 4441 3314 4511 πλεονάσῃ
3352 4440 3413 4493 τὸ
3445 4439 3577 4509 πῦρ,
3609 4440 3792 4492 λύεται
3822 4441 4010 4510 ἀχρυ-

757 4538 971 4585 certum
1028 4527 1253 4581 modum
1298 4524 1478 4595 ignem
1534 4522 1735 4583 mittit;
1790 4518 1834 4572 si
1890 4517 2038 4571 enim
2088 4511 2330 4567 abundet
2363 4541 2448 4596 ι),

2314 4519 2330 4563 ί
2363 4541 2406 4596 ι)
2437 4533 2525 4593 σὸς
2556 4533 2648 4583 καὶ
2672 4531 2701 4581 ὁ
2731 4530 2991 4602 ἄργυρος,
3028 4533 3121 4585 καὶ
3163 4531 3519 4601 ἑξυδαροῦται
3549 4534 3645 4585 καὶ
3682 4532 4005 4586 ἀπόλλυται.

758 4623 921 4693 ignis,
939 4621 1171 4675 solvitur
1193 4632 1387 4672 aurum
1418 4624 1474 4670 et
1495 4622 1805 4685 argentum,
1826 4607 2039 4679 liquefit
2064 4621 2128 4661 ac
2151 4604 2325 4675 perit:

758 4714 949 4769 itidem
972 4712 1017 4766 si
1048 4712 1286 4764 humana
1316 4724 1471 4763 mens
1496 4706 1651 4761 novit
1697 4714 1851 4759 certo
1882 4699 2117 4772 quodam
2170 4695 2331 4750 modo

759 4804 1041 4871 imponere
1095 4813 1265 4853 onera
1317 4798 1590 4866 jumento,
1617 4793 1826 4850 camelo
1866 4800 1962 4845 aut
1992 4788 2083 4843 alii
2111 4788 2329 4842 cuidam

758 4892 1003 4955 animali,
1027 4900 1302 4961 quatenus
1346 4897 1560 4942 servata
1591 4884 1946 4955 proportione
1988 4897 2153 4935 onera
2187 4880 2331 4933 ferre

757 4993 960 5057 potest,
1005 4989 1212 5051 quanto
1263 4978 1434 5048 magis
1485 4979 1647 5040 Deus,
1688 4976 1781 5045 qui
1812 4974 1965 5028 novit
1989 4987 2114 5025 vasa
2151 4971 2332 5024 homi-

757 5091 928 5139 num,
999 5070 1247 5126 immittit
1327 5069 1697 5123 adversariam
1775 5073 2101 5135 potestatem
2166 5062 2332 5116 variis

759 5165 971 5220 modisl

830 5259 915 5312 lV.
948 5254 1422 5324 Quemadmodum
1450 5266 1581 5307 vero
1612 5260 1775 5311 terra,
1808 5249 2061 5318 quamvis
2094 5249 2164 5303 sit
2198 5264 2327 5311 una,

758 5352 877 5406 haec
905 5349 1127 5419 quidem
1172 5356 1257 5403 est
1299 5360 1514 5409 saxosa,
1550 5344 1641 5397 illa
1680 5357 1811 5397 vero
1838 5341 2094 5412 pinguis:
2132 5348 2186 5395 et
2225 5341 2330 5394 alia

759 5441 985 5512 quidem
1018 5448 1102 5494 est
1136 5439 1333 5493 idonea
1378 5437 1447 5491 ad
1502 5435 1895 5505 plantationem
1949 5433 2159 5495 vineae,
2224 5432 2329 5485 alia

760 5548 890 5588 vero
923 5533 991 5587 ad
1042 5530 1426 5587 seminandum
1480 5529 1818 5582 frumentum
1868 5534 1962 5579 aut
2016 5524 2328 5587 hordeum;

759 5623 834 5679 ita
886 5622 1035 5676 varia
1076 5628 1205 5675 sunt
1252 5619 1536 5672 hominum
1564 5615 1729 5670 corda
1781 5625 1944 5683 atque
1977 5613 2328 5677 voluntates;

759 5715 951 5771 eodem
982 5727 1200 5781 quoque
1242 5710 1407 5765 modo
1458 5708 1600 5762 dona
1648 5708 1883 5776 desuper
1934 5704 2327 5759 conferuntur:

762 5806 895 5861 huic
924 5804 1145 5875 quidem
1169 5803 1407 5857 donatur
1440 5798 1843 5853 administratio
1877 5796 2051 5858 verbi,
2086 5795 2163 5849 illi
2199 5812 2330 5851 vero

2434 4625 2543 4676 Καὶ
2582 4626 2630 4676 εί
2662 4626 2690 4676 ό
2716 4624 3058 4694 ἀνθρώπινος
3090 4623 3215 4687 νοῦς
3252 4621 3392 4677 οἶδεν
3428 4626 3745 4695 ὲπιμετρεῖν
3765 4624 3836 4675 τὰ
3865 4624 4008 4694 βάρη

2432 4715 2510 4783 τῷ
2539 4717 2745 4785 κτήνει,
2778 4717 2870 4768 καὶ
2910 4716 2989 4784 τῷ
3012 4716 3267 4785 καμήλῳ,
3304 4716 3337 4786 ἢ
3378 4715 3522 4785 άλλῳ
3552 4717 3659 4767 τινὶ
3688 4715 3795 4765 τῶν
3826 4713 4007 4778 ζώων,

2432 4807 2506 4868 ὡς
2536 4808 2757 4860 δύναται
2781 4807 2925 4860 κατά
2950 4807 3239 4874 ἀναλογίαν
3266 4808 3335 4860 τὰ
3366 4807 3502 4876 βάρη
3537 4806 3827 4875 βαστάσαι·
3856 4805 4011 4874 πόσῳ

2436 4898 2639 4965 μᾶλλον
2696 4899 2725 4949 6
2765 4897 2915 4961 Θεὸς,
2973 4897 3031 4960 ὃς
3080 4894 3186 4949 οἶδε
3214 4896 3284 4948 τὰ
3318 4897 3484 4964 σκεύη
3528 4896 3635 4947 τῶν
3681 4893 4009 4963 ἀνθρώπων,

2430 4984 2585 5051 οὗτος
2630 4991 2893 5058 ἐπαφίησι
2920 4988 3015 5041 καὶ
3041 4989 3139 5058 τὴν
3178 4988 3423 5040 ἐναντίαν
3450 4986 3681 5054 δύναμιν
3708 4985 4005 5054 διαφόρωςι

2502 5252 2574 5303 Δ’.
2610 5250 2821 5319 ’Ὠσπερ
2846 5248 2901 5301 δὲ
2933 5249 3029 5317 μία
3067 5244 3202 5301 οὖσα
3232 5251 3265 5317 ἠ
3300 5250 3394 5318 γῆ,
3425 5251 3457 5318 ή
3492 5249 3590 5318 μέν
3626 5249 3746 5301 ἐστι
3788 5250 4009 5319 τραχὼ-

2430 5342 2546 5409 δης,
2579 5343 2611 5410 ἡ
2639 5342 2695 5394 δὲ
2722 5341 3007 5409 λιπόγεως·
3044 5341 3139 5393 καὶ
3171 5341 3303 5409 άλλη
3338 5342 3437 5410 μὲν
3458 5339 3770 5409 ἐπιτηδεύει
3802 5342 3883 5403 εἰς
3911 5359 4015 5409 φυ-

2429 5436 2581 5487 τείαν
2624 5434 2978 5502 ἀμπελῶνος,
3035 5433 3171 5501 άλλη
3219 5434 3275 5486 δὲ
3332 5435 3410 5496 είς
3461 5433 3662 5503 σπόρον
3712 5432 3862 5485 σίτου
3918 5434 4013 5484 καὶ

2431 5527 2654 5597 κριθῶν·
2696 5526 2867 5589 οὕτως
2895 5526 3003 5579 εἰσὶ
3030 5526 3274 5594 διάφοροι
3304 5527 3397 5579 καὶ
3416 5519 3577 5579 αὗται
3614 5525 3722 5579 τῶν
3745 5524 4010 5594 καρδιῶν,

2432 5618 2526 5669 καὶ
2577 5616 2685 5669 τῶν
2736 5618 3108 5685 προαιρέσεων
3138 5617 3244 5669 τῶν
3278 5616 3598 5687 ἀνθρώπωψ
3638 5616 3781 5670 οὕτω
3808 5617 3904 5669 καὶ
3943 5619 4012 5666 τὰ

2433 5708 2744 5776 χαρίσματα
2780 5704 2989 5760 ἄνωθεν
3037 5704 3383 5757 ὲπιδίδονται*
3413 5697 3457 5770 ᾧ
3505 5706 3603 5773 μὲν
3657 5703 3859 5756 δίδοται
3893 5702 4011 5753 δια-

2433 5797 2586 5850 κονία
2632 5796 2814 5865 λόγου,
2840 5792 2885 5864 ᾧ
2925 5798 2981 5850 δὲ
3006 5795 3296 5867 διάκρισις·
3334 5796 3479 5866 ἀλλῳ
3504 5796 3816 5866 χαρίσματα
3848 5793 4008 5862 ἰαμά-
