4282 6364
268 383 375 446 677

1460 379 1807 444 HOMILLE
1858 404 1928 415 --

1944 379 2130 445 HOM.
2170 384 2377 447 XXVI.
3429 392 3533 454 678

268 508 399 547 τωνο
432 487 541 547 οἶδε
575 493 682 563 γὰρ
714 492 743 545 6
765 492 918 557 Θεὸς,
954 494 1073 555 πῶς
1093 509 1177 558 τις
1216 492 1441 547 δύναται
1473 492 1852 562 οἰκονομῆσαι,
1882 485 1959 544 Λι

1842 528 1852 553 ,
1882 485 1934 544 Α
1958 491 2243 558 discretio,
2274 494 2367 548 alii
2402 494 2609 549 donum
2644 494 2968 551 conferendi
3014 497 3328 555 sanitatem.
3369 502 3533 557 Novit

267 584 363 636 καὶ
391 584 566 645 οὕτως
592 583 867 637 ἐπιδίδωσι
894 584 963 637 τὰ
1002 585 1319 655 χαρίσματα
1356 584 1612 653 διάφορα·
1646 581 1849 652 ὁμοίως

268 674 363 728 καὶ
391 675 475 737 εἰς
494 674 623 737 τοὺς
662 673 954 745 πολέμους,
987 676 1173 746 μέτρῳ
1211 677 1318 729 τινὶ
1354 676 1430 739 ὡς
1464 675 1686 728 δύναται
1712 673 1849 726 ὑπο-

266 762 526 828 δέξασθαι
574 766 669 817 καὶ
719 766 1012 835 ὑπομεῖναι
1037 807 1053 831 ,
1109 765 1283 830 οὕτως
1333 765 1624 835 ἐπαφίεται
1663 764 1849 826 αὐτοῖς

269 856 303 924 ἡ
336 855 557 909 ἐναντία
585 854 835 926 δύναμις.

343 1035 419 1088 Ε’.
468 1032 811 1102 Ἐρώτησις.
869 1036 938 1088 Εἰ
986 1033 1314 1104 δεξάμενός
1371 1052 1463 1102 τις
1507 1036 1627 1103 τὴν
1679 1038 1849 1092 θείαν

268 1126 553 1196 δύναμιν,
596 1125 697 1180 καί
749 1123 1008 1196 μερικῶς
1045 1127 1419 1193 ἁλλοωθείς,
1453 1127 1624 1196 μένει
1666 1129 1739 1183 ἐν
1770 1127 1850 1198 τῇ

270 1219 451 1286 φύσει
468 1235 487 1283 ;

360 1308 723 1375 Ἀπόκρισις.
764 1308 883 1361 ’Ὶνα
911 1308 972 1361 τδ
1002 1308 1211 1379 θέλημα
1251 1310 1345 1363 καὶ
1392 1311 1528 1379 μετὰ
1560 1310 1659 1381 τὴν
1686 1310 1848 1381 χάριν

270 1400 597 1470 δοκιμασθῇ.
646 1400 748 1453 ποῦ
799 1400 953 1471 ῥέπει
1006 1402 1098 1454 καὶ
1154 1404 1455 1471 συμφωνεῖ,
1490 1402 1640 1472 μένει
1691 1404 1749 1455 ἐν
1783 1406 1850 1474 τῇ

271 1493 561 1562 ταυτότητι
588 1492 622 1562 ἡ
663 1492 845 1561 φύσις,
875 1494 904 1545 6
938 1492 1172 1563 σκληρὸς
1200 1495 1256 1546 ἐν
1282 1496 1345 1564 τῇ
1377 1495 1727 1565 σκληρότητι,
1756 1495 1850 1547 καὶ

273 1587 302 1637 6
330 1583 533 1651 κοῦφος
568 1585 627 1635 ἐν
660 1585 724 1653 τῇ
752 1583 1066 1653 κουφότητι.
1094 1584 1391 1654 Συμδαίνει
1416 1583 1493 1649 δέ,
1523 1586 1605 1637 ὅτι
1634 1584 1849 1655 ἰδιώτης

278 1676 356 1727 ὢν
394 1691 475 1736 τις
505 1675 869 1741 ἁναγεννᾶται
896 1675 1304 1742 πνευματικῶς,
1334 1674 1430 1728 καὶ
1456 1674 1851 1742 μεταϐάλλεται

1957 585 2104 637 enim
2133 586 2278 639 Deus
2312 600 2421 655 quo
2452 595 2614 656 pacto
2646 589 2772 657 quis
2802 587 3122 658 dispensare
3148 592 3343 661 possit,
3368 602 3534 663 atque

1956 694 2019 734 ea
2052 680 2264 734 ratione
2294 680 2512 735 confert
2539 679 2755 735 diversa
2784 681 2949 736 dona.
2993 681 3258 739 Similiter
3313 700 3535 755 quoque

1956 770 2022 825 ad
2053 772 2194 825 bella
2220 780 2374 826 certo
2405 773 2645 843 quodam
2682 773 2845 828 modo
2890 788 2993 843 pro
3038 775 3250 831 viribus
3292 777 3535 833 hominis

1956 861 2303 931 suscipienda
2333 879 2397 918 ac
2420 863 2763 928 sustinenda,
2788 865 2856 920 ad
2876 865 3025 921 hunc
3059 866 3284 922 modum
3324 868 3532 923 immit-

1958 954 2094 1008 titur
2120 954 2230 1009 illis
2262 954 2572 1009 adversaria
2606 964 2868 1025 potestas.

2024 1043 2089 1099 ν.
2126 1046 2723 1117 Interrogatio..Utrum
2748 1048 2837 1117 qui
2874 1049 3063 1117 accipit
3099 1050 3333 1104 divinam
3367 1052 3535 1104 virtu-

1958 1146 2083 1203 tem,
2112 1156 2175 1193 ac
2202 1142 2259 1193 in
2283 1148 2437 1209 parte
2467 1148 2727 1206 mutatur,
2758 1143 2815 1194 t'n
2840 1151 3035 1197 natura
3056 1160 3153 1197 sua
3179 1152 3453 1213 permanet
3475 1144 3501 1197 Ρ

2029 1308 2335 1379 Responsio.
2390 1310 2462 1366 Ut
2514 1311 2768 1367 voluntas
2814 1323 2937 1382 post
2992 1329 3269 1386 acceptam
3314 1334 3535 1389 quoque

1956 1401 2189 1470 gratiam
2242 1400 2531 1470 probetur,
2587 1418 2698 1471 quo
2742 1404 2951 1467 tendat.
3010 1408 3169 1462 cuive
3204 1411 3533 1475 consentiat,

1957 1499 2154 1544 natura
2183 1500 2429 1546 remanet
2455 1493 2669 1557 eadem,
2702 1494 2876 1550 durus
2924 1496 2979 1549 in
3028 1495 3252 1562 duritie,
3298 1509 3353 1553 et
3397 1500 3537 1556 levis

1959 1580 2013 1633 in
2041 1581 2287 1636 levitate.
2323 1582 2607 1653 Conlingit
2634 1600 2768 1639 vero
2796 1586 3073 1655 plebeium
3099 1589 3412 1657 quempiam
3443 1605 3536 1644 re-

1957 1671 2211 1739 generari
2258 1673 2643 1741 spiritualiter,
2674 1690 2739 1730 ac
2775 1677 2971 1729 mutari
3028 1676 3081 1730 in
3118 1679 3446 1747 sapientem.
3478 1690 3537 1736 et

275 1767 357 1827 εἰς
389 1764 603 1832 σοφίαν,
628 1764 721 1817 καὶ
754 1764 1081 1832 γνωρίζεται
1128 1761 1276 1832 αὐτῷ
1318 1763 1612 1833 άπόκρυφα
1638 1766 1849 1835 μυστή-
1883 1765 1922 1822 Β
1955 1773 1966 1810 ι

1845 1793 1849 1806 ,
1883 1765 1922 1822 ιι
1955 1757 2134 1811 eidem
2160 1759 2391 1813 revelari
2427 1761 2641 1815 occulta
2672 1763 2967 1831 mysteria;
3003 1763 3096 1832 qui
3129 1775 3322 1818 natura
3351 1774 3536 1821 tamen

278 1872 390 1928 ρια-
424 1855 517 1907 καὶ
557 1855 770 1923 ἰδιώτης
800 1856 916 1907 ἐστὶ
953 1855 1018 1924 τῇ
1061 1854 1241 1922 φύσει.
1275 1852 1466 1917 Ἀλλος
1495 1854 1602 1908 ἀπὸ
1637 1854 1851 1923 φύσεως

276 1947 514 2017 σκληρὸς
534 1946 636 2009 ῶν,
672 1947 889 1999 δίδωσιν
927 1944 1121 1999 ἐαυτοῦ
1156 1946 1217 1998 τὸ
1255 1945 1466 2015 θέλημα
1505 1947 1585 2008 εἰς
1614 1946 1713 2013 τὴν
1738 1945 1854 1999 θεο-

277 2038 514 2101 σέϐειαν,
539 2037 633 2090 καὶ
670 2037 882 2106 δέχεται
933 2036 1094 2090 αὐτὸν
1126 2038 1153 2089 6
1173 2036 1327 2101 Θεὸς,
1354 2037 1506 2106 μένει
1536 2036 1594 2089 δέ
1621 2038 1656 2107 ἡ
1690 2036 1851 2106 φύσις

273 2126 333 2177 ἐν
362 2128 428 2194 τῇ
462 2124 787 2192 σκληρότητι
812 2165 826 2187 ,
880 2126 977 2178 καὶ
1025 2126 1237 2178 εὐδοκεῖ
1280 2128 1360 2187 εἰς
1414 2125 1577 2178 αὐτὸν
1631 2128 1659 2179 6
1695 2126 1848 2189 Θεός.

279 2214 474 2276 Ἀλλος
514 2215 628 2266 ἐστὶ
679 2214 932 2284 χρηστῶν
978 2213 1148 2285 ἠθῶν,
1190 2215 1460 2285 ἐπιεικὴς,
1502 2214 1729 2283 ἀγαθὸς,
1775 2216 1854 2268 δί-

272 2309 437 2359 δωσιν
467 2307 656 2359 ἐαυτὸν
681 2306 759 2376 τῷ
784 2306 923 2376 Θεῷ.
959 2308 1053 2359 καὶ
1079 2307 1294 2377 δέχεται
1334 2307 1432 2377 μέν
1477 2308 1640 2363 αὐτὸν
1674 2311 1703 2363 6
1736 2308 1853 2363 Κύ-

277 2411 414 2468 ριος·
465 2396 540 2467 μὴ
571 2397 880 2466 ἐμμένοντα
910 2397 967 2450 δέ
1002 2399 1114 2461 τοῖς
1152 2397 1375 2467 ἀγαθοῖς
1406 2398 1591 2469 ἔργοις
1631 2400 1732 2452 οὐκ
1766 2400 1856 2451 εὐ-

274 2488 442 2549 δοκεῖ,
471 2485 657 2555 ἐπειδὴ
696 2487 729 2555 ἡ
783 2485 944 2555 φύσις
976 2486 1073 2557 ὅλη
1114 2485 1209 2539 τοῦ
1256 2486 1427 2557 Ἀδὰμ
1467 2488 1676 2557 τρεπτή
1705 2487 1855 2539 ἐστιν

277 2578 373 2629 ἐπὶ
401 2578 463 2630 τὸ
490 2576 676 2639 καλὸν,
714 2577 808 2629 καὶ
854 2577 947 2630 ἐπὶ
978 2577 1039 2629 τὸ
1072 2576 1263 2641 κακὸν,
1288 2577 1511 2649 δεκτικὴ
1537 2577 1631 2631 τοῦ
1662 2577 1855 2642 κακοῦ,

276 2668 394 2721 ἀλλ’
434 2669 485 2721 εἰ
528 2667 812 2720 θέλεισούκ
848 2666 1267 2737 ὰποτελεστική.

1954 1850 2203 1917 plebeius
2228 1860 2333 1904 est.
2370 1852 2527 1905 Alius
2571 1852 2745 1907 durus
2792 1863 3006 1919 natura,
3056 1857 3295 1925 applicat
3343 1858 3539 1911 volun-

1956 1944 2123 1990 tatem
2178 1951 2330 1990 suam
2368 1938 2435 1991 ad
2486 1940 2695 1993 cultum
2743 1940 3013 2005 divinum,
3070 1958 3233 2011 quem
3288 1953 3538 2014 acceptat

1954 2042 2174 2097 quoque
2202 2029 2346 2083 Deus
2372 2046 2385 2095 ;
2413 2041 2663 2086 remanet
2693 2048 2825 2087 vero
2854 2043 3049 2087 natura
3082 2036 3204 2104 ejus
3232 2036 3284 2089 in
3310 2052 3405 2091 sua
3438 2038 3539 2092 du-

1956 2121 2104 2178 ritie.
2134 2121 2289 2190 isque
2321 2122 2434 2176 Deo
2463 2123 2661 2191 placet.
2690 2125 2844 2180 Alius
2878 2134 2961 2180 est
2989 2128 3233 2181 moribus
3262 2128 3532 2199 benignis,

1958 2228 2169 2281 aequus,
2196 2213 2376 2267 bonus
2404 2230 2417 2280 ;
2441 2214 2605 2269 offert
2639 2217 2879 2285 seipsum
2930 2218 3062 2279 Deo.
3092 2234 3156 2273 ac
3187 2220 3381 2289 recipit
3409 2235 3536 2274 eum

1959 2302 2354 2371 Dominus;eo
2384 2320 2535 2369 vero,
2588 2307 2683 2375 qui
2735 2322 2843 2361 non
2886 2318 3203 2376 perseverat
3259 2310 3311 2363 in
3376 2310 3536 2367 bonis

1960 2396 2239 2463 operibus,
2268 2412 2377 2449 non
2433 2396 2775 2463 delectatur;
2812 2398 3082 2467 siquidem
3135 2400 3390 2455 universa
3438 2417 3537 2456 na-

1958 2495 2081 2540 tura
2131 2486 2260 2541 Ada:
2288 2487 2570 2541 mutabilis
2594 2497 2679 2541 est
2713 2495 2826 2542 tum
2855 2490 2909 2543 in
2942 2490 3166 2555 bonum,
3198 2498 3311 2544 tum
3347 2492 3399 2544 in
3425 2508 3537 2547 ma-

1958 2576 2111 2630 lum:
2149 2591 2319 2643 capax
2350 2576 2573 2645 quidem
2622 2578 2771 2643 mali,
2801 2580 2948 2647 quod
2984 2590 3191 2642 tamen,
3224 2582 3267 2635 si
3302 2582 3455 2647 velit,
3482 2582 3539 2638 in

1960 2667 2218 2721 effectum
2246 2683 2357 2721 non
2378 2668 2623 2723 deducit.

351 2761 445 2826 C7.
487 2758 698 2827 Ὠσπερ
718 2759 991 2827 σωμάτιον
1036 2758 1379 2827 γραφόμενόν
1419 2758 1555 2817 ἐστι.
1590 2756 1859 2828 διαφόρως
1910 2746 1917 2747 ί

279 2850 514 2917 θελήσας
556 2847 824 2919 ἔγραψας,
862 2848 1023 2900 πάλιν
1045 2847 1371 2916 ἀπαλείψας·
1402 2847 1615 2916 δέχεται
1644 2848 1751 2917 γὰρ
1797 2849 1858 2900 τὸ
1964 2867 1970 2903 l

1848 2866 1858 2899 l
1964 2850 2092 2914 sita,
2120 2849 2172 2902 in
2200 2866 2306 2918 qua
2336 2851 2507 2913 varie,
2540 2859 2597 2904 ut
2622 2852 2889 2915 volueris,
2919 2854 3230 2921 scripseris,
3261 2870 3324 2908 ac
3350 2872 3539 2911 rursus

279 2942 554 3010 σωμάτιον
586 2942 768 2993 πᾶσαν
800 2940 1039 3009 γραφήν·
1068 2938 1210 2993 οὕτω
1248 2939 1343 2992 καὶ
1370 2939 1399 2991 6
1430 2938 1682 3009 σκληρὸς,
1719 2940 1852 2992 ἐδω-
1962 2962 1970 2993 ι

1850 2964 1852 2975 ι
1962 2942 2372 2997 oblitteraveris
2416 2944 2584 3012 (capit
2612 2944 2759 2997 enim
2806 2947 3123 3000 membrana
3153 2962 3541 3017 quamcunque

276 3051 375 3086 κεν
418 3032 583 3085 αὑτοῦ
612 3031 673 3084 τὸ
707 3032 916 3102 θέλημα
947 3030 1082 3100 πρὸς
1118 3031 1211 3083 τὸν
1248 3030 1401 3090 Θεὸν.
1440 3030 1651 3100 ἐτράπη
1682 3031 1762 3093 εἰς
1798 3030 1860 3083 τὸ
1899 3094 1933 3102 _
1964 3044 1967 3087 1

1850 3047 1860 3082 ι
1899 3094 1933 3102 _
1964 3031 2076 3100 96
2115 3031 2467 3100 scripturam)
2516 3031 2597 3084 sic
2622 3031 2788 3085 etiam
2807 3032 2981 3086 durus
3006 3033 3344 3087 voluntatem
3384 3049 3541 3088 suam

276 3124 505 3191 ἀγαθὸν,
531 3123 721 3193 ἐδέχθη
896 3094 1172 3175 τοῦ-Θεοῦ.
1210 3121 1269 3174 '0
1297 3120 1406 3191 γὰρ
1432 3094 1564 3185 Θεδς
1596 3094 1682 3174 ἵνα
1703 3119 1854 3191 δείξῃ
1888 3094 1935 3159 c

1852 3162 1854 3189 .
1888 3094 1935 3159 c
1968 3124 2200 3179 contulit
2223 3125 2277 3177 in
2300 3125 2810 3189 Deum,conversus
2826 3128 2993 3180 estad
3015 3125 3543 3196 bonum,susceptus

2034 2760 2120 2813 Vl.
2152 2758 2624 2823 Quemadmodum
2671 2768 2754 2814 est
2808 2762 3125 2817 membrana
3161 2764 3360 2819 litteris
3409 2781 3540 2819 con-

274 3217 351 3269 τὰ
385 3214 578 3269 ἐαυτοῦ
609 3214 916 3283 σπλάγχνα,
946 3212 1157 3275 πάντας
1185 3212 1421 3283 δέχεται,
1446 3214 1630 3267 πᾶσαν
1658 3214 1855 3283 προαί-

278 3322 451 3378 ρεσιν.
482 3307 544 3359 Oi
591 3305 901 3369 ἀπόστολοι,
960 3307 1040 3367 εἰς
1097 3306 1163 3374 ἢν
1198 3304 1266 3358 ἂν
1320 3304 1475 3357 πόλιν
1514 3304 1854 3375 εἰσήρχοντο,

279 3403 501 3455 ἐποίουν
535 3400 659 3453 τινὰ
695 3400 910 3471 χρόνον,
938 3401 1033 3453 καὶ
1078 3402 1142 3452 ἐκ
1171 3399 1280 3453 τῶν
1313 3397 1671 3467 κακουμένων
1706 3398 1858 3459 τινὰς

282 3496 462 3553 ἰῶντο,
512 3494 664 3556 τινὰς
696 3494 753 3545 δὲ
774 3492 859 3547 οὕ.
911 3492 1142 3545 Ἤθελον
1186 3491 1244 3544 δέ
1288 3490 1443 3545 αύτοί⁵
1476 3492 1527 3544 οἰ
1568 3490 1857 3544 ἀπόστολοι

278 3585 489 3647 πάντας
516 3585 640 3645 τοὺς
674 3584 901 3653 νεκροὺς
940 3582 1120 3636 αὐτῶν
1148 3583 1456 3647 ζωοποιεῖν,
1481 3583 1574 3635 καὶ
1602 3582 1730 3643 τοὺς
1758 3598 1859 3634 κα·

278 3679 579 3747 τεθυμένους
604 3678 681 3740 εἰς
705 3676 915 3743 ὑγίειαν
938 3676 1147 3746 φέρειν,
1179 3677 1273 3729 καὶ
1303 3673 1567 3736 όλοτελῶς
1602 3674 1702 3725 οὐκ
1737 3673 1854 3739 ἐγί-

278 3786 403 3821 νετο
442 3768 619 3819 αὐτῶν
649 3768 709 3819 τὸ
744 3767 976 3836 θέλημα·
1026 3767 1086 3819 οὐ
1138 3768 1245 3834 γὰρ
1285 3766 1624 3835 ἐπετρέπετε»
1670 3764 1855 3825 αὐτοῖς

278 3864 380 3913 ὅσα
404 3859 591 3930 ἣθελον
623 3862 816 3911 ποιεῖν.
869 3858 1100 3928 Ὁμοίως
1123 3859 1219 3910 καὶ
1244 3861 1272 3911 6
1303 3858 1536 3919 Παῦλος,
1566 3857 1654 3909 ὅτε
1686 3858 1854 3926 ἐκρα-

277 3953 422 4021 τήθη
450 3952 554 4004 ὑπὸ
586 3951 679 4003 τοῦ
704 3950 988 4019 ἐθνάρχου,
1016 3953 1063 4002 εἰ
1094 3949 1283 4019 ἢθελεν
1308 3951 1339 4018 ή
1376 3951 1472 4002 σὺν
1499 3948 1649 4017 αὐτῷ
1674 3949 1851 4017 χάρις,

279 4042 457 4095 ἐποίει
484 4043 575 4095 τὸν
606 4041 873 4110 ἐθνάρχην
904 4044 996 4093 καὶ
1026 4042 1086 4093 τὸ
1114 4043 1289 4109 τεῖχος
1327 4040 1711 4110 διαρραγῆναι,
1757 4037 1855 4090 ἄν·

281 4136 498 4204 θρωπος
534 4134 672 4203 ἔχων
710 4133 1086 4204 Παράκλητον·
1121 4132 1261 4185 ἀλλὰ
1297 4132 1385 4185 διὰ
1435 4132 1711 4201 σαργάνης
1759 4147 1856 4199 χα-

279 4228 441 4280 λᾶται
467 4227 496 4277 ὁ
537 4225 876 4286 Ἀπόστολος.
913 4224 1023 4277 Καὶ
1071 4222 1174 4276 ποῦ
1204 4225 1236 4291 ἡ
1277 4222 1512 4276 συνοῦσα
1561 4222 1678 4275 θεία
1709 4222 1858 4273 δύνα-

284 4336 406 4389 μιςς
439 4316 608 4370 ταῦτα
635 4316 991 4385 οἰκονομικῶς
1030 4316 1258 4379 ἐγίνετο,
1296 4316 1375 4387 εἰς
1406 4331 1529 4368 τινα
1556 4314 1855 4383 πράγματα

1958 3224 2041 3269 est
2074 3232 2104 3269 a
2135 3217 2268 3270 Deo.
2320 3217 2464 3270 Deus
2495 3217 2667 3280 enim,
2725 3225 2787 3270 ut
2834 3217 3026 3271 intima
3075 3219 3281 3272 amoris
3326 3219 3544 3275 viscera

1959 3308 2385 3370 demonstraret,
2428 3323 2622 3362 omnes
2665 3308 2863 3377 recipit
2921 3325 3250 3379 omnemque
3290 3314 3546 3367 volunta-

1963 3408 2091 3453 tem.
2122 3400 2367 3467 Apostoli
2398 3414 2785 3468 quamcunque
2831 3400 3115 3455 civitatem
3152 3402 3545 3471 ingredieban‘

1960 3498 2069 3552 tur,
2098 3491 2459 3544 morabantur
2489 3490 2543 3543 in
2570 3505 2634 3543 ea
2663 3491 3006 3559 aliquantum
3043 3493 3328 3561 temporis,
3377 3502 3434 3546 et
3476 3509 3546 3548 ex

1958 3583 2099 3636 male
2133 3582 2348 3635 allectis
2368 3582 2632 3651 quosdam
2654 3581 2944 3645 sanabant,
2970 3584 3236 3651 quosdam
3255 3600 3387 3638 vero
3412 3600 3543 3639 non.

1958 3673 2305 3740 Exoptabant
2334 3688 2466 3726 vero
2493 3674 2592 3740 ipsi
2625 3674 2857 3742 apostoli
2895 3682 3126 3728 cunctos
3170 3689 3363 3728 eorum
3394 3690 3548 3728 mor-

1961 3774 2086 3819 tuos
2108 3766 2161 3818 in
2186 3766 2353 3818 vitam
2381 3765 2720 3834 postliminio
2741 3774 3097 3830 revocare,et
3114 3767 3256 3820 male
3277 3767 3547 3823 habentes

1960 3858 2027 3909 ad
2072 3858 2364 3911 sanitatem
2400 3857 2747 3924 perducere;
2800 3872 2993 3910 verum
3040 3857 3300 3911 voluntas
3352 3874 3548 3912 eorum

1959 3960 2063 3998 non
2092 3959 2187 4012 per
2217 3946 2398 3997 omnia
2434 3945 2797 4013 implebatur;
2833 3960 2943 3998 non
2983 3946 3132 3999 enim
3162 3946 3397 4001 dabatur
3445 3950 3527 4003 eis

1956 4050 2297 4103 quaecunque
2360 4034 2640 4096 volebant,
2683 4049 2963 4103 peragere.
3015 4033 3280 4088 Similiter
3323 4036 3548 4127 Paulus.

1958 4142 2081 4181 cum
2113 4127 2455 4181 detineretur
2479 4142 2509 4179 a
2544 4126 2805 4194 prmfecto
2831 4127 3028 4195 gentis,
3060 4127 3105 4179 si
3134 4126 3407 4183 voluisset
3425 4126 3549 4196 gra4

1958 4217 2031 4270 tia
2080 4232 2188 4286 qua
2236 4216 2501 4286 praaditus
2545 4227 2698 4281 erat,
2749 4216 2969 4270 fecisset
3015 4216 3334 4285 praefectum
3384 4219 3541 4272 illum

1958 4310 2156 4379 gentis,
2194 4319 2359 4377 atque
2393 4324 2611 4361 murum
2653 4308 2915 4377 dirumpi,
2938 4315 2996 4361 et
3032 4308 3277 4378 effringi,
3314 4310 3543 4379 quippe,

282 4412 459 4463 ποιεῖν
484 4409 679 4469 αὐτοὺς
729 4411 930 4477 σημεῖα
984 4408 1078 4460 xal.
1112 4406 1425 4476 θαυμάσια,
1462 4406 1558 4458 καὶ
1606 4405 1686 4468 εἰς
1733 4422 1853 4458 τινα
1879 4416 1973 4480 1)(

1879 4422 1932 4480 D
1959 4400 2051 4469 qui
2079 4400 2243 4453 homo
2270 4407 2390 4452 erat
2424 4398 2706 4452 Paracleto
2728 4399 3010 4465 repletus;
3037 4413 3233 4451 verum
3264 4413 3365 4467 per
3385 4414 3547 4468 spor-

280 4501 531 4554 ἀσθενεῖν
579 4496 773 4561 αὐτούς
802 4517 815 4528 ·
847 4498 932 4550 ἵνα
970 4498 1027 4549 ἐν
1074 4496 1285 4558 τούτοις
1318 4494 1569 4565 διακριθῇ
1602 4495 1634 4562 ὴ
1672 4495 1857 4557 πίστις
1955 4504 1971 4549 ι

1855 4514 1857 4520 ν
1955 4504 2065 4549 tam
2100 4492 2397 4545 dimittitur
2430 4489 2888 4559 Apostolusw“.
2922 4490 2991 4543 Et
3014 4490 3105 4543 ubi
3134 4490 3312 4543 virtus
3337 4491 3546 4557 divina,

280 4591 393 4644 τῶν
422 4590 664 4642 ἀπίστων
705 4590 798 4641 καὶ
849 4588 958 4641 τῶν
989 4588 1213 4652 πιστῶν,
1258 4588 1351 4639 καὶ
1404 4586 1464 4638 τὸ
1514 4586 1858 4651 αὐτεξούσιον

279 4682 610 4751 δοκιμασθῇ,
645 4682 735 4734 καὶ
768 4681 1079 4751 φανερωθῇ,
1115 4681 1231 4747 εἴγε
1262 4682 1343 4741 εἰς
1387 4678 1455 4730 τὰ
1496 4677 1862 4746 ἀσθενέστερα

285 4773 428 4841 μέρη
465 4772 607 4834 τινὲς
661 4773 720 4824 οὐ
774 4771 1235 4835 σκανδαλίζονται.
1284 4770 1348 4822 Εἰ
1395 4770 1505 4837 γὰρ
1555 4769 1735 4821 πάντα
1764 4769 1864 4821 ὃσα

281 4864 476 4933 ἤθελον
507 4863 721 4916 ἐποίουν
764 4864 1149 4927 οίὰπόστολοι,
1201 4862 1579 4930 άναγκαστικῇ
1630 4859 1859 4926 δυνάμει

282 4954 551 5024 ἐφύτευον
574 4956 700 5017 τοὺς
730 4954 1049 5025 ἀνθρώπους
1082 4957 1161 5017 εἰς
1192 4954 1291 5023 τὴν
1321 4952 1649 5015 θεοσέϐειαν,
1680 4950 1767 5004 διὰ
1795 4950 1862 5003 τὰ

283 5048 512 5115 σημεῖα,
567 5046 663 5098 καὶ
701 5045 761 5098 τὸ
808 5044 1178 5109 αὐτεξούσιον,
1211 5045 1304 5095 καὶ
1340 5043 1525 5096 οὐκέτι
1558 5042 1739 5104 πίστις
1770 5040 1864 5094 καὶ

279 5138 530 5194 ἀπιστία·
568 5138 595 5189 6
643 5137 752 5207 γὰρ
790 5136 1219 5206 Χριστιανισμδς
1254 5135 1398 5198 λίθος
1429 5135 1543 5188 ἐστὶ
1583 5134 1866 5204 προσκόμ-

284 5245 457 5295 ματος
486 5228 579 5280 καὶ
603 5227 781 5298 πέτρα
803 5226 1126 5280 σκανδάλου.

1957 4602 2064 4657 qua
2093 4584 2355 4655 praeditus
2380 4583 2541 4637 erat?
2568 4582 2693 4637 Haec
2722 4598 2848 4635 cum
2874 4582 3285 4652 dispensatione
3317 4583 3545 4649 fiebant,

1960 4686 2021 4730 ut
2052 4675 2380 4745 quibusdam
2422 4674 2478 4727 in
2512 4674 2679 4727 rebus
2719 4674 2983 4727 miracula
3020 4688 3083 4726 ac
3117 4673 3271 4742 signa
3319 4674 3551 4728 ederent

1962 4769 2090 4837 ipsi,
2119 4769 2173 4820 in
2206 4766 2483 4834 aliquibus
2506 4764 2689 4818 minus
2715 4773 2972 4833 possent:
2994 4772 3055 4817 ut
3084 4765 3137 4817 in
3162 4764 3313 4820 hisce
3336 4766 3547 4819 discer-

1968 4864 2196 4910 neretur
2226 4855 2362 4907 ﬁdes
2388 4852 2753 4916 credentium,
2788 4861 2846 4906 et
2872 4868 2987 4907 non
3022 4853 3386 4919 credentium,
3412 4856 3552 4909 libe-

1969 4962 2201 5017 rumque
2246 4945 2537 4999 arbitrium
2573 4944 2923 5013 probaretur,
2957 4959 3020 4997 ac
3077 4945 3547 5012 manifestaretur,

1961 5055 2093 5093 num
2132 5038 2356 5106 quidam
2398 5036 2471 5090 ob
2518 5036 2765 5106 ipsorum
2796 5036 2850 5089 in
2880 5036 3213 5104 quibusdam
3256 5037 3551 5093 inﬁrmita-

1965 5141 2073 5186 tem
2108 5129 2469 5184 oﬂ‘ensionem
2501 5136 2844 5196 paterentur,
2907 5142 3103 5181 necne.
3130 5128 3185 5182 Si
3212 5129 3383 5192 enim,
3404 5146 3551 5198 qua:-

1965 5238 2184 5291 cunque
2245 5220 2525 5282 volebant,
2586 5219 2845 5274 fecissent
2895 5218 3149 5288 apostoli,
3205 5218 3258 5272 vi
3313 5220 3551 5288 quadam

280 5320 591 5376 necessaria
632 5320 1027 5389 compulissent
1054 5316 1306 5371 homines
1343 5314 1408 5369 ad
1430 5316 1633 5370 cultum
1664 5314 1932 5379 divinum,
1970 5330 2067 5383 per
2106 5312 2394 5372 miracula,
2422 5320 2479 5366 et
2508 5312 2743 5366 liberam
2806 5319 3158 5379 potestatem,
3182 5326 3286 5366 nec
3314 5312 3550 5382 amplius

280 5415 423 5469 ﬁdes
453 5412 665 5475 fuisset,
704 5420 799 5466 aut
828 5411 1143 5465 inﬁdelitas.
1175 5410 1611 5464 Christianorum
1648 5409 1831 5463 cultus
1861 5410 2007 5463 enim
2043 5407 2177 5477 lapis
2204 5414 2288 5460 est
2319 5404 2641 5459 offensionis
2671 5412 2728 5457 et
2750 5414 2911 5473 petra
2950 5404 3213 5459 scandali.

355 5508 428 5559 Z'.
464 5504 609 5575 Πλὴν
636 5504 695 5556 τὸ
723 5503 851 5574 περὶ
884 5503 975 5555 τοῦ
1008 5500 1128 5554 Ἱὼδ
1145 5499 1549 5570 γεγραμμένον,
1580 5500 1683 5552 οὐκ
1705 5500 1853 5551 ἐστιν

282 5596 493 5659 ἁπλῶς,
530 5595 647 5659 πῶς
697 5594 998 5665 ἐξῃτήσατο
1051 5593 1211 5647 αὐτὸν
1270 5593 1298 5645 6
1345 5592 1607 5654 Σατανᾶς.
1639 5592 1712 5644 Οὐ
1748 5592 1855 5658 γὰο

394 5776 517 5808 ⁸³³⁸
548 5774 667 5829 Act.
712 5790 784 5839 ix,
811 5774 899 5828 ει.

2036 5497 2146 5551 Vll.
2174 5484 2401 5558 Verum,
2422 5495 2568 5565 quod
2592 5495 2660 5550 de
2684 5495 2824 5549 Jobo
2853 5496 3119 5565 scriptum
3146 5506 3250 5562 est,
3274 5512 3381 5551 non
3408 5498 3548 5559 leve.

1965 5596 2061 5643 aut
2089 5587 2314 5641 omnino
2335 5587 2548 5641 nullum
2598 5594 2704 5648 est,
2724 5586 3004 5655 quomodo
3030 5586 3287 5643 nimirum
3324 5588 3553 5644 Satanas
