4282 6364
773 385 877 447 679

2009 379 2068 437 S.
2108 375 2426 435 MACARII
2468 377 2790 440 BGYPTII

766 511 893 550 eum
922 493 1269 563 expctiverit.
1312 493 1431 547 Non
1473 491 1619 547 enim
1650 490 1829 560 potuit
1861 490 1980 545 sine
2015 491 2285 559 permissu
2314 504 2343 542 a
2376 495 2421 550 Α
2451 507 2457 520 ε

2334 495 2421 550 ιΑ
2451 490 2683 557 ἠδύνατο
2745 496 2875 547 άνευ
2925 494 3241 565 ἑπιπροπῆς
3296 494 3389 562 ἀφ’
3424 493 3618 547 ἑαυτοῦ
3665 508 3719 544 τι
3768 491 4025 558 ποιῆσαι.

767 601 825 639 se
851 586 971 654 ipso
997 585 1295 653 quidquam
1319 582 1519 637 facere.
1554 580 1927 649 Verum,quid
1950 580 2086 633 dicit
2108 581 2339 633 Domino

768 675 1063 728 diabolus?
1094 674 1175 727 Da
1216 674 1347 726 mihi
1380 672 1534 725 illum
1563 672 1617 724 in
1650 688 1856 734 manus,
1900 673 1999 723 nisi
2044 673 2099 723 in
2153 672 2342 739 faciem

770 767 861 819 tibi
887 767 1289 820 benedixerit".
1322 765 1435 819 Hoc
1474 767 1657 833 itaque
1690 763 1853 817 modo
1892 779 2039 817 nunc
2074 772 2159 817 est
2195 763 2339 817 idem

767 856 890 921 Job,
925 857 1069 910 idem
1105 857 1269 918 Deus,
1315 862 1371 909 et
1414 854 1559 907 idem
1609 852 1882 907 diabolus.
1915 853 1993 906 Eo
2037 854 2155 920 ipso
2211 868 2341 922 ergo

770 955 1073 1009 momento,
1096 959 1206 1013 quo
1235 953 1565 997 consecutus
1597 953 1715 998 erat
1748 943 1962 997 Domini
1995 944 2259 997 auxilium
2286 952 2343 997 et

768 1045 1055 1108 promptus
1085 1044 1285 1091 eratet
1315 1035 1559 1089 fervidus
1614 1036 1785 1105 gratia
1837 1036 2127 1105 expetebat
2185 1036 2338 1089 illum

771 1129 1019 1190 Satanas,
1050 1127 1239 1181 dicens
1282 1126 1550 1179 Domino:
1585 1124 1723 1191 Quia
1751 1127 1910 1196 juvas
1938 1126 2112 1187 illum,
2146 1136 2195 1179 et
2224 1142 2340 1179 suo-

769 1220 937 1271 curris
967 1218 1067 1281 illi,
1100 1220 1256 1271 servit
1288 1218 1410 1281 tibi;
1444 1218 1680 1286 relinque
1700 1218 1873 1281 illum,
1900 1226 1948 1269 et
1991 1217 2142 1270 trade
2192 1218 2340 1279 mihi,

770 1313 871 1365 nisi
906 1312 961 1363 in
1001 1312 1187 1379 faciem
1233 1311 1323 1363 tibi
1374 1309 1777 1362 benedixerit".
1811 1308 2071 1377 Superest
2106 1317 2186 1372 ut,
2215 1308 2343 1376 quia

770 1404 1145 1457 consolatione
1199 1400 1444 1455 reﬁcitur
1500 1402 1701 1464 anima,
1738 1401 1910 1469 gratia
1947 1415 2005 1453 se
2048 1398 2341 1461 subducat,

768 1504 933 1563 atque
964 1494 1145 1547 anima
1191 1493 1592 1545 tentationibus
1643 1491 1913 1544 tradatur.
1956 1490 2183 1544 Accedit
2212 1505 2343 1559 ergo

769 1586 1044 1645 diabolus.
1098 1583 1341 1636 inferens
1398 1581 1611 1635 inﬁnita
1669 1581 1830 1644 mala,
1877 1581 2340 1649 desperationem,

770 1672 1341 1734 abrenuntiationem,
1396 1668 1757 1739 cogitationes
1803 1684 1998 1737 pravas
2028 1709 2041 1732 ,
2097 1667 2343 1737 amigcns

768 1764 1031 1826 animam,
1090 1771 1150 1816 ut
1185 1760 1428 1815 emolliat
1474 1768 1529 1814 et
1565 1758 1837 1815 abalienet
1894 1774 2015 1815 eam
2070 1774 2101 1812 a
2150 1774 2245 1829 spe
2284 1759 2340 1812 in

769 1853 940 1906 Deum
976 1864 1257 1920 concepta.

840 1944 976 1997 Vlll.
1006 1943 1253 1997 Prudens
1305 1951 1488 1996 autem
1547 1942 1747 2004 anima,
1780 1941 1932 1994 hisce
1973 1941 2131 1993 malis
2174 1947 2339 2009 atque

767 2032 1157 2086 altlictionibus
1186 2032 1406 2095 obruta,
1426 2047 1535 2085 non
1567 2032 1841 2100 desperat,
1870 2031 1966 2085 sed
1996 2040 2163 2093 tenet,
2190 2032 2339 2099 quod

769 2133 951 2179 tenet:
978 2140 1040 2179 ac
1061 2139 1404 2193 quaecunque
1431 2123 1483 2177 ei
1526 2124 1674 2176 illata
1700 2123 1907 2176 iuerint
1960 2138 2061 2192 per
2098 2123 2342 2178 inﬁnitas

771 2218 1103 2272 tentationes
1130 2217 1348 2279 tolerat,
1384 2216 1677 2285 inquiens:
1714 2216 1893 2270 Etiam
1917 2217 1963 2269 si
2005 2218 2226 2281 moriar,
2274 2216 2339 2269 ab

768 2326 827 2361 eo
860 2326 963 2361 non
986 2308 1263 2375 deﬁciam:
1292 2317 1349 2362 et
1395 2316 1533 2371 tum,
1572 2307 1617 2361 si
1667 2308 1935 2363 sustineat
1960 2308 2128 2363 homo
2166 2324 2341 2379 usque

768 2402 834 2455 ad
864 2402 1048 2467 ﬁnem,
1076 2401 1268 2470 incipit
1298 2401 1564 2455 Dominus
1599 2400 1879 2469 disputare
1924 2415 2049 2454 cum
2104 2400 2336 2456 Satana:

772 2492 921 2546 Vides
965 2500 1163 2562 quanta
1194 2491 1358 2555 mala,
1388 2500 1718 2560 quantasque
1762 2492 2061 2560 aﬂlictiones
2096 2492 2340 2545 intuleris

768 2584 883 2646 illi,
954 2600 1043 2635 nec
1092 2584 1268 2653 paruit
1320 2584 1409 2635 tibi
1456 2600 1473 2636 :
1536 2585 1625 2635 sed
1704 2584 1829 2635 mihi
1878 2584 2065 2647 servit,
2120 2601 2183 2635 ac
2262 2600 2342 2636 me

771 2676 970 2727 metuit.
1017 2674 1155 2727 Tum
1205 2673 1414 2742 pudore
1448 2673 1690 2727 sull‘usus
1744 2673 1993 2737 Satanas,
2022 2674 2166 2743 quod
2195 2675 2342 2729 dicat

772 2767 913 2818 ultra
940 2779 1049 2817 non
1089 2763 1273 2817 habet.
1308 2762 1584 2828 Quantum
1610 2764 1757 2816 enim
1792 2763 1859 2816 ad
1892 2763 2112 2828 Jobum,
2164 2764 2211 2817 si
2239 2780 2341 2817 no-

769 2857 936 2909 visset
970 2869 1097 2908 eum
1134 2854 1189 2907 in
1227 2854 1557 2907 tentationes
1592 2852 1841 2922 illapsum
1873 2863 2187 2907 constanter
2214 2871 2344 2922 per-

768 2946 1008 3000 laturum
1036 2960 1177 3009 esse,
1208 2960 1310 2999 nec
1341 2952 1657 3013 superatum
1710 2945 1799 3007 iri,
1854 2960 1965 2998 non
1999 2955 2153 2999 certe
2177 2961 2343 3015 expe-

771 3036 986 3090 tivisset
1022 3050 1173 3099 eum,
1220 3050 1290 3088 ne
1321 3035 1531 3103 pudore
1582 3034 1912 3089 afﬁceretur.
1979 3034 2071 3090 Sic
2123 3052 2342 3106 quoque

2456 585 2615 637 Ἀλλὰ
2643 586 2694 637 τί
2726 586 2871 653 λέγει
2897 585 2975 655 τῷ
3006 586 3193 654 Κυρίῳ
3219 588 3247 637 6
3271 584 3547 649 διάϐολοςς
3579 585 3689 646 Δός
3705 597 3809 650 μοι
3833 580 4031 634 αὐτὸν

2442 679 2530 742 εὶς
2566 676 2786 744 χεῷας⁶
2828 673 2867 745 ἦ
2900 677 3029 745 μὴν
3054 680 3133 741 εις
3182 677 3507 738 πρόσωπόν
3548 689 3624 727 σε
3671 670 4030 741 sulm-viast.

2445 767 2631 830 Οὕτως
2660 770 2754 820 καὶ
2782 768 2875 820 νῦν
2898 771 2925 820 6
2952 769 3113 829 αὑτὸς
3155 768 3273 819 Ίώϐ
3304 769 3443 829 ἐστι,
3478 766 3570 817 καὶ
3600 767 3627 816 6
3669 763 3832 824 αὑτὸς
3865 761 4032 821 Θεὸς,

2444 860 2537 911 καὶ
2575 861 2602 910 6
2632 859 2790 920 αὐτὸς
2818 858 3083 919 διάϐολος.
3131 858 3219 910 Ἐν
3243 859 3351 924 ὅσῳ
3379 856 3471 908 οὖν
3508 854 3767 923 τυγχάνει
3794 852 3897 919 τῆς
3927 854 4035 903 άν-

2442 948 2714 1017 τιλήψεως
2744 947 2899 1009 Θεοῦ,
2931 948 3024 1000 καὶ
3063 948 3176 1000 ἔστι
3208 947 3485 1016 πρόθυμος
3527 947 3621 997 καὶ
3656 944 3791 1008 ζέων
3825 944 3891 1010 τῇ
3926 943 4033 1010 χά-

2446 1056 2555 1109 ριτι
2574 1039 2866 1103 δξαιτεῖται
2887 1040 3049 1093 αὑτὸν
3070 1040 3097 1090 6
3118 1040 3383 1099 Σατανᾶς.
3402 1036 3509 1089 Kal
3531 1036 3681 1102 λέγει
3700 1034 3781 1102 τῷ
3802 1034 4028 1103 Κυρίῳ,

2446 1130 2687 1196 Ἐπειδὴ
2716 1130 2963 1196 βοηθεῖς
2988 1128 3169 1193 αὐτῷ,
3196 1128 3292 1181 καὶ
3326 1125 3786 1195 άντιλαμόάνεις
3807 1121 4025 1186 αὐτοῦ,

2444 1224 2719 1277 δουλεύει
2739 1238 2874 1285 σοι;
2900 1222 3047 1290 ἄφες
3069 1221 3259 1275 αὑτὸν
3280 1220 3375 1273 καὶ
3404 1219 3669 1286 παράδος
3683 1234 3804 1284 μοι,
3830 1210 3867 1284 ᾖ
3888 1212 4027 1282 μὴν

2446 1318 2533 1379 εὶς
2560 1312 2885 1381 πρόσωπόν
2909 1327 2983 1365 σε
3014 1308 3354 1378 εὐλογήσει.
3380 1308 3600 1367 Λοιπὸν,
3624 1305 3699 1367 ὡς
3724 1307 3804 1357 ὅτι
3836 1321 4026 1371 παρα-

2448 1405 2691 1458 καλεῖται
2711 1406 2743 1474 ή
2766 1402 2933 1473 ψυχὴ,
2956 1405 2990 1472 η
3018 1402 3177 1472 χάρις
3200 1398 3539 1461 ὑποστέλλει,
3558 1397 3652 1448 xal
3672 1393 4031 1464 παραδίδοται

2447 1496 2651 1565 ἡψυχὴ
2701 1497 3051 1565 πειρασμοῖς.
3084 1494 3347 1560 Ἔρχεται
3376 1490 3469 1543 οὖν
3513 1491 3541 1541 6
3591 1487 3858 1549 διάϐολος,
3895 1485 4026 1535 ἑπι-

2448 1586 2628 1654 φέρων
2666 1586 2837 1653 μυρία
2875 1583 3042 1647 κακὰ,
3070 1580 3447 1649 ἀπελπισμὺν,
3478 1577 3807 1645 ἀπόγνωσιν,
3843 1572 4032 1627 διαλοο

2447 1675 2680 1743 γισμοὺς
2710 1676 3002 1744 πονηροὺς,
3052 1672 3251 1727 θλίϐων
3280 1672 3379 1741 τὴν
3412 1670 3609 1739 ψυχὴν,
3648 1668 3735 1720 ἵνα
3768 1664 4031 1735 χαυνώσῃ

2449 1768 2541 1819 καὶ
2575 1766 2913 1837 ἁλλοτριώσῃ
2949 1766 3155 1835 ταύτην
3185 1765 3284 1833 τῆς
3318 1762 3532 1825 ἐλπίδος
3571 1760 3666 1813 τοῦ
3695 1758 3858 1815 Θεοῦ.

2518 1946 2600 1998 Η⁹.
2655 1946 2718 1996 'H
2755 1944 2812 1996 δὲ
2852 1942 3088 2012 φρονίμη
3116 1939 3264 2011 ψυχὴ
3305 1942 3363 1992 ὲν
3396 1940 3509 2000 τοῖς
3548 1937 3734 1996 κακοῖς
3764 1928 3903 1987 οὖσα
3932 1932 4032 1984 καὶ

2451 2040 2510 2089 ἐν
2539 2040 2606 2107 τῇ
2634 2035 2831 2104 θλίψει,
2868 2035 2969 2087 οὐκ
2999 2032 3312 2096 ἀπελπίζει,
3351 2029 3489 2082 ana
3534 2029 3727 2097 κρατεῖ
3750 2026 3778 2080 6
3810 2026 4029 2094 κρατεῦ

2450 2130 2544 2183 καὶ
2590 2129 2688 2181 ὅσα
2719 2128 2786 2180 ἂν
2827 2126 3096 2195 ἐπενέγκῃ
3135 2123 3271 2193 αὑτὴ
3312 2123 3399 2176 διὰ
3451 2121 3661 2191 μυρίων
3700 2116 4032 2187 πειρασμῶν

2449 2221 2813 2289 ὑπομένουσα,
2851 2217 3023 2283 λέγει,
3064 2213 3209 2267 Ἐὰν
3241 2212 3339 2264 καί
3368 2208 3664 2270 ἀποθάνω,
3694 2205 3809 2275 ἐγὼ
3836 2204 4032 2258 αὑτὸν

2446 2315 2559 2366 οὐκ
2588 2312 2765 2379 ἀερίω.
2793 2310 2901 2363 Kal
2928 2309 3051 2360 τότε
3074 2307 3168 2359 εὰν
3186 2303 3457 2373 ὑπομείνῃ
3484 2302 3561 2362 εἰς
3583 2298 3735 2361 τέλος
3758 2298 3788 2344 δ
3812 2296 4031 2365 ἄνθρω-

2451 2423 2570 2467 πος,
2626 2404 2853 2473 ἄρχεται
2912 2402 2941 2454 6
2986 2398 3189 2470 Κύριος
3254 2392 3596 2461 διαλέγεσθαι
3651 2390 3731 2461 τῷ
3782 2390 4027 2458 Σατανᾷ,

2451 2496 2656 2565 Ὀρᾷς,
2681 2498 2845 2549 πόσα
2872 2492 3028 2547 κακὰ
3064 2489 3163 2543 καὶ
3199 2489 3437 2555 θλίψεις
3474 2482 3811 2551 ἐπήνεγκας
3841 2478 4027 2547 αὐτῷ,

2448 2589 2545 2642 καὶ
2582 2588 2693 2653 οὐχ
2737 2582 3056 2652 ὑπήκουσέ
3093 2595 3212 2644 σοι,
3256 2578 3393 2631 ἀλλ’
3425 2575 3551 2644 ἐμοὶ
3587 2573 3888 2637 δουλεύει,
3924 2571 4030 2623 καί

2446 2680 2550 2748 ἐμὲ
2586 2677 2863 2747 φοϐεῖται.
2905 2676 3038 2727 Τότε
3076 2670 3501 2739 καταισχύνεται
3538 2668 3567 2719 6
3614 2664 3857 2725 διάϐολος
3879 2706 3892 2727 ,
3929 2662 4030 2715 καὶ

2448 2770 2630 2822 οὐκέτι
2685 2768 2797 2836 εχει
2854 2783 2907 2818 τι
2967 2766 3161 2818 εἰπεῖν.
3215 2762 3324 2816 Kal
3373 2761 3482 2829 γὰρ
3516 2758 3607 2811 επὶ
3656 2755 3752 2809 τοῦ
3796 2753 3942 2819 Ἰὼϐ,
3977 2753 4029 2806 ει

2449 2862 2585 2931 ⁴ἤδει,
2612 2862 2694 2913 ὅτι
2736 2862 2816 2921 είς
2842 2856 2969 2919 τοὺς
2998 2855 3335 2925 πειρασμοὺς
3372 2849 3629 2919 ἐμπεσὼν
3664 2848 3847 2918 μέλλει
3888 2848 4026 2899 ὑπο-

2452 2953 2634 3019 μένειν
2677 2952 2771 3003 καὶ
2826 2950 2899 3019 μὴ
2951 2946 3240 3017 ἡττᾶσθαι,
3270 2945 3370 2997 οὑκ
3407 2944 3472 2995 ἂν
3504 2942 3805 3012 ἐξῃτήσατο
3834 2936 4027 2999 αὑτὸν,

2452 3044 2537 3096 ἵνα
2569 3042 2644 3112 μὴ
2677 3038 3070 3110 καταισχυνθῇ.
3101 3036 3287 3098 Οὕτως
3330 3036 3425 3088 καὶ
3472 3033 3569 3086 νῦν
3606 3033 3685 3094 είς
3714 3030 3840 3091 τοὺς
3888 3029 4027 3080 ὑπο-

768 3142 935 3192 nunc,
970 3135 1193 3196 propter
1216 3141 1312 3179 eos
1346 3127 1439 3195 qui
1468 3125 1752 3194 perferunt
1784 3128 2105 3182 aﬂlictiones
2128 3144 2191 3182 ac
2224 3138 2343 3184 ten-
2373 3158 2415 3215 ο
2454 3152 2459 3201 ι

2335 3158 2415 3215 ια
2454 3133 2715 3201 μένοντας
2754 3131 2961 3198 θλίψεις
3003 3130 3098 3181 καὶ
3149 3124 3509 3195 πειρασμοίκ,
3541 3120 3967 3189 καταισχύνεται
3996 3118 4026 3170 6

772 3218 1027 3281 lationes,
1068 3216 1425 3270 confunditur
1471 3217 1719 3280 Satanas,
1766 3234 1831 3271 ac
1885 3220 2209 3287 paenitentia
2238 3221 2343 3274 du-

768 3310 933 3372 citur,
950 3308 1094 3378 quod
1117 3308 1253 3361 nihil
1272 3307 1537 3362 eﬂ‘ecerit.
1560 3308 1756 3377 Incipit
1771 3310 1918 3363 enim
1938 3312 2201 3365 Dominus
2218 3328 2345 3366 eum

769 3398 851 3451 sic
886 3397 1091 3466 alloqui
1129 3415 1142 3449 :
1180 3396 1322 3460 Vide,
1359 3398 1570 3461 discedi,
1609 3400 1824 3467 permisi
1851 3400 1941 3451 tibi
1965 3416 2080 3453 eum
2118 3410 2343 3466 tentare,

770 3488 1006 3556 nunquid
1058 3488 1389 3556 prastitisti?
1418 3489 1657 3555 nunquid
1708 3490 2083 3558 obtemperavit
2116 3493 2255 3545 tibi?

840 3579 930 3633 IX.
968 3579 1339 3648 Interrogatio.
1377 3580 1459 3633 An
1494 3582 1673 3649 utique
1716 3594 1929 3635 cunctas
1957 3584 2178 3637 hominis
2202 3588 2344 3655 cogi-

770 3675 993 3726 tationes
1022 3681 1067 3724 et
1088 3672 1305 3727 consilia
1338 3676 1475 3725 novit
1504 3673 1779 3727 Satanas?

837 3763 943 3832 97
984 3763 1288 3832 Responsio.
1328 3763 1384 3816 Si
1419 3764 1603 3826 homo,
1636 3765 1730 3831 qui
1766 3781 1890 3819 cum
1950 3766 2172 3821 homine
2210 3784 2343 3822 con-

768 3864 1040 3917 versatur,
1086 3854 1238 3907 novit
1282 3870 1404 3921 qum
1435 3864 1563 3908 sunt
1600 3858 1740 3925 ejus,
1774 3867 1830 3911 et
1867 3867 1923 3910 tu
1971 3870 2132 3913 natus
2172 3876 2345 3915 annos

766 3943 959 4013 viginti
994 3944 1190 3997 novisti
1219 3960 1282 3997 ea
1325 3960 1447 4012 qua:
1484 3954 1612 3998 sunt
1642 3947 1898 4013 proximi.
1936 3950 2184 4018 nunquid
2213 3965 2344 4020 ergo

768 4034 997 4088 Satanas
1048 4033 1184 4102 ipse,
1222 4036 1315 4103 qui
1376 4051 1405 4088 a
1458 4037 1745 4091 nativitate
1803 4038 1903 4091 tibi
1963 4050 2340 4105 conversatur,

768 4122 983 4190 ignorat
1009 4121 1369 4190 cogitationes
1404 4122 1564 4175 tuas?
1593 4123 1807 4178 Sexties
1828 4126 1975 4178 enim
2002 4126 2149 4181 mille
2169 4142 2342 4181 anno-

768 4226 887 4263 rum
922 4220 1136 4265 aatatem
1173 4212 1358 4265 habet.
1394 4213 1505 4267 Nec
1544 4213 1777 4269 dicimus
1806 4231 1983 4280 seum,
2024 4218 2341 4286 priusquam

767 4312 941 4357 tentet
970 4303 1271 4367 hominem,
1328 4318 1489 4359 nosse
1513 4304 1644 4373 quid
1707 4306 1959 4359 facturus
1995 4307 2085 4361 sit.
2147 4308 2345 4363 Tentat

764 4397 913 4451 enim
967 4405 1227 4460 tentator,
1278 4411 1390 4449 non
1458 4406 1641 4451 tamen
1714 4399 1993 4467 cognitum
2057 4398 2223 4453 habet
2272 4414 2341 4453 an

2448 3225 2715 3285 Σατανᾶς,
2749 3222 2845 3275 καὶ
2883 3222 3151 3289 μετανοεῖ,
3174 3219 3257 3270 ὅτι
3294 3216 3461 3285 μηδὲν
3515 3214 3730 3283 ἠνυσεν.
3760 3213 4023 3281 ’Δρχεται

2448 3318 2554 3387 γὰρ
2586 3318 2614 3369 6
2636 3314 2839 3384 Κύριος
2864 3313 3019 3379 λόγον
3052 3310 3199 3379 αὑτῷ
3225 3310 3398 3360 ποιεῖν
3421 3322 3438 3339 ο
3470 3306 3591 3360 Ἴδε
3626 3304 4026 3370 παρεχώρησα

2446 3424 2564 3470 σοι,
2616 3405 2705 3457 ιδε
2742 3402 3041 3470 ἐπέτρεψὰ
3075 3414 3175 3454 σοι
3226 3398 3506 3465 πειράσαι
3556 3396 3783 3457 αὑτὸν,
3827 3393 3914 3462 μή
3968 3410 4023 3446 τι

2446 3496 2784 3565 ἠδυνήθης;
2818 3495 2902 3564 μή
2943 3512 2997 3547 τι
3034 3490 3351 3557 ὑπήκουσέ
3390 3504 3526 3550 om;

2517 3588 2595 3641 8’.
2639 3587 2975 3655 Ἐρώτησις.
3001 3586 3070 3637 ει
3113 3583 3227 3651 ἄρα
3260 3582 3443 3645 ὅλους
3501 3577 3645 3643 τοὺς
3689 3575 4025 3644 λογισμοὺς

2446 3675 2553 3728 τοῦ
2578 3675 2892 3741 ἀνθρώπου
2917 3672 3015 3725 καὶ
3063 3671 3136 3724 τὰ
3166 3671 3435 3737 νοήματα
3463 3664 3627 3721 οἶδεν
3649 3668 3683 3719 d
3710 3664 3981 3729 Σατανᾶς
4004 3682 4021 3725 ;

2530 3768 2893 3833 Ἀπόκρισις.
2930 3765 2990 3817 El
3021 3764 3306 3833 ἄνθρωπος
3338 3760 3609 3830 ἀνθρώπῳ
3656 3758 3895 3821 σύνεστι,
3925 3758 4022 3809 καὶ

2445 3856 2553 3911 οἶδε
2575 3860 2641 3911 τὰ
2666 3858 2855 3924 αὑτοῦ,
2881 3859 2976 3911 καὶ
3022 3858 3086 3909 σὺ
3117 3856 3289 3908 εῐκοσι
3310 3856 3447 3908 ὲτῶν
3471 3854 3733 3921 ὑπάρχων
3769 3848 3918 3914 οῐδας
3953 3853 4023 3901 τὰ

2444 3949 2538 4004 τοῦ
2593 3950 2856 4020 πλησίον,
2901 3948 3009 4017 ἄρα
3058 3949 3221 4010 αὐτὸς
3274 3951 3303 3999 6
3353 3947 3600 4008 Σατανᾶς
3642 3944 3749 3997 ἀπὸ
3792 3943 4021 4011 γενετῆς

2446 4040 2622 4092 συνών
2648 4056 2727 4091 σοι
2760 4041 2859 4091 οὐκ
2883 4033 2991 4091 οἵδε
3017 4040 3143 4099 τοὺς
3169 4036 3461 4105 λογισμούς
3482 4052 3607 4099 σονς
3639 4034 4021 4102 ἑξακισχιλίων

2444 4132 2552 4201 γὰρ
2586 4132 2688 4200 ἤδη
2721 4133 2867 4183 ἐστὶν
2912 4129 3069 4183 ἑτῶν.
3111 4130 3221 4181 Καὶ
3250 4129 3312 4180 οὺ
3342 4128 3575 4196 λέγομεν
3602 4127 3763 4179 αὐτὸν
3787 4125 3895 4194 πρὸ
3924 4126 4019 4176 τοῦ

2445 4223 2709 4292 πειράσαι
2764 4222 2855 4273 τὸν
2900 4220 3211 4291 ἄνθρωπον,
3254 4219 3454 4271 ειδέναι
3489 4219 3541 4271 τί
3582 4217 3768 4287 μέλλει
3818 4219 4015 4268 ποιεῖν.

2449 4314 2703 4382 Πειράζει
2734 4313 2845 4380 γὰρ
2880 4313 2907 4364 6
2949 4311 3247 4374 πειράζων,
3287 4310 3385 4361 οὐκ
3412 4304 3522 4361 οἶδε
3560 4308 3641 4370 δὲ,
3672 4310 3719 4359 εί
3751 4306 4020 4358 ὑπακούει

2446 4404 2615 4473 αὑτῷ,
2652 4405 2685 4475 ἢ
2745 4404 2819 4474 μὴ
2870 4403 3157 4465 ὑπακούει,
3193 4402 3298 4463 ἓως
3325 4400 3392 4453 ἂν
3411 4399 3472 4451 τὸ
3497 4398 3709 4467 θέλημα
3734 4396 3921 4449 δοῦλον
3946 4395 4020 4463 δῷ

765 4488 1247 4556 obtemperaturus
1266 4488 1359 4545 sit.
1384 4502 1580 4551 necne,
1622 4488 1798 4542 donec
1844 4489 2181 4543 voluntatem
2222 4505 2339 4543 ser-
2373 4498 2456 4554 Di

2327 4519 2339 4529 '
2373 4497 2476 4566 υὴ
2522 4496 2693 4563 ψυχή.
2728 4492 2867 4546 Οὑτε
2915 4492 3077 4545 πάλιν
3120 4491 3372 4559 λέγομεν,
3399 4491 3481 4543 ὅτι
3524 4488 3677 4550 ὅλους
3700 4488 3827 4549 τοὺς
3869 4487 4018 4552 λογι-

765 4594 886 4632 vam
916 4578 968 4632 ei
998 4577 1175 4632 tradat
1198 4579 1403 4631 anima.
1439 4579 1627 4647 Neque
1654 4578 1783 4632 item
1828 4580 2084 4645 dicimus,
2116 4590 2340 4636 cunctas

764 4667 1125 4737 cogitationes
1177 4666 1361 4722 cordis
1410 4678 1467 4721 et
1510 4668 1779 4723 desideria
1826 4685 1987 4725 nosse
2036 4670 2337 4725 diabolum.

764 4756 1001 4810 Perinde
1041 4757 1209 4820 enim,
1254 4772 1318 4811 ac
1360 4758 1406 4811 si
1440 4759 1512 4811 sit
1563 4759 1730 4812 arbor
1772 4776 1894 4829 quae
1926 4761 2128 4815 multos
2159 4777 2341 4815 ramos

763 4850 964 4902 habeat
995 4864 1060 4902 ac
1092 4848 1261 4901 multa
1294 4848 1559 4909 membra.
1604 4849 1678 4904 ita
1718 4865 1938 4919 quoque
1971 4860 2097 4905 sunt
2119 4850 2341 4919 quidam

764 4940 899 4993 rami
950 4939 1342 5009 cogitationum
1401 4948 1455 4991 et
1484 4940 1863 5005 consiliorum,
1907 4957 2044 5009 quos
2093 4957 2344 5011 compre-

763 5032 957 5085 hendit
985 5031 1249 5095 Satanas;
1285 5042 1415 5086 sunt
1440 5050 1570 5087 vero
1594 5034 1711 5088 alia:
1729 5034 2090 5104 cogitationes
2127 5047 2183 5089 et
2209 5050 2343 5089 con-

762 5126 905 5186 silia,
941 5139 1115 5192 quea
1152 5122 1350 5177 Satana
1374 5140 1484 5178 non
1537 5125 2104 5194 comprehenduntur.

834 5217 901 5268 Χ.
937 5216 1010 5268 .ln
1036 5214 1271 5283 quadam
1318 5216 1463 5268 enim
1495 5232 1553 5269 re
1595 5218 1852 5285 praevalet
1911 5232 2038 5285 pars
2089 5218 2345 5286 nequitiae

763 5309 829 5363 ad
866 5307 1234 5378 generandum
1262 5308 1650 5377 cogitationes,
1695 5324 1889 5363 rursus
1936 5311 1990 5363 in
2026 5310 2261 5379 quadam
2288 5328 2345 5366 re

762 5400 1021 5471 cogitatio
1053 5400 1292 5454 hominis
1313 5401 1566 5469 superior
1598 5401 1804 5464 evadit,
1828 5410 2164 5471 acceptoque
2193 5404 2346 5456 auxi-

762 5492 858 5555 lio,
923 5506 987 5545 ac
1034 5491 1467 5560 redemptionea
1515 5492 1645 5557 Deo,
1708 5492 2051 5554 contradidit.
2100 5493 2340 5558 malitiae,

764 5581 996 5649 quadam
1028 5582 1083 5635 in
1126 5597 1184 5635 re
1218 5582 1544 5645 succumbit,
1598 5592 1653 5635 et
1682 5583 1914 5651 quadam
1967 5584 2016 5637 in
2064 5600 2122 5637 re
2150 5584 2342 5637 volun-

847 5756 889 5785 "
926 5753 1025 5807 Joh
1058 5754 1190 5817 11,2.
1269 5754 1313 5785 "
1346 5754 1445 5808 Joh
1470 5770 1505 5816 ι,
1540 5752 1603 5806 10
1631 5768 1783 5821 seqq.

2451 4586 2620 4656 εμοὺς
2648 4585 2748 4652 τῆς
2775 4584 3002 4651 καρδίας
3035 4584 3128 4635 καὶ
3158 4584 3255 4643 τὰς
3281 4581 3610 4649 ὶνθυμήσεις
3640 4573 3784 4630 οἶδεν
3828 4579 3857 4629 6
3898 4578 4016 4630 διά·

2446 4678 2621 4740 ϐολος.
2672 4678 2871 4747 Ὥσπερ
2892 4677 3001 4745 γὰρ
3045 4675 3141 4728 ἐὰν
3266 4673 3501 4742 δένδρον,
3538 4671 3633 4724 καὶ
3663 4669 3763 4741 ἔχῃ
3792 4668 4020 4731 κλάδους

2450 4769 2676 4831 πολλοὺς
2716 4769 2809 4820 καὶ
2842 4767 3009 4819 πολλὰ
3052 4766 3208 4834 μέλη·
3254 4764 3438 4816 λοιπόν
3484 4762 3589 4815 είσί
3634 4778 3779 4824 τινες
3835 4760 4018 4813 κλάδοι

2446 4860 2719 4929 λογισμῶν
2760 4858 2855 4911 καὶ
2893 4856 3201 4925 νοημάτων,
3242 4854 3334 4907 καὶ
3365 4853 3584 4921 κατέχει
3616 4852 3813 4915 αὐτοὺς
3836 4851 3865 4901 6
3909 4850 4015 4901 Σαο

2446 4952 2634 5012 τανᾶς.
2684 4950 2794 5001 Kal
2836 4949 2973 5001 είσὶν
3023 4947 3169 5001 άλλοι
3202 4945 3453 5014 λογισμοὶ
3501 4943 3596 4997 καὶ
3640 4944 3911 5013 νοήματα,
3942 4943 4015 5013 μὴ

2445 5044 2800 5113 κατεχόμενοι
2841 5041 2947 5095 ὑπὸ
2972 5041 3068 5093 τοῦ
3112 5040 3343 5092 Σατανᾶ.

2522 5223 2577 5273 l'.
2624 5221 2722 5272 Ἔν
2764 5237 2868 5271 τινι
2910 5219 3018 5288 γὰρ
3072 5215 3417 5286 ίσχυρότερόν
3460 5215 3577 5265 εστι
3627 5212 3688 5263 τὸ
3725 5210 3890 5281 μέρος
3921 5212 4015 5279 τῆς

2444 5310 2644 5372 κακίας
2674 5310 2732 5361 ὲν
2753 5308 2831 5376 τῷ
2867 5306 3052 5376 βρύειν
3080 5306 3206 5366 τοὺς
3244 5302 3564 5371 λογισμοὺς,
3592 5299 3649 5351 ἐν
3671 5314 3778 5349 τινι
3809 5295 3971 5348 πάλιν
3989 5296 4015 5346 6

2443 5398 2700 5470 λογισμὸς
2747 5396 2842 5451 τοῦ
2879 5396 3166 5466 ἀνθρώπου
3214 5392 3503 5462 ὑπερνικᾷ,
3547 5386 3839 5458 λαμϐάνων
3890 5382 4016 5454 βοή-

2444 5494 2593 5545 θειαν
2625 5490 2721 5545 καὶ
2764 5472 3032 5561 λύτρωσιν
3084 5486 3237 5555 παρὰ
3276 5482 3435 5541 Θεοῦ.
3481 5482 3575 5533 καὶ
3620 5478 3921 5543 ἀντιλέγων
3948 5475 4011 5543 τῇ

2443 5584 2629 5653 κακίᾳ,
2670 5582 2728 5634 ιν
2758 5598 2862 5635 τινι
2886 5577 3243 5647 κεκράτηται,
3276 5576 3367 5627 καὶ
3400 5574 3457 5626 εν
3486 5588 3593 5624 τινι
3634 5571 3745 5639 ἔχει
3784 5566 4014 5635 θέλημα,
