4282 6364
735 390 840 453 683

1968 386 2027 443 S.
2067 385 2386 445 MACARII
2424 387 2743 447 IEGYPTII

3879 376 3991 443 684

737 493 1091 561 corruptione
1124 497 1181 543 et
1214 496 1436 559 stupro;
1468 487 1617 542 intus
1639 497 1822 542 autem
1856 488 2188 543 adulterium
2221 498 2315 543 aut
2341 492 2391 551 Α
2418 512 2428 544 ‹

2299 498 2315 543 t
2341 492 2391 551 Α
2418 510 2511 544 σου
2539 494 2647 545 ἀπὸ
2678 494 2885 561 φθορᾶς
2910 493 3003 545 καὶ
3036 493 3315 563 πορνείας·
3348 491 3548 544 ἔσωθεν
3568 492 3625 545 δέ
3662 492 3990 561 ἐμοίχευσας

736 597 987 654 stuprum
1022 582 1335 638 committas
1368 580 1425 634 in
1462 579 1889 651 cogitationibus
1937 580 2068 645 tuis,
2095 580 2312 635 adulter

2410 583 2506 634 καὶ
2543 583 2882 651 ὲπόρνευσας
2911 584 2970 633 ἐν
2998 584 3110 645 τοῖς
3139 582 3419 651 λογισμοῖς
3456 599 3573 645 σου,
3614 581 3887 651 μοιχεύεις
3910 583 3992 653 τῷ

734 692 797 732 es
850 675 994 745 apud
1038 676 1230 737 Deum,
1264 688 1366 726 nec
1398 670 1625 741 prodest
1668 671 1767 724 tibi
1797 671 2120 740 quidquam,
2163 673 2309 741 quod
2409 674 2425 724 ί

2298 673 2309 725 l
2409 672 2549 741 Θεῷ,
2592 674 2686 725 καὶ
2720 672 2873 725 οὐδὲν
2912 673 3202 743 ὠφέλησας
3230 674 3291 725 τὸ
3331 673 3490 741 σῶμα
3528 674 3665 741 ἔχων
3696 671 3989 743 παρθένον.

736 785 938 839 corpus
988 767 1194 820 habeas
1250 764 1577 833 virgineum.
1634 761 2102 827 Quemadmodum
2145 762 2191 816 si
2242 764 2313 815 sit

736 856 1143 911 adolescentula
1190 869 1252 907 ac
1304 853 1554 922 juvenis,
1602 851 1696 920 qui
1744 850 2109 905 fraudulentis
2151 852 2309 905 istam

736 944 1032 997 verborum
1067 942 1341 995 illecebris
1382 940 1619 994 illectam
1658 948 2003 1008 corrumpat;
2037 941 2125 994 illa
2159 952 2309 1010 post-

736 1034 959 1088 modum
1002 1030 1357 1085 exsecrabilis
1406 1028 1466 1082 fit
1508 1044 1742 1097 sponso,
1784 1044 1850 1082 eo
1893 1029 2039 1097 quod
2094 1031 2311 1085 adulte-

736 1127 880 1181 rium
938 1124 1323 1179 commiserit:
1358 1122 1439 1175 sic
1480 1136 1699 1190 quoque
1747 1121 1927 1174 anima
1968 1122 2308 1191 incorporea,

740 1220 784 1273 si
829 1217 1144 1273 societatem
1186 1230 1311 1269 cum
1351 1221 1604 1282 serpente
1644 1214 1698 1266 in
1753 1212 2112 1267 interioribus
2143 1214 2312 1266 animi

740 1305 1049 1360 recessibus
1105 1303 1310 1363 abdito,
1370 1301 1568 1370 spiritu
1606 1300 1866 1353 nimirum
1904 1316 2093 1369 pravo,
2144 1302 2309 1364 ineat,

739 1398 1086 1450 adulteratur
1151 1400 1279 1446 ante
1345 1392 1539 1446 Deum.
1601 1390 1791 1459 Itaque
1860 1393 2123 1459 scriptum
2181 1402 2309 1446 est:

740 1486 919 1541 Omnis
945 1486 1033 1555 qui
1061 1484 1245 1537 uiderit
1280 1482 1573 1545 mulierem,
1596 1483 1664 1534 ad
1693 1484 2155 1551 concupiscendum
2172 1501 2310 1548 eam,

731 1579 853 1647 jam
902 1576 1183 1629 moechatus
1234 1576 1385 1627 estin
1414 1573 1565 1625 corde
1610 1590 1704 1626 suo
1734 1575 1800 1626 ".
1847 1573 1942 1628 Est
1999 1576 2148 1629 enim
2192 1585 2312 1630 stu-

739 1683 901 1737 prum
936 1665 1080 1735 quod
1123 1679 1355 1733 corpore
1410 1663 1733 1732 perﬁcitur:
1786 1676 1872 1719 est
1917 1680 2137 1734 quoque
2193 1676 2313 1721 stu-

2412 765 2626 833 Ὠσπερ
2653 765 2745 816 ἐάν
2861 766 3041 826 νεᾶνις
3071 765 3164 817 καὶ
3191 764 3494 827 νεανίσκος,
3529 764 3624 816 καὶ
3664 762 3800 831 δόλῳ
3838 762 3996 815 κολα-

2412 855 2612 916 κεύσας
2651 856 2834 924 αὐτὴν
2852 854 3070 927 φθείρῃ,
3097 854 3281 906 λοιπὸν
3312 852 3567 923 βδελυκτή
3598 855 3714 905 ἐστι
3745 852 3824 920 τῷ
3855 870 3995 921 νυμ-

2418 946 2546 1015 φίῳ,
2574 947 2655 999 ὅτι
2690 945 3006 1015 ἐμοιχεύθη’
3037 946 3180 998 οὕτω
3218 945 3313 998 καὶ
3342 946 3375 1013 ή
3406 946 3695 1014 ἀσώματος
3734 944 3883 1013 ψυχὴ
3915 944 3997 1013 τῷ

2419 1038 2800 1107 ἐνδομυχοῦντι
2826 1038 2947 1105 ὕφει
2976 1036 3306 1091 κοινωνοῦσα
3335 1036 3413 1106 τῷ
3443 1036 3663 1105 πονηρῷ
3696 1037 3994 1105 πνεύματι,

2419 1128 2671 1197 πορνεύει
2701 1128 2811 1181 ἀπὸ
2848 1128 3004 1180 Θεοῦ·
3030 1129 3126 1181 καὶ
3159 1128 3491 1198 γέγραπται,
3544 1125 3669 1192 Πᾶς
3692 1126 4000 1191 ὀβλέκωγ

2418 1218 2675 1287 γυναῖκα
2689 1218 2839 1286 πρὸς
2858 1218 2925 1272 τὸ
2939 1218 3447 1287 ἐπιθυμῆσαι,ἥδη
3464 1218 3820 1287 ἐμοίχευσεν
3833 1217 3905 1269 ἐν
3920 1233 3999 1282 τῃ

2418 1311 2629 1379 καρδίᾳ
2645 1311 2853 1367 αὑτοῦ.
2886 1312 3041 1366 Ἐστι
3063 1310 3171 1379 γὰρ
3186 1310 3411 1379 πορνεία
3429 1310 3519 1361 διά
3540 1308 3791 1377 σώματος
3804 1308 4001 1360 τελου-

2420 1401 2679 1470 μένη,καὶ
2697 1400 2810 1452 ἔστι
2826 1400 3052 1463 πορνεία
3068 1399 3241 1468 ψυχῆς
3257 1397 3616 1465 κοινωνούσης
3629 1396 3706 1466 τῷ
3721 1397 4002 1466 Σατανᾷοή

2416 1491 2555 1559 αὐτὴ
2570 1493 2679 1560 γὰρ
2698 1491 2844 1560 ψυχὴ
2865 1491 3153 1558 κοινωνική
3177 1492 3292 1542 ἐστι
3318 1488 3411 1541 καὶ
3430 1488 3678 1557 ἀδελφὴῆ
3700 1486 3999 1555 δαιμόνων,

2415 1579 2450 1647 ἢ
2482 1578 2627 1646 Θεοῦί
2648 1580 2740 1632 καὶ
2769 1580 3019 1646 ἀγγέλων
3047 1595 3060 1607 ”
3104 1580 3196 1631 καὶ
3254 1577 3439 1631 λοιπὸν
3492 1577 3819 1647 μοιχεύουσα
3859 1575 4005 1645 μετά

2415 1666 2510 1719 τοῦ
2533 1667 2799 1734 διαϐόλου,
2823 1666 3095 1737 ἄχρηστός
3138 1670 3254 1718 ἐστι
3286 1666 3367 1736 τῷ
3400 1666 3707 1735 ἐπουρανίῳ
3738 1665 4003 1734 Νυμφίῳ.

744 1776 902 1827 prum
928 1760 1122 1814 anima:
1144 1774 1267 1811 cum
1299 1757 1496 1810 Satana
1520 1757 1911 1825 participantis.
1945 1757 2149 1811 Eadem
2202 1759 2350 1812 enim
2389 1758 2570 1812 anima
2601 1761 2750 1815 socia
2808 1768 2893 1814 est
2958 1769 3015 1814 et
3072 1774 3230 1814 soror
3257 1767 3353 1812 aut
3406 1759 3737 1823 daemonum,
3767 1767 3863 1813 aut
3905 1758 4005 1814 Dei

743 1864 801 1909 et
823 1854 1140 1923 angelorum
1167 1867 1323 1921 ;qua:
1342 1866 1472 1905 vero
1513 1851 1842 1905 adulterium
1869 1852 2164 1905 committit
2191 1867 2315 1905 cum
2354 1852 2574 1917 Satana,
2610 1854 2794 1907 minus
2820 1852 3107 1907 commoda
3135 1860 3220 1907 est
3248 1851 3458 1906 caelesti
3492 1852 3723 1921 Sponsa.

813 1944 951 1997 XIV.
1005 1942 1385 2011 Interrogatio.
1451 1942 1633 1996 Utrum
1683 1943 1897 2010 quiescit
1926 1943 2192 1995 interdum
2223 1941 2325 1997 Sa-
2353 1946 2401 2005 B

2313 1972 2325 1984 -
2353 1946 2401 2005 B
2505 1944 2604 1998 Μ’.
2628 1946 2968 2012 Ἐρώτησις.
2993 1947 3061 1998 El
3080 1943 3367 2011 ἡσυχάζει
3386 1942 3575 1996 ποεέὸ
3589 1940 3884 2005 Σατανᾶς,
3904 1944 4004 1996 καί

748 2045 925 2099 ιαηαε,
956 2042 1004 2086 et
1038 2035 1190 2087 homo
1242 2033 1507 2086 liberatur'
1529 2050 1561 2085 a
1594 2032 1749 2097 bello,
1784 2040 1877 2085 aut
1912 2034 2147 2102 quandiu
2178 2035 2320 2098 uiuit,

750 2123 885 2175 bello
933 2123 1219 2190 infestatur
1246 2122 1269 2172 .’

845 2214 1147 2284 Responsio.
1221 2212 1450 2268 Satanas
1510 2228 1790 2283 nunquam
1857 2222 2033 2267 cessat
2098 2230 2129 2267 a
2178 2214 2324 2269 bello

748 2304 1025 2375 gerendo;
1073 2304 1317 2373 quandiu
1370 2304 1508 2357 vivit
1553 2304 1750 2372 aliquis
1780 2303 1835 2356 in
1874 2303 1979 2358 hoc
2008 2304 2229 2367 saeculo,
2259 2320 2323 2359 ac

750 2396 997 2465 quandiu
1031 2410 1253 2449 carnem
1281 2403 1457 2464 gestat
1493 2435 1507 2457 ,
1558 2394 1705 2449 bello
1755 2395 2063 2449 lacessitur.
2116 2396 2320 2451 Verum

750 2488 846 2542 ubi
872 2489 981 2543 tela
1010 2486 1333 2557 nequissimi
1384 2487 1551 2557 ignita
1574 2486 1778 2540 fuerint
1808 2487 2171 2552 exstincta,in
2211 2503 2321 2557 quo

751 2579 981 2648 posthac
1015 2578 1131 2633 illic
1180 2577 1381 2631 laedere
1426 2578 1597 2646 possit
1626 2577 1927 2641 hominem,
1956 2578 2084 2631 licet
2110 2578 2323 2632 venerit

752 2668 984 2723 Satanas
1014 2667 1070 2721 in
1098 2666 1416 2738 judicium?
1447 2667 1543 2720 Est
1571 2666 1771 2735 aliquis
1823 2665 2031 2721 amicus
2075 2668 2238 2736 regis,
2266 2674 2321 2721 et

753 2758 919 2813 habet
980 2758 1411 2812 controversiam
1458 2772 1582 2811 cum
1636 2756 1995 2821 adversario;
2040 2773 2163 2812 cum
2190 2771 2322 2827 ergo

752 2863 936 2919 regem
990 2848 1189 2901 habeat
1245 2848 1352 2901 sibi
1396 2847 1693 2915 propitium
1739 2858 1795 2901 et
1844 2848 2178 2915 benignum,
2226 2845 2321 2914 qui

752 2939 1033 3007 suppetias
1058 2936 1197 2991 ferat
1232 2936 1331 3001 illi,
1386 2938 1697 2990 nullatenus
1734 2936 1983 2991 lzedetur.
2044 2936 2146 2991 Ubi
2174 2937 2321 2989 enim

753 3031 899 3098 quis,
930 3044 1122 3083 omnes
1146 3029 1370 3082 ordines
1398 3043 1461 3082 ac
1512 3027 1714 3098 gradus
1745 3037 2137 3096 transgressus,
2179 3029 2323 3097 regis

754 3122 968 3174 amicus
995 3121 1251 3182 evaserit,
1279 3120 1369 3173 hic
1413 3118 1641 3188 posthac
1674 3133 1704 3170 a
1734 3132 1970 3185 quonam
2005 3126 2099 3170 aut
2128 3132 2233 3186 qua
2265 3119 2320 3171 in

755 3226 814 3265 re
849 3210 1202 3264 offendetur?
1229 3211 1286 3263 In
1318 3209 1483 3263 rebus
1516 3208 1847 3277 conspicuis,
1892 3217 2020 3261 sunt
2048 3209 2316 3272 civitates,

2423 2035 2839 2101 ἐλευθεροῦται
2872 2038 2905 2088 ό
2939 2034 3249 2101 ἄνθρωπος
3272 2034 3341 2087 ἐκ
3362 2032 3470 2087 τοῦ
3506 2033 3794 2101 πολέμου,
3829 2033 3869 2099 ἢ
3891 2033 4006 2099 ἕως

2424 2126 2523 2180 ὅτε
2553 2124 2651 2193 ζῇ,
2686 2125 2813 2194 ἔχει
2858 2128 3156 2193 πόλεμοη

2506 2218 2867 2284 Ἀπόκρισις.
2902 2216 2960 2270 '0
2984 2217 3224 2279 Σατανᾶς
3260 2214 3517 2269 οὐδέποτε
3548 2211 3815 2284 ἡσυχάζει
3847 2214 4005 2266 πολε-

2426 2310 2576 2380 μῶνς
2624 2310 2727 2373 ἔως
2778 2310 2844 2363 ἂν
2896 2309 2962 2380 ζῇ
3020 2327 3104 2371 τις
3149 2311 3242 2362 τὸν
3288 2308 3681 2374 αίῶνατοῦτον,
3711 2309 3806 2361 καὶ
3843 2310 4006 2379 φορεῖ

2425 2400 2623 2469 σάρκα,
2649 2400 2991 2470 πολεμεῖται.
3034 2400 3171 2452 Ἀλλ’
3202 2401 3332 2453 ὅταν
3359 2400 3429 2452 τά
3464 2400 3595 2469 βέλη
3624 2398 3719 2452 τοῦ
3756 2398 4002 2469 πονηροῦ

2423 2488 2493 2540 τά
2540 2489 2914 2557 πεπυρωμένα
2939 2488 3169 2559 σὸεσθῇ.
3201 2489 3389 2541 λοιπὸν
3419 2489 3535 2540 ἐκεῖ
3567 2488 3620 2539 τί
3658 2488 3886 2556 βλάπτει
3907 2488 4003 2539 τὸν

2420 2579 2727 2648 ἄνθρωπον,
2770 2580 2818 2631 εί
2874 2579 2968 2631 καὶ
3020 2579 3236 2648 ἔρχεται
3290 2582 3319 2641 ὀ
3348 2580 3593 2639 Σατανᾶς
3632 2579 3765 2649 πρὸς
3804 2581 3999 2646 λόγονς

2427 2669 2583 2720 Ἐστι
2613 2685 2696 2729 τις
2726 2669 2877 2737 φίλος
2909 2669 3191 2738 βασιλέως,
3223 2671 3316 2723 καὶ
3345 2669 3456 2739 ἔχει
3489 2670 3644 2739 δίκην
3685 2669 3818 2740 πρὸς
3852 2672 4001 2722 ἀντί-

2422 2760 2593 2813 δικον·
2620 2761 2749 2813 ὅταν
2800 2756 2894 2813 οὕν
2925 2762 3018 2814 τὸν
3046 2762 3271 2831 βασιλέα
3300 2762 3397 2832 ἔχῃ
3420 2763 3698 2833 ἐπιρῤεπῆ
3722 2764 3818 2815 καὶ
3844 2762 4001 2829 φίλον

2422 2848 2606 2914 αὑτοῦ,
2651 2850 2799 2911 ὅστις
2854 2849 3041 2919 βοηθεῖ
3090 2851 3259 2919 αὐτῷ,
3289 2852 3441 2905 οὐδὲν
3478 2852 3794 2920 βλάπτεται.
3833 2853 4005 2905 Ὅταν

2424 2941 2533 3009 γάρ
2569 2958 2650 3003 τις
2678 2942 2862 3011 φθάσῃ
2895 2943 3024 3004 ὅλας
3060 2942 3159 3004 τὰς
3190 2941 3374 3006 τάξεις
3409 2943 3699 3013 παρελθεῖν
3743 2944 3838 2994 καὶ
3870 2942 4002 3003 τοῦς

2426 3032 2690 3101 βαθμοὺς,
2721 3037 2817 3087 καὶ
2844 3034 3098 3101 γενέσθαι
3135 3034 3287 3101 φίλος
3320 3034 3604 3103 βασιλέως,
3633 3028 3789 3096 οὕτος
3812 3032 4002 3085 λοιπὸν

2422 3125 2473 3177 τί
2498 3125 2794 3195 βλάπτεται
2820 3126 2923 3178 ὑπό
2943 3143 3120 3190 τινος;
3146 3128 3226 3188 εἰς
3246 3125 3306 3179 τὸ
3328 3128 3652 3195 φαινόμενον
3675 3126 3783 3177 είσὶ
3816 3125 4004 3187 πόλεις

2426 3215 2804 3283 λαμϐάνουσαι
2831 3215 2979 3286 δῶρα
3018 3217 3111 3269 καὶ
3140 3217 3367 3279 ἀννόνας
3396 3216 3547 3283 παρά
3582 3217 3678 3269 τοῦ
3709 3215 3998 3284 βασιλέως.

754 3317 876 3369 qua:
916 3301 1057 3356 dona
1084 3310 1399 3355 etannonas
1428 3300 1734 3368 accipiunt;
1769 3300 1811 3352 si
1840 3314 1968 3367 ergo
2014 3300 2066 3351 in
2099 3314 2324 3352 munere
2352 3275 2392 3331 (ἶ
2430 3306 2445 3357 l

2308 3275 2392 3352 3C
2430 3275 2617 3359 Ei-ouv
2647 3306 2827 3373 ὀλίγον
2873 3275 2926 3359 τί
2980 3275 3407 3376 λειτουργοῦσιν,
3451 3275 3604 3359 οὕδέν
3654 3275 3999 3375 ζημιοῦνται,

756 3390 1012 3445 obeundo
1072 3390 1428 3459 pauxillulum
1477 3396 1724 3457 erogent,
1797 3388 1999 3439 nullam
2058 3391 2326 3455 jacturam

756 3479 985 3540 faciunt,
1010 3493 1133 3531 cum
1166 3486 1311 3530 tanta
1346 3477 1622 3545 accipiant
1675 3490 1738 3528 ac
1766 3475 2063 3543 suscipiant
2113 3490 2141 3527 a
2177 3488 2323 3543 rege.

758 3566 851 3622 Sic
894 3583 1113 3635 quoque
1168 3567 1501 3628 Christiani,
1556 3566 1685 3619 licet
1746 3564 1889 3616 bello
1946 3575 2202 3632 petantur
2258 3564 2327 3617 ab

756 3661 936 3719 hoste,
969 3657 1253 3711 divertunt
1288 3665 1465 3710 tamen
1522 3656 1624 3725 ipsi
1668 3658 1733 3710 ad
1768 3657 2134 3718 divinitatem,
2164 3664 2327 3724 atque

758 3749 997 3801 induunt
1029 3748 1288 3801 virtutem
1336 3762 1398 3800 ac
1446 3748 1690 3815 requiem
1736 3764 1801 3801 ex
1854 3750 1985 3810 alto,
2041 3762 2144 3801 nec
2202 3755 2329 3801 sunt

758 3840 1055 3909 quidquam
1080 3836 1303 3892 solliciti
1334 3836 1403 3890 de
1438 3838 1604 3891 bello.

828 3931 942 3985 XV.
968 3928 1437 3995 Quemadmodum
1456 3928 1600 3981 enim
1628 3927 1890 3981 Dominus
1911 3926 2325 3995 induitcorpus,

758 4022 1078 4090 relinquens
1139 4035 1359 4074 omnem
1389 4018 1789 4087 {principatum
1849 4034 1913 4072 ac
1969 4026 2327 4087 potestatem,

759 4113 953 4166 eodem
982 4125 1203 4180 quoque
1234 4108 1398 4162 modo
1438 4108 1737 4162 Chrlstiani
1786 4108 2091 4161 induuntur
2120 4108 2327 4177 Spiritu

758 4212 969 4265 sancto,
1000 4210 1056 4254 et
1090 4200 1281 4269 requie
1331 4199 1615 4253 fruuntur.
1660 4199 1815 4265 Quod
1872 4199 1915 4253 si
1947 4214 2163 4268 quoque
2210 4198 2328 4252 bel-

759 4295 871 4347 lum
918 4293 1159 4347 exterius
1211 4292 1449 4361 ingruat,
1494 4290 1621 4345 ferit
1670 4290 1918 4354 Satanas,
1980 4305 2171 4343 verum
2225 4289 2327 4357 ipsi

760 4388 993 4441 interius
1013 4385 1214 4439 virtute
1246 4383 1459 4437 Domini
1483 4382 1680 4437 muniti
1708 4391 1856 4445 sunt,
1891 4396 1993 4435 nec
2022 4382 2088 4434 de
2128 4380 2327 4434 Satana

760 4486 891 4533 sunt
928 4476 1167 4532 solliciti.
1195 4476 1351 4530 Sicut
1379 4475 1469 4529 ille
1502 4474 1556 4528 in
1599 4474 1818 4528 deserto
1859 4473 2089 4527 tentavit
2140 4470 2325 4525 Domi-

761 4584 892 4622 num
923 4566 1287 4637 quadraginta
1327 4565 1466 4630 dies,
1498 4563 1629 4633 quid
1658 4562 1734 4616 illi
1764 4562 1973 4625 nocuit,
2011 4561 2153 4630 quod
2172 4570 2326 4613 exte-

2430 3397 2589 3449 ὁπότε
2614 3396 2851 3449 τοσαῦτα
2878 3397 3190 3465 πορίζονται
3216 3399 3308 3452 καὶ
3330 3398 3575 3466 δέχονται
3606 3400 3756 3467 παρά
3773 3397 3869 3449 τοῦ
3902 3398 4001 3466 βα-

2433 3486 2647 3549 σιλέως.
2674 3486 2861 3549 Οὕτως
2895 3487 2991 3539 καὶ
3027 3490 3074 3538 οἱ
3104 3489 3443 3557 Χριστιανοὶ,
3484 3490 3531 3540 εί
3572 3490 3665 3541 καὶ
3696 3489 4001 3557 πολεμοῦν-

2431 3592 2521 3627 ται
2560 3576 2715 3645 παρά
2748 3576 2843 3629 τοῦ
2875 3577 3092 3645 ἐχθροῦ,
3126 3578 3240 3631 ἀλλ’
3274 3580 3426 3630 αὐτοὶ
3458 3578 3761 3630 κατέλυσαν
3792 3580 3873 3641 είς
3904 3580 4004 3648 τὴν

2433 3664 2683 3733 θεότητα,
2738 3666 2830 3717 καὶ
2866 3665 3182 3719 ἐνεδύσαντο
3220 3667 3318 3735 τὴν
3354 3668 3413 3733 ἐξ
3442 3668 3612 3735 ὕψους
3641 3668 3873 3737 δύναμιν
3907 3673 4002 3722 καὶ

2430 3756 2760 3817 ἀνάπαυσιν.
2802 3758 2896 3808 καὶ
2918 3756 3070 3809 οὐδὲν
3105 3758 3445 3827 φροντίζουσι
3475 3758 3569 3810 τοῦ
3598 3759 3857 3828 πολέμου.

2506 3932 2606 3983 IE'.
2636 3931 2852 3999 Ὠσπερ
2898 3929 3007 4000 γὰρ
3061 3931 3091 3982 ὸ
3132 3929 3335 4000 Κύριος
3372 3930 3660 3984 ἐνεδύσατο
3709 3932 3772 3983 τδ
3816 3932 4000 4000 σῶμα,

2433 4021 2750 4075 καταλιπὼν
2800 4022 2980 4074 πᾶσαν
3010 4022 3183 4091 ἀρχὴν
3226 4022 3319 4074 καὶ
3353 4021 3625 4085 ἐξουσίαν,
3655 4021 3800 4075 οὕτω
3828 4026 3922 4076 καὶ
3951 4026 4000 4076 οἱ

2430 4112 2746 4184 Χριστιανοὶ
2798 4112 3070 4164 ἐνδύονται
3130 4112 3190 4164 τὸ
3238 4113 3461 4182 Πνεῦμα
3510 4114 3571 4165 τὸ
3602 4112 3775 4181 ἀγιον,
3809 4115 3903 4165 καὶ
3950 4116 4009 4166 ἐν

2430 4202 2732 4255 ἀναπαύσει
2764 4202 2919 4256 είσίν.
2952 4200 3014 4252 Ei
3040 4202 3097 4253 δὲ
3133 4203 3227 4255 καὶ
3257 4202 3473 4271 ἔρχεται
3517 4203 3751 4271 πόλεμος
3780 4202 4004 4267 ἔξωθεν,

2431 4292 2618 4361 κρούει
2664 4294 2692 4345 ὁ
2730 4293 2994 4353 Σατανᾶς,
3028 4293 3141 4344 ἀλλ’
3178 4294 3330 4345 αὐτοὶ
3374 4292 3579 4346 ἔσωθεν
3608 4293 4008 4361 ὴσφαλισμένοι

2430 4383 2538 4434 είσὶ
2577 4385 2643 4451 τῇ
2682 4381 2775 4433 τοῦ
2810 4382 3013 4451 Κυρίου
3046 4382 3295 4451 δυνάμει,
3318 4384 3415 4434 καὶ
3446 4384 3507 4434 ού
3541 4383 3887 4453 φροντίζουσι
3911 4384 4008 4435 τοῦ

2432 4473 2663 4524 Σατανᾶ·
2698 4470 2879 4530 καθὼς
2904 4472 3107 4533 ἐκεῖνος
3153 4474 3232 4534 εἰς
3271 4472 3366 4539 τὴν
3398 4472 3603 4541 ἔρημον
3632 4472 3889 4541 ἐπείρασε
3918 4473 4009 4524 τὸν

2364 4565 2636 4654 Ι)Κύριον
2676 4563 2886 4633 ἡμέρας
2944 4564 3385 4631 τεσσαράκοντα,
3432 4564 3485 4615 τί
3537 4564 3697 4617 αὐτὸν
3752 4563 4007 4631 ἔϐλαψεν,

760 4661 877 4713 rius
931 4673 1219 4728 aggressus
1253 4667 1338 4710 est
1418 4669 1619 4725 corpus
1668 4654 1813 4707 illius
1837 4653 1925 4705 “7
1979 4652 2132 4705 Intus
2182 4652 2330 4705 enim
2364 4652 2391 4654 ⁷
2434 4657 2451 4708 ε

2321 4668 2330 4703 ι
2364 4652 2391 4654 ⁷
2434 4657 2515 4708 ὅτι
2558 4655 2757 4719 ἔξωθεν
2813 4653 3084 4723 προσῆλθε
3126 4654 3203 4723 τῷ
3258 4653 3472 4722 σώματι
3503 4654 3708 4719 αὐτοῦς
3767 4654 4012 4707 Ἐσωθεν

758 4750 905 4804 Deus
933 4757 1071 4803 erat.
1120 4749 1209 4803 Sic
1259 4763 1478 4817 quoque
1532 4745 1852 4809 Christiani,
1916 4745 2043 4798 licet
2092 4744 2332 4799 exterius
2436 4764 2449 4813 π

2317 4760 2332 4799 t
2436 4747 2541 4818 γὰρ
2579 4746 2709 4808 Θεὸς
2737 4742 2825 4815 ἦν.
2852 4744 3005 4798 Οὕτω
3034 4745 3131 4798 καὶ
3158 4747 3207 4797 οἱ
3239 4746 3581 4815 Χριστιανοὶ,
3612 4748 3661 4798 εί
3687 4746 3782 4799 καὶ
3808 4746 4008 4809 ἔξωθεν

766 4849 1071 4903 tententur,
1150 4840 1384 4893 interius
1458 4838 1569 4908 99
1636 4837 1997 4891 nihilominus
2047 4835 2333 4890 divinitate
2440 4855 2457 4888 1

2315 4851 2333 4890 3
2440 4836 2816 4905 πειράζονται,
2870 4835 2983 4887 ἀλλ’
3027 4835 3229 4886 ἔσωθεν
3283 4834 3703 4904 πεπληρωμένοι
3756 4835 3862 4886 είσὶ
3908 4837 4006 4903 τῆς

767 4931 955 4985 referti
994 4938 1139 4993 sunt,
1178 4944 1282 4984 nec
1312 4929 1422 4982 ullo
1449 4929 1649 4982 damno
1683 4930 1949 4998 injuriave
1999 4927 2329 4981 afﬁciuntur.
2437 4929 2458 4980 θ

2316 4966 2329 4980 .
2437 4929 2711 4998 θεότητος,
2742 4927 2837 4979 καὶ
2866 4928 3016 4979 οὐδὲν
3042 4924 3373 4979 ἀδικοῦνται.
3405 4927 3497 4987 Ei;
3519 4925 3693 4978 ταῦτα
3721 4926 3779 4977 δὲ
3810 4925 3878 4978 τά
3912 4928 4007 4994 μέ-

763 5022 871 5076 llos
899 5021 1101 5091 gradus
1130 5028 1312 5073 autem
1357 5020 1402 5072 si
1460 5018 1585 5088 quis
1617 5026 1947 5073 consecutus
1987 5028 2089 5081 est,
2136 5018 2226 5071 ille
2263 5018 2329 5071 ad
2438 5039 2454 5072 1

2316 5018 2329 5071 Ι
2438 5038 2541 5091 τρα
2594 5022 2645 5071 εί
2686 5037 2768 5080 τις
2806 5018 3061 5087 ἔφθασεν,
3099 5022 3175 5081 είς
3230 5020 3328 5089 τὴν
3379 5019 3588 5070 τελείαν
3628 5019 3852 5087 ἀγάπην
3913 5018 4007 5069 τοῦ

763 5115 1060 5183 perfectam
1118 5112 1465 5167 dilectionem
1516 5110 1754 5174 Christi,
1809 5120 1864 5165 et
1931 5110 2329 5179 plenitudinem
2440 5110 2454 5160 1

2320 5127 2329 5163 ι
2440 5106 2699 5179 Χριστοῦ,
2732 5109 2827 5159 καὶ
2860 5110 2937 5169 είς
2964 5107 3023 5159 τὸ
3072 5107 3345 5175 πλήρωμα
3387 5108 3485 5175 τῆς
3516 5106 3766 5175 θεότητος
3807 5106 4011 5173 κατήν-

763 5203 1104 5267 divinitatis,
1156 5202 1423 5271 pervenit.
1477 5204 1545 5255 At
1598 5201 1690 5270 qui
1741 5216 1850 5253 non
1892 5208 1974 5253 est
2022 5200 2329 5266 ejusmodi,
2438 5219 2454 5252 1

2317 5239 2329 5263 ,
2438 5218 2622 5271 τησεν.
2667 5200 2723 5253 Ὀ
2754 5200 2811 5252 δὲ
2846 5198 2920 5268 μὴ
2959 5197 3219 5264 τοιοῦτος,
3250 5199 3433 5268 ἀκμὴν
3461 5198 3662 5249 ἔσωθεν
3705 5197 3816 5265 ἔχει
3847 5196 4008 5248 πόλε-

766 5294 947 5348 adbuc
1001 5294 1232 5349 interius
1290 5292 1495 5347 bellum
1576 5291 1843 5346 sustinet:
1904 5290 2036 5343 hora
2096 5289 2330 5358 quadam
2445 5311 2457 5361 ε

2318 5305 2330 5341 ι
2445 5307 2560 5361 μον’
2602 5291 2721 5361 ὥρᾳ⁴
2751 5289 3087 5344 ἀναπαύεται
3123 5291 3199 5353 είς
3236 5290 3333 5359 τὴν
3382 5289 3565 5359 εὐχὴν,
3600 5290 3694 5341 καὶ
3724 5288 3858 5357 mn
3889 5288 4009 5358 ὥρῃ.

767 5387 1075 5439 delectatur
1110 5384 1376 5447 oratione,
1404 5383 1509 5436 alia
1540 5398 1669 5436 vero
1701 5383 1829 5435 hora
1869 5382 1923 5434 in
1950 5381 2241 5435 afﬂictione
2271 5396 2336 5435 ac
2439 5385 2458 5435 ὲ

2317 5396 2336 5435 3
2439 5385 2496 5435 ἐν
2536 5383 2711 5451 θλίψει
2762 5383 2857 5435 καὶ
2905 5382 3124 5451 πολέμῳ
3181 5384 3386 5450 στήκει.
3442 5380 3597 5434 Οὕτω
3644 5380 3754 5450 γὰρ
3794 5378 3940 5431 θέλει
3981 5380 4008 5431 ό

767 5475 1014 5544 periculo
1055 5474 1341 5536 consistit;
1380 5474 1455 5527 ita
1485 5473 1630 5526 enim
1681 5472 1799 5526 vult
1850 5472 2150 5536 Dominus;
2212 5487 2334 5525 cum
2442 5476 2458 5528 1

2317 5487 2334 5524 ι
2442 5474 2667 5544 Κύριος,
2697 5474 2885 5543 ἐπειδὴ
2916 5474 3103 5543 ἀκμὴν
3138 5474 3328 5544 νήπιός
3378 5476 3515 5539 ἐστι,
3555 5471 3823 5542 γυμνάζει
3847 5472 4008 5523 αὐτὸν

769 5566 917 5622 enim
948 5567 1126 5620 adhuc
1156 5565 1227 5618 sit
1268 5565 1463 5628 infans.
1492 5574 1709 5619 exercet
1756 5565 1907 5619 illum
1948 5556 2013 5619 ad
2066 5565 2333 5633 praelium,
2442 5582 2460 5617 ε

2320 5605 2333 5630 ,
2442 5568 2520 5628 εἰς
2577 5567 2700 5628 τοὺς
2763 5565 3033 5635 πολέμους
3083 5566 3173 5621 καὶ
3230 5567 3297 5618 τὰ
3358 5564 3449 5617 δύο
3500 5564 3762 5631 πρόσωπα
3807 5562 4008 5616 ἔσωθεν

842 5748 883 5780 ⁵⁷
906 5748 1093 5802 Matth.
1129 5764 1181 5812 ν,
1212 5750 1300 5802 28.
1377 5747 1421 5777 ⁸⁸
1445 5745 1632 5800 Matth.
1665 5762 1737 5810 IV,
1779 5744 1811 5797 Ξ
1840 5760 1953 5814 seq.
