  <div class='ocr_page' id='page_1' title='image "/cluster/home/n/w/nwhite01/storage/ocr_20150623/34/nnc1.0046978860/352.png"; bbox 0 0 4282 6364; ppageno 0'>
   <div class='ocr_carea' id='block_1_1' title="bbox 293 392 3534 493">
    <p class='ocr_par' dir='ltr' id='par_1_1' title="bbox 293 392 3534 493">
     <span class='ocr_line' id='line_1_1' title="bbox 293 392 3534 493; baseline 0.013 -41"><span class='ocrx_word' id='word_1_1' title='bbox 293 392 401 453; x_wconf 83' lang='grc'><strong>685</strong></span> <span class='ocrx_word' id='word_1_2' title='bbox 1464 407 1831 471; x_wconf 64' lang='lat' dir='ltr'><strong>HOMILIIE.</strong></span> <span class='ocrx_word' id='word_1_3' title='bbox 1860 437 1928 447; x_wconf 85' lang='lat'><strong>—</strong></span> <span class='ocrx_word' id='word_1_4' title='bbox 1956 414 2142 477; x_wconf 87' lang='lat' dir='ltr'><strong>HOM.</strong></span> <span class='ocrx_word' id='word_1_5' title='bbox 2184 419 2395 481; x_wconf 83' lang='lat' dir='ltr'><strong>XXVI.</strong></span> <span class='ocrx_word' id='word_1_6' title='bbox 3424 429 3534 493; x_wconf 84' lang='lat'><strong>686</strong></span> 
     </span>
    </p>
   </div>
   <div class='ocr_carea' id='block_1_2' title="bbox 293 503 1984 601">
    <p class='ocr_par' dir='ltr' id='par_1_2' title="bbox 293 503 1984 601">
     <span class='ocr_line' id='line_1_2' title="bbox 293 503 1984 601; baseline 0.015 -45"><span class='ocrx_word' id='word_1_7' title='bbox 293 503 604 601; x_wconf 47' lang='lat' dir='ltr'><strong>ﬂpdt-t,-ttt_l}</strong></span> <span class='ocrx_word' id='word_1_8' title='bbox 631 506 693 562; x_wconf 87' lang='grc' dir='ltr'><strong>τὸ</strong></span> <span class='ocrx_word' id='word_1_9' title='bbox 720 508 837 601; x_wconf 65' lang='grc' dir='ltr'><strong>φῶς</strong></span> <span class='ocrx_word' id='word_1_10' title='bbox 869 511 963 565; x_wconf 75' lang='grc' dir='ltr'><strong>καὶ</strong></span> <span class='ocrx_word' id='word_1_11' title='bbox 1007 512 1068 565; x_wconf 84' lang='grc' dir='ltr'><strong>τὸ</strong></span> <span class='ocrx_word' id='word_1_12' title='bbox 1111 507 1339 581; x_wconf 82' lang='grc' dir='ltr'><strong>σκότος,’</strong></span> <span class='ocrx_word' id='word_1_13' title='bbox 1375 518 1466 571; x_wconf 73' lang='grc' dir='ltr'><strong>καὶ</strong></span> <span class='ocrx_word' id='word_1_14' title='bbox 1497 521 1531 589; x_wconf 78' lang='grc' dir='ltr'><strong>ἡ</strong></span> <span class='ocrx_word' id='word_1_15' title='bbox 1564 523 1873 587; x_wconf 79' lang='grc' dir='ltr'><strong>ἀνάπαυσις</strong></span> <span class='ocrx_word' id='word_1_16' title='bbox 1902 530 1943 587; x_wconf 86' lang='grc' dir='ltr'><strong>Α</strong></span> <span class='ocrx_word' id='word_1_17' title='bbox 1973 543 1984 581; x_wconf 79' lang='grc' dir='ltr'><strong>ι</strong></span> 
     </span>
    </p>
   </div>
   <div class='ocr_carea' id='block_1_3' title="bbox 1859 503 3550 601">
    <p class='ocr_par' dir='ltr' id='par_1_3' title="bbox 1859 528 3550 601">
     <span class='ocr_line' id='line_1_3' title="bbox 1859 528 3550 601; baseline 0.009 -21"><span class='ocrx_word' id='word_1_18' title='bbox 1859 540 1873 587; x_wconf 83' lang='lat'><strong>:</strong></span> <span class='ocrx_word' id='word_1_19' title='bbox 1902 530 1943 587; x_wconf 86' lang='grc' dir='ltr'><strong>Α</strong></span> <span class='ocrx_word' id='word_1_20' title='bbox 1973 542 2037 582; x_wconf 87' lang='lat' dir='ltr'><strong>ac</strong></span> <span class='ocrx_word' id='word_1_21' title='bbox 2061 528 2183 584; x_wconf 66' lang='lat' dir='ltr'><strong>dua:</strong></span> <span class='ocrx_word' id='word_1_22' title='bbox 2204 546 2449 599; x_wconf 65' lang='lat' dir='ltr'><strong>persona:</strong></span> <span class='ocrx_word' id='word_1_23' title='bbox 2473 532 2704 589; x_wconf 91' lang='lat' dir='ltr'><strong>interius</strong></span> <span class='ocrx_word' id='word_1_24' title='bbox 2736 537 3064 601; x_wconf 90' lang='lat' dir='ltr'><strong>scaturiunt,</strong></span> <span class='ocrx_word' id='word_1_25' title='bbox 3096 537 3280 593; x_wconf 87' lang='lat' dir='ltr'><strong>lumen</strong></span> <span class='ocrx_word' id='word_1_26' title='bbox 3308 550 3365 595; x_wconf 89' lang='lat' dir='ltr'><strong>et</strong></span> <span class='ocrx_word' id='word_1_27' title='bbox 3399 551 3550 596; x_wconf 89' lang='lat' dir='ltr'><strong>tene-</strong></span> 
     </span>
    </p>
   </div>
   <div class='ocr_carea' id='block_1_4' title="bbox 292 593 1983 700">
    <p class='ocr_par' dir='ltr' id='par_1_4' title="bbox 292 593 1983 683">
     <span class='ocr_line' id='line_1_4' title="bbox 292 593 1983 683; baseline 0.017 -41"><span class='ocrx_word' id='word_1_28' title='bbox 292 596 389 644; x_wconf 76' lang='grc' dir='ltr'><strong>καὶ</strong></span> <span class='ocrx_word' id='word_1_29' title='bbox 417 594 451 662; x_wconf 75' lang='grc' dir='ltr'>ἡ</span> <span class='ocrx_word' id='word_1_30' title='bbox 479 593 679 663; x_wconf 68' lang='grc' dir='ltr'><strong>θλίψις⁸</strong></span> <span class='ocrx_word' id='word_1_31' title='bbox 715 596 964 668; x_wconf 73' lang='grc' dir='ltr'><strong>εὖχονται</strong></span> <span class='ocrx_word' id='word_1_32' title='bbox 993 601 1052 654; x_wconf 82' lang='grc' dir='ltr'><strong>ἐν</strong></span> <span class='ocrx_word' id='word_1_33' title='bbox 1077 601 1405 669; x_wconf 84' lang='grc' dir='ltr'><strong>ἀναπαύσει,</strong></span> <span class='ocrx_word' id='word_1_34' title='bbox 1440 608 1535 661; x_wconf 78' lang='grc' dir='ltr'><strong>καὶ</strong></span> <span class='ocrx_word' id='word_1_35' title='bbox 1571 609 1705 682; x_wconf 76' lang='grc' dir='ltr'><strong>ἄλλῃ</strong></span> <span class='ocrx_word' id='word_1_36' title='bbox 1753 611 1873 683; x_wconf 79' lang='grc' dir='ltr'><strong>ῶρᾳ</strong></span> <span class='ocrx_word' id='word_1_37' title='bbox 1975 619 1983 674; x_wconf 93' lang='grc'>]</span> 
     </span>
    </p>
   </div>
   <div class='ocr_carea' id='block_1_5' title="bbox 1863 593 3554 700">
    <p class='ocr_par' dir='ltr' id='par_1_5' title="bbox 1863 619 3554 700">
     <span class='ocr_line' id='line_1_5' title="bbox 1863 619 3554 700; baseline 0.009 -28"><span class='ocrx_word' id='word_1_38' title='bbox 1863 630 1873 664; x_wconf 76' lang='grc' dir='ltr'><strong>ι</strong></span> <span class='ocrx_word' id='word_1_39' title='bbox 1975 619 2105 685; x_wconf 69' lang='lat' dir='ltr'><strong>hraz,</strong></span> <span class='ocrx_word' id='word_1_40' title='bbox 2137 622 2295 691; x_wconf 85' lang='lat' dir='ltr'><strong>quies</strong></span> <span class='ocrx_word' id='word_1_41' title='bbox 2337 633 2393 677; x_wconf 91' lang='lat' dir='ltr'><strong>et</strong></span> <span class='ocrx_word' id='word_1_42' title='bbox 2446 624 2701 681; x_wconf 71' lang='lat' dir='ltr'><strong>afﬂictio:</strong></span> <span class='ocrx_word' id='word_1_43' title='bbox 2758 637 3053 697; x_wconf 76' lang='lat' dir='ltr'><strong>precantur</strong></span> <span class='ocrx_word' id='word_1_44' title='bbox 3087 630 3142 684; x_wconf 91' lang='lat' dir='ltr'><strong>in</strong></span> <span class='ocrx_word' id='word_1_45' title='bbox 3192 631 3395 700; x_wconf 84' lang='lat' dir='ltr'><strong>quiete,</strong></span> <span class='ocrx_word' id='word_1_46' title='bbox 3446 634 3554 689; x_wconf 84' lang='lat' dir='ltr'><strong>alia</strong></span> 
     </span>
    </p>
   </div>
   <div class='ocr_carea' id='block_1_6' title="bbox 292 682 803 755">
    <p class='ocr_par' dir='ltr' id='par_1_6' title="bbox 292 682 803 755">
     <span class='ocr_line' id='line_1_6' title="bbox 292 682 803 755; baseline 0.018 -22"><span class='ocrx_word' id='word_1_47' title='bbox 292 684 355 733; x_wconf 75' lang='grc' dir='ltr'><strong>ἐν</strong></span> <span class='ocrx_word' id='word_1_48' title='bbox 384 682 602 755; x_wconf 74' lang='grc' dir='ltr'><strong>θορύϐῳ</strong></span> <span class='ocrx_word' id='word_1_49' title='bbox 638 687 803 743; x_wconf 85' lang='grc' dir='ltr'><strong>είσίν.</strong></span> 
     </span>
    </p>
   </div>
   <div class='ocr_carea' id='block_1_7' title="bbox 370 776 1872 863">
    <p class='ocr_par' dir='ltr' id='par_1_7' title="bbox 370 776 1872 863">
     <span class='ocr_line' id='line_1_7' title="bbox 370 776 1872 863; baseline 0.013 -36"><span class='ocrx_word' id='word_1_50' title='bbox 370 776 483 841; x_wconf 71' lang='lat' dir='ltr'><strong>lG”.</strong></span> <span class='ocrx_word' id='word_1_51' title='bbox 516 778 631 831; x_wconf 83' lang='grc' dir='ltr'><strong>Οὐκ</strong></span> <span class='ocrx_word' id='word_1_52' title='bbox 659 779 880 844; x_wconf 79' lang='grc' dir='ltr'><strong>ἀκούεις</strong></span> <span class='ocrx_word' id='word_1_53' title='bbox 915 785 969 837; x_wconf 92' lang='grc' dir='ltr'><strong>τί</strong></span> <span class='ocrx_word' id='word_1_54' title='bbox 1023 785 1171 855; x_wconf 87' lang='grc' dir='ltr'><strong>λέγει</strong></span> <span class='ocrx_word' id='word_1_55' title='bbox 1198 788 1227 840; x_wconf 98' lang='lat'><strong>6</strong></span> <span class='ocrx_word' id='word_1_56' title='bbox 1261 789 1473 853; x_wconf 80' lang='grc' dir='ltr'><strong>Παῦλος</strong></span> <span class='ocrx_word' id='word_1_57' title='bbox 1499 807 1515 823; x_wconf 77' lang='grc' dir='ltr'><strong>ο</strong></span> <span class='ocrx_word' id='word_1_58' title='bbox 1584 792 1726 846; x_wconf 80' lang='grc' dir='ltr'><strong>Ἐὰν</strong></span> <span class='ocrx_word' id='word_1_59' title='bbox 1753 793 1872 863; x_wconf 70' lang='grc' dir='ltr'><strong>ἔχω</strong></span> 
     </span>
    </p>
   </div>
   <div class='ocr_carea' id='block_1_8' title="bbox 291 866 1867 951">
    <p class='ocr_par' dir='ltr' id='par_1_8' title="bbox 291 866 1867 951">
     <span class='ocr_line' id='line_1_8' title="bbox 291 866 1867 951; baseline 0.013 -34"><span class='ocrx_word' id='word_1_60' title='bbox 291 866 491 919; x_wconf 74' lang='grc' dir='ltr'><strong>πάντα</strong></span> <span class='ocrx_word' id='word_1_61' title='bbox 524 868 595 922; x_wconf 86' lang='grc' dir='ltr'><strong>τὰ</strong></span> <span class='ocrx_word' id='word_1_62' title='bbox 616 871 985 941; x_wconf 78' lang='grc' dir='ltr'><strong>χαρίσματαο</strong></span> <span class='ocrx_word' id='word_1_63' title='bbox 1016 876 1125 932; x_wconf 79' lang='grc' dir='ltr'><strong>ἐὰν</strong></span> <span class='ocrx_word' id='word_1_64' title='bbox 1148 879 1396 947; x_wconf 78' lang='grc' dir='ltr'><strong>παραδῶ</strong></span> <span class='ocrx_word' id='word_1_65' title='bbox 1428 882 1493 935; x_wconf 83' lang='grc' dir='ltr'><strong>τὸ</strong></span> <span class='ocrx_word' id='word_1_66' title='bbox 1532 882 1707 951; x_wconf 87' lang='grc' dir='ltr'><strong>σῶμὰ</strong></span> <span class='ocrx_word' id='word_1_67' title='bbox 1726 902 1867 951; x_wconf 87' lang='grc' dir='ltr'><strong>μου.</strong></span> 
     </span>
    </p>
   </div>
   <div class='ocr_carea' id='block_1_9' title="bbox 292 955 1871 1040">
    <p class='ocr_par' dir='ltr' id='par_1_9' title="bbox 292 955 1871 1040">
     <span class='ocr_line' id='line_1_9' title="bbox 292 955 1871 1040; baseline 0.013 -34"><span class='ocrx_word' id='word_1_68' title='bbox 292 955 395 1007; x_wconf 79' lang='lat' dir='ltr'><strong>Ira</strong></span> <span class='ocrx_word' id='word_1_69' title='bbox 420 957 799 1027; x_wconf 80' lang='grc' dir='ltr'><strong>καυθήσομαι</strong></span> <span class='ocrx_word' id='word_1_70' title='bbox 824 977 837 991; x_wconf 90' lang='grc'>·</span> <span class='ocrx_word' id='word_1_71' title='bbox 860 964 971 1016; x_wconf 78' lang='grc' dir='ltr'><strong>ἐὰν</strong></span> <span class='ocrx_word' id='word_1_72' title='bbox 992 965 1121 1031; x_wconf 83' lang='grc' dir='ltr'><strong>ταῖς</strong></span> <span class='ocrx_word' id='word_1_73' title='bbox 1137 967 1443 1037; x_wconf 70' lang='grc' dir='ltr'><strong>γλώσσαις</strong></span> <span class='ocrx_word' id='word_1_74' title='bbox 1462 968 1580 1022; x_wconf 78' lang='grc' dir='ltr'><strong>τῶν</strong></span> <span class='ocrx_word' id='word_1_75' title='bbox 1600 971 1871 1040; x_wconf 74' lang='grc' dir='ltr'><strong>ἀγγέλων</strong></span> 
     </span>
    </p>
   </div>
   <div class='ocr_carea' id='block_1_10' title="bbox 290 1044 1868 1134">
    <p class='ocr_par' dir='ltr' id='par_1_10' title="bbox 290 1044 1868 1134">
     <span class='ocr_line' id='line_1_10' title="bbox 290 1044 1868 1134; baseline 0.012 -35"><span class='ocrx_word' id='word_1_76' title='bbox 290 1044 482 1111; x_wconf 62' lang='grc' dir='ltr'><strong>λαλῶ,</strong></span> <span class='ocrx_word' id='word_1_77' title='bbox 534 1048 778 1118; x_wconf 75' lang='grc' dir='ltr'><strong>ἀγάπην</strong></span> <span class='ocrx_word' id='word_1_78' title='bbox 827 1052 897 1106; x_wconf 78' lang='grc' dir='ltr'><strong>δὲ</strong></span> <span class='ocrx_word' id='word_1_79' title='bbox 936 1054 1023 1124; x_wconf 83' lang='grc' dir='ltr'><strong>μὴ</strong></span> <span class='ocrx_word' id='word_1_80' title='bbox 1053 1056 1192 1127; x_wconf 72' lang='grc' dir='ltr'><strong>ἔχω,</strong></span> <span class='ocrx_word' id='word_1_81' title='bbox 1245 1060 1428 1114; x_wconf 75' lang='grc' dir='ltr'><strong>οὐθέν</strong></span> <span class='ocrx_word' id='word_1_82' title='bbox 1460 1064 1603 1130; x_wconf 75' lang='grc' dir='ltr'><strong>ειμι.</strong></span> <span class='ocrx_word' id='word_1_83' title='bbox 1650 1063 1868 1134; x_wconf 84' lang='grc' dir='ltr'><strong>Ἐπειδὴ</strong></span> 
     </span>
    </p>
   </div>
   <div class='ocr_carea' id='block_1_11' title="bbox 291 1136 1870 1218">
    <p class='ocr_par' dir='ltr' id='par_1_11' title="bbox 291 1136 1870 1218">
     <span class='ocr_line' id='line_1_11' title="bbox 291 1136 1870 1218; baseline 0.011 -29"><span class='ocrx_word' id='word_1_84' title='bbox 291 1136 467 1191; x_wconf 84' lang='grc' dir='ltr'><strong>ταῦτα</strong></span> <span class='ocrx_word' id='word_1_85' title='bbox 494 1138 563 1193; x_wconf 80' lang='grc' dir='ltr'><strong>τὰ</strong></span> <span class='ocrx_word' id='word_1_86' title='bbox 625 1142 942 1212; x_wconf 78' lang='grc' dir='ltr'><strong>χαρίσματα</strong></span> <span class='ocrx_word' id='word_1_87' title='bbox 997 1152 1375 1218; x_wconf 84' lang='grc' dir='ltr'><strong>προτρεπτικά</strong></span> <span class='ocrx_word' id='word_1_88' title='bbox 1422 1152 1527 1205; x_wconf 74' lang='grc' dir='ltr'><strong>εισι</strong></span> <span class='ocrx_word' id='word_1_89' title='bbox 1554 1169 1567 1183; x_wconf 94' lang='grc'><strong>·</strong></span> <span class='ocrx_word' id='word_1_90' title='bbox 1604 1153 1698 1207; x_wconf 69' lang='grc' dir='ltr'><strong>καὶ</strong></span> <span class='ocrx_word' id='word_1_91' title='bbox 1727 1154 1775 1206; x_wconf 87' lang='grc' dir='ltr'><strong>οί</strong></span> <span class='ocrx_word' id='word_1_92' title='bbox 1811 1155 1870 1207; x_wconf 84' lang='grc' dir='ltr'><strong>ἐν</strong></span> 
     </span>
    </p>
   </div>
   <div class='ocr_carea' id='block_1_12' title="bbox 291 1228 1864 1313">
    <p class='ocr_par' dir='ltr' id='par_1_12' title="bbox 291 1228 1864 1313">
     <span class='ocr_line' id='line_1_12' title="bbox 291 1228 1864 1313; baseline 0.011 -34"><span class='ocrx_word' id='word_1_93' title='bbox 291 1228 505 1293; x_wconf 79' lang='grc' dir='ltr'><strong>τούτοις</strong></span> <span class='ocrx_word' id='word_1_94' title='bbox 538 1232 851 1302; x_wconf 81' lang='grc' dir='ltr'><strong>στήκοντες,</strong></span> <span class='ocrx_word' id='word_1_95' title='bbox 911 1237 961 1289; x_wconf 81' lang='grc' dir='ltr'><strong>εί</strong></span> <span class='ocrx_word' id='word_1_96' title='bbox 1008 1238 1104 1292; x_wconf 75' lang='grc' dir='ltr'><strong>καὶ</strong></span> <span class='ocrx_word' id='word_1_97' title='bbox 1158 1242 1217 1294; x_wconf 82' lang='grc' dir='ltr'><strong>ἐν</strong></span> <span class='ocrx_word' id='word_1_98' title='bbox 1286 1243 1443 1309; x_wconf 78' lang='grc' dir='ltr'><strong>φωτὶ,</strong></span> <span class='ocrx_word' id='word_1_99' title='bbox 1485 1243 1668 1313; x_wconf 83' lang='grc' dir='ltr'><strong>νήπιοι</strong></span> <span class='ocrx_word' id='word_1_100' title='bbox 1720 1245 1864 1297; x_wconf 80' lang='grc' dir='ltr'><strong>εἰσι·</strong></span> 
     </span>
    </p>
   </div>
   <div class='ocr_carea' id='block_1_13' title="bbox 297 1318 1871 1403">
    <p class='ocr_par' dir='ltr' id='par_1_13' title="bbox 297 1318 1871 1403">
     <span class='ocr_line' id='line_1_13' title="bbox 297 1318 1871 1403; baseline 0.011 -32"><span class='ocrx_word' id='word_1_101' title='bbox 297 1318 486 1372; x_wconf 75' lang='grc' dir='ltr'><strong>πολλοὶ</strong></span> <span class='ocrx_word' id='word_1_102' title='bbox 508 1320 618 1391; x_wconf 83' lang='grc' dir='ltr'><strong>γὰρ</strong></span> <span class='ocrx_word' id='word_1_103' title='bbox 656 1322 767 1377; x_wconf 90' lang='grc' dir='ltr'><strong>τῶν</strong></span> <span class='ocrx_word' id='word_1_104' title='bbox 797 1324 1044 1397; x_wconf 77' lang='grc' dir='ltr'>ἀδελφῶν</span> <span class='ocrx_word' id='word_1_105' title='bbox 1087 1323 1256 1401; x_wconf 77' lang='grc' dir='ltr'><strong>ἦλθον</strong></span> <span class='ocrx_word' id='word_1_106' title='bbox 1294 1332 1375 1394; x_wconf 84' lang='grc' dir='ltr'><strong>είς</strong></span> <span class='ocrx_word' id='word_1_107' title='bbox 1422 1331 1491 1386; x_wconf 81' lang='grc' dir='ltr'><strong>τὰ</strong></span> <span class='ocrx_word' id='word_1_108' title='bbox 1518 1332 1742 1387; x_wconf 82' lang='grc' dir='ltr'><strong>τοιαῦτα</strong></span> <span class='ocrx_word' id='word_1_109' title='bbox 1775 1335 1871 1403; x_wconf 84' lang='grc' dir='ltr'><strong>μέ-</strong></span> 
     </span>
    </p>
   </div>
   <div class='ocr_carea' id='block_1_14' title="bbox 289 1411 1869 1491">
    <p class='ocr_par' dir='ltr' id='par_1_14' title="bbox 289 1411 1869 1491">
     <span class='ocr_line' id='line_1_14' title="bbox 289 1411 1869 1491; baseline 0.012 -30"><span class='ocrx_word' id='word_1_110' title='bbox 289 1426 416 1481; x_wconf 89' lang='grc' dir='ltr'><strong>τρα,</strong></span> <span class='ocrx_word' id='word_1_111' title='bbox 453 1412 548 1464; x_wconf 77' lang='grc' dir='ltr'><strong>καὶ</strong></span> <span class='ocrx_word' id='word_1_112' title='bbox 582 1411 739 1483; x_wconf 75' lang='grc' dir='ltr'><strong>ἔσχον</strong></span> <span class='ocrx_word' id='word_1_113' title='bbox 774 1417 1089 1488; x_wconf 79' lang='grc' dir='ltr'><strong>χαρίσματα</strong></span> <span class='ocrx_word' id='word_1_114' title='bbox 1143 1421 1407 1491; x_wconf 89' lang='grc' dir='ltr'><strong>ίαμάτων,</strong></span> <span class='ocrx_word' id='word_1_115' title='bbox 1449 1426 1544 1478; x_wconf 78' lang='grc' dir='ltr'><strong>καὶ</strong></span> <span class='ocrx_word' id='word_1_116' title='bbox 1592 1426 1869 1479; x_wconf 86' lang='grc' dir='ltr'><strong>ἀποκάλυ-</strong></span> 
     </span>
    </p>
   </div>
   <div class='ocr_carea' id='block_1_15' title="bbox 285 1500 1868 1583">
    <p class='ocr_par' dir='ltr' id='par_1_15' title="bbox 285 1500 1868 1583">
     <span class='ocr_line' id='line_1_15' title="bbox 285 1500 1868 1583; baseline 0.01 -31"><span class='ocrx_word' id='word_1_117' title='bbox 285 1500 402 1570; x_wconf 80' lang='grc' dir='ltr'><strong>ψιν,</strong></span> <span class='ocrx_word' id='word_1_118' title='bbox 443 1504 542 1555; x_wconf 73' lang='grc' dir='ltr'><strong>καὶ</strong></span> <span class='ocrx_word' id='word_1_119' title='bbox 592 1508 933 1575; x_wconf 84' lang='grc' dir='ltr'><strong>προφητείαν</strong></span> <span class='ocrx_word' id='word_1_120' title='bbox 958 1525 973 1540; x_wconf 78' lang='lat'><strong><em>°</em></strong></span> <span class='ocrx_word' id='word_1_121' title='bbox 1003 1511 1097 1563; x_wconf 78' lang='grc' dir='ltr'><strong>καὶ</strong></span> <span class='ocrx_word' id='word_1_122' title='bbox 1141 1512 1329 1583; x_wconf 76' lang='grc' dir='ltr'><strong>ἐπειδὴ</strong></span> <span class='ocrx_word' id='word_1_123' title='bbox 1377 1515 1478 1567; x_wconf 83' lang='grc' dir='ltr'><strong>οὐκ</strong></span> <span class='ocrx_word' id='word_1_124' title='bbox 1519 1514 1759 1582; x_wconf 68' lang='grc' dir='ltr'><strong>ἔφθασαν</strong></span> <span class='ocrx_word' id='word_1_125' title='bbox 1788 1517 1868 1580; x_wconf 87' lang='grc' dir='ltr'><strong>είς</strong></span> 
     </span>
    </p>
   </div>
   <div class='ocr_carea' id='block_1_16' title="bbox 286 1592 1865 1674">
    <p class='ocr_par' dir='ltr' id='par_1_16' title="bbox 286 1592 1865 1674">
     <span class='ocr_line' id='line_1_16' title="bbox 286 1592 1865 1674; baseline 0.013 -32"><span class='ocrx_word' id='word_1_126' title='bbox 286 1592 389 1660; x_wconf 76' lang='grc' dir='ltr'><strong>τὴν</strong></span> <span class='ocrx_word' id='word_1_127' title='bbox 419 1593 632 1646; x_wconf 83' lang='grc' dir='ltr'><strong>τελείαν</strong></span> <span class='ocrx_word' id='word_1_128' title='bbox 662 1596 913 1667; x_wconf 66' lang='grc' dir='ltr'><strong>ἀγάπηνξ</strong></span> <span class='ocrx_word' id='word_1_129' title='bbox 936 1600 1070 1654; x_wconf 81' lang='grc' dir='ltr'><strong>ὅπου</strong></span> <span class='ocrx_word' id='word_1_130' title='bbox 1089 1604 1124 1656; x_wconf 83' lang='grc' dir='ltr'><strong>ό</strong></span> <span class='ocrx_word' id='word_1_131' title='bbox 1149 1604 1497 1674; x_wconf 81' lang='grc' dir='ltr'><strong>σύνδεσμος</strong></span> <span class='ocrx_word' id='word_1_132' title='bbox 1520 1605 1628 1674; x_wconf 80' lang='grc' dir='ltr'><strong>τῆς</strong></span> <span class='ocrx_word' id='word_1_133' title='bbox 1646 1610 1865 1661; x_wconf 71' lang='grc' dir='ltr'><strong>τελειό-</strong></span> 
     </span>
    </p>
   </div>
   <div class='ocr_carea' id='block_1_17' title="bbox 288 1684 1866 1766">
    <p class='ocr_par' dir='ltr' id='par_1_17' title="bbox 288 1684 1866 1766">
     <span class='ocr_line' id='line_1_17' title="bbox 288 1684 1866 1766; baseline 0.012 -33"><span class='ocrx_word' id='word_1_134' title='bbox 288 1698 492 1748; x_wconf 81' lang='grc' dir='ltr'><strong>τητος,</strong></span> <span class='ocrx_word' id='word_1_135' title='bbox 532 1684 767 1754; x_wconf 77' lang='grc' dir='ltr'><strong>ἐπῆλθεν</strong></span> <span class='ocrx_word' id='word_1_136' title='bbox 817 1688 1003 1753; x_wconf 81' lang='grc' dir='ltr'><strong>αὐτοῖς</strong></span> <span class='ocrx_word' id='word_1_137' title='bbox 1047 1691 1308 1761; x_wconf 82' lang='grc' dir='ltr'><strong>πόλεμος,</strong></span> <span class='ocrx_word' id='word_1_138' title='bbox 1345 1697 1439 1748; x_wconf 76' lang='grc' dir='ltr'><strong>καὶ</strong></span> <span class='ocrx_word' id='word_1_139' title='bbox 1490 1696 1866 1766; x_wconf 80' lang='grc' dir='ltr'><strong>ἀμελήσαντες</strong></span> 
     </span>
    </p>
   </div>
   <div class='ocr_carea' id='block_1_18' title="bbox 290 1771 1861 1865">
    <p class='ocr_par' dir='ltr' id='par_1_18' title="bbox 290 1771 1861 1865">
     <span class='ocr_line' id='line_1_18' title="bbox 290 1771 1861 1865; baseline 0.012 -42"><span class='ocrx_word' id='word_1_140' title='bbox 290 1771 509 1865; x_wconf 64' lang='grc' dir='ltr'><strong>ἔπεσον.</strong></span> <span class='ocrx_word' id='word_1_141' title='bbox 548 1774 613 1828; x_wconf 79' lang='lat' dir='ltr'><strong>El</strong></span> <span class='ocrx_word' id='word_1_142' title='bbox 668 1776 726 1829; x_wconf 86' lang='grc' dir='ltr'><strong>δέ</strong></span> <span class='ocrx_word' id='word_1_143' title='bbox 759 1793 843 1839; x_wconf 91' lang='grc' dir='ltr'><strong>τις</strong></span> <span class='ocrx_word' id='word_1_144' title='bbox 876 1778 1075 1847; x_wconf 82' lang='grc' dir='ltr'><strong>φθάσει</strong></span> <span class='ocrx_word' id='word_1_145' title='bbox 1122 1783 1207 1846; x_wconf 71' lang='grc' dir='ltr'><strong>είς,</strong></span> <span class='ocrx_word' id='word_1_146' title='bbox 1240 1785 1339 1854; x_wconf 85' lang='grc' dir='ltr'><strong>τὴν</strong></span> <span class='ocrx_word' id='word_1_147' title='bbox 1386 1786 1593 1865; x_wconf 75' lang='grc' dir='ltr'><strong>τελείαν</strong></span> <span class='ocrx_word' id='word_1_148' title='bbox 1621 1789 1861 1859; x_wconf 82' lang='grc' dir='ltr'><strong>ἀγάπην,</strong></span> 
     </span>
    </p>
   </div>
   <div class='ocr_carea' id='block_1_19' title="bbox 1972 712 3149 784">
    <p class='ocr_par' dir='ltr' id='par_1_19' title="bbox 1972 712 3149 784">
     <span class='ocr_line' id='line_1_19' title="bbox 1972 712 3149 784; baseline 0.009 -21"><span class='ocrx_word' id='word_1_149' title='bbox 1972 725 2106 765; x_wconf 87' lang='lat' dir='ltr'><strong>vero</strong></span> <span class='ocrx_word' id='word_1_150' title='bbox 2137 712 2271 766; x_wconf 88' lang='lat' dir='ltr'><strong>hora</strong></span> <span class='ocrx_word' id='word_1_151' title='bbox 2296 715 2349 767; x_wconf 92' lang='lat' dir='ltr'><strong>in</strong></span> <span class='ocrx_word' id='word_1_152' title='bbox 2375 718 2792 784; x_wconf 90' lang='lat' dir='ltr'><strong>perturbatione</strong></span> <span class='ocrx_word' id='word_1_153' title='bbox 2820 721 3149 775; x_wconf 91' lang='lat' dir='ltr'><strong>consistunt.</strong></span> 
     </span>
    </p>
   </div>
   <div class='ocr_carea' id='block_1_20' title="bbox 2044 802 3554 879">
    <p class='ocr_par' dir='ltr' id='par_1_20' title="bbox 2044 802 3554 879">
     <span class='ocr_line' id='line_1_20' title="bbox 2044 802 3554 879; baseline 0.009 -23"><span class='ocrx_word' id='word_1_154' title='bbox 2044 802 2181 858; x_wconf 79' lang='lat' dir='ltr'><strong>XVI.</strong></span> <span class='ocrx_word' id='word_1_155' title='bbox 2228 806 2347 859; x_wconf 89' lang='lat' dir='ltr'><strong>Non</strong></span> <span class='ocrx_word' id='word_1_156' title='bbox 2400 809 2559 863; x_wconf 87' lang='lat' dir='ltr'><strong>audis</strong></span> <span class='ocrx_word' id='word_1_157' title='bbox 2610 810 2744 879; x_wconf 89' lang='lat' dir='ltr'><strong>quid</strong></span> <span class='ocrx_word' id='word_1_158' title='bbox 2792 811 2869 864; x_wconf 89' lang='lat' dir='ltr'><strong>ait</strong></span> <span class='ocrx_word' id='word_1_159' title='bbox 2922 812 3123 868; x_wconf 86' lang='lat' dir='ltr'><strong>Paulus</strong></span> <span class='ocrx_word' id='word_1_160' title='bbox 3163 831 3177 867; x_wconf 94' lang='lat'><strong>:</strong></span> <span class='ocrx_word' id='word_1_161' title='bbox 3215 812 3273 868; x_wconf 88' lang='lat' dir='ltr'><strong>Si</strong></span> <span class='ocrx_word' id='word_1_162' title='bbox 3326 815 3554 870; x_wconf 79' lang='lat' dir='ltr'><strong>habuero</strong></span> 
     </span>
    </p>
   </div>
   <div class='ocr_carea' id='block_1_21' title="bbox 1972 893 3549 967">
    <p class='ocr_par' dir='ltr' id='par_1_21' title="bbox 1972 893 3549 967">
     <span class='ocr_line' id='line_1_21' title="bbox 1972 893 3549 967; baseline 0.008 -24"><span class='ocrx_word' id='word_1_163' title='bbox 1972 898 2152 946; x_wconf 91' lang='lat' dir='ltr'><strong>omnia</strong></span> <span class='ocrx_word' id='word_1_164' title='bbox 2187 893 2325 946; x_wconf 86' lang='lat' dir='ltr'><strong>dona</strong></span> <span class='ocrx_word' id='word_1_165' title='bbox 2346 912 2365 957; x_wconf 91' lang='lat'><strong><em>;</em></strong></span> <span class='ocrx_word' id='word_1_166' title='bbox 2396 897 2440 948; x_wconf 98' lang='lat' dir='ltr'><strong>si</strong></span> <span class='ocrx_word' id='word_1_167' title='bbox 2458 898 2725 950; x_wconf 81' lang='lat' dir='ltr'><strong>tradidero</strong></span> <span class='ocrx_word' id='word_1_168' title='bbox 2746 914 2932 967; x_wconf 88' lang='lat' dir='ltr'><strong>corpus</strong></span> <span class='ocrx_word' id='word_1_169' title='bbox 2956 915 3129 951; x_wconf 84' lang='lat' dir='ltr'><strong>meum</strong></span> <span class='ocrx_word' id='word_1_170' title='bbox 3154 908 3210 952; x_wconf 88' lang='lat' dir='ltr'><strong>ut</strong></span> <span class='ocrx_word' id='word_1_171' title='bbox 3236 900 3549 966; x_wconf 85' lang='lat' dir='ltr'><strong>comburar;</strong></span> 
     </span>
    </p>
   </div>
   <div class='ocr_carea' id='block_1_22' title="bbox 1969 985 3552 1061">
    <p class='ocr_par' dir='ltr' id='par_1_22' title="bbox 1969 985 3552 1061">
     <span class='ocr_line' id='line_1_22' title="bbox 1969 985 3552 1061; baseline 0.008 -25"><span class='ocrx_word' id='word_1_172' title='bbox 1969 985 2015 1037; x_wconf 88' lang='lat' dir='ltr'><strong>si</strong></span> <span class='ocrx_word' id='word_1_173' title='bbox 2062 985 2254 1053; x_wconf 87' lang='lat' dir='ltr'><strong>linguis</strong></span> <span class='ocrx_word' id='word_1_174' title='bbox 2294 988 2604 1056; x_wconf 82' lang='lat' dir='ltr'><strong>angelorum</strong></span> <span class='ocrx_word' id='word_1_175' title='bbox 2654 990 2861 1061; x_wconf 89' lang='lat' dir='ltr'><strong>loquar,</strong></span> <span class='ocrx_word' id='word_1_176' title='bbox 2887 993 3198 1045; x_wconf 84' lang='lat' dir='ltr'><strong>charitatem</strong></span> <span class='ocrx_word' id='word_1_177' title='bbox 3238 1001 3415 1047; x_wconf 85' lang='lat' dir='ltr'><strong>autem</strong></span> <span class='ocrx_word' id='word_1_178' title='bbox 3446 1012 3552 1048; x_wconf 84' lang='lat' dir='ltr'><strong>non</strong></span> 
     </span>
    </p>
   </div>
   <div class='ocr_carea' id='block_1_23' title="bbox 1969 1076 3551 1150">
    <p class='ocr_par' dir='ltr' id='par_1_23' title="bbox 1969 1076 3551 1150">
     <span class='ocr_line' id='line_1_23' title="bbox 1969 1076 3551 1150; baseline 0.007 -21"><span class='ocrx_word' id='word_1_179' title='bbox 1969 1076 2219 1141; x_wconf 81' lang='lat' dir='ltr'><strong>habuero,</strong></span> <span class='ocrx_word' id='word_1_180' title='bbox 2254 1076 2386 1131; x_wconf 80' lang='lat' dir='ltr'><strong>nihil</strong></span> <span class='ocrx_word' id='word_1_181' title='bbox 2412 1096 2528 1133; x_wconf 86' lang='lat' dir='ltr'><strong>sum</strong></span> <span class='ocrx_word' id='word_1_182' title='bbox 2561 1082 2626 1134; x_wconf 78' lang='lat'><strong>&quot;.</strong></span> <span class='ocrx_word' id='word_1_183' title='bbox 2652 1080 2935 1150; x_wconf 88' lang='lat' dir='ltr'><strong>Siquidem</strong></span> <span class='ocrx_word' id='word_1_184' title='bbox 2962 1084 3079 1138; x_wconf 64' lang='lat' dir='ltr'><strong>haec</strong></span> <span class='ocrx_word' id='word_1_185' title='bbox 3124 1084 3265 1139; x_wconf 88' lang='lat' dir='ltr'><strong>dona</strong></span> <span class='ocrx_word' id='word_1_186' title='bbox 3293 1086 3551 1140; x_wconf 83' lang='lat' dir='ltr'><strong>exhorta-</strong></span> 
     </span>
    </p>
   </div>
   <div class='ocr_carea' id='block_1_24' title="bbox 1971 1164 3552 1243">
    <p class='ocr_par' dir='ltr' id='par_1_24' title="bbox 1971 1164 3552 1243">
     <span class='ocr_line' id='line_1_24' title="bbox 1971 1164 3552 1243; baseline 0.009 -26"><span class='ocrx_word' id='word_1_187' title='bbox 1971 1164 2112 1218; x_wconf 86' lang='lat' dir='ltr'><strong>toria</strong></span> <span class='ocrx_word' id='word_1_188' title='bbox 2134 1175 2295 1220; x_wconf 86' lang='lat' dir='ltr'><strong>sunt:</strong></span> <span class='ocrx_word' id='word_1_189' title='bbox 2347 1174 2403 1220; x_wconf 90' lang='lat' dir='ltr'><strong>et</strong></span> <span class='ocrx_word' id='word_1_190' title='bbox 2452 1168 2632 1236; x_wconf 90' lang='lat' dir='ltr'><strong>quiin</strong></span> <span class='ocrx_word' id='word_1_191' title='bbox 2684 1171 2770 1225; x_wconf 88' lang='lat' dir='ltr'><strong>his</strong></span> <span class='ocrx_word' id='word_1_192' title='bbox 2829 1173 3159 1239; x_wconf 89' lang='lat' dir='ltr'><strong>consistunt,</strong></span> <span class='ocrx_word' id='word_1_193' title='bbox 3209 1176 3461 1243; x_wconf 86' lang='lat' dir='ltr'><strong>quamvis</strong></span> <span class='ocrx_word' id='word_1_194' title='bbox 3494 1176 3552 1231; x_wconf 88' lang='lat' dir='ltr'><strong>in</strong></span> 
     </span>
    </p>
   </div>
   <div class='ocr_carea' id='block_1_25' title="bbox 1970 1252 3551 1329">
    <p class='ocr_par' dir='ltr' id='par_1_25' title="bbox 1970 1252 3551 1329">
     <span class='ocr_line' id='line_1_25' title="bbox 1970 1252 3551 1329; baseline 0.011 -24"><span class='ocrx_word' id='word_1_195' title='bbox 1970 1252 2094 1307; x_wconf 90' lang='lat' dir='ltr'><strong>luce</strong></span> <span class='ocrx_word' id='word_1_196' title='bbox 2124 1255 2255 1320; x_wconf 89' lang='lat' dir='ltr'><strong>sint,</strong></span> <span class='ocrx_word' id='word_1_197' title='bbox 2291 1264 2477 1311; x_wconf 89' lang='lat' dir='ltr'><strong>tamen</strong></span> <span class='ocrx_word' id='word_1_198' title='bbox 2502 1256 2740 1314; x_wconf 79' lang='lat' dir='ltr'><strong>infantes</strong></span> <span class='ocrx_word' id='word_1_199' title='bbox 2766 1272 2914 1317; x_wconf 89' lang='lat' dir='ltr'><strong>sunt.</strong></span> <span class='ocrx_word' id='word_1_200' title='bbox 2961 1262 3119 1329; x_wconf 79' lang='lat' dir='ltr'><strong>Multi</strong></span> <span class='ocrx_word' id='word_1_201' title='bbox 3152 1266 3297 1319; x_wconf 90' lang='lat' dir='ltr'><strong>enim</strong></span> <span class='ocrx_word' id='word_1_202' title='bbox 3348 1266 3551 1322; x_wconf 79' lang='lat' dir='ltr'><strong>fratres</strong></span> 
     </span>
    </p>
   </div>
   <div class='ocr_carea' id='block_1_26' title="bbox 1968 1342 3547 1416">
    <p class='ocr_par' dir='ltr' id='par_1_26' title="bbox 1968 1342 3547 1416">
     <span class='ocr_line' id='line_1_26' title="bbox 1968 1342 3547 1416; baseline 0.009 -20"><span class='ocrx_word' id='word_1_203' title='bbox 1968 1342 2036 1396; x_wconf 90' lang='lat' dir='ltr'><strong>ad</strong></span> <span class='ocrx_word' id='word_1_204' title='bbox 2082 1343 2183 1398; x_wconf 90' lang='lat' dir='ltr'><strong>hos</strong></span> <span class='ocrx_word' id='word_1_205' title='bbox 2229 1345 2432 1415; x_wconf 82' lang='lat' dir='ltr'><strong>gradus</strong></span> <span class='ocrx_word' id='word_1_206' title='bbox 2474 1361 2865 1416; x_wconf 87' lang='lat' dir='ltr'><strong>pervenerunt,</strong></span> <span class='ocrx_word' id='word_1_207' title='bbox 2918 1368 2981 1407; x_wconf 90' lang='lat' dir='ltr'><strong>ac</strong></span> <span class='ocrx_word' id='word_1_208' title='bbox 3035 1353 3351 1408; x_wconf 89' lang='lat' dir='ltr'><strong>habuerunt</strong></span> <span class='ocrx_word' id='word_1_209' title='bbox 3402 1356 3547 1412; x_wconf 89' lang='lat' dir='ltr'><strong>dona</strong></span> 
     </span>
    </p>
   </div>
   <div class='ocr_carea' id='block_1_27' title="bbox 1967 1436 3545 1515">
    <p class='ocr_par' dir='ltr' id='par_1_27' title="bbox 1967 1436 3545 1515">
     <span class='ocr_line' id='line_1_27' title="bbox 1967 1436 3545 1515; baseline 0.01 -28"><span class='ocrx_word' id='word_1_210' title='bbox 1967 1436 2334 1500; x_wconf 88' lang='lat' dir='ltr'><strong>sanationum,</strong></span> <span class='ocrx_word' id='word_1_211' title='bbox 2369 1439 2760 1494; x_wconf 87' lang='lat' dir='ltr'><strong>revelationem</strong></span> <span class='ocrx_word' id='word_1_212' title='bbox 2789 1457 2852 1496; x_wconf 90' lang='lat' dir='ltr'><strong>ac</strong></span> <span class='ocrx_word' id='word_1_213' title='bbox 2883 1445 3259 1512; x_wconf 87' lang='lat' dir='ltr'><strong>prophetiam;</strong></span> <span class='ocrx_word' id='word_1_214' title='bbox 3286 1448 3545 1515; x_wconf 87' lang='lat' dir='ltr'><strong>quoniam</strong></span> 
     </span>
    </p>
   </div>
   <div class='ocr_carea' id='block_1_28' title="bbox 1967 1526 3551 1604">
    <p class='ocr_par' dir='ltr' id='par_1_28' title="bbox 1967 1526 3551 1604">
     <span class='ocr_line' id='line_1_28' title="bbox 1967 1526 3551 1604; baseline 0.009 -27"><span class='ocrx_word' id='word_1_215' title='bbox 1967 1533 2149 1578; x_wconf 86' lang='lat' dir='ltr'><strong>autem</strong></span> <span class='ocrx_word' id='word_1_216' title='bbox 2178 1526 2245 1579; x_wconf 91' lang='lat' dir='ltr'><strong>ad</strong></span> <span class='ocrx_word' id='word_1_217' title='bbox 2270 1527 2569 1595; x_wconf 85' lang='lat' dir='ltr'><strong>perfectam</strong></span> <span class='ocrx_word' id='word_1_218' title='bbox 2595 1530 2921 1585; x_wconf 87' lang='lat' dir='ltr'><strong>charitatem</strong></span> <span class='ocrx_word' id='word_1_219' title='bbox 2946 1548 3055 1587; x_wconf 89' lang='lat' dir='ltr'><strong>non</strong></span> <span class='ocrx_word' id='word_1_220' title='bbox 3079 1537 3551 1604; x_wconf 38' lang='lat' dir='ltr'><strong>pervenerunthin</strong></span> 
     </span>
    </p>
   </div>
   <div class='ocr_carea' id='block_1_29' title="bbox 1967 1616 3551 1693">
    <p class='ocr_par' dir='ltr' id='par_1_29' title="bbox 1967 1616 3551 1693">
     <span class='ocr_line' id='line_1_29' title="bbox 1967 1616 3551 1693; baseline 0.009 -26"><span class='ocrx_word' id='word_1_221' title='bbox 1967 1630 2075 1683; x_wconf 87' lang='lat' dir='ltr'><strong>qua</strong></span> <span class='ocrx_word' id='word_1_222' title='bbox 2096 1616 2362 1670; x_wconf 82' lang='lat' dir='ltr'><strong>vinculum</strong></span> <span class='ocrx_word' id='word_1_223' title='bbox 2409 1628 2484 1671; x_wconf 87' lang='lat' dir='ltr'><strong>est</strong></span> <span class='ocrx_word' id='word_1_224' title='bbox 2547 1621 2876 1691; x_wconf 73' lang='lat' dir='ltr'><strong>perfectionis</strong></span> <span class='ocrx_word' id='word_1_225' title='bbox 2913 1623 2979 1691; x_wconf 79' lang='grc' dir='ltr'><strong>⁸ο,</strong></span> <span class='ocrx_word' id='word_1_226' title='bbox 3035 1626 3276 1693; x_wconf 88' lang='lat' dir='ltr'><strong>prosiliit</strong></span> <span class='ocrx_word' id='word_1_227' title='bbox 3334 1627 3388 1680; x_wconf 94' lang='lat' dir='ltr'><strong>in</strong></span> <span class='ocrx_word' id='word_1_228' title='bbox 3451 1642 3551 1682; x_wconf 87' lang='lat' dir='ltr'><strong>eos</strong></span> 
     </span>
    </p>
   </div>
   <div class='ocr_carea' id='block_1_30' title="bbox 1965 1707 3547 1782">
    <p class='ocr_par' dir='ltr' id='par_1_30' title="bbox 1965 1707 3547 1782">
     <span class='ocr_line' id='line_1_30' title="bbox 1965 1707 3547 1782; baseline 0.008 -22"><span class='ocrx_word' id='word_1_229' title='bbox 1965 1707 2192 1773; x_wconf 89' lang='lat' dir='ltr'><strong>bellum,</strong></span> <span class='ocrx_word' id='word_1_230' title='bbox 2240 1709 2388 1778; x_wconf 91' lang='lat' dir='ltr'><strong>quod</strong></span> <span class='ocrx_word' id='word_1_231' title='bbox 2434 1726 2558 1764; x_wconf 92' lang='lat' dir='ltr'><strong>cum</strong></span> <span class='ocrx_word' id='word_1_232' title='bbox 2602 1712 2943 1782; x_wconf 83' lang='lat' dir='ltr'><strong>negligerent</strong></span> <span class='ocrx_word' id='word_1_233' title='bbox 3021 1716 3419 1772; x_wconf 91' lang='lat' dir='ltr'><strong>occubuerunt.</strong></span> <span class='ocrx_word' id='word_1_234' title='bbox 3489 1716 3547 1771; x_wconf 80' lang='lat' dir='ltr'><strong>Si</strong></span> 
     </span>
    </p>
   </div>
   <div class='ocr_carea' id='block_1_31' title="bbox 1964 1800 3548 1873">
    <p class='ocr_par' dir='ltr' id='par_1_31' title="bbox 1964 1800 3548 1873">
     <span class='ocr_line' id='line_1_31' title="bbox 1964 1800 3548 1873; baseline 0.006 -21"><span class='ocrx_word' id='word_1_235' title='bbox 1964 1814 2097 1853; x_wconf 83' lang='lat' dir='ltr'><strong>vero</strong></span> <span class='ocrx_word' id='word_1_236' title='bbox 2128 1800 2252 1869; x_wconf 87' lang='lat' dir='ltr'><strong>quis</strong></span> <span class='ocrx_word' id='word_1_237' title='bbox 2278 1803 2591 1868; x_wconf 88' lang='lat' dir='ltr'><strong>pervenerit</strong></span> <span class='ocrx_word' id='word_1_238' title='bbox 2631 1804 2698 1857; x_wconf 92' lang='lat' dir='ltr'><strong>ad</strong></span> <span class='ocrx_word' id='word_1_239' title='bbox 2747 1806 3045 1873; x_wconf 80' lang='lat' dir='ltr'><strong>perfectam</strong></span> <span class='ocrx_word' id='word_1_240' title='bbox 3080 1807 3421 1873; x_wconf 89' lang='lat' dir='ltr'><strong>cbaritatem,</strong></span> <span class='ocrx_word' id='word_1_241' title='bbox 3455 1809 3548 1863; x_wconf 88' lang='lat' dir='ltr'><strong>hic</strong></span> 
     </span>
    </p>
   </div>
   <div class='ocr_carea' id='block_1_32' title="bbox 288 1856 1979 1965">
    <p class='ocr_par' dir='ltr' id='par_1_32' title="bbox 288 1856 1979 1957">
     <span class='ocr_line' id='line_1_32' title="bbox 288 1856 1979 1957; baseline 0.012 -44"><span class='ocrx_word' id='word_1_242' title='bbox 288 1856 445 1925; x_wconf 70' lang='grc' dir='ltr'><strong>οὗτος</strong></span> <span class='ocrx_word' id='word_1_243' title='bbox 466 1864 651 1919; x_wconf 88' lang='grc' dir='ltr'><strong>λοιπὸν</strong></span> <span class='ocrx_word' id='word_1_244' title='bbox 673 1867 903 1932; x_wconf 83' lang='grc' dir='ltr'><strong>δέδεται,</strong></span> <span class='ocrx_word' id='word_1_245' title='bbox 948 1871 1044 1925; x_wconf 76' lang='grc' dir='ltr'><strong>καὶ</strong></span> <span class='ocrx_word' id='word_1_246' title='bbox 1092 1872 1238 1926; x_wconf 76' lang='grc' dir='ltr'><strong>ἐστιν</strong></span> <span class='ocrx_word' id='word_1_247' title='bbox 1274 1856 1758 1948; x_wconf 60' lang='grc' dir='ltr'><strong>ῂχμαίλωτισμένος</strong></span> <span class='ocrx_word' id='word_1_248' title='bbox 1899 1878 1939 1932; x_wconf 88' lang='grc' dir='ltr'><strong><em>Β</em></strong></span> <span class='ocrx_word' id='word_1_249' title='bbox 1968 1904 1979 1957; x_wconf 68' lang='grc' dir='ltr'>ι</span> 
     </span>
    </p>
   </div>
   <div class='ocr_carea' id='block_1_33' title="bbox 1856 1856 3547 1965">
    <p class='ocr_par' dir='ltr' id='par_1_33' title="bbox 1856 1856 3547 1965">
     <span class='ocr_line' id='line_1_33' title="bbox 1856 1856 3547 1965; baseline 0.005 -24"><span class='ocrx_word' id='word_1_250' title='bbox 1856 1878 1939 1941; x_wconf 79' lang='grc' dir='ltr'><strong><em>ῖΒ</em></strong></span> <span class='ocrx_word' id='word_1_251' title='bbox 1968 1856 2161 1957; x_wconf 70' lang='lat' dir='ltr'><strong>postea</strong></span> <span class='ocrx_word' id='word_1_252' title='bbox 2198 1890 2485 1945; x_wconf 85' lang='lat' dir='ltr'><strong>devinctus</strong></span> <span class='ocrx_word' id='word_1_253' title='bbox 2537 1907 2603 1947; x_wconf 91' lang='lat' dir='ltr'><strong>ac</strong></span> <span class='ocrx_word' id='word_1_254' title='bbox 2653 1856 2963 1962; x_wconf 56' lang='lat' dir='ltr'><strong>caprtivatus</strong></span> <span class='ocrx_word' id='word_1_255' title='bbox 3006 1903 3090 1949; x_wconf 89' lang='lat' dir='ltr'><strong>est</strong></span> <span class='ocrx_word' id='word_1_256' title='bbox 3139 1910 3170 1948; x_wconf 91' lang='lat' dir='ltr'><strong>a</strong></span> <span class='ocrx_word' id='word_1_257' title='bbox 3205 1897 3399 1965; x_wconf 84' lang='lat' dir='ltr'><strong>gratia.</strong></span> <span class='ocrx_word' id='word_1_258' title='bbox 3449 1896 3547 1950; x_wconf 90' lang='lat' dir='ltr'><strong>Sin</strong></span> 
     </span>
    </p>
   </div>
   <div class='ocr_carea' id='block_1_34' title="bbox 290 1955 1865 2041">
    <p class='ocr_par' dir='ltr' id='par_1_34' title="bbox 290 1955 1865 2041">
     <span class='ocr_line' id='line_1_34' title="bbox 290 1955 1865 2041; baseline 0.011 -35"><span class='ocrx_word' id='word_1_259' title='bbox 290 1955 388 2024; x_wconf 76' lang='grc' dir='ltr'><strong>τὴν</strong></span> <span class='ocrx_word' id='word_1_260' title='bbox 409 1955 592 2026; x_wconf 83' lang='grc' dir='ltr'><strong>χάριν.</strong></span> <span class='ocrx_word' id='word_1_261' title='bbox 615 1958 679 2011; x_wconf 86' lang='grc' dir='ltr'><strong>Εί</strong></span> <span class='ocrx_word' id='word_1_262' title='bbox 707 1959 766 2012; x_wconf 86' lang='grc' dir='ltr'><strong>δέ</strong></span> <span class='ocrx_word' id='word_1_263' title='bbox 795 1977 876 2023; x_wconf 88' lang='grc' dir='ltr'><strong>τις</strong></span> <span class='ocrx_word' id='word_1_264' title='bbox 912 1962 1066 2032; x_wconf 88' lang='grc' dir='ltr'><strong>παρά</strong></span> <span class='ocrx_word' id='word_1_265' title='bbox 1096 1965 1292 2036; x_wconf 88' lang='grc' dir='ltr'><strong>μικρὸν</strong></span> <span class='ocrx_word' id='word_1_266' title='bbox 1326 1967 1536 2035; x_wconf 88' lang='grc' dir='ltr'><strong>ἐγγίσει</strong></span> <span class='ocrx_word' id='word_1_267' title='bbox 1569 1970 1647 2039; x_wconf 89' lang='grc' dir='ltr'>τῷ</span> <span class='ocrx_word' id='word_1_268' title='bbox 1679 1970 1865 2041; x_wconf 87' lang='grc' dir='ltr'><strong>μέτρῳ</strong></span> 
     </span>
    </p>
   </div>
   <div class='ocr_carea' id='block_1_35' title="bbox 288 2046 1865 2133">
    <p class='ocr_par' dir='ltr' id='par_1_35' title="bbox 288 2046 1865 2133">
     <span class='ocr_line' id='line_1_35' title="bbox 288 2046 1865 2133; baseline 0.013 -36"><span class='ocrx_word' id='word_1_269' title='bbox 288 2046 390 2115; x_wconf 83' lang='grc' dir='ltr'><strong>τῆς</strong></span> <span class='ocrx_word' id='word_1_270' title='bbox 414 2047 658 2119; x_wconf 86' lang='grc' dir='ltr'><strong>ἀγάπης,</strong></span> <span class='ocrx_word' id='word_1_271' title='bbox 719 2049 795 2122; x_wconf 77' lang='grc' dir='ltr'><strong>μὴ</strong></span> <span class='ocrx_word' id='word_1_272' title='bbox 827 2052 1025 2119; x_wconf 84' lang='grc' dir='ltr'><strong>φθάσει</strong></span> <span class='ocrx_word' id='word_1_273' title='bbox 1060 2055 1118 2108; x_wconf 75' lang='grc' dir='ltr'><strong>δὲ</strong></span> <span class='ocrx_word' id='word_1_274' title='bbox 1166 2058 1249 2121; x_wconf 87' lang='grc' dir='ltr'><strong>είς</strong></span> <span class='ocrx_word' id='word_1_275' title='bbox 1278 2058 1449 2131; x_wconf 73' lang='grc' dir='ltr'><strong>αὐτὴν</strong></span> <span class='ocrx_word' id='word_1_276' title='bbox 1496 2060 1594 2132; x_wconf 75' lang='grc' dir='ltr'><strong>τὴν</strong></span> <span class='ocrx_word' id='word_1_277' title='bbox 1642 2063 1865 2133; x_wconf 84' lang='grc' dir='ltr'><strong>ἀγάπην</strong></span> 
     </span>
    </p>
   </div>
   <div class='ocr_carea' id='block_1_36' title="bbox 287 2137 1865 2220">
    <p class='ocr_par' dir='ltr' id='par_1_36' title="bbox 287 2137 1865 2220">
     <span class='ocr_line' id='line_1_36' title="bbox 287 2137 1865 2220; baseline 0.011 -30"><span class='ocrx_word' id='word_1_278' title='bbox 287 2137 536 2209; x_wconf 81' lang='grc' dir='ltr'><strong>δεθῆναι,</strong></span> <span class='ocrx_word' id='word_1_279' title='bbox 555 2141 741 2211; x_wconf 82' lang='grc' dir='ltr'><strong>ἀκμὴν</strong></span> <span class='ocrx_word' id='word_1_280' title='bbox 768 2144 798 2195; x_wconf 92' lang='lat'><strong>6</strong></span> <span class='ocrx_word' id='word_1_281' title='bbox 829 2146 1068 2211; x_wconf 84' lang='grc' dir='ltr'><strong>τοιοῦτος</strong></span> <span class='ocrx_word' id='word_1_282' title='bbox 1096 2149 1199 2202; x_wconf 85' lang='grc' dir='ltr'><strong>ὑπὸ</strong></span> <span class='ocrx_word' id='word_1_283' title='bbox 1226 2150 1389 2218; x_wconf 73' lang='grc' dir='ltr'>φόϐον</span> <span class='ocrx_word' id='word_1_284' title='bbox 1416 2153 1552 2220; x_wconf 79' lang='grc' dir='ltr'><strong>ἐστὶ,</strong></span> <span class='ocrx_word' id='word_1_285' title='bbox 1587 2155 1680 2207; x_wconf 78' lang='grc' dir='ltr'><strong>καὶ</strong></span> <span class='ocrx_word' id='word_1_286' title='bbox 1711 2155 1865 2207; x_wconf 88' lang='grc' dir='ltr'><strong>πόλε-</strong></span> 
     </span>
    </p>
   </div>
   <div class='ocr_carea' id='block_1_37' title="bbox 294 2232 1863 2316">
    <p class='ocr_par' dir='ltr' id='par_1_37' title="bbox 294 2232 1863 2316">
     <span class='ocr_line' id='line_1_37' title="bbox 294 2232 1863 2316; baseline 0.011 -32"><span class='ocrx_word' id='word_1_287' title='bbox 294 2248 398 2301; x_wconf 88' lang='grc' dir='ltr'><strong>μον</strong></span> <span class='ocrx_word' id='word_1_288' title='bbox 421 2232 517 2287; x_wconf 76' lang='grc' dir='ltr'><strong>καὶ</strong></span> <span class='ocrx_word' id='word_1_289' title='bbox 540 2233 769 2300; x_wconf 81' lang='grc' dir='ltr'><strong>πτῶσιν,</strong></span> <span class='ocrx_word' id='word_1_290' title='bbox 800 2238 894 2289; x_wconf 74' lang='grc' dir='ltr'><strong>καὶ</strong></span> <span class='ocrx_word' id='word_1_291' title='bbox 914 2239 964 2290; x_wconf 88' lang='grc' dir='ltr'><strong>εί</strong></span> <span class='ocrx_word' id='word_1_292' title='bbox 986 2238 1064 2310; x_wconf 80' lang='grc' dir='ltr'><strong>μὴ</strong></span> <span class='ocrx_word' id='word_1_293' title='bbox 1086 2241 1467 2310; x_wconf 86' lang='grc' dir='ltr'><strong>άσφαλίσεται,</strong></span> <span class='ocrx_word' id='word_1_294' title='bbox 1494 2245 1675 2316; x_wconf 79' lang='grc' dir='ltr'><strong>ῥίπτει</strong></span> <span class='ocrx_word' id='word_1_295' title='bbox 1702 2247 1863 2301; x_wconf 86' lang='grc' dir='ltr'><strong>αὑτὸν</strong></span> 
     </span>
    </p>
   </div>
   <div class='ocr_carea' id='block_1_38' title="bbox 287 2323 618 2388">
    <p class='ocr_par' dir='ltr' id='par_1_38' title="bbox 287 2323 618 2388">
     <span class='ocr_line' id='line_1_38' title="bbox 287 2323 618 2388; baseline 0.012 -12"><span class='ocrx_word' id='word_1_296' title='bbox 287 2323 322 2377; x_wconf 94' lang='grc' dir='ltr'><strong>ὀ</strong></span> <span class='ocrx_word' id='word_1_297' title='bbox 351 2324 618 2388; x_wconf 80' lang='grc' dir='ltr'><strong>Σατανᾶς.</strong></span> 
     </span>
    </p>
   </div>
   <div class='ocr_carea' id='block_1_39' title="bbox 360 2412 1863 2496">
    <p class='ocr_par' dir='ltr' id='par_1_39' title="bbox 360 2412 1863 2496">
     <span class='ocr_line' id='line_1_39' title="bbox 360 2412 1863 2496; baseline 0.011 -31"><span class='ocrx_word' id='word_1_298' title='bbox 360 2414 463 2466; x_wconf 87' lang='lat' dir='ltr'><strong>lZ&#39;.</strong></span> <span class='ocrx_word' id='word_1_299' title='bbox 502 2412 689 2479; x_wconf 82' lang='grc' dir='ltr'><strong>Οὕτως</strong></span> <span class='ocrx_word' id='word_1_300' title='bbox 719 2417 828 2489; x_wconf 81' lang='grc' dir='ltr'><strong>γὰρ</strong></span> <span class='ocrx_word' id='word_1_301' title='bbox 859 2418 1045 2472; x_wconf 76' lang='grc' dir='ltr'><strong>πολλοὶ</strong></span> <span class='ocrx_word' id='word_1_302' title='bbox 1098 2420 1480 2494; x_wconf 71' lang='grc' dir='ltr'><strong>ἐπλανήθησαν</strong></span> <span class='ocrx_word' id='word_1_303' title='bbox 1519 2425 1742 2496; x_wconf 85' lang='grc' dir='ltr'><strong>χάριτος</strong></span> <span class='ocrx_word' id='word_1_304' title='bbox 1772 2430 1863 2492; x_wconf 79' lang='grc' dir='ltr'><strong>ἐίς</strong></span> 
     </span>
    </p>
   </div>
   <div class='ocr_carea' id='block_1_40' title="bbox 287 2500 1863 2583">
    <p class='ocr_par' dir='ltr' id='par_1_40' title="bbox 287 2500 1863 2583">
     <span class='ocr_line' id='line_1_40' title="bbox 287 2500 1863 2583; baseline 0.01 -33"><span class='ocrx_word' id='word_1_305' title='bbox 287 2500 488 2563; x_wconf 79' lang='grc' dir='ltr'><strong>αὐτοὺς</strong></span> <span class='ocrx_word' id='word_1_306' title='bbox 541 2503 861 2574; x_wconf 83' lang='grc' dir='ltr'><strong>γενομένης.</strong></span> <span class='ocrx_word' id='word_1_307' title='bbox 937 2505 1227 2575; x_wconf 84' lang='grc' dir='ltr'><strong>Ἐνόμισαν</strong></span> <span class='ocrx_word' id='word_1_308' title='bbox 1280 2509 1363 2561; x_wconf 81' lang='grc' dir='ltr'><strong>ὅτι</strong></span> <span class='ocrx_word' id='word_1_309' title='bbox 1414 2510 1712 2565; x_wconf 76' lang='grc' dir='ltr'><strong>κατέλαϐον</strong></span> <span class='ocrx_word' id='word_1_310' title='bbox 1763 2512 1863 2583; x_wconf 77' lang='grc' dir='ltr'><strong>τὴν</strong></span> 
     </span>
    </p>
   </div>
   <div class='ocr_carea' id='block_1_41' title="bbox 284 2591 1858 2673">
    <p class='ocr_par' dir='ltr' id='par_1_41' title="bbox 284 2591 1858 2673">
     <span class='ocr_line' id='line_1_41' title="bbox 284 2591 1858 2673; baseline 0.01 -31"><span class='ocrx_word' id='word_1_311' title='bbox 284 2591 624 2661; x_wconf 78' lang='grc' dir='ltr'><strong>τελειότητα,</strong></span> <span class='ocrx_word' id='word_1_312' title='bbox 656 2596 748 2647; x_wconf 83' lang='grc' dir='ltr'><strong>καὶ</strong></span> <span class='ocrx_word' id='word_1_313' title='bbox 782 2596 987 2665; x_wconf 78' lang='grc' dir='ltr'><strong>ελεγον,</strong></span> <span class='ocrx_word' id='word_1_314' title='bbox 1014 2600 1208 2667; x_wconf 79' lang='grc' dir='ltr'><strong>Ἀρκεῖ</strong></span> <span class='ocrx_word' id='word_1_315' title='bbox 1237 2600 1399 2669; x_wconf 79' lang='grc' dir='ltr'><strong>ἡμῖν,</strong></span> <span class='ocrx_word' id='word_1_316' title='bbox 1435 2603 1508 2655; x_wconf 87' lang='grc' dir='ltr'><strong>οὐ</strong></span> <span class='ocrx_word' id='word_1_317' title='bbox 1532 2600 1858 2673; x_wconf 75' lang='grc' dir='ltr'><strong>χρῄζομεν·</strong></span> 
     </span>
    </p>
   </div>
   <div class='ocr_carea' id='block_1_42' title="bbox 286 2680 1863 2761">
    <p class='ocr_par' dir='ltr' id='par_1_42' title="bbox 286 2680 1863 2761">
     <span class='ocr_line' id='line_1_42' title="bbox 286 2680 1863 2761; baseline 0.009 -28"><span class='ocrx_word' id='word_1_318' title='bbox 286 2680 405 2735; x_wconf 83' lang='grc' dir='ltr'><strong>ἀλλ’</strong></span> <span class='ocrx_word' id='word_1_319' title='bbox 433 2683 462 2734; x_wconf 90' lang='lat'><strong>6</strong></span> <span class='ocrx_word' id='word_1_320' title='bbox 489 2683 693 2753; x_wconf 79' lang='grc' dir='ltr'><strong>Κύριος</strong></span> <span class='ocrx_word' id='word_1_321' title='bbox 721 2684 845 2739; x_wconf 78' lang='grc' dir='ltr'><strong>οὔτε</strong></span> <span class='ocrx_word' id='word_1_322' title='bbox 874 2688 1026 2751; x_wconf 81' lang='grc' dir='ltr'><strong>τέλος</strong></span> <span class='ocrx_word' id='word_1_323' title='bbox 1054 2688 1188 2758; x_wconf 76' lang='grc' dir='ltr'><strong>ἔχει,</strong></span> <span class='ocrx_word' id='word_1_324' title='bbox 1214 2688 1336 2743; x_wconf 79' lang='grc' dir='ltr'><strong>οὕτε</strong></span> <span class='ocrx_word' id='word_1_325' title='bbox 1366 2691 1700 2761; x_wconf 79' lang='grc' dir='ltr'><strong>κατάληψιν.</strong></span> <span class='ocrx_word' id='word_1_326' title='bbox 1751 2693 1863 2747; x_wconf 77' lang='grc' dir='ltr'><strong>Καὶ</strong></span> 
     </span>
    </p>
   </div>
   <div class='ocr_carea' id='block_1_43' title="bbox 288 2773 1858 2855">
    <p class='ocr_par' dir='ltr' id='par_1_43' title="bbox 288 2773 1858 2855">
     <span class='ocr_line' id='line_1_43' title="bbox 288 2773 1858 2855; baseline 0.009 -31"><span class='ocrx_word' id='word_1_327' title='bbox 288 2773 340 2825; x_wconf 75' lang='lat' dir='ltr'><strong>oi</strong></span> <span class='ocrx_word' id='word_1_328' title='bbox 378 2774 699 2844; x_wconf 66' lang='grc' dir='ltr'><strong>Χριστιανοὶῐ</strong></span> <span class='ocrx_word' id='word_1_329' title='bbox 720 2778 783 2829; x_wconf 84' lang='grc' dir='ltr'><strong>οὐ</strong></span> <span class='ocrx_word' id='word_1_330' title='bbox 806 2778 1076 2849; x_wconf 84' lang='grc' dir='ltr'><strong>τολμῶσιν</strong></span> <span class='ocrx_word' id='word_1_331' title='bbox 1109 2781 1305 2844; x_wconf 86' lang='grc' dir='ltr'><strong>είπεῖν,</strong></span> <span class='ocrx_word' id='word_1_332' title='bbox 1333 2782 1414 2835; x_wconf 84' lang='grc' dir='ltr'><strong>ὅτι</strong></span> <span class='ocrx_word' id='word_1_333' title='bbox 1449 2783 1858 2855; x_wconf 79' lang='grc' dir='ltr'><strong>Κατελάόομεν,</strong></span> 
     </span>
    </p>
   </div>
   <div class='ocr_carea' id='block_1_44' title="bbox 284 2866 1861 2947">
    <p class='ocr_par' dir='ltr' id='par_1_44' title="bbox 284 2866 1861 2947">
     <span class='ocr_line' id='line_1_44' title="bbox 284 2866 1861 2947; baseline 0.008 -28"><span class='ocrx_word' id='word_1_334' title='bbox 284 2866 426 2919; x_wconf 77' lang='grc' dir='ltr'><strong>ἀλλὰ</strong></span> <span class='ocrx_word' id='word_1_335' title='bbox 468 2870 929 2940; x_wconf 79' lang='grc' dir='ltr'><strong>τεταπεινωμένοι</strong></span> <span class='ocrx_word' id='word_1_336' title='bbox 985 2872 1096 2925; x_wconf 63' lang='lat' dir='ltr'><strong>sic}.</strong></span> <span class='ocrx_word' id='word_1_337' title='bbox 1142 2873 1335 2937; x_wconf 87' lang='grc' dir='ltr'><strong>νυκτὸς</strong></span> <span class='ocrx_word' id='word_1_338' title='bbox 1391 2875 1483 2928; x_wconf 78' lang='grc' dir='ltr'><strong>καὶ</strong></span> <span class='ocrx_word' id='word_1_339' title='bbox 1518 2877 1751 2947; x_wconf 80' lang='grc' dir='ltr'><strong>ἡμέρας,</strong></span> <span class='ocrx_word' id='word_1_340' title='bbox 1801 2879 1861 2931; x_wconf 85' lang='grc' dir='ltr'><strong>ἐν</strong></span> 
     </span>
    </p>
   </div>
   <div class='ocr_carea' id='block_1_45' title="bbox 285 2958 1861 3033">
    <p class='ocr_par' dir='ltr' id='par_1_45' title="bbox 285 2958 1861 3033">
     <span class='ocr_line' id='line_1_45' title="bbox 285 2958 1861 3033; baseline 0.01 -26"><span class='ocrx_word' id='word_1_341' title='bbox 285 2958 400 3018; x_wconf 81' lang='grc' dir='ltr'><strong>τοῖς</strong></span> <span class='ocrx_word' id='word_1_342' title='bbox 434 2958 783 3025; x_wconf 84' lang='grc' dir='ltr'><strong>φαινομένοις</strong></span> <span class='ocrx_word' id='word_1_343' title='bbox 843 2961 912 3014; x_wconf 78' lang='grc' dir='ltr'><strong>τὰ</strong></span> <span class='ocrx_word' id='word_1_344' title='bbox 943 2963 1246 3033; x_wconf 87' lang='grc' dir='ltr'><strong>γράμματα</strong></span> <span class='ocrx_word' id='word_1_345' title='bbox 1295 2964 1560 3020; x_wconf 85' lang='grc' dir='ltr'><strong>ἀτέλεστά</strong></span> <span class='ocrx_word' id='word_1_346' title='bbox 1588 2969 1716 3033; x_wconf 90' lang='grc' dir='ltr'><strong>είσι,</strong></span> <span class='ocrx_word' id='word_1_347' title='bbox 1768 2969 1861 3022; x_wconf 78' lang='grc' dir='ltr'><strong>καὶ</strong></span> 
     </span>
    </p>
   </div>
   <div class='ocr_carea' id='block_1_46' title="bbox 1965 1980 3548 2057">
    <p class='ocr_par' dir='ltr' id='par_1_46' title="bbox 1965 1980 3548 2057">
     <span class='ocr_line' id='line_1_46' title="bbox 1965 1980 3548 2057; baseline 0.006 -26"><span class='ocrx_word' id='word_1_348' title='bbox 1965 1980 2089 2048; x_wconf 90' lang='lat' dir='ltr'><strong>quis</strong></span> <span class='ocrx_word' id='word_1_349' title='bbox 2136 1981 2418 2050; x_wconf 86' lang='lat' dir='ltr'><strong>paululum</strong></span> <span class='ocrx_word' id='word_1_350' title='bbox 2484 1982 2550 2037; x_wconf 87' lang='lat' dir='ltr'><strong>ad</strong></span> <span class='ocrx_word' id='word_1_351' title='bbox 2610 1984 2839 2054; x_wconf 84' lang='lat' dir='ltr'><strong>gradum</strong></span> <span class='ocrx_word' id='word_1_352' title='bbox 2898 1985 3086 2055; x_wconf 71' lang='lat' dir='ltr'><strong>gratiae</strong></span> <span class='ocrx_word' id='word_1_353' title='bbox 3140 1988 3548 2057; x_wconf 84' lang='lat' dir='ltr'><strong>appropinqua-</strong></span> 
     </span>
    </p>
   </div>
   <div class='ocr_carea' id='block_1_47' title="bbox 1963 2071 3545 2143">
    <p class='ocr_par' dir='ltr' id='par_1_47' title="bbox 1963 2071 3545 2143">
     <span class='ocr_line' id='line_1_47' title="bbox 1963 2071 3545 2143; baseline 0.006 -21"><span class='ocrx_word' id='word_1_354' title='bbox 1963 2071 2126 2136; x_wconf 82' lang='lat' dir='ltr'><strong>verit,</strong></span> <span class='ocrx_word' id='word_1_355' title='bbox 2156 2086 2258 2125; x_wconf 92' lang='lat' dir='ltr'><strong>nec</strong></span> <span class='ocrx_word' id='word_1_356' title='bbox 2296 2072 2425 2125; x_wconf 89' lang='lat' dir='ltr'><strong>dum</strong></span> <span class='ocrx_word' id='word_1_357' title='bbox 2456 2089 2522 2128; x_wconf 91' lang='lat' dir='ltr'><strong>eo</strong></span> <span class='ocrx_word' id='word_1_358' title='bbox 2543 2077 2880 2143; x_wconf 86' lang='lat' dir='ltr'><strong>pervenerit,</strong></span> <span class='ocrx_word' id='word_1_359' title='bbox 2905 2085 2965 2129; x_wconf 91' lang='lat' dir='ltr'><strong>ut</strong></span> <span class='ocrx_word' id='word_1_360' title='bbox 3000 2092 3030 2130; x_wconf 91' lang='lat' dir='ltr'><strong>a</strong></span> <span class='ocrx_word' id='word_1_361' title='bbox 3054 2076 3321 2131; x_wconf 88' lang='lat' dir='ltr'><strong>charitate</strong></span> <span class='ocrx_word' id='word_1_362' title='bbox 3351 2078 3545 2131; x_wconf 87' lang='lat' dir='ltr'><strong>devin-</strong></span> 
     </span>
    </p>
   </div>
   <div class='ocr_carea' id='block_1_48' title="bbox 1964 2160 3546 2234">
    <p class='ocr_par' dir='ltr' id='par_1_48' title="bbox 1964 2160 3546 2234">
     <span class='ocr_line' id='line_1_48' title="bbox 1964 2160 3546 2234; baseline 0.004 -21"><span class='ocrx_word' id='word_1_363' title='bbox 1964 2160 2162 2227; x_wconf 88' lang='lat' dir='ltr'><strong>ciatur,</strong></span> <span class='ocrx_word' id='word_1_364' title='bbox 2194 2162 2321 2216; x_wconf 87' lang='lat' dir='ltr'><strong>talis</strong></span> <span class='ocrx_word' id='word_1_365' title='bbox 2345 2162 2527 2217; x_wconf 90' lang='lat' dir='ltr'><strong>adhuc</strong></span> <span class='ocrx_word' id='word_1_366' title='bbox 2565 2172 2650 2218; x_wconf 90' lang='lat' dir='ltr'><strong>est</strong></span> <span class='ocrx_word' id='word_1_367' title='bbox 2682 2164 2786 2218; x_wconf 89' lang='lat' dir='ltr'><strong>sub</strong></span> <span class='ocrx_word' id='word_1_368' title='bbox 2829 2165 2961 2234; x_wconf 85' lang='lat' dir='ltr'><strong>jugo</strong></span> <span class='ocrx_word' id='word_1_369' title='bbox 3015 2166 3268 2229; x_wconf 89' lang='lat' dir='ltr'><strong>timoris,</strong></span> <span class='ocrx_word' id='word_1_370' title='bbox 3308 2166 3439 2220; x_wconf 87' lang='lat' dir='ltr'><strong>belli</strong></span> <span class='ocrx_word' id='word_1_371' title='bbox 3481 2181 3546 2221; x_wconf 88' lang='lat' dir='ltr'><strong>ac</strong></span> 
     </span>
    </p>
   </div>
   <div class='ocr_carea' id='block_1_49' title="bbox 1964 2253 3398 2326">
    <p class='ocr_par' dir='ltr' id='par_1_49' title="bbox 1964 2253 3398 2326">
     <span class='ocr_line' id='line_1_49' title="bbox 1964 2253 3398 2326; baseline 0.003 -21"><span class='ocrx_word' id='word_1_372' title='bbox 1964 2265 2156 2316; x_wconf 89' lang='lat' dir='ltr'><strong>casus;</strong></span> <span class='ocrx_word' id='word_1_373' title='bbox 2188 2260 2243 2307; x_wconf 90' lang='lat' dir='ltr'><strong>et</strong></span> <span class='ocrx_word' id='word_1_374' title='bbox 2270 2253 2376 2307; x_wconf 91' lang='lat' dir='ltr'><strong>nisi</strong></span> <span class='ocrx_word' id='word_1_375' title='bbox 2400 2254 2702 2320; x_wconf 91' lang='lat' dir='ltr'><strong>muniatur,</strong></span> <span class='ocrx_word' id='word_1_376' title='bbox 2734 2254 2957 2326; x_wconf 88' lang='lat' dir='ltr'><strong>projicit</strong></span> <span class='ocrx_word' id='word_1_377' title='bbox 2990 2270 3117 2310; x_wconf 91' lang='lat' dir='ltr'><strong>eum</strong></span> <span class='ocrx_word' id='word_1_378' title='bbox 3145 2255 3398 2311; x_wconf 80' lang='lat' dir='ltr'><strong>Satanas.</strong></span> 
     </span>
    </p>
   </div>
   <div class='ocr_carea' id='block_1_50' title="bbox 2034 2428 3543 2502">
    <p class='ocr_par' dir='ltr' id='par_1_50' title="bbox 2034 2428 3543 2502">
     <span class='ocr_line' id='line_1_50' title="bbox 2034 2428 3543 2502; baseline 0.003 -19"><span class='ocrx_word' id='word_1_379' title='bbox 2034 2428 2195 2483; x_wconf 83' lang='lat' dir='ltr'><strong>XVII.</strong></span> <span class='ocrx_word' id='word_1_380' title='bbox 2249 2428 2361 2484; x_wconf 83' lang='lat' dir='ltr'><strong>Hoc</strong></span> <span class='ocrx_word' id='word_1_381' title='bbox 2408 2430 2554 2484; x_wconf 90' lang='lat' dir='ltr'><strong>cnim</strong></span> <span class='ocrx_word' id='word_1_382' title='bbox 2589 2440 2772 2500; x_wconf 90' lang='lat' dir='ltr'><strong>pacto,</strong></span> <span class='ocrx_word' id='word_1_383' title='bbox 2828 2432 3085 2501; x_wconf 90' lang='lat' dir='ltr'><strong>permulti</strong></span> <span class='ocrx_word' id='word_1_384' title='bbox 3115 2449 3144 2486; x_wconf 87' lang='lat' dir='ltr'><strong>a</strong></span> <span class='ocrx_word' id='word_1_385' title='bbox 3207 2433 3401 2502; x_wconf 86' lang='lat' dir='ltr'><strong>gratia,</strong></span> <span class='ocrx_word' id='word_1_386' title='bbox 3435 2448 3543 2502; x_wconf 89' lang='lat' dir='ltr'><strong>qua</strong></span> 
     </span>
    </p>
   </div>
   <div class='ocr_carea' id='block_1_51' title="bbox 1962 2519 3541 2587">
    <p class='ocr_par' dir='ltr' id='par_1_51' title="bbox 1962 2519 3541 2587">
     <span class='ocr_line' id='line_1_51' title="bbox 1962 2519 3541 2587; baseline 0.004 -15"><span class='ocrx_word' id='word_1_387' title='bbox 1962 2519 2208 2573; x_wconf 80' lang='lat' dir='ltr'><strong>exornati</strong></span> <span class='ocrx_word' id='word_1_388' title='bbox 2240 2529 2398 2574; x_wconf 90' lang='lat' dir='ltr'><strong>erant</strong></span> <span class='ocrx_word' id='word_1_389' title='bbox 2432 2521 2781 2587; x_wconf 87' lang='lat' dir='ltr'><strong>aberrarunt,</strong></span> <span class='ocrx_word' id='word_1_390' title='bbox 2810 2522 3193 2577; x_wconf 85' lang='lat' dir='ltr'><strong>existimantes</strong></span> <span class='ocrx_word' id='word_1_391' title='bbox 3243 2539 3302 2577; x_wconf 91' lang='lat' dir='ltr'><strong>se</strong></span> <span class='ocrx_word' id='word_1_392' title='bbox 3346 2539 3541 2578; x_wconf 87' lang='lat' dir='ltr'><strong>conse-</strong></span> 
     </span>
    </p>
   </div>
   <div class='ocr_carea' id='block_1_52' title="bbox 1963 2612 3540 2685">
    <p class='ocr_par' dir='ltr' id='par_1_52' title="bbox 1963 2612 3540 2685">
     <span class='ocr_line' id='line_1_52' title="bbox 1963 2612 3540 2685; baseline 0.002 -20"><span class='ocrx_word' id='word_1_393' title='bbox 1963 2620 2121 2665; x_wconf 89' lang='lat' dir='ltr'><strong>cutos</strong></span> <span class='ocrx_word' id='word_1_394' title='bbox 2140 2627 2260 2665; x_wconf 91' lang='lat' dir='ltr'><strong>esse</strong></span> <span class='ocrx_word' id='word_1_395' title='bbox 2277 2612 2692 2681; x_wconf 80' lang='lat' dir='ltr'><strong>perfectionem,</strong></span> <span class='ocrx_word' id='word_1_396' title='bbox 2722 2622 2777 2667; x_wconf 89' lang='lat' dir='ltr'><strong>et</strong></span> <span class='ocrx_word' id='word_1_397' title='bbox 2822 2615 3081 2669; x_wconf 88' lang='lat' dir='ltr'><strong>dicebant</strong></span> <span class='ocrx_word' id='word_1_398' title='bbox 3109 2634 3120 2667; x_wconf 92' lang='lat'><strong>:</strong></span> <span class='ocrx_word' id='word_1_399' title='bbox 3149 2615 3344 2685; x_wconf 71' lang='lat' dir='ltr'><strong>Suﬂicit</strong></span> <span class='ocrx_word' id='word_1_400' title='bbox 3374 2617 3540 2680; x_wconf 88' lang='lat' dir='ltr'><strong>nobis,</strong></span> 
     </span>
    </p>
   </div>
   <div class='ocr_carea' id='block_1_53' title="bbox 1964 2703 3541 2772">
    <p class='ocr_par' dir='ltr' id='par_1_53' title="bbox 1964 2703 3541 2772">
     <span class='ocr_line' id='line_1_53' title="bbox 1964 2703 3541 2772; baseline 0.002 -19"><span class='ocrx_word' id='word_1_401' title='bbox 1964 2718 2068 2754; x_wconf 88' lang='lat' dir='ltr'><strong>non</strong></span> <span class='ocrx_word' id='word_1_402' title='bbox 2091 2717 2334 2772; x_wconf 87' lang='lat' dir='ltr'><strong>egemus;</strong></span> <span class='ocrx_word' id='word_1_403' title='bbox 2356 2716 2481 2755; x_wconf 92' lang='lat' dir='ltr'><strong>cum</strong></span> <span class='ocrx_word' id='word_1_404' title='bbox 2505 2711 2686 2757; x_wconf 90' lang='lat' dir='ltr'><strong>tamen</strong></span> <span class='ocrx_word' id='word_1_405' title='bbox 2712 2704 2978 2758; x_wconf 89' lang='lat' dir='ltr'><strong>Dominus</strong></span> <span class='ocrx_word' id='word_1_406' title='bbox 3000 2719 3102 2759; x_wconf 89' lang='lat' dir='ltr'><strong>nec</strong></span> <span class='ocrx_word' id='word_1_407' title='bbox 3127 2703 3290 2757; x_wconf 85' lang='lat' dir='ltr'><strong>ﬁnem</strong></span> <span class='ocrx_word' id='word_1_408' title='bbox 3322 2704 3541 2769; x_wconf 79' lang='lat' dir='ltr'><strong>habeat,</strong></span> 
     </span>
    </p>
   </div>
   <div class='ocr_carea' id='block_1_54' title="bbox 1961 2795 3546 2865">
    <p class='ocr_par' dir='ltr' id='par_1_54' title="bbox 1961 2795 3546 2865">
     <span class='ocr_line' id='line_1_54' title="bbox 1961 2795 3546 2865; baseline 0.003 -18"><span class='ocrx_word' id='word_1_409' title='bbox 1961 2808 2066 2848; x_wconf 89' lang='lat' dir='ltr'><strong>nec</strong></span> <span class='ocrx_word' id='word_1_410' title='bbox 2096 2795 2616 2864; x_wconf 87' lang='lat' dir='ltr'><strong>comprehendatur.</strong></span> <span class='ocrx_word' id='word_1_411' title='bbox 2648 2796 2828 2865; x_wconf 82' lang='lat' dir='ltr'><strong>Atque</strong></span> <span class='ocrx_word' id='word_1_412' title='bbox 2854 2796 3153 2850; x_wconf 88' lang='lat' dir='ltr'><strong>Christiani</strong></span> <span class='ocrx_word' id='word_1_413' title='bbox 3196 2812 3305 2850; x_wconf 90' lang='lat' dir='ltr'><strong>non</strong></span> <span class='ocrx_word' id='word_1_414' title='bbox 3340 2798 3546 2852; x_wconf 77' lang='lat' dir='ltr'><strong>audent</strong></span> 
     </span>
    </p>
   </div>
   <div class='ocr_carea' id='block_1_55' title="bbox 1961 2886 3546 2958">
    <p class='ocr_par' dir='ltr' id='par_1_55' title="bbox 1961 2886 3546 2958">
     <span class='ocr_line' id='line_1_55' title="bbox 1961 2886 3546 2958; baseline 0.001 -18"><span class='ocrx_word' id='word_1_415' title='bbox 1961 2886 2145 2941; x_wconf 87' lang='lat' dir='ltr'><strong>dicere</strong></span> <span class='ocrx_word' id='word_1_416' title='bbox 2191 2901 2250 2940; x_wconf 89' lang='lat' dir='ltr'><strong>se</strong></span> <span class='ocrx_word' id='word_1_417' title='bbox 2301 2887 2828 2955; x_wconf 89' lang='lat' dir='ltr'><strong>comprehendisse,</strong></span> <span class='ocrx_word' id='word_1_418' title='bbox 2871 2889 2967 2942; x_wconf 88' lang='lat' dir='ltr'><strong>sed</strong></span> <span class='ocrx_word' id='word_1_419' title='bbox 3019 2888 3288 2941; x_wconf 89' lang='lat' dir='ltr'><strong>humiliati</strong></span> <span class='ocrx_word' id='word_1_420' title='bbox 3333 2905 3546 2958; x_wconf 82' lang='lat' dir='ltr'><strong>perma-</strong></span> 
     </span>
    </p>
   </div>
   <div class='ocr_carea' id='block_1_56' title="bbox 1961 2975 3545 3045">
    <p class='ocr_par' dir='ltr' id='par_1_56' title="bbox 1961 2975 3545 3045">
     <span class='ocr_line' id='line_1_56' title="bbox 1961 2975 3545 3045; baseline 0 -16"><span class='ocrx_word' id='word_1_421' title='bbox 1961 2984 2096 3029; x_wconf 88' lang='lat' dir='ltr'><strong>nent</strong></span> <span class='ocrx_word' id='word_1_422' title='bbox 2130 2975 2227 3030; x_wconf 90' lang='lat' dir='ltr'><strong>diu</strong></span> <span class='ocrx_word' id='word_1_423' title='bbox 2280 2985 2578 3045; x_wconf 89' lang='lat' dir='ltr'><strong>noctuque.</strong></span> <span class='ocrx_word' id='word_1_424' title='bbox 2610 2976 2671 3030; x_wconf 88' lang='lat' dir='ltr'><strong>In</strong></span> <span class='ocrx_word' id='word_1_425' title='bbox 2712 2977 2878 3031; x_wconf 87' lang='lat' dir='ltr'><strong>rebus</strong></span> <span class='ocrx_word' id='word_1_426' title='bbox 2922 2978 3207 3031; x_wconf 91' lang='lat' dir='ltr'><strong>oculorum</strong></span> <span class='ocrx_word' id='word_1_427' title='bbox 3239 2978 3375 3031; x_wconf 90' lang='lat' dir='ltr'><strong>aciei</strong></span> <span class='ocrx_word' id='word_1_428' title='bbox 3412 2977 3545 3029; x_wconf 83' lang='lat' dir='ltr'><strong>sub-</strong></span> 
     </span>
    </p>
   </div>
   <div class='ocr_carea' id='block_1_57' title="bbox 282 3046 1973 3137">
    <p class='ocr_par' dir='ltr' id='par_1_57' title="bbox 282 3046 1973 3137">
     <span class='ocr_line' id='line_1_57' title="bbox 282 3046 1973 3137; baseline 0.016 -39"><span class='ocrx_word' id='word_1_429' title='bbox 282 3047 463 3110; x_wconf 83' lang='grc' dir='ltr'><strong>οὐόεὶς</strong></span> <span class='ocrx_word' id='word_1_430' title='bbox 519 3046 625 3102; x_wconf 85' lang='grc' dir='ltr'><strong>οῐδε</strong></span> <span class='ocrx_word' id='word_1_431' title='bbox 673 3051 855 3117; x_wconf 82' lang='grc' dir='ltr'><strong>τοῦτο,</strong></span> <span class='ocrx_word' id='word_1_432' title='bbox 902 3054 951 3105; x_wconf 84' lang='grc' dir='ltr'><strong>εί</strong></span> <span class='ocrx_word' id='word_1_433' title='bbox 997 3054 1073 3124; x_wconf 77' lang='grc' dir='ltr'><strong>μὴ</strong></span> <span class='ocrx_word' id='word_1_434' title='bbox 1117 3054 1491 3124; x_wconf 82' lang='grc' dir='ltr'><strong>σχολαστικὸς,</strong></span> <span class='ocrx_word' id='word_1_435' title='bbox 1548 3059 1576 3110; x_wconf 84' lang='grc'>6</span> <span class='ocrx_word' id='word_1_436' title='bbox 1623 3060 1860 3130; x_wconf 77' lang='grc' dir='ltr'><strong>μετρίως</strong></span> <span class='ocrx_word' id='word_1_437' title='bbox 1956 3067 1973 3137; x_wconf 86' lang='lat' dir='ltr'><strong>j</strong></span> 
     </span>
    </p>
   </div>
   <div class='ocr_carea' id='block_1_58' title="bbox 1850 3046 3541 3137">
    <p class='ocr_par' dir='ltr' id='par_1_58' title="bbox 1850 3067 3541 3137">
     <span class='ocr_line' id='line_1_58' title="bbox 1850 3067 3541 3137; baseline -0.003 -14"><span class='ocrx_word' id='word_1_438' title='bbox 1850 3078 1860 3123; x_wconf 76' lang='grc' dir='ltr'><strong><em>ἶ</em></strong></span> <span class='ocrx_word' id='word_1_439' title='bbox 1956 3067 2148 3137; x_wconf 86' lang='lat' dir='ltr'><strong>jectis,</strong></span> <span class='ocrx_word' id='word_1_440' title='bbox 2213 3067 2410 3121; x_wconf 76' lang='lat' dir='ltr'><strong>litterae</strong></span> <span class='ocrx_word' id='word_1_441' title='bbox 2454 3067 2851 3137; x_wconf 86' lang='lat' dir='ltr'><strong>perfectionem</strong></span> <span class='ocrx_word' id='word_1_442' title='bbox 2906 3069 3168 3137; x_wconf 88' lang='lat' dir='ltr'><strong>consequi</strong></span> <span class='ocrx_word' id='word_1_443' title='bbox 3218 3074 3541 3137; x_wconf 87' lang='lat' dir='ltr'><strong>nequeunt;</strong></span> 
     </span>
    </p>
   </div>
   <div class='ocr_carea' id='block_1_59' title="bbox 288 3138 1860 3211">
    <p class='ocr_par' dir='ltr' id='par_1_59' title="bbox 288 3138 1860 3211">
     <span class='ocr_line' id='line_1_59' title="bbox 288 3138 1860 3211; baseline 0.008 -21"><span class='ocrx_word' id='word_1_444' title='bbox 288 3138 479 3207; x_wconf 87' lang='grc' dir='ltr'><strong>μαθὼν</strong></span> <span class='ocrx_word' id='word_1_445' title='bbox 500 3141 824 3211; x_wconf 87' lang='grc' dir='ltr'><strong>γράμματα.</strong></span> <span class='ocrx_word' id='word_1_446' title='bbox 846 3142 1037 3207; x_wconf 76' lang='grc' dir='ltr'><strong>Οὕτως</strong></span> <span class='ocrx_word' id='word_1_447' title='bbox 1075 3145 1169 3196; x_wconf 83' lang='grc' dir='ltr'><strong>καὶ</strong></span> <span class='ocrx_word' id='word_1_448' title='bbox 1192 3138 1315 3210; x_wconf 83' lang='grc' dir='ltr'><strong>ὧδε,</strong></span> <span class='ocrx_word' id='word_1_449' title='bbox 1341 3146 1515 3200; x_wconf 82' lang='grc' dir='ltr'><strong>οὐδενί</strong></span> <span class='ocrx_word' id='word_1_450' title='bbox 1546 3149 1661 3201; x_wconf 81' lang='grc' dir='ltr'><strong>ἐστι</strong></span> <span class='ocrx_word' id='word_1_451' title='bbox 1687 3167 1860 3203; x_wconf 86' lang='grc' dir='ltr'><strong>κατα·</strong></span> 
     </span>
    </p>
   </div>
   <div class='ocr_carea' id='block_1_60' title="bbox 283 3229 1860 3308">
    <p class='ocr_par' dir='ltr' id='par_1_60' title="bbox 283 3229 1860 3308">
     <span class='ocr_line' id='line_1_60' title="bbox 283 3229 1860 3308; baseline 0.008 -27"><span class='ocrx_word' id='word_1_452' title='bbox 283 3229 485 3295; x_wconf 82' lang='grc' dir='ltr'><strong>ληπτὸς</strong></span> <span class='ocrx_word' id='word_1_453' title='bbox 508 3234 535 3284; x_wconf 94' lang='grc' dir='ltr'><strong>ὀ</strong></span> <span class='ocrx_word' id='word_1_454' title='bbox 556 3231 688 3294; x_wconf 85' lang='grc' dir='ltr'><strong>Θεὸς</strong></span> <span class='ocrx_word' id='word_1_455' title='bbox 723 3233 817 3285; x_wconf 75' lang='grc' dir='ltr'><strong>καὶ</strong></span> <span class='ocrx_word' id='word_1_456' title='bbox 845 3234 1135 3303; x_wconf 81' lang='grc' dir='ltr'><strong>μετρητὸς,</strong></span> <span class='ocrx_word' id='word_1_457' title='bbox 1160 3237 1208 3288; x_wconf 87' lang='grc' dir='ltr'><strong>εί</strong></span> <span class='ocrx_word' id='word_1_458' title='bbox 1242 3238 1315 3307; x_wconf 80' lang='grc' dir='ltr'><strong>μὴ</strong></span> <span class='ocrx_word' id='word_1_459' title='bbox 1349 3240 1462 3300; x_wconf 83' lang='grc' dir='ltr'><strong>τοϊς</strong></span> <span class='ocrx_word' id='word_1_460' title='bbox 1504 3242 1860 3308; x_wconf 78' lang='grc' dir='ltr'><strong>γευσαμένοις</strong></span> 
     </span>
    </p>
   </div>
   <div class='ocr_carea' id='block_1_61' title="bbox 296 3317 1861 3399">
    <p class='ocr_par' dir='ltr' id='par_1_61' title="bbox 296 3317 1861 3399">
     <span class='ocr_line' id='line_1_61' title="bbox 296 3317 1861 3399; baseline 0.008 -29"><span class='ocrx_word' id='word_1_461' title='bbox 296 3319 357 3382; x_wconf 78' lang='grc' dir='ltr'><strong>ἐξ</strong></span> <span class='ocrx_word' id='word_1_462' title='bbox 387 3319 554 3373; x_wconf 82' lang='grc' dir='ltr'><strong>αὑτοῦ</strong></span> <span class='ocrx_word' id='word_1_463' title='bbox 593 3322 837 3386; x_wconf 85' lang='grc' dir='ltr'><strong>ἐκείνου,</strong></span> <span class='ocrx_word' id='word_1_464' title='bbox 876 3317 938 3375; x_wconf 76' lang='grc' dir='ltr'>οὗ</span> <span class='ocrx_word' id='word_1_465' title='bbox 968 3323 1238 3388; x_wconf 82' lang='grc' dir='ltr'><strong>ἐδέξαντο,</strong></span> <span class='ocrx_word' id='word_1_466' title='bbox 1281 3326 1377 3378; x_wconf 69' lang='grc' dir='ltr'><strong>καὶ</strong></span> <span class='ocrx_word' id='word_1_467' title='bbox 1410 3329 1735 3397; x_wconf 79' lang='grc' dir='ltr'><strong>γνωρίζουσι</strong></span> <span class='ocrx_word' id='word_1_468' title='bbox 1762 3330 1861 3399; x_wconf 85' lang='grc' dir='ltr'><strong>τὴν</strong></span> 
     </span>
    </p>
   </div>
   <div class='ocr_carea' id='block_1_62' title="bbox 286 3410 1859 3489">
    <p class='ocr_par' dir='ltr' id='par_1_62' title="bbox 286 3410 1859 3489">
     <span class='ocr_line' id='line_1_62' title="bbox 286 3410 1859 3489; baseline 0.007 -28"><span class='ocrx_word' id='word_1_469' title='bbox 286 3410 497 3462; x_wconf 79' lang='grc' dir='ltr'><strong>ἑαυτῶν</strong></span> <span class='ocrx_word' id='word_1_470' title='bbox 523 3412 812 3465; x_wconf 88' lang='grc' dir='ltr'><strong>ἀσθένειαν</strong></span> <span class='ocrx_word' id='word_1_471' title='bbox 847 3428 862 3444; x_wconf 79' lang='grc' dir='ltr'><strong><em>ο</em></strong></span> <span class='ocrx_word' id='word_1_472' title='bbox 881 3414 960 3475; x_wconf 86' lang='grc' dir='ltr'><strong>είς</strong></span> <span class='ocrx_word' id='word_1_473' title='bbox 980 3415 1179 3483; x_wconf 89' lang='grc' dir='ltr'><strong>χωρίον</strong></span> <span class='ocrx_word' id='word_1_474' title='bbox 1209 3416 1303 3468; x_wconf 84' lang='grc' dir='ltr'><strong>ἐάν</strong></span> <span class='ocrx_word' id='word_1_475' title='bbox 1326 3433 1409 3480; x_wconf 91' lang='grc' dir='ltr'><strong>τις</strong></span> <span class='ocrx_word' id='word_1_476' title='bbox 1440 3418 1671 3489; x_wconf 82' lang='grc' dir='ltr'><strong>ἀπέλθῃ.</strong></span> <span class='ocrx_word' id='word_1_477' title='bbox 1703 3419 1859 3487; x_wconf 87' lang='grc' dir='ltr'><strong>ὀλίγα</strong></span> 
     </span>
    </p>
   </div>
   <div class='ocr_carea' id='block_1_63' title="bbox 284 3499 1859 3571">
    <p class='ocr_par' dir='ltr' id='par_1_63' title="bbox 284 3499 1859 3571">
     <span class='ocr_line' id='line_1_63' title="bbox 284 3499 1859 3571; baseline 0.007 -19"><span class='ocrx_word' id='word_1_478' title='bbox 284 3499 590 3569; x_wconf 84' lang='grc' dir='ltr'><strong>γράμματα</strong></span> <span class='ocrx_word' id='word_1_479' title='bbox 621 3500 800 3566; x_wconf 85' lang='grc' dir='ltr'><strong>εἰδὼς,</strong></span> <span class='ocrx_word' id='word_1_480' title='bbox 838 3502 972 3555; x_wconf 84' lang='grc' dir='ltr'><strong>ὅπου</strong></span> <span class='ocrx_word' id='word_1_481' title='bbox 1018 3504 1157 3557; x_wconf 77' lang='grc' dir='ltr'><strong>εἰσὶν</strong></span> <span class='ocrx_word' id='word_1_482' title='bbox 1193 3504 1419 3571; x_wconf 74' lang='grc' dir='ltr'><strong>ἰδιῶται,</strong></span> <span class='ocrx_word' id='word_1_483' title='bbox 1446 3506 1730 3571; x_wconf 80' lang='grc' dir='ltr'><strong>δοξάζεται</strong></span> <span class='ocrx_word' id='word_1_484' title='bbox 1767 3510 1859 3564; x_wconf 85' lang='grc' dir='ltr'><strong>ὑπ’</strong></span> 
     </span>
    </p>
   </div>
   <div class='ocr_carea' id='block_1_64' title="bbox 286 3590 1858 3668">
    <p class='ocr_par' dir='ltr' id='par_1_64' title="bbox 286 3590 1858 3668">
     <span class='ocr_line' id='line_1_64' title="bbox 286 3590 1858 3668; baseline 0.005 -24"><span class='ocrx_word' id='word_1_485' title='bbox 286 3590 466 3644; x_wconf 84' lang='grc' dir='ltr'><strong>αὐτῶν</strong></span> <span class='ocrx_word' id='word_1_486' title='bbox 514 3592 541 3643; x_wconf 89' lang='lat'><strong>6</strong></span> <span class='ocrx_word' id='word_1_487' title='bbox 570 3592 921 3662; x_wconf 78' lang='grc' dir='ltr'><strong>σχολαστικός</strong></span> <span class='ocrx_word' id='word_1_488' title='bbox 943 3608 959 3623; x_wconf 83' lang='lat'>&#39;</span> <span class='ocrx_word' id='word_1_489' title='bbox 1007 3595 1196 3667; x_wconf 72' lang='grc' dir='ltr'><strong>ἐπειδὴ</strong></span> <span class='ocrx_word' id='word_1_490' title='bbox 1229 3598 1457 3668; x_wconf 86' lang='grc' dir='ltr'><strong>χωρικοί</strong></span> <span class='ocrx_word' id='word_1_491' title='bbox 1505 3601 1645 3653; x_wconf 87' lang='grc' dir='ltr'><strong>είσιν</strong></span> <span class='ocrx_word' id='word_1_492' title='bbox 1674 3599 1858 3652; x_wconf 87' lang='grc' dir='ltr'><strong>ὀλοτε-</strong></span> 
     </span>
    </p>
   </div>
   <div class='ocr_carea' id='block_1_65' title="bbox 280 3679 1859 3754">
    <p class='ocr_par' dir='ltr' id='par_1_65' title="bbox 280 3679 1859 3754">
     <span class='ocr_line' id='line_1_65' title="bbox 280 3679 1859 3754; baseline 0.008 -22"><span class='ocrx_word' id='word_1_493' title='bbox 280 3679 414 3745; x_wconf 69' lang='grc' dir='ltr'><strong>λῶς,</strong></span> <span class='ocrx_word' id='word_1_494' title='bbox 451 3681 525 3751; x_wconf 81' lang='grc' dir='ltr'><strong>μὴ</strong></span> <span class='ocrx_word' id='word_1_495' title='bbox 576 3683 778 3745; x_wconf 77' lang='grc' dir='ltr'><strong>ειδότες</strong></span> <span class='ocrx_word' id='word_1_496' title='bbox 830 3683 1142 3754; x_wconf 85' lang='grc' dir='ltr'><strong>δοκιμάσαι.</strong></span> <span class='ocrx_word' id='word_1_497' title='bbox 1194 3687 1366 3750; x_wconf 77' lang='grc' dir='ltr'><strong>Αὐτὸς</strong></span> <span class='ocrx_word' id='word_1_498' title='bbox 1403 3688 1461 3741; x_wconf 83' lang='grc' dir='ltr'><strong>δέ</strong></span> <span class='ocrx_word' id='word_1_499' title='bbox 1507 3683 1662 3753; x_wconf 79' lang='grc' dir='ltr'><strong>οὗτος</strong></span> <span class='ocrx_word' id='word_1_500' title='bbox 1713 3693 1742 3744; x_wconf 90' lang='lat'><strong>6</strong></span> <span class='ocrx_word' id='word_1_501' title='bbox 1793 3692 1859 3753; x_wconf 77' lang='grc' dir='ltr'><strong>τὰ</strong></span> 
     </span>
    </p>
   </div>
   <div class='ocr_carea' id='block_1_66' title="bbox 282 3771 1856 3853">
    <p class='ocr_par' dir='ltr' id='par_1_66' title="bbox 282 3771 1856 3853">
     <span class='ocr_line' id='line_1_66' title="bbox 282 3771 1856 3853; baseline 0.008 -31"><span class='ocrx_word' id='word_1_502' title='bbox 282 3771 443 3839; x_wconf 82' lang='grc' dir='ltr'><strong>ὀλίγα</strong></span> <span class='ocrx_word' id='word_1_503' title='bbox 485 3772 639 3835; x_wconf 85' lang='grc' dir='ltr'><strong>εἰδὼς</strong></span> <span class='ocrx_word' id='word_1_504' title='bbox 659 3775 986 3843; x_wconf 85' lang='grc' dir='ltr'><strong>γράμματα,</strong></span> <span class='ocrx_word' id='word_1_505' title='bbox 1019 3777 1114 3830; x_wconf 78' lang='grc' dir='ltr'><strong>ἐὰν</strong></span> <span class='ocrx_word' id='word_1_506' title='bbox 1140 3778 1353 3853; x_wconf 75' lang='grc' dir='ltr'><strong>ἀπέλθῃ</strong></span> <span class='ocrx_word' id='word_1_507' title='bbox 1390 3781 1471 3843; x_wconf 81' lang='grc' dir='ltr'><strong>είς</strong></span> <span class='ocrx_word' id='word_1_508' title='bbox 1500 3781 1680 3846; x_wconf 85' lang='grc' dir='ltr'><strong>πόλιν,</strong></span> <span class='ocrx_word' id='word_1_509' title='bbox 1722 3784 1856 3835; x_wconf 82' lang='grc' dir='ltr'><strong>ὅπου</strong></span> 
     </span>
    </p>
   </div>
   <div class='ocr_carea' id='block_1_67' title="bbox 281 3862 1854 3941">
    <p class='ocr_par' dir='ltr' id='par_1_67' title="bbox 281 3862 1854 3941">
     <span class='ocr_line' id='line_1_67' title="bbox 281 3862 1854 3941; baseline 0.007 -30"><span class='ocrx_word' id='word_1_510' title='bbox 281 3862 390 3912; x_wconf 74' lang='lat' dir='ltr'><strong>sic&quot;.</strong></span> <span class='ocrx_word' id='word_1_511' title='bbox 420 3862 647 3929; x_wconf 78' lang='grc' dir='ltr'><strong>ῥήτορες</strong></span> <span class='ocrx_word' id='word_1_512' title='bbox 682 3864 776 3915; x_wconf 76' lang='grc' dir='ltr'><strong>καὶ</strong></span> <span class='ocrx_word' id='word_1_513' title='bbox 814 3865 1179 3933; x_wconf 82' lang='grc' dir='ltr'><strong>σχολαστικοὶ,</strong></span> <span class='ocrx_word' id='word_1_514' title='bbox 1208 3868 1268 3920; x_wconf 81' lang='grc' dir='ltr'><strong>οὐ</strong></span> <span class='ocrx_word' id='word_1_515' title='bbox 1303 3868 1479 3941; x_wconf 82' lang='grc' dir='ltr'><strong>τολμᾷ</strong></span> <span class='ocrx_word' id='word_1_516' title='bbox 1518 3871 1854 3941; x_wconf 84' lang='grc' dir='ltr'><strong>παραφανῆ-</strong></span> 
     </span>
    </p>
   </div>
   <div class='ocr_carea' id='block_1_68' title="bbox 284 3952 1852 4033">
    <p class='ocr_par' dir='ltr' id='par_1_68' title="bbox 284 3952 1852 4033">
     <span class='ocr_line' id='line_1_68' title="bbox 284 3952 1852 4033; baseline 0.008 -31"><span class='ocrx_word' id='word_1_517' title='bbox 284 3968 375 4004; x_wconf 88' lang='grc' dir='ltr'><strong>ναι</strong></span> <span class='ocrx_word' id='word_1_518' title='bbox 405 3952 610 4017; x_wconf 76' lang='grc' dir='ltr'><strong>αὐτοῖς,</strong></span> <span class='ocrx_word' id='word_1_519' title='bbox 642 3952 766 4005; x_wconf 71' lang='grc' dir='ltr'><strong>οὔτε</strong></span> <span class='ocrx_word' id='word_1_520' title='bbox 798 3954 1027 4024; x_wconf 82' lang='grc' dir='ltr'><strong>λαλῆσαι</strong></span> <span class='ocrx_word' id='word_1_521' title='bbox 1048 3971 1060 3982; x_wconf 91' lang='grc'><strong>·</strong></span> <span class='ocrx_word' id='word_1_522' title='bbox 1097 3956 1172 4020; x_wconf 86' lang='grc' dir='ltr'><strong>ὡς</strong></span> <span class='ocrx_word' id='word_1_523' title='bbox 1200 3959 1435 4029; x_wconf 89' lang='grc' dir='ltr'><strong>χωρικὸς</strong></span> <span class='ocrx_word' id='word_1_524' title='bbox 1468 3960 1577 4031; x_wconf 85' lang='grc' dir='ltr'><strong>γὰρ</strong></span> <span class='ocrx_word' id='word_1_525' title='bbox 1608 3962 1852 4033; x_wconf 85' lang='grc' dir='ltr'><strong>κρίνεται</strong></span> 
     </span>
    </p>
   </div>
   <div class='ocr_carea' id='block_1_69' title="bbox 282 4042 951 4113">
    <p class='ocr_par' dir='ltr' id='par_1_69' title="bbox 282 4042 951 4113">
     <span class='ocr_line' id='line_1_69' title="bbox 282 4042 951 4113; baseline 0.006 -18"><span class='ocrx_word' id='word_1_526' title='bbox 282 4042 392 4095; x_wconf 82' lang='grc' dir='ltr'><strong>ὑπὸ</strong></span> <span class='ocrx_word' id='word_1_527' title='bbox 417 4042 523 4096; x_wconf 89' lang='grc' dir='ltr'><strong>τῶν</strong></span> <span class='ocrx_word' id='word_1_528' title='bbox 563 4044 951 4113; x_wconf 85' lang='grc' dir='ltr'><strong>σχολαστικῶν.</strong></span> 
     </span>
    </p>
   </div>
   <div class='ocr_carea' id='block_1_70' title="bbox 1961 3156 3546 3226">
    <p class='ocr_par' dir='ltr' id='par_1_70' title="bbox 1961 3156 3546 3226">
     <span class='ocr_line' id='line_1_70' title="bbox 1961 3156 3546 3226; baseline 0 -15"><span class='ocrx_word' id='word_1_529' title='bbox 1961 3165 2018 3211; x_wconf 89' lang='lat' dir='ltr'><strong>et</strong></span> <span class='ocrx_word' id='word_1_530' title='bbox 2066 3156 2273 3210; x_wconf 89' lang='lat' dir='ltr'><strong>nemini</strong></span> <span class='ocrx_word' id='word_1_531' title='bbox 2302 3156 2409 3210; x_wconf 91' lang='lat' dir='ltr'><strong>hoc</strong></span> <span class='ocrx_word' id='word_1_532' title='bbox 2474 3166 2845 3226; x_wconf 90' lang='lat' dir='ltr'><strong>perspectum,</strong></span> <span class='ocrx_word' id='word_1_533' title='bbox 2907 3158 3015 3211; x_wconf 87' lang='lat' dir='ltr'><strong>nisi</strong></span> <span class='ocrx_word' id='word_1_534' title='bbox 3066 3158 3415 3221; x_wconf 85' lang='lat' dir='ltr'><strong>scholastico,</strong></span> <span class='ocrx_word' id='word_1_535' title='bbox 3445 3157 3546 3226; x_wconf 87' lang='lat' dir='ltr'><strong>qui</strong></span> 
     </span>
    </p>
   </div>
   <div class='ocr_carea' id='block_1_71' title="bbox 1964 3247 3545 3318">
    <p class='ocr_par' dir='ltr' id='par_1_71' title="bbox 1964 3247 3545 3318">
     <span class='ocr_line' id='line_1_71' title="bbox 1964 3247 3545 3318; baseline 0.002 -18"><span class='ocrx_word' id='word_1_536' title='bbox 1964 3247 2319 3301; x_wconf 90' lang='lat' dir='ltr'><strong>mediocriter</strong></span> <span class='ocrx_word' id='word_1_537' title='bbox 2359 3248 2571 3303; x_wconf 89' lang='lat' dir='ltr'><strong>litteras</strong></span> <span class='ocrx_word' id='word_1_538' title='bbox 2612 3248 2917 3314; x_wconf 88' lang='lat' dir='ltr'><strong>addidicit;</strong></span> <span class='ocrx_word' id='word_1_539' title='bbox 2972 3250 3052 3303; x_wconf 82' lang='lat' dir='ltr'><strong>sic</strong></span> <span class='ocrx_word' id='word_1_540' title='bbox 3084 3264 3304 3318; x_wconf 91' lang='lat' dir='ltr'><strong>quoque</strong></span> <span class='ocrx_word' id='word_1_541' title='bbox 3365 3265 3423 3303; x_wconf 88' lang='lat' dir='ltr'><strong>se</strong></span> <span class='ocrx_word' id='word_1_542' title='bbox 3456 3264 3545 3303; x_wconf 86' lang='lat' dir='ltr'><strong>res</strong></span> 
     </span>
    </p>
   </div>
   <div class='ocr_carea' id='block_1_72' title="bbox 1962 3336 3546 3408">
    <p class='ocr_par' dir='ltr' id='par_1_72' title="bbox 1962 3336 3546 3408">
     <span class='ocr_line' id='line_1_72' title="bbox 1962 3336 3546 3408; baseline 0.004 -19"><span class='ocrx_word' id='word_1_543' title='bbox 1962 3336 2055 3390; x_wconf 93' lang='lat' dir='ltr'><strong>hic</strong></span> <span class='ocrx_word' id='word_1_544' title='bbox 2105 3336 2289 3400; x_wconf 89' lang='lat' dir='ltr'><strong>habet,</strong></span> <span class='ocrx_word' id='word_1_545' title='bbox 2353 3338 2489 3391; x_wconf 89' lang='lat' dir='ltr'><strong>nulli</strong></span> <span class='ocrx_word' id='word_1_546' title='bbox 2542 3339 3063 3408; x_wconf 86' lang='lat' dir='ltr'><strong>comprehensibilis</strong></span> <span class='ocrx_word' id='word_1_547' title='bbox 3087 3349 3171 3395; x_wconf 88' lang='lat' dir='ltr'><strong>est</strong></span> <span class='ocrx_word' id='word_1_548' title='bbox 3203 3341 3386 3405; x_wconf 88' lang='lat' dir='ltr'><strong>Deus;</strong></span> <span class='ocrx_word' id='word_1_549' title='bbox 3441 3355 3546 3395; x_wconf 88' lang='lat' dir='ltr'><strong>nec</strong></span> 
     </span>
    </p>
   </div>
   <div class='ocr_carea' id='block_1_73' title="bbox 1963 3425 3546 3499">
    <p class='ocr_par' dir='ltr' id='par_1_73' title="bbox 1963 3425 3546 3499">
     <span class='ocr_line' id='line_1_73' title="bbox 1963 3425 3546 3499; baseline 0.003 -21"><span class='ocrx_word' id='word_1_550' title='bbox 1963 3425 2301 3479; x_wconf 88' lang='lat' dir='ltr'><strong>mensionem</strong></span> <span class='ocrx_word' id='word_1_551' title='bbox 2358 3429 2425 3480; x_wconf 87' lang='lat' dir='ltr'><strong>ab</strong></span> <span class='ocrx_word' id='word_1_552' title='bbox 2479 3428 2589 3481; x_wconf 91' lang='lat' dir='ltr'><strong>ullo</strong></span> <span class='ocrx_word' id='word_1_553' title='bbox 2634 3428 2911 3494; x_wconf 88' lang='lat' dir='ltr'><strong>admittit,</strong></span> <span class='ocrx_word' id='word_1_554' title='bbox 2953 3438 3317 3499; x_wconf 66' lang='lat' dir='ltr'><strong>praeterquam</strong></span> <span class='ocrx_word' id='word_1_555' title='bbox 3357 3429 3424 3483; x_wconf 89' lang='lat' dir='ltr'><strong>ab</strong></span> <span class='ocrx_word' id='word_1_556' title='bbox 3476 3429 3546 3484; x_wconf 87' lang='lat' dir='ltr'><strong>iis</strong></span> 
     </span>
    </p>
   </div>
   <div class='ocr_carea' id='block_1_74' title="bbox 1961 3517 3545 3590">
    <p class='ocr_par' dir='ltr' id='par_1_74' title="bbox 1961 3517 3545 3590">
     <span class='ocr_line' id='line_1_74' title="bbox 1961 3517 3545 3590; baseline 0.003 -20"><span class='ocrx_word' id='word_1_557' title='bbox 1961 3517 2054 3585; x_wconf 89' lang='lat' dir='ltr'><strong>qui</strong></span> <span class='ocrx_word' id='word_1_558' title='bbox 2079 3527 2371 3585; x_wconf 77' lang='lat' dir='ltr'><strong>gustarunt</strong></span> <span class='ocrx_word' id='word_1_559' title='bbox 2396 3532 2460 3571; x_wconf 84' lang='lat' dir='ltr'><strong>ex</strong></span> <span class='ocrx_word' id='word_1_560' title='bbox 2495 3534 2564 3573; x_wconf 91' lang='lat' dir='ltr'><strong>eo</strong></span> <span class='ocrx_word' id='word_1_561' title='bbox 2607 3521 2746 3588; x_wconf 88' lang='lat' dir='ltr'><strong>ipso,</strong></span> <span class='ocrx_word' id='word_1_562' title='bbox 2779 3536 2945 3589; x_wconf 91' lang='lat' dir='ltr'><strong>quem</strong></span> <span class='ocrx_word' id='word_1_563' title='bbox 2967 3529 3349 3590; x_wconf 84' lang='lat' dir='ltr'><strong>susceperunt,</strong></span> <span class='ocrx_word' id='word_1_564' title='bbox 3379 3529 3545 3589; x_wconf 90' lang='lat' dir='ltr'><strong>atque</strong></span> 
     </span>
    </p>
   </div>
   <div class='ocr_carea' id='block_1_75' title="bbox 1961 3604 3545 3678">
    <p class='ocr_par' dir='ltr' id='par_1_75' title="bbox 1961 3604 3545 3678">
     <span class='ocr_line' id='line_1_75' title="bbox 1961 3604 3545 3678; baseline 0.006 -24"><span class='ocrx_word' id='word_1_565' title='bbox 1961 3613 2263 3672; x_wconf 84' lang='lat' dir='ltr'><strong>agnoscunt</strong></span> <span class='ocrx_word' id='word_1_566' title='bbox 2321 3604 2755 3661; x_wconf 88' lang='lat' dir='ltr'><strong>imbecillitatem</strong></span> <span class='ocrx_word' id='word_1_567' title='bbox 2810 3622 2987 3665; x_wconf 89' lang='lat' dir='ltr'><strong>suam.</strong></span> <span class='ocrx_word' id='word_1_568' title='bbox 3045 3610 3104 3662; x_wconf 90' lang='lat' dir='ltr'><strong>In</strong></span> <span class='ocrx_word' id='word_1_569' title='bbox 3161 3624 3258 3664; x_wconf 92' lang='lat' dir='ltr'><strong>rus</strong></span> <span class='ocrx_word' id='word_1_570' title='bbox 3327 3609 3372 3663; x_wconf 89' lang='lat' dir='ltr'><strong>si</strong></span> <span class='ocrx_word' id='word_1_571' title='bbox 3417 3609 3545 3678; x_wconf 87' lang='lat' dir='ltr'><strong>quis</strong></span> 
     </span>
    </p>
   </div>
   <div class='ocr_carea' id='block_1_76' title="bbox 1963 3692 3545 3765">
    <p class='ocr_par' dir='ltr' id='par_1_76' title="bbox 1963 3692 3545 3765">
     <span class='ocr_line' id='line_1_76' title="bbox 1963 3692 3545 3765; baseline 0.005 -18"><span class='ocrx_word' id='word_1_572' title='bbox 1963 3692 2148 3762; x_wconf 89' lang='lat' dir='ltr'><strong>itaque</strong></span> <span class='ocrx_word' id='word_1_573' title='bbox 2178 3696 2379 3758; x_wconf 84' lang='lat' dir='ltr'><strong>abeat,</strong></span> <span class='ocrx_word' id='word_1_574' title='bbox 2431 3712 2603 3765; x_wconf 91' lang='lat' dir='ltr'><strong>pauca</strong></span> <span class='ocrx_word' id='word_1_575' title='bbox 2630 3700 2811 3752; x_wconf 87' lang='lat' dir='ltr'><strong>sciens</strong></span> <span class='ocrx_word' id='word_1_576' title='bbox 2868 3699 2938 3754; x_wconf 87' lang='lat' dir='ltr'><strong>de</strong></span> <span class='ocrx_word' id='word_1_577' title='bbox 3001 3699 3223 3762; x_wconf 89' lang='lat' dir='ltr'><strong>litteris,</strong></span> <span class='ocrx_word' id='word_1_578' title='bbox 3279 3698 3372 3753; x_wconf 92' lang='lat' dir='ltr'><strong>ubi</strong></span> <span class='ocrx_word' id='word_1_579' title='bbox 3412 3709 3545 3755; x_wconf 88' lang='lat' dir='ltr'><strong>sunt</strong></span> 
     </span>
    </p>
   </div>
   <div class='ocr_carea' id='block_1_77' title="bbox 1962 3787 3540 3856">
    <p class='ocr_par' dir='ltr' id='par_1_77' title="bbox 1962 3787 3540 3856">
     <span class='ocr_line' id='line_1_77' title="bbox 1962 3787 3540 3856; baseline 0.004 -16"><span class='ocrx_word' id='word_1_580' title='bbox 1962 3787 2161 3854; x_wconf 91' lang='lat' dir='ltr'><strong>plebeii</strong></span> <span class='ocrx_word' id='word_1_581' title='bbox 2191 3806 2205 3853; x_wconf 92' lang='lat'><strong>;</strong></span> <span class='ocrx_word' id='word_1_582' title='bbox 2238 3790 2548 3844; x_wconf 89' lang='lat' dir='ltr'><strong>celebratur</strong></span> <span class='ocrx_word' id='word_1_583' title='bbox 2574 3801 2754 3845; x_wconf 90' lang='lat' dir='ltr'><strong>tamen</strong></span> <span class='ocrx_word' id='word_1_584' title='bbox 2799 3794 2865 3847; x_wconf 93' lang='lat' dir='ltr'><strong>ab</strong></span> <span class='ocrx_word' id='word_1_585' title='bbox 2896 3794 3004 3848; x_wconf 88' lang='lat' dir='ltr'><strong>illis</strong></span> <span class='ocrx_word' id='word_1_586' title='bbox 3033 3793 3396 3849; x_wconf 88' lang='lat' dir='ltr'><strong>scholasticus</strong></span> <span class='ocrx_word' id='word_1_587' title='bbox 3430 3795 3540 3856; x_wconf 86' lang='lat' dir='ltr'><strong>ille.</strong></span> 
     </span>
    </p>
   </div>
   <div class='ocr_carea' id='block_1_78' title="bbox 1959 3875 3540 3952">
    <p class='ocr_par' dir='ltr' id='par_1_78' title="bbox 1959 3875 3540 3952">
     <span class='ocr_line' id='line_1_78' title="bbox 1959 3875 3540 3952; baseline 0.005 -24"><span class='ocrx_word' id='word_1_588' title='bbox 1959 3875 2231 3943; x_wconf 88' lang='lat' dir='ltr'><strong>siquidem</strong></span> <span class='ocrx_word' id='word_1_589' title='bbox 2276 3878 2467 3931; x_wconf 91' lang='lat' dir='ltr'><strong>rustici</strong></span> <span class='ocrx_word' id='word_1_590' title='bbox 2495 3888 2624 3932; x_wconf 86' lang='lat' dir='ltr'><strong>sunt</strong></span> <span class='ocrx_word' id='word_1_591' title='bbox 2654 3881 2835 3949; x_wconf 88' lang='lat' dir='ltr'><strong>plane,</strong></span> <span class='ocrx_word' id='word_1_592' title='bbox 2864 3896 2969 3936; x_wconf 91' lang='lat' dir='ltr'><strong>uec</strong></span> <span class='ocrx_word' id='word_1_593' title='bbox 3002 3881 3307 3952; x_wconf 75' lang='lat' dir='ltr'><strong>diiudicare</strong></span> <span class='ocrx_word' id='word_1_594' title='bbox 3337 3882 3540 3936; x_wconf 90' lang='lat' dir='ltr'><strong>sciunt.</strong></span> 
     </span>
    </p>
   </div>
   <div class='ocr_carea' id='block_1_79' title="bbox 1958 3962 3543 4041">
    <p class='ocr_par' dir='ltr' id='par_1_79' title="bbox 1958 3962 3543 4041">
     <span class='ocr_line' id='line_1_79' title="bbox 1958 3962 3543 4041; baseline 0.007 -25"><span class='ocrx_word' id='word_1_595' title='bbox 1958 3962 2077 4031; x_wconf 88' lang='lat' dir='ltr'><strong>Ipse</strong></span> <span class='ocrx_word' id='word_1_596' title='bbox 2120 3980 2272 4029; x_wconf 85' lang='lat' dir='ltr'><strong>vero,</strong></span> <span class='ocrx_word' id='word_1_597' title='bbox 2312 3967 2407 4034; x_wconf 89' lang='lat' dir='ltr'><strong>qui</strong></span> <span class='ocrx_word' id='word_1_598' title='bbox 2454 3984 2658 4035; x_wconf 86' lang='lat' dir='ltr'><strong>paucas</strong></span> <span class='ocrx_word' id='word_1_599' title='bbox 2706 3970 2900 4024; x_wconf 87' lang='lat' dir='ltr'><strong>didicit</strong></span> <span class='ocrx_word' id='word_1_600' title='bbox 2951 3972 3183 4036; x_wconf 84' lang='lat' dir='ltr'><strong>litteras,</strong></span> <span class='ocrx_word' id='word_1_601' title='bbox 3235 3973 3278 4025; x_wconf 89' lang='lat' dir='ltr'><strong>si</strong></span> <span class='ocrx_word' id='word_1_602' title='bbox 3319 3972 3543 4041; x_wconf 83' lang='lat' dir='ltr'><strong>proﬁci—</strong></span> 
     </span>
    </p>
   </div>
   <div class='ocr_carea' id='block_1_80' title="bbox 1957 4057 3540 4128">
    <p class='ocr_par' dir='ltr' id='par_1_80' title="bbox 1957 4057 3540 4128">
     <span class='ocr_line' id='line_1_80' title="bbox 1957 4057 3540 4128; baseline 0.006 -21"><span class='ocrx_word' id='word_1_603' title='bbox 1957 4063 2145 4109; x_wconf 89' lang='lat' dir='ltr'><strong>scatur</strong></span> <span class='ocrx_word' id='word_1_604' title='bbox 2178 4057 2235 4110; x_wconf 91' lang='lat' dir='ltr'><strong>in</strong></span> <span class='ocrx_word' id='word_1_605' title='bbox 2265 4058 2482 4125; x_wconf 86' lang='lat' dir='ltr'><strong>urbem,</strong></span> <span class='ocrx_word' id='word_1_606' title='bbox 2508 4060 2603 4113; x_wconf 88' lang='lat' dir='ltr'><strong>ubi</strong></span> <span class='ocrx_word' id='word_1_607' title='bbox 2632 4069 2761 4114; x_wconf 88' lang='lat' dir='ltr'><strong>sunt</strong></span> <span class='ocrx_word' id='word_1_608' title='bbox 2798 4072 3045 4117; x_wconf 90' lang='lat' dir='ltr'><strong>oratores</strong></span> <span class='ocrx_word' id='word_1_609' title='bbox 3084 4072 3140 4117; x_wconf 92' lang='lat' dir='ltr'><strong>et</strong></span> <span class='ocrx_word' id='word_1_610' title='bbox 3194 4065 3504 4119; x_wconf 89' lang='lat' dir='ltr'><strong>scholastici</strong></span> <span class='ocrx_word' id='word_1_611' title='bbox 3525 4107 3540 4128; x_wconf 82' lang='lat'><strong>,</strong></span> 
     </span>
    </p>
   </div>
   <div class='ocr_carea' id='block_1_81' title="bbox 281 4134 3543 4224">
    <p class='ocr_par' dir='ltr' id='par_1_81' title="bbox 281 4134 3543 4224">
     <span class='ocr_line' id='line_1_81' title="bbox 281 4134 3543 4224; baseline 0.007 -36"><span class='ocrx_word' id='word_1_612' title='bbox 281 4148 394 4188; x_wconf 86' lang='lat' dir='ltr'><strong>non</strong></span> <span class='ocrx_word' id='word_1_613' title='bbox 441 4134 606 4187; x_wconf 87' lang='lat' dir='ltr'><strong>audet</strong></span> <span class='ocrx_word' id='word_1_614' title='bbox 633 4134 683 4187; x_wconf 78' lang='lat' dir='ltr'><strong>iu</strong></span> <span class='ocrx_word' id='word_1_615' title='bbox 713 4145 1068 4205; x_wconf 89' lang='lat' dir='ltr'><strong>conspectum</strong></span> <span class='ocrx_word' id='word_1_616' title='bbox 1100 4153 1293 4195; x_wconf 91' lang='lat' dir='ltr'><strong>eorum</strong></span> <span class='ocrx_word' id='word_1_617' title='bbox 1322 4140 1567 4211; x_wconf 88' lang='lat' dir='ltr'><strong>prodire,</strong></span> <span class='ocrx_word' id='word_1_618' title='bbox 1600 4157 1702 4197; x_wconf 90' lang='lat' dir='ltr'><strong>nec</strong></span> <span class='ocrx_word' id='word_1_619' title='bbox 1771 4142 2063 4213; x_wconf 89' lang='lat' dir='ltr'><strong>proloqui;</strong></span> <span class='ocrx_word' id='word_1_620' title='bbox 2124 4146 2399 4217; x_wconf 88' lang='lat' dir='ltr'><strong>siquidem</strong></span> <span class='ocrx_word' id='word_1_621' title='bbox 2468 4150 2614 4205; x_wconf 84' lang='lat' dir='ltr'><strong>velut</strong></span> <span class='ocrx_word' id='word_1_622' title='bbox 2657 4152 2896 4207; x_wconf 87' lang='lat' dir='ltr'><strong>rusticus</strong></span> <span class='ocrx_word' id='word_1_623' title='bbox 2960 4154 3241 4224; x_wconf 87' lang='lat' dir='ltr'><strong>judicatur</strong></span> <span class='ocrx_word' id='word_1_624' title='bbox 3307 4172 3339 4210; x_wconf 87' lang='lat' dir='ltr'><strong>a</strong></span> <span class='ocrx_word' id='word_1_625' title='bbox 3376 4156 3543 4211; x_wconf 88' lang='lat' dir='ltr'><strong>scho-</strong></span> 
     </span>
    </p>
   </div>
   <div class='ocr_carea' id='block_1_82' title="bbox 282 4226 512 4280">
    <p class='ocr_par' dir='ltr' id='par_1_82' title="bbox 282 4226 512 4280">
     <span class='ocr_line' id='line_1_82' title="bbox 282 4226 512 4280; baseline 0 -1"><span class='ocrx_word' id='word_1_626' title='bbox 282 4226 512 4280; x_wconf 85' lang='lat' dir='ltr'><strong>lasticis.</strong></span> 
     </span>
    </p>
   </div>
   <div class='ocr_carea' id='block_1_83' title="bbox 356 4317 1852 4396">
    <p class='ocr_par' dir='ltr' id='par_1_83' title="bbox 356 4317 1852 4396">
     <span class='ocr_line' id='line_1_83' title="bbox 356 4317 1852 4396; baseline 0.008 -27"><span class='ocrx_word' id='word_1_627' title='bbox 356 4317 464 4369; x_wconf 78' lang='lat' dir='ltr'><strong>lﬂ&#39;.</strong></span> <span class='ocrx_word' id='word_1_628' title='bbox 506 4318 846 4386; x_wconf 83' lang='grc' dir='ltr'><strong>Ἐρώτησις.</strong></span> <span class='ocrx_word' id='word_1_629' title='bbox 893 4326 964 4377; x_wconf 83' lang='lat' dir='ltr'><strong>El</strong></span> <span class='ocrx_word' id='word_1_630' title='bbox 1008 4324 1094 4378; x_wconf 84' lang='grc' dir='ltr'><strong>ὢν</strong></span> <span class='ocrx_word' id='word_1_631' title='bbox 1144 4326 1214 4378; x_wconf 77' lang='grc' dir='ltr'><strong>ἐν</strong></span> <span class='ocrx_word' id='word_1_632' title='bbox 1244 4327 1486 4396; x_wconf 72' lang='grc' dir='ltr'><strong>πολέμῳ</strong></span> <span class='ocrx_word' id='word_1_633' title='bbox 1518 4326 1852 4395; x_wconf 78' lang='grc' dir='ltr'><strong>ἄνθρωπος,</strong></span> 
     </span>
    </p>
   </div>
   <div class='ocr_carea' id='block_1_84' title="bbox 281 4406 1856 4485">
    <p class='ocr_par' dir='ltr' id='par_1_84' title="bbox 281 4406 1856 4485">
     <span class='ocr_line' id='line_1_84' title="bbox 281 4406 1856 4485; baseline 0.009 -27"><span class='ocrx_word' id='word_1_634' title='bbox 281 4406 385 4459; x_wconf 76' lang='grc' dir='ltr'><strong>καί</strong></span> <span class='ocrx_word' id='word_1_635' title='bbox 414 4407 573 4474; x_wconf 73' lang='grc' dir='ltr'><strong>ἔχων</strong></span> <span class='ocrx_word' id='word_1_636' title='bbox 602 4408 674 4462; x_wconf 85' lang='grc' dir='ltr'><strong>τὰ</strong></span> <span class='ocrx_word' id='word_1_637' title='bbox 699 4409 811 4463; x_wconf 80' lang='grc' dir='ltr'><strong>δύο</strong></span> <span class='ocrx_word' id='word_1_638' title='bbox 852 4416 1147 4481; x_wconf 81' lang='grc' dir='ltr'><strong>πρόσωπα</strong></span> <span class='ocrx_word' id='word_1_639' title='bbox 1191 4416 1262 4469; x_wconf 75' lang='grc' dir='ltr'><strong>ἐν</strong></span> <span class='ocrx_word' id='word_1_640' title='bbox 1303 4415 1380 4485; x_wconf 70' lang='grc' dir='ltr'><strong>τῇ</strong></span> <span class='ocrx_word' id='word_1_641' title='bbox 1442 4415 1616 4485; x_wconf 73' lang='grc' dir='ltr'><strong>ψυχῇ</strong></span> <span class='ocrx_word' id='word_1_642' title='bbox 1644 4418 1856 4479; x_wconf 84' lang='grc' dir='ltr'><strong>αὐτοῦ.</strong></span> 
     </span>
    </p>
   </div>
   <div class='ocr_carea' id='block_1_85' title="bbox 2033 4326 3542 4404">
    <p class='ocr_par' dir='ltr' id='par_1_85' title="bbox 2033 4326 3542 4404">
     <span class='ocr_line' id='line_1_85' title="bbox 2033 4326 3542 4404; baseline 0.01 -26"><span class='ocrx_word' id='word_1_643' title='bbox 2033 4326 2219 4380; x_wconf 79' lang='lat' dir='ltr'><strong>XVIII.</strong></span> <span class='ocrx_word' id='word_1_644' title='bbox 2264 4327 2637 4397; x_wconf 84' lang='lat' dir='ltr'><strong>Interrogatio.</strong></span> <span class='ocrx_word' id='word_1_645' title='bbox 2686 4330 2743 4384; x_wconf 92' lang='lat' dir='ltr'><strong>Si</strong></span> <span class='ocrx_word' id='word_1_646' title='bbox 2794 4334 2945 4385; x_wconf 88' lang='lat' dir='ltr'><strong>homo</strong></span> <span class='ocrx_word' id='word_1_647' title='bbox 2984 4335 3116 4389; x_wconf 87' lang='lat' dir='ltr'><strong>bello</strong></span> <span class='ocrx_word' id='word_1_648' title='bbox 3164 4352 3460 4404; x_wconf 81' lang='lat' dir='ltr'><strong>Oppressus,</strong></span> <span class='ocrx_word' id='word_1_649' title='bbox 3490 4348 3542 4393; x_wconf 85' lang='lat' dir='ltr'><strong>et</strong></span> 
     </span>
    </p>
   </div>
   <div class='ocr_carea' id='block_1_86' title="bbox 1987 4416 3542 4495">
    <p class='ocr_par' dir='ltr' id='par_1_86' title="bbox 1987 4416 3542 4495">
     <span class='ocr_line' id='line_1_86' title="bbox 1987 4416 3542 4495; baseline 0.01 -28"><span class='ocrx_word' id='word_1_650' title='bbox 1987 4416 2181 4485; x_wconf 86' lang='lat' dir='ltr'><strong>duplici</strong></span> <span class='ocrx_word' id='word_1_651' title='bbox 2219 4434 2444 4486; x_wconf 83' lang='lat' dir='ltr'><strong>persona</strong></span> <span class='ocrx_word' id='word_1_652' title='bbox 2496 4420 2551 4472; x_wconf 91' lang='lat' dir='ltr'><strong>in</strong></span> <span class='ocrx_word' id='word_1_653' title='bbox 2583 4422 2764 4472; x_wconf 87' lang='lat' dir='ltr'><strong>anima</strong></span> <span class='ocrx_word' id='word_1_654' title='bbox 2826 4423 3095 4490; x_wconf 79' lang='lat' dir='ltr'><strong>prceditus,</strong></span> <span class='ocrx_word' id='word_1_655' title='bbox 3153 4430 3347 4495; x_wconf 82' lang='lat' dir='ltr'><strong>peccati</strong></span> <span class='ocrx_word' id='word_1_656' title='bbox 3398 4430 3542 4483; x_wconf 82' lang='lat' dir='ltr'><strong>vide-</strong></span> 
     </span>
    </p>
   </div>
   <div class='ocr_carea' id='block_1_87' title="bbox 280 4497 1971 4592">
    <p class='ocr_par' dir='ltr' id='par_1_87' title="bbox 280 4497 1971 4592">
     <span class='ocr_line' id='line_1_87' title="bbox 280 4497 1971 4592; baseline 0.008 -42"><span class='ocrx_word' id='word_1_657' title='bbox 280 4497 394 4565; x_wconf 81' lang='grc' dir='ltr'><strong>τῆς</strong></span> <span class='ocrx_word' id='word_1_658' title='bbox 440 4498 731 4568; x_wconf 81' lang='grc' dir='ltr'><strong>ἁμαρτίας</strong></span> <span class='ocrx_word' id='word_1_659' title='bbox 768 4504 869 4557; x_wconf 76' lang='grc' dir='ltr'><strong>καὶ</strong></span> <span class='ocrx_word' id='word_1_660' title='bbox 906 4505 1019 4574; x_wconf 83' lang='grc' dir='ltr'><strong>τῆς</strong></span> <span class='ocrx_word' id='word_1_661' title='bbox 1061 4506 1327 4575; x_wconf 75' lang='grc' dir='ltr'><strong>χάριτος,</strong></span> <span class='ocrx_word' id='word_1_662' title='bbox 1362 4508 1625 4577; x_wconf 80' lang='grc' dir='ltr'><strong>μετέστη</strong></span> <span class='ocrx_word' id='word_1_663' title='bbox 1650 4512 1720 4563; x_wconf 80' lang='grc' dir='ltr'><strong>ἐκ</strong></span> <span class='ocrx_word' id='word_1_664' title='bbox 1750 4510 1856 4564; x_wconf 80' lang='grc' dir='ltr'><strong>τοῦ</strong></span> <span class='ocrx_word' id='word_1_665' title='bbox 1890 4538 1933 4592; x_wconf 76' lang='lat' dir='ltr'><strong>D</strong></span> <span class='ocrx_word' id='word_1_666' title='bbox 1968 4532 1971 4552; x_wconf 71' lang='grc' dir='ltr'><strong>ι</strong></span> 
     </span>
    </p>
   </div>
   <div class='ocr_carea' id='block_1_88' title="bbox 1845 4497 3536 4592">
    <p class='ocr_par' dir='ltr' id='par_1_88' title="bbox 1845 4501 3536 4592">
     <span class='ocr_line' id='line_1_88' title="bbox 1845 4501 3536 4592; baseline 0.01 -40"><span class='ocrx_word' id='word_1_667' title='bbox 1845 4512 1933 4592; x_wconf 60' lang='grc' dir='ltr'><strong>δι)</strong></span> <span class='ocrx_word' id='word_1_668' title='bbox 1968 4501 2085 4555; x_wconf 86' lang='lat' dir='ltr'><strong>licet</strong></span> <span class='ocrx_word' id='word_1_669' title='bbox 2136 4512 2184 4555; x_wconf 91' lang='lat' dir='ltr'><strong>et</strong></span> <span class='ocrx_word' id='word_1_670' title='bbox 2242 4508 2451 4573; x_wconf 71' lang='lat' dir='ltr'><strong>gratim,</strong></span> <span class='ocrx_word' id='word_1_671' title='bbox 2519 4506 2879 4575; x_wconf 82' lang='lat' dir='ltr'><strong>transferatur</strong></span> <span class='ocrx_word' id='word_1_672' title='bbox 2906 4526 2968 4561; x_wconf 78' lang='lat' dir='ltr'><strong>ea:</strong></span> <span class='ocrx_word' id='word_1_673' title='bbox 3018 4510 3112 4564; x_wconf 81' lang='lat' dir='ltr'><strong>hoc</strong></span> <span class='ocrx_word' id='word_1_674' title='bbox 3166 4515 3383 4581; x_wconf 81' lang='lat' dir='ltr'><strong>mundo,</strong></span> <span class='ocrx_word' id='word_1_675' title='bbox 3437 4530 3536 4579; x_wconf 87' lang='lat' dir='ltr'><strong>qua</strong></span> 
     </span>
    </p>
   </div>
   <div class='ocr_carea' id='block_1_89' title="bbox 281 4592 1857 4670">
    <p class='ocr_par' dir='ltr' id='par_1_89' title="bbox 281 4592 1857 4670">
     <span class='ocr_line' id='line_1_89' title="bbox 281 4592 1857 4670; baseline 0.008 -29"><span class='ocrx_word' id='word_1_676' title='bbox 281 4592 526 4657; x_wconf 84' lang='grc' dir='ltr'><strong>κόσμου</strong></span> <span class='ocrx_word' id='word_1_677' title='bbox 578 4594 815 4659; x_wconf 84' lang='grc' dir='ltr'><strong>τούτου,</strong></span> <span class='ocrx_word' id='word_1_678' title='bbox 845 4596 963 4650; x_wconf 82' lang='grc' dir='ltr'><strong>ποῦ</strong></span> <span class='ocrx_word' id='word_1_679' title='bbox 1001 4599 1302 4668; x_wconf 81' lang='grc' dir='ltr'><strong>προχωρεῖ</strong></span> <span class='ocrx_word' id='word_1_680' title='bbox 1335 4602 1737 4670; x_wconf 76' lang='grc' dir='ltr'><strong>κατεχόμενος</strong></span> <span class='ocrx_word' id='word_1_681' title='bbox 1770 4604 1857 4666; x_wconf 73' lang='grc' dir='ltr'><strong>εις</strong></span> 
     </span>
    </p>
   </div>
   <div class='ocr_carea' id='block_1_90' title="bbox 282 4682 710 4751">
    <p class='ocr_par' dir='ltr' id='par_1_90' title="bbox 282 4682 710 4751">
     <span class='ocr_line' id='line_1_90' title="bbox 282 4682 710 4751; baseline 0.002 -15"><span class='ocrx_word' id='word_1_682' title='bbox 282 4683 355 4736; x_wconf 84' lang='grc' dir='ltr'><strong>τὰ</strong></span> <span class='ocrx_word' id='word_1_683' title='bbox 385 4682 493 4740; x_wconf 82' lang='grc' dir='ltr'><strong>δύο</strong></span> <span class='ocrx_word' id='word_1_684' title='bbox 514 4682 666 4751; x_wconf 83' lang='grc' dir='ltr'><strong>μέρη</strong></span> <span class='ocrx_word' id='word_1_685' title='bbox 690 4702 710 4748; x_wconf 87' lang='lat'><strong><em>;</em></strong></span> 
     </span>
    </p>
   </div>
   <div class='ocr_carea' id='block_1_91' title="bbox 369 4774 1855 4847">
    <p class='ocr_par' dir='ltr' id='par_1_91' title="bbox 369 4774 1855 4847">
     <span class='ocr_line' id='line_1_91' title="bbox 369 4774 1855 4847; baseline 0.004 -19"><span class='ocrx_word' id='word_1_686' title='bbox 369 4774 738 4843; x_wconf 76' lang='grc' dir='ltr'><strong>Ἀπόκρισις.</strong></span> <span class='ocrx_word' id='word_1_687' title='bbox 779 4777 951 4830; x_wconf 84' lang='grc' dir='ltr'><strong>Ὅπου</strong></span> <span class='ocrx_word' id='word_1_688' title='bbox 996 4777 1107 4847; x_wconf 79' lang='grc' dir='ltr'><strong>ἔχει</strong></span> <span class='ocrx_word' id='word_1_689' title='bbox 1148 4780 1240 4832; x_wconf 80' lang='grc' dir='ltr'><strong>τὸν</strong></span> <span class='ocrx_word' id='word_1_690' title='bbox 1288 4781 1487 4833; x_wconf 86' lang='grc' dir='ltr'><strong>σκοπὸν</strong></span> <span class='ocrx_word' id='word_1_691' title='bbox 1517 4782 1545 4834; x_wconf 94' lang='lat'><strong>6</strong></span> <span class='ocrx_word' id='word_1_692' title='bbox 1584 4780 1725 4846; x_wconf 89' lang='grc' dir='ltr'><strong>νοῦς,</strong></span> <span class='ocrx_word' id='word_1_693' title='bbox 1762 4781 1855 4834; x_wconf 83' lang='grc' dir='ltr'><strong>καὶ</strong></span> 
     </span>
    </p>
   </div>
   <div class='ocr_carea' id='block_1_92' title="bbox 278 4866 1855 4943">
    <p class='ocr_par' dir='ltr' id='par_1_92' title="bbox 278 4866 1855 4943">
     <span class='ocr_line' id='line_1_92' title="bbox 278 4866 1855 4943; baseline 0.006 -26"><span class='ocrx_word' id='word_1_694' title='bbox 278 4866 415 4917; x_wconf 82' lang='grc' dir='ltr'><strong>ὅπου</strong></span> <span class='ocrx_word' id='word_1_695' title='bbox 437 4867 648 4938; x_wconf 76' lang='grc' dir='ltr'><strong>ἀγαπᾷ,</strong></span> <span class='ocrx_word' id='word_1_696' title='bbox 682 4868 800 4919; x_wconf 82' lang='grc' dir='ltr'><strong>ἐκεῖ</strong></span> <span class='ocrx_word' id='word_1_697' title='bbox 820 4872 1114 4940; x_wconf 85' lang='grc' dir='ltr'><strong>προχωρεῖ.</strong></span> <span class='ocrx_word' id='word_1_698' title='bbox 1146 4872 1323 4925; x_wconf 86' lang='grc' dir='ltr'><strong>Μόνον</strong></span> <span class='ocrx_word' id='word_1_699' title='bbox 1354 4874 1401 4925; x_wconf 85' lang='grc' dir='ltr'><strong>εί</strong></span> <span class='ocrx_word' id='word_1_700' title='bbox 1444 4874 1738 4943; x_wconf 84' lang='grc' dir='ltr'><strong>ἐπέρχεταί</strong></span> <span class='ocrx_word' id='word_1_701' title='bbox 1770 4892 1855 4927; x_wconf 86' lang='grc' dir='ltr'><strong>σοι</strong></span> 
     </span>
    </p>
   </div>
   <div class='ocr_carea' id='block_1_93' title="bbox 280 4954 1849 5035">
    <p class='ocr_par' dir='ltr' id='par_1_93' title="bbox 280 4954 1849 5035">
     <span class='ocr_line' id='line_1_93' title="bbox 280 4954 1849 5035; baseline 0.006 -27"><span class='ocrx_word' id='word_1_702' title='bbox 280 4954 465 5024; x_wconf 79' lang='grc' dir='ltr'><strong>θλίψις</strong></span> <span class='ocrx_word' id='word_1_703' title='bbox 502 4958 595 5009; x_wconf 80' lang='grc' dir='ltr'><strong>καὶ</strong></span> <span class='ocrx_word' id='word_1_704' title='bbox 628 4958 885 5028; x_wconf 86' lang='grc' dir='ltr'><strong>πόλεμος,</strong></span> <span class='ocrx_word' id='word_1_705' title='bbox 914 4961 1214 5028; x_wconf 76' lang='grc' dir='ltr'><strong>ἀντιλέγειν</strong></span> <span class='ocrx_word' id='word_1_706' title='bbox 1252 4964 1488 5032; x_wconf 81' lang='grc' dir='ltr'><strong>ὀφείλεις</strong></span> <span class='ocrx_word' id='word_1_707' title='bbox 1518 4966 1612 5017; x_wconf 76' lang='grc' dir='ltr'><strong>καὶ</strong></span> <span class='ocrx_word' id='word_1_708' title='bbox 1652 4969 1849 5035; x_wconf 83' lang='grc' dir='ltr'><strong>μισεῖν.</strong></span> 
     </span>
    </p>
   </div>
   <div class='ocr_carea' id='block_1_94' title="bbox 279 5049 1855 5121">
    <p class='ocr_par' dir='ltr' id='par_1_94' title="bbox 279 5049 1855 5121">
     <span class='ocr_line' id='line_1_94' title="bbox 279 5049 1855 5121; baseline 0.007 -20"><span class='ocrx_word' id='word_1_709' title='bbox 279 5049 355 5101; x_wconf 87' lang='grc' dir='ltr'><strong>Τὸ</strong></span> <span class='ocrx_word' id='word_1_710' title='bbox 389 5049 499 5118; x_wconf 76' lang='grc' dir='ltr'><strong>γὰρ</strong></span> <span class='ocrx_word' id='word_1_711' title='bbox 558 5050 735 5102; x_wconf 84' lang='grc' dir='ltr'><strong>ἐλθεῖν</strong></span> <span class='ocrx_word' id='word_1_712' title='bbox 774 5051 865 5103; x_wconf 90' lang='grc' dir='ltr'><strong>τὸν</strong></span> <span class='ocrx_word' id='word_1_713' title='bbox 920 5053 1177 5121; x_wconf 87' lang='grc' dir='ltr'><strong>πόλεμον,</strong></span> <span class='ocrx_word' id='word_1_714' title='bbox 1225 5057 1324 5107; x_wconf 86' lang='grc' dir='ltr'><strong>οὐκ</strong></span> <span class='ocrx_word' id='word_1_715' title='bbox 1373 5056 1487 5109; x_wconf 71' lang='grc' dir='ltr'><strong>ἐστι</strong></span> <span class='ocrx_word' id='word_1_716' title='bbox 1542 5058 1669 5109; x_wconf 82' lang='grc' dir='ltr'><strong>σόν’</strong></span> <span class='ocrx_word' id='word_1_717' title='bbox 1703 5059 1766 5111; x_wconf 88' lang='grc' dir='ltr'><strong>τὸ</strong></span> <span class='ocrx_word' id='word_1_718' title='bbox 1800 5060 1855 5112; x_wconf 84' lang='grc' dir='ltr'><strong>δὲ</strong></span> 
     </span>
    </p>
   </div>
   <div class='ocr_carea' id='block_1_95' title="bbox 284 5142 1853 5219">
    <p class='ocr_par' dir='ltr' id='par_1_95' title="bbox 284 5142 1853 5219">
     <span class='ocr_line' id='line_1_95' title="bbox 284 5142 1853 5219; baseline 0.007 -29"><span class='ocrx_word' id='word_1_719' title='bbox 284 5142 537 5209; x_wconf 79' lang='grc' dir='ltr'><strong>μισῆσαι,</strong></span> <span class='ocrx_word' id='word_1_720' title='bbox 580 5142 669 5193; x_wconf 91' lang='grc' dir='ltr'><strong>σόν</strong></span> <span class='ocrx_word' id='word_1_721' title='bbox 705 5143 821 5194; x_wconf 80' lang='grc' dir='ltr'><strong>ἐστι</strong></span> <span class='ocrx_word' id='word_1_722' title='bbox 850 5159 863 5173; x_wconf 89' lang='grc'><strong>·</strong></span> <span class='ocrx_word' id='word_1_723' title='bbox 912 5145 1008 5197; x_wconf 83' lang='grc' dir='ltr'><strong>καὶ</strong></span> <span class='ocrx_word' id='word_1_724' title='bbox 1052 5144 1174 5197; x_wconf 88' lang='grc' dir='ltr'><strong>τότε</strong></span> <span class='ocrx_word' id='word_1_725' title='bbox 1226 5146 1438 5215; x_wconf 85' lang='grc' dir='ltr'><strong>βλέπων</strong></span> <span class='ocrx_word' id='word_1_726' title='bbox 1470 5150 1498 5201; x_wconf 95' lang='grc' dir='ltr'><strong>ὀ</strong></span> <span class='ocrx_word' id='word_1_727' title='bbox 1532 5149 1736 5219; x_wconf 85' lang='grc' dir='ltr'><strong>Κύριος</strong></span> <span class='ocrx_word' id='word_1_728' title='bbox 1762 5150 1853 5201; x_wconf 87' lang='grc' dir='ltr'><strong>τὸν</strong></span> 
     </span>
    </p>
   </div>
   <div class='ocr_carea' id='block_1_96' title="bbox 278 5231 1850 5309">
    <p class='ocr_par' dir='ltr' id='par_1_96' title="bbox 278 5231 1850 5309">
     <span class='ocr_line' id='line_1_96' title="bbox 278 5231 1850 5309; baseline 0.006 -28"><span class='ocrx_word' id='word_1_729' title='bbox 278 5231 407 5282; x_wconf 79' lang='grc' dir='ltr'><strong>νοῦν</strong></span> <span class='ocrx_word' id='word_1_730' title='bbox 460 5248 577 5296; x_wconf 90' lang='grc' dir='ltr'><strong>σου,</strong></span> <span class='ocrx_word' id='word_1_731' title='bbox 611 5234 972 5305; x_wconf 76' lang='grc' dir='ltr'><strong>ὅτιάγωνίζῃ,</strong></span> <span class='ocrx_word' id='word_1_732' title='bbox 1020 5235 1115 5286; x_wconf 77' lang='grc' dir='ltr'><strong>καὶ</strong></span> <span class='ocrx_word' id='word_1_733' title='bbox 1160 5237 1381 5307; x_wconf 85' lang='grc' dir='ltr'><strong>ἀγαπᾷς</strong></span> <span class='ocrx_word' id='word_1_734' title='bbox 1434 5239 1595 5291; x_wconf 82' lang='grc' dir='ltr'><strong>αὑτὸν</strong></span> <span class='ocrx_word' id='word_1_735' title='bbox 1626 5239 1684 5303; x_wconf 82' lang='grc' dir='ltr'><strong>ἐξ</strong></span> <span class='ocrx_word' id='word_1_736' title='bbox 1722 5240 1850 5309; x_wconf 82' lang='grc' dir='ltr'><strong>ὅλης</strong></span> 
     </span>
    </p>
   </div>
   <div class='ocr_carea' id='block_1_97' title="bbox 278 5321 1853 5399">
    <p class='ocr_par' dir='ltr' id='par_1_97' title="bbox 278 5321 1853 5399">
     <span class='ocr_line' id='line_1_97' title="bbox 278 5321 1853 5399; baseline 0.005 -25"><span class='ocrx_word' id='word_1_737' title='bbox 278 5321 484 5392; x_wconf 62' lang='grc' dir='ltr'><strong>ψυχῆς,</strong></span> <span class='ocrx_word' id='word_1_738' title='bbox 516 5322 831 5395; x_wconf 76' lang='grc' dir='ltr'><strong>διαχωρίζει</strong></span> <span class='ocrx_word' id='word_1_739' title='bbox 889 5325 979 5378; x_wconf 84' lang='grc' dir='ltr'><strong>τὸν</strong></span> <span class='ocrx_word' id='word_1_740' title='bbox 1017 5324 1242 5379; x_wconf 82' lang='grc' dir='ltr'><strong>Θάνατον</strong></span> <span class='ocrx_word' id='word_1_741' title='bbox 1306 5330 1369 5380; x_wconf 87' lang='grc' dir='ltr'><strong>ἐκ</strong></span> <span class='ocrx_word' id='word_1_742' title='bbox 1421 5330 1518 5397; x_wconf 84' lang='grc' dir='ltr'><strong>τῆς</strong></span> <span class='ocrx_word' id='word_1_743' title='bbox 1548 5329 1727 5399; x_wconf 77' lang='grc' dir='ltr'><strong>ψυχῆς</strong></span> <span class='ocrx_word' id='word_1_744' title='bbox 1761 5347 1853 5383; x_wconf 82' lang='grc' dir='ltr'><strong>σου</strong></span> 
     </span>
    </p>
   </div>
   <div class='ocr_carea' id='block_1_98' title="bbox 282 5413 1853 5491">
    <p class='ocr_par' dir='ltr' id='par_1_98' title="bbox 282 5413 1853 5491">
     <span class='ocr_line' id='line_1_98' title="bbox 282 5413 1853 5491; baseline 0.006 -26"><span class='ocrx_word' id='word_1_745' title='bbox 282 5415 382 5484; x_wconf 79' lang='grc' dir='ltr'><strong>μιᾷ</strong></span> <span class='ocrx_word' id='word_1_746' title='bbox 411 5413 533 5487; x_wconf 80' lang='grc' dir='ltr'><strong>ὥρᾳ</strong></span> <span class='ocrx_word' id='word_1_747' title='bbox 558 5432 573 5447; x_wconf 75' lang='grc' dir='ltr'><strong>ο</strong></span> <span class='ocrx_word' id='word_1_748' title='bbox 609 5417 710 5469; x_wconf 84' lang='grc' dir='ltr'><strong>οὐκ</strong></span> <span class='ocrx_word' id='word_1_749' title='bbox 740 5416 853 5469; x_wconf 75' lang='grc' dir='ltr'><strong>ἐστι</strong></span> <span class='ocrx_word' id='word_1_750' title='bbox 899 5419 1007 5489; x_wconf 83' lang='grc' dir='ltr'><strong>γὰρ</strong></span> <span class='ocrx_word' id='word_1_751' title='bbox 1038 5419 1188 5488; x_wconf 85' lang='grc' dir='ltr'><strong>αὐτῷ</strong></span> <span class='ocrx_word' id='word_1_752' title='bbox 1216 5420 1474 5489; x_wconf 88' lang='grc' dir='ltr'><strong>δυσχερές</strong></span> <span class='ocrx_word' id='word_1_753' title='bbox 1501 5437 1513 5450; x_wconf 90' lang='grc'><strong>·</strong></span> <span class='ocrx_word' id='word_1_754' title='bbox 1554 5423 1647 5473; x_wconf 71' lang='grc' dir='ltr'><strong>καὶ</strong></span> <span class='ocrx_word' id='word_1_755' title='bbox 1684 5438 1853 5491; x_wconf 79' lang='grc' dir='ltr'><strong>προσο</strong></span> 
     </span>
    </p>
   </div>
   <div class='ocr_carea' id='block_1_99' title="bbox 280 5505 1856 5576">
    <p class='ocr_par' dir='ltr' id='par_1_99' title="bbox 280 5505 1856 5576">
     <span class='ocr_line' id='line_1_99' title="bbox 280 5505 1856 5576; baseline 0.007 -22"><span class='ocrx_word' id='word_1_756' title='bbox 280 5505 621 5573; x_wconf 75' lang='grc' dir='ltr'><strong>ὶαμὸάνεταί</strong></span> <span class='ocrx_word' id='word_1_757' title='bbox 670 5526 729 5562; x_wconf 88' lang='grc' dir='ltr'><strong>σε</strong></span> <span class='ocrx_word' id='word_1_758' title='bbox 774 5511 854 5571; x_wconf 87' lang='grc' dir='ltr'><strong>εἰς</strong></span> <span class='ocrx_word' id='word_1_759' title='bbox 888 5510 1012 5573; x_wconf 84' lang='grc' dir='ltr'><strong>τοὺς</strong></span> <span class='ocrx_word' id='word_1_760' title='bbox 1067 5512 1302 5573; x_wconf 85' lang='grc' dir='ltr'><strong>κόλπους</strong></span> <span class='ocrx_word' id='word_1_761' title='bbox 1334 5513 1521 5576; x_wconf 77' lang='grc' dir='ltr'><strong>αὑτοῦ,</strong></span> <span class='ocrx_word' id='word_1_762' title='bbox 1551 5514 1647 5566; x_wconf 76' lang='grc' dir='ltr'><strong>καὶ</strong></span> <span class='ocrx_word' id='word_1_763' title='bbox 1677 5514 1754 5575; x_wconf 78' lang='grc' dir='ltr'><strong>είς</strong></span> <span class='ocrx_word' id='word_1_764' title='bbox 1796 5514 1856 5565; x_wconf 88' lang='grc' dir='ltr'><strong>τὸ</strong></span> 
     </span>
    </p>
   </div>
   <div class='ocr_carea' id='block_1_100' title="bbox 278 5595 1857 5673">
    <p class='ocr_par' dir='ltr' id='par_1_100' title="bbox 278 5595 1857 5673">
     <span class='ocr_line' id='line_1_100' title="bbox 278 5595 1857 5673; baseline 0.005 -24"><span class='ocrx_word' id='word_1_765' title='bbox 278 5595 395 5664; x_wconf 76' lang='grc' dir='ltr'><strong>φώς</strong></span> <span class='ocrx_word' id='word_1_766' title='bbox 422 5614 436 5625; x_wconf 86' lang='grc'><strong>·</strong></span> <span class='ocrx_word' id='word_1_767' title='bbox 475 5597 712 5667; x_wconf 77' lang='grc' dir='ltr'><strong>ἁρπάζει</strong></span> <span class='ocrx_word' id='word_1_768' title='bbox 764 5600 872 5669; x_wconf 86' lang='grc' dir='ltr'><strong>γάρ</strong></span> <span class='ocrx_word' id='word_1_769' title='bbox 901 5616 958 5651; x_wconf 88' lang='grc' dir='ltr'><strong>σε</strong></span> <span class='ocrx_word' id='word_1_770' title='bbox 986 5602 1043 5652; x_wconf 83' lang='grc' dir='ltr'><strong>ἐν</strong></span> <span class='ocrx_word' id='word_1_771' title='bbox 1071 5603 1211 5670; x_wconf 72' lang='grc' dir='ltr'><strong>ῥοπῇ</strong></span> <span class='ocrx_word' id='word_1_772' title='bbox 1243 5601 1391 5670; x_wconf 83' lang='grc' dir='ltr'><strong>ὧρας</strong></span> <span class='ocrx_word' id='word_1_773' title='bbox 1442 5605 1506 5655; x_wconf 80' lang='grc' dir='ltr'><strong>ἐκ</strong></span> <span class='ocrx_word' id='word_1_774' title='bbox 1532 5603 1624 5655; x_wconf 82' lang='grc' dir='ltr'><strong>τοῦ</strong></span> <span class='ocrx_word' id='word_1_775' title='bbox 1655 5604 1857 5673; x_wconf 81' lang='grc' dir='ltr'><strong>στόμα-</strong></span> 
     </span>
    </p>
   </div>
   <div class='ocr_carea' id='block_1_101' title="bbox 355 5777 1446 5847">
    <p class='ocr_par' dir='ltr' id='par_1_101' title="bbox 355 5777 1446 5847">
     <span class='ocr_line' id='line_1_101' title="bbox 355 5777 1446 5847; baseline 0.005 -16"><span class='ocrx_word' id='word_1_776' title='bbox 355 5778 399 5808; x_wconf 80' lang='lat'><strong>&quot;</strong></span> <span class='ocrx_word' id='word_1_777' title='bbox 434 5777 452 5831; x_wconf 85' lang='grc' dir='ltr'><strong>Ι</strong></span> <span class='ocrx_word' id='word_1_778' title='bbox 491 5777 614 5833; x_wconf 86' lang='lat' dir='ltr'><strong>Cor.</strong></span> <span class='ocrx_word' id='word_1_779' title='bbox 656 5794 766 5844; x_wconf 72' lang='lat' dir='ltr'><strong>xm,</strong></span> <span class='ocrx_word' id='word_1_780' title='bbox 810 5796 845 5833; x_wconf 86' lang='grc' dir='ltr'><strong>ι.</strong></span> <span class='ocrx_word' id='word_1_781' title='bbox 925 5782 968 5812; x_wconf 77' lang='grc' dir='ltr'><strong>⁸ο</strong></span> <span class='ocrx_word' id='word_1_782' title='bbox 1004 5780 1212 5837; x_wconf 82' lang='lat' dir='ltr'><strong>Coloss.</strong></span> <span class='ocrx_word' id='word_1_783' title='bbox 1240 5800 1316 5847; x_wconf 90' lang='grc' dir='ltr'><strong>ιιι,</strong></span> <span class='ocrx_word' id='word_1_784' title='bbox 1365 5783 1446 5837; x_wconf 64' lang='lat' dir='ltr'><strong>ll.</strong></span> 
     </span>
    </p>
   </div>
   <div class='ocr_carea' id='block_1_102' title="bbox 1963 4591 3077 4662">
    <p class='ocr_par' dir='ltr' id='par_1_102' title="bbox 1963 4591 3077 4662">
     <span class='ocr_line' id='line_1_102' title="bbox 1963 4591 3077 4662; baseline 0.006 -18"><span class='ocrx_word' id='word_1_785' title='bbox 1963 4591 2151 4662; x_wconf 86' lang='lat' dir='ltr'><strong>pergit,</strong></span> <span class='ocrx_word' id='word_1_786' title='bbox 2213 4611 2245 4646; x_wconf 91' lang='lat' dir='ltr'><strong>a</strong></span> <span class='ocrx_word' id='word_1_787' title='bbox 2274 4594 2475 4647; x_wconf 85' lang='lat' dir='ltr'><strong>duabus</strong></span> <span class='ocrx_word' id='word_1_788' title='bbox 2507 4597 2739 4658; x_wconf 86' lang='lat' dir='ltr'><strong>partibus</strong></span> <span class='ocrx_word' id='word_1_789' title='bbox 2795 4598 3077 4653; x_wconf 81' lang='lat' dir='ltr'><strong>detentus?</strong></span> 
     </span>
    </p>
   </div>
   <div class='ocr_carea' id='block_1_103' title="bbox 2037 4779 3539 4850">
    <p class='ocr_par' dir='ltr' id='par_1_103' title="bbox 2037 4779 3539 4850">
     <span class='ocr_line' id='line_1_103' title="bbox 2037 4779 3539 4850; baseline 0.01 -17"><span class='ocrx_word' id='word_1_790' title='bbox 2037 4779 2339 4850; x_wconf 84' lang='lat' dir='ltr'><strong>Responsio.</strong></span> <span class='ocrx_word' id='word_1_791' title='bbox 2384 4782 2535 4846; x_wconf 86' lang='lat' dir='ltr'><strong>Illuc,</strong></span> <span class='ocrx_word' id='word_1_792' title='bbox 2585 4783 2682 4838; x_wconf 90' lang='lat' dir='ltr'><strong>ubi</strong></span> <span class='ocrx_word' id='word_1_793' title='bbox 2732 4784 3097 4841; x_wconf 88' lang='lat' dir='ltr'><strong>intentionem</strong></span> <span class='ocrx_word' id='word_1_794' title='bbox 3157 4806 3312 4844; x_wconf 87' lang='lat' dir='ltr'><strong>suam</strong></span> <span class='ocrx_word' id='word_1_795' title='bbox 3375 4792 3539 4849; x_wconf 80' lang='lat' dir='ltr'><strong>habet</strong></span> 
     </span>
    </p>
   </div>
   <div class='ocr_carea' id='block_1_104' title="bbox 1959 4872 3538 4946">
    <p class='ocr_par' dir='ltr' id='par_1_104' title="bbox 1959 4872 3538 4946">
     <span class='ocr_line' id='line_1_104' title="bbox 1959 4872 3538 4946; baseline 0.007 -19"><span class='ocrx_word' id='word_1_796' title='bbox 1959 4872 2197 4937; x_wconf 85' lang='lat' dir='ltr'><strong>animus,</strong></span> <span class='ocrx_word' id='word_1_797' title='bbox 2221 4883 2278 4927; x_wconf 90' lang='lat' dir='ltr'><strong>et</strong></span> <span class='ocrx_word' id='word_1_798' title='bbox 2298 4874 2391 4927; x_wconf 92' lang='lat' dir='ltr'><strong>ubi</strong></span> <span class='ocrx_word' id='word_1_799' title='bbox 2426 4873 2623 4943; x_wconf 79' lang='lat' dir='ltr'><strong>diligit,</strong></span> <span class='ocrx_word' id='word_1_800' title='bbox 2661 4876 2813 4941; x_wconf 92' lang='lat' dir='ltr'><strong>illuc,</strong></span> <span class='ocrx_word' id='word_1_801' title='bbox 2845 4877 3538 4946; x_wconf 86' lang='lat' dir='ltr'><strong>iuquam,tendit.Solum-</strong></span> 
     </span>
    </p>
   </div>
   <div class='ocr_carea' id='block_1_105' title="bbox 1966 4965 3539 5037">
    <p class='ocr_par' dir='ltr' id='par_1_105' title="bbox 1966 4965 3539 5037">
     <span class='ocr_line' id='line_1_105' title="bbox 1966 4965 3539 5037; baseline 0.008 -19"><span class='ocrx_word' id='word_1_802' title='bbox 1966 4965 2149 5030; x_wconf 91' lang='lat' dir='ltr'><strong>modo,</strong></span> <span class='ocrx_word' id='word_1_803' title='bbox 2182 4965 2228 5019; x_wconf 91' lang='lat' dir='ltr'><strong>si</strong></span> <span class='ocrx_word' id='word_1_804' title='bbox 2268 4968 2488 5036; x_wconf 81' lang='lat' dir='ltr'><strong>ingruat</strong></span> <span class='ocrx_word' id='word_1_805' title='bbox 2517 4967 2735 5022; x_wconf 81' lang='lat' dir='ltr'><strong>alllictio</strong></span> <span class='ocrx_word' id='word_1_806' title='bbox 2770 4979 2865 5022; x_wconf 88' lang='lat' dir='ltr'><strong>aut</strong></span> <span class='ocrx_word' id='word_1_807' title='bbox 2894 4970 3119 5037; x_wconf 90' lang='lat' dir='ltr'><strong>bellum,</strong></span> <span class='ocrx_word' id='word_1_808' title='bbox 3158 4975 3539 5030; x_wconf 87' lang='lat' dir='ltr'><strong>contradicere</strong></span> 
     </span>
    </p>
   </div>
   <div class='ocr_carea' id='block_1_106' title="bbox 1966 5057 3536 5133">
    <p class='ocr_par' dir='ltr' id='par_1_106' title="bbox 1966 5057 3536 5133">
     <span class='ocr_line' id='line_1_106' title="bbox 1966 5057 3536 5133; baseline 0.006 -21"><span class='ocrx_word' id='word_1_809' title='bbox 1966 5057 2157 5119; x_wconf 84' lang='lat' dir='ltr'><strong>debes,</strong></span> <span class='ocrx_word' id='word_1_810' title='bbox 2187 5073 2249 5111; x_wconf 88' lang='lat' dir='ltr'><strong>ac</strong></span> <span class='ocrx_word' id='word_1_811' title='bbox 2284 5058 2411 5112; x_wconf 91' lang='lat' dir='ltr'><strong>odio</strong></span> <span class='ocrx_word' id='word_1_812' title='bbox 2445 5061 2723 5129; x_wconf 87' lang='lat' dir='ltr'><strong>prosequi.</strong></span> <span class='ocrx_word' id='word_1_813' title='bbox 2771 5062 2839 5116; x_wconf 91' lang='lat' dir='ltr'><strong>Ut</strong></span> <span class='ocrx_word' id='word_1_814' title='bbox 2881 5063 3029 5114; x_wconf 90' lang='lat' dir='ltr'><strong>enim</strong></span> <span class='ocrx_word' id='word_1_815' title='bbox 3062 5063 3281 5133; x_wconf 78' lang='lat' dir='ltr'><strong>ingruat</strong></span> <span class='ocrx_word' id='word_1_816' title='bbox 3308 5065 3536 5132; x_wconf 91' lang='lat' dir='ltr'><strong>bellum,</strong></span> 
     </span>
    </p>
   </div>
   <div class='ocr_carea' id='block_1_107' title="bbox 1967 5151 3540 5217">
    <p class='ocr_par' dir='ltr' id='par_1_107' title="bbox 1967 5151 3540 5217">
     <span class='ocr_line' id='line_1_107' title="bbox 1967 5151 3540 5217; baseline 0.006 -14"><span class='ocrx_word' id='word_1_817' title='bbox 1967 5159 2121 5203; x_wconf 89' lang='lat' dir='ltr'><strong>tuum</strong></span> <span class='ocrx_word' id='word_1_818' title='bbox 2155 5166 2266 5203; x_wconf 90' lang='lat' dir='ltr'><strong>non</strong></span> <span class='ocrx_word' id='word_1_819' title='bbox 2294 5161 2404 5215; x_wconf 91' lang='lat' dir='ltr'><strong>est;</strong></span> <span class='ocrx_word' id='word_1_820' title='bbox 2438 5151 2620 5205; x_wconf 88' lang='lat' dir='ltr'><strong>odisse</strong></span> <span class='ocrx_word' id='word_1_821' title='bbox 2652 5161 2853 5217; x_wconf 86' lang='lat' dir='ltr'><strong>tamen,</strong></span> <span class='ocrx_word' id='word_1_822' title='bbox 2880 5162 3034 5207; x_wconf 92' lang='lat' dir='ltr'><strong>tuum</strong></span> <span class='ocrx_word' id='word_1_823' title='bbox 3066 5165 3167 5209; x_wconf 90' lang='lat' dir='ltr'><strong>est.</strong></span> <span class='ocrx_word' id='word_1_824' title='bbox 3188 5157 3266 5211; x_wconf 79' lang='lat' dir='ltr'><strong>Ac</strong></span> <span class='ocrx_word' id='word_1_825' title='bbox 3292 5167 3406 5210; x_wconf 87' lang='lat' dir='ltr'><strong>tum</strong></span> <span class='ocrx_word' id='word_1_826' title='bbox 3434 5158 3540 5212; x_wconf 85' lang='lat' dir='ltr'><strong>Do-</strong></span> 
     </span>
    </p>
   </div>
   <div class='ocr_carea' id='block_1_108' title="bbox 1966 5242 3540 5317">
    <p class='ocr_par' dir='ltr' id='par_1_108' title="bbox 1966 5242 3540 5317">
     <span class='ocr_line' id='line_1_108' title="bbox 1966 5242 3540 5317; baseline 0.006 -25"><span class='ocrx_word' id='word_1_827' title='bbox 1966 5242 2170 5305; x_wconf 90' lang='lat' dir='ltr'><strong>minus,</strong></span> <span class='ocrx_word' id='word_1_828' title='bbox 2186 5250 2480 5310; x_wconf 89' lang='lat' dir='ltr'><strong>conspecto</strong></span> <span class='ocrx_word' id='word_1_829' title='bbox 2507 5242 2689 5296; x_wconf 89' lang='lat' dir='ltr'><strong>animo</strong></span> <span class='ocrx_word' id='word_1_830' title='bbox 2710 5250 2824 5310; x_wconf 90' lang='lat' dir='ltr'><strong>tuo,</strong></span> <span class='ocrx_word' id='word_1_831' title='bbox 2845 5246 2993 5313; x_wconf 90' lang='lat' dir='ltr'><strong>quod</strong></span> <span class='ocrx_word' id='word_1_832' title='bbox 3012 5246 3245 5301; x_wconf 89' lang='lat' dir='ltr'><strong>dimices</strong></span> <span class='ocrx_word' id='word_1_833' title='bbox 3263 5263 3325 5300; x_wconf 88' lang='lat' dir='ltr'><strong>ac</strong></span> <span class='ocrx_word' id='word_1_834' title='bbox 3344 5247 3540 5317; x_wconf 84' lang='lat' dir='ltr'><strong>diligas</strong></span> 
     </span>
    </p>
   </div>
   <div class='ocr_carea' id='block_1_109' title="bbox 1964 5334 3537 5404">
    <p class='ocr_par' dir='ltr' id='par_1_109' title="bbox 1964 5334 3537 5404">
     <span class='ocr_line' id='line_1_109' title="bbox 1964 5334 3537 5404; baseline 0.003 -18"><span class='ocrx_word' id='word_1_835' title='bbox 1964 5348 2091 5386; x_wconf 87' lang='lat' dir='ltr'><strong>eum</strong></span> <span class='ocrx_word' id='word_1_836' title='bbox 2124 5348 2186 5386; x_wconf 80' lang='lat' dir='ltr'><strong>ex</strong></span> <span class='ocrx_word' id='word_1_837' title='bbox 2236 5342 2347 5386; x_wconf 88' lang='lat' dir='ltr'><strong>tota</strong></span> <span class='ocrx_word' id='word_1_838' title='bbox 2403 5334 2606 5397; x_wconf 86' lang='lat' dir='ltr'><strong>anima,</strong></span> <span class='ocrx_word' id='word_1_839' title='bbox 2662 5344 2909 5404; x_wconf 76' lang='lat' dir='ltr'><strong>segregat</strong></span> <span class='ocrx_word' id='word_1_840' title='bbox 2972 5346 3204 5391; x_wconf 91' lang='lat' dir='ltr'><strong>mortem</strong></span> <span class='ocrx_word' id='word_1_841' title='bbox 3252 5337 3323 5390; x_wconf 88' lang='lat' dir='ltr'><strong>ab</strong></span> <span class='ocrx_word' id='word_1_842' title='bbox 3354 5339 3537 5392; x_wconf 89' lang='lat' dir='ltr'><strong>anima</strong></span> 
     </span>
    </p>
   </div>
   <div class='ocr_carea' id='block_1_110' title="bbox 1965 5424 3538 5499">
    <p class='ocr_par' dir='ltr' id='par_1_110' title="bbox 1965 5424 3538 5499">
     <span class='ocr_line' id='line_1_110' title="bbox 1965 5424 3538 5499; baseline 0.003 -23"><span class='ocrx_word' id='word_1_843' title='bbox 1965 5432 2057 5477; x_wconf 92' lang='lat' dir='ltr'><strong>tua</strong></span> <span class='ocrx_word' id='word_1_844' title='bbox 2086 5424 2217 5477; x_wconf 86' lang='lat' dir='ltr'><strong>hora</strong></span> <span class='ocrx_word' id='word_1_845' title='bbox 2247 5424 2404 5493; x_wconf 79' lang='lat'><strong>100</strong></span> <span class='ocrx_word' id='word_1_846' title='bbox 2435 5440 2576 5489; x_wconf 90' lang='lat' dir='ltr'><strong>una;</strong></span> <span class='ocrx_word' id='word_1_847' title='bbox 2617 5426 2748 5493; x_wconf 90' lang='lat' dir='ltr'><strong>(non</strong></span> <span class='ocrx_word' id='word_1_848' title='bbox 2773 5426 2919 5480; x_wconf 89' lang='lat' dir='ltr'><strong>enim</strong></span> <span class='ocrx_word' id='word_1_849' title='bbox 2933 5435 3016 5481; x_wconf 90' lang='lat' dir='ltr'><strong>est</strong></span> <span class='ocrx_word' id='word_1_850' title='bbox 3045 5428 3096 5481; x_wconf 91' lang='lat' dir='ltr'><strong>ei</strong></span> <span class='ocrx_word' id='word_1_851' title='bbox 3130 5428 3235 5482; x_wconf 92' lang='lat' dir='ltr'><strong>hoc</strong></span> <span class='ocrx_word' id='word_1_852' title='bbox 3270 5428 3538 5499; x_wconf 81' lang='lat' dir='ltr'><strong>dillicile),</strong></span> 
     </span>
    </p>
   </div>
   <div class='ocr_carea' id='block_1_111' title="bbox 1964 5516 3540 5590">
    <p class='ocr_par' dir='ltr' id='par_1_111' title="bbox 1964 5516 3540 5590">
     <span class='ocr_line' id='line_1_111' title="bbox 1964 5516 3540 5590; baseline 0.003 -20"><span class='ocrx_word' id='word_1_853' title='bbox 1964 5527 2021 5570; x_wconf 90' lang='lat' dir='ltr'><strong>et</strong></span> <span class='ocrx_word' id='word_1_854' title='bbox 2051 5516 2281 5571; x_wconf 86' lang='lat' dir='ltr'><strong>assumit</strong></span> <span class='ocrx_word' id='word_1_855' title='bbox 2312 5526 2363 5571; x_wconf 91' lang='lat' dir='ltr'><strong>te</strong></span> <span class='ocrx_word' id='word_1_856' title='bbox 2387 5518 2441 5570; x_wconf 90' lang='lat' dir='ltr'><strong>in</strong></span> <span class='ocrx_word' id='word_1_857' title='bbox 2480 5518 2660 5571; x_wconf 91' lang='lat' dir='ltr'><strong>sinum</strong></span> <span class='ocrx_word' id='word_1_858' title='bbox 2688 5533 2847 5571; x_wconf 89' lang='lat' dir='ltr'><strong>suum</strong></span> <span class='ocrx_word' id='word_1_859' title='bbox 2898 5534 2962 5572; x_wconf 91' lang='lat' dir='ltr'><strong>ac</strong></span> <span class='ocrx_word' id='word_1_860' title='bbox 3015 5520 3215 5574; x_wconf 89' lang='lat' dir='ltr'><strong>lucem.</strong></span> <span class='ocrx_word' id='word_1_861' title='bbox 3275 5520 3451 5590; x_wconf 85' lang='lat' dir='ltr'><strong>Eripit</strong></span> <span class='ocrx_word' id='word_1_862' title='bbox 3488 5528 3540 5575; x_wconf 79' lang='lat' dir='ltr'><strong>te</strong></span> 
     </span>
    </p>
   </div>
   <div class='ocr_carea' id='block_1_112' title="bbox 1964 5608 3542 5677">
    <p class='ocr_par' dir='ltr' id='par_1_112' title="bbox 1964 5608 3542 5677">
     <span class='ocr_line' id='line_1_112' title="bbox 1964 5608 3542 5677; baseline 0.003 -16"><span class='ocrx_word' id='word_1_863' title='bbox 1964 5616 2244 5662; x_wconf 89' lang='lat' dir='ltr'><strong>momento</strong></span> <span class='ocrx_word' id='word_1_864' title='bbox 2277 5608 2424 5663; x_wconf 68' lang='lat' dir='ltr'><strong>horae</strong></span> <span class='ocrx_word' id='word_1_865' title='bbox 2471 5608 2775 5663; x_wconf 83' lang='lat' dir='ltr'><strong>efaucibus</strong></span> <span class='ocrx_word' id='word_1_866' title='bbox 2825 5610 3199 5677; x_wconf 80' lang='lat' dir='ltr'><strong>tenebrarum,</strong></span> <span class='ocrx_word' id='word_1_867' title='bbox 3257 5626 3324 5667; x_wconf 88' lang='lat' dir='ltr'><strong>ac</strong></span> <span class='ocrx_word' id='word_1_868' title='bbox 3357 5612 3542 5668; x_wconf 69' lang='lat' dir='ltr'><strong>confe-</strong></span> 
     </span>
    </p>
   </div>
  </div>
