4282 6364
752 404 857 472 687

1999 409 2057 468 S.
2101 409 2420 469 MACARII
2460 412 2784 508 ΛΞΟΥΡΤΙΙ

3902 414 4017 480 688

755 523 883 576 stim
912 515 1172 573 transfert
1199 523 1250 571 te
1293 514 1348 569 in
1377 529 1604 585 regnum
1634 528 1816 568 suum.
1854 515 1966 570 Deo
1996 516 2144 571 cnim
2185 518 2336 572 hom
2362 520 2407 579 Α
2436 538 2446 552 ι

2329 536 2336 570 ι
2362 520 2407 579 Α
2436 538 2525 584 τος
2557 523 2650 577 τοῦ
2678 524 2941 591 σκότους,
2997 525 3091 577 καὶ
3126 525 3330 588 εὐθέως
3368 526 3690 596 μετατίθησί
3720 543 3779 579 σε
3806 528 3887 591 είς
3915 528 4020 599 τὴν

755 618 1035 665 momento
1070 607 1254 663 omnia
1292 619 1580 675 peragere,
1614 603 1773 659 facile
1803 614 1907 670 est,
1946 607 2109 661 modo
2143 623 2331 662 amore

751 702 803 757 ei
834 700 937 755 soli
966 699 1256 754 devinctus
1286 697 1382 751 sis.
1408 696 1543 750 Nam
1599 696 1743 750 Deus
1796 696 2001 766 indiget
2034 713 2202 767 opera
2225 699 2331 753 hu-

752 808 937 859 mana,
972 793 1100 862 quia
1119 790 1266 845 socia
1290 788 1595 843 divinitatis
1620 797 1704 843 est
1733 788 1933 842 anima.

823 1050 962 1106 XIX.
996 1050 1063 1105 Et
1085 1060 1146 1105 ut
1176 1064 1319 1120 saepe
1352 1050 1591 1104 diximus
1644 1048 1957 1118 parabolam
1987 1048 2187 1113 coloni,
2236 1046 2334 1118 qui

752 1143 983 1207 laborat,
1014 1158 1077 1197 ac
1110 1156 1297 1196 semen
1341 1152 1501 1195 terra}
1524 1138 1845 1204 committit;
1885 1139 2048 1194 debet
2094 1140 2333 1209 desuper

752 1234 1005 1303 accipere
1033 1232 1307 1303 pluviam:
1341 1231 1449 1285 nisi
1482 1230 1629 1285 enim
1678 1231 1853 1285 nubes
1887 1232 2235 1295 emerserint,
2266 1248 2331 1287 ac

749 1323 897 1376 venti
933 1321 1203 1387 ﬂaverint,
1229 1322 1363 1376 nihil
1386 1322 1543 1393 juvat
1597 1320 1752 1375 labor
1780 1322 2061 1391 agricolae;
2123 1323 2328 1377 nudum

751 1428 939 1467 semen
983 1412 1130 1467 enim
1172 1412 1457 1483 subjacet:
1512 1413 1615 1468 hoc
1666 1412 1902 1467 transfer
1942 1414 2009 1467 ad
2041 1430 2129 1468 res
2170 1416 2330 1484 spiri-

752 1503 951 1559 tuales.
1017 1503 1073 1559 Si
1145 1519 1242 1557 sua
1307 1504 1485 1559 solum
1538 1504 1593 1557 in
1640 1505 1961 1573 operatione
2013 1514 2330 1575 perseveret

752 1595 939 1659 homo,
970 1608 1075 1647 nec
1100 1593 1363 1662 suscipiat
1405 1593 1706 1663 quidquam
1734 1610 1763 1648 a
1794 1605 1989 1649 natura
2021 1611 2117 1650 sua
2145 1605 2328 1651 extra-

749 1700 939 1749 neum,
968 1700 1077 1738 non
1112 1694 1295 1754 potest
1330 1684 1545 1739 fructus
1572 1685 1765 1755 dignos
1807 1686 2040 1739 Domino
2073 1686 2324 1741 reddere.

750 1775 895 1839 Quid
942 1791 1071 1845 ergo
1122 1785 1206 1830 est
1254 1776 1497 1829 hominis
1552 1776 1840 1845 operatio?
1899 1776 2324 1845 Abrcnuntiare,

749 1866 936 1936 egredi
986 1883 1052 1921 ex
1108 1867 1211 1920 hoc
1270 1867 1493 1931 mundo,
1551 1882 1906 1935 perseverare
1952 1868 2007 1921 in
2059 1869 2326 1934 oratione,
2363 1867 2403 1921 Β

749 1959 1000 2027 vigilare,
1032 1958 1259 2027 diligere
1299 1958 1470 2011 Deum
1521 1972 1585 2011 ac
1631 1957 1865 2011 fratres:
1896 1959 2000 2012 hoc
2041 1960 2323 2029 proprium

749 2058 834 2103 est
884 2051 1003 2119 ejus
1031 2048 1322 2103 sustinere.
1371 2047 1424 2103 Si
1454 2064 1584 2103 vero
1638 2063 1736 2102 sua
1768 2048 1944 2103 solum
2003 2051 2324 2119 operatione

749 2149 1038 2195 contentus
1098 2140 1190 2205 sit,
1248 2155 1351 2194 nec
1380 2154 1532 2209 spem
1593 2140 1773 2194 foveat
1824 2140 1971 2193 aliud
2038 2142 2322 2211 quidpiam

749 2230 1119 2300 suscipiendi,
1178 2245 1357 2299 neque
1382 2230 1528 2284 venti
1579 2228 1815 2298 Spiritus
1867 2230 2040 2285 sancti
2089 2231 2325 2285 animam

751 2321 1091 2384 aﬂlavcrint;
1134 2321 1216 2373 vel
1256 2320 1587 2375 emerserint
1620 2321 1798 2373 nubes
1826 2320 2099 2385 cwlestes,
2132 2337 2195 2374 ac
2226 2322 2325 2375 de-

751 2412 1039 2467 scenderit
1062 2428 1093 2466 c
1138 2412 1277 2467 cwlo
1305 2411 1512 2481 pluvia,
1544 2418 1601 2465 et
1630 2411 1819 2480 irriget
1858 2411 2118 2479 animam,
2142 2413 2331 2482 nequit

754 2506 923 2561 homo
959 2504 1175 2561 fructus
1206 2505 1398 2574 dignos
1427 2503 1657 2559 reddere
1696 2502 1951 2559 Domino.

820 2821 940 2874 XX.
973 2820 1251 2890 Scriptum
1290 2820 1473 2889 itaque
1516 2829 1600 2876 est
1640 2840 1653 2875 :
1709 2820 1954 2891 Agricola
1982 2838 2097 2874 cum
2147 2821 2332 2874 viderit

755 2908 1027 2977 palmitem
1097 2908 1352 2978 ferentem
1421 2909 1685 2977 fructum,
1756 2918 1947 2978 purgat
2022 2925 2179 2971 eum,
2276 2918 2333 2959 ut

757 2997 1091 3064 copiosiorem
1134 2996 1361 3064 fructum
1400 2997 1584 3064 amarat
1616 3012 1631 3047 :
1663 3004 1718 3049 at
1763 3012 1867 3047 non
1912 2996 2163 3064 ferentem
2218 2994 2333 3062 {ru-

756 3096 895 3139 ctum
925 3086 1115 3150 evellit,
1148 3096 1196 3139 et
1226 3086 1634 3139 comburendum
1654 3087 1817 3137 tradit
1846 3087 1909 3138 σι.
1941 3087 2333 3139 Verumtamen

756 3174 861 3227 hoc
886 3173 1164 3226 hominem
1195 3172 1375 3237 decet,
1412 3181 1494 3238 ut,
1521 3173 1634 3226 sive
1672 3173 1902 3242 jejunet,
1960 3173 2073 3225 sive
2123 3172 2329 3241 vigilet,

2439 612 2715 681 βασιλείαν
2750 614 2937 669 αὐτοῦ.
2970 615 3061 683 Τῷ
3100 616 3209 685 γὰρ
3245 615 3365 687 Θεῷ
3392 619 3450 669 ἐν
3484 620 3623 688 ῥοπῇ
3666 616 3816 685 ὥρας
3835 618 4020 671 πάντα

2434 704 2631 774 εὐχερῆ
2676 692 2793 757 ἐστι
2830 709 3073 776 ποιῆσαι,
3130 707 3291 777 μόνον
3340 708 3428 761 ἵνα
3453 707 3553 778 τὴν
3608 708 3835 777 ἀγάπην
3881 708 4019 776 ἔχῃς

2437 796 2573 865 πρὸς
2610 798 2796 851 αὐτόν.
2849 799 3056 869 Χρῄζει
3095 799 3203 867 γάρ
3251 799 3279 851 6
3308 798 3441 862 Θεὸς
3482 800 3582 867 τῆς
3622 800 3889 869 ἐργασίας
3919 798 4018 852 τοῦ

2434 885 2746 955 ἀνθρώπου,
2782 888 2970 958 ἐπειδὴ
3004 890 3299 960 κοινωνική
3325 890 3475 942 ἐστιν
3515 892 3551 959 ἡ
3575 889 3722 960 ψυχὴ
3768 889 3869 959 τῆς
3896 888 4018 941 θεό-

2432 994 2614 1049 τητος.

2505 1069 2609 1128 18'.
2642 1072 2753 1127 Kal.
2780 1072 2965 1138 καθὼς
2995 1073 3257 1137 πολλάκις
3295 1073 3525 1143 εἴπομεν
3556 1073 3660 1143 τὴν
3692 1071 4018 1143 παραϐολὴν

2433 1160 2527 1214 τοῦ
2556 1162 2828 1231 γεωργοῦ,
2859 1164 2942 1216 ὅτι
2982 1164 3176 1233 καμὼν
3212 1165 3305 1218 xa‘t
3346 1164 3527 1234 βαλὼν
3570 1164 3662 1217 τὸν
3715 1165 3919 1233 σπόρον
3956 1165 4019 1216 ἐν

2433 1254 2498 1321 τῇ
2548 1255 2641 1323 γῇ,
2674 1253 2876 1322 ὀφείλει
2912 1254 3230 1320 ἐκδέξασθαι
3262 1256 3358 1308 καὶ
3409 1257 3502 1308 τὸν
3568 1255 3777 1331 ἀνωθεν
3830 1255 4015 1309 ὑετόν.

2446 1343 2573 1396 Ἐάν
2602 1344 2711 1415 γάρ
2750 1344 2825 1414 μὴ
2858 1347 3098 1417 ἐπιφανῇ
3130 1347 3268 1415 νέφη
3308 1346 3419 1419 καὶ,
3442 1346 3637 1415 άνεμοι
3681 1346 4016 1409 πνεύσωσιν,

2432 1434 2583 1487 οὐδὲν
2640 1435 2924 1505 ὠφέλησεν
2968 1437 2998 1486 6
3036 1436 3283 1505 κάματος
3331 1437 3429 1489 τοῦ
3485 1438 3732 1508 γεωργοῦ
3763 1455 3777 1470 ο
3836 1440 3865 1491 6
3903 1438 4018 1508 γάρ

2434 1526 2634 1595 σπόρος
2660 1526 2865 1595 γυμνὸς
2896 1526 3181 1579 ὑπόκειται
3210 1542 3225 1555 ο
3256 1526 3417 1579 τοῦτο
3453 1528 3683 1581 ἀνέλαϐε
3718 1528 3810 1581 καὶ
3838 1531 3922 1591 είς
3953 1529 4017 1581 τὸ

2436 1616 2843 1683 πνευματικόν
2873 1616 2999 1669 -ἐάν
3046 1616 3205 1685 μόνον
3249 1619 3305 1668 ἐν
3343 1620 3410 1687 τῇ
3462 1618 3568 1689 ίδίᾳ
3597 1620 3833 1689 ἐργασίᾳ
3872 1619 4017 1672 ἀπο-

2436 1705 2591 1776 μείνῃ
2624 1708 2652 1759 6
2679 1708 2986 1777 ἅνθρωπος.
3018 1708 3110 1760 καὶ
3143 1708 3217 1778 μὴ
3261 1708 3574 1777 ἐπιδέξηταί
3618 1727 3672 1763 τι
3726 1710 3880 1776 ξένην
3914 1708 4019 1778 τῆς

2434 1798 2651 1864 φύσεως
2681 1797 2868 1863 αὑτοῦ,
2893 1799 2955 1850 οὺ
2979 1799 3202 1853 δύναται
3227 1803 3474 1870 καρποὺς
3504 1802 3689 1865 ἀξίους
3708 1802 3785 1871 τῷ
3820 1802 4019 1871 Κυρίῳ

2432 1886 2747 1940 ἀποδοῦναι.
2782 1888 2848 1940 Τί
2879 1888 2935 1941 δέ
2982 1889 3130 1941 ἐστιν
3178 1893 3211 1959 ὴ
3268 1893 3503 1959 ἐργασία
3535 1891 3631 1944 τοῦ
3679 1892 4014 1963 ἀνθρώπου;

2431 1976 2503 2028 Τὸ
2532 1977 2942 2044 ἀποτάξασθαι,
2995 1980 3055 2033 τὸ
3101 1980 3338 2046 ἐξελθεῖν
3376 1984 3441 2035 ἐκ
3498 1982 3593 2036 τοῦ
3662 1984 3895 2053 κόσμου,
3954 1983 4017 2035 τὸ

2430 2065 2725 2134 ὑπομένειν
2754 2068 2815 2120 ἐν
2843 2071 2907 2139 τῇ
2952 2070 3107 2140 εὐχῇ,
3139 2070 3200 2123 τὸ
3226 2071 3549 2140 ἀγρυπνεῖν,
3579 2071 3643 2125 τὸ
3670 2072 3894 2143 ἀγαπᾷν
3917 2073 4018 2125 τὸν

2430 2157 2564 2209 Θεὸν
2634 2160 2731 2210 καὶ
2784 2160 2911 2221 τοὺς
2968 2160 3253 2228 ἀδελφούς.
3315 2163 3489 2216 Τοῦτο
3533 2163 3664 2216 ἴδιον
3716 2164 4017 2231 ὑπομένειν

2431 2244 2599 2297 αὑτοῦ
2635 2246 2803 2301 ἐστιν.
2845 2248 2985 2300 Ἀλλ’
3025 2248 3121 2302 ἐάν
3146 2251 3418 2324 ὑπομείνῃ
3440 2253 3497 2304 ἐν
3528 2253 3594 2322 τῇ
3627 2252 3824 2305 ἐαυτοῦ
3847 2253 4018 2320 ἐργα-

2434 2340 2543 2407 σίᾳ,
2601 2340 2695 2391 καὶ
2754 2340 2829 2409 μὴ
2880 2342 3076 2413 ἐλπίσῃ
3112 2343 3239 2397 ἄλλο
3291 2361 3343 2396 τι
3383 2343 3753 2408 ἐπιδέξασθαι,
3804 2345 4018 2415 καὶμὴ

2434 2430 2743 2485 πνεύσωσιν
2766 2432 2815 2485 οἱ
2840 2433 3029 2503 ἄνεμοι
3063 2435 3156 2486 τοῦ
3183 2433 3341 2502 ἁγίου
3390 2436 3706 2505 Πνεύματος
3732 2438 3799 2506 τῇ
3841 2436 4016 2506 ψυχῇ.

2434 2522 2527 2575 καὶ
2558 2522 2654 2575 ἐάν
2689 2523 2763 2593 μὴ
2846 2526 3086 2595 ἐπιφανῇ
3140 2526 3367 2598 οὐράνια
3409 2526 3568 2597 νέφη,
3614 2528 3721 2580 »καὶ
3780 2526 4018 2597 κατέλθῃ

2434 2613 2493 2677 ἐξ
2524 2614 2754 2684 οὐρανοῦ
2786 2615 2961 2679 ὑετὸς,
2988 2620 3083 2669 καὶ⁵
3114 2617 3377 2688 ἐπιερέξῃ
3414 2620 3479 2688 τῇ
3508 2618 3679 2688 ψυχῇ,
3703 2618 3764 2670 οὺ
3789 2617 4020 2671 δύναται

2433 2704 2461 2755 6
2480 2704 2575 2758 ἄνθ
2588 2723 2767 2774 ρωπος
2803 2711 3050 2775 καρποὺς
3089 2707 3272 2774 ἀξίους
3303 2706 3591 2763 ἀποδοῦναι
3622 2708 3701 2779 τῷ
3730 2708 3947 2778 Κυρίῳ.

2507 2799 2591 2850 κ’.
2627 2799 2941 2867 Γέγραπται
2970 2799 3047 2863 δέ,
3074 2800 3155 2851 ὅτι
3199 2799 3252 2851 '0
3294 2798 3552 2867 γεωργὸς
3601 2798 3748 2851 ὅταν
3790 2798 3894 2864 ΐδῃ
3952 2797 4022 2849 τὸ

2436 2885 2638 2955 κλῆμα
2654 2888 2838 2956 φέρον
2861 2891 3118 2956 καρπὸν,
3154 2890 3443 2957 καθαρίζει
3476 2891 3647 2952 αὐτὸ,
3685 2889 3785 2941 ινα
3814 2888 4024 2941 πλείο-

2437 2994 2512 3031 να
2550 2977 2838 3046 ἐξενέγκῃ
2868 2994 2882 3008 ο
2940 2978 3007 3031 τὸ
3049 2979 3117 3032 δὲ
3147 2979 3234 3049 μὴ
3294 2980 3481 3048 φέρον
3514 2980 3749 3047 καρπὸν
3779 2977 4019 3047 ἐκριζοῒ,

2438 3072 2535 3122 καὶ
2563 3074 2649 3136 εις
2674 3071 2899 3124 καῦσιν
2926 3070 3159 3127 δίδωσι.
3228 3072 3375 3142 Πλὴν
3403 3071 3499 3124 τοῦ
3522 3072 3811 3141 ἀνθρώπου
3850 3070 4023 3123 τοῦτό

2440 3162 2609 3225 ἐστιν,
2651 3162 2733 3215 ἴνα
2765 3163 2878 3214 εἴτε
2903 3160 3212 3230 νηστεύσει,
3242 3162 3352 3214 εἴτε
3386 3163 3673 3231 ἀγρυπνεῖ,
3716 3162 3826 3215 εἴτε
3858 3158 4025 3229 εὔχε-

758 3261 873 3313 sive
896 3270 1173 3327 precetur,
1199 3260 1311 3314 sive
1343 3260 1470 3313 boni
1506 3260 1639 3331 quid
1662 3231 1844 3321 iaciat,
1878 3270 2071 3313 cuncta
2104 3263 2334 3316 Domino
2364 3231 2404 3286 δ
2438 3273 2449 3303 ε

2330 3285 2334 3310 ν
2364 3231 2404 3286 c
2438 3272 2551 3317 ται,
2578 3254 2688 3306 εἴτε
2722 3254 2887 3307 καλόν
2916 3271 2967 3307 τι
3000 3254 3167 3318 ποιεῖ,
3220 3255 3502 3324 ἐπιγράφῃ
3541 3253 3759 3306 ᾶπαντα
3786 3253 3865 3321 τῷ
3905 3254 4021 3304 Ku-

758 3351 1019 3415 ascribat,
1051 3353 1136 3405 his
1162 3352 1348 3405 verbis
1383 3368 1554 3406 usus:
1622 3352 1734 3405 Nisi
1770 3352 1906 3404 Deus
1950 3353 2335 3405 corroborasset

758 3454 863 3501 me,
902 3454 1003 3490 non
1060 3440 1339 3505 potuissem
1394 3439 1665 3506 jejunare,
1728 3448 1819 3490 aut
1853 3442 2078 3507 precari,
2136 3450 2229 3492 aut
2274 3456 2337 3492 ea:

758 3529 853 3580 hoc
918 3527 1112 3579 mundo
1162 3528 1357 3595 egredi.
1414 3525 1615 3594 Sicque
1647 3527 1811 3589 Deus,
1848 3528 1989 3579 bona
2051 3528 2215 3580 animi
2258 3528 2335 3581 tui

758 3618 1066 3672 intentione
1091 3628 1406 3688 conspecta,
1438 3618 1697 3672 nimirum
1730 3628 1780 3671 te
1827 3636 1911 3681 ea,
1948 3636 2067 3687 qua:
2101 3621 2335 3674 naturali

759 3710 1025 3763 instinctu
1057 3711 1292 3779 peragis,
1334 3711 1448 3764 Deo
1478 3713 1773 3772 ascribere.
1802 3715 1916 3780 ipse
1946 3712 2187 3766 vicissim
2213 3729 2333 3778 sua,

758 3800 1064 3868 spiritualia
1094 3815 1312 3870 nempe,
1351 3801 1538 3855 divina
1559 3812 1614 3856 et
1636 3804 1900 3865 coelestia,
1933 3803 2032 3855 tibi
2066 3804 2183 3858 haec
2229 3806 2337 3858 lar-

760 3894 935 3961 gitur:
969 3908 1091 3960 quae
1122 3908 1254 3947 vero
1295 3904 1424 3946 sunt
1453 3893 1587 3946 illa?
1611 3892 1825 3948 fructus
1862 3894 2121 3962 Spiritus,
2149 3896 2334 3949 exsul-

764 3984 899 4037 tatio
928 3992 982 4037 et
1018 3984 1226 4039 laatitia.

835 4074 974 4128 XXI.
1006 4074 1379 4143 Interrogatio.
1424 4074 1612 4128 Verum
1655 4091 1773 4130 cum
1814 4076 2015 4143 fructus
2064 4078 2336 4129 naturales

759 4166 864 4217 sint
893 4166 1078 4217 horum
1110 4165 1327 4228 similes,
1366 4166 1498 4233 ﬁdes
1523 4168 1773 4219 nimirum
1834 4178 1882 4220 et
1930 4170 2181 4237 precatio,
2206 4171 2339 4223 edis-

757 4272 873 4309 sere
928 4256 1074 4309 nobis
1125 4257 1383 4325 quomodo
1432 4274 1487 4310 se
1516 4258 1742 4310 habeant
1772 4256 2067 4321 naturalia,
2116 4268 2163 4311 et
2204 4276 2336 4327 quo-

761 4348 913 4400 modo
957 4347 1261 4415 spiritualia
1287 4347 1311 4398 ἲ

834 4435 1136 4505 Responsio.
1174 4436 1271 4500 Ea,
1299 4450 1422 4505 qua:
1471 4443 1521 4488 te
1554 4437 1670 4503 ipso
1693 4443 1918 4490 auctore
1948 4437 2083 4506 agis,
2109 4437 2337 4493 honesta

2440 3344 2559 3414 ρίῳ,
2594 3343 2752 3397 τοῦτο
2780 3344 2977 3411 λέγων,
3018 3344 3098 3396 ὅτι
3143 3345 3212 3397 El
3243 3344 3323 3410 μὴ
3350 3348 3381 3397 ό
3420 3345 3563 3407 Θεὸς
3600 3342 4026 3410 ἐνεδυνάμωσέ

2436 3454 2532 3504 με.
2568 3439 2680 3489 οὐκ
2713 3437 3033 3505 ἠδυνάμην
3074 3438 3415 3504 νηστεύειν,
3464 3438 3502 3503 ἢ
3535 3438 3842 3504 εὔχεσθαι,
3886 3438 3925 3501 ἢ
3956 3438 4024 3489 ἐκ

2439 3526 2547 3579 τοῦ
2595 3527 2827 3594 κόσμου
2860 3526 3171 3581 ἀπελθεῖν.
3221 3528 3333 3581 Καὶ
3387 3526 3529 3579 οὕτω
3587 3528 3800 3596 βλέπων
3831 3531 3859 3580 6
3890 3527 4025 3590 Θεὸς

2440 3616 2535 3685 τὴν
2564 3617 2779 3688 ἀγαθήν
2810 3634 2903 3670 σου
2956 3618 3302 3688 προαίρεσιν,
3356 3618 3438 3669 ὅτι
3470 3617 3539 3670 τά
3594 3618 3683 3681 σά,
3734 3616 3880 3685 άπερ
3914 3618 4025 3671 ἀπὸ

2440 3706 2654 3773 φύσεως
2689 3709 2886 3770 ποιεῖς,
2914 3707 2991 3777 τῷ
3022 3708 3141 3777 Θεῷ
3172 3710 3523 3778 ἐπιγράφεις,
3558 3709 3720 3762 πάλιν
3758 3709 3924 3767 αὐτὸς
3955 3708 4025 3760 τὰ

2441 3796 2549 3849 ι’δια
2583 3796 2773 3863 αὑτοῦ,
2813 3798 2882 3851 τά
2914 3798 3285 3868 πνευματικὰ,
3329 3799 3397 3851 τὰ
3428 3798 3547 3851 θεῖα
3572 3801 3666 3851 καὶ
3694 3799 4019 3870 ἐπουράνια,

2439 3889 2523 3939 σοὶ
2547 3888 2719 3941 ταῦτα
2744 3890 3047 3959 χαρίζεται,
3080 3892 3200 3943 τίνα
3221 3892 3276 3943 δέ
3304 3894 3488 3957 ἐστιν;
3524 3888 3578 3943 οἴ
3600 3891 3695 3943 τοῦ
3766 3892 4026 3961 Πνεῦμα-

2439 3993 2530 4039 τος
2568 3980 2803 4047 καρποὶ,
2837 3980 3179 4046 ἀγαλλίασις,
3214 3983 3305 4035 καὶ
3335 3982 3664 4050 εὐφροσύνη.

2512 4067 2644 4123 KA'.
2707 4068 3050 4133 Ἐρώτησις.
3120 4070 3279 4122 Ἀλλ’
3336 4070 3542 4136 ἐπειδὴ
3603 4073 3721 4124 εἱσι
3769 4072 4024 4139 φυσικοί

2443 4159 2659 4225 καρποὶ
2714 4160 2950 4224 τούτοις
3001 4160 3209 4229 ὅμοιοι,
3262 4162 3483 4230 ἀγάπη,
3542 4164 3769 4227 πίστις,
3844 4163 4021 4231 εὐχὴ,

2439 4249 2748 4317 διάκρινον
2782 4250 2951 4321 ἡμῖν,
2978 4251 3104 4317 πῶς
3133 4252 3263 4305 ἐστι
3296 4254 3368 4305 τά
3398 4256 3809 4322 πνευματικά;

2528 4433 2884 4499 Ἀπόκρισις.
2931 4435 3010 4486 Τά
3041 4436 3110 4487 σά
3159 4435 3194 4489 ἃ
3239 4438 3437 4500 ποιεῖς,
3482 4435 3625 4488 καλὰ
3655 4436 3753 4502 μέν
3784 4438 4026 4493 ἐστικαὶ

760 4525 984 4592 quidem
1017 4534 1165 4587 sunt,
1217 4534 1273 4580 et
1306 4527 1416 4579 Deo
1449 4536 1622 4596 grata,
1670 4526 1764 4579 sed
1812 4542 1920 4580 non
1952 4542 2129 4595 pura:
2163 4529 2335 4591 velut,
2365 4554 2417 4612 Β
2447 4546 2451 4559 λ

2332 4570 2335 4586 ,
2365 4554 2417 4612 D
2447 4524 2525 4593 τῷ
2558 4524 2678 4595 Θεῴ
2713 4526 3109 4594 εὐπρόσδεκτα,
3156 4528 3269 4580 ἀλλ’
3305 4531 3403 4580 οὐκ
3442 4529 3557 4580 ἔστι
3597 4529 3811 4598 καθαρά
3840 4546 3851 4560 '
3889 4525 4023 4595 οἷον,

763 4618 948 4687 diligis
968 4619 1159 4681 Deum,
1182 4633 1369 4670 verum
1394 4618 1576 4670 minus
1596 4619 1858 4686 perfecte;
1882 4618 2030 4672 venit
2051 4618 2336 4685 Dominus,

762 4710 979 4762 confert
998 4708 1348 4763 dilectionem
1373 4708 2086 4773 immutabilem,c«elestem
2109 4712 2338 4765 scilicet.

763 4800 1015 4855 Precaris
1043 4801 1388 4864 naturaliter,
1411 4802 1868 4871 occupationibus
1899 4817 1964 4856 ac
1994 4802 2161 4855 variis
2192 4804 2341 4873 cogi-

766 4891 1068 4946 tationibus
1098 4891 1426 4957 distractus;
1459 4892 1673 4948 confert
1710 4893 1808 4949 tibi
1845 4896 2107 4950 Dominus
2149 4912 2341 4965 preca-

772 4984 976 5037 tionem
1009 4998 1199 5051 puram
1234 4984 1288 5037 in
1330 4983 1538 5052 Spiritu
1578 4996 1633 5038 et
1660 4988 1909 5041 veritate.
1941 4988 1999 5041 ln
2030 4988 2193 5042 rebus
2224 5004 2345 5055 qute

767 5074 939 5128 oculis
961 5073 1265 5143 subiacent,
1286 5082 1429 5128 terra
1445 5085 1504 5129 ut
1520 5077 1815 5145 plurimum
1840 5095 1905 5132 ex
1926 5095 1984 5133 se
2006 5079 2120 5149 ipsa
2138 5080 2349 5150 profert

765 5167 972 5233 spinas;
988 5167 1217 5220 colonus
1235 5176 1416 5220 autem
1444 5167 1599 5229 fodit,
1628 5178 1848 5224 exercet
1874 5170 2166 5239 diligenter
2185 5187 2248 5225 ac
2264 5187 2348 5226 se—

765 5260 958 5321 minat;
974 5259 1143 5327 spina:
1164 5266 1343 5312 tamen
1370 5260 1453 5311 vel
1477 5276 1583 5313 non
1602 5270 1733 5315 sata:
1756 5262 2350 5331 propullulantetmul-

766 5350 1084 5417 tiplicantur
1124 5351 1434 5418 (postquam
1453 5350 1598 5404 enim
1627 5364 2000 5421 transgressus
2019 5355 2345 5413 cst.dictum

766 5448 849 5490 est
877 5436 1121 5490 Adamo:
1148 5436 1385 5489 Tribulos
1416 5445 1465 5490 ct
1487 5440 1666 5506 spinas
1692 5441 1938 5510 producet
1964 5444 2053 5496 tibi
2083 5454 2225 5498 terra
2253 5448 2339 5507 η).

765 5529 957 5583 Denuo
995 5529 1225 5581 colonus
1251 5538 1469 5583 exercet
1499 5539 1718 5593 terram,
1757 5533 1949 5588 ell‘odit
1986 5534 2192 5604 spinas,
2221 5553 2342 5605 qua:

765 5618 1125 5673 nihilominus
1148 5619 1327 5673 adhuc
1358 5620 1814 5689 multiplicantur.
1860 5623 2058 5692 Accipe
2089 5625 2191 5680 hoc
2230 5626 2341 5694 spi-

839 5795 879 5826 "
914 5796 1071 5850 Joau.
1100 5814 1186 5859 xv,
1218 5800 1270 5852 :2.
1346 5800 1388 5829 δ’
1420 5799 1555 5852 Gen.
1586 5816 1663 5865 ιιι,
1687 5801 1749 5855 18

2447 4616 2666 4685 ἀγαπᾷς
2692 4616 2783 4667 τὸν
2807 4617 2959 4681 Θεὸν,
2989 4618 3104 4669 ἀλλ’
3130 4619 3189 4670 οὐ
3219 4620 3440 4681 τελείως
3460 4635 3474 4649 ·
3501 4619 3721 4689 ἔρχεται
3747 4623 3774 4671 ό
3797 4621 4023 4689 Κύριος,

2443 4705 2658 4760 δίδωσιν
2688 4708 2905 4778 ἀγάπην
2936 4702 3203 4773 ἄτρεπτον
3244 4712 3343 4779 τὴν
3392 4711 3740 4781 ἐπουράνιον.
3777 4711 3928 4781 Elim
3960 4713 4025 4765 σὺ

2446 4798 2691 4865 φυσικῶς
2753 4800 2891 4868 μετά
2941 4800 3038 4853 τοῦ
3107 4802 3408 4871 ῥέμϐεσθαι
3447 4803 3541 4855 καὶ
3580 4803 4023 4870 διαλογίζεσθαι·

2449 4888 2632 4943 δίδωσί
2664 4906 2747 4943 σοι
2776 4892 2804 4942 ό
2841 4891 2975 4953 Θεὸς
3006 4891 3103 4961 τὴν
3155 4893 3402 4963 καθαρὰν
3437 4894 3621 4963 εὐχὴν,
3656 4895 3714 4947 ἐν
3746 4894 4026 4964 Πνεῦματι

2447 4982 2542 5034 καὶ
2592 4981 2843 5051 ἀληθείᾳ.
2890 4984 2978 5034 Ἐν
3006 4985 3120 5045 τοῖς
3164 4985 3530 5054 φαινομένοις,
3572 4988 3604 5054 ἡ
3638 4988 3708 5055 γῆ
3740 4986 3814 5047 ὡς
3847 4986 3940 5038 ἐπὶ
3968 4988 4026 5039 τὸ

2450 5072 2705 5125 πλεῖστον
2761 5072 2856 5141 ἀφ’
2891 5074 3095 5143 ἐαυτῆς
3141 5076 3363 5146 ἐκφέρει
3413 5078 3512 5137 τὰς
3559 5078 3838 5139 ἀκάνθας·
3886 5081 3915 5131 6
3968 5078 4024 5131 δὲ

2446 5168 2690 5234 γεωργὸς
2764 5166 3019 5233 σκάπτει,
3082 5168 3374 5237 ἐργάζεται
3453 5169 3749 5237 ἐπιμελῶς,
3836 5168 4019 5238 βάλλει

2448 5258 2650 5327 σπόρον
2674 5274 2687 5289 ·
2725 5258 2841 5311 ἀλλ’
2885 5261 2938 5312 al
2972 5260 3203 5313 ἄκανθαι
3234 5260 3307 5328 μὴ
3342 5261 3721 5329 σπειρόμεναι,
3755 5260 4023 5327 ἀναφύον-

2451 5366 2523 5412 σι,
2584 5350 2680 5403 καὶ
2739 5350 3105 5417 πληθύνονται
3137 5366 3151 5380 ο
3208 5352 3348 5419 μετὰ
3397 5352 3506 5420 γὰρ
3561 5352 3661 5417 τὴν
3708 5351 4023 5421 παράϐασιν

2451 5441 2648 5512 ἐρῤέῦη
2674 5440 2753 5511 τῷ
2795 5440 2985 5509 ’Δδάμ,
3011 5443 3328 5508 Τριϐόλους
3373 5442 3471 5494 καὶ
3504 5442 3774 5507 ἀκάνθας
3807 5443 4019 5495 dram-

2450 5533 2550 5585 λεῐ
2580 5548 2679 5586 σοι
2710 5532 2749 5597 ἡ
2790 5531 2889 5600 τῆ.
2940 5534 3109 5587 Πάλιν
3152 5534 3181 5585 6
3229 5536 3472 5605 γεωργὸς
3527 5538 3748 5589 ἐκπονεϊ
3800 5537 3868 5605 τῇ
3926 5538 4019 5606 γῇ,

2452 5624 2792 5679 ἀνασκάπτει
2818 5624 2917 5688 τὰς
2936 5624 3197 5689 ἀκάνθας.
3222 5626 3315 5680 καὶ
3346 5625 3504 5686 αὗται
3526 5626 3605 5681 ἐτι
3636 5625 4019 5696 πληθύνονται.
