4282 6364
274 372 385 438 689

1438 382 1811 448 HOMILI/E.
1840 408 1911 420 -
1937 381 2124 446 HOM.
2166 383 2374 446 XXVI.

3427 388 3537 453 690

290 480 558 536 ’Δνᾶλαῦε
591 480 753 536 τοῦτο
781 486 1169 557 πνευματικῶς
1188 504 1205 519 ·
1240 470 1380 560 μετᾶ
1405 492 1517 565 7&9
1550 496 1649 564 τὴν
1675 493 1854 563 παρά-
1880 493 1931 551 Α
1958 512 1981 550 r

1847 493 1931 551 »Α
1958 498 2249 552 ritualiter.
2274 496 2411 550 Nam
2460 501 2583 564 post
2629 491 3118 565 transgressionem
3180 502 3324 551 terra
3353 498 3538 555 cordis

279 573 442 627 δασιν
478 574 512 643 ἡ
564 573 640 644 γῆ
681 577 746 627 ὲκ
771 575 871 645 τῆς
918 578 1147 649 καρδίας
1195 581 1417 650 ἱκφέρει
1470 585 1713 649 ἀκάνθας
1760 587 1853 638 καὶ

274 662 564 734 τριϐόλους
587 679 603 695 ο
643 666 940 735 ὲργᾶζεται
968 671 996 722 ό
1024 669 1335 740 ἄνθρωπος,
1365 677 1608 743 innovat,
1646 678 1740 730 καὶ
1768 678 1851 730 ἔτι

275 758 344 864 αἱ
366 753 605 809 ἄκανθαι
653 756 763 809 τῶν
817 758 1069 829 πονηρῶν
1115 763 1444 833 πνευμάτων
1495 768 1850 836 ἀναφύονται.

274 847 411 899 Εἶτα
450 847 585 901 αὐτὸ
609 848 671 901 τὺ
702 848 860 915 ἄτιον
890 850 1115 919 Πνεῦμα
1160 855 1723 926 συναντιλαμβάνεται
1753 857 1853 926 τῆς

276 935 569 999 ἀσθενείας
592 937 703 991 τῶν
752 938 1081 1007 ἀνθρώπων,
1131 942 1229 995 καὶ
1265 944 1293 996 δ
1317 944 1521 1016 Κύριος
1569 946 1751 1016 βάλλει
1792 953 1854 1001 ὲν

276 1028 417 1099 αὐτῇ
446 1032 511 1099 τῇ
557 1031 629 1100 γῇ
695 1030 797 1100 τῆς
857 1032 1089 1103 καρδίας
1150 1035 1351 1106 σπόρον
1376 1038 1720 1110 ἐπουράνιον,
1758 1043 1853 1095 καὶ

275 1118 574 1187 ὲργᾶζεται
604 1121 776 1190 αὑτήν
800 1136 814 1151 ο
853 1121 949 1175 καὶ
970 1124 1232 1189 πεσόντος
1273 1127 1371 1180 τοῦ
1403 1128 1632 1200 σπόρου,
1666 1132 1851 1203 ἀκμὴν
1882 1202 1887 1205 ¹

275 1210 329 1260 οἱ
366 1208 610 1280 τρίσολοι
639 1213 737 1263 καὶ
764 1212 997 1267 ἄκανθαι
1036 1215 1393 1284 ἀναφύονται.
1424 1221 1596 1274 Πάλιν
1627 1223 1789 1286 αὐτὸς
1824 1225 1853 1277 δ

280 1299 509 1369 Κύριος,
547 1300 645 1353 καὶ
689 1300 720 1353 ό
752 1302 1039 1373 ἄνθρωπος
1093 1305 1419 1374 ἐργάζονται
1469 1312 1571 1380 τὴν
1608 1312 1713 1382 γῆν
1752 1314 1853 1383 τῆς

276 1390 478 1460 ψυχῆς,
520 1394 614 1444 καὶ
644 1392 787 1446 ἑπτὰ
823 1395 1040 1465 πονηρὰ
1078 1396 1368 1468 πνεύματα
1400 1401 1495 1454 καὶ
1530 1404 1587 1455 αἱ
1615 1403 1850 1459 ἄκανθαι

281 1481 541 1552 βρύουσιν
570 1485 706 1548 bini,
747 1484 845 1538 καὶ
875 1484 1231 1553 ἀναφύονται,
1271 1489 1375 1554 ῑως
1404 1486 1464 1546 οὗ
1499 1494 1722 1564 γένηται
1761 1497 1853 1550 eg-

282 1591 400 1643 ρος,
427 1575 524 1627 καὶ
546 1574 816 1646 πλεονάσῃ
844 1577 877 1646 ἡ
911 1576 1092 1646 χάρις,
1130 1580 1225 1633 καὶ
1268 1581 1758 1654 καταξηρανθῶσιν
1786 1590 1851 1641 ἐκ

271 1668 372 1736 τῆς
403 1666 616 1737 θέρμης
636 1667 729 1719 τοῦ
759 1668 912 1737 ἡλίου
943 1671 1000 1722 αἱ
1026 1670 1283 1726 ἄκανθαι.

344 1756 476 1811 KB'.
519 1756 581 1810 Εἱ
633 1757 743 1828 γὰρ
776 1759 871 1811 καὶ
928 1760 1145 1814 σύνεστι
1193 1762 1363 1817 κακία
1400 1766 1466 1837 τῇ
1510 1766 1690 1836 φύσει,
1731 1768 1849 1823 ἀλλ’

1952 589 2213 659 producit
2237 588 2424 657 spinas
2441 594 2498 641 et
2520 585 2750 641 tribulos
2775 602 2788 639 :
2816 586 3020 641 excolit
3044 587 3229 649 homo,
3262 588 3534 652 elaborat,

1957 677 2140 732 adhuc
2189 685 2370 730 tamen
2432 675 2603 745 spina:
2656 690 2947 744 pravorum
3012 676 3307 745 spirituum
3403 692 3536 731 ena-

1954 777 2191 824 scuntur
2240 766 2447 822 Deinde
2482 775 2705 821 sanctus
2737 766 2826 822 ille
2851 766 3088 837 Spiritus
3110 769 3391 839 suppetias
3428 770 3537 826 fert

1954 862 2319 917 imbecillitati
2371 863 2648 927 humanae,
2675 870 2731 915 et
2760 862 3025 916 Dominus
3061 863 3212 931 101
3274 864 3443 919 mittit
3478 865 3532 920 in

1954 961 2156 1007 terram
2182 951 2366 1006 cordis
2391 968 2580 1007 semen
2625 952 2870 1016 ccelcste,
2913 962 3078 1021 atque
3111 955 3314 1009 excolit
3368 970 3488 1009 eam
3518 972 3531 1009 :

1952 1059 2064 1113 quo
2093 1044 2303 1097 semine
2324 1044 2490 1113 iacto,
2523 1042 2704 1097 adhuc
2734 1042 2921 1096 tribuli
2964 1052 3021 1097 et
3050 1044 3220 1112 spinae
3240 1045 3532 1114 pullulant.

1952 1135 2144 1189 Denuo
2208 1133 2327 1202 ipse
2368 1133 2660 1197 Dominus,
2697 1148 2761 1188 ac
2819 1133 2984 1187 homo
3039 1145 3298 1189 exercent
3330 1146 3535 1191 terram

1953 1226 2169 1287 animae,
2198 1234 2254 1280 et
2287 1232 2496 1294 septem
2528 1224 2657 1277 mali
2700 1223 2930 1293 spiritus
2971 1238 3036 1277 ac
3063 1224 3235 1293 spinae
3272 1225 3537 1279 exoriun-

1954 1325 2045 1371 tur
2095 1316 2226 1380 illic,
2260 1324 2317 1370 et
2363 1314 2721 1385 repullulant,
2768 1313 2948 1371 donec
2995 1314 3449 1375 adveniataestas.
3478 1325 3535 1370 et

1952 1407 2196 1463 abundet
2227 1407 2419 1478 gratia,
2452 1422 2518 1461 ac
2545 1405 2894 1461 desiccentur
2924 1404 2995 1459 ab
3026 1414 3159 1460 aestu
3188 1406 3320 1461 solis
3362 1408 3533 1475 Spinac

1952 1506 2135 1551 enatae.

2022 1755 2192 1811 XXII.
2248 1756 2363 1810 Etsi
2402 1754 2552 1809 enim
2591 1754 2838 1822 nequitia
2883 1752 3128 1807 adhaeret
3186 1762 3416 1817 naturae,
3451 1755 3531 1807 sic

270 1847 419 1901 οὕτω
461 1848 849 1919 κατακυριεύει
897 1850 1185 1922 ταύτης,ἢ
1228 1852 1341 1923 ἔχει
1378 1836 1567 1927 νομήν.
1596 1859 1709 1922 Τὰς
1738 1860 1846 1931 γὰρ
1883 1836 1921 1892 Β
1952 1858 1961 1903 I

1840 1880 1846 1908 ι
1883 1836 1921 1892 Β
1952 1858 2132 1903 tamen
2172 1848 2490 1901 dominatur
2520 1846 2596 1911 ei,
2626 1859 2750 1914 quae
2799 1844 2965 1899 habet
3017 1852 3253 1913 pastum.
3289 1843 3531 1897 Teneras

272 1940 554 2014 τρυφερᾶς
574 1940 743 2009 χλόας
765 1939 862 1993 τοῦ
893 1940 1044 1995 σίτου
1076 1941 1302 1996 δύναται
1350 1945 1420 1999 τὰ
1458 1940 1677 2010 ζιζάνια
1705 1966 1845 2018 συμ-

277 2031 518 2101 πνίγειν.
566 2030 874 2094 Φθάσαντος
900 2032 959 2085 δὲ
1008 2032 1198 2103 θέρους
1240 2035 1381 2102 μετὰ
1417 2036 1478 2089 τὸ
1515 2036 1844 2109 ᾓρανθῆναι

267 2123 398 2185 τοὺς
434 2123 703 2192 καρποὺς,
734 2122 887 2174 οὐδὲν
923 2121 1217 2191 βλάπτουσι
1234 2126 1303 2177 τὰ
1330 2124 1544 2190 ζιζάνια
1560 2129 1651 2181 τδν
1681 2131 1843 2183 σῖτον.

267 2215 384 2268 Καὶ
421 2214 531 2283 7&9
562 2212 659 2266 ἐὰν
681 2212 863 2284 συμϐῇ
897 2214 1193 2283 τριάκοντα
1227 2214 1442 2284 μοδίους
1470 2211 1630 2283 εἶναι,
1672 2217 1845 2273 καθα-

270 2305 370 2378 ροῦ
394 2306 566 2370 σίτου,
597 2305 714 2359 εστι
739 2305 850 2376 γὰρ
880 2304 1026 2374 μίξις
1051 2307 1169 2359 ἐκεῖ
1190 2306 1466 2371 ζιζανίων,
1502 2309 1578 2374 ὡς
1608 2311 1845 2380 χοινικός

266 2417 325 2453 τι
365 2397 809 2470 παραφαίνεσθαι
836 2414 852 2428 ο
895 2392 1177 2467 κέχωσται
1216 2399 1327 2469 γὰρ
1372 2399 1461 2453 διὰ
1486 2401 1577 2455 τὸν
1624 2402 1847 2455 πλεονα-

269 2488 410 2559 σμδν
437 2488 533 2542 τοῦ
561 2490 710 2542 σίτου
735 2505 749 2519 ·
775 2487 918 2542 οὕτω
940 2490 1034 2542 καὶ
1065 2490 1123 2542 ἑν
1145 2490 1211 2560 τῇ
1243 2490 1583 2561 χάριτι,δταν
1611 2491 1843 2546 πλεονάο

270 2596 341 2653 σῃ
398 2580 432 2650 ἠ
469 2579 648 2649 δωρεὰ
704 2578 799 2631 τοῦ
829 2578 988 2639 Θεοῦ,
1042 2580 1136 2632 καὶ
1170 2581 1203 2649 ἡ
1237 2581 1395 2649 χάρις
1424 2584 1503 2645 εἱς
1528 2582 1618 2634 τὸν
1637 2582 1847 2653 ἅνθρω-

270 2687 395 2733 πον,
431 2669 528 2723 καὶ
572 2669 775 2738 πλουτῇ
811 2669 889 2731 εἱς
934 2667 1027 2721 τὸν
1086 2668 1312 2739 Κύριον,
1355 2673 1488 2740 συνῇ
1519 2671 1577 2723 δι
1617 2674 1650 2742 ἡ
1679 2674 1848 2726 κακία

274 2761 541 2834 μερικιῖις,
571 2762 633 2813 οὐ
663 2759 1246 2829 δύναταικατασλάψαι
1269 2760 1362 2813 τὸν
1392 2761 1701 2831 ἄνθρωπον,
1723 2760 1845 2813 οὔτε

267 2856 387 2925 ἔχει
433 2855 586 2924 ἱσχύν
614 2871 756 2917 τινα,
787 2854 821 2922 ἢ
852 2852 1023 2923 νομὴν
1067 2852 1188 2905 κατ’
1223 2852 1411 2905 αὑτοῦ.
1485 2850 1549 2904 'H
1595 2852 1704 2922 γὰρ
1751 2850 1845 2904 τοῦ

271 2948 483 3019 Κυρίου
504 2947 735 3011 ελευσις,
765 2947 861 2999 καὶ
889 2947 921 3014 ή
950 2944 1174 3014 πρόνοια
1195 2944 1285 2997 διὰ
1310 2944 1467 2996 τοῦτο
1486 2943 1729 3012 γέγονεν,
1761 2943 1847 2995 ῑνα

272 3041 405 3101 τοὺς
441 3041 509 3109 τῇ
544 3037 715 3108 κακίᾳ.
757 3034 1187 3104 δεδουλωμένους
1215 3034 1396 3100 ὄντας,
1454 3037 1549 3087 καὶ
1602 3035 1844 3103 ἐνόχους,

268 3131 367 3184 καὶ
387 3128 857 3198 ὑποτεταγμένους
880 3123 1239 3197 ἑλευθερώσῃ,
1264 3124 1356 3177 καὶ
1379 3125 1581 3197 ποιήσῃ
1620 3125 1846 3194 νικητὰς
1873 3159 1916 3218 c

266 3221 367 3277 τοῦ
400 3220 631 3274 θανάτου
674 3218 770 3271 καὶ
802 3217 902 3287 τῆς
940 3217 1235 3286 ἁμαρτίας.
1268 3215 1381 3268 Οὐκ
1414 3216 1720 3282 ὀφείλουσιν
1744 3211 1837 3269 οὖν

269 3310 493 3379 ἀδελφοὶ
534 3308 861 3374 ξενίζεσθαι,
896 3308 1005 3362 εἴτε
1049 3307 1155 3361 ὑπό
1191 3323 1353 3360 τινων
1404 3305 1675 3361 θλίϐονται
1710 3307 1847 3379 πρὸς

268 3403 333 3456 τδ
367 3401 563 3463 κακίας
596 3399 999 3468 ἀπαλλαγῆναι.

344 3489 473 3547 ΚΓ.
509 3491 618 3543 Καὶ
648 3490 756 3559 7&9
784 3490 863 3551 εἱς
888 3489 952 3540 τὸ
983 3487 1211 3541 παλαιὸν
1258 3486 1470 3556 Μωσῆς
1499 3487 1595 3541 καὶ
1635 3485 1847 3555 Ἀαρὼν

268 3586 487 3654 ἔχοντες
512 3582 611 3652 τὴν
649 3581 973 3651 ἱερωσύνην,
1016 3579 1189 3633 πολλὰ
1216 3578 1423 3633 ἔπαθον
1450 3595 1465 3610 ·
1500 3579 1756 3646 Καϊάφας
1787 3577 1845 3629 δὲ

269 3678 369 3749 τὴν
391 3674 618 3730 ἐκείνων
638 3672 909 3742 καθέδραν
938 3670 1099 3740 έχων,
1140 3669 1299 3732 αὐτὸς
1327 3668 1514 3732 ἐδίωξε
1573 3668 1669 3721 καὶ
1714 3683 1847 3719 κατα

280 3772 467 3839 έκρινε
499 3768 590 3819 τὸν
620 3764 846 3833 Κύριον·
877 3763 1026 3832 ὅμως
1046 3760 1103 3814 δὲ
1136 3764 1237 3831 τὴν
1264 3760 1562 3830 ἱερωσύνην
1586 3761 1614 3811 δ
1641 3757 1845 3826 Κύριος

272 3858 474 3929 τιμῶν,
506 3857 722 3925 ἀφῆκεν
768 3852 902 3906 αὐτὸ
946 3851 1241 3921 γενέσθαι·
1269 3850 1473 3920 ὁμοίως
1494 3850 1545 3902 οἱ
1568 3848 1845 3919 προφῆται

270 3953 362 4005 ὑπ’
416 3947 582 4002 αὐτοῦ
636 3944 732 3999 τοῦ
775 3944 961 4008 ἔθνους
1018 3942 1332 3997 ἐδιώκοντο.
1388 3940 1589 3994 Λοιπὸν
1640 3941 1846 4010 Πέτρος

269 4041 477 4098 Minoia
522 4037 948 4107 6t56£5aso,ﬂ;v
978 4036 1171 4105 καινὴν
1206 4032 1533 4101 Ἐκκλησίαν
1581 4029 1843 4100 Χριστοῦ,

269 4132 367 4187 καὶ
389 4132 485 4201 τὴν
512 4130 774 4199 ἀληθινὴν
800 4126 1099 4195 ἱερωσύνην
1129 4123 1494 4196 ὲγχειρισθείς
1514 4164 1527 4178 .
1587 4122 1702 4175 Νῦν
1736 4122 1845 4190 γάρ

268 4229 386 4279 ἐστι
410 4224 695 4293 βάπτισμα
720 4220 897 4290 πυρὸς
929 4219 1023 4271 καὶ
1068 4216 1407 4285 ῐῐνεύματος,
1440 4216 1534 4267 καὶ
1568 4213 1842 4283 περιτομή

265 4333 352 4378 τις
382 4316 439 4366 ὲν
471 4312 670 4383 καρδίᾳ
698 4310 977 4380 γινομένη.
1013 4308 1087 4360 Τὸ
1132 4307 1239 4374 γὰρ
1276 4305 1423 4383 θεῖον
1464 4304 1559 4357 καὶ¹
1611 4304 1846 4371 ἐπουρᾶ-

266 4420 383 4459 νιον
408 4402 635 4471 Πνεῦμα
662 4400 917 4470 ἐπιδημεῖ
943 4400 1000 4451 ὲν
1030 4397 1106 4467 τῷ
1140 4396 1215 4468 νῷ
1240 4411 1256 4428 ο
1287 4394 1424 4465 πλὴν
1447 4392 1571 4446 οὔτε
1625 4386 1772 4446 οὗτοι
1797 4392 1846 4444 οἱ

1948 1942 2096 1996 eriim
2160 1939 2362 1993 herbas
2426 1937 2688 1991 frumenti
2732 1942 2917 2005 potest
2974 1934 3167 1988 lolium
3222 1934 3526 1998 sutlocare;

1949 2034 2243 2102 ingruente
2274 2044 2408 2084 vero
2431 2037 2618 2083 astate
2654 2026 2747 2081 ubi
2775 2025 2991 2079 fructus
3015 2024 3275 2079 exsiccati
3300 2024 3527 2088 fuerint,

1946 2124 2086 2179 nihil
2136 2121 2285 2176 laedit
2336 2120 2527 2174 lolium
2581 2117 2942 2171 frumentum.
2995 2115 3180 2185 Itaque
3208 2117 3251 2170 si
3280 2119 3531 2170 evenerit

1947 2223 2008 2270 ut
2039 2214 2151 2269 sint
2196 2211 2416 2282 triginta
2465 2208 2636 2263 modii
2669 2206 2936 2262 frumenti
2965 2207 3112 2278 puri,
3142 2207 3231 2262 vix
3260 2206 3375 2262 illic
3400 2222 3529 2276 per-

1946 2309 2132 2365 mistio
2161 2308 2299 2373 lolii,
2328 2307 2483 2361 velut
2511 2305 2755 2375 aliquota
2796 2305 3017 2360 sextarii
3053 2321 3178 2375 pars
3207 2305 3525 2375 apparebit,

1946 2402 2143 2456 obruta
2175 2398 2471 2454 suntenim
2498 2397 2667 2451 nimia
2692 2396 2849 2466 copia
2881 2396 3140 2450 frumenti
3166 2412 3181 2449 :
3213 2396 3293 2451 sic
3308 2412 3529 2466 quoque

1946 2494 2003 2547 in
2036 2492 2232 2563 gratia,
2264 2506 2389 2546 cum
2414 2489 2622 2543 donum
2654 2487 2751 2543 Dei
2788 2496 2844 2542 et
2867 2489 3040 2558 gratia
3078 2488 3444 2543 abundaverit
3473 2490 3530 2543 in

1946 2584 2195 2647 homine,
2229 2591 2394 2651 atque
2416 2581 2649 2635 ditescat
2665 2595 2791 2649 erga
2823 2580 3140 2642 Dominum,
3172 2580 3316 2634 adsit
3344 2590 3528 2634 tamen

1947 2674 2130 2743 aliqua
2157 2673 2209 2726 in
2242 2681 2400 2740 parte
2426 2670 2712 2739 nequitia;
2762 2671 2955 2739 nequit
2984 2671 3073 2724 illa
3106 2671 3307 2725 lmdere
3348 2671 3531 2725 Immi-

1948 2782 2095 2828 nem,
2155 2780 2335 2833 nequc
2396 2764 2507 2817 vim
2562 2763 2728 2816 ullam
2781 2770 2877 2815 aut
2925 2761 3219 2830 imperium
3284 2763 3338 2816 in
3400 2778 3529 2817 eum

1947 2858 2183 2912 obtinet.
2218 2856 2499 2910 Adventus
2550 2854 2696 2909 enim
2734 2852 2947 2907 Domini
2975 2862 3031 2907 et
3060 2853 3404 2922 providentia
3446 2863 3531 2908 est

1947 2959 2261 3019 propterea,
2293 2956 2353 3002 ut
2378 2948 2431 3001 in
2463 2947 2788 3002 servitutem
2811 2946 3032 3001 malitia:
3071 2946 3531 3016 redactos,eique

1947 3040 2216 3096 obnoxios
2273 3047 2331 3093 et
2383 3038 2704 3108 subjugatos
2752 3037 3051 3101 liberaret,
3092 3052 3156 3092 ac
3217 3039 3426 3107 peccati
3475 3050 3533 3092 et

1948 3129 2146 3183 mortis
2176 3127 2419 3183 victores
2464 3125 2727 3181 ediceret.
2762 3124 2884 3179 Non
2918 3124 3125 3181 debent
3173 3141 3305 3194 ergo
3334 3126 3532 3181 fratres

1950 3220 2318 3274 admiratione
2371 3217 2522 3282 duci,
2569 3215 2613 3271 si
2655 3232 2685 3270 a
2735 3215 3068 3284 quibusdam
3119 3216 3451 3287 afﬂigantur,
3475 3216 3530 3271 id

1948 3310 2029 3375 ﬁt,
2064 3316 2124 3363 ut
2150 3308 2504 3363 vindicentur
2536 3321 2568 3359 a
2595 3306 2817 3360 malitia.

2016 3484 2210 3538 XXIII.
2260 3483 2479 3538 Etenim
2538 3482 2820 3552 quondam
2871 3483 3049 3537 Moses
3094 3491 3148 3537 et
3174 3482 3379 3547 Aaron,
3404 3498 3530 3536 cum

1947 3578 2261 3647 potirentur
2304 3574 2639 3638 sacerdotio,
2674 3575 2845 3628 multa
2879 3574 3252 3642 pertulerunt.
3296 3572 3533 3642 Caiphas

1948 3678 2157 3733 autem,
2197 3668 2292 3737 qui
2327 3682 2520 3721 eorum
2555 3666 2875 3719 cathedram
2924 3664 3166 3727 tenebat,
3200 3664 3315 3733 ipse
3341 3680 3532 3734 perse-

1947 3769 2111 3815 cutus
2168 3768 2278 3823 est,
2323 3766 2381 3813 et
2423 3757 2816 3812 condemnavit
2875 3756 3213 3811 Dominum:
3266 3754 3535 3810 Dominus

1948 3860 2131 3906 tamen
2159 3849 2533 3905 sacerdotium
2578 3856 2898 3903 reverenter
2928 3848 3160 3912 habens,
3195 3847 3535 3917 permisitil-

1946 3944 2041 3998 lud
2069 3942 2207 3997 fieri.
2246 3942 2443 3996 Itidem
2476 3940 2755 4009 prophetae
2780 3955 2809 3992 a
2840 3948 3003 4009 gente
3047 3954 3144 3993 sua
3188 3938 3535 4007 persecutio-

1946 4051 2073 4091 nem
2101 4034 2246 4103 passi
2295 4040 2444 4087 sunt.
2489 4032 2689 4086 Postea
2736 4030 2925 4084 Mosen
2955 4029 3173 4098 excepit
3200 4028 3415 4093 Petrus,
3443 4028 3535 4082 cui

1947 4142 2088 4181 nova
2128 4124 2371 4180 Ecclesia
2414 4122 2620 4177 Christi
2657 4136 2723 4176 ac
2766 4136 2959 4175 verum
2994 4121 3365 4175 sacerdotium
3386 4134 3538 4174 com-

1948 4216 2175 4269 missum
2226 4224 2333 4268 est.
2367 4213 2487 4268 Jam
2534 4210 2685 4266 enim
2730 4219 2816 4265 est
2850 4210 3123 4279 baptisma
3156 4209 3298 4279 ignis
3328 4217 3384 4263 et
3418 4209 3534 4277 spi-

1949 4308 2111 4369 ritus,
2152 4313 2210 4358 et
2235 4303 2590 4358 circumcisio
2619 4301 2869 4371 quaedam
2902 4300 2957 4353 in
2992 4300 3159 4355 corde
3187 4300 3266 4353 fit.
3299 4299 3532 4353 Divinas

1948 4397 2094 4452 enim
2137 4403 2193 4449 et
2233 4393 2472 4449 caelestis
2516 4392 2757 4461 Spiritus
2797 4399 3171 4445 commoratur
3220 4389 3275 4442 in
3324 4396 3529 4442 mente.

265 4498 485 4556 τέλειοι,
520 4494 623 4555 ἕως
652 4493 789 4545 εἱσὶν
812 4492 892 4552 εἱς
921 4490 1017 4558 τὴν
1042 4488 1240 4557 σάρκα,
1268 4482 1633 4555 ἀμεριμνοῦσι
1674 4478 1761 4535 διὰ
1781 4482 1843 4535 τὸ
1879 4489 1920 4543 ι)
1944 4488 1956 4508 ‘

1841 4510 1843 4527 ι
1879 4488 2146 4543 DVerum
2190 4499 2370 4553 neque
2418 4483 2474 4537 hi
2527 4482 2780 4552 perfecti,
2812 4481 3060 4551 quandiu
3114 4480 3322 4535 suntin
3344 4493 3532 4543 carne,

269 4583 645 4648 αὐτεξούσιον,
704 4581 820 4634 ἀλλ’
876 4579 1104 4649 ἐμφοὸοί
1142 4579 1246 4630 εἱσι
1272 4592 1285 4606 ’
1323 4577 1404 4629 διὸ
1454 4577 1549 4629 καὶ
1583 4592 1843 4646 παραχω-

273 4676 496 4745 ροῦνται
548 4672 928 4742 πειράζεσθαι.
988 4671 1048 4722 Et
1095 4668 1151 4721 δὲ
1193 4667 1389 4737 φθάσει
1434 4668 1469 4739 ὴ
1513 4666 1661 4737 ψυχὴ
1708 4665 1845 4737 πρὸς

266 4768 489 4837 εκείνην
515 4765 613 4835 τὴν
642 4764 798 4817 πόλιν
827 4762 937 4815 τῶν
967 4761 1138 4829 ἁγίων
1166 4759 1444 4820 ἀπελθεῖν,
1474 4758 1594 4811 τότε
1620 4757 1845 4810 δύναται

271 4860 435 4931 μόνον
466 4857 595 4913 ἄνευ
644 4856 876 4926 θλίψεως
924 4853 1021 4907 καὶ
1072 4849 1441 4921 πειρατηρίων
1477 4843 1652 4903 εἶναι·
1702 4848 1849 4901 Ἑκεῖ

267 4954 381 5020 7&9
413 4951 597 5005 οὐκέτι
622 4948 738 5001 ἐστὶ
789 4946 1049 5017 μέριμνα,
1085 4943 1119 5015 ἢ
1161 4942 1359 5011 θλίψις,
1398 4940 1431 5011 ἢ
1467 4940 1647 5002 πόνος,
1680 4940 1714 5008 ἦ
1746 4937 1849 5007 γῆ-

274 5059 397 5114 ρας,
419 5041 453 5111 ἢ
494 5040 759 5102 Σατανᾶς,
785 5037 817 5105 ἢ
852 5034 1091 5103 πόλεμος
1114 5050 1128 5063 ·
1164 5032 1277 5085 ἀλλ’
1324 5032 1650 5094 ἀνάπαυσις,
1680 5028 1845 5097 χαρὰ,

270 5129 485 5199 εἱρήνη,
517 5127 611 5179 καὶ¹
638 5124 903 5194 σωτηρία.
962 5122 1020 5176 Ὀ
1042 5122 1148 5193 7&9
1170 5119 1374 5190 Κύριος
1399 5121 1457 5172 ἐν
1488 5120 1637 5189 μέσῳ
1668 5119 1850 5172 αὐτῶν

271 5216 444 5274 ἐστιν,
500 5212 559 5276 ὃς
612 5212 951 5264 ἐπικαλεῖται
990 5210 1180 5280 Σωτὴρ
1229 5210 1318 5263 διὰ
1366 5209 1427 5261 τὸ
1477 5210 1671 5271 σώζειν
1720 5208 1850 5270 τοὺς

272 5301 658 5373 αἰχμαλώτους
682 5317 700 5333 θ
736 5300 919 5373 ἰατρὸς
968 5299 1346 5367 ἐπικέκληται,
1385 5297 1572 5367 ἐπειδὴ
1601 5297 1852 5366 οὐράνιον

271 5393 373 5445 καὶ
402 5391 587 5445 θεῖκδν
607 5392 898 5461 φάρμακον
939 5390 1144 5455 δίδωσι,
1175 5388 1269 5443 καὶ
1297 5389 1441 5441 ίᾶται
1466 5389 1533 5441 τὰ
1580 5385 1728 5455 πάθη
1752 5385 1851 5454 τῆς

269 5484 491 5554 ψυχῆςο
549 5482 607 5537 ιν
649 5502 759 5538 τισι
826 5484 935 5554 7&9
984 5481 1299 5553 κυριεύουσι
1353 5480 1447 5533 τοῦ
1518 5478 1848 5546 ἀνθρώπουο

274 5576 417 5645 πρὸς
472 5576 630 5644 λόγον
686 5577 744 5629 δὲ
790 5577 985 5640 εἰπεῖν,
1021 5574 1137 5628 ἐστι
1187 5573 1458 5636 Βασιλεὺς
1510 5572 1604 5626 καὶ
1636 5571 1789 5635 Θεὸς,
1824 5572 1853 5622 δ

287 5667 501 5735 Ἰησοῦς
526 5685 542 5700 ·
572 5668 840 5739 τύραννος
865 5666 925 5720 δὲ
958 5668 1051 5719 καὶ
1080 5665 1263 5735 ἄρχων
1288 5664 1476 5727 κακὸς,
1517 5666 1547 5716 δ
1586 5663 1849 5724 Σατανᾶς.

1947 4583 2135 4631 carent
2180 4573 2558 4628 sollicitudine
2614 4581 2839 4641 propter
2899 4570 3115 4624 arbitrii
3184 4570 3533 4634 libertatem;

1946 4666 2041 4722 sed
2078 4672 2227 4720 metu
2270 4665 2661 4735 percutiuntur
2689 4703 2704 4727 ,
2764 4670 2929 4731 atque
2986 4670 3280 4732 propterea
3331 4659 3532 4716 tentari

1948 4759 2367 4830 permittuntur.
2400 4755 2501 4811 Ubi
2552 4768 2685 4809 vero
2721 4755 2903 4808 anima
2960 4753 3029 4807 ad
3070 4753 3220 4806 illam
3250 4751 3530 4825 civitatem

1948 4857 2265 4903 sanctorum
2300 4844 2641 4917 pervenerit,
2673 4851 2789 4899 tum
2808 4843 3029 4898 demum
3053 4842 3259 4911 absque
3287 4840 3536 4915 afﬂictio-

1950 4940 2117 4995 nibus
2168 4947 2223 4993 et
2276 4936 2679 4992 tentationibus
2734 4935 2901 4989 vitam
2963 4949 3124 5003 agere
3184 4941 3382 5002 potest.
3419 4932 3537 4986 Illic

1951 5030 2099 5085 enim
2140 5046 2249 5084 non
2284 5028 2522 5096 amplius
2556 5036 2642 5083 est
2671 5025 3012 5089 sollicitudo,
3047 5032 3143 5078 aut
3170 5023 3421 5084 afﬂictio,
3443 5028 3539 5076 aut

1951 5119 2131 5183 labor,
2174 5127 2272 5172 aut
2319 5124 2601 5180 senectus,
2645 5124 2740 5169 aut
2769 5114 3023 5178 Satanas,
3060 5122 3155 5167 aut
3186 5113 3413 5177 bellum,
3440 5110 3538 5166 sed

1953 5208 2200 5277 requies,
2236 5206 2524 5278 gaudium,
2570 5205 2759 5260 laetitia
2788 5214 2845 5259 et
2878 5204 3046 5257 salus.-
3082 5204 3141 5256 In
3176 5200 3358 5255 medio
3388 5201 3537 5255 enim

1954 5299 2176 5353 illorum
2207 5308 2291 5353 est
2317 5298 2603 5361 Dominus,
2632 5297 2727 5365 qui
2759 5297 3069 5366 appellatur
3091 5293 3364 5356 Salvator,
3387 5291 3535 5361 quod

1955 5388 2432 5458 liberct'captivos
2460 5406 2473 5441 :
2521 5388 2831 5457 appellatur
2862 5387 3133 5453 medicus,
3166 5384 3313 5455 quod
3364 5385 3532 5437 caele-

1956 5494 2095 5536 stem
2124 5489 2187 5535 ac
2213 5480 2456 5536 divinam
2480 5478 2810 5534 medicinam
2841 5478 3108 5542 conferat,
3132 5485 3187 5531 et
3218 5474 3542 5529 affectiones

1957 5574 2153 5627 animae
2178 5579 2374 5626 curet:
2429 5570 2781 5639 aliquatenus
2826 5567 2975 5623 enim
3011 5566 3306 5635 imperium
3333 5563 3389 5616 in
3428 5560 3535 5615 lio-

1960 5662 2164 5714 minem
2202 5659 2457 5715 obtinent
2506 5659 2629 5716 illa.
2669 5659 2787 5715 Uno
2822 5658 2995 5712 verbo
3019 5642 3206 5711 autem
3245 5663 3305 5710 ut
3330 5653 3535 5717 dicam,

272 5761 436 5815 Jesus
464 5768 549 5817 est
573 5760 691 5816 Rex
716 5768 773 5816 et
800 5760 980 5826 Deus;
1019 5758 1251 5814 Satanas
1293 5765 1474 5813 autem
1506 5765 1770 5827 tyrannus
1795 5764 1850 5809 ct
1883 5756 2138 5823 princeps
2174 5752 2449 5823 nequitiac.
