4282 6364
770 395 868 459 691

2007 393 2065 451 S.
2110 389 2425 449 MACARll
2466 384 2785 446 IEGYPTII

3908 378 4026 443 692

844 508 1028 566 XXIV.
1059 504 1215 572 Quod
1238 511 1508 573 superest,
1544 502 1691 555 Deus
1718 507 1775 553 et
1808 498 1984 567 angeli
2013 499 2131 567 ejus
2166 494 2344 547 homi—
2372 497 2417 551 Α
2514 494 2535 541 1·

2337 524 2344 534 -
2372 497 2417 551 Α
2514 493 2636 543 ΚΔ’.
2668 488 2869 543 Λοιπὸν
2898 488 2926 539 6
2973 486 3103 549 Θεὸς
3148 486 3239 539 καὶ
3268 486 3318 538 oi
3362 485 3583 553 ἄγγελοι
3608 484 3776 539 αὑτοῦ
3805 486 3898 539 τὸν
3923 488 4028 539 ἀν-

770 617 895 656 nem
929 600 1081 652 illum
1117 597 1308 649 volunt
1342 608 1447 647 una
1490 607 1675 646 secum
1711 588 2074 643 domesticum
2109 586 2339 639 reddere

771 693 825 745 in
860 705 1058 759 regno:
1096 688 1284 741 itidem
1333 685 1584 738 diabolus
1633 691 1689 736 et
1718 680 1895 749 angeli
1933 680 2051 747 ejus
2076 685 2339 743 emptant

765 798 894 834 eum
925 781 1028 835 sibi
1070 777 1369 847 adjungere
1418 789 1474 828 et
1519 773 1574 826 in
1614 786 1741 825 suas
1773 777 1957 837 partes
1992 766 2334 834 pertrahere.

768 872 942 926 Media
967 873 1132 940 igitur
1157 878 1239 923 est
1260 867 1440 921 anima
1471 864 1615 917 inter
1644 862 1783 915 duas
1806 861 2147 929 hypostases,
2174 866 2338 925 atque

769 976 942 1017 utram
974 964 1027 1015 in
1060 971 1267 1031 partem
1308 965 1493 1025 postea
1536 954 1813 1008 inclinarit
1844 953 2099 1005 voluntas
2119 949 2335 1009 aninne,

768 1058 886 1123 ejus
926 1054 981 1105 ﬁt
1023 1051 1265 1122 pr0pria,
1288 1050 1514 1117 ejusque
1559 1045 1724 1099 ﬁlius.
1771 1043 2001 1098 Perinde
2028 1050 2234 1105 autem,
2275 1053 2339 1093 ac

766 1147 813 1197 si
848 1146 1025 1196 mittat
1070 1150 1226 1209 pater
1261 1139 1533 1207 quispiam
1583 1138 1639 1190 in
1684 1135 1966 1205 regionem
1994 1134 2337 1203 peregrinam

768 1234 938 1285 tilium
984 1248 1169 1294 suum,
1204 1229 1297 1282 ubi
1348 1225 1715 1281 occurrantei
1741 1225 1794 1276 in
1820 1224 1905 1276 via
1939 1222 2151 1285 bestiae,
2175 1231 2339 1289 atque

764 1323 1016 1376 conferat
1058 1322 1134 1374 illi
1174 1322 1465 1388 pharmaca
1507 1325 1564 1370 et
1603 1315 1888 1379 antidota;
1921 1322 1981 1367 ut
2009 1312 2055 1366 si
2086 1313 2341 1366 adorian-

768 1424 858 1467 tur
891 1429 1016 1468 eum
1042 1414 1239 1466 bellua!
1271 1409 1676 1469 autdracones,
1708 1406 1890 1460 oblato
1927 1405 2222 1473 pharmaco
2248 1402 2339 1455 illa

768 1501 1098 1555 interﬁciat:
1147 1498 1341 1551 eodem
1387 1510 1607 1564 quoque
1647 1493 1808 1545 modo
1831 1508 1929 1545 vos
1962 1506 2181 1544 omnem
2210 1505 2339 1542 ner-

767 1608 892 1648 vum
930 1591 1221 1651 intendite,
1268 1598 1329 1642 ut
1376 1586 1657 1655 accipiatis
1716 1586 1939 1639 cmleste
1983 1585 2338 1653 pharmacum

766 1683 911 1751 quod
968 1682 1177 1735 mederi
1220 1689 1401 1749 potest
1459 1687 1514 1731 et
1546 1677 1856 1730 antidotum
1904 1686 1990 1729 est
2017 1675 2246 1736 anima};
2280 1683 2341 1727 ut

765 1774 885 1840 ejus
926 1770 1190 1824 beneﬁcio
1226 1767 1553 1821 interimatis
1581 1780 1853 1818 venenum
1890 1764 2211 1816 emittentes
2239 1762 2339 1814 be-

2444 584 2661 652 θρωπον
2688 581 2877 633 τοῦτον
2904 578 3181 649 βούλονται
3203 577 3592 631 οἰκειώσασθαι
3630 579 3749 646 μεθ’
3807 578 4027 631 ἑαυτῶν

2439 678 2517 735 είς
2549 674 2646 739 τὴν
2679 670 2953 739 βασιλείαν
2979 686 2991 700 ο
3024 669 3226 738 ὁμοίως
3260 670 3288 721 6
3311 668 3556 731 διάϐολος
3582 668 3679 720 καὶ
3705 669 3755 720 oi
3791 668 4022 734 ἄγγελοι

2439 763 2605 817 αὑτοῦ
2644 762 2891 813 θέλουσιν
2943 758 3331 813 οἰκειώσασθαι
3390 758 3581 811 τοῦτον
3627 760 3709 821 εἰς
3763 758 4025 819 ἑαυτούς.

2438 858 2594 923 Μέση
2639 851 2732 907 οὖν
2783 856 2929 906 ἐστιν
2972 855 3007 922 η
3049 853 3194 921 ψυχὴ
3236 852 3345 905 τῶν
3384 851 3478 905 δύο
3508 850 3883 912 ὑποστάσεων,
3922 850 4025 901 καὶ

2437 947 2622 998 λοιπὸν
2644 946 2722 1007 είς
2750 940 2861 997 οἷον
2891 941 2956 995 ἀν
2992 943 3156 1012 μέρος
3193 942 3330 1011 ρέψῃ
3353 942 3413 993 τὸ
3444 942 3655 1009 θέλημα
3683 941 3783 1009 τῆς
3809 939 4023 1008 ψυχῆς,

2439 1038 2650 1090 ἐκείνου
2686 1036 2894 1103 γίνεται
2938 1034 3032 1086 καὶ
3072 1034 3207 1096 υίός.
3261 1034 3471 1102 Ὠσπερ
3504 1032 3561 1084 δὲ
3592 1032 3686 1084 ὲάν
3718 1030 4025 1100 ἀποστείλῃ

2437 1146 2521 1193 τις
2556 1128 2738 1197 πατὴρ
2761 1128 2840 1189 είς
2864 1125 3101 1195 πατρίδα
3144 1124 3299 1192 ξένην
3333 1123 3425 1176 τὸν
3473 1122 3667 1176 ἑαυτοῦ
3694 1123 3830 1186 υἱὸν,
3878 1123 4022 1174 ὅπου

2438 1218 2755 1272 ἀπαντῶσιν
2787 1216 2933 1287 αὑτῷ
2959 1215 3082 1269 καθ’
3121 1216 3240 1268 ὁδὸν
3272 1214 3459 1285 θηρία,
3494 1215 3587 1267 καὶ
3616 1214 3829 1266 δίδωσιν
3861 1212 4021 1282 αὑτῷ

2440 1310 2731 1378 φάρμακα,
2765 1307 2862 1360 καὶ
2897 1307 3143 1360 ἀντίδοτα
3163 1323 3177 1337 ·
3208 1306 3296 1358 ἵνα
3330 1290 3426 1357 ἒάν
3462 1304 3610 1374 αὐτῷ
3643 1303 3913 1357 ἐπέλθωσι
3945 1304 4023 1357 τὰ

2441 1402 2663 1474 θηρίαῆ
2707 1403 3017 1473 δράκοντες,
3060 1400 3228 1470 ἐπιδῷ
3273 1400 3335 1453 τὸ
3385 1401 3699 1469 φάρμακον,
3750 1398 3845 1451 καὶ
3880 1398 4026 1450 ἀπο-

2440 1493 2625 1563 κτείνῃ
2668 1494 2837 1545 αὑτά·
2887 1492 3060 1553 οὕτως
3118 1492 3213 1543 καὶ
3256 1492 3417 1560 ἡμεῖς
3452 1492 3789 1543 σπουδάσατε
3826 1489 4023 1542 λαϐεῖν

2440 1583 2761 1651 ἐπουράνιον
2820 1583 3132 1651 φάρμακον,
3163 1582 3224 1633 τὸ
3284 1582 3573 1649 ίαματικὸν
3612 1582 3707 1634 καὶ
3738 1581 4023 1632 ἀντίδοτον

2439 1673 2544 1739 τῆς
2578 1673 2779 1740 ψυχῆς,
2810 1672 2896 1724 ἵνα
2923 1673 2990 1723 δι’
3013 1671 3179 1723 αὑτοῦ
3214 1672 3573 1738 ἀποκτείνητε
3596 1671 3663 1722 τά
3697 1670 3876 1722 ίοϐόλα
3914 1670 4023 1737 θη-

2445 1760 2535 1828 ρία
2566 1762 2671 1812 τῶν
2695 1760 3019 1829 ἀκαθάρτων
3055 1762 3403 1828 πνευμάτων.
3435 1762 3547 1812 Ούκ
3573 1760 3688 1811 ἐστι
3722 1760 3830 1828 γάρ
3852 1759 4023 1811 duo.

767 1838 899 1913 stias
930 1857 1335 1911 immundorum
1376 1854 1691 1923 spirituum.
1724 1853 1843 1905 Non
1871 1862 1956 1905 est
1983 1851 2129 1904 enim
2158 1850 2334 1913 facile,
2370 1838 2411 1893 Β
2442 1850 2458 1901 λ

2330 1891 2334 1907 ,
2370 1838 2411 1893 Β
2442 1850 2530 1903 λον
2588 1852 2841 1919 πρᾶγμα,
2908 1849 3152 1917 καθαρὰν
3198 1849 3423 1919 καρδίαν
3461 1848 3802 1919 κτήσασθαι·
3850 1849 3901 1901 εί
3938 1848 4021 1917 μὴ

766 1966 963 2019 purum
997 1965 1092 2003 cor
1144 1948 1447 2018 possidere,
1485 1946 1591 1999 nisi
1650 1946 1823 1997 multo
1872 1959 1994 1997 cum
2035 1942 2337 1997 certamine

766 2048 823 2094 et
876 2040 1086 2100 labore,
1131 2039 1286 2106 102
1328 2047 1390 2091 ut
1439 2035 1834 2090 conscientiam
1887 2042 1942 2087 et
1992 2048 2088 2086 cor
2134 2046 2337 2101 purum

766 2130 968 2184 habeat
997 2130 1185 2192 homo,
1217 2137 1280 2181 ut
1313 2127 1533 2196 penitus
1565 2125 1831 2179 evellatur
1860 2123 2124 2191 nequitia.

837 2220 1000 2275 XXV.
1049 2220 1330 2289 Contingit
1377 2219 1527 2273 enim
1571 2217 1745 2288 gratia
1784 2216 2020 2285 aliquem
2049 2215 2337 2284 przeditum

765 2326 909 2374 esse,
948 2312 1105 2380 cujus
1136 2320 1315 2364 tamen
1358 2325 1452 2363 cor
1497 2308 1742 2362 nondum
1770 2308 1841 2360 sit
1872 2305 2239 2376 puriﬁcatum.
2270 2307 2338 2360 Et

767 2412 1055 2470 propterea
1079 2402 1397 2456 ceciderunt
1439 2400 1531 2469 qui
1578 2399 1715 2468 lapsi
1754 2407 1905 2462 sunt,
1955 2414 2022 2453 eo
2053 2399 2199 2467 quod
2224 2414 2336 2452 non

769 2493 1144 2556 crediderunt,
1178 2502 1303 2560 post
1352 2500 1631 2559 acceptam
1670 2490 1900 2559 gratiam
1932 2489 2207 2543 adhaerere
2232 2490 2338 2544 illis

768 2585 975 2637 fumum
999 2599 1063 2636 ac
1084 2593 1390 2650 peccatum.
1415 2581 1616 2635 Omnes
1638 2580 1914 2649 verojusti
1942 2595 2037 2647 per
2054 2589 2336 2647 angustam

767 2680 931 2738 atque
959 2670 1269 2724 aﬂlictionis
1304 2671 1521 2739 plenam
1547 2669 1691 2722 viam
1721 2684 1896 2737 usque
1926 2667 1992 2721 ad
2034 2667 2197 2720 tinem
2226 2668 2337 2722 Deo

767 2762 1042 2830 placuere.
1076 2761 1423 2815 Abrahamus
1453 2776 1577 2813 cum
1609 2768 1755 2814 esset
1785 2760 1959 2825 dives,
1997 2769 2109 2813 tum
2137 2775 2336 2814 secun-

769 2853 897 2905 dum
946 2854 1113 2906 Deum
1166 2862 1281 2906 tum
1336 2855 1636 2906 secundum
1700 2852 2005 2913 mundum,
2051 2861 2246 2905 terram
2275 2869 2338 2905 ac

768 2942 1038 3012 pulverem
1075 2943 1120 2973 “
1166 2958 1223 2997 se
1263 2943 1441 3011 ipsum
1483 2944 1805 2995 nominavit.
1850 2944 1916 2996 Et
1947 2944 2114 2996 David
2166 2962 2178 2997 :
2234 2944 2338 3013 0p-

766 3034 1034 3101 probrium
1095 3035 1380 3096 hominum,
1424 3034 1621 3102 inquit.
1664 3043 1713 3085 et
1770 3034 1987 3103 abjectio
2031 3033 2211 3103 plebis.
2245 3036 2333 3099 Et,

2444 1939 2581 2008 μετὰ
2616 1940 2823 2005 ἀγῶνος
2863 1938 3060 1990 πολλοῦ
3111 1940 3204 1992 καὶ
3258 1939 3529 2006 καμάτου,
3579 1939 3663 1990 ἵνα
3708 1938 4022 2008 συνείδησιν

2438 2031 2532 2082 καὶ
2583 2030 2827 2099 καθαρὰν
2887 2029 3112 2095 καρδίαν
3166 2030 3433 2099 κτήσηται
3485 2030 3512 2081 6
3561 2030 3868 2100 ἄνθρωπος,
3924 2030 4021 2081 ἵνα

2438 2121 2697 2183 ὀλοτελῶς
2720 2120 2991 2191 ἐκριζωθῇ
3021 2120 3079 2173 τὸ
3105 2122 3294 2174 κακόν.

2510 2213 2637 2266 KE'.
2679 2214 2791 2266 Καὶ
2820 2213 2981 2282 χάριν
3019 2213 3125 2283 γὰρ
3155 2212 3443 2283 συμϐαίνει
3469 2209 3604 2267 εἶναι
3634 2212 3712 2276 εῐς
3747 2231 3900 2280 τινα,
3919 2218 4023 2269 καὶ

2438 2306 2471 2376 ἡ
2504 2306 2699 2376 καρδία
2728 2306 2786 2358 ού
2817 2305 3215 2375 κεκαθάρισται
3244 2320 3257 2333 ·
3296 2304 3392 2357 καὶ
3434 2304 3523 2357 διά
3549 2304 3706 2358 τοῦτο
3736 2304 3935 2359 ἔπεσον
3964 2310 4019 2361 oi

2439 2396 2719 2459 πεσόντες,
2743 2398 2825 2449 ὅτι
2854 2397 2955 2448 ούκ
2989 2398 3317 2449 ἐπίστευσαν
3346 2395 3484 2464 μετά
3516 2396 3615 2465 τὴν
3644 2399 3803 2467 χάριν
3829 2400 4019 2450 συνεῖ-

2439 2505 2525 2539 ναι
2564 2489 2745 2550 αὐτοῖς
2791 2487 2882 2540 τὸν
2916 2486 3122 2539 καπνὸν
3183 2488 3277 2538 καὶΙ
3317 2486 3415 2556 τὴν
3459 2488 3734 2555 ἁμαρτίαν
3764 2505 3775 2518 ·
3813 2489 4023 2552 πάντες

2438 2576 2493 2627 δὲ
2512 2578 2562 2627 oi
2594 2577 2791 2628 δίκαιοι
2819 2576 2909 2628 διά
2940 2576 3039 2644 τῆς
3085 2574 3277 2644 στενῆς
3315 2578 3409 2628 καὶ
3460 2576 3831 2646 τεθλιμμένης
3863 2579 4018 2640 ὁδοῦ,

2443 2664 2603 2737 μέχρι
2651 2667 2838 2728 τέλους
2891 2666 3268 2736 εὐηρέστησαν
3322 2665 3398 2735 τῷ
3455 2666 3595 2735 Θεῷ.
3656 2666 3714 2719 'U
3760 2667 4022 2736 Ἀϐραὰμ

2440 2758 2579 2811 κατά
2613 2758 2744 2809 Θεὸν
2776 2756 3029 2819 πλούσιος
3059 2754 3154 2820 ὢν,
3187 2757 3280 2809 καὶ
3316 2756 3456 2810 κατά
3482 2758 3706 2826 κόσμον,
3738 2756 3857 2824 γῆν
3890 2758 4021 2809 ἑαυς-

2436 2848 2527 2899 τὸν
2558 2848 2653 2901 καί
2672 2847 2904 2902 σποδὸν
2945 2847 3248 2917 ὠνόμαζεν·
3281 2848 3374 2901 καὶ
3415 2847 3600 2911 Δαϐιδ,
3621 2846 3885 2911 Ὀνειδος
3920 2848 4024 2901 ἀν-

2438 2938 2701 3005 θρώπων,
2728 2939 2879 3008 φησὶ,
2903 2938 2995 2990 καὶ
3016 2938 3395 3007 ἐξουδένωμα
3414 2936 3600 3000 λαῶν,
3624 2939 3717 2990 καὶ
3740 2938 4019 3007 σκώληξ,

2438 3032 2537 3083 καί
2570 3033 2680 3084 οὐκ
2716 3031 3045 3098 ἄνθρωπος.
3124 3031 3357 3099 Ὀμοίως
3410 3032 3612 3093 πάντες
3646 3033 3693 3083 oi
3726 3031 4019 3084 ἀπόστολοι

766 3123 954 3174 vermis
995 3130 1041 3174 et
1086 3140 1187 3175 non
1231 3124 1380 3175 homo
1401 3122 1463 3175 “.
1497 3121 1761 3176 Similiter
1787 3138 1978 3176 omnes
2012 3126 2242 3192 apostoli
2277 3134 2332 3179 et
2360 3163 2403 3220 ο
2439 3141 2457 3175 ›

2322 3134 2332 3179 i
2360 3163 2403 3220 Ο
2439 3124 2532 3175 καὶ
2567 3124 2840 3193 προφῆται
2881 3123 3333 3193 κακουχούμενοι,
3395 3122 3778 3192 ὀνειδιζόμενοι
3825 3118 3966 3192 ἦσαν
4000 3140 4013 3153 ·

767 3211 1048 3278 prophetae
1091 3212 1229 3265 male
1259 3212 1428 3264 habiti
1475 3214 1702 3265 summis
1733 3213 2109 3267 aﬂiciebantur
2139 3228 2334 3270 contu-

767 3299 967 3352 meliis.
1001 3301 1263 3353 Dominus
1290 3300 1426 3369 ipse,
1460 3300 1552 3369 qui
1580 3300 1667 3353 via
1696 3312 1779 3353 est
1809 3311 1863 3354 et
1885 3302 2048 3367 Deus,
2084 3317 2335 3358 cumnon

767 3398 994 3459 propter
1024 3390 1263 3458 seipsum
1304 3392 1399 3444 sed
1429 3400 1652 3460 propter
1697 3401 1747 3445 te
1786 3392 1955 3456 venit,
1982 3402 2040 3445 ut
2067 3404 2225 3463 typus
2274 3410 2337 3448 ac

766 3478 1078 3545 exemplum
1101 3479 1197 3531 tibi
1225 3478 1378 3533 licret
1412 3480 1592 3534 omnis
1615 3480 1773 3544 boni;
1804 3482 2079 3551 perpende
2101 3483 2154 3534 in
2174 3499 2337 3551 quan—

769 3575 878 3618 tam
920 3566 1285 3620 humilitatem
1310 3584 1366 3622 se
1403 3570 1687 3637 abjecerit,
1724 3568 1895 3623 forma
1923 3571 2064 3624 servi
2093 3582 2333 3641 accepta,

767 3654 863 3722 qui
890 3662 974 3708 est
1000 3655 1162 3717 Deus,
1186 3657 1279 3709 Dei
1307 3656 1498 3719 Filius,
1536 3657 1673 3721 Rex,
1702 3658 1872 3712 Filius
1906 3659 2089 3729 Regis,
2127 3661 2337 3716 donans

767 3744 990 3813 quidem
1017 3746 1131 3813 ipse
1152 3748 1399 3801 curantia
1418 3748 1727 3816 pharmaca,
1753 3763 2058 3819 sanansque
2078 3753 2336 3806 vulnera-

769 3844 881 3899 tos;
928 3839 1170 3892 exterius
1205 3847 1386 3891 tamen
1421 3838 1573 3891 velut
1611 3854 1753 3893 unus
1789 3842 2199 3897 vulneratorum
2238 3860 2336 3913 ap-

768 3940 988 3994 parens.

843 4015 1029 4071 XXVI.
1057 4015 1323 4071 Czeterum
1349 4035 1417 4073 ne
1435 4018 1703 4089 despicias
1730 4021 1968 4075 divinam
1994 4023 2335 4093 dignitatem,

769 4102 900 4157 dum
925 4106 1195 4174 conspicis
1220 4106 1372 4161 illum
1404 4109 1649 4163 exterius
1683 4111 2051 4179 humiliatum,
2088 4122 2147 4167 ut
2185 4115 2339 4167 simi-

770 4191 877 4245 lem
929 4193 1122 4259 nobis;
1177 4205 1405 4265 pr0pter
1444 4214 1545 4251 nos
1572 4200 1651 4253 sic
1672 4204 1943 4269 apparuit,
1974 4219 2083 4256 non
2114 4215 2337 4273 propter

768 4294 828 4334 se
856 4280 1363 4351 ipsum.Perpende,
1393 4300 1454 4337 ea
1479 4285 1611 4340 hora
1628 4303 1733 4356 qua
1764 4289 2073 4343 clamabant
2102 4309 2113 4343 :
2150 4290 2335 4346 Cruci-

766 4367 890 4436 fige,
951 4368 1195 4437 cruciﬁge
1277 4387 1393 4422 eum
1415 4372 1480 4435 ",
1560 4388 1623 4425 ac
1673 4374 1908 4442 populus
1951 4378 2333 4442 concurrebat,

767 4475 931 4529 quam
980 4460 1300 4516 humiliatus
1333 4473 1449 4517 erat
1491 4480 1600 4533 prae
1640 4467 1931 4521 omnibus?
1960 4468 2331 4535 Quemadmo-

2438 3215 2599 3276 αὐτὸς
2626 3218 2653 3267 6
2688 3214 2898 3284 Κύριος
2929 3215 2988 3277 ὃς
3021 3216 3168 3267 ἐστιν
3194 3214 3309 3276 ὁδὸς
3360 3214 3453 3265 καὶ
3493 3213 3624 3277 Θεὸς
3657 3213 3825 3266 ἐλθὼν
3853 3215 3914 3266 οὐ
3947 3214 4017 3267 δι’

2438 3307 2648 3371 ἑαυτὸν,
2682 3307 2817 3360 ἀλλά
2857 3306 2943 3360 διά
2987 3307 3066 3369 σὲ,
3101 3307 3187 3359 ἴνα
3215 3324 3294 3358 σοι
3352 3306 3521 3369 τύπος
3551 3306 3782 3373 γένηται
3814 3307 4019 3369 παντὸς

2436 3398 2664 3464 ἀγαθοῦ,
2699 3398 2861 3467 βλέπε
2908 3400 2987 3461 είς
3034 3397 3192 3449 ποίαν
3237 3397 3564 3449 ταπείνωσιν
3608 3391 3761 3465 ἦλθε,
3799 3396 4015 3466 μορφήν

2436 3486 2621 3539 δούλου
2646 3486 2843 3549 λαϐὼν,
2869 3486 3019 3549 Θεὸς,
3049 3485 3175 3546 Υίὺς
3198 3484 3356 3548 Θεοῦ,
3379 3484 3661 3548 Βασιλεὺς,
3687 3484 3814 3546 Υἱὸς
3854 3484 4013 3552 βασι-

2437 3577 2593 3642 λέως,
2653 3578 2827 3640 διδοὺς
2893 3578 2993 3649 μὲν
3051 3577 3213 3638 αὐτὸς
3258 3575 3520 3644 ίαματικά
3571 3575 3860 3643 φάρμακα,
3917 3575 4013 3627 καὶ

2439 3668 2755 3737 θεραπεύων
2810 3670 2933 3731 τοὺς
2973 3666 3545 3736 τετραυματισμένους
3577 3682 3591 3696 ·
3633 3665 3833 3731 ἔξωθεν
3858 3665 3916 3719 δὲ
3938 3664 4015 3727 ὡς

2438 3755 2518 3820 εἷς
2548 3762 2653 3813 τῶν
2678 3761 3233 3830 τετραυματισμένων
3264 3759 3605 3828 φαινόμενος.

2507 4020 2653 4086 KG'.
2704 4017 2863 4071 Ἀλλά
2907 4016 2981 4087 μὴ
3018 4017 3437 4087 καταφρονήσῃς
3461 4015 3557 4069 τοῦ
3616 4016 3800 4071 θεῖκοῦ
3847 4016 4012 4077 ἀξιώ-

2441 4127 2629 4178 ματος,
2686 4110 2899 4178 βλέπων
2953 4109 3116 4161 αὑτὸν
3159 4107 3359 4171 ἔξωθεν
3408 4104 4014 4176 τεταπεινωμένονῖὒς

2438 4202 2622 4269 ὅμοιον
2651 4202 2780 4269 ἡμῖν
2803 4215 2817 4229 ·
2860 4200 2927 4250 δι’
2956 4199 3103 4267 ἡμᾶς
3146 4198 3317 4259 οὕτως
3370 4198 3565 4267 ἐφάνη,
3597 4198 3658 4250 οὐ
3689 4197 3756 4249 δι’
3791 4199 4008 4252 ἑαυτόν.

2450 4293 2732 4361 Ἐννόησον
2766 4293 2823 4343 ὲν
2924 4289 3042 4360 ὥρᾳ
3099 4289 3355 4358 ἔκραζον,
3408 4290 3787 4356 Σταύρωσον,
3821 4293 4013 4343 σταύ-

2428 4398 2635 4450 ρωσον
2668 4382 2875 4445 αὑτὸν,
2899 4382 2992 4433 καὶ
3021 4379 3049 4430 6
3081 4379 3236 4447 ὄχλος
3267 4380 3585 4449 συνήρχετο,
3622 4379 3735 4442 πῶς
3761 4376 3829 4450 ἦν
3852 4399 4012 4435 τετα-

2437 4474 2772 4541 πεινωμένος
2802 4471 2954 4541 παρά
2987 4469 3217 4531 πάντας.
3255 4469 3467 4539 Ὥσπερ
3497 4472 3554 4522 ὲν
3587 4473 3699 4533 τοῖς
3735 4473 4011 4542 φαινομέ-

769 4550 900 4603 dum
942 4550 997 4603 in
1037 4552 1205 4605 rebus
1231 4555 1657 4621 aspectabilibus
1700 4558 1743 4609 si
1785 4559 1908 4626 quis
1938 4561 2007 4613 sit
2032 4560 2335 4629 improbus,
2369 4557 2413 4611 ι)
2443 4585 2460 4618 ι

2321 4604 2335 4628 ,
2369 4557 2413 4611 D
2443 4581 2575 4627 νοις,
2602 4565 2695 4615 ἐάν
2789 4561 3103 4624 κακοποιὸς,
3131 4561 3227 4613 καὶ
3255 4560 3393 4631 λάϐῃ
3426 4561 3700 4629 ἀπόφασιν
3735 4562 3885 4631 παρά
3915 4564 4009 4615 τοῦ

766 4649 1057 4710 postquam
1103 4645 1381 4712 acceperit
1425 4648 1753 4700 sententiam
1798 4664 1829 4702 a
1867 4652 2210 4719 magistratu,
2266 4655 2335 4707 ab

770 4731 1030 4785 universo
1048 4735 1251 4801 populo
1274 4736 1637 4789 exsecrationi
1660 4737 1981 4804 devovetur,
2004 4755 2068 4794 ac
2088 4750 2336 4795 contem-

768 4826 885 4894 ptui
934 4825 1210 4889 habetur,
1263 4827 1344 4881 sic
1377 4844 1595 4896 quoque
1644 4829 1907 4882 Dominus
1960 4830 2092 4884 hora
2134 4832 2334 4899 crucis,

766 4921 1025 4981 tanquam
1080 4915 1244 4967 homo
1284 4916 1449 4967 vitam
1514 4932 1636 4968 cum
1677 4925 1851 4969 morte
1883 4929 2336 4982 commutaturus,

765 5004 1215 5063 vilipendebatur
1261 5021 1292 5059 a
1337 5006 1646 5060 Pharisazis.
1707 5006 1936 5072 Quando
1991 5024 2183 5063 rursus
2209 5025 2339 5063 con-

764 5106 1039 5163 spuerunt
1080 5098 1135 5151 in
1174 5098 1385 5152 vultum
1430 5100 1570 5169 ejus,
1608 5108 1663 5153 et
1696 5101 2075 5170 imposuerunt
2102 5102 2152 5155 ei
2184 5117 2341 5155 coro-

766 5202 891 5240 nam
948 5189 1218 5257 spineam,
1249 5199 1303 5243 et
1347 5192 1591 5259 colaphis
1623 5208 1747 5245 eum
1798 5193 2139 5257 ceciderunt,
2172 5210 2334 5264 quam

768 5291 879 5329 non
901 5277 1289 5347 Supergressus
1318 5289 1401 5332 est
1441 5280 1843 5335 humilitatem?
1872 5282 2155 5351 Scriptum
2187 5285 2333 5337 enim

766 5376 890 5419 est:
927 5366 1154 5421 Dorsum
1192 5388 1360 5422 meum
1410 5372 1528 5423 dedi
1580 5372 1990 5441 ﬂagellantibus,
2026 5390 2118 5427 nec
2171 5376 2337 5428 averti

768 5454 956 5523 [aciem
986 5473 1159 5509 meam
1190 5475 1219 5508 a
1247 5462 1573 5527 turpitudine
1597 5464 2014 5531 conspuentium,
2064 5480 2156 5515 nec
2174 5481 2336 5533 genas

772 5562 912 5597 meas
958 5564 989 5599 a
1034 5550 1435 5619 percutientibus
1464 5550 1531 5603 “.
1567 5551 1721 5616 Quod
1756 5552 1799 5606 si
1835 5552 1979 5605 Deus
2006 5561 2185 5607 tantas
2208 5568 2341 5607 con-

771 5637 1046 5703 tumelias,
1074 5641 1381 5708 passionem
1410 5658 1472 5697 ac
1515 5642 1880 5697 humilitatem
1911 5643 2100 5708 subiit,
2136 5654 2215 5707 tu,
2248 5645 2341 5714 qui

2441 4658 2721 4725 ἄρχοντος,
2763 4654 2950 4705 λοιπὸν
3011 4654 3116 4706 ὑπὸ
3170 4650 3265 4704 τοῦ
3309 4652 3481 4721 δήμου
3538 4653 3657 4705 ὅλου
3720 4653 4013 4722 βδελυκτός

2441 4747 2557 4797 ἐστι
2581 4742 3134 4811 καὶὲξουδενωμένος.
3168 4740 3354 4803 Οὕτως
3382 4742 3409 4793 6
3436 4740 3640 4810 Κύριος
3670 4743 3727 4794 ἐν
3776 4746 3842 4811 τῇ
3892 4742 4013 4814 ὥρᾳ

2442 4831 2536 4884 τοῦ
2597 4830 2871 4900 σταυροῦ·
2931 4831 3005 4893 ὡς
3046 4830 3331 4898 ἄνθρωπος
3368 4831 3576 4900 μέλλων
3638 4832 4011 4900 ἀποθνήσκειν

2444 4920 2923 4989 κατευτελισμένος
2978 4916 3046 4990 ἦν
3093 4921 3196 4974 ὑπὸ
3249 4922 3355 4973 τῶν
3409 4921 3740 4992 Φαρισαίων.
3797 4923 3921 4974 Ὅτε
3955 4922 4011 4974 δὲ

2446 5012 2608 5063 πάλιν
2643 5012 2948 5063 ἐνέπτυσαν
2984 5012 3061 5074 είς
3100 5011 3160 5062 τὸ
3212 5011 3505 5081 πρόσωπον
3541 5010 3729 5076 αὑτοῦ,
3784 5013 3878 5063 καὶ
3920 5014 4015 5063 ὲπ-

2443 5099 2648 5171 έθηκαν
2678 5099 2825 5169 αὑτῷ
2846 5098 3131 5152 ἀκάνθινον
3160 5101 3440 5166 στέφανον,
3470 5102 3558 5153 καὶ
3578 5101 3879 5172 ὲῤῥάπισαν
3912 5103 4011 5155 αύ-

2438 5192 2548 5253 τὸν,
2579 5192 2735 5243 ποίαν
2762 5191 2856 5260 ούχ
2878 5190 3118 5260 ὑπερέϐη
3138 5192 3487 5245 ταπείνωσινῑ
3528 5192 3848 5261 Γέγραπται
3875 5194 4007 5261 γὰρ.

2443 5282 2524 5335 ὅτι
2552 5283 2661 5335 Τὸν
2686 5282 2878 5335 νῶτόν
2920 5298 3037 5348 μου
3081 5281 3309 5334 δέδωκα
3346 5285 3433 5347 είς
3466 5285 3785 5349 μάστιγας,
3820 5282 3918 5334 καί
3946 5285 4013 5335 τὸ

2443 5374 2767 5440 πρόσωπόν
2782 5390 2901 5443 μου
2932 5375 3043 5426 οὐκ
3068 5372 3423 5441 ἀπεστράφη
3448 5374 3563 5426 ἀπὸ
3588 5374 3887 5440 αἰσχύνης
3909 5374 4011 5440 ἐμ-

2443 5461 2826 5528 πτυσμὰτων,
2852 5463 2949 5515 καὶ
2973 5461 3079 5527 τὰς
3110 5463 3397 5529 σιαγόνας
3416 5479 3534 5529 μου
3566 5462 3683 5515 ἀπὸ
3704 5460 4014 5529 ρηπισμὰ-

2445 5572 2582 5607 των.
2611 5555 2672 5606 Ei
2701 5554 2757 5606 δὲ
2780 5554 2807 5604 ὁ
2831 5553 2963 5616 Θεὸς
2989 5556 3067 5615 είς
3089 5552 3353 5614 τοσαύτας
3373 5551 3576 5620 ὕϐρεις,
3597 5551 3689 5603 καὶ
3724 5550 3894 5619 πάθη,
3919 5550 4014 5602 καὶ

2444 5644 2772 5699 ταπείνωσιν
2802 5644 3060 5713 κατῆλθε,
3099 5646 3163 5698 σὺ
3190 5645 3218 5697 6
3252 5644 3412 5713 φύσει
3465 5642 3721 5713 βόρϐορος
3778 5642 3875 5694 καὶ
3908 5640 4013 5709 φύ-

840 5784 882 5814 ⁶³
910 5781 1044 5837 Gen.
1087 5799 1233 5848 xvm,
1268 5784 1355 5837 Ἦ.
1434 5785 1477 5815 ⁸⁸
1505 5784 1702 5839 Psalm.
1730 5802 1836 5848 xxi,
1870 5787 1919 5849 7,
1998 5787 2039 5817 "
2079 5786 2209 5838 Luc.
2240 5802 2387 5847 XXIII,
2420 5786 2510 5839 2|.

1268 5784 1355 5837 Ἦ.
1434 5785 1477 5815 ⁸⁸
1505 5784 1702 5839 Psalm.
1730 5802 1836 5848 xxi,
1870 5787 1919 5849 7,
1998 5787 2039 5817 "
2079 5786 2209 5838 Luc.
2240 5802 2387 5847 χχιιι,
2420 5786 2510 5839 2|.
2587 5786 2629 5818 “
2666 5784 2747 5837 lsa
2806 5800 2855 5847 L,
2894 5783 2944 5836 6.
