4282 6364
1416 396 1787 461 HOMILUE.
1815 424 1885 436 -
1913 402 2099 464 HOM.
2133 401 2375 465 XXVII.

3400 400 3510 467 694

254 510 393 557 σεως
437 495 663 566 θνητῆς,
694 498 793 551 ὅσα
828 498 894 552 ἂν
942 500 1306 572 ταπεινωθῇς,
1344 504 1499 558 οὐδέν
1539 507 1725 577 ὅμοιον
1752 506 1831 578 τῷ
1859 514 1904 569 Α
1933 524 1945 562 1

1816 506 1831 561 3
1859 514 1904 569 Α
1933 518 2126 564 natura
2160 510 2327 565 limus
2346 524 2428 573 es,
2457 516 2515 564 ct
2543 508 2791 565 mortalis
2832 514 3065 573 naturae,
3098 516 3507 580 quantumcun—

252 585 501 655 Δεσπότῃ
532 603 627 639 σου
662 590 934 659 ποιήσεις.
988 591 1048 645 ⁸0
1078 591 1211 655 Θεὸς
1251 593 1341 647 διά
1373 595 1433 647 σε
1488 596 1683 650 ἑαυτὸν
1711 600 1833 651 ιτα-

253 676 511 740 πείνωσε,
537 678 634 729 καὶ
680 679 746 731 σὺ
798 679 887 732 διά
922 682 1147 735 σεαυτὸν
1177 685 1239 737 οὐ
1286 685 1665 753 ταπεινοῦσαι,
1713 689 1831 744 ἀλλ’

252 766 459 835 tanaim
502 767 600 820 atat
628 767 928 835 τυφοῦσαι·
962 765 1095 841 ἦλθε
1144 773 1253 844 γὰρ
1271 775 1370 837 τὰς
1406 774 1613 845 θλίψεις
1644 779 1735 831 καὶ
1762 777 1833 831 τά

252 852 397 923 βάρη
423 854 632 919 λαϐεῖν,
658 856 753 908 καὶ
806 857 906 925 τὴν
949 859 1116 912 αὑτοῦ
1151 862 1462 915 ἀνάπαυσίν
1488 880 1571 917 σοι
1601 864 1785 918 δοῦναι
1811 882 1825 897 ο

252 947 349 999 καὶ
406 948 470 999 σὺ
505 948 566 1001 οὐ
600 949 775 1014 θέλεις
808 952 1007 1015 πόνους
1052 952 1316 1023 βαστάσαι
1368 956 1463 1009 καὶ
1495 958 1708 1022 παθεῖν,
1743 958 1831 1010 ἵνα

253 1037 400 1091 οὕτω
427 1039 631 1111 δυνηθῇ
665 1058 762 1094 σου
803 1042 875 1095 τά
902 1043 1200 1114 τραύματα
1230 1046 1431 1111 ίάσεως
1459 1050 1663 1118 τυχεῖν.
1691 1045 1831 1113 Δόξα

250 1131 321 1199 τῇ
369 1131 537 1202 ἀνοχῇ
569 1132 667 1187 καὶ
725 1135 1081 1208 μακροθυμίᾳ
1117 1136 1306 1203 αὑτοῦ,
1334 1140 1414 1203 είς
1451 1139 1579 1203 τοὺς
1604 1138 1827 1203 αίῶνας.

265 1219 462 1290 Ἀμήν.

818 1424 1065 1477 ΟΜῙΔῙΑ
1130 1426 1259 1480 KZ'.

248 1510 392 1587 Περὶ
408 1508 522 1587 τῆς
546 1510 864 1587 ἀειόιςητος
900 1514 1299 1587 καί-στάσεως
1325 1516 1435 1587 τοῦ
1462 1520 1829 1587 Χριστιανοῦ

322 1579 640 1657 ἀζθρώῃου
824 1579 1075 1657 acuti»;
1130 1579 1525 1657 διητὸυμέγῆ
1567 1589 1837 1644 διατελεῖ

320 1650 477 1726 αὕτη
500 1652 539 1718 ἠ
556 1652 780 1726 gutta.
913 1653 1015 1726 καί
1037 1653 1077 1720 ή
1579 1659 1830 1715 Ἔπειτα

323 1721 456 1793 περὶ
488 1720 609 1793 τοῦ-
639 1722 1044 1793 αὐτεξουσιον
1083 1720 1475 1793 κᾴνωςὸέλὶμα
1510 1720 1713 1783 πολλὰ
1741 1729 1829 1783 ὄι-

320 1788 964 1866 δᾴσκει,ᾀναμιγνῦσα
998 1788 1277 1863 ζητήσεις
1309 1788 1477 1864 "fac
1520 1800 1683 1866 θείας
1723 1814 1825 1853 σο-

318 1858 462 1926 φίας
482 1858 760 1929 πλήρεις.

320 1969 403 2025 Δ’.
433 1970 610 2025 Γνῶθι
638 1989 732 2026 σου
764 1974 867 2043 τὴν
902 1975 1205 2044 εὐγένειαν,
1261 1972 1307 2033 ὦ
1340 1978 1620 2049 ἄνθρωπε,
1646 1976 1741 2031 καὶ
1761 1975 1823 2029 τὸ

245 2061 512 2131 ἀξίωμα·
568 2063 687 2127 πῶς
741 2064 923 2136 τίμιος
976 2064 1048 2131 εἴ,
1086 2069 1314 2140 ἀδελφὸς
1373 2067 1637 2141 Χριστοῦ,
1670 2068 1823 2137 φίλος

247 2149 535 2219 βασιλέως,
565 2151 752 2224 νύμφη
804 2155 907 2207 τοῦ
935 2158 1256 2227 έπουρανίου
1311 2158 1589 2228 Νυμφίου.
1626 2159 1689 2213 '0
1714 2160 1822 2229 γὰρ

244 2242 496 2312 δυνηθεὶς
521 2244 820 2313 ἐπιγνῶναι
862 2246 925 2300 τὸ
984 2247 1203 2318 ἀξίωμα
1249 2250 1349 2320 τῆς
1394 2248 1589 2303 ἑαυτοῦ
1618 2251 1819 2322 ψυχῆς,

243 2327 405 2397 οὗτος
422 2333 644 2389 δύναται
661 2337 959 2405 ἐπιγνῶναι
982 2339 1081 2411 τὴν
1106 2340 1357 2413 δύναμιν,
1391 2343 1486 2397 καὶ
1510 2343 1577 2397 τὰ
1618 2347 1823 2415 μυστή-

250 2442 342 2499 Ρια
367 2426 469 2497 τῆς
498 2426 774 2499 θεότητος.
826 2430 919 2485 καὶ
976 2433 1178 2502 μᾶλλον
1206 2436 1456 2490 ἐντεῦθεν
1484 2439 1824 2509 ταπεινωθῆ-

245 2534 377 2570 ναιο
430 2519 619 2589 ιπειδὴ
676 2520 765 2573 διά
812 2521 1095 2591 δυνάμεως
1149 2524 1307 2585 Θεοῦ,
1361 2526 1547 2594 βλέπει
1589 2544 1673 2591 τις
1724 2530 1825 2598 τὴν

248 2603 459 2656 πτῶσιν
486 2606 703 2660 ἑαυτοῦ.
752 2607 892 2660 Ἀλλ’
913 2608 973 2661 δν
1000 2610 1203 2679 τρόπον
1235 2612 1397 2674 αὐτὸς
1450 2613 1538 2665 διὰ
1564 2615 1709 2681 παθη
1720 2617 1824 2683 μά-

246 2712 357 2747 των
406 2695 503 2748 καὶ
554 2695 787 2766 σταυροῦ
848 2699 1120 2769 παρῆλθε,
1183 2702 1279 2754 καὶ
1328 2699 1503 2766 οὕτως
1536 2701 1823 2772 ἐδοξάσθη,

249 2786 345 2839 καὶ
376 2786 630 2840 έκάθισεν
664 2790 723 2842 έν
772 2787 924 2860 δεξιᾷ
958 2790 1054 2843 τοῦ
1103 2792 1318 2862 Πατρός
1344 2808 1359 2823 ·
1403 2794 1499 2847 καὶ
1548 2792 1692 2847 οὕτω
1722 2795 1825 2864 χρὴ

246 2880 347 2932 καὶ
390 2878 451 2931 at
481 2878 809 2949 συμπαθεῖν,
858 2882 952 2934 καὶ
992 2883 1472 2952 συσταυρωθῆναι,
1527 2886 1622 2937 καὶ
1652 2884 1825 2949 οὕτως

246 2968 519 3035 ἀνελθεῖν,
559 2968 654 3021 καὶ
684 2970 1037 3036 συγκαθίσαι,
1088 2974 1183 3026 καὶ
1218 2974 1558 3043 συναφθῆναι
1613 2974 1689 3045 τῷ
1722 2974 1827 3027 σώ-

251 3056 516 3128 μασιτοῦ
563 3058 825 3125 Χριστοῦ,
882 3063 979 3115 καὶ
1031 3062 1263 3117 πάντοτε
1301 3063 1723 3133 συμϐασιλεύειν
1768 3066 1826 3117 έν

1932 615 2039 670 que
2064 601 2389 655 humiliatus
2412 600 2606 665 fueris,
2640 600 2801 666 nihil,
2826 600 2972 671 quod
3004 616 3129 656 cum
3160 601 3392 656 Domino
3414 610 3511 655 tuo

1931 694 2362 763 comparandum
2393 694 2488 759 sit,
2521 693 2739 749 feceris.
2772 694 2917 749 Deus
2942 693 3021 748 tui
3048 693 3220 764 gratia
3247 708 3304 747 se
3332 694 3508 763 ipsum

1932 783 2267 848 humiliavit,
2306 791 2363 837 tu
2398 799 2529 838 vero
2567 784 2647 838 tui
2684 785 2857 854 gratia
2884 798 2996 837 non
3031 784 3280 838 demittis
3309 794 3381 846 te,
3414 784 3510 838 sed

1928 875 2209 929 extolleris
2237 884 2400 944 atque
2438 876 2747 931 insolescis.
2768 876 2930 931 Venit
2964 875 3137 940 enim,
3165 884 3225 930 ut
3254 875 3510 929 aﬂlictio-

1930 981 2029 1021 nes
2056 962 2114 1020 et
2157 981 2326 1021 onera
2379 974 2471 1021 tua
2520 968 2760 1032 tolleret,
2803 982 2867 1022 ac
2912 971 3162 1035 requiem
3209 982 3363 1021 suam
3408 966 3512 1020 tibi

1929 1057 2245 1111 conferret:
2275 1066 2333 1111 tu
2387 1073 2523 1112 vero
2549 1059 2771 1114 labores
2798 1058 3034 1114 suﬂerre
3065 1073 3129 1114 ac
3160 1059 3277 1129 pati
3300 1058 3510 1123 renuis,

1929 1162 2040 1217 quo
2061 1148 2275 1216 possint
2301 1148 2407 1203 hoc
2430 1158 2589 1218 pacto
2616 1158 2712 1203 tua
2740 1150 2971 1205 vulnera
3004 1150 3296 1204 sanitatem
3318 1164 3513 1203 conse-

1929 1234 2047 1303 qui.
2085 1232 2270 1289 Gloria
2301 1236 2372 1290 sit
2405 1236 2685 1305 patientiae
2712 1244 2770 1291 et
2813 1236 3217 1306 longanimitati
3244 1235 3418 1305 ipsius
3454 1234 3510 1289 in

1929 1326 2150 1380 sacula.
2187 1325 2385 1380 Amen.

2455 1434 2740 1490 HOMILIA
2778 1434 2993 1490 XXVII.

1928 1525 2258 1597 Dignitatem
2290 1536 2339 1582 et
2368 1537 2569 1582 statum
2595 1527 2885 1600 Christiani
2903 1530 3126 1583 hominis
3148 1532 3357 1600 capiosa
3384 1548 3509 1584 ora-

2002 1600 2141 1682 tione
2159 1601 2499 1682 prosequi-tur
2516 1599 2888 1682 hcecltomilia,
2911 1608 2979 1682 ¹ιιι
3011 1609 3060 1651 et
3076 1599 3221 1682 quin;
3243 1602 3507 1682 precedit.

1998 1666 2200 1720 Deinde
2250 1666 2519 1721 delibero
2555 1668 2778 1721 arbitrio
2812 1667 2982 1723 multa
3031 1666 3312 1724 utilissima
3361 1671 3511 1722 docet

2002 1738 2265 1809 permistis
2292 1738 2670 1807 questionibus
2700 1738 3011 1808 quibusdam
3040 1738 3219 1792 divina
3244 1740 3510 1809 sapientia

1858 1837 1900 1893 Β
2000 1804 2191 1875 plenis.

1994 1981 2035 2036 l.
2069 1982 2316 2052 Agnosce
2340 1981 2689 2037 nobilitatem
2712 1992 2930 2047 tuam,o
2948 1982 3133 2045 homo,
3150 1990 3407 2051 tuamque
3425 1982 3511 2035 di-

1922 2073 2184 2145 gnitatem
2205 2091 2219 2127 :
2243 2089 2407 2143 quam
2439 2074 2712 2142 pretiosus
2740 2074 2837 2138 sis,
2856 2073 3026 2126 frater
3044 2072 3273 2137 Christi,
3301 2074 3513 2129 amicus

1924 2166 2092 2237 regis,
2118 2180 2319 2235 sponsa
2353 2164 2551 2237 Sponsi
2592 2166 2854 2221 cmlestis.
2889 2164 3216 2234 Quicunque
3247 2165 3395 2219 enim
3417 2180 3514 2234 po-

1923 2255 2093 2309 tuerit
2159 2269 2491 2325 cognoscere
2559 2254 2884 2325 dignitatem
2950 2255 3147 2309 animae
3216 2270 3349 2318 suae,
3418 2254 3511 2309 ille

1922 2345 2126 2415 poterit
2145 2360 2475 2415 cognoscere
2498 2346 2801 2414 potentiam
2818 2353 2873 2399 et
2890 2346 3151 2416 mysteria
3168 2344 3505 2410 divinitatis;

1924 2438 2173 2507 quinimo
2230 2437 2357 2491 inde
2410 2437 2687 2491 humiliari
2744 2438 2988 2507 poterit:
3058 2437 3509 2507 quandoquidem

1926 2526 2195 2582 beneﬁcio
2219 2527 2443 2582 virtutis
2465 2526 2665 2582 divina:
2691 2528 2892 2598 aliquis
2916 2544 3074 2582 suum
3104 2528 3276 2598 ipsius
3294 2529 3509 2598 lapsum

1925 2619 2191 2672 intuetur.
2220 2617 2492 2673 Caeterum
2525 2634 2635 2687 quo
2666 2627 2827 2687 pacto
2864 2619 2979 2688 ipse
3014 2634 3114 2688 per
3147 2620 3433 2688 passiones
3453 2627 3511 2672 et

1926 2725 2143 2765 crucem
2177 2710 2415 2773 transiit,
2454 2718 2509 2764 et
2546 2710 2618 2764 ita
2649 2709 2989 2779 gloriﬁcatus
3020 2716 3104 2764 est
3149 2725 3214 2764 ac
3270 2710 3414 2765 sedit
3440 2709 3509 2763 ad

1926 2801 2173 2855 dextram
2205 2801 2422 2865 Patris;
2453 2799 2533 2853 sic
2558 2815 2781 2869 quoque
2807 2808 2858 2853 te
2887 2800 3125 2865 compati
3158 2816 3383 2854 necesse
3403 2808 3508 2863 est,

1931 2891 2087 2960 103
2128 2890 2402 2958 simulque
2455 2890 2724 2959 cruciﬁgi,
2756 2900 2812 2943 et
2858 2891 2939 2944 sic
2970 2896 3289 2960 resurgere:
3318 2900 3375 2944 et
3404 2905 3513 2944 una

1927 2982 2118 3035 sedere
2155 2989 2213 3033 et
2257 2978 2516 3048 conjungi
2551 2979 2770 3046 corpori
2794 2978 3026 3042 Christi,
3052 2989 3108 3033 et
3138 2989 3407 3049 perpetuo
3440 2978 3514 3032 si-

1928 3072 2040 3126 mul
2073 3084 2296 3141 regnare
2352 3071 2409 3123 in
2466 3070 2560 3123 illo
2597 3070 2818 3130 saculo.
2868 3070 3125 3138 siquidem
3187 3068 3351 3123 simul
3394 3085 3513 3123 cum

247 3152 447 3219 ἐκείνῳ
475 3150 555 3221 τῷ
580 3152 762 3218 αίῶνι,
808 3153 967 3224 εῐπερ
1007 3155 1426 3226 συμπάσχομεν,
1460 3156 1550 3210 ῖνα
1572 3159 1668 3210 καὶ
1705 3174 1826 3210 συν-
1852 3160 1896 3223 C
1929 3183 1938 3214 ι

1626 3159 1668 3209 tt
1705 3174 1826 3210 συν-
1852 3160 1896 3223 C
1929 3177 1987 3214 eo
2020 3162 2274 3229 patimur,
2306 3167 2365 3213 ut
2385 3168 2434 3213 et
2468 3176 2576 3212 una
2599 3174 2718 3211 cum
2743 3157 2838 3211 illo
2861 3157 3221 3229 gloriﬁcemur
3248 3159 3317 3212 ".

252 3241 629 3311 δοξασθῶμεν.

323 3334 399 3386 B'.
419 3334 575 3385 Ὅσοι
593 3336 704 3403 γὰρ
722 3333 997 3403 δυνηθῶσι
1023 3337 1410 3407 περιγενέσθαι
1430 3338 1523 3392 καὶ
1542 3338 1827 3409 παρελθεῖν

248 3424 379 3484 τοὺς
399 3424 665 3492 θριγκοὺς
696 3425 797 3493 τῆς
829 3426 1049 3492 κακίας,
1075 3428 1413 3498 εἰσέρχονται
1446 3431 1524 3491 είς
1543 3430 1641 3499 τὴν
1669 3432 1833 3481 imu-

255 3516 441 3582 ράνιον
473 3516 652 3580 πόλιν,
708 3517 808 3587 τὴν
855 3519 1288 3591 εἰρηνευομένην
1338 3520 1431 3573 καὶ
1460 3520 1667 3589 μεστὴν
1700 3520 1829 3573 πολ-

250 3607 363 3661 λῶν
395 3606 635 3673 ἀγαθῶν,
667 3607 801 3660 ὅπου
829 3608 897 3660 τὰ
929 3610 1217 3679 πνεύματα
1262 3609 1370 3662 τῶν
1420 3610 1645 3663 δικαίων
1698 3612 1831 3663 ἀνα-

250 3697 542 3751 παύονται.
582 3700 676 3750 Δεῖ
696 3693 789 3751 οὖν
825 3699 964 3769 ὑπὲρ
988 3699 1181 3752 τούτου
1201 3700 1454 3768 μεγάλως
1482 3702 1716 3770 πονῆσαι
1741 3704 1835 3755 καὶ

251 3790 653 3859 ἀγωνίσασθαι·
684 3790 747 3843 οὐ
776 3791 885 3860 γάρ
922 3792 1039 3845 ἐστι
1088 3792 1297 3846 δίκαιον
1334 3794 1427 3845 τὸν
1466 3794 1720 3863 Νυμφίον
1746 3794 1835 3847 διὰ

256 3882 317 3934 σε
346 3882 575 3935 ἐλθόντα
626 3882 821 3935 παθεῖν
856 3883 952 3935 καὶ
982 3884 1385 3954 σταυρωθῆναι,
1429 3887 1525 3937 καὶ
1555 3886 1653 3955 τὴν
1706 3885 1837 3954 νύμ-

254 3988 383 4039 φην,
415 3971 486 4023 δι’
520 3972 588 4041 ἢν
616 3974 645 4024 δ
666 3972 920 4042 Νυμφίας
946 3974 1300 4044 παρεγένετο,
1338 3976 1431 4028 καὶ
1456 3978 1836 4048 καυχουμένην

251 4056 394 4116 εἶναι
426 4063 521 4115 καὶ
545 4064 877 4133 ῥέμϐεσθαι·
901 4064 1217 4137 ὥσπεργάρ
1247 4069 1305 4121 έν
1327 4069 1440 4131 τοῖς
1463 4068 1832 4138 φαινομένοις,

253 4149 408 4222 ἐὰνῇ
441 4169 525 4214 τις
551 4153 748 4223 πόρνη,
781 4155 949 4208 πᾶσιν
982 4156 1295 4208 ιπιδίδωσιν
1324 4157 1524 4227 ἑαυτὴν
1552 4159 1833 4217 ἀτάκτως·

253 4242 398 4296 οὕτω
423 4246 519 4296 καὶ
554 4245 588 4314 ἡ
620 4244 770 4315 ψυχὴ
811 4247 976 4299 παντὶ
1016 4247 1341 4301 ἐπιδέδωκεν
1374 4249 1574 4319 ἑαυτὴν
1600 4249 1834 4318 δαίμονι,

254 4334 350 4387 καὶ
383 4334 665 4403 φθείρεται
687 4335 794 4387 ὑπὸ
817 4337 926 4388 τῶν
945 4338 1291 4406 πνευμάτων.
1314 4339 1444 4397 Eiet
1474 4341 1583 4409 γάρ
1620 4342 1667 4391 oi
1689 4340 1837 4409 έχον-

251 4440 345 4486 τες
372 4423 474 4493 τὴν
514 4425 812 4495 ἁμαρτίαν,
845 4428 941 4480 καὶ
983 4427 1045 4479 τὸ
1075 4428 1242 4481 κακὸν
1286 4429 1429 4482 κατὰ
1474 4431 1793 4501 προαίρεσιν
1817 4448 1831 4463 ⁸

251 4515 399 4576 τινες
428 4515 487 4567 δὲ
519 4518 671 4585 παρὰ
701 4518 1044 4588 προαίρεσιν.
1077 4521 1186 4572 Καὶ
1219 4520 1271 4571 τί
1293 4522 1411 4573 έστι
1431 4521 1640 4589 ταῦτας
1666 4524 1716 4576 oi
1736 4524 1833 4594 μὲν

252 4604 399 4657 κατά
421 4604 742 4674 προαίρεσιν
778 4605 993 4676 ἔχοντες
1019 4607 1081 4660 τὸ
1109 4608 1299 4674 κακὸν,
1330 4605 1478 4663 οὗτοί
1512 4612 1649 4664 εἰσιν
1687 4614 1735 4665 oi
1772 4614 1851 4665 τδ’

254 4692 468 4747 ἑαυτῶν
515 4694 729 4765 θέλημα
775 4696 1105 4759 ἐπιδιδόντες
1154 4700 1221 4767 τῇ
1251 4699 1441 4770 κακίᾳ,
1474 4701 1569 4754 καὶ
1610 4701 1833 4771 συνηδό-

256 4802 433 4855 μενοι,
467 4787 563 4841 καί⁵
617 4787 975 4855 φιλιάζοντες,
1008 4780 1154 4841 οὗτοι
1198 4791 1425 4861 είρήνην
1476 4791 1659 4863 έχουσι
1697 4794 1837 4862 μετά

254 4874 353 4927 τοῦ
377 4875 615 4936 Σατανᾶ,
632 4876 728 4928 καὶ
757 4876 819 4927 οὑ
842 4875 1056 4929 ποιοῦσι
1078 4877 1315 4948 πόλεμον
1332 4881 1389 4931 έν
1418 4883 1527 4943 τοῖς
1558 4880 1837 4951 λογισμοῖς

258 4965 399 5035 μετά
435 4966 531 5017 τοῦ
583 4965 847 5019 διοϐόλυυ.
907 4968 969 5019 Oi.
1011 4968 1069 5020 δὲ
1106 4971 1258 5039 παρὰ
1304 4972 1655 5040 προαίρεσιν,
1685 4967 1833 5026 οὗτοι

255 5058 441 5125 έχουσι
496 5057 594 5125 τὴν
631 5057 843 5117 ἑαυτοῖς
890 5058 1168 5128 ἁμαρτίαν
1217 5061 1837 5132 ἀντιστρατευομένην

252 5148 325 5198 ἐν
348 5145 472 5211 τοῖς
512 5146 769 5215 μέλεσιν
801 5147 1021 5215 αὐτῶν,
1053 5151 1195 5203 κατὰ
1226 5154 1317 5204 τὸν
1342 5152 1682 5210 ’Δπόστολον.
1725 5158 1834 5209 Καὶ

255 5236 409 5289 ἔστιν
460 5238 491 5305 ἡ
544 5236 851 5305 ὁμιχλώδης
881 5238 1128 5307 δύναμις,
1159 5239 1254 5292 καὶ
1300 5240 1361 5293 τὸ
1394 5242 1656 5311 κάλυμμα
1687 5245 1837 5314 παρᾶ

255 5328 602 5398 προαίρεσιν,
634 5330 728 5382 καὶ
760 5330 821 5381 οὐ
858 5332 1239 5399 συμφωνοῦσιν
1272 5334 1332 5385 έν
1371 5337 1483 5396 τοῖς
1534 5334 1836 5404 λογισμοῖς,

255 5418 382 5473 οὔτε
416 5420 753 5489 συνήδονται,
804 5422 837 5491 ἢ
889 5422 1276 5491 ὑπακούουσιν,
1323 5424 1435 5478 ἀλλ’
1471 5426 1833 5495 ἀντιλέγουσι,

258 5509 354 5563 καὶ
373 5508 849 5581 ἀντιπράττουσιν,
876 5513 1186 5583 ὀργίζονται
1220 5516 1454 5578 ἑαυτοῖς.
1506 5511 1666 5571 Οὗτοι
1697 5518 1831 5571 πολύ

255 5601 364 5653 είσι
394 5600 681 5665 καλλίονες
707 5604 801 5657 καὶ
834 5607 1151 5676 τιμιώτεροι
1174 5608 1322 5676 παρὰ
1352 5606 1492 5679 Θεῷ,
1521 5608 1662 5675 ὑπὲρ
1689 5608 1831 5661 iusi-

336 5771 377 5803 "
426 5772 585 5828 Rom.
617 5790 727 5839 vm,
762 5777 845 5829 ΓΙ.
933 5778 976 5809 ⁸⁸
1008 5779 1165 5833 Rom.
1198 5796 1286 5844 vn,
1312 5782 1399 5835 ‘25.

2003 3339 2067 3393 11.
2099 3338 2428 3407 Quicunque
2483 3337 2631 3391 enim
2685 3350 2949 3404 superare
2983 3351 3046 3390 ac
3106 3335 3383 3390 transilire
3413 3350 3511 3405 po-

1932 3431 2139 3484 tuerint
2168 3437 2320 3497 septa
2376 3428 2654 3497 nequitiae,
2702 3428 3085 3497 ingrediuntur
3135 3428 3191 3481 in
3233 3426 3518 3482 ccclestem

1932 3524 2230 3584 civitatem,
2286 3522 2437 3591 pacis
2485 3538 2547 3575 ac
2578 3522 2877 3575 multorum
2923 3520 3196 3573 bonorum
3251 3518 3507 3587 plenam,

1934 3615 2029 3669 ubi
2052 3613 2279 3682 spiritus
2300 3613 2573 3682 iustorum
2604 3612 2974 3680 requiescunt.
3009 3609 3186 3677 Super
3207 3607 3316 3662 hoc
3352 3608 3519 3675 igitur

1934 3705 2169 3757 maxime
2220 3702 2578 3756 laborandum
2630 3694 2695 3755 ac
2742 3699 3181 3754 decertandum:
3241 3696 3515 3765 siquidem

1934 3810 2044 3848 non
2088 3802 2173 3849 est
2220 3808 2460 3863 aequum,
2518 3792 2791 3861 Sponsum
2847 3791 2931 3845 tui
2985 3788 3157 3859 gratia
3180 3788 3515 3851 venientem,

1934 3897 2153 3953 passum
2184 3897 2247 3935 ac
2275 3882 2599 3935 cruciﬁxum
2630 3896 2785 3945 esse;
2810 3894 3068 3949 sponsam
3095 3893 3250 3941 vero,
3291 3888 3519 3947 propter

1935 3989 2099 4045 quam
2156 3972 2402 4042 Sponsus
2431 3972 2605 4037 venit,
2665 3973 2720 4025 in
2756 3972 2987 4029 mollitie
3017 3970 3227 4024 versari
3256 3977 3313 4023 et
3340 3967 3516 4036 negli-

1937 4063 2119 4134 gentia
2142 4064 2397 4117 distrahi.
2427 4063 2898 4128 Quemadmodum
2930 4062 3079 4115 enim
3112 4062 3168 4113 in
3200 4060 3367 4113 rebus
3384 4073 3520 4111 ocu-

1938 4157 2119 4210 lorum
2149 4155 2286 4209 aciei
2314 4154 2601 4224 subjectis,
2630 4154 2674 4208 si
2700 4154 2772 4207 sit
2798 4154 3055 4207 meretrix
3078 4151 3369 4220 quaepiam,
3394 4165 3517 4218 qua:

1944 4247 2202 4301 omnibus
2232 4262 2291 4301 se
2339 4247 2512 4316 ipsam
2564 4247 2802 4315 turpiter
2829 4246 3148 4315 prostituat,
3195 4244 3275 4295 sic
3311 4250 3367 4295 et
3392 4242 3511 4293 ani-

1940 4352 2051 4399 ma,
2082 4336 2392 4403 cuicunque
2418 4350 2475 4388 se
2498 4334 2722 4387 tradidit
2756 4334 3013 4395 daemoni,
3050 4340 3105 4384 et
3136 4330 3513 4397 corrumpitur

1940 4441 1971 4479 a
2026 4424 2335 4494 spiritibus.
2383 4423 2502 4477 Non
2562 4423 2763 4477 desunt
2814 4424 2985 4484 enim,
3035 4421 3129 4490 qui
3190 4430 3413 4489 peccato
3457 4429 3515 4474 et

1940 4519 2161 4573 malitiae
2212 4516 2434 4570 obnoxii
2487 4525 2711 4569 suntex
2746 4514 3051 4583 proposito,
3112 4513 3341 4582 quidam
3380 4526 3517 4565 vero

1932 4622 2130 4682 praeter
2158 4609 2524 4680 propositum.
2554 4608 2697 4673 Quid
2722 4623 2851 4661 vero
2899 4606 3007 4661 sibi
3039 4606 3237 4659 volunt
3267 4602 3412 4657 ista?
3438 4602 3518 4660 Ex

1931 4701 2214 4772 proposito
2256 4699 2480 4769 quidem
2531 4698 2755 4752 malitiae
2806 4695 3035 4749 obnoxii
3088 4702 3218 4747 sunt
3282 4693 3365 4756 hi,
3419 4693 3519 4759 qui

1933 4794 2274 4847 voluntatem
2322 4805 2475 4844 suam
2522 4789 2745 4842 malitiae
2775 4787 3149 4848 tradiderunt,
3190 4785 3391 4852 illaque
3422 4784 3519 4837 de-

1935 4878 2144 4943 lectati,
2198 4877 2495 4931 amicitiam
2524 4891 2649 4929 cum
2685 4890 2751 4929 ea
2797 4875 3030 4928 ineunt:
3072 4870 3388 4940 huiusmodi
3423 4870 3524 4937 qui

1941 4975 2090 5032 sunt,
2126 4982 2317 5035 pacem
2353 4966 2541 5019 colunt
2594 4980 2719 5018 cum
2752 4964 2974 5026 Satana,
3012 4977 3113 5015 nec
3143 4962 3347 5014 bellum
3383 4960 3523 5013 infe-

1942 5066 2071 5111 runt
2115 5055 2563 5127 cogitationibus.
2596 5054 2699 5120 Qui
2734 5069 2866 5109 vero
2913 5064 3112 5124 praeter
3152 5052 3521 5120 propositum,

1942 5148 1999 5202 hi
2030 5148 2237 5202 habent
2267 5148 2489 5217 quidem
2524 5146 2669 5218 apud
2704 5162 2760 5201 se
2808 5153 3095 5215 peccatum
3126 5159 3428 5212 repugnans
3465 5144 3522 5194 in

1945 5240 2186 5291 membris
2234 5254 2411 5291 eorum
2434 5240 2501 5301 ⁸⁸,
2554 5239 2858 5293 secundum
2910 5235 3274 5303 Apostolum:
3322 5244 3520 5303 estque

1944 5331 2210 5386 nebulosa
2242 5332 2325 5385 vis
2353 5340 2408 5384 et
2444 5332 2618 5401 caligo
2667 5339 2865 5401 preter
2892 5328 3269 5398 propositum:
3303 5341 3409 5379 non
3440 5334 3521 5378 ta-

1945 5437 2070 5477 men
2124 5423 2481 5478 consentiunt
2517 5424 2573 5477 in
2603 5421 3048 5493 cogitationibus,
3084 5434 3187 5473 nec
3234 5433 3341 5471 una
3370 5417 3519 5471 dele-

1944 5522 2165 5568 ctantur
2195 5523 2288 5568 aut
2310 5514 2716 5586 obtemperant.
2752 5514 2846 5567 sed
2874 5510 3263 5567 contradicunt
3291 5518 3347 5563 et
3378 5524 3515 5563 con-

1945 5609 2263 5675 trafaciunt,
2298 5610 2613 5666 irascuntur
2643 5609 2749 5663 sibi
2793 5608 2894 5679 ipsi
2922 5623 2934 5659 :
2962 5605 3018 5659 hi
3053 5605 3215 5675 longe
3247 5611 3515 5673 praestan~
