  <div class='ocr_page' id='page_1' title='image "/cluster/home/n/w/nwhite01/storage/ocr_20150623/34/nnc1.0046978860/357.png"; bbox 0 0 4282 6364; ppageno 0'>
   <div class='ocr_carea' id='block_1_1' title="bbox 787 374 891 441">
    <p class='ocr_par' dir='ltr' id='par_1_1' title="bbox 787 374 891 441">
     <span class='ocr_line' id='line_1_1' title="bbox 787 374 891 441; baseline 0.019 -4"><span class='ocrx_word' id='word_1_1' title='bbox 787 374 891 441; x_wconf 82' lang='grc'><strong>695</strong></span> 
     </span>
    </p>
   </div>
   <div class='ocr_carea' id='block_1_2' title="bbox 2033 378 2811 440">
    <p class='ocr_par' dir='ltr' id='par_1_2' title="bbox 2033 378 2811 440">
     <span class='ocr_line' id='line_1_2' title="bbox 2033 378 2811 440; baseline -0.003 -1"><span class='ocrx_word' id='word_1_2' title='bbox 2033 381 2090 439; x_wconf 91' lang='lat' dir='ltr'><strong>S.</strong></span> <span class='ocrx_word' id='word_1_3' title='bbox 2134 380 2450 440; x_wconf 82' lang='lat' dir='ltr'><strong>MACARII</strong></span> <span class='ocrx_word' id='word_1_4' title='bbox 2491 378 2811 439; x_wconf 66' lang='lat' dir='ltr'><strong>:EGYPTII</strong></span> 
     </span>
    </p>
   </div>
   <div class='ocr_carea' id='block_1_3' title="bbox 3934 372 4047 436">
    <p class='ocr_par' dir='ltr' id='par_1_3' title="bbox 3934 372 4047 436">
     <span class='ocr_line' id='line_1_3' title="bbox 3934 372 4047 436; baseline 0.009 -1"><span class='ocrx_word' id='word_1_5' title='bbox 3934 372 4047 436; x_wconf 78' lang='lat'><strong>696</strong></span> 
     </span>
    </p>
   </div>
   <div class='ocr_carea' id='block_1_4' title="bbox 787 479 2478 557">
    <p class='ocr_par' dir='ltr' id='par_1_4' title="bbox 787 482 2478 557">
     <span class='ocr_line' id='line_1_4' title="bbox 787 482 2478 557; baseline 0.002 -22"><span class='ocrx_word' id='word_1_6' title='bbox 787 484 957 537; x_wconf 83' lang='lat' dir='ltr'><strong>tiores</strong></span> <span class='ocrx_word' id='word_1_7' title='bbox 994 498 1057 537; x_wconf 92' lang='lat' dir='ltr'><strong>ac</strong></span> <span class='ocrx_word' id='word_1_8' title='bbox 1077 482 1356 553; x_wconf 76' lang='lat' dir='ltr'><strong>digniores</strong></span> <span class='ocrx_word' id='word_1_9' title='bbox 1377 493 1508 538; x_wconf 88' lang='lat' dir='ltr'><strong>sunt</strong></span> <span class='ocrx_word' id='word_1_10' title='bbox 1536 485 1679 555; x_wconf 87' lang='lat' dir='ltr'><strong>apud</strong></span> <span class='ocrx_word' id='word_1_11' title='bbox 1702 486 1897 551; x_wconf 91' lang='lat' dir='ltr'><strong>Deum,</strong></span> <span class='ocrx_word' id='word_1_12' title='bbox 1932 502 2093 557; x_wconf 89' lang='lat' dir='ltr'><strong>quam</strong></span> <span class='ocrx_word' id='word_1_13' title='bbox 2126 488 2227 551; x_wconf 87' lang='lat' dir='ltr'><strong>illi,</strong></span> <span class='ocrx_word' id='word_1_14' title='bbox 2262 488 2355 556; x_wconf 89' lang='lat' dir='ltr'><strong>qui</strong></span> <span class='ocrx_word' id='word_1_15' title='bbox 2386 493 2431 548; x_wconf 77' lang='grc' dir='ltr'>Α</span> <span class='ocrx_word' id='word_1_16' title='bbox 2458 505 2478 538; x_wconf 65' lang='grc' dir='ltr'><strong>ν</strong></span> 
     </span>
    </p>
   </div>
   <div class='ocr_carea' id='block_1_5' title="bbox 2350 479 4041 557">
    <p class='ocr_par' dir='ltr' id='par_1_5' title="bbox 2350 479 4041 556">
     <span class='ocr_line' id='line_1_5' title="bbox 2350 479 4041 556; baseline -0.003 -16"><span class='ocrx_word' id='word_1_17' title='bbox 2350 489 2355 540; x_wconf 74' lang='grc' dir='ltr'><strong>ι</strong></span> <span class='ocrx_word' id='word_1_18' title='bbox 2386 493 2431 548; x_wconf 78' lang='grc' dir='ltr'>Α</span> <span class='ocrx_word' id='word_1_19' title='bbox 2458 504 2580 550; x_wconf 89' lang='grc' dir='ltr'>νους</span> <span class='ocrx_word' id='word_1_20' title='bbox 2614 487 2739 548; x_wconf 78' lang='grc' dir='ltr'>τοὺς</span> <span class='ocrx_word' id='word_1_21' title='bbox 2773 485 2879 556; x_wconf 75' lang='grc' dir='ltr'>ἰδίᾳ.</span> <span class='ocrx_word' id='word_1_22' title='bbox 2926 483 3244 555; x_wconf 78' lang='grc' dir='ltr'>προαιρέσει</span> <span class='ocrx_word' id='word_1_23' title='bbox 3295 483 3354 537; x_wconf 82' lang='grc' dir='ltr'><strong>τὺ</strong></span> <span class='ocrx_word' id='word_1_24' title='bbox 3405 482 3615 553; x_wconf 83' lang='grc' dir='ltr'>θέλημα</span> <span class='ocrx_word' id='word_1_25' title='bbox 3658 479 3840 536; x_wconf 73' lang='grc' dir='ltr'>αὐτῶν</span> <span class='ocrx_word' id='word_1_26' title='bbox 3877 482 4041 537; x_wconf 80' lang='grc' dir='ltr'>ἐπιδι-</span> 
     </span>
    </p>
   </div>
   <div class='ocr_carea' id='block_1_6' title="bbox 785 573 2359 633">
    <p class='ocr_par' dir='ltr' id='par_1_6' title="bbox 785 573 2359 633">
     <span class='ocr_line' id='line_1_6' title="bbox 785 573 2359 633; baseline 0.004 -8"><span class='ocrx_word' id='word_1_27' title='bbox 785 573 853 626; x_wconf 92' lang='lat' dir='ltr'><strong>de</strong></span> <span class='ocrx_word' id='word_1_28' title='bbox 884 574 1155 629; x_wconf 87' lang='lat' dir='ltr'><strong>industria</strong></span> <span class='ocrx_word' id='word_1_29' title='bbox 1201 590 1264 629; x_wconf 90' lang='lat' dir='ltr'><strong>ac</strong></span> <span class='ocrx_word' id='word_1_30' title='bbox 1309 578 1559 631; x_wconf 90' lang='lat' dir='ltr'><strong>consulto</strong></span> <span class='ocrx_word' id='word_1_31' title='bbox 1584 578 1922 632; x_wconf 77' lang='lat' dir='ltr'><strong>voluntatem</strong></span> <span class='ocrx_word' id='word_1_32' title='bbox 1942 593 2097 633; x_wconf 90' lang='lat' dir='ltr'><strong>suam</strong></span> <span class='ocrx_word' id='word_1_33' title='bbox 2134 579 2359 632; x_wconf 74' lang='lat' dir='ltr'><strong>malitia:</strong></span> 
     </span>
    </p>
   </div>
   <div class='ocr_carea' id='block_1_7' title="bbox 787 663 1778 726">
    <p class='ocr_par' dir='ltr' id='par_1_7' title="bbox 787 663 1778 726">
     <span class='ocr_line' id='line_1_7' title="bbox 787 663 1778 726; baseline 0.006 -11"><span class='ocrx_word' id='word_1_34' title='bbox 787 663 1155 726; x_wconf 89' lang='lat' dir='ltr'><strong>tradiderunt,</strong></span> <span class='ocrx_word' id='word_1_35' title='bbox 1188 673 1244 719; x_wconf 91' lang='lat' dir='ltr'><strong>et</strong></span> <span class='ocrx_word' id='word_1_36' title='bbox 1272 682 1380 719; x_wconf 90' lang='lat' dir='ltr'><strong>una</strong></span> <span class='ocrx_word' id='word_1_37' title='bbox 1414 666 1778 721; x_wconf 70' lang='lat' dir='ltr'><strong>delectantur.</strong></span> 
     </span>
    </p>
   </div>
   <div class='ocr_carea' id='block_1_8' title="bbox 860 752 2357 828">
    <p class='ocr_par' dir='ltr' id='par_1_8' title="bbox 860 752 2357 828">
     <span class='ocr_line' id='line_1_8' title="bbox 860 752 2357 828; baseline 0.006 -24"><span class='ocrx_word' id='word_1_38' title='bbox 860 752 948 804; x_wconf 92' lang='lat' dir='ltr'><strong>lll.</strong></span> <span class='ocrx_word' id='word_1_39' title='bbox 975 752 1445 817; x_wconf 86' lang='lat' dir='ltr'><strong>Quemadmodum</strong></span> <span class='ocrx_word' id='word_1_40' title='bbox 1467 754 1512 807; x_wconf 91' lang='lat' dir='ltr'><strong>si</strong></span> <span class='ocrx_word' id='word_1_41' title='bbox 1542 755 1613 809; x_wconf 89' lang='lat' dir='ltr'><strong>sit</strong></span> <span class='ocrx_word' id='word_1_42' title='bbox 1642 771 1757 819; x_wconf 81' lang='lat' dir='ltr'><strong>rex,</strong></span> <span class='ocrx_word' id='word_1_43' title='bbox 1779 756 1873 824; x_wconf 93' lang='lat' dir='ltr'><strong>qui</strong></span> <span class='ocrx_word' id='word_1_44' title='bbox 1895 755 2179 812; x_wconf 89' lang='lat' dir='ltr'><strong>inveniens</strong></span> <span class='ocrx_word' id='word_1_45' title='bbox 2199 758 2357 828; x_wconf 89' lang='lat' dir='ltr'><strong>puel-</strong></span> 
     </span>
    </p>
   </div>
   <div class='ocr_carea' id='block_1_9' title="bbox 789 840 2359 914">
    <p class='ocr_par' dir='ltr' id='par_1_9' title="bbox 789 840 2359 914">
     <span class='ocr_line' id='line_1_9' title="bbox 789 840 2359 914; baseline 0.005 -20"><span class='ocrx_word' id='word_1_46' title='bbox 789 840 895 895; x_wconf 85' lang='lat' dir='ltr'><strong>lam</strong></span> <span class='ocrx_word' id='word_1_47' title='bbox 922 844 1210 911; x_wconf 81' lang='lat' dir='ltr'><strong>quamdam</strong></span> <span class='ocrx_word' id='word_1_48' title='bbox 1242 860 1558 914; x_wconf 91' lang='lat' dir='ltr'><strong>pauperem,</strong></span> <span class='ocrx_word' id='word_1_49' title='bbox 1596 848 1793 914; x_wconf 86' lang='lat' dir='ltr'><strong>pannis</strong></span> <span class='ocrx_word' id='word_1_50' title='bbox 1818 847 2076 911; x_wconf 87' lang='lat' dir='ltr'><strong>obsitam,</strong></span> <span class='ocrx_word' id='word_1_51' title='bbox 2100 864 2209 901; x_wconf 92' lang='lat' dir='ltr'><strong>non</strong></span> <span class='ocrx_word' id='word_1_52' title='bbox 2231 864 2359 903; x_wconf 81' lang='lat' dir='ltr'><strong>eru-</strong></span> 
     </span>
    </p>
   </div>
   <div class='ocr_carea' id='block_1_10' title="bbox 790 929 2356 1006">
    <p class='ocr_par' dir='ltr' id='par_1_10' title="bbox 790 929 2356 1006">
     <span class='ocr_line' id='line_1_10' title="bbox 790 929 2356 1006; baseline 0.006 -24"><span class='ocrx_word' id='word_1_53' title='bbox 790 929 998 992; x_wconf 89' lang='lat' dir='ltr'><strong>bescat,</strong></span> <span class='ocrx_word' id='word_1_54' title='bbox 1023 933 1219 987; x_wconf 90' lang='lat' dir='ltr'><strong>ablatis</strong></span> <span class='ocrx_word' id='word_1_55' title='bbox 1240 933 1476 988; x_wconf 89' lang='lat' dir='ltr'><strong>sordidis</strong></span> <span class='ocrx_word' id='word_1_56' title='bbox 1498 935 1619 1004; x_wconf 86' lang='lat' dir='ltr'><strong>ejus</strong></span> <span class='ocrx_word' id='word_1_57' title='bbox 1646 934 2000 999; x_wconf 87' lang='lat' dir='ltr'><strong>indumentis,</strong></span> <span class='ocrx_word' id='word_1_58' title='bbox 2018 936 2356 1006; x_wconf 90' lang='lat' dir='ltr'><strong>nigredinem</strong></span> 
     </span>
    </p>
   </div>
   <div class='ocr_carea' id='block_1_11' title="bbox 790 1020 2358 1093">
    <p class='ocr_par' dir='ltr' id='par_1_11' title="bbox 790 1020 2358 1093">
     <span class='ocr_line' id='line_1_11' title="bbox 790 1020 2358 1093; baseline 0.006 -21"><span class='ocrx_word' id='word_1_59' title='bbox 790 1020 979 1073; x_wconf 89' lang='lat' dir='ltr'><strong>eluere</strong></span> <span class='ocrx_word' id='word_1_60' title='bbox 1020 1037 1253 1090; x_wconf 86' lang='lat' dir='ltr'><strong>eamque</strong></span> <span class='ocrx_word' id='word_1_61' title='bbox 1295 1034 1530 1077; x_wconf 80' lang='lat' dir='ltr'><strong>exornet</strong></span> <span class='ocrx_word' id='word_1_62' title='bbox 1560 1023 1863 1093; x_wconf 87' lang='lat' dir='ltr'><strong>splendidis</strong></span> <span class='ocrx_word' id='word_1_63' title='bbox 1903 1025 2169 1092; x_wconf 83' lang='lat' dir='ltr'><strong>vestibus,</strong></span> <span class='ocrx_word' id='word_1_64' title='bbox 2217 1027 2358 1081; x_wconf 90' lang='lat' dir='ltr'><strong>asci-</strong></span> 
     </span>
    </p>
   </div>
   <div class='ocr_carea' id='block_1_12' title="bbox 792 1113 2359 1183">
    <p class='ocr_par' dir='ltr' id='par_1_12' title="bbox 792 1113 2359 1183">
     <span class='ocr_line' id='line_1_12' title="bbox 792 1113 2359 1183; baseline 0.004 -19"><span class='ocrx_word' id='word_1_65' title='bbox 792 1118 1016 1179; x_wconf 84' lang='lat' dir='ltr'><strong>scatque</strong></span> <span class='ocrx_word' id='word_1_66' title='bbox 1058 1128 1177 1165; x_wconf 92' lang='lat' dir='ltr'><strong>eam</strong></span> <span class='ocrx_word' id='word_1_67' title='bbox 1203 1113 1306 1166; x_wconf 88' lang='lat' dir='ltr'><strong>sibi</strong></span> <span class='ocrx_word' id='word_1_68' title='bbox 1337 1115 1543 1168; x_wconf 87' lang='lat' dir='ltr'><strong>sociam</strong></span> <span class='ocrx_word' id='word_1_69' title='bbox 1570 1115 1731 1183; x_wconf 87' lang='lat' dir='ltr'><strong>regis,</strong></span> <span class='ocrx_word' id='word_1_70' title='bbox 1751 1124 1914 1183; x_wconf 89' lang='lat' dir='ltr'><strong>atque</strong></span> <span class='ocrx_word' id='word_1_71' title='bbox 1944 1131 2149 1170; x_wconf 76' lang='lat' dir='ltr'><strong>mensae</strong></span> <span class='ocrx_word' id='word_1_72' title='bbox 2170 1132 2282 1171; x_wconf 74' lang='lat' dir='ltr'><strong>suae</strong></span> <span class='ocrx_word' id='word_1_73' title='bbox 2304 1127 2359 1172; x_wconf 91' lang='lat' dir='ltr'><strong>et</strong></span> 
     </span>
    </p>
   </div>
   <div class='ocr_carea' id='block_1_13' title="bbox 792 1202 2358 1277">
    <p class='ocr_par' dir='ltr' id='par_1_13' title="bbox 792 1202 2358 1277">
     <span class='ocr_line' id='line_1_13' title="bbox 792 1202 2358 1277; baseline 0.006 -22"><span class='ocrx_word' id='word_1_74' title='bbox 792 1202 1031 1255; x_wconf 81' lang='lat' dir='ltr'><strong>convivii</strong></span> <span class='ocrx_word' id='word_1_75' title='bbox 1081 1205 1406 1274; x_wconf 88' lang='lat' dir='ltr'><strong>participem</strong></span> <span class='ocrx_word' id='word_1_76' title='bbox 1452 1206 1651 1269; x_wconf 79' lang='lat' dir='ltr'><strong>faciat,</strong></span> <span class='ocrx_word' id='word_1_77' title='bbox 1710 1207 1789 1261; x_wconf 89' lang='lat' dir='ltr'><strong>sic</strong></span> <span class='ocrx_word' id='word_1_78' title='bbox 1820 1224 2038 1277; x_wconf 92' lang='lat' dir='ltr'><strong>quoque</strong></span> <span class='ocrx_word' id='word_1_79' title='bbox 2094 1210 2358 1265; x_wconf 87' lang='lat' dir='ltr'><strong>Dominus</strong></span> 
     </span>
    </p>
   </div>
   <div class='ocr_carea' id='block_1_14' title="bbox 790 1293 2357 1367">
    <p class='ocr_par' dir='ltr' id='par_1_14' title="bbox 790 1293 2357 1367">
     <span class='ocr_line' id='line_1_14' title="bbox 790 1293 2357 1367; baseline 0.006 -22"><span class='ocrx_word' id='word_1_80' title='bbox 790 1293 1025 1346; x_wconf 78' lang='lat' dir='ltr'><strong>oti‘endit</strong></span> <span class='ocrx_word' id='word_1_81' title='bbox 1068 1296 1304 1348; x_wconf 87' lang='lat' dir='ltr'><strong>animam</strong></span> <span class='ocrx_word' id='word_1_82' title='bbox 1355 1298 1695 1350; x_wconf 88' lang='lat' dir='ltr'><strong>vulneratam</strong></span> <span class='ocrx_word' id='word_1_83' title='bbox 1741 1314 1804 1352; x_wconf 90' lang='lat' dir='ltr'><strong>ac</strong></span> <span class='ocrx_word' id='word_1_84' title='bbox 1834 1314 2168 1367; x_wconf 84' lang='lat' dir='ltr'><strong>percussam,</strong></span> <span class='ocrx_word' id='word_1_85' title='bbox 2200 1301 2357 1355; x_wconf 84' lang='lat' dir='ltr'><strong>adhi-</strong></span> 
     </span>
    </p>
   </div>
   <div class='ocr_carea' id='block_1_15' title="bbox 791 1384 2359 1456">
    <p class='ocr_par' dir='ltr' id='par_1_15' title="bbox 791 1384 2359 1456">
     <span class='ocr_line' id='line_1_15' title="bbox 791 1384 2359 1456; baseline 0.006 -20"><span class='ocrx_word' id='word_1_86' title='bbox 791 1384 1019 1454; x_wconf 92' lang='lat' dir='ltr'><strong>buitque</strong></span> <span class='ocrx_word' id='word_1_87' title='bbox 1072 1387 1122 1439; x_wconf 93' lang='lat' dir='ltr'><strong>ei</strong></span> <span class='ocrx_word' id='word_1_88' title='bbox 1182 1388 1561 1456; x_wconf 87' lang='lat' dir='ltr'><strong>pharmacum,</strong></span> <span class='ocrx_word' id='word_1_89' title='bbox 1602 1397 1657 1442; x_wconf 91' lang='lat' dir='ltr'><strong>et</strong></span> <span class='ocrx_word' id='word_1_90' title='bbox 1684 1390 1835 1443; x_wconf 82' lang='lat' dir='ltr'><strong>exuit</strong></span> <span class='ocrx_word' id='word_1_91' title='bbox 1861 1406 1981 1444; x_wconf 92' lang='lat' dir='ltr'><strong>eam</strong></span> <span class='ocrx_word' id='word_1_92' title='bbox 2014 1392 2149 1445; x_wconf 83' lang='lat' dir='ltr'><strong>atris</strong></span> <span class='ocrx_word' id='word_1_93' title='bbox 2200 1392 2359 1446; x_wconf 88' lang='lat' dir='ltr'><strong>indu-</strong></span> 
     </span>
    </p>
   </div>
   <div class='ocr_carea' id='block_1_16' title="bbox 792 1476 2357 1549">
    <p class='ocr_par' dir='ltr' id='par_1_16' title="bbox 792 1476 2357 1549">
     <span class='ocr_line' id='line_1_16' title="bbox 792 1476 2357 1549; baseline 0.005 -21"><span class='ocrx_word' id='word_1_94' title='bbox 792 1476 1010 1541; x_wconf 90' lang='lat' dir='ltr'><strong>mentis,</strong></span> <span class='ocrx_word' id='word_1_95' title='bbox 1043 1484 1099 1529; x_wconf 92' lang='lat' dir='ltr'><strong>et</strong></span> <span class='ocrx_word' id='word_1_96' title='bbox 1149 1479 1491 1547; x_wconf 92' lang='lat' dir='ltr'><strong>turpitudine</strong></span> <span class='ocrx_word' id='word_1_97' title='bbox 1539 1480 1778 1540; x_wconf 62' lang='lat' dir='ltr'><strong>malitiae.</strong></span> <span class='ocrx_word' id='word_1_98' title='bbox 1813 1492 1975 1549; x_wconf 92' lang='lat' dir='ltr'><strong>atque</strong></span> <span class='ocrx_word' id='word_1_99' title='bbox 2032 1481 2211 1535; x_wconf 87' lang='lat' dir='ltr'><strong>induit</strong></span> <span class='ocrx_word' id='word_1_100' title='bbox 2235 1498 2357 1536; x_wconf 91' lang='lat' dir='ltr'><strong>eam</strong></span> 
     </span>
    </p>
   </div>
   <div class='ocr_carea' id='block_1_17' title="bbox 792 1569 2357 1641">
    <p class='ocr_par' dir='ltr' id='par_1_17' title="bbox 792 1569 2357 1641">
     <span class='ocr_line' id='line_1_17' title="bbox 792 1569 2357 1641; baseline 0.004 -22"><span class='ocrx_word' id='word_1_101' title='bbox 792 1569 1135 1622; x_wconf 88' lang='lat' dir='ltr'><strong>vestimentis</strong></span> <span class='ocrx_word' id='word_1_102' title='bbox 1178 1570 1362 1637; x_wconf 87' lang='lat' dir='ltr'><strong>regiis,</strong></span> <span class='ocrx_word' id='word_1_103' title='bbox 1403 1570 1740 1635; x_wconf 72' lang='lat' dir='ltr'><strong>cmlestibus,</strong></span> <span class='ocrx_word' id='word_1_104' title='bbox 1780 1570 2004 1634; x_wconf 87' lang='lat' dir='ltr'><strong>divinis,</strong></span> <span class='ocrx_word' id='word_1_105' title='bbox 2050 1571 2271 1641; x_wconf 83' lang='lat' dir='ltr'><strong>fulgidis</strong></span> <span class='ocrx_word' id='word_1_106' title='bbox 2301 1581 2357 1626; x_wconf 90' lang='lat' dir='ltr'><strong>et</strong></span> 
     </span>
    </p>
   </div>
   <div class='ocr_carea' id='block_1_18' title="bbox 790 1659 2357 1732">
    <p class='ocr_par' dir='ltr' id='par_1_18' title="bbox 790 1659 2357 1732">
     <span class='ocr_line' id='line_1_18' title="bbox 790 1659 2357 1732; baseline 0.005 -23"><span class='ocrx_word' id='word_1_107' title='bbox 790 1659 1075 1725; x_wconf 79' lang='lat' dir='ltr'><strong>gloriosis:</strong></span> <span class='ocrx_word' id='word_1_108' title='bbox 1130 1660 1501 1728; x_wconf 90' lang='lat' dir='ltr'><strong>imposuitque</strong></span> <span class='ocrx_word' id='word_1_109' title='bbox 1571 1661 1647 1714; x_wconf 90' lang='lat' dir='ltr'><strong>illi</strong></span> <span class='ocrx_word' id='word_1_110' title='bbox 1705 1676 1986 1727; x_wconf 84' lang='lat' dir='ltr'><strong>coronam,</strong></span> <span class='ocrx_word' id='word_1_111' title='bbox 2042 1665 2357 1732; x_wconf 82' lang='lat' dir='ltr'><strong>sociamque</strong></span> 
     </span>
    </p>
   </div>
   <div class='ocr_carea' id='block_1_19' title="bbox 789 1749 2359 1821">
    <p class='ocr_par' dir='ltr' id='par_1_19' title="bbox 789 1749 2359 1821">
     <span class='ocr_line' id='line_1_19' title="bbox 789 1749 2359 1821; baseline 0.004 -21"><span class='ocrx_word' id='word_1_112' title='bbox 789 1749 1079 1803; x_wconf 86' lang='lat' dir='ltr'><strong>constituit</strong></span> <span class='ocrx_word' id='word_1_113' title='bbox 1126 1751 1287 1819; x_wconf 75' lang='lat' dir='ltr'><strong>regia:</strong></span> <span class='ocrx_word' id='word_1_114' title='bbox 1313 1766 1512 1804; x_wconf 70' lang='lat' dir='ltr'><strong>mensa:</strong></span> <span class='ocrx_word' id='word_1_115' title='bbox 1562 1752 1628 1804; x_wconf 90' lang='lat' dir='ltr'><strong>ad</strong></span> <span class='ocrx_word' id='word_1_116' title='bbox 1664 1753 1923 1821; x_wconf 90' lang='lat' dir='ltr'><strong>gaudium</strong></span> <span class='ocrx_word' id='word_1_117' title='bbox 1953 1760 2008 1806; x_wconf 93' lang='lat' dir='ltr'><strong>et</strong></span> <span class='ocrx_word' id='word_1_118' title='bbox 2038 1753 2359 1806; x_wconf 83' lang='lat' dir='ltr'><strong>exsultatio-</strong></span> 
     </span>
    </p>
   </div>
   <div class='ocr_carea' id='block_1_20' title="bbox 2462 573 3544 646">
    <p class='ocr_par' dir='ltr' id='par_1_20' title="bbox 2462 573 3544 646">
     <span class='ocr_line' id='line_1_20' title="bbox 2462 573 3544 646; baseline -0.004 -17"><span class='ocrx_word' id='word_1_119' title='bbox 2462 576 2653 638; x_wconf 80' lang='grc' dir='ltr'>δόντας</span> <span class='ocrx_word' id='word_1_120' title='bbox 2671 577 2739 646; x_wconf 80' lang='grc' dir='ltr'>τῇ</span> <span class='ocrx_word' id='word_1_121' title='bbox 2774 574 2963 645; x_wconf 80' lang='grc' dir='ltr'>κακίᾳ,</span> <span class='ocrx_word' id='word_1_122' title='bbox 2999 574 3095 627; x_wconf 73' lang='grc' dir='ltr'>καὶ</span> <span class='ocrx_word' id='word_1_123' title='bbox 3127 573 3544 642; x_wconf 80' lang='grc' dir='ltr'><strong>συνηδομένους.</strong></span> 
     </span>
    </p>
   </div>
   <div class='ocr_carea' id='block_1_21' title="bbox 2534 750 4043 829">
    <p class='ocr_par' dir='ltr' id='par_1_21' title="bbox 2534 750 4043 829">
     <span class='ocr_line' id='line_1_21' title="bbox 2534 750 4043 829; baseline -0.004 -19"><span class='ocrx_word' id='word_1_124' title='bbox 2534 757 2575 810; x_wconf 86' lang='grc' dir='ltr'><strong>Γ</strong></span> <span class='ocrx_word' id='word_1_125' title='bbox 2580 762 2612 812; x_wconf 84' lang='grc'>’.</span> <span class='ocrx_word' id='word_1_126' title='bbox 2651 756 2865 826; x_wconf 83' lang='grc' dir='ltr'>Ὠσπερ</span> <span class='ocrx_word' id='word_1_127' title='bbox 2888 750 3035 829; x_wconf 80' lang='grc' dir='ltr'>ἐάνῇ</span> <span class='ocrx_word' id='word_1_128' title='bbox 3067 754 3339 825; x_wconf 81' lang='grc' dir='ltr'>βασιλεὺς,</span> <span class='ocrx_word' id='word_1_129' title='bbox 3363 754 3457 807; x_wconf 81' lang='grc' dir='ltr'>καὶ</span> <span class='ocrx_word' id='word_1_130' title='bbox 3476 753 3611 824; x_wconf 72' lang='grc' dir='ltr'>εὕρῃ</span> <span class='ocrx_word' id='word_1_131' title='bbox 3630 751 3895 821; x_wconf 83' lang='grc' dir='ltr'>πενιχράν</span> <span class='ocrx_word' id='word_1_132' title='bbox 3915 768 4043 804; x_wconf 81' lang='grc' dir='ltr'>τινα</span> 
     </span>
    </p>
   </div>
   <div class='ocr_carea' id='block_1_22' title="bbox 2462 841 4043 917">
    <p class='ocr_par' dir='ltr' id='par_1_22' title="bbox 2462 841 4043 917">
     <span class='ocr_line' id='line_1_22' title="bbox 2462 841 4043 917; baseline -0.006 -16"><span class='ocrx_word' id='word_1_133' title='bbox 2462 848 2632 917; x_wconf 87' lang='grc' dir='ltr'>κόρην</span> <span class='ocrx_word' id='word_1_134' title='bbox 2652 848 2795 917; x_wconf 80' lang='grc' dir='ltr'>ῥάκη</span> <span class='ocrx_word' id='word_1_135' title='bbox 2824 846 3196 916; x_wconf 75' lang='grc' dir='ltr'>ἐνδεδύμένην,</span> <span class='ocrx_word' id='word_1_136' title='bbox 3259 844 3453 915; x_wconf 76' lang='grc' dir='ltr'>καὶμὴ</span> <span class='ocrx_word' id='word_1_137' title='bbox 3504 842 3862 912; x_wconf 75' lang='grc' dir='ltr'>ἐπαισχυνθῇ,</span> <span class='ocrx_word' id='word_1_138' title='bbox 3901 841 4043 894; x_wconf 84' lang='grc' dir='ltr'><strong>ἀλλά</strong></span> 
     </span>
    </p>
   </div>
   <div class='ocr_carea' id='block_1_23' title="bbox 2463 932 4041 1010">
    <p class='ocr_par' dir='ltr' id='par_1_23' title="bbox 2463 932 4041 1010">
     <span class='ocr_line' id='line_1_23' title="bbox 2463 932 4041 1010; baseline -0.006 -18"><span class='ocrx_word' id='word_1_139' title='bbox 2463 939 2572 1010; x_wconf 79' lang='grc' dir='ltr'><strong>ἄρῃ</strong></span> <span class='ocrx_word' id='word_1_140' title='bbox 2596 939 2765 1008; x_wconf 82' lang='grc' dir='ltr'>αὐτῆς</span> <span class='ocrx_word' id='word_1_141' title='bbox 2780 938 2847 991; x_wconf 84' lang='grc' dir='ltr'><strong>τὰ</strong></span> <span class='ocrx_word' id='word_1_142' title='bbox 2863 938 3082 1009; x_wconf 75' lang='grc' dir='ltr'>ῥυπαρά</span> <span class='ocrx_word' id='word_1_143' title='bbox 3101 937 3391 1006; x_wconf 84' lang='grc' dir='ltr'>ἐνδύματα,</span> <span class='ocrx_word' id='word_1_144' title='bbox 3411 933 3799 1003; x_wconf 57' lang='lat' dir='ltr'><strong>mmmam</strong></span> <span class='ocrx_word' id='word_1_145' title='bbox 3819 932 3919 1000; x_wconf 81' lang='grc' dir='ltr'>τὴν</span> <span class='ocrx_word' id='word_1_146' title='bbox 3936 948 4041 1000; x_wconf 87' lang='grc' dir='ltr'>με-</span> 
     </span>
    </p>
   </div>
   <div class='ocr_carea' id='block_1_24' title="bbox 2463 1022 4041 1100">
    <p class='ocr_par' dir='ltr' id='par_1_24' title="bbox 2463 1022 4041 1100">
     <span class='ocr_line' id='line_1_24' title="bbox 2463 1022 4041 1100; baseline -0.006 -16"><span class='ocrx_word' id='word_1_147' title='bbox 2463 1032 2668 1094; x_wconf 88' lang='grc' dir='ltr'>λανίαν,</span> <span class='ocrx_word' id='word_1_148' title='bbox 2702 1030 2797 1083; x_wconf 73' lang='grc' dir='ltr'>καὶ</span> <span class='ocrx_word' id='word_1_149' title='bbox 2834 1030 3086 1100; x_wconf 81' lang='grc' dir='ltr'>κοσμήσῃ</span> <span class='ocrx_word' id='word_1_150' title='bbox 3105 1026 3273 1097; x_wconf 81' lang='grc' dir='ltr'>αὐτὴν</span> <span class='ocrx_word' id='word_1_151' title='bbox 3318 1026 3583 1095; x_wconf 84' lang='grc' dir='ltr'>ἐνδύμασι</span> <span class='ocrx_word' id='word_1_152' title='bbox 3616 1024 3911 1094; x_wconf 79' lang='grc' dir='ltr'><strong>λαμπροῖς,</strong></span> <span class='ocrx_word' id='word_1_153' title='bbox 3938 1022 4041 1075; x_wconf 77' lang='grc' dir='ltr'>καὶ</span> 
     </span>
    </p>
   </div>
   <div class='ocr_carea' id='block_1_25' title="bbox 2464 1114 4041 1193">
    <p class='ocr_par' dir='ltr' id='par_1_25' title="bbox 2464 1114 4041 1193">
     <span class='ocr_line' id='line_1_25' title="bbox 2464 1114 4041 1193; baseline -0.006 -17"><span class='ocrx_word' id='word_1_154' title='bbox 2464 1126 2667 1193; x_wconf 77' lang='grc' dir='ltr'>ποιήσῃ</span> <span class='ocrx_word' id='word_1_155' title='bbox 2702 1122 2872 1192; x_wconf 79' lang='grc' dir='ltr'>αὐτὴν</span> <span class='ocrx_word' id='word_1_156' title='bbox 2900 1121 3157 1175; x_wconf 84' lang='grc' dir='ltr'>κοινωνὸν</span> <span class='ocrx_word' id='word_1_157' title='bbox 3187 1118 3471 1189; x_wconf 84' lang='grc' dir='ltr'>βασιλέως,</span> <span class='ocrx_word' id='word_1_158' title='bbox 3506 1118 3604 1170; x_wconf 86' lang='grc' dir='ltr'>καὶ</span> <span class='ocrx_word' id='word_1_159' title='bbox 3624 1116 3725 1185; x_wconf 82' lang='grc' dir='ltr'>τῆς</span> <span class='ocrx_word' id='word_1_160' title='bbox 3752 1114 4041 1186; x_wconf 78' lang='grc' dir='ltr'><strong>τραπέζης</strong></span> 
     </span>
    </p>
   </div>
   <div class='ocr_carea' id='block_1_26' title="bbox 2466 1204 4041 1281">
    <p class='ocr_par' dir='ltr' id='par_1_26' title="bbox 2466 1204 4041 1281">
     <span class='ocr_line' id='line_1_26' title="bbox 2466 1204 4041 1281; baseline -0.006 -15"><span class='ocrx_word' id='word_1_161' title='bbox 2466 1214 2656 1276; x_wconf 84' lang='grc' dir='ltr'>αὑτοῦ,</span> <span class='ocrx_word' id='word_1_162' title='bbox 2680 1214 2775 1265; x_wconf 74' lang='grc' dir='ltr'><strong>καὶ</strong></span> <span class='ocrx_word' id='word_1_163' title='bbox 2808 1214 2907 1281; x_wconf 83' lang='grc' dir='ltr'>τῆς</span> <span class='ocrx_word' id='word_1_164' title='bbox 2938 1210 3171 1280; x_wconf 80' lang='grc' dir='ltr'><strong>εὐωχίας</strong></span> <span class='ocrx_word' id='word_1_165' title='bbox 3213 1208 3431 1279; x_wconf 86' lang='grc' dir='ltr'>μεταδῷ</span> <span class='ocrx_word' id='word_1_166' title='bbox 3465 1209 3603 1278; x_wconf 76' lang='grc' dir='ltr'>αὐτῇ</span> <span class='ocrx_word' id='word_1_167' title='bbox 3630 1223 3643 1236; x_wconf 89' lang='grc'>·</span> <span class='ocrx_word' id='word_1_168' title='bbox 3679 1204 3852 1268; x_wconf 80' lang='grc' dir='ltr'>οὕτως</span> <span class='ocrx_word' id='word_1_169' title='bbox 3886 1205 3983 1260; x_wconf 84' lang='grc' dir='ltr'>καὶ</span> <span class='ocrx_word' id='word_1_170' title='bbox 4009 1206 4041 1257; x_wconf 84' lang='grc' dir='ltr'><strong>δ</strong></span> 
     </span>
    </p>
   </div>
   <div class='ocr_carea' id='block_1_27' title="bbox 2464 1298 4039 1375">
    <p class='ocr_par' dir='ltr' id='par_1_27' title="bbox 2464 1298 4039 1375">
     <span class='ocr_line' id='line_1_27' title="bbox 2464 1298 4039 1375; baseline -0.007 -17"><span class='ocrx_word' id='word_1_171' title='bbox 2464 1306 2667 1375; x_wconf 76' lang='grc' dir='ltr'>Κύριος</span> <span class='ocrx_word' id='word_1_172' title='bbox 2694 1299 2819 1374; x_wconf 76' lang='grc' dir='ltr'>εὗρε</span> <span class='ocrx_word' id='word_1_173' title='bbox 2865 1305 2962 1373; x_wconf 85' lang='grc' dir='ltr'>τὴν</span> <span class='ocrx_word' id='word_1_174' title='bbox 2992 1304 3171 1372; x_wconf 76' lang='grc' dir='ltr'>ψυχὴν</span> <span class='ocrx_word' id='word_1_175' title='bbox 3207 1298 3771 1371; x_wconf 80' lang='grc' dir='ltr'>τετραυματισμένην,</span> <span class='ocrx_word' id='word_1_176' title='bbox 3799 1298 3892 1349; x_wconf 81' lang='grc' dir='ltr'>καὶ</span> <span class='ocrx_word' id='word_1_177' title='bbox 3941 1313 4039 1348; x_wconf 64' lang='grc' dir='ltr'>πει</span> 
     </span>
    </p>
   </div>
   <div class='ocr_carea' id='block_1_28' title="bbox 2463 1388 4041 1466">
    <p class='ocr_par' dir='ltr' id='par_1_28' title="bbox 2463 1388 4041 1466">
     <span class='ocr_line' id='line_1_28' title="bbox 2463 1388 4041 1466; baseline -0.004 -18"><span class='ocrx_word' id='word_1_178' title='bbox 2463 1396 2802 1466; x_wconf 75' lang='grc' dir='ltr'>πληγμένην,</span> <span class='ocrx_word' id='word_1_179' title='bbox 2833 1395 2927 1447; x_wconf 75' lang='grc' dir='ltr'>καὶ</span> <span class='ocrx_word' id='word_1_180' title='bbox 2948 1394 3147 1446; x_wconf 73' lang='grc' dir='ltr'>ἔδωκεν</span> <span class='ocrx_word' id='word_1_181' title='bbox 3170 1392 3308 1460; x_wconf 82' lang='grc' dir='ltr'>αύτῇ</span> <span class='ocrx_word' id='word_1_182' title='bbox 3336 1391 3650 1460; x_wconf 83' lang='grc' dir='ltr'>φάρμακον,</span> <span class='ocrx_word' id='word_1_183' title='bbox 3669 1390 3761 1441; x_wconf 78' lang='grc' dir='ltr'>καὶ</span> <span class='ocrx_word' id='word_1_184' title='bbox 3786 1388 4041 1454; x_wconf 78' lang='grc' dir='ltr'>ἐξέδυσεν</span> 
     </span>
    </p>
   </div>
   <div class='ocr_carea' id='block_1_29' title="bbox 2464 1479 4040 1555">
    <p class='ocr_par' dir='ltr' id='par_1_29' title="bbox 2464 1479 4040 1555">
     <span class='ocr_line' id='line_1_29' title="bbox 2464 1479 4040 1555; baseline -0.006 -16"><span class='ocrx_word' id='word_1_185' title='bbox 2464 1487 2634 1554; x_wconf 82' lang='grc' dir='ltr'>αὐτὴν</span> <span class='ocrx_word' id='word_1_186' title='bbox 2667 1486 2735 1539; x_wconf 88' lang='grc' dir='ltr'><strong>τά</strong></span> <span class='ocrx_word' id='word_1_187' title='bbox 2764 1487 2970 1555; x_wconf 83' lang='grc' dir='ltr'>μέλανα</span> <span class='ocrx_word' id='word_1_188' title='bbox 2997 1484 3288 1553; x_wconf 84' lang='grc' dir='ltr'>ἐνδύματα,</span> <span class='ocrx_word' id='word_1_189' title='bbox 3323 1484 3416 1535; x_wconf 78' lang='grc' dir='ltr'>καὶ</span> <span class='ocrx_word' id='word_1_190' title='bbox 3446 1481 3544 1551; x_wconf 83' lang='grc' dir='ltr'>τὴν</span> <span class='ocrx_word' id='word_1_191' title='bbox 3573 1479 3904 1550; x_wconf 69' lang='grc' dir='ltr'>αἰσχρότητα</span> <span class='ocrx_word' id='word_1_192' title='bbox 3937 1480 4040 1548; x_wconf 78' lang='grc' dir='ltr'>τῆς</span> 
     </span>
    </p>
   </div>
   <div class='ocr_carea' id='block_1_30' title="bbox 2465 1569 4035 1642">
    <p class='ocr_par' dir='ltr' id='par_1_30' title="bbox 2465 1569 4035 1642">
     <span class='ocr_line' id='line_1_30' title="bbox 2465 1569 4035 1642; baseline -0.005 -13"><span class='ocrx_word' id='word_1_193' title='bbox 2465 1577 2685 1642; x_wconf 77' lang='grc' dir='ltr'>κακίας,</span> <span class='ocrx_word' id='word_1_194' title='bbox 2740 1578 2836 1629; x_wconf 71' lang='grc' dir='ltr'>καὶ</span> <span class='ocrx_word' id='word_1_195' title='bbox 2889 1574 3141 1628; x_wconf 80' lang='grc' dir='ltr'>ἐνέδυσεν</span> <span class='ocrx_word' id='word_1_196' title='bbox 3198 1574 3369 1642; x_wconf 71' lang='grc' dir='ltr'>αὒτὴν</span> <span class='ocrx_word' id='word_1_197' title='bbox 3426 1572 3702 1641; x_wconf 87' lang='grc' dir='ltr'>ἐνδύματα</span> <span class='ocrx_word' id='word_1_198' title='bbox 3756 1569 4035 1638; x_wconf 80' lang='grc' dir='ltr'>βασιλικὰ,</span> 
     </span>
    </p>
   </div>
   <div class='ocr_carea' id='block_1_31' title="bbox 2467 1659 4041 1736">
    <p class='ocr_par' dir='ltr' id='par_1_31' title="bbox 2467 1659 4041 1736">
     <span class='ocr_line' id='line_1_31' title="bbox 2467 1659 4041 1736; baseline -0.004 -19"><span class='ocrx_word' id='word_1_199' title='bbox 2467 1666 2794 1736; x_wconf 86' lang='grc' dir='ltr'>ἐπουράνια,</span> <span class='ocrx_word' id='word_1_200' title='bbox 2825 1665 2925 1729; x_wconf 78' lang='grc' dir='ltr'>τῆς</span> <span class='ocrx_word' id='word_1_201' title='bbox 2959 1664 3235 1733; x_wconf 81' lang='grc' dir='ltr'>θεότητος,</span> <span class='ocrx_word' id='word_1_202' title='bbox 3269 1662 3527 1730; x_wconf 81' lang='grc' dir='ltr'>φωτεινὰ,</span> <span class='ocrx_word' id='word_1_203' title='bbox 3555 1660 3651 1713; x_wconf 77' lang='grc' dir='ltr'>καὶ</span> <span class='ocrx_word' id='word_1_204' title='bbox 3686 1659 3870 1723; x_wconf 77' lang='grc' dir='ltr'>ἔνδοξα</span> <span class='ocrx_word' id='word_1_205' title='bbox 3896 1676 3910 1689; x_wconf 90' lang='grc'><strong>·</strong></span> <span class='ocrx_word' id='word_1_206' title='bbox 3943 1660 4041 1711; x_wconf 78' lang='grc' dir='ltr'>καὶ</span> 
     </span>
    </p>
   </div>
   <div class='ocr_carea' id='block_1_32' title="bbox 2464 1751 4040 1827">
    <p class='ocr_par' dir='ltr' id='par_1_32' title="bbox 2464 1751 4040 1827">
     <span class='ocr_line' id='line_1_32' title="bbox 2464 1751 4040 1827; baseline -0.005 -17"><span class='ocrx_word' id='word_1_207' title='bbox 2464 1758 2735 1826; x_wconf 88' lang='grc' dir='ltr'>ἐπέθηκεν</span> <span class='ocrx_word' id='word_1_208' title='bbox 2771 1757 2908 1827; x_wconf 80' lang='grc' dir='ltr'>αὐτῇ</span> <span class='ocrx_word' id='word_1_209' title='bbox 2944 1755 3228 1824; x_wconf 87' lang='grc' dir='ltr'>στέφανον,</span> <span class='ocrx_word' id='word_1_210' title='bbox 3262 1754 3355 1806; x_wconf 72' lang='grc' dir='ltr'>καὶ</span> <span class='ocrx_word' id='word_1_211' title='bbox 3377 1753 3633 1822; x_wconf 82' lang='grc' dir='ltr'>ἐποίησεν</span> <span class='ocrx_word' id='word_1_212' title='bbox 3658 1751 3827 1820; x_wconf 81' lang='grc' dir='ltr'>αὐτὴν</span> <span class='ocrx_word' id='word_1_213' title='bbox 3847 1768 4040 1802; x_wconf 89' lang='grc' dir='ltr'>κοινω-</span> 
     </span>
    </p>
   </div>
   <div class='ocr_carea' id='block_1_33' title="bbox 793 1836 2484 1918">
    <p class='ocr_par' dir='ltr' id='par_1_33' title="bbox 793 1836 2484 1911">
     <span class='ocr_line' id='line_1_33' title="bbox 793 1836 2484 1911; baseline 0.004 -19"><span class='ocrx_word' id='word_1_214' title='bbox 793 1854 939 1892; x_wconf 91' lang='lat' dir='ltr'><strong>nem.</strong></span> <span class='ocrx_word' id='word_1_215' title='bbox 969 1840 1035 1891; x_wconf 90' lang='lat' dir='ltr'><strong>Et</strong></span> <span class='ocrx_word' id='word_1_216' title='bbox 1066 1840 1524 1907; x_wconf 87' lang='lat' dir='ltr'><strong>quemadmodum</strong></span> <span class='ocrx_word' id='word_1_217' title='bbox 1570 1842 1614 1894; x_wconf 93' lang='lat' dir='ltr'><strong>si</strong></span> <span class='ocrx_word' id='word_1_218' title='bbox 1645 1842 1714 1895; x_wconf 92' lang='lat' dir='ltr'><strong>sit</strong></span> <span class='ocrx_word' id='word_1_219' title='bbox 1752 1842 1966 1904; x_wconf 89' lang='lat' dir='ltr'><strong>hortus,</strong></span> <span class='ocrx_word' id='word_1_220' title='bbox 1995 1844 2088 1911; x_wconf 94' lang='lat' dir='ltr'><strong>qui</strong></span> <span class='ocrx_word' id='word_1_221' title='bbox 2115 1844 2359 1898; x_wconf 86' lang='lat' dir='ltr'><strong>consitus</strong></span> <span class='ocrx_word' id='word_1_222' title='bbox 2389 1836 2431 1891; x_wconf 83' lang='grc' dir='ltr'><strong>Β</strong></span> <span class='ocrx_word' id='word_1_223' title='bbox 2460 1867 2484 1899; x_wconf 84' lang='grc' dir='ltr'><strong>ν</strong></span> 
     </span>
    </p>
   </div>
   <div class='ocr_carea' id='block_1_34' title="bbox 2344 1836 4035 1918">
    <p class='ocr_par' dir='ltr' id='par_1_34' title="bbox 2344 1836 4035 1918">
     <span class='ocr_line' id='line_1_34' title="bbox 2344 1836 4035 1918; baseline -0.003 -20"><span class='ocrx_word' id='word_1_224' title='bbox 2344 1859 2359 1898; x_wconf 77' lang='lat'><strong>5</strong></span> <span class='ocrx_word' id='word_1_225' title='bbox 2389 1836 2431 1891; x_wconf 78' lang='grc' dir='ltr'><strong>Β</strong></span> <span class='ocrx_word' id='word_1_226' title='bbox 2460 1848 2547 1901; x_wconf 77' lang='grc' dir='ltr'><strong>νὺν</strong></span> <span class='ocrx_word' id='word_1_227' title='bbox 2572 1846 2851 1918; x_wconf 79' lang='grc' dir='ltr'>τραπέζης</span> <span class='ocrx_word' id='word_1_228' title='bbox 2908 1845 3192 1915; x_wconf 84' lang='grc' dir='ltr'>βασιλικῆς</span> <span class='ocrx_word' id='word_1_229' title='bbox 3238 1846 3315 1907; x_wconf 85' lang='grc' dir='ltr'><strong>είς</strong></span> <span class='ocrx_word' id='word_1_230' title='bbox 3370 1842 3544 1912; x_wconf 88' lang='grc' dir='ltr'>χαράν</span> <span class='ocrx_word' id='word_1_231' title='bbox 3570 1843 3662 1895; x_wconf 77' lang='grc' dir='ltr'>καὶ</span> <span class='ocrx_word' id='word_1_232' title='bbox 3691 1840 4035 1909; x_wconf 84' lang='grc' dir='ltr'>ἁγαλλίασιν.</span> 
     </span>
    </p>
   </div>
   <div class='ocr_carea' id='block_1_35' title="bbox 793 1930 2356 2001">
    <p class='ocr_par' dir='ltr' id='par_1_35' title="bbox 793 1930 2356 2001">
     <span class='ocr_line' id='line_1_35' title="bbox 793 1930 2356 2001; baseline 0.004 -19"><span class='ocrx_word' id='word_1_233' title='bbox 793 1930 864 1983; x_wconf 88' lang='lat' dir='ltr'><strong>sit</strong></span> <span class='ocrx_word' id='word_1_234' title='bbox 912 1930 1206 1984; x_wconf 91' lang='lat' dir='ltr'><strong>arboribus</strong></span> <span class='ocrx_word' id='word_1_235' title='bbox 1242 1932 1547 1985; x_wconf 83' lang='lat' dir='ltr'><strong>fructiferis</strong></span> <span class='ocrx_word' id='word_1_236' title='bbox 1597 1932 1839 2001; x_wconf 90' lang='lat' dir='ltr'><strong>undique</strong></span> <span class='ocrx_word' id='word_1_237' title='bbox 1880 1934 2017 1987; x_wconf 92' lang='lat' dir='ltr'><strong>bene</strong></span> <span class='ocrx_word' id='word_1_238' title='bbox 2048 1934 2356 1989; x_wconf 88' lang='lat' dir='ltr'><strong>olentibus:</strong></span> 
     </span>
    </p>
   </div>
   <div class='ocr_carea' id='block_1_36' title="bbox 793 2022 2355 2096">
    <p class='ocr_par' dir='ltr' id='par_1_36' title="bbox 793 2022 2355 2096">
     <span class='ocr_line' id='line_1_36' title="bbox 793 2022 2355 2096; baseline 0.004 -21"><span class='ocrx_word' id='word_1_239' title='bbox 793 2022 907 2075; x_wconf 89' lang='lat' dir='ltr'><strong>sint</strong></span> <span class='ocrx_word' id='word_1_240' title='bbox 962 2038 1180 2091; x_wconf 92' lang='lat' dir='ltr'><strong>quoque</strong></span> <span class='ocrx_word' id='word_1_241' title='bbox 1236 2024 1312 2077; x_wconf 90' lang='lat' dir='ltr'><strong>ibi</strong></span> <span class='ocrx_word' id='word_1_242' title='bbox 1344 2025 1463 2077; x_wconf 89' lang='lat' dir='ltr'><strong>loca</strong></span> <span class='ocrx_word' id='word_1_243' title='bbox 1529 2026 1697 2077; x_wconf 89' lang='lat' dir='ltr'><strong>multa</strong></span> <span class='ocrx_word' id='word_1_244' title='bbox 1751 2026 2065 2079; x_wconf 69' lang='lat' dir='ltr'><strong>ammnitate</strong></span> <span class='ocrx_word' id='word_1_245' title='bbox 2098 2026 2355 2096; x_wconf 82' lang='lat' dir='ltr'><strong>jucunda,</strong></span> 
     </span>
    </p>
   </div>
   <div class='ocr_carea' id='block_1_37' title="bbox 792 2114 2360 2186">
    <p class='ocr_par' dir='ltr' id='par_1_37' title="bbox 792 2114 2360 2186">
     <span class='ocr_line' id='line_1_37' title="bbox 792 2114 2360 2186; baseline 0.005 -21"><span class='ocrx_word' id='word_1_246' title='bbox 792 2114 951 2181; x_wconf 86' lang='lat' dir='ltr'><strong>plane</strong></span> <span class='ocrx_word' id='word_1_247' title='bbox 992 2115 1219 2182; x_wconf 89' lang='lat' dir='ltr'><strong>pulchra</strong></span> <span class='ocrx_word' id='word_1_248' title='bbox 1269 2130 1332 2169; x_wconf 91' lang='lat' dir='ltr'><strong>ac</strong></span> <span class='ocrx_word' id='word_1_249' title='bbox 1366 2117 1522 2184; x_wconf 91' lang='lat' dir='ltr'><strong>plena</strong></span> <span class='ocrx_word' id='word_1_250' title='bbox 1575 2116 1887 2186; x_wconf 66' lang='lat' dir='ltr'><strong>fragrantia:</strong></span> <span class='ocrx_word' id='word_1_251' title='bbox 1934 2126 1990 2170; x_wconf 88' lang='lat' dir='ltr'><strong>et</strong></span> <span class='ocrx_word' id='word_1_252' title='bbox 2040 2118 2272 2186; x_wconf 88' lang='lat' dir='ltr'><strong>quietis;</strong></span> <span class='ocrx_word' id='word_1_253' title='bbox 2305 2128 2360 2173; x_wconf 91' lang='lat' dir='ltr'><strong>et</strong></span> 
     </span>
    </p>
   </div>
   <div class='ocr_carea' id='block_1_38' title="bbox 791 2204 2355 2277">
    <p class='ocr_par' dir='ltr' id='par_1_38' title="bbox 791 2204 2355 2277">
     <span class='ocr_line' id='line_1_38' title="bbox 791 2204 2355 2277; baseline 0.005 -21"><span class='ocrx_word' id='word_1_254' title='bbox 791 2204 1111 2273; x_wconf 91' lang='lat' dir='ltr'><strong>quicunque</strong></span> <span class='ocrx_word' id='word_1_255' title='bbox 1162 2205 1498 2276; x_wconf 90' lang='lat' dir='ltr'><strong>ingrediatur</strong></span> <span class='ocrx_word' id='word_1_256' title='bbox 1533 2208 1684 2269; x_wconf 90' lang='lat' dir='ltr'><strong>illuc,</strong></span> <span class='ocrx_word' id='word_1_257' title='bbox 1727 2208 1941 2261; x_wconf 68' lang='lat' dir='ltr'><strong>laetetur</strong></span> <span class='ocrx_word' id='word_1_258' title='bbox 1969 2217 2025 2262; x_wconf 91' lang='lat' dir='ltr'><strong>et</strong></span> <span class='ocrx_word' id='word_1_259' title='bbox 2070 2209 2355 2277; x_wconf 85' lang='lat' dir='ltr'><strong>quiescat:</strong></span> 
     </span>
    </p>
   </div>
   <div class='ocr_carea' id='block_1_39' title="bbox 790 2294 2361 2368">
    <p class='ocr_par' dir='ltr' id='par_1_39' title="bbox 790 2294 2361 2368">
     <span class='ocr_line' id='line_1_39' title="bbox 790 2294 2361 2368; baseline 0.004 -20"><span class='ocrx_word' id='word_1_260' title='bbox 790 2294 871 2349; x_wconf 84' lang='lat' dir='ltr'><strong>sic</strong></span> <span class='ocrx_word' id='word_1_261' title='bbox 896 2311 953 2349; x_wconf 90' lang='lat' dir='ltr'><strong>se</strong></span> <span class='ocrx_word' id='word_1_262' title='bbox 1004 2296 1209 2351; x_wconf 89' lang='lat' dir='ltr'><strong>habent</strong></span> <span class='ocrx_word' id='word_1_263' title='bbox 1234 2298 1429 2351; x_wconf 73' lang='lat' dir='ltr'><strong>animae</strong></span> <span class='ocrx_word' id='word_1_264' title='bbox 1463 2298 1517 2352; x_wconf 92' lang='lat' dir='ltr'><strong>in</strong></span> <span class='ocrx_word' id='word_1_265' title='bbox 1552 2314 1717 2368; x_wconf 87' lang='lat' dir='ltr'><strong>regno</strong></span> <span class='ocrx_word' id='word_1_266' title='bbox 1759 2300 1895 2365; x_wconf 87' lang='lat' dir='ltr'><strong>hoc;</strong></span> <span class='ocrx_word' id='word_1_267' title='bbox 1946 2308 2070 2354; x_wconf 64' lang='lat' dir='ltr'><strong>tota:</strong></span> <span class='ocrx_word' id='word_1_268' title='bbox 2102 2299 2361 2355; x_wconf 76' lang='lat' dir='ltr'><strong>fruuntur</strong></span> 
     </span>
    </p>
   </div>
   <div class='ocr_carea' id='block_1_40' title="bbox 791 2388 2360 2459">
    <p class='ocr_par' dir='ltr' id='par_1_40' title="bbox 791 2388 2360 2459">
     <span class='ocr_line' id='line_1_40' title="bbox 791 2388 2360 2459; baseline 0.003 -19"><span class='ocrx_word' id='word_1_269' title='bbox 791 2388 1013 2456; x_wconf 86' lang='lat' dir='ltr'><strong>gaudio,</strong></span> <span class='ocrx_word' id='word_1_270' title='bbox 1035 2390 1218 2442; x_wconf 55' lang='lat' dir='ltr'><strong>laetitia</strong></span> <span class='ocrx_word' id='word_1_271' title='bbox 1246 2400 1300 2443; x_wconf 88' lang='lat' dir='ltr'><strong>et</strong></span> <span class='ocrx_word' id='word_1_272' title='bbox 1336 2406 1501 2458; x_wconf 92' lang='lat' dir='ltr'><strong>pace;</strong></span> <span class='ocrx_word' id='word_1_273' title='bbox 1536 2406 1691 2459; x_wconf 85' lang='lat' dir='ltr'><strong>reges</strong></span> <span class='ocrx_word' id='word_1_274' title='bbox 1710 2399 1763 2444; x_wconf 90' lang='lat' dir='ltr'><strong>et</strong></span> <span class='ocrx_word' id='word_1_275' title='bbox 1795 2391 2002 2444; x_wconf 91' lang='lat' dir='ltr'><strong>domini</strong></span> <span class='ocrx_word' id='word_1_276' title='bbox 2027 2401 2155 2445; x_wconf 91' lang='lat' dir='ltr'><strong>sunt</strong></span> <span class='ocrx_word' id='word_1_277' title='bbox 2179 2401 2235 2445; x_wconf 93' lang='lat' dir='ltr'><strong>et</strong></span> <span class='ocrx_word' id='word_1_278' title='bbox 2260 2392 2360 2445; x_wconf 88' lang='lat' dir='ltr'><strong>dii.</strong></span> 
     </span>
    </p>
   </div>
   <div class='ocr_carea' id='block_1_41' title="bbox 793 2477 2359 2552">
    <p class='ocr_par' dir='ltr' id='par_1_41' title="bbox 793 2477 2359 2552">
     <span class='ocr_line' id='line_1_41' title="bbox 793 2477 2359 2552; baseline 0.004 -22"><span class='ocrx_word' id='word_1_279' title='bbox 793 2477 1073 2545; x_wconf 90' lang='lat' dir='ltr'><strong>Scriptum</strong></span> <span class='ocrx_word' id='word_1_280' title='bbox 1109 2482 1254 2534; x_wconf 89' lang='lat' dir='ltr'><strong>enim</strong></span> <span class='ocrx_word' id='word_1_281' title='bbox 1296 2491 1413 2535; x_wconf 88' lang='lat' dir='ltr'><strong>est:</strong></span> <span class='ocrx_word' id='word_1_282' title='bbox 1464 2481 1573 2535; x_wconf 82' lang='lat' dir='ltr'><strong>Rea:</strong></span> <span class='ocrx_word' id='word_1_283' title='bbox 1621 2484 1982 2552; x_wconf 81' lang='lat' dir='ltr'><strong>regnantium,</strong></span> <span class='ocrx_word' id='word_1_284' title='bbox 2018 2492 2068 2535; x_wconf 90' lang='lat' dir='ltr'><strong>et</strong></span> <span class='ocrx_word' id='word_1_285' title='bbox 2106 2482 2359 2549; x_wconf 55' lang='lat' dir='ltr'><strong>Dominus</strong></span> 
     </span>
    </p>
   </div>
   <div class='ocr_carea' id='block_1_42' title="bbox 792 2569 1258 2624">
    <p class='ocr_par' dir='ltr' id='par_1_42' title="bbox 792 2569 1258 2624">
     <span class='ocr_line' id='line_1_42' title="bbox 792 2569 1258 2624; baseline 0.009 -4"><span class='ocrx_word' id='word_1_286' title='bbox 792 2569 1175 2624; x_wconf 77' lang='lat' dir='ltr'><strong>dominantium</strong></span> <span class='ocrx_word' id='word_1_287' title='bbox 1192 2572 1258 2624; x_wconf 79' lang='lat'><strong>“.</strong></span> 
     </span>
    </p>
   </div>
   <div class='ocr_carea' id='block_1_43' title="bbox 862 2748 2361 2823">
    <p class='ocr_par' dir='ltr' id='par_1_43' title="bbox 862 2748 2361 2823">
     <span class='ocr_line' id='line_1_43' title="bbox 862 2748 2361 2823; baseline 0.003 -20"><span class='ocrx_word' id='word_1_288' title='bbox 862 2748 954 2805; x_wconf 72' lang='grc' dir='ltr'><strong>ιν.</strong></span> <span class='ocrx_word' id='word_1_289' title='bbox 994 2750 1115 2805; x_wconf 88' lang='lat' dir='ltr'><strong>Non</strong></span> <span class='ocrx_word' id='word_1_290' title='bbox 1133 2767 1264 2822; x_wconf 92' lang='lat' dir='ltr'><strong>ergo</strong></span> <span class='ocrx_word' id='word_1_291' title='bbox 1281 2752 1719 2807; x_wconf 87' lang='lat' dir='ltr'><strong>Christianorum</strong></span> <span class='ocrx_word' id='word_1_292' title='bbox 1755 2755 1937 2808; x_wconf 92' lang='lat' dir='ltr'><strong>cultus</strong></span> <span class='ocrx_word' id='word_1_293' title='bbox 1966 2760 2050 2808; x_wconf 93' lang='lat' dir='ltr'><strong>est</strong></span> <span class='ocrx_word' id='word_1_294' title='bbox 2077 2753 2361 2823; x_wconf 88' lang='lat' dir='ltr'><strong>quippiam</strong></span> 
     </span>
    </p>
   </div>
   <div class='ocr_carea' id='block_1_44' title="bbox 794 2842 2364 2913">
    <p class='ocr_par' dir='ltr' id='par_1_44' title="bbox 794 2842 2364 2913">
     <span class='ocr_line' id='line_1_44' title="bbox 794 2842 2364 2913; baseline 0.003 -20"><span class='ocrx_word' id='word_1_295' title='bbox 794 2842 1058 2910; x_wconf 89' lang='lat' dir='ltr'><strong>vulgare:</strong></span> <span class='ocrx_word' id='word_1_296' title='bbox 1092 2844 1414 2912; x_wconf 88' lang='lat' dir='ltr'><strong>mysterium</strong></span> <span class='ocrx_word' id='word_1_297' title='bbox 1452 2845 1601 2897; x_wconf 89' lang='lat' dir='ltr'><strong>enim</strong></span> <span class='ocrx_word' id='word_1_298' title='bbox 1651 2845 1755 2897; x_wconf 93' lang='lat' dir='ltr'><strong>hoc</strong></span> <span class='ocrx_word' id='word_1_299' title='bbox 1795 2860 2050 2913; x_wconf 88' lang='lat' dir='ltr'><strong>magnum</strong></span> <span class='ocrx_word' id='word_1_300' title='bbox 2093 2854 2197 2899; x_wconf 90' lang='lat' dir='ltr'><strong>est.</strong></span> <span class='ocrx_word' id='word_1_301' title='bbox 2234 2845 2364 2899; x_wconf 88' lang='lat' dir='ltr'><strong>Per-</strong></span> 
     </span>
    </p>
   </div>
   <div class='ocr_carea' id='block_1_45' title="bbox 793 2932 2362 3005">
    <p class='ocr_par' dir='ltr' id='par_1_45' title="bbox 793 2932 2362 3005">
     <span class='ocr_line' id='line_1_45' title="bbox 793 2932 2362 3005; baseline 0.003 -20"><span class='ocrx_word' id='word_1_302' title='bbox 793 2932 971 3000; x_wconf 91' lang='lat' dir='ltr'><strong>pende</strong></span> <span class='ocrx_word' id='word_1_303' title='bbox 1018 2948 1148 3002; x_wconf 90' lang='lat' dir='ltr'><strong>ergo</strong></span> <span class='ocrx_word' id='word_1_304' title='bbox 1201 2934 1547 2988; x_wconf 88' lang='lat' dir='ltr'><strong>nobilitatem</strong></span> <span class='ocrx_word' id='word_1_305' title='bbox 1576 2944 1744 2999; x_wconf 86' lang='lat' dir='ltr'><strong>tuam,</strong></span> <span class='ocrx_word' id='word_1_306' title='bbox 1771 2936 1916 3005; x_wconf 91' lang='lat' dir='ltr'><strong>quod</strong></span> <span class='ocrx_word' id='word_1_307' title='bbox 1951 2936 2017 2989; x_wconf 93' lang='lat' dir='ltr'><strong>ad</strong></span> <span class='ocrx_word' id='word_1_308' title='bbox 2052 2936 2253 3005; x_wconf 88' lang='lat' dir='ltr'><strong>regiam</strong></span> <span class='ocrx_word' id='word_1_309' title='bbox 2276 2937 2362 2990; x_wconf 86' lang='lat' dir='ltr'><strong>di-</strong></span> 
     </span>
    </p>
   </div>
   <div class='ocr_carea' id='block_1_46' title="bbox 794 3023 2363 3090">
    <p class='ocr_par' dir='ltr' id='par_1_46' title="bbox 794 3023 2363 3090">
     <span class='ocr_line' id='line_1_46' title="bbox 794 3023 2363 3090; baseline 0.003 -17"><span class='ocrx_word' id='word_1_310' title='bbox 794 3023 1056 3090; x_wconf 88' lang='lat' dir='ltr'><strong>gnitatem</strong></span> <span class='ocrx_word' id='word_1_311' title='bbox 1092 3032 1318 3078; x_wconf 88' lang='lat' dir='ltr'><strong>vocatus</strong></span> <span class='ocrx_word' id='word_1_312' title='bbox 1377 3026 1485 3077; x_wconf 88' lang='lat' dir='ltr'><strong>sis:</strong></span> <span class='ocrx_word' id='word_1_313' title='bbox 1539 3024 1711 3079; x_wconf 82' lang='lat' dir='ltr'><strong>Genus</strong></span> <span class='ocrx_word' id='word_1_314' title='bbox 1744 3024 1982 3087; x_wconf 86' lang='lat' dir='ltr'><strong>electum,</strong></span> <span class='ocrx_word' id='word_1_315' title='bbox 2009 3026 2363 3078; x_wconf 84' lang='lat' dir='ltr'><strong>sacerdotium</strong></span> 
     </span>
    </p>
   </div>
   <div class='ocr_carea' id='block_1_47' title="bbox 794 3113 2361 3182">
    <p class='ocr_par' dir='ltr' id='par_1_47' title="bbox 794 3113 2361 3182">
     <span class='ocr_line' id='line_1_47' title="bbox 794 3113 2361 3182; baseline 0.004 -21"><span class='ocrx_word' id='word_1_316' title='bbox 794 3120 843 3161; x_wconf 91' lang='lat' dir='ltr'><strong>et</strong></span> <span class='ocrx_word' id='word_1_317' title='bbox 870 3128 995 3179; x_wconf 84' lang='lat' dir='ltr'><strong>gens</strong></span> <span class='ocrx_word' id='word_1_318' title='bbox 1020 3121 1206 3165; x_wconf 88' lang='lat' dir='ltr'><strong>sancta</strong></span> <span class='ocrx_word' id='word_1_319' title='bbox 1230 3114 1298 3165; x_wconf 75' lang='grc' dir='ltr'><strong>τ’.</strong></span> <span class='ocrx_word' id='word_1_320' title='bbox 1332 3113 1644 3182; x_wconf 79' lang='lat' dir='ltr'><strong>Mysterium</strong></span> <span class='ocrx_word' id='word_1_321' title='bbox 1668 3113 1811 3166; x_wconf 87' lang='lat' dir='ltr'><strong>enim</strong></span> <span class='ocrx_word' id='word_1_322' title='bbox 1836 3114 2238 3167; x_wconf 89' lang='lat' dir='ltr'><strong>Christianismi</strong></span> <span class='ocrx_word' id='word_1_323' title='bbox 2266 3130 2361 3182; x_wconf 87' lang='lat' dir='ltr'><strong>pe-</strong></span> 
     </span>
    </p>
   </div>
   <div class='ocr_carea' id='block_1_48' title="bbox 2459 1932 4041 2009">
    <p class='ocr_par' dir='ltr' id='par_1_48' title="bbox 2459 1932 4041 2009">
     <span class='ocr_line' id='line_1_48' title="bbox 2459 1932 4041 2009; baseline -0.005 -18"><span class='ocrx_word' id='word_1_324' title='bbox 2459 1939 2569 1992; x_wconf 71' lang='grc' dir='ltr'><strong>Καὶ</strong></span> <span class='ocrx_word' id='word_1_325' title='bbox 2618 1938 2806 2009; x_wconf 85' lang='grc' dir='ltr'>ὥσπερ</span> <span class='ocrx_word' id='word_1_326' title='bbox 2850 1938 2946 1990; x_wconf 83' lang='grc' dir='ltr'>ἐὰν</span> <span class='ocrx_word' id='word_1_327' title='bbox 3068 1936 3416 2005; x_wconf 84' lang='grc' dir='ltr'>παράδεισος,</span> <span class='ocrx_word' id='word_1_328' title='bbox 3447 1935 3543 1988; x_wconf 77' lang='grc' dir='ltr'>καὶ</span> <span class='ocrx_word' id='word_1_329' title='bbox 3573 1933 3674 2004; x_wconf 76' lang='grc' dir='ltr'><strong>ἔχῃ</strong></span> <span class='ocrx_word' id='word_1_330' title='bbox 3700 1935 3815 1986; x_wconf 85' lang='grc' dir='ltr'>ἐκεῖ</span> <span class='ocrx_word' id='word_1_331' title='bbox 3844 1932 4041 2001; x_wconf 83' lang='grc' dir='ltr'>δένδρα</span> 
     </span>
    </p>
   </div>
   <div class='ocr_carea' id='block_1_49' title="bbox 2460 2020 4042 2100">
    <p class='ocr_par' dir='ltr' id='par_1_49' title="bbox 2460 2020 4042 2100">
     <span class='ocr_line' id='line_1_49' title="bbox 2460 2020 4042 2100; baseline -0.004 -19"><span class='ocrx_word' id='word_1_332' title='bbox 2460 2029 2805 2100; x_wconf 76' lang='grc' dir='ltr'>καρποφόρα,</span> <span class='ocrx_word' id='word_1_333' title='bbox 2839 2028 2933 2082; x_wconf 80' lang='grc' dir='ltr'>καὶ</span> <span class='ocrx_word' id='word_1_334' title='bbox 2960 2028 3056 2080; x_wconf 86' lang='grc' dir='ltr'>ὅλα</span> <span class='ocrx_word' id='word_1_335' title='bbox 3087 2026 3280 2095; x_wconf 81' lang='grc' dir='ltr'>εὐώδη,</span> <span class='ocrx_word' id='word_1_336' title='bbox 3311 2026 3408 2079; x_wconf 83' lang='grc' dir='ltr'>καὶ</span> <span class='ocrx_word' id='word_1_337' title='bbox 3438 2020 3571 2079; x_wconf 80' lang='grc' dir='ltr'>ὦσιν</span> <span class='ocrx_word' id='word_1_338' title='bbox 3592 2027 3710 2078; x_wconf 80' lang='grc' dir='ltr'>ἐκεῖ</span> <span class='ocrx_word' id='word_1_339' title='bbox 3730 2026 3883 2077; x_wconf 87' lang='grc' dir='ltr'>τόποι</span> <span class='ocrx_word' id='word_1_340' title='bbox 3917 2021 4042 2075; x_wconf 85' lang='grc' dir='ltr'>πολ-</span> 
     </span>
    </p>
   </div>
   <div class='ocr_carea' id='block_1_50' title="bbox 2459 2112 4041 2189">
    <p class='ocr_par' dir='ltr' id='par_1_50' title="bbox 2459 2112 4041 2189">
     <span class='ocr_line' id='line_1_50' title="bbox 2459 2112 4041 2189; baseline -0.007 -16"><span class='ocrx_word' id='word_1_341' title='bbox 2459 2122 2539 2173; x_wconf 74' lang='grc' dir='ltr'>λοὶ</span> <span class='ocrx_word' id='word_1_342' title='bbox 2568 2122 2903 2189; x_wconf 83' lang='grc' dir='ltr'>ἐπιτερπεῖς,</span> <span class='ocrx_word' id='word_1_343' title='bbox 2935 2119 3046 2171; x_wconf 81' lang='grc' dir='ltr'>ὅλοι</span> <span class='ocrx_word' id='word_1_344' title='bbox 3077 2117 3270 2188; x_wconf 81' lang='grc' dir='ltr'>ὡραῖοι</span> <span class='ocrx_word' id='word_1_345' title='bbox 3330 2117 3425 2169; x_wconf 77' lang='grc' dir='ltr'>καὶ</span> <span class='ocrx_word' id='word_1_346' title='bbox 3484 2114 3908 2185; x_wconf 82' lang='grc' dir='ltr'>πεπληρωμένοι</span> <span class='ocrx_word' id='word_1_347' title='bbox 3950 2112 4041 2163; x_wconf 80' lang='grc' dir='ltr'>εύ-</span> 
     </span>
    </p>
   </div>
   <div class='ocr_carea' id='block_1_51' title="bbox 2459 2204 4036 2277">
    <p class='ocr_par' dir='ltr' id='par_1_51' title="bbox 2459 2204 4036 2277">
     <span class='ocr_line' id='line_1_51' title="bbox 2459 2204 4036 2277; baseline -0.007 -11"><span class='ocrx_word' id='word_1_348' title='bbox 2459 2214 2623 2275; x_wconf 84' lang='grc' dir='ltr'>ωδίας</span> <span class='ocrx_word' id='word_1_349' title='bbox 2646 2213 2740 2265; x_wconf 80' lang='grc' dir='ltr'>καὶ</span> <span class='ocrx_word' id='word_1_350' title='bbox 2760 2211 3114 2275; x_wconf 88' lang='grc' dir='ltr'>ἀναπαύσεως</span> <span class='ocrx_word' id='word_1_351' title='bbox 3132 2228 3145 2240; x_wconf 90' lang='grc'><strong>·</strong></span> <span class='ocrx_word' id='word_1_352' title='bbox 3166 2210 3259 2263; x_wconf 80' lang='grc' dir='ltr'>καὶ</span> <span class='ocrx_word' id='word_1_353' title='bbox 3293 2210 3437 2272; x_wconf 79' lang='grc' dir='ltr'>ὅστις</span> <span class='ocrx_word' id='word_1_354' title='bbox 3467 2208 3533 2262; x_wconf 86' lang='grc' dir='ltr'><strong>ἀν</strong></span> <span class='ocrx_word' id='word_1_355' title='bbox 3554 2207 3759 2277; x_wconf 83' lang='grc' dir='ltr'>ἀπέλθῃ</span> <span class='ocrx_word' id='word_1_356' title='bbox 3783 2208 3921 2269; x_wconf 89' lang='grc' dir='ltr'>ἐκεῖ,</span> <span class='ocrx_word' id='word_1_357' title='bbox 3946 2204 4036 2257; x_wconf 84' lang='grc' dir='ltr'>εύ-</span> 
     </span>
    </p>
   </div>
   <div class='ocr_carea' id='block_1_52' title="bbox 2461 2296 4040 2377">
    <p class='ocr_par' dir='ltr' id='par_1_52' title="bbox 2461 2296 4040 2377">
     <span class='ocr_line' id='line_1_52' title="bbox 2461 2296 4040 2377; baseline -0.008 -17"><span class='ocrx_word' id='word_1_358' title='bbox 2461 2308 2749 2377; x_wconf 80' lang='grc' dir='ltr'>φραίνεται</span> <span class='ocrx_word' id='word_1_359' title='bbox 2773 2305 2868 2358; x_wconf 75' lang='grc' dir='ltr'>καὶ</span> <span class='ocrx_word' id='word_1_360' title='bbox 2882 2303 3237 2357; x_wconf 87' lang='grc' dir='ltr'>ἀναπαύεται·</span> <span class='ocrx_word' id='word_1_361' title='bbox 3256 2302 3431 2364; x_wconf 79' lang='grc' dir='ltr'>οὕτως</span> <span class='ocrx_word' id='word_1_362' title='bbox 3448 2301 3687 2369; x_wconf 88' lang='grc' dir='ltr'>γίνονται</span> <span class='ocrx_word' id='word_1_363' title='bbox 3713 2299 3769 2351; x_wconf 89' lang='grc' dir='ltr'><strong>αί</strong></span> <span class='ocrx_word' id='word_1_364' title='bbox 3784 2296 3956 2368; x_wconf 78' lang='grc' dir='ltr'>ψυχαὶ</span> <span class='ocrx_word' id='word_1_365' title='bbox 3980 2297 4040 2348; x_wconf 87' lang='grc' dir='ltr'><strong>ἐν</strong></span> 
     </span>
    </p>
   </div>
   <div class='ocr_carea' id='block_1_53' title="bbox 2459 2389 4040 2468">
    <p class='ocr_par' dir='ltr' id='par_1_53' title="bbox 2459 2389 4040 2468">
     <span class='ocr_line' id='line_1_53' title="bbox 2459 2389 4040 2468; baseline -0.007 -16"><span class='ocrx_word' id='word_1_366' title='bbox 2459 2404 2525 2468; x_wconf 75' lang='grc' dir='ltr'>τῇ</span> <span class='ocrx_word' id='word_1_367' title='bbox 2562 2397 2836 2468; x_wconf 82' lang='grc' dir='ltr'>βασιλείᾳ,</span> <span class='ocrx_word' id='word_1_368' title='bbox 2866 2396 2984 2449; x_wconf 85' lang='grc' dir='ltr'>ὅλαι</span> <span class='ocrx_word' id='word_1_369' title='bbox 3007 2396 3145 2447; x_wconf 80' lang='grc' dir='ltr'>είσὶν</span> <span class='ocrx_word' id='word_1_370' title='bbox 3175 2397 3233 2447; x_wconf 87' lang='grc' dir='ltr'><strong>ἐν</strong></span> <span class='ocrx_word' id='word_1_371' title='bbox 3268 2395 3433 2464; x_wconf 81' lang='grc' dir='ltr'>χαρᾷ,</span> <span class='ocrx_word' id='word_1_372' title='bbox 3465 2390 3919 2459; x_wconf 75' lang='grc' dir='ltr'>καὶέὐφροσύνῃ,</span> <span class='ocrx_word' id='word_1_373' title='bbox 3942 2389 4040 2441; x_wconf 82' lang='grc' dir='ltr'>καὶ</span> 
     </span>
    </p>
   </div>
   <div class='ocr_carea' id='block_1_54' title="bbox 2460 2479 4039 2560">
    <p class='ocr_par' dir='ltr' id='par_1_54' title="bbox 2460 2479 4039 2560">
     <span class='ocr_line' id='line_1_54' title="bbox 2460 2479 4039 2560; baseline -0.008 -19"><span class='ocrx_word' id='word_1_374' title='bbox 2460 2490 2653 2560; x_wconf 76' lang='grc' dir='ltr'>εἰρήνῃ</span> <span class='ocrx_word' id='word_1_375' title='bbox 2672 2506 2686 2519; x_wconf 74' lang='grc' dir='ltr'><strong><em>ο</em></strong></span> <span class='ocrx_word' id='word_1_376' title='bbox 2724 2488 2962 2556; x_wconf 83' lang='grc' dir='ltr'>βασιλεῖς</span> <span class='ocrx_word' id='word_1_377' title='bbox 2990 2486 3085 2538; x_wconf 82' lang='grc' dir='ltr'>καὶ</span> <span class='ocrx_word' id='word_1_378' title='bbox 3112 2484 3291 2553; x_wconf 90' lang='grc' dir='ltr'>κύριοί</span> <span class='ocrx_word' id='word_1_379' title='bbox 3314 2486 3419 2535; x_wconf 82' lang='grc' dir='ltr'>εἰσι</span> <span class='ocrx_word' id='word_1_380' title='bbox 3442 2483 3537 2535; x_wconf 74' lang='grc' dir='ltr'>καὶ</span> <span class='ocrx_word' id='word_1_381' title='bbox 3565 2480 3695 2533; x_wconf 87' lang='grc' dir='ltr'>θεοί.</span> <span class='ocrx_word' id='word_1_382' title='bbox 3724 2479 4039 2548; x_wconf 85' lang='grc' dir='ltr'>Γέγραπται</span> 
     </span>
    </p>
   </div>
   <div class='ocr_carea' id='block_1_55' title="bbox 2462 2570 4042 2647">
    <p class='ocr_par' dir='ltr' id='par_1_55' title="bbox 2462 2570 4042 2647">
     <span class='ocr_line' id='line_1_55' title="bbox 2462 2570 4042 2647; baseline -0.006 -16"><span class='ocrx_word' id='word_1_383' title='bbox 2462 2582 2589 2647; x_wconf 80' lang='grc' dir='ltr'>γάρ,</span> <span class='ocrx_word' id='word_1_384' title='bbox 2638 2580 2935 2642; x_wconf 66' lang='grc' dir='ltr'>Βασιλεὺς</span> <span class='ocrx_word' id='word_1_385' title='bbox 2982 2575 3099 2629; x_wconf 86' lang='grc' dir='ltr'>τῶν</span> <span class='ocrx_word' id='word_1_386' title='bbox 3139 2575 3621 2640; x_wconf 69' lang='grc' dir='ltr'>βασιλευόντων,</span> <span class='ocrx_word' id='word_1_387' title='bbox 3667 2570 3770 2626; x_wconf 79' lang='grc' dir='ltr'>καὶ</span> <span class='ocrx_word' id='word_1_388' title='bbox 3824 2570 4042 2637; x_wconf 83' lang='grc' dir='ltr'>Κύριος</span> 
     </span>
    </p>
   </div>
   <div class='ocr_carea' id='block_1_56' title="bbox 2462 2666 3032 2732">
    <p class='ocr_par' dir='ltr' id='par_1_56' title="bbox 2462 2666 3032 2732">
     <span class='ocr_line' id='line_1_56' title="bbox 2462 2666 3032 2732; baseline 0.002 -15"><span class='ocrx_word' id='word_1_389' title='bbox 2462 2666 2581 2718; x_wconf 83' lang='grc' dir='ltr'>τῶν</span> <span class='ocrx_word' id='word_1_390' title='bbox 2612 2666 3032 2732; x_wconf 80' lang='grc' dir='ltr'>κυριευόντων.</span> 
     </span>
    </p>
   </div>
   <div class='ocr_carea' id='block_1_57' title="bbox 2533 2740 4040 2817">
    <p class='ocr_par' dir='ltr' id='par_1_57' title="bbox 2533 2740 4040 2817">
     <span class='ocr_line' id='line_1_57' title="bbox 2533 2740 4040 2817; baseline -0.009 -12"><span class='ocrx_word' id='word_1_391' title='bbox 2533 2756 2607 2808; x_wconf 89' lang='grc' dir='ltr'><strong>Δ’.</strong></span> <span class='ocrx_word' id='word_1_392' title='bbox 2643 2756 2753 2807; x_wconf 69' lang='lat' dir='ltr'><strong>Uine</strong></span> <span class='ocrx_word' id='word_1_393' title='bbox 2786 2753 2931 2805; x_wconf 81' lang='grc' dir='ltr'>εστιν</span> <span class='ocrx_word' id='word_1_394' title='bbox 2954 2750 3045 2803; x_wconf 78' lang='grc' dir='ltr'>οὖν</span> <span class='ocrx_word' id='word_1_395' title='bbox 3066 2749 3124 2803; x_wconf 79' lang='grc' dir='ltr'>τὸ</span> <span class='ocrx_word' id='word_1_396' title='bbox 3146 2748 3306 2817; x_wconf 80' lang='grc' dir='ltr'>τυχὸν</span> <span class='ocrx_word' id='word_1_397' title='bbox 3330 2749 3357 2800; x_wconf 90' lang='grc' dir='ltr'><strong>ό</strong></span> <span class='ocrx_word' id='word_1_398' title='bbox 3378 2742 3828 2816; x_wconf 75' lang='grc' dir='ltr'>Χριστιανισμόςο</span> <span class='ocrx_word' id='word_1_399' title='bbox 3848 2741 3907 2793; x_wconf 80' lang='grc' dir='ltr'>τὸ</span> <span class='ocrx_word' id='word_1_400' title='bbox 3930 2740 4040 2811; x_wconf 75' lang='grc' dir='ltr'>γὰρ</span> 
     </span>
    </p>
   </div>
   <div class='ocr_carea' id='block_1_58' title="bbox 2468 2834 4041 2915">
    <p class='ocr_par' dir='ltr' id='par_1_58' title="bbox 2468 2834 4041 2915">
     <span class='ocr_line' id='line_1_58' title="bbox 2468 2834 4041 2915; baseline -0.008 -19"><span class='ocrx_word' id='word_1_401' title='bbox 2468 2845 2768 2915; x_wconf 82' lang='grc' dir='ltr'>μυστήριον</span> <span class='ocrx_word' id='word_1_402' title='bbox 2794 2841 2953 2895; x_wconf 82' lang='grc' dir='ltr'>τοῦτο</span> <span class='ocrx_word' id='word_1_403' title='bbox 2982 2841 3124 2909; x_wconf 85' lang='grc' dir='ltr'>μέγα</span> <span class='ocrx_word' id='word_1_404' title='bbox 3170 2839 3335 2892; x_wconf 86' lang='grc' dir='ltr'>ἐστίν.</span> <span class='ocrx_word' id='word_1_405' title='bbox 3379 2835 3667 2904; x_wconf 83' lang='grc' dir='ltr'>Ἐπίγνωθι</span> <span class='ocrx_word' id='word_1_406' title='bbox 3693 2834 3786 2887; x_wconf 81' lang='grc' dir='ltr'>οὖν</span> <span class='ocrx_word' id='word_1_407' title='bbox 3818 2850 3913 2885; x_wconf 91' lang='grc' dir='ltr'><strong>σου</strong></span> <span class='ocrx_word' id='word_1_408' title='bbox 3939 2834 4041 2901; x_wconf 79' lang='grc' dir='ltr'>τὴν</span> 
     </span>
    </p>
   </div>
   <div class='ocr_carea' id='block_1_59' title="bbox 2465 2924 4042 3002">
    <p class='ocr_par' dir='ltr' id='par_1_59' title="bbox 2465 2924 4042 3002">
     <span class='ocr_line' id='line_1_59' title="bbox 2465 2924 4042 3002; baseline -0.007 -16"><span class='ocrx_word' id='word_1_409' title='bbox 2465 2936 2764 3002; x_wconf 68' lang='grc' dir='ltr'>εὐγένειαν,</span> <span class='ocrx_word' id='word_1_410' title='bbox 2796 2935 2876 2986; x_wconf 83' lang='grc' dir='ltr'>ὅτι</span> <span class='ocrx_word' id='word_1_411' title='bbox 2906 2935 2984 2996; x_wconf 84' lang='grc' dir='ltr'><strong>είς</strong></span> <span class='ocrx_word' id='word_1_412' title='bbox 3023 2931 3299 2998; x_wconf 82' lang='grc' dir='ltr'>βασιλικὸν</span> <span class='ocrx_word' id='word_1_413' title='bbox 3330 2929 3547 2996; x_wconf 75' lang='grc' dir='ltr'>ἀξίωμα</span> <span class='ocrx_word' id='word_1_414' title='bbox 3578 2925 3835 2997; x_wconf 76' lang='grc' dir='ltr'>ἐκλήθης,</span> <span class='ocrx_word' id='word_1_415' title='bbox 3862 2924 4042 2992; x_wconf 74' lang='grc' dir='ltr'>γένος</span> 
     </span>
    </p>
   </div>
   <div class='ocr_carea' id='block_1_60' title="bbox 2463 3016 4043 3091">
    <p class='ocr_par' dir='ltr' id='par_1_60' title="bbox 2463 3016 4043 3091">
     <span class='ocr_line' id='line_1_60' title="bbox 2463 3016 4043 3091; baseline -0.009 -12"><span class='ocrx_word' id='word_1_416' title='bbox 2463 3026 2770 3088; x_wconf 70' lang='grc' dir='ltr'>ἐκλεκτὸν,</span> <span class='ocrx_word' id='word_1_417' title='bbox 2788 3024 3097 3091; x_wconf 72' lang='grc' dir='ltr'>ἱεράτευμα</span> <span class='ocrx_word' id='word_1_418' title='bbox 3113 3024 3210 3075; x_wconf 75' lang='grc' dir='ltr'><strong>καί</strong></span> <span class='ocrx_word' id='word_1_419' title='bbox 3229 3021 3403 3085; x_wconf 74' lang='grc' dir='ltr'>ἔθνος</span> <span class='ocrx_word' id='word_1_420' title='bbox 3421 3019 3611 3087; x_wconf 81' lang='grc' dir='ltr'>ἄτιον·</span> <span class='ocrx_word' id='word_1_421' title='bbox 3633 3017 3693 3069; x_wconf 83' lang='grc' dir='ltr'>τὸ</span> <span class='ocrx_word' id='word_1_422' title='bbox 3711 3017 3820 3085; x_wconf 79' lang='grc' dir='ltr'>γὰρ</span> <span class='ocrx_word' id='word_1_423' title='bbox 3846 3016 4043 3084; x_wconf 65' lang='grc' dir='ltr'>μύστης</span> 
     </span>
    </p>
   </div>
   <div class='ocr_carea' id='block_1_61' title="bbox 2470 3106 4039 3189">
    <p class='ocr_par' dir='ltr' id='par_1_61' title="bbox 2470 3106 4039 3189">
     <span class='ocr_line' id='line_1_61' title="bbox 2470 3106 4039 3189; baseline -0.006 -19"><span class='ocrx_word' id='word_1_424' title='bbox 2470 3136 2581 3189; x_wconf 83' lang='grc' dir='ltr'>ριον</span> <span class='ocrx_word' id='word_1_425' title='bbox 2606 3116 2697 3169; x_wconf 82' lang='grc' dir='ltr'>τοῦ</span> <span class='ocrx_word' id='word_1_426' title='bbox 2720 3113 3146 3185; x_wconf 77' lang='grc' dir='ltr'>Χριστιανισμοῦ</span> <span class='ocrx_word' id='word_1_427' title='bbox 3176 3113 3320 3176; x_wconf 82' lang='grc' dir='ltr'>ξένον</span> <span class='ocrx_word' id='word_1_428' title='bbox 3345 3112 3457 3163; x_wconf 77' lang='grc' dir='ltr'>ἐστὶ</span> <span class='ocrx_word' id='word_1_429' title='bbox 3474 3108 3567 3161; x_wconf 86' lang='grc' dir='ltr'>τοῦ</span> <span class='ocrx_word' id='word_1_430' title='bbox 3598 3108 3803 3176; x_wconf 85' lang='grc' dir='ltr'>κόσμου</span> <span class='ocrx_word' id='word_1_431' title='bbox 3824 3106 4039 3162; x_wconf 88' lang='grc' dir='ltr'>τούτου.</span> 
     </span>
    </p>
   </div>
   <div class='ocr_carea' id='block_1_62' title="bbox 794 3182 2485 3277">
    <p class='ocr_par' dir='ltr' id='par_1_62' title="bbox 794 3182 2485 3274">
     <span class='ocr_line' id='line_1_62' title="bbox 794 3182 2485 3274; baseline 0.002 -21"><span class='ocrx_word' id='word_1_432' title='bbox 794 3203 1073 3270; x_wconf 77' lang='lat' dir='ltr'><strong>regrinnm</strong></span> <span class='ocrx_word' id='word_1_433' title='bbox 1105 3211 1187 3257; x_wconf 91' lang='lat' dir='ltr'><strong>est</strong></span> <span class='ocrx_word' id='word_1_434' title='bbox 1233 3204 1300 3256; x_wconf 91' lang='lat' dir='ltr'><strong>ab</strong></span> <span class='ocrx_word' id='word_1_435' title='bbox 1338 3205 1444 3257; x_wconf 92' lang='lat' dir='ltr'><strong>hoc</strong></span> <span class='ocrx_word' id='word_1_436' title='bbox 1478 3205 1703 3257; x_wconf 90' lang='lat' dir='ltr'><strong>mundo.</strong></span> <span class='ocrx_word' id='word_1_437' title='bbox 1759 3204 1943 3258; x_wconf 87' lang='lat' dir='ltr'><strong>Gloria</strong></span> <span class='ocrx_word' id='word_1_438' title='bbox 1973 3206 2117 3274; x_wconf 88' lang='lat' dir='ltr'><strong>regis</strong></span> <span class='ocrx_word' id='word_1_439' title='bbox 2139 3204 2362 3272; x_wconf 92' lang='lat' dir='ltr'><strong>quidem</strong></span> <span class='ocrx_word' id='word_1_440' title='bbox 2391 3182 2433 3237; x_wconf 59' lang='grc' dir='ltr'><strong>(δ</strong></span> <span class='ocrx_word' id='word_1_441' title='bbox 2471 3182 2485 3226; x_wconf 44' lang='grc' dir='ltr'>ἶ</span> 
     </span>
    </p>
   </div>
   <div class='ocr_carea' id='block_1_63' title="bbox 2349 3182 4040 3277">
    <p class='ocr_par' dir='ltr' id='par_1_63' title="bbox 2349 3182 4040 3277">
     <span class='ocr_line' id='line_1_63' title="bbox 2349 3182 4040 3277; baseline -0.005 -21"><span class='ocrx_word' id='word_1_442' title='bbox 2349 3220 2362 3256; x_wconf 91' lang='lat' dir='ltr'><strong>I</strong></span> <span class='ocrx_word' id='word_1_443' title='bbox 2391 3182 2433 3237; x_wconf 65' lang='grc' dir='ltr'>Ο</span> <span class='ocrx_word' id='word_1_444' title='bbox 2471 3182 2541 3260; x_wconf 54' lang='grc' dir='ltr'><strong>ἱΗ</strong></span> <span class='ocrx_word' id='word_1_445' title='bbox 2577 3208 2673 3277; x_wconf 83' lang='grc' dir='ltr'>μὲν</span> <span class='ocrx_word' id='word_1_446' title='bbox 2704 3182 3002 3276; x_wconf 79' lang='grc' dir='ltr'>φαινομένη</span> <span class='ocrx_word' id='word_1_447' title='bbox 3029 3182 3155 3268; x_wconf 80' lang='grc' dir='ltr'>δόξα</span> <span class='ocrx_word' id='word_1_448' title='bbox 3184 3202 3279 3255; x_wconf 82' lang='grc' dir='ltr'>τοῦ</span> <span class='ocrx_word' id='word_1_449' title='bbox 3303 3200 3590 3271; x_wconf 88' lang='grc' dir='ltr'>βασιλέως,</span> <span class='ocrx_word' id='word_1_450' title='bbox 3617 3198 3712 3250; x_wconf 79' lang='grc' dir='ltr'>καὶ</span> <span class='ocrx_word' id='word_1_451' title='bbox 3735 3200 3763 3250; x_wconf 89' lang='grc' dir='ltr'><strong>ό</strong></span> <span class='ocrx_word' id='word_1_452' title='bbox 3785 3197 4040 3260; x_wconf 83' lang='grc' dir='ltr'>πλοῦτος,</span> 
     </span>
    </p>
   </div>
   <div class='ocr_carea' id='block_1_64' title="bbox 794 3293 2363 3362">
    <p class='ocr_par' dir='ltr' id='par_1_64' title="bbox 794 3293 2363 3362">
     <span class='ocr_line' id='line_1_64' title="bbox 794 3293 2363 3362; baseline 0.001 -17"><span class='ocrx_word' id='word_1_453' title='bbox 794 3293 1115 3359; x_wconf 89' lang='lat' dir='ltr'><strong>conspicua,</strong></span> <span class='ocrx_word' id='word_1_454' title='bbox 1151 3308 1213 3346; x_wconf 86' lang='lat' dir='ltr'><strong>ac</strong></span> <span class='ocrx_word' id='word_1_455' title='bbox 1240 3294 1445 3347; x_wconf 68' lang='lat' dir='ltr'><strong>divitia:</strong></span> <span class='ocrx_word' id='word_1_456' title='bbox 1488 3304 1705 3347; x_wconf 91' lang='lat' dir='ltr'><strong>terrena</strong></span> <span class='ocrx_word' id='word_1_457' title='bbox 1757 3305 1906 3357; x_wconf 90' lang='lat' dir='ltr'><strong>sunt,</strong></span> <span class='ocrx_word' id='word_1_458' title='bbox 1965 3295 2363 3362; x_wconf 79' lang='lat' dir='ltr'><strong>corruptibilia,</strong></span> 
     </span>
    </p>
   </div>
   <div class='ocr_carea' id='block_1_65' title="bbox 794 3382 2366 3453">
    <p class='ocr_par' dir='ltr' id='par_1_65' title="bbox 794 3382 2366 3453">
     <span class='ocr_line' id='line_1_65' title="bbox 794 3382 2366 3453; baseline 0.003 -20"><span class='ocrx_word' id='word_1_459' title='bbox 794 3382 937 3435; x_wconf 78' lang='lat' dir='ltr'><strong>ﬂuxa</strong></span> <span class='ocrx_word' id='word_1_460' title='bbox 962 3395 1016 3436; x_wconf 90' lang='lat' dir='ltr'><strong>et</strong></span> <span class='ocrx_word' id='word_1_461' title='bbox 1050 3384 1277 3437; x_wconf 88' lang='lat' dir='ltr'><strong>caduca.</strong></span> <span class='ocrx_word' id='word_1_462' title='bbox 1332 3386 1578 3453; x_wconf 86' lang='lat' dir='ltr'><strong>Regnum</strong></span> <span class='ocrx_word' id='word_1_463' title='bbox 1622 3394 1805 3437; x_wconf 91' lang='lat' dir='ltr'><strong>autem</strong></span> <span class='ocrx_word' id='word_1_464' title='bbox 1842 3385 1999 3449; x_wconf 91' lang='lat' dir='ltr'><strong>illud,</strong></span> <span class='ocrx_word' id='word_1_465' title='bbox 2052 3393 2108 3438; x_wconf 93' lang='lat' dir='ltr'><strong>et</strong></span> <span class='ocrx_word' id='word_1_466' title='bbox 2142 3385 2366 3449; x_wconf 69' lang='lat' dir='ltr'><strong>divitiae,</strong></span> 
     </span>
    </p>
   </div>
   <div class='ocr_carea' id='block_1_66' title="bbox 796 3474 2369 3545">
    <p class='ocr_par' dir='ltr' id='par_1_66' title="bbox 796 3474 2369 3545">
     <span class='ocr_line' id='line_1_66' title="bbox 796 3474 2369 3545; baseline 0.003 -21"><span class='ocrx_word' id='word_1_467' title='bbox 796 3482 925 3525; x_wconf 89' lang='lat' dir='ltr'><strong>sunt</strong></span> <span class='ocrx_word' id='word_1_468' title='bbox 968 3489 1056 3527; x_wconf 91' lang='lat' dir='ltr'><strong>res</strong></span> <span class='ocrx_word' id='word_1_469' title='bbox 1084 3474 1306 3540; x_wconf 76' lang='lat' dir='ltr'><strong>divinae,</strong></span> <span class='ocrx_word' id='word_1_470' title='bbox 1341 3492 1428 3529; x_wconf 89' lang='lat' dir='ltr'><strong>res</strong></span> <span class='ocrx_word' id='word_1_471' title='bbox 1458 3477 1709 3530; x_wconf 75' lang='lat' dir='ltr'><strong>cmlestes</strong></span> <span class='ocrx_word' id='word_1_472' title='bbox 1730 3486 1893 3544; x_wconf 84' lang='lat' dir='ltr'><strong>atque</strong></span> <span class='ocrx_word' id='word_1_473' title='bbox 1929 3476 2201 3545; x_wconf 73' lang='lat' dir='ltr'><strong>gloriosae,</strong></span> <span class='ocrx_word' id='word_1_474' title='bbox 2228 3492 2369 3529; x_wconf 89' lang='lat' dir='ltr'><strong>nun-</strong></span> 
     </span>
    </p>
   </div>
   <div class='ocr_carea' id='block_1_67' title="bbox 796 3567 2370 3635">
    <p class='ocr_par' dir='ltr' id='par_1_67' title="bbox 796 3567 2370 3635">
     <span class='ocr_line' id='line_1_67' title="bbox 796 3567 2370 3635; baseline 0.004 -22"><span class='ocrx_word' id='word_1_475' title='bbox 796 3579 959 3631; x_wconf 88' lang='lat' dir='ltr'><strong>quam</strong></span> <span class='ocrx_word' id='word_1_476' title='bbox 992 3567 1368 3634; x_wconf 61' lang='lat' dir='ltr'><strong>praeteriturat,</strong></span> <span class='ocrx_word' id='word_1_477' title='bbox 1403 3584 1683 3635; x_wconf 89' lang='lat' dir='ltr'><strong>nunquam</strong></span> <span class='ocrx_word' id='word_1_478' title='bbox 1718 3568 2097 3620; x_wconf 61' lang='lat' dir='ltr'><strong>dissolvendm.</strong></span> <span class='ocrx_word' id='word_1_479' title='bbox 2120 3568 2370 3635; x_wconf 80' lang='lat' dir='ltr'><strong>Regnant</strong></span> 
     </span>
    </p>
   </div>
   <div class='ocr_carea' id='block_1_68' title="bbox 796 3656 2369 3725">
    <p class='ocr_par' dir='ltr' id='par_1_68' title="bbox 796 3656 2369 3725">
     <span class='ocr_line' id='line_1_68' title="bbox 796 3656 2369 3725; baseline 0.001 -19"><span class='ocrx_word' id='word_1_480' title='bbox 796 3656 944 3707; x_wconf 90' lang='lat' dir='ltr'><strong>enim</strong></span> <span class='ocrx_word' id='word_1_481' title='bbox 976 3671 1098 3708; x_wconf 91' lang='lat' dir='ltr'><strong>cum</strong></span> <span class='ocrx_word' id='word_1_482' title='bbox 1132 3656 1342 3709; x_wconf 65' lang='lat' dir='ltr'><strong>caelesti</strong></span> <span class='ocrx_word' id='word_1_483' title='bbox 1375 3672 1495 3725; x_wconf 83' lang='lat' dir='ltr'><strong>rege</strong></span> <span class='ocrx_word' id='word_1_484' title='bbox 1536 3656 1587 3708; x_wconf 90' lang='lat' dir='ltr'><strong>in</strong></span> <span class='ocrx_word' id='word_1_485' title='bbox 1617 3656 1823 3709; x_wconf 69' lang='lat' dir='ltr'><strong>cmlesti</strong></span> <span class='ocrx_word' id='word_1_486' title='bbox 1852 3657 2123 3719; x_wconf 87' lang='lat' dir='ltr'><strong>Ecclesia;</strong></span> <span class='ocrx_word' id='word_1_487' title='bbox 2149 3657 2369 3724; x_wconf 89' lang='lat' dir='ltr'><strong>ipseque</strong></span> 
     </span>
    </p>
   </div>
   <div class='ocr_carea' id='block_1_69' title="bbox 797 3748 2369 3819">
    <p class='ocr_par' dir='ltr' id='par_1_69' title="bbox 797 3748 2369 3819">
     <span class='ocr_line' id='line_1_69' title="bbox 797 3748 2369 3819; baseline 0.001 -22"><span class='ocrx_word' id='word_1_488' title='bbox 797 3748 1177 3816; x_wconf 82' lang='lat' dir='ltr'><strong>primogenitus</strong></span> <span class='ocrx_word' id='word_1_489' title='bbox 1207 3756 1282 3800; x_wconf 80' lang='lat' dir='ltr'><strong>est</strong></span> <span class='ocrx_word' id='word_1_490' title='bbox 1321 3764 1382 3800; x_wconf 79' lang='lat' dir='ltr'><strong>ea:</strong></span> <span class='ocrx_word' id='word_1_491' title='bbox 1413 3752 1629 3801; x_wconf 85' lang='lat' dir='ltr'><strong>mortuis</strong></span> <span class='ocrx_word' id='word_1_492' title='bbox 1652 3750 1719 3809; x_wconf 69' lang='lat'><strong>7&#39;,</strong></span> <span class='ocrx_word' id='word_1_493' title='bbox 1773 3749 2117 3819; x_wconf 88' lang='lat' dir='ltr'><strong>primogeniti</strong></span> <span class='ocrx_word' id='word_1_494' title='bbox 2151 3763 2369 3817; x_wconf 88' lang='lat' dir='ltr'><strong>quoque</strong></span> 
     </span>
    </p>
   </div>
   <div class='ocr_carea' id='block_1_70' title="bbox 800 3834 2368 3908">
    <p class='ocr_par' dir='ltr' id='par_1_70' title="bbox 800 3834 2368 3908">
     <span class='ocr_line' id='line_1_70' title="bbox 800 3834 2368 3908; baseline 0.003 -21"><span class='ocrx_word' id='word_1_495' title='bbox 800 3834 922 3904; x_wconf 88' lang='lat' dir='ltr'><strong>ipsi.</strong></span> <span class='ocrx_word' id='word_1_496' title='bbox 949 3836 1217 3891; x_wconf 65' lang='lat' dir='ltr'><strong>Caeterum</strong></span> <span class='ocrx_word' id='word_1_497' title='bbox 1249 3838 1529 3891; x_wconf 87' lang='lat' dir='ltr'><strong>licettales</strong></span> <span class='ocrx_word' id='word_1_498' title='bbox 1573 3838 1691 3892; x_wconf 91' lang='lat' dir='ltr'><strong>sint</strong></span> <span class='ocrx_word' id='word_1_499' title='bbox 1713 3838 1871 3893; x_wconf 89' lang='lat' dir='ltr'><strong>electi</strong></span> <span class='ocrx_word' id='word_1_500' title='bbox 1901 3849 1955 3893; x_wconf 92' lang='lat' dir='ltr'><strong>et</strong></span> <span class='ocrx_word' id='word_1_501' title='bbox 1984 3840 2199 3908; x_wconf 89' lang='lat' dir='ltr'><strong>probati</strong></span> <span class='ocrx_word' id='word_1_502' title='bbox 2224 3838 2368 3907; x_wconf 92' lang='lat' dir='ltr'><strong>apud</strong></span> 
     </span>
    </p>
   </div>
   <div class='ocr_carea' id='block_1_71' title="bbox 799 3924 2370 3997">
    <p class='ocr_par' dir='ltr' id='par_1_71' title="bbox 799 3924 2370 3997">
     <span class='ocr_line' id='line_1_71' title="bbox 799 3924 2370 3997; baseline 0.003 -20"><span class='ocrx_word' id='word_1_503' title='bbox 799 3924 1000 3989; x_wconf 89' lang='lat' dir='ltr'><strong>Deum;</strong></span> <span class='ocrx_word' id='word_1_504' title='bbox 1030 3928 1171 3994; x_wconf 90' lang='lat' dir='ltr'><strong>apud</strong></span> <span class='ocrx_word' id='word_1_505' title='bbox 1199 3942 1256 3981; x_wconf 91' lang='lat' dir='ltr'><strong>se</strong></span> <span class='ocrx_word' id='word_1_506' title='bbox 1286 3936 1467 3981; x_wconf 89' lang='lat' dir='ltr'><strong>tamen</strong></span> <span class='ocrx_word' id='word_1_507' title='bbox 1499 3936 1626 3983; x_wconf 90' lang='lat' dir='ltr'><strong>sunt</strong></span> <span class='ocrx_word' id='word_1_508' title='bbox 1658 3928 1889 3990; x_wconf 92' lang='lat' dir='ltr'><strong>minimi,</strong></span> <span class='ocrx_word' id='word_1_509' title='bbox 1914 3938 1969 3981; x_wconf 92' lang='lat' dir='ltr'><strong>et</strong></span> <span class='ocrx_word' id='word_1_510' title='bbox 1995 3929 2151 3982; x_wconf 83' lang='lat' dir='ltr'><strong>valde</strong></span> <span class='ocrx_word' id='word_1_511' title='bbox 2182 3944 2370 3997; x_wconf 89' lang='lat' dir='ltr'><strong>repro-</strong></span> 
     </span>
    </p>
   </div>
   <div class='ocr_carea' id='block_1_72' title="bbox 800 4014 2371 4085">
    <p class='ocr_par' dir='ltr' id='par_1_72' title="bbox 800 4014 2371 4085">
     <span class='ocr_line' id='line_1_72' title="bbox 800 4014 2371 4085; baseline 0.002 -19"><span class='ocrx_word' id='word_1_512' title='bbox 800 4014 944 4076; x_wconf 87' lang='lat' dir='ltr'><strong>bati;</strong></span> <span class='ocrx_word' id='word_1_513' title='bbox 984 4014 1142 4085; x_wconf 59' lang='grc' dir='ltr'><strong>ιοή</strong></span> <span class='ocrx_word' id='word_1_514' title='bbox 1186 4016 1332 4084; x_wconf 93' lang='lat' dir='ltr'><strong>quod</strong></span> <span class='ocrx_word' id='word_1_515' title='bbox 1391 4016 1500 4069; x_wconf 91' lang='lat' dir='ltr'><strong>illis</strong></span> <span class='ocrx_word' id='word_1_516' title='bbox 1525 4024 1609 4069; x_wconf 90' lang='lat' dir='ltr'><strong>est</strong></span> <span class='ocrx_word' id='word_1_517' title='bbox 1660 4016 1809 4068; x_wconf 92' lang='lat' dir='ltr'><strong>velut</strong></span> <span class='ocrx_word' id='word_1_518' title='bbox 1862 4017 2114 4070; x_wconf 88' lang='lat' dir='ltr'><strong>naturale</strong></span> <span class='ocrx_word' id='word_1_519' title='bbox 2146 4026 2202 4069; x_wconf 94' lang='lat' dir='ltr'><strong>et</strong></span> <span class='ocrx_word' id='word_1_520' title='bbox 2240 4032 2371 4070; x_wconf 89' lang='lat' dir='ltr'><strong>con-</strong></span> 
     </span>
    </p>
   </div>
   <div class='ocr_carea' id='block_1_73' title="bbox 800 4106 2226 4170">
    <p class='ocr_par' dir='ltr' id='par_1_73' title="bbox 800 4106 2226 4170">
     <span class='ocr_line' id='line_1_73' title="bbox 800 4106 2226 4170; baseline 0.001 -11"><span class='ocrx_word' id='word_1_521' title='bbox 800 4118 1034 4170; x_wconf 89' lang='lat' dir='ltr'><strong>cretum,</strong></span> <span class='ocrx_word' id='word_1_522' title='bbox 1072 4115 1131 4159; x_wconf 93' lang='lat' dir='ltr'><strong>ut</strong></span> <span class='ocrx_word' id='word_1_523' title='bbox 1162 4106 1229 4161; x_wconf 93' lang='lat' dir='ltr'><strong>de</strong></span> <span class='ocrx_word' id='word_1_524' title='bbox 1262 4122 1320 4161; x_wconf 91' lang='lat' dir='ltr'><strong>se</strong></span> <span class='ocrx_word' id='word_1_525' title='bbox 1347 4106 1632 4161; x_wconf 91' lang='lat' dir='ltr'><strong>humiliter</strong></span> <span class='ocrx_word' id='word_1_526' title='bbox 1671 4116 1765 4161; x_wconf 89' lang='lat' dir='ltr'><strong>aut</strong></span> <span class='ocrx_word' id='word_1_527' title='bbox 1792 4108 1929 4161; x_wconf 84' lang='lat' dir='ltr'><strong>nihil</strong></span> <span class='ocrx_word' id='word_1_528' title='bbox 1967 4109 2226 4163; x_wconf 89' lang='lat' dir='ltr'><strong>sentiant.</strong></span> 
     </span>
    </p>
   </div>
   <div class='ocr_carea' id='block_1_74' title="bbox 872 4281 2369 4352">
    <p class='ocr_par' dir='ltr' id='par_1_74' title="bbox 872 4281 2369 4352">
     <span class='ocr_line' id='line_1_74' title="bbox 872 4281 2369 4352; baseline 0.001 -18"><span class='ocrx_word' id='word_1_529' title='bbox 872 4281 937 4334; x_wconf 86' lang='lat' dir='ltr'><strong>V.</strong></span> <span class='ocrx_word' id='word_1_530' title='bbox 989 4281 1360 4349; x_wconf 75' lang='lat' dir='ltr'><strong>Interrogatio.</strong></span> <span class='ocrx_word' id='word_1_531' title='bbox 1403 4282 1728 4352; x_wconf 86' lang='lat' dir='ltr'><strong>lgnarantne</strong></span> <span class='ocrx_word' id='word_1_532' title='bbox 1769 4300 1889 4352; x_wconf 88' lang='lat' dir='ltr'><strong>ergo</strong></span> <span class='ocrx_word' id='word_1_533' title='bbox 1936 4299 1991 4336; x_wconf 88' lang='lat' dir='ltr'><strong>se</strong></span> <span class='ocrx_word' id='word_1_534' title='bbox 2029 4284 2369 4337; x_wconf 73' lang='lat' dir='ltr'><strong>accessionem</strong></span> 
     </span>
    </p>
   </div>
   <div class='ocr_carea' id='block_1_75' title="bbox 798 4374 2370 4443">
    <p class='ocr_par' dir='ltr' id='par_1_75' title="bbox 798 4374 2370 4443">
     <span class='ocr_line' id='line_1_75' title="bbox 798 4374 2370 4443; baseline 0 -16"><span class='ocrx_word' id='word_1_535' title='bbox 798 4384 1118 4435; x_wconf 74' lang='lat' dir='ltr'><strong>consecutos,</strong></span> <span class='ocrx_word' id='word_1_536' title='bbox 1144 4391 1225 4436; x_wconf 87' lang='lat' dir='ltr'><strong>ac,</strong></span> <span class='ocrx_word' id='word_1_537' title='bbox 1250 4375 1388 4443; x_wconf 86' lang='lat' dir='ltr'><strong>quod</strong></span> <span class='ocrx_word' id='word_1_538' title='bbox 1432 4390 1535 4427; x_wconf 88' lang='lat' dir='ltr'><strong>non</strong></span> <span class='ocrx_word' id='word_1_539' title='bbox 1577 4374 1855 4439; x_wconf 84' lang='lat' dir='ltr'><strong>habebant,</strong></span> <span class='ocrx_word' id='word_1_540' title='bbox 1904 4376 2166 4443; x_wconf 85' lang='lat' dir='ltr'><strong>possidere</strong></span> <span class='ocrx_word' id='word_1_541' title='bbox 2210 4392 2241 4427; x_wconf 91' lang='lat' dir='ltr'><strong>a</strong></span> <span class='ocrx_word' id='word_1_542' title='bbox 2271 4391 2370 4427; x_wconf 89' lang='lat' dir='ltr'><strong>na-</strong></span> 
     </span>
    </p>
   </div>
   <div class='ocr_carea' id='block_1_76' title="bbox 798 4462 1642 4533">
    <p class='ocr_par' dir='ltr' id='par_1_76' title="bbox 798 4462 1642 4533">
     <span class='ocr_line' id='line_1_76' title="bbox 798 4462 1642 4533; baseline -0.001 -18"><span class='ocrx_word' id='word_1_543' title='bbox 798 4474 921 4517; x_wconf 84' lang='lat' dir='ltr'><strong>tura</strong></span> <span class='ocrx_word' id='word_1_544' title='bbox 949 4482 1044 4517; x_wconf 84' lang='lat' dir='ltr'><strong>sua</strong></span> <span class='ocrx_word' id='word_1_545' title='bbox 1082 4464 1349 4533; x_wconf 85' lang='lat' dir='ltr'><strong>quidpiam</strong></span> <span class='ocrx_word' id='word_1_546' title='bbox 1372 4462 1642 4515; x_wconf 83' lang='lat' dir='ltr'><strong>alienum?</strong></span> 
     </span>
    </p>
   </div>
   <div class='ocr_carea' id='block_1_77' title="bbox 870 4554 2367 4626">
    <p class='ocr_par' dir='ltr' id='par_1_77' title="bbox 870 4554 2367 4626">
     <span class='ocr_line' id='line_1_77' title="bbox 870 4554 2367 4626; baseline 0 -17"><span class='ocrx_word' id='word_1_547' title='bbox 870 4556 1169 4626; x_wconf 85' lang='lat' dir='ltr'><strong>Responsio.</strong></span> <span class='ocrx_word' id='word_1_548' title='bbox 1202 4556 1314 4625; x_wconf 89' lang='lat' dir='ltr'><strong>Ego</strong></span> <span class='ocrx_word' id='word_1_549' title='bbox 1350 4570 1479 4609; x_wconf 89' lang='lat' dir='ltr'><strong>vero</strong></span> <span class='ocrx_word' id='word_1_550' title='bbox 1506 4555 1603 4608; x_wconf 88' lang='lat' dir='ltr'><strong>tibi</strong></span> <span class='ocrx_word' id='word_1_551' title='bbox 1629 4556 1751 4609; x_wconf 90' lang='lat' dir='ltr'><strong>dico</strong></span> <span class='ocrx_word' id='word_1_552' title='bbox 1809 4554 1931 4608; x_wconf 90' lang='lat' dir='ltr'><strong>illos</strong></span> <span class='ocrx_word' id='word_1_553' title='bbox 1961 4570 2067 4608; x_wconf 89' lang='lat' dir='ltr'><strong>non</strong></span> <span class='ocrx_word' id='word_1_554' title='bbox 2098 4570 2219 4609; x_wconf 89' lang='lat' dir='ltr'><strong>esse</strong></span> <span class='ocrx_word' id='word_1_555' title='bbox 2240 4570 2367 4624; x_wconf 85' lang='lat' dir='ltr'><strong>pro-</strong></span> 
     </span>
    </p>
   </div>
   <div class='ocr_carea' id='block_1_78' title="bbox 800 4645 2364 4714">
    <p class='ocr_par' dir='ltr' id='par_1_78' title="bbox 800 4645 2364 4714">
     <span class='ocr_line' id='line_1_78' title="bbox 800 4645 2364 4714; baseline 0 -15"><span class='ocrx_word' id='word_1_556' title='bbox 800 4646 977 4710; x_wconf 91' lang='lat' dir='ltr'><strong>batos,</strong></span> <span class='ocrx_word' id='word_1_557' title='bbox 1030 4662 1133 4699; x_wconf 90' lang='lat' dir='ltr'><strong>nec</strong></span> <span class='ocrx_word' id='word_1_558' title='bbox 1178 4661 1298 4698; x_wconf 88' lang='lat' dir='ltr'><strong>esse</strong></span> <span class='ocrx_word' id='word_1_559' title='bbox 1347 4646 1403 4697; x_wconf 93' lang='lat' dir='ltr'><strong>in</strong></span> <span class='ocrx_word' id='word_1_560' title='bbox 1434 4660 1747 4714; x_wconf 86' lang='lat' dir='ltr'><strong>progressu,</strong></span> <span class='ocrx_word' id='word_1_561' title='bbox 1781 4654 1943 4713; x_wconf 87' lang='lat' dir='ltr'><strong>atque</strong></span> <span class='ocrx_word' id='word_1_562' title='bbox 1970 4645 2219 4714; x_wconf 91' lang='lat' dir='ltr'><strong>ignorare</strong></span> <span class='ocrx_word' id='word_1_563' title='bbox 2283 4661 2364 4709; x_wconf 89' lang='lat' dir='ltr'><strong>se,</strong></span> 
     </span>
    </p>
   </div>
   <div class='ocr_carea' id='block_1_79' title="bbox 798 4733 2369 4804">
    <p class='ocr_par' dir='ltr' id='par_1_79' title="bbox 798 4733 2369 4804">
     <span class='ocr_line' id='line_1_79' title="bbox 798 4733 2369 4804; baseline 0.001 -17"><span class='ocrx_word' id='word_1_564' title='bbox 798 4734 945 4804; x_wconf 88' lang='lat' dir='ltr'><strong>quod</strong></span> <span class='ocrx_word' id='word_1_565' title='bbox 983 4750 1089 4787; x_wconf 92' lang='lat' dir='ltr'><strong>non</strong></span> <span class='ocrx_word' id='word_1_566' title='bbox 1121 4734 1414 4798; x_wconf 90' lang='lat' dir='ltr'><strong>habebant,</strong></span> <span class='ocrx_word' id='word_1_567' title='bbox 1459 4734 1761 4804; x_wconf 87' lang='lat' dir='ltr'><strong>possidere.</strong></span> <span class='ocrx_word' id='word_1_568' title='bbox 1784 4733 2075 4798; x_wconf 64' lang='lat' dir='ltr'><strong>Caeterum,</strong></span> <span class='ocrx_word' id='word_1_569' title='bbox 2109 4735 2202 4803; x_wconf 85' lang='lat' dir='ltr'><strong>qui</strong></span> <span class='ocrx_word' id='word_1_570' title='bbox 2235 4737 2369 4789; x_wconf 91' lang='lat' dir='ltr'><strong>tales</strong></span> 
     </span>
    </p>
   </div>
   <div class='ocr_carea' id='block_1_80' title="bbox 801 4825 2368 4895">
    <p class='ocr_par' dir='ltr' id='par_1_80' title="bbox 801 4825 2368 4895">
     <span class='ocr_line' id='line_1_80' title="bbox 801 4825 2368 4895; baseline 0.001 -16"><span class='ocrx_word' id='word_1_571' title='bbox 801 4834 949 4889; x_wconf 89' lang='lat' dir='ltr'><strong>sunt,</strong></span> <span class='ocrx_word' id='word_1_572' title='bbox 1024 4840 1119 4879; x_wconf 92' lang='lat' dir='ltr'><strong>eos</strong></span> <span class='ocrx_word' id='word_1_573' title='bbox 1171 4828 1283 4894; x_wconf 90' lang='lat' dir='ltr'><strong>ipsa</strong></span> <span class='ocrx_word' id='word_1_574' title='bbox 1329 4826 1502 4895; x_wconf 88' lang='lat' dir='ltr'><strong>gratia</strong></span> <span class='ocrx_word' id='word_1_575' title='bbox 1533 4826 1800 4879; x_wconf 83' lang='lat' dir='ltr'><strong>accedens</strong></span> <span class='ocrx_word' id='word_1_576' title='bbox 1853 4825 2033 4888; x_wconf 90' lang='lat' dir='ltr'><strong>docet,</strong></span> <span class='ocrx_word' id='word_1_577' title='bbox 2068 4841 2134 4878; x_wconf 91' lang='lat' dir='ltr'><strong>ne</strong></span> <span class='ocrx_word' id='word_1_578' title='bbox 2162 4825 2272 4879; x_wconf 94' lang='lat' dir='ltr'><strong>ullo</strong></span> <span class='ocrx_word' id='word_1_579' title='bbox 2311 4828 2368 4880; x_wconf 88' lang='lat' dir='ltr'><strong>in</strong></span> 
     </span>
    </p>
   </div>
   <div class='ocr_carea' id='block_1_81' title="bbox 800 4915 2368 4987">
    <p class='ocr_par' dir='ltr' id='par_1_81' title="bbox 800 4915 2368 4987">
     <span class='ocr_line' id='line_1_81' title="bbox 800 4915 2368 4987; baseline 0 -18"><span class='ocrx_word' id='word_1_580' title='bbox 800 4917 979 4987; x_wconf 90' lang='lat' dir='ltr'><strong>pretio</strong></span> <span class='ocrx_word' id='word_1_581' title='bbox 1014 4916 1249 4970; x_wconf 89' lang='lat' dir='ltr'><strong>habeant</strong></span> <span class='ocrx_word' id='word_1_582' title='bbox 1291 4918 1501 4970; x_wconf 88' lang='lat' dir='ltr'><strong>animas</strong></span> <span class='ocrx_word' id='word_1_583' title='bbox 1539 4932 1685 4979; x_wconf 89' lang='lat' dir='ltr'><strong>suas,</strong></span> <span class='ocrx_word' id='word_1_584' title='bbox 1732 4918 1861 4969; x_wconf 90' lang='lat' dir='ltr'><strong>dum</strong></span> <span class='ocrx_word' id='word_1_585' title='bbox 1903 4931 2251 4985; x_wconf 91' lang='lat' dir='ltr'><strong>progressum</strong></span> <span class='ocrx_word' id='word_1_586' title='bbox 2286 4915 2368 4969; x_wconf 83' lang='lat' dir='ltr'><strong>fa-</strong></span> 
     </span>
    </p>
   </div>
   <div class='ocr_carea' id='block_1_82' title="bbox 798 5006 2366 5075">
    <p class='ocr_par' dir='ltr' id='par_1_82' title="bbox 798 5006 2366 5075">
     <span class='ocr_line' id='line_1_82' title="bbox 798 5006 2366 5075; baseline -0.001 -14"><span class='ocrx_word' id='word_1_587' title='bbox 798 5009 972 5070; x_wconf 86' lang='lat' dir='ltr'><strong>ciunt,</strong></span> <span class='ocrx_word' id='word_1_588' title='bbox 1006 5007 1101 5060; x_wconf 89' lang='lat' dir='ltr'><strong>sed</strong></span> <span class='ocrx_word' id='word_1_589' title='bbox 1138 5018 1331 5059; x_wconf 91' lang='lat' dir='ltr'><strong>natura</strong></span> <span class='ocrx_word' id='word_1_590' title='bbox 1378 5007 1619 5075; x_wconf 87' lang='lat' dir='ltr'><strong>abjectos</strong></span> <span class='ocrx_word' id='word_1_591' title='bbox 1647 5016 1703 5059; x_wconf 88' lang='lat' dir='ltr'><strong>et</strong></span> <span class='ocrx_word' id='word_1_592' title='bbox 1738 5007 1967 5060; x_wconf 84' lang='lat' dir='ltr'><strong>infames</strong></span> <span class='ocrx_word' id='word_1_593' title='bbox 2005 5022 2063 5060; x_wconf 90' lang='lat' dir='ltr'><strong>se</strong></span> <span class='ocrx_word' id='word_1_594' title='bbox 2095 5006 2242 5075; x_wconf 90' lang='lat' dir='ltr'><strong>ipsos</strong></span> <span class='ocrx_word' id='word_1_595' title='bbox 2276 5021 2366 5060; x_wconf 82' lang='lat' dir='ltr'><strong>re-</strong></span> 
     </span>
    </p>
   </div>
   <div class='ocr_carea' id='block_1_83' title="bbox 798 5097 2366 5167">
    <p class='ocr_par' dir='ltr' id='par_1_83' title="bbox 798 5097 2366 5167">
     <span class='ocr_line' id='line_1_83' title="bbox 798 5097 2366 5167; baseline 0 -16"><span class='ocrx_word' id='word_1_596' title='bbox 798 5106 1012 5167; x_wconf 89' lang='lat' dir='ltr'><strong>putent.</strong></span> <span class='ocrx_word' id='word_1_597' title='bbox 1044 5097 1229 5165; x_wconf 90' lang='lat' dir='ltr'><strong>ltaque</strong></span> <span class='ocrx_word' id='word_1_598' title='bbox 1256 5112 1381 5149; x_wconf 90' lang='lat' dir='ltr'><strong>cum</strong></span> <span class='ocrx_word' id='word_1_599' title='bbox 1412 5098 1555 5166; x_wconf 89' lang='lat' dir='ltr'><strong>apud</strong></span> <span class='ocrx_word' id='word_1_600' title='bbox 1589 5098 1757 5151; x_wconf 92' lang='lat' dir='ltr'><strong>Deum</strong></span> <span class='ocrx_word' id='word_1_601' title='bbox 1788 5099 2034 5166; x_wconf 69' lang='lat' dir='ltr'><strong>praeclari</strong></span> <span class='ocrx_word' id='word_1_602' title='bbox 2061 5098 2192 5160; x_wconf 89' lang='lat' dir='ltr'><strong>sint,</strong></span> <span class='ocrx_word' id='word_1_603' title='bbox 2222 5097 2366 5167; x_wconf 92' lang='lat' dir='ltr'><strong>apud</strong></span> 
     </span>
    </p>
   </div>
   <div class='ocr_carea' id='block_1_84' title="bbox 799 5190 2369 5260">
    <p class='ocr_par' dir='ltr' id='par_1_84' title="bbox 799 5190 2369 5260">
     <span class='ocr_line' id='line_1_84' title="bbox 799 5190 2369 5260; baseline 0.002 -19"><span class='ocrx_word' id='word_1_604' title='bbox 799 5204 858 5242; x_wconf 88' lang='lat' dir='ltr'><strong>se</strong></span> <span class='ocrx_word' id='word_1_605' title='bbox 896 5190 1042 5257; x_wconf 91' lang='lat' dir='ltr'><strong>ipsos</strong></span> <span class='ocrx_word' id='word_1_606' title='bbox 1074 5204 1181 5241; x_wconf 92' lang='lat' dir='ltr'><strong>non</strong></span> <span class='ocrx_word' id='word_1_607' title='bbox 1226 5197 1389 5242; x_wconf 90' lang='lat' dir='ltr'><strong>sunt:</strong></span> <span class='ocrx_word' id='word_1_608' title='bbox 1442 5204 1675 5258; x_wconf 91' lang='lat' dir='ltr'><strong>cumque</strong></span> <span class='ocrx_word' id='word_1_609' title='bbox 1727 5191 1838 5243; x_wconf 89' lang='lat' dir='ltr'><strong>sint</strong></span> <span class='ocrx_word' id='word_1_610' title='bbox 1877 5190 1931 5242; x_wconf 91' lang='lat' dir='ltr'><strong>in</strong></span> <span class='ocrx_word' id='word_1_611' title='bbox 1983 5206 2273 5260; x_wconf 84' lang='lat' dir='ltr'><strong>progressu</strong></span> <span class='ocrx_word' id='word_1_612' title='bbox 2312 5198 2369 5245; x_wconf 93' lang='lat' dir='ltr'><strong>et</strong></span> 
     </span>
    </p>
   </div>
   <div class='ocr_carea' id='block_1_85' title="bbox 799 5278 2365 5349">
    <p class='ocr_par' dir='ltr' id='par_1_85' title="bbox 799 5278 2365 5349">
     <span class='ocr_line' id='line_1_85' title="bbox 799 5278 2365 5349; baseline 0.001 -17"><span class='ocrx_word' id='word_1_613' title='bbox 799 5280 993 5333; x_wconf 90' lang='lat' dir='ltr'><strong>notitia</strong></span> <span class='ocrx_word' id='word_1_614' title='bbox 1029 5278 1147 5343; x_wconf 87' lang='lat' dir='ltr'><strong>Dei,</strong></span> <span class='ocrx_word' id='word_1_615' title='bbox 1172 5280 1401 5349; x_wconf 88' lang='lat' dir='ltr'><strong>perinde</strong></span> <span class='ocrx_word' id='word_1_616' title='bbox 1432 5288 1579 5343; x_wconf 91' lang='lat' dir='ltr'><strong>sunt,</strong></span> <span class='ocrx_word' id='word_1_617' title='bbox 1609 5296 1673 5335; x_wconf 89' lang='lat' dir='ltr'><strong>ac</strong></span> <span class='ocrx_word' id='word_1_618' title='bbox 1700 5282 1743 5335; x_wconf 90' lang='lat' dir='ltr'><strong>si</strong></span> <span class='ocrx_word' id='word_1_619' title='bbox 1769 5281 1877 5335; x_wconf 91' lang='lat' dir='ltr'><strong>sint</strong></span> <span class='ocrx_word' id='word_1_620' title='bbox 1910 5284 2155 5335; x_wconf 88' lang='lat' dir='ltr'><strong>omnium</strong></span> <span class='ocrx_word' id='word_1_621' title='bbox 2182 5298 2365 5337; x_wconf 91' lang='lat' dir='ltr'><strong>rerum</strong></span> 
     </span>
    </p>
   </div>
   <div class='ocr_carea' id='block_1_86' title="bbox 801 5369 2368 5441">
    <p class='ocr_par' dir='ltr' id='par_1_86' title="bbox 801 5369 2368 5441">
     <span class='ocr_line' id='line_1_86' title="bbox 801 5369 2368 5441; baseline 0.003 -20"><span class='ocrx_word' id='word_1_622' title='bbox 801 5369 1011 5436; x_wconf 91' lang='lat' dir='ltr'><strong>ignari:</strong></span> <span class='ocrx_word' id='word_1_623' title='bbox 1044 5377 1101 5423; x_wconf 91' lang='lat' dir='ltr'><strong>et</strong></span> <span class='ocrx_word' id='word_1_624' title='bbox 1132 5370 1276 5438; x_wconf 93' lang='lat' dir='ltr'><strong>apud</strong></span> <span class='ocrx_word' id='word_1_625' title='bbox 1330 5371 1499 5424; x_wconf 88' lang='lat' dir='ltr'><strong>Deum</strong></span> <span class='ocrx_word' id='word_1_626' title='bbox 1551 5386 1674 5424; x_wconf 93' lang='lat' dir='ltr'><strong>cum</strong></span> <span class='ocrx_word' id='word_1_627' title='bbox 1725 5372 1833 5425; x_wconf 91' lang='lat' dir='ltr'><strong>sint</strong></span> <span class='ocrx_word' id='word_1_628' title='bbox 1862 5371 2180 5441; x_wconf 86' lang='lat' dir='ltr'><strong>locupletes.</strong></span> <span class='ocrx_word' id='word_1_629' title='bbox 2222 5372 2368 5441; x_wconf 90' lang='lat' dir='ltr'><strong>apud</strong></span> 
     </span>
    </p>
   </div>
   <div class='ocr_carea' id='block_1_87' title="bbox 801 5463 2364 5541">
    <p class='ocr_par' dir='ltr' id='par_1_87' title="bbox 801 5463 2364 5541">
     <span class='ocr_line' id='line_1_87' title="bbox 801 5463 2364 5541; baseline 0.003 -27"><span class='ocrx_word' id='word_1_630' title='bbox 801 5476 861 5514; x_wconf 80' lang='lat' dir='ltr'><strong>se</strong></span> <span class='ocrx_word' id='word_1_631' title='bbox 888 5470 1015 5516; x_wconf 86' lang='lat' dir='ltr'><strong>sunt</strong></span> <span class='ocrx_word' id='word_1_632' title='bbox 1052 5478 1337 5532; x_wconf 88' lang='lat' dir='ltr'><strong>pauperes.</strong></span> <span class='ocrx_word' id='word_1_633' title='bbox 1371 5463 1840 5529; x_wconf 86' lang='lat' dir='ltr'><strong>Quemadmodum</strong></span> <span class='ocrx_word' id='word_1_634' title='bbox 1873 5473 2053 5541; x_wconf 89' lang='lat' dir='ltr'><strong>autem</strong></span> <span class='ocrx_word' id='word_1_635' title='bbox 2094 5463 2364 5529; x_wconf 89' lang='lat' dir='ltr'><strong>Christus,</strong></span> 
     </span>
    </p>
   </div>
   <div class='ocr_carea' id='block_1_88' title="bbox 801 5554 2367 5625">
    <p class='ocr_par' dir='ltr' id='par_1_88' title="bbox 801 5554 2367 5625">
     <span class='ocr_line' id='line_1_88' title="bbox 801 5554 2367 5625; baseline 0.003 -20"><span class='ocrx_word' id='word_1_636' title='bbox 801 5562 1011 5625; x_wconf 78' lang='lat' dir='ltr'><strong>sumpta</strong></span> <span class='ocrx_word' id='word_1_637' title='bbox 1038 5555 1173 5607; x_wconf 72' lang='lat' dir='ltr'><strong>serui</strong></span> <span class='ocrx_word' id='word_1_638' title='bbox 1208 5554 1380 5622; x_wconf 82' lang='lat' dir='ltr'><strong>forma</strong></span> <span class='ocrx_word' id='word_1_639' title='bbox 1404 5555 1472 5622; x_wconf 83' lang='lat'><strong>&quot;,</strong></span> <span class='ocrx_word' id='word_1_640' title='bbox 1502 5570 1599 5625; x_wconf 92' lang='lat' dir='ltr'><strong>per</strong></span> <span class='ocrx_word' id='word_1_641' title='bbox 1629 5555 1993 5611; x_wconf 90' lang='lat' dir='ltr'><strong>humilitatem</strong></span> <span class='ocrx_word' id='word_1_642' title='bbox 2016 5555 2149 5609; x_wconf 90' lang='lat' dir='ltr'><strong>vicit</strong></span> <span class='ocrx_word' id='word_1_643' title='bbox 2179 5555 2367 5610; x_wconf 85' lang='lat' dir='ltr'><strong>diabo-</strong></span> 
     </span>
    </p>
   </div>
   <div class='ocr_carea' id='block_1_89' title="bbox 2467 3287 4041 3364">
    <p class='ocr_par' dir='ltr' id='par_1_89' title="bbox 2467 3287 4041 3364">
     <span class='ocr_line' id='line_1_89' title="bbox 2467 3287 4041 3364; baseline -0.008 -15"><span class='ocrx_word' id='word_1_644' title='bbox 2467 3298 2688 3363; x_wconf 88' lang='grc' dir='ltr'>ἐπίγειά</span> <span class='ocrx_word' id='word_1_645' title='bbox 2725 3297 2861 3361; x_wconf 83' lang='grc' dir='ltr'>ἐστι,</span> <span class='ocrx_word' id='word_1_646' title='bbox 2914 3295 3008 3348; x_wconf 74' lang='grc' dir='ltr'>καὶ</span> <span class='ocrx_word' id='word_1_647' title='bbox 3036 3293 3277 3364; x_wconf 81' lang='grc' dir='ltr'>φθαρτὰ,</span> <span class='ocrx_word' id='word_1_648' title='bbox 3309 3293 3403 3345; x_wconf 79' lang='grc' dir='ltr'>καὶ</span> <span class='ocrx_word' id='word_1_649' title='bbox 3430 3287 3854 3357; x_wconf 76' lang='grc' dir='ltr'>παρερχόμεναο</span> <span class='ocrx_word' id='word_1_650' title='bbox 3890 3288 4041 3339; x_wconf 85' lang='grc' dir='ltr'>ἐκεί-</span> 
     </span>
    </p>
   </div>
   <div class='ocr_carea' id='block_1_90' title="bbox 2466 3379 4041 3457">
    <p class='ocr_par' dir='ltr' id='par_1_90' title="bbox 2466 3379 4041 3457">
     <span class='ocr_line' id='line_1_90' title="bbox 2466 3379 4041 3457; baseline -0.007 -17"><span class='ocrx_word' id='word_1_651' title='bbox 2466 3408 2530 3457; x_wconf 89' lang='grc' dir='ltr'><strong>νη</strong></span> <span class='ocrx_word' id='word_1_652' title='bbox 2566 3390 2621 3441; x_wconf 77' lang='grc' dir='ltr'>δὲ</span> <span class='ocrx_word' id='word_1_653' title='bbox 2662 3390 2694 3456; x_wconf 81' lang='grc' dir='ltr'>ἠ</span> <span class='ocrx_word' id='word_1_654' title='bbox 2753 3387 3019 3456; x_wconf 90' lang='grc' dir='ltr'>βασιλεία,</span> <span class='ocrx_word' id='word_1_655' title='bbox 3080 3385 3173 3437; x_wconf 80' lang='grc' dir='ltr'>καὶ</span> <span class='ocrx_word' id='word_1_656' title='bbox 3220 3384 3249 3434; x_wconf 84' lang='grc' dir='ltr'><strong>δ</strong></span> <span class='ocrx_word' id='word_1_657' title='bbox 3288 3382 3541 3446; x_wconf 78' lang='grc' dir='ltr'>πλοῦτος,</span> <span class='ocrx_word' id='word_1_658' title='bbox 3576 3379 3878 3449; x_wconf 78' lang='grc' dir='ltr'>πράγματά</span> <span class='ocrx_word' id='word_1_659' title='bbox 3926 3380 4041 3429; x_wconf 89' lang='grc' dir='ltr'>ἐστι</span> 
     </span>
    </p>
   </div>
   <div class='ocr_carea' id='block_1_91' title="bbox 2468 3468 4034 3542">
    <p class='ocr_par' dir='ltr' id='par_1_91' title="bbox 2468 3468 4034 3542">
     <span class='ocr_line' id='line_1_91' title="bbox 2468 3468 4034 3542; baseline -0.005 -17"><span class='ocrx_word' id='word_1_660' title='bbox 2468 3472 2917 3542; x_wconf 81' lang='grc' dir='ltr'>θεῖα,πράγματα</span> <span class='ocrx_word' id='word_1_661' title='bbox 2943 3470 3238 3539; x_wconf 81' lang='grc' dir='ltr'>ἐπουράνια</span> <span class='ocrx_word' id='word_1_662' title='bbox 3268 3471 3361 3523; x_wconf 71' lang='grc' dir='ltr'>καὶ</span> <span class='ocrx_word' id='word_1_663' title='bbox 3374 3468 3859 3538; x_wconf 72' lang='grc' dir='ltr'>ἐνδοξα,μηδέποτε</span> <span class='ocrx_word' id='word_1_664' title='bbox 3894 3484 4034 3535; x_wconf 85' lang='grc' dir='ltr'>παρ-</span> 
     </span>
    </p>
   </div>
   <div class='ocr_carea' id='block_1_92' title="bbox 2468 3557 4040 3633">
    <p class='ocr_par' dir='ltr' id='par_1_92' title="bbox 2468 3557 4040 3633">
     <span class='ocr_line' id='line_1_92' title="bbox 2468 3557 4040 3633; baseline -0.006 -18"><span class='ocrx_word' id='word_1_665' title='bbox 2468 3565 2735 3631; x_wconf 79' lang='grc' dir='ltr'>ερχόμενα</span> <span class='ocrx_word' id='word_1_666' title='bbox 2787 3563 2819 3633; x_wconf 80' lang='grc' dir='ltr'>ἢ</span> <span class='ocrx_word' id='word_1_667' title='bbox 2873 3564 3130 3631; x_wconf 83' lang='grc' dir='ltr'>λυόμενα.</span> <span class='ocrx_word' id='word_1_668' title='bbox 3166 3560 3629 3630; x_wconf 78' lang='grc' dir='ltr'>Συμὸασιλεύουσι</span> <span class='ocrx_word' id='word_1_669' title='bbox 3658 3558 3766 3626; x_wconf 83' lang='grc' dir='ltr'><strong>γάρ</strong></span> <span class='ocrx_word' id='word_1_670' title='bbox 3784 3557 4040 3625; x_wconf 75' lang='grc' dir='ltr'>τῷὲπουο</span> 
     </span>
    </p>
   </div>
   <div class='ocr_carea' id='block_1_93' title="bbox 2470 3648 4045 3725">
    <p class='ocr_par' dir='ltr' id='par_1_93' title="bbox 2470 3648 4045 3725">
     <span class='ocr_line' id='line_1_93' title="bbox 2470 3648 4045 3725; baseline -0.005 -20"><span class='ocrx_word' id='word_1_671' title='bbox 2470 3656 2637 3725; x_wconf 73' lang='grc' dir='ltr'>ρανίῳ</span> <span class='ocrx_word' id='word_1_672' title='bbox 2704 3655 2946 3723; x_wconf 87' lang='grc' dir='ltr'>βασιλεῖ,</span> <span class='ocrx_word' id='word_1_673' title='bbox 2980 3658 3037 3706; x_wconf 88' lang='grc' dir='ltr'><strong>ἐν</strong></span> <span class='ocrx_word' id='word_1_674' title='bbox 3085 3656 3151 3722; x_wconf 78' lang='grc' dir='ltr'><strong>τῇ</strong></span> <span class='ocrx_word' id='word_1_675' title='bbox 3205 3653 3514 3723; x_wconf 81' lang='grc' dir='ltr'>ἐπουρανίῳ</span> <span class='ocrx_word' id='word_1_676' title='bbox 3575 3648 3902 3716; x_wconf 71' lang='grc' dir='ltr'>Ἐκκλησία·</span> <span class='ocrx_word' id='word_1_677' title='bbox 3950 3648 4045 3698; x_wconf 78' lang='grc' dir='ltr'>καὶ</span> 
     </span>
    </p>
   </div>
   <div class='ocr_carea' id='block_1_94' title="bbox 2469 3736 4044 3812">
    <p class='ocr_par' dir='ltr' id='par_1_94' title="bbox 2469 3736 4044 3812">
     <span class='ocr_line' id='line_1_94' title="bbox 2469 3736 4044 3812; baseline -0.008 -15"><span class='ocrx_word' id='word_1_678' title='bbox 2469 3746 2840 3811; x_wconf 79' lang='grc' dir='ltr'>πρωτότοκος</span> <span class='ocrx_word' id='word_1_679' title='bbox 2850 3744 2966 3812; x_wconf 83' lang='grc' dir='ltr'><strong>μέν</strong></span> <span class='ocrx_word' id='word_1_680' title='bbox 2979 3744 3149 3796; x_wconf 87' lang='grc' dir='ltr'>ἐστιν</span> <span class='ocrx_word' id='word_1_681' title='bbox 3162 3742 3343 3807; x_wconf 82' lang='grc' dir='ltr'>αὐτὸς</span> <span class='ocrx_word' id='word_1_682' title='bbox 3359 3742 3425 3793; x_wconf 84' lang='grc' dir='ltr'>ἐκ</span> <span class='ocrx_word' id='word_1_683' title='bbox 3443 3736 3689 3806; x_wconf 79' lang='grc' dir='ltr'>νεκρῶν,</span> <span class='ocrx_word' id='word_1_684' title='bbox 3707 3736 4044 3807; x_wconf 85' lang='grc' dir='ltr'>πρωτότοκοι</span> 
     </span>
    </p>
   </div>
   <div class='ocr_carea' id='block_1_95' title="bbox 2469 3828 4046 3902">
    <p class='ocr_par' dir='ltr' id='par_1_95' title="bbox 2469 3828 4046 3902">
     <span class='ocr_line' id='line_1_95' title="bbox 2469 3828 4046 3902; baseline -0.003 -16"><span class='ocrx_word' id='word_1_685' title='bbox 2469 3835 2526 3886; x_wconf 87' lang='grc' dir='ltr'>δὲ</span> <span class='ocrx_word' id='word_1_686' title='bbox 2559 3836 2651 3886; x_wconf 79' lang='grc' dir='ltr'>καὶ</span> <span class='ocrx_word' id='word_1_687' title='bbox 2682 3836 2854 3888; x_wconf 80' lang='grc' dir='ltr'>αὐτοί.</span> <span class='ocrx_word' id='word_1_688' title='bbox 2898 3834 3058 3885; x_wconf 81' lang='grc' dir='ltr'>Ἀλλά</span> <span class='ocrx_word' id='word_1_689' title='bbox 3099 3834 3303 3902; x_wconf 90' lang='grc' dir='ltr'>καίπερ</span> <span class='ocrx_word' id='word_1_690' title='bbox 3348 3832 3577 3883; x_wconf 81' lang='grc' dir='ltr'>τοιοῦτοι</span> <span class='ocrx_word' id='word_1_691' title='bbox 3610 3830 3762 3891; x_wconf 78' lang='grc' dir='ltr'>ὄντες</span> <span class='ocrx_word' id='word_1_692' title='bbox 3794 3828 4046 3881; x_wconf 72' lang='grc' dir='ltr'>ἐκλεκτοὶ</span> 
     </span>
    </p>
   </div>
   <div class='ocr_carea' id='block_1_96' title="bbox 2470 3919 4043 3994">
    <p class='ocr_par' dir='ltr' id='par_1_96' title="bbox 2470 3919 4043 3994">
     <span class='ocr_line' id='line_1_96' title="bbox 2470 3919 4043 3994; baseline -0.004 -18"><span class='ocrx_word' id='word_1_693' title='bbox 2470 3925 2562 3976; x_wconf 70' lang='grc' dir='ltr'>καὶ</span> <span class='ocrx_word' id='word_1_694' title='bbox 2590 3925 2797 3994; x_wconf 84' lang='grc' dir='ltr'>δόκιμοι</span> <span class='ocrx_word' id='word_1_695' title='bbox 2830 3925 2977 3992; x_wconf 86' lang='grc' dir='ltr'><strong>παρά</strong></span> <span class='ocrx_word' id='word_1_696' title='bbox 3018 3922 3157 3992; x_wconf 81' lang='grc' dir='ltr'>Θεῷ,</span> <span class='ocrx_word' id='word_1_697' title='bbox 3188 3922 3317 3991; x_wconf 88' lang='grc' dir='ltr'>παρ’</span> <span class='ocrx_word' id='word_1_698' title='bbox 3342 3923 3553 3984; x_wconf 82' lang='grc' dir='ltr'>ἑαυτοῖς</span> <span class='ocrx_word' id='word_1_699' title='bbox 3581 3921 3717 3971; x_wconf 87' lang='grc' dir='ltr'>είσιν</span> <span class='ocrx_word' id='word_1_700' title='bbox 3745 3919 4043 3987; x_wconf 81' lang='grc' dir='ltr'>ἐλάχιστοι,</span> 
     </span>
    </p>
   </div>
   <div class='ocr_carea' id='block_1_97' title="bbox 2471 4010 4046 4083">
    <p class='ocr_par' dir='ltr' id='par_1_97' title="bbox 2471 4010 4046 4083">
     <span class='ocr_line' id='line_1_97' title="bbox 2471 4010 4046 4083; baseline -0.003 -17"><span class='ocrx_word' id='word_1_701' title='bbox 2471 4016 2566 4067; x_wconf 77' lang='grc' dir='ltr'>καὶ</span> <span class='ocrx_word' id='word_1_702' title='bbox 2612 4014 2731 4067; x_wconf 90' lang='grc' dir='ltr'>λίαν</span> <span class='ocrx_word' id='word_1_703' title='bbox 2777 4014 3371 4083; x_wconf 87' lang='grc' dir='ltr'>ἀποδεδοκιμασμένοι·</span> <span class='ocrx_word' id='word_1_704' title='bbox 3428 4010 3701 4064; x_wconf 79' lang='grc' dir='ltr'>καὶτοῦτο</span> <span class='ocrx_word' id='word_1_705' title='bbox 3732 4012 3915 4073; x_wconf 83' lang='grc' dir='ltr'>αὐτοῖς</span> <span class='ocrx_word' id='word_1_706' title='bbox 3968 4011 4046 4073; x_wconf 83' lang='grc' dir='ltr'>ὡς</span> 
     </span>
    </p>
   </div>
   <div class='ocr_carea' id='block_1_98' title="bbox 2472 4100 4038 4175">
    <p class='ocr_par' dir='ltr' id='par_1_98' title="bbox 2472 4100 4038 4175">
     <span class='ocr_line' id='line_1_98' title="bbox 2472 4100 4038 4175; baseline -0.002 -20"><span class='ocrx_word' id='word_1_707' title='bbox 2472 4105 2701 4172; x_wconf 81' lang='grc' dir='ltr'>φυσικὸν</span> <span class='ocrx_word' id='word_1_708' title='bbox 2727 4106 2820 4157; x_wconf 78' lang='grc' dir='ltr'>καὶ</span> <span class='ocrx_word' id='word_1_709' title='bbox 2854 4104 3060 4175; x_wconf 88' lang='grc' dir='ltr'>πηκτόν</span> <span class='ocrx_word' id='word_1_710' title='bbox 3098 4106 3216 4157; x_wconf 86' lang='grc' dir='ltr'>ἐστι</span> <span class='ocrx_word' id='word_1_711' title='bbox 3243 4102 3534 4165; x_wconf 82' lang='grc' dir='ltr'>ταπεινοὺς</span> <span class='ocrx_word' id='word_1_712' title='bbox 3562 4101 3594 4172; x_wconf 85' lang='grc' dir='ltr'>ἦ</span> <span class='ocrx_word' id='word_1_713' title='bbox 3636 4101 3695 4154; x_wconf 81' lang='grc' dir='ltr'>τὸ</span> <span class='ocrx_word' id='word_1_714' title='bbox 3723 4100 3889 4171; x_wconf 86' lang='grc' dir='ltr'>μηδὲν</span> <span class='ocrx_word' id='word_1_715' title='bbox 3916 4102 4038 4153; x_wconf 80' lang='grc' dir='ltr'>ἐαυ-</span> 
     </span>
    </p>
   </div>
   <div class='ocr_carea' id='block_1_99' title="bbox 2469 4194 2889 4262">
    <p class='ocr_par' dir='ltr' id='par_1_99' title="bbox 2469 4194 2889 4262">
     <span class='ocr_line' id='line_1_99' title="bbox 2469 4194 2889 4262; baseline 0.002 -15"><span class='ocrx_word' id='word_1_716' title='bbox 2469 4196 2594 4255; x_wconf 78' lang='grc' dir='ltr'>τοὺς</span> <span class='ocrx_word' id='word_1_717' title='bbox 2622 4194 2889 4262; x_wconf 82' lang='grc' dir='ltr'>ἡγεῖσθαι.</span> 
     </span>
    </p>
   </div>
   <div class='ocr_carea' id='block_1_100' title="bbox 2542 4280 4048 4351">
    <p class='ocr_par' dir='ltr' id='par_1_100' title="bbox 2542 4280 4048 4351">
     <span class='ocr_line' id='line_1_100' title="bbox 2542 4280 4048 4351; baseline 0.001 -15"><span class='ocrx_word' id='word_1_718' title='bbox 2542 4284 2615 4339; x_wconf 87' lang='grc' dir='ltr'>Ε’.</span> <span class='ocrx_word' id='word_1_719' title='bbox 2640 4284 2980 4351; x_wconf 84' lang='grc' dir='ltr'>Ἐρώτησις.</span> <span class='ocrx_word' id='word_1_720' title='bbox 3003 4286 3122 4337; x_wconf 83' lang='grc' dir='ltr'><strong>Οὐκ</strong></span> <span class='ocrx_word' id='word_1_721' title='bbox 3153 4284 3391 4338; x_wconf 77' lang='grc' dir='ltr'>οῖδασιν</span> <span class='ocrx_word' id='word_1_722' title='bbox 3410 4280 3543 4350; x_wconf 82' lang='grc' dir='ltr'>οὖν,</span> <span class='ocrx_word' id='word_1_723' title='bbox 3578 4282 3666 4337; x_wconf 83' lang='grc' dir='ltr'>ὅτι</span> <span class='ocrx_word' id='word_1_724' title='bbox 3688 4284 4048 4351; x_wconf 78' lang='grc' dir='ltr'>προσθήκην</span> 
     </span>
    </p>
   </div>
   <div class='ocr_carea' id='block_1_101' title="bbox 2472 4371 4047 4446">
    <p class='ocr_par' dir='ltr' id='par_1_101' title="bbox 2472 4371 4047 4446">
     <span class='ocr_line' id='line_1_101' title="bbox 2472 4371 4047 4446; baseline 0.002 -21"><span class='ocrx_word' id='word_1_725' title='bbox 2472 4373 2712 4436; x_wconf 74' lang='grc' dir='ltr'>ἔλαϐον,</span> <span class='ocrx_word' id='word_1_726' title='bbox 2738 4374 2835 4426; x_wconf 79' lang='grc' dir='ltr'><strong>καί</strong></span> <span class='ocrx_word' id='word_1_727' title='bbox 2875 4375 2905 4427; x_wconf 84' lang='grc' dir='ltr'>ὃ</span> <span class='ocrx_word' id='word_1_728' title='bbox 2947 4376 3056 4428; x_wconf 86' lang='grc' dir='ltr'>οὐκ</span> <span class='ocrx_word' id='word_1_729' title='bbox 3085 4371 3273 4442; x_wconf 73' lang='grc' dir='ltr'>εἶχον.</span> <span class='ocrx_word' id='word_1_730' title='bbox 3306 4374 3665 4446; x_wconf 76' lang='grc' dir='ltr'>ἐκτήσαντο,</span> <span class='ocrx_word' id='word_1_731' title='bbox 3713 4372 3893 4439; x_wconf 79' lang='grc' dir='ltr'>ξένον</span> <span class='ocrx_word' id='word_1_732' title='bbox 3933 4374 4047 4442; x_wconf 79' lang='grc' dir='ltr'>τῆς</span> 
     </span>
    </p>
   </div>
   <div class='ocr_carea' id='block_1_102' title="bbox 2401 4464 2961 4561">
    <p class='ocr_par' dir='ltr' id='par_1_102' title="bbox 2401 4464 2961 4561">
     <span class='ocr_line' id='line_1_102' title="bbox 2401 4464 2961 4561; baseline 0.004 -44"><span class='ocrx_word' id='word_1_733' title='bbox 2401 4507 2444 4561; x_wconf 78' lang='lat' dir='ltr'>D</span> <span class='ocrx_word' id='word_1_734' title='bbox 2474 4467 2713 4534; x_wconf 74' lang='grc' dir='ltr'>φύσεως</span> <span class='ocrx_word' id='word_1_735' title='bbox 2744 4464 2961 4519; x_wconf 82' lang='grc' dir='ltr'>αὐτῶν.</span> 
     </span>
    </p>
   </div>
   <div class='ocr_carea' id='block_1_103' title="bbox 2556 4554 4047 4626">
    <p class='ocr_par' dir='ltr' id='par_1_103' title="bbox 2556 4554 4047 4626">
     <span class='ocr_line' id='line_1_103' title="bbox 2556 4554 4047 4626; baseline -0.003 -16"><span class='ocrx_word' id='word_1_736' title='bbox 2556 4557 2918 4624; x_wconf 81' lang='grc' dir='ltr'>Ἀπόκρισις.</span> <span class='ocrx_word' id='word_1_737' title='bbox 2945 4556 3086 4623; x_wconf 85' lang='grc' dir='ltr'><strong>Ἐγὼ</strong></span> <span class='ocrx_word' id='word_1_738' title='bbox 3108 4556 3212 4626; x_wconf 87' lang='grc' dir='ltr'><strong>γάρ</strong></span> <span class='ocrx_word' id='word_1_739' title='bbox 3245 4573 3327 4609; x_wconf 90' lang='grc' dir='ltr'><strong>σοι</strong></span> <span class='ocrx_word' id='word_1_740' title='bbox 3350 4556 3511 4623; x_wconf 87' lang='grc' dir='ltr'>λέγω,</span> <span class='ocrx_word' id='word_1_741' title='bbox 3543 4555 3623 4608; x_wconf 81' lang='grc' dir='ltr'>ὅτι</span> <span class='ocrx_word' id='word_1_742' title='bbox 3653 4554 3753 4608; x_wconf 80' lang='grc' dir='ltr'>οὐκ</span> <span class='ocrx_word' id='word_1_743' title='bbox 3773 4554 3879 4607; x_wconf 75' lang='grc' dir='ltr'>είσὶ</span> <span class='ocrx_word' id='word_1_744' title='bbox 3897 4554 4047 4607; x_wconf 86' lang='grc' dir='ltr'>δεδο-</span> 
     </span>
    </p>
   </div>
   <div class='ocr_carea' id='block_1_104' title="bbox 2470 4646 4043 4719">
    <p class='ocr_par' dir='ltr' id='par_1_104' title="bbox 2470 4646 4043 4719">
     <span class='ocr_line' id='line_1_104' title="bbox 2470 4646 4043 4719; baseline -0.001 -18"><span class='ocrx_word' id='word_1_745' title='bbox 2470 4647 2819 4717; x_wconf 87' lang='grc' dir='ltr'>κιμασμένοι,</span> <span class='ocrx_word' id='word_1_746' title='bbox 2844 4648 2937 4701; x_wconf 67' lang='grc' dir='ltr'>καὶ</span> <span class='ocrx_word' id='word_1_747' title='bbox 2959 4650 3060 4700; x_wconf 85' lang='grc' dir='ltr'>οὐκ</span> <span class='ocrx_word' id='word_1_748' title='bbox 3078 4648 3221 4699; x_wconf 68' lang='grc' dir='ltr'>εἰσὶν</span> <span class='ocrx_word' id='word_1_749' title='bbox 3235 4650 3292 4701; x_wconf 88' lang='grc' dir='ltr'><strong>ἐν</strong></span> <span class='ocrx_word' id='word_1_750' title='bbox 3313 4650 3586 4719; x_wconf 79' lang='grc' dir='ltr'>προκοπῇ,</span> <span class='ocrx_word' id='word_1_751' title='bbox 3609 4647 3702 4699; x_wconf 76' lang='grc' dir='ltr'>καὶ</span> <span class='ocrx_word' id='word_1_752' title='bbox 3729 4646 4043 4713; x_wconf 82' lang='grc' dir='ltr'>ἀγνοοῦσιν,</span> 
     </span>
    </p>
   </div>
   <div class='ocr_carea' id='block_1_105' title="bbox 2471 4733 4041 4807">
    <p class='ocr_par' dir='ltr' id='par_1_105' title="bbox 2471 4733 4041 4807">
     <span class='ocr_line' id='line_1_105' title="bbox 2471 4733 4041 4807; baseline 0 -17"><span class='ocrx_word' id='word_1_753' title='bbox 2471 4738 2545 4801; x_wconf 84' lang='grc' dir='ltr'>ὡς</span> <span class='ocrx_word' id='word_1_754' title='bbox 2576 4738 2604 4791; x_wconf 86' lang='grc' dir='ltr'><strong>δ</strong></span> <span class='ocrx_word' id='word_1_755' title='bbox 2638 4739 2738 4790; x_wconf 84' lang='grc' dir='ltr'>οὑκ</span> <span class='ocrx_word' id='word_1_756' title='bbox 2778 4733 2923 4807; x_wconf 76' lang='grc' dir='ltr'>εἶχον</span> <span class='ocrx_word' id='word_1_757' title='bbox 2970 4739 3286 4807; x_wconf 86' lang='grc' dir='ltr'>ἐκτήσαντο.</span> <span class='ocrx_word' id='word_1_758' title='bbox 3340 4738 3500 4791; x_wconf 79' lang='grc' dir='ltr'>Ἀλλά</span> <span class='ocrx_word' id='word_1_759' title='bbox 3543 4738 3814 4799; x_wconf 87' lang='grc' dir='ltr'>τοιούτους</span> <span class='ocrx_word' id='word_1_760' title='bbox 3857 4737 4041 4803; x_wconf 73' lang='grc' dir='ltr'>ὄντας,</span> 
     </span>
    </p>
   </div>
   <div class='ocr_carea' id='block_1_106' title="bbox 2472 4828 4049 4900">
    <p class='ocr_par' dir='ltr' id='par_1_106' title="bbox 2472 4828 4049 4900">
     <span class='ocr_line' id='line_1_106' title="bbox 2472 4828 4049 4900; baseline -0.001 -19"><span class='ocrx_word' id='word_1_761' title='bbox 2472 4830 2609 4900; x_wconf 81' lang='grc' dir='ltr'>αὑτὴ</span> <span class='ocrx_word' id='word_1_762' title='bbox 2636 4832 2666 4897; x_wconf 84' lang='grc' dir='ltr'><strong>ἡ</strong></span> <span class='ocrx_word' id='word_1_763' title='bbox 2694 4829 2851 4899; x_wconf 87' lang='grc' dir='ltr'>χάρις</span> <span class='ocrx_word' id='word_1_764' title='bbox 2878 4828 3105 4881; x_wconf 78' lang='grc' dir='ltr'>ἐλθοῦσα</span> <span class='ocrx_word' id='word_1_765' title='bbox 3142 4829 3402 4893; x_wconf 87' lang='grc' dir='ltr'>διδάσκει,</span> <span class='ocrx_word' id='word_1_766' title='bbox 3453 4829 3526 4898; x_wconf 84' lang='grc' dir='ltr'>μὴ</span> <span class='ocrx_word' id='word_1_767' title='bbox 3554 4828 3696 4897; x_wconf 80' lang='grc' dir='ltr'>ἔχειν</span> <span class='ocrx_word' id='word_1_768' title='bbox 3725 4828 3825 4897; x_wconf 84' lang='grc' dir='ltr'>τὴν</span> <span class='ocrx_word' id='word_1_769' title='bbox 3861 4828 4049 4898; x_wconf 81' lang='grc' dir='ltr'>ψυχὴν</span> 
     </span>
    </p>
   </div>
   <div class='ocr_carea' id='block_1_107' title="bbox 2474 4918 4043 4989">
    <p class='ocr_par' dir='ltr' id='par_1_107' title="bbox 2474 4918 4043 4989">
     <span class='ocr_line' id='line_1_107' title="bbox 2474 4918 4043 4989; baseline -0.001 -16"><span class='ocrx_word' id='word_1_770' title='bbox 2474 4919 2652 4973; x_wconf 78' lang='grc' dir='ltr'>αὐτῶν</span> <span class='ocrx_word' id='word_1_771' title='bbox 2704 4919 2910 4988; x_wconf 86' lang='grc' dir='ltr'>τιμίαν,</span> <span class='ocrx_word' id='word_1_772' title='bbox 2980 4918 3139 4981; x_wconf 73' lang='grc' dir='ltr'>ὄντας</span> <span class='ocrx_word' id='word_1_773' title='bbox 3177 4920 3236 4971; x_wconf 85' lang='grc' dir='ltr'><strong>ἐν</strong></span> <span class='ocrx_word' id='word_1_774' title='bbox 3292 4923 3564 4989; x_wconf 82' lang='grc' dir='ltr'>προκοπῇ,</span> <span class='ocrx_word' id='word_1_775' title='bbox 3612 4919 3747 4972; x_wconf 79' lang='grc' dir='ltr'>ἀλλὰ</span> <span class='ocrx_word' id='word_1_776' title='bbox 3794 4921 4043 4987; x_wconf 75' lang='grc' dir='ltr'>φυσικῶς</span> 
     </span>
    </p>
   </div>
   <div class='ocr_carea' id='block_1_108' title="bbox 2472 5008 4048 5079">
    <p class='ocr_par' dir='ltr' id='par_1_108' title="bbox 2472 5008 4048 5079">
     <span class='ocr_line' id='line_1_108' title="bbox 2472 5008 4048 5079; baseline -0.001 -17"><span class='ocrx_word' id='word_1_777' title='bbox 2472 5012 2699 5079; x_wconf 85' lang='grc' dir='ltr'>ἀτίμους</span> <span class='ocrx_word' id='word_1_778' title='bbox 2724 5011 2950 5072; x_wconf 81' lang='grc' dir='ltr'>ἑαυτοὺς</span> <span class='ocrx_word' id='word_1_779' title='bbox 2984 5009 3265 5077; x_wconf 79' lang='grc' dir='ltr'>ἡγεῖσθαιο</span> <span class='ocrx_word' id='word_1_780' title='bbox 3301 5011 3395 5062; x_wconf 77' lang='grc' dir='ltr'>καὶ</span> <span class='ocrx_word' id='word_1_781' title='bbox 3434 5009 3585 5079; x_wconf 83' lang='grc' dir='ltr'><strong>παρά</strong></span> <span class='ocrx_word' id='word_1_782' title='bbox 3617 5009 3735 5079; x_wconf 73' lang='grc' dir='ltr'>θεῷ</span> <span class='ocrx_word' id='word_1_783' title='bbox 3764 5010 3932 5077; x_wconf 85' lang='grc' dir='ltr'>τίμιοι</span> <span class='ocrx_word' id='word_1_784' title='bbox 3956 5008 4048 5061; x_wconf 80' lang='grc' dir='ltr'>δν-</span> 
     </span>
    </p>
   </div>
   <div class='ocr_carea' id='block_1_109' title="bbox 2470 5098 4046 5171">
    <p class='ocr_par' dir='ltr' id='par_1_109' title="bbox 2470 5098 4046 5171">
     <span class='ocr_line' id='line_1_109' title="bbox 2470 5098 4046 5171; baseline -0.003 -18"><span class='ocrx_word' id='word_1_785' title='bbox 2470 5118 2561 5163; x_wconf 87' lang='grc' dir='ltr'><strong>τες</strong></span> <span class='ocrx_word' id='word_1_786' title='bbox 2590 5103 2721 5171; x_wconf 79' lang='grc' dir='ltr'>παρ’</span> <span class='ocrx_word' id='word_1_787' title='bbox 2756 5102 2964 5161; x_wconf 80' lang='grc' dir='ltr'>ἑαυτοῖς</span> <span class='ocrx_word' id='word_1_788' title='bbox 2994 5100 3093 5151; x_wconf 80' lang='grc' dir='ltr'>οὐκ</span> <span class='ocrx_word' id='word_1_789' title='bbox 3122 5100 3246 5154; x_wconf 84' lang='grc' dir='ltr'>είσί.</span> <span class='ocrx_word' id='word_1_790' title='bbox 3270 5102 3379 5153; x_wconf 77' lang='grc' dir='ltr'><strong>Καὶ</strong></span> <span class='ocrx_word' id='word_1_791' title='bbox 3406 5101 3463 5152; x_wconf 90' lang='grc' dir='ltr'><strong>ἐν</strong></span> <span class='ocrx_word' id='word_1_792' title='bbox 3490 5102 3737 5170; x_wconf 79' lang='grc' dir='ltr'>προκοπῇ</span> <span class='ocrx_word' id='word_1_793' title='bbox 3773 5099 3869 5151; x_wconf 73' lang='grc' dir='ltr'>καὶ</span> <span class='ocrx_word' id='word_1_794' title='bbox 3897 5098 4046 5166; x_wconf 81' lang='grc' dir='ltr'>γνώ-</span> 
     </span>
    </p>
   </div>
   <div class='ocr_carea' id='block_1_110' title="bbox 2474 5190 4049 5261">
    <p class='ocr_par' dir='ltr' id='par_1_110' title="bbox 2474 5190 4049 5261">
     <span class='ocr_line' id='line_1_110' title="bbox 2474 5190 4049 5261; baseline 0.001 -18"><span class='ocrx_word' id='word_1_795' title='bbox 2474 5208 2554 5243; x_wconf 89' lang='grc' dir='ltr'><strong>σει</strong></span> <span class='ocrx_word' id='word_1_796' title='bbox 2590 5191 2723 5243; x_wconf 83' lang='grc' dir='ltr'>Θεοῦ</span> <span class='ocrx_word' id='word_1_797' title='bbox 2764 5191 2937 5255; x_wconf 74' lang='grc' dir='ltr'>ὄντες,</span> <span class='ocrx_word' id='word_1_798' title='bbox 2988 5190 3062 5254; x_wconf 86' lang='grc' dir='ltr'>ὠς</span> <span class='ocrx_word' id='word_1_799' title='bbox 3094 5192 3258 5261; x_wconf 75' lang='grc' dir='ltr'>μηδὲν</span> <span class='ocrx_word' id='word_1_800' title='bbox 3316 5192 3516 5260; x_wconf 86' lang='grc' dir='ltr'>εἰδότες</span> <span class='ocrx_word' id='word_1_801' title='bbox 3561 5192 3703 5244; x_wconf 76' lang='grc' dir='ltr'>είσίο</span> <span class='ocrx_word' id='word_1_802' title='bbox 3741 5193 3835 5243; x_wconf 79' lang='grc' dir='ltr'>καὶ</span> <span class='ocrx_word' id='word_1_803' title='bbox 3894 5192 4049 5261; x_wconf 81' lang='grc' dir='ltr'><strong>παρά</strong></span> 
     </span>
    </p>
   </div>
   <div class='ocr_carea' id='block_1_111' title="bbox 2472 5281 4048 5351">
    <p class='ocr_par' dir='ltr' id='par_1_111' title="bbox 2472 5281 4048 5351">
     <span class='ocr_line' id='line_1_111' title="bbox 2472 5281 4048 5351; baseline -0.001 -15"><span class='ocrx_word' id='word_1_804' title='bbox 2472 5283 2591 5351; x_wconf 89' lang='grc' dir='ltr'><strong>Θεῷ</strong></span> <span class='ocrx_word' id='word_1_805' title='bbox 2640 5282 2880 5335; x_wconf 83' lang='grc' dir='ltr'>πλούσιοι</span> <span class='ocrx_word' id='word_1_806' title='bbox 2908 5282 3079 5344; x_wconf 83' lang='grc' dir='ltr'>δντες,</span> <span class='ocrx_word' id='word_1_807' title='bbox 3110 5283 3239 5351; x_wconf 89' lang='grc' dir='ltr'>παρ’</span> <span class='ocrx_word' id='word_1_808' title='bbox 3286 5282 3499 5343; x_wconf 80' lang='grc' dir='ltr'>ἑαυτοῖς</span> <span class='ocrx_word' id='word_1_809' title='bbox 3529 5283 3633 5334; x_wconf 78' lang='grc' dir='ltr'>εἰσι</span> <span class='ocrx_word' id='word_1_810' title='bbox 3656 5297 3670 5311; x_wconf 87' lang='grc'>·</span> <span class='ocrx_word' id='word_1_811' title='bbox 3704 5281 3894 5351; x_wconf 83' lang='grc' dir='ltr'>ὥσπερ</span> <span class='ocrx_word' id='word_1_812' title='bbox 3923 5283 3978 5334; x_wconf 82' lang='grc' dir='ltr'>δὲ</span> <span class='ocrx_word' id='word_1_813' title='bbox 4018 5285 4048 5334; x_wconf 87' lang='grc' dir='ltr'><strong>ό</strong></span> 
     </span>
    </p>
   </div>
   <div class='ocr_carea' id='block_1_112' title="bbox 2474 5370 4051 5443">
    <p class='ocr_par' dir='ltr' id='par_1_112' title="bbox 2474 5370 4051 5443">
     <span class='ocr_line' id='line_1_112' title="bbox 2474 5370 4051 5443; baseline -0.003 -17"><span class='ocrx_word' id='word_1_814' title='bbox 2474 5373 2706 5443; x_wconf 83' lang='grc' dir='ltr'>Χριστὸς</span> <span class='ocrx_word' id='word_1_815' title='bbox 2719 5371 2964 5441; x_wconf 74' lang='grc' dir='ltr'>μορφὴν</span> <span class='ocrx_word' id='word_1_816' title='bbox 2984 5370 3208 5424; x_wconf 71' lang='grc' dir='ltr'>δούλου</span> <span class='ocrx_word' id='word_1_817' title='bbox 3225 5370 3446 5435; x_wconf 72' lang='grc' dir='ltr'>λαϐὼν,</span> <span class='ocrx_word' id='word_1_818' title='bbox 3463 5371 3549 5423; x_wconf 80' lang='grc' dir='ltr'>διὰ</span> <span class='ocrx_word' id='word_1_819' title='bbox 3571 5371 3671 5439; x_wconf 85' lang='grc' dir='ltr'>τῆς</span> <span class='ocrx_word' id='word_1_820' title='bbox 3694 5387 4051 5439; x_wconf 81' lang='grc' dir='ltr'>ταπεινοφρο-</span> 
     </span>
    </p>
   </div>
   <div class='ocr_carea' id='block_1_113' title="bbox 2476 5461 4050 5533">
    <p class='ocr_par' dir='ltr' id='par_1_113' title="bbox 2476 5461 4050 5533">
     <span class='ocr_line' id='line_1_113' title="bbox 2476 5461 4050 5533; baseline -0.002 -17"><span class='ocrx_word' id='word_1_821' title='bbox 2476 5465 2638 5533; x_wconf 83' lang='grc' dir='ltr'>σύνης</span> <span class='ocrx_word' id='word_1_822' title='bbox 2675 5464 2893 5532; x_wconf 81' lang='grc' dir='ltr'>ἐνίκησε</span> <span class='ocrx_word' id='word_1_823' title='bbox 2923 5463 3013 5515; x_wconf 79' lang='grc' dir='ltr'>τὸν</span> <span class='ocrx_word' id='word_1_824' title='bbox 3043 5461 3290 5514; x_wconf 76' lang='grc' dir='ltr'>διάϐολον</span> <span class='ocrx_word' id='word_1_825' title='bbox 3312 5478 3327 5493; x_wconf 73' lang='lat'>&#39;</span> <span class='ocrx_word' id='word_1_826' title='bbox 3365 5461 3537 5525; x_wconf 77' lang='grc' dir='ltr'>οὕτως</span> <span class='ocrx_word' id='word_1_827' title='bbox 3574 5462 3633 5528; x_wconf 81' lang='grc' dir='ltr'>ἐξ</span> <span class='ocrx_word' id='word_1_828' title='bbox 3670 5461 3844 5531; x_wconf 79' lang='grc' dir='ltr'>ἀρχῆς</span> <span class='ocrx_word' id='word_1_829' title='bbox 3870 5463 3899 5514; x_wconf 88' lang='grc' dir='ltr'><strong>ό</strong></span> <span class='ocrx_word' id='word_1_830' title='bbox 3924 5462 4050 5531; x_wconf 81' lang='grc' dir='ltr'>δφις</span> 
     </span>
    </p>
   </div>
   <div class='ocr_carea' id='block_1_114' title="bbox 2472 5554 4046 5625">
    <p class='ocr_par' dir='ltr' id='par_1_114' title="bbox 2472 5554 4046 5625">
     <span class='ocr_line' id='line_1_114' title="bbox 2472 5554 4046 5625; baseline -0.002 -16"><span class='ocrx_word' id='word_1_831' title='bbox 2472 5557 2559 5609; x_wconf 86' lang='grc' dir='ltr'>διὰ</span> <span class='ocrx_word' id='word_1_832' title='bbox 2590 5557 2689 5625; x_wconf 81' lang='grc' dir='ltr'>τῆς</span> <span class='ocrx_word' id='word_1_833' title='bbox 2730 5554 3174 5625; x_wconf 77' lang='grc' dir='ltr'>ύψηλοφροσύνης</span> <span class='ocrx_word' id='word_1_834' title='bbox 3228 5556 3323 5608; x_wconf 73' lang='grc' dir='ltr'>καὶ</span> <span class='ocrx_word' id='word_1_835' title='bbox 3366 5554 3657 5625; x_wconf 85' lang='grc' dir='ltr'>τυφώσεως</span> <span class='ocrx_word' id='word_1_836' title='bbox 3702 5556 4046 5625; x_wconf 65' lang='grc' dir='ltr'>κατέστρεψε</span> 
     </span>
    </p>
   </div>
   <div class='ocr_carea' id='block_1_115' title="bbox 877 5729 2568 5800">
    <p class='ocr_par' dir='ltr' id='par_1_115' title="bbox 877 5729 2496 5798">
     <span class='ocr_line' id='line_1_115' title="bbox 877 5729 2496 5798; baseline -0.001 -15"><span class='ocrx_word' id='word_1_837' title='bbox 877 5729 1113 5798; x_wconf 77' lang='lat' dir='ltr'><strong>&quot;Apoc.</strong></span> <span class='ocrx_word' id='word_1_838' title='bbox 1148 5746 1295 5797; x_wconf 78' lang='lat' dir='ltr'><strong>xvnr,</strong></span> <span class='ocrx_word' id='word_1_839' title='bbox 1335 5732 1399 5784; x_wconf 74' lang='grc'><strong>14</strong></span> <span class='ocrx_word' id='word_1_840' title='bbox 1497 5732 1544 5764; x_wconf 89' lang='lat'><strong>&quot;°</strong></span> <span class='ocrx_word' id='word_1_841' title='bbox 1595 5731 1612 5784; x_wconf 95' lang='grc'><strong>1</strong></span> <span class='ocrx_word' id='word_1_842' title='bbox 1650 5732 1765 5787; x_wconf 78' lang='lat' dir='ltr'><strong>Pet.</strong></span> <span class='ocrx_word' id='word_1_843' title='bbox 1799 5747 1853 5796; x_wconf 87' lang='grc' dir='ltr'><strong>ιι,</strong></span> <span class='ocrx_word' id='word_1_844' title='bbox 1884 5732 1933 5787; x_wconf 78' lang='lat'><strong>9.</strong></span> <span class='ocrx_word' id='word_1_845' title='bbox 2014 5732 2053 5763; x_wconf 74' lang='grc' dir='ltr'><strong>τ’</strong></span> <span class='ocrx_word' id='word_1_846' title='bbox 2081 5731 2292 5786; x_wconf 76' lang='lat' dir='ltr'><strong>Coloss.</strong></span> <span class='ocrx_word' id='word_1_847' title='bbox 2336 5747 2371 5795; x_wconf 91' lang='grc' dir='ltr'><strong>ι,</strong></span> <span class='ocrx_word' id='word_1_848' title='bbox 2415 5732 2496 5785; x_wconf 84' lang='lat' dir='ltr'><strong>i8.</strong></span> 
     </span>
    </p>
   </div>
   <div class='ocr_carea' id='block_1_116' title="bbox 1385 5729 3076 5800">
    <p class='ocr_par' dir='ltr' id='par_1_116' title="bbox 1385 5729 3076 5800">
     <span class='ocr_line' id='line_1_116' title="bbox 1385 5729 3076 5800; baseline -0.001 -16"><span class='ocrx_word' id='word_1_849' title='bbox 1385 5732 1399 5784; x_wconf 82' lang='lat' dir='ltr'><strong>l</strong></span> <span class='ocrx_word' id='word_1_850' title='bbox 1497 5732 1544 5764; x_wconf 89' lang='lat'><strong>&quot;°</strong></span> <span class='ocrx_word' id='word_1_851' title='bbox 1595 5731 1612 5784; x_wconf 95' lang='grc'><strong>1</strong></span> <span class='ocrx_word' id='word_1_852' title='bbox 1650 5732 1765 5787; x_wconf 78' lang='lat' dir='ltr'><strong>Pet.</strong></span> <span class='ocrx_word' id='word_1_853' title='bbox 1799 5747 1853 5796; x_wconf 87' lang='grc' dir='ltr'><strong>ιι,</strong></span> <span class='ocrx_word' id='word_1_854' title='bbox 1884 5732 1933 5787; x_wconf 78' lang='lat'><strong>9.</strong></span> <span class='ocrx_word' id='word_1_855' title='bbox 2014 5732 2053 5763; x_wconf 74' lang='grc' dir='ltr'><strong>τ’</strong></span> <span class='ocrx_word' id='word_1_856' title='bbox 2081 5731 2292 5786; x_wconf 76' lang='lat' dir='ltr'><strong>Coloss.</strong></span> <span class='ocrx_word' id='word_1_857' title='bbox 2336 5747 2371 5795; x_wconf 91' lang='grc' dir='ltr'><strong>ι,</strong></span> <span class='ocrx_word' id='word_1_858' title='bbox 2415 5732 2496 5785; x_wconf 84' lang='lat' dir='ltr'><strong>i8.</strong></span> <span class='ocrx_word' id='word_1_859' title='bbox 2571 5732 2617 5763; x_wconf 85' lang='grc'><strong>⁷¹</strong></span> <span class='ocrx_word' id='word_1_860' title='bbox 2654 5729 2888 5800; x_wconf 83' lang='lat' dir='ltr'><strong>Philipp.</strong></span> <span class='ocrx_word' id='word_1_861' title='bbox 2924 5746 2981 5796; x_wconf 90' lang='grc' dir='ltr'><strong>ιι,</strong></span> <span class='ocrx_word' id='word_1_862' title='bbox 3024 5732 3076 5783; x_wconf 89' lang='lat'><strong>7.</strong></span> 
     </span>
    </p>
   </div>
  </div>
