4282 6364
266 378 373 442 697

1451 379 1819 442 HOMILIIE.
1843 404 1911 418 -
1927 382 2116 446 HOM.
2157 382 2402 447 XXVII.

3425 384 3535 456 698

263 491 360 543 τὸν
387 489 584 560 Ἀδάμ.
602 489 713 544 Καὶ
729 487 827 543 νῦν
850 489 880 542 6
905 488 1069 552 αὐτὸς
1094 489 1219 557 δφις
1243 488 1555 559 ἐνδομυχῶν
1571 492 1692 555 ταῖς
1719 507 1855 562 καρ-
1880 496 1929 555 Α

1841 520 1855 531 -
1880 496 1929 555 Α
1956 494 2071 548 lum
2099 513 2113 549 :
2151 496 2234 551 sic
2273 494 2433 549 initio
2459 508 2692 564 serpens
2722 508 2823 565 per
2850 495 3219 565 arrogantiam
3250 506 3309 552 et
3331 496 3532 555 fastum

265 581 411 643 δίαις
432 580 521 634 διὰ
544 579 843 649 τυφώσεως
871 579 1202 636 καταϐάλλει
1230 581 1325 634 καὶ
1348 579 1576 635 ἀπολύει
1605 581 1668 634 τὸ
1697 580 1853 650 γένος

263 668 381 722 τῶν
413 667 783 740 Χριστιανῶν.

347 936 447 1003 ς’.
482 935 697 1005 Ὠσπερ
720 932 830 1003 γὰρ
855 931 954 987 ἐάν
1053 949 1137 996 τις
1168 928 1474 1003 ἐλεύθερος,
1498 932 1592 986 καὶ
1625 931 1851 1004 εὐγενὴς

270 1027 419 1081 κατά
463 1026 670 1097 κόσμον
727 1026 822 1080 καὶ
862 1024 1093 1077 πλοῦτον
1136 1022 1274 1094 ἔχων
1311 1016 1498 1088 πόλίιν,
1562 1023 1644 1077 ἐτι
1680 1040 1851 1095 προσ-

267 1120 545 1190 οδεύηται,
576 1119 669 1173 καὶ
695 1118 890 1189 εἰσάγῃ
921 1117 1189 1188 καρποὺς,
1219 1108 1375 1180 οὗτος
1413 1117 1723 1170 ἀπονοεῖται
1756 1118 1851 1169 καὶ

268 1210 466 1281 θαρῤεῖ
498 1209 696 1279 ἐαυτῷ,
746 1212 845 1263 καὶ
886 1209 1230 1271 ἀϐάστακτος
1266 1208 1343 1261 ὢν
1396 1208 1605 1272 πάντας
1662 1208 1850 1261 λακτί-

267 1304 374 1366 ζει,
405 1302 499 1354 καὶ
526 1298 810 1369 κολαφίζει
832 1316 847 1332 ·
884 1298 1059 1363 οὕτως
1090 1300 1196 1352 είσί
1222 1315 1367 1362 τινες
1393 1298 1468 1370 μὴ
1498 1298 1712 1370 ἔχοντες
1736 1300 1851 1353 διά·

268 1407 474 1460 κρισιν,
520 1389 723 1459 μικρὰν
753 1389 812 1441 δὲ
856 1390 1165 1444 ἀνάπαυσιν
1214 1387 1465 1458 εὑρόντες
1513 1391 1609 1442 καὶ
1658 1388 1846 1458 εὐχὴν,

266 1478 505 1552 ῆρεαντο
547 1480 848 1548 τυφοῠσθαι
888 1481 985 1536 καὶ
1040 1480 1388 1535 ἀπονοεῖσθαι
1438 1481 1536 1535 καὶ⁵
1579 1482 1848 1552 κατακρί-

269 1590 412 1625 νειν·
438 1572 534 1625 καὶ
564 1570 709 1623 οὕτω
736 1571 1040 1624 κατέπεσον
1065 1572 1145 1633 είς
1174 1571 1243 1623 τὰ
1265 1570 1560 1624 κατώτατα
1589 1572 1688 1639 τῆς
1716 1571 1842 1641 γῆς.

280 1666 341 1717 '0
359 1664 470 1731 γὰρ
483 1663 644 1725 αὐτὸς
664 1661 787 1730 δφις
812 1665 840 1715 6
873 1661 1118 1715 ἐκϐαλὼν
1147 1662 1237 1715 τὸν
1270 1662 1439 1731 Ἀδὰμ
1466 1660 1555 1716 διά
1579 1663 1677 1731 τῆς
1706 1662 1847 1733 ὑψη-

265 1754 628 1825 λοφροσύνης,
660 1753 852 1818 εἰπὼν,
898 1753 992 1820 ὀς
1016 1754 1138 1807 θεοὶ
1160 1752 1500 1821 γενήσεσθε
1520 1770 1535 1785 ·
1566 1748 1721 1816 οὗτος
1750 1755 1845 1807 καὶ

263 1849 361 1900 νῦν
392 1848 450 1899 ἐν
479 1849 599 1907 ταῖς
648 1846 901 1916 καρδίαις
937 1844 1229 1899 ὑποϐάλλει
1259 1845 1729 1916 ι’·ψηλοφροσύνην,
1765 1846 1852 1898 λέ·
1880 1834 1923 1890 Β

261 1953 400 2005 γων,
427 1938 660 2001 Τέλειος
688 1931 762 2001 ει,
786 1934 1098 2004 ἁρκεῖδσοι,
1120 1936 1528 2001 ἐπλούτησας,
1550 1938 1621 1989 οὐ
1640 1936 1848 2004 χρείαν

262 2028 451 2097 ἔχεις,
470 2026 774 2097 μακάριος
812 2021 887 2080 ει.
915 2026 1038 2079 Elei.
1068 2025 1124 2079 δὲ
1164 2025 1342 2099 ἐτεροι
1370 2026 1514 2079 κατὰ
1543 2026 1767 2096 κόσμον,
1799 2028 1848 2079 οἱ

262 2118 498 2173 πλοῦτον
530 2118 630 2190 μιν
677 2118 914 2189 ἔχοντες,
947 2118 1040 2173 τδν
1068 2117 1126 2171 δέ
1157 2118 1575 2189 προσοδεύοντες
1614 2120 1673 2171 ἐν
1708 2135 1847 2188 καρ-

262 2214 391 2275 ποῖς
421 2211 655 2275 πολλοῖς,
686 2211 1011 2281 κατέχουσιν
1056 2198 1284 2274 ἐαυτοὺς
1325 2212 1383 2264 ἐν
1427 2210 1717 2281 διακρίσει,
1751 2211 1848 2264 καὶ

261 2303 391 2357 οὔτε
444 2304 778 2374 καυχῶνται,
830 2299 955 2355 οὗτε
1000 2300 1343 2372 ἐπαίρονται,
1380 2299 1495 2353 ἀλλ’
1527 2300 1666 2352 εἰσὶν
1715 2300 1840 2352 ῐσοι⁹

261 2396 439 2450 οἴδασι
488 2395 594 2464 γάρ
641 2395 725 2447 ὃτι
778 2393 917 2462 μετά
952 2392 1052 2462 τὴν
1081 2391 1343 2463 πρόσοδον
1369 2391 1589 2463 ἔρχεται
1622 2379 1844 2460 ἀφορία.

261 2487 379 2540 Καὶ
411 2485 575 2540 πάλιν
600 2486 730 2539 ὅταν
757 2483 1077 2553 ἐμπέσωσιν
1105 2485 1185 2545 είς
1217 2482 1421 2553 ζημίαν
1451 2483 1546 2537 καὶ
1591 2483 1844 2553 ἀφορίαν,

262 2577 325 2629 οὐ
360 2574 682 2640 λυποῦνται,
710 2572 825 2627 ἀλλ’
863 2573 965 2625 [σοι
1013 2570 1179 2625 εισίν·
1214 2571 1390 2626 οἴδασι
1415 2573 1526 2640 γὰρ
1557 2571 1640 2624 ὅτι
1685 2573 1847 2636 πάλιν

262 2663 570 2734 διαδέχεται
638 2660 893 2733 εὑφορία.
959 2660 1072 2716 Καὶ
1109 2659 1168 2713 ἐν
1213 2660 1423 2722 τούτοις
1471 2660 1702 2715 ἐπιπολὺ
1746 2679 1847 2730 γυ·

268 2755 607 2828 μνασθέντες
730 2753 1047 2819 ξενίζονται,
1083 2751 1207 2805 οὗτε
1234 2753 1291 2807 ἐν
1314 2752 1599 2823 προσόδοις
1637 2754 1733 2807 καὶ
1762 2755 1851 2807 εὑ-

264 2848 489 2919 φορίαις
518 2827 837 2915 τυφοῧνται,
863 2844 987 2899 οὔτε
1022 2845 1120 2899 ἐὰν
1154 2842 1358 2915 ἐπέλθῃ
1392 2843 1585 2914 ζημία,
1615 2844 1849 2910 ξενίζον-

264 2957 382 2994 ται.

1952 585 2227 641 subvertit
2254 585 2545 640 Adamum.
2581 585 2740 641 Nune
2765 600 2986 656 quoque
3017 585 3110 640 ille
3140 584 3255 655 ipse
3281 602 3533 659 serpens,

1952 672 2008 727 in
2086 673 2446 729 interioribus
2516 673 2705 729 cordis
2752 674 3065 730 recessibus
3136 674 3380 740 abditus,
3436 692 3535 747 per

1950 761 2268 829 superbiam
2320 761 2559 817 destruit
2608 776 2673 816 ac
2734 760 2990 817 dissolvit
3050 777 3226 833 genus
3268 762 3534 819 Christia-

1950 861 2173 901 norum.

2020 937 2107 993 Vl.
2139 937 2613 1005 Quemadmodum
2656 940 2803 994 enim
2845 939 2891 995 si
2918 940 3044 1011 quis
3073 941 3144 997 sit
3186 942 3329 998 liber
3355 959 3419 1000 ac
3446 943 3533 998 in-

1949 1045 2162 1101 genuus
2189 1031 2243 1084 in
2267 1032 2496 1098 mundo,
2533 1048 2597 1087 ac
2622 1046 2847 1102 magnas
2880 1033 3164 1103 possideat
3190 1048 3324 1104 opes
3348 1052 3365 1100 ;
3391 1037 3536 1091 insu-

1949 1136 2048 1190 per
2099 1122 2312 1177 reditus
2369 1123 2659 1193 percipiat,
2713 1132 2770 1177 et
2830 1124 3045 1180 fructus
3115 1125 3373 1196 colligat;
3442 1128 3535 1183 ille

1947 1228 2146 1267 vesana
2165 1214 2398 1282 quadam
2436 1215 2730 1269 insolentia
2753 1214 3006 1277 eﬂertur.
3042 1226 3207 1287 atque
3232 1217 3285 1270 in
3319 1233 3377 1272 se
3413 1219 3534 1288 ipso

1947 1304 2207 1360 ﬁduciam
2260 1307 2441 1373 locat;
2496 1322 2736 1376 cumque
2790 1307 2863 1362 sit
2907 1308 3298 1373 intolerabilis,
3343 1326 3536 1365 omnes

1947 1398 2095 1453 calce
2147 1399 2307 1467 petit.
2356 1409 2413 1453 et
2465 1400 2713 1469 colaphis
2753 1398 2965 1454 allicit:
3015 1402 3090 1456 ita
3120 1410 3252 1457 sunt
3284 1403 3531 1474 quidam,

1938 1488 2099 1542 nulla
2128 1489 2464 1545 discretione
2490 1489 2730 1559 praediti,
2761 1491 2881 1560 qui,
2913 1492 3197 1561 paululum
3232 1494 3437 1561 quietis
3469 1510 3533 1548 ac

1945 1580 2279 1649 precationis
2312 1583 2479 1645 nacti,
2500 1582 2773 1651 incipiunt
2806 1583 2952 1637 altos
2975 1583 3081 1638 sibi
3121 1599 3345 1639 sumere
3368 1585 3533 1655 Spiri-

1946 1675 2055 1733 tus,
2083 1669 2377 1725 insolentia
2407 1670 2617 1736 eﬂ‘erri,
2644 1680 2809 1741 atque
2844 1673 2981 1727 alios
3001 1673 3342 1743 dijudicare:
3368 1684 3535 1745 atque

1946 1759 2053 1814 hoc
2090 1760 2254 1815 modo
2289 1761 2625 1816 delabuntur
2666 1762 2721 1816 in
2757 1762 3189 1831 profundissima
3226 1773 3406 1822 terrai.
3437 1768 3534 1822 llle

1948 1848 2096 1902 enim
2129 1848 2245 1918 ipse
2285 1864 2532 1919 serpens,
2564 1849 2659 1918 qui
2689 1848 3004 1904 deturbavit
3055 1850 3225 1904 Adam
3256 1866 3355 1920 per
3381 1866 3537 1905 arro-

1948 1938 2213 2008 gantiam,
2249 1938 2473 1994 dicens:
2512 1939 2681 1993 Eritis
2724 1941 2859 1993 sicut
2910 1941 3021 1994 dii:
3063 1940 3177 2010 ipse
3216 1956 3366 1996 nunc
3392 1956 3529 2012 quo.

1949 2045 2055 2098 que
2089 2030 2143 2084 in
2183 2031 2445 2085 cordibus
2468 2032 2728 2101 'suggerit
2790 2033 3182 2102 arrogantiam,
3245 2033 3530 2103 inquiens:

1947 2118 2218 2189 Perfectus
2250 2137 2326 2185 es,
2353 2118 2551 2190 sufﬁcit
2587 2120 2699 2186 tibi,
2730 2120 2903 2190 factus
2944 2136 2996 2174 es
3039 2121 3291 2191 locuples,
3333 2123 3532 2177 nullius

1946 2213 2171 2284 indiges,
2206 2214 2389 2268 beatus
2429 2230 2481 2267 es
2503 2214 2569 2267 ".
2629 2213 2750 2268 Non
2784 2212 2988 2270 desunt
3021 2214 3115 2268 alii
3141 2230 3295 2270 more
3325 2216 3529 2280 saeculi,

1946 2304 2046 2372 qui
2102 2304 2304 2373 opibus
2366 2304 2590 2374 quidem
2622 2303 2753 2357 dum
2800 2306 3048 2375 opulenti
3101 2314 3253 2371 sunt,
3299 2322 3436 2377 quas
3464 2323 3531 2362 ex

1946 2394 2139 2448 nimiis
2165 2393 2446 2448 fructuum
2471 2392 2743 2449 reditibus
2766 2396 3135 2461 accumulant,
3162 2397 3447 2452 continent
3473 2412 3532 2451 se

1950 2486 2101 2556 ipsos
2144 2486 2200 2540 in
2261 2487 2620 2553 discretione,
2658 2503 2761 2542 nec
2806 2487 3133 2558 gloriantur,
3174 2504 3355 2559 neque
3401 2488 3532 2543 εσθ-

1948 2587 2175 2641 runtur,
2204 2577 2301 2632 sed
2334 2586 2464 2633 sunt
2507 2579 2684 2648 sequi:
2729 2587 2935 2632 norunt
2960 2580 3109 2633 enim
3142 2589 3266 2649 post
3302 2580 3529 2635 uberta-

1949 2677 2059 2723 tem
2076 2678 2364 2724 venturam
2386 2670 2753 2725 sterilitatem.
2787 2671 2854 2725 Et
2875 2670 3057 2725 denuo
3074 2671 3169 2726 ubi
3190 2672 3246 2726 in
3268 2672 3531 2728 damnum

1951 2768 2008 2813 et
2036 2759 2385 2814 sterilitatem
2436 2761 2754 2824 inciderint,
2789 2778 2900 2817 non
2940 2762 3253 2817 adiciuntur
3284 2764 3528 2829 tristitia,

1954 2851 2051 2905 sed
2105 2852 2249 2921 aequi
2299 2862 2626 2908 remanent:
2695 2864 2903 2908 norunt
2931 2856 3081 2910 enim
3132 2855 3316 2911 denuo
3342 2872 3532 2912 suces-

1956 2955 2145 2994 suram
2171 2942 2587 2997 ubertatem.Et
2620 2942 2677 2997 in
2700 2943 2787 2998 bis
2814 2954 2872 2999 ut
2897 2945 3195 3014 plurimum
3220 2948 3529 3013 exercitati,

264 3029 408 3083 nihil
466 3027 742 3098 peregrini
797 3025 933 3097 ipsis
977 3025 1201 3093 accidit,
1234 3040 1418 3096 neque
1464 3024 1534 3080 de
1608 3025 1886 3083 reditibus
1947 3038 2044 3083 aut
2077 3031 2329 3085 ubertate
2366 3031 2471 3102 ipsi
2523 3033 2906 3105 superbiunt,
2959 3050 3140 3105 neque
3193 3037 3240 3092 si
3271 3037 3532 3094 damnum

267 3121 509 3191 ingruat,
543 3118 965 3187 obstupescunt.

334 3214 410 3267 Z'.
443 3214 516 3265 Τὸ
544 3211 636 3264 οὖν
660 3213 895 3281 πρᾶγμα
914 3209 1009 3263 τοῦ
1032 3209 1462 3282 Χριστιανισμοῦ
1484 3210 1642 3264 τοῦτό
1702 3212 1837 3265 ἐστι·
1876 3218 1920 3276 c
2021 3214 2025 3221 '

1876 3218 1920 3276 C
2021 3213 2137 3269 VII.
2186 3215 2295 3271 Res
2340 3215 2507 3285 igitur
2532 3215 2938 3272 Christianismi
2988 3218 3151 3273 sicse
3202 3220 3400 3277 habet:
3433 3223 3533 3277 de-

264 3306 453 3376 γεῦσις
506 3303 786 3375 ἀληθείας,
846 3303 1049 3373 βρῶσις
1100 3305 1195 3356 καὶ
1243 3304 1402 3367 πόσις
1457 3302 1518 3368 ἐξ
1563 3304 1842 3374 ἀληθείας,

266 3401 466 3466 φαγεῖν
512 3396 593 3449 ἔτι
642 3396 738 3448 καὶ
782 3398 927 3449 πιεῖν
969 3395 1059 3448 διὰ
1085 3394 1371 3464 δυνάμεως
1402 3396 1497 3449 καὶ
1539 3396 1840 3465 ἐνεργείας.

266 3491 483 3558 Ὥσπερ
524 3486 620 3540 ἐάν
708 3486 881 3557 πηγὴ,
923 3487 1019 3539 καὶ
1050 3484 1125 3539 ὧν
1153 3504 1237 3549 τις
1266 3488 1381 3538 ἐκεῖ
1411 3485 1581 3554 διψῶν
1607 3485 1844 3556 ἀρχηται

266 3581 448 3633 πίνειν
471 3596 484 3610 ·
524 3572 645 3631 ε’ίτα
673 3579 731 3629 ἐν
762 3577 838 3647 τῷ
876 3577 1080 3648 μεταξὺ
1109 3576 1407 3647 ἀποσπάσῃ
1433 3593 1518 3640 τις
1545 3576 1729 3641 αὐτὸν,
1755 3577 1847 3629 καὶ¹

271 3671 347 3740 μὴ
380 3668 458 3740 δῷ
510 3665 896 3738 ἐμπλησθῆναι
927 3668 1051 3720 ὅσον
1105 3666 1271 3732 θέλει,
1310 3666 1495 3719 λοιπὸν
1526 3666 1725 3736 μᾶλλον
1752 3668 1845 3719 ὲκ-

266 3763 494 3815 καίεται
517 3758 855 3828 γευσάμενος
884 3758 976 3811 τοῦ
1009 3757 1224 3821 ὕδατος,
1262 3757 1357 3811 καὶ
1399 3758 1658 3827 ἐπιζητεί
1688 3773 1850 3810 σπου-

265 3854 576 3923 δαιότερον
628 3850 803 3913 οὕτως
850 3849 946 3904 καὶ
988 3848 1049 3902 τὸ
1100 3849 1470 3919 πνευματικὸν
1512 3848 1734 3917 γεύεταί
1767 3867 1849 3912 τις

266 3944 365 3998 καὶ
400 3941 813 4014 μεταλαμϐάνει
860 3942 1067 4012 τροφῆς
1104 3940 1452 4013 ἐπουρανίου,
1500 3936 1619 3993 εἶτα
1661 3943 1720 3994 ἐν
1769 3942 1849 4011 τῷ

269 4035 478 4106 μεταξὺ
515 4033 859 4099 ὐποστέλλει,
892 4034 988 4089 καὶ
1007 4034 1181 4098 οὐδεὶς
1208 4032 1359 4103 αὑτῷ
1390 4032 1607 4087 δίδωσιν
1632 4033 1843 4104 ἐμπλη-

266 4128 479 4197 σθῆναι.

338 4310 423 4364 Η’.
466 4306 800 4376 Ἐρώτησις.
846 4305 953 4360 Διὰ
1006 4304 1066 4359 τι
1094 4307 1168 4360 οὐ
1204 4303 1455 4358 δίδωσιν
1493 4300 1814 4374 ἐμπλησθῆ

265 4415 706 4559 ναξλπόκρισις.
751 4486 1073 4541 Ἐπίσταται
1119 4488 1149 4541 6
1191 4487 1399 4557 Κύριος
1426 4485 1526 4557 τὴν
1558 4484 1847 4539 ἀσθένειαν

1953 3316 2173 3375 gustare
2222 3307 2532 3369 veritatem,
2584 3307 2751 3362 edere
2808 3324 2873 3363 ae
2925 3308 3117 3365 bibere
3164 3310 3232 3366 de
3271 3313 3526 3378 veritate,

1952 3397 2118 3453 edere
2168 3414 2233 3453 ac
2274 3399 2467 3454 bibere
2530 3399 2759 3468 insuper
2789 3416 2888 3469 pro
2923 3400 3136 3455 viribus
3167 3410 3225 3456 et
3252 3401 3531 3459 facultate.

1952 3488 2426 3554 Quemadmodum
2461 3490 2507 3544 si
2541 3490 2667 3560 quis
2696 3491 2769 3543 sit
2800 3486 2944 3554 fons,
2975 3499 3031 3544 et
3057 3492 3184 3561 quis
3216 3493 3534 3551 sitibundus

1954 3576 2068 3631 illic
2089 3592 2155 3631 ex
2187 3593 2254 3632 eo
2289 3578 2514 3647 incipiat
2541 3579 2771 3643 bibere;
2813 3579 3014 3634 deinde
3049 3581 3194 3634 inter
3229 3582 3533 3639 bibendum

1954 3664 2238 3718 abstrahat
2282 3681 2409 3719 eum
2456 3667 2750 3742 quispiam,
2808 3683 2911 3722 nec
2972 3670 3240 3725 concedat
3293 3671 3531 3742 impleri,

1955 3767 2221 3824 quantum
2276 3758 2449 3811 velit:
2508 3767 2700 3827 postea
2760 3760 3148 3816 vehementius
3209 3762 3530 3830 inardescit,

1956 3854 2117 3915 gustu
2171 3862 2327 3916 aqua:
2377 3856 2658 3918 percepto,
2710 3859 2766 3903 et
2821 3850 3106 3905 ardentius
3146 3861 3370 3923 exoptat
3407 3872 3421 3907 :
3452 3844 3533 3910 sic

1955 3952 2173 4005 quoque
2220 3938 2275 3991 in
2335 3952 2395 3992 re
2452 3940 2728 4008 Spirituali
2786 3956 2876 3995 res
2922 3956 2981 3996 se
3032 3942 3221 4004 habet.
3276 3945 3531 4015 degustat

1955 4025 2223 4095 quispiam
2269 4035 2325 4081 et
2367 4029 2642 4097 particeps
2690 4016 2888 4085 ﬁtkcibi
2934 4031 3197 4096 caelestis,
3226 4041 3342 4087 tum
3384 4035 3532 4091 inter

1956 4116 2285 4185 gustandum
2353 4117 2719 4186 subtrahitur,
2773 4122 3070 4191 nullusque
3125 4121 3219 4177 dat
3246 4124 3299 4179 ei
3330 4133 3393 4180 ut
3443 4142 3530 4181 sa-

1959 4209 2148 4263 tietur.

2060 4301 2195 4357 VIII.
2232 4300 2609 4373 Interrogatio.
2658 4300 3014 4368 Quamobrem
3064 4305 3277 4375 impleri
3315 4323 3419 4362 non

1953 4389 2253 4441 conceditur
2270 4390 2297 4442 1'

2028 4481 2184 4550 105
2226 4481 2530 4552 Responsio.
2580 4482 2743 4539 Novit
2787 4485 3052 4541 Dominus
3093 4483 3525 4545 imbecillitatem

262 4582 358 4635 τοῦ
404 4580 721 4646 ἀνθρώπου,
756 4580 839 4632 ὅτι
884 4578 1095 4649 ταχέως
1126 4577 1511 4648 ὑπεραίριται,
1557 4575 1645 4629 διά
1687 4574 1845 4628 τοῦτο
1870 4563 1953 4626 1)]

1835 4594 1845 4626 δ
1870 4563 1923 4623 1)
1949 4572 2209 4640 hominis,
2226 4573 2373 4643 quod
2396 4574 2557 4631 facile
2577 4577 2905 4642 extollatur;
2935 4587 3225 4647 propterea
3249 4581 3526 4638 subtrahit

265 4672 607 4737 ὺποστέλλει,
642 4672 737 4724 καὶ
781 4672 1105 4744 παραχωρεῖ
1150 4668 1534 4746 γυμνασθῆναι
1577 4669 1670 4721 καὶ
1720 4667 1843 4737 βλη-

263 4766 431 4832 θῆναι
458 4763 551 4815 τὸν
580 4761 887 4833 ἄνθρωπον.
920 4762 984 4815 Et
1019 4760 1131 4834 γάρ
1177 4760 1374 4831 μικρὸν
1407 4759 1725 4831 λαμϐάνεις,
1751 4761 1846 4811 καὶ

261 4853 442 4914 οὐδείς
464 4867 525 4903 σε
560 4849 842 4920 βαστάζει,
874 4848 1011 4903 ἀλλά
1056 4848 1346 4917 τυφοῢσαι,
1386 4848 1539 4919 πόσῳ
1571 4848 1770 4918 μᾶλλον
1798 4849 1847 4901 εί

264 4943 359 5011 ὑφ’
393 4941 455 4993 ἓν
505 4939 589 4993 σοί
639 4956 724 5004 τις
756 4938 929 4992 ἐδίδου
977 4937 1386 5009 ἐμπλησθῆναι,
1421 4936 1521 4990 οὐκ
1544 4936 1610 4991 ἄν
1637 4954 1697 4989 σε
1724 4935 1847 5003 ἐφε-

264 5022 397 5106 ρεν;
428 5031 573 5085 Ἀλλ’
607 5031 764 5094 εἰδὼς
794 5030 823 5083 6
852 5028 985 5093 Θεὸς
1008 5029 1106 5101 τὴν
1134 5028 1448 5094 ἀσθένειαν,
1481 5030 1757 5098 οἰκονομεῖ
1787 5044 1846 5080 σε

260 5127 344 5187 εἰς
391 5122 623 5192 θλίψεις,
673 5121 764 5175 ῖνα
811 5119 1069 5183 ταπεινὸς
1116 5118 1275 5191 γένῃ,
1309 5119 1406 5173 καὶ
1437 5118 1847 5187 σπουδαιότερος

260 5215 355 5269 τοῦ
391 5213 674 5284 ἐπιζητεῖν
702 5214 794 5267 τὸν
818 5213 975 5269 Θεόν.
1003 5211 1116 5266 Καὶ
1146 5213 1256 5281 γὰρ
1294 5210 1438 5265 κατά
1463 5210 1669 5279 κόσμον
1700 5226 1845 5263 πτω-

266 5309 353 5380 χός
402 5324 488 5371 τις
537 5304 715 5377 εὑρὼν
765 5305 1053 5376 βαλάντιον
1108 5302 1367 5374 χρυσοῦν,
1421 5302 1530 5356 ἀπὸ
1574 5302 1842 5373 ἐλαφρίας

266 5398 468 5470 ἤρξατο
488 5397 810 5469 κηρύσσειν,
838 5392 1251 5464 Εὖρον,εὗρον
1268 5394 1626 5460 βαλάντιον,
1656 5394 1843 5448 πλού-

258 5490 399 5550 σιός
440 5488 579 5555 εἰμι.
607 5485 743 5539 Τότε
775 5488 840 5538 ἐκ
879 5484 981 5554 τῆς
1010 5486 1200 5555 φήμης
1227 5483 1462 5553 ἤκουσεν
1489 5483 1517 5535 6
1546 5481 1838 5547 ἀπολέσας,

262 5578 360 5631 καὶ
403 5577 597 5631 ἐλαϐεν
644 5577 799 5632 αὐτό.
841 5577 1033 5640 Ἀλλος
1087 5576 1342 5640 πλούσιος
1386 5575 1688 5646 ἀπενοήθη,
1746 5577 1835 5630 καὶ

337 5748 382 5780 ⁷³
421 5748 557 5805 Gen.
589 5766 667 5813 ιιι,
697 5749 743 5803 5.

1946 4674 2002 4720 et
2040 4666 2310 4735 permittit
2336 4668 2581 4722 exerceri
2621 4678 2677 4723 et
2705 4669 2900 4740 jactari
2944 4669 3243 4727 hominem.
3284 4673 3342 4729 Si
3375 4679 3524 4732 enim

1946 4758 2221 4812 modicum
2256 4758 2493 4828 accipias
2513 4798 2527 4824 ,
2560 4774 2661 4814 nec
2696 4761 2822 4829 quis
2858 4769 2909 4815 te
2937 4762 3171 4817 tolerare
3196 4766 3394 4833 possit,
3426 4769 3525 4823 sed

1944 4849 2286 4914 intumescis,
2342 4856 2549 4917 quanto
2576 4850 2748 4920 magis
2768 4890 2784 4914 ,
2815 4850 2861 4905 si
2892 4850 3018 4920 quis
3045 4867 3156 4906 uno
3190 4852 3390 4909 haustu
3422 4857 3522 4912 tibi

1944 4940 2276 4995 concederet
2294 4940 2621 5005 exsaturari,
2645 4955 2806 4994 nemo
2832 4948 2885 4995 te
2910 4939 3125 4996 ferret?
3152 4941 3317 5013 Atqui
3352 4944 3519 5014 Deus,

1942 5040 2232 5101 perspecta
2258 5030 2634 5085 imbecillitate
2660 5039 2772 5095 tua,
2809 5045 2877 5085 ex
2901 5030 3307 5101 dispensatione
3333 5036 3523 5107 singu-

1943 5123 2047 5177 lari
2081 5122 2307 5192 exponit
2339 5131 2392 5179 te
2417 5123 2828 5189 amictionibus,
2867 5133 2928 5178 ut
2962 5124 3223 5179 humilior
3251 5126 3521 5195 reddaris,

1945 5229 2010 5268 ac
2044 5214 2346 5268 studiosior
2376 5214 2695 5284 inquirendi
2724 5215 2842 5269 Dei.
2866 5214 3015 5269 More
3041 5216 3187 5269 enim
3226 5216 3282 5271 in
3316 5220 3523 5274 mundo

1946 5315 2170 5375 recepto
2202 5305 2489 5361 mendicus
2524 5306 2745 5376 quidam
2774 5346 2788 5370 ,
2826 5306 3052 5361 invento
3084 5309 3364 5378 marsupio
3401 5312 3521 5366 auri

1945 5396 2131 5465 pleno,
2157 5410 2269 5464 pra;
2296 5394 2516 5449 levitate
2542 5394 2736 5464 incipit
2756 5394 3043 5449 vociferari
3069 5412 3082 5448 :
3113 5394 3316 5462 Inveni,
3346 5399 3523 5455 inveni

1944 5486 2295 5555 marsupium,
2328 5485 2467 5539 dives
2493 5502 2631 5539 sum.
2662 5485 2800 5539 Tum
2829 5500 2897 5540 ex
2919 5499 3138 5540 rumore
3164 5486 3395 5552 audivit,
3424 5490 3520 5557 qui

1944 5577 2296 5646 perdiderat,
2332 5591 2396 5633 ac
2428 5578 2640 5648 recepit
2685 5576 2842 5633 illud.
2890 5576 3047 5633 Alius
3075 5578 3229 5633 dives
3260 5580 3521 5649 superbia
