4282 6364
786 388 894 455 699

2055 380 2115 439 S.
2158 375 2477 439 MACARII
2517 371 2841 433 AGYPTII

3939 363 4050 425 700

785 503 1020 578 quadam
1047 500 1214 555 animi
1233 499 1428 563 elatus,
1447 497 1688 552 calcibus
1708 504 1893 567 petere
1923 494 2111 563 coepit,
2139 504 2361 545 omnes—
2391 495 2438 548 Α

2396 495 2438 548 Α
2466 486 2816 545 ἀπελάκτισε,
2850 480 2944 532 καί
2974 477 3177 549 ἤρξατο
3206 476 3414 540 πάντας
3443 475 3714 546 ὐδρίξειν,
3745 476 3841 530 καὶ
3874 476 4053 544 ὐπερ-

788 612 896 668 que
932 593 1260 650 contumelia
1286 590 1499 646 allicere
1517 632 1531 651 ,
1558 598 1615 643 et
1639 603 1805 657 super
1843 585 2105 655 quosdam
2134 580 2322 638 eﬂ'erri
2346 597 2360 646 ;

788 702 899 756 quo
920 685 1106 740 audito
1129 698 1221 738 rex
1246 683 1367 752 ejus
1396 679 1697 750 publicavit
1729 678 1870 731 bona
1896 692 1910 728 :
1942 676 2021 730 sic
2060 690 2117 729 se
2151 689 2241 727 res
2271 673 2366 726 ha-

790 779 886 834 bet
919 778 971 831 in
1013 793 1073 830 re
1104 773 1399 845 spirituali.
1460 772 1748 827 Paululum
1782 770 1983 840 quielis
2018 767 2111 821 ubi
2138 763 2362 835 quidam

791 868 1152 939 degustarint,
1193 863 1581 919 administrare
1612 862 1667 915 id
1693 860 1968 923 nesciunt,
2005 857 2099 912 sed
2128 855 2365 926 perdunt

791 962 845 1016 id
874 973 1091 1030 quoque
1120 957 1268 1027 quod
1297 962 1650 1024 acceperunt.
1687 954 1885 1007 Tentat
1924 952 2072 1005 enim
2107 966 2202 1005 eos
2238 964 2367 1019 pec-

790 1064 997 1115 catum,
1033 1060 1088 1105 et
1114 1057 1349 1103 occaacat
1377 1047 1597 1100 illorum
1625 1053 1887 1099 mentem.

861 1143 954 1199 1X.
985 1141 1359 1211 Interrogatio.
1402 1138 1528 1192 Post
1552 1137 1907 1191 visitationem
1931 1135 2116 1205 gratia:
2146 1132 2364 1201 factam,

791 1250 894 1305 quo
924 1243 1076 1304 pacto
1111 1230 1360 1285 labuntur
1390 1225 1635 1281 nonnulli
1663 1225 1687 1278 2
1725 1225 1911 1279 Nonne
1936 1222 2166 1277 Satanas
2195 1222 2369 1274 mani-

794 1331 921 1399 feste
947 1328 1094 1396 longe
1117 1323 1425 1378 imbecillior
1451 1329 1526 1375 est
1552 1320 1577 1374 ?
1605 1337 1731 1374 nam
1759 1319 1844 1371 ubi
1868 1318 1997 1380 dies,
2026 1334 2132 1387 qua
2162 1316 2369 1368 ratione

793 1425 957 1487 potest
985 1432 1087 1468 nos:
1115 1416 1261 1469 esse?

864 1508 1168 1577 Responsio.
1214 1506 1329 1560 Non
1350 1504 1497 1574 quod
1515 1502 1894 1571 exstinguatur
1921 1498 2117 1569 gratia,
2143 1505 2238 1551 aut
2266 1496 2368 1549 im-

796 1600 1046 1654 becillior
1071 1598 1355 1659 reddatur,
1412 1595 1507 1648 sed
1537 1603 1597 1647 ut
1630 1594 1864 1647 liberum
1895 1590 2182 1645 arbitrium
2214 1597 2369 1641 tuum

796 1705 861 1743 ac
887 1689 1115 1742 libertas
1140 1687 1425 1756 probetur,
1462 1700 1571 1752 quo
1599 1692 1807 1752 vergat.
1840 1680 2109 1749 permittit
2134 1687 2186 1731 te
2218 1676 2373 1729 mali-

798 1779 889 1833 tia:
923 1796 935 1831 :
972 1790 1137 1847 tuque
1170 1792 1363 1830 rursus
1387 1777 1670 1829 voluntate
1712 1771 2155 1841 appropinquans
2188 1766 2366 1821 Domi-

796 1883 899 1927 no,
942 1865 1287 1927 admoneris,
1316 1872 1378 1917 ut
1418 1863 1626 1916 revisas
1665 1862 1916 1931 gratiam.
1964 1859 2033 1912 At
2065 1872 2173 1926 quo
2213 1864 2370 1925 pacto

797 1958 1061 2027 scriptum
1099 1965 1183 2011 est
1220 1972 1231 2007 ε
1269 1954 1526 2024 Spiritum
1568 1968 1630 2005 ne
1664 1952 2011 2020 exstinguatis
2049 1951 2094 1980 "
2130 1967 2141 2000 :
2178 1951 2219 2001 si
2257 1947 2373 2015 ipse

799 2045 1259 2117 inexstinguibilis
1275 2053 1424 2099 estet
1440 2042 1694 2097 lucidus?
1722 2042 1802 2095 Tu
1836 2057 1968 2095 vero
1983 2040 2261 2093 voluntate
2281 2048 2375 2091 tua

797 2142 1096 2211 negligens,
1127 2147 1183 2192 et
1213 2153 1323 2191 non
1346 2134 1713 2193 consentiens.
1740 2132 2106 2201 exstingueris
2141 2146 2169 2183 a
2198 2129 2375 2198 Spiri-

799 2242 880 2287 tu.
926 2232 1130 2286 Eodem
1181 2228 1345 2282 modo
1391 2226 1527 2281 dicit
1567 2244 1580 2279 :
1618 2225 1697 2280 Ne
1745 2224 2062 2277 rontristetis
2118 2220 2375 2291 Spiritum

795 2329 1057 2385 sanctum,
1086 2336 1181 2391 per
1209 2335 1360 2389 quem
1385 2317 1647 2388 obsignati
1676 2318 1795 2369 estis
1824 2318 1879 2369 in
1903 2317 2039 2368 diem
2059 2314 2376 2381 redemptio-

799 2411 881 2463 nis
915 2409 983 2461 ".
1017 2408 1182 2461 Vides
1210 2407 1265 2460 in
1296 2414 1389 2460 tua
1428 2407 1709 2459 voluntate
1742 2404 1907 2458 situm
1937 2419 2058 2457 esse
2083 2443 2097 2465 ,
2129 2410 2185 2456 et
2220 2402 2273 2455 in
2308 2400 2377 2453 li-

798 2499 933 2555 bero
962 2499 1192 2553 arbitrio
1223 2505 1348 2559 tuo,
1382 2506 1443 2550 ut
1478 2496 1689 2550 honore
1725 2495 1927 2550 aﬂicias
1960 2495 2225 2565 Spiritum
2252 2509 2379 2548 san-

799 2600 947 2646 ctum
969 2632 982 2655 ,
1015 2598 1071 2643 et
1099 2606 1207 2643 non
1243 2588 1557 2643 contristes.
1600 2588 1712 2658 Ego
1740 2604 1873 2642 vero
1919 2588 2018 2641 tibi
2050 2587 2207 2649 dico,
2249 2602 2377 2655 per-

798 2678 960 2733 fectis
984 2691 1203 2747 quoque
1229 2675 1553 2731 Christianis
1573 2714 1587 2739 ,
1617 2683 1675 2728 et
1721 2675 1945 2743 quidem
2009 2673 2297 2742 captivatis
2325 2684 2380 2727 et

801 2770 1089 2825 inebriatis
1118 2782 1307 2821 amore
1332 2781 1459 2836 erga
1493 2766 1722 2828 bonum,
1748 2766 1932 2819 inesse
1965 2764 2201 2818 liberum
2236 2764 2381 2818 arbi-

800 2862 991 2921 trium.
1022 2860 1168 2914 unde
1207 2857 1436 2914 inﬁnitis
1465 2858 1624 2912 malis
1642 2856 1961 2921 examinati,
1986 2863 2383 2911 convertuntur

801 2952 871 3007 ad
902 2951 1127 3007 bonum.

870 3055 938 3110 X.
980 3053 1217 3108 Perinde
1247 3067 1313 3107 ac
1343 3052 1388 3107 si
1426 3052 1536 3106 sint
1566 3051 1831 3121 primates
1867 3051 2091 3120 quidam
2118 3092 2133 3116 ,
2181 3050 2381 3105 divites

2470 573 2722 643 αίρεσθαί
2755 588 2941 634 τινων,
2996 570 3120 622 ὅθεν
3176 568 3418 631 ἀκούσας
3448 567 3479 618 ὁ
3511 567 3768 637 βασιλεὺς
3809 567 4052 636 ἐδήμευ-

2471 682 2562 718 σεν
2590 662 2756 718 αὐτοῦ
2788 663 2854 715 τά
2888 661 3205 730 ὑπάρχοντα
3225 676 3238 690 ·
3274 659 3447 721 οὕτως
3476 660 3573 711 καί
3602 660 3682 721 εἰς
3704 658 3769 709 τὸ
3796 674 4056 725 πνευμα-

2467 756 2618 811 τικόν
2661 769 2675 782 ⁸
2738 754 2939 823 μικρᾶς
2991 750 3354 812 ἀναπαύσεως
3405 750 3501 801 ὲάν
3538 748 3845 816 γεύσωνται
3881 763 4054 809 τινες,

2467 848 2569 902 οὐκ
2600 846 2771 899 οἴδασι
2800 844 3096 912 διοικῆσαι,
3128 843 3245 895 ἀλλ’
3276 840 3542 894 ἀπολοῦσι
3570 840 3666 891 καὶ
3693 838 3847 901 αὐτὸ,
3873 839 3904 890 δ
3929 838 4058 890 ἕλα-

2469 940 2583 993 6ον.
2618 937 2875 1009 Πειράζει
2908 936 3018 1006 γὰρ
3052 934 3249 996 αὐτοὺς
3290 934 3327 1003 ἡ
3374 931 3641 1002 ἁμαρτία,
3682 930 3779 983 καὶ
3808 929 4060 992 σκοτίζες

2470 1029 2653 1084 αὐτῶν
2686 1028 2777 1081 τὸν
2812 1025 2960 1080 νοῦν.

2540 1115 2616 1169 8’.
2660 1115 2994 1183 Ἐρώτησις.
3027 1111 3190 1168 Μετὰ
3220 1110 3289 1165 τὸ
3310 1109 3641 1177 ἐπίσκεψιν
3665 1107 3777 1178 τῆς
3807 1107 4058 1178 χάριτος

2471 1210 2772 1277 γενέσθαι.
2815 1206 2942 1273 πῶς
2981 1204 3279 1259 πίπτουσί
3299 1218 3496 1269 τινες;
3526 1203 3673 1270 Οὐχί
3704 1205 3738 1255 δ
3777 1197 4061 1264 Σατανᾶς

2470 1298 2907 1363 ἀσθενέστερος
2957 1296 3387 1352 ἀποδείκνυται
3445 1293 3646 1359 πολύ;
3686 1293 3876 1346 Ὅπου
3942 1290 4061 1361 τὰρ

2470 1390 2680 1459 ἡμέρα,
2713 1388 2840 1454 πῶς
2864 1388 3113 1443 δύναται
3146 1386 3264 1449 νὺξ
3296 1380 3487 1442 sli-at:

2556 1480 2905 1547 Ἀπόκρισις.
2956 1479 3067 1547 Οὐχ
3117 1479 3198 1531 ὅτι
3224 1478 3257 1546 ἡ
3295 1477 3452 1546 χάρις
3481 1475 3788 1536 σ6έννυται,
3823 1474 3856 1543 ἢ
3888 1471 4058 1525 ἀσθε-

2473 1574 2572 1635 νεῖ,
2609 1570 2723 1623 ἀλλ’
2772 1572 2857 1623 ἵνα
2892 1571 2953 1621 τὸ
3020 1568 3369 1633 αὐτεξούσιόν
3416 1585 3533 1630 σου,
3582 1566 3678 1619 καὶ
3706 1569 3738 1633 ή
3772 1564 4061 1633 ἐλευθερία

2473 1662 2798 1731 δοκιμασθῇ,
2848 1660 2952 1713 ποῦ
3000 1660 3176 1729 ῥέπει,
3228 1660 3549 1729 παραχωρεῖ
3592 1660 3659 1727 τῇ
3702 1657 3905 1725 κακίᾳ·
3962 1657 4062 1708 καὶ

2477 1753 2637 1806 πάλιν
2670 1752 2734 1803 σὺ
2768 1750 2847 1820 τῷ
2889 1750 3154 1818 θελήματι
3185 1749 3561 1818 προσεγγίζων
3588 1747 3668 1818 τῷ
3698 1745 3886 1816 Κυρίῳ
3916 1762 4062 1815 προσ

2396 1823 2444 1881 Β
2476 1846 2650 1913 τρέπῃ
2694 1842 2787 1895 τοῦ
2839 1840 3239 1909 ἐπισκέψασθαι
3280 1856 3340 1892 σε
3371 1840 3468 1909 τὴν
3514 1840 3698 1910 χάριν.
3750 1838 3903 1890 Ἐπεὶ
3938 1836 4061 1897 πῶς

2474 1933 2808 2005 γέγραπται,
2869 1933 2939 1987 Τὸ
3001 1932 3246 2001 Πνεῦμα
3299 1932 3385 2000 μὴ
3444 1932 3757 1992 σϐέννυτε,
3782 1931 3831 1982 εἰ
3877 1930 4064 1982 έκεῖνο

2474 2024 2736 2079 ἀσὸεστόν
2760 2026 2899 2088 ἐστι,
2931 2024 3027 2077 καὶ
3055 2022 3314 2092 φωτεινόν
3340 2038 3354 2085 ;
3383 2021 3550 2075 Ἀλλά
3578 2022 3641 2075 σὺ
3676 2020 3753 2091 τῷ
3785 2020 3863 2091 σῷ
3892 2019 4060 2090 θελή-

2479 2133 2609 2185 ματι
2650 2115 2889 2186 ἀμελῶν,
2922 2114 3017 2168 καί⁸
3063 2113 3137 2185 μὴ
3167 2113 3477 2184 συμφωνῶν
3510 2113 3953 2167 κατασθέννυσαι
3992 2114 4061 2165 ὲκ

2475 2206 2572 2260 τοῦ
2609 2206 2950 2277 Πνεύματος.
3016 2206 3252 2276 Ὁμοίως
3304 2205 3495 2273 λέγει,
3554 2203 3649 2272 Μὴ
3689 2202 3945 2257 λυπεῖτε
3991 2202 4061 2255 τὸ

2476 2299 2717 2368 Πνεῦμα
2742 2299 2807 2352 τὸ
2841 2298 3029 2367 ἅγιον,
3059 2300 3129 2352 ἐν
3152 2292 3201 2365 ᾧ
3226 2299 3666 2367 ἐσφραγίσθητε
3704 2298 3791 2362 εἰς
3827 2294 4061 2364 ἡμέραν

2477 2388 2970 2455 ἀπολυτρώσεως.
3018 2388 3183 2458 Ὁρᾷς
3213 2388 3299 2441 ὅτε
3330 2389 3387 2440 ὲν
3416 2386 3493 2457 τῷ
3526 2387 3791 2456 θελήματι
3817 2403 3914 2437 σου
3945 2386 4061 2437 κεῖ-

2478 2494 2589 2541 ται,
2626 2478 2720 2529 καὶ
2765 2480 2823 2530 ὲν
2879 2482 2944 2548 τῇ
2986 2479 3426 2548 αὐτεξουσιότητί
3466 2495 3581 2543 σου,
3624 2477 3685 2530 τὺ
3724 2476 3959 2546 τιμῆσαι
4002 2476 4065 2527 τὸ

2480 2570 2704 2641 Πνεῦμα
2752 2571 2813 2623 τδ
2870 2573 3048 2638 ἅγιον,
3092 2573 3185 2624 καὶ
3239 2572 3314 2642 μὴ
3356 2571 3618 2640 λυπῆσαι.
3680 2569 3825 2638 Ἐγὼ
3867 2570 3926 2622 δέ
3980 2584 4065 2621 σοι

2480 2662 2641 2730 λέγω,
2683 2664 2765 2715 ὅτι
2810 2663 3047 2726 καὶτοῖς
3095 2662 3323 2727 τελείοις
3363 2664 3707 2733 Χριστιανοῖς
3738 2664 3851 2723 τοῖς
3877 2664 4066 2733 ᾐχμα-

2480 2754 2858 2823 λωτισμένοις,
2950 2755 3045 2808 καὶ
3112 2755 3553 2825 μεμεθυσμένοις
3610 2756 3691 2817 εἰς
3723 2754 3784 2807 τὺ
3834 2753 4065 2822 ἀγαθὸν,

2484 2846 2701 2899 σύνεστι
2732 2845 2794 2899 τὸ
2836 2845 3204 2911 αὐτεξούσιον,
3234 2846 3357 2899 ὅθεν
3390 2848 3609 2915 μυρίοις
3652 2849 3844 2909 κακοῖς
3874 2845 4064 2909 ἐξετα-

2484 2938 2706 3000 σθέντες
2737 2937 3030 3007 τρέπονται
3060 2937 3153 2990 ἐπὶ
3180 2937 3241 2989 τὸ
3263 2936 3495 3004 ἀγαθόν.

2553 3033 2612 3085 ι’.
2640 3030 2849 3101 Ὠσπερ
2877 3030 3005 3082 ὅταν
3035 3024 3139 3083 ὧσί
3172 3046 3319 3093 τινες
3361 3026 3748 3098 ἀξιωματικοὶ,
3784 3035 3880 3081 καὶ
3903 3026 4070 3081 πλού-

801 3158 865 3198 ac
909 3141 1151 3204 nobiles,
1189 3140 1284 3208 qui
1320 3139 1543 3209 propria
1567 3116 1954 3193 uoluntate-et
1994 3138 2257 3193 instinctu
2292 3154 2382 3193 re-
2408 3152 2451 3210 (ι

2408 3152 2451 3210 C
2487 3139 2613 3185 σιοι,
2670 3122 2767 3173 καὶ
2815 3122 3077 3189 εὐγενεῖς,
3137 3123 3233 3175 καὶ
3290 3116 3438 3175 οὗτοι
3499 3121 3613 3189 ἰδίῳ
3662 3120 3929 3192 θελήματι
3975 3122 4071 3176 καὶ

801 3232 1053 3299 linquant
1072 3229 1293 3283 divitias
1316 3238 1373 3283 et
1399 3229 1743 3283 nobilitatem
1775 3244 1929 3282 suam
1969 3244 2034 3282 ac
2066 3228 2378 3299 dignitates,

801 3331 859 3377 et
888 3322 1125 3386 abeant,
1157 3336 1221 3375 ac
1250 3320 1482 3374 induant
1519 3320 1741 3374 sordida
1771 3329 1827 3373 et
1856 3320 1985 3374 vilia
2015 3321 2344 3374 vestimenta
2364 3362 2379 3386 ,

802 3424 858 3470 et
886 3413 1241 3484 ignominiam
1275 3428 1375 3483 pro
1403 3414 1574 3482 gloria
1596 3454 1609 3473 ,
1656 3414 1874 3482 sintque
1918 3413 2107 3466 miseri
2141 3421 2197 3467 et
2236 3413 2385 3484 abje-

803 3505 912 3569 cti;
976 3505 1080 3558 hoc
1118 3504 1283 3557 situm
1312 3514 1398 3557 est
1447 3506 1500 3555 in
1551 3519 1743 3557 eorum
1795 3504 2019 3572 propria
2078 3504 2381 3557 voluntate.

803 3595 919 3666 Ego
963 3611 1093 3650 vero
1132 3596 1230 3649 tibi
1266 3595 1412 3658 dico,
1440 3594 1587 3663 quod
1634 3595 1781 3664 ipsos
1811 3609 2032 3664 quoque
2083 3596 2380 3663 apostolos,

802 3689 891 3743 vel
913 3697 1320 3743 consummatos
1355 3688 1409 3741 in
1437 3687 1611 3757 gratia
1633 3728 1648 3751 ,
1682 3702 1791 3740 non
1820 3687 2163 3755 prohibuerit
2186 3688 2380 3755 gratia,

799 3792 914 3846 quo
950 3778 1159 3840 minus,
1188 3791 1311 3845 qua:
1357 3776 1592 3839 vellent,
1625 3774 1990 3845 perﬁcerent:
2032 3775 2245 3828 etiamsi
2283 3790 2381 3827 vo-

802 3867 1034 3922 luissent
1065 3866 1191 3937 ipsi,
1222 3882 1305 3930 ea,
1338 3882 1458 3935 quat
1480 3866 1848 3935 displicebant
1871 3869 2079 3936 gratim.
2103 3882 2380 3935 peragere.

801 3959 1007 4015 Natura
1060 3959 1208 4011 enim
1261 3964 1446 4010 nostra
1496 3972 1665 4025 capax
1718 3965 1843 4019 est,
1906 3965 2020 4009 tum
2077 3957 2204 4011 boni
2269 3966 2381 4009 tum

803 4051 932 4105 mali
965 4067 978 4103 :
1015 4065 1079 4105 ac
1111 4059 1351 4119 potestas
1395 4049 1709 4103 adversaria
1745 4050 2097 4113 exhortandi,
2138 4067 2248 4104 non
2293 4067 2385 4104 co-

802 4142 963 4213 gendi
991 4142 1103 4195 vim
1142 4141 1348 4195 habet:
1386 4140 1566 4210 quoad
1609 4150 1807 4195 czetera
1839 4153 1899 4194 tu
1941 4141 2110 4195 habes
2149 4142 2383 4195 liberum

802 4232 1092 4287 arbitrium
1152 4231 1416 4300 vergendi
1477 4246 1830 4300 quocunque‘
1868 4231 2130 4285 volueris.
2192 4232 2383 4285 Nonne

801 4319 1118 4390 pcrpendis,
1141 4318 1359 4372 Petrum
1395 4319 1553 4387 fuisse
1575 4321 1946 4388 reprehensum
1970 4320 2038 4385 ⁷⁸,
2070 4331 2124 4374 et
2152 4322 2383 4375 Paulum

798 4412 1091 4465 abeuntem
1121 4410 1367 4480 arguisse
1398 4410 1552 4463 illum
1582 4428 1596 4475 ;
1631 4410 1748 4479 qui,
1770 4413 2023 4479 quamvis
2057 4414 2179 4467 talis
2211 4421 2379 4475 esset,

798 4502 980 4555 adhuc
1008 4500 1456 4570 reprehensibilis
1480 4501 1637 4555 erat?
1665 4502 1869 4557 Paulus
1891 4518 2131 4573 quoque,
2152 4504 2244 4573 qui
2264 4513 2383 4558 erat
2418 4481 2458 4534 θ

799 4590 1121 4662 spiritualis,
1140 4589 1361 4659 propria
1382 4591 1669 4645 voluntate
1692 4590 2121 4660 disputationem
2146 4594 2388 4663 suscepit

798 4699 922 4738 cum
940 4683 1010 4735 Ba
1020 4681 1211 4745 rnaba,
1229 4690 1314 4735 et:
1340 4682 1433 4737 Ira
1455 4683 1758 4736 exacerbati
1776 4683 2125 4737 discesserunt
2145 4685 2208 4737 ab
2229 4685 2389 4753 106

798 4779 1018 4832 invicem
1049 4776 1117 4828 ".
1143 4776 1331 4846 Itaque
1374 4777 1558 4846 inquit
1600 4777 1743 4831 idem
1775 4795 1786 4830 :
1829 4777 1924 4831 Vos
1957 4780 2048 4848 qui
2083 4778 2389 4848 spirituales

800 4868 959 4930 estis,
1011 4866 1312 4918 instaurate
1361 4865 1661 4935 hujusmodi
1713 4868 1906 4935 spiritu
1967 4869 2388 4927 mansuetudinis

801 4955 1137 5008 considerem
1172 4954 1535 5023 temetipsum,
1590 4971 1652 5007 ne
1676 4962 1726 5007 et
1764 4965 1819 5007 tu
1871 4957 2083 5009 tenteris
2125 4957 2188 5009 "'.
2237 4956 2377 5010 Ecce

802 5045 1117 5115 spirituales
1146 5052 1449 5111 tentantur,
1475 5046 1601 5115 quia
1620 5055 1871 5115 superest
1886 5046 2065 5100 adhuc
2083 5046 2376 5100 arbitrium

802 5132 1070 5197 liberum;
1111 5138 1168 5185 et
1208 5131 1397 5185 hostes
1441 5132 1669 5197 instant,
1697 5132 1945 5202 quandiu
1987 5142 2279 5188 versantur
2320 5134 2375 5187 in

802 5221 909 5277 hoc
939 5222 1164 5276 saeculo.

872 5311 962 5365 XI.
1003 5311 1377 5383 Interrogatio.
1416 5312 1532 5367 Non
1584 5325 1829 5384 paterant
1872 5330 2086 5383 peccare
2118 5315 2373 5383 apostoli,

2485 3213 2802 3283 προαιρέσει
2835 3214 3178 3267 καταλίπωσι
3240 3215 3332 3267 τὸν
3367 3214 3617 3277 πλοῦτον,
3645 3215 3741 3267 καὶ
3768 3214 3867 3285 τὴν
3905 3215 4071 3284 εὐγέ-

2484 3321 2633 3356 νειαν
2673 3304 2873 3369 αὐτῶν,
2908 3307 3010 3359 ,καὶ
3057 3305 3126 3358 τὰ
3172 3305 3483 3374 ἀξιώματα,
3527 3305 3622 3359 καὶ
3652 3306 3933 3359 ἀπέλθωσι
3973 3307 4071 3360 καὶ

2483 3395 2809 3448 ὲνδύσωνται
2840 3398 3061 3466 ῥυπαρά
3093 3397 3188 3449 καὶ
3221 3399 3457 3467 πενιχρὰ
3482 3398 3781 3467 ἐνδύματα,
3816 3398 3914 3450 καὶ
3947 3398 4071 3450 ἀτι-

2488 3486 2615 3555 μίαν
2643 3486 2766 3539 ἀντὶ
2794 3486 2971 3557 δόξης,
3006 3489 3101 3541 καὶ
3128 3482 3231 3543 ὦσι
3258 3489 3752 3560 ταλαιπωροῦντες,
3782 3489 3875 3541 καί
3911 3488 4069 3551 ἔξου-

2484 3580 2812 3649 δενούμενοι,
2843 3580 3002 3634 τοῦτο
3024 3582 3443 3637 καταλέλειπται
3468 3584 3546 3653 τῷ
3576 3584 3690 3653 ἰδίῳ
3710 3584 3889 3637 αὐτῶν
3910 3584 4072 3652 θελήο

2487 3688 2636 3738 ματι.
2658 3671 2799 3741 Ἐγὼ
2822 3673 2878 3725 δέ
2902 3690 2985 3725 σοι
3009 3674 3172 3741 λέγω,
3197 3676 3277 3729 ὅτι
3300 3676 3394 3728 καὶ
3422 3675 3548 3736 τοὺς
3580 3675 3913 3737 ἀποστόλους
3944 3676 4072 3738 τοὺς

2482 3763 2937 3831 τετελειωμένους
2968 3768 3027 3817 ὲν
3054 3768 3119 3835 τῇ
3144 3766 3348 3835 χάριτι,
3377 3767 3436 3819 οὐ
3462 3767 3778 3820 κεκώλυκεν
3809 3768 3843 3836 ἠ
3882 3765 4067 3835 χάρις,

2482 3852 2517 3906 ἃ
2562 3854 2847 3907 ἐϐούλοντο
2891 3856 3119 3925 πρᾶξαι,
3159 3859 3273 3924 εῖγε
3303 3858 3497 3927 ἤθελον
3529 3859 3685 3911 αὐτοὶ
3724 3859 3950 3918 ἑκεῖνοι,
3990 3859 4063 3928 μὴ

2482 3944 2789 4013 ἀρέσκοντά
2820 3964 2942 3998 τινα
2968 3951 3035 4018 τῇ
3070 3950 3252 4018 χάριτι
3282 3950 3729 4019 διαπράττεσθαι.
3763 3951 3878 4003 Καὶ
3898 3952 4009 4019 γὰρ
4034 3951 4067 4018 ἡ

2484 4034 2645 4103 φύσις
2676 4037 2837 4105 ἡμῶν
2885 4038 3109 4108 δεκτικὴ
3151 4040 3318 4093 καλοῦ
3366 4042 3462 4094 καὶ.
3506 4041 3680 4094 κακοῦ
3726 4041 3877 4093 ἐστι’
3911 4043 4004 4093 καί
4032 4043 4066 4110 ἡ

2484 4126 2700 4178 ἐναντία
2748 4127 2977 4198 δύναμις
3030 4131 3441 4202 προτρεπτικὴ,
3498 4133 3598 4185 οὐκ
3657 4133 4063 4199 ἀναγκαστική.

2483 4216 2687 4269 Λοιπὸν
2722 4219 2786 4271 σὺ
2821 4218 2965 4288 ἔχεις
2993 4220 3054 4271 τὺ
3077 4221 3427 4286 αὐτεξούσιον
3458 4223 3640 4291 ῥέψαι,
3672 4223 3808 4275 ὅπου
3861 4222 4064 4292 βούλει.

2484 4307 2595 4376 Οὐχ
2634 4300 2801 4379 δρᾷς,
2850 4311 2932 4363 ὅτι
2991 4312 3215 4379 Πέτρος
3258 4314 3755 4381 κατεγνωσμένος
3810 4308 3911 4382 ἥν,
3971 4316 4066 4365 καὶ

2484 4398 2735 4452 ἀπελθὼν
2772 4400 2984 4465 Παῦλος
3020 4403 3247 4472 ήλεγξεν
3276 4404 3459 4470 αὐτὸν,
3487 4405 3583 4458 καὶ
3615 4405 3643 4457 ὀ
3686 4402 3929 4466 τοιοῦτος
3965 4405 4054 4457 ἀκ·

2486 4492 2592 4560 μὴν
2626 4494 3075 4561 κατεγνωσμένος
3113 4490 3221 4564 ἧνς
3266 4495 3361 4547 καὶ
3386 4497 3414 4548 ὁ
3448 4495 3657 4558 Παῦλος
3692 4496 4065 4565 πνευματικὸς

2484 4580 2580 4644 ὣν,
2615 4583 2679 4634 ὲκ
2731 4582 2829 4636 τοῦ
2885 4584 3017 4637 ἰδίου
3071 4586 3378 4656 θελήματος
3434 4588 3712 4640 διάλεκτον
3762 4587 4065 4655 ἐποιήσατο

2488 4673 2625 4739 μετὰ
2664 4673 2939 4743 Βαρνάϐα,
2964 4677 3081 4740 καὶ,
3130 4677 3620 4744 Παροξυνθέντες
3668 4677 4066 4746 ἀνεχώρησαν

2486 4761 2585 4814 ἀπ’
2624 4764 2931 4831 ἀλλήλων.
2968 4768 3081 4820 Καὶ
3111 4768 3273 4820 πάλιν
3309 4769 3337 4819 ὁ
3370 4768 3535 4831 αὐτὸς
3572 4768 3743 4837 λέγει,
3785 4750 3859 4820 "1"
3850 4768 3990 4836 μεῖς
4012 4770 4065 4821 ol

2489 4857 2877 4923 πνευματικοί
2915 4858 3286 4928 καταρτίζετε
3334 4864 3441 4913 τὸν
3486 4860 3778 4923 τοιοῦτον,
3810 4858 4065 4913 σκοπῶν

2486 4947 2765 5013 σεαυτὸν,
2802 4948 2888 5018 μὴ
2916 4950 3013 5003 καί
3052 4951 3134 5004 σὺ
3168 4950 3518 5019 πειρασθῇς.
3565 4952 3700 5005 Ἰδοὺ
3726 4952 3774 5004 οἰ
3814 4968 4060 5020 πνευμα-

2483 5039 2623 5089 τικοὶ
2653 5041 3026 5109 πειράζονται,
3055 5026 3148 5094 διὰ
3192 5042 3253 5095 τὸ
3298 5044 3641 5113 παραμένειν
3669 5041 3749 5095 ἔτι
3781 5042 3843 5094 τὸ
3873 5041 4048 5108 αὐτεξ-

2483 5128 2664 5181 ούσιον
2686 5145 2700 5159 ·
2740 5132 2834 5183 καὶ
2856 5133 2910 5201 ,οἰ
2939 5132 3124 5203 ἐχθροὶ
3169 5134 3496 5199 ἐπίκεινται,
3525 5134 3631 5197 ’ἐως
3662 5135 3785 5187 ὅτου
3837 5136 3977 5187 εἰσὶν
4007 5135 4064 5187 ἰν

2481 5220 2559 5290 τῷ
2586 5223 2739 5275 αἰῶνι
2775 5222 2965 5293 τούτῳ.

2550 5312 2653 5365 lA'.
2708 5313 3044 5381 Ἐρώτησις.
3094 5318 3217 5369 Οὐκ
3267 5314 3570 5383 ἠδύναντο
3622 5316 3988 5385 ἁμαρτάνειν
4012 5320 4063 5371 οί

802 5404 848 5456 si
874 5402 1177 5466 uoluissent,
1221 5420 1291 5456 an
1328 5419 1450 5456 vero
1493 5405 1606 5475 ipsa
1646 5404 1918 5459 voluntate
1954 5408 2221 5475 potentior
2263 5414 2380 5459 erat

2476 5400 2827 5469 ἀπόστολοι,
2852 5405 2904 5457 εί
2927 5404 3167 5472 ἤθελον,
3198 5406 3236 5475 ἢ
3265 5405 3364 5459 καί
3389 5405 3574 5461 αὐτοῦ
3600 5406 3707 5462 τοῦ
3731 5409 4064 5478 θελήματος

800 5494 979 5563 gratia
1002 5493 1027 5545 1'

878 5581 1174 5652 Responsio.
1215 5582 1449 5639 Peccare
1493 5584 1717 5653 quidem
1764 5600 1873 5639 non
1918 5594 2210 5655 poterant;
2266 5600 2377 5639 non

873 5756 918 5788 ⁷⁸
958 5757 976 5811 l
1011 5758 1201 5814 Thess.
1240 5776 1303 5824 v,
1357 5761 1440 5816 i9.

2483 5490 2846 5564 ἰσχυροτέρα
2877 5492 2957 5565 ἦν
2985 5496 3023 5561 ἠ
3056 5496 3269 5565 χάρις;

2560 5581 2916 5656 Ἀπόκρισις.
2948 5589 3313 5662 ’Δμαρτάνειν
3347 5592 3447 5662 μὲν
3480 5592 3580 5646 οὐκ
3607 5591 3870 5661 ὴδύναντο
3891 5608 3907 5625 ⁸
3939 5590 4062 5646 οὐτε

1537 5762 1579 5793 ⁷⁵
1619 5762 1822 5831 Ephes.
1869 5778 1955 5824 tv.
1992 5762 2079 5819 50.
2159 5766 2203 5796 "
2241 5764 2359 5819 Gal.
2389 5779 2446 5827 ιι,
2491 5765 2577 5819 ii.
2656 5767 2698 5797 ⁷⁷
2720 5766 2840 5820 Act.
2878 5782 2966 5830 xv,
2998 5768 3079 5820 Io‘.
3156 5769 3202 5801 "
3237 5766 3355 5823 Gal.
3386 5785 3456 5833 vt,
3487 5769 3528 5822 1.
