4282 6364
230 420 332 486 ’101

1425 426 1797 488 ΗΟΜῘΙᾸΙΕ.
1816 453 1886 463 -
1906 428 2090 490 ΗΟΜ.
2128 432 2369 493 XXVII.

3405 448 3509 512 702

233 536 345 604 γάρ
392 528 626 605 ᾑροῦντο
674 533 734 588 ἐν
790 535 931 605 φωτὶ
964 536 1116 600 ὅντες
1162 536 1258 591 καὶ
1286 536 1346 590 ἐν
1372 536 1555 607 χάριτι
1583 536 1824 609 τοιαύτῃ.
1857 537 1908 597 Α

1819 537 2076 597 ,Αοηὶηι
2127 542 2567 611 extollebantur,
2612 547 2816 617 quippe
2864 548 2959 618 qui
2999 560 3159 606 erant
3202 552 3411 611 lumine
3447 573 3510 612 ac

232 624 386 695 Πλὴν
431 626 495 678 οὺ
547 624 782 697 λέγομεν
831 628 914 680 δτι
964 629 999 697 ἡ
1050 627 1214 698 χάρις
1264 627 1323 680 ἐν
1352 628 1537 689 αὐτοῖς
1582 626 1820 697 ἠσθένει,

233 713 379 767 ἀλλά
421 714 677 785 λέγομεν,
705 717 791 770 δτι
838 721 1162 790 παραχωρεῖ
1208 720 1243 790 ὴ
1275 720 1434 789 χάρις
1464 719 1557 773 καὶ
1605 721 1716 782 τοῖς
1744 735 1826 771 τε·

233 803 406 867 λείοις
457 810 853 877 πνευματικοῖς
909 809 1055 880 ἔχειν
1097 809 1168 864 τά
1215 809 1520 880 θελήματα,
1580 809 1673 864 καὶ
1726 809 1824 879 τὴν

235 896 492 963 ἐξουσίαν
520 899 612 952 τοῦ
662 902 838 953 ποιεῖν
878 900 915 955 ἀ
946 900 1182 965 θέλουσι,
1225 902 1321 956 καὶ
1363 900 1663 971 τρέπεσθαι
1688 902 1822 954 ὅπου

238 986 549 1057 βούλονται.
579 990 692 1044 Καὶ
738 992 879 1060 αὑτὴ
910 991 965 1044 δέ
992 992 1025 1062 ἠ
1051 991 1215 1061 φύσις
1244 994 1277 1064 ἠ
1318 991 1633 1063 ἀνθρωπίνη
1662 992 1824 1045 ἀσθε-

236 1079 335 1149 νὴς
360 1075 498 1134 οὖσα
554 1080 670 1152 εχει
728 1081 1001 1150 ἐξουσίαν,
1055 1084 1153 1138 καὶ
1210 1082 1463 1147 συνόντος
1490 1083 1584 1136 τοῦ
1614 1082 1822 1152 ἀγαθοῦ

235 1170 562 1240 τρέπεσθαι.
594 1172 821 1243 Ὠσπερ
846 1173 942 1227 ἐάν
987 1168 1091 1228 ὧσί
1121 1191 1265 1237 τινες
1294 1173 1633 1244 ἐνδεδυμένοι
1686 1191 1823 1228 παν-

242 1261 468 1326 οπλίαν,
516 1262 761 1335 θώρακα,
806 1266 899 1318 καὶ¹
945 1266 1107 1333 ὅπλα,
1154 1266 1217 1320 τδ
1239 1267 1423 1321 λοιπὸν
1448 1266 1649 1321 ἐσωθέν
1687 1269 1824 1322 είσιν

236 1354 662 1426 ἡσφαλισμένοι,
691 1358 785 1411 καὶ⁵
816 1358 1000 1429 ἐχθροὶ
1031 1359 1132 1414 οὐκ
1178 1359 1504 1432 ἐπέρχονται
1532 1361 1717 1425 αὐτοῖς
1739 1377 1752 1391 ο
1787 1363 1819 1431 ἦ

237 1446 568 1519 ἐπέρχονται
610 1451 732 1519 μιν,
765 1451 957 1506 λοιπὸν
1000 1452 1058 1505 δέ
1095 1453 1157 1506 ἐν
1201 1452 1282 1524 τῷ
1328 1452 1597 1523 θελήματι
1644 1454 1823 1507 αὐτῶν

236 1537 412 1605 ἐστιν,
458 1540 493 1610 ἢ
545 1542 857 1612 χρήσασθαι
901 1546 1015 1607 τοῖς
1052 1543 1263 1609 ὅπλοις,
1305 1545 1402 1598 καὶ
1445 1545 1821 1614 ἀνταγωνίσαο

237 1627 389 1692 σθαι,
446 1630 545 1683 καὶ
591 1630 977 1684 άντιπαλαῖσαι
1012 1634 1123 1694 τοῖς
1152 1632 1387 1704 ἐχθροῖς,
1418 1632 1515 1686 καὶ
1562 1633 1629 1687 τὰ
1678 1649 1825 1702 νικη-

235 1718 406 1787 τήρια
427 1720 861 1788 ἀπενέγκασθαι,
894 1721 927 1791 ἢ
962 1723 1359 1793 συνηδυνθῆναι
1388 1725 1483 1779 καὶ
1504 1724 1820 1795 εἰρηνεῦσαι

239 1810 383 1878 μετά
416 1812 528 1864 τῶν
568 1813 803 1884 ἐχθρῶν,
835 1815 927 1867 καὶ
959 1816 1033 1884 μὴ
1068 1815 1399 1885 πολεμῆσαι,
1456 1817 1633 1871 καίτοι
1667 1817 1820 1888 έχον-

233 1916 329 1963 τες
365 1900 539 1954 ὃπλα”
590 1902 735 1957 οὕτω
774 1904 870 1957 καὶ
900 1907 948 1959 οἱ
980 1906 1297 1975 Χριστιανοὶ
1334 1906 1671 1978 ἐνδεδυμένοι
1721 1908 1818 1980 τὴν

233 1991 448 2046 τελείαν
480 1992 732 2065 δύναμιν,
781 1996 874 2049 καὶ
904 1994 1143 2067 έχοντες
1189 1998 1260 2053 τά
1304 1998 1444 2052 ὅπλα
1472 1999 1541 2054 τά
1584 2001 1820 2072 ἐπουρά-

233 2096 347 2146 νια,
368 2082 418 2134 εί
446 2082 682 2148 θέλουσι,
724 2086 1037 2156 συνήδονται
1064 2086 1144 2158 τῷ
1173 2087 1409 2159 Σατανᾷ,
1443 2089 1541 2142 καὶ
1566 2088 1815 2159 εἰρηνεύ-

230 2187 357 2224 ουσι
413 2174 530 2242 μετ’
579 2174 768 2239 αὑτοῦ,
816 2178 910 2231 καὶ
952 2180 1013 2231 οὐ
1065 2176 1385 2248 πολεμοῦσι.
1437 2177 1658 2250 Τρεπτὴ
1705 2181 1814 2251 γάρ

229 2259 386 2312 ἐστιν
421 2262 453 2327 ὴ
492 2261 671 2330 φύσις,
722 2268 817 2319 καὶ
860 2268 908 2320 εί
952 2267 1097 2321 θέλει
1144 2285 1251 2336 τις,
1303 2269 1511 2338 γίνεται
1549 2271 1664 2335 υίὸς
1719 2272 1812 2326 τοῦ

229 2347 393 2414 Θεοῦ,
429 2351 540 2404 είτε
580 2353 756 2408 πάλιν.
797 2356 913 2419 υίὸς
943 2357 1241 2424 ἀπωλείας,
1273 2359 1361 2415 διά
1389 2360 1451 2415 τὸ
1478 2362 1815 2434 παραμένειν

228 2441 293 2493 τὸ
316 2443 684 2509 αὐτεξούσιον.

302 2535 406 2588 ΙΒ’.
452 2535 618 2590 ’Δλλο
668 2539 785 2592 ἐστὶ
821 2540 882 2594 τὸ
930 2543 1059 2613 περί
1098 2545 1263 2617 ἀρτου
1310 2546 1674 2617 διηγήσασθαι
1721 2550 1813 2603 καὶ

226 2625 534 2695 τραπέζης,
584 2630 680 2681 καὶ
732 2630 862 2685 ἀλλο
902 2633 1026 2687 ἐστὶ
1067 2638 1260 2704 φαγεῖν
1286 2638 1379 2690 καὶ
1408 2638 1589 2692 λαϐεῖν
1609 2639 1699 2692 τὸν
1726 2642 1810 2694 νό-

228 2730 357 2766 στον
400 2716 494 2768 τοῦ
545 2718 736 2788 ἄρτου,
780 2722 873 2774 καὶ
905 2722 1353 2795 ένδυναμωθῆναι
1391 2727 1490 2780 ὅλα
1528 2729 1598 2781 τά
1650 2730 1808 2800 μέλη.

230 2804 399 2857 ’Λλλο
424 2807 573 2863 ἐστὶν
607 2813 782 2864 εἰπεῖν
822 2816 951 2885 περὶ
981 2816 1145 2870 ποτοῦ
1179 2819 1445 2888 ὴδυτάτου
1485 2820 1681 2888 λόγοις,
1718 2825 1810 2877 καὶ

224 2896 358 2951 ἄλλο
409 2898 558 2951 ἐστὶν
595 2901 852 2956 ἀπελθεῖν
933 2907 1029 2959 καὶ
1073 2907 1372 2977 δράξασθαι
1414 2910 1472 2978 ἐξ
1515 2913 1685 2981 αὐτῆς
1712 2914 1810 2982 τῆς

226 2989 439 3059 πηγῆς,
461 2992 555 3043 καὶ
581 2993 963 3065 ἐμπλησθῆναι
986 2999 1155 3069 αὐτῆς
1179 3002 1276 3069 τῆς
1299 3002 1539 3069 γεύσεως
1560 3003 1654 3057 τοῦ
1683 3006 1808 3075 ἠδυ-

223 3084 393 3135 τάτου
444 3083 629 3138 ποτοῦ.
653 3086 815 3139 ’Δλλο
844 3089 963 3143 ἐστὶ
986 3091 1350 3160 διηγήσασθαι
1384 3095 1515 3166 περὶ
1547 3097 1805 3167 πολέμου,

223 3172 323 3224 καὶ
344 3175 607 3240 γενναίων
628 3176 896 3247 ἀθλητῶν,
919 3181 1012 3232 καὶ
1034 3182 1398 3252 πολεμιστῶν,
1420 3186 1516 3239 καὶ
1540 3186 1666 3241 ἀλλο
1689 3190 1806 3241 ἐστὶ

221 3264 286 3316 τὸ
311 3264 573 3318 ἀπελθεῖν
598 3284 717 3320 τινα
742 3270 823 3331 είς
850 3270 1158 3341 παράταξιν
1190 3276 1447 3346 πολέμου,
1476 3280 1571 3331 καὶ
1597 3280 1807 3349 συμϐα-

222 3350 337 3405 λεῖν
358 3356 470 3416 τοῖς
490 3355 823 3427 ἐχθροῖς,καὶ
840 3360 1102 3415 εἰσελθεῖν
1116 3365 1207 3417 καὶ
1226 3365 1479 3431 ἐξελθεῖν,
1500 3370 1591 3422 καὶ
1607 3370 1808 3437 λαθεῖν,

222 3448 321 3497 καὶ
359 3446 563 3513 δοῦναι,
608 3450 702 3501 καὶ
743 3451 1150 3515 ἀπενέγκασθαι
1184 3456 1254 3509 τὰ
1290 3460 1603 3529 νικητήρια.
1654 3462 1809 3514 Οὕτω

224 3538 329 3588 κάν
362 3541 474 3600 τοῖς
506 3545 913 3611 πνευματικοῖς.
948 3546 1109 3599 Ἀλλο
1141 3549 1259 3601 ἐστὶ
1277 3550 1335 3602 τὸ
1353 3550 1549 3617 γνώσει
1583 3554 1687 3605 τινὶ
1716 3555 1810 3607 καὶ

224 3627 307 3679 νοῒ
339 3629 599 3698 διηγῆσαι
636 3633 849 3700 λόγους,
881 3638 972 3688 καὶ
1016 3638 1145 3691 ἄλλο
1177 3640 1292 3693 ἐστὶ
1333 3642 1393 3694 τὸ
1428 3644 1485 3695 ἐν
1516 3644 1808 3700 ὑποστάσει

224 3720 318 3771 καὶ
358 3720 526 3791 ἔργῳ,
573 3726 671 3776 καὶ
715 3728 774 3777 ἐν
816 3726 1179 3800 πληροφορίᾳ,
1221 3733 1315 3784 καὶ
1344 3735 1402 3785 ἐν
1444 3734 1519 3804 τῷ
1548 3734 1694 3788 ἔνδον
1722 3739 1809 3791 ἀν-

225 3811 453 3883 θρώπῳ,
501 3816 596 3868 καὶ
638 3815 718 3887 τῷ
766 3816 844 3888 νῷ
890 3818 1037 3889 ἔχειν
1081 3822 1173 3876 τὸν
1212 3823 1507 3896 θησαυρὸν,
1564 3828 1657 3881 καὶ
1708 3829 1806 3900 τὴν

222 3906 407 3973 χάριν,
440 3907 536 3959 καὶ
564 3910 663 3977 τὴν
699 3909 908 3977 γεῦσιν,
938 3912 1034 3965 καὶ
1070 3915 1169 3983 τὴν
1200 3916 1486 3986 ἐνέργειαν
1517 3919 1611 3973 τοῦ
1644 3922 1801 3989 ἀγίου

225 3995 568 4066 Πνεύματος.
596 4000 661 4051 Oi
685 4000 795 4070 γὰρ
839 4001 1029 4070 ψιλοὺς
1068 4005 1259 4073 λόγους
1293 4006 1564 4077 λέγοντες,
1598 4012 1804 4079 φαντά-

222 4087 433 4151 ζονται,
467 4090 561 4141 καὶ
595 4091 912 4157 φυσιοῦνται
942 4095 1047 4147 ὑπὸ
1075 4096 1171 4149 τοῦ
1201 4098 1319 4160 νοὸς
1361 4097 1563 4154 αὐτῶν.
1610 4100 1673 4155 '0
1696 4102 1805 4171 γὰρ

219 4177 427 4243 λόγος,
463 4179 648 4246 φησὶν,
680 4178 849 4247 ἡμῶν
891 4184 991 4235 καί
1027 4188 1093 4237 τὸ
1139 4188 1413 4255 κήρυγμα
1439 4190 1552 4242 οὐκ
1582 4190 1651 4242 ἐν
1681 4205 1806 4245 πει-

220 4266 834 4345 θανοῖς-ἁνθρωπίνης
867 4275 1089 4342 σοφίας
1131 4278 1354 4347 λόγοις,
1387 4279 1526 4333 ἀλλ’
1556 4281 1626 4333 ἐν
1657 4282 1804 4336 ἀπο-

218 4354 406 4420 δείξει
446 4360 797 4428 Πνεύματος
852 4365 953 4417 καὶ
1007 4365 1348 4436 δυνάμεως·
1391 4370 1485 4422 καὶ
1515 4370 1680 4424 πάλιν
1704 4373 1802 4425 ἀλ-

218 4446 390 4517 λαχοῦ
421 4446 591 4519 λέγει,
625 4451 695 4506 Τό
730 4451 798 4506 δὲ
826 4454 1003 4520 τέλος
1040 4456 1150 4524 τῆς
1198 4462 1599 4530 παραγγελίας
1631 4464 1804 4517 ἔστιν

1846 1868 1895 1929 Β

1927 630 2102 700 gratia
2133 633 2370 701 praediti.
2416 635 2535 690 Non
2568 647 2750 692 tamen
2810 639 3048 696 dicimus
3089 642 3419 701 imbecillem
3452 650 3508 703 in

1927 722 1998 778 iis
2026 723 2197 779 fuisse
2222 728 2487 797 gratiam;
2515 729 2611 784 sed
2639 730 2880 787 dicimus
2927 735 3153 804 gratiam
3183 738 3507 805 permittere

1923 815 2009 869 vel
2054 814 2186 884 ipsis
2232 817 2614 887 spiritualibus
2665 822 2954 889 perfectis,
2995 834 3056 878 ut
3099 825 3337 881 habeant
3378 842 3508 889 suas

1923 908 2236 965 voluntates
2262 953 2277 977 ,
2316 927 2380 966 ac
2413 920 2740 981 potestatem
2787 914 3019 971 faciendi
3056 933 3397 990 quaecunque
3440 920 3506 975 li-

1924 999 2185 1067 huerint,
2216 1012 2273 1057 et
2308 1005 2612 1062 inclinandi
2647 1023 2759 1077 quo
2798 1010 3111 1065 voluerint.
3144 1012 3249 1081 Ipsi
3286 1030 3505 1083 quoque

1924 1101 2135 1150 natura?
2175 1096 2464 1161 humanae,
2501 1108 2561 1153 ut
2608 1100 2901 1157 imbecillis
2939 1111 3043 1168 est,
3086 1104 3251 1169 licet,
3288 1107 3503 1161 etiamsi

1924 1186 2132 1241 bonum
2185 1187 2263 1241 illi
2304 1189 2608 1257 inhtereat,
2666 1195 2914 1249 converti
2966 1204 3019 1249 et
3051 1196 3275 1253 mutari.
3306 1198 3508 1263 Quem-

1923 1276 2225 1332 admodum
2259 1278 2306 1333 si
2362 1282 2585 1353 quidam
2620 1284 2936 1339 universam
2976 1296 3344 1353 armaturam,
3383 1290 3508 1343 tho-

1924 1384 2128 1434 racem,
2159 1378 2214 1424 et
2234 1387 2385 1425 arma
2402 1372 2608 1427 fuerint
2630 1374 2829 1437 induti,
2855 1377 3000 1446 quod
3029 1378 3095 1432 ad
3120 1388 3335 1445 caetera,
3356 1381 3508 1437 intus

1924 1467 2053 1514 sunt
2077 1461 2297 1526 muniti,
2328 1478 2433 1519 nec
2456 1464 2642 1519 hostes
2660 1466 2929 1521 insultant
2959 1468 3068 1523 illis
3096 1486 3109 1523 ε
3138 1479 3234 1523 aut
3265 1476 3310 1525 si
3334 1472 3506 1525 insul-

1923 1553 2113 1617 tarint,
2142 1554 2198 1608 in
2212 1568 2406 1609 eorum
2437 1555 2718 1611 voluntate
2748 1559 2915 1613 situm
2947 1566 3053 1624 est,
3082 1567 3176 1614 aut
3200 1563 3279 1617 uti
3312 1564 3501 1627 armis,

1923 1658 2227 1714 repugnare
2267 1661 2332 1701 ac
2378 1646 2637 1701 reluctari
2686 1648 2938 1703 hostibus
2960 1690 2974 1715 ,
3010 1657 3067 1704 et
3094 1651 3381 1707 victoriam
3416 1669 3504 1707 re-

1922 1736 2070 1792 ferre
2094 1756 2109 1802 ;
2144 1745 2243 1792 aut
2272 1738 2521 1793 deliciari
2543 1748 2599 1794 et
2618 1755 2808 1808 pacem
2835 1741 2975 1796 inire
2999 1758 3123 1797 cum
3156 1744 3428 1809 hostibus,
3450 1754 3505 1800 et

1926 1842 2037 1881 non
2066 1826 2374 1892 decertare,
2411 1829 2661 1899 quamvis
2686 1830 2925 1885 habeant
2953 1846 3103 1887 arma
3136 1850 3148 1885 :
3181 1834 3262 1888 sic
3284 1850 3502 1904 quoque

1922 1916 2220 1973 Christiani
2257 1919 2557 1989 perfectam
2585 1922 2844 1977 virtutem
2883 1923 3084 1988 induti,
3119 1933 3175 1978 et
3212 1941 3361 1979 arma
3394 1941 3505 1981 cm-

1921 2009 2079 2065 lestia
2110 2011 2446 2076 obtinentes,
2477 2013 2522 2067 si
2548 2014 2738 2073 velint.
2762 2014 3110 2068 oblectamur
3132 2031 3255 2069 cum
3280 2015 3500 2081 Satana,

1921 2111 1979 2157 et
2015 2117 2206 2171 pacem
2236 2118 2361 2158 cum
2386 2118 2453 2157 eo
2480 2104 2831 2169 contrahunt,
2859 2122 2963 2160 nec
3003 2106 3208 2161 bellum
3236 2107 3499 2167 inferunt.

1920 2194 2199 2250 Mutabilis
2219 2196 2365 2250 enim
2387 2205 2473 2251 est
2495 2206 2724 2263 natura,
2757 2206 2810 2251 et
2846 2198 2889 2252 si
2922 2199 3053 2253 velit
3092 2199 3234 2268 quis.
3269 2198 3329 2253 ﬁt
3358 2200 3503 2256 [ilius

1920 2286 2045 2354 Dei;
2094 2288 2180 2342 sin
2214 2296 2405 2344 contra
2428 2330 2443 2354 ,
2482 2288 2625 2345 filius
2654 2291 2908 2345 interitus
2938 2308 2951 2345 :
2983 2306 3051 2347 eo
3085 2292 3233 2362 quod
3263 2294 3502 2364 supersit

1918 2379 2159 2436 liberum
2189 2381 2500 2437 arbitrium.

1988 2554 2105 2609 ΧΠ.
2144 2553 2306 2610 Aliud
2346 2565 2430 2611 est
2467 2556 2535 2611 de
2579 2573 2719 2627 pane
2764 2568 2819 2613 et
2850 2575 3036 2615 mensa
3080 2559 3387 2626 disserere;
3444 2569 3500 2615 et

1926 2645 2075 2700 aliud
2108 2646 2272 2702 edere
2304 2663 2367 2703 ac
2399 2664 2619 2704 sumere
2664 2652 2985 2706 suavitatem
3016 2654 3192 2722 panis,
3224 2664 3284 2708 ut
3316 2670 3500 2709 corro-

1918 2737 2187 2793 borentur
2214 2740 2340 2794 inde
2371 2743 2554 2795 omnia
2586 2744 2855 2798 membra.
2900 2745 3061 2800 Aliud
3092 2758 3177 2801 est
3210 2748 3497 2818 disputare

1915 2830 2101 2885 verbis
2136 2832 2203 2885 de
2244 2844 2378 2899 potu
2414 2834 2741 2889 suavissimo
2766 2876 2782 2899 ,
2836 2845 2891 2891 et
2930 2838 3079 2891 aliud
3124 2838 3299 2902 abire,
3342 2850 3399 2893 et
3429 2857 3496 2895 ex

1916 2915 2036 2985 ipso
2069 2917 2218 2971 fonte
2253 2934 2450 2988 capere
2471 2960 2485 2984 ,
2527 2922 2757 2991 ipsoque
2796 2934 2957 2993 gustu
2999 2926 3305 2980 Suavissimi
3335 2938 3498 2996 potus

1915 3008 2138 3076 repleri.
2167 3008 2329 3063 Aliud
2361 3019 2445 3064 est
2476 3010 2749 3068 disserere
2776 3013 2845 3068 de
2872 3014 3037 3080 bello,
3069 3016 3307 3071 strenuis
3326 3018 3499 3072 athle-

1914 3096 1987 3149 tis
2032 3105 2088 3151 et
2136 3098 2548 3155 bellatoribus:
2588 3110 2645 3156 et
2690 3103 2840 3157 aliud
2886 3105 3041 3159 abire
3073 3107 3389 3176 quempiam
3440 3108 3495 3162 in

1915 3190 2094 3244 aciem
2131 3190 2435 3247 militarem
2461 3234 2475 3258 ,
2503 3210 2626 3247 cum
2662 3194 2912 3251 hostibus
2942 3212 3138 3251 manus
3162 3214 3455 3254 conserere
3474 3240 3491 3267 ,

1918 3279 2169 3349 ingredi,
2215 3281 2437 3350 egredi,
2472 3282 2719 3352 accipere
2742 3326 2756 3349 ,
2787 3284 2919 3339 dare
2944 3328 2957 3351 ,
2995 3296 3051 3341 et
3086 3287 3375 3342 victoriam
3411 3303 3496 3341 re-

1917 3378 2158 3437 portare.
2191 3368 2282 3424 Sic
2326 3386 2547 3441 quoque
2578 3388 2635 3427 se
2663 3388 2751 3427 res
2793 3374 2957 3428 habet
2999 3375 3051 3428 in
3092 3375 3489 3443 spiritualibus.

1916 3459 2081 3513 Aliud
2123 3468 2207 3514 est
2250 3461 2449 3515 notitia
2491 3461 2726 3531 quadam
2776 3470 2833 3516 et
2887 3463 3170 3519 intellectu
3218 3464 3492 3534 explicare

1917 3566 2223 3615 sermones,
2290 3561 2345 3607 et
2377 3553 2522 3607 aliud
2555 3555 2609 3608 in
2634 3555 2907 3624 hypostasi
2936 3565 2991 3609 et
3016 3572 3203 3625 opere,
3235 3572 3299 3611 ac
3331 3558 3493 3611 certi-

1918 3642 2108 3697 tudine
2152 3642 2303 3705 ﬁdei,
2339 3652 2394 3698 et
2428 3645 2483 3698 in
2511 3644 2761 3700 interiori
2798 3646 3019 3701 homine
3051 3656 3108 3703 et
3152 3648 3336 3702 animo
3368 3664 3493 3717 pos-

1914 3734 2095 3789 sidere
2128 3736 2451 3791 thesaurum
2474 3778 2489 3801 ,
2522 3739 2782 3807 gratiam,
2813 3750 3063 3808 gustum,
3094 3750 3151 3795 et
3190 3740 3489 3796 efﬁcaciam

1914 3824 2155 3893 Spiritus
2192 3828 2389 3882 sancti.
2437 3828 2540 3893 Qui
2585 3830 2731 3883 enim
2773 3830 2917 3884 nuda
2962 3831 3131 3885 verba
3169 3833 3488 3901 proferunt,

1912 3917 2300 3987 imaginatione
2327 3920 2534 3989 iactant
2565 3935 2624 3974 se
2667 3928 2724 3974 et
2748 3921 3123 3975 intumescunt
3154 3924 3339 3977 animo
3364 3940 3488 3980 suo.

1910 4007 2092 4062 Sermo
2124 4011 2265 4062 enim
2294 4026 2439 4065 meus
2462 4052 2477 4076 ,
2524 4012 2737 4079 inquit,
2781 4021 2831 4065 et
2868 4014 3171 4081 praedicatio
3201 4031 3349 4079 mea,
3383 4032 3486 4068 non

1910 4110 2024 4152 erat
2053 4102 2109 4153 in
2138 4103 2488 4170 persuasoriis
2514 4103 2761 4155 humanos
2789 4105 3064 4172 sapientia:
3092 4103 3280 4167 verbis,
3312 4105 3405 4157 sed
3431 4107 3487 4157 in

1908 4192 2201 4245 ostensione
2242 4190 2469 4262 Spiritus
2522 4210 2583 4246 ac
2627 4196 2873 4263 potentia:
2900 4196 2967 4247 ".
3009 4194 3077 4249 Et
3102 4210 3314 4249 rursum
3353 4196 3483 4251 alibi

1910 4283 2044 4336 dicit
2074 4299 2087 4334 :
2125 4282 2267 4337 Finis
2297 4287 2541 4354 pracepti
2580 4296 2654 4339 est
2687 4286 2940 4350 Charitas,
2983 4302 3046 4339 ea:
3077 4302 3211 4355 puro
3241 4286 3415 4349 corde,
3435 4298 3483 4341 et

1907 4378 2227 4430 conscientia
2259 4376 2396 4430 bona
2421 4388 2470 4430 et
2494 4378 2599 4445 ﬁde
2640 4395 2742 4431 non
2772 4378 3026 4431 simulata
3060 4378 3125 4430 '°.
3160 4377 3482 4449 Hujusmodi

1907 4464 2001 4531 qui
2042 4473 2126 4518 est
2168 4481 2281 4519 non
2324 4465 2489 4519 cadit.
2535 4465 2720 4520 Multis
2754 4466 2937 4529 enim,
2974 4466 3068 4534 qui
3112 4466 3284 4519 Deum
3329 4484 3481 4536 qua:-

218 4538 423 4631 ἀγάπη
468 4540 539 4594 ἐκ
581 4542 832 4616 καρδίας
902 4544 1187 4615 καθαρᾶς,
1242 4550 1345 4603 καί
1392 4554 1802 4623 συνειδήσεως
1835 4578 1909 4630 ι);

1787 4576 1802 4621 τ
1835 4578 1878 4630 ι)
1907 4558 2133 4622 sierant,
2172 4570 2360 4627 aperta
2404 4569 2490 4615 est
2523 4560 2718 4631 ianua,
2759 4575 2823 4614 ac
2861 4559 3119 4614 viderunt
3162 4560 3478 4616 thesaurum

216 4627 473 4695 ἀγαθῆς,
514 4632 611 4685 καί
655 4634 914 4701 πίστεως
965 4638 1391 4706 ἀνυποκρίτου.
1453 4640 1514 4696 '0
1563 4646 1802 4709 τοιοῦτος

215 4721 279 4771 οὔ
314 4720 532 4773 πίπτει.
563 4722 784 4787 Πολλοῖς
813 4726 922 4795 γάρ
955 4727 1293 4798 έκζητήσασι
1318 4732 1407 4784 τὸν
1435 4732 1569 4787 Θεὸν
1591 4735 1800 4804 ὴνοίγει

216 4809 381 4879 θύρα,
412 4813 505 4863 καὶ
548 4810 686 4867 εἶδον
735 4815 1030 4886 θησαυρὸν,
1067 4822 1158 4873 καὶ
1206 4823 1456 4891 εἰσῆλθον
1506 4827 1584 4887 είς
1615 4827 1800 4880 αὐτόν.

214 4901 329 4955 Καὶ
357 4901 433 4965 ὡς
459 4899 598 4973 ἦσαν
624 4906 681 4957 ἐν
712 4909 855 4977 χαρᾷ
883 4908 1151 4977 λέγοντες,
1183 4911 1450 4982 Εῦρομεγ
1473 4917 1801 4985 θησαυρὸν,

214 4992 542 5063 ἀπέκλεισεν
571 4995 753 5058 αὐτοῖς
775 4997 873 5058 τὰς
905 4998 1095 5067 θύρας,
1124 5002 1359 5071 ἡρξαντο
1385 5004 1515 5075 βοᾷν
1546 5008 1640 5058 καὶ
1667 5024 1799 5059 πεν-

215 5082 356 5146 θεῖν,
388 5084 485 5136 atat
530 5085 830 5155 ἐπιζητεῖν,
869 5091 1186 5160 Θησαυρὸν
1230 5095 1505 5164 εὕρομεν,
1539 5098 1636 5151 καὶ
1680 5100 1796 5152 ἀπ-

213 5170 956 5246 ωλέσαμεν.οίκονομικῶς
1004 5181 1109 5250 γάρ
1175 5183 1492 5238 ὑποστέλλει
1532 5188 1566 5255 ή
1614 5189 1793 5258 χάρις,

213 5260 302 5313 ἵνα
352 5262 615 5329 μειζόνως
657 5267 1111 5340 ἐπιζητήσωμεν·
1166 5275 1193 5326 ὁ
1234 5275 1343 5347 γάρ
1377 5274 1646 5347 θησαυρὸς
1690 5278 1796 5331 δεί-

211 5370 407 5407 κνυται
437 5358 571 5425 πρὸς
603 5360 801 5428 τρόπον
824 5362 922 5430 τῆς
949 5364 1248 5434 ζητήσεως.

283 5446 385 5500 lI".
464 5450 797 5519 Ἐρώτησις.
864 5456 1093 5525 Ἐπειδὴ
1126 5475 1283 5523 τινες
1322 5460 1647 5531 λέγουσιν,
1702 5463 1791 5518 ὅτι

208 5539 360 5607 μετὰ
402 5541 519 5608 τὴν
556 5542 733 5612 χάριν
758 5546 973 5615 μετέϐη
1004 5566 1096 5615 τις
1133 5551 1250 5604 ἀπὸ
1282 5551 1388 5606 τοῦ
1413 5554 1675 5610 θανάτου
1703 5558 1789 5622 εἰς

208 5628 329 5696 τὴν
371 5630 525 5700 ζωὴν
544 5671 561 5695 ,
615 5637 668 5688 si
712 5636 959 5692 δύναταί
987 5656 1077 5706 τις
1104 5641 1174 5693 ἐν
1196 5644 1343 5710 φωτὶ
1373 5644 1459 5698 ὢν
1488 5643 1655 5713 ἔχειν
1673 5649 1787 5715 ῥυ-

209 5720 444 5787 παροὺς
472 5725 839 5793 λογισμούς;

280 5837 329 5869 "
366 5838 536 5896 lCor.
574 5857 633 5905 ιι,
664 5841 715 5895 4.
792 5843 837 5875 ⁸⁸
877 5845 1066 5899 lTim.
1105 5863 1156 5911 ι,
1193 5848 1243 5902 5.

1902 4667 1967 4705 ac
1999 4651 2228 4720 ingressi
2265 4659 2395 4705 sunt
2424 4652 2479 4705 in
2510 4667 2657 4705 eum.
2683 4652 2750 4706 Et
2790 4668 2914 4706 cum
2946 4652 3147 4721 gaudio
3182 4652 3480 4722 perfunde-

1904 4749 2097 4795 rentur
2154 4741 2451 4796 dicentes:
2486 4740 2787 4796 Invenimus
2846 4744 3191 4807 thesaurum,
3246 4744 3480 4799 occlusit

1904 4832 2015 4887 illis
2039 4832 2183 4887 fores
2210 4850 2223 4886 :
2255 4842 2543 4902 coeperunt
2563 4834 2819 4897 clamare,
2850 4834 3062 4904 lugere,
3085 4843 3142 4888 et
3168 4834 3473 4903 inquirere,

1905 4926 2211 4978 thesaurum
2251 4927 2542 4979 invenimus
2588 4935 2637 4976 et
2676 4926 3019 4994 perdidimus.
3054 4925 3477 4993 Dispensatione

1905 5013 2049 5067 enim
2091 5014 2354 5083 singulari
2394 5014 2653 5068 subducit
2703 5029 2763 5068 se
2803 5014 3006 5083 gratia,
3047 5020 3109 5067 ut
3157 5013 3477 5084 diligentius

1908 5102 2277 5171 inquiramus.
2310 5102 2629 5158 Thesaurus
2650 5104 2796 5158 enim
2825 5112 3164 5158 monstratur
3191 5119 3289 5174 pro
3312 5106 3477 5158 modo

1907 5192 2290 5262 indagationis.

1968 5466 2107 5521 Xlll.
2152 5466 2308 5537 107
2347 5467 2723 5541 Interrogatio.
2763 5454 2897 5525 Cum
2940 5471 3165 5542 offerant
3199 5469 3462 5537 nonnulli,

1898 5558 2034 5627 quod
2078 5559 2293 5627 aocepta
2329 5562 2504 5629 gratia
2547 5568 2783 5615 transeat
2824 5563 3086 5632 quispiam
3129 5580 3161 5616 a
3208 5570 3373 5615 morte
3410 5562 3464 5615 in

1894 5650 2078 5713 vitam,
2137 5666 2264 5701 num
2316 5658 2482 5719 potest
2528 5651 2718 5722 aliquis
2767 5652 2965 5707 lumine
3006 5654 3231 5709 donatus
3279 5652 3467 5707 habere

1894 5742 2131 5795 sordidas
2160 5744 2495 5811 cogitationes
2518 5744 2541 5796 ?
