4282 6364
781 394 889 458 703

851 505 1152 574 Responsio.
1196 503 1471 574 Scriptum
1511 512 1597 559 est
1629 522 1642 559 :
1679 503 1811 559 Cum
1845 505 2093 575 spiritum
2139 518 2351 570 accepe-
2383 502 2425 555 Α

779 599 931 660 ritis,
976 612 1112 649 nunc
1143 611 1302 648 carne
1349 597 1790 649 consummamini
1821 595 1889 648 “.
1923 595 2126 649 lterum
2166 605 2348 649 autem

780 688 959 757 inquit
990 705 1002 741 :
1038 687 1245 741 lnduite
1280 690 1580 741 universam
1622 695 1956 741 armaturam
2000 688 2250 755 spiritus,
2294 693 2351 737 ut

779 775 987 844 possitis
1015 781 1160 827 stare
1210 774 1460 826 adversus
1500 774 1732 827 assultus
1765 774 1963 828 diaboli
1992 774 2057 827 ”.
2091 775 2194 827 Per
2223 788 2351 827 eum

781 877 1089 917 sermonem
1118 862 1227 916 duo
1259 870 1387 916 sunt
1416 863 1557 928 loca,
1589 873 1704 918 tum
1733 864 1825 918 ubi
1853 872 1991 926 erat,
2016 878 2141 917 cum
2174 861 2354 915 induit

780 967 967 1018 arma,
1019 964 1133 1008 tum
1186 954 1278 1009 ubi
1317 963 1437 1020 est,
1488 970 1612 1009 cum
1662 955 1866 1009 bellum
1915 956 2055 1024 gerit
2092 954 2355 1009 adversus

782 1043 1124 1114 principatus
1158 1052 1213 1097 et
1248 1051 1588 1111 potestates:
1625 1043 1679 1097 in
1702 1043 1911 1097 lumine
1942 1059 2140 1114 nempe
2170 1051 2265 1097 aut
2297 1044 2353 1097 in

783 1132 1047 1188 tenebris.
1083 1132 1147 1185 Et
1181 1149 1193 1183 :
1228 1132 1291 1186 Ut
1321 1135 1527 1203 possitis
1572 1134 1749 1186 omnia
1787 1133 1979 1203 jacula
2024 1132 2169 1188 mala
2208 1132 2354 1195 illius

782 1221 949 1291 ignita
995 1222 1327 1290 exstinguere
1372 1218 1438 1274 ⁸³.
1492 1221 1559 1274 Ει
1614 1236 1830 1273 rursum
1867 1240 1879 1273 :
1922 1220 1998 1273 Ne
2040 1222 2355 1275 contristetis

790 1310 1049 1382 Spiritum
1074 1320 1311 1366 sanctum
1339 1312 1430 1365 Dei
1459 1313 1525 1365 “.
1554 1313 1619 1366 Et
1644 1312 1843 1367 iterum
1869 1330 1881 1365 :
1909 1312 2048 1367 Fieri
2064 1331 2169 1367 non
2191 1322 2356 1384 potest

786 1410 841 1454 ut
867 1402 953 1471 qui
983 1401 1144 1454 semel
1186 1402 1379 1471 fuerint
1403 1400 1713 1465 illuminati,
1740 1411 1788 1455 et
1811 1404 2132 1471 gustaverint
2163 1409 2357 1456 donum

785 1491 899 1555 Dei,
939 1510 1000 1544 ac
1033 1494 1310 1562 participes
1340 1493 1463 1559 facti
1485 1493 1679 1560 fuerint
1707 1492 1933 1562 Spiritus
1967 1495 2155 1555 sancti,
2180 1495 2225 1547 si
2248 1510 2360 1563 pro-

785 1580 1055 1643 labuntur,
1084 1592 1398 1634 renouentur
1430 1582 1497 1636 ".
1530 1583 1701 1644 Ecce,
1741 1583 1836 1651 qui
1878 1592 2005 1637 sunt
2042 1584 2356 1648 illuminati,

782 1681 839 1724 et
859 1680 1238 1740 gustaverunt,
1270 1672 1553 1725 labuntur.
1585 1672 1770 1734 Vides,
1796 1673 1941 1741 quod
1973 1673 2137 1726 homo
2163 1673 2360 1727 habeat

784 1764 1123 1818 voluntatem
1157 1763 1535 1816 consentiendi
1577 1762 1826 1832 Spiritui,
1854 1771 1907 1816 et
1934 1762 2132 1816 habeat
2160 1764 2357 1815 volun—

2052 386 2112 447 S.
2149 380 2469 444 MACARII
2510 379 2827 439 ΑΞΘΥΡΤΙΙ

3927 368 4038 431 704

2536 497 2897 564 Ἀπόκρισις.
2954 496 3301 563 Γέγραπται,
3341 494 3423 545 ὅτι
3457 490 3752 558 Πνεύματι
3782 486 4037 554 ἐναρξά-

2448 604 2618 655 μενοι
2656 588 2726 639 ἐν
2760 587 2940 653 σαρκὶ
2983 587 3101 639 νῦν
3130 583 3521 638 ἐπιτελεῖσθε.
3560 580 3724 647 Λέγει
3750 578 3806 630 δὲ
3834 578 3998 630 πάλιν
4018 592 4033 608 ⁸

2466 677 2830 730 Ἐνδύσασθε
2856 678 2969 743 τὴν
2988 677 3335 728 πανοπλίαν
3360 674 3468 728 τοῦ
3495 674 3861 739 Πνεύματος,
3884 667 4039 737 πρὸς

2452 768 2519 821 τὸ
2543 768 2834 821 δύνασθαι
2863 765 3019 836 ὑμᾶς
3041 764 3398 833 ἀντιστῆναι
3424 765 3573 832 πρὸς
3598 767 3706 826 τὰς
3719 760 4040 830 μεθοδειας

2453 862 2560 915 τοῦ
2611 862 2915 916 διαϐόλου.
2978 863 3121 933 Πρὸς
3153 862 3313 929 λόγον
3358 861 3465 913 είσὶ
3492 859 3587 912 δύο
3615 859 3791 921 τόποι,
3826 855 3933 909 ποῦ
3960 854 4041 908 ὢν

2455 953 2743 1006 ἐνεδύσατο
2790 953 2857 1006 τὰ
2905 954 3047 1007 ὅπλα
3070 992 3085 1015 ,
3137 954 3232 1005 καὶ
3264 951 3369 1004 ποῦ
3399 951 3474 1003 ὣν
3509 950 3739 1019 πολεμεῖ
3770 947 3907 1018 πρὸς
3934 944 4040 1007 τάς

2454 1042 2630 1111 ἀρχὰς
2680 1044 2775 1095 καὶ
2820 1044 2920 1106 τάς
2965 1043 3247 1107 ἐξουσίας,
3294 1044 3352 1095 ὲν
3380 1043 3520 1110 φωτὶ
3549 1040 3646 1105 ὣν,
3678 1040 3712 1109 ἢ
3744 1041 3801 1092 ἐν
3827 1038 4039 1090 σκότει.

2457 1134 2595 1199 Καὶ,
2634 1136 2791 1203 Πρὸς
2820 1136 2886 1191 τὸ
2914 1135 3212 1189 δύνασθαι
3237 1134 3393 1204 ὑμᾶς
3420 1133 3618 1188 πάντα
3643 1131 3717 1185 τὰ
3733 1131 3895 1197 βέλη
3925 1126 4038 1181 τοῦ

2457 1229 2724 1295 πονηροῦ
2756 1228 2829 1281 τὰ
2859 1228 3254 1297 πεπυρωμένα
3281 1226 3498 1280 σϐέσαι
3518 1241 3531 1254 ο
3582 1224 3677 1276 καὶ
3706 1223 3897 1279 πάλιν,
3936 1217 4036 1286 Μὴ

2461 1319 2707 1372 λυπεῖτε
2732 1318 2799 1372 τὸ
2824 1319 3072 1388 Πνεῦμα
3101 1320 3167 1373 τὸ
3193 1318 3361 1387 ἅγιον
3389 1316 3497 1369 τοῦ
3524 1314 3700 1368 Θεοῦ·
3728 1313 3821 1366 καὶ
3850 1311 4035 1375 πάλιν,

2471 1409 2797 1462 Ἀδύνατον
2827 1410 2970 1475 τοὺς
3000 1410 3160 1473 ἅπαξ
3187 1408 3591 1477 φωτισθέντας
3622 1402 4038 1474 γευσαμένους

2461 1518 2521 1554 τε
2545 1500 2656 1566 τῆς
2676 1500 2897 1568 δωρεᾶς
2918 1501 3024 1554 τοῦ
3048 1501 3217 1562 Θεοῦ,
3238 1500 3335 1552 καὶ
3352 1503 3651 1567 μετόχους
3672 1498 4038 1566 γενομένους

2459 1593 2804 1659 Πνεύματος
2836 1594 3008 1660 ἁγίου
3032 1631 3046 1655 ,
3086 1593 3183 1644 καὶ
3211 1592 3670 1658 παραπεσόντας
3700 1576 4038 1642 ἀναικαινί-

2460 1680 2598 1739 ζειν.
2648 1682 2778 1733 Ἰδοὺ
2813 1682 2861 1733 οί
2889 1681 3250 1749 φωτισθέντες
3282 1681 3378 1733 καὶ
3404 1679 3733 1747 γευσάμενοι
3760 1673 4039 1747 παραρρί-

2462 1788 2706 1823 πτουσιν.
2756 1770 2955 1840 Ὁρᾷς,
3007 1771 3091 1823 ὅτι
3138 1770 3250 1839 ἔχει
3297 1771 3508 1840 θέλημα
3545 1769 3641 1821 τοῦ
3671 1766 4037 1837 συμφωνῆσαι

787 1865 950 1909 tatem
985 1870 1109 1907 eum
1146 1853 1526 1907 contristandi.
1567 1852 1803 1907 Omnino
1838 1854 1983 1907 enim
2007 1854 2236 1907 assumit
2267 1870 2357 1907 ar-
2390 1846 2429 1898 Β
2458 1879 2478 1913 τ

2347 1884 2357 1895 ·
2390 1846 2429 1898 Β
2458 1862 2536 1931 τῷ
2562 1861 2862 1930 Πνεῦματι,
2895 1862 2988 1914 καὶ
3018 1861 3131 1930 ἔχει
3158 1862 3373 1930 θέλημα
3402 1861 3497 1914 τοῦ
3520 1860 3780 1929 λυπῆσαι.
3808 1858 4038 1920 Πάντως

784 1961 902 2008 nia,
934 1944 999 1999 ad
1046 1943 1428 2012 prodeundum
1476 1944 1530 1996 in
1576 1942 1815 2006 bellum,
1860 1950 1916 1997 et
1954 1942 2354 2013 conﬂigendum

784 2050 909 2089 cum
946 2035 1195 2088 hostibus
1228 2050 1240 2085 :
1279 2033 1504 2087 omnino
1533 2032 1873 2087 illuminatus
1912 2041 2025 2097 est,
2067 2042 2124 2087 ut
2161 2032 2359 2086 militet

786 2123 1051 2177 adversus
1093 2123 1366 2176 tenebras.

856 2216 993 2270 XIV.
1034 2216 1407 2286 Interrogatio.
1454 2212 1570 2278 Qua
1610 2214 1817 2266 ratione
1850 2215 1975 2266 dicit
2026 2212 2304 2282 Apostolus
2338 2226 2356 2265 :

792 2325 813 2359 ι
852 2307 910 2361 Si
942 2309 1173 2361 habuero
1209 2324 1413 2360 omnem
1452 2308 1762 2368 scientiam,
1804 2316 1852 2359 et
1891 2322 2097 2359 omnem
2138 2306 2361 2376 prophe-

787 2401 939 2464 tiam,
965 2415 1025 2452 ac
1049 2397 1235 2468 loquar
1270 2398 1461 2467 linguis
1485 2398 1816 2469 angelorum,
1838 2396 1968 2450 nihil
2005 2413 2122 2449 sum
2138 2398 2183 2429 ⁸⁸
2211 2396 2235 2448 ἲ
2269 2415 2286 2446 ι

861 2568 1164 2642 Responsio.
1207 2571 1325 2625 Non
1358 2571 1433 2625 ita
1459 2571 1724 2626 debemus
1762 2571 1999 2641 opinari,
2028 2570 2183 2640 quasi
2217 2568 2359 2623 nihil

790 2662 863 2717 sit
891 2660 1218 2730 Apostolus;
1257 2661 1351 2715 sed
1375 2660 1555 2730 quoad
1581 2661 1729 2714 illam
1753 2661 2103 2723 charitatem,
2128 2675 2250 2729 quae
2276 2668 2361 2713 est

790 2753 1051 2823 perfecta,
1083 2752 1199 2806 haec
1223 2767 1345 2806 esse
1382 2752 1577 2821 exigua
1604 2768 1619 2804 :
1646 2761 1700 2805 et
1723 2766 1871 2816 eum,
1916 2750 2010 2820 qui
2049 2752 2213 2804 hosce
2241 2766 2362 2819 gra-

790 2845 895 2898 dus
927 2845 1159 2912 adeptus
1195 2853 1304 2907 est,
1350 2844 1463 2897 labi
1496 2858 1655 2912 posse
1694 2862 1706 2896 :
1739 2843 1833 2911 qui
1872 2859 2005 2897 vero
2039 2843 2362 2897 charitatem

790 2934 1066 2999 habuerit,
1112 2934 1308 2989 cadere
1350 2935 1559 3002 nequit.
1603 2934 1716 3003 Ego
1758 2949 1888 2987 vero
1932 2933 2031 2986 tibi
2086 2932 2209 2985 dico
2276 2948 2363 2985 me

792 3024 995 3079 vidisse
1022 3024 1171 3078 viros
1192 3023 1450 3077 omnibus
1473 3022 1631 3077 donis
1669 3022 2063 3084 accumulatos,
2104 3034 2167 3073 ac
2189 3018 2365 3088 Spiri-

796 3122 887 3167 tus
912 3112 1207 3181 participes
1236 3110 1426 3176 factos,
1461 3112 1555 3180 qui
1582 3127 1708 3165 cum
1742 3126 1851 3164 non
1880 3109 2262 3179 pervenissent
2295 3106 2363 3161 ad

794 3205 1094 3275 perfectam
1131 3203 1453 3258 charitatem
1479 3243 1493 3265 ,
1538 3203 1677 3271 lapsi
1719 3212 1865 3256 sunt.
1897 3200 2127 3267 Quidam
2164 3201 2309 3255 enim
2335 3216 2366 3255 e

796 3297 1098 3359 nobilibus,
1127 3311 1251 3349 cum
1283 3295 1652 3349 renuntiasset
1677 3295 1927 3357 terrenis,
1954 3293 2204 3347 vendidit
2224 3292 2367 3347 bona

795 3404 920 3454 sua,
950 3403 1138 3444 servos
1166 3387 1419 3441 libertate
1449 3387 1673 3440 donavit
1697 3428 1711 3450 ,
1744 3385 1988 3455 prudens
2017 3385 2239 3453 quidem
2262 3424 2277 3447 ,
2306 3397 2369 3439 ac

795 3480 994 3537 sobria:
1025 3480 1241 3543 mentis,
1285 3477 1616 3546 percelebris
1640 3477 1844 3546 alioqui
1872 3476 1944 3531 ob
1974 3476 2259 3530 honestam
2283 3474 2368 3527 vi-

798 3578 909 3623 tam
938 3586 952 3622 :
984 3568 1191 3621 interea
1220 3581 1277 3620 se
1308 3566 1486 3635 ipsum
1510 3565 1920 3636 magnifaciens,
1950 3563 2259 3631 arrogantia
2285 3560 2369 3615 in—

799 3662 1033 3725 tumuit,
1074 3674 1139 3713 ac
1167 3658 1383 3713 tandem
1410 3656 1478 3712 ad
1512 3656 1719 3712 scelera
1744 3664 1799 3711 et
1822 3655 2032 3709 inﬁnita
2068 3654 2207 3708 mala
2238 3667 2368 3723 pro-

797 3755 984 3823 lapsus
1011 3760 1113 3806 est.

870 3845 981 3898 XV.
1022 3845 1177 3897 Alius
1221 3851 1464 3910 tempore
1515 3839 1918 3909 persecutionis
1965 3854 2165 3908 corpus
2206 3853 2367 3892 suum

798 3934 1046 3996 tradidit,
1074 3942 1128 3986 et
1164 3947 1288 3985 cum
1314 3940 1459 3985 esset
1494 3930 1805 3991 confessor,
1839 3939 2026 3998 postea
2062 3942 2194 3997 pace
2228 3928 2367 3982 facta

798 4026 1013 4081 solutus
1034 4033 1136 4087 est,
1156 4032 1381 4091 eratque
1408 4020 1588 4090 magni
1612 4020 1851 4073 nominis
1882 4038 1893 4071 :
1930 4019 2198 4089 palpebra:
2220 4019 2368 4072 enim

802 4118 923 4188 ejus
952 4117 1091 4170 laesae
1127 4123 1274 4176 sunt,
1316 4112 1575 4182 quoniam
1610 4110 1760 4165 fumo
1784 4119 1940 4164 erant
1977 4121 2233 4179 perustae.
2270 4109 2369 4165 llic

802 4206 1148 4280 postmodum
1180 4204 1351 4275 gloria
1382 4203 1709 4265 illustratus,
1741 4218 1865 4255 cum
1896 4202 1962 4255 ad
1993 4217 2185 4270 preces
2208 4216 2369 4255 voca-

802 4308 974 4363 retur,
1008 4298 1346 4353 frumentum
1380 4294 1617 4362 accepit,
1648 4280 1907 4362 dedimue
1943 4292 1996 4345 id
2036 4308 2208 4361 puero
2244 4306 2363 4353 suo,

799 4402 977 4457 eoque
1004 4384 1225 4441 devenit
1251 4384 1370 4454 ejus
1400 4398 1556 4436 mens
1579 4421 1593 4444 ,
1634 4396 1697 4436 ac
1727 4382 1772 4435 si
1814 4398 2093 4451 nunquam
2124 4381 2368 4435 audivis-

2458 1948 2567 2019 γὰρ
2594 1949 2967 2019 ἀναλαμϐάνει
2993 1950 3133 2004 ὅπλα
3155 1949 3251 2003 τοῦ
3275 1949 3533 2003 ἀπελθεῖν
3557 1952 3636 2012 είς
3660 1948 3915 2017 πόλεμον,
3940 1948 4039 1999 καὶ

2460 2037 2835 2104 ἀγωνίσασθαι
2870 2038 3012 2091 κατά
3042 2039 3151 2091 τῶν
3182 2039 3391 2109 ἐχθρῶν
3414 2056 3428 2069 ο
3490 2039 3706 2101 πάντως
3735 2036 4037 2107 ἐφωτίσθη,

2461 2131 2546 2183 ίνα
2578 2130 2979 2201 στρατεύσηται
3011 2131 3151 2184 κατά
3179 2130 3275 2183 τοῦ
3306 2132 3550 2194 σκότους.

2535 2223 2627 2273 ΙΔ’.
2665 2221 2999 2289 Ἐρώτησις.
3032 2220 3165 2287 Πῶς
3186 2222 3347 2289 λέγει
3371 2224 3403 2275 ό
3430 2222 3829 2286 ’Δπόστολος·
3861 2239 3879 2271 ι
3902 2219 4039 2271 Ἐὰν

2456 2310 2575 2380 ἔχω
2604 2309 2810 2366 πᾶσαν
2837 2310 2952 2379 τὴν
2975 2309 3204 2381 γνῶσιν
3225 2350 3240 2375 ,
3276 2311 3375 2365 καί
3405 2309 3614 2367 πᾶσαν
3641 2310 4037 2380 προφητείαν,

2459 2400 2555 2453 καὶ
2602 2399 2772 2454 λαλῶ
2819 2398 2951 2466 ταῖς
2989 2399 3300 2469 γλώσσαις
3346 2398 3468 2453 τῶν
3509 2398 3783 2469 ἀγγέλων
3805 2437 3823 2464 ,
3859 2395 4041 2451 οὐδέν

2458 2493 2594 2560 ειμι.
2632 2509 2651 2541 ι

2545 2581 2902 2647 Ἀπόκρισις.
2938 2578 3051 2646 υῦχ
3076 2576 3248 2639 οὕτως
3274 2574 3565 2643 ὀφείλομεν
3592 2574 3751 2636 νοεῖν,
3776 2572 3861 2625 δτι
3884 2569 4043 2623 οὐδέν

2463 2672 2608 2723 ἐστιν
2637 2671 2666 2722 6
2696 2668 3047 2731 Ἀπόστολος,
3086 2666 3223 2719 ἀλλά
3256 2665 3395 2735 πρὸς
3425 2664 3643 2730 εκείνην
3670 2662 3769 2731 τὴν
3794 2662 4042 2728 ἀγάπην,

2462 2764 2581 2832 ἥτις
2611 2762 2727 2813 ἐστὶ
2753 2760 2957 2824 τελεία,
2991 2757 3165 2811 ταῦτα
3200 2758 3376 2827 μικρά
3399 2756 3536 2818 ἐστι,
3572 2754 3664 2806 καὶ
3692 2753 3721 2804 6
3751 2754 3810 2804 ὲν
3832 2750 4045 2813 τούτοις

2464 2851 2537 2904 ὢν
2590 2854 2703 2914 τοῖς
2752 2851 3005 2920 μέτροις,
3057 2848 3286 2899 πίπτει·
3343 2848 3371 2899 6
3411 2846 3468 2897 δὲ
3503 2844 3641 2923 ἔχων
3670 2842 3767 2911 τὴν
3792 2843 4045 2909 ἀγάπην,

2464 2942 2712 3003 ἀπτωτός
2756 2944 2925 2995 ἐστιν.
2966 2939 3109 3008 Ἐγὼ
3136 2938 3192 2992 δέ
3224 2954 3306 2989 σοι
3334 2936 3510 3004 λέγω,
3554 2935 3628 2997 ὡς
3662 2931 3800 2987 εἶδον
3826 2932 4046 3002 ἀνθρὼ-

2466 3052 2597 3093 πους
2633 3036 2711 3095 είς
2739 3032 2837 3084 ὅλα
2866 3034 2933 3084 τὰ
2954 3031 3271 3101 χαρίσματα
3300 3027 3627 3096 γενομένους
3657 3025 3748 3076 καὶ
3783 3024 4048 3093 μετόχους

2469 3122 2782 3191 Πνεύματος
2808 3136 2822 3151 °
2856 3120 2950 3174 καὶ
2978 3114 3123 3173 οὗτοι
3157 3118 3231 3189 μὴ
3257 3118 3569 3186 φθάσαντες
3600 3115 3679 3177 είς
3704 3113 3804 3184 τὴν
3829 3113 4049 3165 τελείαν

2473 3214 2711 3283 ἀγάπην,
2750 3211 2962 3263 ἔπεσον.
2997 3205 3093 3271 Εἷς
3124 3210 3230 3279 γάρ
3260 3225 3343 3270 τις
3375 3206 3483 3258 τῶν
3512 3203 3749 3272 εὐγενῶν
3775 3201 4052 3268 ἀποταξάμ-

2477 3320 2634 3373 μενος
2690 3302 2971 3371 ἐπώλησεν
3018 3299 3182 3353 αὑτοῦ
3223 3298 3290 3351 τά
3324 3299 3673 3368 ὑπάρχοντα,
3706 3294 4051 3365 ἠλευθέρωσε

2472 3394 2691 3455 δούλους
2712 3435 2725 3458 ,
2762 3392 2836 3444 ὢν
2867 3392 3127 3463 φρόνιμος
3157 3390 3251 3444 καὶ
3277 3390 3495 3451 συνετὸς
3515 3427 3530 3452 ,
3568 3388 3754 3440 λοιπὸν
3786 3386 4052 3456 περιϐόη-

2473 3500 2563 3545 τος
2603 3478 2670 3549 ἦν
2722 3482 2816 3533 ἐπὶ
2862 3480 3045 3551 σεμνῷ
3091 3481 3191 3551 βίῳ
3214 3497 3227 3511 ο
3283 3480 3379 3533 καὶ
3410 3482 3468 3531 ὲν
3496 3478 3575 3545 τῷ
3608 3477 3811 3548 μεταξὺ
3841 3476 4055 3547 οἰηθεὶς

2475 3574 2604 3643 περὶ
2654 3573 2847 3627 ἑαυτοῦ
2876 3612 2891 3638 ,
2946 3573 3040 3625 καὶ
3087 3572 3389 3639 τυφωθεὶς,
3429 3570 3581 3633 τέλος
3618 3568 3920 3622 κατέπεσεν
3971 3569 4057 3630 είς

2474 3663 2783 3729 ἀσελγείας,
2824 3661 2918 3713 καὶ
2947 3660 3116 3731 μυρία
3142 3660 3306 3713 κακά.

2544 3833 2645 3887 ιε’.
2683 3832 2875 3895 ΙἈλλος
2921 3831 3015 3884 ἐπὶ
3048 3831 3290 3901 διωγμοῦ
3322 3830 3520 3884 ἔδωκεν
3554 3830 3746 3884 ἑαυτοῦ
3774 3830 3835 3883 τὸ
3864 3830 4053 3901 σῶμα,

2476 3924 2568 3976 καὶ
2599 3922 2673 3975 ὢν
2700 3923 3039 3991 ὁμολογητὴς
3060 3965 3073 3987 ,
3124 3923 3261 3991 μετά
3290 3923 3465 3974 ταῦτα
3496 3923 3715 3992 είρήνης
3746 3924 4056 3991 γενομένης

2474 4014 2718 4083 ἀπελύθη
2745 4053 2760 4075 ,
2798 4013 2891 4065 καὶ
2920 4009 2988 4083 ἦν
3014 4012 3333 4082 ὀνομαστός.
3369 4011 3449 4064 Τά
3473 4012 3581 4081 γὰρ
3613 4010 3855 4081 βλέφαρα
3882 4012 4054 4066 αὐτοῦ

2472 4098 2539 4172 ἦν
2570 4102 2856 4171 βλαϐέντα,
2896 4102 3083 4172 ἐπειδὴ
3114 4102 3517 4171 ὑπεκαπνίσθη.
3554 4096 3721 4164 Οὗτος
3751 4102 3940 4155 λοιπὸν
3966 4104 4056 4156 δο-

2475 4193 2790 4261 ξαζόμενος,
2822 4192 2916 4246 καὶ
2944 4193 3281 4262 καλούμενος
3312 4193 3388 4256 είς
3417 4194 3515 4256 τὰς
3542 4192 3727 4263 εὐχὰς,
3754 4194 4054 4263 λαμϐάιων

2476 4286 2644 4337 σιτίον
2668 4325 2681 4347 ,
2718 4284 2884 4337 ἐδίδου
2916 4283 2995 4353 τῷ
3021 4284 3173 4335 ιιιεαιδλ⁸
3196 4282 3365 4336 αὐτοῦ
3392 4298 3407 4315 ο
3445 4284 3540 4336 καὶ
3567 4282 3740 4346 οὕτως
3765 4279 3834 4353 ἦν
3864 4286 3894 4337 6
3920 4286 4055 4348 νοῦς

2473 4376 2638 4429 αὑτοῦ
2665 4415 2681 4439 ,
2735 4376 2812 4438 ὡς
2860 4374 3127 4445 μηδέποτε
3170 4374 3413 4436 ἀκούσας
3466 4374 3623 4442 λόγον
3652 4374 3810 4431 Θεοῦ.
3849 4376 4052 4440 ’Ἄλλος

801 4484 885 4531 set
926 4476 1153 4529 verbum
1196 4473 1326 4566 Dei._
1354 4472 1507 4526 Alius
1537 4472 1770 4541 praebuit
1802 4487 2003 4541 corpus
2030 4487 2189 4526 suum
2228 4480 2364 4525 tem-
2395 4468 2492 4566 DE

2353 4498 2364 4509 -
2395 4507 2449 4566 Β
2474 4467 2641 4519 ἔδωκε
2672 4466 2733 4518 τὸ
2761 4466 2919 4536 σῶμα
2945 4464 3107 4517 αὑτοῦ
3147 4466 3239 4516 tul
3270 4463 3537 4533 διωγμοῦ,
3573 4465 3666 4518 καὶ
3695 4466 4044 4537 ἐκρεμάσθη,

802 4578 935 4634 pore
962 4560 1378 4632 persecutionis,
1397 4568 1451 4613 et
1473 4574 1773 4627 suspensus
1791 4567 1876 4613 est
1904 4568 2067 4628 atque
2089 4560 2369 4620 efferbuit,

803 4668 867 4708 ac
894 4660 1079 4722 postea
1109 4652 1391 4719 coniectus
1420 4649 1476 4702 in
1508 4664 1803 4703 carcerem.
1839 4649 2180 4704 Ministrabat
2205 4650 2372 4719 igitur

804 4743 857 4797 ei
897 4743 1049 4811 juxta
1084 4740 1243 4793 ﬁdem
1275 4738 1521 4806 quaedam
1567 4738 1828 4792 canonica
1856 4779 1870 4802 ,
1908 4753 2031 4793 cum
2067 4754 2173 4807 qua
2210 4739 2370 4792 {ami-

808 4832 1043 4885 liaritate
1072 4838 1375 4894 contracta,
1407 4830 1462 4883 in
1489 4844 1710 4883 carcere
1745 4830 1875 4883 dum
1909 4838 2087 4893 esset,
2116 4829 2372 4898 delapsus

807 4933 893 4979 est
939 4922 993 4976 in
1027 4928 1297 4988 stuprum.
1345 4920 1513 4984 Vide,
1546 4919 1698 4975 dives
1741 4920 1834 4990 qui
1869 4920 2191 4974 vendiderat
2233 4920 2375 4974 bona

810 5031 908 5069 sua
930 5056 942 5075 ,
976 5022 1033 5068 et
1053 5012 1147 5082 qui
1174 5012 1475 5065 tradiderat
1504 5026 1702 5081 corpus
1727 5027 1885 5069 suum
1916 5011 1985 5065 ad
2016 5012 2333 5081 martyrium
2357 5051 2373 5077 ,

813 5118 923 5173 quo
955 5111 1112 5171 pacto
1143 5100 1420 5154 ceciderit.

886 5193 1020 5247 XVI.
1059 5192 1211 5245 Alius
1245 5189 1465 5260 quidam
1501 5190 1703 5244 athleta
1732 5205 1925 5260 sagax,
1956 5190 2051 5259 qui
2088 5205 2379 5244 conversa-

819 5284 981 5339 batur
1012 5298 1222 5337 mecum
1251 5284 1305 5336 in
1336 5280 1521 5346 domo,
1548 5297 1873 5351 mecumque
1910 5297 2100 5351 preces
2125 5281 2379 5345 faciebat,

824 5376 983 5445 108
1010 5374 1145 5428 adeo
1172 5374 1415 5443 locuples
1448 5383 1566 5427 erat
1596 5375 1767 5443 gratia
1793 5414 1806 5438 ,
1853 5384 1911 5427 ut
1943 5374 2087 5427 inter
2115 5371 2381 5427 orandum

814 5468 966 5536 juxta
992 5480 1079 5519 me
1106 5472 1583 5533 compungeretur.
1608 5464 1875 5518 Fervebat
1897 5464 2043 5517 enim
2067 5463 2120 5517 in
2149 5462 2242 5516 illo
2259 5478 2383 5532 gra-

819 5558 915 5611 tia.
946 5556 1215 5611 Donatum
1247 5569 1461 5623 quoque
1494 5555 1597 5625 ipsi
1626 5566 1743 5609 erat
1774 5555 1980 5609 donum
2016 5553 2382 5614 sanationum,

822 5671 931 5792 υτ
982 5668 1103 5793 2Gal.
1161 5686 1258 5733 Ill,
1301 5671 1351 5724 3.
1455 5671 1498 5702 "
1540 5670 1738 5739 Ephes.
1794 5670 1968 5735 v1.2.
2075 5668 2122 5701 ⁸³

884 5756 951 5793 ι.
1022 5778 1034 5791 .

2186 5668 2319 5724 ibid.
2378 5669 2461 5723 16.

2478 4557 2571 4608 καὶ
2604 4556 2816 4625 ἐξέστη,
2849 4551 2967 4607 εἶτα
2995 4553 3195 4624 έσλήθη
3231 4555 3311 4617 είς
3334 4554 3435 4623 τὴν
3461 4553 4051 4625 φυλακήν.⁹Υπηρέτει

2478 4646 2569 4698 οὖν
2622 4644 2770 4715 αὐτῷ
2818 4645 2960 4698 κατά
3002 4644 3185 4697 πίστιν
3234 4646 3499 4715 κακονική
3532 4661 3653 4711 τις,
3688 4647 3780 4698 καὶ
3812 4649 4055 4714 ποιήσας

2481 4735 2768 4805 συνήθειαν
2824 4736 2952 4804 μετ’
2998 4735 3188 4805 αὐτῆς,
3225 4734 3301 4787 ὣν
3332 4738 3391 4788 ὲν
3419 4738 3485 4806 τῇ
3518 4737 3751 4807 φυλακῇ,
3790 4737 4055 4802 ἐξέπεσεν

2478 4828 2557 4887 είς
2601 4824 2877 4895 πορνείαν.
2914 4826 3020 4878 Ἰδι
3064 4828 3093 4878 ὁ
3136 4825 3391 4888 πλούσιος
3426 4827 3455 4878 6
3483 4826 3741 4895 πωλήσας
3769 4828 3835 4880 τὰ
3867 4829 4055 4897 iamip-

2482 4934 2644 4987 χοντα
2695 4916 2891 4979 αὐτοῦ,
2934 4917 3032 4970 καὶ
3065 4920 3093 4971 6
3123 4917 3245 4981 δοὺς
3271 4918 3332 4971 τδ
3358 4919 3518 4989 σῶμα
3542 4918 3706 4973 αὑτοῦ
3734 4920 3816 4983 είς
3840 4923 4059 4993 μαρτύ-

2484 5026 2617 5078 ριον,
2654 5009 2772 5070 πῶς
2800 5007 3016 5062 ἔπεσεν.

2553 5188 2669 5254 16.".
2714 5188 2906 5250 ’Ἄλλος
2950 5188 3007 5241 δέ
3050 5206 3135 5251 τις
3179 5191 3444 5260 φρόνιμος
3478 5192 3722 5262 ἀσκητὴς
3754 5194 3933 5247 συνών
3966 5214 4061 5265 μοι

2480 5282 2537 5330 ὲν
2563 5281 2629 5349 τῇ
2656 5280 2823 5348 οἰκίᾳ,
2851 5280 2944 5331 καὶ
2972 5281 3087 5349 μετ’
3114 5280 3247 5350 ἐμοῦ
3275 5283 3586 5352 εὐχόμενος,
3613 5282 3784 5346 οὕτως
3805 5280 3873 5355 ἦν
3896 5286 4063 5340 πλού·

2484 5384 2593 5426 σιος
2627 5370 2683 5419 ὲν
2711 5370 2777 5435 τῇ
2802 5368 3004 5436 χάριτι,
3036 5368 3111 5432 ὡς
3140 5370 3430 5440 εὐχόμενος
3462 5371 3626 5439 ἐγγύς
3656 5389 3757 5441 μου
3785 5376 4060 5428 κατανύτ-

2482 5459 2687 5513 τεσθαι.
2735 5458 3009 5529 Ἐϐρασσε
3052 5460 3161 5531 γὰρ
3210 5463 3267 5513 ὲν
3314 5462 3462 5531 αὑτῷ
3499 5465 3532 5532 ἡ
3572 5465 3767 5534 χάρις’
3806 5467 3964 5534 ἐδόθη
4001 5469 4058 5521 δὲ

2483 5550 2628 5618 αὑτῷ
2676 5550 2769 5602 καὶ
2814 5550 2873 5602 τὸ
2913 5550 3158 5619 χάρισμα
3207 5551 3315 5603 τῶν
3360 5554 3632 5621 ἰαμάτων,
3680 5556 3860 5609 καὶού
3893 5560 4057 5625 μόνον

2570 5667 2615 5699 ⁸⁸
2666 5667 2872 5736 Ephes.
2921 5681 2993 5730 Iv,
3034 5668 3121 5721 30.
3211 5670 3254 5703 ⁸⁸
3296 5670 3462 5724 Hebr.
3496 5687 3570 5735 γι,
3604 5672 3653 5727 ι.
3780 5676 3825 5707 ⁸⁸
3864 5674 3885 5729 l
3924 5673 4052 5731 Cor.
