4282 6364
230 381 338 443 705

1402 388 1768 454 HOMILI/E.
1796 415 1866 429 -
1894 391 2080 455 HOM.
2121 391 2361 454 XXVII.

3363 405 3469 470 706

235 492 355 552 τοὺς
380 490 639 560 δαίμονας
665 492 974 563 ἀπήλαυνεν
990 532 1006 557 ,
1044 494 1180 550 ἀλλά
1205 496 1299 550 καὶ
1318 485 1455 563 ’τοὺς
1477 501 1793 572 δεδεμένους
1818 508 1867 567 Α
1894 516 1926 554 n

1776 519 1793 567 ;
1818 508 1867 567 Α
1894 515 1997 555 nec
2012 500 2186 555 solum
2210 502 2488 558 daemones
2511 504 2837 573 exponebat,
2856 522 3048 563 verum
3072 511 3234 567 etiam
3250 516 3467 574 vinctos

230 578 419 647 χεῖρας
452 580 547 633 καὶ
577 580 772 645 πόδας,
820 584 914 636 καὶ
944 582 1166 653 ἔχοντας
1194 587 1340 659 πάθη
1367 588 1544 657 δεινά,
1577 592 1664 645 διά
1692 593 1795 663 τῆς

231 667 528 730 ἐπιθέσεως
562 669 670 722 τῶν
697 673 897 742 χειρῶν
929 673 1314 743 ἐθεράπευσεν.
1350 678 1484 733 Εῐτα
1515 683 1795 754 ἀμελήσας

230 756 324 809 καὶ
369 757 725 828 δοξαζόμενος
761 763 867 815 ὑπὸ
894 764 988 817 τοῦ
1014 766 1221 834 κόσμου
1243 806 1259 833 ,
1306 770 1399 823 καὶ
1438 773 1795 843 συνηδόμενος

228 847 398 917 αὐτῷ,
438 850 712 920 ἐτυφώθη,
744 854 838 904 καὶ
868 854 1126 920 ἐξέπεσεν
1153 858 1234 920 εἰς
1259 859 1398 912 αύτά
1425 860 1495 913 τὰ
1520 860 1795 931 βαθύτατα

233 940 324 1008 τῆς
368 940 663 1008 ἁμαρτίας.
713 943 819 995 Ἴδε
866 945 961 997 καὶ
1006 946 1037 998 ό
1077 946 1215 1017 ἔχων
1257 949 1503 1020 χάρισμα
1548 954 1794 1024 ίαμάτων

227 1027 441 1083 ἔπεσεν.
475 1030 658 1101 Ὁρᾷς,
686 1034 803 1095 πῶς
828 1034 935 1103 πρὸ
955 1035 1047 1087 τοῦ
1071 1036 1325 1107 ἔρχεσθαι
1349 1043 1430 1104 εἰς
1450 1043 1671 1115 ἀγάπης
1698 1047 1794 1115 μέ-

226 1137 330 1191 τρα
362 1120 666 1177 πίπτωσιν.
702 1126 797 1187 Ὃς
823 1126 933 1197 γὰρ
964 1127 1173 1195 φθάσας
1203 1132 1284 1193 εις
1308 1132 1406 1201 τὴν
1430 1135 1677 1207 ἀγάπην,
1708 1139 1795 1191 δέ·

226 1211 374 1264 δεται
423 1213 517 1265 καὶ
557 1214 920 1282 μεμέθυσται,
955 1214 1105 1282 οὗτος
1136 1225 1662 1293 καταπεπόντισται,
1698 1231 1794 1284 καὶ

226 1301 566 1369 αἰχμάλωτός
592 1304 739 1358 ἐστιν
770 1307 850 1369 είς
878 1307 1036 1362 ἀλλον
1064 1310 1283 1381 κόσμον,
1313 1313 1389 1378 ὡς
1415 1316 1514 1385 τῆς
1543 1317 1679 1382 ιδίας
1701 1319 1796 1388 φύ-

227 1407 363 1454 σεως
393 1395 493 1446 οὐκ
517 1395 927 1466 αισθανόμενος.

293 1566 392 1621 IZ'.
446 1567 775 1640 Ἐρώτησις.
840 1577 901 1630 Τί
944 1578 1149 1633 ἐστιν’
1192 1601 1212 1635 ι
1247 1585 1313 1639 Ἀ
1350 1585 1654 1658 ὀφθαλμὸς
1681 1594 1791 1646 οὐκ

222 1651 362 1722 εῖδε,
392 1660 489 1712 και
517 1656 624 1727 οὖς
652 1666 763 1716 οὐκ
785 1664 1037 1733 ἢκουσε,
1064 1669 1163 1723 και
1185 1671 1285 1724 ἐπὶ
1308 1651 1560 1742 καλοδίωί
1580 1651 1793 1747 ἀρθρώ-

222 1765 338 1802 που
368 1752 477 1805 οὐκ
498 1753 680 1822 ἀνέϐη
701 1772 721 1819 ;
760 1774 779 1807 ι

1897 592 2151 647 manibus
2185 608 2249 648 ac
2285 593 2553 662 pedibus,
2588 611 2652 651 ac
2681 598 2937 665 gravibus
2968 602 3177 657 morbis
3216 605 3469 662 laboran-

1898 686 2000 744 tes,
2024 697 2122 749 per
2139 682 2544 751 impositionem
2573 702 2833 741 manuum
2852 691 3099 746 curabat.
3125 694 3319 750 Postea
3342 712 3467 752 cum

1894 770 2223 840 negligentia
2255 772 2545 839 dilllueret,
2577 783 2743 844 atque
2772 778 3002 847 gloriam
3034 792 3230 839 nactus
3250 801 3283 840 a
3309 800 3471 841 mun-

1895 858 1989 924 do,
2020 862 2103 916 sui
2126 862 2300 931 ipsius
2327 862 2688 921 delectatione
2708 874 3013 935 teneretur,
3035 875 3293 942 superbia
3320 875 3469 931 intu-

1893 950 2053 1016 muit,
2082 961 2246 1020 atque
2268 952 2524 1023 delapsus
2542 966 2627 1013 est
2651 958 2706 1012 in
2742 958 2857 1028 ipsa
2885 960 3311 1029 profundissima
3334 980 3467 1035 pec-

1893 1038 2021 1091 cati.
2069 1040 2239 1104 Vide,
2282 1043 2427 1112 quod
2472 1045 2638 1099 etiam
2684 1046 2809 1112 ille,
2853 1050 2945 1117 qui
2979 1050 3181 1107 donum
3229 1056 3468 1110 sanatio-

1891 1145 2023 1184 num
2049 1131 2307 1200 habebat,
2339 1136 2622 1192 ceciderit.
2654 1139 2820 1194 Vides
2842 1144 3139 1210 quomodo,
3172 1156 3465 1217 antequam

1891 1222 2214 1289 perveniant
2247 1226 2315 1280 ad
2350 1242 2662 1283 mensuram
2694 1231 2979 1288 charitatis
3000 1273 3017 1298 ,
3052 1234 3327 1291 labantur.
3356 1238 3463 1304 Qui

1891 1312 2038 1365 enim
2080 1315 2401 1371 charitatem
2434 1330 2717 1376 assecutus
2750 1323 2989 1379 vincitur
3026 1334 3082 1381 et
3120 1327 3462 1395 inebriatur,

1892 1401 1983 1456 hic
2008 1402 2345 1476 demergitur
2371 1417 2427 1464 et
2459 1412 2767 1480 captivatur
2798 1415 2854 1469 in
2878 1416 3046 1471 alium
3079 1422 3367 1485 mundum,
3398 1437 3467 1477 ac.

1892 1492 1939 1546 si
1970 1497 2244 1563 propriam
2270 1509 2521 1554 naturam
2552 1516 2658 1556 non
2693 1506 2911 1562 sentiat.

1963 1583 2123 1640 XVII.
2154 1587 2535 1658 Interrogatio.
2578 1593 2717 1658 Quid
2753 1605 2830 1649 est
2862 1597 2885 1650 2
2930 1616 2950 1649 ι
2985 1596 3115 1664 Qua
3142 1601 3320 1656 oculus
3354 1621 3462 1659 non

1894 1675 2040 1738 vidit,
2072 1694 2166 1730 nec
2196 1681 2342 1732 auris
2367 1682 2605 1747 audivit,
2641 1701 2733 1738 nec
2763 1688 2818 1739 in
2848 1704 2939 1740 cor
2954 1691 3177 1744 hominis
3214 1696 3462 1747 ascende-

1898 1775 2021 1818 runt
2055 1767 2140 1818 '7?
2176 1786 2195 1818 ι

304 1842 659 1909 Ἀπόκρισις.
717 1848 852 1899 Κατ’
882 1848 1089 1904 ἐκεῖνον
1122 1852 1215 1906 τὸν
1243 1856 1431 1925 καιρὸν
1460 1859 1510 1911 οἱ
1540 1862 1783 1930 μεγάλοι,
1820 1834 1867 1891 Β
1979 1853 1995 1907 ι

1770 1905 1783 1928 ν
1820 1834 1867 1891 Β
1979 1853 2277 1925 Responsio.
2317 1859 2413 1914 Illo
2436 1869 2680 1930 tempore
2703 1876 2999 1936 magnates,
3025 1870 3180 1939 justi,
3209 1887 3364 1943 reges
3403 1883 3461 1930 et

220 1931 315 1983 καὶ
339 1932 556 1998 δίκαιοι,
592 1938 685 1988 καὶ
712 1936 972 2005 βασιλεῖς,
1009 1944 1104 1996 καὶ
1130 1947 1424 2016 προφῆται,
1463 1950 1545 2004 ὅτι
1576 1954 1673 2021 μὲν
1698 1954 1789 2025 ἔρ-

219 2036 371 2089 χεται
400 2025 429 2075 ό
450 2024 763 2097 Λυτρωτὴς,
797 2028 1034 2099 ᾔδεισανο
1068 2034 1148 2087 ὃτι
1174 2036 1231 2088 δέ
1260 2040 1479 2108 πάσχει,
1509 2045 1602 2095 καὶ
1626 2024 1791 2099 σταυ-

217 2113 442 2181 ροῦται,
492 2116 585 2168 καὶ
629 2117 768 2189 αἷμα
814 2123 1055 2191 ἐκχεῖται
1100 2126 1191 2178 ἐπὶ
1228 2128 1323 2181 τοῦ
1361 2132 1622 2203 σταυροῦ,
1662 2136 1783 2189 οὔτε

216 2201 436 2271 ᾔδεισαν
456 2242 471 2267 ,
522 2204 646 2258 οὔτε
691 2208 929 2279 ἥκουσαν
950 2252 966 2276 ,
1015 2214 1139 2267 οὔτε
1169 2216 1335 2289 ἀνέϐη
1362 2201 1539 2273 αὐτῶν
1569 2223 1663 2277 ἐπὶ
1688 2226 1783 2296 τὴν

216 2295 442 2362 καρδίαν
467 2332 484 2359 ,
532 2297 615 2350 ὅτι
665 2298 817 2354 ἔσται
846 2302 1126 2376 βάπτισμα
1156 2309 1324 2379 πυρὸς
1352 2313 1444 2365 καὶ
1467 2314 1783 2386 Πνεύματος

215 2386 374 2452 ἁγίου
397 2402 413 2418 ο
468 2389 560 2440 καὶ
602 2391 684 2442 ὃτι
721 2392 779 2444 ἐν
806 2396 870 2464 τῇ
903 2395 1198 2469 Ἐκκλησία
1224 2403 1590 2473 προσφέρεται
1619 2409 1783 2477 ἄρτος

214 2474 311 2527 καὶ
347 2471 489 2540 οἶνος
511 2516 527 2541 ,
578 2481 871 2538 ἀντίτυπον
899 2485 994 2555 τῆς
1028 2491 1231 2559 σαρκὸς
1260 2471 1551 2549 αὐτοῦκαὶ
1574 2471 1669 2550 τοῦ
1695 2471 1782 2551 ai;

216 2563 387 2634 μάτος
411 2583 427 2598 °
480 2569 577 2623 καὶ
613 2573 661 2624 oi
698 2577 1201 2647 μεταλαμϐάνοντες
1235 2584 1300 2635 ἐκ
1328 2586 1422 2638 τοῦ
1453 2591 1779 2657 φαινομένου

212 2659 404 2729 ἄρτου,
436 2670 820 2734 πνευματικῶς
846 2672 944 2742 τὴν
971 2673 1147 2742 σάρκα
1168 2678 1263 2729 τοῦ
1289 2680 1495 2750 Κυρίου
1517 2683 1777 2738 ἐσθίουσιο

212 2750 307 2803 καὶ
348 2754 432 2806 ὅτι
479 2756 526 2807 οἱ
557 2756 843 2813 ἀπόστολοι
878 2765 970 2815 καὶ
997 2766 1045 2816 οἱ
1072 2767 1389 2835 Χριστιανοὶ
1415 2771 1658 2841 δέχονται
1687 2775 1778 2829 τὸν

214 2842 571 2915 Παράκλητον
593 2887 608 2911 ,
663 2850 755 2902 καὶ
798 2851 1071 2908 ἐνδύονται
1112 2854 1342 2926 δύναμιν
1372 2860 1429 2925 ἐξ
1461 2860 1647 2929 ὕψους,
1685 2866 1778 2917 καὶ

211 2933 545 3003 πληροῦνται
591 2939 691 3009 τῆς
733 2939 1015 3012 θεότητος·
1054 2945 1151 2997 καὶ
1182 2947 1263 2999 ὅτι
1294 2952 1688 3020 συγκιρνῶνται
1720 2956 1776 3006 αἱ

210 3027 381 3097 ψυχαὶ
407 3026 486 3097 τῷ
511 3029 650 3100 ἁγίῳ
677 3032 973 3102 Πνεύματι.
1010 3036 1179 3090 Τοῦτο
1206 3039 1306 3092 οὐκ
1326 3040 1546 3109 ᾔδεισαν
1573 3045 1621 3096 οἱ
1644 3062 1777 3115 προ-

211 3121 381 3189 φῆται
412 3122 508 3174 καὶ
530 3124 766 3192 βασιλεῖς
784 3165 798 3190 ,
835 3126 960 3181 οὔτε
988 3131 1155 3201 ἀνέϐη
1182 3135 1362 3188 αὐτῶν
1392 3136 1486 3190 ἐπὶ
1514 3137 1609 3209 τὴν
1638 3156 1775 3209 καρ-
1804 3170 1847 3227 c

209 3212 352 3265 δίαν.
415 3213 531 3266 Νῦν
560 3215 668 3288 γὰρ
699 3219 749 3270 οἱ
782 3219 1097 3289 Χριστιανοὶ
1129 3224 1304 3289 ἄλλως
1335 3228 1644 3296 πλουτοῦσι,
1682 3233 1777 3284 καὶ

208 3302 566 3357 ἐπιποθοῦσιν
621 3309 702 3369 είς
746 3310 844 3379 τὴν
888 3310 1156 3381 θεότηταο
1208 3318 1345 3370 ἀλλά
1386 3320 1481 3372 καὶ
1521 3323 1780 3392 τοιαύτην

209 3394 387 3463 χαράν
415 3396 509 3448 καὶ
538 3399 882 3469 παράκλησιν
906 3401 1118 3473 ἔχοντες
1145 3407 1251 3461 ὑπὸ
1277 3410 1439 3478 φόϐον
1467 3412 1559 3465 καὶ
1578 3415 1779 3483 τρόμον

208 3485 368 3539 είσίν.

283 3576 388 3629 lH’.
437 3578 775 3647 Ἐρώτησις.
825 3584 957 3639 Ὑπὸ
987 3589 1160 3642 ποῖον
1182 3591 1370 3658 φόϐον
1398 3594 1494 3646 καὶ
1521 3596 1776 3663 τρόμον;

291 3668 656 3738 Ἀπόκρισις.
694 3674 797 3727 Τοῦ
829 3678 902 3747 μὴ
930 3678 1195 3747 σφαλῆναι
1226 3681 1281 3732 ἕν
1306 3699 1431 3747 τινι,
1467 3684 1603 3736 ἀλλά
1636 3702 1774 3754 συμ-

209 3763 411 3827 φωνεῖν
439 3767 503 3833 τῇ
535 3764 736 3835 χάριτι.
762 3766 969 3838 Ὥσπερ
1003 3771 1097 3825 ἐὰν
1182 3790 1263 3835 τις
1288 3774 1423 3843 ἔχων
1447 3776 1771 3850 θησαυροὺς,

206 3850 302 3901 καὶ
324 3850 485 3920 ὁδεύῃ
515 3855 591 3915 εἰς
618 3852 815 3917 τόπους
845 3855 972 3909 1ἔνθα
992 3859 1098 3911 είσὶ
1125 3859 1345 3930 λῃσταὶ,
1377 3863 1559 3916 λοιπὸν
1596 3866 1773 3933 χαίρει

209 3939 310 4007 μὲν
340 3940 428 3992 διὰ
458 3942 685 3997 πλοῦτον
714 3945 808 3997 καὶ
831 3948 921 3999 τὸν
947 3947 1234 4020 θησαυρδν,
1254 3953 1356 4005 ὑπὸ
1380 3954 1540 4021 φόϐον
1559 3955 1616 4009 δέ
1636 3958 1769 4022 ἐστι,

208 4030 410 4098 μήπως
444 4030 765 4099 ἐπελθόντες
800 4030 850 4090 ιζ
883 4036 1076 4107 λῃσταὶ
1105 4040 1407 4111 συλήσωσιν
1432 4043 1626 4110 αὐτὸν,
1677 4046 1772 4099 κα)⁸

204 4119 283 4181 ὡς
339 4120 621 4189 βαστάζων
668 4126 747 4187 είς
793 4126 890 4188 τάς
932 4130 1116 4197 χεῖρας
1156 4131 1319 4184 αὐτοῦ
1359 4133 1418 4185 τὸ
1452 4134 1581 4186 ἴδιον
1612 4135 1771 4205 σῶμα

205 4211 381 4274 οὕτως
429 4214 594 4267 ἐστίν.
637 4214 767 4267 Ἰδοὺ
812 4218 919 4288 γὰρ
963 4220 1020 4272 ἐν
1051 4223 1163 4283 τοῖς
1196 4224 1535 4293 φαινομένοις
1572 4228 1770 4291 πάντες

205 4303 600 4374 ἀπταξὰμεοα
622 4346 638 4371 ,
691 4308 787 4361 καὶ
829 4311 995 4378 ἐσμὲν
1029 4311 1172 4377 ξένοι
1202 4314 1293 4366 καὶ
1318 4317 1641 4386 ἀκτήμονες,
1674 4320 1770 4373 καὶ

204 4392 493 4457 κοινωνίας
521 4397 789 4465 σαρκικῆς
817 4400 1190 4469 ἐστερημένοι.
1227 4396 1445 4468 Λοιπὸν,
1474 4406 1549 4457 ῐδε
1574 4408 1634 4459 τὸ
1658 4408 1765 4459 orli-

1893 1946 2205 2013 prophetae,
2248 1958 2543 2006 venturum
2573 1970 2693 2009 esse
2733 1956 3063 2014 Salvatorem
3084 2001 3100 2026 ,
3143 1973 3456 2020 noverant:

1892 2049 2180 2104 passurum
2206 2050 2388 2094 autem
2409 2057 2548 2108 esse,
2576 2046 3025 2117 cruciﬁgendum,
3049 2066 3114 2107 ac
3135 2056 3455 2124 sanguinem

1890 2127 2243 2195 protusurum
2285 2133 2340 2186 in
2369 2149 2554 2201 cruce,
2596 2153 2705 2191 non
2738 2152 3025 2207 noverant,
3053 2160 3233 2214 neque
3259 2147 3455 2203 audie-

1889 2227 2048 2281 rant;
2103 2234 2281 2290 neque
2353 2226 2604 2280 ascendit
2678 2229 2733 2283 in
2790 2246 2982 2286 eorum
3037 2250 3134 2289 cor
3205 2238 3456 2295 futurum

1888 2306 2157 2376 baptisma
2188 2312 2328 2381 ignis
2354 2329 2417 2369 ac
2446 2316 2685 2385 Spiritus
2703 2324 2911 2391 sancti;
2939 2326 3091 2390 item,
3126 2330 3179 2382 in
3205 2330 3453 2388 Ecclesia

1887 2398 2227 2456 oﬂ‘erendum
2258 2419 2378 2460 esse
2408 2422 2603 2475 panem
2637 2420 2692 2465 et
2716 2414 2925 2480 vinum,
2968 2424 3154 2487 typum
3185 2435 3283 2476 seu
3314 2423 3456 2494 ﬁgu~

1888 2504 2001 2543 ram
2029 2494 2209 2549 carnis
2236 2497 2352 2565 ejus
2385 2513 2449 2553 ac
2477 2503 2757 2571 sanguinis
2790 2523 2802 2559 :
2828 2515 2991 2577 atque
3008 2525 3123 2579 eos,
3154 2514 3249 2582 qui
3278 2517 3453 2585 parti-

1887 2578 2073 2646 cipant
2124 2580 2193 2635 de
2253 2598 2395 2651 pane
2437 2587 2642 2643 visibili
2674 2592 2771 2660 (Il),
2826 2578 3187 2662 spiritualiter
3229 2578 3453 2659 carnem

1884 2668 2102 2724 Domini
2163 2688 2360 2730 esuros
2399 2693 2414 2730 :
2466 2679 2634 2744 item,
2684 2686 2959 2751 apostolos
3007 2696 3064 2741 et
3110 2688 3453 2750 Christianos

1884 2772 2240 2831 suscepturos
2282 2766 2622 2824 Paracletum
2647 2812 2661 2837 ,
2705 2781 2870 2843 atque
2913 2777 3218 2837 induendos
3245 2786 3453 2843 virtute

1882 2866 1950 2904 ex
1990 2852 2122 2916 alto,
2170 2870 2235 2911 ac
2291 2859 2581 2926 replendos
2627 2862 2914 2921 divinitate
2958 2885 2972 2922 :
3020 2874 3451 2933 commiscendas

1882 2956 2101 3013 quoque
2132 2947 2343 3003 animas
2368 2965 2493 3004 cum
2517 2952 2725 3022 Spiritu
2748 2966 2958 3015 sancto.
2986 2962 3101 3019 Hoc
3126 2965 3452 3035 ignorabant

1882 3039 2163 3105 prOphetag
2206 3058 2271 3096 ac
2302 3060 2490 3114 reges,
2532 3064 2709 3118 neque
2739 3054 3060 3111 ascenderat
3099 3059 3154 3114 in
3200 3076 3296 3115 cor
3327 3064 3453 3119 illo-

1882 3141 2023 3179 rum.
2049 3128 2203 3184 Nunc
2231 3134 2378 3187 enim
2410 3136 2703 3193 Christiani
2736 3143 2840 3197 alio
2880 3155 3039 3214 pacto
3069 3148 3361 3221 ditescant,
3384 3170 3451 3213 ac

1880 3215 2155 3272 desiderio
2201 3224 2492 3292 rapiuntur
2528 3229 2595 3281 ad
2647 3230 3025 3303 divinitatem;
3077 3248 3133 3293 at
3177 3242 3305 3297 licet
3343 3215 3448 3302 hoc

1879 3309 2076 3376 gaudio
2113 3320 2168 3365 et
2197 3316 2572 3372 consolatione
2604 3321 2977 3397 perfruantur,
3026 3331 3220 3389 timore
3259 3344 3444 3394 tamen

1878 3412 1941 3453 ac
1968 3407 2202 3457 tremore
2240 3407 2651 3464 concutiuntur.

1948 3566 2129 3625 XVIII.
2160 3572 2536 3646 Interrogatio.
2579 3582 2693 3647 Quo
2719 3586 2903 3641 timore
2936 3608 2998 3644 ac
3036 3600 3264 3650 tremore
3290 3597 3316 3651 1’

1947 3657 2249 3727 Responsio.
2280 3665 2357 3720 Ne
2388 3668 2645 3726 aberrent
2675 3674 2727 3727 in
2753 3677 2955 3745 aliquo,
2982 3683 3076 3735 sed
3102 3686 3441 3745 concordent

1874 3750 2080 3815 gratia}.
2113 3752 2347 3809 Perinde
2371 3772 2435 3811 ac
2455 3760 2499 3812 si
2527 3763 2670 3829 quis,
2702 3767 2795 3833 qui
2816 3768 3013 3824 haheat
3042 3774 3349 3843 thesauros,
3381 3789 3439 3835 et

1874 3835 2252 3903 proﬁciscatur
2303 3844 2370 3897 ad
2415 3846 2555 3912 loca,
2601 3852 2695 3906 ubi
2742 3866 2871 3909 sunt
2924 3860 3186 3926 latrones,
3237 3835 3440 3936 gaudet

1872 3925 2091 3992 quidem
2113 3938 2338 3999 pr0pter
2362 3948 2491 4004 Opes
2506 3949 2561 3993 et
2585 3939 2920 4012 thesaurum,
2949 3951 3052 4004 sub
3075 3925 3221 4009 metu
3238 3925 3442 4014 nihilo-

1870 4020 2051 4076 minus
2086 4035 2188 4088 est,
2231 4041 2299 4080 ne
2342 4034 2795 4098 supervenientes
2836 4038 3077 4097 latrones
3116 4045 3439 4115 depraeden-

1872 4118 1961 4164 tur
1988 4128 2077 4178 se,
2108 4122 2163 4169 et
2191 4119 2418 4185 perinde
2456 4132 2539 4177 est
2573 4139 2638 4179 ac
2681 4126 2727 4180 si
2771 4138 2945 4198 gestet
2986 4136 3243 4193 manibus
3272 4156 3436 4197 suum

1869 4205 2151 4273 proprium
2185 4223 2403 4279 corpus.
2432 4212 2570 4269 Ecce
2590 4217 2758 4284 enim,
2790 4223 2969 4289 quoad
3001 4240 3087 4287 ea,
3115 4242 3235 4296 qua:
3262 4234 3438 4289 oculis

1870 4303 2078 4360 patent,
2112 4310 2302 4353 omnes
2344 4304 2798 4371 renuntiavimus,
2830 4324 2895 4364 ac
2923 4326 3112 4368 sumus
3137 4320 3434 4389 peregrini,

1870 4391 2036 4451 atque
2070 4385 2293 4455 inopes,
2324 4394 2638 4462 carnalique
2683 4398 2948 4455 societate
2976 4403 3214 4471 privati:
3250 4385 3434 4477 quoad

209 4500 289 4551 μα
338 4486 514 4537 κεῖται
556 4488 633 4548 είς
672 4488 872 4557 εὐχήν·
912 4489 1212 4557 ὀφείλουσιν
1248 4493 1373 4546 ἰδεῖν
1436 4497 1486 4547 οἱ
1517 4497 1761 4565 ἀδελφοὶ,
1799 4493 1845 4551 D
1872 4490 1900 4528 c

1748 4539 1761 4562 ,
1799 4493 1845 4551 ο
1872 4484 2067 4531 caetera
2094 4480 2216 4533 vide
2238 4519 2253 4543 ,
2284 4496 2484 4551 corpus
2528 4486 2595 4539 ad
2632 4491 2938 4546 orationem
2969 4498 3311 4565 propendet;
3342 4502 3436 4556 de-

205 4576 255 4626 εἰ
285 4575 395 4643 ἄρα
430 4577 524 4629 σὺν
552 4578 629 4647 τῷ
659 4578 993 4648 σώματι,καὶ
1020 4584 1048 4634 ό
1073 4583 1196 4646 νοῦς
1226 4590 1522 4654 συμφωνεῖ.
1559 4590 1766 4659 ’Ὥσπερ

205 4666 299 4715 ἐπί
329 4664 389 4716 τὸ
419 4666 668 4719 πλεῖστον
699 4669 748 4719 oi
779 4672 1016 4738 τεχνῖται
1049 4673 1189 4740 μετά
1214 4675 1442 4742 κόσμον,
1477 4679 1570 4730 καὶ
1597 4679 1645 4730 οἱ
1674 4681 1764 4747 ἑρ-

204 4757 610 4827 γαστηριάρχαι
659 4759 841 4828 ἔχουσι
874 4761 933 4812 τὸ
965 4762 1122 4831 σῶμα
1150 4766 1536 4835 ἀποδεδεμένον
1566 4772 1642 4831 εἰς
1670 4769 1767 4839 τὴν

204 4849 401 4916 τέχνην
426 4891 441 4913 ,
498 4852 698 4919 ὁμοίιος
749 4853 839 4903 καὶ
885 4853 975 4905 τὸν
1018 4854 1139 4907 νοῦν
1182 4857 1373 4919 νυκτὸς
1410 4860 1502 4911 καὶ
1536 4861 1765 4929 ἡμέρας.

204 4940 408 4993 Λοιπὸν
452 4941 516 4992 σὺ
564 4941 854 5011 ἐπίσκεψαι
897 4946 1120 4998 σεαυτὸν
1139 4986 1154 5011 ,
1187 4947 1324 5015 ἔχων
1354 4949 1413 5001 τὸ
1441 4950 1595 5018 σῶμα
1624 4950 1769 5013 ξένον

203 5027 298 5083 τοῦ
328 5032 532 5101 κόσμου
557 5033 776 5097 τούτου,
811 5031 918 5104 ἆρα
948 5036 1091 5105 ἔχεις
1117 5039 1211 5090 καὶ
1234 5039 1323 5092 τὸν
1348 5040 1470 5093 νοῦν
1494 5041 1769 5111 ἀλλότριον

201 5124 394 5175 τούτου
448 5122 540 5175 τοῦ
583 5124 809 5188 αἰῶνος,
866 5125 959 5177 καὶ
1008 5128 1066 5178 ού
1104 5129 1277 5198 ῥέμϐῃ
1309 5131 1387 5192 εἰς
1413 5131 1503 5183 τὸν
1526 5132 1764 5203 κόσμον;

204 5216 313 5266 Καὶ
343 5215 449 5283 γὰρ
478 5214 703 5276 ἕκαστος
731 5215 989 5284 κοσμικδς
1015 5218 1047 5287 ἦ
1078 5218 1427 5288 στρατιώτης,
1453 5221 1483 5289 ἢ
1507 5220 1765 5293 ἔμπορος,

200 5307 335 5358 ὅπου
366 5305 478 5375 ἔχει
510 5306 570 5369 τὸ
598 5307 774 5375 σῶμα,
811 5309 927 5360 ἐκεῖ
956 5308 1067 5378 ἔχει
1094 5309 1185 5363 τὸν
1209 5309 1330 5363 νοῦν
1358 5312 1760 5381 ἀποδεδεμένον,

200 5399 297 5451 καὶ
345 5400 459 5451 ἐκεῖ
504 5400 653 5469 αὐτῷ
695 5401 841 5452 ἐστιν
885 5403 913 5455 ὁ
955 5402 1240 5470 θησαυρός.
1291 5403 1599 5473 Γέγραπται
1632 5406 1758 5475 γὰρ,

200 5489 396 5545 Ὅπου
422 5494 454 5545 ό
479 5493 802 5561 θησαυρὸς,
834 5494 962 5548 ἐκεῖ
979 5494 1077 5547 καὶ
1109 5496 1146 5561 ἡ
1171 5493 1399 5561 καρδία.

266 5668 315 5702 ⁸⁷
356 5665 532 5723 ICor.
572 5684 631 5732 ιι,
667 5667 721 5722 9.
796 5668 840 5700 ⁸⁸
878 5666 1072 5721 Matth.
1104 5682 1178 5731 vt,
1207 5665 1296 5724 21.

1871 4568 2003 4623 bent
2033 4571 2231 4627 fratres
2265 4577 2570 4641 attendere,
2600 4595 2731 4634 num
2775 4587 2992 4653 corpori
3027 4604 3182 4643 mens
3214 4608 3436 4662 quoque

1870 4669 2133 4714 consonet
2161 4678 2172 4713 :
2206 4665 2665 4731 quemadmodum
2705 4679 2765 4723 ut
2798 4673 3094 4740 plurimum
3130 4678 3185 4733 in
3228 4684 3435 4737 mundo

1870 4748 2125 4812 artitices,
2152 4759 2314 4821 atque
2338 4756 2759 4811 architectorum
2781 4762 3054 4831 principes
3080 4766 3284 4822 habent
3305 4786 3433 4824 cor-

1867 4854 1968 4907 pus
2000 4840 2311 4896 deviuctum
2339 4845 2405 4897 ad
2442 4856 2638 4910 artem,
2672 4848 2859 4903 itidem
2888 4862 2946 4906 et
2976 4855 3216 4910 animum
3260 4870 3432 4915 noctu

1867 4931 2091 5000 diuque.
2120 4934 2197 4986 Tu
2230 4949 2359 5004 ergo
2388 4940 2665 5005 perpende
2696 4949 2744 4995 te
2770 4942 2969 5011 ipsum,
3000 4946 3093 5014 qui
3117 4947 3283 5003 habes
3309 4965 3433 5005 cor-

1866 5038 1967 5089 pus
1996 5025 2341 5093 percgrinum
2364 5028 2433 5080 ab
2461 5028 2565 5083 hoc
2597 5032 2823 5096 mundo,
2865 5050 2996 5089 num
3034 5038 3198 5091 etiam
3227 5039 3430 5095 habeas

1866 5122 2105 5168 mentem
2131 5116 2362 5169 alienam
2390 5118 2459 5171 ab
2490 5120 2593 5174 hoc
2626 5123 2845 5186 sarculo,
2884 5140 2948 5178 ac
2976 5142 3083 5180 non
3111 5132 3429 5198 occupatio-

1866 5206 2027 5259 nibus
2061 5208 2247 5260 mundi
2282 5208 2617 5265 detinearis?
2647 5214 2887 5277 Quilibet
2926 5218 3072 5271 enim
3108 5221 3383 5276 saecularis
3409 5262 3428 5285 ,

1871 5299 1985 5353 sive
2027 5301 2201 5362 miles,
2251 5301 2365 5355 sive
2403 5313 2696 5368 mercator,
2745 5306 2837 5359 ubi
2877 5322 3075 5377 corpus
3120 5310 3305 5376 habet,
3349 5313 3428 5368 ibi

1869 5409 2085 5463 quoquc
2121 5394 2283 5447 habet
2304 5403 2539 5449 mentem
2572 5396 2898 5461 devinctam,
2925 5400 3109 5469 ibique
3141 5403 3429 5460 thesaurus

1867 5488 1984 5556 ejus
2031 5496 2131 5540 est.
2174 5486 2449 5554 Scriptum
2494 5489 2642 5543 enim
2694 5499 2822 5544 est:
2861 5491 2955 5546 Ubi
2998 5495 3312 5561 thesaurus,
3356 5495 3428 5549 ibi

1869 5581 2029 5632 etiam
2054 5595 2140 5631 car
2172 5578 2236 5630 ⁸⁸.

273 5780 351 5849 (1)
391 5779 448 5833 Id
490 5787 594 5839 cst,
631 5794 740 5831 non
783 5776 986 5831 visibili
1032 5779 1193 5832 modo
1226 5788 1282 5833 et
1324 5794 1420 5846 eo,
1450 5795 1558 5851 quo
1593 5779 1776 5835 oditur
1814 5779 1916 5834 alia
1945 5794 2092 5847 caro,
2128 5778 2223 5835 scd
2258 5781 2525 5851 Spirituali
2555 5792 2610 5839 ct
2646 5786 2929 5840 invisibili.

514 5870 780 5928 PATROL.
822 5868 938 5929 Gn.
970 5870 1256 5931 XXXIV.

2863 5876 2941 5935 23
