4282 6364
791 384 893 452 ’1οΊ

789 602 952 643 sauro
976 586 1047 640 sit
1072 586 1337 644 intentus,
1384 597 1452 635 an
1492 590 1638 635 totus
1680 580 1837 649 plane
1873 580 1983 633 Deo
2016 594 2117 633 nec
2142 580 2245 632 ne?
2274 580 2358 633 sin

790 680 972 733 minus
996 686 1101 739 est,
1126 674 1410 743 exponatis
1430 673 1587 737 mihi,
1619 672 1747 741 quid
1777 670 2079 739 impediat?
2102 670 2356 725 Profecto

790 771 1016 825 Satanas
1045 777 1100 822 et
1128 767 1400 821 daemones
1425 764 1794 833 suntspiritus
1819 776 2074 830 nequam,
2105 760 2199 828 qui
2222 761 2361 815 deti-

789 873 923 916 nent
950 869 1186 913 mentem
1218 869 1380 925 atque
1423 856 1658 909 animam
1700 853 2047 908 subvertunt.
2094 851 2361 906 Vcrsutus

789 957 933 1010 enim
949 964 1030 1007 est
1054 950 1322 1011 diabolus,
1338 949 1635 1001 instructus
1654 946 1941 1007 machinis,
1959 944 2168 998 foribus
2186 954 2362 1013 terge-

791 1046 978 1108 minis,
1013 1060 1075 1097 ac
1101 1041 1317 1094 vafritie
1343 1041 1533 1102 multa,
1560 1046 1821 1105 occupata
1844 1046 1991 1090 tenet
2016 1051 2214 1105 pascua
2243 1035 2360 1087 ani-

794 1155 894 1192 ma:
924 1146 1087 1205 atque
1109 1133 1489 1203 cogitationes,
1516 1145 1616 1184 nec
1640 1128 1906 1197 permittit
1936 1136 2084 1181 recte
2133 1126 2353 1196 precari

793 1240 847 1284 et
885 1227 1146 1282 accedere
1187 1224 1250 1277 ad
1280 1224 1484 1285 Deum;
1520 1219 1779 1289 quoniam
1822 1218 1940 1286 ipsa
1966 1227 2161 1271 natura
2191 1215 2361 1283 parti-

794 1336 923 1390 ceps
953 1328 1037 1371 est
1066 1318 1371 1370 daemonum
1425 1330 1485 1367 ac
1520 1312 1810 1381 spirituum
1837 1310 2097 1378 nequitias
2124 1325 2139 1373 ;
2170 1308 2358 1361 itidem

792 1411 1108 1478 angelorum
1139 1422 1201 1461 ac
1237 1406 1475 1473 Spiritus
1506 1404 1710 1458 sancti:
1734 1402 1993 1469 templum
2020 1410 2105 1453 est
2126 1400 2358 1461 Satanae,

792 1520 857 1557 ac
921 1504 1183 1570 templum
1238 1499 1411 1551 sancti
1449 1496 1704 1565 Spiritus.
1742 1493 2010 1547 Cazterum
2068 1489 2361 1558 expanditc

793 1597 1032 1647 animum
1061 1600 1323 1651 vestrum,
1344 1589 1559 1647 fratres,
1584 1588 1865 1655 cujusnam
1890 1584 2021 1637 estis
2046 1582 2358 1650 participes,

794 1682 1108 1748 angelorum
1142 1694 1210 1731 an
1240 1675 1765 1740 daemonum?cujns
1794 1671 2059 1739 templum
2096 1678 2150 1723 et
2184 1668 2361 1721 domi-

794 1771 981 1823 cilium
1030 1768 1182 1827 estis,
1241 1766 1335 1818 Dei
1395 1780 1461 1816 an
1496 1763 1740 1815 diaboli?
1780 1776 1874 1813 cor
1920 1758 2065 1826 quali
2102 1757 2361 1810 thesauro

795 1858 868 1911 sit
909 1856 1197 1923 repletum,
1228 1852 1415 1921 gratiae
1448 1866 1517 1905 an
1568 1848 1818 1903 Satanaz?
1857 1846 2020 1899 Velut
2064 1844 2230 1913 igitur
2263 1843 2359 1896 do-

794 1962 918 2000 mus
940 1960 1063 1999 cum
1090 1944 1287 1997 referta
1320 1951 1403 1995 est
1432 1940 1799 2009 graveolentia
1840 1952 1905 1990 ac
1933 1948 2199 1997 stercore,
2230 1950 2361 1988 con-

796 2039 945 2092 venit
974 2038 1119 2090 illam
1157 2036 1375 2103 penitus
1419 2032 1637 2100 purgari
1678 2038 1839 2097 atque
1870 2026 2147 2086 exornari,
2178 2040 2240 2078 ac
2274 2040 2363 2078 re-

794 2129 935 2199 pleri
960 2126 1152 2195 quavis
1203 2123 1500 2191 fragrantia
1552 2130 1609 2174 et
1654 2120 1961 2181 thesauris;
2012 2127 2071 2169 ut
2124 2115 2363 2184 Spiritus

796 2228 1015 2271 sanctus
1042 2215 1225 2269 veniat
1250 2228 1347 2282 pro
1371 2212 1587 2273 Satana,
1628 2224 1691 2263 ac
1731 2208 2039 2277 requiescat
2080 2204 2135 2259 in
2166 2206 2363 2259 animis

794 2307 1256 2362 Christianorum.

867 2475 982 2530 XX.
1014 2473 1521 2535 Verumenimvcro,
1591 2486 1701 2525 non
1758 2473 1941 2525 statim
1971 2473 2162 2527 audito
2192 2474 2361 2527 verbo

798 2567 915 2627 Dei,
937 2563 1132 2632 aliquis
1163 2561 1223 2614 fit
1256 2562 1409 2614 bona:
1431 2560 1622 2629 partis.
1655 2560 1709 2615 Si
1729 2562 1875 2615 enim
1908 2562 2067 2616 simul
2090 2562 2365 2615 audiendo

796 2656 1103 2710 eﬂieeretur
1167 2652 1333 2721 partis
1386 2651 1581 2708 bonze.
1635 2666 1977 2719 nequaquam
2032 2653 2367 2706 exstitissent

798 2746 1116 2807 certamina,
1154 2755 1249 2796 aut
1291 2743 1608 2797 occasiones
1659 2742 1949 2807 bellorum,
2010 2754 2100 2797 aut
2135 2758 2363 2807 cursus;

799 2839 896 2895 sed
948 2838 1066 2890 sine
1110 2836 1320 2895 labore,
1368 2834 1532 2888 modo
1582 2834 1850 2899 audisset,
1904 2836 2247 2904 pervenisset
2300 2838 2365 2892 ad

800 2931 1039 2999 quietem
1067 2942 1130 2981 ac
1152 2926 1378 2995 gradum
1427 2924 1750 2993 perfectum.
1797 2925 2147 2995 Nequaquam
2183 2937 2366 2981 autent

800 3023 874 3075 ita
906 3036 994 3074 res
1023 3034 1080 3072 se
1111 3018 1295 3070 habet.
1331 3006 1500 3070 Tollis
1544 3017 1691 3070 enim
1730 3017 2067 3071 voluntatem
2105 3018 2364 3084 hominis,

800 3112 931 3165 dum
962 3109 1068 3163 hoc
1100 3107 1321 3169 asseris,
1378 3114 1433 3160 et
1485 3106 1844 3159 reluctantem
1893 3106 2205 3161 facultatem
2245 3124 2366 3162 esse

800 3216 987 3271 negas,
1023 3214 1143 3269 qua:
1173 3205 1436 3266 repugnet
1464 3198 1666 3250 animo.
1696 3198 1806 3251 Nos
1827 3208 2005 3250 autem
2040 3199 2144 3253 hoc
2170 3202 2365 3253 asseri-

800 3308 943 3353 mus,
972 3306 1097 3344 eum
1120 3290 1213 3357 qni
1239 3289 1465 3341 verbum
1494 3288 1666 3351 audit,
1690 3304 1879 3341 venire
1907 3289 1958 3340 in
1992 3292 2366 3357 compunctio-

800 3398 962 3445 nem;
993 3396 1057 3432 ac
1090 3387 1300 3447 postea,
1331 3377 1670 3430 subducente
1710 3392 1767 3429 se
1797 3379 1989 3446 gratia,
2023 3395 2119 3447 per
2146 3380 2366 3447 dispen-

802 3476 1075 3530 sationem
1136 3470 1204 3523 ad
1260 3469 1691 3523 emolumentum
1741 3468 2001 3531 hominis,
2062 3470 2272 3537 ingredi
2311 3472 2364 3523 in

801 3564 1253 3621 exercitationem
1290 3574 1357 3613 ac
1385 3558 1729 3626 disciplinam
1762 3560 2091 3623 militarem;
2127 3568 2237 3611 tum
2279 3561 2367 3613 lu-

802 3666 943 3710 etatn
968 3653 1329 3715 committere,
1364 3665 1427 3703 ac
1450 3662 1726 3702 certamen
1761 3649 1898 3701 inire
1928 3650 2189 3703 adversus
2212 3650 2365 3703 Sata-

803 3762 952 3809 nam,
984 3760 1047 3798 ac
1069 3743 1243 3796 multo
1270 3756 1435 3795 cursu
1467 3750 1523 3795 et
1550 3740 1848 3794 certamine
1899 3750 2171 3809 reportata
2194 3743 2365 3796 vieto-

802 3840 898 3892 τίω
926 3836 1123 3905 palma.
1151 3831 1385 3887 evadere
1426 3830 1821 3884 Christianum.
1860 3829 1917 3883 Si
1960 3833 2084 3898 quis
2108 3832 2255 3885 enim
2298 3849 2364 3886 ex

802 3925 994 3978 auditu
1021 3923 1220 3984 solum,
1254 3921 1459 3988 absque
1491 3920 1603 3972 ullo
1646 3919 1833 3971 labore
1870 3917 2179 3973 efﬁceretur
2209 3920 2364 3975 bona:

800 4014 994 4083 partis,
1017 4012 1184 4065 etiam
1206 4009 1299 4078 qui
1326 4008 1588 4061 theatrica
1614 4022 1809 4076 pompa
1842 4007 2100 4076 gaudent,
2132 4016 2188 4062 et
2218 4024 2365 4063 secr.

802 4114 1006 4158 latores
1031 4117 1242 4166 omnes,
1273 4100 1569 4169 ingressuri
1589 4108 1718 4152 sunt
1741 4099 1793 4151 in
1821 4114 2049 4167 regnum
2078 4116 2141 4154 ac
2160 4102 2323 4154 vitam
2346 4120 2359 4155 :

800 4202 857 4246 at
884 4206 1046 4245 nemo
1068 4190 1150 4243 eis
1173 4189 1435 4257 largietur
1468 4202 1587 4240 eam
1609 4189 1815 4255 absque
1854 4188 2040 4242 labore
2072 4205 2135 4243 ac
2162 4206 2360 4259 pugna,

800 4282 1070 4350 siquidem
1118 4281 1355 4350 Angusta
1431 4289 1503 4333 est
1547 4296 1609 4332 ac
1661 4280 1949 4349 aﬁlictionis
1989 4280 2144 4348 plena
2182 4285 2266 4335 via
2319 4285 2361 4315 "

797 4370 903 4425 Per
932 4372 1100 4439 ipsam
1120 4385 1365 4437 asperam
1392 4370 1533 4421 viam
1566 4369 1825 4434 transire,
1852 4370 2087 4424 tolerare
2116 4379 2172 4425 et
2201 4371 2362 4443 aﬂligi

798 4464 1035 4526 oportet,
1068 4466 1123 4510 et
1159 4456 1239 4509 sic
1260 4456 1469 4525 ingredi
1492 4456 1678 4509 vitam.

868 4568 1006 4622 XXI.
1041 4567 1097 4621 Si
1138 4567 1285 4621 enim
1342 4567 1545 4635 absque
1578 4566 1766 4620 labore
1808 4582 2076 4637 prospero
2104 4584 2360 4625 successu

796 4660 875 4713 uti
904 4658 1169 4719 licuisset,
1200 4672 1309 4709 non
1346 4658 1580 4725 amplius
1611 4657 1751 4725 lapis
1779 4658 2100 4712 offensionis
2120 4676 2183 4714 ac
2212 4671 2361 4728 petra

799 4750 1041 4804 scandali
1076 4757 1220 4802 esset
1266 4747 1751 4812 Christianismus;
1802 4764 1903 4801 nec
1926 4749 2061 4803 ﬁdes
2085 4760 2141 4803 et
2167 4752 2359 4807 inﬁde-

794 4842 937 4894 litas.
964 4839 1268 4893 Constituis
1303 4839 1525 4906 insuper
1579 4854 1797 4907 quoque
1850 4840 2124 4895 hominem
2171 4843 2359 4897 devin-

792 4944 961 4993 ctum,
996 4929 1390 4981 immutabilem
1426 4937 1538 4981 tum
1576 4928 1641 4980 ad
1701 4928 1903 4981 bonum
1928 4970 1941 4991 ,
1971 4941 2083 4983 tum
2128 4933 2191 4984 ad
2242 4949 2357 4985 ma-

792 5024 925 5076 lum.
980 5020 1197 5073 Etenim
1248 5020 1317 5080 ei,
1356 5019 1448 5085 qui
1500 5019 1696 5070 mutari
1748 5028 1925 5087 potest
1966 5021 2017 5072 in
2068 5032 2357 5091 utramque

788 5118 1024 5177 partem,
1063 5107 1151 5159 lex
1179 5104 1302 5157 data
1336 5114 1454 5169 est;
1481 5106 1531 5159 ei
1574 5106 1856 5171 nimirum,
1886 5109 1977 5175 qui
2003 5109 2236 5163 liberum
2264 5128 2355 5164 ar-

789 5200 1019 5269 bitrium
1067 5197 1254 5259 habet,
1294 5205 1352 5249 ut
1405 5196 1607 5250 bellum
1660 5207 1811 5265 gerat
1844 5198 2107 5255 adversus
2137 5212 2353 5256 contra-

787 5290 925 5343 riam
960 5297 1311 5357 potestatem.
1365 5288 1639 5342 Devinctte
1668 5290 1814 5341 enim
1854 5298 2063 5344 naturae
2109 5292 2195 5345 lex
2237 5309 2347 5347 non

787 5381 1123 5451 imponitur:
1151 5395 1331 5448 neque
1370 5381 1515 5433 enim
1544 5381 1644 5440 sol,
1670 5396 1847 5450 neque
1866 5384 2063 5436 caelum
2087 5392 2181 5437 aut
2205 5395 2351 5439 terra

787 5471 904 5541 lege
939 5477 1230 5525 teneantur
1258 5488 1271 5525 :
1302 5470 1429 5539 quia
1457 5482 1721 5525 creaturas
1750 5483 1877 5526 sunt
1905 5473 2082 5543 ligata:
2102 5484 2310 5531 natura:
2330 5519 2344 5542 ,

788 5561 930 5615 unde
971 5576 1073 5614 nec
1104 5563 1349 5630 praemio,
1380 5578 1482 5617 nec
1514 5564 1779 5633 supplicio
1816 5564 2117 5635 subjaccttt.
2159 5566 2346 5621 Honor

853 5738 897 5770 “
937 5740 1126 5797 Matth.
1159 5760 1254 5809 vn,
1300 5746 1382 5798 Η.

2054 377 2114 435 S.
2160 377 2475 436 MACARII
2516 378 2625 437 ΗΕΒ
2639 376 2835 436 ΥΡΤΠ

867 492 1025 563 109
1044 489 1186 547 XIX.
1223 489 1512 559 Reliquum
1546 495 1648 550 est,
1676 495 1803 541 tuus
1831 488 2046 541 animus
2070 488 2216 555 quali
2244 488 2360 541 the-
2390 493 2433 548 Α

2395 3143 2436 3199 C

2394 4484 2437 4538 D

3938 381 4050 442 708

2538 488 2635 542 169⁸.
2692 489 2889 542 Λοιπὸν
2934 490 2962 540 6
3011 488 3099 551 σὸς
3139 488 3263 551 νοῦς
3304 491 3383 552 είς
3409 490 3562 543 ποῖόν
3593 491 3710 543 ἐστι
3741 490 4043 561 θησαυρὸν,

2464 577 2571 650 ἆρα
2614 582 2733 643 ὅλος
2771 580 2946 633 διόλου
2999 582 3135 649 πρὸς
3183 583 3274 634 τὸν
3313 583 3445 635 Θεόν
3486 585 3665 647 ἐστιν,
3703 584 3737 655 ἢ
3772 582 3867 649 οῦς
3906 587 3953 635 εί
3984 586 4045 637 δὲ

2461 675 2559 725 οὐκ
2588 674 2753 737 ἐστιν,
2786 675 3033 741 ὸφείλετέ
3065 692 3155 743 μοι
3184 674 3382 738 εἰπεῖν,
3413 676 3467 727 τί
3494 677 3605 727 ἐστι
3630 677 3692 727 τὸ
3716 676 4045 744 ὲμποδίζονς

2461 764 2687 827 Πάντως
2734 764 3019 833 πνεύματά
3064 766 3166 817 είσι
3208 765 3454 833 πονηρὰ,
3489 766 3790 827 όΣατανᾶς
3837 774 3933 818 και
3994 766 4049 816 οἱ

2460 852 2712 921 δαίμονες
2732 892 2747 915 ,
2782 854 3106 922 κατέχοντες
3136 853 3227 905 τὸν
3258 852 3411 916 νοῦν,
3448 856 3541 906 καὶ
3570 855 4047 923 περισκελίζοντες

2462 945 2559 1012 τὴν
2604 946 2805 1015 ψυχήν.
2848 946 2903 998 Ὀ
2938 947 3045 1017 γὰρ
3096 946 3433 1007 πολύπλοκος
3479 948 3720 1009 διάὸολος
3759 948 3900 1016 ἔχων
3934 949 4047 1016 μά-

2464 1054 2602 1104 γανα
2627 1075 2643 1099 ,
2694 1038 2790 1090 καὶ⁵
2829 1038 3059 1109 τρίθυρα
3105 1032 3201 1089 καὶ
3246 1037 3519 1090 ποικιλίαν
3558 1038 3777 1108 πολλὴν,
3814 1041 4043 1107 κατέχει

2463 1125 2561 1183 τὰς
2591 1126 2761 1194 νομάς
2788 1125 2887 1194 τῆς
2914 1126 3093 1196 ψυχῆς
3124 1126 3217 1178 καὶ
3239 1128 3366 1187 τοὺς
3394 1127 3708 1195 λογισμοὺς,
3735 1130 3827 1181 καὶ
3852 1130 3954 1182 οὐκ
3979 1132 4049 1199 ἑᾷ

2464 1216 2638 1283 ὀρθῶς
2682 1217 3080 1287 προσεύχεσθαι
3127 1217 3221 1269 καὶ
3259 1219 3645 1287 προσεγγίζειν
3675 1220 3815 1287 Θεῷ,
3853 1221 4061 1291 ἐπειδὴ,

2465 1304 2603 1373 αὑτὴ
2648 1306 2680 1374 ἡ
2710 1306 2871 1372 φύσις
2904 1307 3193 1375 κοινωνικὴ
3228 1308 3342 1358 ἐστι
3376 1306 3483 1358 τῶν
3510 1307 3779 1375 δαιμόνων
3809 1309 3906 1360 καὶ
3934 1310 4047 1361 τῶν

2465 1396 2790 1462 πνευμάτων
2818 1396 2916 1464 τῆς
2942 1396 3227 1465 πονηρίας,
3283 1397 3481 1465 ὁμοίως
3530 1400 3622 1448 καὶ
3654 1398 3921 1463 ἀγγέλων,
3951 1401 4047 1451 καὶ

2466 1486 2783 1554 Πνεύματος
2836 1487 2991 1552 ἁγίου
3019 1504 3033 1517 ο
3072 1488 3201 1547 ναός
3234 1488 3353 1539 ἐστι
3384 1488 3477 1538 τοῦ
3512 1488 3757 1549 Σατανᾶ,
3794 1490 3889 1541 καὶ
3916 1491 4047 1550 ναδς

2462 1578 2555 1630 τοῦ
2599 1580 2751 1645 ἁγίου
2785 1578 3121 1646 Πνεῦματος.
3157 1578 3358 1630 Λοιπὸν
3397 1579 3769 1645 ἐπισκέψασθε
3799 1581 3892 1630 τὸν
3918 1579 4049 1631 νοῦν

2467 1669 2638 1737 ὑμῶν,
2675 1669 2914 1735 ἀδελφοὶ,
2950 1669 3090 1731 τίνος
3124 1670 3245 1721 ἐστὲ
3274 1670 3541 1731 κοινωνοὶ,
3569 1670 3841 1737 ἀγγέλων,
3869 1673 3904 1740 ἢ
3932 1672 4052 1722 δαι-

2467 1758 2668 1825 μόνων;
2692 1758 2831 1819 τίνος
2864 1760 2982 1809 ἐστέ
3006 1758 3149 1823 ναὸς,
3172 1760 3483 1827 οἰκητήριον
3530 1760 3684 1825 θεοῦ,
3710 1762 3741 1829 ἦ
3763 1762 4011 1814 διαϐόλου
4033 1781 4047 1826 ;

2477 1849 2542 1899 Ἢ
2573 1848 2765 1917 καρδία.
2794 1847 2947 1899 ποίου
2980 1847 3255 1917 θησαυροῦ
3290 1851 3655 1917 μεμέστωται,
3675 1852 3772 1918 τῆς
3799 1852 4048 1922 χάριτος,

2464 1940 2496 2007 ἢ
2548 1940 2642 1991 τοῦ
2689 1940 2939 2005 Σατανᾶ;
2981 1940 3191 2009 Ὠσπερ
3235 1938 3328 1993 οὖν
3381 1942 3559 1993 οίκίαν
3611 1944 4050 2013 μεμεστωμένην

2463 2033 2726 2095 δυσωδίας
2776 2034 2868 2085 καὶ
2916 2034 3187 2103 κοπρίας,
3242 2033 3347 2103 χρὴ
3398 2033 3603 2102 ταύτην
3645 2034 4050 2104 καθαρισθῆναι

2462 2124 2524 2174 τὸ
2554 2124 2692 2187 ὅλον,
2730 2126 2822 2176 καὶ
2848 2124 3212 2192 κοσμηθῆναι,
3249 2125 3341 2175 καὶ
3372 2124 3723 2193 πληρωθῆναι
3754 2126 3939 2193 πάσης
3960 2127 4051 2177 εὐ-

2464 2214 2629 2275 ωδίας
2681 2213 2776 2265 καὶ
2823 2212 3139 2283 θησαυρῶν,
3191 2212 3330 2264 ὥστε
3383 2214 3607 2281 Πνεῦμα
3664 2215 3818 2279 ἅγιον
3870 2215 4052 2266 ἐλθεῖν

2465 2306 2585 2360 ἀντὶ
2610 2304 2703 2358 τοῦ
2728 2306 2960 2370 Σατανᾶ,
2984 2307 3077 2358 καὶ
3106 2307 3491 2376 ἐπαναπαῆναι
3516 2307 3594 2369 εἰς
3621 2306 3716 2369 τὰς
3740 2306 3919 2377 ψυχὰς
3940 2307 4051 2359 τῶν

2466 2396 2830 2467 Χριστιανῶν.

2537 2490 2622 2540 Κ’.
2666 2488 2810 2558 Πλὴν
2856 2488 2957 2541 οὐκ
2989 2488 3147 2551 εὐθύς
3175 2506 3257 2551 τις
3288 2490 3523 2552 ἀκούσας
3552 2491 3707 2557 λόγον
3734 2488 3868 2542 Θεοῦ
3891 2530 3906 2551 ,
3950 2492 4052 2561 ἤδη

2467 2584 2657 2651 γέγονε
2686 2583 2779 2635 τοῦ
2810 2584 3016 2650 ἀγαθοῦ
3050 2586 3268 2653 μέρους.
3306 2584 3369 2635 Et
3400 2584 3507 2652 γὰρ
3542 2585 3655 2651 ἅμα
3686 2584 3762 2652 τῷ
3791 2584 4050 2645 ἀκοῦσαι,

2468 2676 2713 2743 ἐγίγνετο
2746 2675 2839 2727 τοῦ
2867 2676 3071 2743 ἀγαθοῦ
3101 2675 3321 2745 μέρους,
3346 2676 3531 2727 οὐκέτι
3558 2676 3623 2727 ἆν
3648 2671 3791 2745 ἦσαν
3812 2676 4052 2741 άγῶνες,

2467 2770 2499 2840 ἢ
2536 2770 2717 2837 καιροὶ
2746 2769 3023 2837 πολέμων,
3054 2770 3086 2839 ἢ
3120 2770 3344 2837 δρόμος·
3385 2768 3497 2821 ἀλλ’
3523 2770 3847 2838 άκαμάτως,
3874 2771 3923 2820 εἰ
3951 2769 4052 2839 μό-

2469 2876 2556 2910 νον
2586 2859 2835 2927 ήκουσεν,
2869 2854 3030 2927 ἦλθεν
3062 2859 3127 2910 ἂν
3158 2859 3238 2919 είς
3266 2859 3611 2911 κατάπαυσιν
3662 2858 3755 2911 καὶ
3778 2860 3845 2910 τά
3866 2860 4053 2911 τέλεια

2473 2949 2665 3015 μέτρα.
2697 2949 2809 3017 Οὐχ
2832 2947 3005 3010 οὕτως
3030 2948 3086 3000 δέ
3110 2951 3223 2999 ἐστι
3252 2948 3319 3001 τά
3378 2949 3698 3018 πράγματα.
3734 2948 4051 3016 Περιαιρεῖς

2470 3039 2575 3107 γάρ
2607 3040 2667 3091 τὸ
2695 3038 2905 3107 θέλημα
2934 3038 3031 3091 τοῦ
3058 3038 3366 3107 ανθρώπου,
3405 3038 3561 3090 τοῦτο
3590 3038 3787 3104 λέγων,
3826 3038 3923 3091 καὶ
3951 3038 4051 3107 τὴν

2469 3128 2759 3180 ἀντίπαλον
2784 3128 3009 3198 δύναμιν
3049 3129 3109 3179 οὐ
3137 3128 3314 3195 λέγεις
3339 3126 3475 3180 εἷναι
3503 3128 3834 3180 παλαίουσαν
3854 3128 3932 3195 τῷ
3950 3128 4046 3197 νῷ.

2488 3219 2675 3288 Ἡμεῖς
2703 3218 2760 3271 δέ
2792 3218 2948 3271 τοῦτό
2974 3236 3173 3288 φαμεν,
3204 3220 3285 3272 ὅτι
3314 3222 3341 3272 6
3372 3220 3584 3271 ἀκούων
3609 3219 3785 3285 λόγον,
3824 3220 4050 3287 ἔρχεται

2473 3311 2550 3371 εις
2580 3308 2888 3371 κατάνυξιν.
2916 3312 3009 3363 καὶ
3036 3310 3173 3377 μετὰ
3197 3310 3355 3362 τοῦτο
3377 3310 3813 3376 ὑποστελλοέσης
3833 3312 3932 3377 τῆς
3954 3311 4050 3377 χά-

2477 3416 2622 3469 ριτος
2656 3400 2774 3452 κατ’
2805 3401 3115 3467 οἰκονομίαν
3139 3399 3275 3466 πρὸς
3296 3399 3357 3451 τὸ
3379 3399 3654 3467 συμφέρον
3675 3398 3751 3466 τῷ
3774 3398 4048 3467 ἀνθρώπῳ

2472 3490 2778 3559 εἰσέρχεται
2810 3493 2889 3551 είς
2914 3491 3221 3557 γυμνασίαν
3252 3490 3346 3542 καὶ
3370 3490 3616 3541 παιδείαν
3649 3491 3912 3557 πολέμου,
3950 3492 4047 3543 καὶ

2474 3582 2619 3629 ποιεῖ
2654 3578 2825 3646 πάλην
2857 3579 2951 3629 καὶ
2977 3579 3161 3644 ἀγῶνα
3198 3578 3333 3647 πρὸς
3359 3580 3450 3631 τὸν
3476 3579 3742 3642 Σατανᾶν,
3776 3581 3872 3631 καὶ
3908 3581 4046 3643 μετά

2472 3667 2667 3719 πολλοῦ
2693 3668 2894 3737 δρόμου
2922 3668 3018 3719 καὶ
3039 3668 3247 3735 ἀγῶνος
3276 3669 3612 3737 ἀποφέρεται
3636 3669 3703 3719 τὰ
3724 3671 4042 3737 νικητήρια,

2472 3758 2565 3811 καὶ
2612 3759 2817 3825 γίνεται
2852 3759 3193 3829 Χριστιανός.
3243 3759 3307 3812 Et
3348 3760 3455 3827 γάρ
3503 3776 3587 3820 τις
3620 3758 3830 3810 ἀκούων
3861 3760 4045 3826 μόνον,

2470 3846 2765 3915 ἁκαμάτως
2786 3846 2991 3913 ἐγίνετο
3011 3848 3104 3899 τοῦ
3126 3848 3349 3915 ἀγαθοῦ,
3373 3850 3462 3901 καὶ
3488 3852 3536 3901 οἱ
3559 3849 3853 3918 θεατρικοὶ,
3880 3851 3975 3902 καὶ
3999 3852 4046 3902 oi

2470 3937 2655 4004 πόρνοι
2691 3938 2887 3999 πάντες
2920 3938 3197 4005 μέλλουσιν
3224 3939 3476 3991 ἀπελθεῖν
3518 3942 3597 4002 εἰς
3635 3939 3908 4006 βασιλείαν
3953 3944 4047 3993 καὶ⁵

2470 4026 2633 4098 ζωήν·
2673 4029 2786 4081 ἀλλ’
2810 4029 2984 4091 οὐδεὶς
3014 4032 3197 4091 αὐτοῖς
3225 4030 3385 4083 δώσει
3412 4031 3613 4100 ταύτην
3642 4032 3769 4084 ἄνευ
3792 4034 4044 4101 καμάτου

2473 4118 2564 4169 καὶ
2614 4118 2862 4183 ἀγῶνος,
2920 4120 3104 4188 ἐπειδὴ
3154 4122 3337 4184 στενή
3377 4122 3507 4173 ἐστι
3549 4122 3646 4173 καὶ
3678 4125 4043 4190 τεθλιμμένη

2471 4209 2509 4275 ἡ
2556 4208 2711 4271 όδός.
2768 4210 2846 4261 Δι’
2874 4210 3042 4278 αὐτῆς
3078 4212 3177 4279 τῆς
3205 4213 3464 4279 τραχείας
3496 4212 3614 4264 ὀδοῦ
3646 4214 3739 4265 καὶ
3767 4214 4045 4267 διοδεῦσαι

2471 4299 2575 4372 χρὴ
2600 4338 2611 4359 ,
2662 4300 2755 4350 καὶ
2801 4301 3126 4367 ὑπομεῖναι,
3169 4302 3262 4353 καὶ
3290 4302 3562 4371 θλισῆναι,
3596 4306 3691 4356 καὶ
3721 4303 3897 4367 οὕτως
3928 4308 4044 4357 είσ-

2472 4389 2645 4441 ελθεῐν
2676 4391 2755 4453 είς
2784 4390 2881 4460 τὴν
2907 4391 3071 4459 ζωήν.

2540 4577 2669 4633 KA'.
2705 4580 2766 4631 Εἰ
2796 4580 2905 4650 γὰρ
2940 4583 3066 4636 ἄνευ
3095 4586 3339 4654 καμάτου
3368 4585 3434 4659 ἦν
3458 4594 3821 4664 κατορθῶσαι,
3852 4599 4039 4653 οὐκέτι

2468 4666 2612 4729 λίθος
2644 4672 3069 4741 προσκόμματος
3102 4676 3196 4727 καὶ
3228 4678 3401 4747 πέτρα
3430 4684 3725 4737 σκανδάλου
3754 4683 3822 4757 ἧν
3848 4692 3875 4741 6
3898 4692 4039 4761 Χρι-

2470 4762 2804 4828 στιανισμὸς,
2840 4763 2961 4815 οῦτε
2994 4766 3172 4829 πίστις
3196 4770 3289 4821 καὶ
3313 4771 3557 4836 ἀπιστία,
3583 4780 3753 4839 ποιεῖς
3771 4779 3827 4830 δὲ
3850 4780 4041 4834 λοιπὸν

2466 4850 2559 4901 καὶ
2592 4852 2680 4901 τὸν
2712 4852 2999 4921 ἄνθρωπον
3029 4857 3179 4908 δετδν
3200 4900 3213 4921 ,
3252 4862 3520 4929 ἄτρεπτον
3551 4868 3629 4928 εἰς
3658 4867 3719 4918 τὸ
3745 4870 3951 4937 ἀγαθόν
3976 4890 4036 4924 τε

2465 4940 2557 4989 καὶ
2587 4941 2772 4994 κακόν.
2804 4944 2893 5010 Τῷ
2916 4945 3020 5013 γὰρ
3046 4946 3325 5017 δυναμένῳ
3347 4957 3619 5021 τραπῆναι
3648 4958 3725 5018 εἰς
3749 4959 4038 5030 ἀμφότερα

2459 5026 2527 5077 τά
2568 5028 2707 5095 μέρη
2730 5067 2745 5090 ,
2800 5032 2960 5099 νόμος
2994 5033 3234 5101 δέδοται,
3282 5038 3357 5108 τῷ
3395 5041 3568 5110 ἔχοντι
3598 5044 3657 5095 τὸ
3682 5026 4031 5111 αὐτεξούσιον

2459 5118 2680 5186 ποιῆσαι
2714 5121 2947 5190 πόλεμον
2996 5126 3132 5193 πρὸς
3172 5131 3269 5195 τὴν
3314 5132 3562 5185 ἐναντίαν
3596 5135 3845 5206 δύναμιν.
3888 5144 4027 5214 Δετῇ

2458 5210 2569 5277 γὰρ
2605 5210 2762 5277 φύσει
2795 5215 2959 5283 νόμος
2990 5217 3047 5267 οὐ
3081 5219 3293 5271 κεῖται·
3344 5221 3469 5275 οὔτε
3499 5224 3606 5297 γάρ
3643 5230 3669 5279 6
3698 5229 3873 5298 ἥλιος,
3909 5210 4034 5286 οὔτε

2458 5302 2485 5351 6
2513 5303 2739 5370 οὐρανὸς
2791 5310 2885 5359 καὶ
2927 5310 2959 5377 ἡ
3003 5309 3073 5378 γῆ
3110 5314 3559 5384 νενομοθέτηται,
3598 5321 3785 5391 ἐπειδὴ
3815 5326 3882 5377 τά
3910 5328 4032 5377 κτίο

2459 5409 2637 5460 σματα
2669 5396 2826 5467 δετῆς
2852 5401 2957 5451 είσι
2986 5401 3219 5467 φύσεως·
3248 5404 3368 5457 ὅθεν
3394 5408 3517 5463 οὗτε
3542 5415 3696 5481 τιμῇ,
3724 5412 3848 5469 οὔτε
3872 5419 4034 5471 κολά⁹

2457 5500 2539 5577 σει
2572 5486 2909 5544 ὑπόκεινται.
2955 5492 3017 5545 Ἦ
3049 5495 3156 5564 γὰρ
3188 5498 3320 5567 τιμὴ
3357 5501 3447 5552 καὶ
3481 5502 3512 5570 ἡ
3542 5502 3665 5568 δόξα
3696 5507 4029 5577 ἡτοίμασται

2454 5574 2532 5643 τῷ
2559 5582 2879 5650 τρεπομένῳ
2913 5583 2991 5644 είς
3021 5583 3078 5636 τὸ
3101 5584 3321 5651 ιῖιγαθόν⁸
3366 5589 3526 5642 πάλιν
3556 5590 3609 5644 δὲ
3644 5594 3675 5659 ἡ
3708 5574 3902 5661 γέεννα
3935 5602 4031 5652 καὶ
