4282 6364
753 365 853 431 711

2000 365 2059 427 S.
2102 365 2421 425 MACARII
2463 367 2785 428 ιλΕϐΥΡΤῐῐ

3911 365 4023 429 712

753 478 970 539 animm,
1005 482 1229 544 propter
1280 472 1775 543 transgressionem
1811 473 2075 539 mandati,
2106 476 2331 529 tradidit
2365 485 2405 539 Α
2435 495 2444 530 ι

2329 515 2331 524 ι
2365 485 2405 539 Α
2435 479 2728 548 ὀργισθεὶς,
2752 480 2839 533 διὰ
2864 480 2960 550 τὴν
2983 479 3294 548 παράϐασιν
3318 478 3417 549 τῆς
3439 479 3495 531 ἐν
3516 479 4020 549 .ολῆς,παρέδωκεν

751 580 872 620 eam
923 564 1197 628 hostibus,
1247 562 1591 617 daemonibus
1634 573 1689 617 et
1744 564 2135 619 affectionibus
2180 582 2192 617 :
2235 566 2327 634 qui
2433 589 2442 622 t

2433 572 2605 640 αὐτὴν
2637 573 2747 635 τοῖς
2775 571 3010 641 ἐχθροῖς,
3042 571 3259 641 δαίμοσί
3286 589 3344 624 τε
3378 573 3471 624 καὶ
3500 571 3719 625 πάθεσιο
3751 570 3849 623 καὶ
3872 571 4021 624 οὕτω

752 673 876 711 cum
896 657 976 711 sic
998 656 1346 710 scduxissent
1368 670 1510 719 eam,
1536 655 1758 724 penitus
1772 671 1894 710 eam
1914 654 2326 710 deformarunt:

752 763 855 801 nec
891 746 1129 815 amplius
1166 745 1281 799 illic
1308 753 1425 799 erat
1454 744 1677 807 festum,
1706 760 1809 800 nec
1860 744 2170 809 incensum,
2223 761 2328 800 nec

746 840 955 893 oblatio
984 854 1085 908 per
1132 854 1254 892 eam
1311 839 1423 891 Deo
1449 836 1813 902 offerebatur,
1849 838 2075 907 repletis
2122 838 2176 892 in
2221 838 2327 893 viis

748 931 1058 1001 insignibus
1087 930 1207 999 ejus
1237 929 1372 983 diris
1396 929 1526 984 feris
1548 972 1560 993 ,
1583 945 1647 984 ac
1709 930 1998 999 reptilibus
2039 929 2328 1002 spiritibus

747 1022 803 1075 in
835 1038 898 1076 ea
925 1020 1355 1075 diversantibus.
1406 1021 1471 1074 Et
1502 1020 1971 1089 quemadmodum
2015 1020 2233 1084 domus,
2277 1021 2323 1075 si

746 1121 929 1169 careat
963 1112 1191 1167 domino
1240 1112 1608 1177 inhabitante,
1657 1113 1933 1178 tenebras,
1965 1114 2224 1183 probrum
2260 1130 2325 1170 ac

745 1206 1139 1261 contumeliam
1184 1204 1383 1268 induit,
1436 1204 1806 1274 sordibusque
1853 1221 1915 1260 ac
1961 1215 2208 1261 stercore
2240 1224 2327 1261 re-

745 1302 959 1371 pletur;
992 1300 1072 1354 sic
1120 1314 1337 1368 quoque
1385 1300 1567 1353 anima
1596 1300 1860 1355 destituta
1919 1300 2155 1355 Domino
2200 1316 2320 1365 suo,

744 1407 869 1445 cum
923 1390 1133 1459 angelis
1185 1391 1239 1443 in
1292 1406 1349 1444 se
1378 1390 1739 1458 tripudiante,
1788 1392 2033 1446 tenebris
2086 1394 2319 1461 peccati,

744 1482 1092 1551 turpitudine
1131 1480 1484 1536 affectionum
1518 1492 1685 1552 atque
1718 1483 1871 1537 omni
1900 1484 2199 1551 ignominia
2229 1500 2320 1539 re-

743 1576 949 1645 pietur.

811 1668 878 1723 ll.
911 1668 1002 1722 Vae
1028 1666 1153 1730 viae,
1187 1666 1233 1719 si
1262 1680 1427 1719 nemo
1472 1665 1528 1719 in
1579 1680 1643 1719 ea
1690 1666 1966 1731 ambulet,
1996 1682 2101 1722 nec
2132 1667 2321 1722 audiat

742 1762 798 1814 in
841 1776 907 1815 ea
939 1774 1128 1812 vocem
1172 1757 1447 1811 hominist
1492 1755 1623 1825 quia
1656 1757 2065 1825 receptaculum
2094 1763 2180 1811 est
2224 1757 2346 1810 be-.

742 1852 994 1905 stiarum.
1037 1850 1128 1904 Va:
1164 1849 1382 1910 animae,
1412 1848 1458 1900 si
1494 1862 1603 1900 non
1656 1846 1899 1900 ambulet
1952 1848 2007 1900 in
2039 1863 2102 1901 ea
2132 1848 2319 1901 Domi-

742 1959 869 2007 nus,
894 1953 1061 2011 atque
1100 1956 1234 1996 voce
1269 1955 1368 1994 sua
1413 1939 1565 2008 fuget
1588 1955 1655 1993 ex
1679 1955 1744 1993 ea
1778 1939 2096 2007 spirituales
2127 1938 2319 2007 nequi-

743 2038 831 2091 tiae
864 2034 1099 2089 bestias!
1134 2034 1225 2087 Va:
1260 2032 1472 2095 domui,
1506 2030 1552 2084 si
1594 2046 1702 2084 non
1734 2030 1993 2084 dominus
2017 2045 2137 2083 eam
2164 2030 2320 2083 inha-

740 2127 908 2183 bitet!
935 2125 1023 2182 Vm
1048 2140 1225 2187 terrae,
1254 2123 1407 2192 111
1435 2123 1480 2177 si
1504 2122 1763 2187 caruerit,
1785 2123 1879 2190 qui
1902 2130 2157 2176 exerceat
2176 2136 2315 2183 eam,

741 2218 976 2272 colonol
1017 2216 1105 2268 Vae
1136 2216 1283 2279 navi,
1321 2216 1366 2269 si
1399 2214 1734 2269 destituatur
1751 2214 2147 2283 gubernatore,
2176 2227 2317 2282 quo-

742 2310 891 2363 niam
940 2308 1202 2361 fluctibus
1234 2316 1290 2361 et
1335 2314 1657 2375 tempestate
1702 2305 1869 2358 maris
1905 2306 2105 2374 jactata
2146 2304 2314 2373 perit!

747 2403 835 2455 Vae
863 2401 1080 2463 animm,
1110 2414 1234 2452 cum
1274 2413 1465 2452 verum
1493 2397 1916 2467 gubernatorem
1950 2395 2230 2449 Christum
2264 2396 2317 2448 in

741 2507 799 2547 se
832 2507 943 2545 non
978 2489 1264 2543 habuerit!
1297 2488 1559 2557 quoniam
1613 2486 1668 2539 in
1721 2489 1922 2540 acerbo
1963 2486 2318 2539 tenebrarum

743 2585 880 2637 mari
900 2583 1124 2652 degens,
1160 2590 1216 2635 et
1252 2580 1510 2634 fluctibus
1541 2578 1898 2632 affectionum
1933 2586 2212 2647 quassata,
2240 2588 2321 2631 at—

742 2690 850 2744 que
880 2689 909 2727 a
934 2672 1222 2743 spiritibus
1256 2685 1513 2739 nequam.
1539 2669 1691 2722 velut
1739 2668 1960 2721 hiemali
1994 2677 2321 2737 tempestate

737 2768 961 2836 jactata,
998 2764 1220 2818 tandem
1242 2763 1527 2815 interitum
1560 2761 1943 2828 consequitur.
1969 2760 2059 2814 Va:
2100 2761 2317 2823 animae,

744 2860 788 2914 si
831 2858 1092 2922 caruerit,
1143 2856 1239 2924 qui
1287 2855 1504 2909 excolat
1537 2853 1684 2906 illam
1716 2852 2031 2922 diligenter,
2075 2851 2317 2915 Christo,

744 2956 804 3001 ut
836 2947 1010 3001 bonos
1038 2945 1253 2999 fruetus
1282 2944 1523 3013 Spiritus
1551 2942 1857 3011 producere
1900 2942 2107 3011 possit!
2155 2942 2310 3011 quia,

744 3056 870 3095 cum
897 3041 971 3093 sit
1023 3038 1264 3099 deserta,
1308 3036 1482 3106 spinis
1507 3050 1569 3089 ac
1608 3034 1827 3087 tribulis
1865 3035 2048 3103 plena,
2096 3034 2318 3087 tandem

2351 1818 2393 1872 Β

742 3136 1088 3189 exustionem
1128 3133 1269 3202 ignis
1297 3146 1399 3201 pro
1428 3130 1611 3184 fructu
1641 3128 1897 3198 producit
1928 3144 1993 3181 ac
2033 3130 2319 3197 consequi-
2348 3163 2390 3221 ο

744 3238 856 3280 tur.
897 3225 988 3277 Va:
1010 3223 1228 3284 animae,
1279 3221 1325 3274 si
1366 3235 1477 3273 non
1511 3219 1774 3273 habuerit
1812 3217 2107 3271 Dominum
2153 3234 2312 3271 suum

741 3316 1021 3373 Christum
1050 3314 1107 3367 in
1135 3328 1195 3366 se
1230 3310 1601 3366 habitantem!
1637 3309 1787 3379 quia,
1812 3323 1935 3362 cum
1976 3310 2046 3362 sit
2076 3308 2313 3373 deserta,

742 3425 808 3464 ac
857 3407 1033 3463 fetore
1065 3403 1421 3460 aﬂ‘eCtionum
1446 3410 1673 3466 scateat,
1697 3400 2065 3455 diversorium
2104 3400 2320 3454 exsistit

743 3501 1029 3557 vitiorum.

814 3683 901 3737 lll.
938 3679 1409 3747 Quemadmodum
1453 3676 1599 3732 enim
1642 3677 1917 3739 colonum,
1966 3675 2009 3729 si
2054 3675 2302 3745 accingat

744 3794 801 3831 se
825 3775 890 3829 ad
908 3772 1264 3829 excolendam
1284 3784 1507 3834 terram,
1530 3776 1747 3838 oportet
1773 3768 2135 3821 instrumenta
2159 3775 2323 3835 atque

748 3865 1071 3919 indumenta
1114 3860 1181 3915 ad
1228 3861 1500 3914 culturam
1551 3856 1907 3912 accommoda
1947 3870 2167 3910 sumere
2200 3873 2213 3909 :
2247 3856 2321 3908 ita

744 3957 1017 4018 Christus,
1062 3970 1158 4007 rex
1204 3952 1295 4007 ille
1343 3950 1580 4006 caelestis
1614 3964 1681 4003 ac
1713 3963 1879 4003 verus
1919 3948 2178 4017 agricola,
2219 3962 2317 4002 ve-

746 4051 905 4103 niens
950 4047 1017 4100 ad
1051 4044 1352 4099 desolatam
1394 4057 1490 4111 per
1532 4041 1725 4095 vitium
1771 4039 2191 4103 humanitatem,
2238 4053 2325 4093 as-

748 4148 967 4208 sumpto
1012 4150 1264 4205 corpore,
1302 4150 1366 4188 ac
1414 4148 1513 4201 pro
1542 4133 1909 4186 instrumento
1944 4145 2163 4184 crucem
2191 4145 2325 4198 por-

751 4227 938 4292 tando,
958 4224 1197 4280 excoluit
1227 4222 1463 4275 animam
1486 4220 1781 4280 desertam,
1802 4226 1857 4271 et
1878 4232 1944 4270 ex
1962 4232 2026 4271 ea
2050 4215 2324 4284 decerpsit

749 4319 936 4388 spinas
982 4324 1037 4370 et
1092 4314 1325 4368 tribulos
1380 4325 1671 4381 pravorum
1722 4308 2039 4377 spirituum,
2094 4316 2150 4363 et
2197 4307 2324 4361 lolia

746 4409 960 4481 peccati
1012 4407 1254 4469 evulsit,
1299 4413 1464 4472 atque
1506 4416 1668 4455 omne
1731 4399 1920 4453 fenum
1975 4406 2323 4468 peccatorum

2433 662 2809 731 πλανήσαντες
2853 663 3058 731 αὐτὴν,
3109 663 3331 725 τελείως
3372 664 3667 732 ἠφάνισαν,
3706 664 3800 715 καὶ
3830 664 4022 715 οὐκέτι

2429 748 2498 821 ἦν
2539 756 2658 806 ἐκεῖ
2707 753 2830 807 οὔτε
2868 754 3050 825 ἐορτὴ,
3092 753 3217 807 ούτε
3251 753 3531 823 θυμίαμα,
3565 753 3689 806 οὔτε
3725 754 4022 824 προσφορά

2430 845 2495 897 δι’
2521 846 2691 913 αύτῆς
2714 847 2795 917 τῷ
2817 846 2935 915 Θεῷ
2958 848 3421 916 ἀναπεμπομένη,
3444 847 3793 916 πλησθέντων
3815 849 3878 899 ἐν
3896 850 4023 910 ταῖς

2430 938 2568 1002 ὁδοῖς
2599 939 2709 992 τῶν
2737 941 3134 1010 γνωρισμάτων
3159 943 3327 1010 αὐτῆς
3353 940 3558 1010 θηρίων
3579 942 3789 1004 δεινῶν,
3809 942 3907 995 καὶ
3925 943 4023 1012 ἐρ-

2431 1031 2611 1084 πετῶν
2659 1035 2985 1103 πνευμάτων
3032 1034 3300 1104 πονηρίας
3343 1037 3401 1087 ἐν
3435 1035 3571 1104 αὐτῇ
3607 1035 4019 1089 καταλυόντων.

2430 1124 2542 1179 Kal.
2587 1122 2777 1194 ὥσπερ
2824 1120 2973 1187 οἶκος
3000 1165 3014 1188 ,
3070 1126 3165 1178 ἐὰν
3216 1125 3291 1195 μὴ
3319 1126 3415 1197 ἔχη
3444 1126 3536 1179 τὸν
3563 1125 3831 1194 δεσπότην
3880 1143 4020 1179 κατ-

2429 1214 2684 1268 οικοῦντα
2708 1255 2722 1278 ,
2778 1214 2988 1279 σκότος,
3028 1214 3126 1267 καὶ
3155 1214 3403 1284 ἀτιμίαν,
3438 1216 3531 1268 καὶ
3561 1214 3717 1285 ὓϐριν
3740 1214 4017 1279 ἐνδύεται,

2429 1309 2523 1361 καὶ
2566 1307 2838 1377 ρυπαρίας
2885 1310 2981 1362 καὶ
3013 1308 3704 1378 κοπριῶνρέμπὲπλησταιο
3741 1305 3888 1360 οὕτω
3917 1307 4021 1359 καὶ

2425 1398 2573 1468 ψυχὴ
2624 1400 2657 1467 η
2709 1400 2784 1467 μὴ
2832 1398 3033 1468 ἔχουσα
3077 1398 3170 1451 τὸν
3206 1398 3486 1466 Δεσπότην
3522 1397 3695 1465 αὐτῆς
3737 1395 4021 1466 μετὰτῶν

2426 1488 2675 1555 ἀγγέλων
2706 1491 2764 1542 ἐν
2790 1490 2954 1558 ἑαυτῇ
2982 1490 3302 1559 χορεύοντα,
3333 1488 3558 1550 σκότους
3581 1488 3880 1556 ἁμαρτίας,
3917 1490 4018 1540 καὶ

2426 1577 2687 1647 αἰσχύνης
2715 1578 2923 1640 παθῶν,
2960 1580 3054 1631 καὶ
3085 1578 3266 1647 πάσης
3296 1577 3520 1646 ἀτιμίας
3553 1576 3965 1646 ἐμπίμπλαται.

2497 1668 2570 1721 B'.
2610 1669 2746 1721 Οὐαὶ
2774 1669 2899 1738 ὁδῷ,
2933 1670 3030 1721 ἐὰν
3064 1669 3253 1737 μηδεὶς
3285 1671 3342 1721 ἐν
3369 1669 3507 1739 αὐτῇ
3538 1671 3840 1737 περιπατῇ,
3870 1672 4014 1738 μήτε

2426 1758 2601 1831 ἀκούῃ
2634 1760 2689 1811 ἐν
2719 1759 2855 1829 αὐτῇ
2889 1759 3071 1827 φωνῆς
3102 1757 3391 1827 ἀνθρώπου
3423 1760 3435 1811 ί
3496 1760 3577 1811 ὅτι
3614 1758 4016 1826 καταλυτήριον

2424 1848 2629 1919 θηρίων
2679 1850 2960 1918 τυγχάνει.
3020 1850 3157 1902 Οὐαὶ
3204 1849 3383 1918 ψυχῇ,
3419 1849 3620 1901 ὁπόταν
3653 1848 3728 1918 μὴ
3755 1848 3917 1918 ὁδεύῃ
3950 1850 4016 1900 ἐν

2424 1940 2561 2009 αὐτῇ
2596 1942 2624 1992 ὁ
2650 1940 2853 2010 Κύριος
2873 1981 2888 2004 ,
2944 1942 3037 1993 καὶ
3067 1943 3132 2009 τῇ
3165 1943 3317 2009 φωνῇ
3344 1940 3510 1993 αὑτοῦ
3545 1940 3721 2009 φεύγῃ
3751 1939 3813 2004 ἐξ
3834 1940 4015 2010 αὐτῆς

2423 2031 2492 2085 τὰ
2543 2033 2888 2103 πνευματικὰ
2943 2031 3045 2099 τῆς
3090 2032 3356 2101 πονηρίας
3405 2031 3569 2101 θηρία
3606 2031 3782 2084 ίούαὶ
3822 2032 4011 2102 οίκίᾳ,

2423 2124 2582 2176 ὁπότε
2614 2126 2641 2176 ὁ
2663 2124 2928 2194 δεσπότης
2959 2124 3058 2176 οὐκ
3085 2125 3226 2176 οἰκεῖ
3256 2126 3312 2175 ἐν
3338 2124 3472 2193 αὐτῇ
3508 2125 3519 2176 !
3560 2123 3695 2177 Οὐαὶ
3728 2128 3823 2194 γῇ,
3842 2123 4012 2178 ὁπότε

2426 2216 2501 2283 μὴ
2551 2214 2665 2283 ἔχει
2732 2216 2823 2268 τὸν
2886 2216 3253 2285 ἐργαζόμενον
3308 2216 3481 2284 αὐτὴν
3527 2216 3775 2286 γεωργόν
3812 2219 3825 2271 l
3869 2217 4011 2269 Οὐαὶ

2423 2303 2613 2373 πλοίῳ,
2646 2304 2847 2355 ὁπόταν
2884 2304 2958 2373 μὴ
2990 2303 3089 2374 ἐχῃ
3116 2302 3207 2356 τὸν
3233 2303 3614 2373 κυϐερνήτην,
3648 2305 3730 2357 ὅτι
3762 2305 3872 2359 ἀπὸ
3897 2306 4014 2359 τῶν

2422 2397 2680 2464 κυμάτων
2736 2395 2830 2449 καὶ
2874 2394 2970 2447 τοῦ
3020 2395 3181 2448 σάλου
3230 2396 3330 2463 τῆς
3373 2396 3650 2466 θαλάσσης
3700 2398 4012 2466 φερόμενον

2422 2486 2745 2540 ἀπόλλυται.
2799 2486 2936 2538 Οὐαὶ
2963 2484 3132 2554 ψυχῇ.
3166 2486 3370 2539 ὁπόταν
3409 2485 3483 2554 μὴ
3508 2485 3605 2554 ἔχῃ
3635 2485 3725 2538 τὸν
3751 2484 4011 2554 ἀληθινὸν

2423 2577 2765 2647 κυϐερνήτην
2814 2576 3047 2644 Χριστὸν
3101 2578 3158 2628 ἐν
3208 2576 3346 2645 αὐτῇ
3401 2577 3413 2627 ε
3451 2576 3532 2628 ὅτι
3567 2578 3625 2627 ἐν
3660 2578 3725 2646 τῇ
3758 2575 4009 2646 Θαλάσσῃ

2422 2667 2519 2735 τῆς
2557 2667 2778 2736 πικρίας
2824 2665 2918 2718 τοῦ
2959 2665 3184 2729 σκότους
3223 2666 3597 2733 τυγχάνουσα,
3637 2666 3734 2717 καὶ
3770 2665 3878 2718 ὑπὸ
3908 2666 4009 2718 τοῦ

2426 2757 2589 2809 σάλου
2640 2756 2751 2808 τῶν
2800 2755 2990 2809 παθῶν
3037 2757 3465 2825 κυματουμένη,
3502 2757 3596 2810 καὶ
3630 2756 3735 2808 ὑπὸ
3763 2757 3875 2810 τῶν
3906 2774 4011 2809 πο-

2424 2850 2605 2920 νηρῶν
2639 2850 2966 2919 πνευμάτων
2998 2850 3372 2920 χειμαζομένη
3395 2891 3409 2913 ,
3447 2850 3508 2902 τὸ
3537 2851 3690 2913 τέλος
3727 2851 4012 2905 ἀπώλειαν

2423 2944 2643 2995 κτᾶται.
2681 2941 2819 2994 Ούαὶ
2848 2940 3018 3011 ψυχῇ,
3055 2942 3257 2994 ὁπόταν
3293 2941 3369 3010 μὴ
3399 2940 3499 3013 ἔχῃ
3528 2941 3617 2994 τὸν
3642 2941 4015 3012 ἐργαζόμενον

2422 3035 2593 3102 αὐτὴν
2634 3033 2911 3102 ἐπιμελῶς
2950 3033 3205 3101 Χριστὸν,
3241 3034 3327 3085 ἵνα
3363 3034 3610 3103 καρποὺς
3638 3034 3880 3102 ἀγαθοὺς
3912 3035 4011 3090 τοῦ

2423 3125 2742 3194 Πνεύματος
2791 3126 3037 3193 ἐνεγκεῖν
3082 3124 3325 3193 δυνηθῇε
3367 3127 3449 3178 ὃτι
3486 3125 3689 3194 ἔρημος
3721 3125 3878 3191 οὖσα,
3914 3128 4014 3182 καὶ

2421 3218 2674 3271 ἀκανθῶν
2702 3219 2796 3270 καὶ
2824 3216 3091 3287 τριϐόλων
3125 3216 3320 3285 μεστὴ,
3350 3215 3412 3268 τὸ
3434 3216 3587 3279 τέλος
3612 3215 3810 3268 καῦσιν
3834 3218 4013 3286 πυρὸς

2422 3309 2756 3378 καρποῦται.
2787 3309 2925 3362 Οὐαὶ
2950 3307 3119 3377 ψυχῇ,
3148 3306 3351 3361 ὁπόταν
3386 3308 3459 3376 μὴ
3488 3308 3587 3380 ἔχῃ
3615 3308 3706 3360 τὸν
3730 3310 4014 3378 Δεσπότην

2422 3401 2593 3469 αὐτῆς
2640 3400 2876 3469 Χριστὸν
2928 3401 2988 3452 ἐν
3034 3400 3199 3468 ἑαυτῇ
3230 3398 3590 3453 κατοικοῦντα
3638 3403 3651 3454 !
3688 3402 3770 3453 ὅτι
3804 3400 4014 3469 ἔρημος

2423 3488 2556 3541 οὖσα
2590 3489 2684 3541 καὶ
2712 3489 2976 3550 δυσωδίας
3001 3488 3192 3542 παθῶν
3211 3488 3667 3559 ἐμπεπλησμένη,
3700 3490 4013 3562 καταλυτή-

2427 3596 2540 3649 ριον
2554 3579 2767 3641 κακίας
2795 3579 3074 3649 τυγχάνει.

2494 3672 2569 3725 Γ’.
2590 3671 2802 3741 Ὥσπερ
2833 3672 2940 3741 γὰρ
2956 3673 2983 3723 ὁ
3000 3673 3243 3741 γεωργὸς
3276 3673 3414 3726 ἐπὰν
3437 3672 3735 3743 πορεύηται
3759 3673 4011 3742 ἐργάσα-

2428 3763 2549 3815 σθαι
2583 3763 2679 3833 τὴν
2706 3764 2828 3831 γῆν,
2859 3762 2980 3815 δέον
3012 3765 3079 3816 τὰ
3111 3765 3381 3834 ἐργαλεῖα
3417 3782 3511 3817 και
3537 3765 3717 3834 ἀμφια
3745 3764 3882 3835 πρδς
3909 3766 4013 3833 τὴν

2426 3854 2686 3924 ἐργασίαν
2717 3852 3037 3923 λαμϐάνειν,
3084 3853 3257 3917 οὕτως
3304 3856 3397 3905 καὶ
3437 3856 3466 3907 6
3497 3855 3730 3924 Χριστὸς
3775 3854 3805 3904 6
3840 3853 4006 3922 βασι-

2426 3943 2550 4006 λεὺς
2578 3943 2606 3995 ὁ
2635 3942 2956 4013 ἐπουράνιος
2988 3943 3081 3996 καὶ
3103 3943 3356 4013 ἀληθινὸς
3389 3944 3653 4014 γεωργὸς,
3679 3942 3851 3996 ἐλθὼν
3872 3943 4014 4013 πρὸς

2426 4034 2523 4105 τὴν
2556 4036 2935 4106 ἐρημωθεῖσαν
2972 4036 3076 4088 ὑπὸ
3105 4036 3207 4105 τῆς
3237 4037 3437 4098 κακίας
3474 4035 3895 4107 ἀνθρωπότητα,
3930 4038 4015 4087 ἐν-

2426 4124 2728 4195 δυσάμενος
2764 4127 2824 4179 τὸ
2868 4126 3027 4194 σῶμα
3068 4128 3163 4180 καὶ
3210 4127 3285 4189 ὼς
3323 4128 3601 4197 ἐργαλεῖον
3634 4127 3725 4179 τὸν
3771 4128 4012 4195 σταυρὸν

2429 4217 2726 4287 βαστάσας,
2762 4218 3054 4287 εἰργάσατο
3090 4219 3189 4287 τὴν
3219 4218 3423 4289 ἔρημον
3451 4218 3649 4289 ψυχὴν.
3686 4218 3781 4271 καὶ
3815 4218 4012 4272 ἔλαϐεν

2428 4306 2488 4371 ἐξ
2519 4309 2687 4379 αὐτῆς
2723 4308 2820 4371 τὰς
2861 4308 3107 4371 ἀκάνθας
3141 4310 3236 4363 καὶ
3276 4310 3560 4379 τριϐόλους
3600 4310 3708 4362 τῶν
3749 4311 4009 4380 πονηρῶν

2428 4398 2773 4468 πνευμάτων,
2822 4399 2914 4451 καὶ
2948 4399 3015 4452 τά
3050 4400 3266 4464 ζιζάνια
3297 4399 3395 4469 τῆς
3436 4399 3711 4469 ἁμαρτίας
3773 4399 4007 4465 ἑξέτιλε,

749 4503 873 4569 ejus
903 4498 1015 4567 igni
1040 4494 1346 4552 combussit
1378 4510 1391 4546 :
1428 4507 1667 4562 cumque
1701 4490 1781 4546 sic
1811 4488 2148 4545 exercuisset
2179 4489 2324 4543 illam
2360 4490 2403 4544 Ι)
2432 4508 2440 4542 :

2321 4511 2324 4540 |
2360 4490 2403 4544 Ι)
2432 4491 2527 4544 καὶ
2573 4492 2750 4544 πάντα
2780 4492 2971 4561 χόρτον
3018 4492 3431 4562 ἁμαρτημάτων
3466 4492 3639 4562 αὐτῆς
3702 4492 3839 4562 πυρὶ
3876 4510 4012 4546 κατ-

748 4596 899 4663 ligno
934 4585 1424 4658 crncis,plantavit
1456 4585 1512 4637 in
1543 4598 1607 4638 ea
1636 4581 2071 4653 pulcherrimum
2099 4580 2323 4633 hortum

752 4682 1014 4752 Spiritus,
1059 4678 1241 4732 omnis
1277 4674 1496 4747 generis
1536 4671 1921 4727 suavissimum
1968 4680 2023 4725 et
2082 4666 2326 4739 gratissi-

750 4787 899 4828 mum
928 4770 1165 4824 fructum
1192 4767 1302 4821 Deo
1331 4764 1483 4819 velut
1515 4762 1745 4818 Domino
1768 4761 2183 4832 producentem.

820 4952 909 5006 1V.
961 4950 1031 5003 Et
1067 4949 1211 5003 sicut
1260 4947 1313 5000 in
1342 4944 1597 5016 JEgypto,
1634 4942 1834 4998 triduis
1859 4942 2105 4997 tenebris
2148 4940 2325 5003 factis,

748 5058 859 5097 non
887 5040 1111 5095 videbat
1154 5038 1298 5091 filius
1339 5045 1570 5105 patrem,
1600 5050 1699 5088 nec
1730 5033 1901 5088 frater
1938 5032 2185 5093 fratrem,
2227 5046 2329 5085 nec

751 5134 961 5188 amicus
998 5131 1275 5185 sincerum
1327 5141 1393 5181 ac
1436 5140 1754 5196 germanum
1791 5123 2050 5187 amicum,
2084 5122 2328 5177 tenebris

753 5222 1142 5280 obvelantibus
1183 5235 1279 5273 eos
1334 5235 1348 5271 :
1403 5218 1483 5271 sic
1530 5223 1821 5286 postquam
1868 5213 2111 5268 Adamus
2148 5222 2327 5268 trans-

752 5328 973 5386 gressus
996 5321 1078 5366 est
1116 5309 1455 5373 mandatum,
1488 5316 1542 5361 et
1572 5322 1600 5360 a
1634 5306 1865 5377 pristina
1896 5305 2067 5374 gloria
2100 5304 2325 5366 excidit,

753 5423 817 5460 ac
851 5403 1069 5473 spiritui
1114 5400 1302 5454 mundi
1364 5399 1636 5453 obnoxius
1687 5409 1771 5453 est
1825 5396 2024 5462 factus,
2060 5396 2329 5450 velamine

753 5511 971 5564 quoque
1000 5492 1349 5548 tenebrarum
1380 5491 1633 5544 veniente
1657 5490 1709 5542 in
1737 5488 1973 5543 animam
1996 5490 2133 5557 ejus,
2159 5487 2331 5556 ipsius

752 5587 935 5654 culpa,
985 5586 1071 5640 vel
1110 5599 1282 5653 usque
1319 5582 1385 5636 ad
1431 5592 1771 5650 postremum
1804 5580 2093 5642 Adamum,
2134 5593 2329 5647 nempe

754 5677 1070 5741 Dominum,
1113 5692 1223 5729 non
1252 5674 1477 5729 videbat
1521 5689 1715 5727 verum
1766 5673 1985 5727 Patrem
2026 5673 2325 5735 caelestem,

756 5768 954 5823 bonam
1006 5784 1068 5823 ac
1120 5769 1410 5838 benignam
1462 5776 1713 5833 matrem,
1760 5766 1989 5837 gratiam
2052 5764 2326 5836 Spiritus;

2425 4582 2653 4637 ἔκαυσε·
2694 4585 2789 4637 καὶ
2818 4583 2991 4647 οὕτως
3022 4585 3397 4655 ἐργασάμενος
3433 4585 3605 4654 αὐτὴν
3632 4583 3710 4653 τῷ
3740 4583 3885 4655 ξύλῳ
3913 4584 4009 4637 τοῦ

2426 4672 2682 4743 σταυροῦ,
2705 4674 3001 4742 ἐφύτευσεν
3027 4676 3085 4728 ἐν
3114 4675 3250 4746 αὐτῇ
3277 4676 3367 4728 τὸν
3392 4676 3793 4744 παγκάλλιστον
3821 4679 4011 4746 παρά-

2425 4762 2601 4815 δεισον
2633 4763 2726 4817 τοῦ
2767 4764 3107 4835 Πνεύματος,
3142 4766 3320 4820 πάντα
3350 4765 3564 4838 καρπὸν
3591 4766 3725 4838 ἡδὺν
3758 4768 3856 4821 καὶ
3886 4769 4011 4821 ἐπι-

2428 4853 2667 4924 θυμητὸν
2698 4856 2933 4927 φέροντα
2957 4856 3032 4919 ὡς
3071 4859 3318 4931 Δεσπότῃ
3350 4858 3491 4929 Θεῷ.

2496 4948 2569 4999 Δ’.
2626 4947 2735 4998 Καὶ
2768 4947 2959 5016 ὥσπερ
3003 4949 3061 5000 ἐν
3105 4949 3367 5019 Αἰγύπτῳ
3421 4950 3727 5021 τριημέρου
3786 4951 4013 5015 σκότους

2426 5040 2740 5109 γενομένου,
2770 5041 2870 5092 οὐκ
2918 5039 3145 5093 ἔϐλεπεν
3178 5041 3293 5105 υίὸς
3329 5041 3565 5113 πατέρα,
3611 5041 3735 5095 οὔτε
3779 5042 4014 5110 ἀδελφὸς

2428 5129 2673 5197 ἀδελφὸν,
2702 5128 2825 5181 οὔτε
2865 5129 3019 5197 φίλος
3056 5131 3280 5200 γνήσιον
3309 5132 3494 5199 φίλον,
3528 5131 3622 5185 τοῦ
3657 5133 3883 5196 σκότους
3912 5151 4013 5185 κα·

2429 5220 2691 5289 λύψαντος
2726 5221 2958 5283 αύτούς·
2993 5222 3135 5274 οὕτω
3177 5223 3270 5275 τοῦ
3326 5223 3497 5293 Ἀδὰμ
3535 5223 3885 5293 παραϐάντος
3910 5226 4014 5291 τὴν

2429 5310 2668 5379 ἐντολὴν,
2702 5311 2793 5363 καὶ
2828 5313 3085 5375 πεσόντος
3119 5313 3227 5365 άπὸ
3264 5313 3366 5382 τῆς
3403 5314 3676 5384 προτέρας
3705 5313 3884 5384 δόξης,
3915 5317 4013 5367 καὶ

2430 5403 2535 5456 ύπὸ
2571 5403 2632 5455 τὸ
2668 5403 2887 5473 πνεῦμα
2916 5403 3008 5457 τού
3042 5407 3246 5474 κόσμου
3290 5406 3594 5473 γεγονότος,
3634 5407 3729 5459 καὶ
3767 5405 3863 5459 τοῦ
3906 5424 4012 5459 κα-

2431 5495 2719 5563 λύμματος
2760 5495 2855 5549 τοῦ
2898 5497 3122 5559 σκότους
3165 5497 3410 5559 ἐλθόντος
3451 5499 3507 5551 ἐν
3548 5500 3615 5568 τῇ
3658 5498 3805 5567 ψυχῇ
3837 5500 4009 5551 αὐτοῦ

2432 5586 2525 5638 ἀπ’
2553 5586 2738 5649 αὐτοῦ,
2766 5587 2859 5638 καὶ
2887 5587 3050 5657 μέχρι
3075 5588 3167 5641 τοῦ
3196 5589 3425 5659 ἐσχάτου
3459 5589 3628 5658 Ἀδὰμ
3650 5589 3744 5641 τοῦ
3775 5591 4008 5659 Κυρίου,

2431 5678 2529 5729 οὐκ
2556 5676 2749 5729 ἔϐλεπε
2782 5677 2874 5729 τὸν
2893 5678 3143 5746 ἀληθινὸν
3171 5681 3392 5750 Πατέρα
3420 5682 3510 5733 τὸν
3537 5682 3877 5752 ἐπουράνιον,
3911 5682 4012 5734 καὶ⁵

2430 5768 2526 5839 τὴν
2554 5768 2762 5840 ἀγαθὴν
2790 5769 2883 5822 καὶ
2902 5771 3144 5842 χρηστὴν
3173 5771 3386 5845 μητέρα
3413 5773 3510 5845 τὴν
3535 5775 3695 5846 χάριν
3718 5774 3809 5829 τοῦ
3833 5773 4012 5828 Πνεύ-
