4282 6364
245 372 353 439 713

1388 370 1763 437 HOMILIIE.
1788 400 1861 417 η·-
1891 374 2368 439 HOM.XXVIII.

3407 374 3510 441 716

248 502 442 558 ματος,
475 484 573 540 καὶ
610 484 705 539 τὸν
734 483 940 554 γλυκὺν
970 484 1067 541 καὶ
1104 482 1441 555 ποθούμενον
1483 487 1712 555 ἀδελφὸν
1738 487 1831 540 τὸν
1858 491 1903 546 Α
1932 507 1939 539 ι

1821 503 1831 537 ι
1858 491 1903 546 Α
1932 487 2148 543 dulcem
2182 503 2249 542 ac
2278 485 2652 544 desideratum
2678 486 2927 553 fratrem,
2957 485 3279 554 Dominum;
3303 487 3512 546 amicos

246 580 489 650 Κύριον,
553 578 810 641 καὶτοὺς
861 576 1048 645 φίλους
1108 578 1202 630 καὶ
1249 580 1510 649 γνησίους
1559 580 1829 648 ἀγγέλους

243 671 459 743 ἁγίους,
494 671 613 743 μεθ’
657 664 734 725 ὧν
775 670 963 741 ἔχαιρε
1007 669 1251 742 χορεύων
1296 672 1391 724 καὶ
1428 672 1721 743 ἑορτάζων.
1753 673 1827 727 Ού

250 767 413 835 μόνον
437 764 496 817 δὲ
525 765 631 827 ἕως
654 761 749 817 τοῦ
782 763 1011 833 ἐσχάτου
1047 763 1240 833 Ἀδὰμ,
1268 763 1383 816 ἀλλ’
1404 762 1596 818 ἐτικαὶ
1627 764 1721 818 νῦν
1745 766 1831 833 ἐφ’

243 858 342 919 οὓς
381 857 484 909 οὐκ
513 854 788 909 ἀνέτειλεν
820 855 849 907 6
880 854 1033 925 ἥλιος
1062 854 1161 925 τῆς
1190 853 1540 925 δικαιοσύνης
1573 855 1828 925 Χριστὸς,

245 950 345 1002 καὶ
380 941 457 1001 ῶν
482 948 584 1001 οὐκ
621 948 920 1018 ἠνοίγησαν
966 948 1015 1000 οί
1046 947 1147 1016 τῆς
1188 946 1364 1018 ψυχῆς
1401 947 1693 1018 ὀφθαλμοὶ,
1721 947 1832 1003 ἀπὸ

245 1039 345 1093 τοῦ
375 1038 631 1111 ἀληθινοῦ
661 1038 840 1107 φωτὸς
862 1037 1246 1108 φωτισθέντες,
1272 1037 1377 1093 ὑπὸ
1397 1039 1458 1092 τὸ
1488 1040 1620 1095 αὐτὸ
1641 1039 1833 1104 σκότος

246 1132 349 1201 τῆς
378 1130 660 1201 ἁμαρτίας
679 1131 761 1184 ἔτι
785 1130 1139 1199 τυγχάνουσι,
1174 1130 1275 1201 τὴν
1302 1130 1472 1203 αὐτὴν
1491 1130 1600 1185 τῶν
1628 1130 1833 1201 ἡδονῶν

248 1222 536 1292 ἐνέργειαν
558 1220 797 1290 ἔχοντες,
829 1224 898 1292 τῇ
925 1222 1066 1291 αὐτῇ
1092 1222 1159 1290 τῇ
1187 1221 1430 1292 τιμωρίᾳ
1453 1221 1830 1291 ὑποκείμενοι,

249 1314 562 1385 ὀφθαλμοὺς
600 1314 903 1385 βλέποντας
922 1313 1015 1367 τὸν
1044 1314 1267 1383 Πατέρα
1299 1312 1525 1383 μηδέπω
1554 1312 1789 1383 ἔχοντες.

326 1405 407 1461 ε’.
443 1406 616 1461 Τοῦτο
636 1409 746 1475 γάρ
776 1406 983 1475 ὀφείλει
1006 1406 1298 1473 γινώσκειν
1319 1406 1571 1470 ἕκαστος,
1591 1406 1673 1458 ὅτι
1696 1404 1834 1458 είσὶν

250 1498 528 1568 ὀφθαλμοὶ
586 1498 854 1568 ινδότεροι
914 1496 1211 1567 ὀφθαλμῶν
1260 1496 1490 1562 τούτων,
1540 1497 1635 1550 καὶ
1688 1496 1835 1551 ἐστιν

253 1591 396 1661 ἀκοὴ
440 1590 694 1661 ὲνδοτέρα
735 1590 835 1659 τῆς
864 1590 1036 1659 ἀκοῆς
1062 1589 1288 1657 ταύτης.
1336 1588 1447 1641 Καὶ⁸
1473 1586 1661 1658 ῶσπερ
1690 1580 1835 1641 οὗτοι

253 1683 304 1734 οί
333 1679 604 1750 ὀφθαλμοὶ
633 1678 912 1749 αίσθητῶς
963 1678 1223 1748 βλέπουσι
1272 1681 1369 1731 καὶ
1409 1678 1729 1732 κατανοοῦσι
1776 1679 1837 1732 τὸ

257 1772 553 1841 πρόσωπον
575 1768 671 1823 τοῦ
702 1770 886 1839 φίλου,
914 1769 947 1840 ᾖ
986 1767 1082 1821 τοῦ
1113 1765 1423 1837 ἀγαπητοῦ,
1454 1766 1625 1831 οὕτως
1663 1768 1758 1822 καὶ
1786 1770 1835 1820 οί

255 1864 360 1935 τῆς
391 1864 549 1929 ἀξίας
580 1862 673 1915 καὶ
702 1861 899 1931 πιστῆς
933 1860 1115 1931 ψυχῆς
1148 1858 1416 1931 ὀφθαλμοὶ
1452 1860 1836 1929 πνευματικῶς

259 1956 621 2023 φωτισθέντες
655 1954 796 2022 φωτὶ
831 1952 1021 2024 θεῖκῷ,
1052 1952 1310 2022 βλέπουσι
1361 1952 1456 2005 καὶ
1508 1951 1835 2005 κατανοοῦσι

258 2049 351 2102 τὸν
381 2046 633 2116 ἀληθινὸν
673 2046 847 2115 φίλον,
885 2044 981 2099 καὶ
1013 2043 1371 2113 γλυκύτατον,
1403 2044 1498 2096 καὶ
1533 2042 1837 2113 πολυπόθη-

258 2156 352 2192 τον
380 2139 612 2209 νυμφίον
634 2138 725 2190 τὸν
754 2137 978 2206 Κύριον,
1007 2134 1509 2205 καταλαμπομένης
1534 2134 1633 2203 τῆς
1660 2133 1837 2203 ψυχῆς

256 2230 364 2282 ὑπὸ
393 2228 487 2282 τοῦ
539 2226 918 2299 προσκυνητοῦ
969 2226 1318 2297 Πνεύματος·
1371 2227 1466 2279 καὶ
1516 2226 1661 2280 οὓτω
1713 2226 1837 2296 βλέ-

258 2339 441 2375 πουσα
464 2322 665 2392 νοερῶς
701 2322 761 2373 τὸ
792 2320 1127 2391 ἐπιθυμητὸν
1153 2320 1247 2373 καὶ
1281 2320 1441 2391 μόνον
1472 2320 1834 2391 ἀνεκλάλητον

258 2413 456 2477 κάλλος
484 2415 563 2476 είς
604 2412 783 2483 ἔρωτα
818 2412 960 2465 θεῖον
988 2409 1376 2482 τιτρώσκεται,
1406 2413 1500 2465 καὶ
1534 2415 1613 2476 είς
1658 2413 1836 2477 πάσας

258 2506 463 2576 ἀρετάς
486 2504 577 2558 τοῦ
601 2505 741 2557 [Ινεύ
752 2521 918 2574 ματος
945 2504 1352 2569 κατευθύνεται,
1379 2503 1471 2557 καὶ
1497 2502 1667 2566 οὕτως
1688 2504 1839 2574 ἀόρι-

259 2613 385 2649 στον
409 2597 504 2649 καὶ
530 2596 881 2649 ἀνέκλειπτον
913 2595 1174 2665 κέκτηται
1202 2594 1442 2663 ἀγάπην,
1472 2594 1608 2664 πρὸς
1635 2594 1723 2647 τὸν
1747 2593 1839 2646 ὑπ’

258 2690 433 2758 αὐτῆς
460 2686 801 2756 ’ποθούμενον
845 2684 1068 2757 Κύριον.
1113 2686 1177 2737 Τί
1207 2683 1385 2737 τοίνυν
1427 2683 1840 2754 μακαριώτερον

256 2781 355 2846 τῆς
382 2777 555 2830 ἀϊδίου
590 2777 773 2845 φωνῆς
804 2777 1019 2844 ἐκείνης
1058 2776 1331 2839 Ἰωάννου,
1373 2774 1708 2839 δεικνύοντος
1736 2778 1843 2847 πρὸ

259 2866 554 2935 ὀφθαλμῶν
581 2866 672 2918 τὸν
713 2865 938 2934 Κύριον,
970 2864 1240 2931 λέγοντος,
1277 2864 1399 2919 Ἰδε
1445 2868 1477 2919 ό
1501 2866 1692 2932 ἀμνὸς
1734 2866 1840 2921 τοῦ

259 2958 431 3020 Θεοῦ,
465 2960 498 3010 ὁ
529 2956 713 3025 αἴρων
744 2957 857 3026 τὴν
895 2957 1189 3025 ἁμαρτίαν
1214 2956 1319 3010 τοῦ
1346 2958 1579 3025 κόσμου
1613 2975 1633 3022 ;

333 3047 425 3114 ς’.
444 3047 702 3116 ⁹Δληθῶς,
734 3049 828 3101 Ἐν
847 3046 1155 3116 γεννητοῖς
1184 3047 1482 3116 γυναικῶν
1499 3048 1693 3114 οὐδείς
1715 3050 1843 3119 μεί-

1933 589 1989 635 et
2016 595 2327 651 germanos,
2355 588 2575 636 sanctos
2604 582 2845 652 angelos,
2874 580 3205 649 quibuscum
3239 581 3515 652 gaudebat

1932 672 2243 742 tripudians
2290 679 2347 725 et
2391 671 2531 727 festa
2573 672 2881 727 celebrans.
2926 671 3046 727 Non
3111 672 3287 727 solum
3328 683 3512 729 autem

1935 776 2109 831 usque
2139 761 2206 816 ad
2249 770 2592 831 postremum
2620 760 2923 826 Adamum,
2962 762 3058 817 sed
3091 762 3393 817 etiamnum
3433 763 3513 827 hi,

1936 853 2142 923 quibus
2186 868 2297 907 non
2331 862 2416 907 est
2451 861 2679 908 exortus
2708 854 2788 908 sol
2815 854 3043 924 iustitia:
3072 853 3344 919 Christus,
3378 869 3517 924 quo-

1936 959 2169 1014 rumque
2202 944 2345 999 oculi
2392 943 2588 999 animae
2622 959 2734 999 non
2776 954 2908 1000 sunt
2950 945 3150 1015 aperti,
3203 962 3233 1000 a
3267 960 3401 1000 vero
3434 945 3518 999 lu-

1936 1039 2084 1093 mine
2118 1036 2409 1092 illuminati
2463 1037 2568 1092 sub
2598 1036 2793 1091 iisdem
2820 1036 3005 1092 adhuc
3038 1038 3250 1092 haerent
3274 1036 3518 1092 tenebris

1934 1128 2170 1200 peccati,
2192 1129 2386 1185 eadem
2407 1128 2752 1199 voluptatum
2773 1137 2969 1199 agente
2996 1129 3048 1182 vi
3074 1127 3310 1197 praediti,
3333 1127 3517 1183 eidem

1935 1221 2208 1291 supplicio
2230 1220 2489 1292 subjecti,
2518 1220 2730 1284 oculos,
2753 1219 2846 1291 qui
2874 1220 3091 1276 Patrem
3113 1220 3356 1285 videant,
3380 1234 3519 1275 non-

1938 1313 2071 1368 dum
2102 1313 2409 1369 consecuti.

2005 1405 2071 1460 V.
2108 1405 2223 1461 Hoc
2253 1406 2403 1461 enim
2435 1404 2671 1475 quilibet
2701 1412 3055 1475 perspectum
3088 1404 3295 1459 habere
3330 1404 3515 1468 debet,

1933 1510 2056 1554 esse
2092 1499 2284 1553 oculos
2313 1498 2613 1554 interiores
2636 1498 2832 1553 horum
2860 1498 3166 1561 oculorum,
3200 1505 3256 1551 et
3286 1497 3521 1552 interio-

1936 1606 2050 1646 rem
2080 1591 2330 1645 auditum
2378 1591 2545 1661 hujus
2574 1590 2823 1645 auditus.
2863 1590 2934 1645 Et
2962 1589 3425 1659 quemadmodum
3463 1590 3519 1642 hi

1936 1683 2079 1737 oculi
2109 1683 2447 1739 sensibiliter
2478 1683 2835 1752 conspiciunt
2873 1697 2938 1737 ac
2962 1691 3300 1752 cognoscunt
3325 1682 3520 1736 faciem

1939 1771 2103 1825 amici
2149 1781 2245 1826 aut
2278 1770 2467 1825 dilecti
2520 1789 2533 1823 :
2592 1771 2671 1825 sic
2701 1786 2921 1840 quoque
2954 1771 3211 1841 pretiosa:
3241 1786 3304 1824 ac
3345 1770 3522 1824 ﬁdelis

1870 1837 1909 1893 Β
1939 1861 2134 1916 animae
2165 1862 2311 1917 oculi
2343 1837 3034 1933 spiritualiterilla—minati
3063 1862 3252 1918 divino
3282 1862 3516 1925 lumine,

1940 1956 2228 2010 intuentur
2266 1970 2331 2009 ac
2364 1963 2705 2026 cognoscunt
2740 1971 2935 2009 verum
2962 1956 3225 2018 amicum,
3254 1954 3525 2008 suavissi-

1940 2066 2112 2116 mum,
2142 2050 2447 2118 multisque
2480 2048 2626 2103 votis
2653 2047 3024 2103 desideratum
3054 2063 3317 2118 sponsum
3341 2047 3525 2102 Domi-

1937 2159 2093 2209 num,
2120 2153 2175 2198 et
2213 2142 2438 2211 quidem
2484 2141 2793 2195 illuminata
2842 2141 3021 2194 anima
3064 2156 3092 2193 a
3141 2139 3351 2208 Spiritu
3388 2139 3522 2193 ado-

1942 2235 2138 2291 rando.
2171 2233 2303 2300 Quae
2336 2232 2417 2287 sic
2448 2231 2733 2285 intellectu
2771 2231 3117 2301 conspiciens
3147 2230 3520 2285 desideratam

1938 2343 2003 2382 ac
2032 2326 2202 2382 solam
2235 2322 2651 2379 inenarrabilem
2678 2322 3169 2391 pulchritudinem,
3214 2338 3397 2376 amore
3443 2322 3527 2376 di-

1938 2417 2068 2471 vino
2097 2415 2397 2477 sauciatur,
2448 2421 2614 2481 atque
2661 2413 2729 2466 ad
2775 2426 2967 2466 omnes
3003 2411 3238 2466 virtutes
3283 2411 3524 2481 Spiritus

1940 2503 2218 2574 dirigitur,
2268 2512 2432 2571 atque
2479 2500 2622 2555 adeo
2690 2500 3016 2555 immensam
3080 2510 3136 2555 et
3198 2512 3523 2571 perpetuam

1941 2596 2299 2665 consequitur
2332 2595 2712 2658 dilectionem,
2756 2609 2885 2664 erga
2918 2594 3123 2664 sepius
3150 2610 3179 2647 a
3218 2610 3275 2647 se
3304 2594 3523 2648 deside-

1943 2694 2122 2739 ratum
2160 2699 2448 2754 sponsum.
2494 2682 2636 2749 Quid
2680 2682 2847 2753 igitur
2886 2684 3101 2737 beatius
3136 2694 3340 2737 aeterna
3389 2700 3524 2738 voce

1944 2776 2035 2830 illa
2079 2775 2329 2841 Joannis,
2365 2773 2723 2829 monstrantis
2761 2773 2832 2827 ob
2871 2774 3075 2829 ecutos
3107 2774 3427 2837 Dominum,
3460 2790 3523 2827 ac

1942 2867 2179 2922 dicentis
2253 2884 2267 2920 :
2334 2866 2467 2920 Ecce
2524 2882 2697 2936 agnus
2760 2862 2893 2930 Dei,
2962 2865 3051 2934 qui
3111 2864 3249 2919 tollit
3308 2874 3527 2933 peccata

1948 2958 2129 3012 mundi
2157 2957 2243 3013 "‘l

2022 3050 2180 3119 112
2216 3048 2304 3105 Vl.
2351 3048 2563 3103 Revera
2614 3050 2752 3102 inter
2807 3058 2958 3102 natos
3018 3048 3298 3103 mulierum
3352 3049 3528 3104 nullus

259 3141 374 3203 ζων
396 3142 678 3197 Ἰωάννου
694 3141 800 3195 τοῦ
828 3140 1189 3195 Βαπτιστοῦ.
1212 3141 1490 3212 Πλήρωμα
1508 3140 1614 3213 γὰρ
1630 3142 1846 3197 πάντων
1874 3182 1916 3240 C

1840 3162 1846 3188 ν
1874 3182 1916 3240 C
1951 3143 2128 3212 major
2151 3141 2360 3196 Joanne
2392 3140 2639 3211 Baptista
2662 3142 2728 3194 ".
2757 3139 3235 3210 Complementum
3267 3142 3413 3194 enim
3444 3152 3531 3196 est

261 3233 560 3303 προφητῶν
600 3233 885 3301 τυγχάνειο
929 3232 1025 3286 κα)⁵
1072 3232 1270 3295 πάντες
1327 3233 1426 3302 μὲν
1496 3236 1842 3305 προεφήτευ-

260 3340 363 3375 σαν
410 3324 540 3389 περὶ
588 3320 684 3375 τοῦ
739 3322 965 3390 Κυρίου,
1017 3322 1254 3392 μήκοθεν
1307 3322 1641 3386 δεικνύοντες
1692 3326 1852 3377 αὑτὸν

260 3414 739 3483 παραγινόμενονζ·
763 3412 923 3474 αὐτὸς
950 3411 1006 3464 δὲ
1043 3411 1400 3482 προφητεύων
1418 3415 1543 3483 περὶ
1557 3415 1651 3467 τοῦ
1670 3416 1852 3488 Σωτῆ-

263 3522 380 3575 ρος,
410 3505 650 3556 ἐδείκνυε
698 3505 823 3573 παρ’
856 3504 1153 3574 ὀφθαλμοῖς
1178 3508 1332 3569 πᾶσι,
1368 3504 1507 3575 βοῶν
1535 3507 1628 3560 καὶ
1658 3508 1852 3577 λέγων,

266 3595 391 3648 Ἴδε
423 3598 454 3649 ό
483 3594 670 3664 ἀμνὸς
713 3594 818 3648 τοῦ
852 3594 1020 3647 Θεοῦ.
1057 3594 1121 3645 Τί
1157 3594 1306 3664 ἡδεῖα
1334 3595 1428 3648 καὶ
1453 3595 1591 3667 καλὴ
1626 3598 1659 3666 ἡ
1698 3599 1847 3669 φωνὴ

262 3686 395 3738 εὐθὺ
413 3685 750 3747 δεικνύοντος
771 3685 831 3737 τὸ
854 3686 943 3739 ὑπ’
972 3684 1135 3737 αὐτοῦ
1162 3686 1565 3755 κηρυσσόμενον
1588 3689 1601 3741 ί
1631 3688 1853 3748 Μείζων

277 3776 550 3829 Ἰωάννου
602 3776 672 3829 ἐν
715 3775 1025 3843 γεννητοῖς
1082 3774 1384 3845 γυναικῶν
1435 3776 1668 3843 οὐδείς’
1717 3782 1749 3831 ό
1784 3778 1853 3831 δὲ

258 3871 609 3937 μικρότερος
636 3868 707 3921 ἐν
739 3867 812 3935 τῇ
848 3868 1137 3935 βασιλείᾳ
1166 3866 1289 3920 τῶν
1316 3868 1610 3934 οὐρανῶν,
1639 3868 1853 3938 μείζων

266 3960 457 4015 αὐτοῦ
503 3961 694 4013 ἐστιν.
747 3961 809 4011 Ol
854 3958 1059 4011 ἀνωθεν
1106 3959 1171 4011 ἐκ
1208 3958 1301 4011 τοῦ
1337 3958 1469 4011 Θεοῦ
1500 3959 1852 4028 γεννηθέντες

271 4053 599 4107 ἀπόστολοι·
634 4054 682 4104 οί
716 4053 814 4121 τὴν
858 4050 1113 4120 ἀπαρχὴν
1158 4050 1249 4103 τοῦ
1294 4050 1648 4120 παρακλήτου
1682 4052 1850 4104 Πνεύ-

269 4163 439 4215 ματος
469 4145 725 4206 λαόόντες
747 4158 762 4173 ’
797 4138 943 4197 οῦτοι
984 4144 1091 4211 γὰρ
1116 4142 1468 4195 συνδικασταὶ
1496 4143 1591 4196 καὶ
1624 4144 1851 4215 σύνθρο-

266 4258 347 4293 νοι
405 4238 823 4309 κατηξιώθησαν
878 4236 1149 4305 γενέσθαι,
1208 4230 1356 4290 οὗτοι
1410 4237 1688 4309 λυτρωταὶ
1740 4240 1851 4292 τῶν

1950 3234 2195 3288 omnium
2221 3234 2635 3302 prophetarum.
2667 3233 2735 3287 Et
2760 3249 2954 3288 omnes
2977 3233 3203 3303 quidem
3237 3234 3527 3289 vaticinati

1951 3331 2079 3377 sunt
2116 3322 2185 3377 de
2213 3323 2469 3387 Domino,
2517 3323 2711 3392 procul
2755 3333 3126 3377 monstrantes
3171 3340 3298 3376 cum
3338 3334 3534 3378 ventu-

1951 3432 2095 3473 rum.
2131 3416 2250 3486 Ipse
2279 3431 2411 3471 vero
2441 3415 2509 3469 de
2533 3415 2815 3470 Salvatore
2850 3417 3207 3484 prophetans,
3242 3432 3533 3471 common-

1951 3508 2162 3563 strabat
2210 3518 2335 3562 ante
2384 3507 2631 3561 omnium
2666 3508 2876 3572 oculos,
2910 3510 3155 3562 clamans
3183 3524 3247 3563 ac
3276 3509 3468 3563 dicens
3516 3529 3528 3563 :

1952 3599 2083 3653 Ecce
2106 3616 2275 3669 agnus
2305 3598 2399 3652 Dei
2428 3600 2495 3653 ”.
2528 3597 2670 3664 Quid
2696 3608 2819 3652 erat
2842 3599 3029 3653 suavis
3055 3614 3119 3653 ac
3147 3600 3404 3667 prreclara
3428 3616 3531 3654 vox

1952 3700 2104 3745 recta
2150 3689 2511 3745 monstrantis
2553 3705 2701 3754 eum,
2742 3706 2907 3759 quem
2951 3690 3322 3759 prmdicahat?
3356 3692 3532 3761 Major

1949 3781 2157 3836 Joanne
2190 3784 2327 3835 inter
2352 3799 2436 3835 eos
2475 3784 2565 3851 qui
2606 3791 2895 3836 nascuntur
2917 3799 2942 3835 e
2974 3782 3276 3836 mulieribus
3311 3784 3531 3847 nullus,-

1951 3874 2040 3940 qui
2071 3880 2249 3925 autem
2298 3874 2469 3925 minor
2506 3880 2579 3924 est
2643 3874 2696 3925 in
2748 3890 2908 3942 regno
2952 3872 3221 3937 castorum,
3260 3876 3435 3944 major
3457 3886 3532 3929 est

1950 3961 2044 4015 illo
2071 3963 2135 4016 ".
2178 3961 2281 4028 Qui
2330 3964 2567 4033 desuper
2599 3979 2667 4018 ex
2722 3965 2834 4020 Deo
2872 3966 2985 4019 nati
3027 3976 3155 4020 sunt
3208 3968 3439 4034 apostoli
3480 3978 3535 4022 et

1951 4054 2228 4124 primitias
2265 4056 2505 4125 Spiritus
2536 4056 2799 4125 paracleti
2851 4068 3182 4126 acceperunt
3218 4078 3228 4111 :
3272 4059 3327 4112 hi
3358 4060 3533 4128 siqui-

1962 4146 2110 4210 dem,
2162 4154 2221 4199 ut
2253 4160 2359 4198 una
2404 4144 2620 4214 judices
2666 4154 2873 4209 essent,
2921 4160 2985 4199 ac
3019 4146 3072 4199 in
3112 4146 3305 4200 eodem
3336 4147 3534 4201 throno

1962 4237 2237 4300 sederent,
2264 4236 2415 4306 digni
2454 4236 2690 4305 reputati
2725 4245 2854 4289 sunt
2891 4254 2902 4289 :
2941 4237 2996 4290 hi
3036 4237 3409 4307 redemptores
3436 4238 3535 4292 ho-

267 4330 571 4402 ἀνθρώπων
614 4329 922 4398 γεγόνασιν.
978 4329 1269 4397 Εὑρίσκεις
1319 4329 1516 4397 αὐτοὺς
1568 4329 1849 4399 σχίζοντας
1954 4346 1958 4382 1

1843 4349 1849 4392 ;
1954 4329 2160 4382 minum
2188 4327 2314 4381 facti
2345 4336 2494 4381 sunt.
2532 4328 2753 4381 Iuvenis
2784 4342 2881 4381 eos
2905 4328 3216 4382 dividentes
3240 4345 3389 4383 mare
3416 4345 3534 4398 pra-

270 4424 546 4476 θάλασσαν
572 4422 856 4491 δυνάμεων
877 4420 1153 4489 πονηρῶν,
1179 4420 1274 4473 καὶ
1302 4420 1660 4489 διαγαγόντας
1675 4422 1853 4493 ψυχὰς
1953 4435 1961 4452 ‘

1839 4439 1853 4486 ;
1953 4433 2143 4472 varum
2176 4424 2532 4486 potestatum,
2564 4426 2730 4486 atque
2758 4416 3064 4471 educentes
3087 4416 3276 4472 ﬁdeles
3298 4419 3530 4472 animas.

269 4516 649 4577 πιστευούσας.
673 4514 959 4583 Εὐρίσκεις
974 4513 1170 4574 αὐτοὺς
1191 4513 1469 4581 γεωργοὺς
1493 4513 1590 4583 τὴν
1607 4514 1852 4584 ἄμπελον
1888 4532 1931 4586 ι)

1845 4532 1852 4562 ι
1888 4532 1931 4586 D
1960 4508 2181 4564 lnvenis
2208 4523 2305 4562 eos
2337 4508 2584 4571 colonos,
2621 4506 2837 4561 vineam
2868 4507 3063 4561 anima:
3085 4509 3420 4562 excolentes.
3450 4509 3536 4562 ln-

270 4610 369 4677 τῆς
403 4608 579 4677 ψυχῆς
622 4604 1045 4675 ἐργαζομένους.
1110 4604 1402 4672 Εὑρίσκεις
1439 4605 1637 4669 αὐτοὺς
1668 4624 1849 4677 πκρα-
1957 4615 1961 4624 “

1831 4637 1849 4649 .
1957 4599 2112 4653 venis
2182 4612 2278 4651 eos
2347 4596 2789 4667 paranymphos,
2848 4596 3250 4665 desponsantes
3306 4598 3522 4652 animas

269 4699 539 4769 νύμφους,
571 4696 945 4768 νυμφεύοντας
964 4695 1140 4765 ψυχὰς
1175 4694 1423 4765 Χριστῷ·
1468 4696 1853 4767 Ἢρμοσάμην
1954 4699 1960 4733 ⁴

1843 4719 1853 4731 -
1954 4688 2193 4744 Christo.
2239 4687 2500 4756 Despondi
2528 4690 2689 4751 enim,
2721 4688 2921 4757 inquit,
2955 4704 3039 4741 vos
3067 4690 3159 4740 uni
3201 4690 3311 4742 viro
3344 4690 3410 4742 ".
3447 4690 3534 4742 ln-

271 4792 405 4861 γὰρ,
464 4790 656 4860 φησὶν,
710 4787 865 4858 ὑμᾶς
924 4786 1013 4840 ἐνί
1070 4785 1265 4853 ἀνδρί.
1334 4788 1621 4857 Εὑρίσκεις
1660 4791 1853 4855 αὐτοὺς
1958 4797 1962 4806 “

1842 4810 1853 4855 ς
1958 4780 2114 4834 venis
2140 4794 2238 4834 eos
2271 4780 2564 4849 largientes
2610 4780 2776 4832 vitam
2819 4779 3164 4843 hominibus,
3197 4788 3253 4834 et
3288 4795 3533 4834 summa-

272 4883 518 4945 διδόντας
552 4880 697 4952 ζωὴν
728 4877 1165 4950 τοῖςιὰνθρώποις
1184 4896 1196 4909 ο
1227 4880 1318 4931 καὶ
1346 4880 1682 4944 ἁπαξαπλῶς
1709 4884 1855 4953 εὑρί-

273 4992 431 5037 σκεις
465 4974 661 5035 αὐτοὺς
694 4970 1021 5040 πολυμερῶς
1051 4970 1143 5020 καὶ
1173 4968 1525 5037 πολυτρόπως
1551 4971 1855 5025 διακονοῦν-

268 5084 373 5129 τας
400 5064 478 5135 τῷ
506 5063 807 5133 Πνεύματι.
851 5056 1019 5123 Οὗτος
1044 5058 1138 5111 οὖν
1171 5060 1314 5112 ἐστιν
1333 5064 1359 5114 6
1382 5063 1575 5133 μικρὸς
1597 5066 1624 5117 6
1657 5065 1859 5134 μείζων

283 5158 539 5210 Ἰωάννου
564 5156 658 5209 τοῦ
691 5153 1021 5213 Βαπτιστοῦ,

345 5249 422 5305 Ζ’.
455 5251 662 5319 Ὠσπερ
723 5252 829 5319 γὰρ
858 5253 884 5303 6
909 5255 1152 5323 γεωργὸς
1211 5252 1403 5321 ζεῦγος
1434 5250 1571 5321 βοῶν
1595 5254 1860 5321 κατέχων,

272 5340 568 5408 ἐργάζεται
616 5339 714 5409 τὴν
754 5339 855 5408 γῆν
878 5354 890 5367 °
942 5341 1217 5401 τὸναὺτδν
1244 5339 1440 5408 τρόπον
1486 5338 1579 5391 καὶ
1609 5340 1636 5389 ὁ
1666 5339 1865 5408 Κύριος

286 5431 520 5501 Ἰησοῦς,
552 5433 579 5483 6
609 5430 772 5494 καλὸς
802 5433 897 5483 καὶ
928 5431 1178 5502 ἀληθινὸς
1209 5430 1472 5500 γεωργὸς,
1503 5428 1596 5481 δύο
1626 5431 1854 5483 ἀποστό-

270 5526 402 5588 λους
432 5522 649 5588 ζεύξας,
682 5524 1000 5577 ἀπέστειλεν
1032 5526 1246 5587 αὐτοὺς,
1284 5520 1596 5591 μετάύτῶν
1629 5520 1855 5591 ἐργαζό-

276 5633 444 5685 μενος
460 5616 558 5686 τὴν
586 5616 690 5685 γῆν
716 5615 819 5667 τῶν
842 5617 1147 5669 ἀκουόντων
1194 5615 1287 5667 καὶ
1312 5612 1618 5681 tamen
1642 5630 1856 5665 πιστευ-

274 5710 475 5763 όντων.
504 5706 648 5777 Πλὴν
681 5707 950 5761 καὶτοῦτο
976 5708 1149 5759 εἰπεῖν
1185 5705 1353 5771 ἄξιον,
1396 5704 1469 5767 ώς
1495 5704 1593 5756 οὐκ
1625 5707 1682 5757 ὲν
1716 5704 1857 5771 λόγῳ

353 5804 396 5837 ’³
436 5804 596 5859 Joan.
634 5804 783 5874 1,29.
860 5806 903 5838 ⁹²
940 5804 1128 5859 Matth.
1160 5818 1231 5867 χι,
1265 5801 1349 5855 ll.
1420 5802 1463 5831 “
1503 5800 1658 5855 Joan.
1696 5817 1729 5866 I,
1764 5801 1849 5855 :29.

1961 4871 2058 4924 tim
2086 4869 2301 4924 invenis
2332 4885 2426 4922 eos
2451 4868 2616 4922 variis
2642 4883 2705 4921 ac
2732 4868 2968 4922 diversis
2998 4866 3175 4921 modis
3212 4868 3535 4921 ministran-

1967 4970 2049 5015 tes
2097 4959 2351 5029 Spiritui.
2405 4959 2503 5012 llic
2533 4959 2699 5029 igitur
2737 4966 2821 5013 est
2866 4958 2956 5012 ille
2984 4972 3200 5025 parvus,
3239 4957 3335 5025 qui
3366 4958 3537 5028 major

1958 5062 2042 5109 est
2068 5054 2277 5107 Joanne
2310 5052 2571 5120 Baptista.

2030 5149 2142 5203 Vll.
2182 5146 2654 5213 Quemadmodum
2700 5146 2846 5201 enim
2878 5146 3111 5214 agricola
3139 5146 3328 5215 jngnm
3366 5145 3533 5198 bonnt

1964 5244 2205 5313 dirigens
2240 5241 2441 5295 excolit
2469 5250 2673 5293 terram
2712 5255 2724 5290 :
2769 5238 2960 5291 eodem
2992 5252 3211 5305 quoque
3240 5236 3402 5289 modo
3428 5237 3536 5289 Do-

1965 5336 2147 5390 minus
2187 5333 2365 5395 Jesus,
2414 5332 2705 5400 prmclarus
2748 5345 2811 5384 ac
2856 5346 3019 5383 verus
3058 5328 3314 5397 agricola,
3374 5327 3535 5381 binos

1965 5430 2247 5498 apostolos
2273 5426 2555 5494 copulans,
2608 5422 2791 5476 emisit
2831 5436 2948 5485 eos,
2981 5437 3103 5473 cum
3143 5420 3251 5473 illis
3281 5420 3536 5472 exeolens

1963 5533 2163 5577 terram
2194 5518 2534 5573 audientium
2579 5530 2641 5568 ac
2690 5529 2817 5567 vere
2860 5512 3222 5567 credentium.
3266 5510 3533 5565 Cicterum

1966 5614 2070 5667 hoc
2110 5625 2330 5679 quoque
2369 5609 2516 5662 dictu
2565 5605 2789 5675 dignum
2827 5613 2933 5667 est,
2981 5621 3088 5658 non
3123 5605 3175 5658 in
3207 5603 3324 5656 solo
3366 5603 3535 5657 verbo

1959 5704 2180 5758 auditus
2208 5715 2433 5771 regnum
2466 5699 2581 5761 Dei,
2602 5708 2657 5752 et
2688 5698 3059 5766 apostolorum
3094 5697 3536 5767 prtedicatiOncm

1932 5801 1976 5831 ³³
2018 5799 2206 5854 Matth.
2240 5814 2309 5862 λι,
2339 5797 2422 5851 ll.
2503 5796 2547 5826 ’³
2589 5794 2632 5849 ll
2659 5793 2784 5847 Cor.
2816 5808 2887 5856 XI,
2920 5793 2970 5845 ‘2.
