4282 6364
775 390 882 452 ’115

2016 394 2076 453 S.
2113 393 2434 453 MACARII
2473 392 2799 453 EGYPTII

3931 392 4044 454 716

769 516 925 563 esse,
956 498 1125 553 veluti
1160 498 1204 553 si
1241 498 1367 566 quis
1398 497 1617 552 dicendi
1650 498 1907 554 facultate
1934 503 2156 570 polleat.
2185 512 2350 571 atque
2378 504 2425 561 Α
2457 522 2460 569 γ

2378 504 2425 561 Α
2457 502 2603 570 μόνῳ
2630 503 2799 569 ἀκοῆς
2845 502 2879 569 ή
2930 501 3175 570 βασιλεία
3207 500 3300 554 τοῦ
3344 502 3502 567 Θεοῦ,
3537 504 3631 557 xui
3669 504 3731 555 τὸ
3761 503 3871 555 τῶν
3899 506 4042 557 ἁπο-

771 590 916 661 apud
945 589 1082 644 alios
1121 596 1373 659 peroret;
1426 587 1521 643 sed
1553 589 1608 642 in
1658 589 1863 643 virtute
1912 601 2077 659 atque
2109 590 2349 645 efﬁcacia

772 680 1012 752 Spiritus
1059 694 1286 749 regnum
1314 680 1637 734 consistere.
1687 678 1812 734 Haec
1843 681 1990 735 enim
2032 682 2350 751 obtigerunt

768 786 992 842 quoque
1040 770 1410 825 lsraelitarum
1443 770 1591 835 ﬁliis,
1645 772 1912 826 continuo
1954 772 2350 826 meditantibus

771 864 1109 933 Seripturas,
1159 870 1347 931 utpote
1399 860 1494 931 qui
1546 861 1615 915 de
1658 863 1888 917 Domino
1934 863 2347 918 meditationem

769 955 1170 1023 suscipiebant,
1220 955 1391 1022 ipsam
1435 968 1565 1006 vero
1602 954 1974 1008 [nereditatem
2006 956 2131 1009 aliis
2163 956 2346 1010 trade-

770 1048 938 1101 bant:
972 1046 1043 1098 ita
1071 1044 1163 1113 qui
1186 1058 1469 1098 sermones
1497 1044 1735 1113 Spiritus
1759 1046 1881 1099 aliis
1907 1056 2189 1109 enarrant,
2218 1063 2345 1101 cum

772 1137 876 1204 ipsi
909 1136 1135 1189 verbum
1165 1134 1220 1187 in
1248 1135 1452 1189 virtute
1477 1151 1585 1189 non
1615 1136 1956 1204 possideant,
1978 1138 2100 1191 aliis
2122 1137 2348 1191 tradunt

771 1224 1171 1279 hereditatem.
1203 1224 1385 1278 Gloria
1418 1224 1586 1289 Patri,
1611 1234 1665 1279 et
1696 1224 1855 1290 Filio,
1881 1232 1938 1280 et
1965 1226 2195 1296 Spiritui
2221 1242 2346 1281 san-

782 1327 870 1370 cto
900 1315 957 1370 in
993 1317 1211 1371 saecula.
1249 1315 1441 1369 Amen.

1310 1617 1593 1673 HOMILIA
1632 1618 1825 1676 XXIX.

773 1734 987 1806 Duplici
1036 1736 1241 1789 ratione
1272 1734 1714 1806 dispensationem
1755 1733 1941 1806 gratia:
1965 1732 2028 1806 in
2056 1747 2217 1806 genus
2233 1734 2345 1806 [tu-

2455 593 2657 645 στόλων
2683 595 2964 663 κήρυγμα,
2995 593 3071 654 ὼς
3100 593 3165 646 ἄν
3193 610 3276 655 τις
3302 592 3458 657 εἰδὼς
3486 594 3679 662 λόγους
3704 596 3799 646 καὶ
3826 595 4045 663 ἑτέροις

2451 683 2896 754 ἐκδιηγούμενος,
2944 684 3060 737 ἀλλ’
3096 686 3154 736 ἐν
3185 684 3413 752 δυνάμει
3452 686 3547 737 xui
3577 684 3831 753 ἐνεργείᾳ⁵
3867 685 4047 737 Ilva-3.

2454 792 2623 845 ματος
2669 776 2703 845 ή
2748 774 2996 844 βασιλεία
3032 778 3314 845 τυγχάνει.
3347 775 3534 827 Ταῦτα
3571 777 3681 845 γὰρ
3729 775 4045 827 πεπόνθασι

2451 867 2546 920 xui
2582 867 2934 936 Ἰσραηλιτῶν
2953 866 3164 929 παῖδες,
3198 859 3534 935 μέλετῶντες
3554 868 3653 929 τὰς
3683 868 3905 938 l‘puzpu;
3924 870 4041 932 ἀεὶ,

2450 961 2543 1012 xui
2597 959 2728 1029 περὶ
2780 958 2875 1011 τοῦ
2911 959 3116 1029 Κυρίου
3168 958 3331 1028 δῆθεν
3368 960 3465 1028 τὴν
3511 947 3741 1029 μελέτην
3795 959 4039 1029 ἔχοντες,

2450 1055 2543 1107 καὶ
2570 1055 2671 1125 τὴν
2701 1054 2957 1123 ἀλήθειαν
3000 1054 3174 1125 αὐτὴν
3214 1054 3288 1124 μὴ
3334 1053 3641 1122 δεξάμενοι,
3678 1054 3892 1123 ἑτέροις
3936 1055 4042 1123 τὴν

2448 1144 2619 1212 αὐτὴν
2650 1144 3013 1214 κληρονομίαν
3054 1146 3349 1198 ἀπέδοντο·
3383 1145 3556 1207 οὕτως
3600 1144 3699 1196 xui
3742 1146 3793 1197 oi
3840 1144 4042 1211 λόγους

2447 1237 2543 1288 τοῦ
2572 1236 2888 1304 Πνεύματος
2921 1237 3269 1307 διηγούμενοι
3299 1238 3527 1307 ἑτέροις,
3564 1237 3718 1289 αὐτοὶ
3742 1237 3836 1289 τὸν
3877 1238 4043 1304 λόγον

2450 1330 2508 1380 ἐν
2536 1328 2765 1398 δυνάμει
2804 1330 2877 1398 μὴ
2925 1330 3279 1399 κεκτημένοι,
3328 1330 3513 1391 ἀλλοις
3545 1328 3891 1381 ἀποδίδονται
3936 1329 4040 1396 τὴν

2448 1417 2838 1489 κληρονομίαν.
2872 1420 3007 1484 Δόξα
3039 1420 3234 1489 "arpi,
3266 1421 3359 1473 xui
3390 1419 3524 1490 Υἱῷ,
3559 1421 3654 1473 καὶ
3688 1420 3828 1488 ἁγίῳ
3858 1420 4041 1474 [Isz-

2452 1526 2580 1562 ιιατι
2602 1551 2616 1575 ,
2655 1512 2733 1573 είς
2757 1511 2879 1574 τοὺς
2907 1510 3132 1572 αἰῶνας.
3164 1512 3353 1582 Ἀμήν.

3036 1645 3275 1698 ΟΜΙΛΙΑ
3311 1644 3439 1699 ΚΘθ.

2447 1753 2607 1807 Κατὰ
2634 1753 2857 1824 δισσὸν
2885 1754 3108 1824 τρόπον
3136 1755 3242 1819 τὰς
3272 1758 3617 1824 οἰκονομίας
3643 1756 3755 1823 τῆς
3786 1757 4037 1823 χάριτος

846 1802 1063 1859 manum
1112 1813 1311 1857 exercet
1360 1804 1518 1867 Deus,
1556 1803 1754 1871 fructm
1802 1802 1912 1869 ejus
1948 1803 2092 1871 justo
2139 1803 2344 1871 judicio
2376 1842 2419 1897 Β
2447 1802 2537 1875 “’]

846 1878 1032 1903 ειη-...κ
1062 1878 1376 1903 -ηηηοίομνηο
2531 1898 2537 1903 .

2376 1842 2419 1897 Β
2447 1802 2620 1903 ""sz
2638 1802 2720 1876 ἷὸ
2742 1802 3991 1903 ὶξῇςξῗὲἦζάἶὸῇὦέέᾶἷέὀξἰἐέἒγᾶᾇῖὶὲξ
4003 1802 4042 1879 Β

841 1878 1035 1930 iterum
1062 1878 1397 1945 repetiturus.

840 2080 883 2134 l.
926 2079 1203 2148 Sapientia
1237 2078 1356 2143 Dei,
1390 2092 1514 2132 eum
1556 2076 1627 2131 sit
1680 2076 1891 2131 infinita
1935 2084 1991 2131 et
2034 2076 2343 2147 incompre-

773 2173 1063 2227 hensibilis
1095 2214 1109 2236 ,
1156 2168 1699 2239 incomprehensibili
1756 2178 1812 2222 et
1856 2169 2342 2239 impervestigabili

774 2265 938 2319 modo
969 2264 1408 2333 dispensationes
1444 2262 1627 2332 gratiae
1659 2276 1790 2331 erga
1836 2277 2008 2331 genus
2041 2263 2342 2316 humanum

770 2358 921 2410 varie
953 2367 1192 2419 exercet,
1227 2356 1293 2409 ad
1342 2355 1573 2409 liberam
1604 2355 1818 2408 arbitrii
1848 2355 2182 2408 voluntatem
2217 2370 2346 2424 pro-

772 2447 1030 2513 bandam,
1056 2458 1114 2503 ut
1142 2446 1579 2511 manifestentur,
1611 2447 1701 2516 qui
1736 2462 1801 2499 ex
1834 2454 1949 2499 toto
1980 2446 2144 2500 corde
2172 2446 2344 2500 Deum

777 2540 1033 2604 diligunt,
1087 2549 1249 2609 atque
1304 2554 1466 2592 omne
1508 2538 1809 2607 periculum
1841 2553 1905 2591 ac
1946 2539 2188 2592 laborem
2228 2540 2346 2610 ejus

774 2646 938 2685 causa
987 2630 1280 2685 sustinent.
1318 2628 1467 2694 Quos
1516 2627 1664 2681 enim
1726 2638 2112 2698 praeoccupant
2159 2630 2344 2684 chari—

776 2731 977 2785 smata,
1024 2737 1087 2776 ac
1144 2721 1381 2789 Spiritus
1432 2718 1603 2773 sancti
1655 2717 1818 2783 dona,
1860 2721 1911 2774 hi
1939 2722 2345 2791 quamprimum

776 2823 1129 2867 accesserunt
1179 2828 1303 2866 cum
1363 2812 1465 2869 fide
1512 2820 1567 2867 et
1603 2813 1994 2887 postulatione,
2037 2814 2244 2882 absque
2270 2814 2347 2866 la-

772 2906 927 2967 bore,
959 2905 1157 2959 sudore
1185 2914 1240 2959 et
1275 2906 1587 2976 fatigatione
1625 2905 1898 2960 interdum
1935 2906 1989 2958 in
2016 2903 2221 2956 mundo
2250 2903 2349 2955 de-

773 3009 926 3068 gunt.
947 2999 1172 3066 Insuper
1193 2998 1422 3068 largitur
1439 2999 1667 3066 gratiam
1694 3000 1835 3051 illam
1856 2997 1999 3050 Deus
2018 3010 2126 3048 non
2149 2994 2345 3055 otiose,

774 3104 884 3141 non
919 3087 1140 3151 frustra,
1194 3103 1374 3156 neque
1424 3086 1680 3150 fortuito;
1728 3086 1821 3139 sed
1869 3099 2066 3137 arcana
2110 3083 2346 3152 quadam

2521 1892 2685 1963 Θεὸς,
2735 1892 2975 1963 μέλλων
3018 1892 3127 1960 τῆς
3164 1894 3355 1963 αὐτῆς
3407 1896 3675 1963 καρποὺς
3697 1892 3786 1949 ’ἐκ
3824 1896 4043 1958 δικαίῳ

2517 1962 2749 2030 κρίματι
2782 1962 2967 2015 πάλιν
2998 1962 3343 2029 ἀπαιτῆσαι.

2516 2072 2593 2129 A'.
2634 2074 2699 2127 Ἥ
2728 2074 2823 2127 τοῦ
2871 2074 3005 2128 Θεοῦ
3057 2077 3219 2144 σοφία
3274 2078 3499 2148 ἄπειρος
3525 2080 3620 2132 xui
3648 2078 4040 2150 ἀκατάληπτος

2447 2166 2599 2230 οὖσα,
2620 2168 3018 2235 ἀκαταλήπτως
3045 2170 3138 2220 xui
3169 2169 3587 2238 ἀνεξιχνιάστως
3607 2172 3703 2232 τὰς
3720 2171 4042 2239 οἰκονομίας

2444 2260 2545 2329 τῆς
2578 2261 2797 2331 χάριτος
2832 2264 2912 2324 είς
2941 2262 2999 2314 τὸ
3030 2262 3184 2329 γένος
3213 2263 3313 2331 τῆς
3363 2262 3781 2333 άνθρωπότητος
3816 2264 4042 2334 ἐξεργά-

2447 2353 2596 2415 ζεται
2631 2353 2885 2415 ποικίλως
2904 2392 2919 2417 ,
2949 2354 3086 2423 πρὸς
3111 2354 3210 2425 τὴν
3234 2354 3326 2407 τοῦ
3354 2354 3697 2418 αὐτεξουσίου
3730 2354 4039 2425 θελήματος

2446 2443 2771 2508 δοκιμασίαν
2791 2485 2804 2507 ,
2835 2444 2973 2496 ὥστε
2999 2446 3377 2515 φανερωθῆναι
3423 2448 3547 2509 τοὺς
3569 2446 3628 2511 ἐξ
3654 2446 3780 2515 ὅλης
3803 2448 4039 2517 καρόίας

2446 2534 2778 2601 ἀγαπῶντας
2806 2535 2987 2600 αὐτὸν,
3018 2536 3114 2588 xui
3148 2536 3327 2590 πάντα
3358 2536 3601 2589 κίνδυνον
3637 2538 3731 2590 καὶ
3754 2539 3919 2590 πόνον
3945 2539 4038 2591 δια

2447 2627 2539 2680 τὸν
2566 2628 2697 2680 Θεὸν
2729 2628 3115 2697 ὑπομένοντας.
3146 2624 3245 2692 Οἷς
3278 2630 3373 2699 μὲν
3400 2632 3505 2700 γάρ
3538 2632 3937 2701 προαπαντῶσι
3967 2636 4038 2685 tu

2449 2721 2786 2791 χαρίσματα,
2823 2721 2915 2772 xui
2944 2720 3011 2772 τά
3042 2721 3135 2772 τοῦ
3174 2721 3327 2788 ἁγίου
3361 2722 3675 2792 Πνεύματος
3703 2723 4035 2791 δωρήματα,

2450 2812 2611 2875 εὐθὺς
2636 2811 2749 2879 ἅμα
2769 2810 2843 2879 τῷ
2862 2811 3178 2880 προσελθεῖν
3208 2812 3342 2881 μετά
3360 2813 3593 2874 πίστεως
3618 2814 3715 2865 xui
3737 2814 4036 2881 αἰτήσεως,

2452 2906 2589 2971 ἇνευκ
2614 2905 2876 2972 καμάτων
2912 2904 3005 2955 xui
3038 2904 3275 2974 ἱδρώτων
3314 2907 3407 2957 xui
3437 2906 3635 2970 πόνων,
3668 2904 3817 2958 ἐστιν
3845 2907 3935 2959 ὅτε
3978 2908 4038 2957 ὲν

2452 2995 2532 3055 τῶ
2558 2996 2744 3063 κόσμῳ
2769 2996 3157 3063 τυγχάνουσιν·
3194 2996 3273 3048 ἐτι
3296 2996 3479 3049 δίδωσι
3509 2997 3607 3065 τὴν
3631 2995 3790 3069 χάριν
3820 2999 3847 3049 ὁ
3878 2998 4037 3062 Θεδς,

2453 3087 2551 3137 οὐκ
2576 3085 2780 3155 ἀργῶς,
2803 3087 2920 3138 οὐδὲ
2946 3088 3207 3157 ἀκαίρως,
3236 3088 3352 3139 οὐδὲ
3376 3088 3450 3151 ῶς
3479 3088 3689 3159 ἔτυχεν,
3711 3089 3845 3141 ἀλλά
3872 3091 4039 3158 σοφία

773 3188 829 3233 et
853 3178 1391 3248 incomprehensibili
1426 3177 1690 3245 sapientia
1716 3176 1780 3229 ad
1808 3174 2149 3244 probandum
2171 3174 2349 3226 inten-
2376 3196 2418 3253 ρ
2452 3196 2464 3224 ι

2345 3203 2349 3211 ·
2376 3196 2418 3253 c
2452 3180 2555 3230 rivi
2588 3178 2811 3249 ἀρρήτῳ
2869 3179 2960 3230 xui
2990 3179 3378 3249 ἀκαταλήπτῳ,
3420 3180 3501 3242 είς
3532 3181 3592 3232 τὸ
3637 3180 4036 3250 δοκιμασθῆναι

775 3268 981 3322 tionem
1012 3282 1074 3320 ac
1100 3267 1330 3320 liberam
1376 3266 1593 3319 arbitrii
1628 3264 1963 3318 voluntatem
2012 3278 2223 3325 eorum,
2255 3263 2348 3331 qui

776 3360 962 3413 statim
988 3358 1227 3411 divinam
1263 3358 1489 3427 gratiam
1522 3367 1959 3425 consequuntur,
1998 3372 2063 3408 an
2092 3371 2351 3424 percepe-

776 3452 890 3505 rint
923 3449 1283 3513 beneficium,
1314 3458 1370 3503 et
1399 3449 1502 3503 sibi
1535 3448 1828 3518 praestitam
1866 3447 2258 3517 benignitatem
2290 3462 2351 3500 ac

776 3540 1123 3595 dulcedinem
1160 3539 1281 3600 Dei,
1312 3541 1463 3610 juxta
1495 3539 1905 3606 proportionem
1932 3536 2119 3603 gratia:
2143 3536 2349 3602 absque

776 3632 1019 3703 propriis
1044 3631 1328 3685 laboribus
1358 3630 1587 3691 oblatae;
1621 3646 1731 3699 quo
1753 3629 1900 3697 digni
1927 3627 2119 3689 habiti,
2146 3626 2352 3680 debent

779 3723 1042 3788 studium,
1097 3737 1343 3785 cursum,
1382 3730 1636 3775 conatum
1670 3736 1733 3773 ac
1764 3721 2000 3773 fructum
2040 3718 2351 3772 dilectionis

778 3834 809 3871 a
854 3817 1138 3871 voluntate
1166 3825 1220 3870 et
1245 3816 1528 3885 proposito
1576 3814 1902 3883 perfectum,
1947 3813 2348 3873 demonstrare,

779 3925 844 3964 ac
870 3909 1290 3963 retributionem
1328 3908 1719 3962 charismatum
1753 3904 2076 3973 rependere,
2110 3904 2216 3956 hoc
2244 3910 2348 3965 est,

781 4014 839 4052 se
880 4008 1022 4051 totos
1052 3996 1335 4051 dilectioni
1374 3994 1589 4049 Domini
1629 3993 1880 4046 addictos
1919 3991 2143 4054 dedere,
2180 3990 2353 4059 ipsius

783 4090 940 4160 113
969 4090 1307 4144 voluntatem
1337 4088 1503 4142 solam
1534 4100 1814 4156 peragere,
1851 4094 1906 4138 et
1939 4084 2008 4137 ab
2042 4082 2191 4137 omni
2226 4097 2350 4136 ear-

779 4183 888 4235 nali
922 4178 1365 4249 concupiscentia
1394 4177 1615 4247 penitus
1649 4174 1929 4229 recedere.

849 4354 914 4408 ll.
952 4352 1159 4417 Quibus
1190 4369 1343 4417 vero,
1390 4353 1639 4422 quamvis
1673 4353 2000 4407 secesserint
2046 4370 2074 4407 a
2117 4354 2346 4419 mundo,

779 4455 838 4499 et
864 4446 1227 4499 renuntiarint
1252 4446 1382 4499 huic
1402 4446 1603 4499 saeculo
1637 4444 1937 4499 secundum
1972 4444 2347 4513 Evangelium,

783 4546 947 4603 atque
976 4534 1194 4588 assidue
1225 4536 1278 4587 in
1304 4535 1719 4588 continuatione
1754 4549 2000 4602 precum,
2025 4536 2239 4604 jejunii,
2272 4536 2356 4588 di-

782 4627 1041 4697 ligentiae,
1094 4628 1536 4696 reliquarumque
1599 4627 1862 4680 virtutum
1925 4628 2349 4694 perseverarint,

781 4738 892 4774 non
928 4721 1108 4774 statim
1153 4721 1297 4774 Deus
1326 4719 1577 4773 concedit
1609 4720 1858 4788 gratiam,
1895 4720 2138 4787 requiem
2171 4728 2226 4772 et
2256 4735 2352 4772 ex-

784 4813 1134 4865 sultationem
1181 4811 1429 4878 spiritus,
1478 4810 1891 4879 longanimitate
1920 4826 2046 4878 erga
2076 4826 2170 4863 eos
2198 4827 2349 4873 usus,

784 4903 1099 4970 donumque
1130 4902 1374 4954 retinens
1399 4918 1412 4953 :
1444 4917 1545 4953 nec
1574 4916 1791 4969 quoque
1820 4900 1923 4953 hoc
1950 4902 2142 4961 otiose,
2176 4917 2355 4969 neque

786 4994 1187 5062 intempestive,
1221 5009 1395 5062 neque
1421 4992 1644 5046 fortuito
1674 4992 1821 5057 facit,
1854 4993 1945 5045 sed
1979 5003 2187 5045 secreta
2220 5009 2355 5060 qua-

785 5085 909 5137 dam
937 5084 1200 5152 sapientia
1244 5084 1310 5137 ad
1346 5085 1680 5153 probandam
1718 5084 1876 5137 liberi
1913 5084 2123 5137 arbitrii
2158 5087 2319 5137 volun

786 5183 978 5234 tatem,
1027 5181 1089 5226 ut
1130 5174 1337 5235 videat,
1369 5190 1435 5226 an
1463 5174 1678 5227 fidelem
1715 5190 1776 5227 ac
1816 5190 2062 5227 veraceln
2099 5185 2355 5243 reputent

785 5252 954 5320 Deum
990 5306 1003 5328 ,
1040 5266 1133 5333 qui
1180 5267 1453 5334 pollicitus
1505 5268 1575 5319 sit
1610 5283 1666 5320 se
1718 5268 1971 5320 daturum
2022 5268 2353 5335 petentibus,

788 5372 850 5408 ac
885 5357 1230 5424 pulsantibus
1256 5368 1569 5425 aperturum
1607 5359 1827 5427 januam
1858 5362 1983 5411 vita:
2009 5376 2021 5411 :
2061 5369 2119 5411 ut
2150 5360 2357 5427 perspi-

788 5448 895 5500 ciat
937 5462 1175 5516 quoque,
1202 5464 1269 5500 an
1315 5448 1408 5516 qui
1464 5463 1590 5501 vere
1634 5450 1866 5502 credunt
1911 5451 2077 5503 verbo
2114 5466 2237 5512 suo,
2289 5452 2353 5503 ad

756 5578 759 5580 .
789 5540 952 5590 linem
984 5554 1155 5607 usque
1186 5540 1528 5607 permansuri
1566 5540 1674 5591 sint
1706 5544 1758 5593 in
1806 5541 1965 5608 plena
2004 5540 2198 5595 fiducia
2234 5541 2355 5595 fidei

791 5642 853 5678 ac
897 5627 1200 5693 industriis,
1257 5631 1597 5698 postulantes
1658 5645 1719 5683 ac
1756 5641 2066 5698 quaerentes
2114 5650 2124 5683 :
2174 5648 2356 5685 annon

792 5710 1000 5771 afﬂicti,
1030 5724 1085 5766 et
1120 5716 1464 5770 remissiores
1494 5716 1617 5769 facti
1650 5726 1990 5780 avertantur,
2018 5735 2079 5772 ac
2107 5719 2356 5773 difﬁden-

794 5807 878 5855 tes
908 5813 966 5859 et
990 5804 1344 5876 desperantes
1366 5816 1735 5875 contemnant,
1768 5825 1877 5868 non
1905 5810 2265 5880 pcrdurantcs
2292 5812 2357 5870 ad

2450 3267 2548 3336 τὴν
2578 3269 2919 3338 προαίρεσιν,
2954 3269 3045 3321 xui
3088 3269 3150 3321 τὸ
3184 3270 3530 3336 αὐτεξούσιον
3560 3270 3771 3339 θέλημα
3802 3273 3911 3323 τῶν
3935 3272 4037 3325 τα-

2452 3358 2589 3426 χέως
2622 3357 2984 3425 ἐπιτυχόντων
3018 3358 3114 3426 τῆς
3155 3357 3305 3420 θείας
3336 3359 3576 3427 χάριτος,
3602 3360 3650 3410 εἰ
3678 3360 3903 3428 ᾔσθοντο
3936 3360 4039 3427 τῆς

2451 3448 2795 3516 εὐεργεσίας,
2826 3448 2920 3500 καὶ
2958 3447 3059 3515 τῆς
3086 3449 3219 3517 πρὸς
3245 3451 3442 3513 αὐτοὺς
3471 3451 3771 3520 γενομένης
3796 3453 4036 3520 χρηστός

2448 3557 2611 3609 τητος
2662 3542 2754 3592 xui
2781 3539 3119 3611 γλυκύτητος
3144 3541 3236 3593 τοῦ
3262 3542 3421 3607 Θεοῦ,
3453 3544 3593 3595 κατά
3621 3544 3916 3610 ἀναλογίαν
3937 3544 4039 3611 τῆς

2451 3631 2580 3685 ἄνευ
2629 3631 2808 3683 πόνων
2856 3632 3000 3684 ἰδίων
3039 3634 3281 3702 χάριτος,
3326 3629 3392 3705 ἦς
3417 3635 3848 3700 καταξιωθέντες
3880 3637 4035 3703 63:55-

2451 3720 2602 3770 λουσι
2653 3720 2905 3790 σπουδὴν,
2949 3722 3041 3772 xui
3068 3722 3287 3792 δρόμον,
3338 3725 3430 3777 xui
3475 3727 3678 3792 ἀγῶνα,
3708 3726 3802 3777 xui
3845 3727 3938 3778 τὸν
3972 3731 4037 3779 ὲκ

2451 3810 2757 3879 θελήματος
2798 3813 2891 3863 xui
2924 3816 3298 3883 προαιρέσεως
3332 3816 3553 3884 ἀγάπης
3590 3818 3803 3884 καρπὸν
3831 3819 4037 3869 ἐπιδεί-

2452 3901 2665 3966 ξασθαι,
2709 3902 2804 3954 xui
2843 3904 2939 3972 τὴν
2973 3905 3205 3975 ἀμοιϐὴν
3248 3906 3355 3958 τῶν
3396 3908 3751 3977 χαρισμάτων
3794 3910 4036 3961 ἀνταπο-

2450 3992 2654 4056 δοῦναι,
2690 3995 2967 4046 τουτέστιν
2992 3996 3144 4059 ὅλους
3173 3998 3397 4061 ἑαυτοὺς
3428 3999 3661 4063 διδόντες
3684 4000 3935 4063 ἐκδότους
3956 4006 4037 4063 εἰς

2449 4084 2547 4154 τήν
2575 4084 2666 4136 τοῦ
2698 4087 2900 4154 Κυρίου
2936 4088 3173 4153 ἀγάπην,
3208 4089 3300 4141 καὶ
3331 4090 3391 4141 τὸ
3424 4091 3588 4143 αὑτοῦ
3622 4092 3836 4162 θέλημα
3871 4095 4036 4162 μόνον

2451 4174 2839 4241 ἐπιτελοῦντες,
2865 4178 2957 4229 xui
2989 4179 3166 4248 πάσης
3193 4183 3460 4251 σαρκικῆς
3494 4170 3792 4253 ἐπιθυμίας
3810 4185 4039 4250 τελείως

2451 4265 2886 4335 ἀναχωροῦντες.

2472 4362 2485 4373 '
2521 4356 2595 4409 B'.
2625 4353 2716 4418 Οἷς
2746 4357 2801 4409 δὲ
2834 4360 2922 4410 xui
2950 4359 3333 4431 ἀναχωρήσασι
3355 4363 3448 4417 τοῦ
3480 4366 3705 4434 κόσμου,
3743 4368 3838 4418 xui
3861 4369 4036 4437 ἀρνη-

2452 4450 2703 4518 σαμένοις
2728 4450 2820 4501 τὸν
2850 4451 3019 4504 αἰῶνα
3040 4453 3227 4505 τοῦτον
3255 4457 3394 4507 κατά
3418 4457 3847 4524 τὸΕὑαγγέλιον,
3865 4462 3959 4511 xui
3980 4463 4038 4512 ἐν

2394 4550 2433 4601 ῃ
2465 4540 2631 4609 πολλῇ
2655 4544 3125 4610 προσκαρτερήσει
3150 4544 3315 4615 εὐχῆς
3338 4546 3428 4598 xui
3456 4548 3729 4616 νηστείας,
3746 4550 3841 4600 xui
3866 4566 4037 4601 σπου-

2456 4630 2559 4697 δῆς
2580 4630 2671 4682 xui
2700 4631 2807 4682 τῶν
2823 4631 3024 4682 λοιπῶν
3044 4634 3255 4701 ἀρετῶν
3286 4637 3663 4705 τυγχάνουσιν,
3687 4639 3787 4689 οὐκ
3816 4639 3981 4699 εὐθὺς
4011 4644 4039 4692 ὁ

2456 4720 2587 4783 Θεὸς
2611 4721 2793 4773 δίδωσι
2824 4722 2921 4791 τὴν
2938 4723 3095 4791 χάριν
3136 4725 3228 4776 xui
3245 4727 3341 4793 τὴν
3374 4728 3700 4789 ἀνάπαυσιν,
3737 4730 3831 4781 xui
3864 4731 4038 4796 ἀγαλ-

2456 4813 2631 4865 λίασιν
2649 4813 2739 4864 τοῦ
2756 4813 3090 4882 Πνεύματος,
3118 4817 3486 4885 μακροθυμῶν
3504 4821 3586 4870 ἐπ’
3614 4821 3797 4883 αὐτοῖς
3824 4823 3919 4873 xui
3936 4824 4038 4890 τὴν

2455 4905 2661 4974 δωρεὰν
2690 4905 2920 4974 ἐπέχων.
2960 4907 3065 4957 Καὶ
3086 4907 3243 4959 τοῦτο
3263 4910 3361 4960 οὐκ
3390 4910 3597 4979 ἀργῶς,
3618 4912 3740 4963 οὐδὲ
3761 4914 4035 4981 ἀκαίρως,

2456 4996 2575 5048 οὐδὲ
2606 4996 2676 5057 ὡς
2709 4996 2914 5065 ἔτυχεν,
2945 4997 3078 5049 ἀλλά
3117 4999 3274 5069 σοφία
3306 5002 3412 5052 τινὶ
3446 5004 3669 5072 apply—.9;
3696 5004 3772 5065 είς
3806 5004 4037 5074 δοκιμα-

2461 5089 2581 5139 σίαν
2614 5087 2705 5139 τοῦ
2735 5088 3081 5151 αὐτεξουσίου
3112 5090 3433 5161 θελήματος,
3463 5094 3556 5145 τοῦ
3583 5094 3729 5159 ἰδεῖν,
3762 5097 3810 5147 εἰ
3843 5099 4037 5148 πιστὸν

2460 5180 2552 5230 καὶ
2582 5179 2751 5247 ἀληθῆ
2780 5180 3015 5248 ἥγηνται
3043 5182 3131 5233 τὸν
3157 5183 3288 5235 Θεὸν
3314 5184 3405 5235 τὸν
3435 5186 3903 5255 ἐπαγγειλάμενον
3925 5195 4037 5250 τοὶς

2459 5270 2667 5322 αίτοῦσι
2712 5271 2932 5335 διδόναι,
2978 5275 3070 5324 xui
3111 5279 3221 5337 τοῖς
3267 5276 3554 5343 κρούουσιν
3594 5278 3829 5345 ἀνοίγειν
3862 5280 4036 5349 θύραν

2461 5360 2628 5429 ζωῆς,
2667 5362 2757 5414 τοῦ
2799 5364 2923 5415 ἰδεῖν
2971 5366 3064 5417 xui
3114 5370 3511 5431 πιστεύσαντας
3563 5369 3621 5432 ἐξ
3648 5370 3905 5439 ἀληθείας
3956 5373 4036 5440 τιξι

2460 5450 2599 5519 λόγῳ
2628 5452 2810 5516 αὑτοῦ,
2844 5454 2892 5505 εί
2935 5455 3037 5516 ἓως
3080 5457 3264 5520 τέλους
3298 5462 3702 5528 παραμένουσιν
3737 5463 3794 5513 ἐν
3827 5464 4035 5533 πληρο-

2462 5543 2623 5611 φορίᾳ
2646 5542 2881 5607 πίστεως
2908 5547 3009 5601 καὶ,
3032 5548 3287 5615 σπουδῆς,
3308 5551 3578 5613 αίτοῦντες
3605 5554 3695 5604 xui
3722 5552 4033 5621 ζητοῦντες,

2462 5636 2508 5683 εἰ
2542 5633 2615 5703 μὴ
2643 5641 3111 5703 περικακήσαντες
3158 5642 3250 5692 xui
3296 5644 3710 5706 ὑποστείλαντες
3750 5649 4033 5716 ἀποστρα-

2463 5725 2625 5790 φῶσι,
2660 5728 2751 5777 xui
2786 5729 3183 5798 ἀπιστήσαντες
3217 5735 3306 5783 xui
3334 5733 3731 5793 ἀπελπίσαντες
3766 5736 4037 5805 ὀλιγωρή-

2467 5832 2617 5881 σωσι,
2651 5816 2723 5887 μὴ
2756 5818 2834 5880 εἰς
2864 5819 3013 5882 τέλος
3039 5821 3425 5889 ὑπομείναντες
3466 5824 3552 5877 δ;ἀ
3585 5825 3685 5894 τὴν
3717 5828 4036 5899 τεαραῦολῂν
