4282 6364
236 377 345 437 717

1423 373 1787 434 ΠΟΜΙΙᾸιΕ.
1818 398 1886 409 ·-
1919 372 2104 433 HOM.
2139 372 2351 432 XXIX.

3377 360 3481 425 ’118

240 488 334 541 τοῦ
390 486 608 556 χρόνου,
647 483 742 536 καὶ
768 484 829 535 τὸ
867 482 1159 554 δοκιμάσαι
1208 484 1269 536 τὸ
1319 483 1528 553 θέλημα
1577 485 1669 536 καὶ
1723 485 1819 553 τὴν
1849 487 1891 542 Α
1925 489 1931 536 1

1792 501 1819 534 ν
1849 487 1891 542 Α
1925 484 2083 537 [luem
2131 496 2305 550 usque
2360 487 2585 550 propter
2627 477 3060 548 interiectionem
3109 476 3391 545 temporis,
3419 492 3481 531 ac

239 579 585 647 προαίρεσιν.

313 668 388 720 l".
434 667 491 719 '0
523 665 632 737 γάρ
666 665 740 735 μὴ
773 667 957 733 τάχιον
998 664 1314 733 λαμϐάνων,
1364 664 1451 718 διὰ
1495 666 1592 734 τῆς
1626 663 1817 718 ἀναδο-

240 762 342 828 λῆς
372 760 464 812 καὶ
498 758 880 828 μακροθυμίας
907 756 1001 809 τοῦ
1028 755 1163 808 Θεοῦ
1205 755 1368 808 πλέον
1399 757 1697 819 ὲκκαίεται,
1723 758 1817 808 καὶ

242 854 409 905 πλέον
440 852 692 922 ὀρέγεται
740 851 847 901 τῶν
893 850 1160 919 οὐρανίων
1192 849 1434 915 ἀγαθῶν,
1470 849 1565 901 καὶ
1598 848 1817 903 πλείονα

242 947 410 997 πόθον
436 947 531 996 καὶ
556 942 813 1011 σπουδὴν,
838 942 930 994 καὶ
951 941 1148 1011 δρόμον
1172 941 1265 991 καὶ
1290 940 1496 1007 ἀγῶνα,
1520 939 1613 991 καὶ
1638 942 1814 993 πᾶσαν

241 1036 442 1104 ἀρετῆς
486 1035 840 1095 κατάστασιν,
878 1032 972 1084 καὶ
1022 1034 1232 1094 πεῖναν,
1282 1030 1377 1084 καὶ
1422 1030 1599 1096 δίψαν,
1631 1033 1709 1093 είς
1756 1031 1816 1083 τὸ

242 1127 446 1193 ἀγαθὸν
479 1126 750 1195 ὁσημέραι
796 1124 1141 1193 προστίθησι,
1196 1123 1268 1193 μὴ
1305 1124 1672 1192 χαυνούμενος
1714 1124 1818 1176 ὑπὸ

242 1220 354 1272 τῶν
387 1221 483 1285 τῆς
538 1218 735 1279 κακίας
768 1216 1043 1285 λογισμῶν
1081 1216 1190 1268 τῶν
1229 1216 1494 1269 συνόντων
1538 1219 1602 1286 τῇ
1647 1216 1816 1285 ψυχῇ,

246 1312 341 1363 καὶ
372 1313 450 1371 είς
478 1308 793 1378 ὀλιγωρίαν.
838 1308 932 1359 καὶ
972 1306 1430 1377 ἀνυπομονησίαν,
1468 1307 1563 1359 καὶ
1590 1306 1820 1359 ἀπελπιε-

248 1401 385 1468 σμὸν
415 1398 835 1467 ἐκτρεπόμενος,
872 1397 903 1466 ἢ
935 1397 1099 1450 πάλιν
1134 1398 1404 1467 προφάσει
1441 1396 1821 1467 μακροθυμίας

246 1494 327 1553 εἰς
355 1491 627 1559 χαύνωσιν
662 1489 855 1540 ἑαυτὸν
874 1489 1133 1557 ὲπιδὼσῃ,
1166 1489 1409 1557 λογισμῷ
1435 1488 1656 1556 τοιούτῳ
1678 1488 1819 1557 χρώ-

250 1581 509 1652 μενος,ιῖ›ς
531 1582 611 1632 ὅτι
651 1581 788 1633 Ὅτε
818 1579 1039 1643 δήποτε
1063 1580 1344 1646 λαμϐάνω
1366 1579 1480 1645 τὴν
1511 1578 1685 1646 χάριν
1715 1578 1820 1632 τοῦ

249 1671 439 1735 Θεοῦ;
469 1668 765 1722 κάντεῦθεν
793 1670 873 1730 είς
902 1669 1163 1736 ἀμέλειαν
1192 1668 1294 1719 ὑπὸ
1322 1667 1421 1734 τῆς
1456 1669 1654 1728 κακίας
1686 1668 1820 1720 ὐπο-

249 1765 640 1833 κλεπτόμενος.
686 1762 824 1814 Ἀλλ’
859 1761 943 1828 ἐφ’
969 1762 1091 1813 ὅσον
1115 1762 1276 1821 αὐτὸς
1306 1763 1334 1813 ὁ
1373 1761 1573 1828 Κύριος
1605 1760 1693 1811 διὰ
1721 1759 1821 1827 τῆς

248 1856 523 1922 ἀναϐολῆς
581 1855 927 1924 μακροθυμεῖ
982 1854 1067 1905 ἐπ’
1115 1852 1297 1920 αὐτῷ,
1355 1851 1662 1920 δοκιμάζων
1720 1849 1819 1919 τὴν

249 1948 435 1997 πίστιν
467 1946 564 1997 καὶ
595 1946 692 2012 τὴν
727 1946 948 2012 ἀγάπην
976 1940 1068 1994 τοῦ
1106 1940 1413 2008 θελήματος
1443 1941 1631 2001 αὐτοῦ,
1662 1940 1823 2002 αὐτὸς

248 2039 540 2106 ὀξυτέρως,
571 2037 662 2087 καὶ
686 2033 1113 2100 ὲκπονεστέρως,
1142 2033 1235 2087 καὶ
1257 2031 1540 2095 ἀνενδεῶς,
1571 2030 1662 2082 καὶ
1686 2031 1823 2081 ἀπε,

253 2130 569 2198 ρικακήτως
620 2126 826 2192 ὀφείλει
865 2125 1047 2190 ζητεῖν
1101 2125 1200 2191 τὴν
1256 2125 1464 2191 δωρεὰν
1515 2122 1609 2175 τοῦ
1665 2121 1820 2185 Θεοῦ,

251 2219 399 2283 ἅπαξ
455 2214 837 2277 πεπιστευκὼς
884 2216 977 2268 καὶ
1032 2214 1454 2284 πληροφορήσας
1502 2212 1711 2276 ἑαυτὸν,
1742 2214 1823 2265 ὅτι

255 2312 391 2371 Θεδις
418 2308 655 2377 ἀψευδὴς
704 2304 797 2360 καὶ
839 2306 1090 2376 ἀληθινός
1142 2307 1311 2369 ἐστιν,
1360 2303 1824 2373 ἐπαγγειλάμενος

255 2402 458 2453 διδόναι
488 2403 600 2461 τοῖς
633 2398 770 2465 μετά
810 2397 1044 2458 πίστεως
1078 2395 1288 2448 αἰτοῦσι
1328 2396 1424 2465 τὴν
1459 2395 1619 2465 χάριν
1659 2393 1824 2447 αὐτοῦ

250 2492 357 2553 ἓως
380 2490 589 2554 τέλους,
622 2492 681 2541 ὲν
715 2488 863 2559 πάσῃ
894 2488 1161 2556 ὑπομονῇ.

322 2584 393 2631 Δ¹.
445 2581 576 2640 Ταῖς
606 2580 713 2646 γὰρ
748 2581 967 2639 πισταῖς
1009 2577 1208 2646 ψυχαῖς
1256 2578 1446 2639 πιστὸς
1489 2576 1582 2630 καὶ
1620 2576 1824 2646 ἀληθὴς

259 2674 467 2741 ἡγεῖται
490 2674 517 2722 ὁ
550 2671 699 2734 Θεὸς,
731 2672 825 2722 καὶ
855 2669 1194 2737 ὲσφράγισαν
1220 2669 1299 2720 ὅτι
1330 2668 1537 2737 ἀληθής
1565 2670 1699 2732 ἐστι,
1725 2686 1827 2722 καιι

249 2764 319 2816 τά
346 2764 439 2814 τὸν
475 2762 647 2831 ἀληθῆ
680 2762 855 2827 λόγον.
875 2759 1206 2821 Ἀκολούθως
1237 2759 1327 2812 οῦν
1355 2763 1418 2829 τῇ
1455 2760 1825 2830 προειρημένῃ

249 2860 353 2927 τῆς
396 2857 632 2916 πίστεως
671 2854 849 2924 ἐννοίᾳ
890 2852 1274 2923 ἀνακρίνουσιν
1319 2854 1536 2914 ἑαυτάς,
1591 2854 1648 2904 ἐν
1686 2853 1828 2904 τίσιν

250 2946 544 3015 ὑστεροῦσι
587 2945 648 2999 τὸ
702 2946 824 2998 ὅσον
872 2945 931 3010 ἐξ
959 2944 1223 3012 αὐτῶν,ἢ
1279 2943 1509 3012 πόνῳ,ἦ
1554 2944 1747 3010 ἀγῶνι,
1794 2944 1826 3011 ἢ

254 3038 481 3105 σπουδῇ,
518 3037 550 3106 ἢ
582 3037 782 3099 πίστει,
816 3036 847 3105 ἢ
878 3036 1085 3107 ἀγάπῃ,
1119 3034 1150 3103 ἢ
1178 3037 1241 3103 τῇ
1286 3034 1439 3103 λοιπῇ
1480 3034 1588 3085 τῶν
1620 3035 1829 3103 ἀρετῶν

1917 573 2295 644 probationem
2329 571 2631 625 voluntatis
2660 580 2715 624 et
2747 567 3033 639 propositi.

1986 666 2076 719 lli.
2133 664 2236 729 Qui
2283 664 2429 717 enim
2477 678 2587 716 non
2646 662 2932 715 confestim
2994 660 3211 729 accipit,
3261 667 3484 728 pr0pter

1916 755 2233 809 dilationem
2283 767 2347 807 ac
2398 751 2860 821 longanimitatem
2916 750 3033 813 Dei,
3070 749 3353 803 ardentius
3386 763 3481 801 ac-

1916 846 2188 907 cenditur,
2238 844 2727 911 vehementiusque
2766 843 2973 910 appetit
3018 840 3261 895 etclestia
3315 839 3479 903 bona,

1922 946 2086 1006 atque
2114 939 2287 1007 majus
2320 935 2676 998 desiderium,
2723 935 2986 996 studium,
3024 948 3266 996 cursum,
3303 940 3482 987 certa-

1918 1044 2062 1093 men,
2089 1044 2302 1081 omnem
2334 1028 2552 1082 virtutis
2592 1037 2814 1091 statum,
2860 1024 3095 1079 esuriem
3128 1034 3183 1079 et
3224 1023 3371 1076 sitim
3414 1022 3483 1077 ad

1916 1120 2120 1172 bonum
2154 1118 2397 1187 quotidie
2444 1119 2690 1186 apponit,
2750 1131 2861 1169 non
2918 1115 3096 1169 factus
3138 1115 3418 1168 remissior
3451 1128 3481 1166 a

1920 1209 2123 1262 malitia
2141 1207 2530 1277 cogitationum
2552 1207 2746 1260 anima:
2762 1205 3169 1266 inhaerentium,
3193 1214 3248 1256 et
3271 1203 3327 1255 in
3354 1217 3483 1255 con-

1921 1310 2209 1369 temptum,
2243 1299 2635 1367 impatientiam
2673 1313 2737 1351 ac
2775 1295 3214 1365 desperationem
3254 1308 3483 1348 conver-

1921 1406 2012 1445 sus
2038 1409 2051 1445 :
2075 1398 2171 1444 aut
2203 1398 2414 1455 contra,
2446 1398 2709 1458 praetextu
2740 1386 3188 1456 longanimitatis,
3219 1384 3485 1439 socordia:

1924 1497 1982 1536 se
2006 1482 2182 1549 ipsum
2201 1482 2382 1543 dedat,
2397 1482 2499 1533 hac
2517 1480 2845 1549 cogitatione
2863 1494 3015 1540 usus,
3030 1493 3245 1544 nempe,
3265 1475 3486 1539 Quando

1922 1588 2212 1641 consequar
2244 1573 2475 1640 gratiam
2500 1571 2631 1623 Dei?
2660 1570 2787 1623 inde
2812 1569 2879 1622 ad
2908 1567 3290 1636 negligentiam
3311 1583 3340 1618 a
3369 1580 3488 1617 ma-

1922 1664 2037 1717 litia
2093 1663 2408 1730 subreptus.
2462 1661 2531 1714 At
2580 1675 2712 1713 vero
2760 1668 2966 1727 quanto
3008 1657 3179 1725 magis
3226 1657 3489 1709 Dominus

1924 1759 2039 1826 ipse
2064 1755 2366 1811 diﬁ'crendo
2400 1754 2769 1822 longanimum
2804 1766 2861 1804 se
2906 1758 3129 1819 praestat
3168 1762 3294 1815 erga
3340 1760 3487 1807 eum,

1924 1847 2242 1900 examinans
2281 1845 2440 1898 ﬁdem
2481 1859 2544 1896 ac
2587 1841 2937 1895 dilectionem
2985 1835 3284 1890 voluntatis
3331 1834 3488 1902 ejus;

1925 1946 2078 1992 tanto
2111 1938 2313 2000 acrius,
2351 1944 2505 1989 tanto
2532 1934 2871 2003 diligentius,
2908 1931 3187 1985 irremisse
3235 1943 3299 1980 ac
3332 1927 3489 1979 inde-

1926 2031 2277 2099 fatigabiliter
2305 2029 2585 2097 inquirere
2611 2027 2774 2079 debet
2801 2025 3004 2079 donum
3036 2023 3154 2082 Dei,
3182 2020 3351 2074 semel
3374 2032 3495 2071 cre-

1923 2122 2078 2186 dens,
2109 2137 2172 2175 ac
2194 2131 2343 2175 certa
2371 2120 2566 2173 ﬁducia
2596 2118 2699 2172 sibi
2731 2116 3064 2186 persuadens
3114 2114 3281 2166 Deum
3337 2124 3494 2162 mett-

1925 2210 2069 2264 dacii
2100 2217 2390 2283 expertem
2427 2222 2491 2260 ac
2527 2219 2777 2259 veracem
2818 2218 2959 2264 esse,
3002 2201 3095 2269 qui
3127 2199 3377 2269 promisit
3430 2212 3488 2250 se

1925 2301 2179 2356 daturum
2236 2301 2465 2370 gratiam
2512 2312 2665 2352 suam
2718 2296 2776 2349 in
2831 2295 2934 2348 ﬁde
2983 2308 3103 2347 eam
3156 2291 3492 2361 petentibus,

1927 2409 2101 2462 usque
2127 2392 2195 2446 ad
2228 2394 2391 2446 tinem
2420 2405 2546 2444 cum
2579 2386 2729 2443 omni
2763 2385 3045 2455 patientia.

1998 2568 2085 2622 lV.
2132 2566 2346 2620 Fideles
2372 2563 2519 2618 enim
2546 2562 2742 2615 anima:
2770 2560 2984 2614 ﬁdelem
3017 2573 3081 2613 ac
3108 2571 3356 2612 veracem
3383 2555 3497 2610 cxi-

1928 2661 2154 2713 stitnant
2182 2658 2373 2719 Deum,
2417 2663 2467 2707 et
2506 2654 2933 2722 obsignaverunt,
2966 2649 3102 2719 quod
3130 2664 3291 2702 verax
3322 2650 3388 2700 sit
3426 2646 3493 2707 ’⁵,

1930 2759 1991 2804 ut
2015 2764 2177 2803 verus
2200 2762 2382 2801 sermo
2412 2745 2688 2815 perhibet.
2728 2742 3141 2810 Consequenter
3162 2739 3497 2809 igiturjuxta

1928 2841 2241 2911 praedictam
2285 2837 2408 2890 ﬁdei
2459 2834 2710 2889 notitiam
2737 2832 3041 2903 diiudicant
3077 2846 3133 2883 se
3165 2830 3329 2897 ipsas,
3359 2843 3498 2896 qua-

1932 2946 2051 2985 rum
2089 2944 2271 2983 rerum
2321 2928 2563 2997 inopiam
2606 2926 2907 2995 patiantur,
2950 2931 3213 2991 quantum
3244 2928 3495 2988 possunt,

1934 3023 2047 3077 sive
2081 3021 2289 3082 labore,
2321 3023 2435 3072 sive
2482 3017 2803 3078 certamine,
2846 3015 2960 3067 sive
2991 3012 3192 3073 studio,
3221 3011 3335 3064 sive
3369 3008 3495 3068 ﬁde,

253 3098 621 3182 καταστάσει·
653 3129 746 3180 καὶ
768 3098 1696 3196 ἀνακρίνοῦσαιἐν’πάσῃηάκριόεία
1748 3125 1831 3176 λε-
1858 3133 1900 3189 α
1934 3127 1944 3164 ε

1802 3156 1831 3172 η-
1858 3133 1900 3189 c
1934 3112 2048 3165 sive
2074 3109 2388 3168 dilectione,
2421 3108 2537 3161 sive
2565 3107 2771 3174 reliqua
2811 3105 3078 3158 virtutum
3108 3102 3223 3155 acie
3259 3118 3269 3152 :
3302 3109 3357 3152 ct
3403 3098 3493 3152 ubi

253 3221 541 3287 πτότητος,
576 3221 871 3289 βιάζονται,
921 3223 1017 3288 ὅση
1066 3218 1315 3285 δύναμις,
1340 3220 1430 3269 καὶ
1462 3218 1721 3285 ἄγχουσιν
1754 3220 1832 3278 εἰς

252 3313 357 3380 τὴν
388 3312 743 3380 εὐαρέστησιν
778 3310 871 3363 τοῦ
900 3312 1128 3381 Κυρίου,
1162 3308 1307 3371 ἅπαξ
1339 3306 1717 3370 πιστεύσασαι,
1749 3307 1831 3357 ὅτι

252 3406 281 3455 ὁ
317 3404 449 3464 Θεὸς
476 3403 681 3471 ἀληθὴς
723 3403 798 3454 ὢν
826 3403 884 3454 οὐ
932 3404 1184 3471 στερήσει
1237 3402 1333 3465 τῆς
1377 3400 1468 3450 τοῦ
1518 3397 1831 3465 Πνεύματος

254 3496 467 3565 δωρεᾶς
501 3495 689 3557 αὐτὰς,
726 3497 773 3546 εί
805 3494 1219 3564 παραμείνωσιν
1259 3492 1364 3552 ἕως
1398 3490 1585 3551 τέλους
1628 3490 1707 3551 είς
1737 3487 1835 3557 τὴν

256 3593 397 3652 πρὸς
426 3586 587 3637 αὐτὸν
618 3586 705 3638 διά
734 3585 913 3653 πάσης
954 3583 1189 3651 σπουδῆς
1224 3580 1477 3651 λατρείαν
1510 3580 1602 3632 καὶ⁸
1630 3580 1834 3648 ἀναμο-

257 3680 376 3747 νὴν,
414 3677 549 3730 ἀλλά
588 3676 1094 3743 καταξιωθήσονται
1137 3675 1238 3743 τῆς
1283 3672 1537 3742 οὐρανίου
1589 3673 1831 3741 χάριτος,

257 3771 333 3832 ὡς
367 3768 446 3821 ἔτι
476 3771 532 3821 ὲν
558 3769 718 3839 σαρκὶ
749 3768 1133 3837 τυγχάνουσαι,
1177 3765 1272 3818 καὶ
1304 3765 1403 3832 τῆς
1432 3764 1650 3816 αἰωνίου
1688 3761 1835 3831 ζωῆς

256 3860 563 3924 τεύξονται.

330 4033 407 4090 Ε’.
442 4034 556 4089 Καὶ
602 4034 778 4097 οὕτως
820 4032 1064 4087 κινοῦσιν
1107 4035 1236 4103 ὅλην
1274 4030 1371 4101 τὴν
1405 4031 1626 4099 ἀγάπην
1655 4029 1834 4081 αὐτῶν

260 4129 400 4200 πρὸς
433 4128 525 4181 τὸν
573 4128 813 4198 Κύριον,
851 4127 1229 4197 ἀρνησάμεναι
1278 4123 1479 4186 πάντα,
1530 4122 1624 4174 καὶ
1672 4121 1835 4173 αὐτὸν

263 4222 426 4291 μόνον
458 4222 515 4272 ὲν
545 4219 711 4289 πολλῇ
745 4217 1033 4287 ἐπιθυμίᾳ,
1064 4217 1157 4268 καὶ
1185 4216 1344 4283 πείνῃ
1361 4216 1453 4265 καὶ
1486 4213 1626 4281 δίψει
1666 4228 1836 4279 προσ-

258 4313 520 4375 δοκῶσαι,
568 4312 662 4365 καὶ
713 4311 812 4381 τὴν
863 4310 1168 4363 ἀνάπαυσιν
1214 4311 1307 4360 καὶ
1344 4304 1694 4373 ,παράκλησιν
1739 4303 1837 4371 τῆς

259 4406 481 4474 χάριτος
515 4402 865 4471 ἐκδεχόμεναι
901 4401 1131 4452 πάντοτε
1168 4398 1262 4450 καὶ
1288 4397 1378 4449 ἐπὶ
1413 4396 1601 4465 μηδενὶ
1633 4396 1824 4447 τούτου

258 4496 355 4549 τοῦ
382 4497 590 4564 κόσμου
622 4492 1133 4562 παρακαλούμεναι,
1159 4491 1250 4542 καὶ
1280 4490 1713 4554 ἀναπαυόμεναι,
1743 4486 1837 4538 καὶ

260 4586 628 4657 δεσμούμεναι
680 4585 971 4647 ἑκουσίως·
1024 4583 1157 4636 ἀλλά
1189 4582 1419 4635 πάντοτε
1474 4582 1586 4642 τοῖς
1634 4579 1836 4641 ὑλικοῖς

261 4680 546 4746 λογισμοῖς
598 4676 999 4743 ἀντιλέγουσαι,
1044 4674 1142 4743 τὴν
1164 4672 1258 4725 τοῦ
1303 4670 1436 4723 Θεοῦ
1468 4669 1715 4741 βοήθειαν
1743 4669 1836 4719 καὶ

261 4771 547 4839 ἀντίληψιν
595 4769 753 4838 μόνον
795 4764 1187 4835 προσδοκῶσιν,
1223 4764 1384 4817 ὁπότε
1421 4764 1541 4823 ταῖς
1584 4761 1836 4829 τοιαύτην

264 4864 503 4933 σπουδὴν
527 4862 621 4914 καὶ⁸
650 4860 971 4930 προαίρεσιν
996 4859 1091 4910 καὶ
1117 4854 1391 4926 ὑπομονὴν
1414 4854 1836 4923 ἀναδεχομέναις

259 4958 461 5026 ψυχαῖς
502 4952 663 5014 αὐτὸς
693 4952 722 5003 ὁ
771 4950 974 5019 Κύριος
1000 4948 1112 5018 ζῆδη
1162 4944 1419 5015 κρυπτῶς
1462 4943 1696 5005 σύνεστι,
1742 4943 1836 4993 καὶ

262 5048 473 5120 βοηθεῖ,
517 5045 610 5097 καὶ
657 5042 1022 5111 διαφυλάττει,
1072 5039 1164 5091 καὶ
1215 5035 1563 5104 ὑποστηρίζει
1605 5034 1835 5086 ἕκαστον

258 5142 362 5208 τῆς
391 5137 593 5208 ἀρετῆς
622 5135 832 5205 καρπόν
852 5150 866 5164 ⁸
909 5132 1010 5186 κᾶν
1044 5132 1101 5183 ὲν
1134 5131 1279 5197 πόνῳ
1303 5128 1395 5179 καὶ
1421 5126 1596 5195 θλίψει
1631 5124 1833 5192 τυγχά-

256 5248 421 5289 νωσι,
467 5228 571 5281 κᾶν
621 5228 679 5278 ὲν
719 5223 1012 5291 ἐπιγνώσει
1060 5222 1336 5291 ἀληθείας,
1392 5219 1485 5271 καὶ
1536 5215 1838 5285 φανερώσει

257 5318 699 5391 ψυχῆς,¹οὐδέπω
721 5316 1046 5386 ἐκομίσαντο
1075 5313 1171 5383 τὴν
1193 5314 1351 5381 χάριν
1379 5310 1469 5362 τοῦ
1498 5308 1833 5377 [Ινεύματος,

258 5402 362 5466 καὶ
400 5412 502 5480 τὴν
545 5409 852 5460 ἀνάπαυσιν
884 5407 984 5473 τῆς
1028 5403 1349 5469 ἐπουρανίου
1377 5400 1603 5468 δωρεᾶς,
1639 5398 1730 5449 καὶ
1781 5398 1836 5446 ἐν

262 5499 611 5571 πληροφορίᾳ
644 5501 744 5551 οὐκ
790 5497 1016 5569 ᾔσθοντο
1052 5496 1255 5561 ταύτης
1298 5493 1384 5545 διὰ
1430 5490 1525 5559 τὴν
1560 5488 1654 5541 τοῦ
1701 5486 1832 5539 Θεοῦ

263 5596 506 5664 ἄρρητον
543 5592 755 5659 σοφίαν,
779 5592 870 5646 καὶ
904 5589 969 5643 τὰ
1006 5586 1365 5656 άνεκδιήγητα
1401 5582 1663 5650 κρίματα,
1692 5578 1833 5631 δοκι-

330 5770 374 5800 ⁹⁶
412 5769 566 5823 Joan.
595 5768 781 5832 111,ἷιῦ.

1933 3220 1990 3257 se
2021 3201 2386 3256 examinarint
2416 3200 2640 3257 omnino
2669 3206 2925 3250 accurate
2955 3204 3010 3247 et
3035 3192 3331 3252 subtiliter,
3350 3204 3499 3242 com-

1933 3294 2164 3362 pellunt,
2191 3305 2291 3358 pro
2319 3289 2550 3349 viribus,
2570 3296 2732 3355 atque
2752 3285 2981 3354 adigunt
3006 3298 3065 3337 se
3093 3283 3237 3351 ipsas
3261 3280 3327 3333 ad
3359 3279 3499 3332 bene

1935 3381 2258 3452 placendum
2312 3380 2570 3442 Domino;
2625 3377 2829 3445 quippe
2874 3388 2997 3442 quae
3038 3372 3205 3426 semel
3246 3368 3492 3423 credide-

1936 3483 2063 3527 runt
2120 3475 2290 3527 Deum
2328 3513 2342 3536 ,
2397 3470 2489 3537 qui
2542 3482 2705 3521 verax
2735 3475 2840 3528 est,
2892 3479 2998 3517 non
3034 3462 3373 3531 privaturum
3409 3473 3505 3512 eas

1935 3566 2079 3619 dono
2105 3564 2361 3634 Spiritus,
2396 3561 2440 3616 si
2485 3556 2890 3628 permanserint
2934 3567 3107 3624 usque
3148 3552 3214 3606 ad
3254 3551 3414 3604 linem
3448 3550 3502 3602 in

1935 3660 2085 3713 cultu
2114 3666 2276 3725 atque
2304 3650 2713 3722 exspectatione
2736 3664 2860 3704 cum
2895 3646 3045 3701 omni
3076 3644 3379 3713 diligentia,
3408 3642 3504 3694 sed

1935 3750 2123 3817 dignas
2174 3762 2232 3801 sc
2268 3754 2580 3813 reputatum
2627 3742 2693 3794 iri
2739 3739 2946 3794 cmlesti
2996 3737 3189 3807 gratia,
3220 3744 3280 3787 ut
3326 3732 3505 3786 adhuc

1936 3843 1991 3895 in
2023 3855 2188 3894 carne
2228 3836 2574 3898 exsisteutes,
2622 3841 2784 3902 atque
2812 3831 2979 3884 vitam
3012 3837 3273 3882 aeternam
3308 3839 3504 3879 consc-

1936 3940 2177 3987 cuturas.

2007 4025 2071 4077 V.
2111 4022 2288 4089 Atque
2323 4019 2428 4071 hoc
2454 4024 2610 4085 pacto
2636 4022 2782 4067 mota
2811 4011 2960 4065 omni
2992 4008 3289 4063 dilectione
3316 4018 3412 4057 sua
3438 4001 3503 4055 ad

1937 4111 2266 4169 Dominum,
2320 4103 2729 4173 repudiatisque
2800 4098 3100 4159 omnibus,
3147 4108 3273 4148 eum
3328 4091 3504 4144 solum

1938 4215 2151 4256 summo
2187 4196 2484 4257 desiderio,
2516 4194 2698 4247 esurie
2727 4202 2783 4245 et
2817 4189 2905 4243 siti
2934 4194 3285 4255 exspectant;
3320 4192 3375 4236 et
3414 4197 3503 4235 re-

1938 4291 2268 4345 creationem
2308 4293 2362 4339 et
2395 4281 2825 4337 consolationem
2855 4278 3043 4348 gratiae
3070 4282 3334 4344 perpetuo
3363 4287 3505 4340 pree-

1939 4382 2218 4442 stolantes,
2254 4378 2310 4431 in
2343 4375 2492 4429 nulla
2523 4389 2582 4427 re
2631 4373 2797 4442 hujus
2840 4368 3029 4422 mundi
3074 4365 3507 4421 consolationem

1940 4471 2218 4540 accipiunt
2250 4477 2305 4521 et
2331 4464 2706 4534 requiescunt,
2739 4476 2802 4515 ac
2823 4460 2968 4514 ultro
2994 4459 3169 4529 ligata:
3211 4464 3337 4510 sunt
3366 4472 3380 4507 :
3412 4455 3508 4508 sed

1939 4563 2138 4621 crassis
2166 4574 2384 4628 semper
2422 4553 2849 4625 cogitationibus
2880 4546 3511 4610 contradicentes,auxi-

1940 4660 2071 4713 lium
2096 4667 2265 4725 atque
2295 4651 2797 4706 remunerationem
2819 4647 2916 4701 Dei
2944 4654 3152 4700 tantum
3168 4651 3506 4711 exspectant,

1944 4746 2101 4816 114,
2120 4761 2244 4799 cum
2275 4741 2586 4811 lmjusmodi
2606 4739 2811 4801 studio,
2833 4736 3141 4791 intentione
3162 4750 3223 4787 ac
3248 4733 3509 4801 patientia

1941 4836 2183 4907 praeditis
2199 4835 2395 4887 animis
2418 4832 2532 4899 ipse
2551 4828 2813 4883 Dominus
2833 4829 2941 4896 jam
2966 4825 3176 4879 occulte
3196 4822 3355 4885 adsit,
3382 4836 3441 4873 su
3455 4836 3511 4887 p-

1943 4929 2114 4998 petias
2143 4926 2300 4987 ferat,
2335 4930 2623 4977 conservet
2651 4929 2706 4974 et
2741 4918 3019 4973 suﬁulciat
3053 4930 3267 4969 omnem
3292 4914 3511 4965 virtutis

1942 5022 2179 5075 fructum
2221 5037 2233 5071 :
2284 5032 2346 5069 ac
2383 5016 2511 5068 licet
2556 5014 2611 5066 in
2657 5012 2845 5066 labore
2877 5019 2932 5064 et
2978 5007 3270 5062 aﬁiictione
3300 5006 3430 5067 sint,
3456 5014 3511 5056 et

1945 5114 1998 5166 in
2030 5111 2341 5182 cognitione
2370 5106 2618 5161 veritatis
2650 5113 2706 5159 et
2734 5102 3101 5158 illustratione
3129 5099 3343 5161 animae,
3369 5112 3510 5150 non-

1946 5204 2075 5257 dum
2106 5212 2287 5256 tamen
2314 5207 2622 5253 consecutae
2643 5206 2771 5249 sunt
2795 5194 3020 5263 gratiam
3050 5190 3307 5259 Spiritus,
3334 5204 3397 5242 ac
3428 5203 3512 5241 re—

1944 5296 2275 5351 creationem
2308 5291 2550 5346 caelestis
2577 5287 2729 5347 doni,
2768 5301 2869 5339 nec
2896 5286 2948 5338 in
2985 5285 3144 5351 plena
3175 5280 3279 5334 lide
3311 5279 3512 5333 consti-

1945 5398 2075 5443 tuta:
2122 5391 2488 5455 perceperunt
2535 5396 2679 5441 eam,
2718 5386 2942 5447 propter
2990 5388 3247 5427 arcanam
3294 5370 3511 5438 sapien-

1946 5483 2094 5542 tiam,
2122 5487 2177 5531 et
2208 5473 2595 5530 incnarrabilia
2624 5470 2829 5541 judicia
2866 5466 2984 5531 Dei,
3011 5466 3105 5535 qui
3137 5463 3301 5517 variis
3336 5461 3513 5515 modis

1945 5574 2131 5628 ﬁdeles
2163 5572 2374 5625 animas
2418 5567 2636 5639 probat,
2673 5572 2726 5619 et
2762 5561 3108 5617 dilectionem
3140 5573 3205 5613 ex
3236 5558 3514 5609 voluntate
