4282 6364
749 364 856 429 719

1977 376 2039 434 S.
2078 376 2395 436 MACARII
2438 377 2756 438 IEGYPTII

3885 370 3997 435 πο

750 484 808 529 et
861 476 1143 545 proposito
1185 483 1496 530 manantem
1548 476 1816 544 intuetur.
1874 479 2118 534 Termini
2172 483 2317 535 enim
2350 491 2441 551 Αι

2304 498 2317 534 I
2350 491 2392 545 Α
2424 483 2688 551 μάζοντος
2738 484 3010 550 διαφόρως
3039 482 3138 545 τὰς
3166 482 3524 541 πιπευοῦσας
3552 482 3750 551 ψυχὰς,
3784 484 3880 536 καὶ
3912 488 3995 548 είς

749 567 971 635 quidam
1001 575 1150 631 sunt,
1186 582 1457 622 mensurae
1484 583 1547 623 ac
1571 570 1809 633 trutinae,
1833 571 2017 625 liberae
2045 573 2310 626 intentio.

751 657 859 721 nis,
885 667 943 712 et
965 658 1289 713 voluntariae
1318 658 1652 724 dilectionis,
1678 670 1841 728 atque
1864 662 2167 716 affectionis
2192 677 2317 731 erga

751 748 937 803 omnia
972 758 1156 803 sancta
1204 750 1325 820 ejus
1374 750 1650 815 mandata,
1699 759 1963 820 quantum
2004 752 2153 806 licet.
2198 752 2319 817 Quo

753 838 834 903 ﬁt,
882 847 943 893 ut
991 840 1209 904 animas,
1264 857 1384 911 qua:
1432 841 1660 910 implent
1704 843 1907 897 amoris
1952 855 2117 912 atque
2154 843 2317 898 ollicii

752 926 840 983 sui
873 942 1210 994 mensuram,
1238 943 1406 999 regno
1434 944 1499 984 ac
1530 929 1641 984 vita
1678 940 1883 986 eterna
1929 930 2140 986 idoneae
2165 930 2316 1002 judi-

753 1026 969 1074 cantur.

826 1216 915 1272 Vl.
955 1217 1144 1273 Justus
1170 1220 1316 1272 enim
1353 1219 1498 1272 Deus
1529 1228 1634 1282 est,
1668 1228 1725 1274 et
1760 1221 1907 1289 justa
1944 1218 2146 1289 judicia
2173 1221 2311 1289 ejus,

754 1324 933 1378 neque
964 1318 1247 1378 respectus
1278 1325 1633 1379 personarum
1677 1312 1819 1380 apud
1851 1327 1977 1365 eum
2009 1313 2154 1367 ullus
2179 1330 2192 1365 :
2221 1313 2317 1367 sed

755 1413 853 1467 pro
874 1399 1036 1453 modo
1056 1399 1472 1463 beneﬁciorum,
1490 1401 1605 1454 sive
1638 1400 2028 1469 corporalium,
2073 1402 2187 1457 sive
2210 1402 2319 1470 spi-

753 1489 1058 1554 ritualium,
1092 1490 1207 1544 sive
1230 1490 1492 1552 scientia,
1523 1490 1641 1544 sive
1665 1490 1977 1544 intellectus
2005 1493 2150 1561 (qua:
2171 1491 2315 1545 Deus

753 1588 963 1633 natura:
985 1593 1206 1647 quoque
1238 1578 1492 1632 humanae
1526 1579 1677 1632 varie
1711 1579 1933 1647 indidit)
1966 1580 2317 1649 judicaturus

752 1681 1221 1736 unumquemque,
1252 1666 1462 1721 fructus
1486 1668 1706 1720 virtutis
1735 1668 2001 1735 requiret,
2030 1676 2087 1721 et
2116 1684 2216 1736 pro
2237 1669 2319 1722 di-

752 1756 958 1826 gnitate
985 1756 1176 1810 reddet
1204 1758 1405 1825 cuique
1431 1758 1586 1827 juxta
1612 1772 1778 1825 opera
1802 1759 1956 1827 ejus;
1991 1768 2047 1811 et
2075 1776 2088 1809 :
2122 1758 2315 1812 Poten-

2422 574 2520 643 τὴν
2550 576 2613 625 ἐκ
2640 573 2941 642 θελήματος
2973 573 3067 625 καὶ
3104 573 3474 643 προαιρέσεως
3502 573 3724 642 ἀγάπην
3754 575 3999 627 ἀποσκο-

2422 665 2834 736 ποῦντος.⁸’οροι
2860 665 2969 733 γὰρ
3009 664 3103 716 καὶ
3140 665 3317 733 μέτρα
3346 666 3441 717 καὶ
3474 664 3704 731 σταθμοὶ
3739 664 3838 732 τῆς
3866 666 3997 717 αὐτο

2420 755 2663 820 εξουσίου
2704 754 3077 825 προαιρέσεώς
3135 757 3263 818 είσι,
3307 756 3399 807 καὶ
3430 754 3526 806 τοῦ
3557 754 3857 823 θελήματος
3895 755 3998 823 τῆς

2421 849 2661 916 ἀγάπης,
2690 848 2785 899 καὶ
2807 847 2906 915 τῆς
2937 848 3016 909 είς
3041 847 3221 908 πάσας
3248 848 3345 909 τάς
3374 847 3535 913 ἀγίας
3559 844 3723 898 αὑτοῦ
3749 844 3997 908 ἐντολάς,

2420 939 2518 1008 ὅση
2550 938 2779 1005 δύναμις
2809 937 3119 1000 διαθέσεως.
3150 940 3261 990 Καὶ
3296 938 3468 1000 οὕτως
3499 936 3910 1006 ἀναπληροῦσαι
3937 937 3999 988 αἱ

2419 1030 2590 1099 ψυχαὶ
2616 1029 2677 1082 τὸ
2705 1030 2805 1099 τῆς
2834 1030 3052 1098 ἀγάπης
3075 1029 3251 1082 αὐτῶν
3280 1031 3376 1082 καὶ
3397 1030 3618 1098 ὁφειλῆς
3650 1028 3871 1098 μέτρον,
3893 1028 3999 1097 τῆς

2422 1122 2699 1193 βασιλείας
2721 1124 2815 1177 καὶ
2843 1126 2942 1192 τῆς
2971 1124 3190 1177 αίωνίου
3213 1124 3359 1191 ζωῆς
3392 1122 3797 1187 καταξιοῦνται.

2491 1218 2585 1283 ς’.
2616 1215 2835 1277 Δίκαιος
2864 1214 2973 1283 γάρ
3002 1216 3154 1266 ἐστιν
3179 1214 3208 1265 6
3244 1212 3397 1275 Θεὸς,
3428 1213 3523 1265 καὶ
3558 1211 3739 1264 δίκαια
3780 1210 3850 1263 τὰ
3876 1210 4001 1279 κρί-

2425 1326 2571 1377 ματα
2594 1306 2783 1370 αὑτοῦ,
2807 1306 2901 1359 καὶ
2926 1304 3351 1376 προσωποληψία
3380 1304 3509 1373 παρ’
3526 1302 3675 1372 αὑτῷ
3696 1303 3795 1355 οὐκ
3824 1301 3999 1363 ἔστιν,

2422 1400 2557 1454 ἀλλά
2591 1399 2731 1453 κατά
2759 1398 3052 1465 ἀναλογίαν
3082 1398 3191 1451 τῶν
3219 1395 3570 1465 εὐεργεσιῶν,
3602 1397 3719 1463 ἦτοι
3753 1410 4002 1460 σωματι-

2422 1494 2553 1559 κῶν,
2582 1494 2616 1563 ἢ
2648 1491 3055 1561 πνευματικῶν,
3082 1490 3201 1559 ἢτοι
3238 1488 3513 1556 γνώσεως,
3551 1488 3670 1555 ἦτοι
3701 1486 3997 1547 συνέσεως,

2420 1584 2454 1651 ἢ
2489 1582 2840 1648 διακρίσεως,
2880 1578 2917 1631 ἃ
2959 1579 3054 1630 καὶ
3083 1579 3140 1631 ἑν
3180 1580 3247 1646 τῇ
3289 1578 3449 1643 φύσει
3484 1574 3595 1627 τῶν
3624 1572 3933 1642 ἀνθρώπων
3969 1575 4001 1625 6

2422 1674 2554 1733 Θεὸς
2579 1672 2852 1740 διαφόρως
2880 1670 3159 1736 ἐνέθηκεν,
3199 1668 3427 1720 ἕκαστον
3466 1664 3668 1735 κρίνων
3696 1664 3823 1725 τοὺς
3855 1680 3998 1731 καρο

2423 1765 2559 1826 ποὺς
2589 1763 2689 1831 τῆς
2735 1760 2939 1831 ἀρετῆς
2970 1759 3310 1827 ἐπιζητήσει,
3333 1758 3429 1811 καὶ
3462 1758 3579 1809 κατ’
3600 1755 3757 1819 ἀξίαν
3777 1754 3999 1807 ἀποδώ-

753 1855 827 1901 tes
871 1856 1111 1916 potenter
1146 1854 1409 1900 tormenta
1476 1849 1748 1916 patientur
1777 1849 1844 1900 ".
1879 1847 2136 1903 Minimus
2170 1850 2318 1903 enim
2350 1854 2394 1912 Β
2427 1871 2444 1906 c

2306 1866 2318 1903 ι
2350 1854 2394 1912 Β
2427 1871 2509 1906 σει
2534 1853 2747 1920 ἑκάστῳ
2770 1850 2908 1904 κατά
2938 1850 3004 1902 τά
3036 1851 3174 1919 ἔργα
3201 1847 3386 1909 αὐτοῦ,
3411 1846 3508 1900 καί
3537 1845 3780 1899 δυνατοί
3806 1843 3997 1897 δυνα-

749 1938 907 1991 venia
932 1952 996 1992 ac
1018 1938 1397 1992 misericordia
1429 1938 1645 2007 dignus.
1668 1937 1738 1992 Et
1759 1938 2026 1992 Dominus
2055 1940 2132 1992 ait
2156 1956 2171 1992 :
2194 1938 2317 1994 Ser-

749 2045 863 2092 uus,
892 2030 985 2099 qui
1026 2032 1264 2101 cognovit
1293 2030 1615 2085 voluntatem
1648 2031 1861 2086 Domini
1904 2034 2009 2097 sui,
2048 2042 2097 2087 et
2133 2049 2235 2087 non
2260 2050 2317 2087 se

748 2123 1092 2190 preparavit,
1155 2138 1247 2174 nec
1294 2124 1414 2191 fecit
1465 2125 1751 2177 secundum
1804 2124 2131 2178 voluntatem
2179 2126 2313 2194 ejus,

2416 1946 2529 2011 τῶς
2561 1942 3027 2009 ὲτασθήσονται.
3080 1940 3140 1994 '0
3185 1940 3293 2009 γὰρ
3324 1939 3606 2008 ἐλάχιστος
3645 1936 3997 2005 συγγνωστός

2415 2038 2563 2089 ἐστιν
2595 2036 2806 2097 ἐλέους·
2857 2034 2953 2087 καὶ
2982 2035 3011 2086 6
3040 2032 3238 2101 Κύριος
3274 2031 3443 2098 λέγει,
3489 2029 3716 2093 Δοῦλος
3745 2031 3780 2081 ὁ
3809 2026 3997 2096 γνοὺς

2414 2128 2482 2182 τὸ
2518 2129 2745 2194 θέλημα
2770 2126 2877 2180 τοῦ
2902 2126 3112 2194 κυρίου
3136 2122 3377 2185 ἑαυτοῦ,
3405 2122 3503 2175 καὶ
3526 2120 3611 2190 μὴ
3642 2120 3995 2187 ἑτοιμάσας,

747 2210 922 2282 plagis
958 2213 1229 2282 vapulabit
1268 2213 1471 2267 multis.
1510 2214 1611 2278 Qui
1642 2224 1822 2267 autem
1846 2231 1949 2268 non
1976 2216 2234 2285 cognouit,
2264 2221 2315 2266 et
2410 2240 2438 2290 ι

2304 2221 2315 2266 ῐ
2410 2221 2565 2290 μηδὲ
2593 2219 2853 2285 ποιήσας
2884 2216 3035 2285 πρὸς
3067 2217 3135 2269 τὸ
3159 2214 3387 2283 θέλημα
3427 2213 3634 2272 αὐτοῦ.
3661 2212 3995 2280 δαρήσεται

748 2303 869 2372 fecit
893 2304 1055 2374 digna
1082 2305 1254 2375 plagis
1280 2348 1294 2372 ,
1328 2306 1601 2375 vapulabit
1630 2308 1834 2376 paucis.
1883 2306 2053 2361 Porro
2096 2309 2312 2360 cuicun-

751 2410 853 2464 que
899 2394 1126 2449 multum
1151 2397 1336 2450 datum
1364 2408 1461 2462 est,
1499 2398 1723 2451 multum
1748 2408 2016 2467 quaeretur
2048 2399 2113 2452 ab
2140 2415 2221 2464 eo,
2265 2407 2314 2452 et

748 2484 833 2539 cui
869 2487 1363 2541 commendaverunt
1407 2489 1654 2553 multum,
1690 2490 1809 2561 plus
1850 2502 2025 2561 petent
2060 2492 2123 2544 ab
2152 2507 2211 2545 eo
2244 2492 2311 2545 ”.

748 2577 1045 2631 Scientiam
1071 2586 1255 2632 autem
1282 2590 1337 2633 et
1366 2580 1706 2635 intellectum
1738 2581 2111 2636 diversimode
2146 2582 2313 2636 intel-

746 2666 876 2738 lige,
916 2675 1024 2722 tam
1054 2670 1359 2723 secundum
1386 2670 1614 2740 gratiam
1644 2680 1701 2725 et
1726 2671 1932 2725 donum
1960 2671 2182 2726 cceleste
2203 2670 2318 2741 Spi-

747 2760 911 2824 ritus,
931 2776 1094 2830 quam
1124 2762 1426 2815 secundum
1455 2764 1761 2817 naturalem
1786 2778 2135 2833 progressum
2153 2764 2317 2818 intel-

746 2850 923 2907 lectus
943 2861 998 2907 et
1035 2852 1408 2917 discretionis,
1436 2863 1601 2923 atque
1629 2870 1659 2909 e
1690 2855 1867 2909 sacris
1880 2854 2107 2909 Litteris
2138 2855 2320 2924 profe-

745 2952 851 2998 om
879 2944 1269 2998 institutionis.
1296 2945 1379 2999 Ab
1410 2960 1741 3016 unoquoque
1772 2946 1919 3001 enim
1954 2953 2319 3014 reposeentur

747 3033 964 3087 fructus
997 3035 1240 3098 virtutis,
1263 3050 1363 3105 pro
1388 3036 1555 3091 modo
1590 3052 1620 3089 a
1655 3038 1766 3091 Deo
1796 3038 1853 3091 in
1892 3052 1951 3092 se
1989 3036 2317 3091 collaturum

746 3123 1176 3189 beneﬁciorum,
1216 3127 1332 3181 sive
1365 3128 1724 3191 naturalium,
1765 3128 1880 3182 sive
1906 3142 1938 3182 a
1981 3127 2166 3181 divina
2194 3142 2317 3197 gra-

2416 2311 2669 2377 πολλάς.
2730 2311 2787 2363 '0
2811 2310 2879 2363 δὲ
2906 2308 2993 2378 μὴ
3040 2308 3241 2379 γνοὺς,
3285 2306 3546 2370 ποιήσας
3574 2304 3642 2356 δὲ
3670 2304 3814 2367 ἀξια
3838 2307 3998 2369 πλη-

2418 2402 2554 2473 τῶν,
2587 2404 2913 2471 δαρήσεται
2938 2402 3145 2470 ὀλίγας
3164 2416 3178 2431 ·
3214 2398 3390 2451 παντί
3428 2398 3498 2450 δὲ
3523 2392 3571 2464 ᾧ
3601 2396 3775 2461 ἐδόθη
3809 2396 3994 2456 πολὺ,

2416 2494 2573 2548 πολὺ
2629 2493 2940 2559 ζητήσεται
2990 2490 3125 2559 παρ’
3177 2489 3381 2554 αὑτοῦ,
3418 2489 3518 2542 καὶ
3548 2482 3597 2554 ᾧ
3629 2487 3787 2541 πολὺ
3846 2503 3996 2553 πσρ-

2415 2584 2640 2648 ἐθεντο,
2655 2584 3087 2651 περισσότερον
3107 2582 3557 2648 ἀπαιτήσουσιν
3581 2581 3785 2632 αὐτόν.
3800 2578 3915 2647 Τὴν
3935 2576 3994 2629 δὲ

2415 2677 2618 2746 γνῶσιν
2659 2676 2755 2728 καὶ⁸
2791 2677 3006 2729 σύνεσιν
3028 2674 3301 2743 διαφόρως
3334 2674 3468 2738 νόει,
3497 2673 3616 2741 ἢτοι
3658 2673 3804 2724 κατά
3832 2671 3997 2739 χάριν

2418 2771 2512 2822 καὶ
2530 2770 2672 2837 δόμα
2699 2768 3020 2838 ἐπουράνιον
3042 2766 3135 2820 τοῦ
3162 2766 3501 2834 Πνεύματος,
3523 2763 3641 2833 ἦτοι
3668 2763 3808 2814 κατά
3834 2777 4000 2828 φυσι-

2418 2862 2520 2929 κὴν
2552 2860 2875 2915 ἀκολουθίαν
2899 2857 3167 2918 συνέσεως
3199 2854 3232 2925 ἢ
3266 2854 3613 2924 διακρίσεως,
3642 2857 3734 2904 καὶ
3764 2852 3853 2904 διὰ
3887 2851 3997 2902 τῶν

2419 2951 2579 3004 θείων
2607 2950 2839 3021 Γραφῶν
2868 2947 3201 3008 παιδεύσεως
3221 2963 3237 2977 ·
3266 2944 3497 3005 ικαστος
3537 2943 3648 3011 γαρ
3693 2942 3822 3002 τοὺς
3854 2957 3999 3009 καρ-

2419 3060 2555 3104 πους
2578 3040 3012 3109 ἀπαιηθὴσεται
3042 3036 3142 3106 τῆς
3162 3036 3381 3106 ἀρετῆς,
3410 3036 3553 3088 κατά
3574 3033 3864 3099 ἀναλογίαν
3887 3031 4001 3084 τῶν

2418 3134 2569 3205 παρὰ
2603 3131 2739 3184 Θεοῦ
2788 3130 3095 3199 γενομένων
3138 3129 3221 3191 είς
3265 3126 3427 3180 αὐτὸν
3470 3124 3826 3194 εὐεργεσιιῖιν,
3870 3124 3998 3195 ἦτοι

747 3215 827 3270 tia
892 3231 1299 3272 concessorum.
1356 3219 1753 3273 lnexcusabilis
1813 3235 1949 3290 ergo
2000 3230 2085 3274 est
2138 3192 2438 3291 omniscq

2311 3192 2387 3273 sc
2422 3192 2687 3292 φυσικῶν,
2725 3192 2845 3290 ἦτοι
2874 3192 2939 3273 ἐκ
2968 3217 3119 3280 θείας
3146 3217 3369 3287 χάριτος
3405 3192 3722 3284 δεδομένου.
3765 3192 4002 3266 Ἄναπο-

748 3306 918 3362 homo
950 3306 1096 3376 apud
1128 3307 1301 3361 Deum
1347 3307 1406 3362 in
1434 3307 1523 3362 die
1547 3308 1763 3375 iudicii.
1797 3309 1843 3361 Α
1871 3309 2119 3377 quolibet
2146 3309 2317 3372 enim,

748 3401 916 3465 prout
966 3393 1141 3458 novit,
1189 3393 1401 3449 fructus
1449 3392 1598 3458 ﬁdei,
1648 3403 1705 3447 et
1768 3393 2100 3457 dilectionis,
2156 3399 2320 3461 atque

750 3484 933 3539 omnis
962 3484 1069 3539 sibi
1097 3499 1371 3540 concessa:
1408 3484 1652 3549 virtutis,
1682 3484 2004 3537 intentionis
2032 3499 2097 3537 ac
2124 3483 2321 3537 volun-

751 3576 883 3630 tatis
927 3578 1139 3631 ratione
1178 3578 1383 3641 habita,
1434 3578 1716 3632 restitutio
1749 3578 2016 3645 exigetur,
2059 3575 2172 3630 sive
2217 3590 2321 3627 au-

752 3664 872 3719 ditu
922 3668 1254 3736 perceperit,
1296 3667 1413 3721 sive
1443 3682 1725 3735 nunquam
1758 3666 1986 3721 verbum
2033 3664 2132 3719 Dei
2159 3664 2321 3719 audi-

754 3755 919 3809 verit.

827 3861 939 3915 νη.
974 3861 1168 3915 Anima
1201 3863 1347 3915 enim
1385 3862 1583 3927 lldelis,
1628 3878 1692 3917 ac
1724 3863 1971 3918 veritatis
1996 3880 2205 3929 amans,
2241 3866 2322 3917 in-

756 3963 916 4009 tuens
938 3962 1140 4007 aeterna
1168 3954 1310 4008 bona
1349 3955 1508 4025 iustis
1548 3955 1810 4023 reposita,
1851 3964 2013 4023 atque
2047 3956 2324 4011 ineﬁabile

754 4056 1000 4101 venturae
1050 4047 1236 4116 gratia;
1276 4047 1475 4101 divinae
1518 4047 1871 4111 beneﬁcium,
1912 4063 1971 4102 se
2018 4048 2212 4118 ipsam,
2260 4063 2324 4101 ac

757 4138 999 4192 studium
1044 4154 1227 4204 suum,
1258 4137 1503 4192 laborem
1544 4149 1710 4207 atque
1756 4139 2130 4208 fatigationem
2176 4139 2323 4192 indi-

753 4244 914 4299 gnam
950 4229 1141 4281 statuit
1181 4228 1397 4282 arcanis
1443 4230 1899 4298 promissionibus
1932 4228 2189 4298 Spiritus.
2225 4229 2325 4284 Hic

752 4336 956 4390 pauper
972 4331 1044 4373 est
1057 4320 1276 4389 Spiritu,
1293 4335 1454 4387 quem
1479 4320 1741 4373 Dominus
1755 4320 1963 4372 beatum
1984 4320 2235 4389 pradicat
2249 4320 2322 4371 ”:

754 4407 847 4463 hic
869 4410 1043 4461 esurit
1071 4417 1126 4463 et
1151 4407 1267 4461 sitit
1291 4407 1596 4476 justitiam:
1621 4407 1710 4460 hic
1735 4416 1817 4461 est
1840 4406 2109 4461 contritus
2137 4407 2321 4461 corde.

2421 3315 2649 3382 λόγητος
2701 3311 2882 3364 τοίνυν
2922 3309 3041 3363 ἐστὶ
3086 3309 3194 3371 πᾶς
3243 3307 3529 3376 ἄνθρωπος
3573 3304 3728 3373 παρά
3776 3302 3899 3372 Θεῷ
3940 3304 4004 3355 ὲν

2421 3402 2606 3472 ἡμέρᾳ
2624 3400 2889 3470 κρίσεωςο
2915 3398 3145 3459 ῑκαστος
3172 3396 3281 3465 γὰρ
3306 3394 3431 3448 καθ’
3457 3394 3487 3446 6
3521 3394 3661 3461 ἔγνω
3690 3394 3818 3454 τοὺς
3854 3408 3999 3461 καρ-

2424 3492 2561 3553 ποὺς
2606 3492 2704 3559 τῆς
2753 3489 3011 3551 πίστεως,
3060 3488 3157 3540 καὶ
3190 3487 3432 3554 ἀγάπης,
3462 3486 3555 3537 καὶ
3590 3484 3769 3551 πάσης
3798 3482 4005 3551 ἀρετῆς

2421 3584 2521 3652 τῆς
2551 3582 2685 3650 πρὸς
2706 3580 2890 3645 αὑτὸν,
2928 3582 2991 3632 ὲκ
3022 3578 3390 3649 προαιρέσεως
3416 3577 3510 3627 καὶ
3538 3575 3841 3643 θελήματος
3872 3575 4006 3626 ἀντ-

2428 3674 2687 3727 απόδοσιν
2744 3670 3202 3740 ἀπαιτηθήσεται,
3225 3670 3343 3739 ἦτοι
3364 3669 3431 3721 δι’
3457 3667 3649 3736 ἀκοῆς,
3680 3667 3798 3736 ἦτοι
3834 3664 4004 3735 μηδέ-

2424 3781 2553 3818 ποτε
2589 3763 2745 3830 λόγον
2768 3760 3005 3822 ἀκούσας
3033 3760 3189 3812 Θεοῦ.

2496 3858 2569 3909 Ζ’.
2616 3852 3029 3908 Ἀποσκοποῦσα
3068 3851 3177 3919 γὰρ
3209 3852 3242 3919 ἡ
3288 3848 3435 3919 ψυχὴ
3476 3851 3509 3905 ἠ
3536 3848 3701 3901 πιστὴ
3739 3848 3835 3899 καλ⁵
3882 3847 4008 3916 φιλ-

2425 3946 2626 4015 αλήθης
2657 3945 2737 4007 είς
2754 3944 2821 3997 τά
2847 3942 3181 4011 ἀποκείμενα
3204 3941 3397 3993 αίώνια
3419 3939 3724 4009 άγαθάτοτς
3744 3940 4002 4003 δικαίοις,

2426 4039 2521 4092 καὶ
2548 4039 2627 4100 είς
2654 4038 2757 4107 τὴν
2786 4037 3024 4108 ἀῤῥητον
3052 4034 3151 4103 τῆς
3197 4034 3496 4103 μελλούσης
3529 4035 3813 4102 ὲπιφοιτᾷν
3851 4032 4006 4094 θείας

2426 4132 2648 4201 χάριτος
2680 4129 3020 4199 εὐεργεσίαν,
3062 4128 3287 4191 ἀναξίαν
3333 4127 3551 4197 ἑαυτὴν,
3581 4127 3676 4179 καὶ
3709 4124 3807 4194 τὴν
3837 4141 4006 4175 σπου-

2426 4223 2521 4293 δὴν
2554 4222 2744 4291 αὐτῆς,
2779 4222 2873 4273 καὶ
2897 4220 3080 4284 πόνον,
3106 4220 3199 4273 καὶ
3223 4221 3471 4289 κάματον
3497 4220 3711 4289 ἡγεῖται
3736 4217 3873 4286 πρὸς
3902 4217 4007 4279 τὰς

2426 4314 2694 4383 ἀρρήτους
2729 4312 3054 4379 δπαγγελίας
3081 4312 3175 4364 τοῦ
3214 4311 3554 4379 Πνεύματος.
3586 4302 3750 4369 Οὗτός
3780 4309 3931 4359 ἐστιν
3968 4308 4005 4359 ὁ

2430 4402 2667 4471 πτωχὸς
2696 4402 2777 4466 τῷ
2809 4404 3120 4468 πνεύματι,
3148 4403 3207 4455 ὃν
3224 4404 3252 4454 6
3269 4402 3471 4471 Κύριος
3492 4397 3813 4469 μακαρίζειο
3845 4393 4005 4461 οὗτός

752 4500 856 4565 Qui
900 4498 1215 4569 hujusmodi
1276 4498 1635 4552 intentionem
1682 4498 2011 4566 suscipiunt,
2055 4498 2319 4563 studium,
2354 4495 2443 4570 Di

2312 4538 2319 4561 ,
2354 4515 2397 4570 ι)
2428 4495 2576 4545 ἐστιν
2613 4496 2641 4545 6
2671 4493 2869 4545 πεινῶν
2920 4495 3017 4546 καὶ
3058 4492 3225 4560 διψῶν
3274 4492 3370 4560 τὴν
3415 4489 3792 4558 δικαιοσύνην·
3844 4483 4003 4551 οὗτός

753 4591 999 4644 laborem
1028 4605 1090 4642 ac
1129 4590 1463 4644 desiderium
1490 4590 1731 4653 virtutis,
1780 4597 1835 4643 et
1860 4589 1929 4643 ad
1969 4588 2129 4644 ﬁnem
2154 4604 2327 4657 usque

754 4682 808 4735 in
840 4697 907 4735 eo
941 4691 1283 4750 permanent,
1315 4682 1481 4733 vitam
1514 4694 1570 4735 et
1616 4696 1843 4749 regnum
1889 4690 2154 4734 aeternum
2196 4694 2326 4733 vere

756 4774 1020 4842 consequi
1050 4781 1328 4843 poterunt.
1375 4773 1453 4826 Ne
1486 4772 1652 4842 igitur
1687 4773 1812 4841 quis
1839 4772 2067 4827 fratrum
2094 4773 2325 4827 extolla-

755 4875 845 4918 tur
872 4864 1135 4917 adversus
1159 4863 1405 4927 fratrem,
1431 4877 1534 4917 nec
1562 4862 1629 4915 ad
1651 4872 1996 4931 arrogantem
2024 4864 2108 4917 sui
2133 4864 2325 4917 existi-

756 4954 1052 5007 mationem
1084 4955 1366 5021 procedat,
1397 4974 1425 5007 a
1456 4955 1662 5008 malitia
1698 4954 1992 5022 subreptus
2019 4994 2032 5016 ,
2069 4954 2325 5022 inquiens

756 5058 950 5111 nempe
987 5060 998 5094 ε
1034 5042 1146 5111 Ego
1180 5043 1372 5095 donum
1400 5043 1677 5113 spirituale
1705 5052 2003 5095 consecutus
2030 5060 2167 5095 sum.
2202 5044 2321 5097 Non

756 5135 902 5189 enim
930 5133 1088 5187 decet
1132 5134 1474 5189 Christianos
1514 5136 1628 5189 huic
1670 5135 1927 5203 cogitare.
1977 5133 2120 5198 Quid
2168 5134 2321 5187 enim

755 5226 991 5279 crastina
1026 5226 1118 5278 lux
1156 5227 1232 5279 illi
1265 5228 1491 5280 allatura
1519 5228 1610 5290 sit,
1649 5228 1865 5295 ignoras
1903 5244 1915 5278 :
1948 5236 2003 5279 et
2036 5226 2159 5295 quis
2197 5225 2321 5279 ﬁnis

756 5314 897 5382 ejus,
925 5312 1113 5378 quisve
1148 5325 1274 5366 tuus
1312 5313 1530 5367 futurus
1563 5316 1653 5378 sit,
1686 5316 1881 5368 nescis.
1932 5314 2132 5366 Verum
2168 5314 2320 5381 quis-

756 5418 861 5471 que
891 5403 995 5455 sibi
1022 5404 1284 5469 attendat,
1310 5415 1364 5458 ct
1388 5407 1663 5473 propriam
1690 5406 2079 5461 conscientiam
2104 5404 2321 5459 assidue

758 5494 1047 5561 dijudlcet.
1094 5510 1157 5547 ac
1190 5495 1384 5563 probet
1422 5511 1560 5564 opus
1605 5496 1791 5550 cordis
1832 5498 1937 5560 sui,
1970 5511 2079 5564 quo
2109 5496 2317 5557 studio,

759 5598 940 5653 quove
973 5592 1168 5639 conatu
1198 5600 1353 5640 mens
1381 5603 1478 5641 sua
1509 5588 1679 5641 Deum
1711 5596 2073 5657 prosequatur
2104 5603 2117 5637 :
2154 5595 2209 5640 et
2249 5587 2315 5640 ad

841 5761 884 5791 ⁸⁷
922 5758 1046 5825 Sap.
1084 5775 1151 5823 vi,
1184 5761 1235 5812 7.
1311 5760 1353 5792 ³⁸
1391 5760 1521 5814 Luc.
1561 5778 1650 5824 xu,
1688 5762 1771 5815 47.
1848 5761 1889 5791 θ’
1933 5760 2125 5815 Matth.
2158 5777 2208 5823 γ,
2242 5759 2291 5810 5.

2430 4587 2579 4638 ἔστιν
2629 4588 2658 4637 6
2706 4585 3165 4655 συντετριμμένος
3204 4586 3304 4654 τὴν
3353 4583 3601 4652 καρδίαν.
3639 4583 3703 4634 Ol
3744 4580 4006 4649 {atatith

2429 4678 2751 4747 προαίρεσιν
2769 4676 3265 4746 ἀναλαμϐάνοντες,
3291 4674 3384 4727 καὶ
3411 4674 3668 4741 σπουδὴν,
3700 4673 3795 4724 καί
3816 4672 4003 4735 πόνον,

2428 4773 2521 4825 καὶ
2551 4771 2715 4823 πόθον
2740 4772 2963 4840 ἀρετῆς,
2995 4771 3089 4821 καὶ
3118 4768 3222 4830 ἓως
3243 4767 3428 4829 τέλους
3452 4769 3510 4818 ἐν
3538 4766 3687 4834 αὐτῷ
3714 4765 4005 4833 διαμένον-

2430 4880 2543 4925 τες,
2578 4864 2675 4932 τῆς
2707 4862 2851 4928 ζωῆς
2892 4862 2985 4913 καὶ
3033 4860 3133 4926 τῆς
3170 4857 3387 4911 αἰωνίου
3419 4854 3693 4924 βασιλείας
3722 4854 4005 4920 ἐπιτυχεῖν

2430 4955 2489 5017 ἐξ
2520 4952 2777 5021 ἀληθείας
2804 4952 3137 5020 δυνήσονται.
3168 4946 3260 5015 Μὴ
3290 4946 3470 4998 τοίνυν
3497 4962 3578 5006 τις
3606 4943 3714 4995 τῶν
3752 4942 4005 5009 ἀδελφῶν

2430 5041 2846 5110 κατεπαιρέσθω
2878 5038 2973 5092 τοῦ
3003 5037 3256 5106 ἀδελφοῦ,
3284 5038 3397 5090 ’καὶ
3456 5036 3535 5097 είς
3579 5036 3753 5103 οἴησιν
3794 5050 4001 5099 προκο-

2432 5132 2631 5195 πτέτω,
2664 5132 2769 5182 ὑπὸ
2787 5132 2884 5198 τῆς
2907 5130 3102 5191 κακίας
3134 5126 3625 5197 ὑποκλεπτόμενος,
3647 5123 3723 5185 ὡς
3742 5123 3824 5174 ὅτι
3841 5120 4002 5175 Ἰδοὺ

2427 5222 2541 5290 ἐγὼ
2571 5221 2829 5290 χάρισμα
2858 5220 3265 5287 πνευματικὸν
3285 5218 3567 5285 κέκτημαι
3588 5231 3599 5243 ·
3632 5214 3732 5266 οὐκ
3754 5213 3871 5265 ἔστι
3894 5212 4002 5280 γάρ

2429 5312 2575 5376 ἀξιον
2607 5311 2781 5363 ταῦτα
2820 5311 3181 5378 Χριστιανοὺς
3212 5310 3575 5377 ἐνθυμεῖσθαι.
3608 5306 3673 5357 Τί
3718 5306 3828 5373 γάρ
3858 5306 4004 5355 ποιεῐ

2431 5402 2679 5473 ὴαῦριον
2735 5404 2813 5465 είς
2864 5386 3071 5455 ἐκεῖνον
3133 5404 3231 5454 οὐκ
3280 5396 3457 5462 οἶδας’
3512 5398 3605 5450 καὶ
3646 5399 3800 5449 ποῖον
3847 5394 4004 5459 τέλος

2427 5496 2656 5556 ἐκείνου,
2712 5493 2804 5545 καὶ
2862 5482 3009 5545 ποῖον
3058 5493 3118 5544 τὸ
3162 5491 3252 5543 σὸν
3305 5490 3537 5557 ἀγνοεῖς.
3573 5487 3713 5541 Ἀλλ’
3764 5486 4001 5549 ἕκαστος

2427 5586 2605 5655 ἑαυτῴ
2644 5586 2947 5655 προσέχων,
2995 5582 3331 5652 άνακρινέτω
3372 5583 3469 5650 τὴν
3506 5579 3641 5632 ίδίαν
3694 5577 4005 5647 συνείδησιν
