4282 6364
238 375 341 439 ’121

1418 385 1783 447 HOMILIE.
1809 410 1871 425 -
1907 392 2093 453 HOM.
2128 392 2311 453 XXX.

3374 392 3480 457 722

245 489 501 545 πάντοτε.
537 486 634 538 καὶ
678 486 1018 557 δοκιμαζέτω
1043 489 1105 543 τδ
1150 486 1506 561 ἔργονάὺτοῦ
1551 496 1655 563 τῆς
1679 514 1815 568 καρ-
1842 500 1936 569 Ar

1790 528 1815 539 -
1842 500 1892 558 Α
1917 501 2219 569 perfectum
2254 516 2482 571 scopum
2511 500 2801 564 libertatis,
2839 512 2896 556 et
2924 501 3273 556 aﬁ‘ectionum
3297 507 3480 559 vacui—

240 576 387 639 δίας,
411 577 571 630 ποίαν
599 579 835 647 σπουδὴν
873 581 969 634 καὶ
1006 582 1191 649 ἀγῶνα
1216 584 1245 637 6
1270 584 1395 647 νοῦς
1420 585 1533 655 ἔχει
1560 588 1696 658 πρὸς
1722 590 1815 643 τὸν

244 666 412 719 Θεὸιν
437 666 533 718 καὶ
553 669 632 729 είς
662 668 754 720 τὸν
779 669 984 724 τέλειον
1013 673 1217 725 σκοπὸν
1238 676 1336 745 τῆς
1361 674 1696 747 ἐλευθερίας,
1719 680 1815 732 καὶ

245 756 543 821 ἀπαθείας,
594 757 688 809 καὶ
742 758 843 826 τῆς
896 762 1291 825 καταπαύσεως
1344 763 1438 817 τοῦ
1507 767 1815 837 πνεύματος

248 846 602 910 ἀποσκοπῶν,
630 848 927 914 ἀπαύστως
952 852 1191 921 τρεχέτω
1224 854 1316 906 καὶ
1356 856 1585 919 ἀόκνως,
1627 858 1685 909 ὲν
1710 875 1816 928 μη-

247 937 361 988 δενὶ
388 936 702 1006 χαρίσματι,
731 938 764 1006 ἢ
795 941 889 993 καὶ
913 941 1239 1011 δικαιώματι
1271 945 1812 1016 ,πληροφορούμενοφ

247 1026 387 1089 Δόξα
424 1028 517 1079 καὶ
560 1028 932 1101 προσκύνησις
984 1033 1192 1103 Πατρὶ,
1235 1036 1327 1109 καὶ
1366 1037 1502 1107 Υίῷ,
1554 1038 1647 1092 καὶ
1676 1038 1816 1110 ἁγίῳ

248 1118 549 1188 Πνεύματι,
576 1122 656 1183 είς
679 1122 806 1184 τοὺς
837 1122 1064 1187 αίῶνας.
1116 1126 1308 1198 Ἀμήν.

863 1237 1108 1292 ΟΜΙΛΙΑ
1140 1239 1221 1295 Λ⁹.

261 1324 511 1400 Ἐκῼτοῦ
554 1325 727 1393 ἁγίου
782 1328 1122 1400 Πνεύίιατος
1176 1326 1274 1400 ᾆεῒ
1302 1331 1664 1398 γεννηθῆναι
1697 1335 1815 1400 τὴν

320 1393 672 1473 μέλλουσαν
700 1393 996 1473 εἰσελθεῖν
1040 1401 1127 1473 {lc
1152 1393 1481 1473 ,ϐασιλείαν
1509 1393 1657 1457 όεοῦ

318 1462 458 1530 χήν·
488 1465 585 1517 καὶ
626 1465 700 1517 ὃν
728 1468 949 1534 τρόπον
985 1466 1161 1521 τοῦτο
1204 1472 1467 1536 γένηται.

320 1558 399 1604 A'.
447 1556 510 1607 Ol
534 1554 625 1607 τὸν
670 1554 827 1622 λόγον
873 1556 1181 1622 ἀκούοντες,
1218 1558 1377 1628 ἔργον
1408 1560 1501 1612 τοῦ
1551 1562 1711 1630 λόγου
1762 1566 1819 1615 ἔν

247 1641 369 1702 ταῖς
423 1640 635 1693 ἔαυτῶν
689 1640 890 1711 ψυχαῖς
938 1642 1242 1711 ὀφείλουσιν
1311 1646 1702 1710 ἔπιδείξασθαι.
1763 1650 1820 1703 '0

248 1730 407 1797 λόγος
443 1733 552 1801 γάρ
591 1732 684 1784 τοῦ
735 1732 869 1784 Θεοῦ
900 1734 1001 1785 οὐκ
1030 1733 1144 1787 ἔστι
1182 1735 1337 1803 λόγος
1368 1737 1556 1805 ἀργὸς,
1586 1737 1701 1791 ἀλλ’
1732 1738 1822 1810 ἔρ-

1916 591 2075 652 tatis.
2142 600 2305 660 atque
2357 592 2559 661 quietis
2617 592 2920 661 spiritualis
2974 593 3291 657 collimatis,
3343 596 3482 649 citra

1914 696 2131 735 omnem
2197 684 2658 737 intermissionem
2704 697 2769 736 ac
2825 684 3114 751 segnitiem
3169 694 3371 749 currat,
3423 687 3480 738 in

1914 768 2066 821 nullo
2107 769 2263 838 115
2299 770 2634 823 charismate
2668 779 2764 823 aut
2788 770 3184 838 justiticatione
3219 773 3481 825 collocata

1915 856 2137 913 ﬁducia.
2153 858 2336 913 Gloria
2358 869 2414 915 et
2432 860 2683 914 adoratio
2710 860 2881 924 Patri,
2898 870 2956 915 et
2978 860 3138 926 Filio,
3167 870 3224 915 et
3253 860 3479 931 Spiritui

1915 957 2104 1004 sancto
2131 950 2187 1004 in
2214 952 2429 1005 sa’cula.
2458 951 2656 1006 Amen.

2455 1234 2737 1291 HOMILIA
2788 1235 2953 1289 XXX.

1918 1326 2003 1383 Ea:
2065 1326 2508 1401 Spiritu_snnr.to
2556 1327 2761 1379 renasci
2819 1335 3019 1395 Oportet
3063 1329 3319 1394 animum,
3366 1328 3482 1401 qm

1992 1413 2208 1469 regnum
2276 1397 2372 1451 Dei
2422 1398 2731 1467 ingressum
2779 1406 2878 1463 est,
2932 1407 2982 1451 et
3032 1414 3133 1467 quo
3180 1410 3333 1469 pacto
3379 1397 3483 1455 Ἰιοσ

1988 1465 2106 1533 ﬁat.

1991 1528 2034 1609 l.
2060 1555 2165 1621 Qui
2191 1556 2420 1610 verbum
2451 1557 2702 1622 audiunt,
2732 1573 2875 1627 opus
2904 1558 3059 1611 verbi
3091 1558 3146 1612 in
3186 1559 3302 1613 suis
3332 1560 3480 1629 ipso-

1923 1661 2044 1698 rum
2097 1646 2297 1699 auimis
2353 1646 2731 1702 demonstrare
2791 1648 3017 1701 debent.
3046 1649 3285 1703 Verbum
3336 1651 3481 1703 enim

1922 1734 2019 1788 Dei
2068 1750 2179 1789 non
2235 1743 2320 1789 est
2378 1736 2638 1799 otiosum,
2684 1736 2782 1791 sed
2828 1753 2967 1805 opus
3014 1738 3199 1803 habet,
3230 1740 3376 1808 quod
3430 1741 3486 1795 in

248 1836 349 1887 γον
394 1818 506 1888 ἔχει
536 1820 618 1883 είς
671 1821 772 1891 τὴν
816 1820 993 1891 ψυχὴν
1025 1823 1366 1893 γιγνόμενον.
1398 1827 1497 1878 Διά
1529 1827 1685 1880 τοῦτο
1712 1828 1821 1898 γὰρ
1848 1817 1895 1876 Β
1922 1842 1939 1878 a

1790 1846 1821 1898 ρ
1848 1817 1895 1876 Β
1922 1826 2102 1879 anima
2132 1826 2418 1895 perﬁcitur
2443 1844 2455 1879 :
2489 1836 2782 1896 propterea
2813 1830 2961 1882 enim
2991 1844 3132 1898 opus
3151 1831 3481 1899 appellatur,

251 1912 346 1963 καὶ
377 1910 537 1983 ἔργον
586 1911 824 1979 λέγεται,
865 1912 951 1965 ἵνα
1002 1915 1095 1966 καὶ
1138 1913 1299 1985 ἔργον
1352 1916 1548 1987 εὑρεθῇ
1605 1919 1664 1971 ἔν
1710 1920 1821 1981 τοῖς

247 2002 530 2056 ἀκούουσι.
586 2003 865 2073 Παράσχοι
907 2003 1085 2058 τοίνυν
1111 2007 1140 2058 6
1189 2005 1391 2076 Κύριος
1427 2007 1490 2059 τὸ
1523 2008 1681 2078 ἔργον
1723 2009 1823 2079 τῆς

247 2094 507 2162 ἀληθείας
543 2095 603 2147 ἔν
635 2096 746 2157 τοῖς
782 2093 1093 2158 ἀκούουσιν,
1145 2095 1231 2150 ῐνα
1282 2099 1311 2150 6
1347 2097 1504 2166 λόγος
1551 2100 1825 2170 ἔγκαρπος

247 2184 449 2256 εὑρεθῇ
496 2184 578 2247 είς
610 2185 782 2254 ἡμᾶς.
814 2185 1025 2256 Ὠσπερ
1054 2186 1162 2257 γὰρ
1202 2187 1329 2241 σκιά
1356 2189 1586 2258 προάγει
1631 2189 1693 2243 τὸ
1719 2189 1824 2243 σῶ-

253 2292 352 2347 μα·
379 2275 572 2347 ήασκιά
596 2275 653 2329 δὲ
670 2278 733 2330 τὸ
758 2276 916 2347 σῶμα
936 2278 1109 2348 δηλοῖ,
1140 2279 1232 2331 καὶ
1257 2281 1289 2349 ή
1319 2277 1549 2350 ἀλήθεια
1570 2280 1632 2333 τὸ
1665 2281 1826 2351 σῶμά

248 2368 391 2422 ἔστι·
423 2366 515 2420 τὸν
550 2366 712 2421 αὑτὸν
738 2367 940 2437 τρόπον
970 2370 1064 2420 καὶ
1087 2370 1115 2421 6
1141 2368 1297 2437 λόγος
1317 2368 1505 2443 ῶσπερ
1545 2372 1674 2425 σκιά
1697 2388 1825 2441 τυγ-

250 2458 413 2526 χάνει
432 2458 531 2526 τῆς
554 2457 811 2527 ἀληθείας
836 2459 931 2511 τοῦ
962 2460 1222 2530 Χριστοῦ.
1266 2462 1502 2532 Προάγει
1533 2463 1589 2515 δὲ
1613 2465 1641 2516 6
1668 2464 1825 2532 λόγος

251 2549 354 2614 τὴν
384 2548 661 2619 ἀλήθειαν.
718 2551 780 2604 Ol
835 2550 926 2603 ἐπὶ
970 2551 1072 2621 γῆς
1106 2551 1339 2623 πατέρες
1387 2554 1453 2606 ὲκ
1482 2553 1581 2623 τῆς
1615 2555 1824 2609 ἑαυτῶν

250 2641 470 2709 φύσεως
511 2642 740 2717 γεννῶσι
764 2644 931 2696 τέκνα
969 2645 1034 2697 ἔκ
1077 2643 1171 2698 τοῦ
1232 2644 1483 2716 σώματος
1514 2646 1693 2700 αὐτῶν
1730 2650 1825 2701 καὶ

246 2733 352 2802 τῆς
396 2732 597 2803 ψυχῆς,
650 2734 743 2786 καὶ
772 2733 1098 2803 γεννηθέντα
1131 2736 1282 2807 πάσῃ
1316 2737 1519 2807 σπουδῇ
1550 2737 1825 2807 ἔπιμελῶς

247 2820 600 2874 παιδεύουσιν
637 2820 712 2884 ὡς
750 2821 957 2876 ἑαυτῶν
1008 2823 1195 2888 τέκνα,
1248 2824 1353 2887 ἓως
1404 2826 1599 2878 τέλειοι
1634 2826 1826 2898 ἄνδρες

246 2912 535 2978 γένωνται,
572 2912 667 2964 καὶ
694 2911 926 2981 διάδοχοι
955 2914 1413 2984 καὶικληρονόμοι.
1437 2917 1563 2981 Τοῖς
1584 2918 1692 2988 γάρ
1717 2935 1826 2971 πα-

246 2999 447 3067 τράσιν
474 2998 716 3070 ἔξαρχῆς
749 2999 951 3065 σκοπὸς
1005 3002 1100 3055 καὶ
1147 3002 1353 3073 σπουδὴ
1382 3005 1534 3058 πᾶσα
1576 3007 1823 3073 γίγνεται

245 3090 391 3159 πρὸς
410 3089 758 3160 τδ.γεννῆσαι
785 3092 969 3153 τέκνα,
1001 3092 1096 3145 καὶ
1123 3096 1271 3163 σχεῖν
1311 3094 1701 3166 κληρονόμους,
1730 3097 1823 3150 καὶ

246 3181 298 3233 εί
334 3180 413 3249 μὴ
465 3179 781 3251 ἐγέννησαν,
837 3181 1101 3252 μεγίστην
1156 3181 1333 3253 λύπην
1370 3185 1465 3237 καὶ
1517 3184 1709 3255 ὀδύνην
1753 3186 1821 3240 ἂν

246 3268 420 3338 εἶχον,
443 3268 585 3322 ὥστε
636 3270 801 3324 πάλιν
828 3264 1213 3341 γεννήσαντες,
1254 3273 1430 3342 χαρὰν
1466 3272 1643 3344 ἔσχον.
1686 3274 1823 3329 Χαί-

248 3376 407 3430 ρουσι
444 3360 500 3414 δὲ
528 3361 621 3414 καὶ
647 3363 697 3414 ot
728 3364 1010 3428 συγγενεῖς
1061 3361 1155 3414 καὶ
1188 3363 1237 3414 ot
1259 3364 1519 3429 γείτονες.

321 3451 400 3504 B‘.
442 3450 548 3505 Τδν
589 3452 751 3504 αὐτὸν
780 3452 981 3522 τρόπον
1012 3453 1107 3505 καὶ
1134 3454 1162 3505 6
1197 3452 1400 3521 Κύριος
1428 3454 1584 3524 ήμῶν
1616 3456 1823 3529 Ἰησοῦς

249 3543 495 3613 Χριστὸς
524 3542 654 3611 περὶ
685 3543 784 3611 τῆς
831 3544 926 3596 τοῦ
966 3542 1253 3614 ἀνθρώπου
1292 3546 1563 3616 σωτηρίας
1608 3550 1825 3617 φροντί-

248 3651 374 3699 σας,
404 3636 584 3687 πᾶσαν
605 3636 920 3705 οἰκονομίαν
946 3638 1041 3689 καὶ
1066 3637 1300 3705 σπουδὴν
1326 3639 1641 3691 ἐπετέλεσεν
1668 3639 1826 3710 ἐξαρ-

248 3725 354 3794 χῆς
389 3724 477 3777 διὰ
522 3726 804 3794 Πατέρων,
837 3728 1213 3796 πατριαρχῶν,
1241 3728 1329 3780 διὰ
1355 3728 1522 3797 νόμου
1555 3730 1648 3783 καὶ
1688 3747 1825 3800 προ-

249 3815 459 3886 φητῶν·
493 3815 717 3884 ἔσχατον
741 3818 837 3869 καὶ
855 3817 1014 3879 αὐτὸς
1049 3818 1510 3887 παραγενόμενος,
1539 3820 1634 3872 καὶ
1660 3837 1825 3872 σταυ-

250 3909 349 3981 ροῦ
384 3909 647 3979 αἰσχύνης
674 3911 1109 3979 καταφρονήσας,
1143 3910 1403 3980 ὑπέμεινε
1435 3910 1681 3966 θάνατον.
1713 3913 1825 3965 Καὶ

247 3994 408 4062 οὗτος
442 4002 561 4062 ὅλος
587 4002 615 4051 6
642 4000 908 4068 κάματος,
957 4000 1052 4053 καὶ
1081 4002 1115 4069 ἠ
1150 4000 1357 4069 σπουδὴ
1386 4001 1549 4053 αὑτοῦ
1582 4001 1821 4070 γέγονεν,

248 4093 401 4154 ὅπως
425 4093 663 4161 γεννήσῃ
689 4090 746 4155 ἔξ
778 4089 972 4142 ἑαυτοῦ
1002 4089 1065 4141 ὲκ
1084 4091 1180 4157 τῆς
1202 4090 1394 4143 ἑαυτοῦ
1426 4090 1639 4159 φύσεως
1660 4092 1825 4143 τέκνα

249 4184 315 4234 ἐκ
343 4180 438 4233 τοῦ
468 4179 808 4249 Πνεύματος,
843 4178 1048 4233 ἀνωθεν
1078 4180 1377 4246 εὐδοκήσας
1406 4182 1729 4250 γεννηθῆναι
1760 4182 1825 4234 ὲκ

246 4275 349 4341 τῆς
384 4270 551 4325 αὐτοῦ
584 4271 855 4339 θεότητος.
894 4272 1001 4323 Καὶ
1054 4271 1242 4341 ῶσπερ
1285 4273 1335 4323 οί
1380 4273 1613 4342 πατέρες
1658 4268 1821 4337 οὗτοι,

248 4361 349 4416 ἐὰν
396 4363 471 4433 μὴ
502 4364 823 4431 γεννήσωσι,
847 4361 1145 4415 λυποῦνται
1174 4378 1187 4392 °
1220 4362 1392 4425 οὕτως
1423 4364 1515 4415 καὶ
1551 4362 1579 4413 6
1623 4364 1824 4432 Κύριος

1922 1925 1983 1971 ut
2012 1930 2151 1984 Opus
2191 1931 2410 1985 quoque
2442 1917 2756 1971 inveniatur
2777 1919 2921 1987 apud
2949 1934 3067 1985 eos,
3102 1920 3197 1989 qui
3228 1921 3482 1977 audiunt.

1920 2007 2191 2064 Exhibeat
2222 2007 2389 2077 igitur
2430 2006 2695 2061 Dominus
2738 2011 3170 2077 opus>veritatis
3210 2010 3485 2066 audienti-

1921 2099 2046 2162 bus,
2076 2105 2136 2153 ut
2176 2098 2405 2153 verbum
2450 2098 2795 2153 fructuosum
2842 2101 3150 2170 reperiatur
3195 2101 3250 2155 in
3301 2102 3483 2156 nobis.

1920 2189 2153 2245 Perinde
2187 2190 2335 2244 enim
2383 2204 2449 2243 ac
2481 2190 2673 2244 umbra
2700 2192 2962 2260 precedit
3005 2207 3241 2261 corpus;
3288 2194 3480 2246 umbra

1926 2288 2111 2332 autem
2166 2292 2368 2346 corpus
2410 2277 2774 2343 demonstrat,
2823 2288 2879 2333 at
2922 2280 3123 2334 veritas
3168 2289 3253 2334 est
3300 2281 3481 2349 ipsum

1922 2382 2122 2435 corpus
2156 2382 2172 2423 :
2198 2366 2279 2421 sic
2300 2382 2517 2436 quoque
2555 2376 2640 2423 est
2670 2367 2899 2425 verbum
2940 2371 3092 2425 velut
3115 2372 3309 2426 umbra
3337 2374 3485 2426 veri-

1922 2458 2101 2512 ritatis
2121 2458 2346 2514 Christi.
2372 2458 2638 2513 Precedit
2679 2459 2865 2530 itaque
2908 2462 3134 2515 verbum
3177 2463 3482 2517 veritatem.

1921 2548 2113 2603 Patres
2158 2549 2253 2618 qui
2290 2548 2344 2602 in
2380 2550 2543 2603 terris
2591 2559 2740 2614 sunt,
2776 2566 2807 2605 e
2840 2566 2939 2605 sua
2989 2551 3233 2621 ipsorum
3290 2562 3489 2607 natura

1921 2650 2186 2711 generant
2228 2642 2455 2703 liberos,
2483 2656 2515 2695 e
2556 2657 2787 2711 corpore
2808 2658 2909 2697 suo
2954 2652 3011 2698 et
3050 2646 3254 2709 anima,
3281 2660 3488 2714 eosque

1921 2741 2080 2787 natos
2106 2732 2257 2787 omni
2287 2732 2471 2787 studio
2490 2742 2548 2786 et
2582 2742 2835 2787 accurata
2862 2734 3146 2803 diligentia
3170 2735 3487 2799 instituunt,

1924 2832 1982 2877 ut
2020 2838 2149 2877 suos
2176 2822 2338 2887 ﬁlios,
2364 2822 2542 2877 donec
2588 2823 2815 2892 perfecti
2838 2824 2943 2878 viri
2984 2825 3240 2889 evadant,
3269 2834 3327 2879 et
3356 2841 3485 2880 suc-

1922 2928 2172 2967 cessores
2198 2928 2263 2967 ac
2309 2913 2575 2967 heredes.
2620 2912 2813 2969 Omnis
2840 2914 2988 2969 enim
3026 2929 3224 2983 scopus
3249 2926 3487 2984 patrum,

1920 3011 1977 3059 et
2006 3019 2170 3058 omne
2198 3004 2466 3069 studium,
2496 3005 2567 3058 ab
2596 3004 2757 3058 initio
2784 3020 2851 3059 eo
2882 3004 3081 3071 tendit,
3106 3014 3168 3058 ut
3198 3017 3492 3074 procreent

1921 3092 2148 3159 liberos,
2195 3108 2260 3147 ac
2294 3092 2543 3147 heredes
2598 3093 2872 3158 habeant;
2914 3102 2971 3147 et
3033 3094 3139 3148 nisi
3174 3095 3489 3164 genuerint,

1927 3197 2141 3236 summa
2168 3184 2393 3237 tristitia
2421 3198 2486 3237 ac
2510 3198 2748 3238 maerore
2785 3183 3139 3249 aﬁlciuntur;
3169 3185 3313 3239 sicut
3341 3200 3374 3239 ο
3410 3186 3495 3240 di-

1923 3287 2105 3337 verso,
2141 3272 2236 3327 ubi
2276 3273 2686 3342 procreaverint
2732 3273 2937 3328 liberos
2978 3313 2996 3339 ,
3047 3274 3248 3343 gaudio
3267 3275 3499 3344 perfun-

1925 3359 2170 3413 duntur:
2209 3360 2449 3429 gaudent
2475 3375 2695 3429 quoque
2720 3361 2935 3430 cognati
2959 3370 3015 3415 et
3042 3362 3230 3416 vicini.

1997 3450 2063 3504 ll.
2098 3449 2308 3504 Eodem
2343 3450 2507 3504 modo
2536 3451 2800 3505 Dominus
2832 3459 3022 3505 noster
3052 3451 3213 3506 Jesus
3238 3451 3491 3507 Christus

1926 3540 1994 3595 de
2027 3540 2266 3595 hominis
2314 3542 2488 3595 salute
2541 3542 2832 3606 sollicitus,
2858 3556 3076 3595 omnem
3121 3542 3489 3611 dispensatio-

1927 3646 2052 3684 nem
2101 3646 2165 3685 ac
2214 3631 2457 3685 studium
2496 3631 2729 3700 perfecit
2773 3648 2805 3685 a
2852 3632 3143 3701 principio,
3186 3634 3494 3687 minislerio

1924 3723 2169 3787 Patrum,
2213 3723 2675 3790 patriarcharum,
2740 3724 2875 3793 legis
2926 3740 2991 3777 ac
3056 3725 3489 3793 pr0phetarum,

1924 3823 2204 3881 postremo
2230 3828 2449 3881 quoque
2472 3816 2587 3880 ipse
2618 3814 2939 3877 adveniens,
2967 3828 3031 3867 ac
3059 3815 3241 3867 crucis
3263 3814 3493 3884 ignomi-

1930 3904 2081 3957 niam
2124 3919 2410 3972 spernens,
2441 3913 2670 3957 mortem
2701 3905 2944 3972 pertulit.
2977 3904 3168 3958 Omnis
3192 3905 3374 3973 itaque
3410 3905 3493 3958 la-

1926 3994 2026 4049 bor
2063 3996 2153 4049 ille
2209 4005 2265 4048 et
2298 3995 2539 4048 studium
2567 3996 2686 4063 ejus
2732 3994 2786 4048 in
2834 4011 2902 4049 eo
2942 3995 3065 4059 fuit,
3098 4004 3159 4049 ut
3188 4006 3488 4066 generaret

1924 4098 1990 4136 ex
2016 4098 2073 4137 se
2114 4082 2253 4150 ipso,
2297 4098 2327 4137 e
2370 4098 2467 4135 sua
2504 4082 2675 4150 ipsius
2729 4089 2923 4134 natura
2982 4082 3125 4136 ﬁlios
3185 4097 3216 4135 e
3260 4082 3491 4151 Spiritu,

1924 4174 2136 4242 placide
2166 4175 2540 4242 acquiescens,
2561 4173 2709 4241 quod
2739 4174 3056 4241 supernitus
3071 4184 3428 4229 nascerentur
3456 4191 3487 4228 e

1924 4281 2024 4320 sua
2054 4265 2362 4319 divinitate.
2414 4265 2481 4317 Et
2528 4264 2994 4333 quemadmodum
3044 4274 3230 4333 patres
3260 4263 3339 4329 hi,
3382 4268 3488 4318 nisi

1926 4355 2239 4424 genuerint,
2290 4354 2512 4407 tristitia
2557 4361 2613 4405 et
2663 4353 2853 4405 dolore
2892 4351 3204 4405 alliciuntur
3241 4370 3255 4405 ι
3295 4352 3490 4407 eodem

248 4455 547 4521 ἀγαπήσας
591 4453 652 4504 τὸ
703 4454 857 4517 γένος
888 4452 993 4504 τῶν
1018 4452 1316 4521 ἀνθρώπων
1344 4452 1419 4515 ὼς
1454 4452 1587 4505 ἰδίαν
1616 4456 1819 4517 εἰκόνα,
1857 4469 1897 4523 D
1927 4461 1939 4497 I

1805 4494 1819 4517 ,
1857 4444 2089 4523 Dmodo
2150 4445 2451 4507 Dominus,
2523 4443 2757 4513 diligens
2833 4458 3005 4513 genus
3085 4444 3387 4497 humanum
3433 4452 3491 4496 ut

246 4542 517 4612 ἠθέλησεν
564 4542 759 4604 αὐτοὺς
793 4544 856 4594 ἐκ
885 4541 981 4594 τοῦ
1030 4540 1197 4593 αὑτοῦ
1230 4542 1542 4612 σπέρματος
1567 4543 1824 4611 γεννῆσαι

247 4634 349 4702 τῆς
381 4631 655 4702 θεότητος.
707 4632 773 4683 Et
801 4648 943 4693 τινες
970 4629 1063 4685 οὖν
1104 4632 1180 4701 μὴ
1209 4631 1505 4700 θελήσωσιν
1533 4634 1613 4695 είς
1647 4633 1827 4685 τοιαύ-

247 4739 351 4791 την
392 4721 644 4791 γέννησιν
688 4720 777 4773 ἔλθ
790 4725 891 4787 εἰν,
918 4723 1011 4773 καὶ
1042 4724 1105 4775 ἔκ
1134 4722 1234 4791 τῆς
1262 4722 1497 4791 γαστρὸς
1533 4721 1628 4775 τοῦ
1659 4722 1826 4775 Πνεύ-

254 4829 428 4883 ματος
459 4813 558 4881 τῆς
605 4812 857 4880 θεότητος
912 4812 1261 4881 γεννηθῆναι,
1318 4812 1519 4880 πολλὴν
1572 4812 1746 4881 λύπην
1794 4814 1822 4865 6

251 4904 488 4972 Χριστὸς
523 4903 865 4971 ἀναδέχεται,
896 4904 1089 4957 παθὼν
1116 4904 1185 4956 δι’
1224 4904 1420 4967 αὐτοὺς
1454 4905 1548 4956 καὶ⁵
1591 4904 1819 4974 ὑπομεί-

249 5011 373 5055 νας.
400 4994 486 5046 ἵνα
516 4994 739 5056 τούτους
784 4994 953 5065 σώσῃ.

322 5082 398 5137 Γ.
433 5086 644 5147 Πάντας
696 5084 804 5153 γὰρ
859 5083 1178 5153 ἀνθρώπους
1212 5084 1353 5136 θέλει
1415 5086 1443 5136 6
1488 5085 1687 5155 Κύριος
1721 5084 1821 5152 τῆς

248 5180 557 5243 γεννήσεως
589 5174 989 5240 καταξιωθῆναι
1022 5172 1241 5241 ταύτης.
1286 5173 1454 5242 ’Υπὲρ
1483 5174 1697 5225 πάντων
1717 5172 1822 5240 γὰρ

248 5265 509 5327 ἀπέθανε,
532 5266 624 5316 καὶ
648 5265 853 5326 πάντας
880 5266 958 5325 είς
989 5264 1134 5334 ζωὴν
1157 5264 1399 5317 ἐκάλεσε.
1436 5266 1555 5331 Ζωὴ
1589 5264 1644 5315 δέ
1676 5264 1821 5314 ἐστιν

248 5360 281 5427 ή
325 5354 529 5409 ἄνωθεν
582 5357 646 5406 ἑκ
691 5354 784 5407 τοῦ
833 5354 967 5407 Θεοῦ
1011 5356 1282 5424 γέννησιςο
1318 5355 1445 5407 ἄνευ
1480 5354 1587 5423 γὰρ
1616 5352 1821 5422 ταύτης

246 5451 414 5517 ζῆσαι
442 5450 618 5519 ψυχὴν
642 5449 919 5511 ἀδύνατον,
942 5446 1016 5509 ῶς
1051 5464 1210 5513 φησιν
1246 5448 1274 5499 6
1304 5447 1502 5514 Κύριος
1526 5462 1538 5472 ·
1574 5446 1713 5497 Ἐὰν
1736 5444 1819 5512 μή

245 5559 337 5607 τις
372 5538 633 5609 γεννηθῇ
670 5538 917 5603 ἄνωθεν,
955 5540 1027 5591 οὐ
1059 5538 1305 5591 δύναται
1330 5536 1477 5589 ἰδεῖν
1504 5536 1617 5601 τὴν
1642 5537 1825 5598 βασι·

246 5632 428 5687 λείαν
454 5630 560 5684 τοῦ
609 5630 777 5684 Θεοῦ.
824 5630 991 5683 Ὠστε
1040 5628 1199 5685 πάλιν
1250 5630 1363 5681 ὅσοι
1411 5628 1723 5684 πιστεύουσι
1746 5627 1821 5697 τῷ

325 5745 341 5775 ⁸
364 5741 523 5797 Joan.
558 5712 632 5807 ιιι,
667 5741 721 5797 ὅ.

1928 4534 2205 4603 propriam
2254 4533 2582 4601 imaginem,
2627 4532 2803 4585 voluit
2846 4546 2943 4585 eos
2991 4547 3059 4585 ex
3111 4532 3229 4599 ipso
3283 4532 3490 4585 semine

1928 4625 2115 4679 divino
2142 4640 2454 4693 procreare.
2486 4624 2543 4679 Si
2572 4624 2667 4693 qui
2712 4638 2843 4692 ergo
2877 4623 3160 4676 renuerint
3200 4623 3266 4675 ad
3301 4623 3491 4691 huius-

1933 4714 2079 4768 modi
2128 4713 2537 4783 generationem
2570 4713 2781 4775 venire,
2828 4720 2884 4765 et
2929 4713 2997 4764 de
3034 4720 3225 4766 ventre
3254 4712 3495 4781 Spiritus

1930 4805 2103 4859 divini
2153 4807 2328 4871 nasci,
2357 4819 2629 4858 summum
2678 4804 2921 4857 dolorem
2962 4802 3192 4872 suscipit
3216 4802 3489 4869 Christus,

1928 4898 2019 4966 qui
2058 4906 2283 4965 propter
2308 4911 2403 4950 eos
2426 4910 2618 4964 passus
2664 4902 2751 4948 est
2789 4909 2852 4947 ac
2874 4896 3121 4962 pertulit,
3164 4900 3225 4945 ut
3254 4908 3351 4947 eos
3379 4908 3492 4947 ser-

1927 4995 2100 5041 varet.

1998 5079 2085 5132 ΙΙΙ.
2126 5078 2329 5133 Omnes
2370 5078 2518 5131 enim
2580 5078 2831 5131 homines
2885 5077 3003 5129 vult
3043 5075 3306 5129 Dominus
3352 5076 3493 5129 hanc

1932 5167 2273 5221 nativitatem
2307 5166 2591 5235 consequi,
2627 5180 2725 5235 pro
2754 5165 3012 5218 omnibus
3041 5164 3311 5233 siquidem
3350 5180 3493 5217 mor-

1931 5266 2055 5311 tuus
2078 5268 2180 5320 est,
2208 5267 2260 5310 et
2291 5267 2483 5310 omnes
2516 5257 2583 5309 ad
2627 5258 2789 5309 vitam
2825 5256 3059 5309 vocavit.
3092 5255 3216 5309 Vita
3245 5270 3375 5308 vero
3411 5265 3492 5308 est

1927 5348 2163 5417 desuper
2189 5365 2256 5403 ex
2284 5350 2393 5401 Deo
2424 5348 2703 5417 generatio
2728 5365 2740 5400 :
2773 5347 2977 5414 absque
3003 5346 3105 5399 hac
3126 5345 3273 5399 enim
3308 5345 3492 5397 vivere

1930 5440 2187 5502 animam,
2227 5439 2584 5507 impossibile,
2613 5446 2671 5490 ut
2700 5437 2875 5505 inquit
2902 5436 3163 5488 Dominus
3190 5451 3203 5485 :
3236 5434 3348 5485 Nisi
3377 5436 3492 5499 quis

1930 5544 2085 5588 natus
2128 5535 2281 5602 fuerit
2313 5550 2339 5585 e
2382 5535 2640 5603 supernis,
2678 5547 2781 5583 non
2826 5531 3013 5599 poterit
3060 5528 3230 5581 videre
3274 5542 3493 5594 regnum

1932 5628 2085 5679 Dei‘.
2142 5627 2209 5681 Ut
2259 5635 2469 5690 contra,
2500 5624 2815 5693 quicunque
2865 5619 3093 5675 Domino
3132 5617 3487 5678 crediderint,
