4282 6364
789 382 895 445 723

2127 388 2446 447 MACARII
2484 388 2804 448 EGYPTII

3944 382 4046 453 ’Μ

787 510 843 555 et
868 498 1191 553 accedentes
1221 497 1561 549 nativitatem
1615 497 1757 551 hanc
1798 501 2081 553 consecuti
2135 500 2364 559 fuerint,
2396 503 2438 557 Λ
2470 500 2478 549 l

2355 539 2364 559 ,
2396 503 2438 557 Λ
2470 500 2682 567 Κυρῖῳ,
2720 500 2813 549 καὶ
2850 496 3275 567 προσερχόμενοι
3309 494 3687 561 καταξιοῦνται
3727 496 3821 563 τῆς
3852 499 4046 560 γεννή-

786 589 1046 660 gaudium
1094 586 1389 641 conciliant
1422 596 1476 639 et
1523 602 1791 640 summam
1850 590 2273 642 exsultationem
2309 589 2363 641 in

784 680 942 733 ccelis
986 678 1327 747 parentibus,
1362 677 1456 745 qui
1499 692 1595 729 eos
1646 691 2026 745 procrearunt.
2073 682 2139 733 Et
2171 696 2364 733 omnes

783 771 960 839 angeli
1007 776 1319 837 sanctaque
1354 768 1586 821 virtutes
1627 768 1881 821 laetantur
1907 770 1974 823 de
2006 770 2206 830 anima,
2243 785 2363 838 quae

784 875 815 914 c
843 860 1047 929 Spiritu
1082 866 1341 927 prognata
1362 868 1417 912 et
1445 858 1685 926 Spiritus
1706 858 1897 912 effecta
1933 868 2042 913 est.
2074 860 2188 913 Hoc
2214 861 2361 913 enim

786 962 987 1014 corpus
1033 946 1337 999 similitudo
1380 952 1465 999 est
1513 947 1737 1011 animae;
1773 948 1953 1001 anima
2008 964 2138 1002 vero
2186 949 2362 1018 imago

786 1038 1026 1107 Spiritus
1051 1037 1284 1090 exsistit.
1320 1036 1387 1089 Et
1416 1036 1879 1104 quemadmodum
1909 1053 2110 1108 corpus
2154 1040 2361 1108 absque

786 1134 967 1186 anima
995 1141 1267 1183 mortuum
1308 1138 1411 1193 est,
1449 1148 1550 1185 nec
1582 1132 1715 1199 quid
1762 1148 2023 1199 peragere
2056 1135 2200 1187 valet
2235 1150 2246 1184 :
2283 1138 2362 1188 sic

785 1224 992 1291 absque
1048 1222 1260 1274 caelesti
1321 1223 1538 1283 anima,
1596 1222 1805 1289 absque
1871 1222 2061 1277 divino
2128 1224 2357 1292 Spiritu,

785 1324 999 1368 mortua
1026 1324 1110 1367 est
1151 1329 1179 1365 a
1216 1329 1382 1381 regno
1430 1314 1633 1373 anima,
1677 1328 1779 1365 nec
1828 1324 2009 1381 potest
2058 1316 2360 1383 quidquam

788 1421 1045 1475 peragere
1088 1420 1302 1465 eorum,
1326 1420 1448 1473 qua:
1494 1405 1560 1457 ad
1609 1405 1779 1459 Deum
1808 1407 2112 1473 pertinent,
2149 1407 2361 1476 absque

789 1497 1017 1567 Spiritu.

864 1589 1022 1657 116
1046 1588 1132 1641 IV.
1169 1586 1641 1651 Quemadmodum
1673 1588 1819 1640 enim
1856 1589 2155 1642 statuarius
2180 1597 2363 1642 atten—

790 1680 869 1733 dit
892 1678 957 1731 ad
998 1677 1193 1730 faciem
1238 1676 1405 1745 regis,
1435 1685 1548 1728 tum
1578 1676 1754 1745 pingit
1796 1693 1918 1739 :ac,
1954 1679 1997 1730 si
2038 1694 2105 1731 ex
2132 1680 2363 1731 adversa

792 1780 949 1841 parte
976 1769 1047 1822 sit
1080 1767 1247 1821 facies
1276 1768 1441 1837 regis,
1463 1768 1754 1821 intendens
1778 1768 1830 1820 in
1863 1769 2041 1835 ipsum
2069 1770 2359 1837 pictorem,

790 1861 949 1916 facile
981 1869 1143 1925 atque
1177 1860 1459 1928 eleganter
1503 1859 1594 1911 ille
1624 1858 1917 1927 imaginem
1944 1860 2010 1912 ad
2046 1861 2231 1913 vivum
2262 1860 2362 1913 de-

790 1950 1007 2019 pingit:
1044 1950 1128 2002 sin
1176 1963 1311 2002 vero
1362 1948 1558 2001 faciem
1604 1958 1839 2013 avertat,
1886 1950 2112 2018 pingere
2148 1952 2361 2019 nequit,

790 2056 857 2094 eo
884 2040 1029 2109 quod
1058 2040 1281 2093 intentis
1311 2040 1485 2093 oculis
1511 2056 1619 2092 non
1655 2040 1973 2093 intuebatur
1998 2042 2313 2110 pingentem
2349 2059 2361 2095 :

790 2134 982 2185 eodem
1021 2147 1239 2200 quoque
1284 2131 1447 2184 modo
1481 2131 1714 2201 insignis
1753 2134 1844 2186 ille
1878 2134 2054 2201 pictor
2086 2134 2363 2198 Christus,

792 2224 1147 2277 credentibus
1178 2223 1252 2288 ei,
1287 2232 1341 2277 et
1370 2224 1490 2279 ﬁxis
1524 2240 1651 2277 eum
1676 2224 1851 2278 oculis
1876 2240 2094 2292 semper
2143 2225 2367 2279 intuen-

794 2316 960 2377 tibus.
997 2313 1284 2368 confestim
1314 2314 1560 2385 depingit
1602 2316 1667 2369 ad
1720 2317 2013 2385 imaginem
2054 2332 2209 2369 suam
2262 2318 2367 2370 ho-

795 2407 998 2459 minem
1049 2407 1348 2469 caelestem,
1391 2422 1459 2459 ex
1506 2407 1625 2475 ipso
1670 2406 1901 2476 Spiritu,
1945 2423 2009 2460 ex
2064 2409 2371 2462 substantia

797 2499 968 2566 ipsius
998 2498 1221 2551 luminis
1250 2498 1456 2561 arcani,
1476 2499 1651 2567 pingit
1670 2498 1959 2567 imaginem
1984 2500 2287 2563 caelestem,
2316 2508 2373 2553 et

797 2590 1025 2655 largitur
1048 2588 1095 2642 ei
1122 2589 1445 2656 praeclarum
1488 2599 1545 2642 et
1588 2589 1791 2642 bonum
1823 2590 1971 2642 illius
1994 2606 2276 2658 sponsum.
2315 2592 2372 2646 Si

798 2682 923 2750 quis
947 2695 1077 2751 ergo
1104 2681 1343 2735 immotis
1368 2682 1682 2735 oeuliseum
1706 2696 1814 2733 non
1834 2697 2050 2750 semper
2069 2684 2371 2748 intueatur,

798 2776 997 2842 Spretis
1035 2774 1312 2837 omnibus,
1342 2790 1683 2843 nequaquam
1715 2776 1905 2845 pinget
1934 2776 2199 2828 Dominus
2238 2775 2374 2828 ima-

800 2867 977 2934 ginem
1010 2868 1129 2935 ejus
1168 2882 1198 2920 e
1239 2881 1338 2919 suo
1368 2866 1537 2933 ipsius
1568 2866 1795 2920 lumine.
1831 2865 2059 2933 Oportet
2098 2880 2228 2933 ergo
2257 2864 2377 2917 lixis

802 2956 977 3010 oculis
1005 2956 1207 3009 intueri
1252 2971 1352 3009 nos
1385 2970 1531 3015 eum,
1569 2955 1817 3017 credere,
1844 2964 1901 3007 et
1941 2955 2169 3023 diligere
2197 2954 2373 3017 illum,

800 3046 980 3100 omnia
1004 3047 1271 3117 projicere
1292 3047 1455 3114 eique
1476 3046 1782 3108 attendere,
1810 3046 2073 3114 utpingat
2094 3045 2179 3098 sui
2208 3044 2379 3113 ipsius

804 3139 1094 3207 imaginem
1128 3138 1409 3191 caelestem
1436 3146 1491 3191 et
1522 3138 1780 3189 immittat
1801 3137 1999 3190 animis
2034 3136 2269 3190 nostris:
2298 3143 2378 3189 at-

806 3246 915 3297 que
954 3230 1032 3282 sic
1081 3244 1180 3282 nos
1232 3238 1508 3297 gestantes
1556 3228 1859 3289 Christum,
1902 3229 2069 3279 vitam
2118 3235 2378 3280 aeternam

803 3335 1208 3389 consequamur
1235 3329 1317 3384 ,et
1342 3320 1471 3374 hinc
1490 3320 1712 3373 certiori
1759 3318 1957 3373 fiducia
1996 3318 2118 3373 fulti
2160 3319 2380 3388 requie-

805 3424 1040 3464 scamus.

878 3596 943 3650 V.
978 3594 1216 3649 Perinde
1248 3610 1311 3648 ac
1334 3604 1551 3649 moneta
1584 3611 1769 3659 aurea,
1796 3594 1902 3649 nisi
1934 3596 2255 3665 impressam
2281 3597 2380 3650 lia-

806 3688 990 3742 buerit
1033 3688 1235 3755 regiam
1274 3687 1589 3756 imaginem,
1628 3704 1736 3740 non
1776 3688 1828 3740 in
1872 3688 2207 3741 commercio
2254 3704 2381 3741 ver-

806 3780 917 3834 sari
948 3786 1151 3847 potest,
1192 3794 1293 3833 nec
1330 3779 1383 3831 in
1416 3778 1563 3847 regis
1596 3778 1883 3831 thesauros
1918 3778 2259 3839 reconditur,
2288 3778 2381 3831 sed

809 3869 1057 3938 rejicitur
1095 3886 1110 3923 :
1150 3870 1231 3922 sic
1262 3884 1481 3937 quoque
1504 3868 1705 3931 anima,
1753 3869 1857 3921 nisi
1899 3869 2157 3922 habuerit
2189 3870 2383 3938 imagi-

810 3976 936 4013 nem
967 3960 1206 4014 caelestis
1251 3958 1492 4028 Spiritus
1519 3960 1573 4012 in
1604 3960 1811 4014 lumine
1843 3976 2065 4023 arcano,
2102 3960 2383 4014 Christum

813 4050 867 4102 in
912 4065 970 4102 se
1021 4049 1373 4119 insculptum,
1404 4066 1511 4102 non
1551 4059 1634 4103 est
1667 4050 1956 4103 commoda
2008 4050 2075 4102 ad
2116 4065 2385 4118 supernos

817 4138 1123 4201 thesauros,
1150 4149 1205 4191 ct
1244 4153 1272 4190 a
1305 4139 1711 4192 mercatoribus
1738 4139 1914 4207 regni,
1950 4139 2229 4206 praeclaris
2258 4155 2387 4206 apo-

815 4228 989 4289 stolis,
1017 4227 1314 4295 respuitur.
1361 4228 1464 4292 Qui
1516 4229 1665 4282 enim
1721 4230 1984 4281 invitatus
2028 4229 2225 4290 fuerat,
2276 4245 2384 4281 non

816 4326 1115 4370 exornatus
1148 4327 1298 4371 veste
1345 4318 1600 4386 nuptiali,
1632 4328 1892 4386 tanquam
1944 4318 2154 4373 alienus
2180 4319 2387 4386 ejectus

817 4416 900 4460 est
932 4407 984 4459 in
1019 4411 1323 4460 exteriores
1372 4408 1649 4471 tenebras,
1700 4424 1767 4461 eo
1802 4409 1947 4476 quod
1994 4425 2103 4461 non
2146 4418 2385 4478 gestaret

2470 606 2605 649 σεως
2648 588 2871 655 ταύτης,
2904 587 3079 655 χαράν
3124 586 3409 655 ἐμποιοῦσι
3458 588 3555 639 καὶ⁵
3595 586 3837 654 μεγάλην
3886 586 4051 650 άγα).⁴

2466 678 2642 730 λίασιν
2686 679 2743 728 ἐν
2782 679 3030 746 οὐρανοῖς
3072 679 3185 739 τοῖς
3230 680 3522 744 γεννήσασι
3568 675 3807 741 γονεῦσι·
3848 676 4050 736 πάντες

2464 786 2523 821 τε
2575 768 2817 835 ἄγγελοι,
2870 768 2963 819 καὶ
3004 768 3263 834 δυνάμεις
3319 768 3470 832 ἆγιαι
3512 767 3761 834 χαίρουσι
3806 769 3872 834 τῇ
3906 766 4050 833 ψυχῇ

2463 863 2529 929 τῇ
2561 863 2625 913 ἐκ
2670 861 2983 927 Πνεύματος
3012 859 3355 927 γεννηθείσῃ,
3380 860 3474 910 καὶ
3513 858 3783 927 γενομένῃ
3810 857 4048 925 πνεῦμα.

2465 952 2636 1005 Τοῦτο
2661 950 2769 1020 γὰρ
2805 951 2867 1002 τὸ
2898 950 3056 1017 σῶμα
3094 950 3345 1019 ὁμοίωμα
3372 950 3631 1017 τυγχάνει
3655 950 3752 1017 τῆς
3785 950 3989 1016 ψυχῆς,
4022 952 4050 1017 ἡ

2464 1044 2520 1097 δὲ
2553 1043 2698 1112 ψυχὴ
2736 1041 2899 1095 εἰκὼν
2937 1042 3031 1093 τοῦ
3088 1041 3405 1109 Πνεύματος
3438 1043 3694 1109 ὑπάρχει·
3732 1041 3825 1091 καὶ
3859 1041 4049 1107 ὥσπερ

2465 1136 2527 1187 τὸ
2560 1135 2719 1203 σῶμα
2755 1135 2924 1202 χωρὶς
2954 1133 3055 1201 τῆς
3081 1133 3261 1201 ψυχῆς
3293 1134 3485 1201 νεκρόν
3527 1135 3663 1195 ἐστι,
3704 1132 3868 1201 μηδὲν
3901 1132 4054 1183 δυνάσ

2476 1243 2638 1294 μενον
2672 1223 3095 1292 διαπράξασθαι,
3145 1223 3315 1284 οὕτως
3372 1224 3499 1276 ἄνευ
3559 1223 3659 1290 τῆς
3722 1222 4051 1290 ἐπουρανίου

2463 1316 2660 1384 ψυχῆς,
2684 1318 2850 1384 χωρὶς
2873 1314 2967 1365 τοῦ
3003 1312 3184 1364 θεῐκοῦ
3220 1313 3558 1380 Πνεὺματος,
3586 1312 3754 1381 νεκρά
3787 1313 4051 1378 τυγχάνει

2464 1406 2576 1459 ἀπὸ
2600 1406 2700 1474 τῆς
2734 1405 3008 1473 βασιλείας
3038 1406 3069 1473 ὴ
3101 1404 3268 1472 ψυχὴ,
3306 1404 3467 1472 μηδὲν
3501 1404 3771 1473 δυναμένη
3814 1404 4051 1472 διαπρά-

2468 1500 2658 1562 ξασθαι
2688 1500 2797 1551 τῶν
2830 1498 2923 1551 τοῦ
2954 1499 3111 1561 Θεοῦ,
3144 1500 3268 1551 ἄνευ
3293 1498 3388 1550 τοῦ
3427 1500 3765 1567 Πνευματος.

2536 1594 2609 1642 Δ’.
2640 1592 2661 1610 ⁹
2679 1592 2862 1657 Ωσπερ
2890 1589 2998 1658 γάρ
3022 1589 3049 1639 ό
3074 1590 3460 1657 εἰκονογράφος
3487 1589 3745 1655 προσέχει
3776 1587 3855 1656 τῷ
3889 1603 4055 1654 προσ-

2465 1681 2600 1749 ώπῳ
2632 1680 2725 1732 τοῦ
2752 1680 3033 1749 βασιλέως,
3065 1680 3159 1730 καὶ⁴
3182 1684 3403 1747 γράφει·
3427 1678 3521 1730 καὶ
3554 1678 3689 1729 ἐπὰν
3718 1678 3775 1741 ἐξ
3803 1680 4052 1748 ἐναντίας

2464 1768 2498 1843 ᾖ
2548 1772 2609 1823 τὸ
2662 1773 2951 1840 πρόσωπον
2992 1770 3084 1822 τοῦ
3141 1771 3401 1839 βασιλέως
3436 1772 3699 1839 προσέχον
3742 1770 3895 1838 αὐτῷ
3956 1778 4053 1843 ραι

2468 1882 2645 1933 φοντι,
2680 1864 2917 1925 εὐκόλως
2948 1865 3042 1915 καὶ
3082 1864 3260 1923 καλῶς
3296 1864 3499 1924 ἐκεῖνος
3532 1864 3815 1933 ζωγραφεῖ
3843 1863 3944 1919 τὴν
3979 1863 4050 1912 εἰ-

2470 1956 2602 2007 κόνα
2627 1972 2641 1985 ·
2676 1956 2815 2009 ἐπάν
2864 1954 2919 2006 δέ
2950 1955 3268 2026 ἀποστρέψῃ
3290 1954 3350 2004 τὸ
3388 1955 3703 2021 πρόσωπον,
3735 1955 3797 2005 οὑ
3832 1953 4054 2003 δύναται

2469 2047 2698 2116 γράψαι,
2761 2046 2851 2097 διὰ
2895 2047 2957 2099 τὸ
3000 2045 3075 2115 μὴ
3134 2046 3401 2106 άτενίζειν
3457 2042 3605 2111 αὑτῷ
3644 2044 3722 2111 τῷ
3764 2045 4050 2111 γράφοντι·

2468 2138 2563 2188 τὸν
2602 2136 2763 2189 αὑτὸν
2791 2137 2992 2206 τρόπον
3034 2136 3126 2187 καὶ
3156 2138 3183 2187 ὁ
3240 2134 3405 2195 καλὸς
3458 2132 3747 2200 ζωγράφος
3794 2133 4050 2200 Χριστὸς.

2470 2232 2583 2292 τοῖς
2616 2228 2962 2281 πιστεύουσιν
3014 2227 3161 2295 αὐτῷ
3198 2227 3289 2278 καὶ
3339 2226 3678 2289 ἁτενίζουσιν
3724 2225 3812 2277 διὰ
3855 2224 4055 2284 παντὶς

2472 2321 2611 2391 πρὸς
2658 2320 2842 2383 αὑτὸν,
2882 2318 3083 2380 εὑθέως
3123 2318 3406 2388 ζωγραφεῖ
3436 2319 3576 2370 κατά
3614 2317 3710 2386 τὴν
3741 2318 3932 2368 εἰκόνα
3969 2317 4058 2367 αὖ-

2471 2411 2567 2464 τοῦ
2599 2410 2922 2479 ἐπουράνιον
2952 2408 3261 2477 ἄνθρωπον,
3301 2411 3366 2459 ἐκ
3394 2408 3485 2460 τοῦ
3517 2408 3679 2461 αὑτοῦ
3714 2408 4055 2475 Πνεῦματοε.

2474 2505 2540 2555 ἐκ
2572 2503 2669 2572 τῆς
2705 2503 3056 2562 ὑποστάσεως
3102 2498 3265 2553 αὑτοῦ
3299 2498 3393 2551 τοῦ
3422 2499 3597 2567 φωτὸς
3638 2498 3730 2551 τοῦ
3765 2499 4061 2563 ἀνεκλαλή-

2474 2612 2591 2657 του,
2623 2594 2822 2665 γράφει
2868 2592 3050 2644 εἰκόνα
3094 2590 3367 2658 οὐράνιον,
3414 2592 3508 2642 καὶ
3556 2590 3769 2641 δίδωσιν
3804 2592 3946 2657 αὖτῇ
3979 2588 4062 2639 τὸν

2477 2687 2642 2739 καλὸν
2689 2686 2783 2737 καὶ
2822 2683 3025 2751 ἀγαθὸν
3073 2682 3243 2750 αὑτῆς
3285 2682 3539 2750 νυμφίον.
3600 2681 3664 2732 Εἴ
3690 2698 3771 2742 τις
3829 2680 3925 2731 οὖν
3970 2680 4064 2730 οὑκ

2478 2778 2713 2841 ἀτενίζει
2756 2778 2845 2829 διὰ
2878 2775 3080 2836 παντδς
3120 2775 3255 2840 πρὸς
3287 2774 3447 2824 αὑτὸν
3482 2772 3590 2824 τῶν
3624 2773 3841 2823 πάντων
3896 2772 4063 2837 ὑπερ-

2482 2870 2606 2921 ιδὼν
2632 2910 2646 2930 ,
2671 2869 2731 2919 οὑ
2770 2868 2843 2935 μὴ
2879 2865 3104 2935 γράψῃό
3125 2863 3327 2931 Κύριος
3353 2862 3515 2913 αὑτοῦ
3550 2862 3644 2929 τὴν
3679 2862 3863 2912 εἰκόνα
3887 2862 3951 2911 ἐκ
3978 2858 4065 2910 τοῦ

2481 2958 2676 3012 ἐαυτοῦ
2714 2958 2910 3025 φωτός.
2945 2956 3065 3025 Χρὴ
3098 2954 3279 3006 τοίνυν
3313 2954 3580 3016 ἀτενίζειν
3606 2954 3753 3021 ἡμᾶς
3794 2953 3875 3012 εἰς
3910 2951 4066 3003 αὑτὸν

2482 3051 2853 3109 πιστεύοντας,
2896 3049 2991 3099 καὶ
3045 3046 3372 3113 ἀγαπῶντας
3418 3046 3579 3096 αὑτὸν
3605 3086 3619 3105 ,
3652 3044 3832 3094 πάντα
3877 3044 4067 3110 ῥίζαν-

2402 3150 2446 3211 C
2479 3159 2597 3205 τας,
2632 3140 2725 3193 καὶ
2758 3139 2906 3209 αὑτῷ
2939 3139 3332 3207 προσέχοντας·
3371 3136 3459 3188 ἵνα
3492 3134 3713 3205 γράψας
3742 3133 3840 3202 τὴν
3876 3132 4066 3185 ἑαυτοῦ

2482 3234 2668 3285 εἰκόνα
2721 3236 2818 3300 τὴν
2860 3230 3204 3298 ἐπουράνιον,
3250 3228 3548 3297 ἀποστείλῃ
3608 3228 3665 3277 ἐν
3707 3229 3828 3287 ταῖς
3869 3226 4067 3292 ψυχαῖς

2483 3324 2658 3394 ἡμῶν·
2710 3325 2801 3375 καὶ
2846 3322 3017 3383 οὓτως
3075 3320 3409 3388 φορέσαντες
3470 3319 3561 3370 τὸν
3629 3317 3863 3387 Χριστὸν
3925 3316 4064 3382 ζωὴν

2484 3416 2703 3468 αἰώνιον
2754 3414 3030 3482 λάϐωμεν,
3068 3412 3165 3463 καὶ
3201 3410 3531 3464 άπεντεῦοεν
3560 3408 4068 3479 πληροφορηθέντες

2483 3505 2838 3573 ἀναπαῶμεν.

2555 3597 2629 3647 Ε’.
2665 3597 2876 3664 Ὥσπερ
2915 3596 2971 3646 τὸ
3002 3595 3241 3664 νόμισμα
3288 3592 3382 3645 τοῦ
3412 3592 3658 3661 χρυσίου,
3696 3591 3789 3641 ἐὰν
3820 3590 3896 3659 μὴ
3932 3589 4064 3658 λάϐῃ

2484 3688 2578 3739 καὶ
2626 3687 2907 3756 ἐντυπωθῇ
2939 3687 3035 3755 τὴν
3090 3684 3373 3755 βασιλικὴν
3411 3684 3627 3747 εἰκόνα,
3664 3681 3785 3733 οὔτε
3834 3686 3915 3743 εἰς
3977 3683 4067 3750 ἐμ-

2486 3780 2681 3848 πορίαν
2745 3778 3064 3847 ἀπέρχεται,
3120 3776 3241 3827 οὔτε
3306 3777 3385 3837 εἰς
3450 3774 3713 3843 βασιλέως
3749 3774 4057 3841 θησαυροὺς

2486 3864 2831 3925 ἀποτίθεται,
2885 3864 3020 3915 ἀλλὰ
3066 3863 3371 3929 ἀπόϐλητον
3431 3862 3710 3929 τυγχάνει·
3772 3860 3949 3922 οὕτως
3982 3862 4066 3911 καὶ

2486 3954 2519 4022 ἡ
2543 3952 2711 4021 ψυχὴ,
2748 3953 2841 4004 ἐὰν
2876 3953 2949 4021 μὴ
2981 3952 3077 4021 ἔχη
3115 3952 3298 4003 εἰκόνα
3321 3951 3412 4003 τοῦ
3450 3950 3772 4019 ἐπουρανίου
3818 3950 4067 4017 Πνεῦμα-

2487 4062 2577 4105 τος
2631 4045 2689 4095 ἐν
2728 4047 2867 4111 φωτὶ
2925 4046 3171 4113 ἀρρήτῳ,
3225 4044 3457 4113 Χριστὸν
3515 4040 3960 4111 ἐντετυπωμένον
4016 4045 4067 4091 ἐν

2489 4135 2648 4202 αὑτῇ,
2687 4134 2747 4185 οὐ
2801 4134 3123 4202 χρησιμεύει
3161 4135 3240 4194 εἰς
3288 4134 3412 4194 τοὺς
3451 4134 3559 4183 ἄνω
3616 4131 3947 4199 Θησαυρους,
3981 4132 4065 4181 καὶ

2490 4224 2594 4275 ὑπὸ
2621 4225 2723 4275 τῶν
2756 4225 3009 4291 ἐμπόρων
3031 4225 3129 4289 τῆς
3155 4223 3429 4291 βασιλείας
3456 4222 3562 4272 τῶν
3598 4220 3779 4272 καλῶν
3838 4219 4069 4271 ἀποστό-

2488 4316 2593 4369 λων
2629 4316 2929 4383 ἀπόϐλητος
2959 4315 3314 4381 γίνεται.Καὶ
3360 4315 3467 4381 γὰρ
3515 4316 3542 4364 ὁ
3572 4312 3818 4380 κληθεὶς,
3857 4310 3955 4362 καὶ
3999 4310 4067 4377 μὴ

2492 4406 2671 4476 φορῶν
2706 4406 2765 4457 τὸ
2790 4405 2991 4473 ἔνδυμα
3035 4405 3125 4455 τοῦ
3152 4405 3353 4472 γάμου.
3388 4403 3462 4463 ὼς
3494 4403 3774 4470 ἀλλότριος
3809 4400 4066 4469 ἐξεϐλήθη

817 4497 1106 4566 imaginem
1133 4498 1433 4551 emlestem.
1462 4498 1578 4551 Hoc
1604 4499 1750 4551 enim
1788 4510 1869 4553 est
1899 4500 2112 4568 signum
2147 4517 2209 4553 ac
2238 4502 2355 4569 sigil
2374 4531 2389 4541 ο
2417 4493 2467 4549 Ι)
2496 4516 2508 4548 ε

2375 4531 2389 4541 ο
2417 4493 2467 4549 Ι)
2496 4501 2572 4559 εἰς
2599 4498 2656 4548 τὸ
2691 4496 2969 4563 ἀλλότριον
3022 4496 3231 4556 σκότος,
3286 4493 3360 4562 μὴ
3396 4492 3575 4562 φορῶν
3604 4492 3701 4560 τὴν
3751 4490 3937 4542 εἰκόνα
3978 4489 4066 4557 τὴν

813 4586 927 4641 lum
961 4588 1175 4640 Domini
1199 4589 1397 4641 animis
1432 4589 1779 4656 impressum,
1834 4590 2074 4658 Spiritus
2118 4593 2381 4644 nimirum

815 4678 1042 4731 luminis
1063 4679 1271 4731 arcani.
1306 4679 1371 4731 Et
1401 4681 1862 4746 quemadmodum
1901 4693 2149 4735 mortuus
2180 4684 2390 4736 inutilis

815 4774 923 4832 est,
960 4784 1061 4822 nec
1097 4770 1321 4823 omnino
1372 4772 1499 4838 quid
1556 4772 1866 4825 commodat
1914 4772 2002 4833 iis,
2051 4773 2143 4842 qui
2179 4775 2267 4827 hic
2306 4776 2391 4827 vi-

817 4866 986 4922 vunt;
1020 4867 1358 4926 quapropter
1388 4870 1675 4927 exportant
1721 4877 1939 4929 quoque
1978 4878 2102 4915 eum
2134 4879 2197 4915 ex
2233 4863 2388 4926 urbe,

817 4957 876 5004 et
924 4949 1074 5003 humi
1132 4949 1455 5018 deponunt:
1492 4952 1571 5005 sic
1600 4969 1819 5021 quoque
1858 4955 2058 5017 anima,
2109 4971 2231 5023 quae.
2280 4970 2391 5007 non

819 5047 995 5109 gestat
1035 5040 1314 5093 cmlestem
1366 5041 1540 5095 divini
1590 5044 1813 5097 luminis
1844 5046 2173 5109 imaginem,
2223 5047 2390 5099 vitam

822 5131 1035 5185 scilicet
1084 5131 1302 5192 animae,
1343 5134 1491 5185 velut
1541 5134 1772 5201 repruba
1815 5151 1878 5188 ac
1912 5136 2071 5203 plane
2126 5138 2393 5205 rejectitia

822 5220 1025 5273 evadit.
1054 5220 1175 5273 Non
1210 5221 1357 5273 enim
1391 5224 1705 5275 commodat
1740 5224 1814 5276 illi
1840 5224 2045 5277 civitati
2078 5238 2393 5279 sanctorum

822 5310 1004 5363 anima
1036 5320 1270 5374 mortua,
1298 5328 1419 5379 quae
1461 5330 1570 5365 non
1617 5316 1758 5383 gerit
1791 5317 2032 5369 lucidum
2061 5332 2123 5369 ac
2148 5318 2392 5372 divinum

824 5401 1109 5469 Spiritum.
1130 5402 1595 5466 Quemadmodum
1627 5406 1770 5459 enim
1801 5408 1853 5460 in
1878 5409 2081 5462 mundo
2122 5411 2233 5463 vita
2270 5425 2395 5462 cor-

827 5492 976 5559 poris
1005 5501 1088 5545 est
1120 5492 1301 5545 anima
1340 5512 1352 5545 :
1382 5495 1459 5547 sic
1495 5510 1713 5563 quoque
1749 5498 1800 5548 in
1846 5507 2056 5552 mterno
2095 5514 2157 5553 ac
2186 5499 2392 5553 caelesti

830 5578 1035 5633 mundo
1070 5580 1266 5634 anima:
1293 5582 1403 5635 vita
1429 5592 1512 5635 est
1538 5583 1777 5653 Spiritus
1801 5586 2039 5641 divinus.

900 5757 987 5813 Vl.
1022 5758 1245 5830 Oportet
1276 5761 1438 5833 igitur
1488 5772 1825 5831 innuentem
1864 5768 2110 5832 credere,
2144 5776 2199 5822 et
2242 5782 2365 5821 accc

2492 4584 2827 4654 ἐπουράνιον.
2861 4582 3030 4633 Τοῦτο
3060 4582 3167 4650 γάρ
3199 4583 3420 4649 σημεῖον
3472 4581 3565 4631 καὶ
3612 4580 3792 4645 σίγνον
3832 4579 4065 4646 ὑπάρχει

2490 4674 2583 4726 τοῦ
2625 4674 2827 4742 Κυρίου
2864 4672 3256 4739 ἐντυπουμενον
3284 4674 3402 4732 ταῖς
3445 4671 3664 4738 ψυχαῖς,
3709 4670 3927 4737 πνεῦμα
3971 4685 4067 4733 gm-

2492 4764 2579 4826 τὸς
2607 4764 2846 4833 ἀρρήτου
2881 4762 3143 4830 ὑπάρχον.
3176 4760 3285 4811 Καὶ
3325 4759 3514 4829 ὥσπερ
3553 4762 3579 4810 ό
3605 4758 3797 4827 νεκρὸς
3830 4760 4067 4825 ἀχρεῖος,

2494 4854 2588 4906 καί
2630 4854 2765 4911 ὅλως
2812 4852 2884 4921 μὴ
2923 4850 3272 4921 χρησιμεύων
3315 4852 3426 4913 τοῖς
3478 4851 3594 4901 ἐκεῖ
3633 4851 3746 4901 ἐστι
3773 4866 3785 4878 ·
3841 4850 3922 4901 διὸ
3984 4849 4070 4899 καὶ

2495 4944 2874 5012 ἐκκομίζουσιν
2896 4944 3057 4993 αὑτὸν
3080 4942 3183 5005 ἔξω
3205 4943 3299 5007 τῆς
3330 4941 3538 5001 πόλεως
3562 4943 3653 4992 καὶ
3670 4940 4067 4991 κατατίθενται·

2496 5037 2665 5096 οὕτως
2694 5034 2787 5086 καὶ
2824 5036 2854 5102 ἠ
2884 5033 3027 5101 ψυχὴ
3054 5035 3085 5101 ἡ
3124 5033 3196 5100 μὴ
3230 5032 3469 5099 φέρουσα
3507 5031 3603 5099 τὴν
3631 5031 3954 5096 ἐπουράνιον
3984 5028 4069 5080 τοῦ

2499 5125 2675 5177 Οεΐκοῦ
2713 5125 2886 5191 φωτὸς
2926 5124 3129 5186 εἰκόνα,
3178 5123 3274 5191 τὴν
3330 5123 3472 5191 ζωὴν
3523 5122 3622 5188 τῆς
3654 5122 3851 5190 ψυχῆς,
3888 5123 4073 5189 ὥσπερ

2497 5218 2749 5285 ἀδόκιμος
2802 5216 2891 5267 καὶ
2930 5216 3105 5285 πάντη
3143 5215 3446 5285 ἀπόϐλητος
3475 5217 3747 5284 τυγχάνει·
3788 5216 3848 5267 οὖ
3884 5233 4072 5285 χρησιο

2500 5309 2653 5377 μεύει
2699 5308 2805 5375 γάρ
2846 5309 2925 5367 εἰς
2955 5306 3168 5375 ἐκείνην
3202 5306 3299 5374 τὴν
3348 5307 3501 5359 πόλιν
3549 5306 3655 5357 τῶν
3703 5307 3875 5373 ἁγίων
3909 5309 4075 5375 νεκρά

2495 5397 2661 5466 ψυχὴ,
2714 5397 2787 5466 μὴ
2828 5400 3067 5465 φέρουσα
3128 5398 3384 5463 φωτεινόν
3432 5399 3524 5450 καί
3579 5400 3757 5449 Οεῖκὺν
3826 5399 4070 5466 Πνεῦμα,

2499 5490 2708 5556 Ὥσπερ
2761 5492 2870 5559 γάρ
2921 5491 2989 5541 ἐν⁸
3020 5489 3211 5558 κόσμῳ
3266 5489 3377 5559 ζωὴ
3429 5489 3521 5541 τοῦ
3566 5490 3815 5558 σώματος
3865 5493 3897 5558 ἠ
3930 5492 4072 5558 ψυχή

2498 5582 2663 5641 ἐστιν,
2686 5578 2860 5640 οὕτως
2888 5579 2980 5631 καὶ
3003 5580 3059 5631 ἐν
3088 5580 3164 5647 τῷ
3191 5581 3393 5648 αἰωνίῳ
3422 5580 3516 5631 καὶ
3546 5581 3854 5650 ἐπουρανίῳ
3888 5584 4073 5650 κόσμῳ

2499 5672 2594 5738 τῆς
2626 5670 2800 5737 ψυχῆς
2830 5672 2861 5736 ἡ
2895 5669 3025 5738 ζωὴ,
3062 5672 3122 5722 τὸ
3160 5671 3378 5738 Πνεῦμα
3404 5672 3501 5739 τῆς
3531 5672 3779 5741 θεότητος
3815 5673 4068 5742 ὑπάρχει.

2572 5760 2782 5832 ς’.Χρὴ
2806 5761 2979 5814 τοίνυν
3006 5762 3091 5814 τὸν
3115 5762 3376 5831 ζητοῦντα
3402 5762 3684 5815 πιστεῦσαι
3717 5764 3806 5815 καὶ
3844 5765 4069 5832 προπλ-
