4282 6364
238 381 346 442 725

1413 377 1783 442 HOMILIE.
1814 404 1883 416 ·-
1905 382 2092 445 ΗΟΜ.
2134 383 2316 444 XXX.

3387 384 3494 451 ’126

240 490 356 540 θεῖν
375 485 454 557 τῷ
484 485 699 556 Κυρίῳ,
719 486 1056 557 παρακαλεῖν
1081 469 1332 540 ἐντεῦθεν
1358 487 1544 541 λαϐεῖν
1568 487 1629 540 τὸ
1645 487 1824 540 θεῖκδν
1852 492 1895 548 Α
1927 514 1931 537 ι

1803 504 1824 539 ν
1852 492 1895 548 Α
1927 489 2059 545 dere
2086 492 2156 546 ad
2199 491 2514 553 Dominum,
2548 490 2840 547 obsecrare
2868 500 2931 545 ut
2958 492 3088 546 hinc
3126 504 3494 564 consequatur

238 580 486 649 Πνεῦμα·
515 579 650 631 αὐτὸ
696 579 803 647 γάρ
828 582 975 632 ιστιν
1021 580 1054 650 ἡ
1088 580 1199 648 ζωὴ
1241 579 1341 648 τῆς
1382 580 1582 650 ψυχῆς,
1614 581 1707 633 καὶ
1732 580 1820 632 διὰ

235 673 398 725 τοῦτο
424 673 718 741 ιποιήσατο
752 670 852 741 τὴν
876 671 1086 725 ἐλευσιν
1110 675 1139 726 6
1170 673 1393 743 Κύριος,
1428 674 1514 727 ῖνα
1548 672 1695 744 ζωὴν
1730 674 1816 726 tv-

235 762 429 815 τεῦθεν
461 762 537 833 δῷ
575 764 644 832 τῇ
700 761 869 832 ψυχῇ,
902 762 963 815 τὸ
1002 762 1223 832 Πνεῦμα
1253 761 1417 815 αὑτοῦ
1442 777 1458 793 ·
1482 762 1639 827 Ἕως
1681 762 1815 831 γὰρ,

234 854 396 923 φησι,
422 852 593 922 ἔχετε
631 854 698 907 τὸ
723 851 871 921 φῶς,
907 854 1220 908 πιστεύετε
1242 855 1333 918 εις
1370 852 1436 906 τὸ
1653 852 1819 922 ἔρχε-

234 960 333 997 ται
382 945 523 1009 νὺξ,
568 946 667 999 ὅτε
714 946 917 1001 οὐκέτι
947 947 1213 1001 δύνασθε
1238 943 1603 1014 ἐργάζεσθαι.
1639 945 1707 997 Et
1737 961 1820 1006 τις

233 1035 419 1089 τοίνυν
446 1037 546 1089 οὐκ
596 1038 861 1108 ἑζήτησεν
903 1036 1153 1091 ἐντεῦθεν
1209 1037 1306 1089 καὶ
1354 1035 1516 1089 ιλαϐε
1576 1035 1721 1106 ζωὴν
1748 1037 1813 1105 τῇ

232 1127 383 1199 ψυχῇ
411 1127 473 1180 τὸ
505 1128 687 1182 θεῖκδν
719 1129 836 1196 φῶς
876 1128 971 1183 τοῦ
1024 1128 1359 1197 Πνεῦματος.
1404 1129 1463 1205 6v
1498 1126 1577 1197 τῷ
1601 1127 1817 1197 εξέρχε-

235 1217 364 1271 σθαι
418 1219 513 1271 τοῦ
570 1219 842 1289 σώματος,
890 1222 949 1274 ὲν
997 1223 1110 1284 τοῖς
1167 1221 1475 1291 ἀριστεροῖς
1503 1220 1689 1281 τόποις
1716 1218 1811 1271 τοῦ

234 1309 463 1371 σκάτους
493 1309 593 1379 ἤδη
636 1309 953 1380 ἀφορίζεται
977 1349 993 1373 ,
1034 1311 1115 1375 εἰς
1151 1310 1427 1381 βασιλείαν
1454 1309 1701 1379 οὐρανῶν
1737 1310 1810 1379 μὴ

235 1398 641 1468 εἰσερχόμενος,
691 1402 749 1452 εν
800 1401 992 1472 γεέννῃ
1031 1400 1092 1454 τὺ
1145 1400 1298 1462 τέλος
1349 1400 1500 1469 ιχων
1533 1399 1672 1470 μετὰ
1714 1397 1810 1451 τοῦ

234 1487 481 1541 διαϐόλου
511 1489 607 1542 καὶ
640 1488 748 1542 τῶν
773 1489 1019 1557 ἀγγέλων
1050 1489 1233 1543 αὑτοῦ.
1265 1490 1334 1542 Ἦ
1369 1490 1557 1558 ὥσπερ
1589 1488 1810 1559 χρυσίον

234 1582 268 1651 ἢ
309 1580 598 1652 ἀργύριον,
649 1581 786 1633 ιπὰν
838 1579 1085 1652 metm
1117 1581 1195 1650 τῷ
1228 1581 1381 1652 πυρὶ,
1426 1580 1809 1651 καθαρώτερον

232 1676 327 1726 καὶ
365 1672 735 1744 δοκιμώτερον
762 1673 990 1740 γίνεται,
1028 1673 1122 1726 καὶ
1152 1665 1306 1726 οὐδὲν
1330 1672 1552 1725 δύναται
1582 1671 1810 1724 ἀλλοιῶ-

232 1781 323 1819 σαι
354 1765 509 1832 αὐτὸ,
539 1760 650 1818 οἷον
692 1764 841 1829 ξύλα,
869 1765 901 1835 ἢ
934 1766 1124 1835 χόρτος
1154 1783 1166 1796 ο
1196 1765 1374 1817 πάντα
1412 1766 1518 1835 γὰρ
1546 1764 1714 1817 ἐσθίει
1739 1765 1805 1817 τά

1922 578 2188 647 Spiritum
2239 582 2526 637 divinum:
2560 583 2675 652 ipse
2706 584 2853 638 enim
2885 591 2971 637 est
2999 582 3110 637 vita
3167 584 3363 639 anima:
3385 623 3402 645 .
3440 594 3497 639 et

1918 681 2212 741 propterea
2267 674 2491 729 advenit
2535 676 2821 739 Dominus,
2850 682 2911 729 ut
2953 674 3085 728 hinc
3133 675 3302 728 vitam
3336 676 3498 746 largi-

1920 772 2073 815 retur
2097 764 2315 829 animte,
2360 764 2627 834 Spiritum
2674 781 2870 836 nempe
2894 780 3055 819 suum
3092 782 3106 817 :
3146 766 3285 819 Dum
3330 768 3491 833 enim,

1919 852 2121 920 inquit,
2154 852 2324 907 lucem
2350 857 2574 919 habetis,
2620 856 2814 909 credite
2850 858 2905 909 in
2941 856 3107 909 lucem
3132 872 3152 909 :
3181 857 3323 909 venit
3365 873 3491 921 nor,

1916 945 2132 1009 quando
2164 961 2317 999 nemo
2338 955 2505 1016 potest
2526 948 2741 1017 operari
2757 949 2798 1001 '.
2833 947 2890 1001 Si
2910 948 3035 1015 quis
3054 962 3188 1017 ergo
3210 962 3321 1000 non
3343 963 3493 1016 qua:-

1916 1033 2074 1087 sierit
2106 1035 2258 1102 hinc,
2301 1046 2357 1091 et
2398 1047 2730 1094 consecutus
2768 1038 2939 1093 fuerit
2964 1038 3132 1092 vitam
3159 1039 3377 1102 animm,
3406 1038 3492 1093 di—

1914 1124 2103 1178 vinum
2131 1126 2316 1181 lumen
2352 1127 2615 1197 Spiritus,
2644 1130 2733 1184 ille
2759 1129 2853 1184 ubi
2890 1129 3146 1199 migrabit
3171 1145 3202 1184 e
3229 1145 3485 1195 corpore,

1915 1217 1972 1271 in
2024 1218 2247 1272 sinistra
2294 1218 2414 1273 loca
2475 1222 2829 1274 tenebrarum
2880 1222 2991 1290 jam
3040 1229 3380 1290 segregatur,
3432 1221 3487 1274 in

1917 1317 2153 1372 regnum
2211 1306 2476 1359 caelorum
2540 1321 2650 1359 non
2700 1308 3038 1376 ingrediens,
3069 1318 3281 1362 mactus
3324 1307 3487 1361 ﬁnem

1914 1394 1968 1447 in
2009 1394 2260 1463 gebenna
2293 1411 2419 1449 cum
2444 1396 2664 1451 diabolo
2689 1408 2744 1452 et
2777 1400 2985 1469 angelis
3005 1400 3143 1469 ejus.
3162 1400 3269 1454 Aut
3294 1415 3489 1469 quem-

1911 1484 2206 1539 admodum
2228 1501 2424 1539 aurum
2459 1488 2541 1541 vel
2561 1497 2869 1557 argentum,
2884 1490 3194 1558 conjectum
3212 1490 3263 1543 in
3282 1490 3487 1559 ignem,

1912 1578 2106 1647 purius
2149 1587 2204 1631 et
2246 1580 2534 1646 probatius
2591 1580 2847 1645 eﬂicitur,
2895 1596 3000 1635 nec
3052 1582 3349 1651 quidquam
3392 1598 3485 1651 po-

1912 1675 2018 1720 test
2064 1667 2197 1721 illud
2249 1678 2483 1731 mutare,
2519 1683 2714 1737 nempe
2764 1671 2848 1723 vel
2880 1671 3087 1737 lignum
3131 1670 3216 1723 vel
3276 1670 3485 1723 herba:

1910 1760 2093 1814 omnia
2124 1762 2270 1814 enim
2306 1761 2412 1814 sibi
2450 1762 2662 1831 adjecta
2695 1763 2991 1823 consumit,
3028 1777 3149 1830 quas
3178 1763 3400 1830 quidem
3434 1763 3488 1816 in

229 1859 650 1927 προσερχόμενα
680 1856 851 1927 αὐτῷ,
883 1856 997 1927 πῦρ
1035 1858 1145 1927 γάρ
1169 1855 1470 1925 γίγνονταιο
1504 1854 1677 1918 οὕτως
1711 1854 1804 1907 καὶ
1835 1845 1877 1900 Β
1908 1852 1920 1905 i

1797 1845 1877 1906 :B
1908 1852 2086 1921 ignem
2139 1853 2381 1907 evadunt
2423 1871 2436 1906 :
2469 1855 2549 1909 sic
2612 1870 2831 1923 quoque
2873 1854 3057 1907 anima
3106 1854 3161 1907 in
3198 1854 3321 1924 igne
3362 1855 3488 1923 Spi-

228 1950 263 2018 ή
297 1948 445 2017 ψυχὴ
484 1950 543 1999 ἐν
568 1947 647 2018 τῷ
684 1948 819 2019 πυρὶ
853 1948 947 2000 τοῦ
1012 1947 1332 2016 Πνεύματος
1363 1945 1808 2015 ἀναστρεφομένη

228 2042 324 2092 καὶ
372 2040 450 2109 τῷ
480 2038 644 2109 θεῖκῷ
680 2039 838 2108 φωτὶ,
891 2040 980 2091 ὑπ’
1018 2038 1230 2101 οὐδενός
1267 2055 1320 2090 τι
1358 2038 1526 2091 κακὸν
1565 2038 1810 2090 πείσεται

226 2130 337 2183 τῶν
374 2131 631 2201 πονηρῶν
665 2132 1011 2200 πνευμάτων.
1046 2132 1109 2182 Εἰ
1145 2129 1205 2181 δὲ
1246 2128 1339 2181 καὶ
1380 2128 1728 2198 προσεγγίσει
1759 2144 1810 2179 τι

226 2224 387 2293 αὐτῇ,
422 2224 771 2276 ἀναλίσκεται
810 2223 914 2275 ὑπὸ
964 2221 1058 2275 τοῦ
1115 2220 1438 2291 ἐπουρανίου
1490 2220 1661 2289 πυρὸς
1713 2218 1807 2272 τοῦ

228 2316 568 2385 Πνεῦματος.
608 2317 679 2368 ’Ἡ
723 2315 912 2384 ὥσπερ
951 2315 1217 2375 πετεινόν,
1256 2312 1396 2365 ἐπὰν
1436 2315 1494 2366 ὲν
1536 2312 1661 2380 ὕψει
1710 2328 1809 2364 πε-

224 2407 419 2478 τασθῇ.
452 2408 755 2477 άμέριμνόν
800 2408 967 2471 ἐστιν,
1005 2406 1079 2468 ὡς
1114 2406 1279 2476 μηδὲν
1320 2404 1574 2469 δεδοικδς,
1609 2404 1806 2473 θηρευ-

224 2501 347 2561 τὰς,
384 2500 417 2567 ἢ
453 2498 619 2568 θηρία
663 2498 895 2570 πονηρά⁹
953 2498 1064 2551 ἄνω
1120 2498 1227 2567 γάρ
1279 2512 1380 2548 που
1428 2495 1488 2548 ὃν
1531 2495 1808 2563 καταγελᾷ

224 2593 469 2645 πάντων
496 2591 639 2644 οῦτω
676 2593 769 2644 καὶ
816 2589 963 2661 ψυχὴ
994 2588 1234 2643 λαϐοῦσα
1271 2589 1371 2651 τὰς
1402 2588 1679 2657 πτέρυγας
1712 2586 1805 2639 τοῦ

224 2682 565 2753 Πνεῦμα-τος,
608 2685 703 2736 καὶ
751 2686 831 2745 είς
871 2683 939 2735 τὰ.
994 2682 1172 2751 ὑψηλὰ
1221 2681 1315 2734 τοῦ
1366 2678 1597 2749 οὐρανοῦ
1649 2696 1807 2732 πετο-

227 2777 387 2846 μένη,
422 2777 640 2829 πάντων
688 2776 935 2843 ἀνωτέρα
965 2774 1119 2837 οὖσα,
1150 2775 1367 2826 πάντων
1399 2772 1696 2840 καταγελᾷ.

295 2867 373 2921 Z'.
412 2866 522 2919 Καὶ
566 2868 593 2916 6
626 2866 725 2933 μὲν
756 2867 892 2920 κατὰ
927 2866 1103 2935 σάρκα
1146 2863 1383 2934 Ἰσραὴλ,
1427 2863 1547 2915 τότε
1582 2862 1803 2929 σχίσαν-

221 2974 314 3017 to;
346 2958 587 3018 Μωσέως
608 2956 705 3025 τὴν
739 2957 1033 3019 θάλασσαν,
1058 2955 1340 3023 διήρχοντο
1367 2954 1537 3007 κάτω·
1570 2948 1716 3005 οὗτοι
1747 2951 1803 3003 δὲ

221 3049 389 3100 τέκνα
432 3046 569 3099 Θεοῦ
602 3046 752 3107 ὄντες
781 3046 964 3097 ἐπάνω
993 3045 1386 3116 περιπατοῦσιν
1424 3045 1518 3095 ἐπὶ
1563 3042 1661 3113 τὴν
1706 3042 1804 3095 οά-

225 3141 435 3193 λασσαν
481 3138 581 3207 τῆς
636 3138 860 3203 πικρίας
909 3135 1019 3189 τῶν
1070 3136 1322 3205 πονηρῶν
1371 3136 1672 3205 δυνάμεων.
1706 3133 1803 3191 ἰΤὸ

223 3233 389 3299 σῶμα
420 3230 530 3301 γὰρ
562 3230 657 3283 καὶ
686 3232 719 3298 ἡ
750 3229 897 3298 ψυχὴ
928 3227 1109 3280 αὐτῶν
1143 3225 1289 3289 οἶκος
1327 3226 1463 3279 Θεοῦ
1495 3227 1799 3293 γεγόνασιν·

222 3326 283 3375 ὲν
316 3323 501 3393 ἐκείνῃ
547 3324 613 3391 τῇ
661 3321 866 3391 ἡμέρᾳ,
900 3321 1005 3373 ὅτει
1037 3320 1232 3373 ἔπεσεν
1260 3322 1287 3372 6
1331 3318 1522 3388 ’Δδάμ.
1567 3315 1729 3388 ἦλθεν
1777 3318 1805 3369 6

220 3415 357 3477 Θεὸς
389 3413 705 3485 περιπατῶν
746 3416 804 3465 ἐν
840 3412 919 3484 τῷ
954 3413 1289 3482 παραδείσῳ,
1321 3412 1604 3474 ἔκλαυσεν,
1633 3412 1706 3471 ὡς
1731 3412 1806 3463 εί-

222 3508 369 3564 πεῖν,
403 3504 525 3555 ἰδὼν
548 3504 638 3555 τὸν
683 3502 877 3571 Ἀδάμ,
912 3501 1009 3553 καὶ
1038 3502 1278 3570 εῖρηκενσ
1321 3500 1423 3553 Ἕκ
1446 3500 1630 3552 ποίων
1660 3500 1807 3565 ἁγα-

222 3595 347 3651 οῶν
381 3596 522 3651 ποῖα
579 3597 835 3664 ᾐρετίσω
864 3594 1019 3649 κακά
1059 3595 1079 3647 .'
1100 3594 1168 3647 ἐκ
1201 3594 1374 3659 ποίας
1413 3592 1598 3657 δόξης
1626 3594 1805 3645 ποίαν

221 3688 528 3753 αἰσχύνην
559 3686 787 3754 φορεῖςί
814 3686 872 3737 τί
904 3684 1216 3748 σκοτεινὸς
1243 3684 1300 3736 εἷ
1318 3684 1435 3736 νῦν
1448 3685 1469 3736 !
1512 3686 1568 3735 τί
1602 3683 1803 3735 δυσει-

221 3778 381 3846 (Mc!
446 3778 503 3831 τί
550 3778 782 3844 σαπρός
814 3777 923 3830 ,νὲκ
959 3778 1134 3829 ποίου
1173 3774 1365 3844 φωτός
1407 3770 1538 3827 οἷον
1584 3776 1803 3838 σκότος

220 3868 499 3937 ἐκάλυψέ
541 3884 611 3921 σε
650 3870 669 3921 !
700 3872 794 3921 καὶ
839 3868 1093 3927 πεσόντος
1122 3867 1216 3919 τοῦ
1256 3867 1424 3933 ’Δδάμ
1456 3866 1548 3916 καὶ
1592 3864 1801 3914 ἀποθα-

222 3960 407 4020 νόντος
455 3959 563 4011 ἀπὺ
615 3958 709 4011 τοῦ
748 3957 907 4021 Θεοῦ,
950 3958 1211 4009 ἔκλαυσεν
1259 3954 1421 4007 αὑτὸν
1458 3949 1501 4006 6⁵
1540 3954 1798 4021 Ποιητὴς,

220 4050 466 4116 ἄγγελοι,
496 4049 666 4101 πᾶσαι
707 4048 764 4100 αἱ
793 4047 1073 4116 δυνάμεις,
1106 4044 1347 4115 οὐρανοὶ,
1382 4043 1477 4112 γῆ,
1500 4044 1593 4093 καὶ⁵
1624 4044 1800 4095 πάντα

220 4143 291 4195 τὰ
318 4142 592 4210 κτίσματα
615 4140 919 4210 ἐπένθησαν
947 4140 1038 4192 ἐπὶ
1062 4138 1140 4208 τῷ
1172 4137 1386 4206 θανάτῳ
1437 4138 1530 4187 καὶ
1559 4138 1623 4203 τῇ
1658 4133 1801 4185 πτώ-

222 4249 305 4285 σει
340 4232 528 4285 αὐτοῦ·
568 4232 661 4284 τὸν
688 4233 798 4301 γάρ
835 4231 1055 4283 δοθέντα
1112 4230 1295 4290 αὐτοῖς
1350 4227 1573 4297 βασιλέα
1615 4225 1799 4277 δοῦλον

219 4322 361 4377 εἶδον
420 4325 679 4391 γεγονότα
743 4322 992 4384 ἐναντίας
1053 4320 1147 4374 καὶ
1204 4320 1448 4388 πονηρᾶς
1494 4318 1793 4386 δυνάμεως.

216 4412 418 4473 Σκότος
460 4412 639 4465 τοίνυν
672 4411 958 4463 ἐνεδύσατο
990 4411 1049 4462 ὲν
1086 4411 1151 4479 τῇ
1184 4409 1378 4461 ἑαυτοῦ
1406 4407 1575 4477 ψυχῇ,
1611 4408 1797 4467 σκότος

1914 1943 2074 2004 ritus,
2107 1953 2165 1997 et
2196 1943 2250 1996 in
2289 1944 2496 1998 lumine
2524 1944 2713 1997 divino
2739 1960 3093 2007 conversans,
3123 1945 3261 1997 nihil
3301 1961 3330 1998 a
3353 1960 3492 2013 quo-

1911 2049 2075 2102 quam
2125 2050 2419 2101 pravorum
2460 2034 2754 2103 spirituum
2779 2035 2984 2103 patitur
3016 2051 3030 2091 :
3057 2043 3112 2088 et
3145 2035 3273 2089 licet
3293 2050 3490 2104 appro—

1910 2126 2142 2193 pinquet
2179 2125 2461 2193 quidpiam
2487 2126 2584 2187 illi,
2611 2126 2953 2179 consumitur
2984 2126 3036 2179 id
3063 2142 3093 2179 a
3130 2127 3336 2180 caelesti
3367 2128 3490 2196 igne

1911 2217 2167 2286 Spiritus.
2190 2219 2300 2271 Aut
2333 2219 2503 2273 veluti
2534 2219 2797 2284 volucris,
2834 2219 2879 2273 si
2923 2219 2979 2273 in
3012 2220 3183 2273 altum
3229 2220 3486 2282 evolarit,

1908 2326 2102 2365 secura
2130 2320 2236 2373 est,
2260 2313 2410 2365 velut
2432 2312 2568 2365 nihil
2598 2322 2852 2367 metuens
2888 2326 3149 2382 aucupes,
3174 2321 3270 2366 aut
3299 2313 3492 2369 noxias

1909 2400 2146 2466 bestias;
2174 2403 2444 2471 siquidem
2488 2418 2655 2472 supra
2691 2404 2821 2457 dum
2872 2413 2977 2467 est,
3006 2404 3222 2457 deridet
3258 2420 3486 2460 omnes:

1908 2494 1988 2547 sic
2015 2509 2234 2562 quoque
2262 2496 2461 2557 anima,
2491 2496 2732 2563 acceptis
2783 2496 2885 2549 alis
2928 2495 3188 2564 Spiritus,
3222 2496 3277 2550 in
3319 2495 3491 2549 subli-

1909 2600 2026 2638 mes
2060 2585 2214 2653 117
2246 2587 2370 2639 caeli
2403 2587 2653 2655 regiones
2688 2587 2933 2651 evolans,
2959 2602 3084 2641 eum
3126 2587 3198 2641 sit
3230 2587 3489 2642 omnibus

1907 2676 2223 2741 sublimior,
2260 2677 2443 2731 omnia
2475 2679 2605 2732 risui
2633 2678 2818 2733 habet.

1978 2852 2090 2906 Vll.
2119 2853 2188 2907 Et
2235 2854 2459 2922 quidem
2508 2856 2746 2924 populus
2796 2856 2965 2910 Israel
3017 2856 3320 2911 secundum
3365 2872 3486 2911 car-

1909 2956 2061 3004 nem,
2082 2958 2205 2995 cum
2230 2953 2359 2998 tunc
2378 2944 2651 2999 divideret
2682 2944 2859 2999 Moses
2884 2962 3057 3011 mare,
3082 2947 3340 3001 deorsum
3372 2959 3481 3002 tra-

1902 3032 2162 3100 jecitzbi
2210 3049 2362 3097 vero,
2390 3051 2514 3089 cum
2563 3038 2675 3090 sint
2724 3038 2820 3090 lilii
2870 3039 2989 3101 Dei,
3032 3054 3253 3092 sursum
3298 3039 3486 3095 deam-

1907 3122 2100 3177 bulant
2128 3140 2294 3193 super
2323 3142 2471 3180 mare
2505 3127 2922 3181 acerbissimum
2956 3143 3345 3197 perversarum
3384 3145 3485 3199 po-

1858 3214 1869 3229 ‘
1908 3222 2186 3269 testatum.
2214 3215 2426 3284 Corpus
2448 3219 2595 3270 enim
2644 3228 2702 3271 et
2769 3220 2951 3272 anima
3028 3220 3247 3274 illorum
3290 3221 3486 3276 domus

1906 3305 2002 3359 Dei
2025 3305 2165 3360 facta
2183 3317 2333 3362 sunt.
2353 3308 2449 3361 Die
2465 3309 2576 3371 illa,
2592 3325 2697 3378 qua
2720 3310 2906 3378 lapsus
2932 3319 3016 3365 est
3044 3311 3236 3376 Adam,
3253 3314 3489 3367 accessit

1907 3392 2077 3456 Deus,
2108 3395 2398 3449 ambulans
2420 3397 2473 3449 in
2510 3398 2783 3465 paradiso,
2822 3398 3151 3451 lamentatus
3175 3410 3281 3463 est,
3316 3408 3377 3453 ut
3409 3400 3485 3455 ita

1908 3484 2110 3549 dicam,
2154 3496 2450 3555 conspecto
2498 3487 2637 3551 Ada,
2685 3504 2750 3542 ac
2806 3488 2992 3543 dixit:
3036 3488 3235 3553 Quibus
3264 3507 3291 3543 e
3339 3492 3486 3545 bouis

1904 3575 2087 3643 qualia
2126 3578 2364 3630 excitaui
2400 3578 2593 3630 mala.’
2620 3578 2668 3631 E
2700 3595 2804 3648 qua
2841 3581 3015 3649 gloria
3058 3580 3218 3648 quale
3261 3581 3484 3635 dedecus

1902 3669 2041 3735 geris
2068 3668 2092 3719 ?
2124 3669 2230 3719 Cur
2271 3669 2577 3722 tenebrosus
2604 3686 2657 3721 es
2695 3672 2849 3723 modo
2869 3671 2894 3723 7
2931 3688 3025 3723 cur
3054 3671 3301 3739 deformis
3326 3675 3352 3726 1'
3387 3688 3483 3726 cur

1902 3759 2146 3826 putridus
2166 3760 2353 3828 ?quali
2383 3777 2445 3812 ea:
2476 3760 2672 3813 lumine
2704 3762 2835 3815 tales
2866 3765 3087 3817 tenebrat
3114 3764 3483 3817 obvelaoerunt

1903 3852 2001 3903 te?
2034 3852 2101 3904 Et
2128 3852 2373 3921 quidem,
2408 3869 2533 3906 cum
2583 3854 2876 3909 cecidisset
2928 3855 3122 3920 Adam,
3170 3865 3227 3909 et
3270 3872 3303 3910 a
3339 3856 3479 3912 facie

1900 3941 1994 3994 Dei
2020 3952 2277 3995 mortuus
2299 3950 2469 4005 esset,
2512 3942 2650 3995 luxit
2697 3959 2823 3997 eum
2855 3943 3105 4007 Creator,
3137 3944 3339 4013 angeli,
3362 3945 3480 3997 vir-

1903 4039 2047 4085 tutes
2077 4046 2292 4094 omnes,
2322 4032 2467 4095 coeli,
2500 4041 2665 4095 terra,
2706 4041 2763 4085 ct
2809 4048 3001 4087 omnes
3040 4035 3480 4091 creaturaeluxe-

1901 4128 2029 4173 runt
2068 4129 2297 4174 mortem
2332 4130 2387 4175 et
2419 4137 2606 4175 casum
2634 4124 2755 4191 ejus
2783 4140 2796 4175 :
2837 4139 2962 4177 eum
3001 4124 3173 4187 enim,
3196 4126 3291 4194 qui
3315 4127 3479 4182 datus

1898 4221 2018 4265 erat
2052 4212 2159 4266 illis
2190 4228 2307 4275 rex,
2340 4228 2560 4267 servum
2596 4214 2858 4268 videbant
2898 4215 3099 4268 factum
3128 4230 3249 4270 esse
3273 4216 3474 4270 adver-

1901 4302 2058 4356 sariae
2091 4310 2147 4355 et
2198 4317 2379 4371 pravae
2408 4303 2716 4371 potestatis.
2774 4304 3042 4359 Tenebris
3097 4306 3264 4374 igitur
3295 4307 3477 4363 induit

1899 4408 2053 4447 suam
2082 4394 2342 4457 animam,
2377 4402 2433 4448 et
2482 4394 2706 4462 quidem
2737 4394 2981 4449 tenebris
3008 4396 3224 4451 acerbis
3252 4413 3317 4451 ac
3346 4413 3473 4466 pra-

218 4502 438 4571 πικρὸν,
468 4502 560 4555 καὶ
581 4502 835 4570 πονηρόν·
863 4500 1182 4569 ὲϐασιλεύθη
1211 4500 1319 4567 γὰρ
1353 4499 1455 4551 ὑπὸ
1478 4498 1569 4550 τοῦ
1601 4498 1793 4565 άρχον-
1828 4506 1871 4561 ο
1900 4503 1909 4524 ‘

1781 4523 1793 4535 .
1828 4506 1871 4561 ο
1900 4486 1982 4538 vis
2019 4503 2031 4537 :
2064 4484 2340 4553 siquidem
2368 4486 2624 4539 redactus
2654 4494 2738 4539 est
2766 4486 2867 4539 sub
2891 4487 3179 4556 imperium
3207 4488 3472 4558 principis

216 4610 307 4655 τος
337 4593 432 4646 τοῦ
467 4593 712 4655 σκότους.
745 4587 911 4653 Οὗτος
950 4587 1016 4661 ἦν
1042 4593 1070 4642 6
1108 4589 1528 4659 τραυματισθεὶς
1562 4587 1665 4638 ὑπὸ
1688 4586 1795 4637 τῶν

216 4688 453 4760 λῃστῶν,
511 4689 603 4741 καὶ
652 4686 919 4757 ἡμιθανὴς
950 4684 1213 4754 γεγονὼς,
1249 4682 1651 4753 κατερχόμενος
1688 4680 1794 4733 ἀπὸ

233 4779 589 4850 Ἰερουσαλὴμ
619 4780 697 4841 εἰς
744 4778 975 4848 Ἱεριχὼ.

290 4871 375 4922 Η’.
411 4869 521 4921 Καὶ
550 4868 659 4937 γὰρ
690 4869 783 4921 καλ⁵
825 4868 1094 4936 Λάζαρος,
1142 4865 1201 4919 ὃν
1242 4866 1269 4917 ό
1315 4864 1520 4934 Κύριος
1566 4862 1794 4931 ἀνέστη-

217 4980 333 5029 σεν,
371 4966 400 5015 ό
440 4962 641 5030 πολλῆς
671 4961 935 5022 δυσωδίας
972 4960 1177 5028 γέμων,
1226 4956 1367 5008 ὥστε
1405 4955 1605 5024 μηδένα
1636 4954 1792 5005 δύνα-

218 5054 344 5107 σθαι
375 5052 453 5122 τῷ
506 5054 749 5122 μνήματι
813 5049 1194 5117 προσεγγίσαι,
1252 5046 1519 5114 σύμϐολον
1576 5041 1642 5113 ἦν
1699 5043 1791 5097 τοῦ

228 5143 420 5213 Ἀδὰμ,
455 5143 550 5196 τοῦ
607 5143 806 5211 πολλὴν
852 5140 1115 5193 δυσωδίαν
1164 5141 1221 5190 ὲν
1250 5141 1315 5207 τῇ
1360 5138 1504 5207 ψυχῇ
1554 5136 1792 5205 προσλα-

215 5238 440 5299 ϐόντος,
502 5235 598 5289 καὶ
661 5234 917 5303 μελανίας
968 5234 1061 5284 καὶ
1124 5233 1347 5293 σκότους
1398 5230 1793 5299 πληρωθέντος.

228 5330 391 5385 Ἀλλὰ
422 5330 512 5389 σὺ,
549 5330 676 5381 ὅταν
706 5326 945 5397 ἀκούσῃς
1000 5326 1126 5395 περὶ
1166 5324 1355 5393 Ἀδὰμ,
1403 5324 1498 5375 καὶ
1542 5324 1666 5391 περὶ
1701 5322 1795 5374 τοῦ

214 5420 777 5489 τετραυματισμένου,
827 5418 921 5469 καὶ
951 5417 1044 5469 τοῦ
1092 5415 1368 5482 Λαζάρου,
1404 5416 1477 5485 μὴ
1515 5415 1789 5484 ἀπολύσῃς

217 5529 315 5565 σου
359 5513 449 5564 τὸν
472 5511 596 5563 νοῦν
626 5509 815 5580 ὥσπερ
845 5510 923 5572 είς
954 5509 1075 5577 ὅρη,
1118 5507 1232 5559 ἀλλ’
1280 5507 1424 5558 ἔνδον
1453 5508 1509 5557 ἐν
1554 5510 1616 5576 τῇ
1646 5508 1787 5577 ψυχῇ

216 5621 315 5656 σου
365 5605 577 5672 γίγνου,
604 5604 685 5663 ὅτι
736 5602 830 5655 καὶ
872 5604 935 5656 σὺ
964 5601 1031 5655 τὰ
1064 5600 1202 5653 αὐτὰ
1229 5599 1541 5669 τραύματα,
1573 5602 1666 5655 καὶ
1693 5601 1790 5671 τὴν

300 5781 590 5845 'Joan.|1,
617 5782 668 5835 ι.
760 5780 932 5837 ‘Luc.
968 5797 1019 5834 ι.
1097 5779 1287 5841 δίοεη,
1322 5795 1393 5844 is,
1433 5781 1523 5836 '59.

1897 4578 2269 4632 tenebrarum.
2305 4578 2355 4631 ls
2385 4586 2523 4641 erat,
2568 4578 2662 4646 qui
2717 4579 3036 4633 vulneratus
3064 4595 3095 4632 a
3140 4580 3467 4643 latronibus,

1896 4673 2291 4725 semimortuus
2317 4672 2541 4725 relictus
2584 4682 2686 4737 est,
2720 4688 2845 4727 cum
2886 4673 3251 4728 descenderet
3284 4675 3353 4728 ab
3384 4675 3473 4730 Je-

1892 4766 2131 4817 rusalem
2162 4778 2355 4817 versus
2380 4764 2654 4817 Jerieho'.

1962 4853 2100 4905 Vlll.
2131 4853 2389 4918 Quinimo
2431 4853 2673 4907 Lazarus
2692 4867 2912 4921 quoque
2932 4852 2974 4918 ⁵,
3016 4868 3179 4922 quem
3206 4852 3472 4908 Dominus

1890 4948 2169 5012 excitavit,
2198 4949 2335 5001 adeo
2370 4947 2541 4999 multo
2564 4946 2739 4999 fetore
2762 4947 2976 5014 plenus,
3020 4955 3081 4998 ut
3132 4961 3295 4999 nemo
3340 4962 3469 5013 pos-

1890 5049 1974 5093 set
2023 5048 2379 5093 monumento
2426 5037 2891 5106 appropinquare.
2947 5046 3107 5105 typus
3154 5044 3273 5089 erat
3316 5038 3464 5095 Δάαι.

1892 5131 1983 5202 qui
2031 5132 2261 5184 multum
2314 5131 2505 5183 fetoris
2564 5137 2621 5183 et
2674 5129 3060 5198 graveolentiaa
3116 5129 3169 5180 in
3222 5128 3460 5181 animam

1893 5224 2107 5284 ascivit,
2141 5232 2197 5277 et
2234 5222 2468 5290 caligine
2491 5236 2555 5274 ac
2586 5220 2828 5273 tenebris
2862 5221 3104 5289 repletus
3137 5218 3259 5271 fuit.
3288 5218 3465 5273 Caete-

1896 5335 2013 5371 rum
2043 5327 2120 5379 tu,
2156 5332 2280 5370 cum
2314 5315 2557 5369 audieris
2584 5314 2651 5366 de
2695 5312 2924 5375 Adamo,
2961 5311 3028 5365 de
3072 5311 3382 5371 vulnerato,
3410 5318 3467 5361 et

1897 5415 2124 5476 Lazaro,
2158 5427 2225 5464 ne
2256 5410 2499 5463 dimittas
2544 5414 2781 5459 mentem
2828 5412 2974 5456 tuam
3018 5403 3169 5455 velut
3214 5400 3271 5453 in
3311 5415 3467 5453 mon-

1895 5516 2000 5560 tem
2043 5504 2136 5558 sed
2165 5503 2313 5556 intus
2334 5503 2383 5553 in
2408 5500 2588 5553 anima
2612 5507 2792 5551 tecum
2822 5494 3004 5547 habita
3028 5532 3040 5553 ,
3069 5492 3196 5561 quia
3236 5498 3290 5543 tu
3323 5506 3463 5558 quo-

1894 5614 2000 5670 que
2033 5597 2221 5653 eadem
2276 5595 2524 5658 vulnera,
2548 5590 2802 5647 eumdem
2839 5586 3093 5653 fetorem,
3127 5582 3462 5651 easdemque
