4282 6364
797 386 902 453 ’127

2019 386 2081 446 S.
2124 385 2444 446 MACARII
2484 384 2805 447 JEGYPTII

3938 377 4044 439 728

801 494 1057 552 tenebras
1084 501 1283 565 gestas.
1312 493 1518 550 Omnes
1541 493 1689 549 enim
1732 494 1829 549 ﬁlii
1871 510 2063 550 sumus
2094 496 2242 552 illius
2286 505 2371 551 te-
2400 500 2445 554 Α

2404 500 2445 554 Α
2474 497 2643 567 αὐτὴν
2668 495 2953 559 δυσωδίαν,
2980 494 3075 548 καί¹
3096 492 3157 547 τδ
3185 492 3317 546 αὐτὸ
3337 491 3526 553 σκότος
3555 491 3762 561 φορεῖς.
3806 489 4047 542 Ἐκείνου

799 589 1022 645 nebrosi
1056 589 1294 659 generis,
1330 598 1388 644 et
1410 605 1603 644 omnes
1652 590 1803 644 illius
1828 590 2213 659 graveolentiae
2242 606 2370 659 par-

800 680 996 748 ticipes
1027 695 1236 733 sumus.
1277 679 1395 745 Qua
1426 679 1594 749 igitur
1623 679 1894 733 laboravit
1931 680 2221 734 aﬂectione
2255 681 2367 745 ille,

798 770 991 825 eadem
1025 786 1236 834 omnes,
1262 771 1354 839 qui
1387 785 1454 823 ex
1497 771 1704 825 semine
1748 770 1878 825 Adae
1914 787 2122 835 sumus,
2158 772 2371 824 labora-

798 878 940 917 mus.
973 864 1120 917 Talis
1146 863 1293 917 enim
1329 862 1547 916 all'ectio
1578 862 1828 932 contigit,
1857 863 1934 915 uti
1960 862 2122 916 Isaias
2149 863 2365 931 inquit:

798 953 916 1007 Non
946 962 1022 1006 est
1050 954 1261 1018 vulnus,
1287 971 1393 1006 non
1429 963 1505 1007 est
1531 954 1769 1017 cicatrix,
1806 971 1910 1006 non
1944 962 2019 1007 est
2050 953 2231 1023 plaga,
2255 970 2372 1023 qua

796 1046 1001 1098 saniem
1032 1048 1258 1099 emittat.
1288 1045 1407 1099 Non
1448 1047 1610 1100 datur
1650 1047 1939 1114 [omentum
1987 1062 2252 1116 apponere
2289 1045 2372 1099 sel

797 1136 992 1201 oleum,
1021 1154 1114 1189 nec
1153 1138 1507 1207 obligaturam
1543 1138 1755 1206 facere'
1791 1153 1805 1189 :
1841 1154 2014 1207 usque
2042 1139 2180 1191 adeo
2212 1138 2371 1191 incu-

797 1222 957 1277 rabili
988 1224 1218 1278 vulnere
1249 1225 1480 1278 sauciati
1507 1240 1721 1290 sumus,
1761 1225 1907 1294 quod
1943 1241 2052 1278 non
2084 1225 2189 1278 nisi
2225 1224 2374 1279 solus

796 1310 1063 1365 Dominus
1116 1312 1297 1380 potuit
1340 1326 1562 1365 curare.
1607 1312 1904 1381 Propterea
1956 1312 2102 1365 enim
2137 1312 2225 1365 ille
2257 1312 2373 1380 ipse

796 1401 967 1464 venit,
1002 1402 1131 1471 quia
1180 1417 1342 1456 nemo
1370 1418 1437 1457 ex
1459 1403 1761 1466 veteribus,
1787 1418 1964 1471 neque
1989 1403 2075 1457 lex
2107 1404 2244 1472 ipsa,
2272 1418 2374 1457 nec

799 1492 1081 1561 propheta:
1127 1502 1424 1561 potuerunt
1474 1508 1687 1547 sanare.
1748 1491 1849 1546 llic
1901 1508 2032 1547 vero
2058 1494 2212 1547 solus
2247 1508 2373 1547 cum

796 1578 1057 1646 venisset,
1082 1580 1293 1634 curavit
1313 1580 1525 1651 plagam
1549 1580 1699 1634 illam
1725 1580 1920 1633 animae
1952 1580 2343 1635 insanabilem.

866 1783 960 1838 IX.
993 1782 1365 1853 Suscipiamus
1407 1802 1538 1856 ergo
1559 1787 1735 1855 ipsum
1764 1788 1934 1841 Deum
1956 1802 2020 1841 ac
2059 1787 2371 1852 Dominum,

2472 588 2581 656 γὰρ
2616 588 2817 649 πάντες
2852 587 3016 652 ἐσμὲν
3048 586 3154 638 υἰοὶ
3204 583 3300 638 τοῦ
3358 582 3635 636 σκοτεινοῦ
3686 583 3899 650 γένους,
3955 583 4050 635 καὶ

2473 680 2673 741 πάντες
2722 679 2824 747 τῆς
2875 678 3047 746 αὐτῆς
3081 675 3347 737 δυσωδίας
3396 674 3717 743 μετέχομεν.
3751 673 3931 741 Ὅπερ
3959 667 4053 723 οὖν

2472 771 2709 823 πέπονθε
2747 755 2916 832 πάθος
2950 770 3177 831 ἐκεῖνος,
3218 766 3376 819 τοῦτο
3422 768 3620 826 πάντες
3654 767 3719 817 ὲκ
3750 764 3843 816 τοῦ
3885 764 4055 832 σπέρ-

2475 879 2643 931 ματος
2679 862 2850 931 Ἀδὰμ
2887 860 3039 923 ὄντες
3070 858 3440 927 πεπόνθαμεν·
3470 856 3710 909 τοιοῦτον
3740 855 3849 923 γὰρ
3881 854 4053 914 πάθος

2474 954 2839 1023 συμϐέϐηκεν,
2884 954 2959 1015 ὥς
2989 968 3152 1021 φησιν
3196 950 3441 1012 Ἡσαΐας·
3480 951 3600 1001 Οὐκ
3629 950 3762 1001 ἐστι
3799 947 4052 1012 τραῦμα,

2472 1049 2610 1102 οὔτε
2652 1046 2902 1115 manu,
2950 1045 3091 1098 οὔτε
3140 1044 3343 1112 πληγὴ
3399 1042 3889 1111 φλεγμαίνουσα,
3942 1040 4057 1092 οὐκ

2472 1138 2603 1190 ἐστι
2629 1136 2915 1205 μάλαγμα
2948 1134 3260 1197 ἐπιθεῖναι,
3320 1135 3459 1188 οὔτε
3518 1135 3749 1195 ἔλαιον,
3777 1132 3918 1185 οὔτε
3952 1146 4057 1181 κα-

2473 1227 2814 1295 ταδέσμους
2843 1226 3115 1294 ποιῆσαι.
3151 1225 3337 1287 Οὕτως
3365 1225 3583 1279 ἀνίατον
3613 1223 3837 1294 τραῦμα
3866 1224 4059 1291 ἐτραυ-

2479 1319 2841 1390 ματίσθημεν,
2882 1318 3028 1388 μόνῳ
3066 1317 3144 1387 τῷ
3200 1317 3391 1388 Κυρίῳ
3433 1315 3659 1369 δυνατὸν
3716 1312 4058 1383 θεραπεῦσαι

2475 1411 2628 1464 αὑτό.
2660 1410 2760 1463 Διὰ
2785 1409 2943 1462 τοῦτο
2971 1408 3079 1477 γὰρ
3104 1407 3200 1461 καὶ
3220 1407 3286 1459 δι’
3316 1405 3511 1459 ἑαυτοῦ
3542 1402 3726 1474 ἦλθεν,
3754 1405 3835 1457 δτι
3868 1402 4060 1472 μηδεὶς

2474 1503 2584 1555 τῶν
2613 1502 2879 1570 ἀρχαίων,
2910 1498 3040 1552 οὔτε
3083 1500 3112 1550 6
3138 1499 3299 1567 νόμος
3337 1498 3520 1562 αὐτὸς,
3549 1495 3673 1549 οὔτε
3700 1497 3750 1548 οἰ
3780 1494 4061 1565 προφῆται

2473 1594 2629 1647 τοῦτο
2645 1593 2988 1662 ἠδυνήθησαν
3007 1590 3363 1659 θεραπεῦσαι.
3393 1584 3561 1651 Οὗτος
3582 1589 3639 1641 δὲ
3671 1587 3828 1657 μόνος
3856 1585 4059 1648 ἐλθὼν,

2475 1685 2806 1754 ἐθεράπευσε
2825 1685 2922 1753 τὴν
2940 1683 3153 1753 πληγὴν
3171 1683 3387 1751 ἐκείνην
3400 1681 3501 1748 τῆς
3513 1680 3690 1748 ψυχῆς
3706 1677 4061 1748 τὴνάνίατον.

2548 1776 2625 1829 Θ¹.
2653 1773 3085 1843 Προσδεχώμεθα
3114 1773 3293 1824 τοίνυν
3316 1772 3406 1823 τὸν
3431 1771 3564 1823 Θεὸν
3599 1770 3693 1823 καὶ
3714 1767 3943 1837 Κύριον,
3971 1767 4064 1820 τὸν

870 1835 958 1838 ___-
994 1835 1362 1853 πηγῇ-ηε
1412 1835 1532 1856 --0,
1560 1835 1735 1855 τη---
1766 1835 1934 1841 ______
1957 1835 2019 1841 η
2060 1835 2371 1852 _-____-__-_-,

801 1891 996 1929 verum
1036 1876 1333 1942 medicum,
1356 1878 1450 1946 qui
1498 1879 1647 1932 solus
1685 1879 1933 1942 veniens,
1964 1888 2143 1948 potest
2180 1894 2376 1933 sanare
2407 1835 2447 1889 Β

2407 1835 2448 1889 Β
2478 1835 2732 1934 ἀληθινὸν
2768 1835 3132 1932 θεραπευτὴν,
3170 1862 3228 1924 δς
3258 1862 3415 1930 μόνος
3449 1860 3672 1923 δυνατός
3703 1835 3851 1911 ἐστιν
3889 1856 4065 1909 ἐλθὼν

798 1963 1012 2017 animas
1059 1975 1298 2032 nostras,
1336 1978 1625 2035 postquam
1679 1968 1928 2037 ingentes
1992 1969 2165 2022 nostri
2210 1983 2373 2021 causa

800 2053 1069 2107 sustinuit
1110 2055 1346 2109 labores.
1387 2058 1574 2111 Pulsat
1603 2059 1752 2111 enim
1786 2067 2055 2127 perpetuo
2088 2058 2234 2112 fores
2255 2074 2375 2113 cor-

801 2144 955 2199 dium
999 2153 1336 2211 nostrorum,
1371 2155 1432 2201 ut
1473 2150 1784 2217 aperiamus
1824 2150 1897 2212 ei,
1933 2165 2043 2217 quo
2099 2151 2375 2218 ingressus

802 2236 1112 2305 requiescat
1140 2238 1193 2292 in
1218 2240 1417 2294 animis
1442 2240 1682 2307 nostris;
1710 2251 1769 2294 ut
1798 2250 1852 2294 et
1874 2242 2162 2295 abluamus
2189 2251 2244 2295 et
2276 2258 2373 2293 un-

797 2345 989 2399 gamus
1026 2331 1193 2399 pedes
1231 2333 1369 2401 ejus,
1390 2342 1446 2387 et
1466 2334 1805 2387 mansionem
1834 2334 1948 2402 ipse
1986 2333 2131 2402 apud
2158 2348 2258 2387 nos
2292 2332 2375 2385 fa-

799 2421 931 2476 ciet.
976 2422 1189 2475 Etenim
1234 2423 1349 2477 illic
1372 2423 1677 2492 exprobrat
1726 2424 1995 2476 Dominus
2036 2424 2108 2484 ei,
2139 2423 2231 2491 qui
2263 2438 2373 2476 non

798 2510 1010 2563 laverat
1046 2511 1212 2579 pedes
1247 2513 1367 2581 ejus
1392 2511 1431 2564 ⁸.
1469 2512 1537 2565 Et
1583 2527 1804 2565 rursum
1855 2511 1985 2564 alibi
2041 2512 2212 2565 dicit:
2246 2511 2376 2565 Ecce

796 2610 877 2654 sto
920 2602 989 2655 ad
1052 2605 1263 2667 ostium,
1332 2612 1380 2656 et
1423 2604 1595 2673 pulso,
1647 2605 1692 2657 si
1737 2605 1853 2673 quis
1914 2605 2138 2657 audierit
2198 2621 2375 2657 vocem

797 2709 990 2757 meam,
1021 2704 1069 2747 et
1100 2697 1364 2764 aperuerit
1380 2696 1635 2764 januam,
1664 2696 1877 2749 intrabo
1912 2697 1979 2749 ad
2009 2697 2218 2749 illurn".
2246 2698 2375 2750 Pro-

796 2793 983 2853 pterea
1024 2787 1169 2840 enim
1230 2787 1400 2839 multa
1456 2802 1753 2856 perpessus
1816 2788 2101 2851 sustinuit,
2150 2787 2375 2841 tradens

796 2892 956 2931 suum
988 2878 1158 2945 ipsius
1186 2894 1387 2946 corpus
1417 2878 1603 2942 morti,
1657 2893 1763 2932 nos
1817 2878 2094 2932 redimens
2121 2894 2152 2931 a
2197 2880 2374 2931 servi-

795 2978 934 3034 tute,
985 2958 1045 3022 ut
1077 2969 1291 3023 veniret
1337 2970 1404 3024 ad
1444 2970 1681 3023 animam
1732 2981 1998 3032 nostram,
2042 2979 2099 3023 et
2135 2971 2375 3024 mansio-

793 3074 921 3114 nem
954 3058 1159 3113 faceret
1188 3060 1241 3112 in
1276 3076 1360 3114 ea.
1386 3062 1729 3129 Quapropter
1778 3061 1844 3114 ad
1876 3061 2018 3124 illos,
2048 3060 2141 3128 qui
2183 3076 2211 3112 a
2234 3060 2371 3114 sini-

795 3151 927 3205 stris
955 3158 1161 3205 stantes
1189 3149 1242 3203 in
1273 3150 1505 3220 judicio,
1535 3151 1604 3204 ab
1638 3166 1707 3205 eo
1740 3151 2036 3204 mittuntur
2068 3152 2123 3203 in
2165 3150 2372 3219 geben-
2402 3161 2447 3222 ο

794 3255 921 3294 nam
967 3256 1093 3295 cum
1136 3241 1379 3307 diabolo,
1415 3243 1493 3297 ait
1531 3244 1796 3297 Dominus
1834 3260 1847 3296 :
1885 3244 2085 3311 Hospes
2124 3260 2293 3309 eram,
2326 3253 2376 3297 et

796 3349 904 3386 non
941 3332 1227 3402 collegistis
1273 3352 1375 3388 me.
1411 3335 1643 3399 Esurivi,
1675 3345 1724 3388 et
1761 3352 1865 3388 non
1904 3337 2117 3389 dedistis
2150 3337 2276 3389 mihi
2304 3339 2378 3389 ci-

794 3420 937 3473 bum.
958 3422 1132 3485 Sitivi,
1159 3430 1207 3473 et
1234 3439 1337 3474 non
1367 3422 1584 3475 dedistis
1618 3423 1743 3475 mihi
1774 3432 1955 3491 potum
1983 3422 2207 3477 “.Cibus
2230 3424 2375 3478 enim

793 3520 1045 3581 etpotus,
1060 3512 1463 3577 indumentum,
1483 3513 1820 3567 domicilium
1843 3523 1897 3567 et
1920 3514 2138 3582 requies
2155 3516 2274 3584 ejus
2287 3525 2375 3568 est

795 3599 852 3651 in
875 3600 1074 3654 animis
1112 3600 1339 3654 nostris.
1374 3601 1602 3670 Semper
1630 3603 1789 3670 118
1808 3616 1938 3670 ergo
1964 3602 2164 3670 pulsat,
2188 3605 2379 3658 volens

797 3688 865 3743 ad
891 3704 992 3743 nos
1023 3690 1256 3759 ingredi.
1290 3691 1560 3756 Quocirca
1609 3691 1975 3759 suscipiamus
2026 3708 2176 3758 eum,
2213 3703 2269 3747 et
2295 3694 2379 3746 in-

799 3780 1156 3835 troducamus
1184 3782 1328 3835 intra
1358 3797 1494 3846 nos;
1522 3782 1794 3850 siquidem
1819 3792 2009 3839 noster
2040 3784 2218 3849 cibus,
2243 3787 2375 3851 vita,

798 3879 963 3939 potus
1001 3880 1055 3925 et
1079 3873 1188 3925 vita
1221 3881 1425 3927 interna
1460 3874 1576 3941 ipse
1606 3882 1711 3927 est.
1748 3875 1935 3943 Itaque
1961 3878 2140 3932 omnis
2172 3880 2375 3943 anima,

799 3977 921 4029 quae
953 3977 1062 4015 non
1111 3964 1418 4032 susceperit
1447 3980 1593 4018 nunc
1624 3981 1750 4018 eum
1796 3967 1943 4021 intus
1990 3984 2055 4022 ac
2093 3971 2382 4039 requieve-

799 4052 894 4115 rit,
928 4052 1037 4106 imo
1071 4054 1125 4106 in
1155 4054 1275 4122 ipso
1318 4065 1561 4109 recreata
1598 4055 1785 4120 fuerit,
1818 4058 1872 4112 in
1908 4075 2076 4127 regno
2110 4062 2377 4116 caelorum

797 4159 921 4197 cum
986 4146 1191 4199 sanctis
1243 4146 1618 4201 bmreditatem
1670 4162 1780 4200 non
1832 4150 2031 4215 cernit,
2086 4168 2267 4220 neque
2322 4154 2378 4207 in

797 4237 1074 4290 cmlestem
1123 4238 1399 4293 civitatem
1455 4238 1663 4307 ingredi
1695 4248 1894 4305 potest.
1926 4242 2046 4310 Ipse
2076 4258 2230 4307 vero,
2274 4246 2380 4298 Do-

801 4328 949 4381 mine
975 4328 1106 4382 Jesu
1148 4329 1387 4393 Christe,
1424 4332 1681 4387 introduc
1721 4348 1821 4387 nos
1868 4333 1923 4385 in
1967 4334 2135 4399 illam,
2168 4336 2378 4404 gloriﬁ-

798 4427 985 4472 cantes
1014 4435 1217 4474 nomen
1273 4430 1427 4476 tuum
1469 4439 1595 4477 cum
1638 4425 1797 4479 Patre
1827 4432 1883 4478 et
1926 4433 2117 4480 sancto
2140 4426 2375 4495 Spiritu,

799 4512 853 4566 in
881 4511 1100 4567 saecula.
1120 4512 1317 4567 Amen.

1313 4710 1599 4766 HOMILIA
1650 4712 1840 4768 XXXI.

798 4798 1030 4875 Fidelem
1057 4809 1259 4875 oportet
1288 4805 1487 4875 mutari
1514 4807 1712 4866 animo,
1736 4814 1893 4875 atque
1914 4808 1967 4860 in
2006 4808 2171 4861 Deum
2201 4824 2379 4862 omnes

868 4870 1209 4945 cogitationes
1255 4873 1518 4941 colligere,
1572 4877 1628 4928 in
1677 4870 1860 4945 quibus
1893 4894 2009 4931 vere
2054 4895 2204 4932 omne
2231 4879 2379 4932 obse-

869 4940 1054 5008 quium
1082 4942 1315 4995 divinum
1343 4940 1596 4997 consistit.

873 5116 916 5171 Ι.
947 5116 1172 5186 Oportet
1200 5135 1347 5184 eum,
1390 5123 1483 5191 qui
1516 5124 1712 5189 credit,
1738 5126 2029 5181 obsecrare
2080 5128 2274 5191 Deum,
2318 5138 2379 5182 ut

802 5210 1123 5263 immutetur
1154 5212 1458 5267 intentione
1496 5231 1593 5269 sua
1636 5232 1731 5284 per
1772 5218 2129 5273 mutationem
2174 5219 2375 5282 cordis,

803 5299 952 5366 quod
1000 5310 1247 5355 vertatur
1314 5304 1384 5357 ab
1434 5307 1729 5361 acerbitate
1770 5309 1824 5362 in
1884 5309 2265 5372 dulcedinem;
2322 5320 2377 5363 et

801 5390 1102 5456 recordari,
1136 5410 1245 5461 quo
1280 5408 1440 5464 pacto
1492 5409 1715 5454 sanatus
1772 5410 1855 5454 est
1897 5418 2095 5467 calens,
2162 5402 2374 5465 itidem,

803 5495 925 5549 quae
982 5484 1262 5552 sanguinis
1291 5487 1564 5553 proﬂuvio
1615 5491 1917 5556 laborabat,
1976 5502 2114 5559 tacta
2164 5491 2377 5547 ﬁmbria

803 5569 1142 5637 vestimenti,
1198 5575 1449 5631 sanitatis
1494 5579 1777 5648 particeps
1808 5588 1892 5635 est
1938 5580 2101 5645 facta,
2155 5583 2375 5635 leonum

805 5670 1002 5717 natura
1032 5667 1403 5722 mansuefacta
1458 5680 1561 5736 est,
1590 5680 1647 5725 et
1682 5673 1823 5742 ignis
1860 5684 2053 5728 natura
2085 5674 2373 5729 exstincta.

2480 1955 2731 2009 [desideat
2773 1954 2870 2016 τὰς
2908 1954 3085 2023 ψυχὰς
3133 1952 3287 2022 ἡμῶν
3315 1992 3330 2017 ,
3374 1950 3722 2013 κεκοπιακὼς
3763 1949 3941 2002 πολλὰ
3997 1948 4063 2000 δι’

2474 2050 2642 2116 ἡμᾶς.
2698 2048 2902 2111 Κρούει
2967 2046 3075 2114 γὰρ
3125 2045 3212 2097 ἀεὶ
3267 2045 3363 2107 τὰς
3415 2044 3585 2113 θύρας
3651 2042 3761 2095 τῶν
3816 2040 4063 2111 καρδιῶν

2476 2139 2655 2209 ἡμῶν,
2696 2139 2788 2191 ἵνα
2837 2136 3141 2205 ἀνοίξωμεν
3187 2137 3356 2206 αὐτῷ,
3416 2136 3507 2188 οιαὶ
3549 2133 3807 2188 εἰσελθὼν
3837 2136 4061 2202 ἀναπαῇ

2474 2231 2555 2292 εἰς
2583 2231 2680 2291 τὰς
2716 2229 2894 2297 ψυχὰς
2948 2227 3127 2297 ήμῶν,
3175 2228 3269 2282 καὶ
3315 2228 3579 2296 νίψωμεν,
3612 2228 3703 2279 καὶ
3741 2226 4062 2294 ἁλείψωμεν

2476 2322 2641 2376 αὑτοῦ
2678 2323 2803 2383 τοὺς
2834 2321 3024 2383 πόδας,
3077 2319 3172 2372 καὶ
3229 2319 3398 2389 μονὴν
3450 2319 3581 2389 παρ’
3641 2319 3772 2388 ἡμῖν
3809 2320 4059 2386 ποιήσει.

2476 2414 2586 2467 Καὶ
2617 2413 2727 2481 γὰρ
2760 2414 2875 2465 ἐκεῖ
2932 2411 3181 2474 ὀνειδίζει
3233 2413 3261 2463 6
3312 2410 3515 2481 Κύριος
3567 2412 3657 2464 τὸν
3704 2412 3777 2481 μὴ
3828 2412 4062 2480 νίψαντα

2474 2503 2600 2563 τοὺς
2629 2502 2794 2563 πόδας
2832 2500 3022 2553 αὑτοῦ·
3057 2501 3152 2553 καὶ
3192 2500 3355 2553 πάλιν
3393 2500 3628 2568 ἀλλαχοῦ
3668 2501 3841 2567 λέγει,
3900 2501 4061 2555 ’16οὺ

2474 2593 2700 2660 ἕστηκα
2732 2594 2829 2645 ἐπὶ
2870 2593 2985 2657 τὴν
3027 2594 3239 2659 θύραν,
3272 2594 3383 2646 ἐὰν
3430 2594 3667 2661 ἀκούσῃ
3702 2593 3812 2661 τῆς
3857 2593 4064 2662 φωνῆς

2472 2700 2608 2750 μου,
2634 2681 2730 2734 καί
2751 2682 2964 2750 ἀνοίξῃ
2983 2682 3095 2748 τὴν
3116 2684 3324 2749 θύραν,
3342 2684 3761 2751 εἰσελεύσομαι
3788 2685 3936 2749 πρὸς
3953 2687 4063 2736 αὺ-

2475 2774 2602 2825 τόν.
2657 2772 2755 2825 Διὰ
2810 2772 2965 2824 τοῦτο
3004 2773 3112 2841 γὰρ
3152 2773 3319 2824 πολλὰ
3378 2773 3569 2825 παθεῖν
3611 2773 3905 2841 ὑπέμεινε,
3939 2773 4065 2834 δοὺς

2476 2867 2537 2916 τὸ
2577 2864 2775 2916 ἑαυτοῦ
2812 2864 2971 2933 σῶμα
3014 2867 3093 2927 εἰς
3124 2865 3373 2929 θάνατον,
3419 2865 3513 2917 καὶ
3547 2864 3887 2933 ἐξαγοράσας
3915 2866 4065 2933 ἡμᾶς

2474 2959 2574 3023 τῆς
2600 2955 2864 3018 δουλείας,
2902 2956 2989 3007 ἵνα
3014 2954 3183 3007 ἐλθὼν
3210 2958 3277 3025 τῇ
3302 2956 3445 3025 ψυχῇ
3474 2956 3631 3023 ήμῶν
3660 2956 3828 3024 μονὴν
3856 2957 4064 3026 ποιήσῃ

2477 3047 2607 3117 παρ’
2632 3047 2789 3115 αὐτῇ.
2820 3046 2919 3098 Διὰ
2952 3045 3111 3098 τοῦτο
3154 3047 3385 3107 ἐκείνοις
3425 3048 3537 3107 τοῖς
3565 3046 3625 3108 ἐξ
3664 3047 3981 3115 ἀριστερῶν
4006 3049 4063 3097 ἐν

2475 3140 2541 3207 τῇ
2579 3136 2756 3204 κρίσει
2799 3136 2890 3187 ὑπ’
2925 3135 3088 3187 αὑτοῦ
3131 3136 3508 3204 πεμπομένοις
3544 3136 3623 3197 εἰς
3656 3136 3883 3203 γέενναν
3922 3136 4064 3203 μετὰ

2480 3227 2577 3280 τοῦ
2628 3226 2872 3279 διαϐόλου
2906 3228 3069 3297 φησὶν
3095 3228 3125 3278 6
3158 3228 3381 3297 Κύριος,
3402 3225 3588 3293 Ξένος
3621 3227 3801 3295 ἢμην,
3845 3228 3944 3279 καί
3988 3230 4064 3281 οὺ

2475 3318 2850 3384 συνηγάγετέ
2900 3335 2993 3387 με·
3047 3319 3324 3383 ἐπείνων,
3370 3318 3470 3370 καί
3500 3320 3611 3371 οὐκ
3656 3318 3916 3372 ἐδώκατέ
3953 3337 4060 3386 μοι

2476 3408 2706 3477 φαγεῖν·
2742 3408 2992 3475 ἐδίψων,
3032 3409 3128 3461 καὶ
3164 3410 3274 3461 οὐκ
3316 3408 3640 3461 ἐποτίσατέ
3681 3426 3779 3477 με.
3850 3408 3916 3461 Ἦ
3948 3410 4061 3478 γὰρ

2475 3502 2647 3569 τροφὴ
2670 3497 2835 3551 αὐτοῦ
2857 3500 2947 3551 καὶ
2968 3501 3000 3567 ἡ
3027 3500 3203 3563 πόσις,
3236 3499 3331 3551 καλ⁸
3360 3499 3595 3567 ἄμφιον,
3628 3501 3722 3551 καὶ
3752 3500 3940 3566 στέγη,
3970 3501 4065 3551 καὶ

2477 3591 2782 3653 ἀνάπαυσις
2831 3592 2889 3643 ὲν
2923 3594 3042 3653 ταῖς
3096 3591 3297 3661 ψυχαῖς
3328 3592 3485 3661 ἡμῶν
3525 3593 3692 3644 ὲστιν.
3742 3591 3853 3642 ’Λεὶ
3887 3592 4065 3643 τοίνυν

2478 3681 2685 3751 κρούει,
2738 3682 3061 3751 βουλόμενος
3101 3683 3361 3735 εἰσελθεῖν
3401 3683 3538 3751 πρὸς
3570 3684 3735 3751 ἡμᾶς.
3768 3682 4067 3751 Δεξώμεθα

2476 3772 2655 3825 τοίνυν
2690 3772 2873 3836 αὑτὸν,
2920 3773 3015 3824 καὶ
3060 3773 3445 3841 εἰσαγάγωμεν
3476 3771 3623 3824 ἔνδον
3655 3772 3830 3841 ἡμῶν,
3862 3773 3942 3823 ὅτι
3971 3774 4067 3823 καὶ

2476 3864 2636 3934 ἡμῶν
2666 3865 2698 3933 ἡ
2739 3864 2937 3933 τροφὴ,
2981 3864 3074 3916 καὶ
3106 3866 3138 3933 ἡ
3174 3864 3309 3933 ζωὴ,
3341 3865 3435 3916 καί¹
3475 3866 3507 3933 ἡ
3554 3864 3734 3926 πόσις,
3763 3865 3857 3915 καὶ
3893 3865 3925 3931 ἠ
3952 3863 4066 3931 ζωὴ

2476 3956 2755 4026 ήαίώνιος
2793 3956 2953 4017 αὑτός
2985 3957 3153 4010 ἐστιν.
3194 3957 3303 4008 Καὶ
3347 3957 3496 4009 πᾶσα
3522 3956 3670 4025 ψυχὴ
3710 3957 3742 4025 ἡ
3789 3955 3863 4025 μὴ
3902 3955 4067 4018 δεξαο

2482 4049 2616 4117 μένη
2648 4047 2809 4099 αὑτὸν
2868 4047 3014 4100 ἔνδον
3070 4047 3165 4100 νῦν
3208 4050 3302 4101 καὶ
3342 4049 3726 4111 ἁναπαύσασα,
3767 4048 3973 4117 μᾶλλον
4009 4049 4067 4102 δὲ

2478 4138 2784 4190 ἁναπαεῖσα
2826 4140 2882 4189 ὲν
2936 4138 3105 4206 αὐτῷ,
3161 4140 3219 4191 ὲν
3265 4141 3330 4208 τῇ
3370 4138 3614 4210 βασιλείᾳ
3658 4140 3767 4191 τῶν
3817 4140 4069 4209 οὐρανῶν

2483 4230 2621 4297 μετὰ
2649 4226 2756 4279 τῶν
2792 4228 2961 4293 ἁγίων
2999 4228 3363 4298 κληρονομίαν
3393 4231 3494 4282 οὐκ
3530 4230 3663 4300 ἔχει,
3687 4230 3809 4283 οὔτε
3845 4233 3928 4293 εἰς
3966 4233 4067 4300 τὴν

2480 4318 2801 4388 ἐπουράνιον
2831 4319 2985 4371 πόλιν
3015 4319 3273 4371 εἰσελθεῖν
3300 4319 3541 4373 δύναται.
3574 4321 3746 4383 Αὐτὸς
3773 4321 3851 4384 δὲ,
3890 4322 4065 4391 Κύριε

2494 4410 2669 4478 Ἰησοῦ
2711 4410 2938 4477 Χριστὲ,
2977 4410 3240 4477 εἰσάγαγε
3270 4412 3417 4480 ἡμᾶς
3459 4412 3539 4473 είς
3585 4411 3775 4481 αὐτὴν,
3814 4411 4065 4475 δοξάζον-

2404 4507 2457 4566 D
2482 4499 2581 4561 τάς
2630 4516 2723 4551 σου
2756 4499 2814 4551 τὸ
2861 4500 3032 4569 ὄνομα
3085 4501 3182 4553 σὺν
3226 4500 3423 4569 Πατρὶ,
3457 4500 3552 4553 καὶ
3587 4501 3728 4573 ἁγίῳ
3759 4502 4062 4573 Πνεύμστι,

2482 4594 2562 4654 εἰς
2594 4591 2721 4655 τοὺς
2748 4590 2969 4655 αἰῶνας.
3017 4593 3208 4662 Ἀμήν.

3070 4706 3311 4759 ΟΜΙΛῘΑ
3340 4706 3463 4760 AA'.

2483 4798 2583 4852 Δεῖ
2602 4798 2708 4851 τὸν
2725 4799 3089 4851 πιστεύοντα
3105 4796 3553 4866 μεταλλαῃήναι
3582 4798 3688 4852 τοῦ
3712 4798 3823 4851 νοῦ
3846 4797 4060 4865 αὑτοῦ,

2555 4870 2654 4922 καί
2687 4868 2920 4931 πάντας
2957 4868 3098 4930 τοὺς
3141 4869 3473 4936 λογισμοὺς
3517 4872 3603 4933 εἰς
3640 4870 3787 4921 Θεὸν
3831 4869 4063 4921 συλλέ-

2556 4956 2706 5061 ξειν,
2747 4940 2816 4991 ἐν
2845 4936 2933 5004 οἷς
2964 4939 3202 5005 άληθῶς
3247 4936 3415 4993 πᾶσα
3449 4938 3724 4992 διακονία
3763 4938 3870 4991 τοῦ
3913 4938 4061 4991 Θεοῦ

2590 5026 2706 5061 στι.

2590 5026 2706 5062 στι.

2562 5125 2642 5176 A'.
2684 5124 2775 5174 Δεῖ
2804 5122 2893 5174 τὸν
2941 5121 3265 5175 πιστεύοντα
3319 5123 3489 5175 αἰτεῖν
3552 5124 3643 5175 τὸν
3687 5123 3817 5175 Θεὸν
3867 5123 4063 5191 μεταλ-

2485 5215 2713 5283 λαγηῆναι
2760 5213 2859 5279 τῆς
2910 5214 3283 5282 προαιρέσεως
3311 5212 3497 5275 αὑτοῦ,
3532 5212 3799 5282 μεταϐολῇ
3833 5213 4060 5283 καρδίας

2490 5304 2964 5375 μεταόαλλομένης
2998 5303 3105 5356 ἀπὸ
3151 5304 3476 5373 πικρότητος
3506 5306 3584 5365 εἰς
3609 5303 3934 5371 γλυκασίαν,
3968 5304 4061 5356 καὶ

2489 5397 2870 5469 μνημονεύειν,
2923 5395 3041 5457 πῶς
3090 5396 3117 5447 6
3163 5394 3360 5463 τυφλὸς
3413 5394 3624 5463 ίάθη,ή
3688 5394 4061 5464 αίμορῤοοῦστ

2485 5493 2685 5558 ὁμοίως
2712 5478 2966 5556 ἁψαμένη
3004 5484 3096 5538 τοῦ
3130 5486 3433 5553 κρασπέδου
3468 5486 3660 5547 ἰάσεως
3694 5484 3871 5553 ἔτυχε,
3912 5484 4058 5536 λεόν-

2483 5599 2591 5635 των
2623 5580 2782 5649 φύσις
2808 5576 3090 5648 ἡμερώθη,
3123 5576 3292 5647 πυρὸς
3334 5581 3492 5643 φύεις
3543 5574 3839 5644 ἐνεκρώθη·
3879 5574 3959 5626 ὅτι
4000 5573 4058 5625 τὸ

2487 5674 2669 5742 ἄκρως
2704 5671 2866 5724 καλὸν
2910 5674 2937 5723 6
2966 5670 3092 5734 Θεός
3124 5670 3258 5723 ἐστι·
3294 5668 3426 5737 πρὸς
3462 5667 3519 5720 ὃν
3548 5666 3783 5737 ὀφείλεις
3821 5682 4058 5733 συναταο

877 5772 1013 5827 'Isa.
1048 5790 1085 5840 I,
1128 5776 1257 5843 5,6.
1340 5778 1506 5834 6Luc.
1548 5795 1642 5847 vu,
1669 5782 1753 5836 «II.
1835 5784 2047 5851 7Apoc.
2085 5801 2163 5846 Ill,
2204 5784 2280 5839 ιο.
2362 5784 2379 5815 ³
2406 5784 2447 5837 Μ

2406 5783 2596 5837 Matth.
2632 5798 2754 5845 xxv,
2786 5780 2870 5845 I2,
2905 5780 2992 5833 45.
