4282 6364
217 395 324 460 ’129

1412 389 1780 453 ΗΟΜῘΕῙᾹΞζ
1811 413 1880 425 -·-
1912 388 2095 449 ΠΟΜ.
2133 389 2345 450 XXXI.

3389 393 3493 457 730

218 509 339 577 γεῖν
372 506 465 561 τδν
490 504 619 562 νοῦν
668 505 764 561 καὶ
805 504 932 570 τοὺς
980 488 1319 575 λογισμοὺς(
1354 504 1447 558 καὶ
1490 503 1656 575 μηδὲν
1687 502 1813 557 ἀλλο
1842 506 1887 563 Α

1801 506 1887 563 ›Λ
1918 500 2061 556 Deus
2116 502 2267 555 enim
2312 513 2587 554 summum
2634 500 2841 555 bonum
2890 508 2995 566 est,
3015 502 3070 557 in
3119 518 3281 573 quem
3322 505 3492 562 debts

218 600 447 663 ἐννοεῖν,
478 598 513 668 ἢ
556 598 656 668 τὴν
689 596 1021 669 προσδοκίαν
1053 595 1218 650 αὐτοῦ
1265 595 1525 665 καθορᾷν.

290 866 555 939 ΒᾝἬτω
584 862 681 921 οὖν
714 867 748 936 ἠ
779 865 925 937 ψυχὴ
978 866 1057 930 ὡς
1108 868 1275 921 τέκνα
1334 867 1649 939 ρεμῦὸμενα
1683 883 1811 921 συν-

222 962 458 1030 άγουσα,
510 958 607 1012 καὶ
659 957 989 1012 νουθετοῦσα
1039 958 1169 1022 τοὺς
1204 958 1312 1013 ἀπὸ
1371 960 1489 1028 τῆς
1538 959 1812 1030 ἁμαρτίας

220 1050 696 1122 ἐσκορπισμένους
740 1050 1059 1119 λογισμοὺς,
1106 1051 1373 1120 είσαγέτω
1411 1053 1492 1115 είς
1534 1052 1626 1106 τὸν
1663 1047 1812 1106 οἷκον

219 1140 319 1197 τοῦ
352 1139 606 1211 σώματος
638 1141 832 1210 αὐτῆς,
877 1140 965 1193 del.
1001 1141 1358 1211 προσδοκῶσα
1396 1141 1488 1195 τὸν
1521 1140 1727 1211 Κύριον
1752 1143 1811 1196 ὲν

221 1233 450 1303 νηστείᾳ
476 1232 573 1285 καὶ
601 1231 813 1303 ἀγάπῃ,
841 1232 971 1286 πότε
1010 1231 1179 1286 ἐλθὼν
1203 1232 1262 1298 ἐξ
1287 1233 1545 1314 ἀληθείας
1578 1233 1813 1301 συναγὰ-

222 1342 309 1393 γοι
340 1324 534 1394 αὐτήν.
581 1324 805 1392 Ἀδήλου
832 1323 889 1377 δὲ
918 1322 1013 1378 τοῦ
1043 1323 1325 1394 μέλλοντος
1350 1326 1521 1389 ὄντος,
1544 1324 1811 1388 ἐλπιζέτω

222 1416 389 1469 πλέον
426 1416 510 1468 ἔτι
536 1414 617 1485 τῷ
657 1412 970 1487 κυϐερνήτῃ
1030 1415 1211 1478 καλῶς
1269 1416 1659 1481 ἑπελπίζουσα,
1716 1418 1812 1469 καὶ

224 1506 644 1579 μνημονευέτω,
674 1506 791 1569 πῶς
828 1505 923 1559 καὶ
963 1506 1131 1560 Ῥαὰϐ
1151 1505 1285 1560 οὖσα
1329 1506 1466 1577 μετά
1498 1506 1810 1575 ἀλλοφύλων

221 1597 545 1651 ἐπίστευσεν
579 1596 963 1667 Ἰσραηλίταις,
994 1598 1087 1650 καὶ⁷
1118 1598 1238 1667 μετ’
1262 1598 1443 1650 αὐτῶν
1469 1595 1804 1668 κατηξιώθη·

220 1688 273 1740 oi
300 1687 359 1739 δὲ
400 1687 738 1757 Ἰσραηλῖται
769 1690 835 1757 τῇ
866 1690 1053 1759 ἀγάπῃ
1086 1690 1167 1752 είς
1202 1689 1476 1756 Αἴγυπτον
1508 1690 1808 1760 μετεστρά-

1915 592 2173 661 colligere
2208 599 2451 646 mentem
2506 599 2563 646 et
2609 592 2991 663 cogitationes.
3023 609 3127 650 nec
3169 595 3302 663 quid
3342 599 3491 651 aliud

1917 685 2103 739 animo
2140 684 2456 754 concipere,
2503 698 2668 753 quam
2718 686 3189 756 exspectationem
3240 688 3495 759 eiusin-

1914 774 2079 828 tuerL

1986 865 2051 919 ll.
2087 863 2169 919 Sit
2206 864 2375 935 igitur
2396 862 2600 927 anima,
2628 862 2857 931 perinde
2886 877 2951 918 ac
2975 877 3099 933 quae
3124 861 3265 917 ﬁlios
3291 877 3495 933 vagan-

1914 963 1998 1008 tes
2027 954 2258 1024 colligit,
2291 961 2349 1008 et
2395 955 2669 1023 castigans
2702 952 2980 1022 dispersas
3017 968 3047 1008 a
3085 963 3312 1023 peccato
3346 952 3493 1021 cogi-

1912 1044 2168 1109 tationes,
2188 1043 2522 1113 inducatque
2550 1044 2606 1097 in
2628 1043 2854 1098 domum
2871 1043 3125 1112 corporis
3147 1044 3253 1107 sui,
3275 1057 3495 1112 semper

1911 1143 2235 1205 exspectans
2289 1135 2583 1189 Dominum
2648 1138 2703 1189 in
2780 1133 2992 1205 jejunio
3044 1142 3101 1188 et
3159 1134 3490 1196 dilectione,

1911 1227 2133 1297 quando
2164 1226 2393 1282 veniens
2421 1242 2550 1282 vere
2588 1241 2709 1281 eam
2733 1226 2972 1296 colligat.
3002 1226 3270 1280 Futurum
3308 1234 3489 1281 autem

1912 1333 2038 1373 cum
2069 1319 2141 1372 sit
2164 1317 2459 1381 incertum,
2494 1333 2560 1372 eo
2596 1317 2833 1387 amplius
2876 1324 3081 1386 speret,
3124 1317 3179 1371 in
3216 1318 3491 1387 guberna-

1914 1418 2035 1465 tore
2069 1425 2165 1480 spe
2201 1420 2349 1465 recte
2377 1410 2684 1475 collocata;
2717 1418 2772 1464 et
2806 1418 3028 1464 revocet
3056 1408 3110 1463 in
3142 1410 3487 1473 memoriam,

1911 1502 2188 1570 quomodo
2228 1502 2378 1555 Raab
2420 1517 2547 1556 cum
2595 1500 2919 1571 alienigenis
2971 1516 3323 1561 eonversans.
3365 1516 3488 1555 cre-

1912 1592 2054 1647 didit
2098 1592 2384 1655 lsraelitis,
2429 1606 2731 1659 eorumque
2781 1592 3046 1646 societate
3099 1592 3262 1661 digna
3306 1591 3491 1646 habita

1910 1690 2016 1738 est.
2048 1684 2309 1738 Israelita}
2338 1692 2521 1737 autem
2553 1697 2620 1736 cx
2646 1697 2832 1736 amore
2874 1683 2929 1736 in
2966 1682 3257 1753 [Egyptum
3286 1685 3491 1738 reversi

224 1794 423 1846 φησαν.
463 1776 550 1839 Ὧς
579 1774 673 1830 οὖν
695 1778 848 1831 οὐδὲν
868 1777 1069 1848 ἔϐλαψε
1113 1778 1211 1849 τὴν
1248 1779 1478 1851 Ῥαάὁή
1514 1780 1653 1850 μετὰ
1689 1779 1801 1833 τῶν
1913 1792 1915 1825 1

1913 1782 2062 1827 sunt.
2086 1772 2561 1838 Quemadmodum
2587 1787 2717 1843 ergo
2750 1773 2889 1827 nihil
2920 1776 3109 1827 nocuit
3149 1775 3300 1829 Raab
3337 1776 3493 1829 habi-

222 1868 535 1935 ἀλλοφύλων
567 1868 803 1938 οἴκησις,
851 1868 967 1921 ἀλλ’
1007 1871 1041 1940 ἡ
1087 1870 1269 1933 πίστις
1308 1869 1552 1941 ᾠκείωσε
1591 1872 1659 1941 τῇ
1711 1886 1807 1940 με·
1834 1851 1913 1910 B‘

1799 1851 1881 1910 -Β
1911 1863 2049 1918 talio
2082 1879 2207 1917 cum
2254 1864 2599 1933 alienigenis,
2640 1863 2736 1917 sed
2781 1862 2918 1918 ﬁdes
2968 1879 3089 1917 eam
3134 1864 3490 1920 domesticam

228 1960 334 2029 ρίδι
372 1960 483 2011 τῶν
531 1960 899 2029 Ἰσραηλιτῶν·
929 1959 1102 2024 οὕτως
1154 1961 1306 2014 οὐδὲν
1340 1960 1531 2031 βλάψει
1570 1960 1814 2031 ἁμαρτία

223 2055 349 2112 τοὺς
375 2051 434 2103 ιν
458 2051 631 2104 ἐλπίδι
652 2052 747 2106 καὶ
777 2052 955 2105 πίστει
979 2053 1070 2106 τὸν
1091 2052 1384 2123 Λυτρωτὴν
1408 2052 1810 2122 ἐκδεχομένους,

224 2140 284 2204 ὃς
301 2141 743 2212 παραγενόμενος
762 2141 1084 2211 μεταϐάλλει
1100 2143 1225 2206 τοὺς
1250 2142 1542 2212 λογισμοὺς
1580 2144 1679 2213 τῆς
1712 2141 1813 2211 ψυ-

224 2233 351 2305 χῆς,
373 2232 467 2286 καὶ
496 2235 638 2287 ποιεῖ
662 2234 858 2297 αὐτοὺς
877 2233 1115 2298 θεῖκοὺςς
1128 2234 1672 2303 ούρανίους,ἀγαθοὺς
1689 2275 1703 2298 ,
1718 2233 1814 2288 καὶ

223 2325 468 2378 διδάσκει
497 2324 594 2395 τὴν
617 2324 794 2394 ψυχὴν
832 2324 996 2394 εὐχὴν
1060 2324 1341 2394 ἀληθινὴν,
1381 2324 1811 2395 ἀπερίσπαστον,

224 2414 629 2485 ἀρῤέμὸαστον.
651 2415 746 2481 Μὴ
769 2415 978 2483 φοϐοῦ,
1008 2417 1191 2485 φησὶν,
1208 2414 1322 2485 ἐγὼ
1340 2414 1681 2484 ἔμπροσθέν
1696 2429 1813 2468 σου

225 2504 574 2572 πορεύομαι,
608 2503 705 2556 καί
731 2504 840 2572 ὄρη
897 2502 1143 2573 όμυλιῶ,
1174 2505 1357 2572 θύρας
1402 2502 1633 2573 χαλκᾶς
1663 2519 1812 2557 συν-

225 2596 441 2662 τρίψω,
505 2594 605 2647 καί
645 2594 917 2663 μοχλοὺς
973 2594 1261 2663 σιδηροῦς
1311 2594 1659 2649 συνθλάσω.
1705 2592 1812 2647 Καὶ

228 2686 415 2749 πάλιν,
430 2685 718 2753 Πρόσεχε,
734 2686 888 2755 φησὶ,
905 2684 1140 2749 σεαυτῷ
1154 2685 1385 2755 μήποτε
1397 2684 1637 2753 γένηται
1649 2683 1814 2752 ῥῆμα

226 2774 673 2845 κρυπτὸνὲντῇ
706 2776 917 2842 καρδίᾳ
934 2791 1051 2828 σου
1089 2776 1398 2843 ἀνόμημα·
1411 2774 1499 2842 μὴ
1534 2773 1714 2839 εἴπῃς
1747 2772 1815 2825 ἐν

227 2868 306 2937 τῇ
330 2867 543 2936 καρδίᾳ
564 2882 681 2920 σου
704 2882 719 2897 ·
749 2867 930 2920 Τοῦτο
952 2867 1016 2919 τὸ
1039 2866 1215 2931 ἔθνος
1238 2865 1397 2919 πολὺ
1426 2866 1521 2918 καί
1540 2865 1810 2933 ἰσχυρόν.

300 2960 378 3012 Γ¹.
424 2959 548 3011 Ἐὰν
584 2958 658 3027 μὴ
698 2959 861 3026 ἡμεῖς
911 2955 1317 3026 χαυνωθῶμεν,
1350 2956 1444 3007 καὶ
1483 2954 1815 3023 παραδῶμεν

224 3050 329 3113 τὰς
357 3049 526 3116 νομὰς
547 3051 658 3110 τοῖς
684 3047 937 3107 ἀτάκτοις
968 3047 1243 3115 λογισμοῖς
1272 3045 1369 3114 τῆς
1411 3045 1607 3107 κακίας
1632 3086 1647 3110 ,
1680 3044 1815 3097 ἀλλὰ

226 3142 307 3212 τῷ
354 3139 621 3210 θελήματι
670 3137 828 3208 ἡμῶν
871 3137 1118 3207 ἕλκωμεν
1178 3136 1271 3190 τὸν
1308 3134 1453 3200 νοῦν,
1505 3135 1813 3205 βιαζόμενοι

225 3233 357 3294 τοὺς
383 3231 679 3300 λογισμοὺς
715 3228 852 3299 πρὸς
882 3229 973 3282 τὸν
1010 3229 1236 3299 Κύριον·
1279 3229 1497 3288 πάντως
1540 3227 1570 3279 ὁ
1606 3227 1812 3296 Κύριος

225 3325 306 3397 τῷ
341 3325 606 3396 θελήματι
660 3322 824 3376 αὐτοῦ
866 3321 1147 3375 ἐλεύσεται
1202 3321 1337 3391 πρὸς
1391 3322 1559 3391 ἡμᾶς,
1613 3321 1710 3375 καὶ
1752 3320 1811 3387 ἐξ

226 3417 489 3487 ἀληθείας
520 3417 814 3483 συναγάγοι
858 3417 1005 3484 ἡμᾶς
1042 3413 1178 3483 πρὸς
1210 3414 1424 3467 ἑαυτόν.
1454 3414 1611 3465 Πᾶσα
1648 3411 1756 3483 γὰρ
1778 3414 1811 3482 ἡ

223 3512 590 3582 εὐαρέστησις
646 3510 740 3560 καὶ
792 3510 826 3578 ἡ
880 3506 1126 3560 διακονία
1172 3506 1231 3557 ὲν
1279 3506 1392 3567 τοῖς
1444 3503 1813 3571 διαλογισμοῖς

225 3605 396 3655 ἐστιν·
428 3601 569 3653 ὥστε
605 3600 906 3652 σπούδασον
938 3598 1132 3666 ἀρέσαι
1162 3596 1242 3666 τῷ
1266 3595 1477 3665 Κυρίῳ,
1501 3593 1813 3665 προσδοκῶν

225 3691 391 3746 αὐτὸν
421 3691 506 3743 ἀεὶ
538 3689 762 3754 ἔσωθεν,
796 3688 973 3760 ζητῶν
1004 3689 1167 3740 αὐτὸν
1195 3690 1252 3740 ὲν
1283 3689 1392 3749 τοῖς
1419 3686 1807 3753 διαλογισμοῖς,

225 3786 323 3839 καὶ
354 3783 677 3854 βιαζόμενος
714 3782 811 3835 καὶΙ
863 3781 1190 3848 ἀναγκάζων
1239 3779 1300 3833 τὸ
1355 3778 1549 3832 ἑαυτοῦ
1601 3778 1810 3847 θέλημα

226 3878 323 3931 καὶ
355 3875 454 3945 τὴν
489 3873 809 3945 προαίρεσιν
838 3914 853 3938 ,
885 3872 1021 3942 πρὸς
1063 3871 1224 3923 αὑτὸν
1276 3871 1365 3923 ἀεὶ
1413 3867 1807 3923 ἀνατείνεσθαι.

226 3968 338 4021 Καὶ
372 3966 475 4035 ὅρα
524 3964 643 4027 πῶς
676 3963 895 4034 ἔρχεται
943 3962 1080 4033 πρὸς
1107 3962 1188 4026 σὲ,
1223 3960 1316 4013 καὶ
1354 3959 1520 4030 μονὴν
1577 3960 1809 4012 ποιεῖται

226 4059 381 4129 παρὰ
427 4056 530 4112 οοί.
566 4058 731 4109 Ὅσον
760 4055 869 4125 γὰρ
914 4054 1165 4123 συνάγεις
1192 4054 1283 4106 τὸν
1313 4052 1438 4106 νοῦν
1484 4069 1577 4104 σου
1606 4052 1685 4114 είς
1710 4051 1809 4121 τὴν

226 4151 459 4221 ζήτησιν
502 4146 693 4210 αὐτοῦ,
739 4146 873 4200 πολὺ
918 4146 1082 4199 πλέον
1117 4146 1279 4206 αὐτὸς
1311 4142 1677 4211 ἀναγκάζεται
1704 4141 1809 4194 ὑπὸ

224 4246 326 4314 τῆς
362 4242 495 4305 ίδίας
520 4240 922 4309 εὐσπλαγχνίας
946 4238 1042 4291 καὶ⁵
1067 4238 1435 4308 χρηστότητος
1464 4234 1642 4286 ὲλθεῖν
1673 4236 1809 4303 πρὸς

227 4335 311 4397 σὲ,
345 4335 441 4388 καὶ
469 4331 783 4387 ἀναπαῦσαι
818 4348 898 4385 σε.
931 4331 1171 4399 Ἐστηκε
1211 4326 1319 4397 γὰρ
1342 4325 1563 4401 θεωρῶν
1596 4340 1688 4376 σου
1718 4323 1808 4375 τὸν

224 4424 373 4487 νοῦν,
412 4424 536 4485 τοὺς
562 4422 967 4491 διαλογισμοὺς,
990 4419 1088 4482 τὰς
1114 4416 1462 4487 ἐνθυμήσεις·
1496 4412 1807 4467 ἐπισκοπῶν

1916 1953 2159 2009 reddidit
2188 1954 2441 2023 partibus
2482 1954 2853 2008 lsraelitarum
2882 1972 2895 2006 :
2927 1954 3001 2008 ita
3027 1964 3313 2023 peccatum
3351 1957 3489 2010 nihil

1913 2045 2063 2099 laadit
2089 2058 2205 2104 eos,
2237 2044 2331 2111 qui
2376 2042 2430 2095 in
2464 2058 2560 2111 spe
2602 2052 2659 2096 et
2689 2042 2793 2096 ﬁde
2841 2043 3246 2113 redemptorem
3297 2060 3496 2114 exspe-

1914 2143 2087 2197 ctant,
2118 2134 2213 2203 qui
2238 2133 2546 2187 adveniens
2590 2134 2844 2186 immutat
2881 2134 3241 2203 cogitationes
3273 2136 3492 2201 animae,

1914 2226 2203 2294 redditque
2247 2240 2341 2279 eas
2385 2224 2621 2288 divinas,
2664 2225 2937 2286 caelestes,
2986 2226 3193 2290 bonas;
3228 2234 3283 2280 et
3332 2227 3494 2282 docet

1916 2320 2153 2372 animam
2199 2333 2390 2371 verum
2435 2316 2699 2386 precandi
2741 2317 2987 2379 modum,
3017 2332 3129 2371 non
3166 2317 3493 2372 distractum

1916 2427 2018 2466 nec
2037 2411 2446 2481 vagabundum.
2480 2411 2557 2464 Ne
2583 2413 2792 2475 timeas,
2828 2411 3025 2479 inquit,
3049 2428 3141 2481 ego
3167 2421 3291 2465 ante
3319 2422 3366 2466 te
3388 2414 3491 2477 ibo,

1916 2511 1965 2558 et
2026 2513 2228 2556 montes
2276 2502 2587 2572 adwquabo,
2626 2510 2808 2571 portas
2867 2518 3043 2555 ωηερε
3112 2512 3407 2568 conteram,
3445 2512 3494 2555 et

1916 2606 2080 2651 vectes
2127 2598 2323 2666 ferreos
2368 2596 2701 2665 confringant
2743 2597 2785 2648 '.
2845 2594 2913 2649 Et
2951 2610 3169 2649 rursum
3206 2613 3220 2649 :
3270 2596 3495 2649 Attende

1918 2692 2007 2743 tibi
2082 2690 2202 2759 ipsi,
2261 2690 2356 2753 ait,
2423 2688 2701 2756 nequando
2744 2686 2954 2739 verbum
3024 2686 3387 2739 absconditum
3436 2689 3493 2741 in

1915 2782 2069 2835 corde
2099 2789 2186 2833 tuo
2226 2779 2325 2847 ﬁat
2356 2779 2631 2848 iniquitas,
2675 2794 2740 2831 ne
2774 2780 2918 2831 dicas
2941 2779 2996 2831 in
3021 2778 3176 2831 corde
3206 2786 3293 2831 tuo
3313 2794 3332 2832 :
3358 2777 3495 2833 Gens

1916 2870 2022 2921 haec
2052 2883 2330 2920 numerosa
2369 2874 2444 2919 est
2478 2874 2527 2917 et
2572 2876 2754 2934 potens
2778 2865 2843 2917 ¹⁰.

1986 2958 2075 3013 lli.
2110 2958 2165 3012 Si
2200 2974 2300 3011 nos
2321 2956 2574 3011 socordia
2601 2972 2711 3010 non
2738 2956 3132 3020 dissolvamur,
3156 2971 3262 3011 nec
3295 2956 3494 3025 pabula

1916 3051 2259 3121 praebeamus
2276 3047 2654 3117 incompositis
2672 3046 3100 3116 cogitationibus
3122 3045 3345 3099 malitiae
3360 3087 3375 3109 ,
3396 3046 3493 3099 sed

1920 3143 2203 3196 voluntate
2244 3148 2431 3194 nostra
2478 3139 2764 3193 trahamus
2813 3138 3080 3202 animum,
3107 3146 3164 3191 et
3198 3138 3495 3206 compella-

1916 3248 2040 3288 mus
2071 3232 2434 3302 cogitationes
2471 3230 2537 3284 ad
2588 3231 2917 3294 Dominum;
2955 3229 3124 3284 dubio
3166 3230 3360 3298 procul
3392 3230 3497 3283 Do-

1918 3327 2103 3381 minus
2124 3334 2319 3396 sponte
2349 3340 2448 3379 sua
2472 3324 2658 3378 veniet
2683 3322 2749 3375 ad
2780 3336 2903 3384 nos,
2943 3329 3000 3375 et
3032 3335 3226 3375 revera
3255 3336 3492 3391 congre-

1914 3420 2063 3490 gabit
2092 3434 2192 3472 nos
2217 3418 2281 3471 ad
2312 3433 2370 3471 se
2417 3417 2616 3487 ipsum.
2662 3413 2854 3468 Omnis
2901 3413 3048 3465 enim
3094 3413 3494 3481 complacentia

1922 3522 1982 3567 et
2018 3510 2387 3565 ministerium
2413 3509 2465 3562 in
2490 3506 2919 3577 cogitationibus
2940 3505 3210 3559 consistit.
3226 3503 3494 3571 Quocirca

1914 3600 2185 3656 contende
2232 3608 2292 3653 ut
2339 3598 2556 3668 placeas
2584 3597 2838 3660 Domino,
2862 3603 3187 3663 exspectans
3207 3608 3332 3648 eum
3363 3610 3495 3663 per-

1912 3699 2079 3759 petuo
2121 3689 2371 3752 interius,
2438 3701 2691 3755 quaerens
2728 3702 2853 3739 eum
2922 3685 2973 3739 in
3029 3684 3491 3754 cogitationibus,

1912 3788 1967 3832 et
1995 3778 2329 3846 compellens
2345 3784 2506 3845 atque
2536 3775 2763 3843 adigens
2788 3784 2934 3828 tuam
2959 3774 3132 3842 ipsius
3150 3775 3489 3829 voluntatem

1911 3878 2077 3938 atque
2106 3869 2493 3930 intentionem,
2514 3874 2575 3920 ut
2606 3867 2661 3920 in
2694 3881 2819 3920 eum
2852 3876 3122 3935 perpetuo
3148 3865 3439 3921 intendant
3474 3884 3490 3921 :

1909 3968 1966 4013 et
2000 3960 2247 4028 expende
2278 3975 2387 4027 qua
2440 3958 2652 4012 ratione
2678 3957 2830 4011 venit
2869 3956 2936 4010 ad
2965 3966 3037 4018 te.
3070 3967 3124 4010 et
3149 3958 3493 4012 mansionem

1910 4048 2042 4102 facit
2072 4048 2215 4117 apud
2256 4054 2331 4101 te.
2374 4046 2590 4112 Quanto
2611 4047 2758 4100 enim
2801 4046 2973 4115 magis
3003 4046 3216 4116 colligis
3244 4046 3492 4103 animum

1914 4147 2068 4192 tuum
2088 4138 2154 4191 ad
2183 4154 2312 4192 eum
2363 4137 2742 4207 quaerendum,
2784 4145 2939 4190 tanto
2973 4137 3146 4205 magis
3192 4138 3309 4206 ipse
3342 4152 3493 4192 com-

1911 4228 2150 4297 pelletur
2180 4243 2211 4281 a
2244 4228 2467 4297 propria
2490 4226 2873 4282 misericordia
2919 4234 3084 4295 atque
3128 4226 3492 4297 benignitate,

1910 4330 1971 4373 ut
2002 4320 2185 4374 veniat
2216 4319 2283 4373 ad
2320 4326 2394 4383 te,
2428 4327 2484 4373 et
2514 4328 2564 4373 te
2589 4318 2879 4372 refocillet.
2918 4318 3086 4371 Fixus
3128 4319 3276 4372 enim
3308 4320 3493 4375 intue-

1913 4419 2003 4465 tur
2055 4421 2295 4464 mentcm
2342 4416 2513 4473 tuam,
2544 4409 2909 4479 cogitationes
2960 4416 3017 4462 et
3072 4410 3491 4476 meditationes;

226 4517 347 4580 πῶς
395 4516 579 4587 ζητεῖς
607 4514 792 4579 αὑτὸν,
824 4512 920 4566 καὶ
950 4515 995 4565 εί
1026 4512 1087 4577 ἐξ
1106 4510 1232 4581 ὅλης
1274 4509 1374 4579 τῆς
1406 4506 1583 4577 ψυχῆς
1612 4507 1805 4587 σου,εί
1836 4527 1882 4582 D
1915 4507 1917 4571 ξ

1804 4548 1805 4551 η
1836 4527 1882 4582 D
1915 4505 2074 4574 119
2098 4503 2453 4559 considerans
2484 4503 2761 4573 quomodo
2820 4517 3034 4570 quaeras
3068 4518 3194 4556 eum
3218 4512 3306 4567 ,et
3331 4519 3398 4557 an
3427 4520 3495 4558 ex

227 4608 306 4679 μὴ
333 4606 578 4677 νωθρῶς,
610 4607 659 4659 εί
692 4605 767 4677 μὴ
806 4604 1045 4676 ἀμελῶς.

296 4792 370 4843 Δ’.
401 4788 512 4841 Καὶ
536 4788 664 4841 ὅταν
690 4786 773 4857 ῐδῃ
811 4784 910 4857 τὴν
960 4784 1197 4854 σπουδήν
1232 4798 1324 4836 σου
1353 4779 1488 4851 πρὸς
1520 4779 1618 4847 τὴν
1640 4775 1803 4831 αὐτοῦ

228 4882 479 4951 ζήτησιν,
538 4880 663 4933 τότε
718 4877 1050 4948 φανεροῦται
1113 4876 1209 4929 καὶ
1289 4871 1634 4942 ἐπιφαίνεταί
1697 4886 1800 4933 σοι,

227 4973 324 5039 καὶ
354 4972 454 5039 τῆς
476 4968 642 5023 αὐτοῦ
666 4986 669 4990 ‘
696 4968 951 5039 βοηθείας
988 4966 1334 5037 μεταδίδωσι,
1371 4965 1467 5017 καί¹
1501 4963 1601 5031 τὴν
1635 4960 1795 5029 νίκην

227 5078 313 5113 σοι
351 5061 518 5125 ποιεῖ,
550 5058 812 5129 ῥυόμενος
839 5075 897 5111 σε
930 5059 995 5110 ἐκ
1028 5057 1136 5110 τῶν
1188 5054 1395 5125 ἐχθρῶν
1434 5070 1548 5106 σου.
1578 5052 1798 5121 Θεωρή-

228 5171 331 5217 σας
364 5152 476 5222 γὰρ
510 5153 775 5223 πρότερον
800 5150 900 5221 τὴν
943 5151 1041 5221 σὴν
1069 5150 1205 5218 πρὸς
1227 5148 1389 5201 αὑτὸν
1420 5146 1668 5216 ζήτησιν,
1707 5143 1799 5196 καὶ

223 5246 301 5308 ὡς
330 5245 460 5315 ὃλην
485 5262 577 5297 σου
602 5244 703 5313 τὴν
736 5243 1062 5313 προσδοκίαν
1079 5241 1439 5302 ἀδιαλείπτως
1472 5238 1607 5310 πρὸς
1636 5236 1797 5291 αὐτὸν

223 5335 371 5405 ἔχεις
395 5349 410 5363 ·
436 5327 591 5398 οὗτος
622 5332 886 5396 διδάσκει,
932 5334 1026 5387 καὶ
1070 5332 1252 5385 δίδωσί
1290 5348 1370 5383 σοι
1412 5327 1579 5399 εὐχὴν
1619 5326 1804 5397 ἀληθι-

223 5428 346 5497 νὴν,
412 5426 634 5495 ἀγάπην
698 5424 982 5495 ἀληθινὴν,
1038 5425 1161 5495 ἣτις
1190 5424 1337 5477 ἐστὶν
1386 5421 1551 5483 αὐτὸς
1609 5421 1668 5471 ὲν
1719 5415 1802 5469 σοὶ

228 5519 411 5573 πάντα
443 5518 788 5587 γιγνόμενος,
823 5517 1176 5587 παράδεισος,
1210 5514 1364 5581 ξύλον
1391 5512 1560 5580 ζωῆς,
1595 5526 1800 5581 μαργα-

222 5613 409 5684 ρίτης.
470 5610 757 5679 στέφανος,
833 5609 1134 5678 οἰκοδόμος,
1208 5604 1471 5678 γεωργὸς,
1536 5600 1797 5671 παθητὸς,

300 5790 447 5848 'lsa.
473 5806 586 5858 xxv,
621 5791 671 5845 1.
753 5789 796 5823 ¹⁹
818 5789 974 5845 Deut.
1006 5802 1103 5842 vn.
1147 5786 1236 5840 27.

1910 4606 2023 4651 tota
2087 4593 2271 4650 anima
2333 4604 2465 4660 tua,
2506 4609 2691 4649 annon
2739 4593 3018 4664 segniter,
3070 4608 3253 4648 annon
3318 4595 3495 4663 negli-

1911 4697 2124 4759 genter.

1972 4780 2063 4835 IV.
2102 4779 2170 4835 Et
2198 4779 2293 4833 ubi
2324 4778 2528 4834 viderit
2557 4778 2902 4849 diligentiam
2934 4787 3105 4843 tuam,
3146 4778 3203 4832 in
3234 4792 3302 4832 eo
3335 4792 3491 4846 qua:-

1901 4871 2074 4926 rendo
2107 4870 2432 4934 adhibitam,
2464 4878 2595 4924 tunc
2622 4870 3011 4924 manifestatur
3031 4879 3087 4924 et
3121 4876 3350 4939 apparet
3370 4868 3492 4933 tibi,

1901 4963 2278 5032 auxiliumque
2328 4978 2489 5017 suum
2534 4962 2852 5032 impertitur
2880 5004 2895 5027 ,
2949 4978 3013 5016 ac
3063 4962 3352 5016 victoriam
3389 4962 3491 5016 tibi

1904 5063 2193 5123 prmparat,
2219 5053 2463 5107 liberans
2501 5062 2552 5107 te
2581 5054 2651 5107 ab
2681 5053 2938 5107 hostibus
2969 5054 3100 5107 tuis.
3134 5052 3497 5121 Conspiciens

1904 5146 2049 5198 enim
2083 5145 2235 5214 prius
2264 5154 2418 5198 tuum
2455 5144 2738 5214 quaerendi
2788 5159 2917 5198 eum
2965 5144 3219 5198 ardorem
3245 5183 3259 5207 ,
3299 5151 3355 5197 et
3385 5159 3496 5212 quo

1903 5244 2065 5302 pacto
2091 5248 2308 5287 omnem
2342 5242 2492 5287 tuam
2524 5250 2675 5303 spem
2702 5234 3146 5289 iudesinenterin
3176 5234 3494 5288 colocatam

1906 5323 2129 5388 habeas,
2173 5323 2264 5376 hic
2308 5322 2473 5378 docet
2526 5340 2667 5393 aque
2720 5325 2948 5394 largitur
2987 5340 3178 5379 verum
3230 5326 3492 5394 precandi

1902 5415 2147 5479 modum,
2207 5413 2565 5468 dilectionem
2628 5411 2839 5479 veram,
2867 5431 2991 5484 qua:
3052 5424 3138 5470 est
3182 5414 3336 5483 ipse,
3398 5415 3493 5483 qui

1905 5506 2087 5561 omnia
2112 5504 2257 5575 apud
2297 5512 2351 5561 te
2377 5505 2456 5573 ﬁt,
2489 5507 2779 5576 paradisus
2802 5548 2816 5572 ,
2854 5508 3063 5578 lignum
3104 5508 3250 5571 vitae,
3278 5521 3494 5575 marga-

1904 5598 2028 5666 rita,
2070 5610 2295 5663 corona,
2341 5598 2703 5665 architectus,
2728 5597 2991 5669 agricola,
3014 5598 3281 5669 patibilis,
3322 5596 3492 5667 impa-
