4282 6364
831 412 935 480 ’131

2051 411 2112 470 S.
2154 407 2474 467 MACARII
2515 403 2837 466 {EGYPTII

3983 396 4100 460 732

834 524 1029 586 tibilis,
1061 523 1246 582 homo,
1278 522 1440 583 Deus,
1474 518 1661 571 vinum
1687 558 1699 582 ,
1730 533 1866 585 aqua
1902 517 2043 580 viva,
2072 517 2212 579 ovis,
2244 530 2410 584 spon-
2440 522 2485 575 Α
2514 531 2525 567 t

2440 522 2485 575 Α
2514 515 2746 582 ἀπαθὴς,
2778 513 3081 583 ἄνθρωπος,
3108 511 3258 575 Θεὸς,
3296 507 3457 574 οἶνος,
3509 509 3652 578 ὕδωρ
3697 509 3832 573 ζῶν,
3872 510 4100 580 πρὸσα-

835 630 950 680 sus,
976 615 1230 681 bellator,
1282 628 1454 676 artua,
1505 611 1686 665 omnia
1741 610 1796 663 in
1851 610 2108 664 omnibus
2133 610 2404 664 Christus.

835 704 1302 770 Quemadmodum
1324 718 1453 756 vero
1481 703 1660 755 infans
1693 717 1801 754 non
1834 702 1986 754 novit
2017 716 2074 754 se
2109 701 2286 769 ipsum
2309 717 2407 754 eu-

835 809 954 847 rare
984 794 1067 845 vel
1104 808 1323 855 ornare,
1358 792 1452 845 sed
1485 792 1664 844 solum
1695 791 1885 844 oculos
1909 791 2183 844 convertit
2206 791 2272 843 ad
2293 807 2408 844 ma-

835 892 994 944 trem,
1041 883 1218 945 flens,
1262 882 1438 935 donec
1484 881 1862 935 misericordia
1915 889 2186 934 commota
2253 882 2408 934 illum

833 974 1097 1042 suscipiat
1137 990 1150 1026 :
1179 975 1259 1027 sic
1305 972 1495 1026 fideles
1523 975 1719 1025 animae
1742 972 1797 1024 in
1828 973 1945 1025 solo
1973 972 2203 1024 Domino
2255 986 2410 1039 spem

833 1065 1036 1119 habent
1072 1075 1375 1134 perpetuo,
1417 1080 1635 1118 omnem
1668 1064 1940 1134 justitiam
1969 1065 2019 1117 ei
2071 1064 2406 1128 tribuentes,

832 1158 958 1223 quia
995 1156 1136 1208 sicut
1157 1156 1275 1210 sine
1305 1157 1414 1210 vite
1447 1156 1654 1224 palmes
1702 1155 1923 1219 arescit,
1961 1155 2040 1208 sic
2072 1170 2289 1224 quoque
2315 1155 2410 1223 qui

832 1247 1039 1312 absque
1085 1244 1308 1298 Christo
1338 1243 1788 1312 vultjustificari.
1840 1245 1906 1297 Et
1947 1245 2408 1312 quemadmodum

834 1337 975 1390 latro
1004 1344 1089 1388 est
1134 1345 1189 1388 et
1231 1336 1317 1388 fur
1351 1377 1363 1396 ,
1396 1336 1482 1402 qui
1513 1350 1604 1403 per
1641 1335 1936 1403 ingressum
1979 1351 2080 1386 non
2106 1335 2293 1397 intrat,
2321 1335 2411 1387 sed

837 1425 1049 1476 aliunde
1092 1426 1326 1476 ascendit
1352 1427 1390 1454 ¹¹
1423 1441 1436 1477 :
1469 1426 1543 1477 ita
1574 1425 1666 1492 qui
1712 1425 1829 1477 sine
1877 1424 2210 1493 justiticantc
2241 1440 2300 1478 se
2333 1426 2413 1494 ip-

836 1528 954 1564 sum
987 1512 1270 1582 justifieat.

909 1696 974 1750 V.
1041 1698 1321 1751 Tollamus
1385 1713 1515 1766 ergo
1574 1713 1774 1767 corpus
1831 1710 2126 1761 nostrum,
2182 1707 2238 1752 et
2291 1713 2413 1752 con-

838 1795 1116 1842 struamus
1171 1789 1339 1842 altare
1387 1799 1444 1841 et
1491 1791 2011 1856 superimponaunis
2047 1803 2240 1843 omnes
2303 1805 2406 1843 no-

2509 622 2621 669 10v,
2659 605 2910 672 νυμφίος,
2963 603 3314 673 πολεμιστὴς,
3363 605 3548 664 ὅπλον,
3601 604 3780 655 πάντα
3829 604 3890 653 ἐν
3946 603 4100 653 πᾶσι

2510 681 2763 762 Χριστός.
2806 695 2914 745 Καὶ
2939 693 3127 760 ὥσπερ
3162 695 3222 744 16
3259 694 3450 761 νήπιον
3481 693 3580 744 οὐκ
3624 688 3764 744 οἶδεν
3800 692 3969 744 ἐαυτδ
4001 691 4101 742 Οε-

2513 782 2807 851 ραπεῦσαι,
2835 783 2867 851 ἢ
2894 782 3221 851 τημελῆσαι,
3259 783 3394 835 ἀλλὰ
3427 783 3586 852 μόνον
3617 781 3918 834 ἁποὸλέττει
3946 781 4101 847 πρὶς

2509 874 2608 942 τὴν
2661 874 2896 944 μητέρα,
2970 875 3155 926 κλαῖον
3206 874 3338 925 πότε
3393 874 3856 942 σπλαγχνισθεῖσα
3925 870 4104 924 τοῦτο

2511 966 2848 1036 ἀναλάὁηται
2874 983 2886 996 ·
2907 968 3082 1028 οὕτως
3111 970 3166 1021 αἱ
3194 967 3382 1020 πισταὶ
3397 967 3569 1036 ψυχαὶ
3606 968 3751 1036 μόνῳ
3782 966 3862 1034 τῷ
3895 967 4104 1035 Κυρίῳ

2513 1057 2828 1120 ἐλπίζουσιν
2866 1059 2975 1122 ἀεὶ,
3004 1061 3187 1114 πᾶσαν
3216 1058 3565 1126 δικαιοσύνην
3590 1057 3737 1126 αὑτῷ
3776 1058 4104 1125 ἀπονέμου-

2515 1166 2631 1201 σαι.
2667 1149 2878 1220 Ὠσπερ
2905 1150 3013 1219 γὰρ
3050 1151 3219 1219 χωρὶς
3246 1150 3340 1216 τῆς
3364 1149 3613 1217 ἀμπέλου
3667 1148 3729 1199 τὸ
3755 1148 3945 1215 κλῆμα
3979 1147 4099 1216 ψύ-

2512 1257 2686 1309 χεται,
2714 1241 2888 1302 οὕτως
2915 1241 3009 1293 καὶ
3037 1243 3064 1294 6
3094 1243 3220 1294 ἄνευ
3253 1242 3488 1308 Χριστοῦ
3517 1240 3856 1294 δικαιοῦσθαι
3892 1239 4106 1309 θέλων.-

2525 1333 2612 1395 Ὦς
2646 1337 2674 1386 6
2706 1335 2908 1406 λῃστὴς
2955 1336 3050 1386 καὶ
3075 1336 3102 1386 6
3155 1333 3393 1400 κλέπτης
3419 1335 3606 1395 -ἐστὶν,
3641 1337 3672 1385 ό
3711 1332 3797 1399 μὴ
3840 1331 3939 1384 διὰ
3979 1329 4103 1396 τῆς

2515 1425 2758 1477 εἰσόδου
2785 1427 3230 1492 εἰσερχόμενος,
3272 1424 3432 1476 ἀλλὰ
3467 1426 3810 1492 ἀλλαχόθεν
3843 1424 4105 1476 ἀναϐαί-

2514 1530 2636 1565 νων
2657 1532 2669 1545 ·
2703 1513 2874 1576 οὕτως
2910 1517 2938 1567 6
2966 1518 3093 1568 ἄνευ
3123 1513 3219 1564 τοῦ
3255 1512 3592 1575 δικαιοῦντος
3634 1514 3810 1582 ἐαυτῷ
3841 1513 4102 1565 δικαιού-

2519 1620 2699 1670 μενος.

2587 1695 2663 1746 E'.
2709 1697 2966 1764 Ἀρωμεν
2994 1692 3087 1749 οὖν
3111 1697 3170 1749 16
3202 1698 3363 1766 σῶμα
3392 1697 3569 1763 τοῦτο,
3618 1699 3712 1750 καὶ
3761 1698 4102 1764 ποιήσωμεν

2519 1784 2931 1855 θυσιαστήριον,
2960 1790 3053 1838 καὶ
3084 1788 3360 1855 ἐπιθῶμεν
3395 1791 3578 1842 ἐπάνω
3604 1791 3784 1841 πᾶσαν
3807 1789 3973 1857 ἡμῶν
3993 1788 4102 1855 τὴν

838 1887 984 1932 stras
1011 1879 1372 1947 cogitationes
1394 1919 1409 1943 ,
1449 1895 1513 1932 ac
1558 1880 1919 1947 deprecemur
1958 1881 2248 1933 Dominum
2277 1919 2291 1941 ,
2355 1888 2414 1932 ut
2446 1863 2486 1914 Β
2519 1877 2529 1925 ἓ

2410 1863 2486 1930 ,Β
2519 1875 2840 1945 ἐνθύμησιν,
2879 1878 2972 1929 καὶ
3032 1878 3313 1947 δεηθῶμεν
3357 1877 3448 1929 τοῦ
3501 1880 3731 1947 Κυρίου,
3777 1880 3862 1928 ἱνα
3898 1879 4101 1946 πέμψῃ

840 1968 1020 2018 mittat
1057 1983 1087 2020 c
1126 1968 1264 2020 «τα-ιο
1308 1967 1638 2020 invisibilem
1682 1977 1736 2020 et
1794 1983 2048 2037 magnum
2091 1969 2270 2037 ignem
2321 1968 2415 2035 qui

839 2069 1128 2112 consumat
1174 2060 1385 2120 altare,
1437 2072 1493 2113 et
1567 2061 1748 2112 omnia
1812 2077 1932 2128 qua:
1989 2061 2042 2112 in
2106 2073 2172 2112 eo
2240 2069 2412 2112 sunt:

839 2164 1139 2216 omnesque
1190 2150 1507 2203 sacerdotes
1565 2151 1687 2204 Baal
1735 2152 1954 2213 cadant,
2006 2166 2126 2217 qua:
2157 2159 2286 2203 sunt
2315 2150 2409 2202 ad-

839 2239 1096 2292 versaria:
1127 2247 1424 2306 potestates
1457 2250 1717 2307 :tumque
1749 2240 1868 2292 visu
1910 2237 2280 2306 percipiemus
2309 2238 2417 2306 spi-

839 2327 1093 2382 ritualem
1123 2329 1387 2396 pluviam,
1409 2330 1559 2382 velut
1583 2330 1869 2398 vestigium
1903 2330 2163 2390 hominis,
2191 2329 2418 2382 venien-

843 2427 951 2470 tem
983 2419 1038 2472 in
1085 2419 1342 2482 animam,
1376 2429 1434 2472 ut
1476 2419 1769 2487 impleatur
1797 2421 1851 2472 in
1887 2419 2048 2473 nobis
2079 2419 2262 2471 divina
2288 2434 2417 2486 pro-

841 2508 1051 2570 missio,
1095 2509 1558 2577 quemadmodum
1583 2511 1792 2563 dictum
1853 2520 1937 2563 est
1999 2511 2144 2578 apud
2178 2510 2419 2578 prophe-

841 2609 950 2652 tam
984 2616 998 2652 :
1035 2599 1252 2667 Erigam
1297 2609 1344 2652 et
1398 2601 1724 2668 reaediﬁcabo
1789 2602 2192 2655 tabernaculum
2227 2600 2417 2664 David,

841 2689 981 2758 quod
1006 2689 1300 2759 collapsum
1333 2699 1430 2755 est,
1472 2701 1518 2742 et
1549 2694 1728 2744 diruta
1759 2693 1872 2760 ejus
1905 2691 2235 2758 rewdiﬁcabo
2259 2693 2324 2756 ¹³;
2353 2700 2413 2744 ιιι

843 2782 1080 2834 animam
1112 2781 1166 2834 in
1195 2791 1356 2834 nocte
1386 2797 1452 2834 ac
1478 2783 1722 2835 tenebris
1763 2791 2037 2850 agentem,
2071 2785 2125 2834 in
2150 2783 2421 2836 ebrietate

844 2889 1041 2942 nempe
1090 2873 1434 2942 ignorantiae,
1486 2889 1582 2926 sua
1611 2875 1951 2943 benignitate
1987 2874 2251 2927 Dominus
2285 2874 2414 2926 illu-

845 2972 1005 3028 strct,
1041 2979 1163 3030 qua:
1213 2971 1404 3030 postea
1459 2962 1526 3016 ad
1549 2964 1904 3017 sobrietatem
1963 2964 2182 3018 rediens
2214 2965 2422 3033 absque

845 3053 1184 3108 otfendiculo
1202 3054 1468 3117 ambulet,
1493 3055 1602 3107 diei
1636 3054 1869 3122 vitaeque
1912 3071 2078 3124 opera
2129 3071 2420 3125 peragens.

849 3147 964 3200 Illic
984 3148 1130 3200 enim
1166 3146 1332 3199 alitur
1371 3148 1575 3211 anima,
1630 3149 1723 3201 uhi
1761 3165 1980 3217 quoque
2020 3149 2157 3212 edit,
2204 3150 2319 3202 sive
2355 3149 2422 3203 de

850 3240 952 3292 hoc
988 3240 1209 3304 sacculo,
1265 3239 1377 3292 sive
1423 3240 1492 3293 de
1541 3239 1748 3308 Spiritu
1777 3241 1966 3293 divino
2005 3258 2018 3293 :
2050 3250 2106 3295 et
2142 3242 2255 3299 illic
2281 3243 2425 3295 Deus

849 3333 1113 3395 nutritur,
1147 3331 1308 3396 vivit,
1335 3331 1638 3400 requiescit
1669 3339 1725 3385 et
1759 3341 2034 3386 versatur.

919 3523 1007 3578 Vl.
1039 3523 1312 3577 Craterum
1339 3520 1598 3588 quisque,
1623 3520 1668 3574 si
1699 3521 1852 3584 velit,
1883 3522 2119 3590 probare
2165 3537 2221 3577 se
2249 3522 2425 3591 ipsum

852 3620 1052 3681 potest,
1111 3610 1256 3663 unde
1305 3611 1606 3673 nutriatur,
1659 3609 1752 3662 ubi
1797 3611 1965 3673 vivat,
2002 3620 2058 3665 ct
2113 3612 2256 3680 apud
2291 3627 2429 3679 quos

851 3703 1034 3769 degat,
1073 3711 1155 3764 ut,
1188 3700 1280 3753 ubi
1316 3700 1420 3752 hoc
1453 3708 1612 3766 pacto
1643 3699 1995 3764 intellexerit,
2028 3711 2083 3755 et
2110 3712 2427 3756 accuratam

850 3788 1202 3843 discernendi
1231 3788 1544 3842 facultatem
1594 3800 1929 3843 consecutus
1974 3791 2161 3857 fuerit,
2201 3799 2335 3854 toto,
2359 3791 2427 3844 ad

853 3880 907 3934 id
935 3881 1080 3949 quod
1109 3881 1314 3933 bonum
1343 3888 1446 3944 est,
1474 3881 1680 3949 impetu
1708 3882 1865 3950 plene
1907 3897 1964 3934 se
2011 3883 2190 3950 ipsum
2223 3883 2425 3934 tradat.

853 3973 1082 4041 Insuper
1144 3972 1290 4025 inter
1367 3973 1701 4041 precandum
1775 3982 1940 4042 atque
2011 3974 2278 4028 orandum
2347 3984 2431 4028 at-

855 4063 1018 4116 tende
1087 4063 1187 4115 tibi
1249 4063 1393 4132 ipsi,
1467 4064 1768 4118 observans
1841 4067 2200 4135 cogitationes
2266 4076 2430 4135 atque

853 4154 1204 4223 operationes
1261 4154 1407 4209 unde
1476 4156 1586 4209 sint
1617 4197 1631 4220 ,
1699 4172 1728 4210 a
1764 4158 1874 4211 Deo
1901 4199 1916 4222 ,
1970 4175 2039 4211 an
2073 4159 2141 4212 ab
2169 4159 2428 4212 adversa-

854 4245 979 4300 rio?
1027 4256 1084 4298 et
1132 4246 1256 4314 quis
1289 4246 1529 4314 prtebcat
1560 4248 1881 4300 alimentum
1915 4250 2090 4312 cordi,
2144 4250 2426 4311 Dominus,

853 4349 924 4387 an
949 4333 1226 4401 principes
1247 4335 1436 4387 mundi
1467 4345 1523 4389 et
1551 4336 1736 4388 saeculi
1771 4335 1975 4403 hujus?
2004 4336 2157 4399 Quod
2189 4335 2280 4387 ubi
2306 4350 2432 4402 pro-

857 4425 1073 4477 baveris
1125 4431 1182 4478 et
1219 4426 1565 4493 cognoveris,
1617 4441 1650 4478 ο
1698 4426 1875 4478 anima
1902 4467 1916 4490 ,
1955 4436 2079 4493 pete
2120 4442 2151 4478 a
2200 4426 2431 4479 Domino

2519 1969 2579 2030 ἐξ
2608 1969 2838 2038 οὐρανοῦ
2869 1971 2930 2022 τὸ
2955 1973 3183 2042 ἀόρατον
3217 1972 3310 2023 καὶ
3341 1972 3482 2039 μέγα
3514 1970 3647 2039 πῦρ,
3676 1972 3769 2022 καὶ
3791 1972 4101 2038 καταφάγῃ

2517 2061 2577 2110 16
2605 2060 3013 2129 θυσιαστήριον,
3047 2064 3138 2114 καὶ
3167 2063 3343 2114 πάντα
3369 2062 3436 2113 τὰ
3468 2062 3524 2111 ἐν
3556 2059 3724 2129 αὐτῷ.
3751 2061 3862 2112 Καὶ
3886 2061 4096 2122 πάντες

2517 2153 2565 2202 οἱ
2595 2153 2757 2219 ἱερεῖς
2784 2152 2875 2203 τοῦ
2927 2153 3074 2204 Βαὰλ
3105 2153 3360 2213 πέσωσιν,
3409 2152 3613 2212 αἵτινές
3668 2154 3803 2204 εἰσιν
3845 2154 4100 2204 ἀντικείο

2521 2258 2679 2309 μεναι
2712 2243 3007 2311 ἐνέργειαι·
3041 2244 3135 2296 καὶ
3164 2245 3283 2296 τότε
3315 2243 3558 2312 ὀψόμεθα
3588 2235 4097 2312 τοί-πνευματικὸν

2520 2331 2693 2392 ὑετὸν,
2726 2331 2800 2393 ὡς
2832 2335 2974 2402 ἴχνος
3002 2334 3290 2403 ἀνθρώπου
3317 2336 3609 2403 ἐρχόμενον
3653 2338 3709 2387 ἐν
3741 2335 3914 2405 ψυχῇ,
3952 2335 4100 2389 ὥστε

2517 2423 2770 2489 γενέσθαι
2802 2425 2860 2475 ἐν
2904 2426 3036 2493 ἡμῖν
3079 2427 3178 2493 τὴν
3206 2424 3299 2477 τοῦ
3347 2424 3481 2476 Θεοῦ
3514 2427 3865 2492 ἐπαγγελίαν,
3913 2427 4103 2488 καθὼς

2520 2516 2732 2583 εἴρηται
2772 2517 2829 2566 ἐν
2851 2515 2926 2584 τῷ
2959 2518 3232 2586 προφήτῃ,
3276 2517 3626 2584 Ἀνορθώσω,
3660 2519 3754 2570 καὶ
3786 2519 4104 2571 ἀνοικοδο-

2514 2605 2692 2671 μήσω
2731 2605 2844 2671 τὴν
2883 2607 3126 2672 σκηνὴν
3155 2608 3332 2659 Δαϐὶδ
3376 2607 3489 2674 τὴν
3547 2609 3951 2670 πεπτωκυῖαν,
4000 2609 4103 2660 καὶ

2521 2698 2592 2749 τὰ
2623 2697 3080 2764 κατεσκαμμένα
3126 2697 3316 2764 αὐτῆς
3347 2699 3801 2767 ἀνοικοδομήσω
3826 2716 3838 2728 '
3883 2700 3973 2753 ἵνα
4002 2701 4104 2766 τὴν

2522 2788 2772 2839 ἐννυκτὶ
2825 2789 2919 2840 καὶ
2969 2788 3150 2839 σκότει
3195 2788 3561 2856 διαιτωμένην
3614 2789 3791 2856 ψυχὴν
3846 2791 3906 2840 ἐν
3959 2789 4104 2857 μέθῃ

2523 2876 2767 2942 ἀγνοίας,
2799 2881 2863 2947 τῇ
2901 2878 3007 2947 ἰδίᾳ
3036 2864 3365 2947 χρηστότητι
3389 2880 3415 2929 6
3441 2880 3640 2946 Κύριος
3663 2879 3976 2949 ἐπιλάμψῃ,
4009 2880 4105 2931 καὶ

2522 2965 2708 3018 λοιπὸν
2737 2968 3059 3035 ἀνανήψασα
3097 2970 3280 3037 ἐκείνη
3308 2969 3673 3036 ἁπροσκὸπως
3713 2968 3874 3036 ἀδείῃ
3910 2968 3978 3019 τὰ
4003 2969 4105 3033 τῆς

2523 3058 2738 3126 ἡμέρας
2777 3059 2868 3110 καὶ
2930 3057 3074 3127 ζωῆς
3126 3061 3261 3128 ἔργα
3305 3059 3668 3110 ἐπιτελοῦσα·
3719 3060 3933 3110 ἐκεῖθεν
3995 3061 4103 3127 γὰρ

2525 3149 2782 3214 τρέφεται
2807 3149 2973 3218 ψυχὴ,
3005 3150 3133 3201 ἔνθα
3179 3150 3271 3200 καὶ
3299 3150 3488 3210 ἐσθίει,
3515 3151 3634 3218 ἦτοι
3661 3152 3723 3200 ἐκ
3759 3150 3852 3200 τοῦ
3900 3151 4101 3211 αἰῶνος

2527 3238 2739 3299 τούτου,
2769 3239 2885 3306 ἦτοι
2920 3242 2983 3292 ἐκ
3007 3239 3100 3290 τοῦ
3140 3241 3453 3308 Πνεύματος
3485 3240 3576 3291 τοῦ
3606 3239 3738 3290 Θεοῦ
3764 3255 3775 3266 ·
3805 3241 3900 3291 καὶ
3922 3244 3948 3291 6
3973 3241 4103 3299 Θεὸς

2529 3329 2644 3381 ἐκεῖ
2677 3330 2958 3400 τρέφεται,
2997 3332 3090 3384 καὶ
3133 3331 3223 3402 ζῇ,
3283 3332 3378 3384 καὶ
3420 3334 3784 3394 ἀναπαύεται,
3841 3333 3939 3384 καὶ
3971 3335 4100 3385 ἁνα-

2531 3420 2844 3489 στρέφεται.

2601 3511 2691 3577 ς’.
2743 3515 2814 3566 T6
2866 3513 3049 3567 λοιπὸν
3105 3514 3360 3578 ἕκαστος,
3408 3516 3455 3566 εἰ
3488 3513 3756 3583 βούλεται,
3806 3514 4104 3583 δοκιμάσαι

2531 3603 2722 3656 ἑαυτὸν
2758 3604 3002 3668 δύναται,
3029 3606 3191 3658 πόθεν
3219 3608 3497 3676 τρέφεται,
3531 3608 3623 3657 καὶ
3655 3607 3757 3657 ποῦ
3790 3607 3881 3674 ζῇ,
3927 3609 4026 3658 καὶ
4051 3609 4105 3658 ἐν

2528 3689 2609 3755 οἷς
2643 3697 2790 3747 ἐστιν
2817 3712 2832 3728 ο
2878 3697 2948 3748 ἶν’
2979 3697 3151 3759 οὕτως
3191 3700 3410 3766 νοήσας,
3441 3698 3534 3748 καὶ
3571 3697 3668 3765 τὴν
3723 3697 3932 3764 ἀκριϐῆ
3990 3698 4108 3749 διάη

2531 3801 2711 3853 κρισιν
2745 3788 3106 3856 κτησάμενος,
3131 3791 3199 3855 τῇ
3222 3789 3355 3858 πρὸς
3379 3788 3437 3841 16
3471 3788 3677 3854 ἀγαθὸν
3710 3791 3852 3857 ὁρμῇ
3882 3789 4110 3849 τελείως

2531 3876 2722 3928 ἑαυτὸν
2777 3878 2968 3946 ἐπιδῷ.
3016 3880 3216 3930 Λοιπὸν
3263 3880 3699 3948 προσευχόμενος
3740 3881 3797 3930 ἐν
3853 3881 3922 3947 τῇ
3973 3880 4108 3948 εῦχῇ

2530 3967 2765 4035 πρόσεχε
2787 3968 3017 4037 σεαυτῷ,
3045 3971 3257 4037 ἐπέχων
3279 3972 3388 4030 τοῖς
3405 3969 3684 4038 λογισμοῖς
3703 3969 3796 4020 καὶ
3814 3972 3935 4030 ταῖς
3953 3969 4112 4038 ἐνερ-

2531 4058 2710 4126 γείαις
2741 4059 2905 4110 πόθεν
2931 4060 3090 4123 εἰσὶν,
3116 4062 3179 4111 ἐκ
3216 4058 3311 4110 τοῦ
3356 4059 3515 4122 Θεοῦ,
3544 4059 3576 4128 ἢ
3601 4062 3665 4109 ἐκ
3687 4057 3780 4110 τοῦ
3819 4059 4072 4110 ἐναντίου
4096 4099 4112 4124 ,

2533 4155 2630 4206 καὶ
2661 4154 2743 4216 τίς
2765 4156 3064 4225 προσφέρει
3093 4155 3301 4224 τροφὴν
3325 4158 3388 4224 τῇ
3426 4154 3643 4223 καρδίᾳ,
3673 4156 3700 4206 6
3731 4155 3959 4222 Κύριος,
3989 4156 4025 4224 ἢ
4069 4157 4112 4207 οἱ

2534 4245 2980 4314 κοσμοκράτορες
3022 4245 3115 4297 τοῦ
3135 4246 3330 4307 αἰῶνος
3364 4245 3574 4298 τούτου.
3611 4245 3719 4297 Καὶ
3761 4245 4114 4312 δοκιμάσασα

2532 4337 2630 4386 καὶ
2650 4335 2971 4402 ἐπιγνοῦσα,
3005 4330 3049 4388 ὦ
3071 4337 3239 4405 ψυχὴ,
3262 4335 3413 4388 αἰτοῦ
3444 4337 3533 4386 τὸν
3553 4337 3753 4404 Κύριον
3778 4337 3834 4386 ἐν
3853 4338 4009 4404 πόνῳ
4025 4339 4116 4387 καὶ

2535 4427 2683 4495 πόθῳ
2737 4427 2940 4496 τροφὴν
2983 4429 3250 4496 οὐράνιον,
3300 4427 3391 4479 καὶ
3434 4426 3684 4495 αὔξησιν,
3717 4426 3811 4477 καὶ
3845 4427 4116 4494 ἐργασίαν

856 4531 986 4570 cum
1018 4515 1207 4569 labore
1235 4525 1290 4570 et
1319 4517 1594 4570 desiderio
1625 4517 1809 4571 cibum
1843 4517 2143 4578 ccelcstem,
2166 4527 2221 4571 et
2247 4518 2428 4572 incre-
2461 4537 2504 4591 ι)
2536 4519 2547 4570 1

2425 4549 2428 4556 ~
2461 4537 2504 4591 ι)
2536 4518 2939 4589 Χριστοῦ,κατὰ
2959 4519 3018 4570 16
3049 4520 3356 4587 εἰρημένον·
3377 4519 3565 4586 Ἡμῶν
3593 4518 3660 4570 δὲ
3682 4517 3748 4570 τὸ
3778 4520 4116 4586 πολίτευμα

859 4616 1102 4660 mentum
1133 4618 1296 4676 atque
1329 4610 1702 4676 operationem
1759 4610 1984 4675 Christi,
2022 4612 2174 4679 juxta
2198 4611 2250 4664 id
2284 4611 2427 4679 quod

858 4701 1066 4753 dictum
1098 4708 1214 4753 est:
1245 4701 1437 4753 Nostra
1467 4711 1642 4754 autem
1672 4705 1997 4756 conversatio
2029 4705 2079 4755 in
2111 4704 2249 4756 artis
2268 4705 2426 4758 est":

860 4803 967 4840 non
998 4796 1179 4840 autem
1217 4789 1269 4841 in
1299 4799 1424 4858 typo
1446 4801 1502 4844 et
1533 4792 1726 4860 figura,
1755 4802 1814 4845 ut
1843 4793 2066 4860 quidam
2095 4796 2431 4848 existimant.

862 4880 998 4933 Ecce
1024 4881 1172 4933 enim
1204 4896 1416 4944 eorum,
1453 4884 1545 4950 qui
1586 4885 1822 4952 speciem
1858 4885 2078 4952 pietatis
2107 4887 2281 4939 solum
2333 4886 2402 4939 ha

860 4971 1012 5034 bent,
1043 4974 1258 5024 animus
1294 4982 1457 5041 atque
1489 4976 1801 5029 intellectus
1833 4976 2027 5030 similis
2058 4985 2142 5030 est
2171 4978 2378 5032 mundo
2414 4995 2428 5030 :

861 5077 992 5116 ecce
1053 5063 1348 5117 commotio
1417 5073 1474 5118 et
1525 5067 1810 5121 ﬂuctuatio
1865 5068 2164 5121 voluntatis
2217 5083 2430 5135 eorum,

863 5152 1180 5207 inconstans
1210 5154 1443 5220 animus,
1480 5157 1744 5210 timiditas
1767 5198 1780 5220 ,
1812 5167 1867 5210 ct
1898 5169 2097 5218 metus,
2131 5160 2431 5212 secundum

865 5241 1009 5308 quod
1043 5243 1249 5297 dictum
1278 5251 1361 5297 est
1391 5262 1403 5296 :
1440 5244 1503 5297 In
1533 5247 1776 5314 angustia
1811 5256 1858 5298 et
1899 5254 2122 5298 tremore
2151 5250 2252 5300 eris
2281 5265 2437 5317 super

866 5343 1062 5385 terram
1094 5335 1137 5364 ιι
1171 5353 1182 5387 :
1218 5335 1537 5389 inﬁdelitate
1562 5347 1616 5389 et
1637 5337 1957 5392 confusione
1989 5339 2256 5391 flnvarum
2291 5342 2436 5408 cogi-

867 5421 1134 5475 tationum
1195 5433 1399 5490 quanto
1456 5437 1698 5494 tempore
1774 5428 2084 5495 agitantur,
2140 5436 2199 5480 ut
2239 5429 2433 5496 reliqui

867 5525 1058 5566 omnes
1123 5513 1406 5578 homines;
1463 5519 1646 5585 specie
1682 5519 1880 5581 solum,
1918 5533 2026 5571 non
2068 5519 2232 5572 etiam
2268 5519 2437 5574 animi

871 5605 1146 5658 sententia
1173 5605 1445 5661 dissident
1493 5609 1548 5661 lii
1588 5625 1618 5662 a
1657 5608 1894 5674 mundo;
1929 5621 1984 5663 et
2020 5624 2284 5677 corporea
2311 5626 2441 5678 pro-

940 5779 971 5812 "
1003 5782 1163 5839 Joan.
1205 5801 1259 5851 ι,
1317 5785 1365 5839 1.
1444 5785 1483 5818 ¹²
1508 5786 1673 5842 Amos
1707 5803 1781 5851 ix,
1810 5788 1893 5841 ll.

1972 5786 2012 5817 ¹³
2046 5787 2282 5858 Philipp.
2321 5803 2406 5855 tu,
2449 5786 2538 5841 9.0.

2531 4610 2600 4662 ἐν
2627 4609 2901 4676 οὐρανοῖς
2917 4609 3188 4676 ὑπάρχεν
3216 4611 3304 4662 καὶ
3329 4610 3427 4662 οὐκ
3455 4612 3510 4661 ἐν
3540 4610 3775 4678 σχήματι
3809 4611 3902 4660 καὶ
3935 4610 4116 4677 τύπῳ,

2535 4702 2608 4762 ὥς
2632 4719 2773 4761 τινες
2806 4701 3138 4769 νομίζουσιν.
3188 4701 3316 4752 Ἰδοὺ
3352 4702 3480 4767 γὰρ,
3515 4699 3622 4751 τῶν
3650 4700 3931 4768 μόρφωσιν
3955 4700 4118 4751 εὐσε-

2538 4795 2686 4855 ϐείας
2719 4794 2874 4863 μόνον
2905 4794 3138 4862 ἐχόντων
3179 4796 3206 4845 6
3233 4792 3357 4854 vo6;
3418 4792 3509 4844 καὶ
3555 4794 3586 4860 ἠ
3621 4792 3830 4844 διάνοια
3860 4791 4009 4843 ἔοικε
4039 4792 4118 4860 τῷ

2540 4886 2748 4954 κόσμῳ,
2783 4886 2911 4937 Ἰδοὺ
2941 4888 2968 4937 6
2998 4884 3219 4953 σεισμὸς
3255 4885 3348 4936 καὶ
3372 4887 3400 4937 ὁ
3424 4884 3582 4945 σάλος
3611 4884 3708 4950 τῆς
3737 4884 4117 4953 προαιρέσεως

2540 4975 2739 5039 αὐτῶν,
2763 4977 2794 5044 ἡ
2829 4977 3059 5037 ἄστατος
3085 4974 3300 5044 γνώμη,
3383 4974 3553 5026 δειλία
3587 4973 3680 5024 καὶ
3701 4974 3728 5024 6
3751 4971 3934 5038 φόϐος,
3973 4975 4117 5024 κατὰ

2539 5068 2601 5119 16
2629 5068 2937 5136 εἰρημένον,
2958 5068 3304 5120 Στένωνκαὶ
3328 5068 3552 5133 τρέμων
3576 5066 3689 5131 ἔσῃ
3716 5065 3814 5116 ἐπὶ
3837 5064 3952 5130 τῆς
3979 5064 4118 5134 τῆς,

2543 5159 2682 5209 κατὰ
2711 5159 2805 5228 τὴν
2839 5159 3098 5211 ἀπιστίαν
3150 5160 3244 5211 καὶ
3297 5159 3557 5227 σύγχυσιν
3592 5157 3700 5209 τῶν
3735 5157 3989 5209 ἁστάτων
4028 5158 4118 5208 λο-

2543 5248 2778 5314 γισμῶν,
2806 5249 2933 5306 ὅσας
2961 5248 3110 5314 ὥρας
3127 5249 3498 5316 σαλευόμενοι,
3527 5248 3599 5308 ὡς
3626 5249 3673 5299 οἱ
3705 5246 3881 5298 λοιποὶ
3913 5247 4118 5306 πάντες

2547 5339 2818 5409 ἂνθρωποι
2844 5355 2857 5368 ·
2903 5342 3141 5408 σχήματι
3164 5340 3218 5392 δέ
3247 5342 3393 5409 μόνῳ
3439 5341 3498 5391 οὐ
3535 5340 3628 5390 καὶ
3667 5339 3902 5405 νοήματι
3930 5335 4119 5402 διαφέ-

2545 5445 2727 5497 ρουσιν
2764 5431 2811 5480 οἱ
2843 5430 3072 5481 τοιοῦτοι
3102 5430 3195 5482 τοῦ
3238 5431 3467 5498 κόσμου,
3496 5434 3588 5482 καὶ
3621 5431 3954 5497 σωματικοῖς
3992 5445 4120 5479 κατ-

2550 5519 2830 5588 ορθώμασι
2858 5504 2958 5572 τοῦ
3007 5521 3110 5584 ἔξω
3157 5522 3469 5589 ἀνθρώπου,
3515 5525 3580 5591 τῇ
3607 5522 3662 5574 δὲ
3698 5519 3894 5590 καρδία
3917 5520 4018 5572 καὶ
4045 5518 4119 5589 τῷ

2551 5613 2739 5680 κόσμῳ
2763 5611 3036 5681 σύρονται,
3067 5614 3161 5666 καὶ
3202 5614 3420 5684 δεσμοῖς
3455 5614 3684 5685 γηῖνοις,
3714 5614 3807 5666 καὶ
3837 5611 4119 5684 μεριμνῶν

2617 5787 2652 5818 ¹³
2684 5789 2819 5843 Gen.
2855 5806 2928 5854 tv,
2963 5790 3046 5843 12.
