4282 6364
213 382 323 446 733

1384 376 1730 438 ΙῙΟΜΙΙᾸιΕ
1786 402 1856 415 -
1881 377 2065 438 ΗΟΜ.
2101 375 2350 439 XXXII.

3362 374 3465 444 ’134

219 494 517 563 ἀνωφελῶν
580 492 998 565 ἐμπεριέχονται
1052 494 1151 563 τὴν
1182 493 1242 559 ἐξ
1290 478 1529 564 ὀὐρανοῦ
1569 493 1795 563 εἰρήνην
1824 496 1910 552 At

1780 510 1795 545 ι
1824 496 1867 552 Α
1897 492 2159 561 speritate
2206 489 2500 545 exterioris
2543 488 2815 555 hominis;
2848 485 3016 543 corde
3046 502 3177 543 vero
3205 498 3262 545 et
3287 490 3471 546 animo

214 594 277 643 ἐν
293 588 490 660 καρδία
511 587 587 657 μὴ
606 586 959 656 κτησάμενοι,
989 584 1170 649 καθώς
1195 602 1359 654 φησιν
1387 586 1415 639 6
1448 584 1790 648 Ἀπὸστολος,

227 683 311 734 ὅτι
338 681 409 734 Ἦ
430 677 641 746 εἰρήνη
664 677 773 730 τοῦ
832 676 980 730 Θεοῦ
995 678 1335 744 βραϐευέτω
1363 677 1433 729 ἐν
1495 675 1624 741 ταῖς
1655 692 1782 744 scapo

216 772 370 836 ϐίαις
400 768 587 839 ὑμῶν,
611 769 732 834 ἣτις
758 767 872 820 ἐστὶ⁵
904 766 1262 837 βασιλεύουσα
1293 767 1388 820 καὶ
1416 765 1794 830 ἀνακαινίζου-

220 882 291 917 σα
317 864 416 925 τὰς
456 861 566 914 τῶν
608 859 819 912 πιστῶν
861 859 1120 923 διανοίας,
1168 861 1227 912 ἐν
1274 858 1463 932 ἀγάπῃ
1491 858 1651 921 Θεοῦ,
1702 860 1795 911 καὶ

218 956 402 1023 πάσης
461 953 558 1022 τῆς
633 951 1010 1019 άδελφὸτητος.
1080 952 1216 1017 Δόξα
1267 953 1363 1004 καὶ
1426 951 1796 1021 προσκύνησις

217 1045 415 1116 Πατρὶ,
450 1046 543 1097 καὶ
588 1044 720 1115 Υίῴ,
755 1046 850 1099 καὶ
883 1045 1024 1113 ἁγίῳ
1069 1045 1366 1113 Πνεύματι,
1400 1045 1481 1105 είς
1505 1043 1630 1106 τοὺς
1661 1043 1794 1097 αίῶ-

216 1154 332 1199 νας.
377 1138 574 1207 Ἀμήν.

812 1338 1053 1392 OMlAlA
1087 1337 1211 1392 AB'.

230 1427 303 1480 'II
331 1428 481 1491 δόξα
520 1429 639 1482 τῶν
675 1426 1049 1496 Χριστιανῶν
1094 1428 1213 1481 ἀπὸ
1252 1426 1360 1482 τοῦ
1408 1427 1525 1481 νῦν
1561 1427 1633 1479 ἐν
1665 1426 1793 1491 ταῖς

286 1499 490 1553 αὐτῶν
510 1500 738 1565 ψυχαῖς
766 1497 1025 1566 ἐμμένει,
1053 1498 1375 1566 μέλλουσα
1410 1498 1479 1550 ἐν
1504 1496 1583 1559 τῷ
1615 1496 1794 1566 καιρῷ

294 1568 407 1633 τῆς
464 1564 855 1631 ἀναστάσεως·
913 1564 1351 1635 φανερωθῆναι,
1405 1564 1791 1635 καίγδοξιὲσαι

285 1641 359 1692 τὰ
393 1639 637 1707 σώματα
676 1638 803 1689 κατ’
864 1636 1196 1705 ἀναλογίαν
1249 1635 1361 1705 τῆς
1385 1634 1583 1689 αὐτῶν
1610 1639 1789 1691 εὐσε-

288 1710 470 1774 ϐείας.

1896 576 2192 637 ἰιιήιυηιιο
2221 580 2627 643 distrahuntur,
2655 590 2713 633 et
2746 578 2958 648 laqueis
2981 578 3240 640 terrenis,
3271 588 3328 633 et
3351 580 3475 634 inn-

1896 674 2075 727 tilium
2113 688 2372 726 curarum
2426 671 2801 740 implicantur,
2850 686 3039 739 pacem
3084 671 3367 726 cmlestem
3420 674 3474 727 in

1894 765 2064 820 corde
2108 780 2218 820 non
2248 764 2533 819 consecuti
2560 804 2574 827 ,
2606 762 3067 832 quemadmodum
3111 763 3290 832 inquit
3328 765 3474 832 Apo-

1895 858 2069 911 stolus
2098 872 2110 909 ;
2148 856 2267 909 Pax
2300 854 2392 908 Dei
2428 854 2661 925 palmam
2687 854 2825 922 [erat
2858 856 2914 907 in
2941 853 3182 907 cordibus
3209 856 3473 918 vestris”,

1896 961 2017 1015 qua:
2070 952 2280 1014 regnat,
2322 958 2387 997 ac
2416 952 2649 997 renovat
2701 942 2944 996 fidelium
2980 942 3194 997 animos
3239 944 3293 997 in
3330 943 3441 996 dilc

1896 1036 2078 1090 ctione
2108 1033 2205 1087 Dci
2257 1040 2312 1086 et
2341 1032 2491 1085 omni
2515 1031 2879 1085 fraternitate.
2914 1031 3099 1086 Gloria
3127 1041 3183 1086 et
3226 1031 3473 1085 adoratiu

1901 1131 2070 1195 Patri,
2108 1129 2267 1198 120
2295 1136 2349 1181 et
2383 1127 2541 1193 Filio,
2580 1136 2638 1182 et
2689 1127 2916 1197 Spiritui
2947 1137 3135 1182 sancto
3169 1127 3226 1180 in
3252 1128 3449 1181 saecula

1896 1224 2090 1279 Amen.

2408 1338 2693 1394 HOMILIA
2737 1336 2955 1391 XXXII.

1896 1429 2077 1485 Gloria
2111 1427 2529 1482 Christianorum
2565 1431 2785 1481 nuncin
2831 1428 3048 1481 illorum
3087 1427 3276 1480 animis
3305 1430 3469 1486 lam,

1965 1515 2081 1568 qua:
2115 1510 2343 1569 tempore
2378 1501 2776 1551 resurrectionis
2818 1506 3067 1566 emerget,
3096 1507 3144 1549 ct
3185 1495 3468 1549 illustrabit

1965 1586 2185 1638 corpora
2212 1586 2305 1638 pro
2338 1571 2489 1621 modo
2514 1586 2692 1622 eorum
2720 1570 2950 1639 pietatis.

285 1816 366 1871 A'.
418 1816 483 1869 Al
518 1814 614 1867 τοῦ
640 1814 845 1883 κόσμου
864 1812 1053 1865 τούτου
1082 1812 1325 1880 γλῶσσαι
1351 1814 1597 1884 διάφοροί
1629 1816 1734 1868 είσι
1770 1829 1784 1843 ο
1819 1823 1862 1882 Β
1962 1810 1976 1863 l

1776 1829 1784 1843 ι
1819 1823 1862 1882 Β
1962 1810 2003 1863 Ι.
2041 1808 2263 1879 Linguae
2298 1810 2463 1878 hujus
2490 1810 2681 1863 mundi
2703 1809 2868 1865 varia:
2887 1819 3036 1864 sunt.
3057 1809 3302 1876 Quilibet
3324 1811 3467 1864 enim

215 1908 417 1969 παντὸς
444 1907 554 1975 γὰρ
580 1904 781 1970 ;Εονους
837 1905 941 1957 ἰδία
996 1904 1218 1972 γλῶσσά
1269 1907 1417 1959 ἐστιν
1441 1923 1456 1939 ·
1488 1908 1536 1959 οί
1570 1906 1627 1959 δέ
1656 1907 1791 1976 Χρι-

216 1999 425 2051 στιανοὶ
482 1998 613 2068 μίαν
687 1998 782 2052 καὶ
832 1998 927 2051 νῦν
978 1997 1227 2065 γλῶσσαν
1296 1996 1651 2067 μανθάνουσι,
1695 1995 1791 2047 καὶ

212 2092 324 2145 ὅλοι
348 2092 452 2145 ὑπὸ
484 2092 612 2160 μίαν
648 2092 841 2160 σοφίαν
884 2092 1228 2145 παιδεύονται
1264 2091 1360 2145 τοῦ
1404 2091 1563 2156 Θεοῦ,
1600 2091 1791 2160 σοφίαν

213 2183 275 2234 οὔ
296 2182 393 2234 τοῦ
419 2182 625 2250 κόσμου
658 2182 875 2243 τούτου,
916 2181 1041 2236 οὔτε
1081 2183 1177 2235 τοῦ
1219 2182 1414 2245 αἰῶνος
1452 2182 1545 2236 τοῦ
1578 2200 1789 2254 παρερ-

214 2273 472 2344 χομένου.
505 2272 614 2325 Καὶ
641 2273 716 2335 ὡς
759 2272 1157 2343 περιπατοῦσιν
1210 2276 1291 2337 είς
1320 2274 1417 2344 τὴν
1445 2276 1625 2326 κτίσιν
1656 2274 1791 2327 ταύ-

214 2382 315 2433 την
349 2367 399 2417 οί
444 2365 782 2435 Χριστιανοὶ,
848 2366 929 2427 είς
974 2365 1299 2435 καινοτέρας
1333 2366 1460 2427 θέας
1504 2366 1791 2435 οὐρανίους

214 2456 576 2525 ἐμπίπτουσι,
618 2455 711 2508 καὶ
734 2456 813 2518 είς
842 2454 1020 2519 δόξας,
1054 2458 1149 2509 καὶ
1198 2458 1494 2528 μυστήρια,
1526 2458 1636 2509 άπὸ
1684 2456 1792 2509 τῶν

216 2547 564 2616 φαινομένων
584 2547 953 2616 λαμϐάνοντες
983 2548 1083 2611 τὰς
1139 2549 1415 2618 ἀφορμάς.
1454 2549 1610 2601 Ἐστι
1636 2549 1791 2612 ζώων

215 2642 442 2709 ἡμέρων
476 2638 634 2709 γένη,
654 2633 776 2714 ,οἷον
833 2640 999 2701 ἵππος
1038 2640 1132 2693 καὶ
1164 2639 1287 2709 βοῦς
1308 2656 1320 2669 '
1352 2640 1581 2692 ἕκαστον
1614 2640 1793 2693 αὐτῶν

221 2733 354 2786 ίδιον
384 2731 545 2799 σῶμα
591 2731 705 2800 ἔχει
780 2732 874 2784 καὶ
916 2730 1050 2783 ἰδίαν
1096 2733 1300 2801 φωνήν.
1336 2732 1409 2783 Τὸ
1437 2730 1571 2783 αὐτὸ
1618 2733 1710 2783 καὶ
1736 2733 1793 2783 ἐν

215 2824 331 2883 τοῖς
354 2821 567 2890 θηρίοις
596 2834 611 2850 ⁸
635 2820 663 2871 6
689 2818 827 2871 λέων
847 2819 980 2872 ίδιον
1025 2820 1186 2888 σῶμα
1222 2818 1336 2887 ἔχει
1390 2820 1481 2871 καὶ
1514 2819 1648 2870 ἰδίαν
1684 2836 1795 2887 φω-

218 2914 342 2981 νὴν,
387 2911 416 2962 6
456 2910 653 2978 ἔλαφος
696 2909 898 2980 ὁμοίως
922 2927 934 2939 ·
970 2910 1065 2963 καὶ⁵
1095 2912 1152 2963 ἐν
1198 2912 1308 2973 τοῖς
1334 2910 1581 2979 ἑρπετοῖς
1606 2909 1792 2978 διαφο-

220 3003 291 3073 ρὰ
350 3002 542 3071 πολλὴ,
605 3002 700 3054 καὶ
749 3003 808 3054 ἐν
859 3002 972 3065 τοῖς
1027 3004 1293 3064 πετεινοῖς
1322 3001 1491 3055 πολλὰ
1517 3001 1744 3068 σώματα
1774 3017 1789 3031 ·

217 3092 349 3145 ἄλλο
383 3090 543 3159 σῶμα
610 3090 707 3143 καὶ
766 3089 918 3159 φωνὴ
963 3087 1145 3152 ἀετοῦ,
1178 3090 1271 3141 καὶ
1313 3088 1442 3141 ἄλλο
1485 3089 1645 3157 σῶμα
1698 3089 1793 3140 καὶ

1894 1900 2131 1969 populus
2178 1900 2457 1969 propriam
2504 1901 2744 1970 linguam
2780 1902 2966 1956 habet.
3007 1901 3306 1956 Christiani
3339 1918 3471 1956 vero

1891 1998 2109 2044 etnnnc
2137 2006 2298 2043 unam
2335 1989 2589 2043 ediscunt
2622 1990 2884 2059 linguam,
2910 1999 2965 2045 et
2993 2006 3186 2045 omnes
3225 1992 3328 2046 sub
3366 2008 3474 2047 una

1892 2081 2160 2149 sapientia
2197 2080 2564 2144 erudiuntur,
2602 2082 2871 2150 sapientia
2925 2082 3183 2136 nimirum
3246 2083 3429 2136 divina
3456 2125 3470 2144 ,

1890 2186 2001 2225 non
2034 2172 2197 2241 hujus
2252 2171 2465 2236 mundi,
2509 2187 2689 2240 neque
2734 2171 2916 2225 saeculi
2949 2173 3355 2240 praetereuntis.
3402 2172 3470 2226 Et

1890 2260 2019 2315 licet
2053 2261 2106 2313 in
2142 2261 2229 2314 his
2256 2261 2455 2315 creatis
2507 2261 2673 2314 rebus
2714 2260 3000 2314 ambulent
3040 2260 3364 2325 Christiani,
3402 2262 3467 2314 .in

1891 2367 2063 2406 novas
2097 2360 2275 2405 tamen
2333 2351 2634 2406 divisiones
2677 2352 2929 2405 cmlestes
2958 2351 3231 2415 incidunt,
3265 2352 3319 2406 in
3352 2353 3471 2423 glo-

1894 2443 2050 2504 riam,
2083 2451 2138 2497 et
2184 2443 2239 2496 in
2275 2444 2551 2513 mysteria,
2606 2459 2637 2496 a
2672 2444 2987 2511 conspicuis
3039 2445 3205 2498 rebus
3250 2456 3467 2514 sumpta

1892 2533 2201 2588 Occasione.
2235 2533 2569 2587 Animalium
2614 2542 3031 2588 mansuctorum
3079 2551 3279 2605 genera
3317 2547 3469 2598 sunt,

1891 2639 2072 2693 equus
2099 2633 2156 2679 et
2182 2625 2282 2677 bos
2324 2643 2335 2677 :
2379 2626 2810 2694 unumquodque
2841 2626 3034 2678 horum
3058 2628 3343 2696 proprium
3375 2628 3471 2681 ha-

1895 2718 1988 2772 bet
2043 2733 2243 2787 corpus
2289 2728 2346 2773 ct
2395 2720 2671 2787 propriam
2708 2734 2918 2771 vocem.
2956 2719 3103 2771 Idem
3154 2720 3207 2772 in
3248 2714 3468 2785 bestiis;

1892 2807 1979 2858 leo
2010 2807 2293 2874 proprium
2340 2807 2505 2860 habet
2543 2822 2764 2875 corpus,
2809 2821 2998 2861 vocem
3038 2808 3355 2876 propriam:
3386 2811 3473 2862 ili-

1894 2897 2018 2950 dcm
2047 2906 2102 2950 et
2122 2914 2335 2951 cervus.
2358 2898 2415 2951 In
2446 2899 2734 2967 reptilibus
2768 2914 2988 2968 quoque
3019 2898 3333 2953 diﬂ‘crcntia
3361 2917 3471 2955 non

1893 2989 2110 3057 exigua,
2145 2998 2311 3056 atquc
2361 2990 2416 3041 in
2459 2990 2779 3042 volucribus
2811 2991 3139 3059 multiplicia
3177 3001 3305 3046 sunt
3350 3009 3475 3047 cor-

1896 3094 2030 3147 pora
2066 3096 2078 3130 :
2112 3078 2260 3132 aliud
2300 3094 2501 3148 corpus
2526 3089 2581 3133 et
2614 3095 2718 3133 vox
2752 3081 2970 3150 aquilae,
3006 3090 3062 3135 et
3088 3083 3235 3136 aliud
3271 3100 3473 3152 corpus

221 3181 377 3252 φωνὴ
407 3181 730 3250 ὀξυπτέρου.
766 3182 846 3234 Τὰ
871 3182 1011 3234 αὐτὰ
1042 3181 1135 3233 καὶ⁸
1170 3182 1229 3233 ἐν
1268 3184 1333 3251 τῇ
1365 3180 1609 3251 θαλάσσῃ
1632 3181 1747 3233 ἐστί
1775 3195 1790 3211 ο
1820 3160 1862 3218 C
1894 3186 1912 3224 ε

1783 3195 1790 3211 ι
1820 3160 1862 3218 C
1894 3179 1947 3224 et
1986 3186 2092 3224 vox
2121 3172 2395 3240 oxyptcri.
2425 3173 2627 3225 Eadem
2655 3188 2873 3242 quoque
2904 3184 3032 3228 sunt
3054 3174 3107 3227 in
3149 3177 3322 3241 mari;
3352 3192 3474 3230 cor-

218 3272 454 3340 σώματα
487 3271 658 3323 πολλὰ
690 3272 765 3341 μὴ
807 3272 1022 3324 ἐοικότα
1080 3273 1353 3342 ἀλλήλοις,
1385 3274 1479 3326 καὶ
1512 3276 1570 3325 ἐν
1614 3277 1677 3344 τῇ
1720 3278 1790 3345 γῇ

218 3362 517 3434 σπέρματά
560 3363 666 3414 είσι
728 3362 918 3427 πολλὰ,
970 3362 1084 3416 ἀλλ’
1116 3365 1345 3417 ’ἑκαστον
1401 3365 1624 3436 σπέρμα
1662 3366 1793 3418 ἴδιον

219 3457 339 3525 ἔχει
388 3456 621 3526 καρπόν.
702 3456 810 3508 Ka‘t
853 3455 1047 3525 δένδρα
1095 3455 1265 3509 πολλά
1302 3459 1439 3509 είσιν
1467 3473 1481 3489 ο
1530 3457 1647 3509 ἀλλ’
1686 3458 1794 3509 stat

217 3549 416 3617 δένδρα
468 3548 713 3615 μείζονα,
748 3549 844 3601 καὶ
891 3548 1237 3619 είσὶδένδρα
1298 3550 1615 3623 μικρότερα.
1687 3549 1795 3601 Καὶ

218 3641 386 3692 αὑταὶ
415 3640 471 3693 αἱ
504 3639 720 3709 ὀπῶραι
746 3640 1010 3710 διαφορὰν
1063 3640 1250 3709 ἔχουσι
1291 3641 1495 3711 πολλήν
1516 3656 1529 3669 ·
1564 3642 1792 3695 ’ἑκαστον

219 3731 332 3800 γὰρ
365 3731 545 3783 αὐτῶν
570 3732 708 3784 ίδίαν
755 3732 964 3799 γεῦσιν.
1004 3732 1114 3784 Kal.
1163 3733 1300 3784 είσὶν
1338 3731 1579 3801 βοτάναι,
1612 3734 1704 3783 κα)⁸
1734 3734 1794 3785 ἐν

224 3820 420 3883 αύταῐς
463 3821 720 3888 διαφοραὶ
770 3819 984 3882 πολλαὶ,
1019 3822 1075 3873 αἱ
1117 3820 1218 3889 μὲν
1238 3823 1316 3884 εἰς
1362 3820 1550 3889 ὑγείαν
1582 3839 1795 3891 προχω-

226 3910 439 3981 ροῦσαι,
471 3910 529 3963 al
585 3910 642 3962 δὲ
690 3912 771 3974 είς
806 3911 1036 3963 εὐωδίαν
1068 3911 1245 3981 μόνον.
1284 3912 1556 3965 Ἕκαστον
1598 3912 1653 3964 δὲ
1682 3912 1791 3965 τῶν

220 4002 457 4071 δένδρων
518 4000 729 4055 ἔνδοθεν
778 4002 997 4074 ἐκφέρει
1050 4002 1119 4055 τὰ
1175 4002 1446 4071 ἐνδύματα
1494 4002 1794 4071 φαινόμενα

223 4094 423 4163 φύλλα,
484 4094 578 4145 καὶ
620 4092 779 4161 ἄνθη,
816 4094 910 4147 καὶ
965 4093 1229 4164 καρπούς.
1294 4094 1526 4163 Ὁμοίως
1578 4094 1672 4147 καὶ⁹
1725 4094 1795 4145 τὰ

224 4181 520 4251 σπέρματα
555 4181 764 4233 ἔνδοθεν
812 4180 1084 4250 ἐνδύματα
1114 4184 1270 4253 φέρει
1324 4184 1623 4253 φαινόμενα
1647 4199 1661 4213 ’
1698 4184 1794 4236 καὶ

224 4272 365 4324 αὐτὰ
409 4272 478 4324 τὰ
506 4272 669 4340 κρίνα
711 4272 920 4325 ἔνδοθεν
951 4272 1174 4344 ἐκφέρει
1195 4273 1490 4342 ἐνδύματα,
1536 4275 1630 4328 καὶ
1660 4274 1793 4327 καλ-

221 4362 451 4425 λωπίζει
478 4363 577 4433 τὴν
598 4363 783 4433 χλόην.

294 4542 376 4594 B'.
413 4540 572 4595 Οὕτω
604 4541 698 4595 καὶ
727 4540 835 4593 τῶν
862 4543 1205 4611 Χριστιανῶν
1233 4545 1347 4596 ὅσοι
1377 4543 1793 4613 κατηξιώθησαν

226 4632 564 4685 άπεντεῦθεν
602 4633 909 4702 κτήσασθαι
946 4634 1007 4685 τὸ
1050 4636 1371 4705 ἐπουράνιον
1403 4636 1626 4705 ἔνδυμα,
1661 4636 1793 4689 αὐτὸ

221 4727 401 4777 ἐκεῖνο
427 4727 611 4793 έχουσι
640 4728 756 4787 ταῖς
779 4725 978 4794 ψυχαῖς
1000 4726 1179 4780 αὐτῶν
1211 4729 1467 4796 ὲμμένον.
1501 4729 1610 4780 Καὶ
1641 4730 1792 4780 ἐπει-

222 4816 286 4886 δὴ
322 4816 429 4869 ἀπὸ
454 4816 589 4868 Θεοῦ
621 4816 957 4886 προώρισται
985 4817 1301 4888 διαλυθῆναι
1334 4821 1434 4887 τὴν
1456 4820 1636 4871 κτίσιν
1662 4819 1792 4871 ταύ-

223 4922 347 4974 την,
407 4905 503 4957 καὶ
553 4905 846 4975 παρελθεῖν
871 4908 961 4959 τὸν
998 4908 1223 4977 οὐρανὸν
1259 4910 1352 4961 καὶ
1397 4911 1494 4979 τὴν
1548 4911 1671 4979 γῆν,
1732 4912 1791 4963 τὸ

223 4994 475 5056 ἐνδύσαν,
516 4996 609 5049 καὶ
642 4996 873 5061 δοξάσαν
895 4997 1001 5048 ἀπὸ
1039 4997 1131 5049 τοῦ
1182 4997 1276 5049 νῦν
1305 4998 1507 5065 ἔνδυμα
1541 5000 1790 5068 οὐράνιον

221 5092 324 5161 τὴν
350 5089 549 5159 ψυχὴν,
596 5088 731 5156 ὅπερ
789 5088 1089 5156 ἐκτήσαντο
1145 5090 1203 5140 ἐν
1236 5092 1300 5158 τῇ
1360 5088 1580 5159 καρδίᾳ,
1617 5091 1791 5141 ἐκεῖνο

225 5182 319 5234 καὶ
376 5182 446 5232 τά
497 5177 680 5247 γυμνὰ
730 5176 980 5246 σώματα,
1010 5177 1154 5247 ειπερ
1201 5178 1517 5231 ἀνίστανται
1576 5178 1639 5231 ἐκ
1681 5178 1789 5231 τῶν

223 5269 436 5336 τάφων,
475 5268 533 5319 ἐν
564 5265 750 5334 ἐκείνῃ
784 5268 850 5333 τῇ
883 5266 1065 5336 ἡμέρᾳ
1088 5268 1157 5318 τά
1187 5267 1509 5335 ἐγειρόμενα
1536 5269 1785 5334 σώματα·

225 5358 366 5412 ἀλλὰ
396 5356 555 5426 δῆλον
606 5358 689 5409 ὅτι
738 5355 1024 5426 περιϐαλεῖ
1057 5354 1227 5409 ταῦτα
1260 5355 1445 5419 δόξανο
1482 5355 1511 5407 δ
1557 5356 1666 5408 ἀπὸ
1698 5356 1791 5408 τοῦ

225 5448 323 5502 νῦν
363 5446 733 5516 λαμϐάνουσιν
777 5449 825 5499 οί
864 5447 1186 5516 Χριστιανοὶ
1236 5446 1375 5516 δόμα
1435 5446 1529 5498 καὶ
1588 5446 1793 5517 ἔνδυμα

225 5538 479 5608 ἀόρατον,
524 5538 619 5590 καὶ
656 5538 924 5607 οὐράνιον.
969 5539 1180 5606 ’Ὠσπερ
1217 5539 1273 5590 δὲ
1326 5538 1393 5589 τὰ
1441 5537 1709 5607 πρόϐατα,
1759 5539 1790 5608 ἢ

227 5630 285 5681 al
321 5627 560 5697 κάμηλοι
616 5628 806 5697 χόρτον
864 5628 1206 5698 εὑρίσκοντα,
1243 5624 1457 5696 λάϐρως
1501 5631 1591 5683 καὶ
1628 5629 1792 5692 ὀξέως

302 5783 341 5815 ⁸⁸
374 5782 581 5841 Coloss.
625 5801 703 5855 ιιι,
738 5782 822 5838 15.

1821 4488 1872 4545 D

1893 3276 2024 3331 pora
2054 3265 2223 3315 multa
2255 3263 2401 3315 inter
2448 3278 2505 3316 se
2535 3264 2823 3317 dissimilia
2859 3282 2871 3316 :
2903 3276 2959 3318 et
2993 3267 3048 3319 in
3086 3274 3229 3319 terra
3257 3269 3470 3323 semina

1893 3361 2024 3407 sunt
2058 3354 2251 3419 multa,
2286 3370 2478 3408 verum
2512 3356 2949 3425 unumquodque
3006 3372 3195 3411 semen
3233 3360 3475 3427 peculia-

1896 3460 2009 3498 rcm
2060 3446 2226 3499 habet
2269 3446 2531 3501 fructum.
2573 3448 2769 3502 Itidem
2825 3450 3011 3502 multa:
3045 3460 3176 3504 sunt
3220 3452 3469 3514 arbores.

1894 3552 2086 3590 verum
2110 3548 2239 3591 sunt
2266 3539 2490 3593 arbores
2513 3580 2525 3602 ,
2558 3542 2803 3608 qumdam
2836 3542 3085 3605 altiores,
3116 3543 3363 3611 qnmdam
3389 3560 3474 3596 ar-

1895 3629 2058 3683 bores
2080 3629 2423 3683 humiliores.
2450 3631 2555 3699 Ipsi
2588 3647 2806 3700 quoque
2837 3635 3087 3685 autumni
3115 3634 3328 3689 l‘rnctus
3354 3652 3474 3689 ma-

1894 3736 2058 3789 gnum
2104 3720 2248 3774 inter
2285 3735 2343 3773 se
2376 3720 2628 3774 obtinent
2666 3722 2998 3787 discrimen;
3053 3724 3285 3791 quilith
3326 3726 3470 3779 enim

1892 3826 2085 3865 eorum
2137 3812 2468 3879 peculiarem
2525 3812 2689 3865 habet
2756 3824 2999 3882 gustum.
3062 3814 3203 3868 Sunt
3254 3831 3473 3885 quoque

1893 3902 2038 3958 inter
2070 3904 2269 3958 herbas
2302 3904 2621 3959 discrimina
2646 3905 2813 3957 multa
2858 3922 2871 3959 :
2902 3907 2985 3959 ha:
3016 3907 3238 3975 quidem
3270 3908 3337 3961 ad
3388 3924 3473 3961 sa-

1893 3994 2120 4047 nitatem
2146 3993 2483 4060 conducunt,
2504 3995 2608 4048 illa:
2633 4010 2763 4048 vero
2790 3996 2859 4048 ad
2894 3996 3245 4065 fragrantiam
3274 3997 3473 4050 dunta~

1894 4092 2005 4136 xat.
2039 4084 2388 4153 Unaquchne
2416 4100 2546 4138 vero
2576 4085 2834 4138 arborum
2862 4086 3009 4139 intus
3036 4088 3291 4155 producit
3320 4087 3473 4141 indu-

1894 4183 2080 4228 menta
2100 4216 2114 4238 ,
2145 4192 2265 4245 qua:
2287 4175 2541 4229 videmus
2576 4176 2725 4238 folia,
2770 4176 2933 4231 ﬂores
2962 4185 3019 4231 et
3051 4178 3263 4231 fructus
3291 4196 3304 4232 :
3338 4179 3469 4232 item

1895 4265 2101 4318 semina
2128 4266 2272 4320 intus
2302 4268 2613 4335 producunt
2647 4268 2965 4320 indumenta
2988 4311 3001 4333 ,
3032 4285 3153 4337 qua:
3187 4270 3465 4323 videntur.

1896 4352 2017 4421 Ipsa
2046 4369 2262 4422 quoque
2281 4355 2393 4407 lilia
2418 4356 2567 4409 intus
2590 4356 2879 4425 proferunt
2907 4357 3143 4425 tegmina
3164 4396 3178 4421 ,
3211 4364 3267 4411 et
3308 4373 3471 4412 exor-

1898 4452 2031 4496 nant
2052 4452 2274 4497 terram.

1968 4534 2033 4587 ll.
2061 4534 2149 4587 Sic
2170 4550 2388 4603 quoque
2421 4543 2694 4604 quotquot
2724 4536 3164 4589 Christianorum
3207 4536 3338 4590 hinc
3379 4537 3463 4590 di-

1897 4625 1989 4694 gni
2020 4632 2149 4678 sunt
2176 4625 2351 4678 habiti
2382 4627 2645 4693 consequi
2678 4627 2954 4681 ccclcstcm
2989 4628 3279 4689 amictum,
3313 4628 3464 4681 illum

1897 4716 2076 4785 ipsum
2131 4717 2336 4770 habent
2386 4718 2441 4769 in
2495 4717 2694 4770 animis
2741 4718 2856 4772 suis
2908 4728 3355 4772 commorantem.
3398 4720 3466 4775 Et

1896 4812 2155 4881 quoniam
2207 4827 2239 4865 a
2292 4811 2402 4865 Deo
2471 4810 2799 4880 prmﬁnitum
2855 4821 2970 4875 est,
3030 4820 3089 4863 nt
3135 4811 3464 4865 dissolvatur

1895 4911 2149 4955 creatura
2170 4902 2304 4967 hazc,
2336 4909 2498 4971 atque
2528 4903 2727 4956 cmlum
2758 4909 2813 4955 et
2849 4910 2993 4955 terra
3028 4911 3337 4966 transeant,
3389 4902 3467 4955 in-

1898 4996 2221 5051 dumentum
2256 4997 2476 5049 caaleste
2505 5011 2651 5048 nunc
2692 5006 2880 5063 tegens
2918 5002 2974 5047 et
3013 4994 3295 5047 illustratus
3339 4995 3460 5047 ani-

1896 5103 2063 5151 mam,
2089 5087 2234 5155 quod
2274 5086 2524 5139 obtinent
2562 5086 2614 5137 in
2645 5086 2830 5147 corde,
2878 5083 3006 5136 illud
3040 5083 3184 5136 nuda
3240 5098 3461 5151 quoque

1897 5192 2146 5247 corpora,
2171 5192 2290 5246 qua:
2310 5185 2595 5245 resurgent
2616 5192 2681 5230 ex
2706 5176 2993 5244 sepulcris,
3018 5174 3073 5226 in
3107 5175 3194 5227 illa
3219 5173 3330 5238 die,
3355 5186 3462 5243 qua

1895 5283 2127 5337 corpora
2148 5268 2535 5321 excitabuntur
2560 5307 2574 5333 ,
2606 5267 2695 5319 illa
2732 5265 2989 5319 videlicet
3024 5262 3217 5316 induet
3257 5262 3457 5331 gloria;

1896 5360 2041 5429 quod
2076 5359 2279 5411 donum
2306 5366 2361 5411 et
2392 5358 2771 5413 indumentum
2820 5355 3098 5409 invisibile
3138 5369 3201 5408 ac
3240 5354 3461 5407 cmlcsm

1896 5463 2042 5501 nunc
2064 5456 2478 5515 consequuntur
2505 5445 2821 5501 Christiani.
2851 5442 3319 5510 Quemadmodum
3365 5458 3463 5495 an-

1896 5546 2006 5591 tem
2032 5552 2163 5591 oves
2208 5549 2302 5590 aut
2326 5538 2517 5593 cameli
2542 5536 2596 5589 in
2635 5535 2823 5590 fenum
2856 5534 3182 5597 incidentes,
3227 5532 3460 5585 inconti-

1898 5638 2095 5685 nenter
2122 5637 2175 5684 et
2210 5630 2462 5685 celeriter
2498 5627 2767 5685 accedunt
2793 5626 2859 5683 ad
2884 5620 3166 5697 pabulum,
3190 5633 3351 5693 atque
3376 5622 3458 5675 in-
