4282 6364
838 420 945 485 735

2175 413 2495 473 MACARII
2538 415 2859 476 IEGYPTII

3994 414 4103 477 736

840 534 1071 591 cludunt
1119 531 1222 586 sibi
1252 530 1609 590 alimentum;
1657 525 1794 578 liora
1849 531 2032 577 autem
2063 524 2221 579 l‘amis
2278 526 2413 579 illud
2445 536 2531 588 A1

2411 572 2413 577 ,
2445 536 2488 588 Α
2517 530 2909 597 προσέρχονται
2933 530 3046 591 τοῖς
3096 525 3369 597 βρώμασι,
3410 529 3504 581 καὶ
3532 527 3839 595 ἐγκλείουσι
3881 529 4102 597 τροφὴν

842 628 1020 695 ipsum
1074 640 1105 678 e
1158 620 1465 677 ventriculo
1511 618 1784 671 reducunt
1833 624 1889 669 ct
1939 616 2261 678 ruminant,
2316 616 2413 669 ha-

840 717 1081 784 bentque
1113 715 1265 768 velut
1294 712 1638 772 alimentum,
1688 723 1810 776 quas
1842 715 1969 760 ante
2008 714 2364 773 reposuerant
2393 722 2406 759 :

840 804 922 858 sic
950 818 1169 871 quoque
1199 802 1513 871 quicunque
1550 814 1698 852 nunc
1733 812 1962 865 regnum
2002 798 2269 850 calorum
2322 812 2411 850 ra-

840 902 1099 964 puerunt,
1126 904 1183 947 et
1205 894 1482 947 coalestem
1513 889 1696 943 cibum
1722 889 1776 940 in
1808 888 2007 956 Spiritu
2041 888 2291 942 viventes
2318 888 2415 942 de-

839 994 1397 1055 gustarunt,tempore
1446 980 1875 1038 resurrectionis
1921 995 2053 1034 eum
2102 980 2284 1049 ipsum
2315 981 2413 1033 ha.

845 1078 978 1132 bent
1014 1084 1289 1145 tegentem
1322 1084 1377 1129 et
1406 1073 1679 1128 foventem
1707 1070 1893 1125 omnia
1918 1086 2111 1125 eorum
2142 1071 2409 1126 membra.

909 1293 998 1346 111.
1036 1290 1504 1357 Quemadmodum
1532 1303 1660 1358 ergo
1686 1286 1929 1340 diximus
1952 1284 2251 1339 discrimen
2291 1300 2412 1339 esse

841 1384 984 1437 inter
1034 1382 1263 1446 semina,
1324 1380 1453 1449 quia
1505 1377 1828 1447 multiplicia
1896 1377 1949 1429 in
1993 1391 2158 1429 unam
2205 1385 2409 1429 terram

844 1474 996 1542 121
1035 1474 1299 1526 seminata
1327 1472 1574 1525 diversos
1605 1469 1922 1539 producunt
1968 1467 2216 1531 fructus,
2270 1466 2413 1520 inter

840 1580 897 1617 se
924 1564 1217 1616 dissimiles
1244 1580 1256 1614 :
1295 1563 1479 1615 itidem
1501 1561 1567 1614 de
1591 1560 1883 1613 arboribus
1922 1558 2001 1611 sic
2020 1572 2077 1611 se
2105 1572 2192 1610 res
2223 1557 2410 1622 habet,

840 1654 1098 1708 videlicet
1147 1653 1411 1722 quasdam
1438 1666 1625 1704 earum
1684 1665 1805 1703 esse
1852 1650 2118 1717 majores,
2146 1647 2410 1715 quasdam

840 1746 1105 1808 minores,
1164 1760 1327 1798 unam
1379 1751 1561 1796 autem
1628 1750 1829 1794 terram
1889 1739 2103 1791 radices
2163 1738 2407 1791 omnium

839 1837 1124 1891 continere
1154 1836 1265 1889 :sic
1318 1849 1536 1903 quoque
1587 1830 1829 1884 caelestis
1885 1830 2129 1882 Ecclesia
2184 1844 2307 1879 cum
2339 1828 2410 1881 sit

841 1944 973 1991 una,
1026 1928 1369 1980 innumerata
1408 1933 1512 1989 est,
1564 1922 1796 1991 quisque
1848 1929 2030 1972 autem
2059 1920 2412 1987 peculiariter

838 2028 1136 2073 exornatur
1166 2034 1195 2071 a
1218 2016 1396 2085 gloria
1438 2014 1699 2084 Spiritus.
1734 2012 1969 2066 Perinde
2000 2012 2146 2063 enim
2180 2025 2242 2063 ac
2262 2010 2415 2062 volu-

839 2126 959 2165 cres
987 2124 1268 2177 ecorpore
1318 2107 1636 2160 indumenta
1682 2106 1889 2156 alarum
1934 2103 2263 2171 producunt,
2300 2103 2412 2156 dis~

840 2197 1047 2250 crimen
1080 2205 1262 2248 autem
1291 2195 1545 2247 intereas
1582 2207 1693 2245 non
1726 2200 1808 2244 est
1845 2192 2134 2255 exiguum;
2164 2190 2410 2259 quaedam

837 2289 986 2341 enim
1016 2285 1241 2354 propius
1278 2292 1475 2337 terram
1518 2284 1722 2341 volant,
1752 2282 1997 2350 quredam
2032 2297 2161 2334 vero
2189 2286 2243 2335 in
2286 2298 2413 2337 aere

840 2380 1059 2434 evolant
1091 2395 1102 2428 :
1129 2386 1223 2429 aut
1266 2374 1733 2444 quemadmodum
1770 2375 1968 2426 cadum
2007 2390 2175 2426 unum
2224 2382 2327 2435 est,
2359 2385 2415 2428 et

843 2468 1041 2520 multas
1074 2468 1127 2518 in
1159 2480 1216 2518 se
1254 2466 1440 2517 stellas
1485 2464 1749 2524 continet,
1791 2462 1890 2515 has
1918 2464 2135 2527 quidem
2166 2463 2412 2531 splendi-

841 2559 1057 2620 diores,
1092 2556 1213 2608 illas
1248 2555 1503 2624 majores,
1526 2554 1643 2605 illas
1660 2568 1791 2605 vero
1821 2554 2061 2605 minores
2098 2570 2110 2616 ;
2147 2554 2414 2607 universa:

841 2663 973 2701 vero
1002 2648 1053 2699 in
1090 2646 1225 2700 caalo
1270 2645 1387 2697 ﬁxae
1434 2653 1563 2697 sunt
1592 2660 1603 2695 :
1633 2644 1711 2696 sic
1742 2658 1963 2711 quoque
1998 2644 2169 2695 sancti
2217 2644 2271 2696 in
2304 2658 2413 2696 uno

840 2739 981 2793 caalo
1012 2738 1219 2801 d.vino,
1252 2746 1308 2789 et
1352 2735 1406 2787 in
1440 2734 1700 2787 invisibili
1738 2744 1878 2786 terra
1925 2733 2294 2787 diversimodc
2329 2750 2415 2787 ra-

840 2830 992 2884 dices
1020 2838 1270 2898 egerunt.
1306 2826 1496 2880 ltidem
1532 2842 1653 2893 qua:
1696 2824 1827 2878 Adae
1869 2824 2175 2877 obveniunt
2204 2826 2411 2893 cogita-

844 2920 1046 2983 tiones,
1080 2918 1311 2970 diversae
1344 2924 1472 2968 sunt
1509 2934 1521 2968 :
1561 2925 1615 2967 at
1642 2913 1883 2982 Spiritus
1918 2915 1973 2966 in
2016 2930 2111 2967 cor
2162 2915 2410 2978 veniens,

841 3024 1005 3062 unam
1052 3007 1309 3076 producit
1338 3004 1722 3074 cogitationem
1780 3011 1837 3056 et
1886 3019 2054 3056 unum
2081 3021 2175 3057 cor
2203 3023 2215 3057 :
2247 3006 2415 3074 siqui-

840 3100 965 3154 dem
991 3099 1086 3167 qui
1121 3098 1379 3151 deorsum
1412 3104 1561 3158 sunt,
1593 3103 1649 3147 et
1676 3093 1769 3162 qui
1792 3109 2029 3160 sursum,
2059 3094 2127 3147 ab
2150 3110 2259 3149 uno
2312 3111 2413 3164 gu-

840 3191 1144 3245 bernantur
1174 3186 1403 3256 Spiritu.

910 3280 1000 3333 IV.
1029 3276 1170 3342 Quid
1200 3291 1331 3328 vero
1370 3274 1472 3328 sibi
1519 3274 1713 3327 volunt
1740 3272 1995 3326 animalia
2034 3272 2242 3327 biﬁda?
2267 3272 2412 3339 Quo-

843 3369 987 3421 niam
1011 3366 1227 3419 duobus
1264 3364 1540 3433 unguibus
1562 3364 1813 3417 celeriter
1839 3363 1983 3416 viam
2003 3364 2327 3427 coniiciunt,
2354 3363 2409 3416 in

843 3462 1071 3529 figuram
1098 3457 1279 3525 posita
1330 3464 1456 3509 sunt
1485 3470 1703 3519 eorum,
1734 3455 1827 3523 qui
1859 3454 1913 3507 in
1953 3456 2070 3523 lege
2107 3464 2252 3508 recte
2292 3470 2411 3507 am-

842 3550 1056 3604 bulant.
1088 3545 1557 3612 Quemadmodum
1604 3556 1786 3597 autem
1833 3546 2025 3597 umbra
2066 3546 2313 3612 corporis
2354 3546 2409 3599 in

840 3640 1034 3695 eodem
1060 3651 1289 3705 corpore
1326 3644 1428 3699 est,
1482 3644 1536 3687 at
1567 3635 1801 3688 ollicium
1834 3634 2014 3688 carnis
2046 3635 2272 3701 implere
2315 3651 2411 3688 ne-

839 3731 960 3801 quit
994 3747 1007 3782 :
1037 3728 1230 3781 umbra
1282 3728 1429 3780 enim
1480 3726 1704 3779 vulnera
1752 3724 1977 3795 alligare
2024 3725 2255 3793 nequit,
2309 3740 2411 3779 nec

840 3823 1025 3876 cibum
1071 3820 1313 3888 prabere
1359 3826 1454 3870 aut
1503 3817 1654 3885 loqui
1703 3818 1822 3869 :ab
1875 3819 1993 3885 ipso
2051 3818 2411 3872 nihilominus

842 3926 1071 3979 corpore
1094 3918 1296 3972 manat,
1332 3919 1387 3962 et
1418 3910 1733 3975 praecedens
1777 3907 2123 3974 prmsentiam
2166 3909 2411 3975 corporis

844 4003 1089 4056 declarat
1116 4019 1128 4053 :
1155 4000 1220 4053 ad
1248 3999 1504 4052 eumdem
1538 3998 1761 4051 modum
1786 3998 1870 4051 lex
1906 4006 2067 4050 vetus
2094 3996 2289 4049 umbra
2329 4007 2414 4051 est

843 4092 971 4146 novi
1006 4090 1316 4145 testamenti
1340 4089 1402 4139 ιθ.
1437 4089 1825 4141 Przemonstrat
1854 4094 2036 4139 autem
2084 4086 2275 4138 umbra
2313 4101 2409 4139 ve-

840 4181 1081 4244 ritatem,
1110 4189 1165 4233 at
1198 4177 1565 4232 ministerium
1600 4175 1837 4244 Spiritus
1867 4190 1976 4227 non
2004 4174 2260 4228 obtinuit.
2291 4174 2410 4228 Non

840 4274 988 4327 enim
1020 4270 1211 4339 potuit'
1226 4267 1401 4319 Moses
1434 4280 1599 4318 carne
1624 4264 1860 4317 amictus
1890 4272 2183 4330 penetrare
2216 4279 2332 4324 cor,
2357 4269 2413 4317 et

840 4360 1059 4415 auferre
1092 4356 1309 4410 sordida
1337 4354 1660 4406 vestimenta
1685 4352 2039 4405 tenebrarum
2070 4369 2081 4403 :
2117 4352 2208 4404 sed
2234 4352 2411 4404 solum

841 4450 1071 4519 spiritus
1126 4463 1156 4501 a
1204 4445 1435 4514 spiritu,
1490 4452 1544 4496 et
1601 4442 1741 4511 ignis
1770 4442 1838 4494 ab
1878 4441 1988 4509 igni
2030 4442 2277 4494 dissolvit
2302 4442 2411 4495 vim

2515 620 2762 681 ἑαυτοῖς·
2817 621 2875 669 ἐν
2910 618 2967 671 δὲ
3009 618 3187 688 καιρῷ
3221 619 3433 687 πείνης,
3474 620 3607 671 αὐτὸ
3644 621 3825 671 ἐκεῖνο
3880 619 3952 671 ἐκ
3997 618 4103 687 τῆς

2514 711 2722 774 κοιλίας
2737 709 3090 781 ἀναφέρουσι,
3123 710 3218 763 καὶ
3238 709 3724 781 ἀναμηρυκῷνται,
3755 710 3851 764 καὶ
3884 710 4104 780 ἔχειὼς

2513 806 2738 874 τροφὴν,
2766 803 2911 873 ἅπερ
2942 803 3260 872 ἐνεθηκίασε
3304 803 3589 872 πρότερον,
3620 802 3795 865 οὕτως
3832 805 3937 856 καὶ
3982 802 4104 853 ὅσοι

2513 895 2609 948 νῦν
2636 897 2896 966 ἥρπασαν
2924 894 3020 966 τὴν
3048 894 3327 965 βασιλείαν
3356 895 3465 948 τῶν
3500 895 3769 965 οὐρανῶν,
3800 895 3895 949 καὶ
3930 894 4104 961 ἐγεύ-

2517 1005 2678 1040 σαντο
2701 989 2801 1058 τῆς
2838 987 3161 1057 ἐπουρανίου
3204 987 3459 1057 βρώσεως
3488 988 3546 1038 ἐν
3585 986 3855 1054 πνεύματι
3885 987 4105 1055 ζήσαν-

2515 1097 2626 1142 τες,
2649 1081 2800 1149 ἐντῷ
2830 1080 3008 1151 καιρῷ
3035 1083 3135 1149 τῆς
3163 1081 3513 1141 ἀναστάσεως
3545 1080 3678 1133 αὐτὸ
3708 1082 3886 1132 ἐκεῖνο
3906 1080 4103 1149 έχουσι

2518 1171 2789 1232 σκεπάζον
2824 1172 2917 1223 καὶ
2955 1171 3159 1226 θάλπον
3186 1172 3364 1225 αὐτῶν
3393 1155 3579 1225 ὀλίτά
3606 1172 3766 1242 μέλη.

2584 1263 2659 1315 Γθ.
2689 1262 2884 1325 Καθὼς
2911 1264 3003 1316 οὖν
3034 1266 3259 1334 εἴπομεν
3285 1266 3383 1333 τὴν
3402 1264 3665 1334 διαφοράν
3692 1265 3801 1317 τῶν
3833 1265 4102 1333 σπερμά,

2517 1373 2646 1421 των,
2680 1358 2761 1410 δτι
2804 1358 2973 1411 πολλά
3005 1359 3062 1410 ἐν
3096 1361 3191 1428 μιᾷ
3211 1361 3280 1427 γῇ
3324 1359 3631 1428 σπείρεται,
3668 1360 3759 1413 καὶ
3795 1359 4103 1430 διαφόρους

2515 1450 2761 1517 καρποὺς
2795 1450 3000 1513 δίδωσι,
3049 1453 3121 1520 μὴ
3161 1452 3407 1512 ἐοικότας
3454 1451 3731 1521 ἀλλήλοις·
3762 1452 3971 1521 ὁμοίως
4004 1451 4103 1503 καὶ

2516 1541 2645 1610 περὶ
2670 1541 2779 1595 τῶν
2805 1542 3057 1611 δένδρων,
3090 1543 3169 1594 ὅτι
3193 1544 3260 1595 τὰ
3300 1544 3398 1612 μὲν
3432 1542 3609 1594 αὐτῶν
3644 1544 3750 1595 είσι
3789 1543 3990 1613 μείζω,
4030 1542 4103 1593 τά

2513 1632 2570 1684 δὲ
2627 1633 2948 1703 μικρότερα,
2989 1633 3085 1702 μία
3136 1634 3192 1685 δὲ
3223 1634 3295 1702 γῆ
3326 1636 3422 1696 τὰς
3464 1634 3619 1702 ῥίζας
3652 1634 3789 1686 ὅλων
3831 1636 4097 1703 κατέχει·

2514 1720 2683 1783 οὕτως
2719 1723 2811 1774 καὶ
2841 1724 2873 1790 ή
2933 1723 3252 1791 ἐπουράνιος
3296 1723 3591 1790 Ἐκκλησία
3654 1722 3753 1792 μία
3787 1718 3947 1787 οὖσα,
4002 1725 4099 1774 ἁν-

2520 1814 2825 1882 αρίθμητός
2876 1816 3045 1876 ἐστιν,
3086 1816 3313 1876 ἕκαστος
3345 1814 3400 1866 δὲ
3438 1815 3583 1876 ἰδίως
3612 1818 3954 1885 κεκόσμηται
3990 1816 4099 1867 ὑπὸ

2514 1904 2611 1973 τῆς
2646 1904 2803 1975 δόξης
2840 1904 2933 1957 τοῦ
2986 1904 3321 1974 Πνεύματος.
3350 1906 3556 1976 ’Ὠσπερ
3610 1907 3718 1976 γάρ
3759 1907 3826 1958 τά
3870 1906 4100 1958 πετεινά

2514 1995 2622 2048 ἀπὸ
2650 1996 2742 2048 τοῦ
2777 1996 3026 2066 σώματος
3057 1998 3123 2050 τά
3156 1998 3429 2067 ἐνδύματα
3460 1999 3566 2051 τῶν
3597 2000 3817 2069 πτερῶν
3837 1999 4096 2067 ἐκεέρει,

2512 2089 2744 2160 διαφορὰ
2776 2091 2830 2143 δέ
2882 2092 3031 2144 ἐστιν
3096 2093 3154 2143 ἐν
3198 2092 3380 2153 αὐτοῖς
3441 2092 3609 2161 πολλή
3640 2109 3654 2123 ’
3706 2093 3775 2144 τὰ
3817 2092 3920 2160 μὲν
3984 2093 4095 2159 γάρ

2514 2184 2933 2252 προσγειότερον
2976 2184 3256 2248 πέτανται,
3285 2183 3351 2235 τὰ
3392 2184 3445 2236 δὲ
3484 2187 3539 2236 ὲν
3569 2185 3688 2253 ἀέρι
3723 2186 3983 2238 ἵπτανται
4012 2203 4025 2215 ·
4062 2185 4092 2253 ῆ

2512 2271 2699 2341 ὥσπερ
2729 2274 2756 2324 6
2801 2274 3026 2343 οὐρανὸς
3060 2269 3139 2337 εἷς
3164 2275 3301 2337 ἐστι,
3330 2276 3422 2328 καὶ
3451 2275 3563 2343 ἔχει
3592 2276 3817 2335 πολλοὺς
3846 2278 4092 2346 ἀστέρας

2512 2368 2569 2417 ἐν
2605 2365 2803 2434 ἐαυτῷ,
2838 2369 2962 2430 τοὺς
2985 2367 3084 2436 μὲν
3104 2369 3537 2437 λαμπροτέρους,
3567 2371 3691 2431 τοὺς
3721 2370 3775 2422 δὲ
3805 2370 4091 2440 μείζονας,

2513 2458 2640 2519 τοὺς
2676 2458 2731 2509 δὲ
2774 2460 3152 2528 μικροτέρους,
3183 2460 3292 2511 ὅλοι
3325 2461 3379 2513 δὲ
3416 2463 3472 2512 ὲν
3501 2460 3715 2530 οὐρανῷ
3742 2464 4092 2530 πεπηγμένα.

2514 2546 2651 2597 εἰσίν
2678 2562 2690 2574 ·
2717 2547 2888 2609 οὓτως
2921 2549 3011 2598 κα)⁵
3050 2549 3097 2598 οἱ
3142 2548 3288 2615 ἅγιοι
3321 2550 3378 2600 ἐν
3414 2549 3493 2600 ἐνὶ
3528 2549 3743 2618 οὐρανῷ
3772 2550 3872 2618 τῆς
3900 2551 4094 2618 θεότη-

2515 2653 2626 2698 τος,
2672 2638 2765 2689 καὶ
2810 2641 2867 2689 ἐν
2916 2642 2981 2707 τῇ
3010 2640 3228 2708 ἀοράτῳ
3277 2642 3345 2709 γῇ
3397 2640 3668 2711 διαφόρως
3728 2642 4091 2709 ἐρριζωμένοι

2516 2728 2673 2782 εἰσίν.
2722 2729 2953 2797 Ὁμοίως
2980 2730 3035 2781 δὲ
3074 2732 3167 2783 καὶ
3194 2732 3243 2783 οἱ
3270 2734 3348 2791 είς
3379 2731 3541 2783 αὐτὸν
3598 2732 3688 2783 τὸν
3732 2732 3907 2801 Ἀδὰμ
3941 2731 4094 2797 λογι-

2517 2822 2645 2889 σμοὶ
2670 2822 2979 2891 ἐρχόμενοι,
3018 2822 3266 2893 διάφοροί
3312 2825 3416 2875 εἱσι
3437 2836 3451 2850 ·
3502 2824 3562 2875 τὸ
3591 2824 3647 2875 δὲ
3677 2822 3902 2891 Πνεῦμα
3930 2826 3987 2877 ἐν
4023 2826 4087 2892 τῇ

2516 2909 2711 2979 καρδίᾳ
2766 2911 3082 2979 ἐρχόμενον,
3142 2912 3238 2963 ἕνα
3289 2912 3547 2980 λογισμὸν
3603 2914 3746 2964 ποιεῖ
3826 2914 3923 2966 καὶ
3959 2914 4088 2982 μίαν

2516 3002 2745 3069 καρδίαν
2769 3020 2783 3033 ·
2822 3005 2870 3054 οἱ
2903 3003 3054 3055 κάτω
3079 3003 3187 3073 γάρ
3216 3005 3309 3057 καὶ
3336 3007 3385 3057 οἱ
3415 3005 3527 3057 ἄνω
3558 3006 3661 3057 ὑπὸ
3690 3006 3807 3069 ἐνὸς
3832 3006 4088 3077 Πνεύμα-

2514 3106 2605 3154 τος
2639 3091 3028 3159 κυϐερνῶνται.

2586 3267 2660 3319 Δ’.
2705 3265 2771 3318 Τί
2830 3266 2886 3319 δέ
2924 3268 3037 3319 ἐστι
3072 3268 3141 3322 τὰ
3189 3269 3507 3339 διχηλοῦντα
3536 3272 3688 3337 ζῶα;
3726 3273 3951 3346 Ἐπειδὴ
3979 3278 4083 3338 τοῖς

2516 3357 2666 3409 δυσὶν
2715 3358 2894 3421 ὄνυξιν
2930 3358 3131 3421 εὐθέως
3169 3365 3461 3429 περιπατεῖ
3484 3363 3582 3430 τὴν
3619 3364 3754 3428 ὁδὸν,
3790 3366 3871 3427 είς
3923 3366 4085 3418 τύπον

2518 3449 2692 3499 κεῖται
2719 3448 2825 3500 τῶν
2852 3449 2911 3499 ἐν
2940 3448 3017 3517 τῷ
3046 3450 3195 3519 νόμῳ
3223 3453 3606 3521 πορευομένων
3641 3455 3836 3525 ὀρθῶς.
3877 3458 4084 3527 "thpr

2513 3539 2569 3590 δὲ
2598 3540 2628 3607 ἡ
2662 3540 2789 3591 σκιά
2820 3540 2911 3592 τοῦ
2942 3540 3189 3610 σώματος
3213 3543 3271 3608 ἐξ
3300 3544 3468 3597 αὑτοῦ
3503 3546 3596 3597 τοῦ
3630 3547 3885 3615 σώματός
3919 3552 4081 3614 ἐστιν,

2514 3630 2647 3681 ἀλλὰ
2700 3626 2971 3684 διακονίαν
3033 3634 3300 3703 σαρκικὴν
3354 3635 3640 3705 πληρῶσαι
3695 3638 3753 3690 ού
3818 3639 4081 3694 δύναται·

2517 3726 2644 3776 σκιὰ
2684 3726 2792 3794 γάρ
2832 3726 3120 3795 τραύματα
3168 3728 3424 3795 ἐπιδῆσαι
3471 3730 3531 3781 ού
3582 3729 3841 3796 δύναται,
3884 3733 4084 3803 τροφὴν

2514 3815 2715 3879 δοῦναι,
2749 3817 2779 3885 ἦ
2806 3817 3077 3886 λαλῆσαι·
3110 3818 3169 3882 ἐξ
3226 3820 3411 3872 αὑτοῦ·
3440 3820 3494 3873 δέ
3538 3823 3651 3873 ἐστι
3686 3822 3779 3874 τοῦ
3812 3823 4083 3893 σώματος,

2514 3905 2609 3956 καί⁵
2639 3906 3097 3975 προλαμϐάνουσα
3132 3909 3281 3977 δηλοί
3308 3912 3405 3979 τὴν
3432 3915 3735 3981 παρουσίαν
3771 3914 3865 3966 τοῦ
3898 3915 4085 3985 σώμα-

2512 4014 2640 4060 τος’
2682 3998 2854 4060 οὕτως
2900 4002 2994 4052 καὶ
3022 4004 3050 4054 6
3106 4002 3267 4071 νόμος
3316 4005 3345 4054 6
3378 4006 3604 4068 παλαιὸς
3653 4008 3781 4059 σκιά
3825 4009 3945 4061 ἐστι
3990 4012 4085 4079 τῆς

2514 4088 2705 4156 καινῆς
2734 4090 3031 4160 διαθήκης·
3066 4095 3325 4162 προδηλοῖ
3350 4096 3403 4147 δὲ
3436 4098 3467 4165 ὴ
3506 4097 3631 4149 σκιὰ
3673 4098 3769 4167 τὴν
3802 4099 4084 4170 ἀλήθειαν,

2513 4178 2645 4229 ἀλλὰ
2676 4178 2952 4233 διακονίαν
2984 4181 3301 4250 Πνεύματος
3322 4185 3420 4235 ούκ
3442 4180 3608 4255 εἶχεν.
3641 4188 3714 4237 Ού
3748 4186 3856 4256 γάρ
3889 4188 4086 4258 ἡδύνα-

2513 4286 2573 4319 το
2600 4271 2836 4339 Μωῦσῆς
2867 4272 3043 4340 σάρκα
3074 4273 3541 4343 περιϐεϐλημένος
3579 4277 3840 4329 εἰσελθεῖν
3874 4281 3956 4343 είς
3990 4281 4087 4350 τὴν

2514 4362 2759 4432 καρδίαν,
2804 4364 2898 4415 καὶ
2941 4364 3235 4431 ἀφελέσθαι
3272 4366 3340 4417 τὰ
3384 4368 3606 4436 ῥυπαρὰ
3658 4368 3935 4439 ἐνδύματα
3992 4374 4087 4423 τοῦ

2518 4454 2764 4516 σκότους,
2801 4456 2849 4506 εί
2887 4454 2961 4524 μὴ
2994 4456 3211 4525 πνεῦμα
3247 4459 3311 4510 ἐκ
3365 4458 3692 4528 πνεύματος,
3745 4461 3838 4513 καὶ
3885 4462 3999 4533 πῦρ
4026 4465 4089 4516 ἐκ

839 4553 1221 4611 perversarum
1270 4536 1643 4589 tenebrarum.
1690 4533 2053 4586 Circumeisio
2096 4549 2246 4602 ergo,
2290 4550 2410 4601 qua:
2444 4562 2530 4621 Da

2391 4550 2410 4587 Ξ
2444 4567 2485 4621 D
2516 4546 2683 4612 πυρὸς
2710 4545 2825 4596 λύει
2848 4546 2943 4616 τὴν
2964 4548 3189 4616 δύναμιν
3224 4549 3315 4600 τοῦ
3361 4549 3599 4621 πονηροῦ
3635 4551 3879 4614 σκότους.
3915 4553 4082 4623 Περι-

840 4631 1035 4685 eratin
1070 4630 1207 4696 lege,
1226 4626 1498 4696 signiﬁcat
1534 4624 2066 4693 appropinquantem
2093 4640 2278 4677 veram
2303 4626 2409 4677 cir-

841 4721 1229 4776 cumcisionem
1273 4715 1487 4777 cordis,
1526 4726 1579 4766 et
1627 4714 1896 4781 baptisma
1943 4714 2077 4783 legis
2110 4714 2299 4766 umbra
2326 4722 2410 4767 est

841 4824 1093 4865 verarum
1150 4820 1355 4859 rerum.
1412 4804 1526 4857 Illic
1569 4803 1713 4855 enim
1746 4803 2007 4855 abluebat
2048 4817 2247 4871 corpus
2280 4821 2292 4855 :
2322 4803 2410 4856 hic

840 4916 972 4957 vero
1002 4901 1244 4952 animum
1274 4910 1429 4949 conio
1454 4895 1866 4961 coinquinatum
1902 4894 2169 4962 baptisma
2195 4894 2334 4963 ignis
2355 4903 2411 4947 et

842 4992 1078 5060 Spiritus
1105 4995 1294 5057 purgat
1326 4994 1381 5037 et
1410 4984 1599 5037 abluit.

918 5196 976 5249 V.
1009 5194 1123 5247 Illic
1153 5191 1409 5246 sacerdos
1434 5188 1806 5243 imbecillitate
1839 5186 2209 5242 circumdatus
2237 5188 2409 5257 ingre-

838 5287 1088 5339 diebatur
1124 5285 1177 5337 in
1206 5293 1413 5345 sancta,
1442 5292 1496 5335 et
1518 5297 1617 5350 pro
1643 5297 1701 5334 se
1729 5290 1782 5333 ct
1806 5295 1903 5348 pro
1933 5281 2133 5347 populo
2168 5280 2409 5334 oll‘crens

836 5376 1151 5438 victimam;
1188 5375 1282 5426 hic
1316 5388 1448 5426 vero
1478 5386 1644 5424 verus
1675 5370 1918 5439 pontifex
1946 5370 2195 5425 Christus
2240 5372 2410 5425 semel

839 5467 1120 5535 ingressus
1141 5474 1225 5518 est
1249 5466 1302 5517 in
1331 5480 1437 5517 non
1472 5464 1840 5516 manul'actum
1868 5462 2280 5514 tabernaculum
2357 5470 2413 5515 et

839 5572 1137 5626 supernum
1166 5556 1358 5617 altare,
1382 5564 1670 5624 promptus
1691 5552 1756 5606 ad
1799 5553 2142 5620 purgandum
2170 5568 2284 5615 eos,
2316 5552 2411 5620 qui

838 5647 1196 5717 postulantab
1220 5660 1306 5709 eo,
1339 5658 1394 5699 et
1422 5646 1759 5713 inquinatam
1783 5643 2197 5698 conscientiam.
2227 5643 2412 5713 lnquit

909 5832 952 5862 "
976 5830 1183 5889 Coloss.
1217 5847 1278 5899 tt,
1308 5835 1405 5899 l7;
1431 5832 1598 5887 llebr.
1638 5849 1690 5897 χ,
1718 5834 1769 5888 1.

2512 4638 2650 4706 τομὴ
2682 4638 2788 4707 γάρ
2817 4639 2847 4707 ἡ
2882 4640 2938 4690 ἐν
2990 4643 3056 4707 τῇ
3097 4642 3222 4710 σκιᾷ
3260 4640 3353 4691 τοῦ
3385 4641 3551 4711 νόμου
3603 4642 3755 4712 δηλοί
3783 4647 4085 4713 προσεγγί-

2514 4729 2711 4791 ζουσαν
2744 4729 2839 4797 τὴν
2868 4728 3124 4799 ἀληθινὴν
3154 4734 3456 4800 περιτομὴν
3484 4732 3585 4800 τῆς
3624 4733 3871 4802 καρδίας,
3902 4737 3998 4787 καὶ
4029 4736 4090 4788 τὸ

2515 4818 2797 4887 βάπτισμα
2859 4819 2952 4870 τοῦ
2981 4821 3143 4888 νόμου
3186 4822 3313 4873 σκιά
3343 4824 3457 4873 ἐστι
3500 4822 3607 4873 τῶν
3638 4824 3911 4892 ἀληθινῶν
3944 4841 4089 4894 πρα-

2515 4912 2759 4979 γμάτων.
2825 4910 2971 4963 Ἐκεῖ
3043 4913 3151 4981 γάρ
3186 4911 3345 4980 σῶμα
3380 4913 3710 4973 άπέπλυνεν,
3740 4909 3842 4965 ὧδε
3890 4915 3948 4967 δὲ
3992 4916 4087 4968 τὸν

2513 5002 2897 5071 ἐρρυπωμένον
2945 5002 3068 5054 νοῦν
3115 5003 3396 5073 βάπτισμα
3429 5005 3597 5073 πυρὸς
3626 5005 3720 5057 καὶ
3768 5006 4090 5076 Πνεύματος

2514 5092 2798 5161 καθαρίζει
2838 5094 2931 5143 καὶ
2958 5092 3277 5147 ἁποπλύνει.

2588 5187 2663 5237 ις’.
2708 5185 2852 5237 Ἐκεῖ
2887 5185 3062 5254 ἱερεὺς
3101 5186 3385 5237 ἀσθένειαν
3412 5185 3878 5255 περιϐεϐλημένος
3910 5187 4087 5257 εἰσῄει

2509 5276 2589 5337 είς
2622 5277 2687 5327 τὰ
2718 5276 2868 5341 am,
2900 5276 3039 5344 ὑπέρ
3066 5292 3125 5327 τε
3158 5274 3349 5327 ἑαυτοῦ
3383 5278 3476 5327 καὶ
3505 5274 3599 5327 τοῦ
3655 5274 3784 5327 λαοῦ
3836 5278 4087 5345 προσφέ-

2512 5385 2617 5437 ρων
2653 5367 2888 5429 θυσίανε
2934 5361 3037 5419 ὦδε
3074 5369 3360 5437 ἀρχιερεὺς
3420 5367 3672 5437 ἀληθινὸς
3731 5367 3759 5417 6
3822 5366 4083 5437 Χριστὸς,

2511 5457 2654 5521 ἅπαξ
2685 5457 2930 5525 εἰσῆλθεν
2956 5458 3037 5519 εἰς
3066 5456 3162 5525 τὴν
3185 5456 3595 5526 ἀχειροποίητον
3634 5454 3838 5523 σκηνὴν
3901 5456 3998 5507 καὶ
4024 5458 4084 5507 ca

2510 5550 2623 5603 ἀνω
2680 5548 3087 5619 θυσιαστήριον,
3141 5549 3268 5611 τοὺς
3301 5548 3583 5609 αἰτοῦντας
3636 5546 3798 5598 αὑτὸν
3858 5545 4083 5616 ἕτοιμος

2512 5641 2825 5712 καθαρίσαι,
2862 5640 2959 5693 καὶ
2976 5658 3071 5710 την
3105 5639 3518 5710 μεμολυσμένην
3550 5636 3880 5707 συνείδησιν.
3912 5637 4080 5705 Λέγει
