4282 6364
233 335 344 398 737

234 532 474 597 αἰῶνος.
502 528 661 600 Εῐχεν
685 533 713 584 ό
737 532 1025 602 ἀρχιερεὺς
1060 531 1154 583 hct
1197 531 1294 582 τοῦ
1337 528 1567 599 στήθους
1608 529 1702 581 δύο
1728 546 1811 581 τι·

240 619 402 691 μίους
460 620 660 682 λίθους,
721 622 817 673 καὶ
852 616 1001 688 εἶχον
1051 619 1121 673 τά
1174 619 1415 687 ὀνόματα
1461 619 1571 671 τῶν
1602 618 1811 673 δώδεκα

239 710 618 778 πατριαρχῶν.
652 710 726 762 Τὸ
740 709 1032 777 γενόμενον
1069 710 1204 772 ἐκεῖ,
1232 707 1401 770 τύπος
1424 708 1573 762 ἐστίν
1595 726 1610 740 ·
1641 709 1812 773 οὕτως

240 804 352 870 γὰρ
383 804 476 854 καὶ
501 805 530 854 ὁ
556 802 756 869 Κύριος
782 802 1144 871 ἐνδυσάμενος
1169 804 1295 864 τοὺς
1328 802 1539 855 δώδεκα
1577 804 1811 855 ἀποστό-

239 894 385 952 λους.
410 893 727 946 ἀπέστειλεν
760 894 956 956 αὐτοὺς
989 893 1403 962 εὐαγγελιστὰς,
1440 895 1534 946 καὶ
1564 895 1813 963 κήρυκας

239 986 363 1037 ὅλου
385 983 479 1036 τοῦ
506 984 733 1048 κόσμου.
775 979 939 1053 ὐρᾷς
965 984 1083 1046 πῶς
1111 986 1144 1055 ﬂ
1195 986 1323 1037 σκιά
1371 985 1815 1053 προσεγγίζουσα

240 1073 340 1145 τὴν
377 1074 631 1142 ἀλήθειαν
663 1074 958 1128 δείκνυσιν.
1011 1076 1109 1127 ‘Uv
1149 1074 1206 1128 δὲ
1231 1074 1432 1144 τρόπον
1469 1076 1502 1144 ὴ
1532 1076 1659 1127 σκιὰ
1692 1075 1811 1127 δια⁴⁵

242 1166 429 1220 κονίαν
472 1168 574 1218 οὐκ
602 1164 735 1234 ἔχει,
790 1164 916 1218 οὔτε
953 1165 1146 1228 πόνους
1190 1166 1334 1219 ίᾶται
1358 1180 1374 1197 ο
1408 1165 1581 1227 οὕτως
1611 1165 1731 1217 οὐδὲ
1784 1166 1811 1216 ὁ

243 1256 475 1317 παλαιὸς
524 1255 687 1323 νόμος
735 1254 805 1308 τά
854 1255 1145 1325 τραύματα
1188 1256 1285 1323 τῆς
1331 1255 1511 1325 ψυχῆς
1549 1256 1643 1307 καὶ
1686 1255 1812 1317 τοὺς

243 1348 439 1410 πόνους
478 1346 731 1400 ἰάσασθαι
752 1347 990 1416 ἠδυνήθη
1018 1363 1032 1377 ο
1058 1348 1178 1400 οὐδὲ
1214 1348 1321 1417 γὰρ
1351 1345 1494 1417 εἶχεν
1524 1346 1691 1415 ζωήν.

315 1437 392 1503 ς’.
429 1437 533 1489 Δύο
567 1439 675 1507 γὰρ
715 1438 984 1504 πρόσωπα
1040 1440 1444 1508 συναπτόμενα,
1501 1438 1708 1490 τέλειόν
1760 1454 1813 1490 τι

243 1531 479 1597 πρᾶγμα
507 1527 905 1597 ἀπεργάζεται,
928 1520 1040 1579 οἷον
1066 1526 1160 1579 δύο
1189 1528 1444 1596 διαθῆκαι
1466 1544 1480 1558 ·
1514 1527 1636 1580 κατ’
1661 1528 1807 1579 εἰκό-

241 1635 307 1669 να
360 1617 456 1669 καὶ
498 1617 758 1684 ὁμοίωσιν
808 1617 943 1669 Θεοῦ
1001 1617 1224 1683 γέγονεν
1286 1618 1314 1669 ό
1364 1616 1669 1686 ἄνθρωπος,
1722 1618 1814 1669 δύο

241 1709 557 1776 ὀφθαλμοὺς
587 1707 720 1775 ἔχει,
751 1706 845 1758 δύο
870 1707 1100 1775 ὀφρύας,
1136 1708 1231 1759 δύο
1260 1710 1467 1776 χεῖρας,
1501 1707 1593 1759 δύο
1625 1707 1811 1767 πόδας,

244 1799 340 1849 καὶ
364 1799 458 1849 ἐὰν
487 1797 667 1865 συμϐῇ
702 1796 1085 1865 μονόφθαλμον
1132 1794 1293 1860 εἶναι,
1324 1798 1355 1867 ἢ
1417 1797 1727 1867 μονόχειρα,
1780 1798 1811 1868 ἢ
1850 1782 1887 1835 Β

248 1890 537 1958 μονόπουν,
574 1889 766 1954 ὥσπερ
791 1887 1081 1958 ἐπίμωμός
1120 1892 1268 1941 ἐστιν
1292 1889 1367 1958 ’ἢ
1408 1888 1599 1959 ὥσπερ
1637 1906 1815 1941 πετει-

244 1980 335 2033 νὸν
384 1981 480 2030 ἐὰν
527 1979 623 2048 ἔχῃ
655 1979 855 2047 πτερὸν
906 1979 986 2044 ἓν,
1044 1981 1103 2033 ὲν
1148 1979 1225 2049 τῷ
1266 1982 1345 2032 ἐνὶ
1389 1982 1723 2050 πετασθῆναι
1752 1983 1813 2035 ού

247 2072 475 2124 δύναται
504 2085 518 2099 ’
558 2069 702 2121 οὕτω
736 2074 829 2124 καὶ
853 2075 885 2141 ή
920 2072 1079 2139 φύσις
1110 2072 1209 2141 τῆς
1246 2072 1685 2143 ἀνθρωπότητος,
1718 2076 1814 2128 ἐὰν

244 2160 371 2214 καθ’
399 2161 598 2226 ἑαυτὴν
632 2160 815 2230 γυμνή
865 2160 1159 2231 ἀπομείνῃ,
1204 2162 1296 2213 καὶ
1326 2161 1400 2231 μὴ
1430 2162 1568 2234 λάϐῃ
1596 2163 1694 2233 τὴν
1727 2164 1818 2232 μί-

248 2252 331 2316 ξιν
361 2253 455 2304 καὶ⁵
481 2252 579 2322 τὴν
604 2253 892 2303 κοινωνίαν
921 2254 1021 2321 τῆς
1053 2252 1380 2321 ἐπουρανίου
1406 2253 1639 2321 φύσεως,
1664 2256 1817 2308 οὐδὲν

246 2343 533 2416 διωρθώθη
558 2359 573 2373 ⁸
598 2344 711 2396 ἀλλ’
733 2342 915 2413 ἔμεινε
938 2344 1138 2413 γυμνὴ,
1171 2345 1266 2397 καὶ⁸
1294 2346 1581 2414 ὲπίμωμος
1614 2349 1693 2410 είς
1720 2348 1818 2418 τὴν

248 2435 412 2505 φύσιν
439 2434 608 2502 αὐτῆς
649 2436 708 2487 ὲν
752 2434 999 2505 ῥυπαρία
1026 2434 1219 2503 πολλῇ.
1269 2435 1416 2505 Αὐτὴ
1455 2438 1563 2507 γὰρ
1590 2440 1622 2509 ή
1647 2438 1815 2508 ψυχὴ,

246 2526 375 2589 ναὸς
404 2524 537 2577 Θεοῦ
567 2525 661 2577 καὶ
689 2527 1003 2596 οἰκητήριον
1041 2527 1339 2596 ἐπεκλήθη,
1376 2529 1471 2580 καὶ
1502 2529 1686 2600 νύμφη
1721 2530 1820 2599 βα-

250 2616 483 2679 σιλέως·
549 2616 713 2691 λέγει,
747 2617 881 2685 γὰρ,
953 2616 1287 2684 Ἐνοικήσω
1330 2621 1399 2673 ἐν
1455 2622 1681 2688 αὐτοῖς,
1722 2623 1819 2676 καί

248 2706 733 2777 ἑμπεριπστήσω.
766 2707 951 2770 Οὕτως
986 2708 1275 2779 εὐδόκησεν
1304 2713 1333 2764 ό
1380 2712 1530 2777 Θεὸς,
1565 2714 1646 2766 ὅτι
1692 2732 1823 2767 κατ-

250 2798 423 2851 ελθὼν
450 2800 509 2864 ἐξ
560 2798 731 2865 ἀγίων
785 2799 1050 2867 οὐρανῶν,
1080 2802 1484 2871 συμπεριέλαϐε
1523 2803 1619 2874 τὴν
1660 2804 1822 2872 φύσιν

253 2906 348 2941 σου
377 2889 479 2957 τὴν
530 2888 775 2959 λογικὴν,
819 2891 919 2961 τὴν
951 2890 1129 2959 σάρκα
1168 2891 1267 2961 τὴν
1308 2894 1373 2945 ὲκ
1417 2894 1517 2962 τῆς
1553 2895 1674 2962 γῆς,
1728 2898 1824 2947 καὶ

253 2981 586 3049 συνεκέρασε
624 2980 699 3049 τῷ
734 2980 862 3051 θείῳ
911 2982 1075 3034 αὐτοῦ
1106 2983 1408 3052 Πνεύματι,
1442 2986 1529 3037 ἵνα
1572 2987 1760 3039 καὶσὺ
1795 2988 1825 3039 ό

252 3073 436 3141 χοῖκὸς
461 3070 587 3143 δέξῃ
616 3073 716 3140 τὴν
751 3074 1070 3143 ἐπουράνιον
1092 3072 1290 3143 ψυχήν.
1325 3076 1434 3126 Καὶ
1460 3077 1588 3128 ὅταν
1624 3078 1656 3147 ή
1678 3076 1821 3146 ψυχή

258 3181 354 3217 σου
381 3165 689 3233 κοινωνήσῃ
705 3164 785 3234 τῷ
808 3164 1107 3232 Πνεύματι,
1133 3167 1227 3218 καὶ
1252 3166 1468 3237 εἰσέλθῃ
1491 3166 1638 3237 ψυχὴ
1668 3168 1829 3220 ἐπου-

256 3255 446 3326 ράνιος
480 3254 559 3314 είς
591 3252 689 3323 τὴν
712 3253 892 3323 ψυχήν
947 3271 1063 3319 σου,
1090 3258 1213 3308 τότε
1242 3252 1292 3308 εἴ
1312 3257 1515 3321 τέλειος
1542 3256 1828 3329 ἄνθρωπος

253 3348 316 3397 ὲν
352 3344 494 3413 Θεῷ,
528 3345 624 3397 καὶ
646 3344 1000 3415 κληρονόμος,
1034 3348 1127 3398 καὶ
1148 3347 1281 3408 υἱός.

331 3436 406 3487 Z'.
445 3436 656 3506 Ὠσπερ
681 3436 736 3488 δὲ
781 3436 841 3488 τὸ
882 3436 1111 3504 μέγεθος
1144 3438 1237 3489 τοῦ
1266 3436 1424 3502 Θεοῦ,
1451 3438 1547 3492 καὶ
1597 3440 1659 3492 τὸ
1688 3440 1830 3493 ἀκα-

256 3526 539 3595 τάληπτον
577 3527 765 3592 αὑτοῦ,
798 3527 920 3579 οῦτε
938 3530 984 3579 οί
1014 3529 1126 3581 ἀνω
1156 3529 1351 3591 αἰῶνες
1372 3530 1664 3600 χωροῦσιν,
1704 3531 1830 3585 οὗτε

256 3618 312 3670 οἱ
344 3618 495 3670 κάτω
514 3632 528 3645 ·
561 3617 733 3679 οὕτως
758 3618 920 3671 πάλιν
946 3619 1006 3670 τὸ
1036 3618 1228 3670 λεπτὸν
1258 3619 1351 3673 τοῦ
1382 3620 1536 3681 Θεοῦ,
1566 3624 1659 3674 καὶ
1682 3623 1830 3685 ὅπως

260 3710 692 3778 συσμικρύνεται
744 3709 964 3773 λεπτοῖς
1017 3714 1111 3763 καὶ
1147 3713 1384 3780 μικροῖς,
1452 3711 1575 3766 οὔτε
1619 3714 1668 3765 οί
1718 3715 1830 3767 ἀνω

260 3801 482 3869 κόσμοι,
538 3799 663 3852 οῦτε
736 3801 787 3852 oi
845 3802 1076 3868 ἐπίγειοι
1136 3803 1465 3855 καταλαϐεῖν
1552 3803 1827 3860 δύνανται.

260 3891 478 3961 Ὠσπερ
507 3892 616 3962 γὰρ
643 3893 705 3945 τὸ
749 3892 981 3961 μέγεθος
1016 3892 1180 3945 αὐτοῦ
1221 3894 1627 3964 ἀκατάληπτον,
1658 3896 1832 3960 οὕτως

259 3982 359 4035 καὶ⁸
387 3982 450 4033 τὸ
476 3982 675 4034 λεπτὸν
706 3982 871 4034 αὑτοῦ
901 3999 918 4014 ο
956 3982 1049 4035 καὶ
1084 3983 1391 4052 συμϐαίνει,
1418 3986 1500 4038 ὅτι
1530 3990 1832 4057 οἰκονομεῖ-

260 4090 355 4126 ται
380 4075 461 4135 είς
488 4073 695 4142 θλίψεις
722 4068 884 4139 εἶναι,
924 4076 1017 4127 καὶ
1056 4076 1226 4143 πάθη,
1279 4077 1374 4129 καὶ
1419 4078 1712 4146 στίγματα,
1738 4080 1832 4132 καὶ

259 4162 299 4215 ἃ
359 4164 598 4231 νομίζεις
657 4164 899 4230 ἐναντία,
953 4165 1125 4217 ταῦτα
1172 4166 1310 4236 ὑπὲρ
1344 4168 1442 4236 τῆς
1493 4167 1671 4237 ψυχῆς
1736 4187 1829 4223 σου

260 4253 493 4320 γίνεται.
530 4254 597 4307 El
630 4255 688 4307 ὲν
719 4253 798 4324 τῷ
828 4255 1019 4325 κόσμῳ
1042 4255 1215 4317 θέλεις
1251 4254 1390 4308 εἶναι
1421 4258 1514 4309 καὶ
1556 4259 1827 4325 πλουτεῖν,

259 4345 479 4415 ἀπαντᾷ
526 4363 610 4398 σοι
637 4348 786 4398 πᾶσα
812 4348 1028 4416 ἀτυχία·
1058 4346 1201 4419 ἄρχῃ
1243 4349 1365 4400 καθ’
1392 4349 1587 4401 ἑαυτὸν
1619 4348 1830 4416 λογίζε-

264 4436 413 4501 σθαι,
449 4436 648 4503 Παρ’ὸ
675 4440 787 4491 οὐκ
811 4440 1115 4507 εὐτύχηκα
1131 4442 1217 4505 είς
1247 4442 1353 4493 τὸν
1374 4444 1626 4509 κόσμον,
1645 4443 1830 4497 ἁπελ-
1863 4464 1905 4517 ι)

260 4524 381 4577 θὼν
410 4524 487 4577 ἂν
514 4526 955 4595 ἀποτάσσομαι,
978 4529 1075 4581 καὶ
1101 4530 1181 4595 τῷ
1216 4528 1337 4593 Θεῷ
1381 4530 1667 4585 δουλεύω.
1708 4534 1832 4585 Λοι-

262 4616 363 4667 πὸν
404 4618 698 4685 ἐρχόμενος
725 4612 849 4679 ὧδε,
884 4620 1101 4683 ἀκούεις
1134 4622 1233 4690 τῆς
1278 4623 1495 4691 ἐντολῆς
1544 4624 1828 4695 λεγούσης’

262 4708 563 4771 Πώλησόν
615 4726 733 4763 σου
785 4710 857 4763 τὰ
888 4711 1257 4781 ὑπάρχοντα,
1319 4715 1600 4783 μίσησον
1630 4733 1833 4769 κοινω-

261 4800 406 4852 νίαν
459 4800 796 4867 σαρκικὴν,
841 4801 1181 4857 ϐούλευσον
1223 4803 1303 4869 τῷ
1352 4805 1491 4869 Θεῷ.
1534 4806 1667 4858 Τότε
1698 4806 1839 4878 ἄρχῃ

263 4890 610 4958 εὐχαριστεῖν
654 4894 718 4960 τῇ
783 4893 982 4963 ἀτυχίᾳ
1028 4911 1121 4946 σου
1162 4898 1227 4965 τῇ
1279 4897 1336 4948 ὲν
1386 4896 1462 4966 τῷ
1496 4896 1706 4966 κόσμῳ,
1752 4898 1834 4948 ὃτι

264 4980 353 5031 διὰ
389 4981 714 5050 προφάσεως
744 4981 1071 5053 εὑρίσκομαι
1107 4986 1348 5054 ὑπήκοος
1378 4987 1475 5057 τῆς
1494 4986 1713 5056 ἐντολῆς
1741 4986 1833 5039 τοῦ

266 5069 533 5139 Χριστοῦ.
583 5069 787 5122 Λοιπὸν
837 5071 885 5122 εί
922 5073 980 5123 ἑν
1016 5072 1171 5140 μέρει
1225 5074 1283 5125 ἐν
1336 5076 1447 5136 τοῖς
1493 5074 1836 5142 φαινομένοις

266 5158 505 5227 ἤλλαξας
536 5174 629 5210 σου
653 5158 740 5211 τὸν
764 5158 909 5224 νοῦν,
944 5161 1039 5213 xci.
1089 5160 1446 5231 ἀνεχώρησας
1486 5162 1689 5232 κόσμου
1741 5162 1834 5214 καὶ

268 5249 554 5312 κοινωνίας
584 5250 856 5319 σαρκικῆς
888 5268 902 5282 ο
943 5252 1116 5315 οὓτως
1153 5251 1245 5305 οῦν
1271 5254 1373 5323 χρή
1399 5268 1457 5305 σε
1487 5254 1581 5305 καὶ
1621 5255 1699 5316 είς
1742 5253 1834 5303 τὸν

264 5337 391 5389 νοῦν
432 5338 732 5406 ἀλλαγῆναι
755 5340 863 5391 ἀπὸ
895 5340 1161 5410 σαρκικοῦ
1208 5343 1558 5412 φρονήματος
1591 5344 1669 5403 είς
1700 5342 1833 5412 φρό-

266 5447 417 5498 νημα
444 5428 714 5498 οὐράνιον.
760 5430 963 5482 Λοιπὸν
1010 5432 1090 5492 είς
1133 5431 1302 5501 αὐτὴν
1342 5432 1440 5503 τὴν
1482 5432 1651 5503 ἀκοὴν
1693 5433 1837 5504 ἄρχῃ

265 5521 587 5590 διακρίνειν,
648 5519 745 5574 καὶ
790 5521 1002 5574 οὐκετι
1053 5522 1197 5593 ἔχεις
1245 5523 1638 5595 ἀνάπαυσιν,ἢ
1679 5525 1838 5595 μόνον

1385 329 1749 393 HOMILIE.
1778 354 1847 364 -
1872 329 2060 389 HOM.
2095 329 2335 390 XXXII.

234 446 374 513 γὰρ,
412 441 553 496 Μεθ’
580 440 749 509 ὑμῶν
775 439 990 510 ἔσομαι
1015 437 1128 505 ἕως
1161 436 1274 507 τῆς
1312 439 1673 503 συντελείας
1699 436 1809 491 τοῦ
1834 438 1881 495 Α
1909 439 2056 491 enim

3372 328 3477 391 738

2105 454 2119 490 :
2167 436 2439 490 Vobiscum
2492 450 2611 490 sum
2667 450 2832 505 usque
2876 433 2945 488 ad
2972 439 3478 494 consummationem

1911 528 2089 582 stzculi
2116 528 2182 581 ".
2209 526 2458 581 Habebat
2495 525 2739 596 pontifex
2771 527 2826 580 in
2853 534 3074 595 pectore
3102 525 3241 581 duos
3269 528 3481 597 lapides

1912 621 2207 691 pretiosos,
2259 618 2355 689 qui
2394 617 2750 672 continebant
2791 617 3016 671 nomina
3049 616 3341 673 duodecim
3388 634 3485 688 pa-

1913 712 2305 765 triarcharum.
2337 711 2450 764 Illic
2478 709 2625 778 quod
2651 709 2836 772 ﬁebat,
2859 717 2944 763 est
2975 713 3143 778 ligura
3175 729 3188 764 :
3223 710 3303 764 sic
3332 712 3479 765 enim

1913 818 2132 872 quoque
2168 802 2423 856 Dominus
2459 801 2684 855 indutus
2707 800 2997 854 duodecim
3026 802 3306 869 apostolis,
3330 803 3484 857 misit

1914 908 2011 947 eos
2045 894 2407 963 evangelistas
2454 900 2509 946 et
2536 907 2816 960 praecones
2851 893 3091 946 universi
3144 894 3356 947 mundi.
3390 892 3486 947 Vi-

1914 983 2012 1039 des
2047 984 2323 1053 quomodo
2351 984 2543 1037 umbra
2572 982 3019 1053 appropinquans
3068 984 3355 1037 veritatem
3401 985 3485 1038 in-

1914 1074 2059 1136 dicet
2090 1092 2103 1127 :
2129 1074 2592 1143 quemadmodum
2629 1084 2811 1128 autem
2841 1074 3032 1127 umbra
3061 1074 3195 1127 nihil
3243 1074 3481 1139 confert,

1914 1181 2017 1220 nec
2071 1166 2350 1219 laboribus
2398 1167 2701 1220 medetur:
2744 1166 2824 1219 sic
2874 1179 3052 1233 neque
3117 1165 3344 1233 antiqua
3395 1166 3485 1219 lex

1912 1257 2140 1309 vulnera
2184 1256 2377 1309 anima:
2406 1270 2469 1308 ac
2498 1255 2775 1308 molestias
2808 1269 3004 1308 sanare
3040 1254 3217 1322 potuit
3258 1270 3271 1304 :
3309 1254 3481 1322 siqui~

1914 1348 2039 1401 dem
2060 1348 2227 1399 vitam
2258 1363 2367 1400 non
2401 1346 2656 1400 habebat.

1986 1438 2075 1490 Vl.
2110 1438 2237 1491 Duas
2260 1438 2409 1491 enim
2432 1452 2680 1504 persona:
2714 1437 3021 1505 conjunctae
3045 1435 3340 1503 perfectam
3369 1449 3488 1488 rem

1916 1529 2229 1596 quampiam
2272 1526 2545 1589 eﬂiciunt,
2578 1525 2854 1587 videlicet,
2882 1525 2992 1578 duo
3028 1534 3371 1577 testamenta.
3406 1523 3490 1577 Ad

1917 1619 2209 1688 imaginem
2253 1627 2310 1672 et
2358 1618 2776 1671 similitudinem
2813 1617 2908 1669 Dei
2949 1617 3113 1669 homo
3166 1616 3343 1667 factus
3381 1623 3487 1679 est,

1918 1706 2057 1758 duos
2088 1706 2277 1759 oculos
2317 1706 2508 1770 habet,
2540 1706 2679 1759 duas
2715 1720 2897 1766 nares,
2936 1705 3075 1757 duas
3111 1720 3323 1766 manus,
3351 1704 3493 1756 duos

1921 1794 2088 1862 pedes
2130 1810 2333 1863 :quem
2372 1796 2417 1848 si
2475 1796 2759 1861 contingat
2788 1795 3086 1847 unoculum
3132 1804 3231 1847 aut
3283 1795 3495 1847 unima-

1922 1901 2050 1937 num
2082 1900 2222 1949 esse,
2268 1894 2364 1938 aut
2386 1886 2559 1938 altero
2592 1885 2730 1953 pede
2763 1899 2975 1947 carere,
3008 1885 3159 1937 velut
3196 1886 3498 1953 reprehen-

1921 1976 2134 2030 dendus
2156 1987 2257 2030 est.
2287 1976 2872 2045 Autquemadmodum
2902 1979 3038 2037 avis,
3074 1978 3117 2030 si
3150 1978 3366 2029 Unicam
3399 1978 3498 2029 ha-

1922 2069 2107 2123 buerit
2151 2070 2312 2129 alam,
2360 2083 2424 2121 ea
2468 2070 2582 2121 sola
2623 2068 2810 2121 volare
2855 2069 3071 2136 nequit;
3152 2070 3231 2121 sic
3275 2085 3496 2137 quoque

1922 2161 2160 2215 humana
2190 2170 2404 2223 natura,
2460 2160 2504 2215 si
2537 2160 2683 2214 nuda
2714 2161 2892 2229 quoad
2925 2177 2981 2214 se
3012 2172 3249 2224 maneat,
3287 2172 3342 2215 et
3385 2176 3498 2215 non

1922 2252 2153 2321 recipiat
2186 2252 2501 2306 mistionem
2547 2261 2604 2306 et
2634 2252 3082 2306 communionem
3127 2254 3368 2306 ςωιιιςιὶε
3398 2270 3498 2307 na-

1924 2352 2095 2407 turae,
2141 2344 2281 2398 nihil
2334 2344 2496 2397 laude
2528 2345 2684 2413 122
2713 2346 2939 2415 dignum
2967 2345 3160 2410 eﬂicit;
3201 2346 3295 2399 sed
3351 2347 3499 2400 nuda

1924 2441 2141 2496 manet,
2196 2440 2253 2485 et
2304 2433 2574 2501 culpanda
2625 2435 2680 2486 in
2722 2449 2822 2487 sua
2878 2445 3095 2496 natura,
3136 2442 3192 2487 et
3243 2435 3502 2488 sordibus

1925 2526 2131 2579 multis.
2152 2525 2269 2593 Ipsa
2290 2526 2435 2578 enim
2458 2526 2638 2579 anima
2670 2525 2931 2594 templum
2953 2526 3049 2579 Dei
3072 2534 3128 2579 et
3161 2527 3503 2580 domicilium

1926 2617 2193 2684 appellata
2226 2626 2330 2679 est,
2374 2632 2570 2685 sponsa
2617 2617 2778 2685 regis.
2830 2618 3014 2687 lnquit
3046 2617 3197 2671 enim
3236 2618 3501 2672 :Inhabi-

1928 2705 2048 2757 tabo
2098 2706 2155 2758 in
2185 2705 2314 2768 illis,
2366 2720 2409 2758 et
2455 2706 2793 2759 inambulabo
2820 2708 2883 2759 “.
2921 2707 3000 2760 Ita
3038 2709 3151 2761 Deo
3186 2709 3407 2777 placuit,
3443 2716 3503 2761 ut

1929 2792 2270 2848 descendens
2308 2810 2339 2847 e
2394 2797 2599 2849 sanctis
2654 2798 2843 2863 cmlis,
2891 2810 3196 2854 assumeret
3250 2810 3504 2854 naturam

1931 2892 2083 2938 tuam
2128 2886 2473 2949 rationalem,
2525 2902 2747 2941 carnem
2778 2905 2975 2959 nempe
3006 2898 3303 2955 terrenam,
3340 2908 3505 2960 quam

1930 2980 2257 3048 temperavit
2285 2981 2639 3036 cum‘divino
2668 2999 2770 3036 suo
2815 2984 3045 3052 Spiritu,
3098 2996 3156 3040 ut
3201 3004 3420 3057 quoque
3446 2998 3505 3042 tu

1934 3080 2194 3125 terrenus
2246 3072 2525 3127 coalestem
2588 3075 2897 3141 susciperes
2954 3076 3211 3129 animam.
3276 3077 3345 3131 Et
3410 3077 3506 3131 ubi

1928 3164 2109 3217 anima
2139 3172 2234 3219 tua
2256 3178 2378 3219 cum
2407 3164 2613 3233 Spiritu
2643 3166 3149 3231 communicaverit,
3178 3178 3233 3222 et
3262 3166 3505 3237 ingressa

1930 3254 2098 3309 fuerit
2127 3255 2306 3309 anima
2339 3254 2585 3309 ccelestis
2617 3256 2853 3308 animam
2888 3265 3056 3320 luam,
3087 3266 3202 3311 tum
3230 3244 3508 3327 perlectus

1929 3346 2096 3399 homo
2130 3346 2185 3398 in
2211 3346 2323 3399 Deo
2354 3354 2458 3408 est,
2482 3353 2536 3397 et
2576 3344 2772 3407 hazres,
2796 3355 2851 3400 et
2880 3346 3046 3399 ﬁlius.

2000 3433 2113 3489 νη.
2164 3434 2637 3500 Quemadmodum
2702 3450 2833 3487 vero
2882 3436 3221 3503 majestatem
3276 3436 3395 3501 Dei,
3448 3448 3507 3492 ct

1932 3524 2544 3592 inconiprebensibilem
2569 3524 2688 3592 ejus
2716 3533 2995 3587 naturam,
3016 3540 3191 3593 neque
3217 3528 3504 3594 superiora

1932 3615 2127 3668 szecula
2172 3616 2416 3683 capiunt,
2469 3629 2647 3681 neque
2696 3613 2999 3668 inferiora:
3034 3615 3113 3668 sic
3156 3633 3185 3669 e
3236 3632 3504 3670 converso

1933 3704 2301 3757 humilitatem
2350 3704 2471 3768 Dei,
2520 3714 2579 3757 et
2616 3719 2725 3773 quo
2758 3714 2916 3773 pacto
2961 3705 3242 3759 exinaniat
3268 3721 3327 3759 se
3374 3722 3505 3763 cum

1932 3794 2233 3848 humilibus
2254 3803 2308 3848 et
2349 3796 2533 3863 parvis
2556 3835 2570 3858 ,
2606 3811 2707 3850 nec
2743 3796 2967 3864 superni
3002 3797 3224 3861 mundi,
3251 3812 3352 3851 nec
3390 3808 3503 3852 ter-

1934 3891 2051 3944 reni
2075 3892 2337 3959 consequi
2372 3901 2619 3959 possunt.
2652 3890 3122 3955 Quemadmodum
3156 3892 3301 3945 enim
3334 3893 3504 3961 maje-

1933 3990 2045 4036 stas
2090 3985 2209 4052 ejus
2238 3998 2344 4035 non
2378 3982 2889 4051 comprehenditur,
2938 3982 3018 4036 sic
3054 3998 3233 4051 neque
3256 3985 3375 4053 ejus
3409 3985 3505 4037 hu-

1933 4073 2153 4126 militas.
2183 4073 2371 4141 Itaque
2406 4072 2674 4142 contingit
2723 4083 2830 4136 ut,
2882 4074 2927 4127 si
2979 4089 3046 4126 ex
3095 4073 3507 4141 dispensatione

1933 4163 2246 4232 subjiciaris
2288 4163 2677 4217 all‘ectionibus
2704 4204 2717 4226 ,
2768 4164 3113 4231 passionibus
3145 4172 3200 4216 et
3237 4164 3509 4233 stigmati-

1933 4253 2058 4315 bus,
2091 4262 2185 4306 aut
2232 4254 2375 4317 aliis,
2402 4270 2522 4323 quae
2556 4254 2653 4307 tibi
2688 4253 2916 4307 adversa
2954 4254 3231 4317 videntur,
3264 4271 3327 4307 ea
3357 4264 3508 4324 grata

1933 4343 2129 4397 anima:
2164 4352 2269 4396 tute
2308 4342 2577 4397 accidant.
2633 4342 2688 4396 Si
2744 4343 2797 4396 in
2846 4342 3052 4395 mundo
3096 4346 3306 4397 versari
3349 4344 3507 4410 velis,

1934 4444 1989 4489 et
2026 4434 2315 4498 ditescere,
2370 4446 2669 4488 occurrunt
2723 4436 2821 4488 tibi
2882 4435 3222 4489 infortunata
3273 4437 3507 4490 omnia:

1935 4526 2133 4594 incipis
2166 4533 2343 4579 tecum
2373 4525 2689 4579 ratiocinari
2716 4525 3009 4590 :Quoniam
3032 4528 3257 4597 feliciter
3281 4546 3361 4583 res
3385 4546 3513 4584 mea!

1935 4634 2037 4669 non
2077 4624 2431 4669 successerunt
2458 4618 2512 4669 in
2545 4616 2737 4670 mundo
2758 4658 2771 4679 ,
2820 4619 3007 4671 decedo
3041 4637 3102 4671 ac
3165 4622 3433 4686 renuntio,
3464 4630 3513 4673 et

1936 4709 2045 4763 Deo
2074 4709 2316 4762 inservio.
2342 4708 2694 4763 Postmodum
2723 4708 2815 4762 ubi
2842 4710 2949 4764 huc
2972 4712 3314 4779 perveneris,
3354 4712 3513 4766 audis

1940 4799 2255 4853 mandatum
2277 4798 2421 4867 quod
2450 4798 2622 4852 dicit:
2681 4797 2852 4851 Vende
2887 4798 3169 4867 facultates
3202 4811 3342 4863 tuas,
3396 4802 3514 4853 odio

1941 4890 2270 4959 prosequitor
2316 4889 2586 4941 carnalem
2637 4891 2976 4955 societatem,
3050 4892 3242 4944 inserui
3292 4890 3509 4945 Deo":

1943 4990 2060 5033 tum
2094 4979 2290 5049 incipis
2316 4988 2533 5049 gratum
2582 4989 2631 5034 te
2673 4981 2936 5035 exhibere
2971 4982 3215 5036 adversa:
3258 4981 3513 5045 fortunae.

1944 5089 2051 5142 qua
2086 5073 2143 5127 in
2190 5071 2397 5126 mundo
2438 5071 2785 5137 obruebaris,
2839 5074 3099 5142 inquiens
3133 5091 3145 5125 :
3182 5072 3338 5127 Illius
3388 5089 3519 5126 sane

1940 5166 2211 5217 occasione
2236 5162 2593 5232 deprehendor
2620 5162 2858 5217 obediens
2884 5163 3137 5216 mandato
3165 5161 3378 5217 Christi.
3398 5161 3518 5217 Ce-

1941 5268 2119 5311 terum
2150 5258 2195 5311 si
2236 5270 2303 5309 ex
2354 5264 2545 5325 parte,
2577 5255 2757 5326 quoad
2809 5271 2899 5311 res
2946 5268 3237 5319 externas,
3295 5254 3517 5309 mutasti

1940 5349 2203 5411 animum,
2235 5356 2291 5402 et
2331 5366 2361 5403 a
2397 5349 2604 5403 mundo
2636 5365 2700 5404 ac
2738 5349 2945 5404 carnali
2972 5347 3303 5404 commercio
3334 5362 3517 5400 seces-

1942 5437 2059 5491 sisti
2090 5454 2101 5489 :
2142 5437 2220 5490 sic
2255 5437 2426 5507 igitur
2453 5442 2671 5505 oportet
2713 5446 2766 5490 te
2806 5451 3025 5506 quoque
3054 5434 3237 5503 quoad
3274 5432 3519 5486 animum

1945 5527 2245 5593 immutari,
2287 5544 2316 5582 a
2338 5527 2607 5597 sapientia
2639 5528 2843 5582 carnali
2892 5529 2946 5581 in
2984 5526 3266 5581 caelestem
3294 5521 3521 5595 sapien-

338 5700 376 5729 "
408 5700 595 5753 Matth.
622 5689 813 5760 xkvm,
845 5698 934 5752 20.
1016 5698 1057 5730 “'
1088 5699 1130 5752 11
1154 5699 1281 5752 Cor.
1308 5701 1496 5764 “,16.
1574 5699 1611 5731 "
1635 5698 1826 5756 Matth.
1859 5718 1970 5767 xu,
2002 5702 2091 5755 2|.

593 5791 862 5851 Psrnorn
890 5794 1004 5853 Gn.
1054 5794 1102 5851 Χ
1118 5794 1171 5850 Χ
1188 5794 1231 5850 .\'
1247 5793 1265 5850 l
1281 5793 1352 5850 ν.

3010 5791 3086 5849 2's
