4282 6364
825 357 931 420 139

2058 357 2116 414 S.
2160 355 2476 414 MACARII
2522 354 2842 415 ZEGYI‘TII

3964 368 4066 431 740

822 470 970 522 tiam.
1003 465 1354 520 l’osttnodum
1383 478 1447 517 ex
1478 463 1669 517 codem
1695 463 1883 516 auditu
1918 463 2230 517 discernere
2258 463 2385 515 inci-
2427 471 2464 521 Α
2495 480 2513 512 1

2372 494 2385 502 -
2427 471 2464 521 Α
2495 464 2592 530 τὴν
2634 465 2923 531 μέριμναν,
2958 468 3047 518 καὶ
3093 468 3184 520 τὸν
3240 472 3420 534 πόνον,
3459 472 3542 524 ἵνα
3597 475 3773 543 κτήσῃ
3821 474 3849 524 ὃ
3901 476 4063 543 ἡκου-

817 556 957 626 pies,
1006 569 1108 608 nec
1141 555 1378 622 amplius
1421 553 1583 607 habet
1620 553 1886 622 requiem,
1932 551 2026 606 sed
2073 553 2242 605 solam
2286 568 2383 604 cu-

817 662 932 701 ram
963 654 1018 700 et
1051 645 1292 699 laborem
1314 685 1327 710 ,
1364 655 1422 698 ut
1455 645 1792 701 nanciscaris
1822 645 1968 714 quod
1994 645 2253 700 audieris.

884 735 1020 792 Vlll.
1056 736 1158 791 Ubi
1192 735 1469 805 putaveris
1504 743 1554 789 te
1585 736 1880 803 perfecisse
1905 737 2110 800 omnia,
2139 750 2206 788 eo
2239 735 2384 802 quod

816 825 1172 889 renuntiatis,
1219 840 1528 880 sermonem
1559 824 1770 880 confert
1837 836 2014 880 tecum
2079 826 2382 880 Dominus-

813 916 949 980 Quid
979 917 1226 985 gloriaris
1250 916 1275 968 2
1302 931 1474 968 nonne
1507 933 1693 986 corpus
1720 927 1867 970 tuum
1898 927 1944 968 et
1977 921 2215 971 animam
2239 925 2383 970 luant

811 1019 904 1072 ego
932 1005 1144 1058 creavi?
1170 1004 1295 1074 quid
1310 1006 1475 1074 fecisti
1503 1013 1560 1060 tu
1592 1006 1617 1059 7
1643 1006 1839 1076 Incipit
1861 1009 2042 1062 anima
2073 1007 2385 1062 conﬁtendo

811 1110 1004 1164 rogare
1029 1095 1343 1161 Dominum,
1361 1106 1417 1151 et
1438 1098 1643 1164 dicere,
1668 1099 1924 1153 videlicet
1954 1117 1967 1153 :
1989 1100 2100 1154 Tua
2123 1110 2244 1154 sunt
2270 1116 2384 1153 om-

808 1189 919 1253 nia,
951 1191 1153 1252 domus,
1194 1191 1248 1241 in
1290 1205 1395 1257 qua
1432 1189 1581 1259 dego,
1631 1199 1723 1244 tua
1771 1198 1890 1244 est:
1925 1191 2233 1245 indumenta
2269 1208 2381 1244 mea

809 1289 900 1332 tua
925 1290 1044 1332 sunt
1081 1298 1096 1334 :
1120 1298 1151 1333 α
1179 1289 1228 1332 te
1251 1283 1478 1344 nutrior,
1519 1289 1568 1333 et
1600 1298 1632 1335 a
1656 1290 1704 1334 te
1730 1283 1930 1353 dirigor
1955 1284 2022 1336 ad
2047 1299 2200 1336 omne
2237 1299 2379 1335 emo-

807 1371 1114 1422 lumentum.
1170 1369 1308 1421 Tum
1355 1367 1547 1438 incipit
1579 1370 1842 1423 Dominus
1893 1370 1958 1423 ad
1993 1371 2108 1423 haec
2147 1370 2330 1424 dicere
2364 1388 2378 1422 z

804 1457 984 1510 Ilabeo
1002 1457 1090 1510 tibi
1122 1461 1374 1526 gratiam,
1399 1458 1674 1527 facultates
1707 1469 1810 1513 tua:
1838 1469 1959 1511 sunt
1985 1476 2000 1511 :
2034 1460 2167 1512 bona
2191 1459 2378 1512 volun-

806 1560 887 1601 tas
920 1558 1008 1600 tua
1063 1559 1136 1602 est
1173 1570 1190 1600 .-
1219 1559 1266 1601 et
1294 1551 1353 1602 ob
1407 1558 1555 1602 tuum
1603 1552 1657 1603 in
1707 1567 1790 1604 me
1829 1568 2083 1614 amorem,
2130 1552 2379 1619 quoniam

805 1637 1081 1706 confugisti
1105 1638 1173 1690 ad
1210 1654 1308 1699 me,
1331 1638 1454 1691 cedo
1480 1654 1496 1690 :
1527 1640 1741 1707 insuper
1763 1640 1897 1692 dabo
1920 1641 2029 1701 tibi,
2058 1654 2173 1702 qua:
2214 1653 2378 1707 neque

805 1736 859 1777 tu
887 1731 1135 1779 hactenus
1187 1728 1493 1796 possedisti,
1548 1744 1640 1780 nec
1677 1729 1767 1796 qui
1816 1744 1973 1796 super
2024 1738 2220 1780 terram
2251 1738 2375 1780 sunt

2495 571 2587 613 σα,

2564 731 2640 782 ll'.
2682 731 2800 781 "tl-ct
2842 729 3083 798 νομίζεις
3108 732 3188 781 ὅτι
3230 732 3488 798 ἐποίησας
3515 736 3690 784 πάντα
3720 734 4064 803 ano-455,1:-

2489 836 2594 882 νος,
2629 823 2769 872 ποιεῖ
2787 819 2943 886 λόγον
2982 821 3120 887 μετὰ
3155 820 3248 872 σοῦ
3281 824 3308 872 ὁ
3357 821 3558 891 Κύριος
3579 837 3592 848 ·
3625 825 3683 875 Τί
3707 823 4014 893 καυχᾶσαι
4041 844 4054 888 ;

2486 909 2626 977 οὐχὶ
2654 909 2717 962 τὸ
2753 910 2924 979 σῶμά
2952 927 3070 963 σου
3100 911 3197 963 καὶ
3224 910 3340 978 τὴν·
3379 911 3592 980 ψυχὴν
3632 913 3745 982 tuo
3803 914 4058 975 Exta-"tt,

2486 1001 2542 1053 τί
2561 1001 2857 1067 ἐποίησας
2894 1002 3014 1067 σύ;
3044 1003 3266 1071 ἄρχεται
3315 1003 3349 1072 ἡ
3402 1003 3547 1072 ψυχὴ
3583 1005 4058 1073 ἐξομολογουμένη

2485 1090 2698 1144 δέεσθαι
2728 1091 2820 1144 τοῦ
2845 1093 3052 1164 Κυρίου
3081 1094 3174 1145 καὶ
3193 1092 3396 1159 λέγειν,
3415 1094 3499 1146 ὅτι
3521 1095 3722 1147 Πάντα
3755 1095 3838 1148 σά
3861 1097 4056 1158 ἐστιν,

2485 1183 2517 1233 ό
2547 1177 2713 1245 οἶκος
2743 1184 2829 1247 εις
2861 1183 2932 1234 ὃν
2959 1187 3094 1251 ειμι,
3129 1185 3241 1248 σός
3277 1185 3431 1237 ἐστι·
3464 1183 3538 1238 τὰ
3572 1185 3876 1252 ἐνδύματά
3917 1204 4057 1252 μου,

2483 1271 2566 1324 σά
2605 1272 2793 1325 ἐστιν.
2836 1274 2936 1326 Ἐκ
2966 1274 3082 1326 σοί⁸
3111 1274 3415 1342 τρέψομαι,
3460 1275 3559 1327 καί
3599 1275 3718 1327 ἀπὸ
3741 1275 3858 1327 σοῦ
3899 1280 4057 1328 οἱκο-

2481 1361 2775 1429 νομοῦμαι
2813 1363 2900 1426 εἰς
2931 1360 3140 1415 πᾶσαν
3171 1365 3400 1430 χρείαν.
3435 1365 3569 1416 Τότε
3608 1365 3834 1432 ἄρχεται
3879 1367 3906 1416 ὁ
3944 1365 4060 1416 Κύ-

2485 1469 2597 1518 ριος
2623 1453 2759 1522 πρὸς
2806 1452 2979 1506 ταῦτα
3011 1453 3211 1519 λέγειν,
3245 1455 3430 1520 Χάριν
3459 1472 3555 1506 σοι
3587 1455 3723 1522 ἔχω,
3757 1453 3831 1506 τὰ
3868 1456 4058 1520 ὑπάρ-

2481 1559 2671 1609 χοντα
2704 1544 2786 1596 σά
2826 1545 2955 1595 ἐστι
2983 1560 2996 1573 ·
3029 1546 3093 1595 τὸ
3119 1543 3343 1611 θέλημα
3372 1545 3436 1595 τὸ
3459 1546 3702 1611 ἀγαθόν,
3744 1546 3861 1597 σόν
3881 1547 4013 1596 ἐστι
4039 1561 4052 1572 ·

2479 1634 2575 1686 καὶ
2612 1633 2709 1686 διὰ
2761 1632 2875 1700 τὴν
2903 1635 3053 1701 πρός
3093 1634 3170 1702 μέ
3216 1653 3333 1688 σου
3381 1637 3643 1702 ἀγάπην,
3693 1637 3820 1688 ἐπεὶ
3862 1652 4055 1701 πμεσ-

2477 1721 2696 1791 ἐρυγές
2730 1741 2851 1791 μοι,
2891 1723 3065 1791 δεῦρο
3087 1725 3305 1776 λοιπὸν
3348 1724 3519 1777 δώσω
3564 1741 3684 1787 σοι,
3735 1725 3773 1776 ἅ
3799 1727 3939 1776 οὐτε
3970 1723 4052 1777 σὺ

797 1817 1065 1880 homines,
1099 1818 1306 1870 habent.
1351 1818 1536 1887 Accipe
1586 1833 1667 1870 me
1697 1816 1978 1871 Dominum
2024 1835 2140 1871 cum
2192 1820 2371 1872 anima
2402 1792 2447 1849 Β
2475 1812 2488 1865 l

2358 1836 2371 1872 ι
2402 1792 2447 1849 Β
2475 1812 2584 1878 ἕως
2616 1813 2749 1880 ἄρτι
2797 1813 3053 1879 ἐκτήσω,
3094 1815 3229 1866 οὔτε
3257 1815 3354 1866 ἐπὶ
3393 1814 3504 1882 γῆς
3540 1814 3835 1881 ἄνθρωποι
3870 1814 4049 1880 ἔχευ-

800 1913 986 1970 tua,ut
1009 1908 1082 1960 sis
1106 1917 1356 1976 perpetuo
1391 1923 1592 1961 mecum
1615 1908 1670 1961 in
1698 1906 1882 1960 ltBlilia
1916 1917 1964 1959 et
1999 1907 2366 1960 exsultatione.

865 2163 958 2220 1X.
987 2164 1220 2220 Perinde
1243 2166 1386 2219 enim
1416 2181 1476 2218 ac
1503 2167 1700 2220 mulier
1727 2166 1844 2220 viro
1871 2168 2216 2234 desponsata,
2247 2179 2366 2218 om-

793 2256 886 2312 nia
911 2257 1052 2312 bona
1095 2273 1214 2319 sua,
1263 2267 1317 2311 et
1349 2266 1516 2311 totam
1556 2257 1740 2312 dotem
1787 2257 1950 2311 oﬂ‘ert
1985 2271 2095 2325 prie
2155 2270 2370 2310 summo

795 2364 1000 2410 amore,
1032 2357 1087 2403 et
1134 2350 1188 2404 in
1227 2365 1421 2404 manus
1471 2349 1574 2403 viri
1608 2349 1855 2418 projicit,
1906 2358 2068 2418 atque
2103 2348 2209 2402 hoc
2239 2349 2318 2403 ait
2352 2368 2364 2402 :

797 2441 972 2492 Meum
1005 2440 1140 2510 quod
1173 2441 1261 2502 sit,
1291 2438 1421 2492 nihil
1446 2439 1625 2501 habeo,
1665 2437 1800 2492 bona
1833 2453 1947 2491 mea
1977 2446 2063 2490 tua
2090 2447 2209 2490 sunt
2239 2453 2257 2489 :
2277 2437 2369 2489 dos

792 2545 996 2598 quoque
1047 2537 1135 2582 tua
1171 2537 1265 2592 est,
1307 2538 1355 2582 et
1419 2530 1596 2582 anima
1647 2544 1802 2592 mea,
1853 2537 1901 2581 et
1945 2545 2131 2597 corpus
2172 2543 2363 2587 meum,

793 2628 941 2672 tuum
977 2629 1049 2673 est
1076 2637 1092 2674 :
1124 2621 1204 2674 sic
1241 2635 1460 2688 quoque
1497 2631 1810 2689 temperans
1859 2621 2039 2673 anima
2083 2628 2166 2673 est
2213 2618 2366 2687 virgo

793 2710 1050 2776 Domini,
1118 2711 1455 2779 participans
1517 2726 1640 2765 cum
1708 2710 1916 2779 Spiritu
1973 2712 2090 2778 ejus
2153 2717 2362 2763 sancto.

789 2800 1016 2870 Oportet
1043 2809 1246 2864 autem,
1269 2801 1496 2869 perinde
1526 2817 1589 2854 ac
1613 2801 1748 2870 ipse,
1776 2816 1900 2854 cum
1931 2801 2172 2854 venisset
2198 2815 2365 2869 supra

793 2901 1016 2954 terrain,
1072 2907 1264 2960 passus
1297 2900 1353 2945 et
1396 2891 1692 2944 cruciﬁxus
1723 2900 1827 2952 est,
1880 2899 1933 2944 te
1958 2906 2176 2960 quoque
2201 2889 2363 2943 simul

788 2982 921 3052 pati.
950 2982 1054 3037 Ubi
1091 2982 1238 3035 enim
1278 2981 1569 3034 recesseris
1596 2996 1624 3033 a
1661 2982 1886 3044 mundo,
1925 2996 1988 3034 ac
2019 2982 2189 3034 Deum
2217 2995 2367 3049 quae-

2474 1919 2598 1959 σιν.
2645 1905 2775 1972 Ἑμὲ
2799 1904 2947 1957 λαϐὲ
2973 1905 3078 1956 τὸν
3109 1905 3327 1971 Κύριόν
3352 1920 3469 1957 σου
3510 1906 3660 1972 μετὰ
3697 1904 3807 1971 τῆς
3840 1902 4051 1969 ψυχῆς

2474 2009 2612 2059 σου,
2641 1995 2742 2048 ἵνα
2774 1990 2849 2065 ᾖς
2875 1995 3132 2048 πάντοτε
3146 1996 3274 2064 μετ’
3297 1996 3444 2064 ἐμοῦ
3476 1994 3912 2065 εὐφραινομένη
3945 1994 4045 2046 καὶ

2470 2085 2878 2154 ἀγγαιιλιῶσα.

2540 2176 2617 2231 8’.
2652 2177 2862 2246 Ὠσπερ
2893 2175 3001 2245 γὰρ
3025 2177 3160 2244 γυνὴ
3203 2176 3655 2246 μεμνηστευμένη
3691 2178 3867 2248 ἀνδρὶ.
3902 2177 4042 2231 πᾶν.

2470 2284 2538 2321 τα
2568 2267 2636 2319 τὰ
2667 2267 2980 2336 ὑπάρχοντα
3008 2268 3197 2336 αὐτῆς,
3247 2265 3342 2318 καὶ
3371 2267 3501 2336 ὅλην
3525 2266 3623 2333 τὴν
3675 2271 3876 2332 προῖκα
3907 2270 4043 2320 ἀπο·

2471 2359 2626 2428 φέρει
2655 2361 2718 2409 ἐκ
2754 2358 2949 2426 πολλῆς
2981 2359 3202 2427 ἀγάπης
3243 2361 3322 2421 εἰς
3353 2358 3454 2421 τὰς
3492 2359 3678 2425 χεῖρας
3708 2357 3913 2426 ῥίψασα
3942 2357 4039 2410 τοῦ

2469 2450 2681 2518 ἀνδρὸς,
2717 2451 2809 2501 καὶ
2839 2448 2995 2501 τοῦτο
3025 2449 3192 2517 λέγει,
3238 2449 3417 2518 Ἐμὸν
3443 2447 3626 2502 οὐδὲν
3642 2448 3782 2513 ἔχω,
3812 2449 3886 2500 τὰ
3915 2448 4041 2515 ἐμοὶ

2468 2541 2818 2608 ὑπάρχοντα
2862 2540 2947 2594 σά
2970 2541 3099 2593 ἐστι
3123 2557 3138 2574 ·
3195 2540 3303 2593 καὶ
3333 2540 3508 2607 προὶξ
3535 2538 3617 2604 σή
3674 2540 3825 2602 ἐστι,
3860 2539 3958 2590 καὶ
4004 2541 4041 2604 ἠ

2466 2632 2578 2698 ἐμὴ
2612 2631 2779 2699 ψυχὴ
2821 2631 2919 2683 καὶ
2948 2632 3013 2682 τὸ
3046 2631 3215 2699 σῶμα
3232 2634 3298 2684 τὸ
3321 2633 3488 2699 ἐμὸν,
3515 2634 3633 2685 σόν
3660 2632 3831 2682 ἐστιν
3849 2647 3864 2660 ·
3899 2629 4043 2683 οὕτω

2469 2723 2561 2775 καὶ
2594 2724 2625 2791 ἡ
2664 2722 2895 2791 σώφρων
2925 2723 3070 2790 ψυχὴ
3100 2724 3366 2792 παρθένος
3397 2725 3514 2775 ἐστὶ
3552 2723 3628 2789 τῷ
3676 2724 3886 2792 Κυρίῳ.
3925 2741 4038 2774 κοι-

2467 2812 2712 2866 νωνοῦσα
2731 2812 2808 2883 τῷ
2833 2813 2970 2883 ἁγίῳ
3005 2812 3166 2865 αὐτοῦ
3199 2813 3498 2882 Πνεύματι.
3533 2814 3653 2883 Χρὴ
3684 2813 3741 2865 δέ
3768 2831 3825 2865 σε
3850 2813 4041 2883 ὥσπερ

2467 2901 2627 2962 αὐτὸς
2662 2903 2754 2953 ἐπὶ
2783 2901 2885 2969 γῆς
2912 2888 3080 2954 ἐλθὼν
3111 2901 3300 2964 ἔπαθε,
3343 2903 3438 2954 καὶ
3468 2901 3814 2971 ἐσταυρώθη,
3855 2904 3953 2955 καὶ
3979 2904 4034 2956 σὲ

2469 2993 2798 3064 συμπαθεῖν.
2825 2994 2995 3046 Ὅταν
3023 2993 3131 3063 γὰρ
3160 2995 3524 3062 ἀναχωρήσῃς
3549 2993 3646 3046 τοῦ
3678 2997 3908 3062 κόσμου,
3948 2997 4037 3048 καὶ

788 3088 910 3126 rere
938 3073 1192 3141 coeperis,
1246 3081 1302 3125 ct
1343 3071 1675 3135 discernere,
1724 3079 1996 3138 superest.
2034 3079 2093 3123 ut
2123 3087 2358 3140 pugnam
2384 3122 2426 3183 C
2465 3087 2479 3137 ε

788 3161 939 3183 ε..---
979 3177 1094 3183 μη...
1122 3169 1313 3183 ---ι-...,.
1364 3170 1451 3183 ι..-
1517 3160 1755 3183 Αηιζι-..ζη
1794 3158 2052 3183 nimi-..“
2087 3159 2330 3183 ...ειη-ιιι..-

2344 3087 2426 3183 lC
2465 3084 2604 3157 ἄρξῃ
2635 3084 2818 3154 ζητεῖν
2866 3084 2957 3135 τὸν
3007 3084 3140 3137 Θεὸν
3175 3085 3270 3137 καὶ
3321 3084 3639 3153 διακρίνειν,
3671 3085 3857 3137 λοιπὸν
3892 3088 4035 3157 μάχῃ

787 3161 941 3216 ineas
974 3177 1097 3215 cum
1121 3169 1319 3214 natura
1364 3170 1478 3223 tua,
1516 3160 1757 3227 antiquis
1794 3158 2054 3211 nimirum
2087 3159 2354 3222 moribus,

787 3249 1184 3306 consuetudine
1211 3249 1307 3301 tibi
1331 3248 1536 3301 innata.
1575 3247 1642 3300 Et
1675 3247 1817 3300 inter
1849 3247 2197 3316 pugnandum
2234 3263 2356 3301 cum

788 3340 1211 3404 consuetudine,
1240 3339 1449 3407 reperis
1473 3339 1832 3406 cogitationes
1871 3340 2202 3392 reluctantes
2234 3339 2355 3400 tibi,

785 3441 844 3487 et
871 3441 1234 3501 repugnantes
1266 3430 1449 3483 animo
1475 3439 1566 3482 tuo
1592 3448 1605 3482 :
1638 3444 1757 3499 qua:
1778 3430 2134 3497 cogitationes
2170 3438 2221 3482 te
2250 3439 2358 3482 tra-

786 3524 949 3587 hunt,
1003 3530 1059 3577 et
1110 3521 1264 3591 123
1297 3532 1623 3589 occupatum
1679 3521 1912 3573 reddunt
1973 3522 2156 3582 rebus,
2213 3521 2357 3574 unde

785 3614 1038 3675 exivisti,
1079 3615 1254 3667 oculis
1313 3613 1593 3680 subjectis.
1654 3613 1921 3678 Βοὶηοιτρε
1968 3611 2166 3679 incipis
2218 3626 2356 3680 pra)-

785 3702 920 3756 lium
961 3715 1252 3755 conserere
1275 3714 1337 3754 ac
1362 3701 1586 3764 bellum,
1625 3700 1985 3769 cogitationes
2015 3713 2239 3752 movens
2262 3697 2358 3751 ad-

786 3806 980 3846 versus
1039 3790 1434 3860 cogitationes,
1491 3799 1729 3844 mentem
1784 3790 2048 3845 adversus
2093 3798 2355 3852 mentem,

786 3882 1026 3938 animam
1055 3881 1318 3934 adversus
1341 3881 1576 3933 animam
1595 3919 1608 3944 ,
1639 3879 1900 3948 Spiritum
1937 3880 2199 3933 adversus
2229 3878 2354 3948 Spi-

785 3973 952 4026 ritum
989 3989 1000 4023 :
1031 3982 1287 4026 caeterum
1313 3971 1424 4025 illic
1452 3982 1656 4026 :etcrna
1687 3988 1905 4042 quoque
1945 3973 2126 4026 anima
2153 3980 2352 4040 praesto

781 4072 885 4120 88!.

855 4156 921 4209 Χ.
955 4157 1110 4210 Latet
1138 4156 1284 4211 enim
1309 4158 1522 4211 occulta
1556 4157 1803 4226 quaedam
1833 4165 1889 4211 et
1923 4157 2141 4214 subtilis
2180 4159 2354 4213 facul-

785 4256 868 4300 tas
916 4246 1289 4311 tenebrarum,
1336 4246 1580 4301 insidens
1627 4246 1800 4300 cordi.
1842 4248 2104 4302 Dominus
2137 4264 2354 4317 quoque

784 4354 954 4409 prope
999 4340 1239 4392 animam
1282 4347 1340 4391 et
1372 4353 1573 4406 corpus
1604 4347 1753 4391 tuum
1798 4347 1908 4400 est,
1956 4348 2206 4407 spectans
2254 4355 2353 4407 pu-

2459 3176 2524 3242 τῇ
2571 3173 2729 3240 φύσει
2779 3188 2874 3224 σου
2922 3173 2980 3224 ὲν
3019 3174 3132 3233 τοῖς
3182 3171 3430 3234 παλαιοῖς
3475 3172 3630 3241 ἤθεσι
3668 3173 3760 3224 καὶ
3798 3177 3864 3241 τῇ
3911 3192 4032 3225 συν-

2460 3258 2675 3335 ηθείᾳῇ
2706 3261 3122 3332 συνεγεννήθης.
3146 3263 3254 3315 Καὶ
3288 3264 3344 3314 ἐν
3387 3262 3465 3331 τῷ
3500 3264 3770 3330 μάχεσθαι
3799 3267 3865 3332 τῇ
3905 3281 4026 3316 συν-

2461 3351 2636 3421 ηθείᾳ,
2672 3351 2945 3422 εὑρίσκεις
2994 3352 3285 3419 λογισμοὺς
3336 3353 3748 3420 ἀντικειμένους
3801 3371 3884 3405 σοι
3941 3357 4027 3406 καὶ

2464 3440 2806 3508 μαχομένους
2836 3440 2915 3510 τῷ
2941 3442 3016 3512 νῷ
3040 3459 3155 3504 σου,
3209 3443 3303 3494 καὶ
3335 3443 3554 3494 ἒλκουσί
3585 3460 3642 3495 σε
3679 3445 3728 3495 oi
3759 3445 4031 3513 λογισμοὶ,

2459 3531 2554 3579 καὶ
2594 3531 2987 3596 ρεμὸάζουσιν,
3047 3532 3168 3584 ὅθεν
3200 3533 3425 3601 ἐξῆλθες
3463 3534 3543 3594 είς
3581 3534 3641 3585 τὸ
3684 3536 4031 3603 φαινόμενον.

2463 3620 2643 3692 Ἀρχῃ
2670 3619 2857 3672 λοιπὸν
2894 3624 3068 3674 ποιεῖν
3100 3623 3287 3688 ἀγῶνα
3317 3624 3412 3675 καὶ
3443 3625 3699 3693 πόλεμον,
3733 3624 4031 3694 λογισμοὺς

2459 3710 2623 3762 κινῶν
2650 3711 2788 3779 πρὸς
2818 3712 3131 3781 λογισμοὺς,
3188 3711 3312 3766 νοῦν
3353 3713 3487 3784 πρὸς
3519 3714 3660 3776 νοῦν,
3694 3715 3875 3784 ψυχὴν
3899 3719 4037 3783 προς

2456 3797 2657 3867 ψυχὴν,
2689 3798 2905 3869 πνεῦμα
2935 3802 3070 3871 πρὸς
3097 3801 3312 3872 πνεῦμα
3338 3819 3351 3832 ·
3407 3804 3500 3856 καὶ
3529 3804 3713 3860 λοιπὸν
3749 3808 3869 3859 ἐκεῖ
3903 3809 4035 3860 αἰω-

2458 3887 2602 3957 νίαὴ
2640 3886 2812 3958 ψυχή.

2526 4153 2581 4207 l'.
2623 4155 3086 4210 Ἀποκαλύπτεται
3119 4158 3227 4227 γὰρ
3256 4160 3612 4231 κεκρυμμένη
3633 4177 3716 4223 τις
3748 4163 3842 4213 καὶ
3861 4162 4031 4231 λεπτὴ

2455 4243 2680 4313 δύναμις
2711 4246 2804 4298 τοῦ
2837 4248 3062 4310 σκότους
3105 4249 3540 4317 ὲγκαθεξομένου
3566 4253 3629 4319 τῇ
3658 4253 3856 4322 καρδίᾳ
3889 4270 3904 4286 ο
3939 4261 4031 4307 καὶ

2455 4336 2484 4385 ὅ
2528 4334 2731 4418 Κύριος
2777 4337 2942 4403 ὶγγὺς
2979 4337 3077 4406 τῆς
3117 4339 3294 4407 ψυχῆς
3344 4341 3436 4391 καὶ
3479 4341 3572 4392 τοῦ
3621 4342 3874 4411 σώματός
3935 4345 4028 4399 σού

783 4444 942 4497 gnam
976 4439 1148 4492 tuam,
1177 4437 1234 4482 et
1275 4443 1502 4482 arcanas
1548 4429 1796 4482 caelestes
1825 4428 2182 4498 cogitationes
2209 4428 2350 4482 indit
2381 4449 2424 4501 ι)
2455 4426 2474 4476 ὲ

2334 4436 2350 4482 t
2381 4449 2424 4501 ι)
2455 4426 2600 4478 ἐστιν
2626 4426 2766 4497 ὀρῶν
2792 4429 2882 4479 τὸν
2915 4428 3147 4498 πόλεμον
3176 4446 3290 4493 σου,
3315 4434 3408 4484 καὶ
3431 4433 3709 4499 κρυπτοὺς
3732 4433 4025 4504 λογισμοὺς

783 4517 903 4581 tibi,
935 4527 1098 4587 atque
1140 4518 1333 4587 incipit
1361 4519 1498 4571 clam
1536 4528 1588 4572 te
1631 4517 1956 4572 refocillare.
1991 4517 2224 4572 Dimittit
2252 4531 2349 4570 au-

782 4618 891 4660 tem
937 4615 1021 4671 te,
1067 4607 1241 4661 donec
1283 4607 1584 4668 erudiaris,
1613 4616 1668 4662 et
1714 4607 1768 4661 in
1802 4607 1934 4678 ipsis
1961 4607 2348 4661 afﬂictionibus

780 4698 966 4768 dirigit
997 4708 1049 4751 te
1073 4699 1244 4767 gratia
1273 4716 1285 4750 :
1314 4714 1434 4767 quae
1465 4699 1556 4752 ubi
1581 4715 1610 4752 a
1642 4714 1821 4768 pugna
1860 4696 1924 4751 ad
1956 4697 2195 4765 quietem
2221 4713 2346 4766 per-

778 4786 1022 4848 veneris,
1077 4787 1507 4856 cognoscendam
1568 4787 1670 4840 tibi
1721 4802 1780 4841 se
1836 4787 2008 4855 ipsam
2055 4786 2255 4849 tradit,
2292 4796 2347 4841 et

779 4887 1171 4932 commonstrat
1215 4879 1336 4943 tibi,
1367 4895 1426 4933 se
1455 4880 1521 4934 ad
1565 4880 1996 4934 emolumentum
2027 4887 2182 4933 tuum
2221 4895 2347 4949 per-

778 4968 1024 5032 misisse,
1077 4977 1137 5022 ut
1183 4970 1510 5024 exercearis.
1562 4971 1793 5026 Perinde
1839 4985 1902 5025 ac
1951 4971 1997 5025 si
2045 4970 2116 5025 sit
2161 4970 2346 5025 divitis

777 5057 1061 5128 cujusdam
1110 5074 1279 5128 puer,
1323 5062 1417 5130 qui
1470 5062 1666 5115 habeat
1714 5061 2099 5132 paedagogum,
2157 5061 2342 5115 tandiu

775 5150 996 5222 quidem
1041 5151 1174 5206 loris
1203 5152 1357 5206 illum
1387 5154 1579 5220 caedit;
1612 5162 1666 5208 et
1699 5155 2001 5225 castigatio,
2028 5153 2255 5208 vulnera
2283 5169 2344 5208 ac

773 5239 944 5309 plagae
971 5240 1213 5296 molestae
1243 5242 1294 5295 ei
1322 5242 1599 5308 videntur,
1629 5244 1804 5298 donec
1829 5244 2012 5298 evadit
2041 5243 2095 5296 in
2125 5243 2339 5309 virum;

774 5339 908 5383 tunc
935 5345 1067 5384 vero
1113 5331 1304 5399 incipit
1348 5341 1563 5402 gratum
1612 5349 1670 5387 se
1713 5334 1974 5388 exhibere
2006 5334 2336 5405 paedagogo:

771 5422 851 5475 sic
869 5436 1088 5490 quoque
1114 5423 1287 5492 gratia
1307 5438 1428 5477 cum
1454 5423 1862 5493 dispensatione
1891 5424 2139 5495 castigat,
2167 5425 2340 5480 donec

772 5510 830 5565 in
866 5511 1166 5580 perfectura
1201 5515 1377 5566 virum
1418 5515 1636 5569 evadas.

840 5600 932 5653 XI.
963 5601 1212 5671 Agricola
1245 5619 1430 5658 semen
1474 5605 1528 5658 in
1555 5621 1937 5676 quamcunque
1967 5615 2174 5676 partem
2208 5622 2336 5676 pro-

769 5689 906 5757 jicit,
941 5698 994 5743 et
1030 5692 1121 5760 qui
1167 5693 1370 5761 plantat
1401 5695 1636 5763 vincam,
1673 5699 1822 5767 cupit
1859 5709 1915 5753 ut
1956 5708 2066 5754 tota
2095 5698 2335 5752 fructum

2452 4517 2736 4586 οὐρανίους
2762 4517 3001 4589 ὲντίθησί
3027 4535 3127 4580 σοι,
3164 4521 3260 4574 καὶ
3285 4521 3510 4591 ἄρχεται
3532 4525 3833 4579 ἀναπαύειν
3873 4547 3934 4581 σε
3967 4534 4026 4582 ἐν

2449 4605 2526 4675 τῷ
2557 4608 2804 4678 κρυπτῷ.
2846 4609 3060 4678 Ἀφίησι
3086 4610 3141 4662 δέ.
3174 4628 3232 4664 σε
3264 4614 3400 4676 τέως
3423 4615 3797 4686 παιδευθῆναι,
3825 4623 3921 4673 καὶ
3943 4625 4026 4685 εἰς

2449 4697 2618 4759 αὐτὰς
2665 4699 2762 4761 τὰς
2809 4698 3015 4767 θλίψεις
3063 4702 3335 4770 οἰκονομεῖ
3387 4722 3447 4756 σε
3480 4708 3512 4775 ή
3543 4707 3732 4776 χάρις·
3760 4710 3853 4762 καὶ
3898 4713 4026 4766 ὅταν

2448 4787 2606 4859 ἔλθῃς
2631 4789 2710 4852 εἰς
2740 4790 3065 4854 ἀνάπαυσιν,
3092 4794 3340 4862 γνωρίζει
3361 4811 3442 4848 σοι
3460 4797 3680 4866 ἑαυτὴν,
3706 4802 3798 4852 καὶ
3819 4801 4026 4855 δείκνυ-

2450 4877 2502 4929 σί
2531 4895 2631 4943 σοι,
2667 4879 2747 4932 ὃτι
2794 4881 2934 4951 ὑπὲρ
2964 4882 3056 4934 τοῦ
3096 4886 3464 4955 συμφέροντος
3506 4903 3600 4940 σου
3657 4893 4023 4962 παρεχώρησε

2447 4971 2822 5040 γυμνασθῆναί
2851 4989 2931 5025 σε.
2962 4973 3166 5045 Ὥσπερ
3203 4977 3330 5030 ὅταν
3427 4979 3682 5032 πλουσίου
3713 4982 3859 5045 τινὸς
3893 5001 4024 5036 παι·-

2445 5059 2574 5122 δίον,
2607 5063 2699 5114 καὶ
2730 5062 2829 5133 ἔχῃ
2866 5066 3216 5134 παιδαγωγὸν
3238 5107 3254 5132 ,
3303 5070 3442 5133 τέως
3490 5072 3589 5139 μὲν
3631 5071 3829 5141 λώροις
3859 5077 4022 5128 αὑτὸν

2447 5150 2746 5219 βασανίζει,
2778 5157 2872 5207 καὶ
2908 5159 2941 5227 ἡ
2972 5160 3210 5223 παιδεία,
3237 5163 3332 5213 καὶ
3365 5162 3435 5217 τὰ
3462 5164 3776 5233 τραύματα,
3830 5167 4020 5234 καὶ-αι

2446 5245 2650 5314 πληγαὶ
2698 5245 2914 5317 βαρεῖαι
2962 5251 3266 5318 φαίνονται,
3326 5254 3429 5318 ἕως
3458 5257 3546 5310 ὅτε
3576 5259 3803 5324 γένηται
3835 5259 3978 5327 ἀνὴρ
4003 5300 4018 5323 ,

2441 5335 2563 5388 τότε
2594 5337 2650 5389 δὲ
2684 5338 2910 5407 ἄρχεται
2953 5341 3294 5411 εὐχαριστεῖν
3326 5344 3405 5413 τῷ
3441 5348 3773 5417 παιδαγωγῷ
3796 5365 3808 5377 ·
3846 5349 4018 5414 οὕτως

2443 5429 2537 5479 καὶ
2565 5430 2595 5498 ὴ
2629 5429 2787 5498 χάρις
2821 5433 3183 5501 οἰκονομικῶς
3223 5434 3460 5490 παιδεύει
3489 5476 3505 5500 ,
3540 5437 3644 5500 ἕως
3683 5441 3772 5492 ὅτε
3801 5440 4019 5511 φθάσῃς

2443 5519 2519 5578 εἰς
2548 5520 2751 5572 τέλειον
2781 5521 2969 5591 ἄνδρα.

2515 5612 2615 5666 lA".
2646 5611 2701 5664 ὐ
2726 5615 2965 5680 γεωργὸς
2989 5615 3079 5667 τὸν
3112 5602 3312 5684 σπόρον
3336 5619 3604 5688 πανταχοῦ
3639 5620 3844 5688 ῥίπτει,
3870 5623 3959 5673 καὶ
3987 5621 4013 5672 ὁ

2444 5702 2687 5766 φυτεύων
2716 5702 2982 5771 ἄμπελον,
3016 5706 3180 5773 θέλει,
3205 5707 3291 5762 ἵνα
3312 5707 3406 5778 ὅλη
3434 5709 3861 5781 καρποφορήσῃ.
3885 5711 4012 5762 Δοι-
