4282 6364
194 372 302 440 741

1333 368 1699 430 IIOMIle’E.
1736 395 1802 405 -
1836 371 2021 433 IIOM.
2059 369 2339 432 XXXIII.

3366 378 3470 443 742

200 490 307 540 πον
332 480 427 540 οῦν
453 484 707 554 ἐπιφέρει
732 484 792 537 τό
824 482 1115 553 δρέπανον,
1151 483 1245 535 καὶ
1286 484 1335 534 εί
1364 485 1439 554 μὴ
1463 484 1612 554 εὖροι
1648 501 1785 553 καρ-
1817 493 1858 546 Α

1774 514 1785 524 -
1817 493 1858 546 Α
1891 484 2164 553 proferat;
2196 481 2543 551 postmodum
2573 496 2706 551 ergo
2737 482 2883 537 illata
2911 483 3069 550 l‘alcc,
3101 499 3147 539 sn
3172 500 3281 541 non
3312 488 3465 542 inve-

201 579 331 642 πὺν,
362 578 613 629 λυπεῖται
640 592 657 607 ο
689 574 861 638 οὓτως
897 576 991 626 καὶ
1018 576 1046 626 6
1083 574 1283 643 Κύριος
1307 575 1398 628 τὸν
1431 576 1590 642 λόγον
1618 575 1785 629 αὐτοῦ

204 669 489 738 σπαρῆναι
512 666 657 718 θέλει
679 666 760 729 είς
779 667 879 728 τὰς
909 665 1138 735 καρδίας
1158 665 1265 718 τῶν
1290 665 1613 736 ἀνθρώπων.
1646 667 1787 719 Ἀλλ’

200 760 448 829 ῶσπερὸ
477 757 721 826 γεωργὸς
750 758 807 810 ἐν
825 759 891 824 τῇ
926 757 1176 826 ἁποκένῳ
1201 755 1354 827 χώρᾳ
1377 755 1625 810 λυπεῖται
1643 773 1655 787 ο
1690 758 1787 809 οῦ-

202 870 316 915 τως
349 853 443 903 καὶ
462 854 490 903 6
518 849 723 919 Κύριος
754 849 812 900 ἐν
846 852 911 917 τῇ
940 849 1189 917 ἀποκένῳ
1212 848 1409 918 καρδίᾳ.
1434 849 1530 900 καὶ
1563 848 1638 918 μὴ
1659 866 1791 921 καρ-

208 943 526 1013 ποφορούσῃ
573 941 843 993 λυπεῖται.
885 940 1095 1011 Ὥσπερ
1148 941 1196 992 οἱ
1261 940 1454 1008 ἄνεμοι
1511 942 1785 1010 πανταχοῦ

207 1036 469 1087 πνέουσιν
526 1033 609 1093 εἰς
672 1031 853 1083 πᾶσαν
895 1030 994 1099 τὴν
1048 1029 1249 1095 κτίσιν,
1296 1031 1393 1083 καὶ
1420 1028 1610 1100 ὥσπερ
1638 1030 1787 1099 ¹ἣλιος

206 1126 361 1195 πάσῃ
419 1127 488 1192 τῇ
548 1122 845 1194 οἰκουμένῃ
897 1121 1443 1191 ἐπιλάμπειοοῦτως
1498 1124 1533 1192 ἡ
1596 1121 1789 1189 θεότης

208 1214 491 1284 πανταχοῦ
528 1216 687 1276 ἐστι,
734 1213 829 1265 καὶ
862 1212 1137 1281 πανταχοῦ
1180 1213 1515 1283 εὑρίσκεται.
1571 1213 1636 1266 Et
1692 1212 1789 1281 ζη-

209 1309 326 1367 τεῖς
367 1305 530 1356 αὑτὸν
580 1304 640 1354 ἐν
681 1306 794 1365 τοῖς
851 1304 1135 1373 οὐρανοῖς,
1194 1305 1311 1356 ἐκεῖ
1359 1304 1675 1373 εὑρίσκεται
1732 1306 1789 1357 ἐν

208 1400 325 1458 τοῖς
357 1396 637 1464 λογισμοῖς
672 1394 779 1446 τῶν
800 1394 1050 1461 ἀγγέλων
1069 1409 1084 1424 '
1110 1396 1159 1446 εί
1185 1396 1368 1464 ζητεῖς
1390 1396 1551 1448 αὑτὸν
1574 1397 1666 1446 ἐπὶ
1691 1394 1791 1461 τῆς

211 1489 341 1556 γῆς,
391 1488 488 1539 καὶ
532 1480 635 1540 ὦδε
680 1486 994 1554 εὑρίσκεται
1024 1487 1081 1537 ἐν
1124 1488 1242 1547 ταῖς
1276 1485 1528 1555 καρδίαις
1555 1485 1661 1537 τῶν
1694 1486 1789 1538 ἀνι

213 1578 472 1647 θρώπων.
542 1575 675 1631 Ἀπὸ
736 1576 947 1629 πολλῶν
1019 1576 1076 1629 δὲ
1129 1576 1301 1644 όλίγοι
1349 1576 1693 1645 εὑρίσκονται
1740 1578 1789 1628 oi

212 1670 639 1739 εὖαρεστοῦντες
671 1667 822 1737 αὺτῷ
848 1669 1188 1735 Χριστιανοί.
1219 1668 1358 1734 Δόξα
1410 1668 1505 1721 καὶ
1561 1668 1794 1737 μεγαλοο

1891 576 2006 629 niat
2037 574 2299 639 fructum,
2332 588 2570 628 maerore
2602 572 2835 628 aﬂicitur
2869 594 2883 629 :
2916 574 2997 630 sic
3028 591 3247 646 quoque
3274 578 3462 633 Domi-

1891 682 1997 721 nus
2026 666 2259 721 verbum
2292 678 2453 719 suum
2506 664 2767 719 seminari
2799 666 2917 720 vult
2962 666 3020 721 in
3068 669 3327 723 cordibus
3363 670 3467 723 bo-

1894 758 2126 811 minum.
2159 758 2357 810 Verum
2406 755 2634 825 perinde
2682 770 2746 810 ac
2792 757 3030 827 agricola
3069 759 3139 813 ob
3187 761 3465 830 regionem

1892 852 2112 905 inanem
2158 849 2413 919 angitur;
2468 850 2548 903 sic
2598 862 2819 917 quoque
2868 849 3132 904 Dominus
3183 850 3251 905 de
3294 867 3468 905 vacuo

1891 942 2077 1007 corde,
2100 957 2203 997 nec
2238 940 2446 993 fructus
2481 937 2843 1007 producente,
2867 941 3245 996 contristatur.
3270 942 3470 1007 Quem-

1891 1035 2182 1089 admodum
2221 1034 2371 1090 venti
2421 1033 2659 1103 perﬂant
2692 1032 2898 1101 ubique
2942 1043 3197 1087 cunctam
3254 1042 3472 1089 creatu-

1892 1143 2036 1193 ram;
2063 1136 2119 1181 et
2141 1126 2604 1196 quemadmodum
2626 1125 2708 1179 sol
2729 1139 2947 1178 omnem
2969 1134 3173 1179 terram
3195 1126 3467 1185 illustrat.

1894 1219 1975 1274 sic
1998 1218 2175 1272 deitas
2196 1218 2400 1285 ubique
2420 1226 2526 1283 est,
2548 1228 2602 1271 et
2623 1217 2829 1286 ubique
2860 1216 3153 1284 reperitur.
3177 1216 3232 1270 Si
3254 1232 3469 1285 quaeras

1894 1311 2049 1364 illum
2081 1310 2137 1363 in
2166 1310 2341 1371 cmlis,
2372 1310 2485 1363 illic
2515 1308 2791 1377 reperitur
2829 1308 2883 1361 in
2916 1307 3342 1377 cogitationibus
3375 1325 3469 1363 an-

1892 1400 2171 1469 gelorum;
2197 1400 2241 1454 si
2266 1414 2479 1469 quaeras
2506 1414 2633 1453 cum
2661 1399 2714 1451 in
2746 1408 2912 1459 terra,
2942 1397 3033 1450 hic
3058 1413 3276 1466 quoque
3311 1414 3469 1467 repe-

1894 1489 2036 1542 ritur
2084 1489 2141 1543 in
2186 1487 2448 1542 cordibus
2494 1486 2801 1540 hominum.
2840 1485 2882 1539 E
2927 1484 3116 1538 multis
3145 1499 3277 1539 vero
3305 1484 3468 1553 pauci

1893 1580 2272 1648 reperiuntur,
2304 1580 2400 1648 qui
2435 1579 2688 1648 placeant
2721 1578 2833 1631 Deo
2857 1575 3178 1630 Christiani.
3210 1573 3392 1628 Gloria
3415 1584 3471 1628 et

1895 1670 2299 1739 magniﬁcentia
2328 1670 2499 1735 Patri,
2526 1675 2583 1723 et
2606 1668 2765 1734 Filio,
2803 1673 2859 1721 et
2897 1666 3125 1736 Spiritui
3158 1674 3368 1730 sancto,
3411 1664 3467 1719 in

213 1763 455 1831 πρέπεια
486 1760 682 1829 Πατρὶ,
712 1761 808 1812 καὶ
857 1759 972 1829 Υἱῷ
994 1800 1010 1826 ,
1041 1761 1136 1812 καῖ⁹
1178 1760 1319 1829 ἁγίῳ
1356 1757 1669 1827 Πνεύματι,
1713 1760 1792 1821 εἰς
1826 1826 1859 1831 _
1896 1764 2116 1817 sacula.
2145 1762 2339 1818 Amen.

211 1855 339 1918 τοὺς
371 1853 597 1915 αἰῶνας.
629 1850 822 1923 Ἀμήν.

800 1965 1047 2020 ΟΜΙΛΙΔ
1080 1964 1205 2021 AI”.

225 2058 649 2124 ’.ἀδιαλείπτως
684 2058 783 2111 καὶ
813 2059 1130 2127 προσεχῶς
1154 2059 1251 2113 δεῖ
1277 2060 1354 2126 τῷ
1380 2056 1503 2127 Θεῷ
1526 2059 1788 2131 προσεύ-

887 2137 1123 2197 χεσυαι.

285 2238 366 2294 A'.
403 2241 493 2292 Δει
522 2240 692 2309 ἡμᾶς,
742 2239 993 2309 μὴκατὰ
1047 2238 1169 2302 ἔθος
1223 2240 1536 2310 σωματικὸν
1570 2280 1584 2303 ,
1651 2242 1790 2311 μήτε

215 2330 468 2396 κραυγῆς
496 2326 629 2390 ἔθει,
671 2329 808 2396 μήτε
845 2328 1105 2399 συνηθείᾳ
1131 2332 1362 2398 σιωπῆς,
1397 2332 1533 2399 μήτε
1560 2332 1791 2393 κλίσεως

214 2421 460 2485 γονάτων
517 2420 917 2490 προσεύχεσθαι
967 2438 982 2451 ·
1047 2420 1184 2474 ἀλλὰ
1236 2422 1520 2489 νηφαλέως
1588 2423 1666 2491 τῷ
1714 2422 1789 2490 νῷ

216 2512 589 2581 προσέχοντας
621 2511 930 2581 προσδοκᾷν
963 2511 1056 2565 τὸν
1085 2511 1217 2565 Θεὸν
1261 2514 1392 2564 πότε
1446 2515 1662 2581 ἐπιστῇ,
1697 2514 1793 2565 καὶ

218 2603 587 2671 ἐπισκέψηται
614 2603 701 2655 διὰ
735 2604 923 2656 πασῶν
953 2603 1062 2655 τῶν
1095 2602 1289 2668 ἐξόδων
1317 2602 1417 2673 τὴν
1447 2603 1625 2673 ψυχὴν
1644 2644 1657 2666 ,
1700 2606 1793 2654 καὶ

216 2695 327 2746 τῶν
343 2694 546 2764 τρίϐων
566 2696 733 2761 αὐτῆς
763 2696 859 2747 καὶ
888 2695 1276 2766 αἰσθητηρίων.
1295 2696 1405 2748 Καὶ
1433 2695 1604 2757 οὕτως
1632 2696 1794 2765 ἡνίκα

218 2786 327 2856 χρὴ
379 2789 588 2856 σιωπᾷν
610 2826 625 2849 ,
657 2788 753 2839 καὶ
785 2787 948 2855 ἡνίκα
980 2786 1109 2857 βοᾷν
1148 2789 1253 2856 χρὴ
1284 2825 1299 2849 ,
1343 2788 1440 2840 καὶ
1488 2790 1545 2839 ἐν
1578 2788 1793 2857 κραυγῇ

222 2876 648 2947 προσεύχεσθαι,
684 2877 844 2945 μόνον
878 2879 906 2930 6
946 2877 1071 2940 νοῦς
1101 2871 1477 2950 ἐρῤωμένοςῇ
1524 2877 1659 2947 πρὸς
1705 2878 1796 2928 τὸν

222 2970 378 3021 Ηεόν.
408 2969 622 3039 Ὠσπερ
651 2970 759 3040 γὰρ
780 2969 841 3021 τὸ
874 2970 1033 3039 σῶμα
1060 2970 1188 3022 ὅταν
1219 2968 1525 3039 ἐργάζηται
1567 2986 1645 3032 τι,
1678 2969 1797 3020 ὅλον

223 3063 291 3113 δι’
324 3064 447 3116 ὅλου
474 3062 857 3130 άποσχολεῖται
904 3062 1227 3132 ἐγκείμενον
1256 3062 1335 3133 τῷ
1355 3061 1521 3133 ἔργῳ,
1550 3063 1643 3114 καὶ
1676 3061 1798 3113 πάν-

2382 1973 2671 2030 HOMILIA
2706 1971 2947 2029 XXXIII.

1896 2067 2261 2124 lndesinenter
2310 2076 2362 2122 et
2416 2076 2615 2122 attente
2678 2073 2881 2136 oportet
2944 2064 3052 2118 Deo
3120 2072 3238 2119 vota
3300 2064 3471 2133 facere

2531 2147 2580 2190 et
2612 2138 2838 2207 precari.

1967 2252 2007 2305 Ι.
2035 2251 2263 2321 Oportet
2297 2267 2417 2312 nos,
2464 2263 2575 2305 non
2604 2264 2672 2303 ex
2717 2263 2868 2302 more
2910 2262 3199 2317 corporeo,
3234 2262 3335 2302 nec
3371 2263 3473 2317 pro

1898 2360 2048 2398 more
2092 2344 2465 2409 voeiferandi,
2517 2357 2618 2397 nec
2673 2356 2739 2396 ex
2790 2340 3186 2394 consuetudine
3234 2339 3469 2400 silendi,

1902 2442 1996 2487 aut
2028 2449 2203 2502 genua
2249 2431 2525 2495 ﬂectendi,
2557 2445 2751 2501 preces
2796 2429 3007 2493 facere;
3054 2444 3246 2484 verum
3290 2430 3473 2484 sobrie

1900 2527 2142 2579 animum
2202 2524 2545 2579 attendentes
2606 2531 2926 2593 exspectare
2986 2524 3190 2586 Deum,
3252 2522 3473 2593 quando

1901 2618 2076 2672 aderit
2104 2626 2161 2672 et
2187 2617 2432 2671 visitabit
2473 2631 2573 2687 per
2604 2632 2794 2671 omnes
2829 2617 3171 2686 egressiones
3212 2618 3470 2676 animam.

1901 2725 1997 2778 per
2026 2710 2248 2763 semitas
2271 2710 2390 2779 ejus
2418 2724 2482 2763 ac
2514 2724 2771 2763 sensuum
2798 2724 3034 2779 organa;
3067 2718 3122 2763 et
3150 2709 3223 2762 ita
3254 2708 3475 2777 quando

1902 2803 2193 2855 conveniat
2238 2810 2438 2865 tacere,
2473 2810 2528 2855 et
2562 2801 2782 2871 quando
2811 2801 3103 2855 conveniat
3133 2802 3389 2865 clamare,
3420 2812 3477 2854 et

1904 2908 2029 2945 cum
2060 2892 2447 2947 vociferatione
2478 2893 2711 2962 precari,
2747 2892 2909 2945 modo
2954 2905 3109 2945 mens
3152 2891 3221 2945 sit
3262 2891 3476 2944 ﬁrmata

1906 2984 1962 3037 in
2001 2984 2190 3038 llcum.
2230 2984 2463 3038 Perinde
2497 2983 2642 3037 enim
2689 2998 2754 3038 ac
2800 2997 3001 3051 corpus
3048 2997 3173 3037 cum
3218 2990 3479 3050 operatur

1905 3074 2207 3142 quidpiam,
2229 3081 2399 3126 totum
2426 3073 2647 3141 penitus
2664 3078 2990 3140 occupatum
3014 3069 3282 3124 incumbit
3300 3070 3475 3138 operi,

225 3156 294 3208 τά
323 3155 487 3206 αὐτοῦ
516 3154 583 3205 τὰ
613 3152 751 3220 μέλη
790 3153 1042 3221 ἀλλήλοις
1078 3153 1265 3224 βοηθεῖ
1296 3170 1309 3185 ·
1332 3154 1474 3206 οὕτω
1506 3155 1599 3206 καὶ
1627 3156 1661 3222 ἠ
1693 3153 1798 3222 diu.
1825 3173 1870 3233 Ο
1904 3182 1916 3216 ι

1789 3173 1870 3233 Ὀ
1904 3173 1959 3218 et
2006 3164 2188 3218 omnia
2231 3166 2349 3233 ejus
2388 3163 2633 3217 membra
2679 3177 2738 3216 se
2776 3161 3010 3215 invicem
3056 3160 3315 3231 adjuvant
3354 3162 3480 3216 :sic

228 3245 296 3313 χὴ
323 3243 418 3313 ὅλη
450 3243 517 3294 δι’
549 3244 673 3296 ὅλου
704 3241 1053 3294 ἀποδεδύσθω
1080 3244 1159 3301 είς
1186 3242 1285 3311 τὴν
1324 3240 1461 3311 πρὸς
1493 3240 1695 3308 Κύριον
1722 3240 1803 3290 αι’-

226 3354 387 3405 τησιν
418 3337 512 3387 καὶ
543 3336 789 3402 ἀγάπην,
820 3334 892 3405 μὴ
929 3333 1239 3406 ῥεμϐομένη
1272 3333 1365 3385 καὶ
1402 3331 1806 3401 περιφερομένη

228 3430 341 3492 τοῖς
364 3428 669 3497 λογισμοῖς,
701 3428 797 3481 καὶ
831 3428 981 3497 πάσῃ
1012 3428 1080 3495 τῇ
1120 3424 1416 3496 προσδοκίᾳ
1452 3436 1810 3495 προσανακει-

234 3522 370 3590 μένη
394 3520 654 3589 Χριστοῦ.

301 3612 372 3665 B'.
396 3612 502 3662 Καὶ
527 3609 702 3671 οὕτως
732 3609 893 3671 αὐτὸς
919 3608 1234 3678 ἐπιλάμψει,
1261 3606 1518 3675 ἀληθινὴν
1543 3604 1808 3658 διδάσκων

232 3705 471 3772 αἴτησιν,
521 3702 695 3763 διδοὺς
742 3700 906 3770 εὐχὴν
931 3700 1179 3769 καθαράν
1204 3740 1218 3763 ,
1245 3696 1637 3767 πνευματικὴν,
1672 3696 1807 3748 Θεοῦ

233 3795 413 3858 ἀξίαν,
446 3794 541 3846 καὶ
567 3794 683 3859 τὴν
707 3792 777 3845 ἑν
815 3792 1105 3860 πνεύματι
1134 3791 1231 3843 καὶ
1264 3790 1518 3856 ἀληθείᾳ
1541 3788 1807 3854 προσκύ-

233 3900 439 3949 νησιν.
478 3884 688 3948 Ὠσπερ
722 3882 777 3933 δὲ
810 3881 837 3932 6
871 3881 1139 3950 ἐμπορίας
1168 3878 1364 3947 τέχνην
1395 3876 1808 3943 ἐπανελόμενος,

232 3976 295 4028 οὐ
324 3975 655 4044 μονότροπον
684 3973 795 4041 ἔχει
826 3972 918 4025 τοῦ
967 3970 1192 4040 κέρδους
1231 3970 1332 4037 τὴν
1381 3967 1646 4030 ἐπίνοιαν,
1677 3966 1812 4019 ἀλλὰ

235 4065 502 4120 πάντοθεν
560 4062 745 4125 αῦξειν
815 4063 908 4115 καὶ
970 4060 1428 4123 πολυπλασιάζειν
1496 4059 1557 4111 τὸ
1622 4059 1811 4128 κέρδος

234 4157 543 4223 ἐπείγεται,
573 4156 680 4207 ἀπὸ
719 4153 921 4222 ταύτης
942 4152 1028 4220 ἐφ’
1054 4153 1249 4221 ἑτέραν
1280 4150 1480 4219 μετιὼν
1529 4150 1771 4201 ἐπίνοιαν
1795 4188 1809 4211 ,

235 4250 332 4300 καὶ
363 4245 613 4298 ἐντεῦθεν
642 4246 780 4314 πρὸς
809 4243 996 4313 ἔτερον
1026 4244 1233 4312 τρέχων
1258 4243 1446 4310 πόρον,
1470 4240 1566 4292 καὶ
1589 4239 1698 4291 ἀπὸ
1717 4238 1811 4289 τοῦ

239 4339 406 4409 μηδὲν
439 4337 733 4406 όνήσαντος
771 4336 857 4387 ἀεὶ
887 4322 1182 4402 ἀποπηδῶν
1211 4333 1305 4384 ἐπὶ
1343 4333 1405 4409 τὸ
1445 4331 1815 4399 κερδαλεώτε-

242 4448 334 4500 ρον
360 4430 547 4499 τρέχει
581 4444 594 4457 ·
629 4426 802 4489 οὕτως
830 4428 924 4477 καὶ
956 4429 1117 4494 ἡμεῖς
1145 4426 1243 4495 τὴν
1290 4408 1468 4495 ψῦχὴν
1503 4427 1659 4495 ἡμῶν
1693 4442 1810 4477 ποι-

1912 3272 2128 3325 quoque
2156 3256 2332 3309 anima
2363 3265 2471 3309 tota
2499 3269 2724 3323 prorsus
2746 3261 3102 3308 consecretur
3122 3253 3479 3322 postulationi

1912 3356 1966 3398 et
1993 3346 2241 3398 charitati
2276 3344 2511 3404 Domini,
2538 3359 2659 3412 quae
2701 3358 2803 3398 nec
2844 3344 2996 3414 vagis
3041 3353 3360 3413 occupetur,
3385 3354 3481 3398 aut

1912 3436 2329 3490 circumferatur
2374 3434 2829 3504 cogitationibus,
2880 3442 2937 3488 et
2976 3448 3127 3503 spem
3178 3443 3344 3503 atque
3381 3450 3481 3488 ex-

1912 3527 2304 3595 spectationem
2335 3540 2551 3579 omnem
2578 3525 2895 3579 collocatam
2927 3524 3125 3578 habeat
3164 3524 3216 3579 in
3241 3524 3478 3580 Christo.

1983 3615 2047 3668 II.
2096 3616 2273 3683 Atque
2316 3614 2422 3667 hoc
2460 3622 2618 3682 pacto
2661 3613 2942 3667 illucescct
2986 3612 3112 3677 ille,
3151 3613 3245 3683 qui
3280 3629 3489 3683 purum

1912 3705 2073 3760 docet
2108 3702 2329 3773 petendi
2377 3702 2618 3764 modum,
2654 3710 2709 3754 et
2742 3702 2981 3771 suggerit
3024 3703 3331 3756 orationem
3376 3716 3483 3771 pu-

1911 3814 2026 3851 ram
2058 3795 2419 3865 spiritualem,
2454 3794 2563 3846 Deo
2592 3793 2833 3862 dignam,
2868 3800 2923 3847 et
2950 3807 3072 3861 quae
3103 3792 3163 3845 Iit
3200 3795 3255 3846 in
3290 3795 3486 3863 spiritu

1913 3900 1961 3942 ct
2001 3891 2245 3951 veritate,
2294 3887 2657 3939 adorationem
2692 3885 2757 3936 ".
2807 3883 3275 3949 Quemadmodum
3318 3901 3482 3944 vero.

1912 3982 2005 4050 qui
2038 3981 2419 4035 mercatoriam
2449 3986 2618 4031 artem
2651 3976 2835 4046 elegit,
2880 3990 2989 4029 non
3034 3977 3260 4031 unicum
3302 3978 3479 4031 solum

1914 4074 2050 4127 lucri
2082 4072 2313 4127 faciendi
2355 4069 2627 4137 excogitat
2658 4069 2963 4130 inventum,
2994 4068 3087 4123 sed
3119 4068 3484 4137 undecunque

1914 4178 2112 4232 augere
2132 4171 2185 4215 et
2214 4161 2491 4214 cumulare
2514 4160 2727 4211 lucrum
2754 4158 2989 4227 cogitur,
3012 4158 3081 4211 ab
3106 4160 3211 4213 hac
3235 4160 3393 4229 124
3414 4161 3481 4213 ad

1914 4257 2073 4310 aliam
2103 4254 2371 4308 transiens
2397 4252 2673 4305 solertiam
2695 4258 2749 4303 et
2771 4250 3085 4315 inventum;
3112 4259 3167 4303 et
3185 4251 3311 4304 inde
3333 4252 3481 4305 aliud

1914 4348 2019 4400 iter
2042 4344 2364 4411 suscipiens,
2387 4352 2443 4395 et
2471 4342 2539 4394 ab
2559 4356 2645 4402 eo,
2674 4340 2818 4408 quod
2844 4340 2980 4392 nihil
3013 4341 3236 4407 prodest
3266 4356 3486 4410 semper

1917 4436 2248 4494 transiliens,
2292 4433 2359 4487 ad
2413 4433 2488 4495 id,
2532 4431 2675 4500 quod
2710 4432 3072 4499 qurcstuosius
3114 4442 3217 4495 est,
3250 4434 3425 4486 currit
3467 4451 3482 4486 :

239 4522 406 4583 κὶλως
424 4521 517 4571 καὶ
542 4519 800 4586 ἐντέχνως
824 4517 1255 4586 εὐτρεπίσωμεν,
1285 4518 1434 4577 ὅπως
1464 4518 1813 4587 κερδάνωμεν
1846 4543 1888 4595 D
1919 4543 1930 4578 ε

1793 4535 1813 4567 ν
1846 4543 1888 4595 ι)
1919 4528 1996 4579 sic
2023 4539 2238 4593 quoque
2265 4539 2366 4576 nos
2399 4522 2632 4575 animam
2664 4530 2905 4573 nostram
2933 4520 3083 4574 varie
3112 4528 3167 4573 ct
3192 4522 3484 4575 artiﬁciose

237 4616 297 4667 τὸ
314 4611 571 4681 ἀληθινὸν
596 4609 689 4663 καὶ
713 4610 854 4677 μέγα
874 4608 1081 4677 κέρδος,
1107 4609 1197 4659 τὸν
1218 4609 1348 4659 Θεὸν
1380 4608 1471 4660 τὸν
1498 4610 1814 4660 διδάσκοντα

239 4707 389 4775 ἡμᾶς
421 4702 481 4767 ἐξ
511 4701 766 4771 ἀληθείας
798 4700 1215 4769 προσεύχεσθαι.
1252 4700 1435 4761 Οὕτως
1472 4701 1578 4767 γάρ
1615 4703 1815 4751 ἐπανα-

243 4798 480 4850 παύεται
514 4798 540 4847 6
570 4796 773 4864 Κύριος
806 4796 872 4862 τῇ
910 4792 1089 4861 ἀγαθῇ
1120 4794 1219 4859 τῆς
1252 4792 1429 4860 ψυχῆς
1474 4793 1813 4860 προαιρέσει,

244 4892 436 4960 θρόνον
461 4887 619 4955 δόξης
649 4888 819 4954 αὐτὴν
877 4884 1265 4955 ἐργαζόμενος,
1311 4883 1711 4952 ἐπικαθήμενός
1758 4900 1815 4933 τε

243 4985 341 5054 καὶ
385 4979 878 5046 ἐπαναπαυόμενος
917 4976 1006 5029 ἐπ’
1041 4977 1229 5045 αὑτήν.
1276 4976 1460 5037 Οὕτως
1510 4976 1615 5043 γὰρ
1668 4975 1820 5042 παρὰ

254 5071 521 5141 Ἰεζεκιὴλ
548 5070 644 5123 τοῦ
692 5072 972 5139 προφήτου
1007 5067 1323 5137 ἠκούσαμεν
1354 5068 1483 5136 περὶ
1521 5065 1628 5119 τῶν
1663 5083 1820 5117 πνευ-

259 5164 507 5235 ματικῶν
557 5162 736 5225 ζώων,
797 5162 904 5212 τῶν
942 5148 1363 5226 ὑπεζευγμένων
1401 5156 1477 5225 τῷ
1508 5156 1818 5224 Δεσποτικῷ

248 5259 460 5326 ἅρματι
485 5271 499 5287 ο
526 5252 840 5322 ὁλόφθαλμα
862 5253 970 5321 γὰρ
987 5254 1121 5321 ἡμῖν
1151 5251 1389 5319 παριστᾷ
1415 5250 1605 5308 ταῦτα,
1632 5247 1819 5315 ὥσπερ

248 5351 397 5401 ἐστὶν
422 5349 455 5414 ὴ
476 5346 621 5413 ψυχὴ
642 5342 1037 5412 ήιβαστάζουσα
1050 5343 1139 5393 τὸν
1158 5342 1310 5403 Θεὸν,
1338 5340 1534 5408 μᾶλλον
1547 5340 1602 5390 δὲ
1620 5338 1817 5406 βαστα-

249 5438 454 5506 ζομένη
501 5436 605 5486 ὑπὸ
638 5433 734 5485 τοῦ
768 5432 905 5485 Θεοῦ
943 5448 956 5461 υ
1002 5432 1243 5498 γίγνεται
1270 5434 1377 5499 γὰρ
1401 5430 1494 5499 ὅλη
1525 5428 1819 5496 ὀφθαλμός.

326 5529 399 5581 Ι”.
448 5526 557 5579 Καὶ
594 5524 653 5577 ὃν
693 5524 896 5591 τρόπον
932 5519 1080 5582 οἶκος
1131 5524 1223 5574 τὸν
1268 5523 1532 5591 δεσπότην
1583 5520 1825 5588 παρόντα

249 5622 392 5690 ἔχων
410 5660 422 5683 ,
458 5619 639 5687 πάσης
666 5618 825 5685 γέμει
850 5617 1142 5685 εὐκοσμίας
1162 5617 1252 5666 καὶ
1269 5615 1594 5683 ὡραιότητος
1617 5612 1710 5663 καὶ
1742 5614 1827 5662 εὖ·

1920 4615 2278 4671 adornemus,
2326 4617 2386 4661 ut
2431 4608 2837 4661 lucrifaciamus
2876 4624 3063 4661 verum
3112 4624 3175 4662 ac
3209 4624 3481 4663 summum

1920 4705 2151 4757 lucrum,
2188 4701 2357 4752 Deum
2385 4697 2666 4759 nimirum,
2699 4698 2793 4765 qui
2822 4699 3016 4751 doceat
3048 4712 3145 4750 nos
3174 4698 3228 4750 in
3257 4698 3485 4751 veritate

1919 4790 2148 4860 precari.
2185 4788 2261 4839 Ad
2298 4787 2444 4839 hunc
2469 4788 2614 4839 enim
2644 4786 2864 4839 modum
2899 4786 3193 4853 requiescit
3223 4786 3486 4840 Dominus

1922 4883 1975 4935 in
2028 4882 2165 4933 bona
2212 4878 2404 4932 animae
2449 4877 2780 4939 intentione,
2828 4877 3085 4930 thronum
3138 4877 3321 4945 gloria:
3366 4894 3485 4931 eam

1921 4973 2278 5031 constituens,
2301 4968 2563 5029 insidens,
2588 4975 2641 5021 et
2664 4968 3017 5035 requiescens
3038 4968 3094 5020 in
3121 4983 3204 5021 ea.
3233 4968 3322 5021 Sic
3338 4970 3487 5021 enim

1923 5063 2065 5132 apud
2096 5061 2433 5116 Ezecliielcm
2458 5059 2773 5127 prophetam
2797 5059 3106 5113 audivimus
3132 5059 3200 5113 de
3226 5060 3487 5127 spiritua—

1923 5157 2067 5209 libus
2092 5153 2415 5207 animalibus
2445 5152 2511 5215 “,
2539 5149 2839 5220 subjugatis
2863 5150 3049 5203 currui
3088 5150 3320 5204 Domini.
3352 5149 3483 5204 Tota

1924 5246 2067 5298 enim
2087 5244 2299 5297 oculata
2321 5241 2479 5295 nobis
2500 5240 2755 5307 proponit
2772 5255 2855 5301 ea,
2876 5240 3180 5309 cujusmodi
3204 5248 3287 5293 est
3307 5242 3499 5294 anima-

1930 5353 2051 5405 quae
2088 5338 2256 5389 Deum
2306 5342 2497 5401 gestat,
2549 5332 2798 5401 quinimo
2844 5346 2965 5400 qua:
3013 5340 3254 5401 gestatur
3286 5348 3314 5385 a
3356 5333 3495 5404 Deo.

1935 5428 2018 5480 Fit
2050 5426 2194 5480 enim
2228 5434 2337 5479 tota
2366 5426 2576 5481 oculus.
2847 5411 2850 5415 ’

2006 5518 2092 5572 III.
2147 5519 2211 5571 Et
2256 5516 2710 5578 quemadmodum
2766 5516 2989 5576 domus,
3042 5529 3162 5582 qua:
3209 5514 3489 5566 dominum

1938 5620 2259 5677 praesentem
2292 5610 2473 5667 habet.
2504 5610 2649 5663 omni
2684 5609 2923 5662 abundat
2950 5617 3167 5669 ornatu,
3194 5605 3494 5675 pulchritu-

328 5782 374 5813 ‘°
408 5779 564 5835 Joan.
604 5795 675 5842 ιη,
710 5778 801 5832 Ἡ.
879 5778 917 5808 ¹¹
955 5772 1154 5829 Ezech.
1184 5789 1219 5831 ι,
1260 5774 1402 5833 hx,
1430 5772 1497 5829 τὶς
1532 5769 1727 5823 llomil.
1764 5788 1796 5824 ι,
1831 5770 1845 5819 l
1887 5784 1999 5831 δι’δι-
