4282 6364
786 400 891 461 763

2013 381 2072 440 S.
2112 376 2433 438 HACARII
2472 370 2791 432 [EGYPTII

3928 351 4039 417 7M

787 459 917 561 dine
943 511 999 557 et
1020 501 1249 565 decore;
1277 496 1471 553 eodem
1506 491 1669 547 modo
1692 491 1893 553 anima,
1918 502 2038 557 quae
2064 487 2355 541 Dominum
2386 491 2429 543 Α
2459 495 2478 530 ιι

2352 510 2355 536 ι
2386 491 2429 543 Α
2459 476 2732 547 πρεπείας
2757 490 2773 506 ο
2808 472 2952 525 οὕτω
3005 470 3099 523 καὶ
3128 468 3275 539 ψυχὴ
3314 468 3348 537 ὴ
3400 463 3600 533 ἔχουσα
3627 459 3721 514 τὸν
3754 460 4043 528 Δεσπότην

789 610 948 653 suum
987 592 1133 663 apud
1180 605 1239 645 se
1277 589 1453 658 ipsam
1499 584 1702 648 habet,
1733 590 1789 636 et
1822 582 1877 635 in
1910 595 1969 634 se
2005 585 2317 633 manentem
2340 614 2356 638 ,

2460 570 2629 638 αὐτῆς
2662 568 2798 637 πρὸς
2835 565 3033 633 ἑαυτὴν
3057 563 3238 643 καιὲν
3268 562 3407 628 αὐτῇ
3434 555 3831 625 καταμένοντα,
3857 551 4041 620 πάσης

791 690 940 744 omni
966 642 1372 757 purlchritudine
1394 685 1451 733 ct
1482 676 1682 731 decore
1711 673 1915 743 repleta
1948 679 2060 735 est;
2086 669 2357 739 siquidem
2459 662 2482 714 ti

2350 686 2357 720 ι
2459 660 2795 730 ὡραιότητος
2826 657 2919 710 καὶ
2949 646 3286 724 εὐπρεπείας
3316 650 3479 719 γέμει
3503 663 3521 679 ο
3550 648 3642 699 τὸν
3688 646 3799 712 γὰρ
3832 642 4041 711 Κύριον

790 780 1081 836 Dominum
1117 788 1241 830 cum
1282 768 1663 842 spiritualibus
1689 766 1803 821 suis
1839 762 2114 818 thesauris
2145 759 2363 815 inhabi-

792 882 998 929 tantem
1032 868 1217 933 habet,
1246 874 1302 920 et
1337 862 1603 933 aurigam.
1640 861 1731 916 Vat
1767 857 1976 921 domui,
1999 858 2155 926 cujus
2178 852 2363 907 domi-

794 980 899 1019 nus
926 960 1326 1033 peregrinatur,
1364 956 1565 1025 cuique
1595 952 1849 1008 dominus
1879 964 1989 1004 non
2028 956 2228 1018 praesto
2258 955 2363 1009 est,

796 1060 923 1126 quia
950 1054 1192 1109 desolata
1222 1059 1327 1114 est,
1366 1049 1570 1111 diruta,
1604 1046 1761 1116 plena
1793 1043 1941 1097 omni
1973 1040 2288 1109 impuritate
2310 1045 2368 1093 et

798 1142 1233 1213 perturbatione.
1270 1138 1385 1191 lliic
1427 1134 1634 1189 Sirenes
1662 1142 1710 1186 et
1736 1132 1996 1186 dwmonia
2044 1130 2124 1193 ²⁸;
2167 1143 2367 1182 secun-

798 1232 928 1285 dum
972 1228 1294 1299 prophetam
1330 1224 1599 1278 habitant.
1648 1222 1707 1275 ln
1753 1220 1970 1274 deserta
2014 1220 2162 1273 enim
2206 1217 2369 1269 domo

798 1322 957 1386 feles,
981 1334 1166 1383 canes,
1191 1325 1250 1372 et
1274 1315 1453 1370 omnis
1477 1313 1824 1367 immunditia
1854 1312 2007 1365 latet;
2037 1309 2129 1365 Va;
2153 1308 2367 1370 animm,

801 1431 925 1485 quae
949 1428 1056 1468 non
1083 1410 1319 1479 resurgit
1349 1423 1380 1463 a
1414 1409 1563 1481 gravi
1595 1408 1748 1476 lapsu
1784 1419 1915 1467 suo;
1943 1410 2000 1456 et
2026 1402 2167 1455 intra
2190 1415 2248 1454 se
2274 1400 2372 1453 ha-

803 1508 917 1573 bet,
947 1505 1040 1576 qui
1068 1501 1436 1572 persuadeant
1456 1499 1529 1563 ei,
1556 1506 1718 1566 atque
1743 1495 1965 1565 adigant
1986 1508 2105 1548 eam
2135 1490 2372 1544 inimici-

805 1598 909 1652 tias
948 1595 1227 1664 suscipere
1267 1606 1389 1648 cum
1433 1604 1534 1645 suo
1576 1589 1749 1659 ipsius
1788 1586 2021 1656 Spouso,
2062 1592 2116 1637 et
2156 1582 2249 1652 qui
2282 1596 2376 1635 ex-

805 1694 997 1757 Optent
1030 1698 1381 1751 corrumpere
1408 1683 1527 1753 ejus
1554 1680 1721 1734 animi
1755 1692 1912 1732 sensa
1944 1692 1973 1729 a
1994 1674 2233 1729 Christo.

878 1779 967 1832 Ν.
1001 1777 1136 1831 Cum
1170 1789 1298 1828 vero
1323 1773 1587 1827 Dominus
1625 1770 1844 1833 viderit,
1872 1767 2019 1837 quod
2058 1767 2277 1834 colligat
2315 1779 2373 1819 se

809 1869 980 1938 ipsam
1010 1880 1108 1935 pro
1137 1864 1348 1917 viribus
1378 1863 1512 1926 suis,
1545 1875 1761 1928 semper
1783 1857 2073 1911 Dominum
2100 1869 2370 1923 quarens,

809 1968 974 2013 noctu
1017 1956 1223 2025 diuque
1269 1963 1609 2022 exspectans,
1641 1959 1803 2017 atque
1845 1949 2087 2002 clamans
2120 1946 2187 1999 ad
2225 1960 2372 2007 eum,

807 2046 1265 2119 quemadmodum
1318 2042 1595 2098 mandavit
1644 2042 1775 2093 citra
1834 2039 2274 2092 intermissionem
2320 2034 2375 2087 in

808 2140 957 2192 omni
1003 2136 1221 2206 negotio
1250 2134 1477 2205 precari,
1527 2132 1679 2201 faciet
1715 2131 1998 2184 uindictam
2048 2128 2159 2196 ejus
2202 2126 2268 2190 ”,
2318 2134 2379 2178 ut

810 2230 1081 2302 promisit,
1126 2237 1290 2297 atque
1339 2240 1456 2279 eam
1490 2231 1841 2292 expurgatam
1878 2220 1945 2274 ab
1977 2218 2125 2273 omni
2172 2214 2380 2270 malitia

809 2340 929 2389 sua,
960 2318 1459 2391 irreprehensibitem
1484 2324 1531 2371 et
1565 2312 1963 2369 immaculatum
1988 2326 2236 2381 sponsam
2271 2309 2382 2378 ipse

808 2417 904 2470 sibi
931 2415 1203 2468 constituet
1234 2428 1350 2466 eam
1394 2408 1461 2463 ³⁸.
1498 2408 1764 2464 Caeterum
1808 2406 1854 2460 si
1886 2404 2067 2459 credis
2108 2402 2223 2456 haec
2252 2414 2382 2453 vera

809 2524 951 2571 esse,
979 2515 1037 2561 ut
1069 2519 1287 2575 quoque
1319 2511 1465 2566 sunt,
1498 2499 1717 2554 attende
1754 2497 1851 2552 tibi
1900 2496 2037 2566 ipse,
2083 2508 2216 2548 num
2250 2506 2383 2546 con-

811 2606 997 2653 secuta
1032 2597 1103 2652 sit
1138 2597 1316 2651 anima
1367 2605 1458 2649 tua
1492 2594 1675 2647 lumen
1722 2588 1963 2658 dirigens
2004 2601 2148 2650 eam,
2192 2598 2385 2637 verum

812 2690 994 2745 cibum
1016 2698 1073 2743 et
1096 2698 1304 2758 potum,
1326 2684 1420 2756 qui
1443 2698 1526 2738 est
1552 2683 1846 2747 Dominus;
1870 2680 1955 2735 sin
1980 2678 2164 2732 minus
2196 2686 2387 2729 nactus

814 2783 909 2847 sis,
943 2797 1126 2852 quaere
1156 2790 1322 2836 noctu
1368 2777 1597 2846 diuque,
1643 2785 1706 2829 ut
1737 2771 2111 2842 consequaris.
2157 2768 2212 2823 Si
2256 2784 2388 2837 ergo

815 2871 1091 2941 aspexeris
1134 2870 1343 2933 solem,
1390 2866 1657 2937 inquirito
1703 2878 1897 2918 verum
1953 2862 2155 2926 solem;
2214 2874 2390 2913 caicus

816 2960 1087 3029 siquidem
1119 2974 1197 3014 es.
1226 2957 1281 3012 Si
1312 2955 1645 3027 spectaveris
1667 2955 1871 3018 lumen,
1904 2953 2115 3021 respice
2151 2949 2389 3002 animam

819 3065 989 3115 tuam,
1026 3066 1156 3105 num
1206 3064 1394 3102 verum
1445 3055 1501 3101 et
1548 3046 1753 3099 bonum
1810 3044 1995 3097 lumen
2048 3051 2242 3095 nactus
2288 3041 2385 3093 sis.

2464 754 2565 804 σὺν
2594 752 2707 811 τοῖς
2730 748 3122 816 πνευματικοῖς
3152 741 3318 796 αὐτοῦ
3351 741 3645 808 θησαυροῖς
3673 736 3882 788 ἐνοικον
3927 733 4043 799 ἔχει

2463 842 2562 895 καὶ
2593 841 2831 910 ἡνίοχον.
2867 838 3001 890 Ούαὶ
3044 836 3103 887 δὲ
3146 834 3316 903 οἰκίᾳ,
3356 827 3424 901 ἧς
3458 834 3487 883 6
3523 828 3791 895 δεσπότης
3832 824 4044 891 ἀποδηο

2470 935 2580 1003 μεῖ,
2620 933 2713 985 καὶ
2744 933 2773 984 6
2801 929 2987 999 κύριος
3028 928 3088 978 ού
3130 925 3396 996 πάρεστιν
3421 962 3437 989 ,
3471 922 3554 973 ὅτι
3596 918 3893 988 ἠρήμωται
3918 930 4047 968 κατα

2467 1027 2811 1095 εσκαμιιένη,
2840 1023 3087 1092 γέμουσα
3133 1019 3313 1086 πάσης
3347 1011 3712 1083 ἀκαθαρσίας,
3761 1011 3855 1062 καὶ
3909 1012 4045 1059 ἀκα-

2467 1118 2787 1178 ταστασίας.
2831 1116 2977 1167 Ἐκεῖ
2999 1110 3283 1181 Σειρῆνες
3303 1108 3401 1159 καὶ
3440 1104 3735 1175 δαιμόνια,
3774 1101 3918 1153 κατά
3952 1100 4049 1150 τὸν

2471 1209 2778 1279 προφήτην,
2815 1205 3077 1258 οἰκοῦσιν.
3106 1201 3199 1256 Ἐν
3227 1200 3338 1269 γάρ
3382 1199 3448 1267 τῇ
3484 1194 3827 1265 ὴρημωμένῃ
3876 1192 4047 1258 οἰκία,

2472 1278 2715 1369 αίλουροι
2738 1298 2834 1351 καὶ
2858 1296 3041 1361 κύνες,
3073 1296 3169 1347 καὶ
3208 1293 3359 1345 πᾶσα
3395 1285 3711 1356 ἀκαθαρσία
3731 1284 3902 1336 ἐστίν’
3927 1278 4053 1335 ούαὶ

2471 1395 2723 1464 ψυχῇτῇ
2766 1392 2841 1462 μὴ
2890 1388 3227 1457 ἀνισταμένη
3268 1387 3332 1438 ὲκ
3380 1368 3480 1451 τῆς
3504 1380 3751 1450 χαλεπῆς
3788 1376 4053 1437 πτώσεως

2474 1485 2669 1554 αὐτῆς,
2700 1484 2796 1536 καὶ
2815 1482 2962 1535 ἔνδον
2990 1480 3160 1548 αὐτῆς
3181 1477 3382 1547 ὲχούσῃ
3402 1493 3527 1536 τους
3547 1473 3834 1532 πείθοντας
3856 1468 4051 1537 αὐτὴν,

2475 1577 2573 1629 καὶ
2627 1571 3038 1642 ἀναγκάζοντας
3084 1568 3284 1639 ἔχθραν
3339 1566 3486 1635 ἔχειν
3528 1562 3665 1631 πρὸς
3712 1559 3803 1614 τὸν
3850 1560 4055 1626 ἑαυτῆς

2476 1666 2747 1734 Νυμφίον,
2766 1665 2861 1717 καὶ
2884 1661 3242 1733 βουλομένους
3266 1657 3509 1727 φθείρειν
3525 1653 3596 1706 τὰ
3611 1652 3859 1723 νοήματα
3880 1648 4057 1717 αὐτῆς

2476 1758 2585 1812 ἀπὸ
2619 1755 2714 1808 τοῦ
2747 1752 3007 1825 Χριστοῦ.

2546 1844 2832 1900 Δ’.’”οταν
2861 1846 2917 1897 δὲ
2953 1845 3036 1913 ἴδῃ
3090 1844 3117 1895 6
3166 1840 3371 1910 Κύριος
3401 1880 3416 1903 ,
3452 1839 3536 1892 ὅτι
3591 1836 3814 1903 συνάγει
3854 1832 4058 1899 ἑαυτὴν

2489 1942 2611 1993 ὅσον
2652 1939 2713 1991 τὸ
2767 1938 2907 1990 κατά
2938 1938 3189 2004 δύναμιν,
3223 1934 3311 1986 ἀεὶ
3346 1933 3438 1985 τὸν
3469 1930 3671 1999 Κύριον
3703 1930 3941 1993 ζητουσα
3963 1942 4060 1975 νυ-

2480 2030 2607 2091 κτὸς
2630 2027 2723 2079 καὶ
2750 2027 2982 2094 ἡμέρας,
3002 2024 3097 2076 καὶ
3119 2022 3298 2091 βοῶσα
3315 2019 3450 2089 πρὸς
3469 2011 3835 2080 αύτὸν,καθὼς
3852 2008 4059 2062 ἐνετεί-

2478 2121 2627 2183 λατο,
2644 2120 3036 2181 ἀδιαλείπτως
3066 2114 3513 2181 προσεύχεσθαι
3537 2113 3592 2161 ὲν
3616 2106 3796 2169 παντὶ,
3815 2103 4061 2164 ποιήσει

2479 2214 2921 2280 τὴνὲκδίκησιν
2942 2208 3148 2275 αὐτῆς,
3168 2207 3241 2269 ὡς
3260 2208 3545 2273 ὑπέσχετο,
3571 2199 3872 2267 καθαρίσας
3893 2194 4061 2263 αὐτὴν

2482 2306 2590 2359 ἀπὸ
2612 2308 2709 2373 τῆς
2732 2306 2787 2357 ὲν
2826 2304 2964 2371 αύτῇ
2996 2300 3192 2361 κακίας
3214 2342 3229 2363 ,
3260 2298 3357 2350 καὶ
3380 2298 3645 2364 ἄμωμον,
3673 2290 3771 2343 καὶ
3792 2289 4063 2341 ἄσπιλον

2482 2400 2727 2465 νύμφην
2773 2394 2956 2459 αὐτὸς
3005 2388 3195 2455 ἐαυτῷ
3242 2389 3619 2469 παρρστήσει
3666 2381 3879 2445 αὑτήν.
3916 2380 3979 2431 Et
4007 2378 4064 2429 δὲ

2484 2490 2760 2552 πιστεύεις
2789 2486 2963 2540 ταῦτα
2992 2482 3166 2553 ἀληθῆ
3199 2478 3358 2545 εἶναι,
3393 2478 3583 2545 ὥσπερ
3615 2475 3707 2527 καὶ
3733 2473 3861 2534 εἰσὶ,
3890 2472 4063 2539 πρόσ-

2487 2600 2578 2653 εχε
2638 2579 2871 2649 σεαυτῷ,
2901 2579 2949 2630 εί
2980 2570 3138 2645 εὗρεν
3169 2577 3201 2643 ἠ
3233 2573 3379 2642 ψυχή
3416 2588 3509 2624 σου
3543 2568 3604 2620 τὸ
3628 2566 3861 2637 ὁδηγοῦν
3892 2561 4065 2631 αὐτὴν

2488 2675 2625 2743 φῶς,
2651 2673 2747 2724 καλ⁵
2770 2672 2870 2741 τὴν
2902 2668 3160 2736 ἀληθινὴν
3191 2665 3394 2735 βρῶσιν
3433 2662 3526 2714 καὶ
3556 2659 3734 2719 πόσιν,
3761 2658 3883 2725 ἥτις
3914 2653 4068 2705 ἐστὶν

2488 2769 2515 2818 6
2538 2766 2760 2834 Κύριος.
2797 2765 2855 2814 Εἰ
2879 2762 2935 2814 δὲ
2964 2761 3063 2812 οὐκ
3094 2759 3270 2826 ἔχεις,
3312 2755 3548 2823 ζήτησον
3582 2748 3773 2809 νυκτὸς
3808 2748 3899 2799 καὶ
3929 2745 4069 2813 ἡμέ-

2494 2876 2588 2929 ρας
2624 2859 2709 2910 ἶνα
2755 2854 2948 2924 λάϐῃς.
2982 2852 3151 2905 Ὅταν
3189 2847 3281 2899 οὖν
3316 2846 3435 2915 ἴδῃς
3463 2843 3565 2929 τὸν
3591 2840 3744 2910 ἥλιον
3769 2877 3785 2900 ,
3832 2838 4070 2911 ζήτησον

2491 2928 2580 3003 τὸν
2623 2946 2875 3015 ἀληθινὸν
2909 2944 3081 3012 ἥλιον·
3115 2938 3312 3006 τυφλὸς
3366 2936 3476 3005 γὰρ
3525 2928 3597 2987 εί.
3632 2932 3802 2983 Ὅταν
3856 2928 4071 2996 Θεωρῇς

2494 3039 2630 3107 φῶς,
2659 3035 2951 3104 ἐπίϐλεψον
2980 3034 3057 3094 είς
3088 3030 3185 3099 τὴν
3211 3028 3392 3096 ψυχήν
3425 3042 3543 3086 σου,
3578 3024 3627 3075 εί
3659 3017 3817 3091 εὗρες
3842 3019 3908 3070 τὸ
3939 3018 4073 3086 ἁλη-

818 3142 1015 3196 Omnia
1035 3141 1202 3202 enim,
1228 3154 1348 3209 qua:
1368 3137 1508 3191 visui
1535 3144 1743 3206 patent,
1767 3142 1896 3188 sunt
1918 3132 2111 3187 umbra
2130 3145 2386 3184 verarum
2419 3145 2461 3200 ο
2498 3132 2509 3183 ί

2381 3152 2386 3181 ι
2419 3145 2461 3200 c
2498 3132 2639 3184 Θινὸν
2682 3129 2819 3198 φῶς,
2859 3126 2952 3179 καὶ
2990 3121 3213 3191 ἀγαθόν.
3252 3119 3388 3171 Σκιά
3442 3118 3553 3185 γάρ
3614 3116 3730 3168 ἔστι
3781 3113 3965 3164 πάντα
4004 3110 4072 3161 τά

822 3247 1007 3287 rerum
1053 3231 1120 3285 ad
1150 3232 1383 3284 animam
1427 3228 1843 3299 pertinentium.
1872 3225 1970 3280 Est
1995 3225 2143 3278 enim
2190 3230 2391 3291 praeter

819 3324 1097 3377 hominem
1123 3318 1501 3390 conspicuum,
1547 3319 1686 3371 alius
1716 3317 1881 3370 homo
1933 3314 2179 3373 interior,
2210 3321 2264 3365 et
2299 3310 2391 3363 alii

820 3410 985 3473 oculi,
1002 3424 1142 3479 quos
1162 3407 1449 3463 occaecavit
1481 3406 1743 3469 Satanas;
1764 3413 1819 3460 et
1842 3418 2021 3464 aures,
2047 3416 2181 3469 quas
2202 3400 2393 3451 surdas

820 3499 1021 3556 eﬂecit.
1056 3498 1244 3569 Itaque
1286 3497 1439 3551 venit
1482 3497 1662 3558 Iesus,
1707 3502 1769 3549 ut
1818 3492 2067 3545 interiori
2127 3491 2256 3543 huic
2291 3489 2392 3541 ho-

822 3588 957 3642 mini
1001 3587 1255 3641 restituat
1296 3587 1605 3639 sanitatem.
1644 3583 1744 3637 Cui
1787 3581 1959 3652 gloria
2004 3591 2059 3635 et
2103 3580 2392 3648 imperium

824 3696 945 3736 cum
977 3680 1159 3744 Patre,
1187 3686 1244 3735 et
1272 3677 1479 3748 Spiritu
1518 3686 1706 3731 sancto
1730 3675 1786 3728 in
1812 3674 2029 3728 saecula.
2054 3672 2250 3727 Amen.

1337 3878 1618 3935 HOMILIA
1657 3878 1895 3933 XXXIV.

828 4000 903 4053 De
945 3998 1114 4067 gloria
1155 3996 1577 4050 Christianorum
1622 4010 1779 4062 quam
1819 4008 2041 4062 corpora
2084 3992 2395 4067 illorum__in

896 4062 1270 4121 resurrectione
1299 4072 1699 4134 consequentur,
1722 4072 1771 4115 et
1797 4080 1901 4131 qua
1923 4079 2041 4115 cum
2064 4064 2247 4116 anima
2268 4062 2396 4117 illu-

895 4138 1228 4190 strabuutur.

900 4248 941 4303 ι.
998 4244 1471 4311 Quemadmodum
1526 4243 1670 4297 oculi
1721 4242 1973 4313 corporei
2022 4244 2169 4297 clare
2213 4243 2397 4299 omnia

827 4337 1192 4406 conspiciunt,
1240 4335 1320 4389 sic
1368 4350 1587 4404 quoque
1638 4334 1835 4388 animis
1872 4342 2182 4388 sanctorum
2218 4333 2397 4387 mani-

828 4429 965 4483 festa
993 4435 1049 4482 et
1084 4426 1379 4495 conspicua
1416 4436 1545 4480 sunt
1572 4434 1892 4479 ornamenta
1920 4424 2241 4488 divinitatis,
2270 4425 2396 4494 qui-

828 4520 931 4574 bus
960 4517 1206 4587 permisti
1243 4515 1538 4570 Christiani
1583 4516 1818 4585 sapiunt.
1844 4516 1916 4570 At
1956 4530 2087 4569 vero
2122 4515 2399 4584 corporeis

831 4610 1006 4663 oculis
1026 4609 1295 4662 occultata
1317 4616 1402 4661 est
1430 4607 1519 4660 illa
1543 4607 1741 4676 gloria;
1772 4607 1967 4661 animae
1987 4622 2118 4660 vero
2150 4606 2400 4661 credenti

831 4699 1119 4768 perspicue
1161 4696 1453 4758 revelatur,
1479 4711 1641 4764 quam
1678 4697 1941 4751 Dominus
1971 4708 2218 4751 necatam
2250 4696 2398 4751 exci-

832 4795 912 4840 tat
953 4801 983 4840 a
1028 4792 1274 4854 peccato,
1304 4784 1765 4853 quemadmodum
1814 4785 2044 4839 suscitat
2086 4792 2143 4836 et
2187 4790 2401 4835 mortua

834 4890 1096 4943 corpora;
1141 4873 1229 4927 cui
1275 4882 1544 4942 praeparat
1590 4873 1787 4928 cmlum
1834 4888 2056 4935 novum,
2100 4880 2157 4925 et
2204 4881 2401 4925 terram

834 4978 1053 5028 novam,
1087 4970 1143 5015 et
1168 4962 1338 5015 solem
1358 4960 1606 5031 iustitiae,
1637 4961 1725 5014 cui
1774 4960 2003 5029 largitur
2043 4959 2225 5012 omnia
2250 4974 2281 5013 e
2312 4958 2400 5011 di-

834 5054 1065 5107 vinitate
1102 5066 1221 5105 sua.
1250 5050 1370 5119 Ipse
1410 5060 1494 5103 est
1532 5051 1769 5103 mundus
1792 5064 1975 5113 verus,
2004 5058 2147 5103 terra
2189 5049 2399 5111 vivens,

833 5146 962 5200 vitis
981 5144 1286 5207 fructifera,
1316 5140 1471 5211 125
1493 5141 1648 5210 panis
1680 5140 1823 5205 vitae,
1860 5149 1915 5194 et
1944 5156 2084 5209 aqua
2102 5140 2311 5202 vivens,
2342 5148 2404 5191 ut

834 5233 1099 5300 scriptum
1133 5242 1249 5287 est:
1284 5232 1450 5285 Credo
1494 5232 1666 5285 videre
1712 5231 1849 5284 bona
1898 5229 2112 5283 Domini
2152 5230 2207 5282 in
2257 5236 2404 5281 terra

832 5324 1112 5377 viventium
1143 5324 1208 5378 “.
1241 5322 1310 5377 Et
1353 5338 1572 5376 rursum
1599 5340 1612 5375 :
1642 5321 1851 5376 Orietur
1894 5320 2189 5374 timentibus
2217 5320 2402 5373 Domi-

833 5429 961 5466 num
989 5410 1081 5465 Sol
1096 5413 1341 5482 justitite,
1372 5422 1421 5465 et
1450 5414 1651 5465 sanitas
1681 5413 1736 5465 in
1766 5411 1868 5465 alis
1890 5412 2001 5481 ejus
2027 5410 2092 5463 ".
2125 5410 2188 5464 Et
2218 5410 2402 5465 Domi-

833 5518 939 5558 nus
962 5518 1181 5573 quoque
1215 5504 1392 5573 inquit
1432 5522 1446 5559 :
1476 5502 1589 5573 Ego
1614 5518 1732 5557 sum
1776 5503 1892 5557 ritis
1934 5518 2059 5557 uera
2086 5500 2151 5555 "'.
2179 5500 2247 5556 Et
2278 5517 2401 5556 rur-

2493 3220 2794 3289 φαινόμενα
2840 3216 2949 3269 τῶν
3000 3211 3271 3281 ἀληθινῶν
3322 3210 3422 3278 τῆς
3474 3205 3654 3275 ψυχῆς
3702 3202 4070 3274 πραγμάτων.

2495 3313 2653 3363 Ἐστι
2705 3308 2814 3377 γὰρ
2865 3304 3018 3375 ποιρά
3066 3303 3159 3355 τὸν
3208 3301 3536 3369 φαινόμενον
3595 3296 3752 3356 ἀλλος
3787 3294 4074 3362 ἄνθρωπος

2492 3403 2642 3456 ἔνδον
2682 3418 2695 3433 ·
2747 3402 2839 3453 καὶ
2892 3396 3182 3466 ὀφθαλμοὶ,
3241 3393 3335 3453 οὒς
3382 3391 3691 3459 ἐτύφλωσεν
3723 3390 3750 3441 6
3782 3388 4071 3448 Σατανᾶς,

2494 3494 2588 3547 καὶ
2632 3486 2747 3545 ὦτα
2796 3490 2833 3544 ἃ
2883 3488 3175 3557 ὲκώφωσεν
3204 3528 3218 3547 ,
3254 3486 3351 3538 καὶ
3385 3480 3546 3554 ἦλθεν
3572 3484 3600 3535 6
3642 3480 3848 3550 Ἰησοῦς
3883 3480 4075 3531 τοῦτον

2493 3586 2585 3638 τὸν
2632 3584 2742 3637 ἔσω
2764 3582 3067 3652 -ἀνθρωπον
3102 3577 3230 3647 ὁγιῆ
3284 3577 3508 3643 ποιῆσαι
3535 3592 3549 3605 ·
3584 3567 3628 3640 ᾧ
3660 3576 3692 3643 ή
3733 3572 3860 3636 δόξα
3893 3571 3991 3624 καὶ
4016 3570 4076 3622 τὸ

2495 3680 2697 3749 κράτος
2754 3678 2851 3730 σὺν
2884 3674 3059 3744 “arpi
3089 3672 3185 3724 καὶ
3212 3670 3351 3739 ἁγίῳ
3381 3666 3660 3739 Πνεύματι
3688 3667 3770 3728 είς
3790 3667 3919 3727 τοὺς
3940 3662 4074 3718 αίῶ·

2499 3786 2616 3831 νας.
2642 3769 2836 3837 Ἀμήν.

3091 3872 3331 3928 ΟΜΙΛΙΔ
3348 3872 3468 3925 AA'.

2496 3988 2633 4056 Περὶ
2667 3986 2774 4053 τῆς
2796 3986 2915 4038 τῶν
2944 3983 3313 4056 Χριστιανῶν
3342 3982 3525 4047 δόξης
3551 4020 3580 4056 ,_
3620 3973 3796 4056 ἧς.τά
3828 3976 4076 4056 σώματα

2566 4044 2765 4113 αὐτῶν
2792 4058 2862 4108 ἐν
2893 4054 2968 4121 τῇ
2986 4044 3349 4108 ’ἀναστάσει
3365 4118 3376 4121 _
3394 4044 3929 4115 καταξιωθήσεται,
3974 4044 4075 4099 καὶ

2564 4129 2714 4199 μετὰ
2740 4124 2849 4190 τῆς
2876 4118 3085 4191 ψυχῆς
3114 4118 3577 4190 φωτισθήσεται.

2566 4234 2927 4303 Δ¹.⁹Ωσπεροί
2957 4232 3256 4301 σωματικοὶ
3282 4229 3553 4299 ὀφθαλμοὶ
3580 4226 3869 4299 τηλαυγῶς
3896 4226 4077 4278 πάντα

2502 4328 2814 4398 βλέπουσιν,
2845 4325 2988 4379 οὕτω
3015 4326 3109 4377 καὶ
3132 4327 3248 4386 ταῖς
3275 4324 3472 4391 ψυχαῖς
3497 4321 3605 4373 τῶν
3656 4320 3829 4387 ἀγίων
3866 4316 4079 4387 φανερὰ

2499 4415 2592 4467 καὶ
2623 4415 2793 4485 ὁρατά
2826 4415 2942 4465 ἐστι
2970 4414 3038 4466 τά
3061 4412 3232 4480 κάλλη
3256 4412 3352 4477 τῆς
3381 4409 3654 4479 θεότητος,
3681 4409 3760 4469 είς
3788 4406 3825 4461 ἀ
3851 4422 4080 4474 συγκιρ·

2502 4505 2701 4557 νῶνται
2731 4504 2822 4557 καὶ
2858 4502 3116 4571 φρονοῦσι
3155 4500 3491 4570 Χριστιανοί.
3534 4498 3692 4553 Ἀλλά
3726 4498 3839 4560 τοῖς
3884 4514 4077 4566 σωμα-

2499 4598 2669 4657 τικοῖς
2696 4594 2993 4662 ὀφθαλμοῖς
3018 4592 3355 4645 κεκάλυπται
3388 4593 3420 4659 ἠ
3448 4590 3574 4653 δόξα
3603 4588 3807 4656 ἐκείνη,
3828 4589 3895 4656 τῇ
3919 4586 4067 4655 ψυχῇ

2500 4683 2558 4735 δὲ
2587 4687 2652 4753 τῇ
2700 4681 3031 4750 πιστευούσῃ
3077 4680 3359 4749 τηλαυγῶς
3404 4676 3874 4737 ἀποκαλύπτεται,
3920 4673 3990 4742 ἢν
4050 4674 4080 4728 ό

2503 4774 2707 4844 Κύριος
2733 4774 3098 4843 νεκρωθεῖσαν
3125 4772 3321 4840 ἀνιστᾷ
3345 4770 3409 4821 ὲκ
3433 4769 3534 4837 τῆς
3567 4769 3862 4838 ἁμαρτίας,
3887 4767 4078 4835 ὥσπερ

2504 4866 2705 4933 ἐγείρει
2764 4866 2857 4919 καὶ
2924 4866 2993 4917 τά
3061 4863 3232 4931 νεκρά
3300 4858 3572 4929 σώματα,
3626 4859 3933 4928 ἑτοιμάζων
3982 4858 4080 4909 αύ-

2505 4960 2572 5027 τῇ
2618 4957 2845 5026 οὐρανὸν
2878 4956 3062 5007 καινὸν
3088 4996 3101 5015 .
3138 4954 3231 5006 καὶ
3259 4951 3364 5019 γῆν
3396 4950 3620 5020 καινὴν,
3671 4950 3767 5003 καὶ
3804 4950 3955 5018 ἥλιον
4000 4948 4083 5002 δι-

2508 5050 2817 5114 καιοσύνης,
2850 5046 3025 5107 διδοὺς
3069 5046 3205 5114 αὐτῇ
3239 5044 3415 5097 πάντα
3438 5042 3526 5093 ’ἐκ
3555 5041 3652 5111 τῆς
3686 5040 3852 5094 αὑτοῦ
3886 5039 4079 5108 θεότη-

2507 5155 2619 5200 τος.
2654 5139 2811 5191 Ἔστι
2836 5138 3039 5205 κόσμος
3074 5134 3322 5203 ἀληθινὸς
3345 5173 3359 5197 ,
3391 5133 3485 5185 καὶ
3526 5133 3596 5202 γῆ
3630 5131 3782 5194 ζῶσα
3807 5170 3822 5194 ,
3851 5130 3945 5183 καὶ
3979 5132 4079 5199 άμ-

2510 5229 2668 5290 πελος
2700 5228 3069 5297 καρποφόρος,
3102 5228 3195 5277 καὶ
3222 5225 3382 5294 ἄρτος
3414 5222 3580 5291 ζωῆς,
3616 5222 3710 5275 καὶ
3750 5220 3894 5289 ὕδωρ
3932 5220 4073 5282 ζῶν,

2508 5318 2689 5378 καθὼς
2739 5319 3083 5387 γέγραπται,
3138 5317 3405 5369 Πιστεύω
3451 5314 3558 5371 τοῦ
3609 5312 3755 5367 ἰδεῖν
3785 5315 3858 5366 τὰ
3887 5311 4077 5381 timori

2511 5412 2728 5477 Κυρίου
2759 5413 2827 5463 ἐν
2953 5408 3180 5469 ζώντων
3208 5424 3222 5440 ·
3276 5410 3369 5461 καὶ
3425 5407 3605 5469 πάλιν,
3634 5407 3932 5461 Ἀνατελεῖ
3954 5406 4076 5470 τοῖς

2511 5500 2905 5570 φοϐουμένοις
2926 5500 3033 5552 τὸν
3063 5498 3497 5565 ΚύριονἽιλιος
3516 5497 3931 5561 δικαιοσύνης,
3980 5494 4079 5548 καί

906 5686 950 5716 ⁹¹
975 5685 1077 5739 lsa.
1110 5702 1292 5743 xxxiv.
1324 5686 1407 5739 14.
1448 5687 1491 5716 ’³
1525 5684 1660 5739 Luc.
1693 5697 1839 5747 mu,
1872 5682 1921 5749 Ι,
1952 5684 2001 5737 7.
2058 5682 2102 5713 “
2129 5682 2328 5750 Ephes.
2353 5696 2403 5746 ν,
2437 5679 2529 5746 26,
2555 5679 2597 5733 ἲ

2378 5696 2403 5746 ν,
2437 5679 2529 5746 26,
2555 5679 2645 5734 27.
2708 5680 2756 5711 ³⁸
2784 5674 2929 5735 Psal.
2956 5693 3099 5739 ιινι.
3117 5677 3207 5731 26.
3285 5677 3329 5708 "
3354 5675 3583 5731 Malach.
3613 5688 3686 5737 tv,
3710 5674 3762 5729 2.
3834 5674 3879 5705 "
3915 5672 4069 5728 Joan.

836 5770 923 5820 xv,
952 5756 1012 5820 i;
1069 5768 1138 5818 γι,
1163 5756 1249 5808 48.
