  <div class='ocr_page' id='page_1' title='image "/cluster/home/n/w/nwhite01/storage/ocr_20150623/34/nnc1.0046978860/382.png"; bbox 0 0 4282 6364; ppageno 0'>
   <div class='ocr_carea' id='block_1_1' title="bbox 238 368 353 431">
    <p class='ocr_par' dir='ltr' id='par_1_1' title="bbox 238 368 353 431">
     <span class='ocr_line' id='line_1_1' title="bbox 238 368 353 431; baseline 0.035 -4"><span class='ocrx_word' id='word_1_1' title='bbox 238 368 353 431; x_wconf 76' lang='grc'><strong>’145</strong></span> 
     </span>
    </p>
   </div>
   <div class='ocr_carea' id='block_1_2' title="bbox 1386 386 2357 455">
    <p class='ocr_par' dir='ltr' id='par_1_2' title="bbox 1386 386 2357 455">
     <span class='ocr_line' id='line_1_2' title="bbox 1386 386 2357 455; baseline 0.009 -9"><span class='ocrx_word' id='word_1_2' title='bbox 1386 386 1754 451; x_wconf 72' lang='grc' dir='ltr'><strong>ΗΟΜΙΙᾸᾹΞ.</strong></span> <span class='ocrx_word' id='word_1_3' title='bbox 1780 412 1847 423; x_wconf 92' lang='grc'><strong><em>-</em></strong></span> <span class='ocrx_word' id='word_1_4' title='bbox 1868 389 2056 453; x_wconf 80' lang='grc' dir='ltr'><strong>ΗΟΜ.</strong></span> <span class='ocrx_word' id='word_1_5' title='bbox 2096 394 2357 455; x_wconf 72' lang='lat' dir='ltr'><strong>XXXIV.</strong></span> 
     </span>
    </p>
   </div>
   <div class='ocr_carea' id='block_1_3' title="bbox 3391 404 3497 467">
    <p class='ocr_par' dir='ltr' id='par_1_3' title="bbox 3391 404 3497 467">
     <span class='ocr_line' id='line_1_3' title="bbox 3391 404 3497 467; baseline 0.019 -2"><span class='ocrx_word' id='word_1_6' title='bbox 3391 404 3497 467; x_wconf 72' lang='grc'><strong>’746</strong></span> 
     </span>
    </p>
   </div>
   <div class='ocr_carea' id='block_1_4' title="bbox 241 485 1932 582">
    <p class='ocr_par' dir='ltr' id='par_1_4' title="bbox 241 485 1932 570">
     <span class='ocr_line' id='line_1_4' title="bbox 241 485 1932 570; baseline 0.012 -36"><span class='ocrx_word' id='word_1_7' title='bbox 241 485 413 547; x_wconf 69' lang='lat' dir='ltr'><strong>(adu:</strong></span> <span class='ocrx_word' id='word_1_8' title='bbox 434 485 504 538; x_wconf 80' lang='grc' dir='ltr'><strong>ἐν</strong></span> <span class='ocrx_word' id='word_1_9' title='bbox 524 487 655 553; x_wconf 82' lang='grc' dir='ltr'><strong>ταῖς</strong></span> <span class='ocrx_word' id='word_1_10' title='bbox 677 491 963 557; x_wconf 78' lang='grc' dir='ltr'><strong>πτέρυξιν</strong></span> <span class='ocrx_word' id='word_1_11' title='bbox 982 496 1191 550; x_wconf 82' lang='grc' dir='ltr'><strong>αὐτοῦ.</strong></span> <span class='ocrx_word' id='word_1_12' title='bbox 1217 498 1328 552; x_wconf 65' lang='grc' dir='ltr'><strong>Καὶ</strong></span> <span class='ocrx_word' id='word_1_13' title='bbox 1360 500 1389 551; x_wconf 79' lang='grc' dir='ltr'>ὁ</span> <span class='ocrx_word' id='word_1_14' title='bbox 1427 501 1628 570; x_wconf 83' lang='grc' dir='ltr'><strong>Κύριος</strong></span> <span class='ocrx_word' id='word_1_15' title='bbox 1652 498 1825 566; x_wconf 81' lang='grc' dir='ltr'><strong>εῐπιν,</strong></span> <span class='ocrx_word' id='word_1_16' title='bbox 1852 500 1903 561; x_wconf 79' lang='grc' dir='ltr'><strong>Α</strong></span> <span class='ocrx_word' id='word_1_17' title='bbox 1928 522 1932 554; x_wconf 84' lang='lat'><strong>:</strong></span> 
     </span>
    </p>
   </div>
   <div class='ocr_carea' id='block_1_5' title="bbox 1802 485 3493 582">
    <p class='ocr_par' dir='ltr' id='par_1_5' title="bbox 1802 500 3493 582">
     <span class='ocr_line' id='line_1_5' title="bbox 1802 500 3493 582; baseline 0.007 -21"><span class='ocrx_word' id='word_1_18' title='bbox 1802 522 1825 566; x_wconf 76' lang='lat'><strong>&#39;.</strong></span> <span class='ocrx_word' id='word_1_19' title='bbox 1852 500 1903 561; x_wconf 79' lang='grc' dir='ltr'><strong>Α</strong></span> <span class='ocrx_word' id='word_1_20' title='bbox 1928 517 2049 557; x_wconf 92' lang='lat' dir='ltr'><strong>sum</strong></span> <span class='ocrx_word' id='word_1_21' title='bbox 2077 519 2090 556; x_wconf 89' lang='lat'><strong>:</strong></span> <span class='ocrx_word' id='word_1_22' title='bbox 2120 506 2232 576; x_wconf 82' lang='lat' dir='ltr'><strong>Ego</strong></span> <span class='ocrx_word' id='word_1_23' title='bbox 2257 525 2375 562; x_wconf 71' lang='lat' dir='ltr'><strong>sum</strong></span> <span class='ocrx_word' id='word_1_24' title='bbox 2416 511 2571 578; x_wconf 70' lang='lat' dir='ltr'><strong>panis</strong></span> <span class='ocrx_word' id='word_1_25' title='bbox 2606 513 2751 575; x_wconf 64' lang='lat' dir='ltr'><strong>vita;</strong></span> <span class='ocrx_word' id='word_1_26' title='bbox 2793 519 2848 567; x_wconf 87' lang='lat' dir='ltr'><strong>et</strong></span> <span class='ocrx_word' id='word_1_27' title='bbox 2888 528 3105 569; x_wconf 83' lang='lat' dir='ltr'><strong>rursum</strong></span> <span class='ocrx_word' id='word_1_28' title='bbox 3138 516 3284 582; x_wconf 71' lang='grc' dir='ltr'><strong>ιριιὶ</strong></span> <span class='ocrx_word' id='word_1_29' title='bbox 3308 518 3493 575; x_wconf 78' lang='lat' dir='ltr'><strong>biberit</strong></span> 
     </span>
    </p>
   </div>
   <div class='ocr_carea' id='block_1_6' title="bbox 250 573 1821 663">
    <p class='ocr_par' dir='ltr' id='par_1_6' title="bbox 250 573 1821 663">
     <span class='ocr_line' id='line_1_6' title="bbox 250 573 1821 663; baseline 0.016 -38"><span class='ocrx_word' id='word_1_30' title='bbox 250 573 398 643; x_wconf 75' lang='grc' dir='ltr'><strong>Ἐγώ</strong></span> <span class='ocrx_word' id='word_1_31' title='bbox 434 580 549 645; x_wconf 76' lang='grc' dir='ltr'><strong>εἰμι</strong></span> <span class='ocrx_word' id='word_1_32' title='bbox 576 580 615 646; x_wconf 80' lang='grc' dir='ltr'><strong><em>ἠ</em></strong></span> <span class='ocrx_word' id='word_1_33' title='bbox 649 582 917 650; x_wconf 73' lang='grc' dir='ltr'><strong>ἄμπελος</strong></span> <span class='ocrx_word' id='word_1_34' title='bbox 942 587 979 654; x_wconf 77' lang='grc' dir='ltr'><strong><em>ἠ</em></strong></span> <span class='ocrx_word' id='word_1_35' title='bbox 1008 587 1286 657; x_wconf 73' lang='grc' dir='ltr'><strong>ἀληθινή.</strong></span> <span class='ocrx_word' id='word_1_36' title='bbox 1326 594 1434 646; x_wconf 74' lang='grc' dir='ltr'><strong>Καὶ</strong></span> <span class='ocrx_word' id='word_1_37' title='bbox 1459 595 1639 659; x_wconf 83' lang='grc' dir='ltr'><strong>πάλιν,</strong></span> <span class='ocrx_word' id='word_1_38' title='bbox 1676 593 1821 663; x_wconf 75' lang='grc' dir='ltr'><strong>Ἐγώ</strong></span> 
     </span>
    </p>
   </div>
   <div class='ocr_carea' id='block_1_7' title="bbox 236 668 1819 749">
    <p class='ocr_par' dir='ltr' id='par_1_7' title="bbox 236 668 1819 749">
     <span class='ocr_line' id='line_1_7' title="bbox 236 668 1819 749; baseline 0.015 -32"><span class='ocrx_word' id='word_1_39' title='bbox 236 668 363 734; x_wconf 78' lang='grc' dir='ltr'><strong>ειμι</strong></span> <span class='ocrx_word' id='word_1_40' title='bbox 392 670 426 720; x_wconf 83' lang='grc' dir='ltr'><em>ὁ</em></span> <span class='ocrx_word' id='word_1_41' title='bbox 450 670 628 737; x_wconf 75' lang='grc' dir='ltr'><strong>ἄρτος</strong></span> <span class='ocrx_word' id='word_1_42' title='bbox 654 671 764 739; x_wconf 83' lang='grc' dir='ltr'><strong>τῆς</strong></span> <span class='ocrx_word' id='word_1_43' title='bbox 788 673 955 743; x_wconf 77' lang='grc' dir='ltr'><strong>ζωῆς.</strong></span> <span class='ocrx_word' id='word_1_44' title='bbox 993 679 1105 731; x_wconf 76' lang='grc' dir='ltr'><strong>Καὶ</strong></span> <span class='ocrx_word' id='word_1_45' title='bbox 1152 682 1312 735; x_wconf 79' lang='grc' dir='ltr'><strong>πάλιν</strong></span> <span class='ocrx_word' id='word_1_46' title='bbox 1338 724 1354 749; x_wconf 91' lang='grc'><strong>,</strong></span> <span class='ocrx_word' id='word_1_47' title='bbox 1397 683 1461 737; x_wconf 86' lang='lat'><strong>&#39;0</strong></span> <span class='ocrx_word' id='word_1_48' title='bbox 1505 687 1698 738; x_wconf 77' lang='grc' dir='ltr'><strong>πίνων</strong></span> <span class='ocrx_word' id='word_1_49' title='bbox 1748 686 1819 739; x_wconf 77' lang='grc' dir='ltr'><strong>ἐκ</strong></span> 
     </span>
    </p>
   </div>
   <div class='ocr_carea' id='block_1_8' title="bbox 238 758 1815 844">
    <p class='ocr_par' dir='ltr' id='par_1_8' title="bbox 238 758 1815 844">
     <span class='ocr_line' id='line_1_8' title="bbox 238 758 1815 844; baseline 0.016 -36"><span class='ocrx_word' id='word_1_50' title='bbox 238 758 351 810; x_wconf 86' lang='grc' dir='ltr'><strong>τοῦ</strong></span> <span class='ocrx_word' id='word_1_51' title='bbox 374 760 593 825; x_wconf 84' lang='grc' dir='ltr'><strong>ὕδατος</strong></span> <span class='ocrx_word' id='word_1_52' title='bbox 620 759 694 819; x_wconf 85' lang='grc' dir='ltr'><strong>οὗ</strong></span> <span class='ocrx_word' id='word_1_53' title='bbox 716 764 831 834; x_wconf 71' lang='grc' dir='ltr'><strong>ἐγὼ</strong></span> <span class='ocrx_word' id='word_1_54' title='bbox 868 766 1040 822; x_wconf 85' lang='grc' dir='ltr'><strong>δώσω</strong></span> <span class='ocrx_word' id='word_1_55' title='bbox 1067 772 1246 838; x_wconf 81' lang='grc' dir='ltr'><strong>αὐτῷ,</strong></span> <span class='ocrx_word' id='word_1_56' title='bbox 1277 775 1598 844; x_wconf 75' lang='grc' dir='ltr'><strong>γενήσεται</strong></span> <span class='ocrx_word' id='word_1_57' title='bbox 1616 778 1686 831; x_wconf 80' lang='grc' dir='ltr'><strong>ἐν</strong></span> <span class='ocrx_word' id='word_1_58' title='bbox 1710 780 1815 833; x_wconf 86' lang='grc' dir='ltr'><strong>αὺ-</strong></span> 
     </span>
    </p>
   </div>
   <div class='ocr_carea' id='block_1_9' title="bbox 238 849 1737 931">
    <p class='ocr_par' dir='ltr' id='par_1_9' title="bbox 238 849 1737 931">
     <span class='ocr_line' id='line_1_9' title="bbox 238 849 1737 931; baseline 0.015 -33"><span class='ocrx_word' id='word_1_59' title='bbox 238 849 323 910; x_wconf 81' lang='grc' dir='ltr'><em>τῴ</em></span> <span class='ocrx_word' id='word_1_60' title='bbox 361 852 524 919; x_wconf 70' lang='grc' dir='ltr'><strong>πηγὴ</strong></span> <span class='ocrx_word' id='word_1_61' title='bbox 564 852 783 920; x_wconf 84' lang='grc' dir='ltr'><strong>ὕδατος</strong></span> <span class='ocrx_word' id='word_1_62' title='bbox 818 857 1160 926; x_wconf 74' lang='grc' dir='ltr'><strong>ἁλλομένου</strong></span> <span class='ocrx_word' id='word_1_63' title='bbox 1181 864 1270 929; x_wconf 67' lang='grc' dir='ltr'><strong>εἰς</strong></span> <span class='ocrx_word' id='word_1_64' title='bbox 1297 862 1449 931; x_wconf 79' lang='grc' dir='ltr'><strong>ζωὴν</strong></span> <span class='ocrx_word' id='word_1_65' title='bbox 1478 866 1737 922; x_wconf 67' lang='grc' dir='ltr'><strong>αἰώνιον.</strong></span> 
     </span>
    </p>
   </div>
   <div class='ocr_carea' id='block_1_10' title="bbox 316 940 1820 1022">
    <p class='ocr_par' dir='ltr' id='par_1_10' title="bbox 316 940 1820 1022">
     <span class='ocr_line' id='line_1_10' title="bbox 316 940 1820 1022; baseline 0.013 -31"><span class='ocrx_word' id='word_1_66' title='bbox 316 940 392 992; x_wconf 85' lang='grc' dir='ltr'><strong>Β’.</strong></span> <span class='ocrx_word' id='word_1_67' title='bbox 436 942 500 994; x_wconf 80' lang='grc' dir='ltr'><strong>Ἦ</strong></span> <span class='ocrx_word' id='word_1_68' title='bbox 542 944 652 1013; x_wconf 82' lang='grc' dir='ltr'><strong>γὰρ</strong></span> <span class='ocrx_word' id='word_1_69' title='bbox 679 944 890 1008; x_wconf 75' lang='grc' dir='ltr'><strong>ἔλευσις</strong></span> <span class='ocrx_word' id='word_1_70' title='bbox 931 950 1024 1002; x_wconf 82' lang='grc' dir='ltr'><strong>τοῦ</strong></span> <span class='ocrx_word' id='word_1_71' title='bbox 1074 952 1280 1022; x_wconf 78' lang='grc' dir='ltr'><strong>Κυρίου</strong></span> <span class='ocrx_word' id='word_1_72' title='bbox 1310 959 1459 1009; x_wconf 80' lang='grc' dir='ltr'><strong>πᾶσα</strong></span> <span class='ocrx_word' id='word_1_73' title='bbox 1491 956 1579 1011; x_wconf 87' lang='grc' dir='ltr'><strong>διά</strong></span> <span class='ocrx_word' id='word_1_74' title='bbox 1606 958 1698 1011; x_wconf 82' lang='grc' dir='ltr'><strong>τὸν</strong></span> <span class='ocrx_word' id='word_1_75' title='bbox 1728 958 1820 1014; x_wconf 77' lang='grc' dir='ltr'><strong>ἄν-</strong></span> 
     </span>
    </p>
   </div>
   <div class='ocr_carea' id='block_1_11' title="bbox 244 1028 1821 1118">
    <p class='ocr_par' dir='ltr' id='par_1_11' title="bbox 244 1028 1821 1118">
     <span class='ocr_line' id='line_1_11' title="bbox 244 1028 1821 1118; baseline 0.015 -38"><span class='ocrx_word' id='word_1_76' title='bbox 244 1028 466 1097; x_wconf 80' lang='grc' dir='ltr'><strong>θρωπον</strong></span> <span class='ocrx_word' id='word_1_77' title='bbox 496 1035 810 1106; x_wconf 85' lang='grc' dir='ltr'><strong>γεγένηται,</strong></span> <span class='ocrx_word' id='word_1_78' title='bbox 842 1040 932 1092; x_wconf 85' lang='grc' dir='ltr'><strong>τὸν</strong></span> <span class='ocrx_word' id='word_1_79' title='bbox 959 1042 1404 1114; x_wconf 81' lang='grc' dir='ltr'><strong>τεθανατωμένον</strong></span> <span class='ocrx_word' id='word_1_80' title='bbox 1427 1048 1487 1099; x_wconf 78' lang='grc' dir='ltr'><strong>ἐν</strong></span> <span class='ocrx_word' id='word_1_81' title='bbox 1510 1048 1666 1118; x_wconf 82' lang='grc' dir='ltr'><strong>τάφῳ</strong></span> <span class='ocrx_word' id='word_1_82' title='bbox 1699 1051 1821 1103; x_wconf 84' lang='grc' dir='ltr'><strong>σκό-</strong></span> 
     </span>
    </p>
   </div>
   <div class='ocr_carea' id='block_1_12' title="bbox 242 1123 1816 1208">
    <p class='ocr_par' dir='ltr' id='par_1_12' title="bbox 242 1123 1816 1208">
     <span class='ocr_line' id='line_1_12' title="bbox 242 1123 1816 1208; baseline 0.017 -38"><span class='ocrx_word' id='word_1_83' title='bbox 242 1136 391 1183; x_wconf 87' lang='grc' dir='ltr'><strong>τους,</strong></span> <span class='ocrx_word' id='word_1_84' title='bbox 444 1123 739 1193; x_wconf 82' lang='grc' dir='ltr'><strong>ἀμαρτίας,</strong></span> <span class='ocrx_word' id='word_1_85' title='bbox 792 1130 1099 1200; x_wconf 81' lang='grc' dir='ltr'><strong>πνεύματος</strong></span> <span class='ocrx_word' id='word_1_86' title='bbox 1149 1135 1479 1208; x_wconf 84' lang='grc' dir='ltr'><strong>ἀκαθάρτου,</strong></span> <span class='ocrx_word' id='word_1_87' title='bbox 1526 1141 1622 1194; x_wconf 78' lang='grc' dir='ltr'><strong>καὶ</strong></span> <span class='ocrx_word' id='word_1_88' title='bbox 1654 1142 1816 1196; x_wconf 87' lang='grc' dir='ltr'><strong>δυνά-</strong></span> 
     </span>
    </p>
   </div>
   <div class='ocr_carea' id='block_1_13' title="bbox 248 1216 1818 1307">
    <p class='ocr_par' dir='ltr' id='par_1_13' title="bbox 248 1216 1818 1307">
     <span class='ocr_line' id='line_1_13' title="bbox 248 1216 1818 1307; baseline 0.017 -46"><span class='ocrx_word' id='word_1_89' title='bbox 248 1229 396 1279; x_wconf 86' lang='grc' dir='ltr'><strong>μεων</strong></span> <span class='ocrx_word' id='word_1_90' title='bbox 431 1216 699 1285; x_wconf 83' lang='grc' dir='ltr'><strong>πονηρῶν,</strong></span> <span class='ocrx_word' id='word_1_91' title='bbox 731 1218 816 1272; x_wconf 82' lang='grc' dir='ltr'><strong>ῐνα</strong></span> <span class='ocrx_word' id='word_1_92' title='bbox 838 1224 894 1273; x_wconf 76' lang='grc' dir='ltr'><strong>ἐν</strong></span> <span class='ocrx_word' id='word_1_93' title='bbox 919 1223 996 1293; x_wconf 87' lang='grc' dir='ltr'><strong>τῷ</strong></span> <span class='ocrx_word' id='word_1_94' title='bbox 1025 1225 1179 1279; x_wconf 81' lang='grc' dir='ltr'><strong>αῖῶνι</strong></span> <span class='ocrx_word' id='word_1_95' title='bbox 1214 1228 1387 1300; x_wconf 79' lang='grc' dir='ltr'><strong>τούτῳ</strong></span> <span class='ocrx_word' id='word_1_96' title='bbox 1411 1230 1505 1283; x_wconf 82' lang='grc' dir='ltr'><strong>νῦν</strong></span> <span class='ocrx_word' id='word_1_97' title='bbox 1539 1234 1818 1307; x_wconf 80' lang='grc' dir='ltr'><strong>ἀναστήσῃ</strong></span> 
     </span>
    </p>
   </div>
   <div class='ocr_carea' id='block_1_14' title="bbox 243 1302 1817 1394">
    <p class='ocr_par' dir='ltr' id='par_1_14' title="bbox 243 1302 1817 1394">
     <span class='ocr_line' id='line_1_14' title="bbox 243 1302 1817 1394; baseline 0.015 -41"><span class='ocrx_word' id='word_1_98' title='bbox 243 1303 341 1354; x_wconf 75' lang='grc' dir='ltr'><strong>καὶ</strong></span> <span class='ocrx_word' id='word_1_99' title='bbox 370 1302 680 1379; x_wconf 81' lang='grc' dir='ltr'><strong>ζωοποιήσῃ</strong></span> <span class='ocrx_word' id='word_1_100' title='bbox 713 1309 805 1362; x_wconf 81' lang='grc' dir='ltr'><strong>τὸν</strong></span> <span class='ocrx_word' id='word_1_101' title='bbox 825 1311 1130 1383; x_wconf 80' lang='grc' dir='ltr'><strong>ἄνθρωπον,</strong></span> <span class='ocrx_word' id='word_1_102' title='bbox 1167 1319 1260 1371; x_wconf 82' lang='grc' dir='ltr'><strong>καὶ</strong></span> <span class='ocrx_word' id='word_1_103' title='bbox 1282 1322 1553 1394; x_wconf 79' lang='grc' dir='ltr'><strong>καθαρίσῃ</strong></span> <span class='ocrx_word' id='word_1_104' title='bbox 1581 1324 1687 1376; x_wconf 80' lang='grc' dir='ltr'><strong>ἀπὸ</strong></span> <span class='ocrx_word' id='word_1_105' title='bbox 1708 1302 1817 1377; x_wconf 48' lang='grc' dir='ltr'><strong>πάξ</strong></span> 
     </span>
    </p>
   </div>
   <div class='ocr_carea' id='block_1_15' title="bbox 247 1394 1819 1479">
    <p class='ocr_par' dir='ltr' id='par_1_15' title="bbox 247 1394 1819 1479">
     <span class='ocr_line' id='line_1_15' title="bbox 247 1394 1819 1479; baseline 0.017 -38"><span class='ocrx_word' id='word_1_106' title='bbox 247 1407 348 1459; x_wconf 85' lang='grc' dir='ltr'><strong>σης</strong></span> <span class='ocrx_word' id='word_1_107' title='bbox 381 1394 660 1461; x_wconf 77' lang='grc' dir='ltr'><strong>μελανίας,</strong></span> <span class='ocrx_word' id='word_1_108' title='bbox 706 1399 802 1451; x_wconf 77' lang='grc' dir='ltr'><strong>καὶ</strong></span> <span class='ocrx_word' id='word_1_109' title='bbox 849 1403 1057 1473; x_wconf 81' lang='grc' dir='ltr'><strong>φωτῖσῃ</strong></span> <span class='ocrx_word' id='word_1_110' title='bbox 1088 1406 1249 1459; x_wconf 86' lang='grc' dir='ltr'><strong>αὑτὸν</strong></span> <span class='ocrx_word' id='word_1_111' title='bbox 1273 1408 1349 1479; x_wconf 82' lang='grc' dir='ltr'><strong>τῷ</strong></span> <span class='ocrx_word' id='word_1_112' title='bbox 1387 1410 1499 1479; x_wconf 73' lang='grc' dir='ltr'><strong>ἰδίῳ</strong></span> <span class='ocrx_word' id='word_1_113' title='bbox 1529 1412 1685 1479; x_wconf 76' lang='grc' dir='ltr'><strong>φωτὶ,</strong></span> <span class='ocrx_word' id='word_1_114' title='bbox 1724 1414 1819 1468; x_wconf 74' lang='grc' dir='ltr'><strong>καὶ</strong></span> 
     </span>
    </p>
   </div>
   <div class='ocr_carea' id='block_1_16' title="bbox 244 1483 1819 1573">
    <p class='ocr_par' dir='ltr' id='par_1_16' title="bbox 244 1483 1819 1573">
     <span class='ocr_line' id='line_1_16' title="bbox 244 1483 1819 1573; baseline 0.017 -42"><span class='ocrx_word' id='word_1_115' title='bbox 244 1483 499 1555; x_wconf 63' lang='grc' dir='ltr'><strong>ἀμφιάσῃ</strong></span> <span class='ocrx_word' id='word_1_116' title='bbox 533 1488 695 1540; x_wconf 78' lang='grc' dir='ltr'><strong>αὐτὸν</strong></span> <span class='ocrx_word' id='word_1_117' title='bbox 727 1492 794 1544; x_wconf 74' lang='grc' dir='ltr'><strong>τὰ</strong></span> <span class='ocrx_word' id='word_1_118' title='bbox 824 1493 1017 1547; x_wconf 87' lang='grc' dir='ltr'><strong>ἐαυτοῦ</strong></span> <span class='ocrx_word' id='word_1_119' title='bbox 1048 1495 1317 1567; x_wconf 75' lang='grc' dir='ltr'><strong>ἐνδύματα</strong></span> <span class='ocrx_word' id='word_1_120' title='bbox 1343 1500 1442 1569; x_wconf 83' lang='grc' dir='ltr'><strong>τῆς</strong></span> <span class='ocrx_word' id='word_1_121' title='bbox 1471 1500 1723 1573; x_wconf 86' lang='grc' dir='ltr'><strong>Θεότητος</strong></span> <span class='ocrx_word' id='word_1_122' title='bbox 1749 1504 1819 1557; x_wconf 85' lang='grc' dir='ltr'><strong>τά</strong></span> 
     </span>
    </p>
   </div>
   <div class='ocr_carea' id='block_1_17' title="bbox 243 1573 1818 1661">
    <p class='ocr_par' dir='ltr' id='par_1_17' title="bbox 243 1573 1818 1661">
     <span class='ocr_line' id='line_1_17' title="bbox 243 1573 1818 1661; baseline 0.018 -41"><span class='ocrx_word' id='word_1_123' title='bbox 243 1573 492 1640; x_wconf 67' lang='grc' dir='ltr'><strong>οὐράνια.</strong></span> <span class='ocrx_word' id='word_1_124' title='bbox 540 1576 627 1629; x_wconf 85' lang='grc' dir='ltr'><strong>Ἐν</strong></span> <span class='ocrx_word' id='word_1_125' title='bbox 680 1579 737 1632; x_wconf 81' lang='grc' dir='ltr'><strong>δὲ</strong></span> <span class='ocrx_word' id='word_1_126' title='bbox 790 1586 855 1653; x_wconf 77' lang='grc' dir='ltr'><strong>τῇ</strong></span> <span class='ocrx_word' id='word_1_127' title='bbox 912 1587 1209 1641; x_wconf 81' lang='grc' dir='ltr'><strong>ἀναστάσει</strong></span> <span class='ocrx_word' id='word_1_128' title='bbox 1254 1589 1362 1642; x_wconf 86' lang='grc' dir='ltr'><strong>τῶν</strong></span> <span class='ocrx_word' id='word_1_129' title='bbox 1398 1593 1685 1661; x_wconf 80' lang='grc' dir='ltr'><strong>σωμάτων,</strong></span> <span class='ocrx_word' id='word_1_130' title='bbox 1743 1590 1818 1649; x_wconf 84' lang='grc' dir='ltr'><strong>ῶν</strong></span> 
     </span>
    </p>
   </div>
   <div class='ocr_carea' id='block_1_18' title="bbox 246 1665 1818 1752">
    <p class='ocr_par' dir='ltr' id='par_1_18' title="bbox 246 1665 1818 1752">
     <span class='ocr_line' id='line_1_18' title="bbox 246 1665 1818 1752; baseline 0.019 -42"><span class='ocrx_word' id='word_1_131' title='bbox 246 1665 657 1752; x_wconf 76' lang='grc' dir='ltr'><strong>προανὲστησαν</strong></span> <span class='ocrx_word' id='word_1_132' title='bbox 680 1674 773 1723; x_wconf 77' lang='grc' dir='ltr'><strong>καὶ</strong></span> <span class='ocrx_word' id='word_1_133' title='bbox 800 1675 1272 1747; x_wconf 82' lang='grc' dir='ltr'><strong>προεδοξάσθησαν</strong></span> <span class='ocrx_word' id='word_1_134' title='bbox 1291 1682 1554 1752; x_wconf 67' lang='grc' dir='ltr'><strong>αῖψυχαὶ,</strong></span> <span class='ocrx_word' id='word_1_135' title='bbox 1579 1686 1698 1738; x_wconf 82' lang='grc' dir='ltr'><strong>τότε</strong></span> <span class='ocrx_word' id='word_1_136' title='bbox 1724 1686 1818 1739; x_wconf 72' lang='grc' dir='ltr'><strong>καὶ</strong></span> 
     </span>
    </p>
   </div>
   <div class='ocr_carea' id='block_1_19' title="bbox 243 1750 1817 1846">
    <p class='ocr_par' dir='ltr' id='par_1_19' title="bbox 243 1750 1817 1846">
     <span class='ocr_line' id='line_1_19' title="bbox 243 1750 1817 1846; baseline 0.019 -45"><span class='ocrx_word' id='word_1_137' title='bbox 243 1750 310 1802; x_wconf 86' lang='grc' dir='ltr'><strong>τά</strong></span> <span class='ocrx_word' id='word_1_138' title='bbox 358 1754 590 1821; x_wconf 85' lang='grc' dir='ltr'><strong>σώματα</strong></span> <span class='ocrx_word' id='word_1_139' title='bbox 644 1760 1074 1831; x_wconf 82' lang='grc' dir='ltr'><strong>συνδοξάζονται,</strong></span> <span class='ocrx_word' id='word_1_140' title='bbox 1108 1771 1199 1822; x_wconf 81' lang='grc' dir='ltr'><strong>καὶ</strong></span> <span class='ocrx_word' id='word_1_141' title='bbox 1241 1750 1562 1838; x_wconf 74' lang='grc' dir='ltr'><strong>φωτίζονται</strong></span> <span class='ocrx_word' id='word_1_142' title='bbox 1596 1779 1661 1846; x_wconf 81' lang='grc' dir='ltr'><strong>τῇ</strong></span> <span class='ocrx_word' id='word_1_143' title='bbox 1710 1778 1817 1831; x_wconf 79' lang='grc' dir='ltr'><strong>ἀπὸ</strong></span> 
     </span>
    </p>
   </div>
   <div class='ocr_carea' id='block_1_20' title="bbox 1927 595 3495 681">
    <p class='ocr_par' dir='ltr' id='par_1_20' title="bbox 1927 595 3495 681">
     <span class='ocr_line' id='line_1_20' title="bbox 1927 595 3495 681; baseline 0.013 -36"><span class='ocrx_word' id='word_1_144' title='bbox 1927 608 1992 645; x_wconf 77' lang='lat' dir='ltr'><strong>ea:</strong></span> <span class='ocrx_word' id='word_1_145' title='bbox 2025 595 2122 647; x_wconf 80' lang='lat' dir='ltr'><strong>hac</strong></span> <span class='ocrx_word' id='word_1_146' title='bbox 2145 613 2308 665; x_wconf 80' lang='lat' dir='ltr'><strong>aqua,</strong></span> <span class='ocrx_word' id='word_1_147' title='bbox 2338 615 2499 668; x_wconf 83' lang='lat' dir='ltr'><strong>quam</strong></span> <span class='ocrx_word' id='word_1_148' title='bbox 2524 615 2615 669; x_wconf 83' lang='lat' dir='ltr'><strong>ego</strong></span> <span class='ocrx_word' id='word_1_149' title='bbox 2645 602 2778 655; x_wconf 86' lang='lat' dir='ltr'><strong>dabo</strong></span> <span class='ocrx_word' id='word_1_150' title='bbox 2803 604 2871 667; x_wconf 80' lang='lat' dir='ltr'><strong>ei,</strong></span> <span class='ocrx_word' id='word_1_151' title='bbox 2900 602 2994 672; x_wconf 74' lang='lat' dir='ltr'><strong>ﬁet</strong></span> <span class='ocrx_word' id='word_1_152' title='bbox 3024 606 3081 659; x_wconf 72' lang='lat' dir='ltr'><strong>in</strong></span> <span class='ocrx_word' id='word_1_153' title='bbox 3103 620 3163 660; x_wconf 79' lang='lat' dir='ltr'><strong>eo</strong></span> <span class='ocrx_word' id='word_1_154' title='bbox 3194 607 3309 676; x_wconf 74' lang='lat' dir='ltr'><strong>fons</strong></span> <span class='ocrx_word' id='word_1_155' title='bbox 3338 624 3495 681; x_wconf 64' lang='lat' dir='ltr'><strong>aqua</strong></span> 
     </span>
    </p>
   </div>
   <div class='ocr_carea' id='block_1_21' title="bbox 1924 684 2803 748">
    <p class='ocr_par' dir='ltr' id='par_1_21' title="bbox 1924 684 2803 748">
     <span class='ocr_line' id='line_1_21' title="bbox 1924 684 2803 748; baseline 0.014 -12"><span class='ocrx_word' id='word_1_156' title='bbox 1924 684 2161 739; x_wconf 71' lang='lat' dir='ltr'><strong>salientis</strong></span> <span class='ocrx_word' id='word_1_157' title='bbox 2185 688 2242 740; x_wconf 81' lang='lat' dir='ltr'><strong>in</strong></span> <span class='ocrx_word' id='word_1_158' title='bbox 2269 690 2432 743; x_wconf 82' lang='lat' dir='ltr'><strong>vitam</strong></span> <span class='ocrx_word' id='word_1_159' title='bbox 2452 699 2707 745; x_wconf 69' lang='lat' dir='ltr'><strong>ater-nam</strong></span> <span class='ocrx_word' id='word_1_160' title='bbox 2738 694 2803 748; x_wconf 79' lang='grc'><strong>³⁸.</strong></span> 
     </span>
    </p>
   </div>
   <div class='ocr_carea' id='block_1_22' title="bbox 1995 950 3488 1037">
    <p class='ocr_par' dir='ltr' id='par_1_22' title="bbox 1995 950 3488 1037">
     <span class='ocr_line' id='line_1_22' title="bbox 1995 950 3488 1037; baseline 0.013 -35"><span class='ocrx_word' id='word_1_161' title='bbox 1995 950 2060 1004; x_wconf 92' lang='lat' dir='ltr'><strong>ll.</strong></span> <span class='ocrx_word' id='word_1_162' title='bbox 2102 950 2384 1008; x_wconf 81' lang='lat' dir='ltr'><strong>Adventus</strong></span> <span class='ocrx_word' id='word_1_163' title='bbox 2398 956 2546 1010; x_wconf 93' lang='lat' dir='ltr'><strong>enim</strong></span> <span class='ocrx_word' id='word_1_164' title='bbox 2574 957 2791 1012; x_wconf 87' lang='lat' dir='ltr'><strong>Domini</strong></span> <span class='ocrx_word' id='word_1_165' title='bbox 2816 967 2965 1015; x_wconf 86' lang='lat' dir='ltr'><strong>totus</strong></span> <span class='ocrx_word' id='word_1_166' title='bbox 2992 963 3219 1032; x_wconf 83' lang='lat' dir='ltr'><strong>penitus</strong></span> <span class='ocrx_word' id='word_1_167' title='bbox 3261 976 3488 1037; x_wconf 80' lang='lat' dir='ltr'><strong>prepter</strong></span> 
     </span>
    </p>
   </div>
   <div class='ocr_carea' id='block_1_23' title="bbox 1924 1042 3498 1126">
    <p class='ocr_par' dir='ltr' id='par_1_23' title="bbox 1924 1042 3498 1126">
     <span class='ocr_line' id='line_1_23' title="bbox 1924 1042 3498 1126; baseline 0.011 -31"><span class='ocrx_word' id='word_1_168' title='bbox 1924 1042 2203 1098; x_wconf 84' lang='lat' dir='ltr'><strong>hominem</strong></span> <span class='ocrx_word' id='word_1_169' title='bbox 2234 1044 2357 1109; x_wconf 84' lang='lat' dir='ltr'><strong>fuit,</strong></span> <span class='ocrx_word' id='word_1_170' title='bbox 2380 1049 2471 1116; x_wconf 89' lang='lat' dir='ltr'><strong>qui</strong></span> <span class='ocrx_word' id='word_1_171' title='bbox 2508 1058 2759 1106; x_wconf 88' lang='lat' dir='ltr'><strong>mortuus</strong></span> <span class='ocrx_word' id='word_1_172' title='bbox 2774 1053 2989 1123; x_wconf 86' lang='lat' dir='ltr'><strong>jacebat</strong></span> <span class='ocrx_word' id='word_1_173' title='bbox 3011 1054 3067 1109; x_wconf 90' lang='lat' dir='ltr'><strong>in</strong></span> <span class='ocrx_word' id='word_1_174' title='bbox 3110 1057 3365 1126; x_wconf 83' lang='lat' dir='ltr'><strong>sepulcro</strong></span> <span class='ocrx_word' id='word_1_175' title='bbox 3405 1066 3498 1112; x_wconf 72' lang='lat' dir='ltr'><strong>te-</strong></span> 
     </span>
    </p>
   </div>
   <div class='ocr_carea' id='block_1_24' title="bbox 1922 1133 3489 1215">
    <p class='ocr_par' dir='ltr' id='par_1_24' title="bbox 1922 1133 3489 1215">
     <span class='ocr_line' id='line_1_24' title="bbox 1922 1133 3489 1215; baseline 0.011 -31"><span class='ocrx_word' id='word_1_176' title='bbox 1922 1133 2238 1198; x_wconf 90' lang='lat' dir='ltr'><strong>nebrarum,</strong></span> <span class='ocrx_word' id='word_1_177' title='bbox 2269 1138 2500 1203; x_wconf 89' lang='lat' dir='ltr'><strong>peccati,</strong></span> <span class='ocrx_word' id='word_1_178' title='bbox 2552 1139 2781 1209; x_wconf 92' lang='lat' dir='ltr'><strong>spiritus</strong></span> <span class='ocrx_word' id='word_1_179' title='bbox 2831 1142 3054 1212; x_wconf 90' lang='lat' dir='ltr'><strong>impuri,</strong></span> <span class='ocrx_word' id='word_1_180' title='bbox 3097 1154 3155 1200; x_wconf 91' lang='lat' dir='ltr'><strong>et</strong></span> <span class='ocrx_word' id='word_1_181' title='bbox 3202 1161 3489 1215; x_wconf 82' lang='lat' dir='ltr'><strong>perversa-</strong></span> 
     </span>
    </p>
   </div>
   <div class='ocr_carea' id='block_1_25' title="bbox 1922 1229 3489 1292">
    <p class='ocr_par' dir='ltr' id='par_1_25' title="bbox 1922 1229 3489 1292">
     <span class='ocr_line' id='line_1_25' title="bbox 1922 1229 3489 1292; baseline 0.01 -18"><span class='ocrx_word' id='word_1_182' title='bbox 1922 1238 2043 1275; x_wconf 89' lang='lat' dir='ltr'><strong>rum</strong></span> <span class='ocrx_word' id='word_1_183' title='bbox 2072 1233 2428 1291; x_wconf 76' lang='lat' dir='ltr'><strong>potestatum,</strong></span> <span class='ocrx_word' id='word_1_184' title='bbox 2452 1240 2511 1283; x_wconf 83' lang='lat' dir='ltr'><strong>ut</strong></span> <span class='ocrx_word' id='word_1_185' title='bbox 2535 1229 2592 1283; x_wconf 90' lang='lat' dir='ltr'><strong>in</strong></span> <span class='ocrx_word' id='word_1_186' title='bbox 2621 1232 2726 1286; x_wconf 90' lang='lat' dir='ltr'><strong>hoc</strong></span> <span class='ocrx_word' id='word_1_187' title='bbox 2759 1235 2958 1289; x_wconf 75' lang='lat' dir='ltr'><strong>saeculo</strong></span> <span class='ocrx_word' id='word_1_188' title='bbox 2995 1252 3146 1291; x_wconf 89' lang='lat' dir='ltr'><strong>nunc</strong></span> <span class='ocrx_word' id='word_1_189' title='bbox 3196 1239 3489 1292; x_wconf 84' lang='lat' dir='ltr'><strong>resuscitet</strong></span> 
     </span>
    </p>
   </div>
   <div class='ocr_carea' id='block_1_26' title="bbox 1924 1313 3495 1398">
    <p class='ocr_par' dir='ltr' id='par_1_26' title="bbox 1924 1313 3495 1398">
     <span class='ocr_line' id='line_1_26' title="bbox 1924 1313 3495 1398; baseline 0.013 -34"><span class='ocrx_word' id='word_1_190' title='bbox 1924 1326 1988 1366; x_wconf 89' lang='lat' dir='ltr'><strong>ac</strong></span> <span class='ocrx_word' id='word_1_191' title='bbox 2014 1313 2253 1368; x_wconf 82' lang='lat' dir='ltr'><strong>viviticet</strong></span> <span class='ocrx_word' id='word_1_192' title='bbox 2274 1316 2576 1385; x_wconf 86' lang='lat' dir='ltr'><strong>hominem,</strong></span> <span class='ocrx_word' id='word_1_193' title='bbox 2602 1322 2869 1379; x_wconf 89' lang='lat' dir='ltr'><strong>emundet</strong></span> <span class='ocrx_word' id='word_1_194' title='bbox 2890 1325 2960 1380; x_wconf 89' lang='lat' dir='ltr'><strong>ab</strong></span> <span class='ocrx_word' id='word_1_195' title='bbox 2993 1327 3143 1381; x_wconf 92' lang='lat' dir='ltr'><strong>omni</strong></span> <span class='ocrx_word' id='word_1_196' title='bbox 3177 1328 3495 1398; x_wconf 88' lang='lat' dir='ltr'><strong>nigredine,</strong></span> 
     </span>
    </p>
   </div>
   <div class='ocr_carea' id='block_1_27' title="bbox 1924 1400 3490 1484">
    <p class='ocr_par' dir='ltr' id='par_1_27' title="bbox 1924 1400 3490 1484">
     <span class='ocr_line' id='line_1_27' title="bbox 1924 1400 3490 1484; baseline 0.012 -32"><span class='ocrx_word' id='word_1_197' title='bbox 1924 1400 2199 1457; x_wconf 90' lang='lat' dir='ltr'><strong>illuminet</strong></span> <span class='ocrx_word' id='word_1_198' title='bbox 2247 1419 2373 1459; x_wconf 87' lang='lat' dir='ltr'><strong>eum</strong></span> <span class='ocrx_word' id='word_1_199' title='bbox 2432 1423 2534 1462; x_wconf 90' lang='lat' dir='ltr'><strong>suo</strong></span> <span class='ocrx_word' id='word_1_200' title='bbox 2581 1410 2826 1479; x_wconf 86' lang='lat' dir='ltr'><strong>lumine,</strong></span> <span class='ocrx_word' id='word_1_201' title='bbox 2876 1422 3041 1484; x_wconf 88' lang='lat' dir='ltr'><strong>atque</strong></span> <span class='ocrx_word' id='word_1_202' title='bbox 3100 1417 3321 1471; x_wconf 79' lang='lat' dir='ltr'><strong>amiciat</strong></span> <span class='ocrx_word' id='word_1_203' title='bbox 3361 1432 3490 1471; x_wconf 88' lang='lat' dir='ltr'><strong>eum</strong></span> 
     </span>
    </p>
   </div>
   <div class='ocr_carea' id='block_1_28' title="bbox 1922 1493 3491 1563">
    <p class='ocr_par' dir='ltr' id='par_1_28' title="bbox 1922 1493 3491 1563">
     <span class='ocr_line' id='line_1_28' title="bbox 1922 1493 3491 1563; baseline 0.011 -18"><span class='ocrx_word' id='word_1_204' title='bbox 1922 1493 2037 1547; x_wconf 86' lang='lat' dir='ltr'><strong>suis</strong></span> <span class='ocrx_word' id='word_1_205' title='bbox 2066 1493 2240 1563; x_wconf 88' lang='lat' dir='ltr'><strong>ipsius</strong></span> <span class='ocrx_word' id='word_1_206' title='bbox 2271 1497 2605 1557; x_wconf 78' lang='lat' dir='ltr'><strong>indumentis</strong></span> <span class='ocrx_word' id='word_1_207' title='bbox 2643 1503 2846 1559; x_wconf 82' lang='lat' dir='ltr'><strong>divinis</strong></span> <span class='ocrx_word' id='word_1_208' title='bbox 2874 1515 2934 1561; x_wconf 88' lang='lat' dir='ltr'><strong>et</strong></span> <span class='ocrx_word' id='word_1_209' title='bbox 2955 1508 3289 1563; x_wconf 67' lang='lat' dir='ltr'><strong>caelestibus.</strong></span> <span class='ocrx_word' id='word_1_210' title='bbox 3317 1508 3375 1562; x_wconf 92' lang='lat' dir='ltr'><strong>ln</strong></span> <span class='ocrx_word' id='word_1_211' title='bbox 3405 1524 3491 1563; x_wconf 84' lang='lat' dir='ltr'><strong>rc-</strong></span> 
     </span>
    </p>
   </div>
   <div class='ocr_carea' id='block_1_29' title="bbox 1922 1588 3495 1667">
    <p class='ocr_par' dir='ltr' id='par_1_29' title="bbox 1922 1588 3495 1667">
     <span class='ocr_line' id='line_1_29' title="bbox 1922 1588 3495 1667; baseline 0.011 -31"><span class='ocrx_word' id='word_1_212' title='bbox 1922 1588 2268 1643; x_wconf 89' lang='lat' dir='ltr'><strong>surrectione</strong></span> <span class='ocrx_word' id='word_1_213' title='bbox 2297 1600 2483 1646; x_wconf 87' lang='lat' dir='ltr'><strong>autem</strong></span> <span class='ocrx_word' id='word_1_214' title='bbox 2506 1609 3072 1667; x_wconf 87' lang='lat' dir='ltr'><strong>corporum,quorum</strong></span> <span class='ocrx_word' id='word_1_215' title='bbox 3094 1609 3219 1654; x_wconf 88' lang='lat' dir='ltr'><strong>ante</strong></span> <span class='ocrx_word' id='word_1_216' title='bbox 3244 1615 3495 1655; x_wconf 84' lang='lat' dir='ltr'><strong>resurre-</strong></span> 
     </span>
    </p>
   </div>
   <div class='ocr_carea' id='block_1_30' title="bbox 1920 1676 3497 1761">
    <p class='ocr_par' dir='ltr' id='par_1_30' title="bbox 1920 1676 3497 1761">
     <span class='ocr_line' id='line_1_30' title="bbox 1920 1676 3497 1761; baseline 0.012 -33"><span class='ocrx_word' id='word_1_217' title='bbox 1920 1676 2102 1731; x_wconf 80' lang='lat' dir='ltr'><strong>xerint</strong></span> <span class='ocrx_word' id='word_1_218' title='bbox 2135 1685 2190 1731; x_wconf 89' lang='lat' dir='ltr'><strong>et</strong></span> <span class='ocrx_word' id='word_1_219' title='bbox 2209 1679 2381 1749; x_wconf 90' lang='lat' dir='ltr'><strong>gloria</strong></span> <span class='ocrx_word' id='word_1_220' title='bbox 2412 1682 2695 1741; x_wconf 71' lang='lat' dir='ltr'><strong>illustratae</strong></span> <span class='ocrx_word' id='word_1_221' title='bbox 2721 1687 2928 1744; x_wconf 78' lang='lat' dir='ltr'><strong>fuerint</strong></span> <span class='ocrx_word' id='word_1_222' title='bbox 2949 1689 3167 1751; x_wconf 66' lang='lat' dir='ltr'><strong>animas.</strong></span> <span class='ocrx_word' id='word_1_223' title='bbox 3196 1699 3325 1745; x_wconf 89' lang='lat' dir='ltr'><strong>tunc</strong></span> <span class='ocrx_word' id='word_1_224' title='bbox 3347 1707 3497 1761; x_wconf 14' lang='lat' dir='ltr'><strong>quo-7</strong></span> 
     </span>
    </p>
   </div>
   <div class='ocr_carea' id='block_1_31' title="bbox 1926 1771 3492 1845">
    <p class='ocr_par' dir='ltr' id='par_1_31' title="bbox 1926 1771 3492 1845">
     <span class='ocr_line' id='line_1_31' title="bbox 1926 1771 3492 1845; baseline 0.012 -28"><span class='ocrx_word' id='word_1_225' title='bbox 1926 1780 2032 1833; x_wconf 92' lang='lat' dir='ltr'><strong>que</strong></span> <span class='ocrx_word' id='word_1_226' title='bbox 2053 1781 2289 1837; x_wconf 90' lang='lat' dir='ltr'><strong>corpora</strong></span> <span class='ocrx_word' id='word_1_227' title='bbox 2322 1771 2484 1827; x_wconf 85' lang='lat' dir='ltr'><strong>simul</strong></span> <span class='ocrx_word' id='word_1_228' title='bbox 2507 1775 2960 1845; x_wconf 77' lang='lat' dir='ltr'><strong>glorificabuntur</strong></span> <span class='ocrx_word' id='word_1_229' title='bbox 2988 1787 3045 1833; x_wconf 90' lang='lat' dir='ltr'><strong>et</strong></span> <span class='ocrx_word' id='word_1_230' title='bbox 3066 1780 3492 1836; x_wconf 89' lang='lat' dir='ltr'><strong>illustrabuntur</strong></span> 
     </span>
    </p>
   </div>
   <div class='ocr_carea' id='block_1_32' title="bbox 243 1841 1934 1935">
    <p class='ocr_par' dir='ltr' id='par_1_32' title="bbox 243 1841 1934 1935">
     <span class='ocr_line' id='line_1_32' title="bbox 243 1841 1934 1935; baseline 0.018 -43"><span class='ocrx_word' id='word_1_231' title='bbox 243 1841 338 1893; x_wconf 82' lang='grc' dir='ltr'><strong>τοῦ</strong></span> <span class='ocrx_word' id='word_1_232' title='bbox 370 1844 466 1897; x_wconf 84' lang='grc' dir='ltr'><strong>νῦν</strong></span> <span class='ocrx_word' id='word_1_233' title='bbox 504 1853 892 1923; x_wconf 80' lang='grc' dir='ltr'><strong>πεφωτισμένῃ</strong></span> <span class='ocrx_word' id='word_1_234' title='bbox 945 1858 1039 1909; x_wconf 75' lang='grc' dir='ltr'><strong>καὶ</strong></span> <span class='ocrx_word' id='word_1_235' title='bbox 1086 1857 1444 1935; x_wconf 78' lang='grc' dir='ltr'><strong>δεδοξασμένῃ</strong></span> <span class='ocrx_word' id='word_1_236' title='bbox 1478 1841 1661 1935; x_wconf 66' lang='grc' dir='ltr'><strong>ψυχῇῖ</strong></span> <span class='ocrx_word' id='word_1_237' title='bbox 1700 1866 1815 1919; x_wconf 77' lang='grc' dir='ltr'><strong>ἐστι</strong></span> <span class='ocrx_word' id='word_1_238' title='bbox 1848 1848 1887 1902; x_wconf 77' lang='grc' dir='ltr'><strong><em>Β</em></strong></span> <span class='ocrx_word' id='word_1_239' title='bbox 1917 1871 1934 1909; x_wconf 76' lang='grc' dir='ltr'><strong>ί</strong></span> 
     </span>
    </p>
   </div>
   <div class='ocr_carea' id='block_1_33' title="bbox 1795 1841 3486 1935">
    <p class='ocr_par' dir='ltr' id='par_1_33' title="bbox 1799 1841 3486 1931">
     <span class='ocr_line' id='line_1_33' title="bbox 1799 1841 3486 1931; baseline 0.012 -24"><span class='ocrx_word' id='word_1_240' title='bbox 1799 1884 1815 1919; x_wconf 81' lang='grc' dir='ltr'><strong>ι</strong></span> <span class='ocrx_word' id='word_1_241' title='bbox 1848 1848 1887 1902; x_wconf 86' lang='grc' dir='ltr'><strong><em>Β</em></strong></span> <span class='ocrx_word' id='word_1_242' title='bbox 1917 1871 2040 1910; x_wconf 92' lang='lat' dir='ltr'><strong>cum</strong></span> <span class='ocrx_word' id='word_1_243' title='bbox 2072 1860 2276 1926; x_wconf 88' lang='lat' dir='ltr'><strong>anima,</strong></span> <span class='ocrx_word' id='word_1_244' title='bbox 2299 1878 2420 1931; x_wconf 71' lang='lat' dir='ltr'><strong>qua:</strong></span> <span class='ocrx_word' id='word_1_245' title='bbox 2458 1841 2607 1920; x_wconf 76' lang='lat' dir='ltr'><strong>nunc</strong></span> <span class='ocrx_word' id='word_1_246' title='bbox 2642 1868 2947 1925; x_wconf 86' lang='lat' dir='ltr'><strong>illuminata</strong></span> <span class='ocrx_word' id='word_1_247' title='bbox 2974 1879 3030 1924; x_wconf 90' lang='lat' dir='ltr'><strong>et</strong></span> <span class='ocrx_word' id='word_1_248' title='bbox 3059 1871 3328 1927; x_wconf 89' lang='lat' dir='ltr'><strong>illustrata</strong></span> <span class='ocrx_word' id='word_1_249' title='bbox 3362 1874 3486 1928; x_wconf 79' lang='lat' dir='ltr'><strong>fuit.</strong></span> 
     </span>
    </p>
   </div>
   <div class='ocr_carea' id='block_1_34' title="bbox 242 1933 1819 2025">
    <p class='ocr_par' dir='ltr' id='par_1_34' title="bbox 242 1933 1819 2025">
     <span class='ocr_line' id='line_1_34' title="bbox 242 1933 1819 2025; baseline 0.018 -42"><span class='ocrx_word' id='word_1_250' title='bbox 242 1933 351 1999; x_wconf 79' lang='grc' dir='ltr'><strong>γὰρ</strong></span> <span class='ocrx_word' id='word_1_251' title='bbox 374 1936 553 1988; x_wconf 81' lang='grc' dir='ltr'><strong>αὐτῶν</strong></span> <span class='ocrx_word' id='word_1_252' title='bbox 593 1935 740 2005; x_wconf 75' lang='grc' dir='ltr'><strong>οἶκος</strong></span> <span class='ocrx_word' id='word_1_253' title='bbox 766 1945 863 1997; x_wconf 81' lang='grc' dir='ltr'><strong>καὶ</strong></span> <span class='ocrx_word' id='word_1_254' title='bbox 899 1949 1071 2017; x_wconf 78' lang='grc' dir='ltr'><strong>σκηνὴ</strong></span> <span class='ocrx_word' id='word_1_255' title='bbox 1103 1952 1196 2002; x_wconf 78' lang='grc' dir='ltr'><strong>καὶ</strong></span> <span class='ocrx_word' id='word_1_256' title='bbox 1235 1951 1389 2016; x_wconf 84' lang='grc' dir='ltr'><strong>πόλις</strong></span> <span class='ocrx_word' id='word_1_257' title='bbox 1481 1933 1703 2025; x_wconf 82' lang='grc' dir='ltr'><strong>Κύριος.</strong></span> <span class='ocrx_word' id='word_1_258' title='bbox 1745 1958 1819 2011; x_wconf 77' lang='grc' dir='ltr'>Τὸ</span> 
     </span>
    </p>
   </div>
   <div class='ocr_carea' id='block_1_35' title="bbox 242 2025 1817 2119">
    <p class='ocr_par' dir='ltr' id='par_1_35' title="bbox 242 2025 1817 2119">
     <span class='ocr_line' id='line_1_35' title="bbox 242 2025 1817 2119; baseline 0.018 -47"><span class='ocrx_word' id='word_1_259' title='bbox 242 2025 563 2094; x_wconf 74' lang='grc' dir='ltr'><strong>οἰκητήριον</strong></span> <span class='ocrx_word' id='word_1_260' title='bbox 593 2029 651 2082; x_wconf 78' lang='grc' dir='ltr'><strong>δὲ</strong></span> <span class='ocrx_word' id='word_1_261' title='bbox 681 2031 741 2084; x_wconf 81' lang='grc' dir='ltr'><strong>τὸ</strong></span> <span class='ocrx_word' id='word_1_262' title='bbox 768 2031 827 2098; x_wconf 78' lang='grc' dir='ltr'><strong>ἐξ</strong></span> <span class='ocrx_word' id='word_1_263' title='bbox 853 2037 1085 2107; x_wconf 82' lang='grc' dir='ltr'><strong>οὐρανοῦ</strong></span> <span class='ocrx_word' id='word_1_264' title='bbox 1124 2042 1185 2093; x_wconf 84' lang='grc' dir='ltr'><strong>τὸ</strong></span> <span class='ocrx_word' id='word_1_265' title='bbox 1218 2043 1628 2115; x_wconf 76' lang='grc' dir='ltr'><strong>ἀχειροποίητον</strong></span> <span class='ocrx_word' id='word_1_266' title='bbox 1661 2066 1817 2119; x_wconf 86' lang='grc' dir='ltr'><strong>περι-</strong></span> 
     </span>
    </p>
   </div>
   <div class='ocr_carea' id='block_1_36' title="bbox 243 2113 1817 2205">
    <p class='ocr_par' dir='ltr' id='par_1_36' title="bbox 243 2113 1817 2205">
     <span class='ocr_line' id='line_1_36' title="bbox 243 2113 1817 2205; baseline 0.02 -42"><span class='ocrx_word' id='word_1_267' title='bbox 243 2113 531 2183; x_wconf 86' lang='grc' dir='ltr'><strong>ϐέϐληνται</strong></span> <span class='ocrx_word' id='word_1_268' title='bbox 569 2120 726 2185; x_wconf 83' lang='grc' dir='ltr'><strong>δόξαν</strong></span> <span class='ocrx_word' id='word_1_269' title='bbox 769 2127 948 2191; x_wconf 75' lang='grc' dir='ltr'><strong>φωτὸς</strong></span> <span class='ocrx_word' id='word_1_270' title='bbox 977 2128 1177 2195; x_wconf 85' lang='grc' dir='ltr'><strong>θεῖκοῦ,</strong></span> <span class='ocrx_word' id='word_1_271' title='bbox 1214 2132 1287 2195; x_wconf 82' lang='grc' dir='ltr'><strong>ὡς</strong></span> <span class='ocrx_word' id='word_1_272' title='bbox 1319 2134 1483 2189; x_wconf 85' lang='grc' dir='ltr'><strong>τέκνα</strong></span> <span class='ocrx_word' id='word_1_273' title='bbox 1518 2113 1693 2205; x_wconf 72' lang='grc' dir='ltr'><strong>ιρωτὸς</strong></span> <span class='ocrx_word' id='word_1_274' title='bbox 1724 2113 1817 2205; x_wconf 75' lang='grc' dir='ltr'><strong>γε·</strong></span> 
     </span>
    </p>
   </div>
   <div class='ocr_carea' id='block_1_37' title="bbox 242 2206 1813 2303">
    <p class='ocr_par' dir='ltr' id='par_1_37' title="bbox 242 2206 1813 2303">
     <span class='ocr_line' id='line_1_37' title="bbox 242 2206 1813 2303; baseline 0.018 -47"><span class='ocrx_word' id='word_1_275' title='bbox 242 2206 483 2274; x_wconf 85' lang='grc' dir='ltr'><strong>νόμενοι,</strong></span> <span class='ocrx_word' id='word_1_276' title='bbox 519 2211 579 2262; x_wconf 79' lang='grc' dir='ltr'><strong>οὐ</strong></span> <span class='ocrx_word' id='word_1_277' title='bbox 605 2214 959 2283; x_wconf 77' lang='grc' dir='ltr'><strong>προσέξουσιν</strong></span> <span class='ocrx_word' id='word_1_278' title='bbox 993 2220 1243 2293; x_wconf 84' lang='grc' dir='ltr'><strong>ἀλλήλοις</strong></span> <span class='ocrx_word' id='word_1_279' title='bbox 1272 2224 1532 2299; x_wconf 65' lang='grc' dir='ltr'><strong>ὀφθαλμῷ</strong></span> <span class='ocrx_word' id='word_1_280' title='bbox 1564 2232 1813 2303; x_wconf 75' lang='grc' dir='ltr'><strong>πονηρῷ·</strong></span> 
     </span>
    </p>
   </div>
   <div class='ocr_carea' id='block_1_38' title="bbox 246 2301 1813 2393">
    <p class='ocr_par' dir='ltr' id='par_1_38' title="bbox 246 2301 1813 2393">
     <span class='ocr_line' id='line_1_38' title="bbox 246 2301 1813 2393; baseline 0.019 -44"><span class='ocrx_word' id='word_1_281' title='bbox 246 2301 484 2370; x_wconf 73' lang='grc' dir='ltr'><strong>πονηρία</strong></span> <span class='ocrx_word' id='word_1_282' title='bbox 515 2304 621 2375; x_wconf 82' lang='grc' dir='ltr'><strong>γὰρ</strong></span> <span class='ocrx_word' id='word_1_283' title='bbox 647 2306 872 2381; x_wconf 78' lang='grc' dir='ltr'><strong>ἐξήρθη.</strong></span> <span class='ocrx_word' id='word_1_284' title='bbox 904 2313 1016 2365; x_wconf 79' lang='grc' dir='ltr'><strong>Οὐκ</strong></span> <span class='ocrx_word' id='word_1_285' title='bbox 1044 2315 1190 2368; x_wconf 79' lang='grc' dir='ltr'><strong>ἐστιν</strong></span> <span class='ocrx_word' id='word_1_286' title='bbox 1224 2318 1340 2370; x_wconf 87' lang='grc' dir='ltr'><strong>ἐκεῖ</strong></span> <span class='ocrx_word' id='word_1_287' title='bbox 1358 2320 1522 2390; x_wconf 79' lang='grc' dir='ltr'><strong>ἄρσεν</strong></span> <span class='ocrx_word' id='word_1_288' title='bbox 1543 2323 1636 2376; x_wconf 80' lang='grc' dir='ltr'><strong>καὶ</strong></span> <span class='ocrx_word' id='word_1_289' title='bbox 1658 2301 1813 2393; x_wconf 71' lang='grc' dir='ltr'><strong>θῆλυ,</strong></span> 
     </span>
    </p>
   </div>
   <div class='ocr_carea' id='block_1_39' title="bbox 238 2390 1817 2482">
    <p class='ocr_par' dir='ltr' id='par_1_39' title="bbox 238 2390 1817 2482">
     <span class='ocr_line' id='line_1_39' title="bbox 238 2390 1817 2482; baseline 0.019 -41"><span class='ocrx_word' id='word_1_290' title='bbox 238 2390 427 2454; x_wconf 76' lang='grc' dir='ltr'><strong>δοῦλος</strong></span> <span class='ocrx_word' id='word_1_291' title='bbox 457 2398 550 2447; x_wconf 63' lang='grc' dir='ltr'><strong>καὶ¹</strong></span> <span class='ocrx_word' id='word_1_292' title='bbox 578 2399 857 2471; x_wconf 76' lang='grc' dir='ltr'><strong>ἐλεύθερος</strong></span> <span class='ocrx_word' id='word_1_293' title='bbox 877 2420 893 2435; x_wconf 77' lang='grc' dir='ltr'><strong>ο</strong></span> <span class='ocrx_word' id='word_1_294' title='bbox 927 2407 1005 2468; x_wconf 79' lang='grc' dir='ltr'><strong>εις</strong></span> <span class='ocrx_word' id='word_1_295' title='bbox 1043 2406 1228 2475; x_wconf 79' lang='grc' dir='ltr'><strong>Θεῖκὴν</strong></span> <span class='ocrx_word' id='word_1_296' title='bbox 1258 2411 1365 2481; x_wconf 81' lang='grc' dir='ltr'><strong>γὰρ</strong></span> <span class='ocrx_word' id='word_1_297' title='bbox 1396 2412 1555 2481; x_wconf 82' lang='grc' dir='ltr'><strong>φύσιν</strong></span> <span class='ocrx_word' id='word_1_298' title='bbox 1581 2390 1817 2482; x_wconf 79' lang='grc' dir='ltr'><strong>ἅπαντες</strong></span> 
     </span>
    </p>
   </div>
   <div class='ocr_carea' id='block_1_40' title="bbox 244 2485 1814 2563">
    <p class='ocr_par' dir='ltr' id='par_1_40' title="bbox 244 2485 1814 2563">
     <span class='ocr_line' id='line_1_40' title="bbox 244 2485 1814 2563; baseline 0.019 -30"><span class='ocrx_word' id='word_1_299' title='bbox 244 2485 695 2552; x_wconf 82' lang='grc' dir='ltr'><strong>μεταϐάλλονται,</strong></span> <span class='ocrx_word' id='word_1_300' title='bbox 730 2495 979 2563; x_wconf 77' lang='grc' dir='ltr'><strong>χρηστοὶ,</strong></span> <span class='ocrx_word' id='word_1_301' title='bbox 1020 2499 1113 2551; x_wconf 79' lang='grc' dir='ltr'><strong>καὶ</strong></span> <span class='ocrx_word' id='word_1_302' title='bbox 1166 2500 1297 2563; x_wconf 71' lang='grc' dir='ltr'><strong>θεοὶ,</strong></span> <span class='ocrx_word' id='word_1_303' title='bbox 1341 2506 1432 2557; x_wconf 77' lang='grc' dir='ltr'><strong>καὶ</strong></span> <span class='ocrx_word' id='word_1_304' title='bbox 1473 2506 1638 2560; x_wconf 85' lang='grc' dir='ltr'><strong>τέκνα</strong></span> <span class='ocrx_word' id='word_1_305' title='bbox 1680 2509 1814 2563; x_wconf 79' lang='grc' dir='ltr'><strong>Θεοῦ</strong></span> 
     </span>
    </p>
   </div>
   <div class='ocr_carea' id='block_1_41' title="bbox 244 2574 1815 2672">
    <p class='ocr_par' dir='ltr' id='par_1_41' title="bbox 244 2574 1815 2672">
     <span class='ocr_line' id='line_1_41' title="bbox 244 2574 1815 2672; baseline 0.02 -50"><span class='ocrx_word' id='word_1_306' title='bbox 244 2574 553 2642; x_wconf 83' lang='grc' dir='ltr'><strong>γενόμενοι.</strong></span> <span class='ocrx_word' id='word_1_307' title='bbox 602 2580 749 2633; x_wconf 84' lang='grc' dir='ltr'><strong>Ἐκεῖ</strong></span> <span class='ocrx_word' id='word_1_308' title='bbox 783 2586 1225 2657; x_wconf 81' lang='grc' dir='ltr'><strong>ἀνεπαισχύντως</strong></span> <span class='ocrx_word' id='word_1_309' title='bbox 1260 2592 1380 2646; x_wconf 86' lang='grc' dir='ltr'><strong>τότε</strong></span> <span class='ocrx_word' id='word_1_310' title='bbox 1417 2596 1637 2667; x_wconf 79' lang='grc' dir='ltr'><strong>λαλήσει</strong></span> <span class='ocrx_word' id='word_1_311' title='bbox 1668 2601 1815 2672; x_wconf 73' lang='grc' dir='ltr'><strong>εἰρή-</strong></span> 
     </span>
    </p>
   </div>
   <div class='ocr_carea' id='block_1_42' title="bbox 239 2663 1811 2757">
    <p class='ocr_par' dir='ltr' id='par_1_42' title="bbox 239 2663 1811 2757">
     <span class='ocr_line' id='line_1_42' title="bbox 239 2663 1811 2757; baseline 0.022 -46"><span class='ocrx_word' id='word_1_312' title='bbox 239 2677 340 2731; x_wconf 87' lang='grc' dir='ltr'><strong>νην</strong></span> <span class='ocrx_word' id='word_1_313' title='bbox 366 2663 590 2735; x_wconf 75' lang='grc' dir='ltr'><strong>ἀδελφὺς</strong></span> <span class='ocrx_word' id='word_1_314' title='bbox 615 2670 815 2743; x_wconf 80' lang='grc' dir='ltr'><strong>ἀδελφῇ</strong></span> <span class='ocrx_word' id='word_1_315' title='bbox 839 2690 853 2705; x_wconf 78' lang='grc' dir='ltr'><strong>ο</strong></span> <span class='ocrx_word' id='word_1_316' title='bbox 883 2673 941 2727; x_wconf 84' lang='grc' dir='ltr'><strong>ἓν</strong></span> <span class='ocrx_word' id='word_1_317' title='bbox 968 2678 1075 2747; x_wconf 85' lang='grc' dir='ltr'><strong>γάρ</strong></span> <span class='ocrx_word' id='word_1_318' title='bbox 1097 2681 1234 2732; x_wconf 79' lang='grc' dir='ltr'><strong>εἰσιν</strong></span> <span class='ocrx_word' id='word_1_319' title='bbox 1263 2684 1321 2735; x_wconf 90' lang='grc' dir='ltr'><strong>ἐν</strong></span> <span class='ocrx_word' id='word_1_320' title='bbox 1347 2663 1568 2756; x_wconf 79' lang='grc' dir='ltr'><strong>Χριστῷ</strong></span> <span class='ocrx_word' id='word_1_321' title='bbox 1594 2663 1811 2757; x_wconf 73' lang='grc' dir='ltr'><strong>πάντες,</strong></span> 
     </span>
    </p>
   </div>
   <div class='ocr_carea' id='block_1_43' title="bbox 237 2755 1813 2847">
    <p class='ocr_par' dir='ltr' id='par_1_43' title="bbox 237 2755 1813 2847">
     <span class='ocr_line' id='line_1_43' title="bbox 237 2755 1813 2847; baseline 0.02 -43"><span class='ocrx_word' id='word_1_322' title='bbox 237 2755 334 2805; x_wconf 81' lang='grc' dir='ltr'><strong>καὶ</strong></span> <span class='ocrx_word' id='word_1_323' title='bbox 360 2755 563 2819; x_wconf 80' lang='grc' dir='ltr'><strong>πάντες</strong></span> <span class='ocrx_word' id='word_1_324' title='bbox 594 2760 651 2812; x_wconf 85' lang='grc' dir='ltr'><strong>ὲν</strong></span> <span class='ocrx_word' id='word_1_325' title='bbox 684 2763 766 2813; x_wconf 66' lang='grc' dir='ltr'><strong>ἐν).</strong></span> <span class='ocrx_word' id='word_1_326' title='bbox 796 2768 935 2831; x_wconf 72' lang='grc' dir='ltr'><strong>φωτὶ</strong></span> <span class='ocrx_word' id='word_1_327' title='bbox 964 2770 1385 2842; x_wconf 87' lang='grc' dir='ltr'><strong>ἀναπαυόμενοι.</strong></span> <span class='ocrx_word' id='word_1_328' title='bbox 1411 2755 1667 2847; x_wconf 86' lang='grc' dir='ltr'><strong>Προσέξει</strong></span> <span class='ocrx_word' id='word_1_329' title='bbox 1695 2755 1813 2835; x_wconf 36' lang='lat' dir='ltr'><strong>Era;</strong></span> 
     </span>
    </p>
   </div>
   <div class='ocr_carea' id='block_1_44' title="bbox 241 2843 1813 2933">
    <p class='ocr_par' dir='ltr' id='par_1_44' title="bbox 241 2843 1813 2933">
     <span class='ocr_line' id='line_1_44' title="bbox 241 2843 1813 2933; baseline 0.023 -41"><span class='ocrx_word' id='word_1_330' title='bbox 241 2858 335 2909; x_wconf 86' lang='grc' dir='ltr'><strong>ρος</strong></span> <span class='ocrx_word' id='word_1_331' title='bbox 368 2843 444 2913; x_wconf 82' lang='grc' dir='ltr'><strong>τῷ</strong></span> <span class='ocrx_word' id='word_1_332' title='bbox 478 2847 669 2918; x_wconf 78' lang='grc' dir='ltr'><strong>ἑτέρῳ,</strong></span> <span class='ocrx_word' id='word_1_333' title='bbox 708 2854 800 2905; x_wconf 70' lang='grc' dir='ltr'><strong>καὶ</strong></span> <span class='ocrx_word' id='word_1_334' title='bbox 833 2856 892 2907; x_wconf 87' lang='grc' dir='ltr'><strong>ἐν</strong></span> <span class='ocrx_word' id='word_1_335' title='bbox 936 2858 1013 2928; x_wconf 84' lang='grc' dir='ltr'><strong>τῷ</strong></span> <span class='ocrx_word' id='word_1_336' title='bbox 1059 2865 1367 2933; x_wconf 85' lang='grc' dir='ltr'><strong>προσέχειν,</strong></span> <span class='ocrx_word' id='word_1_337' title='bbox 1414 2843 1615 2933; x_wconf 65' lang='grc' dir='ltr'><strong>εθθέως</strong></span> <span class='ocrx_word' id='word_1_338' title='bbox 1652 2875 1813 2929; x_wconf 83' lang='grc' dir='ltr'><strong>πάλιν</strong></span> 
     </span>
    </p>
   </div>
   <div class='ocr_carea' id='block_1_45' title="bbox 238 2935 1812 3034">
    <p class='ocr_par' dir='ltr' id='par_1_45' title="bbox 238 2935 1812 3034">
     <span class='ocr_line' id='line_1_45' title="bbox 238 2935 1812 3034; baseline 0.025 -51"><span class='ocrx_word' id='word_1_339' title='bbox 238 2936 321 2995; x_wconf 72' lang='lat' dir='ltr'><strong>ei;</strong></span> <span class='ocrx_word' id='word_1_340' title='bbox 353 2935 609 3006; x_wconf 85' lang='grc' dir='ltr'><strong>ἀλήθειαν</strong></span> <span class='ocrx_word' id='word_1_341' title='bbox 642 2944 1032 3017; x_wconf 78' lang='grc' dir='ltr'><strong>ἐκλάμψουσιν,</strong></span> <span class='ocrx_word' id='word_1_342' title='bbox 1075 2956 1155 3015; x_wconf 78' lang='grc' dir='ltr'><strong>εις</strong></span> <span class='ocrx_word' id='word_1_343' title='bbox 1187 2954 1446 3028; x_wconf 83' lang='grc' dir='ltr'><strong>ἀληθινὴν</strong></span> <span class='ocrx_word' id='word_1_344' title='bbox 1475 2961 1602 3017; x_wconf 84' lang='grc' dir='ltr'><strong>θέαν</strong></span> <span class='ocrx_word' id='word_1_345' title='bbox 1640 2973 1812 3034; x_wconf 78' lang='grc' dir='ltr'><strong>φωτὸς</strong></span> 
     </span>
    </p>
   </div>
   <div class='ocr_carea' id='block_1_46' title="bbox 236 3025 503 3096">
    <p class='ocr_par' dir='ltr' id='par_1_46' title="bbox 236 3025 503 3096">
     <span class='ocr_line' id='line_1_46' title="bbox 236 3025 503 3096; baseline 0.011 -19"><span class='ocrx_word' id='word_1_346' title='bbox 236 3025 503 3096; x_wconf 73' lang='grc' dir='ltr'><strong>ἀρρήτου.</strong></span> 
     </span>
    </p>
   </div>
   <div class='ocr_carea' id='block_1_47' title="bbox 309 3116 1883 3231">
    <p class='ocr_par' dir='ltr' id='par_1_47' title="bbox 309 3116 1883 3231">
     <span class='ocr_line' id='line_1_47' title="bbox 309 3116 1883 3231; baseline 0.006 -42"><span class='ocrx_word' id='word_1_347' title='bbox 309 3116 383 3169; x_wconf 78' lang='grc' dir='ltr'><strong>Γ”</strong></span> <span class='ocrx_word' id='word_1_348' title='bbox 421 3118 606 3185; x_wconf 66' lang='grc' dir='ltr'>οὕτως</span> <span class='ocrx_word' id='word_1_349' title='bbox 636 3125 849 3189; x_wconf 75' lang='grc' dir='ltr'><strong>πολλοῖς</strong></span> <span class='ocrx_word' id='word_1_350' title='bbox 880 3132 1147 3200; x_wconf 83' lang='grc' dir='ltr'><strong>σχήμασι,</strong></span> <span class='ocrx_word' id='word_1_351' title='bbox 1185 3138 1278 3191; x_wconf 79' lang='grc' dir='ltr'><strong>καὶ</strong></span> <span class='ocrx_word' id='word_1_352' title='bbox 1312 3139 1528 3205; x_wconf 87' lang='grc' dir='ltr'><strong>πολλαῖς</strong></span> <span class='ocrx_word' id='word_1_353' title='bbox 1559 3146 1652 3197; x_wconf 82' lang='grc' dir='ltr'><strong>καὶ</strong></span> <span class='ocrx_word' id='word_1_354' title='bbox 1693 3166 1809 3201; x_wconf 76' lang='grc' dir='ltr'><strong>ποι·</strong></span> <span class='ocrx_word' id='word_1_355' title='bbox 1838 3173 1883 3231; x_wconf 77' lang='lat' dir='ltr'><strong>c</strong></span> 
     </span>
     <span class='ocr_line' id='line_1_48' title="bbox 309 3209 1338 3231; baseline 0 0"><span class='ocrx_word' id='word_1_356' title='bbox 309 3209 417 3231; x_wconf 71' lang='grc' dir='ltr'><strong>ἱ...-</strong></span> <span class='ocrx_word' id='word_1_357' title='bbox 453 3210 571 3231; x_wconf 33' lang='grc' dir='ltr'><strong>διε-.</strong></span> <span class='ocrx_word' id='word_1_358' title='bbox 662 3214 686 3231; x_wconf 88' lang='grc' dir='ltr'><strong>Λ</strong></span> <span class='ocrx_word' id='word_1_359' title='bbox 723 3222 743 3231; x_wconf 79' lang='grc'><strong>-</strong></span> <span class='ocrx_word' id='word_1_360' title='bbox 820 3222 841 3231; x_wconf 79' lang='grc' dir='ltr'><strong>-ι</strong></span> <span class='ocrx_word' id='word_1_361' title='bbox 913 3221 985 3231; x_wconf 70' lang='grc' dir='ltr'><strong>ιι.</strong></span> <span class='ocrx_word' id='word_1_362' title='bbox 1014 3222 1054 3231; x_wconf 74' lang='grc' dir='ltr'><strong>ι-</strong></span> <span class='ocrx_word' id='word_1_363' title='bbox 1184 3227 1194 3231; x_wconf 86' lang='grc'><strong>-</strong></span> <span class='ocrx_word' id='word_1_364' title='bbox 1319 3229 1338 3231; x_wconf 58' lang='lat'><strong>,_</strong></span> 
     </span>
    </p>
   </div>
   <div class='ocr_carea' id='block_1_48' title="bbox 235 3206 1810 3301">
    <p class='ocr_par' dir='ltr' id='par_1_48' title="bbox 235 3206 1810 3301">
     <span class='ocr_line' id='line_1_49' title="bbox 235 3206 1810 3301; baseline 0.022 -45"><span class='ocrx_word' id='word_1_365' title='bbox 235 3206 417 3268; x_wconf 83' lang='grc' dir='ltr'><strong>κίλαις</strong></span> <span class='ocrx_word' id='word_1_366' title='bbox 448 3210 627 3274; x_wconf 78' lang='grc' dir='ltr'><strong>δόξαις</strong></span> <span class='ocrx_word' id='word_1_367' title='bbox 661 3214 868 3281; x_wconf 83' lang='grc' dir='ltr'><strong>θεῖκαῖς</strong></span> <span class='ocrx_word' id='word_1_368' title='bbox 902 3221 1151 3292; x_wconf 80' lang='grc' dir='ltr'><strong>ἀλλήλοις</strong></span> <span class='ocrx_word' id='word_1_369' title='bbox 1179 3227 1427 3299; x_wconf 80' lang='grc' dir='ltr'><strong>ἐνορῶσι,</strong></span> <span class='ocrx_word' id='word_1_370' title='bbox 1454 3233 1545 3285; x_wconf 81' lang='grc' dir='ltr'><strong>καὶ</strong></span> <span class='ocrx_word' id='word_1_371' title='bbox 1582 3236 1810 3301; x_wconf 76' lang='grc' dir='ltr'><strong>ἕκαστος</strong></span> 
     </span>
    </p>
   </div>
   <div class='ocr_carea' id='block_1_49' title="bbox 233 3301 1805 3399">
    <p class='ocr_par' dir='ltr' id='par_1_49' title="bbox 233 3301 1805 3399">
     <span class='ocr_line' id='line_1_50' title="bbox 233 3301 1805 3399; baseline 0.018 -47"><span class='ocrx_word' id='word_1_372' title='bbox 233 3301 607 3369; x_wconf 75' lang='grc' dir='ltr'><strong>ἐκπλήσσεται</strong></span> <span class='ocrx_word' id='word_1_373' title='bbox 654 3309 746 3359; x_wconf 76' lang='grc' dir='ltr'><strong>καὶ</strong></span> <span class='ocrx_word' id='word_1_374' title='bbox 798 3311 1030 3383; x_wconf 82' lang='grc' dir='ltr'><strong>ἀγαλλιᾷ</strong></span> <span class='ocrx_word' id='word_1_375' title='bbox 1078 3317 1393 3383; x_wconf 76' lang='grc' dir='ltr'><strong>ἀγαλλιάσει</strong></span> <span class='ocrx_word' id='word_1_376' title='bbox 1437 3325 1805 3399; x_wconf 82' lang='grc' dir='ltr'><strong>ἀνεκλαλήτῳ,</strong></span> 
     </span>
    </p>
   </div>
   <div class='ocr_carea' id='block_1_50' title="bbox 235 3396 1807 3484">
    <p class='ocr_par' dir='ltr' id='par_1_50' title="bbox 235 3396 1807 3484">
     <span class='ocr_line' id='line_1_51' title="bbox 235 3396 1807 3484; baseline 0.021 -43"><span class='ocrx_word' id='word_1_377' title='bbox 235 3396 522 3462; x_wconf 78' lang='grc' dir='ltr'><strong>προσέχων</strong></span> <span class='ocrx_word' id='word_1_378' title='bbox 574 3402 638 3468; x_wconf 72' lang='grc' dir='ltr'><strong>τῇ</strong></span> <span class='ocrx_word' id='word_1_379' title='bbox 695 3403 787 3455; x_wconf 76' lang='grc' dir='ltr'><strong>τοῦ</strong></span> <span class='ocrx_word' id='word_1_380' title='bbox 836 3406 1022 3475; x_wconf 82' lang='grc' dir='ltr'><strong>ἐτέρου</strong></span> <span class='ocrx_word' id='word_1_381' title='bbox 1072 3409 1219 3481; x_wconf 81' lang='grc' dir='ltr'><strong>δόξῃ.</strong></span> <span class='ocrx_word' id='word_1_382' title='bbox 1272 3412 1434 3484; x_wconf 73' lang='grc' dir='ltr'><strong>Ὁρᾷς</strong></span> <span class='ocrx_word' id='word_1_383' title='bbox 1479 3417 1594 3480; x_wconf 80' lang='grc' dir='ltr'><strong>πῶς</strong></span> <span class='ocrx_word' id='word_1_384' title='bbox 1623 3396 1807 3474; x_wconf 74' lang='grc' dir='ltr'><strong>αἰτοῦ</strong></span> 
     </span>
    </p>
   </div>
   <div class='ocr_carea' id='block_1_51' title="bbox 236 3486 1808 3579">
    <p class='ocr_par' dir='ltr' id='par_1_51' title="bbox 236 3486 1808 3579">
     <span class='ocr_line' id='line_1_52' title="bbox 236 3486 1808 3579; baseline 0.02 -45"><span class='ocrx_word' id='word_1_385' title='bbox 236 3486 375 3537; x_wconf 70' lang='grc' dir='ltr'><strong>Θεοῦ</strong></span> <span class='ocrx_word' id='word_1_386' title='bbox 426 3488 568 3551; x_wconf 71' lang='grc' dir='ltr'><strong>δόξαι</strong></span> <span class='ocrx_word' id='word_1_387' title='bbox 600 3491 867 3560; x_wconf 78' lang='grc' dir='ltr'><strong>ἄφραστοί</strong></span> <span class='ocrx_word' id='word_1_388' title='bbox 918 3500 1021 3550; x_wconf 74' lang='grc' dir='ltr'><strong>εἰσι</strong></span> <span class='ocrx_word' id='word_1_389' title='bbox 1070 3501 1163 3552; x_wconf 78' lang='grc' dir='ltr'><strong>καὶ</strong></span> <span class='ocrx_word' id='word_1_390' title='bbox 1202 3504 1593 3575; x_wconf 85' lang='grc' dir='ltr'><strong>ἀκατάληπτοι,</strong></span> <span class='ocrx_word' id='word_1_391' title='bbox 1634 3514 1808 3579; x_wconf 79' lang='grc' dir='ltr'><strong>φωτὸς</strong></span> 
     </span>
    </p>
   </div>
   <div class='ocr_carea' id='block_1_52' title="bbox 233 3578 1808 3669">
    <p class='ocr_par' dir='ltr' id='par_1_52' title="bbox 233 3578 1808 3669">
     <span class='ocr_line' id='line_1_53' title="bbox 233 3578 1808 3669; baseline 0.018 -44"><span class='ocrx_word' id='word_1_392' title='bbox 233 3578 473 3642; x_wconf 72' lang='grc' dir='ltr'><strong>ἀῤῥήτου</strong></span> <span class='ocrx_word' id='word_1_393' title='bbox 527 3581 616 3631; x_wconf 76' lang='grc' dir='ltr'><strong>καὶ</strong></span> <span class='ocrx_word' id='word_1_394' title='bbox 663 3583 849 3636; x_wconf 77' lang='grc' dir='ltr'><strong>ἀϊδίων</strong></span> <span class='ocrx_word' id='word_1_395' title='bbox 899 3589 1232 3658; x_wconf 83' lang='grc' dir='ltr'><strong>μυστηρίων,</strong></span> <span class='ocrx_word' id='word_1_396' title='bbox 1289 3596 1382 3646; x_wconf 79' lang='grc' dir='ltr'><strong>καὶ</strong></span> <span class='ocrx_word' id='word_1_397' title='bbox 1424 3578 1808 3669; x_wconf 80' lang='grc' dir='ltr'><strong>ἀναριθμήτων</strong></span> 
     </span>
    </p>
   </div>
   <div class='ocr_carea' id='block_1_53' title="bbox 232 3667 1807 3759">
    <p class='ocr_par' dir='ltr' id='par_1_53' title="bbox 232 3667 1807 3759">
     <span class='ocr_line' id='line_1_54' title="bbox 232 3667 1807 3759; baseline 0.02 -44"><span class='ocrx_word' id='word_1_398' title='bbox 232 3667 456 3732; x_wconf 77' lang='grc' dir='ltr'><strong>ἀγαθῶν</strong></span> <span class='ocrx_word' id='word_1_399' title='bbox 491 3670 827 3741; x_wconf 78' lang='grc' dir='ltr'><strong>ὑπάρχουσι;</strong></span> <span class='ocrx_word' id='word_1_400' title='bbox 862 3676 1069 3748; x_wconf 83' lang='grc' dir='ltr'><strong>Ὥσπερ</strong></span> <span class='ocrx_word' id='word_1_401' title='bbox 1099 3680 1206 3751; x_wconf 79' lang='grc' dir='ltr'><strong>γὰρ</strong></span> <span class='ocrx_word' id='word_1_402' title='bbox 1237 3685 1293 3736; x_wconf 89' lang='grc' dir='ltr'><strong>ἐν</strong></span> <span class='ocrx_word' id='word_1_403' title='bbox 1325 3689 1438 3749; x_wconf 84' lang='grc' dir='ltr'><strong>τοῖς</strong></span> <span class='ocrx_word' id='word_1_404' title='bbox 1465 3667 1807 3759; x_wconf 73' lang='grc' dir='ltr'><strong>φαινομένοις</strong></span> 
     </span>
    </p>
   </div>
   <div class='ocr_carea' id='block_1_54' title="bbox 230 3759 1808 3846">
    <p class='ocr_par' dir='ltr' id='par_1_54' title="bbox 230 3759 1808 3846">
     <span class='ocr_line' id='line_1_55' title="bbox 230 3759 1808 3846; baseline 0.019 -39"><span class='ocrx_word' id='word_1_405' title='bbox 230 3760 300 3809; x_wconf 67' lang='grc' dir='ltr'><strong>τὰ</strong></span> <span class='ocrx_word' id='word_1_406' title='bbox 326 3759 423 3826; x_wconf 78' lang='grc' dir='ltr'><strong>τῆς</strong></span> <span class='ocrx_word' id='word_1_407' title='bbox 451 3760 553 3829; x_wconf 75' lang='grc' dir='ltr'><strong>γῆς</strong></span> <span class='ocrx_word' id='word_1_408' title='bbox 591 3764 753 3828; x_wconf 81' lang='grc' dir='ltr'><strong>φυτὰ,</strong></span> <span class='ocrx_word' id='word_1_409' title='bbox 782 3766 812 3835; x_wconf 85' lang='grc' dir='ltr'>ἢ</span> <span class='ocrx_word' id='word_1_410' title='bbox 850 3769 1159 3837; x_wconf 86' lang='grc' dir='ltr'><strong>σπέρματα,</strong></span> <span class='ocrx_word' id='word_1_411' title='bbox 1190 3773 1221 3842; x_wconf 84' lang='grc' dir='ltr'>ἢ</span> <span class='ocrx_word' id='word_1_412' title='bbox 1262 3775 1396 3846; x_wconf 76' lang='grc' dir='ltr'><strong>ἄνθη</strong></span> <span class='ocrx_word' id='word_1_413' title='bbox 1435 3781 1653 3834; x_wconf 83' lang='grc' dir='ltr'><strong>ποικίλα</strong></span> <span class='ocrx_word' id='word_1_414' title='bbox 1682 3786 1808 3836; x_wconf 80' lang='grc' dir='ltr'><strong>ἁδύ-</strong></span> 
     </span>
    </p>
   </div>
   <div class='ocr_carea' id='block_1_55' title="bbox 231 3851 1807 3931">
    <p class='ocr_par' dir='ltr' id='par_1_55' title="bbox 231 3851 1807 3931">
     <span class='ocr_line' id='line_1_56' title="bbox 231 3851 1807 3931; baseline 0.018 -33"><span class='ocrx_word' id='word_1_415' title='bbox 231 3851 391 3901; x_wconf 79' lang='grc' dir='ltr'><strong>νατόν</strong></span> <span class='ocrx_word' id='word_1_416' title='bbox 419 3869 522 3903; x_wconf 86' lang='grc' dir='ltr'><strong>τινι</strong></span> <span class='ocrx_word' id='word_1_417' title='bbox 556 3856 877 3909; x_wconf 89' lang='grc' dir='ltr'><strong>καταλαϐεῖν</strong></span> <span class='ocrx_word' id='word_1_418' title='bbox 917 3860 1154 3931; x_wconf 82' lang='grc' dir='ltr'><strong>ἀριθμῷ,</strong></span> <span class='ocrx_word' id='word_1_419' title='bbox 1191 3865 1283 3916; x_wconf 64' lang='grc' dir='ltr'><strong>καὶ¹</strong></span> <span class='ocrx_word' id='word_1_420' title='bbox 1316 3866 1406 3919; x_wconf 81' lang='grc' dir='ltr'><strong>τὸν</strong></span> <span class='ocrx_word' id='word_1_421' title='bbox 1433 3868 1609 3923; x_wconf 75' lang='grc' dir='ltr'><strong>πάντα</strong></span> <span class='ocrx_word' id='word_1_422' title='bbox 1643 3872 1807 3925; x_wconf 82' lang='grc' dir='ltr'><strong>πλοῦ-</strong></span> 
     </span>
    </p>
   </div>
   <div class='ocr_carea' id='block_1_56' title="bbox 229 3942 1801 4028">
    <p class='ocr_par' dir='ltr' id='par_1_56' title="bbox 229 3942 1801 4028">
     <span class='ocr_line' id='line_1_57' title="bbox 229 3942 1801 4028; baseline 0.017 -37"><span class='ocrx_word' id='word_1_423' title='bbox 229 3955 323 3991; x_wconf 79' lang='grc' dir='ltr'><strong>τον</strong></span> <span class='ocrx_word' id='word_1_424' title='bbox 350 3942 447 4010; x_wconf 83' lang='grc' dir='ltr'><strong>τῆς</strong></span> <span class='ocrx_word' id='word_1_425' title='bbox 487 3944 608 4012; x_wconf 85' lang='grc' dir='ltr'><strong>γῆς,</strong></span> <span class='ocrx_word' id='word_1_426' title='bbox 644 3947 921 4016; x_wconf 79' lang='grc' dir='ltr'><strong>ἀμήχανόν</strong></span> <span class='ocrx_word' id='word_1_427' title='bbox 957 3968 1062 4004; x_wconf 84' lang='grc' dir='ltr'><strong>τινι</strong></span> <span class='ocrx_word' id='word_1_428' title='bbox 1090 3956 1411 4028; x_wconf 81' lang='grc' dir='ltr'><strong>μετρῆσαιῆ</strong></span> <span class='ocrx_word' id='word_1_429' title='bbox 1444 3961 1765 4017; x_wconf 76' lang='grc' dir='ltr'><strong>ἐπίστασθαι</strong></span> <span class='ocrx_word' id='word_1_430' title='bbox 1787 3982 1801 3997; x_wconf 78' lang='grc' dir='ltr'><strong>ο</strong></span> 
     </span>
    </p>
   </div>
   <div class='ocr_carea' id='block_1_57' title="bbox 229 4031 1804 4125">
    <p class='ocr_par' dir='ltr' id='par_1_57' title="bbox 229 4031 1804 4125">
     <span class='ocr_line' id='line_1_58' title="bbox 229 4031 1804 4125; baseline 0.017 -43"><span class='ocrx_word' id='word_1_431' title='bbox 229 4032 262 4100; x_wconf 82' lang='grc' dir='ltr'><strong>ῆ</strong></span> <span class='ocrx_word' id='word_1_432' title='bbox 301 4031 489 4102; x_wconf 83' lang='grc' dir='ltr'><strong>ῶσπερ</strong></span> <span class='ocrx_word' id='word_1_433' title='bbox 516 4037 572 4087; x_wconf 84' lang='grc' dir='ltr'><strong>ἐν</strong></span> <span class='ocrx_word' id='word_1_434' title='bbox 598 4040 662 4108; x_wconf 81' lang='grc' dir='ltr'><strong>τῇ</strong></span> <span class='ocrx_word' id='word_1_435' title='bbox 704 4038 945 4112; x_wconf 80' lang='grc' dir='ltr'><strong>Θαλάσσῃ</strong></span> <span class='ocrx_word' id='word_1_436' title='bbox 978 4044 1046 4095; x_wconf 78' lang='grc' dir='ltr'><strong>τὰ</strong></span> <span class='ocrx_word' id='word_1_437' title='bbox 1075 4046 1132 4096; x_wconf 90' lang='grc' dir='ltr'><strong>ἐν</strong></span> <span class='ocrx_word' id='word_1_438' title='bbox 1164 4047 1301 4117; x_wconf 82' lang='grc' dir='ltr'><strong>αὐτῇ</strong></span> <span class='ocrx_word' id='word_1_439' title='bbox 1335 4048 1525 4120; x_wconf 79' lang='grc' dir='ltr'><strong>ζῶα,ἢ</strong></span> <span class='ocrx_word' id='word_1_440' title='bbox 1560 4052 1650 4105; x_wconf 79' lang='grc' dir='ltr'><strong>τὸν</strong></span> <span class='ocrx_word' id='word_1_441' title='bbox 1684 4056 1804 4125; x_wconf 84' lang='grc' dir='ltr'><strong>ἀρι-</strong></span> 
     </span>
    </p>
   </div>
   <div class='ocr_carea' id='block_1_58' title="bbox 229 4121 1802 4211">
    <p class='ocr_par' dir='ltr' id='par_1_58' title="bbox 229 4121 1802 4211">
     <span class='ocr_line' id='line_1_59' title="bbox 229 4121 1802 4211; baseline 0.017 -39"><span class='ocrx_word' id='word_1_442' title='bbox 229 4121 385 4188; x_wconf 70' lang='grc' dir='ltr'><strong>θμὸν,</strong></span> <span class='ocrx_word' id='word_1_443' title='bbox 422 4125 453 4193; x_wconf 83' lang='grc' dir='ltr'>ἢ</span> <span class='ocrx_word' id='word_1_444' title='bbox 492 4127 559 4178; x_wconf 76' lang='grc' dir='ltr'><strong>τὰ</strong></span> <span class='ocrx_word' id='word_1_445' title='bbox 591 4128 739 4195; x_wconf 83' lang='grc' dir='ltr'><strong>γένη,</strong></span> <span class='ocrx_word' id='word_1_446' title='bbox 769 4130 800 4195; x_wconf 84' lang='grc' dir='ltr'>ἦ</span> <span class='ocrx_word' id='word_1_447' title='bbox 832 4132 930 4199; x_wconf 83' lang='grc' dir='ltr'><strong>τὴν</strong></span> <span class='ocrx_word' id='word_1_448' title='bbox 959 4133 1241 4205; x_wconf 74' lang='grc' dir='ltr'><strong>διαφορὰν,</strong></span> <span class='ocrx_word' id='word_1_449' title='bbox 1275 4138 1305 4207; x_wconf 79' lang='grc' dir='ltr'>ἢ</span> <span class='ocrx_word' id='word_1_450' title='bbox 1354 4140 1415 4192; x_wconf 85' lang='grc' dir='ltr'><strong>τὸ</strong></span> <span class='ocrx_word' id='word_1_451' title='bbox 1465 4142 1662 4211; x_wconf 83' lang='grc' dir='ltr'><strong>μέτρον</strong></span> <span class='ocrx_word' id='word_1_452' title='bbox 1709 4121 1802 4198; x_wconf 76' lang='grc' dir='ltr'><strong>τοῦ</strong></span> 
     </span>
    </p>
   </div>
   <div class='ocr_carea' id='block_1_59' title="bbox 230 4212 1804 4301">
    <p class='ocr_par' dir='ltr' id='par_1_59' title="bbox 230 4212 1804 4301">
     <span class='ocr_line' id='line_1_60' title="bbox 230 4212 1804 4301; baseline 0.017 -38"><span class='ocrx_word' id='word_1_453' title='bbox 230 4212 424 4275; x_wconf 78' lang='grc' dir='ltr'><strong>ὕδατος</strong></span> <span class='ocrx_word' id='word_1_454' title='bbox 457 4217 646 4286; x_wconf 74' lang='grc' dir='ltr'><strong>αὐτῆς,</strong></span> <span class='ocrx_word' id='word_1_455' title='bbox 676 4221 707 4289; x_wconf 78' lang='grc' dir='ltr'><strong>ἢ</strong></span> <span class='ocrx_word' id='word_1_456' title='bbox 755 4221 815 4272; x_wconf 83' lang='grc' dir='ltr'><strong>τὸ</strong></span> <span class='ocrx_word' id='word_1_457' title='bbox 850 4222 1046 4293; x_wconf 85' lang='grc' dir='ltr'><strong>μέτρον</strong></span> <span class='ocrx_word' id='word_1_458' title='bbox 1088 4226 1181 4278; x_wconf 78' lang='grc' dir='ltr'><strong>τοῦ</strong></span> <span class='ocrx_word' id='word_1_459' title='bbox 1214 4228 1379 4281; x_wconf 85' lang='grc' dir='ltr'><strong>τόπου</strong></span> <span class='ocrx_word' id='word_1_460' title='bbox 1411 4232 1581 4301; x_wconf 81' lang='grc' dir='ltr'><strong>αὐτῆς</strong></span> <span class='ocrx_word' id='word_1_461' title='bbox 1615 4235 1804 4288; x_wconf 72' lang='grc' dir='ltr'><strong>ἀδύνα-</strong></span> 
     </span>
    </p>
   </div>
   <div class='ocr_carea' id='block_1_60' title="bbox 224 4307 1802 4399">
    <p class='ocr_par' dir='ltr' id='par_1_60' title="bbox 224 4307 1802 4399">
     <span class='ocr_line' id='line_1_61' title="bbox 224 4307 1802 4399; baseline 0.017 -45"><span class='ocrx_word' id='word_1_462' title='bbox 224 4307 317 4355; x_wconf 74' lang='grc' dir='ltr'><strong>τόν</strong></span> <span class='ocrx_word' id='word_1_463' title='bbox 347 4323 452 4357; x_wconf 91' lang='grc' dir='ltr'><strong>τινι</strong></span> <span class='ocrx_word' id='word_1_464' title='bbox 479 4308 586 4358; x_wconf 83' lang='grc' dir='ltr'><strong>τῶν</strong></span> <span class='ocrx_word' id='word_1_465' title='bbox 628 4310 931 4380; x_wconf 78' lang='grc' dir='ltr'><strong>ἀνθρώπων</strong></span> <span class='ocrx_word' id='word_1_466' title='bbox 960 4319 1316 4371; x_wconf 72' lang='grc' dir='ltr'><strong>καταλαϐεῖνο</strong></span> <span class='ocrx_word' id='word_1_467' title='bbox 1347 4320 1378 4391; x_wconf 83' lang='grc' dir='ltr'>ἢ</span> <span class='ocrx_word' id='word_1_468' title='bbox 1409 4321 1599 4395; x_wconf 88' lang='grc' dir='ltr'><strong>ῶσπερ</strong></span> <span class='ocrx_word' id='word_1_469' title='bbox 1630 4328 1688 4379; x_wconf 83' lang='grc' dir='ltr'><strong>ἐν</strong></span> <span class='ocrx_word' id='word_1_470' title='bbox 1725 4328 1802 4399; x_wconf 80' lang='grc' dir='ltr'><strong>τῷ</strong></span> 
     </span>
    </p>
   </div>
   <div class='ocr_carea' id='block_1_61' title="bbox 224 4396 1801 4488">
    <p class='ocr_par' dir='ltr' id='par_1_61' title="bbox 224 4396 1801 4488">
     <span class='ocr_line' id='line_1_62' title="bbox 224 4396 1801 4488; baseline 0.015 -40"><span class='ocrx_word' id='word_1_471' title='bbox 224 4396 347 4465; x_wconf 78' lang='grc' dir='ltr'><strong>ἀέρι</strong></span> <span class='ocrx_word' id='word_1_472' title='bbox 396 4398 487 4448; x_wconf 83' lang='grc' dir='ltr'><strong>τὸν</strong></span> <span class='ocrx_word' id='word_1_473' title='bbox 532 4399 760 4470; x_wconf 81' lang='grc' dir='ltr'><strong>ἀριθμὸν</strong></span> <span class='ocrx_word' id='word_1_474' title='bbox 796 4404 902 4455; x_wconf 86' lang='grc' dir='ltr'><strong>τῶν</strong></span> <span class='ocrx_word' id='word_1_475' title='bbox 937 4410 1229 4462; x_wconf 84' lang='grc' dir='ltr'><strong>πετεινῶν’</strong></span> <span class='ocrx_word' id='word_1_476' title='bbox 1266 4410 1415 4481; x_wconf 58' lang='grc' dir='ltr'><strong>ητα</strong></span> <span class='ocrx_word' id='word_1_477' title='bbox 1444 4414 1574 4486; x_wconf 87' lang='grc' dir='ltr'><strong>γένη</strong></span> <span class='ocrx_word' id='word_1_478' title='bbox 1623 4416 1653 4487; x_wconf 83' lang='grc' dir='ltr'><strong>ἥ</strong></span> <span class='ocrx_word' id='word_1_479' title='bbox 1687 4396 1801 4488; x_wconf 74' lang='grc' dir='ltr'><strong>,τὴν</strong></span> 
     </span>
    </p>
   </div>
   <div class='ocr_carea' id='block_1_62' title="bbox 1919 1947 3490 2024">
    <p class='ocr_par' dir='ltr' id='par_1_62' title="bbox 1919 1947 3490 2024">
     <span class='ocr_line' id='line_1_63' title="bbox 1919 1947 3490 2024; baseline 0.013 -26"><span class='ocrx_word' id='word_1_480' title='bbox 1919 1947 2189 2003; x_wconf 90' lang='lat' dir='ltr'><strong>Dominus</strong></span> <span class='ocrx_word' id='word_1_481' title='bbox 2219 1951 2367 2004; x_wconf 80' lang='lat' dir='ltr'><strong>enim</strong></span> <span class='ocrx_word' id='word_1_482' title='bbox 2397 1964 2482 2008; x_wconf 91' lang='lat' dir='ltr'><strong>est</strong></span> <span class='ocrx_word' id='word_1_483' title='bbox 2508 1970 2698 2010; x_wconf 90' lang='lat' dir='ltr'><strong>eorum</strong></span> <span class='ocrx_word' id='word_1_484' title='bbox 2730 1958 2949 2024; x_wconf 85' lang='lat' dir='ltr'><strong>domus,</strong></span> <span class='ocrx_word' id='word_1_485' title='bbox 2988 1961 3403 2017; x_wconf 85' lang='lat' dir='ltr'><strong>tabernaculum</strong></span> <span class='ocrx_word' id='word_1_486' title='bbox 3433 1973 3490 2017; x_wconf 89' lang='lat' dir='ltr'><strong>et</strong></span> 
     </span>
    </p>
   </div>
   <div class='ocr_carea' id='block_1_63' title="bbox 1919 2038 3488 2125">
    <p class='ocr_par' dir='ltr' id='par_1_63' title="bbox 1919 2038 3488 2125">
     <span class='ocr_line' id='line_1_64' title="bbox 1919 2038 3488 2125; baseline 0.013 -34"><span class='ocrx_word' id='word_1_487' title='bbox 1919 2038 2141 2106; x_wconf 84' lang='lat' dir='ltr'><strong>civitas;</strong></span> <span class='ocrx_word' id='word_1_488' title='bbox 2167 2039 2451 2099; x_wconf 89' lang='lat' dir='ltr'><strong>domicilio</strong></span> <span class='ocrx_word' id='word_1_489' title='bbox 2481 2063 2609 2102; x_wconf 90' lang='lat' dir='ltr'><strong>vero</strong></span> <span class='ocrx_word' id='word_1_490' title='bbox 2632 2050 2863 2116; x_wconf 67' lang='lat' dir='ltr'><strong>caalesti,</strong></span> <span class='ocrx_word' id='word_1_491' title='bbox 2888 2067 3000 2106; x_wconf 92' lang='lat' dir='ltr'><strong>non</strong></span> <span class='ocrx_word' id='word_1_492' title='bbox 3021 2054 3336 2110; x_wconf 81' lang='lat' dir='ltr'><strong>manufacto</strong></span> <span class='ocrx_word' id='word_1_493' title='bbox 3358 2072 3488 2125; x_wconf 89' lang='lat' dir='ltr'><strong>pro-</strong></span> 
     </span>
    </p>
   </div>
   <div class='ocr_carea' id='block_1_64' title="bbox 1918 2130 3486 2205">
    <p class='ocr_par' dir='ltr' id='par_1_64' title="bbox 1918 2130 3486 2205">
     <span class='ocr_line' id='line_1_65' title="bbox 1918 2130 3486 2205; baseline 0.012 -24"><span class='ocrx_word' id='word_1_494' title='bbox 1918 2130 2047 2184; x_wconf 89' lang='lat' dir='ltr'><strong>tecti</strong></span> <span class='ocrx_word' id='word_1_495' title='bbox 2080 2141 2229 2199; x_wconf 89' lang='lat' dir='ltr'><strong>sunt,</strong></span> <span class='ocrx_word' id='word_1_496' title='bbox 2258 2136 2432 2205; x_wconf 78' lang='lat' dir='ltr'><strong>gloria</strong></span> <span class='ocrx_word' id='word_1_497' title='bbox 2462 2138 2722 2193; x_wconf 88' lang='lat' dir='ltr'><strong>nimirum</strong></span> <span class='ocrx_word' id='word_1_498' title='bbox 2755 2142 2982 2196; x_wconf 84' lang='lat' dir='ltr'><strong>luminis</strong></span> <span class='ocrx_word' id='word_1_499' title='bbox 3015 2143 3188 2198; x_wconf 87' lang='lat' dir='ltr'><strong>divini</strong></span> <span class='ocrx_word' id='word_1_500' title='bbox 3213 2147 3366 2200; x_wconf 92' lang='lat' dir='ltr'><strong>velut</strong></span> <span class='ocrx_word' id='word_1_501' title='bbox 3389 2147 3486 2200; x_wconf 84' lang='lat' dir='ltr'><strong>lilii</strong></span> 
     </span>
    </p>
   </div>
   <div class='ocr_carea' id='block_1_65' title="bbox 1916 2218 3488 2290">
    <p class='ocr_par' dir='ltr' id='par_1_65' title="bbox 1916 2218 3488 2290">
     <span class='ocr_line' id='line_1_66' title="bbox 1916 2218 3488 2290; baseline 0.011 -18"><span class='ocrx_word' id='word_1_502' title='bbox 1916 2218 2056 2275; x_wconf 91' lang='lat' dir='ltr'><strong>lucis</strong></span> <span class='ocrx_word' id='word_1_503' title='bbox 2101 2222 2305 2280; x_wconf 72' lang='lat' dir='ltr'><strong>effecti.</strong></span> <span class='ocrx_word' id='word_1_504' title='bbox 2342 2227 2460 2281; x_wconf 90' lang='lat' dir='ltr'><strong>Non</strong></span> <span class='ocrx_word' id='word_1_505' title='bbox 2515 2228 2879 2285; x_wconf 89' lang='lat' dir='ltr'><strong>intuebuntur</strong></span> <span class='ocrx_word' id='word_1_506' title='bbox 2928 2248 2987 2288; x_wconf 90' lang='lat' dir='ltr'><strong>se</strong></span> <span class='ocrx_word' id='word_1_507' title='bbox 3040 2234 3277 2290; x_wconf 84' lang='lat' dir='ltr'><strong>invicem</strong></span> <span class='ocrx_word' id='word_1_508' title='bbox 3325 2237 3488 2290; x_wconf 90' lang='lat' dir='ltr'><strong>oculo</strong></span> 
     </span>
    </p>
   </div>
   <div class='ocr_carea' id='block_1_66' title="bbox 1916 2315 3488 2380">
    <p class='ocr_par' dir='ltr' id='par_1_66' title="bbox 1916 2315 3488 2380">
     <span class='ocr_line' id='line_1_67' title="bbox 1916 2315 3488 2380; baseline 0.013 -21"><span class='ocrx_word' id='word_1_509' title='bbox 1916 2324 2118 2377; x_wconf 90' lang='lat' dir='ltr'><strong>pravo;</strong></span> <span class='ocrx_word' id='word_1_510' title='bbox 2180 2315 2387 2370; x_wconf 89' lang='lat' dir='ltr'><strong>malitia</strong></span> <span class='ocrx_word' id='word_1_511' title='bbox 2428 2318 2575 2373; x_wconf 89' lang='lat' dir='ltr'><strong>enim</strong></span> <span class='ocrx_word' id='word_1_512' title='bbox 2631 2321 2848 2377; x_wconf 89' lang='lat' dir='ltr'><strong>sublata</strong></span> <span class='ocrx_word' id='word_1_513' title='bbox 2907 2331 3010 2379; x_wconf 86' lang='lat' dir='ltr'><strong>est.</strong></span> <span class='ocrx_word' id='word_1_514' title='bbox 3067 2325 3189 2379; x_wconf 88' lang='lat' dir='ltr'><strong>Non</strong></span> <span class='ocrx_word' id='word_1_515' title='bbox 3238 2335 3322 2379; x_wconf 92' lang='lat' dir='ltr'><strong>est</strong></span> <span class='ocrx_word' id='word_1_516' title='bbox 3373 2326 3488 2380; x_wconf 87' lang='lat' dir='ltr'><strong>illic</strong></span> 
     </span>
    </p>
   </div>
   <div class='ocr_carea' id='block_1_67' title="bbox 1916 2403 3487 2473">
    <p class='ocr_par' dir='ltr' id='par_1_67' title="bbox 1916 2403 3487 2473">
     <span class='ocr_line' id='line_1_68' title="bbox 1916 2403 3487 2473; baseline 0.011 -21"><span class='ocrx_word' id='word_1_517' title='bbox 1916 2403 2193 2458; x_wconf 84' lang='lat' dir='ltr'><strong>masculus</strong></span> <span class='ocrx_word' id='word_1_518' title='bbox 2215 2414 2270 2458; x_wconf 90' lang='lat' dir='ltr'><strong>et</strong></span> <span class='ocrx_word' id='word_1_519' title='bbox 2293 2404 2517 2473; x_wconf 79' lang='lat' dir='ltr'><strong>femina,</strong></span> <span class='ocrx_word' id='word_1_520' title='bbox 2539 2424 2731 2465; x_wconf 85' lang='lat' dir='ltr'><strong>servus</strong></span> <span class='ocrx_word' id='word_1_521' title='bbox 2752 2422 2807 2465; x_wconf 90' lang='lat' dir='ltr'><strong>et</strong></span> <span class='ocrx_word' id='word_1_522' title='bbox 2828 2411 2987 2466; x_wconf 87' lang='lat' dir='ltr'><strong>liber.</strong></span> <span class='ocrx_word' id='word_1_523' title='bbox 3003 2413 3061 2467; x_wconf 91' lang='lat' dir='ltr'><strong>ln</strong></span> <span class='ocrx_word' id='word_1_524' title='bbox 3076 2414 3317 2468; x_wconf 88' lang='lat' dir='ltr'><strong>divinam</strong></span> <span class='ocrx_word' id='word_1_525' title='bbox 3338 2417 3487 2469; x_wconf 91' lang='lat' dir='ltr'><strong>enim</strong></span> 
     </span>
    </p>
   </div>
   <div class='ocr_carea' id='block_1_68' title="bbox 1915 2501 3485 2574">
    <p class='ocr_par' dir='ltr' id='par_1_68' title="bbox 1915 2501 3485 2574">
     <span class='ocr_line' id='line_1_69' title="bbox 1915 2501 3485 2574; baseline 0.011 -31"><span class='ocrx_word' id='word_1_526' title='bbox 1915 2501 2167 2547; x_wconf 86' lang='lat' dir='ltr'><strong>naturam</strong></span> <span class='ocrx_word' id='word_1_527' title='bbox 2196 2511 2386 2551; x_wconf 89' lang='lat' dir='ltr'><strong>omnes</strong></span> <span class='ocrx_word' id='word_1_528' title='bbox 2419 2507 2877 2567; x_wconf 86' lang='lat' dir='ltr'><strong>transmutantur,</strong></span> <span class='ocrx_word' id='word_1_529' title='bbox 2910 2503 3154 2574; x_wconf 78' lang='lat' dir='ltr'><strong>benigni,</strong></span> <span class='ocrx_word' id='word_1_530' title='bbox 3196 2505 3270 2559; x_wconf 92' lang='lat' dir='ltr'><strong>dii</strong></span> <span class='ocrx_word' id='word_1_531' title='bbox 3302 2517 3359 2561; x_wconf 92' lang='lat' dir='ltr'><strong>et</strong></span> <span class='ocrx_word' id='word_1_532' title='bbox 3388 2506 3485 2561; x_wconf 84' lang='lat' dir='ltr'><strong>lilii</strong></span> 
     </span>
    </p>
   </div>
   <div class='ocr_carea' id='block_1_69' title="bbox 1918 2581 3486 2666">
    <p class='ocr_par' dir='ltr' id='par_1_69' title="bbox 1918 2581 3486 2666">
     <span class='ocr_line' id='line_1_70' title="bbox 1918 2581 3486 2666; baseline 0.013 -34"><span class='ocrx_word' id='word_1_533' title='bbox 1918 2581 2015 2634; x_wconf 88' lang='lat' dir='ltr'><strong>Dei</strong></span> <span class='ocrx_word' id='word_1_534' title='bbox 2044 2581 2192 2636; x_wconf 85' lang='lat' dir='ltr'><strong>facti.</strong></span> <span class='ocrx_word' id='word_1_535' title='bbox 2226 2585 2341 2639; x_wconf 88' lang='lat' dir='ltr'><strong>Illic</strong></span> <span class='ocrx_word' id='word_1_536' title='bbox 2377 2588 2586 2657; x_wconf 90' lang='lat' dir='ltr'><strong>absque</strong></span> <span class='ocrx_word' id='word_1_537' title='bbox 2628 2592 2741 2645; x_wconf 91' lang='lat' dir='ltr'><strong>ullo</strong></span> <span class='ocrx_word' id='word_1_538' title='bbox 2795 2594 3005 2662; x_wconf 86' lang='lat' dir='ltr'><strong>pudore</strong></span> <span class='ocrx_word' id='word_1_539' title='bbox 3054 2604 3185 2650; x_wconf 92' lang='lat' dir='ltr'><strong>tunc</strong></span> <span class='ocrx_word' id='word_1_540' title='bbox 3226 2596 3486 2666; x_wconf 85' lang='lat' dir='ltr'><strong>loquetur</strong></span> 
     </span>
    </p>
   </div>
   <div class='ocr_carea' id='block_1_70' title="bbox 1913 2672 3486 2753">
    <p class='ocr_par' dir='ltr' id='par_1_70' title="bbox 1913 2672 3486 2753">
     <span class='ocr_line' id='line_1_71' title="bbox 1913 2672 3486 2753; baseline 0.012 -30"><span class='ocrx_word' id='word_1_541' title='bbox 1913 2685 2103 2737; x_wconf 85' lang='lat' dir='ltr'><strong>pacem</strong></span> <span class='ocrx_word' id='word_1_542' title='bbox 2129 2672 2299 2729; x_wconf 79' lang='lat' dir='ltr'><strong>frater</strong></span> <span class='ocrx_word' id='word_1_543' title='bbox 2330 2691 2453 2730; x_wconf 90' lang='lat' dir='ltr'><strong>cum</strong></span> <span class='ocrx_word' id='word_1_544' title='bbox 2480 2693 2689 2734; x_wconf 90' lang='lat' dir='ltr'><strong>sorore.</strong></span> <span class='ocrx_word' id='word_1_545' title='bbox 2716 2680 2897 2736; x_wconf 91' lang='lat' dir='ltr'><strong>Unum</strong></span> <span class='ocrx_word' id='word_1_546' title='bbox 2938 2683 3210 2753; x_wconf 88' lang='lat' dir='ltr'><strong>siquidem</strong></span> <span class='ocrx_word' id='word_1_547' title='bbox 3251 2694 3380 2741; x_wconf 89' lang='lat' dir='ltr'><strong>sunt</strong></span> <span class='ocrx_word' id='word_1_548' title='bbox 3427 2688 3486 2742; x_wconf 92' lang='lat' dir='ltr'><strong>in</strong></span> 
     </span>
    </p>
   </div>
   <div class='ocr_carea' id='block_1_71' title="bbox 1912 2760 3481 2846">
    <p class='ocr_par' dir='ltr' id='par_1_71' title="bbox 1912 2760 3481 2846">
     <span class='ocr_line' id='line_1_72' title="bbox 1912 2760 3481 2846; baseline 0.014 -34"><span class='ocrx_word' id='word_1_549' title='bbox 1912 2760 2133 2815; x_wconf 83' lang='lat' dir='ltr'><strong>Christo</strong></span> <span class='ocrx_word' id='word_1_550' title='bbox 2154 2776 2637 2831; x_wconf 89' lang='lat' dir='ltr'><strong>omnes,etomnes</strong></span> <span class='ocrx_word' id='word_1_551' title='bbox 2665 2772 2720 2826; x_wconf 91' lang='lat' dir='ltr'><strong>in</strong></span> <span class='ocrx_word' id='word_1_552' title='bbox 2746 2789 2855 2828; x_wconf 93' lang='lat' dir='ltr'><strong>uno</strong></span> <span class='ocrx_word' id='word_1_553' title='bbox 2875 2773 3083 2830; x_wconf 89' lang='lat' dir='ltr'><strong>lumine</strong></span> <span class='ocrx_word' id='word_1_554' title='bbox 3106 2778 3481 2846; x_wconf 85' lang='lat' dir='ltr'><strong>requiescunt.</strong></span> 
     </span>
    </p>
   </div>
   <div class='ocr_carea' id='block_1_72' title="bbox 1913 2851 3483 2926">
    <p class='ocr_par' dir='ltr' id='par_1_72' title="bbox 1913 2851 3483 2926">
     <span class='ocr_line' id='line_1_73' title="bbox 1913 2851 3483 2926; baseline 0.014 -22"><span class='ocrx_word' id='word_1_555' title='bbox 1913 2851 2172 2909; x_wconf 65' lang='lat' dir='ltr'><strong>Ataendet</strong></span> <span class='ocrx_word' id='word_1_556' title='bbox 2210 2856 2350 2911; x_wconf 90' lang='lat' dir='ltr'><strong>alter</strong></span> <span class='ocrx_word' id='word_1_557' title='bbox 2396 2858 2450 2912; x_wconf 88' lang='lat' dir='ltr'><strong>in</strong></span> <span class='ocrx_word' id='word_1_558' title='bbox 2484 2861 2741 2926; x_wconf 91' lang='lat' dir='ltr'><strong>alterum,</strong></span> <span class='ocrx_word' id='word_1_559' title='bbox 2786 2872 2843 2917; x_wconf 90' lang='lat' dir='ltr'><strong>et</strong></span> <span class='ocrx_word' id='word_1_560' title='bbox 2894 2864 3041 2920; x_wconf 86' lang='lat' dir='ltr'><strong>inter</strong></span> <span class='ocrx_word' id='word_1_561' title='bbox 3086 2870 3483 2925; x_wconf 84' lang='lat' dir='ltr'><strong>attendendum</strong></span> 
     </span>
    </p>
   </div>
   <div class='ocr_carea' id='block_1_73' title="bbox 1913 2944 3497 3026">
    <p class='ocr_par' dir='ltr' id='par_1_73' title="bbox 1913 2944 3497 3026">
     <span class='ocr_line' id='line_1_74' title="bbox 1913 2944 3497 3026; baseline 0.015 -31"><span class='ocrx_word' id='word_1_562' title='bbox 1913 2944 2197 2998; x_wconf 82' lang='lat' dir='ltr'><strong>confestim</strong></span> <span class='ocrx_word' id='word_1_563' title='bbox 2241 2947 2423 3003; x_wconf 88' lang='lat' dir='ltr'><strong>denuo</strong></span> <span class='ocrx_word' id='word_1_564' title='bbox 2454 2951 2508 3004; x_wconf 91' lang='lat' dir='ltr'><strong>in</strong></span> <span class='ocrx_word' id='word_1_565' title='bbox 2536 2952 2767 3007; x_wconf 84' lang='lat' dir='ltr'><strong>veritate</strong></span> <span class='ocrx_word' id='word_1_566' title='bbox 2797 2955 3193 3026; x_wconf 89' lang='lat' dir='ltr'><strong>splendebunt,</strong></span> <span class='ocrx_word' id='word_1_567' title='bbox 3252 2960 3313 3015; x_wconf 88' lang='lat' dir='ltr'><strong>in</strong></span> <span class='ocrx_word' id='word_1_568' title='bbox 3354 2978 3497 3019; x_wconf 12' lang='lat' dir='ltr'><strong>verat</strong></span> 
     </span>
    </p>
   </div>
   <div class='ocr_carea' id='block_1_74' title="bbox 1913 3039 2867 3105">
    <p class='ocr_par' dir='ltr' id='par_1_74' title="bbox 1913 3039 2867 3105">
     <span class='ocr_line' id='line_1_75' title="bbox 1913 3039 2867 3105; baseline 0.015 -19"><span class='ocrx_word' id='word_1_569' title='bbox 1913 3039 2373 3105; x_wconf 88' lang='lat' dir='ltr'><strong>contemplatione</strong></span> <span class='ocrx_word' id='word_1_570' title='bbox 2407 3041 2629 3097; x_wconf 89' lang='lat' dir='ltr'><strong>luminis</strong></span> <span class='ocrx_word' id='word_1_571' title='bbox 2658 3047 2867 3101; x_wconf 86' lang='lat' dir='ltr'><strong>arcani.</strong></span> 
     </span>
    </p>
   </div>
   <div class='ocr_carea' id='block_1_75' title="bbox 1986 3142 3483 3222">
    <p class='ocr_par' dir='ltr' id='par_1_75' title="bbox 1986 3142 3483 3222">
     <span class='ocr_line' id='line_1_76' title="bbox 1986 3142 3483 3222; baseline 0.014 -29"><span class='ocrx_word' id='word_1_572' title='bbox 1986 3142 2074 3194; x_wconf 92' lang='lat' dir='ltr'><strong>lll.</strong></span> <span class='ocrx_word' id='word_1_573' title='bbox 2114 3143 2264 3199; x_wconf 75' lang='lat' dir='ltr'><strong>Adeo</strong></span> <span class='ocrx_word' id='word_1_574' title='bbox 2315 3147 2711 3216; x_wconf 90' lang='lat' dir='ltr'><strong>multiplicibus</strong></span> <span class='ocrx_word' id='word_1_575' title='bbox 2759 3151 2969 3222; x_wconf 79' lang='lat' dir='ltr'><strong>ﬁguris,</strong></span> <span class='ocrx_word' id='word_1_576' title='bbox 3018 3156 3188 3211; x_wconf 90' lang='lat' dir='ltr'><strong>multa</strong></span> <span class='ocrx_word' id='word_1_577' title='bbox 3236 3167 3293 3211; x_wconf 91' lang='lat' dir='ltr'><strong>et</strong></span> <span class='ocrx_word' id='word_1_578' title='bbox 3332 3160 3483 3216; x_wconf 86' lang='lat' dir='ltr'><strong>varia</strong></span> 
     </span>
    </p>
   </div>
   <div class='ocr_carea' id='block_1_76' title="bbox 1911 3234 3483 3317">
    <p class='ocr_par' dir='ltr' id='par_1_76' title="bbox 1911 3234 3483 3317">
     <span class='ocr_line' id='line_1_77' title="bbox 1911 3234 3483 3317; baseline 0.012 -32"><span class='ocrx_word' id='word_1_579' title='bbox 1911 3234 2083 3303; x_wconf 76' lang='lat' dir='ltr'><strong>gloria</strong></span> <span class='ocrx_word' id='word_1_580' title='bbox 2113 3235 2297 3290; x_wconf 87' lang='lat' dir='ltr'><strong>divina</strong></span> <span class='ocrx_word' id='word_1_581' title='bbox 2319 3253 2377 3292; x_wconf 87' lang='lat' dir='ltr'><strong>se</strong></span> <span class='ocrx_word' id='word_1_582' title='bbox 2407 3238 2641 3293; x_wconf 86' lang='lat' dir='ltr'><strong>invicem</strong></span> <span class='ocrx_word' id='word_1_583' title='bbox 2662 3242 2929 3309; x_wconf 86' lang='lat' dir='ltr'><strong>aspicient</strong></span> <span class='ocrx_word' id='word_1_584' title='bbox 2956 3262 2968 3297; x_wconf 87' lang='lat'><strong>:</strong></span> <span class='ocrx_word' id='word_1_585' title='bbox 3003 3246 3236 3316; x_wconf 88' lang='lat' dir='ltr'><strong>quisque</strong></span> <span class='ocrx_word' id='word_1_586' title='bbox 3259 3257 3483 3317; x_wconf 66' lang='lat' dir='ltr'><strong>stupore</strong></span> 
     </span>
    </p>
   </div>
   <div class='ocr_carea' id='block_1_77' title="bbox 1912 3328 3480 3404">
    <p class='ocr_par' dir='ltr' id='par_1_77' title="bbox 1912 3328 3480 3404">
     <span class='ocr_line' id='line_1_78' title="bbox 1912 3328 3480 3404; baseline 0.01 -25"><span class='ocrx_word' id='word_1_587' title='bbox 1912 3328 2252 3393; x_wconf 77' lang='lat' dir='ltr'><strong>percutietur</strong></span> <span class='ocrx_word' id='word_1_588' title='bbox 2299 3338 2357 3384; x_wconf 90' lang='lat' dir='ltr'><strong>et</strong></span> <span class='ocrx_word' id='word_1_589' title='bbox 2408 3332 2710 3386; x_wconf 81' lang='lat' dir='ltr'><strong>exsultabit</strong></span> <span class='ocrx_word' id='word_1_590' title='bbox 2772 3336 3141 3392; x_wconf 82' lang='lat' dir='ltr'><strong>exsultatione</strong></span> <span class='ocrx_word' id='word_1_591' title='bbox 3194 3338 3480 3404; x_wconf 70' lang='lat' dir='ltr'><strong>ineffabili,</strong></span> 
     </span>
    </p>
   </div>
   <div class='ocr_carea' id='block_1_78' title="bbox 1910 3419 3483 3501">
    <p class='ocr_par' dir='ltr' id='par_1_78' title="bbox 1910 3419 3483 3501">
     <span class='ocr_line' id='line_1_79' title="bbox 1910 3419 3483 3501; baseline 0.011 -31"><span class='ocrx_word' id='word_1_592' title='bbox 1910 3419 2289 3475; x_wconf 87' lang='lat' dir='ltr'><strong>animadversa</strong></span> <span class='ocrx_word' id='word_1_593' title='bbox 2361 3423 2591 3478; x_wconf 89' lang='lat' dir='ltr'><strong>alterius</strong></span> <span class='ocrx_word' id='word_1_594' title='bbox 2654 3425 2848 3493; x_wconf 83' lang='lat' dir='ltr'><strong>gloria.</strong></span> <span class='ocrx_word' id='word_1_595' title='bbox 2912 3425 3081 3483; x_wconf 83' lang='lat' dir='ltr'><strong>Vides</strong></span> <span class='ocrx_word' id='word_1_596' title='bbox 3147 3446 3259 3500; x_wconf 88' lang='lat' dir='ltr'><strong>quo</strong></span> <span class='ocrx_word' id='word_1_597' title='bbox 3322 3442 3483 3501; x_wconf 86' lang='lat' dir='ltr'><strong>pacto</strong></span> 
     </span>
    </p>
   </div>
   <div class='ocr_carea' id='block_1_79' title="bbox 1910 3510 3482 3588">
    <p class='ocr_par' dir='ltr' id='par_1_79' title="bbox 1910 3510 3482 3588">
     <span class='ocr_line' id='line_1_80' title="bbox 1910 3510 3482 3588; baseline 0.012 -28"><span class='ocrx_word' id='word_1_598' title='bbox 1910 3510 2079 3577; x_wconf 79' lang='lat' dir='ltr'><strong>gloria</strong></span> <span class='ocrx_word' id='word_1_599' title='bbox 2124 3510 2219 3564; x_wconf 87' lang='lat' dir='ltr'><strong>Dei</strong></span> <span class='ocrx_word' id='word_1_600' title='bbox 2267 3512 2452 3566; x_wconf 84' lang='lat' dir='ltr'><strong>verbis</strong></span> <span class='ocrx_word' id='word_1_601' title='bbox 2498 3516 2761 3583; x_wconf 74' lang='lat' dir='ltr'><strong>explicari</strong></span> <span class='ocrx_word' id='word_1_602' title='bbox 2810 3528 2907 3573; x_wconf 85' lang='lat' dir='ltr'><strong>aut</strong></span> <span class='ocrx_word' id='word_1_603' title='bbox 2943 3521 3335 3588; x_wconf 88' lang='lat' dir='ltr'><strong>comprehendi</strong></span> <span class='ocrx_word' id='word_1_604' title='bbox 3383 3539 3482 3579; x_wconf 88' lang='lat' dir='ltr'><strong>ne-</strong></span> 
     </span>
    </p>
   </div>
   <div class='ocr_carea' id='block_1_80' title="bbox 1907 3601 3480 3675">
    <p class='ocr_par' dir='ltr' id='par_1_80' title="bbox 1907 3601 3480 3675">
     <span class='ocr_line' id='line_1_81' title="bbox 1907 3601 3480 3675; baseline 0.013 -26"><span class='ocrx_word' id='word_1_605' title='bbox 1907 3607 2092 3666; x_wconf 83' lang='lat' dir='ltr'><strong>queat,</strong></span> <span class='ocrx_word' id='word_1_606' title='bbox 2128 3601 2299 3669; x_wconf 86' lang='lat' dir='ltr'><strong>gloria</strong></span> <span class='ocrx_word' id='word_1_607' title='bbox 2351 3603 2564 3658; x_wconf 88' lang='lat' dir='ltr'><strong>scilicet</strong></span> <span class='ocrx_word' id='word_1_608' title='bbox 2623 3606 2849 3663; x_wconf 86' lang='lat' dir='ltr'><strong>lumlnis</strong></span> <span class='ocrx_word' id='word_1_609' title='bbox 2890 3613 3099 3675; x_wconf 88' lang='lat' dir='ltr'><strong>arcani,</strong></span> <span class='ocrx_word' id='word_1_610' title='bbox 3150 3623 3480 3670; x_wconf 72' lang='lat' dir='ltr'><strong>aeternorum</strong></span> 
     </span>
    </p>
   </div>
   <div class='ocr_carea' id='block_1_81' title="bbox 1909 3695 3480 3769">
    <p class='ocr_par' dir='ltr' id='par_1_81' title="bbox 1909 3695 3480 3769">
     <span class='ocr_line' id='line_1_82' title="bbox 1909 3695 3480 3769; baseline 0.01 -25"><span class='ocrx_word' id='word_1_611' title='bbox 1909 3695 2294 3763; x_wconf 67' lang='lat' dir='ltr'><strong>myszcriorum</strong></span> <span class='ocrx_word' id='word_1_612' title='bbox 2318 3706 2373 3749; x_wconf 89' lang='lat' dir='ltr'><strong>et</strong></span> <span class='ocrx_word' id='word_1_613' title='bbox 2390 3695 2663 3751; x_wconf 90' lang='lat' dir='ltr'><strong>bonorum</strong></span> <span class='ocrx_word' id='word_1_614' title='bbox 2684 3699 3189 3756; x_wconf 87' lang='lat' dir='ltr'><strong>innumerabilium.</strong></span> <span class='ocrx_word' id='word_1_615' title='bbox 3204 3704 3480 3769; x_wconf 86' lang='lat' dir='ltr'><strong>Quemad-</strong></span> 
     </span>
    </p>
   </div>
   <div class='ocr_carea' id='block_1_82' title="bbox 1907 3784 3478 3864">
    <p class='ocr_par' dir='ltr' id='par_1_82' title="bbox 1907 3784 3478 3864">
     <span class='ocr_line' id='line_1_83' title="bbox 1907 3784 3478 3864; baseline 0.01 -29"><span class='ocrx_word' id='word_1_616' title='bbox 1907 3784 2128 3837; x_wconf 88' lang='lat' dir='ltr'><strong>modum</strong></span> <span class='ocrx_word' id='word_1_617' title='bbox 2170 3786 2319 3839; x_wconf 85' lang='lat' dir='ltr'><strong>enim</strong></span> <span class='ocrx_word' id='word_1_618' title='bbox 2366 3786 2423 3840; x_wconf 90' lang='lat' dir='ltr'><strong>in</strong></span> <span class='ocrx_word' id='word_1_619' title='bbox 2458 3789 2623 3843; x_wconf 89' lang='lat' dir='ltr'><strong>rebus</strong></span> <span class='ocrx_word' id='word_1_620' title='bbox 2660 3790 2800 3843; x_wconf 88' lang='lat' dir='ltr'><strong>aciei</strong></span> <span class='ocrx_word' id='word_1_621' title='bbox 2851 3793 3139 3845; x_wconf 90' lang='lat' dir='ltr'><strong>oculorum</strong></span> <span class='ocrx_word' id='word_1_622' title='bbox 3195 3795 3478 3864; x_wconf 86' lang='lat' dir='ltr'><strong>subjectis,</strong></span> 
     </span>
    </p>
   </div>
   <div class='ocr_carea' id='block_1_83' title="bbox 1909 3874 3480 3943">
    <p class='ocr_par' dir='ltr' id='par_1_83' title="bbox 1909 3874 3480 3943">
     <span class='ocr_line' id='line_1_84' title="bbox 1909 3874 3480 3943; baseline 0.011 -18"><span class='ocrx_word' id='word_1_623' title='bbox 1909 3874 2120 3943; x_wconf 82' lang='lat' dir='ltr'><strong>plantas</strong></span> <span class='ocrx_word' id='word_1_624' title='bbox 2156 3885 2336 3941; x_wconf 64' lang='lat' dir='ltr'><strong>terra,</strong></span> <span class='ocrx_word' id='word_1_625' title='bbox 2363 3879 2572 3932; x_wconf 90' lang='lat' dir='ltr'><strong>semina</strong></span> <span class='ocrx_word' id='word_1_626' title='bbox 2598 3888 2692 3932; x_wconf 89' lang='lat' dir='ltr'><strong>aut</strong></span> <span class='ocrx_word' id='word_1_627' title='bbox 2721 3880 2882 3936; x_wconf 82' lang='lat' dir='ltr'><strong>ﬂores</strong></span> <span class='ocrx_word' id='word_1_628' title='bbox 2915 3884 3101 3939; x_wconf 86' lang='lat' dir='ltr'><strong>varios</strong></span> <span class='ocrx_word' id='word_1_629' title='bbox 3143 3902 3251 3941; x_wconf 88' lang='lat' dir='ltr'><strong>non</strong></span> <span class='ocrx_word' id='word_1_630' title='bbox 3288 3889 3480 3943; x_wconf 87' lang='lat' dir='ltr'><strong>datum</strong></span> 
     </span>
    </p>
   </div>
   <div class='ocr_carea' id='block_1_84' title="bbox 1906 3965 3481 4047">
    <p class='ocr_par' dir='ltr' id='par_1_84' title="bbox 1906 3965 3481 4047">
     <span class='ocr_line' id='line_1_85' title="bbox 1906 3965 3481 4047; baseline 0.011 -29"><span class='ocrx_word' id='word_1_631' title='bbox 1906 3974 1990 4018; x_wconf 91' lang='lat' dir='ltr'><strong>est</strong></span> <span class='ocrx_word' id='word_1_632' title='bbox 2044 3965 2282 4034; x_wconf 87' lang='lat' dir='ltr'><strong>cuipiam</strong></span> <span class='ocrx_word' id='word_1_633' title='bbox 2351 3984 2581 4023; x_wconf 90' lang='lat' dir='ltr'><strong>numero</strong></span> <span class='ocrx_word' id='word_1_634' title='bbox 2633 3973 3142 4041; x_wconf 89' lang='lat' dir='ltr'><strong>comprehendere,</strong></span> <span class='ocrx_word' id='word_1_635' title='bbox 3209 3985 3374 4047; x_wconf 89' lang='lat' dir='ltr'><strong>atque</strong></span> <span class='ocrx_word' id='word_1_636' title='bbox 3419 3991 3481 4036; x_wconf 91' lang='lat' dir='ltr'><strong>ut</strong></span> 
     </span>
    </p>
   </div>
   <div class='ocr_carea' id='block_1_85' title="bbox 1906 4060 3478 4138">
    <p class='ocr_par' dir='ltr' id='par_1_85' title="bbox 1906 4060 3478 4138">
     <span class='ocr_line' id='line_1_86' title="bbox 1906 4060 3478 4138; baseline 0.013 -32"><span class='ocrx_word' id='word_1_637' title='bbox 1906 4070 2097 4108; x_wconf 89' lang='lat' dir='ltr'><strong>omnes</strong></span> <span class='ocrx_word' id='word_1_638' title='bbox 2128 4071 2260 4124; x_wconf 90' lang='lat' dir='ltr'><strong>opes</strong></span> <span class='ocrx_word' id='word_1_639' title='bbox 2291 4066 2449 4112; x_wconf 59' lang='lat' dir='ltr'><strong>terra:</strong></span> <span class='ocrx_word' id='word_1_640' title='bbox 2473 4060 2729 4114; x_wconf 87' lang='lat' dir='ltr'><strong>metiatur</strong></span> <span class='ocrx_word' id='word_1_641' title='bbox 2747 4063 3019 4132; x_wconf 89' lang='lat' dir='ltr'><strong>quispiam</strong></span> <span class='ocrx_word' id='word_1_642' title='bbox 3044 4075 3139 4120; x_wconf 87' lang='lat' dir='ltr'><strong>aut</strong></span> <span class='ocrx_word' id='word_1_643' title='bbox 3160 4082 3478 4138; x_wconf 87' lang='lat' dir='ltr'><strong>cognoscat,</strong></span> 
     </span>
    </p>
   </div>
   <div class='ocr_carea' id='block_1_86' title="bbox 1908 4145 3479 4216">
    <p class='ocr_par' dir='ltr' id='par_1_86' title="bbox 1908 4145 3479 4216">
     <span class='ocr_line' id='line_1_87' title="bbox 1908 4145 3479 4216; baseline 0.011 -19"><span class='ocrx_word' id='word_1_644' title='bbox 1908 4145 2025 4199; x_wconf 82' lang='lat' dir='ltr'><strong>ﬁeri</strong></span> <span class='ocrx_word' id='word_1_645' title='bbox 2062 4162 2172 4200; x_wconf 88' lang='lat' dir='ltr'><strong>non</strong></span> <span class='ocrx_word' id='word_1_646' title='bbox 2203 4155 2418 4215; x_wconf 86' lang='lat' dir='ltr'><strong>potest;</strong></span> <span class='ocrx_word' id='word_1_647' title='bbox 2458 4157 2554 4203; x_wconf 87' lang='lat' dir='ltr'><strong>aut</strong></span> <span class='ocrx_word' id='word_1_648' title='bbox 2593 4152 2764 4216; x_wconf 80' lang='lat' dir='ltr'><strong>veluti</strong></span> <span class='ocrx_word' id='word_1_649' title='bbox 2806 4154 3064 4209; x_wconf 83' lang='lat' dir='ltr'><strong>animalia</strong></span> <span class='ocrx_word' id='word_1_650' title='bbox 3108 4158 3162 4210; x_wconf 93' lang='lat' dir='ltr'><strong>in</strong></span> <span class='ocrx_word' id='word_1_651' title='bbox 3204 4160 3342 4213; x_wconf 90' lang='lat' dir='ltr'><strong>mari</strong></span> <span class='ocrx_word' id='word_1_652' title='bbox 3380 4160 3479 4215; x_wconf 88' lang='lat' dir='ltr'><strong>de-</strong></span> 
     </span>
    </p>
   </div>
   <div class='ocr_carea' id='block_1_87' title="bbox 1906 4237 3475 4318">
    <p class='ocr_par' dir='ltr' id='par_1_87' title="bbox 1906 4237 3475 4318">
     <span class='ocr_line' id='line_1_88' title="bbox 1906 4237 3475 4318; baseline 0.012 -31"><span class='ocrx_word' id='word_1_653' title='bbox 1906 4237 2109 4303; x_wconf 80' lang='lat' dir='ltr'><strong>gentia,</strong></span> <span class='ocrx_word' id='word_1_654' title='bbox 2146 4247 2239 4291; x_wconf 87' lang='lat' dir='ltr'><strong>aut</strong></span> <span class='ocrx_word' id='word_1_655' title='bbox 2264 4254 2577 4306; x_wconf 90' lang='lat' dir='ltr'><strong>numerum,</strong></span> <span class='ocrx_word' id='word_1_656' title='bbox 2609 4251 2706 4296; x_wconf 87' lang='lat' dir='ltr'><strong>aut</strong></span> <span class='ocrx_word' id='word_1_657' title='bbox 2730 4260 2950 4313; x_wconf 90' lang='lat' dir='ltr'><strong>genera,</strong></span> <span class='ocrx_word' id='word_1_658' title='bbox 2970 4257 3065 4301; x_wconf 89' lang='lat' dir='ltr'><strong>aut</strong></span> <span class='ocrx_word' id='word_1_659' title='bbox 3085 4249 3475 4318; x_wconf 75' lang='lat' dir='ltr'><strong>differentiam,</strong></span> 
     </span>
    </p>
   </div>
   <div class='ocr_carea' id='block_1_88' title="bbox 1906 4333 3479 4410">
    <p class='ocr_par' dir='ltr' id='par_1_88' title="bbox 1906 4333 3479 4410">
     <span class='ocr_line' id='line_1_89' title="bbox 1906 4333 3479 4410; baseline 0.011 -33"><span class='ocrx_word' id='word_1_660' title='bbox 1906 4336 2002 4379; x_wconf 88' lang='lat' dir='ltr'><strong>aut</strong></span> <span class='ocrx_word' id='word_1_661' title='bbox 2029 4342 2339 4382; x_wconf 86' lang='lat' dir='ltr'><strong>mensuram</strong></span> <span class='ocrx_word' id='word_1_662' title='bbox 2369 4346 2523 4398; x_wconf 70' lang='lat' dir='ltr'><strong>aqua:</strong></span> <span class='ocrx_word' id='word_1_663' title='bbox 2559 4333 2696 4400; x_wconf 85' lang='lat' dir='ltr'><strong>ejus,</strong></span> <span class='ocrx_word' id='word_1_664' title='bbox 2731 4343 2825 4385; x_wconf 89' lang='lat' dir='ltr'><strong>aut</strong></span> <span class='ocrx_word' id='word_1_665' title='bbox 2854 4350 3167 4390; x_wconf 89' lang='lat' dir='ltr'><strong>mensuram</strong></span> <span class='ocrx_word' id='word_1_666' title='bbox 3208 4340 3311 4393; x_wconf 92' lang='lat' dir='ltr'><strong>loci</strong></span> <span class='ocrx_word' id='word_1_667' title='bbox 3359 4343 3479 4410; x_wconf 82' lang='lat' dir='ltr'><strong>ejus</strong></span> 
     </span>
    </p>
   </div>
   <div class='ocr_carea' id='block_1_89' title="bbox 1906 4416 3493 4495">
    <p class='ocr_par' dir='ltr' id='par_1_89' title="bbox 1906 4416 3493 4495">
     <span class='ocr_line' id='line_1_90' title="bbox 1906 4416 3493 4495; baseline 0.009 -26"><span class='ocrx_word' id='word_1_668' title='bbox 1906 4416 2245 4485; x_wconf 88' lang='lat' dir='ltr'><strong>impossibile</strong></span> <span class='ocrx_word' id='word_1_669' title='bbox 2282 4429 2366 4474; x_wconf 91' lang='lat' dir='ltr'><strong>est</strong></span> <span class='ocrx_word' id='word_1_670' title='bbox 2398 4421 2491 4474; x_wconf 90' lang='lat' dir='ltr'><strong>ulli</strong></span> <span class='ocrx_word' id='word_1_671' title='bbox 2521 4420 2807 4475; x_wconf 90' lang='lat' dir='ltr'><strong>hominum</strong></span> <span class='ocrx_word' id='word_1_672' title='bbox 2848 4426 3350 4495; x_wconf 73' lang='lat' dir='ltr'><strong>comprehendere;</strong></span> <span class='ocrx_word' id='word_1_673' title='bbox 3382 4441 3493 4486; x_wconf 88' lang='lat' dir='ltr'><strong>aut.</strong></span> 
     </span>
    </p>
   </div>
   <div class='ocr_carea' id='block_1_90' title="bbox 223 4488 1914 4582">
    <p class='ocr_par' dir='ltr' id='par_1_90' title="bbox 223 4488 1914 4578">
     <span class='ocr_line' id='line_1_91' title="bbox 223 4488 1914 4578; baseline 0.017 -41"><span class='ocrx_word' id='word_1_674' title='bbox 223 4488 501 4541; x_wconf 75' lang='grc' dir='ltr'><strong>ποικιλίαν</strong></span> <span class='ocrx_word' id='word_1_675' title='bbox 531 4492 789 4547; x_wconf 85' lang='grc' dir='ltr'><strong>ἀδύνατον</strong></span> <span class='ocrx_word' id='word_1_676' title='bbox 823 4496 1047 4562; x_wconf 83' lang='grc' dir='ltr'><strong>γνῶναι·</strong></span> <span class='ocrx_word' id='word_1_677' title='bbox 1074 4500 1106 4570; x_wconf 77' lang='grc' dir='ltr'>ἢ</span> <span class='ocrx_word' id='word_1_678' title='bbox 1139 4501 1326 4572; x_wconf 81' lang='grc' dir='ltr'><strong>ὥσπερ</strong></span> <span class='ocrx_word' id='word_1_679' title='bbox 1357 4505 1416 4557; x_wconf 82' lang='grc' dir='ltr'><strong>τὸ</strong></span> <span class='ocrx_word' id='word_1_680' title='bbox 1443 4506 1535 4559; x_wconf 82' lang='grc' dir='ltr'><strong>τοῦ</strong></span> <span class='ocrx_word' id='word_1_681' title='bbox 1566 4510 1794 4578; x_wconf 83' lang='grc' dir='ltr'><strong>οὐρανοῦ</strong></span> <span class='ocrx_word' id='word_1_682' title='bbox 1827 4515 1875 4570; x_wconf 88' lang='lat' dir='ltr'><strong>D</strong></span> <span class='ocrx_word' id='word_1_683' title='bbox 1908 4524 1914 4539; x_wconf 87' lang='lat'><strong>‘</strong></span> 
     </span>
    </p>
   </div>
   <div class='ocr_carea' id='block_1_91' title="bbox 1782 4488 3473 4582">
    <p class='ocr_par' dir='ltr' id='par_1_91' title="bbox 1782 4508 3473 4582">
     <span class='ocr_line' id='line_1_92' title="bbox 1782 4508 3473 4582; baseline 0.006 -20"><span class='ocrx_word' id='word_1_684' title='bbox 1782 4512 1794 4562; x_wconf 80' lang='lat' dir='ltr'><strong>i</strong></span> <span class='ocrx_word' id='word_1_685' title='bbox 1827 4515 1875 4570; x_wconf 80' lang='grc' dir='ltr'><strong>ι)</strong></span> <span class='ocrx_word' id='word_1_686' title='bbox 1908 4508 2074 4561; x_wconf 79' lang='lat' dir='ltr'><strong>veluti</strong></span> <span class='ocrx_word' id='word_1_687' title='bbox 2114 4522 2212 4576; x_wconf 90' lang='lat' dir='ltr'><strong>per</strong></span> <span class='ocrx_word' id='word_1_688' title='bbox 2235 4524 2418 4562; x_wconf 90' lang='lat' dir='ltr'><strong>aerem</strong></span> <span class='ocrx_word' id='word_1_689' title='bbox 2450 4511 2751 4564; x_wconf 87' lang='lat' dir='ltr'><strong>volantium</strong></span> <span class='ocrx_word' id='word_1_690' title='bbox 2801 4513 3109 4567; x_wconf 86' lang='lat' dir='ltr'><strong>volucrium</strong></span> <span class='ocrx_word' id='word_1_691' title='bbox 3158 4531 3473 4582; x_wconf 87' lang='lat' dir='ltr'><strong>numerum,</strong></span> 
     </span>
    </p>
   </div>
   <div class='ocr_carea' id='block_1_92' title="bbox 227 4577 1799 4666">
    <p class='ocr_par' dir='ltr' id='par_1_92' title="bbox 227 4577 1799 4666">
     <span class='ocr_line' id='line_1_93' title="bbox 227 4577 1799 4666; baseline 0.017 -40"><span class='ocrx_word' id='word_1_692' title='bbox 227 4577 477 4648; x_wconf 78' lang='grc' dir='ltr'><strong>μέγεθος.</strong></span> <span class='ocrx_word' id='word_1_693' title='bbox 504 4579 536 4649; x_wconf 85' lang='grc' dir='ltr'>ἢ</span> <span class='ocrx_word' id='word_1_694' title='bbox 569 4582 666 4643; x_wconf 71' lang='grc' dir='ltr'><strong>τὰς</strong></span> <span class='ocrx_word' id='word_1_695' title='bbox 698 4583 875 4647; x_wconf 81' lang='grc' dir='ltr'><strong>θέσεις</strong></span> <span class='ocrx_word' id='word_1_696' title='bbox 905 4587 1012 4638; x_wconf 89' lang='grc' dir='ltr'><strong>τῶν</strong></span> <span class='ocrx_word' id='word_1_697' title='bbox 1041 4588 1276 4658; x_wconf 73' lang='grc' dir='ltr'><strong>ἄστρων,</strong></span> <span class='ocrx_word' id='word_1_698' title='bbox 1311 4592 1342 4663; x_wconf 83' lang='grc' dir='ltr'><strong>ἧ</strong></span> <span class='ocrx_word' id='word_1_699' title='bbox 1372 4594 1460 4646; x_wconf 84' lang='grc' dir='ltr'><strong>τὸν</strong></span> <span class='ocrx_word' id='word_1_700' title='bbox 1481 4577 1679 4666; x_wconf 82' lang='grc' dir='ltr'><strong>δρόμον</strong></span> <span class='ocrx_word' id='word_1_701' title='bbox 1706 4601 1799 4651; x_wconf 83' lang='grc' dir='ltr'><strong>αὑ-</strong></span> 
     </span>
    </p>
   </div>
   <div class='ocr_carea' id='block_1_93' title="bbox 221 4670 1805 4748">
    <p class='ocr_par' dir='ltr' id='par_1_93' title="bbox 221 4670 1805 4748">
     <span class='ocr_line' id='line_1_94' title="bbox 221 4670 1805 4748; baseline 0.015 -28"><span class='ocrx_word' id='word_1_702' title='bbox 221 4670 329 4720; x_wconf 81' lang='grc' dir='ltr'><strong>τῶν</strong></span> <span class='ocrx_word' id='word_1_703' title='bbox 352 4670 428 4730; x_wconf 77' lang='grc' dir='ltr'><strong>ὡς</strong></span> <span class='ocrx_word' id='word_1_704' title='bbox 450 4671 597 4723; x_wconf 79' lang='grc' dir='ltr'><strong>ἐστιν</strong></span> <span class='ocrx_word' id='word_1_705' title='bbox 621 4674 879 4728; x_wconf 85' lang='grc' dir='ltr'><strong>ἀδύνατον</strong></span> <span class='ocrx_word' id='word_1_706' title='bbox 903 4680 1232 4734; x_wconf 84' lang='grc' dir='ltr'><strong>καταλαϐεῖν</strong></span> <span class='ocrx_word' id='word_1_707' title='bbox 1255 4698 1269 4713; x_wconf 90' lang='grc'><strong>·</strong></span> <span class='ocrx_word' id='word_1_708' title='bbox 1303 4685 1473 4748; x_wconf 72' lang='grc' dir='ltr'><strong>οὕτως</strong></span> <span class='ocrx_word' id='word_1_709' title='bbox 1504 4690 1651 4740; x_wconf 80' lang='grc' dir='ltr'><strong>ἐστὶν</strong></span> <span class='ocrx_word' id='word_1_710' title='bbox 1678 4690 1805 4742; x_wconf 83' lang='grc' dir='ltr'><strong>ἀδύ-</strong></span> 
     </span>
    </p>
   </div>
   <div class='ocr_carea' id='block_1_94' title="bbox 223 4764 1801 4852">
    <p class='ocr_par' dir='ltr' id='par_1_94' title="bbox 223 4764 1801 4852">
     <span class='ocr_line' id='line_1_95' title="bbox 223 4764 1801 4852; baseline 0.016 -43"><span class='ocrx_word' id='word_1_711' title='bbox 223 4777 385 4811; x_wconf 84' lang='grc' dir='ltr'><strong>νατον</strong></span> <span class='ocrx_word' id='word_1_712' title='bbox 422 4764 616 4827; x_wconf 85' lang='grc' dir='ltr'><strong>εἰπεῖν,</strong></span> <span class='ocrx_word' id='word_1_713' title='bbox 648 4765 678 4833; x_wconf 80' lang='grc' dir='ltr'>ἢ</span> <span class='ocrx_word' id='word_1_714' title='bbox 717 4765 1066 4837; x_wconf 82' lang='grc' dir='ltr'><strong>διαγορεῦσαι</strong></span> <span class='ocrx_word' id='word_1_715' title='bbox 1106 4772 1196 4825; x_wconf 85' lang='grc' dir='ltr'><strong>τὸν</strong></span> <span class='ocrx_word' id='word_1_716' title='bbox 1239 4776 1467 4829; x_wconf 74' lang='grc' dir='ltr'><strong>πλοῦτον</strong></span> <span class='ocrx_word' id='word_1_717' title='bbox 1514 4780 1621 4832; x_wconf 85' lang='grc' dir='ltr'><strong>τῶν</strong></span> <span class='ocrx_word' id='word_1_718' title='bbox 1668 4782 1801 4852; x_wconf 87' lang='grc' dir='ltr'><strong>Χρι-</strong></span> 
     </span>
    </p>
   </div>
   <div class='ocr_carea' id='block_1_95' title="bbox 221 4854 1796 4941">
    <p class='ocr_par' dir='ltr' id='par_1_95' title="bbox 221 4854 1796 4941">
     <span class='ocr_line' id='line_1_96' title="bbox 221 4854 1796 4941; baseline 0.016 -39"><span class='ocrx_word' id='word_1_719' title='bbox 221 4854 455 4903; x_wconf 78' lang='grc' dir='ltr'><strong>στιανῶν</strong></span> <span class='ocrx_word' id='word_1_720' title='bbox 480 4856 570 4907; x_wconf 86' lang='grc' dir='ltr'><strong>τὸν</strong></span> <span class='ocrx_word' id='word_1_721' title='bbox 595 4859 923 4930; x_wconf 83' lang='grc' dir='ltr'><strong>ἀμέτρητον,</strong></span> <span class='ocrx_word' id='word_1_722' title='bbox 946 4862 1249 4933; x_wconf 82' lang='grc' dir='ltr'><strong>ἀπέραντον</strong></span> <span class='ocrx_word' id='word_1_723' title='bbox 1275 4870 1368 4920; x_wconf 78' lang='grc' dir='ltr'><strong>καὶ</strong></span> <span class='ocrx_word' id='word_1_724' title='bbox 1392 4870 1796 4941; x_wconf 83' lang='grc' dir='ltr'><strong>ἀκατάληπτον.</strong></span> 
     </span>
    </p>
   </div>
   <div class='ocr_carea' id='block_1_96' title="bbox 219 4943 1799 5030">
    <p class='ocr_par' dir='ltr' id='par_1_96' title="bbox 219 4943 1799 5030">
     <span class='ocr_line' id='line_1_97' title="bbox 219 4943 1799 5030; baseline 0.016 -38"><span class='ocrx_word' id='word_1_725' title='bbox 219 4943 280 4993; x_wconf 78' lang='grc' dir='ltr'><strong>Εἰ</strong></span> <span class='ocrx_word' id='word_1_726' title='bbox 336 4944 445 5010; x_wconf 75' lang='grc' dir='ltr'><strong>γὰρ</strong></span> <span class='ocrx_word' id='word_1_727' title='bbox 506 4945 575 4997; x_wconf 83' lang='grc' dir='ltr'><strong>τὰ</strong></span> <span class='ocrx_word' id='word_1_728' title='bbox 625 4947 898 5015; x_wconf 80' lang='grc' dir='ltr'><strong>κτίσματα</strong></span> <span class='ocrx_word' id='word_1_729' title='bbox 941 4951 1108 5005; x_wconf 80' lang='grc' dir='ltr'><strong>ταῦτα</strong></span> <span class='ocrx_word' id='word_1_730' title='bbox 1162 4957 1411 5010; x_wconf 81' lang='grc' dir='ltr'><strong>τοσοῦτον</strong></span> <span class='ocrx_word' id='word_1_731' title='bbox 1464 4960 1666 5030; x_wconf 80' lang='grc' dir='ltr'><strong>ἄπειρα</strong></span> <span class='ocrx_word' id='word_1_732' title='bbox 1706 4967 1799 5018; x_wconf 76' lang='grc' dir='ltr'><strong>καὶ</strong></span> 
     </span>
    </p>
   </div>
   <div class='ocr_carea' id='block_1_97' title="bbox 218 5034 1796 5123">
    <p class='ocr_par' dir='ltr' id='par_1_97' title="bbox 218 5034 1796 5123">
     <span class='ocr_line' id='line_1_98' title="bbox 218 5034 1796 5123; baseline 0.016 -42"><span class='ocrx_word' id='word_1_733' title='bbox 218 5034 583 5103; x_wconf 77' lang='grc' dir='ltr'><strong>ἀκατάληπτα</strong></span> <span class='ocrx_word' id='word_1_734' title='bbox 627 5040 739 5099; x_wconf 84' lang='grc' dir='ltr'><strong>τοῖς</strong></span> <span class='ocrx_word' id='word_1_735' title='bbox 783 5041 1091 5110; x_wconf 83' lang='grc' dir='ltr'><strong>ἀνθρώποις</strong></span> <span class='ocrx_word' id='word_1_736' title='bbox 1119 5049 1395 5117; x_wconf 80' lang='grc' dir='ltr'><strong>τυγχάνει,</strong></span> <span class='ocrx_word' id='word_1_737' title='bbox 1420 5052 1569 5123; x_wconf 75' lang='grc' dir='ltr'><strong>πόσῳ</strong></span> <span class='ocrx_word' id='word_1_738' title='bbox 1598 5054 1796 5123; x_wconf 76' lang='grc' dir='ltr'><strong>μᾶλλον</strong></span> 
     </span>
    </p>
   </div>
   <div class='ocr_carea' id='block_1_98' title="bbox 215 5127 1795 5211">
    <p class='ocr_par' dir='ltr' id='par_1_98' title="bbox 215 5127 1795 5211">
     <span class='ocr_line' id='line_1_99' title="bbox 215 5127 1795 5211; baseline 0.016 -37"><span class='ocrx_word' id='word_1_739' title='bbox 215 5128 242 5175; x_wconf 84' lang='grc' dir='ltr'>ὁ</span> <span class='ocrx_word' id='word_1_740' title='bbox 276 5127 468 5187; x_wconf 78' lang='grc' dir='ltr'><strong>κτίσας</strong></span> <span class='ocrx_word' id='word_1_741' title='bbox 503 5131 594 5179; x_wconf 69' lang='grc' dir='ltr'><strong>καὶ</strong></span> <span class='ocrx_word' id='word_1_742' title='bbox 634 5135 1052 5199; x_wconf 79' lang='grc' dir='ltr'><strong>κατασκευάσας</strong></span> <span class='ocrx_word' id='word_1_743' title='bbox 1088 5138 1257 5193; x_wconf 61' lang='lat' dir='ltr'><strong>aurci!</strong></span> <span class='ocrx_word' id='word_1_744' title='bbox 1308 5142 1540 5211; x_wconf 73' lang='grc' dir='ltr'><strong>Ὀςρείλει</strong></span> <span class='ocrx_word' id='word_1_745' title='bbox 1582 5141 1673 5199; x_wconf 83' lang='grc' dir='ltr'><strong>οὖν</strong></span> <span class='ocrx_word' id='word_1_746' title='bbox 1712 5165 1795 5211; x_wconf 86' lang='grc' dir='ltr'><strong>τις</strong></span> 
     </span>
    </p>
   </div>
   <div class='ocr_carea' id='block_1_99' title="bbox 220 5217 1791 5303">
    <p class='ocr_par' dir='ltr' id='par_1_99' title="bbox 220 5217 1791 5303">
     <span class='ocr_line' id='line_1_100' title="bbox 220 5217 1791 5303; baseline 0.017 -37"><span class='ocrx_word' id='word_1_747' title='bbox 220 5217 423 5282; x_wconf 75' lang='grc' dir='ltr'><strong>μᾶλλον</strong></span> <span class='ocrx_word' id='word_1_748' title='bbox 479 5218 908 5292; x_wconf 80' lang='grc' dir='ltr'><strong>ἀγαλλιασϐἧναι</strong></span> <span class='ocrx_word' id='word_1_749' title='bbox 958 5229 1049 5280; x_wconf 80' lang='grc' dir='ltr'><strong>καὶ</strong></span> <span class='ocrx_word' id='word_1_750' title='bbox 1098 5232 1353 5302; x_wconf 84' lang='grc' dir='ltr'><strong>χαρῆναι,</strong></span> <span class='ocrx_word' id='word_1_751' title='bbox 1410 5236 1490 5289; x_wconf 87' lang='grc' dir='ltr'><strong>ὅτι</strong></span> <span class='ocrx_word' id='word_1_752' title='bbox 1538 5237 1791 5303; x_wconf 83' lang='grc' dir='ltr'><strong>τοσοῦτος</strong></span> 
     </span>
    </p>
   </div>
   <div class='ocr_carea' id='block_1_100' title="bbox 219 5313 1791 5400">
    <p class='ocr_par' dir='ltr' id='par_1_100' title="bbox 219 5313 1791 5400">
     <span class='ocr_line' id='line_1_101' title="bbox 219 5313 1791 5400; baseline 0.016 -40"><span class='ocrx_word' id='word_1_753' title='bbox 219 5313 449 5372; x_wconf 65' lang='grc' dir='ltr'><strong>πλοῦτος</strong></span> <span class='ocrx_word' id='word_1_754' title='bbox 499 5316 590 5364; x_wconf 75' lang='grc' dir='ltr'><strong>καὶ</strong></span> <span class='ocrx_word' id='word_1_755' title='bbox 640 5314 972 5386; x_wconf 73' lang='grc' dir='ltr'><strong>κληρονομία</strong></span> <span class='ocrx_word' id='word_1_756' title='bbox 1021 5324 1133 5385; x_wconf 81' lang='grc' dir='ltr'><strong>τοῖς</strong></span> <span class='ocrx_word' id='word_1_757' title='bbox 1182 5325 1526 5395; x_wconf 82' lang='grc' dir='ltr'><strong>Χριστιανοῖς</strong></span> <span class='ocrx_word' id='word_1_758' title='bbox 1571 5330 1791 5400; x_wconf 80' lang='grc' dir='ltr'><strong>ἡτοίμα-</strong></span> 
     </span>
    </p>
   </div>
   <div class='ocr_carea' id='block_1_101' title="bbox 217 5398 1781 5492">
    <p class='ocr_par' dir='ltr' id='par_1_101' title="bbox 217 5398 1781 5492">
     <span class='ocr_line' id='line_1_102' title="bbox 217 5398 1781 5492; baseline 0.02 -45"><span class='ocrx_word' id='word_1_759' title='bbox 217 5414 363 5462; x_wconf 71' lang='grc' dir='ltr'><strong>σται,</strong></span> <span class='ocrx_word' id='word_1_760' title='bbox 398 5398 537 5454; x_wconf 80' lang='grc' dir='ltr'><strong>ὥστε</strong></span> <span class='ocrx_word' id='word_1_761' title='bbox 565 5405 770 5474; x_wconf 81' lang='grc' dir='ltr'><strong>μηδένα</strong></span> <span class='ocrx_word' id='word_1_762' title='bbox 796 5407 1091 5481; x_wconf 80' lang='grc' dir='ltr'><strong>δυνηθῆναι</strong></span> <span class='ocrx_word' id='word_1_763' title='bbox 1120 5415 1313 5483; x_wconf 86' lang='grc' dir='ltr'><strong>εἰπεῖν,</strong></span> <span class='ocrx_word' id='word_1_764' title='bbox 1342 5418 1373 5489; x_wconf 78' lang='grc' dir='ltr'>ἢ</span> <span class='ocrx_word' id='word_1_765' title='bbox 1406 5398 1781 5492; x_wconf 80' lang='grc' dir='ltr'><strong>ἐξαγορεῦσαι.</strong></span> 
     </span>
    </p>
   </div>
   <div class='ocr_carea' id='block_1_102' title="bbox 212 5491 1789 5585">
    <p class='ocr_par' dir='ltr' id='par_1_102' title="bbox 212 5491 1789 5585">
     <span class='ocr_line' id='line_1_103' title="bbox 212 5491 1789 5585; baseline 0.018 -43"><span class='ocrx_word' id='word_1_766' title='bbox 212 5491 370 5543; x_wconf 79' lang='grc' dir='ltr'><strong>Μετὰ</strong></span> <span class='ocrx_word' id='word_1_767' title='bbox 401 5494 583 5564; x_wconf 74' lang='grc' dir='ltr'><strong>πάσης</strong></span> <span class='ocrx_word' id='word_1_768' title='bbox 608 5495 665 5548; x_wconf 85' lang='grc' dir='ltr'><strong>δὲ</strong></span> <span class='ocrx_word' id='word_1_769' title='bbox 700 5500 935 5570; x_wconf 82' lang='grc' dir='ltr'><strong>σπουδῆς</strong></span> <span class='ocrx_word' id='word_1_770' title='bbox 972 5504 1063 5557; x_wconf 81' lang='grc' dir='ltr'><strong>καὶ</strong></span> <span class='ocrx_word' id='word_1_771' title='bbox 1096 5491 1598 5582; x_wconf 79' lang='grc' dir='ltr'><strong>ταπεινοφροσύνης</strong></span> <span class='ocrx_word' id='word_1_772' title='bbox 1633 5532 1789 5585; x_wconf 86' lang='grc' dir='ltr'><strong>προσ-</strong></span> 
     </span>
    </p>
   </div>
   <div class='ocr_carea' id='block_1_103' title="bbox 213 5585 1789 5674">
    <p class='ocr_par' dir='ltr' id='par_1_103' title="bbox 213 5585 1789 5674">
     <span class='ocr_line' id='line_1_104' title="bbox 213 5585 1789 5674; baseline 0.018 -41"><span class='ocrx_word' id='word_1_773' title='bbox 213 5585 393 5635; x_wconf 65' lang='grc' dir='ltr'><strong>ελθεῖν</strong></span> <span class='ocrx_word' id='word_1_774' title='bbox 443 5585 525 5638; x_wconf 82' lang='grc' dir='ltr'><strong>δεῖ</strong></span> <span class='ocrx_word' id='word_1_775' title='bbox 553 5588 647 5639; x_wconf 69' lang='grc' dir='ltr'><strong>ἐπὶ</strong></span> <span class='ocrx_word' id='word_1_776' title='bbox 683 5590 775 5643; x_wconf 76' lang='grc' dir='ltr'><strong>τὸν</strong></span> <span class='ocrx_word' id='word_1_777' title='bbox 807 5593 994 5661; x_wconf 80' lang='grc' dir='ltr'><strong>ἀγῶνα</strong></span> <span class='ocrx_word' id='word_1_778' title='bbox 1022 5596 1131 5652; x_wconf 86' lang='grc' dir='ltr'><strong>τῶν</strong></span> <span class='ocrx_word' id='word_1_779' title='bbox 1163 5600 1523 5674; x_wconf 80' lang='grc' dir='ltr'><strong>Χριστιανῶν,</strong></span> <span class='ocrx_word' id='word_1_780' title='bbox 1572 5607 1669 5660; x_wconf 77' lang='grc' dir='ltr'><strong>καὶ</strong></span> <span class='ocrx_word' id='word_1_781' title='bbox 1697 5608 1789 5663; x_wconf 89' lang='grc' dir='ltr'><strong>λα-</strong></span> 
     </span>
    </p>
   </div>
   <div class='ocr_carea' id='block_1_104' title="bbox 290 5757 709 5829">
    <p class='ocr_par' dir='ltr' id='par_1_104' title="bbox 290 5757 709 5829">
     <span class='ocr_line' id='line_1_105' title="bbox 290 5757 709 5829; baseline 0.019 -16"><span class='ocrx_word' id='word_1_782' title='bbox 290 5757 332 5785; x_wconf 86' lang='lat'>&quot;</span> <span class='ocrx_word' id='word_1_783' title='bbox 361 5764 516 5818; x_wconf 80' lang='lat' dir='ltr'><strong>Joan.</strong></span> <span class='ocrx_word' id='word_1_784' title='bbox 558 5782 629 5829; x_wconf 80' lang='lat' dir='ltr'><strong>Iv,</strong></span> <span class='ocrx_word' id='word_1_785' title='bbox 657 5771 709 5823; x_wconf 75' lang='grc' dir='ltr'><strong>ι.</strong></span> 
     </span>
    </p>
   </div>
   <div class='ocr_carea' id='block_1_105' title="bbox 1896 4600 3477 4674">
    <p class='ocr_par' dir='ltr' id='par_1_105' title="bbox 1896 4600 3477 4674">
     <span class='ocr_line' id='line_1_106' title="bbox 1896 4600 3477 4674; baseline 0.009 -25"><span class='ocrx_word' id='word_1_786' title='bbox 1896 4605 2209 4667; x_wconf 80' lang='lat' dir='ltr'><strong>autgenera</strong></span> <span class='ocrx_word' id='word_1_787' title='bbox 2232 4608 2328 4651; x_wconf 88' lang='lat' dir='ltr'><strong>aut</strong></span> <span class='ocrx_word' id='word_1_788' title='bbox 2354 4600 2650 4655; x_wconf 85' lang='lat' dir='ltr'><strong>varietates</strong></span> <span class='ocrx_word' id='word_1_789' title='bbox 2675 4618 2782 4656; x_wconf 91' lang='lat' dir='ltr'><strong>non</strong></span> <span class='ocrx_word' id='word_1_790' title='bbox 2819 4603 2946 4658; x_wconf 89' lang='lat' dir='ltr'><strong>licet</strong></span> <span class='ocrx_word' id='word_1_791' title='bbox 2981 4619 3348 4674; x_wconf 87' lang='lat' dir='ltr'><strong>cognoscere;</strong></span> <span class='ocrx_word' id='word_1_792' title='bbox 3381 4621 3477 4665; x_wconf 85' lang='lat' dir='ltr'><strong>aut</strong></span> 
     </span>
    </p>
   </div>
   <div class='ocr_carea' id='block_1_106' title="bbox 1898 4688 3473 4763">
    <p class='ocr_par' dir='ltr' id='par_1_106' title="bbox 1898 4688 3473 4763">
     <span class='ocr_line' id='line_1_107' title="bbox 1898 4688 3473 4763; baseline 0.008 -24"><span class='ocrx_word' id='word_1_793' title='bbox 1898 4688 2067 4741; x_wconf 89' lang='lat' dir='ltr'><strong>veluti</strong></span> <span class='ocrx_word' id='word_1_794' title='bbox 2100 4690 2535 4759; x_wconf 87' lang='lat' dir='ltr'><strong>magnitudinem</strong></span> <span class='ocrx_word' id='word_1_795' title='bbox 2586 4694 2732 4757; x_wconf 69' lang='lat' dir='ltr'><strong>caeli,</strong></span> <span class='ocrx_word' id='word_1_796' title='bbox 2769 4703 2863 4747; x_wconf 89' lang='lat' dir='ltr'><strong>aut</strong></span> <span class='ocrx_word' id='word_1_797' title='bbox 2910 4697 3125 4763; x_wconf 77' lang='lat' dir='ltr'><strong>positus</strong></span> <span class='ocrx_word' id='word_1_798' title='bbox 3176 4707 3473 4763; x_wconf 87' lang='lat' dir='ltr'><strong>astrorum,</strong></span> 
     </span>
    </p>
   </div>
   <div class='ocr_carea' id='block_1_107' title="bbox 1897 4784 3477 4854">
    <p class='ocr_par' dir='ltr' id='par_1_107' title="bbox 1897 4784 3477 4854">
     <span class='ocr_line' id='line_1_108' title="bbox 1897 4784 3477 4854; baseline 0.007 -22"><span class='ocrx_word' id='word_1_799' title='bbox 1897 4789 1990 4833; x_wconf 89' lang='lat' dir='ltr'><strong>aut</strong></span> <span class='ocrx_word' id='word_1_800' title='bbox 2031 4796 2255 4834; x_wconf 90' lang='lat' dir='ltr'><strong>cursum</strong></span> <span class='ocrx_word' id='word_1_801' title='bbox 2300 4797 2490 4836; x_wconf 88' lang='lat' dir='ltr'><strong>eorum</strong></span> <span class='ocrx_word' id='word_1_802' title='bbox 2551 4784 2813 4853; x_wconf 84' lang='lat' dir='ltr'><strong>consequi</strong></span> <span class='ocrx_word' id='word_1_803' title='bbox 2866 4786 3207 4854; x_wconf 79' lang='lat' dir='ltr'><strong>impossibile</strong></span> <span class='ocrx_word' id='word_1_804' title='bbox 3247 4798 3362 4843; x_wconf 88' lang='lat' dir='ltr'><strong>est:</strong></span> <span class='ocrx_word' id='word_1_805' title='bbox 3396 4791 3477 4844; x_wconf 89' lang='lat' dir='ltr'><strong>sic</strong></span> 
     </span>
    </p>
   </div>
   <div class='ocr_carea' id='block_1_108' title="bbox 1899 4873 3474 4949">
    <p class='ocr_par' dir='ltr' id='par_1_108' title="bbox 1899 4873 3474 4949">
     <span class='ocr_line' id='line_1_109' title="bbox 1899 4873 3474 4949; baseline 0.006 -24"><span class='ocrx_word' id='word_1_806' title='bbox 1899 4888 2117 4941; x_wconf 89' lang='lat' dir='ltr'><strong>quoque</strong></span> <span class='ocrx_word' id='word_1_807' title='bbox 2141 4873 2476 4942; x_wconf 86' lang='lat' dir='ltr'><strong>impossibile</strong></span> <span class='ocrx_word' id='word_1_808' title='bbox 2503 4884 2587 4929; x_wconf 91' lang='lat' dir='ltr'><strong>est</strong></span> <span class='ocrx_word' id='word_1_809' title='bbox 2610 4891 2869 4933; x_wconf 87' lang='lat' dir='ltr'><strong>enarrare</strong></span> <span class='ocrx_word' id='word_1_810' title='bbox 2894 4888 2989 4932; x_wconf 88' lang='lat' dir='ltr'><strong>aut</strong></span> <span class='ocrx_word' id='word_1_811' title='bbox 3019 4880 3296 4949; x_wconf 81' lang='lat' dir='ltr'><strong>explicare</strong></span> <span class='ocrx_word' id='word_1_812' title='bbox 3325 4882 3474 4936; x_wconf 76' lang='lat' dir='ltr'><strong>divi-</strong></span> 
     </span>
    </p>
   </div>
   <div class='ocr_carea' id='block_1_109' title="bbox 1903 4966 3474 5037">
    <p class='ocr_par' dir='ltr' id='par_1_109' title="bbox 1903 4966 3474 5037">
     <span class='ocr_line' id='line_1_110' title="bbox 1903 4966 3474 5037; baseline 0.008 -17"><span class='ocrx_word' id='word_1_813' title='bbox 1903 4969 2004 5021; x_wconf 88' lang='lat' dir='ltr'><strong>tias</strong></span> <span class='ocrx_word' id='word_1_814' title='bbox 2036 4966 2473 5023; x_wconf 88' lang='lat' dir='ltr'><strong>Christianorum</strong></span> <span class='ocrx_word' id='word_1_815' title='bbox 2528 4970 2846 5037; x_wconf 82' lang='lat' dir='ltr'><strong>immensas,</strong></span> <span class='ocrx_word' id='word_1_816' title='bbox 2896 4974 3139 5030; x_wconf 81' lang='lat' dir='ltr'><strong>inﬁnitas</strong></span> <span class='ocrx_word' id='word_1_817' title='bbox 3176 4986 3232 5031; x_wconf 94' lang='lat' dir='ltr'><strong>ct</strong></span> <span class='ocrx_word' id='word_1_818' title='bbox 3260 4977 3474 5033; x_wconf 88' lang='lat' dir='ltr'><strong>incom-</strong></span> 
     </span>
    </p>
   </div>
   <div class='ocr_carea' id='block_1_110' title="bbox 1899 5058 3473 5125">
    <p class='ocr_par' dir='ltr' id='par_1_110' title="bbox 1899 5058 3473 5125">
     <span class='ocr_line' id='line_1_111' title="bbox 1899 5058 3473 5125; baseline 0.009 -17"><span class='ocrx_word' id='word_1_819' title='bbox 1899 5058 2315 5125; x_wconf 84' lang='lat' dir='ltr'><strong>prehensibiles.</strong></span> <span class='ocrx_word' id='word_1_820' title='bbox 2338 5059 2394 5113; x_wconf 88' lang='lat' dir='ltr'><strong>Si</strong></span> <span class='ocrx_word' id='word_1_821' title='bbox 2420 5061 2624 5115; x_wconf 88' lang='lat' dir='ltr'><strong>etenim</strong></span> <span class='ocrx_word' id='word_1_822' title='bbox 2654 5073 2922 5117; x_wconf 65' lang='lat' dir='ltr'><strong>creaturae</strong></span> <span class='ocrx_word' id='word_1_823' title='bbox 2947 5064 3063 5118; x_wconf 76' lang='lat' dir='ltr'><strong>isue</strong></span> <span class='ocrx_word' id='word_1_824' title='bbox 3084 5066 3221 5121; x_wconf 83' lang='lat' dir='ltr'><strong>adeo</strong></span> <span class='ocrx_word' id='word_1_825' title='bbox 3246 5066 3473 5123; x_wconf 75' lang='lat' dir='ltr'><strong>inﬁnita:</strong></span> 
     </span>
    </p>
   </div>
   <div class='ocr_carea' id='block_1_111' title="bbox 1898 5149 3471 5228">
    <p class='ocr_par' dir='ltr' id='par_1_111' title="bbox 1898 5149 3471 5228">
     <span class='ocr_line' id='line_1_112' title="bbox 1898 5149 3471 5228; baseline 0.008 -27"><span class='ocrx_word' id='word_1_826' title='bbox 1898 5161 1955 5201; x_wconf 84' lang='lat' dir='ltr'><strong>ct</strong></span> <span class='ocrx_word' id='word_1_827' title='bbox 2020 5149 2611 5219; x_wconf 84' lang='lat' dir='ltr'><strong>incomprehensibiles</strong></span> <span class='ocrx_word' id='word_1_828' title='bbox 2659 5154 2978 5211; x_wconf 87' lang='lat' dir='ltr'><strong>hominibus</strong></span> <span class='ocrx_word' id='word_1_829' title='bbox 3046 5166 3193 5222; x_wconf 91' lang='lat' dir='ltr'><strong>sunt,</strong></span> <span class='ocrx_word' id='word_1_830' title='bbox 3262 5170 3471 5228; x_wconf 86' lang='lat' dir='ltr'><strong>quanto</strong></span> 
     </span>
    </p>
   </div>
   <div class='ocr_carea' id='block_1_112' title="bbox 1897 5241 3472 5322">
    <p class='ocr_par' dir='ltr' id='par_1_112' title="bbox 1897 5241 3472 5322">
     <span class='ocr_line' id='line_1_113' title="bbox 1897 5241 3472 5322; baseline 0.009 -30"><span class='ocrx_word' id='word_1_831' title='bbox 1897 5241 2088 5309; x_wconf 83' lang='lat' dir='ltr'><strong>magis,</strong></span> <span class='ocrx_word' id='word_1_832' title='bbox 2126 5242 2219 5311; x_wconf 91' lang='lat' dir='ltr'><strong>qui</strong></span> <span class='ocrx_word' id='word_1_833' title='bbox 2251 5244 2579 5299; x_wconf 88' lang='lat' dir='ltr'><strong>condiditet</strong></span> <span class='ocrx_word' id='word_1_834' title='bbox 2626 5249 2833 5301; x_wconf 86' lang='lat' dir='ltr'><strong>creavit</strong></span> <span class='ocrx_word' id='word_1_835' title='bbox 2869 5249 3026 5303; x_wconf 86' lang='lat' dir='ltr'><strong>illas?</strong></span> <span class='ocrx_word' id='word_1_836' title='bbox 3074 5250 3249 5305; x_wconf 84' lang='lat' dir='ltr'><strong>Debet</strong></span> <span class='ocrx_word' id='word_1_837' title='bbox 3301 5252 3472 5322; x_wconf 82' lang='lat' dir='ltr'><strong>igitur</strong></span> 
     </span>
    </p>
   </div>
   <div class='ocr_carea' id='block_1_113' title="bbox 1894 5330 3470 5402">
    <p class='ocr_par' dir='ltr' id='par_1_113' title="bbox 1894 5330 3470 5402">
     <span class='ocr_line' id='line_1_114' title="bbox 1894 5330 3470 5402; baseline 0.006 -21"><span class='ocrx_word' id='word_1_838' title='bbox 1894 5330 2163 5398; x_wconf 87' lang='lat' dir='ltr'><strong>quispiam</strong></span> <span class='ocrx_word' id='word_1_839' title='bbox 2200 5332 2586 5386; x_wconf 87' lang='lat' dir='ltr'><strong>vehementius</strong></span> <span class='ocrx_word' id='word_1_840' title='bbox 2616 5334 2892 5389; x_wconf 80' lang='lat' dir='ltr'><strong>exsultare</strong></span> <span class='ocrx_word' id='word_1_841' title='bbox 2925 5344 2983 5390; x_wconf 91' lang='lat' dir='ltr'><strong>et</strong></span> <span class='ocrx_word' id='word_1_842' title='bbox 3032 5336 3228 5402; x_wconf 64' lang='lat' dir='ltr'><strong>laetari,</strong></span> <span class='ocrx_word' id='word_1_843' title='bbox 3290 5346 3470 5391; x_wconf 87' lang='lat' dir='ltr'><strong>tantas</strong></span> 
     </span>
    </p>
   </div>
   <div class='ocr_carea' id='block_1_114' title="bbox 1896 5423 3467 5498">
    <p class='ocr_par' dir='ltr' id='par_1_114' title="bbox 1896 5423 3467 5498">
     <span class='ocr_line' id='line_1_115' title="bbox 1896 5423 3467 5498; baseline 0.006 -23"><span class='ocrx_word' id='word_1_844' title='bbox 1896 5438 2029 5492; x_wconf 90' lang='lat' dir='ltr'><strong>opes</strong></span> <span class='ocrx_word' id='word_1_845' title='bbox 2070 5432 2126 5478; x_wconf 88' lang='lat' dir='ltr'><strong>et</strong></span> <span class='ocrx_word' id='word_1_846' title='bbox 2160 5423 2531 5480; x_wconf 72' lang='lat' dir='ltr'><strong>[nereditatem</strong></span> <span class='ocrx_word' id='word_1_847' title='bbox 2564 5427 2894 5482; x_wconf 87' lang='lat' dir='ltr'><strong>Christianis</strong></span> <span class='ocrx_word' id='word_1_848' title='bbox 2923 5438 3278 5498; x_wconf 56' lang='lat' dir='ltr'><strong>preparatam</strong></span> <span class='ocrx_word' id='word_1_849' title='bbox 3324 5444 3467 5491; x_wconf 84' lang='lat' dir='ltr'><strong>esse.</strong></span> 
     </span>
    </p>
   </div>
   <div class='ocr_carea' id='block_1_115' title="bbox 1900 5519 3489 5590">
    <p class='ocr_par' dir='ltr' id='par_1_115' title="bbox 1900 5519 3489 5590">
     <span class='ocr_line' id='line_1_116' title="bbox 1900 5519 3489 5590; baseline 0.003 -20"><span class='ocrx_word' id='word_1_850' title='bbox 1900 5526 1960 5571; x_wconf 90' lang='lat' dir='ltr'><strong>ut</strong></span> <span class='ocrx_word' id='word_1_851' title='bbox 1990 5534 2151 5572; x_wconf 90' lang='lat' dir='ltr'><strong>nemo</strong></span> <span class='ocrx_word' id='word_1_852' title='bbox 2179 5519 2351 5588; x_wconf 88' lang='lat' dir='ltr'><strong>possit</strong></span> <span class='ocrx_word' id='word_1_853' title='bbox 2376 5520 2558 5590; x_wconf 86' lang='lat' dir='ltr'><strong>eloqui</strong></span> <span class='ocrx_word' id='word_1_854' title='bbox 2587 5528 2682 5575; x_wconf 88' lang='lat' dir='ltr'><strong>aut</strong></span> <span class='ocrx_word' id='word_1_855' title='bbox 2711 5537 2997 5577; x_wconf 77' lang='lat' dir='ltr'><strong>enarrare.</strong></span> <span class='ocrx_word' id='word_1_856' title='bbox 3014 5522 3286 5577; x_wconf 70' lang='lat' dir='ltr'><strong>Caeterum</strong></span> <span class='ocrx_word' id='word_1_857' title='bbox 3316 5522 3489 5575; x_wconf 78' lang='lat' dir='ltr'><strong>omni.</strong></span> 
     </span>
    </p>
   </div>
   <div class='ocr_carea' id='block_1_116' title="bbox 1896 5611 3487 5683">
    <p class='ocr_par' dir='ltr' id='par_1_116' title="bbox 1896 5611 3487 5683">
     <span class='ocr_line' id='line_1_117' title="bbox 1896 5611 3487 5683; baseline 0.001 -16"><span class='ocrx_word' id='word_1_858' title='bbox 1896 5611 2080 5667; x_wconf 79' lang='lat' dir='ltr'><strong>studio</strong></span> <span class='ocrx_word' id='word_1_859' title='bbox 2106 5620 2160 5666; x_wconf 84' lang='lat' dir='ltr'><strong>et</strong></span> <span class='ocrx_word' id='word_1_860' title='bbox 2191 5612 2362 5667; x_wconf 88' lang='lat' dir='ltr'><strong>animi</strong></span> <span class='ocrx_word' id='word_1_861' title='bbox 2392 5611 2700 5669; x_wconf 85' lang='lat' dir='ltr'><strong>humilitate</strong></span> <span class='ocrx_word' id='word_1_862' title='bbox 2725 5614 2989 5669; x_wconf 83' lang='lat' dir='ltr'><strong>accedere</strong></span> <span class='ocrx_word' id='word_1_863' title='bbox 3012 5622 3231 5683; x_wconf 84' lang='lat' dir='ltr'><strong>oportet</strong></span> <span class='ocrx_word' id='word_1_864' title='bbox 3257 5613 3324 5667; x_wconf 88' lang='lat' dir='ltr'><strong>ad</strong></span> <span class='ocrx_word' id='word_1_865' title='bbox 3348 5628 3487 5669; x_wconf 59' lang='grc' dir='ltr'><strong>σοι-ν-</strong></span> 
     </span>
    </p>
   </div>
  </div>
