4282 6364
812 385 912 450 747
2031 391 2072 449 S
2132 387 2449 453 MACARII
2486 408 2503 447 ι

2352 388 2449 448 RII
2486 387 2804 448 EGYPTII
3936 372 4043 436 ’ΝΒ

812 512 996 556 tamen
1025 498 1485 561 Christianorum.
1529 514 1594 555 ac
1650 500 1913 570 consequi
1970 500 2093 555 illas
2133 500 2372 555 dlvltlas.
2405 508 2449 560 Α
2481 499 2503 550 ι

2351 532 2372 551 ..
2405 508 2449 560 Α
2481 499 2596 551 δεῖν
2626 500 2833 551 ἐκεῖνον
2858 497 2948 550 τὸν
2980 496 3225 549 πλοῦτον.
3258 494 3605 564 κληρονομία
3629 492 3736 560 γάρ
3760 490 3854 542 καὶ
3883 488 4042 557 μερὶς

817 586 1124 643 “auditas
1150 587 1299 641 enim
1346 594 1405 641 et
1457 601 1583 657 pars
1620 585 2084 650 Christianorum,
2126 594 2212 639 est
2259 584 2376 652 ipse
2476 606 2505 641 τ

2349 598 2376 637 8
2476 589 2585 641 τῶν
2626 587 2968 658 Χριστιανῶν
3013 587 3174 648 αὒτός
3207 588 3356 638 ἑστιν
3391 587 3420 637 ό
3451 584 3613 646 Θεός⁶
3661 581 3878 649 Κύριος
3908 580 4040 648 adp.

811 676 976 730 Deus.
1008 675 1259 729 Dominus
1285 677 1446 740 enim,
1487 676 1686 745 inquit,
1732 692 1858 745 pars
1886 675 2207 729 hereditatis
2250 688 2376 726 mea:
2476 697 2502 746 ς

2351 688 2376 725 Β
2476 679 2630 747 φησὶ,
2642 679 2814 747 μερὶς
2834 677 2941 744 τῆς
2961 678 3361 744 κληρονομίας
3380 693 3496 744 μου
3512 675 3608 728 και
3628 672 3733 725 τοῦ
3753 670 4042 737 ποτηρίου

812 772 863 817 et
892 764 1071 818 calicis
1104 766 1206 817 utet
1227 766 1295 818 θ’.
1317 765 1501 820 Gloria
1535 766 1607 820 sit
1636 765 1712 831 ei,
1753 766 1848 834 qui
1883 780 1942 819 se
1978 766 2156 834 ipsum
2186 763 2373 823 donat,

810 862 974 923 atque
1025 855 1320 923 permiscet
1381 865 1627 909 sanctam
1681 854 1920 909 animam
1971 869 2127 908 suam
2178 852 2376 906 animis

810 943 1270 1012 Christianorum,
1304 947 1362 1001 in
1391 947 1609 1002 saecula.
1641 945 1835 1000 Amen.

1217 1059 1375 1129 ηε
1426 1058 1707 1114 HOMlLIA
1740 1057 1951 1113 xxxv.

1172 1148 1250 1203 De
1290 1150 1518 1204 Sabbato
1544 1152 1761 1219 antiquo
1790 1157 1838 1202 et
1861 1166 2012 1203 novo.

882 1258 924 1312 Ι.
962 1257 1020 1313 1η
1047 1260 1241 1315 umbra
1263 1262 1398 1332 legis
1412 1277 1510 1332 per
1529 1262 1714 1315 Mosen
1734 1262 1873 1315 data:
1900 1258 2179 1313 mandavit
2208 1256 2367 1321 Deus,

816 1366 1269 1423 unumquemque
1320 1357 1667 1425 requiescere
1720 1358 1776 1409 in
1829 1354 2088 1417 Sabbato,
2137 1366 2193 1409 et
2234 1353 2371 1406 nihil

814 1456 993 1512 agere.
1021 1445 1133 1500 Hoc
1156 1456 1338 1500 autem
1364 1446 1533 1517 ﬁgura
1556 1459 1674 1502 erat
1692 1460 1746 1503 et
1770 1448 1965 1502 umbra
1990 1447 2103 1501 veri
2128 1446 2371 1507 Sabbati,

811 1534 958 1598 quod
991 1535 1185 1589 anima
1212 1536 1446 1590 donatur
1474 1554 1504 1591 a
1544 1538 1795 1592 Domino.
1829 1538 2019 1592 Anima
2055 1538 2223 1597 enim,
2254 1552 2375 1605 quze

811 1622 975 1692 digna
1003 1638 1258 1679 censetur
1289 1628 1357 1679 ab
1394 1628 1650 1681 obscenis
1701 1638 1758 1682 et
1808 1628 2063 1696 turpibus
2089 1626 2376 1695 cogitatio-

812 1713 978 1767 nibus
1018 1715 1262 1783 liberari,
1326 1724 1439 1770 tum
1496 1733 1687 1771 verum
1745 1717 2043 1771 Sabbatum
2110 1717 2369 1779 celebrat,

812 1812 926 1856 tum
984 1819 1168 1860 veram
1227 1808 1471 1875 requiem
1523 1807 1840 1875 requiescit,
1869 1807 2042 1860 otium
2105 1822 2271 1874 agens
2316 1816 2369 1861 et

811 1894 1039 1949 liberata
1068 1898 1137 1949 ab
1167 1898 1421 1952 omnibus
1436 1900 1697 1967 operibus
1723 1900 2050 1952 tenebrosis.
2081 1898 2198 1952 Illic
2225 1899 2372 1952 enim

814 1986 871 2037 in
900 1986 1065 2055 typici
1095 1987 1319 2041 Sabbati
1352 1989 1745 2053 celebratione,
1770 1990 1871 2043 etsi
1889 2005 2117 2058 corpora
2132 1989 2379 2058 quiesce-

814 2073 965 2139 bant,
998 2086 1375 2133 verumtamen
1406 2080 1601 2133 anima:
1633 2079 1893 2148 nequitiis
1921 2095 1984 2133 ac
2023 2080 2176 2133 vitiis
2219 2088 2377 2132 erant

814 2163 1053 2234 illigatas.
1081 2165 1195 2220 Hoc
1213 2182 1366 2233 vero,
1381 2184 1570 2223 verum
1590 2168 1887 2223 Sabbatum
1907 2186 2034 2224 vera
2052 2179 2136 2225 est
2160 2170 2379 2239 requies

812 2256 1031 2317 animm.
1053 2273 1176 2327 qua:
1204 2269 1379 2325 vacat,
1401 2267 1457 2314 et
1478 2271 1775 2331 expurgatu
1798 2271 1878 2315 est
1903 2278 1931 2314 a
1955 2263 2379 2331 cogitationibus

815 2342 1047 2408 Satanae,
1075 2354 1132 2400 et
1158 2346 1455 2417 requiescit
1494 2348 1551 2402 in
1594 2358 1863 2419 perpetua
1893 2351 2076 2419 quiete
2106 2362 2162 2404 et
2193 2350 2378 2405 laatitia

816 2432 1055 2491 Domini.

888 2697 955 2751 ll.
998 2698 1467 2764 Quemadmodum
1496 2702 1643 2757 enim
1672 2710 1803 2758 tunc
1838 2703 2130 2767 mandavit,
2167 2712 2229 2757 ut
2266 2704 2381 2771 ipsa

812 2804 1035 2859 quoque
1068 2790 1227 2844 bruta
1259 2792 1516 2847 animalia
1543 2793 1779 2848 Sabbato
1802 2796 2171 2863 quiescerent,
2190 2811 2259 2848 nc
2285 2795 2383 2849 bos

812 2880 919 2934 sub
969 2882 1159 2951 jugum
1191 2884 1561 2937 necessarium
1595 2886 1933 2950 traheretur;
1957 2902 2025 2938 nc
2043 2888 2195 2939 asino
2213 2902 2382 2941 onera

814 2974 1268 3041 imponerentur;
1300 2976 1657 3043 quiescebant
1690 2978 1837 3031 enim
1866 2978 1981 3045 ipsa
2012 2994 2233 3046 quoque
2265 2978 2385 3031 ani-

815 3062 975 3115 malia
1006 3077 1037 3116 a
1061 3062 1216 3116 duris
1248 3065 1549 3131 cperibus;
1610 3066 1690 3119 sic
1738 3082 1953 3134 quoque
1979 3084 2102 3120 cum
2141 3069 2384 3121 venisset

2469 785 2609 835 μου.
2644 768 2782 833 Δόξα
2813 767 2891 837 τῷ
2927 768 3117 819 ἑαυτὸν
3145 767 3359 830 διδόντι,
3406 766 3498 817 καὶ
3545 762 3907 832 συγκιρνῶντι
3940 760 4043 829 τὴν

2474 859 2638 924 ἁγίαν
2672 858 2834 925 φύσιν
2857 858 3021 911 αὑτοῦ
3045 860 3165 920 ταῖς
3194 858 3391 927 ψυχαῖς
3420 855 3529 909 τῶν
3567 853 3929 925 Χριστιανῶν,
3960 852 4042 913 είς

2474 952 2599 1012 τοὺς
2627 948 2851 1011 αἰῶνας.
2906 950 3099 1019 Ἀμήν.

3058 1059 3303 1115 ΟΜΙΔῙΑ
3334 1059 3455 1113 AE'.

2529 1157 2666 1227 Περὶ
2697 1155 2800 1210 τοῦ
2824 1152 3084 1207 παλαιοῦ
3117 1153 3209 1205 καὶ
3267 1152 3372 1205 τοῦ
3396 1149 3607 1204 καινοῦ
3644 1150 3973 1203 Σαϐϐάτου.

2547 1275 2624 1325 A'.
2680 1271 2767 1323 Ἐν
2812 1272 2878 1338 τῇ
2927 1269 3055 1337 σκιᾷ
3088 1266 3178 1318 τοῦ
3215 1266 3380 1333 νόμου
3408 1263 3502 1316 τοῦ
3535 1263 3623 1315 διά
3668 1264 3913 1325 Μωσέως
3951 1264 4045 1313 ὅσα·

2487 1363 2690 1426 θέντος,
2716 1358 3043 1429 προσέταξεν
3090 1360 3117 1409 ὁ
3151 1356 3279 1418 Θεὸς
3313 1358 3369 1407 ὲν
3399 1355 3484 1422 ’τῷ
3514 1354 3775 1424 Σαϐϐάτῳ
3810 1354 4041 1406 ἕκαστον

2480 1451 2855 1506 ἀναπαύεσῦαι
2890 1449 2984 1502 καὶ
3011 1448 3175 1517 μηδὲν
3207 1447 3397 1499 ποιεῖν.
3417 1445 3584 1498 Τοῦτο
3600 1446 3653 1497 δὲ
3675 1446 3840 1504 τύπος
3859 1441 3927 1512 ἦν
3949 1446 4043 1495 καὶ

2478 1542 2604 1595 σκιά
2643 1539 2735 1592 τοῦ
2767 1538 3013 1607 ἀληθινοῦ
3046 1536 3319 1587 Σαϐϐάτου
3346 1534 3439 1586 τοῦ
3477 1534 3747 1600 διδομένου
3785 1534 3850 1599 τῇ
3894 1530 4040 1599 dum

2474 1633 2579 1684 ἀπὸ
2603 1632 2693 1683 τοῦ
2712 1632 2937 1699 Κυρίου.
2954 1629 3017 1681 Ἦ
3038 1630 3144 1695 γάρ
3168 1626 3559 1689 καταξιωθεῖσα
3570 1623 4042 1694 ψυχὴῇλευϐερω-

2474 1720 2651 1793 ϐῆναι]
2676 1722 2782 1774 ἀπὸ
2811 1721 2918 1773 τῶν
2938 1720 3174 1788 αἰσχρῶν
3204 1718 3298 1770 καὶ
3333 1718 3588 1786 ῥυπαρῶν
3622 1716 3915 1782 λογισμῶν,
3949 1717 4043 1767 καὶ

2403 1837 2450 1897 Β
2476 1812 2723 1881 ἀληθινὸν
2749 1808 3020 1861 Σάϐϐατον
3050 1808 3387 1871 σαϐϐατίζει,
3405 1809 3496 1859 καὶ
3518 1806 3770 1876 ἀληθινὴν
3794 1805 4039 1858 ἀνάπαυ-

2480 1918 2562 1953 σιν
2610 1901 2967 1961 ἀναπαύεται,
3020 1898 3262 1968 άργοῦσα
3309 1900 3402 1950 καὶ
3460 1898 3881 1966 ὲλευϐερουμένη
3935 1895 4042 1948 ἀπὸ

2478 1996 2693 2047 πάντων
2725 1993 2833 2045 τῶν
2863 1993 3150 2044 σκοτεινῶν
3179 1992 3374 2059 ἔργων.
3421 1989 3562 2040 Ἐκεῖ
3593 1989 3689 2055 μὲν
3730 1988 3838 2056 γὰρ
3876 1988 3957 2050 είς
3984 1988 4043 2038 τὸ

2478 2084 2707 2137 τυπικδν
2758 2082 3051 2145 Σάϐϐατον,
3083 2083 3130 2133 εί
3182 2082 3277 2133 καὶ
3324 2078 3643 2149 σωματικῶς
3686 2077 4041 2139 ἀνεπαύοντο,

2478 2174 2591 2227 ἀλλ’
2623 2176 2677 2226 ai
2708 2174 2873 2242 ψυχαὶ
2903 2174 2980 2234 εἰς
3008 2173 3102 2234 τὰς
3135 2170 3394 2240 πονηρίας
3436 2171 3527 2222 καὶ
3558 2168 3752 2229 κακίας
3783 2163 3926 2236 ἦσαν
3958 2168 4043 2220 δε-

2478 2266 2717 2333 δεμέναι.
2746 2264 2916 2317 Τοῦτο
2950 2263 3007 2314 δὲ
3036 2262 3095 2313 τὸ
3124 2261 3375 2330 ἀληθινὸν
3412 2260 3705 2323 Σάϐϐατον,
3741 2260 4045 2319 ἀνάπαυσις

2479 2357 2702 2427 ἀληθινή
2754 2357 2889 2416 ἐστι,
2940 2353 3114 2423 ψυχῆς
3154 2351 3428 2423 ἀργούσης
3478 2351 3571 2403 καὶ
3610 2348 4049 2421 καθαριξομένης

2480 2450 2588 2503 ἀπὸ
2618 2449 2724 2501 τῶν
2753 2445 3111 2513 διαλογισμῶν
3146 2443 3239 2495 τοῦ
3287 2444 3519 2506 Σατανᾶ,
3562 2441 3656 2494 καὶ
3696 2441 4046 2509 ἀναπαυομέ-

2481 2556 2578 2609 νης
2621 2541 2699 2602 είς
2743 2537 2842 2605 τὴν
2888 2533 2981 2587 τοῦ
3031 2532 3235 2605 Κυρίου
3290 2532 3595 2586 ἀνάπαυσον
3652 2528 3910 2595 αίωνίαρν,
3955 2529 4046 2581 καὶ

2481 2630 2674 2699 χαράν.

2555 2719 2629 2769 B'.
2654 2718 2863 2783 Ὠσπερ
2888 2716 2995 2784 γὰρ
3027 2714 3143 2766 τότε
3174 2711 3469 2782 προσέταξε
3503 2709 3598 2761 καὶ
3620 2709 3757 2760 αὐτά
3783 2706 3849 2759 τὰ
3880 2706 4047 2771 ἄλογα

2484 2806 2599 2870 ζῶα
2626 2804 2704 2874 τῷ
2734 2803 2995 2871 Σαϐϐάτῳ
3045 2798 3438 2862 ἀναπαύεσθαι,
3491 2797 3579 2849 τὸν
3636 2795 3760 2869 βοῦν
3820 2793 3895 2862 μὴ
3946 2794 4049 2844 ὑπὸ

2484 2894 2648 2961 ζυγὸν
2674 2892 2915 2959 ἀνάγκης
2953 2888 3243 2949 ἕλκεσθαι,
3283 2887 3371 2937 τὸν
3401 2885 3535 2937 δνον
3566 2884 3639 2953 μὴ
3682 2883 4049 2951 ἀπιφορτίςειν

2486 2985 2835 3053 (ἀνεπαύοντο
2867 2983 2974 3053 γὰρ
3024 2980 3117 3031 καλ⁸
3148 2978 3287 3031 αὐτὰ
3312 2978 3381 3030 τὰ
3418 2976 3531 3039 ζῶα
3555 2975 3662 3028 ἀπὸ
3695 2974 3803 3026 τῶν
3840 2974 4049 3043 βαρέων

2486 3076 2706 3147 ἑργων)·
2745 3073 2918 3136 οὕτως
2950 3070 3118 3124 ἐλθὼν
3164 3072 3191 3121 ό
3238 3068 3437 3139 Κύριος
3472 3067 3564 3119 καὶ
3594 3066 3653 3117 τὸ
3680 3065 3932 3133 ἀληθινὸν
3963 3066 4051 3115 καὶ

816 3152 1102 3217 Dominus,
1150 3161 1207 3208 et
1235 3168 1427 3207 verum
1454 3163 1831 3224 aeternumque
1858 3157 2154 3211 Sabbatum
2186 3168 2383 3212 contu-
2408 3180 2453 3241 ρ
2486 3189 2507 3222 α

2359 3188 2383 3198 ··
2408 3180 2453 3241 ρ
2486 3170 2702 3222 αίώνιον
2730 3166 3004 3221 Σάϐϐατω
3049 3164 3191 3225 δοὺς,
3225 3162 3497 3213 ἀνέπαυσε
3536 3161 3635 3225 τὴν
3675 3156 4050 3227 βεϐαρημένην

812 3243 986 3303 lisset,
1022 3244 1348 3297 refocillavit
1373 3245 1608 3299 animam
1632 3248 1893 3301 oneribus
1928 3250 2253 3316 iniquitatis,
2280 3249 2382 3302 im-

816 3333 1252 3403 mundarumque
1279 3337 1671 3405 cogitationum
1703 3350 1981 3408 gravatam
2016 3350 2069 3393 et
2104 3351 2378 3407 onustam,

814 3431 873 3473 et
903 3434 1223 3490 operantem
1272 3426 1581 3495 iniquitatis
1612 3443 1777 3496 opera
1812 3432 2145 3494 necessario,
2180 3433 2381 3500 quippe

816 3527 938 3579 quae
970 3513 1075 3567 sub
1114 3515 1439 3570 acerborum
1492 3517 1843 3573 dominorum
1894 3521 2215 3574 servitutem
2264 3532 2383 3574 erat

818 3602 1037 3659 redacta
1058 3620 1072 3664 ;
1099 3611 1154 3658 et
1186 3606 1387 3659 levavit
1408 3623 1529 3661 eam
1551 3609 1622 3663 ob
1643 3611 1900 3663 oneribus
1928 3609 2381 3675 intolerabilibus,

815 3691 982 3746 variis
1042 3702 1206 3763 atque
1261 3696 1516 3752 obscenis
1563 3701 2007 3768 cogitationibus,
2058 3701 2384 3769 sublatoque

816 3783 968 3849 gravi
998 3785 1126 3853 iugo
1156 3800 1384 3855 operum
1415 3788 1733 3858 iniquorum
1755 3792 2023 3846 recreavit
2057 3807 2201 3859 eam,
2236 3793 2385 3863 cogi-

819 3874 1121 3931 tationibus
1151 3877 1382 3946 impuris
1414 3880 1772 3936 laborantem.

888 3966 978 4021 ιιι.
1012 3969 1277 4024 Dominus
1309 3971 1457 4025 enim
1483 3982 1643 4025 vocat
1684 3973 1961 4027 hominem
1990 3974 2056 4028 ad
2083 3976 2383 4030 recreatio-

818 4074 967 4122 nem,
997 4061 1287 4129 inquiens:
1326 4062 1499 4117 Venite
1525 4066 1595 4117 ad
1629 4082 1729 4130 me,
1776 4082 1953 4119 omnes
1998 4067 2087 4134 qui
2134 4066 2384 4119 laboratis

818 4161 869 4204 et
901 4155 1107 4206 onerati
1151 4155 1293 4217 estis,
1350 4163 1397 4207 et
1457 4172 1549 4225 ego
1600 4156 1899 4223 refocillabo
1952 4173 2038 4210 vos
2092 4158 2156 4210 ⁸⁸.
2198 4158 2385 4227 Itaque

818 4265 1158 4319 quaecunque
1178 4253 1372 4307 anima:
1387 4254 1725 4308 crediderint
1740 4264 1795 4309 et
1813 4256 2161 4319 accesserint,
2180 4256 2389 4311 reiiciet

817 4352 914 4391 eas
945 4339 1014 4391 ab
1047 4339 1131 4393 his
1170 4341 1447 4409 gravibus,
1477 4341 1719 4396 molestis
1754 4352 1807 4395 et
1848 4343 2145 4396 immundis
2181 4343 2388 4411 cogita-

821 4431 1084 4493 tionibus,
1116 4447 1240 4500 quaa
1274 4441 1534 4487 vacantes
1566 4433 1634 4487 ab
1679 4434 1827 4487 onmi
1876 4435 2183 4503 iniquitate,
2245 4436 2391 4491 ccle~

2484 3259 2577 3313 καλ⁵
2608 3255 3048 3325 πεφορτισμένην
3074 3253 3250 3321 ψυχὴν
3275 3251 3513 3320 φορτίοις
3535 3249 3783 3316 ἀνομίας,
3813 3246 4050 3315 ἀκαθάρ-

2482 3369 2589 3404 των
2641 3346 3039 3415 διαλογισμῶν,
3090 3345 3182 3395 καὶ⁵
3232 3339 3604 3412 ἐργαζομένην
3656 3337 3863 3398 ἀδικίας
3922 3338 4049 3405 ἔργα

2486 3441 2621 3511 μετά
2638 3441 2880 3507 ἀνάγκης
2902 3438 2975 3499 ὡς
2995 3436 3096 3488 ὑπὸ
3111 3434 3371 3493 δεσπότας
3395 3434 3619 3501 πικροὺς
3632 3430 4048 3496 δεδουλωμένην,

2485 3533 2577 3583 καὶ
2601 3529 2885 3597 ἐκούφισεν
2905 3528 3069 3596 αὐτὴν
3098 3526 3204 3575 ἀπὸ
3227 3525 3333 3575 τῶν
3355 3524 3767 3573 δυσϐαστάκτων
3799 3522 4052 3587 φορτίων,

2489 3621 2729 3690 ματαίων
2750 3620 2843 3672 καὶ⁸
2866 3617 3122 3687 ῥυπαρῶν
3142 3614 3522 3682 διαλογισμῶν.
3544 3614 3647 3663 Καὶ
3664 3608 3764 3680 ἦρε
3780 3612 3871 3661 τὸν
3895 3611 4051 3677 ζυγὸν

2485 3714 2576 3763 τὸν
2608 3710 2799 3779 πικρὸν
2821 3709 2927 3760 τῶν
2962 3710 3137 3777 ἔργων
3161 3706 3390 3769 ἀδικίας,
3426 3705 3517 3756 καὶ
3543 3704 3845 3755 ἀνέπαυσεν
3892 3702 4055 3771 αὐτὴν

2485 3801 2764 3854 κοπιῶσαν
2794 3802 2849 3853 ὲν
2878 3801 2988 3862 τοῖς
3014 3798 3377 3869 διαλογισμοῖς
3417 3796 3514 3866 τῆς
3537 3793 3900 3863 ἀκαθαρσίας.

2558 3974 2632 4029 Γ.
2678 3976 2735 4028 '0
2782 3975 2890 4043 γὰρ
2924 3973 3126 4044 Κύριος
3176 3971 3331 4024 καλεῖ
3377 3970 3466 4024 τὸν
3506 3970 3793 4037 ἄνθρωπον
3830 3970 3912 4031 είς
3960 3968 4058 4038 τὴν

2487 4066 2791 4122 ἀνάπαυσιν
2822 4065 3016 4132 λέγων,
3049 4063 3225 4117 Δεῦτε
3254 4061 3476 4132 πάντες
3505 4063 3557 4114 οἱ
3580 4058 3927 4125 κοπιῶντες,
3962 4059 4061 4111 και

2488 4156 2965 4227 πεφορτισμένοι·
3004 4154 3164 4223 κάγὼ
3194 4150 3525 4207 ἀναπαύσω
3560 4150 3734 4219 ὑμᾶς.
3774 4152 3885 4204 Καὶ
3938 4154 4060 4204 ὅσαι

2488 4249 2659 4319 ψυχαὶ
2688 4249 2961 4301 πείθονται
3006 4249 3098 4299 καὶ
3136 4247 3547 4316 προσέρχονται,
3585 4244 3852 4297 ἀναπαύει
3892 4245 4061 4306 αὑτὰς

2490 4340 2599 4391 ἀπὸ
2626 4342 2831 4392 τούτων
2859 4337 2966 4389 τῶν
2987 4337 3193 4407 βαρέων
3216 4337 3308 4388 καὶ
3326 4335 3597 4405 φορτικῶν
3615 4338 3707 4387 καὶ
3736 4336 4061 4404 ἀκαθάρτων

2491 4430 2785 4499 λογισμῶν,
2819 4430 2909 4481 καὶ
2944 4428 3201 4497 ἀργοῦσιν
3231 4428 3337 4480 ἀπὸ
3362 4428 3540 4497 πάσης
3566 4428 3813 4497 ἀνομίας,
3850 4428 4059 4478 σαϐϐα-

824 4520 989 4575 brant
1036 4520 1336 4575 Sabbatum
1412 4537 1625 4588 verum,
1688 4524 2007 4577 deliciarum
2065 4526 2283 4593 plenum
2329 4535 2386 4580 et
2421 4520 2461 4572 D
2490 4537 2515 4571 τ

2369 4520 2461 4579 LD
2490 4520 2732 4583 τίζουσαι
2782 4518 3054 4571 Σάϐϐατον
3084 4517 3354 4586 ἀληθινὸν,
3404 4517 3693 4586 τρυφερὸν,
3738 4516 3922 4583 ἀγιονο
3970 4518 4060 4568 καὶ

819 4620 1067 4665 sanctum
1094 4627 1107 4663 :
1148 4622 1414 4682 peragunt
1446 4613 1644 4668 festum
1696 4615 1953 4683 Spiritus,
1987 4616 2169 4684 gaudii
2202 4626 2258 4669 et
2288 4632 2386 4669 cx-

818 4702 2167 4769 sultationisinenarrabilis,etscrviuntservitium
2190 4724 2384 4776 purum

818 4800 876 4846 et
912 4793 1023 4846 Deo
1050 4804 1262 4863 gratum
1294 4809 1357 4847 ex
1391 4810 1531 4863 puro
1562 4796 1750 4859 corde,
1812 4797 1918 4849 hoc
1962 4807 2064 4859 est,
2099 4814 2291 4850 verum
2333 4807 2389 4852 et

818 4866 1065 4932 sanctum
1095 4881 1415 4934 Sabbatum.
1450 4880 1814 4936 Obsecremus
1865 4899 1995 4951 ergo
2034 4899 2133 4937 nos
2166 4900 2389 4953 quoque

820 4968 1012 5029 Deum,
1034 4976 1093 5020 ut
1113 4968 1485 5036 iugrediamur
1508 4970 1562 5022 in
1582 4969 1722 5023 hanc
1753 4971 2021 5039 requiem,
2040 4980 2099 5024 ut
2123 4972 2389 5026 fericmur

819 5074 849 5112 a
884 5060 1158 5127 turpibus,
1188 5059 1478 5113 malitiosis
1526 5071 1693 5129 atque
1738 5063 1893 5115 vanis
1936 5046 2384 5131 cogitationibus,

818 5164 928 5217 quo
954 5149 1059 5204 hoc
1088 5158 1249 5218 pacto
1269 5150 1548 5218 possimus
1577 5153 1865 5205 servitiqu
1892 5154 2153 5208 exhibere
2186 5154 2299 5207 Deo
2320 5171 2387 5207 ex

822 5256 963 5307 puro
988 5241 1184 5304 corde,
1225 5256 1289 5295 ac
1327 5241 1609 5295 celebrare
1658 5242 1858 5297 festum
1909 5244 2147 5312 Spiritus
2191 5245 2384 5299 sancti.

822 5330 1016 5383 Beatus
1062 5345 1213 5398 ergo,
1272 5333 1365 5399 qui
1413 5332 1696 5401 ingressus
1752 5343 1836 5387 est
1900 5334 2045 5387 illam
2116 5338 2384 5403 requiem.

820 5420 1002 5474 Gloria
1032 5422 1197 5482 Patri,
1228 5424 1317 5475 cui
1374 5423 1453 5476 sic
1497 5424 1728 5491 placuit,
1762 5434 1815 5477 et
1862 5425 2018 5490 Filio,
2057 5434 2112 5481 et
2162 5427 2387 5497 Spiritui

822 5520 1031 5573 sancto,
1075 5512 1128 5565 in
1164 5514 1383 5567 srecula.
1423 5516 1617 5570 Amen.

894 5756 935 5786 ⁸³
960 5755 1100 5809 Psal.
1136 5772 1244 5819 xu,
1276 5760 1323 5812 ὃ.
1408 5761 1448 5791 ³ο
1481 5762 1667 5813 Slattb.
1706 5778 1777 5824 χι,
1810 5764 1895 5817 '13.

2491 4610 2837 4678 ἑορτάζουσιν
2868 4608 3058 4678 ἑορτὴν
3088 4607 3417 4675 Πνεύματος,
3450 4607 3645 4674 χαρᾶς,
3676 4608 3767 4657 καὶ
3795 4606 4060 4673 ἀγαλλιά-

2492 4718 2627 4763 σεως
2658 4699 3047 4768 ἀνεκλαλήτου.
3092 4682 3199 4751 Καὶ
3236 4696 3556 4767 λατρεύουσι
3601 4696 3851 4764 λατρείαν
3892 4695 4061 4747 καθα-

2491 4790 2611 4859 ρὰν.
2643 4790 2737 4841 καὶ
2768 4790 3059 4858 εὐάρεστον
3092 4788 3169 4854 τῷ
3211 4787 3349 4856 Θεῷ,
3400 4788 3463 4843 ὲκ
3511 4785 3755 4855 καθαρᾶς
3802 4785 4055 4854 καρδίας·

2486 4881 2644 4933 τοῦτό
2673 4882 2789 4933 ἐστι
2815 4880 2876 4931 τὸ
2907 4879 3154 4949 ἀληθινὸν
3182 4880 3275 4931 καὶ
3304 4878 3457 4945 ἀγιον
3487 4877 3777 4930 Σάϐϐατον.
3802 4879 4062 4947 Παρακα-

2488 4972 2732 5041 λέσωμεν
2761 4967 2853 5024 οὖν
2900 4972 2991 5023 καὶ
3036 4972 3194 5039 ἡμεῖς
3223 4967 3312 5021 τὸν
3357 4968 3489 5020 Θεὸν
3545 4966 3807 5019 είσελΟεῖν
3859 4970 3940 5028 εἰς
3965 4968 4061 5035 τὴν

2490 5064 2833 5115 κατάπαυσιν
2872 5061 3093 5129 ταύτην,
3146 5059 3240 5112 τοῦ
3289 5061 3477 5127 ἀργεῖν
3510 5060 3654 5125 ἡμᾶς
3692 5057 3799 5111 ἀπὸ
3829 5057 3939 5109 τῶν
3977 5059 4060 5109 al-

2493 5153 2694 5221 σχρῶν,
2732 5152 2819 5203 καὶ
2862 5150 3135 5219 πονηρῶν,
3168 5150 3260 5203 καὶ
3286 5148 3530 5217 ματαίων
3559 5146 3943 5216 διαλογισμῶν,
3976 5148 4059 5200 ἴνα

2491 5240 2663 5303 οὕτως
2685 5239 3000 5308 δυνηθῶμεν
3029 5239 3320 5309 λατρεῦσαι
3342 5239 3418 5306 τῷ
3440 5238 3556 5307 Θεῷ
3582 5239 3643 5289 ἑκ
3666 5236 3911 5305 καθαρᾶς
3930 5255 4060 5305 καρ-

2491 5333 2627 5396 δίας,
2660 5333 2751 5383 καὶ
2784 5331 3035 5400 ἑορτάσαι
3080 5330 3273 5399 ἑορτὴν
3307 5328 3616 5395 Πνεύματος
3647 5326 3824 5392 ἁγίου.
3869 5327 4059 5379 Μακά-

2495 5440 2608 5493 ριος
2662 5422 2755 5475 οὖν
2807 5424 2835 5473 ὁ
2886 5420 3138 5473 εἰσελθὼν
3173 5422 3250 5481 εἰς
3296 5421 3509 5486 ὲκεινην
3538 5416 3634 5486 τὴν
3680 5416 4059 5468 κατάπαυσιν·

2495 5514 2618 5577 δόξα
2640 5513 2715 5583 τῷ
2738 5512 2910 5575 οὕτως
2933 5512 3281 5582 εὐδοκήσαντι
3312 5509 3505 5575 Πατρὶ,
3524 5508 3617 5559 καὶ
3643 5505 3780 5576 Υἰῷ,
3811 5505 3905 5558 καὶ
3924 5506 4061 5579 ἁγίῳ

2499 5605 2791 5673 ΙΙνεύματι,
2825 5606 2903 5667 είς
2927 5607 3051 5667 τοὺς
3081 5604 3301 5667 αἰῶνας.
3342 5602 3531 5670 Ἀμήν.
