4282 6364
237 388 353 455 7‘9
1200 404 1568 468 HOMILI/E.
1591 431 1660 443 -
1688 405 1874 467 ΗΟΜ.
1913 406 2175 481 XXXVI,
2211 405 2506 467 XXXVII.
3383 408 3487 475 750

833 513 1070 569 OMIAIA
1102 518 1239 586 Acr.
1851 531 1895 582 Α
2433 515 2524 571 uo

1851 531 1895 582 Α
2433 515 2713 571 ΙῙΟΜΙΗΛ
2755 516 2988 573 XXXVI.

239 601 386 668 Περὶ
417 599 656 684 δισσῇς
672 603 1063 684 ἀναστάσεως
1087 607 1453 684 τῶν-ψυχῶν
1489 615 1584 666 καί
1627 616 1822 684 coqui-
1924 652 1930 662 ε

1802 646 1822 654 -
1924 609 2000 663 De
2026 609 2220 681 duplici
2257 610 2634 684 resurrectione
2667 610 3079 684 animarumct
3109 627 3403 682 corporum,
3444 621 3493 666 et

331 688 472 734 των,
497 674 596 725 καί
620 671 908 743 διαφόρου
937 671 1123 743 δόξης
1150 671 1270 731 τ’ῶῦ
1301 671 1734 752 duro-rathi.

1447 671 1734 752 ταμένωνῖ
2100 671 2109 681 ’
2298 681 2505 733 diversa
2535 683 2916 750 resurgentium
2945 680 3135 750 gloria.

317 781 398 837 A'.
445 783 770 850 ’Δνάστασις
814 787 922 840 τῶν
973 789 1182 859 νεκρῶν
1221 790 1409 862 ψυχῶν
1445 794 1552 847 ἀπὸ
1595 794 1688 848 τοῦ
1727 795 1824 850 νῦν
1994 797 2008 853 1

1799 813 1824 849 ν
1994 797 2037 853 1.
2068 797 2426 854 Resurrectio
2445 803 2784 851 mortuarum
2809 795 3114 850 animarum
3137 795 3206 851 ab
3231 795 3339 850 hoc
3372 811 3490 850 mo-

242 872 478 940 γίνεται.
541 875 864 941 ’Δνάστασις
906 879 963 932 δὲ
995 880 1103 933 τῶν
1147 885 1415 952 σωμάτων
1444 885 1502 938 ἐν
1534 886 1716 959 ἐκείνῃ
1755 890 1821 960 τῇ
1925 905 1933 944 1

1795 890 1821 960 ᾗ
1925 898 2113 945 mento
2135 890 2226 944 ﬁt:
2253 890 2588 946 resurrectio
2621 904 2753 945 vero
2784 902 3079 959 corporum
3140 887 3197 942 in
3248 888 3339 942 illa
3378 887 3486 943 die.

243 963 452 1034 ἡμέρᾳ.
490 965 703 1037 Ὠσπερ
734 968 882 1034 δὲηέν
910 969 989 1040 τῷ
1025 971 1240 1042 οὖρανῷ
1286 975 1627 1045 πεπηγμένοι
1671 977 1825 1044 δντες
1921 981 1934 1043 ί

1796 998 1825 1044 ς
1921 979 2389 1047 Quemadmodum
2424 996 2556 1036 vero
2581 980 2635 1034 in
2663 980 2822 1042 coelo,
2859 994 2980 1050 qua:
3006 977 3124 1032 lixa:
3148 985 3276 1031 sunt
3298 978 3485 1042 stellae,

213 1057 297 1142 ,οι
336 1055 586 1129 ἀστέρες,
620 1058 724 1113 οὐκ
754 1061 861 1114 ίσοι
890 1061 1091 1126 πάντες
1120 1065 1276 1127 είσὶν,
1321 1065 1437 1119 ἀλλ’
1468 1061 1550 1132 εἷς
1580 1068 1673 1123 τοῦ
1704 1071 1824 1136 ἐνὸς

1798 1089 1824 1136 ς
1923 1087 2031 1127 non
2053 1080 2182 1127 sunt
2209 1087 2400 1129 omnes
2433 1073 2676 1143 aquales,
2704 1070 2801 1127 sed
2829 1085 2937 1125 una
2967 1071 3035 1126 ab
3080 1070 3249 1125 altera
3304 1069 3489 1124 ditl‘crt

244 1145 497 1218 διαφέρει
527 1151 587 1203 ἐν
614 1153 680 1221 τῇ
720 1149 1068 1223 λαμπρότητι
1101 1154 1196 1208 καὶ
1233 1157 1648 1232 μεγαλειότητι·
1681 1161 1824 1216 οὕτω
1922 1179 1935 1218 t

1808 1185 1824 1216 ›
1922 1163 2214 1234 splendore
2235 1173 2292 1218 et
2314 1163 2728 1234 magnitudine;
2757 1162 2910 1217 sicin
2928 1161 3098 1216 rebus
3111 1160 3499 1230 spiritualibus.

247 1237 355 1291 κάν
384 1241 497 1303 τοῖς
523 1247 939 1310 πνευματικοῖς,
971 1246 1111 1299 κατὰ
1138 1245 1200 1300 τὸ
1234 1248 1433 1319 μέτρον
1461 1251 1559 1322 τῆς
1587 1254 1824 1318 πίστεώς
1923 1272 1938 1325 ι

1797 1272 1824 1318 ς
1923 1271 2022 1325 pro
2053 1255 2218 1311 modo
2259 1256 2385 1310 ﬁdei
2437 1263 2566 1310 sunt
2599 1255 2971 1326 promotiones
3020 1253 3074 1307 in
3109 1253 3227 1323 ipso
3255 1252 3484 1322 Spiritu,

249 1329 359 1381 είσι
388 1333 665 1401 προκοπαὶ
684 1335 741 1386 ἐν
770 1335 917 1405 αὐτῷ
945 1335 1022 1405 τῷ
1049 1338 1349 1407 Πνεύματι,
1381 1337 1462 1405 εἷς
1494 1343 1821 1398 πλουσιώτε-
1921 1364 1940 1400 ι

1796 1376 1821 1388 -
1921 1363 2066 1403 unus
2097 1347 2428 1418 locupletior
2454 1347 2648 1402 altero.
2673 1346 2957 1415 Scriptura
2987 1360 3207 1414 quoque
3229 1344 3305 1398 ait
3333 1361 3345 1395 :
3383 1343 3484 1407 Qui

244 1437 406 1492 τερος
434 1423 528 1477 τοῦ
559 1424 767 1495 ἐτέρου.
793 1427 904 1480 Καὶ
937 1429 970 1498 ἡ
995 1428 1182 1502 Γραφὴ
1214 1430 1379 1501 λέγει,
1403 1434 1484 1488 δτι
1525 1436 1588 1489 '0
1617 1436 1824 1492 λαλῶν
1923 1438 1935 1491 ί

1795 1456 1824 1491 r
1923 1437 2154 1507 loquitur
2177 1436 2377 1507 lingua,
2396 1433 2597 1506 Spiritu
2616 1434 2710 1487 Dei
2733 1433 2964 1497 loquitur
2984 1433 3046 1483 ³⁸.
3066 1431 3166 1487 Hic
3185 1432 3486 1501 spiritualis

245 1513 317 1565 ἐν
352 1514 624 1583 γλώσσῃ,
647 1518 946 1586 Πνεὺματι
974 1520 1121 1575 Θεοῦ
1153 1525 1334 1578 λαλεῖ
1368 1522 1534 1591 Οὗτος
1577 1549 1820 1600 πνευμα-
1919 1542 1936 1581 ι

1797 1562 1820 1573 -
1919 1533 2025 1589 est,
2065 1526 2156 1595 qui
2189 1541 2313 1579 cum
2343 1524 2756 1594 Deoloquitur:
2786 1525 2851 1578 At
2884 1524 3038 1593 127
3069 1525 3157 1592 qui
3188 1524 3482 1593 prophetat,

245 1605 399 1668 τικός
431 1607 547 1659 ἐστι
575 1607 694 1676 Θεῷ
712 1608 907 1662 λαλῶν·
938 1611 1001 1664 '0
1017 1613 1084 1665 δὲ
1114 1619 1526 1684 προφητεύων,
1568 1620 1821 1690 Ἐκκλη-
1921 1632 1936 1668 ι

1795 1653 1821 1664 -
1921 1616 2188 1670 ecclesiam
2209 1616 2455 1684 ludificat.
2474 1616 2578 1671 Iste
2593 1616 2978 1670 abundantiam
3006 1614 3237 1682 adeptus
3259 1621 3344 1666 est
3365 1629 3485 1682 gra-

245 1697 395 1749 σίαν
421 1699 736 1767 οἰκοδομεῖ.
773 1696 941 1764 Οὗτος
964 1704 1280 1773 περίσσειαν
1310 1705 1434 1777 ἐσχε
1458 1710 1556 1778 τῆς
1579 1714 1816 1782 χάριτος·
1921 1715 1936 1759 1

1795 1729 1816 1743 ν·
1921 1707 2027 1760 tiae.
2058 1708 2152 1761 Ille
2179 1708 2324 1761 enim
2355 1722 2413 1761 se
2448 1709 2626 1776 ipsum
2654 1706 2919 1760 duntaxat
2944 1705 3197 1766 aedificat,
3229 1704 3325 1757 hic
3360 1719 3486 1756 vero

244 1785 276 1837 δ
299 1785 399 1853 μὲν
424 1788 535 1857 γὰρ
560 1789 749 1842 ἐαυτὸν
776 1792 935 1859 μόνον
955 1795 1243 1865 οἰκοδομεῖ,
1271 1797 1299 1849 ὁ
1320 1797 1375 1850 δὲ
1397 1800 1584 1854 ἐαυτὸν
1608 1803 1700 1855 καὶ
1727 1803 1819 1856 τὸν
1920 1809 1935 1850 ε

1793 1821 1819 1856 ν
1920 1809 1977 1850 se
2008 1796 2184 1864 ipsum
2209 1805 2265 1848 et
2286 1795 2614 1864 proximum.
2645 1793 2758 1847 Hoc
2781 1808 2945 1861 porro
2970 1807 3025 1846 se
3058 1793 3243 1857 habet,
3276 1801 3334 1843 ut
3362 1807 3484 1861 gra-

245 1876 500 1944 πλησίον.
539 1879 707 1932 Τοῦτο
741 1881 797 1934 δέ
835 1885 1003 1948 ἐστιν,
1034 1884 1222 1957 ὥσπερ
1256 1888 1453 1954 κόκκος
1482 1891 1627 1945 σίτου
1657 1909 1815 1948 σπει-
1849 1866 1891 1920 Β
1919 1902 1936 1939 ι

1795 1925 1815 1935 -
1849 1866 1891 1920 Β
1919 1902 2049 1939 num
2085 1885 2342 1939 frumenti
2367 1885 2421 1938 in
2454 1895 2656 1940 terram
2691 1885 2998 1954 conjectum
3043 1899 3055 1934 :
3100 1883 3241 1936 idem
3279 1897 3343 1936 ex
3380 1897 3486 1936 uno

231 1961 476 2036 ’ρόμενος
513 1968 570 2021 ἐν
597 1973 662 2040 τῇ
698 1973 791 2042 γῇ,
820 1974 913 2026 καὶ
949 1974 976 2026 ὁ
1012 1976 1172 2040 αὐτὸς
1203 1980 1266 2031 ἐκ
1307 1981 1405 2050 τῆς
1438 1985 1566 2053 μιᾶς
1592 1985 1816 2055 καρδίας
1918 2001 1922 2024 ε

1792 2004 1816 2048 ς
1918 1978 2087 2032 corde
2115 1978 2272 2046 plura
2309 1976 2602 2031 et-divcrsa
2625 1990 2790 2045 grana
2830 1974 3104 2042 producit.
3163 1973 3232 2026 Et
3269 1989 3483 2026 rursum

243 2058 476 2122 πολλοὺς
513 2061 605 2114 καὶ
638 2062 927 2133 διαφόρους
967 2066 1198 2133 κόκκους
1236 2072 1477 2143 ἐκφέρει.
1513 2076 1623 2128 Καὶ
1657 2076 1816 2130 πάλιν
1917 2081 1934 2121 ε

1793 2095 1816 2128 ν
1917 2081 1984 2121 ex
2019 2068 2186 2136 spicis
2214 2067 2346 2136 ipsis
2370 2066 2491 2120 alia:
2524 2075 2654 2120 sunt
2679 2065 2992 2134 ampliores,
3029 2064 3147 2119 aliae
3169 2064 3484 2129 tenuiores;

241 2151 399 2205 αὐτοὶ
430 2155 477 2206 οἱ
521 2154 772 2224 στάχυες,
817 2158 867 2209 οί
901 2159 1001 2227 μέν
1042 2162 1147 2213 είσι
1185 2163 1506 2233 μειζότεροι,
1556 2167 1605 2220 οἱ
1637 2168 1694 2221 δὲ
1725 2187 1813 2238 μι-
1919 2172 1932 2209 ¹

1794 2200 1813 2209 -
1919 2157 2197 2212 universa:
2231 2172 2363 2211 vero
2414 2156 2467 2209 in
2524 2171 2687 2210 unam
2732 2165 3133 2225 congregantur
3179 2170 3383 2218 aream,
3431 2154 3485 2209 in

240 2240 515 2311 κρότεροι,
565 2243 675 2295 ὅλοι
720 2244 776 2296 δὲ
833 2246 912 2309 εἰς
955 2249 1084 2317 μίαν
1125 2253 1447 2320 συνάγονται
1480 2255 1681 2324 ἅλωνα,
1734 2261 1814 2323 είς
1919 2264 1931 2301 1

1797 2279 1814 2323 ς
1919 2264 2087 2302 unum
2121 2248 2416 2310 horreum;
2445 2256 2499 2302 et
2519 2247 2645 2303 licet
2673 2247 2902 2302 diversa:
2929 2247 3059 2310 sint,
3094 2262 3235 2300 unus
3257 2261 3324 2300 ex
3355 2243 3488 2315 ipsis

243 2332 374 2398 μίαν
405 2333 707 2405 ἀποθήκην,
738 2336 982 2409 διάφοροι
1010 2341 1160 2407 ὄντες
1189 2337 1270 2408 εἷς
1303 2344 1363 2411 ἐξ
1398 2347 1576 2401 αὐτῶν
1607 2350 1813 2418 γίνεται
1917 2353 1934 2392 ί

738 2336 982 2409 διάφοροι
1010 2341 1160 2407 ὄντες
1189 2337 1270 2408 εἷς
1303 2344 1363 2411 ἐξ
1398 2347 1576 2401 αὐτῶν
1607 2350 1813 2418 γίνεται
1917 2339 2206 2392 coniicitur
2236 2337 2411 2408 panis.

239 2423 426 2492 ἄρτος.

311 2511 390 2565 Β’.
435 2514 505 2566 Ἢ
530 2513 718 2586 ὥσπερ
751 2517 888 2571 εἰσὶν
919 2520 975 2571 ἐν
1001 2519 1152 2574 πόλει
1179 2522 1356 2595 πλήθη
1379 2525 1697 2597 ἀνθρώπων,
1721 2533 1812 2585 καὶ
1985 2519 2002 2572 Ι

1793 2533 1812 2584 ι
1985 2519 2049 2572 ll.
2079 2518 2186 2572 Aut
2223 2515 2686 2588 quemadmodum
2722 2514 2775 2568 in
2805 2513 3028 2569 civitate
3053 2521 3179 2568 sunt
3202 2513 3484 2567 hominum

235 2603 288 2654 οί
324 2608 424 2673 μέν
456 2607 562 2659 είσι
587 2609 772 2662 παιδία
801 2612 988 2682 νήπια,
1026 2615 1074 2666 οί
1110 2615 1168 2667 δὲ
1201 2615 1409 2688 ἄνδρες,
1439 2618 1471 2690 ἢ
1502 2623 1774 2678 νεανίσκοι
1795 2641 1810 2657 ο
1917 2627 1926 2664 ¹

1795 2641 1810 2657 ο
1917 2609 2318 2673 multitudines,
2366 2617 2422 2664 et
2464 2608 2714 2663 nonnulli
2758 2614 2885 2662 sunt
2916 2605 3073 2676 pueri
3126 2605 3346 2675 pusilli,
3393 2604 3486 2657 alii

240 2705 442 2766 πάντες
479 2705 536 2758 δὲ
589 2707 697 2759 ἀπὸ
733 2710 863 2777 μιᾶς
895 2710 1078 2780 πηγῆς
1128 2710 1270 2783 ὕδωρ
1310 2716 1544 2783 πίνουσι,
1583 2721 1673 2774 καὶ
1707 2722 1814 2775 ἀπὸ
1916 2719 1931 2753 ‘

1795 2722 1814 2775 δ
1916 2718 2050 2758 vero
2070 2702 2173 2756 viri
2209 2702 2293 2756 vel
2322 2701 2730 2766 adolescentes;
2755 2710 2945 2754 omnes
2964 2712 3096 2752 vero
3118 2712 3184 2752 ex
3206 2712 3316 2751 uno
3336 2696 3486 2751 fonte

237 2792 358 2854 ἐιδς
399 2795 565 2863 ἄρτου
597 2796 881 2864 ἐσθίουσιν,
917 2799 1011 2851 ἕνα
1052 2801 1188 2870 ἀέρα
1239 2802 1452 2873 ἔχοντες
1483 2822 1496 2837 ⁸
1541 2807 1573 2876 ἢ
1629 2807 1812 2879 ὥσπερ
1917 2810 1928 2848 ³

1796 2830 1812 2862 ο
1917 2808 2113 2864 aquam
2146 2793 2364 2855 bibunt,
2420 2807 2589 2846 unum
2626 2805 2821 2860 panem
2857 2788 3172 2852 comedunt,
3206 2801 3487 2855 unumque

237 2885 347 2936 εἰσὶ
383 2885 587 2954 λύχνοι,
618 2887 710 2940 καὶ
736 2889 764 2940 δ
793 2890 892 2957 μὲν
919 2890 1032 2960 ἔχει
1061 2891 1153 2944 δύο
1179 2895 1483 2966 μυκτῆρας,
1517 2900 1544 2950 ὁ
1567 2899 1621 2952 δὲ
1653 2876 1811 2954 ἑπτά·
1918 2901 1928 2938 ³

1799 2919 1811 2932 ο
1918 2900 2097 2939 aerem
2121 2884 2351 2953 spirant.
2382 2884 2490 2937 Aut
2519 2881 2745 2952 perinde
2771 2890 2832 2934 ut
2861 2889 2989 2934 sunt
3015 2879 3275 2941 lucerna,
3298 2887 3352 2932 et
3372 2876 3488 2933 hac

242 2977 357 3029 ἀλλ’
389 2978 520 3030 ὅπου
551 2979 698 3031 ἐστὶν
737 2982 770 3050 ἡ
804 2981 1088 3052 περίσσεια
1122 2983 1216 3036 τοῦ
1248 2987 1422 3053 φωτὸς
1456 2988 1628 3051 ἄλλως
1651 2993 1815 3057 φωτὶ-
1917 2991 1933 3028 ί

1793 3023 1815 3032 -
1917 2975 2139 3045 quidem
2191 2975 2358 3028 habet
2409 2974 2514 3026 duo
2564 2971 2872 3032 luminaria,
2926 2969 3015 3022 illa
3070 2983 3206 3023 vero
3251 2975 3484 3036 septem,

241 3070 326 3131 ζει
348 3085 362 3094 ·
392 3069 564 3132 οὕτως
592 3071 707 3124 ὅσοι
745 3074 881 3125 είσὶν
909 3077 964 3126 ἐν
997 3076 1128 3145 πυρὶ
1155 3078 1249 3128 καὶ
1279 3079 1436 3146 φωτὶ,
1473 3081 1533 3131 οὐ
1564 3080 1814 3136 δύνανται
1918 3080 1932 3117 ³

1798 3102 1814 3136 ι
1918 3073 1974 3117 at
2001 3065 2094 3118 ubi
2119 3073 2204 3118 est
2237 3063 2574 3117 abundantia
2614 3061 2776 3125 lueis,
2838 3059 2913 3113 ibi
2971 3059 3133 3112 aliter
3176 3057 3484 3110 illuminat:

239 3163 382 3218 εἶναι
417 3167 474 3218 ἐν
506 3165 719 3218 σκότει’
753 3165 889 3219 ἀλλὰ
932 3167 1164 3235 διαφυρὰ
1203 3169 1368 3238 πολλή
1406 3174 1573 3225 ἐστιν.
1605 3172 1816 3245 ’Ὥσπερ
1845 3189 1887 3247 C
1919 3171 1930 3208 ³

1798 3191 1816 3224 ο
1845 3189 1887 3247 C
1919 3156 2000 3209 sic
2055 3155 2372 3224 quicunque
2420 3161 2549 3206 sunt
2601 3153 2656 3204 in
2693 3153 2816 3217 igne
2867 3159 2923 3204 et
2951 3149 3180 3212 lumine,
3212 3155 3489 3216 nequeunt

239 3263 306 3314 ἂν
332 3262 490 3325 εἴτις
519 3265 698 3332 πατὴρ
726 3261 801 3315 ὢν
839 3263 988 3324 υἱοὺς
1031 3263 1142 3330 ἔχει
1173 3262 1285 3329 δύο,
1319 3264 1409 3316 τὸν
1451 3263 1549 3332 μὲν
1580 3265 1811 3328 παιδίον,
1916 3262 1930 3299 ⁴

1795 3240 1811 3328 ς
1851 3240 1886 3247 ”
1916 3261 2036 3301 esse
2059 3246 2114 3300 in
2133 3246 2407 3300 tenebris:
2439 3259 2628 3298 verum
2658 3257 2849 3312 magna
2881 3242 3024 3294 inter
3045 3255 3141 3293 eos
3171 3247 3253 3292 est
3279 3240 3486 3292 discre-

239 3355 335 3405 τὸν
359 3353 416 3406 δὲ
446 3354 747 3416 νεανίσκον,
783 3352 877 3404 καὶ
910 3355 999 3404 τὶν
1037 3354 1132 3422 μὲν
1164 3354 1243 3416 εἰς
1282 3353 1464 3416 πόλεις
1493 3354 1814 3408 ἀποστέλλει
1917 3355 1930 3408 1

1801 3374 1814 3407 ι
1917 3338 2123 3408 pantia.
2161 3337 2340 3391 Veluti
2377 3351 2440 3391 ac
2489 3336 2535 3389 si
2589 3342 2744 3404 pater
2776 3334 3047 3402 quispiam
3101 3331 3298 3385 habeat
3349 3329 3488 3383 duos

242 3447 337 3498 καὶ
366 3445 657 3515 πατρίδας,
686 3445 746 3498 τὸ
782 3445 838 3497 δὲ
879 3447 1068 3515 νήπιον
1102 3447 1329 3500 πάντοτε
1361 3446 1668 3516 δορυφορεῖ,
1696 3448 1818 3500 ἐπεὶ
1919 3431 1933 3482 ί

1798 3448 1818 3498 ι
1919 3429 2078 3487 ﬁlios.
2112 3429 2258 3482 hunc
2291 3427 2569 3496 pusillum,
2601 3427 2835 3480 alterum
2877 3425 3302 3484 adolescentem,
3342 3420 3489 3473 hunc

246 3536 414 3607 μηδὲν
433 3537 652 3589 δύναται
687 3538 876 3589 ποιεῖν.
919 3537 1054 3600 Δόξα
1083 3537 1157 3605 τῷ
1187 3538 1321 3606 Θεῷ.
1375 3537 1569 3608 Ἀμήν.
1917 3538 1937 3574 ί

1917 3520 2140 3589 quidem
2172 3520 2224 3572 in
2257 3518 2424 3571 urbes
2454 3517 2623 3570 mittit
2647 3525 2702 3570 et
2726 3516 2998 3584 regiones,
3018 3512 3275 3582 pusillum
3303 3518 3486 3564 autem

1918 3628 2135 3680 semper
2165 3619 2374 3672 tuetur,
2406 3609 2532 3678 quia
2559 3607 2694 3662 nihil
2727 3615 2907 3675 potest
2936 3619 3115 3674 agere.
3143 3601 3325 3657 Gloria
3352 3601 3483 3655 Deo.

1922 3706 2112 3757 Amen.

833 3802 953 3854 OMI
965 3801 1070 3854 fila
1114 3803 1150 3854 ,Χ
1162 3801 1234 3855 Z'.
2412 3813 2692 3868 llOBllLIA
2721 3812 2984 3866 XXXVII.

283 3891 420 3959 Περὶ
451 3891 558 3946 τοῦ
589 3892 978 3960 παραδείσου,
1015 3894 1108 3947 καὶ
1135 3896 1322 3963 νόμου
1354 3891 1777 3962 πνευματικοῦ.

1460 3891 1777 3962 ςυματικοῦ.
2250 3903 2325 3956 De
2356 3904 2604 3970 paradiso
2644 3910 2692 3953 ct
2729 3901 2839 3970 lege
2866 3899 3151 3970 spirituali.

317 4009 396 4060 A'.
439 4009 512 4060 ἸΙ
535 4009 707 4075 φιλία
742 4008 846 4060 τοῦ
873 4009 1128 4075 κόσμου,
1156 4009 1297 4061 κατὰ
1330 4008 1389 4061 τὸ
1418 4009 1818 4078 γεγραμμένον,
1991 4034 2008 4069 ,ι

1796 4031 1818 4069 ὀ
1991 4016 2234 4069 Amicitia
2268 4017 2425 4079 hujus
2450 4014 2654 4075 mundi,
2681 4022 2742 4067 ut
2775 4012 3040 4081 scriptum
3069 4020 3173 4074 est,
3208 4010 3487 4064 inimicitia

244 4099 432 4166 ἔχθρα
447 4099 717 4162 ἐστὶνεὶς
743 4099 910 4152 Θεύν.
938 4099 1078 4170 am)
1105 4100 1289 4170 Γραφὴ
1313 4099 1521 4152 κελεύει
1553 4099 1703 4170 πάσῃ
1726 4116 1820 4166 φυ-
1922 4123 1935 4158 ι

1800 4129 1820 4140 -
1922 4115 1994 4158 est
2022 4105 2116 4158 Dei
2153 4106 2217 4159 ³⁷⁸.
2243 4103 2584 4173 Quapropter
2618 4102 2903 4172 Scriptura
2929 4101 3087 4171 jubet
3118 4116 3488 4169 unumquem-

244 4188 386 4256 λακῇ
421 4190 608 4257 τηρεῖν
636 4174 981 4256 ἕκαστοκρτὴν
1015 4188 1208 4240 ἑαυτοῦ
1241 4186 1488 4256 καρδίαν,
1529 4188 1613 4239 ἵνα
1645 4189 1819 4249 τιςὼς
1926 4216 1935 4249 ε

1794 4203 1819 4247 ς
1926 4213 2035 4266 que
2059 4197 2206 4251 omni
2234 4196 2482 4250 custodia
2509 4196 2801 4250 observare
2829 4210 2922 4248 cor
2953 4209 3113 4247 suum
3153 4194 3218 4258 ³³,
3251 4203 3310 4246 ut
3339 4193 3483 4262 quis,

245 4277 575 4345 παράδεισον
616 4277 906 4346 φυλάσσων
934 4280 992 4330 ἐν
1033 4279 1168 4346 αὑτῇ
1201 4278 1292 4330 τὸν
1326 4278 1500 4346 λόγον,
1539 4279 1819 4351 ἀπολαύσῃ
1921 4304 1936 4337 ι

1798 4299 1819 4351 η
1921 4289 2070 4343 velut
2103 4286 2437 4355 paradisum,
2459 4300 2792 4340 conservans
2815 4285 2870 4338 in
2893 4301 2960 4339 eo
2992 4284 3244 4349 verbum,
3276 4283 3489 4338 fruatur

242 4370 347 4437 τῆς
373 4370 612 4438 χάριτος,
641 4371 715 4440 μὴ
738 4370 949 4424 ἀκούων
971 4370 1062 4423 τοῦ
1088 4369 1234 4422 ἔνδον
1255 4370 1626 4439 εἱλισσομένου
1648 4370 1821 4438 ὄφεως
1921 4395 1933 4448 ε

1786 4389 1821 4433 ’ς
1921 4379 2112 4448 gratia,
2138 4392 2238 4431 nec
2262 4376 2449 4430 audiat
2477 4382 2788 4444 serpentem
2823 4375 2969 4428 intus
2994 4390 3052 4430 se
3078 4375 3477 4442 implicantem.

246 4461 705 4531 συμϐουλεύοντος
735 4463 805 4515 τὰ
836 4462 971 4531 πρὸς
1001 4464 1214 4533 ἡδονὴν,
1246 4464 1311 4515 δι’
1332 4459 1400 4531 ἦς
1439 4466 1690 4530 γεννᾶται
1724 4465 1814 4516 θυ-
1922 4485 1937 4523 ί

1798 4494 1814 4504 -
1922 4479 1978 4523 et
2033 4469 2410 4524 consulentem
2444 4482 2564 4536 qua:
2605 4465 2869 4536 voluptati
2901 4466 3231 4530 inserviunt,
3261 4481 3327 4521 ex
3384 4481 3489 4535 qua

248 4553 350 4620 μδς
379 4554 407 4604 ὁ
442 4552 844 4619 ἀδελφοκτόνος,
891 4555 982 4604 καὶ
1013 4553 1237 4622 θνήσκει
1269 4553 1415 4624 ψυχὴ
1457 4556 1489 4621 ἡ
1518 4554 1778 4608 τίκτουσα
1800 4573 1812 4586 ·
1849 4539 1896 4597 θ
1923 4577 1939 4616 ι

1800 4573 1812 4586 ·
1849 4539 1896 4597 θ
1923 4560 2171 4616 nascitur
2203 4558 2486 4613 iracundia
2519 4557 2586 4610 ad
2634 4557 3000 4612 fratricidium
3033 4556 3489 4611 committendum

243 4644 360 4695 ἀλλ’
389 4643 601 4696 ἁκούων
623 4644 715 4696 τοῦ
744 4645 945 4715 Κυρίου
977 4646 1241 4712 λέγοντος,
1291 4647 1698 4713 Ἐπιμελεῖσθε
1720 4649 1816 4700 πί-
1924 4666 1934 4703 t

1800 4677 1816 4690 -
1924 4649 2251 4718 adigens,et
2271 4647 2502 4701 moritur
2545 4647 2726 4700 anima
2756 4647 3010 4715 pariens;
3059 4660 3251 4699 verum
3303 4645 3491 4699 audiat

243 4752 438 4800 στεως
467 4735 564 4788 καὶ
610 4735 875 4802 ἐλπίδος,
927 4735 1002 4789 δι’
1031 4731 1112 4789 ὧν
1160 4737 1437 4806 γεννᾶται
1471 4738 1508 4804 ἠ
1542 4740 1818 4807 φιλόθεος
1926 4742 1934 4794 l

1796 4761 1818 4806 ς-
1926 4741 2217 4795 Dominum
2263 4739 2579 4793 dicentem:
2631 4736 2827 4792 Curam
2871 4738 3051 4790 habete
3077 4736 3201 4804 ﬁdei
3241 4753 3304 4790 ac
3360 4737 3487 4800 spei,

245 4827 344 4878 καί
394 4825 809 4894 φιλάνθρωπος
854 4827 1074 4894 ἀγάπη,
1122 4827 1159 4892 ἡ
1215 4828 1328 4893 τὴν
1374 4829 1614 4882 αἰώνιον
1668 4829 1818 4895 ζωὴν·
1930 4855 1936 4883 4

1799 4849 1818 4873 ν·
1930 4848 1955 4885 e
1989 4832 2170 4900 quibus
2201 4827 2553 4897 proﬁciscitur
2583 4828 2833 4891 charitas,
2887 4836 2936 4880 et
2985 4826 3079 4880 Dei
3127 4835 3175 4880 et
3222 4828 3490 4881 hominum

245 4917 622 4984 παρέχουσα.
647 4917 738 4978 Είς
758 4917 944 4969 τοῦτον
973 4916 1063 4969 τὸν
1088 4917 1410 4985 παράδεισον
1436 4919 1649 4988 εἰσῆλθε
1672 4920 1814 4983 Νῶε,
1929 4946 1936 4975 4

1800 4960 1814 4983 .
1929 4938 2134 4986 amans,
2173 4938 2288 4990 qua:
2315 4921 2477 4974 vitam
2508 4929 2765 4973 wtcrnam
2793 4920 3036 4990 largitur.
3077 4920 3134 4973 In
3177 4912 3488 4990 hujusmodi

243 5006 346 5074 τὴν
380 5006 597 5075 ἐντολὴν
630 5007 918 5074 φυλάσσων
946 5005 1039 5059 καὶ
1068 5006 1452 5076 ἐργαζόμενος,
1483 5011 1576 5062 καὶ
1603 5008 1688 5062 διὰ
1719 5013 1817 5082 τῆς
1927 5028 1934 5081 ]

1800 5031 1817 5076 ;
1927 5010 2244 5081 paradisum
2277 5012 2555 5079 ingressus
2576 5020 2660 5064 est
2680 5010 2813 5071 Noe.
2846 5011 3158 5064 mandatum
3191 5011 3491 5065 observans

245 5101 471 5165 ἀγάπης
538 5096 817 5168 ἐλυτρὼθη
876 5099 972 5166 τῆς
1028 5097 1217 5167 ὀργῆς.
1272 5096 1473 5152 Τοῦτον
1534 5101 1821 5169 φυλάσσων
1921 5119 1936 5156 t

1801 5123 1821 5154 ν
1921 5111 2082 5171 atque
2098 5109 2594 5172 exsequens,atque
2609 5117 2708 5171 per
2723 5101 3043 5155 charitatem
3063 5110 3309 5154 servatus
3323 5111 3407 5154 est
3424 5101 3492 5154 ab

259 5187 513 5257 ’.‘.6pa&p.
564 5187 747 5257 φωνὴν
806 5187 940 5242 Θεοῦ
999 5189 1220 5259 ἢκουσε.
1281 5189 1482 5243 Τοῦτον
1535 5191 1822 5259 φυλάσσων
1921 5191 1950 5244 il

1801 5212 1822 5245 ν
1921 5191 2022 5244 ira.
2054 5188 2212 5244 llunc
2237 5203 2572 5244 conservans
2593 5189 2866 5243 Abraham
2897 5189 3095 5244 divina:
3112 5189 3234 5244 voci
3276 5189 3492 5245 obtem-

247 5279 386 5332 Μιυῦ
399 5278 494 5345 σῆς
524 5277 681 5343 δόξαν
710 5280 789 5340 εἰς
820 5280 880 5332 τὸ
908 5279 1196 5350 πρόσωπον
1231 5265 1555 5350 ὲλάμὸἆνεν.
1595 5281 1823 5350 Ὁμοίως
1922 5299 1938 5352 ι

1800 5300 1823 5345 ς
1922 5283 2152 5352 peravit.
2182 5282 2337 5336 llunc
2378 5282 2696 5336 custodiens
2738 5281 2934 5343 Moses.
2975 5281 3206 5352 gloriam
3258 5281 3313 5335 in
3355 5281 3491 5336 facie

247 5365 415 5418 A2615
452 5365 639 5420 τοῦτον
665 5366 953 5435 φυλάσσων
991 5368 1294 5438 εἰργάζετο,
1315 5368 1446 5421 ’ὅθεν
1475 5369 1583 5423 τῶν
1616 5370 1825 5440 ἐχθρῶν
1924 5391 1938 5430 ι

1799 5389 1825 5422 ν
1924 5377 2153 5445 recepit.
2187 5374 2379 5429 itidem
2409 5382 2466 5429 et
2499 5372 2669 5428 David
2713 5372 2862 5435 hunc
2904 5372 3241 5438 custodiens,
3289 5372 3490 5433 effecit.

247 5457 568 5529 ἐκυρίευεν·
609 5459 742 5512 ἀλλὰ
795 5459 888 5511 καὶ
938 5460 1110 5512 Σαοὺλ
1155 5460 1260 5524 ἕως
1305 5454 1366 5513 οὗ
1415 5461 1683 5530 ἐφύλασσε
1732 5463 1829 5531 τὴν

1802 5481 1829 5514 ν
1938 5467 2082 5520 unde
2129 5465 2432 5519 dominium
2494 5465 2548 5519 in
2607 5465 2790 5519 hostes
2836 5464 3071 5532 adeptus
3130 5473 3232 5518 est.
3295 5463 3492 5517 Verum

250 5548 501 5618 καρδίαν,
535 5549 819 5603 εὐωδσῦτο.
868 5550 995 5603 Ὅτε
1042 5551 1098 5604 δέ
1145 5551 1226 5615 είς
1273 5551 1425 5615 τέλος
1467 5553 1702 5624 παρέϐη,
1749 5557 1826 5617 εἰς
1932 5575 1941 5609 t

1802 5573 1826 5617 ς
1932 5560 2095 5612 etiam
2128 5557 2277 5622 Saul,
2311 5557 2554 5626 quandiu
2593 5556 2895 5611 custodivit
2946 5570 3061 5621 cor,
3118 5555 3261 5609 felici
3311 5570 3493 5608 rerum

249 5639 407 5702 τέλος
440 5640 844 5712 ἐγκατελήφθη.
885 5641 972 5694 Ἐν
1002 5644 1188 5714 μέτρῳ
1216 5643 1320 5713 γὰρ
1367 5645 1505 5698 κατὰ
1539 5647 1824 5711 ἀναλογίαν
1932 5664 1940 5703 1

1801 5667 1824 5697 ν
1932 5663 2184 5703 successu
2221 5648 2510 5710 utebatur;
2540 5646 2757 5715 quando
2805 5661 2934 5702 vero
2965 5645 3068 5700 sub
3109 5643 3270 5699 ﬁnem
3321 5655 3483 5697 transr-

328 5795 368 5826 ³¹
402 5795 569 5852 1Εο1·.
603 5813 709 5850 XIV.
748 5799 781 5851 ἓ
883 5799 922 5835 ³¹
949 5799 1057 5852 Jac.
1086 5817 1151 5864 ιι,
1192 5805 1233 5854 i.
1315 5804 1356 5832 "3
1391 5801 1529 5854 l‘rm'
1589 5822 1655 5866 l‘-‘,
1688 5807 1752 5855 23f:
