4282 6364
198 368 315 432 ’153

1364 364 1732 430 HOMILIB.
1753 389 1825 401 ··-
1844 364 2030 427 ΗΟΜ.
2069 366 2366 427 XXXVII.

3347 364 3453 431 75‘

201 481 470 537 αποδοσιν
492 476 836 547 ικδεχόμενοι
862 476 970 529 τῶν
992 474 1249 545 ἀγαθῶν-
1282 476 1499 542 ἀγαθῶν
1535 476 1593 528 δὲ
1622 476 1784 544 λέγω,
1814 480 1859 535 Α
1888 476 1892 529 Ε

1762 506 1784 537 ι,
1814 480 1859 535 Α
1888 476 2157 531 bonorum
2189 496 2203 532 :
2240 479 2492 531 bonorum
2525 485 2707 531 autem
2729 476 2873 540 dico,
2916 491 3025 530 non
3057 476 3185 545 quia
3216 474 3453 529 ofl‘eusas

201 575 309 641 οὐχ
336 572 419 623 ὅτι
447 569 515 621 τὰ
547 567 859 636 ἀδικήματα
879 566 1285 635 συνεχώρησαν,
1317 565 1431 618 ἀλλ’
1465 568 1544 618 ὅτι
1566 567 1658 619 καὶ
1686 566 1784 628 τάς

203 661 393 730 ψυχὰς
426 658 544 712 τῶν.
565 657 896 710 ἀδικούντων
936 656 1326 724 εὺηργέτησαν.
1373 656 1529 708 Οῦτω
1555 657 1663 725 γὰρ
1689 657 1783 708 αὑ-

207 755 342 814 τοὺς
377 750 732 820 παρετίθεντο
754 750 833 819 τῷ
872 748 1011 815 Θεῷ,
1052 749 1125 810 ὼς
1160 747 1228 800 δι’
1264 747 1443 799 αὐτῶν
1477 747 1571 800 τοῦ
1610 766 1783 817 μακα-

213 844 415 914 ρισμοῦ
467 842 809 910 τυχάνοντες,
854 840 1033 901 καθὼς
1080 856 1233 907 φησι,
1286 838 1575 907 Μακάριοι
1625 840 1781 903 ἐστε,

211 939 364 989 ὅταν
403 933 787 987 ὀνειδίσωσιν
831 931 1008 999 ὑμᾶς.
1056 931 1153 984 καὶ
1192 929 1503 994 διώξωσιν,
1556 931 1651 983 καί
1699 931 1782 983 εῖ-

214 1042 374 1077 πωσι
406 1021 528 1078 πᾶν
567 1022 834 1091 πονηρὸν
852 1021 1016 1091 ρἧα
1043 1020 1172 1077 καθ’
1217 1018 1385 1091 ὑμῶν
1432 1020 1787 1088 -Ψευδόμενοι

215 1117 426 1168 ἕνεκεν
455 1112 622 1178 ἐμοῦ.

298 1205 369 1257 l-L'.
394 1205 527 1257 Ὑπὸ
562 1204 619 1256 δὲ
647 1201 1017 1271 πνευματικοῦ
1051 1200 1234 1271 νόμου,
1267 1200 1408 1254 οὕτω
1437 1204 1651 1269 φρονεῖν
1682 1202 1787 1253 ἐδι-

216 1297 481 1347 δάςκοντο
501 1312 513 1325 α
564 1294 945 1363 ὑπομενόντων
974 1293 1080 1361 γὰρ
1106 1293 1307 1351 αὐτῶν,
1340 1293 1435 1344 καὶ
1476 1293 1574 1361 τὴν
1597 1293 1787 1361 νοεράν

220 1387 507 1455 πραότητα
532 1385 860 1455 τηρούντων,
904 1385 931 1435 ὁ
966 1384 1165 1454 Κύριος
1202 1384 1413 1452 βλέπων
1443 1384 1539 1455 τὴν
1585 1385 1788 1453 ὑπομο-

221 1476 317 1544 in,»
347 1478 441 1541 τῆς
471 1475 698 1544 καρδίας
740 1474 1167 1542 πολεμουμένης,
1213 1477 1302 1526 καὶ
1337 1475 1435 1543 τῆς
1464 1475 1680 1543 ἀγάπης
1714 1475 1787 1545 μὴ

222 1565 601 1630 ἑξισταμένης,
621 1564 867 1634 διέρρηξε
892 1564 957 1616 τὸ
980 1564 1341 1631 μεσότοιχον
1364 1564 1468 1618 τοῦ
1496 1566 1785 1634 φραῖιιιοῦ,

224 1658 321 1709 καὶ
368 1657 468 1724 τὴν
520 1654 724 1707 τελείαν
778 1654 977 1723 ἔχθραν
1036 1654 1397 1716 άπεεάλοντο,
1457 1657 1550 1707 καὶ
1609 1656 1790 1709 οὐκέτι

227 1749 367 1815 μετά
398 1748 537 1813 βίας,
561 1745 695 1797 ἀλλὰ
726 1745 862 1813 μετά
888 1743 1135 1813 βοηθείας
1164 1741 1307 1813 εἶχον
1330 1745 1426 1814 τὴν
1455 1747 1695 1813 ἀγάπην.
1732 1747 1788 1800 ’0

219 1840 332 1905 γὰρ
390 1838 588 1908 Κύριος
659 1836 845 1889 λοιπὸν
908 1838 1185 1905 κατείργει
1255 1836 1350 1905 τὴν
1413 1836 1782 1906 στρεφομένην

220 1928 519 1999 ῥομφαίαν,
546 1926 644 1997 τὴν
673 1928 931 1981 κινοῦσαν
972 1927 1098 1988 τοὺς
1131 1926 1440 1995 λογισμοὺς,
1476 1926 1569 1980 καὶ
1606 1927 1790 1995 εἰσήρ-

221 2036 381 2088 χοντο
428 2021 507 2080 εἰς
542 2018 606 2069 τὸ
654 2019 923 2089 ἐσώτερον
967 2015 1064 2071 τοῦ
1113 2017 1618 2085 καταπετάσματος,
1657 2018 1788 2069 ὅπου

219 2110 527 2179 πρόδρομος
565 2111 703 2179 ὑπὲρ
737 2112 889 2179 ἡμῶν
932 2110 1181 2178 εἰσῆλθεν
1210 2112 1238 2162 ὁ
1271 2110 1474 2177 Κύριος
1499 2125 1513 2138 ·
1566 2110 1659 2162 καὶ
1702 2110 1791 2161 ὲν-

220 2203 474 2272 ιτρύφων
522 2206 634 2264 τοῖς
664 2206 893 2271 καρποῖς
927 2202 1020 2254 τοῦ
1074 2202 1407 2271 Πνεύματος,
1441 2203 1533 2254 καὶ
1560 2202 1626 2255 τὰ
1661 2200 1787 2270 μέλα

217 2292 382 2345 λοντα
417 2296 473 2344 ὲν
502 2292 811 2362 βεΰαιότητι
858 2293 1082 2361 καρδίας
1116 2294 1460 2361 θεασάμενοι,
1517 2295 1611 2347 καὶ
1651 2293 1792 2346 κατὰ

216 2385 312 2436 τὸν
359 2383 679 2436 Ἀπόστολον
708 2424 720 2443 ,
774 2384 953 2435 οὐκέτι
1004 2386 1060 2435 ἐν
1101 2385 1369 2454 ἐσόπτρῳ,
1408 2385 1498 2436 καὶ
1552 2387 1608 2436 ἔν
1651 2384 1790 2436 αἰνί-

216 2493 392 2543 γματι
420 2476 623 2542 ἔλεγον.
664 2478 719 2527 Ἀ
755 2477 1061 2543 ὀφθαλμὸς
1103 2479 1211 2529 οὐκ
1239 2474 1380 2535 εἶδε.
1424 2476 1520 2529 καί
1548 2472 1654 2540 οὖς
1674 2478 1785 2529 οὐκ

215 2566 469 2633 ἤκουσε.
519 2564 617 2617 καὶ
645 2565 742 2617 ἐπὶ
784 2566 1035 2631 καρδίαν
1075 2565 1387 2637 ἀνθρώπου
1435 2568 1545 2619 οὐκ
1584 2566 1789 2630 ἀνέϐη,

221 2658 341 2711 ὅσα
372 2658 702 2724 ἡτοίμασεν
731 2662 762 2710 ὸ
792 2657 933 2721 Θεὸς
958 2658 1078 2723 τοῖς
1107 2656 1418 2724 ἀγαπῶσιν
1432 2657 1635 2709 αὐτόν.
1657 2657 1793 2709 Ἀλλ’

217 2746 331 2815 ἐγὼ
356 2746 512 2799 τοῦτο
541 2746 849 2814 θαυμαστὸν
877 2749 1230 2816 ἐπερωτήσω.

288 2840 381 2895 ς’.
426 2836 762 2903 Ἐρώτησις.
811 2838 876 2890 Εἰ
909 2837 1005 2889 ἐπὶ
1041 2837 1293 2904 καρδίαν
1335 2838 1647 2907 ἀνθρώπου
1685 2845 1796 2896 οὐκ

215 2927 424 2989 ἀνέϐη.
455 2924 625 2993 ὑμεῖς
657 2926 808 2977 αὐτὰ
835 2923 960 2989 πῶς
1000 2926 1197 2978 οῖὸατε
1217 2943 1230 2956 ·
1277 2928 1544 2994 μάλιστα
1584 2935 1796 2998 ὁμολο-

216 3016 407 3080 γήσω
425 3034 519 3079 τες
567 3017 637 3067 ἐν
686 3015 814 3079 ταῖς
852 3015 1171 3081 Πράξεσιν,
1205 3020 1579 3085 ὁμοιοπαθεῖς
1629 3021 1797 3089 ὑμεῖς

214 3104 370 3161 εἶναι
402 3106 697 3173 ἅνθρωποι
716 3122 734 3167 ;

302 3200 664 3264 Ἀπόκρισις.
705 3197 842 3249 Ἀλλ’
877 3198 1120 3262 ἀκούετε,
1158 3200 1209 3250 τί
1255 3200 1389 3269 πρὸς
1435 3199 1598 3253 τοῦτα
1654 3202 1793 3254 ἁπο-

219 3294 467 3359 κρίνεται
497 3289 735 3353 Παῦλος·
786 3290 947 3357 Ἡμῖν
982 3289 1070 3353 δὲ,
1118 3292 1300 3357 φησὶν,
1338 3291 1736 3359 ἀπεκάλυψεν
1762 3296 1794 3345 ό

220 3384 367 3444 Θεύς
412 3380 508 3432 διὰ
535 3379 638 3431 τοῦ
664 3380 1006 3444 Πνεύματος
1043 3379 1230 3431 αὐτοῦ
1260 3379 1359 3431 ’τὸ
1396 3379 1504 3447 γὰρ
1537 3379 1790 3443 Πνεῦμα,

217 3474 418 3525 πάντα
448 3467 662 3537 ἐρευνᾷ
694 3469 787 3522 καὶ
815 3471 884 3522 τὰ
907 3468 1066 3534 βάθη
1092 3470 1197 3523 τοῦ
1222 3470 1391 3523 Θεοῦ.
1432 3469 1569 3521 Ἀλλ’
1600 3470 1684 3521 ἵνα
1719 3470 1792 3538 μή

217 3582 301 3625 τις
339 3566 469 3631 εἴπῃ
503 3563 582 3613 ὅτι
622 3562 800 3622 αὐτοῖς
832 3562 986 3627 ἐδόθη
1022 3561 1083 3612 τὸ
1111 3560 1329 3628 Πνεῦμα
1364 3559 1437 3620 ὡς
1462 3562 1792 3621 ἀποστόλοις,

220 3653 573 3721 rauenna
602 3651 762 3718 φύσιν
797 3651 1080 3720 ἁχὼρητον
1111 3651 1286 3714 τοῦτο,
1316 3650 1547 3718 ἀλλαχοῦ
1569 3652 1793 3719 ἐπευχὸ-

222 3760 383 3811 μενος
412 3742 577 3805 λέγει,
594 3740 727 3793 Ἵνα
745 3737 862 3803 δῴη
886 3739 1027 3806 ὑμῖν
1046 3742 1076 3791 ό
1097 3739 1239 3802 Θεὸς
1254 3740 1400 3791 κατὰ
1414 3740 1799 3791 τὸνπλοῦτον

218 3832 324 3897 τῆς
358 3831 544 3895 δόξης
582 3828 769 3881 αὑτοῦ
802 3827 1064 3895 δύναμιν
1093 3827 1523 3895 κραταιωθῆναι
1557 3828 1653 3881 διὰ
1693 3830 1796 3883 τοῦ

220 3924 567 3985 Πνεύματος
604 3920 790 3973 αὑτοῦ
828 3923 915 3985 είς
942 3919 1048 3972 τὸν
1078 3922 1197 3973 ἔσω
1224 3921 1557 3987 ἄνθρωπον,
1599 3939 1795 3973 κατοι-

220 4014 408 4080 κῆσαι
429 4013 534 4065 τὸν
551 4012 809 4078 Χριστὸν
834 4012 901 4063 ἐν
919 4010 1041 4075 ταῖς
1064 4010 1330 4077 καρδίαις
1354 4010 1535 4079 ὑμῶν.
1560 4012 1667 4062 Καὶ
1687 4011 1797 4062 πάι-

220 4108 307 4159 λιν
331 4121 344 4134 °
400 4105 461 4158 '0
506 4104 572 4157 δὲ
601 4106 813 4171 Κύριος
844 4102 908 4155 τὸ
939 4101 1180 4170 Πνεῦμά
1210 4102 1413 4155 ἐστιν’
1454 4102 1605 4156 ὅπου
1632 4102 1699 4155 δὲ
1734 4104 1797 4155 τὸ

220 4202 467 4269 Πνεῦμα
503 4200 743 4265 Κυρίου,
775 4197 903 4251 ἐκεῖ
932 4197 1255 4265 ἐλευθερία.
1303 4199 1411 4249 Καὶ
1433 4198 1613 4264 πάλιν,
1638 4200 1705 4251 Ei
1732 4198 1799 4251 es

220 4312 315 4358 τις
366 4292 607 4359 Πνεῦμα
651 4289 908 4359 Χριστοῦ
947 4290 1058 4341 οὐκ
1099 4288 1244 4356 ἔχει,
1275 4283 1449 4353 οὗτος
1484 4289 1594 4342 οὐκ
1631 4290 1801 4342 ἔστιν

220 4381 435 4437 αὑτοῦ.

1886 571 2237 632 remiserunt,
2281 584 2470 622 verum
2522 569 2649 635 quia
2691 567 2903 621 animas
2930 566 3186 637 injuriam
3214 564 3456 618 inferen-

1889 662 2021 713 tium
2055 660 2321 713 beneﬁcio
2349 674 2567 727 quoque
2591 659 2909 713 aﬂ’ecerunt.
2937 657 3026 711 Sic
3060 658 3207 710 enim
3236 669 3333 709 eos
3355 654 3455 707 ob-

1888 754 2131 807 tulerunt
2156 754 2287 808 Deo.
2322 770 2383 806 ac
2415 755 2457 806 si
2491 769 2590 821 per
2619 768 2714 805 eos
2746 752 3140 807 beatitudinem
3170 749 3453 804 consecuti

1884 856 2104 906 essent,
2163 845 2624 913 quemadmodum
2674 845 2898 912 inquit:
2952 842 3102 896 Beati
3157 844 3274 894 estis
3335 857 3454 893 cum

1888 935 2258 987 maledixerint
2292 936 2449 997 vobis,
2494 945 2540 988 et
2580 937 2835 1005 persecuti
2872 950 2959 987 vos
2993 933 3206 1001 fuerint,
3236 939 3283 982 et
3308 930 3452 982 dixe-

1887 1030 1993 1080 rint
2018 1043 2169 1081 omne
2194 1026 2395 1081 malum
2447 1029 2695 1083 adversus
2735 1043 2845 1091 uos,
2890 1026 3193 1079 mentientes
3243 1030 3457 1092 propter

1888 1136 1968 1173 me
1996 1122 2061 1173 ".

1959 1211 2021 1265 V.
2051 1210 2093 1264 A
2118 1212 2235 1280 lege
2265 1210 2557 1278 spirituali,
2591 1219 2651 1263 ut
2674 1210 2755 1263 sic
2781 1208 3076 1271 sentirent,
3098 1205 3277 1260 edocti
3303 1209 3453 1255 sunt.

1889 1302 2027 1356 Dum
2060 1301 2207 1355 enim
2243 1301 2514 1368 patienter
2540 1300 2745 1361 ferunt,
2785 1308 2841 1352 et
2869 1296 3036 1350 animi
3082 1291 3459 1347 mansuetudi-

1890 1407 2013 1444 nem
2041 1400 2280 1451 servant,
2316 1389 2580 1441 Dominus
2625 1388 2847 1440 iutueus
2900 1382 3215 1452 patientiam
3278 1379 3459 1433 cordis

1890 1480 2035 1534 bello
2064 1479 2332 1547 oppressi,
2366 1487 2422 1531 et
2443 1477 2711 1529 charitate
2737 1474 2963 1528 minime
3011 1473 3345 1532 labascente,
3372 1468 3457 1520 di-

1894 1571 2004 1623 ruit
2029 1570 2371 1623 interstitium
2408 1570 2650 1621 maceria
2675 1566 2742 1629 ‘°,
2788 1576 2955 1634 atque
3000 1564 3137 1617 adeo
3185 1562 3459 1630 ingentem

1894 1661 2233 1715 inimicitiam
2281 1660 2634 1728 expulerunt,
2696 1666 2759 1710 ut
2798 1672 2905 1709 non
2948 1653 3181 1721 amplius
3232 1652 3307 1713 vi,
3364 1648 3459 1703 sed

1897 1772 2021 1824 cum
2061 1756 2264 1809 auxilio
2292 1754 2615 1808 charitatem
2635 1751 2737 1806 sibi
2758 1751 3059 1819 subjectum
3078 1747 3330 1799 habeant.
3352 1744 3459 1796 Do-

1900 1845 2081 1900 minus
2109 1845 2257 1897 enim
2288 1842 2517 1911 posthac
2564 1850 2787 1895 coercet
2831 1838 3145 1892 versatilem
3195 1833 3457 1903 gladium,

1893 1935 2225 1996 excitantem
2273 1934 2654 2002 cogitationes,
2695 1940 2751 1985 et
2781 1929 3161 1999 ingrediuntur
3201 1925 3461 1977 inti-riora

1891 2026 2198 2091 velaminis,
2270 2041 2380 2093 quo
2456 2038 2762 2092 praecursor
2854 2036 2953 2088 pro
3021 2018 3183 2070 nobis
3252 2013 3463 2067 introiit

1891 2118 2187 2171 Dominus:
2237 2129 2293 2171 et
2339 2131 2462 2169 cum
2499 2114 2863 2167 delectatione
2898 2112 3161 2164 fruuntur
3190 2106 3464 2160 fructibus

1892 2209 2152 2277 Spiritus,
2177 2218 2339 2277 atque
2374 2207 2558 2260 futura
2582 2220 2706 2259 cum
2755 2204 2923 2257 animi
2975 2200 3282 2257 constantia
3327 2214 3461 2251 con-

1896 2302 2245 2368 templantes,
2305 2314 2427 2359 nec,
2484 2306 2541 2350 ut
2604 2297 2896 2365 Apostolus
2959 2296 3054 2353 ait,
3121 2291 3357 2359 amplius
3407 2291 3463 2341 in

1890 2392 2097 2460 speculo
2121 2402 2278 2460 atque
2312 2392 2593 2457 «enigmate
2620 2389 2662 2419 δι
2695 2396 2997 2441 versantes.
3025 2384 3281 2453 inquiunt
3309 2379 3465 2445 :Qute

1891 2481 2068 2535 oculus
2102 2498 2205 2534 non
2233 2482 2380 2542 vidit,
2422 2497 2515 2533 nec
2553 2482 2699 2533 auris
2743 2478 2960 2541 audivit,
2998 2494 3089 2528 nec
3133 2476 3187 2527 in
3236 2490 3322 2527 cor
3374 2474 3463 2524 ho-

1893 2574 2047 2626 minis
2075 2572 2446 2636 ascenderunt,
2472 2587 2589 2640 qui:
2615 2571 2935 2639 prwparavit
2967 2568 3101 2621 Deus
3132 2564 3463 2635 diligentibus

1890 2680 1947 2716 se
1971 2666 2037 2717 δ’.
2090 2662 2296 2718 Verum
2346 2677 2445 2731 ego
2496 2661 2638 2716 hanc
2690 2658 3065 2715 admirandam
3105 2658 3465 2728 qumstionem

1896 2756 2150 2811 mox-cbo.

1965 2848 2057 2902 Vl.
2089 2848 2466 2915 Interrogatio.
2510 2843 2566 2898 Si
2610 2845 2665 2897 in
2694 2860 2786 2896 cor
2816 2843 3038 2896 hominis
3076 2857 3180 2893 non
3223 2837 3470 2891 ascende-

1898 2948 2044 2998 runt,
2077 2955 2163 2991 vos
2198 2953 2301 3004 quo
2326 2948 2477 3005 pacto
2498 2935 2594 2988 illa
2622 2936 2819 2987 nostis:
2850 2934 2938 3002 qui
2962 2933 3191 2984 maxime
3219 2928 3470 2995 conﬁtea-

1898 3032 2025 3083 mini
2057 3031 2111 3081 in
2149 3029 2289 3082 Artis
2324 3044 2341 3081 :
2377 3046 2395 3077 ι
2437 3027 2531 3079 Vos
2564 3043 2673 3079 esse
2707 3027 2940 3079 homines
2962 3024 3144 3078 iisdem
3178 3038 3295 3075 eum
3325 3020 3468 3073 nobis

1846 3140 1863 3198 ς
1898 3119 2249 3190 aﬁ'ectionibus
2272 3118 2531 3185 subjectos
2570 3116 2656 3168 “‘i
2688 3135 2705 3166 ι

2157 3208 2462 3278 Responsio.
2495 3208 2598 3262 Sed
2628 3208 2834 3270 audite,
2857 3206 2986 3273 quid
3021 3204 3087 3258 ad
3109 3205 3225 3258 haec
3245 3217 3473 3271 respon-

1898 3298 2023 3352 deat
2050 3300 2247 3352 l‘aulus
2267 3317 2279 3351 :
2298 3298 2456 3352 Nobis
2476 3307 2650 3351 autent
2676 3298 2920 3350 reuelauit
2946 3287 3083 3350 Deus
3105 3312 3194 3364 per
3216 3292 3471 3359 Spiritum

1896 3408 2069 3445 suum.
2104 3390 2327 3460 Spiritus
2362 3392 2497 3443 enim
2535 3391 2712 3442 omnia
2740 3398 3029 3452 scrutatur,
3061 3390 3219 3441 etiam
3249 3387 3471 3455 profun-

1898 3485 2085 3536 ditates
2137 3483 2233 3535 Dei
2252 3482 2315 3535 “.
2356 3483 2555 3535 Verum
2606 3497 2673 3535 ne
2736 3482 2859 3548 quis
2906 3480 3071 3542 dicat,
3104 3480 3235 3547 ipsis
3284 3478 3470 3531 datum

1900 3589 2019 3627 csse
2048 3572 2312 3642 Spiritum
2348 3580 2603 3641 tanquam
2636 3571 2918 3639 apostolis,
2947 3587 2976 3623 a
3017 3570 3176 3623 nobis
3214 3586 3342 3621 vero
3379 3584 3469 3622 se-

1900 3665 2138 3717 cundum
2170 3673 2420 3717 naturam
2449 3661 2838 3730 comprehendi
2886 3662 2987 3713 hoc
3023 3676 3130 3712 non
3173 3674 3350 3727 posse,
3374 3656 3476 3711 ali-

1900 3753 2021 3806 cubi
2047 3754 2347 3820 deprecans
2381 3752 2487 3804 ait:
2519 3750 2582 3805 Ut
2621 3752 2707 3802 det
2736 3751 2873 3803 vobis
2908 3748 3047 3801 Deus
3072 3749 3231 3817 juxta
3264 3748 3472 3799 divitias

1899 3844 2078 3912 gloria:
2101 3859 2230 3903 sua’,
2254 3851 2310 3894 ut
2341 3842 2651 3908 fortitudine
2684 3840 3091 3893 corroboremini
3123 3841 3175 3891 in
3209 3840 3473 3890 internum

1899 3936 2179 3997 hominem,
2207 3942 2262 3985 ut
2289 3935 2541 3987 inhabitet
2568 3932 2803 3986 Christus
2836 3948 2928 4000 per
2966 3930 3125 3997 ﬁdem
3155 3930 3206 3982 in
3236 3928 3474 3982 cordibus

1900 4027 2081 4079 vestris
2099 4024 2165 4076 ".
2202 4025 2266 4077 Et
2294 4039 2510 4077 rursum
2543 4042 2554 4075 :
2592 4024 2845 4075 Dominus
2894 4029 3069 4072 autem
3102 4017 3329 4086 Spiritus
3376 4027 3472 4070 est.

1906 4117 1998 4172 Ubi
2031 4132 2147 4169 vero
2182 4114 2410 4183 Spiritus
2440 4114 2671 4176 Domini,
2700 4114 2770 4167 ibi
2800 4114 3012 4165 libertas
3034 4111 3099 4163 ⁸⁶.
3132 4109 3196 4161 Et
3219 4123 3436 4161 rursum
3460 4126 3477 4159 :

1900 4206 1957 4261 Si
1987 4209 2100 4276 quis
2129 4222 2247 4259 vero
2276 4202 2531 4271 Spiritum
2563 4204 2757 4257 Christi
2798 4219 2902 4256 non
2953 4201 3127 4266 habet,
3157 4199 3239 4252 hic
3266 4215 3369 4252 non
3402 4205 3479 4251 est

1901 4300 2013 4368 ejus
2032 4298 2097 4349 ⁵⁷.

301 4475 378 4543 Z',
407 4470 705 4539 Εύξὼμεθα
739 4472 918 4524 τοίνυν
948 4470 1041 4522 καὶ
1071 4470 1229 4537 ἡμεῖς
1268 4470 1325 4520 ὲν
1346 4468 1684 4538 πληροφορίᾳ
1705 4467 1797 4521 καὶ
1823 4457 1875 4516 D
1974 4472 1992 4510 Ἰ

1787 4483 1797 4519 ι
1823 4457 1875 4516 Ῑ)
1974 4471 2088 4526 VII.
2121 4469 2487 4525 Obsecremus
2517 4482 2647 4536 ergo
2676 4482 2897 4537 quoque
2928 4483 3028 4522 nos
3062 4468 3116 4521 in
3147 4463 3478 4533 certitudine

223 4566 477 4633 αἰσθήσει
508 4562 827 4633 μεταλαϐεῖν
858 4561 951 4618 τοῦ
970 4562 1123 4627 ἀγίου
1153 4559 1489 4627 Πνεύματος,
1515 4561 1609 4612 καὶ
1641 4559 1811 4611 εἰσελ-

224 4661 338 4710 θεῖν
364 4658 487 4709 ὅθεν
536 4654 957 4725 ὲξεληλύθαμεν,
984 4653 1075 4705 καὶ
1104 4651 1197 4704 τοῦ
1231 4651 1419 4702 λοιποῦ
1450 4652 1623 4703 ἀποστ
1635 4650 1804 4719 ραφῆο

226 4767 317 4802 ναι
347 4750 441 4815 ἀφ’
480 4748 638 4818 ἡμῶν
682 4747 774 4798 τὸν
830 4745 1158 4814 θυμοκτόνον
1203 4744 1347 4813 ὅφιν,
1400 4744 1493 4795 καὶ
1527 4742 1801 4806 κενόδοξον

225 4838 537 4907 σύμϐουλον
583 4839 641 4890 τὸ
693 4835 916 4903 Πνεῦμα
937 4837 1036 4901 τῆς
1064 4835 1331 4905 μερίμνης
1365 4835 1457 4886 καὶ
1479 4832 1812 4903 κραιπάλης·

225 4932 350 5004 ὅθεν
379 4930 608 4997 βεϐαίως
637 4928 1025 4989 πιστεύσαντες
1064 4928 1161 4989 τὰς
1217 4926 1434 4986 ἐντολὰς
1474 4924 1568 4977 τοῦ
1595 4924 1795 4995 Κυρίου

228 5018 576 5085 φυλάξωμεν,
602 5015 695 5067 καὶ
750 5012 1071 5083 αὑξηθῶμεν
1104 5016 1162 5066 ὲν
1197 5013 1342 5081 αὐτῷ
1373 5015 1461 5077 είς
1484 5013 1673 5078 ἄνδρα
1704 5011 1797 5064 τέ-

227 5113 379 5162 λεον
411 5111 496 5171 εὶς
523 5107 743 5174 μέτρον
770 5106 1028 5171 ἡλικίας.
1060 5106 1151 5158 τοῦ
1183 5104 1376 5174 μηκέτι
1407 5102 1797 5173 κατακυριεύε-

229 5199 358 5251 κθαι
381 5201 483 5249 ὑπὸ
512 5198 612 5265 τῆς
634 5198 847 5265 ἀπάτης
865 5197 959 5249 τοῦ
980 5197 1174 5258 αἰῶνος
1203 5196 1414 5257 τούτου,
1445 5195 1556 5245 ἀλλ’
1584 5195 1641 5245 ὲν
1670 5193 1804 5262 πλη-

234 5289 463 5359 ροφορίᾳ
490 5289 586 5341 τοῦ
621 5288 933 5357 Πνεῦματος
962 5284 1131 5352 εἶναι,
1183 5288 1278 5340 καὶ
1312 5289 1386 5356 μὴ
1417 5289 1687 5347 ἀπιστεῖν,
1724 5286 1804 5337 ὅτι

231 5383 326 5433 καὶ
350 5382 425 5441 εἰς
454 5379 808 5448 ἁμαρτωλοὺς
839 5378 1228 5448 μετανοοῦντας
1257 5380 1288 5445 ἡ
1323 5377 1480 5446 χάρις
1506 5374 1638 5427 Θεοῦ
1662 5374 1807 5426 εὐδο-

228 5475 337 5526 κεῖ.
373 5471 444 5523 Τὸ
467 5470 575 5539 γὰρ
600 5472 739 5523 κατὰ
773 5471 932 5539 χάριν
960 5469 1319 5540 δωρούμενον,
1358 5466 1540 5519 οὐκέτι
1572 5468 1626 5517 ὲν
1662 5483 1805 5533 παρ·-

1906 4561 2034 4616 ﬁdei
2061 4570 2117 4615 et
2145 4575 2332 4623 sensu,
2361 4571 2422 4611 ut
2451 4558 2748 4627 participes
2786 4557 2979 4610 ﬁamus
3016 4556 3257 4625 Spiritus
3280 4554 3477 4617 sancti,

1905 4664 1963 4709 et
1998 4650 2369 4721 ingrediantur
2415 4650 2558 4703 unde
2594 4648 2801 4717 egressi
2853 4663 3080 4702 sumus:
3115 4657 3171 4700 et
3199 4654 3256 4699 ut
3307 4645 3479 4714 iunpo.

1910 4760 2115 4800 Sterum
2162 4752 2440 4796 avertatur
2485 4756 2515 4793 a
2562 4740 2724 4793 nobis
2776 4754 3003 4807 serpens
3056 4744 3113 4789 et
3160 4735 3483 4789 interfector

1912 4836 2099 4897 animi,
2127 4835 2399 4902 superbus
2424 4840 2479 4885 et
2503 4846 2676 4884 vanus
2718 4829 3020 4888 consultor,
3056 4827 3293 4895 Spiritus
3328 4826 3480 4879 solli-

1902 4926 2164 4982 citudinis
2211 4935 2268 4979 et
2320 4923 2554 4992 crapula:
2584 4939 2596 4973 :
2631 4930 2691 4974 ut
2742 4921 2868 4974 inde
2917 4920 3149 4972 ﬁrmiter
3193 4919 3485 4971 credentes

1908 5017 2159 5071 mandata
2192 5015 2405 5068 Domini
2440 5028 2746 5076 servemus,
2776 5022 2830 5065 et
2856 5026 3172 5066 crescamus
3216 5012 3269 5063 in
3314 5026 3381 5063 eo
3426 5011 3483 5061 in

1903 5112 2072 5162 virum
2126 5107 2429 5175 perfectmn,
2486 5106 2539 5157 in
2596 5121 2901 5157 mensuram
2951 5104 3208 5165 metatis",
3242 5117 3311 5155 ne
3340 5102 3481 5153 uitra

1906 5198 2223 5251 dominetur
2284 5194 2441 5248 nobis
2498 5194 2752 5262 deceptio
2800 5192 2965 5256 huius
3014 5189 3220 5248 saeculi,
3270 5187 3363 5241 sed
3427 5188 3483 5239 in

1904 5285 2230 5340 certitudiue
2281 5282 2405 5335 ﬁdei
2437 5281 2676 5349 Spiritus
2706 5284 2900 5344 simus,
2931 5295 3105 5347 neque
3136 5277 3442 5330 diﬂidamus
3466 5296 3485 5330 :

1906 5376 2031 5444 quia
2061 5382 2371 5443 peccatores
2401 5387 2620 5440 quoque
2654 5372 3043 5439 resipiscentes
3064 5370 3233 5438 gratia
3264 5368 3356 5421 Dei
3387 5367 3479 5419 be-

1911 5466 2103 5518 nevole
2128 5462 2379 5531 suscipit.
2403 5460 2559 5527 Quod
2583 5462 2729 5515 enim
2755 5476 2854 5531 per
2887 5460 3115 5531 gratiam
3144 5459 3398 5523 donatur,
3427 5457 3479 5510 id

305 5661 351 5734 ’ξ
382 5664 647 5734 Μοιιιιεν,
674 5666 759 5720 11.
834 5668 878 5699 ⁸⁸
906 5667 1105 5734 prcs.
1138 5665 1308 5725 in“.
1384 5665 1427 5696 δ’
1506 5663 1632 5719 Cor.
1672 5679 1792 5726 xm,
1829 5661 1914 5716 ιε.
1992 5661 1996 5685 ¹

1786 5705 1792 5726 ,
1829 5661 1914 5716 ιε.
1992 5660 2037 5692 ⁸³
2068 5661 2231 5734 lgor.
2268 5677 2324 5723 ιι,
2352 5662 2405 5715 9.
2442 5660 2526 5734 ‘f_
2560 5660 2680 5715 Act.
2715 5675 2827 5723 xw,
2854 5659 2938 5713 15.
3009 5657 3097 5714 “l
3132 5655 3255 5711 Cur.
3304 5672 3362 5723 tt,
3397 5655 3477 5710 lO.

236 5735 284 5768 “
320 5733 518 5802 Ephes.
547 5751 624 5799 ιιι,
662 5736 745 5802 16,
787 5736 868 5791 17.
946 5733 990 5769 ⁸⁸
1018 5738 1062 5793 li
1083 5737 1212 5792 Cor.
1254 5751 1330 5801 ut,
1362 5736 1446 5789 17.
1523 5734 1566 5765 δ’
1599 5736 1758 5791 Rom.
1781 5748 1893 5798 \‘lll,
1920 5736 1975 5790 9.

2049 5730 2093 5763 "
2127 5732 2323 5799 Ephes.
2355 5746 2427 5793 iv,
2467 5729 2549 5783 l5.
