4282 6364
192 362 306 424 757

1357 372 1728 441 HOMILI/B.
1752 404 1821 438 -.-
1843 378 2029 446 ΠΟΜ.
2068 384 2397 450 XXXVIII.

3370 394 3476 462 758

199 473 586 557 Παραγγέλλει
603 475 719 540 οὖν,
740 477 828 533 ῑνα
855 480 1070 551 πρῶτον
1092 484 1291 555 venor};
1314 486 1409 537 καὶ
1435 487 1635 557 νοήσας
1652 490 1793 557 ἀγα·
1823 496 1863 551 Α

1823 496 1868 551 Α
1896 494 2087 563 quirit.
2130 497 2385 567 Praecipit
2435 497 2623 569 lgltnr,
2664 508 2726 555 ut
2770 500 3010 571 primum
3065 512 3387 571 cognoscat,
3418 512 3475 559 et

201 566 385 637 πήσῃ,
424 567 521 618 καὶ
552 565 821 637 θελήματι
860 571 1190 643 ἑπιτηδεύσῃ
1210 587 1226 603 ⁶
1256 574 1318 626 τὸ
1336 574 1395 627 δι
1435 578 1796 649 ἑνεργηθῆναι

198 652 300 706 τδν
328 654 475 718 νοῦν,
507 654 551 741 ή
578 654 869 727 ὑπομείναι
894 660 986 714 τὸν
1008 662 1195 724 κόπον,
1219 663 1253 734 ή
1284 665 1497 721 τελέσαι
1528 668 1588 722 τὸ
1609 670 1792 741 ἔργον,

197 741 237 810 ὴ
274 741 437 810 χάρις
459 739 556 794 τοῦ
588 743 795 815 Κυρίου
844 748 1077 819 παρέχει
1108 750 1188 821 τῷ
1239 751 1528 823 θελήσαντι
1572 739 1667 811 καὶ
1701 776 1795 813 πι-

208 832 519 889 στεύσαντι.
560 835 637 889 Τὸ
676 836 770 890 οὖν
801 838 1013 912 θέλημα
1044 842 1138 896 τοῦ
1179 845 1563 916 ἁνθρὼπουῶς
1615 852 1794 921 παρά-

201 939 401 987 στασις
426 926 762 998 ὑποστατική
797 947 813 962 ο
853 931 928 1002 μὴ
963 935 1230 1004 παρόντος
1249 938 1307 991 δὲ
1339 937 1660 1009 θελήματος,
1675 943 1795 997 οὐδὲ

201 1014 368 1077 αὐτὸς
392 1016 422 1067 ό
448 1016 578 1079 Θεός
598 1035 648 1070 τι
682 1022 843 1085 ποιεί,
867 1022 1069 1095 καίπερ
1092 1026 1411 1097 δυνάμενος,
1444 1029 1532 1085 διὰ
1558 1031 1621 1085 τδ
1658 1033 1792 1085 αὺτ-

202 1104 471 1168 εξούσιον.
514 1107 575 1160 'H
606 1104 698 1162 οὖν
724 1111 1101 1183 τελεσιουργία
1131 1117 1228 1170 τοῦ
1260 1118 1578 1189 Πνεύματος
1637 1123 1696 1174 ὲν
1714 1122 1793 1192 τῷ

207 1196 475 1266 θελήματι
518 1198 614 1253 τοῦ
658 1202 949 1272 ἀνθρώπου
992 1209 1191 1262 κεῖται.
1227 1208 1419 1273 Πάλιν,
1456 1211 1552 1266 ἐὰν
1581 1212 1701 1265 ὅλον
1732 1214 1794 1266 τὸ

210 1286 429 1356 θέλημα
461 1290 662 1359 δῶμεν,
688 1293 808 1347 ὅλον
834 1296 896 1348 τὸ
942 1297 1103 1367 ἔργον
1127 1301 1257 1369 ἡμῖν
1297 1301 1616 1374 ἐπιγράφει,
1663 1304 1793 1358 θαυ-

213 1380 421 1445 μαστὸς
441 1382 470 1432 ό
501 1381 635 1445 Θεὸς
663 1387 722 1437 ὲν
751 1388 906 1452 πᾶσι,
944 1393 1038 1443 καὶ
1064 1392 1419 1463 ὰπερινόητος
1446 1382 1755 1449 τὸέσύνολον
1773 1413 1788 1428 ·

209 1468 493 1540 ἄνθρωποι
530 1474 587 1528 δὲ
631 1476 793 1545 μέρος
836 1495 887 1531 τι
932 1480 1042 1533 τῶν
1072 1482 1391 1553 Θαυμασίων
1416 1486 1580 1540 αὐτοῦ
1611 1488 1793 1543 λαλεῖν

209 1561 619 1633 ἐπιχειροῦμεν,
661 1570 726 1636 τῇ
774 1570 964 1641 Γραφῇ
1014 1574 1419 1645 ἐπερειδόμενοι
1445 1620 1458 1642 ,
1489 1577 1689 1646 μᾶλλον
1734 1579 1794 1633 δὲ

208 1652 301 1704 ὑπ’
336 1654 507 1723 αὐτῆς
573 1662 1009 1731 συνεταζόμενοι.
1076 1667 1174 1731 Τίς
1225 1669 1335 1735 γὰρ
1360 1711 1373 1727 .
1410 1670 1597 1740 φησὶν,
1639 1672 1792 1741 ἔγνω

207 1746 362 1798 νοῦν
395 1750 654 1815 Κυρίου;
705 1753 866 1816 αὐτὸς
906 1755 964 1807 δέ
1012 1774 1166 1826 φησι,
1216 1759 1483 1826 Ποσάκις
1518 1757 1791 1828 ἠθέλησα

1898 598 2025 638 cum
2059 588 2330 655 cognorit,
2366 587 2576 659 diligat,
2630 597 2687 667 et
2736 591 3024 645 voluntate
3076 589 3374 647 incumbat.
3405 592 3474 648 Ut

1896 682 2079 728 autem
2110 684 2440 730 exerceatur
2476 692 2654 741 mens,
2686 687 2780 732 aut
2813 680 3061 734 laborem
3115 680 3332 744 toleret,
3379 692 3475 736 aut

1895 780 2035 841 opus
2076 764 2300 834 aliquod
2342 766 2613 835 perﬁciat,
2648 768 2819 838 gratia
2855 770 3074 824 Domini
3114 770 3347 841 largitur
3378 787 3474 825 vo-

1894 840 2028 911 lenti
2079 864 2133 911 et
2181 856 2453 913 credenti.
2485 859 2755 915 Voluntas
2787 876 2920 932 ergo
2946 861 3186 918 hominis
3207 840 3293 919 est
3322 866 3473 919 velut

1893 946 2227 1018 adiutorium
2261 965 2293 1003 a
2318 958 2516 1004 natura
2559 950 2819 1006 insitum:
2860 953 3089 1009 absente
3118 970 3251 1009 vero
3273 956 3472 1011 volun-

1893 1046 2029 1104 tate,
2060 1056 2242 1110 neque
2265 1042 2385 1111 ipse
2413 1043 2561 1098 Deus
2597 1044 2881 1115 quidpiam
2911 1055 3193 1116 operatur,
3221 1049 3474 1116 quamvis

1813 1187 1816 1190 ,
1894 1132 2100 1200 possit;
2128 1141 2355 1202 propter
2380 1134 2610 1190 liberam
2644 1136 2905 1190 nimirum
2945 1137 3164 1191 arbitrii
3215 1140 3472 1193 volunta-

1896 1231 2027 1276 tem.
2051 1222 2324 1278 Perfectio
2372 1224 2542 1295 igitur
2584 1225 2769 1295 operis
2812 1224 3072 1295 Spiritus,
3103 1226 3156 1281 in
3189 1228 3471 1283 voluntate

1894 1310 2137 1368 hominis
2191 1315 2295 1369 sita
2342 1324 2449 1370 est.
2503 1314 2763 1382 Rursum,
2806 1316 2853 1371 si
2906 1324 3076 1372 totam
3132 1319 3471 1372 voluntatem

1893 1402 2285 1467 concedamus,
2314 1405 2590 1476 integrum
2622 1422 2760 1477 opus
2794 1406 2959 1462 nobis
2992 1408 3280 1471 adscribit,
3308 1410 3475 1463 mira-

1893 1491 2022 1548 bilis
2055 1494 2146 1549 ilIe
2176 1496 2323 1550 Deus
2355 1497 2411 1550 in
2441 1497 2722 1561 omnibus,
2753 1506 2810 1553 et
2849 1500 2944 1568 qui
2991 1500 3177 1555 animo
3221 1516 3471 1570 compre—

1895 1580 2061 1636 hendi
2093 1583 2321 1637 omnino
2351 1600 2462 1639 non
2492 1594 2673 1654 potest
2698 1603 2711 1639 :
2753 1602 2854 1640 nos
2902 1587 3155 1643 homines
3182 1605 3313 1642 vero
3344 1604 3473 1659 por-

1893 1674 2195 1729 tiunculam
2226 1676 2465 1745 aliquam
2513 1676 2856 1731 mirabilium
2900 1679 3021 1749 ejus
3066 1679 3346 1747 explicare
3373 1694 3467 1734 co—

1894 1776 2112 1826 namur,
2150 1762 2437 1834 Scriptura
2472 1763 2607 1827 nixi,
2639 1764 2773 1834 quin
2833 1768 3019 1834 potius
3044 1765 3114 1819 ab
3151 1767 3239 1820 illa
3262 1767 3467 1822 edocti.

206 1838 569 1903 ἐπισυνάξαι
618 1842 692 1894 τὰ
743 1843 927 1899 τέκνα
961 1860 1101 1911 σου,
1140 1850 1236 1902 καί
1274 1853 1387 1905 οὐκ
1416 1852 1791 1920 ἠθέλησατε;
1825 1828 1863 1881 1³

1825 1828 1863 1881 1³
1894 1850 2024 1916 Quis
2076 1854 2239 1916 enim,
2277 1828 2387 1916 ait,
2441 1828 2679 1924 cognovit
2728 1828 2937 1910 sensum
2993 1858 3208 1911 Domini
3228 1859 3312 1911 υτ
3349 1859 3470 1928 Ipse

219 1929 309 1990 Ὠς
337 1932 401 1983 ἐκ
425 1932 617 1984 τούτου
648 1937 943 2001 πιστεύειν,
974 1939 1058 1992 ὅτι
1083 1940 1244 2003 αὐτὸς
1264 1944 1415 2011 ἡμᾶς
1448 1946 1789 2011 ἐπισυνάγει.

222 2017 411 2087 Ἦμῶν
458 2022 515 2074 δὲ
548 2023 709 2092 μόνον
737 2026 1044 2098 παραζητεῖ
1072 2029 1133 2083 τὸ
1165 2030 1395 2102 θέλημα.
1427 2034 1523 2096 Τίς
1542 2034 1597 2087 δὲ
1624 2037 1658 2107 ή
1694 2054 1795 2106 φα.

208 2108 437 2178 νέρωσις
454 2112 546 2164 τοῦ
581 2114 908 2186 Θελήματος,
946 2120 997 2172 εί
1029 2120 1107 2191 μή
1140 2122 1301 2187 πόνος
1331 2123 1614 2189 ἑκούσιοςς

282 2375 385 2428 ΙΔ’.
408 2377 618 2447 Ὥσπερ
646 2379 753 2449 γὰρ
782 2381 999 2452 σίδηρος
1028 2383 1257 2453 πρίζων,
1292 2388 1594 2456 ἐκκόπτων,
1620 2410 1792 2465 γεωρ-

208 2466 345 2533 γῶν,
364 2468 772 2537 καταφυτεύων,
797 2473 960 2537 αὐτὸς
980 2476 1078 2545 μὲν
1093 2477 1513 2549 ὑποθλιόόμενος
1530 2484 1790 2550 ἐνδίδωσι,

210 2565 352 2631 πλὴν
384 2563 543 2628 ἄλλος
570 2565 718 2620 ιστὶν
748 2569 776 2621 ό
825 2570 1011 2635 κινῶν,
1058 2573 1156 2626 καὶ
1194 2575 1438 2644 ἐπάγων,
1478 2578 1573 2631 καὶ
1617 2580 1676 2631 ὲν
1713 2580 1790 2649 τῷ

212 2656 573 2725 συντριδῆναι
602 2659 793 2729 πυρῶν
838 2663 932 2716 καὶ⁸
977 2664 1343 2729 ἁνακαινίζων
1372 2683 1388 2699 ’
1422 2668 1594 2733 οὕτως
1643 2672 1735 2724 καὶ
1766 2674 1795 2725 ὀ

210 2749 499 2817 ἄνθρωπος
532 2749 637 2803 κᾶν
670 2750 919 2823 θλίόηται
972 2754 1066 2807 καὶ
1117 2760 1282 2829 κοπιᾷ
1317 2761 1683 2830 ἐργαζόμενος
1735 2763 1796 2815 τὸ

211 2841 434 2907 ἀγαθὸν,
466 2841 581 2896 ἀλλ’
605 2845 632 2895 ό
660 2846 863 2913 Κύριος
896 2846 1271 2913 λανθανόντως
1300 2852 1359 2903 ἑν
1384 2852 1535 2923 αὐτῷ
1569 2854 1795 2924 ἐργάζε-

209 2950 326 2996 ται,
369 2934 463 2986 καὶ
513 2937 570 2989 ιν
599 2935 675 3006 τῷ
710 2939 970 2991 κοπιᾶσαι
999 2940 1097 2993 καὶ
1136 2943 1505 3013 συντριϐῆναι,
1534 2947 1633 3012 τὴν
1664 2962 1795 3017 καρ-

210 3022 332 3076 δίαν
364 3026 678 3095 παρακαλεῖ
705 3030 797 3081 καὶ
823 3031 1183 3109 ἁνακαινίζει,
1224 3035 1407 3098 καθὼς
1449 3037 1543 3090 καὶ
1593 3039 1621 3089 ὁ
1658 3054 1794 3107 προ-

212 3114 392 3221 φήτης
431 3116 743 3221 λέγει,-Μὴ
793 3119 1242 3192 δοξασθήσεται
1276 3125 1453 3193 ἀξίνη
1498 3126 1647 3181 ἄνευ
1682 3129 1793 3183 τοῦ
1820 3162 1863 3221 C

212 3206 544 3275 κόπτοντος
556 3226 577 3274 ;
608 3211 647 3277 ἢ
696 3214 1085 3291 ὐψξωθήσεται
1132 3218 1322 3284 πρίων
1360 3216 1507 3274 ἄνευ
1538 3220 1646 3272 τοῦ
1690 3220 1789 3273 ἔλ-

213 3315 472 3365 κοντος;
503 3300 690 3365 Οὕτως
718 3303 774 3357 δέ
799 3305 913 3359 ἐστι
941 3306 1036 3358 καὶ
1090 3308 1170 3368 είς
1197 3308 1256 3359 τὸ
1315 3308 1503 3373 κακὸν,
1538 3309 1626 3363 ὅτε
1649 3313 1676 3363 ό
1698 3310 1793 3366 ἁν-

214 3389 436 3456 Ορωπος
463 3392 730 3448 ὑπακούει
754 3395 846 3447 καὶ
872 3396 1218 3465 ἑτοιμάζεται
1238 3412 1251 3426 ·
1285 3399 1407 3452 τότε
1436 3401 1530 3453 καὶ
1562 3403 1590 3454 ό
1625 3403 1793 3455 Σατα-

212 3484 311 3544 νᾶς
346 3483 561 3537 ἐλαύνει
593 3486 688 3540 καὶ
723 3486 1012 3557 παροξύνει
1037 3491 1197 3544 αὑτὸν
1228 3492 1302 3553 ὠς
1339 3494 1368 3545 ό
1402 3492 1604 3565 λῃστὴς
1631 3494 1689 3547 τὸ
1712 3494 1789 3558 ξί-

213 3590 335 3639 φος.
365 3574 577 3644 Σιδήρῳ
615 3576 671 3628 δὲ
700 3579 1112 3647 παρεικάσαμεν
1141 3580 1238 3651 τὴν
1283 3583 1528 3652 καρδίαν,
1578 3583 1664 3636 διὰ
1696 3585 1795 3655 τὴν

214 3662 577 3730 ἀναισθησίαν
593 3664 700 3717 τῶν
719 3670 1062 3736 πραγμάτων
1096 3672 1191 3731 καὶ
1208 3672 1409 3743 πολλὴν
1434 3674 1793 3743 σκληρότητα.

214 3753 332 3805 Οὐκ
362 3753 467 3805 ἔδει
495 3755 550 3807 δὲ
585 3758 732 3824 ἡμᾶς
757 3760 971 3827 ἀγνοεῖν
992 3762 1083 3815 τὸν
1100 3763 1402 3832 κρατοῦντα
1436 3765 1512 3826 ὼς
1542 3766 1798 3833 ἀναίσθη-

213 3861 307 3907 τος
343 3846 563 3916 σίδηρος
580 3864 595 3879 ο
622 3850 745 3901 ἐπεὶ
763 3852 972 3921 ταχέως
1001 3854 1109 3907 ἀπὸ
1128 3855 1223 3907 τοῦ
1253 3856 1502 3925 γεωργοῦ
1533 3856 1691 3923 λόγου
1715 3860 1797 3920 είς

214 3933 306 3986 τὸν
331 3935 425 3987 τοῦ
464 3938 701 4006 πονηροῦ
750 3940 1010 4008 λογισμὸν
1052 3945 1113 3997 οὐ
1164 3946 1571 4016 μετεπίπτομεν
1595 3964 1608 3978 ·
1656 3948 1790 4001 ἀλλὰ

218 4025 519 4094 μᾶλλονώς
543 4029 572 4080 ὀ
606 4030 732 4098 βοῦς
772 4035 867 4085 καὶ
902 4036 930 4087 ό
968 4034 1088 4097 ὄνος
1130 4037 1329 4090 εἰδέναι
1375 4039 1467 4090 τὸν
1509 4038 1796 4092 ἐλαύνοντα

215 4117 313 4167 καὶ
333 4117 631 4186 όδτιγοῦντα
659 4123 800 4175 κατὰ
817 4123 1057 4179 διάνοιαν
1080 4143 1094 4159 δ
1119 4129 1252 4197 φησὶ
1273 4129 1341 4195 γὰ
1352 4145 1402 4198 ρ,
1438 4131 1623 4199 Ἔγνω
1642 4131 1797 4195 ,ϐοῦς

217 4205 327 4261 τὸν
367 4210 769 4280 κτησάμενον,
810 4216 909 4268 καί
942 4216 1083 4284 ὄνος
1115 4218 1233 4285 τὴν
1258 4219 1496 4288 φάτνην
1545 4222 1650 4274 τοῦ
1688 4239 1792 4274 κυ-

209 4299 349 4366 ρίου
380 4302 587 4366 αὐτοῦ,
619 4303 869 4373 Ἰσραὴλ
895 4306 963 4359 δέ
989 4326 1066 4377 με
1112 4310 1224 4363 οὐκ
1278 4309 1450 4379 ἔγνω.
1500 4311 1797 4381 Εὐξώμεοα

216 4389 398 4441 τοῗνυν
425 4389 678 4457 δέξασθαι
701 4395 901 4461 γνῶσιν
932 4398 1089 4463 Θεοῦ,
1124 4403 1219 4454 καὶ
1254 4398 1606 4472 πνευματικῷ
1651 4421 1781 4457 παι-

1891 1958 2023 1997 vero
2055 1945 2226 1999 dixit:
2259 1944 2471 2009 Quoties
2514 1947 2653 2001 uolui
2700 1964 3020 2019 congregare
3069 1950 3209 2019 ﬁlios
3256 1961 3392 2014 tuos,
3421 1960 3471 2004 et

1892 2034 2132 2089 noluistis
2152 2037 2231 2089 "?
2250 2037 2438 2106 Itaque
2469 2054 2536 2092 ex
2558 2038 2662 2092 boc
2695 2041 3009 2104 credamus,
3039 2042 3185 2111 quod
3222 2042 3339 2111 ipse
3370 2058 3470 2095 nos

1891 2137 2189 2196 congregat
2217 2144 2231 2192 ;
2260 2142 2289 2180 a
2329 2127 2490 2181 nobis
2524 2138 2707 2181 autem
2735 2131 2905 2183 solam
2942 2132 3178 2200 requirit
3209 2133 3466 2187 volunta-

1892 2227 2024 2272 tem.
2047 2216 2178 2283 Qnaa
2208 2233 2339 2272 vero
2372 2220 2674 2275 voluntatis
2701 2221 2809 2276 erit
2836 2222 3139 2277 declaratio
3175 2223 3280 2279 nisi
3316 2224 3471 2279 labor

1892 2318 2227 2376 spontaneos
2248 2307 2271 2358 ?

1962 2399 2053 2453 XI.
2090 2400 2565 2466 Quemadmodum
2614 2416 2763 2456 enim
2823 2402 3056 2468 ferrum,
3105 2404 3235 2458 dum
3298 2415 3468 2471 secat,

1894 2495 2119 2559 scindit,
2151 2504 2290 2558 arat,
2317 2496 2547 2565 plantat,
2576 2495 2752 2566 ipsum
2797 2495 3019 2565 quidem
3061 2506 3335 2565 quatenus
3366 2498 3467 2550 im-

1894 2586 2135 2657 pellitur,
2167 2584 2375 2654 aliquid
2410 2584 2682 2655 porrigit:
2716 2585 2859 2639 alius
2888 2596 3070 2641 tamen
3103 2594 3207 2652 est,
3231 2587 3322 2656 qui
3349 2603 3469 2641 mo-

1892 2685 1985 2732 vet
2021 2685 2076 2732 et
2098 2676 2270 2747 agitat
2296 2676 2529 2740 ferrum,
2558 2686 2617 2732 et
2643 2677 2738 2731 ubi
2759 2676 2926 2733 fuerit
2954 2678 3229 2743 attritum,
3262 2679 3470 2733 inﬂam-

1894 2778 2006 2822 mat
2044 2776 2211 2837 atque
2240 2775 2505 2834 renovat;
2546 2769 2627 2823 sic
2654 2785 2875 2839 quoque
2923 2770 3114 2835 homo,
3172 2771 3299 2826 licet
3343 2787 3471 2840 prc—

1897 2870 2082 2914 matur
2114 2869 2169 2914 et
2200 2861 2437 2925 laboret,
2472 2876 2712 2930 operans
2738 2862 2884 2931 quod
2916 2862 3122 2916 bonum
3152 2873 3258 2925 est.
3287 2863 3472 2916 Domi-

1894 2966 2003 3005 nus
2032 2962 2210 3005 tamen
2257 2952 2396 3005 clam
2439 2952 2494 3006 in
2547 2952 2667 3020 ipso
2717 2962 2998 3023 operatur,
3027 2962 3085 3007 et
3118 2952 3247 3007 dum
3282 2953 3470 3008 labore

1895 3043 2229 3113 defatigatur
2271 3050 2328 3097 et
2367 3043 2630 3098 atteritur
2666 3043 2779 3107 ille,
2821 3059 2917 3098 cor
2945 3045 3260 3098 consolatur
3306 3053 3472 3114 atque

1894 3141 2135 3199 recreat,
2162 3143 2221 3189 ut
2249 3150 2470 3204 quoque
2506 3135 2772 3204 prephcta
2800 3136 2978 3203 inquit
3004 3153 3017 3188 :
3051 3135 3190 3190 Num
3215 3136 3470 3205 gloriabi-

1896 3236 1984 3280 tur
2023 3228 2220 3280 securis
2265 3226 2462 3297 absque
2508 3226 2776 3280 scindente
2797 3227 2823 3279 .’
2848 3236 2937 3280 aut
2963 3228 3015 3280 in
3042 3229 3210 3281 altum
3255 3226 3473 3281 tolletur

1894 3320 2044 3372 serra
2084 3320 2196 3373 sine
2226 3318 2525 3371 trahente"
2550 3317 2573 3369 ?
2598 3316 2801 3371 Eodem
2833 3317 2999 3371 modo
3043 3332 3101 3371 se
3142 3334 3229 3373 res
3254 3334 3472 3390 quoque

1896 3410 2065 3464 habet
2092 3410 2146 3463 in
2176 3409 2579 3463 committenda
2610 3410 2753 3462 malo
2779 3425 2793 3462 :
2816 3408 3038 3477 quando
3069 3409 3234 3464 homo
3257 3410 3469 3464 obtem-

1896 3508 2071 3570 perat,
2089 3511 2145 3554 ct
2168 3510 2480 3570 promptum
2498 3517 2557 3555 se
2582 3501 2830 3565 exhibet,
2858 3511 2971 3555 tum
2990 3516 3212 3570 quoque
3239 3501 3474 3557 Satanas

1896 3592 2129 3661 impellit
2155 3600 2210 3645 et
2240 3592 2460 3668 exacuit
2491 3592 2666 3656 illum,
2693 3592 2845 3647 velut
2896 3592 3037 3646 latro
3063 3607 3274 3647 ensem.
3306 3593 3473 3647 Ferro

1895 3693 2076 3739 autem
2130 3683 2558 3737 assimilavimus
2606 3698 2722 3745 cor,
2764 3682 2836 3737 ob
2881 3682 3218 3751 imperitiam
3272 3698 3458 3737 rerum

1894 3787 2274 3841 summamque
2327 3772 2611 3829 duritiem.
2660 3772 2898 3827 Tametsi
2940 3787 3052 3827 non
3101 3772 3335 3827 decebat
3368 3788 3472 3827 nos

1897 3866 2149 3935 ignorare
2199 3880 2347 3928 eum,
2400 3865 2493 3934 qui
2550 3862 2826 3935 gubernat
2885 3879 3011 3929 nos,
3058 3866 3212 3919 velut
3266 3865 3470 3920 ferrum

1895 3972 2059 4012 sensu
2115 3972 2311 4011 carens
2344 3956 2622 4025 (quoniam
2656 3956 2911 4011 celeriter
2937 3955 3006 4010 ab
3026 3956 3283 4026 agricolae
3304 3957 3473 4011 verbo

1895 4047 1962 4100 ad
1982 4047 2201 4101 malitiae
2222 4046 2615 4115 cogitationem
2644 4062 2754 4099 non
2785 4045 3103 4117 dilabimur)
3127 4062 3142 4109 ;
3168 4046 3263 4100 sed
3291 4048 3474 4116 potius

1895 4138 2063 4192 veluti
2112 4138 2212 4191 bos
2254 4145 2311 4191 et
2340 4136 2529 4190 asinus
2554 4151 2720 4192 nosse
2763 4134 3034 4190 debemus
3063 4151 3213 4199 eum,
3246 4138 3339 4205 qui
3375 4137 3475 4190 im-

1895 4229 2052 4299 pellit
2076 4236 2133 4283 ct
2156 4226 2344 4298 dirigit
2366 4243 2465 4296 pro
2500 4228 2698 4280 mentis
2726 4226 3041 4296 agitatione.
3070 4226 3255 4295 Inquit
3279 4228 3469 4283 enim:

1895 4318 2147 4388 Cognovit
2186 4318 2273 4370 bos
2318 4332 2663 4387 possessorem
2713 4333 2888 4381 suum,
2928 4326 2980 4369 et
3023 4319 3203 4371 asinus
3247 4334 3477 4387 praesepe

1902 4410 2052 4480 131
2071 4410 2270 4465 domini
2311 4411 2433 4473 sui;
2463 4408 2634 4462 Israel
2662 4418 2838 4463 autem
2882 4426 2963 4463 me
3011 4426 3115 4464 non
3157 4412 3471 4481 cognouit".

217 4476 471 4571 δευθῆναι
506 4483 654 4554 νόμῳ
684 4487 764 4548 είς
803 4487 1141 4559 ὐπούργησιν
1164 4492 1271 4545 τῶν
1306 4495 1476 4562 ἁγίων
1522 4496 1686 4548 αὑτοῦ
1715 4498 1798 4548 ὲν·
1824 4496 1863 4554 Ε

1824 4496 1878 4554 D
1906 4502 2203 4556 Precemur
2235 4501 2401 4570 igitur
2430 4510 2490 4554 ut
2516 4516 2919 4569 consequamur
2965 4503 3327 4571 cognitionem
3354 4503 3471 4561 Dei.

219 4570 411 4631 τολῶν,
436 4572 747 4637 δοξάζοντες
774 4579 1013 4648 Πατέρα,
1047 4583 1142 4635 καὶ
1160 4584 1307 4650 Υίὸν,
1338 4586 1434 4638 καὶ
1452 4586 1605 4654 ἅγιον
1629 4587 1799 4639 Πνεῦ-

223 4678 319 4728 μα,
350 4663 431 4725 είς
462 4664 585 4726 τοὺς
608 4666 832 4732 αἰῶνας.
872 4669 1063 4742 ’Δμήν.

787 4886 1027 4938 ΟΜΙΛΙᾹ
1058 4888 1193 4942 ΑΠ’.

221 4960 470 5048 Πολβῇς
499 4958 798 5048 ἁκριέειάς
826 4976 1261 5048 παίᾼσυνέσεως
1292 4982 1459 5046 χρεία
1495 4983 1688 5048 ἐστίν,
1729 4987 1799 5038 ἐν

293 5038 374 5119 τῷ
399 5040 715 5119 dore/primit
744 5042 887 5119 τοὺς
911 5038 1819 5119 ἀληθινοὺςᾝῇιστιανυὺςξκαίη

288 5111 454 5175 τίνες
482 5111 701 5166 ἐκεῖνοί
730 5115 909 5168 εισιν.

294 5225 375 5275 A’.
401 5224 593 5277 Πολλοὶ
621 5225 815 5279 δίκαιοι
844 5229 1154 5298 φαινόμενοι
1176 5232 1483 5299 νομίζονται
1510 5231 1650 5288 εἶναι
1668 5238 1799 5307 Χρι-

222 5317 453 5375 στιανοὶ,
487 5317 746 5395 τεχνιτῶν
773 5318 829 5371 δέ
861 5320 977 5371 ἑστι
1008 5322 1101 5371 καὶ
1135 5325 1551 5393 πεπειραμένων
1571 5328 1796 5396 δοκιμά-

225 5420 337 5463 σαι,
366 5404 414 5455 εί
454 5404 669 5475 ἀληθῶς
698 5407 747 5459 oi
791 5408 1020 5460 τοιοῦτοι
1051 5411 1231 5477 ἔχουσι
1259 5413 1319 5464 τὸ
1357 5414 1535 5480 σίγνον
1575 5416 1670 5468 καὶ
1700 5417 1798 5486 τὴν

224 5494 413 5546 εἰκόνα
443 5496 537 5548 τοῦ
589 5496 873 5565 βασιλέως.
926 5501 1136 5569 Μήπως
1166 5502 1273 5571 ἄρα
1308 5508 1794 5576 παρακεχὰρακται

219 5586 483 5655 τεχνιτῶν
535 5589 693 5658 ἔργα,
739 5590 836 5643 καὶ
892 5590 1234 5661 θαυμάζουσι
1286 5598 1523 5665 τεχνῖται
1574 5600 1667 5651 καὶ
1700 5598 1795 5667 ψὲ-

336 5764 383 5801 ³¹
414 5764 456 5823 II
485 5767 608 5824 Cor.
645 5786 703 5837 Il,
733 5771 826 5836 lG;
852 5770 1009 5826 Rom.
1045 5788 1117 5832 xl,
1146 5774 1231 5828 54.

1309 5776 1355 5806 ⁸⁵
1393 5773 1524 5829 Luc.
1558 5790 1667 5839 χιιι,
1711 5775 1811 5837 Si;
1863 5776 2047 5831 Matth.
2084 5794 2195 5842 xnt,
2234 5777 2316 5831 57.

1900 4601 1957 4648 et
1987 4593 2043 4646 in
2063 4592 2337 4662 spirituali
2363 4592 2687 4646 erudiamur
2709 4593 2848 4661 lege,
2876 4592 2945 4645 ad
2969 4593 3294 4660 obsequium
3352 4607 3477 4647 san-

1898 4692 2112 4737 ctorum
2165 4682 2548 4737 mandatorum
2576 4683 2714 4751 ejus,
2743 4682 3111 4752 glorificantes
3140 4683 3377 4743 Patrem.
3420 4696 3477 4739 et

1903 4771 2101 4825 Filium
2121 4778 2177 4825 et
2207 4770 2473 4840 Spiritum
2509 4779 2787 4832 sanctum,
2810 4769 2870 4858 in
2896 4770 3117 4823 saecula.
3146 4771 3340 4824 Amen.

2376 4898 2659 4953 HOMILIA
2705 4898 2991 4954 XXXVIII.

1902 4991 2164 5045 Accurato
2194 4990 2395 5058 judicio
2437 5000 2594 5058 atque
2641 4990 2909 5044 intellectu
2933 5007 3061 5059 opus
3084 5000 3160 5043 cst
3195 4992 3249 5043 in
3283 4991 3477 5044 discer-

2036 5062 2217 5113 nendis
2242 5061 2376 5114 ueris
2405 5058 2741 5124 Christianis.
2778 5070 2827 5113 et
2861 5064 3077 5129 quinam
3111 5063 3217 5113 sint
3249 5061 3347 5115 illi.

1975 5236 2015 5290 l.
2046 5236 2197 5290 Multi
2227 5235 2319 5304 qui
2349 5234 2482 5304 justi
2516 5243 2806 5304 apparent,
2844 5234 3123 5289 habentur
3167 5250 3266 5304 pro
3313 5234 3475 5290 Chri-

1909 5330 2138 5383 stianis:
2167 5343 2356 5381 verum
2384 5328 2660 5382 artiﬁcum
2694 5336 2778 5381 est
2806 5337 2862 5383 et
2885 5329 3185 5397 peritorum
3221 5329 3473 5397 probare,

1906 5434 2038 5469 Illllll
2090 5417 2223 5470 tales
2270 5432 2461 5471 revera
2510 5417 2747 5470 habeant
2807 5417 3025 5486 signum
3077 5427 3134 5471 et
3186 5416 3476 5485 imaginem

1904 5510 2048 5577 regis
2074 5546 2090 5571 ,
2120 5523 2187 5560 an
2235 5506 2467 5566 forsitan
2510 5507 2823 5560 adulterino
2861 5508 3129 5576 impresso
3158 5508 3313 5576 signo
3342 5522 3475 5560 cusa

1902 5601 2013 5655 sint
2062 5598 2341 5653 artiﬁcum
2395 5614 2585 5668 opera,
2633 5614 2702 5653 an
2749 5599 3093 5654 admirentur
3122 5599 3381 5664 artiﬁces,
3417 5606 3476 5653 et

2431 5778 2475 5811 ⁵³
2511 5778 2607 5832 lsa.
2645 5793 2697 5843 x,
2728 5777 2810 5831 l5.
2889 5779 2934 5813 ⁵⁸
2968 5776 3069 5833 lsa.
3103 5792 3139 5838 ι,
3164 5774 3218 5829 2.
