4254 6358
777 359 885 421 759

2002 366 2063 427 S.
2105 366 2427 426 MACARII
2466 364 2789 426 £GYPTII

3927 360 4031 422 760

780 468 1207 537 reprehendant.
1250 472 1304 527 Si
1339 488 1469 527 vero
1500 473 1778 527 defuerint
1824 474 2082 539 artiﬁces,
2124 492 2233 528 non
2260 494 2356 545 po-
2383 487 2426 538 Α
2456 497 2460 506 ·

2354 509 2356 517 ›
2383 487 2426 538 Α
2456 494 2661 546 γουσιν.
2709 479 2833 530 Ἐὰν
2858 477 2914 530 δέ
2945 479 3020 547 μὴ
3050 472 3151 530 ὦσι
3183 478 3443 545 τεχνῖται,
3497 478 3557 527 οὐ
3590 474 3841 526 δύνανται
3888 472 4034 525 δοκι-

779 569 964 613 terunt
1003 561 1224 628 probari
1278 562 1453 617 dolosi
1504 563 1900 618 fabricatores:
1935 566 2191 633 quoniam
2244 567 2347 635 ipsi

777 666 995 718 quoque
1020 660 1218 720 gerunt
1248 651 1495 705 habitum
1521 668 1737 717 eorum,
1787 655 1880 721 qui
1920 655 2218 707 solitariam
2269 657 2351 707 vi-

778 754 887 795 tam
924 754 1090 812 agunt
1139 755 1234 797 aut
1261 745 1719 800 Christianorum.
1754 746 1970 799 Etenim
2003 747 2347 816 pseudoapo-

778 836 902 886 stoli
938 850 1033 902 pro
1063 834 1283 888 Christo
1312 836 1682 903 patiebantur,
1710 844 1765 889 et
1816 837 1917 905 ipsi
1948 838 2349 891 annuntiabant

777 941 1002 993 regnum
1058 929 1341 980 caelorum.
1398 928 1741 997 Quapropter
1796 930 1973 997 inquit
2013 930 2344 997 Apostolus:

776 1014 838 1068 In
876 1017 1121 1083 periculis-
1150 1021 1426 1087 copiosius,
1456 1022 1508 1073 in
1543 1021 1902 1089 afflictionibus
1930 1038 2092 1089 supra
2116 1022 2346 1087 modum,

772 1108 826 1159 in
850 1110 1139 1162 carceribus
1192 1112 1547 1165 abundantius
1566 1113 1647 1164 "z
1681 1114 1874 1167 volens
1934 1114 2245 1179 ostendere,
2291 1131 2348 1169 se

772 1200 949 1267 plura,
985 1216 1145 1269 quam
1180 1202 1303 1271 ipsi,
1335 1218 1552 1271 passum
1585 1219 1726 1258 esse.

844 1291 907 1343 ll.
942 1295 1151 1345 Aurum
1188 1294 1345 1348 facile
1390 1296 1709 1363 reperitur;
1754 1297 2063 1367 margarita:
2112 1314 2245 1352 vero
2293 1309 2349 1353 et

774 1380 986 1449 lapides
1049 1384 1300 1451 pretiosi,
1348 1387 1621 1439 commodi
1680 1387 1747 1440 ad
1808 1388 2060 1442 diadema
2112 1390 2346 1459 regium,

774 1473 956 1525 rarius
1004 1474 1397 1539 inveniuntur;
1436 1491 1814 1543 saepenumero
1844 1477 1991 1530 enim
2048 1493 2115 1531 ex
2149 1480 2217 1532 iis
2265 1492 2351 1533 re-

772 1564 977 1630 perias,
1003 1564 1094 1632 qui
1132 1566 1313 1619 minus
1341 1565 1452 1619 sint
1504 1566 1686 1619 idonei
1735 1583 1749 1618 :
1801 1566 1878 1619 sic
1930 1582 2150 1634 quoque
2205 1568 2350 1621 inter

772 1652 1146 1715 Christianos,
1174 1658 1267 1725 qui
1298 1664 1761 1724 superstruuntur
1795 1672 2011 1711 corona:
2036 1657 2262 1723 Christi,
2288 1668 2348 1712 ut

773 1743 935 1795 socia:
991 1753 1303 1797 sanctorum
1368 1744 1499 1797 fiant
1549 1745 1746 1798 animae
1802 1745 1925 1798 illae.
1960 1744 2142 1799 Gloria
2178 1747 2247 1799 sit
2273 1747 2345 1810 ei,

2460 569 2630 636 μάσαι
2662 568 2789 631 τοὺς
2820 566 3026 631 δολίους
3052 568 3308 638 ἐργάτας,
3336 566 3537 633 -ἐπειδὴ
3588 563 3685 615 καὶ
3711 562 3866 614 αὐτοὶ
3916 565 4039 614 ἐπι-

2456 662 2711 729 φέρονται
2740 662 2922 729 σχῆμα
2959 660 3322 729 μοναζόντων,
3357 660 3476 728 ἦτοι
3518 655 3892 725 Χριστιανῶν.
3928 655 4035 705 Καὶ

2457 753 2563 821 γάρ
2587 754 2635 803 οί
2667 752 3083 819 ψευδαπόστολοι
3106 753 3342 818 ἔπασχον
3366 748 3615 817 ὑπὲρτοῦ
3652 748 3912 817 Χριστοῦ,
3939 746 4034 796 καὶ

2458 842 2612 891 αὐτοὶ
2641 840 3054 908 εὐηγγελίζοντο
3097 838 3373 907 βασιλείαν
3424 836 3689 905 οὐρανῶν.
3730 835 3830 885 Διὰ
3870 832 4033 883 τοῦτο

2456 930 2602 996 λέγει
2641 933 2669 982 ὁ
2712 930 3051 992 Ἀπὸστολος,
3097 932 3198 982 Ἐν
3227 927 3533 991 κινδύνοις
3571 923 4032 992 περισσοτέρως,

2456 1021 2525 1071 ἐν
2562 1022 2847 1087 θλίψεσιν
2866 1022 3353 1088 ὑπερϐαλλόντως
3368 1059 3384 1084 ,
3417 1020 3485 1072 ὲν
3506 1016 3805 1087 φυλακαῖς
3826 1030 4036 1083 περισ-

2456 1110 2738 1178 σοτέρως,
2761 1112 2930 1166 θέλων
2960 1113 3133 1179 δεῖξαι
3172 1114 3253 1166 ὅτι
3283 1112 3469 1165 πλεῖον
3493 1108 3674 1162 αὐτῶν
3700 1108 3893 1162 ἔπαθε.

2529 1288 2609 1342 ιγ.
2644 1288 2858 1357 Χρυσδς
2880 1286 3116 1356 εὐχερῶς
3145 1288 3478 1355 εὑρίσκεταιο
3501 1286 3835 1356 μαργαρῖται
3865 1284 3923 1335 δὲ
3941 1286 4032 1335 καὶ

2456 1381 2593 1433 λίθοι
2646 1381 2819 1447 τίμιοι
2873 1378 3285 1447 προχωροῦντες
3335 1379 3414 1437 είς
3466 1377 3699 1444 διάδημα
3768 1374 4032 1443 βασιλέως

2458 1476 2695 1533 σπανίως
2748 1472 3119 1542 εὑρίσκονται·
3154 1472 3414 1532 πολλάκις
3446 1471 3554 1539 γὰρ
3601 1469 3660 1531 ἐξ
3700 1468 3884 1519 αὐτῶν
3934 1468 4031 1541 οὐχ

2456 1566 2801 1631 εὑρίσκονται
2836 1562 3271 1632 προχωροῦντες.
3307 1562 3493 1623 Οὕτως
3522 1562 3614 1613 καὶ
3637 1564 3686 1612 οἱ
3712 1558 4033 1628 Χριστιανοὶ

2456 1655 2929 1722 ἐποικοδομοῦντες
2969 1656 3046 1718 είς
3081 1654 3171 1706 τὸν
3223 1654 3481 1721 στέφανον
3517 1652 3611 1704 τοῦ
3651 1650 3913 1717 Χριστοῦ,
3946 1651 4030 1701 ἵνα

2457 1748 2705 1799 κοινωνοὶ
2737 1748 3001 1813 γένωνται
3029 1745 3138 1797 τῶν
3170 1745 3339 1810 ἁγίων
3358 1747 3415 1795 αἱ
3445 1745 3614 1813 ψυχαὶ
3642 1745 3867 1794 ἐκεῖναι.
3893 1741 4029 1803 Δόξα

776 1834 870 1901 qui
918 1849 1090 1902 usque
1122 1834 1260 1888 adeo
1294 1835 1489 1888 dilexit
1521 1836 1759 1889 animam
1798 1836 1959 1899 hanc,
2007 1845 2061 1890 et
2107 1853 2208 1906 pro
2261 1838 2351 1891 illa
2387 1840 2424 1891 Β
2455 1862 2456 1868 η

2349 1871 2351 1890 ι
2387 1840 2424 1891 Β
2455 1840 2530 1906 τῷ
2555 1838 2725 1899 οὕτως
2758 1838 3104 1905 ἁγαπήσαντι
3144 1836 3242 1905 τὴν
3284 1836 3462 1906 ψυχὴν
3501 1834 3727 1904 ταύτην,
3762 1834 3858 1887 καὶ
3887 1832 4029 1901 ὑπὲρ

773 1938 967 1990 passus
1016 1934 1119 1991 est,
1174 1936 1228 1979 et
1267 1928 1556 1980 suscitavit
1605 1942 1725 1981 eam
1774 1944 1806 1981 a
1843 1930 2098 1982 mortuis.
2147 1928 2347 1994 Quem-

774 2015 1070 2068 admodum
1127 2025 1311 2071 autern
1375 2018 1506 2073 Mosi
1563 2021 1813 2073 velamen
1878 2020 2263 2089 imponebatur
2292 2023 2345 2074 in

773 2107 985 2158 vultum
1012 2109 1076 2170 ",
1111 2110 1236 2176 quia
1292 2125 1401 2163 non
1456 2120 1671 2178 poterat
1729 2110 2015 2164 intendere
2066 2110 2121 2179 in
2152 2111 2345 2164 faciem

773 2200 893 2266 ejus
924 2201 1195 2267 populus;
1234 2200 1315 2254 sic
1344 2217 1563 2270 quoque
1588 2218 1734 2255 nunc
1762 2202 1917 2255 cordi
1948 2210 2041 2255 tuo
2084 2202 2345 2271 injectum

772 2296 859 2341 est
890 2290 1157 2351 velamen,
1188 2306 1254 2343 ne
1291 2291 1599 2359 conspicias
1626 2290 1852 2358 gloriam
1908 2291 2026 2345 Dei.
2081 2292 2181 2345 Ubi
2216 2307 2347 2344 vero

773 2380 905 2433 illud
938 2382 1103 2434 fuerit
1126 2383 1389 2445 ablatum,
1424 2392 1535 2436 tum
1570 2395 1796 2454 apparet
1837 2392 1895 2439 et
1946 2384 2259 2438 manifestat
2290 2400 2346 2438 se

772 2470 951 2540 ipsum
979 2472 1329 2536 Christianis,
1361 2484 1419 2529 et
1446 2476 1803 2545 diligentibus
1851 2490 1930 2538 se,
1962 2482 2018 2529 et
2064 2474 2345 2544 inquiren-

773 2567 919 2619 tibus
952 2566 1003 2619 in
1032 2567 1282 2630 veritate,
1307 2578 1367 2621 ut
1397 2568 1504 2622 ait:
1534 2568 1887 2636 Manifestabo
1929 2568 1977 2620 ei
2025 2583 2104 2620 me
2150 2568 2343 2637 ipsum,

772 2667 821 2711 et
852 2660 1175 2713 mansionem
1202 2660 1344 2731 apud
1365 2678 1480 2713 eum
1504 2661 1699 2731 faciam
1718 2662 1782 2714 ”.

841 2856 932 2910 Ill.
978 2856 1391 2911 Contendamus
1437 2872 1570 2925 ergo
1625 2857 1895 2911 accedere
1948 2855 2016 2909 ad
2065 2855 2346 2909 Christum

769 2948 1044 3002 mendacii
1068 2960 1349 3017 expertem
1390 2958 1452 3003 ut
1489 2963 1897 3017 consequamur
1923 2947 2344 3017 promissionem

768 3049 826 3094 et
874 3055 1074 3093 novum
1125 3048 1535 3101 testamentum,
1569 3039 1713 3108 quod
1750 3042 2037 3094 renovavit
2084 3040 2348 3093 Dominus

770 3146 869 3202 per
897 3147 1116 3185 crucem
1157 3139 1215 3184 et
1245 3140 1495 3193 mortem,
1526 3130 1771 3184 eﬂractis
1820 3131 1994 3199 portis
2055 3129 2254 3182 inferni
2291 3136 2346 3182 et

768 3223 1014 3290 peccati;
1074 3237 1197 3274 cum
1246 3222 1524 3275 eduxisset
1576 3222 1789 3275 animas
1845 3221 2057 3283 fideles,
2116 3221 2343 3273 donavit

767 3311 975 3364 eisdem
1029 3311 1261 3363 interius
1314 3310 1679 3374 Paracletum,
1732 3319 1897 3377 atque
1946 3309 2163 3363 reduxit
2222 3308 2344 3362 illas

768 3402 824 3454 in
878 3416 1105 3469 regnum
1146 3416 1325 3453 suum.
1367 3400 1484 3453 Una
1518 3415 1650 3468 ergo
1687 3416 1811 3453 eum
1848 3400 1938 3452 illo
1982 3415 2082 3453 nos
2126 3412 2343 3467 quoque

768 3508 1081 3562 regnemus,
1110 3492 1165 3544 in
1195 3492 1497 3546 Jerusalem
1522 3493 1744 3545 civitate
1768 3492 1906 3559 ejus,
1934 3491 1988 3544 in
2011 3492 2217 3545 ccelesti
2243 3492 2344 3544 Ee-

766 3584 956 3643 elesia,
1000 3584 1056 3636 in
1107 3584 1275 3637 choro
1332 3594 1648 3637 sanctorum
1698 3583 2039 3651 angelorum.
2078 3583 2180 3647 Qui
2212 3598 2341 3637 vero

765 3676 999 3728 fratrum
1031 3675 1194 3743 longo
1225 3684 1467 3743 tempore
1503 3674 1791 3729 exercitati
1841 3686 1897 3727 et
1939 3676 2156 3743 probati
2189 3684 2339 3740 sunt,

766 3765 823 3818 lii
851 3775 1079 3834 possunt
1109 3766 1339 3818 rudibus
1365 3766 1646 3833 suppetias
1679 3765 1822 3819 ferre
1853 3773 1909 3817 et
1939 3766 2198 3834 eompati.

834 3945 921 3999 ιν.
950 3944 1181 4009 Quidam
1207 3945 1352 3997 enim
1382 3944 1693 3998 munientes
1741 3960 1802 3998 se
1830 3945 1998 4013 ipsos,
2023 3954 2078 3998 et
2106 3960 2137 3999 a
2167 3946 2341 4015 gratia

763 4037 859 4091 Dei
888 4038 1161 4105 imprimis
1189 4038 1398 4099 agitati,
1431 4037 1567 4090 adeo
1607 4036 1945 4091 sanctificata
1975 4038 2218 4091 membra
2243 4053 2341 4092 sua

762 4135 1107 4195 repererunt,
1139 4137 1197 4180 ut
1235 4128 1633 4191 existimarent,
1667 4142 1779 4179 non
1812 4127 2154 4196 contingere,
2190 4138 2251 4181 ut
2284 4129 2339 4182 in

762 4216 1246 4271 Christianismum
1279 4218 1436 4271 cadat
1464 4218 1776 4285 cupiditas;
1810 4218 1905 4270 sed
1939 4234 2034 4271 eos
2062 4220 2340 4286 possidere

762 4318 1002 4362 mentem
1030 4308 1269 4362 sobriam
1313 4318 1370 4362 et
1409 4318 1651 4371 castam;
1686 4318 1742 4361 et
1781 4308 1961 4376 quoad
2002 4311 2212 4378 reliqua
2259 4311 2343 4364 in-

762 4401 1026 4455 teriorem
1050 4399 1325 4453 hominem
1355 4399 1596 4467 pendere
1622 4415 1650 4451 a
1681 4400 1885 4453 divinis
1912 4408 1967 4453 et
1992 4402 2336 4456 coelestibus:

2448 1929 2615 1995 αὐτῆς
2664 1928 2885 1980 παθόντι
2916 1928 3009 1980 καὶ
3053 1929 3419 1998 ἁναστήσαντι
3468 1928 3638 1995 αὐτὴν
3680 1928 3745 1978 ἐκ
3783 1925 4026 1994 νεκρῶν.

2450 2020 2725 2087 Ὠσπερδέ
2748 2020 2821 2087 τῷ
2842 2022 3062 2073 Μωῦσεῖ
3081 2020 3345 2088 κάλυμμα
3370 2019 3650 2071 ἐπετίθετο
3680 2019 3759 2080 είς
3775 2017 3837 2068 τὸ
3860 2017 4030 2085 πρόσ-

2448 2127 2616 2172 ωπον,
2665 2110 2799 2178 πρὸς
2828 2110 2887 2161 τὸ
2934 2111 3287 2179 μὴδύνασθαι
3329 2110 3614 2180 προσέχειν
3636 2108 3713 2177 τῷ
3748 2108 4027 2177 προσώπῳ

2448 2201 2614 2253 αὑτοῦ
2646 2204 2735 2252 τὸν
2784 2202 2910 2254 λαόν
2933 2221 2946 2234 ο
2978 2203 3120 2255 οὕτω
3150 2204 3243 2255 καὶ
3281 2202 3375 2255 νῦν
3406 2203 3496 2254 ἐπὶ
3544 2202 3640 2270 τὴν
3669 2200 3899 2269 καρδίαν
3934 2217 4025 2251 σου

2448 2296 2621 2345 κεῖται
2658 2295 2919 2363 κάλυμμα
2952 2296 3085 2362 πρὸς
3108 2295 3168 2346 τὸ
3200 2295 3273 2364 μὴ
3327 2296 3543 2363 βλέπειν
3592 2294 3687 2362 τὴν
3733 2293 3893 2355 δόξαν
3934 2290 4024 2343 τοῦ

2448 2385 2604 2438 Θεοῦ.
2649 2387 2816 2437 Ὅταν
2846 2388 2900 2438 δὲ
2944 2387 3261 2455 περιαιρεθῇ
3304 2387 3481 2448 τοῦτο,
3515 2387 3636 2438 τότε
3678 2386 4026 2451 ἐπιφαίνεται

2452 2477 2543 2527 καὶ
2568 2477 2857 2544 ἐμφανίζει
2888 2477 3077 2528 ἐαυτὸν
3103 2479 3215 2538 τοῖς
3247 2477 3615 2545 Χριστιανοζς,
3645 2476 3737 2527 καὶ
3762 2479 3874 2535 τοῖς
3899 2477 4034 2542 ἀγα-

2448 2566 2622 2617 πῶσιν
2654 2567 2835 2628 αὐτὸν,
2879 2567 2974 2619 καὶ
3006 2565 3329 2633 ἐκζητοῦσιν
3360 2568 3417 2618 ἐν
3446 2566 3693 2635 ἀληθείᾳ,
3731 2565 3916 2620 καθὼς
3943 2566 4028 2618 λέ-

2446 2675 2551 2724 γει.
2583 2658 2663 2709 ὅτι
2695 2658 3030 2725 Ἐμςρανίσω
3050 2657 3208 2722 αὐτῷ
3236 2657 3518 2726 ἐμαυτὸν,
3548 2658 3640 2710 καί
3666 2657 3867 2725 μονὴν
3890 2657 4027 2725 παρ’

2448 2768 2485 2800 α
2495 2747 2608 2812 ὺτῷ
2639 2748 2891 2811 ποιήσω.

2517 2857 2587 2909 Γ.
2612 2858 3007 2926 Σπουδάσωμεν
3024 2858 3114 2911 οῦν
3133 2860 3447 2930 προσελθεῖν
3458 2860 3535 2929 τῷ
3547 2860 3768 2929 ἀψευδεῖ
3783 2863 3825 2913 Χ
3837 2860 4026 2929 ριστῷ,

2450 2950 2535 3001 ἵνα
2566 2950 2821 3019 τύχωμεν
2869 2952 2964 3019 τῆς
2986 2952 3339 3017 ἐπαγγελίας,
3363 2953 3458 3005 καὶ
3490 2952 3593 3021 τῆς
3621 2953 3815 3021 καινῆς
3843 2952 4029 3021 διαθή-

2453 3057 2576 3105 κης,
2602 3042 2667 3108 ἣν
2701 3041 3039 3092 ἀνεκαίνισεν
3069 3041 3098 3092 ὁ
3118 3039 3324 3110 Κύριος
3356 3040 3443 3093 διά
3473 3041 3707 3110 σταυροῦ
3737 3044 3831 3095 καὶ
3862 3042 4028 3094 θανά-

2449 3144 2540 3178 του
2568 3127 2869 3198 διαρρήξας
2894 3127 3070 3190 πύλας
3102 3128 3253 3199 ᾅδου,
3285 3127 3382 3181 καὶ
3430 3130 3706 3199 ἁμαρτίας
3726 3144 3742 3160 ο
3789 3131 3885 3181 καὶ
3946 3128 4028 3191 ἑξ-

2448 3217 2667 3284 αγαγὼν
2692 3220 2787 3280 τὰς
2817 3218 3013 3281 πιστὰς
3061 3218 3263 3289 ψυχὰς,
3313 3219 3409 3272 καὶ
3465 3220 3587 3282 δοὺς
3644 3221 3835 3283 αὐταῖς
3882 3220 4028 3271 ἔνδον

2446 3310 2823 3379 παράκλητον,
2846 3312 2941 3362 καὶ
2969 3312 3267 3377 ἀνενέγκας
3300 3313 3378 3374 είς
3399 3311 3499 3373 τὴν
3533 3310 3807 3379 βασιλείαν
3837 3311 4022 3364 αὑτοῦ.

2446 3402 2979 3470 Συμὸασιλεύσωμεν
2999 3402 3090 3454 οῦν
3112 3403 3261 3472 αὐτῷ
3294 3404 3387 3455 καὶ
3415 3406 3574 3471 ἡμεῖς
3604 3405 3684 3464 είς
3707 3402 3805 3471 τὴν
3834 3402 4027 3470 Ἰερουο

2445 3490 2624 3561 σαλὴμ
2655 3490 2753 3561 τὴν
2793 3492 2949 3544 πόλιν
2970 3490 3159 3551 αὑτοῦ,
3189 3494 3267 3554 είς
3296 3492 3394 3561 τὴν
3424 3494 3748 3559 ἐπουράνιον
3793 3493 4027 3558 Ἐκκλη-

2444 3585 2590 3646 σίαν,
2638 3586 2717 3645 είς
2763 3583 2853 3634 τὸν
2885 3583 3042 3651 χορὸν
3077 3584 3182 3634 τῶν
3220 3583 3391 3648 ἁγίων
3432 3583 3698 3649 ἀγγέλων.
3737 3584 3799 3634 (ιι
3846 3582 3902 3633 δὲ
3940 3584 4028 3633 ἐπὶ

2445 3675 2615 3727 πολὺν
2647 3674 2837 3743 χρόνον
2868 3674 3271 3741 γυμνασθέντες
3297 3674 3515 3741 ἀδελφοὶ
3551 3676 3644 3725 καὶ
3673 3674 4030 3742 δοκιμασθέν-

2442 3781 2555 3826 τες,
2593 3759 2735 3816 οὗτοι
2768 3762 3018 3815 δύνανται
3052 3768 3163 3827 τοῖς
3198 3766 3445 3834 ἀπείροις
3470 3765 3753 3833 βοηθῆσαι,
3776 3768 3867 3815 καὶ
3888 3782 4027 3833 συμ-

2443 3854 2706 3923 παθῆσαι.

2514 3948 2586 4000 Δ’.
2619 3946 2775 4008 Τινὲς
2798 3946 2907 4015 γὰρ
2926 3946 3357 4013 ἀσφαλισάμενοι
3384 3944 3608 4004 ἐαυτοὺς
3634 3944 3726 3994 καὶ
3748 3943 3854 3995 ὑπὸ
3873 3944 4031 4011 χάρι-

2441 4052 2530 4097 τος
2560 4034 2695 4086 Θεοῦ
2721 4034 3105 4103 ἐνεργηθέντες
3146 4034 3419 4102 μεγάλως,
3452 4033 3625 4096 οὕτως
3658 4029 3815 4102 εῦρον
3839 4034 3910 4086 τά
3939 4034 4032 4102 μέ-

2444 4125 2509 4194 λη
2543 4127 2720 4179 αὐτῶν
2768 4126 3102 4195 ἡγιασμένα,
3149 4126 3287 4177 ὥστε
3333 4125 3644 4193 λογίζεσθαι
3687 4128 3907 4191 αὐτοὺς,
3950 4129 4031 4182 ὅτι

2444 4218 2503 4269 οὐ
2535 4218 2826 4286 συμϐαίνει
2864 4220 2941 4279 είς
2966 4220 3393 4287 Χριστιανισμδν
3427 4218 3673 4286 γίνεσθαι
3705 4218 4029 4288 ἐπιθυμίαν,

2444 4308 2579 4363 ἀλλὰ
2609 4310 2904 4377 κέκτηνται
2951 4308 3076 4360 νοῦν
3112 4308 3363 4379 σώφρονα
3398 4311 3493 4361 καὶ
3543 4311 3735 4377 ἁγνόν·
3784 4313 3881 4362 καὶ
3913 4312 4029 4363 ἐστι

2444 4397 2628 4449 λοιπὸν
2654 4399 2681 4450 ὁ
2737 4398 2845 4450 ἔσω
2886 4397 3174 4468 ἄνθρωπος
3216 4399 3488 4469 μετέωρος
3531 4401 3613 4463 είς
3665 4400 3732 4453 τὰ
3778 4400 3902 4451 θεῖα
3938 4404 4031 4452 καὶ

760 4503 823 4546 ιιι
866 4492 1091 4545 omnino
1119 4493 1498 4544 existimarent
1547 4491 1708 4543 talem
1759 4492 1870 4560 jam
1918 4492 1985 4545 ad
2037 4492 2340 4561 perfectum
2376 4508 2418 4561 ο

2376 4508 2418 4561 ο
2448 4491 2767 4559 ἐπουράνια,
2808 4489 2948 4542 ὥστε
2986 4492 3205 4552 πάντως
3239 4491 3457 4559 νομίσαι
3502 4492 3594 4544 τὸν
3635 4491 3881 4544 τοιοῦτον
3929 4494 4029 4561 ἥδη

759 4582 1081 4650 pervenisse
1107 4582 1356 4650 gradum,
1409 4583 1653 4649 quicum
1696 4592 1936 4651 putaret,
1976 4583 2251 4651 appulisse
2280 4599 2339 4638 se

752 4676 865 4741 jam
924 4674 991 4727 ad
1051 4683 1272 4741 portum
1343 4674 1744 4741 tranquillum,
1808 4675 2225 4727 insurrexerunt
2286 4676 2337 4728 ei

756 4767 977 4828 ﬂuetus,
1011 4772 1072 4817 ut
1104 4765 1288 4817 denuo
1335 4766 1591 4818 inventus
1625 4765 1697 4817 sit
1744 4766 1797 4818 in
1832 4765 2011 4818 medio
2038 4765 2236 4834 pelagi,
2273 4766 2338 4817 il-

756 4857 957 4923 lucque
988 4855 1223 4917 delatus,
1247 4855 1339 4908 ubi
1374 4871 1544 4917 mare,
1570 4857 1768 4908 ccelum
1799 4867 1854 4909 et
1882 4871 2029 4909 mors
2048 4865 2333 4924 prompta:

757 4948 894 5021 adeo
919 4958 1205 5016 peccatum
1243 4949 1550 5012 ingressum
1595 4948 1927 5015 produxerat
1959 4964 2177 5002 omnem
2218 4964 2335 5000 ma-

756 5041 864 5093 lam
908 5039 1287 5107 cupiditatem.
1323 5040 1558 5093 Rursum
1582 5055 1713 5093 vero
1753 5040 1907 5104 tales,
1941 5040 2123 5107 aliqua
2159 5039 2333 5109 gratia

757 5131 905 5191 digni
946 5130 1142 5193 habiti,
1169 5131 1324 5198 132
1356 5140 1430 5194 et,
1466 5139 1524 5184 ut
1574 5132 1647 5183 ita
1690 5131 1889 5193 dicam,
1917 5148 1982 5183 ex
2014 5132 2123 5184 imo
2166 5132 2333 5184 maris

753 5220 1026 5290 profundo
1045 5223 1277 5290 guttulis
1297 5222 1627 5289 quibusdam
1653 5223 1897 5285 irrorati,
1916 5224 2200 5291 reperiunt
2227 5224 2332 5276 hoc

755 5314 933 5380 ipsum
970 5314 1394 5383 singulishoris,
1427 5315 1765 5385 singulisque
1796 5315 1992 5368 diebus
2020 5323 2125 5367 tam
2150 5315 2327 5368 admi-

754 5403 981 5456 randam
1031 5406 1408 5471 operationem
1446 5406 1584 5467 fieri,
1618 5405 1791 5472 utqui
1826 5413 2086 5473 operetur
2114 5405 2185 5458 ob
2215 5405 2333 5458 ino—

754 5491 1018 5559 pinatam,
1055 5494 1400 5561 peregrinam
1453 5504 1510 5548 et
1560 5494 1800 5547 divinam
1851 5494 2197 5563 effectionem
2232 5495 2335 5549 ob-

752 5588 1039 5654 stupeseat
1072 5593 1128 5639 et
1166 5586 1491 5652 admiretur,
1538 5603 1645 5657 qua
1695 5589 1907 5642 ratione
1951 5588 2215 5657 deceptus
2244 5588 2337 5643 sit.

2446 4583 2744 4649 ἐφθακέναι
2772 4583 2853 4643 είς
2878 4582 2946 4634 τά
2968 4583 3146 4635 τέλεια
3176 4582 3367 4653 μέτρα.
3387 4585 3496 4635 Καὶ
3518 4584 3593 4642 ὡς
3614 4583 4035 4660 ἐνόμιζεπροσ-

2445 4674 2736 4743 ηγγικέναι
2767 4675 2867 4743 ἤδη
2905 4674 2982 4742 τῷ
3032 4675 3190 4744 εὑδίῳ
3222 4676 3425 4743 λιμένι,
3469 4676 3847 4743 ἐπανέστησαν
3879 4677 4031 4743 αὑτῷ

2445 4761 2733 4827 κλύδωνες,
2791 4761 2930 4813 ὥστε
2963 4764 3124 4815 πάλιν
3165 4763 3454 4831 εὑρεθῆναι
3502 4765 3579 4825 είς
3629 4763 3689 4815 τὸ
3736 4763 3902 4832 μέσον
3937 4765 4027 4815 τοῦ

2444 4855 2736 4920 πελάγους,
2762 4856 2855 4906 καὶ
2899 4855 3270 4924 εἰσενεχθῆναι
3314 4856 3446 4906 ὅπου
3484 4857 3516 4923 ἡ
3548 4854 3814 4917 θάλασσα,
3850 4856 4018 4922 οὐρα-

2448 4946 2556 5009 νὸς,
2610 4948 2702 4998 καὶ
2738 4946 2966 5008 θάνατός
3005 4950 3151 4998 ἐστιν
3184 4946 3420 5016 ἕτοιμος,
3466 4948 3649 5008 Οῦτως
3695 4947 3727 5016 ἠ
3778 4948 4026 5017 ἁμαρτία

2449 5037 2836 5090 ἐπεισελθοῦσα
2893 5038 3291 5107 κατειργάσατο
3346 5041 3524 5091 πᾶσαν
3588 5038 3892 5105 ἐπιθυμίαν
3934 5057 4028 5092 κα-

2450 5132 2586 5199 κήν·
2620 5129 2775 5191 αὖθις
2800 5130 2854 5181 δὲ
2886 5132 2932 5180 οί
2969 5129 3201 5179 τοιοῦτοι
3242 5128 3462 5196 χάριτός
3493 5145 3636 5187 τινος
3679 5128 4027 5192 ἀξιωθέντες,

2450 5225 2564 5285 καὶ,
2626 5221 2815 5290 ὥσπερ
2849 5221 3043 5281 εἰπεῖν,
3080 5220 3187 5272 ἀπὸ
3230 5221 3351 5272 ὅλου
3400 5219 3561 5289 βυθοῦ
3614 5212 3714 5289 τῆς
3750 5219 4026 5285 θαλάσσης

2438 5312 2651 5380 ψεκάδα
2677 5312 2799 5364 τινὰ
2827 5313 3134 5378 δεξάμενοι,
3169 5313 3513 5383 εὑρίσκουσιν
3534 5312 3666 5364 αὐτὸ
3697 5313 3874 5364 ἐκεῖνο
3908 5313 4024 5364 καθ’

2437 5403 2608 5474 ὥραν,
2644 5406 2739 5455 καὶ⁵
2769 5402 2891 5455 καθ’
2919 5404 3132 5472 ἡμέραν
3154 5403 3423 5472 τοσαύτην
3448 5404 3902 5475 θαυματουργίαν
3946 5422 4026 5470 γι-

2442 5499 2735 5566 γνομένην,
2759 5496 2900 5548 ὥστε
2933 5496 3023 5548 τὸν
3046 5496 3439 5566 ἐνεργούμενον
3477 5498 3567 5549 ἐπὶ
3606 5500 3672 5568 τῇ
3714 5499 4025 5568 παραδόξῳ,

2445 5588 2540 5640 καὶ
2579 5587 2702 5657 ξένῃ
2728 5588 2821 5640 καὶ
2848 5586 3006 5657 θεῖκῇ
3037 5587 3269 5657 ἐργασία
3302 5587 3632 5658 θαμὸεῖσθαι
3662 5592 3757 5641 καὶ
3785 5591 3961 5661 ἐκπλή
3974 5608 4021 5642 :-

826 5756 872 5791 "
910 5759 954 5815 Il
976 5760 1101 5818 Cor.
1131 5778 1204 5829 xl,
1228 5762 1316 5819 25.
1394 5765 1438 5797 "
1460 5766 1632 5821 Exod.
1664 5783 1846 5835 xxxiv,
1869 5770 1957 5835 53,
1986 5770 2088 5836 '55;
2125 5770 2167 5824 ll
2198 5770 2323 5825 Cor.
2352 5769 2506 5832 111,13

1557 5766 1632 5820 id.
1664 5783 1846 5835 xxxiv,
1869 5770 1957 5835 53,
1986 5770 2088 5836 '55;
2125 5770 2167 5824 ll
2198 5770 2323 5825 Cor.
2352 5784 2430 5832 ιιι,
2457 5769 2541 5823 13.
2618 5770 2661 5802 ⁵⁹
2694 5768 2848 5824 Joan.
2878 5785 2990 5829 xiv,
3024 5767 3115 5833 :l,
3146 5766 3237 5821 23.
