4254 6358
164 377 274 442 761

1237 379 1600 440 ΗῡΜΙιΜζ.
1634 402 1701 413 ·-
1736 377 1923 439 HOM.
1961 381 2230 453 XXXIX,
2278 382 2402 443 XL.

3340 377 3446 441 76!

164 491 360 545 τεσθαι
396 490 515 554 πῶς
549 490 832 560 ἐσοφίσθη.
879 492 1102 557 Λοιπὸν,
1132 482 1356 559 φωτίζει
1397 494 1430 562 ή
1473 496 1632 563 χάρις
1664 492 1761 543 αὐ·
1791 498 1838 548 Α

1759 493 2039 548 ιΛΡοττο
2084 495 2259 565 gratia
2315 496 2495 564 ipsum
2556 493 2846 555 illuminat,
2880 493 3090 565 dirigit,
3149 494 3439 565 pacificum

164 578 284 640 τὸν,
330 577 539 645 ὁδηγεῖ,
596 578 891 648 εἰρηνεύει,
937 580 1219 648 ἀγαθύνει,
1280 581 1347 633 τά
1397 582 1571 634 πάντα
1624 578 1759 632 οὖσα

169 670 295 722 θεία
345 670 441 723 καὶ
472 670 827 739 ἐπουράνιος·
860 670 1002 724 ὥστε
1046 671 1184 743 πρὸς
1224 671 1511 741 σύγκρισιν
1548 671 1757 724 ἐκείνου

171 761 418 830 βασιλεῖς
442 764 537 815 καὶ
570 762 861 826 δυνάστας,
900 764 1098 830 σοφοὺς
1120 764 1214 816 καὶ
1248 765 1655 833 ἀξιωματικοὺς
1685 763 1759 825 ὡς

171 854 496 921 ἐλαχίστους
536 854 633 906 καὶ
688 854 925 917 εὐτελεῖς
977 855 1250 925 ἡγεῖσθαι.
1286 856 1439 908 Μετὰ
1470 855 1525 907 δὲ
1569 858 1759 924 καιρὸν

171 948 271 999 καὶ
298 947 448 1016 ὥραν
473 946 873 1014 μεταϐάλλεται
908 948 977 1001 τὰ
1006 950 1331 1019 πράγματα,
1366 950 1508 1002 ὥστε
1536 950 1595 1014 ἐξ
1624 950 1756 1017 ἀλη-

174 1039 331 1101 θείας
358 1040 452 1092 τὸν
495 1041 738 1093 τοιοῦτον
785 1040 979 1094 ἑαυτὸν
1008 1042 1260 1110 ἡγεῖσθαι
1311 1041 1760 1113 ἀμαρτωλότερον

174 1132 399 1183 πάντων
426 1131 762 1201 ἀνθρώπων·
790 1136 885 1186 καὶ
922 1133 1083 1187 πάλιν
1128 1134 1264 1207 ἄλλῃ
1296 1135 1437 1205 ὥρᾳ.
1465 1138 1598 1207 όρᾷν
1623 1138 1752 1189 ἑαυο

172 1223 268 1275 τὸν
293 1217 407 1275 οἷον
436 1222 659 1293 βασιλέα
691 1224 948 1293 μέγιστον
974 1225 1231 1292 ἐξαίσιον,
1258 1227 1290 1297 ἦ
1315 1227 1583 1297 δυνάστην
1610 1228 1761 1296 φίλον

179 1314 482 1385 βασιλέωςο
519 1316 679 1369 πάλιν
710 1317 843 1386 ἄλλῃ
890 1316 1009 1389 ὥρᾳ
1049 1318 1238 1372 ἐαυτὸν
1273 1320 1406 1389 όρᾷν
1441 1320 1640 1390 ἀσθενῆ
1670 1322 1761 1372 καί

179 1406 419 1474 πτωχόν.
456 1406 659 1460 Λοιπὸν
690 1409 771 1472 είς
796 1408 1109 1478 ἀμηχανίαν
1149 1410 1413 1480 ἐμπίπτει
1441 1412 1469 1464 ό
1498 1410 1642 1474 νοῦς,
1675 1412 1763 1465 διὰ

175 1497 437 1562 τίοῦτως,
464 1500 561 1553 καὶ
584 1499 747 1553 πάλιν
773 1499 947 1564 οὕτως
968 1518 985 1566 ;
1008 1501 1131 1554 Ὀτι
1158 1502 1187 1553 ό
1205 1503 1454 1567 Σατανᾶς
1474 1504 1762 1573 μισόκαλος

178 1589 281 1653 ὣν,
308 1590 379 1641 τὰ
400 1591 613 1660 πονηρὰ
642 1591 933 1645 ὑποϐάλλει
954 1594 1070 1656 τοῖς
1100 1592 1200 1661 τὴν
1230 1592 1433 1661 ἀρετὴν
1463 1594 1763 1666 κατορθοῦ-

182 1696 256 1741 σι,
291 1681 385 1733 καὶ
418 1681 747 1749 ἀγωνίζεται
779 1683 978 1748 αὐτοὺς
1013 1684 1425 1755 μεταστρέψαι·
1470 1685 1629 1757 ἔργον
1654 1686 1762 1756 γὰρ

180 1770 296 1841 εχει
327 1772 507 1826 τοῦτο.

260 1949 336 2002 E'.
374 1947 537 2000 Ἀλλά
597 1948 663 2002 σὺ
709 1948 886 2018 τούτῳ
940 1949 1013 2020 μὴ
1078 1950 1355 2022 ὑποταγῆς
1402 1950 1523 2021 τὴν,
1578 1951 1636 2002 ἐν
1686 1951 1762 2020 τῷ

182 2040 294 2092 ἐσω
324 2038 597 2109 ἀνθρώπῳ
634 2039 1060 2111 ἐπιτελουμένην
1089 2041 1434 2112 δικαιοσύνην
1463 2042 1761 2113 ἐργαζόμε-

178 2148 290 2196 νος,
342 2134 399 2185 ἐν
451 2124 497 2199 ᾧ
533 2133 595 2185 τὸ
638 2132 732 2185 τοῦ
777 2133 1015 2203 Χριστοῦ
1059 2132 1211 2204 βῆμα
1258 2134 1492 2206 ἔστηκεν
1539 2134 1656 2206 ἅμα
1685 2136 1762 2207 τῷ

176 2224 436 2294 ἀχράντῳ
463 2222 825 2294 άγιαστηρίῳ,
859 2225 1008 2288 ὅπως
1037 2226 1099 2277 τὸ
1136 2225 1435 2296 μαρτύριον
1454 2225 1557 2296 τῆς
1582 2244 1762 2280 συνει-

177 2316 388 2386 δήσεώς
419 2333 514 2369 σου
546 2320 880 2387 καυχήσεται
928 2320 986 2370 ἐν
1009 2316 1089 2386 τῷ
1121 2317 1341 2389 σταυρῷ
1372 2317 1465 2372 τοῦ
1501 2320 1758 2389 Χριστοῦ,

177 2407 274 2460 τοῦ
322 2406 726 2479 καθαρίσαντός
773 2426 868 2462 σου
923 2410 1024 2479 τὴν
1070 2411 1375 2481 συνείδησιν
1423 2410 1530 2464 ἀπὸ
1556 2410 1762 2482 νεκρῶν

178 2498 380 2565 ἔργων,
431 2499 517 2551 ίνα
559 2497 638 2568 τῷ
682 2499 953 2570 πνεύματί
1006 2518 1099 2554 σου
1153 2500 1273 2571 Θεῷ
1315 2502 1641 2574 λατρεύσῃς,
1676 2503 1763 2555 Eva

176 2588 325 2657 γνῷς
350 2588 404 2641 τί
443 2592 789 2659 προσκυνεῖς,
817 2589 963 2643 κατά
985 2594 1078 2643 τὸν
1096 2592 1340 2656 είπόντα,
1361 2591 1551 2661 Ἡμεῖς
1573 2607 1760 2661 προσ-

176 2681 488 2749 κυνοῦμεν
503 2681 534 2733 ὃ
555 2681 802 2751 οτόαμεν
816 2722 830 2736 .
857 2664 1116 2754 Πεξσθητι
1135 2684 1212 2753 τῷ
1228 2684 1511 2754 όδηγοῦντί
1543 2704 1602 2740 σε
1620 2686 1761 2754 Θεῷ,

178 2774 568 2843 κοινωνησάτω
595 2776 628 2845 ή
660 2775 806 2847 ψυχή
839 2793 934 2830 σου
962 2776 1039 2846 τῷ
1070 2777 1209 2849 Θεῷ,
1233 2778 1309 2841 ὡς
1352 2784 1602 2835 κοινωνεῖ
1625 2782 1760 2851 νύμ-

178 2882 254 2935 φη
283 2865 534 2935 νυμφίῳ·
576 2864 652 2918 Τὸ
697 2868 807 2937 γὰρ
838 2867 1177 2937 μυστήριον
1204 2869 1383 2924 τοῦτο
1423 2872 1579 2941 μέγα
1605 2872 1758 2938 ἐστὶ,

178 2956 369 3026 φησὶν,
399 2956 513 3024 ἐγὼ
538 2955 606 3008 δὲ
642 2956 798 3026 ,λέγω
833 2961 921 3025 είς
954 2960 1216 3028 Χριστὸν
1250 2962 1345 3013 καὶ
1373 2963 1453 3023 είς
1480 2964 1577 3033 τὴν
1606 2964 1761 3034 ἄμω-

181 3064 287 3119 μον
318 3048 517 3118 ψυχήν.
551 3041 622 3121 ᾯ
655 3050 688 3120 ή
723 3049 850 3115 δόξα
889 3053 970 3113 είς
1003 3052 1129 3114 τοὺς
1157 3052 1376 3118 αἰῶνας.
1422 3054 1615 3125 ’Δμήν.

766 3167 1007 3221 ΟΜΙΛΙΑ
1049 3168 1173 3223 AG’.

182 3257 362 3323 Τίνος
402 3259 612 3314 ἕνεκεν
651 3260 831 3329 ἐδόθη
855 3261 1020 3385 Iri/air
1034 3262 1167 3395 ἦ)πύ
1207 3261 1315 3317 τοῦ
1363 3263 1512 3318 Θεοῦ
1553 3265 1591 3333 ἠ
1636 3264 1761 3318 θεία

900 3349 1026 3395 Ραφ
1079 3349 1099 3395 ἱ

900 3349 1099 3400 Ραφηὶ

253 3446 333 3496 Δ’.
366 3441 579 3511 Ὠσπερ
618 3442 869 3512 βασιλεὺς
895 3448 1113 3515 γράψας
1134 3446 1440 3512 ἐπιστολὰς,
1462 3442 1542 3511 οἷς
1574 3446 1759 3518 βούλε-

180 3551 272 3586 ται
322 3534 648 3598 κωδικέλους
700 3537 796 3589 καὶ
847 3537 1054 3609 δωρεὰς
1096 3540 1234 3602 ίδίας
1280 3541 1628 3610 χαρίσασθαι,
1661 3558 1757 3608 ση-

183 3625 366 3694 μαίνει
393 3626 581 3691 πᾶσιν,
605 3628 696 3681 δτι.
727 3627 955 3698 Ταχέως
983 3630 1376 3686 σπουδάσατε
1393 3632 1593 3686 ἐλθεῖν
1613 3636 1762 3702 πρός

174 3734 275 3787 με,
302 3718 404 3771 ἵνα
431 3718 654 3785 λάϐητε
684 3723 822 3788 παρ’
866 3721 1010 3790 ἐμοῦ
1042 3722 1265 3790 δωρεὰς
1286 3723 1641 3789 βασιλικὰς,
1669 3726 1762 3777 καὶ

181 3813 231 3865 εἰ
288 3812 363 3880 μὴ
410 3811 687 3866 ἀπέλθωσι
740 3812 836 3865 καὶ
878 3812 1150 3878 λάϐωσιν,
1184 3816 1336 3869 οὐδὲν
1378 3816 1756 3887 ὠφελήθησαν,

180 3903 511 3970 ἀναγνόντες
567 3904 667 3967 τὰς
702 3905 1015 3971 ἐπιστολάς,
1056 3907 1257 3977 μᾶλλον
1285 3908 1342 3960 δὲ
1394 3910 1489 3962 καὶ
1531 3907 1767 3962 θανάτου·

180 3994 322 4045 είσὶν
343 3992 521 4063 ἔνοχοι
552 3994 626 4065 μὴ
662 3994 992 4065 θελήσαντες
1042 3998 1319 4065 ἀπελθεῖν,
1348 3999 1440 4052 καὶ
1484 4000 1549 4052 ἐκ
1583 4001 1760 4070 χειρὸς

182 4084 453 4154 βασιλέως
507 4088 675 4157 τιμῆς
723 4086 1060 4157 ἀξιωθῆναι·
1106 4089 1277 4153 οὕτως
1322 4090 1417 4144 καὶ
1464 4090 1564 4155 τὰς
1615 4092 1763 4155 θείας

181 4177 409 4247 Γραφὰς
466 4176 657 4248 ὥσπερ
704 4179 996 4244 ἐπιστολὰς
1058 4180 1377 4234 ἀπέστειλεν
1429 4183 1458 4232 ό
1515 4182 1763 4253 βασιλεὺς

180 4271 313 4332 Θεὸς
340 4272 453 4332 τοῖς
480 4270 811 4340 ἀνθρώποις,
849 4272 1096 4343 δηλώσας
1126 4274 1196 4326 δι’
1225 4274 1403 4329 αὐτῶν
1426 4315 1441 4340 ,
1474 4275 1557 4328 ίνα
1588 4293 1763 4345 παρα-

180 4358 514 4422 καλέσαντες
563 4360 656 4411 τὸν
706 4359 861 4424 Θεὸν,
914 4360 1009 4413 καὶ
1054 4364 1445 4424 πιστεύσαντες
1499 4363 1762 4433 αἰτήσωσι

1862 586 2067 647 reddit.
2098 601 2162 640 ac
2190 586 2395 640 bonum
2426 585 2612 642 cliicit.
2654 602 2776 661 quae
2804 586 2976 656 gratia
3015 600 3116 655 per
3142 589 3326 643 omnia
3354 587 3440 643 dt-

1860 681 1987 734 vina
2013 689 2069 734 et
2098 678 2375 743 cceiestis;
2407 688 2467 732 ut
2504 677 2797 732 collatione
2841 677 2961 747 ejus
3014 691 3192 746 reges,
3245 689 3441 747 poten-

1862 781 1965 835 tes,
2004 773 2300 841 sapientes,
2328 778 2384 825 et
2423 772 2478 824 in
2532 770 2799 840 dignitate
2830 768 3121 825 constituti
3150 769 3300 824 velut
3332 771 3439 824 mi-

1859 852 1994 919 nimi
2036 880 2100 919 ac
2152 865 2291 918 viles
2325 873 2675 933 reputentur.
2734 862 2944 933 Exigue
2996 877 3127 918 vero
3175 864 3441 933 temporis

1861 968 1956 1013 aut
1987 960 2138 1014 horae
2173 958 2351 1028 spatio
2382 968 2525 1027 post,
2560 973 2649 1011 res
2680 956 3065 1022 immutantur,
3098 964 3161 1011 ut
3197 972 3258 1011 re
3308 972 3438 1011 vera

1862 1051 1909 1106 is
1956 1051 2075 1119 ipse
2121 1066 2180 1105 se
2228 1050 2407 1119 ipsum
2456 1055 2677 1118 reputet
2732 1047 3040 1117 graviorem
3090 1056 3437 1115 peccatorem

1862 1143 2120 1197 omnibus
2148 1141 2497 1194 hominibus:
2532 1148 2588 1193 et
2619 1153 2837 1192 rursum
2869 1138 2973 1190 alia
3012 1138 3147 1191 hora
3173 1138 3355 1191 videat
3382 1153 3441 1191 se

1863 1240 2045 1308 ipsum
2104 1236 2272 1290 veluti
2325 1250 2507 1303 regem
2562 1234 2859 1287 maximum
2900 1241 2956 1285 et
3006 1232 3304 1301 ingentem,
3346 1237 3441 1283 aut

1862 1339 2144 1402 potentem
2170 1329 2405 1383 amicum
2435 1326 2581 1396 regis
2606 1342 2619 1379 :
2642 1339 2864 1378 rursum
2888 1324 2993 1377 alia
3017 1322 3155 1377 hora
3173 1339 3231 1377 se
3260 1324 3439 1392 ipsum

1862 1422 2048 1476 videat
2082 1421 2362 1475 inﬁrmum
2411 1426 2469 1472 et
2517 1431 2839 1486 pauperem.
2885 1416 3156 1470 Caeterum
3210 1416 3265 1468 in
3309 1430 3440 1484 per-

1863 1515 2177 1583 plexitatem
2204 1512 2411 1566 labitur
2435 1511 2675 1575 animus,
2700 1508 3061 1578 quamobrem
3105 1509 3207 1571 sic,
3230 1518 3283 1562 et
3320 1522 3442 1561 rur-

1863 1620 1985 1659 sum
2017 1604 2115 1659 sic.
2143 1602 2283 1669 Quia
2331 1602 2579 1665 Satanas,
2628 1616 2752 1656 cum
2795 1600 2847 1653 id
2900 1599 3047 1668 quod
3101 1599 3309 1653 bonum
3355 1608 3439 1653 est

1864 1696 1993 1751 odio
2022 1702 2409 1766 prosequatur,
2441 1694 2581 1745 mala
2628 1691 2872 1761 suggerit
2911 1690 3018 1755 his,
3052 1692 3145 1758 qui
3177 1690 3437 1744 virtutem

1865 1794 2273 1849 consectantur,
2305 1799 2511 1853 eosque
2538 1792 2789 1837 avertere
2819 1781 3134 1846 contendit;
3167 1781 3271 1835 hoc
3291 1783 3438 1835 enim

1864 1879 1983 1948 ejus
2021 1886 2104 1931 est
2142 1889 2303 1942 opus.

1932 1969 1997 2024 ν.
2024 1968 2229 2022 Verum
2270 1979 2341 2019 ne
2379 1965 2458 2018 illi
2496 1961 2825 2032 subjiciaris,
2871 1961 2967 2016 sed
3007 1976 3238 2029 operare
3281 1960 3442 2030 justi-

1864 2062 2016 2126 tiam,
2046 2077 2168 2130 quac
2205 2060 2259 2112 in
2305 2057 2557 2112 interiori
2605 2056 2829 2109 homine
2873 2054 3180 2124 perﬁcitur,
3230 2055 3284 2107 in
3330 2070 3441 2123 quo

1860 2153 2068 2208 Christi
2086 2152 2257 2205 altare
2284 2150 2539 2204 consistit
2569 2163 2678 2201 una
2701 2162 2827 2200 cum
2863 2147 3150 2215 impolluto
3180 2141 3441 2200 sanctua'-

1862 2246 2056 2312 rio,ut
2087 2242 2465 2299 testimonium
2510 2238 2861 2295 conscientia:
2913 2247 3022 2292 tua:
3071 2238 3339 2307 glorietur
3382 2239 3440 2292 in

1862 2352 2023 2392 cruce
2053 2337 2282 2399 Christi,
2318 2334 2411 2404 qui
2448 2340 2713 2401 expurgat
2752 2330 3150 2385 conscientiam
3181 2337 3329 2381 tuam
3370 2330 3440 2382 ab

1861 2428 2123 2498 operibus
2169 2427 2423 2488 mortuis,
2459 2432 2521 2477 ut
2549 2423 2745 2491 spiritu
2781 2428 2875 2474 tuo
2906 2420 3018 2473 Deo
3050 2420 3348 2484 ministres,
3382 2429 3442 2474 ut

1861 2520 2014 2573 noris
2042 2516 2177 2586 quid
2207 2516 2405 2570 adoras
2425 2555 2439 2578 ,
2468 2512 2774 2568 secundum
2828 2526 2955 2565 eum
3000 2509 3093 2578 qui
3123 2510 3295 2563 dicit:
3334 2509 3440 2564 Nos

1862 2612 2169 2673 adoramus,
2199 2608 2334 2679 quod
2355 2609 2545 2661 scimus
2564 2605 2608 2637 “
2632 2621 2645 2657 :
2671 2602 2898 2659 Conﬁde
2930 2602 3186 2672 dirigenti
3224 2611 3274 2656 te
3304 2602 3441 2668 Deo,

1862 2703 2201 2758 consortium
2236 2701 2435 2755 habeat
2461 2698 2641 2753 anima
2685 2704 2778 2749 tua
2820 2708 2945 2748 cum
2990 2694 3122 2758 Deo,
3147 2704 3206 2747 ut
3241 2709 3440 2762 sponsa

1861 2797 2182 2853 societatem
2215 2794 2347 2849 colit
2399 2808 2525 2847 cum
2576 2804 2800 2861 sponso.
2833 2787 3143 2859 Mysterium
3167 2787 3312 2840 enim
3346 2792 3441 2839 hoc

1862 2904 2115 2959 magnum
2149 2894 2262 2941 est:
2302 2901 2395 2955 ego
2434 2900 2555 2938 vero
2611 2883 2761 2947 dico,
2814 2884 2953 2935 inter
3016 2879 3282 2935 Christum
3300 2879 3342 2910 “
3385 2887 3442 2932 et

1861 2980 2355 3036 incontaminatam
2406 2977 2669 3032 animam.
2726 2975 2827 3031 Cui
2887 2973 3061 3046 gloria
3107 2974 3166 3027 in
3217 2971 3439 3028 stt-cuia.

1860 3073 2056 3129 Amen.

2374 3178 2658 3237 HOMILIA
2691 3177 2935 3233 XXXIX.

1897 3277 1979 3333 Ad
2009 3276 2137 3348 quid
2162 3272 2441 3344 Scnptura
2475 3272 2654 3325 diuina
2695 3271 2840 3323 nobis
2868 3288 2900 3322 ο
2932 3268 3040 3321 Deo
3061 3267 3260 3321 donata
3290 3267 3357 3320 sit
3380 3268 3408 3318 7

1933 3457 1975 3512 ι.
2009 3452 2483 3523 Quemadmodum
2542 3468 2659 3514 rex,
2721 3451 2816 3520 qui
2858 3450 3054 3505 scribit
3098 3450 3335 3505 Litteras
3369 3450 3437 3504 ad

1862 3563 1977 3611 eos,
2008 3545 2211 3616 quibus
2256 3543 2380 3596 vult
2429 3540 2715 3594 codicillos
2759 3548 2816 3594 et
2864 3540 3167 3609 peculiaria
3210 3556 3440 3595 munera

1862 3640 2073 3710 largiri,
2106 3644 2300 3692 notum
2338 3634 2469 3688 facit
2520 3633 2800 3693 omnibus.
2846 3648 3086 3702 nempe:
3133 3630 3442 3687 Contcitditc

1863 3737 2132 3806 confestim
2173 3733 2241 3787 ad
2271 3747 2353 3786 me
2393 3731 2589 3792 venire,
2616 3734 2676 3780 ut
2721 3727 2988 3795 accipiatis
3030 3744 3060 3778 a
3101 3742 3184 3778 me
3217 3742 3439 3779 munera

1864 3830 2047 3898 regia:
2078 3826 2172 3896 qui
2204 3823 2310 3877 nisi
2339 3820 2595 3875 venerint
2630 3826 2687 3874 et
2724 3817 3061 3886 acceperint,
3108 3816 3244 3870 nihil
3310 3816 3442 3885 ipsis

1862 3919 2132 3991 proderit,
2170 3916 2320 3985 quod
2371 3913 2471 3966 has
2516 3910 2790 3981 legerint;
2830 3908 2964 3977 quin
3009 3907 3193 3977 potius
3250 3908 3444 3963 mortis

1863 4008 2135 4081 supplicio
2159 4007 2298 4061 ﬁunt
2326 4004 2572 4067 obnoxii,
2602 4002 2747 4072 quod
2801 4001 3092 4055 renuerint
3134 3999 3346 4064 venire,
3383 4012 3441 4052 et

1864 4117 1894 4154 e
1920 4116 2082 4154 manu
2108 4098 2251 4167 regis
2284 4094 2641 4149 honorarium
2674 4090 2937 4160 consequi
2966 4108 2978 4143 :
3005 4090 3085 4144 sic
3106 4105 3323 4159 quoque
3353 4089 3441 4143 di-

1863 4195 2021 4249 vinas
2050 4190 2367 4260 Scripturas
2387 4183 2821 4254 velutepistolas
2861 4182 3012 4236 misit
3042 4197 3137 4235 rex
3172 4182 3317 4236 Deus
3342 4182 3440 4235 bo-

1864 4290 2127 4351 minibus,
2169 4288 2237 4341 iis
2269 4284 2606 4356 signiﬁcans,
2644 4287 2705 4333 ut
2756 4280 3078 4333 invocantes
3132 4279 3324 4340 Deum,
3386 4286 3444 4332 et

1865 4383 2154 4438 credentes
2200 4388 2390 4448 petam
2418 4383 2475 4429 et
2527 4380 2939 4440 consequantur
2984 4370 3187 4424 donum
3216 4370 3439 4424 caeleste

180 4452 276 4505 καὶ
296 4450 505 4505 λάϐωσι
536 4450 744 4520 δωρεάν
782 4452 1034 4523 οὐράνιον
1056 4453 1120 4505 ἐκ
1159 4453 1255 4522 τῆς
1287 4452 1637 4515 ὑποστάσεως
1663 4456 1761 4522 τῆς
1796 4464 1837 4517 ι)

1754 4471 1761 4514 ῖ
1796 4464 1837 4517 Ι)
1866 4490 1933 4527 ex
1964 4471 2240 4543 hypostasi
2276 4463 2587 4521 divinitatis
2624 4463 2764 4532 ejus.
2808 4459 3085 4528 Scriptum
3113 4459 3261 4512 enim
3302 4468 3387 4513 est
3422 4476 3434 4512 :

181 4539 436 4610 θεότητος
490 4539 679 4595 αὐτοῦ.
738 4541 1051 4611 Γέγραπται
1107 4540 1236 4611 γάρ,
1285 4542 1419 4596 Ἵνα
1460 4542 1759 4610 γενώμεθα

181 4633 348 4697 θείας
370 4631 643 4684 κοινωνοί
672 4632 933 4700 φύσεως.
979 4632 1104 4686 Ἐὰν
1133 4632 1188 4685 δὲ
1219 4632 1293 4703 μὴ
1338 4631 1631 4703 προσέλθῃ,
1668 4634 1760 4685 καὶ

179 4725 405 4795 αἰτήσῃ,
438 4725 532 4776 καὶ
567 4724 706 4794 λάϐῃ
749 4726 777 4777 ό
822 4724 1129 4793 ἄνθρωπος,
1165 4726 1317 4778 οὐδὲν
1346 4725 1603 4795 ὠφελήθη
1631 4726 1760 4778 ἀνα-

180 4816 344 4883 γνοὺς
390 4816 489 4877 τάς
523 4815 775 4885 Γραφάς,
816 4816 1016 4886 μᾶλλον
1061 4818 1118 4870 δὲ
1170 4817 1264 4871 καὶ
1306 4818 1537 4872 θανάτου
1577 4817 1758 4887 ἔνοχός

181 4906 353 4965 ἐστιν,
383 4904 465 4956 ὅτι
500 4907 649 4973 παρά
678 4904 942 4974 βασιλέως
981 4907 1232 4978 οὐρανίου
1270 4909 1369 4963 οὐκ
1406 4910 1640 4980 ἠθέλησε
1668 4910 1759 4961 λα-

182 4996 298 5049 ϐεῖν
326 4996 471 5063 ζωῆς
502 4996 733 5066 δωρεάν,
761 4993 829 5069 ἦς
858 4998 987 5052 ἄνευ
1017 5000 1279 5054 ἀδύνατόν
1308 5003 1423 5054 ἐστι
1445 5001 1593 5071 ζωῆς
1624 5002 1758 5054 ἀθα-

179 5086 346 5139 νάτου
373 5089 578 5155 τυχεῖν,
613 5088 735 5157 ήτις
782 5088 929 5144 ἐστὶν
976 5090 1006 5142 ὀ
1049 5091 1305 5161 Χριστός.
1333 5086 1403 5164 ᾯ
1443 5095 1476 5163 ή
1524 5093 1648 5159 δόξα
1678 5094 1757 5156 είς

179 5180 307 5241 τοὺς
332 5177 557 5241 αίῶνας.
601 5179 795 5251 Ἀμήν.

784 5297 1023 5349 ΟΜΙΛΙΛ
1067 5296 1155 5352 Μ’.

184 5384 314 5459 Ὀτι
341 5383 536 5459 πεῖσαι
564 5388 624 5440 αι
652 5387 875 5454 ἀρεταί,
908 5390 1004 5441 καὶ
1050 5387 1247 5459 πάντα
1279 5390 1432 5443 κακὰ
1473 5394 1763 5459 ἀλλήλων

254 5454 619 5534 ὲιδέὸξνται,
664 5460 761 5512 καί
812 5458 1068 5527 ὡσπερεί
1125 5459 1346 5527 ἀλυσίς
1379 5479 1469 5529 τις
1502 5454 1629 5529 μία
1656 5464 1765 5534 τῆς

253 5521 396 5592 μιᾶς
416 5523 724 5592 ἤρτηνται.

260 5637 339 5689 A'.
366 5638 497 5707 napi
526 5640 623 5708 τῆς
659 5640 983 5711 φαινομένης
1010 5641 1314 5710 ἀσκήσεως,
1346 5645 1439 5696 καὶ
1462 5648 1613 5700 ποῖον
1644 5647 1767 5699 ἐπι-

258 5822 302 5851 “
330 5819 487 5876 Joan.
520 5836 591 5881 tv.
629 5821 719 5875 εξ.
798 5822 839 5851 ⁸⁸
870 5822 1068 5891 Ephe’s.
1092 5840 1146 5887 ι’,
1174 5824 1262 5877 32.
1339 5825 1382 5856 ⁶¹
1408 5825 1449 5878 ll
1486 5824 1631 5879 Petr.
1663 5840 1699 5890 ι,
1734 5824 1791 5880 ι.

1868 4565 1981 4631 Quo
2012 4564 2206 4632 ﬁamus
2232 4559 2422 4611 divinae
2448 4564 2711 4608 consortes
2754 4560 2965 4605 natum
2990 4550 3054 4602 ".
3081 4550 3136 4604 Si
3170 4565 3301 4603 vero
3329 4566 3439 4603 non

1866 4655 2186 4718 accesserit,
2241 4666 2351 4705 non
2413 4648 2659 4719 petierit,
2712 4660 2817 4699 nec
2856 4642 3151 4712 acceperit,
3202 4642 3342 4695 nihil
3388 4643 3438 4696 ei

1863 4750 2129 4823 proderit,
2153 4744 2301 4815 quod
2332 4739 2529 4809 legerit
2563 4737 2895 4805 Scripturas,
2925 4735 3035 4786 imo
3068 4734 3251 4801 potius
3292 4734 3441 4801 capi-

1868 4846 1959 4900 tali
1996 4838 2267 4911 supplicio
2302 4831 2610 4892 tenebitur,
2643 4827 2788 4897 quod
2830 4842 2860 4879 a
2898 4826 3043 4895 Rege
3088 4823 3296 4878 caelesti
3336 4840 3440 4878 no-

1849 4935 2023 4997 luerit
2063 4934 2315 5001 accipere
2344 4926 2549 4978 donum
2580 4921 2742 4985 vitae;
2775 4920 2894 4973 sine
2924 4933 3034 4987 quo
3073 4916 3193 4970 ﬁeri
3226 4918 3437 4984 nequit,

1864 5040 1925 5085 ut
1946 5030 2119 5083 vitam
2141 5016 2530 5080 immortalem,
2559 5027 2681 5082 quae
2714 5019 2799 5065 est
2832 5010 3107 5075 Christus,
3138 5024 3439 5077 consequa-

1864 5134 1973 5178 tur.
2002 5118 2104 5175 Cui
2140 5112 2312 5187 gloria
2336 5109 2393 5163 in
2422 5107 2642 5161 saecula.
2677 5103 2874 5157 Amen.

2422 5302 2707 5360 HOMILIA
2757 5298 2871 5355 XL.

1863 5402 2090 5458 Cunctas
2133 5400 2371 5456 virtutes,
2402 5401 2451 5445 et
2490 5398 2676 5444 cuncta
2719 5389 2848 5441 vitia
2900 5386 3042 5458 inter
3085 5400 3140 5437 se
3182 5382 3434 5458 colligata

1916 5487 2046 5537 esse,
2073 5478 2121 5523 et
2156 5468 2291 5522 velut
2316 5455 2560 5518 catenam
2592 5476 2756 5512 unam
2782 5458 2844 5512 ab
2868 5456 3040 5511 altera
3071 5455 3383 5524 dependere.

1933 5650 1976 5702 1.
2002 5649 2079 5702 De
2103 5642 2366 5701 exteriori
2391 5637 2810 5704 exercitatione,
2833 5645 2889 5693 et
2909 5634 3187 5705 quodnam
3214 5633 3435 5688 institu-
