4254 6358
785 408 892 470 763

2022 390 2079 451 S.
2110 387 2425 448 MACARII
2468 380 2784 442 .EGYPTII

3921 365 4022 432 764

787 531 901 571 tam
929 515 994 569 sit
1028 512 1211 582 potius
1237 518 1293 563 et
1322 510 1556 577 primum
1589 506 1693 558 hoc
1726 503 1943 565 scitote,
1970 500 2176 561 dilecti,
2202 496 2346 565 quod
2383 508 2421 559 Α
2452 494 2547 561 τηδ

2401 509 2421 559 ι
2452 494 2692 561 τηδευμα
2732 485 2941 557 μεῖζον,
3004 484 3099 535 καὶ
3134 483 3348 550 πρῶτον
3379 478 3657 546 τυγχάνει,
3691 474 3848 526 τοῦτο
3874 474 4027 541 γινώ-

788 614 931 663 inter
963 621 1020 659 se
1052 602 1318 657 devincta:
1356 600 1466 652 sint
1503 612 1694 651 omnes
1734 595 1985 648 virtutes.
2019 590 2173 659 133
2198 588 2359 643 Velut

786 696 1192 766 enimqumdam
1218 690 1523 760 spiritualis
1540 698 1729 741 catena
1748 700 1854 737 una
1877 683 1943 737 ab
1960 683 2131 736 altera
2152 680 2358 747 depen-

787 794 907 856 det;
932 787 1177 859 precatio
1194 800 1224 837 a
1244 782 1557 844 dilectione,
1576 778 1798 832 dilectio
1820 793 1846 829 a
1862 774 2078 845 gaudio,
2098 772 2359 842 gaudium

789 899 819 936 a
853 878 1296 935 mansuetudine,
1330 869 1695 928 mansuetudo
1722 868 1791 922 ab
1812 866 2145 926 humilitate,
2178 861 2359 916 humi-

790 973 919 1026 litas
962 972 1030 1024 ab
1064 968 1354 1037 obsequio,
1398 962 1722 1031 obsequium
1772 976 1801 1012 a
1848 974 1964 1028 spe,
2011 972 2137 1025 spes
2172 972 2201 1009 a
2234 953 2359 1016 ﬁde,

796 1064 931 1119 ﬁdes
960 1063 1028 1117 ab
1055 1061 1268 1122 auditu,
1298 1057 1520 1112 auditus
1547 1072 1576 1108 a
1601 1052 1973 1121 simplicitate.
2002 1046 2366 1115 Quemadmo-

793 1157 923 1211 dum
952 1154 1117 1210 etiam
1150 1169 1215 1206 ex
1250 1150 1475 1204 adversa
1501 1155 1652 1216 parte
1688 1145 1840 1205 vitia,
1868 1157 2039 1196 unum
2074 1138 2142 1193 ab
2168 1140 2363 1200 altero,

796 1246 1139 1318 dependent;
1170 1242 1357 1295 odium
1388 1239 1457 1293 ab
1489 1239 1589 1300 ira,
1620 1236 1703 1289 ira
1734 1252 1762 1289 a
1792 1232 2072 1303 superbia,
2105 1229 2364 1299 superbia

795 1355 825 1393 a
872 1353 1010 1390 vana
1053 1336 1247 1405 gloria,
1309 1331 1472 1384 vana
1511 1330 1681 1399 gloria
1727 1327 1794 1380 ab
1842 1324 2185 1385 inﬁdelitate,
2246 1319 2365 1373 inﬁ-

796 1430 994 1484 delitas
1064 1443 1094 1479 a
1154 1423 1356 1477 duritie
1401 1420 1627 1498 cordis,
1696 1416 1927 1469 durities
1976 1412 2157 1466 cordis
2216 1424 2369 1463 ane-

799 1518 1076 1589 gligentia,
1138 1512 1471 1583 negligentia
1533 1526 1560 1561 a
1604 1507 1844 1577 pigritia.
1886 1502 2099 1572 pigritia
2159 1500 2227 1552 ab
2250 1514 2373 1551 ace-

801 1610 911 1673 dia,
939 1606 1125 1660 acedia
1159 1605 1228 1657 ab
1260 1601 1625 1669 impatientia,
1650 1594 1987 1665 impatientia
2013 1609 2041 1645 a
2068 1592 2367 1658 voluptate,

801 1710 858 1752 et
906 1697 1116 1763 reliqua
1170 1692 1415 1746 membra
1462 1689 1721 1742 vitiorum
1777 1685 1844 1738 ab
1891 1684 2125 1736 invicem
2168 1680 2373 1746 depen-

803 1788 987 1842 dentia
1013 1805 1024 1838 :
1046 1786 1123 1839 sic
1155 1798 1371 1852 quoque
1398 1781 1449 1833 in
1480 1780 1621 1832 bona
1650 1788 1803 1846 parte
1826 1775 1894 1828 ab
1917 1774 2149 1827 invicem
2176 1771 2374 1837 depen-

804 1880 956 1940 dent,
990 1886 1045 1931 et
1066 1889 1340 1943 suspensa:
1373 1880 1499 1924 sunt
1529 1869 1780 1922 virtutes.

2460 599 2638 644 σκετε,
2670 578 2965 646 ἀγαπητοὶ,
3001 575 3084 627 ὅτι
3140 572 3384 641 ἀλλήλων
3431 568 3733 621 ὲκδέδεντάι
3762 567 3937 616 πᾶσαι
3983 565 4034 613 οἱ

2460 671 2667 741 ἀρεταί.
2718 666 2970 735 Ὠσπερεὶ
3009 666 3118 734 γάρ
3152 680 3235 724 τις
3293 658 3643 729 πνευματικὴ
3688 656 3903 717 ἇλυσις,
3943 656 4037 722 μία

2461 764 2560 832 τῆς
2591 763 2717 831 μιᾶς
2739 761 3001 830 ἤρτηνται
3029 773 3044 788 ο
3075 758 3107 825 ἡ
3131 754 3261 824 εὐχὴ
3292 754 3401 805 ἀπὸ
3428 752 3541 827 τῆς
3564 750 3802 816 ἀγάπης,
3830 748 3862 815 ἡ
3899 746 4037 809 ἀγά-

2466 873 2538 923 πη
2569 854 2675 905 ἀπὸ
2708 853 2805 918 τῆς
2838 850 3033 919 χαρᾶς,
3078 850 3110 917 ἡ
3157 846 3301 915 χαρά
3350 844 3458 897 ἀπὸ
3500 842 3598 910 τῆς
3646 840 4037 907 πραότητος,η

2462 945 2705 1015 πραότης
2751 942 2856 994 ἀπὸ
2889 942 2986 1009 τῆς
3034 937 3454 999 ταπεινώσεως,
3489 935 3522 1003 ὴ
3562 932 3889 991 ταπείνωσις
3933 929 4041 978 ἀπὸ

2462 1040 2559 1105 τῆς
2587 1034 2881 1096 διακονίας,
2924 1034 2956 1100 ἡ
2994 1029 3239 1083 διακονία
3271 1027 3378 1080 ἀπὸ
3415 1028 3512 1095 τῆς
3555 1023 3785 1087 ἐλπίδος,
3810 1024 3843 1090 ή
3886 1019 4040 1079 ἐλπὶς

2467 1131 2572 1182 ἀπὸ
2600 1129 2695 1195 τῆς
2727 1125 2980 1187 πίστεως,
3011 1125 3044 1191 ἡ
3079 1121 3260 1181 πίστις
3289 1119 3398 1172 ἀπὸ
3425 1118 3523 1185 τῆς
3552 1117 3792 1184 ὑπακοῆς
3822 1154 3836 1176 ,
3876 1116 3912 1183 ἡ
3940 1114 4041 1165 ὑπ-

2470 1220 2605 1288 ακοὴ
2636 1218 2741 1271 ἀπδ
2773 1220 2869 1284 τῆς
2903 1212 3447 1284 ἁπλότητος.”Ωσπερ
3478 1211 3569 1261 καὶ
3594 1209 3655 1260 τὸ
3674 1205 3916 1258 ἐναντίον
3948 1207 4043 1273 μὲ-

2472 1332 2561 1384 ρος
2593 1312 2650 1364 ἓν
2697 1311 2787 1377 ἀφ’
2813 1308 2930 1369 ένὸς
2964 1308 3032 1359 τά
3068 1304 3214 1358 κακά
3252 1302 3555 1363 ἐκδέδενται
3581 1317 3594 1329 ’
3632 1300 3693 1350 τὸ
3738 1300 3894 1365 μῖσος
3938 1298 4048 1347 ἀπὸ

2468 1403 2562 1456 τοῦ
2598 1400 2790 1470 Θυμοῦ,
2831 1402 2858 1451 ὁ
2895 1398 3062 1465 θυμὸς
3106 1396 3213 1448 ἀπὸ
3242 1395 3338 1462 τῆς
3367 1390 3764 1459 ὑπερηφανίας,
3806 1390 3839 1455 ἡ
3871 1388 4050 1455 ὑπερ-

2472 1494 2674 1565 ηφανία
2706 1490 2811 1544 ἀπὸ
2833 1490 2932 1558 τῆς
2959 1486 3281 1552 κενοδοξίας,
3311 1488 3343 1554 ἡ
3372 1483 3646 1544 κενοδοξία
3672 1481 3778 1534 ἀπὸ
3799 1480 3896 1547 τῆς
3923 1480 4053 1529 άπι-

2474 1588 2645 1646 στιας,
2679 1585 2711 1651 ἡ
2738 1580 2962 1633 ἀπιστία
2992 1579 3100 1630 ἀπὸ
3130 1577 3228 1643 τῆς
3256 1572 3708 1642 σκληροκαρδίας,
3745 1572 3778 1637 ἡ
3812 1570 4051 1635 σκληρο-

2475 1678 2669 1747 καρδία
2699 1675 2808 1728 ἀπὸ
2840 1676 2938 1741 τῆς
2983 1670 3264 1738 ἀμελείας,
3295 1670 3327 1736 ἡ
3372 1666 3599 1733 ἀμέλεια
3642 1663 3751 1715 ἀπὸ
3779 1662 3878 1729 τῆς
3916 1678 4051 1729 γαυ-

2476 1768 2710 1828 νώσεως,
2747 1768 2780 1833 ἡ
2803 1763 3073 1833 χαύνωσις
3104 1759 3210 1811 ἀπὸ
3241 1760 3339 1826 τῆς
3366 1756 3613 1825 ἀκηόίας,
3647 1757 3678 1821 ἡ
3721 1753 3922 1821 ἀκηὸία
3946 1753 4055 1803 ex";

2401 1851 2441 1903 Β
2470 1859 2567 1926 τῆς
2616 1853 3075 1923 ἀνυπομονησίας,
3129 1853 3161 1919 ἡ
3209 1846 3619 1917 ἁνυττομονησία
3659 1846 3765 1896 ἀπὸ
3799 1843 3899 1909 τῆς
3938 1841 4058 1906 qv.)-

805 1934 1051 2042 ηδονίαςο
1106 1934 1202 2018 καὶ
1239 1966 1305 2015 τὰ
1342 1960 1504 2013 λοιπά
1533 1958 1666 2028 μέλη
1724 1958 1823 2025 τῆς
1867 1955 2067 2015 κακίας
2110 1950 2353 2020 ἀλλήλων
2392 1951 2529 2001 εἰσὶν
2568 1946 2987 2016 ὲκκρεμάμενα³
3054 1940 3226 2001 οὕτως
3276 1940 3379 1991 κάν
3423 1938 3501 2006 τῷ
3536 1934 3724 2004 ἀγαθῷ
3766 1934 3926 2003 μέρει
3958 1934 4055 1983 ἀλ-

805 2041 981 2129 λήλων
1040 2056 1176 2110 είσὶν
1233 2053 1642 2124 ὲκκρεμάμεναι
1689 2049 1745 2100 at
1786 2046 1980 2117 ἀρεταὶ
2012 2045 2105 2099 καὶ
2141 2041 2547 2113 άπηρτημέναι.

878 2138 944 2206 li.
975 2149 1152 2217 Caput
1190 2153 1371 2199 autem
1414 2143 1581 2196 totius
1622 2140 1752 2196 boni
1794 2139 2065 2201 instituti,
2100 2145 2155 2191 ct
2190 2145 2379 2189 vertex

810 2243 1168 2297 honestarum
1203 2236 1479 2291 actionum
1518 2244 1602 2288 est
1629 2232 1925 2303 perdurare
1958 2230 2012 2282 in
2042 2227 2376 2297 precatione,

811 2337 970 2405 cujus
1007 2347 1109 2401 ope
1144 2339 1371 2384 caeteras
1404 2340 1625 2395 quoque
1656 2326 1889 2377 virtutes
1924 2338 2021 2390 per
2055 2318 2380 2389 postulatio-

813 2441 941 2480 nem
970 2440 1000 2477 a
1027 2424 1136 2476 Deo
1163 2420 1411 2489 quotidie
1441 2416 1703 2485 consequi
1734 2429 2048 2484 possumus.
2076 2412 2211 2464 llinc
2238 2410 2382 2463 enim

814 2513 1070 2585 piovenit
1102 2511 1169 2564 iis
1198 2509 1292 2577 qui
1330 2508 1477 2577 digni
1515 2507 1809 2569 habentur,
1839 2501 2266 2557 communicatio
2299 2500 2385 2553 di-

814 2608 957 2660 vinas
1000 2600 1375 2657 sanctimoniae
1417 2608 1473 2653 et
1510 2597 1811 2666 spiritualis
1850 2594 2131 2655 eiiicaciaa,
2163 2602 2217 2645 et
2255 2606 2385 2645 con-

819 2696 985 2752 nexio
1027 2692 1335 2749 aﬂ‘ectionis
1378 2689 1547 2744 animi
1592 2704 1719 2757 erga
1757 2687 2078 2748 Dominum,
2109 2685 2256 2738 velut
2292 2698 2390 2751 per

819 2804 1073 2843 arcanam
1107 2785 1478 2839 dilectionem.
1523 2780 1626 2846 Qui
1660 2780 1807 2834 enim
1844 2794 1901 2831 se
1938 2780 2113 2847 ipsum
2148 2775 2391 2844 quotidie

822 2879 891 2932 ad
938 2874 1405 2948 perseverandum
1455 2873 1509 2925 in
1559 2872 1809 2924 oratione
1857 2868 2159 2936 compellit,
2198 2867 2289 2919 ille
2338 2867 2391 2918 in

825 2982 1068 3022 amorem
1100 2965 1347 3018 divinum
1381 2969 1431 3016 et
1464 2960 1797 3014 desiderium
1829 2958 2027 3011 ardens
2059 2972 2088 3009 a
2122 2954 2394 3024 spirituali

827 3058 1119 3111 dilectione
1152 3054 1473 3108 accenditur
1503 3066 1631 3119 erga
1663 3050 1833 3103 Deum
1866 3058 1922 3101 et
1948 3048 2180 3117 gratiam
2214 3045 2396 3116 perfe—

828 3148 1031 3203 ctionis
1060 3144 1457 3201 sanctilicantis
1486 3142 1721 3211 Spiritus
1748 3140 1976 3207 suscipit

2551 2130 2624 2185 ΒΖ
2668 2128 2974 2197 Κεφάλαιον
3002 2125 3056 2176 δὲ
3092 2123 3272 2187 πάσης
3304 2119 3540 2187 σπουδῆς
3567 2117 3798 2186 ἀγαθῆς,
3836 2118 3932 2169 καὶ⁵
3966 2134 4059 2168 κο·

2485 2224 2711 2293 ρυφαῖον
2742 2219 2849 2271 τῶν
2879 2214 3319 2286 κατορθωμάτων
3355 2213 3473 2264 ἐστὶ
3523 2211 3585 2262 τὸ
3622 2212 4064 2279 προσκαρτερεῖν

2481 2318 2546 2384 τῇ
2575 2315 2730 2382 εὐχῇ,
2762 2312 2854 2377 ἀφ’
2880 2306 2948 2380 ἦς
2979 2310 3074 2361 καὶ
3104 2307 3203 2367 τὰς
3229 2303 3421 2364 λοιπὰς
3445 2302 3644 2371 ἀρετάς
3674 2300 3757 2352 διά
3781 2301 3881 2366 τῆς
3911 2301 4064 2365 παρά

2484 2404 2616 2456 Θεοῦ
2678 2404 2946 2469 αἰτήσεως
3002 2397 3285 2465 ὁσημέραι
3326 2393 3705 2463 προσκτᾶσθαι
3759 2391 4063 2458 δυνάμεθα.

2499 2495 2777 2549 Ἐντεῦθεν
2812 2493 2920 2561 γάρ
2955 2492 3231 2557 ἐγγίνεται
3265 2492 3377 2550 τοίς
3408 2486 3856 2554 καταξιουμένοις
3888 2486 3921 2553 ἡ
3955 2501 4068 2533 κυι-

2487 2586 2651 2640 νωνία
2682 2586 2779 2652 τῆς
2808 2583 2900 2634 τοῦ
2930 2580 3064 2632 Θεοῦ
3100 2578 3406 2646 ἁγιότητος.
3444 2578 3536 2628 καὶ
3564 2579 3658 2643 τῆς
3688 2574 4068 2639 πνευματικῆς

2490 2677 2802 2747 ἐνεργείας,
2859 2676 2953 2726 καὶ
2999 2675 3031 2740 ἡ
3071 2673 3336 2736 συνάφεια
3370 2670 3465 2736 τῆς
3495 2670 3588 2719 τοῦ
3618 2666 3709 2719 νοῦ
3748 2665 4066 2723 διαθέσεως.

2491 2770 2724 2840 ὡςπρὸς
2749 2768 2836 2820 τὸν
2864 2769 3084 2837 Κύριον,
3114 2766 3171 2815 ἐν
3198 2763 3387 2829 ἀγάπῃ
3406 2762 3648 2830 ἀρρήτῳ.
3669 2760 3726 2809 Ὀ
3744 2759 3853 2824 γάρ
3876 2756 4070 2808 ἑαυτὸν

2493 2860 2759 2929 ὁσημέραι
2812 2859 2879 2926 τῇ
2933 2856 3206 2924 προσευχῇ
3254 2852 3681 2921 πρόσκαρτερεῖν
3720 2849 4070 2912 ἀναγκάζων,

2496 2955 2571 3015 είς
2604 2952 2780 3023 ἔρωτα
2806 2948 2945 3001 Θεῖον
2978 2948 3069 2998 καὶ
3097 2946 3259 2997 πόΟον
3286 2944 3529 3012 ἔμπυρον
3561 2942 3665 2992 ὑπὸ
3694 2943 3793 3007 τῆς
3826 2957 4073 3007 πνευμα-

2495 3042 2653 3107 τικῆς
2704 3040 2921 3106 ἀγάπης
2973 3036 3252 3087 ὲκκαίεται
3304 3033 3438 3100 πρὸς
3470 3030 3623 3090 Θεὸν,
3661 3031 3753 3080 καὶ
3784 3028 3884 3096 τὴν
3916 3027 4075 3094 χάριν

2498 3133 2595 3201 τῆς
2648 3130 2741 3183 τοῦ
2790 3129 3103 3197 Πνεῦματος
3129 3122 3457 3192 ἁγιαστικῆς
3504 3120 3840 3185 τελειότητος
3880 3114 4075 3167 ὑποδέ-

2501 3240 2673 3293 χεται.

900 3325 990 3379 ιιι.
1024 3321 1393 3392 Interrogatio.
1423 3318 1685 3383 Quoniam
1725 3317 1937 3386 quidam
1964 3314 2190 3368 vendunt
2223 3312 2391 3381 facul-
2419 3295 2461 3354 C

2419 3295 2461 3354 C
2565 3315 2640 3367 Γ.
2704 3312 3041 3380 Ἐρώτησις.
3108 3304 3346 3369 Ἐπειδὴ
3383 3320 3539 3367 τινες
3568 3300 3838 3353 πωλοῦσι
3864 3297 3985 3366 μὲν
4010 3296 4078 3349 τὰ

835 3423 967 3470 tates
1004 3430 1149 3474 suas,
1176 3427 1348 3463 servos
1390 3410 1625 3461 libertate
1664 3407 1881 3467 donant,
1914 3414 1961 3457 et
1991 3405 2207 3472 implent
2238 3420 2393 3456 man-

835 3506 983 3567 data,
1012 3520 1115 3556 non
1148 3510 1323 3553 tamen
1351 3500 1558 3551 student
1585 3497 1825 3565 consequi
1851 3497 1904 3548 in
1935 3496 2025 3547 hoc
2054 3494 2246 3546 mundo
2276 3492 2395 3561 Spi—

838 3597 1025 3657 ritum,
1059 3610 1181 3646 num
1228 3593 1317 3662 qui
1360 3593 1432 3643 sic
1470 3591 1675 3652 vivunt,
1713 3604 1816 3640 non
1856 3587 2043 3639 abeunt
2088 3587 2142 3637 in
2184 3599 2399 3653 regnum

838 3680 1080 3734 (telorum
1100 3681 1123 3732 ?

914 3771 1210 3839 Responsio.
1244 3767 1550 3837 Disputatio
1599 3766 1714 3821 haec
1765 3766 1983 3821 subtilis
2031 3776 2133 3821 est.
2170 3765 2400 3831 Quidam

843 3863 990 3916 enim
1038 3863 1191 3914 aiunt
1240 3862 1313 3929 (2)
1365 3860 1589 3913 unicum
1642 3874 1763 3913 esse
1809 3874 2062 3928 regnum.
2095 3868 2149 3911 et
2192 3858 2404 3912 unicam

844 3954 1169 4023 gehennam.
1196 3952 1305 4005 Nos
1333 3960 1515 4005 autem
1550 3951 1871 4013 asserimus,
1906 3950 2107 4002 multos
2138 3964 2256 4002 esse
2288 3963 2409 4016 gra-

844 4048 977 4107 dus,
1013 4044 1353 4098 ditierentias
1398 4049 1563 4109 atque
1615 4056 1931 4102 mensuras,
1969 4054 2077 4091 non
2128 4040 2303 4090 solum
2355 4039 2407 4090 in

846 4140 963 4207 ipso
996 4153 1196 4207 regno,
1229 4152 1419 4190 verum
1460 4136 1623 4188 etiam
1658 4135 1709 4188 in
1747 4135 2013 4203 gehenna.
2045 4133 2411 4197 Quemadmo-

845 4234 975 4285 dum
1005 4246 1134 4299 ergo
1160 4238 1246 4283 est
1276 4244 1382 4281 una
1409 4228 1587 4280 anima
1616 4228 1668 4279 in
1697 4227 1951 4279 omnibus
1976 4226 2232 4277 membris
2273 4225 2415 4277 nihi-

848 4321 1087 4374 lominus
1114 4334 1176 4372 ea
1210 4333 1427 4371 sursum
1459 4316 1513 4369 in
1544 4316 1774 4369 cerebro
1796 4317 1904 4367 vim
1927 4329 2079 4367 suam
2110 4314 2331 4377 exserit,
2360 4319 2416 4365 et

850 4412 1104 4464 deorsum
1148 4409 1314 4477 pedes
1363 4416 1675 4461 commovet
1723 4425 1735 4459 :
1783 4407 1862 4460 sic
1903 4422 2119 4474 quoque
2159 4406 2416 4458 divinitas

854 4517 1045 4555 omnes
1079 4509 1383 4561 creaturas,
1420 4506 1531 4551 tum
1569 4498 1841 4561 emlostes,
1876 4514 1994 4566 qure
2030 4498 2222 4551 subtus
2256 4498 2416 4566 abys-

857 4609 975 4647 sum
1004 4602 1151 4653 sunt,
1170 4593 1436 4653 continet,
1457 4599 1513 4644 et
1536 4590 1739 4657 ubique
1766 4592 1921 4658 plene
1947 4598 2027 4642 est
2052 4590 2100 4641 in
2129 4588 2412 4649 creaturis,

2500 3406 2868 3472 ὑπάρχοντα,
2903 3402 2999 3453 καί
3032 3399 3290 3462 δούλους
3321 3393 3725 3460 ἐλευθεροῦσι,
3751 3392 3848 3441 καὶ
3876 3388 4078 3442 ποιοῦ-

2504 3514 2607 3551 σιν
2642 3495 2891 3556 ἐντολὰς
2914 3532 2929 3555 ,
2970 3492 3041 3543 οὐ
3075 3489 3314 3555 ζητοῦσι
3350 3484 3416 3537 δὲ
3442 3484 3649 3537 λαΰεῖν
3674 3483 3742 3533 ἐν
3773 3480 3853 3543 τῷ
3875 3484 4080 3548 κόσμῳ

2503 3590 2690 3652 τούτῳ
2723 3586 2789 3637 τὸ
2825 3584 3094 3650 Πνεῦμα,
3142 3581 3256 3647 ἄρα
3293 3577 3500 3641 ζῶντες
3530 3576 3715 3638 οὕτως
3755 3575 3867 3624 οὐκ
3905 3572 4083 3638 ἀπέρο

2508 3698 2711 3750 χον-ται
2746 3682 2833 3741 εἰς
2861 3676 2974 3742 τὴν
2994 3674 3323 3739 ,ϐασιλείαν
3355 3670 3472 3723 τῶν
3494 3666 3795 3734 adpare-ir;

2590 3772 2942 3836 Ἀπόκρισις.
3014 3768 3070 3818 '0
3098 3766 3251 3831 λόγος
3303 3757 3453 3823 οὗτος
3500 3759 3695 3820 λεπτός
3735 3760 3869 3809 ἔστι.
3912 3756 4085 3815 ’Τινὲς

2508 3864 2615 3933 γάρ
2646 3864 2861 3929 λέγουσι
2901 3860 3029 3928 μίαν
3062 3856 3338 3927 βασιλειαν
3360 3894 3372 3911 ,
3414 3852 3507 3904 καὶ
3534 3852 3755 3917 γέενναν
3778 3866 3792 3879 ’
3836 3849 4005 3917 ἡμεῖς
4034 3847 4084 3895 δὲ

2510 3954 2737 4022 λέγομεν
2768 3950 3008 4020 βαθμοὺς
3040 3947 3267 4006 πολλοὺς
3297 3945 3389 3995 καὶ
3414 3942 3673 4009 διαφοράς
3693 3981 3707 4003 ,
3752 3939 3847 3991 καὶ
3878 3939 4084 4007 μέτρα·

2513 4047 2606 4096 καὶ
2632 4048 2688 4096 tv
2713 4043 2848 4111 αὑτῇ
2879 4043 2943 4109 τῇ
2979 4039 3245 4109 βασιλείᾳ,
3281 4037 3373 4086 καὶ
3404 4036 3460 4085 ὲν
3488 4035 3622 4101 αὐτῇ
3652 4036 3716 4100 τῇ
3745 4030 4088 4098 γεέννῃ.’Ὢε-

2514 4154 2617 4204 περ
2649 4135 2704 4186 δέ
2734 4136 2848 4185 ἔστι
2876 4131 3021 4199 ψυχὴ
3050 4132 3105 4181 ὲν
3130 4129 3272 4189 ὅλοις
3302 4129 3411 4188 τοῖς
3444 4125 3651 4193 μέλεσι,
3680 4124 3773 4173 καὶ
3797 4122 3911 4173 ἄνω
3934 4122 3994 4172 ὲν
4015 4120 4089 4185 τῷ

2516 4225 2800 4293 ἐγκεφάλῳ
2831 4224 3045 4289 ὲνεργεῖ
3066 4262 3079 4284 ,
3116 4222 3208 4272 καὶ
3238 4219 3390 4270 κάτω
3416 4217 3543 4277 τοὺς
3572 4216 3735 4274 πόδας
3763 4214 3901 4279 αὑτὴ
3931 4216 4088 4264 κινεῖ·

2516 4319 2685 4379 οὕτως
2730 4318 2823 4368 καὶ
2853 4317 2886 4383 ἡ
2917 4314 3107 4380 Οεότης
3155 4310 3330 4362 πάντα
3364 4308 3429 4360 τὰ
3460 4309 3729 4373 κτίσματα
3757 4304 3825 4355 τά
3850 4305 4089 4369 ἐπουρά-

2518 4429 2625 4473 νια,
2663 4409 2755 4461 καὶ
2783 4406 2851 4458 τὰ
2880 4406 3134 4458 ὑποκάτω
3163 4405 3262 4471 τῆς
3291 4400 3528 4453 ἀϐύσσου
3563 4397 3824 4466 περιέχει,
3846 4396 3945 4449 καὶ
3971 4413 4093 4446 παν-

2517 4500 2678 4569 ταχοῦ
2710 4498 3065 4567 πεπλήρωται
3098 4496 3154 4545 ὲν
3184 4495 3249 4562 τῇ
3277 4493 3473 4551 κτίσει,
3509 4492 3557 4541 εί
3587 4488 3679 4540 καὶ
3709 4488 3953 4555 ἐξωτέρα
3987 4488 4092 4537 τῦν

2520 4591 2832 4659 κτισμάτων
2866 4588 2999 4650 ἐστὶ,
3040 4585 3126 4638 διά
3153 4585 3213 4638 τὸ
3240 4583 3548 4652 ἀμέτρητον
3574 4580 3669 4631 καὶ
3697 4578 4089 4645 ἀπερὲληπτον.

855 4683 1107 4751 quamvis
1138 4684 1310 4736 aliena
1340 4699 1368 4734 a
1401 4681 1671 4735 creaturis
1703 4682 1793 4745 sit,
1825 4697 1889 4734 eo
1924 4681 2068 4748 quod
2105 4680 2173 4733 sit
2202 4682 2413 4732 dimen-
2451 4664 2492 4717 D
2524 4684 2547 4735 Ῐ

2401 4709 2413 4718 -
2451 4664 2492 4717 D
2524 4683 2783 4752 Προσέχει
2828 4675 2920 4731 οῦν
2970 4676 3104 4744 αὑτὴ
3152 4677 3185 4744 ἡ
3231 4674 3424 4741 θεότης
3474 4674 3583 4731 τοῖς
3626 4669 3964 4738 ἀνθρώποις,
4006 4670 4092 4719 γά).

856 4774 1026 4827 sionis
1076 4781 1131 4826 et
1178 4772 1688 4840 comprehensionis
1733 4786 1947 4839 expers.
1998 4770 2245 4824 Attendit
2289 4784 2419 4839 ergo

858 4866 973 4931 ipsa
1012 4862 1271 4917 divinitas
1313 4863 1656 4925 hominibus,
1690 4871 1743 4915 et
1778 4862 2041 4930 gubernat
2074 4862 2253 4914 omnia
2297 4877 2418 4914 cum

860 4957 1091 5009 ratione.
1118 4955 1184 5007 Et
1206 4954 1460 5022 quoniam
1491 4954 1735 5005 nonnulli
1770 4962 2082 5020 precantur,
2111 4954 2423 5020 ignorantes

862 5046 992 5116 quid
1032 5056 1308 5114 qumrant;
1355 5046 1577 5113 quidam
1617 5061 1747 5098 vero
1783 5045 2061 5114 jejunant;
2105 5045 2193 5096 alii
2238 5046 2421 5098 consi-

866 5145 1017 5191 stunt
1066 5139 1119 5190 in
1171 5136 1515 5199 ministerio,
1555 5136 1853 5203 unicuique
1904 5150 2005 5203 pro
2052 5135 2215 5189 modo
2262 5134 2421 5198 fidei,

864 5227 1027 5289 Deus,
1054 5227 1145 5294 qui
1175 5226 1357 5295 justus
1386 5225 1554 5295 judex
1587 5234 1690 5289 est,
1726 5223 1904 5277 reddit
1939 5222 2267 5275 mercedem.
2298 5222 2428 5287 Quae

865 5317 1009 5369 enim
1035 5317 1260 5380 faciunt,
1281 5324 1425 5369 metu
1452 5316 1545 5368 Dei
1571 5322 1838 5385 peragunt
1863 5333 1874 5367 :
1900 5329 2090 5367 verum
2112 5329 2219 5367 non
2243 5329 2433 5367 omnes

869 5406 958 5461 isti
990 5406 1109 5468 lilii,
1136 5415 1225 5459 aut
1256 5422 1433 5476 reges,
1464 5416 1556 5459 aut
1588 5406 1834 5459 hmredcs
1865 5414 2012 5458 sunt.

939 5495 1026 5549 iV.
1058 5495 1326 5550 Cteterum
1371 5497 1423 5550 in
1466 5495 1668 5549 nmndo
1708 5496 1799 5547 alii
1842 5505 1968 5548 sunt
2005 5495 2314 5559 homicidae,
2341 5494 2432 5548 alii

870 5593 1061 5655 stupro
1094 5586 1297 5653 dediti,
1330 5588 1421 5641 alii
1458 5596 1703 5655 raptores
1740 5603 1751 5637 :
1794 5601 2012 5639 rursum
2048 5575 2297 5641 nonnulli
2336 5600 2432 5640 sua

945 5765 1017 5835 (2)
1047 5764 1278 5821 Unicum
1301 5762 1487 5835 accipe
1511 5778 1609 5833 pro
1644 5763 1898 5817 uniformi
1924 5771 1976 5817 ct
2003 5764 2136 5832 pari.

2524 4772 2793 4839 οίκονομεῖ
2819 4771 2993 4821 πάντα
3020 4766 3157 4819 κατά
3182 4765 3356 4832 λόγον·
3389 4766 3483 4815 καὶ
3510 4761 3696 4829 ἐπειδὴ
3720 4759 3866 4820 τινὲς
3898 4760 3997 4826 μὲν
4015 4759 4093 4809 εῦο

2526 4882 2706 4936 χονται
2745 4863 2818 4931 μὴ
2850 4860 3045 4919 εἰδότες
3080 4859 3131 4909 τί
3165 4856 3384 4925 ζητοῦσι
3411 4872 3424 4883 ·
3467 4856 3608 4914 τινὲς
3637 4854 3691 4904 δὲ
3722 4853 4089 4919 νηστεύουσιν,

2527 4957 2673 5011 ἄλλοι
2724 4960 3015 5019 στήκουσιν
3051 4952 3129 5009 είς
3161 4950 3455 5012 διακονίαν,
3496 4948 3706 5014 ἑκάστῳ
3739 4945 3882 4995 κατὰ
3913 4945 3975 4995 τὸ
4005 4946 4092 5010 μέ-

2527 5066 2655 5119 τρον
2684 5049 2778 5115 τῆς
2810 5048 3067 5109 πίστεως,
3100 5048 3126 5098 ὁ
3155 5044 3284 5105 Θεὸς
3312 5038 3683 5107 δικαιοκρίτης
3704 5035 3779 5086 ὢν
3807 5034 4093 5087 ἀποδίδωῑι

2530 5141 2618 5192 τὸν
2646 5139 2851 5205 μισθόν.
2879 5138 2945 5189 "A
2976 5137 3084 5205 γάρ
3116 5132 3348 5195 ποιοῦσι,
3374 5129 3462 5182 διὰ
3488 5128 3649 5196 eam
3670 5124 3806 5177 Θεοῦ
3835 5124 4089 5176 ποιοῦσιν·

2529 5226 2641 5278 ἀλλ’
2675 5226 2771 5276 οὐκ
2804 5226 2940 5276 εἰσιν
2972 5220 3115 5276 οὗτοι
3147 5222 3343 5283 πάντες
3376 5220 3480 5270 υἱοὶ
3502 5256 3516 5281 ,
3555 5214 3676 5269 οὔτε
3710 5214 3949 5282 βασιλεῖς
3983 5212 4091 5265 οὕτε

2531 5318 2631 5387 κλη
2642 5318 2761 5386 ρονό
2768 5335 2877 5384 μοι.

2601 5493 2673 5545 Δ⁹.
2710 5494 2827 5544 Εἰσὶ
2856 5491 2909 5543 δὲ
2940 5491 2996 5541 ἐν
3026 5489 3103 5558 τῷ
3130 5488 3316 5557 κόσμῳ
3349 5488 3397 5538 οί
3432 5486 3527 5555 μὲν
3554 5486 3762 5552 φονεῖς,
3797 5483 3947 5537 ἄλλοι
3978 5483 4094 5550 πόρ-

2532 5601 2631 5650 νοι,
2670 5584 2762 5636 καὶ
2795 5583 2942 5636 ἄλλοι
2978 5580 3256 5649 ἅρπαγες·
3294 5578 3341 5629 οἱ
3371 5576 3428 5629 δὲ
3456 5574 3615 5627 πάλιν
3643 5574 3713 5627 τά
3739 5573 3845 5625 ίδια
3874 5572 4095 5640 πτωχοῖς
