  <div class='ocr_page' id='page_1' title='image "/cluster/home/n/w/nwhite01/storage/ocr_20150623/34/nnc1.0046978860/392.png"; bbox 0 0 4254 6358; ppageno 0'>
   <div class='ocr_carea' id='block_1_1' title="bbox 145 378 257 442">
    <p class='ocr_par' dir='ltr' id='par_1_1' title="bbox 145 378 257 442">
     <span class='ocr_line' id='line_1_1' title="bbox 145 378 257 442; baseline 0.027 -4"><span class='ocrx_word' id='word_1_1' title='bbox 145 378 257 442; x_wconf 67' lang='grc'><strong>765</strong></span> 
     </span>
    </p>
   </div>
   <div class='ocr_carea' id='block_1_2' title="bbox 1377 372 1786 435">
    <p class='ocr_par' dir='ltr' id='par_1_2' title="bbox 1377 372 1786 435">
     <span class='ocr_line' id='line_1_2' title="bbox 1377 372 1786 435; baseline -0.002 -2"><span class='ocrx_word' id='word_1_2' title='bbox 1377 372 1739 435; x_wconf 71' lang='grc' dir='ltr'><strong>ΠΟΜῙΙᾸΙΕ,</strong></span> <span class='ocrx_word' id='word_1_3' title='bbox 1778 402 1786 407; x_wconf 91' lang='grc'><strong>·</strong></span> 
     </span>
    </p>
   </div>
   <div class='ocr_carea' id='block_1_3' title="bbox 1872 375 3398 447">
    <p class='ocr_par' dir='ltr' id='par_1_3' title="bbox 1872 375 3398 447">
     <span class='ocr_line' id='line_1_3' title="bbox 1872 375 3398 447; baseline 0.009 -14"><span class='ocrx_word' id='word_1_4' title='bbox 1872 375 2052 438; x_wconf 62' lang='grc' dir='ltr'>Πολι.</span> <span class='ocrx_word' id='word_1_5' title='bbox 2101 379 2209 436; x_wconf 68' lang='lat' dir='ltr'><strong>XL.</strong></span> <span class='ocrx_word' id='word_1_6' title='bbox 3295 384 3398 447; x_wconf 79' lang='lat'><strong>766</strong></span> 
     </span>
    </p>
   </div>
   <div class='ocr_carea' id='block_1_4' title="bbox 142 482 1822 563">
    <p class='ocr_par' dir='ltr' id='par_1_4' title="bbox 142 482 1798 556">
     <span class='ocr_line' id='line_1_4' title="bbox 142 482 1798 556; baseline -0.002 -14"><span class='ocrx_word' id='word_1_7' title='bbox 142 488 488 553; x_wconf 68' lang='grc' dir='ltr'><strong>διαδιδόντες,</strong></span> <span class='ocrx_word' id='word_1_8' title='bbox 522 488 777 556; x_wconf 78' lang='grc' dir='ltr'>προσέχει</span> <span class='ocrx_word' id='word_1_9' title='bbox 796 490 888 539; x_wconf 67' lang='grc' dir='ltr'><strong>καὶ</strong></span> <span class='ocrx_word' id='word_1_10' title='bbox 908 484 1119 549; x_wconf 75' lang='grc' dir='ltr'><strong>τούτοις</strong></span> <span class='ocrx_word' id='word_1_11' title='bbox 1149 482 1426 549; x_wconf 69' lang='grc' dir='ltr'>κᾶκείνοις</span> <span class='ocrx_word' id='word_1_12' title='bbox 1448 487 1476 538; x_wconf 85' lang='grc' dir='ltr'>ὁ</span> <span class='ocrx_word' id='word_1_13' title='bbox 1503 486 1723 554; x_wconf 79' lang='grc' dir='ltr'>Κύριος,</span> <span class='ocrx_word' id='word_1_14' title='bbox 1757 492 1798 545; x_wconf 76' lang='grc' dir='ltr'>Α</span> 
     </span>
    </p>
   </div>
   <div class='ocr_carea' id='block_1_5' title="bbox 1719 482 3399 563">
    <p class='ocr_par' dir='ltr' id='par_1_5' title="bbox 1719 491 3399 563">
     <span class='ocr_line' id='line_1_5' title="bbox 1719 491 3399 563; baseline 0.006 -18"><span class='ocrx_word' id='word_1_15' title='bbox 1719 530 1723 549; x_wconf 85' lang='grc'><strong>,</strong></span> <span class='ocrx_word' id='word_1_16' title='bbox 1757 492 1798 545; x_wconf 78' lang='grc' dir='ltr'>Α</span> <span class='ocrx_word' id='word_1_17' title='bbox 1834 491 2166 557; x_wconf 75' lang='lat' dir='ltr'><strong>pauperibus</strong></span> <span class='ocrx_word' id='word_1_18' title='bbox 2202 491 2541 557; x_wconf 75' lang='lat' dir='ltr'><strong>largiuntur;</strong></span> <span class='ocrx_word' id='word_1_19' title='bbox 2576 493 2812 547; x_wconf 88' lang='lat' dir='ltr'><strong>attendit</strong></span> <span class='ocrx_word' id='word_1_20' title='bbox 2841 509 3059 563; x_wconf 79' lang='lat' dir='ltr'><strong>quoque</strong></span> <span class='ocrx_word' id='word_1_21' title='bbox 3092 498 3175 550; x_wconf 87' lang='lat' dir='ltr'><strong>his</strong></span> <span class='ocrx_word' id='word_1_22' title='bbox 3204 508 3261 551; x_wconf 92' lang='lat' dir='ltr'><strong>et</strong></span> <span class='ocrx_word' id='word_1_23' title='bbox 3290 499 3399 556; x_wconf 85' lang='lat' dir='ltr'><strong>illis</strong></span> 
     </span>
    </p>
   </div>
   <div class='ocr_carea' id='block_1_6' title="bbox 144 576 1731 647">
    <p class='ocr_par' dir='ltr' id='par_1_6' title="bbox 144 576 1731 647">
     <span class='ocr_line' id='line_1_6' title="bbox 144 576 1731 647; baseline -0.003 -14"><span class='ocrx_word' id='word_1_24' title='bbox 144 582 245 633; x_wconf 81' lang='grc' dir='ltr'>καὶ</span> <span class='ocrx_word' id='word_1_25' title='bbox 276 583 389 641; x_wconf 78' lang='grc' dir='ltr'>τοῖς</span> <span class='ocrx_word' id='word_1_26' title='bbox 422 579 522 647; x_wconf 84' lang='grc' dir='ltr'>μὲν</span> <span class='ocrx_word' id='word_1_27' title='bbox 551 578 969 644; x_wconf 85' lang='grc' dir='ltr'>ἀγαθοποιοῦσιν</span> <span class='ocrx_word' id='word_1_28' title='bbox 995 578 1304 630; x_wconf 62' lang='grc' dir='ltr'>ἀηὰπαυσιν</span> <span class='ocrx_word' id='word_1_29' title='bbox 1328 576 1423 629; x_wconf 77' lang='grc' dir='ltr'>καὶ</span> <span class='ocrx_word' id='word_1_30' title='bbox 1447 576 1636 645; x_wconf 85' lang='grc' dir='ltr'>μισθὸν</span> <span class='ocrx_word' id='word_1_31' title='bbox 1659 576 1731 629; x_wconf 79' lang='grc' dir='ltr'><strong>δί-</strong></span> 
     </span>
    </p>
   </div>
   <div class='ocr_carea' id='block_1_7' title="bbox 145 665 1726 736">
    <p class='ocr_par' dir='ltr' id='par_1_7' title="bbox 145 665 1726 736">
     <span class='ocr_line' id='line_1_7' title="bbox 145 665 1726 736; baseline -0.003 -15"><span class='ocrx_word' id='word_1_32' title='bbox 145 670 333 722; x_wconf 79' lang='grc' dir='ltr'>δωσιν.</span> <span class='ocrx_word' id='word_1_33' title='bbox 365 668 483 720; x_wconf 69' lang='grc' dir='ltr'>Εἰσὶ</span> <span class='ocrx_word' id='word_1_34' title='bbox 508 667 617 736; x_wconf 83' lang='grc' dir='ltr'><strong>γὰρ</strong></span> <span class='ocrx_word' id='word_1_35' title='bbox 647 669 817 735; x_wconf 79' lang='grc' dir='ltr'>μέτρα</span> <span class='ocrx_word' id='word_1_36' title='bbox 841 666 1196 735; x_wconf 76' lang='grc' dir='ltr'><strong>ὑπερέχοντα,</strong></span> <span class='ocrx_word' id='word_1_37' title='bbox 1217 667 1311 717; x_wconf 78' lang='grc' dir='ltr'>καὶ</span> <span class='ocrx_word' id='word_1_38' title='bbox 1337 665 1510 734; x_wconf 84' lang='grc' dir='ltr'><strong>μέτρα</strong></span> <span class='ocrx_word' id='word_1_39' title='bbox 1532 665 1726 735; x_wconf 85' lang='grc' dir='ltr'>μικρά·</span> 
     </span>
    </p>
   </div>
   <div class='ocr_carea' id='block_1_8' title="bbox 148 756 1729 829">
    <p class='ocr_par' dir='ltr' id='par_1_8' title="bbox 148 756 1729 829">
     <span class='ocr_line' id='line_1_8' title="bbox 148 756 1729 829; baseline -0.003 -17"><span class='ocrx_word' id='word_1_40' title='bbox 148 763 245 812; x_wconf 72' lang='grc' dir='ltr'>καὶ</span> <span class='ocrx_word' id='word_1_41' title='bbox 281 764 337 813; x_wconf 80' lang='grc' dir='ltr'><strong>έν</strong></span> <span class='ocrx_word' id='word_1_42' title='bbox 368 760 521 829; x_wconf 74' lang='grc' dir='ltr'>αὑτῷ</span> <span class='ocrx_word' id='word_1_43' title='bbox 553 759 630 826; x_wconf 73' lang='grc' dir='ltr'><strong>τῷ</strong></span> <span class='ocrx_word' id='word_1_44' title='bbox 656 763 791 825; x_wconf 67' lang='grc' dir='ltr'>φωτὶ</span> <span class='ocrx_word' id='word_1_45' title='bbox 827 758 919 809; x_wconf 73' lang='grc' dir='ltr'><strong>καὶ</strong></span> <span class='ocrx_word' id='word_1_46' title='bbox 951 759 1015 825; x_wconf 81' lang='grc' dir='ltr'>τῇ</span> <span class='ocrx_word' id='word_1_47' title='bbox 1045 756 1169 825; x_wconf 80' lang='grc' dir='ltr'><strong>δόξῃ</strong></span> <span class='ocrx_word' id='word_1_48' title='bbox 1201 756 1436 825; x_wconf 82' lang='grc' dir='ltr'>διαφορά</span> <span class='ocrx_word' id='word_1_49' title='bbox 1466 757 1601 807; x_wconf 78' lang='grc' dir='ltr'>ἐστι·</span> <span class='ocrx_word' id='word_1_50' title='bbox 1636 757 1729 808; x_wconf 72' lang='grc' dir='ltr'>καὶ</span> 
     </span>
    </p>
   </div>
   <div class='ocr_carea' id='block_1_9' title="bbox 148 846 1729 920">
    <p class='ocr_par' dir='ltr' id='par_1_9' title="bbox 148 846 1729 920">
     <span class='ocr_line' id='line_1_9' title="bbox 148 846 1729 920; baseline -0.001 -19"><span class='ocrx_word' id='word_1_51' title='bbox 148 854 208 901; x_wconf 81' lang='grc' dir='ltr'>ὲν</span> <span class='ocrx_word' id='word_1_52' title='bbox 241 852 377 920; x_wconf 80' lang='grc' dir='ltr'><strong>αὐτῇ</strong></span> <span class='ocrx_word' id='word_1_53' title='bbox 410 854 473 918; x_wconf 75' lang='grc' dir='ltr'><strong>τῇ</strong></span> <span class='ocrx_word' id='word_1_54' title='bbox 504 850 716 918; x_wconf 80' lang='grc' dir='ltr'><strong>γεέννῃ,</strong></span> <span class='ocrx_word' id='word_1_55' title='bbox 746 850 841 900; x_wconf 65' lang='grc' dir='ltr'><strong>καὶ⁵</strong></span> <span class='ocrx_word' id='word_1_56' title='bbox 869 850 936 917; x_wconf 75' lang='grc' dir='ltr'><strong>τῇ</strong></span> <span class='ocrx_word' id='word_1_57' title='bbox 966 846 1185 900; x_wconf 84' lang='grc' dir='ltr'>κολάσει</span> <span class='ocrx_word' id='word_1_58' title='bbox 1212 846 1489 914; x_wconf 86' lang='grc' dir='ltr'>φαίνονται</span> <span class='ocrx_word' id='word_1_59' title='bbox 1520 847 1567 899; x_wconf 81' lang='lat' dir='ltr'><strong>oi</strong></span> <span class='ocrx_word' id='word_1_60' title='bbox 1594 864 1729 917; x_wconf 83' lang='grc' dir='ltr'>φαρ-</span> 
     </span>
    </p>
   </div>
   <div class='ocr_carea' id='block_1_10' title="bbox 153 936 1729 1010">
    <p class='ocr_par' dir='ltr' id='par_1_10' title="bbox 153 936 1729 1010">
     <span class='ocr_line' id='line_1_10' title="bbox 153 936 1729 1010; baseline -0.003 -17"><span class='ocrx_word' id='word_1_61' title='bbox 153 944 343 1010; x_wconf 79' lang='grc' dir='ltr'>μακοὶ,</span> <span class='ocrx_word' id='word_1_62' title='bbox 380 942 476 993; x_wconf 78' lang='grc' dir='ltr'>καὶ</span> <span class='ocrx_word' id='word_1_63' title='bbox 506 943 554 992; x_wconf 85' lang='grc' dir='ltr'>οἰ</span> <span class='ocrx_word' id='word_1_64' title='bbox 580 940 793 1010; x_wconf 75' lang='grc' dir='ltr'>λῃσταὶ,</span> <span class='ocrx_word' id='word_1_65' title='bbox 824 940 918 991; x_wconf 71' lang='grc' dir='ltr'>καὶ</span> <span class='ocrx_word' id='word_1_66' title='bbox 948 938 1099 992; x_wconf 82' lang='grc' dir='ltr'>ἄλλοι</span> <span class='ocrx_word' id='word_1_67' title='bbox 1128 938 1177 989; x_wconf 80' lang='lat' dir='ltr'><strong>oi</strong></span> <span class='ocrx_word' id='word_1_68' title='bbox 1210 936 1381 1005; x_wconf 85' lang='grc' dir='ltr'>μικρά</span> <span class='ocrx_word' id='word_1_69' title='bbox 1404 937 1729 1006; x_wconf 80' lang='grc' dir='ltr'>πλημμελή-</span> 
     </span>
    </p>
   </div>
   <div class='ocr_carea' id='block_1_11' title="bbox 151 1027 1730 1098">
    <p class='ocr_par' dir='ltr' id='par_1_11' title="bbox 151 1027 1730 1098">
     <span class='ocr_line' id='line_1_11' title="bbox 151 1027 1730 1098; baseline -0.003 -15"><span class='ocrx_word' id='word_1_70' title='bbox 151 1047 372 1093; x_wconf 88' lang='grc' dir='ltr'>σαντες.</span> <span class='ocrx_word' id='word_1_71' title='bbox 426 1032 489 1084; x_wconf 81' lang='lat' dir='ltr'><strong>Oi</strong></span> <span class='ocrx_word' id='word_1_72' title='bbox 528 1030 585 1083; x_wconf 79' lang='grc' dir='ltr'><strong>δὲ</strong></span> <span class='ocrx_word' id='word_1_73' title='bbox 620 1030 891 1098; x_wconf 81' lang='grc' dir='ltr'>λέγοντες,</span> <span class='ocrx_word' id='word_1_74' title='bbox 922 1030 1036 1083; x_wconf 87' lang='grc' dir='ltr'>Μία</span> <span class='ocrx_word' id='word_1_75' title='bbox 1062 1029 1179 1083; x_wconf 71' lang='grc' dir='ltr'><strong>ἐστὶ</strong></span> <span class='ocrx_word' id='word_1_76' title='bbox 1207 1027 1475 1097; x_wconf 86' lang='grc' dir='ltr'>βασιλεία,</span> <span class='ocrx_word' id='word_1_77' title='bbox 1508 1029 1602 1081; x_wconf 72' lang='grc' dir='ltr'>καὶ</span> <span class='ocrx_word' id='word_1_78' title='bbox 1632 1029 1730 1097; x_wconf 84' lang='grc' dir='ltr'><strong>μία</strong></span> 
     </span>
    </p>
   </div>
   <div class='ocr_carea' id='block_1_12' title="bbox 151 1119 1729 1191">
    <p class='ocr_par' dir='ltr' id='par_1_12' title="bbox 151 1119 1729 1191">
     <span class='ocr_line' id='line_1_12' title="bbox 151 1119 1729 1191; baseline 0 -18"><span class='ocrx_word' id='word_1_79' title='bbox 151 1123 381 1189; x_wconf 79' lang='grc' dir='ltr'>γέεννα,</span> <span class='ocrx_word' id='word_1_80' title='bbox 418 1122 516 1176; x_wconf 75' lang='grc' dir='ltr'>καὶ</span> <span class='ocrx_word' id='word_1_81' title='bbox 555 1122 654 1174; x_wconf 79' lang='grc' dir='ltr'><strong>οὐκ</strong></span> <span class='ocrx_word' id='word_1_82' title='bbox 686 1123 791 1173; x_wconf 75' lang='grc' dir='ltr'>είσὶ</span> <span class='ocrx_word' id='word_1_83' title='bbox 824 1120 1047 1191; x_wconf 81' lang='grc' dir='ltr'><strong>βαθμοὶ,</strong></span> <span class='ocrx_word' id='word_1_84' title='bbox 1082 1120 1267 1182; x_wconf 83' lang='grc' dir='ltr'>κακῶς</span> <span class='ocrx_word' id='word_1_85' title='bbox 1298 1119 1532 1186; x_wconf 88' lang='grc' dir='ltr'>λέγουσι.</span> <span class='ocrx_word' id='word_1_86' title='bbox 1569 1120 1729 1173; x_wconf 79' lang='grc' dir='ltr'>Πόσοι</span> 
     </span>
    </p>
   </div>
   <div class='ocr_carea' id='block_1_13' title="bbox 151 1211 1730 1282">
    <p class='ocr_par' dir='ltr' id='par_1_13' title="bbox 151 1211 1730 1282">
     <span class='ocr_line' id='line_1_13' title="bbox 151 1211 1730 1282; baseline -0.002 -16"><span class='ocrx_word' id='word_1_87' title='bbox 151 1215 261 1282; x_wconf 76' lang='grc' dir='ltr'><strong>γάρ</strong></span> <span class='ocrx_word' id='word_1_88' title='bbox 308 1215 413 1265; x_wconf 78' lang='grc' dir='ltr'>εισι</span> <span class='ocrx_word' id='word_1_89' title='bbox 464 1214 718 1282; x_wconf 81' lang='grc' dir='ltr'>κοσμικοὶ</span> <span class='ocrx_word' id='word_1_90' title='bbox 764 1212 860 1265; x_wconf 87' lang='grc' dir='ltr'><strong>νῦν</strong></span> <span class='ocrx_word' id='word_1_91' title='bbox 908 1214 989 1274; x_wconf 82' lang='grc' dir='ltr'>εις</span> <span class='ocrx_word' id='word_1_92' title='bbox 1029 1212 1231 1280; x_wconf 79' lang='grc' dir='ltr'>θέατρα</span> <span class='ocrx_word' id='word_1_93' title='bbox 1280 1211 1598 1282; x_wconf 86' lang='grc' dir='ltr'>στήκοντες,</span> <span class='ocrx_word' id='word_1_94' title='bbox 1639 1211 1730 1264; x_wconf 76' lang='grc' dir='ltr'><strong>καὶ</strong></span> 
     </span>
    </p>
   </div>
   <div class='ocr_carea' id='block_1_14' title="bbox 154 1303 1730 1372">
    <p class='ocr_par' dir='ltr' id='par_1_14' title="bbox 154 1303 1730 1372">
     <span class='ocr_line' id='line_1_14' title="bbox 154 1303 1730 1372; baseline -0.002 -15"><span class='ocrx_word' id='word_1_95' title='bbox 154 1305 346 1366; x_wconf 63' lang='grc' dir='ltr'>λοιπὰς</span> <span class='ocrx_word' id='word_1_96' title='bbox 378 1304 603 1369; x_wconf 77' lang='grc' dir='ltr'><strong>ἀταξίας</strong></span> <span class='ocrx_word' id='word_1_97' title='bbox 629 1307 640 1356; x_wconf 93' lang='lat' dir='ltr'><strong>l</strong></span> <span class='ocrx_word' id='word_1_98' title='bbox 697 1306 792 1356; x_wconf 73' lang='grc' dir='ltr'><strong>καὶ</strong></span> <span class='ocrx_word' id='word_1_99' title='bbox 819 1305 977 1357; x_wconf 83' lang='grc' dir='ltr'>πόσοι</span> <span class='ocrx_word' id='word_1_100' title='bbox 1002 1304 1138 1355; x_wconf 67' lang='grc' dir='ltr'>εἰσιν</span> <span class='ocrx_word' id='word_1_101' title='bbox 1169 1303 1293 1371; x_wconf 82' lang='grc' dir='ltr'><strong>ἄρτι</strong></span> <span class='ocrx_word' id='word_1_102' title='bbox 1321 1303 1603 1372; x_wconf 79' lang='grc' dir='ltr'><strong>εὐχόμενοι</strong></span> <span class='ocrx_word' id='word_1_103' title='bbox 1636 1305 1730 1357; x_wconf 78' lang='grc' dir='ltr'>καὶ</span> 
     </span>
    </p>
   </div>
   <div class='ocr_carea' id='block_1_15' title="bbox 154 1394 1728 1464">
    <p class='ocr_par' dir='ltr' id='par_1_15' title="bbox 154 1394 1728 1464">
     <span class='ocr_line' id='line_1_15' title="bbox 154 1394 1728 1464; baseline 0 -17"><span class='ocrx_word' id='word_1_104' title='bbox 154 1396 482 1464; x_wconf 75' lang='grc' dir='ltr'>φοῦούμενοι</span> <span class='ocrx_word' id='word_1_105' title='bbox 530 1395 619 1447; x_wconf 80' lang='grc' dir='ltr'>τὸν</span> <span class='ocrx_word' id='word_1_106' title='bbox 660 1396 824 1447; x_wconf 78' lang='grc' dir='ltr'>Θεόνί</span> <span class='ocrx_word' id='word_1_107' title='bbox 878 1394 1085 1456; x_wconf 81' lang='grc' dir='ltr'><strong>τούτοις</strong></span> <span class='ocrx_word' id='word_1_108' title='bbox 1114 1394 1205 1447; x_wconf 82' lang='grc' dir='ltr'><strong>οῦν</strong></span> <span class='ocrx_word' id='word_1_109' title='bbox 1241 1395 1513 1457; x_wconf 81' lang='grc' dir='ltr'>κάκείνοις</span> <span class='ocrx_word' id='word_1_110' title='bbox 1543 1396 1570 1445; x_wconf 87' lang='grc' dir='ltr'>ὁ</span> <span class='ocrx_word' id='word_1_111' title='bbox 1600 1395 1728 1457; x_wconf 78' lang='grc' dir='ltr'>Θεὸς</span> 
     </span>
    </p>
   </div>
   <div class='ocr_carea' id='block_1_16' title="bbox 154 1486 1730 1556">
    <p class='ocr_par' dir='ltr' id='par_1_16' title="bbox 154 1486 1730 1556">
     <span class='ocr_line' id='line_1_16' title="bbox 154 1486 1730 1556; baseline 0.002 -19"><span class='ocrx_word' id='word_1_112' title='bbox 154 1491 410 1556; x_wconf 74' lang='grc' dir='ltr'>προσέχει</span> <span class='ocrx_word' id='word_1_113' title='bbox 436 1504 447 1515; x_wconf 88' lang='grc'><strong>·</strong></span> <span class='ocrx_word' id='word_1_114' title='bbox 506 1488 601 1540; x_wconf 77' lang='grc' dir='ltr'><strong>καὶ</strong></span> <span class='ocrx_word' id='word_1_115' title='bbox 631 1487 704 1548; x_wconf 80' lang='grc' dir='ltr'>ὡς</span> <span class='ocrx_word' id='word_1_116' title='bbox 735 1486 1129 1555; x_wconf 78' lang='grc' dir='ltr'>δικαιοκρίτης,</span> <span class='ocrx_word' id='word_1_117' title='bbox 1161 1490 1272 1549; x_wconf 76' lang='grc' dir='ltr'>τοῖς</span> <span class='ocrx_word' id='word_1_118' title='bbox 1301 1488 1397 1556; x_wconf 68' lang='grc' dir='ltr'><strong>μὲν</strong></span> <span class='ocrx_word' id='word_1_119' title='bbox 1425 1488 1730 1541; x_wconf 75' lang='grc' dir='ltr'>ἀνάπαυσιν</span> 
     </span>
    </p>
   </div>
   <div class='ocr_carea' id='block_1_17' title="bbox 153 1578 957 1646">
    <p class='ocr_par' dir='ltr' id='par_1_17' title="bbox 153 1578 957 1646">
     <span class='ocr_line' id='line_1_17' title="bbox 153 1578 957 1646; baseline 0.001 -16"><span class='ocrx_word' id='word_1_120' title='bbox 153 1578 453 1646; x_wconf 77' lang='grc' dir='ltr'>ἑτοιμάζει,</span> <span class='ocrx_word' id='word_1_121' title='bbox 488 1580 600 1640; x_wconf 74' lang='grc' dir='ltr'>τοῖς</span> <span class='ocrx_word' id='word_1_122' title='bbox 629 1578 685 1630; x_wconf 84' lang='grc' dir='ltr'><strong>δὲ</strong></span> <span class='ocrx_word' id='word_1_123' title='bbox 717 1578 957 1631; x_wconf 83' lang='grc' dir='ltr'><strong>κόλασιν.</strong></span> 
     </span>
    </p>
   </div>
   <div class='ocr_carea' id='block_1_18' title="bbox 221 1750 1729 1823">
    <p class='ocr_par' dir='ltr' id='par_1_18' title="bbox 221 1750 1729 1823">
     <span class='ocr_line' id='line_1_18' title="bbox 221 1750 1729 1823; baseline -0.002 -15"><span class='ocrx_word' id='word_1_124' title='bbox 221 1754 300 1810; x_wconf 84' lang='lat' dir='ltr'><strong>E&#39;.</strong></span> <span class='ocrx_word' id='word_1_125' title='bbox 346 1756 558 1823; x_wconf 82' lang='grc' dir='ltr'>Ὥσπερ</span> <span class='ocrx_word' id='word_1_126' title='bbox 588 1754 643 1805; x_wconf 78' lang='grc' dir='ltr'><strong>δὲ</strong></span> <span class='ocrx_word' id='word_1_127' title='bbox 676 1751 1028 1819; x_wconf 77' lang='grc' dir='ltr'>ζευγνύοντες</span> <span class='ocrx_word' id='word_1_128' title='bbox 1060 1750 1335 1820; x_wconf 83' lang='grc' dir='ltr'>ἄνθρωποι</span> <span class='ocrx_word' id='word_1_129' title='bbox 1367 1751 1594 1818; x_wconf 76' lang='grc' dir='ltr'>ἵππους,</span> <span class='ocrx_word' id='word_1_130' title='bbox 1637 1753 1729 1805; x_wconf 78' lang='grc' dir='ltr'><strong>καὶ</strong></span> 
     </span>
    </p>
   </div>
   <div class='ocr_carea' id='block_1_19' title="bbox 1835 583 3402 659">
    <p class='ocr_par' dir='ltr' id='par_1_19' title="bbox 1835 583 3402 659">
     <span class='ocr_line' id='line_1_19' title="bbox 1835 583 3402 659; baseline 0.01 -26"><span class='ocrx_word' id='word_1_131' title='bbox 1835 583 2127 645; x_wconf 82' lang='lat' dir='ltr'><strong>Dominus,</strong></span> <span class='ocrx_word' id='word_1_132' title='bbox 2166 594 2221 640; x_wconf 92' lang='lat' dir='ltr'><strong>et</strong></span> <span class='ocrx_word' id='word_1_133' title='bbox 2263 585 2484 651; x_wconf 89' lang='lat' dir='ltr'><strong>quidem</strong></span> <span class='ocrx_word' id='word_1_134' title='bbox 2529 586 2669 641; x_wconf 87' lang='lat' dir='ltr'><strong>bene</strong></span> <span class='ocrx_word' id='word_1_135' title='bbox 2708 588 3027 657; x_wconf 80' lang='lat' dir='ltr'><strong>agentibus,</strong></span> <span class='ocrx_word' id='word_1_136' title='bbox 3061 590 3301 659; x_wconf 77' lang='lat' dir='ltr'><strong>quietem</strong></span> <span class='ocrx_word' id='word_1_137' title='bbox 3346 603 3402 649; x_wconf 89' lang='lat' dir='ltr'><strong>et</strong></span> 
     </span>
    </p>
   </div>
   <div class='ocr_carea' id='block_1_20' title="bbox 1834 675 3402 751">
    <p class='ocr_par' dir='ltr' id='par_1_20' title="bbox 1834 675 3402 751">
     <span class='ocr_line' id='line_1_20' title="bbox 1834 675 3402 751; baseline 0.009 -27"><span class='ocrx_word' id='word_1_138' title='bbox 1834 676 2116 742; x_wconf 67' lang='lat' dir='ltr'><strong>prtemium</strong></span> <span class='ocrx_word' id='word_1_139' title='bbox 2153 676 2396 745; x_wconf 80' lang='lat' dir='ltr'><strong>largitur.</strong></span> <span class='ocrx_word' id='word_1_140' title='bbox 2430 675 2570 731; x_wconf 91' lang='lat' dir='ltr'><strong>Sunt</strong></span> <span class='ocrx_word' id='word_1_141' title='bbox 2599 678 2745 732; x_wconf 90' lang='lat' dir='ltr'><strong>cnim</strong></span> <span class='ocrx_word' id='word_1_142' title='bbox 2778 694 3045 734; x_wconf 69' lang='lat' dir='ltr'><strong>mensurae</strong></span> <span class='ocrx_word' id='word_1_143' title='bbox 3074 682 3301 751; x_wconf 64' lang='lat' dir='ltr'><strong>exiguae.</strong></span> <span class='ocrx_word' id='word_1_144' title='bbox 3332 684 3402 739; x_wconf 75' lang='lat' dir='ltr'><strong>Et</strong></span> 
     </span>
    </p>
   </div>
   <div class='ocr_carea' id='block_1_21' title="bbox 1833 766 3396 841">
    <p class='ocr_par' dir='ltr' id='par_1_21' title="bbox 1833 766 3396 841">
     <span class='ocr_line' id='line_1_21' title="bbox 1833 766 3396 841; baseline 0.006 -23"><span class='ocrx_word' id='word_1_145' title='bbox 1833 766 1885 819; x_wconf 93' lang='lat' dir='ltr'><strong>in</strong></span> <span class='ocrx_word' id='word_1_146' title='bbox 1920 768 2037 834; x_wconf 86' lang='lat' dir='ltr'><strong>ipso</strong></span> <span class='ocrx_word' id='word_1_147' title='bbox 2071 769 2279 822; x_wconf 85' lang='lat' dir='ltr'><strong>lumine</strong></span> <span class='ocrx_word' id='word_1_148' title='bbox 2313 784 2375 822; x_wconf 90' lang='lat' dir='ltr'><strong>ae</strong></span> <span class='ocrx_word' id='word_1_149' title='bbox 2407 770 2577 837; x_wconf 81' lang='lat' dir='ltr'><strong>gloria</strong></span> <span class='ocrx_word' id='word_1_150' title='bbox 2611 769 2978 838; x_wconf 74' lang='lat' dir='ltr'><strong>discrepantia</strong></span> <span class='ocrx_word' id='word_1_151' title='bbox 3009 773 3255 841; x_wconf 64' lang='lat' dir='ltr'><strong>quaedam</strong></span> <span class='ocrx_word' id='word_1_152' title='bbox 3291 784 3396 828; x_wconf 93' lang='lat' dir='ltr'><strong>est.</strong></span> 
     </span>
    </p>
   </div>
   <div class='ocr_carea' id='block_1_22' title="bbox 1830 855 3401 927">
    <p class='ocr_par' dir='ltr' id='par_1_22' title="bbox 1830 855 3401 927">
     <span class='ocr_line' id='line_1_22' title="bbox 1830 855 3401 927; baseline 0.004 -19"><span class='ocrx_word' id='word_1_153' title='bbox 1830 855 1889 908; x_wconf 85' lang='lat' dir='ltr'><strong>in</strong></span> <span class='ocrx_word' id='word_1_154' title='bbox 1940 856 2055 915; x_wconf 83' lang='lat' dir='ltr'><strong>ipsa</strong></span> <span class='ocrx_word' id='word_1_155' title='bbox 2108 872 2275 925; x_wconf 87' lang='lat' dir='ltr'><strong>porro</strong></span> <span class='ocrx_word' id='word_1_156' title='bbox 2322 860 2570 925; x_wconf 83' lang='lat' dir='ltr'><strong>gehenna</strong></span> <span class='ocrx_word' id='word_1_157' title='bbox 2617 867 2673 912; x_wconf 88' lang='lat' dir='ltr'><strong>et</strong></span> <span class='ocrx_word' id='word_1_158' title='bbox 2719 860 2993 927; x_wconf 88' lang='lat' dir='ltr'><strong>supplicio</strong></span> <span class='ocrx_word' id='word_1_159' title='bbox 3040 861 3401 915; x_wconf 89' lang='lat' dir='ltr'><strong>inveniuntur</strong></span> 
     </span>
    </p>
   </div>
   <div class='ocr_carea' id='block_1_23' title="bbox 1830 944 3399 1018">
    <p class='ocr_par' dir='ltr' id='par_1_23' title="bbox 1830 944 3399 1018">
     <span class='ocr_line' id='line_1_23' title="bbox 1830 944 3399 1018; baseline 0.005 -21"><span class='ocrx_word' id='word_1_160' title='bbox 1830 944 2080 1007; x_wconf 84' lang='lat' dir='ltr'><strong>venefici,</strong></span> <span class='ocrx_word' id='word_1_161' title='bbox 2112 947 2351 1001; x_wconf 83' lang='lat' dir='ltr'><strong>latrones</strong></span> <span class='ocrx_word' id='word_1_162' title='bbox 2381 958 2434 1001; x_wconf 88' lang='lat' dir='ltr'><strong>et</strong></span> <span class='ocrx_word' id='word_1_163' title='bbox 2466 947 2581 1009; x_wconf 87' lang='lat' dir='ltr'><strong>alii,</strong></span> <span class='ocrx_word' id='word_1_164' title='bbox 2614 949 2706 1015; x_wconf 91' lang='lat' dir='ltr'><strong>qui</strong></span> <span class='ocrx_word' id='word_1_165' title='bbox 2743 948 2880 1001; x_wconf 89' lang='lat' dir='ltr'><strong>levia</strong></span> <span class='ocrx_word' id='word_1_166' title='bbox 2912 961 3132 1018; x_wconf 77' lang='lat' dir='ltr'><strong>precata</strong></span> <span class='ocrx_word' id='word_1_167' title='bbox 3167 950 3399 1005; x_wconf 82' lang='lat' dir='ltr'><strong>commi-</strong></span> 
     </span>
    </p>
   </div>
   <div class='ocr_carea' id='block_1_24' title="bbox 1830 1038 3401 1109">
    <p class='ocr_par' dir='ltr' id='par_1_24' title="bbox 1830 1038 3401 1109">
     <span class='ocr_line' id='line_1_24' title="bbox 1830 1038 3401 1109; baseline 0.006 -19"><span class='ocrx_word' id='word_1_168' title='bbox 1830 1046 2040 1091; x_wconf 84' lang='lat' dir='ltr'><strong>serunt.</strong></span> <span class='ocrx_word' id='word_1_169' title='bbox 2069 1038 2172 1104; x_wconf 81' lang='lat' dir='ltr'><strong>Qui</strong></span> <span class='ocrx_word' id='word_1_170' title='bbox 2203 1054 2335 1092; x_wconf 81' lang='lat' dir='ltr'><strong>vero</strong></span> <span class='ocrx_word' id='word_1_171' title='bbox 2362 1048 2633 1099; x_wconf 86' lang='lat' dir='ltr'><strong>asserunt.</strong></span> <span class='ocrx_word' id='word_1_172' title='bbox 2663 1040 2885 1095; x_wconf 89' lang='lat' dir='ltr'><strong>unicum</strong></span> <span class='ocrx_word' id='word_1_173' title='bbox 2915 1056 3036 1094; x_wconf 92' lang='lat' dir='ltr'><strong>esse</strong></span> <span class='ocrx_word' id='word_1_174' title='bbox 3071 1057 3318 1109; x_wconf 76' lang='lat' dir='ltr'><strong>regnum,</strong></span> <span class='ocrx_word' id='word_1_175' title='bbox 3344 1054 3401 1099; x_wconf 82' lang='lat' dir='ltr'><strong>et</strong></span> 
     </span>
    </p>
   </div>
   <div class='ocr_carea' id='block_1_25' title="bbox 1833 1129 3396 1203">
    <p class='ocr_par' dir='ltr' id='par_1_25' title="bbox 1833 1129 3396 1203">
     <span class='ocr_line' id='line_1_25' title="bbox 1833 1129 3396 1203; baseline 0.005 -22"><span class='ocrx_word' id='word_1_176' title='bbox 1833 1129 2051 1183; x_wconf 87' lang='lat' dir='ltr'><strong>unicam</strong></span> <span class='ocrx_word' id='word_1_177' title='bbox 2102 1131 2441 1199; x_wconf 85' lang='lat' dir='ltr'><strong>gehennam,</strong></span> <span class='ocrx_word' id='word_1_178' title='bbox 2502 1146 2603 1185; x_wconf 87' lang='lat' dir='ltr'><strong>nec</strong></span> <span class='ocrx_word' id='word_1_179' title='bbox 2652 1146 2772 1184; x_wconf 87' lang='lat' dir='ltr'><strong>esse</strong></span> <span class='ocrx_word' id='word_1_180' title='bbox 2819 1132 3053 1201; x_wconf 79' lang='lat' dir='ltr'><strong>gradus,</strong></span> <span class='ocrx_word' id='word_1_181' title='bbox 3111 1149 3396 1203; x_wconf 80' lang='lat' dir='ltr'><strong>perperam</strong></span> 
     </span>
    </p>
   </div>
   <div class='ocr_carea' id='block_1_26' title="bbox 1830 1214 3393 1287">
    <p class='ocr_par' dir='ltr' id='par_1_26' title="bbox 1830 1214 3393 1287">
     <span class='ocr_line' id='line_1_26' title="bbox 1830 1214 3393 1287; baseline 0.006 -21"><span class='ocrx_word' id='word_1_182' title='bbox 1830 1214 2150 1283; x_wconf 86' lang='lat' dir='ltr'><strong>loquuntur.</strong></span> <span class='ocrx_word' id='word_1_183' title='bbox 2185 1217 2340 1287; x_wconf 64' lang='grc'><strong>134</strong></span> <span class='ocrx_word' id='word_1_184' title='bbox 2379 1218 2522 1283; x_wconf 85' lang='lat' dir='ltr'><strong>Quot</strong></span> <span class='ocrx_word' id='word_1_185' title='bbox 2553 1220 2701 1272; x_wconf 89' lang='lat' dir='ltr'><strong>enim</strong></span> <span class='ocrx_word' id='word_1_186' title='bbox 2740 1229 2867 1272; x_wconf 90' lang='lat' dir='ltr'><strong>sunt</strong></span> <span class='ocrx_word' id='word_1_187' title='bbox 2901 1220 3065 1273; x_wconf 86' lang='lat' dir='ltr'><strong>modo</strong></span> <span class='ocrx_word' id='word_1_188' title='bbox 3108 1224 3393 1286; x_wconf 84' lang='lat' dir='ltr'><strong>mundani,</strong></span> 
     </span>
    </p>
   </div>
   <div class='ocr_carea' id='block_1_27' title="bbox 1831 1304 3399 1371">
    <p class='ocr_par' dir='ltr' id='par_1_27' title="bbox 1831 1304 3399 1371">
     <span class='ocr_line' id='line_1_27' title="bbox 1831 1304 3399 1371; baseline 0.009 -17"><span class='ocrx_word' id='word_1_189' title='bbox 1831 1304 1923 1371; x_wconf 90' lang='lat' dir='ltr'><strong>qui</strong></span> <span class='ocrx_word' id='word_1_190' title='bbox 1981 1308 2306 1371; x_wconf 75' lang='lat' dir='ltr'><strong>spectaculis</strong></span> <span class='ocrx_word' id='word_1_191' title='bbox 2366 1318 2423 1362; x_wconf 89' lang='lat' dir='ltr'><strong>et</strong></span> <span class='ocrx_word' id='word_1_192' title='bbox 2473 1308 2597 1361; x_wconf 90' lang='lat' dir='ltr'><strong>aliis</strong></span> <span class='ocrx_word' id='word_1_193' title='bbox 2652 1308 2905 1363; x_wconf 80' lang='lat' dir='ltr'><strong>absurdis</strong></span> <span class='ocrx_word' id='word_1_194' title='bbox 2963 1313 3129 1366; x_wconf 88' lang='lat' dir='ltr'><strong>rebus</strong></span> <span class='ocrx_word' id='word_1_195' title='bbox 3188 1314 3399 1368; x_wconf 74' lang='lat' dir='ltr'><strong>luerent</strong></span> 
     </span>
    </p>
   </div>
   <div class='ocr_carea' id='block_1_28' title="bbox 1832 1393 3400 1471">
    <p class='ocr_par' dir='ltr' id='par_1_28' title="bbox 1832 1393 3400 1471">
     <span class='ocr_line' id='line_1_28' title="bbox 1832 1393 3400 1471; baseline 0.009 -26"><span class='ocrx_word' id='word_1_196' title='bbox 1832 1393 2066 1447; x_wconf 81' lang='lat' dir='ltr'><strong>intenti?</strong></span> <span class='ocrx_word' id='word_1_197' title='bbox 2119 1397 2183 1450; x_wconf 81' lang='lat' dir='ltr'><strong>Et</strong></span> <span class='ocrx_word' id='word_1_198' title='bbox 2232 1408 2365 1465; x_wconf 92' lang='lat' dir='ltr'><strong>quot</strong></span> <span class='ocrx_word' id='word_1_199' title='bbox 2388 1408 2519 1453; x_wconf 88' lang='lat' dir='ltr'><strong>sunt</strong></span> <span class='ocrx_word' id='word_1_200' title='bbox 2569 1400 2732 1453; x_wconf 90' lang='lat' dir='ltr'><strong>modo</strong></span> <span class='ocrx_word' id='word_1_201' title='bbox 2776 1402 2869 1468; x_wconf 91' lang='lat' dir='ltr'><strong>qui</strong></span> <span class='ocrx_word' id='word_1_202' title='bbox 2920 1402 3286 1471; x_wconf 76' lang='lat' dir='ltr'><strong>deprecantur</strong></span> <span class='ocrx_word' id='word_1_203' title='bbox 3334 1421 3400 1460; x_wconf 84' lang='lat' dir='ltr'><strong>ac</strong></span> 
     </span>
    </p>
   </div>
   <div class='ocr_carea' id='block_1_29' title="bbox 1833 1485 3397 1555">
    <p class='ocr_par' dir='ltr' id='par_1_29' title="bbox 1833 1485 3397 1555">
     <span class='ocr_line' id='line_1_29' title="bbox 1833 1485 3397 1555; baseline 0.008 -20"><span class='ocrx_word' id='word_1_204' title='bbox 1833 1493 2085 1538; x_wconf 87' lang='lat' dir='ltr'><strong>metuunt</strong></span> <span class='ocrx_word' id='word_1_205' title='bbox 2110 1485 2317 1538; x_wconf 83' lang='lat' dir='ltr'><strong>Deum?</strong></span> <span class='ocrx_word' id='word_1_206' title='bbox 2350 1486 2445 1539; x_wconf 85' lang='lat' dir='ltr'><strong>His</strong></span> <span class='ocrx_word' id='word_1_207' title='bbox 2480 1486 2643 1555; x_wconf 78' lang='lat' dir='ltr'><strong>igitur</strong></span> <span class='ocrx_word' id='word_1_208' title='bbox 2672 1496 2725 1541; x_wconf 86' lang='lat' dir='ltr'><strong>et</strong></span> <span class='ocrx_word' id='word_1_209' title='bbox 2755 1489 2862 1543; x_wconf 88' lang='lat' dir='ltr'><strong>illis</strong></span> <span class='ocrx_word' id='word_1_210' title='bbox 2893 1491 3125 1545; x_wconf 85' lang='lat' dir='ltr'><strong>attendit</strong></span> <span class='ocrx_word' id='word_1_211' title='bbox 3153 1494 3316 1553; x_wconf 74' lang='lat' dir='ltr'><strong>Deus,</strong></span> <span class='ocrx_word' id='word_1_212' title='bbox 3341 1503 3397 1548; x_wconf 91' lang='lat' dir='ltr'><strong>ct</strong></span> 
     </span>
    </p>
   </div>
   <div class='ocr_carea' id='block_1_30' title="bbox 1831 1574 3394 1652">
    <p class='ocr_par' dir='ltr' id='par_1_30' title="bbox 1831 1574 3394 1652">
     <span class='ocr_line' id='line_1_30' title="bbox 1831 1574 3394 1652; baseline 0.008 -27"><span class='ocrx_word' id='word_1_213' title='bbox 1831 1574 1980 1626; x_wconf 78' lang='lat' dir='ltr'><strong>velut</strong></span> <span class='ocrx_word' id='word_1_214' title='bbox 2008 1576 2189 1643; x_wconf 85' lang='lat' dir='ltr'><strong>justus</strong></span> <span class='ocrx_word' id='word_1_215' title='bbox 2217 1575 2416 1644; x_wconf 83' lang='lat' dir='ltr'><strong>judex,</strong></span> <span class='ocrx_word' id='word_1_216' title='bbox 2447 1577 2532 1630; x_wconf 88' lang='lat' dir='ltr'><strong>bis</strong></span> <span class='ocrx_word' id='word_1_217' title='bbox 2566 1578 2811 1645; x_wconf 81' lang='lat' dir='ltr'><strong>requiem</strong></span> <span class='ocrx_word' id='word_1_218' title='bbox 2832 1618 2845 1643; x_wconf 87' lang='lat'><strong>,</strong></span> <span class='ocrx_word' id='word_1_219' title='bbox 2874 1580 2985 1634; x_wconf 86' lang='lat' dir='ltr'><strong>illis</strong></span> <span class='ocrx_word' id='word_1_220' title='bbox 3017 1597 3151 1635; x_wconf 85' lang='lat' dir='ltr'><strong>vero</strong></span> <span class='ocrx_word' id='word_1_221' title='bbox 3182 1585 3394 1652; x_wconf 83' lang='lat' dir='ltr'><strong>suppli-</strong></span> 
     </span>
    </p>
   </div>
   <div class='ocr_carea' id='block_1_31' title="bbox 1830 1666 2295 1731">
    <p class='ocr_par' dir='ltr' id='par_1_31' title="bbox 1830 1666 2295 1731">
     <span class='ocr_line' id='line_1_31' title="bbox 1830 1666 2295 1731; baseline 0.009 -15"><span class='ocrx_word' id='word_1_222' title='bbox 1830 1666 1975 1717; x_wconf 87' lang='lat' dir='ltr'><strong>cium</strong></span> <span class='ocrx_word' id='word_1_223' title='bbox 2006 1673 2295 1731; x_wconf 68' lang='lat' dir='ltr'><strong>przeparat.</strong></span> 
     </span>
    </p>
   </div>
   <div class='ocr_carea' id='block_1_32' title="bbox 1904 1754 3393 1831">
    <p class='ocr_par' dir='ltr' id='par_1_32' title="bbox 1904 1754 3393 1831">
     <span class='ocr_line' id='line_1_32' title="bbox 1904 1754 3393 1831; baseline 0.005 -23"><span class='ocrx_word' id='word_1_224' title='bbox 1904 1754 1967 1808; x_wconf 84' lang='lat' dir='ltr'><strong>V.</strong></span> <span class='ocrx_word' id='word_1_225' title='bbox 2002 1755 2470 1819; x_wconf 79' lang='lat' dir='ltr'><strong>Quemadmodum</strong></span> <span class='ocrx_word' id='word_1_226' title='bbox 2514 1768 2694 1811; x_wconf 84' lang='lat' dir='ltr'><strong>autem</strong></span> <span class='ocrx_word' id='word_1_227' title='bbox 2734 1758 2985 1813; x_wconf 85' lang='lat' dir='ltr'><strong>homines</strong></span> <span class='ocrx_word' id='word_1_228' title='bbox 3024 1762 3117 1828; x_wconf 90' lang='lat' dir='ltr'><strong>qui</strong></span> <span class='ocrx_word' id='word_1_229' title='bbox 3158 1763 3393 1831; x_wconf 76' lang='lat' dir='ltr'><strong>jungunt</strong></span> 
     </span>
    </p>
   </div>
   <div class='ocr_carea' id='block_1_33' title="bbox 152 1832 1832 1917">
    <p class='ocr_par' dir='ltr' id='par_1_33' title="bbox 152 1832 1803 1917">
     <span class='ocr_line' id='line_1_33' title="bbox 152 1832 1803 1917; baseline -0.004 -17"><span class='ocrx_word' id='word_1_230' title='bbox 152 1848 379 1917; x_wconf 77' lang='grc' dir='ltr'>ἅρματα</span> <span class='ocrx_word' id='word_1_231' title='bbox 424 1846 731 1915; x_wconf 72' lang='grc' dir='ltr'>ἡνιοχεῦσι,</span> <span class='ocrx_word' id='word_1_232' title='bbox 787 1845 879 1896; x_wconf 81' lang='grc' dir='ltr'>καὶ</span> <span class='ocrx_word' id='word_1_233' title='bbox 925 1842 1048 1895; x_wconf 88' lang='grc' dir='ltr'>κατ’</span> <span class='ocrx_word' id='word_1_234' title='bbox 1088 1843 1334 1913; x_wconf 78' lang='grc' dir='ltr'>ἀλλήλων</span> <span class='ocrx_word' id='word_1_235' title='bbox 1378 1843 1687 1897; x_wconf 73' lang='grc' dir='ltr'>ἐλαύνουσιν</span> <span class='ocrx_word' id='word_1_236' title='bbox 1714 1861 1726 1874; x_wconf 76' lang='grc' dir='ltr'><strong>ο</strong></span> <span class='ocrx_word' id='word_1_237' title='bbox 1760 1832 1803 1889; x_wconf 71' lang='grc' dir='ltr'><strong>η</strong></span> 
     </span>
    </p>
   </div>
   <div class='ocr_carea' id='block_1_34' title="bbox 1708 1832 3388 1917">
    <p class='ocr_par' dir='ltr' id='par_1_34' title="bbox 1714 1832 3388 1917">
     <span class='ocr_line' id='line_1_34' title="bbox 1714 1832 3388 1917; baseline 0.005 -21"><span class='ocrx_word' id='word_1_238' title='bbox 1714 1861 1726 1874; x_wconf 87' lang='grc'><strong>·</strong></span> <span class='ocrx_word' id='word_1_239' title='bbox 1760 1832 1803 1889; x_wconf 70' lang='grc' dir='ltr'><strong>η</strong></span> <span class='ocrx_word' id='word_1_240' title='bbox 1832 1858 2040 1913; x_wconf 85' lang='lat' dir='ltr'><strong>equos.</strong></span> <span class='ocrx_word' id='word_1_241' title='bbox 2080 1860 2279 1900; x_wconf 85' lang='lat' dir='ltr'><strong>currus</strong></span> <span class='ocrx_word' id='word_1_242' title='bbox 2326 1848 2603 1917; x_wconf 85' lang='lat' dir='ltr'><strong>dirigunt,</strong></span> <span class='ocrx_word' id='word_1_243' title='bbox 2646 1856 2701 1901; x_wconf 87' lang='lat' dir='ltr'><strong>et</strong></span> <span class='ocrx_word' id='word_1_244' title='bbox 2746 1848 3009 1901; x_wconf 86' lang='lat' dir='ltr'><strong>adversus</strong></span> <span class='ocrx_word' id='word_1_245' title='bbox 3054 1866 3111 1903; x_wconf 75' lang='lat' dir='ltr'><strong>se</strong></span> <span class='ocrx_word' id='word_1_246' title='bbox 3158 1852 3388 1904; x_wconf 79' lang='lat' dir='ltr'><strong>invicem</strong></span> 
     </span>
    </p>
   </div>
   <div class='ocr_carea' id='block_1_35' title="bbox 149 1935 1727 2007">
    <p class='ocr_par' dir='ltr' id='par_1_35' title="bbox 149 1935 1727 2007">
     <span class='ocr_line' id='line_1_35' title="bbox 149 1935 1727 2007; baseline -0.003 -16"><span class='ocrx_word' id='word_1_247' title='bbox 149 1942 385 2001; x_wconf 70' lang='grc' dir='ltr'>ἕκαστος</span> <span class='ocrx_word' id='word_1_248' title='bbox 412 1939 521 2007; x_wconf 79' lang='grc' dir='ltr'><strong>γὰρ</strong></span> <span class='ocrx_word' id='word_1_249' title='bbox 552 1936 909 2003; x_wconf 78' lang='grc' dir='ltr'>ἀγωνίζεται,</span> <span class='ocrx_word' id='word_1_250' title='bbox 952 1936 1069 1997; x_wconf 80' lang='grc' dir='ltr'><strong>πῶς</strong></span> <span class='ocrx_word' id='word_1_251' title='bbox 1102 1935 1248 2005; x_wconf 76' lang='grc' dir='ltr'>ῥίψει</span> <span class='ocrx_word' id='word_1_252' title='bbox 1278 1935 1374 1987; x_wconf 77' lang='grc' dir='ltr'><strong>καὶ</strong></span> <span class='ocrx_word' id='word_1_253' title='bbox 1400 1937 1607 2005; x_wconf 83' lang='grc' dir='ltr'>κινήσει</span> <span class='ocrx_word' id='word_1_254' title='bbox 1638 1936 1727 1987; x_wconf 81' lang='grc' dir='ltr'><strong>τὸν</strong></span> 
     </span>
    </p>
   </div>
   <div class='ocr_carea' id='block_1_36' title="bbox 151 2024 1728 2096">
    <p class='ocr_par' dir='ltr' id='par_1_36' title="bbox 151 2024 1728 2096">
     <span class='ocr_line' id='line_1_36' title="bbox 151 2024 1728 2096; baseline -0.003 -15"><span class='ocrx_word' id='word_1_255' title='bbox 151 2030 211 2093; x_wconf 74' lang='grc' dir='ltr'><strong>ἐξ</strong></span> <span class='ocrx_word' id='word_1_256' title='bbox 241 2028 491 2091; x_wconf 79' lang='grc' dir='ltr'>ἐναντίας</span> <span class='ocrx_word' id='word_1_257' title='bbox 514 2044 526 2057; x_wconf 89' lang='grc'><strong>·</strong></span> <span class='ocrx_word' id='word_1_258' title='bbox 583 2027 753 2089; x_wconf 77' lang='grc' dir='ltr'>οὕτως</span> <span class='ocrx_word' id='word_1_259' title='bbox 783 2026 932 2079; x_wconf 76' lang='grc' dir='ltr'>ἐστὶν</span> <span class='ocrx_word' id='word_1_260' title='bbox 977 2027 1034 2077; x_wconf 80' lang='grc' dir='ltr'>ὲν</span> <span class='ocrx_word' id='word_1_261' title='bbox 1073 2028 1139 2095; x_wconf 80' lang='grc' dir='ltr'><strong>τῇ</strong></span> <span class='ocrx_word' id='word_1_262' title='bbox 1171 2025 1367 2096; x_wconf 86' lang='grc' dir='ltr'>καρδίᾳ</span> <span class='ocrx_word' id='word_1_263' title='bbox 1396 2024 1503 2077; x_wconf 80' lang='grc' dir='ltr'><strong>τῶν</strong></span> <span class='ocrx_word' id='word_1_264' title='bbox 1529 2026 1728 2091; x_wconf 86' lang='grc' dir='ltr'>ἀγωνι-</span> 
     </span>
    </p>
   </div>
   <div class='ocr_carea' id='block_1_37' title="bbox 150 2116 1728 2191">
    <p class='ocr_par' dir='ltr' id='par_1_37' title="bbox 150 2116 1728 2191">
     <span class='ocr_line' id='line_1_37' title="bbox 150 2116 1728 2191; baseline -0.003 -18"><span class='ocrx_word' id='word_1_265' title='bbox 150 2121 419 2191; x_wconf 80' lang='grc' dir='ltr'>ζομένων,</span> <span class='ocrx_word' id='word_1_266' title='bbox 459 2120 681 2188; x_wconf 83' lang='grc' dir='ltr'>θέατρον</span> <span class='ocrx_word' id='word_1_267' title='bbox 706 2120 814 2170; x_wconf 84' lang='grc' dir='ltr'><strong>τῶν</strong></span> <span class='ocrx_word' id='word_1_268' title='bbox 840 2117 1092 2187; x_wconf 76' lang='grc' dir='ltr'>πονηρῶν</span> <span class='ocrx_word' id='word_1_269' title='bbox 1118 2116 1441 2185; x_wconf 80' lang='grc' dir='ltr'>πνευμάτων</span> <span class='ocrx_word' id='word_1_270' title='bbox 1469 2118 1728 2171; x_wconf 85' lang='grc' dir='ltr'>παλαιόν-</span> 
     </span>
    </p>
   </div>
   <div class='ocr_carea' id='block_1_38' title="bbox 150 2207 1727 2281">
    <p class='ocr_par' dir='ltr' id='par_1_38' title="bbox 150 2207 1727 2281">
     <span class='ocr_line' id='line_1_38' title="bbox 150 2207 1727 2281; baseline -0.003 -15"><span class='ocrx_word' id='word_1_271' title='bbox 150 2232 261 2266; x_wconf 90' lang='grc' dir='ltr'><strong>των</strong></span> <span class='ocrx_word' id='word_1_272' title='bbox 312 2214 378 2281; x_wconf 81' lang='grc' dir='ltr'><strong>τῇ</strong></span> <span class='ocrx_word' id='word_1_273' title='bbox 426 2213 615 2281; x_wconf 81' lang='grc' dir='ltr'>ψυχῇ,</span> <span class='ocrx_word' id='word_1_274' title='bbox 668 2210 763 2262; x_wconf 83' lang='grc' dir='ltr'><strong>καὶ</strong></span> <span class='ocrx_word' id='word_1_275' title='bbox 802 2207 936 2260; x_wconf 81' lang='grc' dir='ltr'>Θεοῦ</span> <span class='ocrx_word' id='word_1_276' title='bbox 974 2209 1065 2261; x_wconf 75' lang='grc' dir='ltr'>καὶ</span> <span class='ocrx_word' id='word_1_277' title='bbox 1099 2208 1347 2275; x_wconf 85' lang='grc' dir='ltr'>ἀγγέλων</span> <span class='ocrx_word' id='word_1_278' title='bbox 1381 2208 1727 2279; x_wconf 80' lang='grc' dir='ltr'>θεωρούντων</span> 
     </span>
    </p>
   </div>
   <div class='ocr_carea' id='block_1_39' title="bbox 149 2299 1728 2373">
    <p class='ocr_par' dir='ltr' id='par_1_39' title="bbox 149 2299 1728 2373">
     <span class='ocr_line' id='line_1_39' title="bbox 149 2299 1728 2373; baseline -0.004 -13"><span class='ocrx_word' id='word_1_279' title='bbox 149 2308 243 2359; x_wconf 73' lang='grc' dir='ltr'>τὸν</span> <span class='ocrx_word' id='word_1_280' title='bbox 271 2304 478 2373; x_wconf 79' lang='grc' dir='ltr'>ἀγῶνα·</span> <span class='ocrx_word' id='word_1_281' title='bbox 514 2302 701 2354; x_wconf 84' lang='grc' dir='ltr'>λοιπὸν</span> <span class='ocrx_word' id='word_1_282' title='bbox 734 2301 851 2353; x_wconf 79' lang='grc' dir='ltr'>καθ’</span> <span class='ocrx_word' id='word_1_283' title='bbox 882 2300 1121 2369; x_wconf 76' lang='grc' dir='ltr'>ἑκάστην</span> <span class='ocrx_word' id='word_1_284' title='bbox 1150 2300 1297 2370; x_wconf 77' lang='grc' dir='ltr'>ὥραν</span> <span class='ocrx_word' id='word_1_285' title='bbox 1327 2299 1598 2364; x_wconf 69' lang='grc' dir='ltr'>κτίζοντσι</span> <span class='ocrx_word' id='word_1_286' title='bbox 1627 2301 1728 2353; x_wconf 81' lang='grc' dir='ltr'><strong>ὑπὸ</strong></span> 
     </span>
    </p>
   </div>
   <div class='ocr_carea' id='block_1_40' title="bbox 150 2392 1728 2466">
    <p class='ocr_par' dir='ltr' id='par_1_40' title="bbox 150 2392 1728 2466">
     <span class='ocr_line' id='line_1_40' title="bbox 150 2392 1728 2466; baseline -0.004 -16"><span class='ocrx_word' id='word_1_287' title='bbox 150 2400 252 2466; x_wconf 78' lang='grc' dir='ltr'>τῆς</span> <span class='ocrx_word' id='word_1_288' title='bbox 282 2396 462 2465; x_wconf 83' lang='grc' dir='ltr'>ψυχῆς</span> <span class='ocrx_word' id='word_1_289' title='bbox 496 2394 681 2446; x_wconf 76' lang='grc' dir='ltr'>πολλοὶ</span> <span class='ocrx_word' id='word_1_290' title='bbox 711 2392 962 2461; x_wconf 77' lang='grc' dir='ltr'>λογισμοὶ</span> <span class='ocrx_word' id='word_1_291' title='bbox 995 2392 1180 2461; x_wconf 87' lang='grc' dir='ltr'>νεαροί</span> <span class='ocrx_word' id='word_1_292' title='bbox 1204 2408 1215 2421; x_wconf 91' lang='grc'><strong>·</strong></span> <span class='ocrx_word' id='word_1_293' title='bbox 1271 2393 1469 2459; x_wconf 79' lang='grc' dir='ltr'>ὁμοίως</span> <span class='ocrx_word' id='word_1_294' title='bbox 1504 2393 1594 2445; x_wconf 74' lang='grc' dir='ltr'>καὶ</span> <span class='ocrx_word' id='word_1_295' title='bbox 1626 2392 1728 2444; x_wconf 86' lang='grc' dir='ltr'><strong>ὑπὸ</strong></span> 
     </span>
    </p>
   </div>
   <div class='ocr_carea' id='block_1_41' title="bbox 150 2484 1729 2559">
    <p class='ocr_par' dir='ltr' id='par_1_41' title="bbox 150 2484 1729 2559">
     <span class='ocr_line' id='line_1_41' title="bbox 150 2484 1729 2559; baseline -0.005 -17"><span class='ocrx_word' id='word_1_296' title='bbox 150 2492 249 2559; x_wconf 75' lang='grc' dir='ltr'><strong>τῆς</strong></span> <span class='ocrx_word' id='word_1_297' title='bbox 282 2487 482 2549; x_wconf 82' lang='grc' dir='ltr'>κακίας</span> <span class='ocrx_word' id='word_1_298' title='bbox 513 2486 679 2539; x_wconf 77' lang='grc' dir='ltr'>ἔνδον.</span> <span class='ocrx_word' id='word_1_299' title='bbox 718 2486 826 2538; x_wconf 80' lang='grc' dir='ltr'><strong>Καὶ</strong></span> <span class='ocrx_word' id='word_1_300' title='bbox 854 2486 962 2552; x_wconf 87' lang='grc' dir='ltr'><strong>γὰρ</strong></span> <span class='ocrx_word' id='word_1_301' title='bbox 996 2486 1027 2554; x_wconf 79' lang='grc' dir='ltr'>ἡ</span> <span class='ocrx_word' id='word_1_302' title='bbox 1053 2485 1195 2555; x_wconf 82' lang='grc' dir='ltr'>ψυχὴ</span> <span class='ocrx_word' id='word_1_303' title='bbox 1230 2484 1456 2546; x_wconf 78' lang='grc' dir='ltr'>πολλοὺς</span> <span class='ocrx_word' id='word_1_304' title='bbox 1482 2485 1729 2554; x_wconf 70' lang='grc' dir='ltr'>ἀποκρύοι</span> 
     </span>
    </p>
   </div>
   <div class='ocr_carea' id='block_1_42' title="bbox 152 2576 1723 2654">
    <p class='ocr_par' dir='ltr' id='par_1_42' title="bbox 152 2576 1723 2654">
     <span class='ocr_line' id='line_1_42' title="bbox 152 2576 1723 2654; baseline -0.004 -19"><span class='ocrx_word' id='word_1_305' title='bbox 152 2600 290 2654; x_wconf 84' lang='grc' dir='ltr'>φους</span> <span class='ocrx_word' id='word_1_306' title='bbox 322 2582 432 2651; x_wconf 74' lang='grc' dir='ltr'>ἔχει</span> <span class='ocrx_word' id='word_1_307' title='bbox 467 2579 753 2647; x_wconf 78' lang='grc' dir='ltr'>λογισμοὺς</span> <span class='ocrx_word' id='word_1_308' title='bbox 779 2617 792 2637; x_wconf 89' lang='grc'><strong>,</strong></span> <span class='ocrx_word' id='word_1_309' title='bbox 844 2576 937 2629; x_wconf 64' lang='grc' dir='ltr'>καὶ</span> <span class='ocrx_word' id='word_1_310' title='bbox 972 2579 1029 2629; x_wconf 84' lang='grc' dir='ltr'>ὲν</span> <span class='ocrx_word' id='word_1_311' title='bbox 1057 2578 1190 2646; x_wconf 80' lang='grc' dir='ltr'>αὐτῇ</span> <span class='ocrx_word' id='word_1_312' title='bbox 1220 2580 1285 2646; x_wconf 84' lang='grc' dir='ltr'><strong>τῇ</strong></span> <span class='ocrx_word' id='word_1_313' title='bbox 1313 2576 1431 2647; x_wconf 69' lang='grc' dir='ltr'><strong>ὥρα</strong></span> <span class='ocrx_word' id='word_1_314' title='bbox 1460 2577 1723 2648; x_wconf 81' lang='grc' dir='ltr'>προφέρει</span> 
     </span>
    </p>
   </div>
   <div class='ocr_carea' id='block_1_43' title="bbox 151 2666 1730 2741">
    <p class='ocr_par' dir='ltr' id='par_1_43' title="bbox 151 2666 1730 2741">
     <span class='ocr_line' id='line_1_43' title="bbox 151 2666 1730 2741; baseline -0.004 -15"><span class='ocrx_word' id='word_1_315' title='bbox 151 2677 249 2729; x_wconf 69' lang='grc' dir='ltr'>καὶ</span> <span class='ocrx_word' id='word_1_316' title='bbox 295 2672 461 2741; x_wconf 75' lang='grc' dir='ltr'>γεννᾷ</span> <span class='ocrx_word' id='word_1_317' title='bbox 482 2686 495 2699; x_wconf 89' lang='grc'><strong>·</strong></span> <span class='ocrx_word' id='word_1_318' title='bbox 554 2671 647 2721; x_wconf 78' lang='grc' dir='ltr'>καὶ</span> <span class='ocrx_word' id='word_1_319' title='bbox 692 2667 829 2737; x_wconf 83' lang='grc' dir='ltr'>αὑτὴ</span> <span class='ocrx_word' id='word_1_320' title='bbox 876 2668 910 2737; x_wconf 85' lang='grc' dir='ltr'>ή</span> <span class='ocrx_word' id='word_1_321' title='bbox 936 2666 1102 2720; x_wconf 87' lang='grc' dir='ltr'>κακία</span> <span class='ocrx_word' id='word_1_322' title='bbox 1132 2666 1424 2735; x_wconf 82' lang='grc' dir='ltr'>λογισμοὺς</span> <span class='ocrx_word' id='word_1_323' title='bbox 1456 2667 1567 2736; x_wconf 81' lang='grc' dir='ltr'>ἔχει</span> <span class='ocrx_word' id='word_1_324' title='bbox 1599 2667 1730 2719; x_wconf 80' lang='grc' dir='ltr'>πολ-</span> 
     </span>
    </p>
   </div>
   <div class='ocr_carea' id='block_1_44' title="bbox 151 2758 1727 2831">
    <p class='ocr_par' dir='ltr' id='par_1_44' title="bbox 151 2758 1727 2831">
     <span class='ocr_line' id='line_1_44' title="bbox 151 2758 1727 2831; baseline -0.004 -14"><span class='ocrx_word' id='word_1_325' title='bbox 151 2766 278 2827; x_wconf 76' lang='grc' dir='ltr'>λοὺς</span> <span class='ocrx_word' id='word_1_326' title='bbox 300 2805 316 2830; x_wconf 87' lang='grc'><strong>,</strong></span> <span class='ocrx_word' id='word_1_327' title='bbox 373 2765 467 2816; x_wconf 74' lang='grc' dir='ltr'>καὶ</span> <span class='ocrx_word' id='word_1_328' title='bbox 514 2760 765 2831; x_wconf 73' lang='grc' dir='ltr'>ἑπιτηδεύ</span> <span class='ocrx_word' id='word_1_329' title='bbox 777 2776 949 2827; x_wconf 85' lang='grc' dir='ltr'>ματα,</span> <span class='ocrx_word' id='word_1_330' title='bbox 997 2761 1090 2811; x_wconf 64' lang='grc' dir='ltr'><strong>καὶ</strong></span> <span class='ocrx_word' id='word_1_331' title='bbox 1123 2758 1243 2811; x_wconf 78' lang='grc' dir='ltr'>καθ’</span> <span class='ocrx_word' id='word_1_332' title='bbox 1274 2758 1421 2828; x_wconf 85' lang='grc' dir='ltr'>ὤραν</span> <span class='ocrx_word' id='word_1_333' title='bbox 1449 2760 1611 2828; x_wconf 85' lang='grc' dir='ltr'>γεννᾷ</span> <span class='ocrx_word' id='word_1_334' title='bbox 1640 2759 1727 2810; x_wconf 80' lang='grc' dir='ltr'>λο-</span> 
     </span>
    </p>
   </div>
   <div class='ocr_carea' id='block_1_45' title="bbox 153 2847 1729 2926">
    <p class='ocr_par' dir='ltr' id='par_1_45' title="bbox 153 2847 1729 2926">
     <span class='ocr_line' id='line_1_45' title="bbox 153 2847 1729 2926; baseline -0.008 -16"><span class='ocrx_word' id='word_1_335' title='bbox 153 2857 388 2926; x_wconf 74' lang='grc' dir='ltr'>γισμοὺς</span> <span class='ocrx_word' id='word_1_336' title='bbox 435 2852 659 2922; x_wconf 79' lang='grc' dir='ltr'>νεαροὺς</span> <span class='ocrx_word' id='word_1_337' title='bbox 711 2851 851 2904; x_wconf 85' lang='grc' dir='ltr'><strong>κατά</strong></span> <span class='ocrx_word' id='word_1_338' title='bbox 893 2850 989 2917; x_wconf 79' lang='grc' dir='ltr'><strong>τῆς</strong></span> <span class='ocrx_word' id='word_1_339' title='bbox 1030 2849 1227 2917; x_wconf 78' lang='grc' dir='ltr'>ψυχῆς.</span> <span class='ocrx_word' id='word_1_340' title='bbox 1268 2850 1379 2901; x_wconf 81' lang='grc' dir='ltr'><strong>Καὶ</strong></span> <span class='ocrx_word' id='word_1_341' title='bbox 1411 2848 1519 2918; x_wconf 82' lang='grc' dir='ltr'>γὰρ</span> <span class='ocrx_word' id='word_1_342' title='bbox 1549 2850 1577 2900; x_wconf 81' lang='grc' dir='ltr'><strong>ὁ</strong></span> <span class='ocrx_word' id='word_1_343' title='bbox 1606 2847 1729 2910; x_wconf 84' lang='grc' dir='ltr'>νοῦς</span> 
     </span>
    </p>
   </div>
   <div class='ocr_carea' id='block_1_46' title="bbox 153 2939 1728 3019">
    <p class='ocr_par' dir='ltr' id='par_1_46' title="bbox 153 2939 1728 3019">
     <span class='ocr_line' id='line_1_46' title="bbox 153 2939 1728 3019; baseline -0.009 -17"><span class='ocrx_word' id='word_1_344' title='bbox 153 2948 371 3019; x_wconf 76' lang='grc' dir='ltr'>ἡνίοχός</span> <span class='ocrx_word' id='word_1_345' title='bbox 432 2948 547 2997; x_wconf 73' lang='grc' dir='ltr'>ἔστι</span> <span class='ocrx_word' id='word_1_346' title='bbox 585 2944 679 2996; x_wconf 71' lang='grc' dir='ltr'><strong>καὶ</strong></span> <span class='ocrx_word' id='word_1_347' title='bbox 708 2942 963 3010; x_wconf 71' lang='grc' dir='ltr'>ζεύγνυσι</span> <span class='ocrx_word' id='word_1_348' title='bbox 996 2940 1057 2993; x_wconf 86' lang='grc' dir='ltr'>τὸ</span> <span class='ocrx_word' id='word_1_349' title='bbox 1085 2940 1235 3009; x_wconf 69' lang='grc' dir='ltr'>ἅρμα</span> <span class='ocrx_word' id='word_1_350' title='bbox 1264 2939 1364 3007; x_wconf 75' lang='grc' dir='ltr'>τῆς</span> <span class='ocrx_word' id='word_1_351' title='bbox 1390 2940 1568 3008; x_wconf 78' lang='grc' dir='ltr'>ψυχῆς</span> <span class='ocrx_word' id='word_1_352' title='bbox 1596 2955 1728 2992; x_wconf 89' lang='grc' dir='ltr'>κατ-</span> 
     </span>
    </p>
   </div>
   <div class='ocr_carea' id='block_1_47' title="bbox 156 3023 1727 3106">
    <p class='ocr_par' dir='ltr' id='par_1_47' title="bbox 156 3023 1727 3106">
     <span class='ocr_line' id='line_1_47' title="bbox 156 3023 1727 3106; baseline -0.007 -17"><span class='ocrx_word' id='word_1_353' title='bbox 156 3040 299 3106; x_wconf 87' lang='grc' dir='ltr'>έχων</span> <span class='ocrx_word' id='word_1_354' title='bbox 328 3035 486 3105; x_wconf 81' lang='grc' dir='ltr'>ἡνίας</span> <span class='ocrx_word' id='word_1_355' title='bbox 514 3035 621 3086; x_wconf 80' lang='grc' dir='ltr'>τῶν</span> <span class='ocrx_word' id='word_1_356' title='bbox 648 3030 927 3099; x_wconf 80' lang='grc' dir='ltr'>λογισμῶν</span> <span class='ocrx_word' id='word_1_357' title='bbox 946 3047 959 3061; x_wconf 67' lang='grc'><strong><em>⁸</em></strong></span> <span class='ocrx_word' id='word_1_358' title='bbox 998 3029 1091 3082; x_wconf 73' lang='grc' dir='ltr'>καὶ</span> <span class='ocrx_word' id='word_1_359' title='bbox 1121 3023 1221 3082; x_wconf 82' lang='grc' dir='ltr'>ὦδε</span> <span class='ocrx_word' id='word_1_360' title='bbox 1251 3029 1433 3098; x_wconf 83' lang='grc' dir='ltr'>τρέχει</span> <span class='ocrx_word' id='word_1_361' title='bbox 1465 3028 1606 3081; x_wconf 85' lang='grc' dir='ltr'>κατὰ</span> <span class='ocrx_word' id='word_1_362' title='bbox 1634 3027 1727 3079; x_wconf 87' lang='grc' dir='ltr'><strong>τοῦ</strong></span> 
     </span>
    </p>
   </div>
   <div class='ocr_carea' id='block_1_48' title="bbox 153 3118 1727 3199">
    <p class='ocr_par' dir='ltr' id='par_1_48' title="bbox 153 3118 1727 3199">
     <span class='ocr_line' id='line_1_48' title="bbox 153 3118 1727 3199; baseline -0.008 -15"><span class='ocrx_word' id='word_1_363' title='bbox 153 3133 402 3199; x_wconf 76' lang='grc' dir='ltr'>ἅρματος</span> <span class='ocrx_word' id='word_1_364' title='bbox 453 3126 547 3179; x_wconf 86' lang='grc' dir='ltr'>τοῦ</span> <span class='ocrx_word' id='word_1_365' title='bbox 595 3124 810 3177; x_wconf 83' lang='grc' dir='ltr'>Σατανᾶ</span> <span class='ocrx_word' id='word_1_366' title='bbox 835 3163 849 3189; x_wconf 97' lang='grc'><strong>,</strong></span> <span class='ocrx_word' id='word_1_367' title='bbox 900 3122 1031 3174; x_wconf 82' lang='grc' dir='ltr'>ὅπου</span> <span class='ocrx_word' id='word_1_368' title='bbox 1070 3123 1162 3174; x_wconf 80' lang='grc' dir='ltr'>καὶ</span> <span class='ocrx_word' id='word_1_369' title='bbox 1187 3121 1349 3183; x_wconf 76' lang='grc' dir='ltr'>αὐτὸς</span> <span class='ocrx_word' id='word_1_370' title='bbox 1375 3118 1559 3185; x_wconf 77' lang='grc' dir='ltr'><strong>ἔζευξε</strong></span> <span class='ocrx_word' id='word_1_371' title='bbox 1587 3118 1727 3172; x_wconf 87' lang='grc' dir='ltr'><strong>κατά</strong></span> 
     </span>
    </p>
   </div>
   <div class='ocr_carea' id='block_1_49' title="bbox 149 3220 479 3290">
    <p class='ocr_par' dir='ltr' id='par_1_49' title="bbox 149 3220 479 3290">
     <span class='ocr_line' id='line_1_49' title="bbox 149 3220 479 3290; baseline -0.021 -1"><span class='ocrx_word' id='word_1_372' title='bbox 149 3223 251 3289; x_wconf 76' lang='grc' dir='ltr'><strong>τῆς</strong></span> <span class='ocrx_word' id='word_1_373' title='bbox 280 3220 479 3290; x_wconf 73' lang='grc' dir='ltr'><strong>ψυχῆς·</strong></span> 
     </span>
    </p>
   </div>
   <div class='ocr_carea' id='block_1_50' title="bbox 211 3304 1725 3378">
    <p class='ocr_par' dir='ltr' id='par_1_50' title="bbox 211 3304 1725 3378">
     <span class='ocr_line' id='line_1_50' title="bbox 211 3304 1725 3378; baseline -0.006 -13"><span class='ocrx_word' id='word_1_374' title='bbox 211 3310 664 3378; x_wconf 67' lang='grc' dir='ltr'><strong>ς’.Ἐμὶ›τησις.</strong></span> <span class='ocrx_word' id='word_1_375' title='bbox 701 3311 768 3361; x_wconf 77' lang='lat' dir='ltr'><strong>El</strong></span> <span class='ocrx_word' id='word_1_376' title='bbox 799 3304 1144 3368; x_wconf 78' lang='grc' dir='ltr'>ἀνάπαυσις</span> <span class='ocrx_word' id='word_1_377' title='bbox 1172 3305 1343 3357; x_wconf 77' lang='grc' dir='ltr'>ἐστιν</span> <span class='ocrx_word' id='word_1_378' title='bbox 1376 3305 1413 3371; x_wconf 72' lang='grc' dir='ltr'><strong><em>ἡ</em></strong></span> <span class='ocrx_word' id='word_1_379' title='bbox 1444 3304 1725 3373; x_wconf 70' lang='grc' dir='ltr'><strong>ψυχὴ(5),</strong></span> 
     </span>
    </p>
   </div>
   <div class='ocr_carea' id='block_1_51' title="bbox 152 3394 1727 3468">
    <p class='ocr_par' dir='ltr' id='par_1_51' title="bbox 152 3394 1727 3468">
     <span class='ocr_line' id='line_1_51' title="bbox 152 3394 1727 3468; baseline -0.005 -14"><span class='ocrx_word' id='word_1_380' title='bbox 152 3403 281 3465; x_wconf 82' lang='grc' dir='ltr'>πῶς</span> <span class='ocrx_word' id='word_1_381' title='bbox 308 3402 559 3468; x_wconf 68' lang='grc' dir='ltr'>λέγουσί</span> <span class='ocrx_word' id='word_1_382' title='bbox 596 3417 773 3463; x_wconf 76' lang='grc' dir='ltr'>τινες,</span> <span class='ocrx_word' id='word_1_383' title='bbox 830 3398 917 3451; x_wconf 82' lang='grc' dir='ltr'>ὅτι</span> <span class='ocrx_word' id='word_1_384' title='bbox 950 3400 1030 3449; x_wconf 82' lang='grc' dir='ltr'><strong>Οὐ</strong></span> <span class='ocrx_word' id='word_1_385' title='bbox 1078 3396 1379 3463; x_wconf 79' lang='grc' dir='ltr'>δυνάμεθα</span> <span class='ocrx_word' id='word_1_386' title='bbox 1415 3394 1727 3461; x_wconf 76' lang='grc' dir='ltr'>εὔξασθαι,</span> 
     </span>
    </p>
   </div>
   <div class='ocr_carea' id='block_1_52' title="bbox 152 3487 1154 3559">
    <p class='ocr_par' dir='ltr' id='par_1_52' title="bbox 152 3487 1154 3559">
     <span class='ocr_line' id='line_1_52' title="bbox 152 3487 1154 3559; baseline -0.008 -11"><span class='ocrx_word' id='word_1_387' title='bbox 152 3496 299 3548; x_wconf 72' lang='grc' dir='ltr'><strong>οὐδὲ</strong></span> <span class='ocrx_word' id='word_1_388' title='bbox 328 3494 739 3559; x_wconf 63' lang='grc' dir='ltr'>ὑπομένουσιν·</span> <span class='ocrx_word' id='word_1_389' title='bbox 770 3492 838 3543; x_wconf 82' lang='grc' dir='ltr'><strong>ἐν</strong></span> <span class='ocrx_word' id='word_1_390' title='bbox 865 3488 938 3557; x_wconf 75' lang='grc' dir='ltr'><strong>τῇ</strong></span> <span class='ocrx_word' id='word_1_391' title='bbox 962 3487 1113 3555; x_wconf 75' lang='grc' dir='ltr'>εὐχῇ</span> <span class='ocrx_word' id='word_1_392' title='bbox 1135 3504 1154 3551; x_wconf 84' lang='grc'><strong><em>;</em></strong></span> 
     </span>
    </p>
   </div>
   <div class='ocr_carea' id='block_1_53' title="bbox 238 3579 1731 3651">
    <p class='ocr_par' dir='ltr' id='par_1_53' title="bbox 238 3579 1731 3651">
     <span class='ocr_line' id='line_1_53' title="bbox 238 3579 1731 3651; baseline -0.007 -12"><span class='ocrx_word' id='word_1_393' title='bbox 238 3587 606 3651; x_wconf 69' lang='grc' dir='ltr'>Ἀπόκρισις.</span> <span class='ocrx_word' id='word_1_394' title='bbox 661 3585 808 3651; x_wconf 74' lang='grc' dir='ltr'><strong>Αὐτὴ</strong></span> <span class='ocrx_word' id='word_1_395' title='bbox 854 3583 887 3650; x_wconf 77' lang='grc' dir='ltr'>ἡ</span> <span class='ocrx_word' id='word_1_396' title='bbox 922 3580 1229 3642; x_wconf 76' lang='grc' dir='ltr'>ἀνάπαυσις</span> <span class='ocrx_word' id='word_1_397' title='bbox 1260 3579 1629 3645; x_wconf 79' lang='grc' dir='ltr'>πλεονάζουσα</span> <span class='ocrx_word' id='word_1_398' title='bbox 1656 3579 1731 3631; x_wconf 85' lang='grc' dir='ltr'><strong>δί-</strong></span> 
     </span>
    </p>
   </div>
   <div class='ocr_carea' id='block_1_54' title="bbox 151 3667 1730 3743">
    <p class='ocr_par' dir='ltr' id='par_1_54' title="bbox 151 3667 1730 3743">
     <span class='ocr_line' id='line_1_54' title="bbox 151 3667 1730 3743; baseline -0.004 -13"><span class='ocrx_word' id='word_1_399' title='bbox 151 3679 289 3730; x_wconf 81' lang='grc' dir='ltr'>δωσι</span> <span class='ocrx_word' id='word_1_400' title='bbox 340 3675 625 3743; x_wconf 76' lang='grc' dir='ltr'>σπλάγχνα</span> <span class='ocrx_word' id='word_1_401' title='bbox 668 3674 763 3726; x_wconf 75' lang='grc' dir='ltr'>καὶ</span> <span class='ocrx_word' id='word_1_402' title='bbox 796 3671 1072 3733; x_wconf 84' lang='grc' dir='ltr'>διακονίας</span> <span class='ocrx_word' id='word_1_403' title='bbox 1104 3672 1319 3742; x_wconf 79' lang='grc' dir='ltr'>ἑτέρας,</span> <span class='ocrx_word' id='word_1_404' title='bbox 1353 3667 1462 3725; x_wconf 81' lang='grc' dir='ltr'>οἷον</span> <span class='ocrx_word' id='word_1_405' title='bbox 1489 3673 1582 3725; x_wconf 88' lang='grc' dir='ltr'><strong>τοῦ</strong></span> <span class='ocrx_word' id='word_1_406' title='bbox 1610 3675 1730 3724; x_wconf 80' lang='grc' dir='ltr'>επι-</span> 
     </span>
    </p>
   </div>
   <div class='ocr_carea' id='block_1_55' title="bbox 154 3762 1731 3837">
    <p class='ocr_par' dir='ltr' id='par_1_55' title="bbox 154 3762 1731 3837">
     <span class='ocr_line' id='line_1_55' title="bbox 154 3762 1731 3837; baseline -0.003 -17"><span class='ocrx_word' id='word_1_407' title='bbox 154 3768 462 3837; x_wconf 76' lang='grc' dir='ltr'>σκέψασθαι</span> <span class='ocrx_word' id='word_1_408' title='bbox 495 3770 621 3829; x_wconf 83' lang='grc' dir='ltr'>τοὺς</span> <span class='ocrx_word' id='word_1_409' title='bbox 650 3766 931 3834; x_wconf 82' lang='grc' dir='ltr'>ἀδελφοὺς,</span> <span class='ocrx_word' id='word_1_410' title='bbox 949 3762 1042 3816; x_wconf 85' lang='grc' dir='ltr'><strong>τοῦ</strong></span> <span class='ocrx_word' id='word_1_411' title='bbox 1072 3765 1151 3825; x_wconf 82' lang='grc' dir='ltr'><strong>είς</strong></span> <span class='ocrx_word' id='word_1_412' title='bbox 1184 3764 1273 3816; x_wconf 71' lang='grc' dir='ltr'><strong>τὸν</strong></span> <span class='ocrx_word' id='word_1_413' title='bbox 1299 3765 1454 3830; x_wconf 86' lang='grc' dir='ltr'>λόγον</span> <span class='ocrx_word' id='word_1_414' title='bbox 1482 3765 1731 3832; x_wconf 78' lang='grc' dir='ltr'>διακονῆ-</span> 
     </span>
    </p>
   </div>
   <div class='ocr_carea' id='block_1_56' title="bbox 156 3856 1730 3928">
    <p class='ocr_par' dir='ltr' id='par_1_56' title="bbox 156 3856 1730 3928">
     <span class='ocr_line' id='line_1_56' title="bbox 156 3856 1730 3928; baseline -0.003 -15"><span class='ocrx_word' id='word_1_415' title='bbox 156 3880 270 3914; x_wconf 89' lang='grc' dir='ltr'>σαι.</span> <span class='ocrx_word' id='word_1_416' title='bbox 312 3861 421 3913; x_wconf 74' lang='grc' dir='ltr'>Καὶ</span> <span class='ocrx_word' id='word_1_417' title='bbox 451 3859 588 3927; x_wconf 77' lang='grc' dir='ltr'>αὑτὴ</span> <span class='ocrx_word' id='word_1_418' title='bbox 617 3859 650 3928; x_wconf 84' lang='grc' dir='ltr'>ἠ</span> <span class='ocrx_word' id='word_1_419' title='bbox 682 3857 843 3925; x_wconf 86' lang='grc' dir='ltr'>φύσις</span> <span class='ocrx_word' id='word_1_420' title='bbox 877 3856 1020 3909; x_wconf 87' lang='grc' dir='ltr'>θέλει</span> <span class='ocrx_word' id='word_1_421' title='bbox 1049 3856 1301 3909; x_wconf 80' lang='grc' dir='ltr'>ἀπελθεῖν</span> <span class='ocrx_word' id='word_1_422' title='bbox 1330 3858 1423 3908; x_wconf 77' lang='grc' dir='ltr'><strong>καὶ</strong></span> <span class='ocrx_word' id='word_1_423' title='bbox 1452 3858 1579 3909; x_wconf 82' lang='grc' dir='ltr'>ίδεῖν</span> <span class='ocrx_word' id='word_1_424' title='bbox 1602 3857 1730 3919; x_wconf 75' lang='grc' dir='ltr'>τοὺς</span> 
     </span>
    </p>
   </div>
   <div class='ocr_carea' id='block_1_57' title="bbox 154 3945 1729 4018">
    <p class='ocr_par' dir='ltr' id='par_1_57' title="bbox 154 3945 1729 4018">
     <span class='ocr_line' id='line_1_57' title="bbox 154 3945 1729 4018; baseline -0.004 -14"><span class='ocrx_word' id='word_1_425' title='bbox 154 3951 420 4018; x_wconf 55' lang='grc' dir='ltr'>ἀδελφοὺς</span> <span class='ocrx_word' id='word_1_426' title='bbox 454 3950 683 4018; x_wconf 78' lang='grc' dir='ltr'>λαλῆσαι</span> <span class='ocrx_word' id='word_1_427' title='bbox 712 3947 889 4015; x_wconf 80' lang='grc' dir='ltr'>λόγον.</span> <span class='ocrx_word' id='word_1_428' title='bbox 940 3947 1110 4001; x_wconf 83' lang='grc' dir='ltr'>Οὐδὲν</span> <span class='ocrx_word' id='word_1_429' title='bbox 1140 3947 1248 4017; x_wconf 77' lang='grc' dir='ltr'><strong>γὰρ</strong></span> <span class='ocrx_word' id='word_1_430' title='bbox 1283 3948 1340 3999; x_wconf 76' lang='grc' dir='ltr'>ὲν</span> <span class='ocrx_word' id='word_1_431' title='bbox 1367 3948 1501 4015; x_wconf 81' lang='grc' dir='ltr'>πυρὶ</span> <span class='ocrx_word' id='word_1_432' title='bbox 1529 3945 1729 4014; x_wconf 78' lang='grc' dir='ltr'>βαλλό-</span> 
     </span>
    </p>
   </div>
   <div class='ocr_carea' id='block_1_58' title="bbox 158 4036 1730 4111">
    <p class='ocr_par' dir='ltr' id='par_1_58' title="bbox 158 4036 1730 4111">
     <span class='ocr_line' id='line_1_58' title="bbox 158 4036 1730 4111; baseline -0.004 -18"><span class='ocrx_word' id='word_1_433' title='bbox 158 4059 321 4111; x_wconf 90' lang='grc' dir='ltr'>μενον</span> <span class='ocrx_word' id='word_1_434' title='bbox 351 4041 577 4093; x_wconf 87' lang='grc' dir='ltr'>δύναται</span> <span class='ocrx_word' id='word_1_435' title='bbox 608 4039 791 4107; x_wconf 85' lang='grc' dir='ltr'>μένειν</span> <span class='ocrx_word' id='word_1_436' title='bbox 824 4040 881 4091; x_wconf 68' lang='grc' dir='ltr'>ἑν</span> <span class='ocrx_word' id='word_1_437' title='bbox 910 4041 977 4108; x_wconf 80' lang='grc' dir='ltr'><strong>τῇ</strong></span> <span class='ocrx_word' id='word_1_438' title='bbox 1011 4038 1116 4107; x_wconf 84' lang='grc' dir='ltr'>ίδίᾳ</span> <span class='ocrx_word' id='word_1_439' title='bbox 1142 4038 1333 4105; x_wconf 85' lang='grc' dir='ltr'>φύσει,</span> <span class='ocrx_word' id='word_1_440' title='bbox 1372 4036 1488 4089; x_wconf 87' lang='grc' dir='ltr'>ἀλλ’</span> <span class='ocrx_word' id='word_1_441' title='bbox 1516 4037 1730 4105; x_wconf 80' lang='grc' dir='ltr'>ἀνάγκη</span> 
     </span>
    </p>
   </div>
   <div class='ocr_carea' id='block_1_59' title="bbox 154 4126 1730 4200">
    <p class='ocr_par' dir='ltr' id='par_1_59' title="bbox 154 4126 1730 4200">
     <span class='ocr_line' id='line_1_59' title="bbox 154 4126 1730 4200; baseline -0.003 -16"><span class='ocrx_word' id='word_1_442' title='bbox 154 4134 253 4188; x_wconf 78' lang='grc' dir='ltr'>καὶ</span> <span class='ocrx_word' id='word_1_443' title='bbox 292 4132 427 4185; x_wconf 79' lang='grc' dir='ltr'>αὐτὸ</span> <span class='ocrx_word' id='word_1_444' title='bbox 494 4129 738 4197; x_wconf 82' lang='grc' dir='ltr'>γίνεσθαι</span> <span class='ocrx_word' id='word_1_445' title='bbox 778 4128 909 4199; x_wconf 83' lang='grc' dir='ltr'>πῦρ.</span> <span class='ocrx_word' id='word_1_446' title='bbox 954 4130 1051 4183; x_wconf 86' lang='grc' dir='ltr'>’ον</span> <span class='ocrx_word' id='word_1_447' title='bbox 1081 4130 1277 4197; x_wconf 78' lang='grc' dir='ltr'>τρόπον</span> <span class='ocrx_word' id='word_1_448' title='bbox 1310 4128 1405 4180; x_wconf 78' lang='grc' dir='ltr'><strong>ἐὰν</strong></span> <span class='ocrx_word' id='word_1_449' title='bbox 1436 4126 1603 4200; x_wconf 83' lang='grc' dir='ltr'>βάλῃς</span> <span class='ocrx_word' id='word_1_450' title='bbox 1631 4128 1730 4180; x_wconf 83' lang='grc' dir='ltr'><strong>κά-</strong></span> 
     </span>
    </p>
   </div>
   <div class='ocr_carea' id='block_1_60' title="bbox 155 4218 1732 4293">
    <p class='ocr_par' dir='ltr' id='par_1_60' title="bbox 155 4218 1732 4293">
     <span class='ocr_line' id='line_1_60' title="bbox 155 4218 1732 4293; baseline -0.004 -18"><span class='ocrx_word' id='word_1_451' title='bbox 155 4226 367 4293; x_wconf 80' lang='grc' dir='ltr'>χληκας</span> <span class='ocrx_word' id='word_1_452' title='bbox 396 4223 474 4283; x_wconf 87' lang='grc' dir='ltr'><strong>είς</strong></span> <span class='ocrx_word' id='word_1_453' title='bbox 499 4220 629 4289; x_wconf 86' lang='grc' dir='ltr'>πῦρ,</span> <span class='ocrx_word' id='word_1_454' title='bbox 660 4220 839 4287; x_wconf 79' lang='grc' dir='ltr'>ὀλίγος</span> <span class='ocrx_word' id='word_1_455' title='bbox 868 4220 1078 4287; x_wconf 86' lang='grc' dir='ltr'>γίνεται</span> <span class='ocrx_word' id='word_1_456' title='bbox 1104 4218 1367 4281; x_wconf 74' lang='grc' dir='ltr'>ἄσϐεστος</span> <span class='ocrx_word' id='word_1_457' title='bbox 1392 4235 1405 4247; x_wconf 90' lang='grc'><strong>·</strong></span> <span class='ocrx_word' id='word_1_458' title='bbox 1448 4219 1541 4270; x_wconf 80' lang='grc' dir='ltr'>καὶ</span> <span class='ocrx_word' id='word_1_459' title='bbox 1574 4220 1621 4269; x_wconf 88' lang='grc' dir='ltr'><strong>εί</strong></span> <span class='ocrx_word' id='word_1_460' title='bbox 1652 4219 1732 4280; x_wconf 86' lang='grc' dir='ltr'><strong>είς</strong></span> 
     </span>
    </p>
   </div>
   <div class='ocr_carea' id='block_1_61' title="bbox 157 4309 1731 4375">
    <p class='ocr_par' dir='ltr' id='par_1_61' title="bbox 157 4309 1731 4375">
     <span class='ocr_line' id='line_1_61' title="bbox 157 4309 1731 4375; baseline -0.004 -9"><span class='ocrx_word' id='word_1_461' title='bbox 157 4315 455 4375; x_wconf 74' lang='grc' dir='ltr'>θάλασσαν,</span> <span class='ocrx_word' id='word_1_462' title='bbox 481 4310 709 4363; x_wconf 72' lang='grc' dir='ltr'>ἐπιπολὺ</span> <span class='ocrx_word' id='word_1_463' title='bbox 740 4310 1037 4363; x_wconf 85' lang='grc' dir='ltr'>καταδῦναι</span> <span class='ocrx_word' id='word_1_464' title='bbox 1070 4309 1164 4362; x_wconf 78' lang='grc' dir='ltr'><strong>καὶ</strong></span> <span class='ocrx_word' id='word_1_465' title='bbox 1185 4309 1439 4363; x_wconf 85' lang='grc' dir='ltr'>ἀπελθεῖν</span> <span class='ocrx_word' id='word_1_466' title='bbox 1464 4311 1542 4371; x_wconf 76' lang='grc' dir='ltr'><strong>είς</strong></span> <span class='ocrx_word' id='word_1_467' title='bbox 1569 4309 1731 4375; x_wconf 81' lang='grc' dir='ltr'>μέσον</span> 
     </span>
    </p>
   </div>
   <div class='ocr_carea' id='block_1_62' title="bbox 160 4391 1729 4467">
    <p class='ocr_par' dir='ltr' id='par_1_62' title="bbox 160 4391 1729 4467">
     <span class='ocr_line' id='line_1_62' title="bbox 160 4391 1729 4467; baseline -0.003 -14"><span class='ocrx_word' id='word_1_468' title='bbox 160 4402 417 4467; x_wconf 81' lang='grc' dir='ltr'>πέλαγος,</span> <span class='ocrx_word' id='word_1_469' title='bbox 457 4397 909 4459; x_wconf 68' lang='grc' dir='ltr'>καταποντίζει-ται</span> <span class='ocrx_word' id='word_1_470' title='bbox 940 4398 1031 4448; x_wconf 81' lang='grc' dir='ltr'>καὶ</span> <span class='ocrx_word' id='word_1_471' title='bbox 1058 4391 1274 4463; x_wconf 76' lang='grc' dir='ltr'>ἀφανὴς</span> <span class='ocrx_word' id='word_1_472' title='bbox 1315 4397 1520 4464; x_wconf 83' lang='grc' dir='ltr'>γίνεται</span> <span class='ocrx_word' id='word_1_473' title='bbox 1550 4413 1563 4425; x_wconf 85' lang='grc'><strong>·</strong></span> <span class='ocrx_word' id='word_1_474' title='bbox 1598 4399 1625 4449; x_wconf 86' lang='grc'>6</span> <span class='ocrx_word' id='word_1_475' title='bbox 1654 4396 1729 4462; x_wconf 80' lang='grc' dir='ltr'><strong>δὲ,</strong></span> 
     </span>
    </p>
   </div>
   <div class='ocr_carea' id='block_1_63' title="bbox 1830 1934 3391 2008">
    <p class='ocr_par' dir='ltr' id='par_1_63' title="bbox 1830 1934 3391 2008">
     <span class='ocr_line' id='line_1_63' title="bbox 1830 1934 3391 2008; baseline 0.004 -22"><span class='ocrx_word' id='word_1_476' title='bbox 1830 1934 2154 2003; x_wconf 88' lang='lat' dir='ltr'><strong>impellunt;</strong></span> <span class='ocrx_word' id='word_1_477' title='bbox 2212 1939 2442 2005; x_wconf 88' lang='lat' dir='ltr'><strong>quilibet</strong></span> <span class='ocrx_word' id='word_1_478' title='bbox 2490 1940 2636 1993; x_wconf 86' lang='lat' dir='ltr'><strong>enim</strong></span> <span class='ocrx_word' id='word_1_479' title='bbox 2685 1955 2875 1993; x_wconf 88' lang='lat' dir='ltr'><strong>eorum</strong></span> <span class='ocrx_word' id='word_1_480' title='bbox 2926 1940 3239 2003; x_wconf 84' lang='lat' dir='ltr'><strong>contendit,</strong></span> <span class='ocrx_word' id='word_1_481' title='bbox 3286 1956 3391 2008; x_wconf 84' lang='lat' dir='ltr'><strong>qua</strong></span> 
     </span>
    </p>
   </div>
   <div class='ocr_carea' id='block_1_64' title="bbox 1828 2027 3393 2098">
    <p class='ocr_par' dir='ltr' id='par_1_64' title="bbox 1828 2027 3393 2098">
     <span class='ocr_line' id='line_1_64' title="bbox 1828 2027 3393 2098; baseline 0.004 -19"><span class='ocrx_word' id='word_1_482' title='bbox 1828 2027 2041 2081; x_wconf 88' lang='lat' dir='ltr'><strong>ratione</strong></span> <span class='ocrx_word' id='word_1_483' title='bbox 2084 2037 2394 2097; x_wconf 84' lang='lat' dir='ltr'><strong>prosternat</strong></span> <span class='ocrx_word' id='word_1_484' title='bbox 2426 2038 2482 2084; x_wconf 87' lang='lat' dir='ltr'><strong>et</strong></span> <span class='ocrx_word' id='word_1_485' title='bbox 2516 2040 2738 2098; x_wconf 87' lang='lat' dir='ltr'><strong>superet</strong></span> <span class='ocrx_word' id='word_1_486' title='bbox 2768 2031 3142 2085; x_wconf 85' lang='lat' dir='ltr'><strong>adversarium</strong></span> <span class='ocrx_word' id='word_1_487' title='bbox 3179 2050 3190 2084; x_wconf 94' lang='lat'>:</span> <span class='ocrx_word' id='word_1_488' title='bbox 3229 2034 3299 2085; x_wconf 89' lang='lat' dir='ltr'><strong>ita</strong></span> <span class='ocrx_word' id='word_1_489' title='bbox 3334 2047 3393 2087; x_wconf 87' lang='lat' dir='ltr'><strong>se</strong></span> 
     </span>
    </p>
   </div>
   <div class='ocr_carea' id='block_1_65' title="bbox 1828 2118 3392 2191">
    <p class='ocr_par' dir='ltr' id='par_1_65' title="bbox 1828 2118 3392 2191">
     <span class='ocr_line' id='line_1_65' title="bbox 1828 2118 3392 2191; baseline 0.002 -20"><span class='ocrx_word' id='word_1_490' title='bbox 1828 2118 1996 2172; x_wconf 81' lang='lat' dir='ltr'><strong>habet</strong></span> <span class='ocrx_word' id='word_1_491' title='bbox 2030 2118 2082 2171; x_wconf 91' lang='lat' dir='ltr'><strong>in</strong></span> <span class='ocrx_word' id='word_1_492' title='bbox 2118 2120 2282 2173; x_wconf 87' lang='lat' dir='ltr'><strong>corde</strong></span> <span class='ocrx_word' id='word_1_493' title='bbox 2316 2122 2668 2184; x_wconf 80' lang='lat' dir='ltr'><strong>certantium,</strong></span> <span class='ocrx_word' id='word_1_494' title='bbox 2698 2123 3070 2190; x_wconf 82' lang='lat' dir='ltr'><strong>spectaculum</strong></span> <span class='ocrx_word' id='word_1_495' title='bbox 3111 2123 3392 2191; x_wconf 81' lang='lat' dir='ltr'><strong>improbo-</strong></span> 
     </span>
    </p>
   </div>
   <div class='ocr_carea' id='block_1_66' title="bbox 1828 2210 3397 2278">
    <p class='ocr_par' dir='ltr' id='par_1_66' title="bbox 1828 2210 3397 2278">
     <span class='ocr_line' id='line_1_66' title="bbox 1828 2210 3397 2278; baseline 0.003 -17"><span class='ocrx_word' id='word_1_496' title='bbox 1828 2224 1949 2263; x_wconf 87' lang='lat' dir='ltr'><strong>rum</strong></span> <span class='ocrx_word' id='word_1_497' title='bbox 1984 2210 2275 2278; x_wconf 86' lang='lat' dir='ltr'><strong>spirituum</strong></span> <span class='ocrx_word' id='word_1_498' title='bbox 2309 2227 2432 2265; x_wconf 89' lang='lat' dir='ltr'><strong>cum</strong></span> <span class='ocrx_word' id='word_1_499' title='bbox 2469 2213 2644 2265; x_wconf 90' lang='lat' dir='ltr'><strong>anima</strong></span> <span class='ocrx_word' id='word_1_500' title='bbox 2683 2214 3005 2266; x_wconf 86' lang='lat' dir='ltr'><strong>luctantium</strong></span> <span class='ocrx_word' id='word_1_501' title='bbox 3030 2254 3043 2275; x_wconf 92' lang='lat'><strong>,</strong></span> <span class='ocrx_word' id='word_1_502' title='bbox 3072 2214 3182 2266; x_wconf 75' lang='lat' dir='ltr'><strong>Deo</strong></span> <span class='ocrx_word' id='word_1_503' title='bbox 3216 2223 3268 2267; x_wconf 90' lang='lat' dir='ltr'><strong>et</strong></span> <span class='ocrx_word' id='word_1_504' title='bbox 3299 2230 3397 2265; x_wconf 83' lang='lat' dir='ltr'><strong>an-</strong></span> 
     </span>
    </p>
   </div>
   <div class='ocr_carea' id='block_1_67' title="bbox 1826 2299 3395 2369">
    <p class='ocr_par' dir='ltr' id='par_1_67' title="bbox 1826 2299 3395 2369">
     <span class='ocr_line' id='line_1_67' title="bbox 1826 2299 3395 2369; baseline 0.001 -17"><span class='ocrx_word' id='word_1_505' title='bbox 1826 2299 1962 2369; x_wconf 82' lang='lat' dir='ltr'><strong>gelis</strong></span> <span class='ocrx_word' id='word_1_506' title='bbox 2001 2311 2281 2354; x_wconf 84' lang='lat' dir='ltr'><strong>certamen</strong></span> <span class='ocrx_word' id='word_1_507' title='bbox 2323 2302 2716 2368; x_wconf 85' lang='lat' dir='ltr'><strong>spectantibus.</strong></span> <span class='ocrx_word' id='word_1_508' title='bbox 2747 2301 2932 2369; x_wconf 85' lang='lat' dir='ltr'><strong>Itaque</strong></span> <span class='ocrx_word' id='word_1_509' title='bbox 2971 2301 3199 2369; x_wconf 79' lang='lat' dir='ltr'><strong>singulis</strong></span> <span class='ocrx_word' id='word_1_510' title='bbox 3241 2300 3395 2353; x_wconf 79' lang='lat' dir='ltr'><strong>horis</strong></span> 
     </span>
    </p>
   </div>
   <div class='ocr_carea' id='block_1_68' title="bbox 1828 2390 3391 2460">
    <p class='ocr_par' dir='ltr' id='par_1_68' title="bbox 1828 2390 3391 2460">
     <span class='ocr_line' id='line_1_68' title="bbox 1828 2390 3391 2460; baseline 0 -18"><span class='ocrx_word' id='word_1_511' title='bbox 1828 2390 2212 2457; x_wconf 88' lang='lat' dir='ltr'><strong>producuntur</strong></span> <span class='ocrx_word' id='word_1_512' title='bbox 2251 2394 2319 2447; x_wconf 90' lang='lat' dir='ltr'><strong>ab</strong></span> <span class='ocrx_word' id='word_1_513' title='bbox 2359 2394 2538 2447; x_wconf 87' lang='lat' dir='ltr'><strong>anima</strong></span> <span class='ocrx_word' id='word_1_514' title='bbox 2586 2393 2769 2446; x_wconf 81' lang='lat' dir='ltr'><strong>multae</strong></span> <span class='ocrx_word' id='word_1_515' title='bbox 2809 2400 3063 2445; x_wconf 85' lang='lat' dir='ltr'><strong>recentes</strong></span> <span class='ocrx_word' id='word_1_516' title='bbox 3104 2391 3391 2460; x_wconf 85' lang='lat' dir='ltr'><strong>cogitatio-</strong></span> 
     </span>
    </p>
   </div>
   <div class='ocr_carea' id='block_1_69' title="bbox 1827 2482 3390 2553">
    <p class='ocr_par' dir='ltr' id='par_1_69' title="bbox 1827 2482 3390 2553">
     <span class='ocr_line' id='line_1_69' title="bbox 1827 2482 3390 2553; baseline 0.001 -20"><span class='ocrx_word' id='word_1_517' title='bbox 1827 2495 1958 2545; x_wconf 89' lang='lat' dir='ltr'><strong>nes;</strong></span> <span class='ocrx_word' id='word_1_518' title='bbox 1996 2482 2187 2537; x_wconf 88' lang='lat' dir='ltr'><strong>itidem</strong></span> <span class='ocrx_word' id='word_1_519' title='bbox 2220 2501 2247 2537; x_wconf 89' lang='lat' dir='ltr'><strong>a</strong></span> <span class='ocrx_word' id='word_1_520' title='bbox 2282 2485 2418 2537; x_wconf 91' lang='lat' dir='ltr'><strong>vitio</strong></span> <span class='ocrx_word' id='word_1_521' title='bbox 2452 2500 2671 2553; x_wconf 88' lang='lat' dir='ltr'><strong>quoque</strong></span> <span class='ocrx_word' id='word_1_522' title='bbox 2714 2486 2973 2539; x_wconf 87' lang='lat' dir='ltr'><strong>interius.</strong></span> <span class='ocrx_word' id='word_1_523' title='bbox 3006 2484 3200 2536; x_wconf 86' lang='lat' dir='ltr'><strong>Anima</strong></span> <span class='ocrx_word' id='word_1_524' title='bbox 3244 2482 3390 2535; x_wconf 87' lang='lat' dir='ltr'><strong>enim</strong></span> 
     </span>
    </p>
   </div>
   <div class='ocr_carea' id='block_1_70' title="bbox 1828 2574 3393 2644">
    <p class='ocr_par' dir='ltr' id='par_1_70' title="bbox 1828 2574 3393 2644">
     <span class='ocr_line' id='line_1_70' title="bbox 1828 2574 3393 2644; baseline -0.001 -16"><span class='ocrx_word' id='word_1_525' title='bbox 1828 2576 2028 2629; x_wconf 88' lang='lat' dir='ltr'><strong>multas</strong></span> <span class='ocrx_word' id='word_1_526' title='bbox 2057 2577 2367 2630; x_wconf 83' lang='lat' dir='ltr'><strong>reconditas</strong></span> <span class='ocrx_word' id='word_1_527' title='bbox 2398 2577 2563 2629; x_wconf 85' lang='lat' dir='ltr'><strong>habet</strong></span> <span class='ocrx_word' id='word_1_528' title='bbox 2588 2577 2972 2643; x_wconf 74' lang='lat' dir='ltr'><strong>cogitationes.</strong></span> <span class='ocrx_word' id='word_1_529' title='bbox 3004 2590 3139 2644; x_wconf 88' lang='lat' dir='ltr'><strong>quas</strong></span> <span class='ocrx_word' id='word_1_530' title='bbox 3182 2574 3247 2628; x_wconf 89' lang='lat' dir='ltr'><strong>ad</strong></span> <span class='ocrx_word' id='word_1_531' title='bbox 3291 2576 3393 2627; x_wconf 87' lang='lat' dir='ltr'><strong>ho-</strong></span> 
     </span>
    </p>
   </div>
   <div class='ocr_carea' id='block_1_71' title="bbox 1828 2667 3391 2737">
    <p class='ocr_par' dir='ltr' id='par_1_71' title="bbox 1828 2667 3391 2737">
     <span class='ocr_line' id='line_1_71' title="bbox 1828 2667 3391 2737; baseline -0.001 -18"><span class='ocrx_word' id='word_1_532' title='bbox 1828 2683 1943 2720; x_wconf 89' lang='lat' dir='ltr'><strong>ram</strong></span> <span class='ocrx_word' id='word_1_533' title='bbox 1971 2668 2141 2736; x_wconf 83' lang='lat' dir='ltr'><strong>ipsam</strong></span> <span class='ocrx_word' id='word_1_534' title='bbox 2175 2681 2427 2736; x_wconf 81' lang='lat' dir='ltr'><strong>procreat</strong></span> <span class='ocrx_word' id='word_1_535' title='bbox 2452 2677 2504 2721; x_wconf 84' lang='lat' dir='ltr'><strong>et</strong></span> <span class='ocrx_word' id='word_1_536' title='bbox 2528 2669 2715 2737; x_wconf 63' lang='lat' dir='ltr'><strong>gignit.</strong></span> <span class='ocrx_word' id='word_1_537' title='bbox 2745 2668 2923 2737; x_wconf 86' lang='lat' dir='ltr'><strong>Ipsum</strong></span> <span class='ocrx_word' id='word_1_538' title='bbox 2951 2682 3170 2735; x_wconf 84' lang='lat' dir='ltr'><strong>quoque</strong></span> <span class='ocrx_word' id='word_1_539' title='bbox 3197 2667 3391 2719; x_wconf 86' lang='lat' dir='ltr'><strong>vitium</strong></span> 
     </span>
    </p>
   </div>
   <div class='ocr_carea' id='block_1_72' title="bbox 1827 2758 3393 2827">
    <p class='ocr_par' dir='ltr' id='par_1_72' title="bbox 1827 2758 3393 2827">
     <span class='ocr_line' id='line_1_72' title="bbox 1827 2758 3393 2827; baseline -0.001 -15"><span class='ocrx_word' id='word_1_540' title='bbox 1827 2760 2128 2826; x_wconf 87' lang='lat' dir='ltr'><strong>permultas</strong></span> <span class='ocrx_word' id='word_1_541' title='bbox 2156 2760 2320 2812; x_wconf 83' lang='lat' dir='ltr'><strong>habet</strong></span> <span class='ocrx_word' id='word_1_542' title='bbox 2342 2760 2700 2827; x_wconf 70' lang='lat' dir='ltr'><strong>cogitationes</strong></span> <span class='ocrx_word' id='word_1_543' title='bbox 2725 2768 2780 2812; x_wconf 90' lang='lat' dir='ltr'><strong>et</strong></span> <span class='ocrx_word' id='word_1_544' title='bbox 2808 2758 3009 2821; x_wconf 87' lang='lat' dir='ltr'><strong>studia,</strong></span> <span class='ocrx_word' id='word_1_545' title='bbox 3031 2768 3085 2810; x_wconf 87' lang='lat' dir='ltr'><strong>et</strong></span> <span class='ocrx_word' id='word_1_546' title='bbox 3110 2758 3176 2811; x_wconf 85' lang='lat' dir='ltr'><strong>ad</strong></span> <span class='ocrx_word' id='word_1_547' title='bbox 3204 2759 3393 2811; x_wconf 85' lang='lat' dir='ltr'><strong>horam</strong></span> 
     </span>
    </p>
   </div>
   <div class='ocr_carea' id='block_1_73' title="bbox 1830 2848 3399 2920">
    <p class='ocr_par' dir='ltr' id='par_1_73' title="bbox 1830 2848 3399 2920">
     <span class='ocr_line' id='line_1_73' title="bbox 1830 2848 3399 2920; baseline -0.001 -18"><span class='ocrx_word' id='word_1_548' title='bbox 1830 2851 2083 2917; x_wconf 86' lang='lat' dir='ltr'><strong>producit</strong></span> <span class='ocrx_word' id='word_1_549' title='bbox 2105 2852 2463 2920; x_wconf 78' lang='lat' dir='ltr'><strong>cogitationes</strong></span> <span class='ocrx_word' id='word_1_550' title='bbox 2485 2865 2656 2904; x_wconf 85' lang='lat' dir='ltr'><strong>novas</strong></span> <span class='ocrx_word' id='word_1_551' title='bbox 2678 2849 2941 2903; x_wconf 87' lang='lat' dir='ltr'><strong>adversus</strong></span> <span class='ocrx_word' id='word_1_552' title='bbox 2962 2850 3215 2902; x_wconf 87' lang='lat' dir='ltr'><strong>animam.</strong></span> <span class='ocrx_word' id='word_1_553' title='bbox 3245 2848 3399 2901; x_wconf 76' lang='lat' dir='ltr'><strong>Mens</strong></span> 
     </span>
    </p>
   </div>
   <div class='ocr_carea' id='block_1_74' title="bbox 1828 2940 3396 3011">
    <p class='ocr_par' dir='ltr' id='par_1_74' title="bbox 1828 2940 3396 3011">
     <span class='ocr_line' id='line_1_74' title="bbox 1828 2940 3396 3011; baseline -0.003 -17"><span class='ocrx_word' id='word_1_554' title='bbox 1828 2942 2030 2995; x_wconf 87' lang='lat' dir='ltr'><strong>etenim</strong></span> <span class='ocrx_word' id='word_1_555' title='bbox 2056 2942 2243 3011; x_wconf 79' lang='lat' dir='ltr'><strong>auriga</strong></span> <span class='ocrx_word' id='word_1_556' title='bbox 2266 2942 2700 3010; x_wconf 69' lang='lat' dir='ltr'><strong>est,quaajungit</strong></span> <span class='ocrx_word' id='word_1_557' title='bbox 2721 2956 2947 2994; x_wconf 89' lang='lat' dir='ltr'><strong>currum</strong></span> <span class='ocrx_word' id='word_1_558' title='bbox 2971 2940 3396 3002; x_wconf 65' lang='lat' dir='ltr'><strong>animm,tenens</strong></span> 
     </span>
    </p>
   </div>
   <div class='ocr_carea' id='block_1_75' title="bbox 1830 3033 3393 3106">
    <p class='ocr_par' dir='ltr' id='par_1_75' title="bbox 1830 3033 3393 3106">
     <span class='ocr_line' id='line_1_75' title="bbox 1830 3033 3393 3106; baseline -0.003 -21"><span class='ocrx_word' id='word_1_559' title='bbox 1830 3033 2073 3089; x_wconf 83' lang='lat' dir='ltr'><strong>habenas</strong></span> <span class='ocrx_word' id='word_1_560' title='bbox 2102 3036 2491 3106; x_wconf 76' lang='lat' dir='ltr'><strong>cogitationum</strong></span> <span class='ocrx_word' id='word_1_561' title='bbox 2538 3052 2551 3088; x_wconf 87' lang='lat'><strong>:</strong></span> <span class='ocrx_word' id='word_1_562' title='bbox 2592 3044 2647 3087; x_wconf 88' lang='lat' dir='ltr'><strong>et</strong></span> <span class='ocrx_word' id='word_1_563' title='bbox 2678 3033 2853 3087; x_wconf 89' lang='lat' dir='ltr'><strong>currit</strong></span> <span class='ocrx_word' id='word_1_564' title='bbox 2885 3033 2997 3086; x_wconf 88' lang='lat' dir='ltr'><strong>illic</strong></span> <span class='ocrx_word' id='word_1_565' title='bbox 3034 3040 3220 3085; x_wconf 87' lang='lat' dir='ltr'><strong>contra</strong></span> <span class='ocrx_word' id='word_1_566' title='bbox 3263 3046 3393 3084; x_wconf 89' lang='lat' dir='ltr'><strong>cur-</strong></span> 
     </span>
    </p>
   </div>
   <div class='ocr_carea' id='block_1_76' title="bbox 1756 3122 3397 3222">
    <p class='ocr_par' dir='ltr' id='par_1_76' title="bbox 1756 3122 3397 3222">
     <span class='ocr_line' id='line_1_76' title="bbox 1756 3122 3397 3222; baseline -0.007 -40"><span class='ocrx_word' id='word_1_567' title='bbox 1756 3164 1798 3222; x_wconf 76' lang='lat' dir='ltr'>c</span> <span class='ocrx_word' id='word_1_568' title='bbox 1833 3144 1956 3184; x_wconf 89' lang='lat' dir='ltr'><strong>rum</strong></span> <span class='ocrx_word' id='word_1_569' title='bbox 1985 3127 2197 3183; x_wconf 69' lang='lat' dir='ltr'><strong>Satante</strong></span> <span class='ocrx_word' id='word_1_570' title='bbox 2227 3127 2317 3184; x_wconf 87' lang='lat' dir='ltr'><strong>ubi</strong></span> <span class='ocrx_word' id='word_1_571' title='bbox 2350 3130 2467 3199; x_wconf 86' lang='lat' dir='ltr'><strong>ipse</strong></span> <span class='ocrx_word' id='word_1_572' title='bbox 2493 3141 2711 3199; x_wconf 88' lang='lat' dir='ltr'><strong>quoque</strong></span> <span class='ocrx_word' id='word_1_573' title='bbox 2737 3124 2917 3195; x_wconf 82' lang='lat' dir='ltr'><strong>junxit</strong></span> <span class='ocrx_word' id='word_1_574' title='bbox 2943 3139 3164 3178; x_wconf 89' lang='lat' dir='ltr'><strong>currum</strong></span> <span class='ocrx_word' id='word_1_575' title='bbox 3199 3122 3397 3177; x_wconf 90' lang='lat' dir='ltr'><strong>adver-</strong></span> 
     </span>
    </p>
   </div>
   <div class='ocr_carea' id='block_1_77' title="bbox 1831 3221 2205 3274">
    <p class='ocr_par' dir='ltr' id='par_1_77' title="bbox 1831 3221 2205 3274">
     <span class='ocr_line' id='line_1_77' title="bbox 1831 3221 2205 3274; baseline 0.005 -2"><span class='ocrx_word' id='word_1_576' title='bbox 1831 3233 1924 3273; x_wconf 87' lang='lat' dir='ltr'><strong>sus</strong></span> <span class='ocrx_word' id='word_1_577' title='bbox 1950 3221 2205 3274; x_wconf 87' lang='lat' dir='ltr'><strong>animam.</strong></span> 
     </span>
    </p>
   </div>
   <div class='ocr_carea' id='block_1_78' title="bbox 1900 3308 3397 3380">
    <p class='ocr_par' dir='ltr' id='par_1_78' title="bbox 1900 3308 3397 3380">
     <span class='ocr_line' id='line_1_78' title="bbox 1900 3308 3397 3380; baseline -0.007 -16"><span class='ocrx_word' id='word_1_578' title='bbox 1900 3311 1985 3364; x_wconf 86' lang='lat' dir='ltr'><strong>Vl.</strong></span> <span class='ocrx_word' id='word_1_579' title='bbox 2026 3310 2395 3380; x_wconf 74' lang='lat' dir='ltr'><strong>Interrogatio.</strong></span> <span class='ocrx_word' id='word_1_580' title='bbox 2442 3309 2499 3364; x_wconf 84' lang='lat' dir='ltr'><strong>Si</strong></span> <span class='ocrx_word' id='word_1_581' title='bbox 2549 3311 2691 3379; x_wconf 71' lang='lat' dir='ltr'><strong>quies</strong></span> <span class='ocrx_word' id='word_1_582' title='bbox 2737 3317 2812 3363; x_wconf 77' lang='lat' dir='ltr'><strong>est</strong></span> <span class='ocrx_word' id='word_1_583' title='bbox 2854 3308 3066 3369; x_wconf 79' lang='lat' dir='ltr'><strong>anima,</strong></span> <span class='ocrx_word' id='word_1_584' title='bbox 3101 3321 3199 3374; x_wconf 79' lang='lat' dir='ltr'><strong>quo</strong></span> <span class='ocrx_word' id='word_1_585' title='bbox 3246 3314 3397 3371; x_wconf 75' lang='lat' dir='ltr'><strong>parte</strong></span> 
     </span>
    </p>
   </div>
   <div class='ocr_carea' id='block_1_79' title="bbox 1830 3400 3396 3469">
    <p class='ocr_par' dir='ltr' id='par_1_79' title="bbox 1830 3400 3396 3469">
     <span class='ocr_line' id='line_1_79' title="bbox 1830 3400 3396 3469; baseline -0.004 -18"><span class='ocrx_word' id='word_1_586' title='bbox 1830 3400 2004 3452; x_wconf 77' lang='lat' dir='ltr'><strong>dicunt</strong></span> <span class='ocrx_word' id='word_1_587' title='bbox 2048 3400 2211 3469; x_wconf 74' lang='lat' dir='ltr'><strong>aliqui</strong></span> <span class='ocrx_word' id='word_1_588' title='bbox 2253 3418 2345 3454; x_wconf 75' lang='lat' dir='ltr'><strong>nos</strong></span> <span class='ocrx_word' id='word_1_589' title='bbox 2383 3416 2488 3453; x_wconf 85' lang='lat' dir='ltr'><strong>non</strong></span> <span class='ocrx_word' id='word_1_590' title='bbox 2525 3415 2672 3469; x_wconf 75' lang='lat' dir='ltr'><strong>posse</strong></span> <span class='ocrx_word' id='word_1_591' title='bbox 2713 3415 2903 3462; x_wconf 84' lang='lat' dir='ltr'><strong>orare,</strong></span> <span class='ocrx_word' id='word_1_592' title='bbox 2936 3414 3028 3451; x_wconf 84' lang='lat' dir='ltr'><strong>nec</strong></span> <span class='ocrx_word' id='word_1_593' title='bbox 3066 3403 3396 3450; x_wconf 72' lang='lat' dir='ltr'><strong>perseverant</strong></span> 
     </span>
    </p>
   </div>
   <div class='ocr_carea' id='block_1_80' title="bbox 1830 3492 2187 3545">
    <p class='ocr_par' dir='ltr' id='par_1_80' title="bbox 1830 3492 2187 3545">
     <span class='ocr_line' id='line_1_80' title="bbox 1830 3492 2187 3545; baseline 0.003 -3"><span class='ocrx_word' id='word_1_594' title='bbox 1830 3492 1886 3543; x_wconf 87' lang='lat' dir='ltr'><strong>in</strong></span> <span class='ocrx_word' id='word_1_595' title='bbox 1914 3493 2187 3545; x_wconf 84' lang='lat' dir='ltr'><strong>oratione?</strong></span> 
     </span>
    </p>
   </div>
   <div class='ocr_carea' id='block_1_81' title="bbox 1898 3578 3399 3656">
    <p class='ocr_par' dir='ltr' id='par_1_81' title="bbox 1898 3578 3399 3656">
     <span class='ocr_line' id='line_1_81' title="bbox 1898 3578 3399 3656; baseline -0.006 -17"><span class='ocrx_word' id='word_1_596' title='bbox 1898 3586 2203 3656; x_wconf 77' lang='lat' dir='ltr'><strong>Responsio.</strong></span> <span class='ocrx_word' id='word_1_597' title='bbox 2254 3588 2371 3654; x_wconf 71' lang='lat' dir='ltr'><strong>Ipsa</strong></span> <span class='ocrx_word' id='word_1_598' title='bbox 2421 3585 2639 3654; x_wconf 85' lang='lat' dir='ltr'><strong>requies</strong></span> <span class='ocrx_word' id='word_1_599' title='bbox 2686 3585 2730 3637; x_wconf 88' lang='lat' dir='ltr'><strong>si</strong></span> <span class='ocrx_word' id='word_1_600' title='bbox 2782 3582 3053 3645; x_wconf 89' lang='lat' dir='ltr'><strong>abundet,</strong></span> <span class='ocrx_word' id='word_1_601' title='bbox 3088 3578 3399 3648; x_wconf 65' lang='lat' dir='ltr'><strong>supmditat</strong></span> 
     </span>
    </p>
   </div>
   <div class='ocr_carea' id='block_1_82' title="bbox 1832 3669 3395 3745">
    <p class='ocr_par' dir='ltr' id='par_1_82' title="bbox 1832 3669 3395 3745">
     <span class='ocr_line' id='line_1_82' title="bbox 1832 3669 3395 3745; baseline -0.007 -14"><span class='ocrx_word' id='word_1_602' title='bbox 1832 3680 2041 3733; x_wconf 88' lang='lat' dir='ltr'><strong>viscera</strong></span> <span class='ocrx_word' id='word_1_603' title='bbox 2090 3678 2480 3733; x_wconf 67' lang='lat' dir='ltr'><strong>misericordia:</strong></span> <span class='ocrx_word' id='word_1_604' title='bbox 2530 3688 2695 3745; x_wconf 89' lang='lat' dir='ltr'><strong>atque</strong></span> <span class='ocrx_word' id='word_1_605' title='bbox 2740 3676 2844 3729; x_wconf 90' lang='lat' dir='ltr'><strong>alia</strong></span> <span class='ocrx_word' id='word_1_606' title='bbox 2886 3671 3177 3741; x_wconf 83' lang='lat' dir='ltr'><strong>obsequia,</strong></span> <span class='ocrx_word' id='word_1_607' title='bbox 3212 3669 3395 3733; x_wconf 73' lang='lat' dir='ltr'><strong>velut,</strong></span> 
     </span>
    </p>
   </div>
   <div class='ocr_carea' id='block_1_83' title="bbox 1831 3764 3398 3833">
    <p class='ocr_par' dir='ltr' id='par_1_83' title="bbox 1831 3764 3398 3833">
     <span class='ocr_line' id='line_1_83' title="bbox 1831 3764 3398 3833; baseline -0.006 -10"><span class='ocrx_word' id='word_1_608' title='bbox 1831 3770 2087 3824; x_wconf 88' lang='lat' dir='ltr'><strong>visitandi</strong></span> <span class='ocrx_word' id='word_1_609' title='bbox 2131 3769 2362 3833; x_wconf 81' lang='lat' dir='ltr'><strong>fratres,</strong></span> <span class='ocrx_word' id='word_1_610' title='bbox 2396 3766 2743 3821; x_wconf 87' lang='lat' dir='ltr'><strong>ministrandi</strong></span> <span class='ocrx_word' id='word_1_611' title='bbox 2779 3764 2969 3819; x_wconf 82' lang='lat' dir='ltr'><strong>verbo.</strong></span> <span class='ocrx_word' id='word_1_612' title='bbox 3016 3764 3136 3832; x_wconf 85' lang='lat' dir='ltr'><strong>ipsa</strong></span> <span class='ocrx_word' id='word_1_613' title='bbox 3179 3775 3398 3830; x_wconf 86' lang='lat' dir='ltr'><strong>quoque</strong></span> 
     </span>
    </p>
   </div>
   <div class='ocr_carea' id='block_1_84' title="bbox 1831 3848 3395 3926">
    <p class='ocr_par' dir='ltr' id='par_1_84' title="bbox 1831 3848 3395 3926">
     <span class='ocr_line' id='line_1_84' title="bbox 1831 3848 3395 3926; baseline -0.006 -14"><span class='ocrx_word' id='word_1_614' title='bbox 1831 3868 2027 3913; x_wconf 84' lang='lat' dir='ltr'><strong>natura</strong></span> <span class='ocrx_word' id='word_1_615' title='bbox 2076 3858 2354 3911; x_wconf 80' lang='lat' dir='ltr'><strong>desiderat</strong></span> <span class='ocrx_word' id='word_1_616' title='bbox 2408 3856 2696 3926; x_wconf 72' lang='lat' dir='ltr'><strong>progredi,</strong></span> <span class='ocrx_word' id='word_1_617' title='bbox 2740 3863 2796 3908; x_wconf 86' lang='lat' dir='ltr'><strong>et</strong></span> <span class='ocrx_word' id='word_1_618' title='bbox 2841 3855 3022 3907; x_wconf 79' lang='lat' dir='ltr'><strong>visere</strong></span> <span class='ocrx_word' id='word_1_619' title='bbox 3072 3850 3275 3905; x_wconf 86' lang='lat' dir='ltr'><strong>fratres</strong></span> <span class='ocrx_word' id='word_1_620' title='bbox 3324 3848 3395 3903; x_wconf 88' lang='lat' dir='ltr'><strong>ad</strong></span> 
     </span>
    </p>
   </div>
   <div class='ocr_carea' id='block_1_85' title="bbox 1832 3943 3397 4019">
    <p class='ocr_par' dir='ltr' id='par_1_85' title="bbox 1832 3943 3397 4019">
     <span class='ocr_line' id='line_1_85' title="bbox 1832 3943 3397 4019; baseline -0.006 -16"><span class='ocrx_word' id='word_1_621' title='bbox 1832 3948 2168 4019; x_wconf 90' lang='lat' dir='ltr'><strong>loquendum</strong></span> <span class='ocrx_word' id='word_1_622' title='bbox 2199 3949 2447 4002; x_wconf 89' lang='lat' dir='ltr'><strong>verbum.</strong></span> <span class='ocrx_word' id='word_1_623' title='bbox 2473 3947 2619 4002; x_wconf 85' lang='lat' dir='ltr'><strong>Nihil</strong></span> <span class='ocrx_word' id='word_1_624' title='bbox 2650 3947 2797 4001; x_wconf 90' lang='lat' dir='ltr'><strong>enim</strong></span> <span class='ocrx_word' id='word_1_625' title='bbox 2824 3952 2929 4009; x_wconf 84' lang='lat' dir='ltr'><strong>est,</strong></span> <span class='ocrx_word' id='word_1_626' title='bbox 2955 3943 3099 4013; x_wconf 83' lang='lat' dir='ltr'><strong>quod</strong></span> <span class='ocrx_word' id='word_1_627' title='bbox 3132 3945 3186 3995; x_wconf 91' lang='lat' dir='ltr'><strong>in</strong></span> <span class='ocrx_word' id='word_1_628' title='bbox 3216 3943 3397 4010; x_wconf 86' lang='lat' dir='ltr'><strong>ignem</strong></span> 
     </span>
    </p>
   </div>
   <div class='ocr_carea' id='block_1_86' title="bbox 1834 4029 3397 4108">
    <p class='ocr_par' dir='ltr' id='par_1_86' title="bbox 1834 4029 3397 4108">
     <span class='ocr_line' id='line_1_86' title="bbox 1834 4029 3397 4108; baseline -0.006 -16"><span class='ocrx_word' id='word_1_629' title='bbox 1834 4040 2175 4108; x_wconf 88' lang='lat' dir='ltr'><strong>conjectum,</strong></span> <span class='ocrx_word' id='word_1_630' title='bbox 2216 4047 2393 4105; x_wconf 86' lang='lat' dir='ltr'><strong>potest</strong></span> <span class='ocrx_word' id='word_1_631' title='bbox 2434 4048 2755 4103; x_wconf 85' lang='lat' dir='ltr'><strong>permanere</strong></span> <span class='ocrx_word' id='word_1_632' title='bbox 2802 4035 2858 4087; x_wconf 88' lang='lat' dir='ltr'><strong>in</strong></span> <span class='ocrx_word' id='word_1_633' title='bbox 2894 4049 2991 4087; x_wconf 90' lang='lat' dir='ltr'><strong>sua</strong></span> <span class='ocrx_word' id='word_1_634' title='bbox 3036 4043 3261 4092; x_wconf 84' lang='lat' dir='ltr'><strong>natura,</strong></span> <span class='ocrx_word' id='word_1_635' title='bbox 3301 4029 3397 4083; x_wconf 74' lang='lat' dir='ltr'><strong>Sed</strong></span> 
     </span>
    </p>
   </div>
   <div class='ocr_carea' id='block_1_87' title="bbox 1834 4124 3397 4197">
    <p class='ocr_par' dir='ltr' id='par_1_87' title="bbox 1834 4124 3397 4197">
     <span class='ocr_line' id='line_1_87' title="bbox 1834 4124 3397 4197; baseline -0.004 -15"><span class='ocrx_word' id='word_1_636' title='bbox 1834 4145 2056 4184; x_wconf 86' lang='lat' dir='ltr'><strong>necesse</strong></span> <span class='ocrx_word' id='word_1_637' title='bbox 2080 4141 2162 4183; x_wconf 74' lang='lat' dir='ltr'><strong>est</strong></span> <span class='ocrx_word' id='word_1_638' title='bbox 2184 4130 2357 4197; x_wconf 89' lang='lat' dir='ltr'><strong>ipsum</strong></span> <span class='ocrx_word' id='word_1_639' title='bbox 2380 4144 2599 4197; x_wconf 91' lang='lat' dir='ltr'><strong>quoque</strong></span> <span class='ocrx_word' id='word_1_640' title='bbox 2623 4128 2679 4181; x_wconf 90' lang='lat' dir='ltr'><strong>in</strong></span> <span class='ocrx_word' id='word_1_641' title='bbox 2711 4128 2887 4196; x_wconf 84' lang='lat' dir='ltr'><strong>ignem</strong></span> <span class='ocrx_word' id='word_1_642' title='bbox 2915 4126 3160 4179; x_wconf 89' lang='lat' dir='ltr'><strong>converti</strong></span> <span class='ocrx_word' id='word_1_643' title='bbox 3192 4144 3203 4177; x_wconf 89' lang='lat'>:</span> <span class='ocrx_word' id='word_1_644' title='bbox 3229 4124 3397 4177; x_wconf 91' lang='lat' dir='ltr'><strong>veluti</strong></span> 
     </span>
    </p>
   </div>
   <div class='ocr_carea' id='block_1_88' title="bbox 1835 4212 3400 4289">
    <p class='ocr_par' dir='ltr' id='par_1_88' title="bbox 1835 4212 3400 4289">
     <span class='ocr_line' id='line_1_88' title="bbox 1835 4212 3400 4289; baseline -0.006 -16"><span class='ocrx_word' id='word_1_645' title='bbox 1835 4220 1877 4273; x_wconf 90' lang='lat' dir='ltr'><strong>si</strong></span> <span class='ocrx_word' id='word_1_646' title='bbox 1907 4219 2163 4289; x_wconf 86' lang='lat' dir='ltr'><strong>projicias</strong></span> <span class='ocrx_word' id='word_1_647' title='bbox 2190 4219 2407 4287; x_wconf 89' lang='lat' dir='ltr'><strong>lapillos</strong></span> <span class='ocrx_word' id='word_1_648' title='bbox 2435 4218 2491 4270; x_wconf 88' lang='lat' dir='ltr'><strong>in</strong></span> <span class='ocrx_word' id='word_1_649' title='bbox 2522 4218 2724 4285; x_wconf 83' lang='lat' dir='ltr'><strong>ignem,</strong></span> <span class='ocrx_word' id='word_1_650' title='bbox 2750 4214 3048 4283; x_wconf 83' lang='lat' dir='ltr'><strong>pauxillum</strong></span> <span class='ocrx_word' id='word_1_651' title='bbox 3075 4212 3400 4280; x_wconf 91' lang='lat' dir='ltr'><strong>producitur</strong></span> 
     </span>
    </p>
   </div>
   <div class='ocr_carea' id='block_1_89' title="bbox 1833 4302 3399 4374">
    <p class='ocr_par' dir='ltr' id='par_1_89' title="bbox 1833 4302 3399 4374">
     <span class='ocr_line' id='line_1_89' title="bbox 1833 4302 3399 4374; baseline -0.005 -11"><span class='ocrx_word' id='word_1_652' title='bbox 1833 4311 2022 4364; x_wconf 83' lang='lat' dir='ltr'><strong>calcis.</strong></span> <span class='ocrx_word' id='word_1_653' title='bbox 2053 4308 2147 4363; x_wconf 86' lang='lat' dir='ltr'><strong>Sin</strong></span> <span class='ocrx_word' id='word_1_654' title='bbox 2184 4308 2236 4360; x_wconf 92' lang='lat' dir='ltr'><strong>in</strong></span> <span class='ocrx_word' id='word_1_655' title='bbox 2276 4324 2423 4361; x_wconf 84' lang='lat' dir='ltr'><strong>mare</strong></span> <span class='ocrx_word' id='word_1_656' title='bbox 2461 4308 2647 4360; x_wconf 84' lang='lat' dir='ltr'><strong>mittas</strong></span> <span class='ocrx_word' id='word_1_657' title='bbox 2680 4304 3015 4374; x_wconf 86' lang='lat' dir='ltr'><strong>quempiam,</strong></span> <span class='ocrx_word' id='word_1_658' title='bbox 3044 4303 3103 4355; x_wconf 88' lang='lat' dir='ltr'><strong>fit</strong></span> <span class='ocrx_word' id='word_1_659' title='bbox 3133 4314 3192 4356; x_wconf 92' lang='lat' dir='ltr'><strong>ut</strong></span> <span class='ocrx_word' id='word_1_660' title='bbox 3224 4302 3399 4371; x_wconf 83' lang='lat' dir='ltr'><strong>pluri-</strong></span> 
     </span>
    </p>
   </div>
   <div class='ocr_carea' id='block_1_90' title="bbox 1835 4395 3398 4463">
    <p class='ocr_par' dir='ltr' id='par_1_90' title="bbox 1835 4395 3398 4463">
     <span class='ocr_line' id='line_1_90' title="bbox 1835 4395 3398 4463; baseline -0.003 -10"><span class='ocrx_word' id='word_1_661' title='bbox 1835 4416 2006 4463; x_wconf 89' lang='lat' dir='ltr'><strong>mum,</strong></span> <span class='ocrx_word' id='word_1_662' title='bbox 2040 4408 2098 4452; x_wconf 90' lang='lat' dir='ltr'><strong>ut</strong></span> <span class='ocrx_word' id='word_1_663' title='bbox 2125 4399 2412 4452; x_wconf 86' lang='lat' dir='ltr'><strong>demersus</strong></span> <span class='ocrx_word' id='word_1_664' title='bbox 2440 4410 2497 4451; x_wconf 81' lang='lat' dir='ltr'><strong>et</strong></span> <span class='ocrx_word' id='word_1_665' title='bbox 2524 4397 2739 4451; x_wconf 87' lang='lat' dir='ltr'><strong>delatus</strong></span> <span class='ocrx_word' id='word_1_666' title='bbox 2776 4396 2832 4449; x_wconf 90' lang='lat' dir='ltr'><strong>in</strong></span> <span class='ocrx_word' id='word_1_667' title='bbox 2870 4395 3113 4448; x_wconf 90' lang='lat' dir='ltr'><strong>medium</strong></span> <span class='ocrx_word' id='word_1_668' title='bbox 3155 4395 3398 4463; x_wconf 75' lang='lat' dir='ltr'><strong>pelagus,</strong></span> 
     </span>
    </p>
   </div>
   <div class='ocr_carea' id='block_1_91' title="bbox 158 4486 1838 4558">
    <p class='ocr_par' dir='ltr' id='par_1_91' title="bbox 158 4486 1838 4558">
     <span class='ocr_line' id='line_1_91' title="bbox 158 4486 1838 4558; baseline -0.003 -14"><span class='ocrx_word' id='word_1_669' title='bbox 158 4494 301 4544; x_wconf 74' lang='grc' dir='ltr'>κατὰ</span> <span class='ocrx_word' id='word_1_670' title='bbox 354 4488 562 4558; x_wconf 73' lang='grc' dir='ltr'>βαθμὸν</span> <span class='ocrx_word' id='word_1_671' title='bbox 606 4488 1020 4557; x_wconf 77' lang='grc' dir='ltr'>εἰσερχόμενος,</span> <span class='ocrx_word' id='word_1_672' title='bbox 1073 4486 1235 4539; x_wconf 81' lang='grc' dir='ltr'>πάλιν</span> <span class='ocrx_word' id='word_1_673' title='bbox 1273 4487 1538 4557; x_wconf 79' lang='grc' dir='ltr'>ἀναὸῆναι</span> <span class='ocrx_word' id='word_1_674' title='bbox 1568 4486 1729 4547; x_wconf 84' lang='grc' dir='ltr'>θέλει,</span> <span class='ocrx_word' id='word_1_675' title='bbox 1767 4499 1838 4552; x_wconf 34' lang='grc' dir='ltr'><strong>υη</strong></span> 
     </span>
    </p>
   </div>
   <div class='ocr_carea' id='block_1_92' title="bbox 1720 4486 3400 4558">
    <p class='ocr_par' dir='ltr' id='par_1_92' title="bbox 1720 4487 3400 4556">
     <span class='ocr_line' id='line_1_92' title="bbox 1720 4487 3400 4556; baseline -0.004 -9"><span class='ocrx_word' id='word_1_676' title='bbox 1720 4528 1729 4547; x_wconf 87' lang='grc'><strong>.</strong></span> <span class='ocrx_word' id='word_1_677' title='bbox 1767 4499 1810 4552; x_wconf 89' lang='lat' dir='ltr'><strong>D</strong></span> <span class='ocrx_word' id='word_1_678' title='bbox 1837 4492 2093 4546; x_wconf 83' lang='lat' dir='ltr'><strong>fluetibus</strong></span> <span class='ocrx_word' id='word_1_679' title='bbox 2120 4491 2408 4556; x_wconf 89' lang='lat' dir='ltr'><strong>obruatur,</strong></span> <span class='ocrx_word' id='word_1_680' title='bbox 2437 4499 2492 4543; x_wconf 91' lang='lat' dir='ltr'><strong>et</strong></span> <span class='ocrx_word' id='word_1_681' title='bbox 2517 4489 2695 4543; x_wconf 88' lang='lat' dir='ltr'><strong>visum</strong></span> <span class='ocrx_word' id='word_1_682' title='bbox 2727 4487 2972 4555; x_wconf 76' lang='lat' dir='ltr'><strong>effugiat.</strong></span> <span class='ocrx_word' id='word_1_683' title='bbox 2999 4487 3102 4552; x_wconf 86' lang='lat' dir='ltr'><strong>Qui</strong></span> <span class='ocrx_word' id='word_1_684' title='bbox 3132 4503 3263 4540; x_wconf 85' lang='lat' dir='ltr'><strong>vero</strong></span> <span class='ocrx_word' id='word_1_685' title='bbox 3300 4502 3400 4555; x_wconf 85' lang='lat' dir='ltr'><strong>per</strong></span> 
     </span>
    </p>
   </div>
   <div class='ocr_carea' id='block_1_93' title="bbox 159 4576 1839 4654">
    <p class='ocr_par' dir='ltr' id='par_1_93' title="bbox 159 4576 1839 4651">
     <span class='ocr_line' id='line_1_93' title="bbox 159 4576 1839 4651; baseline -0.002 -17"><span class='ocrx_word' id='word_1_686' title='bbox 159 4583 255 4634; x_wconf 75' lang='grc' dir='ltr'>καὶ</span> <span class='ocrx_word' id='word_1_687' title='bbox 304 4578 631 4633; x_wconf 67' lang='grc' dir='ltr'>ἐπιπλεῦσαι</span> <span class='ocrx_word' id='word_1_688' title='bbox 685 4578 780 4631; x_wconf 75' lang='grc' dir='ltr'><strong>καὶ</strong></span> <span class='ocrx_word' id='word_1_689' title='bbox 814 4576 1049 4641; x_wconf 74' lang='grc' dir='ltr'>ἐξελθεῖν</span> <span class='ocrx_word' id='word_1_690' title='bbox 1103 4578 1186 4639; x_wconf 86' lang='grc' dir='ltr'><strong>είς</strong></span> <span class='ocrx_word' id='word_1_691' title='bbox 1238 4576 1452 4646; x_wconf 80' lang='grc' dir='ltr'>λιμένα,</span> <span class='ocrx_word' id='word_1_692' title='bbox 1486 4578 1580 4630; x_wconf 72' lang='grc' dir='ltr'><strong>καὶ</strong></span> <span class='ocrx_word' id='word_1_693' title='bbox 1609 4578 1734 4631; x_wconf 81' lang='grc' dir='ltr'>ίδεῖν</span> <span class='ocrx_word' id='word_1_694' title='bbox 1831 4603 1839 4651; x_wconf 62' lang='grc' dir='ltr'><strong>ι</strong></span> 
     </span>
    </p>
   </div>
   <div class='ocr_carea' id='block_1_94' title="bbox 1717 4576 3397 4654">
    <p class='ocr_par' dir='ltr' id='par_1_94' title="bbox 1717 4578 3397 4654">
     <span class='ocr_line' id='line_1_94' title="bbox 1717 4578 3397 4654; baseline -0.004 -17"><span class='ocrx_word' id='word_1_695' title='bbox 1717 4595 1734 4630; x_wconf 66' lang='grc' dir='ltr'><strong>ν</strong></span> <span class='ocrx_word' id='word_1_696' title='bbox 1831 4583 2034 4654; x_wconf 87' lang='lat' dir='ltr'><strong>gradus</strong></span> <span class='ocrx_word' id='word_1_697' title='bbox 2065 4582 2392 4650; x_wconf 81' lang='lat' dir='ltr'><strong>ingreditur,</strong></span> <span class='ocrx_word' id='word_1_698' title='bbox 2423 4581 2605 4634; x_wconf 87' lang='lat' dir='ltr'><strong>denuo</strong></span> <span class='ocrx_word' id='word_1_699' title='bbox 2638 4579 2938 4633; x_wconf 86' lang='lat' dir='ltr'><strong>ascendere</strong></span> <span class='ocrx_word' id='word_1_700' title='bbox 2978 4578 3271 4641; x_wconf 86' lang='lat' dir='ltr'><strong>desiderat,</strong></span> <span class='ocrx_word' id='word_1_701' title='bbox 3298 4578 3397 4630; x_wconf 87' lang='lat' dir='ltr'><strong>ad-</strong></span> 
     </span>
    </p>
   </div>
   <div class='ocr_carea' id='block_1_95' title="bbox 157 4667 1837 4746">
    <p class='ocr_par' dir='ltr' id='par_1_95' title="bbox 157 4667 1837 4739">
     <span class='ocr_line' id='line_1_95' title="bbox 157 4667 1837 4739; baseline -0.004 -15"><span class='ocrx_word' id='word_1_702' title='bbox 157 4674 283 4734; x_wconf 77' lang='grc' dir='ltr'>τειὺς</span> <span class='ocrx_word' id='word_1_703' title='bbox 320 4672 412 4723; x_wconf 69' lang='grc' dir='ltr'>επὶ</span> <span class='ocrx_word' id='word_1_704' title='bbox 437 4670 539 4739; x_wconf 83' lang='grc' dir='ltr'><strong>γῆς</strong></span> <span class='ocrx_word' id='word_1_705' title='bbox 570 4668 889 4739; x_wconf 81' lang='grc' dir='ltr'>ἀνθρώπους</span> <span class='ocrx_word' id='word_1_706' title='bbox 913 4683 928 4699; x_wconf 87' lang='grc'>⁶</span> <span class='ocrx_word' id='word_1_707' title='bbox 965 4668 1137 4730; x_wconf 78' lang='grc' dir='ltr'>οὓτως</span> <span class='ocrx_word' id='word_1_708' title='bbox 1173 4667 1267 4719; x_wconf 78' lang='grc' dir='ltr'><strong>καὶ</strong></span> <span class='ocrx_word' id='word_1_709' title='bbox 1298 4670 1377 4730; x_wconf 82' lang='grc' dir='ltr'><strong>είς</strong></span> <span class='ocrx_word' id='word_1_710' title='bbox 1402 4671 1463 4719; x_wconf 79' lang='grc' dir='ltr'>τὸ</span> <span class='ocrx_word' id='word_1_711' title='bbox 1490 4686 1735 4737; x_wconf 82' lang='grc' dir='ltr'>πνευμα-</span> <span class='ocrx_word' id='word_1_712' title='bbox 1833 4696 1837 4731; x_wconf 45' lang='grc' dir='ltr'><em>λ</em></span> 
     </span>
    </p>
   </div>
   <div class='ocr_carea' id='block_1_96' title="bbox 1719 4667 3399 4746">
    <p class='ocr_par' dir='ltr' id='par_1_96' title="bbox 1719 4670 3399 4746">
     <span class='ocr_line' id='line_1_96' title="bbox 1719 4670 3399 4746; baseline -0.005 -14"><span class='ocrx_word' id='word_1_713' title='bbox 1719 4696 1735 4708; x_wconf 89' lang='grc'>·</span> <span class='ocrx_word' id='word_1_714' title='bbox 1833 4676 2089 4746; x_wconf 79' lang='lat' dir='ltr'><strong>navigare</strong></span> <span class='ocrx_word' id='word_1_715' title='bbox 2115 4685 2171 4728; x_wconf 86' lang='lat' dir='ltr'><strong>et</strong></span> <span class='ocrx_word' id='word_1_716' title='bbox 2200 4674 2384 4743; x_wconf 81' lang='lat' dir='ltr'><strong>egredi</strong></span> <span class='ocrx_word' id='word_1_717' title='bbox 2418 4673 2484 4725; x_wconf 90' lang='lat' dir='ltr'><strong>ad</strong></span> <span class='ocrx_word' id='word_1_718' title='bbox 2515 4681 2755 4741; x_wconf 83' lang='lat' dir='ltr'><strong>portum,</strong></span> <span class='ocrx_word' id='word_1_719' title='bbox 2783 4677 2843 4723; x_wconf 90' lang='lat' dir='ltr'><strong>ut</strong></span> <span class='ocrx_word' id='word_1_720' title='bbox 2872 4670 3117 4739; x_wconf 83' lang='lat' dir='ltr'><strong>aspiciat,</strong></span> <span class='ocrx_word' id='word_1_721' title='bbox 3146 4670 3236 4738; x_wconf 90' lang='lat' dir='ltr'><strong>qui</strong></span> <span class='ocrx_word' id='word_1_722' title='bbox 3271 4678 3399 4723; x_wconf 90' lang='lat' dir='ltr'><strong>sunt</strong></span> 
     </span>
    </p>
   </div>
   <div class='ocr_carea' id='block_1_97' title="bbox 159 4758 1839 4830">
    <p class='ocr_par' dir='ltr' id='par_1_97' title="bbox 159 4758 1839 4830">
     <span class='ocr_line' id='line_1_97' title="bbox 159 4758 1839 4830; baseline -0.003 -15"><span class='ocrx_word' id='word_1_723' title='bbox 159 4764 309 4816; x_wconf 83' lang='grc' dir='ltr'>τικὸν</span> <span class='ocrx_word' id='word_1_724' title='bbox 360 4760 668 4830; x_wconf 74' lang='grc' dir='ltr'>εἰσέρχεταί</span> <span class='ocrx_word' id='word_1_725' title='bbox 714 4776 797 4821; x_wconf 88' lang='grc' dir='ltr'><strong>τις</strong></span> <span class='ocrx_word' id='word_1_726' title='bbox 843 4760 923 4821; x_wconf 83' lang='grc' dir='ltr'>εις</span> <span class='ocrx_word' id='word_1_727' title='bbox 966 4758 1127 4826; x_wconf 81' lang='grc' dir='ltr'>βάθος</span> <span class='ocrx_word' id='word_1_728' title='bbox 1163 4758 1417 4827; x_wconf 76' lang='grc' dir='ltr'>χάριτος,</span> <span class='ocrx_word' id='word_1_729' title='bbox 1454 4759 1547 4811; x_wconf 76' lang='grc' dir='ltr'>καὶ</span> <span class='ocrx_word' id='word_1_730' title='bbox 1577 4759 1737 4811; x_wconf 83' lang='grc' dir='ltr'>πάλιν</span> <span class='ocrx_word' id='word_1_731' title='bbox 1834 4766 1839 4817; x_wconf 58' lang='lat'><strong>1‘</strong></span> 
     </span>
    </p>
   </div>
   <div class='ocr_carea' id='block_1_98' title="bbox 1720 4758 3400 4830">
    <p class='ocr_par' dir='ltr' id='par_1_98' title="bbox 1720 4759 3400 4828">
     <span class='ocr_line' id='line_1_98' title="bbox 1720 4759 3400 4828; baseline -0.004 -11"><span class='ocrx_word' id='word_1_732' title='bbox 1720 4777 1737 4811; x_wconf 68' lang='grc' dir='ltr'><strong>ν</strong></span> <span class='ocrx_word' id='word_1_733' title='bbox 1834 4765 1890 4817; x_wconf 90' lang='lat' dir='ltr'><strong>in</strong></span> <span class='ocrx_word' id='word_1_734' title='bbox 1924 4764 2104 4827; x_wconf 89' lang='lat' dir='ltr'><strong>terris,</strong></span> <span class='ocrx_word' id='word_1_735' title='bbox 2136 4763 2383 4815; x_wconf 86' lang='lat' dir='ltr'><strong>homines</strong></span> <span class='ocrx_word' id='word_1_736' title='bbox 2411 4778 2423 4813; x_wconf 89' lang='lat'><strong>:</strong></span> <span class='ocrx_word' id='word_1_737' title='bbox 2454 4762 2535 4815; x_wconf 90' lang='lat' dir='ltr'><strong>sic</strong></span> <span class='ocrx_word' id='word_1_738' title='bbox 2560 4775 2780 4828; x_wconf 89' lang='lat' dir='ltr'><strong>quoque</strong></span> <span class='ocrx_word' id='word_1_739' title='bbox 2810 4760 2867 4813; x_wconf 90' lang='lat' dir='ltr'><strong>in</strong></span> <span class='ocrx_word' id='word_1_740' title='bbox 2894 4776 2951 4814; x_wconf 89' lang='lat' dir='ltr'><strong>re</strong></span> <span class='ocrx_word' id='word_1_741' title='bbox 2984 4759 3276 4828; x_wconf 86' lang='lat' dir='ltr'><strong>spirituali,</strong></span> <span class='ocrx_word' id='word_1_742' title='bbox 3303 4760 3400 4813; x_wconf 58' lang='lat' dir='ltr'><strong>alio</strong></span> 
     </span>
    </p>
   </div>
   <div class='ocr_carea' id='block_1_99' title="bbox 165 4847 1738 4922">
    <p class='ocr_par' dir='ltr' id='par_1_99' title="bbox 165 4847 1738 4922">
     <span class='ocr_line' id='line_1_99' title="bbox 165 4847 1738 4922; baseline -0.002 -19"><span class='ocrx_word' id='word_1_743' title='bbox 165 4850 493 4922; x_wconf 82' lang='grc' dir='ltr'>μνημονεύει</span> <span class='ocrx_word' id='word_1_744' title='bbox 540 4848 647 4902; x_wconf 80' lang='grc' dir='ltr'><strong>τῶν</strong></span> <span class='ocrx_word' id='word_1_745' title='bbox 692 4848 923 4918; x_wconf 76' lang='grc' dir='ltr'>ἑταίρων</span> <span class='ocrx_word' id='word_1_746' title='bbox 966 4847 1165 4911; x_wconf 80' lang='grc' dir='ltr'>αὑτοῦ,</span> <span class='ocrx_word' id='word_1_747' title='bbox 1228 4848 1319 4899; x_wconf 71' lang='grc' dir='ltr'><strong>καὶ¹</strong></span> <span class='ocrx_word' id='word_1_748' title='bbox 1349 4848 1487 4916; x_wconf 81' lang='grc' dir='ltr'>αὐτὴ</span> <span class='ocrx_word' id='word_1_749' title='bbox 1518 4850 1551 4917; x_wconf 80' lang='grc' dir='ltr'><strong>ἡ</strong></span> <span class='ocrx_word' id='word_1_750' title='bbox 1582 4850 1738 4916; x_wconf 69' lang='grc' dir='ltr'>φύσις</span> 
     </span>
    </p>
   </div>
   <div class='ocr_carea' id='block_1_100' title="bbox 161 4939 1734 5011">
    <p class='ocr_par' dir='ltr' id='par_1_100' title="bbox 161 4939 1734 5011">
     <span class='ocr_line' id='line_1_100' title="bbox 161 4939 1734 5011; baseline -0.001 -16"><span class='ocrx_word' id='word_1_751' title='bbox 161 4946 307 4997; x_wconf 78' lang='grc' dir='ltr'>θέλει</span> <span class='ocrx_word' id='word_1_752' title='bbox 340 4942 598 4996; x_wconf 75' lang='grc' dir='ltr'>ἀπελθεῖν</span> <span class='ocrx_word' id='word_1_753' title='bbox 625 4941 704 5003; x_wconf 78' lang='grc' dir='ltr'><strong>είς</strong></span> <span class='ocrx_word' id='word_1_754' title='bbox 729 4940 1015 5008; x_wconf 81' lang='grc' dir='ltr'>ἀδελφοὺς,</span> <span class='ocrx_word' id='word_1_755' title='bbox 1050 4939 1449 5011; x_wconf 84' lang='grc' dir='ltr'>ἀποπληρῶσαι</span> <span class='ocrx_word' id='word_1_756' title='bbox 1477 4940 1574 5011; x_wconf 81' lang='grc' dir='ltr'>τὴν</span> <span class='ocrx_word' id='word_1_757' title='bbox 1600 4942 1734 5008; x_wconf 78' lang='grc' dir='ltr'><strong>ἁγά-</strong></span> 
     </span>
    </p>
   </div>
   <div class='ocr_carea' id='block_1_101' title="bbox 161 5028 959 5104">
    <p class='ocr_par' dir='ltr' id='par_1_101' title="bbox 161 5028 959 5104">
     <span class='ocr_line' id='line_1_101' title="bbox 161 5028 959 5104; baseline -0.001 -16"><span class='ocrx_word' id='word_1_758' title='bbox 161 5028 291 5104; x_wconf 73' lang='grc' dir='ltr'>πήν,</span> <span class='ocrx_word' id='word_1_759' title='bbox 330 5034 436 5102; x_wconf 84' lang='grc' dir='ltr'>πλη</span> <span class='ocrx_word' id='word_1_760' title='bbox 444 5050 577 5102; x_wconf 86' lang='grc' dir='ltr'>ροφο</span> <span class='ocrx_word' id='word_1_761' title='bbox 584 5032 750 5103; x_wconf 85' lang='grc' dir='ltr'>ρῆσαι</span> <span class='ocrx_word' id='word_1_762' title='bbox 780 5030 959 5099; x_wconf 84' lang='grc' dir='ltr'>λόγον.</span> 
     </span>
    </p>
   </div>
   <div class='ocr_carea' id='block_1_102' title="bbox 236 5207 1735 5280">
    <p class='ocr_par' dir='ltr' id='par_1_102' title="bbox 236 5207 1735 5280">
     <span class='ocr_line' id='line_1_102' title="bbox 236 5207 1735 5280; baseline -0.007 -11"><span class='ocrx_word' id='word_1_763' title='bbox 236 5217 309 5269; x_wconf 90' lang='grc' dir='ltr'><strong>Ζ’.</strong></span> <span class='ocrx_word' id='word_1_764' title='bbox 358 5213 697 5280; x_wconf 77' lang='grc' dir='ltr'>Ἐρώτησις.</span> <span class='ocrx_word' id='word_1_765' title='bbox 734 5208 867 5274; x_wconf 84' lang='grc' dir='ltr'><strong>Πῶς</strong></span> <span class='ocrx_word' id='word_1_766' title='bbox 895 5208 1145 5261; x_wconf 76' lang='grc' dir='ltr'>δύναται</span> <span class='ocrx_word' id='word_1_767' title='bbox 1178 5209 1251 5261; x_wconf 83' lang='grc' dir='ltr'><strong>τὰ</strong></span> <span class='ocrx_word' id='word_1_768' title='bbox 1296 5207 1404 5260; x_wconf 80' lang='grc' dir='ltr'>δύο</span> <span class='ocrx_word' id='word_1_769' title='bbox 1448 5211 1735 5275; x_wconf 78' lang='grc' dir='ltr'>πρόσωπα</span> 
     </span>
    </p>
   </div>
   <div class='ocr_carea' id='block_1_103' title="bbox 157 5298 1680 5371">
    <p class='ocr_par' dir='ltr' id='par_1_103' title="bbox 157 5298 1680 5371">
     <span class='ocr_line' id='line_1_103' title="bbox 157 5298 1680 5371; baseline -0.017 -10"><span class='ocrx_word' id='word_1_770' title='bbox 157 5304 311 5361; x_wconf 74' lang='grc' dir='ltr'>εἶναι</span> <span class='ocrx_word' id='word_1_771' title='bbox 344 5305 413 5357; x_wconf 78' lang='grc' dir='ltr'><strong>ἐν</strong></span> <span class='ocrx_word' id='word_1_772' title='bbox 439 5302 513 5371; x_wconf 81' lang='grc' dir='ltr'><strong>τῇ</strong></span> <span class='ocrx_word' id='word_1_773' title='bbox 541 5300 771 5369; x_wconf 74' lang='grc' dir='ltr'>καρδίᾳ,</span> <span class='ocrx_word' id='word_1_774' title='bbox 803 5300 899 5352; x_wconf 79' lang='grc' dir='ltr'>καὶ</span> <span class='ocrx_word' id='word_1_775' title='bbox 930 5299 968 5365; x_wconf 73' lang='grc' dir='ltr'>ἡ</span> <span class='ocrx_word' id='word_1_776' title='bbox 1000 5298 1170 5367; x_wconf 75' lang='grc' dir='ltr'>χάρις</span> <span class='ocrx_word' id='word_1_777' title='bbox 1197 5299 1294 5352; x_wconf 68' lang='grc' dir='ltr'><strong>καὶ</strong></span> <span class='ocrx_word' id='word_1_778' title='bbox 1325 5298 1362 5365; x_wconf 69' lang='grc' dir='ltr'><strong><em>ἡ</em></strong></span> <span class='ocrx_word' id='word_1_779' title='bbox 1391 5299 1680 5366; x_wconf 53' lang='grc' dir='ltr'><strong>ἁμαρτιαε</strong></span> 
     </span>
    </p>
   </div>
   <div class='ocr_carea' id='block_1_104' title="bbox 240 5387 1729 5463">
    <p class='ocr_par' dir='ltr' id='par_1_104' title="bbox 240 5387 1729 5463">
     <span class='ocr_line' id='line_1_104' title="bbox 240 5387 1729 5463; baseline -0.017 -9"><span class='ocrx_word' id='word_1_780' title='bbox 240 5400 298 5453; x_wconf 81' lang='grc' dir='ltr'><strong>’Δ</strong></span> <span class='ocrx_word' id='word_1_781' title='bbox 311 5397 610 5463; x_wconf 80' lang='grc' dir='ltr'>πόκρισις.</span> <span class='ocrx_word' id='word_1_782' title='bbox 648 5394 859 5462; x_wconf 82' lang='grc' dir='ltr'>Ὠσπερ</span> <span class='ocrx_word' id='word_1_783' title='bbox 892 5392 1019 5443; x_wconf 85' lang='grc' dir='ltr'>ὅταν</span> <span class='ocrx_word' id='word_1_784' title='bbox 1048 5387 1081 5463; x_wconf 81' lang='grc' dir='ltr'><strong>ᾖ</strong></span> <span class='ocrx_word' id='word_1_785' title='bbox 1115 5391 1226 5461; x_wconf 82' lang='grc' dir='ltr'><strong>πῦρ</strong></span> <span class='ocrx_word' id='word_1_786' title='bbox 1255 5389 1452 5455; x_wconf 67' lang='grc' dir='ltr'>ἔξωθεν</span> <span class='ocrx_word' id='word_1_787' title='bbox 1482 5392 1729 5461; x_wconf 49' lang='grc' dir='ltr'><strong>χαλκίον,</strong></span> 
     </span>
    </p>
   </div>
   <div class='ocr_carea' id='block_1_105' title="bbox 156 5480 1729 5553">
    <p class='ocr_par' dir='ltr' id='par_1_105' title="bbox 156 5480 1729 5553">
     <span class='ocr_line' id='line_1_105' title="bbox 156 5480 1729 5553; baseline -0.004 -10"><span class='ocrx_word' id='word_1_788' title='bbox 156 5488 348 5543; x_wconf 72' lang='grc' dir='ltr'>λοιπον</span> <span class='ocrx_word' id='word_1_789' title='bbox 398 5485 493 5538; x_wconf 81' lang='grc' dir='ltr'><strong>ὲάν</strong></span> <span class='ocrx_word' id='word_1_790' title='bbox 541 5483 819 5553; x_wconf 73' lang='grc' dir='ltr'>ὑποϐάλῃς</span> <span class='ocrx_word' id='word_1_791' title='bbox 870 5481 1040 5546; x_wconf 79' lang='grc' dir='ltr'>ξύλα,</span> <span class='ocrx_word' id='word_1_792' title='bbox 1096 5482 1202 5534; x_wconf 76' lang='grc' dir='ltr'><strong>ἰδοὺ</strong></span> <span class='ocrx_word' id='word_1_793' title='bbox 1236 5480 1470 5553; x_wconf 76' lang='grc' dir='ltr'>Ικπυρον</span> <span class='ocrx_word' id='word_1_794' title='bbox 1502 5482 1729 5550; x_wconf 84' lang='grc' dir='ltr'>γίνεται,</span> 
     </span>
    </p>
   </div>
   <div class='ocr_carea' id='block_1_106' title="bbox 156 5574 1728 5647">
    <p class='ocr_par' dir='ltr' id='par_1_106' title="bbox 156 5574 1728 5647">
     <span class='ocr_line' id='line_1_106' title="bbox 156 5574 1728 5647; baseline -0.006 -10"><span class='ocrx_word' id='word_1_795' title='bbox 156 5585 253 5637; x_wconf 72' lang='grc' dir='ltr'><strong>καὶ</strong></span> <span class='ocrx_word' id='word_1_796' title='bbox 280 5582 345 5633; x_wconf 68' lang='grc' dir='ltr'>τὸ</span> <span class='ocrx_word' id='word_1_797' title='bbox 372 5578 572 5633; x_wconf 71' lang='grc' dir='ltr'>ἔσωθεν</span> <span class='ocrx_word' id='word_1_798' title='bbox 599 5577 693 5630; x_wconf 91' lang='grc' dir='ltr'><strong>τοῦ</strong></span> <span class='ocrx_word' id='word_1_799' title='bbox 718 5576 947 5640; x_wconf 86' lang='grc' dir='ltr'>σκεύους</span> <span class='ocrx_word' id='word_1_800' title='bbox 975 5576 1184 5647; x_wconf 70' lang='grc' dir='ltr'>ἕψεται,</span> <span class='ocrx_word' id='word_1_801' title='bbox 1221 5575 1314 5629; x_wconf 68' lang='grc' dir='ltr'><strong>καὶ</strong></span> <span class='ocrx_word' id='word_1_802' title='bbox 1348 5574 1594 5645; x_wconf 82' lang='grc' dir='ltr'>βράσσει,</span> <span class='ocrx_word' id='word_1_803' title='bbox 1631 5577 1728 5631; x_wconf 82' lang='grc' dir='ltr'><strong>τοῦ</strong></span> 
     </span>
    </p>
   </div>
   <div class='ocr_carea' id='block_1_107' title="bbox 230 5772 1086 5844">
    <p class='ocr_par' dir='ltr' id='par_1_107' title="bbox 230 5772 1086 5844">
     <span class='ocr_line' id='line_1_107' title="bbox 230 5772 1086 5844; baseline -0.001 -17"><span class='ocrx_word' id='word_1_804' title='bbox 230 5775 309 5841; x_wconf 76' lang='lat'><strong>(3)</strong></span> <span class='ocrx_word' id='word_1_805' title='bbox 346 5775 509 5844; x_wconf 79' lang='grc' dir='ltr'>Εὐχή,</span> <span class='ocrx_word' id='word_1_806' title='bbox 544 5772 734 5838; x_wconf 81' lang='lat' dir='ltr'><strong>oratio,</strong></span> <span class='ocrx_word' id='word_1_807' title='bbox 769 5772 872 5844; x_wconf 81' lang='lat' dir='ltr'><strong>legi</strong></span> <span class='ocrx_word' id='word_1_808' title='bbox 906 5773 1086 5829; x_wconf 84' lang='lat' dir='ltr'><strong>debet.</strong></span> 
     </span>
    </p>
   </div>
   <div class='ocr_carea' id='block_1_108' title="bbox 1837 4850 3403 4922">
    <p class='ocr_par' dir='ltr' id='par_1_108' title="bbox 1837 4850 3403 4922">
     <span class='ocr_line' id='line_1_108' title="bbox 1837 4850 3403 4922; baseline -0.002 -16"><span class='ocrx_word' id='word_1_809' title='bbox 1837 4854 1962 4922; x_wconf 86' lang='lat' dir='ltr'><strong>quis</strong></span> <span class='ocrx_word' id='word_1_810' title='bbox 1988 4853 2041 4907; x_wconf 90' lang='lat' dir='ltr'><strong>in</strong></span> <span class='ocrx_word' id='word_1_811' title='bbox 2072 4852 2403 4922; x_wconf 88' lang='lat' dir='ltr'><strong>profundum</strong></span> <span class='ocrx_word' id='word_1_812' title='bbox 2434 4851 2622 4920; x_wconf 75' lang='lat' dir='ltr'><strong>gratiae</strong></span> <span class='ocrx_word' id='word_1_813' title='bbox 2646 4850 2945 4919; x_wconf 84' lang='lat' dir='ltr'><strong>ingressus,</strong></span> <span class='ocrx_word' id='word_1_814' title='bbox 2971 4864 3189 4903; x_wconf 90' lang='lat' dir='ltr'><strong>rursum</strong></span> <span class='ocrx_word' id='word_1_815' title='bbox 3215 4864 3403 4903; x_wconf 84' lang='lat' dir='ltr'><strong>recor-</strong></span> 
     </span>
    </p>
   </div>
   <div class='ocr_carea' id='block_1_109' title="bbox 1836 4941 3402 5011">
    <p class='ocr_par' dir='ltr' id='par_1_109' title="bbox 1836 4941 3402 5011">
     <span class='ocr_line' id='line_1_109' title="bbox 1836 4941 3402 5011; baseline -0.002 -14"><span class='ocrx_word' id='word_1_816' title='bbox 1836 4946 1999 4999; x_wconf 82' lang='lat' dir='ltr'><strong>datur</strong></span> <span class='ocrx_word' id='word_1_817' title='bbox 2027 4945 2300 4999; x_wconf 90' lang='lat' dir='ltr'><strong>sociorum</strong></span> <span class='ocrx_word' id='word_1_818' title='bbox 2329 4957 2577 5006; x_wconf 88' lang='lat' dir='ltr'><strong>suorum,</strong></span> <span class='ocrx_word' id='word_1_819' title='bbox 2606 4941 2857 5011; x_wconf 85' lang='lat' dir='ltr'><strong>quinimo</strong></span> <span class='ocrx_word' id='word_1_820' title='bbox 2887 4942 3001 5010; x_wconf 87' lang='lat' dir='ltr'><strong>ipsa</strong></span> <span class='ocrx_word' id='word_1_821' title='bbox 3031 4950 3225 4995; x_wconf 89' lang='lat' dir='ltr'><strong>natura</strong></span> <span class='ocrx_word' id='word_1_822' title='bbox 3257 4941 3402 4994; x_wconf 88' lang='lat' dir='ltr'><strong>desi-</strong></span> 
     </span>
    </p>
   </div>
   <div class='ocr_carea' id='block_1_110' title="bbox 1834 5032 3403 5102">
    <p class='ocr_par' dir='ltr' id='par_1_110' title="bbox 1834 5032 3403 5102">
     <span class='ocr_line' id='line_1_110' title="bbox 1834 5032 3403 5102; baseline -0.001 -12"><span class='ocrx_word' id='word_1_823' title='bbox 1834 5036 1989 5090; x_wconf 86' lang='lat' dir='ltr'><strong>derat</strong></span> <span class='ocrx_word' id='word_1_824' title='bbox 2018 5035 2283 5090; x_wconf 87' lang='lat' dir='ltr'><strong>accedere</strong></span> <span class='ocrx_word' id='word_1_825' title='bbox 2318 5033 2387 5087; x_wconf 88' lang='lat' dir='ltr'><strong>ad</strong></span> <span class='ocrx_word' id='word_1_826' title='bbox 2423 5032 2649 5097; x_wconf 77' lang='lat' dir='ltr'><strong>fratres,</strong></span> <span class='ocrx_word' id='word_1_827' title='bbox 2677 5032 2907 5102; x_wconf 85' lang='lat' dir='ltr'><strong>implere</strong></span> <span class='ocrx_word' id='word_1_828' title='bbox 2940 5032 3295 5097; x_wconf 87' lang='lat' dir='ltr'><strong>cbaritatem,</strong></span> <span class='ocrx_word' id='word_1_829' title='bbox 3345 5043 3403 5088; x_wconf 88' lang='lat' dir='ltr'><strong>et</strong></span> 
     </span>
    </p>
   </div>
   <div class='ocr_carea' id='block_1_111' title="bbox 1833 5124 2481 5181">
    <p class='ocr_par' dir='ltr' id='par_1_111' title="bbox 1833 5124 2481 5181">
     <span class='ocr_line' id='line_1_111' title="bbox 1833 5124 2481 5181; baseline -0.006 -1"><span class='ocrx_word' id='word_1_830' title='bbox 1833 5127 2202 5181; x_wconf 81' lang='lat' dir='ltr'><strong>corroborare</strong></span> <span class='ocrx_word' id='word_1_831' title='bbox 2232 5124 2481 5178; x_wconf 88' lang='lat' dir='ltr'><strong>verbum.</strong></span> 
     </span>
    </p>
   </div>
   <div class='ocr_carea' id='block_1_112' title="bbox 1903 5212 3403 5285">
    <p class='ocr_par' dir='ltr' id='par_1_112' title="bbox 1903 5212 3403 5285">
     <span class='ocr_line' id='line_1_112' title="bbox 1903 5212 3403 5285; baseline -0.001 -15"><span class='ocrx_word' id='word_1_832' title='bbox 1903 5217 2015 5270; x_wconf 79' lang='lat' dir='ltr'><strong>Vll.</strong></span> <span class='ocrx_word' id='word_1_833' title='bbox 2047 5215 2417 5285; x_wconf 80' lang='lat' dir='ltr'><strong>Interrogatio.</strong></span> <span class='ocrx_word' id='word_1_834' title='bbox 2445 5212 2558 5278; x_wconf 82' lang='lat' dir='ltr'><strong>Quo</strong></span> <span class='ocrx_word' id='word_1_835' title='bbox 2593 5223 2745 5283; x_wconf 82' lang='lat' dir='ltr'><strong>pacto</strong></span> <span class='ocrx_word' id='word_1_836' title='bbox 2778 5222 2989 5282; x_wconf 80' lang='lat' dir='ltr'><strong>possunt</strong></span> <span class='ocrx_word' id='word_1_837' title='bbox 3022 5214 3139 5268; x_wconf 69' lang='lat' dir='ltr'><strong>dum</strong></span> <span class='ocrx_word' id='word_1_838' title='bbox 3168 5232 3403 5283; x_wconf 78' lang='lat' dir='ltr'><strong>persona:</strong></span> 
     </span>
    </p>
   </div>
   <div class='ocr_carea' id='block_1_113' title="bbox 1836 5306 3294 5376">
    <p class='ocr_par' dir='ltr' id='par_1_113' title="bbox 1836 5306 3294 5376">
     <span class='ocr_line' id='line_1_113' title="bbox 1836 5306 3294 5376; baseline 0 -17"><span class='ocrx_word' id='word_1_839' title='bbox 1836 5310 1889 5359; x_wconf 83' lang='lat' dir='ltr'><strong>in</strong></span> <span class='ocrx_word' id='word_1_840' title='bbox 1919 5309 2072 5359; x_wconf 88' lang='lat' dir='ltr'><strong>corde</strong></span> <span class='ocrx_word' id='word_1_841' title='bbox 2101 5309 2403 5370; x_wconf 79' lang='lat' dir='ltr'><strong>consistere,</strong></span> <span class='ocrx_word' id='word_1_842' title='bbox 2430 5307 2606 5375; x_wconf 87' lang='lat' dir='ltr'><strong>gratia</strong></span> <span class='ocrx_word' id='word_1_843' title='bbox 2633 5306 2882 5362; x_wconf 82' lang='lat' dir='ltr'><strong>nimirum</strong></span> <span class='ocrx_word' id='word_1_844' title='bbox 2913 5318 2959 5359; x_wconf 72' lang='lat' dir='ltr'><strong>et</strong></span> <span class='ocrx_word' id='word_1_845' title='bbox 2988 5308 3294 5376; x_wconf 78' lang='lat' dir='ltr'><strong>peccatum?</strong></span> 
     </span>
    </p>
   </div>
   <div class='ocr_carea' id='block_1_114' title="bbox 1909 5399 3401 5473">
    <p class='ocr_par' dir='ltr' id='par_1_114' title="bbox 1909 5399 3401 5473">
     <span class='ocr_line' id='line_1_114' title="bbox 1909 5399 3401 5473; baseline 0.003 -21"><span class='ocrx_word' id='word_1_846' title='bbox 1909 5399 2211 5468; x_wconf 76' lang='lat' dir='ltr'><strong>Responsio.</strong></span> <span class='ocrx_word' id='word_1_847' title='bbox 2240 5400 2711 5461; x_wconf 82' lang='lat' dir='ltr'><strong>Quemadmodum</strong></span> <span class='ocrx_word' id='word_1_848' title='bbox 2752 5406 2797 5457; x_wconf 84' lang='lat' dir='ltr'><strong>si</strong></span> <span class='ocrx_word' id='word_1_849' title='bbox 2837 5406 2909 5457; x_wconf 85' lang='lat' dir='ltr'><strong>sit</strong></span> <span class='ocrx_word' id='word_1_850' title='bbox 2947 5404 3088 5473; x_wconf 82' lang='lat' dir='ltr'><strong>ignis</strong></span> <span class='ocrx_word' id='word_1_851' title='bbox 3123 5413 3276 5458; x_wconf 80' lang='lat' dir='ltr'><strong>extra</strong></span> <span class='ocrx_word' id='word_1_852' title='bbox 3309 5420 3401 5457; x_wconf 78' lang='lat' dir='ltr'><strong>vas</strong></span> 
     </span>
    </p>
   </div>
   <div class='ocr_carea' id='block_1_115' title="bbox 1836 5491 3405 5563">
    <p class='ocr_par' dir='ltr' id='par_1_115' title="bbox 1836 5491 3405 5563">
     <span class='ocr_line' id='line_1_115' title="bbox 1836 5491 3405 5563; baseline 0.004 -21"><span class='ocrx_word' id='word_1_853' title='bbox 1836 5503 2080 5553; x_wconf 73' lang='lat' dir='ltr'><strong>aeneum,</strong></span> <span class='ocrx_word' id='word_1_854' title='bbox 2110 5500 2365 5545; x_wconf 75' lang='lat' dir='ltr'><strong>caeterum</strong></span> <span class='ocrx_word' id='word_1_855' title='bbox 2391 5491 2435 5546; x_wconf 90' lang='lat' dir='ltr'><strong>si</strong></span> <span class='ocrx_word' id='word_1_856' title='bbox 2462 5492 2765 5562; x_wconf 85' lang='lat' dir='ltr'><strong>subjeceris</strong></span> <span class='ocrx_word' id='word_1_857' title='bbox 2790 5493 2957 5563; x_wconf 91' lang='lat' dir='ltr'><strong>ligna,</strong></span> <span class='ocrx_word' id='word_1_858' title='bbox 2988 5510 3117 5550; x_wconf 84' lang='lat' dir='ltr'><strong>ecce</strong></span> <span class='ocrx_word' id='word_1_859' title='bbox 3146 5497 3405 5550; x_wconf 77' lang='lat' dir='ltr'><strong>accendi~</strong></span> 
     </span>
    </p>
   </div>
   <div class='ocr_carea' id='block_1_116' title="bbox 1840 5581 3398 5655">
    <p class='ocr_par' dir='ltr' id='par_1_116' title="bbox 1840 5581 3398 5655">
     <span class='ocr_line' id='line_1_116' title="bbox 1840 5581 3398 5655; baseline 0.004 -21"><span class='ocrx_word' id='word_1_860' title='bbox 1840 5587 1929 5634; x_wconf 90' lang='lat' dir='ltr'><strong>tur</strong></span> <span class='ocrx_word' id='word_1_861' title='bbox 1964 5581 2074 5647; x_wconf 90' lang='lat' dir='ltr'><strong>ille,</strong></span> <span class='ocrx_word' id='word_1_862' title='bbox 2106 5589 2161 5636; x_wconf 84' lang='lat' dir='ltr'><strong>et</strong></span> <span class='ocrx_word' id='word_1_863' title='bbox 2190 5582 2338 5651; x_wconf 83' lang='lat' dir='ltr'><strong>quod</strong></span> <span class='ocrx_word' id='word_1_864' title='bbox 2373 5584 2514 5637; x_wconf 89' lang='lat' dir='ltr'><strong>intra</strong></span> <span class='ocrx_word' id='word_1_865' title='bbox 2546 5598 2641 5638; x_wconf 77' lang='lat' dir='ltr'><strong>vas</strong></span> <span class='ocrx_word' id='word_1_866' title='bbox 2673 5592 2779 5653; x_wconf 86' lang='lat' dir='ltr'><strong>est,</strong></span> <span class='ocrx_word' id='word_1_867' title='bbox 2810 5588 3085 5655; x_wconf 90' lang='lat' dir='ltr'><strong>coquitur,</strong></span> <span class='ocrx_word' id='word_1_868' title='bbox 3116 5595 3175 5642; x_wconf 89' lang='lat' dir='ltr'><strong>et</strong></span> <span class='ocrx_word' id='word_1_869' title='bbox 3204 5587 3398 5653; x_wconf 82' lang='lat' dir='ltr'><strong>fervet,</strong></span> 
     </span>
    </p>
   </div>
  </div>
