4254 6358
850 390 954 454 ’767

2079 387 2122 447 3
2178 382 2497 444 MACARII
2534 380 2858 443 EGYPTII

3994 381 4105 445 788

846 503 974 572 igne
999 499 1313 554 extrinscco
1340 511 1571 551 accenso
1600 512 1615 550 ε
1647 496 1692 551 si
1718 511 1850 551 vero
1874 495 1997 565 quis
2027 495 2283 565 negligat,
2312 508 2417 548 nec
2448 498 2490 553 Α
2519 513 2526 528 ι

2448 498 2490 553 Α
2519 494 2690 563 πυρὸς
2728 492 2925 555 ἔξωθεν
2958 492 3354 562 ὑποκαιομένου
3378 507 3392 521 ·
3450 493 3500 545 sl
3529 492 3585 545 δέ
3610 508 3695 556 τις
3720 492 3978 565 άμελήσῃ
4017 495 4111 549 καὶ

844 593 993 663 ligna
1037 589 1347 648 submittat,
1376 588 1569 657 incipit
1609 587 1847 656 tepidior
1890 587 2124 642 evadere
2168 588 2329 655 ignis,
2360 597 2417 641 et

846 680 1247 754 propemodum
1288 679 1562 749 exstingui
1606 697 1619 733 :
1660 679 1740 733 sic
1778 694 1998 747 quoque
2037 678 2243 748 gratia,
2280 678 2419 747 ignis

850 774 1116 828 nimirum
1161 769 1401 825 caelestis
1436 770 1574 822 intra
1622 779 1675 822 te
1719 778 1822 822 est.
1860 769 2046 836 Itaque
2082 768 2127 821 si
2164 776 2420 835 precatus

849 866 1052 926 fueris,
1079 878 1143 916 ac
1176 860 1479 916 contuleris
1511 860 1873 929 cogitationes
1907 868 2029 912 tuas
2062 858 2129 912 ad
2166 858 2420 911 dilectio-

850 969 975 1007 nem
1021 952 1250 1011 Christi.
1281 951 1407 1004 vide
1450 965 1561 1018 quo
1611 962 1769 1017 pacto
1814 948 2119 1017 subjeceris
2170 949 2338 1017 ligna,
2367 955 2423 999 et

849 1046 1093 1099 evadunt
1136 1043 1498 1111 cogitationes
1549 1049 1653 1093 tuae
1702 1040 1755 1092 in
1808 1040 2007 1108 ignem,
2038 1048 2094 1093 et
2136 1040 2422 1109 tinguntur

851 1133 1134 1187 desiderio
1168 1132 1287 1186 Dei.
1320 1131 1387 1185 Et
1419 1132 1547 1184 licet
1576 1129 1796 1183 secedat
1826 1130 2097 1198 Spiritus,
2131 1131 2225 1198 qui
2269 1139 2423 1182 extra

853 1234 906 1277 te
946 1233 1050 1280 est.
1078 1222 1439 1275 nihilominus
1479 1221 1642 1273 etiam
1685 1220 1826 1273 intra
1868 1230 1919 1273 te
1958 1229 2063 1277 est.
2090 1228 2145 1273 et
2179 1230 2330 1272 extra
2374 1228 2424 1272 te

853 1324 1097 1382 apparet.
1124 1313 1277 1377 Quod
1311 1313 1354 1365 si
1386 1328 1516 1365 vero
1549 1312 1672 1379 quis
1702 1311 1952 1364 socordia
1986 1311 2257 1373 diﬂiuens,
2288 1327 2425 1379 pau-

853 1407 1023 1474 liSper
1065 1419 1123 1456 se
1181 1405 1357 1471 ipsum
1411 1402 1586 1455 tradat
1633 1411 1725 1454 aut
1779 1402 2070 1454 mundanis
2120 1403 2285 1454 rebus
2335 1410 2428 1453 aut

855 1496 1332 1564 occupationibus,
1356 1494 1538 1547 denuo
1570 1494 1723 1562 135
1750 1493 1962 1546 accedit
1987 1494 2200 1554 vitium,
2227 1493 2430 1545 induit-

858 1603 965 1654 que
1005 1588 1261 1645 animam,
1296 1601 1360 1638 ac
1401 1594 1572 1638 totum
1618 1586 1892 1637 hominem
1934 1585 2171 1653 aﬂligere
2215 1585 2427 1649 incipit.

862 1675 1207 1729 Recordatur
1237 1688 1366 1741 ergo
1398 1677 1576 1724 anima
1614 1672 1812 1740 prioris
1841 1673 2069 1737 requiei,
2104 1682 2265 1739 atque
2298 1672 2434 1725 inci-

861 1766 940 1835 pit
967 1765 1149 1833 alIIigi,
1182 1772 1235 1817 et
1267 1764 1545 1816 continuis
1570 1762 1830 1815 arumnis
1861 1761 2019 1815 allici.

934 1830 1302 1907 Vllljlterum
1340 1852 1578 1905 intendit
1604 1852 1819 1904 animus
1851 1854 1902 1904 in
1936 1855 2127 1915 Deum,
2159 1852 2324 1921 coepit
2355 1853 2431 1905 illi
2469 1830 2505 1882 Β

861 1945 1310 2014 appropinquare
1351 1946 1500 2012 prior
1541 1944 1788 2011 requies,
1822 1944 2012 2013 incipit
2055 1945 2434 1998 vehementius

863 2038 1167 2106 inquirere.
1195 2036 1455 2104 Deprecor
1488 2046 1555 2097 te,
1586 2037 1680 2099 ait,
1707 2036 1946 2088 Domine.
1974 2037 2237 2090 Paulatim
2269 2052 2436 2104 appo-

864 2129 1019 2181 nitur
1053 2127 1101 2180 ei
1145 2127 1285 2195 ignis
1325 2136 1379 2179 et
1415 2126 1720 2177 accendens
1759 2136 1813 2178 et
1848 2142 2105 2179 recreans
2146 2129 2378 2179 animam
2420 2142 2431 2177 :

863 2218 1324 2289 quemadmodum
1381 2218 1575 2270 hamus
1628 2218 1889 2285 paulatim
1942 2219 2182 2271 extrahit
2226 2234 2256 2271 e
2304 2233 2435 2286 pro-

865 2311 1037 2365 fundo
1082 2313 1306 2379 piscem.
1337 2310 1453 2363 Nisi
1486 2312 1632 2361 enim
1668 2309 1773 2362 hoc
1804 2310 1877 2361 ita
1909 2319 2073 2368 esset.
2102 2326 2164 2362 ac
2194 2317 2439 2378 gustaret

866 2402 1294 2455 amaritudinem
1327 2411 1381 2453 et
1409 2411 1660 2462 mortem,
1688 2416 1796 2467 quo
1832 2412 1989 2467 pacto
2022 2413 2206 2468 posset
2235 2402 2442 2454 discer-

867 2509 998 2552 nere
1043 2509 1291 2546 ainarum
1321 2508 1351 2545 a
1382 2492 1550 2553 dulci,
1578 2500 1634 2543 et
1661 2501 1893 2545 mortem
1926 2508 1953 2544 a
1983 2494 2114 2556 vita,
2142 2501 2196 2546 et
2226 2502 2439 2559 gratum

868 2602 928 2640 se
958 2585 1216 2639 exhibere
1240 2583 1540 2636 viviﬁcanti
1590 2583 1769 2646 Patri,
1807 2592 1861 2636 et
1901 2584 2070 2649 Filio,
2107 2594 2163 2639 et
2212 2585 2442 2654 Spiritui

868 2687 1078 2741 sancto,
1116 2676 1169 2728 in
1205 2674 1435 2729 saecula?
1462 2677 1657 2730 Amen.

1431 2869 1711 2923 HOMILIA
1751 2869 1888 2923 XLI.

873 2959 1146 3031 Profunda
1182 2959 1334 3013 valde
1362 2969 1482 3013 sunt
1514 2960 1808 3027 penetralia
1847 2962 2067 3023 animae,
2096 2975 2213 3030 quae
2250 2958 2442 3026 paula-

1020 3032 1113 3083 tim
1139 3032 1458 3083 incrementa
1490 3032 1676 3099 gratia
1707 3040 1798 3082 aut
1824 3031 2066 3083 vittarum
2096 3031 2302 3097 accipit.

946 3140 988 3197 l.
1017 3140 1320 3195 Pretiosum
1356 3155 1452 3194 vas
1489 3141 1686 3193 anima:
1723 3140 1779 3193 in
1816 3154 2032 3194 summa
2072 3138 2445 3208 prolunditate

878 3233 1160 3294 consistit,
1202 3242 1261 3285 ut
1301 3232 1499 3285 alicubi
1551 3232 1727 3300 inquit
1771 3249 1784 3285 :
1826 3233 2082 3301 Abyssum
2123 3240 2171 3283 et
2214 3248 2303 3284 cor
2339 3233 2448 3300 ipse

877 3324 1229 3377 scrutatur“.
1263 3323 1362 3378 Ubi
1402 3325 1549 3376 enim
1588 3324 1876 3378 diverterit
1911 3324 2074 3376 homo
2108 3338 2137 3376 a
2171 3324 2448 3387 mandato,

879 3426 938 3469 et
982 3416 1268 3469 sententia:
1318 3416 1410 3468 ira:
1460 3415 1733 3468 obnoxius
1780 3416 1957 3469 factus
2008 3415 2209 3481 fuerit,
2255 3417 2453 3481 redigit

884 3509 1036 3561 illum
1072 3509 1124 3562 in
1154 3523 1305 3560 suam
1337 3516 1659 3576 potestatem
1693 3518 2000 3576 peccatum,
2035 3508 2178 3574 quod
2222 3523 2344 3561 cum
2384 3506 2455 3560 sit

883 3600 1035 3652 velut
1065 3600 1294 3667 abyssus
1328 3598 1574 3665 quaedam
1614 3599 1933 3651 acerbitatis
1968 3599 2023 3650 in
2060 3599 2365 3651 subtilitate
2401 3605 2457 3651 et

885 3689 1255 3759 profunditate
1301 3689 1639 3751 consistens,
1686 3689 1990 3757 ingressum
2041 3689 2215 3750 intro,
2255 3703 2456 3756 pascua

887 3782 1086 3835 anima:
1125 3783 1432 3849 occupavit,
1468 3798 1639 3848 usque
1678 3782 1743 3833 ad
1790 3784 1893 3834 ima
1937 3783 2056 3850 ejus
2092 3780 2455 3849 receptacula.

888 3873 1046 3927 Hunc
1083 3882 1265 3926 autem
1309 3874 1361 3926 in
1406 3872 1629 3925 modum
1670 3872 2097 3927 assimilabimus
2134 3874 2368 3925 animam
2405 3880 2460 3926 et

889 3975 1173 4034 peccatum
1199 3964 1545 4032 permistum,
1568 3963 1795 4031 perinde
1819 3978 1881 4016 ac
1905 3964 1948 4016 si
1973 3963 2043 4016 sit
2062 3964 2227 4016 arbor
2248 3963 2455 4031 ingens,

887 4070 1011 4124 quae
1045 4055 1243 4107 habeat
1279 4057 1479 4107 multos
1516 4069 1720 4115 ramos,
1757 4053 1958 4106 habeat
1990 4070 2209 4121 quoque
2248 4054 2460 4108 radices

890 4144 1171 4215 profunda:
1202 4152 1361 4198 terrae
1393 4144 1587 4197 inﬁxas
1617 4161 1631 4197 :
1660 4145 1739 4197 sic
1764 4160 1984 4212 quoque
2013 4159 2213 4211 pascua
2246 4145 2464 4198 intimo.

891 4248 1011 4287 rum
1034 4233 1229 4287 anima:
1254 4233 1723 4299 receptaculorum
1746 4234 1838 4286 ubi
1862 4243 2158 4301 penetrans
2180 4244 2460 4302 peccatum

891 4327 1204 4392 occupavit,
1234 4324 1287 4377 in
1322 4324 1778 4377 consuetudinem
1812 4325 1927 4376 abit
1953 4332 2008 4376 et
2038 4326 2462 4391 praeoccupatio-

891 4431 1037 4481 nem,
1060 4431 1183 4469 cum
1212 4431 1544 4485 unoquoque
1573 4416 1640 4469 ab
1671 4416 1896 4469 infantia
1922 4415 2082 4469 simul
2110 4425 2462 4485 augmentum

889 4521 1116 4560 sumens
1143 4516 1520 4571 conversatur,
1547 4516 1602 4560 et
1628 4507 1760 4560 vitia
1788 4506 2001 4560 edocet.

960 4599 1027 4652 us
1052 4597 1153 4653 Ubi
1182 4614 1312 4666 ergo
1341 4599 1527 4667 gratiae
1550 4598 1751 4650 divina:
1776 4596 2012 4650 etlieacia
2039 4597 2463 4651 obumbraverit

892 4692 1087 4745 anima:
1112 4706 1211 4759 pro
1235 4692 1397 4743 modo
1423 4691 1853 4759 uniuscujusque
1880 4690 2025 4751 fidei,
2045 4700 2208 4758 atque
2230 4691 2467 4757 desuper

894 4781 1157 4833 auxilium
1186 4782 1481 4848 receperit,
1501 4782 1681 4833 adhuc
1705 4783 1887 4849 aliqua
1917 4782 1970 4834 in
2000 4792 2151 4849 parte
2180 4782 2468 4835 adumbrat

893 4875 1085 4943 gratia.
1139 4873 1217 4927 Ne
1266 4888 1396 4941 ergo
1440 4873 1727 4926 arbitreris
1768 4876 2079 4942 quempiam
2134 4883 2243 4927 tota
2289 4874 2467 4927 anima

895 4978 1019 5018 esse
1069 4962 1435 5015 illuminalum
1483 4979 1495 5014 :
1543 4964 1723 5017 adhuc
1770 4966 2000 5016 multum
2049 4965 2306 5031 pabulum
2347 4963 2465 5016 vitii

898 5054 1044 5108 intus
1095 5054 1260 5117 latet,
1306 5069 1629 5121 summoque
1680 5055 1866 5108 labore
1920 5055 2128 5124 indiget
2173 5056 2369 5118 homo,
2414 5065 2469 5107 et

900 5145 1310 5213 defatigatione,
1348 5160 1467 5212 qua:
1509 5147 1818 5198 consentiat
1861 5146 2072 5199 collatae
2115 5147 2218 5215 ipsi
2261 5147 2467 5216 gratiae.

899 5234 1196 5303 Propterea
1235 5235 1382 5289 enim
1427 5237 1799 5304 particulatim
1843 5238 2039 5306 incipit
2070 5238 2256 5292 divina
2294 5238 2467 5308 gratia

900 5324 1196 5378 adventare
1245 5325 1300 5378 in
1344 5327 1617 5388 animam,
1653 5342 1773 5394 qua:
1813 5326 1897 5380 vel
1948 5328 2113 5381 unius
2162 5328 2306 5380 hora:
2354 5343 2471 5380 rno-

904 5426 1089 5469 mento
1118 5416 1294 5484 possit
1323 5416 1623 5481 hominem,
1652 5417 1744 5471 ubi
1774 5419 2091 5488 expurgarit
2116 5434 2263 5481 eum,
2292 5419 2469 5487 perfe-

902 5513 1050 5555 ctum
1082 5502 1344 5567 reddere;
1376 5519 1564 5557 verum
1595 5516 1656 5559 ut
1678 5506 1873 5574 probet
1900 5505 2260 5573 intentionem
2296 5507 2472 5559 homi-

905 5593 1011 5657 nis,
1034 5608 1103 5646 an
1130 5594 1480 5649 dilectionem
1507 5611 1633 5667 erga
1655 5596 1825 5651 Deum
1861 5596 2129 5667 integram
2157 5607 2467 5662 conservet,

977 5771 1023 5803 ⁶⁸
1046 5771 1214 5827 Ecdi.
1237 5788 1369 5837 xm,
1399 5774 1480 5829 l8.

2488 4514 2536 4571 D

2525 585 2599 653 μὴ
2632 584 2875 653 ὑποϐάλῃ
2903 582 3055 647 ξύλα,
3086 584 3309 652 ἄρχεται
3339 584 3702 654 χλιαρῶτερον
3728 584 4027 652 γίγνεσθαι
4052 585 4112 636 τδ

2522 668 2663 738 πῦρ,
2702 670 2795 721 καὶ
2831 668 3017 739 ὥσπερ
3044 670 3509 723 κατασϐέννυσθαι
3528 690 3540 699 ’
3573 672 3745 734 οὕτως
3769 674 3863 723 καὶ
3884 674 3921 740 ἠ
3948 673 4113 740 χάρις

2520 761 2581 810 τὸ
2610 759 2722 829 πῦρ
2751 760 2811 811 τὸ
2840 760 3088 829 οὐράνιον
3117 762 3213 813 καὶ
3241 761 3444 814 έσωθέν
3473 762 3567 815 σού
3598 765 3735 815 ἐστι.
3772 764 3985 815 Λοιπὸν
4017 764 4113 813 ἐάν

2524 848 2675 918 εὔξῃ,
2712 850 2806 902 καὶ
2834 849 3011 920 δώσῃς
3041 852 3166 913 τοὺς
3194 851 3489 919 λογισμούς
3520 868 3613 903 σου
3648 852 3729 913 είς
3752 852 3987 920 ἀγάπην
4017 851 4111 903 τοῦ

2523 940 2757 1010 Χριστοῦ
2778 982 2793 1005 ,
2845 942 2920 993 ἴδε
2969 942 3084 1003 πῶς
3131 942 3399 1005 ὑπέϐαλες
3428 943 3496 993 τά
3526 942 3658 1006 ξύλα
3679 983 3693 1003 ,
3732 944 3827 994 καὶ
3858 944 4112 1008 γίνονται

2523 1035 2569 1085 οἱ
2600 1033 2844 1100 λογισμοί
2872 1050 2964 1086 σου
2992 1034 3123 1102 πῦρ,
3146 1035 3239 1085 καὶ
3267 1033 3560 1102 βάπτονται
3592 1035 3672 1096 είς
3698 1035 3790 1085 τὸν
3815 1034 3987 1086 πόθον
4016 1033 4114 1087 τοῦ

2524 1126 2681 1179 Θεοῦ.
2735 1126 2797 1177 El
2834 1125 2890 1177 δὲ
2924 1128 3016 1177 καὶ
3050 1128 3324 1195 ὑποχωρεῖ
3366 1127 3427 1177 τὸ
3460 1127 3683 1191 Πνεῦμα
3726 1129 3801 1189 ὡς
3834 1126 4113 1196 eampo»

2528 1234 2619 1268 σου
2674 1217 2954 1284 γινόμενον
2986 1257 3000 1278 ,
3072 1218 3208 1270 ἀλλὰ
3254 1220 3348 1270 καὶ
3404 1218 3606 1271 ἔξωθέν
3657 1220 3751 1271 σού
3793 1220 3957 1283 ἔστι,
4018 1220 4114 1287 καὶ

2529 1309 2726 1373 ἔξωθέν
2758 1326 2849 1360 σου
2882 1310 3306 1377 παραφαίνεται.
3346 1308 3472 1360 Ἐάν
3501 1310 3556 1359 δὲ
3589 1311 3836 1379 ἀμελήσῃ
3864 1326 3975 1370 τις,
4004 1310 4116 1360 ὀλίο

2528 1417 2619 1465 γον
2657 1401 2843 1461 ἐκδοὺς
2874 1402 3066 1451 ἑαυτὸν
3086 1440 3103 1464 ,
3139 1401 3170 1467 ἢ
3205 1402 3283 1462 εἰς
3314 1401 3555 1469 κοσμικά
3584 1401 3887 1468 πράγματα
3910 1439 3925 1461 ,
3969 1401 4004 1469 ἢ
4036 1400 4115 1461 εἰς

2535 1494 2852 1561 ρεμὸασμὺν
2879 1533 2893 1557 ,
2952 1494 3112 1546 πάλιν
3156 1493 3375 1561 ἔρχεται
3428 1494 3460 1560 ὴ
3506 1492 3692 1553 κακία,
3734 1494 3829 1543 καὶ
3862 1491 4115 1543 ἐνδύεται

2532 1585 2630 1650 τὴν
2664 1584 2841 1651 ψυχὴν
2865 1621 2879 1642 ,
2929 1587 3022 1634 καὶ
3051 1584 3169 1635 ὅλον
3200 1584 3289 1634 τὸν
3314 1582 3601 1650 ἄνθρωπον
3628 1582 3854 1651 ἄρχεται
3883 1581 4115 1634 θλίὸειν.

2534 1673 2879 1739 Μνημονεύει
2911 1672 3001 1723 οῦν
3053 1675 3085 1740 ὴ
3124 1674 3270 1740 ψυχὴ
3311 1674 3407 1740 τῆς
3445 1673 3717 1741 προτέρας
3749 1673 4116 1731 ἀναπαύσεως

2535 1763 2628 1813 καὶ
2650 1779 2833 1829 ρχεται
2853 1763 3151 1823 θλίϐεσθαι,
3184 1763 3278 1813 καὶ
3298 1763 3679 1829 συνεχέστερον
3711 1763 4113 1831 ταλαιπωρεῖν.

2608 1851 2687 1901 il'.
2731 1850 2896 1901 Πάλιν
2926 1850 3227 1917 προσέσχεν
3256 1850 3283 1899 ὁ
3312 1850 3437 1910 νοῦς
3462 1852 3599 1917 πρὸς
3619 1856 3708 1902 τὸν
3730 1852 3883 1911 Θεὸν,
3910 1853 4116 1920 ἤρξατο

2536 1942 2921 2010 προσεγγίζειν
2953 1941 3101 2008 αύτῷ
3147 1942 3179 2008 ἡ
3218 1942 3455 2009 προτέρα
3486 1943 3791 2004 ἀνάπαυσις
3818 1983 3832 2001 ,
3884 1944 4116 2010 ἄρχεται

2539 2036 2908 2105 σφοδροτέρως
2936 2037 3243 2103 ἐπιζητεῖν
3282 2036 3493 2103 Δέομαί
3518 2053 3658 2099 σου,
3694 2038 3858 2104 φησι,
3904 2040 4113 2103 Κύριε·

2538 2129 2678 2179 κατά
2732 2127 2924 2195 μικρὸν
2970 2127 3317 2194 προστίθεται
3347 2126 3496 2194 αὐτῷ
3532 2130 3592 2177 τὸ
3619 2125 3730 2195 πῦρ
3761 2126 3996 2190 ἐξάπτον
4027 2127 4117 2178 καὶ

2540 2218 2820 2271 ἁναπαῦον
2870 2217 2967 2287 τὴν
3019 2218 3197 2285 ψυχήν
3225 2235 3238 2248 ’
3286 2218 3473 2285 ὥσπερ
3517 2220 3577 2269 τὺ
3620 2220 3917 2288 ἄγκιστρον
3974 2219 4117 2287 αἴρει

2541 2310 2605 2359 ὲκ
2634 2308 2727 2359 τοῦ
2758 2307 2920 2374 βυθοῦ
2950 2309 3040 2357 τὸν
3076 2308 3228 2375 ἰχθὺν
3255 2310 3396 2359 κατά
3427 2309 3638 2376 μικρόν.
3673 2311 3733 2360 Et
3758 2310 3868 2375 γὰρ
3898 2310 3973 2376 μὴ
3998 2310 4118 2359 τοῦ-

2541 2413 2602 2447 το
2630 2393 2719 2464 ἦν,
2746 2399 2840 2448 καὶ
2870 2397 3090 2462 ἐγεύετο
3123 2399 3214 2449 τοῦ
3246 2398 3443 2465 πικροῦ
3474 2401 3569 2449 καὶ
3594 2398 3687 2449 τοῦ
3713 2390 3975 2460 θανάτου,
4003 2399 4117 2458 πῶς

2541 2488 2774 2556 ἠδύνατο
2822 2489 3095 2557 διακρῖναι
3128 2492 3188 2540 τὸ
3222 2490 3418 2557 πικρὸν
3449 2492 3555 2541 ἀπὸ
3586 2490 3679 2543 τοῦ
3712 2491 3985 2557 γλυκέως,
4027 2493 4117 2541 καὶ

2541 2580 2632 2630 τὸν
2661 2581 2886 2630 θάνατον
2917 2580 3025 2631 ἀπὸ
3048 2583 3145 2645 τῆς
3173 2581 3341 2647 ζωῆς,
3367 2582 3458 2631 καὶ
3484 2582 3875 2650 εύχαριστῆσαι
3898 2583 3979 2650 τῷ
3998 2582 4118 2643 ζωο-

2544 2672 2683 2739 ποιῴ
2716 2673 2912 2740 Πατρὶ,
2946 2675 3039 2723 καὶ
3066 2672 3211 2740 Υίῴ,
3249 2674 3343 2725 καὶ
3372 2674 3512 2742 ἁγίῳ
3542 2674 3849 2742 Πνεύματι,
3884 2675 3969 2737 είς
3998 2674 4117 2735 τοὺς

2547 2762 2746 2824 αἰῶνας
2768 2779 2782 2826 ς
2833 2764 3028 2832 Ἀμήν.

3129 2874 3372 2926 ΟΜΙΛΙΑ
3404 2873 3539 2929 MA'.

2549 2961 2739 3014 Βαθέα
2768 2960 2910 3014 λίαν
2933 2960 3005 3013 τὰ
3030 2960 3139 3026 τῆς
3164 2963 3368 3028 ψυχῆς
3394 2965 3618 3030 ταμεῖιι,
3642 2962 3751 3027 τῆς
3772 2964 3888 3016 ἀπὸ
3903 2966 4119 3031 μέρους

2620 3031 2695 3097 τῇ
2721 3031 2912 3099 χάριτι
2945 3033 3041 3083 καὶ
3068 3033 3198 3097 ταῖς
3225 3037 3458 3097 κακίαις
3490 3034 4054 3100 συναυξανομένης.

2622 3145 2701 3196 Δ’.
2735 3145 2809 3197 Τὸ
2832 3144 3011 3213 τίμιον
3037 3143 3231 3206 σκεῦος
3256 3145 3354 3212 τῆς
3379 3145 3558 3215 ψυχῆς
3582 3149 3638 3197 ἐν
3662 3146 3830 3215 πολλῇ
3862 3146 4120 3215 βαθύτητι

2550 3238 2826 3305 τυγχάνει,
2846 3235 2920 3298 ὣς
2940 3237 3039 3287 πού
3058 3239 3304 3304 φησιν,Ἀ
3316 3240 3551 3291 συσσον
3569 3239 3663 3290 καὶ
3679 3239 4120 3305 καρδιάναύτός

2551 3326 2765 3396 ἐρευνᾷ
2784 3346 2795 3357 ⁸
2826 3329 3191 3397 ὲκτραπέντος
3213 3330 3322 3398 γὰρ
3342 3330 3434 3381 τοῦ
3460 3331 3746 3400 ἀνθρώπου
3768 3331 3865 3397 τῆς
3884 3330 4117 3395 ἐντολῆς,

2554 3419 2647 3468 καὶ
2676 3417 2779 3468 ὑπὸ
2801 3418 3075 3483 ἀπόφασιν
3100 3419 3269 3487 ὀργῆς
3293 3420 3680 3487 γεγενημένου,
3707 3419 3948 3470 λαϐοῦσα
3970 3420 4119 3471 αὐτὸν

2556 3508 2861 3577 ὑποχείριον
2891 3510 2922 3575 ἠ
2951 3510 3193 3576 ἁμαρτία
3212 3550 3225 3573 ,
3278 3512 3369 3561 καὶ
3402 3512 3537 3577 αὑτὴ
3568 3512 3757 3579 ὥσπερ
3785 3512 4021 3571 ἄϐυσσός
4046 3526 4119 3571 τις

2556 3601 2780 3666 πικρίας
2814 3601 2869 3651 ὲν
2894 3598 3184 3667 λεπτότητι
3216 3602 3307 3650 καὶ
3339 3600 3598 3668 βαθύτητι
3630 3603 3996 3669 τυγχάνουσα,
4023 3605 4122 3652 εἰσ-

2558 3690 2784 3742 ελθοῦσα
2817 3691 2962 3743 ἔνδον
2986 3730 3000 3753 ,
3047 3692 3146 3753 τὰς
3176 3694 3345 3761 νομάς
3373 3694 3470 3759 τῆς
3500 3696 3675 3761 ψυχῆς
3705 3696 3993 3761 κατέσχεν.
4026 3696 4121 3753 ἓως

2557 3782 2664 3833 τῶν
2712 3782 3025 3851 βαθυτάτων
3066 3784 3235 3852 αὐτῆς
3272 3786 3531 3852 ταμείων.
3582 3786 3819 3851 Τοιούτῳ
3853 3786 3908 3836 δὲ
3946 3786 4121 3855 τρόπῳ

2561 3874 2967 3943 παρεικάσομεν
3013 3875 3111 3943 τὴν
3144 3875 3320 3943 ψυχὴν
3356 3877 3450 3927 καὶ
3480 3877 3577 3945 τὴν
3604 3876 3909 3944 ἁμαρτίαν,
3955 3879 4122 3943 μιγεί-

2563 3981 2660 4016 σαν
2686 4005 2701 4029 ,
2752 3964 2940 4034 ὥσπερ
2972 3967 3095 4017 ὅταν
3190 3967 3404 4035 δένδρον
3440 3970 3718 4035 μέγιστον.
3754 3966 3876 4034 ἔχον
3906 3968 4124 4027 πολλοὺς

2563 4054 2792 4117 κλῶνας⁸
2826 4055 2920 4123 ἔχῃ
2952 4056 3009 4108 δὲ
3036 4060 3128 4107 καὶ
3153 4057 3250 4117 τάς
3270 4057 3428 4123 ῥίζας
3460 4059 3516 4108 ὲν
3547 4060 3658 4117 τοῖς
3683 4056 4007 4123 βαθυτάτοις
4035 4056 4123 4123 τῆς

2562 4146 2664 4213 γῆς
2691 4162 2704 4175 ο
2764 4145 2936 4207 οὕτως
2982 4146 3079 4207 τὰς
3124 4148 3292 4215 νομὰς
3342 4148 3449 4199 τῶν
3488 4147 3801 4215 βαθυτάτων
3831 4149 3934 4216 τῆς
3960 4150 4124 4217 ψυχῆς

2562 4238 2806 4304 ταμείων
2836 4240 2869 4307 ἡ
2895 4238 3241 4306 παρελθοῦσα
3266 4241 3509 4309 ἁμαρτία
3538 4240 3906 4310 κατασχοῦσα,
3934 4244 3992 4293 ἐν
4012 4259 4125 4293 συν-

2554 4328 2723 4396 ιηθεία
2774 4329 2965 4394 γέγονε
3016 4331 3111 4381 καὶ
3141 4332 3428 4398 προλήψει,
3462 4333 3676 4401 ἑκάστῳ
3710 4332 3974 4399 νηπιόθεν
4010 4350 4123 4385 συν-

2565 4420 2929 4489 αυξανομένη,
2965 4420 3059 4471 καὶ⁵
3086 4423 3152 4472 τὰ
3185 4422 3329 4473 κακά
3357 4421 3761 4477 ἑκδιδάσκουσα.

2631 4596 2705 4650 B’.
2744 4596 2915 4649 Ἐπάν
2944 4597 3124 4649 τοίνυν
3154 4598 3374 4667 χάριτος
3396 4600 3543 4661 θείας
3570 4600 3815 4670 ἐνέργεια
3843 4602 4122 4672 ἐπισκιάσῃ

2561 4692 2625 4756 τῇ
2656 4690 2799 4757 ψυχῇ
2854 4688 2997 4740 κατὰ
3036 4689 3095 4741 τὸ
3133 4690 3327 4759 μέτρον
3359 4692 3456 4758 τῆς
3492 4693 3720 4745 ἑκάστου
3750 4694 4006 4758 πίστεως,
4041 4696 4123 4747 καὶ

2561 4778 2777 4843 δέξηται
2826 4777 3029 4829 ἄνωθεν
3082 4779 3358 4846 βοήθειαν,
3415 4782 3599 4850 ἀκμὴν
3633 4785 3688 4833 ἐν
3721 4783 3874 4851 μέρει
3906 4785 4010 4833 τινὶ
4040 4786 4125 4834 tn-

2566 4869 2813 4918 εσκίασεν
2870 4870 2901 4935 ἡ
2949 4869 3128 4937 χάρις.
3192 4872 3279 4937 Μὴ
3333 4873 3527 4942 νομίσῃ
3578 4870 3668 4925 οῦν
3736 4891 3841 4935 τις,
3880 4876 4004 4943 ὃλην
4036 4879 4123 4943 τὴν

2566 4959 2741 5027 ψυχὴν
2798 4959 3133 5025 πεφώτισται
3157 4974 3173 4991 ⁶
3232 4963 3413 5029 ἀκμὴν
3449 4964 3615 5031 πολλὴ
3646 4965 3782 5034 νομὴ
3816 4967 3915 5033 τῆς
3945 4968 4124 5026 κακίας

2568 5052 2714 5103 ἔνδον
2745 5050 2895 5115 ἐστὶ,
2951 5052 3046 5101 καὶ
3096 5052 3288 5103 πολλοῦ
3341 5054 3501 5104 πόνου
3548 5055 3703 5123 χρεία
3751 5058 3846 5107 καὶ
3891 5060 4123 5125 καμάτου

2570 5142 2646 5210 τῷ
2694 5142 2963 5210 ἀνθρώπῳ
3012 5144 3427 5211 συμφωνοῦντος
3472 5149 3537 5215 τῇ
3578 5147 3713 5215 πρὸς
3745 5148 3904 5198 αὑτὸν
3939 5151 4123 5217 χάριτι.

2575 5233 2673 5285 Διὰ
2704 5235 2859 5286 τοῦτο
2892 5234 3000 5303 γὰρ
3044 5236 3137 5287 καὶ
3170 5236 3275 5287 ἀπὸ
3308 5235 3507 5306 μέρους
3539 5238 3743 5307 ἧρξατο
3774 5240 3806 5308 ἡ
3838 5239 3953 5292 θεία
3984 5242 4125 5310 χάρις

2573 5326 2857 5395 ὲπιφοιτᾷν
2904 5328 2969 5393 τῇ
3016 5324 3160 5395 ψυχῇ
3190 5367 3205 5391 ,
3256 5327 3530 5399 δυναμένη
3568 5332 3705 5401 ῥοπῇ
3750 5330 3899 5400 ὥρας
3932 5333 4021 5385 τὸν
4046 5335 4125 5386 άν-

2574 5417 2788 5486 θρωπον
2836 5416 3179 5487 καθαρίσασα
3224 5420 3530 5475 τελειῶσαι.
3582 5421 3721 5473 Ἀλλ’
3758 5423 3845 5474 ἵνα
3877 5422 4127 5494 δοκιμάσῃ

2573 5510 2671 5575 τὴν
2712 5508 3030 5578 προαίρεσιν
3072 5509 3166 5562 τοῦ
3210 5509 3516 5580 ἀνθρώπου,
3556 5514 3603 5565 εί
3631 5515 3730 5582 τὴν
3756 5515 3975 5583 ἀγάπην
4007 5517 4130 5583 πρὲις

2577 5599 2708 5651 Θεὸν
2736 5598 3027 5669 ὀλόκληρον
3058 5598 3353 5667 ἀποσώζει,
3392 5603 3466 5673 μὴ
3498 5603 3804 5668 συνδυάζων
3830 5605 3906 5674 τῷ
3931 5605 4129 5676 πονηρῷ
