4254 6358
216 432 336 498 769
1404 421 1773 487 IIOMILIE.
1801 420 1896 481 -1

1807 444 1862 456 -
1885 415 2053 483 ΗΟΜ
2116 417 2307 482 XLII.
3381 416 3487 481 ’Πθ

219 548 285 598 εν
314 542 505 614 μηδενὶ
523 581 542 606 ,
574 539 690 596 ἀλλ’
721 540 842 596 δλον
871 540 939 612 τῇ
969 538 1150 611 χάριτι
1181 537 1374 592 ἑαυτὸν
1399 534 1640 597 έκδιδούς
1661 551 1678 569 ο
1715 532 1811 589 καὶ
1839 537 1884 593 Α

1809 572 1811 584 ,
1839 537 1884 593 Α
1913 530 2067 585 nullo
2090 543 2321 599 prorsus
2345 526 2535 583 habito
2561 526 2895 585 commercio
2922 540 3049 583 cum
3078 526 3361 600 improbo;
3392 529 3489 584 sed

218 634 403 697 οὔτως
432 632 799 703 εὐδοκιμοῦσα
828 633 862 701 ἡ
888 632 1036 703 ψυχὴ
1066 631 1279 703 χρόνοις
1308 630 1406 684 καὶ
1434 629 1645 699 καιροῖς
1666 668 1682 693 ,
1712 626 1809 679 καὶ

1909 632 2086 678 totum
2120 623 2309 693 gratias
2341 637 2400 677 se
2434 622 2615 693 ipsum
2649 622 2829 677 tradat
2861 639 2877 677 :
2913 621 3133 691 hocque
3165 631 3327 690 pacto
3360 637 3494 691 pro-

220 728 330 793 τὴν
376 725 538 795 χάριν
588 726 645 776 ἰν
693 724 884 795 μηδενὶ
930 722 1208 786 λυποῦσα,
1260 720 1398 792 μήτε
1428 720 1808 790 ὶνυὸρίξουσα,

224 819 293 869 ὲκ
341 814 438 868 τοῦ
480 815 602 867 κατ’
639 814 817 880 ὀλίγον
862 812 1154 883 βοηθεῖται.
1193 812 1303 865 Καὶ
1335 810 1474 880 αὐτὴ
1503 808 1561 861 δὲ
1590 809 1624 877 ὴ
1652 806 1809 876 χάρις

225 903 403 977 νομὴν
430 905 696 975 λαμσάνει
730 907 788 957 ἐν
817 909 883 976 τῇ
910 906 1078 975 ψυχῇ,
1111 905 1206 957 καὶ
1230 904 1335 967 ’ἐως
1359 904 1468 954 τῶν
1496 900 1811 971 βαθυτάτων

229 998 403 1068 αὐτῆς
451 997 633 1068 μερῶν
678 998 773 1050 καὶ
808 995 1177 1066 διαλογισμῶν
1192 994 1475 1076 ριζοῦται,
1509 994 1567 1045 ἐν
1595 992 1812 1059 καιροῖς

229 1089 478 1140 πλείοσιν
519 1086 914 1155 εὐδοκιμούσης
957 1085 1052 1137 καὶ
1089 1080 1485 1153 συμφωνούσης
1512 1077 1610 1147 τῆς
1632 1076 1812 1144 ψυχῆς

229 1182 300 1249 τῇ
354 1178 571 1248 χάριτι·
625 1176 729 1239 ἓως
762 1170 826 1228 οῦ
860 1176 959 1243 ὅλη
987 1177 1021 1246 ἡ
1052 1174 1199 1244 ψυχὴ
1230 1170 1542 1241 περιληφθῇ
1580 1168 1686 1221 ὑπὸ
1712 1165 1812 1235 τῆς

233 1269 562 1340 ἐπουρανίου
607 1268 829 1339 χάριτος
854 1308 871 1334 ,
926 1266 1111 1320 λοιπὸν
1158 1261 1548 1335 βασιλευούσης
1576 1262 1635 1313 ὲν
1661 1256 1814 1327 αὐτῷ

231 1379 314 1432 τῳ
344 1377 547 1415 σκευει.

306 1539 384 1594 I".
434 1536 564 1591 Ἐὰν
610 1534 670 1588 δέ
714 1550 799 1597 τις
1039 1532 1097 1584 έν
1123 1525 1593 1600 ταπεινοφροσύνῃ
1621 1524 1811 1594 πολλῇ,

234 1627 589 1698 παραδίδοται
634 1619 788 1687 οὗτος
834 1622 913 1693 τῷ
959 1624 1205 1692 Σατανᾷ,
1262 1622 1357 1673 καὶ
1402 1616 1813 1687 άπογυμνοῦται

233 1718 336 1787 τῆς
369 1717 503 1787 πρὸς
532 1716 696 1770 αὑτὸν
722 1716 1022 1785 γενομένης
1049 1714 1200 1775 θείας
1226 1711 1469 1782 χάριτος,
1497 1710 1588 1763 καὶ
1617 1707 1813 1777 πειρά-

1909 716 2036 771 bata
2078 724 2325 785 tempore
2364 722 2422 771 et
2456 717 2872 786 opportunitate
2912 716 3118 777 anima,
3150 716 3496 785 gratiamque

1911 808 1965 862 in
1998 809 2148 863 nulla
2177 822 2405 877 prorsus
2427 824 2486 862 re
2511 804 2863 869 contristaris,
2884 820 2991 861 nec
3015 806 3125 859 ulla
3154 808 3495 860 contumelia

1910 896 2189 957 aﬂicicns,
2223 910 2255 949 a
2289 895 2507 949 modico
2540 904 2760 964 sumpto
2796 894 2956 949 initio
2990 893 3259 947 auxilium
3293 908 3494 948 conse-

1910 987 2119 1056 quitur.
2157 986 2276 1054 lpsa
2301 1001 2522 1054 quoque
2550 986 2723 1055 gratia
2750 995 2969 1054 pastum
3000 986 3057 1039 in
3082 986 3265 1038 anima
3294 986 3487 1048 sumit,

1913 1086 1968 1132 et
1997 1079 2063 1131 ad
2097 1077 2551 1147 profundissimas
2591 1092 2767 1146 usque
2806 1078 2926 1146 ejus
2967 1086 3153 1144 partes
3194 1084 3250 1129 et
3283 1077 3495 1143 cogita-

1914 1170 2093 1224 tiones
2134 1169 2349 1222 radices
2392 1167 2583 1230 mittit,
2616 1184 2740 1222 cum
2786 1170 2842 1222 in
2881 1167 3068 1221 multis
3111 1165 3498 1221 occasionibus

1914 1262 2142 1332 probata
2188 1261 2293 1324 sit,
2327 1269 2382 1313 et
2426 1261 2781 1313 consentiens
2828 1259 3014 1327 gratia:
3063 1258 3278 1321 anima,
3316 1258 3495 1312 donec

1919 1361 2030 1406 tota
2064 1352 2244 1405 anima
2278 1350 2537 1419 absorpta
2568 1358 2653 1404 est
2686 1366 2714 1402 a
2752 1350 2962 1404 caelesti
3008 1349 3214 1419 gratia,
3247 1359 3498 1418 postmo-

1917 1443 2047 1498 dum
2075 1444 2130 1497 in
2163 1444 2283 1512 ipso
2310 1457 2438 1496 vase
2468 1450 2750 1512 regnante.

1986 1532 2077 1587 Ill.
2104 1533 2259 1599 Quod
2295 1534 2341 1588 si
2377 1548 2508 1588 vero
2536 1536 2662 1602 quis
2685 1548 2795 1587 non
2831 1530 3109 1587 studuerit
3136 1547 3364 1588 summa:
3396 1533 3501 1587 hu-

1916 1622 2167 1688 militati,
2195 1622 2431 1677 traditur
2462 1625 2568 1676 iste
2605 1621 2848 1685 Satanae,
2878 1630 2935 1677 et
2963 1623 3279 1677 denudatus
3310 1624 3499 1678 divina

1917 1713 2021 1767 sibi
2050 1714 2247 1767 collata
2277 1712 2472 1782 gratia,
2502 1720 2747 1766 tentatur
2776 1710 3163 1767 amictionibus
3196 1712 3413 1778 multis;
3441 1721 3498 1767 et

233 1812 393 1875 ζεται
424 1811 481 1862 ὲν
504 1807 715 1877 θλίψεσι
741 1805 982 1867 πολλαῖς,
1018 1802 1115 1856 καὶ
1143 1803 1262 1855 τότε
1292 1799 1620 1871 φανεροῦται
1646 1792 1813 1849 αὐτοῦ
1854 1876 1859 1877 ν

1854 1876 1859 1877 γ
1921 1813 2037 1857 tum
2076 1804 2458 1858 manifestatur
2491 1803 2612 1873 ejus
2652 1800 3009 1868 existimatio,
3035 1802 3183 1872 quod
3221 1802 3405 1857 nudus
3439 1812 3496 1859 et

235 1904 269 1969 ὴ
300 1900 496 1968 οἴησις,
531 1876 614 1949 ὅτι
642 1895 845 1965 γυμνὸς
874 1894 969 1947 καὶ
996 1891 1339 1962 ταλαίπωρος
1365 1889 1618 1960 ὑπάρχει.
1637 1884 1816 1954 Ὀφεί-
1846 1876 1892 1933 Β

1814 1916 1816 1924 ν
1846 1876 1892 1933 Β
1918 1910 2263 1952 :erumnosus
2296 1896 2386 1950 sit.
2416 1895 2589 1951 Debet
2615 1911 2765 1965 ergo,
2798 1896 2891 1964 qui
2927 1896 3171 1964 locuples
3206 1906 3291 1951 cst
3320 1900 3494 1966 grati:

234 1990 321 2043 λει
352 1984 447 2042 οῦν
493 1990 521 2041 ὁ
553 1986 797 2040 πλουτῶν
837 1988 906 2056 τῇ
934 1984 1119 2055 χάριτι
1148 1984 1242 2036 τοῦ
1269 1979 1406 2035 Θεοῦ
1436 1982 1495 2033 ιν
1524 1977 1693 2047 πολλῇ
1721 1993 1817 2029 τα-

236 2078 637 2152 πεινοφροσύνῃ
666 2078 761 2132 καὶ
788 2075 1113 2147 συντριμμῷ
1140 2074 1368 2145 καρδίας
1394 2071 1687 2143 ὑπάρχειν,
1722 2068 1820 2122 καὶ

234 2174 317 2237 ὡς
347 2172 560 2241 πτωχὸν
589 2172 684 2225 καὶ
717 2171 879 2241 μηδὲν
906 2169 1099 2238 ἔχοντα
1127 2166 1319 2220 ἑαυτὸν
1343 2162 1621 2236 ἡγεῖσθαιο
1658 2160 1817 2215 άλλόο

233 2281 392 2337 τριον
439 2263 606 2318 αὑτοῦ
654 2264 795 2325 ἐστι,
836 2263 930 2315 καὶ
958 2260 1120 2322 ἄλλος
1149 2258 1349 2311 ἔδωκεν
1375 2255 1525 2326 αὐτῷ
1550 2294 1566 2319 ,
1605 2255 1700 2307 καὶ
1730 2254 1818 2306 ὅτε

235 2354 493 2427 βούλεται
526 2352 673 2422 αίρει
702 2349 858 2405 αὐτό.
891 2349 951 2403 '0
986 2347 1159 2411 οῦτως
1189 2344 1461 2398 ταπεινῶν
1495 2340 1690 2395 ἑαυτὸν
1724 2337 1819 2392 ἐπὶ

238 2444 377 2499 θεοῦ
429 2445 524 2497 καὶ
572 2442 875 2513 ἀνθρώπων
894 2484 908 2507 ,
950 2441 1171 2495 δύναται
1203 2435 1528 2508 διαφυλάξαι
1555 2435 1654 2505 τὴν
1683 2434 1821 2505 πρὸς

240 2540 406 2592 αὑτὸν
438 2536 735 2606 γενομένην
764 2535 953 2605 χάριν,
986 2532 1167 2595 καθώς
1202 2547 1386 2602 φησιν,
1437 2529 1499 2581 '0
1527 2524 1823 2581 ταπεινῶν

239 2628 461 2684 ἑαυτὸν
480 2628 883 2696 ὑψωθήσεται·
917 2624 1116 2693 καίπερ
1142 2623 1217 2677 ὢν
1242 2621 1495 2683 ἐκλεκτὸς
1519 2616 1674 2681 Θεοῦ,
1693 2616 1823 2686 παρ’

241 2719 426 2790 ὲαυτῷ
455 2718 1023 2787 άποδεδοκιμασμὲνος
1052 2716 1167 2786 ήτω
1190 2730 1205 2747 ο
1262 2714 1358 2767 καὶ
1391 2712 1465 2764 ὢν
1496 2708 1707 2773 πιστὸς,
1743 2708 1819 2771 ὡς

242 2813 463 2877 ἀνάξιον
512 2812 703 2864 ἑαυτὸν
747 2808 1009 2880 ἡγείσθω.
1051 2805 1311 2860 Τοιαῦται
1360 2804 1470 2874 γάρ
1516 2803 1687 2872 ψυχαὶ
1730 2800 1824 2853 εὑ-

242 2903 535 2974 αρεστοῦσι
562 2900 705 2971 θεῷ.
736 2902 830 2953 καὶ
858 2896 1249 2963 ζωοποιοῦνται
1280 2897 1337 2950 ὲν
1362 2893 1599 2967 Χριστῷ,
1621 2886 1666 2961 ᾧ
1688 2893 1721 2960 ὴ
1742 2890 1826 2944 δύο

245 2993 316 3060 Ea
347 2993 442 3046 καὶ
470 2992 532 3044 τὸ
558 2990 758 3061 κράτος
791 2993 872 3053 είς
903 2991 1029 3051 τοὺς
1053 2986 1280 3049 αἰῶνας.
1323 2985 1517 3058 Ἀμήν.

836 3102 1079 3157 ΟΜΙΛῙΑ
1111 3102 1246 3155 MB‘.

1918 1986 2136 2052 divina,
2172 1985 2228 2041 in
2271 1988 2441 2041 multa
2488 1986 2800 2040 humilitate
2837 1996 2893 2041 et
2934 1986 3266 2042 contritione
3308 1988 3496 2043 cordis

1919 2077 2165 2141 versari,
2217 2086 2274 2131 et
2320 2074 2473 2131 velut
2523 2092 2819 2147 pauperem
2880 2092 2946 2132 ac
3000 2078 3140 2133 nihil
3202 2078 3496 2134 habentem

1924 2168 2086 2239 136
2140 2184 2197 2223 se
2260 2168 2439 2239 ipsum
2494 2169 2842 2235 existimare;
2908 2170 3149 2225 alienum
3208 2178 3294 2226 est
3351 2171 3502 2241 quod

1922 2260 2110 2325 habet,
2144 2262 2393 2331 aliusque
2430 2261 2539 2316 sibi
2582 2262 2754 2326 dedit,
2793 2269 2850 2317 et
2885 2263 3106 2332 quando
3143 2263 3281 2327 vult,
3320 2263 3503 2319 aufert

1924 2351 2081 2406 illud.
2109 2352 2213 2419 Qui
2249 2352 2353 2408 hoc
2388 2360 2551 2424 pacto
2585 2368 2643 2408 se
2681 2353 2858 2422 ipsum
2894 2353 3179 2417 humiliat,
3206 2363 3316 2408 tam
3353 2355 3502 2425 apud

1920 2442 2094 2497 Deum
2132 2456 2297 2510 quam
2345 2441 2618 2503 homines,
2653 2450 2836 2511 potest
2876 2457 3204 2498 conservare
3245 2443 3502 2499 collatam

1919 2532 2024 2587 sibi
2054 2532 2306 2602 gratiam,
2330 2541 2391 2587 ut
2415 2533 2595 2603 inquit
2622 2550 2636 2587 :
2664 2533 2769 2599 Qui
2791 2550 2846 2588 se
2867 2534 3134 2598 humiliat,
3157 2534 3500 2590 exaltabitur.

1921 2623 1990 2678 Et
2031 2624 2283 2695 quamvis
2328 2626 2402 2680 sit
2448 2625 2663 2681 electus
2707 2626 2834 2693 Dei,
2874 2626 3019 2696 apud
3069 2641 3130 2681 se
3175 2627 3504 2697 reprobatus

1920 2725 2041 2772 esto
2073 2739 2084 2771 :
2114 2718 2364 2787 quamvis
2396 2719 2467 2772 sit
2498 2717 2697 2785 ﬁdelis,
2729 2719 2881 2773 velut
2913 2718 3198 2790 indignum
3229 2734 3287 2774 se
3318 2719 3500 2789 ipsum

1923 2817 2165 2879 reputet.
2214 2809 2500 2880 Ejusmodi
2543 2812 2691 2866 enim
2744 2800 2941 2867 anima:
2992 2812 3105 2867 Deo
3154 2827 3505 2882 summopere

1922 2898 2159 2968 placent,
2190 2906 2246 2953 et
2276 2900 2630 2955 viviticantur
2654 2916 2755 2971 per
2780 2900 3083 2957 Christum.
3112 2901 3214 2958 Cui
3246 2904 3418 2973 gloria
3446 2912 3507 2959 et

1923 2990 2169 3059 potentia
2195 2991 2252 3046 in
2280 2993 2499 3048 macula.
2524 2993 2725 3049 Amen.

2474 3106 2759 3163 HOMILIA
2796 3107 2959 3162 XL".

244 3199 345 3266 Μὴ
398 3200 472 3254 τὰ
506 3197 758 3272 ἔξωθεν,
786 3194 948 3249 ἀλλὰ
975 3192 1318 3272 τὰᾳένδορεν
1342 3188 1585 3272 ειςροιξγει
1609 3186 1825 3272 ἢ.βλάο
1852 3212 1895 3272 C

1852 3212 1895 3272 ο
1928 3194 2046 3272 Non
2109 3204 2349 3272 externa,
2381 3196 2471 3272 sed
2496 3198 2740 3272 inferna
2798 3207 3101 3272 promovent
3158 3204 3253 3250 aut
3309 3195 3508 3272 (tadum

316 3260 448 3322 ἐττει
498 3260 607 3320 ter
650 3267 997 3332 ἄνθρωπον,
1044 3263 1280 3329 δηλαδὴ
1325 3262 1392 3314 τὸ
1433 3260 1545 3328 τῆς
1582 3262 1825 3329 χάριτος

320 3338 580 3407 Πνεῦμα,
612 3336 651 3404 ἢ
684 3336 749 3389 τὸ
775 3334 1009 3403 πνεῦμα
1034 3332 1145 3401 τῆς
1167 3332 1479 3400 πονηρίας.

316 3454 397 3507 Δ’.
435 3452 645 3522 Ὠσπερ
677 3450 773 3503 ἐὰν
866 3448 1023 3510 πόλις
1057 3446 1300 3517 μεγάλη,
1334 3446 1539 3515 ἔρημος
1564 3444 1621 3498 δὲ
1717 3442 1826 3497 τῶν

245 3545 477 3615 τειχέων
504 3543 720 3596 διαλελυ
730 3540 927 3611 μένων,
961 3539 1057 3591 καὶ
1079 3537 1184 3590 ὑπὸ
1208 3536 1301 3608 ὲχθ
1311 3536 1419 3608 ρῶν
1444 3536 1647 3609 ληφθῇ,
1674 3535 1829 3589 οὐδὲν

244 3637 347 3705 τῆς
394 3633 811 3704 μεγαλειότητος
857 3632 1089 3701 δφελος·
1145 3629 1407 3701 ζητητέον
1435 3624 1528 3683 οῦν
1557 3629 1652 3681 καὶ
1695 3626 1827 3699 [alii

246 3726 433 3798 κατὰ]
471 3727 529 3779 τὸ
559 3725 811 3795 μέγεθος,
846 3725 936 3777 ἵνα
967 3723 1067 3796 ἔχῃ
1100 3722 1195 3776 καὶ
1220 3720 1375 3791 τείχη
1398 3719 1571 3790 ὀχυρά
1602 3719 1739 3787 πρὸς
1766 3719 1828 3770 τὸ

250 3817 328 3888 μὴ
384 3818 511 3877 τοὺς
563 3814 792 3884 ἐχθροὺς
841 3813 1068 3865 εἰσιέναι
1101 3826 1116 3841 ο
1168 3808 1313 3863 οὕτω
1442 3809 1539 3863 καὶ
1570 3808 1737 3878 ψυχαὶ
1770 3807 1829 3859 at

246 3906 662 3977 κεκοσμημέναι
696 3904 896 3972 γνώσει
932 3904 1025 3957 καὶ
1059 3904 1295 3967 συνέσει,
1332 3902 1426 3955 καὶ
1457 3902 1533 3971 νῷ
1559 3900 1825 3969 ὀξυτάτῳ,

241 3998 325 4061 ὡς
382 3998 565 4059 πόλεις
612 3998 722 4049 εἰσὶ
776 3996 1035 4067 μεγάλαι.
1076 3994 1237 4047 Ἀλλά
1274 3994 1559 4063 ζητητέον,
1598 3993 1647 4044 εί
1681 3990 1828 4060 ὠχύ-

248 4108 454 4162 ρωνται
486 4092 552 4160 τῇ
578 4089 805 4157 δυνάμει
833 4088 927 4141 τοῦ
956 4088 1293 4155 Πνεῦματος,
1325 4087 1536 4155 μήποτε
1567 4083 1618 4135 οἱ
1641 4082 1829 4152 ἐχθροὶ

245 4182 579 4244 εἰσελθόντες
609 4179 971 4252 ἑρημώσωσιν
998 4178 1188 4241 αὑτάς.
1224 4178 1288 4230 Οί
1315 4176 1424 4247 γάρ
1451 4174 1605 4243 σοφοὶ
1627 4174 1721 4226 τοῦ
1743 4175 1829 4227 κόο

246 4293 414 4344 σμου,
454 4273 858 4343 Ἀριστοτέλης,
892 4272 925 4342 ἢ
959 4271 1206 4337 Πλάτων,
1239 4270 1272 4340 ἢ
1306 4268 1602 4339 Σωκράτης
1624 4308 1639 4333 ,
1692 4266 1827 4336 φρό-

246 4385 397 4439 νιμοι
427 4366 578 4429 ὄντες
622 4368 680 4418 ὲν
713 4365 933 4430 γνώσει,
966 4362 1159 4432 ῶσπερ
1193 4360 1378 4426 πόλεις
1410 4358 1643 4428 μεγάλαι
1669 4357 1827 4424 ὲτύγ-

246 4475 434 4531 χανον,
470 4457 585 4510 ἀλλ’
616 4456 811 4526 ἔρημοι
837 4450 977 4525 ἦσαν
1001 4453 1107 4507 ὑπὸ
1127 4452 1360 4523 ἐχθρῶν,
1383 4451 1474 4503 διὰ
1501 4450 1563 4503 τὸ
1590 4450 1665 4521 μὴ
1690 4445 1824 4501 εἶναι

247 4550 474 4619 Πνεῦμα
501 4546 636 4600 Θεοῦ
669 4549 726 4600 ὲν
750 4547 953 4608 αὐτοῖς.

320 4642 397 4694 B'.
454 4640 609 4692 Ὀσοι
657 4637 715 4690 δέ
764 4639 899 4690 εἰσιν
950 4635 1159 4689 ἰδιῶται
1206 4634 1422 4704 μέτοχοι
1454 4633 1552 4702 τῆς
1582 4630 1824 4702 χάριτος,

244 4735 440 4804 ὥσπερ
486 4731 671 4793 πόλεις
717 4728 913 4799 μικραί
944 4730 1083 4781 είσιν
1111 4727 1475 4797 ὠχυρωμέναι
1506 4728 1573 4795 τῇ
1602 4724 1827 4793 δυνάμει

248 4824 346 4878 τοῦ
394 4820 649 4892 σταυροῦ.
690 4819 1050 4872 Ἐκπίπτουσι
1098 4818 1155 4871 δὲ
1203 4816 1304 4887 τῆς
1343 4818 1567 4887 χάριτος
1600 4816 1709 4870 άπὸ
1737 4815 1830 4867 δύο

250 4915 619 4986 πραγμάτων,
656 4912 752 4965 καὶ
785 4910 1148 4964 ἀπόλλυνται·
1188 4909 1221 4980 ἢ
1257 4910 1338 4961 ὃτι
1371 4908 1469 4971 τὰς
1498 4906 1831 4977 ἐπιφερομέ-

252 5026 351 5070 νας
382 5007 589 5075 θλίψεις
617 5005 717 5074 οὐχ
750 5002 1147 5072 ὑπομένουσινθ
1202 5001 1236 5070 ἢ
1285 5001 1367 5053 ὅτι
1404 5001 1485 5061 εἰς
1512 5000 1610 5061 τὰς
1638 4998 1833 5068 ἡδονὰς

252 5102 353 5163 τῆς
386 5098 662 5169 ἁμαρτίας
703 5094 1074 5166 ὲνηδυνθεῖσαι
1106 5094 1407 5163 άπέμειναν
1452 5091 1580 5163 {alii
1612 5090 1832 5159 ἐνηδυν-

254 5191 413 5261 θῆναι
446 5185 821 5259 ὑπέμειναν]·
875 5187 935 5239 οὗ
981 5185 1236 5239 δύνανται
1271 5184 1379 5257 γὰρ
1424 5183 1473 5235 οἱ
1509 5181 1834 5243 διοδεύοντες

258 5283 389 5337 ἄνευ
438 5277 762 5351 πειρασμῶν
802 5277 1049 5331 διελθεῖν.
1086 5277 1298 5346 Ὠσπερ
1329 5276 1386 5329 δὲ
1428 5276 1486 5327 ὲν
1522 5272 1599 5343 τῷ
1630 5270 1835 5341 τοκετῷ

254 5375 291 5441 ἡ
320 5373 607 5443 προσαῖτις
638 5370 734 5421 καὶ
761 5370 793 5438 ἡ
821 5367 1030 5435 βασιλὶς
1061 5366 1160 5429 τὰς
1189 5360 1357 5425 αὐτάς
1382 5365 1575 5425 ὠδῖνας
1597 5362 1833 5431 ἔχουσιν.

256 5465 459 5535 ὁμοίως
490 5463 582 5515 καὶ
602 5463 636 5531 ή
659 5462 729 5529 γῆ
760 5459 855 5511 τοῦ
882 5457 1139 5510 πλουσίου
1160 5458 1254 5509 καὶ
1278 5456 1369 5509 τοῦ
1393 5455 1644 5525 πένητος,
1688 5455 1735 5505 εί
1761 5454 1835 5523 μὴ

260 5556 359 5628 τὴν
383 5555 605 5609 δέουσαν
616 5551 755 5622 λάϐῃ
772 5547 1122 5623 [άρδείαν],οὖ
1144 5548 1369 5602 δύναται
1391 5549 1636 5617 καρποὺς
1654 5546 1837 5610 ἀξίους

259 5648 545 5715 ινεγκείν·
600 5642 743 5696 οῦτω
786 5643 880 5695 καὶ
926 5646 983 5692 ἐν
1026 5645 1090 5711 τῇ
1133 5641 1368 5711 ἐργασίᾳ
1411 5642 1507 5710 τῆς
1542 5639 1739 5708 ψυχῆς,
1776 5639 1836 5691 οὐ

262 5740 449 5811 σοφὸς,
480 5739 541 5792 οὐ
568 5736 823 5798 πλούσιος
851 5736 909 5787 ὲν
934 5736 998 5803 τῇ
1025 5732 1208 5802 χάριτι
1240 5730 1548 5800 βασιλεύει,
1586 5732 1635 5782 εί
1668 5729 1741 5799 μὴ
1771 5731 1837 5782 δι’

260 5831 561 5903 ὓπομονῆς,
590 5829 683 5883 καὶ
706 5827 959 5897 θλίψεων,
990 5826 1085 5879 καὶ
1112 5825 1374 5895 καμάτων
1402 5822 1609 5878 πολλῶν
1628 5838 1643 5852 ·
1673 5824 1701 5876 δ
1729 5822 1836 5894 γάρ

586 5921 855 5984 Panos.
901 5920 1015 5980 Gn.
1055 5918 1319 5980 XXXIV.

2000 3268 2296 3348 hominem,
2348 3266 2507 3322 veluti
2564 3265 2807 3337 Spiritus.
2842 3268 3067 3339 gratia,
3122 3276 3218 3321 aut
3288 3267 3508 3335 spiritus

2002 3339 2265 3407 nequitia.

1996 3448 2039 3505 ι.
2067 3447 2539 3515 Quemadmodum
2566 3450 2611 3505 si
2638 3449 2805 3505 fuerit
2831 3450 2963 3505 urbs
2986 3451 3201 3521 ingens,
3227 3465 3401 3522 eaque
3434 3451 3511 3508 sit

1929 3539 2167 3606 deserta,
2184 3540 2359 3595 muris
2378 3541 2635 3595 videlicet
2656 3541 2961 3606 dissolutis,
2980 3552 3147 3613 atque
3166 3544 3235 3598 ab
3254 3545 3512 3601 hostibus

1926 3642 2119 3704 capta,
2150 3633 2300 3687 nulla
2331 3634 2727 3705 magnitudinis
2755 3643 2839 3690 est
2870 3636 3114 3691 utilitas:
3140 3639 3509 3708 expetendum

1928 3740 2060 3795 ergo
2098 3733 2185 3780 est
2222 3734 2423 3794 prater
2460 3726 2920 3794 magnitudinem,
2954 3736 3016 3782 ut
3052 3729 3252 3784 habeat
3290 3745 3512 3800 quoque

1926 3827 2117 3868 muros
2143 3812 2352 3877 ﬁrmos,
2381 3828 2449 3867 ne
2476 3814 2662 3869 hostes
2690 3815 2951 3871 invadant
2976 3833 2990 3870 :
3021 3819 3102 3872 sic
3131 3833 3263 3873 sane
3290 3834 3512 3891 quoque

1929 3903 2145 3967 animae,
2176 3911 2454 3957 exornata:
2494 3905 2723 3959 scicntia
2762 3914 2818 3961 et
2857 3907 3158 3973 intellectu,
3191 3917 3247 3963 et
3288 3911 3511 3981 ingenio

1930 3994 2267 4058 acutissimo,
2292 3996 2442 4049 velut
2467 4011 2675 4066 magna;
2701 4009 2829 4052 sunt
2858 3999 3039 4053 urbes.
3066 3999 3335 4056 Czeterum
3364 4019 3513 4072 quae-

1930 4086 2183 4149 rendum,
2203 4102 2269 4140 an
2298 4086 2523 4141 munita:
2553 4088 2663 4141 sint
2686 4088 2889 4143 virtute
2916 4089 3176 4158 Spiritus,
3196 4107 3265 4146 ne
3289 4093 3512 4162 quando

1930 4176 2116 4233 hostes
2168 4178 2442 4233 irruentes
2494 4178 2813 4235 desolentur
2861 4196 2974 4235 eas.
3030 4182 3314 4252 Sapientes
3358 4187 3508 4240 enim

1929 4268 2096 4339 hujus
2142 4269 2334 4323 mundi
2383 4270 2729 4336 Aristoteles,
2765 4272 2918 4326 Plato
2961 4273 3046 4327 vel
3096 4272 3374 4340 Socrates,
3412 4277 3509 4345 qui

1930 4376 2117 4415 rerum
2160 4360 2412 4413 notitiam
2455 4361 2746 4426 callebant,
2774 4362 2948 4417 instar
2986 4378 3307 4432 magnarum
3348 4377 3509 4422 erant

1930 4451 2184 4515 urbium;
2214 4464 2406 4504 verum
2438 4451 2634 4505 vastati
2666 4462 2825 4507 erant
2854 4452 2923 4507 ab
2959 4454 3229 4522 hostibus,
3261 4472 3328 4513 eo
3361 4462 3508 4530 quod

1854 4542 1901 4601 υ
1927 4556 2038 4594 non
2068 4548 2214 4595 esset
2237 4540 2477 4610 Spiritus
2503 4542 2597 4595 Dei
2628 4543 2683 4595 in
2712 4542 2864 4612 ipsis.

1998 4631 2063 4686 ll.
2114 4631 2439 4702 Quicunque
2489 4647 2622 4687 vero
2674 4650 2741 4689 ex
2796 4635 2981 4690 idiotis
3031 4639 3328 4709 participes
3377 4651 3507 4700 sun!

1927 4723 2142 4792 gratiae,
2190 4724 2342 4777 velut
2388 4725 2555 4778 urbes
2601 4740 2785 4794 parvae
2833 4734 2990 4790 sunt,
3032 4730 3258 4783 munita:
3303 4730 3508 4787 virtute

1928 4814 2129 4869 crucis.
2162 4814 2437 4869 Excidunt
2462 4831 2593 4869 vero
2626 4832 2657 4869 a
2693 4819 2868 4887 gratia
2903 4820 3107 4889 duplici
3140 4820 3209 4875 de
3242 4837 3425 4885 causa,
3450 4833 3508 4879 et

1931 4914 2186 4975 pereunt,
2209 4914 2304 4959 aut
2326 4905 2470 4975 quod
2497 4905 2675 4960 illatas
2699 4907 3023 4964 aﬂlictiones
3046 4926 3153 4965 non
3180 4914 3505 4978 sustineant,

1933 5007 2027 5052 aut
2057 4999 2205 5067 quod
2240 4999 2614 5068 voluptatibus
2649 5002 2857 5070 peccati
2896 5018 2953 5057 se
2988 5002 3208 5059 deliniri
3243 5008 3510 5076 permise-

1934 5093 2065 5147 rint.
2108 5092 2227 5146 Non
2269 5093 2417 5147 enim
2464 5104 2699 5163 possunt
2742 5096 2836 5164 qui
2888 5104 3259 5165 transmeant,
3303 5101 3509 5171 absque

1935 5184 2332 5239 tentationibus
2386 5193 2701 5253 penetrare.
2750 5184 3222 5250 Quemadmodum
3272 5204 3402 5260 ergo
3453 5193 3509 5247 in

1936 5286 2130 5344 partu,
2159 5276 2491 5346 paupercula
2527 5285 2582 5331 et
2616 5278 2800 5346 regina
2836 5280 3056 5333 eosdem
3092 5280 3310 5337 dolores
3344 5286 3513 5339 susti-

1936 5377 2091 5431 nent,
2126 5368 2315 5422 itidem
2350 5382 2569 5437 quoque
2604 5377 2747 5421 terra
2782 5369 2970 5423 divitis
3006 5378 3059 5424 et
3093 5375 3370 5440 pauperis,
3404 5376 3510 5430 nisi

1936 5459 2354 5513 convenientem
2383 5461 2660 5527 acceperit
2685 5460 2937 5524 imbrem,
2963 5478 3071 5515 non
3098 5472 3279 5531 potest
3302 5464 3511 5520 fructus

1936 5548 2132 5617 dignos
2156 5546 2462 5617 producere
2488 5568 2498 5601 :
2525 5548 2605 5602 sic
2624 5564 2842 5619 quoque
2868 5550 2922 5604 in
2948 5551 3267 5619 operatione
3293 5553 3510 5620 anima},

1940 5656 2048 5693 non
2080 5638 2317 5709 sapiens,
2343 5654 2454 5693 non
2480 5640 2723 5709 locuples
2747 5641 2800 5694 in
2825 5643 2995 5711 gratia
3027 5657 3251 5711 regnum
3279 5644 3511 5711 obtinet,

1940 5732 2043 5787 nisi
2075 5747 2169 5801 per
2195 5731 2564 5797 tolerantiam,
2596 5731 2919 5788 alllictiones
2949 5742 3003 5788 et
3032 5734 3248 5790 labores
3280 5738 3513 5803 multos;

1939 5822 2374 5878 Christianorum
2406 5822 2554 5879 enim
2580 5821 2693 5877 vita
2723 5823 2992 5897 ejusmodi
3022 5839 3144 5881 esse
3172 5825 3355 5883 debet.
3387 5829 3518 5885 Pcr-

3010 5916 3083 5979 25
