4254 6358
814 409 911 476 771

2040 404 2100 467 S.
2141 403 2461 466 MACARII
2494 404 2812 467 EGYPTII

3946 409 4067 476 ’ΠΩ

812 526 939 578 inde
980 538 1043 577 ac
1079 522 1183 577 mel
1223 520 1385 575 dulce
1423 517 1566 590 quod
1605 527 1709 582 est,
1741 517 1877 573 nihil
1918 520 2151 588 suscipit
2185 518 2375 581 amari,
2407 519 2492 579 Α]

2407 524 2453 579 Α
2480 519 2819 589 Χριστιανῶν
2845 521 2957 591 βίος
2979 520 3181 591 ὀφείλει
3204 520 3445 585 τοιοῦτος
3463 515 3622 577 εἶναι.
3639 521 3853 604 Ὠσπερ
3872 525 3943 577 τὸ
3967 526 4067 594 p.1-

810 630 916 668 nec
962 612 1212 667 venenati
1269 611 1401 680 quid
1453 610 1724 674 admittit;
1772 609 1851 663 sic
1898 607 1987 663 isti
2037 623 2377 676 quacunque

810 705 1117 767 evenerint,
1154 703 1268 758 sive
1318 703 1480 763 bona,
1517 702 1631 756 sive
1680 701 1844 763 mala,
1887 699 2105 769 benigni
2136 708 2283 761 sunt,
2318 707 2378 754 ut

813 795 989 862 inquit
1026 795 1288 847 Dominus
1334 810 1345 844 :
1387 791 1566 846 Eswte
1606 792 1831 860 benigni,
1856 792 1987 843 sicut
2027 790 2181 843 Pater
2215 797 2379 843 vester

811 886 1047 937 (iniustis.
1079 884 1226 948 Quod
1256 886 1391 936 enim
1428 884 1568 937 lmdit
1596 893 1642 935 et
1670 884 1909 952 inquinat
1932 884 2211 944 hominem,
2234 884 2377 934 intus

812 986 903 1026 est.
942 974 1078 1027 Nam
1126 975 1189 1025 de
1230 976 1381 1027 corde
1426 984 1612 1027 exeunt
1659 974 1993 1041 cogitationes
2039 971 2198 1025 mala:
2220 972 2285 1036 “,
2320 981 2379 1025 ut

811 1064 1076 1117 Dominus
1125 1064 1221 1128 ait,
1260 1065 1517 1133 quoniam
1568 1078 1687 1132 qua:
1738 1064 2026 1131 inquinant
2074 1062 2375 1129 hominem,

812 1155 1026 1207 interna
1057 1162 1203 1207 sunt.

882 1427 967 1480 ill.
994 1427 1143 1479 Intus
1173 1442 1301 1495 ergo
1331 1436 1413 1480 est
1437 1427 1489 1479 in
1518 1426 1697 1479 anima
1722 1442 1918 1495 repens
1943 1436 1998 1480 et
2018 1427 2375 1497 progrediens

813 1520 1037 1587 spiritus
1088 1518 1337 1583 malitiae,
1373 1517 1634 1570 rationale
1684 1518 2066 1587 impulsivum,
2099 1519 2245 1587 quod
2293 1528 2376 1573 est

812 1609 1058 1661 velamen
1105 1608 1475 1669 tenebrarum,
1502 1616 1658 1660 vetus
1700 1608 1953 1659 nimirum
1996 1608 2178 1671 homo,
2212 1623 2375 1676 quem

812 1707 1028 1765 Oportet
1068 1713 1161 1749 eos
1210 1698 1302 1765 qui
1346 1697 1411 1749 ad
1452 1698 1742 1750 Dominum
1783 1697 2123 1766 confugiunt,
2151 1712 2373 1759 exuere,

2479 610 2533 662 λι
2570 610 2742 677 γλυκὺ
2783 613 3049 680 τυγχάνον
3073 653 3089 677 ,
3141 612 3291 665 οὑδέν
3334 612 3642 682 ἐπιδέχεται
3673 612 3781 665 τῶν
3810 615 4067 685 πικρῶν,

2479 698 2513 768 ἢ
2558 699 2667 752 τῶν
2700 700 2921 754 ίοὸόλων
2954 699 3275 769 μεταλαϐεῖν
3304 715 3320 731 ο
3377 699 3550 763 οὕτως
3583 701 3739 754 αὐτοὶ
3774 703 3911 755 πᾶσι
3946 707 4068 766 τοῖς

2481 788 2867 858 ἐπερχομένοις
2887 831 2902 854 ,
2951 790 3061 843 εἴτε
3091 790 3313 857 ἀγαθοῖς
3346 792 3456 843 εἴτε
3486 793 3741 861 πονηροῖς
3762 834 3776 855 ,
3824 797 4071 862 χρηστοὶ

2480 881 2853 949 τυγχάνουσιν,
2887 881 2960 944 ὦς
2990 898 3152 949 φησιν
3182 884 3204 933 t
3231 880 3454 949 Κύριος,
3486 882 3743 935 Γίνεσθε
3771 886 4068 949 χρηστοὶ,

2478 968 2559 1035 ὡς
2605 972 2638 1023 ό
2676 971 2875 1039 Πατὴρ
2912 970 3080 1040 ὑμῶν
3126 975 3159 1026 ὀ
3194 972 3501 1038 οὐράνιος·
3536 972 3603 1025 τὸ
3632 974 4072 1041 τὰρβλάπτον

2479 1058 2577 1113 καὶ
2599 1061 2841 1129 μιαῖνον
2869 1063 2977 1117 τὸν
2993 1062 3326 1129 ἄνθρωπον,
3352 1062 3600 1117 ἔνδοθέν
3626 1064 3818 1117 ἐστιν’
3847 1066 3921 1118 ἐκ
3954 1068 4071 1134 τὰρ

2479 1146 2590 1213 τῆς
2622 1150 2867 1216 καρδίας
2912 1152 3339 1219 ἐκπορεύονται
3370 1153 3747 1221 διαλογισμοὶ
3776 1156 4065 1221 πονηροὶ,

2480 1237 2660 1300 καθὼς
2686 1241 2712 1292 ὀ
2737 1240 2939 1309 Κύριος
2963 1242 3131 1309 λέγει,
3154 1242 3236 1295 δτι
3255 1243 3325 1295 τά
3345 1244 3626 1297 κοινοῦντα
3648 1243 3739 1296 τδν
3759 1244 4069 1315 ἄνθρωπον

2479 1328 2689 1381 ἔνδοθέν
2715 1332 2882 1385 ἐστιν.

2548 1420 2622 1473 I“.
2643 1421 2889 1475 Ἐνδοθεν
2916 1417 3008 1475 οῦν
3036 1424 3181 1475 ἐστιν
3209 1424 3268 1475 ἐν
3293 1425 3360 1493 τῇ
3386 1422 3532 1493 ψυχῇ
3560 1422 3728 1494 ἕρπον
3747 1424 3845 1478 καὶ
3862 1426 4069 1496 προῖδν

2477 1512 2696 1579 πνεῦμα
2730 1514 2993 1580 πονηρίας
3014 1551 3029 1577 ,
3078 1514 3387 1581 λογιστικὸν
3420 1515 3733 1584 κινητικὶν,
3767 1518 3906 1585 ὅπερ
3940 1520 4067 1570 ἐστὶ

2475 1601 2536 1652 τὸ
2584 1604 2847 1671 κάλυμμα
2892 1602 2986 1655 τοῦ
3030 1604 3285 1668 σκότους,
3322 1606 3352 1657 δ
3380 1605 3611 1666 παλαιὸς
3640 1607 3968 1677 ἄνθρωπος,
4004 1609 4066 1661 δν

2476 1691 2557 1743 δεῖ
2606 1693 2731 1754 τοὺς
2781 1692 2859 1763 τῷ
2894 1693 3013 1761 Θεῷ
3048 1694 3493 1764 προσφεύγοντας
3519 1696 3919 1759 ἀποδύσασθαι,
3967 1702 4066 1750 καὶ

810 1794 975 1852 atque
1015 1784 1241 1837 induere
1281 1785 1555 1838 caelestem
1598 1794 1653 1837 et
1693 1800 1895 1837 novum
1939 1785 2248 1844 hominem,
2282 1787 2375 1855 qui
2483 1782 2490 1831 ί

2483 1779 2807 1833 ἐνδύσασθαι
2836 1783 2923 1835 τὸν
2953 1784 3275 1853 ἐπουράνιον
3304 1784 3397 1837 καὶ
3422 1786 3607 1837 καινὸν
3631 1786 3917 1856 άιθρωπον
3950 1826 3966 1850 ,
4005 1788 4065 1848 ὃς

811 1885 897 1929 est
928 1874 1199 1929 Christus.
1230 1875 1377 1929 Nihil
1411 1890 1543 1943 ergo
1575 1889 1787 1937 eorum,
1814 1890 1935 1942 qua:
1964 1884 2191 1928 externa
2223 1886 2372 1940 sunt,
2404 1860 2451 1919 Β
2479 1871 2491 1923 Ι

2404 1860 2451 1919 Β
2479 1871 2596 1923 ἐστι
2620 1872 2875 1941 Χριστός.
2897 1873 3061 1927 Οὐδὲν
3082 1874 3175 1927 οῦν
3200 1876 3309 1926 τῶν
3335 1874 3535 1940 ἔξωθεν
3557 1874 3811 1945 βλάπτειν
3828 1876 4064 1929 δύναται

810 1964 1009 2019 laedere
1039 1974 1218 2034 potest
1246 1965 1543 2027 hominem,
1576 1964 1678 2017 nisi
1709 1965 1802 2032 qui
1833 1965 1987 2029 vivit,
2014 1974 2293 2034 operatur,
2320 1974 2376 2019 et
2480 1979 2490 1997 ⁸

2480 1961 2571 2015 τὸν
2601 1963 2914 2035 ἄνθρωπον,
2964 1967 3012 2017 εί
3044 1966 3117 2036 μὴ
3149 1966 3211 2019 τδ
3233 1965 3342 2030 ζῶν
3373 1969 3467 2020 καὶ
3490 1968 3842 2035 ἐνεργητικὸν
3873 1969 3938 2020 τὺ
3971 1971 4062 2021 ἐν·

810 2055 1020 2109 habitat
1076 2056 1129 2109 in
1192 2056 1353 2109 corde
1408 2056 1634 2123 spiritus
1685 2055 2056 2109 tenebrarum.
2110 2056 2374 2123 Quocirca
2482 2071 2490 2102 ε

2482 2052 2666 2107 οικοῦν
2699 2056 2758 2107 ἐν
2788 2058 2854 2126 τῇ
2886 2056 3083 2127 καρδίᾳ
3116 2056 3335 2124 πνεῦμα
3365 2058 3589 2120 σκότους
3612 2072 3628 2089 '
3666 2059 3807 2112 ὥστε
3837 2059 3933 2111 οῦν
3966 2062 4061 2112 τὸν

814 2147 1187 2215 unusquisque
1224 2146 1275 2199 in
1314 2146 1737 2214 cogitationibus
1767 2146 1879 2199 suis
1908 2146 2071 2201 debet
2099 2158 2376 2203 certamen
2485 2161 2494 2196 ι

2485 2144 2670 2211 ἀγῶνα
2704 2147 2929 2207 ἕκαστος
2959 2149 3018 2198 ἐν
3048 2150 3158 2210 τοῖς
3184 2148 3463 2217 λογισμοῖς
3494 2149 3699 2218 ὀφείλει
3728 2152 4058 2218 κεκτῆσθαι,

810 2236 969 2302 inire,
1004 2246 1065 2291 ut
1104 2238 1383 2292 illuccscat
1422 2238 1577 2291 cordi
1618 2240 1736 2307 ejus
1773 2236 2041 2291 Christus.
2070 2236 2172 2293 Cui
2205 2239 2374 2310 gloria
2483 2236 2490 2286 ἲ

2483 2236 2570 2289 ἵνα
2600 2238 2879 2311 ἐπιλάμψῃ
2910 2244 2977 2310 τῇ
3007 2242 3205 2313 καρδίᾳ
3229 2242 3393 2295 αὐτοῦ
3418 2244 3445 2296 ό
3468 2243 3722 2312 Χριστός.
3756 2238 3824 2310 Ὦ
3859 2246 3892 2314 ἠ
3926 2244 4059 2311 δόξα

810 2328 865 2381 in
896 2329 1113 2382 saecula.
1140 2331 1332 2382 Amen.

1254 2440 1409 2511 137
1444 2440 1727 2496 IlOMILlA
1757 2441 1939 2496 XLIII.

809 2526 889 2581 De
912 2545 1186 2600 progressu
1214 2529 1312 2582 viri
1356 2529 1664 2594 Christiani,
1694 2532 1840 2600 cujus
1868 2541 1976 2584 tota
2012 2533 2086 2584 vis
2137 2548 2200 2585 ex
2228 2534 2379 2585 corde

1091 2599 1366 2667 dependet,
1392 2608 1447 2651 ut
1477 2600 1559 2652 hic
1590 2602 1734 2653 varie
1754 2599 2090 2654 describitur.

880 2834 923 2889 1.
951 2834 1419 2901 Quemadmodum
1446 2835 1515 2889 ab
1572 2836 1686 2906 igni
1724 2835 2101 2891 accenduntur
2143 2838 2382 2892 lucerna:

809 2925 994 2977 multa».
1020 2932 1075 2976 et
1102 2922 1377 2991 lampades
1400 2923 1688 2989 ardentes;
1720 2933 1931 2979 cuncta:
1951 2941 2083 2979 vero
2104 2926 2381 2995 lampades

808 3022 863 3065 et
880 3014 1118 3067 lucerna:
1140 3014 1207 3066 ab
1230 3030 1336 3067 una
1359 3023 1554 3068 natura
1579 3015 1956 3070 accenduntur
1974 3027 2028 3070 et
2056 3017 2378 3086 splendent:

811 3106 892 3159 sic
926 3121 1145 3175 quoque
1187 3104 1485 3159 Christiani
1521 3106 1589 3160 ab
1622 3122 1727 3160 una
1773 3118 1965 3161 natura
2008 3108 2381 3163 accenduntur

2482 2329 2560 2389 εις
2594 2329 2721 2391 τοὺς
2745 2330 2967 2392 αἰῶνας.
3005 2332 3197 2402 Ἀμήν.

3039 2444 3281 2498 ΟΜΙΛῙΑ
3342 2446 3474 2501 ΜΓ.

2482 2530 2621 2608 Περὶ
2677 2528 2787 2608 τῆς
2840 2533 3152 2608 προκοπῆς
3210 2536 3329 2608 τοῦᾲ
3368 2541 3725 2607 Χριστιαγοῦ
3794 2541 4055 2607 ἀνὸίός,

2553 2596 2629 2667 ἧς
2688 2596 2972 2678 iniquo}-
3000 2596 3253 2678 δύκὰμις
3306 2606 3374 2660 ἐκ
3409 2596 3547 2676 ’τῆς
3588 2596 3859 2678 καρδίας
3904 2596 4057 2664 tia-0;

2554 2669 2889 2747 κρεμαμένη
2948 2669 3164 2740 ἐστίν,
3214 2673 3416 2746 ὥσπερ
3467 2669 3749 2747 ποικίλως
3791 2669 4054 2736 hami-0a

2554 2737 2960 2806 dlarpd;82ai.

2561 2848 2643 2901 Ν.
2675 2848 2884 2919 Ὠσπερ
2909 2850 3015 2903 ἀπὸ
3041 2852 3135 2906 τοῦ
3169 2856 3341 2925 πυρὸς
3366 2859 3626 2914 άπτονται
3656 2862 3838 2933 λύχνοι
3864 2866 4052 2920 πολλοὶ

2489 2934 2582 2985 καὶ
2614 2934 2892 3004 λαμπάδες
2920 2939 3205 3006 καιόμεναι
3229 2982 3243 3003 ,
3275 2946 3443 2998 πᾶσαι
3470 2948 3525 3001 δὲ
3557 2952 3611 3001 αί
3641 2949 3925 3020 λαμπάδες
3960 2958 4053 3007 καὶ

2488 3023 2536 3073 ci
2556 3023 2734 3093 λύχνοι
2760 3026 2866 3080 ἀπὸ
2889 3029 3016 3094 μιᾶς
3040 3030 3255 3095 φύσεως
3276 3033 3599 3091 ἀνάπτονται
3619 3042 3713 3093 καὶ
3742 3044 4047 3109 φαίνουσινο

2488 3111 2659 3176 οῦτως
2692 3116 2785 3167 καὶ⁵
2810 3117 2857 3168 oi
2885 3118 3202 3187 Χριστιανοὶ
3231 3123 3338 3176 άπὸ
3378 3128 3507 3193 μιᾶς
3540 3128 3754 3195 φύσεως
3783 3132 4051 3186 ἀνάπτον-

810 3207 866 3249 et
907 3197 1111 3261 lucent,
1157 3197 1297 3266 ignis
1332 3197 1595 3251 nimirum
1629 3197 1825 3261 divini,
1866 3198 1988 3252 Filii
2024 3199 2117 3252 Dei
2156 3216 2169 3251 :
2198 3208 2253 3252 ct
2284 3200 2378 3251 ha-
2406 3206 2449 3266 C
2480 3219 2490 3236 -

2365 3230 2378 3238 -
2406 3206 2449 3266 C
2480 3219 2590 3268 ται,
2623 3205 2716 3256 καὶ
2735 3204 3007 3274 φαίνουσι,
3036 3209 3127 3262 τοῦ
3164 3213 3334 3284 πυρὸς
3361 3216 3453 3269 τοῦ
3474 3217 3645 3285 θείου,
3672 3220 3766 3273 τοῦ
3792 3222 3923 3275 Υίοῦ
3954 3223 4045 3275 τοῦ

814 3285 943 3337 bent
966 3284 1242 3354 lampades
1262 3285 1517 3340 ardentes
1543 3285 1597 3339 in
1628 3286 1888 3339 cordibus
1926 3288 2059 3351 suis,
2088 3288 2377 3356 lucentque

812 3372 867 3423 in
911 3380 1203 3440 conspectu
1250 3374 1390 3442 ejus,
1441 3373 1529 3426 vel
1573 3374 1753 3429 adhuc
1788 3375 1842 3427 in
1910 3383 2054 3427 terra
2096 3375 2375 3444 degentes,

809 3460 953 3512 sicut
982 3469 1037 3513 et
1096 3460 1230 3530 ipse.
1286 3462 1467 3530 Inquit
1519 3463 1709 3516 enim:
1762 3464 2050 3530 Propterea
2110 3466 2256 3516 unxit
2331 3473 2379 3516 te

813 3550 973 3611 Deus,
1009 3550 1142 3604 Deus
1173 3561 1291 3605 tuus
1343 3552 1456 3606 oleo
1509 3554 1707 3608 (mitia:
1738 3556 1801 3607 ".
1843 3556 2051 3608 Idcirco
2079 3555 2379 3623 appellatus

812 3652 896 3695 est
918 3641 1189 3706 Christus,
1219 3652 1277 3695 ut
1309 3659 1375 3698 eo
1405 3645 1522 3711 ipso
1558 3646 1700 3709 oleo,
1725 3662 1833 3714 quo
1868 3647 1981 3714 ipse
2027 3656 2110 3701 est
2158 3655 2374 3711 unctus,

813 3749 914 3788 nos
936 3749 1154 3803 quoque
1200 3737 1347 3789 uncti
1381 3736 1574 3791 fiamus
1620 3737 1845 3804 Christi,
1896 3739 2165 3807 ejusdem,
2200 3749 2259 3794 ut
2303 3739 2377 3792 ita

814 3822 1011 3884 dicam,
1052 3822 1390 3886 substantiae,
1425 3831 1481 3878 et
1520 3824 1682 3878 unius
1715 3827 1983 3893 corporis.
2025 3826 2207 3895 lnquit
2248 3842 2375 3878 rur-

816 3926 932 3965 sum
978 3928 990 3962 :
1033 3909 1134 3973 Qui
1173 3911 1491 3978 sanctificat,
1539 3921 1587 3964 et
1608 3915 1698 3983 qui
1736 3913 2133 3981 sanctiﬁcantur
2186 3930 2249 3967 ea:
2271 3930 2377 3967 uno

813 4017 990 4054 omnes
1012 4001 1076 4055 “.

884 4172 949 4225 ll.
988 4172 1208 4227 Similes
1238 4173 1403 4243 igitur
1432 4182 1561 4228 sunt
1597 4174 1889 4229 Christiani
1920 4192 1984 4230 ex
2018 4177 2197 4246 aliqua
2222 4186 2374 4247 parte

812 4264 1053 4317 lucernis
1078 4264 1407 4317 habentibus
1440 4266 1620 4319 oleum
1665 4268 1718 4319 in
1754 4282 1833 4329 se,
1878 4268 1981 4321 hoc
2034 4278 2117 4322 est
2166 4268 2377 4324 fructus

808 4354 1053 4421 justitizn,
1077 4363 1131 4405 et
1156 4354 1258 4406 nisi
1294 4354 1866 4409 accendatur-lucerna
1898 4358 1950 4409 in
1986 4360 2067 4412 eis
2096 4374 2125 4411 a
2151 4359 2374 4414 lucerna

811 4442 1017 4503 divina,
1064 4443 1201 4495 nihil
1237 4453 1379 4495 sunt.
1422 4443 1683 4498 Dominus
1706 4454 1823 4498 erat
1883 4446 2105 4501 lucerna
2154 4448 2371 4513 ardens,

2480 3294 2637 3356 Θεοῦ,
2672 3298 2763 3349 καὶ
2801 3298 2983 3368 ἔχουσι
3010 3306 3107 3367 τὰς
3142 3306 3433 3373 λαμπάδας
3480 3310 3778 3379 καιομένας
3820 3315 3901 3375 εἰς
3946 3316 4046 3376 τὰς

2481 3385 2704 3455 καρδίας
2732 3388 2944 3469 αὐτῶν,
2984 3394 3079 3447 καὶ
3106 3396 3358 3463 φαίνουσι
3389 3402 3725 3453 κατενώπιον
3774 3402 3939 3456 αὐτοῦ
3990 3407 4046 3456 ἐν

2478 3478 2547 3544 γῇ
2582 3476 2751 3543 ὄντες,
2781 3481 2963 3545 καθὼς
2989 3486 3085 3537 καὶ
3117 3486 3296 3549 αὐτός.
3329 3490 3489 3556 Λέγει
3535 3493 3665 3559 γὰρ,
3721 3494 3821 3547 Διὰ
3870 3497 4045 3549 τοῦτο

2478 3565 2684 3631 ἐχρισέ
2715 3582 2789 3619 σε
2824 3570 2856 3620 ό
2894 3572 3034 3634 Θεό(
3072 3587 3193 3625 σου
3221 3572 3427 3627 ἔλαιον
3460 3576 3893 3643 ἀγαλλιάσεως.
3948 3581 4043 3633 Διὰ

2478 3656 2634 3710 τοῦτο
2684 3659 2916 3727 Χριστος
2958 3662 3229 3733 ἐπεκλήθη
3257 3707 3270 3728 ,
3310 3664 3396 3716 ἵνα
3430 3664 3506 3733 τῷ
3550 3666 3699 3733 αὑτῷ
3750 3668 3953 3737 ἐλαίῳ,
4000 3664 4042 3738 ᾧ

2479 3748 2637 3811 αὐτὸς
2668 3749 2913 3820 ἐχρίσθη,
2946 3754 3039 3807 καὶ
3074 3756 3235 3824 ἡμεῖς
3262 3756 3572 3825 χρισθέντες
3593 3760 3878 3828 γενώμεθα
3910 3761 4042 3831 Χρι-

2481 3837 2617 3901 nol,
2647 3837 2745 3905 τῆς
2767 3839 2955 3909 αὐτῆς,
2977 3843 3050 3903 ὼς
3064 3843 3258 3907 εἰπεῖν,
3288 3844 3475 3905 οὐσίας
3504 3846 3600 3897 καὶ
3632 3846 3747 3907 ἐνὸς
3773 3846 4038 3916 σώματος.

2479 3928 2643 3994 Λέγει
2673 3928 2857 3994 πάλιν,
2892 3930 2969 3982 '0
2994 3948 3058 3984 τε
3078 3932 3348 4001 ἁγιάζων,
3379 3934 3476 3986 καὶ
3512 3936 3565 3986 ot
3591 3934 3951 4004 ἁγιαζόμενοι
3973 3938 4041 4002 ἐξ

2478 4014 2615 4081 ἐνὸς
2652 4016 2893 4081 πάντες.

2550 4190 2625 4244 B'.
2682 4191 2955 4247 Ἐοίκασιν
3010 4189 3103 4248 οὖν
3156 4197 3206 4248 οἱ
3271 4196 3591 4267 Χριστιανοὶ
3651 4198 3707 4251 ἐν
3758 4199 3837 4252 ἐνὶ
3890 4202 4039 4270 μέρει

2480 4280 2723 4350 λυχνίαις
2754 4284 3009 4352 ἐχούσαις
3039 4285 3097 4337 τὸ
3124 4285 3302 4339 ἔλαιον
3320 4288 3377 4339 tv
3409 4288 3617 4352 αὑταῖς,
3652 4288 3895 4342 τούτεστι
3921 4294 4039 4354 τοὺς

2478 4374 2721 4441 καρποὺς
2757 4375 2854 4443 τῆς
2883 4375 3246 4448 δικαιοσύνης.
3291 4379 3416 4431 Ἐὰν
3444 4378 3499 4431 δὲ
3568 4380 3641 4449 μὴ
3678 4380 3820 4451 ἁφθῇ
3852 4381 4037 4450 λύχνος

2478 4459 2541 4511 ἐκ
2572 4460 2667 4512 τοῦ
2696 4461 2890 4531 λύχνου
2920 4465 3019 4534 τῆς
3046 4464 3300 4534 θεότητος
3340 4470 3397 4520 tv
3431 4469 3615 4531 αὐτοῖς
3637 4508 3652 4533 ,
3684 4471 3834 4523 οὐδέν
3858 4474 3993 4525 είσιν
4020 4492 4032 4503 ·

811 4548 1035 4605 propter
1068 4536 1330 4604 Spiritum
1361 4536 1659 4592 divinitatis
1688 4548 1999 4594 manentem
2030 4541 2369 4595 substantia-
2405 4539 2448 4593 D
2475 4550 2491 4602 ε

2356 4571 2369 4581 -
2405 4539 2448 4593 D
2475 4550 2504 4602 ό
2535 4550 2737 4621 Κύριος
2756 4548 2823 4623 ἦν
2848 4553 2875 4606 ὁ
2900 4554 3088 4625 λύχνος
3118 4558 3146 4609 δ
3169 4559 3474 4627 καιόμενος,
3501 4559 3588 4614 διὰ
3614 4560 3673 4613 τὺ
3701 4561 3921 4631 Πνεῦμα
3946 4565 4036 4633 τῆς

812 4627 937 4680 liter
967 4626 1021 4679 in
1046 4626 1183 4694 ipso,
1218 4635 1272 4679 et
1296 4627 1683 4681 accendentem
1736 4631 1854 4699 ejus
1881 4644 1979 4683 cor
1999 4644 2101 4699 pro
2134 4630 2373 4684 humana

813 4727 1025 4771 natura.
1054 4716 1283 4770 Perinde
1314 4732 1441 4771 vero
1475 4732 1537 4771 ac
1572 4718 1615 4771 si
1642 4718 1711 4772 sit
1734 4720 2066 4789 marsupium
2098 4720 2370 4789 putidum,

814 4810 1032 4876 plenum
1058 4806 1361 4876 margaritis
1394 4824 1408 4859 :
1446 4808 1525 4862 sic
1575 4824 1794 4877 quoque
1850 4810 2168 4875 Christiani,
2194 4811 2371 4879 quoad

811 4906 1099 4950 externum
1133 4896 1433 4961 hominem,
1470 4898 1707 4953 humiles
1754 4900 1959 4954 debent
1995 4915 2135 4963 esse,
2167 4908 2223 4953 et
2248 4901 2371 4955 vilis

811 4986 1161 5051 conditionis,
1192 4987 1340 5042 intus
1368 5004 1500 5042 vero
1554 4990 1608 5042 in
1667 4991 1917 5044 interiori
1974 4991 2192 5046 homine
2228 4992 2373 5045 obti-

812 5088 943 5132 nent
972 5080 1266 5147 pretiosam
1343 5081 1710 5150 margaritam.
1757 5082 2012 5135 Nonnulli
2076 5098 2206 5137 vero
2251 5092 2378 5137 sunt

812 5168 1080 5236 sepulcris
1145 5170 1411 5223 dealbatis
1464 5171 1691 5235 similes,
1729 5173 1970 5226 exterius
2016 5172 2235 5241 quidem
2278 5174 2375 5228 de-

813 5258 942 5325 picti
988 5246 1045 5313 et
1065 5260 1223 5314 valde
1252 5260 1523 5329 splendidi
1551 5262 1617 5326 ⁸⁷,
1653 5262 1801 5315 intus
1827 5278 1954 5317 vero
1998 5264 2141 5331 pleni
2170 5265 2371 5319 ossium

814 5354 1153 5402 mortuorum
1188 5389 1202 5414 ,
1251 5349 1443 5403 fetoris
1494 5352 1649 5404 multi
1693 5362 1748 5405 et
1791 5354 2083 5421 spirituum
2148 5355 2375 5409 immun-

812 5436 1043 5503 dorum;
1095 5440 1296 5493 mortui
1326 5448 1455 5494 sunt
1488 5456 1518 5494 a
1569 5441 1678 5495 Deo
1706 5461 1716 5495 :
1747 5454 1909 5513 atque
1953 5446 2098 5498 omni
2133 5448 2371 5515 turpitu-

814 5525 865 5579 di
895 5542 962 5593 te,
996 5529 1252 5584 sordibus
1271 5542 1326 5585 et
1348 5532 1593 5587 tenebris
1618 5535 1915 5588 adversarii
1944 5535 2142 5594 induti.

882 5771 928 5802 “
950 5771 1085 5830 Luc.
1109 5792 1160 5831 vt
1212 5778 1305 5843 56;
1339 5779 1528 5835 Matth.
1556 5796 1640 5844 xv,
1671 5780 1756 5833 li.
1836 5783 1876 5813 "
1907 5782 2046 5836 Psal.
2081 5797 2200 5846 κιν,
2226 5783 2275 5837 8.

2373 5787 2417 5817 “
2452 5787 2620 5843 Hebr.
2647 5806 2703 5848 It.
2728 5791 2779 5845 ἓ.

2482 4640 2733 4710 θεότητος
2765 4645 2824 4697 τὸ
2861 4646 3019 4715 μένον
3064 4649 3334 4711 οὐσιωδῶς
3371 4651 3429 4703 tv
3462 4652 3613 4721 αὺτῷ
3640 4692 3653 4718 ,
3686 4654 3780 4705 καὶ
3824 4655 4036 4709 ἐκκαῖον

2482 4731 2644 4783 αὐτοῦ
2671 4733 2767 4802 τὴν
2800 4736 3025 4805 καρδίαν
3046 4738 3189 4790 κατὰ
3218 4740 3278 4791 τδ
3299 4740 3659 4811 ἀνθρώπινον.
3684 4743 3892 4812 Ὠσπερ
3934 4746 4036 4815 γὰρ

2481 4818 2575 4871 ἐὰν
2668 4820 2945 4888 βαλάντιον
2978 4827 3181 4893 σαπρὸν
3212 4829 3641 4898 πεπληρωμένον
3666 4818 4032 4901 μαργαριτῶν,

2481 4906 2622 4961 οὕτω
2654 4911 2749 4963 καὶ
2771 4914 2819 4963 οἱ
2851 4913 3165 4984 Χριστιανοὶ
3182 4916 3256 4984 τῷ
3284 4918 3478 4982 ἔξωθεν
3508 4919 3778 4989 ἀνθρώπῳ
3801 4925 4034 4975 ταπεινοὶ

2478 4999 2781 5065 ὀφείλοντες
2818 4998 2955 5057 εἶναι
2986 5006 3079 5057 καὶ
3103 5008 3585 5078 εὐκαταφρόνητοι.
3621 5011 3827 5064 ἔνδοθεν
3855 5014 3933 5074 είς
3954 5013 4031 5065 τὸν

2477 5087 2583 5138 tam
2623 5088 2907 5158 ἄνθρωπον
2952 5092 3133 5162 ἔχουσι
3182 5098 3271 5149 τὸν
3324 5098 3620 5169 πολύτιμον
3674 5105 4025 5175 μαργαρίτην.

2480 5178 2697 5247 Ἕτεροι
2720 5180 2775 5232 δέ
2796 5183 2900 5235 είσι
2933 5187 3124 5252 τάφοις
3188 5192 3596 5259 κεκονιαμένοις
3624 5195 3877 5257 ἐοικότες,
3908 5196 4028 5259 ἔξω·

2478 5266 2569 5319 θεν
2598 5269 2696 5337 μὲν
2722 5271 3171 5343 ἐζωγραφημένοι
3218 5282 3309 5331 καὶ
3340 5283 3718 5351 περικαλλεῖς,
3750 5284 3945 5337 ἔσωθεν
3976 5289 4025 5338 δὲ

2476 5357 2733 5427 γέμοντες
2770 5363 2968 5414 ὀστέων
3006 5369 3235 5436 νεκρῶν,
3270 5372 3361 5425 καὶ
3392 5372 3655 5437 δυσωδίας
3685 5374 3905 5443 πολλῆς,
3942 5378 4025 5429 καὶ

2474 5447 2797 5515 πνευμάτων
2818 5450 3159 5521 ἀκαθάρτων.
3185 5457 3386 5527 Νεκροί
3420 5462 3557 5513 είσιν
3589 5462 3698 5514 ἀπὸ
3720 5462 3856 5515 Θεοῦ
3879 5506 3893 5529 ,
3940 5467 4024 5517 καὶ

2474 5539 2653 5590 πᾶσαν
2681 5540 2940 5609 αίσχύνην
2971 5546 3084 5604 καὶ,
3112 5550 3401 5617 ῥυπαρίαν,
3466 5552 3563 5605 καὶ
3612 5553 3671 5607 τὸ
3705 5555 3894 5619 σκότος
3938 5556 4021 5610 τοῦ

2477 5631 2853 5701 ἀντικειμένου
2887 5634 3240 5706 ἐνδεδυμένοι.

2894 5795 2935 5826 τ’
2957 5795 3143 5849 Matth.
3171 5812 3317 5855 mu.
3355 5797 3443 5850 527.
