4254 6358
230 414 350 481 ’173

1431 405 1796 468 ΗΟΜΙΙᾸιΕ.
1824 428 1893 440 -
1915 403 2103 467 ΗΟΜ.
2143 403 2362 466 XLIII.

3385 405 3492 472 πι

310 529 388 581 Γ’.
440 526 501 581 '0
526 526 850 589 ’Δπόστολος
881 523 1050 593 λέγει,
1082 525 1165 578 ότι
1205 523 1268 576 '0
1292 503 1545 589 κήπιος,
1568 523 1681 587 ἕως
1712 522 1811 577 ὅτε
1837 529 1888 585 Α
1984 521 1990 573 1

1807 529 1888 585 Ἀ
1984 520 2070 576 ill.
2104 522 2401 592 Apostolus
2432 519 2545 575 ait:
2599 517 2762 586 Puer,
2813 520 3047 589 quandiu
3092 520 3346 590 parvulus
3390 535 3487 593 est,

229 618 455 688 μικρός
490 617 665 669 ἐστιν
689 657 704 681 ,
753 615 874 671 ὑπὸ
915 614 1277 681 ἐπιτρόπους
1327 611 1427 665 καὶ
1463 613 1818 683 οἰκονόμους

237 706 351 759 τῶν
380 694 634 774 πονηρῶν
665 705 992 774 πνευμάτων
1028 703 1176 756 ἐστὶν
1196 742 1212 767 ,
1248 702 1407 756 ἅτινα
1438 702 1725 772 πνεύματα
1756 704 1817 757 οὐ

238 793 459 847 θέλουσι
487 793 581 844 τὸν
613 794 805 862 νήπιον
832 791 1069 861 αὐξῆσαι
1092 807 1106 823 ⁸
1132 791 1217 844 ἵνα
1254 790 1330 863 μὴ
1366 791 1654 861 γενόμενος
1679 792 1819 866 ἀνὴρ

242 886 473 947 τέλειος,
505 884 738 955 ἄρξηται
774 883 1058 953 ἐπιζητεῖν
1103 884 1173 937 τά
1210 886 1351 938 κατὰ
1381 883 1474 937 τὸν
1497 876 1647 937 οἷκον
1667 924 1685 951 ,
1726 886 1821 939 καὶ

244 976 482 1029 έκδικεῐν
539 975 641 1047 τὴν
708 977 1027 1049 κυριότητα.
1086 976 1147 1031 '0
1204 976 1532 1048 Χριστιανὸς
1587 978 1820 1031 πάντοτε

240 1068 445 1135 ὀφείλει
477 1067 578 1137 τὴν
604 1068 828 1139 μνήμην
854 1067 949 1121 τοῦ
970 1066 1107 1121 Θεοῦ
1128 1066 1274 1137 ἔχειν
1291 1083 1307 1100 ο
1346 1067 1660 1136 γέγραπται
1688 1066 1818 1137 γὰρ,

240 1159 608 1229 ’Δτακήσεις
632 1160 852 1227 Κύριον
890 1159 999 1213 τὸν
1045 1158 1196 1213 Osdr-
1241 1172 1358 1212 σου
1405 1157 1476 1223 ἐξ
1518 1157 1667 1225 ὅλην,-
1712 1155 1822 1223 τῆς

240 1245 495 1313 καρδίας
530 1262 668 1310 σου,
701 1245 788 1301 ἵνα
830 1249 903 1318 μὴ
942 1246 1102 1317 μόνον
1124 1283 1141 1310 ,
1175 1247 1266 1299 ὅτε
1300 1247 1607 1316 είσέρχεται
1642 1246 1724 1310 εἲς
1760 1245 1822 1299 τὸ

241 1339 555 1408 εὑκτήριον,
576 1340 766 1411 άγαπᾷ
793 1339 884 1393 τὸν
918 1340 1157 1409 Κύριον,
1188 1338 1323 1393 ἀλλὰ
1355 1340 1450 1393 καὶ
1481 1339 1819 1410 περιπατῶν,

241 1428 341 1480 καὶ
367 1428 613 1499 ὁμιλῶν,
647 1429 742 1483 καὶ
768 1430 964 1483 ἐσθίων
990 1428 1090 1500 ἔχῃ
1125 1430 1225 1499 τὴν
1260 1431 1483 1501 μνήμην
1516 1428 1611 1483 τοῦ
1644 1428 1778 1483 Θεοῦ
1802 1470 1818 1496 ,

242 1517 340 1570 καὶ
359 1518 458 1588 τὴν
486 1519 730 1589 ἀγάπην,
762 1521 859 1573 καὶ
882 1520 982 1589 τὴν
1012 1521 1265 1589 στοργήν.
1299 1520 1463 1588 Λέγει
1492 1520 1821 1591 γὰρ,”Οκου

244 1611 277 1661 ό
303 1607 452 1673 νοῦς
476 1625 620 1672 σου,
648 1608 778 1662 ἐκεῖ
797 1609 899 1664 καί
939 1612 971 1663 ὀ
1016 1608 1324 1678 θησαυρός
1355 1624 1495 1663 σου.
1537 1610 1631 1673 Είς
1656 1609 1685 1661 6
1715 1610 1820 1682 γὰρ

241 1700 480 1770 πρᾶγμα
510 1700 544 1769 ή
570 1699 767 1770 καρδία
791 1699 935 1762 τινὸς
961 1699 1194 1764 δέδεται,
1231 1700 1326 1753 καὶ
1354 1700 1487 1753 ὅπου
1509 1701 1543 1769 ή
1560 1700 1822 1769 ἐπιθυμία

244 1791 391 1842 έλκει
420 1790 606 1855 αὐτὸν,
631 1790 807 1843 ἐκεῖνό
835 1792 983 1844 ἐστιν
1011 1790 1177 1843 αὐτοῦ
1210 1792 1238 1843 6
1264 1789 1403 1854 θεός.
1422 1789 1550 1844 Ἐὰν
1577 1790 1818 1860 ιπιθυμῇ

244 1880 279 1948 ἡ
311 1879 509 1947 καρδία
543 1879 773 1932 πάντοτε
797 1878 893 1932 τοῦ
918 1878 1078 1943 Θεοῦ,
1110 1880 1272 1943 αὐτός
1318 1882 1437 1934 ἐστι
1471 1879 1674 1948 Κύριος
1718 1880 1817 1949 τῆς
1851 1869 1893 1924 Β

243 1970 475 2037 καρδίας
517 1969 679 2023 αὑτοῦ
710 1986 724 1999 ·
757 1970 787 2023 6
835 1969 891 2023 δὲ
937 1969 1345 2041 άποταξάμενός
1397 1988 1503 2036 τις,
1529 1971 1821 2040 γενόμενος

242 2062 531 2129 ἀκτήμων,
566 2061 660 2114 καὶ
692 2061 907 2127 ἄπολις,
942 2063 1037 2116 καὶ
1065 2061 1374 2130 νηστεύων,
1408 2054 1562 2126 οὗτος
1604 2063 1684 2125 εἰς
1728 2062 1820 2115 τδν

242 2151 438 2204 ἑαυτοῦ
489 2150 777 2222 ἄνθρωπον
828 2153 1014 2223 ἀκμὴν
1043 2153 1252 2207 δέδεται
1272 2193 1288 2215 ,
1318 2153 1351 2223 ἢ
1383 2154 1463 2217 είς
1484 2152 1552 2206 τά
1580 2153 1819 2223 κοσμικά

242 2243 568 2311 πράγματα,
608 2243 641 2311 ἥ
673 2245 751 2306 είς
788 2244 986 2310 οίκίαν,
1013 2245 1045 2315 ἢ
1077 2246 1156 2307 είς
1184 2244 1406 2314 φίλτρον
1434 2244 1656 2313 γονέων,
1682 2245 1817 2298 ὅπου

240 2334 401 2405 ἐδέθη
443 2333 605 2387 αὐτοῦ
662 2335 696 2405 ἡ
734 2336 969 2404 καρδία,
1020 2337 1116 2390 καὶ
1158 2338 1189 2389 6
1219 2334 1345 2399 νοῦς
1377 2334 1767 2407 ᾐχμαλωτίσθη
1800 2375 1816 2401 ,

240 2426 423 2478 έκεῖνο
452 2425 615 2478 αὐτοῦ
643 2426 758 2479 ἐστι
788 2426 907 2490 θεός
933 2444 947 2459 ·
980 2428 1076 2481 καὶ
1102 2426 1448 2496 εὑρίσκεται,
1479 2427 1567 2481 διά
1590 2426 1689 2496 μιν
1716 2427 1819 2497 τῆς

242 2515 510 2579 πλατείας
536 2516 703 2587 θύρας
727 2516 959 2583 ἐξελθὼν
982 2516 1076 2570 τοῦ
1106 2518 1345 2589 κόσμου,
1377 2517 1465 2572 διά
1494 2517 1551 2571 δὲ
1581 2517 1680 2586 τῆς
1708 2535 1817 2571 πα-

246 2607 487 2677 ραούρου
544 2608 799 2662 εἰσελθὼν
852 2610 945 2662 καὶ
996 2608 1253 2678 ἐμπεσὼν
1304 2612 1385 2671 είς
1440 2608 1533 2661 τὸν
1592 2609 1814 2678 κόσμον.

244 2698 459 2766 Ὥσπερ
490 2698 558 2750 τά
588 2698 837 2768 φρύγανα
868 2698 1301 2770 ὲπιρριπτόμενα
1333 2699 1411 2761 είς
1439 2697 1503 2751 τὸ
1549 2697 1660 2768 πῦρ
1687 2735 1701 2758 ,
1754 2697 1813 2750 οὐ

242 2790 500 2843 δύνανται
531 2789 851 2858 ἀντιστῆναι
875 2792 941 2859 τῇ
972 2788 1199 2856 δυνάμει
1229 2787 1323 2841 τοῦ
1356 2787 1552 2858 πυρὸς,
1586 2787 1698 2841 ἀλλ’
1723 2788 1816 2839 εὐ-

244 2881 386 2942 θέως
415 2882 803 2933 κατακαίονται
827 2896 841 2911 ·
871 2881 1043 2943 οὕτως
1074 2881 1169 2933 καὶ
1206 2882 1256 2933 oi
1288 2880 1540 2950 δαίμονες
1567 2880 1817 2942 θέλοντες

247 2972 509 3040 πολεμεῖν
536 2972 807 3041 ἀνθρώπῳ
836 2972 1155 3041 Πνεύματος
1200 2970 1487 3041 ὴξιωμένῳ
1511 3010 1528 3035 ,
1570 2971 1817 3024 καίονται

244 3064 343 3114 καὶ
384 3062 869 3116 καταναλίσκονται
923 3062 1028 3116 ὑπὸ
1076 3062 1176 3133 τῆς
1213 3062 1363 3126 θείας
1389 3062 1671 3132 δυνάμεως
1723 3060 1817 3115 τοῦ

1917 611 2013 664 sub
2060 613 2321 666 tutoribus
2348 618 2399 664 et
2438 610 2774 666 curatoribus
2802 610 2846 642 ⁸⁸
2896 609 3191 679 spirituum
3254 612 3492 669 immun-

1918 702 2113 756 dorum
2148 703 2278 773 agit,
2307 701 2403 771 qui
2451 700 2680 771 spiritus
2704 700 2903 755 nolunt
2929 715 3161 769 puerum
3209 717 3485 767 crescere.

1919 808 1990 850 ne
2018 794 2117 849 ubi
2148 794 2205 848 in
2233 792 2412 848 virum
2435 792 2739 863 perfectum
2768 792 3027 855 evaserit,
3080 792 3308 863 incipiat
3338 808 3490 865 quaa-

1918 898 2063 949 rere,
2089 898 2212 954 qua
2248 882 2316 937 ad
2344 882 2604 938 familiam
2648 881 2947 951 pertinent,
2986 889 3043 938 et
3066 882 3348 938 vindicare
3394 884 3491 939 do-

1918 976 2172 1030 minium.
2208 974 2554 1030 Cbristianus
2590 974 2746 1029 nullo
2769 988 2881 1029 non
2904 983 3150 1043 tempore
3177 974 3345 1030 debet
3376 982 3493 1030 me-

1918 1068 2151 1122 moriam
2210 1067 2308 1121 Dei
2368 1067 2593 1122 habere.
2635 1066 2913 1136 Scriptum
2962 1066 3109 1120 enim
3138 1074 3259 1121 est:
3291 1065 3491 1138 Diliges

1918 1158 2204 1213 Dominum
2232 1158 2399 1212 Deum
2418 1168 2568 1212 tuum
2584 1174 2648 1212 ea;
2668 1168 2777 1212 toto
2802 1159 2957 1212 corde
2979 1165 3069 1211 tuo
3095 1157 3170 1211 ":
3194 1174 3265 1214 ne
3313 1160 3490 1215 solum

1920 1249 2142 1319 quando
2194 1250 2499 1320 ingreditur
2545 1249 2874 1313 oratorium,
2924 1248 3117 1319 diligat
3174 1249 3489 1315 Dominum,

1920 1335 2019 1390 sed
2068 1336 2235 1391 etiam
2282 1337 2589 1401 ambulans,
2643 1338 2983 1407 colloquens,
3004 1346 3080 1393 et-
3097 1340 3411 1404 comedens,
3436 1340 3493 1393 in

1921 1429 2183 1482 memoria
2230 1428 2404 1483 Deum
2446 1428 2674 1490 habeat.
2706 1428 2916 1498 diligat,
2962 1438 3019 1483 et
3068 1444 3254 1484 amore
3306 1446 3495 1499 prose-

1921 1526 2142 1587 quatur.
2165 1519 2349 1589 lnquit
2368 1519 2551 1575 enim:
2588 1518 2683 1574 Ubi
2718 1535 2862 1573 mens
2887 1529 3001 1582 tua,
3033 1520 3104 1573 ibi
3152 1536 3355 1591 quoque
3384 1522 3495 1574 the-

1921 1624 2110 1664 saurus
2132 1618 2251 1665 tuus
2278 1611 2345 1665 '°.
2376 1611 2458 1666 Ad
2478 1625 2864 1679 quamcunque
2880 1610 3025 1665 enim
3052 1626 3166 1665 rem
3190 1626 3285 1664 cor
3316 1611 3493 1665 alicu-

1919 1699 2008 1770 jus
2029 1701 2300 1770 alligatur,
2325 1707 2380 1755 et
2404 1716 2514 1770 quo
2545 1714 2671 1754 eum
2700 1700 2870 1755 trahit
2904 1700 3130 1769 cupido,
3160 1700 3251 1754 illa
3276 1715 3364 1755 res
3406 1709 3492 1755 est

1923 1792 2042 1862 ejus
2074 1792 2231 1872 deus.
2266 1791 2324 1846 Si
2359 1790 2635 1846 desideret
2663 1806 2759 1844 cor
2793 1790 2999 1859 ubique
3036 1790 3352 1855 Dominum,
3376 1792 3493 1860 ipse

1919 1892 2003 1939 est
2040 1882 2306 1937 Dominus
2345 1882 2526 1937 cordis
2555 1883 2693 1952 ejus.
2726 1881 3006 1951 Quispiam
3028 1896 3180 1945 vero,
3210 1881 3306 1951 qui
3328 1882 3493 1936 abre-

1919 1974 2214 2039 nuntiavit,
2259 1974 2623 2043 omnibusque
2670 1973 2784 2027 suis
2834 1972 3185 2026 facultatibus
3235 1981 3292 2027 et
3356 1973 3492 2027 urbe

1918 2064 2148 2128 relictis,
2175 2064 2382 2135 jejunio
2417 2063 2511 2117 dat
2546 2077 2793 2132 Operam,
2823 2063 2925 2118 iste
2958 2063 3043 2117 sui
3084 2062 3258 2131 ipsius
3281 2062 3491 2117 homini

1918 2154 2099 2208 adhuc
2122 2155 2375 2225 alligatus
2410 2154 2601 2217 haret,
2636 2162 2732 2207 aut
2762 2154 2928 2208 rebus
2950 2154 3265 2216 mundanis,
3291 2163 3387 2207 aut
3414 2153 3494 2207 fa-

1918 2244 2247 2309 miliaribus,
2276 2254 2370 2299 aut
2393 2244 2567 2299 amori
2602 2253 2892 2315 parentum
2923 2263 2937 2298 :
2969 2244 3065 2298 ubi
3099 2245 3381 2315 alligatum
3406 2255 3493 2301 est

1917 2336 2035 2406 ejus
2056 2349 2174 2400 cor,
2206 2344 2263 2389 et
2289 2350 2447 2390 mens
2487 2339 2607 2407 ejus
2635 2335 2928 2405 captivata,
2960 2335 3013 2390 id
3046 2335 3226 2404 ipsum
3257 2346 3342 2391 est
3369 2337 3492 2407 ejus

1917 2426 2089 2481 deus:
2130 2435 2186 2481 et
2212 2427 2647 2497 deprehenditur
2698 2426 2921 2496 quidem
2959 2443 3058 2497 per
3089 2426 3328 2497 amplam
3364 2443 3495 2497 por-

1917 2528 2026 2573 tam
2064 2536 2096 2574 e
2124 2520 2329 2574 mundo
2375 2518 2700 2583 excessisse,
2730 2534 2829 2589 per
2876 2519 3138 2573 ostiolum
3178 2529 3362 2573 autem
3408 2520 3493 2573 in-

1917 2626 2138 2680 gressus
2170 2612 2224 2665 in
2258 2611 2525 2666 mundum
2575 2609 2856 2665 incidisse.
2882 2610 3355 2676 Quemadmodum
3384 2626 3494 2665 sar-

1917 2712 2101 2758 menta
2125 2703 2178 2757 in
2206 2705 2382 2772 ignem
2406 2704 2647 2773 projecta
2666 2712 2949 2771 nequeunt
2970 2702 3229 2757 resistere
3254 2701 3304 2755 vi
3329 2701 3490 2772 ignis,

1918 2793 2012 2847 sed
2039 2793 2328 2847 confestim
2372 2793 2806 2855 comburuntur;
2842 2790 2923 2845 sic
2942 2806 3163 2860 quoque
3192 2790 3490 2853 daemones,

1918 2882 2012 2952 qui
2040 2882 2245 2936 bellum
2284 2884 2477 2937 volunt
2508 2881 2714 2936 inferre
2754 2881 2961 2935 homini
3000 2881 3263 2951 Spiritum
3296 2897 3495 2936 cense-

1920 2983 2069 3037 cuto,
2095 2975 2495 3028 comburuntur
2516 2983 2989 3029 etconsuniuntur
3016 2988 3046 3027 a
3072 2972 3259 3027 divina
3286 2975 3494 3027 virtute.

1920 3065 2079 3135 ignis,
2103 3065 2265 3119 modo
2291 3066 2456 3119 homo
2478 3074 2744 3135 perpetuo
2770 3064 3003 3118 Domino
3027 3064 3327 3125 adhaereat,
3354 3064 3491 3117 fidu-

242 3157 440 3226 πυρὸς,
478 3158 637 3227 μόνον
676 3157 761 3209 ἵνα
807 3157 835 3209 6
884 3156 1166 3226 ἄνθρωπος
1192 3157 1420 3210 πάντοτε
1476 3155 1821 3227 προσκολλώ’
1845 3189 1889 3248 C

1811 3182 1821 3195 -
1845 3189 1889 3248 ρ
1924 3157 2174 3226 ciamque
2194 3166 2250 3211 et
2269 3172 2422 3227 spem
2448 3157 2503 3211 in
2526 3172 2652 3211 eum
2676 3155 2927 3210 collocet.
2951 3155 3020 3210 Et
3052 3155 3266 3225 suas
3286 3155 3491 3209 fuerint

245 3262 412 3315 μενος
511 3246 589 3314 τῷ
612 3246 823 3316 Κυρίῳ,
859 3247 953 3299 καὶ
981 3245 1080 3312 τὴν
1122 3244 1447 3314 πεποίθησιν
1479 3244 1576 3297 καὶ
1600 3244 1701 3314 τὴν
1727 3244 1817 3297 έλ-

244 3337 376 3390 πίόα
424 3336 559 3407 πρὸς
592 3336 753 3390 αὑτὸν
787 3336 949 3408 ἔχων.
999 3335 1112 3388 Καὶ
1170 3336 1267 3388 ἐὰν
1302 3330 1436 3389 ὦσιν
1469 3336 1521 3387 oi
1565 3336 1819 3406 δαίμονες

244 3428 461 3499 ἰσχυροὶ
491 3427 568 3491 ὡς
619 3428 718 3499 ὅρη
760 3428 981 3499 ἰσχυρὰ,
1028 3427 1135 3481 ὑπὸ
1179 3430 1279 3499 τῆς
1329 3427 1497 3498 εὐχῆς
1548 3428 1816 3490 καίονται,

244 3519 501 3588 καθάπερ
530 3522 559 3572 ό
586 3520 751 3591 κηρὸς
772 3521 877 3574 ὑπὸ
911 3520 1101 3589 πυρός.
1132 3518 1397 3587 Μέγαςδὲ
1426 3521 1484 3571 ὲν
1510 3518 1591 3589 τῷ
1615 3517 1817 3587 μεταξὺ

246 3615 426 3664 κεῖται
452 3611 602 3679 ἁγὼν
635 3613 726 3664 καὶ
752 3611 986 3680 πόλεμος
1016 3614 1081 3681 τῇ
1110 3610 1256 3681 ψυχῇ
1282 3609 1417 3677 πρὸς
1443 3610 1660 3673 αύτούς.
1710 3612 1816 3663 Πο-

241 3704 409 3771 ταμοί
444 3707 551 3756 είσι
578 3703 888 3774 δρακόντων
938 3704 1077 3765 ἐκεῖ,
1107 3702 1203 3755 καὶ⁵
1250 3703 1495 3771 στύματα
1538 3700 1768 3755 λεόντων
1798 3717 1813 3731 ⁸

242 3795 359 3866 πῦρ
405 3796 522 3848 ἐστι
573 3795 904 3864 φλεγόμενον
968 3795 1047 3857 είς
1120 3794 1221 3865 τὴν
1275 3794 1476 3864 ψυχήν.
1540 3794 1748 3864 Ὥσπερ
1790 3796 1819 3847 ό

241 3890 449 3950 τέλειος
475 3889 766 3951 κακοποιὸς
803 3887 1016 3957 μεθύων
1040 3888 1119 3950 εἰς
1152 3887 1213 3939 τὸ
1238 3886 1455 3956 πνεῦμα
1482 3886 1581 3954 τῆς
1610 3885 1816 3953 πλάνης

240 3981 277 4050 ἦ
304 3980 619 4049 φονεύων,ἢ
648 3979 935 4048 μοιχεύων,
961 3978 1253 4048 άκόρεστός
1269 3979 1413 4029 ἐστιν
1436 3979 1514 4038 εἰς
1534 3976 1595 4028 τὸ
1624 3975 1811 4029 κακόν⁸

240 4070 415 4132 οὕτως
442 4071 534 4122 καὶ
555 4071 603 4121 οἱ
624 4070 935 4138 Χριστιανοὶ
963 4067 1379 4136 βεϐαπτισμένοι
1411 4067 1489 4127 είς
1518 4065 1578 4117 τὸ
1599 4064 1817 4134 Πνεῦμα

240 4162 304 4214 τὸ
326 4162 499 4229 άγιον,
536 4161 751 4230 ἄπειροι
785 4161 1022 4229 γίνονται
1066 4159 1159 4211 τοῦ
1208 4157 1401 4212 κακοῦ.
1438 4157 1573 4211 Οἱδὲ
1606 4157 1819 4227 ἔχοντες

245 4254 431 4321 χάριν,
465 4252 561 4305 καὶ
615 4252 694 4304 έτι
730 4252 1058 4322 μεμιγμένοι
1100 4253 1165 4321 τῇ
1202 4248 1466 4319 ἁμαρτίᾳ,
1519 4240 1665 4301 οὗτοι
1714 4248 1818 4301 ὑπὸ

244 4342 411 4411 φόϐον
439 4342 545 4394 είσὶ
570 4381 586 4405 ,
618 4342 712 4395 καὶ
742 4341 831 4394 διὰ
860 4340 1089 4409 φοϐερὸν
1118 4340 1279 4393 τόπον
1307 4338 1571 4417 όδεύουσι.

316 4433 391 4488 Δ⁹.
412 4433 679 4503 Καθάπερ
696 4431 806 4501 γάρ
833 4433 883 4483 οἱ
914 4431 1144 4502 ἔμποροι
1170 4429 1424 4491 πλέοντες
1452 4429 1557 4482 κᾶν
1580 4427 1815 4496 εὕρωσιν

1922 3248 2197 3303 daemones
2210 3248 2399 3313 fortes,
2425 3248 2619 3302 robore
2642 3246 2923 3302 montibus
2943 3246 3086 3301 haud
3106 3247 3406 3307 absimiles,
3420 3247 3491 3299 ab

1920 3340 2169 3395 oratione
2213 3340 2639 3405 comburuntur,
2672 3340 2823 3394 velut
2865 3355 2991 3395 cera
3034 3340 3106 3393 ab
3137 3338 3269 3409 igni.
3294 3339 3493 3408 Ingens

1919 3447 2050 3486 vero
2076 3432 2285 3486 interea
2320 3430 2614 3485 intercedit
2661 3439 2939 3486 certamen
2966 3446 3031 3485 ac
3064 3430 3265 3484 bellum
3295 3430 3493 3484 anima:

1918 3525 2185 3579 adversus
2207 3524 2451 3579 eosdem.
2477 3522 2653 3577 Fluvii
2679 3522 2981 3577 draconum
3010 3533 3142 3577 sunt
3168 3522 3301 3584 illic,
3325 3532 3490 3591 atque

1920 3630 2017 3670 ora
2043 3615 2297 3678 leonum;
2331 3614 2474 3684 ignis
2504 3613 2811 3667 accendens
2838 3612 3099 3666 animam.
3125 3611 3493 3677 Quemadmo-

1921 3704 2051 3757 dum
2074 3719 2204 3773 ergo
2229 3702 2509 3772 perfectus
2549 3702 2603 3755 in
2632 3701 2775 3754 malo
2800 3700 3218 3764 committenda,
3250 3700 3493 3754 inebria-

1922 3806 2009 3850 tus
2030 3794 2229 3864 spiritu
2258 3794 2483 3857 erroris,
2504 3793 2805 3847 homicidio
2834 3801 2929 3845 aut
2953 3792 3223 3847 adulterio
3245 3792 3488 3857 deditus,

1920 3887 2222 3940 exsaturari
2268 3886 2475 3940 malitia
2519 3884 2751 3953 nequit:
2783 3885 2862 3938 sic
2904 3899 3123 3953 quoque
3169 3883 3488 3946 Christiani,

1922 3978 2178 4046 baptizati
2202 3978 2257 4031 in
2280 3977 2542 4046 Spiritum
2577 3986 2848 4037 sanctum,
2873 3975 3038 4028 rudes
3066 3974 3309 4028 evadunt
3331 3975 3494 4028 vitio-

1922 4084 2061 4122 rum.
2088 4070 2189 4134 Qui
2224 4084 2357 4122 vero
2380 4066 2662 4121 consecuti
2691 4067 2922 4135 gratiam
2954 4065 3137 4119 adhuc
3156 4065 3493 4134 permisceri.

1921 4168 2010 4211 tur
2036 4169 2278 4226 peccato,
2316 4157 2371 4210 hi
2412 4156 2514 4210 sub
2549 4163 2695 4209 metu
2736 4162 2884 4218 sunt,
2932 4162 2988 4209 et
3037 4169 3136 4223 per
3169 4153 3490 4207 formidabi-

1919 4249 2025 4303 lem
2055 4249 2235 4303 locum
2268 4248 2371 4302 iter
2408 4246 2640 4302 faciunt.

1989 4423 2079 4479 IV.
2107 4422 2577 4490 Quemadmodum
2606 4421 2753 4476 enim
2801 4430 3135 4476 mercatores
3167 4419 3296 4475 dum
3336 4420 3489 4473 navi-

246 4522 377 4576 ῐδιον
408 4522 605 4591 ἄνεμον
646 4522 742 4574 καὶ⁵
789 4519 1132 4588 γαληνιῶσαν
1172 4520 1273 4589 τὴν
1302 4518 1597 4582 θάλασσαν,
1652 4517 1816 4587 μήπω
1844 4525 1926 4586 υς

1808 4525 1895 4586 ιι)
1920 4525 2069 4587 gant,
2120 4516 2245 4568 licet
2284 4512 2427 4566 nacti
2488 4514 2598 4565 sint
2637 4510 2940 4565 secundum
2988 4520 3211 4565 ventum
3257 4521 3313 4565 et
3343 4522 3488 4565 tran-

240 4615 299 4668 δὲ
346 4614 629 4683 φθάσωσιν
673 4614 753 4677 είς
804 4612 893 4664 τὸν
928 4611 1142 4681 λιμένα,
1202 4611 1289 4664 ἀεὶ
1342 4609 1445 4663 ὑπὸ
1494 4608 1658 4677 φόϐον
1687 4608 1815 4671 sint,

246 4707 444 4776 μήπως
472 4705 626 4773 ἄφνω
653 4703 895 4757 ἐναντίου
922 4702 1231 4772 κινηθέντος
1256 4700 1459 4765 ἀνέμου
1486 4698 1814 4769 κλυδωνισθῇ

241 4801 277 4868 ἠ
308 4799 574 4864 θάλασσα,
612 4798 708 4850 καὶ
735 4793 1056 4863 κινδυνεύσῃ
1078 4792 1139 4845 τὸ
1174 4792 1356 4845 πλοῖον
1387 4810 1401 4823 ο
1449 4790 1591 4844 οὕτω
1646 4794 1740 4845 καὶ
1768 4794 1815 4844 oi

240 4890 585 4957 Χριστιανοὶ,
619 4888 669 4940 εί
698 4887 792 4939 καὶ
823 4886 1036 4955 ἔχουσιν
1057 4885 1115 4935 ἐν
1160 4884 1343 4945 αὐτοῖς
1396 4884 1569 4936 αίσιον
1615 4884 1815 4953 ἄνεμον

239 4981 334 5047 τοῦ
388 4979 542 5045 ἁγίου
593 4976 907 5045 Πνεύματος
962 4974 1215 5034 πνέοντα,
1247 4973 1360 5027 ἀλλ’
1394 4973 1476 5025 ἔτι
1501 4973 1605 5025 ὑπὸ
1652 4974 1814 5041 φόϐον

245 5073 371 5134 εἶσὶ,
409 5072 604 5139 μήπως
636 5072 664 5123 6
693 5070 891 5135 ἄνεμος
923 5066 1021 5135 τῆς
1061 5064 1305 5127 ἐναντίας
1340 5065 1619 5132 δυνάμεως
1649 5066 1811 5117 πνεύ-

241 5181 309 5234 σῃ
336 5162 578 5216 ἐπελθὼν
606 5203 621 5227 ,
654 5163 748 5214 καὶ
776 5159 1022 5229 ταραχήν
1050 5176 1171 5211 τινα
1213 5159 1306 5210 καὶ
1338 5157 1582 5211 κλύδωνα
1616 5160 1808 5228 κινήσῃ

240 5257 363 5315 ταῖς
394 5254 591 5321 ψυχαῖς
618 5251 818 5304 αὐτῶν.
854 5250 1097 5318 Σπουδῆς
1128 5248 1221 5301 οῦν
1250 5248 1449 5318 πολλῆς
1492 5248 1683 5319 χρεία,
1731 5251 1815 5301 ῐνα

241 5347 539 5415 φθάσωμεν
569 5346 650 5406 είς
678 5343 767 5397 τὸν
796 5342 988 5411 λιμένα
1016 5342 1113 5409 τῆς
1148 5340 1561 5404 καταπαύσεως,
1607 5342 1687 5403 είς
1722 5342 1812 5395 τὸν

238 5439 446 5491 τέλειον
478 5437 703 5507 κόσμον,
737 5436 816 5498 είς
834 5433 933 5504 τὴν
964 5431 1190 5487 αἰωνίαν
1232 5428 1378 5499 ζωὴν
1417 5430 1510 5484 καὶ
1556 5432 1765 5501 τρυφὴν
1794 5472 1809 5496 ,

241 5530 322 5590 είς
346 5526 445 5599 τὴν
476 5527 630 5580 πόλιν
659 5526 767 5579 τῶν
798 5524 989 5592 ἁγίων,
1024 5524 1103 5585 εἰς
1134 5520 1231 5592 τὴν
1264 5523 1584 5593 ἐπουράνιον
1617 5521 1814 5589 Ίερου·

242 5619 449 5689 σαλὴμ,
474 5619 552 5681 τίς
582 5616 680 5688 τὴν
707 5615 1032 5685 Ἐκκλησίαν
1054 5611 1161 5667 τῶν
1182 5612 1563 5681 πρωτοτόκων.
1606 5611 1731 5664 Ἐὰν
1755 5610 1811 5664 δὲ

1915 4610 2145 4679 quillum
2170 4621 2342 4667 mare,
2361 4619 2462 4659 nec
2485 4605 2614 4658 dum
2640 4602 3071 4672 pervenerintad
3097 4612 3338 4671 portum,
3358 4617 3488 4656 con-

1916 4702 2072 4755 tinuo
2099 4700 2201 4754 sub
2224 4706 2371 4751 metu
2402 4704 2551 4757 sunt,
2577 4710 2644 4748 ne
2679 4694 2975 4763 derepente
3024 4693 3306 4747 contrario
3340 4695 3489 4747 exci.

1916 4801 2027 4846 tato
2056 4798 2219 4844 vento
2258 4787 2519 4842 ﬂuctibus
2554 4800 2706 4839 mare
2736 4784 2993 4852 agitetur,
3036 4793 3093 4837 et
3128 4784 3283 4837 navis
3314 4783 3367 4835 in
3394 4798 3485 4851 pe-

1914 4884 2147 4938 rieulum
2174 4880 2410 4935 incidat:
2431 4878 2508 4932 sic
2529 4891 2749 4945 quoque
2767 4874 3088 4935 Christiani,
3103 4874 3231 4928 licet
3248 4874 3487 4927 habeant

1916 4976 1971 5029 in
2008 4990 2064 5028 se
2096 4985 2416 5042 prosperum
2456 4976 2679 5019 ventum
2726 4968 2899 5019 sancti
2950 4965 3189 5033 Spiritus
3238 4963 3483 5024 flantem.

1916 5064 2277 5119 nihilominus
2308 5066 2581 5122 metuunt,
2624 5072 2693 5111 ne
2726 5054 3021 5125 aliquando
3049 5062 3245 5108 ventus
3270 5063 3485 5108 contra-

1916 5157 2010 5209 riae
2057 5151 2343 5223 potestatis
2382 5148 2550 5217 spiret
2601 5158 2656 5201 et
2711 5147 2972 5215 insurgat,
3000 5153 3057 5199 et
3104 5152 3483 5213 tempestatem

1916 5245 2205 5317 quamdam
2236 5257 2299 5296 ac
2325 5240 2524 5295 ﬂuctus
2547 5239 2747 5293 excitet
2779 5238 2978 5291 animis
3008 5251 3221 5290 eorum.
3244 5235 3488 5305 Diligen-

1918 5340 1992 5392 tia
2015 5352 2146 5405 ergo
2186 5348 2395 5387 summa
2449 5346 2608 5400 opus,
2648 5340 2710 5383 ut
2758 5329 3140 5398 perveniamus
3169 5328 3235 5381 ad
3268 5336 3485 5396 portum

1918 5428 2148 5499 requiei,
2179 5428 2245 5479 ad
2277 5423 2540 5479 mundum
2578 5421 2905 5492 perfectum,
2941 5419 3007 5474 ad
3038 5421 3206 5475 vitam
3244 5428 3298 5473 et
3344 5418 3483 5473 deli-

1916 5519 2029 5572 cias
2056 5525 2308 5576 aeternas,
2338 5511 2406 5565 ad
2436 5510 2711 5566 civitatem
2745 5519 3081 5573 sanctorum,
3113 5523 3177 5563 ac
3206 5507 3484 5563 caelestem

1915 5604 2297 5667 Jerusalem",
2346 5602 2414 5658 ad
2461 5602 2757 5658 Ecclesiam
2802 5599 3315 5672 primogenitorum.
3367 5596 3481 5653 Nisi

315 5800 361 5835 "
386 5797 505 5856 Gal.
536 5812 612 5863 tv,
639 5799 691 5852 i.
768 5798 814 5831 θ’
836 5797 997 5853 Deut.
1020 5810 1093 5860 vr,
1118 5793 1169 5848 5.
1247 5793 1294 5827 ⁷⁸
1324 5792 1516 5847 Matth.
1545 5790 1726 5857 vnit.
1806 5790 1847 5822 "
1891 5786 2058 5841 llebr.
2096 5797 2188 5847 xu,
2218 5780 2309 5849 22,
2338 5779 2431 5836 25.
