4254 6358
770 367 876 433 ’175

2002 357 2063 415 S.
2102 345 2419 413 MACABII
2458 345 2774 410 EGYPTII

3913 337 4047 401 776

767 490 903 533 vero
928 475 1054 545 quis
1094 471 1296 545 gradus
1330 471 1450 528 illos
1506 468 1810 533 transierit,
1851 480 2201 535 summopere
2229 479 2344 519 me-
2366 461 2419 521 Α

2371 461 2419 521 Α
2447 463 2522 535 μὴ
2549 462 2732 532 διέλθῃ
2754 476 2837 523 τις
2868 460 2937 514 τὰ
2969 459 3145 529 μέτρα
3188 458 3403 519 ἐκεῖνα,
3431 455 3537 508 ὑπὸ
3568 451 3895 545 φόϐονῗὲστὶ
3932 469 4051 545 ποῖ

765 563 895 625 tuit,
928 577 999 616 ne
1028 561 1171 615 forte
1204 558 1413 613 interea
1446 558 1658 627 lapsum
1690 552 1985 625 quemdam
2017 550 2334 608 adversaria

766 661 1010 722 potestas
1044 650 1325 703 moliatur.

836 744 903 795 V.
932 741 1168 795 Perinde
1210 754 1344 794 vero
1376 752 1443 793 ac
1489 736 1688 793 mulier
1726 754 1848 808 quae
1882 738 2155 808 concepit,
2188 740 2337 793 intus

768 832 936 886 habet
971 830 1234 885 infantem
1266 844 1427 884 suum
1457 830 1511 883 in
1542 829 1805 893 tenebris,
1840 838 1902 883 ut
1931 830 2006 883 ita
2048 830 2250 893 dicam,
2281 836 2340 883 et

768 924 940 977 denso
970 922 1091 975 loco
1121 937 1133 972 :
1188 921 1236 974 si
1284 935 1417 975 vero
1462 920 1811 989 postmodum
1843 921 2123 991 contingat
2149 920 2338 991 egredi

766 1023 1001 1080 puerum
1031 1016 1277 1076 tempore
1319 1007 1527 1073 debito,
1559 1010 1810 1063 intuetur
1863 1025 2060 1066 novam
2124 1018 2342 1064 creatu-

767 1115 907 1166 ram,
934 1114 1097 1168 quam
1126 1114 1406 1167 nunquam
1436 1099 1669 1163 viderat,
1715 1101 1862 1163 cali,
1908 1110 2070 1155 terra:
2091 1110 2148 1155 et
2180 1100 2337 1163 solis,

768 1198 825 1243 et
853 1189 1013 1242 amici
1046 1198 1210 1256 atque
1245 1189 1460 1256 cognati
1517 1190 1779 1243 continuo
1829 1188 1989 1242 hilari
2038 1190 2192 1243 vultu
2247 1204 2341 1243 ex-

771 1279 983 1348 cipiunt
1026 1292 1152 1332 eum
1194 1279 1250 1331 in
1300 1278 1457 1332 ulnas
1488 1294 1502 1330 :
1533 1277 1679 1346 quod
1724 1276 1770 1333 si
1810 1294 1944 1333 vero
1988 1279 2268 1349 contingat
2310 1293 2341 1332 a

772 1370 1095 1427 confusione
1122 1371 1359 1439 quadam
1390 1370 1577 1424 divelli
1601 1371 1750 1425 intus
1777 1371 2062 1435 infantem,
2088 1386 2342 1425 necessa-

773 1461 857 1515 rio
893 1470 1163 1529 superest,
1198 1469 1258 1513 ut
1306 1460 1374 1513 ad
1420 1461 1526 1515 hoc
1569 1462 1854 1515 constituti
1888 1462 2086 1517 medici
2120 1461 2343 1516 cultello

773 1559 1037 1615 utantur,
1088 1550 1270 1619 itaque
1332 1549 1764 1619 deprehenditur
1823 1561 2012 1619 postea
2075 1551 2254 1605 infans
2312 1567 2342 1604 ιι

772 1650 950 1697 morte
981 1642 1035 1695 in
1058 1651 1285 1695 mortem
1314 1656 1563 1710 pergere,
1596 1655 1625 1694 a
1665 1641 1908 1695 tenebris
1940 1642 1997 1696 in
2043 1642 2339 1696 tenebras:

775 1735 857 1788 sic
905 1732 1091 1799 accipe
1145 1745 1364 1799 quoque
1434 1731 1488 1783 in
1550 1746 1610 1784 re
1673 1732 1964 1800 spirituali.
2020 1732 2342 1800 Quicunque

775 1828 1133 1888 susceperunt
1171 1833 1360 1873 semen
1415 1818 1737 1883 divinitatis,
1775 1821 1832 1873 hi
1886 1821 2145 1875 invisibili
2178 1822 2340 1874 modo

774 1909 1030 1964 obtinent
1064 1906 1221 1969 illud,
1245 1915 1303 1961 et
1333 1915 1555 1975 propter
1584 1907 1899 1963 inhabitans
1922 1908 2027 1962 sibi
2056 1915 2340 1978 peccatum

776 1999 834 2053 in
864 1997 1225 2053 tenebricosis
1257 2007 1313 2051 et
1337 1997 1596 2053 timendis
1621 1998 1757 2052 locis
1787 1999 2084 2053 occultant.
2115 1999 2171 2052 Si
2210 2014 2343 2068 ergo

779 2090 1025 2142 muniant
1052 2103 1110 2141 se
1143 2087 1311 2155 ipsos.
1343 2096 1399 2141 et
1426 2098 1751 2143 conservent
1801 2104 2008 2153 semen,
2042 2090 2129 2144 isti
2158 2090 2344 2144 debito

778 2187 1023 2247 tempore
1047 2176 1359 2246 producunt
1391 2177 1449 2231 in
1480 2179 1676 2244 lucem,
1726 2187 1783 2234 et
1815 2180 2034 2234 tandem
2079 2182 2136 2234 in
2167 2181 2345 2235 disso-

778 2272 989 2326 lutione
1035 2271 1302 2339 corporis,
1338 2272 1515 2340 angeli
1568 2281 1624 2327 et
1659 2287 1848 2326 omnes
1908 2271 2131 2340 superni
2190 2272 2345 2326 chori

780 2364 905 2417 laeto
937 2362 1091 2415 vultu
1126 2362 1411 2431 excipiunt
1458 2362 1598 2416 illos.
1645 2362 1701 2416 Si
1730 2378 1864 2417 vero
1915 2363 2038 2431 quis
2079 2363 2347 2430 susceptis

780 2452 951 2505 armis
978 2451 1185 2508 Christi
1218 2451 1286 2505 ad
1321 2451 1525 2506 bellum
1558 2452 1771 2506 fortiter
1807 2452 2131 2521 gerendum,
2161 2466 2351 2505 socor-

781 2543 873 2595 dia
901 2541 1183 2606 dillluerit,
1213 2540 1483 2611 ejusmodi
1511 2540 1604 2609 qui
1633 2547 1738 2605 est,
1768 2554 1930 2609 quam
1977 2539 2214 2607 primum
2248 2547 2353 2591 tra-

781 2633 933 2687 ditur
964 2633 1237 2697 hostibus,
1267 2640 1324 2688 ct
1352 2631 1408 2686 in
1438 2631 1799 2686 dissolutione
1840 2630 2089 2699 corporis
2129 2645 2159 2682 a
2200 2638 2353 2683 tene-

783 2722 921 2785 bris,
953 2738 1074 2792 quae
1098 2738 1245 2777 nunc
1274 2720 1748 2791 comprehendunt
1776 2720 1949 2783 illum,
1980 2720 2037 2773 in
2072 2720 2205 2773 alias
2232 2733 2352 2772 mo-

784 2814 1038 2867 lestiores
1059 2813 1314 2867 tenebras
1351 2821 1407 2867 et
1444 2812 1498 2866 in
1534 2812 1817 2866 interitum
1844 2811 2036 2879 pergit.

858 2904 943 2959 Vl.
972 2903 1208 2957 Perinde
1240 2917 1373 2957 vero
1401 2917 1464 2957 ac
1491 2902 1536 2956 si
1577 2903 1648 2956 sit
1677 2902 1888 2964 hortus,
1919 2900 2213 2955 arboribus
2237 2900 2355 2953 fru-

785 2992 995 3049 ctiferis
1016 3002 1072 3048 et
1099 2994 1221 3048 aliis
1250 2993 1619 3063 fragrantibus
1656 2993 1856 3062 plantis
1878 2994 2142 3055 consitus,
2192 2999 2355 3060 atque

2436 552 2556 618 λὺν,
2605 552 2803 621 μήπως
2842 551 2901 603 έν
2932 547 3011 619 τῷ
3046 546 3248 618 μεταξὺ
3303 546 3511 600 πτῶσίν
3555 561 3680 599 τινα
3720 544 3755 613 ἠ
3795 544 4048 613 πονηρὰ

2434 644 2664 713 δύναμις
2695 640 3023 712 ἐργάσηται.

2508 734 2585 790 E'.
2615 734 2827 803 Ὠσπερ
2848 732 2906 785 δὲ
2932 731 3070 800 γυνὴ
3097 725 3436 783 συλλαϐοῦσα
3470 725 3621 789 ὲντδς
3651 724 3766 795 ἔχει
3788 724 3856 778 τὸ
3890 723 4047 794 βρέ-

2438 836 2540 893 φος
2568 824 2744 895 αὐτῆς
2774 825 2833 876 ἑν
2856 822 3059 883 σκότει,
3092 820 3167 883 ώς
3198 820 3393 883 εἰπεῖν,
3429 818 3527 871 καὶ
3572 816 3766 869 ύλώδει
3808 815 3996 884 τόπῳ
4028 830 4045 844 ο

2439 914 2537 967 ἐὰν
2585 914 2644 967 δὲ
2693 912 2874 983 συμϐῇ
2927 911 3112 965 λοιπὸν
3156 908 3394 975 ἐξελθεῖν
3419 908 3481 961 τὸ
3506 906 3719 959 παιδίον
3753 906 3815 958 ὲν
3838 905 4047 958 δέοντι

2440 1004 2638 1076 καιρῷ,
2674 1003 2860 1074 βλέπει
2891 1002 3069 1056 κτίσιν
3095 1000 3435 1070 καινοτέραν,
3461 1001 3527 1067 ἢν
3557 997 3816 1050 οὐδέποτε
3845 989 4042 1056 εἳδεν,

2439 1094 2693 1168 ούρανοῦ,
2725 1095 2819 1148 καὶ
2850 1094 2978 1161 γῆς,
3004 1092 3101 1145 καὶ⁵
3132 1091 3289 1159 ἡλίου
3316 1106 3333 1122 ο
3364 1091 3459 1143 καὶ
3483 1089 3645 1151 εὐθὺς
3670 1088 3721 1140 oi
3744 1088 3902 1155 φίλοι
3929 1087 4043 1137 καὶ

2444 1186 2727 1255 συγγενεῖς
2758 1182 2928 1253 ίλαρῷ
2956 1182 3035 1252 τῷ
3057 1181 3335 1253 προσώπῳ
3359 1181 3605 1249 δέχονται
3633 1179 3764 1233 αὐτὸ
3794 1180 3882 1238 είς
3930 1178 4057 1239 τὰς»

2442 1277 2688 1346 ἀγκάλας
2720 1291 2735 1308 ·
2764 1275 2861 1328 saw
2893 1272 2948 1325 δὲ
2980 1272 3160 1343 συμϐῇ
3190 1272 3295 1325 ὑπὸ
3328 1272 3551 1335 ἀταξίας
3574 1270 3719 1333 τινὸς
3763 1268 4047 1338 σπασθῆα

2442 1386 2532 1423 ναι
2565 1369 2715 1421 ἔνδον
2737 1366 2799 1419 τδ
2822 1365 3037 1419 παιδίον
3062 1403 3077 1428 ,
3108 1365 3321 1434 ἀνάγκη
3349 1364 3535 1415 λοιπὸν
3575 1364 3704 1426 τοὺς
3729 1364 3814 1423 είς
3852 1360 4042 1414 τοῦτο

2442 1457 2809 1527 τεταγμένους
2839 1456 3055 1525 ἰατροὺς
3085 1453 3229 1523 ξίφει
3273 1452 3584 1523 χρήσασθαι
3628 1469 3645 1484 ·
3686 1455 3782 1505 καὶ
3829 1450 4040 1505 λοιπὸν

2444 1547 2761 1617 εὑρίσκεται
2782 1546 2845 1599 τὸ
2875 1545 3086 1598 παιδίον
3115 1544 3223 1597 ἀπὸ
3252 1544 3484 1597 θανάτου
3515 1545 3593 1605 είς
3634 1542 3869 1596 θάνατον
3916 1559 4037 1610 χω-

2447 1637 2574 1708 ροῦν
2596 1677 2612 1703 ,
2640 1639 2733 1689 καὶ
2765 1636 2873 1689 ἀπὸ
2904 1636 3130 1698 σκότους
3168 1636 3247 1697 είς
3281 1635 3472 1698 σκότος
3493 1651 3508 1665 ο
3558 1633 3729 1695 οὕτως
3773 1631 4037 1686 ἀνάλαϐε

2444 1732 2539 1784 καὶ
2559 1732 2639 1793 είς
2659 1732 2719 1783 τὸ
2750 1730 3136 1796 πνευματικόν.
3160 1728 3313 1779 Ὅσοι
3346 1727 3672 1789 ὑπεδέξαντο
3698 1725 3789 1776 τὸν
3813 1723 4037 1791 σπόρον

2441 1824 2541 1892 τῆς
2567 1824 2841 1892 θεότητος,
2863 1812 3008 1873 οὗτοι
3042 1821 3290 1888 ἀοράτως
3316 1820 3534 1888 ἔχουσιν
3560 1816 3746 1881 αὑτὸν,
3785 1816 3888 1867 καὶ
3936 1813 4036 1866 διὰ

2441 1913 2541 1983 τὴν
2573 1913 2818 1965 σύνοικον
2850 1910 3125 1982 ἁμαρτίαν
3167 1913 3224 1963 ὲν
3266 1911 3561 1972 σκοτεινοῖς
3610 1908 3703 1961 καὶ
3758 1906 4033 1974 φοϐεροῖς

2442 2005 2626 2066 τόποις
2649 2003 3000 2074 κρύπτουσιν.
3029 2002 3157 2056 Ἐὰν
3179 1998 3273 2055 οὖν
3296 2001 3700 2068 ἀσφαλίσωνται
3740 1996 3983 2058 ἑαυτοὺς
4009 2032 4029 2059 ς

2443 2093 2539 2146 καὶ¹
2576 2094 2858 2163 τηρήσωσι
2908 2092 2969 2143 τὸ
2996 2091 3239 2160 σπέρμα,
3286 2085 3428 2144 οὗτοι
3479 2088 3556 2157 τῷ
3608 2088 3781 2139 δέοντι
3835 2084 4030 2153 καιρῷ

2445 2179 2853 2248 ἀναγεννῶντες
2888 2182 2968 2241 είς
3000 2179 3061 2232 τὸ
3092 2179 3347 2249 φανερὸν,
3387 2178 3481 2231 καὶ
3510 2176 3695 2230 λοιπδν
3717 2178 3776 2228 ὲν
3802 2174 3872 2245 τῇ
3904 2176 4031 2227 δια-

2445 2270 2595 2323 λύσει
2616 2270 2708 2323 τοῦ
2733 2270 2979 2338 σώματος
2998 2272 3044 2323 οί
3064 2270 3283 2337 ἄγγελοι
3311 2269 3404 2323 καὶ
3427 2269 3623 2329 πάντες
3646 2270 3694 2320 οί
3723 2268 3835 2337 ἀνω
3866 2263 4029 2334 χοροὶ

2448 2361 2650 2431 ἱλαροῖς
2701 2360 3013 2428 προσώποις
3062 2359 3452 2431 προσδέχονται
3512 2359 3730 2420 αὐτούς.
3778 2356 3915 2409 Ἐὰν
3965 2353 4025 2406 δὲ

2449 2452 2845 2523 ὑποδεξάμενος
2865 2452 2933 2505 τὰ
2949 2452 3088 2505 ὅπλα
3109 2453 3203 2505 τοῦ
3228 2451 3465 2521 Χριστοῦ
3501 2454 3581 2513 εἰς
3605 2450 3666 2504 τὸ
3706 2448 4024 2516 πολεμῆσαι

2449 2543 2709 2611 ἀνδρείως
2743 2542 2994 2611 χαυνωθῇ
3018 2581 3033 2604 ,
3083 2542 3285 2603 εὐθέως
3332 2544 3361 2593 6
3388 2539 3628 2602 τοιοῦτος
3660 2537 4026 2607 παραδίδοται

2450 2634 2562 2693 τοῖς
2591 2631 2828 2700 ἐχθροῖς,
2864 2632 2959 2683 καὶ
2994 2632 3054 2683 ὲν
3092 2634 3158 2701 τῇ
3212 2630 3454 2684 διαλύσει
3499 2630 3594 2683 τοῦ
3630 2628 3886 2697 σώματος
3914 2624 4027 2679 ἀπὺ

2454 2723 2677 2785 σκότους
2715 2721 2807 2773 τοῦ
2850 2721 2945 2774 νῦν
3000 2724 3346 2791 περιέχοντος
3384 2722 3548 2774 αὑτὸν
3594 2723 3673 2785 είς
3706 2720 3836 2775 ἄλλο
3863 2722 4027 2792 χαλε-

2453 2812 2600 2866 πώτε
2611 2831 2701 2882 ρον
2732 2813 2921 2876 σκότος
2942 2815 3109 2883 χωρεῖ
3135 2814 3227 2865 καλ⁵
3251 2812 3547 2866 ἀπώλειαν.

2526 2904 2617 2970 ς’.
2644 2904 2855 2974 Ὠσπερ
2876 2903 2931 2955 δὲ
2961 2904 3054 2956 ἐὰν
3143 2904 3466 2972 παράδεισος
3497 2904 3633 2971 ἔχων
3661 2902 3853 2972 δένδρα
3884 2920 4028 2971 καρ-

2457 2993 2686 3062 ποφόρα,
2744 2996 2839 3047 καὶ
2884 2994 3018 3048 ἄλλα
3075 2996 3214 3062 φυτά
3244 2994 3436 3061 εὐώδη,
3474 2994 3567 3046 καὶ
3593 2993 3727 3052 ὅλως
3842 2993 4024 3054 καλῶς

784 3102 885 3154 per
928 3084 1110 3139 omnia
1160 3085 1300 3139 bene
1354 3085 1606 3139 exdultus
1652 3091 1708 3139 et
1749 3092 2068 3145 exornatus,
2113 3084 2464 3169 munitusC:

2342 3098 2425 3169 SC
2459 3086 2816 3157 εἰργασμένος
2854 3087 2948 3139 καὶ
2990 3085 3487 3155 πεφιλοκαλημένος
3510 3123 3526 3148 ,
3584 3082 3681 3156 ἔχῃ
3709 3084 3767 3137 δὲ
3798 3085 3893 3137 καὶ
3933 3103 4022 3155 μι-

784 3191 1004 3244 quoque
1041 3191 1141 3244 pro
1170 3176 1335 3239 vallo,
1356 3175 1552 3245 exiguo
1583 3175 1790 3243 pariete
1810 3184 2169 3229 conservante
2191 3190 2349 3240 eum;

788 3268 1073 3335 contingat
1106 3281 1239 3319 vero
1272 3264 1498 3319 ﬂuvium
1536 3265 1785 3334 rapidum
1818 3264 1928 3318 illic
1958 3273 2352 3327 transcurrere,

788 3357 919 3412 licet
947 3356 1217 3410 modicum
1254 3371 1407 3424 aqua:
1442 3355 1629 3409 allidat
1663 3356 1877 3424 parieti,
1907 3357 2209 3423 corrumpit
2234 3354 2358 3409 fun-

791 3448 1131 3511 damentum,
1179 3456 1502 3516 sumptaque
1558 3448 1851 3501 eductione
1927 3448 2189 3515 paulatim
2241 3447 2357 3501 dis-

792 3540 989 3605 solvit,
1048 3549 1211 3607 atque
1271 3540 1489 3593 irruens
1545 3540 1786 3609 aﬂ‘ringit
1831 3548 1886 3593 et
1932 3541 2197 3608 exstirpat
2240 3555 2357 3593 om—

790 3642 890 3681 nes
938 3628 1167 3696 plantas,
1194 3636 1249 3679 et
1280 3626 1589 3681 universam
1635 3630 1902 3680 culturam
1929 3628 2094 3690 delet,
2144 3637 2201 3682 et
2247 3636 2358 3681 ste-

789 3716 949 3769 rilem
977 3715 1157 3769 reddit
1180 3733 1193 3767 :
1216 3715 1294 3768 sic
1316 3730 1533 3783 quoque
1555 3730 1611 3768 se
1636 3715 1799 3769 habet
1820 3731 1915 3769 cor
1937 3716 2177 3769 hominis
2199 3732 2211 3768 :
2236 3731 2361 3785 pos-

792 3803 935 3857 sidet
988 3804 1344 3873 cogitationes
1390 3804 1685 3866 honestas;
1738 3808 2175 3874 apprOpinquant
2230 3822 2360 3860 vero

793 3890 946 3944 cordi
980 3901 1246 3961 perpetuo
1301 3901 1355 3945 et
1410 3892 1560 3945 fluvii
1616 3894 1896 3957 vitiorum,
1930 3896 2178 3948 volentes
2226 3896 2358 3949 illud

793 3980 1052 4049 dejicere,
1089 3991 1253 4050 atque
1281 3982 1334 4035 in
1370 3998 1521 4036 suam
1563 3996 1773 4052 partem
1808 3986 2145 4054 protrahere.
2174 3986 2361 4054 Itaque

795 4072 840 4125 si
876 4073 1033 4141 139
1063 4074 1278 4127 animus
1310 4075 1589 4142 paululum
1632 4076 1768 4129 levis
1797 4076 1990 4139 factus,
2022 4076 2275 4130 illabatur
2306 4077 2359 4129 in

798 4162 1038 4230 impuras
1093 4164 1484 4232 cogitationes,
1540 4180 1667 4219 ecce
1724 4175 2055 4234 acceperunt
2101 4167 2358 4235 pabulum

795 4253 1022 4321 spiritus
1053 4255 1279 4317 erroris,
1308 4265 1363 4307 et
1393 4254 1621 4323 ingrcssi
1655 4266 1973 4309 everterunt
2018 4257 2163 4311 illius
2197 4273 2359 4310 orna-

796 4352 998 4406 menta,
1028 4345 1419 4412 exstinctisque
1467 4346 1624 4399 bonis
1672 4347 2095 4415 cogitationibus
2122 4347 2359 4401 animam

796 4436 1169 4489 devastarunt.

871 4527 980 4579 VII.
1003 4527 1469 4591 Quemadmodum
1504 4543 1637 4581 vero
1676 4529 1869 4582 oculus
1918 4530 2162 4583 omnium
2194 4545 2366 4583 mem-

799 4618 1025 4671 brorum
1056 4626 1139 4671 est
1168 4619 1450 4680 minimus,
1485 4628 1538 4671 et
1585 4620 1697 4688 ipsa
1732 4620 1957 4689 pupilla,
2001 4638 2121 4689 qua:
2150 4631 2232 4675 cst
2256 4622 2369 4675 exi-

797 4725 921 4776 gua,
960 4717 1043 4761 est
1090 4724 1183 4762 vas
1216 4710 1407 4777 ingens
1445 4728 1458 4763 :
1508 4711 1751 4764 intuetur
1778 4712 1922 4765 enim
1958 4728 2066 4764 uno
2092 4722 2369 4765 momento

800 4799 1026 4861 coelum,
1056 4810 1221 4863 astra,
1254 4799 1447 4865 solem,
1492 4800 1697 4865 lunam,
1743 4802 1930 4861 urbes.
1961 4813 2017 4855 et
2045 4802 2179 4855 alias
2214 4818 2367 4856 crea-

800 4897 990 4942 turas:
1029 4890 1219 4942 eodem
1272 4906 1488 4958 quoque
1546 4892 1725 4954 modo,
1782 4907 1903 4960 quae
1956 4893 2372 4960 conspiciuntur

799 4994 913 5034 uno
944 4979 1247 5047 eodemque
1277 4992 1574 5042 momento,
1604 4982 1658 5033 in
1692 4982 1780 5034 illa
1809 4997 1971 5049 parva
2000 4983 2203 5050 pupilla
2227 4984 2370 5035 oculi

800 5068 1111 5121 formantur
1137 5079 1191 5122 et
1220 5069 1551 5138 cllinguntur
1576 5088 1587 5121 :
1609 5070 1687 5123 sic
1707 5086 1923 5139 quoque
1950 5086 2008 5124 se
2029 5086 2183 5125 mens
2210 5072 2375 5124 habet

803 5160 858 5212 iu
891 5160 1090 5214 corde:
1127 5163 1415 5229 ipsumque
1442 5178 1535 5215 cor
1565 5172 1648 5216 est
1668 5178 1762 5216 vas
1790 5163 2064 5231 quoddam
2092 5163 2369 5233 exiguum,

804 5252 993 5319 ibique
1023 5264 1150 5307 sunt
1184 5254 1473 5317 dracones,
1500 5255 1571 5308 ibi
1612 5256 1819 5318 leones,
1852 5255 1926 5308 ibi
1960 5271 2246 5309 venenosa
2273 5255 2371 5309 beo

804 5344 941 5407 stire,
967 5344 1043 5398 ibi
1078 5346 1259 5398 cuncti
1287 5347 1546 5399 vitiorum
1575 5346 1814 5400 thesauri
1843 5346 1951 5399 :ibi
1980 5361 2199 5415 quoque
2218 5361 2375 5415 aspe-

806 5450 880 5488 rat
903 5445 957 5489 ct
986 5436 1279 5490 salebrosas
1311 5438 1429 5499 VlIB,
1463 5438 1535 5490 ibi
1573 5437 1904 5506 praecipitia:
1954 5436 2144 5489 itidem
2197 5451 2227 5489 e
2285 5436 2371 5489 di-

806 5538 986 5587 verso,
1034 5525 1106 5579 ibi
1144 5536 1227 5579 est
1261 5528 1422 5591 Deus,
1474 5528 1546 5581 ibi
1592 5542 1809 5595 quoque
1842 5526 2053 5596 angeli,’
2075 5523 2149 5579 ibi
2179 5526 2287 5579 vita
2320 5534 2374 5578 et

807 5625 1059 5681 regnum,
1087 5615 1162 5669 ibi
1194 5618 1376 5669 lumen
1406 5627 1457 5670 et
1486 5618 1737 5686 apostoli,
1773 5616 1844 5669 ibi
1880 5616 2120 5670 thesauri
2145 5616 2330 5685 gratia:
2357 5634 2369 5668 :

808 5702 885 5758 ibi
917 5716 1042 5760 sunt
1093 5707 1785 5774 omnia.Quemadmodum
1840 5707 1984 5762 enim
2032 5716 2116 5761 cst
2171 5706 2369 5760 nebula

2460 3178 2590 3246 κρὺν
2634 3178 2811 3245 τεῖχος
2855 3177 2975 3229 ἀντὶ
3024 3176 3271 3245 θριγγίου
3307 3175 3578 3244 φυλάσσον
3604 3175 3767 3228 αὐτόν
3790 3192 3805 3207 ·
3840 3175 4022 3244 συμϐῇ

2458 3267 2512 3320 δὲ
2542 3267 2658 3318 ἐκεῖ
2689 3265 2932 3334 ποταμὸν
2964 3266 3283 3335 όρμητιαῖον
3331 3265 3664 3335 διέρχεσθαι,
3722 3267 3771 3317 εί
3810 3267 3905 3318 καὶ
3938 3286 4025 3333 μι-

2457 3358 2589 3426 κρὸν
2616 3358 2711 3410 τοῦ
2746 3357 2937 3421 ὕδατος
2972 3358 3337 3427 προσκρούσει
3365 3358 3443 3427 τῷ
3472 3358 3639 3427 τοίχῳ
3661 3399 3676 3422 ,
3707 3359 4023 3429 ύποιρθείρει

2456 3447 2550 3500 τὸν
2577 3448 2849 3518 θεμέλιον,
2894 3448 3160 3516 λαμϐάνει
3228 3450 3472 3517 ἀγωγὴν,
3519 3450 3611 3502 καὶ
3642 3450 3782 3501 κατά
3832 3451 4024 3519 μικρὸν

2458 3537 2573 3590 λύει
2600 3540 2688 3591 τὸν
2715 3536 2984 3606 θεμέλιον,
3007 3536 3102 3591 καὶ⁹
3128 3537 3383 3590 εἰσελθὼν
3414 3539 3731 3609 διαρρήσσει
3760 3538 3853 3590 καὶ
3875 3540 4024 3608 ἐκρι-

2460 3627 2542 3690 ζοῖ
2574 3628 2749 3681 πάντα
2767 3629 2836 3680 τὰ
2864 3627 3026 3694 φυτὰ,
3059 3628 3151 3680 καὶ
3180 3628 3307 3699 ὅλην
3344 3630 3440 3699 τὴν
3464 3629 3729 3698 ἐργασίαν
3755 3629 4017 3695 ἀφανίζει,

2460 3718 2554 3769 καὶ
2586 3717 2834 3786 ἄκαρπον
2884 3719 3031 3768 ποιεῖ
3057 3733 3071 3745 ·
3105 3716 3280 3779 οὕτως
3335 3718 3452 3770 ἐστὶ
3487 3717 3577 3771 καὶ
3608 3720 3640 3787 ἡ
3698 3718 3891 3787 καρδία
3932 3717 4019 3769 τοῦ

2460 3808 2556 3859 ἀνθ
2564 3807 2931 3877 ρώπου.Ἔχει
2952 3810 3077 3870 τοὺς
3106 3809 3399 3877 λογισμοὺς
3417 3810 3539 3872 τοὺς
3557 3810 3771 3875 καλοὺς,
3802 3809 4020 3877 πλησιά-

2462 3898 2613 3961 ζουσι
2644 3898 2700 3950 δὲ
2729 3900 2959 3951 πάντοτε
2990 3899 3081 3949 καὶ
3102 3899 3152 3950 οἱ
3178 3900 3412 3967 ποταμοὶ
3432 3902 3531 3968 τῆς
3556 3899 3752 3962 κακίας
3788 3902 3852 3968 τῇ
3890 3915 4018 3963 καρ-

2459 3988 2568 4057 δίᾳ,
2596 3988 2842 4050 θέλοντες
2872 3989 3043 4058 αὐτὴν
3071 3989 3395 4042 καταϐαλεῖν
3417 3991 3510 4042 καὶ
3538 3990 3693 4059 ῥίψαι
3721 3991 3798 4053 είς
3820 3991 3879 4041 τὸ
3899 3991 4017 4042 [διον

2466 4078 2649 4145 μέρος,
2699 4078 2879 4130 λοιπὸν
2910 4074 3062 4151 ὲάνῇ
3099 4079 3294 4147 μικρὸν
3325 4079 3523 4147 κοῦφος
3558 4081 3587 4131 6
3621 4082 3766 4145 νοῦς,
3804 4084 3893 4135 καὶ
3919 4083 4014 4154 ﬁt;

2462 4168 2573 4227 τοῖς
2609 4166 2937 4236 ἀκαθάρτοις
2985 4168 3303 4237 λογισμοῖς,
3359 4170 3466 4222 ίδοὺ
3516 4168 3708 4222 ἔλαϐον
3760 4172 3921 4240 νομὴν
3954 4178 4013 4225 τὰ

2463 4254 2745 4329 πνεύματα
2762 4257 2857 4323 τῆς
2884 4257 3109 4325 πλάνης,
3140 4259 3233 4311 καὶ
3266 4258 3514 4324 εἰσῆλθον
3544 4260 3637 4311 καὶ
3656 4261 4012 4329 κατέστρεψαν

2462 4327 2529 4394 τά
2569 4347 2682 4396 ἐκεῖ
2718 4346 2909 4414 κάλλη,
2958 4349 3227 4415 ἠφάνισαν
3258 4350 3383 4409 τοὺς
3429 4349 3667 4416 ἀγαθοὺς
3716 4327 4009 4421 λογισμοὺς,

2392 4442 2435 4496 D
2464 4432 2555 4483 καὶ
2580 4433 2882 4501 ἠρήμωσαν
2902 4434 2999 4503 τὴν
3023 4434 3220 4504 ψυχήν.

2541 4527 2613 4576 Z'.
2650 4525 2855 4593 Ὠσπερ
2884 4525 3029 4576 ἐστὶν
3062 4527 3089 4577 6
3129 4526 3401 4594 ὀφθαλμὸς
3434 4529 3627 4597 μικρὸς
3670 4528 3798 4599 παρ’
3828 4529 3916 4582 ὅλα
3950 4531 4011 4583 τὰ

2472 4614 2629 4682 μέλη,
2678 4615 2772 4666 καὶ
2819 4615 2955 4683 αὑτὴ
2996 4615 3028 4685 ἡ
3084 4615 3217 4685 κόρη
3282 4618 3452 4685 μικρά
3510 4614 3666 4683 οὖσα,
3727 4619 3867 4687 μέγα
3906 4623 4008 4673 ἐστὶ

2473 4702 2665 4764 σκεῦος
2696 4721 2708 4733 ·
2742 4703 2925 4772 βλέπει
2946 4703 3053 4773 γὰρ
3084 4705 3173 4771 ὑφ’
3205 4705 3283 4765 ἓν,
3319 4706 3566 4775 οὐρανὸν,
3601 4709 3823 4777 ἀστέρα,
3856 4710 4007 4777 ἥλιον,

2474 4797 2721 4863 σελήνην,
2779 4797 2960 4857 πόλεις
3020 4798 3114 4847 καὶ
3163 4797 3296 4848 ἄλλα
3348 4799 3652 4867 κτίσματαο
3694 4802 3891 4867 ὁμοίως
3927 4803 4009 4854 καὶ

2472 4887 2609 4937 αὑτά
2655 4888 2724 4939 τὰ
2752 4886 3007 4955 ὁρώμενα
3035 4888 3139 4938 ὑπὸ
3193 4888 3254 4939 τὺ
3300 4888 3377 4951 ἓν,
3416 4891 3481 4958 τῇ
3541 4892 3716 4959 μικρᾷ
3754 4891 3886 4961 κόρῃ
3926 4892 4007 4943 τοῦ

2472 4977 2748 5047 ὀφθαλμοῦ
2775 4977 3153 5047 ὲμμορφοῦται
3178 4980 3272 5031 καὶ
3291 4980 3695 5044 ὲνεικονίζεται·
3719 4981 3886 5043 οὕτως
3909 4984 4007 5033 ἐστὶ

2474 5068 2565 5118 καὶ
2582 5069 2609 5118 6
2637 5067 2757 5128 νοῦς
2775 5070 2851 5130 είς
2870 5067 2965 5136 τὴν
2986 5068 3231 5136 καρδίαν.
3261 5068 3368 5121 Καὶ
3388 5069 3571 5140 αὐτὴὴ
3603 5071 3813 5140 καρδία,
3834 5073 4006 5140 μικρόν

2472 5175 2523 5209 τι
2539 5156 2728 5219 σκεῦός
2746 5159 2879 5217 ἐστι,
2908 5159 3003 5209 καὶ
3025 5160 3142 5210 ἐκεῖ
3160 5159 3208 5210 oi
3229 5159 3544 5228 δράκοντες,
3564 5161 3656 5211 Ital.
3677 5162 3794 5212 ἐκεῖ
3811 5162 3857 5212 οί
3879 5160 4006 5213 λέον-

2473 5237 2581 5311 τες,
2607 5250 2722 5300 ἐκεῖ
2736 5248 2802 5300 τὰ
2819 5248 2999 5301 ίοϐόλα
3022 5248 3205 5317 θηρία,
3229 5250 3321 5303 καὶ
3336 5250 3448 5302 ὅλοι
3470 5251 3520 5302 οί
3541 5248 3804 5319 θησαυροὶ
3816 5253 3907 5318 τῆς
3924 5269 4006 5303 κα-

2474 5340 2615 5401 κίαςο
2636 5338 2729 5392 καὶ
2751 5341 2865 5391 ἐκεῖ
2892 5342 2944 5391 αἱ
2967 5342 3217 5409 τραχεῖαι
3249 5341 3344 5393 καὶ
3369 5340 3647 5407 ἀνώμαλοι
3671 5340 3799 5405 ὁδοὶ,
3827 5342 3932 5393 ἐκεῖ
3956 5342 4001 5393 al

2475 5433 2753 5501 φάραγγες
2775 5448 2787 5459 ·
2816 5432 3013 5500 ὁμοίως
3044 5430 3204 5484 πάλιν
3230 5432 3345 5483 ἐκεῖ
3370 5434 3397 5484 6
3423 5431 3575 5495 Θεὸς,
3600 5433 3716 5484 ἐκεῖ
3742 5433 3833 5484 καὶ
3860 5431 3902 5483 οί
3922 5431 4003 5498 ἄγ-

2474 5524 2641 5590 γελοι,
2673 5524 2787 5575 ἐκεῖ
2812 5524 2843 5591 ἡ
2871 5522 2982 5591 ζωὴ
3014 5524 3106 5574 καὶ
3136 5525 3169 5591 ἡ
3202 5522 3469 5590 βασιλεία,
3492 5526 3608 5576 ἐκεῖ
3627 5524 3686 5575 τὸ
3721 5522 3835 5591 φῶς
3856 5523 3937 5575 καὶ
3959 5522 4000 5574 οἱ

2475 5613 2781 5674 ἀπόστολοι,
2818 5612 2934 5665 ἐκεῖ
2984 5614 3033 5664 oi
3086 5613 3347 5682 θησαυροὶ
3388 5614 3488 5683 τῆς
3538 5616 3788 5684 χάριτος,
3823 5614 3927 5666 ἐκεῖ
3948 5612 4003 5667 τὰ

2476 5706 2652 5759 πάντα
2682 5705 2849 5758 ἐστίν.
2880 5704 3088 5773 Ὥσπερ
3119 5705 3225 5775 γάρ
3254 5706 3403 5757 ἐστιν
3432 5705 3626 5775 ὁμίχλη
3676 5705 3754 5765 είς
3783 5703 3898 5757 ὅλτν
3921 5701 4000 5754 τὶν
