4254 6358
203 392 323 460 ΤΠ

1405 395 1771 459 HOMILI/E.
1800 421 1867 433 -
1900 394 2086 459 IIOM.
2126 398 2345 463 XLIII.

3359 404 3466 469 778

206 499 552 572 οἰκουμένην
573 498 922 575 ιπικειμένη,
957 503 1054 558 καὶ
1078 501 1363 575 ἄνθρωπος
1388 503 1676 575 ἄνθρωπον
1694 505 1792 573 οὐχ
1823 509 1866 563 Α

1789 524 1792 572 ;
1823 509 1866 563 Α
1895 520 2063 575 super
2112 509 2425 563 universam
2479 516 2677 564 terram
2707 515 2952 573 extensa,
2986 516 3043 563 et
3086 506 3251 562 homo
3290 507 3469 563 homi-

206 594 321 664 δρᾷ
346 608 361 625 θ
402 591 578 657 οὕτως
612 595 731 648 ἐστὶ
781 595 963 648 καὶτὸ
990 596 1195 663 έσκότος
1237 594 1330 648 τοῦ
1374 595 1567 658 αἰῶνος
1604 595 1795 648 τούτου

214 686 570 754 ἐπικείμενον
601 686 753 758 πάσῃ
778 690 845 757 τῇ
884 687 1063 741 κτίσει
1094 690 1187 740 καὶ
1216 688 1365 759 πάσῃ
1398 688 1558 757 φύσει
1587 688 1799 757 ἀνθρὼ-

216 793 325 828 που
362 776 471 829 ἀπὸ
495 776 596 845 τῆς
634 779 1001 848 παραϐάσεως
1031 792 1045 806 ³
1093 778 1215 832 ὅθεν
1261 779 1705 849 ἑπισκιαζόμενοι
1734 780 1798 832 ὲκ

217 864 316 917 τοῦ
362 864 558 917 σκότου
603 866 660 917 ὲν
707 867 862 919 νυκτί
916 869 1046 930 είσι,
1080 870 1174 921 καὶ
1212 870 1270 921 ὲν
1320 870 1572 939 φοϐεροῖς
1615 869 1799 931 τόποις

218 949 404 1020 έχουσι
452 952 554 1022 τὴν
605 953 921 1025 διαγωγήνο
972 958 1067 1010 καὶ
1112 957 1302 1028 ῶσπερ
1336 958 1548 1012 καπνοῦ
1594 958 1799 1027 πλῆθός

220 1044 374 1097 ἐστιν
402 1046 461 1096 ὲν
495 1046 630 1116 οἴκῳ
657 1047 757 1110 ἑνὶ,
808 1047 982 1112 οὕτως
1026 1051 1141 1101 εστὶ
1166 1053 1260 1105 καὶ
1304 1052 1337 1121 ἡ
1379 1052 1618 1121 ἁμαρτία
1664 1049 1802 1120 μετά

220 1134 337 1187 τῶν
381 1136 647 1205 ῥυπαρῶν
692 1137 969 1210 λογισμῶν
1019 1142 1209 1210 αὐτῆς,
1266 1141 1674 1211 ὲγκαθεζομένη
1708 1142 1802 1195 καὶ

224 1225 547 1296 ἑφέρπουσα
595 1228 676 1289 είς
720 1228 848 1290 τοὺς
899 1229 1192 1301 λογισμοὺς
1240 1232 1339 1301 τῆς
1398 1229 1649 1301 καρδίας,
1710 1231 1803 1284 καὶ

208 1317 457 1387 ιάπειρον
486 1318 689 1388 πλῆθος
721 1319 1013 1389 δαιμόνων.

298 1408 601 1479 Η⁹.Ὤσπερ
617 1408 675 1461 δὲ
700 1411 758 1462 ὲν
775 1414 884 1474 τοῖς
906 1413 1276 1481 φαινομένοις,
1298 1430 1426 1467 πολε
1436 1432 1536 1485 μου
1571 1431 1804 1485 συγκρο-

1900 611 2025 650 nem
2052 613 2160 653 non
2193 598 2374 664 videt;
2410 598 2489 654 sic
2522 614 2739 670 quoque
2802 608 2931 655 sunt
2986 599 3227 654 tenehrm
3282 597 3468 653 saeculi

1899 686 2062 755 hujus
2101 702 2355 756 expansa
2387 703 2553 757 super
2583 704 2801 743 omnem
2828 696 3133 743 creaturam
3163 698 3219 742 et
3246 687 3468 739 univer-

1899 790 2014 829 sam
2054 784 2305 829 naturam
2324 776 2619 831 humanam
2646 792 2676 830 a
2703 788 2948 847 tempore
2977 776 3465 846 transgressionis;

1900 864 2045 919 unde
2083 864 2325 918 tenebris
2353 865 2515 920 oﬁ‘usi
2560 876 2688 920 sunt
2728 867 2785 920 in
2816 876 2998 932 nocte,
3038 876 3093 925 et
3119 867 3173 919 in
3213 865 3471 919 formida-

1901 956 2106 1011 bilibus
2133 956 2268 1010 locis
2288 958 2456 1012 vitam
2485 967 2670 1027 agunt.
2696 959 2762 1013 Et
2794 959 3254 1029 quemadmodum
3276 973 3471 1027 magna

1901 1046 2037 1101 fumi
2078 1047 2233 1116 copia
2255 1057 2339 1101 est
2366 1050 2421 1101 in
2456 1048 2619 1102 domo
2652 1050 2947 1117 quapiam;
2984 1050 3065 1104 sic
3091 1063 3311 1118 quoque
3346 1062 3474 1117 pec-

1902 1146 2086 1191 catum
2120 1152 2242 1192 cum
2271 1138 2525 1192 obscenis
2572 1138 2995 1209 cogitationibus
3035 1140 3150 1194 suis
3183 1138 3385 1193 insidet
3419 1144 3475 1190 et

1904 1228 2076 1299 serpit
2106 1228 2160 1282 in
2196 1228 2554 1299 cogitationes
2596 1230 2801 1296 cordis,
2834 1240 2890 1287 et
2933 1230 3143 1285 inﬁnita
3179 1226 3475 1283 multitudo

1904 1321 2234 1377 daemonum.

1977 1410 2114 1465 VIII.
2145 1410 2300 1464 Sicut
2348 1426 2478 1465 vero
2532 1412 2585 1465 in
2638 1412 2805 1465 rebus
2840 1412 3127 1469 oculorum
3168 1414 3307 1469 aciei
3340 1414 3474 1468 sub-

226 1498 519 1565 τουμένου.
550 1499 651 1553 οὐκ
694 1500 1024 1571 ἀπέρχονται
1051 1505 1100 1557 οἱ
1137 1506 1292 1573 σοφοὶ
1346 1506 1440 1559 καὶ
1482 1508 1806 1576 μεγιστᾶνες
1900 1521 1906 1573 λ

1796 1522 1806 1567 ς
1900 1503 2082 1574 jectis,
2109 1503 2253 1556 bello
2294 1502 2521 1567 indicto,
2566 1518 2677 1557 non
2727 1502 3151 1571 proﬁciscuntur
3202 1505 3476 1573 sapientes

226 1589 369 1651 ἐκεῖ,
428 1588 563 1641 ἀλλά
614 1589 938 1659 φοϐούμενοι
996 1593 1087 1646 τὸν
1137 1594 1365 1648 θάνατον
1428 1597 1805 1665 ἀπομένουσι·

225 1678 417 1730 λοιπὸν
464 1679 858 1748 προϐάλλονται
924 1684 974 1735 οἱ
1020 1683 1272 1754 τίρωνες,
1312 1686 1406 1738 καὶ
1438 1687 1488 1739 οἱ
1551 1685 1802 1755 πένητες,

1906 1599 2002 1645 aut
2049 1600 2329 1661 magnates
2370 1606 2457 1655 eo,
2500 1592 2618 1654 sed,
2656 1601 2885 1646 mortem
2917 1594 3297 1657 formidantes,
3329 1594 3476 1648 domi

1909 1689 2234 1747 remanent;
2277 1697 2408 1751 ergo
2444 1682 2797 1750 proferuntur
2846 1685 3073 1749 tirones,
3107 1702 3376 1756 pauperes
3422 1695 3481 1741 ct

229 1772 327 1823 καὶ
352 1773 401 1822 οἱ
432 1771 659 1837 ἰδιῶται,
701 1776 793 1827 καὶ
833 1775 1123 1844 συμϐαίνει
1152 1778 1235 1830 ὅτι
1287 1777 1444 1847 νίκην
1477 1777 1801 1848 ἐργάζονται
1837 1836 1876 1848 _

1799 1817 1801 1827 .
1837 1836 1876 1848 _
1910 1770 2093 1824 idiota
2117 1812 2132 1834 ,
2171 1780 2228 1825 et
2274 1770 2495 1834 accidit,
2529 1780 2587 1823 ut
2618 1773 2846 1827 victoria
2877 1785 3185 1843 comparata
3215 1775 3479 1829 adversus

230 1864 376 1914 κατὰ
419 1862 528 1915 τῶν
562 1865 863 1932 πολεμίων,
908 1869 1004 1920 καὶ
1045 1868 1334 1924 διώκουσιν
1363 1854 1559 1932 αὖτοὺς
1593 1872 1656 1922 ὲκ
1698 1869 1805 1921 τῶν
1837 1836 1878 1891 Β
1908 1861 1910 1912 Ᾰ

1800 1885 1805 1914 ι
1837 1836 1878 1891 Β
1908 1859 2113 1923 hostes,
2146 1869 2549 1929 persequantur
2569 1878 2664 1916 eos
2685 1870 2837 1917 extra
2872 1836 3075 1921 limites
3104 1881 3297 1933 usque,
3317 1874 3480 1935 atque

231 1952 424 2020 ὀρὶων,
457 1954 550 2005 καὶ
582 1954 652 2008 τά
692 1954 938 2008 ἐπινίκια
968 1957 1063 2009 καὶ
1115 1958 1239 2020 τοὺς
1276 1958 1571 2026 στεφάνους
1602 1957 1809 2028 λαμϐά-

227 2061 414 2097 νουσιν
440 2046 546 2097 ἀπὸ
575 2045 668 2099 τοῦ
694 2045 977 2116 βασιλέως,
1024 2051 1115 2103 καὶ
1144 2050 1394 2119 ἔρχονται
1421 2052 1499 2113 εῑς
1523 2051 1809 2119 προκοπὰς

227 2137 328 2190 καὶ
374 2138 683 2209 ἀξιώματα,
732 2142 978 2195 κάκεῖνοι
1025 2145 1074 2197 οἱ
1108 2144 1333 2213 μεγάλοι
1371 2144 1549 2197 ὀπίσω
1595 2143 1804 2197 τούτων

229 2228 598 2299 εὑρίσκονται·
615 2231 790 2295 οὕτως
813 2232 929 2286 ἐστὶ
948 2234 1117 2287 καὶτὸ
1137 2236 1301 2306 μέρος
1324 2235 1387 2289 τὸ
1414 2234 1803 2303 πνευματικόν.

230 2322 296 2373 Ol
326 2321 531 2374 ἰδιῶται
554 2323 844 2388 ἀκούοντες
882 2325 941 2389 ἐξ
975 2326 1148 2398 ἀρχῆς
1170 2327 1263 2381 τὸν
1300 2327 1479 2395 λόγον,
1521 2325 1809 2396 φιλαλήθει

228 2412 482 2483 λογισμῷ
525 2415 587 2466 τδ
617 2414 778 2486 ἔργον
833 2416 997 2470 αὐτοῦ
1054 2418 1288 2482 ποιοῦσι,
1337 2419 1432 2471 καὶ
1463 2418 1804 2487 λαμϐάνουσι

230 2502 387 2572 παρά
412 2501 547 2555 Θεοῦ
595 2504 695 2574 τὴν
744 2504 905 2574 χάριν
939 2506 1033 2560 τοῦ
1082 2506 1408 2577 Πνεύματος
1434 2523 1448 2537 ο
1488 2507 1539 2559 οἱ
1569 2506 1627 2560 δὲ
1653 2504 1811 2574 σοφοὶ

231 2594 331 2644 καὶ
362 2592 574 2656 λεπτῶς
608 2592 897 2660 ζητοῦντες
920 2594 1011 2647 τὸν
1036 2594 1212 2663 λόγον,
1247 2589 1393 2648 οῦτοι
1427 2595 1687 2664 φεύγουσι
1716 2594 1810 2646 τδν

233 2680 497 2749 πόλεμον,
534 2682 628 2734 καὶ
666 2682 728 2755 οὐ
767 2685 1163 2754 προκόπτουσι,
1206 2687 1300 2738 καὶ
1331 2685 1506 2738 ὀπίσω
1535 2683 1813 2754 εὑρίσκον-

232 2789 327 2825 ται
357 2771 467 2824 τῶν
497 2772 922 2842 πολεμησάντων
953 2776 1048 2827 καὶ
1076 2775 1441 2844 νικησάντων.

308 2863 388 2917 Θ’.
432 2863 644 2933 Ὠσπερ
667 2864 724 2917 δὲ
751 2866 799 2917 οἱ
834 2865 1027 2935 ἄνεμοι
1066 2866 1311 2936 σφοδρῶς
1344 2866 1596 2931 πνέοντες
1635 2869 1814 2922 πάντα

233 2954 308 3005 τά
334 2953 611 3020 κτίσματα
644 2955 714 3007 τά
747 2955 853 3008 ὑπὸ
880 2956 989 3009 τῶν
1026 2956 1275 3027 οὐρανῶν
1307 2957 1540 3023 κινοῦσι,
1562 2959 1654 3011 καὶ
1676 2954 1810 3029 ἦχον

235 3041 411 3094 πολὺν
460 3041 855 3095 ἀποτελοῦσιν⁹
907 3042 1081 3107 οὕτως
1124 3048 1159 3115 ἡ
1204 3044 1431 3116 δύναμις
1483 3047 1577 3099 τοῦ
1616 3047 1814 3117 ἐχθροῦ

1907 1952 2149 2007 victoriae
2205 1954 2445 2022 praemiis
2495 1969 2559 2007 ac
2622 1956 2839 2009 coronis
2873 1972 2903 2009 a
2936 1972 3063 2027 rege
3112 1961 3371 2026 acceptis,
3411 1959 3481 2013 ad

1908 2044 2204 2114 dignitates
2232 2054 2289 2099 et
2319 2045 2590 2100 honorum
2636 2047 2839 2117 gradus
2888 2056 3352 2117 promoveantur;
3401 2049 3481 2103 illi

1907 2148 2041 2188 vero
2069 2134 2249 2205 magni
2282 2134 2442 2205 longe
2479 2136 2548 2189 ab
2578 2137 2775 2190 horum
2808 2146 2960 2207 tergo
2987 2138 3371 2207 reperiuntur:
3402 2138 3483 2194 sic

1907 2238 2127 2295 quoque
2157 2240 2216 2279 se
2259 2240 2348 2280 res
2393 2225 2560 2280 habet
2586 2227 2907 2296 spiritualis.
2934 2227 3120 2283 Rudes
3146 2242 3210 2284 ac
3257 2228 3481 2298 plebeii,

1910 2319 2196 2375 audientes
2213 2320 2370 2374 initio
2391 2322 2617 2376 verbum
2631 2321 2902 2385 veritatis,
2928 2322 3131 2378 amanti
3155 2322 3483 2392 cogitatione

1910 2425 2050 2480 opus
2092 2412 2212 2482 ejus
2262 2412 2575 2481 perﬁciunt,
2605 2420 2662 2465 et
2691 2412 2970 2481 accipiunt
3018 2429 3049 2467 a
3097 2414 3208 2468 Deo
3253 2414 3484 2483 gratiam

1912 2500 2188 2570 Spiritus;
2236 2503 2513 2573 sapientes
2554 2517 2707 2565 vero,
2735 2511 2792 2557 et
2820 2504 2914 2572 qui
2956 2504 3315 2559 subtilitatem
3363 2520 3485 2559 ver-

1910 2592 2109 2647 borum
2131 2594 2440 2661 requirunt,
2462 2592 2518 2647 hi
2542 2592 2761 2663 fugiunt
2781 2592 3005 2657 bellum,
3035 2607 3138 2647 nec
3165 2594 3481 2662 proﬁciunt,

1911 2683 2008 2740 sed
2034 2683 2372 2753 posteriores
2401 2683 2757 2738 inveniuntur
2802 2683 2869 2738 iis
2912 2683 3008 2753 qui
3042 2682 3189 2738 bello
3216 2692 3370 2755 gesto
3401 2684 3486 2737 vi-

1914 2776 2145 2830 ctoriam
2175 2780 2547 2842 reportarunt.

1989 2862 2083 2918 IX.
2107 2861 2581 2929 Quemadmodum
2598 2876 2729 2917 vero
2752 2862 2901 2916 venti
2923 2859 3277 2914 vehementer
3296 2858 3488 2912 ﬂantes

1914 2968 2107 3009 omnes
2129 2961 2412 3007 creaturas
2464 2967 2587 3020 quae
2620 2958 2748 3006 sunt
2774 2951 2876 3005 sub
2909 2950 3086 3014 caelis,
3116 2957 3485 3009 commovent,

1914 3054 2079 3114 atque
2123 3058 2318 3099 sonum
2350 3043 2627 3112 ingentem
2671 3042 2878 3106 edunt;
2910 3041 2990 3096 sic
3016 3041 3260 3110 potentia
3314 3039 3490 3093 hostis

239 3132 432 3201 κρούει
465 3133 559 3186 καὶ
598 3133 754 3205 φέρει
788 3136 913 3199 τοὺς
960 3136 1278 3206 λογισμοὺς,
1333 3138 1429 3191 καὶ
1476 3138 1691 3193 σαλεύει
1746 3140 1813 3192 τὰ
1842 3164 1884 3223 C
1916 3154 1919 3206 ζ

1842 3164 1884 3223 c
1916 3137 2117 3207 pulsat,
2142 3134 2251 3190 fert
2278 3134 2661 3205 cogitationes.
2696 3142 2861 3203 atque
2886 3132 3054 3202 agitat
3083 3130 3493 3223 profundacor-

241 3224 387 3293 βάθη
423 3225 521 3293 τῆς
558 3224 787 3295 καρδίας
814 3226 952 3295 πρὸς
1003 3227 1064 3279 τὸ
1096 3226 1292 3281 ἑαυτοῦ
1321 3228 1555 3299 θέλημα,
1595 3230 1691 3283 καὶ
1734 3232 1816 3295 είς

240 3318 345 3387 τὴν
398 3318 674 3372 διακονίαν
734 3320 901 3373 αὐτοῦ
960 3321 1248 3392 σκορπίζει
1318 3324 1447 3387 τοὺς
1500 3324 1814 3394 λογισμούς.

242 3406 459 3475 Ὠσπερ
490 3406 627 3458 εἰσὶν
660 3408 709 3459 oi
740 3408 972 3461 τελῶναι
1014 3408 1372 3480 καθεζόμενοι
1395 3412 1476 3475 εἰς
1504 3412 1601 3475 τὰς
1627 3413 1819 3476 στενὰς

243 3498 422 3559 ὀδοὺς,
455 3498 548 3549 καὶ
580 3498 900 3568 κατέχοντες
929 3500 1054 3563 τοὺς
1107 3501 1405 3571 παριόντας
1436 3503 1531 3555 καὶ
1562 3503 1822 3558 διασείον-

246 3606 340 3650 τες
368 3630 380 3650 ,
416 3588 585 3651 οὕτως
614 3590 707 3641 καὶ
732 3590 781 3641 οἱ
801 3591 1057 3659 δαίμονες
1079 3591 1399 3662 ὲπιτηροῦσι
1424 3594 1517 3646 καὶ
1534 3594 1822 3664 κατέχουσι

244 3682 347 3743 τὰς
377 3680 578 3749 ψυχὰς,
612 3682 707 3734 καὶ
730 3684 788 3733 ὲν
810 3681 887 3751 τῷ
918 3682 1236 3752 ὲξέρχεσθαι
1268 3685 1439 3748 αὐτάς
1484 3688 1549 3739 ἐκ
1586 3685 1681 3739 τοῦ
1712 3686 1821 3740 σώ-

252 3789 444 3840 ματος,
480 3773 573 3824 ἐὰν
616 3772 691 3841 μὴ
723 3771 946 3836 τελείως
996 3772 1422 3844 καθαρισθῶσιν,
1470 3778 1570 3831 οὐκ
1600 3778 1821 3849 επιτρέ-

246 3878 441 3913 πονται
490 3862 732 3914 ἀνελθεῖν
772 3864 850 3925 είς
906 3862 1004 3925 τὰς
1062 3864 1231 3933 μονὰς
1267 3863 1363 3919 τοῦ
1409 3866 1662 3937 ούρανοῦ,
1730 3870 1823 3921 καὶ

246 3953 565 4022 ἀπαντῆςαι
604 3954 682 4025 τῷ
712 3954 957 4025 Δεσπότῃ
1006 3956 1219 4009 αὐτῶν⁸
1264 3958 1667 4027 καταφέρονται
1717 3960 1825 4030 γὰρ

249 4046 358 4098 ὑπὸ
395 4032 505 4098 τῶν
556 4048 757 4115 ἀερίων
815 4047 1106 4115 δαιμόνων.
1146 4049 1209 4101 υἱ
1256 4050 1312 4101 δὲ
1369 4050 1706 4120 ὑπάρχοντες
1767 4052 1823 4102 ἐν

254 4140 445 4209 σλρκῖ,
505 4138 587 4190 ἔτι
641 4137 729 4190 διὰ
790 4137 951 4190 πόνου
1014 4138 1107 4190 καὶ
1155 4139 1365 4206 ἀγῶνος
1414 4138 1609 4191 πολλοῦ
1640 4138 1737 4209 τὴν
1769 4138 1828 4202 ἐξ

250 4232 419 4299 ὕψους
450 4230 602 4298 παρά
627 4229 831 4299 Κυρίου
864 4230 1155 4299 κτήσονται
1215 4232 1379 4299 χάριν
1400 4246 1415 4262 ⁶
1447 4230 1649 4301 δηλαδὴ
1680 4224 1827 4282 οὗτοι

252 4323 395 4393 μεεά
434 4322 542 4374 τῶν
590 4321 658 4373 δι’
714 4321 971 4391 ἐναρέτου
1014 4322 1489 4391 ἀναπαυσαμένων
1529 4322 1826 4389 πολιτείας,

251 4416 391 4482 πρὸς
421 4414 512 4465 τὸν
538 4412 744 4480 Κύριον
766 4412 1178 4478 ἀπελεύσονται,
1228 4413 1407 4475 καθὼς
1437 4413 1826 4493 ἐπηγγείλατο,

1918 3228 2005 3283 dis
2028 3240 2128 3296 pro
2161 3240 2262 3280 suo
2286 3225 2456 3295 ipsius
2488 3225 2688 3288 lubitu,
2729 3234 2786 3278 et
2822 3223 2875 3277 in
2904 3221 3269 3276 ministerium
3294 3221 3378 3275 sui
3404 3221 3492 3275 di-

1919 3312 2128 3384 spergit
2158 3313 2541 3383 cogitationes.
2580 3312 2734 3366 Sicut
2771 3307 3050 3380 publicani
3098 3310 3288 3364 sedent
3338 3310 3492 3377 juxta

1918 3409 2036 3462 vias
2067 3417 2342 3478 angustas,
2373 3416 2427 3461 et
2450 3408 2691 3461 retinent
2717 3414 2881 3475 atque
2916 3406 3243 3460 concutiunt
3263 3413 3494 3474 praeter-

1921 3509 2117 3555 euntes
2140 3519 2154 3554 :
2174 3500 2253 3555 sic
2290 3514 2511 3570 quoque
2538 3498 2815 3554 daemones
2838 3498 3139 3553 observant
3164 3505 3221 3552 et
3239 3495 3498 3550 detinent

1923 3597 2153 3661 animas,
2188 3604 2245 3650 et
2274 3595 2402 3649 dum
2450 3594 2727 3648 decedunt
2762 3608 2842 3648 ea:
2880 3609 2912 3649 e
2948 3608 3202 3663 corpore,
3236 3592 3344 3647 nisi
3370 3607 3499 3660 perc

1924 3688 2066 3743 tecte
2094 3686 2299 3741 fuerint
2331 3696 2663 3756 expurgataz,
2697 3700 2807 3739 non
2836 3685 3166 3754 permittunt
3188 3685 3271 3739 eis
3302 3699 3497 3738 ascen-

1925 3778 2058 3834 dere
2088 3777 2155 3832 ad
2186 3777 2496 3831 mansiones
2520 3775 2667 3840 caeli,
2692 3784 2750 3830 et
2784 3789 3077 3830 occurrere
3100 3774 3333 3829 Domino
3362 3791 3497 3829 suo:

1925 3880 2249 3927 evertuntur
2299 3871 2447 3925 enim
2496 3870 2565 3923 ab
2610 3868 2778 3923 aeriis
2819 3867 3183 3921 daemonibus.
3235 3866 3339 3933 Qui
3372 3881 3505 3927 vero

1925 3970 2216 4018 versantur
2249 3963 2303 4015 in
2337 3977 2523 4026 carne,
2565 3958 2932 4014 nihilominus
2979 3973 3194 4013 summo
3227 3957 3413 4012 labore
3443 3970 3507 4011 ac

1928 4054 2227 4111 certamine
2260 4068 2553 4122 supernam
2587 4068 2617 4106 a
2646 4051 2877 4106 Domino
2923 4058 3333 4120 consequentur
3386 4064 3507 4119 gra-

1931 4142 2061 4195 tiam
2088 4159 2099 4194 :
2134 4155 2331 4208 nempe
2364 4139 2421 4193 hi
2459 4154 2583 4192 cum
2618 4138 2746 4203 illis,
2772 4138 2866 4207 qui
2897 4152 2996 4206 per
3026 4138 3313 4191 honestam
3346 4137 3507 4204 quie-

1931 4238 2128 4285 verunt
2169 4229 2665 4286 conversationem.
2704 4228 2773 4282 ad
2820 4229 3111 4282 Dominum
3156 4226 3511 4297 proﬁciscen-

1930 4331 2039 4385 tur,
2075 4327 2133 4374 ut
2164 4319 2439 4387 pollicitus
2475 4328 2593 4373 est:
2633 4318 2729 4373 Ubi
2760 4335 2876 4372 sum
2906 4335 3019 4387 rgo,
3055 4318 3168 4371 illic
3196 4326 3245 4370 et
3270 4318 3509 4370 minister

1932 4430 2077 4467 meus
2108 4414 2294 4478 erit";
2326 4420 2383 4465 et
2413 4427 2511 4480 per
2540 4411 2756 4464 inﬁnita
2797 4411 2993 4464 saecula
3033 4409 3342 4479 rcgnabunt
3380 4423 3509 4461 eum

253 4508 443 4561 Ὅπου
459 4505 574 4575 εἰμὶ
603 4504 737 4573 ἐγὼ,
770 4505 901 4557 ἐκεῖ
916 4506 1013 4558 καὶ
1046 4508 1077 4559 ό
1098 4505 1375 4572 διάκονος
1404 4508 1436 4559 ό
1460 4492 1604 4575 ἐμὸς
1634 4505 1824 4558 ἔσται’
1860 4492 1909 4553 Ι)

1860 4492 1909 4553 ι)
1936 4505 2092 4559 Patre
2123 4512 2178 4558 et
2214 4503 2373 4565 Filio,
2406 4513 2459 4557 et
2490 4502 2698 4571 Spiritu
2731 4509 2945 4565 sancto,
2985 4515 3134 4556 nunc
3176 4508 3232 4555 et
3269 4512 3507 4569 semper,

253 4600 354 4651 καὶ
396 4601 475 4661 είς
503 4598 630 4660 τοὺς
679 4598 1019 4667 ἀπεράντους
1074 4600 1277 4662 αἰῶνας
1339 4598 1829 4669 συμϐασιλεύσουσι

250 4691 332 4758 τῷ
362 4689 557 4759 Πατρὶ,
589 4691 681 4741 καὶ
720 4689 849 4760 Υίῷ,
878 4692 971 4744 καὶ
997 4690 1136 4761 ἀγίῳ
1164 4690 1461 4759 Πνεύματι,
1490 4689 1586 4743 νῦν
1616 4690 1710 4744 καὶ
1738 4689 1829 4745 ἀεὶ

250 4783 349 4835 καὶ
385 4783 465 4845 είς
494 4781 618 4843 τοὺς
646 4780 849 4845 αἰῶνας
870 4782 980 4835 τῶν
1014 4780 1245 4835 αἰώνων.
1284 4782 1476 4852 Ἀμήν.

820 4895 1066 4948 ΟΜΙΛῙΑ
1134 4896 1266 4949 MA'.

253 4987 446 5041 Ilo/ar
493 4987 563 5039 ἐν
606 4985 894 5055 ἀνθρώπῳ
938 4985 1270 5052 Χριστιανῷ
1322 4986 1668 5054 μεταϐολὴν
1726 4987 1825 5041 καὶ

322 5057 710 5109 ἀνακαίνισιν
738 5056 1121 5125 ἀπεργάζεται
1156 5060 1188 5110 ό
1234 5059 1507 5123 Χριστὸς,
1542 5060 1575 5111 d
1609 5057 1681 5111 τὰ
1718 5057 1828 5127 τῆς

326 5127 535 5194 ψυχῆς
568 5126 725 5195 πάθη
753 5128 851 5180 καὶ
879 5127 1107 5193 νόσους
1136 5128 1533 5194 θεραπεύσας.

326 5241 405 5294 A’.
454 5240 511 5293 Ὀ
535 5240 971 5311 προσερχόμενος
1009 5238 1086 5308 τῷ
1108 5240 1249 5309 Θεῷ,
1283 5240 1379 5293 καὶ
1412 5240 1651 5311 Χριστοῦ
1684 5242 1829 5310 πάρ-

257 5333 410 5402 εδρος
469 5334 526 5384 ὲν
598 5332 827 5402 ἀληθείᾳ
862 5331 1007 5384 θέλει
1057 5326 1222 5397 εἶναι,
1282 5331 1479 5385 τούτου
1526 5334 1686 5404 χάριν
1738 5334 1831 5386 τοῦ

260 5422 468 5477 σκοποῦ
507 5422 717 5491 ὀφείλει
747 5421 1149 5493 προσέρχεσθαι
1192 5422 1287 5476 τοῦ
1318 5423 1621 5493 ἀλλαγῆναι
1648 5425 1832 5491 αὑτὸν,

261 5517 355 5569 καὶ
391 5514 799 5585 μεταϐληθῆναι
842 5514 951 5568 ἀπὸ
991 5515 1090 5582 τῆς
1145 5516 1417 5586 προτέρας
1452 5518 1834 5577 καταστάσεως

264 5606 363 5661 καὶ
416 5607 787 5677 ἀναστροφῆς,
825 5608 919 5660 καὶ
968 5607 1130 5661 καλὸν
1162 5608 1259 5661 καὶ
1311 5607 1497 5662 καινὸν
1548 5607 1833 5678 ἄνθρωπον

358 5787 405 5817 ⁷³
434 5786 587 5841 Joan.
616 5803 708 5853 Ml,
738 5787 823 5841 ‘26.

1930 4604 1986 4650 et
2015 4594 2073 4649 in
2102 4594 2298 4649 secula
2337 4592 2689 4647 seculorum.
2713 4592 2909 4646 Amen.

2393 4890 2552 4962 ιω
2580 4888 2864 4944 ιιοιιιιιΑ
2893 4887 3077 4943 xuv.

1936 4986 2204 5051 Quantam
2240 4984 2295 5036 in
2321 4981 2541 5051 homine
2566 4978 2881 5051 Christiano?
2910 4978 3254 5051 mutationem
3283 4985 3333 5051 et
3367 4994 3517 5032 reno-

2008 5057 2271 5110 uationem
2309 5052 2471 5120 faciat
2509 5050 2767 5115 Christus,
2793 5050 2884 5117 qui
2910 5049 3105 5102 anime
3128 5049 3421 5118 affectiones
3452 5066 3516 5103 ac

2012 5125 2214 5179 morbos
2240 5122 2472 5175 sanavit.

2014 5240 2055 5294 1.
2092 5236 2196 5304 Qui
2246 5235 2457 5289 accedit
2499 5232 2565 5287 ad
2595 5233 2787 5295 Deum,
2822 5241 2879 5287 et
2917 5232 3121 5287 Christi
3156 5247 3397 5287 assessor
3430 5250 3517 5288 re-

1938 5346 2066 5390 vera
2101 5343 2222 5383 esse
2268 5327 2566 5389 desiderat,
2615 5325 2779 5394 hujus
2830 5324 2981 5393 scopi
3027 5324 3200 5393 gratia
3251 5325 3517 5380 accedere

1938 5422 2122 5483 debet,
2148 5430 2208 5473 ut
2233 5424 2585 5473 convertatur
2609 5414 2745 5484 ipse,
2774 5421 3255 5469 ct'transmutetur
3282 5429 3313 5467 a
3345 5415 3517 5483 priori

1938 5520 2084 5568 statu
2110 5521 2164 5565 et
2192 5506 2628 5569 conversatione,
2661 5521 2725 5559 ac
2751 5505 2955 5559 bonum
3008 5512 3063 5559 et
3112 5519 3314 5558 novum
3348 5504 3519 5559 homi-

1944 5619 2067 5661 nem
2109 5602 2470 5667 demonstret,
2504 5601 2597 5667 qui
2626 5597 2762 5653 nihil
2794 5596 2997 5653 veteris
3032 5596 3273 5652 hominis
3302 5605 3514 5667 chtct:
