4254 6358
752 386 864 450 T19

1992 389 2055 447 S.
2097 385 2290 446 MACA
2300 382 2413 444 BII
2453 383 2773 447 BGYPTH

3897 382 4005 448 780

751 496 815 550 Si
857 495 974 563 qui:
1005 496 1174 558 enim,
1226 495 1425 565 inquit,
1466 497 1521 549 in
1552 493 1780 557 Christo,
1825 511 1957 548 nova
1997 496 2332 549 creatura".
2362 495 2414 552 Δ

2328 495 2414 552 ,Δ
2440 496 2843 565 ἀποδειχθῆναι,
2925 498 3092 568 μηδέν
3147 516 3200 551 τι
3251 496 3347 552 τοῦ
3422 496 3658 553 παλαιοῦ
3714 494 4008 568 ανθρώπου

754 588 1020 644 l'lominus
1046 588 1194 643 enim
1228 596 1416 643 noster
1446 587 1607 643 Jesus
1637 586 1890 643 Christus
1916 596 2207 656 propterea
2240 603 2335 641 ve-

754 681 858 741 nit,
883 690 944 734 ut
977 687 1229 734 naturam
1264 685 1633 744 converteret,
1663 688 1904 733 mutaret
1929 687 1985 732 et
2019 689 2330 743 renovaret,

756 785 919 846 atque
948 791 1164 830 rursum
1195 775 1462 830 conderet
1491 775 1725 829 animam
1780 774 1921 830 hanc
1971 790 2220 830 eversam
2250 776 2331 830 af—

757 869 1089 923 fectionibus
1138 876 1364 938 propter
1411 868 1927 937 transgressionem,
1969 868 2335 922 commiscens

756 959 1005 1013 eamdem
1040 973 1166 1014 cum
1209 973 1309 1012 suo
1346 956 1556 1026 Spiritu
1590 958 1801 1013 divino.
1828 957 2036 1012 Novam
2070 966 2331 1024 mentem,

760 1064 959 1102 novam
989 1050 1252 1113 animam,
1277 1063 1452 1103 novos
1485 1048 1695 1112 oculos,
1727 1062 1898 1103 novas
1926 1062 2110 1113 aures,
2138 1063 2336 1104 novam

759 1146 999 1215 linguam
1059 1144 1427 1215 spiritualem,
1457 1151 1514 1200 et
1552 1152 1615 1200 ut
1658 1144 1884 1199 omnino
1926 1146 2127 1212 dicam,
2161 1160 2336 1202 novos

760 1237 1011 1290 homines
1046 1234 1339 1290 credentes
1374 1235 1424 1289 ei
1451 1241 1512 1287 ut
1538 1233 1803 1301 efﬁceret,
1832 1236 2005 1302 venit,
2036 1252 2134 1292 seu
2166 1252 2335 1292 novos

760 1338 933 1389 utres,
979 1341 1191 1396 nngens
1228 1341 1324 1379 eos
1366 1340 1467 1380 suo
1512 1325 1687 1395 ipsius
1728 1328 1935 1382 lumine
1982 1329 2332 1398 cognitionis,

761 1428 823 1470 ut
872 1416 1185 1470 infunderet
1229 1416 1421 1470 vinum
1471 1432 1710 1483 novum,
1767 1418 1913 1487 quod
1957 1427 2043 1473 est
2097 1419 2338 1489 Spiritus

760 1510 898 1577 ejus.
930 1509 1114 1561 Vinum
1138 1508 1309 1572 enim,
1334 1509 1430 1572 ait,
1464 1524 1653 1563 novum
1679 1511 1733 1564 in
1768 1519 1912 1564 utres
1945 1527 2100 1565 novos
2129 1512 2336 1565 mitten-

762 1598 887 1648 dum
906 1597 969 1649 “.

835 1876 898 1928 ll.
935 1876 1408 1941 Quemadmodum
1447 1880 1595 1934 enim
1628 1880 1803 1935 hostis
1835 1891 2029 1936 nactus
2062 1881 2339 1936 hominem

766 1968 872 2019 sibi
905 1968 1274 2038 subiugatum,
1294 1985 1419 2023 eum
1446 1986 1649 2027 novum
1688 1971 1742 2025 in
1766 1972 1850 2027 sui
1882 1974 2109 2044 gratiam
2134 1972 2340 2036 eﬂ‘ecit,

768 2059 1088 2127 vitiosisque
1170 2059 1589 2117 affectionibus
1641 2063 2104 2117 circumvolutum
2188 2062 2343 2116 unxit

768 2151 963 2217 spiritu
996 2152 1225 2219 peccati,
1266 2168 1328 2207 ac
1358 2155 1546 2208 vinum
1574 2155 1753 2209 omnis
1791 2155 2099 2224 iniquitatis
2134 2163 2188 2210 et
2212 2172 2340 2225 pra-

767 2258 846 2296 va:
866 2240 1129 2299 doctrina:
1157 2243 1211 2298 in
1234 2259 1360 2299 eum
1402 2245 1666 2301 immisit:
1702 2246 1782 2302 sic
1806 2262 2025 2316 quoque
2054 2247 2338 2311 Dominus,

766 2350 891 2387 cum
926 2333 1245 2389 redemisset
1272 2349 1401 2389 eum
1438 2336 1507 2390 ab
1550 2336 1731 2403 hoste,
1766 2352 1969 2392 novum
2014 2338 2336 2392 constituit:

766 2440 1003 2493 cumque
1034 2425 1281 2480 unxisset
1306 2441 1411 2481 suo
1440 2428 1614 2497 ipsius
1641 2428 1869 2496 Spiritu,
1901 2428 2090 2482 vinum
2120 2442 2340 2497 quoque

765 2516 892 2570 vitae
928 2524 985 2571 et
1018 2531 1213 2572 novam
1262 2517 1497 2587 Spiritus
1523 2519 1832 2575 doctrinam
1873 2520 1930 2574 in
1958 2534 2084 2572 eum
2117 2519 2337 2573 infudit.

764 2606 869 2669 Qui
910 2607 1058 2661 enim
1088 2608 1322 2663 mutavit
1345 2619 1598 2664 naturam
1634 2611 1878 2681 quinque
1910 2624 2113 2679 panum
2146 2610 2201 2664 in
2244 2626 2342 2664 na-

766 2706 941 2750 turam
972 2698 1347 2752 multitudinis
1370 2739 1385 2763 ,
1430 2708 1487 2754 et
1513 2710 1722 2754 natura:
1748 2700 1888 2755 asini
1922 2700 2134 2755 ratione
2168 2699 2339 2753 desti-

764 2794 898 2839 tutae
933 2801 1121 2841 vocem
1158 2788 1331 2852 dedit,
1357 2797 1414 2845 et
1439 2790 1784 2845 meretricem
1819 2788 1888 2844 ad
1923 2793 2341 2859 temperantiam

765 2879 1063 2943 convertit,
1096 2887 1152 2933 et
1182 2880 1343 2950 ignis,
1373 2879 1644 2935 adurendi
1688 2881 1739 2934 vi
1792 2881 2030 2951 praediti,
2087 2894 2339 2938 naturam

762 2970 831 3025 ad
873 2971 1183 3041 irrigandos
1233 2986 1328 3027 eos
1363 2972 1458 3041 qui
1500 2981 1662 3026 erant
1714 2972 1771 3026 in
1820 2974 2037 3028 camino
2084 2974 2337 3030 idoneam

763 3061 1037 3127 reddidit,
1078 3071 1134 3117 et
1170 3070 1423 3117 naturam
1475 3064 1697 3118 leonum
1746 3065 2046 3133 agrestium
2098 3065 2337 3121 ferarum

2368 1832 2417 1891 B

2439 589 2854 659 ἐπιφερόμενον.
2880 592 2954 644 Εἴ
2979 609 3069 657 τις
3095 592 3226 662 γὰρ,
3254 591 3440 662 φησὶν,
3459 592 3530 644 ἐν
3548 586 3806 659 Χριστῷ,
3830 588 4010 656 καινὴ

2439 680 2656 746 κτίσις.
2683 682 2793 734 Καὶ
2815 681 2924 751 γάρ
2945 684 2973 735 ὁ
3002 682 3205 752 Κύριος
3228 681 3385 752 ἡμῶν
3423 679 3633 751 Ἰησοῦς
3655 678 3899 749 Χριστὸς
3928 678 4014 731 διὰ

2437 769 2599 822 τοῦτο
2647 772 3049 841 παραγέγονεν,
3095 771 3236 826 ὥστε
3283 772 3389 841 τὴν
3442 770 3607 841 φύσιν
3655 766 3889 832 ἀλλάξαι
3922 768 4015 821 καὶ

2443 861 2770 933 μεταϐαλεῖν
2800 864 2896 916 καὶ
2926 865 3296 928 ἀνακαινίσαι,
3321 863 3416 917 καὶ
3445 860 3878 930 ἀνακτίσαι.τὴν
3905 859 4013 927 ψυ-

2441 954 2541 1025 χὴν
2593 954 2797 1025 ταύτην
2849 955 2953 1026 τὴν
3005 954 3501 1025 κατεστραμμένην
3543 954 3657 1015 τοῖς
3695 950 3897 1004 πάθεσι
3927 949 4016 1003 διὰ

2440 1050 2542 1119 τὴν
2574 1047 2908 1116 παράϐασιν,
2972 1047 3213 1116 κεράσας
3236 1046 3317 1117 τῷ
3364 1044 3483 1116 ίδίῳ
3530 1043 3699 1099 αὐτοῦ
3731 1041 4015 1111 Πνεύματι

2437 1141 2539 1208 τῆς
2569 1141 2841 1211 θεότητος.
2889 1140 3095 1195 Καίνδν
3140 1138 3287 1201 νοῦν,
3316 1138 3414 1191 καὶ
3451 1136 3647 1207 καινὴν
3682 1136 3887 1207 ψυχὴν,
3920 1132 4017 1186 καὶ

2438 1232 2659 1294 καινοὺς
2718 1230 3052 1300 ὀφθαλμοὺς,
3114 1227 3281 1283 καινά
3328 1222 3465 1293 ὦτα,
3522 1227 3715 1297 καινὴν
3762 1223 4017 1293 γλῶτταν

2442 1322 2841 1394 πνευματικὴν,
2899 1323 2992 1375 καὶ
3038 1320 3377 1388 ἁπαξαπλῶς
3428 1319 3650 1382 καινοὺς
3689 1317 4017 1388 ἀνθρώπους

2437 1415 2566 1479 τοὺς
2602 1415 2965 1479 πιστεύοντας
3009 1415 3157 1485 αύτῷ
3193 1409 3359 1485 ἦλθεν
3408 1410 3857 1482 ἀπεργάσασθαι,
3894 1411 4017 1480 ἢτοι

2439 1511 2659 1570 καινοὺς
2684 1509 2907 1573 ἀσκοὺς,
2942 1507 3139 1577 χρίσας
3171 1506 3367 1567 αὐτοὺς
3395 1503 3474 1573 τῷ
3515 1501 3711 1555 ἑαυτοῦ
3741 1500 3884 1569 φωτὶ
3915 1498 4018 1566 τῆς

2436 1600 2716 1670 γνώσεως,
2746 1600 2833 1652 ἵνα
2882 1598 3161 1671 μεταϐάλῃ
3197 1598 3315 1650 νέον
3342 1592 3507 1656 οἶνον,
3538 1596 3567 1647 δ
3599 1595 3715 1645 ἔστι
3758 1591 3821 1644 τὸ
3850 1590 4017 1643 [1νεῦ-

2443 1707 2518 1759 μα
2575 1688 2762 1743 αὐτού.
2828 1684 3009 1742 Οἶνον
3051 1688 3185 1759 γάρ,
3247 1687 3400 1757 φησι,
3454 1684 3599 1738 νέον
3638 1685 3726 1748 είς
3780 1678 4021 1744 ἀσκοὺς

2443 1781 2690 1847 καινοὺς
2707 1780 2997 1847 βλητέον.

2517 1873 2590 1925 B'.
2647 1873 2860 1941 Ὠσπερ
2888 1869 2997 1941 γὰρ
3052 1870 3081 1922 ό
3115 1869 3307 1938 ἐχθρὸς
3352 1867 3533 1922 λαϐὼν
3585 1866 3677 1919 τὸν
3728 1864 4021 1933 ἄνθρωπον

2455 1962 2787 2031 ὑποχείριον,
2862 1961 3045 2015 καινὸν
3095 1959 3268 2024 αὐτὸν,
3314 1960 3393 2021 είς
3448 1956 3638 2010 ἑαυτὸν
3698 1954 4018 2025 εἰργάσατο,

2446 2054 2648 2109 πάθεσι
2689 2054 2887 2116 κακίας
2921 2050 3252 2122 περιϐαλὼν,
3281 2050 3374 2101 καὶ
3404 2048 3603 2118 χρίσας
3628 2044 3705 2115 τῷ
3739 2044 4018 2114 πνεύματι

2444 2147 2543 2210 τῆς
2590 2144 2887 2214 ἁμαρτίας,
2932 2144 3024 2196 τὸν
3071 2136 3216 2195 οῐνον
3263 2142 3363 2211 τῆς
3405 2138 3637 2208 ἀνομίας
3676 2136 3858 2205 πάσης
3922 2135 4019 2187 καὶ

2446 2238 2647 2301 κακίας
2675 2236 3022 2299 διδασκαλίας
3076 2232 3333 2287 ἐνέϐαλεν
3370 2233 3452 2295 είς
3473 2232 3633 2285 αὐτόν
3660 2247 3674 2260 ·
3709 2230 3883 2291 οὕτως
3925 2229 4017 2280 καὶ

2444 2331 2473 2383 δ
2502 2331 2706 2400 Κύριος
2737 2330 3156 2399 λυτρωσάμενος
3190 2326 3353 2382 αὑτὸν
3381 2325 3489 2379 ἀπὸ
3518 2322 3612 2376 τοῦ
3640 2322 3859 2393 ἐχθροῦ,
3892 2339 4018 2375 και-

2443 2420 2532 2472 νὸν
2560 2418 2934 2489 ἀπειργάσατο
2954 2434 2967 2447 ·
3007 2415 3204 2489 χρίσας
3237 2413 3316 2485 τῷ
3351 2413 3547 2467 ἑαυτοῦ
3580 2412 3882 2482 Πνεύματι,
3918 2410 4015 2464 καὶ

2442 2513 2533 2564 τὸν
2586 2510 2687 2579 τῆς
2740 2510 2889 2579 ζωῆς
2931 2504 3096 2575 οἶνον,
3159 2508 3261 2578 τὴν
3308 2505 3504 2576 καινὴν
3556 2504 3651 2557 τοῦ
3694 2503 4015 2573 Ilva-Suam;

2443 2603 2795 2657 διδασκαλίαν
2844 2604 2925 2663 είς
2974 2601 3137 2655 αὑτὸν
3166 2600 3403 2671 ένὲχεεν.
3446 2599 3505 2651 '0
3538 2598 3646 2666 γὰρ
3687 2593 4015 2665 μεταϐαλὼν

2442 2697 2540 2765 τὴν
2568 2693 2732 2763 φύσιν
2762 2692 2869 2745 τῶν
2892 2692 3051 2745 πέντε
3075 2692 3258 2760 ἀρτων
3299 2693 3381 2753 είς
3417 2690 3578 2758 φύσιν
3608 2686 3872 2755 πλήθους,
3921 2686 4016 2737 καὶ

2445 2784 2607 2853 φύσει
2636 2784 2757 2837 ϐνου
2782 2782 2963 2853 ἀλόγῳ
2983 2783 3107 2845 δοὺς
3152 2781 3357 2851 φωνὴν,
3414 2780 3511 2832 καὶ
3558 2777 3655 2848 τὴν
3685 2778 3896 2846 πόρνην
3937 2776 4018 2837 είς

2445 2878 2800 2946 σωφροσύνην
2862 2874 3269 2945 μεταστρέψας,
3316 2872 3413 2926 καὶ
3447 2870 3619 2940 πυρὸς
3672 2868 3834 2937 quem
3883 2884 4017 2919 καυ-

2446 2968 2631 3022 στικοῦ
2660 2965 2930 3038 δροσίξειν
2973 2968 3097 3029 τοὺς
3124 2968 3182 3020 έν
3206 2968 3273 3036 τῇ
3316 2964 3533 3035 καμίνῳ
3564 2961 4013 3031 παρασκευάσας,

2444 3061 2537 3112 καὶ
2573 3058 2737 3127 φύσιν
2766 3058 3001 3110 λεόντων
3046 3056 3255 3128 ἀγρίων
3300 3056 3506 3126 θηρίων
3539 3053 3616 3123 τῷ
3651 3052 3851 3121 Δανιὴλ
3883 3053 4019 3119 ἡμε-

761 3165 987 3225 propter
1034 3156 1315 3211 Danielem
1350 3157 1713 3213 mansnefecit
1734 3202 1750 3225 ,
1782 3159 1872 3213 hic
1905 3175 2124 3229 quoque
2161 3170 2342 3231 p0test
2367 3156 2409 3213 C

2335 3156 2409 3213 ;C
2446 3150 2652 3221 ρώσας,
2686 3141 2843 3211 οὗτος
2887 3147 3111 3200 δύναται
3169 3148 3264 3199 καὶ
3306 3145 3405 3216 τὴν
3442 3144 3621 3215 ψυχὴν
3650 3143 3751 3212 τὴν
3806 3143 4015 3211 ἔρημον

760 3249 996 3301 animam
1021 3247 1295 3303 desertam
1335 3257 1391 3303 et
1429 3259 1703 3318 agrestem
1738 3266 1769 3304 a
1799 3262 2023 3320 peccato
2065 3253 2337 3317 effectam,

760 3348 1084 3395 convertere
1136 3340 1191 3394 in
1244 3355 1398 3395 suam
1430 3341 1602 3412 ipsius
1641 3341 1965 3407 bonitatem,
1992 3345 2339 3398 clementiam

758 3440 812 3485 et
841 3447 1053 3501 pacem,
1091 3431 1300 3502 Spiritu
1340 3433 1721 3503 promissionis
1746 3442 1935 3488 sancto
1957 3444 2013 3489 et
2043 3435 2251 3489 divino.

828 3523 917 3577 lll.
944 3524 1183 3578 Perinde
1209 3525 1357 3578 enim
1390 3540 1453 3579 ac
1482 3533 1670 3593 pastor
1697 3527 2001 3580 scabiosam
2043 3543 2200 3582 ovem
2241 3545 2340 3597 po-

759 3622 865 3667 test
895 3629 1114 3679 curare,
1143 3622 1199 3668 et
1224 3629 1255 3668 a
1283 3614 1429 3685 lupis
1474 3615 1776 3679 custodire,
1819 3618 2009 3671 eodem
2048 3619 2212 3673 modo
2246 3636 2339 3675 ve-

758 3717 854 3757 rus
875 3714 1060 3772 pastor
1097 3704 1357 3759 Christus
1388 3707 1619 3760 veniens
1648 3708 1798 3761 solus
1842 3709 2020 3775 potuit
2055 3726 2249 3764 curare
2284 3719 2339 3765 et

758 3803 1083 3848 convertere
1113 3795 1384 3863 perditam
1412 3804 1467 3849 et
1494 3797 1801 3851 scabiosam
1830 3813 2011 3863 ovem,
2033 3799 2335 3867 hominem,

759 3901 787 3937 a
817 3885 1002 3939 scabie
1035 3894 1090 3939 et
1120 3887 1269 3955 lepra
1310 3889 1541 3956 peccati.
1568 3889 1785 3943 Priores
1816 3890 1966 3944 enim
1998 3893 2335 3959 sacerdotes,

759 3974 961 4028 Levita:
987 3986 1153 4044 atque
1186 3977 1453 4046 magistri,
1485 3994 1595 4033 non
1622 3989 1924 4048 potuerunt
1974 3997 2168 4036 sanare
2221 3984 2339 4038 ani-

756 4082 901 4119 mam
945 4067 1318 4123 oblationibus
1354 4084 1642 4123 munerum
1693 4081 1749 4124 ct
1798 4071 2213 4137 sacriﬁciorum,
2255 4085 2337 4129 at-

755 4171 864 4225 que
918 4157 1339 4226 aspersionibus
1383 4160 1688 4228 sanguinis,
1733 4176 1857 4215 cum
1906 4176 2010 4216 nec
2080 4178 2138 4217 sc
2190 4164 2338 4233 ipsos

756 4246 1043 4314 potuerint
1076 4262 1303 4312 curare;
1357 4248 1563 4302 etenim
1603 4249 1705 4317 ipsi
1748 4265 1969 4319 quoque
2016 4251 2336 4307 inﬁrmitate

752 4346 914 4392 erant
936 4337 1143 4392 amicti.
1168 4338 1285 4392 Non
1317 4340 1456 4393 enim
1479 4349 1667 4409 potest,
1696 4342 1900 4410 inquit,
1918 4347 2133 4414 sanguis
2158 4356 2337 4401 tauro-

755 4448 875 4484 rum
924 4440 972 4483 et
1003 4432 1266 4485 hircorum
1315 4432 1524 4502 auferre
1558 4441 1769 4502 peccata
1788 4435 1854 4490 ".
1898 4435 2161 4491 Dominus
2204 4452 2335 4493 vero

754 4520 913 4582 dixit,
967 4527 1407 4574 commonstrans
1470 4519 1843 4575 inﬁrmitatem
1900 4531 2015 4577 tum
2072 4526 2334 4594 temporis

754 4610 1093 4663 medicorum
1116 4627 1127 4661 :
1154 4608 1378 4664 Omnino
1398 4611 1575 4665 dicetis
1600 4615 1725 4666 mihi
1742 4615 1878 4667 hanc
1901 4616 2296 4670 similitudinem
2316 4636 2333 4671 :

752 4702 971 4763 Mediae,
1002 4719 1131 4755 cura
1168 4712 1216 4755 te
1256 4702 1506 4771 ipsum".
1543 4704 1647 4757 Pro
1686 4720 1784 4757 eo:
1820 4705 1935 4759 Non
1964 4724 2078 4760 sum
2130 4726 2223 4779 ego
2277 4720 2333 4762 ut

752 4792 853 4854 illi,
882 4795 971 4861 qui
1002 4809 1095 4845 nec
1121 4809 1176 4846 se
1207 4793 1346 4861 ipsos
1377 4802 1593 4862 possunt
1636 4812 1845 4847 curare.
1874 4797 1988 4865 Ego
2021 4814 2140 4851 sum
2171 4814 2334 4854 verus

756 4883 1026 4944 medicus,
1054 4890 1111 4936 et
1139 4883 1317 4935 bonus
1340 4890 1546 4951 pastor,
1574 4884 1665 4953 qui
1698 4900 1842 4952 pono
1870 4888 2105 4941 animam
2154 4904 2330 4943 meam

754 4988 856 5040 pro
882 4972 1100 5035 ovibus,
1125 4970 1218 5040 qui
1252 4985 1474 5040 possum
1514 4987 1710 5028 curare
1745 4991 1964 5029 omnem
1999 4978 2254 5032 morbum
2278 4989 2333 5033 et

751 5082 970 5120 omnem
1006 5067 1439 5122 imbecillitatem
1458 5068 1673 5123 animae.
1694 5070 1805 5141 Ego
1834 5086 1953 5125 sum
1984 5074 2330 5130 immaculata

750 5164 891 5225 ovis,
921 5178 1041 5233 qua:
1072 5163 1243 5217 semei
1275 5164 1457 5218 oblata
1491 5174 1594 5225 est,
1630 5174 1685 5219 et
1705 5164 1798 5233 qui
1827 5165 2097 5220 accedunt
2128 5166 2195 5220 ad
2220 5184 2327 5232 me,

748 5268 847 5305 eos
890 5267 1111 5322 possum
1148 5268 1361 5308 curare.
1404 5254 1543 5310 Vera
1590 5256 1737 5309 enim
1784 5257 1989 5311 sanitas
2025 5272 2055 5311 a
2097 5258 2329 5313 Domino

748 5342 869 5395 solo
906 5339 1293 5410 proficiscitur.
1343 5343 1475 5399 Ecce
1516 5346 1687 5409 enim,
1749 5347 1948 5417 inquit,
1988 5348 2165 5419 Agnus
2208 5350 2325 5416 Dei,

748 5434 837 5503 qui
865 5431 1001 5487 tollit
1029 5442 1242 5504 peccata
1268 5436 1513 5489 mundi"
1541 5437 1769 5493 :anima:
1799 5440 2059 5495 nimirum
2093 5442 2323 5498 creden-

748 5521 820 5575 tis
855 5520 929 5579 ei.
966 5531 1022 5577 et
1054 5522 1333 5594 diligentis
1366 5541 1491 5579 eum
1526 5540 1593 5580 ex
1628 5534 1740 5583 toto
1769 5527 1953 5583 corde.

2363 4479 2414 4540 Ι)

2444 3244 2539 3296 καὶ
2578 3240 2946 3311 ἀγριωθεϊσαν
2980 3238 3087 3291 ἀπὸ
3116 3238 3215 3307 τῆς
3263 3236 3539 3308 ἀμαρτίας
3574 3232 3898 3304 μεταϐαλεῖν
3938 3235 4017 3295 εἰς

2440 3332 2537 3403 τὴν
2573 3329 2768 3385 ἑαυτοῦ
2803 3331 3133 3400 ἀγαθότητα,
3157 3330 3251 3382 καὶ
3276 3329 3643 3399 χρηστότητα,
3678 3327 3771 3379 καὶ
3791 3326 4019 3395 είρήνην

2438 3428 2519 3497 τῷ
2555 3425 2835 3496 Πνεύματι
2872 3425 2972 3495 τῆς
2999 3422 3336 3491 ἐπαγγελίας
3363 3420 3442 3490 τῷ
3476 3419 3617 3490 ἁγίῳ
3643 3418 3736 3471 καὶ
3765 3416 3980 3485 ἀγαθῷ.

2511 3519 2586 3572 I".
2623 3519 2719 3571 Ὃν
2744 3519 2852 3588 γὰρ
2897 3516 3101 3587 τρόπον
3149 3515 3357 3584 ποιμὴν
3402 3512 3461 3565 τὸ
3491 3510 3714 3581 ψωριῶν
3744 3508 4017 3579 πρόϐατον

2440 3608 2665 3662 δύναται
2691 3607 3052 3677 θεραπεῦσαι,
3081 3605 3175 3659 καὶ
3198 3604 3307 3658 ἀπὸ
3332 3603 3512 3655 λύκων
3539 3599 3772 3670 φυλάξαι
3798 3615 3810 3629 ·
3833 3597 4015 3651 ὡσαύ-

2440 3719 2546 3761 τως
2585 3704 2614 3753 ὁ
2654 3700 2907 3770 ἀληθινὸς
2938 3698 3141 3768 ποιμὴν
3172 3696 3408 3767 Χριστὸς
3462 3692 3655 3755 ἐλθὼν,
3687 3691 3847 3761 μόνος
3890 3690 3987 3759 ὴδυ

2442 3794 2577 3863 νήθη
2604 3790 2962 3863 θεραπεῦσαι,
2993 3790 3087 3844 καὶ
3132 3788 3459 3859 ἐπιπρέψαι
3506 3787 3567 3839 τδ
3610 3783 3889 3845 ἀπολωλὸς
3921 3782 4015 3835 καὶ

2440 3885 2663 3956 ψωριῶν
2704 3884 3000 3956 πρόϐατον,
3052 3881 3145 3935 τὸν
3203 3879 3512 3949 ἄνθρωπον,
3536 3876 3646 3931 ἀπὸ
3679 3876 3775 3943 τῆς
3826 3872 4015 3941 ψώρας

2439 3979 2535 4032 καὶ
2563 3979 2767 4049 λέπρας
2795 3976 2894 4045 τῆς
2940 3973 3238 4045 ἁμαρτίας.
3282 3972 3345 4024 Ui
3384 3971 3493 4039 γὰρ
3540 3968 3671 4038 πρὶν
3721 3967 3886 4035 ἱερεῖς
3921 3966 4016 4016 καὶ

2439 4067 2665 4122 Λευῖται
2698 4069 2791 4121 καὶ
2816 4065 3130 4120 διδάσκαλοι
3155 4064 3255 4116 ούκ
3282 4060 3631 4132 ὴδυνήθησαν
3677 4056 4013 4128 θεραπεῦσαι

2439 4162 2537 4232 τὴν
2562 4162 2741 4231 ψυχὴν
2770 4163 2891 4223 ταῖς
2923 4158 3264 4228 προσφοραῖς
3306 4153 3412 4207 τῶν
3450 4151 3636 4222 δώρων
3661 4152 3754 4203 καὶ
3784 4149 4009 4211 θυσιῶν,

2440 4256 2538 4309 καὶ
2570 4257 2889 4325 ραντισμοίς
2918 4252 3175 4322 αἵματος,
3215 4249 3414 4313 ὃπουγε
3445 4244 3567 4299 οὐδὲ
3591 4243 3789 4304 αὐτοὺς
3818 4242 4013 4311 ἠδυνή-

2439 4346 2612 4415 θησαν
2647 4345 2987 4416 θεραπεῦσαι
3012 4360 3026 4373 ·
3060 4342 3156 4395 καὶ
3189 4340 3299 4411 γάρ
3329 4338 3483 4391 αὐτοὶ
3517 4336 3799 4389 ἀσθένειαν
3856 4350 4012 4404 περι-

2438 4438 2667 4493 έκειντο.
2713 4436 3031 4491 Ἀδύνατον
3062 4435 3194 4503 γὰρ,
3250 4431 3433 4500 φησὶν,
3465 4424 3609 4498 αἷμα
3653 4427 3886 4495 ταύρων
3912 4423 4011 4477 καί

2438 4527 2671 4596 τράγων
2716 4525 2966 4594 ἀφελεῖν
3015 4524 3329 4592 ἁμαρτίαν.
3372 4522 3431 4573 '0
3478 4520 3535 4571 δὲ
3587 4514 3787 4587 Κύριος
3831 4515 4009 4581 ἔλεγε,

2436 4618 2648 4680 δεικνὺς
2684 4617 2783 4687 τὴν
2838 4615 3128 4668 ἀσθένειαν
3176 4613 3286 4666 τῶν
3340 4612 3463 4664 τότε
3504 4608 3728 4679 ἰατρῶν.
3766 4607 4012 4670 Πάντως

2437 4710 2622 4779 ἐρεῖτέ
2642 4727 2745 4778 μοι
2783 4708 2897 4775 τὴν
2930 4705 3283 4774 παραϐολὴν
3330 4705 3578 4768 ταύτην,
3611 4699 3811 4768 Ἰατρέ.
3842 4696 4010 4764 θερά-

2435 4818 2670 4857 πευσον
2690 4801 2950 4856 σεαυτόν
2982 4816 2996 4830 ο
3035 4799 3155 4850 ἀντὶ
3184 4796 3301 4858 τοῦ,
3325 4797 3447 4849 Οὐκ
3468 4793 3586 4862 ειμι
3614 4793 3727 4860 ἐγὼ
3748 4792 3828 4856 ὠς
3856 4791 4010 4844 ἐκεῖ·

2434 4912 2549 4958 rat,
2574 4897 2629 4946 οἰ
2643 4893 2795 4963 μήτε
2816 4890 3071 4955 ἑαυτοὺς
3091 4887 3413 4956 δυνάμενοι
3438 4883 3820 4952 θεραπεῦσαι.
3871 4881 4009 4947 Ἐγώ

2433 4986 2549 5053 εἰμι
2568 4986 2596 5037 ὁ
2631 4982 2884 5053 ἀληθινὸς
2916 4981 3118 5052 ίατρδς,
3150 4980 3244 5032 καὶ
3268 4977 3432 5039 καλὸς
3457 4974 3683 5044 ποιμὴν,
3716 4974 3745 5024 ὁ
3771 4972 3885 5033 θεὶς
3911 4972 4009 5041 τὴν

2432 5076 2611 5145 ψυχήν
2639 5092 2741 5145 μου
2783 5073 2922 5142 ὑπὲρ
2944 5072 3053 5124 τῶν
3101 5069 3408 5142 προϐάτων,
3451 5070 3480 5120 ὁ
3516 5067 3811 5135 δυνάμενος
3842 5062 4009 5131 θερα-

2436 5167 2624 5220 πεύειν
2684 5167 2865 5219 πᾶσαν
2899 5165 3077 5226 νόσον,
3134 5165 3225 5215 καὶ
3258 5165 3437 5215 πᾶσαν
3491 5158 3762 5230 μαλακίαν
3786 5156 3967 5226 ψυχῆς
3992 5171 4004 5183 '

2436 5256 2547 5327 ἐγώ
2574 5260 2691 5327 είμι
2728 5257 2789 5309 τὸ
2814 5256 3043 5326 ἄμωμον
3070 5254 3363 5324 πρόϐατον,
3382 5251 3443 5305 τὸ
3460 5248 3607 5313 ἀπαξ
3624 5246 4003 5318 προσενεχθὲν,

2432 5352 2526 5404 καὶ
2565 5352 2692 5413 τοὺς
2728 5350 2850 5420 ἐμοὶ
2888 5345 3364 5420 προσερχομένους
3403 5344 3699 5412 δυνάμενος
3730 5338 4005 5411 θεραπεῦ-

2433 5461 2544 5501 σαι.
2584 5442 2650 5495 Ἦ
2684 5444 2790 5512 γάρ
2825 5440 3054 5511 ἀληθινὴ
3100 5440 3243 5501 ῐασις
3290 5435 3389 5505 τῆς
3427 5434 3605 5505 ψυχῆς
3658 5431 3764 5485 ἀπὸ
3794 5429 4002 5500 Κυρίου

2434 5536 2595 5607 μόνου
2624 5534 2872 5603 γίνεται·
2931 5531 3085 5587 Ἰδοὺ
3135 5529 3263 5599 γάρ,
3319 5528 3503 5598 φησὶν,
3557 5528 3588 5579 ό
3637 5523 3850 5593 ’Δμνὸς
3897 5520 4001 5575 τοῦ

751 5614 901 5666 θεοῦ
950 5618 983 5669 ό
1032 5618 1216 5683 αἴρων
1266 5618 1381 5685 τὴν
1418 5623 1711 5688 ἁμαρτίαν
1769 5624 1878 5677 τοῦ
1938 5615 2197 5697 κόσμου,
2226 5632 2323 5702 τῆς
2360 5633 2537 5703 ψυχῆς
2605 5630 2848 5701 δηλονότι
2899 5629 3268 5696 πιστευσάσης
3305 5623 3475 5694 αὐτῷ,
3531 5623 3628 5675 atat
3696 5618 3999 5688 ἀγαπώσης

748 5712 907 5764 αὐτὸν
933 5711 993 5776 ἐξ
1017 5713 1142 5785 ὅλης
1167 5716 1413 5786 καρδίας.

842 5834 885 5865 ’³
914 5834 957 5890 Η
1003 5831 1189 5903 Conv,
1228 5838 1309 5892 l7.
1389 5840 1432 5871 ⁷⁸
1468 5839 1657 5896 iiatth.
1684 5858 1756 5901 xx.
1784 5844 1865 5899 l7.

1973 5849 2013 5879 ⁷³
2054 5845 2219 5902 ilcbr.
2255 5866 2302 5909 ε.
2353 5850 2373 5903 ί
2473 5850 2516 5881 ⁷⁸
2557 5848 2690 5903 Luc.
2720 5863 2791 5911 tv,
2822 5845 2906 5900 εδ.

2992 5844 3032 5875 ⁷⁷
3064 5844 3220 5899 Juan.
3260 5858 3293 5907 ι,
3332 5840 3395 5893 2‘.)
