4254 6358
223 402 334 469 781

1406 400 1766 461 ΗΟΜΙΕΙᾸΞ.
1794 426 1859 439 --
1880 402 2062 465 110M.
2091 405 2291 466 XLIV.

3369 398 3480 464 782

301 525 381 572 Δθ.
414 515 475 569 '0
500 516 712 585 ποιμὴν
751 514 931 567 ⁴τοίνυν
962 515 991 568 ὀ
1014 514 1176 578 καλὸς
1209 512 1516 583 τδ’ψωριῶν
1543 514 1815 585 πρόϐατον
1847 518 1891 572 Α

1796 531 1815 567 ν
1847 518 1891 572 Α
1991 516 2266 587 141w.
2317 515 2508 571 Pasmr
2548 530 2681 587 ergo
2738 515 2918 570 bonus
2960 515 3263 571 scabiosam
3316 529 3476 571 ovem

228 606 548 678 θεραπεύει.
578 605 857 677 Πρόϐατον
883 604 939 658 δὲ
966 603 1238 675 πρόϐατον
1261 603 1599 675 θεραπεῦσαι
1627 606 1690 658 οὺ
1719 604 1812 657 δύο

229 718 419 755 ναται.
454 700 566 753 Καὶ
600 698 650 751 εἰ
692 698 766 768 μὴ
798 696 1107 765 θεραπευθῇ
1137 696 1199 748 τὸ
1218 696 1433 762 λογικὸν
1454 695 1747 765 πρόϐατον,
1781 695 1810 747 δ

230 791 333 845 ἀνθ
344 807 544 860 ρωπος,
574 790 655 851 εἰς
690 787 1012 856 Ἐκκλησίαν
1029 787 1235 855 Κυρίου
1251 786 1350 855 τὴν
1375 786 1695 856 ἐπουράνιον
1712 786 1813 839 οὐκ

239 884 577 953 εἰσέρχεται.
616 880 802 944 Οῦτως
842 880 952 950 7&9
981 879 1072 931 καί
1117 880 1176 931 ὲν
1202 878 1281 947 τῷ
1302 878 1450 947 νόμῳ
1483 878 1700 949 εἴρηται
1724 879 1810 931 διὰ

242 975 405 1035 σκιᾶς
436 973 533 1026 καὶ
556 972 765 1034 εἰκόνος
790 986 804 1001 ο
845 970 973 1038 περὶ
1019 970 1129 1041 7&9
1165 967 1259 1021 τοῦ
1300 967 1527 1038 λεπροῦ,
1568 969 1660 1020 καὶ
1700 967 1811 1035 μῶ-

236 1081 342 1134 μον
374 1062 611 1132 ἔχοντος,
643 1060 818 1115 ταῦτα
860 1059 1160 1114 αἰνίσσεται
1196 1057 1400 1130 μηνύον
1446 1056 1510 1110 τὸ
1547 1054 1771 1124 Πνεῦμα
1794 1070 1809 1086 ο

242 1155 503 1221 Λεπρὸς.
535 1153 724 1223 φησιν.
753 1151 792 1218 ἣ
817 1149 1025 1220 μῶμον
1048 1150 1224 1217 ἔχων,
1251 1149 1365 1203 οὐκ
1404 1146 1813 1201 εἰσελεύσεται

235 1246 326 1310 εἰς
354 1243 725 1308 Ἐκκλησίαν
743 1241 988 1308 Κυρίου.
1004 1237 1164 1291 Ἀλλά
1199 1234 1501 1306 προσέταξε
1526 1234 1605 1306 τῷ
1626 1234 1812 1305 λεπρῷ

238 1332 587 1401 ἀπέρχεσθαι
625 1330 760 1398 πρὸς
786 1331 878 1382 τὸν
915 1328 1089 1398 ἰερέα,
1117 1326 1211 1379 καὶ
1253 1325 1595 1396 παρακλήσει
1644 1324 1812 1394 πολλῇ

239 1423 399 1489 ἄγειν
447 1421 611 1473 αὐτὸν
638 1420 718 1482 εἰς
759 1419 849 1471 τὸν
906 1412 1053 1469 οἰκον
1104 1416 1206 1485 τῆς
1249 1415 1458 1485 σκηνῆς
1501 1411 1689 1480 αὑτοῦ,
1721 1414 1817 1467 καὶ

239 1510 548 1567 ἐπιτιθέναι
605 1511 704 1573 τὰς
753 1511 943 1579 χεῖρας
980 1506 1145 1561 αὐτοῦ
1174 1507 1268 1559 ἐπὶ
1311 1506 1410 1577 τὴν
1452 1504 1682 1576 λέπραν,
1715 1521 1814 1574 ση-

245 1603 575 1672 μειούμενον
618 1602 710 1654 τὸν
751 1601 917 1653 τόπον
968 1601 1065 1669 τῆς
1097 1597 1244 1667 ἁφῆς
1296 1598 1398 1666 τῆς
1443 1596 1671 1667 λέπρας,
1722 1596 1816 1649 καὶ

241 1693 593 1764 θεραπεύειν.
634 1692 739 1745 Τὸν
772 1690 937 1745 αὐτὸν
980 1689 1183 1759 τρόπον
1213 1687 1310 1741 καὶ
1351 1687 1587 1755 Χριστὸς
1616 1689 1647 1740 ό
1679 1685 1814 1756 ἀλη-

244 1785 345 1854 θὴς
374 1784 663 1854 ἀρχιερεὺς
693 1781 803 1835 τῶν
854 1779 1157 1849 μελλόντων
1196 1776 1421 1848 ἀγαθῶν
1442 1779 1564 1842 ταῖς
1598 1776 1812 1847 λεπρῶ-

244 1892 367 1938 σαις
385 1874 583 1944 ψυχαῖς
604 1874 813 1942 λέπραν
831 1871 1107 1943 ἁμαρτίας
1122 1872 1627 1940 ἑπικαμπτόμενος,
1641 1868 1819 1940 εἰσέρ-
1847 1858 1890 1913 Β

242 1984 400 2035 χεται
430 1969 511 2027 εἰς
538 1966 637 2035 τὴν
667 1964 872 2033 σκηνὴν
893 1962 988 2016 τοῦ
1020 1961 1268 2031 σώματος
1291 1960 1493 2024 αὐτῶν,
1526 1961 1621 2013 καί⁵
1650 1960 1815 2030 θερα-

244 2056 406 2108 πεύει
436 2058 531 2110 καὶ
563 2057 709 2109 ἰᾶται
736 2055 805 2108 τὰ
838 2054 1007 2124 πάθη.
1065 2052 1176 2107 Καὶ
1226 2053 1400 2116 οὕτως
1445 2052 1730 2123 δυνήσεται
1786 2054 1816 2123 ἡ

243 2146 394 2216 ψυχὴ
430 2146 693 2199 εἰσελθεῖν
727 2148 806 2208 εἰς
855 2144 955 2216 τὴν
990 2144 1314 2215 ἐπουράνιον
1358 2143 1686 2215 Ἐκκλησίαν
1710 2142 1820 2196 τῶν

250 2238 424 2305 ἁγίων
457 2238 550 2291 τοῦ
608 2236 864 2306 ἀληθινοῦ
921 2236 1141 2306 Ἰσραήλ
1164 2252 1178 2267 ⁸
1215 2236 1368 2289 πᾶσα
1412 2235 1524 2305 γὰρ
1548 2234 1693 2306 ψυχὴ
1723 2250 1819 2301 φο·

254 2326 426 2397 ροῦσα
453 2326 658 2396 λέπραν
696 2325 967 2396 ἁμαρτίας
1005 2324 1215 2391 παθῶν,
1248 2326 1343 2378 καὶ¹
1390 2324 1465 2395 μὴ
1490 2323 1820 2395 προσελθοῦ-

249 2435 321 2471 σα
350 2417 427 2487 τῷ
456 2417 695 2488 ἀληθινῷ
728 2419 995 2489 ἀρχιερεῖ,
1026 2418 1120 2471 καὶ
1155 2415 1561 2487 θεραπευθεῖσα
1594 2417 1709 2480 νῦν,
1741 2417 1823 2477 εἰς

248 2509 351 2577 τὴν
398 2506 747 2578 παρεμϐολὴν
813 2507 922 2559 τῶν
960 2505 1150 2573 ἁγίων,
1202 2506 1284 2569 εἰς
1349 2505 1451 2575 τὴν
1499 2504 1822 2575 ἐπουράνιον

264 2600 592 2669 Ἐκκλησίαν
624 2600 724 2652 οὐκ
746 2601 1071 2669 εἰσέρχεται.
1114 2598 1377 2667 ’Ᾱμωμος
1415 2597 1526 2667 γάρ
1557 2592 1691 2649 οὖσα
1730 2594 1826 2648 καὶ

251 2688 495 2755 καθαρὰ,
531 2686 799 2763 ἀμώμους
829 2687 924 2739 καὶ
956 2685 1201 2756 καθαρὰς
1226 2684 1401 2755 ψυχὰς
1419 2684 1591 2754 ζητεῖ.
1622 2681 1825 2738 Μακά-

245 2795 371 2846 ριοι
414 2778 543 2845 γὰρ,
584 2778 772 2846 φησιν,
798 2780 854 2829 οἱ
887 2775 1131 2843 καθαροί
1156 2774 1229 2843 τῇ
1263 2773 1496 2843 καρδίᾳ,
1537 2773 1627 2827 ὅτι
1658 2775 1827 2829 αὺτοί

255 2869 365 2922 τὸν
396 2868 545 2922 Θεὸν
566 2868 841 2935 ὄψονται.

331 2962 409 3014 Ε’.
440 2962 532 3012 Δεῖ
573 2960 680 3031 γάρ
721 2960 820 3029 τὴν
862 2958 1038 3029 ψυχὴν
1071 2958 1168 3027 τὴν
1194 2958 1251 3012 ὲν
1279 2957 1509 3028 ἀληθείᾳ
1539 2957 1829 3011 πιστεύου-

258 3070 361 3106 σαν
410 3051 633 3122 Χριστῷ
657 3092 671 3117 ,
715 3051 1077 3121 μετατεθῆναι
1111 3050 1209 3103 καὶ
1251 3048 1551 3118 ἀλλαγῆναι
1581 3050 1690 3103 ἀπὸ
1732 3050 1832 3119 τῆς

1911 618 2087 661 curat.
2137 606 2267 663 Ovis
2308 617 2490 662 autem
2542 623 2697 662 ovem
2750 622 2947 661 curare
3002 607 3214 676 nequit.
3269 607 3339 661 Et
3373 604 3481 661 nisi

1912 709 2103 751 curata
2153 697 2322 751 fuerit
2376 698 2661 753 rationalis
2713 699 2852 761 ovis,
2927 698 3093 751 homo
3142 697 3375 759 scilicet,
3425 697 3482 751 in

1911 790 2209 845 Ecclesiam
2228 790 2443 844 Domini
2458 791 2738 845 caelestem
2757 804 2864 842 non
2885 788 3210 859 ingreditur.
3232 788 3311 841 Ad
3338 788 3483 841 hunc

1911 881 2059 938 enim
2085 881 2306 935 modum
2342 881 2396 934 in
2418 882 2537 950 lege
2574 894 2795 948 quoque
2827 878 3038 932 dictum
3057 889 3141 931 est
3163 878 3264 931 sub
3292 877 3480 931 umbra

1911 980 1968 1026 et
1993 972 2249 1041 imagine.
2278 972 2353 1025 De
2383 972 2599 1041 leproso
2628 970 2776 1024 enim
2800 978 2897 1023 aut
2939 968 3210 1023 maculam
3245 968 3484 1023 habente

1912 1063 2031 1117 hate
2062 1062 2295 1117 obscure
2321 1062 2552 1131 loquens
2578 1060 2850 1131 signiﬁcat
2881 1059 3121 1129 Spiritus
3147 1077 3159 1112 :
3200 1058 3478 1128 chrosux,

1914 1155 2113 1225 inquit,
2148 1163 2199 1208 et
2242 1152 2512 1208 maculam
2543 1154 2761 1217 habens,
2799 1168 2906 1205 non
2937 1152 3262 1220 ingredietur
3295 1152 3350 1204 in
3383 1151 3490 1204 Ec~

1914 1244 2128 1299 ciesiam
2156 1244 2367 1298 Domini
2388 1246 2451 1298 ⁷⁸.
2477 1244 2680 1299 Verum
2702 1244 2960 1314 praecepit
2983 1245 3222 1313 leproso.
3243 1251 3304 1296 ut
3329 1243 3489 1296 abeat

1914 1337 1981 1391 ad
2016 1336 2378 1399 sacerdotem,
2412 1344 2467 1389 et
2504 1335 2764 1404 precibus
2787 1334 2973 1388 multis
2994 1332 3229 1388 adducat
3274 1347 3402 1386 eum
3437 1332 3496 1386 in

1916 1424 2145 1479 domum
2200 1424 2539 1478 tabernaculi
2583 1423 2691 1487 sui,
2746 1432 2803 1477 et.
2842 1422 3086 1492 imponat
3134 1437 3330 1476 manus
3364 1437 3495 1477 suas

1916 1531 2084 1585 super
2116 1515 2347 1584 lepram,
2365 1514 2547 1569 locum
2572 1514 2834 1568 nimirum
2857 1524 3103 1569 notatum
3126 1522 3275 1567 tactu
3302 1512 3468 1579 lepra:

1915 1614 1971 1661 et
2003 1614 2179 1661 curet.
2198 1605 2402 1660 Eodem
2422 1619 2642 1674 quoque
2664 1604 2825 1658 modo
2844 1602 3122 1665 Christus,
3152 1618 3317 1657 verus
3342 1602 3490 1655 Pon-

1920 1697 2049 1751 tifex
2081 1697 2390 1752 futurorum
2416 1696 2708 1760 bonorum,
2730 1704 2797 1749 au
2820 1696 3066 1764 leprosas
3088 1693 3318 1756 animas,
3340 1692 3491 1761 lepra

1917 1790 2125 1860 peccati
2139 1790 2451 1844 laborantes
2463 1789 2750 1853 inclinans,
2766 1786 3071 1857 ingreditur
3088 1784 3498 1839 tabernaculum

1918 1879 2101 1934 cordis
2156 1879 2392 1943 illarum,
2440 1887 2498 1934 et
2546 1887 2797 1932 curatae
2831 1888 2987 1931 sanat
3033 1875 3367 1930 atl‘ectiones.
3400 1873 3500 1927 At-

1919 1986 2026 2041 que
2060 1971 2166 2025 boc
2196 1979 2355 2039 pacto
2385 1970 2589 2038 poterit
2619 1970 2800 2023 anima
2859 1967 3071 2037 ingredi
3120 1967 3175 2020 in
3216 1966 3500 2021 cmlestem

1920 2063 2219 2119 Ecclesiam
2243 2071 2558 2117 sanctorum
2584 2061 2697 2115 veri
2727 2061 2960 2115 lsraelis.
2981 2060 3331 2129 Quaecunque
3353 2056 3500 2112 enim

1920 2156 2123 2219 anima,
2157 2155 2413 2209 laborans
2438 2155 2590 2223 lepra
2620 2152 2971 2207 atl'ectionnm
3004 2151 3237 2221 peccati,
3263 2164 3370 2203 non
3406 2163 3501 2203 ac-

1922 2246 2151 2302 cesserit
2179 2245 2244 2299 ad
2279 2259 2467 2299 verum
2510 2244 2856 2306 Pontiﬁccm,
2879 2252 2933 2297 et
2964 2257 3110 2296 nunc
3158 2250 3351 2295 curata
3384 2240 3503 2294 fuc-

1924 2340 2018 2405 rit,
2042 2340 2096 2393 in
2116 2339 2363 2393 ordinem
2387 2346 2723 2395 sanctorum.
2781 2336 2835 2389 in
2888 2335 3167 2390 caelestem
3195 2333 3497 2389 Ecclesiam

1924 2446 2036 2485 non
2072 2428 2408 2500 ingreditur.
2435 2427 2793 2481 Immaculata
2821 2426 2968 2479 enim
2990 2439 3113 2479 cum
3147 2423 3219 2479 sit
3256 2434 3311 2476 et
3342 2438 3499 2492 pura,

1927 2521 2388 2576 incontaminatas
2437 2528 2493 2574 et
2543 2532 2710 2588 puras
2776 2516 2972 2586 quierit
3043 2514 3272 2569 animas.
3350 2514 3506 2567 Beati

1927 2614 2091 2676 enim,
2122 2611 2321 2682 inquit,
2354 2610 2535 2665 mundi
2564 2610 2736 2674 corde,
2766 2610 3018 2679 quoniam
3042 2607 3143 2677 ipsi
3164 2606 3331 2660 Deum
3354 2605 3498 2659 vide-

1930 2706 2057 2760 bunt
2080 2706 2146 2760 "’.

2008 2967 2068 3023 γ.
2098 2966 2325 3037 Oportet
2346 2966 2494 3020 enim
2519 2964 2757 3018 animam
2814 2979 2936 3032 qua:
2968 2979 3095 3019 vere
3128 2963 3347 3019 Christo
3390 2977 3511 3017 crc-

1934 3059 2035 3122 dit,
2054 3057 2341 3113 transferri
2358 3072 2421 3112 ac
2436 3058 2639 3111 mutari
2663 3056 2731 3109 ab
2757 3056 2862 3111 hoc
2891 3071 3060 3124 pravo
3078 3064 3223 3108 statu
3267 3056 3321 3109 in
3341 3056 3508 3107 aiiunt

258 3143 357 3197 νῦν
395 3144 639 3213 πονηρᾶς
690 3142 1094 3204 καταστάσεως,
1155 3142 1235 3204 εἰς
1269 3140 1463 3211 ἑτέραν
1498 3140 1832 3194 κατάστασιν
1860 3183 1904 3242 c

1830 3158 1832 3181 '
1860 3183 1904 3242 ο
1938 3158 2137 3207 statum
2166 3150 2393 3214 bonum,
2416 3158 2472 3203 et
2514 3148 2583 3201 ab
2639 3147 2743 3201 hac
2772 3146 2968 3200 humili
2996 3154 3215 3210 natura,
3270 3145 3325 3199 in
3371 3146 3510 3199 alte-

259 3235 496 3302 ἀγαθὴν,
533 3235 628 3287 καὶ
658 3233 766 3285 ἀπὸ
789 3233 886 3301 τῆς
912 3231 1008 3285 νῦν
1052 3230 1267 3298 φύσεως
1304 3231 1588 3301 ταπεινῆς,
1618 3233 1695 3291 εἰς
1722 3230 1837 3282 ἐτέ-

264 3346 367 3397 ραν
422 3325 571 3379 θείαν
619 3325 807 3395 φύσιν,
859 3324 957 3377 καὶ
989 3325 1183 3394 καινὴν
1218 3324 1387 3391 αὐτὴν
1419 3323 1837 3393 ἀπεργασθῆναι

262 3420 355 3471 διὰ
394 3417 495 3485 τῆς
519 3417 800 3485 δυνάμεως
826 3416 921 3469 τοῦ
958 3417 1115 3483 ἁγίου
1146 3414 1483 3483 Πνεύματος.
1518 3416 1627 3468 Καὶ
1668 3414 1840 3477 οὕτως

264 3508 491 3561 δύναται
523 3507 893 3577 χρησιμεῦσαι
929 3509 1009 3568 εἰς
1043 3507 1141 3576 τὴν
1186 3505 1509 3575 ἐπουράνιον
1542 3506 1837 3575 βασιλείαν.

266 3600 464 3667 Τυχεῖν
485 3599 539 3651 δὲ
566 3597 768 3651 τούτων
793 3600 922 3667 ἡμῖν
952 3597 1105 3650 ἔσται
1129 3596 1466 3661 πιστεύουσι,
1502 3598 1596 3649 καὶ
1619 3598 1845 3666 ἀγαπῶ·
1880 3586 1883 3587 ν

270 3708 359 3746 σιν
418 3690 580 3745 αὑτὸν
632 3691 691 3743 ὲν
721 3689 972 3760 ἀληθείᾳ,
1020 3690 1114 3742 καὶ
1154 3690 1212 3741 ὲν
1245 3689 1452 3752 πάσαις
1484 3690 1607 3750 ταῖς
1660 3688 1843 3756 ἀγίαις

270 3786 440 3840 αὑτοῦ
500 3784 743 3847 ὲντολαῖς
802 3782 1327 3851 ἀναστρεφομένοις.
1360 3782 1424 3835 Εἰ
1450 3780 1561 3851 γάρ
1609 3782 1702 3832 ἐπὶ
1748 3778 1841 3833 τοῦ

284 3878 593 3931 Ἐλισσαίου
645 3876 707 3929 τὸ
760 3874 922 3943 φύσει
975 3872 1175 3940 κοῦφον
1230 3870 1387 3935 ξύλον
1427 3872 1485 3923 ὲν
1532 3871 1645 3931 τοῖς
1690 3868 1846 3921 ὕδασι

275 3968 474 4039 βληθὲν
523 3969 791 4036 ἀνήνεγκε
843 3964 904 4017 τὸ
963 3963 1123 4033 φύσει
1176 3962 1312 4033 βαρὺ
1373 3961 1634 4031 σιδήριον,
1696 3960 1848 4029 πόσῳ

278 4062 481 4132 μᾶλλον
515 4058 748 4112 ἐνταῦθα
795 4054 1085 4110 ἀποστελεῖ
1112 4056 1140 4107 ό
1173 4054 1377 4124 Κύριος
1409 4053 1471 4105 τὸ
1499 4052 1721 4121 κοῦφον,
1755 4053 1850 4104 καί

275 4153 535 4222 ἐλαφρὸν,
567 4152 658 4204 καὶ
677 4149 900 4217 ἀγαθὸν,
928 4148 1021 4201 καὶ
1046 4146 1366 4216 ἐπουράνιον
1400 4145 1567 4198 αὐτοῦ
1602 4143 1847 4214 Πνεῦμα,

276 4246 372 4297 καὶ
401 4244 469 4295 δι’
495 4240 660 4295 αὐτοῦ
693 4240 794 4310 τὴν
831 4238 1232 4311 βεϐυθισμένην
1280 4240 1392 4300 τοῖς
1432 4236 1587 4288 ὕδασι
1626 4235 1723 4304 τῆς
1754 4252 1850 4287 πο-

276 4337 473 4406 νηρίας
498 4333 677 4403 ψυχὴν
709 4332 1014 4399 ἁνενεγκεῖ,
1052 4330 1145 4382 καὶ
1179 4327 1454 4396 κουφίσει,
1492 4327 1590 4381 καὶ
1638 4324 1853 4397 πτερώ-

279 4446 361 4483 σει
392 4426 528 4496 πρὺς
554 4424 625 4477 τά
664 4422 773 4491 ῦψη
818 4421 926 4473 τῶν
971 4420 1239 4488 οὐρανῶν,
1289 4419 1383 4471 καὶ
1413 4416 1713 4487 μεταϐαλεῖ
1758 4416 1851 4470 καὶ

278 4518 499 4581 ἀλλάξει
531 4514 701 4584 αὐτὴν
732 4516 795 4566 ὲκ
827 4512 928 4580 τῆς
954 4512 1092 4574 ἰδίας
1122 4510 1335 4577 φύσεως
1360 4512 1373 4564 ί

351 4612 445 4676 CT.
478 4608 587 4660 Kal.
619 4605 807 4674 ῶσπερ
834 4605 893 4657 ὲν
925 4605 1036 4665 τοῖς
1066 4601 1413 4671 φαινομένοις
1434 4602 1609 4667 οὐδεὶς
1637 4604 1856 4656 δύναται

279 4704 347 4756 δι’
378 4699 573 4754 ἑαυτοῦ
601 4701 839 4767 περᾶσαι
874 4695 969 4748 καί
1002 4693 1229 4747 διελθεῖν
1252 4694 1351 4763 τὴν
1381 4692 1680 4761 θάλασσαν,
1704 4697 1751 4747 εἰ
1778 4695 1856 4765 μὴ

282 4793 477 4865 ἔχειτὺ
516 4790 719 4860 κοῦφον
747 4790 842 4844 καὶ
870 4787 1106 4858 ἐλαφρὸν
1132 4786 1339 4851 πλοῖον,
1374 4785 1435 4839 τὸ
1465 4786 1529 4839 ἐκ
1563 4786 1722 4850 ξύλου
1753 4803 1858 4839 κα-

283 4886 678 4949 τασκευασθὲν,
711 4884 770 4935 τὸ
820 4882 982 4952 μόνον
1014 4880 1199 4933 ἐπάνω
1238 4879 1345 4932 τῶν
1379 4879 1586 4933 ὑδάτων
1623 4897 1859 4950 περιπα-

284 4985 397 5035 τεῖν
423 4980 753 5048 δυνάμενονο
788 4972 1240 5035 καταποντίζεται
1269 4972 1375 5040 7&9
1405 4973 1498 5023 καὶ
1534 4972 1853 5032 ἀπόλλυται,

286 5076 351 5129 ἂν
375 5071 630 5140 ἐπιϐαίνῃ
661 5085 742 5130 τις
789 5067 847 5119 ὲν
886 5068 950 5135 τῇ
996 5064 1274 5135 θαλάσσῃο
1312 5063 1405 5115 τὸν
1438 5063 1602 5116 αὑτὸν
1655 5063 1859 5132 τρόπον

286 5165 545 5220 ἀδύνατον
586 5159 764 5230 ψυχὴν
796 5158 863 5211 δι’
904 5158 1104 5225 ἑαυτῆς
1151 5155 1379 5209 διελθεῖν
1409 5156 1502 5208 καί
1530 5155 1858 5225 ὑπερϐῆναι,

286 5260 383 5313 καὶ
411 5254 741 5326 διαπεράσαι
763 5250 859 5322 τὴν
894 5250 1099 5321 πικράν
1122 5247 1399 5302 θάλασσαν
1444 5248 1543 5316 τῆς
1568 5247 1860 5316 ἁμαρτίας,

286 5351 382 5405 καὶ
412 5348 509 5419 τὴν
548 5344 792 5417 χαλεπὴν
836 5342 1072 5397 ἄϐυσσον
1114 5340 1225 5395 τῶν
1277 5342 1530 5411 πονηρῶν
1578 5340 1861 5410 δυνάμεων

286 5443 381 5495 τοῦ
414 5444 638 5505 σκότους
669 5442 778 5495 τῶν
800 5441 1011 5505 παθῶν,
1053 5441 1101 5492 εἰ
1130 5440 1204 5511 μὴ
1226 5440 1286 5492 τὸ
1318 5440 1550 5509 ἐλαφρὸν
1584 5439 1675 5489 καὶ
1705 5440 1863 5491 ἐπου-

291 5535 475 5603 ράνιον
519 5533 614 5587 καὶ
653 5532 916 5603 εὔπτερον
948 5532 1041 5585 τοῦ
1091 5530 1326 5602 Χριστοῦ
1361 5529 1585 5599 Πνεῦμα
1632 5529 1859 5594 δέξεται,

289 5628 477 5681 ὶπάνω
505 5625 603 5695 τῆς
633 5625 896 5697 πονηρίας
943 5626 1069 5695 ὅλης
1104 5624 1443 5695 περιπατοῦν
1470 5624 1563 5677 καὶ
1597 5622 1855 5690 διοδεῦον,

364 5803 409 5835 ’⁸
438 5803 571 5860 Lev.
606 5819 716 5873 XXI,
756 5802 836 5858 l8.
914 5804 959 5835 τ’
998 5802 1188 5858 Matth.
1221 5819 1267 5865 γ,
1294 5800 1343 5854 8.
1424 5802 1467 5833 ⁸ο
1500 5801 1565 5856 ιγ
1596 5802 1725 5873 Iieg.
1763 5818 1835 5865 τι,

1941 3257 2056 3295 ram
2082 3242 2325 3295 divinam
2357 3247 2631 3299 naturam,
2658 3252 2891 3307 eamque
2926 3251 3121 3291 novam
3143 3237 3281 3291 ellici
3308 3237 3510 3290 virtute

1941 3333 2181 3402 Spiritus
2218 3331 2428 3396 sancti;
2454 3339 2510 3385 et
2539 3330 2641 3383 hac
2673 3329 2885 3383 ratione
2917 3328 3121 3397 poterit
3147 3327 3343 3383 idonea
3390 3343 3514 3382 esse

1942 3423 2009 3477 ad
2033 3423 2255 3477 caeleste
2290 3438 2536 3491 regnum.
2577 3420 2850 3489 Consequi
2888 3428 3070 3474 autem
3115 3419 3230 3474 haec
3262 3428 3513 3474 nostrum

1942 3523 2047 3578 est,
2079 3514 2172 3583 qui
2198 3514 2473 3567 credimus
2522 3519 2579 3566 et
2623 3526 2753 3565 vere
2797 3510 3080 3579 diligimus
3126 3510 3302 3573 illum,
3351 3520 3409 3565 et
3458 3511 3515 3565 in

1944 3609 2202 3663 omnibus
2216 3607 2420 3660 sanctis
2440 3604 2711 3658 mandatis
2724 3604 2844 3672 ejus
2861 3618 3273 3657 conversamur.
3294 3602 3349 3658 Si
3368 3604 3518 3658 enim

1947 3709 2195 3768 tempore
2232 3697 2435 3762 Elisazi,
2472 3696 2700 3766 lignum,
2733 3693 2880 3764 quod
2939 3702 3133 3749 natura
3166 3694 3283 3749 leve
3327 3704 3431 3759 est,
3461 3695 3519 3749 in

1950 3807 2149 3862 aquam
2178 3790 2490 3860 conjectum
2519 3786 2587 3850 “,
2615 3786 2812 3841 extulit
2854 3786 3083 3851 ferrum,
3125 3787 3272 3857 quod
3319 3797 3520 3847 natura

1949 3900 2111 3956 grave
2132 3892 2215 3938 est
2238 3901 2250 3936 :
2279 3893 2485 3951 quanto
2510 3881 2682 3949 magis
2710 3880 3011 3933 mittethue
3032 3880 3296 3934 Dominus
3318 3880 3519 3945 levem,

1950 3977 2229 4037 subtilem,
2256 3975 2462 4029 bonum
2488 3982 2544 4027 et
2569 3973 2847 4027 caelestem
2866 3987 3027 4027 suum
3057 3972 3347 4042 Spiritum,
3373 3974 3523 4041 ejus.

1951 4083 2058 4137 que
2085 4081 2187 4135 ope
2212 4064 2553 4118 submersam
2574 4063 3007 4131 aquisnequitia:
3023 4064 3263 4117 animam
3276 4063 3522 4127 extollet,

1951 4166 2006 4213 et
2068 4154 2305 4210 elevabit
2350 4162 2512 4222 atque
2552 4152 2770 4206 evolare
2804 4151 2965 4207 faciet
3003 4152 3071 4207 ad
3102 4153 3358 4207 sublimia
3412 4166 3523 4207 cte-

1952 4250 2150 4310 lorum,
2184 4261 2247 4301 ac
2294 4244 2681 4301 transmutabit
2724 4253 2781 4299 et
2806 4253 3093 4302 convertet
3119 4260 3240 4300 eam
3270 4260 3299 4298 a
3328 4250 3527 4298 natura

1955 4355 2052 4393 sua
2074 4340 2085 4391 ἰ

2028 4612 2118 4667 Vl.
2144 4611 2210 4666 Et
2243 4608 2707 4680 quemadmodum
2744 4608 2798 4661 in
2834 4606 2999 4662 rebus
3028 4606 3341 4676 conSpicuis
3368 4624 3532 4661 netno

1957 4711 2137 4773 potest
2158 4717 2255 4772 per
2277 4700 2588 4755 setransire
2618 4709 2673 4754 et
2710 4699 2966 4768 trajicere
3000 4713 3170 4762 mare,
3199 4698 3302 4752 nisi
3335 4700 3534 4751 habeat

1956 4796 2132 4850 levem
2159 4801 2214 4847 et
2241 4801 2462 4847 tenuem
2499 4790 2831 4852 naviculam,
2863 4804 2928 4842 ex
2962 4788 3111 4858 ligno
3134 4797 3530 4848 constructam.

1959 4902 2079 4957 quae
2108 4887 2223 4941 sola
2253 4901 2417 4954 super
2442 4898 2613 4952 aquas
2638 4883 2893 4937 incedere
2928 4890 3143 4951 potest;
3194 4881 3533 4950 demergitur

1963 4980 2111 5035 enim
2135 4986 2190 5031 et
2220 4977 2425 5040 interit,
2457 4976 2503 5029 si
2532 4975 2775 5029 ambulet
2829 4974 2951 5042 quis
3004 4973 3058 5027 in
3117 4974 3291 5026 mari:
3339 4972 3534 5027 eodem

1966 5073 2127 5127 modo
2158 5071 2349 5140 nequit
2376 5070 2558 5124 anima
2583 5083 2681 5138 per
2713 5083 2770 5122 se
2804 5067 2972 5135 ipsam
2994 5066 3248 5129 transire,
3275 5080 3537 5134 superare

1968 5174 2064 5221 aut
2099 5165 2352 5234 trajicere
2386 5162 2645 5216 acerbum
2677 5174 2827 5213 mare
2866 5159 3097 5229 peccati,
3152 5165 3210 5211 et
3259 5155 3535 5210 dilliciletn

1969 5259 2224 5330 abyssum
2246 5269 2537 5326 pravorum
2567 5252 2863 5322 spirituum
2892 5250 3142 5319 caliginis
3160 5248 3535 5310 aﬂectionum,

1969 5351 2076 5404 nisi
2120 5348 2399 5410 subtilem,
2438 5346 2715 5400 caelestem
2760 5354 2815 5397 et
2856 5341 3135 5395 volatilem
3178 5339 3382 5395 Christi
3417 5338 3539 5407 Spi-

1966 5443 2133 5497 ritum
2160 5450 2483 5508 suscepent,
2525 5451 2691 5504 super
2720 5438 2937 5488 omnem
2980 5428 3283 5499 nequitiam
3344 5428 3539 5482 ambu-

1965 5537 2168 5592 lantem
2227 5541 2283 5587 et
2338 5531 2703 5593 incedentum,
2748 5540 2906 5595 cupis
2955 5539 3079 5594 cpe,
3115 5521 3342 5585 auxilio,
3388 5528 3539 5575 recto

1965 5635 2019 5679 et
2050 5624 2230 5679 minus
2253 5636 2487 5677 erronco
2505 5633 2667 5673 cursu
2689 5616 2755 5671 ad
2775 5615 3055 5671 cuslcstem
3077 5620 3297 5683 portum
3313 5610 3537 5683 quietis,
