4254 6358
823 388 931 452 783

2067 394 2125 451 S.
2168 392 2482 453 MACARlI
2523 392 2842 451 AiGYi’TlI

3945 389 4068 458 ’188

823 504 896 559 ad
927 502 1207 561 civitatem
1241 501 1391 573 regni
1421 505 1624 572 poterit
1661 502 1969 572 pervenire.
2018 502 2383 569 Quemadmo-
2407 508 2461 567 Α
2482 505 2508 557 δ

2407 508 2461 567 Α
2482 505 2553 557 δι’
2574 498 2638 557 οῦ
2662 503 3009 573 εὐθυδρόμως
3037 501 3133 555 καὶ
3163 499 3341 571 ὀρθῶς
3373 501 3457 565 είς
3488 502 3580 555 τὸν
3612 501 3947 575 ἐπουράνιον
3973 506 4066 561 λι-

821 595 955 651 dum
982 603 1163 649 autem
1186 594 1281 662 qui
1305 602 1434 648 sunt
1462 593 1519 648 in
1546 594 1695 658 navi,
1740 609 1773 649 e
1816 592 1954 649 mari
1983 608 2090 647 non
2123 594 2385 649 hauriunt

820 700 923 739 nec
946 684 1165 742 bibunt.
1189 698 1291 737 ncc
1330 700 1399 737 ex
1425 698 1493 737 eo
1518 683 1843 738 vestimenta
1895 692 1989 737 aut
2032 684 2238 737 victum
2287 698 2381 737 ac-

819 775 1056 845 cipiunt,
1085 774 1180 829 sed
1202 774 1424 828 aliunde
1446 773 1501 827 in
1531 788 1723 829 navem
1759 775 2086 842 important:
2136 774 2218 828 sic
2238 788 2379 842 quo-

817 881 924 934 que
944 866 1140 918 animae
1161 863 1601 919 Christianorum
1629 880 1737 917 non
1770 880 1836 918 ex
1873 865 1976 917 hoc
2006 865 2224 927 saeculo,
2283 864 2378 917 sed

816 954 1133 1023 supernitus
1161 970 1192 1008 e
1237 954 1377 1007 cmlo
1415 953 1599 1008 cibum
1635 954 1911 1007 caelestem
1954 964 2011 1009 et
2063 954 2378 1009 indumenta

816 1044 1120 1113 spiritualia
1150 1044 1463 1113 accipiunt:
1494 1054 1659 1114 atque
1684 1045 1808 1099 inde
1836 1046 2083 1099 viventes
2104 1085 2119 1108 ,
2167 1046 2221 1099 in
2254 1045 2377 1098 navi

817 1138 946 1191 boni
960 1147 1016 1193 et
1031 1138 1234 1193 viviﬁci
1256 1139 1494 1208 Spiritus
1512 1139 1813 1203 ambulant,
1829 1147 1884 1193 et
1904 1138 2379 1208 transgrediuntur

814 1230 1158 1285 adversarias
1181 1231 1490 1300 principum
1512 1242 1566 1285 et
1582 1238 1909 1299 potestatum
1939 1245 2134 1299 pravas
2154 1229 2378 1284 faculta-

816 1333 917 1376 tes.
940 1324 1008 1376 Et
1032 1322 1493 1391 quemadmodum
1518 1338 1585 1376 et
1609 1322 1768 1377 unica
1799 1332 1995 1377 natura
2028 1322 2161 1391 ligni
2185 1337 2377 1376 omnes

813 1428 982 1468 naves
1002 1422 1413 1476 construuntur,
1427 1428 1659 1482 quarum
1676 1412 1941 1467 beneﬁcio
1962 1413 2214 1466 homines
2229 1427 2376 1465 ama-

819 1520 941 1557 rum
964 1514 1191 1571 possunt
1221 1512 1553 1558 transmeare
1577 1518 1727 1556 mare
1753 1520 1765 1554 :
1803 1502 1881 1555 sic
1901 1517 1967 1554 ex
1992 1501 2152 1554 unica
2174 1500 2375 1553 divini-

814 1601 924 1645 tate
949 1592 1090 1647 lucis
1110 1592 1349 1646 caelestis
1363 1590 1703 1646 diversorum
1727 1591 1911 1660 gratia:
1930 1589 2198 1643 donorum
2213 1588 2375 1643 unius

815 1681 973 1754 142
1013 1681 1272 1751 Spiritus,
1296 1696 1486 1736 omnes
1504 1679 1937 1735 Christianorum
1966 1676 2162 1731 anima:
2183 1691 2373 1732 corro-

808 1770 1018 1826 borata
1053 1772 1364 1825 universam
1387 1785 1547 1840 super
1558 1771 1745 1825 volant
1769 1768 2094 1837 nequitiam.

2486 596 2622 665 μένα
2654 596 2751 663 τῆς
2783 592 3161 658 ἀναπαύσεως,
3201 594 3282 655 είς
3311 593 3412 663 τήν
3442 593 3599 647 πόλιν
3621 594 3721 664 τῆς
3765 595 4067 664 βασιλείας

2480 686 2764 750 δυνήσεται
2822 682 3176 750 καταντῆσαι.
3213 682 3425 752 Ὠσπερ
3485 682 3543 736 δέ
3576 684 3625 735 oi
3671 684 3731 736 ἐν
3759 684 3839 754 τῷ
3870 687 4065 755 πλοίῳ

2479 776 2546 827 ἐκ
2570 774 2669 843 τῆς
2701 773 2979 843 θαλάσσης
3006 772 3105 825 οὐκ
3126 772 3383 837 ἀρύονται
3402 774 3496 825 καὶ
3523 774 3790 841 πίνουσιν,
3824 774 3962 829 οὔτε
3997 776 4063 843 ἐξ

2480 865 2649 932 αὐτῆς
2690 864 2761 916 τά
2804 864 3075 932 ἐνδύματα
3110 864 3205 917 καὶ
3258 863 3356 926 τάς
3412 864 3623 934 τροφὰς
3652 865 3891 934 ἔχουσιν.
3924 867 4062 921 ἀλλ’

2479 954 2676 1018 ἔξωθεν
2709 956 2769 1007 ἐν
2792 954 2868 1023 τῷ
2916 954 3085 1022 πλοίῳ
3110 953 3519 1023 ἐπικομίζονται
3543 970 3559 985 ο
3582 954 3757 1018 οὕτως
3780 957 3837 1009 αί
3866 956 4065 1027 ψυχαὶ

2478 1043 2586 1097 τῶν
2616 1042 2979 1113 Χριστιανῶν,
3030 1043 3130 1095 οὐκ
3176 1044 3241 1096 ἐκ
3278 1042 3371 1096 τοῦ
3439 1044 3638 1108 αίῶνος
3676 1044 3892 1111 τούτου,
3922 1047 4057 1102 ἀλλ’

2476 1133 2684 1187 ἀνωθεν
2718 1134 2780 1199 ἐξ
2838 1132 3070 1203 ούρανοῦ
3096 1133 3302 1204 τροφὴν
3342 1134 3591 1204 οὐράνιον
3644 1136 3741 1189 καὶ
3766 1136 4059 1206 ἐνδύματα

2478 1225 2823 1294 πνευματικά
2854 1225 3210 1294 λαμϐάνουσι,
3254 1226 3509 1280 κάκεῖθεν
3533 1226 3706 1291 ζῶσαι
3742 1229 3800 1280 ἐν
3845 1231 3911 1297 τῇ
3953 1228 4056 1299 νηῒ

2474 1314 2571 1368 τοῦ
2632 1314 2838 1383 ἀγαθοῦ
2903 1316 3000 1369 καὶ
3056 1317 3321 1380 ζωοποιοῦ
3392 1318 3709 1388 Πνεύματος
3770 1319 4052 1388 ἐμϐᾶσαι,

2475 1404 2845 1473 παρέρχονται
2896 1406 2997 1467 τάς
3017 1406 3261 1469 ἐναντίας
3297 1406 3407 1459 τῶν
3440 1409 3626 1479 ἀρχῶν
3647 1411 3742 1460 καὶ
3773 1409 4052 1473 ἐξουσιῶν

2476 1497 2720 1565 πονηρὰς
2742 1497 3025 1565 δυνάμεις.
3044 1497 3154 1549 Καὶ
3180 1498 3367 1567 ῶσπερ
3394 1500 3459 1551 ἐκ
3483 1502 3614 1568 μιᾶς
3638 1501 3855 1566 φύσεως
3873 1499 4047 1564 ξύλου

2472 1587 2654 1640 πάντα
2686 1587 2757 1638 τά
2786 1586 2947 1640 πλοῖα
2972 1587 3491 1655 κατασκευάζονται,
3532 1590 3603 1641 δι’
3633 1584 3709 1645 ὧν
3737 1590 4047 1661 παρελθεῖν

2472 1679 2523 1729 oi
2576 1678 2850 1747 ἀνθρωττοι
2903 1677 3005 1747 τήν
3060 1681 3264 1747 πικρὰν
3326 1678 3644 1749 δυνήσονται
3717 1681 4008 1735 θάλασσαν
4029 1704 4043 1710 -

2475 1767 2646 1830 οὕτως
2671 1768 2737 1819 ἐκ
2764 1768 2893 1836 μιᾶς
2933 1766 3186 1837 θεότητος
3213 1769 3389 1837 φωτὸς
3408 1770 3664 1839 οὐρανίου
3689 1772 3797 1826 τῶν
3840 1772 4043 1839 διαφόο

812 1882 922 1931 ρων
958 1861 1319 1931 χαρισμάτων
1361 1861 1456 1916 τοῦ
1513 1862 1631 1925 ἐνὸς
1678 1860 2017 1929 Πνεύματος,
2069 1861 2240 1914 πᾶσαι
2302 1856 2411 1911 τῶν
2448 1858 2789 1927 Χριστιανῶν
2844 1860 2904 1913 al
2936 1858 3109 1930 ψυχαὶ
3149 1859 3551 1932 δυναμούμεναι
3575 1863 3675 1932 τὴν
3698 1863 3829 1931 δλην
3876 1880 4044 1935 περι-

811 1956 1063 2007 ίπτανται
1100 1952 1363 2022 πονηρίαν
1376 1992 1391 2007 .

877 2045 993 2100 Ἧι.
1030 2045 1232 2100 Verum
1262 2060 1387 2100 cum
1433 2045 1589 2099 navis
1614 2052 1671 2099 et
1712 2042 2076 2115 gubernatore
2109 2042 2370 2113 indigeat,
2398 2061 2446 2120 B

2398 2061 2446 2120 B
2549 2043 2625 2097 Z'.
2677 2041 2830 2095 Ἐπεὶ
2883 2040 2943 2094 δέ
2979 2042 3042 2094 τὸ
3076 2042 3261 2095 πλοῖον
3293 2041 3389 2096 καὶ
3429 2043 3767 2115 κυϐερνήτου
3791 2045 3992 2115 χρῄζει
4020 2086 4039 2112 ,

808 2146 866 2189 et
890 2143 1191 2205 temperato
1220 2143 1277 2189 et
1298 2150 1514 2190 amoeno
1537 2146 1722 2201 vento,
1758 2136 1826 2191 ad
1848 2135 2082 2191 feliciter
2112 2136 2373 2204 navigan-

808 2228 974 2291 dum;
1004 2228 1123 2282 haec
1144 2227 1331 2281 omnia
1354 2234 1439 2281 est
1476 2226 1590 2296 ipse
1619 2226 1883 2281 Dominus
1904 2226 1958 2280 in
2002 2225 2183 2280 anima
2224 2224 2371 2280 ﬁdeli

807 2319 1032 2387 degens,
1066 2326 1123 2372 et
1152 2317 1397 2387 perferre
1429 2331 1549 2371 eam
1580 2316 1787 2372 faciens
1832 2315 2091 2391 molestas
2164 2324 2373 2384 tempe-

806 2418 978 2463 states
998 2417 1056 2464 et
1082 2407 1298 2464 feroces
1318 2408 1535 2463 malitia:
1554 2406 1773 2473 ﬂuctus,
1799 2414 1968 2477 atque
1992 2405 2228 2476 impetus
2250 2407 2372 2462 vio-

807 2496 1083 2552 lentorum
1133 2497 1337 2566 peccati
1390 2506 1717 2558 ventorum;
1762 2504 1819 2551 ct
1858 2496 2078 2566 quidem
2133 2495 2370 2559 fortiter,

809 2588 1093 2643 ferventer
1116 2604 1179 2643 ac
1208 2589 1364 2653 scite,
1401 2596 1463 2642 ut
1487 2588 1602 2657 ipse
1646 2588 1819 2651 novit,
1858 2587 2127 2643 dissoluto
2176 2602 2371 2641 eorum

807 2688 968 2733 aestu.
1000 2678 1220 2749 Absque
1252 2677 1462 2734 caalesti
1505 2679 1651 2733 enim
1697 2679 2079 2749 gubernatore,
2124 2677 2369 2743 Christo,

807 2784 918 2823 non
976 2778 1157 2838 potest
1198 2767 1468 2837 quispiam
1531 2766 1780 2837 trajicere
1836 2781 2154 2836 perversum
2221 2782 2371 2821 mare

806 2865 1146 2928 potestatum
1172 2858 1545 2921 tenebrarum,
1558 2871 1623 2911 ac
1643 2856 1996 2911 molestarum
2011 2855 2369 2910 tentationum

806 2949 1038 3004 aﬁlatus.
1067 2948 1365 3004 Aseendunt
1397 2947 1567 3011 enim,
1600 2947 1798 3016 inquit,
1828 2962 1991 3017 usque
2018 2947 2087 2998 ad
2112 2945 2286 3010 εωιοε,
2320 2953 2371 2999 et

807 3040 1121 3093 descendunt
1155 3054 1318 3109 usque
1361 3037 1432 3091 ad
1463 3039 1673 3108 abyssos
1696 3037 1765 3091 ⁸¹.
1800 3034 2029 3091 Omnem
2071 3050 2235 3106 porro
2274 3050 2372 3106 gu-

806 3130 1075 3186 bernandi
1099 3129 1409 3193 scientiam,
1440 3129 1571 3185 item
1594 3128 1867 3183 bellorum
1895 3144 1959 3185 ac
2007 3128 2369 3184 tentationum

804 3224 979 3285 novit,
1030 3237 1195 3291 super
1248 3221 1461 3276 feroces
1498 3219 1698 3274 ﬂuctus
1744 3218 2025 3273 incedens.
2056 3217 2175 3287 Ipse
2208 3219 2367 3282 enim,

804 3312 1007 3382 inquit,
1060 3318 1311 3378 tentatus,
1358 3318 1523 3382 potest
1569 3310 1633 3365 iis
1673 3309 1763 3380 qui
1813 3316 2104 3375 tentantur,
2155 3323 2370 3362 succur-

806 3420 925 3460 rere
947 3404 999 3438 ⁸³

874 3580 1009 3634 Vlll.
1054 3578 1283 3649 Oportet
1313 3593 1445 3648 ergo
1471 3578 1716 3633 converti
1748 3592 1812 3632 ac
1842 3577 2195 3631 transmutari
2245 3576 2364 3630 ani-

805 3686 924 3725 mas
950 3679 1168 3725 nostras
1196 3684 1226 3724 a
1255 3667 1507 3739 praesenti
1538 3676 1683 3722 statu
1722 3669 1777 3722 in
1812 3669 2040 3721 alterum
2066 3673 2363 3729 statum,et

802 3759 1045 3814 divinam
1078 3768 1363 3823 naturam,
1413 3766 1470 3811 et
1506 3755 1623 3811 ﬁeri
1650 3772 1819 3811 novos
1863 3771 1895 3811 e
1931 3755 2229 3820 veteribus,
2256 3756 2362 3809 hoc

805 3859 911 3912 est,
945 3849 1140 3913 bonos,
1170 3848 1437 3919 benignos
1464 3863 1529 3902 ac
1564 3847 1773 3910 ﬁdeles,
1798 3862 1865 3900 ex
1894 3846 2107 3901 acerbis
2136 3854 2192 3899 et
2239 3844 2362 3898 inﬁ-

802 3940 1017 3995 delibus
1042 3978 1058 4005 ,
1082 3949 1138 3995 et
1156 3939 1236 3994 sic
1262 3939 1489 3993 idoneos
1516 3936 1724 3991 caelesti
1750 3950 1915 4005 regno
1938 3935 2055 3989 ﬁeri
2083 3942 2140 3989 et
2161 3934 2363 3989 consti-

804 4032 907 4088 tui.
934 4032 1137 4087 Beatus
1157 4031 1304 4086 enim
1337 4029 1538 4084 Paulus
1570 4028 1636 4082 de
1669 4027 2026 4083 conversione
2054 4035 2110 4079 ct
2145 4040 2359 4079 assum-

802 4124 989 4195 ptione
1012 4136 1251 4192 sua,qua
1278 4120 1711 4189 comprehensus
1738 4125 1824 4172 est
1842 4133 1873 4171 a
1898 4114 2361 4180 Domino,scribit

799 4215 952 4269 haec:
1010 4211 1112 4268 Sed
1163 4221 1352 4277 sector,
1380 4211 1425 4265 si
1459 4212 1616 4264 etiam
1647 4207 2061 4279 apprehendam,
2103 4214 2358 4275 quatenus

800 4315 850 4360 et
883 4311 1239 4376 apprehensus
1274 4319 1392 4357 sum
1440 4320 1473 4355 a
1502 4298 1707 4357 Christo
1730 4298 1797 4353 ⁸³.
1842 4296 1961 4365 Quo
2000 4298 2168 4368 igitur
2198 4306 2358 4367 pacto

799 4394 1286 4466 comprehenditur
1328 4407 1359 4447 a
1410 4390 1559 4446 Deo?
1616 4387 2084 4455 Quemadmodum
2122 4386 2269 4441 eiiim
2310 4386 2357 4440 si

798 4485 1043 4555 captivos
1058 4482 1345 4554 quosdam,
1366 4497 1503 4552 quos
1524 4488 1797 4550 rapuerat,
1822 4488 2085 4549 tyrannus
2100 4478 2355 4541 abducat,

798 4576 1059 4644 deinceps
1084 4574 1200 4642 ipse
1222 4570 1717 4641 comprehendatur
1737 4586 1770 4625 a
1792 4584 1921 4624 vero
1937 4584 2091 4639 rege:
2123 4570 2195 4623 ita
2214 4583 2353 4637 qno-

798 4678 906 4733 que
941 4662 1144 4717 Paulus
1174 4700 1189 4725 ,
1218 4676 1340 4715 cum
1374 4676 1404 4713 a
1436 4659 1721 4729 tyrannico
1753 4659 1947 4728 spiritu
1983 4658 2190 4728 peccati
2236 4666 2353 4711 tor-

2476 2132 2576 2187 καὶ
2612 2132 2882 2203 εὐκράτου
2934 2134 3030 2186 καὶ
3054 2134 3211 2203 ήδέος
3243 2134 3449 2203 ἀνέμου
3492 2136 3629 2203 πρὸς
3666 2135 3728 2188 τὸ
3770 2136 4037 2190 διαπλεῦ-

2473 2239 2563 2276 σαι
2584 2220 2785 2287 καλῶς,
2810 2220 2983 2275 ταῦτα
3008 2221 3187 2276 πάντα
3214 2221 3375 2285 αὐτός
3399 2223 3549 2275 ἐστιν
3584 2224 3613 2275 ό
3632 2222 3837 2293 Κύριος
3861 2224 3922 2275 ἐν
3952 2225 4022 2293 τῇ

2471 2313 2636 2382 πιστῇ
2686 2311 2832 2381 ψυχῇ
2867 2310 3172 2381 γινόμενος,
3207 2313 3301 2365 καὶ
3345 2313 3620 2384 διαπερῶν
3674 2314 3844 2384 αὐτὴν
3900 2315 4037 2376 τοὺς

2471 2400 2681 2463 δεινοὺς
2712 2387 3010 2470 χειμῶνας,
3032 2400 3126 2453 καὶ
3152 2400 3222 2453 τά
3248 2400 3416 2471 άγρια
3434 2402 3533 2470 τῆς
3556 2403 3822 2473 πονηρίας
3854 2402 3923 2456 κύ
3933 2420 4032 2473 μαι

2470 2506 2562 2553 τα,
2598 2491 2694 2543 καὶ
2738 2490 2838 2552 τὰς
2884 2490 3203 2558 καταιγίδας
3230 2490 3336 2544 τῶν
3366 2490 3556 2560 βιαίων
3600 2491 3703 2560 τῆς
3754 2493 4035 2562 ἁμαρτίας

2470 2580 2690 2650 ἀνέμων
2719 2619 2737 2645 ,
2778 2580 3020 2644 δυνατῶς
3064 2583 3157 2635 καὶ
3197 2581 3457 2652 ἐμπύρως
3492 2583 3588 2636 καὶ
3625 2584 4033 2653 ἐπιστημόνως,

2468 2671 2545 2732 ὡς
2590 2670 2752 2735 αὐτὸς
2802 2670 3109 2739 ἐπίσταται,
3147 2671 3377 2725 διαλύων
3425 2673 3517 2726 τδν
3553 2673 3796 2726 κλύδωνα
3824 2674 4030 2728 αὐτῶν.

2474 2761 2637 2815 ’Δνευ
2690 2762 2801 2833 γάρ
2840 2761 2934 2815 τοῦ
2995 2764 3317 2834 ἐπουρανίου
3376 2764 3709 2835 κυϐερνήτου
3758 2766 4029 2835 Χριστοῦ,

2471 2852 2733 2906 ἀδύνατόν
2762 2870 2869 2906 τινι
2894 2854 3185 2925 παρελθεῖν
3204 2855 3303 2924 τὴν
3345 2856 3588 2927 πονηρὰν
3616 2857 3890 2911 Θάλασσαν
3920 2859 4031 2912 τῶν

2473 2943 2758 3013 δυνάμεων
2801 2945 2897 2998 τοῦ
2948 2948 3206 3011 σκότους,
3251 2947 3348 2999 καὶ
3390 2947 3499 3000 τῶν
3566 2948 3780 3017 πικρῶν
3833 2968 4029 3019 πειραο

2471 3031 2625 3101 σμῶν
2638 3032 2707 3085 τά
2723 3034 3163 3104 καταφυσήματα
3183 3050 3197 3064 °
3240 3034 3649 3090 Ἁναϐιιίνουσι
3676 3038 3806 3105 γάρ,
3839 3041 4026 3109 φησιν,

2467 3120 2578 3187 ἕως
2632 3120 2753 3175 τῶν
2795 3122 3088 3191 οὐρανῶν,
3130 3124 3231 3177 καί
3265 3127 3732 3180 καταϐαίνωσιν
3770 3129 3883 3195 ἔως
3911 3128 4031 3183 τῶν

2467 3213 2778 3267 ἀϐύσσων.
2823 3214 3011 3268 ίιᾶσαν
3065 3215 3123 3268 δὲ
3166 3214 3563 3287 κυϐερνητικὴν
3592 3220 3899 3289 ἐπιστήμην
3932 3222 4027 3273 καὶ

2467 3302 2723 3373 πολέμων
2773 3305 2869 3357 καὶ
2913 3307 3235 3375 πειρασμῶν
3289 3307 3595 3371 ἐπίσταται,
3636 3309 3893 3379 ὑπεράνω
3921 3311 4026 3364 τῶν

2392 3396 2437 3457 C
2468 3394 2679 3465 ἀγρίων
2740 3396 3001 3465 κυμάτων
3049 3395 3343 3449 ἐπιϐαίνων
3369 3412 3384 3427 ·
3436 3400 3625 3462 Αὐτὸς
3681 3400 3814 3467 τὰρ,
3870 3401 4025 3471 φησὶ,

2469 3487 2813 3553 πειρασθείς
2885 3486 3137 3541 δύναται
3210 3486 3645 3555 πειραζομένοις
3692 3488 4021 3555 βοηθῆσαι.

2540 3573 2625 3628 Η’.
2649 3576 2741 3627 Δεῖ
2791 3573 2972 3628 τοίνυν
3024 3574 3325 3644 ἀλλαγῆναι
3366 3578 3463 3628 καὶ
3494 3575 3899 3645 μεταϐληθῆναι
3924 3578 4021 3641 τὰς

2466 3664 2644 3734 ψυχὰς
2666 3664 2821 3734 ήμῶν
2845 3664 2954 3718 ἀπὸ
2981 3664 3081 3733 τῆς
3118 3664 3213 3717 νῦν
3257 3668 3642 3729 καταστάσεως
3697 3668 3777 3729 είς
3829 3668 4021 3735 ἑτέραν

2470 3756 2821 3819 κατάστασιν,
2857 3756 2951 3809 καὶ
2998 3756 3161 3823 φύσιν
3183 3755 3356 3820 θείαν,
3386 3757 3479 3809 καὶ
3520 3757 3771 3824 γενέσθαι
3805 3759 4023 3820 καινοὺς

2467 3848 2531 3899 ἐκ
2562 3845 2825 3910 παλαιῶν,
2880 3846 3156 3899 τουτέστιν
3192 3848 3429 3915 ἀγαθοὺς
3458 3849 3554 3901 καὶ
3602 3850 3872 3919 χρηστοὺς
3929 3852 4020 3902 καὶ

2469 3938 2717 3999 πιστοὺς,
2741 3938 2805 3989 ἐκ
2826 3936 3038 4005 πικρῶν
3067 3938 3162 3989 καὶ
3177 3938 3439 3991 ἀπίστωνυ
3458 3938 3553 3990 καὶ
3567 3938 3708 3990 οῦτω
3722 3939 4021 4008 χρησίμους

2473 4028 2800 4097 γενομίνους
2813 4028 2893 4091 είς
2906 4027 3002 4098 τὴν
3018 4029 3337 4098 ἐπουράνιον
3360 4028 3633 4098 βασιλείαν
3644 4030 4019 4099 ἀποκαταστῆ-

2468 4136 2576 4173 ναι.
2610 4119 2718 4172 Καὶ
2739 4120 2847 4188 γάρ
2874 4120 2902 4172 ὀ
2931 4120 3196 4191 μακάριος
3223 4120 3432 4183 Παῦλος
3453 4121 3695 4191 περὶτῆς
3723 4121 4020 4191 μεταϐολῆς

2468 4206 2633 4261 αὑτοῦ
2669 4208 2765 4261 καὶ
2798 4208 3172 4279 καταλήψεως,
3214 4206 3283 4281 ἦς
3317 4209 3630 4281 κατελήφθη
3660 4212 3764 4264 ὑπὸ
3791 4212 4015 4281 Κυρίου,

2465 4297 2667 4369 γράφει
2686 4297 2858 4353 ταῦτα
2881 4314 2896 4330 ο
2925 4298 3119 4354 Διὼκω
3148 4300 3239 4362 δὲ,
3269 4304 3321 4356 st
3350 4300 3681 4365 καταλάϐω,
3725 4302 3817 4371 ἐφ’
3849 4296 3899 4370 ᾧ
3924 4302 4018 4357 καί

2464 4382 2851 4457 naremian!-
2892 4389 3010 4444 ὑπὸ
3048 4390 3327 4459 Χριστοῦ.
3358 4392 3494 4456 ,Πῶς
3521 4395 3574 4445 τί
3606 4392 3709 4461 ἄρα
3736 4392 4016 4463 καταλαμ-

2463 4477 2684 4532 ϐάνεται
2713 4478 2815 4531 ὑπὸ
2839 4478 2934 4532 τοῦ
2968 4479 3102 4533 Θιοῦ
3120 4498 3137 4546 ;
3156 4483 3367 4554 Ὠσπερ
3393 4483 3501 4553 γάρ
3534 4483 3629 4538 ἐὰν
3647 4484 4015 4553 αἰχμαλωσίαν

2463 4572 2585 4625 τινὰ
2626 4572 2888 4643 τύραννος
2944 4571 3198 4641 ἀρπάσας
3260 4572 3470 4642 ἀπάγῃ,
3529 4568 3647 4627 εἶτα
3700 4573 4011 4643 καταληφθῇ

2461 4660 2567 4713 ὑπὸ
2595 4661 2688 4715 τοῦ
2719 4661 2972 4732 ἀληθινοῦ
3014 4662 3313 4731 βασιλέως·
3358 4662 3501 4715 οὕτω
3544 4664 3639 4716 καὶ
3670 4664 3898 4727 Παῦλος,
3927 4665 4010 4717 ὅτε

796 4763 1080 4823 queretur,
1121 4752 1418 4807 Ecclesiam
1448 4749 1879 4820 persequebatur
1919 4760 1976 4805 et
2008 4749 2357 4804 devastabat:
2393 4734 2437 4790 Ι)
2465 4751 2508 4803 ὑλ

2393 4734 2437 4790 ί)
2465 4750 2571 4803 ὑπὸ
2604 4750 2697 4805 τοῦ
2721 4751 3043 4822 τυραννικοῦ
3077 4753 3386 4821 πνεύματος
3413 4754 3511 4822 τῆς
3546 4754 3819 4822 ἁμαρτίας
3856 4758 4011 4823 ἐνηρ-

796 4859 986 4899 verum
1014 4858 1139 4896 cum
1173 4858 1283 4896 non
1317 4842 1443 4896 odio
1473 4840 1593 4902 Dei,
1622 4840 1716 4895 sed
1753 4856 1851 4909 per
1874 4840 2231 4909 ignorantiam
2254 4840 2359 4894 hoc
2468 4856 2508 4908 γ⁴

2468 4840 2636 4908 γείτο,
2663 4840 2761 4909 τὴν
2808 4840 3132 4910 Ἐκκλησίαν
3178 4842 3369 4894 ἐδίωκε
3410 4844 3505 4894 καὶ⁸
3531 4842 3837 4895 ἐσκύλευεν.
3882 4843 4009 4896 Ἀλλ’

794 4942 999 5004 ageret,
1055 4943 1310 5002 tanquam
1357 4947 1457 5002 pro
1500 4932 1730 4984 veritate
1778 4930 2067 4991 dimicans,
2113 4944 2221 4981 non
2274 4937 2358 4982 est
2466 4930 2508 4981 ἐς

2466 4930 2589 4982 ἐπεὶ
2620 4930 2694 4999 μή
2746 4930 2893 5000 ζήλῳ
2936 4929 3070 4983 Θεοῦ
3125 4930 3266 4984 κατὰ
3305 4932 3525 4999 ἄγνοιαν
3552 4932 3746 4996 ἐποίει,
3775 4932 3850 4995 ὡς
3881 4934 4010 5004 ὑπὲρ

795 5026 1077 5095 neglectus
1100 5064 1114 5088 ,
1143 5023 1239 5078 sed
1273 5022 1635 5091 apprehendit
1657 5036 1783 5075 eum
1832 5034 2140 5087 arcanoquc
2174 5018 2356 5087 splen-
2461 5022 2508 5073 ἁ]

2461 5020 2721 5092 ἀληθείας
2754 5021 3173 5091 ἀγωνιζόμενος,
3222 5024 3283 5075 ού
3316 5022 3640 5094 παρωράθη,
3692 5024 3826 5077 ἁλλά
3887 5042 4009 5078 κατ-

794 5114 928 5168 dore
958 5111 1309 5166 circumfudit
1345 5110 1628 5173 Dominus,
1670 5109 1912 5164 caelestis
1960 5116 2015 5160 et
2042 5122 2205 5160 verus
2234 5122 2351 5170 rex,
2460 5110 2508 5163 ἐ)

2460 5110 2653 5164 ἐλαϐεν
2677 5112 2839 5165 αὐτὸν
2867 5114 2895 5164 ὀ
2916 5112 3139 5183 Κύριος,
3166 5113 3511 5183 περιλάμψας
3528 5116 3780 5185 ἀρρήτως
3808 5116 3835 5166 ὁ
3856 5118 4009 5167 ἐπου·

790 5218 1031 5273 eumque
1048 5218 1179 5257 voce
1198 5218 1294 5256 sua
1312 5201 1585 5269 dignatus,
1602 5201 1655 5254 in
1674 5200 1866 5254 faciem
1886 5198 2174 5269 percussit,
2188 5207 2351 5266 atque
2460 5220 2508 5274 p:

2460 5203 2640 5274 ράνιος
2676 5205 2770 5257 καὶ
2817 5202 3068 5274 ἀληθινὸς
3137 5205 3407 5273 βασιλεὺς,
3478 5206 3661 5276 φωνῆς
3705 5207 3803 5275 τῆς
3849 5206 4003 5260 αὑτοῦ

796 5304 855 5347 ut
884 5309 1103 5348 servum
1160 5292 1435 5346 liberavit.
1494 5291 1631 5346 Vide
1678 5290 1894 5346 Domini
1945 5290 2249 5344 bonitatem
2296 5296 2352 5342 et
2457 5307 2508 5342 τε

2457 5290 2643 5343 τοῦτον
2664 5292 2923 5356 ἀξιώσας,
2947 5296 3041 5345 καὶ
3066 5295 3299 5364 ῥαπίσας
3324 5296 3398 5358 ὡς
3422 5296 3603 5349 δοῦλον
3620 5296 3997 5365 ἠλευθέρωσεν.

792 5382 1229 5443 conversionem,
1286 5395 1397 5448 quo
1434 5388 1593 5449 pacto
1649 5380 1824 5449 possit
1873 5390 2083 5433 mutare
2139 5378 2348 5432 animas
2459 5382 2504 5433 'l

2459 5382 2564 5434 Ἴδε
2597 5384 2864 5435 Δεσπότου
2892 5384 3201 5455 ἀγαθότητα
3242 5388 3335 5439 καὶ
3363 5386 3681 5457 μεταϐολὴν,
3710 5388 3821 5449 πῶς
3853 5386 4002 5441 δύνα-

792 5475 931 5529 vitio
955 5474 1337 5543 agglutinatas,
1379 5480 1435 5524 et
1483 5472 1694 5525 feroces
1731 5471 1972 5532 effectas,
2029 5479 2192 5537 atque
2234 5484 2348 5521 mo-
2454 5488 2508 5522 τε

2454 5488 2544 5522 ται
2576 5472 2900 5540 μεταϐαλεῖν
2932 5474 3110 5543 ψυχὰς
3142 5477 3240 5538 τὰς
3267 5478 3334 5545 τῇ
3370 5476 3535 5545 κακίᾳ
3576 5475 3993 5544 συμπλακείσας,

2458 5562 2554 5615 καὶ
2583 5563 2779 5631 ἀγρίας
2804 5564 3279 5629 ἁποκαταστάσας,
3319 5567 3412 5618 καὶ
3453 5568 3592 5635 ῥοπῇ
3625 5566 3769 5635 ῶρας
3804 5568 3882 5630 είς
3906 5568 3993 5639 τὴν

2455 5651 2648 5704 ἑαυτοῦ
2684 5652 3012 5723 ἀγαθότητα,
3039 5656 3133 5710 καὶ
3168 5657 3388 5727 είρήνην
3435 5658 3795 5727 μετενεγκεῖν.

792 5573 978 5619 mento
1008 5563 1155 5617 hora
1180 5564 1235 5616 in
1269 5577 1423 5616 suam
1442 5560 1613 5631 ipsius
1631 5560 1935 5614 bonitatem
1952 5568 2005 5613 et
2032 5574 2217 5628 pacem
2242 5566 2351 5611 tra-

792 5653 991 5707 ducere
1019 5655 1031 5707 l

859 5767 902 5799 “
936 5769 1072 5824 Psal.
1107 5786 1229 5836 cvn,
1274 5768 1358 5822 26.
1436 5772 1479 5801 "
1514 5768 1677 5824 llcbr.
1705 5784 1761 5835 ιι,
1798 5768 1875 5823 18.
1956 5770 1997 5799 ⁸⁸
2038 5770 2271 5838 Philipp.
2313 5786 2393 5833 ιιι,
2429 5771 2508 5824 12.
