4254 6358
2008 377 2071 438 S.
2106 373 2425 437 MACARII
2461 374 2782 436 IEGYPTII
3920 373 4043 439 783

768 498 1171 554 ostendebant:
1223 496 1319 552 alii
1367 506 1527 557 vero,
1558 488 1632 548 ob
1659 484 1989 559 mphistices
2014 483 2339 539 exercitium
2370 496 2448 551 Ασ

2370 496 2416 551 Α
2439 482 2540 554 τὴν
2572 482 2893 553 σοφιστικὴν
2917 483 3320 554 ἐξασκήσαντες
3348 484 3855 556 ἐθαυμαστώθησαν
3873 503 3890 518 ’
3939 492 4049 541 άλ-

768 588 1120 643 atlmirationi
1154 596 1285 643 sunt
1323 583 1499 639 habiti
1528 599 1543 635 :
1569 580 1663 635 alii
1700 576 2033 633 rhetoricam
2070 573 2344 629 docebant
2442 574 2448 626 1

2442 574 2523 627 λοι
2582 575 2681 645 τὴν
2733 577 3027 647 ῥητορικὴν
3096 576 3440 643 ἐπεδείξαντο
3500 577 3814 648 δεινότητασ
3871 578 4047 633 ἄλλοι

769 679 1094 748 gravitatem
1141 696 1155 732 :
1203 677 1296 731 alii
1340 669 1682 745 grammatici
1725 678 1781 724 et
1836 676 2015 737 poem
2064 664 2192 719 facti
2245 679 2343 733 pro
2442 685 2449 697 ε

2442 669 2825 737 γραμματικοὶ
2855 669 2949 721 καὶ
2976 670 3199 737 ποιηταὶ
3245 670 3551 737 γενόμενοι,
3584 670 3681 731 τὰς
3710 671 3856 723 κατά
3904 687 4050 723 συν-

771 769 1025 822 instituto
1039 765 1354 822 scribebant
1375 762 1659 817 historias.
1684 759 1855 814 Porro
1871 756 2099 810 fuerunt
2123 768 2342 822 quoque
2444 761 2451 805 4

2444 757 2616 829 θήκην
2661 759 2899 827 ἱστορίας
2930 760 3255 829 ἐγράψαντο.
3299 759 3458 812 Ἀλλά
3505 761 3599 813 καὶ
3635 764 3875 829 τεχνῖται
3915 761 4050 814 διά-

770 858 907 911 varii
970 855 1230 919 artiﬁces,
1285 852 1403 923 qui,
1458 866 1580 921 qua:
1634 856 1764 903 sunt
1819 846 1877 899 in
1939 843 2167 907 mundo,
2197 851 2345 895 artes
2445 870 2450 897 ι

2445 868 2600 921 φοροι
2644 851 2899 919 γεγόνασι
2943 851 3041 913 τὰς
3091 852 3234 904 κατά
3262 852 3352 904 τὸν
3381 855 3585 922 κόσμον
3618 852 4048 923 ἐξασκήσαντες

770 957 1155 1003 exercuerunt.
1199 946 1445 1012 Quorum
1506 939 1757 995 nonnulli
1802 935 2028 1006 quidem
2067 934 2122 988 in
2178 931 2343 1001 lignis
2443 960 2450 977 ι

2443 943 2636 1012 τέχνας
2659 958 2674 972 ⁸
2706 934 2779 995 ὧν
2811 942 2862 993 οἱ
2898 942 2995 1011 μέν
3024 944 3081 995 ἐν
3125 946 3237 1005 τοῖς
3275 944 3449 1008 ξύλοις
3478 945 3861 1014 τορνεύσαντες
3889 945 4043 1013 γένη

772 1050 1057 1095 toruantes
1082 1053 1283 1110 genera
1323 1035 1507 1089 avium
1552 1042 1609 1088 et
1658 1030 1914 1101 piscium,
1969 1035 2027 1081 et
2080 1024 2345 1094 imagines
2444 1054 2452 1084 ε

2444 1034 2664 1103 ὀρνέων,
2699 1034 2795 1087 καὶ
2822 1034 3039 1102 ίγθύων,
3068 1036 3161 1087 καὶ
3194 1036 3408 1098 είκόνας
3434 1035 3759 1106 ἀνθρώπων,
3793 1037 3852 1088 ἐν
3880 1035 4049 1089 ἐκεί-

774 1134 1084 1195 hominum,
1124 1130 1180 1184 in
1214 1128 1323 1183 illis
1351 1141 1507 1183 suam
1550 1121 1874 1179 industriam
1913 1124 2346 1176 commonstrare
2444 1142 2454 1168 ι

2444 1140 2557 1188 νοις
2586 1125 2684 1194 τὴν
2713 1126 2920 1180 ἑαυτῶν
2964 1127 3165 1197 ἀρετὴν
3193 1127 3454 1193 ἐπιδεῖξαι
3478 1127 3840 1182 ἐσπούδασανο
3871 1126 4046 1181 ἄλλοι

773 1226 1216 1281 contenderunt:
1250 1220 1501 1277 nonnulli
1540 1232 1672 1273 vero
1721 1215 1778 1269 in
1806 1228 1913 1268 tere
1955 1208 2346 1265 similitudines
2445 1214 2453 1264 ἑ

2445 1214 2503 1266 δέ
2564 1214 2652 1268 διά
2689 1216 2891 1284 χαλκοῦ
2942 1217 3261 1288 ὁμοιώματα
3314 1218 3647 1288 ἀνδριάντων
3694 1218 3792 1271 καὶ
3845 1218 4044 1271 ἄλλων

774 1329 1078 1373 statuarum
1116 1315 1462 1381 aliorumque
1492 1305 1858 1378 quorumdam
1890 1303 2139 1371 sculpere
2164 1297 2347 1355 conati
2445 1319 2454 1337 -

2445 1302 2610 1356 τινῶν
2648 1308 3015 1378 ἐπεχείρησαν
3059 1309 3489 1362 κατασκευάσαι*
3540 1309 3688 1361 ἄλλοι
3735 1308 4045 1375 οἰκοδομὰς

775 1418 927 1462 sunt:
984 1407 1077 1461 alii
1125 1405 1356 1460 aedilicia
1400 1400 1641 1471 ingentia
1688 1412 1751 1452 ac
1784 1393 2069 1467 splendida
2110 1391 2347 1445 fabrica-
2452 1418 2455 1463 λ

2452 1397 2713 1466 μεγίστας
2740 1397 2834 1451 καὶ
2859 1398 3205 1465 περιωλλεῖς
3230 1398 3471 1451 ἔκτισαν·
3502 1398 3679 1469 ἐτεροι
3706 1399 3763 1452 δὲ
3792 1399 3893 1467 ¹ιιὴν
3926 1399 4045 1466 γῆν

775 1508 1006 1553 verunt:
1086 1496 1181 1551 alii
1249 1505 1453 1549 terram
1518 1491 1788 1546 fodientes
1862 1486 2126 1547 referunt,
2203 1480 2350 1551 quod
2449 1507 2455 1536 ‹

2449 1486 2793 1557 ὀρύσσοντες,
2820 1488 3153 1560 ἀναφέρουσι
3175 1489 3265 1544 τδν
3286 1489 3642 1559 φθειρόμενον
3662 1491 3905 1559 ἄργυρον
3940 1490 4044 1542 καὶ

775 1587 1173 1656 corrumpitur,
1202 1598 1395 1639 aurum
1430 1589 1827 1649 etargentum:
1863 1574 1954 1629 alii
1974 1572 2185 1642 lapides
2222 1584 2351 1640 pre-
2450 1595 2455 1647 ί

2450 1578 2670 1648 χρυσόν·
2719 1578 2869 1633 ἄλλοι
2928 1579 2983 1632 δέ
3041 1579 3219 1643 λίθους
3247 1582 3461 1651 τιμίους
3496 1597 3512 1612 ·
3548 1581 3700 1635 ἀλλοι
3741 1581 3798 1634 δὲ
3852 1581 4042 1651 κάλλη

777 1677 982 1731 tiosos:
1060 1674 1153 1729 alii
1227 1687 1358 1725 vero
1429 1666 1676 1738 corporis
1754 1662 2025 1733 elegantia
2111 1657 2350 1730 praediti,
2454 1693 2457 1714 ι

2454 1668 2720 1737 σωμάτων
2746 1667 2982 1738 ἔχοντες,
3029 1670 3122 1723 ἐπὶ
3156 1673 3222 1740 τῇ
3256 1670 3552 1740 ώραιότητι
3580 1670 3691 1723 τῶν
3719 1670 4044 1740 προσώπων

774 1779 902 1819 cum
973 1763 1044 1817 ob
1105 1768 1452 1815 venustatem
1520 1757 1710 1811 vultus
1777 1753 1863 1809 sui
1925 1751 2414 1828 extollerentur,_

2381 1825 2414 1828 _
2454 1757 2826 1827 ἐπαιρόμενοι,
2874 1758 3073 1828 μᾶλλον
3105 1758 3499 1828 ἐδελεάσθησαν
3535 1761 3640 1815 ὑπὸ
3665 1760 3760 1814 τοῦ
3790 1761 4043 1819 Σατανᾶ.

779 1855 951 1924 magis
988 1852 1155 1907 illecti
1212 1859 1340 1905 sunt
1390 1866 1420 1904 a
1477 1848 1701 1909 Satana,
1754 1853 1920 1913 atque
1966 1843 2022 1896 in
2064 1849 2349 1911 peccatum
2379 1825 2459 1901 Βε

2379 1825 2425 1884 Β
2453 1848 2546 1901 καὶ
2569 1825 2648 1911 είς
2672 1825 2946 1919 ἁμαρτίαν
2984 1849 3199 1905 ἐπεσον.
3244 1852 3356 1904 Καὶ
3383 1825 3530 1904 οὗτοι
3558 1852 3757 1914 πάντες
3779 1852 3829 1903 oi
3862 1854 4045 1920 προρ-

778 1946 936 2015 lapsi.
975 1946 1040 1999 Et
1078 1944 1133 1998 hi
1184 1958 1375 1997 omnes
1432 1938 1682 2009 prtedicti
1734 1935 1976 1991 artiﬁces
2024 1932 2230 1987 detenti
2282 1930 2350 1985 ab
2454 1969 2458 2009 ι

2454 1938 2711 2009 ῥηθέντες
2747 1942 3005 2009 τεχνῖται,
3057 1942 3411 2012 κατεχόμενοι
3452 1944 3558 1996 ὑπὸ
3607 1942 3703 1995 τοῦ
3748 1942 3898 1995 ἔνδον
3955 1944 4043 1994 oi-

782 2032 932 2085 iutus
1009 2029 1293 2083 habitante
1345 2031 1625 2092 serpente,
1695 2030 1751 2075 et
1799 2035 1911 2073 non
1961 2025 2352 2087 cognoscentes
2455 2047 2462 2082 ε

2455 2027 2678 2091 κοῦντος
2713 2028 2912 2098 ὄφεως,
2944 2031 3040 2084 καὶ
3067 2031 3143 2101 μὴ
3179 2033 3405 2100 γνόντες
3438 2032 3539 2103 τὴν
3575 2032 3822 2086 σύνοικον
3848 2032 4043 2095 αὐτοῖς

782 2136 965 2175 secum
1000 2117 1246 2172 habitare
1276 2123 1583 2184 peccatum,
1610 2110 1813 2179 captivi
1836 2125 1899 2163 ac
1914 2108 2057 2162 servi
2082 2120 2354 2176 perversa:
2454 2140 2462 2172 ε

2454 2121 2751 2189 ἁμαρτίαν,
2788 2122 3123 2191 αίχμάλωτοι
3169 2125 3265 2177 καὶ
3312 2124 3487 2177 δοῦλοι
3525 2123 3627 2194 τῆς
3664 2126 3909 2193 πονηρᾶς
3940 2123 4040 2175 δυ-

783 2208 1071 2279 potestatis
1103 2205 1233 2261 facti
1257 2214 1407 2269 sunt,
1440 2202 1581 2257 nihil
1604 2200 1775 2272 adjuti
1811 2214 1843 2253 a
1886 2197 2114 2252 scientia
2147 2204 2201 2251 et
2235 2205 2353 2250 arte
2454 2228 2463 2251 ι

2454 2212 2670 2279 νάμεως
2698 2214 2978 2280 γεγόνασι,
3014 2214 3182 2285 μηδὲν
3230 2215 3603 2285 ὠφεληθέντες
3643 2215 3752 2269 ἀπὸ
3787 2217 3885 2284 τῆς
3912 2217 4039 2268 ἐπι-

782 2316 901 2355 sua.
2456 2304 2671 2372 στήμης
2696 2304 2789 2357 καὶ
2819 2306 3013 2375 τέχνης
3054 2304 3255 2361 αὐτῶν.

851 2404 941 2460 lll.
970 2403 1177 2459 Similis
1204 2411 1288 2457 est
1315 2416 1446 2471 ergo
1480 2398 1741 2463 mundus,
1770 2398 1920 2453 omni
1950 2396 2211 2451 varietate
2239 2394 2354 2464 ple-
2526 2396 2531 2447 1

2526 2394 2599 2449 Γ.
2640 2396 2857 2449 Ἔοικεν
2894 2393 2989 2450 οὖν
3034 2400 3063 2450 ό
3095 2397 3319 2467 κόσμος,
3352 2398 3381 2451 ό
3411 2398 3592 2470 πάσης
3630 2398 3903 2461 ποικιλίας
3943 2414 4039 2451 πε-

782 2511 905 2559 nus,
934 2494 1141 2549 homini
1170 2493 1328 2547 diviti
1378 2491 1682 2561 possidenti
1733 2489 1925 2543 domos
1962 2487 2275 2557 splendidas
2301 2494 2356 2540 et
2457 2509 2462 2523 ι

2457 2488 2833 2558 πληρωμένος,
2892 2489 3166 2561 ἀνθρώπῳ
3220 2490 3461 2561 πλουσίῳ
3490 2491 3818 2561 κεκτημένῳ
3845 2491 4037 2555 οίκους

783 2604 1025 2658 magnas,
1048 2601 1242 2639 aurum
1272 2594 1326 2639 et
1343 2591 1653 2653 argentum,
1674 2596 1739 2635 ac
1756 2580 2132 2650 possessiones
2153 2578 2353 2641 varias,

784 2692 1051 2746 omneque
1077 2676 1440 2729 ministerium
1462 2671 1816 2726 invidendum
1840 2687 1852 2723 :
1879 2684 2071 2723 verum
2088 2684 2211 2723 cum
2233 2684 2355 2738 gra-

786 2768 928 2821 viter
959 2767 1164 2820 morbis
1202 2774 1363 2833 atque
1390 2762 1780 2817 amictionibus
1812 2760 2192 2822 distineretur,
2225 2758 2358 2811 asti-

790 2868 975 2912 terunt
998 2858 1046 2911 ei
1078 2858 1261 2910 cuncti
1292 2854 1505 2924 cognati
1543 2868 1665 2907 cum
1697 2850 1957 2905 omnibus
2001 2850 2199 2917 opibus
2248 2862 2358 2899 non

787 2950 1031 3003 valentes
1057 2962 1181 3000 eum
1214 2962 1280 3000 ex
1328 2944 1644 2998 inﬁrmitate
1695 2941 1977 3010 expedire.
2027 2938 2185 2992 Nulla
2228 2950 2359 3005 ergo

787 3040 1069 3109 diligentia
1097 3052 1311 3100 eorum,
1348 3036 1442 3104 qui
1476 3044 1605 3089 sunt
1636 3034 1691 3087 in
1723 3032 1944 3094 sacculo,
1986 3044 2093 3083 non
2136 3028 2355 3091 fratres,

2456 2578 2742 2649 λαμπροὺς
2768 2582 2863 2633 καὶ
2895 2582 3186 2651 μεγάλους,
3210 2584 3412 2651 χρυσόν
3439 2602 3499 2637 τε
3528 2586 3619 2638 καὶ
3639 2585 3904 2654 ἄργυρον,
3938 2589 4037 2640 καὶ

2459 2670 2683 2737 κτήσεις
2730 2669 3022 2741 διαφόρους
3044 2712 3060 2737 ,
3094 2673 3189 2726 καὶ
3223 2676 3405 2727 πᾶσαν
3442 2675 3745 2744 ὑπηρεσίαν
3774 2674 4031 2741 ἄφθονον·

2459 2759 2668 2827 ἀθρόως
2708 2760 2764 2813 δὲ
2788 2762 3104 2831 συσχεθέντι
3134 2764 3310 2827 νόσοις
3354 2765 3447 2817 καὶ
3479 2766 3677 2819 πάθεσι
3711 2767 3860 2818 πᾶσα
3891 2783 4035 2835 παρ-

2460 2850 2689 2918 έστηκεν
2715 2854 2747 2920 η
2779 2852 3089 2919 συγγένεια,
3123 2855 3259 2922 μετᾶ
3300 2855 3503 2918 παντὸς
3531 2856 3624 2908 τοῦ
3658 2855 3916 2919 πλούτου,
3958 2856 4033 2925 μὴ

2460 2942 2735 3013 δυναμένη
2784 2946 2946 2997 αὑτὸν
2985 2946 3263 3011 ἐξελέσθαι
3308 2950 3407 3015 τῆς
3455 2947 3753 3009 ἀσθενείας.
3791 2948 4035 3016 Οὐδεμία

2458 3031 2641 3083 τοίνυν
2687 3033 2892 3102 σπουδὴ
2930 3034 3039 3085 τῶν
3090 3036 3230 3087 κατά
3274 3036 3366 3089 τὸν
3409 3035 3542 3106 βίον,
3571 3038 3671 3088 οὑκ
3702 3035 3944 3101 ἀδελφοὶ,
3972 3037 4031 3087 οὐ

789 3148 899 3186 non
934 3131 1159 3189 divitim,
1194 3144 1304 3182 non
1330 3126 1618 3189 fortitudo,
1659 3140 1760 3178 nec
1788 3125 1913 3189 alia,
1946 3138 2066 3190 quae
2097 3120 2357 3190 prazdicta
2385 3152 2430 3213 ο
2462 3142 2469 3156 ι

2350 3140 2357 3171 ι
2385 3152 2430 3213 C
2462 3120 2711 3213 πλοῦτος,
2744 3124 2843 3176 οὐκ
2871 3123 3081 3191 ἀνδρία,
3108 3124 3221 3177 οὕτ*
3248 3125 3405 3189 ἄλλα,
3442 3126 3539 3179 ὅσα
3571 3126 4030 3195 προείρηται,τὴν

790 3233 937 3281 sunt.
973 3222 1274 3275 demersam
1313 3235 1342 3273 a
1372 3226 1595 3288 peccato
1636 3217 1898 3277 animam,
1962 3223 2018 3267 et
2060 3230 2181 3282 qua:
2219 3228 2356 3281 pure
2412 3210 2427 3213 ’
2462 3215 2470 3280 1

2350 3232 2356 3264 :
2412 3210 2427 3213 ’
2462 3210 2901 3283 βεϐαπτισμένην
2929 3215 3032 3266 ὑπὸ
3066 3216 3161 3282 τῆς
3201 3216 3472 3285 ἁμαρτίας
3506 3216 3707 3284 ψυχὴν,
3738 3217 3833 3267 καὶ
3866 3216 4030 3266 mea-

789 3312 1105 3381 prospicere
1154 3309 1366 3377 nequit,
1422 3308 1665 3376 eripiunt
1710 3321 1739 3359 e
1781 3312 2005 3374 peccato
2051 3302 2189 3366 ;sed
2242 3302 2357 3354 sola

787 3403 996 3465 Christi
1027 3402 1296 3470 apparitio
1329 3414 1633 3467 expurgare
1672 3404 1853 3465 potest
1883 3396 2118 3448 animam
2149 3403 2203 3445 et
2233 3407 2359 3445 cor-

790 3504 913 3557 pus.
942 3488 1023 3540 Ab
1053 3487 1197 3540 omni
1232 3486 1397 3555 igitur
1421 3486 1585 3554 hujus
1622 3484 1747 3536 vita:
1782 3496 1912 3535 cura
1958 3480 2196 3541 liberati,
2259 3495 2355 3531 va-

790 3594 977 3632 cemus
1008 3579 1258 3641 Domino,
1296 3577 1593 3630 clamantes
1622 3574 1689 3627 ad
1737 3588 1862 3627 eum
1911 3580 2078 3625 noctu
2130 3571 2355 3637 diuque.

795 3667 953 3738 1M
985 3667 1217 3721 Mundus
1246 3666 1392 3721 enim
1420 3666 1509 3720 hic
1540 3664 1890 3732 conspicuus,
1934 3672 1989 3715 et
2015 3676 2136 3731 quae
2164 3669 2249 3714 est
2302 3658 2357 3713 in

789 3774 857 3811 eo
892 3758 1128 3826 requies,
1166 3770 1371 3827 quanto
1402 3757 1574 3826 magis
1606 3770 1806 3823 corpus
1841 3754 2100 3806 videntur
2144 3751 2355 3815 fovere,

792 3858 942 3905 tanto
974 3848 1352 3902 vehementius
1369 3849 1563 3901 anima:
1582 3845 1903 3901 affectiones
1934 3841 2170 3905 irritant,
2196 3848 2359 3908 atque

790 3949 991 4011 augent
1019 3943 1139 4009 ejus
1173 3940 1543 3993 alllictionem.

858 4122 949 4176 IV.
983 4120 1215 4186 Quidam
1252 4134 1385 4172 vero
1415 4118 1499 4169 vir
1524 4115 1789 4186 prudens,
1846 4129 1971 4168 cum
2020 4111 2361 4167 desideraret

790 4228 977 4269 curam
1004 4226 1193 4283 gerere
1224 4210 1305 4263 sui
1332 4208 1522 4271 studii,
1564 4205 1849 4261 contendit
1904 4204 2140 4272 experiri
2176 4203 2359 4258 omnia

790 4318 911 4373 qtue
936 4304 1235 4356 volvuntur
1266 4300 1321 4353 in
1348 4299 1450 4353 hoc
1495 4297 1717 4361 mundo,
1747 4296 1793 4349 si
1830 4294 1969 4349 forte
2001 4294 2358 4348 emolumenti

791 4394 923 4463 quid
960 4393 1207 4447 invenire
1246 4391 1437 4459 possit.
1458 4389 1703 4442 Accessit
1732 4386 1800 4439 ad
1822 4400 2000 4454 reges,
2023 4394 2277 4453 potentes
2304 4394 2359 4439 et

2465 3301 2570 3371 ρῶς
2597 3303 2879 3372 διαϐλέψαι
2914 3302 2989 3372 μὴ
3033 3304 3355 3374 δυναμένην,
3387 3304 3682 3375 ἐξαιρεῖται
3719 3304 3815 3372 τῆς
3849 3307 4031 3373 ἁμαρ-

2457 3394 2597 3459 τίας,
2638 3395 2685 3445 εί
2726 3396 2799 3463 μὴ
2829 3396 2960 3464 μόνη
2991 3398 3023 3463 ἡ
3061 3396 3154 3448 τοῦ
3179 3397 3412 3467 Χριστοῦ
3456 3398 3747 3464 ἐπιφάνεια
3802 3396 4031 3465 καθαρί-

2462 3494 2552 3531 σαι
2616 3478 2839 3532 δύναται
2910 3480 3089 3551 ψυχὴν
3161 3482 3256 3534 καλ⁵
3305 3483 3484 3552 σῶμα.
3513 3484 3699 3553 Πάσης
3732 3480 3823 3536 οὖν
3856 3485 4029 3535 ἁπαλ-

2460 3570 2717 3637 λαγέντες
2756 3572 2855 3639 τῆς
2885 3573 3025 3625 κατά
3064 3573 3155 3625 τὸν
3182 3572 3296 3642 βίον
3349 3574 3635 3644 μερίμνης,
3686 3574 4030 3642 σχολάσωμεν

2458 3663 2535 3731 τῷ
2567 3663 2775 3732 Κυρίῳ,
2809 3664 3038 3733 βοῶντες
3084 3665 3219 3733 πρὸς
3256 3666 3415 3718 αὐτὸν
3445 3667 3638 3728 νυκτὸς
3664 3666 3758 3718 καὶ
3798 3667 4027 3735 ἡμέρας.

2470 3755 2531 3808 '0
2572 3758 2680 3825 γὰρ
2729 3759 3051 3825 φαινόμενος
3092 3753 3245 3819 οὗτος
3302 3757 3505 3827 κόσμος
3563 3757 3657 3808 καὶ
3694 3758 3727 3827 ἠ
3772 3759 3829 3809 ἐν
3887 3756 4029 3823 αὐτῷ

2462 3846 2779 3909 ἀνάπαυσις,
2816 3849 2925 3917 ὅσῳ
2966 3848 3025 3899 τὸ
3052 3847 3210 3917 σῶμα
3237 3847 3454 3901 δοκοῦσι
3483 3848 3730 3909 θάλπειν,
3779 3847 4027 3899 τοσοῦτον

2459 3936 2559 4003 τῆς
2592 3936 2769 4004 ψυχῆς
2814 3937 2881 3988 τὰ
2924 3936 3068 4009 πάθη
3100 3937 3483 4009 παροξύνουσι,
3516 3937 3612 3991 καὶ
3643 3938 3898 4001 αὔξουσιν
3934 3938 4027 3991 αύ-

2459 4027 2559 4096 τῆς
2588 4028 2685 4097 τὴν
2730 4028 3000 4084 κάκωσιν.

2534 4116 2607 4172 Δ’.
2648 4120 2809 4189 Ἀνὴρ
2839 4120 2893 4172 δέ
2928 4138 3009 4184 τις
3038 4120 3301 4190 φρόνιμος
3337 4120 3686 4190 ἐπιθυμήσας
3716 4119 4026 4187 ἐπιμέλειαν

2460 4208 2789 4276 ποιήσασθαι
2824 4208 2924 4276 τῆς
2957 4210 3216 4278 σπουδῆς,
3250 4209 3580 4262 ἐσπούδασεν
3622 4210 4027 4278 ἀποπειρασθῆ.

2460 4314 2547 4349 ναι
2595 4298 2811 4349 πάντων
2848 4298 2961 4350 τῶν
3008 4298 3345 4368 κυλιομένων
3390 4300 3449 4352 ἐν
3500 4298 3577 4367 τῷ
3621 4297 3775 4351 αίῶνι
3824 4298 4024 4367 τούτῳ,

2462 4379 2629 4451 etiam;
2658 4390 2837 4459 εὑρεῖν
2865 4389 3129 4456 ὠφέλειαν
3156 4390 3377 4460 δυνηθῇ.
3425 4389 3700 4459 Προσῆλθε
3735 4390 4022 4458 βασιλεῦσι,

791 4487 1088 4557 principes,
1122 4499 1223 4539 nec
1275 4481 1483 4535 invenit
1530 4479 1798 4534 medelam
1837 4478 2154 4539 salutarem,
2194 4492 2355 4545 quam
2389 4480 2471 4546 Di

2343 4492 2355 4529 ι
2389 4492 2433 4546 υ
2464 4478 2770 4542 δυνάσταις,
2805 4479 3052 4550 ἄρχουσι,
3087 4480 3182 4534 καὶ
3210 4481 3306 4550 οὐχ
3334 4476 3491 4550 εὗρεν
3522 4481 3659 4549 [αμα
3690 4480 4023 4549 σωτηριῶδες

790 4578 918 4631 inde
951 4576 1146 4629 anima:
1178 4574 1437 4627 atl‘erret:
1484 4582 1541 4627 et
1581 4587 1703 4625 cum
1736 4570 1820 4624 his
1852 4570 1945 4623 diu
1977 4577 2355 4630 conversatus,

788 4668 927 4726 nihil
944 4666 1301 4722 emolumenti
1324 4664 1588 4733 percepit.
1609 4660 1760 4716 Abiit
1785 4660 1967 4713 denuo
1990 4659 2056 4713 ad
2084 4658 2360 4726 sapientes

789 4759 981 4814 mundi
1013 4768 1067 4812 et
1094 4766 1363 4820 oratores,
1396 4770 1535 4824 quos
1560 4752 1755 4808 eodem
1783 4768 2002 4822 quoque
2038 4753 2199 4807 modo
2225 4751 2358 4805 reli-

790 4852 929 4921 quit,
962 4850 1174 4903 nullutn
1202 4849 1415 4901 lucrum
1433 4847 1706 4900 referens:
1733 4845 1951 4899 transiit
1972 4861 2070 4913 per
2097 4845 2356 4913 pictores,

789 4952 844 4997 et
876 4957 973 4997 eos
1003 4941 1095 5009 qui
1125 4955 1317 4993 aurum
1351 4946 1405 4993 et
1456 4946 1742 5007 argentum
1796 4951 1827 4990 e
1894 4944 2039 4991 terra
2086 4936 2356 4994 referunt.

789 5045 951 5104 atque
974 5050 1072 5104 per
1096 5048 1287 5087 omnes
1327 5030 1589 5092 artiﬁces,
1650 5046 1755 5085 nec
1799 5030 1963 5086 ullam
2014 5028 2357 5083 curationem

792 5127 968 5193 potuit
1004 5126 1119 5179 suis
1155 5124 1402 5178 invenire
1426 5123 1767 5177 vulneribus.
1818 5122 2065 5177 Tandem
2096 5123 2359 5177 recedens

790 5216 858 5268 ab
892 5216 996 5274 his.
1030 5216 1343 5284 inquirebat
1364 5216 1465 5269 sibi
1498 5216 1690 5279 Deum,
1723 5216 1817 5284 qui
1852 5226 2007 5269 sanat
2040 5214 2358 5268 aﬂ‘ectiones

791 5316 845 5359 ct
867 5307 1090 5360 morbos
1121 5307 1345 5363 animae:
1380 5322 1504 5362 cum
1522 5323 1654 5362 vero
1678 5324 1735 5362 se
1758 5309 1936 5377 ipsum
1959 5306 2354 5368 consideraret,

790 5404 844 5449 et
875 5397 993 5450 haec
1034 5398 1413 5461 meditaretur,
1459 5397 1801 5466 deprehensa
1830 5405 1915 5451 est
1954 5411 2109 5451 mens
2154 5396 2295 5465 ejus,
2327 5412 2357 5449 a

790 5487 991 5555 quibus
1021 5488 1186 5542 rebus
1207 5498 1366 5543 antea
1398 5498 1663 5559 occupata
1688 5489 1866 5559 palam
1898 5496 2220 5551 recesserat,
2239 5503 2354 5543 easc

791 5578 917 5633 dem
946 5578 1145 5635 odisse.

867 5747 910 5803 τ
955 5747 1422 5816 Quemadmodum
1444 5766 1574 5808 vero
1599 5749 1792 5809 mulier
1814 5750 2058 5821 quasdam
2084 5750 2137 5806 in
2153 5750 2355 5806 mundo

2461 4569 2671 4622 ἐκεῖθεν
2711 4573 2777 4639 τῇ
2815 4570 2960 4641 ψυχῇ
3006 4572 3387 4639 προσενέγκαι·
3431 4570 3526 4623 καὶ
3566 4570 3775 4633 τούτοις
3803 4572 4021 4624 ἐπιπολὺ

2462 4661 2864 4731 συνδιατρίψας,
2904 4662 3057 4714 οὐδὲν
3104 4660 3331 4730 ὤνησεν.
3386 4661 3655 4731 Ἀπῆλθεν
3703 4657 3859 4723 αὖθις
3894 4664 4019 4733 πρὸς

2458 4750 2584 4810 τοὺς
2618 4750 2815 4815 σοφοὺς
2848 4748 2941 4801 τοῦ
2976 4750 3183 4819 κόσμου
3215 4751 3309 4802 καὶ
3345 4752 3600 4819 ῥήτορας·
3632 4750 3707 4818 τῷ
3737 4750 3885 4819 αὐτῷ
3912 4752 4025 4821 τρό-

2462 4856 2548 4908 πῳ
2576 4838 2837 4892 κατέλιπε
2884 4838 3187 4903 κάκείνους,
3217 4838 3381 4908 μηδὲν
3422 4838 3615 4907 κέρδος
3653 4840 4021 4907 ἀπενεγκάμεο

2461 4946 2567 4988 νος.
2605 4929 2796 4999 Διῆλθε
2826 4929 2915 4983 διά
2941 4930 3048 4983 τῶν
3079 4930 3405 4996 ζωγράφων,
3438 4934 3533 4982 καὶ
3561 4930 3666 4983 τῶν
3700 4929 3792 4982 τὸν
3833 4931 4021 5000 χρυσὸν

2460 5021 2555 5074 καὶ
2582 5019 2817 5091 ἄργυρον
2851 5021 2958 5074 ἀπὸ
2998 5022 3101 5090 γῆς
3157 5021 3557 5091 ἀναφερόντων,
3593 5020 3683 5074 διά
3712 5024 3927 5073 πάντων
3966 5039 4018 5074 τε

2458 5110 2566 5165 τῶν
2602 5112 2882 5181 τεχνιτῶν,
2931 5114 3026 5169 καὶ
3073 5112 3328 5181 οὐδεμίαν
3361 5111 3659 5182 θεραπείαν
3691 5114 3879 5181 ῖσχυσε
3919 5116 4018 5177 τοῖς

2463 5203 2613 5267 ἰδίοις
2667 5206 2918 5274 ἐφευρεῖν
2955 5204 3252 5274 τραύμασι.
3302 5204 3467 5267 Τέλος
3500 5205 3856 5275 ἀναχωρήσας
3902 5204 4016 5257 τού-

2457 5313 2583 5362 των,
2624 5297 2874 5367 ἐπεζήτει
2902 5296 3081 5366 ἐαυτῷ
3118 5296 3249 5349 Θεὸν
3282 5294 3509 5365 ἰώμενον
3536 5295 3605 5348 τὰ
3641 5295 3783 5363 πάθη
3811 5296 3903 5347 καὶ
3929 5296 4015 5359 τὰς

2458 5388 2643 5450 νόσους
2676 5388 2774 5455 τῆς
2804 5386 3015 5457 ψυχῆς,
3054 5388 3129 5448 ώς
3171 5386 3229 5439 δέ
3278 5388 3646 5439 ἐπεσκέπτετο
3684 5386 3897 5450 ἐαυτὸν,
3934 5387 4013 5439 καὶ

2458 5478 2626 5531 ταῦτα
2654 5478 3000 5547 διελογίζετο,
3038 5478 3237 5550 εὑρέθη
3283 5480 3310 5531 ό
3335 5478 3457 5541 νοῦς
3501 5477 3665 5532 αὑτοῦ
3714 5480 3772 5531 ἐν
3800 5479 4012 5538 ἐκείνοις

2460 5570 2793 5640 ῥεμϐόμενος
2829 5573 2945 5633 τοῖς
2989 5570 3330 5640 πράγμασιν,
3358 5564 3434 5624 ὧν
3468 5568 3717 5640 φανερῶς
3754 5568 4012 5639 ἀνεχώρη-

2461 5676 2516 5711 σε
2528 5698 2540 5721 ,
2574 5663 2807 5728 μισήσας
2837 5661 2996 5715 αὑτά.

2528 5750 2603 5805 E'.
2635 5752 2846 5824 Ὠσπερ
2878 5752 2932 5805 δὲ
2985 5755 3117 5824 γυνή
3171 5771 3255 5817 τις
3317 5755 3373 5808 ἐν
3429 5753 3617 5824 κόσμῳ
3649 5752 3896 5821 πλουσία,
3931 5753 4008 5806 καὶ
