4254 6358
202 400 317 466 ’189

1391 394 1759 461 HOMILLE.
1788 415 1860 433 -·
1889 391 2076 457 ΗΟΜ.
2107 392 2277 455 XLV.

3340 383 3448 448 790

208 512 471 583 χρήματα
503 507 673 563 πολλὰ
696 507 790 564 καὶ
813 502 963 564 οῐκον
992 503 1262 581 λαμπρὸν
1280 508 1502 580 ἔχουσα,
1531 508 1774 563 λείπεται
1803 510 1852 567 Α
1877 504 1888 561 Ι

1803 504 2141 577 Aloeuples,
2203 504 2291 560 vel
2329 500 2538 573 amplas
2582 497 2807 557 divitias
2851 509 2915 552 ac
2974 492 3202 549 domum
3237 490 3454 561 magni-

210 600 578 671 προστασίας·
605 602 702 655 καὶ
740 600 789 654 oi
822 600 1180 673 έπερχόμενοι
1227 602 1320 655 επὶ
1365 601 1428 654 τὸ
1456 599 1655 670 βλάψαι
1684 600 1780 653 αὑ·

211 693 334 761 τὴν,
380 694 472 745 καὶ
513 693 616 756 τάς
649 693 894 763 οίκὴσεις
933 692 1243 763 έρημῶσαι,
1293 691 1515 746 πολλοί·
1555 690 1779 760 κάκείνη

220 785 293 854 μὴ
330 786 573 853 φέρουσα
599 785 701 855 τὴν
730 784 910 857 ὑδριν,
944 785 1291 856 περιέρχεται
1333 782 1572 855 ζητοῦσα
1613 782 1782 851 ἀνδρα

216 871 504 941 δυνάστην.
527 874 712 928 ίκανόν
741 889 801 928 τε
832 876 927 928 καὶ
961 873 1395 944 πεπαιδευμένον
1426 874 1484 926 έν
1509 872 1665 925 πᾶσι·
1690 870 1784 925 καὶ

218 961 347 1014 ὅταν
393 961 565 1016 πολλά
622 963 1009 1035 ἀγωνισαμένη
1076 962 1215 1034 λάϐῃ
1276 961 1517 1017 τοιοῦτον
1576 961 1743 1033 ἄνδρα
1765 997 1787 1023 .

218 1053 544 1122 ἀγαλλιᾶται
593 1053 682 1108 ἐπ’
715 1054 885 1127 αὑτῷ,
917 1053 1013 1108 καὶ
1050 1054 1164 1126 εχει
1202 1054 1363 1109 αὑτὸν
1405 1049 1527 1107 ἀντὶ
1570 1054 1786 1123 τείχους

220 1144 467 1215 ίσχυροῦ·
500 1146 593 1200 τὸν
622 1147 785 1200 αὑτὸν
814 1149 1013 1218 τρόπον
1054 1148 1089 1218 ἡ
1121 1147 1270 1218 ψυχὴ
1315 1146 1451 1218 μετά
1477 1147 1575 1217 τὴν
1604 1143 1786 1214 παρά·

219 1235 401 1300 σασιν,
433 1239 663 1291 ἐπιπολὺ
693 1238 934 1294 θλιϐεῖσα
962 1240 1068 1293 ὑπὸ
1091 1239 1189 1309 τῆς
1212 1238 1456 1302 ιναντίας
1482 1238 1782 1307 δυνάμεως,

220 1327 315 1379 καὶ
351 1330 429 1391 είς
461 1328 704 1397 μεγάλην
736 1330 970 1401 έρημίαν
1003 1329 1342 1402 ἐμπεσοῦσα,
1374 1328 1470 1383 καὶ
1501 1329 1665 1400 χήρα,
1690 1327 1785 1380 καὶ

222 1420 585 1488 μεμονωμένη
621 1420 729 1474 ἀπὸ
754 1421 847 1475 τοῦ
875 1421 1197 1492 έπουρανίου
1223 1422 1414 1491 ἀνδρὸς
1441 1420 1529 1475 διά
1558 1421 1657 1489 τὴν
1682 1435 1788 1473 πα-

221 1510 456 1581 ράῦασιν
499 1512 601 1581 τῆς
652 1512 873 1582 ἐντολῆς
919 1512 1344 1582 καταλειφθεῖσα
1394 1513 1489 1568 καὶ
1536 1514 1787 1582 παίγνιον

220 1603 423 1667 πάσαις
458 1606 579 1666 ταῖς
612 1605 1015 1674 ἀντικειμέναις
1054 1605 1314 1674 δυνάμεσι
1352 1602 1651 1675 γενομένη·
1702 1604 1788 1670 εξ-

1880 602 2038 656 ticam
2069 597 2373 669 possidens,
2412 593 2733 650 destituitur
2786 588 2990 644 auxilio
3017 594 3074 640 et
3101 582 3444 655 patrocinio;

1879 701 1935 747 et
1961 692 2056 761 qui
2091 692 2145 745 in
2173 703 2294 743 eam
2324 688 2615 756 insurgunt
2641 692 2704 736 ut
2729 695 2849 736 eam
2877 678 3096 740 laedant,
3126 684 3178 729 at
3216 674 3444 729 aedilicia

1882 781 2189 842 devastent,
2216 795 2327 833 non
2344 786 2472 831 sunt
2499 774 2694 845 pauci;
2724 773 2816 827 illa
2840 785 2951 824 non
2971 767 3159 822 ferens
3192 764 3447 834 injuriam

1882 872 2222 933 obambulat,
2270 882 2526 938 quaerens
2578 865 2759 919 virum
2816 866 3123 931 potentem.
3164 854 3448 914 idoneum,

1881 974 1939 1021 et
1986 965 2045 1019 in
2113 960 2371 1018 omnibus
2435 956 2756 1018 eruditum;
2805 962 2862 1008 et
2906 950 3001 1007 ubi
3061 955 3186 1019 post
3246 945 3450 999 multos

1882 1054 2113 1111 labores.
2154 1050 2460 1108 exsudatos
2510 1054 2673 1103 nacta
2717 1042 2886 1099 fuerit
2933 1038 3202 1111 ejusmodi
3244 1037 3449 1091 virum.

1884 1145 2125 1202 exsultat
2173 1149 2401 1214 propter
2456 1154 2605 1199 eum,
2653 1143 2711 1191 et
2758 1134 2924 1203 habet
2969 1145 3096 1186 eum
3143 1142 3245 1197 pro
3290 1140 3451 1180 muro

1881 1237 2101 1294 valido:
2146 1234 2349 1291 eodem
2382 1231 2545 1285 modo
2571 1229 2775 1292 anima,
2806 1233 2933 1295 post
2962 1219 3450 1290 transgressionem

1884 1331 2240 1386 vehementer
2272 1324 2341 1381 ab
2382 1320 2695 1378 adversaria
2744 1322 3015 1387 potestate
3042 1310 3260 1371 afﬂicta,
3300 1315 3357 1362 et
3397 1308 3452 1361 in

1884 1438 2136 1495 magnam
2168 1416 2519 1476 solitudinem
2576 1414 2786 1484 illapsa,
2834 1420 2891 1466 et
2918 1408 3083 1464 vidua
3134 1414 3191 1460 et
3235 1404 3454 1495 deserta

1885 1535 1915 1575 a
1963 1482 2173 1573 scelesti
2216 1511 2431 1583 Sponso
2463 1482 2689 1578 propter
2717 1499 3211 1571 transgressionem
3243 1482 3455 1565 peccati

1887 1608 2176 1668 derelicta,
2192 1619 2256 1659 ac
2278 1601 2520 1657 ludibrio
2541 1596 2806 1653 omnibus
2820 1589 3152 1647 adversariis
3170 1583 3452 1655 potestati-

221 1694 461 1803 ἔστησαν
504 1694 611 1803 γάρ
635 1694 806 1764 αὐτὴν
836 1695 946 1750 τῶν
982 1694 1124 1749 ἰδίων
1151 1694 1383 1766 φρενῶν,
1412 1694 1790 1765 θαμϐήσαντες
1888 1704 1901 1757 1

1774 1710 1790 1757 :
1888 1704 1995 1759 hus
2022 1701 2267 1770 exposita
2301 1697 2645 1769 (everterunt
2682 1690 2831 1744 enim
2878 1686 3024 1741 illam
3057 1698 3088 1738 a
3118 1696 3218 1736 sua
3248 1685 3454 1741 mente,

1774 1784 1789 1803 ’
2092 1792 2104 1803 “
2150 1800 2158 1803 -
2236 1789 2250 1803 “
2378 1794 2433 1803 νί·
2462 1783 2522 1803 ’⁸-
2554 1780 2833 1803 ³-ιληλιιη
2866 1772 3071 1803 ιιι-ΛΑΜῖ
3129 1784 3195 1803 nn
3234 1766 3454 1803 nnnnni-

220 1784 361 1890 ἀπὸ-
376 1787 478 1890 τῆς
507 1786 760 1890 οὐρανίου
788 1786 1048 1890 διανοίας,
1100 1786 1241 1839 ὥστε
1284 1787 1359 1857 μὴ
1402 1787 1535 1857 δρᾷν
1570 1786 1639 1839 τά
1696 1784 1789 1840 ὑπ’
1822 1810 1900 1884 Bg

1778 1784 1789 1808 ’
1822 1828 1866 1884 Β
1889 1804 2050 1863 atque
2074 1766 2439 1845 deturbarunt
2458 1783 2528 1837 ab
2554 1780 2836 1835 intellectu
2864 1772 3097 1835 cmlesti,
3126 1784 3196 1825 ne
3234 1766 3458 1835 conspi-

1927 1883 1939 1890 ⁵
2232 1878 2244 1890 ·
2301 1876 2398 1890 "vi
2443 1874 2489 1890 ομ
2525 1885 2635 1890 μμ
2680 1866 3094 1890 --_...-:...........
3162 1857 3254 1890 .ml
3300 1862 3455 1890 nnlnl

221 1873 403 1975 αὑτων
432 1874 513 1975 είς
542 1874 713 1975 αὐτην
745 1874 1023 1975 γινόμενα,
1065 1875 1200 1931 ἀλλά
1222 1877 1483 1946 νομίζειν,
1516 1874 1789 1938 ὅτιοῦτως
1822 1857 1866 1884 ’³
1892 1902 1901 1936 4

1780 1892 1789 1937 ῖ
1822 1857 1866 1884 υ
1892 1857 2022 1947 ciat,
2054 1894 2176 1950 quas
2197 1878 2266 1932 ah
2299 1876 2410 1930 illis
2442 1874 2498 1928 in
2518 1885 2646 1926 eam
2674 1866 3115 1925 committuntur,
3160 1857 3257 1914 sed
3300 1862 3460 1926 putet

2167 1972 2176 1975 ‘
2208 1972 2218 1975 ’
2424 1968 2436 1975 ⁸
2480 1966 2491 1975 ·
2589 1962 2601 1975 ‘
2771 1969 2781 1975 -
2858 1973 2868 1975 ξ
2892 1957 3007 1975 Διί-μ
3038 1954 3129 1975 --με
3161 1967 3221 1975 Α-
3267 1948 3455 1975 -..Διει-

222 1963 294 2071 ἐξ,
336 1963 512 2033 ἀρχῆς
532 1964 862 2071 γεγένηται.
908 1959 1043 2019 Εῐτα
1087 1965 1154 2019 δι’
1181 1966 1351 2035 ἀκοῆς
1399 1965 1646 2035 μαθοῦσα
1692 1966 1792 2034 τὴν
1888 1992 1902 2032 ι

1777 1981 1792 2018 θ
1888 1977 1969 2033 sic
1990 1948 2261 2030 ab'initio
2294 1962 2640 2037 contigisse);
2665 1957 3013 2032 postmodum
3038 1954 3133 2009 ubi
3159 1967 3226 2007 ex
3266 1948 3457 2004 auditu

2096 2063 2108 2071 .
2217 2062 2273 2071 .._
2338 2059 2371 2071 ..
2526 2070 2529 2071 ,
2591 2068 2663 2071 η--
2718 2050 2985 2071 λ--ι-..-.-
3012 2044 3345 2071 numnum“.
3362 2054 3457 2071 ...ο

226 2055 463 2125 μόνωσιν
488 2055 656 2125 αὐτῆς
686 2056 778 2108 καὶ
812 2056 1064 2127 ἐρημίαν,
1107 2057 1411 2123 στενάξασα
1439 2057 1670 2112 ἐνώπιον
1694 2057 1794 2127 τῆς
1890 2083 1906 2138 ι

1782 2073 1794 2119 ῖ
1890 2063 2139 2138 percepit
2155 2059 2505 2117 solitudinem
2516 2068 2694 2118 suam,
2711 2050 2991 2120 deplorata
3007 2044 3345 2101 desolatione
3361 2054 3462 2093 sua

223 2149 636 2219 φιλανθρωπίας
678 2148 773 2203 τοῦ
819 2148 978 2214 Θεοῦ,
1022 2143 1152 2213 εὗρε
1174 2150 1320 2219 ζωὴν
1361 2150 1453 2201 καὶ
1498 2147 1789 2218 σωτηρίαν.

222 2242 324 2293 Διά
352 2240 441 2305 τί;
488 2241 704 2310 Ἐπειδὴ
744 2240 972 2311 ἀνῆλθεν
1006 2243 1085 2303 εἱς
1119 2240 1218 2311 τὴν
1253 2239 1573 2308 συγγένειαν
1600 2238 1791 2308 αὐτῆς.

226 2333 469 2399 Οὐδεμία
506 2333 615 2402 γὰρ
651 2332 784 2403 άλλη
821 2349 906 2395 τις
956 2332 1228 2396 οίκείωσίς
1263 2334 1379 2385 ἔστι
1431 2332 1525 2384 καὶ⁵
1560 2330 1795 2398 ὠφέλεια

225 2424 477 2493 τοιαύτη,
521 2424 569 2475 εἰ
615 2424 691 2493 μὴ
725 2424 902 2493 ψυχῆς
944 2424 1081 2493 πρὸς
1133 2422 1286 2487 Θεὸν,
1329 2422 1422 2476 καὶ
1471 2420 1607 2475 Θεοῦ
1660 2420 1797 2490 πρὸς

227 2518 420 2587 αὑτήν.
467 2517 720 2586 Ἐποίησε
756 2516 862 2588 γὰρ
909 2516 938 2568 δ
981 2516 1113 2579 Θεὸς
1149 2515 1351 2585 ὀρνέων
1386 2515 1517 2585 γένη
1545 2513 1795 2583 διάφορα·

226 2611 298 2663 τά
331 2611 431 2679 μὲν
463 2609 605 2663 ὥστε
646 2607 909 2677 φωλεύειν
942 2609 1001 2659 ὲν
1030 2609 1098 2678 τῇ
1127 2609 1223 2677 γῇ,
1255 2606 1509 2660 κάκεῖθεν
1540 2605 1684 2674 έχειν
1702 2605 1800 2675 τὴν

226 2698 521 2770 διατροφὴν
562 2699 657 2753 καὶ⁸
705 2698 806 2769 τὴν
858 2697 1199 2750 ἀνάπαυσιν·
1241 2696 1308 2749 τά
1348 2695 1405 2748 δὲ
1449 2694 1800 2765 ᾤκονόμησεν

229 2791 338 2845 ὑπὸ
379 2790 451 2844 τὰ
492 2789 659 2842 ὑδατα
700 2786 981 2856 φωλεύειν,
1018 2785 1269 2839 κάκεῖθεν
1294 2785 1438 2855 ἔχειν
1472 2784 1571 2853 τὴν
1612 2782 1757 2853 ζωήν
1780 2798 1797 2815 ·

229 2884 632 2953 ἐδημιούργησε
680 2882 902 2935 καὶδύο
948 2882 1223 2948 κόσμους,
1272 2881 1363 2933 τὸν
1407 2881 1506 2950 μὲν
1534 2880 1645 2934 ἀνω
1690 2880 1802 2941 τοῖς

229 2973 623 3041 ὶειτουργικοῖς
664 2969 958 3038 πνεύμασι,
1022 2969 1116 3021 καὶ
1173 2969 1272 3036 τὴν
1326 2968 1602 3021 πολιτείαν
1657 2967 1803 3036 ἔχειν

232 3066 352 3115 ἐκεῖ
376 3062 674 3126 διετάξατο·
706 3063 797 3114 τὸν
820 3062 876 3114 δὲ
907 3061 1056 3114 κάτω
1082 3062 1193 3121 τοῖς
1219 3059 1549 3128 ἀνθρώποις,
1583 3058 1689 3112 ὑπὸ
1712 3058 1804 3111 τὸν

1892 2134 1950 2214 in
1979 2134 2274 2223 conspectu
2299 2142 2680 2203 humanissimi
2710 2141 2807 2196 Dei
2837 2137 3050 2193 invenit
3094 2134 3261 2187 vitam
3283 2138 3342 2185 et
3367 2142 3462 2185 sa-

1891 2252 2083 2305 lutem.
2104 2222 2481 2313 Quapropter?
2495 2236 2633 2303 Quia
2650 2246 2869 2289 reversa
2881 2240 2966 2286 est
2989 2226 3057 2283 ad
3074 2222 3464 2295 «agitationem

1897 2354 2073 2396 suam.
2106 2311 2266 2391 Nulla
2298 2330 2446 2386 enim
2480 2335 2565 2382 est
2594 2324 2718 2379 talis
2751 2319 3094 2377 familiaritas
3131 2324 3296 2384 atque
3344 2311 3466 2382 opi-

1898 2428 2113 2492 tulatio,
2159 2441 2223 2480 ac
2275 2432 2360 2478 est
2407 2421 2605 2475 anitnae
2652 2430 2779 2485 erga
2832 2413 3027 2473 Deum,
3080 2417 3135 2463 et
3188 2402 3287 2460 Dei
3335 2417 3465 2473 erga

1897 2522 2155 2578 animam.
2204 2512 2466 2572 Condidit
2509 2510 2660 2564 enim
2705 2507 2851 2561 Deus
2898 2503 3083 2558 avium
3140 2510 3343 2569 genera
3383 2494 3470 2549 di-

1897 2627 2092 2669 versa:
2121 2607 2385 2679 quasdam
2411 2612 2471 2657 ut
2495 2601 2655 2655 nidos
2681 2600 3012 2665 componant
3043 2591 3099 2645 in
3140 2597 3304 2651 terra,
3332 2585 3472 2641 etin

1897 2716 1962 2757 ea
1990 2673 2225 2753 habeant
2245 2702 2459 2764 pastum
2487 2704 2551 2744 ac
2571 2686 2852 2755 requiem:
2881 2679 3143 2753 quasdam
3174 2689 3306 2730 vero
3320 2673 3474 2728 ordi-

1898 2789 2071 2849 navit,
2098 2793 2160 2840 ut
2187 2784 2289 2840 sub
2316 2782 2475 2851 aquis
2505 2776 2807 2840 nidificent,
2869 2771 3107 2840 indeque
3147 2767 3315 2821 vitam
3367 2764 3470 2817 ha-

1901 2878 2063 2933 beant
2086 2892 2100 2928 :
2133 2870 2422 2929 fabricavit
2436 2879 2657 2937 quoque
2677 2861 2953 2931 duplicem
2976 2855 3274 2919 mundum;
3299 2866 3471 2906 unum

1901 2967 2263 3038 superiorem,
2294 2954 2777 3015 administratoriis
2798 2951 3107 3021 spiritibus,
3122 2956 3183 3002 ut
3208 2946 3318 2999 illic
3336 2958 3473 2999 eou-

1901 3033 2211 3118 versentur,
2224 3049 2542 3112 constituit;
2565 3047 2798 3099 alterum
2817 3041 3132 3097 inferiorem
3153 3033 3476 3090 hominibus

231 3154 373 3223 ἀέρα
398 3151 589 3204 τοῦτον
618 3168 630 3180 ⁸
664 3152 846 3204 ἔκτισε
879 3152 935 3205 δὲ
965 3152 1059 3203 καὶ
1092 3152 1318 3220 οὐρανὸν
1362 3152 1457 3203 καὶ
1488 3151 1623 3219 γῆν,
1654 3149 1804 3220 ἥλιον
1828 3152 1876 3214 c
1905 3168 1911 3206 ι

1793 3152 1876 3214 να
1905 3150 2009 3209 sub
2050 3149 2156 3202 hoc
2202 3158 2350 3199 aere.
2402 3139 2620 3197 Creavit
2664 3148 2883 3207 quoque
2932 3131 3131 3187 caelum
3162 3137 3218 3182 et
3248 3134 3473 3191 terram,

233 3250 330 3299 καὶ
361 3246 610 3315 σελήνην,
640 3244 827 3308 ὑδατα,
863 3243 1053 3312 δένδρα
1096 3243 1450 3311 καρποφόρα,
1485 3239 1618 3310 γένη
1649 3240 1803 3304 ζώων

237 3332 527 3386 παντοίων·
566 3332 681 3384 ἀλλ’
710 3333 767 3383 έν
815 3332 987 3384 οὐδενὶ
1026 3331 1204 3382 αὑτῶν
1232 3333 1260 3382 ὁ
1284 3330 1417 3393 Θεὸς
1455 3329 1807 3381 έπαναπαύε-

232 3441 347 3477 ται.
386 3424 539 3476 Πᾶσα
570 3423 602 3491 ἡ
630 3421 805 3482 κτίσις
835 3422 924 3473 ὑπ’
955 3420 1119 3474 αὑτοῦ
1152 3420 1507 3489 κεκράτηται,
1544 3419 1806 3491 καὶλδμως

236 3517 339 3569 οὑκ
378 3489 599 3583 ἔπηξεν
619 3516 676 3566 ὲν
707 3512 889 3574 αὑτοῖς
921 3510 1129 3581 θρόνον,
1158 3510 1282 3563 οὔτε
1319 3512 1601 3572 κοινωνίας
1634 3489 1808 3579 ἡρμό-

239 3625 393 3671 cato,
424 3606 474 3658 εί
496 3606 570 3676 μὴ
598 3607 655 3657 εν
684 3602 956 3673 ἀνθρώπῳ
986 3603 1144 3670 μόνον
1168 3600 1448 3669 εὑδόκησε,
1476 3600 1809 3668 κοινωνήσας

239 3697 412 3766 αὐτῷ,
442 3697 537 3749 καὶ
570 3693 1119 3761 έπαναπαυσάμενος.
1156 3690 1320 3761 Ὁρᾷς
1351 3684 1454 3743 ὧδε
1493 3690 1811 3757 συγγένειαν

240 3786 381 3839 Θεοῦ
407 3785 543 3854 πρὸς
569 3783 878 3854 ἄνθρωπον,
901 3782 996 3836 καὶ
1030 3781 1317 3850 ἀνθρώπου
1345 3780 1485 3849 πρὸς
1524 3780 1656 3833 Θεόν
1679 3796 1695 3846 ;
1748 3779 1812 3832 Ἠ

239 3873 337 3931 οὖν
367 3875 563 3943 συνετὴ
591 3876 685 3927 καὶ
711 3873 947 3942 φρονίμη
979 3872 1125 3940 ψυχὴ
1149 3869 1507 3939 περιελθοῦσα
1539 3871 1715 3922 πάντα
1744 3868 1814 3921 τά

242 3969 729 4039 δημιουργήματα,
765 3966 864 4033 οὐχ
909 3959 1066 4035 εὗρεν
1092 3963 1397 4016 ἀνάπαυσιν
1426 3964 1615 4031 ἑαυτῇ,
1654 3963 1702 4014 εί
1738 3960 1812 4030 μὴ

246 4062 410 4129 μόνον
455 4062 513 4112 ὲν
545 4059 751 4127 Κυρίῳ·
782 4058 876 4109 καὶ
918 4058 946 4108 ὁ
976 4054 1179 4125 Κύριος
1204 4057 1260 4107 ὲν
1295 4054 1473 4108 οὐδενὶ
1500 4054 1811 4125 εὐδόκησεν,

242 4153 298 4205 εί
326 4150 406 4223 μὴ
436 4151 597 4222 μόνον
628 4152 686 4202 εν
714 4148 1008 4221 ἀνθρώπῳ.

321 4334 413 4398 στ’.
464 4331 564 4383 ‘Av
611 4328 920 4399 ἑκπετάστις
977 4326 1105 4388 τοὺς
1153 4325 1467 4397 ὀφθαλμοὺς
1529 4327 1667 4396 πρὸς
1726 4326 1818 4378 τὸν

246 4423 423 4494 ἥλιον,
463 4420 737 4490 εὑρίσκεις
759 4421 817 4471 έν
844 4417 1058 4490 οὐρανῷ
1103 4418 1193 4471 τὸν
1218 4412 1417 4471 κύκλον
1449 4418 1614 4473 αὑτοῦ
1636 4434 1650 4449 ·
1676 4419 1736 4472 τὸ
1760 4417 1816 4471 δὲ

248 4513 368 4583 φῶς
397 4511 616 4574 καὶτὰς
649 4511 873 4571 ἀκτῖνας
918 4509 1013 4561 έπὶ
1056 4508 1160 4577 γῆν
1195 4508 1465 4579 ῥεπούσας
1505 4510 1599 4563 καὶ
1639 4511 1818 4563 πᾶσαν

248 4602 349 4670 τὴν
394 4599 622 4668 δύναμιν
666 4597 760 4650 τοῦ
804 4596 1003 4664 φωτὸς,
1054 4597 1149 4649 καὶ
1196 4598 1295 4665 τὴν
1329 4597 1647 4668 λαμπηδόνα
1686 4598 1820 4667 πρὸς

250 4692 357 4759 γῆν
387 4691 713 4761 φερομένην·
744 4688 915 4751 οὑτως
952 4690 1046 4742 καὶ
1082 4690 1111 4741 ό
1155 4689 1353 4756 Κύριος
1392 4691 1456 4741 έκ
1504 4689 1695 4754 δεξιῶν
1726 4691 1820 4744 τοῦ

253 4783 468 4853 Πατρὸς
520 4782 772 4851 ὑπεράνω
806 4780 987 4849 πάσης
1033 4781 1208 4850 ἀρχῆς
1244 4783 1335 4834 καὶ
1378 4781 1628 4847 ἐξουσίας
1691 4781 1823 4835 κάθη-

249 4885 401 4941 ηται·
437 4871 529 4924 τὸν
580 4871 637 4924 δὲ
678 4870 955 4940 ὀφθαλμὸν
996 4871 1162 4924 αὑτοῦ
1202 4872 1284 4934 είς
1308 4873 1404 4933 τὰς
1458 4872 1680 4941 καρδίας
1711 4872 1821 4926 τῶν

252 4965 347 5015 ἐπὶ
404 4962 509 5029 γῆς
550 4960 853 5029 ἀνθρώπων
882 4959 995 5029 ἔχει
1033 4960 1349 5030 τεταμένον,
1380 4962 1527 5025 ὅπως
1554 4962 1679 5025 τοὺς
1710 4963 1821 5015 άπ-

252 5051 639 5123 εκδεχομένους
671 5049 768 5119 τὴν
815 5050 943 5121 παρ’
986 5049 1150 5103 αὑτοῦ
1206 5050 1479 5120 βοήθειαν,
1532 5051 1821 5122 ἀνενέγκῃ,

252 5144 381 5196 ἔνθα
424 5142 585 5201 αὑτὸς
615 5142 871 5210 ὑπάρχει,
905 5140 1091 5209 επειδὴ
1122 5141 1289 5209 λέγει,
1317 5143 1508 5197 Ὅπου
1532 5144 1647 5211 ἐγώ
1682 5146 1818 5213 ειμι,

252 5230 376 5287 ἐκεῖ
422 5231 520 5284 καί
569 5232 602 5283 d
644 5229 925 5293 διάκονος
962 5231 994 5281 ὀ
1042 5229 1185 5296 ἐμὸς
1236 5230 1427 5283 ἔσται.
1465 5230 1571 5282 Καὶ
1601 5229 1764 5283 πάλιν
1794 5231 1823 5283 ὀ

254 5324 486 5385 Παῦλος·
515 5323 636 5374 Ὅτι
664 5320 984 5388 συνήγειρε
1010 5318 1107 5371 καί
1130 5321 1531 5375 συνεκείθισεν
1555 5321 1626 5374 ἐν
1654 5319 1824 5388 δεξιᾷ

253 5411 443 5467 αὐτοῦ
475 5411 546 5464 ἐν
577 5409 702 5475 τοῖς
746 5409 1147 5477 ἐπουρανίοις.
1193 5410 1333 5462 Πολὺ
1382 5410 1440 5463 δέ
1488 5411 1658 5479 άλογα
1706 5411 1821 5475 ζῶα

256 5499 604 5570 συνετώτερά
653 5500 789 5552 είσιν
820 5498 995 5567 ἡμῶν.
1051 5499 1159 5551 Καὶ
1209 5499 1319 5566 γὰρ
1358 5499 1589 5554 ἓκαστον
1640 5499 1821 5553 αὑτῶν

257 5593 590 5645 συνήνωνται
621 5590 686 5659 τῇ
720 5589 825 5660 ίδίᾳ
855 5590 1035 5658 φύσει,
1062 5588 1129 5641 τά
1173 5588 1340 5658 ἄγρια
1368 5590 1503 5660 πρὸς
1530 5589 1600 5643 τὰ
1630 5588 1815 5661 ἄγρια,

330 5789 371 5819 ⁸⁶
401 5786 553 5842 Joan.
586 5802 684 5848 xu,
717 5787 806 5853 26,
881 5787 924 5820 "
951 5786 1150 5859 Ephes.
1180 5804 1236 5853 ιι,
1266 5788 1318 5853 5,
1348 5788 1397 5842 6.

1905 3242 2079 3298 solem
2109 3252 2175 3293 ac
2203 3236 2411 3295 lunam,
2440 3243 2630 3300 aquas,
2664 3226 2892 3280 arbores
2918 3220 3250 3278 fructiferas,
3295 3224 3353 3270 et
3375 3228 3472 3268 va-

1908 3332 2118 3386 riorum
2152 3324 2470 3381 animalium
2503 3332 2739 3389 genera:
2781 3315 2837 3369 in
2880 3311 3037 3366 nullo
3065 3318 3246 3362 tamen
3275 3305 3478 3358 horum

1912 3417 2209 3490 requiescit
2230 3416 2391 3469 Deus.
2422 3410 2686 3467 Universa
2709 3413 2962 3460 creatura
2996 3400 3100 3456 sub
3123 3400 3243 3469 ejus
3264 3405 3350 3452 est
3371 3396 3477 3450 im-

1910 3510 2103 3581 perio;
2133 3520 2237 3561 nec
2266 3514 2449 3558 tamen
2478 3495 2785 3554 construxit
2803 3496 2858 3548 in
2889 3492 2971 3547 eis
2997 3492 3279 3552 thronum,
3298 3500 3479 3555 neque

1915 3603 2236 3659 societatem
2264 3595 2409 3658 iniit,
2448 3590 2555 3645 nisi
2591 3590 2646 3642 in
2672 3584 2893 3640 homine
2933 3582 3051 3637 solo
3087 3578 3478 3648 complacitum

1912 3700 1964 3753 ei
2009 3705 2113 3761 est,
2164 3708 2230 3748 ac
2275 3689 2595 3745 societatem
2637 3695 2762 3736 cum
2805 3693 2872 3733 eo
2910 3673 3202 3737 contraxit,
3242 3670 3383 3727 etin
3410 3683 3484 3725 eo

1913 3788 2226 3862 requiescit.
2258 3780 2495 3837 Videsne
2511 3774 2602 3829 hic
2630 3771 3009 3841 cognationem
3056 3764 3155 3820 Dei
3201 3776 3328 3818 cum
3374 3761 3481 3817 ho-

1914 3885 2082 3945 mine,
2108 3887 2165 3933 et
2200 3871 2439 3929 hominis
2460 3881 2585 3922 cum
2610 3862 2763 3918 Deo?
2792 3860 2965 3929 Sagax
2983 3871 3114 3926 ergo
3148 3866 3207 3911 et
3236 3854 3483 3925 prudens

1915 3974 2097 4031 anima
2125 3964 2503 4039 pertransiens
2544 3964 2771 4014 cunctas
2793 3959 3101 4012 creaturas,
3133 3964 3242 4003 non
3268 3945 3481 4006 invenit

1915 4062 2158 4131 requiem
2215 4055 2318 4109 sibi
2373 4052 2500 4122 ipsi,
2562 4046 2669 4102 nisi
2722 4045 2899 4098 solum
2951 4043 3009 4095 in
3067 4040 3329 4093 Domino:
3375 4051 3480 4092 nec

1916 4126 2148 4209 Domino
2178 4148 2235 4201 in
2286 4143 2395 4198 ullo
2444 4135 2830 4207 complacitum
2884 4140 2989 4195 est,
3036 4128 3143 4184 nisi
3190 4128 3369 4182 solum
3420 4126 3479 4182 in

1994 4245 2160 4297 mine.

1956 4259 2085 4299 omu
2148 4282 2160 4296 .

1917 4246 1951 4300 h
1989 4257 2162 4391 νιζί
2184 4328 2463 4400 expaudas
2490 4325 2681 4380 oculos
2707 4322 2777 4377 ad
2808 4317 3229 4387 solem,reperis
3262 4315 3317 4369 in
3338 4313 3479 4368 celo

1920 4426 2186 4483 circulum
2222 4422 2373 4490 ejus:
2430 4418 2615 4472 lumen
2660 4422 2846 4469 autem
2886 4419 2945 4467 et
2984 4410 3169 4466 radios
3196 4407 3253 4461 in
3277 4414 3478 4460 terram

1922 4531 2167 4588 vergere,
2198 4522 2364 4581 atque
2387 4522 2606 4563 onmem
2638 4506 2747 4560 vim
2781 4502 3007 4557 luminis
3041 4509 3099 4556 et
3133 4495 3478 4567 splendorem

1920 4608 1987 4663 ad
2021 4579 2235 4660 terram
2264 4579 2466 4654 deferri
2496 4610 2510 4646 :
2545 4594 2625 4648 sic
2668 4604 2887 4661 quoque
2920 4586 3182 4643 Dominus
3209 4598 3240 4638 a
3274 4579 3483 4636 dextris

1925 4696 2081 4770 145
2129 4692 2308 4747 Patris
2340 4701 2505 4758 Super
2547 4696 2767 4739 omnem
2806 4677 3172 4750 principatum
3228 4683 3287 4727 et
3324 4678 3481 4742 pote-

1922 4760 2119 4847 s—ta-tem
2182 4785 2369 4847 sedet;
2446 4777 2667 4834 oculum
2732 4781 2916 4827 autem
2988 4780 3150 4822 suum
3207 4765 3261 4819 in
3315 4760 3483 4815 corda

1922 4880 2208 4936 hominum
2260 4877 2316 4929 in
2380 4881 2519 4926 terra
2581 4863 2887 4919 viventium
2940 4858 3109 4913 habet
3156 4862 3484 4909 extentum.

1926 4980 1985 5026 ut
2034 4984 2130 5024 eos
2184 4966 2279 5037 qui
2332 4961 2639 5030 suscipiant
2688 4956 2758 5010 ab
2798 4968 2868 5009 eo
2922 4950 3210 5013 auxilium,
3262 4942 3487 5001 extollat

1923 5080 2011 5129 eo,
2071 5061 2165 5117 ubi
2204 5062 2320 5129 ipse
2368 5062 2471 5110 est.
2520 5048 2791 5115 Quoniam
2833 5044 3039 5114 inquit:
3091 5040 3185 5096 Ubi
3220 5053 3337 5092 sum
3369 5051 3485 5105 ego,

1922 5128 2032 5209 illic
2055 5128 2258 5223 quoque
2287 5148 2522 5201 minister
2545 5158 2687 5196 metu
2715 5139 2814 5192 erit
2832 5138 2897 5189 ⁸⁸.
2920 5135 2989 5190 Et
3014 5134 3215 5187 iterum
3248 5128 3447 5184 Paulus
3469 5142 3484 5179 :

1924 5218 2095 5299 Simul
2126 5218 2470 5298 resuscitat)“,
2518 5239 2567 5287 et
2598 5226 2756 5285 simul
2778 5226 2955 5281 sedere
2987 5224 3105 5294 fecit
3127 5221 3195 5274 ad
3219 5218 3489 5271 dexteram

1924 5352 2080 5391 suam
2119 5336 2256 5387 inter
2304 5326 2530 5383 causam
2577 5322 2644 5375 ".
2710 5320 2914 5375 Verum
2964 5312 3220 5369 animalia
3276 5308 3488 5365 ratione

1929 5429 2212 5489 deStituta,
2260 5427 2388 5477 sunt
2452 5419 2613 5486 longe
2673 5407 3098 5480 intelligentiora
3150 5418 3314 5474 quam
3364 5413 3486 5455 nos.

1929 5513 2369 5585 Unumquodque
2394 5509 2541 5565 enim
2583 5506 2780 5559 horum
2831 5498 3021 5555 unitur
3068 5494 3156 5557 iis,
3205 5505 3329 5563 qua:
3361 5496 3491 5544 sunt

1926 5610 2169 5685 ejusdem
2204 5615 2433 5668 naturze,
2457 5597 2691 5671 agrestia
2726 5590 3056 5665 agrestibus,
3095 5594 3155 5643 et
3195 5597 3331 5641 oves
3375 5594 3491 5635 sua:
