4254 6358
768 378 869 446 ’191

1989 383 2049 447 S.
2087 378 2407 445 MACARII
2445 380 2765 443 EGYPTII

3922 371 4041 437 793

768 491 994 561 speciei.
1020 490 1103 545 Tu
1139 506 1271 546 vero
1310 505 1418 546 non
1445 490 1738 547 reverteris
1781 490 1849 545 ad
1890 491 2166 547 cmlestem
2187 499 2336 545 tuam
2362 489 2448 549 Ai

2362 489 2530 549 Ακαὶ
2565 491 2635 541 τά
2687 486 2933 558 πρόϐατα
2967 486 3104 568 πρδς
3142 486 3205 539 τδ
3259 484 3390 539 ἴδιον
3438 484 3616 553 γένος’
3666 481 3764 534 καὶ
3816 483 3885 536 σὺ
3927 485 4037 536 οὐκ

770 584 1171 654 cognationem,
1196 599 1317 653 quae
1335 592 1421 637 est
1450 584 1748 646 Dominus;
1783 583 1878 638 sed
1916 583 2340 653 c0gitationibus

770 678 881 727 tuis
927 674 1097 728 tradis
1146 684 1197 728 te
1241 682 1298 728 et
1348 675 1634 729 assentiris
1683 675 2111 745 cogitationibus
2134 674 2337 743 pravis,

768 760 988 827 adjutor
1010 761 1220 829 peccati
1252 760 1451 821 factus.
1477 762 1704 831 ejusque
1731 778 1833 830 ope
1867 763 1967 816 tibi
2000 763 2100 831 ipsi
2138 761 2339 814 bellum

772 848 962 911 infers,
999 862 1163 915 atque
1199 849 1337 903 adeo
1373 864 1553 903 escam
1603 850 1776 904 hostis
1833 860 1883 904 te
1933 852 2109 919 ipsum
2139 850 2341 904 consti-

770 939 902 995 tuis.
942 939 1171 1007 perinde
1204 955 1265 993 ac
1294 940 1338 993 si
1368 940 1482 993 avis
1507 940 1575 993 ab
1596 941 1776 1009 aquila
1805 941 2197 1008 comprehensa
2242 940 2340 992 ab-

773 1039 1022 1082 sumatur
1053 1031 1288 1084 autovis
1310 1047 1339 1083 a
1369 1032 1519 1099 lupo,
1540 1040 1635 1084 aut
1661 1030 2341 1101 puerignoransextendat

773 1134 992 1172 manum
1017 1136 1171 1173 suam
1197 1121 1262 1173 ad
1295 1132 1625 1189 serpentem.
1676 1136 1705 1173 a
1740 1137 1849 1189 quo
1899 1136 2095 1175 exesus
2126 1120 2339 1174 inﬂam-

771 1222 971 1263 mctur.
1013 1211 1422 1264 Similitudines
1452 1212 1600 1265 enim
1640 1211 1790 1264 velut
1841 1208 2075 1281 efﬁgiem
2145 1218 2342 1281 gerunt

772 1315 956 1353 rerum
986 1300 1377 1368 spiritualium.

842 1501 950 1554 VII.
981 1500 1452 1566 Quemadmodum
1478 1516 1609 1553 vero
1643 1498 1797 1568 virgo
1834 1498 1990 1552 dives
2012 1496 2341 1567 desponsata

768 1592 910 1653 viro,
938 1607 1279 1659 quaecunque
1328 1590 1604 1658 acceperit
1651 1590 1793 1643 dona
1833 1599 1957 1642 ante
1991 1590 2340 1657 conjunctio-

769 1695 917 1743 nem,
954 1682 1071 1733 sive
1104 1688 1444 1743 ornamenta,
1482 1680 1596 1731 sive
1642 1680 2053 1740 vestimentum,
2087 1680 2200 1732 sive
2246 1695 2341 1732 su-

769 1772 1098 1841 pellectilem
1128 1771 1446 1839 pretiosam,
1477 1785 1587 1822 non
1621 1771 1856 1839 quiescit
1886 1770 1940 1823 in
1996 1769 2123 1834 illis,
2166 1768 2341 1822 donec

771 1873 987 1930 tempus
1022 1866 1336 1929 nuptiarum
1379 1862 1685 1924 advenerit,
1719 1871 1776 1915 et
1815 1862 2201 1932 conjunctione
2244 1876 2344 1931 po-

770 1951 869 2003 tita
901 1950 1105 2003 fuerit:
1155 1950 1233 2002 sic
1274 1965 1494 2017 quoque
1532 1950 1715 2003 anima
1751 1958 1935 2019 aptata
1987 1952 2041 2004 in
2087 1965 2344 2019 sponsam

768 2036 978 2091 crclesti
1016 2035 1247 2104 Sponso,
1275 2035 1472 2104 accipit
1507 2036 1872 2090 arrhabonem
1909 2052 1939 2091 e
1965 2037 2195 2104 Spiritu,
2230 2037 2344 2091 sive

769 2130 912 2183 dona
953 2131 1322 2193 sanationum,
1366 2132 1479 2184 sive
1505 2133 1853 2200 cognitionis,
1886 2133 2001 2186 sive
2052 2133 2344 2188 revelatio-

769 2222 858 2276 nis
898 2244 912 2274 ς
945 2222 1039 2275 sed
1063 2237 1170 2274 non
1210 2222 1554 2290 conquiescit
1581 2222 1636 2274 in
1668 2221 1797 2286 illis,
1831 2221 2009 2277 donec
2036 2238 2346 2291 consequa-

772 2318 863 2362 tur
894 2310 1107 2376 plenam
1146 2310 1488 2373 societatem,
1533 2308 1637 2363 hoc
1689 2317 1773 2363 est
1816 2309 2191 2373 dilectionem,
2224 2325 2346 2377 qua:

769 2410 897 2448 cum
932 2412 1035 2449 nec
1066 2405 1334 2458 mutetur,
1372 2412 1473 2450 nec
1514 2396 1752 2459 excidat,
1783 2396 1966 2449 omnis
1996 2396 2266 2464 passionis
2290 2402 2345 2449 et

771 2483 1153 2536 concussionis
1205 2491 1458 2550 expertes
1488 2482 1779 2535 constituit
1810 2482 1952 2545 illos,
1979 2482 2073 2552 qui
2102 2498 2221 2535 eam
2247 2482 2345 2535 de-

770 2575 1039 2628 siderant.
1070 2574 1177 2627 Aut
1208 2574 1675 2642 quemadmodum
1709 2574 1889 2627 infans
1928 2574 2161 2627 amictus
2203 2589 2347 2626 mar-

772 2666 967 2735 garitis
993 2674 1049 2718 et
1077 2664 1413 2719 indumentis
1459 2664 1737 2733 pretiosis,
1769 2664 1861 2718 ubi
1896 2664 2175 2728 esurierit,
2208 2664 2345 2718 nihil

768 2758 1005 2809 aestimat
1033 2770 1154 2825 qua:
1194 2764 1393 2824 gestat,
1447 2756 1542 2809 sed
1585 2770 1649 2809 ea
1689 2755 1935 2823 negligit,
1962 2770 2180 2807 omnem
2214 2770 2345 2808 vero

772 2865 960 2902 curam
1012 2849 1177 2901 habet
1223 2849 1277 2901 in
1323 2848 1563 2901 mamilla
1601 2848 2002 2916 alimenti,quo
2055 2856 2215 2916 pacto
2263 2848 2345 2901 lac

769 2939 1008 3006 accipiat
1034 2955 1047 2989 :
1070 2939 1213 2990 idem
1240 2952 1466 3005 quoque
1492 2944 1681 3004 putato
1721 2936 1856 2989 mihi
1886 2937 1939 2989 in
1963 2936 2345 3005 spiritualibus

769 3030 931 3084 donis
962 3029 1077 3083 Dei.
1114 3028 1215 3083 Cui
1246 3029 1419 3097 gloria
1452 3028 1507 3080 in
1528 3027 1747 3081 saecula.
1783 3026 1976 3083 Amen.

1304 3153 1585 3207 HOMILIA
1625 3152 1810 3207 XLVI.

770 3242 848 3300 De
907 3242 1198 3310 differentia
1256 3242 1395 3293 inter
1450 3240 1670 3310 Verbum
1734 3239 1829 3292 Dei
1872 3248 1921 3292 et
1963 3240 2101 3310 inter
2136 3241 2346 3295 verbum

844 3306 1026 3366 mundi
1060 3321 1149 3365 :et
1197 3313 1336 3364 inter
1386 3309 1527 3377 ﬁlios
1574 3309 1671 3363 Dei
1718 3318 1769 3362 et
1810 3311 1947 3363 inter
2003 3306 2141 3376 ﬁlios
2188 3312 2346 3381 hujus

844 3383 1052 3435 mundi.

841 3492 885 3547 l.
920 3492 1160 3546 Verbum
1216 3494 1334 3558 Dei,
1388 3494 1533 3546 Deus
1579 3499 1664 3547 est
1694 3531 1709 3556 ,
1757 3502 1812 3547 et
1862 3494 2091 3547 verbum
2124 3493 2347 3559 mundi,

776 3584 1018 3638 mundus
1043 3594 1148 3637 est.
1172 3585 1422 3653 Magnum
1451 3599 1581 3638 vero
1603 3585 1897 3638 discrimen
1925 3594 1981 3638 et
2002 3585 2349 3638 intervallum

773 3684 857 3728 est
908 3676 1052 3728 inter
1110 3673 1343 3728 Verbum
1400 3675 1494 3728 Dei
1542 3684 1598 3728 et
1658 3675 1802 3728 inter
1841 3675 2069 3728 verbum
2122 3676 2347 3739 mundi,

773 3776 937 3833 atque
967 3767 1110 3819 inter
1138 3765 1277 3819 ﬁlios
1298 3764 1393 3819 Dei
1426 3774 1481 3818 et
1538 3766 1680 3818 inter
1707 3766 1846 3818 ﬁlios
1876 3766 2087 3820 mundi.
2112 3766 2349 3834 Utraque

771 3856 919 3908 enim
947 3857 1129 3923 proles
1181 3870 1408 3909 suorum
1458 3855 1654 3909 similis
1693 3864 1778 3908 est
1827 3864 2145 3923 parentum.
2172 3856 2226 3909 Si
2258 3872 2351 3910 vo-

775 3948 943 4002 luerit
964 3963 1095 4017 ergo
1128 3964 1365 4016 proliago
1409 3948 1631 4017 spiritus
1649 3947 1867 4000 tradere
1897 3962 1954 4002 se
1985 3949 2155 4016 ipsam
2184 3947 2351 4001 verbo

777 4040 991 4099 mundi,
1059 4054 1121 4091 ac
1181 4040 1349 4092 rebus
1403 4039 1662 4103 terrenis,
1712 4050 1879 4107 atque
1925 4039 2112 4107 gloria:
2168 4040 2352 4093 saeculi

776 4132 959 4200 hujus,
1014 4130 1378 4183 mortiﬁcatur
1409 4139 1465 4183 et
1515 4131 1680 4199 perit,
1720 4130 1927 4198 quippe
1984 4145 2106 4198 quae
2165 4146 2350 4185 veram

778 4222 1024 4290 requiem
1070 4220 1196 4274 vitae
1235 4220 1498 4289 consequi
1554 4236 1661 4274 non
1712 4220 1903 4289 possit.
1938 4220 2176 4288 Requies
2201 4222 2348 4274 enim

778 4316 902 4381 ejus
934 4312 1048 4365 illic
1076 4322 1183 4374 est,
1220 4312 1365 4365 unde
1408 4322 1669 4381 prognata
1695 4320 1796 4365 est.
1836 4311 2149 4365 Suﬂocatur
2177 4314 2347 4377 enim,

776 4413 838 4457 ut
877 4403 1355 4471 inquitDominus,
1396 4412 1451 4456 et
1484 4402 1861 4456 infructuosus
1882 4404 2134 4458 redditur
2169 4405 2347 4458 Verbo

2442 578 2718 648 ἐπανέρχῃ
2770 578 2906 643 πρὸς
2959 576 3057 644 τὴν
3090 576 3338 646 οὐράνιόν
3368 592 3463 627 σου
3508 574 3854 642 συγγένειαν,
3904 574 4040 641 ἣτις

2441 668 2591 719 ἐστὶν
2619 670 2645 719 ό
2670 666 2892 736 Κύριος·
2920 667 3055 720 ἀλλά
3088 666 3441 728 συνεπιδιδοῖς
3475 666 3569 717 καὶ
3607 664 3885 725 συννεύεις
3914 666 4041 725 τοῖς

2440 756 2719 823 λογισμοῖς
2754 773 2846 807 σου
2898 756 2976 817 είς
3013 756 3136 817 τοὺς
3175 755 3468 822 λογισμοὺς
3498 754 3599 821 τῆς
3645 752 3866 813 κακίας,
3904 751 4040 815 βοη-

2444 847 2535 909 θὸς
2579 839 2691 914 ⁴τῆς
2743 845 3015 914 ἁμαρτίας
3049 846 3360 911 γενόμενος,
3408 844 3501 896 καὶ
3545 844 3641 894 σὺν
3676 843 3812 909 αὐτῇ
3845 840 4039 907 ἑαυτῷ

2440 935 2710 1003 πολεμῶν,
2746 936 2838 987 καὶ
2870 934 3012 986 οῦτω
3058 933 3400 1002 κατάὄρωμα
3452 932 3546 984 τοῦ
3602 931 3796 999 ἐχθροῦ
3851 930 4038 981 ποιῶν

2440 1027 2649 1078 ἑαυτόνο
2677 1024 2864 1094 ὥσπερ
2897 1025 2961 1077 ἂν
2992 1025 3177 1093 ὄρνεον
3208 1025 3313 1075 ὑπο
3346 1023 3506 1076 ἀετοῦ
3547 1021 3848 1091 ωλληφθέν
3886 1038 4037 1072 κατ-

2440 1116 2708 1186 αναλωθῇ,
2734 1117 2767 1186 ἢ
2796 1116 3064 1185 πρόϐατον
3097 1115 3200 1167 ὑπὸ
3244 1114 3409 1169 λύκου
3436 1155 3451 1178 ,
3483 1113 3516 1181 ἢ
3548 1114 3761 1167 παιδίον
3790 1110 4037 1177 ἀγνοοζν

2440 1205 2653 1276 ἐκτείνῃ
2680 1206 2778 1274 τὴν
2805 1208 2961 1274 χεῖρα
2991 1204 3154 1257 αὑτοῦ
3204 1204 3340 1273 πρὸς
3378 1203 3521 1270 ὅφιν,
3571 1203 3667 1253 καὶ
3691 1201 3900 1269 βρωθὲν
3939 1201 4035 1250 ὑπ’

2441 1298 2606 1351 αὑτοῦ
2637 1297 2923 1365 ἀποκαυθῇ
2958 1313 2973 1328 °
3011 1297 3068 1349 ai
3112 1297 3220 1365 γὰρ
3264 1295 3571 1363 παραδολαὶ
3618 1292 3804 1360 ὥσπερ
3850 1292 4036 1361 xpos-

2441 1404 2567 1439 ωπα
2602 1387 2817 1456 ἔχουσιν
2850 1387 2928 1447 εις
2955 1385 3017 1437 τὸ
3047 1386 3418 1453 πνευματικὸν
3461 1383 3642 1451 ἔργον.

2512 1478 2586 1532 Z'.
2635 1476 2850 1545 Ὠσπερ
2879 1476 2935 1527 δὲ
2983 1475 3251 1543 παρθένος
3290 1473 3519 1526 πλουσία
3565 1474 4032 1542 μεμνηστευμένη

2445 1566 2619 1636 ἀνδρὶ,
2653 1568 2752 1620 ὅσα
2795 1567 2861 1619 ἂν
2895 1566 3111 1634 δέξηται
3142 1565 3289 1636 δῶρα
3323 1565 3427 1634 πρὸ
3455 1564 3554 1631 τῆς
3581 1565 3886 1627 κοινωνίας,
3915 1564 4032 1615 εἴτε

2450 1658 2671 1727 κόσμια,
2714 1660 2822 1711 εἴτε
2875 1658 3193 1727 ἱματισμὸν,
3227 1656 3336 1709 εἴτε
3380 1657 3548 1725 σκεύη
3597 1655 3889 1723 πολύτιμα,
3929 1655 4032 1707 οὐκ

2446 1750 2854 1801 ἐπαναπαύεται
2911 1750 3140 1812 τούτοις,
3179 1749 3284 1811 ἕως
3331 1742 3393 1801 οὗ
3441 1750 3470 1799 ό
3516 1747 3705 1816 καιρὸς
3759 1745 3889 1816 ἔλθῃ
3931 1744 4030 1797 τοῦ

2451 1842 2655 1909 γάμου,
2701 1843 2795 1892 καὶ
2832 1840 2969 1913 τύχῃ
3006 1840 3105 1907 τῆς
3146 1839 3453 1901 κοινωνίας·
3486 1838 3657 1900 οὕτως
3684 1837 4030 1907 ἁρμοσθεῖσα

2451 1935 2529 1994 είς
2559 1934 2774 2001 νύμφην
2809 1934 2841 2001 ὴ
2876 1932 3021 2001 ψυχὴ
3054 1930 3131 2000 τῷ
3159 1931 3465 1999 ἐπουρανίῳ
3491 1930 3729 1998 νυμφίῳ,
3757 1928 4029 1996 λαμϐάνει

2451 2024 2747 2095 ἀρραϐῶνα
2788 2026 2851 2076 ἐκ
2880 2021 2972 2075 τοῦ
3004 2021 3340 2089 Πνεύματος,
3375 2021 3485 2072 εἴτε
3513 2021 3827 2089 χαρίσματα
3861 2019 4029 2085 ἰαμά-

2450 2134 2578 2180 των,
2631 2116 2741 2167 εἴτε
2772 2113 3045 2181 γνώσεως,
3098 2112 3207 2164 εἴτε
3267 2110 3683 2179 ἀποκαλύψεως
3748 2108 3861 2162 ἀλλ’
3926 2109 4029 2160 οὐκ

2452 2206 2859 2261 ἐπαναπαύεται
2902 2203 3169 2265 ἐκείνοις,
3223 2202 3329 2265 ἕως
3375 2202 3441 2255 ἂν
3493 2200 3629 2273 τύχῃ
3664 2201 3762 2268 τῆς
3811 2198 4029 2261 τελείας

2452 2298 2757 2361 κοινωνίας,
2780 2297 3024 2348 τουτέστι
3052 2295 3149 2363 τῆς
3176 2294 3416 2363 ἀγάπης,
3446 2294 3567 2363 ἥτις
3597 2292 3863 2362 ἄτρεπτος
3889 2286 4027 2343 οὖσα

2453 2392 2546 2443 καὶ
2607 2390 2854 2450 ἀπτωτος
2879 2429 2895 2454 ,
2946 2386 3177 2447 ἀπαθεῖς
3220 2386 3313 2437 καὶ
3358 2384 3689 2445 ἀσαλεύτους
3731 2383 4029 2451 ἐργάζεται

2450 2481 2576 2542 τοὺς
2634 2478 2802 2549 αὐτὴν
2836 2477 3197 2546 ποθήσαντας.
3229 2476 3300 2528 Ἢ
3332 2475 3520 2543 ὥσπερ
3561 2472 3760 2541 βρέφος
3803 2472 4029 2541 περιϐε-

2452 2572 2718 2640 ϐλημένον
2776 2568 3121 2638 μαργαρίτας
3176 2566 3271 2623 καὶ
3320 2566 3594 2634 ἐνδύματα
3640 2563 3793 2630 τίμια
3825 2601 3839 2623 ,
3896 2564 4026 2613 ὅταν

2454 2663 2710 2733 πεινάσῃ,
2735 2661 2809 2723 ὡς
2836 2660 2988 2713 οὐδὲν
3015 2659 3286 2727 λογίζεται
3318 2657 3353 2711 ἃ
3383 2658 3559 2727 φορεῖ,
3584 2655 3716 2707 ἀλλὰ
3745 2660 4025 2722 καταφροο

2454 2758 2531 2809 νεῖ
2574 2755 2772 2817 αὐτῶν,
2804 2753 2931 2822 ὅλην
2962 2750 3146 2820 δὲτὴν
3196 2750 3464 2819 μέριμναν
3506 2749 3618 2817 ἔχει
3663 2750 3742 2808 είς
3785 2747 3875 2799 τὸν
3926 2764 4029 2815 μα-

2456 2832 2579 2898 στὸν
2613 2846 2709 2914 τῆς
2738 2844 2967 2914 τροφῆς,
3020 2840 3138 2903 πῶς
3180 2840 3241 2893 τὸ
3288 2839 3429 2907 γάλα
3476 2839 3635 2911 λάϐῃ·
3674 2839 3733 2890 τὸ
3772 2837 3902 2889 αὑτό
3937 2854 4026 2905 μοι

2450 2936 2662 3001 λογίζου
2700 2935 2804 2985 κάν
2838 2934 2953 2994 τοῖς
2984 2932 3375 2999 πνευματικοῖς
3403 2929 3702 3000 χαρίσμασι
3741 2925 3834 2980 τοῦ
3865 2924 4023 2977 Θεοῦ*

2447 3019 2491 3093 ᾧ
2529 3028 2562 3095 ἠ
2604 3024 2730 3090 δόξα
2753 3025 2831 3087 είς
2878 3022 3004 3084 τοὺς
3037 3021 3258 3086 αἰῶνας.
3296 3022 3492 3091 Ἀμήν.

3011 3152 3252 3207 ΟΜῐΛΙΑ
3298 3154 3448 3219 Μετ’.

2448 3247 2731 3320 Περὶᾲτῆς-
2770 3245 3060 3320 διαφορᾶς
3098 3244 3204 3320 τοῦ
3234 3260 3299 3296 τε
3331 3245 3525 3320 Λόγου
3552 3241 3675 3320 ,τοῦ
3715 3241 3892 3320 Θεοῦ,
3928 3240 4025 3320 καί

2522 3311 2627 3371 τοῦ
2657 3311 2842 3385 λόγου
2874 3311 2991 3385 τοῦ
3051 3315 3304 3385 κόσμου,
3352 3315 3450 3385 καὶ
3503 3311 3623 3364 τῶν
3644 3311 3891 3385 ’τέκνων
3920 3311 4026 3363 τοῦ

2522 3388 2695 3449 Θεοῦ,
2730 3381 2826 3438 καὶ
2878 3383 2997 3436 τῶν
3034 3384 3263 3435 τέκνων
3308 3383 3524 3435 τούτου
3564 3381 3669 3433 τοῦ
3702 3381 3953 3447 κόσμου.

2521 3501 2598 3551 A'.
2642 3497 2698 3549 '0
2723 3495 2816 3549 τοῦ
2860 3493 2995 3547 Θεοῦ
3049 3492 3255 3557 Λόγος,
3286 3491 3418 3553 Θεός
3460 3491 3593 3544 ἐστι.
3654 3492 3761 3543 Καὶ
3803 3490 3830 3540 ὁ
3872 3491 4022 3556 λόγος

2449 3588 2541 3641 τοῦ
2576 3586 2803 3653 κόσμου,
2849 3584 3052 3651 κόσμος
3084 3579 3221 3633 ἐστί.
3256 3580 3434 3649 Πολλὴ
3459 3580 3513 3631 δὲ
3539 3580 3771 3648 διαφορά
3804 3583 3894 3631 καὶ
3931 3596 4025 3649 με·

2451 3681 2611 3747 σότης
2639 3679 2895 3746 τυγχάνει
2920 3717 2934 3741 ’
2969 3675 3063 3728 τοῦ
3092 3692 3150 3726 τε
3182 3675 3354 3744 Λόγου
3390 3674 3483 3729 τοῦ
3529 3674 3660 3729 Θεοῦ
3694 3677 3787 3729 καὶ
3822 3675 3917 3727 τοῦ
3945 3676 4027 3727 λό-

2451 3786 2547 3838 γου
2577 3769 2671 3821 τοῦ
2699 3770 2904 3837 κόσμου
2945 3811 2960 3834 ,
3011 3769 3106 3821 καὶ
3150 3766 3257 3819 τῶν
3284 3768 3486 3820 τέκνων
3514 3767 3605 3819 τοῦ
3637 3766 3770 3818 Θεοῦ
3807 3766 4021 3817 καὶτῶν

2450 3858 2656 3911 τέκνων
2718 3860 2810 3911 τοῦ
2862 3858 3090 3925 κόσμου.
3148 3858 3420 3910 ’Ἰόκαστον
3472 3858 3581 3927 γὰρ
3629 3857 3877 3923 γέννημα
3916 3858 4023 3916 τοῖς

2456 3949 2603 4010 ἰδίοις
2634 3948 2777 4001 ἔοικε
2807 3948 3079 4017 γονεῦσιν.
3116 3949 3178 4000 Ei
3198 3944 3291 4000 οὖν
3318 3947 3533 4017 θελήσει
3562 3947 3623 3999 τὸ
3653 3946 3747 3999 τοῦ
3778 3948 4020 4014 Πνεύμα-

2448 4056 2542 4102 τος
2591 4039 2836 4109 γέννημα
2885 4038 3164 4091 ἐπιδοῦναι
3214 4038 3403 4090 ἐαυτὸν
3452 4039 3533 4099 είς
3598 4037 3689 4089 τὸν
3736 4038 3891 4103 λόγον
3935 4036 4021 4089 τοῦ

2451 4129 2679 4198 κόσμου,
2715 4130 2808 4182 καὶ
2837 4128 2907 4181 τὰ
2944 4130 3247 4198 πράγματα
3285 4130 3383 4197 τῆς
3428 4130 3552 4197 γῆς,
3593 4128 3688 4180 καὶ
3733 4128 3833 4197 τὴν
3872 4128 4023 4191 δόξαν

2449 4219 2542 4272 τοῦ
2578 4221 2775 4282 αἰῶνος
2802 4221 3018 4280 τούτου,
3048 4219 3371 4272 θανατοῦται
3406 4220 3501 4273 καὶ
3532 4219 3850 4281 ἀπόλλυται,
3893 4219 4021 4271 ἀνά-

2451 4328 2653 4386 παουσιν
2682 4310 2943 4381 ἀληθινὴν
2976 4310 3122 4379 ζωῆς
3154 4311 3332 4379 εὑρεῖν
3367 4310 3440 4378 μὴ
3474 4309 3790 4377 δυνάμενον,
3833 4307 3899 4359 Ἠ
3922 4310 4022 4377 γὰρ

2451 4403 2759 4465 ἀνάπαυσις
2818 4400 2986 4456 αὑτοῦ
3042 4403 3161 4454 ἐκεῖ
3208 4402 3377 4463 ἐστιν,
3424 4400 3547 4452 ὅθεν
3603 4402 3697 4452 καὶ
3740 4400 4018 4468 ἐγεννήθη.

776 4492 987 4553 divino,
1029 4491 1123 4560 qui
1170 4490 1527 4543 saacularibus
1565 4490 1714 4545 curis
1760 4502 2060 4560 occupatus
2114 4493 2347 4548 terrenis
2383 4494 2456 4549 D2

2340 4509 2347 4545 ι
2383 4497 2423 4549 D
2451 4492 2820 4560 Συμπνίγεται
2858 4491 2990 4560 γὰρ,
3018 4490 3095 4554 ὥς
3127 4506 3293 4560 φησιν
3331 4492 3360 4541 ὁ
3401 4488 3630 4560 Κύριος,
3658 4489 3752 4541 καὶ
3780 4490 4020 4558 ἄκαρπος

778 4583 991 4650 laqueis
1039 4582 1298 4650 illigatur.
1346 4581 1633 4645 Similiter,
1673 4583 1768 4651 qui
1814 4584 2016 4639 carnali
2048 4585 2347 4641 intentione

777 4671 1076 4735 detinetur,
1107 4671 1210 4723 hoc
1232 4679 1318 4724 cst
1340 4671 1503 4724 homo
1528 4672 1858 4737 mundanus,
1889 4674 1933 4727 si
1959 4675 2087 4727 velit
2112 4676 2347 4731 Verbum

778 4761 874 4815 Dei
936 4761 1151 4825 audire,
1195 4761 1521 4825 suffocatur,
1558 4771 1613 4815 et
1645 4763 1796 4816 velut
1828 4764 2103 4832 quispiam
2153 4782 2349 4835 expers

780 4852 1010 4907 rationis
1066 4853 1447 4907 constituitur.
1494 4854 1800 4909 Assuefacti
1862 4856 2008 4909 enim
2089 4857 2348 4911 vitiorum

780 4945 1077 5007 illecebris,
1122 4945 1217 4998 ubi
1253 4944 1321 4997 de
1376 4945 1487 4999 Deo
1549 4946 1679 5014 quid
1746 4946 2042 5013 audierint,
2092 4959 2346 5018 tanquam

780 5036 964 5089 minus
1021 5036 1178 5090 suavi
1234 5050 1492 5091 sermone
1546 5037 1775 5103 turbati,
1819 5039 1987 5095 animi
2026 5039 2184 5094 taedio
2232 5040 2349 5095 alli-

782 5126 1027 5179 ciuntur.

858 5294 1102 5363 14611.
1128 5295 1217 5349 Ait
1245 5310 1463 5364 quoque
1514 5295 1748 5351 Paulus:
1775 5297 2034 5351 Animalia
2065 5302 2215 5351 homo
2242 5316 2347 5355 non

784 5384 1001 5453 percipit
1022 5400 1081 5435 ea
1124 5401 1239 5453 qua:
1259 5393 1382 5437 sunt
1406 5383 1659 5453 Spiritus,
1684 5387 1909 5440 stultitia
1928 5389 2063 5441 enim
2084 5398 2156 5441 est
2181 5389 2261 5443 illi
2279 5391 2346 5445 ⁸⁸.

783 5475 850 5529 Ει
877 5475 1145 5545 propheta
1201 5476 1376 5545 inquit
1421 5493 1436 5530 :
1484 5477 1675 5533 Factus
1742 5487 1817 5533 est
1851 5480 1956 5533 illis
2016 5498 2187 5535 sermo
2228 5484 2343 5548 Dei,

783 5568 938 5636 quasi
967 5569 1206 5622 vomitus.
1234 5567 1415 5635 Vides,
1451 5571 1636 5628 vivere
1663 5572 1795 5629 alibi
1819 5588 1927 5629 non
1956 5574 2145 5643 licere,
2184 5592 2346 5647 quam

857 5761 942 5819 “l
973 5763 1101 5819 Cor.
1126 5782 1183 5831 ιι,
1214 5766 1296 5820 ll.

2446 4584 2654 4650 γίνεται
2698 4584 2805 4636 ἀπὸ
2833 4581 2927 4635 τοῦ
2971 4583 3145 4647 Λόγου
3174 4581 3268 4635 τοῦ
3301 4581 3437 4635 Θεοῦ
3474 4583 3502 4633 ό
3544 4581 3822 4650 βιωτικαῖς
3871 4597 4024 4648 φρον-

2443 4674 2551 4727 τίσι
2589 4674 2965 4743 συνεχόμενος,
2995 4674 3089 4726 καὶ
3145 4675 3362 4743 γηῖνοις
3383 4673 3609 4741 δεσμοῖς
3641 4672 4019 4742 δεσμούμενος.

2457 4766 2731 4828 Ὡσαύτως
2770 4767 2798 4817 ὁ
2838 4769 3073 4835 σαρκικῄ
3110 4767 3430 4835 προαιρέσει
3453 4765 3832 4833 κατεχόμενος,
3866 4780 4018 4816 τουτ-

2446 4856 2591 4906 έστιν
2633 4854 2916 4924 ἄνθρωπος
2948 4854 3024 4909 ὢν
3072 4856 3299 4924 κόσμου,
3342 4854 3437 4907 ἐάν
3468 4853 3675 4925 θελήσῃ
3714 4852 3807 4904 τοῦ
3854 4854 4020 4919 Λόγον

2453 4943 2684 4996 ἀκοῦσαι
2731 4945 2825 4998 τοῦ
2866 4944 3025 5009 Θεοῦ,
3060 4945 3446 5014 συμπνίγεται,
3481 4945 3576 4996 καὶ
3609 4944 3797 5015 ὥσπερ
3842 4944 4021 5011 ἀλόγι-

2457 5034 2579 5095 στός
2601 5051 2684 5096 τις
2712 5034 3056 5088 καθίσταται·
3093 5034 3399 5097 ἐθισθέντες
3418 5035 3525 5105 γὰρ
3549 5036 3668 5096 ταῖς
3695 5034 3795 5101 τῆς
3832 5034 4020 5093 κακίας

2459 5122 2716 5183 ἀπάταις,
2764 5123 2965 5175 ὁπόταν
3008 5122 3138 5191 περὶ
3181 5122 3317 5174 Θεοῦ
3369 5122 3714 5185 ἀκούσωσιν,
3754 5123 3830 5185 ὡς
3880 5124 4023 5194 ἀηδεῖ

2456 5213 2643 5283 ὁμιλίᾳ
2674 5213 3141 5283 περιοχλούμενοι,
3176 5214 3270 5265 τὸν
3317 5212 3443 5266 νοῦν
3488 5212 3819 5282 ἀηδίζονται.

2522 5303 2597 5357 B'.
2633 5304 2769 5372 Φησὶ
2795 5305 2850 5356 δὲ
2877 5306 2972 5357 καὶ
3001 5307 3028 5357 ὁ
3055 5304 3289 5370 Παῦλος,
3338 5307 3392 5358 Ψ
3394 5307 3601 5373 υχικὸς
3629 5304 3697 5357 δὲ
3724 5305 4021 5371 ἅνθρωπος

2449 5399 2519 5451 οὺ
2547 5397 2780 5465 δέχεται
2802 5396 2872 5449 τὰ
2902 5397 3008 5450 τοῦ
3066 5398 3434 5464 Hii-stipator,"
3466 5396 3657 5464 μωρία
3710 5397 3825 5463 γὰρ
3875 5395 4021 5459 αὐτῷ

2448 5488 2597 5543 ἐστι·
2632 5489 2726 5541 καὶ
2755 5490 2783 5541 ό
2817 5489 3100 5559 προφήτης
3132 5489 3300 5555 λέγει,
3346 5487 3612 5555 Ἐγένετο
3644 5487 3846 5553 αὐτοῖς
3872 5489 3904 5541 ὸ
3928 5492 4019 5542 ,ἱό-

2452 5597 2557 5647 γος
2580 5580 2687 5635 τοῦ
2734 5579 2882 5636 Θεοῦ
2931 5582 3010 5646 ὡς
3039 5581 3268 5650 ἔμετος.
3316 5580 3503 5650 Ὀρᾷς,
3544 5580 3625 5632 ὅτι
3669 5580 3768 5650 ζῇν
3799 5580 4019 5650 ἀλλαχοῦ
