4254 6358
228 394 336 457 7.93

229 593 408 659 λόγον.
445 590 556 643 Καὶ
586 588 787 659 ἐτέρως
828 588 886 642 δέ
921 588 1211 641 ἀκουστέον
1255 588 1384 656 περὶ
1412 588 1623 641 τούτου.
1662 588 1784 640 Ἐἀν

228 678 401 746 ἐσπιδῷ
430 676 621 729 ἐαυτὸν
667 677 747 738 είς
788 675 1086 745 μεταϐολὴν
1129 676 1303 728 ἐλθεῖν
1341 676 1371 727 ό
1406 676 1665 745 σαρκικδς
1694 676 1786 729 άν-

229 766 470 834 θρωπος,
494 762 829 832 ἀποθνήσκει
851 762 1114 830 πρότερον
1150 759 1380 823 ἐκεῖθεν,
1410 764 1499 812 καὶ
1543 761 1785 829 ἄκαρπος

228 855 440 918 γίνεται
485 850 592 904 ἀπὸ
639 853 737 917 τῆς
771 850 1038 919 προτέρας
1083 847 1296 915 ἐκείνης
1334 848 1393 899 ἐν
1444 850 1510 917 τῇ
1555 848 1784 917 πονηρίᾳ

229 942 395 1005 ζωῆς.
424 940 633 1008 Ὠσπερ
658 938 715 990 δέ
746 938 799 990 ει
820 955 903 1001 τις
925 938 1063 1007 νόσῳ
1091 937 1125 1006 ἢ
1155 937 1372 1006 πυρετῷ
1401 939 1705 1003 κατέχεται,
1737 941 1784 990 εί

230 1032 325 1082 καὶ
356 1030 418 1081 τὸ
452 1029 609 1098 σῶμα
653 1028 747 1078 ἐπὶ
788 1030 886 1097 τῆς
916 1027 1103 1093 κλίνης
1131 1025 1404 1097 έρῤιπται,
1435 1025 1595 1094 μηδὲν
1625 1026 1783 1077 δυνά-

233 1135 394 1187 μενον
421 1117 815 1186 διαπράξασθαι
841 1117 946 1170 τῶν
979 1117 1080 1184 τῆς
1111 1117 1211 1186 γῆς
1246 1115 1420 1184 ἔργων
1438 1151 1455 1176 ,
1489 1115 1582 1167 καὶ
1608 1117 1637 1167 ό
1664 1114 1783 1175 νοῦς

229 1208 327 1274 οὐχ
382 1206 663 1274 ἡσυχάζει,
713 1204 1124 1274 περισπώμενος
1173 1205 1267 1256 καὶ
1328 1204 1604 1273 μεριμνῶν
1657 1204 1784 1271 περὶ

230 1296 512 1364 ἐργασίας,
542 1296 745 1348 καὶτὸν
779 1294 957 1363 ίατρδν
989 1294 1250 1361 ἐπιζητεῖ,
1280 1294 1617 1347 ἀποστέλλων
1650 1292 1784 1363 πρὸς

229 1388 393 1439 αὐτὸν
426 1387 551 1447 τοὺς
594 1386 777 1452 φίλους
831 1384 1016 1437 αὑτοῦ·
1066 1384 1157 1436 τὸν
1203 1384 1361 1436 αὐτὸν
1388 1385 1587 1454 τρόπον
1624 1383 1778 1453 καὶή

228 1475 375 1544 ψυχὴ
403 1476 510 1527 ἀπὸ
537 1476 635 1544 τῆς
662 1474 1023 1543 παραϐάσεως
1056 1473 1155 1541 τῆς
1186 1473 1421 1541 ἐντολῆς,
1449 1473 1507 1524 ἐν
1534 1473 1782 1543 ἀσθενείᾳ

228 1565 339 1616 τῶν
369 1563 554 1616 παθῶν
583 1564 858 1631 γεγονυῖα,
897 1562 991 1614 καὶ
1036 1562 1223 1625 ἀτονος
1248 1564 1580 1626 καταστᾶσα,
1616 1577 1783 1633 προσ-

228 1652 495 1721 ερχομένη
549 1651 626 1721 τῷ
662 1653 866 1721 Κυρίῳ,
903 1650 996 1703 καὶ
1039 1653 1384 1717 πιστεύουσα,
1426 1652 1523 1721 τῆς
1566 1652 1782 1723 ἀντιλή-

227 1742 374 1808 ψεως
403 1740 567 1793 αὑτοῦ
596 1742 868 1810 τυγχάνει,
899 1741 992 1793 καὶ
1018 1742 1363 1811 ἀρνησαμένη
1391 1743 1488 1809 τὴν
1518 1743 1781 1811 προτέραν

229 1830 494 1897 κακίστην
529 1809 706 1898 ζωὴν,
724 1830 772 1881 εἰ
800 1831 894 1881 καὶ
924 1831 980 1881 ἐν
1010 1833 1074 1900 τῇ
1100 1829 1306 1900 παλαιᾷ
1340 1809 1588 1899 ἀσθενείᾳ
1618 1809 1784 1883 κατά·
1813 1809 1855 1865 Β

229 1934 433 1979 κειται,
472 1918 548 1987 μὴ
575 1918 842 1987 δυναμένη
893 1918 962 1972 τὰ
1005 1918 1141 1989 ἔργα
1167 1921 1265 1989 τῆς
1293 1917 1435 1988 ζωῆς
1467 1920 1525 1971 ἐν
1560 1919 1784 1989 ἀληθεία

226 2007 649 2077 διαπράξασθαι,
700 2008 814 2062 ἀλλ’
846 2009 991 2078 ὅμως
1031 2009 1092 2061 τὸ
1150 2009 1481 2079 μεριμνῆσαι
1524 2010 1653 2078 περὶ
1686 2009 1783 2078 τῆς

228 2098 375 2167 ζωῆς
408 2099 679 2168 ἐμπόνως,
703 2101 763 2153 τὸ
790 2100 1045 2169 δεηθῆναι
1078 2099 1171 2152 τοῦ
1213 2101 1442 2171 Κυρίου,
1472 2099 1533 2153 τὺ
1554 2098 1784 2169 ζητῆσαι

226 2190 320 2240 τὸν
350 2188 601 2257 ἀληθινὸν
640 2189 820 2259 ίατρδν
848 2189 959 2259 ἔχει
998 2190 1089 2241 καὶ
1115 2189 1381 2243 δύναται..

298 2278 374 2331 Γ’.
404 2280 513 2332 Kal
541 2280 637 2348 οὐχ
678 2278 756 2340 ὥς
800 2280 941 2343 τινές
971 2298 1099 2347 φασι
1135 2278 1633 2339 κακοδιδασκαλίαις
1680 2278 1783 2331 ύπ-

226 2366 509 2435 ἀγόμενοι,
556 2369 638 2421 ὅτι
691 2369 942 2433 καθάπαξ
964 2369 1227 2424 ἀπέθανεν
1268 2373 1297 2423 ό
1344 2370 1657 2439 ἄνθρωπος,
1692 2370 1784 2422 καὶ

226 2457 365 2517 ὅλως
391 2456 452 2509 ού
485 2456 707 2510 δύναταί
743 2476 792 2511 τι
821 2458 1021 2526 ἀγαθὸν
1045 2458 1425 2525 διαπράξαθαι.
1460 2459 1569 2511 Kal
1593 2458 1699 2525 γάρ
1724 2459 1784 2508 τὸ

230 2546 431 2617 βρέφος
458 2548 565 2600 κᾶν
594 2548 755 2618 μηδὲν
787 2548 946 2619 ἰσχύῃ
974 2547 1413 2617 διαπράττεσθαι,
1437 2547 1470 2616 ἢ
1493 2549 1607 2607 τοῖς
1635 2544 1785 2607 ίδίοις

228 2638 388 2689 ποσὶν
421 2635 593 2690 ἐλθεῖν
634 2638 768 2706 πρὸς
805 2637 903 2707 τήν
957 2637 1167 2707 μητέρα
1214 2637 1467 2704 ἀδυνατῇ,
1514 2634 1661 2703 ὅμως
1686 2650 1784 2686 κυ-

227 2726 438 2788 λίεται,
476 2727 570 2779 καὶ
606 2726 723 2796 βοᾷ,
759 2727 851 2778 καὶ
895 2726 1067 2780 κλαίει
1111 2724 1397 2795 ἐπιζητοῦν
1427 2725 1524 2794 τὴν
1557 2722 1781 2792 μητέρα.

228 2816 343 2867 Καὶ
373 2816 432 2866 ἐν
476 2816 646 2883 τούτῳ
701 2814 1123 2883 σπλαγχνίζεται
1153 2816 1186 2884 ή
1230 2814 1429 2883 μήτηρ,
1476 2814 1568 2865 καὶ
1606 2812 1783 2882 χαίρει

230 2904 611 2973 ἔπιζητοῦντος
638 2904 805 2974 αὐτὴν
832 2902 923 2957 τοῦ
986 2904 1175 2973 νηπίου
1217 2906 1273 2955 ἐν
1321 2905 1464 2971 πόνῳ
1494 2902 1585 2955 καὶ⁷
1617 2919 1785 2971 κραυ-

227 2998 327 3065 γῇ,
358 2995 450 3047 καὶ
487 2994 870 3057 ἀδυνατοῦντος
913 2994 1006 3047 τοῦ
1060 2994 1287 3064 βρέφους
1326 2993 1497 3045 ἐλθεῖν
1526 2992 1660 3062 πρὸς
1685 2992 1786 3044 αὖ-

638 452 643 455 ,
1396 393 1756 456 HOMILIJE-
1794 417 1863 437 ε·-
1902 395 2083 463 ΗΟΜ.
2122 398 2322 464 XLVI-

228 506 330 555 o'n:
370 500 641 569 ἐνδέχεται
661 542 675 565 ,
713 500 764 553 ει
819 500 894 570 μὴ
932 499 1051 555 καθ’
1097 498 1155 553 δν
1210 499 1433 563 Salano;
1470 502 1786 568 γεγέννηται
1813 500 1863 559 Α
1888 518 1908 557 ε

1749 516 1786 553 ιι
1813 500 1863 559 Λ
1888 518 1971 570 ea,
2006 520 2112 574 qua
2138 507 2374 574 quisque
2396 513 2555 561 natus
2581 514 2687 570 est,
2713 505 2937 560 ratione.
2962 504 3103 569 Ouin
3142 506 3303 563 etiam
3326 510 3429 564 ali-

3320 400 3428 471 794

1888 604 1973 650 ter
2007 596 2075 651 de
2102 596 2207 652 hoc
2255 606 2339 651 est
2382 597 2733 652 audiendum.
2768 596 2825 652 Si
2858 596 3035 651 tradat
3064 612 3121 653 se
3151 597 3325 668 ipsum
3357 601 3427 656 ad

1884 686 2320 754 consequendam
2343 687 2695 741 mutationem
2727 684 2961 740 carnalis
2983 687 3167 748 homo,
3196 690 3428 744 moritur

1884 773 2034 840 prius
2057 774 2190 835 illic,
2214 781 2271 827 et
2295 773 2664 829 infructuosus
2689 776 2923 830 etllcitur
2946 775 3115 844 priori
3147 776 3245 836 illi.
3263 792 3426 845 quam

1886 862 1941 914 in
1976 862 2240 930 pravitate
2264 862 2520 923 traduxit,
2542 864 2672 916 vita.
2703 864 3163 928 Quemadmodum
3203 880 3331 932 ergo
3377 865 3424 918 si

1881 950 2006 1019 quis
2034 949 2225 1002 morbo
2244 957 2338 1002 aut
2360 949 2499 1003 febri
2523 949 2996 1013 detineatur,licet
3023 951 3076 1003 in
3105 950 3287 1004 cubile
3307 964 3428 1003 cor-

1881 1053 1984 1105 pus
2009 1040 2309 1107 projectum
2356 1039 2449 1101 sit,
2485 1055 2593 1092 non
2625 1040 2810 1092 valens
2848 1040 3108 1108 perﬁcere
3146 1056 3284 1106 Opus
3324 1040 3426 1092 ali-

1881 1126 2030 1195 quod
2079 1135 2355 1182 terrenum
2378 1170 2393 1192 ,
2427 1144 2535 1183 non
2566 1137 2746 1182 tamen
2789 1128 3020 1196 quiescit
3051 1128 3263 1181 animus
3284 1168 3300 1193 ,
3328 1126 3426 1181 sed

1882 1217 2177 1272 distractus
2197 1226 2251 1271 et
2279 1232 2499 1282 curans,
2520 1233 2639 1286 quae
2660 1226 2786 1272 sunt
2814 1218 3139 1287 peragenda,
3154 1216 3425 1270 medicum

1881 1307 2131 1376 requirit,
2154 1308 2333 1361 missis
2360 1308 2426 1361 ad
2462 1323 2587 1361 eum
2612 1308 2803 1362 amicis
2826 1309 2940 1361 suis
2961 1324 2974 1358 :
2992 1307 3185 1360 eodem
3208 1320 3427 1375 quoque

1880 1400 2041 1453 modo
2063 1400 2242 1452 anima
2266 1400 2748 1468 transgressionem
2797 1397 3057 1461 mandati,
3107 1396 3162 1450 in
3197 1397 3426 1450 infirmi-

1880 1495 2045 1542 tatem
2077 1488 2424 1542 alfectionum
2454 1488 2693 1550 redacta,
2735 1494 2791 1541 et
2842 1486 3151 1554 languidior
3193 1484 3424 1549 reddita,

1880 1575 1973 1628 ubi
2002 1576 2293 1629 accesserit
2322 1574 2389 1628 ad
2410 1576 2698 1628 Dominum
2725 1582 2783 1627 et
2811 1572 3129 1635 crediderit,
3160 1573 3426 1625 auxilium

1880 1664 1948 1718 ab
2000 1679 2066 1718 eo
2116 1665 2514 1732 consequitur:
2553 1672 2610 1717 et
2658 1664 2932 1730 ahnegans
2976 1663 3212 1731 priorem
3249 1660 3427 1729 pessi-

1882 1766 2025 1805 mam
2047 1752 2233 1815 vitam,
2272 1753 2403 1807 licet
2430 1752 2653 1820 antiqua
2695 1752 3009 1821 aegritudine
3037 1750 3348 1813 decumhat,
3370 1756 3429 1804 et

1882 1850 2118 1911 nequeat
2160 1858 2325 1912 opera
2376 1844 2504 1896 vita
2551 1859 2680 1898 vere
2729 1857 3029 1912 peragere;
3069 1841 3427 1895 nihilominus

1882 1946 2092 1995 curare,
2119 1948 2238 2002 quae
2266 1933 2334 1987 ad
2366 1935 2530 1988 vitam
2559 1933 2850 1999 pertinent,
2892 1931 3082 1985 sedulo
3143 1928 3424 1999 deprecari

1881 2019 2188 2086 Dominum,
2231 2030 2288 2076 et
2321 2022 2597 2091 inquirere
2627 2035 2814 2075 verum
2844 2021 3138 2084 medicum,
3167 2029 3219 2075 et
3262 2019 3426 2073 habet

1881 2118 1935 2165 et
1956 2120 2153 2180 potest.

1948 2282 2037 2338 ΠΙ.
2063 2284 2127 2338 Et
2158 2298 2288 2349 non,
2325 2293 2385 2337 ut
2429 2283 2583 2337 aiunt
2630 2283 2851 2351 quidam
2886 2298 3141 2351 perversa
3178 2284 3425 2342 doctrina

1881 2374 2110 2437 seducti,
2129 2389 2351 2443 prorsus
2382 2383 2627 2427 mortuus
2655 2383 2736 2428 est
2771 2373 2954 2439 homo,
2984 2382 3043 2428 ut
3066 2375 3289 2429 omnino
3315 2391 3425 2430 non

1881 2466 2051 2535 possit
2074 2464 2368 2534 quidquam
2420 2464 2547 2518 boni
2584 2478 2862 2533 peragere.
2890 2464 3103 2518 Etenim
3138 2465 3336 2530 infans,
3360 2467 3427 2519 li-

1880 2564 1969 2611 cet
1994 2555 2129 2609 nihil
2162 2555 2332 2625 possit
2356 2554 2638 2623 perlicere,
2670 2561 2764 2606 aut
2782 2554 3017 2621 propriis
3061 2554 3294 2623 pedibus
3331 2570 3430 2609 ac-

1880 2640 2073 2694 cedere
2106 2640 2173 2693 ad
2217 2649 2445 2694 matrem
2488 2648 2743 2707 nequeat,
2786 2639 3144 2694 nihilominus
3170 2641 3427 2708 volvitur,

1882 2733 2078 2787 clamat
2100 2742 2155 2787 et
2175 2734 2371 2803 plorat,
2394 2733 2672 2802 inquirens
2690 2742 2917 2787 matrem
2939 2748 2955 2786 :
2984 2748 3110 2801 erga
3131 2750 3254 2787 eum
3277 2751 3430 2790 sum-

1882 2838 1971 2876 ma
2014 2822 2246 2877 aﬂlcitur
2292 2823 2675 2877 misericordia
2718 2831 2912 2887 mater,
2939 2832 2995 2876 et
3014 2824 3210 2892 gaudet
3237 2824 3303 2877 de
3343 2826 3430 2877 in-

1882 2912 2050 2977 fante,
2078 2921 2352 2982 quaerente
2380 2927 2438 2966 se
2465 2927 2587 2966 cum
2618 2912 2803 2965 labore
2832 2919 2887 2965 et
2926 2913 3161 2965 clamore
3185 2927 3199 2975 ;
3225 2919 3280 2965 et
3304 2928 3431 2965 cum

1882 3017 1993 3055 non
2022 3002 2193 3072 possit
2236 3002 2415 3056 infans
2442 2999 2511 3054 ad
2546 3016 2665 3055 eam
2712 2999 3024 3068 pervenire,
3076 2999 3432 3055 nihilominus

228 3088 355 3155 τὴν,
386 3086 530 3153 ὅμως
553 3083 640 3136 διὰ
669 3084 765 3153 τὴν
791 3084 989 3153 πολλὴν
1020 3083 1111 3135 τοῦ
1143 3083 1350 3137 παιδίου
1400 3082 1654 3153 ζήτησιν,
1686 3084 1784 3135 αύ-
1808 3113 1852 3175 C
1884 3108 1908 3146 ο

1749 3110 1784 3175 ’ξ
1808 3113 1852 3175 C
1884 3092 1954 3146 ob
1982 3093 2207 3146 multam
2231 3093 2387 3161 pueri
2410 3090 2842 3160 inquisitionem,
2868 3088 2984 3157 ipsa
3007 3097 3181 3143 mater
3216 3090 3331 3143 abit
3363 3090 3429 3144 ad

227 3178 296 3243 τὴ
336 3177 371 3243 ή
406 3176 585 3243 μήτηρ
612 3175 907 3243 ἀπέρχεται
949 3174 1081 3242 πρὸς
1124 3172 1274 3237 αὐτὸ,
1312 3172 1413 3225 ὑπὸ
1436 3172 1535 3239 τῆς
1565 3172 1692 3240 περὶ
1718 3172 1776 3224 τὸ
1823 3172 1851 3175 ⁷
1882 3184 1907 3237 ij

1750 3172 1776 3224 δ
1823 3172 1851 3175 ⁷
1882 3184 2056 3247 illum,
2086 3198 2271 3237 amore
2302 3182 2457 3251 pueri
2486 3190 2664 3250 capta,
2701 3191 2757 3234 et
2781 3179 3150 3249 amplectitur,
3195 3180 3430 3233 circum-

232 3265 433 3334 βρέφος
473 3265 693 3333 ἀγάπης
737 3263 1263 3332 αῐχμαλωτιζομένη,
1295 3264 1388 3316 καὶ
1419 3263 1781 3331 ἀναλαμϐάνει

230 3356 329 3407 καὶ
374 3356 699 3423 περιθάλπει
724 3394 739 3419 ,
782 3355 874 3407 καὶ
905 3355 1224 3423 τροφοφορετ
1262 3354 1322 3405 ἐν
1362 3352 1527 3422 πολλῇ
1560 3355 1778 3423 στοργῇ.

230 3445 403 3499 Τοῦτο
425 3448 516 3498 καὶ
544 3449 571 3498 ὁ
599 3444 975 3513 φιλάνθρωπος
1003 3444 1133 3505 Θεὸς
1160 3444 1303 3495 ποιεῖ
1338 3443 1427 3494 ἐπὶ
1456 3444 1521 3511 τῇ
1552 3459 1781 3510 προσερ-

229 3537 434 3606 χομένη
466 3537 560 3588 καὶ
602 3536 763 3587 αὐτὸν
787 3533 1111 3603 ἐπιποθούσῃ
1351 3532 1523 3601 Πολλῇ
1554 3532 1610 3584 δὲ
1642 3532 1780 3599 μᾶλ·

228 3628 320 3679 λον
365 3628 523 3689 αὐτὸς
557 3627 741 3696 ἀγάπῃ
770 3626 1062 3695 φερόμενος
1086 3624 1367 3691 ἐνδιαθέτῳ
1386 3624 1478 3674 καὶ
1515 3622 1616 3691 ἰδία
1645 3639 1781 3691 χρη-

229 3719 448 3785 στότητι
504 3718 758 3770 κολλᾶται
805 3719 870 3785 τῇ
926 3715 1131 3784 διανοίᾳ
1178 3714 1363 3783 αὐτῆς,
1394 3713 1486 3764 καὶ
1537 3711 1779 3778 γίγνεται

231 3809 351 3874 μετ’
394 3807 561 3875 αὐτῆς
592 3808 677 3870 είς
713 3805 783 3857 ἐν
813 3803 1081 3869 πνεῦμα,
1116 3801 1254 3853 κατά
1296 3801 1387 3852 τὸν
1431 3798 1779 3852 ἀποστολικὸν

225 3897 405 3963 λόγον.
439 3898 550 3965 Τῆς
596 3897 704 3963 γὰρ
736 3894 915 3964 ψυχῆς
948 3892 1288 3960 κολλωμένης
1320 3890 1399 3958 τῷ
1429 3889 1639 3958 Κυρίῳ,
1687 3890 1779 3941 καὶ

222 3988 321 4041 τοῦ
382 3989 583 4059 Κυρίου
632 3988 923 4053 ἐλεοῦντος,
966 3986 1058 4039 καὶ
1102 3985 1441 4053 ἀγαπῶντος,
1489 3983 1776 4053 ἐρχομένου

222 4094 285 4129 τε
333 4078 468 4147 πρὸς
496 4080 686 4147 αὐτὴν,
726 4080 818 4131 καὶ
856 4077 1191 4145 κολλωμένου
1228 4074 1384 4143 αὐτῇ,
1413 4073 1507 4126 καὶ
1536 4073 1632 4139 τῆς
1661 4072 1779 4123 δια-

224 4168 374 4228 νοίας
411 4169 591 4219 λοιπὸν
643 4167 1061 4236 παραμενούσης
1102 4164 1451 4223 ἀδιαλείπτως
1486 4164 1551 4231 τῇ
1598 4162 1776 4230 χάριτι

224 4260 319 4313 τοῦ
354 4262 578 4329 Κυρίου,
612 4260 689 4320 εἰς
720 4260 776 4309 ἓν
800 4258 1032 4326 πνεῦμα,
1059 4255 1147 4309 καὶ
1174 4257 1251 4317 είς
1283 4254 1408 4322 μίαν
1437 4253 1653 4321 κρᾶσιν,
1685 4251 1776 4303 καὶ⁵

225 4354 305 4412 είς
342 4350 469 4418 μίαν
507 4350 743 4401 διάνοιαν
791 4348 1063 4414 γίγνονται
1096 4346 1129 4411 ὴ
1162 4343 1311 4421 ψυχὴ,
1355 4342 1447 4395 καὶ
1491 4344 1519 4394 ό
1553 4342 1772 4409 Κύριος*

1881 3273 2054 3334 fovet,
2090 3281 2254 3341 atque
2307 3272 2621 3326 alimentum
2665 3269 2879 3337 profert
2901 3281 3109 3320 summa
3143 3280 3265 3320 cum
3295 3266 3434 3320 dile-

1885 3365 2071 3420 ctione
2103 3380 2118 3417 :
2156 3364 2261 3417 hoc
2290 3364 2465 3432 ipsum
2497 3360 2766 3428 benignus
2797 3372 3012 3427 quoque
3042 3357 3187 3411 Deus
3208 3357 3336 3411 facit
3376 3358 3430 3412 in

1879 3455 2058 3508 anima
2085 3453 2151 3507 ad
2171 3469 2296 3507 eum
2322 3450 2632 3511 accedente,
2660 3458 2715 3502 et
2734 3449 2853 3517 ejus
2867 3447 3139 3501 desiderio
3160 3447 3379 3501 detenta
3415 3466 3429 3501 :

1881 3543 2041 3612 longe
2081 3558 2214 3596 vero
2262 3542 2452 3610 majori
2510 3540 2623 3607 ipse
2667 3538 2771 3591 sibi
2824 3536 2984 3589 insita
3029 3536 3344 3602 dilectione,
3377 3546 3434 3590 et

1880 3629 2099 3699 propria
2136 3629 2473 3698 benignitate
2521 3627 2734 3687 doctus,
2767 3624 3088 3678 adhaerescit
3130 3624 3432 3678 intellectui

1886 3722 2027 3789 ejus,
2058 3728 2113 3773 et
2144 3718 2324 3773 evadit
2369 3733 2491 3773 cum
2540 3716 2629 3769 illa
2656 3719 2707 3767 in
2748 3731 2909 3767 unum
2940 3715 3179 3781 spiritum
3194 3714 3432 3784 ",juxta

1880 3825 2185 3864 sermonem
2227 3809 2602 3877 apostolicum.
2650 3805 2705 3859 Si
2756 3804 2899 3857 enim
2931 3805 3204 3858 adhaereat
3252 3806 3431 3859 anima

1878 3900 2126 3963 Domino,
2153 3910 2207 3953 et
2229 3899 2489 3952 Dominus
2509 3898 2877 3951 misericordia
2898 3895 3225 3950 etcharitate
3252 3905 3438 3951 motus

1885 3989 2108 4044 accedat
2148 3989 2214 4042 ad
2254 4004 2393 4054 eam,
2433 3996 2488 4041 et
2522 3989 2779 4057 jungatur
2821 3988 2893 4051 ei,
2928 3994 3089 4054 atque
3118 3985 3433 4039 intellectus

1880 4079 2099 4132 tandem
2134 4086 2448 4147 permaneat
2495 4078 2863 4131 indesinenter
2898 4075 2951 4129 in
2988 4075 3160 4142 gratia
3194 4074 3427 4137 Domini,

1879 4168 1932 4221 in
1982 4184 2147 4221 unum
2197 4168 2470 4237 spiritum,
2504 4177 2558 4220 et
2616 4167 2671 4219 in
2708 4181 2873 4219 unum
2926 4172 3427 4232 temperamentum,

1878 4268 1933 4313 et
1981 4258 2035 4311 in
2070 4274 2236 4311 unum
2278 4258 2615 4311 intellectum
2676 4254 2915 4309 evadunt
2953 4254 3131 4307 anima
3156 4260 3212 4307 et
3242 4252 3430 4306 Domi-

1878 4362 1980 4401 nus
2012 4364 2025 4399 :
2060 4355 2221 4415 atque
2246 4360 2441 4413 corpus
2472 4345 2590 4412 ejus
2619 4343 2670 4397 in
2712 4351 2911 4396 terram
2933 4341 3238 4411 projicitur,
3273 4354 3429 4392 mens

225 4441 316 4491 καὶ
346 4416 407 4491 τὸ
440 4438 597 4506 σῶμα
626 4439 791 4503 αὐτῆς
818 4435 1131 4506 ἐρρίπτεται
1158 4434 1214 4485 ἐν
1346 4433 1439 4501 γῇ,
1474 4430 1568 4483 καὶ
1594 4433 1627 4499 ἠ
1664 4430 1777 4482 διά⁶
1808 4416 1852 4471 Ῐ)
1881 4452 1905 4486 v

1745 4450 1777 4480 ι·
1808 4416 1852 4471 Ῐ)
1881 4450 2008 4488 vero
2037 4442 2147 4488 tota
2175 4434 2334 4503 plane
2381 4434 2435 4487 in
2486 4432 2691 4487 caelesti
2722 4431 3021 4487 Jerusalem
3052 4438 3322 4489 versatur,
3358 4426 3425 4480 ad

225 4547 345 4597 vgta
381 4530 548 4597 αὐτῆς
578 4528 674 4595 ὅλη
718 4527 774 4592 ἐξ
804 4526 925 4578 ὅλου
970 4529 1035 4594 τῇ
1083 4523 1384 4591 ἐπουρανίῳ
1426 4519 1777 4591 Ἰερουσαλὴμ.

226 4592 584 4677 πολιτεύεται,
625 4592 727 4674 ἕως
771 4612 954 4682 τρίτου
994 4592 1220 4677 ούρανοῦ
1270 4610 1598 4679 ἀνερχομένη
1624 4648 1639 4673 ,
1686 4607 1780 4660 καὶ

228 4704 540 4772 κολλωμένη
568 4703 644 4769 τῷ
675 4701 881 4770 Κυρίῳ,
916 4702 1073 4753 κάκεῖ
1101 4697 1415 4751 διακονοῦσα
1449 4697 1613 4765 αὐτῷ.

300 4800 371 4849 Δ’.
412 4794 519 4845 Kal
559 4792 720 4853 αὑτὸς
749 4794 807 4842 ἐν
837 4790 913 4859 τῷ
958 4790 1130 4858 θρόνῳ
1175 4789 1272 4857 τῆς
1318 4786 1702 4855 μεγαλωσύνης
1728 4786 1784 4837 ἐν

228 4883 449 4951 ὑψηλοῖς
465 4880 839 4947 καθεζόμενος,
860 4882 989 4949 ἐντῇ
1015 4879 1312 4946 ἐπουρανίῳ
1329 4876 1495 4938 πόλει,
1514 4875 1630 4936 ὅλος
1654 4875 1785 4940 πρὸς

226 4972 397 5041 αὐτὴν
441 4971 498 5021 ἐν
516 4970 591 5038 τῷ
618 4969 822 5036 σώματι
843 4969 1008 5037 αὐτῆς
1043 4970 1175 5019 ἐστι.
1218 4966 1326 5035 Τὴν
1359 4964 1456 5033 μὲν
1493 4964 1596 5031 γὰρ
1620 4964 1785 5029 αὐτῆς

228 5053 409 5112 είκόνα
417 5059 657 5111 τέθεικεν
667 5060 776 5111 ἀνω
791 5060 849 5109 ἐν
859 5060 923 5127 τῇ
938 5056 1239 5126 ἐπουρανίῳ
1251 5055 1397 5106 πόλει
1409 5053 1514 5105 τῶν
1522 5053 1690 5119 ἀγίων
1703 5051 1789 5102 Ίε-

235 5150 531 5219 ρουσαλήμ’
556 5150 653 5211 τὴν
675 5150 730 5201 δὲ
764 5150 897 5201 ίδίαν
920 5148 1102 5199 είκόνα
1130 5146 1221 5198 τοῦ
1247 5146 1480 5216 ἀρρήτου
1503 5143 1674 5209 φωτὸς
1693 5142 1789 5208 τῆς

232 5240 478 5309 θεότητος
498 5238 659 5291 αὐτοῦ
687 5238 924 5290 τέθεικεν
948 5240 1005 5289 ἐν
1041 5236 1116 5305 τῷ
1144 5236 1350 5303 σώματι
1395 5232 1584 5300 αὐτῆς.
1618 5230 1785 5291 Αὐτὸς

232 5326 369 5395 αὐτῇ
389 5326 623 5378 διακονεῖ
636 5327 693 5376 ἐν
706 5327 772 5395 τῇ
795 5324 888 5375 τοῦ
920 5323 1163 5392 σώματος
1189 5322 1368 5374 πόλει*
1386 5320 1611 5385 κάκείνη
1639 5316 1783 5385 αὐτῷ

230 5416 467 5467 διακονεῖ
517 5416 575 5467 ἐν
615 5416 681 5484 τῇ
710 5412 1012 5481 ἐπουρανίῳ
1049 5412 1217 5465 πόλει.
1252 5408 1397 5477 Αὐτὴ
1429 5407 1587 5460 αὑτὸν
1619 5405 1782 5473 ἐκλη-

236 5502 533 5574 ρονόμησεν
576 5504 632 5555 ἐν
685 5504 951 5571 οὐρανοῖς,
996 5500 1090 5555 καὶ
1138 5499 1298 5565 αὐτὸς
1354 5495 1781 5566 ἐκληρονόμησεν

301 5681 347 5711 ⁸³
371 5679 391 5733 ι
411 5676 538 5734 Cor.
571 5693 647 5743 _\'l,
678 5678 761 5731 17.

1878 4525 2098 4577 tertium
2132 4524 2331 4578 caelum
2364 4537 2535 4589 usque
2579 4520 2898 4584 ascendens,
2926 4526 3091 4588 atque
3136 4518 3427 4587 conjuncta

1878 4612 2131 4675 Domino,
2169 4610 2280 4664 illic
2306 4610 2581 4665 ministrat
2608 4609 2681 4663 ei.

1950 4785 2036 4839 IV.
2068 4784 2187 4852 Ipse
2215 4800 2343 4838 vero
2376 4784 2427 4837 in
2462 4784 2659 4835 throno
2697 4779 3110 4851 magnificentiae
3138 4777 3193 4831 in
3240 4777 3423 4831 exvel-

1884 4874 1959 4925 sis
1993 4872 2205 4929 sedens,
2236 4872 2287 4923 in
2315 4870 2519 4923 cmlesti
2558 4870 2797 4929 civitate,
2832 4867 3052 4935 penitus
3091 4880 3216 4919 cum
3242 4865 3329 4917 illa
3368 4864 3423 4918 in

1886 4976 2118 5029 corpore
2150 4961 2265 5028 ejus
2295 4969 2374 5013 est
2406 4977 2420 5011 :
2446 4957 2713 5026 siquidem
2744 4958 2861 5026 ejus
2889 4956 3173 5023 imaginem
3197 4955 3428 5007 colloca-

1886 5049 1963 5100 vit
1990 5063 2203 5100 sursum
2222 5048 2273 5099 in
2298 5046 2502 5100 caelesti
2526 5046 2748 5099 civitate
2770 5052 3076 5097 sanctorum
3100 5040 3422 5102 Jerusalem;

1887 5136 2160 5202 propriam
2189 5149 2316 5186 vero
2364 5134 2648 5201 imaginem
2687 5132 2906 5185 luminis
2931 5128 3111 5183 arcani
3138 5136 3299 5195 atque
3337 5126 3426 5179 di-

1888 5220 2131 5273 vinitatis
2172 5234 2282 5272 suae
2314 5220 2602 5272 collocavit
2644 5219 2698 5271 in
2726 5231 2951 5285 corpore
2994 5217 3110 5285 ejus
3139 5231 3151 5266 :
3180 5216 3292 5282 ipse
3327 5214 3428 5266 mi-

1888 5314 2079 5367 nistrat
2107 5312 2156 5366 ei
2188 5311 2241 5364 in
2270 5312 2489 5365 civitate
2513 5310 2790 5378 corporis:
2814 5308 2902 5361 illa
2924 5321 3057 5360 vero
3080 5306 3129 5359 ei
3156 5305 3426 5357 ministrat

1886 5404 1942 5456 in
1966 5402 2169 5455 caalesti
2210 5400 2447 5454 civitate.
2479 5398 2600 5452 llaec
2634 5398 2780 5451 illius
2802 5396 3181 5450 haereditatem
3212 5394 3324 5446 adit
3367 5392 3421 5445 in

1887 5494 2062 5549 caelo:
2101 5490 2189 5545 ille
2225 5505 2353 5545 vero
2401 5488 2572 5543 cernit
2607 5488 2725 5557 ejus
2766 5485 3137 5540 hereditatem
3163 5483 3219 5538 in
3254 5489 3422 5537 terra.
