4254 6358
776 331 889 398 ’195

2073 314 2133 374 S.
2175 310 2491 375 MACARII
2525 306 2843 371 EGYPTII

3918 302 4036 367 796

782 438 1046 498 Dominus
1082 434 1226 491 enim
1257 433 1548 489 haereditas
1574 435 1634 487 ﬁt
1668 430 1885 490 anima,
1920 434 1976 483 et
2000 426 2181 480 anima
2228 424 2336 477 bae-
2363 424 2416 482 Α

2444 419 2611 487 αὐτὴν
2638 418 2732 472 ἐπὶ
2767 417 2891 485 γῆς.
2937 415 2997 470 ὐ
3031 413 3236 486 Κύριος
3261 413 3371 485 γὰρ
3400 411 3735 485 κληρονομία
3767 409 4038 480 γίγνεται

780 529 988 585 reditas
1020 524 1082 580 ﬁt
1115 524 1351 578 Domini.
1399 524 1454 578 Si
1492 522 1694 578 etenim
1730 526 2076 590 peccatorum
2106 515 2163 568 in
2194 520 2345 567 tene-

783 621 901 676 bris
938 617 1211 689 agentium
1243 615 1553 670 intellectus
1594 622 1651 669 et
1697 625 1853 667 mens
1906 618 2017 663 tam
2071 606 2261 676 procul
2315 620 2346 659 a

786 724 1018 773 corpore
1050 708 1241 762 abesse
1262 715 1463 776 potest,
1507 721 1571 760 ac
1609 704 1825 773 longius
1868 699 2229 771 peregrinari,
2267 706 2350 751 at-

786 816 895 869 que
953 800 1008 853 in
1070 798 1393 851 remotiores
1438 797 1690 864 regiones
1746 792 2019 862 proﬁcisci
2071 796 2349 843 momento

789 892 938 945 horae
959 890 1123 950 valet,
1146 896 1203 941 et
1228 902 1604 955 scpenumero
1627 885 1819 939 relicto
1843 883 1897 936 in
1919 892 2062 937 terra
2094 893 2347 948 corpore,

788 995 943 1033 mens
992 980 1049 1032 in
1098 977 1202 1031 alia
1254 978 1476 1046 regione
1506 990 1627 1029 cum
1670 974 1875 1027 dilecto
1926 973 2013 1025 vel
2052 970 2224 1024 amica
2252 983 2350 1022 sua

789 1070 958 1138 degit,
1006 1076 1062 1121 et
1104 1068 1217 1121 illic
1267 1082 1325 1120 se
1376 1067 1552 1134 ipsum
1591 1064 1747 1133 quasi
1772 1063 1941 1116 vitam
1984 1061 2184 1131 degere
2223 1073 2353 1113 oon-

790 1158 991 1227 spicit:
1032 1156 1074 1210 si
1106 1157 1273 1225 igitur
1306 1155 1461 1226 157
1510 1154 1811 1223 peccatoris
1856 1152 2036 1206 anima
2089 1156 2173 1202 est
2216 1148 2353 1201 adeo

791 1248 1009 1303 subtilis
1034 1255 1089 1301 et
1119 1247 1375 1311 volatilis,
1410 1254 1469 1299 ut
1517 1260 1670 1299 mens
1702 1246 1822 1313 ejus
1844 1257 1953 1295 non
1997 1240 2355 1309 prohibeatur

792 1355 822 1392 a
862 1339 1049 1407 procul
1081 1337 1288 1391 dissitis
1330 1336 1503 1399 locis;
1550 1336 1721 1387 multo
1763 1333 1932 1402 magis
1957 1332 2157 1392 anima,
2190 1344 2220 1381 a
2247 1342 2354 1396 qua

792 1403 1066 1484 sublatum
1112 1438 1198 1483 est
1251 1429 1499 1481 velamen
1562 1425 1908 1479 tenebrarum
1942 1423 2145 1476 virtute
2182 1403 2386 1473 sancti.

795 1521 1052 1589 Spiritus,
1082 1527 1136 1572 et
1164 1517 1455 1572 illuminati
1478 1525 1603 1571 sunt
1629 1514 2025 1569 intellectuales
2053 1512 2171 1579 ejus
2212 1508 2355 1562 oculi

791 1611 999 1664 lumine
1054 1611 1283 1673 caelesti,
1316 1618 1371 1662 et
1425 1623 1547 1677 qua:
1590 1607 1820 1661 liberata
1859 1612 1943 1658 est
1995 1602 2232 1671 perfecte
2289 1598 2357 1651 ab

796 1700 1179 1753 afﬂictionibus
1210 1698 1484 1760 obscenis,
1522 1706 1582 1750 ut
1634 1696 1835 1749 munda
1874 1694 2143 1748 beneﬁcio
2170 1691 2356 1761 gratiae

2442 510 2541 577 τῆς
2582 509 2801 579 ψυχῆς,
2834 507 2930 560 καὶ
2970 508 3004 577 ἠ
3049 506 3193 576 ψυχὴ
3238 506 3573 576 κληρονομία
3638 503 3884 573 γίγνεται
3933 503 4037 555 τοῦ

2444 600 2673 670 Κυρίου.
2720 600 2783 652 Et
2809 598 2920 667 γὰρ
2943 597 3055 650 τῶν
3083 599 3141 650 ἐν
3169 596 3349 649 σκότει
3380 594 3721 665 ἁμαρτωλῶν
3744 595 3778 661 ἠ
3806 592 4038 643 διάνοια

2446 693 2542 744 καὶ
2592 693 2622 744 ό
2667 691 2793 753 νοῦς
2832 688 3087 743 τοσοῦτον
3118 690 3307 759 πόρῤω
3338 687 3432 740 τοῦ
3468 689 3719 754 σώματος
3750 678 3899 735 εἶναι
3942 682 4041 733 δύο

2446 797 2625 840 ναται,
2660 782 2754 833 καὶ
2798 780 3017 850 μακρὰν
3063 780 3386 848 ἀποδημεῖν,
3427 777 3518 829 καὶ
3542 777 3623 837 είς
3671 770 4037 842 μακροτέρας

2448 868 2712 938 πατρίδας
2744 869 2997 921 ἀπελθεῖν
3028 869 3168 937 ῥοπῇ
3212 868 3360 935 ὥρας
3389 864 3581 934 ἰσχύει,
3629 863 3723 915 καὶ
3757 858 4040 917 πολλάκις

2449 958 2793 1029 ερῤιμμένουι
2811 959 2869 1010 ὲν
2894 960 2959 1029 τῇ
2983 960 3052 1027 γῇ
3074 956 3168 1010 τοῦ
3194 956 3463 1025 σώματος,
3481 956 3515 1025 ή
3534 954 3741 1007 διάνοια
3766 953 3825 1002 ὲν
3858 950 4039 1017 ἑτέρᾳ

2450 1048 2669 1118 πατρίδι
2709 1047 2845 1118 πρὸς
2873 1049 2965 1101 τὸν
2989 1048 3289 1116 ἀγαπητὸν,
3332 1046 3366 1117 ἢ
3406 1047 3503 1115 τὴν
3533 1044 3824 1115 ἀγαπητὴν
3853 1039 4038 1095 αὑτοῦ

2450 1139 2730 1207 τυγχάνει,
2763 1139 2924 1191 κάκεῖ
2960 1138 3150 1191 ἑαυτὸν
3187 1137 3262 1201 ώς
3293 1135 3643 1206 διαιτώμενον
3690 1133 3951 1204 καθορᾷο
3986 1132 4039 1182 εἰ

2451 1226 2543 1283 οὖν
2564 1231 2597 1298 ἡ
2623 1228 2716 1283 τοῦ
2744 1227 3067 1299 ἁμαρτωλοῦ
3114 1229 3260 1299 ψυχὴ
3287 1230 3428 1282 οὕτω
3468 1228 3680 1297 ἐλαφρά
3716 1243 3774 1279 τε
3806 1226 3906 1278 καὶ
3943 1224 4040 1279 εὖ·

2454 1339 2672 1391 πτερος,
2698 1321 2837 1373 ὥστε
2868 1320 2961 1373 τὸν
3009 1320 3131 1374 νοῦν
3181 1320 3346 1373 αὑτοῦ
3393 1320 3466 1390 μὴ
3501 1317 3889 1388 ἐμποδίζεσθαι
3921 1316 4039 1367 ἀ-τδ

2454 1414 2561 1465 τῶν
2604 1413 2885 1483 πόρῤωθεν
2933 1414 3113 1465 τόπων
3138 1453 3152 1476 ,
3196 1412 3377 1481 πολλῷ
3437 1411 3635 1482 μᾶλλον
3677 1409 3926 1479 ἡψυχὴ,
3966 1400 4039 1477 ἧς

2457 1504 2600 1575 ἤρθη
2622 1504 2680 1555 τὸ
2700 1503 2965 1571 κάλυμμα
2988 1503 3083 1555 τοῦ
3120 1506 3343 1566 σκότους
3368 1503 3474 1555 ὑπὸ
3495 1503 3593 1571 τῆς
3614 1502 3903 1569 δυνάμεως
3934 1499 4035 1549 τοῦ

2458 1592 2775 1662 Πνεύματος
2819 1592 2910 1644 τοῦ
2966 1592 3146 1657 ἁγίου,
3195 1594 3289 1645 καὶ
3334 1591 3709 1659 ὲφιυτίσθησαν
3746 1590 3795 1640 ol
3840 1586 4039 1654 νεκροὶ

2458 1684 2726 1751 ὀφθαλμοὶ
2759 1684 2927 1751 αὐτῆς
2955 1684 3042 1733 διὰ
3071 1683 3161 1733 τοῦ
3199 1680 3518 1750 ἐπουρανίου
3554 1681 3748 1748 φωτὶς,
3777 1678 3874 1729 καὶ
3907 1678 4037 1727 ἐλυ-

800 1791 1028 1853 reddita,
1058 1798 1169 1843 tota
1211 1791 1265 1842 in
1298 1790 1502 1857 Spiritu
1541 1789 1595 1841 in
1634 1788 1787 1842 malis
1816 1785 2088 1839 ministrat
2110 1783 2357 1845 Domino,
2394 1781 2435 1838 Β

2460 1776 2641 1845 τρώθη
2685 1775 2905 1837 τελείως
2942 1774 3052 1827 ἀπὸ
3107 1775 3216 1826 τῶν
3266 1774 3453 1826 παθῶν
3487 1776 3585 1840 τῆς
3634 1769 3879 1838 ἀτιμίας,
3941 1766 4037 1819 καὶ

798 1889 855 1934 et
876 1889 984 1933 tota
1008 1880 1061 1932 in
1099 1894 1328 1947 corpore
1363 1879 1532 1931 servit
1558 1879 1631 1931 illi
1657 1895 1669 1930 :
1701 1888 1755 1932 et
1784 1880 1838 1930 in
1872 1885 2082 1929 tantum
2109 1873 2361 1927 extendi-

802 1981 889 2023 tur
925 1971 1223 2031 intellcctu,
1250 1978 1312 2022 ut
1340 1970 1453 2038 ipsa
1477 1969 1549 2021 sit
1584 1968 1788 2033 ubivis,
1818 1977 1873 2022 et
1904 1967 2017 2031 ubi,
2040 1975 2096 2022 ct
2144 1964 2361 2034 quando

799 2060 1042 2124 libuerit,
1070 2056 1289 2112 Christo
1320 2059 1620 2112 ministret.

870 2319 934 2374 ν.
960 2318 1073 2374 Hoc
1120 2319 1255 2373 dicit
1295 2320 1625 2388 Apostolus:
1667 2319 1729 2375 Ut
1758 2318 1978 2373 valeatis
2013 2321 2216 2389 assequi
2246 2336 2361 2372 cum

802 2412 1037 2465 omnibus
1094 2413 1309 2476 sanctis,
1346 2428 1461 2476 qui:
1486 2414 1551 2465 sit
1595 2412 1841 2476 latitudo,
1890 2420 1938 2464 et
1982 2413 2269 2482 longitudo,
2315 2420 2366 2466 et

804 2503 1155 2571 profunditas,
1189 2510 1237 2554 et
1266 2503 1584 2567 sublimitas,
1609 2520 2013 2573 coguoscereque
2031 2504 2368 2571 praeminen-

805 2598 910 2643 tem
936 2591 1244 2659 cognitionis
1268 2592 1595 2643 dilectionem
1625 2591 1841 2658 Christi,
1875 2603 1931 2645 ut
1968 2593 2365 2661 impleamiuiin

806 2695 1011 2732 omnem
1031 2679 1405 2748 plenitudinem
1440 2680 1532 2734 Dei
1552 2683 1616 2734 ".
1638 2682 2017 2751 Contemplarc
2040 2698 2233 2736 arcana
2251 2699 2366 2753 my-

805 2773 972 2825 steria
1006 2773 1221 2835 animae,
1266 2789 1295 2826 a
1326 2789 1431 2842 qua
1473 2774 1650 2827 aufert
1688 2775 1951 2828 Dominus
1986 2774 2366 2828 incumbentes

806 2862 1082 2925 tenebras,
1116 2872 1171 2916 et
1214 2865 1420 2917 revelat
1448 2879 1590 2927 eam,
1628 2873 1685 2917 et
1719 2865 1993 2917 revelatur
2020 2864 2067 2919 ei
2105 2879 2251 2932 ;qua
2281 2880 2367 2917 ra-

808 2955 955 3007 tione
1001 2953 1190 3007 dilatet
1232 2963 1286 3008 et
1319 2955 1575 3009 extendat
1615 2956 1961 3024 prudentiam
2018 2956 2215 3008 mentis
2249 2955 2366 3022 ejus

806 3046 861 3098 in
893 3045 1229 3107 latitudines,
1258 3046 1650 3114 longitudines,
1683 3046 2084 3115 profunditatcs
2109 3054 2164 3099 et
2197 3045 2367 3099 subli-

807 3138 1026 3191 mitates
1069 3137 1339 3192 universae
1376 3137 1609 3192 visibilis
1651 3147 1705 3192 et
1748 3138 2037 3193 invisibilis
2080 3147 2365 3191 creature.
2396 3112 2438 3167 θ

807 3230 1058 3298 Magnum
1095 3244 1246 3299 ergo,
1274 3238 1331 3285 et
1384 3229 1629 3284 divinum
1677 3244 1835 3300 opus,
1868 3237 1924 3284 et
1965 3229 2369 3290 admirandum,

809 3333 1004 3374 revera
1046 3328 1132 3374 est
1177 3321 1377 3376 anima.
1403 3322 1539 3376 Cum
1577 3323 1722 3377 enim
1757 3333 1970 3377 crearet
2008 3322 2177 3383 illam,
2209 3322 2373 3374 talem

808 3409 1055 3465 condidit
1084 3410 1226 3465 Deus
1270 3427 1411 3476 eam,
1445 3422 1505 3466 ut
1532 3412 1584 3465 in
1622 3421 1819 3466 natura
1857 3413 1981 3482 ejus
2006 3411 2212 3465 nullum
2235 3411 2378 3466 inse-

809 3509 957 3554 reret
993 3500 1212 3564 vitium,
1244 3502 1337 3555 sed
1388 3503 1454 3555 ad
1498 3502 1789 3572 imaginem
1838 3502 2101 3555 virtutum
2138 3502 2376 3570 Spiritus

810 3590 1060 3645 condidit
1093 3592 1237 3645 illam
1278 3607 1290 3643 :
1325 3593 1506 3661 posuit
1538 3594 1592 3647 in
1628 3609 1691 3647 ea
1755 3593 1903 3662 leges
1950 3593 2235 3655 virtutum,
2263 3592 2376 3644 dis-

814 3683 1141 3747 cretionem,
1167 3684 1472 3746 scientiam,
1504 3684 1874 3752 prudentiam,
1916 3682 2097 3745 ﬁdem,
2126 3682 2377 3736 dilectio-

813 3788 961 3836 nem,
1031 3782 1193 3842 atque
1252 3785 1476 3829 caeteras
1526 3776 1761 3829 virtutes
1790 3775 1858 3829 ad
1911 3774 2204 3843 imaginem
2257 3772 2379 3842 Spi-

814 3863 972 3917 ritus.

886 3954 973 4008 Vl.
1004 3954 1197 4009 Adhuc
1248 3956 1394 4009 enim
1439 3956 1525 4009 vel
1583 3972 1728 4011 nunc
1769 3957 1823 4011 in
1864 3957 2112 4021 scientia,
2141 3959 2377 4027 pruden-

814 4046 910 4109 tia,
942 4047 1236 4101 dilectione
1277 4056 1332 4101 et
1372 4048 1477 4101 ﬁde
1512 4050 1804 4116 reperitur,
1832 4060 1886 4103 et
1910 4051 2287 4104 manifestatur
2325 4048 2374 4103 ei

816 4133 1117 4187 Dominus:
1150 4134 1349 4189 locavit
1404 4136 1457 4189 in
1504 4152 1567 4190 ea
1618 4138 1975 4200 intellectum,
2000 4140 2377 4209 cogitationes,

814 4224 1151 4277 voluntatem
1186 4238 1249 4277 ac
1276 4233 1510 4278 mentem
1552 4227 1746 4280 ducem
1778 4229 2112 4297 praecipuum
2143 4230 2381 4283 :consti-

816 4312 924 4365 tuit
966 4328 1183 4381 quoque
1211 4315 1265 4367 in
1293 4330 1357 4368 ea
1394 4317 1753 4384 multiplicem
1778 4319 1937 4371 aliam
1972 4319 2328 4373 subtilitatem
2361 4336 2375 4383 ;

2462 1867 2676 1936 καθαρά
2704 1866 2790 1919 6ιά
2824 1866 2919 1933 τῆς
2966 1866 3185 1933 χάριτος
3228 1861 3618 1933 κατειργάσθη,
3652 1859 3747 1927 ὅλη
3776 1859 3834 1909 ὲν
3859 1856 4037 1924 οὖρα-

2462 1961 2572 2020 νοῖς
2613 1959 2669 2008 ὲν
2709 1957 2977 2024 πνεύματι
3011 1954 3246 2007 διακονεῖ
3274 1952 3352 2020 τῷ
3388 1950 3592 2019 Κυρίῳ,
3627 1948 3717 2000 καὶ
3740 1947 3836 2015 ὅλη
3868 1947 3929 1997 ὲν
3957 1943 4037 2013 τῷ

2465 2051 2678 2118 σώματι
2722 2050 2959 2101 διακονεῖ
2994 2048 3162 2118 αὐτῷ·
3196 2048 3292 2100 καὶ
3323 2047 3573 2099 τοσοῦτον
3604 2043 3933 2097 πλατύνεται
3959 2041 4037 2109 τῷ

2465 2143 2793 2211 φρονήματι,
2824 2141 2961 2192 ὥστε
3004 2139 3277 2209 πανταχοῦ
3328 2139 3495 2209 αὐτὴν
3552 2133 3712 2189 εἶναι·
3756 2136 3851 2187 καὶ
3897 2135 4035 2186 ὅπου

2465 2231 2737 2301 βούλεται,
2771 2234 2864 2284 καὶ
2902 2231 3028 2283 ἔνθα
3055 2231 3301 2299 βούλεται
3331 2231 3596 2282 διακονεῖν
3620 2229 3695 2297 τῷ
3716 2226 3965 2299 Χριστῷ.

2534 2324 2613 2376 Ε’.
2632 2321 2801 2373 Τοῦτό
2826 2340 2987 2391 φησιν
3003 2321 3360 2384 ὀἊπόστολος
3377 2321 3532 2374 ’Ἵνα
3549 2320 3916 2387 ἐξισχύσητε
3944 2334 4040 2368 κα-

2464 2413 2746 2469 ταλαϐεῖν
2771 2414 2890 2465 σὺν
2907 2413 3055 2466 πᾶσι
3088 2413 3210 2478 τοῖς
3243 2413 3453 2480 ἁγίοις,
3489 2413 3545 2464 τί
3566 2413 3631 2465 τὸ
3662 2411 3913 2474 πλάτος,
3942 2408 4037 2460 καί

2461 2500 2681 2571 μῆκος,
2712 2501 2809 2554 καὶ
2836 2503 3011 2568 ὕψος,
3040 2502 3360 2565 καὶβάθος,
3395 2500 3615 2569 γνῶναί
3639 2518 3701 2553 τε
3724 2500 3838 2567 τὴν
3860 2502 4036 2564 ὑπερ-

2466 2589 2817 2644 ϐάλλουσαν
2859 2590 2970 2657 τῆς
3002 2590 3276 2657 γνώσεως
3325 2590 3567 2658 ἀγάπην
3600 2590 3704 2643 τοῦ
3751 2588 4036 2654 Χριστοῦ,

2465 2680 2563 2756 ἵνα
2595 2680 2947 2747 πληρωθῆτε
2981 2684 3067 2745 εἰς
3099 2680 3222 2733 πᾶν
3263 2683 3327 2732 τὸ
3374 2681 3661 2748 πλήρωμα
3703 2680 3810 2733 τοῦ
3865 2679 4037 2735 Θεοῦ.

2466 2770 2750 2838 Θεώρησον
2772 2770 2983 2839 ἇρῤητα
3010 2772 3283 2841 μυστήρια
3310 2771 3506 2841 ψυχῆς,
3528 2768 3595 2840 ἦς
3622 2772 3894 2840 περιαίρει
3926 2770 4035 2821 Κύ-

2472 2878 2585 2931 ριος
2615 2862 2674 2913 τὸ
2706 2863 3054 2929 ἐπικείμενον
3073 2864 3280 2926 σκότος,
3318 2864 3409 2915 καὶ
3432 2862 3804 2915 ἀποκαλύπτει
3845 2862 4035 2929 αὐτὴν,

2469 2952 2561 3006 καὶ
2592 2953 3035 3007 ἀποκαλύπτεται
3087 2954 3222 3023 αὐτῇ
3248 2971 3261 2985 ·
3295 2954 3409 3015 πῶς
3453 2954 3709 3006 πλατύνει
3752 2955 3846 3005 καὶ
3877 2954 4039 3005 τείνει

2469 3048 2536 3097 τὰ
2568 3046 2890 3112 φρονήματα
2948 3042 3042 3095 τοῦ
3082 3045 3198 3106 νοὸς
3242 3046 3436 3114 αὐτῆς,
3476 3046 3555 3103 είς
3598 3044 3668 3096 τά
3710 3045 3909 3114 πλάτη.
3948 3049 4039 3098 καὶ

2476 3137 2645 3205 μήκη,
2680 3136 2774 3187 καὶ
2804 3134 2960 3204 βάθη,
2987 3136 3082 3187 καὶ
3121 3135 3229 3205 ὕψη
3264 3138 3443 3206 πάσης
3490 3136 3691 3205 ὁρατῆς
3730 3138 3827 3189 καὶ
3881 3140 4041 3206 ἀοράο

2472 3247 2567 3282 του
2616 3230 2867 3294 κτίσεως.
2899 3232 3062 3298 Μέγα
3101 3231 3277 3283 τοίνυν
3306 3234 3401 3286 καὶ
3431 3232 3572 3285 θεῖον
3600 3231 3757 3303 ἔργον
3795 3234 3886 3285 καὶ
3915 3233 4040 3285 θαυ-

2478 3318 2677 3389 μαστὸν
2709 3320 2877 3382 ὅντως
2908 3321 3056 3371 ἐστὶν
3085 3320 3119 3389 ἠ
3152 3319 3323 3390 ψυχή.
3356 3321 3443 3373 Ἐν
3466 3320 3574 3391 γὰρ
3596 3321 3673 3390 τῷ
3708 3321 4040 3389 δημιουργῆ-

2478 3429 2570 3465 σαι
2597 3411 2785 3481 αὐτὴν,
2828 3410 3085 3481 τοιαύτην
3132 3414 3387 3480 ἐποίησεν
3433 3415 3460 3466 ό
3494 3412 3625 3477 Θεὸς
3664 3413 3852 3482 αὐτὴν,
3885 3414 3958 3475 ὡς
3986 3416 4039 3466 ἰν

2474 3506 2539 3573 τῇ
2572 3502 2732 3571 φύσει
2766 3502 2934 3570 αὐτῆς
2966 3501 3042 3571 μὴ
3090 3502 3323 3555 ἐνθεῖναι
3373 3504 3590 3565 κακίαν,
3620 3502 3755 3555 ἀλλά
3780 3504 3917 3554 κατά
3948 3504 4039 3571 τὴν

2476 3594 2661 3647 εἰκόνα
2712 3592 2819 3646 τῶν
2850 3592 3062 3662 ἀρετῶν
3094 3593 3186 3645 τοῦ
3228 3594 3541 3664 Πνεύματος
3576 3594 3827 3662 ἐποίησεν
3852 3594 4035 3663 αὑτήν.

2480 3686 2716 3753 Ἐθηκεν
2745 3687 2825 3747 είς
2867 3685 3036 3753 αὐτὴν
3071 3684 3265 3755 νόμους
3309 3687 3541 3755 ἀρετῶν,
3585 3686 3876 3754 διάκρισιν,
3904 3688 4041 3753 γνῶ-

2480 3792 2584 3835 σιν,
2616 3777 2898 3845 φρόνησιν,
2929 3775 3132 3839 πίστιν,
3160 3777 3401 3845 ἀγάπην,
3441 3777 3535 3830 καὶ
3565 3779 3661 3840 τὰς
3689 3776 3881 3840 λοιπὰς
3915 3780 4038 3848 ἀρε-

2477 3870 2575 3929 τάς
2600 3868 2743 3920 κατὰ
2776 3869 2875 3935 τὴν
2901 3870 3087 3923 εἰκόνα
3106 3869 3198 3922 τοῦ
3227 3870 3562 3937 Πνεύματος.

2554 3955 2883 4026 ς’.”Ετιγὰρ
2901 3959 2991 4011 καὶ
3014 3959 3175 4011 νῦνὲν
3200 3962 3264 4029 τῇ
3282 3976 3346 4027 γν
3364 3960 3515 4023 ώσει,
3534 3960 3629 4014 καὶ
3648 3963 3925 4031 φρονήσει,
3952 3964 4039 4015 καὶ

2480 4048 2669 4115 ἀγάπῃ
2698 4088 2711 4112 ,
2743 4049 2837 4100 καὶ
2865 4051 3045 4101 πίστει
3083 4050 3393 4118 εὑρίσκεται
3426 4052 3520 4104 καὶ
3546 4053 3872 4121 φανεροῦται
3906 4055 4034 4121 αὐτῇ

2481 4138 2509 4188 ὁ
2531 4136 2730 4206 Κύριος
2753 4152 2767 4167 ·
2806 4137 3002 4204 ἔθηκεν
3031 4138 3110 4199 είς
3138 4137 3307 4205 αὐτὴν
3333 4138 3590 4203 διάνοιαν,
3626 4138 3933 4207 λογισμοὺς,
3959 4140 4038 4191 θέ-

2482 4228 2655 4302 λημα,
2686 4227 2810 4280 νοῦν
2838 4229 3081 4297 ἡγεμόνα
3103 4242 3116 4257 '
3148 4228 3481 4295 ἑνεθρόνισεν
3516 4230 3575 4281 ὲν
3608 4229 3745 4297 αὐτῇ
3775 4230 3867 4281 καὶ
3882 4228 4037 4298 ἀλλην

2483 4318 2683 4386 πολλὴν
2704 4318 3027 4386 λεπτότητα.
3046 4317 3328 4387 Ἐποίησεν
3344 4319 3513 4386 αὐτὴν
3536 4318 3838 4388 εὐκίνητον,
3854 4318 4035 4371 εὔπτεο

816 4403 949 4457 fecit
997 4404 1143 4457 illam
1180 4404 1339 4459 facile
1388 4407 1668 4468 mobilem.
1712 4410 2009 4475 volatilem,
2037 4419 2091 4463 et
2138 4410 2438 4507 indefes-I

2444 4458 2455 4503 ,
2488 4426 2599 4479 ρον,
2623 4409 2847 4461 ἀκοπον*
2867 4409 3156 4478 ἐχαρίσατο
3186 4410 3321 4479 αὐτῇ
3349 4408 3410 4460 τὸ
3440 4410 3496 4460 ἐν
3519 4411 3656 4479 ῥοπῇ
3680 4409 3925 4477 ἔρχεσθαι
3951 4411 4035 4461 καὶ

818 4514 954 4553 sam.
974 4499 1209 4553 Donavit
1238 4501 1339 4558 illi.
1363 4510 1422 4554 ut
1458 4502 1511 4554 in
1556 4510 1834 4555 momento
1860 4502 1939 4555 ire
1958 4511 2013 4556 et
2040 4503 2221 4557 redire
2251 4520 2379 4573 pos—

821 4591 913 4654 sit,
946 4598 1001 4643 et
1032 4598 1214 4643 mente
1236 4591 1550 4645 ministrare
1578 4592 1650 4653 ei,
1676 4600 1838 4655 prout
1863 4592 2099 4660 Spiritus
2124 4593 2380 4656 voluerit,

817 4691 983 4750 atque
1035 4690 1095 4735 ut
1143 4681 1366 4735 omnino
1422 4682 1621 4744 dicam,
1672 4683 1879 4735 creavit
1916 4682 2062 4736 illam
2096 4683 2276 4745 talem,
2325 4690 2384 4736 ut

820 4771 935 4841 ipsa
966 4770 1038 4825 sit
1066 4786 1266 4840 sponsa
1304 4780 1356 4824 et
1383 4772 1527 4825 socia
1558 4773 1698 4840 ejus,
1741 4781 1800 4824 ut
1832 4773 1943 4841 ipse
1977 4788 2099 4825 cum
2135 4772 2225 4825 illa
2258 4787 2387 4824 con-

822 4870 1178 4929 temperetur,
1241 4871 1293 4914 et
1349 4879 1491 4917 unus
1534 4862 1772 4931 Spiritus
1812 4880 1934 4917 cum
1959 4878 2025 4917 eo
2058 4863 2170 4925 ﬁat,
2209 4871 2268 4914 ut
2298 4863 2384 4917 in-

821 4952 979 5019 quit:
1010 4950 1109 5010 Qui
1139 4952 1365 5005 adliceret
1401 4953 1643 5012 Domino.
1678 4971 1813 5006 unus
1842 4956 2056 5023 spiritus
2089 4962 2164 5006 est
2196 4954 2262 5007 ".
2284 4952 2384 5008 Cui

820 5044 992 5112 gloria
1030 5046 1084 5097 in
1112 5045 1308 5099 saecula
1342 5046 1685 5098 saeculorum.
1722 5048 1914 5099 Amen.

1341 5152 1621 5208 HOMILIA
1661 5155 1871 5209 XLVII.

942 5245 1243 5314 Explicatio
1282 5248 1565 5317 allegorica
1616 5249 1967 5317 quorumdam
2011 5248 2103 5301 sub
2156 5246 2264 5317 lege

1456 5319 1738 5386 factorum.

893 5424 933 5477 l.
970 5422 1152 5477 Gloria
1202 5425 1385 5487 Mosis.
1431 5444 1589 5495 quam
1646 5428 1869 5498 gerebat
1903 5430 1956 5483 in
2007 5428 2171 5509 facie,
2222 5436 2382 5499 typus

820 5525 942 5569 erat
964 5530 1108 5570 verm
1156 5516 1355 5586 εισι-ἰαὶ.
1392 5518 1862 5584 Quemadmodum
1911 5522 2057 5575 enim
2111 5520 2223 5574 illic
2260 5520 2382 5575 ﬁxis

895 5664 943 5696 ”
958 5663 1157 5733 Ephes.
1188 5683 1265 5739 ιιι,
1298 5668 1381 5724 l9.
1474 5668 1556 5723 "1
1588 5669 1713 5725 Cor.
1742 5686 1813 5736 ri,
1856 5671 1941 5724 l7.

2483 4497 2837 4567 ἀπέρχεσθαι,
2854 4499 3079 4560 καὶτοῖς
3100 4499 3409 4567 φρονήμασι
3428 4497 3696 4552 διακονεῖν
3724 4500 3892 4568 αὐτῷ,
3916 4499 4035 4553 ἔνθα

2478 4590 2537 4641 τὸ
2573 4588 2796 4657 Πνεῦμα
2821 4588 3098 4657 βούλεται,
3127 4590 3221 4641 καὶ
3249 4589 3579 4653 ἁπαξαπλῶς
3606 4590 3817 4643 ἔκτισεν
3878 4591 4036 4659 αὐτὴν

2480 4680 2755 4749 τοιαύτην,
2790 4678 2928 4731 ῶστε
2960 4678 3213 4747 γενέσθαι
3242 4680 3319 4742 είς
3353 4680 3571 4749 νύμφην
3598 4680 3694 4732 καὶ
3731 4682 4036 4748 κοινωνικὴν

2482 4770 2673 4835 αὑτοῦ,
2738 4769 2832 4821 τοῦ
2883 4770 3044 4822 αὑτὸν
3097 4771 3214 4839 μετ’
3266 4771 3435 4839 αὐτῆς
3492 4769 3813 4841 κεκρᾶσθαι,
3851 4771 3938 4823 καὶ
3983 4772 4035 4823 ἒν

2484 4859 2706 4928 Πνεῦμα
2734 4860 3032 4928 μετάὐτοῦ
3064 4857 3224 4925 εἶναι,
3256 4861 3438 4922 καθώς
3468 4878 3654 4930 φησιν,
3677 4860 3729 4912 '0
3749 4861 4034 4928 κολλώμε-

2476 4965 2658 5017 μενος
2690 4948 2769 5014 τῷ
2806 4953 3019 5017 Κυρίῳ,
3068 4950 3138 5004 ἓν
3167 4950 3408 5019 "rei-14d
3433 4952 3618 5003 ἐστιν.
3651 4944 3722 5021 ᾯ
3748 4950 3938 5021 ήδόξα,
3962 4953 4033 5013 είς

2480 5041 2607 5101 τοὺς
2629 5040 2830 5103 αἰῶνας
2849 5042 2958 5094 τῶν
2982 5042 3215 5097 αἰώνων.
3265 5044 3318 5095 Ἀ
3330 5044 3458 5112 μήν.

3068 5154 3309 5206 ΟΜΙΛΙΔ
3336 5154 3466 5206 MZ'.

2501 5238 2879 5311 Ἅλληγορικὴ
2921 5242 3301 5364 παράφραιέις
3321 5242 3440 5294 τῶν
3464 5242 3582 5296 ὑπὸ
3607 5243 3794 5311 νόμον
3808 5259 4031 5313 γεγενη-

3167 5331 3203 5364 u
3240 5330 3377 5364 νων.

3163 5330 3377 5381 μενων.

2559 5430 2638 5484 Α’.
2676 5429 2740 5483 Ἦ
2770 5429 2893 5495 δόξα
2914 5428 3157 5489 Μωσέως
3186 5426 3253 5493 ἢν
3277 5421 3421 5493 εἶχεν
3447 5428 3505 5478 ὲν
3535 5424 3613 5495 up
3634 5424 3919 5496 προσώπῳ,
3943 5428 4027 5476 τύ-

2489 5537 2589 5584 πος
2633 5518 2700 5592 ἦν
2750 5521 2847 5589 τῆς
2890 5518 3147 5589 ἀληθινῆς
3192 5518 3368 5589 δόξης.
3411 5518 3505 5571 Ὃν
3543 5516 3650 5587 γὰρ
3694 5516 3888 5585 τρόπον
3927 5516 4028 5568 ιιιεί
