4254 6358
161 389 272 461 797

1263 390 1632 455 HOMILLE.
1671 417 1739 429 --
1776 388 1968 455 ΗΟΗ·
2006 391 2245 456 XLVII.

3321 392 3424 462 798

164 501 413 554 ἀτενίσαι
436 501 519 563 είς
532 500 597 554 τὸ
613 498 908 571 πρόσωπον
937 498 1183 565 Μωσέως
1206 500 1308 555 οὐκ
1336 502 1522 573 ἴσχυον
1545 505 1595 557 οί
1618 503 1749 557 Ὶου-
1776 506 1823 561 Α

1787 506 1823 561 Α
1850 499 2027 555 oculis
2058 498 2263 554 intueri
2293 497 2505 552 vultum
2540 497 2707 555 Hosis
2756 511 2870 556 non
2916 500 3176 556 valebant
3219 499 3426 560 Judaei.
3459 491 3467 506 ’⁴

162 594 327 655 δαῖοι,
362 592 509 648 οὕτω
542 593 639 647 νῦν
672 594 895 665 εκείνην
915 591 1013 665 τὴν
1044 592 1203 660 δόξαν
1228 593 1326 647 τοῦ
1350 596 1526 664 φωτὸς
1545 598 1604 651 ιν
1627 599 1747 661 ταῖς

162 686 363 755 ψυχαῖς
410 685 655 755 δέχονται
696 687 746 739 οί
800 686 1144 756 Χριστιανοὶ,
1186 686 1284 739 καὶ
1320 686 1383 741 τὸ
1439 688 1629 750 σκότος
1669 689 1745 758 μὴ

165 778 331 845 φέρον
361 776 464 848 τὴν
496 776 671 847 αὐγὴν
723 775 817 830 τοῦ
854 777 1032 847 φωτὸς
1079 778 1517 850 έκτυφλούμενον
1567 798 1745 850 φυγα-

163 870 396 922 δεύεται.
436 868 667 923 Ὲκεῐνοι
694 869 771 935 δὲ,
800 870 881 923 ὅτι
907 870 1035 933 λαὸς
1072 869 1207 923 Θεοῦ
1227 869 1387 944 ἦσαν,
1420 872 1485 925 εκ
1513 873 1611 942 τῆς
1645 890 1744 927 ns-

170 964 397 1033 ριτομῆς
427 963 745 1032 ἐφαίνοντοο
794 962 1029 1018 ἐνταῦθα
1069 964 1127 1019 δὲ
1177 967 1207 1020 6
1244 964 1373 1029 λαὸς
1411 965 1507 1020 τοῦ
1528 966 1677 1032 ιΘεοῦ
1716 968 1745 1021 6

168 1057 500 1124 περιούσιος,
551 1055 613 1109 τὸ
655 1058 881 1127 σημεῖον
924 1057 1024 1127 τῆς
1068 1059 1373 1130 περιτομῆς
1428 1058 1640 1115 ινδοθεν
1674 1063 1743 1131 τῇ

170 1144 366 1216 καρδίᾳ
411 1143 580 1199 αὐτοῦ
614 1145 958 1217 ὑποδέχεται.
994 1148 1261 1219 Μὰχαιρα
1287 1147 1399 1219 γάρ
1422 1148 1745 1220 έπουράνιος

170 1238 427 1309 ἐκτέμνει
446 1238 510 1292 τδ
532 1239 792 1310 περισσὸν
822 1239 917 1292 τοῦ
947 1238 1063 1303 νοῦ,
1093 1241 1341 1297 τουτέστι
1372 1243 1469 1313 τὴν
1496 1242 1743 1315 ἀιιάθαρ.⁹

172 1346 260 1383 τον
318 1330 689 1401 ἀκροϐυστίαν
728 1335 827 1403 τῆς
856 1330 1151 1403 ἁμαρτίας.
1196 1336 1333 1405 Παρ’
1364 1336 1596 1401 έκείνοις
1644 1336 1743 1407 βά-

170 1438 383 1492 πτισμα
412 1422 515 1493 τὴν
544 1422 723 1493 σάρκα
740 1423 968 1493 ἁγιάζον
985 1442 998 1455 ·
1022 1426 1155 1497 παρ’
1177 1427 1311 1497 ἡμῖν
1330 1425 1390 1480 δέ
1407 1428 1524 1481 ἐστι
1554 1426 1746 1497 βάπτι-

172 1528 283 1581 σμα
318 1512 476 1580 ἁγίου
517 1512 835 1583 υνεύματος
880 1514 976 1569 καὶ
1017 1515 1190 1588 πυρός
1212 1532 1225 1546 ·
1261 1514 1421 1570 τοῦτο
1467 1517 1578 1589 γάρ
1609 1518 1741 1590 ἐκή-

172 1602 329 1670 ρυξεν
368 1602 643 1673 Ἰωάννης,
680 1604 871 1671 Αὐτὸς
929 1606 1087 1675 ὑμᾶς
1134 1608 1429 1672 βαπτίσει
1471 1609 1541 1663 έν
1597 1610 1743 1680 ἁγίῳ

169 1694 463 1761 Πνεύματι
482 1694 580 1748 καί
616 1697 780 1763 πυρί.

239 1785 316 1836 B'.
352 1786 502 1838 Ἐκεῖ
525 1787 698 1855 σκηνὴ
731 1786 978 1858 ὲσωτέρα
1004 1787 1100 1842 καὶ
1118 1788 1386 1859 ὲξωτέρα,
1417 1790 1513 1843 καὶ
1541 1790 1621 1854 είς
1646 1791 1743 1861 μὶν

175 1878 265 1947 τὴν
294 1877 545 1947 πρώτην,
569 1878 657 1932 διά
698 1878 899 1943 παντὸς
930 1880 1185 1951 είσῄεσαν
1215 1882 1265 1935 ot
1308 1884 1492 1953 ίερεῐς,
1516 1883 1615 1946 τάς
1648 1883 1742 1936 λα·-

168 1970 353 2038 τρείας
375 1969 748 2034 ἐπιτελοῦντες
769 1986 784 2001 ο
827 1971 907 2032 είς
940 1971 998 2024 δὲ
1032 1972 1129 2043 τὴν
1152 1973 1431 2045 δευτέραν,
1461 1973 1611 2039 suae
1645 1973 1741 2028 τοῦ

169 2060 417 2113 ἐνιαυτοῦ
479 2062 637 2131 μόνος
656 2064 686 2114 6
710 2063 1003 2132 ἀρχιερεὺς
1034 2066 1132 2119 σὺν
1159 2065 1386 2135 αἵματι,
1421 2067 1597 2121 τοῦτο
1631 2067 1741 2137 δη-

166 2151 426 2217 λοῦντος
478 2150 584 2205 τοῦ
622 2152 795 2221 ἁγίου
850 2155 1216 2223 Πνεὺματος,
1274 2155 1451 2225 μήπω
1486 2172 1742 2226 πεφανε-

160 2241 389 2309 ιῶσθαι
410 2241 524 2309 τὴν
555 2242 675 2295 τῶν
697 2243 882 2313 ἁγίων
916 2244 1079 2301 ὁδόν.
1127 2246 1390 2301 Ἐνταῦθα
1423 2247 1481 2302 δὲ
1522 2250 1571 2303 οί
1606 2266 1741 2303 κατ-

169 2337 319 2400 αξιού
329 2353 480 2406 μενοι
500 2337 837 2407 είσέρχονται
854 2338 933 2401 είς
948 2337 1046 2408 τὴν
1075 2338 1485 2410 ἀχειροποίητον
1515 2341 1737 2411 σκηνὴν,

168 2430 301 2480 επου
328 2427 632 2499 πρόδρομος
649 2428 790 2496 ὑπὲρ
821 2428 979 2499 ἡμῶν
1008 2429 1224 2500 είσῆλθε
1249 2430 1504 2501 Χριστός.
1529 2432 1740 2502 Γέγρα-

170 2538 301 2574 πται
324 2522 385 2573 ὲν
411 2520 489 2590 τῷ
507 2520 679 2592 νόμῳ,
709 2523 817 2575 τὸν
843 2521 999 2591 ίερέα
1017 2522 1223 2576 λαϐεῖν
1238 2525 1349 2578 δύο
1370 2526 1740 2593 περιστερὰς,

170 2616 265 2668 καί
303 2613 486 2670 θῦσαι
509 2614 625 2683 μὲν
654 2614 771 2681 τὴν
797 2615 965 2683 μίαν,
990 2617 1273 2683 ραντίσαι
1304 2614 1373 2668 δὲ
1403 2614 1519 2684 τὴν
1546 2614 1744 2677 ζῶσαν

168 2707 286 2761 ἀπὸ
339 2707 448 2761 τοῦ
493 2708 743 2775 αίματος
780 2707 1066 2776 Jun-nc,
1120 2709 1216 2763 καί
1270 2707 1601 2773 ἀπολῦσαι,
1641 2708 1741 2762 καί

169 2802 459 2853 ἵπτασθαι
513 2799 858 2867 ἐλευθέραν.
908 2800 981 2854 Τὸ
1031 2800 1089 2853 δὲ
1132 2800 1419 2871 γενόμενον
1470 2799 1639 2863 τύπος
1675 2796 1743 2871 ἦν

170 2891 263 2943 καὶ
316 2892 447 2943 σκιὰ
470 2894 571 2961 τῆς
604 2890 862 2959 ἀληθείας
884 2907 899 2922 ⁸
946 2889 1039 2943 καὶ
1075 2891 1183 2961 γὰρ
1218 2891 1247 2942 6
1293 2891 1527 2962 Χριστὸς
1555 2890 1742 2959 ἐτύθη,

170 2983 264 3035 καὶ
319 2982 382 3034 τὸ
431 2976 572 3052 αἷμα
625 2980 792 3035 αὐτοῦ
851 2983 1111 3051 ῥαντίσαν
1166 2982 1312 3052 ἡμᾶς
1366 2982 1743 3052 πτεροφυῆσαι

169 3073 447 3141 ἐποίησεν.
472 3072 679 3125 Ἔδωκε
714 3072 819 3140 γάρ
843 3073 973 3142 ἡμῖν
999 3072 1277 3142 πτέρυγας
1308 3073 1463 3141 ἁγίου
1498 3072 1746 3143 Πνεύμα-

1851 589 2047 645 eodem
2101 588 2267 644 modo
2305 602 2455 644 nunc
2500 589 2650 645 illam
2690 589 2923 663 gloriam
2971 592 3112 649 lucis
3144 593 3198 648 in
3230 594 3432 652 animis

1850 682 2135 752 recipiunt
2188 679 2487 738 Christiani
2533 698 2550 735 :
2590 698 2652 739 ac
2710 685 2952 740 tenebrae
3012 700 3122 740 non
3190 686 3429 744 ferentes

1850 773 2199 844 splendorem
2241 776 2402 841 lucis,
2449 784 2731 832 occaecata;
2768 777 3049 849 iugantur.
3103 779 3275 834 Porro
3318 781 3425 844 illi,

1849 864 1997 933 quod
2018 870 2204 920 essent
2232 866 2468 936 populus
2486 866 2605 930 Dei,
2630 882 2694 921 ex
2726 868 3147 924 circumcisione
3167 885 3431 943 agnosce-

1849 956 2101 1011 bantur:
2162 957 2328 1013 modo
2378 973 2511 1014 vero
2560 959 2797 1029 p0pulus
2842 959 2937 1014 Dei
2976 961 3297 1030 peculiaris.
3347 962 3427 1016 si-

1850 1064 2018 1119 gnum
2065 1049 2503 1105 circumcisionis
2547 1050 2697 1105 intus
2748 1049 2804 1104 in
2841 1049 3005 1105 corde
3038 1063 3138 1105 suo
3161 1052 3423 1121 suscepit.

1848 1138 2074 1196 Gladius
2105 1140 2255 1197 enim
2289 1142 2530 1197 caelestis
2563 1149 2813 1211 amputat
2836 1140 3233 1197 abundantiam
3265 1157 3425 1198 men-

1852 1232 1945 1298 tis,
1988 1233 2095 1289 boc
2125 1240 2233 1299 est,
2273 1233 2552 1303 impurum
2601 1233 2933 1302 praeputium
2980 1235 3215 1303 peccati.
3264 1234 3424 1305 Apud

1850 1323 1976 1378 illos
2002 1332 2123 1378 erat
2160 1323 2433 1392 baptisma
2470 1337 2692 1376 carnem
2722 1321 3073 1377 sanctificans
3102 1341 3114 1376 :
3154 1323 3296 1392 apud
3324 1338 3426 1377 nos

1848 1428 1981 1469 vero
2020 1413 2291 1484 baptisma
2326 1414 2499 1467 sancti
2544 1411 2785 1483 Spiritus
2812 1421 2870 1466 et
2908 1412 3071 1482 ignis.
3113 1411 3229 1468 Hoc
3274 1412 3423 1466 enim

1850 1503 2166 1572 praedicavit
2190 1502 2431 1558 Joannes
2464 1519 2478 1555 :
2516 1498 2635 1573 Ipse
2676 1518 2765 1557 vos
2804 1502 3093 1571 baptizabit
3138 1504 3198 1557 in
3241 1510 3424 1557 sancto

1849 1591 2052 1664 Spiritu
2074 1602 2123 1646 et
2152 1594 2263 1664 igni
2277 1594 2345 1647 ⁹¹.

1890 1794 1987 1855 .11.
2014 1793 2094 1849 Ibi
2127 1792 2535 1847 tabernaculum
2572 1791 2806 1845 interius
2860 1798 2917 1846 et
2949 1789 3224 1853 exterius;
3253 1796 3416 1858 atque

1844 1883 1900 1938 in
1933 1882 2090 1953 prius
2112 1898 2329 1952 semper
2370 1880 2818 1953 ingrediebantur
2842 1880 3177 1943 sacerdotes,
3206 1880 3417 1935 cultum

1847 1974 2007 2046 148
2026 1974 2274 2029 divinum
2298 1981 2625 2044 peragentes
2652 1989 2664 2022 :
2702 1972 2755 2026 in
2795 1971 3096 2026 secundum
3121 1980 3303 2025 autem
3330 1988 3419 2025 se—

1841 2066 1947 2121 mel
1979 2066 2032 2119 in
2073 2079 2217 2119 anno
2245 2064 2396 2117 solus
2425 2061 2672 2131 pontifex
2714 2076 2838 2116 cum
2873 2061 3137 2131 sanguine
3163 2077 3177 2113 :
3206 2060 3316 2114 Hoc
3339 2062 3417 2114 si-

1839 2156 2125 2228 gniﬁcante
2153 2163 2337 2209 sancto
2360 2152 2584 2224 Spiritu,
2608 2152 2839 2205 nondum
2872 2151 3271 2219 manifestatum
3306 2164 3419 2203 esse

1838 2256 2144 2301 sanctorum
2170 2246 2308 2299 viam
2331 2244 2397 2297 ".
2434 2242 2535 2297 Hic
2554 2256 2707 2305 vero,
2728 2240 2823 2311 qui
2848 2248 3193 2303 meruerunt,
3228 2240 3415 2310 ingre-

1840 2336 2068 2392 diuntur
2119 2336 2174 2391 in
2219 2352 2331 2391 non
2383 2333 2754 2389 manuiactum
2798 2332 3216 2387 tabernaculum
3243 2371 3258 2394 ,
3297 2347 3410 2401 quo

1840 2443 2145 2499 praecursor
2166 2442 2266 2498 pro
2289 2426 2449 2481 nobis
2470 2424 2684 2481 introiit
2711 2423 2991 2480 Christus.
3028 2422 3301 2492 Scriptum
3331 2431 3417 2476 est

1842 2520 1898 2573 in
1925 2519 2041 2589 lege
2069 2536 2082 2571 :
2107 2518 2171 2574 Ut
2194 2517 2439 2572 sacerdos
2467 2517 2690 2587 accipiat
2719 2515 2855 2569 duas
2885 2514 3178 2581 columbas,
3201 2520 3252 2566 et
3278 2512 3417 2566 atte-

1842 2628 1956 2663 ram
2007 2610 2216 2679 quidem
2257 2616 2485 2672 mactet,
2518 2614 2763 2678 aspergat
2802 2622 2925 2659 vero
2958 2607 3129 2659 vivam
3157 2606 3416 2675 sanguine

1842 2700 1976 2769 ejus,
1993 2708 2043 2752 et
2070 2698 2303 2752 dimittat
2336 2696 2553 2751 liberam
2576 2695 2801 2749 evolare.
2826 2695 3028 2749 Verum
3054 2693 3201 2763 quod
3227 2692 3415 2761 ﬁebat,

1843 2800 2006 2861 typus
2056 2798 2176 2845 erat
2235 2796 2293 2843 et
2337 2787 2529 2841 umbra
2582 2785 2852 2841 veritatis.
2890 2785 3105 2839 Etenim
3160 2783 3415 2839 Christus

1845 2880 2159 2935 immolatus
2182 2888 2285 2944 est,
2323 2888 2379 2934 et
2403 2877 2627 2949 sanguis
2654 2878 2777 2948 ejus
2812 2892 2913 2930 nos
2947 2890 3243 2947 aspergens
3283 2874 3415 2928 fecit

1846 2979 1911 3027 ut
1946 2978 2308 3027 nascerentur
2355 2969 2515 3024 nobis
2544 2968 2665 3023 alae.
2722 2966 2884 3021 Dedit
2920 2966 3066 3019 enim
3112 2965 3273 3020 nobis
3300 2966 3416 3020 alas

1845 3063 2083 3133 Spiritus
2110 3062 2283 3118 sancti
2317 3062 2383 3116 ad
2404 3061 2699 3117 volandum
2727 3060 2845 3116 sine
2875 3058 2990 3113 ullo
3017 3057 3414 3129 impedimento

168 3179 282 3227 τος,
321 3162 459 3233 πρὸς
504 3162 566 3215 τὸ
596 3160 853 3216 ἵπτασθαι
904 3161 1200 3227 ἀκωλύτως
1233 3164 1314 3227 είς
1358 3164 1450 3217 τὸν
1480 3162 1620 3234 ἀέρα
1646 3163 1744 3235 τῆς
1769 3184 1813 3243 c
1846 3167 1848 3203 1

736 3160 853 3216 σθαι
904 3161 1200 3227 ἀκωλύτως
1233 3164 1314 3227 είς
1358 3164 1450 3217 τὸν
1480 3162 1620 3234 ἀέρα
1646 3163 1744 3235 τῆς
1769 3184 1813 3243 c
1846 3150 1902 3204 in
1929 3164 2114 3205 aerem
2146 3149 2416 3205 (“Vinum-

171 3255 445 3325 θεότητος.

243 3370 321 3425 l".
340 3370 602 3433 Ἐκείνοις
620 3369 783 3439 νόμος
810 3368 968 3439 ἐδόθη
991 3369 1048 3424 έν
1079 3369 1242 3434 πλαξὶ
1262 3372 1647 3442 γεγραμμένος
1673 3370 1748 3425 λι-

172 3462 369 3528 θίναις,
401 3463 535 3531 ἡμῖν
565 3463 622 3515 δὲ
647 3462 802 3532 νόμοι
854 3463 1215 3533 πνευματικοὶ
1243 3462 1437 3527 πλαξὶν
1470 3464 1745 3534 ἐγγραφό-

172 3570 326 3623 μενοι
362 3552 589 3622 καρδίας
618 3554 920 3623 σαρκίναιςο
950 3553 1099 3622 λέγει
1121 3554 1251 3623 γὰρ,
1289 3554 1502 3621 Διὸοὺς
1522 3556 1746 3625 νόμους

164 3662 284 3711 μου
310 3644 381 3696 ἐν
403 3644 675 3713 καρδίαις
701 3644 922 3711 αὐτῶν,
953 3644 1053 3698 καί
1088 3645 1187 3698 ἐπί
1214 3645 1320 3713 τὰς
1341 3646 1609 3713 διανοίας
1634 3648 1741 3702 αὐ-

169 3736 289 3788 τῶν
317 3735 625 3804 ἐπιγράψω
646 3738 886 3802 αὐτούς.
918 3738 1161 3791 Κάκεῖνα
1198 3738 1295 3807 μιν
1334 3739 1511 3793 πάντα
1538 3755 1745 3809 καταρ-

168 3826 415 3897 γούμενα
449 3830 544 3881 καὶ
572 3828 883 3900 πρόσκαιρα
913 3845 927 3859 ·
969 3829 1063 3882 νῦν
1088 3829 1145 3882 δὲ
1180 3830 1359 3884 πάντα
1383 3830 1444 3895 δε
1482 3831 1741 3902 ἀληθείας

168 3920 249 3981 είς
273 3920 368 3971 τὸν
399 3918 507 3972 loco
521 3919 805 3988 ἄνθρωπον
831 3920 1224 3989 ἐπιτελούμενα
1244 3936 1258 3952 ⁸
1290 3922 1521 3993 διαθήκη
1553 3938 1613 3973 τε
1633 3922 1741 3991 γάρ

168 4011 395 4074 ἔσωθεν,
447 4011 543 4065 καὶ
589 4011 945 4075 ἁπαξαπλῶς,
976 4013 1131 4066 Ὅσα
1182 4013 1435 4079 ἐκείνοις
1488 4014 1737 4082 συνέϐη,

168 4100 433 4166 τυπικῶς
472 4102 739 4169 ἐγίγνετο
762 4119 775 4133 ⁸
813 4103 1039 4171 ἐτράφη
1100 4102 1169 4156 δὲ
1219 4104 1369 4171 πρὸς
1417 4106 1742 4159 νουθεσίαν

170 4193 483 4260 ἡμετέραν.
517 4193 607 4262 Τῷ
640 4195 746 4263 γάρ
772 4193 1025 4263 Ἀϐραὰμ
1056 4198 1314 4263 προεῖπεν
1333 4199 1361 4249 6
1382 4195 1513 4260 Θεδς
1536 4196 1599 4249 τὸ
1623 4197 1741 4249 ὲσό-

177 4301 361 4351 μενον,
400 4284 483 4335 ὅτι
513 4284 811 4350 Πὰροικον
838 4283 1009 4337 ἔσται
1031 4284 1097 4337 τὸ
1126 4284 1362 4353 σπέρμα
1394 4300 1512 4339 σου
1556 4287 1627 4339 ἐν
1661 4286 1739 4355 τῇ

167 4376 279 4426 οὐκ
314 4373 454 4439 ιδίᾳ,
485 4373 581 4425 καί
620 4374 988 4436 κακώσουσι,
1015 4374 1113 4427 καί
1151 4374 1573 4431 δουλώσουσιν
1591 4375 1737 4431 αὐτὸ

167 4464 273 4530 ἐτη
311 4465 684 4531 τετρακόσια.
709 4464 879 4516 Τοῦτο
908 4464 1147 4533 έπλήρου
1182 4466 1281 4534 τὴν
1317 4466 1419 4535 τῆς
1457 4468 1615 4530 σκιᾶς
1658 4466 1735 4519 εί-

168 4556 325 4610 κόνα.
360 4556 627 4625 Πάροικος
653 4555 760 4626 γὰρ
791 4556 1003 4621 ἐγένετο
1023 4558 1050 4608 6
1080 4555 1227 4621 λαὸς,
1257 4558 1350 4610 καὶ
1370 4558 1739 4630 κατεδουλώθη
1770 4536 1814 4591 D

169 4645 277 4698 ὑπὸ
294 4644 397 4697 τῶν
408 4644 738 4713 Αίγυπτίων,
751 4646 845 4699 καὶ
860 4646 1109 4717 ἐκακώθη
1128 4648 1185 4699 ὲν
1202 4648 1356 4719 πηλῷ
1371 4650 1463 4704 καὶ
1480 4651 1744 4721 πλινθείᾳ.

174 4739 411 4807 Ἔστησε
460 4737 569 4807 γάρ
599 4738 780 4801 αὐτοίς
798 4737 995 4808 Φαραὼ
1027 4739 1455 4808 ἑργοεπιστὰτας
1477 4744 1571 4796 καὶ⁵
1592 4746 1747 4813 έργοο

168 4832 427 4892 δεώκτας,
450 4830 535 4883 ἵνα
557 4831 824 4900 ποιήσωσι
844 4832 913 4884 τὰ
947 4832 1084 4903 ἔργα
1113 4833 1279 4886 αὐτοῦ
1309 4836 1446 4903 μετὰ
1475 4836 1742 4905 ἀνάγκης,

170 4923 263 4972 καὶ
295 4922 382 4973 ὸτε
430 4921 713 4985 ἑστὲναξαν
771 4924 820 4974 οί
862 4923 965 4976 υἱοὶ
1009 4925 1225 4995 Ἰσραὴλ
1262 4927 1370 4979 ἀπὸ
1410 4928 1518 4980 τῶν
1564 4928 1742 4999 εργων

171 5012 310 5078 πρὸς
337 5012 428 5063 τὸν
448 5012 599 5075 Θεὸν,
624 5013 743 5065 τότε
768 5014 1109 5082 ἐπεσκέψατο
1132 5016 1330 5080 αὐτοὺς
1356 5017 1446 5070 διά
1475 5018 1738 5082 Μωσέως·

170 5104 265 5155 καὶ
295 5104 517 5166 πολλαῖς
547 5104 784 5173 πληγαῖς
840 5106 1087 5173 πατάξας
1135 5108 1262 5171 τοὺς
1304 5109 1659 5176 Δίγυπτίους,
1686 5112 1743 5163 ιν

170 5194 252 5263 τῷ
282 5196 414 5263 μηνὶ
444 5195 551 5248 τῶν
581 5194 781 5261 ἀνθῶν,
807 5197 896 5250 ὅτε
927 5199 1143 5268 πρῶτον
1172 5200 1512 5269 έπιφαίνεται
1541 5201 1603 5254 τὸ
1626 5202 1743 5271 ἥδι-

172 5304 298 5340 στον
332 5286 453 5355 ἔαρ,
482 5286 583 5356 τῆς
631 5290 989 5359 στυγνότητος
1031 5290 1125 5343 τοῦ
1166 5293 1431 5362 χειμῶνος
1468 5309 1741 5362 παρερχο-

174 5377 368 5445 μένης,
401 5376 583 5444 έξάγει
610 5378 807 5441 αὐτοὺς
826 5380 887 5444 ἐξ
918 5380 1218 5446 Αίγύπτου.

242 5464 319 5519 Δ’.
346 5460 479 5518 Eine
507 5466 562 5519 δέ
582 5468 610 5520 6
633 5468 764 5530 Θεὸς
778 5467 856 5536 τῷ
877 5469 1119 5535 Μωῦσεῐ,
1160 5469 1313 5538 ἄρνα
1339 5471 1548 5525 λαϐεῖν
1583 5473 1737 5542 ἀμω-

167 5572 311 5624 μον,
346 5556 444 5611 καί
480 5558 730 5627 σφάξαι,
787 5558 888 5613 καί
917 5563 985 5614 τὸ
1030 5556 1173 5629 αἷμα
1192 5562 1379 5617 αὐτοῦ
1416 5564 1621 5631 χρίσαι
1642 5566 1739 5618 ἐπί

1846 3404 1865 3449 τ
1922 3403 2016 3460 ill.
2042 3405 2157 3461 Illis
2181 3404 2307 3460 data
2340 3412 2425 3460 est
2450 3405 2560 3469 lex,
2592 3405 2647 3460 in
2678 3404 2882 3461 tabulis
2910 3406 3113 3477 scripta
3142 3407 3413 3478 lapideis;

1844 3494 2005 3549 nobis
2030 3510 2164 3550 vero
2184 3495 2334 3565 leges
2356 3494 2672 3563 spirituales
2691 3494 2892 3549 tabulis
2921 3496 3103 3550 cordis
3136 3496 3418 3567 inscriptae

1842 3586 2078 3640 carneis.
2108 3584 2292 3655 lnquit
2332 3586 2480 3639 enim
2516 3603 2529 3638 :
2562 3584 2710 3638 Dans
2748 3584 2885 3654 teges
2924 3601 3068 3638 meas
3094 3586 3149 3639 in
3175 3586 3418 3641 cordibus

1843 3674 2079 3739 illorum,
2117 3682 2165 3728 et
2197 3677 2254 3727 in
2287 3674 2545 3728 mentibus
2590 3690 2773 3727 eorum
2815 3674 3099 3727 inscribam
3133 3690 3222 3728 eas
3239 3674 3304 3728 “.
3349 3674 3419 3730 Et

1844 3759 1935 3814 illa
1952 3760 2175 3831 quidem
2193 3760 2376 3814 omnia
2394 3759 2757 3814 abolebantur
2774 3769 2831 3815 et
2849 3767 3197 3829 temporanea
3220 3771 3379 3817 erant
3398 3778 3414 3817 :

1846 3867 1996 3905 nunc
2042 3859 2225 3904 autem
2268 3860 2466 3904 cuncta
2494 3864 2625 3905 vere
2663 3848 2719 3902 in
2752 3848 3003 3903 interiori
3040 3849 3263 3904 homine
3289 3864 3417 3919 per-

1842 3942 2135 3995 ﬁciuntur:
2165 3948 2551 3996 testamentum
2583 3939 2731 3993 enim
2755 3940 2921 3994 etiam
2952 3947 3036 3994 est
3058 3939 3415 4006 intrinsecus,

1841 4043 2007 4103 atque
2036 4041 2099 4087 ut
2139 4032 2382 4087 breviter
2424 4031 2603 4086 dicam
2629 4049 2642 4085 :
2668 4030 3003 4103 Qua'cunque
3042 4034 3417 4104 contingebant

1839 4121 1969 4186 illis,
1998 4123 2057 4175 in
2102 4121 2280 4190 ﬁgura
2321 4120 2521 4188 ﬁebant
2562 4136 2582 4176 :
2618 4123 2819 4191 scripta
2857 4138 2978 4176 vero
3031 4130 3153 4177 sunt
3202 4134 3418 4192 propter

1841 4211 2261 4264 admonitionem
2318 4212 2583 4267 nostri".
2646 4212 2882 4267 Abrahae
2944 4212 3089 4267 enim
3162 4213 3416 4283 przdixit

1838 4301 1985 4356 Deus
2009 4300 2276 4363 futurum,
2313 4317 2510 4371 nempe
2546 4300 2777 4357 :Semen
2818 4310 2969 4357 tuum
3009 4306 3106 4358 erit
3149 4303 3329 4358 incola
3356 4306 3413 4358 in

1839 4399 1982 4445 terra
2032 4408 2135 4446 non
2180 4409 2303 4458 sua,
2329 4401 2379 4446 et
2427 4394 2667 4465 afﬂigent
2706 4394 2863 4457 illud,
2906 4412 2969 4449 ac
3012 4396 3068 4450 in
3108 4398 3411 4450 servitutem

1842 4483 2078 4552 redigent
2116 4484 2528 4553 quadringentos
2565 4487 2813 4540 annos”.
2842 4486 2959 4541 Hoc
2990 4487 3250 4558 implebat
3292 4505 3415 4543 um—

1845 4570 1960 4626 bra
1986 4572 2300 4642 imaginem.
2335 4572 2618 4643 Siquidem
2658 4576 2835 4631 incola
2865 4576 2970 4633 fult
2994 4578 3252 4648 populus,
3274 4589 3331 4635 et
3354 4581 3411 4635 in

1843 4663 2167 4718 servitutem
2206 4664 2277 4718 ab
2307 4664 2581 4735 Egyptiis
2614 4667 2894 4732 redactus,
2920 4678 3087 4738 atque
3116 4670 3171 4725 in
3202 4671 3324 4726 luto
3350 4680 3408 4727 et

1842 4755 2012 4810 latere
2041 4753 2274 4808 amictus
2288 4756 2354 4809 ".
2374 4756 2715 4810 Prseticiebat
2732 4758 2878 4811 enim
2902 4758 3010 4812 illis
3038 4760 3249 4815 Pharao
3275 4777 3413 4831 prte-

1840 4844 2013 4899 l'ectos
2042 4852 2099 4898 et
2127 4844 2502 4899 stimulatores
2532 4846 2735 4915 operis,
2768 4854 2830 4900 ut
2862 4847 3195 4917 perﬁcerent
3242 4866 3410 4920 opera

1840 4951 1937 4989 sua
1967 4936 2295 4990 necessitate
2315 4936 2551 5004 quadam
2583 4938 2779 4991 coacti.
2810 4938 3055 5008 Cumque
3086 4941 3411 5011 ingemisce-

1839 5032 1962 5077 rent
1987 5022 2081 5076 lilii
2103 5024 2270 5078 lsrael
2301 5024 2370 5077 ab
2400 5024 2667 5093 operibus
2694 5026 2809 5080 suis
2830 5026 2897 5080 ad
2927 5028 3120 5093 Deum,
3143 5036 3257 5083 tum
3273 5031 3406 5084 visi-

1841 5111 1990 5167 tabat
2025 5128 2121 5167 eos
2150 5128 2248 5181 per
2292 5112 2538 5181 Mosem;
2570 5129 2636 5169 ac
2685 5115 2874 5169 multis
2925 5117 3099 5188 plagis
3141 5117 3409 5191 Egyptiis

1838 5204 2140 5273 percussis,
2187 5218 2375 5258 mense
2410 5203 2628 5268 ﬂorum,
2655 5206 2877 5275 quando
2908 5208 3147 5275 primum
3182 5220 3410 5279 apparet

1839 5292 2271 5347 amoenissimum
2328 5308 2445 5357 ver,
2496 5293 2721 5348 tristitia
2768 5294 2967 5350 hiemis
3019 5306 3404 5365 praetereunte,

1842 5383 2028 5439 educit
2058 5399 2155 5438 eos
2180 5398 2247 5438 ex
2272 5383 2524 5455 Egypto.

1917 5476 2007 5532 IV.
2039 5475 2181 5528 Dixit
2214 5484 2398 5530 autem
2438 5477 2584 5531 Deus
2612 5476 2745 5531 Mosi
2786 5496 2800 5532 :
2841 5479 2906 5535 Ut
2936 5499 3131 5552 agnum
3155 5493 3408 5554 acaperet

1847 5564 2268 5630 immaculatum,
2296 5573 2346 5619 et
2369 5566 2687 5632 immolaret,
2706 5576 2756 5621 et
2774 5572 3031 5639 sanguine
3052 5573 3165 5642 ejus
3191 5582 3412 5645 ungeret

248 5736 495 5793 "Matth.
526 5736 603 5807 in,
635 5740 719 5795 ii.
796 5739 1028 5798 "Hebr.
1070 5756 1143 5808 rx,
1167 5742 1224 5799 8.
1295 5742 1575 5812 “lenm,
1602 5756 1745 5810 xxxi,
1770 5742 1859 5801 3i.
1934 5742 2020 5799 "l
2046 5742 2171 5802 Cor.
2193 5758 2247 5808 x,
2276 5742 2361 5797 Ii.
2437 5744 2483 5777 “
2507 5743 2642 5801 Gen.
2677 5760 2765 5811 xv,
2804 5747 2889 5801 13.
2966 5748 3012 5781 ’⁷
3041 5747 3213 5806 Exod.
3244 5767 3283 5817 ι,
3319 5751 3409 5817 Η,

182 5806 271 5859 η.
