4254 6358
782 349 890 414 799

2000 343 2064 404 S.
2102 338 2419 403 MACAPJI
2458 338 2775 400 EGYPTH

3898 342 4023 409 800

785 459 970 513 iimiua
988 465 1035 512 et
1057 458 1213 529 fores.
1233 471 1296 512 ne
1324 458 1413 526 qui
1429 455 1670 526 perdebat
1698 455 2043 525 primogenita
2068 452 2337 523 [Egyptm-
2363 455 2413 513 Α
2438 468 2465 503 τ

2363 455 2413 513 Α
2438 452 2554 503 τῶν
2584 449 2797 520 φλιῶν,
2832 449 2927 504 καί
2962 447 3081 503 τῶν
3100 449 3320 518 θυρῶν,
3344 450 3446 505 Ira
3477 450 3563 521 μὴ
3596 452 3632 507 δ
3660 451 4020 522 ὀλοθρεύων

784 564 925 610 rum,
952 556 1187 617 tangeret
1213 547 1377 599 eos”.
1406 544 1789 614 Conspiciehat
1826 543 1974 599 enim
2009 544 2207 598 missus
2234 558 2334 596 an-

781 638 934 705 gelus
987 637 1199 705 signum
1266 635 1547 704 sanguinis
1603 634 1838 695 eminus,
1906 642 1963 686 et
2022 632 2331 686 recedebat.

782 728 1195 798 lngrediebatur
1233 741 1365 781 vero
1417 725 1609 779 domos
1652 739 1762 778 non
1806 724 2064 794 signatas,
2091 733 2147 777 et
2174 736 2335 777 omne

783 817 1201 885 primogenitum
1228 814 1608 867 interﬁciebat.
1668 814 1935 866 Praeterea
1970 826 2185 880 quoque
2225 812 2333 878 fer-

782 914 1009 957 mentum
1058 919 1120 956 ea:
1142 920 1447 973 quacunque
1479 905 1629 956 domo
1646 903 1806 971 jussit
1838 903 2107 963 aboleri,ct
2136 908 2338 952 macta-

783 1008 892 1048 tum
932 1010 1127 1062 agnum
1171 1011 1288 1046 cum
1348 994 1542 1061 azymis
1575 999 1623 1044 et
1668 991 1881 1045 lactucis
1927 991 2210 1059 agrestibus
2252 1005 2338 1041 co—

782 1084 984 1137 medere
1013 1084 1267 1151 prmcepit
1289 1084 1354 1137 η.
1396 1082 1463 1135 Et
1491 1081 1709 1150 quidem
1743 1081 2073 1134 manducare
2098 1095 2194 1135 eos
2216 1081 2335 1150 jus-

782 1171 869 1232 sit,
909 1169 1298 1221 circumcinctos
1337 1170 1565 1232 renibus,
1606 1177 1651 1219 et
1691 1167 1897 1236 pedibus
1932 1166 2186 1219 sandaliis
2226 1165 2339 1219 cal-

780 1267 970 1319 ceatos,
998 1256 1208 1309 buculos
1250 1256 1487 1309 manibus
1521 1264 1771 1308 tenentes.
1806 1255 1873 1309 ΕΙ.
1908 1255 1981 1308 ita
2015 1270 2139 1308 cum
2187 1254 2337 1307 omni

786 1344 1136 1398 festinatione
1178 1344 1244 1398 ad
1288 1359 1570 1411 vesperam
1616 1343 1958 1413 ederejubet
1991 1344 2194 1397 Pascha
2230 1344 2338 1397 Do-

781 1435 937 1494 mini.
974 1450 1075 1490 nec
1101 1435 1213 1489 ullo
1242 1434 1405 1489 modo
1433 1448 1555 1489 ossa
1593 1450 1773 1489 coram
1792 1434 1932 1490 facie
1960 1434 2175 1488 Domini
2203 1448 2338 1487 con-

780 1524 1036 1594 fringerc.

852 1616 911 1668 V.
942 1615 1141 1669 Verum
1176 1613 1364 1667 eduxit
1385 1628 1480 1667 eos
1505 1628 1628 1667 cum
1655 1622 1880 1683 argento
1899 1623 1953 1667 et
1982 1628 2116 1667 auro
2136 1614 2175 1677 ί,
2212 1628 2336 1666 cum

773 1706 1037 1775 jussisset
1089 1714 1281 1758 mutuo
1326 1704 1573 1772 accipere
1622 1704 1923 1773 quemlibet
1959 1719 1989 1755 a
2027 1702 2206 1756 vicino
2236 1715 2336 1755 suo

780 1794 1033 1863 Algyptio
1075 1809 1196 1847 vasa
1236 1807 1399 1845 aurea
1430 1801 1485 1844 et
1515 1801 1791 1861 argentea.
1832 1791 2049 1860 Egressi
2076 1800 2204 1845 sunt
2241 1806 2341 1843 au-

780 1895 889 1939 tem
929 1899 996 1938 ex
1035 1882 1286 1953 Egypto,
1321 1897 1442 1935 cum
1497 1881 1731 1951 Egyptii
1783 1882 2081 1950 sepelirent
2134 1882 2341 1950 primo-

783 1974 981 2043 genita.
1020 1971 1088 2025 Et
1130 1971 1235 2023 illis
1265 1970 1482 2039 quidem
1511 1970 1859 2023 ohoriehatur
1888 1969 2165 2038 gaudium,
2197 1969 2342 2037 quod

782 2062 1001 2118 liberati
1036 2068 1219 2114 essent
1253 2076 1281 2112 a
1331 2058 1577 2127 squalida
1609 2060 1872 2112 servitute
1912 2078 1923 2112 :
1958 2059 2043 2113 his
2072 2074 2204 2112 vero
2260 2060 2345 2111 lu-

786 2163 910 2207 ctus
925 2162 980 2206 et
1010 2153 1257 2221 planctus
1282 2159 1501 2219 propter
1520 2150 1797 2203 interitum
1823 2150 2143 2204 liberorum.
2167 2151 2344 2216 Quare

784 2244 964 2313 inquit
1009 2240 1381 2295 Moses:ch
1420 2250 1495 2291 est
1547 2254 1669 2301 n01,
1713 2239 1767 2290 in
1815 2256 1917 2308 qua
1962 2238 2219 2308 pollicitus
2271 2249 2343 2292 est

782 2334 923 2389 Deus
948 2348 1005 2386 se
1038 2335 1426 2401 redempturum
1464 2346 1577 2383 nos.
1617 2326 1738 2384 Haec
1779 2339 1961 2383 autem
2008 2332 2191 2385 omnia
2231 2346 2345 2402 my-

782 2422 1011 2478 sterium
1036 2430 1163 2474 sunt
1196 2420 1390 2472 anima:
1420 2434 1516 2488 per
1540 2418 1832 2471 adventum
1884 2417 2086 2473 Christi
2126 2419 2345 2473 redem-

783 2522 910 2581 ptae.
940 2509 1102 2564 Israel
1134 2507 1580 2576 interpretatione
1622 2506 1869 2559 redditur
1907 2509 2112 2560 animus
2168 2509 2345 2562 ridens

784 2603 975 2654 Deum.
1014 2598 1302 2653 Liberatur
1332 2610 1466 2667 ergo
1496 2610 1528 2650 a
1566 2596 1831 2650 servitute
1866 2597 2237 2662 tenebrarum,
2272 2599 2341 2653 ab

783 2689 1053 2760 Egyptiis
1076 2686 1382 2756 spiritibus.

860 2795 1019 2866 159
1068 2794 1154 2848 Vl.
1214 2793 1502 2863 Postquam
1558 2793 1703 2847 enim
1772 2809 1868 2863 per
1922 2792 2343 2849 inobedientiam

786 2897 1034 2941 mortuus
1084 2893 1168 2939 est
1218 2884 1382 2938 homo
1431 2884 1577 2953 gravi
1613 2892 1787 2937 morte
1821 2884 2042 2947 animae,
2076 2894 2132 2939 et
2175 2885 2346 2938 male-

787 2976 1083 3031 dictiouem
1126 2990 1291 3043 super
1331 2974 1767 3029 maledictionem
1799 2976 2077 3044 suscepit:
2114 2974 2346 3029 Tribulos

790 3074 840 3118 et
881 3065 1061 3134 spinas
1108 3064 1352 3133 producet
1402 3063 1491 3114 tibi
1534 3072 1675 3115 terra
1723 3065 1764 3115 ‘.
1814 3063 1880 3115 Et
1929 3064 2126 3116 iterum
2157 3080 2169 3115 :
2198 3061 2346 3117 Cales

790 3165 1011 3219 terram,
1048 3162 1228 3207 etnon
1260 3154 1434 3219 addet,
1473 3164 1529 3207 ut
1565 3154 1655 3206 tibi
1699 3153 1925 3223 prebeat
1966 3154 2164 3222 fructus
2186 3170 2348 3207 suos:

790 3253 1085 3299 creverunt
1116 3251 1171 3297 et
1200 3251 1399 3296 exortae
1428 3251 1557 3297 sunt
1585 3242 1640 3296 in
1664 3252 1810 3296 terra
1833 3243 2013 3296 cordis
2042 3243 2160 3313 ejus
2184 3244 2353 3312 spina:

791 3344 848 3391 et
878 3335 1086 3388 tribuli.
1118 3334 1477 3388 Ahstulerunt
1502 3333 1623 3402 ejus
1649 3332 1875 3401 gloriam
1912 3333 2115 3387 inimici
2146 3333 2272 3388 dolo
2297 3342 2354 3388 et

796 3425 1030 3489 technis,
1078 3432 1135 3477 et
1181 3423 1481 3477 induerunt
1528 3437 1653 3476 eum
1695 3421 1925 3491 pudore.
1974 3423 2229 3477 Ablatum
2270 3430 2355 3479 est

793 3517 976 3571 lumen
1010 3515 1156 3585 ejus,
1187 3522 1243 3568 et
1273 3513 1497 3567 indutus
1527 3521 1611 3566 est
1638 3512 1877 3567 tenebris
1910 3530 1925 3566 :
1959 3513 2355 3568 interfecerunt

794 3608 1033 3661 animam
1071 3606 1211 3675 ejus,
1261 3603 1540 3673 dissipatis
1589 3617 1653 3656 ac
1694 3602 1884 3657 divisis
1935 3603 2355 3673 cogitationibus

793 3699 935 3766 ejus,
967 3704 1024 3750 et
1066 3695 1438 3749 distraxerunt
1465 3709 1496 3747 e
1544 3693 1765 3747 sublimi
1812 3700 2051 3746 mentem
2092 3694 2237 3762 ejus;
2272 3692 2353 3746 fa-

793 3797 1026 3855 ctusque
1055 3793 1138 3839 est
1167 3784 1331 3838 Israel
1375 3785 1537 3838 homo
1565 3797 1758 3837 servus
1788 3784 1903 3837 veri
1938 3783 2256 3837 Pharaonis.
2285 3783 2356 3837 Et

794 3876 1159 3946 pmfccerunt
1192 3874 1479 3944 praefectos
1504 3882 1560 3928 et
1600 3874 1968 3928 stimulatores
1999 3875 2201 3944 operis,
2235 3875 2353 3944 spi-

795 3970 935 4022 ritus
960 3967 1199 4032 malitiae,
1231 3975 1488 4036 cogentes
1515 3980 1661 4030 eum,
1692 3966 1822 4019 velit
1850 3966 2073 4029 nolitve,
2106 3965 2356 4019 commit-

795 4069 907 4113 tere
958 4073 1122 4128 prava
1175 4073 1272 4111 sua
1320 4071 1505 4125 opera,
1539 4065 1594 4111 et
1642 4057 2105 4111 constructionem
2149 4057 2252 4110 luti
2291 4070 2355 4111 ac

795 4148 981 4203 lateris
1010 4148 1301 4216 complere.
1333 4146 1435 4211 Qui
1464 4148 1629 4200 etiam
1658 4156 1906 4201 arcentes
1929 4162 2053 4201 eum
2092 4162 2123 4201 a
2145 4146 2354 4202 cmlesti

795 4238 1080 4308 sapientia,
1112 4238 1459 4292 abduxerunt
1500 4238 1568 4292 ad
1598 4253 1800 4303 crassa,
1833 4247 2049 4291 terrena
2082 4253 2146 4293 ac
2176 4238 2355 4292 lutosa

793 4345 960 4399 opera
988 4344 1173 4398 prava,
1206 4329 1275 4383 ad
1321 4344 1622 4394 sermones,
1653 4329 1721 4382 ad
1770 4328 2151 4383 meditationes
2194 4337 2251 4383 et
2286 4328 2353 4381 ad

2435 544 2507 595 τὰ
2530 542 2869 609 πρωτότοκα
2897 538 3015 594 τῶν
3036 541 3373 609 Αἰγυπτίων
3395 544 3529 611 θίγῃ
3556 543 3777 597 αὐτῶν.
3818 544 4025 615 Ἐὠρα

2435 634 2542 701 γὰρ
2576 635 2603 685 ὁ
2632 632 2956 695 ἀποσταλεὶς
2998 632 3229 699 ἄγγελος
3280 632 3342 684 τὸ
3390 635 3614 701 σημεῖον
3644 634 3739 686 τοῦ
3768 634 4025 703 αἵματος

2436 722 2750 792 πόρρωθεν,
2783 722 2875 775 καὶ
2913 722 3194 790 ἀφίστατο.
3241 723 3513 793 Ἐπεισῄει
3545 725 3601 777 δὲ
3634 727 3756 786 ταῖς
3790 727 3864 793 μὴ
3922 743 4025 778 σε·

2437 813 2845 881 σημειωμέναις
2883 814 3103 877 οἰκίαις,
3140 812 3233 865 καὶ
3268 815 3375 866 πᾶν
3415 817 3754 883 πρωτότοκον
3783 814 4019 884 ἀνῄρει.

2440 902 2558 953 Ἐτι
2580 901 2636 953 δὲ
2658 902 2754 954 καί
2775 900 2959 970 ζύμην
2980 903 3047 955 ἐκ
3072 904 3295 969 παντὸς
3311 906 3480 957 οικου
3500 905 3826 959 ἐκέλευσεν
3848 907 4024 972 ἀφα-

2435 990 2735 1058 νισθῆναι,
2762 991 2859 1045 καί
2879 993 2944 1045 τὸ
2964 992 3337 1061 σφαζόμενον
3356 995 3565 1061 ἀρνίον
3587 997 3740 1063 μετὰ
3762 995 4021 1064 ἀζύμων

2436 1082 2533 1134 καί
2575 1082 2862 1148 πικρίδων
2902 1083 3126 1136 ἐσθίειν
3166 1085 3495 1152 προσέταξεν
3523 1100 3540 1117 ο
3580 1086 3779 1138 ἐσθίειν
3808 1087 3865 1139 δὲ
3900 1088 4021 1139 αὒ-

2435 1176 2559 1239 τοὺς
2613 1176 3037 1245 περιζωμένους
3094 1181 3199 1244 τὰς
3234 1180 3487 1246 ὀσφύας,
3518 1182 3617 1234 καί
3645 1181 4025 1250 ὑποδεδεμέ-

2435 1281 2582 1331 νους
2599 1266 2669 1318 ἐν
2699 1265 2823 1331 τοῖς
2852 1266 3088 1334 ποσίδτά
3116 1268 3485 1336 ὑποδήματα,
3516 1271 3609 1323 καί
3641 1271 3747 1337 τὰς
3774 1272 4019 1336 ,ϐακτη-

2430 1357 2571 1423 ρίας
2603 1357 2857 1423 ἔχοντας
2888 1357 2958 1411 ὲν
2977 1358 3107 1423 ταῖς
3132 1359 3308 1426 χερσί
3332 1375 3345 1388 °
3370 1362 3465 1411 καὶ
3498 1360 3638 1411 οὕτω
3672 1362 3807 1430 μετά
3824 1362 4022 1431 πάσης

2439 1447 2675 1516 σπουδῆς
2709 1446 2909 1499 ἐσθίειν
2939 1449 3071 1516 πρὸς
3101 1448 3336 1517 ἑσπέραν
3356 1450 3567 1502 κελεύει
3590 1450 3651 1502 τὸ
3676 1453 3862 1520 πάσχα
3888 1454 4021 1505 Ku-

2439 1536 2591 1604 ρίου,
2626 1540 2719 1588 καὶ
2754 1539 2890 1606 μήτε
2937 1538 3127 1589 ὀστοῦν
3178 1538 3286 1589 ἀπὸ
3322 1539 3413 1591 τοῦ
3455 1540 3656 1609 Κυρίου
3690 1541 4015 1609 συντρίψαι.

2512 1625 2870 1692 Ε’.⁹Εξήγαγε
2914 1625 2970 1678 δὲ
3022 1626 3217 1686 αὐτοὺς
3265 1627 3322 1677 ἐν
3360 1627 3607 1695 ἀργυρίῳ
3644 1628 3739 1679 καλ⁵
3774 1630 4015 1697 χρυσίῳ,

2442 1712 2699 1775 κελεύσας
2737 1714 3044 1783 χρήσασθαι
3094 1714 3326 1766 ἕκαστον
3365 1717 3517 1784 παρά
3557 1717 3794 1783 γείτονος
3841 1718 4017 1771 αὐτοῦ

2373 1786 2414 1840 Β
2442 1797 2716 1864 Αἰγύπτου
2749 1800 2915 1868 σκεύη
2969 1802 3145 1869 χρυσᾶ
3185 1802 3277 1853 καὶ
3312 1802 3550 1872 ἀργυρᾶ..
3592 1806 3915 1874 Ἐξήρχοντο
3954 1807 4017 1859 δὲ

2442 1890 2502 1954 ἐξ
2532 1890 2832 1957 Αἰγύπτου,
2863 1890 2973 1943 τῶν
3002 1892 3313 1957 Δίγυπτίων
3360 1893 3672 1947 θαπτόντων
3698 1897 3765 1948 τὰ
3793 1898 4020 1965 πρωτό-

2440 1996 2593 2034 τοκα.
2623 1982 2733 2034 Καὶ
2764 1983 2875 2044 τοῖς
2928 1981 3025 2050 μὶν
3053 1977 3121 2052 ἦν
3154 1985 3296 2051 χαρά
3336 1984 3429 2035 ἐπὶ
3468 1987 3535 2053 τῇ
3583 1987 3869 2057 ἀπαλλαγῇ
3907 1989 4019 2057 τῆς

2443 2071 2729 2140 αὐχμηρᾶς
2762 2071 3007 2134 δουλείας
3028 2088 3041 2101 ·
3074 2075 3185 2135 τοῖς
3216 2073 3273 2124 δέ
3305 2073 3500 2136 πένθος
3529 2076 3622 2128 καὶ
3653 2078 3881 2140 κοπετὺς
3914 2078 4018 2129 ἐπὶ

2441 2164 2504 2230 τῇ
2530 2160 2637 2213 τῶν
2660 2161 2863 2214 τέκνων
2890 2163 3152 2233 ἀπωλείᾳ.
3187 2163 3277 2215 Διό
3306 2180 3470 2232 φησιν
3493 2167 3521 2217 ὁ
3548 2166 3809 2233 Μωῦσῆς,
3840 2169 4013 2235 Αὐτὴ

2440 2250 2613 2313 ᾐνὺε
2652 2250 2724 2304 ἐν
2771 2246 2811 2322 ᾖ
2857 2253 3247 2322 ἐπηγγείλατο
3298 2258 3330 2307 ό
3391 2256 3533 2319 Θεὸς
3584 2257 4018 2320 λυτρώσασθαι

2441 2339 2620 2410 ἡμᾶς.
2651 2340 2834 2397 Ταῦτα
2883 2344 2939 2398 δὲ
2970 2346 3145 2399 πάντα
3179 2347 3474 2415 μυστήριόν
3517 2347 3629 2398 ἐστι
3674 2347 3875 2416 ψυχῆς,
3907 2348 4016 2415 τῆς

2443 2433 2502 2485 ἐν
2524 2435 2589 2503 τῇ
2626 2434 2894 2503 παρουσίᾳ
2937 2433 3029 2487 τοῦ
3057 2435 3294 2503 Χριστοῦ
3342 2434 3748 2505 λυτρωθείσηςο
3794 2436 4018 2506 Ἰσραὴλ

2444 2523 2549 2591 γὰρ
2571 2524 2930 2593 ἑρμηνεύεται
2953 2524 3097 2589 νοῦς
3118 2524 3271 2591 ὁρῶν
3293 2525 3398 2578 τὸν
3416 2526 3580 2578 Θεόν.
3600 2524 4017 2595 Ἐλευθεροῦται

2444 2612 2538 2668 οὗν
2562 2615 2670 2667 ἀπὸ
2702 2616 2799 2685 τῆς
2839 2614 3078 2679 δουλείας
3119 2613 3211 2667 τοῦ
3244 2614 3469 2678 σκότους
3491 2656 3505 2681 ,
3540 2614 3649 2669 ἀπὺ
3691 2615 3798 2668 τῶν
3842 2617 4018 2684 Alya-

2446 2704 2616 2757 πτίων
2656 2706 3000 2773 πνευμάτων.

2517 2794 2608 2859 φ.
2644 2792 2857 2862 Ἐπειδὴ
2884 2794 2993 2863 γὰρ
3019 2795 3074 2845 ἐν
3095 2796 3157 2863 τῇ
3193 2797 3443 2864 παρακοῇ
3473 2794 3742 2849 ἀπέθανεν
3764 2795 3793 2846 ό
3811 2793 4021 2863 ἀνθρωο

2446 2896 2546 2942 πος
2572 2880 2781 2949 θανάτῳ
2807 2880 2961 2951 δεινῷ
3004 2881 3103 2950 τῆς
3136 2882 3331 2951 ψυχῆς,
3368 2884 3461 2935 καὶ
3497 2884 3741 2952 κατάραν
3776 2886 3869 2935 ἐπὶ
3915 2901 4017 2938 καθ

2447 2972 2589 3041 τάρᾳ
2628 2970 2875 3035 ἐδέξατο·
2934 2970 3249 3040 Τριϐόλους
3302 2975 3399 3027 καί
3428 2974 3696 3040 ἀκάνθας
3726 2973 4022 3028 ἀναπλεῖ

2447 3074 2545 3113 σοι
2563 3061 2601 3127 ἡ
2627 3059 2725 3129 τῆ·
2745 3062 2839 3113 καὶ
2858 3058 3032 3127 αὖθις,
3056 3061 3309 3131 Ἕρτάσῃ
3327 3063 3441 3129 τὴν
3454 3063 3589 3131 γῆν,
3613 3063 3710 3116 καὶ
3731 3065 3804 3116 οὐ
3827 3078 4016 3131 προσ-

2452 3150 2622 3215 θήσει
2668 3151 2880 3205 δοῦναί
2906 3168 3003 3206 σοι
3032 3152 3173 3217 τοὺς
3205 3153 3472 3219 καρποὺς
3508 3153 3697 3221 αὐτῆς
3724 3170 3740 3186 ·
3774 3155 4017 3223 ἀνεφύη-

2455 3256 2555 3293 σαν
2611 3242 2706 3295 καὶ
2770 3242 3049 3296 ἀνέτειλαν
3105 3244 3163 3295 ἐν
3194 3246 3258 3313 τῇ
3300 3247 3368 3315 γῇ
3420 3246 3519 3315 τῆς
3571 3244 3796 3314 καρδίας
3844 3244 4013 3298 αὑτοῦ

2451 3331 2681 3385 ἄκανθαι
2729 3333 2824 3387 καὶι
2879 3334 3135 3403 τρίδολοι.
3169 3327 3353 3403 Ἥραν
3400 3332 3560 3387 αὐτοῦ
3602 3334 3701 3405 τὴν
3751 3336 3908 3399 δόξαν
3959 3337 4013 3387 οι

2454 3422 2639 3493 ἐχθροὶ
2664 3423 2752 3476 διά
2779 3424 2876 3493 τῆς
2901 3425 3137 3494 ἀπάτης,
3163 3425 3259 3477 καὶ
3285 3425 3536 3479 ἐνέδυσαν
3553 3425 4010 3495 αύτδναίσχύνην.

2458 3514 2639 3583 Ἥρθη
2666 3512 2728 3566 τὸ
2758 3512 2876 3581 φῶς
2905 3512 3092 3577 αὐτοῦ,
3136 3515 3229 3566 καὶ
3273 3513 3495 3583 ἐνεδύθη
3518 3514 3579 3566 τὸ
3618 3516 3807 3577 σκότος
3829 3530 3843 3545 ·
3882 3516 4011 3583 ἐφό-

2456 3621 2652 3657 νευσαν
2682 3603 2780 3673 τὴν
2815 3602 2993 3673 ψυχὴν
3022 3603 3207 3667 αὑτοῦ,
3236 3604 3329 3657 καὶ
3357 3603 3727 3669 διεσκέδασαν,
3755 3606 3850 3657 καὶ
3877 3604 4010 3658 διεῖ-

2452 3694 2543 3747 λον
2573 3694 2697 3756 τοὺς
2730 3694 3024 3762 λογισμοὺς
3058 3693 3250 3760 αὑτοῦ,
3282 3694 3383 3748 καὶ⁵
3420 3694 3770 3748 κατέσπασαν
3790 3695 4008 3748 ἀπὸτοῦ

2455 3783 2623 3852 ὕψους
2653 3785 2744 3836 τὸν
2772 3782 2896 3836 νοῦν
2918 3784 3105 3847 αὐτοῦ,
3138 3784 3234 3837 καὶ
3264 3785 3480 3851 ἐγένετο
3510 3788 3540 3838 ὁ
3566 3785 3779 3857 Ἰσραὴλ
3804 3787 4009 3857 ἀνθρωο

2455 3889 2556 3934 πος
2595 3871 2778 3934 δοῦλος
2833 3871 2928 3925 τοῦ
2976 3872 3233 3941 ἀληθινοῦ
3282 3874 3501 3945 Φαραώ.
3550 3877 3661 3930 Καὶ
3714 3878 4008 3947 ἐπέστησεν

2454 3963 2601 4033 αὐτῷ
2629 3966 2754 4027 τοὺς
2771 3965 3199 4033 ἐργοεπιστάτας
3237 3966 3333 4019 κει.)⁵
3361 3967 3742 4035 ἐργοδιὼκτας,
3763 3968 3831 4020 τά
3847 3968 4008 4021 πνεύ-

2459 4055 2604 4123 ματά
2645 4054 2746 4123 τῆς
2775 4055 3038 4124 πονηρίας
3067 4054 3445 4123 ἀναγκάζοντα
3490 4057 3648 4110 αὐτὸν
3700 4059 3891 4112 ἐκόντα
3917 4060 4006 4112 καὶ

2454 4145 2655 4198 ἄκοντα
2682 4146 2855 4197 ποιεῖν
2880 4146 2948 4197 τὰ
2974 4145 3183 4215 πονηρά
3213 4145 3374 4198 αὐτοῦ
3399 4146 3555 4214 ἔργα.
3580 4148 3672 4200 καὶ
3696 4148 3795 4217 τὴν
3825 4148 4008 4201 σύντοο

2456 4236 2537 4301 ξιν
2560 4235 2866 4304 ἐκπληροῦν
2896 4233 2989 4287 τοῦ
3023 4234 3192 4303 πηλοῦ
3221 4236 3316 4289 καὶ
3358 4239 3456 4305 τῆς
3484 4236 3780 4300 πλινθείας.
3808 4239 3870 4291 Οἳ
3915 4241 4005 4291 καὶ

2454 4313 2799 4395 χωρήσαντες
2854 4325 3015 4377 αὐτὸν
3043 4324 3137 4377 τοῦ
3167 4326 3418 4394 οὐρανίου
3482 4328 3845 4397 φρονήματος,
3881 4347 4006 4382 κατ-

794 4418 1151 4488 cogitationes
1181 4434 1366 4473 vanas.
1398 4418 1505 4474 Ubi
1554 4420 1701 4473 enim
1738 4418 1940 4473 excidit
1982 4434 2013 4473 e
2046 4434 2143 4473 sua
2185 4418 2357 4473 subli-
2387 4435 2430 4489 υ
2459 4420 2474 4468 1

2329 4450 2357 4461 -
2387 4435 2430 4489 υ
2459 4418 2665 4485 ήγαγον
2694 4418 2787 4469 ἐπὶ
2806 4417 2874 4469 τά
2900 4416 3060 4470 ὑλικά
3088 4416 3182 4469 καὶ
3207 4419 3368 4487 γήϊνα
3391 4418 3483 4470 καὶ
3512 4419 3729 4489 πηλώδη
3756 4420 3889 4489 ἔργα
3918 4437 4007 4472 πο-

795 4508 983 4561 mitate
1012 4508 1214 4572 anima,
1247 4508 1441 4562 incidit
1472 4509 1527 4561 in
1568 4523 1793 4577 regnum
1831 4508 2037 4562 homini
2075 4509 2352 4572 infestum,

794 4612 850 4655 et
888 4603 942 4655 in
985 4601 1259 4670 principes
1306 4600 1576 4665 crudeles,
1622 4601 2012 4668 compellentes
2058 4614 2177 4655 eam
2228 4614 2359 4655 con-

797 4700 1012 4746 struere
1038 4691 1170 4760 ipsis
1202 4690 1321 4744 vitii
1351 4690 1670 4760 peccatique
1702 4690 1973 4744 civitates.

873 4963 978 5018 Vll.
1029 4963 1085 5017 Si
1135 4978 1265 5017 vero
1308 4963 1623 5031 ingemiscat
1672 4963 1883 5026 anima,
1937 4972 1993 5016 et
2042 4963 2237 5016 clamet
2284 4961 2351 5015 ad

799 5054 993 5116 Deum,
1014 5053 1213 5107 emittit
1232 5055 1280 5106 ei
1302 5053 1637 5121 spiritualcm
1658 5054 1880 5116 Mosem,
1904 5054 1996 5121 qui
2020 5054 2212 5107 liberet
2233 5069 2350 5107 eam

800 5162 829 5198 a
865 5146 1127 5205 servitute
1149 5144 1520 5213 ZEgyptiorum
1552 5166 1564 5199 :
1595 5160 1785 5198 verum
1809 5147 2044 5214 primum
2070 5145 2287 5207 clamat,
2309 5152 2365 5197 et

802 5236 1038 5305 suspiria
1067 5236 1232 5299 ducit,
1266 5242 1322 5289 et
1354 5244 1466 5289 tum
1497 5235 1888 5305 redemptionis
1933 5235 2146 5289 initium
2174 5248 2364 5289 consc—

802 5328 1012 5393 quitur.
1040 5326 1162 5391 Ipso
1186 5342 1401 5395 quoque
1434 5341 1618 5380 mense
1648 5326 1951 5381 recentium
1992 5326 2185 5379 ﬂorum
2229 5325 2366 5379 libe-

804 5426 975 5481 ratur,
1008 5426 1251 5485 tempore
1279 5416 1534 5470 nimirum
1559 5417 1724 5479 veris,
1754 5417 1972 5485 quando
1998 5425 2141 5470 terra
2171 5416 2366 5470 anima:

804 5508 1055 5563 emittere
1080 5514 1261 5578 potest
1292 5508 1551 5579 pulchros
1578 5518 1634 5563 et
1660 5507 1884 5563 ﬂoridos
1910 5521 2089 5562 ramos
2116 5506 2363 5578 justitise,

2458 4508 2619 4577 ηρά.
2646 4508 2740 4560 καὶ
2768 4506 2978 4573 λόγους,
3002 4509 3095 4561 καὶ
3119 4509 3493 4577 ἐνθυμήματα,
3510 4510 3604 4561 καὶ
3637 4508 4008 4578 διαλογισμοὺς

2461 4598 2742 4666 ματαίους.
2778 4598 3115 4651 Ἐκπεσοῦσα
3144 4598 3250 4668 γὰρ
3274 4599 3367 4651 τοῦ
3424 4598 3553 4651 ίδίου
3581 4598 3746 4667 ὕψους
3790 4602 3823 4667 ἡ
3871 4600 4006 4671 ψυχὴ

2458 4682 2584 4758 εὗρε
2624 4687 2903 4757 βασιλείαν
2930 4688 3333 4757 μισάνθρωπον,
3358 4688 3451 4740 καὶ
3479 4688 3743 4758 ἄρχοντας
3767 4692 4003 4759 πικροὺς,

2460 4780 2587 4841 τοὺς
2619 4777 3135 4845 καταναγκάζοντας
3174 4779 3344 4846 αὐτὴν
3373 4779 3672 4849 οἰκοδομεῖν
3702 4779 3885 4841 αὐτοῖς
3917 4780 4003 4845 τὰς

2463 4870 2562 4937 τῆς
2595 4869 2791 4931 κακίας
2818 4870 2998 4931 πόλεις
3026 4870 3330 4937 ἁμαρτιῶν.

2530 4962 2605 5017 Ζ’.
2652 4963 2775 5015 Ἐὰν
2803 4963 2859 5016 δὲ
2889 4962 3118 5033 στενάξῃ
3148 4965 3178 5032 ή
3209 4963 3374 5032 ψυχὴ,
3422 4964 3516 5016 καὶ
3556 4962 3725 5035 βοήσῃ
3764 4962 3900 5033 πρὸς
3926 4965 4007 5017 τὸν

2458 5053 2623 5117 Θεὸν,
2660 5052 3035 5116 ἐξαποστέλλει
3089 5054 3227 5122 αὐτῇ
3262 5054 3351 5105 τὸν
3388 5056 3752 5121 πνευματικὸν
3795 5055 4004 5117 Minoia,

2464 5143 2555 5195 τὸν
2588 5142 2948 5213 λυτρούμενοι)
2978 5143 3145 5212 αὐτὴν
3193 5144 3256 5195 ἐκ
3285 5144 3381 5211 τῆς
3429 5143 3667 5204 δουλείας
3716 5143 3823 5194 τῶν
3852 5144 4004 5209 Αἰγυ-

2467 5233 2666 5285 πτίωψ
2708 5232 2844 5286 ἀλλά
2871 5232 3083 5302 πρῶτον
3114 5232 3208 5301 βοᾷ
3235 5235 3327 5285 καὶ
3356 5234 3619 5297 στενάζει.
3654 5233 3744 5286 καὶ
3770 5234 3892 5285 τότε
3919 5232 4003 5300 τῆς

2468 5322 2894 5393 ἀπολυτρώσεως
2930 5324 3027 5391 τὴν
3053 5324 3225 5391 ἀρχὴν
3249 5322 3533 5391 λαμϐάνει.
3563 5322 3671 5375 Καὶ
3694 5321 3831 5392 αύτὴ
3859 5323 3914 5375 ἐν
3936 5321 4004 5391 τῷ

2471 5417 2601 5485 μηνὶ
2629 5415 2738 5468 τῶν
2764 5414 2900 5466 νέων
2952 5414 3128 5467 ἀνθῶν
3157 5414 3496 5484 λυτρουμένη
3542 5415 3680 5467 κατά
3708 5413 3800 5466 τὸν
3830 5412 4004 5481 καιρὸν

2464 5505 2560 5559 τοῦ
2597 5505 2774 5575 ἔαρος,
2808 5504 2969 5573 ἡνίκα
3003 5505 3037 5574 ἡ
3080 5504 3153 5573 γῆ
3188 5505 3287 5575 τῆς
3316 5505 3492 5575 ψυχῆς
3520 5504 3759 5571 ἐξανθεῖν
3798 5504 4001 5559 δύναται

883 5701 929 5736 οι
955 5700 1125 5756 Exod.
1160 5704 1325 5764 111.3.
1368 5706 1419 5763 7.
1455 5703 1541 5756 ιι.
1618 5702 1848 5769 "ibid,
1888 5701 2092 5769 12,15.
2176 5700 2481 5768 'ibid.,35,
2517 5699 2602 5753 ac.
2689 5699 2709 5729 ¹
2744 5696 3102 5761 ch.m,18.
