4254 6358
235 376 341 440 801

1408 369 1774 433 HOMILI/E.
1800 392 1864 405 ο·-
1892 367 2076 432 HO‘J.
2120 370 2348 431 XLVII.

3389 368 3494 436 802

232 499 363 559 τοὺς
389 495 591 557 καλοὺς
626 495 719 548 καὶ
751 494 1021 565 ἀνθηροὺς
1049 481 1403 561 κλάδουξτῆς
1444 482 1814 554 δικαιοσύνης,
1846 491 1888 545 Α

1813 491 1888 545 ηΑ
1919 495 2068 554 gravi
2117 494 2298 548 hieme
2365 491 2684 562 ignorantia:
2738 491 3125 553 tenebrarum,
3174 498 3229 544 et
3282 506 3493 547 summa

235 587 347 638 τῶν
378 584 594 655 πικρῶν
638 584 923 655 χειμώνων
966 582 1283 637 διελθόντων
1313 582 1414 649 τῆς
1458 580 1679 649 ἀγνοίας
1723 577 1821 629 τοῦ

241 681 494 741 σκότους,
529 676 741 743 καὶτῆς
778 676 977 744 πολλῆς
1004 673 1313 743 πωρώσεως
1345 672 1446 739 τῆς
1481 672 1545 722 ἐκ
1581 669 1691 721 τῶν
1737 670 1825 721 αί-

238 769 420 839 σχρῶν
448 766 699 838 πράξεων
753 768 845 820 καὶ
876 765 1181 837 ἁμαρτιῶν.
1219 763 1513 817 Κελεύειδέ
1534 763 1654 815 τότε
1691 762 1828 830 ἀφα-

238 860 493 928 νισθῆναι
526 859 587 923 ἐξ
620 860 857 927 ἑκάστης
895 857 1074 918 οἰκίας
1116 858 1297 909 πᾶσαν
1349 853 1528 923 ζύμην
1564 853 1824 914 παλαιὰν,

238 952 339 1013 τὰς
369 951 623 1020 πράξεις,
660 950 754 1002 καὶ
786 950 853 1001 τὰ
885 949 1209 1019 φρονήματα
1228 946 1322 999 τοῦ
1354 943 1584 997 παλαιοῦ
1614 942 1827 1014 ἀνθρώ-

244 1057 337 1108 ρου
368 1040 465 1093 τοῦ
492 1037 1260 1109 φθειρομένου,διαλογισμοὺς
1282 1036 1579 1105 πονηροὺς,
1608 1033 1703 1086 καὶ
1731 1034 1821 1085 ἐν-

244 1131 514 1198 θυμήσεις
553 1130 825 1199 ῥυπαρὰς,
857 1128 980 1180 ὅσον
1006 1127 1261 1191 δυνατὸν,
1287 1123 1724 1195 ἀπορρίψασθαι.

318 1220 407 1271 ll'.
442 1218 723 1287 Σφαγῆναι
754 1218 832 1269 δεῖ
852 1218 912 1268 τὸ
938 1217 1144 1287 ἀρνίον,
1172 1217 1261 1269 καὶ
1281 1216 1528 1283 τυθῆναι,
1548 1218 1641 1267 καὶ
1666 1215 1727 1267 τὸ
1748 1211 1829 1266 αἷ-

248 1327 327 1377 μα
352 1308 517 1361 αὑτοῦ
551 1308 836 1377 χρισθῆναι
858 1309 950 1361 ἐπὶ
976 1309 1084 1360 τῶν
1116 1307 1319 1378 θυρῶν.
1371 1306 1607 1376 Χριστὸς
1636 1306 1744 1374 γὰρ
1771 1305 1832 1357 τὸ

244 1398 503 1467 ἀληθινὸν
534 1397 629 1449 καὶ
652 1397 878 1465 ἀγαθδνι
899 1398 991 1449 καὶ
1021 1398 1250 1465 ἄμωμον
1271 1395 1456 1463 ἀρνίον
1477 1395 1711 1463 ἐσφάγη,
1736 1395 1832 1447 καὶ

244 1489 310 1541 τὸ
344 1485 487 1559 αἷμα
519 1487 685 1541 αὑτοῦ
710 1486 935 1556 ἐχρίσθη
969 1488 1063 1539 ἐπὶ
1103 1488 1213 1539 τῶν
1248 1485 1419 1554 φλιῶν
1450 1486 1550 1554 τῆς
1582 1484 1829 1554 καρδίας,

245 1582 397 1641 ὅπως
431 1580 656 1645 γένηται
679 1578 741 1629 τὸ
767 1576 1001 1645 ἐκχυθὲν
1031 1577 1125 1629 ἐπὶ
1149 1576 1245 1628 τοῦ
1276 1574 1512 1644 σταυροῦ
1557 1570 1698 1644 αἷμα
1735 1574 1830 1627 τοῦ

250 1670 515 1737 Χριστοῦ,
550 1671 616 1737 τῇ
646 1668 742 1737 μέν
776 1667 921 1736 ψυχῇ
963 1669 1043 1728 είς
1090 1666 1236 1735 ζωὴν
1271 1666 1366 1717 καὶ
1415 1664 1791 1733 ἀπολύτρωσιν
1812 1680 1827 1696 ο

251 1766 366 1822 τοῖς
398 1760 456 1812 δέ
486 1761 806 1827 Αἰγυπτίοις
833 1758 1084 1825 δαίμοσιν
1120 1758 1198 1818 είς
1229 1755 1424 1818 πένθος
1455 1758 1549 1807 καὶ
1578 1754 1828 1808 θάνατον·

252 1851 471 1921 ἀληθῶς
503 1851 609 1919 γὰρ
665 1848 860 1911 πένθος
896 1849 1079 1910 αὐτοῖς
1108 1849 1256 1913 ἐστι,
1282 1847 1425 1917 χαρά
1450 1847 1506 1899 δὲ
1538 1847 1631 1899 καὶ
1655 1845 1828 1913 ἀγαλ-

252 1942 433 2002 λίασις
463 1944 526 2009 τῇ
561 1941 703 2009 ψυχῇ
751 1939 812 1992 τὸ
847 1937 943 1991 τοῦ
994 1937 1227 2008 ἀμώμου
1260 1938 1449 2008 ἀρνίου
1504 1932 1663 2007 αἷμα.
1702 1932 1834 1988 Εἶτα

258 2034 399 2100 μετά
420 2034 482 2083 τὸ
508 2032 712 2100 χρίσμα
755 2029 969 2083 κελεύει
998 2029 1132 2099 πρὸς
1168 2028 1405 2099 ἑσπέραν
1434 2029 1628 2096 φαγεῖν
1654 2025 1715 2079 τὸ
1738 2028 1837 2097 ἀρ-

260 2125 398 2184 νίον,
426 2125 520 2175 καὶ
546 2123 615 2174 τὰ
647 2121 831 2191 ἄζυμα
882 2122 1019 2190 μετά
1047 2122 1334 2191 πικρίδων,
1368 2119 1835 2188 περιεζωσμένους

255 2215 353 2277 τὰς
390 2213 584 2277 ζώνας,
610 2214 702 2267 καὶ
735 2213 1075 2283 ὑποδήματα,
1101 2213 1195 2265 καὶ
1225 2211 1445 2280 ἔχοντας
1474 2212 1570 2272 τάς
1632 2209 1833 2280 βακτη-

262 2306 388 2375 ρίας
422 2304 480 2355 ἐν
511 2306 629 2365 ταῖς
663 2302 868 2373 χερσίν.
920 2303 1046 2355 Ἐὰν
1079 2304 1188 2373 γὰρ
1224 2302 1297 2371 μὴ
1332 2301 1597 2371 πρότερον
1615 2300 1840 2369 γένηται

257 2398 293 2466 ἡ
318 2396 464 2465 ψυχὴ
494 2396 980 2465 παρεσκευασμένη
1012 2394 1347 2463 πανταχόθεν
1370 2394 1438 2446 δι’
1485 2393 1665 2462 ἔργων
1702 2393 1841 2458 ἀγα-

259 2488 391 2551 θῶν,
420 2489 541 2539 ὃσον
565 2487 710 2539 ἐστὶν
733 2488 789 2539 ἐν
820 2487 979 2555 αὐτῇ,
1010 2488 1071 2539 ού
1113 2487 1314 2538 δίδοται
1342 2485 1477 2554 αὑτῇ
1511 2486 1705 2550 φαγεῖν
1737 2482 1844 2534 ἀπὸ

267 2580 365 2629 τοῦ
398 2580 609 2648 ἀρνίου.
642 2578 707 2631 Εἰ
739 2578 795 2630 δὲ
829 2579 923 2629 καὶ
962 2577 1023 2629 τὸ
1055 2577 1240 2646 ἀρνίον
1283 2576 1402 2643 ἡδὺ,
1437 2577 1535 2627 καὶ
1564 2576 1631 2626 τά
1663 2574 1846 2643 ἄζυμα

272 2669 439 2733 καλὰ,
474 2668 588 2721 ἀλλ’
621 2670 677 2723 al
710 2669 962 2737 πικρίδες
994 2668 1188 2736 πικραὶ
1236 2667 1332 2719 καὶ
1363 2668 1638 2736 τραχεῖαι.
1694 2666 1847 2717 Μετά

268 2760 502 2828 θλίψεως
531 2762 640 2829 γάρ
676 2759 901 2827 πολλῆς,
936 2753 1029 2811 καί¹
1063 2758 1287 2827 πικρίας
1318 2758 1490 2810 ἐσθίει
1510 2759 1543 2825 ἡ
1566 2757 1712 2827 ψυχὴ
1740 2756 1847 2809 ἀπὸ

262 2852 359 2903 τοῦ
387 2851 574 2919 ἀρνίου
615 2851 708 2903 καὶ
735 2851 844 2902 τῶν
876 2851 1127 2920 χρηστῶν
1156 2850 1402 2919 ἀζύμων,
1444 2847 1735 2917 θλιϐούσης
1754 2849 1851 2901 αύ-

267 2945 366 3013 τὴν
401 2948 498 3010 τῆς
525 2943 788 3011 συνούσης
818 2942 955 3010 αὐτῇ
990 2940 1286 3009 ἁμαρτίας.

336 3033 415 3089 Θ’.
451 3035 559 3086 Καὶ
597 3035 733 3100 πρὸς
778 3031 1017 3101 ἑσπέραν
1056 3032 1218 3099 φησὶν
1266 3030 1478 3083 ἐδεσθαι
1531 3030 1692 3083 αὐτό·
1727 3031 1759 3098 ἡ
1794 3028 1852 3080 δέ

1928 585 2292 640 exczecatione
2350 599 2418 638 ex
2470 583 2722 638 obscenis
2778 583 3087 637 actionibus
3149 593 3204 637 et
3257 586 3497 652 peccatis

1928 684 2210 745 prognata,
2247 675 2540 745 praeterita.
2583 674 2751 729 Porro
2779 675 3164 743 praecipitium
3197 674 3403 728 aboleri
3430 689 3499 727 ex

1930 781 2256 835 unaquaque
2288 764 2451 818 domo
2485 778 2646 817 omne
2684 763 3013 818 fermentum
3059 761 3366 829 antiquum,
3410 775 3499 813 ac-

1931 855 2107 910 tiones
2153 856 2443 919 nimirum,
2491 864 2546 909 et
2591 855 2818 909 consilia
2867 855 3066 908 veteris
3117 854 3357 907 hominis
3402 851 3498 921 qui

1930 950 2326 1018 corrumpitur,
2361 963 2424 1002 ac
2454 962 2741 1017 perversas
2770 948 3127 1017 cogitationes
3163 954 3218 1000 et
3263 945 3497 1001 medita-

1931 1039 2110 1094 tiones
2137 1038 2407 1105 sordidas,
2435 1038 2614 1110 quoad
2657 1038 2773 1092 ﬁeri
2802 1046 3001 1108 potest,
3029 1038 3286 1108 abjicere.

1998 1213 2137 1268 VIII.
2162 1214 2381 1270 Mactari
2406 1224 2621 1285 oportet
2649 1232 2846 1285 agnum
2876 1225 2932 1271 et
2960 1216 3248 1279 immolari,
3273 1218 3501 1286 ejusque

1932 1303 2252 1372 sanguinem
2299 1304 2513 1360 illinere
2570 1306 2800 1360 foribus.
2844 1306 3096 1362 Christus
3148 1306 3294 1360 enim
3337 1321 3502 1359 verus

1933 1395 2111 1450 bonus
2134 1405 2190 1451 et
2221 1397 2603 1453 immaculatus
2648 1415 2819 1468 agnus
2854 1408 3121 1453 mactatus
3153 1408 3255 1464 est,
3291 1408 3348 1453 et
3379 1415 3503 1454 san-

1933 1485 2098 1554 guine
2142 1487 2261 1553 ejus
2305 1494 2468 1540 uncta
2514 1487 2703 1540 limina
2748 1488 2950 1550 cordis,
2985 1497 3045 1541 ut
3075 1487 3168 1541 ﬁat
3206 1487 3416 1541 effusus
3446 1488 3502 1540 in

1934 1588 2098 1627 cruce
2143 1574 2361 1643 sanguis
2404 1574 2630 1640 Christi,
2677 1576 2871 1630 animm
2900 1576 3121 1644 quidem
3161 1576 3271 1630 vita
3311 1586 3368 1629 et
3415 1591 3505 1629 re-

1935 1664 2209 1732 demptio;
2232 1664 2500 1734 [Egyptiis
2520 1680 2650 1719 vero
2680 1666 3018 1720 daemonibus
3050 1668 3228 1720 luctus
3248 1675 3303 1720 et
3333 1680 3500 1720 mors.

1936 1754 2075 1809 Vere
2103 1757 2250 1808 enim
2294 1757 2475 1811 luctus
2512 1757 2618 1811 illis
2649 1766 2757 1821 est;
2790 1759 3047 1826 gaudium
3088 1768 3272 1813 autem
3315 1769 3371 1812 et
3413 1773 3507 1811 ex-

1936 1846 2158 1899 sultatio
2207 1845 2437 1911 animae,
2489 1846 2822 1901 immaculati
2884 1848 3031 1901 illius
3085 1849 3209 1918 agni
3266 1848 3503 1919 sanguis.

1936 1934 2143 1990 Deinde
2190 1946 2312 2005 post
2352 1938 2669 1991 unctionem
2707 1938 2862 2008 jubet
2900 1938 2968 1991 ad
3009 1954 3292 2006 vesperam
3323 1952 3510 1991 come-

1936 2025 2066 2081 dere
2110 2043 2336 2096 agnum,
2387 2036 2443 2082 et
2488 2044 2675 2098 azyma
2722 2030 2846 2082 'eum
2890 2029 3121 2083 lactucis
3167 2029 3507 2098 agrestibus,

1937 2114 2360 2169 circumcinctos
2398 2117 2641 2181 renibus,
2688 2120 2959 2173 calceatus
3002 2118 3283 2181 sandaliis,
3325 2125 3382 2172 et
3428 2126 3509 2171 te-

1938 2212 2132 2257 nentes
2182 2203 2405 2259 baculos
2454 2204 2509 2259 in
2554 2205 2826 2259 manibus.
2878 2206 2990 2260 Nisi
3044 2207 3192 2260 enim
3241 2208 3393 2276 prius
3440 2208 3513 2261 sit

1939 2292 2120 2346 anima
2169 2302 2470 2362 praeparata
2534 2295 2896 2364 undequaque
2951 2311 3047 2365 per
3110 2297 3253 2351 bona
3310 2312 3509 2366 Opera,

1942 2392 2204 2451 quantum
2245 2385 2298 2437 in
2331 2385 2447 2454 ipsa
2476 2393 2578 2449 est,
2610 2401 2717 2440 non
2749 2388 3072 2442 conceditur
3102 2388 3199 2452 illi,
3228 2398 3288 2442 ut
3326 2404 3511 2443 come-

1942 2478 2031 2531 dat
2077 2477 2144 2530 de
2192 2491 2351 2545 agno.
2400 2477 2467 2530 Et
2514 2477 2644 2532 licet
2692 2478 2877 2531 suavis
2923 2480 2998 2533 sit
3030 2494 3203 2549 agnus
3239 2488 3295 2534 et
3326 2495 3514 2550 azyma

1943 2568 2106 2630 bona,
2141 2582 2341 2620 amarae
2370 2576 2551 2620 tamen
2579 2574 2635 2620 et
2670 2582 2877 2636 asperae
2923 2576 3052 2621 sunt
3086 2568 3329 2622 lactucae.
3373 2567 3513 2622 Cum

1944 2657 2236 2713 aﬂlictione
2284 2672 2412 2726 ergo
2459 2672 2671 2712 summa
2713 2666 2769 2712 et
2802 2658 3194 2713 molestia'edit
3237 2658 3417 2713 anima
3446 2659 3515 2712 de

1945 2764 2083 2818 agno
2110 2758 2165 2803 et
2196 2749 2354 2803 bonis
2384 2749 2608 2820 azymis,
2640 2749 2910 2819 aﬂligente
2938 2764 3057 2803 eam
3083 2749 3230 2819 quod
3255 2749 3402 2803 illam
3432 2749 3512 2803 in-

1947 2838 2177 2902 habitat,
2213 2846 2462 2907 peccato.

2018 3031 2110 3085 ΙΧ.
2143 3032 2209 3085 Et
2232 3031 2296 3085 ad
2317 3046 2601 3100 vesperam
2622 3031 2778 3100 jubet
2807 3031 2971 3085 edere
2993 3030 3166 3083 illum.
3193 3028 3516 3098 Vespertina

270 3128 406 3193 πρὸς
438 3126 675 3192 ἑσπέραν
726 3122 847 3190 ὥρα
879 3123 1019 3190 μέση
1052 3120 1242 3206 φωτὸς
1271 3120 1368 3172 καὶ
1400 3125 1623 3181 σκότους
1674 3119 1841 3171 ἐστίν.
1871 3145 1918 3206 c

1835 3159 1841 3171 .
1871 3145 1918 3206 ο
1950 3132 2131 3176 autem
2166 3122 2300 3175 hora
2330 3122 2509 3175 media
2538 3122 2681 3174 inter
2704 3122 2881 3174 lucem
2916 3131 2971 3173 et
3010 3120 3265 3174 tenebras
3289 3126 3393 3174 est.
3425 3116 3515 3173 Sic

274 3215 428 3266 Οὕτω
462 3213 558 3264 καὶ
587 3214 620 3281 η
642 3212 786 3279 ψυχὴ
824 3211 961 3280 πρὸς
988 3209 1164 3279 ταύτῃ
1192 3205 1326 3261 οὖσα
1347 3211 1413 3277 τῇ
1444 3207 1843 3277 ἀπολυτρώσει,

277 3306 417 3374 μέση
447 3303 651 3370 γίνεται
688 3302 863 3369 φωτὸς
899 3301 993 3353 καὶ
1022 3300 1269 3364 σκότους,
1296 3300 1541 3369 ἑστώσης
1561 3303 1658 3370 τῆς
1686 3300 1846 3352 δυνά-

279 3412 425 3463 μεως
467 3392 560 3445 τοῦ
615 3392 773 3457 Θεοῦ,
814 3392 910 3445 καὶ
941 3393 1016 3463 μὴ
1059 3391 1237 3461 ἐώσης
1270 3393 1331 3444 τὸ
1381 3392 1571 3452 σκότος
1603 3390 1849 3443 ἐπελθεῖν

276 3485 340 3551 τῇ
374 3481 554 3548 ψυχῇ,
592 3480 685 3532 καὶ
711 3483 997 3533 καταπιεῖν
1034 3480 1239 3551 αὑτήνο
1278 3481 1373 3533 καὶ
1410 3480 1467 3532 ὃν
1492 3480 1691 3549 τρόπον
1728 3477 1851 3531 εἷπε

277 3570 542 3637 Μωῦσῆς,
572 3570 728 3635 Αὕτη
766 3570 804 3637 ἡ
860 3569 977 3633 νὺξ
1012 3568 1123 3636 τῆς
1170 3571 1529 3639 ἐπαγγελίας
1564 3569 1695 3624 ἐστὶ
1743 3570 1851 3623 τοῦ

280 3664 464 3717 Θεοῦο
496 3663 666 3725 οὕτως
699 3664 794 3715 καὶ
822 3666 850 3716 ὁ
887 3664 1144 3732 Χριστὸς,
1184 3663 1429 3724 δοθέντος
1456 3663 1606 3733 αὐτῷ
1645 3664 1851 3732 βιϐλίου

280 3757 339 3805 ἐν
365 3757 431 3821 τῇ
468 3757 779 3825 συναγωγῇ,
818 3754 893 3816 ὼς
927 3754 1258 3825 γέγραπται,
1284 3755 1545 3808 ἐκάλεσεν
1577 3754 1855 3808 ἐνιαυτὸν

279 3847 504 3911 Κυρίου
534 3845 749 3897 δεκτόν
786 3845 890 3897 καὶ
924 3844 1152 3913 ἡμέραν
1182 3844 1669 3911 ἀπολυτρώσεως.
1712 3844 1855 3896 Ἐκεῖ

277 3936 376 4000 νὺξ
423 3937 861 3999 ἀνταποδόσεως,
889 3936 1123 3990 ἐνταῦθα
1166 3938 1348 4006 ἡμέρα
1392 3935 1849 4005 ἀπολυτρώσεως·

276 4028 502 4089 εἰκότως
522 4042 536 4055 ·
590 4028 766 4080 πάντα
790 4028 897 4096 γὰρ
940 4029 1126 4079 ἐκεῖνα
1177 4026 1346 4088 τύπος
1371 4022 1439 4094 ἦν
1470 4027 1562 4078 καὶ
1598 4026 1726 4078 σκιὰ
1752 4026 1853 4093 τῆς

276 4117 563 4187 ἀληθείας,
599 4118 693 4169 καὶ
720 4117 996 4185 μυστικῶς
1020 4116 1441 4186 προτυπούμενα
1474 4117 1571 4185 τὴν
1595 4115 1852 4187 ἀληθινὴν

278 4208 554 4276 σωτηρίαν
588 4207 907 4277 ὑπέγραφον
936 4208 1034 4277 τῆς
1070 4208 1247 4278 ψυχῆς
1277 4209 1375 4275 τῆς
1403 4206 1853 4275 ἐγκεκλεισμένης

275 4297 357 4367 τῷ
378 4297 579 4362 σκότει,
609 4298 702 4349 καὶ
726 4298 1117 4367 πεπεδημένης
1171 4298 1427 4367 κρυπτῶς
1454 4298 1509 4349 ἐν
1541 4296 1725 4366 λάκκῳ
1754 4314 1853 4349 κα-

280 4388 532 4457 τωτάτῳ,
558 4386 653 4439 καὶ
680 4386 1242 4455 ἐναποκεκλεισμένης
1270 4386 1465 4447 πύλαις
1487 4386 1732 4454 χαλκαῖς,
1758 4385 1853 4437 καὶ

280 4477 356 4547 μὴ
389 4477 690 4545 δυναμένης
736 4477 861 4529 ἀνευ
903 4476 1000 4545 τῆς
1052 4476 1143 4528 τοῦ
1164 4475 1398 4544 Χριστοῦ
1430 4475 1852 4544 ἀπολυτρώσεως
1886 4478 1928 4532 D

277 4567 705 4635 ἐλευθερωθῆναι
716 4606 731 4620 .

349 4655 406 4708 ι’.
452 4655 665 4720 Ἐξάγει
693 4650 783 4708 οῦν
802 4655 901 4725 τὴν
944 4656 1121 4725 ψυχὴν
1146 4656 1203 4719 ἐξ
1230 4655 1504 4722 Αἰγύπτου
1539 4657 1631 4709 καὶ
1662 4658 1757 4726 τῆς
1785 4661 1843 4708 ἐν

288 4744 428 4811 αὐτῇ
461 4744 729 4807 δουλείας.
768 4746 875 4797 τῶν
930 4746 1288 4814 πρωτοτόκων
1326 4744 1496 4813 αὐτῆς
1531 4746 1854 4813 ἀναιρουμέ-

282 4853 391 4885 νων
426 4836 484 4885 ἐν
530 4840 597 4903 τῇ
635 4835 818 4904 ἐξόδῳ.
853 4836 991 4900 Ἤδη
1022 4837 1129 4903 γὰρ
1164 4836 1325 4905 μέρος
1370 4852 1420 4886 τι
1453 4836 1549 4904 τῆς
1578 4836 1855 4903 δυνάμεως

273 4924 369 4975 τοῦ
400 4924 653 4991 ἀληθινοῦ
687 4924 885 4995 Φαραὼ
940 4926 1298 4977 καταπίπτει.
1350 4925 1549 4987 Πένθος
1588 4926 1699 4994 ἔχει
1731 4926 1855 4983 τοὺς

276 5012 626 5077 Αἰγυπτίους.
673 5012 1004 5074 Στενάζουσι
1028 5015 1135 5081 γὰρ
1166 5012 1491 5081 λυπούμενοι
1532 5014 1623 5065 ἐπὶ
1649 5016 1713 5081 τῇ
1751 5029 1857 5063 σω-

274 5100 443 5169 τηρίᾳ
469 5101 561 5152 τοῦ
588 5102 956 5171 αἰχμαλώτου.
988 5102 1219 5155 Κελεύει
1247 5102 1550 5173 χρήσασθαι
1578 5104 1730 5172 παρά
1749 5103 1858 5156 τῶν

275 5194 587 5261 Αἰγυπτίων
614 5194 784 5264 σκεύη
821 5196 999 5263 χρυσᾶ.
1040 5196 1133 5247 καὶ
1176 5196 1425 5265 ἀργυρᾶ,
1458 5196 1552 5248 καὶ
1596 5194 1857 5256 λαϐόντας

276 5285 537 5350 ἐξελθεῖν.
594 5284 997 5353 Ἀπολαμὸἀνει
1032 5285 1138 5353 γὰρ
1169 5285 1387 5349 ἐξιοῦσα
1418 5284 1508 5337 τοῦ
1540 5285 1761 5347 σκότους
1810 5286 1843 5353 ὴ

274 5374 421 5443 ψυχὴ
450 5373 519 5424 τὰ
542 5374 760 5442 ἀργυρᾶ
791 5373 882 5425 καὶ
913 5377 1087 5443 χρυσᾶ
1115 5373 1305 5443 σκεύη,
1338 5375 1502 5444 ἤγουν
1531 5374 1657 5435 τοὺς
1683 5374 1844 5436 ἰδίους

276 5465 514 5529 ἀγαθοὺς
543 5464 836 5532 λογισμοὺς
869 5464 1296 5533 πεπυρωμένους
1342 5464 1747 5528 ἐπταπλασίως,
1786 5467 1844 5518 ἐν

275 5550 355 5617 οἷς
387 5554 713 5607 διακονεῖται
749 5556 841 5607 καὶ
867 5556 1275 5609 ἐπαναπαύεται
1309 5556 1336 5607 ό
1363 5553 1517 5615 Θεός.
1556 5554 1841 5627 Ἐσκόρπι-

348 5738 367 5766 ³
410 5736 550 5789 Luc.
586 5737 776 5797 ιν,18.

612 5836 873 5891 I’Al‘twl..
930 5832 1041 5889 (in.
1106 5832 1212 5890 XX
1229 5832 1395 5893 XIV.

1946 3229 2163 3282 quoque
2208 3214 2389 3267 anima
2420 3214 2476 3266 in
2506 3213 2622 3282 ipsa
2651 3214 2946 3267 constituta
2975 3212 3372 3280 redemptione,
3402 3224 3517 3264 me-

1947 3304 2035 3357 dia
2061 3313 2143 3357 est
2184 3305 2328 3359 inter
2369 3305 2548 3358 lucem
2581 3312 2637 3359 et
2672 3303 2946 3365 tenebras,
2980 3303 3269 3357 assistente
3308 3303 3516 3356 virtute

1948 3394 2155 3459 divina,
2182 3409 2284 3448 nec
2314 3397 2665 3464 permittente
2696 3395 2950 3449 tenebras
2982 3394 3267 3464 insurgere
3297 3393 3353 3445 in
3395 3395 3516 3446 ani-

1948 3500 2117 3550 mam,
2148 3492 2205 3539 et
2225 3485 2523 3539 absorbere
2552 3485 2721 3539 illam.
2753 3485 2821 3538 Et
2848 3482 3309 3553 quemadmodum
3341 3482 3518 3536 Moses

1950 3576 2086 3629 dixit
2125 3594 2137 3629 :
2180 3576 2305 3629 Haec
2354 3584 2427 3630 est
2476 3591 2580 3628 non:
2624 3576 2983 3646 promissionis
3015 3573 3133 3637 Dei,
3187 3572 3267 3627 sic
3299 3587 3519 3642 quoque

1948 3665 2221 3729 Christus,
2269 3665 2456 3719 oblato
2491 3665 2597 3719 sibi
2648 3665 2791 3719 libro
2838 3665 2892 3717 in
2942 3664 3245 3734 Synagoga,
3285 3672 3345 3716 ut
3376 3663 3518 3717 scri-

1950 3767 2104 3825 plum
2144 3764 2248 3819 est,
2292 3755 2586 3824 appellavit
2631 3772 2831 3808 annum
2868 3754 3076 3808 Domini
3125 3754 3516 3823 acceptabilem,

1956 3848 2113 3917 150
2142 3857 2190 3900 et
2224 3849 2359 3899 diem
2393 3848 2765 3916 redemptionis
2795 3846 2836 3899 ⁸.
2864 3847 2941 3900 ibi
2985 3861 3089 3899 nox
3118 3845 3517 3909 retributionis,

1954 3938 2045 3991 hic
2070 3938 2189 3992 dies
2228 3937 2655 4005 redemptionis;
2694 3944 2749 3991 et
2783 3938 2998 3991 merito.
3026 3936 3219 3989 Omnia
3252 3936 3397 3990 enim
3430 3935 3521 3990 illa

1954 4040 2113 4099 typus
2144 4038 2300 4084 erant
2325 4038 2381 4083 et
2405 4028 2599 4082 umbra
2624 4028 2891 4090 veritatis,
2925 4035 2981 4081 et
3015 4028 3240 4097 mystice
3273 4026 3523 4097 praeﬁgu-

1954 4128 2068 4172 rata
2098 4132 2283 4172 veram
2319 4117 2707 4171 describebant
2749 4118 2981 4170 salutem
3028 4117 3252 4171 inclusae
3282 4117 3522 4171 tenebris

1953 4210 2167 4273 animae,
2201 4217 2365 4277 atque
2396 4208 2717 4277 eompedita:
2754 4208 2893 4261 clam
2944 4209 2998 4261 in
3048 4207 3169 4260 lacu
3215 4208 3424 4271 intimo,
3467 4216 3525 4261 et

1954 4301 2102 4353 intus
2134 4299 2358 4353 inclusa:
2385 4299 2560 4368 portis
2590 4298 2775 4362 aeneis,
2812 4305 2869 4352 et
2897 4312 3019 4365 qua:
3047 4312 3156 4351 non
3192 4298 3365 4366 possit
3393 4297 3522 4351 abs-

1954 4404 2060 4457 que
2088 4387 2292 4442 Christi
2332 4388 2711 4456 redemptione
2740 4386 2984 4441 liberari.

2024 4658 2089 4710 Χ.
2115 4658 2315 4711 Educit
2341 4657 2506 4726 igitur
2525 4657 2762 4711 animam
2790 4671 2854 4709 ex
2880 4653 3130 4723 Egypto,
3156 4662 3231 4717 et,
3256 4668 3360 4722 qua
3383 4652 3438 4705 in
3457 4666 3521 4707 ea

1952 4748 2325 4815 premebatur,
2356 4747 2642 4807 servitute,
2671 4744 3048 4814 primogenitis
3074 4744 3192 4812 ejus
3217 4742 3522 4796 interfectis

1953 4839 2007 4890 in
2038 4853 2284 4906 egressu.
2316 4836 2433 4891 Jam
2473 4835 2619 4889 enim
2661 4850 2786 4903 pars
2827 4834 3073 4903 quaedam
3118 4832 3375 4901 potentia:
3402 4832 3520 4885 veri

1956 4927 2256 4981 Pharaonis
2290 4926 2497 4979 interit.
2531 4924 2735 4979 Luctus
2768 4932 2999 4993 occupat
3039 4922 3339 4993 Egyptios.
3369 4923 3523 4991 Inge-

1956 5014 2193 5067 miscunt
2239 5014 2383 5067 enim
2426 5014 2729 5067 contristati
2767 5014 2834 5067 de
2888 5014 3063 5067 salute
3106 5012 3326 5081 captivi.
3356 5012 3519 5066 lubet

1957 5112 2146 5158 mutuo
2175 5105 2423 5172 accipere
2445 5104 2513 5156 ab
2533 5102 2801 5174 [Egyptiis
2819 5119 2944 5156 vasa
2965 5118 3130 5156 aurea
3153 5112 3208 5155 et
3229 5108 3514 5171 argentea;

1954 5205 2009 5250 et
2041 5196 2107 5250 iis
2140 5196 2380 5264 acceptis
2409 5196 2617 5265 egredi.
2662 5195 2874 5263 Accipit
2912 5195 3081 5258 enim,
3120 5192 3406 5262 egrediens
3449 5206 3518 5245 ex

1956 5286 2197 5339 tenebris
2238 5286 2438 5347 anima,
2470 5293 2723 5353 argentea
2764 5292 2821 5336 et
2864 5300 3025 5337 aurea
3063 5298 3210 5340 vasa.
3238 5282 3515 5344 videlicet,

1953 5391 2078 5429 suas
2108 5375 2305 5444 probas
2336 5374 2692 5444 cogitationes
2735 5375 2984 5442 septuplo
3019 5372 3363 5432 fervidiores.
3390 5370 3518 5439 qui-

1951 5466 2055 5519 bus
2083 5466 2422 5519 ministratur
2450 5467 2583 5529 Deo,
2607 5475 2662 5518 et
2687 5466 2742 5518 in
2767 5465 2966 5533 quibus
2990 5465 3132 5517 Deus
3151 5462 3513 5530 conquiescit.

1952 5557 2519 5627 Disperserantenim,
2564 5558 2659 5627 qui
2700 5557 2855 5628 prius
2896 5556 3063 5610 vicini
3108 5555 3158 5610 ei
3190 5564 3369 5621 erant,
3403 5553 3516 5607 da:-

3089 5836 3168 5895 ‘26
