4254 6358
759 326 863 388 ωό

2017 320 2076 380 8.
2120 317 2434 379 MACARII
2474 316 2787 376 EGYPTII

3899 310 4032 379 ωι

759 444 978 493 mones,
1017 442 1071 484 et
1112 439 1443 500 occuparant
1489 444 1552 483 ac
1593 428 1921 498 dissiparant
1962 427 2321 497 cogitationes
2352 434 2391 487 Α

2426 439 2523 475 σαν
2542 422 2651 491 γάρ
2676 424 2725 474 οἱ
2770 420 3205 489 γειτονεύσαντες
3239 420 3374 490 αὐτῇ
3415 419 3687 488 δαίμονες,
3720 420 3818 475 καὶ
3871 439 4031 474 κατ-

755 522 892 591 cjus.
928 520 1091 575 Beata
1136 520 1336 582 anima,
1368 534 1491 589 quae
1523 519 1799 590 redempta
1845 526 1927 572 est
1975 532 2006 572 e
2046 516 2319 571 tenebris!

752 609 821 663 Et
850 623 928 663 va
973 609 1187 667 animae.
1219 622 1339 677 quze
1381 622 1487 661 non
1534 608 1732 661 clamat
1780 622 1883 661 nec
1916 605 2227 675 ingemiscit
2255 603 2322 657 ad

748 713 898 761 eum,
930 699 1024 768 qui
1070 706 1250 767 potest
1294 713 1410 752 eam
1461 698 1696 753 liberare
1745 712 1775 750 a
1824 697 2070 751 molestis
2115 697 2224 750 illis
2266 703 2321 749 et

751 788 967 843 acerbis
993 804 1220 857 operum
1250 788 1625 843 exactoribus!

821 964 912 1019 XI.
948 964 1166 1019 Abeunt
1210 964 1303 1018 filii
1339 964 1502 1018 Israel
1538 963 1811 1019 celebrato
1837 964 2062 1019 Pascha.
2102 964 2323 1018 Proficit

755 1061 953 1121 anima,
982 1071 1101 1125 qua:
1130 1058 1340 1125 accepit
1366 1056 1531 1110 vitam
1567 1056 1741 1110 sancti
1770 1055 2029 1125 Spiritus,
2061 1055 2319 1124 degusta-

755 1145 834 1198 vit
861 1159 1079 1214 agnum,
1107 1146 1336 1214 ejusque
1366 1144 1630 1215 sanguine
1664 1155 1829 1199 uncta
1858 1154 1965 1210 est,
2000 1152 2058 1200 et
2084 1144 2322 1199 comedit

756 1250 947 1288 verum
992 1250 1209 1305 panem,
1255 1236 1495 1291 Verbum
1523 1237 1728 1290 vivum.
1772 1235 2040 1291 Columna
2090 1238 2232 1307 ignis
2266 1246 2323 1292 et

753 1323 1006 1379 columna
1052 1325 1217 1380 nubis
1259 1324 1382 1380 illos
1416 1327 1677 1397 praeedit
1706 1328 2023 1384 custodiens
2049 1329 2070 1361 ⁸
2104 1346 2117 1383 :
2151 1328 2322 1399 Spiri-

755 1430 843 1473 tus
875 1428 1094 1473 sanctus
1136 1419 1377 1474 suffulsit
1418 1421 1538 1484 hos,
1568 1420 1759 1476 fovens
1783 1430 1839 1476 et
1872 1421 2115 1492 dirigens
2150 1423 2203 1476 in
2235 1424 2322 1477 in-

757 1509 1051 1579 telligentia
1079 1510 1337 1565 animam.
1364 1512 1575 1567 Pharao
1602 1519 1658 1565 et
1676 1510 1914 1582 Egyptii
1942 1512 2319 1568 animadversa

755 1601 940 1670 populi
972 1600 1258 1657 Israelitici
1282 1601 1439 1672 fuga,
1467 1617 1634 1671 seque
1670 1603 1895 1657 servitio
1917 1617 2109 1657 eorum
2138 1604 2320 1673 priva-

755 1699 890 1753 tum,
912 1698 967 1743 et
1001 1700 1123 1760 post
1144 1691 1634 1761 primogenitorum
1665 1691 2098 1745 interfectionem
2128 1707 2319 1761 perse-

2445 515 2605 585 έσχον
2626 514 2722 567 καὶ
2743 512 3099 566 διεσκέδασαν
3128 511 3223 563 τοὺ
3239 510 3533 579 λογισμοὺς
3562 512 3757 581 αὐτῆς.
3800 513 4027 566 Μακαο

2427 605 2517 674 ρία
2548 606 2581 674 ὴ
2618 604 2763 673 ψυχὴ
2802 604 2836 671 ὴ
2859 601 3197 668 λυτρωθεῖσα
3230 603 3294 654 ἐκ
3318 601 3411 653 τοῦ
3442 601 3665 663 σκότους
3684 619 3699 634 ·
3756 604 3851 654 καὶ
3875 602 4029 654 οὐαὶ

2423 696 2570 766 ψυχῇ
2602 699 2667 767 τῇ
2705 695 2780 765 μὴ
2809 694 3009 765 βοὼσῃ,
3042 694 3136 747 καὶ
3179 692 3512 765 στεναζούσῃ
3540 694 3679 764 πρὸς
3725 695 3817 746 τὸν
3842 694 4032 747 δυνά-

2429 804 2593 856 μενον
2627 786 2892 857 ρύσασθαι
2918 785 3087 855 αὐτὴν
3109 786 3219 839 ἀπὸ
3236 785 3348 839 τῶν
3377 786 3629 857 χαλεπῶν
3660 787 3882 839 ἐκείνων
3910 790 4030 837 καὶ

2425 876 2638 946 πικρῶν
2670 874 3071 946 ὲργοδιωκτῶν.

2496 969 2600 1022 IA'.
2625 967 2978 1037 ‘Amlpouow
2997 964 3105 1019 υἱοὶ⁵
3120 966 3337 1037 Ἰσραὴλ
3360 966 3420 1019 τὸ
3443 967 3634 1034 Πάσχα
3655 965 4027 1033 ποιήσαντες.

2426 1059 2739 1130 Προκόπτει
2772 1059 2805 1128 ή
2828 1058 2997 1128 ψυχὴ,
3022 1056 3265 1111 λαϐοῦσα
3304 1056 3449 1127 ζωὴν
3475 1056 3791 1125 Πνεύματος
3818 1056 4024 1122 ἁγίου,

2423 1150 2519 1203 καὶ
2544 1148 2969 1218 ἀπογευσαμένη
2998 1146 3092 1200 τοῦ
3116 1147 3328 1216 ἀρνίου,
3360 1147 3456 1199 καὶ
3485 1144 3769 1216 χρισθείσα
3810 1144 3888 1214 τῷ
3917 1145 4031 1196 α.ῐὲ

2427 1258 2555 1308 ματι
2604 1238 2789 1304 αὐτοῦ,
2825 1239 2917 1291 καὶ
2957 1238 3214 1308 φαγοῦσα
3243 1238 3338 1290 τὸν
3376 1236 3630 1305 ἀληθινὸν
3670 1236 3855 1305 ἀρτον,
3910 1234 4031 1287 τὸν

2428 1328 2609 1393 ζῶντα
2631 1332 2825 1398 Λόγον.
2853 1328 3051 1391 Στύλος
3073 1329 3245 1398 πυρὸς
3271 1329 3366 1381 καὶ
3390 1327 3581 1390 στύλος
3608 1327 3836 1397 νεφέλης
3860 1326 4031 1379 ὲκεί-

2423 1439 2529 1475 νων
2553 1424 2874 1492 προηγεῖται
2902 1420 3186 1490 φυλάττων
3210 1436 3226 1450 ·
3254 1420 3316 1472 τδ
3339 1418 3567 1489 Πνεῦμα
3598 1420 3659 1471 τὸ
3691 1420 3845 1486 ἅγιον
3866 1419 4025 1471 6m-

2428 1512 2673 1581 στηρίξει
2705 1511 2947 1576 τούτους,
3005 1509 3209 1565 θάλπον
3242 1509 3335 1562 καὶ
3368 1509 3595 1579 ὁδηγοῦν
3642 1511 3701 1562 ὲν
3749 1509 4027 1577 αίσθήσεε

2424 1602 2520 1673 τὴν
2556 1602 2753 1672 ψυχήν.
2791 1601 2961 1665 Γνοὺς
2996 1601 3198 1670 Φαραὼ
3232 1601 3327 1654 καὶ
3366 1602 3417 1653 oi
3450 1601 3739 1669 Αίγύπτιοι
3784 1601 3880 1669 τὴν
3903 1599 4022 1653 τοῦ

2424 1692 2554 1746 λαοῦ
2604 1694 2807 1762 φυγὴν,
2832 1693 2927 1745 καὶ
2950 1691 3049 1762 τὴν
3078 1693 3142 1744 ἐκ
3172 1691 3275 1754 τῆς
3307 1691 3551 1754 δουλείας
3592 1689 3773 1746 αὐτῶν
3806 1691 4026 1759 στερη-

751 1779 845 1847 qui
876 1779 1029 1833 illum
1060 1794 1224 1834 ausus
1243 1784 1357 1834 lest.
1386 1779 1732 1835 Festinanter
1758 1794 1890 1850 ergo
1921 1780 2181 1835 curribus
2210 1780 2326 1835 suis
2358 1767 2391 1818 Β

2426 1803 2533 1849 σιν,
2558 1785 2653 1838 καὶ
2682 1784 2821 1854 μετά
2841 1783 2940 1853 τὴν
2956 1783 3065 1836 τῶν
3084 1782 3445 1852 πρωτοτόκων
3461 1781 3759 1850 ἀναίρεσιν.
3785 1780 4027 1832 διώκειν

748 1870 989 1939 junctis,
1033 1884 1156 1923 cum
1208 1870 1357 1924 omni
1408 1869 1609 1939 populo
1650 1869 1717 1923 ad
1766 1884 1861 1924 eos
1913 1869 2324 1925 interﬁciendos

757 1958 1139 2028 impellebatur
1170 1975 1183 2012 :
1204 1960 1535 2029 jamjamque
1581 1958 1830 2015 futurum
1876 1974 2000 2014 cum
2043 1970 2217 2025 esset,
2262 1969 2322 2014 ut

755 2050 1177 2118 permisceretur
1205 2051 1307 2113 eis,
1339 2050 1649 2106 intercessit
1675 2052 1851 2106 nubes
1878 2053 1933 2105 in
1970 2052 2173 2117 medio,
2202 2068 2323 2122 qua:

758 2141 858 2193 bos
880 2139 1101 2209 quidem
1135 2141 1377 2195 tenebris
1399 2140 1628 2195 obrutds
1655 2143 2017 2211 impediebat;
2050 2143 2171 2197 illos
2190 2159 2323 2198 vero

754 2230 876 2284 luce
895 2230 1205 2285 ducebatet
1229 2233 1609 2287 conservabat.
1646 2234 1713 2288 Et
1744 2249 1813 2289 ne
1843 2234 2130 2289 historiam
2152 2244 2321 2290 totam

754 2321 1012 2376 evolvens
1052 2321 1354 2391 producam
1394 2323 1615 2393 longius
1646 2339 1975 2389 sermonem,
2004 2340 2160 2381 sume
2188 2326 2324 2381 mihi

754 2426 852 2481 per
882 2412 1065 2466 omnia
1095 2411 1512 2468 similitudinem
1543 2412 1609 2467 ad
1639 2428 1726 2468 res
1754 2414 2090 2483 spirituales.

825 2598 941 2653 XII.
964 2598 1136 2665 Quam
1157 2597 1397 2666 primum
1420 2599 1567 2653 enim
1595 2599 1776 2654 anima
1801 2599 2082 2672 Egyptios
2112 2602 2323 2673 eﬂ'ugit.

756 2687 1027 2742 accedens
1050 2687 1234 2741 divina
1262 2690 1505 2757 potentia
1547 2689 1872 2758 opitulatur,
1899 2690 2180 2745 deducens
2204 2708 2324 2745 eam

757 2779 825 2833 ad
867 2779 1176 2833 veritatem.
1218 2778 1319 2833 Ubi
1362 2794 1494 2833 vero
1536 2780 1855 2849 cognoverit
1899 2781 2201 2850 spiritualis
2234 2784 2325 2837 ille

760 2870 988 2932 Pharao,
1021 2883 1118 2922 rex
1147 2869 1497 2922 tenebrarum
1529 2870 1760 2939 peccati,
1792 2870 2027 2925 deficere
2056 2886 2084 2924 a
2126 2887 2184 2926 se
2210 2873 2327 2926 ani—

758 2975 923 3024 mam,
968 2968 1025 3014 et
1068 2958 1309 3030 effugere
1364 2963 1515 3031 regni
1568 2961 1653 3015 sui
1699 2962 2079 3031 cogitationes,
2124 2964 2325 3032 quibus

758 3052 887 3106 olim
942 3052 1289 3106 detinebatur
1328 3050 1433 3122 (hae
1472 3052 1617 3105 enim
1652 3063 1781 3106 sunt
1822 3054 1940 3123 ejus
1981 3053 2320 3125 facultates);
2349 3077 2391 3137 ρ

760 3143 1090 3197 existimavit
1120 3156 1183 3196 ac
1223 3157 1373 3210 spem
1418 3141 1522 3196 sibi
1564 3141 1695 3197 fecit
1720 3142 2001 3197 horribilis
2034 3144 2145 3207 ille,
2173 3144 2320 3197 illam

762 3246 1102 3287 reversuratn
1152 3232 1219 3285 ad
1282 3246 1363 3285 se.
1431 3231 1536 3287 Ubi
1581 3246 1712 3285 vero
1760 3232 2027 3286 intellexit
2086 3234 2321 3288 animant

761 3322 982 3376 omnino
1008 3321 1210 3377 evitare
1236 3336 1390 3375 suam
1426 3322 1789 3392 tyrannidem,
1818 3323 1963 3377 caede
1992 3324 2325 3394 primogeni-

765 3422 940 3467 torum
968 3423 1024 3468 et
1050 3412 1197 3467 furto
1230 3414 1621 3484 cegitationum
1659 3414 2033 3483 impudentius
2064 3416 2321 3479 accurrit,

763 3504 970 3558 veritus
1016 3518 1084 3557 ne
1129 3504 1307 3557 forsan
1357 3504 1535 3557 anima
1564 3519 1788 3572 prorsus
1819 3504 2134 3572 effugiente,
2164 3520 2324 3559 nemo

765 3591 1088 3661 reperiatur,
1118 3593 1213 3662 qui
1245 3593 1580 3648 voluntatem
1612 3604 1669 3647 et
1714 3609 1853 3662 Opus
1886 3609 2045 3649 suum
2080 3595 2321 3663 impleat.

763 3682 1117 3752 Persequitur
1154 3698 1286 3752 ergo
1326 3698 1447 3737 eam
1483 3683 1897 3749 afﬂictionibus,
1931 3684 2326 3740 tentationibus

761 3786 827 3826 ac
853 3771 1013 3827 bellis
1056 3772 1445 3831 invisibilibus.
1477 3772 1577 3829 Hic
1604 3774 1888 3844 probatur,
1935 3774 2026 3830 hic
2060 3783 2322 3842 tentatur,

762 3863 852 3917 hic
875 3871 1099 3933 apparet
1125 3878 1300 3927 amor,
1327 3879 1438 3933 quo
1462 3879 1611 3929 cum,
1637 3865 1731 3934 qui
1756 3866 1944 3919 eduxit
1971 3881 2038 3920 ex
2068 3865 2323 3939 Egypto,

762 3954 1162 4022 complectitur,
1211 3954 1480 4022 siquidem
1532 3955 1784 4019 traditur,
1826 3965 1886 4011 ut
1950 3958 2235 4026 probetur,
2270 3967 2327 4013 et

766 4045 928 4099 variis
957 4044 1134 4099 modis
1159 4054 1413 4099 tentetur.

837 4306 975 4361 Xlll.
1007 4307 1169 4361 Videt
1196 4307 1343 4361 enim
1390 4307 1699 4363 facultatem
1731 4310 1912 4366 hostis
1938 4312 2210 4367 volentem
2250 4314 2324 4367 ir-

2426 1877 2719 1947 ἑθάρσησε.
2752 1874 2964 1946 Σπουδῇ
2997 1875 3104 1943 γὰρ
3128 1872 3324 1937 ζεύξας
3344 1872 3414 1925 τά
3436 1872 3657 1942 ἅρματα
3686 1868 3869 1928 αὑτοῦ.
3906 1870 4024 1923 χιιι

2429 1966 2571 2036 μετά
2594 1965 2795 2027 παντὸς
2818 1963 2911 2017 τοῦ
2946 1963 3074 2016 λαοῦ
3110 1964 3197 2015 ἐπ’
3224 1962 3422 2024 αὐτοὺς
3469 1960 3682 2013 ἀνελεῖν
3711 1960 3979 2028 ἠπείγετο
3997 1975 4020 1990 ·

2425 2059 2525 2128 ἤδη
2568 2058 2855 2127 μέλλοντος
2900 2053 3304 2126 ἀναμίγνυσθαι
3330 2053 3535 2115 αὐτοῖς,
3575 2052 3759 2104 ῐστατο
3800 2050 4021 2119 νεφέλη

2425 2148 2482 2201 ιν
2514 2147 2684 2217 μέσῳ,
2739 2149 2852 2210 τοῖς
2897 2146 2998 2217 μὶν
3030 2145 3395 2216 ἐμποδίζουσα
3439 2145 3532 2198 καὶ
3561 2143 4019 2206 ἐπισκοτίζουσα,

2424 2237 2553 2301 τοὺς
2578 2236 2636 2290 δδ
2663 2235 3076 2305 φωταγωγοῦσά
3121 2252 3184 2289 τε
3214 2235 3311 2288 καὶ
3359 2234 3723 2303 φυλάττουσα.
3763 2234 3871 2287 Καὶ
3914 2232 4024 2285 Eva.

2428 2328 2503 2397 μὴ
2535 2328 2635 2397 τὴν
2660 2327 2899 2397 ίστορίαν
2921 2326 3143 2380 ἃπασαν
3168 2324 3483 2390 ἀνελίττων,
3527 2316 3869 2394 μηκύνωτδν
3914 2322 4026 2375 λό-

2425 2433 2543 2484 γον,
2578 2416 2710 2470 λάϐε
2736 2434 2826 2487 μοι
2851 2417 2909 2470 ιν
2939 2418 3074 2471 πᾶσι
3097 2416 3197 2486 τὴν
3223 2415 3543 2487 παραϐολὴν
3568 2415 3703 2486 πρὸς
3728 2415 3797 2469 τά
3829 2431 4016 2467 πνευ-

2429 2510 2657 2577 ματικά.

2497 2596 2597 2654 IB'.
2635 2598 2806 2652 Ὅταν
2857 2596 2967 2668 γὰρ
2991 2598 3207 2669 πρῶτον
3255 2598 3289 2650 ἡ
3314 2596 3459 2668 ψυχὴ
3506 2598 3633 2660 τοὺς
3674 2595 4021 2665 Δίγυπτίους

2424 2690 2705 2761 ἀποφύγῃ,
2738 2688 3110 2757 προσελθοῦσα
3154 2687 3312 2760 ἡτοῦ
3367 2687 3503 2741 Θεοῦ
3538 2686 3766 2757 δύναμις
3816 2686 4021 2756 βοηθεῖ

2425 2776 2699 2847 ὀδηγοῦσα
2721 2776 2891 2847 αὐτὴν
2918 2777 3011 2831 tul
3046 2777 3145 2847 τὴν
3179 2770 3654 2848 ἀλήθειαν.Τνοὺς
3698 2776 3755 2829 δὲ
3776 2775 3806 2827 6
3833 2792 3973 2829 πνευ
3990 2805 4016 2816 ο

2429 2869 2653 2937 ματικὸς
2674 2866 2893 2939 Φαραὼ,
2922 2870 2951 2920 6
2976 2867 3228 2937 βασιλεὺς
3274 2867 3369 2920 τοῦ
3419 2868 3647 2927 σκότους
3679 2866 3779 2934 τῆς
3824 2866 4016 2934 ἀμαρο

2426 2961 2563 3024 τὶας,
2612 2961 2693 3012 ὅτι
2751 2959 3042 3028 ἀφίσταται
3082 2958 3307 3029 αὑτοῦὴ
3358 2958 3527 3028 ψυχὴ,
3561 2958 3655 3010 καὶ
3697 2955 4011 3023 ἀποφεύγει

2426 3054 2521 3121 τῆς
2557 3050 2830 3120 βασιλείας
2850 3049 3013 3102 αὐτοῦ
3045 3050 3172 3111 τοὺς
3208 3048 3503 3119 λογισμοὺς
3568 3047 3733 3100 πάλαι
3767 3062 4009 3115 κατεχο-

2428 3142 2653 3211 μένους·
2682 3140 2855 3195 ταῦτα
2908 3140 3016 3210 γάρ
3058 3139 3224 3193 αὑτοῦ
3260 3140 3330 3193 τά
3358 3140 3705 3208 ὑπάρχονταο
3753 3137 4005 3189 ὑπέλαϐε

2422 3234 2515 3283 καὶ
2544 3231 2771 3301 ἤλπισεν
2799 3229 2828 3280 6
2873 3228 3064 3292 δεινὸς,
3123 3228 3291 3281 πάλιν
3324 3228 3496 3296 αὐτὴν
3544 3225 3820 3279 επανιέναι
3857 3224 4006 3292 πρὸς

2424 3320 2605 3374 αὐτόν.
2640 3319 2841 3373 Μαθὼν
2868 3318 2944 3381 δὲ,
2977 3318 3058 3370 ὅτι
3094 3320 3409 3371 παντάπασι
3452 3317 3644 3384 φεύγει
3684 3314 3780 3385 τὴν
3820 3331 4004 3367 κατα-

2422 3410 2738 3463 δυναστείαν
2772 3408 2938 3460 αὐτοῦ
2969 3408 3002 3479 ἡ
3034 3407 3200 3478 ψυχὴ,
3253 3408 3350 3477 τῆς
3381 3408 3595 3475 σφαγῆς
3635 3406 3741 3460 τῶν
3788 3422 4009 3474 πρωτο-

2424 3501 2599 3553 τόκων
2632 3502 2725 3553 καὶ
2750 3500 2955 3569 κλοπῆς
2983 3500 3091 3552 τῶν
3116 3499 3391 3567 λογισμῶν
3412 3499 3790 3565 ἀναιδέστερον
3827 3513 4009 3564 προσο

2426 3590 2643 3662 έδραμε,
2699 3590 2957 3660 φοϐηθεὶς
3003 3591 3213 3660 μήποτε
3261 3590 3360 3659 τῆς
3409 3589 3589 3658 ψυχῆς
3648 3586 4004 3656 ἐκφυγούσης

2425 3679 2724 3743 παντελῶς,
2774 3678 2946 3742 οὐδεὶς
2995 3679 3216 3748 εὑρεθῇ,
3269 3679 3298 3730 6
3329 3678 3391 3730 τὸ
3437 3678 3650 3748 θέλημα
3692 3675 3854 3729 αὑτοῦ
3903 3678 4004 3730 καὶ

2424 3769 2485 3823 τὸ
2512 3768 2670 3842 Ιργον
2702 3768 3013 3839 ἐκπληρῶν.
3042 3767 3383 3822 Καταδιώκει
3416 3768 3586 3837 αὐτὴν
3631 3768 3719 3821 διά
3762 3767 4003 3835 θλίψεων

2426 3862 2521 3914 καὶ
2576 3860 2912 3930 πειρασμῶν,
2962 3860 3056 3912 καὶ
3100 3860 3355 3929 πολέμων
3400 3860 3673 3929 ἀοράτων.
3731 3858 4003 3913 Ἐνταῦθα

2425 3949 2799 4020 δοκιμάζεται,
2840 3949 3073 4003 ἐνταῦθα
3114 3950 3453 4020 πειράζεται,
3482 3950 3713 4003 ἐνταῦθα
3747 3951 4003 4018 φαίνεται

2427 4045 2461 4109 ἡ
2506 4042 2642 4111 πρὸς
2688 4044 2776 4095 τὸν
2820 4041 3081 4107 ἐξάγοντα
3132 4042 3301 4111 αὐτὴν
3352 4040 3413 4106 ἐξ
3462 4042 3739 4109 Δίγύπτου
3764 4044 3998 4113 ἀγάπη⁸

2427 4133 2774 4202 παραδίδοται
2802 4133 2910 4201 γάρ
2929 4132 3323 4201 δοκιμασθῆναι
3350 4132 3441 4184 καὶ
3462 4131 3827 4202 πειρασθῆναι
3861 4149 4000 4186 παν.

2426 4224 2696 4286 τοδαπῶς.

2499 4299 2598 4368 ίῐν.
2630 4314 2836 4386 Θεωρετ
2863 4314 2972 4385 γάρ
3003 4316 3104 4384 τὴν
3128 4315 3356 4384 δύναμιν
3384 4313 3477 4367 τοῦ
3508 4313 3705 4385 ἐχθροῦ
3735 4313 3998 4383 βουλομέ-

766 4414 925 4453 ruere
951 4406 1007 4453 et
1032 4396 1363 4463 interficere,
1388 4414 1489 4453 nec
1514 4407 1694 4454 tamen
1721 4415 1905 4469 posse;
1934 4402 2149 4457 medius
2171 4402 2317 4456 enim
2353 4415 2391 4470 ι)

2425 4421 2518 4472 νην
2560 4404 2831 4469 ἐπελθεῖν,
2861 4406 2955 4457 καὶ⁵
2984 4404 3304 4458 θανατῶσαι.
3343 4405 3437 4455 καὶ
3484 4405 3559 4473 μὴ
3605 4404 3997 4473 ἐξισχύουσαν·

765 4489 907 4541 inter
936 4502 1055 4541 eam
1085 4497 1139 4541 et
1172 4484 1455 4557 Egyptios
1486 4488 1713 4556 spiritus
1743 4489 1995 4544 consistit
2038 4491 2322 4546 Dominus.

764 4577 983 4646 Spectat
1022 4586 1203 4630 autem
1246 4579 1314 4631 ab
1358 4577 1604 4632 interiori
1634 4586 1786 4647 parte
1815 4593 1964 4633 mare
1997 4580 2322 4635 amaritudi-

763 4667 849 4719 nis
892 4674 948 4719 et
978 4664 1286 4719 aliiictionis
1314 4674 1410 4719 aut
1432 4665 1864 4735 desperationis;
1900 4677 1957 4722 et
2000 4683 2104 4723 nec
2132 4668 2187 4722 in
2224 4684 2323 4738 po-

763 4758 992 4811 steriora
1018 4756 1314 4825 quidquam
1355 4756 1568 4813 efﬁcere
1613 4767 1827 4828 potest;
1861 4759 2060 4828 quippe
2091 4775 2211 4830 quae
2243 4760 2325 4813 vi-

763 4848 890 4902 deat
943 4847 1095 4917 151
1152 4848 1337 4903 hostes
1395 4857 1706 4918 promptos;
1774 4864 1875 4904 nec
1932 4851 1987 4903 in
2047 4852 2325 4905 anteriora

764 4938 1051 5003 secedere;
1097 4947 1275 4992 metus
1316 4939 1463 4993 enim
1511 4940 1720 5004 mortis,
1752 4951 1807 4995 et
1837 4955 2029 5010 graves
2076 4956 2141 4995 ac
2164 4942 2327 4996 variae

2432 4494 2597 4561 μέσος
2623 4494 2731 4565 γάρ
2762 4496 2932 4564 αὐτῆς
2966 4496 3059 4547 καὶ⁵
3080 4496 3187 4547 τῶν
3202 4496 3512 4562 Αἰγυπτίων
3529 4494 3812 4563 πνεύματα
3840 4494 3998 4565 ιστη-

2428 4601 2521 4637 κεν
2552 4586 2773 4655 Κύριος.
2809 4586 3016 4656 Θεωρεί
3038 4585 3097 4637 δὲ
3136 4586 3230 4638 καὶ
3254 4585 3562 4654 ἔμπροσθεν
3593 4585 3867 4639 θάλασσαν
3902 4603 3997 4638 πι-

2428 4676 2587 4744 κρίας
2624 4678 2719 4729 καὶ
2756 4676 3005 4745 θλίψεως,
3037 4676 3072 4747 ἢ
3118 4675 3499 4743 ἀπογνώσεως,
3534 4677 3630 4728 κα)⁸
3658 4674 3779 4728 οὔτε
3813 4677 3892 4737 είς
3926 4678 3997 4729 τὰ

2426 4765 2603 4819 ὀπίσω
2634 4765 2831 4819 ἀνύσαι
2868 4766 3063 4835 ίσχύει,
3104 4766 3289 4836 δρῶσα
3317 4766 3564 4833 ἑτοίμους
3590 4768 3714 4828 τοὺς
3744 4766 3994 4835 ἐχθροὺς,

2425 4854 2546 4908 οὔτε
2577 4859 2655 4918 είς
2684 4856 2753 4909 τά
2786 4856 3092 4927 ἔμπροσθεν
3119 4860 3366 4927 χωρῆσαι
3388 4873 3401 4886 ⁸
3426 4857 3602 4909 δειλία
3621 4858 3730 4927 γὰρ
3758 4858 3995 4910 θανάτου

2426 4950 2519 4999 καὶ
2558 4946 2764 5015 θλίψεις
2791 4947 2959 5001 δειναὶ
2986 4949 3080 5001 καὶ
3123 4949 3366 5002 ποικίλαι
3415 4949 3785 5019 περιέχουσαι,
3832 4950 3999 5004 θάνα-

764 5028 1102 5093 alliietiones,
1136 5029 1338 5099 quibus
1363 5029 1755 5095 circumdatur,
1784 5040 2013 5086 mortem
2039 5033 2109 5087 ob
2138 5034 2327 5089 oculos

2425 5053 2512 5090 τον
2535 5040 2665 5108 ὁρᾷν
2682 5036 2944 5091 ποιοῦσιν.
2969 5040 3283 5091 Ἀπευδοκεί
3304 5035 3397 5092 οὖν
3416 5040 3616 5109 ἑαυτὴν
3630 5041 3690 5093 τὸ
3705 5041 3999 5111 ἀπόκριμα

763 5119 811 5171 ei
860 5127 1089 5187 ponunt.
1148 5119 1410 5187 Desperat
1471 5135 1600 5189 ergo
1642 5121 1709 5174 de
1765 5135 1823 5174 se
1887 5122 2043 5189 ipsa,
2103 5135 2325 5177 senten-

766 5209 893 5261 tiam
926 5210 1117 5263 mortis
1148 5210 1203 5263 in
1242 5224 1300 5263 se
1336 5209 1561 5274 habens,
1593 5212 1796 5274 anima,
1830 5221 2050 5280 propter
2083 5214 2323 5267 circum-

763 5297 997 5351 dantem'
1026 5299 1169 5352 illam
1201 5302 1467 5354 malorum
1506 5302 1934 5357 multitudinem.
1968 5304 2035 5358 Et
2068 5306 2159 5359 ubi
2190 5321 2321 5359 eon-

765 5390 999 5457 spexerit
1031 5388 1170 5444 Deus
1191 5399 1338 5444 metu
1368 5392 1555 5446 mortis
1581 5394 1776 5448 collabi
1800 5396 2059 5459 animam,
2087 5398 2324 5452 hostem-

767 5493 870 5544 que
917 5479 981 5532 ad
1038 5496 1159 5534 eam
1210 5481 1604 5537 absorbcndam
1660 5487 2158 5555 promptissimum,
2211 5500 2323 5542 tum

836 5662 854 5689 ⁵
888 5660 1056 5713 Exod.
1096 5680 1197 5725 ψ,
1230 5664 1309 5724 I9.
1341 5665 1429 5718 ‘20.

2422 5127 2515 5180 τοῦ
2540 5129 2771 5182 θανάτου
2808 5131 2863 5182 ὲν
2892 5131 3055 5199 ἑαυτῇ
3080 5130 3279 5200 ἔχουσα
3309 5133 3342 5200 ἡ
3379 5131 3548 5202 ψυχὴ,
3601 5132 3689 5185 διὰ
3724 5132 3815 5185 τὸν
3838 5151 3999 5203 περι-

2428 5220 2777 5273 κυκλώσαντα
2795 5222 2964 5287 αὐτὴν
2978 5222 3086 5274 τῶν
3126 5223 3375 5293 πονηρῶν
3401 5225 3589 5292 ἑσμόν.
3614 5224 3723 5278 Καὶ
3778 5226 3999 5277 ἐπειδὰν

2431 5310 2518 5383 ῐδῃ
2548 5313 2575 5364 6
2608 5311 2741 5376 Θεὸς
2778 5314 2949 5385 δειλίᾳ
2974 5314 3207 5368 θανάτου
3232 5316 3636 5387 περιπεσοῦσαν
3664 5316 3763 5388 τὴν
3788 5316 3995 5387 ψυχήνο

2432 5403 2524 5454 καὶ
2580 5402 2670 5455 τὸν
2708 5402 2897 5473 ἐχθρὸν
2942 5408 3231 5458 καταπιεῖν
3281 5405 3450 5476 αὐτὴν
3494 5408 3724 5477 ἑτοίμως
3780 5408 3996 5477 ἔχοντα,

2432 5490 2552 5544 τότε
2606 5493 2661 5544 δὲ
2706 5494 2886 5547 δίδωσι
2938 5496 3140 5565 μικρὰν
3180 5496 3448 5565 βοήθειαν,
3502 5496 3869 5568 μακροθυμῶν
3906 5501 4000 5552 ἐπὶ
