4254 6358
254 389 380 454 805

1438 396 1803 455 llOMILl/E.
1830 418 1900 428 -·
1926 395 2112 453 HUM.
2154 394 2386 453 XLVII.

3414 409 3524 472 806

254 506 372 573 τὴν
410 501 613 573 ψυχὴν,
642 503 737 557 καὶ
758 502 1067 572 δοκιμάζων
1097 505 1281 568 αὑτὸν,
1307 503 1355 558 ει
1384 509 1451 577 τῇ
1476 508 1658 560 πίστει
1684 507 1843 575 ἕστη-
1874 511 1915 566 Α

1836 537 1843 547 -
1874 511 1915 566 Α
1949 504 2151 572 praebet
2180 504 2403 574 quidem
2432 502 2690 573 exiguum
2716 504 3002 569 auxilium,
3036 503 3369 575 longanimis
3390 522 3516 578 erga

254 614 387 660 κεν,
420 598 469 648 εἰ
504 597 605 665 τὴν
645 596 866 664 ἀγάπην
910 598 1009 665 τὴν
1038 597 1174 666 πρὸς
1207 598 1371 652 αὐτὸν
1402 600 1538 669 ἔχει.
1575 601 1845 671 Τοιαύτην

253 689 374 755 γὰρ
420 689 449 739 ό
482 688 615 749 Θεὸς
663 688 814 741 ἔθετο
842 688 941 757 τὴν
977 688 1113 751 ὁδὸν,
1137 689 1236 759 τὴν
1265 690 1581 757 άπάγουσαν
1619 694 1700 752 είς
1746 692 1845 759 τὴν

255 779 419 845 ζωὴν
444 780 583 847 μετὰ
610 778 843 847 θλίψεως
876 775 1014 832 εἶναι
1041 781 1135 832 καὶ
1170 781 1551 851 στενοχωρίας,
1587 782 1679 834 καὶ
1708 782 1845 835 δοκι-

257 870 475 938 μασίας
528 870 750 939 πολλῆς,
802 872 895 924 καὶ
959 871 1278 942 πειρασμῶν
1332 874 1696 942 πικροτάτων.
1757 874 1845 928 ἵνα

253 957 521 1011 ἐντεῦθεν
565 962 880 1030 καταντήσῃ
932 961 1118 1014 λοιπὸν
1158 963 1192 1031 ἡ
1222 961 1369 1031 ψυχὴ
1400 962 1488 1016 διὰ
1532 963 1629 1032 τὴν
1671 964 1843 1035 ὑπερ-

257 1047 575 1113 ϐάλλουσαν
620 1048 799 1119 θλίψιν
829 1052 1043 1104 καὶτὸν
1092 1053 1222 1123 παρ’
1270 1053 1565 1121 ὀφθαλμοῖς
1594 1055 1842 1111 θάνατον.

257 1137 652 1204 Τοτηνικαῦτα
708 1138 854 1208 χειρὶ
877 1140 1114 1211 κραταιᾷ
1146 1140 1240 1193 καὶ
1269 1140 1458 1211 ὑψηλῷ
1490 1142 1735 1213 βραχίονι
1759 1144 1846 1197 διὰ

255 1228 360 1283 τοῦ
418 1230 575 1297 ἁγίου
613 1232 929 1300 Πνεύματος
966 1234 1066 1302 τῆς
1115 1234 1469 1303 ἐπιλάμψεως
1521 1237 1712 1307 ρήσσει
1746 1237 1846 1309 τὴν

256 1318 499 1388 δύναμιν
554 1319 647 1372 τοῦ
690 1321 936 1384 σκότους,
994 1323 1091 1375 καὶ
1126 1322 1402 1393 διέρχεται
1451 1326 1482 1394 ή
1526 1326 1676 1397 ψυχὴ
1719 1328 1845 1391 τοὺς

259 1408 538 1478 φοϐεροὺς
567 1412 766 1473 τόπους
805 1411 1144 1480 ἐκφυγοῦσα,
1183 1415 1277 1467 καὶ
1326 1416 1708 1484 διαπεράσασα
1745 1419 1845 1489 τὴν

262 1499 553 1554 θάλασσαν
574 1502 669 1554 τοῦ
703 1503 955 1567 σκότους,
978 1506 1070 1559 καὶ
1099 1505 1192 1558 τοῦ
1220 1510 1520 1577 παμφάγου
1552 1512 1743 1582 πυρός.

336 1592 438 1643 lA’.
466 1591 648 1645 Ταῦτα
672 1594 944 1663 μυστήριά
962 1596 1078 1647 ἐστι
1096 1596 1275 1665 ψυχῆς
1302 1597 1515 1667 άληθῶς
1548 1599 1846 1670 γιγνόμενα

262 1684 326 1735 ιν
348 1683 621 1752 ἀνθρώπῳ
642 1684 998 1747 σπουδάζοντι
1026 1686 1204 1739 ἐλθεῖν
1227 1689 1367 1759 πρὸς
1388 1691 1487 1761 τὴν
1513 1693 1846 1761 ἐπαγγελίαν

260 1775 369 1843 τῆς
397 1774 567 1842 ζωῆς,
596 1776 691 1827 καὶ
719 1775 1067 1846 λυτρουμένῳ
1092 1780 1156 1830 ὲκ
1182 1779 1284 1849 τῆς
1315 1782 1593 1849 βασιλείας
1621 1784 1714 1837 τοῦ
1750 1786 1845 1838 θα-

262 1865 451 1930 νάτου,
484 1866 578 1917 καὶ
620 1866 948 1933 λαμϐάνοντι
996 1869 1294 1939 ἀρραϐῶνα
1343 1875 1494 1943 παρᾶ
1540 1874 1697 1941 Θεοῦ,
1749 1875 1844 1928 καὶ

264 1954 553 2022 μετέχοντι
585 1954 901 2025 Πνεύματος
957 1959 1136 2025 ἁγίου.
1170 1956 1300 2013 Εἶτα
1331 1963 1587 2031 ῥωσθεῖσα
1630 1967 1663 2035 ή
1695 1965 1842 2035 ψυχή

263 2047 332 2096 ἑκ
361 2044 470 2098 τῶν
500 2045 710 2115 ἐχθρῶν
738 2048 927 2116 αὐτῆς,
955 2050 1053 2102 κα)⁵
1108 2048 1206 2121 τὴν
1235 2051 1438 2122 πικρὰν
1475 2051 1751 2108 Θάλασσαν
1776 2059 1841 2125 τῇ

260 2134 494 2204 δύναμει
536 2136 629 2189 τοῦ
661 2138 795 2190 Θεοῦ
824 2139 1126 2205 διελθοῦσα,
1180 2146 1275 2194 καὶ
1305 2143 1486 2212 ὁρῶσα
1518 2146 1643 2208 τοὺς
1686 2147 1843 2200 πολε-

266 2225 430 2295 μίους
455 2228 855 2299 ἀπολλυμένους
882 2232 989 2302 πρὸ
1006 2234 1321 2304 ὀφθαλμῶν,
1343 2229 1425 2295 οἷς
1450 2237 1511 2289 τὸ
1539 2239 1669 2309 πρὶν
1695 2239 1844 2292 ἐδού-

262 2316 444 2383 λευεν,
466 2319 787 2387 άγαλλιᾶται
818 2324 965 2394 χαρᾷ
993 2325 1365 2397 ἀνεκλαλήτῳ,
1390 2328 1486 2381 καὶ
1514 2328 1842 2401 δεδοξασμέ-

263 2420 357 2474 νη,
391 2409 856 2481 παρακαλουμένη
892 2412 997 2464 ὑπὸ
1020 2412 1113 2465 τοῦ
1151 2414 1307 2479 Θεοῦ,
1340 2417 1434 2470 καὶ
1455 2418 1841 2491 ἀναπαυομένη

264 2495 325 2546 ὲν
354 2496 562 2567 Κυρίῳ.
600 2499 733 2551 Τότε
764 2501 825 2552 τὺ
847 2503 1063 2571 πνεῦμα
1099 2506 1237 2575 ὅπερ
1271 2506 1453 2571 ἔλασε,
1484 2510 1669 2562 καινὸν
1692 2507 1845 2582 ᾆσμα

264 2585 345 2654 τῷ
384 2586 504 2656 Θεῷ
534 2588 667 2658 ᾄδει,
694 2590 781 2643 διὰ
808 2592 902 2643 τοῦ
926 2596 1230 2663 τυμπάνου,
1258 2598 1428 2667 ήγουν
1445 2599 1541 2653 τοῦ
1568 2600 1841 2671 σώματος,

266 2678 365 2730 καὶ
396 2679 506 2730 τῶν
530 2680 629 2746 τῆς
680 2681 931 2751 κιθάρας,
965 2685 1087 2755 ἦτοι
1140 2688 1336 2757 ψυχῆς,
1372 2689 1605 2757 λογικῶν
1637 2695 1843 2764 χορδῶν

265 2767 362 2819 καὶ
424 2768 769 2822 λεπτοτάτων
802 2771 1103 2842 λογισμῶν,
1156 2778 1249 2828 καὶ
1280 2777 1372 2830 τοῦ
1429 2779 1706 2850 πλήκτρου
1744 2786 1844 2854 τῆς

267 2856 421 2919 θείας
449 2857 690 2928 χάριτος,
749 2862 844 2913 καὶ
888 2863 1203 2935 ἀναπέμπει
1242 2868 1428 2930 αίνους
1469 2870 1547 2940 τῷ
1592 2870 1842 2945 ζωοποιῷ

265 2950 511 3020 Χριστῷ.
549 2951 637 3014 Ὦς
670 2954 779 3023 γάρ
807 2954 896 3007 διά
925 2954 1020 3007 τοῦ
1054 2957 1218 3010 αὐλοῦ
1241 2958 1302 3012 τὸ
1324 2962 1543 3031 πνεῦμα
1566 2963 1844 3035 διερχόμε-

266 3055 356 3089 νον
377 3038 551 3102 λαλεῖ,
578 3040 719 3093 οὕτω
763 3042 850 3095 διὰ
878 3043 986 3097 τῶν
1020 3045 1190 3112 ἁγίων
1232 3048 1326 3100 καὶ
1380 3054 1841 3123 πνευματοφόρων

1946 596 2205 660 animam,
2253 604 2307 650 et
2356 596 2596 665 probans
2641 612 2783 660 eam,
2834 611 2904 651 an
2947 597 3002 650 in
3054 597 3159 652 ﬁde
3192 607 3319 663 stet,
3350 609 3408 653 et
3451 616 3520 655 an

1947 687 2295 742 dilectionem
2337 702 2467 757 erga
2514 703 2642 742 eum
2690 688 2910 743 habeat.
2961 688 3149 743 Talem
3186 691 3333 743 enim
3376 692 3523 745 Deus

1946 779 2236 833 constituit
2280 779 2449 844 viam,
2496 779 2860 836 deducentem
2904 780 2971 836 ad
3005 780 3196 847 vitam,
3235 780 3431 850 degere
3466 781 3523 837 in

1946 868 2259 934 aﬁlictione,
2294 870 2349 923 in
2382 871 2653 941 angustia,
2690 871 2760 939 in,
2786 872 3107 941 probatione
3154 872 3346 937 multa,
3380 882 3437 927 et
3466 872 3523 927 iu

1949 959 2344 1014 tentationibus
2372 961 2761 1026 acerbissimis,
2796 973 2855 1015 ut
2885 962 3012 1017 inde
3046 972 3233 1033 postea
3266 972 3521 1018 occurrat

1946 1051 2127 1106 anima
2155 1066 2254 1121 per
2298 1054 2573 1123 ingentem
2610 1052 2980 1118 aﬁlictionem,
3014 1062 3069 1108 et
3113 1063 3345 1110 mortem
3395 1065 3522 1110 ante

1946 1142 2137 1196 oculos
2183 1142 2414 1211 positam
2444 1160 2457 1196 :
2482 1154 2613 1198 tunc
2643 1159 2808 1198 manu
2837 1144 3017 1199 valida
3050 1156 3103 1201 et
3132 1148 3350 1202 excelso
3394 1147 3522 1203 bra-

1946 1232 2074 1288 chio
2127 1234 2300 1288 sancti
2354 1234 2591 1304 Spiritus
2642 1237 3041 1292 illuminatione
3094 1238 3358 1308 dirumpit
3410 1242 3523 1295 vim

1949 1324 2320 1389 tenebrarum,
2345 1333 2401 1378 et
2423 1326 2618 1380 transit
2646 1328 2825 1380 anima
2849 1328 3123 1383 horrenda
3148 1330 3266 1384 loca
3286 1331 3520 1397 evitans,

1947 1425 2111 1487 atque
2143 1418 2425 1489 trajiciens
2465 1433 2616 1474 mare
2660 1421 3008 1475 tenebrarum
3053 1430 3109 1476 et
3155 1423 3296 1493 ignis
3338 1423 3523 1478 omnia

1947 1506 2281 1565 devorantis.

2018 1598 2157 1656 XIV.
2190 1602 2316 1657 Hec
2360 1613 2487 1658 sunt
2518 1604 2778 1675 mysteria
2818 1603 3039 1667 animae,
3070 1619 3193 1674 quae
3224 1619 3354 1660 vere
3384 1606 3523 1660 ﬁunt

1947 1690 2004 1743 in
2040 1692 2282 1758 homine,
2315 1694 2410 1762 qui
2441 1696 2723 1750 contendit
2763 1697 3051 1765 pervenire
3092 1696 3161 1750 ad
3193 1696 3521 1765 promissam

1947 1782 2147 1850 vitam,
2198 1794 2253 1839 et
2302 1785 2397 1855 qui
2443 1786 2709 1843 liberatus
2756 1802 2787 1841 e
2837 1804 3006 1858 regno
3052 1790 3279 1853 mortis,
3324 1789 3523 1857 accipit

1948 1874 2311 1931 arrhabonem
2338 1892 2369 1931 a
2393 1877 2529 1942 Deo,
2556 1879 2826 1948 particeps
2858 1879 3095 1949 Spiritus
3118 1879 3291 1933 sancti
3321 1879 3519 1934 factus.

1945 1964 2216 2035 Deinceps
2257 1967 2489 2022 liberata
2521 1968 2590 2023 ab
2635 1969 2885 2023 hostibus
2932 1970 3048 2024 suis
3090 1970 3292 2037 anima,
3322 1972 3521 2026 acerbo

1946 2058 2083 2111 mari
2117 2058 2322 2114 virtute
2349 2059 2537 2115 divina
2574 2062 2820 2131 traiecto,
2870 2062 2963 2115 ubi
3008 2064 3278 2132 conspicit
3312 2064 3519 2129 hostes,

1943 2147 2148 2217 quibus
2191 2156 2349 2203 antea
2398 2150 2768 2215 inserviebat,
2814 2160 2941 2205 ante
2976 2154 3163 2207 oculos
3202 2155 3518 2219 interiisse,

1943 2238 2179 2303 exsultat
2211 2240 2411 2310 gaudio
2448 2240 2735 2308 ineﬁ‘abili,
2776 2251 2833 2298 et
2858 2243 3158 2314 gloriﬁcata
3190 2247 3522 2301 consolatio-

1944 2345 2069 2385 nem
2106 2346 2135 2386 a
2181 2332 2293 2387 Deo
2340 2333 2560 2403 accipit,
2592 2342 2650 2389 et
2685 2335 2738 2389 in
2767 2334 2999 2390 Domino
3030 2338 3345 2407 requiescit.
3380 2339 3520 2395 Tum

1946 2421 2200 2492 Spiritus,
2236 2438 2400 2493 quem
2427 2428 2658 2495 accepit,
2685 2428 2798 2483 Deo
2821 2430 3095 2483 canticum
3121 2431 3269 2486 canit
3292 2447 3517 2496 novum,

1945 2523 2224 2585 tympano,
2270 2533 2467 2588 nempe
2497 2520 2765 2590 corporis,
2795 2531 2852 2576 et
2894 2522 3138 2588 citharae,
3172 2526 3287 2581 sive
3326 2527 3523 2583 anima:

1943 2608 2165 2663 chordis
2213 2609 2607 2676 rationalibus,
2646 2628 2710 2667 ac
2754 2614 3128 2671 subtilissimis
3173 2618 3520 2688 cogitationi-

1943 2697 2070 2763 bus,
2107 2707 2165 2753 et
2208 2701 2419 2769 plectro
2446 2702 2647 2757 divinat
2673 2706 2888 2774 gratiae;
2924 2706 3198 2777 mittitque
3224 2709 3415 2763 laudes
3451 2710 3519 2763 ad

1941 2786 2222 2844 Christum
2239 2791 2535 2847 viviﬁcum.
2555 2792 3024 2860 Quemadmodum
3040 2798 3186 2852 enim
3210 2815 3307 2868 per
3330 2800 3520 2854 tibiam

1943 2880 2169 2949 spiritus
2198 2884 2491 2947 transiens,
2541 2900 2736 2939 sonum
2781 2887 2933 2952 edit,
2979 2890 3059 2944 ita
3092 2905 3190 2959 per
3220 2901 3438 2946 sanctos
3466 2901 3522 2947 ct

1941 2971 2139 3039 spiritu
2173 2974 2432 3041 praeditos
2466 2975 2715 3031 homines
2756 2976 2995 3047 Spiritus
3044 2989 3267 3036 sanctus
3317 2983 3517 3051 psallit,

1943 3070 1999 3115 et
2028 3072 2283 3130 precatur
2314 3065 2484 3119 Deum
2514 3067 2569 3120 in
2601 3068 2839 3136 puritate
2889 3072 3091 3125 cordis.
3128 3072 3310 3127 Gloria
3338 3075 3404 3127 sit
3450 3077 3516 3138 ei,

265 3127 571 3198 ἀνθρώπων
623 3131 684 3184 τὸ
735 3132 961 3203 Πνεῦμα
992 3137 1052 3187 τὸ
1102 3136 1257 3204 άγιόν
1306 3141 1453 3193 ἐστιν
1487 3142 1711 3211 ὑμνοῦν,
1743 3147 1837 3199 καὶ
1865 3163 1908 3221 c
1941 3180 1945 3202 4

1865 3163 1908 3221 c
1941 3154 2031 3222 qui
2058 3155 2277 3209 redemit
2304 3158 2537 3210 animam
2561 3174 2588 3210 e
2620 3162 2867 3215 seruitute
2890 3162 3211 3228 Pharaonis,
3240 3165 3517 3218 thronum-

264 3219 487 3287 ψάλλον,
516 3222 610 3275 καὶ
630 3226 1067 3294 προσευχόμενον
1112 3230 1189 3299 τῷ
1219 3230 1336 3299 Θεῷ
1366 3234 1422 3283 ὲν
1449 3232 1663 3303 καθαρᾶ
1705 3253 1842 3306 καρ-

265 3309 374 3379 δίᾳ.
411 3312 566 3376 Δόξα
600 3312 681 3378 τῷ
702 3316 1025 3385 ῥυσαμένῳ
1057 3318 1171 3386 τὴν
1217 3324 1429 3389 ψυχὴν
1467 3323 1536 3377 ἐκ
1569 3325 1679 3393 τῆς
1706 3326 1842 3381 δου-

266 3402 438 3467 λείας
466 3404 693 3471 Φαραὼ,
712 3406 1039 3473 καὶθρόνον
1065 3409 1221 3463 ιδιον
1248 3411 1713 3481 καταστήσαντι,
1742 3417 1842 3471 καὶ

1944 3258 2042 3311 que
2075 3262 2229 3299 suum
2259 3262 2378 3300 eam
2420 3251 2719 3316 constituit,
2768 3253 3122 3319 domicilium,
3171 3256 3424 3325 templum
3468 3266 3520 3309 et

1942 3349 2188 3400 sponsam
2234 3355 2455 3407 puram;
2502 3348 2661 3411 atque
2704 3344 2998 3398 introduxit
3043 3361 3159 3398 eam
3206 3348 3262 3400 in
3297 3364 3518 3416 regnum

1944 3424 2062 3478 vita:
2091 3435 2323 3491 externae,
2347 3428 2428 3481 vel
2459 3431 2627 3483 adhuc
2665 3433 2719 3485 in
2753 3434 2847 3486 hoc
2873 3434 3065 3489 sarculo
3093 3438 3443 3493 easistentem.

269 3490 585 3595 οἷκονηιαὶ
623 3496 795 3594 ναὸν,
846 3497 945 3551 καὶ
974 3500 1219 3567 νύμφην
1261 3506 1547 3571 καθαρὰν,
1593 3508 1691 3561 καὶ
1752 3513 2132 3583 εἰσαγαγόντι
2173 3490 2368 3585 αὐτὴν
2383 3522 2469 3585 εὶς
2520 3522 2848 3584 ,ϐασιλείαν
2908 3524 3057 3595 ζωῆς
3126 3490 3519 3594 αίωνίου,δτι

268 3583 468 3641 οὖσαν
498 3586 569 3638 ὲν
593 3584 675 3650 τῷ
709 3591 912 3656 κόσμῳ
933 3592 1139 3652 τούτῳ.

341 3678 442 3730 ΙΕ¹.
485 3678 572 3729 Ἐν
606 3678 685 3747 τῷ
742 3680 889 3749 νόμῳ
943 3680 1058 3743 ζῶα
1096 3682 1270 3750 ἄλογα
1318 3686 1715 3754 προσεφέροντο
1759 3691 1840 3755 είς

268 3769 483 3832 θυσίαν,
516 3772 608 3822 καὶ
654 3772 703 3821 εί
758 3770 833 3841 μὴ
882 3771 1198 3840 ὲσφάζοντο,
1242 3776 1339 3828 οὐκ
1372 3772 1511 3847 ἦσαν
1542 3779 1728 3833 δεκταὶ
1782 3785 1840 3837 αἱ

269 3862 575 3930 προσφοραί
596 3877 609 3892 ⁸
645 3862 742 3914 καὶ
767 3861 862 3914 νῦν
892 3864 987 3917 ἐὰν
1020 3865 1095 3935 μὴ
1139 3869 1318 3937 σφαγῇ
1368 3870 1401 3935 ή
1446 3870 1709 3939 ἁμαρτία,
1739 3876 1839 3927 οὐκ

268 3952 385 4003 ἔστι
407 3952 569 4022 δεκτὴ
598 3955 631 4023 ή
665 3956 951 4023 προσφορὰ
1000 3956 1076 4026 τῷ
1099 3957 1217 4028 Θεῷ
1241 3960 1332 4013 καὶ
1352 3960 1605 4030 ἀληθινή.
1638 3959 1839 4017 Ἦλθεν

268 4045 296 4095 ὁ
324 4042 450 4105 λαὸς
475 4046 554 4105 εἰς
585 4045 795 4115 Μερὰν,
820 4046 951 4098 ὅπου
984 4041 1052 4116 ἦν
1086 4049 1237 4118 πηγὴ
1291 4052 1489 4120 πικρὸν
1534 4052 1679 4125 ὕδωρ
1706 4056 1839 4124 βρύ-

268 4150 421 4194 ουσα,
460 4136 551 4186 καὶ
576 4134 846 4206 ἄχρηστον
867 4137 1001 4205 πρὸς
1024 4139 1201 4192 πόσιν.
1247 4142 1474 4197 Κελεύει
1498 4141 1593 4198 οὖν
1638 4150 1664 4199 ὁ
1709 4148 1838 4210 Θεὸς

267 4221 469 4273 Μωσέα
490 4223 873 4293 ἀποκνήσαντα
891 4224 1044 4290 ξύλον
1072 4227 1225 4298 ῥίψαι
1255 4232 1335 4294 είς
1367 4230 1428 4284 τὸ
1458 4234 1652 4304 πικρὸν
1672 4234 1834 4305 ὕδωρ,

2014 3693 2129 3749 XV.
2164 3696 2221 3750 ln
2244 3697 2361 3767 lege
2391 3698 2648 3755 animalia
2677 3703 2889 3757 ratione
2917 3703 3177 3763 destituta
3208 3711 3517 3771 oﬁ‘ereban-

1946 3794 2035 3837 tur
2057 3786 2111 3838 in
2129 3787 2480 3853 sacriﬁcium,
2500 3806 2642 3859 quat,
2665 3792 2772 3847 nisi
2798 3804 3190 3862 mactarentur,
3220 3816 3331 3856 non
3356 3815 3517 3862 erant

1944 3884 2107 3945 gratae
2133 3877 2458 3934 oblationes.
2498 3881 2653 3936 Nunc
2682 3899 2900 3953 quoque
2934 3889 3039 3942 nisi
3079 3900 3351 3947 mactetur
3384 3912 3516 3965 pec-

1944 3976 2148 4032 catum,
2193 3984 2303 4023 non
2348 3979 2435 4025 est
2465 3980 2616 4042 grata
2644 3974 2848 4029 oblatio
2874 3978 3018 4046 apud
3050 3980 3242 4048 Deum,
3273 3993 3331 4039 et
3361 4002 3513 4043 vera.

1944 4057 2101 4112 Venit
2134 4060 2367 4128 populus
2396 4060 2451 4115 in
2499 4062 2683 4116 Maran
2716 4066 2759 4130 ',
2796 4067 2888 4120 ubi
2933 4080 3053 4123 erat
3098 4070 3242 4135 fons,
3274 4090 3513 4132 amaram

1937 4161 2135 4216 aquam
2177 4164 2207 4203 e
2240 4151 2571 4221 scaturigine
2598 4155 2842 4221 mittens,
2877 4174 3107 4229 eamque
3154 4165 3403 4221 inutilem
3446 4172 3514 4224 ad

1938 4237 2255 4292 bibendum.
2277 4240 2441 4295 Jubet
2466 4258 2598 4311 ergo
2622 4244 2769 4299 Deus
2796 4247 2981 4303 Mosen
3012 4262 3162 4307 metu
3202 4269 3514 4327 correptum

268 4313 366 4363 καὶ
409 4312 771 4382 ἐμϐληθέντος
814 4314 985 4380 οὕτως
1049 4318 1141 4370 τοῦ
1197 4320 1379 4385 ξύλου,
1437 4325 1741 4397 ὲγλυκάνθη
1774 4328 1837 4379 τὸ
1936 4328 1948 4381 1

1836 4362 1837 4365 η
1936 4328 2142 4397 lignum
2171 4330 2438 4399 projicere
2471 4331 2525 4385 in
2561 4348 2760 4401 aquam
2791 4351 3062 4405 amaram;
3094 4342 3198 4397 hoc
3241 4312 3402 4413 pacto
3430 4349 3516 4402 in-

269 4398 412 4469 ῦδωρ
432 4415 445 4428 ’
478 4402 571 4452 καὶ
607 4403 942 4472 μεταδληθὲν
978 4407 1041 4457 ἐκ
1062 4407 1163 4476 τῆς
1187 4410 1541 4480 πικρότητος,
1569 4415 1836 4484 χρήσιμον
1868 4490 1898 4496 Δ
1930 4417 1949 4484 j

1835 4437 1836 4448 ι
1868 4490 1898 4496 Δ
1930 4417 2079 4484 jeclo
2105 4417 2251 4487 ligno
2294 4419 2471 4475 dulcis
2500 4398 2696 4478 eﬁecta
2727 4438 2812 4481 est
2850 4443 3014 4496 aqua,
3042 4398 3100 4486 et
3127 4398 3332 4490 mutata
3361 4452 3515 4493 ama-

268 4490 360 4543 καὶ
414 4491 639 4559 πότιμον
694 4495 909 4559 ἐγένετο
932 4494 1010 4565 τῷ
1039 4496 1152 4567 λαῷ
1204 4498 1299 4551 τοῦ
1344 4499 1499 4557 Θεοῦ.
1538 4503 1640 4555 Τὸν
1674 4503 1835 4555 αὑτὸν
1868 4490 1911 4544 D
1942 4526 1948 4560 ι

1828 4522 1835 4549 ν
1868 4490 1911 4544 Ῐ)
1942 4509 2201 4576 ritudine,
2236 4512 2387 4567 utilis
2419 4521 2475 4566 et
2507 4514 2763 4582 potabilis
2795 4490 3009 4575 reddita
3042 4531 3125 4576 est
3154 4527 3361 4594 populo

266 4580 465 4648 τρόπον
495 4581 590 4632 καὶ
618 4583 650 4651 ή
679 4582 823 4653 ψυχὴ
875 4585 1207 4655 πεπίκραται
1262 4588 1529 4642 ἐκπιοῦσα
1558 4592 1656 4642 τὸν
1691 4588 1831 4643 οἶνον
1939 4604 1946 4654 1

1826 4609 1831 4636 ν
1939 4601 2141 4657 Eodem
2176 4603 2337 4657 modo
2365 4580 2583 4673 quoq-ue
2621 4606 2824 4671 anima,
2856 4619 3021 4678 epoto
3051 4580 3179 4669 vino
3213 4580 3506 4687 serpentis,

267 4669 358 4722 τοῦ
388 4670 584 4739 ὄφεως,
632 4674 725 4726 καὶ
765 4675 1090 4741 ὁμοιωθεῖσα
1118 4680 1185 4747 τῇ
1225 4679 1397 4749 πικρᾷ
1438 4681 1603 4733 αὑτοῦ
1653 4682 1832 4750 φύσει,
1940 4712 1947 4747 ε

1831 4730 1832 4738 η
1940 4695 2357 4750 amaritudinem
2381 4699 2671 4762 contraxit,
2704 4700 2954 4772 factaque
2975 4712 3060 4758 est
3084 4706 3280 4762 similis
3306 4669 3511 4766 amarae

269 4760 363 4812 καὶ
416 4761 734 4832 ἁμαρτωλὸς
786 4766 1071 4837 γενομένη.
1127 4768 1217 4820 Διὸ
1249 4768 1507 4838 ὲμὸάλλει
1556 4772 1740 4835 όΘεὸς
1776 4773 1835 4826 τὸ
1939 4804 1949 4837 ε

1830 4797 1835 4822 ι
1939 4786 2059 4855 ejus
2102 4795 2333 4850 naturae,
2375 4803 2439 4843 ac
2484 4790 2762 4859 peccatrix
2802 4760 2994 4847 evasit.
3025 4794 3369 4868 Quapropter
3408 4800 3510 4854 im-

268 4851 421 4916 ξύλον
436 4854 531 4923 τῆς
555 4853 699 4923 ζωῆς
733 4858 809 4919 είς
835 4858 1005 4926 αὐτὴν
1040 4860 1136 4929 τήν
1161 4861 1366 4931 πικρὰν
1388 4862 1570 4931 πηγήν
1589 4865 1685 4933 τῆς
1700 4882 1834 4935 καρ-

268 4942 406 5004 δίας,
443 4943 535 4995 καὶ
570 4944 919 5011 γλυκαίνεται
976 4952 1039 5000 ὲκ
1068 4950 1165 5019 τῆς
1194 4952 1521 5022 πικρότητος
1564 4955 1831 5021 μεταϐαλ-

267 5032 487 5102 λομένη,
502 5037 594 5087 καὶ
618 5039 1033 5111 συγκιρνωμένη
1052 5042 1127 5110 τῷ
1145 5042 1419 5111 Πνεῦματι
1443 5043 1536 5097 τοῦ
1557 5046 1793 5115 Χριστοῦ
1811 5062 1825 5076 ⁸

268 5127 357 5179 καὶ
376 5124 548 5186 οὕτως
597 5126 896 5199 εὔχρηστος
949 5132 1236 5204 γενομένη,
1295 5136 1373 5195 είς
1412 5136 1686 5190 διακονίαν
1736 5138 1828 5191 τοῦ

268 5222 532 5272 Δεσπότου
560 5223 728 5291 αὐτῆς
746 5228 1023 5295 προχωρεῖ
1041 5241 1052 5254 ⁸
1080 5228 1289 5294 γίνεται
1317 5229 1424 5300 γὰρ
1446 5230 1662 5301 πνεῦμα
1695 5250 1828 5301 σαρ-

269 5311 517 5380 κοφόρον.
561 5314 696 5378 Δόξα
716 5314 792 5384 τῷ
817 5316 1203 5384 μεταϐάλλοντι
1228 5320 1328 5387 τὴν
1346 5322 1647 5391 πικρότητα
1675 5326 1705 5391 ή
1715 5326 1829 5391 μῶν

268 5403 343 5464 εἰς
366 5401 466 5471 τήν
515 5403 753 5472 ήδύτητα
813 5406 907 5458 καὶ
969 5409 1311 5480 χρηστότητα
1362 5411 1452 5464 τοῦ
1496 5413 1825 5485 [ινεύματος.

270 5493 396 5545 Οὐαὶ
425 5494 635 5563 ἐκείνῳ,
692 5498 749 5547 ὲν
772 5489 816 5563 ᾧ
845 5499 945 5551 οὐκ
990 5500 1193 5572 ὲὸλήθη
1242 5502 1302 5553 τὸ
1333 5502 1486 5565 ξύλον
1520 5504 1617 5573 τῆς
1651 5506 1826 5573 ζωῆς·

267 5582 325 5637 οὐ
351 5583 569 5638 δύναται
601 5590 900 5662 μεταϐολήν
917 5609 1035 5647 τινα
1061 5595 1362 5665 κτήσασθαι
1389 5598 1617 5670 ἀγαθήν.

335 5732 354 5763 ⁸
382 5733 552 5788 Exod.
582 5753 666 5801 xv,
703 5738 789 5793 25.

1943 4875 2110 4929 mittit
2137 4876 2282 4931 Deus
2307 4878 2514 4947 lignum
2553 4880 2679 4934 vitae
2723 4882 2777 4935 in
2810 4882 2987 4952 ipsum
3017 4901 3264 4943 amarum
3298 4890 3509 4947 fontem

1932 4967 2131 5031 cordis,
2158 4969 2251 5037 qui
2284 4969 2565 5032 dulcescit.
2595 4973 2665 5026 ab
2695 4975 3059 5030 amaritudine
3092 4986 3505 5046 transmutatus,

1932 5066 1987 5111 et
2013 5058 2279 5114 admistus
2306 5059 2534 5129 Spiritui
2565 5062 2768 5119 Christi
2801 5084 2813 5118 :
2839 5075 3003 5136 atque
3036 5068 3140 5122 hoc
3174 5081 3331 5138 pacto
3358 5074 3507 5128 utilis

1933 5147 2166 5204 eﬁ‘ectus
2216 5150 2269 5203 in
2321 5151 2644 5221 obsequium
2689 5155 2903 5209 Domini
2936 5158 3021 5211 sui
3072 5159 3220 5212 cedit
3265 5178 3278 5213 :
3321 5163 3505 5216 evadit

1932 5242 2078 5293 enim
2105 5241 2339 5311 Spiritus
2365 5259 2581 5298 carnem
2612 5255 2849 5315 gestans.
2882 5248 3065 5303 Gloria
3092 5249 3163 5303 sit
3187 5252 3237 5304 ei
3263 5253 3357 5320 qui
3382 5269 3503 5307 mu-

1938 5338 2014 5383 tat
2040 5332 2455 5387 amaritudinem
2492 5344 2732 5391 nostram
2767 5337 2823 5392 in
2852 5338 3175 5394 suavitatem
3204 5351 3260 5396 et
3290 5345 3504 5400 bonita-

1938 5430 2043 5476 tem
2075 5422 2327 5492 Spiritus.
2364 5426 2452 5479 Vae
2482 5426 2579 5491 illi,
2612 5428 2665 5481 in
2697 5444 2858 5499 quem
2904 5446 3014 5486 non
3057 5434 3282 5489 missum
3312 5445 3397 5491 est
3435 5438 3503 5492 li-

1928 5528 2091 5582 gnum
2122 5514 2277 5569 vitae!
2326 5532 2435 5570 non
2470 5527 2648 5586 potest
2678 5520 2825 5575 enim
2855 5522 3091 5593 aliquam
3137 5524 3334 5581 bonam
3377 5542 3501 5581 mu-

1931 5603 2189 5657 tationem
2218 5609 2501 5676 consequi.
