4254 6358
727 379 831 442 807

1970 378 2029 436 S.
2074 376 2390 438 MACARII
2434 378 2752 441 [EGYPTII

3886 380 3997 447 808

801 490 935 546 XVI.
976 488 1132 557 Virga
1177 486 1340 542 Mosis
1382 485 1656 556 duplicem
1707 483 1934 554 gerebat
1980 485 2293 554 imaginem.
2327 495 2370 548 Α
2469 491 2481 541 1

2327 495 2370 548 Α
2469 489 2587 553 ις’.
2636 488 2698 540 'H
2736 486 2930 556 ῥάϐδος
2960 487 3238 552 Μωῠσέως
3261 488 3354 543 δύο
3381 490 3576 561 ἔφερεν
3599 491 3835 557 εἰκόνας.
3867 494 3997 556 Τοῖς

728 582 989 635 Hostibus
1024 580 1172 634 velut
1199 593 1425 648 serpens
1464 578 1809 641 occurrebat,
1845 577 2103 631 mordens
2134 586 2191 631 et
2219 578 2303 632 in-

729 670 1024 731 terﬁciens,
1062 668 1218 738 152
1252 667 1514 722 Israelitis
1548 682 1681 720 vero
1729 677 1847 720 erat
1896 668 2144 731 baculus,
2191 683 2301 736 quo

725 760 1111 815 fulciebantur.
1138 759 1229 813 Sic
1244 773 1462 828 quoque
1484 773 1673 811 verum
1698 759 1905 828 lignum
1928 759 2130 820 crucis.
2153 760 2299 827 quod

725 860 811 905 est
838 850 1113 912 Christus,
1160 849 1401 903 hostium
1430 850 1652 918 quidem
1681 856 1766 901 est
1807 862 1977 909 mors,
2004 847 2301 916 spirituum

724 956 922 1010 nempe
946 941 1197 1005 malitiae;
1222 940 1527 993 animarum
1552 954 1681 991 vero
1710 946 2024 992 nostrarum
2048 938 2298 1001 baculus,

725 1031 882 1086 sedes
913 1040 1050 1097 tuta,
1096 1038 1151 1084 et
1198 1030 1331 1091 vita,
1382 1030 1437 1083 in
1468 1043 1574 1098 qua
1621 1027 2039 1097 conquiescunt.
2088 1026 2301 1098 Figurae

724 1122 870 1175 enim
902 1129 957 1175 et
992 1120 1200 1175 umbrae
1232 1121 1386 1190 prius
1415 1121 1656 1183 fuerunt,
1683 1133 1846 1186 quam
1881 1133 2024 1173 verae
2051 1118 2137 1172 hac
2176 1133 2297 1181 res,

724 1216 997 1285 siquidem
1030 1215 1290 1283 antiquus
1322 1215 1502 1268 cultus
1540 1212 1825 1282 praesentis
1874 1212 2058 1267 cultus
2104 1212 2299 1267 umbra

724 1316 781 1362 et
804 1308 984 1377 imago
1010 1313 1113 1361 est.
1138 1307 1270 1360 Item
1292 1305 1660 1368 circumcisio,
1686 1304 2121 1368 tabernaculum,
2149 1318 2297 1368 arca,

726 1414 884 1460 urna,
912 1412 1131 1459 manna,
1156 1396 1543 1461 sacerdotium,
1570 1395 1853 1449 incensum
1882 1403 1939 1449 et
1966 1394 2296 1459 ablutiones,

724 1499 800 1554 et,
852 1497 914 1542 ut
965 1487 1277 1542 summatim
1330 1487 1529 1548 dicam,
1590 1500 1931 1553 quaecunque
1984 1484 2188 1539 ﬁebant
2242 1484 2299 1538 in

726 1580 1023 1635 Israelitico
1056 1579 1282 1647 populo,
1327 1578 1383 1630 in
1412 1577 1531 1646 lege
1560 1577 1747 1640 Mosis,
1780 1586 1875 1630 aut
1907 1577 2298 1645 prophetarum

726 1670 1085 1739 temporibus,
1115 1676 1339 1738 propter
1362 1670 1597 1722 animam
1624 1669 1793 1737 ipsam
1827 1667 1971 1722 facta
1997 1676 2146 1732 sunt,
2176 1682 2300 1735 qua:

725 1762 1027 1817 secundum
1062 1760 1353 1829 imaginem
1387 1760 1483 1812 Dei
1508 1758 1747 1819 condita,
1780 1764 1942 1825 atque
1977 1756 2080 1810 sub
2104 1756 2295 1827 jugum

2408 581 2509 649 μὲν
2529 580 2637 650 γὰρ
2663 579 2877 649 ἑΧθρθῖἶις
2890 579 2965 642 ὼς
2980 580 3103 647 ὕφει
3118 581 3358 652 ἀπήντα.
3375 584 3587 638 δάκνων
3603 586 3698 638 καὶ
3710 586 3960 658 ἀναιρῶν
3976 606 3991 619 ·

2402 673 2515 732 τοῖς
2552 670 2913 739 Ἰσραηλίταις
2931 670 2988 723 δὲ
3019 669 3311 738 βακτηρία,
3335 674 3421 739 ἐφ’
3438 673 3506 743 ἢν
3530 675 3985 745 ἑπεστηρίζοντο.

2404 760 2561 815 Οὕτω
2594 760 2688 813 καὶ
2724 759 2785 813 τὸ
2843 760 3100 830 ἀληθινὸν
3129 759 3285 823 ξύλον
3342 762 3439 813 τοῦ
3490 765 3750 833 σταυροῦ,
3780 766 3810 819 ὅ
3863 768 3985 819 ἔστι

2403 852 2659 922 Χριστὸς,
2706 852 2819 904 τῶν
2849 851 2948 921 μὲν
2977 851 3190 922 ἐχθρῶν
3235 854 3351 906 ἐστι
3405 854 3657 917 θάνατος,
3688 857 3799 910 τῶν
3820 876 3990 911 πνευ-

2405 944 2592 1013 μάτων
2615 942 2713 1012 τῆς
2744 942 3013 1012 πονηρίας
3034 960 3047 973 ·
3077 942 3188 996 τῶν
3215 942 3274 996 δὲ
3313 944 3502 1013 ψυχῶν
3532 947 3691 1016 ἡμῶν
3717 947 3996 1019 βακτηρία

2402 1034 2498 1089 καὶ
2518 1033 2769 1105 ιδρασμα
2798 1034 3041 1103 ἀσφαλὲς
3087 1036 3182 1088 καὶ
3212 1035 3346 1107 ζωὴ,
3367 1037 3453 1105 ἐφ’
3492 1039 3560 1107 ἢν
3606 1038 3995 1093 ἐπαναπαύον-

2400 1143 2509 1182 ται.
2534 1125 2709 1179 Τύποι
2728 1126 2840 1196 γὰρ
2867 1126 2963 1180 καὶ
2992 1129 3145 1181 σκιαί
3170 1126 3231 1180 τὸ
3249 1130 3377 1198 πρὶν
3400 1130 3679 1197 ἐγίγνοντο
3696 1130 3807 1182 τῶν
3837 1131 3979 1199 ἀλη-

2402 1213 2565 1267 Θινῶν
2591 1213 2795 1267 τούτων
2828 1215 3201 1284 πραγμάτων
3243 1216 3370 1269 σκιά
3392 1216 3500 1286 γάρ
3525 1218 3664 1280 ἐστι,
3687 1216 3781 1269 καὶ
3807 1216 3979 1270 εἰκὼν

2399 1304 2434 1373 ἠ
2465 1303 2675 1357 παλαιὰ
2699 1303 2922 1373 λατρεία
2954 1305 3050 1373 τῆς
3072 1303 3167 1357 νῦν
3190 1304 3464 1374 λατρείας.
3492 1306 3602 1357 Καὶ
3622 1307 3656 1374 ὴ
3682 1304 3977 1374 περιτομὴ.

2401 1388 2497 1441 καὶ
2528 1391 2563 1461 ἡ
2593 1390 2788 1460 σκηνὴ,
2818 1390 2914 1445 καὶ
2946 1392 2979 1459 ἠ
3006 1390 3264 1455 κιϐωτὸς,
3300 1394 3395 1445 καὶ
3419 1394 3451 1461 ἡ
3487 1393 3746 1463 στάμνος,
3795 1394 3892 1445 καὶ
3921 1393 3989 1444 τὸ

2405 1480 2604 1551 μάννα,
2652 1482 2749 1534 καὶ
2797 1482 3060 1552 ἰερατεία,
3098 1483 3194 1535 καὶ
3228 1484 3290 1535 τὸ
3322 1483 3599 1553 θυμίαμα,
3639 1485 3735 1536 καὶ
3792 1483 3862 1536 τά
3893 1483 3992 1553 βα-

2401 1573 2701 1642 πτίσματα,
2733 1574 2829 1626 καὶ
2855 1573 3193 1638 ἁπαξαπλῶς
3226 1576 3405 1627 πάντα
3426 1575 3527 1627 ὅσα
3557 1575 3784 1642 γέγονεν
3813 1576 3873 1627 ἐν
3898 1576 3981 1643 τῷ

2414 1662 2652 1733 Ἰσραὴλ,
2682 1662 2775 1715 καὶ
2799 1664 2857 1715 ἑν
2882 1662 2963 1731 τῷ
2992 1664 3142 1732 νόμῳ
3167 1664 3412 1726 Μωσέως
3432 1700 3446 1725 ,
3473 1664 3505 1732 ἢ
3552 1665 3610 1715 ὲν
3632 1666 3745 1725 τοῖς
3769 1666 3989 1732 προφή-

2401 1769 2541 1815 ταις,
2565 1751 2653 1805 διὰ
2683 1751 2780 1822 τὴν
2808 1751 2985 1821 ψυχὴν
3013 1752 3219 1821 ταύτην
3243 1753 3457 1819 γέγονε,
3486 1752 3589 1821 τὴν
3641 1751 3763 1805 κατ’
3799 1753 3987 1805 εἰκόνα

725 1853 1026 1916 servitutis,
1062 1861 1119 1905 ει
1155 1850 1257 1904 sub
1290 1863 1516 1919 regnum
1548 1847 1901 1901 molestarum
1947 1846 2299 1902 tenebrarum
2336 1839 2405 1893 B'

2336 1839 2374 1893 Β
2402 1839 2536 1893 Θεοῦ
2554 1841 2951 1911 γεγενημένην,
2981 1841 3075 1894 καὶ
3100 1841 3374 1895 πεσοῦσαν
3401 1842 3509 1894 ὑπὸ
3533 1842 3699 1910 ζυγὸν
3717 1842 3984 1907 δουλείας,

726 1942 874 2010 lapsa
906 1949 1011 1995 est.

796 2032 957 2086 XVII.
988 2031 1122 2086 Cum
1155 2032 1255 2085 hac
1286 2032 1433 2086 enim
1468 2032 1642 2088 voluit
1684 2033 1827 2089 Deus
1868 2034 2296 2091 communicare.

727 2128 867 2177 hanc
890 2123 1093 2192 aptavit
1116 2123 1220 2176 sibi
1252 2124 1305 2176 in
1338 2139 1593 2193 sponsam
1619 2127 1787 2197 regis,
1818 2127 1960 2181 hanc
1986 2137 2250 2195 expurgat
2270 2139 2301 2178 a

725 2215 1013 2278 sordibus,
1049 2223 1104 2267 et
1147 2214 1334 2267 abluta
1383 2201 1667 2285 nigredine
1712 2226 1770 2271 et
1819 2217 2160 2287 turpitudine
2202 2232 2299 2270 sua

729 2306 1071 2376 Splendidam
1125 2304 1339 2370 reddit,
1389 2320 1419 2359 e
1477 2306 1896 2362 mortiﬁcatione
1942 2307 2213 2369 viviﬁcat,

724 2397 1055 2452 contritione
1085 2405 1263 2457 curat,
1292 2406 1348 2450 et
1395 2406 1571 2465 parat,
1604 2399 1909 2452 inimicitiis
1950 2400 2070 2468 ejus
2109 2399 2298 2453 conci-

726 2489 890 2542 liatis.
919 2486 1182 2541 Creatura
1203 2487 1350 2539 enim
1377 2501 1501 2541 cum
1523 2486 1616 2551 sit,
1642 2487 1697 2541 in
1732 2502 1984 2557 sponsam
2017 2487 2129 2541 tilio
2155 2488 2299 2556 regis

723 2587 908 2648 aptata
939 2586 1049 2641 est,
1082 2578 1335 2645 Deusque
1378 2579 1601 2647 pr0pria
1638 2579 1843 2633 virtute
1891 2578 2120 2647 suscipit
2152 2594 2296 2643 eam,

722 2669 985 2739 paulatim
1019 2668 1268 2723 eamdem
1318 2667 1649 2731 immutans,
1695 2669 1871 2723 donec
1919 2670 2133 2723 auxerit
2178 2685 2298 2722 eam

724 2776 826 2815 suo
852 2761 1025 2829 ipsius
1058 2761 1416 2813 incremento.
1462 2759 1722 2813 Extendit
1767 2760 1913 2814 enim
1957 2769 2013 2815 et
2045 2759 2300 2829 producit

722 2866 846 2905 eam
874 2851 941 2905 ad
970 2849 1244 2904 infinitum
1275 2859 1330 2904 et
1360 2851 1688 2905 immensum
1721 2861 2096 2920 augmentum,
2125 2851 2299 2905 donec

726 2941 1154 2995 incontaminata
1182 2950 1237 2994 et
1270 2941 1434 3010 digna
1466 2956 1534 2995 eo
1574 2956 1772 3012 sponsa
1808 2942 2021 2996 evadat.
2054 2942 2296 2997 Primum

726 3029 873 3084 enim
916 3029 1088 3100 gignit
1135 3045 1256 3083 eam
1300 3029 1444 3098 apud
1489 3030 1880 3098 semetipsum,
1927 3039 2093 3099 atque
2138 3038 2299 3099 auget

726 3134 825 3187 per
858 3133 915 3173 se
942 3119 1141 3187 ipsum,
1172 3116 1348 3171 donec
1378 3127 1745 3187 consequatur
1773 3119 2038 3188 integram
2078 3132 2298 3172 mensu—

722 3225 841 3263 ram
878 3209 1187 3263 dilectionis
1230 3209 1370 3277 ejus.
1416 3208 1536 3277 Ipse
1582 3209 1730 3262 enim
1770 3224 1893 3262 cuin
1948 3209 2018 3263 sit
2064 3224 2297 3276 sponsus

729 3298 1035 3367 perfectus,
1088 3298 1316 3351 assumit
1366 3312 1488 3351 eam
1549 3312 1803 3366 sponsam
1860 3297 2192 3365 perfectam,
2242 3298 2296 3350 iu

727 3397 990 3452 sanctam,
1038 3403 1291 3442 arcanam
1344 3396 1400 3441 ct
1450 3387 1786 3456 impollutam
1837 3388 2156 3441 societatem
2198 3403 2299 3440 nu-

730 3480 995 3549 ptiarum,
1027 3488 1252 3547 tumque
1297 3487 1488 3546 regnat
1516 3478 1678 3532 simul
1710 3493 1834 3530 cum
1876 3492 1942 3532 eo
1984 3478 2040 3531 in
2086 3476 2296 3531 inﬁnita

730 3570 944 3624 saecula.
995 3571 1183 3622 Amen.

1232 3680 1513 3735 HOMILIA
1554 3680 1781 3735 XLVIII.

1116 3771 1189 3826 De
1226 3771 1453 3841 perfecta
1489 3770 1593 3839 ﬁde
1633 3772 1688 3825 in
1725 3772 1910 3825 Deum.

797 3888 838 3941 Ι.
872 3886 1136 3941 Dominus
1168 3885 1225 3939 in
1270 3884 1566 3955 Evangelia
1592 3900 1722 3940 suos
1754 3884 2055 3956 discipulos
2076 3885 2142 3941 ad
2173 3901 2299 3956 per-

724 3980 923 4033 fectam
968 3974 1134 4030 ﬁdem
1175 3974 1449 4030 deducere
1490 3977 1702 4039 volens,
1734 3976 1873 4030 dixit
1905 3994 1918 4031 :
1953 3977 2055 4042 Qui
2085 3980 2140 4033 in
2183 3995 2296 4032 mo-

725 4070 841 4121 dico
872 4066 1101 4135 inﬁdelis
1126 4074 1223 4127 est,
1265 4075 1313 4119 et
1353 4068 1409 4120 in
1436 4066 1601 4119 multo
1628 4066 1856 4133 inﬁdelis
1897 4076 1992 4121 εει.
2020 4067 2091 4122 Et
2117 4072 2207 4139 qui
2242 4071 2298 4123 in

725 4158 943 4211 minimo
980 4156 1151 4225 ﬁdelis
1178 4165 1274 4221 εει,
1300 4166 1350 4209 ει
1382 4158 1435 4210 in
1467 4156 1636 4210 multo
1660 4156 1832 4224 ﬁdelis
1870 4165 1947 4211 εει
1975 4158 2016 4211 ⁸.
2048 4158 2190 4224 Quid
2216 4169 2300 4215 est

724 4248 1024 4311 modicum,
1048 4256 1105 4301 et
1125 4246 1257 4318 quid
1284 4256 1367 4302 est
1392 4248 1665 4301 multum?
1692 4247 1987 4311 Modicum,
2015 4257 2143 4302 sunt
2173 4265 2301 4319 pro-

725 4339 1015 4392 missiones
1045 4337 1229 4391 saeculi
1262 4338 1445 4408 hujus,
1482 4354 1606 4407 quin
1636 4340 1890 4407 promisit
1934 4353 1992 4393 se
2025 4341 2300 4409 prastitu-

725 4443 848 4483 rum
871 4428 1225 4483 credentibus
1253 4428 1326 4495 ei,
1352 4429 1504 4483 velut
1529 4430 1757 4493 victum,
1788 4430 2049 4485 vestitum
2077 4441 2133 4486 et
2166 4434 2293 4486 reli-

2406 1934 2500 1986 καὶ
2531 1933 2635 1984 ὑπὸ
2671 1931 2947 2001 βασιλείαν
2969 1932 3193 1996 σκότους
3220 1934 3469 2001 πικρίας.

2475 2024 2572 2076 IZ'.
2598 2023 2782 2094 Ταύτῃ
2812 2022 2921 2092 γὰρ
2951 2022 3217 2092 ἠθέλησεν
3237 2025 3267 2076 ὁ
3296 2022 3429 2086 Θεὸς
3480 2025 3831 2095 κοινωνῆσαι,
3881 2028 3983 2080 καὶ

2402 2114 2604 2183 ταύτην
2622 2114 2906 2183 ἡρμόσατο
2954 2114 3139 2185 ἑαυτῷ
3171 2116 3253 2178 εἰς
3292 2114 3513 2185 νύμφην
3550 2115 3840 2186 βασιλέως,
3892 2120 3987 2171 καὶ

2400 2205 2607 2275 ταύτην
2633 2203 2919 2275 καθαρίζει
2948 2205 3057 2258 ἀπὸ
3080 2205 3175 2259 τοῦ
3205 2206 3380 2276 ῥύπου
3412 2207 3505 2259 καὶ
3531 2206 3813 2261 ὲκπλύνων
3837 2208 3985 2278 λαμ-

2403 2295 2600 2367 πρύνει
2625 2296 2733 2348 ἀπὸ
2781 2295 2881 2364 τῆς
2913 2294 3173 2363 μελανίας
3206 2295 3301 2347 καὶ
3346 2296 3446 2365 τῆς
3486 2296 3843 2369 αἰσχρότητος
3886 2299 3988 2352 αὐ.

2406 2386 2527 2455 τῆς,
2567 2386 2661 2440 καὶ
2687 2386 2946 2449 ζωοποιεῖ
2978 2391 3041 2439 εκ
3064 2386 3166 2456 τῆς
3219 2385 3562 2455 νεκρώσεως,
3590 2388 3683 2441 καὶ
3720 2389 3868 2442 ἰᾶται
3917 2391 3988 2443 ἐκ

2400 2474 2499 2541 τῆς
2517 2475 2873 2544 συντρίψεως,
2891 2474 2985 2527 καὶ
3014 2476 3283 2544 εἰρηνεύει
3302 2476 3472 2545 αὐτῆς
3498 2476 3597 2545 τὴν
3619 2476 3819 2548 ἔχθραν
3845 2498 3984 2534 κατ-

2401 2563 2703 2617 αλλάσσων.
2759 2564 2980 2631 Κτίσμα
3023 2564 3132 2632 γὰρ
3157 2560 3292 2618 οὖσα
3321 2567 3402 2629 εις
3426 2566 3646 2639 νύμφην
3670 2570 3748 2638 τῷ
3766 2570 3867 2639 υἰῷ
3888 2571 3986 2623 τοῦ

2403 2655 2666 2726 βασιλέως
2694 2656 2969 2726 ἡρμόσθη,
2988 2658 3083 2709 καὶ
3108 2659 3174 2727 τῇ
3205 2657 3312 2726 ἰδίᾳ.
3336 2658 3509 2712 αὑτοῦ
3535 2660 3767 2731 δυνάμει
3794 2665 3823 2715 δ
3850 2665 3987 2728 Gs”;

2404 2743 2767 2813 παραδέχεται
2795 2744 2966 2814 αὐτὴν
2999 2745 3141 2797 κατά
3165 2747 3360 2815 μικρὸν
3393 2750 3986 2821 συμμεταϐαλλόμενος

2401 2834 2593 2904 αὐτὴν,
2617 2834 2722 2896 ἕως
2744 2833 2957 2905 αὐξήσῃ
2978 2836 3148 2905 αὐτὴν
3166 2837 3232 2905 τῇ
3266 2836 3370 2905 ἰδίᾳ
3396 2837 3645 2907 αὐξήσει.
3667 2840 3844 2893 Τείνει
3875 2844 3987 2911 γὰρ

2401 2926 2572 2997 αὐτὴν
2613 2926 2708 2979 καὶ
2760 2925 2990 2996 μηκύνει
3049 2928 3130 2988 εἰς
3178 2928 3485 2999 ἀπέραντον
3536 2931 3630 2982 καὶ
3674 2932 3991 3003 ἀμέτρητον

2400 3015 2649 3086 αὔξησιν,
2669 3016 2774 3077 ἕως
2802 3015 2867 3067 ἀν
2896 3015 3125 3084 ἄμωμος
3140 3017 3235 3069 καὶ
3261 3016 3389 3079 ἀξία
3416 3018 3581 3071 αὑτοῦ
3609 3018 3796 3089 νύμφη
3822 3024 3990 3092 γένη-

2400 3122 2509 3158 ται.
2545 3105 2769 3176 Πρῶτον
2797 3106 2906 3175 γὰρ
2931 3107 3097 3175 γεννᾷ.
3124 3104 3296 3175 αὐτὴν
3318 3107 3377 3157 εν
3408 3106 3608 3176 ἑαυτῷ,
3640 3109 3734 3160 καὶ
3766 3110 3992 3176 αὐξάνει

2400 3196 2466 3249 δι’
2513 3197 2727 3260 ἑαυτοῦ,
2756 3195 2859 3258 ἓως
2892 3195 3139 3265 ἀπολάϐῃ
3170 3196 3231 3247 τὺ
3255 3195 3462 3248 τέλειον
3493 3198 3693 3268 μέτρον
3721 3199 3825 3267 τῆς
3846 3202 3993 3267 ἀγά-

2403 3301 2510 3355 πης
2534 3286 2720 3339 αὐτοῦ.
2764 3286 2935 3347 Αὐτὸς
2960 3287 3067 3354 γὰρ
3110 3284 3187 3338 ὢν
3222 3285 3427 3347 τέλειος
3447 3288 3699 3356 νυμφίος,
3724 3288 3993 3357 λαμϐάνει

2401 3377 2572 3447 αὐτὴν
2595 3377 2807 3429 τελείαν
2840 3376 3056 3447 νύμφην
3108 3377 3189 3439 εἰς
3219 3377 3319 3446 τὴν
3351 3376 3516 3442 ἁγίαν
3550 3379 3646 3430 καὶ
3693 3379 3985 3449 μυστικὴν,

2402 3467 2496 3520 καὶ
2520 3467 2788 3538 ἄχραντον
2850 3468 3137 3521 κοινωνίαν
3162 3466 3256 3519 τοῦ
3290 3469 3492 3538 γάμου,
3550 3468 3648 3521 καὶ⁵
3674 3470 3800 3522 τότε
3843 3488 3986 3539 συμ-

2401 3558 2672 3612 ϐασιλεύει
2717 3560 2866 3629 αὺτῴ
2895 3561 2974 3621 εἰς
3004 3560 3130 3623 τοὺς
3155 3560 3499 3630 ἀπεράντους
3527 3560 3753 3626 αἰῶνας.
3788 3564 3984 3633 ⁹Δμήν.

2996 3674 3238 3729 OMIAIA
3267 3674 3409 3731 ΜΗ.

2612 3768 2749 3835 Περί
2779 3766 2889 3835 τῆς
2916 3767 3153 3833 τελείας
3188 3768 3449 3833 πίστεως
3475 3769 3564 3833 εἰς
3593 3770 3764 3822 Θεόν.

2472 3880 2550 3933 A'.
2587 3879 2646 3932 Ὀ
2678 3879 2883 3949 Κύριος
2912 3880 2969 3933 ὲν
3005 3878 3083 3948 τῷ
3141 3879 3460 3948 Εὐαγγελίῳ
3497 3880 3623 3943 τοὺς
3650 3880 3846 3934 ἑαυτοῦ
3878 3900 3987 3951 μα-

2400 3968 2567 4040 θητάς
2585 3972 2664 4032 εἰς
2701 3969 2913 4024 τελείαν
2940 3970 3120 4022 πίστιν
3142 3970 3368 4038 ἀγαγεῖν
3392 3969 3735 4040 βουλόμενος,
3765 3973 3982 4039 ἔλεγεν·

2410 4059 2466 4112 '0
2491 4061 2561 4113 ἐν
2585 4060 2767 4129 ὀλίγῳ
2796 4060 3069 4127 ἄπιστος,
3097 4062 3195 4114 καί
3222 4061 3294 4115 ἐν
3311 4060 3523 4127 πολλῷ
3550 4062 3807 4129 ἄπιστός
3821 4064 3982 4117 ἐστι·

2399 4151 2497 4206 καί
2532 4152 2660 4205 ὀὲν
2708 4151 2890 4219 ὀλίγῳ
2946 4152 3183 4217 πιστὸς,
3237 4151 3435 4205 καὶέν
3486 4150 3701 4217 πολλῷ
3767 4157 3986 4234 πιστρς

2399 4241 2551 4295 ἐστι.
2597 4241 2662 4293 Τί
2688 4242 2805 4293 ἐστι
2824 4241 2885 4292 τὸ
2916 4239 3117 4307 ὀλίγον,
3137 4240 3235 4293 καὶ
3261 4240 3315 4292 τί
3344 4241 3458 4293 εστι
3486 4242 3549 4293 τὸ
3593 4240 3762 4306 πολύ;
3792 4240 3855 4294 τὸ
3877 4242 3984 4294 ὀλί-

2400 4348 2498 4400 γον
2546 4332 2616 4385 τά
2648 4332 3046 4402 ἐπαγγέλματά
3077 4334 3191 4384 ἐστι
3224 4331 3318 4384 τοῦ
3379 4332 3576 4395 αἰῶνος
3597 4331 3812 4397 τούτου,
3841 4333 3983 4401 άπερ

2402 4422 2672 4492 ὑπέσχετο
2698 4426 3001 4495 παρασχεῖν
3034 4424 3146 4484 τοῖς
3164 4422 3508 4474 πιστεύουσιν
3522 4422 3694 4491 αὐτῷ,
3724 4418 3835 4475 οἷον
3860 4441 3982 4494 τρο.

725 4536 890 4590 quam
939 4522 1188 4592 corporis
1244 4523 1671 4589 recreationem,
1716 4533 1812 4578 aut
1860 4525 2187 4591 sanitatem,
2234 4535 2290 4581 et
2324 4499 2366 4553 θ
2391 4532 2405 4583 ς

2324 4499 2366 4553 Ῑ)
2391 4514 2519 4584 φὰς,
2546 4513 2836 4584 ἰνδύματα,
2872 4513 2964 4567 καὶ
2992 4513 3091 4583 τὴν
3120 4511 3310 4581 λοιπὴν
3332 4510 3425 4564 τοῦ
3469 4510 3719 4581 σώματος
3738 4513 3980 4566 ἀνάπαυ-

725 4614 924 4669 similia
944 4652 960 4677 ,
990 4614 1332 4684 praecipiens,
1355 4615 1580 4669 omnino
1619 4632 1728 4670 non
1759 4617 2057 4672 sollicitum
2084 4634 2205 4673 esse
2227 4619 2294 4673 de

726 4705 814 4758 his
842 4706 885 4769 ',
919 4704 1013 4759 sed
1042 4720 1141 4775 per
1170 4704 1425 4760 ﬁduciam
1474 4705 1529 4760 in
1563 4722 1688 4761 eum
1722 4722 1965 4777 sperare,
2004 4710 2151 4778 quod
2186 4710 2295 4765 Do-

728 4796 908 4851 minus
935 4797 1186 4865 provisor
1216 4811 1428 4859 eorum,
1454 4797 1547 4866 qui
1576 4797 1642 4851 ad
1667 4813 1794 4852 eum
1822 4798 2165 4869 confugiunt,
2199 4816 2296 4870 per

725 4888 910 4942 omnia
944 4886 1162 4940 futurus
1205 4885 1295 4940 sit.
1329 4885 1555 4939 Multum
1588 4895 1794 4951 autem,
1831 4897 1959 4941 sunt
1994 4888 2183 4942 aeterni
2213 4900 2296 4943 at-

727 4995 834 5049 que
882 4976 1316 5046 incorruptibilis
1362 4977 1546 5031 saeculi
1593 4977 1760 5042 dona,
1793 4993 1914 5047 quae
1958 4980 2210 5047 promisit
2238 4994 2297 5035 se

727 5072 1053 5126 collaturum
1087 5068 1443 5123 credentibus
1475 5068 1528 5121 in
1567 5083 1713 5131 eum,
1753 5078 1809 5123 et
1855 5069 1923 5123 iis
1951 5070 2045 5139 qui
2090 5070 2298 5141 absque

728 5161 837 5215 ulla
870 5158 1277 5215 intermissione
1304 5158 1371 5212 de
1411 5158 1477 5212 iis
1521 5167 1651 5213 sunt
1695 5158 1936 5223 solliciti,
1969 5168 2025 5213 et
2068 5170 2299 5229 poscunt

727 5252 796 5307 ab
815 5266 903 5316 eo,
921 5251 1049 5320 quia
1078 5249 1158 5305 sic
1184 5255 1462 5319 praecepit.
1498 5249 1589 5303 Vos
1620 5259 1817 5315 autem,
1844 5250 2023 5320 inquit
2041 5290 2056 5313 ,
2080 5252 2296 5321 ᾳιιιενὶιε

728 5344 958 5412 primum
991 5355 1208 5409 regnum
1243 5338 1356 5401 Dei,
1383 5347 1431 5391 et
1461 5338 1720 5403 iustitiam
1747 5341 1880 5409 ejus,
1905 5349 1953 5393 et
1982 5340 2089 5395 hac
2119 5341 2295 5394 omnia

728 5432 1044 5500 adjicientur
1075 5427 1212 5480 vobis
1236 5428 1257 5458 ⁸
1292 5445 1303 5480 :
1345 5436 1405 5483 ut
1435 5444 1504 5483 ex
1546 5428 1633 5484 his
1665 5428 1895 5483 modicis
1934 5436 1988 5482 et
2025 5438 2292 5499 tempora-

726 5522 848 5574 neis
887 5520 1117 5587 quisque
1158 5517 1443 5586 probetur,
1478 5532 1545 5571 an
1574 5518 1763 5572 credat
1796 5518 1928 5582 Deo,
1959 5518 2117 5587 quod
2164 5534 2292 5587 pro-

729 5610 940 5665 miserit
985 5624 1042 5663 se
1086 5609 1431 5679 largiturum,
1466 5608 1626 5662 modo
1659 5623 1758 5662 nos
1802 5609 1869 5661 de
1917 5609 2117 5661 talibus
2158 5608 2291 5661 nihil

800 5745 818 5771 ‘
848 5743 975 5795 Luc.
1013 5757 1117 5804 xw,
1171 5742 1253 5793 10.
1333 5744 1350 5768 '
1383 5743 1570 5795 Matth.
1619 5760 1687 5806 γι,
1724 5744 1809 5796 3i.
1888 5744 1907 5773 ⁸
1940 5743 2071 5796 ibid.
2108 5746 2187 5797 '55.

2401 4622 2507 4671 σιν,
2558 4604 2591 4674 ἧ
2632 4606 2863 4673 ὑγίειαν,
2910 4604 3006 4657 καὶ
3040 4603 3287 4659 τοιαῦτα.
3324 4602 3639 4673 Προστάξας
3700 4603 3778 4675 μὴ
3826 4621 3980 4675 μερι-

2402 4696 2540 4767 μνᾷν
2567 4696 2703 4759 δλως
2732 4696 2858 4766 περὶ
2885 4696 3112 4761 τούτων,
3160 4696 3295 4749 ἀλλά
3320 4700 3386 4769 τῇ
3416 4698 3496 4759 εἰς
3526 4696 3687 4751 αὐτὸν
3718 4696 3979 4766 πεποιθή-

2401 4802 2481 4839 σει
2505 4785 2767 4852 ὲλπίζειν,
2804 4788 2883 4840 δτι
2912 4786 3115 4859 Κύριος
3139 4790 3441 4859 προνοητὴς
3458 4789 3565 4843 τῶν
3584 4791 3664 4852 εἰς
3684 4787 3847 4842 αὑτὸν
3874 4806 3976 4841 κα-

2398 4879 2777 4947 ταφευγόντων
2828 4878 2967 4931 κατά
2999 4880 3175 4932 πάντα
3195 4879 3423 4947 γίνεται.
3450 4880 3521 4933 To
3550 4879 3605 4932 δὲ
3634 4878 3769 4932 πολὺ
3795 4879 3861 4932 τά
3882 4878 3975 4931 τοῦ

2401 4969 2623 5023 αἰωνίου
2655 4968 2749 5021 καὶ
2776 4968 3059 5039 ἀφθάρτου
3082 4970 3277 5031 αἰῶνος
3300 4968 3599 5039 δωρήματά
3632 4971 3797 5033 ἑστιν,
3834 4968 3976 5036 άπερ

2403 5062 2667 5132 ὑπέσχετο
2715 5062 3018 5131 παρασχεῖν
3067 5062 3181 5120 τοῖς
3240 5058 3588 5113 πιστεύουσιν
3638 5058 3826 5129 αὐτῷ,
3885 5060 3979 5111 καὶ

2406 5152 2763 5215 ἀδιαλείπτως
2804 5152 2935 5223 περὶ
2973 5151 3196 5204 ἐκείνων
3239 5149 3571 5221 μεριμνῶσι,
3619 5151 3713 5203 καὶ
3734 5147 3979 5203 αἰτοῦσιν

2403 5248 2588 5311 αὐτὸν,
2613 5248 2695 5300 ὅτι
2720 5245 2891 5308 οὕτως
2925 5245 3231 5299 ἐνετείλατο
3250 5262 3266 5278 ο
3306 5244 3502 5315 Ὑμεῖς
3522 5244 3611 5308 δὲ,
3642 5246 3795 5315 φησὶ,
3825 5242 3977 5309 πρῶ-

2402 5358 2509 5394 τον
2537 5338 2753 5407 ζητεῖτε
2788 5339 2904 5407 τὴν
2934 5337 3262 5401 ,βασιλείαν
3286 5336 3393 5390 τοῦ
3425 5336 3593 5403 Θεοῦ,
3620 5335 3717 5389 καί
3742 5334 3859 5403 τὴν
3888 5335 3975 5388 δι-

2402 5429 2735 5496 καιοσύνην
2754 5428 2961 5492 αὐτοῦ,
2992 5429 3089 5480 καὶ
3122 5426 3308 5481 ταῦτα
3346 5427 3543 5480 πάντα
3564 5425 3973 5494 προστεθήσε-

2400 5534 2493 5571 ται
2521 5516 2691 5587 ὑμῖνο
2732 5517 2879 5578 ὅπως
2908 5516 2970 5568 ὲκ
3010 5516 3118 5567 τῶν
3146 5516 3341 5581 ὀλίγων
3362 5515 3570 5569 τούτων
3593 5516 3686 5570 καὶ
3718 5514 3974 5584 προσκαί-

2402 5627 2511 5679 ρων
2558 5607 2861 5677 δοκιμασθῇ
2914 5607 3163 5672 ἕκαστος,
3204 5608 3254 5660 εἰ
3310 5607 3554 5661 πιστεύει
3592 5606 3671 5678 τῷ
3720 5604 3859 5675 Θεῷ,
3894 5606 3976 5659 ὅτι
