4254 6358
199 424 325 485 309
1396 410 1846 475 lIOMlLl/E.-
1872 411 2054 473 HOM.
2093 415 2355 477 XLVIII.
3378 425 3482 487 διο

196 532 588 603 ἐπηγγείλατο
622 533 946 603 παρασχεῖν,
996 530 1153 600 ήμῶν
1211 525 1537 598 ἀμέρίμνων
1586 528 1714 597 περὶ
1737 524 1804 579 τὰ
1832 528 1876 583 Α

1800 545 1804 577 μ
1832 528 1878 583 Α
1908 527 2081 584 simus
2103 531 2353 596 solliciti;
2382 531 2474 587 sed
2506 532 2771 587 duntaxat
2799 532 2866 589 de
2904 533 3107 590 futuris
3138 533 3301 590 rebus
3324 544 3480 590 aeter-

196 624 443 676 τοιαῦτα
467 622 660 685 ὄντων,
690 622 784 674 καὶ
831 622 991 690 μόνον
1025 620 1156 690 περὶ
1182 618 1292 672 τῶν
1326 618 1633 689 μελλόντων
1664 620 1800 671 αἰω-

945 637 991 673 w
1025 620 1156 690 περὶ
1182 618 1292 672 τῶν
1326 618 1633 689 μελλόντων
1664 620 1800 671 αἰω-
1904 619 1990 675 nis
2018 636 2206 676 curam
2243 624 2625 693 suscipiamus.

199 716 342 765 νίων
374 716 476 781 τὴν
507 712 766 781 φροντίδα
792 712 1047 782 ἐχόντων.

1977 796 2041 851 ll.
2078 799 2146 853 Et
2174 809 2307 855 tunc
2338 801 2687 857 manifestum
2725 814 2808 859 est
2862 804 3016 859 illum
3045 804 3272 858 credere
3302 803 3369 858 de
3396 802 3484 857 in-

286 805 365 858 B’.
394 806 505 858 Καὶ
524 805 646 857 τότε
680 805 914 873 φανερόν
942 806 1111 867 ἐστιν,
1148 803 1230 856 ὅτι
1268 802 1512 855 πιστεύει
1538 801 1666 873 περὶ
1691 798 1800 853 τῶν

205 896 535 964 ἀφθάρτων,
569 896 664 948 καὶ⁵
689 894 859 957 ὅντως
885 893 1040 963 ζητεῖ
1060 893 1130 946 τὰ
1156 893 1349 947 αἰώνια
1362 892 1566 960 άγαθά,
1594 893 1642 944 εἰ
1673 891 1802 961 περὶ

209 988 326 1038 τῶν
358 986 667 1055 εἰρημένων
716 987 843 1055 ὑγιῆ
870 985 969 1057 τήν
1013 984 1196 1040 πίστιν
1232 983 1528 1048 ἀποσώζει.
1566 982 1803 1050 ὐφείλει

210 1079 324 1145 γὰρ
347 1077 579 1139 ἕκαστος
606 1076 715 1129 τῶν
729 1076 1119 1129 ὑπακουόντων
1146 1074 1225 1144 τῷ
1241 1076 1339 1146 τῆς
1359 1074 1615 1142 ἀληθείας
1637 1073 1801 1141 λόγῳ,

212 1168 542 1237 δοκιμάζειν
595 1169 809 1229 ἑαυτὸν,
858 1170 953 1221 καὶ
978 1167 1313 1238 ἀνακρίνειν,
1347 1168 1469 1236 ήτοι
1504 1166 1609 1219 ὑπὸ
1639 1183 1805 1218 πνευ-

219 1258 473 1327 ματικῶν
534 1258 746 1327 ἀνδρῶν
797 1260 1188 1327 ἀνακρίνεσθαι
1244 1259 1341 1311 καὶ
1385 1256 1803 1327 δοκιμάζεσθαι,

219 1348 341 1410 πῶς
377 1349 689 1411 ἐπίστευσε,
720 1350 813 1402 καὶ
837 1350 1037 1403 ἔδωκεν
1065 1349 1260 1402 ἑαυτὸν
1285 1348 1363 1419 τῷ
1390 1348 1543 1417 Θεῷο
1566 1350 1615 1401 εἰ
1635 1348 1806 1409 ὅντως

219 1442 279 1490 ὲν
308 1438 540 1508 ἀληθείᾳ
576 1441 717 1491 κατὰ
740 1440 831 1492 τὸν
859 1439 1021 1508 λόγον
1053 1439 1245 1503 αὐτοῦ,
1282 1439 1315 1509 ἢ
1364 1439 1541 1509 οἰήσει
1586 1435 1808 1490 δικαιώ-

222 1548 364 1592 σεως
416 1530 513 1583 καὶ
554 1531 810 1594 πίστεως,
840 1533 899 1583 ὲν
956 1530 1133 1601 ἑαυτῷ
1186 1531 1473 1584 πιστεύειν
1528 1528 1803 1599 νομίζων·

222 1620 458 1681 ἕκαστος
481 1619 589 1688 γάρ
615 1622 663 1671 εἰ
713 1622 771 1671 ὲν
804 1620 882 1689 τῷ
911 1622 1078 1688 ὀλίγῳ
1130 1622 1323 1684 πιστός
1356 1623 1493 1686 ἑστι,
1548 1622 1677 1690 περὶ
1700 1620 1809 1673 τῶν

224 1713 582 1778 προσκαίρων
620 1710 783 1776 λέγω,
831 1712 1211 1781 δοκιμάζεται,
1263 1713 1359 1765 καὶ
1400 1712 1703 1781 ἐλέγχεται.
1737 1712 1812 1764 Τὸ

222 1801 278 1852 δὲ
307 1800 444 1862 πῶς,
478 1801 663 1853 ἄκουεο
688 1804 1007 1857 Πιστεύειν
1036 1802 1233 1871 λέγεις
1275 1804 1595 1867 βασιλείας
1630 1804 1809 1869 οὐρα-

1905 888 2380 957 corruptibilibus,
2412 900 2467 946 et
2510 908 2701 947 revera
2741 909 2987 963 quaerere
3014 902 3220 949 aeterna
3245 893 3409 957 bona,
3437 892 3484 947 si

1905 977 1974 1033 de
1994 980 2106 1049 jam
2139 980 2302 1035 dictis
2344 999 2531 1038 sanam
2576 985 2738 1040 ﬁdem
2780 992 3089 1061 conservat.
3125 985 3294 1039 Debet
3335 984 3485 1039 enim

1905 1074 2139 1145 quisque
2182 1088 2396 1139 eorum,
2438 1076 2532 1145 qui
2580 1076 2965 1147 obtemperant
3006 1075 3255 1132 veritatis
3291 1075 3482 1142 verbo,

1906 1166 2142 1236 probare
2171 1180 2228 1221 se
2259 1167 2457 1235 ipsum,
2498 1182 2563 1221 ac
2589 1168 2887 1232 discutere,
2924 1168 3009 1223 vel
3037 1183 3067 1222 a
3102 1167 3485 1237 spiritualibus

1906 1259 2040 1312 viris
2065 1258 2357 1327 dijudicari
2382 1267 2544 1329 atque
2572 1260 2814 1329 probari,
2850 1277 2955 1330 qua
2991 1260 3202 1316 ratione
3232 1260 3487 1315 credide-

1909 1349 2003 1412 rit,
2028 1356 2085 1403 et
2108 1349 2221 1403 Deo
2251 1364 2308 1404 se
2343 1349 2521 1419 ipsum
2553 1350 2846 1405 tradiderit
2872 1369 2884 1404 :
2912 1366 2980 1405 an
3012 1336 3205 1405 revera
3246 1351 3301 1405 in
3339 1351 3488 1405 veri-

1910 1449 2019 1495 tate
2050 1442 2203 1509 juxta
2232 1443 2461 1497 verbum
2500 1444 2639 1512 ejus,
2674 1458 2742 1497 an
2783 1443 3043 1512 opinione
3080 1442 3491 1514 justiﬁeationis

1914 1531 2070 1602 153
2093 1542 2147 1588 et
2172 1533 2319 1598 ﬁdei,
2344 1551 2507 1604 quam
2544 1536 2713 1591 habet
2734 1537 2876 1605 apud
2913 1552 2992 1599 se,
3017 1552 3075 1590 se
3110 1536 3337 1590 credere
3370 1534 3491 1589 exi-

1911 1624 2114 1679 stimet.
2146 1624 2389 1690 Quilibet
2425 1626 2574 1680 enim
2620 1643 2686 1681 an
2733 1628 2787 1680 in
2832 1628 3049 1681 modico
3095 1627 3271 1681 ﬁdelis
3302 1627 3394 1690 sit,
3423 1626 3492 1680 de

1915 1714 2286 1781 temporaneis
2333 1714 2562 1783 loquor.
2628 1717 2893 1785 probatur
2941 1726 2996 1770 et
3049 1718 3316 1787 arguitur.
3373 1717 3492 1782 Quo

1914 1809 2075 1866 pacto
2122 1810 2333 1863 autem,
2383 1803 2510 1856 audi
2544 1820 2556 1855 :
2588 1804 2748 1857 Aisne
2801 1816 2848 1857 te
2893 1806 3100 1857 credere
3145 1822 3304 1873 regno
3339 1805 3495 1857 caslo-

226 1890 351 1942 νῶν
380 1892 831 1955 καταειοῦσθαι,
858 1895 953 1947 καί
982 1866 1291 1960 υίὸς-Θεοῦ
1318 1893 1627 1963 γεννηθείς
1662 1866 1809 1945 ἇνω-
1838 1866 1885 1925 Β

1838 1866 1885 1925 Β
1915 1910 2031 1945 rum
2070 1895 2285 1963 dignum
2332 1895 2539 1956 haberi,
2585 1905 2631 1947 et
2663 1895 2856 1948 Filium
2898 1896 2993 1948 Dei
3039 1905 3222 1948 natum
3273 1896 3494 1964 desuper

227 1987 333 2035 θεν
352 1982 655 2047 γενέσθαι,
695 1983 794 2035 καί
830 1986 1331 2052 συγ-κληρονόμος
1386 1985 1494 2037 τοῦ
1528 1981 1807 2049 Χριστοῦ,

228 2074 328 2126 καί
375 2075 464 2137 εἰς
517 2073 737 2138 αἰῶνας
764 2073 949 2139 ὅλους
975 2076 1451 2142 συμϐασιλεύειν
1492 2071 1671 2137 αὐτῷ,
1712 2070 1812 2125 καὶ

228 2162 465 2231 τρυφᾷν
484 2164 553 2216 ἐν
571 2164 717 2232 φωτί
748 2166 1006 2233 άρῤήτῳ,
1030 2166 1100 2217 ἐν
1137 2165 1496 2232 ἀπεράντως
1528 2164 1627 2217 καί
1670 2164 1813 2218 ἀνα·

224 2256 536 2325 ριθμήτοις
568 2256 802 2323 αἰῶσιν,
836 2259 916 2321 ὡς
937 2260 969 2312 ό
996 2260 1179 2324 Θεός;
1206 2257 1433 2321 Πάντως
1471 2258 1615 2326 ἐρεῖς
1636 2273 1648 2287 ·
1678 2254 1808 2308 Ναί.

231 2350 332 2401 Διά
366 2350 573 2419 ταύτην
604 2349 712 2420 γὰρ
741 2351 842 2421 τὴν
865 2351 1047 2403 αἰτίαν
1066 2351 1432 2422 ἀναχωρήσας
1460 2349 1554 2403 τοῦ
1580 2349 1812 2418 κόσμου,

232 2442 471 2510 ἐμαυτὸν
502 2441 581 2513 τῷ
612 2442 800 2513 Κυρίῳ
822 2444 1051 2496 δέδωκα.

302 2533 377 2585 Γν.
412 2533 913 2601 Δοκίμασοντοίνυν
938 2533 1183 2596 σεαυτὸν,
1211 2534 1283 2604 μή
1301 2534 1431 2586 ποτέ
1463 2551 1523 2586 σε
1558 2533 1816 2603 μέριμναι

233 2626 420 2693 γήῖναι
452 2625 775 2694 κατέχουσιν
805 2626 906 2689 ἔτι,
941 2626 1035 2677 καὶ
1072 2627 1293 2694 φροντὶς
1350 2624 1520 2693 πολλὴ
1556 2625 1685 2692 περὶ
1711 2623 1817 2692 τῆς

232 2716 327 2769 τοῦ
356 2715 607 2784 σώματος
650 2717 872 2785 ιτροφῆς
928 2717 1021 2769 καὶ
1052 2716 1339 2779 ἐνδύσεως,
1369 2717 1463 2768 καὶ⁴
1499 2716 1598 2784 τῆς
1626 2714 1821 2783 λοιπῆς

234 2806 555 2876 ἐπιμελείας
570 2807 663 2859 καὶ
692 2807 1072 2871 ἀναπαύσεως,
1097 2807 1173 2871 ὡς
1188 2812 1253 2878 τῇ
1280 2810 1344 2876 σῇ
1363 2808 1673 2877 δυνάμειςπε
1683 2825 1823 2878 ριγιο

235 2915 269 2963 γ
283 2898 516 2965 ιόμενος,
534 2900 629 2951 καὶ
642 2898 1035 2967 προνοούμενος
1054 2898 1268 2961 ἑαυτοῦ,
1294 2899 1727 2970 ἀίπροσετάχθης
1748 2901 1821 2968 μὴ

240 2991 510 3058 μεριμνᾷν
532 2990 667 3051 ὅλως
696 2991 821 3057 περὶ
834 2988 1078 3041 σεαυτοῦ.
1103 2990 1161 3041 El
1182 2989 1291 3057 γὰρ
1316 2991 1592 3051 πιστεύεις
1604 2990 1671 3041 τά
1694 2989 1826 3042 ἀθά-

238 3095 394 3140 νατα,
410 3078 726 3140 καὶαίώνια,
746 3079 841 3130 καὶ
866 3079 1163 3149 παράμονα
1192 3078 1287 3130 καὶ
1303 3079 1509 3145 ἄφθονα
1538 3077 1823 3147 λήψεσθαι,

1912 1997 2041 2045 esse,
2088 1993 2135 2034 et
2177 1984 2492 2035 coliazredem
2522 1982 2735 2044 Christi,
2770 1992 2925 2053 atque
2958 2001 3049 2053 per
3079 1992 3265 2036 cuncta
3300 1982 3495 2037 saecula

1913 2078 1960 2124 te
2006 2080 2352 2140 regnaturum
2396 2090 2514 2125 cum
2549 2089 2627 2135 eo,
2663 2082 2709 2125 et
2753 2076 3040 2143 [ruiturum
3086 2074 3283 2127 deliciis
3312 2076 3367 2126 in
3410 2073 3492 2125 lu-

1915 2164 2055 2216 mine
2084 2180 2300 2228 arcano,
2342 2180 2435 2233 per
2474 2164 2686 2231 inﬁnita
2732 2174 2779 2218 et
2822 2166 3235 2220 innumerabilia
3278 2166 3492 2231 scecula,

1916 2256 2357 2326 quemadmodum
2392 2265 2440 2308 et
2478 2255 2651 2309 Deus?
2695 2258 2895 2326 Utique
2938 2257 3091 2313 dices
3127 2277 3139 2312 :
3172 2258 3307 2313 Imo.
3361 2259 3497 2312 Pro-

1916 2356 2037 2417 pter
2070 2347 2213 2401 banc
2245 2348 2391 2401 enim
2440 2363 2661 2403 causam
2715 2348 2996 2419 digressus
3033 2365 3063 2404 e
3111 2352 3352 2416 mundo,
3412 2366 3497 2405 me

1919 2439 2094 2508 ipsum
2130 2439 2363 2493 Domino
2400 2438 2606 2494 dedidi.

1988 2531 2077 2587 Ill.
2110 2531 2372 2585 Examina
2418 2548 2551 2602 ergo
2600 2541 2652 2586 te
2694 2534 2894 2601 ipsum,
2929 2549 3060 2587 num
3102 2533 3243 2588 forte
3275 2542 3325 2589 te
3357 2534 3499 2588 dcti-

1919 2628 2086 2675 neant
2119 2620 2299 2674 adhuc
2354 2635 2501 2674 curae
2552 2630 2805 2685 terrcnm,
2874 2630 2927 2676 et
2974 2624 3286 2677 sollicitudo
3327 2624 3497 2677 multa

1922 2709 1989 2762 de
2019 2709 2269 2777 corporis
2297 2709 2445 2763 victu
2479 2718 2531 2763 et
2561 2711 2787 2775 amictu,
2818 2726 2923 2765 nec
2946 2726 3053 2765 non
3075 2712 3285 2781 reliqua
3320 2712 3498 2765 studia

1922 2808 1977 2853 et
2020 2801 2325 2863 recreatio;
2361 2801 2516 2869 quasi
2564 2809 2653 2855 tua
2702 2801 2963 2856 facultate
3006 2812 3293 2871 promptus
3326 2804 3400 2857 sis
3439 2818 3501 2856 ac

1924 2889 2214 2959 provideas
2240 2889 2337 2942 tibi
2384 2890 2507 2957 ipsi,
2550 2905 2671 2958 quae
2705 2890 2959 2944 mandata
2989 2893 3085 2945 tibi
3117 2900 3267 2956 sunt,
3291 2908 3359 2945 ne
3382 2908 3502 2945 orn-

1928 2982 2059 3033 nino
2106 2981 2181 3034 sis
2228 2981 2495 3035 sollicitus
2539 2981 2607 3035 de
2655 2991 2706 3035 te
2747 2982 2886 3051 ipso.
2921 2982 2975 3037 Si
3023 2984 3169 3037 enim
3218 2983 3399 3037 credis
3452 2992 3503 3037 ιο

1930 3070 2279 3131 immortalia,
2320 3080 2524 3124 aeterna
2582 3082 2637 3125 et
2670 3074 3045 3140 permanentia
3087 3082 3251 3143 atque
3299 3074 3502 3127 invidia

239 3167 391 3237 πόσῳ
421 3168 622 3237 μᾶλλον
643 3167 816 3221 ταῦτα
846 3167 913 3221 τὰ
937 3168 1322 3258 παρερχόμενα
1344 3166 1439 3219 καί⁸
1469 3169 1654 3258 γήϊνα,
1681 3166 1825 3258 άπερ
1852 3201 1895 3258 C

1852 3201 1895 3258 Ο
1928 3163 2170 3217 carentia
2222 3171 2649 3216 consecuturum
2701 3178 2843 3227 esse,
2889 3172 3097 3234 quanto
3170 3166 3341 3235 magis
3391 3166 3506 3219 lucc

240 3256 268 3306 δ
292 3254 423 3316 Θεὸς
457 3255 655 3307 δέδωκε
692 3255 785 3307 καὶ⁸
831 3256 1081 3308 ἀσεόέσιν
1105 3254 1557 3323 άνθρώποις,’καὶ
1586 3255 1813 3325 θηρίοις,

243 3347 332 3399 καὶ
357 3350 648 3410 πετεινοῖς,
677 3347 737 3399 οὑ
769 3346 1045 3409 πιστεύεις
1080 3346 1459 3416 παρασχέσθαι
1485 3364 1565 3399 σοι
1589 3346 1681 3397 τὸν
1714 3345 1827 3398 Κύ-

246 3434 585 3507 ριον,ῶσπερ
616 3436 709 3488 καὶ
734 3436 1057 3499 ἐνετείλατο,
1106 3438 1179 3507 μὴ
1219 3439 1490 3507 μεριμνᾷν
1514 3439 1651 3500 ὅλως
1697 3436 1827 3507 περὶ

243 3523 447 3577 τούτων
479 3524 669 3591 εἰπὼν,
727 3525 823 3591 Μὴ
860 3525 1269 3594 μεριμνήσητε
1322 3526 1376 3580 τί
1402 3526 1650 3595 φάγητε.
1697 3526 1737 3593 ἢ
1773 3528 1828 3580 τί

246 3618 442 3680 πίητε,
467 3615 505 3681 ἢ
556 3616 613 3667 τί
634 3614 1077 3682 περιϐάλλησθε
1097 3631 1108 3643 ’
1159 3617 1346 3670 ταῦτα
1391 3617 1502 3685 τὰρ
1534 3615 1732 3669 πάντα
1758 3616 1831 3668 τὰ

249 3712 397 3774 ἔθνη
426 3706 724 3773 enimn-:7;
744 3710 792 3757 εἰ
825 3707 879 3758 δὲ
906 3709 1032 3777 περὶ¹
1059 3708 1232 3761 ταῦτα
1260 3708 1340 3760 ἑτι
1376 3709 1645 3778 μέριμναν
1663 3709 1826 3777 ἔχεις,

252 3802 345 3854 καὶ
377 3802 478 3852 οὐκ
508 3799 898 3861 ὲνεπίστευσας
945 3799 1065 3851 ὅλον
1102 3799 1327 3853 σεαυτὸν
1358 3798 1433 3866 τῷ
1464 3798 1608 3868 λόγῳ
1638 3799 1824 3861 αὑτοῦ,

250 3892 439 3959 γνῶθι,
470 3892 552 3943 ὅτι
585 3892 653 3942 τὰ
678 3890 871 3942 αἰώνια
914 3890 1114 3957 ἀγαθὰ,
1143 3890 1288 3960 άπερ
1320 3891 1467 3942 ἐστὶν
1501 3892 1532 3959 ή
1586 3889 1829 3959 βασιλεία

253 3986 361 4039 τῶν
394 3987 663 4057 οὐρανῶν,
691 3986 874 4055 ἀκμὴν
905 3988 1008 4038 οὐκ
1032 3988 1361 4049 ἐπίστευσας
1382 3987 1589 4047 λαϐεῖν,
1619 3988 1712 4039 καὶ
1746 4004 1825 4039 νο-

258 4080 432 4147 μίξεις
480 4079 777 4139 πιστεύειν,
834 4079 913 4128 ἑτι
964 4081 1020 4130 ὲν
1054 4081 1165 4140 τοῖς
1200 4081 1416 4148 μικροῖς
1456 4082 1550 4130 καὶ
1576 4078 1831 4146 φθαρτοῖς

255 4172 482 4232 ἄπιστος
526 4170 944 4240 εὐρισκόμενοςο
978 4172 1071 4223 καὶ
1098 4171 1279 4233 πάλιν,
1311 4172 1536 4237 Ὥσπερ
1574 4172 1638 4223 τὸ
1663 4170 1834 4238 σῶμα

256 4258 596 4327 τιμιώτερόν
614 4260 746 4312 ἐστι
776 4260 883 4313 τοῦ
905 4260 1258 4329 ἐνδύματος,
1286 4260 1439 4312 οὕτω
1470 4260 1567 4312 καὶ
1602 4260 1637 4326 ἠ
1661 4259 1831 4328 ψυχὴ

256 4348 563 4416 τιμιωτέρα
589 4349 718 4401 ἐστὶ
751 4349 857 4401 τοῦ
890 4349 1183 4416 σώματος.
1236 4349 1547 4412 Πιστεύεις
1600 4350 1831 4413 τοίνυν,

258 4442 348 4493 ὅτι
380 4441 415 4506 ἠ
446 4440 616 4507 ψυχή
640 4455 757 4492 σου
798 4440 917 4493 ὑπὸ
946 4440 1204 4506 Χριστοῦ
1238 4436 1406 4491 ιασιν
1432 4439 1687 4506 δέχεται,
1716 4437 1835 4491 ἀπὸ

1928 3253 2137 3308 caduca
2168 3261 2224 3308 et
2280 3263 2517 3318 terrena,
2580 3270 2702 3322 quae
2750 3256 2894 3310 Deus
2926 3258 3161 3310 contulit
3192 3257 3273 3310 vel
3325 3256 3507 3324 impiis

1927 3345 2267 3407 hominibus,
2309 3344 2503 3399 bestiis
2545 3360 2610 3399 ac
2656 3346 3000 3411 volucribus,
3053 3348 3281 3401 credere
3338 3347 3509 3399 debes

1929 3436 2220 3488 Dominum
2268 3435 2369 3488 tibi
2420 3435 2769 3505 largiturum,
2832 3445 2893 3490 ut
2938 3452 3160 3506 quoque
3222 3437 3504 3507 praecepit.

1930 3539 2156 3593 prorsus
2207 3538 2317 3577 non
2367 3523 2436 3578 de
2494 3524 2582 3578 bis
2635 3524 2932 3579 sollicitum
2986 3540 3130 3590 esse,
3163 3524 3384 3579 dicens:
3434 3524 3512 3577 Ne

1928 3615 2142 3668 solliciti
2183 3616 2296 3667 sitis
2327 3614 2452 3683 quid
2503 3616 2850 3678 manducetis,
2894 3625 2988 3668 aut
3013 3617 3137 3685 quid
3157 3617 3367 3679 bibatis,
3416 3624 3510 3669 aut

1931 3723 2031 3775 quo
2062 3707 2399 3775 operiamini.
2436 3706 2559 3759 ch
2586 3709 2723 3758 cnim
2747 3708 2923 3760 omnia
2956 3718 3132 3777 gentes
3160 3709 3513 3777 inquirunt”?

1934 3798 2026 3851 Sin
2056 3798 2237 3850 dehis
2266 3798 2449 3850 adhuc
2477 3812 2666 3850 curam
2698 3798 2867 3866 geris,
2898 3813 3000 3851 nec
3036 3799 3217 3853 credis
3254 3809 3306 3852 te
3332 3799 3511 3867 ipsum

1935 3896 2105 3939 totum
2141 3887 2312 3940 verbo
2360 3888 2529 3950 illius,
2586 3889 2743 3948 scito,
2783 3896 2855 3950 te,
2887 3889 3033 3955 quod
3084 3898 3289 3942 aiterna
3344 3888 3510 3951 bona,

1933 3991 2054 4043 qua:
2086 3985 2214 4030 sunt
2234 3991 2465 4045 regnum
2501 3977 2789 4040 cmlorum,
2820 3985 3218 4031 consecuturus
3249 3980 3345 4042 sis,
3375 3993 3516 4031 non-

1934 4066 2063 4118 dum
2095 4066 2344 4129 credere,
2379 4068 2630 4134 quamvis
2670 4075 2827 4134 putes
2861 4077 2912 4120 te
2935 4067 3184 4131 credere,
3215 4068 3300 4122 vel
3332 4068 3517 4123 adhuc

1936 4156 1991 4209 in
2018 4156 2231 4225 exiguis
2256 4166 2312 4210 et
2357 4157 2819 4225 corruptibilibus
2853 4158 3175 4212 incredulus
3204 4158 3516 4228 deprehen-

1936 4264 2049 4302 sus.
2078 4248 2145 4301 Et
2176 4248 2377 4301 iterum
2420 4264 2435 4302 :
2478 4248 2623 4301 Sicut
2657 4265 2845 4318 corpus
2889 4248 3006 4317 plus
3049 4259 3123 4302 est
3168 4267 3329 4319 quam
3364 4252 3517 4304 uesti-

1937 4347 2191 4401 mentum,
2228 4340 2301 4390 sic
2327 4340 2508 4391 animo
2563 4340 2679 4408 plus
2703 4348 2777 4393 est
2812 4357 2971 4409 quam
3000 4358 3191 4410 corpus
3227 4342 3291 4394 ιο.
3325 4342 3519 4397 Credis

1937 4448 2087 4503 ergo,
2118 4434 2355 4485 animam
2388 4440 2532 4484 tuam
2560 4447 2655 4500 per
2696 4430 2960 4485 Christum
2990 4432 3248 4486 medelam
3276 4451 3519 4504 consequi

259 4527 377 4581 τῶν
414 4530 666 4581 αἰωνίων
697 4528 795 4580 καί
838 4529 1255 4595 ἀθεραπεύτων
1313 4527 1473 4595 παρὰ
1506 4527 1835 4594 ἀνθρώποις
1870 4540 1911 4593 υ

1870 4540 1911 4593 ι)
1942 4543 1973 4577 α
2010 4525 2272 4593 perpetuis
2301 4531 2350 4576 et
2374 4523 2750 4576 incurabilibus
2774 4525 2915 4593 apud
2940 4526 3172 4578 homines
3195 4526 3516 4589 vulneribus,

257 4621 625 4687 τραυμάτων,
646 4620 763 4673 τῶν
793 4620 997 4673 παθῶν
1018 4620 1128 4688 τῆς
1146 4620 1407 4689 ἀτιμίας,
1428 4618 1503 4672 δι’
1522 4617 1601 4685 ῆν
1616 4619 1711 4671 καί
1728 4615 1839 4686 ἦλ-

261 4716 366 4763 θεν
393 4710 651 4763 ἐνταῦθα
672 4714 704 4764 ό
733 4712 951 4779 Κύριος
975 4713 1074 4763 ἵνα
1094 4711 1209 4765 νῦν
1238 4712 1344 4776 τὰς
1372 4710 1577 4778 ψυχὰς
1602 4708 1721 4762 τῶν
1743 4691 1838 4761 πῖ-

260 4799 427 4853 στῶν
459 4802 800 4869 θεραπεύσῃ
830 4803 897 4855 ἐκ
930 4800 1047 4855 τῶν
1070 4802 1330 4856 ἀνιάτων
1358 4801 1584 4865 παθῶν,
1615 4802 1713 4851 καὶ
1736 4817 1841 4853 κα-

262 4892 479 4957 θαρίσῃ
513 4891 580 4943 ἐκ
606 4891 713 4943 τοῦ
754 4893 962 4958 ῥύπου
1005 4890 1114 4960 τῆς
1147 4892 1376 4959 λέπρας
1404 4890 1516 4959 τῆς
1548 4890 1778 4955 κακίας,
1810 4894 1843 4945 ό

257 4982 445 5050 μόνος
463 4982 751 5049 ἀληθινὸς
775 4985 972 5051 ἰατρὸς
1005 4985 1103 5039 καὶ
1129 4986 1531 5055 θεραπευτής;

335 5075 407 5126 Δ’.
471 5074 665 5143 Ἐρεῖς,
720 5076 965 5141 Πάντως
1011 5080 1291 5133 πιστεύω.
1338 5080 1439 5145 Εἰς
1498 5080 1674 5134 τοῦτο
1729 5078 1837 5147 γὰρ

264 5163 516 5230 ἕστηκα,
570 5166 669 5219 καί
700 5168 926 5234 ταύτην
971 5168 1089 5235 ἔχω
1117 5169 1232 5235 τὴν
1250 5170 1638 5237 προσδοκίαν.
1665 5168 1836 5221 Γνῶθι

266 5255 465 5319 τοίνυν,
502 5257 800 5327 ἐρευνήσας
832 5258 1086 5321 σεαυτὸν,
1123 5259 1196 5327 μή
1236 5260 1368 5312 ποτέ
1411 5277 1471 5312 σε
1508 5263 1576 5313 τὰ
1602 5258 1838 5330 σαρκικὰ

268 5345 415 5414 πάθη
446 5345 583 5415 πρὸς
615 5348 829 5417 ἰατροὺς
863 5350 1084 5418 γηῖνους
1135 5350 1421 5421 ἀποφέρει,
1476 5352 1551 5414 ώς
1583 5348 1839 5421 Χριστοῦ,

268 5428 313 5502 ᾧ
336 5436 685 5501 ἔπίστιυσας,
707 5438 783 5508 μὴ
810 5439 1109 5509 δυναμένου
1132 5458 1190 5493 σε
1212 5441 1567 5511 θεραπεῦσαι.
1604 5442 1708 5493 Ἴδε
1726 5440 1843 5503 πῶς

274 5530 496 5582 σεαυτὸν
523 5531 854 5601 άπατᾷς,ὃτι
882 5531 1121 5602 νομίζεις
1157 5534 1453 5600 πιστεύειν,
1482 5534 1709 5604 μηδέπω
1754 5549 1843 5584 πι-

274 5620 499 5683 στεύων,
530 5622 603 5685 ώς
644 5622 723 5675 δεῖ
748 5622 809 5687 ὲξ
858 5624 1135 5694 ἀληθείας.
1182 5628 1243 5679 Εἰ
1267 5627 1375 5696 γὰρ
1411 5627 1480 5681 τά
1522 5626 1717 5679 αἰώνια
1750 5626 1842 5679 καὶ

347 5799 369 5829 ν
407 5800 597 5853 Matth.
627 5817 694 5867 γι,
723 5801 811 5854 5:2.
896 5804 935 5830 ια
965 5804 1100 5857 ibid.
1138 5804 1223 5857 εκ.

1940 4615 2299 4685 ignominiosis
2360 4615 2611 4667 nimirum
2672 4614 3047 4684 affectionibus,
3098 4626 3519 4687 proptergquam

1940 4724 2141 4778 quoque
2170 4710 2269 4760 huc
2296 4709 2433 4761 venit
2471 4707 2747 4772 Dominus,
2784 4717 2842 4761 ut
2880 4725 3017 4761 nunc
3047 4712 3256 4763 animas
3282 4710 3520 4777 ﬁdelium

1940 4807 2085 4853 curet
2112 4817 2144 4851 a
2172 4816 2277 4852 non
2322 4798 2639 4851 curabilibus
2672 4800 3050 4867 affectionibus,
3096 4807 3146 4852 et
3191 4811 3434 4871 repurget
3485 4818 3519 4853 α

1943 4892 2179 4946 sordibus
2216 4889 2371 4960 leprae
2427 4890 2690 4959 nequitiae,
2718 4892 2806 4959 qui
2840 4890 2983 4945 solus
3016 4907 3170 4945 verus
3210 4892 3437 4944 medicus
3471 4898 3518 4943 et

1942 4995 2155 5037 curator
2184 4992 2281 5034 est.

2014 5075 2101 5129 IV.
2132 5075 2325 5128 Dices:
2359 5072 2543 5140 Utique
2592 5072 2763 5125 credo.
2808 5071 2868 5125 In
2896 5072 2989 5125 hoc
3020 5074 3160 5126 enim
3199 5073 3441 5136 consisto,
3473 5080 3523 5126 et

1943 5168 2083 5219 hanc
2119 5166 2263 5235 foveo
2307 5179 2451 5232 spem
2482 5179 2546 5215 ac
2570 5162 2843 5229 ﬁduciam.
2872 5161 3220 5232 Quapropter
3254 5177 3522 5232 cognosce

1943 5272 2007 5311 ac
2035 5264 2282 5312 scrutare
2312 5264 2363 5308 te
2400 5254 2601 5323 ipsum,
2636 5269 2767 5306 num
2801 5253 3095 5323 aliquando
3126 5253 3301 5307 morbi
3325 5267 3521 5322 corpo-

1944 5350 2024 5404 rei
2056 5348 2124 5402 ad
2149 5347 2391 5401 medicos
2423 5354 2676 5400 terrenos
2707 5356 2758 5401 te
2784 5346 3084 5408 deducant,
3115 5346 3346 5415 perinde
3376 5360 3440 5399 ac
3468 5345 3513 5399 si

1942 5442 2213 5505 Christus,
2250 5440 2338 5493 cui
2390 5439 2696 5503 credidisti,
2743 5448 2980 5507 nequeat
3010 5447 3062 5491 te
3122 5453 3335 5491 curare.
3385 5437 3521 5491 Vide

1944 5548 2055 5603 quo
2074 5540 2235 5602 pacto
2259 5539 2313 5585 te
2338 5530 2517 5599 ipsum
2551 5529 2811 5597 decipias,
2849 5529 2977 5597 quia
3002 5538 3162 5597 putas
3190 5537 3242 5581 te
3270 5526 3518 5584 credere.

1945 5624 2040 5692 qui
2086 5621 2352 5686 nondum,
2414 5630 2474 5675 ut
2528 5627 2767 5689 oportet,
2829 5634 2955 5673 vere
3024 5617 3223 5674 credis.
3275 5617 3329 5673 Si
3372 5616 3519 5671 enim
