4254 6358
790 378 889 440 811
2036 385 2094 445 S.
2133 384 2453 445 MACARII

2384 384 2453 444 ,ΙΙ
2494 381 2610 443 EG
2621 381 2814 443 ΥΡΤΙῙ
3949 379 4064 449 812

784 501 984 545 aeterna
1023 500 1081 547 et
1113 493 1437 550 incurabilia
1468 494 1793 550 immortalis
1824 494 2019 550 anima:
2059 494 2286 548 vulnera
2313 503 2370 548 et
2395 496 2446 554 Α

2395 496 2446 554 Α
2470 492 2821 562 ἀθεράπευτα
2844 489 2941 560 τῆς
2965 489 3237 544 ἀθανάτου
3254 489 3436 560 ψυχῆς
3450 490 3763 563 τραύματα,
3781 490 3878 547 καὶ
3900 494 4059 564 πάθη

787 582 1107 639 aﬂ'ectiones
1154 586 1381 657 vitiosas
1424 586 1758 642 credidisses
1812 601 1843 640 a
1903 584 2125 640 Christo
2155 582 2362 646 curari,
2464 606 2467 635 τ

2464 586 2663 648 κακίας
2682 584 3009 647 ἐπίστευσας
3047 584 3153 636 ὑπὸ
3191 582 3427 653 Χριστοῦ
3455 585 3892 655 θεραπευθῆναι,
3930 588 4061 639 ἐπί-

785 673 1044 729 crederes
1090 691 1312 746 quoque
1358 693 1486 731 eum
1532 692 1694 746 posse
1740 691 1936 731 curare
1982 684 2366 745 temporancas

2466 692 2652 738 στευες
2685 675 2750 729 ἂν
2767 674 2915 743 αὐτῷ
2940 674 3151 743 δυνατῷ
3169 673 3284 726 δντι
3304 674 3655 744 θεραπεύειν,
3673 676 3769 728 καὶ
3788 677 3861 729 τὰ
3880 678 4057 745 πρόσ-

787 768 1035 834 corporis
1056 768 1375 825 affectiones
1399 779 1455 823 et
1482 770 1725 833 morbos,
1747 778 1911 837 atque
1928 768 1995 822 ad
2027 783 2154 822 eum
2185 766 2363 822 solum
2465 787 2467 795 η

2465 784 2631 835 καιρα
2679 765 2773 818 τοῦ
2813 764 3063 834 σώματος
3106 763 3255 833 πάθη
3295 765 3390 817 καὶ
3415 766 3722 834 νοσήματα,
3764 768 3863 819 καὶ
3910 768 4057 835 πρὸς

787 855 1112 927 confugeres
1145 859 1393 930 neglecta
1437 861 1776 915 medicorum
1817 860 2090 915 industria
2121 867 2177 913 et
2206 872 2362 912 cura.
2466 890 2467 904 η

2466 858 2629 911 αὑτὸν
2657 858 2724 911 ἂν
2753 858 2913 927 μόνον
2951 856 3289 924 κατέφευγες
3325 856 3613 926 ὑπερορῶν
3645 858 3910 927 ἰατρικῶν
3931 861 4060 911 ἐπι·

786 945 892 1011 Qui
923 948 1069 1002 enim
1118 949 1355 1003 animam
1402 950 1671 1015 condidit,
1721 951 1838 1020 ipse
1894 964 2115 1020 quoque
2165 962 2367 1015 corpus
2464 974 2466 985 ι

2464 951 2835 1022 τηδευμάτων,
2868 950 2961 1004 καὶ
2988 948 3315 1019 θεραπειῶν,
3361 948 3420 1002 '0
3460 950 3571 1019 γάρ
3588 951 3689 1021 τὴν
3715 951 3896 1021 ψυχὴν
3935 953 4059 1003 κτί-

789 1039 1033 1093 creavit:
1067 1048 1124 1094 et
1156 1042 1250 1109 qui
1286 1042 1433 1097 illam
1456 1042 1823 1096 immortalem
1857 1050 2033 1105 sanat,
2059 1039 2205 1095 idem
2226 1052 2365 1108 quo.
2468 1072 2469 1077 η

2468 1060 2587 1107 σας,
2609 1042 2771 1105 αὐτὸς
2791 1043 2885 1096 καὶ
2913 1042 2975 1096 τὸ
3004 1041 3164 1111 σῶμα
3192 1041 3462 1109 πεποίηκε
3483 1058 3497 1071 ·
3531 1042 3627 1094 καὶ
3654 1042 3685 1094 6
3712 1042 3933 1112 ἐκείνην
3950 1044 4058 1110 τὴν

789 1143 897 1196 que
929 1143 1132 1201 corpus
1170 1148 1200 1186 a
1238 1132 1608 1202 temporaneis
1639 1131 2029 1188 affectionibus
2057 1139 2114 1186 et
2150 1128 2383 1205 morbis”
2466 1161 2469 1181 ι

2377 1202 2383 1205 _
2466 1134 2734 1187 ἀθάνατον
2758 1132 3009 1203 ἰώμενος,
3054 1131 3219 1193 αὐτὸς
3259 1133 3320 1186 τὸ
3359 1131 3521 1203 σῶμα
3544 1133 3769 1187 δύναται
3798 1135 3911 1187 ἀπὸ
3941 1134 4057 1187 τῶν

790 1234 984 1275 curare
1011 1232 1211 1290 potest.
2468 1248 2470 1257 ‘

2468 1225 2819 1296 προσκαίρων
2855 1224 3043 1276 παθῶν
3071 1224 3168 1278 καὶ
3206 1225 3531 1295 νοσημάτων
3561 1222 3920 1294 θεραπεῦσαι.

861 1308 923 1362 ν.
967 1310 1163 1365 Verum
1193 1312 1382 1382 utique
1416 1313 1534 1369 hac
1558 1313 1691 1367 mihi
1730 1312 1915 1367 dices:
1945 1310 2027 1366 Ad
2057 1310 2366 1365 medendum
2538 1322 2541 1328 '

2538 1320 2616 1373 E'.
2670 1318 2831 1372 Ἀλλά
2881 1316 3096 1379 πάντως
3141 1317 3285 1386 ἐρεῖς
3341 1332 3431 1386 μοι
3463 1315 3635 1368 ταῦτα
3657 1332 3670 1346 ·
3707 1312 3791 1379 Τῷ
3818 1314 4056 1383 σώματι

789 1404 997 1470 corpori
1026 1407 1275 1459 concessit
1313 1406 1450 1460 Deus
1493 1415 1605 1460 tum
1638 1405 1824 1460 herbas
1854 1413 2029 1468 teme,
2059 1411 2171 1457 tum
2203 1405 2368 1474 phar—
2467 1450 2469 1463 .

2467 1413 2693 1467 ἔδωκεν
2713 1416 2746 1467 d
2762 1412 2909 1477 Θεὸς
2934 1414 3021 1477 εἰς
3049 1411 3389 1477 θεραπείαν,
3420 1408 3529 1474 τάς
3562 1426 3628 1463 τε
3650 1408 3923 1474 βοτάνας
3943 1406 4057 1474 τῆς

791 1510 968 1557 maca,
997 1504 1153 1565 atque
1216 1497 1537 1551 medicorum
1582 1499 1749 1567 oﬂicia
1798 1498 1867 1550 ad
1892 1496 2125 1565 corporis
2162 1496 2368 1549 morbos
2468 1529 2471 1542 ι

2468 1504 2602 1575 τῆς.
2634 1503 2735 1562 καὶ
2776 1504 2849 1556 τὰ
2864 1503 3166 1571 φάρμακα,
3204 1502 3304 1554 καί
3334 1499 3556 1567 ἰατρῶν
3583 1500 4052 1568 ἐπιτηδεύματα,

789 1590 1147 1655 praparavit,
1188 1590 1489 1659 disponens,
1524 1600 1582 1642 ut
1636 1606 1825 1659 corpus
1858 1604 1886 1640 e
1926 1597 2071 1641 terra
2099 1596 2368 1655 sumptum
2467 1636 2469 1647 λ

2467 1596 2619 1663 πρὸς
2640 1596 2708 1649 τὰ
2737 1593 2844 1647 τοῦ
2876 1593 3151 1661 σώματος
3171 1590 3330 1657 πάθη
3354 1592 3803 1660 προευτρέπισε,
3836 1591 3910 1643 τὸ
3929 1591 4053 1644 ἀπὸ

790 1678 949 1730 variis
978 1696 1006 1730 e
1035 1688 1179 1734 terra
1209 1684 1335 1735 ortis
1358 1681 1620 1751 speciebus
1644 1689 1876 1735 curetur.
1919 1679 2197 1735 Conﬁteor
2233 1693 2369 1748 quo-
2467 1715 2470 1726 .

2467 1688 2581 1758 τῆς
2598 1687 2671 1741 6r
2690 1686 2861 1755 σῶμα
2888 1684 3319 1749 θεραπεύεσθαι
3348 1681 3785 1751 οἰκονομήσας,
3816 1683 3889 1734 ἐκ
3930 1680 4054 1733 τῶν

789 1785 896 1837 que
941 1786 1042 1841 ego
1070 1772 1185 1827 haec
1212 1773 1283 1826 ita
1320 1788 1377 1826 se
1411 1773 1644 1837 habere;
1678 1788 1869 1826 verum
1924 1769 2168 1831 attende,
2200 1779 2256 1824 et
2286 1770 2369 1822 in-

2469 1779 2582 1846 τῆς
2626 1776 2738 1847 τῆς
2783 1775 3081 1843 διαφόρων
3118 1771 3312 1825 εἰδῶν.
3379 1771 3643 1841 Σύμφημι
3692 1769 3850 1837 κάγὼ
3875 1768 4054 1821 ταῦτα

791 1860 1000 1932 telliges
1046 1864 1295 1928 modum,
1331 1865 1535 1933 quibus
1584 1865 1701 1917 haec
1745 1862 1871 1917 data
1921 1862 2050 1924 sint,
2083 1868 2140 1915 et
2163 1860 2367 1929 quibus
2400 1848 2471 1917 Br

2400 1848 2439 1902 Β
2467 1870 2640 1932 οὕτως
2667 1868 2811 1938 ἔχειν
2833 1882 2847 1897 ⁸
2865 1865 3002 1919 ἀλλά
3031 1864 3290 1934 πρόσεχε,
3343 1863 3438 1916 καὶ
3468 1862 3653 1932 γνώσῃ
3681 1861 3771 1913 τὸν
3822 1860 4051 1928 τρόπον,

790 1951 903 2005 haec
924 1956 1257 2009 concesserit
1280 1956 1423 2009 Deus
1458 1970 1671 2009 summa
1701 1961 1757 2008 et
1784 1953 1995 2006 inﬁnita
2027 1951 2367 2005 humanitate
2468 1983 2470 1993 ι

2468 1962 2579 2015 τίσι
2636 1958 2812 2014 ταῦτα
2860 1958 3092 2023 δέδοται,
3155 1956 3251 2009 καὶ
3278 1954 3419 2008 τίσιν
3440 1952 3850 2023 ᾠκονόμησενό
3895 1950 4051 2012 Θεὸς,

786 2055 849 2093 ac
918 2041 1255 2113 benignitate
1302 2044 1522 2098 ductus.
1579 2042 1715 2097 Cum
1766 2041 2063 2097 excidisset
2113 2040 2279 2093 homo
2336 2054 2368 2093 a

2467 2050 2611 2103 κατά
2632 2048 2832 2119 πολλὴν
2854 2048 2947 2100 καὶ
2974 2046 3204 2114 ἀπειρον
3235 2042 3647 2113 φιλανθρωπίαν
3668 2041 3762 2093 καὶ
3813 2039 4054 2110 χρηστό-

786 2130 1062 2193 mandato.
1103 2132 1249 2200 quod
1299 2142 1607 2202 acceperat,
1644 2140 1700 2186 et
1734 2131 1944 2202 judicio
1970 2131 2065 2185 ira:
2090 2131 2367 2185 obnoxius
2465 2166 2466 2173 η

2465 2157 2625 2211 τητα.
2662 2136 2941 2192 Ἐκπεσὼν
2979 2139 3009 2189 6
3036 2139 3324 2206 ἄνθρωπος
3349 2133 3458 2187 ἀπὸ
3487 2133 3590 2201 τῆς
3618 2131 3840 2199 ἐντολῆς
3873 2124 3943 2198 ἧς
3970 2130 4052 2181 sic

785 2218 967 2274 factus
990 2232 1154 2283 esset,
1194 2232 1250 2278 et
1284 2224 1435 2279 velut
1476 2225 1527 2278 in
1564 2222 1940 2292 captivitatem
1970 2230 2027 2275 et
2056 2221 2364 2286 infamiam,

2465 2231 2653 2302 λήφει.
2692 2234 2788 2286 καὶ⁵
2813 2230 2920 2284 ὑπὸ
2948 2229 3048 2295 τὴν
3093 2229 3371 2296 ἀπόφασιν
3400 2226 3573 2296 ὀργῆς
3626 2221 3897 2293 γεγονὼς,
3954 2220 4051 2273 καὶ

789 2308 948 2380 154
960 2319 1015 2363 et
1032 2312 1085 2364 in
1105 2313 1387 2382 cujusdam
1406 2313 1609 2368 metalli
1629 2312 1920 2377 ofﬁcinam,
1936 2328 1967 2366 a
1984 2312 2196 2365 deliciis
2209 2327 2363 2380 para-
2466 2347 2469 2371 .

2466 2323 2653 2392 ὥσπερ
2686 2322 2767 2383 εἰς
2822 2318 3201 2389 αἰχμαλωσίαν
3255 2316 3349 2369 καὶ
3406 2313 3653 2383 ἀτιμίαν,
3704 2312 3738 2379 ἢ
3781 2309 4048 2379 μετάλλου

784 2401 889 2457 disi
914 2404 968 2457 in
1007 2405 1153 2461 hunc
1176 2408 1443 2461 mundum
1468 2408 1887 2471 exterminatus,
1912 2414 1969 2461 et
1996 2404 2099 2459 sub
2126 2413 2367 2475 potcsla-
2463 2440 2464 2446 η

2463 2414 2609 2476 τινὸς
2633 2412 2917 2483 ἐργασίαν,
2946 2412 3008 2462 ἐκ
3030 2410 3128 2478 τῆς
3152 2408 3365 2480 τρυφῆς
3387 2406 3480 2459 τοῦ
3503 2403 3838 2475 παραδείσου
3860 2405 3944 2462 εἰς
3958 2402 4049 2454 τὸν

786 2504 894 2550 tem
920 2498 1270 2552 tenebrarum
1302 2499 1577 2563 redactus,
1608 2498 1851 2552 inlidelis
1879 2511 2073 2552 errore
2119 2494 2366 2549 aﬂ'ectio-
2464 2524 2466 2530 ι

2464 2503 2667 2573 κόσμον
2692 2500 2880 2554 τοῦτον
2910 2497 3231 2569 ἐξορισθεὶς,
3274 2497 3369 2550 καὶ
3402 2495 3505 2549 ὑπὸ
3537 2494 3637 2565 τὴν
3667 2491 3923 2557 ἐξουσίαν
3953 2491 4048 2544 τοῦ

785 2601 916 2640 num
939 2587 1188 2643 redditus
1209 2597 1375 2651 esset,
1398 2590 1616 2645 tandem
1640 2591 1694 2645 in
1717 2591 2035 2646 aﬂ‘ectiones
2057 2600 2116 2646 et
2143 2588 2366 2644 morbos

2364 2624 2366 2636 .
2466 2596 2690 2659 σκότους
2712 2592 2973 2663 γεγονὼς,
3004 2591 3101 2644 καὶ
3129 2591 3355 2651 ἄπιστος
3388 2588 3496 2640 τῶν
3524 2584 3713 2638 παθῶν
3738 2582 4044 2645 κακαστάς,

783 2678 969 2731 carnis
1006 2679 1219 2744 incidit,
1251 2682 1344 2749 qui
1375 2682 1528 2752 prius
1553 2682 1732 2737 omnis
1765 2682 2077 2739 aﬂ‘ectionis
2098 2691 2157 2737 et
2184 2680 2365 2736 morbi

2464 2686 2571 2738 ὑπὸ
2605 2686 2674 2737 τὰ
2710 2683 2858 2753 πάθη
2889 2681 3098 2745 λοιπὸν,
3129 2682 3225 2734 καὶ
3254 2680 3324 2734 τὰ
3372 2679 3662 2748 νοσήματα
3707 2675 3809 2744 τῆς
3840 2673 4048 2743 σαρκὸς

782 2781 904 2823 erat
955 2786 1169 2839 expers.
1203 2772 1361 2827 Patet
1387 2788 1519 2843 ergo
1558 2787 1750 2828 omnes
1775 2788 1996 2842 quoque
2031 2788 2099 2827 ex
2147 2788 2217 2828 eo
2236 2788 2365 2843 pro-

2463 2778 2778 2838 πέπτωκεν,
2807 2777 2837 2829 6
2866 2775 2998 2845 πρὶν
3023 2774 3263 2844 ἀπαθὴς,
3278 2773 3372 2827 καὶ
3412 2771 3622 2831 ἄνοσος.
3653 2767 3822 2838 Δῆλον
3845 2767 3905 2819 δὲ
3962 2766 4046 2819 ὅτι

783 2860 999 2928 genitos
1034 2863 1090 2914 in
1121 2862 1342 2917 easdem
1371 2862 1694 2918 an‘ectiones
1728 2862 1982 2933 delapsos
2007 2877 2150 2918 esse.

2463 2871 2558 2922 καὶ
2586 2870 2783 2930 πάντες
2820 2867 2871 2920 oi
2894 2866 2957 2931 ἐξ
2987 2864 3155 2920 αὐτοῦ
3184 2864 3539 2935 γεννηθέντες
3572 2862 3685 2924 τοῖς
3719 2860 3908 2921 αὐτοῖς
3940 2858 4048 2912 πά·-

2465 2961 2614 3013 θεσιν
2636 2956 3121 3011 ὑποπεπτώκασιν.

861 3055 942 3110 VI.
968 3056 1254 3112 Concessit
1284 3072 1417 3127 ergo
1455 3057 1572 3112 hac
1602 3057 1749 3111 Deus
1777 3056 2013 3112 infirmis
2037 3066 2094 3112 et
2124 3056 2362 3111 inﬂdeli-
2501 3055 2541 3117 (τι

2501 3054 2594 3117 (τ’.
2657 3049 2987 3119 ᾪκονόμησε
3035 3046 3214 3100 τοίνυν
3255 3044 3431 3099 ταῦτα
3480 3046 3592 3105 τοϊς
3647 3042 3901 3096 ἀσθενέσι
3952 3042 4046 3094 καὶ

786 3146 912 3209 bus,
936 3148 1127 3203 nolens
1157 3149 1383 3203 omnino
1414 3148 1592 3217 perire
1612 3149 1909 3202 obnoxium
1934 3148 2176 3218 peccatis
2190 3162 2364 3217 genus
2388 3190 2432 3250 Ο
2464 3171 2466 3186 ι

2388 3190 2432 3250 C
2464 3142 2714 3200 ἀπίστοις
2748 3139 2951 3202 όΘεὸς,
2992 3139 3068 3208 μὴ
3100 3137 3387 3207 βουληθεὶς
3427 3135 3705 3197 παντελῶς
3734 3134 4046 3202 ἐξολοθρεῦ-

2483 3249 2496 3250 κ
2607 3230 2653 3250 _\
2705 3229 3020 3250 L,___,_u__
3075 3229 3178 3250 _.-___
3219 3228 3247 3250 ι.
3284 3226 3811 3250 Δ,-ι,.,,,,,,,ι,,,,ε,,ι,
3842 3225 4044 3250 __“,___

789 3235 1111 3303 humanum,
1149 3254 1249 3309 pro
1299 3254 1511 3293 summa
1540 3254 1638 3293 sua
1684 3239 1998 3293 clementia.
2058 3238 2165 3292 Sed
2212 3225 2469 3292 deditut

2388 3225 2432 3250 ν
2468 3249 2557 3284 σαι
2601 3230 2662 3284 τὺ
2696 3229 3021 3301 ἁμαρτωλὸν
3071 3229 3179 3282 τῶν
3214 3226 3519 3300 ἀνθρώπων
3542 3226 3701 3293 γένος
3722 3226 3813 3278 διά
3841 3225 4045 3291 πολλὴν

791 3333 856 3386 ad
891 3332 1333 3399 refocillandum,
1353 3335 1678 3399 sanandum,
1710 3342 1768 3388 et
1799 3334 2106 3388 curandum
2140 3346 2362 3401 corpus,
2464 3342 2471 3394 ζ

2464 3323 2831 3395 χρηστότητα.
2865 3321 3006 3374 Ἀλλ’
3031 3320 3231 3373 ἔδωκεν
3256 3321 3335 3383 είς
3363 3318 3723 3389 ψυχαγωγίαν
3757 3318 3851 3371 καὶ
3881 3318 4044 3386 θερα-

790 3422 1082 3493 pharmaca
1139 3424 1304 3495 hujus
1362 3423 1555 3478 mundi
1604 3423 1922 3478 hominibus
1984 3432 2041 3476 et
2086 3422 2366 3477 extraneis
2467 3434 2470 3444 ‘

2467 3414 2629 3467 πείαν
2661 3414 2757 3466 καὶ
2789 3413 3108 3480 ἐπιμέλειαν
3135 3411 3230 3464 τοῦ
3260 3412 3515 3481 σώματος
3540 3409 3612 3463 τὰ
3635 3410 3905 3481 φάρμακα
3934 3413 4047 3471 τοίς

786 3515 1045 3571 omnibus
1081 3534 1094 3569 :
1129 3515 1332 3585 quibus
1355 3516 1524 3570 etiam
1556 3529 1651 3568 eos
1685 3514 1766 3568 uti
1796 3513 2066 3582 permisit,
2102 3514 2196 3582 qui
2228 3527 2366 3567 non-
2463 3528 2466 3540 ·

2364 3548 2366 3555 ,
2463 3504 2561 3558 τοῦ
2579 3506 2784 3575 κόσμου
2816 3504 3150 3575 ἀνθρώποις,
3180 3504 3275 3556 καὶ
3307 3506 3421 3567 τοῖς
3438 3502 3542 3566 ἔξω
3566 3505 3702 3556 πᾶσι
3723 3520 3737 3533 ’
3768 3501 4044 3564 κάκείνοις

787 3606 919 3659 dum
952 3606 1064 3660 Deo
1116 3621 1175 3661 se
1222 3614 1367 3661 totos
1416 3606 1752 3661 concredere
1801 3613 2052 3673 possunt.
2086 3604 2169 3658 Tu
2206 3619 2361 3667 vero,

2468 3596 2812 3666 συνεχώρησε
2843 3595 3069 3657 τούτους
3107 3594 3343 3665 χρᾶσθαι
3365 3596 3495 3657 τοὺς
3537 3594 3615 3663 τῷ
3655 3593 3774 3664 Θεῷ
3817 3593 4042 3663 μηδέπω

786 3699 881 3766 qui
911 3698 1212 3751 solitariam
1248 3698 1365 3767 agis
1398 3698 1588 3760 vitam,
1621 3696 1715 3764 qui
1775 3695 2056 3749 accessisti
2109 3694 2175 3748 ad
2204 3694 2364 3749 Chri-
2465 3715 2466 3728 ι

2360 3726 2364 3735 .
2465 3688 2796 3757 δυναμένους
2847 3688 2906 3754 ἐξ
2960 3688 3082 3740 ὅλου
3121 3688 3348 3749 ἑαυτοὺς
3376 3686 3755 3756 ἐμπιστεύειν.
3808 3686 3880 3738 Σὺ
3913 3687 3970 3737 δὲ
4015 3688 4040 3737 6

786 3798 953 3850 stum,
986 3788 1078 3857 qui
1135 3788 1306 3842 Filius
1329 3788 1427 3843 Dei
1451 3802 1573 3842 esse
1604 3786 1908 3851 desideras,
1947 3785 2041 3856 qui
2071 3785 2308 3855 desuper
2332 3802 2362 3841 e

2356 3806 2362 3839 ι
2467 3778 2735 3847 μονάζων,
2767 3779 2796 3830 6
2826 3776 3246 3847 προσεληλυθώς
3265 3777 3343 3846 τῷ
3372 3776 3616 3847 Χριστῷ,
3645 3777 3870 3837 καὶυίὸς
3906 3776 4036 3829 Θεοῦ

786 3878 993 3948 Spiritu
1016 3878 1167 3933 nasci
1193 3876 1427 3946 expetis,
1461 3878 1556 3947 qui
1594 3877 1946 3931 sublimiores
1964 3882 2021 3929 et
2042 3875 2360 3944 ampliores,

2358 3920 2360 3932 _
2467 3869 2791 3938 βουλόμενος
2838 3864 3000 3933 εἶναι,
3046 3870 3141 3923 καὶ
3172 3869 3380 3923 ἀνωθεν
3411 3872 3476 3922 ἐκ
3504 3870 3821 3937 Ηνεύματος
3846 3886 4038 3938 γεννη-

785 3982 951 4039 quam
976 3968 1185 4037 primus
1212 3968 1400 4028 homo,
1434 3966 1615 4021 omnis
1646 3965 1955 4020 affectionis
1979 3978 2198 4033 expers,
2234 3980 2363 4034 pro-
2464 3978 2465 3995 π

2356 3993 2363 4006 ι
2464 3960 2645 4029 θῆναι,
2687 3961 2782 4014 καὶ
2824 3962 3103 4029 άνωτέρας
3143 3961 3238 4014 καὶ
3284 3960 3504 4029 μείζους
3551 3960 3648 4013 τοῦ
3697 3960 3914 4029 πρώτου
3947 3963 4036 4013 καὶ

785 4055 1078 4109 missiones
1122 4054 1407 4123 accepisti,
1442 4051 1813 4123 gratissimum
1852 4052 2113 4106 nimirum
2144 4053 2361 4107 Domini
2463 4082 2465 4099 ι

2356 4072 2361 4106 i
2463 4049 2713 4113 ἀπαθοῦς
2775 4050 3064 4121 ἀνθρώπου
3116 4050 3448 4119 ἐπαγγελίας
3496 4050 3881 4119 ἐκδεχόμενος,
3944 4048 4036 4119 τὴν

786 4143 1104 4206 adventum,
1140 4142 1236 4212 qui
1288 4142 1615 4211 peregrinus
1646 4141 1811 4211 hujus
1841 4141 2034 4195 mundi
2067 4157 2129 4197 es
2159 4142 2358 4207 factus,
2462 4167 2466 4193 ι

2353 4185 2358 4203 ,
2462 4144 2713 4197 εὐδοκίαν
2741 4142 2839 4211 τῆς
2894 4142 2991 4195 τοῦ
3021 4143 3229 4212 Κυρίου
3279 4142 3595 4212 ἐπιδημίας,
3630 4141 3725 4193 καὶ
3767 4141 3918 4205 ξένος
3943 4140 4033 4192 τοῦ

785 4234 957 4303 magis
985 4247 1181 4287 novam
1206 4231 1499 4300 quamdam
1534 4239 1590 4285 et
1611 4229 1955 4299 peregrinam
1982 4229 2169 4296 fidem,
2195 4230 2361 4285 intel-
2463 4256 2465 4265 ι

2352 4260 2361 4271 -
2463 4235 2672 4305 κόσμου
2700 4233 2962 4303 γεγονὼς,
2992 4235 3320 4304 καινοτέραν
3341 4234 3464 4286 τινὰ
3502 4234 3598 4286 καὶ
3633 4232 3792 4301 ξένην
3831 4232 4032 4293 πίστιν,

781 4326 986 4378 lectum
1035 4331 1092 4376 et
1162 4320 1529 4376 conversandi
1582 4319 1853 4374 rationem
1918 4326 2117 4388 praeter
2168 4334 2361 4375 omnes

2353 4337 2361 4374 ε
2463 4326 2559 4378 καὶ
2587 4325 2817 4387 ἐννοιαν,
2870 4326 2967 4377 καὶ
2997 4323 3279 4377 πολιτείαν
3341 4324 3494 4392 παρά
3549 4323 3764 4384 πάντας
3788 4325 3916 4383 τοὺς
3943 4322 4033 4376 τοῦ

782 4414 949 4482 hujus
973 4412 1165 4467 mundi
1196 4411 1450 4465 homines
1478 4410 1729 4464 obtinere
1759 4408 1949 4464 debes.
1978 4407 2165 4464 Gloria
2186 4409 2357 4475 Patri,

2353 4452 2357 4469 .
2462 4413 2672 4482 κόσμου
2727 4412 3049 4484 ἀνθρώπους
3079 4412 3377 4481 κεκτῆσθαι
3405 4412 3664 4481 ὀφείλεις,
3697 4410 3832 4474 Δόξα
3864 4411 4033 4482 Πατρὶ

779 4513 836 4556 et
887 4503 1048 4566 Filio,
1071 4509 1129 4557 et
1158 4500 1389 4571 Spiritui
1422 4508 1635 4564 sancto,
1664 4499 1724 4556 in
1754 4498 1951 4553 sarcula
1980 4498 2176 4554 Amen.
2380 4514 2434 4574 ι)

2380 4514 2434 4574 D
2461 4502 2557 4554 καὶ
2606 4500 2742 4570 Υἰῷ,
2801 4502 2897 4555 καὶ
2958 4501 3101 4571 ἀγίῳ
3142 4500 3444 4571 Πνεύματι,
3506 4502 3589 4565 εις
3639 4501 3767 4563 τοὺς
3811 4500 4027 4562 αἰῶνας.

2476 4590 2664 4659 Ἀμήν.

1311 4717 1597 4774 HOMILIA
1635 4717 1823 4773 XLIX.

1770 4718 1823 4773 Κ.
3039 4721 3282 4775 ΟΜΙΛΙΛ
3315 4722 3450 4776 ΜΘ¹.

782 4810 896 4863 Νοη
943 4811 1073 4863 satis
1111 4818 1187 4863 est
1240 4810 1397 4878 hujus
1421 4878 1427 4879 ί
1450 4808 1631 4863 seculi
1683 4809 1896 4863 delicias
1938 4810 2227 4879 reliquisse,
2255 4811 2354 4862 nisi
2453 4827 2462 4864 ι

2346 4812 2354 4862 i
2453 4816 2575 4867 Οὐκ
2619 4810 2883 4879 ἐπαρκεῖ,
2935 4809 3039 4877 τῆς
3088 4810 3323 4879 τρυφῆς
3377 4812 3597 4865 τούτου
3661 4810 3769 4865 τοῦ
3799 4814 4026 4879 κόσμου

886 4882 1001 4949 quis
1029 4880 1248 4933 alterius
1271 4878 1449 4933 «sculi
1475 4878 1848 4933 beatitudinem
1878 4878 2244 4950 consequatur.
2529 4885 2566 4937 ἀ

2529 4881 2973 4949 ἀπαλλαγῆναι,
3002 4882 3113 4933 ἐὰν
3145 4878 3230 4950 μή
3256 4898 3345 4947 τις
3375 4880 3488 4948 τὴν
3508 4884 3813 4950 μακαρίαν
3836 4878 4026 4936 ἄλλον

2530 4952 2635 5006 τοῦ
2660 4954 2889 5020 κόσμου
2913 4951 3092 5019 λάϐῃ.

854 5055 910 5111 Si
941 5056 1067 5125 quis
1096 5069 1351 5125 egressus
1376 5071 1407 5110 e
1432 5055 1694 5125 propriis,
1722 5055 1856 5109 huic
1902 5054 2109 5111 mundo
2142 5071 2347 5111 renun-
2527 5101 2534 5115 λ

2342 5087 2347 5097 ι
2527 5065 2606 5115 Δ’.
2649 5064 2775 5116 Ἐάν
2799 5079 2883 5126 τις
2911 5061 3143 5125 ἐξελθὼν
3169 5062 3277 5114 τῶν
3301 5061 3466 5125 ἰδίων,
3489 5061 3584 5114 καὶ
3616 5062 4022 5132 ἀποταξάμενος

779 5152 901 5212 tiet,
954 5160 1010 5205 et
1034 5150 1251 5205 deliciis
1294 5150 1457 5221 hujus
1502 5151 1708 5216 saeculi,
1736 5159 1849 5206 tum
1886 5152 2345 5222 possessionibus,
2455 5174 2459 5188 ι

2338 5195 2345 5217 ,
2455 5154 2534 5223 τῷ
2556 5155 2747 5224 κόσμῳ
2782 5153 2981 5223 τούτῳ,
3013 5153 3109 5205 καὶ
3131 5154 3231 5222 τῆς
3257 5152 3466 5223 τρυφῆς
3497 5150 3591 5204 τοῦ
3613 5153 3823 5221 κόσμου
3849 5154 4018 5205 ἀπαλ-

779 5252 895 5295 tum
947 5251 1123 5311 patre,
1157 5252 1272 5297 tum
1332 5250 1528 5307 matre,
1553 5242 1771 5297 Domini
1820 5244 2017 5313 gratia,
2057 5245 2265 5301 relictis
2293 5258 2347 5301 et

2340 5259 2347 5301 ι
2458 5245 2666 5313 λαγείς,
2688 5246 2780 5297 καὶ
2809 5245 3123 5315 κτημάτων,
3150 5245 3245 5296 καὶ
3280 5244 3505 5314 πατρὸς,
3537 5244 3632 5297 καὶ
3663 5243 3889 5313 μητρὸς,
3913 5244 4020 5297 ἓνε-

779 5334 1002 5397 amotis,
1039 5348 1097 5388 se
1126 5336 1306 5403 ipsum
1335 5336 1725 5405 crucifigendo.
1760 5337 2102 5407 peregrinus,
2140 5354 2349 5409 pauper
2457 5354 2459 5385 1

2338 5356 2349 5391 τ
2457 5353 2551 5389 κεν
2578 5336 2672 5389 τοῦ
2704 5336 2931 5405 Κυρίου,
2989 5337 3083 5387 καὶ⁵
3136 5336 3327 5388 ἐαυτὸν
3360 5335 3701 5404 σταυρώσας,
3753 5333 3903 5400 ξένος
3932 5337 4018 5389 καὶ

776 5433 834 5477 et
860 5438 1067 5495 egenus
1093 5424 1222 5490 ﬁat;
1258 5442 1359 5496 pro
1403 5428 1589 5497 quiete
1632 5438 1814 5482 autem
1844 5428 2007 5498 hujus
2050 5432 2232 5485 seculi
2264 5446 2347 5486 re-
2454 5455 2456 5461 ι

2338 5462 2347 5471 -
2454 5428 2645 5497 πένης,
2674 5429 2769 5481 καὶ
2796 5429 2980 5495 ἐνδεὴς
3018 5431 3262 5497 γίνηται,
3294 5428 3416 5479 ἀντὶ
3449 5426 3505 5478 δέ
3539 5427 3642 5495 τῆς
3670 5428 4018 5491 ἀναπαύσεως

778 5513 964 5579 quiem
1012 5514 1255 5570 divinam
1286 5516 1339 5571 in
1398 5532 1456 5571 se
1516 5519 1635 5587 ipso
1680 5534 1789 5573 non
1850 5520 2131 5587 inveniat;
2164 5532 2221 5577 et
2249 5537 2349 5593 pro
2457 5545 2458 5552 η

2332 5537 2349 5577 )
2457 5520 2549 5573 τοῦ
2588 5520 2797 5588 κόσμου
2852 5521 3158 5574 ἀνάπαυσιν
3190 5519 3402 5589 θεῖκὴν,
3452 5521 3508 5570 ἐν
3549 5518 3726 5589 ἰαυτῷ
3764 5518 3839 5592 μὴ
3866 5518 4012 5591 εὕρῃ,

778 5602 995 5657 deliciis
1031 5607 1421 5674 temporaneis,
1454 5607 1681 5662 delicias
1707 5608 1944 5677 Spiritus
1967 5611 2023 5663 in
2059 5626 2157 5665 sua
2184 5612 2355 5682 ipsius
2456 5629 2458 5638 '

2334 5629 2355 5667 ε
2456 5612 2549 5662 καὶ
2574 5611 2695 5663 ἀντί
2715 5611 2813 5679 τῆς
2838 5611 3170 5681 προσκαίρου
3193 5612 3426 5680 τρυφῆς,
3464 5610 3671 5681 τρυφὴν
3707 5610 4014 5680 Πνεύματος

779 5692 962 5747 anima
1018 5710 1126 5749 non
1174 5698 1407 5761 sentiat;
1443 5704 1498 5751 et
1537 5713 1634 5767 pro
1680 5700 2133 5769 corruptibilibus
2189 5702 2356 5756 vesti-
2454 5724 2459 5752 ι

2333 5733 2356 5744 -
2454 5704 2533 5762 εἰς
2565 5701 2666 5772 τὴν
2704 5702 2897 5756 ἑαυτοῦ
2927 5702 3106 5774 ψυχὴν
3153 5704 3228 5774 μὴ
3281 5703 3556 5773 αἴσθηται,
3613 5703 3705 5755 καὶ
3746 5703 3865 5756 ἀντὶ
3915 5703 4013 5754 τῶν

781 5782 995 5837 mentis.
1056 5785 1380 5841 vestimenta
1434 5785 1634 5841 divina:
1696 5788 1836 5843 lucis
1883 5804 1992 5844 non
2044 5789 2236 5847 induat
2296 5790 2351 5846 in
2458 5813 2461 5839 ι

2330 5808 2351 5846 n
2458 5791 2714 5861 φθαρτῶν
2760 5794 3094 5865 ἐνδυμάτων,
3131 5793 3402 5863 ἐνδύματα
3442 5794 3620 5863 φωτὸς
3662 5793 3913 5864 θεότητος
3943 5794 4010 5865 μὴ
