4254 6358
255 407 376 471 813

1437 406 1804 468 HOMILLE.
1840 429 1909 441 -
1931 405 2113 468 HOM.
2158 408 2362 468 XLIX.

3418 400 3523 465 811

257 518 638 587 ἀμφιάσηται,
692 516 772 579 είς
812 516 902 568 τὸν
945 514 1053 570 ἔσω
1104 501 1413 587 ἄνθρωπον,
1453 516 1548 571 καὶ
1581 516 1704 570 ἀντὶ
1747 514 1847 583 τῆς
1879 519 1923 572 Α

1843 531 1847 571 .'
1879 519 1923 572 Δ
1954 513 2204 569 interiori
2247 513 2497 577 homine;
2529 522 2583 567 ct
2617 527 2716 583 pro
2747 510 2917 581 priori
2948 517 3003 565 et
3029 509 3236 563 carnali
3264 510 3523 565 societate

262 612 541 679 προτέρου
568 611 664 663 καὶ
694 608 967 679 σαρκικῆς
990 608 1273 670 κοινωνίας
1298 607 1525 677 ταύτης,
1559 607 1847 661 κοινωνίαν

263 702 365 755 τοῦ
397 700 725 771 ἐπουρανίου
765 703 823 752 ἐν
854 702 920 770 τῇ
962 698 1155 752 ἑαυτοῦ
1215 698 1358 769 ψυχῇ
1390 700 1448 751 ὲν
1502 696 1847 769 πληροφορίᾳ

274 796 349 862 μὴ
380 792 518 861 γνῷ,
551 793 643 844 καὶ
666 791 787 844 ἀντὶ
811 791 910 859 τῆς
943 789 1277 859 φαινομένης
1313 789 1408 842 τοῦ
1432 789 1638 859 κόσμου
1655 789 1845 840 τούτου

270 885 473 954 χαρᾶς,
499 884 678 954 χαράν
729 879 1048 949 Πνεύματος
1078 879 1227 932 ἔνδον
1262 878 1338 949 μὴ
1378 881 1502 949 σχῇ,
1539 880 1636 931 καὶ
1666 880 1849 948 παράσ-

270 975 469 1043 κλησιν
498 974 748 1045 οὐρανίου
778 971 1020 1043 χάριτος,
1067 970 1162 1024 καὶ
1200 971 1496 1039 χορτασίαν
1523 969 1672 1023 θείαν
1697 972 1753 1021 ὲν
1780 972 1847 1039 τῇ

268 1069 419 1135 ψυχῇ
460 1066 534 1136 μὴ
565 1064 701 1134 λάϐῃ
725 1066 783 1117 ὲν
818 1062 898 1131 τῷ
927 1061 1230 1133 ὲποφθῆναι
1257 1060 1408 1130 αὐτῷ
1436 1060 1536 1131 τήν
1567 1060 1728 1125 δόξαν
1754 1060 1848 1114 τοῦ

270 1157 506 1227 Κυρίου,
529 1153 673 1209 κατά
699 1154 762 1207 τὸ
806 1152 1227 1223 γεγραμμένον·
1253 1151 1349 1205 καὶ⁵
1378 1150 1712 1215 ἁπαξαπλῶς
1731 1150 1853 1203 ἀντὶ

270 1249 479 1316 ταύτης
512 1248 610 1316 τῆς
641 1244 976 1315 προσκαίρου
1013 1242 1388 1305 ἀπολαύσεως,
1412 1241 1710 1295 ἀπόλαυσιν
1741 1242 1849 1310 ἀφ-

271 1341 477 1411 θαρτον
506 1338 868 1407 ἐπιθυμητὴν,
896 1339 953 1389 ὲν
981 1338 1047 1406 τῇ
1083 1334 1277 1387 ἑαυτοῦ
1305 1334 1451 1405 ψυχῇ
1482 1333 1556 1404 μὴ
1582 1335 1853 1403 κτήσηται

271 1430 369 1481 νῦν
390 1446 404 1459 ο
438 1422 591 1489 οὗτος
625 1429 846 1493 γέγονεν
886 1426 1020 1487 ἃλας
1055 1424 1263 1493 μωρόν·
1303 1416 1457 1486 οὗτος
1485 1424 1714 1486 ἐλεεινός
1740 1425 1852 1476 ἐστι

272 1520 429 1587 παρὰ
475 1519 684 1579 πάντας
732 1516 1089 1586 ἀνθρώπους·
1122 1508 1278 1577 οὗτος
1328 1514 1423 1567 κα)⁸
1464 1515 1572 1567 τῶν
1602 1515 1853 1568 ἐντεῦθεν

274 1607 569 1677 ἐστερήθη,
624 1607 718 1658 καὶ
743 1605 850 1657 τῶν
879 1604 1078 1657 θεῖκῶν
1104 1602 1203 1655 οὐκ
1230 1603 1505 1656 ἀπέλαυσε
1527 1618 1541 1633 ⁸
1581 1604 1853 1672 μυστήρια

271 1697 399 1748 θεῖα
425 1695 493 1747 δι’
515 1694 793 1762 ἐνεργείας
817 1692 912 1745 τοῦ
942 1691 1256 1759 Πνεύματος
1279 1692 1379 1742 οὑκ
1414 1690 1554 1759 ἔγνω
1574 1692 1632 1744 ἐν
1648 1691 1727 1763 τῷ
1746 1692 1852 1745 ἔσω

272 1786 444 1839 αὑτοῦ
466 1786 562 1838 ἀνθ
572 1784 756 1855 ρώπῳ.

1947 604 2067 669 hac,
2127 606 2448 660 societatem
2496 604 2773 659 emlestem
2835 603 2889 656 in
2948 617 3047 658 sua
3103 602 3275 672 ipsius
3321 603 3523 666 anima,

1948 703 2096 749 certa
2127 696 2327 750 [iducia
2358 695 2541 751 nixus.
2565 710 2672 749 non
2697 703 2988 765 agnoscat;
3013 702 3067 747 et
3099 709 3200 763 pro
3228 694 3527 762 conspicuo

1949 786 2117 853 hujus
2152 786 2345 839 mundi
2385 784 2608 855 gaudio,
2645 784 2903 855 gaudium
2937 783 3173 853 Spiritus
3216 784 3365 837 intus
3418 799 3526 837 non

1950 873 2170 938 habeat,
2198 885 2255 929 et
2275 874 2709 930 consolationem
2742 873 2984 928 caelestis
3019 872 3228 943 gratim,
3266 880 3322 927 et
3357 873 3525 927 satie-

1949 974 2117 1020 tatem
2147 965 2389 1020 divinam
2448 967 2505 1020 in
2564 966 2743 1019 anima
2804 979 2912 1018 non
2957 973 3350 1034 consequatur,
3395 964 3527 1018 dum

1948 1066 2177 1128 apparet
2220 1058 2271 1112 ei
2317 1058 2488 1128 gloria
2530 1057 2774 1122 Domini,
2804 1065 2865 1109 ut
2894 1057 3158 1126 scriptum
3207 1063 3433 1123 est;et,
3470 1068 3531 1112 ut

1950 1150 2120 1202 semel
2153 1148 2355 1212 dicam,
2398 1163 2498 1217 pro
2537 1154 2919 1201 momentanea
2968 1146 3071 1200 hac
3096 1147 3398 1216 voluptate,
3436 1162 3531 1200 vo-

1950 1240 2214 1309 luptatem
2237 1240 2717 1308 ineorruptibilem
2744 1239 3112 1292 desideratam
3146 1238 3202 1291 in
3232 1254 3329 1292 sua
3362 1240 3531 1308 ipsius

1952 1330 2135 1383 anima
2158 1344 2307 1383 nunc
2344 1344 2455 1382 non
2480 1329 2750 1391 obtineat,
2793 1329 2885 1382 hic
2913 1328 3087 1384 factus
3115 1338 3199 1383 est
3231 1330 3308 1382 sal
3340 1329 3533 1398 insipi—

1954 1417 2107 1480 dum,
2160 1420 2251 1473 hic
2295 1418 2666 1472 miserabilior
2721 1427 2805 1472 est
2825 1433 2987 1487 quam
3016 1420 3200 1472 cuncti
3236 1419 3531 1472 homines:

1955 1509 2047 1563 hic
2069 1517 2125 1562 et
2148 1509 2505 1562 saacularibus
2536 1508 2783 1577 privatus
2817 1522 2920 1571 est,
2940 1518 2995 1563 et
3025 1509 3231 1562 divinis
3263 1525 3371 1563 non
3394 1509 3532 1563 frui-

1958 1608 2076 1652 tur:
2116 1600 2378 1669 mysteria
2411 1600 2595 1653 divina
2650 1614 2748 1668 per
2795 1600 3169 1667 operationem
3212 1600 3450 1668 Spiritus
3480 1600 3533 1653 in

1957 1691 2181 1745 homine
2204 1691 2467 1744 interiore
2495 1705 2604 1743 non
2630 1690 2903 1758 cognovit.

350 1878 425 1930 B'.
465 1843 752 1928 Διάιτοῦτο
768 1876 877 1945 γὰρ
899 1875 1048 1939 ξένος
1067 1876 1160 1928 τοῦ
1191 1876 1397 1945 κόσμου
1431 1874 1847 1945 γεγένηταίτις,
1879 1843 1926 1902 Β
2024 1867 2030 1920 1

1879 1843 1926 1902 Β
2024 1866 2087 1920 ll.
2121 1866 2418 1935 Propterea
2444 1866 2591 1919 enim
2644 1865 2856 1919 alienus
2901 1864 3111 1918 mundo
3137 1864 3254 1918 fieri
3294 1864 3418 1933 quis
3444 1880 3533 1918 so-

274 1970 366 2021 ἴνα
395 1970 473 2031 είς
502 1968 691 2037 ἕτερον
709 1967 936 2036 κόσμον,
972 1969 1066 2020 καὶ
1090 1967 1263 2020 αἰῶνα
1288 1968 1365 2037 τῷ
1393 1969 1703 2038 φρονήματι
1723 1983 1851 2036 μετ-

275 2066 409 2135 έλθῃ
438 2066 471 2131 ἠ
524 2064 670 2133 ψυχὴ
699 2063 887 2127 αὐτοῦ,
929 2063 1070 2117 κατά
1116 2063 1209 2117 τδν
1276 2064 1626 2117 Ἀπόστολον·
1665 2061 1852 2130 Ἠμῶν

276 2156 410 2224 γὰρ,
434 2155 587 2224 φησὶ,
639 2154 707 2207 τὸ
755 2154 1087 2222 πολίτευμα
1134 2154 1203 2207 ἐν
1247 2153 1525 2222 οὐρανοῖς
1571 2152 1845 2221 ὑπάρχει.

278 2249 391 2300 Καὶ
417 2247 599 2310 πάλιν,
622 2245 747 2297 Ἐπὶ
768 2243 883 2313 τῆς
896 2245 1384 2311 περιπατοῦντες,
1403 2246 1474 2298 οὐ
1492 2244 1642 2297 κατὰ
1656 2244 1852 2312 σάρκα

278 2338 741 2407 στρατευόμεθα.
769 2338 860 2388 Δεῖ
888 2335 1065 2388 τοίνυν
1097 2334 1188 2389 τόν
1219 2336 1630 2404 ἀποταξάμενον
1658 2334 1734 2405 τῷ
1762 2337 1853 2388 κό-

281 2447 404 2499 σμῳ
452 2431 644 2497 τούτῳ,
673 2426 904 2496 βεϐαίως
945 2427 1253 2492 πιστεῦσαι,
1284 2427 1365 2479 ὅτι
1416 2427 1522 2498 χρὴ
1554 2428 1633 2489 είς
1663 2428 1851 2497 ἕτερον

280 2520 454 2573 αἰῶνα
490 2518 566 2588 τῷ
596 2519 906 2587 φρονήματι
934 2517 1041 2570 ἀπὸ
1070 2520 1164 2569 τοῦ
1188 2517 1283 2570 νῦν
1312 2518 1399 2571 διὰ
1429 2518 1522 2571 τοῦ
1544 2519 1851 2587 πνεύματος

283 2610 609 2682 μεταϐῆναι,
634 2610 796 2662 κάκεῖ
816 2610 1192 2661 πολιτεύεσθαι
1220 2611 1313 2662 καὶ
1340 2612 1574 2679 τρυφᾷν,
1606 2611 1699 2662 καὶ
1720 2612 1852 2663 ἀπο-

279 2704 467 2757 λαύειν
496 2702 883 2772 πνευματικῶν
916 2701 1159 2768 ἀγαθῶν,
1186 2703 1279 2754 καὶ
1307 2701 1398 2753 τὸν
1432 2701 1539 2753 ἔσω
1566 2701 1853 2769 ἄνθρωπον

279 2798 347 2847 ἐκ
378 2794 688 2863 πνεύματος
712 2794 1057 2863 γεννηθῆναι,
1092 2791 1276 2854 καθὼς
1309 2794 1337 2845 ὁ
1359 2794 1560 2862 Κύριος
1583 2789 1733 2845 εἶπεν
1755 2811 1767 2823 υ
1799 2793 1852 2845 Ὀ

281 2886 588 2938 πιστεύων
616 2888 701 2949 εις
738 2884 863 2950 ἐμὲ,
910 2883 1313 2951 μεταϐέϐηκεν
1349 2883 1418 2935 ἐκ
1449 2883 1555 2936 τοῦ
1594 2884 1853 2937 θανάτου

280 2976 370 3038 εἰς
395 2973 512 3039 τὴν
533 2971 683 3037 ζωήν
704 2990 715 3002 ·
752 2970 937 3038 ἐπειδή
965 2971 1113 3022 ἐστιν
1146 2970 1307 3031 ἀλλος
1329 2970 1561 3033 θάνατος
1584 2973 1733 3039 παρά
1766 2972 1855 3023 τὸν

282 3062 634 3129 φαινόμενον,
683 3062 778 3113 καὶ
808 3059 940 3129 ἀλλη
991 3059 1103 3128 ζωὴ
1148 3059 1302 3130 παρὰ
1359 3060 1458 3129 τὴν
1485 3062 1852 3131 φαινομένην·

1952 1957 2051 2018 let,
2085 1964 2145 2009 ut
2166 1954 2232 2008 ad
2288 1954 2456 2007 alium
2507 1954 2773 2007 mundum
2827 1964 2883 2007 et
2936 1955 3196 2007 saeculum
3251 1955 3535 2009 intellectu

1956 2056 2198 2102 transeat
2218 2048 2400 2101 anima
2430 2048 2571 2116 ejus,
2598 2046 2900 2100 secundum
2937 2047 3257 2114 Apostolum
3298 2065 3309 2099 :
3343 2046 3537 2101 Nostra

1953 2138 2114 2201 enim,
2150 2137 2351 2206 inquit,
2377 2137 2702 2189 conversatio
2731 2137 2785 2187 in
2813 2135 2951 2189 crrlis
2977 2145 3051 2189 est
3078 2138 3142 2190 “.
3190 2138 3255 2190 Et
3282 2152 3534 2190 rursum:

1953 2228 2019 2282 In
2055 2243 2216 2281 carne
2248 2226 2603 2289 ambulantes,
2637 2241 2741 2277 non
2780 2227 3065 2279 secundum
3093 2242 3306 2279 carnem
3338 2226 3533 2280 milita-

1954 2337 2068 2374 mus
2101 2321 2167 2372 ι’.
2218 2317 2449 2388 Oportet
2501 2332 2632 2387 ergo
2683 2332 2830 2381 eum,
2866 2317 2961 2386 qui
3016 2318 3356 2371 renuntiavit
3411 2318 3541 2372 huic

1954 2410 2181 2473 mundo,
2238 2408 2470 2462 ﬁrmiter
2536 2407 2783 2471 credere,
2836 2407 2981 2476 quod
3027 2416 3279 2477 oporteat
3313 2411 3366 2462 in
3390 2409 3541 2463 aliud

1954 2502 2209 2555 saeculum
2228 2499 2411 2553 animo
2427 2500 2537 2569 jam
2556 2513 2703 2553 nunc
2724 2513 2821 2567 per
2840 2498 3097 2567 spiritum
3124 2500 3537 2557 transcendere.

1956 2593 2143 2662 ibique
2171 2591 2486 2645 conversari
2532 2606 2596 2645 ac
2615 2590 2900 2655 delectari,
2926 2601 2983 2645 et
3021 2591 3127 2643 frui
3156 2592 3541 2661 spiritualibus

1956 2684 2135 2748 bonis,
2167 2692 2223 2737 et
2268 2682 2587 2736 interiorem
2630 2682 2907 2737 hominem
2934 2698 2966 2737 e
3004 2683 3210 2753 Spiritu
3244 2686 3433 2752 nasci,
3483 2696 3545 2739 ut

1957 2775 2095 2827 dixit
2139 2773 2440 2838 Dominus;
2499 2772 2601 2836 Qui
2643 2774 2807 2827 credit
2846 2775 2902 2826 in
2938 2790 3039 2839 me,
3068 2783 3261 2829 transit
3318 2794 3350 2830 a
3380 2789 3546 2831 morte

1956 2866 2011 2917 in
2075 2866 2239 2916 vitam
2268 2862 2330 2915 ¹⁸.
2400 2862 2684 2931 Siquidem
2726 2872 2812 2917 est
2866 2864 2970 2917 aiia
3013 2880 3160 2918 mors
3200 2874 3397 2933 praeter
3424 2882 3544 2921 eam

1956 2971 2078 3023 quae
2110 2955 2353 3019 videtur,
2385 2963 2441 3009 et
2481 2954 2586 3008 alia
2625 2956 2737 3008 vita
2776 2964 2973 3023 praeter
3002 2971 3122 3009 eam
3155 2972 3276 3025 qua:
3303 2958 3544 3013 videtur.

1961 3052 2048 3104 Ait
2076 3051 2223 3104 enim
2248 3050 2531 3120 Scriptura
2556 3068 2568 3102 :
2600 3048 2730 3114 Quae
2754 3051 2807 3102 in
2835 3050 3033 3103 deliciis
3064 3060 3160 3115 est,
3188 3052 3359 3105 vivens
3392 3050 3548 3119 155

282 3155 432 3221 λέγει
458 3154 621 3223 γάρὴ
653 3151 841 3223 Γραφὴ
886 3153 967 3204 ὅτι
1028 3151 1091 3205 Ἡ
1128 3151 1523 3212 σπαταλῶσα,
1570 3151 1725 3210 ζῶσα
1770 3152 1853 3204 τέ·
1884 3189 1927 3244 c

1884 3189 1927 3244 ε
1962 3152 2173 3196 mortua
2199 3152 2275 3195 est
2297 3142 2357 3195 ιδ.
2378 3142 2509 3197 Item
2536 3159 2547 3194 :
2590 3140 2716 3196 Sine
2748 3150 2801 3194 ut
2828 3145 3021 3195 mortui
3040 3142 3297 3211 sepeliant
3317 3151 3549 3196 mortuos

283 3249 533 3310 θνηκεν.
563 3245 694 3307 Καὶ,
727 3246 933 3311 Ἅφετε
964 3242 1105 3306 τοὺς
1145 3242 1399 3308 νεκροὺς
1425 3243 1672 3297 θάπτειν
1718 3244 1859 3307 τοὺς

283 3334 519 3389 ἑαυτῶν
541 3337 795 3402 νεκρούς
814 3353 827 3366 ⁸
856 3334 945 3387 ὅτι
976 3336 1087 3401 οὐχ
1111 3336 1165 3386 οἱ
1190 3334 1391 3400 νεκροὶ
1423 3334 1740 3387 αίνέσουσί
1768 3352 1860 3395 σε,

285 3430 486 3493 Κύριε,
514 3426 651 3480 ἀλλ’
675 3425 839 3494 ἡμεῖς
871 3427 925 3479 οι
954 3424 1162 3489 ζῶντες
1194 3424 1611 3494 εὐλογήσομέν
1634 3441 1726 3479 σε.

361 3518 435 3569 ιν.
468 3517 682 3587 ’Ὠσπερ
716 3518 824 3587 γάρ
869 3519 897 3569 ό
941 3518 1093 3586 ἥλιος
1135 3515 1421 3577 ἀνατείλας
1458 3518 1549 3568 ὲπὶ
1591 3518 1692 3587 τὴν
1742 3520 1865 3587 γῆν,

284 3611 411 3673 ὅλος
440 3612 497 3662 ὲν
529 3613 594 3680 τῇ
638 3612 706 3678 γῇ
736 3612 910 3662 ἐστιν·
942 3609 1080 3660 ἐπάν
1118 3608 1173 3660 δὲ
1205 3608 1338 3676 πρὸς
1371 3607 1583 3675 δυσμὰς
1619 3608 1864 3677 γένηται,

290 3704 474 3764 πάσας
522 3701 686 3755 αὑτοῦ
719 3701 817 3764 τὰς
848 3702 1073 3762 ἀκτῖνας
1112 3700 1352 3766 συνάγει,
1394 3700 1760 3769 πορευόμενος
1812 3702 1869 3751 ὲν

285 3794 370 3862 τῷ
402 3792 592 3845 ἑαυτοῦ
628 3792 761 3861 οἴκῳ
785 3807 798 3821 ⁶
847 3790 1017 3852 οὕτως
1064 3791 1157 3842 καὶ
1191 3789 1355 3859 ψυχὴ,
1382 3792 1413 3856 ἡ
1450 3789 1522 3858 μὴ
1565 3790 1769 3842 ἄνωθεν
1807 3793 1869 3843 ἐκ

286 3887 385 3938 τοῦ
432 3886 749 3953 Πνεύματος
800 3882 1250 3951 ἁναγεννηθεῖσα,
1291 3882 1386 3948 ὅλη
1429 3882 1487 3932 ὲν
1523 3884 1587 3950 τῇ
1630 3885 1700 3950 γῇ
1753 3885 1869 3934 ἐστι

288 3981 402 4040 τοῖς
430 3977 713 4045 λογισμοῖς
750 3976 922 4042 αὐτῆς
954 3975 1046 4025 καὶ
1076 3973 1154 4041 τῷ
1188 3974 1497 4042 φρονήματι
1526 3973 1618 4024 ἐπὶ
1645 3976 1746 4041 γῆς
1775 3975 1868 4025 ὲκ-

289 4069 599 4138 τεινομένη,
646 4069 750 4129 ἕως
796 4068 904 4119 τῶν
935 4067 1187 4135 περάτων
1222 4066 1389 4133 αὐτῆς
1412 4081 1424 4093 ·
1459 4066 1596 4117 ἐπὰν
1642 4066 1698 4117 δὲ
1734 4082 1869 4117 κατ-

291 4161 498 4231 αξιωθῇ
526 4161 624 4230 τὴν
650 4160 971 4228 ἐπουράνιον
1000 4157 1183 4209 λαϐεῖν
1211 4156 1303 4207 τοῦ
1329 4158 1643 4225 Πνεύματος
1678 4158 1871 4225 γέννη·

294 4273 382 4305 σιν
442 4255 536 4305 καὶ
580 4253 883 4314 κοινωνίαν,
942 4252 1144 4311 πάντας
1190 4248 1359 4315 αὐτῆς
1407 4248 1533 4309 τοὺς
1578 4248 1868 4317 λογισμοὺς

296 4345 625 4411 συνάγουσα,
659 4344 751 4394 καί
791 4342 907 4411 μεθ’
936 4341 1131 4409 ἑαυτῆς
1164 4339 1381 4407 ἔχουσα,
1407 4340 1711 4408 είσέρχεται
1734 4341 1870 4408 πρὸς

293 4439 387 4489 τὸν
409 4435 612 4505 Κύριον
641 4436 721 4497 είς
742 4436 802 4485 τὺ
831 4434 889 4495 ἐξ
915 4430 1143 4500 οὐρανοῦ
1173 4430 1585 4501 ἀχειροποίητον
1617 4448 1868 4498 κατοικη-

1968 3249 2085 3285 suos
2120 3232 2181 3285 ’⁵.
2226 3231 2363 3295 Quia
2403 3248 2507 3284 non
2535 3234 2729 3285 mortui
2764 3231 3057 3286 laudabunt
3098 3241 3165 3297 te,
3202 3233 3440 3295 Domine,
3462 3234 3550 3287 sed

1971 3340 2061 3375 nos
2089 3323 2180 3391 qui
2202 3323 2422 3376 vivimus
2442 3324 2505 3375 ‘°.

2040 3520 2129 3573 111.
2159 3518 2633 3584 Quemadmodum
2680 3520 2826 3575 enim
2876 3520 2958 3575 sol
2988 3530 3212 3575 exortus
3254 3536 3420 3589 super
3445 3529 3553 3574 ter-

1973 3624 2109 3671 ram,
2158 3618 2306 3662 totus
2368 3610 2422 3662 in
2467 3619 2612 3663 terra
2662 3619 2782 3675 est;
2832 3610 2925 3664 ubi
2958 3620 3141 3664 autem
3187 3611 3253 3664 ad
3300 3626 3551 3665 occasum

1972 3700 2166 3769 vergit,
2228 3715 2420 3753 omnes
2461 3700 2645 3755 radios
2701 3716 2831 3755 suos
2880 3702 3109 3770 colligit,
3162 3705 3467 3771 procedens
3500 3704 3552 3755 in

1972 3791 2195 3843 domum
2236 3805 2389 3842 suam
2424 3808 2436 3842 :
2480 3791 2559 3843 sic
2610 3806 2827 3859 quoque
2858 3791 3061 3856 anima,
3097 3807 3219 3859 qua:
3260 3792 3496 3861 desuper
3524 3808 3555 3845 c

1974 3885 2181 3953 Spiritu
2237 3893 2424 3937 renata
2473 3901 2581 3938 non
2620 3885 2806 3949 fuerit,
2841 3894 2951 3939 tota
2980 3896 3063 3939 est
3100 3888 3154 3939 in
3184 3895 3326 3940 terra
3353 3888 3557 3956 cogita-

1974 3976 2216 4028 tionibus
2245 3984 2299 4028 et
2352 3975 2806 4029 meditationibus
2856 3979 2993 4039 suis,
3023 3991 3189 4046 super
3224 3986 3424 4031 terram
3458 3995 3557 4032 ex-

1974 4074 2129 4120 tensa
2161 4081 2333 4134 usque
2386 4065 2451 4118 ad
2511 4067 2630 4136 ejus
2686 4066 2930 4120 limites:
2983 4067 3077 4121 ubi
3135 4078 3319 4122 autem
3394 4068 3557 4139 digna

1977 4152 2210 4206 habetur
2241 4152 2519 4205 caelestem
2569 4152 2835 4220 consequi
2882 4151 3120 4221 Spiritus
3148 4155 3558 4221 generationem

1974 4251 2028 4295 et
2052 4242 2514 4301 comnmnionem,
2536 4250 2763 4295 cunctas
2792 4258 2919 4296 suas
2946 4243 3307 4312 cogitationes
3332 4244 3555 4313 colligit,

1974 4346 2177 4399 easque
2205 4346 2389 4384 secum
2432 4331 2663 4393 habens,
2710 4333 3019 4401 ingreditur
3050 4334 3117 4386 ad
3152 4335 3467 4397 Dominum,
3504 4336 3558 4387 in

1976 4419 2317 4475 domicilium
2367 4420 2590 4474 caeleste
2638 4435 2748 4473 non
2810 4421 3205 4485 manufactum,
3256 4438 3558 4493 omnesque

293 4533 505 4598 τὴριον,
539 4526 632 4578 καὶ
664 4527 863 4586 πάντες
912 4525 961 4575 οἱ
996 4524 1248 4593 λογισμοὶ
1282 4522 1452 4590 αὐτῆς
1478 4523 1738 4591 οὐράνιοι,
1776 4523 1868 4574 καὶ
1896 4511 1948 4569 Ῑ)

1896 4511 1948 4569 D
1976 4509 2336 4580 cogitationes
2356 4509 2498 4577 ejus,
2525 4509 2798 4571 ccelestes,
2821 4526 2969 4579 pura:
2993 4521 3047 4565 et
3071 4520 3271 4566 sancta:
3295 4514 3556 4579 evadunt,

297 4617 553 4686 καθαροὶ,
601 4618 694 4668 καὶ
744 4617 888 4683 ἆγιοι
934 4615 1231 4682 γίγνονται,
1264 4613 1570 4686 χωροῦντες
1611 4616 1691 4675 είς
1735 4615 1873 4684 ἀέρα

299 4710 504 4762 θεῖκόν.
543 4707 828 4759 ἰὐσθεῖσα
870 4709 977 4776 γάρ
1011 4709 1042 4774 ή
1075 4707 1219 4776 ψυχὴ
1268 4708 1331 4758 ὲκ
1369 4710 1468 4777 τῆς
1506 4706 1752 4774 φυλακῆς
1781 4706 1874 4757 τοῦ

303 4800 528 4857 σκότους
563 4796 657 4848 τοῦ
694 4796 932 4865 πονηροῦ
979 4798 1238 4866 ἄρχοντος
1284 4796 1377 4848 τοῦ
1430 4797 1735 4864 πνεύματος
1786 4795 1877 4847 τοῦ

301 4889 532 4955 κόσμου,
556 4889 798 4956 εὑρίσκει
822 4888 1115 4955 λογισμοὺς
1144 4887 1419 4957 καθαροὺς
1452 4890 1546 4939 καὶ
1572 4887 1767 4951 θείους,
1799 4889 1880 4939 ὅτι

300 4979 591 5046 εὐδόκησεν
615 4980 642 5029 ὁ
665 4978 795 5038 Θεὸς
818 4978 907 5028 τὸν
930 4977 1215 5045 ἄνθρωπον
1242 4977 1463 5045 ποιῆσαι
1490 4976 1637 5037 θείας
1665 4975 1878 5042 φύσεως

300 5071 575 5124 κοινωνόν.

376 5163 447 5211 A'.
487 5159 548 5209 Ei
587 5152 679 5208 οὖν
726 5158 1102 5226 ἀναχωρήσεις
1169 5158 1384 5211 πάντων
1428 5157 1534 5209 τῶν
1571 5158 1628 5208 ὲν
1672 5158 1748 5225 τῷ
1784 5158 1881 5225 βίω

301 5253 666 5321 πραγμάτων,
696 5250 790 5303 καὶ
818 5253 1247 5318 προσκαρτερεῖς
1274 5254 1338 5320 τῇ
1368 5252 1497 5319 εὑχῇ
1532 5266 1646 5313 σου,
1681 5251 1878 5318 μᾶλλον

301 5347 395 5396 τὸν
458 5343 699 5411 κάματον
751 5343 938 5394 τοῦτον
986 5343 1343 5404 ἀναπαύσεως
1412 5343 1603 5411 μεστὸν
1664 5344 1878 5413 ήγήσῃυ

304 5436 399 5487 καὶ
428 5435 526 5501 τὴν
576 5434 764 5501 ὀλίγην
807 5434 1005 5501 θλίψιν,
1058 5435 1150 5486 καὶ
1198 5436 1288 5486 τὸν
1356 5434 1516 5486 πόνον
1567 5434 1739 5503 χαρᾶς
1788 5434 1880 5485 καὶ

304 5525 542 5584 ἀνέσεως
565 5524 850 5576 ἀνάπλεων
877 5526 1117 5593 νομίσεις
1144 5525 1423 5593 μεγίστης.
1454 5526 1516 5577 Εἰ
1555 5524 1663 5593 γὰρ
1698 5526 1879 5578 καὶτὸ

308 5613 472 5682 σῶμά
494 5631 587 5667 σου
622 5615 716 5665 καὶ
745 5617 775 5684 ἡ
808 5615 953 5684 ψυχή
986 5632 1079 5668 σου
1108 5617 1584 5686 καταδεδαπάνητο
1614 5617 1752 5671 κατὰ
1776 5619 1877 5669 πᾶ-

314 5729 415 5848 ¹⁴¹¹
452 5726 687 5798 Philipp,
717 5745 794 5789 ιιι,
820 5732 905 5783 Qn‘
1017 5732 1056 5761 η
1081 5731 1121 5784 η
1164 5732 1283 5783 (κη,
1313 5749 1359 5783 Χ.
1390 5732 1421 5783 3

353 5817 396 5848 ι.

353 5817 396 5849 Ι.

1545 5734 1583 5764 ¹³
1611 5734 1763 5785 .ioan.
1796 5751 1844 5795 γ,
1876 5733 1939 5784 ὶῖ»

1972 4604 2269 4671 migrantes
2303 4599 2357 4651 in
2399 4614 2582 4653 aerem
2622 4600 2891 4654 divinum.
2926 4602 3119 4655 Anima
3152 4604 3297 4657 enim
3327 4605 3557 4659 liberata

1974 4709 2003 4747 e
2037 4706 2259 4747 carcere
2306 4689 2662 4743 tenebrarum
2715 4691 2954 4760 improbi
3006 4692 3271 4761 principis
3328 4694 3558 4761 spiritus

1980 4790 2185 4853 saeculi,
2220 4789 2425 4858 reperit
2473 4788 2831 4857 cogitationes
2873 4802 3040 4855 puras
3065 4795 3122 4839 et
3164 4786 3402 4850 divinas,
3426 4788 3554 4854 quia

1982 4882 2188 4950 placuit
2231 4882 2341 4935 Deo
2404 4881 2681 4934 hominem
2736 4888 2943 4932 natura:
2993 4879 3192 4931 divina:
3234 4878 3553 4947 participem

1983 4972 2181 5026 facere.

2054 5149 2141 5202 IV.
2202 5146 2255 5200 Si
2320 5148 2485 5208 igitur
2533 5147 2826 5199 recesseris
2862 5162 2889 5197 ιι
2924 5146 3158 5207 cunctis,
3199 5160 3320 5213 qua:
3348 5154 3475 5197 sunt
3505 5146 3556 5197 in

1982 5243 2093 5294 vita
2116 5283 2129 5305 ,
2168 5238 2366 5299 rebus,
2397 5247 2452 5290 et
2504 5236 2555 5287 in
2591 5238 2843 5289 oratione
2888 5236 3343 5303 perseveraveris,
3380 5236 3561 5303 potius

1990 5332 2135 5384 hunc
2167 5329 2409 5383 laborem
2428 5327 2631 5395 quietis
2664 5328 2883 5395 plenum
2912 5325 3274 5387 arbitrabere,
3306 5335 3361 5379 et
3389 5325 3561 5377 modi—

1988 5439 2104 5477 cam
2144 5421 2494 5476 aiilictioncm
2528 5430 2583 5473 et
2626 5420 2891 5479 laborem,
2924 5418 3124 5484 gaudio
3156 5427 3212 5472 et
3237 5419 3560 5473 remissione

1988 5518 2256 5585 repletum
2293 5514 2633 5569 existimabis
2676 5511 2931 5564 maxima.
2966 5512 3022 5565 Si
3058 5511 3260 5565 etenim
3284 5520 3563 5577 etcorpus

1984 5625 2040 5665 et
2080 5613 2263 5666 anima
2313 5618 2404 5662 tua
2459 5612 2918 5661 consumerentur
2976 5602 3203 5671 singulis
3266 5601 3419 5654 horis
3465 5611 3561 5669 per

2078 5731 2116 5759 "‘
2155 5730 2170 5781 l
2218 5728 2353 5780 'l‘im.
2405 5744 2449 5786 γ,
2502 5727 2529 5768 ῗι
2668 5726 2702 5748 “
2734 5722 2861 5775 Luc.
2896 5739 2963 5775 xx.
3003 5723 3088 5774 (30.
3183 5721 3225 5746 ""
3265 5720 3401 5773 l’sal.
3441 5736 3550 5773 ιιι.
