4254 6358
764 370 867 435 815

1997 384 2054 444 S.
2096 384 2418 446 MACARII
2459 388 2777 451 IEGYPTII

3908 384 4019 452 816

766 484 941 530 tomm
980 480 1104 534 vita
1151 484 1485 539 curriculum
1534 495 1760 557 propter
1800 497 1948 544 tanta
1977 490 2141 556 bona,
2168 495 2333 562 quid-
2363 499 2406 553 Α
2436 514 2446 547 ι

2363 499 2406 553 Δ
2436 513 2532 550 σαν
2565 498 2715 568 ὤραν
2754 501 2813 552 ἐν
2855 499 2961 569 ὅλῳ
2999 498 3079 569 τῷ
3110 498 3209 568 βίῳ
3246 498 3335 551 διὰ
3367 496 3667 568 τηλικαῦτα
3711 496 3912 563 ἀγαθά,
3962 497 4016 548 τί

763 584 890 620 nam
924 569 1027 624 hoc
1055 575 1231 628 esset?
1266 575 1310 630 Ο
1358 578 1693 633 ineffabilem
1738 582 2171 638 misericordiam
2201 586 2329 640 Dei!

762 658 857 725 qui
892 661 1061 728 gratis
1110 679 1168 716 se
1204 664 1382 733 ipsum
1430 668 1661 737 largitur
1706 670 2085 737 credentibus,
2121 689 2179 729 se
2210 683 2335 743 post

761 752 1018 820 exiguum
1064 764 1280 824 tempus
1324 758 1491 811 Deum
1527 759 1875 816 haueditario
1900 764 2023 832 jure
2055 781 2337 833 possessu-

763 858 872 905 ros,
912 854 967 898 et
1011 846 1180 900 Deum
1210 850 1584 906 habitaturum
1635 856 1691 908 in
1724 870 1956 925 corpore
1994 858 2252 923 hominis,
2280 870 2335 915 et

760 933 1078 990 habiturum
1099 938 1389 994 Dominum
1420 944 1725 1010 speciosam
1753 946 1999 1011 domum,
2028 948 2329 1005 hominem.

761 1026 918 1078 Sicut
947 1029 1092 1080 enim
1148 1029 1293 1084 Deus
1333 1032 1534 1086 caelum
1574 1041 1629 1086 et
1676 1044 1880 1090 terram
1913 1039 2141 1105 creavit,
2188 1050 2249 1096 ut
2277 1042 2333 1096 in

762 1114 828 1168 iis
864 1115 1075 1172 habitet
1095 1119 1358 1175 Dominus
1381 1161 1396 1184 ,
1434 1123 1514 1178 sic
1539 1140 1761 1195 quoque
1788 1142 1989 1197 corpus
2015 1138 2071 1183 et
2093 1131 2333 1186 animam

761 1200 1003 1256 hominis
1044 1208 1256 1260 creavit
1287 1208 1343 1260 in
1376 1209 1717 1266 domicilium
1761 1229 1944 1279 suum,
1976 1226 2036 1269 ut
2062 1217 2337 1273 inhabitet

759 1304 815 1347 et
849 1298 1159 1364 requiescat
1189 1300 1245 1354 in
1274 1316 1528 1371 corpore,
1564 1306 1713 1358 velut
1748 1306 1804 1359 in
1851 1307 2015 1363 domo
2068 1324 2203 1363 sua:
2238 1311 2337 1365 ha-

760 1385 897 1438 hens
949 1402 1206 1455 sponsam
1271 1394 1600 1461 speciosam,
1632 1395 1891 1449 dilectam
1943 1398 2204 1463 animam,
2267 1400 2335 1453 ad

760 1478 1052 1547 imaginem
1081 1496 1233 1535 suam
1257 1486 1555 1541 conditam.
1576 1488 1841 1559 Despondi
1866 1492 2004 1543 enim
2026 1508 2137 1557 vos,
2158 1494 2337 1563 inquit

758 1566 1077 1634 Apostolus,
1116 1573 1209 1623 uni
1230 1572 1342 1625 viro
1381 1574 1634 1642 virginem
1678 1586 1882 1629 castam
1916 1579 2155 1634 exhibere
2179 1578 2335 1637 Chri-

759 1667 838 1709 sto
862 1661 922 1710 ”.
950 1662 1018 1714 Et
1053 1663 1247 1717 iterum
1281 1684 1292 1718 :
1318 1666 1481 1737 Cujus
1505 1672 1685 1725 domus
1711 1691 1893 1729 sumus
1917 1693 2008 1729 nos
2036 1678 2101 1729 ι’.
2131 1676 2333 1741 Quem-

760 1749 1053 1805 admodum
1095 1756 1240 1807 enim
1262 1757 1346 1809 vir
1371 1758 1427 1811 in
1474 1760 1639 1815 domo
1675 1779 1771 1817 sua
1792 1780 2005 1819 summa
2027 1766 2328 1834 diligentia,

758 1840 938 1895 omnis
970 1844 1187 1911 generis
1218 1845 1360 1900 bona
1386 1848 1440 1902 in
1471 1850 1791 1907 thesaurum
1824 1856 2054 1926 colligit,
2084 1856 2163 1911 sic
2195 1873 2333 1926 quu-

757 1948 864 1997 que
897 1934 1160 1990 Dominus
1191 1938 1247 1992 in
1275 1939 1498 1995 domum
1540 1959 1717 2008 suam,
1751 1947 1989 2002 animam
2025 1959 2081 2003 et
2105 1965 2329 2019 corpus,

760 2023 976 2089 reponit
1004 2033 1061 2078 et
1086 2026 1295 2097 colligit
1320 2030 1543 2086 divitias
1572 2032 1812 2103 Spiritus
1841 2039 2114 2093 cmlestes.
2142 2039 2331 2108 Neque

757 2132 890 2170 vero
942 2122 1219 2187 sapientes
1275 2127 1543 2194 sapientia
1608 2144 1727 2194 sua,
1796 2147 1975 2199 neque
2030 2133 2334 2201 prudentes

757 2208 1048 2276 prudentia
1080 2229 1177 2267 sua
1203 2225 1507 2283 potuerunt
1537 2221 1735 2276 anima:
1778 2224 2140 2279 subtilitatem
2178 2240 2331 2278 com-

756 2300 1122 2369 prehendere,
1149 2316 1243 2360 aut
1276 2307 1344 2362 de
1375 2309 1467 2363 illa
1493 2312 1703 2378 dicere,
1738 2330 1849 2383 quo
1880 2324 2043 2384 pacto
2070 2332 2129 2370 se
2160 2317 2333 2371 babe-

755 2402 861 2458 ret,
912 2395 1015 2449 nisi
1068 2399 1245 2451 solum
1280 2399 1340 2463 ii,
1394 2402 1599 2470 quibus
1633 2420 1732 2475 per
1781 2406 2045 2475 Spiritum
2083 2417 2332 2462 sanetum

755 2484 1033 2538 revelatur
1076 2490 1521 2557 comprehensio,
1554 2501 1611 2547 et
1651 2505 1840 2549 exacta
1865 2497 2061 2551 animae
2092 2498 2335 2567 cognitio

756 2576 1112 2644 perspicitur.
1141 2577 1413 2635 Caeterum
1460 2582 1551 2636 hic
1599 2586 1996 2654 contemplare,
2032 2586 2335 2641 discernito

755 2673 811 2716 et
842 2662 1105 2735 intellige,
1137 2682 1244 2735 quo
1272 2679 1451 2736 pacto,
1477 2672 1609 2725 audi
1639 2691 1651 2725 :
1682 2673 1771 2727 hic
1805 2675 1949 2730 Deus
1974 2684 2080 2737 est,
2116 2676 2206 2730 illa
2226 2692 2336 2731 non

756 2762 842 2807 est
890 2756 1072 2823 Deus;
1115 2757 1206 2811 hic
1241 2759 1529 2825 Dominus,
1560 2762 1651 2816 illa
1686 2765 1919 2831 ancilla;
1951 2766 2044 2819 hic
2087 2764 2335 2829 Creator,

756 2848 850 2903 illa
881 2860 1165 2917 creatura;
1190 2854 1281 2909 hic
1298 2857 1503 2925 opifex,
1534 2858 1625 2912 illa
1650 2859 1992 2929 ﬁgmentum.
2016 2861 2165 2914 Nihil
2189 2875 2341 2913 com-

754 2954 925 2994 mune
977 2941 1122 2996 inter
1173 2942 1338 3013 hujus
1392 2955 1449 3000 et
1501 2948 1655 3001 illius
1705 2959 1959 3003 naturam
2005 2958 2109 3003 est.
2145 2951 2215 3003 At
2242 2964 2341 3017 per

759 3030 1054 3097 inﬁnitam,
1085 3033 1419 3090 ineﬁ‘abilem
1470 3046 1528 3091 et
1554 3037 2171 3107 incomprehensibilem
2197 3037 2341 3091 dile-

759 3125 997 3179 ctionem
1031 3134 1087 3179 et
1133 3128 1571 3183 misericordiam
1618 3131 1739 3200 ejus
1773 3130 1979 3198 placuit
2016 3130 2118 3191 illi,
2148 3130 2201 3182 in
2234 3128 2340 3182 hoc

761 3212 884 3281 ipso
916 3212 1175 3282 ﬁgmento
1217 3225 1275 3269 et
1318 3227 1572 3271 creatura
1601 3218 1982 3279 intellectuali,
2014 3218 2253 3286 pretiosa
2283 3224 2338 3271 et

760 3305 935 3359 electa
980 3305 1313 3369 inhabitare,
1359 3316 1418 3360 ut
1464 3310 1541 3362 ait
1580 3310 1892 3379 Scriptura.
1930 3311 1992 3365 Ut
2033 3314 2195 3363 simus
2244 3326 2337 3362 nos

760 3394 971 3447 initium
998 3396 1213 3465 aliquod
1244 3404 1612 3451 creaturarum
1642 3399 1755 3467 ejus
1777 3400 1839 3462 ",
1895 3400 1951 3451 in
2012 3400 2336 3467 sapientiam

760 3492 816 3537 et
850 3485 1170 3539 societatem
1193 3487 1332 3555 ejus,
1376 3488 1429 3541 in
1462 3487 1745 3555 pr0prium
1772 3489 1891 3556 ejus
1938 3487 2336 3551 habitaculum,

762 3571 818 3623 in
852 3573 1130 3641 propriam
1166 3588 1229 3626 ac
1266 3574 1524 3627 mundam
1558 3590 1838 3642 sponsam.

836 3663 899 3716 V.
936 3662 1127 3717 Tantis
1158 3664 1326 3733 igitur
1360 3664 1522 3719 bonis
1552 3666 1870 3734 pr0positis,
1910 3665 2075 3719 tantis
2103 3664 2335 3733 promis-

762 3751 1012 3805 sionibus
1064 3751 1242 3815 factis,
1305 3760 1566 3819 tantaque
1632 3753 1970 3822 benignitate
2023 3769 2053 3805 a
2105 3753 2337 3806 Domino

763 3840 925 3895 nobis
958 3842 1224 3906 exhibita,
1248 3858 1315 3895 ne
1343 3852 1781 3905 contemnamus,
1813 3860 1847 3897 o
1880 3844 1997 3905 ﬁlii,
2037 3860 2174 3897 neve
2197 3860 2333 3897 cun-

762 3941 979 3985 ctemur
1009 3930 1075 3984 ad
1115 3938 1281 3984 vitam
1316 3943 1575 3986 aeternam
1619 3932 1917 4001 proﬁcisci,
1960 3943 2015 3986 et
2048 3948 2149 3987 nos
2189 3935 2337 4001 ipsos

762 4022 988 4090 penitus
1039 4022 1254 4075 Domini
1298 4023 1643 4091 bcneplacito
1682 4023 1919 4077 tradere.
1968 4023 2337 4079 Obsecremus

768 4113 929 4183 156
964 4129 1093 4182 ergo
1141 4114 1451 4175 Dominum,
1487 4124 1661 4166 utsua
1696 4113 1883 4167 divina
1907 4114 2109 4168 virtute
2139 4114 2339 4168 liberet

763 4215 865 4253 nos
886 4216 916 4253 e
939 4216 1161 4254 carcere
1185 4200 1536 4254 tenebrarum
1576 4201 2068 4270 ignominiosarum
2086 4201 2336 4255 aﬁ‘ectio-

764 4306 919 4352 num,
945 4299 1000 4343 et
1031 4291 1327 4359 imaginem
1350 4306 1503 4344 suam
1532 4301 1587 4345 et
1626 4291 1943 4361 ﬁgmentum
1971 4292 2237 4356 vindicet,
2272 4308 2337 4346 ac

762 4379 1115 4449 splendidum
1169 4379 1381 4444 reddat,
1437 4382 1642 4433 salvam
1691 4387 1747 4433 et
1800 4395 1995 4449 puram
2039 4380 2337 4434 constituat

2434 589 2592 641 τοῦτο
2619 586 2722 660 iv;
2749 589 2794 642 ὣ
2814 589 2911 658 τῆς
2935 591 3177 660 ἀρῤήτου
3204 589 3603 658 εὐσπλαγχνίας
3623 587 3718 640 τοῦ
3748 587 3907 647 Θεοῦ,
3932 589 4017 638 ὅτι

2433 678 2642 748 δωρεὰν
2681 678 2874 731 ἑαυτὸν
2905 680 3188 748 χαρίζεται
3217 682 3329 741 τοῖς
3356 678 3725 740 πιστεύουσιν,
3749 682 3808 729 εν
3846 676 4017 743 ὀλίγῳ

2435 768 2611 837 καιρῷ
2640 769 2771 820 Θεὸν
2798 768 3231 838 κληρονομῆσαι,
3264 769 3359 823 καὶ
3380 768 3515 820 Θεὸν
3552 769 3772 835 οίκῆσαι
3804 770 3863 819 tv
3908 768 4016 817 σώ·

2438 875 2567 927 ματι
2596 858 2905 927 ἀνθρώπου,
2946 860 3039 911 καὶ
3085 858 3230 926 ἔχειν
3276 859 3367 910 τὸν
3397 857 3599 927 Κύριον
3626 858 3805 909 οἰκίαν
3844 856 4019 923 καλὴ-ι

2432 950 2525 1001 τὸν
2566 949 2872 1018 ἄνθρωπον.
2920 950 3132 1019 Ὠσπερ
3165 948 3273 1019 γάρ
3303 951 3331 1001 ὁ
3360 949 3491 1011 Θεὸς
3534 950 3626 1001 τὸν
3658 948 3885 1017 οὐρανὸν
3919 948 4018 998 καὶ

2432 1038 2530 1109 τὴν
2576 1038 2679 1109 γῆν
2727 1037 2942 1091 ἔκτισεν
2995 1040 3075 1103 είς
3120 1039 3183 1092 τὸ
3211 1039 3534 1107 κατοικῆσαι
3562 1039 3652 1091 τὸν
3693 1037 4013 1107 ἄνθρωπον,

2434 1129 2606 1191 οὕτως
2662 1129 2756 1183 καὶ
2804 1130 2865 1181 τὺ
2918 1128 3076 1198 σῶμα
3115 1130 3208 1182 καὶ
3251 1130 3351 1198 τὴν
3386 1130 3561 1199 ψυχὴν
3597 1128 3692 1182 τοῦ
3722 1129 4017 1198 ἀνθρώπου

2436 1218 2648 1272 ἔκτισεν
2698 1221 2780 1282 είς
2827 1220 2964 1274 ίδίαν
3002 1222 3199 1284 οίκίαν,
3230 1222 3309 1283 εἰς
3346 1221 3405 1273 τὸ
3435 1222 3712 1289 ἐνοικῆσαι
3746 1223 3841 1273 καὶ
3880 1222 4017 1272 ἀνα-

2435 1312 2662 1380 παῆναι,
2688 1314 2763 1375 ὡς
2809 1314 2868 1366 ὲν
2903 1314 3017 1382 ίδίῳ
3062 1314 3218 1382 οἴκῳ,
3256 1312 3334 1382 τῷ
3363 1313 3597 1382 σώματι,
3628 1313 3765 1382 ἔχων
3793 1314 4017 1381 νύμφην

2436 1402 2607 1472 καλὴν
2649 1405 2747 1473 τὴν
2788 1405 3051 1474 ἐράσμιον
3094 1404 3297 1472 ψυχὴν,
3343 1402 3442 1472 τὴν
3480 1404 3599 1455 κατ’
3633 1404 3814 1456 εἰκόνα
3847 1404 4017 1455 αὑτοῦ

2434 1493 2811 1563 πεποιημένην
2826 1511 2839 1523 ·
2876 1494 3262 1561 Ἡρμοσάμην
3283 1494 3393 1561 γὰρ
3410 1492 3587 1561 ὑμᾶς,
3613 1495 3777 1563 φησὶν
3804 1496 3833 1546 0
3852 1494 4019 1545 Ἀπό-

2436 1584 2643 1646 στολος,
2678 1583 2768 1636 ἐνὶ
2798 1583 2996 1650 ἀνδρὶ,
3035 1585 3337 1650 ,παρθένον
3378 1585 3576 1651 ἁγνὴν
3627 1582 4015 1651 παραστῆσαι

2435 1674 2514 1737 τῷ
2564 1674 2814 1741 Χριστῷ.
2876 1675 2985 1728 Καὶ
3037 1675 3219 1739 πάλιν,
3268 1670 3351 1729 οὗ
3394 1671 3560 1738 οἶκός
3593 1675 3782 1739 ἐσμεν
3816 1675 4012 1741 ἡμεῖς.

2437 1767 2647 1835 Ὠσπερ
2683 1766 2791 1836 γὰρ
2828 1769 2855 1818 0
2882 1767 3019 1835 ἀνὴρ
3050 1766 3108 1819 ὲν
3134 1766 3213 1835 τῷ
3241 1767 3375 1837 οῐκῳ
3412 1766 3575 1819 αὐτοῦ
3610 1767 3749 1834 μετά
3777 1767 4015 1833 σπουδῆς

2436 1856 2613 1910 πάντα
2639 1857 2706 1909 τὰ
2724 1858 2902 1924 ἀγαθά
2922 1857 3371 1927 ἀποθησαυρίζει·
3399 1857 3542 1910 οὕτω
3568 1860 3662 1910 καὶ
3685 1859 3712 1909 0
3732 1858 3935 1927 Κύριος
3956 1859 4016 1907 ἐν

2432 1949 2509 2019 τῷ
2535 1950 2669 2019 οῐκῳ
2694 1946 2860 2000 αὑτοῦ
2888 1950 2955 2018 τῇ
2980 1948 3127 2017 ψυχῇ
3181 1949 3275 2001 καὶ
3323 1949 3403 2017 τῷ
3428 1947 4015 2016 σώματι,.ἀποτίθεται

2434 2040 2527 2093 καὶ
2556 2038 2875 2109 θησαυρίζει
2900 2038 2991 2091 τὸν
3014 2038 3243 2091 πλοῦτον
3262 2039 3355 2091 τοῦ
3389 2039 3528 2091 Πνεύ
3538 2056 3704 2108 ματος
3731 2039 3823 2089 τὴν
3848 2040 4016 2105 οὐρά-

2434 2149 2563 2186 νιον.
2591 2130 2727 2183 Οὔτε
2753 2132 2810 2183 δὲ
2839 2131 2992 2199 σοφοὶ
3023 2131 3112 2183 διὰ
3134 2131 3235 2199 τῆς
3258 2131 3470 2199 σοφίας,
3496 2131 3620 2183 οὕτε
3651 2133 3903 2199 φρόνιμοι
3927 2131 4011 2182 διὸ

2434 2224 2532 2291 τῆς
2562 2223 2875 2292 φρονήσεως
2905 2221 3083 2275 αὐτῶν
3113 2222 3455 2291 ἠδυνήθησαν
3478 2222 3804 2275 καταλαϐεῖν
3832 2223 4012 2291 ψυχῆς

2435 2314 2808 2387 λεπτότητα,ἢ
2833 2316 3007 2367 εἰπεῖν
3030 2315 3159 2383 περὶ
3183 2315 3352 2381 αὐτῆς
3372 2315 3448 2376 ὡς
3478 2314 3647 2375 ἐστιν,
3668 2317 3715 2366 εί
3744 2314 3820 2383 μὴ
3854 2316 4015 2382 μόνον

2437 2400 2516 2468 οἷς
2541 2404 2631 2457 διὰ
2654 2403 2748 2457 τοῦ
2773 2404 2929 2472 ἁγίου
2961 2405 3275 2473 Πνεύματος
3307 2404 3754 2456 ἀποκαλύπτεται
3787 2406 3821 2472 η
3840 2404 4015 2457 κατά-

2437 2498 2597 2567 ληψις
2628 2498 2721 2550 καὶ
2752 2496 2950 2563 γνῶσις
2981 2498 3213 2565 ἀκριὸὴς
3260 2498 3389 2566 περὶ
3432 2496 3610 2566 ψυχῆς
3662 2496 4011 2566 γνωρίζεται.

2438 2588 2580 2640 Ἀλλ’
2611 2587 2844 2641 ἐνταῦθα
2867 2587 3086 2657 Θεώρει,
3112 2588 3205 2640 καὶ
3231 2587 3525 2656 διάκρινον,
3554 2588 3647 2640 καὶ
3668 2587 3845 2649 σύνες,
3871 2588 4011 2649 πῶς,

2438 2676 2701 2729 ἄκουσον·
2734 2669 2889 2738 οὗτος
2926 2675 3078 2739 Θεὸς,
3110 2676 3249 2746 αὕτη
3290 2678 3351 2729 ού
3388 2678 3519 2739 Θεός
3542 2693 3558 2707 ·
3594 2671 3747 2739 οὗτος
3787 2679 4013 2744 Κύριος,

2441 2766 2581 2835 αὕτη
2623 2768 2819 2836 δούλη·
2875 2762 3031 2830 οὗτος
3085 2769 3328 2836 κτίστης,
3385 2769 3522 2837 αὕτη
3577 2770 3816 2835 κτίσμα·
3860 2763 4015 2830 οὗτος

2444 2859 2695 2927 ποιητὴς,
2729 2857 2866 2928 αὕτη
2895 2858 3126 2927 ποίημα.
3157 2859 3321 2911 Οὐδὲν
3352 2859 3528 2911 κοινὸν
3578 2858 3678 2927 τῆς
3706 2858 3869 2910 αὐτοῦ
3912 2858 4017 2926 φύ-

2444 2967 2600 3014 σεως,
2646 2950 2740 3002 καὶ
2784 2949 2954 3019 αὐτῆς
2995 2950 3285 3018 τυγχάνει·
3327 2950 3463 3002 ἀλλὰ
3494 2949 3582 3002 διὰ
3627 2950 3725 3017 τὴν
3764 2951 4014 3018 ἄπειρον,

2444 3042 2537 3095 καὶ
2601 3041 2859 3111 ἄρῤητον,
2929 3041 3025 3092 καὶ
3089 3040 3404 3108 ἀνεννόητον
3470 3042 3710 3107 ἀγάπην,
3766 3042 3860 3092 καὶ
3925 3041 4018 3091 εὑ-

2368 3164 2409 3221 C
2445 3132 2778 3201 σπλαγχνίαν
2821 3130 3009 3192 αὑτοῦ,
3055 3131 3346 3198 εὐδόκησεν
3400 3134 3479 3193 εἰς
3523 3132 3681 3184 τοῦτο
3716 3132 3776 3184 τὸ
3807 3132 4019 3200 ποίημα

2443 3224 2536 3277 καὶ
2585 3224 2787 3290 κτίσμα
2831 3222 3038 3290 νοερὸν,
3066 3222 3159 3273 καὶ
3186 3223 3364 3289 τίμιον
3399 3224 3491 3275 καὶ
3533 3221 3809 3289 ἐξαίρετον
3859 3223 4020 3288 ἔργον

2439 3314 2738 3381 ἐνοικῆσαι,
2786 3312 2861 3372 ὥς
2891 3320 3075 3380 ξφησιν
3122 3314 3154 3381 ὴ
3193 3312 3408 3380 Γραφὴ,
3433 3314 3533 3376 Εἰς
3570 3313 3633 3364 τὸ
3665 3308 3815 3364 εἶναι
3860 3311 4019 3378 ἡμᾶς

2439 3402 2726 3470 ἀπαρχήν
2757 3419 2891 3455 τινα
2929 3401 3045 3453 τῶν
3073 3402 3260 3455 αὑτοῦ
3293 3401 3649 3469 κτισμάτων,
3682 3403 3759 3463 εἰς
3795 3401 3893 3471 τὴν
3919 3404 4020 3453 αύ-

2439 3495 2532 3547 τοῦ
2576 3496 2770 3563 σοφίαν
2813 3496 2905 3547 καὶ
2934 3494 3242 3557 κοινωνίαν,
3289 3496 3365 3556 είς
3404 3494 3534 3547 ἴδιον
3577 3497 4016 3564 κατοικητήριον,

2442 3589 2521 3649 εἰς
2561 3588 2700 3640 ιδίαν
2730 3586 2825 3638 καὶ
2855 3586 3101 3655 καθαράν
3130 3587 3369 3654 νύμφην.

2510 3680 2586 3733 Ε’,
2616 3677 2887 3730 Τοιούτων
2916 3675 3010 3729 οὖν
3038 3677 3257 3744 ἀγαθῶν
3288 3676 3688 3745 προκειμένων,
3721 3678 3814 3728 καὶ
3837 3678 4016 3727 τοιού-

2438 3787 2545 3822 των
2576 3768 2917 3835 ἐπαγγελιῶν
2954 3768 3414 3835 ὲπαγγελθεισῶν,
3445 3769 3538 3820 καὶ
3577 3768 3832 3835 τοιαύτης
3865 3768 4016 3819 εὐδο-

2437 3861 2563 3923 κίας
2597 3860 2701 3912 ὑπὸ
2736 3861 2941 3928 Κυρίου
2983 3862 3061 3922 είς
3093 3862 3241 3927 ἡμᾶς
3273 3858 3661 3929 γεγενημένης,
3699 3858 3773 3926 μὴ
3810 3858 4017 3925 ἀμελή-

2440 3967 2643 4020 σωμεν,
2686 3945 2731 4002 ὧ
2772 3950 2959 4012 τέκνα,
3008 3951 3145 4020 μήτε
3180 3951 3498 4019 ὀκνήσωμεν
3543 3949 3844 4017 ἐπαχθῆναι
3877 3949 4017 4018 πρὸς

2438 4042 2535 4111 τὴν
2571 4044 2715 4112 ζωὴν
2745 4042 2842 4110 τὴν
2873 4042 3112 4104 αἰώνιον,
3146 4042 3237 4093 καὶ
3267 4042 3491 4117 ἑαυτοὺς
3533 4040 3791 4100 ὁλοτελῶς
3822 4042 3887 4107 τῇ
3921 4038 4014 4091 τοῦ

2438 4135 2644 4204 Κυρίου
2679 4136 3030 4203 εὐαρεστήσει
3059 4133 3363 4185 ἐπιδοῦναι·
3398 4132 3866 4202 παρακαλέσωμεν
3904 4130 4017 4182 τοί-

2437 4244 2533 4279 νυν
2576 4227 2667 4279 τὸν
2719 4227 2939 4294 Κύριον,
2996 4226 3081 4277 ἵνα
3115 4228 3180 4294 τῇ
3229 4225 3333 4294 ἰδίᾳ
3364 4226 3461 4293 τῆς
3491 4224 3743 4292 θεότητος
3789 4225 4015 4291 δυνάμει

2440 4318 2788 4386 λυτρώσηται
2819 4318 2967 4385 ἡμᾶς
3005 4319 3069 4368 ἐκ
3100 4317 3199 4383 τῆς
3246 4315 3491 4381 φυλακῆς
3523 4315 3617 4364 τοῦ
3659 4314 3881 4373 σκότους
3906 4314 4015 4362 τῶν

2444 4409 2633 4462 παθῶν
2687 4409 2787 4476 τῆς
2822 4408 3065 4477 ἀτιμίας,
3112 4408 3206 4459 καὶ⁵
3256 4407 3356 4475 τὴν
3402 4406 3535 4457 ἰδίαν
3567 4404 3773 4467 είκόνα,
3815 4402 3910 4455 καὶ
3955 4402 4017 4454 τὸ

762 4474 1038 4537 animam;
1071 4481 1127 4525 et
1156 4481 1217 4524 ut
1258 4472 1359 4524 hac
1400 4473 1611 4527 ratione
1641 4473 1792 4543 digni
1824 4474 2128 4527 habeamur
2153 4476 2335 4529 socie-
2371 4495 2414 4548 ο

2334 4506 2335 4512 ‘
2371 4495 2414 4548 D
2443 4500 2669 4568 πλάσμα
2701 4472 2991 4567 ἐκδικήσας
3018 4472 3334 4566 ἀναλάμψαι
3364 4497 3589 4565 ποιήσῃ,
3619 4494 3764 4545 σώαν
3792 4494 3884 4545 καὶ
3916 4510 4014 4544 κα-

765 4574 875 4617 tate
915 4564 1174 4632 Spiritus,
1206 4563 1576 4632 gloriﬁcantes
1601 4564 1840 4628 Patrem,
1860 4564 2059 4618 Filium
2080 4574 2135 4618 et
2158 4564 2334 4634 Spiri-

764 4668 879 4710 tum
909 4666 1179 4721 sanctum,
1213 4656 1268 4710 in
1293 4658 1511 4710 saecula.
1540 4658 1734 4711 Amen.

1367 4956 1643 5009 HOMILIA
1698 4958 1759 5010 L.

869 5044 1009 5097 Deus
1027 5053 1102 5097 est
1128 5047 1219 5114 qui
1248 5062 1340 5113 per
1385 5057 1593 5100 sanctos
1616 5065 1735 5102 suos
1758 5060 1805 5103 et
1832 5063 2107 5110 creaturas
2129 5060 2236 5112 edit

1412 5118 1695 5173 miracula.

841 5222 878 5275 l.
896 5223 1048 5288 Quis,
1068 5224 1161 5294 qui
1179 5225 1377 5279 clausit
1392 5236 1578 5295 portas
1598 5229 1865 5284 caelorum
1881 5232 1904 5284 ?
1919 5233 2084 5296 Elias.
2108 5252 2177 5291 an
2196 5238 2341 5296 Deus

764 5325 883 5369 erat
917 5316 971 5369 in
1016 5333 1105 5380 eo,
1166 5320 1259 5385 qui
1297 5317 1601 5387 imperabat
1654 5322 1820 5377 etiam
1856 5326 2154 5394 pluviae"?
2200 5341 2334 5400 puto

766 5422 914 5472 eum,
946 5409 1040 5477 qui
1072 5418 1395 5477 potestatem
1434 5412 1601 5467 habet
1638 5414 1692 5467 in
1724 5417 1943 5481 omium,
1980 5420 2248 5478 insedisse
2278 5426 2333 5479 in

766 5498 949 5551 animo
1014 5499 1184 5565 illius,
1220 5501 1558 5572 verbumque
1620 5506 1713 5558 Dei
1767 5522 1866 5575 per
1912 5508 2153 5579 linguam
2214 5516 2335 5584 ejus

768 5588 1139 5655 prohibuisse,
1163 5607 1231 5646 ne
1258 5592 1620 5649 descenderet
1644 5596 1829 5663 pluvia
1850 5614 2015 5667 super
2047 5610 2246 5658 terram
2266 5606 2330 5661 “.

846 5770 881 5796 ’⁷
914 5767 952 5821 ll
983 5767 1107 5821 Cor.
1147 5786 1216 5832 xl,
1248 5771 1332 5825 24.
1416 5774 1452 5803 ¹¹¹
1480 5773 1643 5827 Hebr.
1681 5791 1755 5835 Ill.
1798 5779 1846 5830 6.

1928 5780 1967 5808 ¹⁹
2006 5779 2119 5835 Jac.
2158 5798 2195 5845 ι,
2231 5784 2311 5836 l8.
2394 5786 2437 5816 '°
2471 5786 2489 5840 l
2529 5786 2656 5853 Reg.
2697 5803 2822 5849 ml,
2866 5787 2912 5840 l.

2446 4589 2616 4658 Θαράν
2650 4590 2747 4657 τὴν
2792 4588 2969 4657 ψυχὴν
3000 4588 3476 4655 ἀπεργασάμενος,
3511 4586 3603 4636 καὶ
3634 4582 3805 4642 οὕτως
3850 4582 4016 4644 ἀξιως-

2446 4679 2627 4748 Θῶμεν
2645 4680 2743 4747 τῆς
2766 4679 3046 4740 κοινωνίας
3075 4677 3167 4730 τοῦ
3198 4678 3533 4744 Πνεύματος,
3566 4674 3879 4739 δοξάζοντες
3908 4675 4015 4726 Πα-

2444 4770 2596 4839 τέρα,
2629 4770 2723 4821 καὶ
2760 4769 2909 4832 Υίδν,
2936 4769 3029 4821 καὶ
3057 4770 3209 4835 ἆγιον
3253 4765 3492 4835 Πνεῦμα,
3525 4767 3604 4828 εἰς
3626 4766 3751 4826 τοὺς
3790 4765 4011 4825 αἰῶνας.

2457 4861 2513 4911 Ἀ
2524 4864 2648 4928 μήν.

3044 4977 3291 5028 ΟΜΙΛΙΑ
3325 4976 3407 5028 N'.

2442 5072 2583 5135 Θεός
2607 5070 2777 5123 ἐστιν
2804 5072 2836 5123 ὁ
2861 5068 2959 5121 διὰ
2980 5067 3098 5120 τῶν
3117 5068 3299 5136 ἁγίων
3320 5067 3506 5120 αὑτοῦ
3529 5063 4013 5133 θαυματουργῶν.

2504 5238 2581 5292 A'.
2625 5240 2721 5301 Τίς
2767 5235 2836 5309 ἦν
2880 5241 2909 5292 0
2956 5240 3173 5301 κλείσας
3214 5238 3314 5301 τὰς
3366 5237 3536 5308 ούρας
3584 5238 3693 5291 τῶν
3736 5238 4011 5308 οὑρανῶνς

2453 5333 2659 5396 Ἠλίας,
2713 5334 2744 5400 ἢ
2789 5332 2818 5383 0
2863 5332 2993 5393 Θεὸς
3035 5327 3104 5401 ἦν
3156 5332 3212 5383 ὲν
3257 5331 3425 5400 αύτῷ,
3463 5333 3491 5383 0
3524 5331 3785 5394 ἐπιτάξας
3813 5330 4015 5398 καὶτῷ

2443 5423 2609 5491 ὑετῷ;
2646 5422 2870 5490 νομίζω,
2912 5423 2993 5474 ὅτι
3027 5425 3055 5475 0
3083 5422 3434 5490 ὲξουσιαστὴς
3472 5421 3550 5490 τῷ
3582 5421 3815 5490 οὐρανῷ,
3853 5421 4014 5481 αὐτὸς

2441 5513 2769 5583 ἑνεκαθέσθη
2806 5515 2953 5577 ἐντὸς
2976 5514 3071 5567 τοῦ
3106 5516 3224 5577 νοὸς
3254 5514 3442 5575 αὐτοῦ,
3474 5514 3568 5565 καὶ
3605 5512 3692 5565 διὰ
3714 5513 3812 5581 τῆς
3836 5511 4016 5580 γλώτ-

2440 5622 2539 5676 της
2578 5604 2742 5657 αύτοῦ
2778 5605 2807 5657 0
2834 5607 3004 5674 Λόγος
3030 5606 3125 5660 τοῦ
3148 5607 3285 5659 Θεοῦ
3319 5605 3559 5659 ἐκώλυσε
3587 5604 3681 5657 τοῦ
3721 5605 3794 5676 μὴ
3825 5606 4018 5659 κατελ-

3020 5789 3061 5818 ²¹
3098 5789 3111 5840 Ι
3148 5789 3279 5857 Reg.
3306 5803 3451 5852 xvm,
3485 5788 3571 5852 Η,
3603 5785 3681 5840 55.
