4254 6358
283 397 393 462 817

1512 399 1879 464 HOMILIIE.
1908 428 1978 439 —
2008 404 2195 465 110M.
2233 406 2300 465 L.

3421 403 3525 469 818

286 512 405 562 θεῖν
435 507 588 561 ὑετὸν
618 508 710 561 ἐπὶ
735 508 833 579 τῆς
858 509 980 579 γῆς.
1006 509 1115 563 Kal
1140 508 1299 565 πάλιν
1319 492 1469 573 sine,
1505 512 1600 565 καὶ
1636 512 1851 582 ὴνοίγηυ
1886 518 1931 573 Α
1959 512 1966 566 1

1842 541 1851 554 -
1886 518 1931 573 Α
1959 512 2161 569 lterum
2192 515 2410 570 locutus
2434 523 2541 579 est,
2572 523 2628 570 et
2658 525 2861 585 aperta
2889 526 3017 571 sunt
3038 528 3210 587 portae
3237 520 3522 584 cmlorum,

286 616 392 652 σαν
422 601 478 651 αἱ
508 599 674 652 πύλαι
708 599 814 652 τῶν
855 600 1118 670 οὐρανῶν.
1151 601 1247 653 καὶ
1295 601 1563 670 κατῆλθεν
1606 604 1635 655 6
1673 603 1858 665 ὑετός·

284 692 493 759 ὁμοίως
517 691 615 743 καὶ
643 690 886 760 Μωῦσῆς
906 691 1068 761 ἔθηκε
1092 692 1306 763 ῥάϐδον,
1344 693 1440 745 καὶ
1470 692 1689 761 ἐγένετο
1709 693 1856 761 δφιςο

289 788 383 835 καὶ
421 784 581 835 πάλιν
615 780 758 849 εἷπε,
788 786 879 836 καὶ
908 785 1124 852 ἐγένετο
1156 785 1370 853 ῥάϐδος.
1402 787 1510 839 Kal
1539 786 1729 839 ἔλαϐεν
1753 786 1859 839 ἀπὸ

289 876 524 942 καμίνου
568 876 794 944 τέφραν,
836 876 930 928 καὶ
962 877 1275 946 ἐσκόρπισε,
1306 878 1400 930 καὶ
1445 876 1661 945 ἐγένετο
1687 876 1819 947 ἐλκη
1842 892 1856 906 ·

293 968 389 1017 καὶ
421 966 581 1017 πάλιν
615 966 862 1029 ἐπέταξε,
892 967 985 1019 καὶ
1014 966 1226 1034 ἐγένετο
1260 966 1504 1027 σκνίπες,
1538 967 1633 1019 καὶ
1666 966 1863 1036 βάτρα-

290 1075 398 1125 χοι.
428 1054 575 1125 Ἆρα
615 1056 790 1109 ταῦτα
831 1057 991 1125 φύσις
1039 1056 1340 1128 ἀνθρώπων
1384 1060 1559 1111 ποιεῖν
1600 1058 1861 1129 ὴδύνατος

294 1141 431 1196 Εἷπε
486 1148 551 1214 τῇ
597 1145 860 1214 θαλάσσῃ,
905 1146 997 1197 καὶ
1029 1146 1290 1218 ἐμερίσθη
1318 1163 1332 1178 ·
1363 1146 1441 1217 τῷ
1484 1148 1733 1217 ποταμῷ,
1769 1149 1864 1201 καὶ

298 1234 602 1305 μετεϐλήθη
629 1236 708 1298 είς
738 1231 898 1303 αἷμα.
941 1236 1114 1290 amat
1126 1238 1307 1306 δῆλον,
1334 1239 1417 1291 ὅτι
1451 1240 1678 1309 οὐρανία
1705 1240 1865 1293 δύνα-

298 1343 393 1396 μις
425 1326 559 1395 ᾤκει
591 1327 649 1379 ἐν
671 1325 748 1397 τῷ
774 1326 850 1397 νῷ
874 1327 1059 1393 αὑτοῦ,
1094 1328 1190 1381 καὶ
1216 1328 1304 1382 διὰ
1330 1327 1574 1393 Μωσέως
1599 1328 1771 1382 ἐποίει
1795 1328 1865 1382 τὰ

299 1420 506 1486 σημεῖα
543 1416 735 1469 ταῦτα.
1422 1470 1424 1473 .

368 1509 445 1560 B'.
488 1506 547 1560 Ὀ
578 1508 743 1561 Δαϐὶδ
772 1507 886 1568 πῶς
915 1508 1044 1561 ἄνευ
1074 1508 1236 1562 ὅπλου
1261 1509 1493 1579 ἠδύνατο
1524 1510 1661 1580 μετὰ
1687 1511 1864 1564 τοιού-

296 1614 391 1649 του
420 1597 674 1665 γίγαντος
696 1597 990 1666 συμϐαλεῖν
1018 1600 1097 1661 είς
1126 1598 1392 1670 πόλεμον;
1424 1601 1533 1655 Καὶ
1560 1602 1647 1654 ὅτε
1675 1601 1863 1673 ἔρριψε

297 1690 391 1740 τὸν
416 1688 560 1740 λίθον
589 1689 727 1740 κατὰ
755 1688 847 1740 τοῦ
872 1688 1190 1756 ἀλλοφύλου,
1224 1690 1312 1744 διὰ
1351 1690 1448 1759 τῆς
1473 1691 1652 1760 χειρὸς
1680 1693 1863 1758 Δαϐὶδ,

300 1782 424 1850 χεὶρ
448 1780 583 1833 Θεοῦ
606 1781 803 1849 ὡδήγει
826 1781 915 1832 τὸν
940 1780 1107 1843 λίθον,
1135 1783 1229 1835 καὶ
1263 1782 1399 1853 αὑτὴ
1429 1784 1463 1853 ἠ
1500 1784 1617 1837 Θεία
1638 1784 1865 1854 δύναμις

299 1873 618 1925 ἀπέκτεινεν
648 1871 811 1923 αὑτὸν
834 1873 1106 1941 ποιήσασα
1129 1871 1227 1943 τὴν
1264 1874 1439 1944 νίκην.
1467 1876 1541 1927 Οὐ
1563 1876 1670 1945 γὰρ
1701 1876 1865 1930 Δαϐὶδ

297 1962 525 2033 ἠδύνατο
552 1963 780 2031 ἀσθενὴς
812 1961 886 2015 ὢν
909 1964 988 2031 τῷ
1020 1964 1251 2033 σώματι.
1296 1966 1500 2036 Ἰησοῦς
1525 1969 1554 2020 6
1590 1970 1683 2021 τοῦ
1710 1971 1865 2042 Ναυῆ

299 2057 387 2107 ὅτε
421 2053 659 2121 ἀπῆλθεν
686 2056 765 2117 είς
798 2054 1006 2123 Ὶεριχὼ
1038 2058 1434 2130 περιεκαθέσθη
1480 2060 1618 2114 ἑπτὰ
1649 2064 1864 2133 ἡμέρας

305 2146 470 2216 μηδὲν
517 2145 812 2214 δυνάμενος
862 2145 1082 2214 ποιῆσαι
1108 2150 1172 2217 τῇ
1207 2148 1310 2218 ἰδίᾳ
1337 2149 1513 2217 φύσει,
1547 2150 1661 2203 ἀλλ’
1699 2153 1786 2204 ὅτε
1837 2156 1865 2205 6

301 2239 434 2300 Θεὸς
468 2237 739 2299 ἐκέλευσε,
771 2236 840 2289 τὰ
878 2237 1025 2305 τείχη
1067 2238 1161 2306 ἀφ’
1194 2240 1401 2291 ἑαυτῶν
1427 2243 1714 2297 κατέπεσε.
1756 2245 1865 2297 Kal

301 2331 389 2382 ὅτε
418 2328 665 2396 είσῆλθεν
702 2329 782 2390 είς
818 2327 916 2396 τὴν
947 2327 1052 2395 γῆν
1078 2327 1177 2395 τῆς
1210 2331 1560 2399 ἐπαγγελίας,
1588 2331 1736 2399 λέγει
1764 2334 1863 2386 αὐ-

299 2422 379 2492 τῷ
407 2423 435 2474 ὁ
463 2421 681 2491 Κύριος,
716 2422 961 2476 Ἀπελθε
997 2425 1080 2488 εις
1113 2423 1378 2489 πόλεμον
1398 2439 1416 2456 ο
1448 2424 1718 2495 ἀπεκρίθη
1761 2427 1866 2495 ’1η-

300 2511 447 2575 σοῦς,
493 2510 578 2578 Ζῇ
614 2512 847 2578 Κύριος,
897 2514 968 2565 οὐ
1001 2512 1086 2580 μὴ
1130 2512 1367 2566 ἀπέλθω
1396 2513 1541 2567 ἄνευ
1575 2516 1713 2569 σοῦ.
1758 2517 1867 2569 Kal

297 2604 383 2665 τίς
441 2604 587 2655 ἐστιν
636 2605 663 2656 6
715 2604 975 2668 ἐπιτάξας
1031 2603 1107 2673 τῷ
1158 2605 1291 2674 ήλίῳ
1337 2606 1525 2675 στῆναι
1574 2607 1738 2670 ἄλλας
1774 2609 1866 2662 δύο

299 2694 450 2762 ὥρας
502 2695 562 2745 ἐν
600 2696 678 2764 τῇο
722 2695 961 2764 συμϐολῇ
996 2695 1090 2747 τοῦ
1128 2696 1382 2764 πολέμου,
1433 2698 1465 2767 ή
1501 2697 1660 2765 φύσις
1700 2698 1865 2751 αὐτοῦ

302 2786 462 2855 μόνη,
496 2785 529 2853 ἢ
560 2788 594 2855 η
641 2785 874 2839 συνοῦσα
914 2787 1060 2856 αὐτῷ
1087 2788 1339 2858 δύναμιςς
1370 2791 1462 2841 καὶ
1495 2790 1734 2859 Μωῦσῆς
1778 2792 1865 2844 ὅτε

301 2877 561 2929 συνέϐαλε
620 2877 698 2945 τῷ
737 2878 1002 2947 ’Δμαλὴκ,
1060 2881 1109 2931 εί
1168 2880 1265 2946 μὲν
1307 2879 1535 2943 ἐξέτεινε
1603 2879 1703 2945 τὰς
1752 2884 1865 2951 χεῖ-

301 2985 403 3037 ρας
424 2970 503 3030 είς
525 2968 617 3019 τὸν
647 2968 892 3033 οὐρανὸν,
925 2969 1062 3037 πρὸς
1088 2969 1177 3023 τὸν
1198 2970 1349 3032 Θεὸν,
1375 2972 1565 3024 ἐπάτει
1591 2972 1680 3025 τὸν
1701 2973 1868 3042 Ἀμα-

297 3060 437 3126 λήκ·
486 3060 533 3111 εί
583 3059 639 3111 δὲ
684 3058 862 3111 ἐκλινε
920 3060 1017 3123 τὰς
1079 3063 1284 3130 χεῖρας,
1331 3063 1361 3113 6
1413 3064 1658 3133 ’Δμαλὴκ
1709 3081 1865 3134 περι-

301 3150 530 3219 εγίνετο.

372 3242 446 3293 Γ¹.
489 3242 560 3293 Σὺ
592 3240 649 3292 δέ
677 3241 891 3293 ἀκούων
912 3241 1084 3295 ταῦτα
1102 3242 1383 3311 γινόμενα,
1420 3244 1492 3312 μὴ
1528 3246 1744 3314 μακράν
1771 3264 1863 3298 σου

300 3330 511 3398 ἀπέλθῃ
538 3329 565 3379 6
591 3330 713 3390 νοῦς
732 3346 747 3361 ⁸
786 3328 900 3381 ἀλλ’
927 3332 1112 3399 ἐπειδὴ
1136 3332 1318 3383 ἐκεῖνα
1341 3333 1506 3393 τύπος
1533 3329 1598 3401 ἦν
1622 3334 1715 3385 καὶ
1740 3334 1867 3386 σκιὰ

296 3419 408 3471 τῶν
436 3418 701 3487 ἀληθινῶν
723 3420 1081 3488 πραγμάτων,
1106 3421 1336 3474 ἀνάλαϐε
1357 3424 1436 3483 είς
1462 3422 1650 3474 ἑαυτὸν
1673 3424 1863 3478 ταῦτα.

302 3512 433 3563 Ὅτε
464 3511 570 3578 γὰρ
598 3514 836 3573 ἐκτενεῖς
864 3513 961 3573 τὰς
984 3515 1169 3581 χεῖρας
1201 3512 1295 3564 τοῦ
1323 3516 1441 3576 νοός
1472 3531 1586 3577 σου,
1622 3515 1715 3566 καὶ
1743 3517 1866 3577 τοὺς

300 3602 593 3669 λογισμοὺς
632 3602 711 3663 είς
748 3602 837 3652 τὸν
872 3601 1118 3669 οὐρανὸν,
1146 3603 1238 3653 καὶ
1265 3603 1508 3673 θελήσεις
1534 3605 1868 3676 προσκολλη-

301 3690 460 3756 θῆναι
488 3690 563 3757 τῷ
598 3691 804 3759 Κυρίῳ,
831 3692 1134 3760 κατώτερος
1162 3692 1270 3743 τῶν
1294 3693 1564 3761 λογισμῶν
1592 3712 1686 3746 σου
1721 3697 1868 3762 γίνε-

299 3797 390 3831 ται
413 3780 441 3830 6
471 3780 730 3841 Σατανᾶς.
766 3780 875 3832 Kal
904 3778 1088 3849 ῶσπερ
1112 3783 1189 3840 είς
1230 3780 1436 3850 Ἰεριχὼ
1463 3782 1533 3834 τὰ
1557 3784 1710 3853 τείχη
1741 3785 1868 3836 ἔπε-

305 3889 397 3923 σον
430 3871 517 3924 διὰ
544 3873 823 3941 δυνάμεως
863 3873 1017 3936 Θεοῦ,
1044 3874 1187 3936 οὕτω
1224 3877 1317 3927 καὶ
1352 3877 1444 3929 νῦν
1471 3879 1540 3929 τὰ
1580 3879 1733 3945 τείχη
1768 3878 1869 3947 τῆς

301 3962 503 4025 κακίας
540 3966 608 4014 τὰ
639 3964 916 4017 κωλύοντά
945 3982 1035 4017 σου
1066 3966 1156 4018 τὸν
1181 3967 1322 4030 νοῦν,
1363 3967 1454 4019 καὶ
1482 3970 1538 4019 ai
1563 3969 1744 4030 πόλεις
1775 3970 1865 4020 τοῦ

301 4056 539 4115 Σατανᾶ,
575 4056 666 4106 καὶ
707 4058 753 4107 οἱ
791 4055 969 4124 ἐχθροί
1005 4073 1097 4108 σου
1128 4057 1560 4126 ἐξολοθρεύονται
1586 4059 1674 4109 διὰ
1712 4060 1869 4112 δυνά-

304 4161 450 4213 μεως
480 4144 614 4196 Θεοῦ
646 4161 661 4175 ⁸
686 4144 857 4206 οὕτως
885 4148 941 4195 ἐν
972 4149 1035 4215 τῇ
1064 4148 1190 4215 σκιᾷ
1214 4148 1349 4199 Θεοῦ
1374 4148 1603 4216 δύναμις
1634 4151 1868 4203 ἀδιαλεί-

301 4250 451 4295 πτως
486 4235 651 4303 συνῆν
678 4238 787 4296 τοῖς
814 4235 1061 4297 δικαίοις,
1086 4237 1309 4289 ποιοῦσα
1339 4237 1616 4308 θαυμάσια
1639 4243 1865 4311 φανερά·

299 4324 398 4376 καὶ
431 4323 632 4377 ἔσωθεν
663 4324 719 4375 δὲ
763 4327 820 4375 ἐν
848 4326 1029 4387 αὐτοῖς
1054 4325 1184 4395 ᾤκει
1214 4329 1246 4395 ἠ
1278 4327 1397 4379 θεία
1427 4330 1602 4397 χάρις.
1640 4331 1869 4399 Ὁμοίως

301 4415 397 4466 καὶ
449 4415 529 4476 εἰς
572 4415 698 4475 τοὺς
744 4417 1023 4484 προφήτας
1080 4403 1335 4486 ἐνήργει,
1374 4418 1469 4471 καὶ
1517 4419 1751 4487 διηκόνει
1808 4422 1866 4473 τὸ

1959 620 2023 658 ac
2057 604 2341 661 descendit
2364 606 2569 676 pluvia.
2604 606 2870 663 Similiter
2905 623 3126 678 quoque
3154 610 3328 668 Moses
3363 628 3529 681 pone—

1959 692 2053 747 bat
2087 696 2295 765 virgam
2318 698 2386 760 ¹¹,
2408 707 2464 752 ει
2506 697 2670 751 flebat
2709 714 2969 768 serpens;
3006 711 3061 755 et
3095 716 3287 755 rursus
3314 702 3527 758 locutus

1958 794 2062 847 est,
2088 793 2143 837 et
2178 784 2341 840 fiebat
2384 787 2559 855 virga.
2596 788 2664 841 Et
2706 790 2918 857 accepit
2948 806 2977 843 a
3013 793 3227 845 camino
3260 793 3525 855 cinerem,

1959 882 2016 929 ct
2044 875 2320 944 dispersit,
2348 886 2403 932 et
2431 878 2881 946 producebantur
2916 881 3101 935 ulcera
3136 883 3204 945 ",
3240 890 3295 935 et
3327 882 3524 936 iterum

1960 965 2253 1033 percussit,
2296 974 2352 1018 et
2387 967 2587 1020 tiebant
2615 968 2865 1036 ciniphes
2909 977 2965 1023 et
3021 986 3184 1023 ranae.
3224 969 3361 1023 Num
3413 970 3527 1024 haec

1960 1063 2157 1109 natura
2192 1056 2431 1110 humana
2479 1056 2661 1112 facere
2714 1060 2936 1129 potuit?
2969 1060 3210 1115 Locutus
3240 1072 3324 1116 est
3365 1062 3524 1126 mari,

1960 1155 2017 1200 et
2044 1146 2283 1200 divisum
2304 1155 2388 1201 est
2408 1150 2451 1178 “
2480 1165 2492 1200 :
2539 1148 2725 1214 ﬂuvio,
2754 1160 2811 1204 et
2840 1160 3082 1206 mutatus
3113 1162 3197 1206 est
3224 1153 3277 1205 in
3313 1152 3530 1221 sangui-

1961 1248 2107 1286 nem.
2136 1234 2338 1288 Verum
2398 1244 2568 1303 patet,
2619 1238 2765 1305 quod
2800 1240 3042 1294 cmlestis
3085 1242 3264 1294 virtus
3317 1241 3531 1294 habita-

1962 1324 2106 1379 verit
2148 1325 2204 1378 in
2260 1325 2380 1395 ejus
2431 1327 2633 1392 animo,
2666 1334 2733 1381 et
2788 1344 2887 1397 per
2934 1329 3119 1383 Mosen
3150 1329 3388 1383 ediderit
3417 1331 3531 1385 haec

1964 1430 2138 1483 Signa.

2032 1504 2098 1560 ll.
2129 1503 2299 1559 David
2327 1519 2439 1574 quo
2463 1514 2627 1572 pacto
2675 1506 2857 1575 potuit
2879 1506 3088 1575 absque
3120 1510 3289 1563 armis
3324 1511 3379 1563 in
3419 1511 3531 1564 bel—

1963 1594 2076 1647 lum
2105 1595 2363 1664 congredi
2399 1610 2526 1648 cum
2574 1596 2664 1648 tali
2696 1597 2951 1665 gigante?
2976 1598 3044 1652 Et
3075 1614 3197 1652 cum
3248 1604 3533 1670 projiceret

1964 1684 2200 1753 lapidem
2239 1686 2294 1738 in
2324 1686 2687 1754 alienigenam
2720 1702 2815 1739 sua
2846 1703 3008 1741 manu
3045 1689 3214 1742 David
3240 1692 3305 1754 ",
3340 1706 3531 1745 manus

1966 1778 2062 1830 Dei
2090 1776 2361 1845 dirigebat
2387 1775 2649 1845 lapidem.
2705 1778 2820 1845 ipsa
2869 1794 3089 1846 quoque
3150 1781 3323 1833 virtus
3348 1782 3529 1834 divina

1968 1868 2242 1923 interfecit
2271 1867 2447 1930 illum,
2466 1882 2663 1933 parans
2696 1868 3006 1921 victoriam.
3043 1870 3159 1923 Non
3183 1872 3329 1923 enim
3364 1872 3527 1925 David

1970 1960 2075 2013 hoc
2127 1966 2363 2027 poterat,
2398 1958 2492 2025 qui
2531 1966 2655 2011 erat
2696 1958 2990 2011 imbecillis
3045 1974 3294 2027 corpore.
3351 1961 3527 2016 Jesus.

1970 2050 2112 2103 ﬁlius
2143 2048 2290 2102 Nave
2316 2048 2382 2110 ",
2411 2062 2534 2101 cum
2570 2048 2813 2101 venisset
2857 2048 3099 2112 Jericho,
3152 2049 3292 2102 sedit
3324 2059 3531 2117 septem

1967 2145 2107 2207 dies,
2141 2143 2278 2195 nihil
2312 2142 2528 2195 cﬂicere
2549 2143 2737 2195 valens
2767 2157 2864 2195 sua
2899 2142 3073 2210 ipsius
3102 2150 3327 2195 natura:
3361 2151 3417 2195 at
3439 2144 3530 2196 ubi

1962 2236 2127 2306 jussit
2156 2235 2318 2296 Deus,
2352 2233 2499 2286 muri
2541 2248 2637 2286 sua
2673 2242 2870 2301 sponte
2919 2242 3271 2286 corruerunt.
3314 2234 3529 2287 Etcum

1967 2326 2347 2398 ingrederetur
2366 2334 2566 2379 terram
2588 2325 2987 2394 promissionis,
3006 2324 3141 2378 dicit
3163 2325 3212 2379 ci
3237 2325 3497 2379 Dominus
3517 2344 3529 2379 :

1966 2421 2303 2490 Proﬁciscere
2323 2423 2378 2474 in
2400 2419 2628 2485 bellum;
2656 2419 2941 2488 respondit
2974 2419 3163 2482 Jesus;
3194 2417 3326 2471 Vivit
3350 2418 3531 2471 Domi-

1967 2516 2099 2569 nus!
2126 2531 2230 2567 non
2262 2514 2538 2583 procedam
2566 2514 2678 2565 sine
2705 2521 2753 2564 te
2776 2513 2843 2563 ’⁷.
2869 2511 2938 2565 Ει
2968 2511 3093 2580 quis
3120 2520 3226 2573 est,
3255 2509 3348 2579 qui
3377 2524 3532 2562 man-

1967 2605 2119 2659 davit
2154 2605 2280 2667 soli,
2321 2612 2382 2657 ut
2409 2604 2735 2657 subsisteret
2768 2601 2905 2655 duas
2934 2602 3070 2655 alias
3103 2601 3269 2654 horas
3312 2602 3364 2653 in
3398 2616 3531 2655 con-

1967 2698 2120 2753 ﬂictu
2150 2698 2323 2752 belli?
2351 2698 2431 2750 An
2482 2698 2595 2750 sola
2652 2695 2825 2765 ipsius
2850 2701 3065 2757 natura,
3097 2709 3163 2747 an
3191 2707 3312 2761 quae
3343 2691 3421 2745 illi
3444 2708 3531 2746 as-

1969 2789 2196 2842 sistebat
2216 2796 2380 2855 potcn
2391 2788 2462 2840 tia
2484 2785 2564 2837 ’θῖ
2584 2786 2760 2839 Moses
2792 2798 3031 2853 quoque,
3047 2799 3169 2837 cum
3196 2796 3387 2835 manus
3401 2794 3534 2833 con-

1969 2889 2180 2935 sereret
2234 2895 2359 2933 cum
2394 2878 2712 2940 Amalecho,
2743 2876 2963 2945 quando
2986 2874 3313 2928 extendebat
3342 2888 3536 2925 manus

1972 2971 2026 3024 in
2056 2970 2255 3024 caelum
2284 2968 2351 3021 ad
2372 2969 2566 3032 Deum,
2600 2966 2963 3022 conculcabat
2991 2964 3289 3018 Amalech:
3315 2961 3536 3032 quando

1970 3070 2151 3115 autem
2186 3060 2489 3114 declinaret
2528 3057 3022 3123 manus,Amalech
3043 3055 3295 3125 superior
3326 3062 3464 3107 erat.

2039 3238 2129 3292 Ill.
2166 3238 2247 3291 Tu
2292 3253 2426 3291 vero
2472 3237 2692 3305 quando
2733 3236 2850 3291 haec
2904 3244 3094 3289 auditu
3146 3234 3407 3303 percipis,
3468 3247 3537 3285 ne

1967 3328 2154 3397 procul
2179 3344 2208 3380 a
2231 3336 2281 3381 te
2308 3329 2564 3395 procedat
2586 3343 2737 3380 mens
2756 3336 2874 3391 tua;
2903 3340 3091 3379 verum
3115 3324 3243 3393 quia
3270 3324 3358 3377 illa
3380 3333 3536 3392 typus

1965 3427 2122 3470 erant
2149 3426 2205 3471 et
2223 3418 2413 3470 umbra
2439 3433 2691 3470 verarum
2716 3431 2923 3480 rerum,
2950 3414 3305 3468 accommoda
3343 3414 3535 3465 eadem

1969 3508 2067 3562 tibi
2114 3509 2237 3577 ipsi.
2284 3509 2734 3576 Quandocunque
2789 3508 2936 3577 enim
2983 3505 3296 3559 cxtenderis
3346 3518 3537 3557 manus

1968 3602 2133 3655 animi
2167 3602 2243 3655 tui
2279 3610 2336 3655 et
2369 3602 2729 3670 cogitationes
2759 3601 2814 3652 in
2855 3601 3074 3660 cmlum,
3107 3610 3269 3665 atque
3296 3596 3537 3650 volueris

1968 3691 2291 3759 agglutinari
2326 3693 2580 3756 Domino,
2630 3691 2861 3744 inferior
2894 3690 3316 3758 cogitationibus
3347 3688 3455 3740 tuis
3479 3688 3537 3739 iit

1970 3780 2214 3833 Satanas.
2240 3781 2782 3848 thuemadmodum
2805 3780 3024 3833 Jericho
3048 3784 3188 3831 murl
3210 3784 3536 3831 corruerunt

1968 3870 2175 3922 virtute
2209 3870 2393 3922 divina
2422 3872 2487 3935 ",
2549 3872 2630 3923 sic
2687 3886 2906 3937 quoque
2942 3885 3087 3921 nunc
3128 3868 3268 3921 muri
3320 3868 3537 3920 malitize

1970 3961 2275 4030 impediunt
2326 3970 2566 4014 mentem
2605 3970 2775 4019 tuam.
2810 3970 2972 4028 atque
3019 3960 3183 4012 urbes
3241 3960 3454 4011 Satanze
3481 3966 3537 4009 et

1971 4056 2179 4110 inimici
2209 4057 2285 4110 tui
2315 4054 2617 4122 perdentur
2647 4056 2850 4106 virtute
2891 4053 3094 4105 divina.
3138 4051 3216 4103 Ad
3254 4051 3401 4102 hunc
3422 4064 3537 4102 mo—

1970 4151 2101 4203 dum
2162 4148 2216 4200 in
2264 4148 2455 4199 umbra
2507 4147 2641 4215 legis
2691 4146 2865 4197 virtus
2909 4144 3094 4196 divina
3160 4142 3536 4195 indesinenter

1970 4241 2155 4293 aderat
2181 4238 2363 4308 justis,
2388 4237 2557 4290 edens
2584 4235 2868 4289 manifesta
2889 4236 3168 4288 miracula.
3193 4234 3369 4301 Atque
3392 4234 3536 4285 intus

1971 4333 2025 4385 in
2060 4329 2193 4398 ipsis
2219 4328 2500 4381 habitabat
2540 4327 2725 4378 divina
2762 4318 2955 4393 gratia.
3006 4325 3198 4377 Itidem
3228 4338 3445 4391 quoque
3481 4324 3535 4374 in

1969 4420 2254 4491 prophetis
2284 4418 2639 4485 operabatur,
2695 4425 2861 4483 atque
2910 4412 3293 4481 suppeditabat
3341 4411 3538 4463 animis

302 4504 529 4572 Πνεῦμα
557 4507 615 4557 ἐν
640 4507 759 4567 ταῖς
796 4505 993 4575 ψυχαῖς
1023 4506 1203 4559 αὐτῶν
1231 4506 1322 4560 τοῦ
1358 4511 1737 4579 προφητεύειν,
1774 4514 1867 4565 καὶ
1899 4495 1942 4549 D
1969 4529 1982 4565 ι

1855 4521 1867 4565 ι
1899 4495 1942 4549 Ῑ)
1969 4527 2157 4566 eorum
2180 4510 2445 4578 Spiritum
2470 4506 2852 4577 prophetandi,
2878 4515 2934 4558 et
2954 4504 3213 4573 loquendi
3245 4511 3299 4555 et
3320 4502 3535 4555 dicendi

301 4594 507 4658 λαλεῖν,
529 4596 615 4647 ὅτε
646 4596 802 4665 χρεία
832 4592 899 4665 ἧν
926 4598 1224 4666 πράγματα
1249 4600 1457 4667 μεγάλα
1489 4603 1661 4653 είπεῖν
1684 4602 1759 4671 τῷ
1786 4603 1867 4655 κό-

304 4704 447 4755 σμῳ.
508 4688 583 4739 06
646 4688 752 4757 γὰρ
816 4690 1045 4740 πάντοτε
1116 4690 1354 4754 ἐλάλουν,
1415 4692 1530 4743 ἀλλ’
1575 4693 1657 4745 ὃτι
1708 4694 1866 4763 ἤθελε

302 4778 363 4830 τὸ
425 4777 485 4831 ὲν
543 4778 728 4841 αὐτοῖς
788 4779 1043 4849 Πνεῦμαο
1094 4780 1231 4850 πλὴν
1284 4784 1316 4849 ή
1368 4782 1596 4851 δύναμις
1635 4784 1865 4837 πάντοτε

303 4867 492 4936 συνῆν.

374 4972 447 5026 Δ’.
501 4973 565 5025 Εί
624 4968 717 5026 οὖν
773 4974 853 5037 είς
900 4974 998 5045 τὴν
1044 4974 1199 5027 σκιὰν
1253 4974 1501 5027 τοσοῦτον
1547 4976 1773 5047 ἐξεχύθη
1805 4977 1864 5029 τὸ

302 5060 528 5130 Πνεῦμα
560 5062 621 5115 τὸ
654 5063 828 5130 ἅγιον,
862 5065 1013 5135 πόσῳ
1043 5065 1239 5135 μᾶλλον
1261 5066 1340 5128 είς
1375 5066 1472 5135 τὴν
1507 5066 1710 5137 Καινὴν
1742 5068 1864 5119 Δια-

301 5149 498 5220 θήκην,
551 5153 629 5215 εἰς
661 5152 753 5205 τὸν
787 5155 1036 5224 σταυρὸν,
1068 5156 1147 5218 είς
1183 5156 1281 5226 τὴν
1329 5156 1535 5207 ἓλευσιν
1583 5155 1676 5207 τοῦ
1730 5158 1864 5225 Χρι-

302 5241 454 5307 στοῦ,
476 5243 608 5295 ὅπου
643 5244 919 5316 ἐγένετοὴ
956 5247 1173 5316 ἔκχυσις
1202 5247 1296 5300 καὶ
1322 5250 1354 5315 ὴ
1387 5248 1522 5317 μέθη
1561 5247 1652 5299 τοῦ
1694 5246 1862 5299 Πνεύ-

304 5349 506 5399 ματος;
553 5334 775 5402 Ἐκχεῶ
833 5338 963 5405 γὰρ,
1016 5341 1167 5407 φησι,
1220 5339 1337 5392 ἀπὸ
1381 5339 1485 5391 τοῦ
1524 5338 1865 5405 Πνεύματός

295 5441 415 5491 μου
456 5424 553 5478 ἐπὶ
589 5428 795 5481 πᾶσαν
827 5432 1042 5496 σάρκα.
1083 5431 1252 5483 Τοῦτό
1284 5433 1431 5484 ἐστιν
1467 5431 1494 5483 ὃ
1528 5420 1677 5481 εἶπεν
1704 5430 1864 5490 αὐτὸς

297 5516 589 5586 ὁεΚύριος.
633 5518 717 5571 ὅτι
744 5521 883 5574 Μεθ’
917 5522 1082 5590 ὑμῶν
1108 5522 1319 5589 ἔσομαι
1364 5523 1472 5589 ἕως
1508 5522 1619 5590 τῆς
1654 5538 1865 5575 συντε-

375 5696 420 5726 "
466 5696 635 5749 Exod.
692 5714 804 5757 vm.
839 5699 921 5752 l0.
1025 5701 1070 5731 "
1105 5701 1259 5761 ibid.,
1314 5700 1398 5753 17.

301 5768 346 5797 ’⁷
375 5766 486 5819 Jos.
523 5783 573 5830 κ,
607 5770 687 5821 l5.
766 5768 809 5798 ⁸⁸
840 5769 1009 5822 Exod.
1041 5786 1165 5830 xvu.
1202 5771 1285 5822 Η.
1309 5772 1352 5807 ’⁸
1381 5769 1492 5823 Jos.
1516 5784 1587 5831 vl,
1620 5768 1709 5822 20.

1494 5699 1539 5729 ³⁸
1579 5696 1748 5751 Exod.
1814 5712 1920 5753 xw,
1976 5694 2057 5751 16,
2121 5692 2209 5745 21.

1789 5766 1831 5797 ³ο
1858 5767 1974 5819 Act.
2006 5778 2060 5825 ιι,
2099 5762 2180 5815 l6.
2202 5761 2299 5823 i7;
2325 5759 2440 5814 Jocl
2474 5775 2530 5823 η,
2557 5759 2647 5812 20.

1969 4601 2176 4655 mundo
2246 4614 2334 4652 res
2385 4599 2673 4666 ingentes,
2759 4597 3085 4649 necessitate
3150 4594 3200 4645 id
3260 4600 3534 4661 poscente.

1968 4693 2087 4745 Non
2118 4691 2264 4744 enim
2295 4703 2513 4757 semper
2564 4689 2951 4756 loquebantur,
2995 4684 3089 4739 sed
3128 4682 3348 4752 quando
3383 4681 3536 4749 157

1966 4782 2205 4844 volebat,
2243 4780 2337 4848 qui
2384 4780 2438 4831 in
2482 4778 2614 4845 ipsis
2666 4786 2803 4840 erat,
2847 4775 3123 4843 Spiritus:
3183 4772 3538 4825 nihilominus

1969 4871 2200 4924 facultas
2231 4882 2448 4937 semper
2478 4866 2690 4919 aderat.

2042 4975 2130 5029 IV.
2173 4972 2229 5026 Si
2269 4972 2434 5041 igitur
2481 4970 2536 5021 in
2588 4968 2837 5020 umbram
2889 4974 3172 5033 tantopere
3211 4972 3295 5017 est
3327 4963 3537 5017 eﬂ'usus

1972 5064 2211 5132 Spiritus
2233 5071 2471 5120 sanctus,
2494 5070 2698 5127 quanto
2716 5059 2886 5126 magis
2906 5058 2961 5109 in
2982 5056 3191 5109 Novum
3220 5055 3536 5108 Tcstamen-
3563 5076 3567 5079 ·

1972 5168 2107 5222 tum,
2134 5160 2189 5211 in
2223 5169 2461 5217 crucem,
2493 5153 2548 5207 in
2572 5154 2864 5206 adventum
2891 5150 3116 5211 Christi,
3150 5149 3370 5218 quando
3392 5149 3532 5203 facta

1971 5256 2055 5302 est
2082 5247 2277 5301 eﬂ’usio
2329 5251 2385 5296 et
2440 5243 2678 5296 ebrietas
2722 5240 2996 5309 Spiritus?
3031 5240 3313 5308 Effundam
3369 5239 3528 5300 enim,

1974 5339 2168 5407 inquit,
2205 5337 2266 5388 de
2299 5333 2501 5403 Spiritu
2524 5348 2634 5385 meo
2668 5349 2825 5401 super
2859 5347 3065 5383 omnem
3090 5346 3302 5383 carnem
3333 5331 3397 5381 ³⁰.
3418 5327 3530 5381 Hoc

1968 5441 2051 5485 est
2094 5430 2239 5499 quod
2274 5429 2504 5496 ipsemet
2527 5426 2788 5478 Dominus
2810 5422 2964 5488 dixit,
2996 5440 3191 5491 nempe
3221 5443 3232 5475 :
3262 5423 3524 5474 Vobiscum

1971 5537 2058 5573 ero
2116 5535 2277 5587 usque
2309 5518 2377 5571 ad
2420 5515 2916 5568 consummationem
2942 5513 3136 5567 seculi.
3176 5510 3356 5566 Omnis
3388 5509 3526 5562 enim

2326 5689 2429 5742 "I
2482 5689 2613 5755 Reg.
2680 5705 2807 5753 xvn,
2849 5690 2933 5742 47.
3060 5686 3242 5741 "Jos.
3299 5701 3372 5748 ιιι,
3430 5684 3519 5738 2').
