4254 6358
770 374 881 440 819

2032 385 2090 446 S.
2134 386 2446 445 MACARII
2488 387 2805 448 IEGYPTII

3905 393 4003 457 820

776 489 863 553 qui
924 486 1131 550 quwrit.
1176 486 1371 538 invenit
1423 487 1485 539 ".
1516 486 1573 541 Si
1604 488 1815 554 etenim,
1866 489 2064 558 inquit,
2098 508 2206 555 vos,
2250 493 2338 561 qui
2370 503 2413 551 Α
2439 529 2456 545 υ

2323 493 2338 543 i
2370 503 2413 551 Α
2439 497 2607 558 λείας
2637 495 2742 546 τοῦ
2772 495 2985 558 αἰῶνος
3006 508 3017 520 ³
3046 493 3162 560 πᾶς
3187 498 3291 564 γὰρ
3329 499 3361 549 d
3389 496 3574 563 ζητῶν
3613 498 3901 566 εὑρίσκει.
3940 507 4003 555 ει

775 576 894 625 estis
922 574 1069 637 mali,
1094 578 1254 627 nostis
1286 575 1420 629 bona
1452 578 1587 629 dona
1612 578 1740 630 dare
1761 578 1887 643 ﬁliis
1912 582 2113 643 vestris,
2134 593 2331 650 quanto

776 666 943 732 magis
973 663 1132 717 Pater
1163 674 1327 717 vester
1348 666 1563 719 cwlestis
1596 667 1739 719 dabit
1768 666 2021 736 Spiritum
2044 672 2332 739 petentibus

777 774 895 810 eum
915 775 1027 811 cum
1051 759 1239 812 virtute
1262 771 1308 812 et
1329 778 1533 814 summa
1570 760 1694 828 ﬁdei
1721 764 2029 816 certitudine
2062 764 2106 795 "
2138 781 2333 820 secun-

779 847 908 899 dum
964 848 1319 917 Apostolum?
1370 850 1637 905 Caeterum
1687 852 1788 906 ista
1840 855 2021 917 modo,
2064 863 2330 924 tempore,

778 936 963 991 labore
990 954 1223 1003 summo,
1245 939 1504 1008 patientia
1530 950 1691 1009 atque
1720 943 2015 998 dilectione
2045 945 2163 1015 ejus
2181 960 2331 999 com-

782 1040 1065 1095 parantur,
1086 1030 1214 1084 dum
1247 1042 1571 1087 exercentur
1594 1051 1796 1104 organa
1830 1038 2025 1093 anima:
2050 1042 2331 1105 sensitiva,

784 1131 842 1173 ut
865 1121 1071 1175 dictum
1120 1132 1225 1188 est,
1258 1134 1315 1180 et
1349 1126 1492 1180 bono
1524 1137 1577 1181 et
1624 1131 1787 1195 malo,
1822 1131 2098 1196 videlicet,
2124 1134 2335 1187 machi-

781 1216 889 1278 nis,
936 1216 1149 1271 insidiis
1185 1228 1240 1273 et
1285 1221 1682 1290 multiplicibus
1716 1226 2143 1281 circumstantiis
2171 1237 2335 1297 atque

781 1307 1198 1376 deceptionibus
1219 1311 1437 1364 malitiae
1461 1332 1471 1364 :
1501 1314 1685 1367 itidem
1710 1330 1929 1384 quoque
1959 1317 2192 1372 diversis
2221 1336 2335 1389 gra-

785 1397 869 1449 tim
924 1398 1099 1462 donis,
1156 1400 1322 1453 variis
1367 1403 1601 1465 auxiliis,
1668 1422 1698 1457 a
1750 1406 1949 1459 virtute
1986 1415 2041 1461 et
2098 1406 2335 1462 eﬂlcaeia

784 1486 1020 1553 Spiritus
1059 1487 1335 1554 profectis.
1386 1491 1486 1554 Qui
1534 1494 1678 1545 enim
1727 1498 2005 1563 cognoscit
2053 1499 2336 1552 cicatrices

784 1580 1024 1640 malitiae,
1068 1578 1449 1634 affectionibus
1496 1582 1843 1651 inquinantes
1878 1587 2191 1641 interiorem
2234 1591 2332 1642 bo-

782 1672 1011 1735 minem;
1079 1683 1135 1723 et
1178 1685 1283 1723 non
1335 1673 1595 1740 perspicit
1648 1674 1700 1728 in
1754 1691 1812 1729 se
1857 1679 2119 1730 auxilium
2162 1682 2333 1734 sancti

782 1756 1018 1826 Spiritus
1035 1760 1297 1823 veritatis,
1316 1762 1757 1818 corroborantcm
1785 1766 2153 1822 infirmitatem
2180 1786 2331 1823 suam

2438 586 2569 654 γὰρ,
2606 588 2791 655 φησὶν,
2821 587 2987 655 ὑμεῖς
3030 589 3277 654 πονηροί
3317 590 3507 654 ὄντες,
3551 590 3748 644 οιδιιτε
3776 592 4005 661 δόματα

2433 674 2621 741 ἀγαθὰ
2649 675 2878 729 διδόναι
2919 675 3043 741 τοῖς
3076 676 3310 742 τέκνοις
3342 678 3530 744 ὑμῶν,
3563 682 3732 744 πόσῳ
3763 681 4005 749 μᾶλλον

2432 762 2632 829 Πατὴρ
2666 762 2833 832 ὑμῶν
2859 766 2891 817 ό
2919 765 3196 832 οὐράνιος
3217 764 3393 819 δώσει
3422 768 3660 835 Πνεῦμα
3687 768 3862 837 ᾶγιοεν⁹
3884 772 4004 836 τοῖς

2430 853 2705 906 αίτοῦσιν
2732 854 2937 919 αὐτὸν,
2964 854 3214 923 δυνάμει
3249 856 3348 909 καί
3382 860 3756 926 πληροφορίᾳ
3796 862 4002 929 πολλῇ

2435 942 2579 995 κατὰ
2629 943 2720 995 τὸν
2758 944 3109 1009 ’Δπόστολονς
3142 945 3222 998 Τὰ
3273 942 3365 999 οὖν
3394 948 3619 1000 τοιαῦτα
3657 952 3749 1002 καὶ
3794 951 4001 1020 μέτρῳ,

2435 1034 2529 1087 καὶ
2567 1034 2732 1101 πόνῳ,
2761 1035 2853 1086 καὶ
2883 1035 3038 1104 κόπῳ
3064 1035 3263 1105 πολλῷ,
3294 1038 3388 1088 καὶ
3417 1037 3684 1107 ὑπομονῇ,
3721 1038 3816 1090 καὶ
3851 1040 4004 1111 φιλίᾳ

2434 1130 2499 1196 τῇ
2530 1128 2667 1197 πρὸς
2692 1128 2855 1181 αὐτὸν
2878 1128 3209 1199 εὑρίσκεται,
3237 1129 3663 1197 γυμναζομένων
3690 1131 3798 1182 τῶν
3818 1131 4004 1200 αἰσθη-

2436 1214 2640 1282 τηρίων
2675 1214 2775 1283 τῆς
2800 1215 3001 1284 ψυχῆς,
3035 1220 3177 1268 κατά
3204 1217 3264 1267 τὸ
3296 1217 3604 1285 εἰρημένον,
3632 1216 3719 1268 διὰ
3746 1218 3916 1269 καλοῦ
3946 1236 4004 1270 τε

2437 1308 2529 1357 καὶ
2561 1306 2751 1371 κακοῦ,
2788 1307 2983 1376 δηλαδὴ
3015 1307 3102 1361 διά
3131 1324 3190 1359 τε
3216 1308 3322 1359 τῶν
3362 1309 3617 1376 μηχανῶν
3650 1308 3739 1359 καὶ
3778 1309 3994 1359 ἐπιϐου-

2436 1394 2562 1457 λῶν,
2600 1398 2693 1449 καὶ
2730 1396 3080 1465 πολυτρόπων
3110 1398 3502 1465 περιστάσεων,
3527 1400 3619 1449 καὶ
3645 1399 3879 1467 ὲνεδρῶν
3906 1401 4005 1466 τῆς

2437 1488 2633 1551 κακίας
2650 1506 2662 1519 ·
2688 1489 2887 1557 ὁμοίως
2912 1489 2966 1541 δὲ
2990 1490 3083 1541 καὶ
3106 1490 3193 1542 διὰ
3218 1490 3326 1541 τῶν
3350 1490 3621 1559 διαφόρων
3647 1492 4004 1559 χαρισμάτων

2436 1582 2529 1631 καὶ
2586 1579 2846 1631 ποικίλων
2896 1580 3233 1648 ἀντιλήψεων
3272 1581 3371 1649 τῆς
3408 1582 3690 1649 ἐνεργείας
3724 1582 3816 1631 καὶ
3843 1581 4005 1632 δυνά-

2441 1686 2586 1738 μεως
2617 1670 2710 1722 τοῦ
2743 1670 3077 1739 Πνεύματος.
3118 1672 3177 1723 '0
3210 1672 3318 1740 γάρ
3345 1672 3624 1741 γνωρίζων
3646 1672 3741 1739 τὴν
3767 1670 4004 1737 ἐπουλὴν

2437 1759 2537 1828 τῆς
2584 1761 2779 1822 κακίας
2817 1760 2904 1814 διά
2933 1762 3040 1814 τῶν
3073 1761 3260 1813 παθῶν
3298 1762 3616 1829 μιαίνουσαν
3650 1762 3737 1812 τὸν
3773 1760 3882 1811 ἔσω
3914 1760 4004 1812 άν-

781 1856 944 1915 atqne
984 1859 1334 1905 renovantem
1373 1856 1605 1907 animam
1645 1856 1697 1906 in
1737 1856 2103 1910 exsultatione
2130 1857 2330 1922 cordis,
2369 1829 2461 1901 Βθ

2323 1900 2330 1921 ,
2369 1829 2407 1881 Β
2438 1850 2676 1917 θρωπον,
2717 1850 2812 1903 καὶ
2842 1850 2917 1919 μὴ
2952 1850 3327 1931 ἐπιγινώσκων
3372 1852 3430 1902 ἐν
3478 1849 3625 1916 αὐτῷ
3653 1851 3750 1915 τὴν
3786 1848 4003 1912 ἀντίλη-

781 1942 1047 2008 ejusmodi
1101 1942 1325 2011 quiest,
1368 1943 1484 1997 sine
1536 1945 1869 1997 discretione
1916 1946 2166 2012 graditur
2225 1961 2333 2001 non

780 2034 1119 2100 perspiciens
1184 2034 1567 2087 multiformem
1623 2036 2083 2104 dispensationem
2150 2038 2336 2107 gratia:

781 2124 1040 2191 pacisque
1091 2124 1308 2178 divinae.
1359 2125 1427 2178 Et
1472 2141 1501 2178 e
1552 2125 1789 2189 diverso,
1840 2127 1934 2195 qui
1986 2127 2270 2196 adjuvatur
2305 2143 2335 2182 a

780 2216 1029 2275 Domino,
1057 2225 1111 2269 et
1141 2217 1318 2270 afﬂuit
1348 2218 1531 2271 laetitia
1578 2218 1869 2286 spirituali,
1918 2234 1983 2273 ac
2022 2220 2183 2274 donis
2220 2236 2334 2275 ete-

778 2304 1008 2357 lestibus
1036 2345 1050 2368 ,
1102 2306 1145 2358 si
1185 2306 1461 2359 existimet
1494 2322 1550 2361 se
1593 2322 1699 2360 non
1756 2308 1988 2376 amplius
2039 2309 2333 2363 obnoxium

778 2403 1025 2461 peccato,
1058 2395 1331 2464 decipitur
1362 2398 1594 2461 occulte,
1623 2400 1824 2467 quippe
1859 2400 1951 2468 qui
1998 2415 2104 2453 non
2140 2400 2339 2455 habeat

780 2486 1087 2539 facultatem
1122 2487 1470 2543 discernendi
1520 2490 1879 2545 subtilitatem
1940 2493 2183 2557 malitia,
2235 2510 2336 2549 nec

779 2582 1047 2649 intelligat
1072 2583 1330 2650 paulatim
1362 2583 1479 2636 fieri
1526 2584 1920 2638 incrementum
1945 2585 2211 2655 pueritiae,
2254 2596 2336 2639 at-

778 2690 885 2743 que
940 2674 1327 2743 perfectionem
1384 2674 1438 2727 in
1488 2673 1711 2729 Christo
1758 2691 1928 2728 :nam
1982 2690 2079 2744 per
2134 2676 2341 2729 subrui-

778 2766 1157 2819 nistrationem
1229 2765 1465 2834 Spiritus
1530 2768 1703 2820 sancti
1768 2774 1823 2819 et
1895 2766 2104 2832 divini,
2179 2768 2338 2820 simul

780 2856 917 2910 ﬁdes
978 2866 1138 2910 aucta
1202 2857 1256 2910 in
1318 2858 1713 2911 incrementum
1776 2856 1997 2922 tendit,
2067 2868 2122 2912 et
2180 2873 2340 2912 omne

778 2949 1059 3002 munimen
1116 2964 1406 3017 pravarum
1464 2949 1851 3017 cogitationum
1898 2964 1964 3002 ex
2031 2958 2184 3017 parte
2247 2951 2341 3002 de-

779 3043 1012 3095 struitur
1066 3058 1237 3110 usque
1277 3042 1342 3094 ad
1390 3043 1653 3111 integram
1700 3043 2060 3097 eversionem.
2098 3042 2339 3096 Scrutari

2433 1940 2525 2008 ψιν
2550 1940 2643 1991 τοῦ
2668 1940 2823 2007 ἁγίου
2855 1940 3168 2007 Πνεύματος
3190 1942 3288 2007 τῆς
3310 1941 3567 2009 ἀληθείας
3602 1940 4004 2007 ἐνδυναμοῦσαν

2436 2031 2599 2083 αὑτοῦ
2648 2033 2746 2100 τὴν
2782 2032 3067 2085 ἀσθένειαν
3110 2034 3201 2084 καὶ
3240 2030 3570 2083 άνανεοῦσαν
3605 2030 3702 2099 τὴν
3731 2031 3911 2099 ψυχὴν
3947 2032 4005 2081 ἐν

2436 2125 2749 2192 ἀγαλλιάσει
2807 2126 3055 2194 καρδίας,
3109 2127 3137 2177 ὁ
3184 2124 3418 2185 τοιοῦτος
3460 2126 3515 2175 ἐν
3543 2124 3857 2191 ἀδιακρισίᾳ
3908 2140 4006 2174 πο·

2440 2217 2675 2285 ρεύεται,
2710 2216 2784 2285 μὴ
2812 2217 3093 2286 γνωρίζων
3122 2233 3184 2283 γε
3216 2217 3321 2285 μὴν
3350 2216 3448 2283 τὴν
3476 2213 3811 2285 πολύτροπον
3860 2216 4007 2265 οἰκο-

2437 2310 2630 2378 νομίαν
2655 2310 2752 2377 τῆς
2778 2310 2871 2360 τοῦ
2906 2307 3039 2360 Θεοῦ
3064 2308 3280 2377 χάριτος
3316 2309 3407 2358 καὶ⁵
3434 2307 3673 2375 εἰρήνης.
3709 2305 3818 2358 Καὶ
3843 2305 4005 2357 πάλιν

2438 2403 2493 2455 δὲ
2526 2404 2553 2455 ὁ
2582 2399 2942 2471 βοηθούμενος
2974 2400 3076 2451 ὑπὸ
3105 2398 3198 2451 τοῦ
3231 2397 3458 2467 Κυρίου,
3496 2398 3590 2449 καὶ
3616 2396 4006 2466 εὑρισκόμενος

2442 2496 2498 2546 ἐν
2549 2491 2852 2561 εὐφροσύνῃ
2885 2493 3225 2559 πνευματικῇ
3276 2491 3367 2541 καὶ
3418 2488 3714 2557 χαρίσμασι
3766 2489 4009 2554 ἐπουρα-

2440 2585 2592 2647 νίοις,
2618 2583 2714 2635 ἐὰν
2747 2583 2942 2652 νομίσῃ
2978 2582 3174 2651 μηκέτι
3206 2582 3521 2635 ἀνακεῖσθαι
3560 2579 3664 2632 ὑπὸ
3694 2578 3792 2646 τῆς
3825 2578 4009 2645 ἀμαρ-

2440 2676 2581 2741 τίας,
2640 2678 2915 2730 άπατᾶται
2943 2675 3325 2743 κλεπτόμενος,
3373 2674 3445 2741 μὴ
3489 2670 3780 2740 διακρίνων
3814 2670 4004 2721 λεπτό-

2439 2784 2578 2837 τητα
2608 2768 2707 2836 τῆς
2746 2767 2972 2827 κακίας·
3027 2765 3121 2818 καὶ
3164 2764 3238 2833 μὴ
3285 2762 3478 2815 συνιὼν
3520 2762 3615 2830 τὴν
3658 2760 3799 2814 κατὰ
3843 2759 4007 2827 μέρος

2440 2859 2736 2929 γενομένην
2773 2859 2872 2925 τῆς
2902 2858 3221 2927 νηπιότητος
3247 2855 3473 2923 αῦξησιν
3496 2855 3588 2907 καὶ
3613 2852 3931 2918 τελειότητα
3954 2851 4010 2901 ἐν

2440 2951 2678 3020 Χριστῷ.
2710 2951 2807 3003 Διὰ
2828 2950 2934 3017 γάρ
2962 2952 3060 3019 τῆς
3098 2947 3455 3017 ἐπιχορηγίας
3482 2944 3573 2997 τοῦ
3602 2944 3756 3008 ἁγίου
3780 2941 3877 2993 καὶ
3904 2940 4011 2991 θεῖ-

2442 3044 2539 3096 κοῦ
2572 3045 2883 3113 Πνεύματος
2910 3042 3063 3114 [ὁμοῦ
3094 3058 3153 3093 τε
3182 3042 3273 3094 καὶ
3296 3044 3327 3109 ἡ
3351 3039 3529 3099 πίστις
3558 3034 3899 3101 αὐξανομένη
3933 3034 4011 3093 εἰς

783 3132 951 3201 igitur
976 3133 1140 3187 debet
1166 3138 1394 3202 quisque
1425 3144 1692 3199 nostrum,
1722 3136 1763 3188 si
1802 3136 2071 3189 invenerit
2104 3136 2157 3188 in
2194 3135 2342 3189 ﬁctili
2370 3148 2413 3207 ρ
2447 3154 2463 3187 1

2332 3136 2342 3188 i
2370 3148 2413 3207 ρ
2447 3133 2726 3202 προκοπὴν
2757 3132 2994 3199 ἔρχεται,
3028 3132 3119 3182 καὶ
3153 3132 3260 3181 πᾶν
3294 3128 3553 3197 ὀχύρωμα
3585 3122 3837 3191 πονηρῶν
3864 3121 4012 3187 λογι-

782 3223 889 3277 hoc
914 3232 1174 3293 apparatu
1206 3225 1541 3287 thesaurum,
1566 3226 1609 3277 si
1641 3225 1881 3279 induerit
1906 3241 2203 3294 purpuram
2235 3226 2346 3294 spi-

782 3312 944 3375 ritus,
971 3314 1015 3365 si
1058 3312 1258 3366 viderit
1296 3329 1499 3382 regem,
1526 3322 1582 3367 et
1615 3314 1886 3382 quieverit
1922 3314 2229 3383 proximum
2269 3314 2345 3366 illi

784 3401 993 3465 factus,
1025 3401 1069 3455 si
1112 3402 1328 3455 tandem
1372 3403 1428 3455 in
1469 3402 1677 3456 alienas
1717 3403 1909 3456 domos
1947 3417 2004 3455 se
2064 3402 2344 3459 direxerit.

786 3488 919 3543 Nam
967 3490 1147 3543 anima
1196 3490 1361 3545 habet
1406 3500 1587 3559 partes
1634 3491 1858 3554 multas,
1902 3500 1958 3546 et
2006 3492 2346 3546 altitudinem

787 3595 1059 3648 magnam,
1090 3590 1147 3634 et
1182 3582 1400 3634 demum
1444 3591 1723 3650 peceatum
1768 3583 2069 3651 ingressum
2109 3583 2349 3652 possedit

788 3669 933 3721 illius
967 3669 1249 3723 universas
1280 3680 1461 3737 partes
1494 3680 1549 3724 et
1576 3671 1763 3735 cordis
1797 3672 2115 3740 penetralia.
2144 3673 2348 3725 Deinde

789 3757 1100 3825 inquirente
1130 3759 1369 3822 homine,
1398 3760 1546 3813 venit
1574 3762 1744 3828 gratia
1776 3761 1841 3813 ad
1871 3776 2018 3824 eum,
2044 3771 2098 3815 et
2122 3772 2350 3831 occupat

788 3846 925 3899 duas
953 3848 1145 3900 animae
1172 3858 1350 3915 partes
1373 3850 1673 3917 aequaliter.
1694 3849 1796 3914 Qui
1824 3851 1989 3919 igitur
2014 3852 2221 3904 inscius
2244 3860 2346 3915 est,

790 3936 1054 3991 invitatus
1100 3956 1128 3990 ιι
1180 3939 1386 4007 gratia,
1432 3940 1731 3993 arbitratur
1772 3942 1999 4009 gratiam
2049 3942 2346 4011 ingressam

788 4043 980 4081 omnes
1008 4030 1201 4083 anima:
1235 4040 1415 4098 partes
1449 4032 1719 4093 obtinere,
1744 4041 1797 4085 et
1831 4043 2111 4100 peceatum
2150 4034 2349 4087 radici-

790 4128 878 4172 tus
904 4119 1082 4171 evelli.
1109 4120 1274 4187 hlajor
1300 4128 1480 4172 autem
1509 4136 1634 4188 pars
1655 4136 1683 4173 a
1705 4132 1925 4189 peccato
1949 4122 2351 4190 possidetur,et

790 4224 897 4261 una
939 4224 1063 4277 pars
1103 4225 1131 4261 a
1172 4211 1378 4277 gratia;
1417 4220 1471 4264 et
1505 4212 1777 4279 decipitur
1810 4212 1900 4265 ille
1934 4222 1989 4265 et
2022 4213 2214 4266 nescit.
2250 4214 2351 4267 Per

789 4301 943 4369 plura
1002 4310 1184 4353 autem
1246 4301 1425 4355 adhuc
1481 4302 1547 4355 de
1609 4303 1693 4355 his
1750 4302 2015 4355 habentes
2063 4304 2346 4356 attentioni

788 4399 979 4443 vestrae
1020 4391 1353 4444 sinceritatis
1390 4392 1714 4460 patefacere.
1752 4408 1848 4461 per
1886 4408 2055 4460 pauca
2100 4393 2351 4445 dedimus

2449 3224 2602 3293 σμῶν
2660 3225 2797 3275 κατὰ
2836 3222 2999 3291 μέρος
3057 3222 3223 3289 χωρεῖ
3267 3220 3345 3281 είς
3388 3215 3703 3285 καθαίρεσιν
3750 3210 4012 3276 παντελῆ.

2462 3314 2717 3384 Ἑρευνᾷν
2743 3313 2834 3365 οὖν
2878 3312 3080 3379 ὀφείλει
3111 3310 3340 3370 ἕκαστος
3367 3306 3542 3377 ἡμῶν,
3572 3306 3620 3357 εί
3658 3300 3815 3371 εὗρεν
3852 3304 3912 3354 ἐν
3942 3300 4017 3369 τῷ

2448 3402 2750 3473 δστρακίνῳ
2776 3401 2947 3469 τούτῳ
2972 3400 3151 3451 σκεύει
3170 3400 3184 3429 ⁸
3216 3400 3306 3451 τὸν
3334 3396 3621 3467 θησαυρὸν,
3657 3394 3705 3445 εί
3730 3392 4019 3445 ἐνεδύσατο

2448 3494 2545 3564 τὴν
2593 3494 2875 3563 πορφύραν
2920 3491 3013 3543 τοῦ
3051 3490 3376 3559 πνεύματος,
3420 3489 3467 3539 εί
3506 3481 3611 3539 εἶδε
3647 3485 3735 3536 τὸν
3770 3482 4016 3551 βασιλέα,

2451 3586 2543 3635 καὶ
2585 3583 2865 3650 ιἰνεπαύθη
2904 3584 2924 3613 ⁸
2976 3584 3273 3647 ἐγγύτατος
3328 3578 3492 3631 αὑτοῦ
3538 3577 3847 3643 γενόμενος,
3908 3574 4017 3623 εἴτε

2450 3673 2631 3743 ἀκμὴν
2686 3674 2764 3735 είς
2817 3673 2939 3733 τοὺς
2987 3672 3283 3749 ἐξωτάτους
3321 3672 3498 3728 οἴκους
3538 3668 3799 3719 διακινεί⁶
3849 3665 4018 3731 ἡγὰρ

2449 3766 2592 3833 ψυχὴ
2616 3763 2725 3832 ἔχει
2750 3764 2885 3831 μέλη
2911 3763 3099 3825 πολλὰ,
3129 3764 3224 3813 καὶ
3261 3761 3419 3829 βάθος
3454 3759 3609 3822 πολὺ,
3642 3758 3734 3809 καὶ
3767 3756 3952 3807 λοιπὸν
3987 3756 4018 3821 ὴ

2453 3856 2693 3924 ἁμαρτία
2732 3854 3116 3906 ἐπεισελθοῦσα
3153 3852 3414 3920 κατέσχεν
3444 3851 3611 3917 αὐτῆς
3638 3849 3736 3900 ὅλα
3778 3848 3847 3899 τά
3882 3846 4017 3915 μέλη

2451 3948 2544 3998 καὶ
2585 3947 2679 4007 τὰς
2720 3945 2887 4013 νομὰς
2929 3944 3027 4011 τῆς
3056 3943 3297 4014 καρδίας.
3330 3936 3463 3995 Εἶτα
3498 3937 3881 4008 ἐπιζητοῦντος
3926 3936 4017 3987 τοῦ

2451 4038 2736 4106 ἀνθρώπου
2767 4038 2983 4105 ἔρχεται
3034 4039 3065 4103 ὴ
3101 4038 3258 4104 χάρις
3289 4036 3423 4102 πρὸς
3452 4032 3633 4094 αὐτὸν,
3669 4033 3760 4082 καὶ
3799 4030 4019 4097 κατέχει

2451 4131 2541 4182 δύο
2584 4129 2717 4198 μέλη
2760 4128 2859 4196 τῆς
2892 4130 3063 4195 ψυχῆς
3094 4129 3240 4188 ἴσως.
3284 4126 3341 4177 '0
3370 4122 3462 4178 οὖν
3498 4126 3739 4191 ἄπειρος,
3768 4138 4021 4191 παρακα-

2452 4220 2709 4287 λούμενος
2750 4219 2852 4270 ὑπὸ
2892 4219 2989 4285 τῆς
3035 4218 3275 4285 χάριτος,
3318 4216 3544 4283 νομίζει,
3587 4215 3667 4266 ὅτι
3707 4212 3935 4264 ἐλθοῦσα
3989 4214 4019 4279 ἠ

2453 4310 2610 4378 χάρις
2648 4310 2743 4361 ὅλα
2784 4308 2849 4361 τά
2885 4308 3017 4375 μέλη
3052 4307 3150 4373 τῆς
3174 4306 3346 4374 ψυχῆς
3380 4305 3629 4371 κατέσχε,
3673 4304 3765 4355 καὶ
3809 4301 4020 4371 ἐξερρι-

2454 4400 2597 4470 {non
2624 4400 2700 4469 ³ή
2736 4398 2999 4467 ἁμαρτία.
3024 4398 3096 4449 Τὸ
3136 4397 3379 4448 πλεῖστον
3413 4395 3469 4445 δὲ
3508 4394 3670 4463 μέρος
3710 4392 3808 4459 τῆς
3839 4394 4021 4459 ἁμαρ-

788 4482 943 4535 vobis
986 4484 1314 4550 principium
1356 4492 1415 4537 ut
1453 4484 1884 4551 intelligentibus
1925 4484 2258 4547 hominibus,
2292 4492 2350 4536 ut
2386 4467 2423 4518 υ
2455 4508 2468 4536 η

2339 4492 2350 4535 ι
2386 4467 2423 4518 υ
2455 4467 2905 4560 τίσις-κρατεῖται,
2938 4490 3031 4541 καὶ
3070 4488 3125 4540 ἓν
3171 4488 3333 4555 μέρος
3374 4487 3476 4537 ὑπὸ
3510 4485 3608 4551 τῆς
3644 4486 3895 4551 χάριτοςο
3928 4481 4019 4532 καὶ

782 4587 1104 4631 exercentes
1123 4589 1177 4631 et
1199 4578 1524 4632 meditantes
1544 4593 1851 4631 sermonum
1875 4580 2151 4639 virtutem,
2185 4580 2343 4633 intel—

788 4670 1104 4739 ligentiores
1145 4668 1285 4723 fialis
1315 4671 1365 4722 in
1396 4671 1645 4732 Domino,
1669 4680 1724 4723 et
1755 4669 1912 4737 158
1942 4670 2343 4737 simplicitatem

786 4759 970 4813 cordis
993 4760 1161 4813 vestri
1192 4760 1433 4827 augeatis
1456 4759 1509 4811 in
1540 4761 1657 4828 ejus
1681 4762 1873 4829 gratia,
1899 4768 1955 4813 et
1980 4760 2179 4814 virtute
2205 4762 2345 4813 veri-

788 4850 934 4912 tatis,
966 4857 1024 4901 ut
1054 4864 1175 4902 cum
1211 4849 1357 4901 omni
1392 4850 1682 4902 securitate
1712 4857 1903 4903 vestrae
1937 4850 2096 4903 saluti
2134 4851 2345 4903 incum-

786 4940 1005 5003 bentes,
1042 4948 1095 4993 et
1144 4939 1356 4993 liberati
1405 4940 1473 4993 ab
1516 4941 1661 4993 omni
1707 4940 2020 4994 curiositate
2063 4950 2117 4994 et
2158 4941 2347 4995 fraude

780 5030 1087 5084 adversarii
1121 5029 1266 5097 digni
1304 5030 1611 5082 habeamini
1648 5030 1851 5083 innoxii
1888 5039 1943 5084 et
1974 5030 2160 5083 invicti
2193 5030 2345 5083 inve—

791 5123 895 5174 niri
934 5123 987 5174 in
1022 5123 1108 5175 die
1137 5122 1329 5188 judicii
1364 5122 1576 5174 Domini
1618 5122 1787 5175 nostri
1822 5122 1948 5176 Jesu
1982 5120 2220 5195 Christi;
2258 5121 2345 5175 cui

785 5217 959 5282 gloria
986 5200 1041 5272 et
1070 5226 1307 5285 potestas
1327 5232 1449 5270 eum
1480 5218 1637 5271 Patre
1663 5227 1719 5271 et
1750 5217 1962 5271 viviﬁco
1994 5218 2112 5286 ejus
2143 5216 2347 5285 Spiritu

857 5420 901 5452 ³¹
940 5418 1126 5471 Matth.
1156 5433 1341 5483 xxvut,
1368 5417 1457 5471 20.
1538 5418 1579 5448 ³²
1617 5416 1805 5470 Matth.
1841 5432 1930 5478 vu,
1967 5415 2048 5467 ll.

2456 4581 2848 4633 ὑποκλέπτεται
2873 4580 2964 4630 καὶ
2993 4579 3091 4629 οὐκ
3124 4574 3248 4629 οἶδε.
3278 4576 3373 4627 Διὰ
3404 4574 3666 4626 πλειόνων
3691 4574 3745 4625 δὲ
3781 4572 3859 4622 ἐτι
3892 4571 4019 4639 περὶ

2452 4670 2655 4721 τούτων
2684 4670 2895 4738 ἔχοντες
2926 4668 3221 4719 ἐπιστεῖλαι
3250 4669 3315 4735 τῇ
3339 4664 3571 4717 διαθέσει
3612 4664 3710 4730 τῆς
3745 4662 4013 4730 ὑμετέρας

2452 4759 2818 4828 είλικρινείας,
2861 4759 2924 4811 δι’
2950 4758 3146 4825 ὀλίγων
3180 4756 3458 4823 ἐδώκαμεν
3487 4755 3614 4822 ὑμῖν
3649 4752 3899 4821 ἀφορμὴν
3934 4752 4008 4813 ώς

2453 4854 2689 4913 συνετοῖς
2734 4850 3008 4919 ἀνδράσιν,
3065 4848 3149 4899 ἵνα
3200 4846 3555 4915 ἐργασάμενοι
3596 4845 3687 4895 καὶ
3722 4843 4003 4910 ἐξερευνή-

2452 4960 2643 5005 σαντες
2672 4941 2769 5010 τὴν
2790 4941 2894 4992 τῶν
2924 4940 3094 5007 λόγων
3120 4938 3364 5005 δύναμιν,
3404 4934 3753 5004 συνετώτεροι
3776 4932 4004 5000 γένησθε

2449 5037 2506 5087 ἐν
2532 5034 2739 5103 Κυρίῳ,
2779 5034 2871 5085 καὶ
2904 5032 3001 5100 τὴν
3032 5030 3305 5099 ἁπλότητα
3332 5028 3427 5094 τῆς
3468 5025 3689 5095 καρδίας
3727 5024 3880 5093 ὑμῶν
3918 5024 4009 5074 αὖ-

2454 5126 2642 5193 ξάνητε
2666 5126 2720 5175 ἐν
2749 5127 2813 5192 τῇ
2835 5121 2997 5174 αὑτοῦ
3023 5121 3225 5190 χάριτι,
3254 5120 3347 5170 καὶ
3368 5116 3589 5185 δυνάμει
3614 5115 3713 5183 τῆς
3735 5113 4011 5181 ἀληθείας,

2454 5217 2537 5267 ἵνα
2573 5214 2710 5283 μετὰ
2742 5214 2920 5282 πάσης
2957 5211 3254 5281 ἀσφαλείας
3286 5208 3630 5279 ἀντεχόμενοι
3672 5205 3768 5275 τῆς
3814 5202 4015 5258 ἑαυτῶν

2051 5592 2279 5648 VARUE
2318 5592 2721 5647 LICCTIUNES.

861 5761 879 5791 '
913 5758 1045 5810 find.
1089 5755 1275 5811 σκεύη.
1378 5756 1397 5785 ¹
1427 5755 1537 5812 ἴση
1596 5751 1803 5815 ἁνετςάη
1861 5759 1953 5803 aut
1984 5749 2246 5817 ἁνεπαύη.

2329 5750 2345 5781 ³
2378 5747 2508 5803 Cod.
2544 5744 2855 5815 ἐξεριζώθη.
