4254 6358
777 394 881 462 823

2019 399 2078 458 S.
2121 396 2439 457 MACARII
2482 393 2800 456 {EGYPTII

3934 379 4043 443 826

776 506 1096 560 emundavit
1139 506 1459 562 interiorem
1494 508 1807 565 hominem?
1837 524 1946 563 non
1975 509 2123 563 enim
2150 511 2354 578 qualis-
2381 513 2429 569 Α

2381 513 2429 569 Α
2459 509 2519 560 οὑ
2553 512 2660 575 γάρ
2693 510 2724 575 ἡ
2765 505 2945 575 ἀποχὴ
2980 504 3088 557 τῶν
3119 501 3304 556 κακῶν
3351 502 3498 553 ἐστιν
3528 500 3559 569 ὴ
3594 497 3883 566 κάθαρσις,
3923 486 4041 549 ἀλλ’

776 612 992 665 cunque
1026 598 1358 651 abstinentia
1405 615 1435 653 a
1470 600 1649 664 malis,
1678 600 1773 655 sed
1799 616 1922 669 qua:
1957 600 2181 653 intimos
2225 614 2355 653 con-

776 686 1021 740 scientize
1073 688 1225 741 sinus
1258 690 1409 741 omni
1451 690 1868 758 inquinamento
1914 705 2038 744 cum
2070 689 2353 759 diligentia

775 786 1061 847 expurgat.
1091 780 1338 848 perfecta
1364 780 1584 833 demum
1618 779 1940 833 emundatio
1968 788 2069 834 est.
2100 780 2243 849 Ergo
2268 779 2352 831 in»

776 870 1002 935 gretlcrc
1029 871 1105 924 sis
1143 872 1279 924 licus
1313 881 1390 934 tu,
1440 872 1492 924 in
1520 872 1638 925 laxa
1668 874 1888 941 penitus
1922 871 2201 925 conclavia
2246 871 2353 925 late

778 960 925 1012 intus
978 964 1287 1030 vagantium
1333 963 1729 1031 cogitationum
1786 970 2039 1023 tuarum,
2088 962 2155 1015 ad
2201 970 2349 1016 tuam

777 1052 1045 1120 captivam
1072 1063 1125 1105 et
1150 1069 1362 1107 servam
1394 1056 1603 1125 peccati
1640 1064 1910 1119 mentem;
1947 1064 2001 1109 ct
2027 1055 2150 1108 vide
2176 1054 2229 1107 in
2264 1053 2349 1108 in-

780 1144 912 1196 timo
941 1144 1059 1211 ejus
1091 1144 1281 1208 hindo,
1314 1146 1416 1198 sub
1464 1145 1623 1198 turba
1653 1145 2005 1198 bullientium
2056 1147 2348 1215 cogitatio-

778 1248 932 1294 num.
961 1235 1012 1287 in
1043 1235 1194 1301 ipsis,
1232 1250 1355 1301 quae
1396 1236 1591 1288 anima:
1632 1220 1930 1302 penetralia
1953 1234 2232 1294 dicuntur,
2266 1250 2353 1287 oc-

783 1324 1107 1376 cultissiniis
1140 1324 1491 1378 conscientia:
1537 1324 1869 1386 recessibus,
1904 1332 2207 1390 reptantem
2264 1325 2352 1378 ni-

776 1412 1169 1481 dulantemque
1210 1429 1465 1483 anguem,
1511 1414 1606 1482 qui
1646 1423 1696 1467 te
1730 1414 1954 1476 occidit,
1999 1430 2211 1467 veneno
2252 1430 2353 1468 suo

776 1502 1002 1556 insectis
1029 1504 1293 1557 vitalibus
1324 1505 1522 1557 animae
1548 1514 1653 1557 tua:
1681 1504 1933 1573 partibus
1968 1519 2031 1557 ac
2069 1505 2349 1558 membris.

2461 600 2493 667 ή
2525 598 2664 651 κατά
2694 596 2997 665 συνείδησιν
3022 594 3202 647 τελεία
3246 591 3535 661 κάθαρσις.
3583 588 3802 642 Είσελθε
3831 590 3965 657 γὰρ,
3998 582 4044 640 ὦ

2459 683 2633 752 οὗτος,
2666 690 2752 742 διὰ.
2786 692 2884 758 τῆς
2914 688 3021 740 τῶν
3046 684 3321 753 λογισμῶν
3343 701 3434 735 σου
3464 683 3766 742 ἐπιτάσεως
3792 682 3929 742 πρὸς
3951 682 4044 729 τὸν

2460 782 2825 851 αἰχμάλωτον,
2865 781 2957 832 καὶ
2986 778 3170 831 δοῦλον
3200 778 3297 843 τῆς
3327 775 3604 844 ἁμαρτίας
3633 771 3755 825 νοῦν
3796 788 3915 829 σου,
3946 770 4045 821 καὶ

2465 872 2539 923 ίδε
2565 872 2657 923 τὸν
2698 870 3008 940 κατώτερον
3037 868 3132 920 τοῦ
3160 868 3249 919 νοῦ
3296 867 3389 918 καὶ
3420 864 3714 933 βαθύτερον
3746 863 3857 914 τῶν
3890 862 4045 925 λογι-

2464 962 2638 1030 σμῶν,
2671 964 2749 1024 εἰς
2780 961 2847 1013 τὰ
2881 960 3149 1029 λεγόμενα
3198 959 3420 1026 ταμιεῖα
3462 958 3559 1023 τῆς
3605 955 3783 1023 ψυχῆς
3818 971 3913 1005 σου
3950 952 4046 1003 τὸν

2459 1055 2697 1125 ἓρποντα
2742 1055 2835 1107 καὶ
2885 1053 3269 1122 ἐμφωλεύοντα
3312 1052 3454 1119 δφιν,
3488 1050 3576 1101 τὸν
3608 1047 3946 1115 φονεύσαντα
3982 1062 4041 1096 σε

2455 1146 2542 1197 διὰ
2568 1147 2673 1197 τῶν
2703 1146 3074 1215 καιριωτέρων
3097 1145 3194 1214 τῆς
3221 1145 3397 1213 ψυχῆς
3422 1160 3515 1194 σου
3548 1141 3725 1210 μελῶν
3744 1158 3757 1171 ·
3795 1139 4040 1199 ἄϐυσσος

2456 1238 2566 1305 γάρ
2602 1238 2750 1288 ἐστιν
2799 1237 3184 1303 ἀκατάληπτος
3231 1236 3263 1303 ή
3315 1233 3543 1302 καρδία“
3584 1232 3676 1283 καὶ
3708 1231 3802 1281 ἐάν
3847 1229 4042 1281 τοῦτον

2456 1327 2745 1397 φονεύσῃς,
2776 1325 3049 1395 καύχησαι
3080 1325 3157 1393 τῷ
3183 1323 3302 1393 Θεῷ
3326 1326 3453 1392 περὶ
3475 1324 3848 1390 καθαρότητος
3867 1336 3883 1351 ·
3913 1319 4041 1371 εἰδὲ

2461 1418 2556 1488 μὴ,
2584 1418 2939 1480 ταπεινωθεὶς
2967 1420 3041 1480 ὠς
3078 1416 3261 1485 ἐνδεὴς
3287 1415 3382 1467 καὶ
3406 1414 3725 1485 ἁμαρτωλὸς
3758 1412 3903 1481 ὑπὲρ
3928 1411 4042 1462 τῶν

2459 1509 2705 1577 κρυφίων
2728 1526 2821 1561 σου
2842 1510 3091 1576 δεόμενος
3119 1508 3212 1560 τοῦ
3240 1506 3399 1560 Θεοῦ.

773 1596 1020 1665 Abyssus
1042 1599 1190 1649 enim
1217 1597 1722 1664 imperscrutabilis
1752 1612 1849 1649 cor
1876 1605 1981 1659 est,
2012 1596 2131 1649 etsi
2161 1597 2385 1665 quidem
2424 1600 2590 1653 istum
2626 1601 2993 1663 interleceris,
3035 1609 3167 1654 tunc
3195 1615 3326 1653 sane
3378 1598 3518 1652 aude
3552 1597 3693 1666 apud
3724 1597 3897 1650 Deum
3924 1598 4042 1666 glo—

776 1687 904 1739 riari
951 1686 1017 1739 de
1060 1698 1150 1740 tua
1194 1688 1433 1754 puritate
1468 1707 1480 1741 :
1534 1688 1621 1741 sin
1656 1688 1859 1750 minus,
1898 1687 2243 1751 humiliatus,
2319 1699 2379 1743 ut
2418 1692 2669 1761 indigens
2735 1700 2791 1746 et
2829 1702 3117 1761 peccator,
3149 1690 3350 1744 accede
3394 1689 3461 1742 ad
3516 1690 3686 1742 Deum
3711 1730 3723 1750 ,
3756 1696 3811 1741 et
3846 1702 4037 1741 coram

776 1776 870 1829 illo
890 1776 1111 1843 procide
1138 1792 1320 1839 orans,
1362 1785 1414 1828 ut
1451 1786 1502 1829 te
1530 1777 1597 1830 ab
1622 1777 1854 1829 occultis
1883 1775 1988 1828 tuis
2013 1778 2260 1831 mundet.

845 1869 910 1920 ll.
950 1869 1083 1921 Vera
1112 1884 1259 1921 mors
1294 1868 1440 1921 intus
1470 1870 1521 1921 in
1560 1869 1727 1923 corde
1759 1868 2079 1922 abscondita
2104 1878 2210 1933 est,
2238 1886 2344 1938 qua
2376 1883 2421 1939 Β
2519 1873 2525 1923 1

2376 1883 2421 1939 Β
2519 1873 2595 1927 B’.
2653 1872 2709 1925 Ὀ
2740 1872 2994 1941 ἀληθινὸς
3025 1872 3253 1931 Θάνατος
3283 1869 3495 1922 ἔνδοθεν
3530 1872 3587 1921 ἐν
3614 1871 3680 1938 τῇ
3714 1869 3916 1937 καρδίᾳ.
3946 1869 4036 1921 κέ·

774 1959 1014 2011 exterior
1040 1960 1225 2021 homo,
1255 1970 1533 2028 utcunque
1590 1961 1801 2028 Spirare
1842 1963 2117 2025 videatur,
2160 1979 2351 2017 revera

775 2059 859 2104 est
890 2058 1158 2103 mortuus.
1198 2050 1252 2103 Si
1292 2052 1417 2118 quis
1444 2051 1610 2119 igitur
1647 2052 1702 2103 in
1733 2052 1829 2105 illo
1868 2070 2071 2107 arcano
2102 2054 2287 2107 cordis
2322 2070 2351 2107 a

776 2151 952 2194 morte
983 2141 1048 2194 ad
1085 2142 1246 2194 vitam
1285 2142 1503 2205 transit,
1536 2144 1581 2195 is
1623 2159 1751 2197 vere
1788 2144 1922 2196 vivit
1953 2146 2063 2197 vita
2100 2146 2351 2213 perenni,

774 2249 878 2287 nec
902 2234 1139 2302 amplius
1176 2235 1429 2287 moritur.
1461 2234 1575 2288 Etsi
1602 2235 1747 2288 enim
1778 2236 1967 2289 talium
1990 2253 2209 2305 quoque
2232 2252 2355 2289 cor-

771 2341 928 2393 pora,
954 2326 1333 2394 separantibus
1362 2342 1418 2380 se
1448 2336 1653 2379 statuto
1680 2337 1928 2396 tempore
1957 2328 2025 2381 ab
2052 2329 2119 2381 iis
2150 2330 2355 2381 anima-

774 2415 898 2475 bus,
935 2425 1086 2469 certo
1130 2420 1308 2485 spatio
1341 2418 1630 2470 solvuntur
1652 2458 1664 2481 ,
1696 2419 1887 2471 eadem
1920 2427 2125 2482 tamen,
2164 2428 2355 2488 utpote

774 2508 1133 2570 sanctilicata,
1159 2519 1449 2577 resurgent
1477 2525 1601 2563 cum
1635 2509 1827 2578 gloria.
1858 2510 2158 2579 Propterea
2191 2526 2343 2564 som-

775 2615 905 2651 num
934 2616 1193 2654 vocamus
1225 2610 1460 2654 mortem
1495 2610 1838 2656 sanctorum.

849 2688 941 2742 lll.
972 2690 1170 2743 Totum
1201 2690 1505 2744 adversarii
1537 2700 1818 2744 certamen
1843 2691 1897 2743 in
1927 2706 1994 2745 eo
2016 2692 2269 2756 desudat,
2298 2702 2358 2746 ut

778 2789 945 2847 queat
998 2790 1239 2834 mentem
1302 2790 1547 2832 nostram
1603 2796 1633 2833 a
1692 2781 1787 2832 Dei
1860 2783 2241 2836 recordatione
2303 2790 2358 2835 et

777 2886 965 2923 amore
1017 2871 1363 2933 abstrahere,
1406 2872 1695 2925 illecebras
1725 2872 1791 2925 ad
1833 2872 1885 2925 id
1919 2873 2190 2927 adhibens
2248 2882 2359 2926 ter-

776 2978 957 3027 renas,
1007 2964 1266 3031 omnique
1305 2974 1421 3017 arte
1448 2976 1699 3033 satagens
1732 2965 1987 3018 allectum
2019 2980 2357 3033 sensumque

776 3062 1023 3107 nostrum
1056 3054 1124 3106 ab
1177 3070 1263 3117 eo,
1302 3054 1394 3123 qui
1453 3071 1596 3108 unus
1618 3071 1747 3109 vere
1792 3072 1969 3109 nonus
2020 3066 2125 3121 est,
2173 3057 2238 3110 ad
2270 3074 2355 3121 ea,

775 3162 898 3214 quaa
968 3147 1080 3199 sola
1132 3147 1415 3215 opinione,
1464 3164 1574 3201 non
1625 3157 1808 3202 autem
1883 3150 2057 3203 solida
2098 3151 2356 3215 veritate,

2456 1982 2714 2033 κρυπται,
2751 1965 2845 2016 καὶ
2895 1966 2923 2015 6
2972 1964 3254 2032 ἄνθρωπος
3294 1962 3401 2013 ἔσω
3438 1962 3792 2029 νενέκρωται.
3839 1962 3909 2014 Εῐ
3954 1977 4039 2020 τις

2454 2052 2547 2107 οῦν
2584 2054 2960 2123 μεταϐέϐηκεν
2993 2056 3055 2105 ἐκ
3091 2053 3183 2105 τοῦ
3212 2052 3442 2105 Θανάτου
3472 2054 3550 2112 είς
3578 2052 3674 2121 τὴν
3699 2052 3843 2121 ζωὴν
3871 2054 3930 2103 ἐν
3960 2051 4039 2118 τῷ

2457 2144 2701 2213 κρυπτῷ,
2732 2138 2885 2206 οὗτος
2916 2145 3128 2214 ἀληθῶς
3170 2146 3249 2206 είς
3283 2144 3411 2204 τοὺς
3446 2143 3647 2205 αἰῶνας
3693 2143 3781 2212 ζῇ,
3815 2145 3911 2195 καὶ
3940 2143 4039 2194 ούκ

2454 2237 2819 2305 ἀποθνήσκει·
2858 2236 2972 2288 ἀλλ’
3018 2238 3067 2288 εί
3113 2236 3207 2289 καὶ
3254 2236 3320 2287 τά
3366 2234 3593 2303 σώματα
3636 2235 3743 2286 τῶν
3777 2234 4039 2287 τοιούτων

2456 2329 2641 2381 λύεται
2671 2329 2804 2395 πρὸς
2838 2329 3029 2397 καιρόν
3056 2345 3198 2391 τινα,
3234 2326 3349 2379 ἀλλ’
3377 2325 3469 2385 οὖν
3502 2328 3812 2395 ἡγιασμένα
3849 2327 3909 2376 τέ
3934 2326 4038 2377 εἰσι

2458 2421 2551 2473 καὶ
2583 2421 2887 2488 ἐγείρονται
2923 2422 3020 2472 σὺν
3050 2419 3204 2491 δόξῃ·
3240 2418 3319 2471 διὸ
3350 2419 3443 2471 καὶ
3481 2417 3650 2470 ὕπνον
3679 2417 3913 2487 λέγομεν
3941 2418 4039 2487 τὴν

2459 2513 2715 2582 κοίμησιν
2749 2512 2857 2563 τῶν
2890 2512 3081 2581 ἀγίων.

2530 2692 2603 2743 Γ¹.
2645 2691 2805 2754 Ὀλος
2837 2694 2865 2744 6
2906 2690 3055 2759 ἀγὼν
3103 2691 3195 2744 τοῦ
3245 2691 3624 2761 ἀντικειμένου
3669 2682 3823 2753 οὗτός
3868 2693 4037 2753 ἐστιν,

2461 2780 2545 2832 ἶνα
2572 2782 2772 2851 δυνηθῇ
2801 2781 2892 2833 τὸν
2923 2781 3048 2833 νοῦν
3070 2781 3225 2849 ἡμῶν
3252 2784 3359 2833 ἀπὸ
3383 2782 3479 2848 τῆς
3506 2781 3638 2850 πρὸς
3659 2782 3789 2832 Θεὸν
3815 2783 4037 2851 μνήμης

2460 2875 2555 2925 καὶ
2598 2875 2818 2942 ἀγάπης
2868 2875 3161 2937 ἐκσπᾶσαι,
3209 2875 3538 2942 δελεάσμασι
3580 2875 3786 2943 γηῖνοις
3818 2871 4038 2941 χρώμε-

2460 2982 2570 3028 νος,
2608 2966 2700 3016 καὶ
2733 2965 2839 3017 ἀπὸ
2872 2965 2961 3017 τοῦ
3009 2965 3161 3026 ὄντος
3197 2964 3361 3016 καλοῦ
3409 2964 3806 3032 παρεκτρέπων
3836 2966 3931 3015 ἐπὶ
3974 2966 4039 3015 τά

2460 3057 2696 3126 δοκήσει,
2745 3057 2859 3110 ἀλλ’
2890 3059 2989 3109 οὐκ
3030 3058 3197 3117 ὅντως
3227 3057 3386 3109 καλά.
3430 3057 3543 3107 Πάν
3572 3057 3681 3123 γὰρ
3713 3055 3740 3106 ὃ
3774 3056 3869 3106 ὲάν
3909 3059 4036 3124 ποιῇ

2463 3147 2749 3216 ἄνθρωπος
2798 3147 2996 3209 καλὸν,
3058 3145 3281 3199 σπιλοῦν
3325 3148 3418 3198 καὶ
3454 3146 3686 3214 μιαίνειν
3719 3146 3747 3197 6
3799 3147 4039 3215 πονηρὸς

777 3237 919 3290 bona
942 3246 1090 3301 sunt,
1125 3248 1396 3291 avertere.
1438 3238 1818 3308 Quodcunque
1854 3242 2003 3293 enim
2057 3243 2217 3294 homo
2254 3242 2355 3293 bo-
2387 3230 2427 3283 (ἶ

2354 3274 2355 3277 η
2387 3230 2427 3283 C
2466 3241 2731 3311 βούλεται,
2773 3241 2864 3291 καὶ
2883 3239 2980 3306 τὴν
3014 3238 3149 3290 ἰδίαν
3168 3237 3504 3305 ἐπειτποράν
3530 3236 3628 3303 τῆς
3664 3234 3977 3299 κενοδοξίας
4005 3236 4034 3303 ἥ

778 3344 910 3380 num
952 3328 1101 3393 facit,
1142 3330 1386 3393 polluere
1436 3346 1500 3385 ac
1536 3333 1915 3385 contaminare
1948 3332 2233 3401 improbus
2265 3349 2356 3385 co-

778 3425 967 3479 natur,
1002 3418 1344 3487 maximeque
1371 3419 1682 3483 contendit,
1713 3436 1838 3473 cum
1876 3435 2039 3489 quem
2071 3422 2221 3475 videt
2251 3421 2355 3490 legi

778 3508 1137 3561 observanda":
1160 3523 1383 3577 operam
1426 3511 1667 3574 dantem,
1701 3512 1853 3580 operi
1889 3512 2034 3565 bono
2068 3520 2163 3565 aut
2204 3527 2356 3565 vanae

2464 3332 2699 3399 ὀνήσεως
2746 3330 2811 3397 τῇ
2852 3329 3034 3397 ἐντολῇ
3092 3328 3390 3395 συμμίγειν
3437 3325 3799 3392 ἀγωνίζεταιο
3844 3325 3933 3376 ἵνα
3967 3327 4039 3393 μὴ

2464 3420 2551 3472 διά
2580 3420 2711 3471 Θεὸν
2742 3418 2834 3470 καὶ
2866 3419 3026 3486 μόνον
3056 3419 3198 3471 κατά
3226 3417 3533 3487 προθυμίαν
3564 3415 3774 3485 ἀγαθὴν
3807 3417 3865 3467 τὸ
3897 3416 4037 3483 γινό-

2467 3528 2627 3579 μενον
2652 3509 2851 3577 ἀγαθὸν
2876 3510 3121 3579 γένηται.

779 3600 987 3669 ειοτὶαι,
1020 3608 1113 3652 aut
1145 3601 1368 3653 tumidae
1395 3601 1479 3653 sui
1518 3602 1885 3670 praasidentia:
1923 3602 2102 3657 labem
2131 3603 2449 3671 inspergere
2471 3641 2484 3663 ,
2517 3616 2587 3654 ne
2619 3601 2713 3654 Dei
2750 3602 2922 3655 solius
2983 3617 3169 3666 causa,
3200 3608 3257 3655 et
3314 3613 3381 3653 ex
3439 3597 3586 3651 bono
3651 3614 3892 3667 vereque
3919 3600 4037 3652 lano

780 3692 945 3744 dabili
981 3693 1279 3759 preposito,
1318 3694 1462 3760 quod
1506 3695 1749 3746 exterius
1805 3695 1945 3748 bene
1999 3697 2067 3748 sit
2119 3696 2351 3748 interius
2390 3704 2628 3764 geratur.

853 3785 939 3838 IV.
977 3784 1117 3849 Quid
1146 3784 1346 3851 igitur?
1376 3800 1476 3837 nos
1511 3800 1790 3853 nunquam
1822 3803 1884 3841 ac
1909 3786 2358 3854 nusquam,soliti

784 3877 838 3928 in
872 3893 967 3929 cor
993 3885 1243 3928 nostrum
1278 3876 1513 3943 ingredi,
1551 3880 1828 3943 quomodo
1868 3878 2234 3947 incipiemus?
2259 3880 2362 3932 Per

779 3968 1048 4037 jejunium
1070 3976 1127 4020 et
1152 3968 1455 4020 orationem
1489 3967 1624 4021 foris
1650 3978 1856 4022 stantes
1876 3971 2177 4037 pulsemus.
2198 3979 2362 4037 prout

785 4059 1050 4111 Dominus
1072 4057 1258 4126 jussit,
1280 4057 1469 4111 dicens
1500 4075 1513 4110 :
1555 4058 1769 4111 Pulsatc
1796 4068 1843 4110 et
1871 4061 2135 4128 aperietur
2156 4062 2295 4111 vobis
2321 4062 2359 4113 '.

786 4149 841 4202 Si
871 4148 1019 4201 enim
1040 4149 1507 4216 permanserimus
1535 4147 1586 4199 in
1617 4148 1787 4201 verbo
1806 4150 2021 4202 Domini
2040 4159 2095 4203 ct
2117 4150 2171 4202 in
2196 4165 2358 4203 sensu

786 4240 980 4292 intime
1020 4238 1261 4291 demisso
1288 4238 1662 4292 mendicitatis
1692 4249 1747 4291 et
1778 4240 2006 4293 vilitatis
2033 4250 2229 4293 nostrae
2254 4258 2266 4304 ;
2300 4257 2361 4294 ac

786 4330 949 4382 simul
980 4329 1244 4382 exercitio
1272 4338 1595 4382 cunctarum
1625 4345 1746 4396 qua:
1778 4345 1873 4395 per
1909 4330 2163 4383 mandata
2190 4334 2363 4398 impe—

786 4429 995 4483 rantur,
1048 4420 1337 4482 virtutum,
1378 4428 1540 4473 nocte
1583 4435 1645 4473 ac
1691 4419 1781 4471 die
1824 4423 2361 4487 perseveraverimus

786 4510 1064 4579 pulsantes
1124 4510 1467 4578 spiritualem
1512 4508 1727 4562 Domini
1757 4508 1978 4576 januam
2003 4550 2018 4574 ,
2052 4512 2357 4579 poterimus

784 4600 949 4668 potiri
981 4616 1067 4663 eo,
1092 4601 1237 4669 quod
1273 4602 1593 4669 quzerlmus.
1636 4604 1741 4656 Per
1772 4603 1913 4655 hanc
1941 4603 2086 4655 enim
2129 4604 2351 4671 januam

2534 3788 2605 3837 A'.
2645 3783 2710 3835 Τί
2744 3778 2870 3848 οὖν;
2904 3785 3062 3851 ἡμεῖς
3088 3786 3135 3835 οἱ
3164 3784 3406 3853 μηδόλως
3436 3786 3514 3849 είς
3542 3787 3638 3856 τὴν
3672 3786 3900 3854 καρδίαν
3934 3788 4035 3837 είς·

2461 3877 2729 3938 ελθόντες,
2767 3877 2883 3937 πῶς
2910 3874 3246 3945 ἀρξώμεθα;
3282 3877 3366 3927 διὰ
3398 3877 3649 3945 νηστείας
3690 3878 3782 3927 καὶ
3808 3894 4037 3946 προσευο

2462 3968 2560 4037 χῆς
2581 3966 2684 4032 ἔξω
2710 3966 2940 4028 ἑστῶτες
2966 3967 3255 4035 κρούομεν,
3281 3966 3462 4029 καθὼς
3483 3970 3509 4019 6
3532 3968 3733 4037 Κύριος
3756 3968 4035 4020 ἐκέλευσεν

2461 4055 2665 4108 είπών·
2714 4058 2969 4123 Κρούετε
3009 4056 3102 4108 καὶ
3134 4056 3519 4123 ἀνοιγήσεται
3548 4057 3708 4125 ὑμῖν.
3756 4058 3881 4109 Ἐάν
3933 4060 4034 4126 γάρ

2463 4148 2810 4217 ἐμμείνωμεν
2828 4147 2903 4215 τῷ
2932 4146 3074 4216 λόγῳ
3088 4147 3179 4199 τοῦ
3199 4150 3425 4219 Κυρίου,
3444 4150 3537 4201 καὶ
3565 4154 3632 4219 τῇ
3663 4150 3925 4219 πτωχείᾳ,
3948 4151 4034 4202 καὶ

2463 4238 2539 4307 τῷ
2569 4237 2809 4306 ταπεινῷ
2841 4240 3172 4305 φρονήματι,
3205 4238 3300 4290 καὶ
3337 4240 3539 4300 πάσαις
3586 4242 3703 4301 ταῖς
3742 4241 3849 4291 τῶν
3890 4243 4035 4291 ἐντο-

2463 4330 2569 4383 λῶν
2601 4328 2820 4396 ἀρεταῖς
2862 4328 3051 4388 νυκτὸς
3089 4328 3180 4378 καὶ
3227 4328 3440 4396 ἡμέρας
3486 4329 3777 4396 κρούοντες
3818 4331 3897 4391 εἰς
3943 4330 4033 4399 τὴν

2464 4417 2839 4487 πνευματικὴν
2872 4416 2963 4469 τοῦ
2997 4418 3200 4487 Κυρίου
3244 4418 3434 4488 θύραν,
3473 4419 3813 4490 δυνησόμεθα
3856 4425 4032 4490 τυχεῖν

2463 4509 2557 4561 τοῦ
2592 4508 2946 4580 ζητουμένου.
2994 4510 3090 4562 Διά
3122 4513 3325 4579 ταύτης
3356 4514 3464 4580 γὰρ
3493 4512 3590 4579 τῆς
3617 4512 3783 4577 θύρας
3815 4513 4032 4565 δύναται

2468 4600 2902 4668 ἀπολυτρώσεως
2940 4603 3123 4669 τυχεῖν
3168 4604 3273 4663 πᾶς
3308 4604 3335 4653 6
3368 4601 3687 4670 βουλόμενος
3719 4606 3909 4669 φυγεῖν
3947 4606 4031 4656 τοῦ

786 4698 965 4759 potest
1000 4691 1379 4745 liberationem
1415 4694 1631 4761 assequi
1677 4694 1994 4762 quicunque
2020 4694 2136 4745 vult
2166 4693 2352 4762 fugere
2392 4717 2466 4778 Di

2350 4719 2352 4741 ξ
2392 4723 2437 4778 D
2464 4692 2706 4752 σκότους.
2738 4689 2992 4759 Εὑρίσκει
3038 4690 3147 4759 γάρ
3191 4693 3304 4743 ἐκεῖ
3342 4693 3439 4759 τὴν
3472 4691 3781 4761 ἐλευθερίαν
3813 4694 3910 4759 τῆς
3935 4694 4030 4760 ψυ-

786 4800 815 4836 a
846 4783 1167 4852 captivitate
1204 4784 1581 4838 tenebrarum.
1612 4785 1831 4838 Invenit
1855 4785 2059 4852 quippe
2090 4784 2164 4836 ibi
2198 4784 2361 4836 liber-

787 4884 951 4927 tatem
980 4874 1193 4937 animaa,
1220 4886 1275 4927 et
1304 4875 1502 4943 recipit
1533 4890 1805 4944 congruas
1837 4874 1938 4943 ipsi
1971 4875 2357 4944 cogitationes;

787 4979 849 5018 ac
876 4964 1094 5018 tandem
1124 4979 1190 5017 eo
1230 4980 1402 5032 usque
1433 4964 1781 5032 provehitur,
1809 4972 1870 5017 ut
1892 4965 2170 5033 possideat
2191 4966 2360 5020 caele-

789 5065 930 5110 stem
965 5072 1146 5125 regem
1173 5055 1477 5111 Christum.

860 5147 1284 5216 160-162V.
1301 5147 1530 5213 Quando
1552 5163 1706 5203 mens
1729 5150 1899 5203 oblita
1916 5149 2081 5203 fuerit
2105 5150 2360 5204 mentalis

786 5244 842 5288 et
865 5236 967 5305 piae
987 5236 1316 5298 amictionis,
1345 5248 1473 5291 tunc
1511 5247 1565 5293 et
1583 5240 1960 5293 mandatorum
1979 5240 2360 5303 obliviscitur;

788 5328 1008 5394 quando
1038 5327 1255 5381 videtur
1292 5345 1537 5393 currere,
1578 5341 1726 5385 errat
1761 5348 1789 5383 a
1811 5332 1897 5384 via
1933 5330 2114 5399 plana,
2140 5341 2195 5384 et
2226 5331 2364 5383 obli-

790 5415 915 5483 quis
944 5432 1141 5485 gyrans
1166 5418 1378 5472 semitis
1416 5420 1659 5473 ambulat
1696 5437 1708 5473 :
1754 5430 1982 5488 propter
2019 5421 2166 5489 quod
2199 5421 2253 5473 in
2287 5420 2363 5473 fe-

794 5520 884 5558 ras
916 5506 1039 5559 ineu
1053 5507 1157 5559 rrit
1186 5508 1408 5561 bestias.
1437 5509 1552 5562 Nisi
1580 5510 1726 5563 enim
1753 5509 2021 5577 orationis
2049 5517 2105 5563 et
2126 5511 2241 5578 spei
2278 5509 2357 5561 la-

794 5595 986 5651 bon-m
1027 5598 1442 5666 excidissemus,
1496 5616 1607 5654 non
1667 5600 1855 5670 utique
1901 5600 2357 5669 peccavissemus.

872 5776 888 5806 ¹
930 5778 1118 5831 Matth.
1165 5796 1251 5840 vn,
1284 5779 1339 5833 7'.
1374 5780 1500 5832 Lur.
1550 5787 1693 5841 I‘.,‘.'.

2463 4782 2584 4851 χῆς,
2638 4782 2733 4833 καὶ
2790 4782 3166 4850 ἀπολαμϐάνει
3218 4785 3343 4844 τοὺς
3396 4782 3687 4851 λογισμοὺς
3724 4784 3913 4851 αύῖῆς,
3948 4786 4031 4835 καὶ

2461 4874 2651 4926 κτᾶται
2678 4873 2767 4925 τὸν
2797 4874 3116 4943 ἐπουράνιον
3155 4874 3380 4943 βασιλέα
3411 4876 3662 4945 Χριστόν.

2534 5140 2787 5193 Ε’.’”οταν
2802 5142 2829 5193 6
2854 5140 2977 5203 νοῦς
3003 5140 3322 5211 ἐπιλάθηται
3344 5140 3439 5208 τῆς
3466 5141 3658 5210 νοερᾶς
3679 5140 3769 5192 καὶ
3783 5141 4029 5204 εὐσεϐοῦς

2464 5229 2711 5299 θλίψεως,
2730 5231 2850 5283 τότε
2874 5232 2968 5283 καὶ
2996 5231 3102 5282 τῶν
3119 5230 3345 5283 ἐντολῶν
3360 5230 3654 5283 ἐπελάθετο
3675 5246 3687 5260 ·
3712 5232 3803 5283 καὶ
3835 5232 3954 5283 ὃθεν
3971 5233 4029 5284 ἂν

2464 5322 2593 5393 δοκῇ
2634 5324 2866 5393 τρέχειν,
2904 5324 3343 5392 παρεκτρέπεται
3378 5323 3476 5392 τῆς
3498 5323 3667 5385 λείας,
3698 5326 3793 5374 καὶ
3827 5324 4031 5376 σκολιά-

2466 5414 2573 5476 ζων
2600 5413 2964 5468 πολιτεύεται.
3009 5414 3106 5465 Διά
3138 5413 3295 5466 τοῦτο
3330 5415 3563 5484 συναντᾷ
3590 5414 3817 5483 θηρίοις.
3850 5416 3909 5466 ΕΞ
3931 5416 4027 5483 γὰρ

2473 5506 2547 5574 μὴ
2580 5506 2669 5558 τὸν
2717 5507 2816 5574 τῆς
2864 5507 3025 5575 εὐχῆς
3075 5507 3169 5558 καὶ
3213 5506 3425 5568 ἐλπίδος
3460 5506 3625 5558 κόπον
3672 5506 4023 5574 ἐκκόπτομεν,

2470 5599 2568 5651 οὐκ
2610 5598 2675 5651 ἂν
2702 5596 3204 5669 ἐπλημμελήσαμεν
3224 5611 3237 5625 ·
3287 5599 3397 5661 τοῖς
3424 5596 3535 5665 γὰρ
3564 5595 3691 5664 περὶ
3717 5595 3895 5666 ψυχῆς
3924 5595 4025 5648 θλι-
