4254 6358
193 353 304 420 825

1260 352 1488 414 LIBER
1530 352 1624 413 DE
1662 351 2031 413 CUSTODIA
2071 347 2365 409 CORDIS.

3357 341 3462 403 826

192 467 446 534 ὁομένοις
479 463 627 531 λέγει
653 462 685 532 ὴ
712 460 903 532 Γραφή
927 477 940 490 ’
967 459 1187 527 Πιστὸς
1219 463 1252 515 ὀ
1273 462 1439 527 Θεὸς,
1464 463 1575 515 οὐκ
1608 461 1775 514 ἐάσει
1805 467 1850 523 Α

1739 477 1775 514 ιι
1805 467 1850 523 Α
1882 458 1978 511 llis
1998 472 2184 527 porro.
2210 454 2302 524 qui
2326 450 2512 506 animo
2538 449 2948 521 angustiantur,
2979 449 3113 502 dlCll
3136 449 3419 517 Scriptura

194 554 354 623 ὑμᾶς
384 552 783 622 πειρασθῆναι
812 552 963 621 ὑπὲρ
999 555 1032 607 d
1064 552 1358 607 δύνιισθε”
1394 552 1780 618 ἀπαιδεύτοις

194 648 266 700 δὲ
290 645 679 710 συναντῆσαι
705 644 878 699 κακά.

269 826 361 891 ς’.
400 824 610 893 Ὠσπερ
641 824 690 876 oi
734 822 839 887 ἔξω
878 821 1152 894 ὀφθαλμοὶ
1202 822 1458 892 βλέπουσι
1505 822 1780 893 μακρόθεν

194 916 295 978 τὰς
337 914 606 979 ἀκάνθας,
652 915 747 969 καὶ
781 916 909 979 τοὺς
938 914 1252 989 κρημνούς*
1289 915 1433 970 οὕτω
1461 916 1558 970 καὶ
1589 916 1619 969 6
1646 932 1780 986 προ-

198 1008 490 1070 σλεπτικδς
517 1007 643 1071 νοῦς
665 1008 963 1079 προσλίπτι
983 1008 1153 1079 ταχὺς
1179 1005 1255 1062 ῶν
1275 1012 1375 1079 τῆς
1399 1008 1782 1079 ἀντικειμένης

197 1102 482 1170 δυνάμεως
504 1101 602 1164 τάς
632 1100 829 1170 τέχνας
853 1101 947 1154 καὶ
970 1099 1069 1163 τὰς
1090 1100 1411 1164 ἑπισκευάς,
1433 1100 1529 1155 καὶ
1549 1099 1783 1170 ἀσφαλί-

200 1192 358 1254 ζεται
392 1191 490 1263 τὴν
518 1190 717 1262 ψυχὴν,
749 1192 824 1255 ὡς
848 1191 1125 1261 ὀφθαλμὸς
1156 1191 1232 1246 ὢν
1256 1193 1448 1264 αὐτῆς.

268 1283 345 1335 Ζ’.
396 1280 629 1346 ’Λγῶνος
656 1278 853 1333 πολλοῦ
883 1282 978 1333 καὶ
1012 1281 1175 1335 πόνου
1208 1278 1457 1351 κρυπτοῦ
1485 1281 1582 1335 καὶ
1611 1279 1783 1351 ἀορά-

198 1387 293 1422 του
310 1368 490 1439 χρεία,
514 1369 790 1438 λογισμῶν
808 1368 1033 1439 ἔρευναν
1050 1369 1337 1433 ποιεῖσθαι,
1360 1368 1536 1422 καὶτὰ
1551 1368 1785 1437 ἠσθενη-

201 1462 339 1515 κότα
409 1460 521 1529 τῆς
576 1459 786 1530 ψυχῆς
838 1458 1007 1529 ἡμῶν
1066 1458 1421 1527 αἰσθητήρια
1470 1457 1787 1529 γυμνάζειν

204 1553 359 1621 πρὸς
381 1552 686 1620 διάκρισιν
712 1554 904 1606 καλοῦ
946 1569 1010 1607 τε
1038 1553 1136 1606 καί
1169 1551 1395 1606 κακυῦσ
1429 1551 1511 1605 δεῖ
1557 1552 1785 1604 πάντοτε

205 1643 299 1695 καὶ
330 1641 715 1712 ἀναζωπυρεῖν
749 1639 837 1693 διὰ
868 1640 965 1694 τοῦ
1009 1641 1127 1704 νοὸς
1158 1642 1297 1711 πρὸς
1343 1641 1478 1693 Θεὸν
1526 1639 1786 1705 ιπείξεως

200 1736 268 1787 τά
298 1732 699 1803 ὲξησθενηκότα
724 1735 790 1803 τῇ
817 1732 963 1803 ψυχῇ
998 1734 1133 1804 μέλη
1155 1750 1171 1764 ·
1193 1732 1288 1785 τοῦ
1314 1731 1406 1785 νοῦ
1437 1731 1593 1802 ήμῶν
1621 1748 1787 1800 προσσ

201 1824 539 1893 καλουμένου
568 1824 705 1894 μετά
742 1823 838 1878 τοῦ
894 1824 1099 1894 Κυρίου
1137 1824 1387 1885 πάντοτε,
1440 1823 1525 1877 ίνα
1557 1821 1784 1890 γένηται

200 1917 288 1979 εἰς
320 1912 392 1966 ἐν
418 1912 655 1981 πνεῦμα
700 1911 844 1965 κατά
887 1912 949 1964 τὸ
997 1910 1175 1978 λόγιον
1215 1908 1451 1964 Παύλου.
1495 1907 1697 1961 Τοῦτον
1726 1906 1784 1959 δὲ

202 2005 294 2058 τὸν
335 2005 579 2075 κρυπτὸν
630 2003 817 2072 ἀγῶνα
864 2003 960 2057 καὶ
994 2002 1226 2072 μελέτην
1255 2000 1459 2071 Κυρίου
1502 2000 1598 2051 καὶ
1627 1997 1786 2051 πόνον

204 2097 400 2161 νυκτὸς
425 2096 521 2149 καὶ
549 2096 759 2167 ἡμέρας
782 2094 927 2166 ἔχειν
954 2097 1103 2165 ἡμᾶς
1132 2094 1240 2164 χρὴ
1271 2094 1352 2155 είς
1384 2093 1564 2145 πᾶσαν
1594 2089 1785 2158 ὲπιτήο

203 2190 387 2242 δευσιν
424 2187 666 2259 ἱντολῆς,
718 2188 832 2241 εἴτε
879 2185 1212 2257 εὐχομένων,
1262 2184 1370 2237 είτε
1417 2181 1785 2251 ἑσθιόντων,ἢ

204 2279 623 2344 διακονούντων,
675 2280 709 2351 ἢ
759 2278 1045 2344 πινόντων,
1074 2277 1109 2349 ἢ
1158 2277 1344 2349 ἕτερόν
1374 2293 1427 2329 τι
1472 2273 1787 2337 ποιούντων,

207 2369 295 2421 ῐνα
321 2369 430 2421 πᾶν
459 2367 487 2421 δ
512 2366 721 2432 γίνεται
762 2366 967 2433 ἀγαθὸν
1009 2365 1349 2437 ἐπιτήδευμα
1369 2367 1449 2429 εἰς
1478 2363 1634 2429 δόξαν
1655 2362 1788 2436 Θεοῦ

210 2464 463 2534 γένηται.
514 2462 827 2531 ’Δγιάζεται
858 2460 969 2531 γάρ
1015 2460 1110 2514 καὶ
1156 2461 1189 2530 ή
1237 2458 1346 2511 τῶν
1374 2458 1604 2512 ἐντολῶν
1638 2458 1789 2511 πᾶσα

209 2553 539 2609 ἀκολουθία·
591 2554 687 2607 καὶ
718 2552 978 2624 καθαρῶς
1009 2551 1100 2621 ὑφ’
1131 2551 1286 2622 ὑμῶν
1315 2550 1665 2610 ἐπιτελεῖται,
1703 2549 1793 2602 διά

206 2647 309 2716 τῆς
353 2644 699 2707 ἀδιαλείπτου
748 2644 970 2714 μνήμης
1014 2642 1110 2696 τοῦ
1152 2640 1312 2708 Θεοῦ,
1363 2641 1458 2695 καὶ
1502 2639 1669 2710 φόσου
1697 2642 1793 2694 καὶ

209 2739 436 2808 ἀγάπης
458 2738 555 2808 τῆς
580 2736 718 2807 πρὸς
757 2735 912 2801 Θεὸν,
957 2735 1053 2789 καὶ
1080 2732 1343 2805 γινόμεθα
1372 2732 1528 2796 ἐκτὸς
1559 2730 1669 2786 ἀπὸ
1698 2730 1793 2785 τοῦ

215 2831 522 2901 μιαίνοντος
552 2831 651 2892 τάς
680 2828 900 2892 ὲντολάς
930 2827 1024 2881 τοῦ
1051 2826 1212 2881 Θεοῦ.

1881 547 2073 601 Fidelis
2122 547 2280 608 Deus,
2323 544 2412 613 qui
2440 560 2543 595 non
2578 544 2811 611 patietur
2848 557 2935 595 vos
2980 550 3175 593 tentari
3206 558 3369 610 supra
3411 544 3461 592 id

1880 640 2017 709 quod
2048 640 2261 709 potestis
2286 640 2328 690 ⁸.
2355 635 2455 701 Qui
2482 642 2660 688 autem
2702 634 2952 688 indociles
2980 642 3124 691 sunt.
3171 634 3241 685 eis
3280 648 3433 683 occur

1881 738 2001 784 rent
2041 729 2188 782 mala
2221 729 2261 782 ⁸.

1953 816 2055 870 Vl.
2078 815 2234 870 Sicut
2261 815 2566 869 exteriores
2596 814 2739 868 oculi
2792 814 2952 883 longe
2983 810 3328 880 prospiciunt
3350 824 3463 879 spt-

1882 923 1981 962 nas
2008 918 2067 963 et
2087 908 2434 978 praecipitia;
2466 909 2546 963 sic
2579 915 2638 963 et
2677 909 2791 962 acri
2824 905 3151 977 providendi
3184 904 3464 974 perspica-

1883 1002 1965 1056 cia
1998 1001 2227 1072 praedita
2261 1017 2417 1057 mens
2446 1002 2557 1057 cito
2584 1000 2853 1071 prospicit
2874 998 3201 1054 adversariae
3232 1003 3467 1066 potesta—

1886 1094 1958 1148 tis
1993 1104 2141 1149 artes
2170 1094 2532 1163 insidiasque,
2562 1110 2626 1149 ac
2657 1102 2853 1149 contra
2878 1107 2974 1146 eas
2998 1090 3296 1161 prtemunit
3345 1088 3452 1143 ani-

1884 1202 2051 1252 mam,
2090 1188 2252 1257 cujus
2290 1196 2376 1242 est
2397 1188 2613 1243 oculus.

1958 1279 2078 1335 VII.
2110 1278 2479 1335 Contentione
2496 1281 2693 1343 multa,
2719 1289 2775 1334 et
2795 1278 3007 1342 labore,
3050 1291 3229 1346 eoque
3250 1276 3470 1331 occulto

1885 1379 1943 1425 et
1974 1370 2266 1437 invisibili,
2306 1380 2392 1427 est
2420 1387 2562 1442 opus
2598 1372 2655 1426 in
2694 1371 3039 1426 scrutatione
3074 1367 3470 1439 cogitationum

1886 1462 2180 1519 facienda:
2215 1473 2273 1519 et
2323 1464 2381 1519 in
2427 1464 2706 1519 hebetatis
2758 1464 2954 1518 animm
2996 1471 3191 1516 nostra
3235 1460 3471 1514 sensibus

1890 1556 2139 1609 acuendis
2204 1555 2657 1625 exercitandisque
2712 1555 2782 1607 ad
2842 1554 3211 1606 disrretiouem
3259 1551 3380 1603 boni
3423 1556 3471 1601 et

1891 1645 2023 1699 mali
2048 1646 2089 1698 ⁸.
2149 1644 2382 1714 Oportet
2437 1647 2665 1699 omnino
2715 1644 3083 1712 undecunque
3133 1640 3474 1695 exsuscitarc

1890 1746 2090 1791 conatu
2123 1738 2329 1791 mentis
2378 1738 2446 1792 ad
2485 1738 2657 1792 Deum
2707 1752 2765 1791 se
2818 1735 3138 1795 incitantis,
3192 1731 3475 1785 debilitata

1890 1827 2087 1882 animai
2112 1827 2360 1883 membra
2397 1845 2412 1881 :
2454 1838 2636 1882 mente
2677 1837 2864 1883 nostra
2911 1841 3035 1879 cum
3077 1824 3292 1878 Domini
3325 1822 3479 1891 adju—

1894 1919 2039 1973 torio
2079 1934 2296 1988 semper
2338 1935 2439 1975 nos
2492 1928 2866 1990 provocante,
2908 1928 2970 1971 ut
3000 1932 3123 1971 cum
3166 1915 3261 1968 illo
3294 1914 3476 1967 coale-

1892 2023 2115 2064 scamus
2148 2012 2205 2062 in
2234 2027 2401 2065 unum
2452 2012 2699 2081 spiritum
2726 2012 2746 2041 '
2780 2011 2935 2080 juxta
2980 2007 3264 2063 oraculum
3299 2003 3475 2058 Pauli.

1893 2100 2009 2154 Hoc
2039 2109 2226 2155 autem
2261 2110 2540 2156 certamen
2590 2101 2895 2164 occultum,
2955 2107 3011 2153 et
3059 2096 3478 2151 meditationem

1893 2188 2137 2255 Domini,
2169 2206 2232 2246 ac
2264 2192 2515 2247 laborem
2540 2192 2636 2247 diu
2669 2202 2946 2261 noctuque
2979 2204 3212 2245 necesse
3250 2201 3336 2242 est
3378 2202 3482 2240 nos

1896 2281 2100 2337 habere
2113 2282 2181 2337 ad
2213 2299 2435 2339 omnem
2464 2285 2771 2340 studiosam
2796 2283 3216 2341 exsecutionem
3237 2278 3479 2335 mandati

1894 2373 2299 2440 prescribentis
2326 2375 2607 2446 quidpiam
2644 2376 2759 2429 sive
2811 2374 3098 2429 orantibus
3146 2372 3263 2425 sive
3294 2384 3477 2424 come-

1895 2461 2176 2529 dentibus,
2209 2464 2324 2520 sive
2350 2465 2819 2531 ministrantibus,
2846 2465 2963 2519 sive
2988 2461 3333 2524 bibentibus,
3367 2458 3476 2513 siu-

1900 2552 2049 2608 aliud
2073 2555 2297 2624 quidvis
2342 2557 2668 2625 agentibus,
2705 2566 2767 2611 ut
2817 2556 3191 2626 quodcunque
3238 2552 3298 2606 ﬁt
3344 2565 3483 2618 opm

1896 2645 2129 2708 bonum,
2156 2647 2213 2701 in
2246 2648 2343 2703 Dei
2367 2650 2598 2720 gloriam
2626 2649 2745 2703 ﬁat.
2780 2648 3167 2703 Sanctiﬁcatur
3192 2644 3339 2700 enim
3372 2650 3485 2697 tota

1903 2736 2080 2791 series
2122 2738 2532 2803 mandatorum,
2580 2749 2639 2794 et
2684 2754 2823 2808 pure
2863 2737 3211 2807 perfectoque
3253 2750 3283 2788 a
3325 2730 3489 2786 nobis

1905 2829 2249 2883 exsecutioni
2286 2832 2521 2884 traditur
2569 2846 2670 2901 per
2715 2830 3119 2885 indesinentem
3165 2824 3485 2880 memoriam

212 2927 310 2981 Dei
352 2940 559 2997 perque
600 2925 849 2979 timorem
894 2930 953 2978 et
991 2923 1318 2978 cbaritatem
1360 2935 1490 2992 erga
1524 2920 1727 2982 Deum;
1773 2933 1873 2989 per
1907 2921 2023 2977 haec
2045 2923 2194 2978 enim
2222 2939 2325 2979 nos
2352 2924 2720 2996 disjungimus
2761 2922 3105 2992 seorsimque
3138 2921 3386 2975 locamus
3419 2914 3488 2968 ab

214 3034 303 3080 co,
328 3018 424 3085 qui
465 3015 663 3086 polluit
690 3013 947 3070 mandata
978 3013 1097 3069 Dei.

289 3113 373 3164 H'.
405 3110 517 3164 Καὶ
538 3107 659 3177 ,γὰρ
684 3109 713 3161 ό
748 3107 1094 3177 πατριάρχης
1128 3105 1383 3177 Ἀϐραὰμ
1412 3106 1476 3158 ἑκ
1493 3102 1603 3157 τῶν
1628 3104 1797 3173 ἀκρο-
1827 3105 1869 3162 C

1827 3105 1869 3162 Β
1973 3108 2111 3163 Vill.
2137 3109 2357 3164 Etenim
2393 3108 2710 3179 patriarcha
2739 3108 3020 3163 Abraham
3053 3121 3084 3159 e
3119 3102 3377 3171 primitiis
3401 3117 3490 3154 32--

216 3202 406 3258 θινίων
454 3200 532 3271 τῷ
580 3201 717 3269 ἱερεῖ
747 3197 846 3252 τοῦ
889 3197 1026 3251 Θεοῦ
1056 3196 1394 3267 Μελχισεδὲκ
1434 3194 1797 3265 προσήνεγκε,

218 3295 317 3347 καὶ
345 3291 516 3354 οὕτως
548 3290 650 3360 τὴν
698 3287 953 3357 εὐλογίαν
1000 3288 1227 3352 ἐδέξατο
1276 3286 1406 3357 παρ’
1440 3284 1627 3339 αὐτοῦ.
1658 3284 1725 3337 Τί
1756 3283 1801 3336 δ’

219 3383 353 3438 ἀλλο
379 3382 466 3435 διὰ
490 3380 696 3434 τούτων
725 3379 1023 3434 αἰνίττεται
1046 3380 1108 3432 τὸ
1140 3378 1384 3449 Πνεῦμα,
1403 3378 1518 3429 ἀλλ’
1541 3377 1576 3448 ἢ
1600 3374 1805 3445 ὑψηλο-

220 3477 391 3546 τέραν
422 3473 658 3546 θεωρίαν
690 3473 973 3543 ἐμφαίνων
1004 3489 1132 3536 που,
1168 3472 1237 3525 τά
1269 3472 1414 3539 ἀκρα
1442 3470 1537 3523 καὶ
1567 3469 1636 3523 τὰ
1673 3468 1808 3525 ὀστά

222 3564 320 3618 τοῦ
350 3565 473 3617 ὅλου
502 3563 878 3634 συγκρίματος
910 3562 1013 3631 τῆς
1046 3563 1263 3631 φύσεως
1293 3561 1482 3632 ημῶν;
1507 3560 1804 3620 τουτέστιν,

225 3653 393 3706 αὑτὸν
421 3652 513 3705 τὸν
552 3652 699 3716 νοῦν,
757 3650 928 3721 αὐτὴν
976 3650 1075 3722 τὴν
1130 3650 1454 3721 συνείδησιν,
1487 3650 1658 3720 αὐτὴν
1708 3648 1808 3720 τὴν

223 3743 489 3808 διάθεσιν,
517 3742 682 3795 αὐτὸν
711 3742 804 3795 τὸν
842 3741 1127 3812 λογισμὸν,
1157 3743 1326 3811 αὐτὴν
1361 3741 1461 3811 τῆς
1501 3740 1681 3811 ψυχῆς
1710 3740 1810 3812 τὴν

226 3832 584 3904 ἁγαπητικὴν
622 3831 876 3901 δύναμιν,
918 3832 1017 3901 τὴν
1068 3832 1326 3904 ἀπαρχὴν
1356 3831 1453 3885 τοῦ
1482 3832 1605 3885 ὅλου
1652 3830 1811 3901 ἡμῶν

228 3925 522 3995 ἀνθρώπου
550 3922 627 3994 τῷ
667 3922 787 3993 Θεῷ
816 3922 1085 3995 πρότερον
1120 3924 1365 3994 κομίζειν
1402 3923 1512 3976 δεῖν
1556 3924 1809 3986 πάντοτε,

225 4019 329 4089 τὴν
361 4018 463 4087 τῆς
496 4015 723 4085 καρδίας
757 4016 907 4085 ίεράν
931 4014 1121 4068 Θυσίαν
1141 4031 1156 4046 ·
1182 4016 1252 4069 τά
1280 4013 1587 4085 ἀκροθίνια,
1625 4014 1719 4067 καὶ
1746 4012 1815 4066 τά

228 4113 377 4179 ἄκρα
407 4107 517 4160 τῶν
548 4105 769 4174 ἀγαθῶν
808 4105 1087 4175 λογισμῶν
1130 4106 1213 4169 τίς
1244 4106 1345 4176 τὴν
1390 4104 1561 4175 αὐτὴν
1592 4106 1814 4175 μνήμην

230 4201 328 4253 καὶ
364 4199 598 4270 μελέτην
635 4198 724 4251 διά
769 4197 967 4261 παντὸς
1000 4196 1453 4268 ἀπασχολοῦντος.
1503 4196 1616 4250 Καὶ
1644 4195 1817 4258 οὕτως

230 4286 509 4357 δυνάμεθα
536 4286 807 4355 ὁσημέραι
838 4287 939 4357 τὴν
971 4285 1199 4356 αὔξησιν
1238 4286 1335 4339 καὶ
1364 4284 1648 4357 προκοπὴν
1678 4285 1817 4355 λαμ-

233 4379 421 4431 ϐάνειν
472 4376 826 4447 βοηθούμενοι
880 4377 985 4430 ὑπὸ
1021 4377 1121 4447 τῆς
1161 4376 1315 4440 θείας
1341 4377 1585 4446 χάριτος,
1624 4377 1718 4430 καὶ
1754 4375 1816 4429 τὺ

236 4470 457 4539 φορτίον
487 4470 585 4538 τῆς
612 4469 959 4538 δικαιοσύνης
986 4469 1095 4523 τῶν
1128 4468 1382 4535 ἐντολῶν,
1413 4468 1648 4539 ιλαφρδν
1681 4470 1814 4539 ἡμῖν

236 4562 703 4632 καταφανήσεται,
738 4560 994 4632 καθαρῶς
1030 4562 1125 4615 καὶ
1171 4562 1420 4632 ἀμῶμως
1456 4562 1660 4626 ταύτας
1698 4563 1817 4615 επι-

238 4650 542 4714 τελοῦντες,
575 4649 999 4720 συνεργούμενοι
1032 4650 1123 4703 ὑπ’
1154 4650 1322 4704 αὐτοῦ
1364 4649 1458 4704 τοῦ
1492 4652 1697 4722 Κυρίου
1727 4648 1816 4703 διὰ

237 4745 335 4811 τῆς
373 4742 507 4812 πρὸς
544 4741 707 4795 αὐτὸν
740 4742 898 4811 ἡμῶν
947 4741 1202 4803 πίστεως.
1244 4742 1379 4812 Περὶ
1406 4742 1465 4796 δὲ
1498 4742 1597 4813 τῆς
1627 4760 1817 4811 φαινοα-

244 4833 414 4901 μόνης
443 4833 750 4902 ἀσκήσεως,
780 4834 872 4885 καὶ⁸
900 4836 1051 4885 ποῖον
1086 4832 1290 4899 ἀγαθὸν
1326 4833 1667 4904 ἐπιτήδευμα
1698 4836 1819 4903 μεῖ-

242 4925 333 4988 ζον
361 4924 456 4977 καὶ
498 4925 713 4995 πρῶτον
742 4928 1023 4993 τυγχάνει,
1060 4924 1220 4978 τοῦτο
1249 4922 1569 4992 γινῴσκετε,
1604 4927 1822 4994 ἀγαπη-

242 5017 349 5079 τοὶ,
403 5015 486 5067 ὅτι
536 5014 782 5084 ἀλλήλων
815 5016 988 5067 πᾶσαι
1033 5017 1087 5067 ai
1137 5016 1336 5085 ἀρεταὶ
1368 5016 1696 5086 κρέμανται,
1728 5015 1824 5068 καὶ

243 5105 491 5176 ἀλλήλων
513 5104 871 5169 συνδέδενται,
898 5105 993 5159 καὶ
1016 5104 1204 5176 ὥσπερ
1222 5106 1345 5177 ίερά
1365 5123 1450 5169 τις
1478 5106 1825 5176 πνευματικὴ

245 5197 453 5263 ἅλυσις,
508 5197 605 5266 μία
652 5197 761 5250 ἀπὸ
812 5200 943 5267 μιᾶς
1005 5198 1327 5269 ἢρτηταιθή
1380 5197 1512 5269 εὐχὴ
1561 5196 1671 5252 ἀπὸ
1725 5198 1825 5267 τῆς

245 5290 487 5357 ἀγάπης,
518 5290 550 5358 ὴ
590 5288 781 5358 ἀγάπη
829 5289 938 5341 ἀπὺ
968 5289 1066 5359 τῆς
1100 5291 1297 5360 χαρᾶς,
1328 5290 1362 5359 ἠ
1396 5288 1540 5359 χαρὰ
1586 5287 1695 5341 ἀπὺ
1723 5288 1824 5356 τῆς

246 5380 576 5449 πραότητος,
608 5380 640 5449 ἡ
672 5380 915 5450 πραότης
944 5382 1054 5433 ἀπὸ
1086 5383 1183 5450 τῆς
1219 5381 1625 5444 ταπεινώσεως,
1670 5381 1703 5449 ἡ
1732 5396 1827 5431 τα-

248 5469 503 5531 πείνωσις
514 5469 620 5521 ἀπὸ
633 5470 729 5540 τὴς
741 5470 1037 5534 διακονίας,
1050 5474 1083 5540 ὴ
1100 5471 1343 5524 διακονία
1355 5471 1464 5525 ἀπὸ
1474 5469 1823 5539 τῆςίὶπίδος,

248 5561 281 5630 ἡ
302 5559 456 5623 ἐλπὶς
476 5561 581 5613 ἀπὸ
592 5560 690 5629 τῆς
715 5562 1021 5633 πίστεως,ή
1051 5562 1232 5625 πίστις
1250 5562 1357 5615 ἀπὸ
1378 5562 1477 5631 τῆς
1506 5560 1824 5629 ὑπακοῆς,¹ή

320 5741 338 5768 ³
382 5738 398 5791 Ι
435 5736 561 5791 Cor.
592 5752 642 5799 ς,
680 5738 765 5789 15.
845 5737 866 5767 ³
898 5736 1057 5789 Dcut.
1088 5753 1231 5803 XX“,
1268 5744 1356 5790 νυ.

1902 3201 2112 3256 cerdoti
2162 3201 2257 3256 Dei
2294 3201 2699 3257 Melchisedech
2730 3200 2935 3255 obtulit
2958 3199 3014 3264 ⁶;
3049 3205 3107 3252 et
3147 3197 3228 3250 sic
3260 3193 3456 3249 benedi

1903 3292 2142 3346 ctionem
2173 3293 2391 3361 accepit
2431 3292 2501 3346 ab
2532 3292 2691 3361 ipso;
2718 3290 2861 3357 Quid
2894 3304 3029 3344 vero
3063 3288 3213 3343 aliud
3245 3302 3343 3355 per
3374 3285 3491 3340 haec:

1908 3383 2201 3438 adumbrat
2228 3382 2505 3452 Spiritus?
2543 3382 2854 3437 sublimiori
2885 3381 3146 3435 nimirum
3181 3377 3493 3446 intelligen-

1910 3476 1981 3528 tia
2010 3474 2321 3545 signiﬁcare
2347 3474 2486 3537 vult,
2512 3474 2706 3543 utique
2744 3488 2958 3528 summa
2989 3480 3045 3526 et
3085 3470 3298 3532 intima,
3326 3467 3496 3522 verti-

1907 3582 2027 3621 cem
2053 3576 2109 3621 et
2127 3582 2251 3622 ossa
2279 3568 2447 3621 totius
2475 3566 2849 3621 concretionis
2893 3572 3104 3618 naturae
3126 3570 3362 3624 nostris;
3390 3559 3496 3612 hoc

1908 3667 2012 3721 est,
2067 3660 2241 3728 ipsam
2297 3668 2561 3716 mentem.
2625 3657 2799 3726 ipsam
2841 3654 3264 3714 conscientiam,
3319 3652 3493 3719 ipsam

1916 3748 2365 3817 dispositionem,
2398 3748 2574 3816 ipsam
2606 3746 3019 3816 cogitationem,
3062 3744 3233 3813 ipsam
3278 3739 3494 3796 amandi

1912 3841 2237 3911 potentiam,
2283 3848 2546 3909 tanquam
2590 3838 2868 3908 primitias
2902 3836 3074 3892 totius
3105 3833 3281 3890 nostri
3313 3832 3497 3887 homi-

1912 3932 2019 3995 nis,
2052 3932 2168 3986 Deo
2212 3938 2342 3985 ante
2373 3930 2559 3984 omnia
2596 3928 2803 3983 debere
2862 3942 2965 3982 nos
3004 3926 3224 3989 an‘erre,
3254 3933 3311 3979 et
3348 3924 3500 3979 velut

1914 4035 2125 4076 sacram
2154 4021 2339 4075 cordis
2368 4020 2542 4074 nostri
2575 4019 2778 4074 offerre
2806 4018 3107 4080 victimam,
3148 4016 3424 4087 primitias
3443 4024 3501 4071 et

1921 4112 2273 4168 summitates
2326 4112 2597 4166 bonarum
2646 4109 3069 4179 cogitationum,
3134 4107 3187 4161 in
3245 4105 3497 4161 eamdem

1920 4202 2017 4258 Dei
2079 4202 2404 4257 memoriam
2454 4210 2511 4255 et
2542 4200 2980 4261 meditationem,
3018 4197 3167 4252 omni
3197 4198 3303 4251 alia
3331 4211 3500 4250 occu—

1920 4292 2143 4361 patione
2176 4292 2442 4362 seposita,
2478 4291 2748 4345 vacantis.
2784 4290 2852 4344 Et
2881 4289 2961 4344 sic
2988 4303 3284 4357 possumus
3314 4288 3500 4356 quoti-

1922 4383 2013 4438 die
2039 4390 2397 4454 augmentum
2420 4391 2478 4437 et
2509 4380 2816 4451 profectum
2841 4379 3117 4448 accipere,
3157 4378 3330 4447 adjnti
3360 4393 3390 4431 a
3420 4376 3502 4431 di-

1888 4467 2053 4529 lvina
2109 4474 2313 4545 gratia;
2371 4481 2428 4527 et
2481 4485 2625 4526 onus
2666 4469 2896 4541 justiti:
2946 4467 3329 4522 mandatorum
3380 4468 3503 4521 leve

1923 4563 2088 4618 nobis
2120 4562 2428 4633 apparebit,
2462 4576 2603 4630 pure
2628 4569 2685 4615 et
2713 4556 3280 4628 irreprelicnsibiliter
3308 4571 3372 4611 ea
3404 4556 3505 4610 im-

1925 4654 2229 4726 plentibus,
2262 4660 2594 4722 cooperante
2646 4651 2714 4704 ad
2750 4649 2860 4704 hoc
2892 4648 3054 4703 nobis
3102 4648 3227 4718 ipso
3269 4647 3505 4702 Domino

1925 4763 2024 4816 per
2048 4754 2293 4799 nostram
2344 4744 2400 4797 in
2454 4742 2635 4812 ipsum
2670 4740 2853 4794 ﬁdem.
2904 4741 2981 4794 De
3030 4748 3329 4808 apparente
3375 4753 3507 4791 vero

1926 4836 2345 4897 exercitatione,
2384 4840 2439 4888 et
2472 4832 2749 4903 quodnam
2793 4831 3001 4885 bonum
3042 4831 3287 4884 studium
3332 4829 3509 4898 majus

1928 4931 2074 4984 inter
2099 4931 2285 4982 omnia
2312 4936 2368 4982 et
2391 4926 2629 4995 primum
2656 4924 2748 4987 sit,
2788 4922 2925 4977 illud
2967 4923 3186 4985 scitote,
3212 4921 3507 4975 dilectissi—

1930 5018 2026 5083 mi,
2049 5018 2261 5070 batrere
2286 5014 2673 5082 committique
2699 5013 2935 5067 invicem
2965 5011 3203 5065 virtutes
3221 5026 3433 5070 onmes,
3455 5017 3511 5062 et

1928 5124 2070 5168 nexu
2107 5107 2349 5177 pendere
2374 5112 2569 5159 mutuo
2592 5103 2875 5159 devinctas
2908 5117 3073 5157 unam
3106 5101 3176 5156 ab
3199 5101 3397 5165 altera,
3431 5101 3512 5155 sic

1928 5199 2330 5254 constituentes
2398 5209 2611 5250 sacram
2695 5191 2989 5263 quamdam
3041 5200 3097 5247 et
3166 5191 3513 5262 spiritualem

1933 5300 2204 5350 catenam,
2258 5287 2313 5339 in
2367 5300 2475 5354 qua
2524 5283 2701 5338 oratio
2760 5271 3037 5347 cbarita'ti,
3090 5280 3332 5336 cbaritas
3383 5294 3515 5345 gau-

1935 5380 2048 5443 dio,
2078 5376 2336 5447 gaudium
2368 5374 2815 5437 mansuetudini,
2838 5371 2995 5443 163
3018 5369 3385 5426 mansuetudo
3418 5367 3503 5421 Ιιιιυ

1935 5466 2175 5526 utilitati,
2220 5463 2505 5517 humilitas
2540 5459 2957 5525 ministrationi,
2996 5458 3334 5515 ministratio
3370 5454 3512 5525 spei.

1935 5572 2061 5627 spes
2093 5555 2240 5620 ﬁdei,
2265 5554 2401 5611 ﬁdes
2435 5553 2781 5617 obedientia,
2806 5550 3121 5607 obedientia
3144 5546 3514 5620 simplicitati,

1440 5744 1458 5766 ⁵
1485 5735 1652 5792 liebr.
1686 5751 1739 5801 ν,
1778 5736 1861 5789 Η.
1956 5735 1975 5764 ⁵
2018 5734 2034 5787 Ι
2063 5732 2189 5786 Cor.
2217 5748 2291 5794 γι,
2324 5732 2403 5784 l7.
2482 5732 2501 5761 '
2543 5730 2680 5783 Gen.
2709 5744 2817 5792 xlv,
2848 5727 2931 5791 l8,
