4254 6358
805 394 910 461 827

2074 388 2132 446 8.
2164 384 2481 447 MACARII
2520 383 2839 448 EGYPTII

3947 382 4062 447 898

804 505 1092 573 subjuncta
1121 504 1432 573 insertaque
1463 502 1830 558 connectitur.
1859 502 2011 557 Sicut
2035 518 2066 557 e
2096 501 2372 556 contrario
2401 505 2444 558 Α
2472 503 2484 550 1‘

2401 505 2444 558 Α
2472 500 2504 569 ὴ
2540 499 2753 570 ὑπακοὴ
2776 500 2882 553 ἀπὸ
2901 499 3001 568 τῆς
3029 500 3525 569 ἀπλότητος,”Ωσπε
3533 516 3565 567 ρ
3583 498 3678 552 καὶ
3697 497 3759 551 rh
3778 500 4060 564 ἐναντίον,

804 594 935 646 vitia
958 608 1179 662 quoque
1217 593 1358 648 inter
1385 609 1504 647 sese
1539 595 1863 663 junguntur,
1902 602 1959 646 et
1996 609 2062 647 ex
2090 608 2199 647 uno
2224 594 2371 647 aliud

805 685 1100 752 germinat;
1122 694 1249 753 puta
1268 686 1452 738 odium
1471 686 1538 737 ab
1562 686 1660 748 ira,
1678 686 1755 738 ira
1778 700 1807 737 a
1825 686 2371 754 superbia,superbia

806 788 834 825 a
854 790 990 827 vana
1012 776 1355 844 gloriatione,
1372 792 1507 829 vana
1531 776 1784 845 gloriatio
1803 776 1869 829 ab
1894 776 2232 837 inﬁdelitate,
2254 777 2374 829 inli-

807 865 1000 920 delitas
1022 883 1051 920 a
1074 868 1275 922 duritie
1297 869 1499 931 cordis,
1518 870 1749 924 durities
1771 870 1952 923 cordis
1973 885 2001 921 a
2022 868 2372 939 negligentia,

806 959 1135 1027 negligentia
1168 974 1199 1013 a
1231 960 1511 1027 languore,
1546 960 1775 1028 languor
1803 976 1833 1013 a
1863 960 2245 1027 despicientia,
2275 960 2373 1013 de-

807 1050 1091 1117 Spicientia
1126 1067 1154 1103 a
1178 1050 1417 1119 pigritia,
1450 1051 1666 1119 pigritia
1700 1066 1729 1102 a
1757 1050 2226 1118 pusillanimitate,
2271 1066 2374 1118 pu-

808 1141 1151 1195 sillanimitas
1178 1144 1245 1195 ab
1270 1158 1454 1195 amore
1483 1142 1797 1211 voluptatis,
1826 1143 1975 1195 etsic
1996 1142 2099 1195 alia
2136 1143 2375 1195 membra

810 1233 1029 1286 malitia:
1063 1248 1325 1301 suspensa
1356 1248 1601 1301 nexaque
1641 1233 1937 1285 trahuntur
1963 1234 2219 1287 invicem.
2252 1233 2375 1285 Pari

806 1325 1059 1389 exemplo
1080 1330 1241 1385 atque
1265 1323 1319 1373 in
1343 1331 1496 1388 parte
1522 1321 1733 1375 meliori
1762 1321 1994 1374 virtutes
2018 1337 2080 1374 ex
2101 1336 2157 1374 se
2188 1332 2376 1374 mutuo

810 1412 1250 1480 pendentL‘aput
1268 1426 1395 1465 vero
1408 1412 1626 1465 virtutis
1637 1412 1879 1465 omniset
1892 1421 2377 1478 supremusvertex

810 1504 1405 1571 operumlaudabilium
1422 1511 1505 1556 est
1520 1511 1773 1556 constans
1793 1503 1845 1553 in
1868 1503 2113 1555 oratione
2134 1518 2379 1571 perseve-

812 1595 1006 1655 rantia,
1029 1609 1295 1661 perquam
1310 1595 1547 1661 reliquas
1561 1608 1777 1661 quoque
1791 1593 2023 1646 virtutes
2036 1595 2186 1647 aDeo
2205 1594 2378 1647 conti-

811 1701 917 1738 nua
933 1686 1194 1752 petitione
1220 1688 1533 1753 impetratas
1554 1686 1785 1754 adipisci
1802 1685 2047 1753 quotidie
2061 1701 2373 1753 possumus.

880 1774 971 1827 ΙΧ.
1012 1775 1127 1828 Nisi
1163 1776 1463 1838 humilitas,
1510 1784 1566 1828 et
1592 1775 1935 1843 simplicitas,
1974 1783 2029 1827 et
2069 1775 2376 1845 benignitas

812 1874 1043 1917 exornet
1066 1879 1185 1927 nos,
1220 1865 1442 1918 habitus
1468 1866 1737 1919 orationis
1768 1866 1902 1918 nihil
1936 1865 2094 1918 nobis
2111 1866 2373 1934 proderit.

813 1955 930 2009 Non
962 1956 1138 2008 solum
1194 1965 1375 2009 autem
1412 1957 1464 2009 id
1516 1956 1582 2009 de
1611 1959 1856 2011 oratione
1901 1957 2160 2021 dicimus,
2194 1957 2287 2011 sed
2322 1965 2379 2010 et

813 2044 879 2098 de
903 2046 1096 2113 quavis
1126 2047 1230 2099 alia
1261 2047 1612 2099 contentione
1640 2055 1696 2101 ct
1724 2047 1931 2110 labore,
1970 2049 2084 2100 sive
2119 2048 2171 2100 in
2209 2048 2378 2116 virgi-

813 2137 1005 2189 uitatis
1060 2138 1346 2199 custodia,
1384 2138 1437 2190 in
1493 2138 1747 2206 precibus
1804 2138 2119 2202 recitandis,
2159 2138 2214 2191 in
2274 2138 2379 2192 alia

813 2227 1056 2294 qualibet
1089 2242 1395 2281 :erumnosa
1437 2226 1719 2281 functione
1752 2228 1973 2282 virtutis
2002 2244 2163 2282 causa
2198 2245 2379 2283 susce-

814 2327 938 2384 pta;
962 2318 1066 2371 nisi
1095 2318 1306 2371 fructus
1328 2318 1634 2381 charitatis,
1671 2319 1841 2387 pacis,
1876 2320 2084 2389 gaudii,
2120 2335 2377 2373 mansue-

818 2408 1047 2469 tudinis,
1093 2408 1441 2470 humilitatis,
1472 2408 1861 2476 simplicitatis,
1911 2409 2377 2478 sinceritatisque,

817 2503 966 2565 lidei,
998 2503 1425 2571 longanimitatis
1449 2503 1679 2556 candide
1716 2504 1771 2556 in
1798 2504 1956 2557 nobis
1979 2503 2111 2572 ipsis
2137 2504 2379 2571 reperia-

816 2611 960 2655 mus,
1025 2593 1080 2646 in
1141 2609 1341 2646 vanum
1398 2604 1453 2646 et
1480 2609 1709 2647 vacuum
1750 2594 1920 2647 nostri
1958 2594 2175 2647 labores
2211 2594 2382 2647 susci-

816 2684 1073 2752 piuntur;
1107 2684 1287 2737 omnis
1340 2684 1487 2738 enim
1515 2686 1617 2739 ista
1656 2687 1975 2739 exercitatio
2007 2696 2065 2739 et
2104 2685 2381 2740 contentio

818 2786 1043 2844 propter
1074 2776 1175 2829 hos
1209 2774 1419 2829 fructus
1453 2777 1652 2844 suscipi
1704 2777 1887 2831 debet.
1924 2777 2103 2842 Quare
2132 2777 2219 2830 his
2268 2776 2381 2829 fru-

817 2868 997 2921 ctibus
1023 2883 1132 2921 non
1176 2867 1622 2935 comparentibus
1656 2869 1796 2920 intra
1840 2883 1959 2927 nos,
1988 2868 2292 2921 frustranea
2329 2875 2385 2921 et

820 2958 974 3010 irrita
1009 2957 1100 3009 illa
1141 2958 1322 3010 omnis
1358 2956 1461 3010 fuit
1496 2958 1767 3026 operatio,
1829 2958 2095 3026 adeoque,
2140 2958 2233 3026 qui
2267 2957 2383 3011 sine

822 3046 907 3099 his
939 3054 1258 3113 operantur,
1292 3046 1495 3098 similes
1541 3046 1594 3098 in
1635 3045 1721 3099 die
1750 3047 1939 3116 judicii
1971 3046 2383 3115 deprehenden-

2472 592 2555 656 ἐφ’
2588 592 2706 653 ἐνὸς
2729 592 2794 643 τὰ
2816 592 2959 643 κακά
2975 592 3270 645 ἐκδίδονται
3289 609 3303 623 ·
3337 592 3398 644 τὸ
3423 595 3576 661 μῖσος
3600 592 3707 645 ἀπὸ
3729 591 3824 643 τοῦ
3846 591 4059 661 θυμοῦ,

2472 681 2499 731 ὁ
2521 680 2685 749 θυμὸς
2712 683 2817 734 ἀπὸ
2845 684 2941 735 ὐπε
2954 683 3240 751 ρηφανίας,
3264 685 3296 750 ή
3324 684 3668 751 ὑπερηφανία
3692 682 3797 735 ἀπὸ
3824 682 3931 749 τῆς
3965 700 4065 733 κε-

2473 772 2727 837 νοδοξίας,
2758 776 2789 842 ή
2825 774 3096 836 κενοδοξία
3137 774 3243 827 ἀπὸ
3291 775 3390 841 τῆς
3428 774 3707 836 ἀπιστίας,
3758 776 3791 842 ή
3822 773 4065 826 ἀπιστία

2474 864 2582 915 ἀπὸ
2634 864 2734 930 τῆς
2786 865 3237 933 σκληροκαρδίας,
3276 868 3308 935 ὴ
3366 865 3768 934 σκληροκαρδία
3798 865 3910 917 ἀπὸ
3953 866 4064 931 τῆς

2474 954 2750 1022 ἀμελείας,
2775 958 2807 1023 ή
2840 957 3065 1025 ἀμέλεια
3094 958 3201 1009 ἀπὸ
3226 960 3325 1027 τῆς
3350 956 3693 1026 χαυνώσεως,
3715 958 3747 1026 ή
3777 958 4066 1025 χαύνωσις

2475 1048 2583 1099 ἀπὸ
2612 1049 2709 1115 τῆς
2756 1048 3066 1118 ὀλιγωρίας,
3107 1050 3140 1118 ή
3171 1048 3431 1119 ὀλιγωρία
3464 1048 3570 1101 ἀπὺ
3597 1049 3695 1117 τῆς
3726 1048 3991 1117 ἀκηδίας,
4032 1050 4065 1117 ἡ

2476 1138 2673 1206 ἀκηδία
2699 1139 2805 1190 ἀπὸ
2832 1138 2931 1207 τῆς
2960 1139 3345 1208 μικροψυχίας,
3377 1142 3410 1210 ἡ
3445 1140 3779 1209 μικροψυχία
3810 1140 3924 1192 ἀπὸ
3960 1140 4065 1209 τῆς

2478 1228 2807 1296 φιληδονίας,
2834 1229 2928 1281 καὶ
2958 1229 3026 1281 τά
3059 1229 3222 1282 λοιπά
3256 1232 3394 1300 μέρη
3435 1231 3533 1299 τῆς
3564 1230 3763 1292 κακίας
3800 1230 4066 1298 ἀλλήλων

2477 1318 2615 1369 είσὶν
2664 1318 3073 1387 ἐκκρεμάμενα.
3123 1318 3309 1381 Οὕτως
3353 1321 3410 1371 ἐν
3443 1319 3520 1387 τῷ
3567 1319 3755 1387 ἀγαθῷ
3803 1320 3972 1387 μέρει
4006 1320 4064 1370 αί

2478 1407 2671 1477 ἀρεταί
2704 1409 2841 1461 εἰσιν
2864 1410 3270 1479 ἀπηρτημέναι.
3298 1412 3520 1479 Κεφαλὴ
3548 1413 3603 1464 δὲ
3639 1414 3817 1481 πάσης
3846 1413 4064 1481 ἀρετῆς

2478 1500 2572 1551 καὶ
2601 1500 2809 1571 κορυφὴ
2842 1500 2949 1553 τῶν
3000 1502 3440 1571 κατορθωμάτων
3473 1506 3619 1555 ἐστὶν
3654 1505 3685 1571 ἡ
3738 1505 4063 1571 προσευχῆς

2480 1592 2971 1661 προσκαρτέρησις,
3004 1592 3072 1644 δι’
3113 1587 3179 1662 ἦς
3228 1595 3319 1645 καὶ
3358 1593 3457 1656 τάς
3504 1593 3695 1655 λοιπάς
3731 1596 3938 1659 ἀρετάς
3968 1595 4063 1646 διὰ

2478 1682 2575 1751 τῆς
2594 1684 2740 1751 παρά
2765 1684 2898 1735 Θεοῦ
2921 1685 3186 1752 αἰτήσεως
3202 1686 3467 1754 ὁσημέραι
3492 1684 3721 1737 κτᾶσθαι
3744 1684 4057 1753 δυνάμεθα.

2549 1774 2625 1825 8'.
2682 1772 2808 1824 Ἐὰν
2864 1773 2937 1842 μή
2982 1774 3536 1843 ἡταπεινοφροσύνη,
3583 1776 3676 1826 καὶ
3706 1778 3738 1843 ή
3785 1775 4058 1841 ἁπλότης,

2481 1862 2573 1916 καὶ
2602 1864 2634 1933 ἡ
2665 1862 2957 1932 άγαθότης,
3001 1865 3395 1933 κατακοσμήσῃ
3436 1865 3601 1932 ήμᾶς,
3635 1864 3695 1916 τὸ
3730 1864 3917 1933 σχῆμα
3949 1865 4059 1932 τῆς

2478 1955 2641 2023 εὐχῆς
2668 1955 2814 2022 ἡμᾶς
2855 1955 3005 2007 οὐδὲν
3050 1954 3344 2024 ὠφελήσει.
3378 1956 3452 2008 Οὐ
3487 1956 3646 2025 μόνον
3689 1956 3745 2007 δέ
3791 1957 3921 2025 περὶ
3952 1956 4056 2023 τῆς

2480 2046 2645 2113 εὐχῆς
2674 2045 2923 2114 λέγομεν,
2978 2045 3111 2098 ἀλλά
3160 2047 3252 2098 καὶ
3302 2048 3428 2116 περὶ
3466 2046 3667 2106 παντὸς
3698 2048 3971 2115 καμάτου,
4020 2047 4053 2114 ἢ

2479 2136 2665 2196 πόνου,
2698 2135 2728 2203 ἢ
2760 2136 3073 2205 παρθενίας,
3108 2136 3139 2205 ἢ
3170 2136 3353 2205 εὐχῆς,
3383 2136 3413 2206 ἢ
3444 2137 3759 2201 οἰουδήποτε
3799 2138 4053 2205 καμάτου

2480 2225 2575 2278 καὶ
2615 2226 2871 2295 ἐργασίας
2904 2226 3101 2295 ἀρετῆς
3132 2226 3316 2278 ’ἐνεκεν
3344 2226 3791 2295 ἐπιτελουμένου·
3834 2226 3932 2278 ἐάν
3978 2228 4053 2296 μὴ

2480 2317 2606 2378 τοὺς
2651 2318 2895 2385 καρποὺς
2943 2317 3043 2384 τῆς
3088 2318 3307 2385 ἀγάπης
3340 2302 3432 2369 καί
3479 2319 3703 2387 εἰρήνης
3746 2319 3839 2369 καὶ
3876 2320 4053 2386 χαρᾶς

2482 2409 2576 2459 καὶ
2614 2408 2915 2479 πραότητος
2959 2410 3050 2461 καὶ
3080 2411 3482 2480 ταπεινότητος,
3520 2410 3823 2479 ἀπλότητός
3860 2427 3922 2462 τε
3958 2410 4054 2461 καὶ

2483 2499 2828 2567 ἀφελότητος,
2872 2500 3104 2563 πίστεως
3137 2502 3229 2551 καὶ
3264 2500 3668 2571 μακροθυμίας,
3700 2502 3949 2569 ἀφθόνως
3998 2502 4054 2552 ἐν

2484 2592 2694 2650 ἑαυτοῖς
2752 2589 3095 2658 εὑρίσκομεν,
3160 2591 3282 2659 εἰκῆ
3350 2593 3442 2644 καί
3504 2592 3679 2659 μάτην
3708 2594 3756 2643 οἰ
3815 2595 4053 2661 κάματοι

2486 2683 2640 2751 ήμῶν
2671 2684 2925 2749 γεγόνασι
2946 2700 2960 2714 ⁵
2997 2684 3029 2751 ή
3064 2685 3211 2735 πᾶσα
3247 2684 3358 2751 γὰρ
3389 2684 3570 2752 ἐκείνη
3603 2685 3853 2753 ἐργασία,
3878 2686 3973 2737 καὶ
4006 2686 4053 2735 oi.

2486 2776 2720 2843 κάματοι
2746 2775 2833 2827 διὰ
2862 2775 2986 2836 τοὺς
3018 2777 3263 2841 καρποὺς
3302 2776 3544 2842 γίνεσθαι
3592 2776 3885 2842 ὀφείλουσι.
3935 2776 4053 2826 Τῶν

2486 2867 2541 2917 δὲ
2576 2865 2802 2935 καρπῶν
2832 2866 2927 2933 τῆς
2947 2867 3163 2933 ἀγάπης
3186 2867 3279 2917 καὶ⁵
3310 2867 3526 2934 εἰρήνης
3552 2865 3623 2933 μὴ
3649 2866 4055 2934 εὑρισκομένων

2488 2958 2546 3009 ἐν
2579 2958 2727 3025 ήμῖν,
2755 2956 2876 3024 εἰκῆ
2915 2958 3008 3009 καὶ
3054 2957 3226 3027 μάτην
3262 2957 3294 3025 ή
3325 2956 3418 3025 ὅλη
3470 2956 3699 3025 ἐργασία
3732 2957 3961 3023 γίνεται.
3994 2959 4053 3009 Ui

2492 3049 2598 3116 γὰρ
2627 3047 2794 3115 χωρὶς
2833 3048 3037 3099 τούτων
3064 3047 3417 3116 ἐργαζόμενοι
3447 3048 3587 3099 κατὰ
3609 3048 3707 3109 τάς
3748 3048 3911 3099 πέντε
3948 3066 4056 3116 μω.

822 3144 912 3188 tur
939 3136 1106 3188 fatuis
1159 3136 1404 3203 quinque
1454 3137 1756 3205 virginibus
1791 3138 1833 3199 ⁷,
1876 3153 2017 3206 quae,
2071 3138 2215 3206 quod
2260 3138 2455 3198 hinec
2496 3162 2502 3205 ι

2372 3152 2387 3190 :
2413 3142 2455 3198 C
2496 3137 2591 3205 ράς
2620 3138 2921 3207 παρθένους
2947 3139 3003 3189 ἐν
3033 3139 3214 3207 ἡμέρᾳ
3243 3139 3479 3207 κρίσεως
3506 3140 3937 3200 ἀποδείκνυνται,
3972 3139 4052 3191 αῖ-

824 3242 930 3279 ηοη
962 3234 1334 3292 asportassent
1361 3226 1415 3278 in
1454 3228 1599 3279 vasis
1648 3226 1830 3279 cordis
1863 3227 2148 3292 spirituale
2182 3228 2385 3289 oleum,

822 3332 932 3384 quo
987 3317 1139 3383 prius
1184 3326 1500 3369 memorata:
1548 3317 1778 3370 virtutes
1811 3316 2190 3386 designantur,
2229 3318 2390 3373 fatuae

824 3408 1116 3461 nominata:
1134 3416 1280 3470 sunt,
1300 3417 1355 3460 et
1379 3408 1652 3476 spirituali
1686 3410 1837 3477 regni
1867 3410 2103 3462 thalamo
2132 3410 2389 3465 exclusze.

822 3498 1116 3567 Laborque
1154 3499 1507 3568 virginitatis,
1542 3509 1763 3568 propter
1797 3500 2072 3553 delectum
2100 3503 2389 3566 virtutum,

822 3601 880 3643 ct
919 3590 1281 3657 privationem
1329 3590 1630 3643 manifesta:
1678 3590 2093 3645 inbabitationis
2133 3591 2389 3659 Spiritus,

824 3698 924 3753 pro
956 3683 1129 3736 nihilo
1153 3691 1438 3751 reputatus
1481 3691 1584 3735 est.
1627 3682 1780 3735 Sicut
1812 3683 1957 3735 enim
1986 3683 2039 3735 in
2065 3684 2276 3736 cultura
2310 3686 2393 3736 vi-

824 3790 941 3827 nea:
975 3774 1155 3826 omnis
1197 3773 1467 3825 industria
1513 3780 1569 3825 et
1599 3772 1754 3825 labor
1784 3772 1851 3824 ad
1890 3773 2165 3827 fructuum
2208 3789 2393 3841 perce-

824 3864 1069 3931 ptionem
1095 3864 1368 3928 refertur;
1398 3878 1519 3931 quae
1548 3863 1592 3916 si
1624 3862 1843 3916 demum
1873 3863 2045 3927 fallat,
2067 3879 2176 3917 non
2200 3881 2391 3933 reper-

826 3954 897 4007 tis
938 3955 1058 4006 uvis
1094 3954 1147 4005 in
1185 3954 1313 4015 vite,
1358 3953 1724 4021 nequidquam
1760 3962 1817 4006 et
1858 3953 1975 4007 sine
2010 3968 2190 4021 operae
2216 3954 2393 4022 pretio

824 4044 1171 4098 existimatur
1198 4043 1496 4096 desudasse
1546 4043 1779 4107 vinitor;
1825 4043 1896 4095 ita
1928 4043 2031 4097 nisi
2074 4059 2171 4111 per
2202 4059 2394 4113 opera-

824 4135 1031 4189 tionem
1092 4133 1332 4201 Spiritus
1385 4133 1557 4187 sancti
1602 4132 1814 4187 fructus
1869 4134 2169 4197 charitatis,
2217 4135 2390 4203 pacis,

824 4222 1029 4291 gaudii,
1076 4222 1422 4285 humilitatis,
1470 4221 1815 4290 aliorumque
1861 4232 2302 4276 enumeratorum
2326 4223 2394 4277 ab

828 4313 1089 4380 Apostolo
1140 4312 1411 4365 donorum
1463 4311 1505 4373 ⁸,
1589 4311 1643 4363 in
1714 4312 1863 4364 omni
1924 4311 2255 4364 certitudine
2331 4326 2395 4365 ac

824 4418 992 4457 scnsu
1020 4402 1291 4470 spirituali
1326 4402 1380 4454 in
1408 4401 1567 4455 nobis
1612 4402 1744 4471 ipsis
1778 4417 2157 4469 agnoscamus,
2192 4402 2393 4455 frustra

826 4494 1239 4548 contentionem
1286 4492 1641 4561 virginitatis,
1703 4493 1990 4557 orationis,
2057 4493 2391 4561 psalmodiae,

823 4583 1018 4651 jejunii
1064 4589 1119 4635 et
1149 4581 1455 4649 vigiliarum
1493 4581 1735 4635 laborem
1766 4582 2072 4651 suscepisse
2108 4582 2399 4637 convince-

830 4693 974 4730 mur.
1036 4675 1101 4729 lli
1162 4676 1365 4744 quippe
1419 4676 1637 4729 labores
1665 4677 1860 4730 anima:
1902 4692 1965 4731 ac
2006 4679 2277 4746 corporis,
2303 4694 2398 4746 spe

831 4766 1201 4835 spiritualium
1232 4767 1501 4835 ejusmodi
1544 4766 1823 4821 fructuum
1869 4770 2111 4821 exerceri
2151 4768 2396 4823 dehent:

827 4857 1072 4925 Spiritus
1095 4872 1227 4909 vero
1258 4856 1311 4908 in
1342 4855 1648 4909 virtutibus
1686 4856 2059 4922 fructiﬁcatio,
2096 4858 2285 4911 fruitio
2319 4868 2402 4913 est

829 4946 1137 5014 spiritualis
1196 4946 1251 4999 in
1291 4946 1569 5014 voluptate
1624 4947 1972 5016 incorrupta,
2027 4947 2083 5000 in
2141 4949 2402 5003 cordibus

834 5038 1093 5091 ﬁdelibus
1143 5037 1465 5106 operatione
1516 5037 1756 5105 Spiritus
1790 5038 1961 5092 sancti
2019 5039 2290 5093 animatis.
2342 5039 2401 5092 In

835 5126 1006 5179 multa
1047 5126 1336 5198 siquidem
1390 5126 1725 5181 discretione
1769 5127 2093 5196 prudentiae,
2135 5130 2400 5197 operatio,

836 5216 1075 5278 labores,
1107 5226 1162 5269 et
1182 5230 1437 5270 aerumnae
1462 5224 1689 5280 naturae,
1712 5217 2095 5271 existimentur
2112 5232 2207 5286 per
2240 5218 2401 5272 (idem

834 5319 893 5362 et
927 5324 1078 5377 spem
1108 5324 1138 5361 a
1174 5316 1362 5361 sancto
1396 5306 1603 5375 Spiritu
1637 5307 1721 5371 iis,
1746 5309 1839 5375 qui
1872 5308 2021 5377 digni
2052 5316 2202 5371 sunt,
2223 5308 2403 5362 eﬂica-

836 5398 976 5452 citer
1033 5398 1214 5451 inditi.
1268 5398 1476 5451 Bonum
1530 5408 1615 5451 est
1649 5400 1947 5469 jejunium,
1998 5399 2139 5452 bona
2189 5400 2403 5467 vigilia;

839 5490 980 5544 bona
1011 5490 1134 5561 fuga
1165 5492 1353 5559 patria:
1392 5499 1447 5545 et
1474 5492 1911 5545 conversationis
1940 5490 2192 5560 humanae
2226 5492 2279 5543 in
2316 5506 2407 5544 so-

840 5582 1093 5635 litudine.
1122 5581 1228 5636 Sed
1259 5581 1373 5637 haec
1396 5581 1496 5637 ﬂos
1524 5583 1641 5652 ipse
1668 5598 1734 5635 ac
1760 5583 1912 5652 vigor
1940 5590 2068 5640 sunt
2108 5598 2406 5638 conversa-

918 5768 926 5785 λ
970 5759 1154 5812 Matth.
1188 5778 1311 5823 xxv,
1340 5761 1389 5814 8.
1470 5761 1489 5791 ⁸
1528 5761 1700 5815 Galat.
1740 5777 1785 5815 ι’.
1816 5758 1902 5811 ‘29..

2490 3247 2635 3289 τινες
2665 3229 2754 3280 διὰ
2780 3229 2839 3280 τδ
2886 3229 2957 3298 μὴ
2992 3229 3239 3282 ἐντεῦθεν
3268 3230 3706 3298 ἀποκομίσασθαι
3738 3232 3795 3282 ἐν
3824 3233 3936 3293 τοῖς
3960 3233 4053 3295 τῆς

2492 3320 2716 3389 καρδίας
2760 3321 3000 3387 ἀγγείοις
3031 3323 3090 3373 τὸ
3134 3322 3497 3387 πνευματικὸν
3533 3322 3728 3387 ἔλαιον,
3773 3324 3909 3389 ὅπερ
3942 3324 4053 3375 ἐστὶ

2491 3413 2601 3463 τῶν
2659 3414 3072 3481 προειρημένων
3127 3414 3358 3482 ἀρετῶν,
3412 3416 3587 3483 μωραὶ
3638 3414 4049 3485 ὠνομάσθησαν,

2493 3501 2703 3554 καὶτοῦ
2738 3503 3109 3569 πνευματικοῦ
3149 3504 3248 3570 τῆς
3306 3504 3579 3572 βασιλείας
3625 3507 3911 3574 νυμφῶνος
3952 3509 4052 3559 ἀπ-

2493 3592 2870 3657 εκλείσθησαν.
2920 3593 3028 3644 Καὶ
3056 3596 3083 3643 ὁ
3111 3593 3209 3661 τῆς
3240 3594 3537 3662 παρθενίας
3566 3596 3811 3664 κάματος
3841 3596 3925 3649 διὰ
3953 3597 4053 3648 τῶν

2493 3684 2700 3751 ἀρετῶν
2729 3684 2961 3751 ἔλλειψιν
3005 3686 3097 3737 καὶ
3129 3685 3380 3753 στέρησιν
3411 3687 3507 3754 τῆς
3547 3688 3810 3756 ἐναργοῦς
3847 3689 4055 3757 ἐνοική-

2495 3792 2631 3835 σεως
2661 3775 2753 3826 τοῦ
2783 3775 3114 3844 Πνεύματος.
3139 3779 3215 3837 εἰς
3238 3778 3388 3829 οὐδὲν
3415 3777 3687 3847 ἐλογίσθη.
3717 3779 3925 3849 Ὠσπερ
3952 3782 4051 3850 γάρ

2494 3868 2551 3918 ἐν
2584 3868 2648 3934 τῇ
2674 3867 2916 3936 γεωργίᾳ
2945 3867 3043 3935 τῆς
3080 3868 3325 3934 ἀμπέλου
3359 3871 3505 3919 πᾶσα
3533 3870 3820 3937 ἐπιμέλεια
3850 3872 3942 3922 καὶ
3971 3872 4052 3925 διὰ

2494 3956 2592 4022 τὴν
2631 3956 2737 4005 τῶν
2780 3956 3008 4023 καρπῶν
3041 3958 3338 4008 ἀπόλαυσιν
3372 3959 3599 4022 γίνεται,
3640 3960 3867 4028 καρπῶν
3896 3960 3951 4012 δὲ
3984 3962 4049 4028 μή

2495 4046 2895 4114 εὑρισκομένων
2939 4047 2997 4097 ἐν
3036 4046 3100 4114 τῆ
3145 4048 3372 4115 ἀμπέλῳ
3402 4048 3519 4116 είκῆ
3568 4049 3660 4099 καὶ
3702 4050 3879 4116 μάτην
3911 4052 4050 4101 πᾶσα

2496 4139 2794 4205 ἐμπόνησις
2828 4137 2923 4203 τῆς
2954 4136 3213 4203 ἐργασίας
3242 4138 3483 4202 γίνεται*
3528 4136 3698 4198 οὕτως
3727 4136 3820 4188 ἐὰν
3859 4139 3932 4205 μὴ
3968 4138 4046 4189 διὰ

2494 4229 2593 4295 τῆς
2624 4229 2899 4296 ἐνεργείας
2947 4227 3040 4278 τοῦ
3092 4227 3403 4293 Πνεύματος
3437 4229 3681 4296 καρποὺς
3712 4229 3929 4295 ἀγάπης
3964 4230 4051 4281 καὶ

2497 4319 2716 4386 εἰρήνης
2740 4318 2833 4369 καὶ
2860 4317 3033 4385 χαρᾶς
3062 4317 3155 4366 καί
3175 4315 3570 4376 ταπεινώσεως,
3602 4318 3693 4367 καὶ
3723 4317 3830 4367 τῶν
3858 4317 4053 4371 λοιπῶν

2498 4407 2647 4477 παρά
2680 4408 2759 4477 τῷ
2803 4407 3107 4475 Ἀποστόλῳ
3148 4406 3416 4475 ῥηθέντων
3454 4408 3511 4457 ἐν
3541 4406 3685 4476 πάσῃ
3720 4407 4053 4477 πληροφορίᾳ

2503 4502 2592 4551 καὶ
2645 4499 2894 4567 αἰσθήσει
2945 4500 3284 4566 πνευματικῇ
3337 4499 3394 4547 ἐν
3462 4498 3670 4557 ἑαυτοῖς
3726 4497 4050 4565 ἐπιγνῶμεν,

2498 4590 2619 4657 εἰκῆ
2646 4590 2673 4641 ὁ
2700 4589 2797 4657 τῆς
2828 4586 3123 4656 παρθενίας
3146 4588 3405 4653 κάματος,
3438 4589 3530 4639 καὶ
3556 4586 3739 4656 εὐχῆς,
3774 4592 3862 4638 καὶ
3880 4588 4051 4656 ψαλμ-

2499 4678 2683 4745 ῳδίας,
2729 4676 2979 4743 νηστείας
3023 4692 3081 4726 τε
3132 4675 3227 4727 καὶ
3260 4676 3564 4743 ἀγρυπνίας
3610 4678 3638 4727 ὁ
3679 4677 3835 4737 πόνος
3866 4678 3943 4738 εἰς
3972 4678 4051 4728 οὐ.

2499 4767 3011 4834 δὲνηάποδείκνυται.
3048 4759 3208 4818 Οὗτοι
3240 4766 3346 4832 γὰρ
3374 4766 3422 4816 oi
3454 4766 3601 4817 πόνοι
3632 4765 3806 4833 ψυχῆς
3838 4768 3925 4817 καὶ
3960 4766 4051 4817 σώ-

2506 4875 2673 4925 ματος
2704 4858 2790 4910 ἐπ’
2821 4857 2993 4909 ἐλπίδι
3027 4855 3408 4923 πνευματικῶν
3439 4855 3663 4921 καρπῶν
3702 4857 4051 4908 ἐπιτελεῖσθαι

2498 4948 2799 5014 ὀφείλουσιν
2821 4964 2834 4977 ο
2862 4950 2892 5012 ή
2922 4947 2975 4998 δὲ
2999 4947 3090 4998 τοῦ
3116 4946 3428 5015 Πνεύματος
3458 4946 3515 4997 ἐν
3542 4948 3660 5006 ταῖς
3689 4947 3906 5013 ἀρεταῖς
3932 4965 4053 5014 καρ-

2504 5037 2740 5106 ποφορία
2770 5035 3065 5097 ἀπόλαυσίς
3104 5037 3217 5087 ἐστι
3271 5034 3612 5103 πνευματικὴ
3662 5036 3718 5085 ἐν
3753 5035 3908 5103 ήδονῇ
3959 5037 4052 5103 ὰφ-

2502 5128 2705 5197 θάρτῳ,
2727 5130 2784 5178 ἐν
2813 5126 3062 5195 καρδίαις
3085 5128 3322 5189 πισταῖς,
3349 5125 3452 5176 ὐπὸ
3469 5124 3561 5176 τοῦ
3588 5124 3895 5192 Πνεύματος
3916 5126 4053 5195 ἐνερ-

2502 5218 2792 5287 γουμέναις
2814 5233 2827 5246 ’
2860 5219 2916 5267 ἐν
2944 5216 3106 5285 πολλῇ
3135 5215 3242 5285 γὰρ
3270 5216 3535 5284 διακρίσει
3562 5217 3823 5277 συνέσεως
3850 5219 3880 5284 ή
3904 5218 4055 5285 ἐργα-

2505 5309 2596 5361 σία
2628 5309 2720 5361 καὶ
2768 5308 2922 5368 πόνος
2959 5310 3050 5358 καὶ
3081 5308 3313 5373 κάματοι
3343 5306 3445 5372 τῆς
3488 5306 3700 5373 φύσεως
3731 5304 4051 5373 ἡγείσθωσαν

2504 5400 2591 5450 διά
2636 5399 2871 5460 πίστεως
2901 5398 2997 5449 καὶ
3029 5397 3241 5459 ἐλπίδος
3272 5396 3380 5449 ἀπὸ
3422 5396 3514 5449 τοῦ
3559 5396 3714 5463 ἁγίου
3756 5397 4052 5465 [Ινεύματος

2506 5492 2614 5552 τοῖς
2656 5489 2826 5553 ἀξίοις
2872 5488 3271 5559 ἐνεργούμενοι.
3305 5487 3483 5540 Καλόν
3523 5488 3670 5539 ἐστιν
3696 5490 3729 5555 ή
3759 5489 3993 5554 νηστεία,
4023 5491 4049 5546 ἠ

2508 5581 2807 5651 ἀγρυπνία,
2845 5582 2878 5649 ὴ
2914 5580 3173 5645 ξενιτεία·
3228 5577 3364 5631 ἀλλά
3394 5576 3565 5633 ταῦτα
3608 5578 3759 5648 ἀκμὴ
3802 5579 4054 5641 πολιτείας
