4254 6358
227 368 341 435 829

1336 376 1562 438 LIBER
1602 378 1699 439 DE
1737 379 2105 442 CUSTODlA
2146 379 2443 443 CORDIS.

3392 393 3498 458 830

226 484 382 537 ἐστὶν
411 482 623 552 ἀγαθῆς
649 499 661 511 '
710 482 850 556 πλὴν
896 484 929 554 ἡ
958 484 1110 549 τάξις
1156 486 1265 541 τῶν
1293 490 1651 558 ’Χριστιανῶν
1678 491 1816 546 ἐσω-

1892 544 1894 551 .
1923 492 2093 549 tionis
2124 493 2304 550 bonae.
2334 494 2606 550 Ceterum
2641 494 2778 551 ordo
2794 495 3237 555 Christianorum
3265 501 3497 561 interior

223 576 364 644 τέρα
396 573 514 627 ἐστὶ
555 573 781 636 τούτων,
828 576 921 628 καὶ
957 577 1058 629 οὐκ
1095 577 1301 645 ὀφείλει
1336 597 1418 642 τις
1467 581 1560 635 ἐπὶ
1600 582 1809 646 τούτοις

222 666 329 736 τὴν
372 664 698 735 πεποίθησιν
745 665 890 735 ἐχειν
940 668 1035 723 καὶ
1068 668 1273 739 μόνοις.
1307 671 1605 741 Συμσαίνει
1631 674 1687 727 δέ
1730 675 1813 728 ότι

223 757 335 810 elei
380 774 528 819 τινες
572 758 795 827 χάριτος
846 759 1091 830 μέτοχοιο
1140 763 1234 815 καὶ
1262 765 1295 833 ἡ
1348 766 1517 819 κακία
1548 766 1628 819 ἐτι
1677 762 1813 821 οὖσα

222 849 571 919 τεχνάζεται,
603 848 698 900 καὶ
722 854 1045 923 παραχωρεῖ
1074 853 1295 917 ἑκοῦσα,
1321 857 1417 909 καὶ
1449 858 1549 911 οὐκ
1576 859 1807 929 ἐνεργεί,

222 940 362 993 ἀλλά
394 941 540 993 ποιεῖ
571 939 788 1009 νομίσαι
815 941 909 994 τὸν
937 943 1246 1014 ἄνθρωπον,
1287 947 1369 999 ὅτι
1417 947 1754 1019 ἐκαθαρίσθη
1780 951 1810 1005 ό

223 1035 351 1099 νοῦς
375 1036 540 1089 αὑτοῦ
560 1051 573 1065 ·
607 1036 700 1090 καὶ
729 1036 913 1089 λοιπὸν
937 1037 1096 1107 φέρει
1122 1036 1292 1109 αὐτὴν
1316 1040 1515 1109 οῐησιν,
1567 1041 1649 1095 ὃτι
1675 1042 1811 1111 Χριο

225 1127 445 1188 στιανός
480 1128 595 1197 ειμι
626 1126 851 1193 τέλειος,
884 1126 980 1181 καὶ
1013 1127 1151 1197 μετά
1180 1129 1375 1196 ταῦτα,
1409 1131 1537 1185 ὅταν
1557 1133 1754 1207 νομίσῃ
1780 1136 1810 1189 ό

222 1213 536 1284 ἄνθρωπος,
572 1217 656 1269 δτι
702 1216 1015 1289 Ἐλεύθερός
1044 1221 1182 1287 ειμι,
1209 1221 1304 1273 καὶ
1332 1222 1649 1294 ἀμεριμνεῐ,
1684 1225 1808 1279 τότε

221 1305 507 1377 λῃστρικῷ
552 1307 743 1379 τρόπῳ
771 1308 992 1379 ἔρχεται
1034 1309 1189 1381 αὐτῷ
1234 1311 1269 1380 ἠ
1308 1314 1477 1367 κακία
1506 1313 1808 1387 ιγκρυμμα

222 1396 460 1450 ποιοῦσα
493 1438 508 1464 ,
550 1399 645 1452 καὶ
682 1398 938 1470 πειράζει
971 1400 1156 1469 αὐτὸν,
1186 1402 1281 1456 καὶ
1311 1405 1611 1475 καταφέρει
1643 1407 1807 1462 αὐτὸν

220 1490 303 1551 είς
330 1490 401 1541 τὰ
433 1490 724 1541 κατώτατα
761 1491 859 1560 τῆς
889 1490 1013 1561 γῆς.
1047 1492 1110 1546 El
1155 1493 1264 1565 γὰρ
1295 1494 1573 1566 ἄνθρωποι
1606 1497 1806 1553 πολλάο

219 1598 311 1641 κις
332 1582 529 1650 λῃσταὶ
552 1582 705 1644 ὄντες
730 1582 761 1652 ἢ
793 1583 1123 1652 στρατιῶται
1147 1587 1289 1640 κατά
1316 1587 1595 1657 πολεμίων
1630 1589 1805 1644 οίδασι

219 1670 600 1741 τεχνάζεσθαι,
646 1672 741 1725 καὶ
773 1673 1224 1740 ὐποκαθέζονται,
1260 1676 1356 1729 καὶ
1405 1675 1654 1731 ποιοῦσιν
1698 1679 1805 1746 ετ-

219 1778 480 1831 κρυμμα,
512 1762 607 1814 καὶ
638 1762 974 1831 λαμϐάνουσι
1003 1764 1071 1819 τά
1120 1764 1266 1819 νῶτα
1304 1764 1415 1820 τῶν
1446 1768 1678 1839 ἐχθρῶν,
1710 1770 1805 1823 καὶ

1916 594 2002 640 est
2038 586 2126 641 his
2146 603 2161 652 ;
2184 596 2241 641 et
2277 603 2387 641 non
2413 587 2579 644 debet
2600 589 2726 659 quis
2759 588 2848 644 his
2878 590 3037 644 inniti
3067 592 3197 645 solis
3230 594 3298 647 ad
3326 596 3499 652 conii-

1912 678 2178 734 dentiam.
2218 678 2503 749 Contingit
2533 691 2716 735 autem
2756 696 2879 735 esse
2906 683 3173 751 quosdam
3201 687 3497 757 participes

1910 772 2127 840 gratiae;
2154 771 2210 825 in
2242 771 2447 841 quibus
2478 772 2707 837 malitia,
2740 788 2863 826 cum
2898 788 3090 829 revera
3130 775 3330 841 subsit,
3360 778 3495 833 insi-

1910 860 2068 916 diose
2107 861 2281 917 latere
2342 864 2560 934 satagit,
2618 865 2763 920 ultro
2811 880 2971 935 agere
3031 882 3255 924 cessans
3309 878 3367 925 et
3435 886 3495 928 so

1910 950 2277 1019 abscondens,
2308 952 2624 1024 ipsumque,
2652 954 2708 1009 in
2738 970 2849 1025 quo
2879 954 3114 1021 habitat,
3154 960 3323 1025 fallat,
3356 962 3496 1019 male

1908 1042 2282 1112 persuadens,
2335 1060 2458 1101 esse
2504 1061 2661 1102 suam
2716 1056 2957 1102 mentem
3005 1050 3116 1120 jam
3174 1063 3492 1124 purgatam;

1909 1137 2057 1193 unde
2080 1138 2137 1191 in
2172 1137 2545 1208 arrogantiam
2574 1136 2819 1204 inﬂatur,
2850 1140 3009 1194 aiens
3042 1160 3055 1194 :
3090 1142 3376 1201 Perfectus
3394 1162 3495 1219 ego

1910 1227 2264 1285 Christianus
2297 1244 2443 1293 sum,
2486 1227 2544 1284 at
2574 1229 2709 1285 dum
2746 1232 2916 1287 miser
2943 1232 3033 1289 isti
3071 1233 3286 1292 ﬁducia:
3326 1238 3493 1296 homo

1912 1322 2073 1396 ια
2089 1321 2374 1388 indormit,
2401 1322 2636 1378 liberum
2659 1338 2719 1379 se
2737 1339 2887 1379 nunc
2914 1324 3139 1382 demum
3162 1329 3489 1398 praedicans,

1907 1413 2244 1485 opprimitur
2276 1413 2347 1468 ab
2378 1414 2630 1469 irruente
2660 1414 2719 1469 in
2744 1430 2895 1478 eum,
2930 1415 3208 1473 latronum
3252 1435 3423 1487 more.
3456 1438 3489 1478 ο

1905 1506 2153 1572 latebris,
2188 1504 2284 1561 ubi
2316 1504 2666 1571 subsederat,
2696 1508 2927 1573 malitia,
2966 1524 3090 1579 qua:
3121 1511 3259 1566 nihil
3305 1514 3490 1572 minus

1905 1596 2225 1666 opinantem
2255 1600 2560 1655 tentatiene
2592 1600 2908 1654 vehementi
2931 1599 3210 1666 adoriens,
3241 1605 3413 1659 vincit
3434 1615 3490 1661 et

1906 1686 2170 1758 deprimit
2220 1689 2275 1745 in
2311 1698 2472 1747 terrae
2525 1692 2733 1746 inﬁma.
2766 1691 2821 1746 Si
2868 1693 3015 1748 enim
3064 1694 3314 1752 homines
3346 1712 3489 1769 sape

1906 1779 2531 1838 latrocinioautmilitie
2545 1782 2741 1847 dediti,
2760 1794 3166 1855 strategemate.
3184 1788 3261 1842 uti
3284 1790 3486 1855 sciunt,

222 1852 650 1923 περικυκλοῦσιν
700 1855 898 1917 αὐτοὺς
947 1855 1180 1926 ἀθρόως.
1224 1856 1321 1911 καὶ
1380 1859 1841 1916 ἀποκτείνουσιἸ

1907 1871 2262 1929 subsidentes
2297 1873 2353 1928 in
2384 1874 2523 1930 locis
2557 1876 2810 1941 occultis,
2833 1886 2890 1932 et
2914 1852 2982 1932 ex
3014 1879 3230 1936 insidiis
3262 1852 3488 1952 repente

220 1945 408 2014 πολλῷ
440 1945 640 2014 μᾶλλον
660 1946 694 2015 ή
725 1946 893 1999 κακία
920 1945 1053 2000 οὖσα
1081 1949 1351 2003 τοσούτων
1371 1951 1624 2021 χιλιάδων
1646 1951 1805 2008 τοῦτο

218 2037 282 2088 τὸ
309 2036 471 2108 ἔργον
503 2038 721 2107 ἐχουσα,
754 2038 917 2102 τόσας
949 2039 1263 2095 ἀπολέσασα
1293 2042 1491 2114 ψυχὰς,
1535 2039 1688 2116 οἷδενΙ
1708 2042 1804 2102 οὗν

219 2128 525 2200 ἐγκρυμμα
574 2134 747 2183 ποιεῖν
800 2132 857 2184 ἐν
900 2134 966 2203 τῇ
1019 2132 1237 2205 καρδίᾳ,
1271 2137 1413 2189 κατά
1448 2140 1677 2209 καιροὺς
1727 2141 1802 2213 μη

217 2221 487 2289 ἐνεργεῖν,
516 2221 601 2277 ἵνα
628 2222 827 2297 ἐνέγκῃ
857 2222 957 2295 τὴν
982 2223 1162 2297 ψυχὴν
1193 2227 1276 2290 εις
1316 2227 1494 2301 οίησιν
1523 2230 1801 2305 τελειότη-

216 2329 352 2381 τοὶς

292 2516 352 2571 l'.
405 2514 465 2567 '0
512 2512 763 2584 θεμέλιος
815 2512 911 2568 τοῦ
956 2516 1387 2588 Χριστιανισμοῦ
1438 2514 1595 2587 οὗτός
1633 2521 1797 2589 ἐστιν,

221 2608 311 2660 ῐνα
352 2606 420 2661 ἀν
447 2608 648 2679 ποιήσῃ
681 2609 710 2660 ό
753 2607 1040 2678 ἄνθρωπος
1070 2610 1438 2676 δικαιοσύνας,
1475 2614 1551 2685 μὴ
1590 2614 1799 2669 ἐπανα-

219 2698 375 2771 παύῃ
404 2700 463 2752 ἐν
488 2700 699 2764 αὐταῖς,
729 2702 824 2753 καὶ
854 2699 951 2772 ιχῃ
982 2702 1175 2755 ἐαυτὸν
1218 2701 1414 2772 μέγαν,
1447 2703 1563 2759 ἀλλ’
1650 2724 1797 2762 πτω-

218 2793 317 2862 χὸς
343 2792 422 2862 τῷ
449 2791 751 2861 πνεύματι*
787 2794 883 2847 καὶ
915 2794 1011 2847 ἐάν
1040 2793 1267 2866 γένηται
1304 2797 1530 2869 μέτοχος
1557 2800 1796 2871 χάριτος,

225 2886 302 2953 μὴ
332 2882 529 2953 νομίσῃ
560 2884 752 2937 ἐαυτὸν
795 2886 1183 2955 κατειληφέναι
1224 2903 1300 2953 τι,
1333 2888 1429 2942 καὶ
1458 2890 1613 2962 οἰηθῇ
1660 2889 1800 2947 εἶναί

218 2992 328 3037 τις,
364 2976 458 3027 καὶ
487 2974 719 3045 ἄρξηται
753 2975 1056 3031 διδάσκεινο
1088 2978 1204 3031 ἀλλ’
1240 2978 1327 3033 ῐνα
1354 2979 1430 3033 ὣν
1462 2981 1635 3053 καλῆς
1661 2981 1799 3049 ξενιο

216 3066 373 3129 τείας
406 3068 499 3119 καὶ
527 3066 823 3131 πολιτείας,
856 3070 1134 3139 νηστεύων
1169 3070 1326 3136 πολὺ,
1369 3071 1671 3140 ξενιτεύων,
1704 3077 1796 3129 εύ-

218 3162 473 3230 χόμενοςν
510 3158 751 3231 μετέχων
779 3161 1021 3231 χάριτος,
1070 3163 1144 3233 μὴ
1188 3164 1464 3235 ἡγήσηται
1492 3166 1593 3237 τὴν
1620 3166 1796 3239 ψυχὴν
1827 3198 1841 3244 ι

218 3249 388 3305 αὐτοῦ
410 3251 597 3320 τιμίαν
616 3268 631 3283 ο
654 3252 791 3305 ἀλλά
819 3253 939 3305 τότε
972 3252 1227 3322 μάλιστα.
1260 3256 1388 3309 ὅταν
1411 3257 1553 3327 ἀρχὴ
1581 3258 1798 3328 χάριτος

221 3344 469 3414 γένηται,
500 3344 586 3397 ἶνα
616 3343 713 3413 εχῃ
746 3343 841 3397 τὸν
869 3345 1051 3408 πόνον,
1082 3345 1180 3417 τὴν
1207 3346 1387 3415 δίψαν,
1420 3348 1506 3402 ἶνα
1535 3350 1610 3422 μὴ
1636 3368 1799 3404 κεκο⁴

225 3433 490 3501 ρεσμένος
515 3432 611 3503 ἔχῃ
655 3433 848 3485 ἐαυτὸν
896 3434 1105 3488 δίκαιον
1132 3435 1165 3505 ἢ
1198 3437 1452 3492 πλούσιον
1484 3440 1544 3492 ἐν
1581 3441 1796 3511 χάριτιο

219 3519 397 3595 ἀλλ⁹ᾖ
436 3522 648 3575 πενθῶν
699 3524 795 3576 καὶ
828 3524 1100 3594 δακρύων.
1132 3528 1242 3581 Καὶ
1281 3528 1340 3582 δν
1388 3532 1594 3601 τρόπον
1628 3532 1723 3585 ἐὰν
1761 3528 1795 3606 ᾖ

223 3615 431 3682 μήτηρ,
461 3616 557 3666 καὶ
594 3614 695 3687 ἔχῃ
731 3615 844 3669 υἱὸν
873 3618 1136 3687 μονογενῆ
1184 3619 1281 3673 καὶ
1308 3621 1576 3696 παιδεύσῃ
1610 3624 1793 3689 αὑτὸν,

218 3703 314 3754 καὶ
348 3704 476 3754 ὅταν
501 3703 725 3773 γένηται
750 3704 910 3774 ἀνὴρ,
944 3707 1125 3777 συμϐῇ
1165 3708 1314 3778 αὐτῷ
1348 3711 1665 3765 ἀποθανεῖν’
1701 3716 1797 3767 καὶ

218 3793 409 3848 λοιπὸν
450 3794 567 3848 ὅσοι
615 3795 683 3849 ἀν
723 3788 825 3851 ὦσι
875 3798 1363 3870 παραμυθούμενοι
1401 3802 1499 3873 τὴν
1557 3805 1792 3875 μητέρα,

222 3886 424 3955 μᾶλλον
448 3887 828 3956 ἐπεγείρουσιν
860 3890 999 3960 αὐτῇ
1029 3890 1090 3943 τὸ
1118 3891 1333 3956 πένθος,
1367 3897 1463 3948 καὶ
1496 3896 1797 3967 ἀπαραμύ-

218 3977 382 4047 θητός
412 3978 593 4031 ἐστιν’
634 3978 773 4033 οὕτω
820 3980 926 4050 χρὴ
955 3980 1166 4036 κλαίειν
1204 3982 1297 4036 τὸν
1340 3985 1669 4057 Χριστιανὸν
1696 3988 1795 4059 τὴν

218 4068 429 4120 πτῶσιν
453 4068 643 4130 αὑτοῦ,
669 4071 763 4122 καὶ
786 4070 1150 4135 ἀδιαλείπτως
1193 4074 1452 4145 δακρύειν
1472 4094 1487 4108 ο
1522 4079 1629 4149 πρὸ
1657 4080 1791 4133 πάν-

215 4175 325 4212 των
351 4159 410 4212 δέ
443 4159 589 4229 ἐχειν
620 4162 1087 4229 συντετριμμένην
1108 4164 1207 4235 τὴν
1236 4167 1482 4237 καρδίαν.

1906 1963 2223 2019 coorientes
2251 1964 2309 2019 in
2338 1964 2578 2021 hostium
2611 1974 2785 2037 terga,
2818 1969 3051 2039 ipsoque
3080 1972 3487 2031 circumventos

1905 2056 1958 2112 vi
1986 2056 2169 2112 subita
2200 2059 2513 2124 trucidant,
2536 2069 2746 2129 quanto
2789 2062 2962 2131 magis
2995 2064 3224 2130 malitia,
3249 2082 3369 2137 qua:
3406 2076 3487 2124 tot

1905 2147 2151 2203 millibus
2179 2163 2455 2204 annorum
2501 2151 2607 2207 hoc
2633 2166 2775 2221 opus
2832 2154 3101 2221 exercuit,
3145 2165 3225 2211 tot
3252 2158 3486 2227 perdens

1901 2240 2138 2306 animas,
2151 2250 2336 2297 notam
2350 2242 2573 2299 habebit
2585 2255 2759 2299 artem
2778 2245 3103 2302 insidiarum
3124 2248 3179 2303 in
3195 2250 3303 2306 imo
3318 2252 3485 2308 corde

1902 2332 2313 2399 struendarum,
2348 2343 2411 2391 ut
2460 2334 2756 2406 aliquando
2787 2347 2966 2394 cesset
3007 2338 3077 2394 ab
3110 2341 3342 2412 agendo,
3373 2358 3484 2415 quo

1901 2428 2262 2499 persuasione
2288 2430 2391 2486 ista
2420 2430 2630 2485 imbuat
2650 2431 2983 2496 animam,»
3006 2449 3128 2490 esse
3152 2434 3484 2503 perfectam?

1971 2517 2041 2573 Χ.
2076 2519 2516 2576 Fundamentum
2564 2520 2970 2578 Christianismi
3012 2523 3118 2580 hoc
3144 2535 3248 2591 est,
3280 2542 3349 2583 ne
3378 2526 3483 2584 ho-

1903 2622 1993 2662 mo
2023 2620 2149 2679 post
2199 2610 2544 2681 quantalibet
2572 2612 2715 2667 bona
2745 2628 2944 2682 opera,
2978 2614 3031 2668 in
3068 2614 3202 2685 ipsis
3252 2616 3482 2687 acquie-

1900 2710 2040 2767 scat,
2071 2710 2170 2757 aut
2204 2718 2265 2759 se
2313 2720 2569 2775 magnum
2616 2714 2807 2775 putet,
2848 2707 2945 2762 sed
2990 2716 3309 2777 perseveret
3358 2725 3483 2766 esse

1901 2808 2113 2864 pauper
2137 2794 2338 2864 spiritu
2367 2812 2381 2848 :
2407 2810 2471 2850 ac
2487 2810 2611 2851 cum
2639 2798 2830 2868 gratiae
2861 2801 3142 2869 particeps
3162 2799 3341 2856 factus
3369 2800 3484 2857 fue-

1902 2883 1997 2949 rit,
2030 2899 2101 2940 ne
2146 2886 2423 2941 existimet
2458 2901 2517 2942 se
2561 2888 2841 2958 quidpiam
2888 2888 3166 2959 adeptum,
3220 2901 3481 2963 putetque

1899 2990 1959 3031 se
2024 2990 2145 3031 esse
2202 2976 2465 3047 aliquem,
2528 2978 2865 3049 incipiatque
2917 2981 3236 3051 magistrum
3291 2998 3475 3053 agere.

1899 3067 2048 3123 Neve
2079 3083 2138 3124 se
2160 3069 2395 3139 aliquem
2425 3085 2591 3141 supra
2616 3072 2833 3142 vulgus,
2857 3072 2990 3142 quin
3014 3073 3201 3139 etiam,
3236 3089 3361 3129 cum
3386 3089 3478 3131 se-

1904 3161 2136 3216 cesserit
2169 3161 2225 3216 in
2276 3161 2633 3217 solitudinem
2665 3172 2722 3217 et
2751 3162 2890 3219 bene
2917 3163 3301 3230 ambulaverit,
3337 3165 3479 3222 mul-

1907 3259 2024 3306 tum
2042 3253 2320 3323 jejunans,
2352 3254 2606 3308 exsilium
2632 3253 2821 3309 mundi
2847 3254 3065 3311 fortiter
3097 3257 3357 3322 tolerans,
3384 3258 3476 3328 ple

1904 3356 2091 3407 orans,
2120 3343 2311 3413 gratiae
2329 3344 2605 3399 donorum
2629 3359 2874 3415 compos,
2898 3346 3075 3401 nihilo
3095 3356 3276 3403 tamen
3302 3346 3477 3419 magis

1902 3436 2140 3489 animam
2168 3450 2323 3489 suam
2352 3436 2654 3506 pretiosam
2678 3436 2902 3493 habeat.
2934 3437 3047 3493 imo
3073 3450 3190 3493 tum
3213 3440 3471 3505 maxime,

1902 3527 2125 3597 quando
2162 3529 2401 3596 primum
2429 3530 2602 3582 sentit
2645 3531 2936 3599 appulsam
2986 3531 3192 3601 gratia,
3238 3530 3490 3586 sollicite

1900 3615 2146 3679 laboret;
2200 3615 2463 3685 sitimque
2516 3624 2783 3671 monstret
2836 3616 3117 3671 ulterioris
3157 3615 3481 3686 profectus;

1901 3706 2060 3761 valde
2083 3721 2287 3761 cavens
2305 3721 2398 3772 ne,
2420 3708 2579 3777 quasi
2604 3708 2715 3778 jam
2761 3708 3011 3773 satiatos,
3042 3722 3103 3763 se
3134 3707 3353 3762 abunde
3375 3708 3483 3777 ᾔει-ο·

1902 3806 2069 3865 stum,
2094 3806 2190 3854 aut
2239 3799 2573 3869 locupletem
2616 3799 2849 3865 habeat;
2900 3815 2932 3854 e
2958 3799 3241 3855 contrario
3286 3798 3475 3869 potius

1892 3889 2098 3960 lugeat,
2125 3898 2183 3945 et
2208 3890 2563 3960 lacrymetur.
2598 3890 2889 3957 Quomodo
2916 3890 2961 3945 si
2995 3899 3171 3945 mater
3194 3889 3472 3946 educave-

1892 3981 1967 4037 rit
1997 3997 2029 4037 a
2060 3996 2235 4053 puero
2255 3996 2387 4037 cura
2404 3996 2600 4053 magna
2631 3983 2858 4037 unicum
2882 3981 3077 4047 illium,
3098 3981 3215 4047 ubi,
3248 3996 3374 4038 cum
3400 3980 3487 4035 ad’

1893 4073 2108 4128 virilem
2140 4075 2392 4143 pervenit
2426 4083 2668 4138 atatem,
2699 4074 2839 4129 mori
2879 4090 3006 4130 eum
3037 4074 3336 4145 contingat,
3373 4073 3468 4144 qui

1893 4167 2165 4221 consolari
2189 4181 2309 4221 eam
2334 4166 2747 4236 aggrediuntur,
2782 4166 3060 4221 incentiva
3089 4167 3270 4222 luctus
3298 4165 3474 4236 magis

217 4253 601 4319 accumulant;
663 4253 745 4309 sic
798 4255 931 4308 ﬂere
986 4254 1367 4312 indesinenter
1418 4256 1792 4315 Christianum
1828 4266 2049 4329 Oportet
2087 4257 2300 4327 lapsum
2368 4272 2553 4323 suum,
2597 4265 2655 4312 et
2719 4263 2845 4311 ante
2890 4255 3075 4311 omnia
3123 4254 3327 4311 habere
3374 4270 3476 4311 eor

216 4344 543 4398 contritum.

288 4440 395 4491 lA'.
424 4437 634 4506 Ὥσπερ
661 4437 710 4489 εί
736 4431 885 4500 οἶκος
907 4437 1173 4505 βασιλέως
1201 4438 1342 4510 ἔχων
1363 4438 1572 4503 διαίτας
1597 4440 1799 4503 πολλὰς

1974 4440 2064 4496 XI.
2097 4439 2169 4496 Ut
2198 4438 2242 4492 si
2276 4438 2539 4507 palatium
2564 4438 2709 4509 regis
2732 4438 3037 4509 cuiuspiam
3073 4438 3241 4493 multa
3266 4438 3469 4496 habeat

216 4531 310 4582 καὶ
340 4528 509 4588 αύλάς
539 4527 848 4596 διαφόρους,
885 4528 982 4580 καὶ
1023 4529 1270 4599 πρόθυρα
1312 4530 1503 4596 πολλὰ,
1536 4532 1629 4585 καὶ
1656 4535 1791 4585 ἐσω-
1828 4515 1841 4566 1

1896 4530 2171 4603 cubicula.
2206 4536 2262 4583 et
2290 4528 2462 4583 multa
2490 4527 2763 4583 vestibula
2808 4535 2865 4582 et
2912 4528 3072 4591 atria,
3109 4542 3175 4582 ac
3200 4527 3462 4582 interiora

213 4622 408 4691 τέρους
458 4619 655 4682 οἴκους,
710 4618 838 4671 ἐνθα
896 4620 1047 4687 μένει
1090 4623 1118 4673 ό
1157 4621 1430 4690 βασιλεὺς,
1474 4624 1569 4677 καὶ
1598 4626 1631 4693 ἡ
1668 4641 1793 4694 πορο

216 4714 387 4784 φύρα,
410 4713 506 4765 καὶ
534 4713 582 4763 oi
610 4711 875 4781 θησαυροὶ
904 4712 1222 4765 ἀπόκεινται
1241 4727 1256 4742 ⁸
1288 4713 1474 4768 λοιπὸν
1496 4716 1524 4768 ό
1546 4717 1791 4787 εἰσερχό-

220 4821 383 4874 μενος
412 4804 493 4866 εές
516 4803 611 4865 τάς
644 4802 913 4873 ἐξωτέρας
936 4802 1104 4856 αὐλὰς
1133 4804 1209 4874 μὴ
1230 4806 1445 4878 νομίσῃ,
1475 4806 1557 4859 δτι
1582 4809 1683 4878 ἤδη
1714 4810 1793 4873 είς

215 4896 343 4955 τοὺς
375 4893 678 4963 ἐσωτέρους
711 4893 892 4956 οῐκους
920 4889 1105 4962 ἦλθεν,
1136 4896 1269 4948 ὅπου
1301 4899 1333 4967 ἡ
1366 4897 1491 4961 δόξα
1514 4900 1606 4952 τοῦ
1636 4899 1790 4969 βασι-

216 4985 376 5047 λέως,
413 4984 508 5036 καὶ
537 4984 571 5053 ἡ
604 4983 877 5053 πορφύρα.
906 4985 1001 5036 καὶ
1020 4986 1067 5038 οἱ
1099 4986 1364 5057 θησαυροί
1383 5005 1403 5020 ο
1426 4988 1600 5053 οὕτως
1625 4992 1705 5055 είς
1733 4992 1793 5045 τὸ

219 5074 612 5144 πνευματικὸν,
660 5075 710 5126 οί
758 5074 1130 5143 νηστεύοντες,
1177 5078 1225 5129 οι
1285 5078 1708 5147 ἀγρυπνοῦντες,
1741 5082 1791 5133 οἱ

216 5167 509 5236 ψάλλοντες
534 5165 628 5218 καὶ
650 5164 955 5236 εὐχόμενοι,
989 5164 1064 5236 μὴ
1092 5168 1408 5235 νομίσωσιν,
1431 5169 1514 5223 ὅτι
1544 5170 1791 5239 εἰσῆλθον

216 5262 295 5322 εἰς
346 5258 446 5327 τὴν
491 5257 851 5321 κατάπαυσιν,
882 5257 957 5320 ὡς
1000 5256 1057 5310 δέ
1102 5260 1290 5329 ἀκμὴν
1320 5261 1402 5323 είς
1442 5262 1512 5315 τά
1541 5263 1788 5333 πρόθυρα

216 5352 310 5403 καὶ
339 5352 419 5413 είς
451 5349 550 5413 τὰς
570 5347 740 5411 αύλάς
768 5348 1123 5417 είσέρχονται,
1154 5349 1251 5420 οὐχ
1270 5352 1405 5405 ὅπου
1438 5352 1471 5422 ἠ
1509 5354 1785 5424 πορφύρα,

216 5444 308 5495 καὶ
333 5442 383 5494 ei
423 5440 711 5510 θησαυροί.
739 5440 853 5492 Οὐκ
882 5439 1187 5506 ὀφείλουσιν
1215 5440 1308 5495 οὖν
1342 5442 1557 5511 ἀδελφοὶ
1589 5447 1654 5515 τῇ
1684 5446 1787 5511 ἐξω

216 5531 459 5601 πολιτείᾳ
488 5531 733 5602 θαρρεῖν,
756 5532 850 5583 καὶ
875 5530 1075 5598 λέγειν,
1107 5532 1191 5586 ὅτι
1218 5532 1349 5601 Εξμί
1377 5551 1461 5596 τις
1484 5549 1498 5563 '
1532 5538 1579 5588 εί
1607 5536 1664 5589 δέ
1692 5540 1785 5589 καὶ

214 5624 437 5693 χάριτος
473 5622 699 5691 μέτοχος
737 5620 980 5691 γένηται.
1026 5621 1281 5691 οἰηθῆναι
1324 5624 1400 5687 ὡς
1439 5625 1782 5689 καταλαϐὼν,

216 5715 247 5781 ἢ
277 5710 889 5781 γενόμενος’ἐγγύτατος
912 5712 1006 5766 τοῦ
1029 5712 1294 5782 βασιλέως
1312 5731 1326 5746 ·
1360 5716 1543 5786 ἀκμὴν
1567 5717 1677 5788 γὰρ
1706 5720 1785 5781 είς

217 5808 338 5867 sti);
374 5805 668 5873 ἐξωτέρους
704 5802 885 5866 οἴκους
931 5804 1209 5873 διατρίϐει.
1250 5807 1362 5860 Οὐκ
1394 5808 1596 5877 ὀφείλει
1631 5812 1784 5879 ἐρευ-

1892 4618 2192 4682 conclavia,
2221 4614 2313 4669 ubi
2348 4614 2555 4670 residet
2586 4630 2702 4677 rex,
2735 4614 2829 4669 ubi
2858 4630 3105 4685 purpura
3129 4622 3187 4669 et
3215 4614 3459 4671 thesauri

1892 4716 2256 4780 reponuntur,
2284 4706 2483 4777 aliquis
2525 4707 2861 4762 exteriorum
2891 4716 3051 4763 tenus
3083 4707 3347 4763 atriornm
3378 4708 3461 4762 in-

1892 4800 2165 4873 grediens,
2192 4816 2262 4856 ne
2290 4806 2446 4869 putet
2498 4813 2558 4853 se
2584 4799 2695 4869 iam
2745 4797 2801 4852 in
2845 4798 3034 4853 intima
3060 4800 3213 4869 quasi
3246 4798 3458 4855 viscera

1893 4900 2169 4946 tantarum
2193 4891 2391 4947 adium
2420 4899 2758 4959 penetrasse.
2784 4898 2947 4959 atque
2968 4890 3103 4945 adeo
3124 4898 3311 4946 tenere
3330 4906 3465 4960 apo-

1893 4984 2101 5045 thecas,
2137 4984 2193 5037 in
2234 4982 2438 5053 quibus
2473 4996 2603 5052 gaza
2650 4990 2705 5035 et
2730 4981 2904 5051 gloria
2946 4980 3108 5051 regis,
3136 4995 3379 5051 purpura
3403 4988 3462 5035 et

1893 5074 2138 5129 thesauri
2176 5072 2566 5128 custodiuntur
2596 5086 2609 5122 :
2639 5070 2739 5135 sic,
2784 5070 2887 5125 ista
2920 5069 3153 5141 lmagiue
3200 5069 3268 5123 ad
3298 5069 3463 5141 spiri.

1892 5165 2039 5219 male
2067 5164 2349 5235 negotium
2377 5162 2668 5223 translata,
2700 5175 2769 5215 ne
2798 5161 3343 5230 putentjejunantes,
3372 5158 3475 5212 νίσ-

1890 5256 2145 5325 gilantes,
2177 5254 2493 5324 psallentes,
2518 5259 2761 5315 orantes.
2798 5250 3113 5321 pervenisse
3156 5264 3215 5305 se
3245 5250 3355 5321 jam
3387 5248 3455 5303 ad

1888 5348 2206 5403 fruitionem
2243 5346 2397 5415 pacis
2430 5361 2443 5397 :
2482 5352 2675 5413 utpote
2720 5342 2812 5412 qui
2860 5341 3038 5396 adhuc
3098 5341 3152 5395 in
3185 5340 3457 5395 vestibula

1889 5451 2099 5496 tantum
2132 5450 2187 5496 et
2223 5439 2400 5509 prima
2436 5436 2577 5490 atria
2621 5434 2851 5505 ingressi
2886 5441 3047 5496 sunt,
3091 5431 3335 5487 nondum
3364 5445 3451 5493 eo,

1889 5534 1982 5587 ubi
2012 5547 2275 5603 purpura,
2308 5531 2401 5585 ubi
2442 5528 2688 5586 thesauri
2714 5530 2919 5597 jaceat.
2953 5525 3073 5580 Non
3126 5523 3330 5579 debent
3356 5522 3454 5593 igi-

1888 5634 1978 5679 tur
2007 5624 2205 5678 l'ratres
2254 5622 2518 5677 exteriori
2574 5618 2991 5675 conversatione
3050 5631 3113 5671 ac
3168 5614 3453 5684 disciplina

1887 5716 1987 5771 niti
2056 5728 2403 5784 magnopere,
2461 5727 2564 5767 nec
2620 5714 2686 5767 de
2752 5724 2811 5765 se
2873 5718 3098 5780 propter
3173 5706 3321 5760 illam
3366 5704 3453 5758 di.

1886 5821 2011 5862 cere
2046 5824 2059 5859 :
2090 5806 2202 5875 Ego
2240 5820 2361 5861 sum
2416 5806 2648 5875 aliquis;
2700 5818 2824 5869 nee,
2874 5803 3035 5857 simul
3092 5816 3154 5857 ac
3183 5799 3453 5869 quispiam
