4254 6358
769 394 871 464 831

2049 392 2107 453 S.
2149 393 2469 455 MACARII
2511 392 2830 455 IEGYPTII

3936 403 4052 466 832

771 511 1001 580 gratiam
1066 505 1429 575 adipiscitur,
1479 503 1815 573 praafidentia
1877 503 2008 569 niti,
2043 506 2198 573 quasi
2243 506 2355 575 jam
2390 518 2429 567 Α

2390 518 2429 567 Α
2461 508 2556 575 νᾷν
2604 507 2858 571 ἕκαστον,
2911 509 2959 559 εί
3005 500 3163 576 εὗρεν
3196 510 3253 561 ἐν
3281 510 3358 578 τῷ
3405 509 3707 580 ὀστρακίνῳ
3738 510 3923 565 σκεύει
3952 515 4053 566 τδν

774 598 1277 669 comprehenderit,
1311 596 1535 665 autregi
1558 597 1627 649 sit
1654 596 1843 647 intime
1870 595 2158 661 admotus;
2193 596 2358 650 modo

773 692 921 743 enim
951 690 1006 742 in
1048 689 1269 743 extimis
1299 688 1567 740 duntaxat
1595 686 1776 739 adhuc
1810 686 2124 741 diversatur
2154 687 2357 741 aedium

774 781 1073 851 partibus:
1113 794 1216 833 nec
1267 778 1526 831 convenit
1586 777 1823 830 scrutari
1886 793 2356 846 unumquemque,

775 886 908 925 num
940 869 1081 923 forte
1110 869 1356 922 inveniat
1415 868 1470 921 in
1500 883 1628 921 vase
1679 867 1830 921 ﬁctili
1883 868 2227 934 thesaurum,
2264 879 2359 923 aut

778 963 985 1032 regiam
1023 959 1533 1027 indueritSpiritus
1571 974 1892 1028 purpuram,
1924 974 1991 1012 an
2041 976 2222 1030 regem
2276 962 2360 1015 in—

775 1053 1016 1116 venerit,
1050 1060 1105 1106 et
1123 1052 1308 1120 quiete
1328 1050 1566 1103 fruatur.
1593 1049 1683 1103 Sic
1710 1050 1912 1119 quippe
1939 1060 2251 1120 comparata
2278 1060 2362 1106 est

778 1143 1015 1196 hominis
1043 1141 1245 1204 anima,
1282 1140 1447 1193 habet
1495 1139 1924 1208 profunditatem
1962 1142 2255 1210 quamdam
2301 1154 2361 1197 et

777 1234 1023 1287 membra
1072 1233 1219 1285 velut
1254 1232 1511 1300 plurima.
1563 1232 1620 1284 ln
1652 1248 1772 1284 eam
1828 1248 1992 1300 porro
2040 1234 2360 1287 subintrans

778 1332 1094 1393 peccatum,
1122 1335 1319 1376 cuncta
1356 1324 1477 1391 ejus
1500 1332 1733 1391 occupat
1778 1324 2048 1387 membra,
2073 1334 2126 1378 et
2153 1326 2357 1393 cogita-

780 1415 960 1468 tiones
987 1414 1171 1467 cordis
1198 1430 1212 1478 ;
1264 1413 1466 1467 deinde
1495 1429 1620 1467 cum
1665 1413 1830 1466 homo
1862 1415 2078 1482 quaerit,
2106 1415 2258 1468 venit
2290 1414 2355 1467 ad

782 1507 958 1574 ipsum
984 1503 1177 1571 gratia,
1205 1512 1261 1557 et
1285 1513 1519 1572 occupat
1560 1504 1670 1557 duo
1704 1504 1950 1558 membra
2008 1505 2221 1557 animae.
2256 1504 2361 1569 Qui

779 1611 911 1664 ergo
946 1596 1265 1663 inexpertus
1309 1610 1512 1659 rerum,
1537 1595 1703 1648 sentit
1737 1596 2025 1663 appulsum
2052 1610 2361 1663 provocan—

782 1689 850 1741 tis
894 1688 1099 1755 gratiaa,
1144 1688 1408 1740 continuo
1439 1695 1614 1756 putet,
1646 1688 1791 1756 quod
1844 1687 2146 1741 adveniens
2182 1687 2359 1755 gratia

779 1796 973 1834 omnes
1013 1780 1207 1831 anima:
1241 1789 1426 1846 partes
1454 1781 1829 1848 occupaverit,
1857 1780 2129 1847 planeque
2157 1795 2221 1831 ac
2267 1794 2358 1831 ra-

2463 596 2753 667 θησαυρὸν,
2792 600 2824 669 ἢ
2862 598 3149 653 ἐνεδύσατο
3188 600 3287 671 τὴν
3314 603 3603 673 πορφύραν
3646 604 3741 655 τοῦ
3785 606 4053 676 Πνεῦμα-

2459 690 2633 759 τος,ἢ
2674 684 2799 759 εὗρε
2844 692 2936 744 τὸν
2988 691 3231 758 βασιλέα,
3273 694 3365 745 καὶ
3404 694 3773 755 ἀνεπαύσατο,
3836 697 3899 749 Ἦ
3934 698 4054 767 γὰρ

2460 780 2604 849 ψυχὴ
2629 782 2849 850 τοιαύτη
2884 782 3060 835 ἐστίν·
3096 783 3209 851 ἔχει
3242 783 3402 852 βάθος
3430 803 3481 837 τι
3525 787 3620 837 καὶ
3657 788 3794 857 μέλη
3834 788 4017 841 πολλά

2462 873 2556 921 καὶ
2588 871 2771 923 λοιπὸν
2812 874 2842 941 ἡ
2896 874 3140 943 ἁμαρτία
3180 875 3566 929 ἐπεισελθοῦσα
3611 878 3831 947 κατέχει
3871 878 4056 945 αὐτῆς

2460 963 2556 1015 ὅλα
2602 965 2670 1016 τὰ
2724 965 2882 1033 μέλη,
2933 967 3028 1017 καὶ
3071 966 3140 1018 τὰ
3193 967 3439 1034 νοήματα
3492 972 3591 1039 τῆς
3621 970 3872 1040 καρδίας.
3912 966 4057 1022 Εἶτα

2460 1056 2847 1125 ἐπιζητοῦντος
2903 1057 2997 1110 τοῦ
3051 1059 3338 1129 ἀνθρώπου
3375 1060 3594 1129 ἔρχεται
3628 1063 3660 1130 ὴ
3695 1063 3854 1131 χάρις
3906 1063 4059 1133 πρὸς

2460 1146 2642 1210 αὐτὸν,
2699 1149 2792 1199 καὶ
2843 1150 3063 1219 κατέχει
3109 1150 3202 1202 δύο
3256 1152 3389 1220 μέλη
3443 1152 3542 1221 τῆς
3592 1153 3791 1222 ψυχῆς.
3843 1153 3904 1206 Ὀ
3954 1152 4058 1207 οὖν

2460 1240 2683 1306 ἄπειρος
2730 1241 3215 1310 παρακαλούμενος
3247 1246 3310 1313 τῇ
3361 1244 3563 1311 χάριτι,
3602 1244 3813 1312 νομίζει
3844 1246 3927 1298 ὅτι
3964 1246 4063 1297 ἐλο

2463 1330 2628 1380 θοῦσα
2660 1334 2690 1397 η
2730 1333 2887 1399 χάρις
2930 1332 3024 1382 ὅλα
3057 1332 3124 1383 τὰ
3158 1332 3292 1401 μέλη
3322 1336 3417 1401 τῆς
3448 1334 3623 1403 ψυχῆς
3660 1337 3916 1405 κατέσχε,
3952 1339 4056 1389 καὶ

2461 1418 2867 1489 ὲξερῤιζώθηή
2921 1422 3165 1489 ἁμαρτία
3190 1423 3359 1473 ἠτότε
3404 1422 3496 1474 οῦν
3571 1425 3819 1478 πλεῖστον
3880 1426 4054 1495 μέρος

2462 1508 2566 1560 ὑπὸ
2609 1509 2707 1575 τῆς
2741 1509 3015 1579 ἁμαρτίας
3052 1512 3336 1578 κρατεῖται
3369 1512 3462 1561 καὶ
3495 1512 3552 1561 ἐν
3588 1513 3752 1581 μέρος
3794 1513 3900 1564 ὑπὸ
3946 1514 4054 1580 τῆς

2461 1598 2706 1666 χάριτος,
2748 1600 2841 1650 καὶ
2878 1598 3278 1650 ὑποκλέπτεται
3315 1601 3405 1651 καὶ
3442 1602 3543 1652 οὐκ
3570 1596 3710 1652 οἶδεν
3733 1618 3747 1631 ·
3784 1602 3900 1654 ἔστι
3938 1602 4054 1670 γὰρ

2460 1689 2491 1754 ὴ
2524 1686 2685 1754 χάρις
2716 1684 2975 1746 πολλάκις
3006 1686 3309 1752 ἐνεργοῦσα
3341 1687 3724 1750 ἀδιαλείπτως,
3756 1688 3813 1741 ὃν
3846 1692 4055 1759 τρόπον

2460 1780 2486 1829 6
2515 1776 2791 1845 ὀφθαλμὸς
2823 1777 2881 1827 ὲν
2910 1776 2988 1843 τῷ
3034 1776 3248 1842 σώματι
3279 1778 3594 1846 πέπρακται
3616 1794 3629 1807 ·
3660 1779 3768 1845 {xui
3802 1781 4057 1849 ἁμαρτία

783 1873 990 1927 dicitus
1016 1871 1381 1939 exstirpatum
1415 1873 1485 1925 sit
1522 1880 1841 1941 peccatum;
1876 1888 1999 1925 eum
2030 1882 2209 1926 tamen
2245 1874 2361 1941 ple-
2398 1876 2439 1931 Β

2398 1876 2439 1931 Β
2470 1868 2716 1921 σύνεστιν
2747 1868 3159 1920 ὑποκλέπτουσα
3194 1869 3287 1921 τὸν
3327 1870 3447 1921 νοῦν
3469 1886 3483 1900 ⁸
3531 1872 3625 1923 καὶ
3653 1874 3681 1923 6
3715 1871 4055 1940 ἀδιάκριτος.

784 1978 953 2032 raque
1007 1962 1186 2016 adhuc
1218 1964 1414 2016 anima:
1451 1964 1696 2017 membra
1731 1979 1925 2017 revera
1954 1979 1983 2016 a
2012 1971 2236 2032 peccato
2267 1962 2366 2016 de-
2463 1999 2464 2002 η

2463 1962 2537 2024 ὡς
2572 1961 2673 2029 ἤδη
2700 1958 3044 2023 καταλαϐὼν,
3079 1960 3249 2012 οἴεταί
3283 1978 3335 2012 τι
3367 1963 3493 2031 περὶ
3523 1961 3689 2014 αὑτοῦ
3721 1964 3816 2014 καὶ
3853 1962 4056 2030 τυφοῦ-

785 2057 1087 2119 tineantur,
1130 2071 1299 2108 unum
1341 2065 1551 2109 tantum
1590 2072 1655 2109 ex
1708 2055 1794 2109 his
1847 2055 2146 2123 quodpiam
2193 2054 2366 2125 gratia

2465 2070 2553 2103 ται
2588 2052 2660 2113 ὡς
2693 2050 3094 2120 ἐλευθερωθείς.
3137 2051 3247 2119 Ούχ
3278 2050 3451 2114 οῦτως
3486 2054 3593 2121 γάρ
3622 2054 3738 2105 ἐστι
3769 2053 3836 2104 τὰ
3874 2053 4059 2121 πράγ-

787 2146 1138 2215 possidente;
1179 2147 1457 2199 nesciente
1521 2146 1639 2214 ipso
1673 2145 1917 2207 homine,
1949 2154 2004 2197 et
2052 2145 2249 2213 supine
2295 2143 2368 2196 si—

783 2247 947 2291 neme
966 2236 1070 2289 sibi
1106 2237 1333 2304 imponi.
1363 2237 1456 2289 Est
1479 2236 1626 2289 enim
1658 2236 1831 2305 gratia
1860 2235 2184 2303 plerumque
2213 2234 2367 2303 165

786 2328 1167 2383 indesinenter
1222 2343 1476 2396 operans,
1505 2327 1646 2379 sicut
1680 2326 1873 2379 oculus
1920 2326 2131 2379 deﬁxus
2162 2326 2216 2377 in
2245 2341 2367 2377 eor-

785 2435 938 2487 pore.
962 2418 1029 2473 Et
1060 2428 1346 2487 peccatum
1383 2419 1575 2471 subest
1598 2425 1836 2470 mentem
1870 2418 2007 2469 clam
2037 2415 2363 2483 subripiens.

784 2511 855 2564 Et
884 2519 1015 2564 tunc
1042 2510 1136 2578 qui
1168 2510 1501 2563 discretione
1555 2516 1725 2570 caret,
1752 2516 1959 2560 temere
1993 2515 2284 2559 autumans
2307 2520 2364 2556 se

785 2602 1136 2670 perfectionis
1197 2603 1411 2654 culmen
1466 2613 1677 2665 tenere,
1739 2600 2060 2654 intumescit
2106 2598 2369 2665 opinione

787 2692 896 2756 sui,
938 2692 1098 2761 plene
1121 2693 1232 2761 jam
1286 2708 1345 2745 se
1393 2692 1686 2745 liberatum
1717 2702 1937 2760 putans,
1968 2689 2116 2758 quod
2149 2704 2259 2741 non
2292 2688 2362 2740 ita

785 2794 905 2847 est;
940 2783 1015 2835 uti
1049 2784 1196 2835 enim
1226 2783 1360 2844 dixi,
1400 2783 1585 2835 subest
1621 2783 1783 2835 dolus
1822 2782 2046 2834 latentis
2071 2781 2125 2832 in
2156 2779 2373 2833 insidiis

789 2875 1034 2937 Salanae;
1072 2874 1366 2942 aliquando
1414 2874 1549 2925 nihil
1584 2889 1641 2926 se
1678 2873 1970 2933 moventis,
2020 2880 2079 2925 ut
2112 2870 2371 2924 credatur

787 2964 1002 3027 abesse,
1033 2979 1095 3017 ac
1120 2964 1199 3017 sic
1250 2963 1467 3015 noxiam
1516 2962 1772 3016 fiduciam
1813 2964 2099 3032 ingeneret
2139 2963 2370 3026 homini,

2470 2161 2614 2213 ματα
2637 2158 2649 2171 ·
2684 2141 2865 2204 καθὼς
2887 2143 2995 2211 γὰρ
3028 2137 3201 2203 εἷπον,
3230 2143 3528 2212 ἐγκρυμμα
3558 2148 3703 2196 ποιεῖ
3728 2147 3756 2197 6
3785 2147 4057 2209 Σατανᾶς,

2467 2238 2545 2297 είς
2600 2234 2822 2304 καιροὺς
2873 2233 2946 2302 μὴ
2998 2234 3256 2301 ἐνεργῶν,
3318 2235 3404 2286 ἵνα
3453 2237 3651 2305 ποιήσῃ
3694 2239 3917 2303 νομίσαι
3964 2239 4058 2291 τὸν

2474 2326 2778 2395 ἄνθρωπον,
2830 2326 2911 2376 ὅτι
2950 2325 3078 2393 Εἰμὶ
3111 2325 3349 2394 καθαρ³ις
3391 2327 3483 2377 καὶ
3512 2325 3747 2385 τέλειος·
3786 2329 3861 2395 μὴ
3898 2331 3926 2380 6
3956 2346 4056 2396 φυ-

2471 2416 2642 2468 τεύων
2704 2415 3003 2484 ἀμπελῶνα
3065 2416 3267 2477 εὐθέως
3323 2416 3594 2483 λαμϐάνει
3650 2400 3967 2486 σταφυλὴν,
4026 2418 4057 2486 ἢ

2471 2509 2706 2576 γεωργεῖ
2743 2502 2907 2568 οἶνον,
2945 2506 3038 2558 καὶ
3078 2507 3107 2556 6
3156 2505 3394 2573 σπείρων
3425 2505 3485 2557 τὸ
3520 2506 3744 2575 σπέρμα
3777 2509 3833 2557 ἐν
3868 2510 3934 2575 τῇ
3963 2511 4055 2575 γῇ,

2472 2600 2572 2667 ἠδη
2604 2598 2816 2667 ἐθέρισε
2858 2598 2951 2650 καὶ
2983 2597 3145 2648 ἔλαϐε
3179 2597 3446 2666 καρποὺς1
3493 2599 3589 2648 καὶ
3626 2596 3686 2647 τὸ
3715 2598 4057 2664 γεννώμενον

2474 2690 2684 2741 παιδίον
2718 2690 2920 2752 εὐθέως
2954 2688 3175 2741 δύναται
3222 2692 3303 2751 εἱς
3350 2690 3520 2757 ἄνδρα
3547 2689 3749 2741 τέλειον
3787 2690 3987 2754 ἐλθεῖν,
4024 2689 4056 2759 ἢ

2476 2784 2905 2850 στρατευόμενος
2950 2783 3118 2852 τίρων
3148 2782 3248 2851 ήδη
3278 2784 3491 2848 ἐγένετο
3514 2782 3917 2850 ἁξιωματικός;
3954 2784 4060 2852 χρὴ

2475 2871 2580 2941 γὰρ
2609 2871 2771 2923 αὑτὸν
2799 2873 3014 2940 πρῶτον
3041 2874 3322 2936 κοπιάσαι,
3354 2874 3446 2923 καὶ
3475 2873 3786 2925 είσελθόντα
3821 2874 4059 2943 πόλεμον

2477 2961 2660 3014 λαϐεῖν
2692 2961 2762 3014 τὰ.
2788 2963 3078 3031 νικητήρια
3116 2964 3207 3013 καὶ
3241 2964 3675 3031 στεφανωθῆναι.

788 3057 925 3109 falso
974 3055 1260 3108 arbitranti
1319 3070 1517 3123 purum
1572 3070 1629 3109 se
1696 3071 1760 3109 ac
1812 3055 2117 3124 perfectum
2168 3070 2310 3109 esse.
2372 3054 2537 3123 Atqui
2578 3070 2755 3123 neque
2810 3056 3064 3122 plantans
3112 3055 3327 3107 vineam
3387 3056 3571 3109 statim
3630 3072 3698 3110 ex
3771 3072 3838 3112 ea
3899 3074 4057 3111 uvam

790 3156 1061 3200 maturam
1134 3153 1229 3197 aut
1276 3144 1463 3198 vinum
1510 3146 1673 3214 legit;
1724 3162 1901 3214 neque
1953 3147 2231 3199 seminans
2263 3147 2504 3199 triticum
2570 3148 2623 3200 in
2672 3156 2840 3210 terra,
2901 3148 3095 3200 eodem
3127 3156 3377 3215 tempore
3422 3159 3636 3217 segetes
3661 3151 3837 3212 metit,
3862 3162 3920 3204 et
3949 3152 4062 3205 fru-

788 3250 911 3291 ctus
951 3240 1125 3307 capit;
1163 3254 1342 3307 neque
1377 3237 1540 3289 modo
1575 3246 1736 3289 natus
1778 3252 1917 3304 puer
1968 3236 2154 3289 subito
2185 3246 2364 3303 potest
2405 3236 2458 3287 in
2484 3236 2663 3288 virum
2688 3234 3005 3288 adolescere
3043 3252 3056 3286 :
3098 3251 3201 3289 nec
3273 3236 3484 3291 militia:
3516 3239 3689 3307 prima
3747 3241 4061 3295 rudimenta

789 3344 999 3398 ponens
1033 3330 1157 3394 tiro,
1189 3331 1298 3397 jam
1329 3327 1675 3396 prafecturis
1722 3328 2055 3380 militaribus
2087 3336 2247 3395 aptus
2273 3327 2528 3395 gerendis
2563 3336 2688 3381 est:
2724 3336 2947 3396 oportet
2996 3328 3145 3381 enim
3224 3328 3371 3381 hunc
3429 3330 3670 3397 primum
3737 3333 3898 3402 longa
3964 3348 4061 3404 pa-

792 3420 985 3475 tientia
1042 3424 1354 3476 insuescere
1401 3419 1613 3484 labori;
1666 3427 1778 3471 tum
1806 3418 1948 3472 facta
1974 3436 2169 3491 pugnae
2206 3422 2362 3491 capia
2397 3420 2613 3474 fortiter
2674 3418 2731 3472 in
2787 3434 2982 3489 campo
3021 3428 3188 3483 stare,
3218 3420 3551 3489 vincereque
3592 3422 3808 3477 hostem
3856 3440 3923 3479 ac
3970 3442 4061 3481 co-

795 3513 979 3565 ronari
992 3552 1005 3564 .

861 3601 977 3655 Xll.
1019 3602 1268 3655 Pulchrae
1296 3601 1461 3670 igitur
1488 3610 1545 3655 et
1573 3602 1732 3655 bona:
1755 3616 1846 3655 res
1870 3610 2022 3669 sunt,
2049 3603 2235 3673 inopia
2270 3619 2358 3658 νο·
2389 3607 2433 3667 C

792 3693 1030 3747 luntaria
1055 3735 1067 3757 ,
1098 3694 1401 3761 psalmodia
1428 3735 1442 3757 ,
1475 3694 1748 3764 jejunium
1774 3735 1787 3756 ,
1834 3695 2033 3763 vigiliae
2054 3735 2066 3759 ,
2108 3707 2166 3750 et
2202 3698 2372 3765 gratia

792 3784 998 3852 potiri;
1049 3783 1146 3836 sed
1197 3798 1390 3852 parum
1444 3793 1676 3851 prosunt
1722 3785 1811 3849 ei,
1855 3786 1947 3853 qui
1985 3786 2267 3849 nondum,
2316 3796 2377 3840 ut

792 3883 1134 3942 oportuerat,
1165 3874 1333 3942 coepit
1364 3874 1574 3936 fodere,
1604 3875 1697 3926 ubi
1731 3874 2150 3927 fundamentum
2186 3885 2373 3943 ponat.

791 3963 903 4018 Nec
929 3980 986 4017 se
1015 3964 1193 4033 decipi
1224 3980 1380 4017 mens
1428 3965 1482 4017 in
1518 3979 1586 4016 eo
1622 3965 1863 4032 patiatur
1885 4006 1897 4027 ,
1933 3973 2216 4032 utcunque
2250 3979 2375 4033 gra—

794 4054 883 4106 tiae
903 4054 1212 4122 particeps;
1236 4063 1331 4107 aut
1353 4054 1478 4107 inde
1498 4054 1600 4107 sibi
1624 4055 1897 4118 aduletur,
1920 4054 2377 4123 pretiosam‘azsti-

796 4159 952 4198 mans
1004 4159 1158 4198 suam
1214 4146 1472 4197 animam.
1529 4144 1757 4213 Respice
1809 4146 2106 4208 inlesum,
2152 4161 2181 4198 a
2227 4144 2375 4212 quali

793 4236 963 4306 gloria
997 4238 1091 4290 Dei
1120 4237 1311 4299 Filius,
1342 4237 1487 4289 Deus
1518 4235 1633 4305 ipse
1661 4276 1675 4300 ,
1712 4238 1765 4288 in
1802 4251 1940 4304 quas
1971 4236 2255 4304 passiones
2285 4250 2376 4288 us-

796 4342 902 4394 que
928 4327 994 4379 ad
1027 4326 1443 4381 crucifixionem
1478 4326 1661 4380 venit?
1692 4327 1925 4395 Propter
1951 4328 2091 4380 hanc
2122 4342 2251 4396 ergo
2272 4327 2376 4379 hu-

798 4414 1087 4467 militatem
1130 4414 1400 4466 exaltatus
1442 4423 1547 4477 est,
1585 4413 1639 4465 in
1668 4412 1895 4466 dextera
1936 4414 2115 4467 Patris
2158 4414 2373 4467 sedens.

796 4507 865 4559 At
891 4520 1120 4573 serpens
1146 4520 1176 4557 a
1206 4504 1481 4573 principio
1510 4503 1710 4557 insevit
1748 4504 1988 4568 Adamo,
2035 4504 2379 4559 exaltationis

793 4611 1035 4651 amorem
1063 4611 1363 4667 suggerens
1391 4612 1403 4646 :
1431 4594 1598 4647 Erilis
1628 4595 1759 4646 sicut
1786 4594 1874 4647 Dii
1902 4595 1943 4659 ’,
1979 4610 2076 4663 per
2097 4596 2255 4647 istam
2282 4611 2379 4647 au-

799 4700 909 4743 tem
935 4688 1337 4741 all'ectationem
1370 4687 1745 4748 sublimitatis,
1778 4686 1931 4739 vides
1958 4688 2013 4739 in
2036 4703 2197 4755 quam
2220 4688 2376 4756 igno-

795 4780 1019 4832 miniam
1072 4778 1362 4832 descendit
1411 4793 1584 4847 genus
1625 4778 1948 4831 humanum.
2004 4777 2143 4830 Sane
2192 4794 2377 4846 quaero

796 4871 1072 4923 hominem
1132 4885 1429 4939 pauperem
1482 4869 1701 4937 spiritu,
1754 4884 1856 4922 nec
1911 4869 2151 4921 invenio.
2208 4869 2277 4924 Ut
2333 4870 2376 4923 si

2541 3603 2640 3656 lB'.
2677 3602 2858 3656 Καλὸν
2897 3602 2990 3655 οὖν
3036 3604 3186 3657 ἐστιν
3226 3607 3259 3675 ή
3295 3606 3651 3676 ἀκτημοσύνη
3683 3611 3776 3663 καὶ
3812 3613 3846 3683 ὴ
3881 3612 4059 3685 ψαλμ-

2473 3692 2626 3761 ῳδία,
2659 3696 2753 3745 καὶ
2781 3696 2813 3762 ἡ
2843 3694 3065 3761 νηστεία
3116 3696 3209 3747 καὶ
3240 3698 3272 3764 ἠ
3308 3698 3603 3766 ἀγρυπνία,
3659 3702 3753 3752 καὶ
3783 3702 3845 3753 τὸ
3873 3704 4058 3757 λαϐεῖν

2476 3783 2634 3851 χάριν
2677 3782 2812 3835 Θεοῦ
2834 3798 2847 3811 ·
2901 3786 2928 3835 6
2969 3784 3025 3834 δὲ
3068 3785 3251 3854 ἀκμὴν
3280 3784 3433 3838 οὔπω
3472 3787 3674 3857 ήρξατο
3709 3790 3785 3853 ὡς
3818 3791 3899 3845 δεῖ
3922 3797 4056 3847 σκά-

2476 3891 2631 3927 πτειν
2671 3876 2765 3927 καὶ
2803 3874 3010 3927 τιθέναι
3045 3875 3313 3945 θεμέλιον.
3365 3880 3474 3930 Καὶ
3503 3882 3560 3930 ἐν
3590 3882 3847 3945 τοιούτοις
3882 3886 3912 3937 6
3938 3885 4057 3949 νοῦς

2475 3966 2553 4017 δεῖ
2580 3966 2943 4032 ἀνεπίληπτος
2968 3961 3105 4017 εἶναι
3141 3968 3366 4036 μέτοχος
3384 3970 3606 4038 χάριτος
3631 3987 3646 4002 ⁸
3676 3972 3863 4025 λοιπὸν
3886 3978 4055 4030 οἴεται

2476 4054 2601 4122 περὶ
2629 4052 2815 4116 αὑτοῦ,
2853 4055 2947 4105 καὶ
2978 4052 3090 4122 ἔχει
3121 4057 3320 4125 τιμίαν.
3354 4059 3452 4125 τὴν
3480 4060 3679 4130 ψυχήν.
3728 4064 4056 4136 Ἀπόϐλεῷον

2476 4145 2555 4207 εἰς
2584 4144 2676 4197 τδν
2714 4143 2938 4214 Ἰησοῦν,
2974 4146 3081 4197 ἀπὸ
3110 4146 3267 4208 ποίας
3299 4146 3456 4215 δόξης
3485 4148 3613 4213 Υἱὸς
3640 4152 3771 4205 Θεοῦ
3804 4157 3899 4208 καὶ
3928 4157 4056 4223 Θεὲς

2476 4233 2572 4298 ὢν,
2605 4236 2685 4298 είς
2712 4238 2843 4288 ποῖα
2876 4235 3021 4307 πάθη
3058 4237 3153 4290 καὶ
3184 4238 3493 4309 σταύρωσιν
3534 4237 3685 4310 ἦλθε.
3718 4246 3818 4299 Διὰ
3853 4249 4054 4319 ταύτην

2476 4325 2567 4385 οῦν
2608 4326 2706 4395 τὴν
2758 4327 3262 4399 ταπεινοφροσύνην
3312 4331 3644 4401 ὑπερυψώθη
3673 4338 3731 4387 ἐν
3771 4336 3922 4408 δεξιᾷ
3964 4341 4053 4392 τοῦ

2478 4416 2691 4483 Πατρδς
2725 4415 3044 4478 καθεσθείςο
3093 4418 3188 4469 καὶ
3224 4420 3251 4470 6
3287 4418 3411 4487 ὄφις
3458 4420 3517 4484 ἐξ
3558 4423 3730 4493 ἀρχῆς
3758 4427 4053 4499 ὑπέσπειρε

2475 4504 2552 4573 τῷ
2597 4504 2763 4575 Ἀδὰμ
2791 4505 3020 4575 ὕψωμα,
3067 4508 3149 4560 ὅτι
3195 4508 3291 4573 Ὠς
3337 4511 3481 4576 Θεὸς
3525 4514 3691 4581 γίνῃ·
3726 4516 3817 4569 διὰ
3856 4520 4054 4589 ταύτης

2477 4601 2573 4669 τῆς
2623 4600 3074 4670 ὑψηλοφροσύνης
3120 4599 3261 4666 εἶδες
3307 4604 3401 4657 οῦν
3458 4609 3537 4670 είς
3586 4610 3775 4662 ὁποίαν
3832 4613 4052 4682 ἀτιμίαν

2478 4689 2715 4758 κατῆλθε
2736 4691 2796 4742 τὸ
2824 4691 2979 4757 γένος
3012 4690 3104 4743 τοῦ
3149 4693 3339 4762 Ἀδάμ.
3382 4696 3655 4765 Ἐπιζητῶ
3679 4699 3743 4769 δὴ
3771 4700 4051 4771 ἄνθρωπον

2482 4779 2699 4847 πτωχὸν
2726 4780 2806 4849 τῷ
2842 4780 3135 4850 πνεύματι,
3164 4784 3256 4834 καὶ
3299 4785 3397 4852 οὐχ
3445 4786 3685 4854 εὑρίσκω
3711 4805 3723 4817 ’
3754 4789 3943 4861 ὥσπερ
3972 4794 4051 4845 ἶνα

2478 4866 2511 4939 ᾖ
2535 4887 2615 4931 τις
2650 4869 2903 4933 πλούσιος
2926 4870 3063 4940 ἔχων
3086 4873 3144 4924 ἐν
3163 4873 3239 4941 τῷ
3260 4874 3393 4942 οἴκῳ
3412 4875 3577 4927 αὑτοῦ
3612 4878 3940 4949 θησαυροὺς,
3966 4886 4051 4936 καὶ

792 4963 916 5030 quis
949 4962 1159 5017 habens
1190 4964 1503 5017 reetmditos
1534 4963 1679 5015 domi
1712 4963 2017 5026 thesauros,
2050 4972 2229 5016 tamen
2257 4965 2367 5017 cir-
2406 4944 2450 4999 Ῑ)

2365 4996 2367 5001 μ
2406 4944 2509 5032 υῇ
2546 4961 2914 5029 ἐπιδεόμενος,
2944 4964 3038 5014 καὶ
3076 4965 3290 5033 πτωχὸς
3333 4966 3429 5017 καὶ
3461 4968 3609 5037 παρὰ
3639 4944 3857 5023 πάντων
3896 4973 4045 5043 ζητῇ.

795 5060 1011 5107 cumeat
1046 5052 1364 5105 mendicans
1388 5060 1442 5104 et
1474 5052 1543 5105 ab
1575 5052 1833 5105 omnibus
1863 5063 2057 5120 petens
2089 5070 2101 5104 :
2132 5052 2211 5106 sic
2240 5062 2367 5105 sunt

793 5138 1092 5193 Christiani
1122 5142 1307 5209 gratia:
1350 5142 1691 5210 possessione
1739 5143 1883 5210 apud
1933 5142 2104 5195 Deum
2146 5143 2365 5208 divites,

796 5230 988 5283 humili
1014 5230 1104 5284 'sui
1139 5231 1497 5285 aestimatione
1528 5248 1813 5301 pauperes,
1838 5241 1891 5286 et
1920 5234 2075 5301 quasi
2109 5234 2245 5287 nihil
2270 5235 2367 5288 ha-

797 5320 1007 5375 bentes.
1059 5324 1340 5377 Debentur
1367 5325 1527 5377 alicui
1556 5334 1776 5378 centum
1817 5328 1937 5379 auri
1978 5326 2168 5391 librte;
2208 5327 2253 5379 si
2282 5327 2371 5380 ille

796 5414 1041 5484 quinque
1075 5417 1312 5483 acceptis
1343 5417 1411 5469 sit
1436 5425 1746 5480 contentus,
1779 5432 1879 5469 nec
1907 5418 2049 5470 ultra
2072 5418 2371 5486 quidquam

796 5512 1040 5573 quaerat;
1078 5521 1146 5558 an
1176 5515 1297 5573 aget
1323 5507 1635 5573 sapienter?
1664 5508 1823 5575 Pejus
1850 5508 2013 5559 etiam
2043 5508 2144 5561 sibi
2178 5524 2374 5563 consu-

798 5594 917 5648 lunt
947 5597 1191 5663 quidam,
1244 5596 1545 5655 habentes.
1584 5608 1642 5650 ut
1681 5598 1759 5651 sic
1799 5599 2011 5666 dicam,
2046 5582 2244 5655 ldccem
2273 5617 2373 5653 un-

936 5771 1023 5818 ιὶρι
1109 5790 1115 5813 ι

2484 5052 2671 5114 Οὕτως
2707 5054 2815 5105 εἰσὶ
2865 5055 3180 5122 Χριστιανοὶ
3221 5056 3436 5125 ἔχοντες
3485 5062 3667 5129 χάριν,
3705 5064 3947 5115 πλούσιοι
3976 5069 4047 5127 εις

2474 5142 2626 5207 Θεὸν,
2661 5144 2865 5213 πτωχοί
2913 5145 3017 5195 εἰσι
3053 5146 3129 5213 τῷ
3180 5146 3467 5216 πνεύματι,
3511 5150 3587 5212 ὡς
3618 5152 3783 5221 μηδὲν
3810 5155 4045 5223 ἓχοντες”

2477 5235 2584 5285 εἰσὶ
2627 5236 2763 5304 πρὸς
2817 5234 2971 5301 λόγον
3018 5237 3213 5289 ἑκατὸν
3252 5237 3431 5307 λίτραι
3484 5241 3708 5308 χρυσίου
3740 5242 3805 5302 ἃς
3853 5245 4044 5311 ὀφείλει

2480 5329 2783 5396 κτήσασθαι
2810 5346 2822 5359 ·
2859 5330 2887 5380 6
2936 5329 3117 5383 λαϐὼν
3167 5332 3326 5383 πέντε
3372 5332 3560 5402 λίτρας
3611 5336 3899 5405 ἐκορέσθη.
3936 5338 4047 5391 Εἰσὶ

2477 5419 2535 5471 δέ
2563 5437 2707 5482 τινες
2734 5420 2871 5489 πρὸς
2904 5420 3059 5487 λόγον
3107 5422 3239 5475 δέκα
3268 5423 3489 5491 ούγκίας
3520 5425 3731 5493 ἔχοντες
3761 5426 3861 5496 τῆς
3894 5429 4043 5498 χάρι-

2477 5529 2591 5573 τος,
2623 5514 2717 5565 καὶ
2769 5504 3014 5566 ποιοῦσιν
3058 5515 3228 5576 αὑτὰς
3284 5516 3499 5579 ἑκατὸν,
3545 5518 3909 5588 καυχώμενοι.
3945 5524 4043 5574 Καὶ

2478 5605 2584 5656 εἰσὶ
2622 5604 2883 5668 πολλάκις
2914 5606 3072 5659 πέντε
3109 5606 3336 5673 οὑγκίας
3378 5608 3594 5678 ἔχοντες
3618 5610 3715 5679 τῆς
3754 5612 4039 5687 ἁμαρτίας,
