4254 6358
188 361 299 425 833

1282 360 1511 421 LIBER
1549 360 1646 421 DE
1683 356 2059 422 CUSTODIA
2095 360 2387 423 CORDIS.

3347 360 3453 427 836

190 474 287 528 καὶ
330 471 578 527 ποιοῦσιν
653 472 824 535 αὐτὰς
884 473 1183 543 ήμιούγκια
1282 471 1439 527 τοῦτο
1485 474 1542 527 δὲ
1592 474 1775 537 αὐτοῖς
1803 475 1850 534 Δ

1803 475 1850 534 Α
1878 474 1989 529 eias
2024 476 2246 546 gratiae;
2279 483 2337 531 ct
2371 488 2466 531 eas
2508 489 2649 531 vano
2676 485 2890 531 tumore
2917 476 3260 547 gloriationis
3304 475 3456 535 falsa:

189 562 505 633 συμϐαίνει,
538 565 572 635 ἢ
610 564 732 617 κατ’
759 563 1005 633 ἄγνοιαν,
1038 564 1121 618 ὅτι
1169 566 1229 619 ὲν
1284 567 1420 637 αὐτῇ
1467 568 1531 637 τῇ
1591 567 1775 637 χάριτι

190 656 663 725 ὐποκλεπτόμενοι
710 656 811 708 οὐκ
859 656 1082 709 οἴδασιν.
1116 657 1186 708 Ἥ
1248 656 1391 709 κατὰ
1448 655 1773 722 κενοδοξίαν,

190 747 575 815 αἰσχυνόμενοι
621 749 796 799 εἰπεῖν
844 748 925 799 ὅτι
979 749 1192 816 ὲνεργεῖ
1218 748 1278 799 τὸ
1312 749 1510 801 κακόν·
1544 749 1642 819 ήδη
1668 749 1776 818 γὰρ

193 835 562 905 κηρύττουσιν
603 831 745 889 εἶναι
795 836 1022 897 ἑαυτοὺς
1059 834 1314 897 τελείους.
1350 835 1424 888 Τὸ
1474 835 1530 888 δὲ
1571 836 1777 890 δίκαιον

191 928 272 979 δεῖ
323 930 501 979 ποιεῖν
553 928 645 979 καὶ
696 926 875 995 λέγειν
920 926 1012 978 τὸν
1062 928 1382 998 ἄνθρωπον·
1417 926 1510 979 καὶ
1565 926 1633 979 τὰ
1681 927 1777 996 τῆς

193 1019 421 1089 χάριτος
455 1020 754 1088 ὁμολογεῖν,
786 1018 879 1071 καὶ
906 1018 1005 1089 τὴν
1037 1020 1321 1089 ἐνέργειαν
1352 1018 1453 1088 τῆς
1479 1019 1775 1089 ἁμαρτίας.

197 1112 470 1165 Ψεύδεται
524 1112 633 1181 γὰρ
666 1115 692 1165 6
724 1109 963 1174 τοιοῦτος
1012 1111 1264 1181 καθαρὰν
1295 1110 1467 1178 λέγων
1510 1111 1653 1182 ἔχειν
1681 1112 1781 1183 τὴν

198 1205 465 1276 καρδίαν·
500 1204 598 1274 οὐχ
628 1202 799 1266 οὕτως
820 1203 929 1273 γάρ
961 1204 1169 1256 ἐστιτὰ
1202 1204 1525 1273 πράγματα,
1554 1203 1628 1267 ὡς
1662 1203 1779 1272 ἅμα

198 1300 299 1367 τὴν
333 1298 495 1368 χάριν
545 1296 881 1366 ἐπιδημῆσαι
933 1297 1032 1366 ’ήδη
1093 1297 1328 1366 καθαρὸν
1378 1296 1636 1364 γενέσθαι
1690 1298 1781 1350 τὺν

199 1390 522 1459 ᾶιιθρωπού·
566 1388 955 1457 παραδέδονται
1014 1388 1123 1456 γὰρ
1179 1390 1291 1450 τοῖς
1353 1387 1632 1454 πολεμίοις
1689 1390 1783 1442 καὶ

200 1486 313 1544 τοῖς
366 1481 741 1550 πειρατηρίεις
776 1481 853 1542 εἰς
896 1479 1202 1549 γυμνασίαν
1269 1481 1363 1533 καὶ
1396 1479 1690 1543 παίδευσιν,
1723 1480 1782 1533 ὃν

200 1575 403 1643 τρόπον
456 1572 546 1623 καὶ
584 1573 612 1624 6
663 1569 781 1623 Ἰὼϐ
830 1569 907 1640 τῷ
952 1568 1262 1639 πειρασμῷ.
1308 1568 1567 1635 Συνεργεῖ
1592 1567 1698 1637 γὰρ
1723 1567 1783 1621 τὸ

203 1663 374 1715 κακὸν
423 1662 500 1731 τῷ
543 1660 754 1729 ἀγαθῷ,
790 1660 1107 1730 προαιρέσει
1135 1660 1195 1711 οὐ
1228 1658 1367 1729 καλῇ
1392 1675 1405 1688 ·
1438 1660 1527 1710 τὸν
1560 1658 1613 1711 δὲ
1652 1660 1783 1728 Χρι-

203 1756 423 1806 στιανὸν
469 1753 551 1805 δεῖ
607 1753 767 1803 πέντε
826 1752 1055 1818 οὐγκέας
1101 1750 1200 1819 τῆς
1252 1749 1522 1818 ἁμαρτίας
1571 1749 1780 1819 ἔχοντα,

201 1846 418 1913 λέγειν,
467 1846 548 1897 ὅτι
590 1844 806 1896 Εἴκοσιν
833 1842 958 1912 ἔχω,
982 1842 1073 1895 καὶ
1100 1840 1525 1913 πεπληρωμένος
1546 1841 1663 1912 εἰμὶ
1687 1841 1780 1893 τοῦ

206 1938 402 1991 κακοῦ.
441 1937 550 1989 Καὶ
584 1936 775 2006 ἔχοντα
821 1938 956 2004 πρὸς
1014 1935 1168 2001 λόγον
1209 1934 1436 2001 οὐγκίας
1478 1934 1649 1987 εἴκοσι
1688 1932 1782 1986 τοῦ

200 2028 435 2099 ἀγαθοῦ,
500 2027 710 2094 λέγειν,
758 2028 839 2080 ὅτι
896 2026 1245 2096 Ἠμιούγκιον
1284 2027 1410 2095 ἔχω.
1444 2028 1507 2080 El
1543 2026 1600 2080 δὲ
1627 2026 1785 2079 τοῦτο

201 2123 346 2173 κατὰ
380 2119 684 2183 κενοδοξίαν
735 2118 1046 2187 αἰσχύνεται
1081 2120 1281 2181 εἰπεῖν,
1318 2118 1378 2171 τὸ
1422 2118 1628 2172 δίκαιον
1656 2117 1785 2186 γοῦν

202 2212 436 2265 εἰπάτω.
478 2210 900 2280 Ὀμολογησὰτω
949 2210 1048 2280 μὲν
1101 2212 1194 2264 καὶ
1230 2210 1329 2282 τήν
1377 2211 1657 2281 ἐνέργειαν
1686 2211 1786 2280 τῆς

202 2308 468 2376 χάριτος·
537 2304 930 2376 ὀμολογησάτω
992 2305 1048 2357 δὲ
1110 2306 1204 2357 καὶ
1254 2305 1350 2376 τὴν
1404 2306 1677 2377 ἁμαρτίαν
1729 2308 1787 2358 ὲν

206 2398 390 2467 μέρει.
433 2396 632 2460 Καθὼς
689 2396 780 2449 οὖν
832 2400 1093 2468 προεῖπον
1139 2400 1269 2469 περὶ
1320 2401 1419 2469 τῆς
1469 2398 1667 2467 ψυχῆς,
1706 2399 1788 2452 ὅτι

204 2487 320 2554 ἔχει
382 2486 568 2555 βάθος,
638 2487 995 2556 ὐποδείγμασι
1058 2486 1318 2558 χρώμεθα
1392 2488 1789 2557 διαγράφοντας

206 2579 379 2648 αὐτῆς
427 2578 494 2631 τὰ
550 2576 708 2648 μέλη.
743 2581 953 2649 ’Ὠσπερ
994 2578 1077 2631 ἵνα
1198 2580 1370 2649 ἥλιος,
1418 2579 1513 2631 καὶ
1553 2574 1686 2633 ὦσιν
1732 2579 1791 2643 ἐξ

208 2670 378 2722 αὐτοῦ
424 2670 641 2731 ἀκτῖνες
667 2668 893 2723 πολλαί·
932 2670 964 2737 ἢ
1002 2668 1149 2743 ἵναῇ
1190 2669 1406 2740 δένδρον
1437 2671 1660 2740 ὑψηλὸν,
1696 2673 1792 2723 καὶ

208 2762 308 2833 ἔχῃ
338 2762 563 2823 κλάδους
591 2776 603 2788 ·
643 2760 675 2829 ἦ
709 2760 793 2812 ἵνα
892 2760 1046 2822 πόλις
1075 2760 1308 2830 μεγάλη,
1347 2762 1441 2813 καὶ
1481 2761 1577 2829 ἔχη
1611 2760 1784 2827 γείτο-

210 2872 308 2916 νας
335 2852 535 2914 πολλάς
557 2868 570 2882 ·
607 2851 777 2913 οὕτως
808 2851 955 2903 ἐστὶν
984 2852 1017 2921 ή
1051 2850 1214 2919 νοερὰ
1246 2850 1422 2915 οὐσία,
1456 2852 1489 2920 ή
1528 2850 1791 2912 ἀθάνατος

209 2945 382 3013 ψυχὴ,
410 2944 607 3006 κάλλος
636 2942 815 3011 τίμιον
843 2942 984 3012 ὑπὲρ
1020 2943 1196 2995 πάντα
1221 2941 1288 2994 τὰ
1314 2942 1789 3013 δημιουργήματα,

210 3033 379 3087 εἰκὼν
427 3033 523 3085 καὶ⁵
570 3034 820 3103 ὁμοίωμα
850 3032 1005 3086 Θεοῦ.
1038 3032 1238 3086 Λοιπὸν
1270 3031 1499 3085 ἐλθοῦσα
1532 3034 1562 3101 ἡ
1596 3033 1789 3103 χάρις,

1810 1810 1857 1867 Β

1880 565 1935 619 in
1958 574 2179 620 centum
2198 565 2661 635 multiplicantes:
2690 582 2721 621 e
2750 566 3029 621 contrario
3057 582 3190 621 vero
3209 568 3455 637 plerum-

1878 672 1986 725 que
2020 656 2268 710 nonnulli
2299 655 2568 711 habentes
2599 658 2842 727 quinque
2871 659 3062 715 uncias
3094 663 3330 729 peccati,
3362 678 3458 718 eas

1879 742 1936 795 in
1970 744 2332 797 semiunciam
2387 754 2707 799 extenuant.
2743 746 2799 799 ld
2840 747 2972 816 ipsis
3009 750 3210 806 accidit
3244 752 3328 805 vel
3358 768 3458 822 per

1882 834 2266 903 ignorantiam,
2304 836 2449 904 quod
2484 836 2748 906 quantula
2775 838 2884 891 sint
2911 838 3173 909 impertiti
3201 850 3458 897 mensura

1880 926 2068 994 gratiae
2109 941 2177 980 ex
2212 942 2343 981 vero
2385 944 2495 981 non
2532 939 2738 983 norunt
2762 970 2776 994 ,
2815 932 2901 985 vel
2948 947 3047 1000 per
3086 948 3237 987 vanae
3272 932 3461 1004 gloria:

1880 1018 2204 1087 appetitum,
2248 1034 2358 1072 non
2398 1020 2735 1077 sustinentes
2768 1022 2949 1088 fateri,
2979 1040 3144 1093 quam
3178 1024 3233 1080 in
3267 1041 3326 1080 se
3360 1027 3460 1081 ei-

1881 1109 2195 1179 periuntur,
2224 1111 2601 1179 operationem
2636 1113 2789 1167 mali.
2824 1114 2943 1168 Jam
2978 1115 3126 1168 enim
3157 1117 3461 1185 prmdicant

1881 1216 1939 1255 se
1970 1200 2263 1270 perfectos.
2291 1202 2521 1272 Oportet
2558 1214 2739 1258 autem
2782 1213 2838 1259 et
2873 1204 2989 1259 fieri
3022 1213 3077 1259 et
3121 1206 3228 1261 dici
3260 1208 3329 1261 ab
3363 1208 3461 1262 ho-

1882 1293 2030 1348 mine
2052 1295 2197 1363 quod
2230 1296 2437 1365 justum
2466 1304 2549 1349 est
2573 1314 2587 1361 ;
2609 1306 2665 1350 et
2687 1299 2875 1366 gratiae
2889 1313 3051 1367 quam
3070 1301 3288 1369 accipit,
3318 1302 3460 1356 dona

1882 1383 2167 1453 proﬁteri;
2196 1393 2252 1439 et
2286 1402 2395 1441 non
2427 1386 2795 1453 dissimulare,
2852 1406 3014 1459 quam
3050 1392 3217 1446 sentit
3249 1392 3304 1446 in
3339 1409 3462 1448 sesi:

1883 1478 2094 1543 peccati
2123 1478 2518 1546 operationem.
2552 1479 2813 1534 Mentitur
2853 1482 3057 1551 quippe
3096 1484 3218 1537 talis
3261 1500 3460 1553 purum

1884 1566 2038 1621 aiens
2070 1582 2131 1621 se
2178 1568 2382 1623 habere
2416 1586 2545 1634 cor;
2581 1568 2728 1625 haud
2776 1572 2922 1625 enim
2963 1572 3019 1625 in
3054 1572 3202 1627 hunc
3238 1574 3461 1628 modum

1885 1672 1943 1710 se
1998 1673 2084 1711 res
2139 1658 2380 1724 habent;
2445 1660 2603 1727 quasi
2663 1660 2731 1713 ad
2778 1661 3009 1729 primam
3062 1664 3249 1716 statim
3292 1663 3460 1719 adve-

1885 1748 2128 1804 nientem
2158 1751 2386 1820 gratiam
2422 1767 2594 1820 purus
2619 1752 2769 1806 omni
2796 1768 2862 1807 ex
2888 1762 3042 1823 parte
3073 1754 3239 1809 homo
3267 1756 3464 1810 redda-

1888 1847 1976 1892 tur
2000 1858 2011 1894 :
2048 1840 2285 1894 traditur
2317 1840 2519 1910 quippe
2544 1842 2816 1909 hostibus,
2841 1850 2897 1897 et
2918 1844 3114 1897 borum
3142 1846 3430 1901 tentationi
3457 1875 3468 1888 -

1886 1930 1992 1985 bus
2025 1932 2321 2000 exponitur
2364 1933 2434 1986 ad
2475 1935 2926 1988 exercitationem
2971 1944 3026 1989 et
3072 1935 3462 2005 disciplinam:

1886 2024 2165 2094 quomodo
2204 2024 2308 2079 Job
2343 2024 2642 2078 tentationc
2676 2024 2942 2093 probatus
2977 2032 3081 2079 est.
3123 2023 3466 2094 Cooperatur

1886 2118 2089 2188 quippe
2110 2127 2167 2172 et
2185 2118 2388 2171 malum
2425 2117 2591 2181 bono,
2619 2116 2927 2172 intentione
2956 2132 3069 2171 non
3110 2118 3273 2172 bona.
3306 2118 3468 2173 Chri-

1887 2210 2121 2265 stianum
2139 2224 2269 2263 vero
2284 2210 2543 2264 convenit
2558 2209 2801 2277 quinque
2820 2208 3010 2263 uncias
3034 2211 3242 2278 peccati
3262 2210 3469 2265 haben-

1890 2311 2018 2364 tem,
2048 2300 2234 2355 dicere
2257 2298 2599 2353 humiliando
2627 2314 2685 2354 se
2711 2317 2726 2352 :
2752 2298 2948 2369 viginti
2973 2299 3163 2355 uncias
3189 2300 3383 2365 habeo,
3412 2310 3470 2356 et

1889 2392 2084 2461 plenus
2113 2406 2233 2444 sum
2268 2390 2556 2461 iniquitate
2587 2406 2600 2443 :
2638 2390 2935 2444 habentem
2982 2398 3189 2455 autem,
3232 2394 3470 2462 exempli

1892 2498 2076 2546 causa,
2102 2484 2291 2537 uncias
2312 2483 2503 2553 viginti
2536 2483 2819 2546 bonitatis,
2853 2482 3039 2537 dicere
3067 2500 3080 2537 :
3112 2483 3204 2537 vix
3231 2483 3360 2537 boni
3384 2499 3471 2539 sc-

1892 2575 2167 2629 munciam
2228 2575 2425 2631 habeo.
2480 2574 2537 2629 Si
2579 2583 2761 2629 autem
2803 2575 2909 2629 hoc
2952 2575 3158 2640 dicere,
3210 2576 3281 2631 ob
3318 2591 3473 2631 vana:

1892 2668 2077 2738 gloriae
2101 2667 2369 2733 studium,
2398 2666 2679 2723 erubescit
2705 2685 2719 2733 ;
2757 2668 2951 2721 saltem
2980 2668 3127 2737 quod
3148 2669 3357 2738 justum
3389 2680 3475 2725 est

1892 2762 2158 2829 proferat,
2195 2760 2545 2831 fateaturque
2571 2772 2687 2815 tum
2717 2760 2852 2830 quid
2881 2761 2936 2815 in
2962 2777 3021 2816 se
3056 2773 3314 2830 operetur
3347 2779 3473 2832 gra-

1896 2854 1969 2907 tia
1991 2891 2005 2914 ,
2041 2862 2154 2906 tum
2201 2854 2333 2922 quid
2363 2868 2430 2908 ex
2458 2860 2615 2922 parte
2648 2854 2821 2907 altera
2850 2862 3137 2923 peccatum
3191 2855 3472 2909 moliatur.

1894 2943 2012 2997 Jam
2043 2943 2189 2997 circa
2214 2944 2268 2997 id
2294 2943 2439 3012 quod
2468 2943 2579 2997 dixi
2605 2943 2674 2998 de
2699 2944 2903 3011 anima,
2939 2945 3119 2999 inesse
3141 2945 3219 2999 illi
3245 2945 3476 3015 profun-

1896 3033 2122 3087 ditatem
2146 3034 2500 3096 Iatebrosam,
2523 3033 2788 3102 exemplis
2802 3041 3023 3087 utemur
3044 3034 3479 3103 niernbraipsius

211 3129 294 3189 είς
338 3125 431 3177 δύο
469 3126 691 3187 ἀκτῖνας
730 3124 827 3192 τῆς
872 3124 1048 3193 ψυχῆς
1092 3124 1427 3192 ἐπιλάμπει·
1456 3124 1486 3193 ἢ
1519 3124 1623 3176 ἀπὸ
1669 3124 1790 3176 ὅλου
1821 3150 1866 3209 C

1821 3150 1866 3209 ϐ
1898 3121 2292 3177 describentes.
2340 3120 2815 3187 Quemadmodum
2849 3119 2996 3175 enim
3042 3130 3102 3176 ut
3142 3121 3223 3175 sol
3267 3130 3370 3181 est.
3405 3121 3477 3173 ita

209 3219 309 3272 τοῦ
352 3216 567 3287 δένδρου
618 3216 696 3277 εἰς
750 3214 974 3278 κλάδους
1017 3214 1150 3277 δύο,
1216 3214 1248 3284 ἢ
1312 3216 1418 3267 ἀπὸ
1467 3214 1647 3285 πάσης
1694 3216 1793 3285 τῆς

213 3313 426 3374 πόλεως
457 3314 535 3373 είς
565 3308 659 3361 δύο
688 3308 996 3375 γειτωνίας.
1039 3309 1162 3361 Ἔτι
1197 3306 1253 3359 δὲ
1298 3308 1365 3359 τὰ
1395 3307 1617 3359 πλείονα
1654 3307 1792 3376 μέρη

212 3406 314 3474 τῆς
340 3404 519 3473 ψυχῆς
552 3402 842 3471 κατέχεται
873 3400 981 3452 ἀπὸ
1010 3401 1108 3465 τῆς
1135 3400 1439 3468 ἁμαρτίας·
1467 3400 1561 3452 καὶ
1586 3398 1796 3467 νομίζει

215 3496 297 3546 ὅτι
333 3491 428 3561 ὅλη
460 3491 526 3543 δι’
550 3490 694 3551 ὅλου,
720 3488 814 3541 τοῦ
857 3487 1063 3555 ἀγαθοῦ
1096 3488 1299 3557 μέρους
1336 3487 1429 3541 καὶ
1457 3487 1554 3557 τῆς
1579 3487 1796 3557 χάριτος

217 3586 315 3637 καὶ
353 3583 453 3651 τῆς
478 3582 864 3651 λαμπρότητος
893 3579 1084 3647 γέγονε
1110 3596 1121 3609 ·
1160 3579 1292 3650 πρὸς
1338 3579 1495 3646 λόγον
1535 3580 1696 3633 πέντε
1727 3580 1799 3631 λί-

217 3694 356 3745 τρας
384 3675 609 3744 χρυσίου
637 3674 999 3742 κτησάμενος,
1028 3671 1174 3724 δοκεῖ
1204 3670 1351 3742 αὐτῷ
1381 3674 1462 3726 ὅτι
1490 3672 1682 3725 ἑκατὸν
1719 3672 1798 3723 λί-

219 3785 354 3837 τρας
383 3767 679 3835 ἐκτήσατο·
716 3766 789 3835 μὴ
818 3765 878 3816 τὸ
906 3764 1144 3833 ἐμὸρυον
1177 3765 1233 3816 ὲν
1260 3766 1325 3834 τῇ
1359 3765 1542 3834 μήτρᾳ
1576 3765 1677 3834 ήδη
1702 3764 1796 3831 γέ-

219 3877 377 3926 γονεν
412 3856 728 3927 ἄνθρωπος;
758 3857 790 3925 ἢ
826 3857 908 3909 ὃτι
940 3855 1052 3917 θεὶς
1083 3855 1179 3907 ἕνα
1206 3854 1351 3907 λίθον
1384 3854 1477 3906 τοῦ
1524 3854 1797 3925 θεμελίου,

220 3950 319 4019 ἤδη
356 3947 637 4002 ἐτελείωσε
670 3947 731 3999 τὸ
763 3946 1135 4015 οἱκοδόμημα;
1168 3944 1201 4015 ἦ
1233 3949 1260 3998 6
1291 3946 1490 4014 σπόρος
1513 3947 1541 3997 6
1570 3945 1800 4015 χωσθεὶς

221 4037 315 4089 ἐπὶ
346 4036 447 4104 τῆς
497 4034 621 4104 γῆς,
669 4034 769 4103 ἤδη
822 4035 1037 4100 ἐγένετο
1098 4035 1329 4103 στάχυς;
1387 4034 1459 4103 μὴ
1488 4036 1515 4085 6
1545 4050 1805 4103 πραγμα-

221 4127 511 4196 τευόμενος
539 4125 655 4195 ἅμα
693 4123 787 4178 τοῦ
833 4123 1099 4195 ἄρξασθαι
1128 4124 1227 4193 τῆς
1260 4124 1663 4195 πραγματείας,
1698 4125 1801 4193 ἤδη

222 4219 510 4288 ἐπλήρωσε
540 4217 637 4287 τὴν
667 4214 947 4286 ἀποθήκην
972 4231 987 4280 ;
1014 4217 1106 4268 καὶ
1130 4218 1157 4268 6
1196 4215 1435 4285 μετέχων
1463 4216 1680 4285 χάριτος
1711 4233 1801 4285 μι-

223 4310 386 4381 κρᾶς,
439 4307 590 4377 παρὰ
644 4305 801 4360 τοῦτο
852 4306 1048 4376 γέγογι
1116 4307 1471 4377 Χριστιανόςς
1524 4306 1704 4376 ἀκμήν
1756 4307 1803 4359 οἱ

222 4398 433 4470 πρῶτοι
481 4399 573 4449 καὶ
620 4396 669 4448 οί
723 4395 947 4466 μεγάλοι
972 4395 1143 4458 οὕτως
1164 4395 1269 4447 sici.
1301 4391 1436 4465 πρὸς
1466 4394 1802 4465 τελειότητα,

1898 3222 2027 3267 sunt
2057 3229 2125 3267 ex
2156 3215 2274 3283 ipso
2309 3213 2495 3282 plures
2527 3212 2705 3277 radii;
2742 3219 2803 3266 ut
2832 3212 2996 3267 arbor
3025 3212 3135 3265 alta
3174 3219 3291 3276 est,
3322 3212 3397 3264 ita
3424 3220 3481 3265 et

1898 3322 2080 3362 ramos
2111 3307 2315 3373 habet;
2346 3316 2407 3361 ut
2427 3307 2624 3362 civitas
2657 3322 2851 3377 magna
2882 3316 2968 3361 est
2996 3315 3052 3361 et
3081 3307 3289 3361 circum
3313 3304 3482 3359 habet

1902 3399 2060 3468 166
2096 3400 2261 3453 urbes
2290 3402 2529 3453 multas:
2564 3400 2644 3454 sic
2675 3410 2758 3454 est
2794 3400 3185 3455 intellectualis
3220 3397 3480 3453 substan-

1902 3490 1996 3553 tia,
2030 3490 2353 3545 immortalis
2399 3492 2601 3558 anima,
2641 3491 2996 3560 pulchritudo
3034 3491 3275 3560 pretiosa
3314 3505 3482 3559 super

1898 3595 2092 3634 omnes
2115 3589 2417 3645 creaturas,
2440 3582 2618 3652 imago
2640 3590 2695 3635 et
2716 3581 3071 3636 simulacrum
3094 3581 3187 3635 Dei
3210 3598 3225 3646 ;
3260 3580 3315 3633 in
3338 3578 3485 3634 hanc

1899 3670 2127 3724 veniens
2155 3671 2331 3740 gratia
2357 3672 2576 3726 duobus
2598 3674 2647 3726 ei
2680 3671 2853 3725 radiis
2876 3671 3123 3741 aﬂ‘ulget,
3146 3680 3242 3725 aut
3265 3686 3335 3724 ex
3358 3671 3486 3724 uni-

1899 3777 2056 3815 versa
2084 3762 2305 3825 arbore,
2331 3762 2470 3816 duos
2494 3762 2769 3816 illuminat
2798 3777 3001 3827 ramos,
3033 3769 3129 3815 aut
3157 3760 3319 3814 binas
3345 3759 3486 3813 dun-

1902 3861 2047 3906 taxat
2078 3867 2144 3906 ex
2165 3852 2420 3906 universa
2450 3852 2732 3921 provincia
2760 3852 2927 3906 nrbes
2967 3851 3273 3921 ingreditur
3298 3868 3311 3904 :
3336 3851 3485 3919 quod

1902 3943 2193 4012 allegorice
2224 3942 2495 4014 signiﬁcat
2540 3958 2706 3997 unam
2742 3952 2950 3997 tantum
3003 3953 3059 3998 et
3097 3943 3324 3997 alteram
3361 3943 3485 3997 ani-

1903 4044 2338 4111 mat-potentiam
2383 4044 2558 4113 gratia
2594 4045 2871 4115 contingi,
2921 4044 3101 4098 adhuc
3142 4058 3274 4097 vero
3317 4044 3488 4113 pluri-

1904 4154 2020 4193 mas
2062 4138 2182 4207 ejus
2208 4136 2362 4206 quasi
2411 4137 2662 4191 membro
2694 4147 2921 4207 peccato
2961 4136 3155 4191 teneri.
3194 4137 3487 4207 Utcunque

1903 4239 2151 4286 autumet
2189 4246 2247 4284 se
2294 4238 2458 4283 totam
2488 4245 2556 4285 ex
2587 4238 2703 4285 toto
2735 4230 2997 4285 transisse
3030 4230 3085 4284 in
3122 4239 3335 4299 partem
3367 4246 3485 4285 me-

1905 4321 2121 4384 liorem,
2164 4330 2220 4374 et
2270 4320 2325 4374 in
2371 4319 2607 4375 solidum
2648 4335 2680 4375 a
2710 4319 2885 4391 gratia
2924 4320 3219 4389 possideri,
3268 4330 3327 4375 et
3368 4321 3486 4391 ejus

1908 4411 2075 4466 radiis
2122 4410 2446 4480 splendere;
2483 4425 2775 4481 perperam
2812 4410 3101 4467 subductis
3151 4409 3482 4475 rationibus;

222 4496 296 4552 ὼς
332 4491 359 4541 ὁ
391 4486 732 4556 ὀφιιςικιάλιος
792 4486 926 4556 πρὸς
958 4485 1232 4555 ἡγεμόνα·
1263 4485 1296 4555 ή
1330 4484 1405 4547 ὡς
1447 4484 1582 4555 ρὐξ
1616 4486 1807 4556 μικρὸς
1840 4493 1883 4548 D

1840 4493 1883 4548 ι)
1916 4502 1992 4558 ita
2024 4510 2086 4557 ut
2105 4515 2229 4556 eum
2250 4500 2339 4554 vix
2363 4500 2610 4570 quinque
2641 4499 2813 4555 libras
2834 4500 2954 4554 auri
2980 4514 3108 4555 vere
3134 4498 3354 4563 habeat,
3381 4499 3487 4554 sibi

225 4582 364 4652 πρὸς
409 4579 703 4649 Εὐφράτην
737 4576 1006 4647 ποταμόν.
1046 4577 1106 4629 '0
1160 4574 1297 4646 ἔχων
1348 4575 1605 4647 πρόθεσιν
1635 4579 1805 4632 ἀπελ-

224 4672 340 4723 θεῖν
374 4671 453 4732 εἱς
488 4669 643 4721 πόλιν
678 4670 897 4737 μακρὰν
926 4666 1222 4737 τριάκοντα
1252 4666 1449 4736 μονῶν,
1473 4666 1566 4720 δύο
1594 4668 1626 4738 ἢ
1658 4672 1806 4736 τρεῖς

225 4765 321 4818 ἐὰν
363 4761 598 4831 ἀπέλθη,
631 4760 706 4831 μὴ
752 4761 950 4830 νομίσῃ
986 4761 1067 4813 ὅτι
1100 4760 1352 4828 εἰσῆλθεν
1383 4762 1462 4821 είς
1484 4759 1583 4829 τὴν
1617 4761 1767 4813 πόλιν
1790 4778 1803 4790 '

224 4856 418 4924 ἐπειδὴ
459 4850 553 4907 06v
596 4855 629 4922 ή
677 4851 895 4904 ἐναντία
947 4852 1174 4921 δύναμις
1208 4852 1583 4920 προτρεπτική
1636 4852 1802 4914 ἐστιν,

223 4949 326 5002 οὐκ
342 4946 718 5015 ἁναγκαστική
745 4960 760 4975 ·
794 4942 888 4996 καὶ
936 4944 1056 4997 θεία
1089 4942 1248 5012 χάρις
1282 4943 1655 5012 προτρεπτική
1691 4946 1806 4997 ἐστι

224 5032 315 5096 διὰ
346 5042 407 5094 τὸ
435 5038 781 5103 αὐτεξούσιον
807 5040 901 5091 καὶ
928 5037 1071 5090 λιτὸν
1100 5037 1197 5106 τῆς
1235 5036 1469 5105 φύσεως,
1500 5035 1684 5088 λοιπὸν
1715 5037 1810 5088 ἐὰν

225 5133 432 5201 ποιήσῃ
481 5130 627 5183 κακὰ
664 5130 693 5181 6
741 5127 1025 5199 ἄνθρωπος
1072 5128 1513 5195 προτρεπόμενος
1567 5124 1671 5177 ὐπὸ
1718 5126 1808 5177 τοῦ

226 5224 464 5284 Σατανᾶ,
518 5221 579 5273 οὐ
641 5220 888 5289 κρίνεται
945 5218 1061 5272 ἀντ’
1100 5217 1318 5272 αὐτοῦὸ
1377 5218 1654 5278 Σατανᾶς·
1692 5218 1806 5269 ἀλλ’

226 5314 390 5375 αὐτὸς
450 5313 479 5363 ὁ
527 5311 813 5381 ἄνθρωπος
871 5309 1193 5378 τιμωρεῖται
1240 5307 1333 5359 καὶ
1389 5306 1698 5369 κολάζεται,
1732 5306 1805 5369 ὡς

228 5406 471 5475 ὑπήκοος
499 5401 739 5471 γεγονὼς
763 5401 860 5470 τῆς
891 5402 1089 5463 κακίας
1118 5399 1233 5469 ίδίῳ
1255 5398 1535 5468 θελήματι.
1578 5400 1806 5469 Ὁμοίως

224 5500 321 5552 καὶ
372 5496 470 5550 ἐὰν
508 5497 693 5566 τραπῇ
720 5497 747 5547 6
775 5493 1065 5562 ἄνθρωπος
1098 5494 1176 5554 είς
1222 5493 1282 5544 τὸ
1314 5490 1542 5559 ἀγαθὸν,
1579 5492 1675 5544 καὶ
1710 5510 1804 5543 πε-

228 5593 498 5663 ριγένοιτο
525 5589 685 5659 χάρις
707 5584 866 5652 Θεοῦ,
891 5589 993 5639 οὐκ
1040 5586 1335 5654 ἐπιγράφει
1364 5585 1422 5638 τὸ
1447 5584 1649 5652 ἀγαθὸν
1681 5586 1804 5637 ἐαυ-

225 5689 289 5753 τῇ
321 5687 354 5754 ή
382 5683 543 5753 χάρις
577 5718 592 5743 ,
624 5680 740 5733 ἀλλ’
793 5678 1087 5731 ἀποδίδωσι
1125 5677 1203 5746 τῷ
1232 5678 1503 5747 ἀνθρώπῳ
1528 5680 1621 5729 καὶ
1645 5677 1800 5740 δοξά-

226 5776 306 5839 ζει
343 5773 539 5826 αὐτήν·
570 5769 753 5836 ἐπειδὴ
782 5768 959 5836 ἑαυτῷ
999 5768 1206 5835 ἐγίνετο
1246 5770 1273 5819 6
1305 5769 1591 5836 ἅνθρωπος
1627 5768 1799 5830 αἴτιος

495 5864 763 5923 ΡΑτιιοι.
807 5860 922 5921 Gn.
968 5858 1237 5921 XXXIV.

1906 4600 2087 4646 tamen
2110 4588 2438 4659 persuadeat
2460 4605 2570 4645 non
2601 4589 2786 4644 minus
2811 4587 2967 4644 libris
2986 4599 3208 4644 centum
3233 4604 3291 4643 se
3315 4589 3491 4658 possi-

1906 4680 2056 4734 dere.
2084 4680 2167 4733 An
2196 4678 2342 4733 fetus
2373 4676 2555 4733 adhuc
2583 4678 2835 4733 informis
2886 4680 2943 4732 iu
2970 4690 3153 4745 utero,
3187 4680 3355 4734 homo
3376 4681 3490 4749 jam

1907 4771 2183 4840 perfectus
2211 4772 2340 4825 est?
2372 4772 2453 4823 An
2472 4771 2567 4839 qui
2596 4785 2768 4824 unum
2802 4769 2857 4823 in
2889 4769 3309 4825 fundamentum
3345 4770 3487 4838 lapi-

1907 4863 2033 4918 dem
2080 4863 2215 4933 jecit
2240 4903 2255 4926 ,
2291 4864 2397 4932 jam
2451 4862 2685 4931 perfecit
2719 4861 3052 4916 aedilicium?
3083 4874 3268 4917 utrum
3305 4878 3495 4917 semen

1910 4955 2062 5008 sulco
2094 4953 2386 5023 ingestum,
2421 4953 2533 5019 jam
2565 4953 2716 5022 spica
2746 4952 2870 5006 est?
2902 4953 3045 5007 Num
3070 4962 3363 5016 mercator,
3395 4953 3493 5020 qui

1908 5045 2071 5100 modo
2119 5045 2311 5114 incipit
2364 5044 2655 5113 negotiari,
2712 5044 2946 5113 replevit
2995 5045 3105 5114 jam
3156 5045 3498 5114 apothecas?

1908 5138 2023 5191 Non
2052 5151 2183 5190 sane
2215 5135 2408 5205 magis,
2434 5135 2529 5203 qui
2562 5135 2753 5203 priinze
2785 5135 2977 5204 gratim
3005 5135 3285 5205 particeps
3307 5142 3391 5188 est
3417 5135 3499 5189 fa-

1910 5238 2051 5289 ctus,
2087 5229 2198 5298 jam
2227 5226 2577 5281 Christianus
2607 5232 2713 5279 est.
2765 5225 2928 5294 Atqui
2954 5224 3116 5293 primi
3149 5223 3253 5293 ipsi
3284 5239 3348 5278 ac
3378 5238 3497 5276 ina-

1915 5319 2005 5387 gni
2036 5319 2115 5373 sic
2144 5333 2203 5372 se
2232 5317 2297 5371 ad
2330 5316 2724 5385 perfectionem
2765 5315 2974 5369 habent
2999 5353 3013 5375 .
3066 5322 3126 5368 ut
3154 5315 3405 5368 minister
3429 5313 3499 5368 ad

1918 5410 2305 5477 imperatorem
2334 5446 2348 5470 ,
2402 5416 2461 5460 ut
2501 5406 2713 5460 rivulus
2762 5405 2832 5459 ad
2880 5405 3199 5473 Euphraten
3249 5404 3499 5459 (luvium.

1918 5501 2139 5554 Habens
2168 5498 2511 5567 propositum
2547 5498 2600 5551 in
2633 5497 2825 5552 urbem
2846 5497 3012 5550 eundi
3042 5497 3263 5566 triginta
3285 5498 3500 5550 dierum

1918 5591 2119 5643 itinere
2150 5588 2441 5653 dissitam;
2479 5604 2547 5641 ne
2582 5588 2674 5641 ubi
2720 5586 2949 5641 biduum
2992 5597 3089 5640 aut
3121 5587 3364 5640 triduum
3402 5588 3502 5641 vice

1909 5678 2223 5747 peregerit.
2259 5678 2368 5745 jam
2404 5693 2460 5732 sc
2508 5686 2663 5746 putet
2711 5678 3023 5747 ingressum
3071 5690 3191 5730 esse
3220 5676 3498 5730 civitatein

1910 5769 2076 5821 illam.
2104 5765 2371 5831 Quoniam
2402 5766 2569 5836 igitur
2593 5765 2903 5820 adversaria
2931 5772 3173 5833 potestas
3203 5765 3493 5833 instigare,

3102 5856 3172 5913 Ξῖ
