4254 6358
779 401 882 464 835

2018 404 2073 459 S.
2121 403 2311 460 MACA
2325 400 2396 459 Ri
2415 400 2432 457 ι
2480 398 2798 457 {EGYPTII

3940 396 4044 464 836

781 532 887 569 non
918 523 1100 568 autem
1141 514 1335 569 aﬂ‘erre
1366 514 1744 569 necessitatem
1768 521 1982 583 potest;
2012 513 2195 566 divina
2232 512 2359 563 item
2396 517 2433 568 Α

2396 517 2433 568 Α
2465 508 2555 559 τοῦ
2580 507 2785 572 ἀγαθοῦ
2812 525 2823 536 ·
2868 507 3036 575 αὐτῆς
3071 510 3177 578 γάρ
3208 510 3325 562 ἐστι
3356 511 3453 579 τῆς
3494 511 3707 578 φύσεως
3730 507 3887 573 οὗτος
3908 529 3919 537 ’
3951 515 4041 564 καλ

778 608 948 677 gratia
978 607 1261 670 hortatur,
1295 614 1519 676 propter
1547 607 1629 660 sui
1668 616 1863 675 potens
1883 604 2171 658 arbitrium
2202 613 2253 655 ct
2291 604 2322 655 Ii
2342 633 2354 641 -

783 701 1056 753 bertatem
1103 698 1345 751 innatam
1388 708 1622 759 naturae;
1674 696 1857 766 itaque
1895 696 1937 748 si
1981 695 2120 747 mala
2168 693 2356 745 fecerit

784 788 947 840 homo
976 800 1275 854 persuasus
1302 799 1331 837 a
1360 783 1577 848 Satana,
1605 799 1713 837 non
1732 783 2009 854 judicatur
2041 783 2157 835 vice
2187 781 2357 849 ipsius

781 870 1029 935 Satanas,
1058 869 1155 923 sed
1186 869 1301 938 ipse
1319 869 1483 922 homo
1512 871 1811 939 castigatur
1844 884 1906 922 ac
1938 869 2183 937 punitur,
2208 868 2355 936 quod

783 961 1002 1014 malitia:
1030 960 1297 1014 obediens
1324 958 1499 1013 lactus
1525 961 1692 1014 fuerit
1712 977 1777 1014 ex
1806 961 2027 1029 propria
2049 962 2352 1014 voluntate.

783 1052 1048 1105 Similiter
1080 1050 1127 1104 si
1166 1059 1355 1119 vergat
1384 1051 1549 1105 homo
1581 1050 1647 1104 ad
1681 1051 1908 1114 bonum,
1933 1060 1989 1105 et
2017 1053 2201 1105 vincat
2235 1067 2355 1121 gra—

785 1143 859 1196 tia
890 1143 1021 1208 Dei;
1053 1141 1200 1196 haud
1245 1142 1483 1196 ascribat
1513 1142 1615 1211 ipsi
1644 1142 1746 1195 sibi
1780 1143 1986 1196 bonum
2014 1140 2227 1212 gratia;
2259 1141 2353 1196 sed

782 1233 1040 1289 attribuit
1073 1232 1280 1287 homini
1314 1240 1369 1286 et
1401 1231 1667 1303 gloriﬁcat
1700 1233 1916 1301 ipsum;
1957 1232 2218 1303 quoniam
2251 1232 2353 1287 sibi

785 1327 949 1380 homo
979 1341 1144 1380 causa
1176 1326 1305 1379 boni
1335 1323 1514 1379 lactus
1542 1334 1662 1391 est;
1700 1325 1826 1379 talis
1847 1326 1991 1380 enim
2024 1325 2116 1379 hic
2144 1334 2229 1380 est
2260 1339 2356 1378 na-

785 1430 956 1480 turae;
988 1432 1097 1470 non
1131 1425 1315 1469 autem
1352 1425 1411 1468 ut
1445 1416 1672 1469 veniens
1703 1417 1769 1469 ad
1818 1416 1995 1484 ipsum
2022 1416 2194 1485 gratia
2228 1415 2355 1485 liget

779 1511 900 1578 ejus
922 1506 1284 1568 voluntatem,
1320 1504 1615 1557 inducente
1655 1505 2036 1558 necessitatem
2070 1506 2351 1574 potentia;

780 1614 843 1652 ac
872 1598 938 1652 de
961 1605 1158 1650 caetero
1184 1596 1458 1649 volentem
1479 1595 1755 1649 nolentem
1789 1596 1965 1664 ipsum
1999 1596 2355 1651 immobiliter

779 1689 956 1759 alligat
984 1689 1162 1750 bono;
1199 1686 1292 1740 sed
1336 1685 1428 1739 dat
1472 1686 1651 1740 locum
1693 1686 1868 1740 libero
1894 1685 2155 1747 arbitrio.
2188 1688 2352 1741 etiam

780 1794 899 1832 cunt
939 1778 1016 1831 illi
1043 1790 1282 1845 praesens
1302 1775 1458 1829 adest
1486 1775 1668 1828 divina
1693 1776 1775 1829 vis
1801 1793 1813 1827 :
1839 1785 1898 1828 ut
1922 1775 2350 1840 demonstretur,

2460 601 2555 667 οὔχ
2584 593 2693 650 οἷον
2734 600 3007 668 ἐρχομένη
3045 602 3077 669 ὴ
3111 601 3266 667 χάρις
3302 601 3436 670 πρὸς
3468 601 3631 654 αὑτὸν
3660 603 4039 672 άναγκαστικῇ

2459 688 2682 754 δυνάμει
2730 688 2925 757 δεσμεῖ
2967 687 3131 740 αὑτοῦ
3159 690 3217 739 τὸ
3245 689 3476 759 θέλημα,
3510 693 3604 743 καὶ
3634 691 3819 743 λοιπὸν
3851 692 4042 743 ἑκόντα

2461 781 2552 831 καὶ
2582 779 2785 831 ἄκοντα
2821 783 2966 831 ⁸ττοιεῖ
2996 782 3155 833 αὐτὸν
3186 783 3459 852 ἄτρεπτον
3510 782 3738 850 ἀγαθοῦ,
3769 784 3907 835 ἀλλὰ
3940 802 4042 836 πα-

2463 872 2700 939 ραχωρεῖ
2720 869 2797 938 τῷ
2829 870 3164 941 αὐτεξουσίῳ
3190 874 3284 926 καὶ
3313 874 3548 930 συνοῦσα
3575 877 3607 945 ἠ
3639 875 3757 928 θεία
3789 876 4041 943 δύναμις,

2462 961 2547 1014 ίνα
2577 962 2867 1032 ἀποδειχθῇ
2908 964 2965 1015 τὸ
3001 964 3211 1034 θέλημα
3241 966 3336 1019 τοῦ
3364 967 3673 1035 ἀνθρώπου,
3704 970 3753 1019 εἰ
3783 970 3919 1037 τιμᾷ
3944 970 4043 1036 τὴν

2458 1048 2631 1119 ψυχὴν
2658 1050 2690 1120 ἢ
2720 1050 2780 1102 ού
2809 1053 2943 1121 τιμᾷ
2967 1071 2979 1083 ·
3006 1056 3054 1106 εί
3085 1059 3365 1124 συμφωνεῖ
3398 1057 3431 1127 ἢ
3464 1060 3525 1110 οὗ
3568 1061 3881 1126 συμφωνεῖ·
3912 1059 4038 1109 πολ-

2464 1140 2543 1191 λοὶ
2580 1142 2689 1211 γὰρ
2726 1142 2992 1213 ἐτίμησαν
3042 1147 3135 1197 καὶ
3180 1148 3591 1217 συνεφώνησαν.
3632 1150 3815 1202 ’Λλλοι
3861 1150 3917 1201 δὲ
3950 1150 4039 1211 ἐξ·

2458 1234 2790 1304 ἐτράπησαν.
2834 1236 2992 1304 Λέγει
3023 1239 3131 1307 γὰρ
3173 1240 3201 1288 ὀ
3248 1240 4039 1308 ’Λπόστολος,“Ει·αρξάμενει

2464 1324 2754 1393 πνεύματι
2789 1340 2802 1354 ·
2834 1324 2950 1377 νῦν
3010 1329 3187 1393 σαρκὶ
3247 1328 3569 1383 ἐπιτελεῖτε
3593 1348 3606 1360 ·
3643 1335 3706 1401 τῇ
3735 1332 3842 1399 γὰρ
3880 1331 4039 1399 φύσει

2458 1414 2618 1481 νόμος
2672 1415 2733 1465 ού
2783 1416 2979 1478 κεῖται,
3033 1416 3169 1468 ἀλλά
3204 1421 3268 1488 τῇ
3322 1420 3655 1489 αὑτεξουσίῳ
3714 1420 4038 1489 προαιρέσει

2456 1505 2731 1576 δυναμένῃ
2781 1507 3057 1575 τραπῆναι
3098 1509 3191 1559 ἐπὶ
3237 1509 3297 1561 τὸ
3336 1511 3541 1576 ἀγαθὸν
3587 1512 3681 1563 καὶ⁴
3740 1512 3802 1563 τὸ
3840 1511 4034 1563 κακόν.

2456 1595 2545 1647 Διὸ
2582 1595 2729 1663 λέγει
2772 1598 2800 1647 ὁ
2856 1597 3089 1665 Κύριος·
3141 1600 3265 1666 Πῦρ
3310 1596 3503 1669 ἦλθον
3550 1602 3773 1665 βαλεῖν
3800 1603 3893 1654 ἐπὶ
3922 1601 4041 1666 τὴν

2456 1685 2589 1755 γῆν,
2627 1686 2723 1738 καὶ
2756 1687 3028 1753 ἠθέλησα
3068 1692 3117 1741 εί
3148 1689 3263 1756 ἤδη
3300 1691 3560 1759 ἀνήφθη.
3591 1692 3746 1744 Θέλει
3776 1695 3803 1744 ὁ
3832 1692 4038 1759 Κύριος

2458 1778 2758 1847 ἀναφθῆναι
2787 1778 2845 1830 τὸ
2874 1778 3125 1847 οὐράνιον
3182 1779 3291 1849 πῦρ
3323 1783 3399 1843 εἰς
3421 1783 3517 1843 τὰς
3547 1784 3773 1852 καρδίαις
3800 1783 3908 1834 τῶν
3936 1783 4034 1834 ἀν-

781 1878 964 1922 ntrura
1003 1866 1242 1921 hominis
1272 1866 1523 1920 voluntas
1566 1868 1803 1921 animam
1842 1868 1895 1921 in
1920 1867 2097 1936 pretio
2121 1867 2346 1928 habeat,
2386 1848 2425 1902 Β
2458 1877 2461 1907 ε

2386 1848 2425 1902 Β
2458 1866 2716 1937 θρὼπων,
2766 1867 2857 1919 καὶ
2908 1868 2957 1919 οἱ
3013 1868 3111 1935 μὲν
3164 1848 3433 1933 θέλουσιν,
3489 1873 3537 1922 οί
3576 1848 3633 1924 δέ
3661 1873 3721 1924 οὐ
3756 1872 4033 1923 θέλουσιν·

776 1972 960 2010 annon
1031 1955 1270 2017 habeat;
1348 1955 1674 2018 consentiat,
1756 1970 1936 2008 annon
2005 1956 2351 2009 consentiat?

2458 1958 2655 2027 ὁμοίως
2679 1957 2839 2009 πάλιν
2871 1957 3018 2025 λέγει
3039 1975 3053 1989 ο
3084 1959 3350 2025 Ποσάκις
3372 1962 3645 2028 ἠθέλησα
3667 1964 4038 2029 ἐπισυναγα-

778 2049 931 2101 Μιιιιι
969 2046 1114 2100 enim
1149 2050 1204 2100 in
1238 2046 1411 2114 pretio
1443 2044 1775 2109 habuerunt,
1816 2054 1871 2099 et
1912 2054 2347 2109 consenserunt;
2452 2068 2458 2081 ι

2452 2046 2576 2115 γεῖν
2603 2044 2761 2113 ὑμᾶς
2784 2088 2798 2109 ,
2829 2047 2903 2110 ὡς
2934 2046 3096 2113 ὅρνις
3146 2047 3216 2101 τὰ
3250 2050 3469 2119 ἑαυτῆς
3515 2054 3759 2117 νοσσία,
3794 2052 3891 2104 καί
3923 2055 4036 2104 οὐκ

778 2140 868 2193 alii
915 2139 1096 2193 eversi
1143 2137 1444 2197 abierunt;
1480 2136 1615 2189 dicit
1657 2136 1801 2191 enim
1844 2136 2134 2205 Apostolus
2173 2154 2186 2189 :
2223 2136 2352 2192 Cum
2451 2154 2458 2187 τ

2451 2137 2825 2203 ἠθελήσατε-ξ
2852 2138 2983 2208 ὁρᾷς
3026 2140 3108 2191 ὅτι
3139 2142 3166 2192 ὁ
3188 2140 3393 2210 Κύριος
3433 2143 3608 2195 θέλει·
3639 2146 3731 2196 καὶ
3761 2144 3825 2197 αὖ
3858 2146 3905 2196 οἱ
3938 2145 4034 2196 ἄν·

777 2227 967 2295 spiritu
1022 2226 1283 2294 ceperitis,
1333 2239 1490 2276 carne
1541 2226 1976 2277 consummamini
2026 2226 2089 2277 ιο.
2137 2224 2355 2279 Naturae
2456 2244 2457 2257 π

2456 2227 2662 2295 θρωποι
2708 2228 2767 2281 οὐ
2818 2227 3031 2282 θέλουσι
3075 2233 3441 2301 προσεγγίσαι
3468 2234 3547 2304 τῷ
3578 2237 3783 2305 Κυρίῳ,
3818 2238 3910 2288 καὶ
3938 2237 4036 2287 εὖ·

779 2318 981 2386 quippe
1009 2316 1094 2370 lex
1128 2332 1234 2370 non
1265 2325 1347 2369 est
1378 2315 1575 2383 posita,
1611 2315 1706 2369 sed
1741 2315 1826 2368 sui
1857 2316 2095 2384 compoti
2129 2315 2358 2369 arbitrio
2459 2320 2571 2387 ρεῖν
2597 2319 2763 2381 ἕλεος.

778 2419 833 2464 et
861 2409 1152 2471 electioni,
1185 2424 1304 2476 qua:
1332 2408 1560 2461 vertiad
1591 2407 1793 2460 bonum
1855 2416 1911 2460 et
1968 2408 2171 2461 malum
2213 2416 2413 2477 potest.
2456 2409 2749 2479 Propterea
2805 2412 2938 2468 dicit
2981 2414 3290 2471 Dominus:
3328 2417 3509 2487 Ignem
3556 2420 3672 2471 veni
3722 2420 3925 2471 mittere
3978 2422 4038 2471 in

780 2515 976 2556 terram
1003 2542 1016 2564 ,
1064 2509 1111 2553 et
1161 2500 1285 2570 quid
1323 2499 1457 2562 volo,
1512 2501 1613 2553 nisi
1657 2508 1715 2551 ut
1760 2500 2078 2553 accendatur
2110 2500 2191 2551 “?
2233 2500 2361 2554 Vult
2395 2502 2657 2557 Dominus
2686 2504 2910 2558 accendi
2945 2507 3225 2561 cmlestem
3270 2508 3453 2579 ignem
3517 2510 3573 2563 in
3612 2510 3871 2564 cordibus
3931 2511 4037 2563 ho-

780 2594 1028 2655 minum;
1080 2590 1275 2644 horum
1339 2606 1473 2645 vero
1508 2589 1732 2659 quidam
1803 2590 2033 2655 volunt,
2100 2589 2321 2660 quidam
2368 2591 2582 2646 nolunt.
2632 2593 2902 2649 Similiter
2942 2613 3135 2653 rursus
3167 2598 3301 2653 dicit
3337 2617 3350 2652 :
3395 2599 3606 2664 Quoties
3633 2601 3772 2653 colui
3815 2618 4038 2671 congre-

779 2705 903 2758 gare
942 2703 1031 2741 vos
1081 2697 1137 2740 ut
1182 2685 1388 2757 gallina
1431 2692 1713 2756 congregat
1759 2684 1931 2755 pullos
1975 2702 2119 2750 suos,
2174 2696 2223 2738 et
2269 2684 2508 2740 noluistis
2541 2688 2629 2739 “?
2696 2688 2861 2744 Vides
2905 2691 3198 2747 Dominum
3263 2694 3422 2759 velle,
3484 2710 3675 2749 rursus
3707 2705 3891 2749 autem
3932 2696 4037 2748 ho-

780 2781 955 2834 mines
987 2779 1131 2833 nolle
1166 2776 1430 2833 accedere
1475 2778 1542 2831 ad
1584 2778 1879 2832 Dominum
1904 2819 1917 2842 ,
1950 2788 2007 2832 et
2039 2778 2473 2833 misericordiam
2509 2780 2777 2834 nancisci.

846 2890 988 2945 XIII.
1028 2889 1132 2955 Qui
1180 2889 1298 2943 vult
1354 2887 1615 2943 accedere
1667 2887 1735 2941 ad
1792 2888 2083 2942 Dominum
2141 2897 2196 2943 et
2246 2889 2355 2943 vita

778 2995 980 3040 :eterna
1010 2982 1209 3053 dignus
1246 2981 1459 3046 haberi,
1495 2990 1551 3035 et
1589 2980 1961 3035 habitaculum
2009 2980 2103 3035 Dei
2134 2980 2273 3046 ﬁeri,
2303 2992 2355 3036 et

782 3077 993 3147 Spiritu
1034 3083 1223 3131 sancto
1251 3073 1450 3143 dignus
1472 3072 1690 3138 haberi,
1720 3082 1779 3127 ut
1816 3071 2031 3127 fructus
2053 3073 2172 3142 ejus
2195 3074 2350 3143 juxta

778 3166 1034 3221 mandata
1076 3164 1291 3219 Domini
1330 3174 1495 3232 queat
1531 3162 2093 3233 irreprehensibiliter
2127 3172 2184 3217 et
2213 3180 2349 3232 pure

776 3259 978 3321 facere,
1004 3256 1082 3311 sic
1107 3254 1272 3309 debet
1306 3253 1569 3323 incipere.
1599 3253 1844 3307 Primum
1868 3253 2091 3307 credere
2116 3254 2348 3307 Domino

2530 2873 2628 2924 Il".
2674 2873 2732 2925 Ὀ
2786 2872 3107 2946 βουλόμενος
3169 2878 3487 2949 προσελθεῖν
3540 2879 3618 2948 τῷ
3664 2881 3872 2949 Κυρίῳ,
3940 2883 4039 2934 καὶ⁵

2460 2964 2602 3033 ζωῆς
2664 2966 2885 3019 αἰωνίου
2967 2968 3410 3039 καταξιωθῆναι,
3463 2971 3556 3023 καὶ
3609 2974 4037 3041 κατοικητήριον

2458 3054 2591 3106 Θεοῦ
2630 3056 2904 3122 γενέσθαι,
2942 3061 3034 3111 καὶ
3058 3059 3376 3127 Πνεύματος
3416 3061 3571 3127 ἁγίου
3604 3062 4035 3130 καταξιωθῆναι,

2457 3147 2543 3198 ἵνα
2583 3149 2707 3210 τοὺς
2747 3150 2994 3219 καρποὺς
3024 3150 3190 3203 αὑτοῦ
3222 3151 3359 3203 κατὰ
3388 3153 3486 3214 τὰς
3532 3152 3750 3213 ἐντολὰς
3792 3152 3885 3204 τοῦ
3919 3154 4035 3206 Κυ-

2455 3237 2571 3305 ρίου
2619 3237 2819 3309 δυνηθῇ
2869 3239 3115 3308 ἀμώμως
3170 3240 3263 3292 καὶ
3320 3242 3577 3311 καθαρῶς
3618 3246 3810 3306 ποιεῖν,
3860 3242 4035 3302 οὕτως

778 3312 1011 3399 ﬁrmiter
1034 3384 1046 3405 ,
1093 3350 1148 3398 et
1194 3342 1326 3396 dare
1355 3312 1437 3395 εει⁸
1454 3348 1568 3395 toto
1608 3356 1666 3396 se
1696 3342 1877 3411 ipsum
1914 3342 2097 3396 verbis
2130 3342 2353 3395 manda-
2378 3312 2421 3371 C

2378 3312 2421 3371 C
2460 3328 2663 3395 ὀφείλει
2688 3329 3035 3399 ἐνάρξασθαι.
3060 3332 3284 3401 Πρῶτον
3322 3333 3607 3385 πιστεῦσαι
3640 3333 3714 3401 τῷ
3742 3336 3924 3402 Κυρίῳ
3952 3334 4037 3402 βε-

777 3446 957 3489 torum
992 3434 1114 3503 ejus
1137 3474 1150 3496 ,
1194 3440 1251 3486 et
1283 3431 1603 3485 renuntiare
1647 3431 1853 3485 mundo
1900 3447 1995 3500 per
2025 3433 2206 3485 omnia
2231 3473 2245 3495 ,
2284 3433 2356 3486 ita

778 3536 837 3580 ut
876 3526 929 3580 in
967 3525 1120 3579 nullo
1159 3538 1382 3593 prorsus
1421 3524 1800 3591 apparentium
1839 3539 1992 3575 mens
2026 3532 2354 3592 occupetur;

776 3626 831 3673 et
859 3616 1154 3671 obﬁrmare
1176 3629 1393 3684 semper
1410 3629 1467 3667 se
1492 3614 1639 3667 omni
1670 3624 1867 3668 conatu
1896 3616 1961 3669 ad
1998 3630 2323 3685 perscveran
2342 3645 2354 3655 -

777 3711 908 3765 tiam
938 3710 993 3762 in
1012 3707 1260 3761 oratione
1285 3722 1301 3770 ;
1332 3713 1518 3759 etnon
1540 3705 1853 3774 desperare,
1884 3716 2208 3776 exspectans
2232 3721 2356 3760 cum

778 3802 975 3856 tiducia
1014 3801 1233 3855 Domini
1279 3798 1676 3866 inspectionem
1728 3804 1783 3851 et
1819 3798 2081 3851 auxilium
2133 3798 2353 3867 ubique,

776 3905 1003 3959 scopum
1036 3905 1145 3943 sua;
1179 3888 1379 3941 mentis
1407 3887 1462 3939 in
1505 3901 1571 3939 eo
1599 3884 1809 3939 habens
1840 3883 2075 3939 defixum
2117 3900 2354 3955 semper.

776 3980 982 4034 Deinde
1014 3994 1209 4049 urgere
1243 3992 1300 4033 se
1328 3992 1453 4047 cum
1483 3984 1684 4030 conatu
1715 3984 1769 4028 et
1814 3975 2163 4029 contentione
2198 3976 2354 4030 inde-

775 4076 1021 4128 sinenter
1078 4070 1144 4125 ad
1198 4085 1361 4123 omne
1411 4069 1656 4131 bonum,
1716 4074 1772 4120 ct
1830 4066 1884 4120 in
1947 4064 2353 4121 exsecutionem

776 4162 1021 4217 omnium
1042 4159 1141 4213 Dei
1169 4158 1572 4220 mandatorum,
1612 4155 1964 4223 quantumvis
1987 4155 2161 4209 invito
2188 4155 2354 4211 corde

775 4261 1002 4323 propter
1026 4250 1299 4305 inhaerens
1335 4254 1660 4317 peccatum;
1699 4255 1831 4315 puta
1862 4260 1962 4314 per
1990 4244 2099 4299 vim
2130 4244 2353 4314 adigen-

774 4346 844 4398 do
876 4359 934 4397 se
960 4343 1138 4411 ipsum
1166 4338 1231 4392 ad
1266 4337 1546 4391 humiliter
1576 4333 1923 4389 sentiendum
1961 4349 2145 4389 coram
2176 4335 2353 4389 omni-

774 4438 879 4491 bus
910 4434 1063 4505 167
1096 4431 1434 4493 hominibus,
1465 4437 1523 4483 et
1552 4442 1609 4482 se
1638 4427 1815 4497 ipsum
1842 4428 2055 4481 cunctis
2083 4428 2351 4481 minorem

773 4536 831 4580 ct
864 4526 1107 4595 pejorem
1130 4519 1577 4582 existimandum,
1610 4533 1718 4572 non
1746 4516 2042 4586 quaerendo
2064 4516 2349 4581 honorem,

775 4627 870 4670 aut
897 4615 1117 4669 laudem
1138 4654 1150 4677 ,
1183 4619 1277 4664 aut
1318 4608 1545 4679 gloriam
1576 4608 1642 4661 ab
1669 4608 1779 4661 ullo
1801 4647 1814 4671 ,
1841 4607 1983 4660 sicut
2016 4606 2070 4658 in
2102 4607 2351 4676 Evange-
2385 4642 2427 4694 υ

776 4708 847 4761 lio
872 4706 1137 4774 scriptum
1172 4710 1258 4756 est
1285 4742 1297 4764 ,
1336 4699 1428 4753 sed
1464 4698 1639 4752 solum
1687 4697 1979 4755 Dominum
2021 4710 2133 4764 pra:
2177 4696 2353 4749 oculis

775 4796 1029 4851 habendo
1052 4808 1269 4862 semper
1302 4792 1582 4861 ipsiusque
1618 4788 1891 4855 mandata,
1926 4787 2084 4855 eique
2108 4787 2205 4841 soli
2232 4796 2348 4841 stu-

774 4886 955 4939 dcndo
989 4885 1203 4953 placere
1239 4882 1302 4937 ³³.
1335 4881 1393 4933 ln
1421 4877 1898 4933 mansuetudinem
1930 4892 2147 4945 quoque
2174 4892 2229 4930 se
2257 4892 2354 4945 per

776 4983 882 5031 vim
916 4976 1162 5038 inclinet,
1196 4974 1502 5027 reluctante
1533 4971 1694 5025 etiam
1730 4970 1918 5031 corde,
1965 4969 2106 5023 sicut
2135 4970 2211 5022 ait
2243 4970 2350 5022 Do-

775 5069 958 5121 minus
990 5084 1003 5117 :
1039 5065 1233 5119 Discite
1261 5081 1292 5116 a
1327 5079 1425 5127 me,
1457 5063 1580 5131 quia
1611 5061 1750 5113 mitis
1775 5077 1889 5113 sum
1915 5069 1964 5111 et
1994 5058 2199 5111 humilis
2227 5074 2344 5111 cor-

772 5162 833 5209 de
861 5198 873 5220 ,
927 5164 978 5208 et
1015 5154 1287 5209 invenietis
1331 5154 1559 5220 requiem
1602 5152 1878 5203 animabus
1924 5150 2104 5202 vestris
2148 5148 2210 5199 ".
2259 5147 2345 5200 Si:

773 5250 975 5305 militer
1003 5262 1124 5302 esse
1161 5243 1596 5307 misericordem,
1636 5242 1929 5313 benignum
1954 5283 1966 5306 ,
2016 5240 2348 5309 compatien-

773 5351 879 5394 tem
904 5380 919 5403 ,
951 5337 1154 5391 bonum
1182 5376 1195 5399 ,
1236 5340 1502 5404 quantum
1542 5341 1721 5401 potest
1744 5372 1757 5395 ,
1806 5347 1863 5386 se
1905 5333 1957 5384 vi
1991 5329 2312 5385 assuefaciat
2336 5370 2349 5393 ,

766 5434 919 5501 juxta
965 5429 1016 5483 id
1062 5427 1208 5497 quod
1253 5426 1389 5481 dicit
1435 5425 1747 5478 Dominus:
1789 5423 1969 5478 Estote
2003 5422 2122 5476 boni
2169 5432 2216 5475 et
2262 5422 2349 5474 be-

773 5524 942 5593 nigni,
970 5523 1101 5575 sicut
1126 5519 1288 5574 Pater
1313 5528 1477 5571 vester
1506 5516 1724 5571 caelestis
1756 5517 2047 5569 misericors
2078 5522 2150 5567 est
2190 5514 2251 5565 ³⁸.
2286 5513 2352 5566 Et

2462 3418 2649 3483 6alw;,
2709 3421 2803 3473 καλ⁸
2859 3422 3137 3475 ἐπιδοῦναι
3191 3424 3249 3489 ἐξ
3306 3424 3429 3476 ὅλου
3487 3425 3677 3477 ἑαυτὸν
3704 3428 3814 3487 τοῖς
3854 3425 4036 3493 λόγοις

2459 3509 2565 3561 τῶν
2603 3511 2829 3565 ἐντολῶν
2883 3513 3069 3577 αὐτοῦ,
3137 3516 3231 3567 καὶ
3282 3516 3649 3579 ἀποτάξασθαι
3706 3516 3782 3585 τῷ
3844 3518 4036 3585 κόσμῳ

2460 3602 2600 3655 κατὰ
2636 3603 2834 3668 πάντα,
2883 3606 2968 3658 ἵνα
3026 3607 3083 3657 ἐν
3132 3606 3305 3659 οὐδενὶ
3334 3608 3469 3669 ὅλως
3499 3607 3605 3659 τῶν
3636 3609 3975 3675 φαινομένων
4006 3610 4034 3659 ὁ

2459 3692 2580 3754 νοῦς
2609 3694 2921 3764 ἁσχολῆται.
2981 3696 3089 3748 Καὶ
3144 3698 3223 3758 είς
3270 3698 3367 3766 τὴν
3398 3697 3557 3768 εὐχὴν
3595 3699 3825 3749 πάντοτε
3860 3715 4031 3764 προσ-

2458 3786 2743 3855 καρτερεῖν
2779 3784 2962 3844 αῦτδν,
2993 3787 3084 3837 καὶ
3144 3786 3219 3855 μὴ
3261 3787 3670 3855 ἀπιγινώσκειν
3732 3788 4031 3858 προσδεχὸ-

2462 3889 2620 3940 μενος
2650 3872 2744 3925 τοῦ
2782 3876 2986 3944 Κυρίου
3042 3877 3141 3947 τὴν
3188 3877 3475 3946 ἐπίσκεψιν
3506 3879 3598 3929 καὶ
3637 3879 3736 3947 τὴν
3782 3879 4033 3948 βοήθειαν

2458 3965 2708 4029 πάντοτε,
2746 3966 2834 4017 τὸν
2882 3968 3083 4020 σκοπὸν
3140 3968 3233 4020 τοῦ
3270 3969 3385 4031 νοὸς
3416 3969 3577 4021 αὑτοῦ
3605 3971 3682 4031 είς
3712 3970 3867 4022 τοῦτο
3893 3971 4033 4039 ἔχων

2456 4053 2544 4106 διὰ
2566 4056 2784 4118 παντός.
2823 4053 2952 4109 Εἶτα
2984 4057 3263 4126 βιάζεσθαι
3296 4060 3400 4129 χρὴ
3441 4061 3525 4112 ἀεὶ
3553 4063 3633 4122 είς
3664 4062 3773 4113 πᾶν
3804 4062 4032 4128 ἀγαθὸν,

2456 4146 2551 4199 καὶ
2595 4148 2674 4209 είς
2734 4147 2913 4211 πάσας
2964 4149 3063 4211 τὰς
3118 4150 3339 4212 ἐντολὰς
3388 4152 3483 4203 τοῦ
3534 4153 3760 4219 Κυρίου,
3806 4155 3910 4207 xiv
3956 4157 4033 4223 μὴ

2457 4236 2714 4307 θελούσης
2742 4240 2837 4307 τῆς
2867 4240 3096 4310 καρδίας
3134 4241 3221 4294 διὰ
3252 4242 3348 4311 τὴν
3377 4242 3637 4295 συνοῦσαν
3674 4245 3811 4315 αύτῇ
3842 4246 4025 4315 ἀμαρ-

2455 4329 2605 4381 τίαν·
2631 4328 2741 4382 οἷον
2778 4330 3059 4399 βιάζεσθαι
3115 4336 3306 4387 ἑαυτὸν
3346 4337 3426 4397 εἰς
3474 4336 3532 4388 τὸ
3589 4341 4033 4406 ταπεινοφρονεῖν

2457 4416 2684 4470 ἐνώπιον
2734 4420 2951 4472 πάντων
3002 4420 3326 4491 ἀνθρώπων,
3391 4424 3485 4475 καὶ
3551 4425 3742 4477 ἑαυτὸν
3798 4427 4024 4478 πάντων

2456 4508 2661 4562 ἐλάττω
2708 4512 2801 4563 καὶ
2834 4512 3054 4580 χείρονα
3116 4514 3388 4583 ἡγεῖσθαι,
3426 4514 3499 4583 μὴ
3556 4514 3734 4583 ζητῶν
3786 4515 3952 4583 τιμὴν
3996 4518 4028 4585 ἢ

2457 4599 2677 4652 ἔπαινον
2718 4599 2749 4669 ἦ
2779 4600 2933 4665 δόξαν
2959 4604 3109 4672 παρά
3159 4620 3323 4665 τινος,
3368 4603 3549 4665 καθὼς
3580 4606 3636 4655 ἐν
3682 4603 3760 4672 τῷ
3786 4604 4032 4670 Εὐαγγε-

2456 4690 2551 4759 λίῳ
2612 4691 2941 4759 γέγραπται.
2997 4693 3130 4746 ἀλλὰ
3183 4694 3341 4761 μόνον
3392 4695 3482 4746 τὸν
3528 4695 3728 4761 Κύριον
3786 4695 3875 4749 ἀεὶ
3926 4696 4032 4763 πρὸ

2457 4781 2753 4850 ὀφθαλμῶν
2787 4781 2951 4851 ἔχειν,
2974 4783 3069 4836 καὶ
3099 4784 3197 4847 τὰς
3228 4784 3447 4846 ἐντολὰς
3478 4784 3666 4847 αὑτοῦ,
3708 4784 3855 4853 αὑτῷ
3884 4786 4032 4853 μόνῳ

2458 4873 3017 4943 βουλόμενοξλάρέσαι.
3044 4876 3139 4937 Εἰς
3168 4876 3263 4945 τὴν
3302 4876 3585 4947 πραότητα
3606 4877 3803 4944 ὁμοίως
3836 4875 4030 4928 ἑαυτὸν

2458 4965 2707 5033 βιαζέτω,
2744 4969 2836 5018 καὶ
2869 4968 2941 5036 μὴ
2977 4966 3237 5037 θελούσης
3270 4968 3368 5036 τῆς
3408 4968 3657 5037 καρδίας,
3692 4966 3766 5029 ὦς
3816 4984 3981 5034 φησιν
4004 4971 4032 5019 ὀ

2458 5056 2656 5126 Κύριος
2681 5073 2695 5086 °
2726 5056 2953 5110 Μάθετε
2975 5058 3074 5111 ἀπ’
3104 5058 3272 5127 ἐμοῦ,
3314 5058 3401 5111 ὅτι
3435 5056 3623 5127 πρᾶός
3656 5059 3772 5125 ειμι
3806 5057 3905 5111 καὶ
3933 5075 4033 5110 w-

2457 5150 2662 5215 πεινὸς
2694 5149 2765 5218 τῇ
2797 5151 3031 5219 καρδίᾳ,
3075 5152 3169 5205 καὶ
3205 5152 3493 5220 εὑρήσετε
3524 5150 3872 5204 ἀνάπαυσιν
3900 5150 4033 5214 ταῖς

2452 5242 2679 5309 ψυχαῖς
2710 5241 2896 5314 ὑμῶν.
2949 5243 3179 5311 Ὁμοίως
3211 5246 3289 5305 εἰς
3316 5244 3375 5295 τὸ
3405 5238 3541 5296 εἶναι
3568 5242 3857 5313 ἐλεήμονα,
3890 5258 4032 5309 χρη-

2453 5333 2598 5397 στὸν,
2648 5331 3047 5404 εῦσπλαγχνον,
3106 5335 3329 5402 ἀγαθὸν,
3376 5335 3474 5403 ὅση
3533 5333 3779 5402 δύναμις,
3837 5331 4032 5384 ἑαυτὸν

2451 5423 2649 5488 ἐθίζειν
2698 5427 2833 5493 μετὰ
2882 5427 3023 5496 βίας,
3060 5428 3134 5489 ὥς
3188 5444 3352 5496 φησιν
3403 5427 3431 5477 ὁ
3496 5424 3739 5495 Κύριος·
3773 5424 4032 5476 Γίνεσθε

2449 5515 2657 5583 ἀγαθοὶ
2690 5517 2788 5569 καὶ
2814 5519 3089 5585 χρηστοὶ,
3127 5517 3321 5583 καθὼς
3353 5520 3384 5570 d
3416 5516 3620 5583 Πατὴρ
3656 5512 3823 5583 ὑμῶν
3864 5516 3896 5567 ὀ
3926 5516 4030 5566 οὑ-

773 5629 964 5668 rursus
997 5632 1009 5665 :
1049 5611 1104 5667 Si
1146 5610 1361 5680 diligitis
1386 5626 1483 5674 me,
1510 5610 1765 5662 mandata
1800 5624 1916 5661 mea
1952 5606 2246 5661 servate“.
2284 5605 2351 5658 Et
2444 5644 2453 5674 γ

2444 5606 2653 5674 ptis-loc
2716 5611 3029 5679 οἰκτίρμων
3079 5612 3239 5664 ἐστί’
3284 5612 3383 5665 καὶ
3434 5612 3595 5665 πάλιν
3650 5610 3847 5678 φησίν·
3890 5609 4037 5665 Ἐὰν

844 5727 886 5757 ¹⁰
923 5724 1038 5779 Gal.
1070 5741 1156 5787 ιιι,
1188 5725 1237 5776 3.
1320 5724 1357 5754 “

775 5796 865 5850 36.
939 5795 983 5825 ”
1022 5794 1177 5849 Juan.
1216 5809 1324 5859 xw,
1376 5793 1463 5845 25.

1417 5738 1529 5819 ;uc.
1566 5740 1667 5787 xu,
1707 5724 1791 5778 49.
1874 5724 1914 5753 ¹¹
1956 5723 2144 5777 Matth.
2178 5738 2327 5785 χχιιι,
2360 5721 2446 5774 57.

3704 5728 3746 5758 ¹⁸
3779 5722 3915 5777 Luc.
3950 5740 4029 5788 Vl,

2565 5725 2606 5755 ¹³
2645 5725 2799 5780 Joan.
2832 5741 2881 5792 ν,
2916 5727 3003 5782 Η.
3116 5729 3156 5759 ’⁸
3197 5728 3389 5783 Matth.
3433 5725 3620 5794 11,29.
