4254 6358
228 382 337 446 837

1320 381 1546 442 LIBER
1588 382 1683 441 DE
1718 381 2083 442 CUSTODIA
2122 383 2412 445 CORDlS.

3372 389 3479 453 838

225 489 504 558 ἀγαπᾶτέ
559 508 653 560 με,
709 493 811 556 τὰς
856 493 1111 558 ἐντολάς
1160 510 1275 562 μου
1328 491 1638 558 τηρήσετε.
1693 489 1800 542 Καὶ
1831 490 1905 546 Ai

1794 509 1800 540 ι
1831 494 1871 546 Λ
1902 490 2101 545 iterum
2141 510 2151 544 :
2188 492 2300 546 Vim
2332 494 2471 547 vobis
2506 494 2684 562 facite,
2718 496 2933 549 violenti
2965 497 3111 552 enim
3142 498 3353 565 rapiunt
3388 513 3474 550 re-

226 583 426 636 πάλινο
481 581 790 642 Βιάζὲσθε·
845 585 1095 647 βιασταὶ
1152 586 1259 653 γὰρ
1308 582 1634 650 ἁρπάζουσι
1688 580 1800 647 τὴν

218 676 557 738 βασιλείαν
592 676 711 728 τῶν
764 676 1066 744 οὐρανῶν-ν
1126 679 1220 730 καὶ
1278 678 1373 729 τόο
1420 673 1799 742 Ἀγωνίζεσθε

223 765 527 820 εἰσελθεῖν
554 767 651 819 διὰ
687 767 790 833 τῆς
825 768 1048 835 στενῆς
1076 770 1295 834 πύλης.
1341 768 1453 819 Ἀεὶ
1480 765 1535 817 δὲ
1566 768 1664 832 τὴν
1703 763 1797 816 τοῦ

226 853 440 921 Κυρίου
473 855 801 907 ταπείνωσιν
844 857 938 908 καὶ
994 856 1269 909 πολιτείαν
1330 856 1423 908 καὶ
1455 854 1799 925 ἀναστροφὴν

224 945 401 1013 ἐχέτω
435 946 540 1015 πρὸ
570 945 881 1016 ὀφθαλμῶν,
914 947 1101 1018 ῶσπερ
1139 945 1505 1017 ὑπογραμμὸν
1540 947 1596 998 ἐν
1651 946 1797 1015 πάσῃ

228 1039 421 1107 μνήμῃ
450 1038 816 1109 ἀληθαργήτῳ
836 1055 849 1069 ’
879 1040 972 1092 καὶ
1010 1040 1108 1107 ὅση
1138 1039 1365 1108 δύναμις
1396 1037 1662 1107 βιαζέσθω
1682 1040 1799 1100 ταῖς

224 1128 417 1195 εὐχαῖς
456 1132 879 1200 προσκαρτερεῖ,
926 1128 1013 1181 διὰ
1061 1129 1261 1192 παντὸς
1293 1128 1547 1196 δεόμενος
1579 1126 1675 1179 καὶ
1712 1143 1801 1177 πι-

227 1220 439 1272 στεύων
460 1235 473 1249 ·
507 1220 593 1273 ἵνα
622 1220 795 1272 ἐλθὼν
831 1222 859 1273 ὁ
892 1221 1095 1292 Κύριος
1123 1221 1379 1291 ὲνοικήσῃ
1418 1221 1476 1271 ὲν
1527 1219 1677 1287 αὐτῷ
1707 1219 1801 1270 καὶ

227 1311 534 1382 καταρτίσῃ
560 1312 654 1363 καὶ
684 1311 976 1382 δυναμώσῃ
1008 1311 1168 1365 αὐτὸν
1198 1312 1255 1363 ὲν
1287 1312 1404 1372 ταῖς
1429 1308 1667 1371 ἐντολαῖς
1697 1307 1801 1360 πά-

229 1417 354 1463 σαις
384 1402 572 1469 αὐτοῦ,
613 1404 706 1454 καὶ
738 1403 823 1455 ἴνα
869 1405 901 1473 ὴ
960 1403 1104 1471 ψυχὴ
1130 1402 1293 1455 αὐτοῦ
1327 1401 1551 1470 γένηται
1582 1402 1801 1471 οἰκητη-

232 1510 351 1561 ριον
392 1492 565 1562 Ἰησοῦ
594 1493 861 1562 Χριστοῦ·
896 1494 989 1544 καὶ
1021 1491 1193 1555 οὕτως
1218 1492 1254 1543 ἃ
1276 1491 1371 1543 νῦν
1404 1492 1540 1561 μετὰ
1566 1490 1686 1560 βίας
1710 1491 1802 1543 καὶ

232 1582 312 1651 μὴ
347 1581 600 1651 θελούσης
634 1582 731 1650 τῆς
769 1583 999 1652 καρδίας
1035 1584 1198 1644 ποιεῖ,
1236 1582 1432 1644 ἐθίζειν
1479 1580 1669 1632 ἑαυτὸν
1716 1581 1802 1634 διὰ

234 1674 440 1734 παντὸς
478 1676 556 1735 εἰς
618 1674 677 1724 τὸ
726 1674 930 1739 ἀγαθὸν
969 1672 1184 1725 καὶτοῦ
1236 1672 1440 1741 Κυρίου
1476 1672 1561 1724 ἀεὶ
1594 1688 1801 1741 μνημοο

232 1765 434 1827 νεύειν,
475 1766 568 1817 καὶ
601 1765 902 1834 προσδοκᾷν
924 1764 1083 1816 αὑτὸν
1133 1764 1221 1816 διὰ
1271 1764 1469 1827 παντὸς
1515 1765 1570 1815 ὲν
1633 1762 1797 1830 πολλῇ

232 1856 531 1922 ἀγαθότητι
581 1856 675 1906 καὶ
723 1855 933 1925 ἀγάπῃ.
976 1855 1050 1906 Τό
1078 1872 1135 1906 τε
1170 1854 1389 1921 θεωρῶν
1420 1856 1448 1906 ὁ
1480 1853 1681 1923 Κύριος
1706 1853 1800 1921 τὴν

230 1946 487 2014 τοιαύτην
517 1946 681 1998 αὑτοῦ
708 1947 1027 2016 προαίρεσιν
1057 1948 1149 1999 καὶ
1177 1946 1275 2014 τὴν
1298 1944 1509 2014 ἀγαθὴν
1542 1943 1797 2012 σπουδὴν,

232 2038 353 2100 πῶς
382 2038 553 2105 βιάζει
594 2038 782 2089 ἑαυτὸν
828 2036 1058 2089 πάντοτε
1088 2038 1167 2099 είς
1191 2036 1288 2107 τὴν
1342 2036 1561 2106 μνήμην
1608 2034 1797 2098 αὐτοῦ,

233 2132 327 2181 καὶ
358 2132 437 2190 εἰς
472 2129 531 2181 τὸ
563 2128 761 2196 ἀγαθὸν
818 2128 925 2192 ἀεὶ,
968 2128 1061 2181 καὶ
1092 2132 1171 2191 εἰς
1230 2128 1329 2197 τὴν
1366 2130 1801 2198 ταπεινοφροσὺ-

232 2238 350 2287 νην,
392 2220 483 2272 καὶ
517 2221 796 2291 πραότητα
834 2219 928 2271 καὶ
954 2218 1206 2291 ἀγάπην.’
1257 2220 1350 2272 καὶ
1378 2292 1385 2297 γ
1411 2219 1484 2292 μὴ
1544 2218 1802 2274 θέλουσαν

230 2314 331 2385 τὴν
382 2313 606 2381 καρδίαν
638 2314 815 2382 ἄγχει,
852 2312 945 2365 καὶ
997 2314 1142 2381 ἄγει,
1177 2314 1273 2383 ὅση
1318 2313 1567 2382 δύναμις,
1611 2316 1801 2367 ἑαυτὸν

234 2405 375 2473 μετὰ
417 2405 556 2473 βίας,
594 2407 736 2457 ποιεῖ
787 2405 904 2473 μετ’
955 2405 1119 2458 αὐτοῦ
1156 2405 1216 2457 τὸ
1268 2405 1415 2469 ἔλεος
1465 2405 1629 2458 αὐτοῦ
1656 2422 1670 2437 ·
1706 2407 1801 2459 καὶ

229 2499 519 2568 ).υτροῦται
582 2497 742 2550 αὐτὸν
794 2496 902 2549 ἀπὸ
959 2498 1068 2550 τῶν
1121 2497 1327 2568 ἐχθρῶν
1365 2498 1548 2561 αὑτοῦ,
1578 2500 1672 2552 καὶ
1703 2498 1803 2568 τῆς

230 2588 544 2656 ὲνοικούσης
595 2588 900 2657 ἁμαρτίας;
938 2588 1253 2655 Πνεύματος
1306 2588 1462 2655 ἁγίου
1514 2588 1802 2656 ἑμπιπλῶν

233 2678 396 2731 αὐτὸν
427 2716 443 2737 ,
479 2678 571 2729 καὶ
611 2677 782 2739 οὕτως
829 2676 1014 2729 λοιπὸν
1066 2677 1193 2729 ἄνευ
1229 2676 1348 2746 βίας
1402 2677 1495 2730 καὶ
1555 2679 1799 2747 καμάτου

232 2772 415 2831 πασας
476 2770 621 2820 ποιεῖ
660 2768 889 2821 πάντοτε
933 2768 1035 2831 τὰς
1102 2769 1323 2831 ἐντολὰς
1367 2768 1461 2820 τοῦ
1506 2770 1711 2839 Κυρίου
1743 2770 1801 2835 ἐξ

232 2857 525 2927 ἀληθείας·
578 2857 776 2927 μᾶλλον
805 2858 859 2911 δὲ
887 2859 915 2910 ὁ
946 2858 1149 2928 Κύριος
1195 2861 1339 2911 ποιεῖ
1395 2861 1451 2911 ὲν
1506 2858 1655 2927 αὐτῷ
1702 2860 1802 2921 τὰς

234 2952 371 3013 ἰδίας
402 2948 567 3001 αὑτοῦ
605 2948 845 3012 ἐντολὰς,
896 2950 991 3002 καὶ
1044 2950 1171 3011 τοὺς
1207 2950 1453 3018 καρποὺς
1480 2950 1573 3001 τοῦ
1634 2949 1802 3001 Πνεύ-

234 3058 425 3111 ματος,
461 3041 548 3093 ὅτε
602 3042 940 3110 καρποφορεῖ
993 3040 1265 3110 καθαρῶς.
1298 3040 1417 3110 Χρὴ
1451 3040 1507 3092 δὲ
1537 3039 1801 3110 πρότερον

231 3130 600 3201 προσελθόντα
621 3129 741 3182 τινὰ
763 3128 841 3199 τῷ
866 3129 1077 3200 Κυρίῳ,
1102 3128 1276 3191 οὓτως
1300 3127 1506 3197 βιάζειν
1523 3129 1614 3181 καὶ
1640 3127 1801 3180 αὑτὸν

231 3227 312 3286 εἰς
341 3223 403 3276 τὸ
439 3223 660 3290 ἀγαθὸν,
696 3224 789 3274 καὶ
819 3222 893 3292 μὴ
951 3222 1210 3290 θελούσης
1230 3222 1329 3291 τῆς
1366 3222 1611 3291 καρδίας,
1633 3236 1799 3289 προσ-

230 3316 474 3369 δοκῶντα
505 3315 591 3368 διὰ
624 3315 824 3377 παντὸς
877 3315 935 3366 ὲν
981 3314 1162 3367 πίστει
1213 3313 1523 3383 ἁδιστάκτῳ
1550 3312 1610 3366 τὸ
1650 3313 1797 3375 ἔλεος

234 3407 423 3469 αὐτοῦ,
463 3408 557 3459 καὶ
608 3404 889 3474 βιάζεσθαι
948 3405 1139 3456 ἑαυτὸν
1167 3404 1247 3463 είς
1284 3398 1343 3454 τὸ
1372 3400 1661 3470 οἰκτείρειν
1702 3402 1795 3453 καὶ

234 3498 503 3567 ἐλεήμονα
552 3496 696 3565 ἔχειν
728 3494 971 3564 καρδίαν,
998 3492 1279 3562 βιάζεσθαι
1310 3493 1389 3552 εἰς
1429 3490 1489 3542 τὸ
1524 3507 1796 3557 καταφρο-

236 3589 469 3651 νεῖσθαι,
522 3590 604 3649 εἰς
659 3587 721 3638 τὸ
775 3583 1169 3654 μακροθυμεῖν,
1216 3580 1703 3650 ὲξουθενούμενον,
1761 3579 1793 3649 ἢ

231 3678 629 3747 ὰτιμαζόμενον
666 3676 739 3745 μὴ
783 3676 1144 3739 ἀγανακτεῖν·
1190 3672 1329 3725 κατὰ
1366 3671 1426 3723 τὸ
1463 3670 1755 3741 είρημένον
1779 3686 1791 3699 ·

232 3768 328 3834 Μὴ
356 3766 607 3829 ἑαυτοὺς
643 3763 1041 3827 ἐκδικοῦντες,
1077 3760 1396 3829 ἀγαπητοί·
1423 3758 1698 3827 βιάζεσθαί
1734 3775 1795 3809 τε

233 3858 423 3911 ἑαυτὸν
458 3858 537 3918 είς
566 3856 663 3924 τὴν
691 3854 877 3923 εὐχὴν,
904 3855 1068 3923 μήπω
1112 3851 1303 3921 ἔχοντα
1338 3849 1501 3918 εὐχὴν
1540 3850 1795 3917 Πνεύμα-

231 3965 343 4008 τος.
378 3948 485 3999 Καὶ
526 3945 696 4006 οὕτως
721 3948 747 3995 ὁ
790 3942 921 4004 Θεὸς
950 3942 1170 4012 θεωρῶν
1196 3942 1289 3993 τὸν
1331 3939 1507 4001 οὕτως
1530 3934 1795 4004 ἀγωνιζό-

236 4055 419 4107 μενον,
448 4036 541 4089 καὶ
592 4035 683 4105 βίᾳ
720 4034 909 4087 ἑαυτὸν
935 4035 1138 4101 ἄγοντα
1167 4033 1246 4094 είς
1270 4030 1326 4083 τὸ
1350 4030 1571 4097 ἀγαθὸν,
1604 4030 1695 4082 καὶ
1720 4028 1793 4099 μὴ

234 4128 494 4193 θελούσης
531 4126 630 4195 τῆς
661 4124 908 4193 καρδίας,
952 4123 1166 4175 δίδωσιν
1194 4120 1358 4189 εὐχὴν
1385 4118 1639 4189 ἀληθινὴν
1662 4120 1795 4187 Χρι-

234 4219 385 4282 στοῦ,
420 4218 599 4269 δίδωσι
642 4215 925 4281 σπλάγχνα
949 4211 1271 4281 οίκτιρμῶν,
1300 4211 1639 4279 χρηστότητα
1665 4210 1795 4277 ἀλη-

232 4310 408 4378 θινὴν,
444 4310 537 4360 καὶ
586 4305 919 4370 ἁπαξαπλῶς
966 4304 1122 4372 τηρεῖ
1158 4301 1306 4369 αὐτῷ
1335 4300 1424 4353 τὸν
1457 4300 1666 4369 καρπὸν
1698 4299 1791 4351 τοῦ

230 4399 568 4465 Πνεύματος.
624 4398 684 4447 Εἰ
713 4396 767 4446 δέ
796 4412 877 4455 τις
910 4394 1067 4462 μόνον
1118 4394 1196 4453 εἱς
1220 4390 1318 4459 τὴν
1347 4390 1508 4459 εὐχὴν
1550 4390 1791 4459 βιάζεται

1900 600 2059 651 gnum
2104 584 2353 637 caelorum
2382 586 2444 637 ".
2482 585 2549 640 Ει
2589 586 2722 640 illud
2756 606 2769 639 :
2805 587 3111 641 Contendite
3143 588 3344 640 intrare
3384 604 3475 657 per

1901 686 2183 745 angustam
2214 687 2423 745 portam
2445 678 2508 731 ¹⁸.
2536 678 2766 748 Semper
2792 689 2972 733 autem
3008 679 3225 733 Domini
3250 679 3476 732 humili—

1901 773 2089 830 tatem,
2124 769 2395 822 rationem
2429 769 2672 833 vivendi,
2706 778 2761 823 et
2786 770 3255 824 conversationem
3278 767 3477 826 habeat

1900 869 2010 922 pra:
2054 856 2254 920 oculis,
2307 857 2385 909 uti
2442 858 2716 926 exemplar
2755 857 2807 910 in
2848 858 3111 911 memoria
3163 860 3310 912 omni
3354 858 3472 915 sine

1900 944 2198 999 oblivione.
2229 946 2536 1002 Contendat
2573 949 2738 1002 etiam
2765 959 3030 1018 quantum
3072 950 3240 1005 habet
3270 952 3473 1007 virium

1901 1038 1956 1091 in
1982 1036 2200 1092 assidue
2226 1038 2456 1099 orando,
2481 1055 2749 1108 nusquam
2780 1056 2889 1095 non
2919 1051 3112 1110 petens
3135 1050 3190 1096 et
3218 1043 3471 1105 credens.

1900 1134 1961 1180 ut
1992 1126 2178 1181 veniat
2214 1129 2478 1183 Dominus
2499 1138 2553 1183 ct
2586 1131 2855 1185 inhabitet
2900 1133 2954 1185 in
2998 1132 3118 1202 ipso
3145 1174 3159 1200 ,
3208 1133 3473 1187 instruat-

1900 1233 2006 1287 que
2034 1234 2098 1273 ac
2126 1221 2447 1274 corroboret
2480 1222 2655 1290 ipsum
2690 1225 2744 1276 in
2776 1225 2992 1279 cunctis
3016 1226 3135 1292 ejus
3160 1226 3469 1289 mandatis;

1900 1317 1955 1361 et
1977 1318 2037 1363 ut
2056 1310 2174 1377 ejus
2192 1311 2371 1364 anima
2402 1312 2473 1364 sit
2500 1313 2870 1367 habitaculum
2902 1314 3031 1368 Jcsu
3058 1314 3282 1367 Christi.
3312 1315 3474 1368 Etsic

1899 1416 2021 1469 qua:
2059 1418 2206 1455 nunc
2242 1418 2339 1472 per
2378 1404 2487 1456 vim
2528 1413 2583 1457 ct
2632 1404 2795 1458 corde
2830 1404 2999 1459 invito
3030 1404 3177 1469 facit,
3226 1404 3472 1459 assuefa‘

1900 1491 2051 1544 cient
2077 1491 2254 1559 ipsum
2285 1492 2338 1544 in
2377 1507 2537 1546 omne
2563 1504 2777 1563 tempus
2803 1494 2871 1547 ad
2908 1495 3133 1559 bonum,
3159 1502 3214 1547 et
3240 1493 3306 1547 ad
3329 1510 3475 1548 sem-

1900 1595 1997 1649 per
2029 1580 2207 1634 vivam
2243 1580 2338 1635 Dei
2365 1584 2683 1637 memoriam
2718 1585 3047 1649 habendam,
3070 1597 3125 1639 et
3153 1596 3472 1653 exspectati-

1901 1671 2029 1723 dum
2070 1687 2195 1726 eum
2236 1688 2451 1742 semper
2484 1674 2538 1726 in
2584 1675 2755 1728 multa
2801 1675 3044 1729 bonitate
3084 1684 3139 1729 et
3180 1677 3467 1729 charitate.

1904 1760 2057 1815 Tunc
2093 1763 2453 1816 considerans
2477 1764 2739 1819 Dominus
2764 1767 2869 1819 tale
2897 1767 3068 1835 ipsius
3106 1768 3469 1835 prepositum,

1901 1859 1957 1904 et
1992 1851 2197 1905 bonum
2234 1852 2474 1905 studium
2497 1892 2511 1915 ,
2544 1869 2655 1921 quo
2690 1855 2799 1907 vim
2832 1855 2995 1909 infert
3025 1856 3131 1909 sibi
3166 1857 3369 1925 jugitcr
3402 1856 3470 1908 ad

1900 1942 2022 2011 ejus
2050 1941 2475 2006 recordandum,
2502 1952 2556 1997 et
2582 1942 2648 1996 ad
2674 1944 3118 2014 prosequendum
3140 1961 3355 2014 semper
3374 1945 3474 1999 bo-

1901 2048 2074 2097 num;
2109 2033 2347 2103 itemque
2399 2033 2465 2087 ad
2513 2034 2924 2100 humilitatem,
2968 2036 3469 2100 mansuetudinem,

1900 2123 2260 2191 cbaritatcm;
2292 2135 2347 2179 et
2386 2128 2687 2195 quamlibet
2730 2129 3005 2181 reluctans
3047 2144 3141 2182 cor
3181 2128 3385 2197 subigit
3416 2129 3471 2181 in

1901 2210 2036 2275 haec,
2088 2223 2481 2283 promovetque
2510 2223 2775 2285 quantum
2827 2224 3009 2284 potest
3054 2232 3267 2269 summa
3299 2216 3350 2269 vi
3380 2232 3469 2270 se-

1901 2306 2117 2374 ipsum;
2153 2306 2283 2360 facit
2316 2323 2438 2361 cum
2480 2311 2599 2376 ipso
2625 2308 3058 2363 miscricordiam
3097 2325 3287 2373 suam,
3320 2319 3376 2364 et
3406 2310 3471 2363 li-

1900 2393 2053 2449 berat
2082 2396 2257 2465 ipsum
2290 2396 2358 2449 ab
2388 2397 2626 2452 inimicis
2665 2399 2808 2463 suis;
2849 2407 2904 2453 et
2942 2399 3011 2453 ab
3039 2398 3381 2454 inbabitante
3412 2400 3469 2454 in

1902 2486 2021 2555 ipso
2062 2494 2317 2555 peccato,
2357 2488 2576 2557 replens
2620 2490 2774 2541 illum
2811 2489 3015 2559 Spiritu
3058 2499 3279 2555 sancto,
3313 2489 3469 2560 cujus

1899 2593 2002 2647 ope
2035 2577 2103 2632 de
2142 2587 2341 2632 cartero
2386 2579 2522 2633 citra
2558 2578 2664 2632 vim
2694 2586 2751 2633 et
2780 2579 3023 2634 laborem
3056 2591 3253 2635 cuncta
3286 2581 3339 2637 in
3371 2596 3468 2635 ve-

1900 2670 2062 2723 ritate
2108 2669 2361 2723 mandata
2391 2670 2604 2724 Domini
2630 2672 2972 2740 exsequitur;
3020 2682 3117 2727 aut
3153 2673 3337 2742 potius
3366 2673 3469 2726 Do-

1900 2761 2082 2813 minus
2110 2760 2162 2813 in
2194 2760 2286 2813 illo
2310 2773 2505 2816 cuncta
2530 2763 2719 2831 implet
2742 2764 2963 2832 propria
2994 2763 3248 2817 mandata
3269 2772 3323 2816 et
3350 2762 3467 2815 fru-

1900 2859 2021 2905 ctus
2052 2850 2309 2921 Spiritus,
2344 2853 2564 2922 quando
2591 2853 2890 2909 fructificat
2925 2871 3082 2925 pure.
3108 2854 3337 2924 Oportet
3365 2871 3466 2909 au-

1900 2951 2008 2995 tem
2038 2943 2193 3011 prius
2230 2944 2581 2998 accedentem
2621 2946 2872 3014 quemvis
2904 2946 2971 2999 ad
3020 2946 3342 3011 Dominum,
3390 2948 3469 3001 sic

1898 3035 2010 3087 vim
2058 3033 2263 3089 inferre
2308 3035 2413 3089 sibi
2447 3038 2693 3105 urgendo
2738 3053 2795 3092 se
2830 3038 2899 3091 ad
2944 3038 3170 3101 bonum,
3208 3039 3260 3091 in
3290 3052 3469 3108 coque

1899 3123 2199 3195 frangendo
2223 3126 2586 3180 resistentiam
2613 3128 2817 3193 cordis,
2834 3137 3239 3197 exspectantem
3265 3129 3468 3197 ubique

1898 3230 1963 3268 ac
1992 3229 2230 3283 semper,
2259 3215 2363 3269 tide
2405 3231 2567 3270 omne
2594 3216 2822 3269 dubium
2858 3218 3117 3286 pellente,
3146 3217 3468 3271 misericor-

1898 3304 2042 3358 diam
2068 3305 2187 3373 ejus
2219 3324 2232 3359 :
2268 3320 2464 3375 cogere
2489 3322 2710 3376 quoque
2770 3308 3010 3377 seipsum
3032 3308 3098 3362 ad
3126 3308 3469 3363 miserandos

1899 3396 2033 3449 alios
2055 3436 2069 3461 ,
2106 3411 2308 3465 corque
2342 3398 2395 3451 in
2423 3414 2615 3452 omnes
2647 3410 2869 3468 egentes
2914 3400 3220 3454 beneﬁcum
3262 3400 3470 3453 haben-

1898 3488 2061 3551 dum;
2123 3488 2251 3541 item
2301 3488 2366 3541 ad
2424 3490 2808 3559 longanimiter
2858 3492 3201 3545 tolerandum
3250 3492 3470 3561 quidvis

1898 3578 2120 3643 durum,
2142 3588 2198 3633 ct
2221 3580 2286 3633 ad
2317 3596 2427 3633 non
2454 3582 2845 3651 indignandum
2872 3598 2974 3637 nec
2989 3599 3128 3652 :egrc
3155 3583 3466 3647 ferendum,

1896 3670 2115 3739 quando
2150 3672 2507 3740 vilipenditur
2534 3682 2589 3727 et
2624 3676 3031 3741 contemnitur;
3066 3677 3216 3745 juxta
3258 3675 3464 3729 dictum

1896 3760 2029 3813 illud
2069 3777 2082 3813 :
2126 3759 2243 3814 Non
2281 3764 2615 3832 vosmetipsos
2656 3764 2987 3833 defendentes
3011 3806 3024 3830 ,
3071 3768 3366 3821 charissimi
3400 3769 3465 3821 “.

1895 3854 2015 3906 Vim
2046 3853 2211 3907 etiam
2242 3853 2348 3907 sibi
2386 3854 2567 3909 facere
2598 3855 2665 3909 ad
2697 3856 2966 3910 orandum
2992 3897 3007 3921 ,
3056 3858 3279 3926 quando
3320 3875 3464 3912 non-

1896 3944 2027 3997 dum
2075 3944 2289 4013 accepit
2322 3944 2526 3999 donum
2570 3947 2759 3999 orandi
2798 3963 2897 4016 per
2940 3948 3227 4017 Spiritum.
3262 3950 3466 4004 V'idens

1894 4034 2040 4087 enim
2072 4036 2215 4089 Deus
2238 4035 2316 4089 sic
2338 4036 2755 4091 contendentem
2786 4054 3014 4108 seseque
3047 4042 3465 4111 compellentem

1894 4124 1960 4177 ad
1997 4125 2199 4178 bonum
2224 4166 2237 4189 ,
2274 4126 2445 4179 invito
2478 4128 2643 4180 etiam
2677 4129 2842 4183 corde
2868 4169 2883 4193 ,
2928 4130 3020 4184 dat
3052 4131 3129 4185 illi
3159 4133 3463 4187 orationem

1893 4214 2098 4268 Christi
2123 4232 2324 4281 veram,
2353 4217 2446 4271 dat
2466 4218 2678 4273 viscera
2708 4221 3118 4286 misericordiae,
3150 4224 3463 4293 benignita-

1896 4314 2002 4358 tem
2034 4322 2214 4361 veram
2253 4325 2266 4361 :
2308 4324 2415 4363 uno
2449 4311 2641 4373 verbo,
2686 4314 2899 4380 seponit
2930 4322 2985 4368 et
3022 4314 3237 4369 confert
3270 4316 3346 4369 illi
3375 4327 3462 4370 to-

1896 4404 2008 4448 tum
2033 4394 2266 4451 fructum
2297 4399 2552 4467 Spiritus.
2578 4400 2733 4465 Quod
2765 4403 2809 4454 si
2838 4404 2961 4471 quis
2991 4404 3460 4474 desiderans,quo

229 4490 441 4553 ἑαυτὸν,
488 4488 561 4557 μὴ
590 4487 724 4555 ἔχων
748 4485 933 4555 εὐχὴν,
971 4484 1057 4536 ἵνα
1096 4486 1194 4552 σχῇ
1230 4482 1395 4551 εὐχὴν
1434 4482 1674 4550 χάριτος,
1699 4483 1791 4533 καὶ
1825 4480 1909 4537 υ(

1777 4484 1791 4533 't
1825 4480 1867 4534 D
1894 4493 2077 4547 caret,
2111 4486 2373 4539 orationis
2406 4487 2645 4551 donum,
2677 4500 2738 4543 ut
2776 4490 2910 4544 illud
2950 4492 3244 4561 impetret,
3280 4495 3457 4548 solum

228 4584 309 4644 εἰς
354 4580 449 4649 τὴν
484 4575 1004 4645 ταπεινοφροσύνην,
1044 4575 1135 4625 καὶ
1194 4575 1413 4641 ἀγάπην
1451 4575 1544 4624 καὶ
1570 4572 1667 4634 τὰς
1691 4572 1792 4623 λοι-

229 4673 337 4733 πὰς
364 4669 579 4730 ἐντολὰς
610 4668 699 4719 τοῦ
758 4667 959 4736 Κυρίου
991 4663 1201 4727 ἑαυτὸν,
1232 4664 1290 4715 οὐ
1326 4664 1587 4733 βιάζεται,
1623 4664 1788 4713 ἐνίοτε

228 4764 429 4817 δίδοται
479 4759 624 4829 αὑτῴ
673 4760 805 4827 εὐχὴ
862 4758 1104 4827 χάριτος,
1145 4756 1234 4807 καὶ
1272 4756 1328 4806 ἐν
1355 4753 1660 4806 ἀναπαύσει
1694 4756 1789 4805 καὶ

227 4850 539 4919 εὐφροσύνῃ
584 4846 822 4917 μερικῶς
854 4844 992 4896 κατὰ
1028 4844 1088 4895 τὸ
1132 4843 1343 4911 αἴτημα.
1376 4840 1565 4902 αὐτοῦ,
1597 4843 1705 4903 τοῖς
1733 4840 1788 4891 δὲ

222 4945 449 5014 τρόποις
480 4940 662 5009 ὅμοιός
688 4941 833 4991 ἐστιν
859 4931 901 5004 ᾧ
929 4933 995 5005 ἧν
1028 4936 1287 5006 πρότερον
1309 4936 1511 5002 ὅμοιος.
1548 4934 1658 4985 Οὐκ
1680 4932 1790 5001 ἔχει

224 5024 335 5104 γὰρ
376 5034 675 5103 πραότητα,
736 5031 815 5082 ὅτι
872 5030 969 5081 οὐκ
1002 5029 1264 5095 ἐζήτησεν
1305 5025 1575 5094 ἐμπόνως,
1612 5024 1703 5077 καὶ
1728 5024 1787 5075 οὐ

222 5124 661 5193 προηυτρέπισεν
698 5120 887 5171 ἑαυτὸν
920 5120 1063 5170 οὕτω
1120 5116 1389 5185 γενέσθαι.
1422 5116 1533 5167 Οὐκ
1560 5114 1671 5183 ἔχει
1700 5132 1788 5165 τα-

223 5213 675 5281 πεινοφροσύνην,
718 5210 904 5279 ἐπειδὴ
944 5210 1042 5260 οὐκ
1075 5210 1266 5278 ᾔτησε,
1297 5208 1386 5259 καὶ
1418 5206 1603 5257 ἑαυτὸν
1643 5204 1784 5256 ἐϐιά-

225 5323 354 5358 σατο
379 5306 457 5366 εἰς
486 5303 641 5355 τοῦτο
662 5321 673 5332 ·
709 5302 808 5354 οὐκ
842 5301 951 5369 ἔχει
982 5300 1199 5367 ἀγάπην
1231 5300 1363 5366 πρὸς
1402 5297 1626 5357 πάντας,
1666 5296 1784 5347 ἐπεὶ

222 5415 287 5449 πε
302 5398 353 5465 pl.
408 5396 597 5447 τούτου
654 5394 924 5461 μέριμναν
955 5393 1056 5443 καὶ
1102 5390 1288 5456 ἀγῶνα
1322 5389 1419 5440 οὐκ
1450 5388 1602 5455 ἔσχεν
1634 5387 1690 5437 ἐν
1720 5389 1785 5454 τῇ

220 5492 433 5556 uiri.st
462 5488 557 5553 τῆς
588 5488 896 5554 προσευχῆς
916 5502 929 5515 ο
958 5486 1061 5553 χρὴ
1090 5485 1194 5553 γὰρ
1217 5484 1464 5541 ἕκαστον,
1493 5481 1679 5547 ῶσπερ
1712 5483 1788 5541 εἰς

217 5579 317 5648 τὴν
341 5577 503 5647 εὐχὴν
532 5575 771 5644 βιάζεται
800 5575 989 5627 ἑαυτὸν
1021 5577 1109 5626 καὶ
1128 5574 1303 5642 ἄγχει,
1326 5574 1413 5625 καὶ
1436 5570 1510 5641 μὴ
1534 5570 1789 5639 Οελούσης

298 5766 339 5796 ¹⁷
379 5763 572 5818 Matth.
614 5779 697 5828 XI,
749 5762 833 5816 12.
915 5764 952 5794 "
996 5761 1126 5815 Luc.
1178 5776 1305 5826 xm,
1357 5762 1443 5816 ἓξ.

1891 4576 1994 4629 sibi
2025 4578 2090 4631 ad
2121 4579 2389 4633 orandum
2428 4580 2538 4634 vim
2566 4582 2728 4647 facit,
2763 4600 2872 4638 non
2918 4583 3048 4639 item
3074 4587 3139 4639 ad
3175 4588 3458 4643 humiliter

1891 4665 2236 4719 sentiendum
2264 4666 2330 4720 de
2364 4682 2443 4729 se,
2474 4684 2583 4721 non
2612 4670 2677 4723 ad
2710 4673 3071 4726 exercendam
3110 4676 3455 4741 charitatem,

1891 4762 1985 4807 aut
2022 4756 2087 4808 ad
2120 4756 2371 4811 mandata
2404 4759 2615 4812 Domini
2651 4771 2845 4815 caetera
2888 4763 3159 4832 implenda
3203 4765 3305 4819 sibi
3347 4768 3456 4821 vim

1890 4844 2035 4910 facit,
2061 4848 2339 4919 continget
2365 4850 2636 4905 interdum
2660 4852 2776 4906 dari
2803 4855 2931 4909 huic
2946 4857 3209 4913 orationis
3226 4859 3451 4924 donum,

1890 4937 2054 4991 etiam
2089 4954 2210 4993 cum
2242 4941 2425 5009 quiete
2455 4951 2510 4996 et
2548 4942 2737 4999 latitia
2770 4962 2835 4999 ex
2860 4957 3035 5016 parte,
3069 4958 3233 5017 prout
3263 4963 3454 5019 postu-

1890 5023 2053 5089 lavit;
2090 5027 2333 5081 moribus
2374 5038 2554 5082 autem
2582 5030 2775 5086 similis
2816 5041 2898 5085 cst
2926 5033 2998 5097 ei,
3036 5034 3126 5088 cui
3159 5038 3309 5105 prius
3337 5046 3455 5091 erat

1890 5116 2110 5180 similis;
2150 5135 2257 5173 non
2288 5120 2431 5172 enim
2477 5121 2643 5175 habet
2675 5125 3150 5178 mansuetudinem
3173 5168 3185 5190 ,
3220 5142 3319 5195 pro
3346 5145 3453 5198 qua

1890 5207 2238 5277 adipiscenda
2276 5227 2383 5264 non
2418 5212 2719 5277 laboravit;
2752 5225 2805 5269 ct
2844 5216 2910 5269 ad
2957 5233 3117 5285 quam
3159 5234 3279 5273 sese
3343 5238 3453 5275 non

1888 5298 2177 5367 disposuit.
2223 5301 2339 5355 Non
2377 5303 2543 5357 habet
2590 5306 2988 5370 humilitatem,
3035 5311 3293 5377 quoniam
3329 5328 3452 5366 eam

1886 5403 1985 5440 nec
2016 5390 2187 5455 petiit,
2226 5406 2327 5444 nec
2365 5394 2464 5447 sibi
2508 5394 2573 5447 ad
2601 5410 2717 5448 eam
2753 5398 3111 5451 exercendam
3150 5401 3259 5452 vim
3302 5402 3452 5455 adhi-

1886 5479 2023 5531 buit.
2060 5483 2217 5551 163
2246 5483 2359 5536 Non
2390 5485 2553 5541 habet
2574 5487 2893 5543 eharitatem
2918 5489 2981 5542 ad
3001 5506 3207 5555 omnes,
3232 5494 3453 5562 quando

1887 5571 1953 5624 de
1984 5573 2081 5627 hac
2106 5589 2224 5627 esse
2258 5576 2545 5645 sollicitus,
2576 5596 2674 5649 pro
2698 5596 2868 5650 eaque
2901 5582 3263 5641 contendere.-
3302 5584 3447 5654 flagi»

1527 5762 1564 5792 ”
1611 5761 1743 5812 [10m
1823 5776 1931 5826 λιι,
1974 5764 2055 5815 ίῖ).
