4254 6358
802 383 909 446 839

2047 384 2107 445 S.
2148 382 2467 443 MACARII
2509 384 2793 446 JEGYPTI
2802 386 2829 445 Ι

3962 389 4070 454 840

800 510 923 551 tans
946 496 1000 549 in
1020 493 1270 550 oratione
1300 492 1405 550 sibi
1436 494 1685 559 concedi,
1716 496 1849 550 tanti
1873 508 1983 550 non
2004 494 2181 549 duxit.
2206 496 2379 566 Opor—
2408 504 2451 556 Λ

2408 504 2451 556 Λ
2483 495 2584 563 τῆς
2605 495 2849 565 καρδίας·
2870 494 3041 558 οὕτως
3067 496 3146 559 εἰς
3163 496 3261 567 τήν
3287 496 3527 567 ἀγάπην,
3554 496 3742 567 είςτήν
3758 498 4067 568 πραότητα,

802 598 880 644 tet
902 588 1052 642 enim
1070 603 1546 659 unumquemque,
1570 587 1715 641 sicut
1736 586 1804 641 ad
1820 586 2126 640 orationem
2150 600 2207 639 se
2228 600 2384 638 com-

798 679 975 749 pellit,
1006 686 1063 733 et
1086 693 1186 748 per
1214 678 1326 732 vim
1371 685 1568 747 urget;
1606 675 1809 730 frustra
1859 675 2162 728 reluctante
2191 673 2378 733 corde.

797 772 872 825 ita
904 787 962 826 se
992 771 1202 841 pariter
1228 770 1286 824 in
1316 768 1667 832 eharitatem,
1700 768 1755 821 in
1787 765 2287 828 mansuetudinem,
2323 764 2378 818 in

801 879 1023 919 omnem
1069 862 1392 934 patientiam
1438 870 1496 916 et
1537 861 2041 931 longanimitatem.
2078 875 2203 915 eum
2252 875 2381 930 gau-

798 954 911 1021 dio,
936 954 1244 1009 secundum
1273 952 1421 1023 quod
1451 953 1717 1022 scriptum
1739 961 1841 1015 est,
1865 961 2056 1021 urgeat
2102 952 2375 1020 seipsum;

796 1050 1041 1118 itemque
1070 1048 1138 1102 ad
1175 1047 1401 1102 ferenda
1426 1047 1665 1101 libenter
1691 1046 2011 1116 opprobria,
2043 1054 2100 1097 et
2133 1044 2377 1114 peiorem

796 1156 855 1195 se
891 1139 1107 1195 cunctis
1131 1180 1145 1204 ,
1180 1139 1541 1207 infimumque
1581 1138 1825 1191 omnium
1858 1136 2226 1206 reputantium
2264 1152 2276 1187 ε
2308 1133 2376 1188 ad

798 1242 905 1285 non
937 1230 1329 1302 proferendum
1358 1231 1413 1284 in
1447 1230 1888 1295 conversatione,
1915 1228 2063 1299 quod
2106 1228 2240 1282 utile
2266 1243 2375 1281 non

793 1332 898 1385 est,
932 1308 1027 1377 sed
1064 1322 1131 1375 ad
1160 1321 1476 1377 meditanda
1506 1322 1674 1376 corde
1718 1336 1954 1390 semper,
1986 1330 2042 1374 et
2083 1336 2177 1374 ore
2208 1336 2376 1373 enun-

794 1415 980 1470 tianda
1020 1415 1239 1485 eloquia
1282 1415 1520 1469 Domini.
1572 1414 1836 1469 Similiter
1877 1412 1942 1466 ad
1978 1427 2087 1467 non
2140 1413 2377 1466 irascen-

792 1510 943 1568 dum,
971 1508 1124 1577 juxta
1158 1506 1303 1577 quod
1334 1506 1541 1561 dictum
1582 1513 1667 1560 est
1704 1522 1718 1560 :
1759 1503 1940 1560 Omnis
1975 1505 2300 1569 amaritudo,
2328 1515 2377 1557 et

792 1601 877 1651 ira
904 1639 918 1662 ,
954 1608 1001 1652 et
1041 1598 1245 1653 clamor
1270 1638 1283 1662 ,
1329 1597 1555 1651 tollatur
1588 1616 1619 1650 a
1657 1597 1799 1650 vobis
1825 1636 1839 1661 ,
1883 1615 2000 1649 cum
2037 1599 2180 1650 omni
2227 1595 2376 1649 mali-

791 1689 867 1739 tia
908 1687 973 1738 '°.
1008 1687 1079 1742 Ut
1122 1687 1202 1741 sic
1239 1686 1507 1740 Dominus
1545 1686 1663 1739 viso
1696 1686 1816 1755 ejus
1862 1685 2077 1751 studio,
2130 1685 2223 1739 det
2268 1686 2373 1753 ipsi

792 1779 907 1831 haec
941 1787 1138 1831 cuncta
1183 1777 1367 1831 facilia
1398 1776 1535 1831 citra
1581 1776 1828 1831 laborem
1856 1785 1911 1831 et
1938 1776 2049 1829 vim
2071 1815 2085 1841 ,
2134 1790 2256 1844 qua:
2286 1790 2375 1828 an-

790 1875 876 1918 tea
925 1865 1204 1919 laborioso
1252 1872 1452 1919 conatu
1503 1872 1691 1919 tenere
1724 1864 1814 1918 vix
1854 1874 2103 1934 poterat,
2149 1871 2375 1933 propter

792 1955 1104 2008 inhabitans
1138 1955 1196 2008 in
1237 1969 1305 2008 eo
1353 1960 1638 2023 peccatum
1675 1970 1687 2004 :
1734 1954 1809 2007 ita
1852 1961 1913 2007 ut
1958 1953 2061 2022 ipsi
2097 1954 2207 2023 jam
2240 1952 2374 2007 fiant

790 2046 895 2098 illa:
929 2060 1120 2099 omnes
1148 2044 1369 2099 virtutis
1396 2045 1821 2101 exercitationes
1853 2043 2010 2113 quasi
2045 2051 2264 2099 natura.
2295 2044 2371 2098 De

2484 587 2578 639 καὶ
2595 588 2670 649 εἰς
2693 588 2874 640 πᾶσαν
2891 588 3167 660 ὑπομονήν
3188 591 3282 641 καὶ
3308 588 3693 659 μακροθυμίαν
3714 592 3853 659 μετὰ
3870 595 4067 662 χαρᾶς,

2484 675 2625 727 κατά
2651 674 2713 726 τὸ
2744 677 3131 747 γεγραμμένον
3151 694 3165 708 ·
3193 678 3337 730 οὕτω
3370 677 3654 747 βιάζεσθαι
3681 680 3878 732 ἑαυτὸν
3905 684 3987 744 εἰς
4013 684 4073 735 τὸ

2483 766 2905 833 ἑξουθενεῖσθαι,
2942 770 3036 821 καὶ
3068 769 3235 839 χείρω
3264 771 3359 823 καὶ
3388 770 3614 839 ἔσχατον
3663 772 3862 825 ἑαυτὸν
3923 774 4071 839 λογί-

2482 859 2673 922 ζεσθαι
2707 860 2948 923 πάντων,
2987 860 3063 921 ὡς
3111 861 3172 913 τὸ
3198 861 3272 930 μὴ
3300 861 3357 913 ὃν
3382 864 3671 932 χρήσιμον,
3710 863 3784 932 μὴ
3813 864 4031 932 ὁμιλεῖν
4049 881 4062 894 ·

2480 948 2615 1003 ἀλλὰ
2647 950 2716 1003 τὰ
2770 949 2863 1003 τοῦ
2917 950 3122 1018 Κυρίου
3160 954 3390 1023 μελετᾷν
3443 954 3527 1005 ἀεὶ
3566 954 3721 1019 λόγια
3752 956 3847 1006 καὶ
3884 955 4069 1007 λαλεῖν

2484 1040 2713 1111 στόματι
2756 1043 2850 1093 καὶ
2896 1042 3128 1113 καρδία·
3168 1044 3344 1106 οὓτως
3401 1044 3482 1106 εἰς
3501 1044 3562 1095 τὸ
3618 1045 3693 1113 μὴ
3750 1043 4065 1112 θυμοῦσθαι

2484 1131 2625 1185 κατὰ
2672 1132 2732 1185 τὸ
2782 1134 3073 1203 εἰρημένον
3099 1152 3113 1166 ·
3146 1133 3323 1188 Πᾶσα
3359 1136 3586 1202 πικρία,
3620 1136 3718 1188 καὶ
3754 1135 3923 1205 ὁρτὴ,
3958 1138 4063 1189 καί

2480 1228 2709 1295 κραυγὴ
2765 1226 2999 1295 ἀρθήτω
3043 1229 3141 1296 ἀφ’
3200 1227 3387 1296 ὑμῶν,
3437 1227 3561 1281 σὺν
3623 1227 3790 1294 πάσῃ
3842 1230 4065 1293 xazlq'

2481 1314 2599 1365 Ἵνα
2646 1314 2817 1377 οὕτως
2868 1319 2896 1368 6
2942 1316 3146 1387 Κύριος
3203 1316 3326 1371 ἰδὼν
3370 1317 3536 1369 αὐτοῦ
3587 1319 3689 1389 τὴν
3740 1320 4064 1387 προαίρεσιν

2478 1406 2627 1480 δὼσῃ
2676 1408 2826 1479 αὐτῷ
2881 1408 3054 1461 ταῦτα
3118 1411 3294 1462 πάντα
3347 1411 3569 1473 ἀκόπως
3616 1411 3711 1462 καὶ
3758 1410 4061 1475 ἀϐιάστως,

2478 1496 2622 1567 άπερ
2650 1500 2778 1569 πρὶν
2814 1498 2956 1552 οὓτω
2990 1501 3127 1570 μετὰ
3158 1500 3278 1570 βίας
3314 1501 3544 1570 φυλάξαι
3573 1501 3822 1569 ἠδύνατο,
3854 1502 3939 1553 διά
3962 1502 4065 1569 τὴν

2476 1590 2734 1644 οἰκοῦσαν
2755 1594 2812 1643 tv
2840 1592 2989 1661 αὐτῷ
3014 1593 3289 1662 ἁμαρτίαν
3309 1609 3323 1621 ·
3348 1594 3441 1645 καὶ
3471 1592 3679 1660 γίνεται
3709 1592 3857 1662 αὐτῷ
3888 1592 4063 1645 ταῦτα

2479 1683 2654 1735 πάντα
2694 1682 2793 1749 τῆς
2843 1683 3045 1753 ἀρετῆς
3097 1684 3501 1753 ἐπιτηδεύματα
3550 1683 3737 1754 ὥσπερ
3766 1684 3961 1751 φύσις·
3997 1686 4063 1736 τὸ

2477 1774 2661 1825 λοιπὸν
2690 1775 2797 1845 γὰρ
2823 1774 2992 1827 ἐλθὼν
3025 1778 3054 1828 6
3085 1776 3307 1845 Κύριος,
3342 1776 3512 1828 ἐλθὼν
3540 1778 3631 1829 καὶ
3684 1778 3975 1846 γενόμενος
4001 1779 4061 1829 tv

2480 1864 2649 1934 αὐτῷ,
2700 1868 2795 1918 καὶ
2840 1867 3002 1930 αὐτὸς
3038 1870 3185 1920 ποιεῖ
3226 1870 3283 1920 tv
3333 1868 3482 1937 αὐτῷ
3514 1869 3612 1931 τάς
3661 1869 3800 1930 ἰδίας
3836 1868 4061 1931 ἐντολὰς

2480 1955 2607 2007 ἀνευ
2662 1957 2949 2025 καμάτου”,
3008 1958 3233 2029 πληρῶν
3277 1958 3440 2011 αὐτὸν
3496 1960 3610 2020 τοῖς
3670 1960 3906 2027 καρποῖς
3959 1956 4057 2009 τοῦ

2479 2046 2621 2099 Πνεύ
2630 2064 2816 2115 ματος.

790 2147 991 2193 caetero
1022 2138 1169 2191 enim
1211 2138 1475 2192 Dominus
1500 2137 1555 2189 in
1583 2152 1710 2191 eum
1736 2137 2056 2199 adveniens,
2080 2144 2134 2190 et
2162 2135 2218 2189 in
2279 2135 2399 2204 ipso
2439 2152 2791 2207 permanens,
2832 2142 2914 2195 uti
2980 2150 3035 2197 et
3078 2144 3193 2212 ipse
3239 2143 3293 2197 in
3335 2159 3441 2209 eo,
3476 2142 3798 2211 exsequitur
3836 2142 3891 2196 in
3938 2142 4060 2210 ipso

789 2248 885 2285 sua
911 2232 1085 2300 ipsius
1104 2231 1383 2293 mandata,
1408 2230 1526 2284 sine
1550 2227 1801 2282 molestia
1825 2227 1944 2296 ejus
1969 2227 2075 2280 ulla
2100 2244 2115 2292 ;
2144 2226 2362 2296 replens
2399 2229 2579 2297 ipsum
2614 2230 2885 2286 fructibus
2915 2232 3175 2301 Spiritus.

862 2324 997 2378 XIV.
1031 2323 1087 2377 Si
1122 2337 1251 2377 vero
1295 2321 1571 2391 quispiam
1599 2321 1667 2374 ad
1696 2320 2004 2375 orationem
2038 2318 2377 2373 fundendam

787 2418 891 2473 sibi
921 2416 1032 2470 vim
1070 2414 1281 2479 infert,
1314 2414 1492 2468 donec
1536 2411 1774 2482 aliquam
1811 2412 2039 2483 gratiam
2073 2427 2103 2465 a
2131 2412 2243 2466 Deo
2275 2413 2377 2467 im-

786 2519 985 2578 petret,
1006 2507 1193 2560 inhaec
1227 2513 1433 2569 autem,
1463 2504 1677 2559 scilicet
1703 2504 2096 2569 humilitatem,
2133 2504 2375 2560 charita-

789 2614 937 2664 tein,
973 2597 1493 2661 mansuetudinem,
1548 2603 1605 2649 et
1666 2596 1907 2664 reliquas
1963 2596 2200 2651 virtutes
2256 2597 2373 2665 pari

786 2700 986 2745 conatu
1029 2705 1137 2742 non
1187 2687 1495 2749 incumbit,
1543 2688 1647 2743 sibi
1677 2687 1744 2742 ad
1790 2702 1884 2742 eas
1924 2687 2031 2741 vim
2082 2688 2363 2755 inferens,

785 2793 1182 2847 nonnunquam
1213 2778 1315 2847 ipsi
1362 2793 1418 2831 se
1456 2778 1701 2847 indulget
1733 2778 1917 2832 divina
1948 2780 2120 2847 gratia
2156 2780 2366 2849 petenti

784 2880 840 2923 et
880 2867 1095 2931 oranti;
1137 2867 1315 2920 bonus
1341 2867 1544 2934 quippe
1576 2874 1632 2919 ct
1662 2866 1905 2919 clemens
1930 2865 2076 2919 Deus
2107 2874 2212 2929 est,
2246 2881 2368 2934 pro-

784 2976 1000 3031 nusque
1028 2960 1096 3013 ad
1133 2958 1545 3012 concedendum
1580 2957 1951 3028 flagitantibus
1984 2973 2106 3026 quae
2128 2958 2319 3012 volunt
2346 2974 2361 3023 ;

782 3054 874 3123 qui
912 3061 1096 3106 tamen
1145 3050 1271 3104 talis
1309 3066 1419 3104 non
1471 3049 1799 3119 praeparavit
1868 3050 2143 3118 scipsum,
2185 3063 2365 3117 neque

2546 2325 2643 2377 IA'.
2678 2324 2739 2377 Εἰ
2793 2325 2849 2377 δέ
2899 2341 2979 2388 τις
3012 2328 3090 2387 εἰς
3118 2326 3286 2395 εὐχὴν
3326 2326 3570 2395 βιάζεται
3609 2326 3821 2389 ἑαυτὸν,
3854 2327 3961 2389 ἕως
3994 2322 4055 2381 οὐ

2474 2407 2611 2481 λάϐῃ
2645 2427 2697 2463 τι
2726 2412 2971 2481 χάρισμα
3000 2412 3152 2483 παρὰ
3186 2414 3279 2466 τοῦ
3307 2414 3464 2481 Θεοῦ,
3488 2418 3568 2478 εἰς
3598 2416 3768 2469 ταῦτα
3796 2418 3854 2469 δὲ
3881 2420 4052 2487 ήγουν

2471 2502 2551 2564 εἰς
2584 2503 3107 2575 ταπεινοφροσύνην,
3133 2508 3213 2568 εἰς
3238 2506 3479 2577 ἀγάπην,
3516 2509 3597 2570 εἰς
3618 2508 3929 2578 πραότητα,
3959 2513 4054 2561 καὶ

2471 2596 2551 2657 εἰς
2566 2594 2662 2657 τὰς
2684 2595 2874 2659 λοιπὰς
2897 2597 3118 2666 ἀρετὰς,
3152 2599 3426 2668 ὁμοίωςού
3444 2599 3692 2667 βιάζεται
3715 2601 3933 2663 ἑαυτὸν,
3960 2603 4055 2653 καὶ

2470 2684 2649 2755 ἄγχει,
2673 2687 2840 2740 ἐνίοτε
2870 2689 3076 2755 γίνεται
3104 2691 3239 2760 πρὸς
3271 2691 3432 2745 αὐτὸν
3458 2692 3576 2745 θεία
3599 2693 3757 2762 χάρις
3773 2694 4052 2755 αἰτοῦντος

2472 2777 2568 2829 καί⁵
2602 2777 2889 2847 δεομένουο
2933 2781 3137 2847 ἀγαθὸς
3167 2783 3276 2853 γάρ
3309 2783 3405 2836 καὶ
3445 2785 3679 2853 χρηστὸς
3711 2786 3739 2836 6
3772 2786 3931 2851 Θεὸς,
3961 2788 4053 2838 καὶ

2471 2868 2582 2927 τοῖς
2612 2867 2855 2921 αἰτοῦσιν
2896 2870 3059 2923 αὐτὸν
3086 2872 3269 2925 δίδωσι
3290 2872 3359 2925 τά
3396 2874 3677 2942 αἰτήματα
3696 2890 3712 2904 °
3746 2873 3821 2945 μὴ
3846 2891 4049 2943 προευ-

2471 2958 2736 3027 τρεπίσας
2767 2960 2823 3013 δὲ
2852 2961 3063 3027 ἆαυτὸν,
3096 2962 3191 3015 καὶ
3223 2964 3296 3034 μὴ
3328 2963 3512 3026 ἐθίσας
3551 2966 3632 3026 εἰς
3652 2964 3751 3025 τὰς
3787 2982 4052 3036 προειρη-

2476 3050 2641 3118 μένας
2664 3051 2886 3121 ἀρετάς,
2927 3053 2959 3121 ἢ
2995 3053 3219 3106 ἀπόλλει
3252 3054 3353 3124 τὴν
3377 3054 3563 3124 χάριν,
3588 3056 3620 3124 ἢ
3648 3054 3917 3124 λαμϐάνει
3953 3057 4048 3108 καὶ

787 3144 1078 3199 assuefecit
1113 3142 1179 3195 ad
1222 3143 1376 3211 prius
1405 3149 1737 3194 memoratas
1759 3139 1994 3195 virtutes
2018 3181 2030 3204 ,
2060 3148 2155 3192 aut
2184 3138 2366 3208 perdit
2394 3146 2435 3199 C

2394 3146 2435 3199 C
2470 3141 2678 3206 πίπτει,
2712 3143 2745 3212 ἦ
2778 3144 2839 3195 οὐ
2874 3144 3173 3215 προκόπτει
3197 3144 3680 3214 ὑψηλοφρονήσας’
3710 3144 3900 3214 ἐπειδὴ
3927 3147 4046 3206 ταῖς

783 3238 1038 3303 gratiam,
1072 3243 1169 3287 aut
1218 3232 1421 3301 accipit
1462 3242 1515 3285 et
1557 3232 1728 3295 cadit,
1757 3240 1853 3284 aut
1888 3246 1998 3283 non
2037 3230 2276 3299 proficit,
2308 3229 2363 3283 in

782 3330 1094 3400 superbiam
1142 3328 1358 3388 elatus;
1401 3325 1658 3394 quoniam
1711 3324 1980 3377 mandatis
2030 3322 2240 3375 Domini
2273 3337 2362 3376 se-

782 3420 962 3487 ipsum
1004 3431 1067 3467 ex
1101 3412 1385 3483 proposito
1426 3426 1536 3465 non
1573 3410 1740 3464 tradit
1774 3420 1971 3464 totum.
2010 3410 2143 3463 Nam
2182 3411 2361 3465 domi-

782 3510 967 3562 cilium
1011 3515 1066 3560 et
1112 3504 1332 3573 requies
1374 3504 1613 3573 Spiritus
1658 3504 1937 3555 humilitas
1971 3511 2093 3564 est,
2125 3503 2364 3557 charitas

780 3608 884 3661 est,
916 3592 1278 3649 mansuetudo
1302 3599 1406 3657 est,
1437 3602 1489 3645 et
1519 3601 1728 3645 cetera;
1762 3592 2095 3660 praescripta
2124 3606 2154 3644 a
2184 3592 2365 3645 Domi-

780 3704 850 3742 no
895 3690 1147 3741 virtutes.
1197 3685 1407 3739 Debent
1455 3684 1622 3753 igitur
1670 3684 1762 3751 qui
1811 3683 2005 3735 volunt
2045 3683 2099 3735 in
2133 3682 2363 3736 veritate

782 3781 999 3850 placere
1036 3779 1148 3831 Deo
1178 3784 1235 3829 et
1277 3775 1527 3843 accipere
1557 3773 1625 3827 ab
1660 3773 1778 3842 ipso
1803 3772 2079 3825 cmlestem
2109 3772 2359 3841 gratiam,

778 3884 1139 3940 erescereque
1183 3883 1245 3921 ac
1278 3882 1336 3921 se
1360 3865 1625 3936 perﬁcere
1666 3865 1722 3919 in
1754 3872 1943 3919 sancto
1970 3862 2203 3932 Spiritu,
2246 3863 2361 3929 pri-

778 3978 929 4017 mum
956 3976 1150 4032 cogere
1204 3958 1414 4028 seipsos
1467 3957 1533 4011 ad
1563 3956 1867 4011 exercenda
1906 3954 2082 4008 ofﬁcia
2115 3954 2360 4008 omnium

778 4049 1069 4111 virtutum,
1108 4042 1463 4115 quantumvis
1511 4045 1811 4097 reluctante
1864 4044 2066 4104 animo,
2105 4042 2245 4097 sicut
2280 4042 2363 4095 di-

777 4151 925 4193 ctum
975 4146 1059 4191 est
1094 4153 1107 4188 :
1144 4134 1430 4204 Propterea
1468 4133 1537 4185 ad
1581 4132 1759 4185 omnia
1804 4130 2059 4183 mandata
2099 4137 2192 4181 tua
2227 4129 2359 4180 diri-

774 4231 936 4302 gcbar
965 4230 1034 4281 υ.
1071 4227 1160 4283 Uti
1187 4226 1335 4279 enim
1362 4224 1560 4293 aliquis
1586 4223 1651 4277 ad
1672 4220 2135 4292 perseverandum
2162 4220 2214 4273 in
2239 4233 2363 4273 ora-

777 4326 924 4377 tione
957 4320 1064 4374 sibi
1088 4320 1198 4372 vim
1221 4317 1386 4371 infert
1416 4331 1646 4385 seseque
1669 4314 1833 4384 cogit,
1860 4329 2033 4381 usque
2060 4313 2188 4366 dum
2214 4320 2360 4365 recte

774 4416 880 4470 hoc
906 4426 1134 4467 munere
1162 4410 1421 4480 fungatur
1447 4425 1461 4474 ;
1500 4407 1573 4461 ita
1601 4406 1765 4460 debet
1798 4420 1856 4459 se
1891 4404 2100 4474 pariter
2125 4403 2192 4457 ad
2224 4418 2356 4456 cun-

776 4514 860 4561 cta
891 4504 1113 4558 virtutis
1137 4502 1312 4555 ofﬁcia
1339 4498 1692 4568 compellere,
1719 4495 1965 4565 urgendo
1995 4504 2051 4548 et
2083 4494 2349 4565 cogendo,

776 4598 955 4668 quoad
988 4613 1055 4651 ex
1094 4592 1495 4649 consuetudine
1521 4590 1725 4643 bonum
1760 4588 2009 4641 habitum
2038 4593 2193 4656 paret
2223 4602 2235 4637 :
2275 4585 2353 4639 sic

776 4692 922 4744 enim
947 4689 1090 4758 quod
1123 4690 1539 4757 perseveranter
1570 4680 1790 4751 petierit
1824 4695 1853 4733 a
1890 4678 2121 4732 Domino
2159 4690 2353 4730 conse-

778 4794 962 4848 culus,
999 4782 1157 4850 plena
1182 4780 1291 4849 jam
1322 4786 1378 4830 et
1409 4791 1601 4830 secura
1632 4773 1802 4842 optati
1840 4769 2188 4839 possessione
2218 4784 2349 4835 gau-

776 4873 929 4927 debit
964 4890 975 4924 :
1012 4878 1301 4934 crescente
1325 4867 1511 4937 utique
1540 4881 1603 4920 ac
1633 4864 1865 4918 ﬂorente
1896 4861 1950 4913 in
1984 4861 2103 4928 ipso
2136 4874 2347 4927 perma-

776 4973 991 5025 nenter,
1007 4976 1168 5030 quam
1184 4960 1344 5012 anxie
1358 4957 1673 5027 postulavit,
1687 4954 1861 5025 gratia
1886 4951 2152 5020 Spiritus;
2178 4950 2350 5019 gratia

775 5068 895 5122 qua:
920 5052 1155 5105 donatur
1193 5048 1317 5117 ipsi,
1355 5064 1585 5117 quzeque
1612 5045 1913 5116 requiescit
1946 5044 2002 5097 in
2042 5043 2351 5097 humilitate

777 5142 981 5211 ipsius,
1028 5149 1083 5194 et
1126 5141 1181 5192 in
1231 5139 1460 5208 reliquis
1492 5138 1823 5199 virtutibus,
1869 5144 1923 5191 et
1965 5135 2127 5189 docet
2174 5134 2349 5202 ipsum

776 5246 960 5285 veram
991 5230 1377 5293 humilitatem,
1404 5244 1588 5282 veram
1612 5228 1956 5291 charitatem,
1986 5241 2172 5281 veram
2194 5240 2351 5277 man-

775 5321 1147 5383 suetudinem,
1188 5322 1254 5375 ad
1299 5336 1461 5390 quam
1492 5320 1880 5389 possidendam
1914 5334 2031 5373 sese
2059 5315 2347 5386 compulit,

774 5427 1054 5482 quamque
1091 5412 1249 5464 anxie
1285 5410 1554 5479 quaesivit.
1598 5410 1667 5463 Et
1705 5410 1784 5461 sic
1830 5418 2022 5462 auctus
2066 5407 2120 5462 in
2172 5406 2356 5477 prol‘e-

775 5515 949 5568 etum,
987 5513 1041 5558 et
1068 5502 1135 5556 ad
1162 5503 1339 5571 ipsum
1366 5501 1725 5571 perfectionis
1756 5501 1812 5553 in
1854 5500 2208 5553 Deoerectus
2240 5498 2358 5551 cul-

776 5612 919 5659 men,
970 5593 1288 5648 liazreditate
1321 5594 1583 5648 ccelorum
1632 5592 1783 5662 regni
1831 5592 2030 5661 dignus
2080 5598 2353 5645 censetur.

845 5772 889 5803 ’°
929 5771 1131 5843 Ephes.
1177 5788 1265 5837 tv,
1312 5772 1397 5825 53.
1476 5773 1517 5802 ²¹
1562 5770 1702 5826 Psal.
1743 5785 1923 5837 cxvul,
1968 5769 2087 5823 116.

2468 3232 2710 3295 ἐντολαῖς
2741 3234 2836 3287 τοῦ
2885 3235 3091 3305 Κυρίου
3122 3237 3312 3289 ἑαυτὸν
3346 3240 3410 3289 ὲκ
3456 3236 3835 3307 προαιρέσεως
3876 3237 3939 3287 οὐ
3972 3236 4047 3287 δὶ-

2468 3320 2617 3377 δωσι.
2657 3324 2729 3376 Τὸ
2761 3327 2869 3396 γάρ
2892 3328 3308 3397 κατοικητήριον
3358 3328 3391 3397 ἦ
3423 3328 3729 3389 ἀνάπαυσις
3757 3329 3851 3379 τοῦ
3878 3328 4046 3379 Ilvati—

2472 3428 2657 3479 ματος,
2697 3413 2730 3484 ή
2766 3416 3232 3485 ταπεινοφροσύνη
3273 3418 3409 3481 ἐστὶ,
3446 3420 3539 3471 καὶ
3573 3419 3605 3487 ή
3638 3418 3848 3486 ἀγάπη,
3889 3418 3986 3469 καὶ
4013 3421 4045 3481 ἠ

2468 3500 2731 3571 πραότης,
2766 3503 2858 3555 καὶ
2888 3504 2947 3556 αἰ
2978 3505 3160 3557 λοιπαὶ
3205 3505 3301 3558 τοῦ
3346 3508 3551 3576 Κυρίου
3586 3507 3812 3560 ὲντολαί.
3859 3507 4044 3573 Ὀφεί-

2466 3592 2648 3645 λουσιν
2694 3592 2787 3648 οὖν
2824 3594 3138 3665 βουλόμενοι
3186 3596 3247 3659 ἐξ
3280 3598 3535 3666 ἀληθείας
3568 3599 3935 3667 εὐαρεστῆσαι
3967 3598 4044 3665 τῷ

2466 3683 2603 3752 Θεῷ,
2635 3684 2732 3735 καὶ
2761 3684 3014 3749 δέξασθαι
3043 3688 3173 3755 παρ’
3196 3687 3359 3740 αὐτοῦ
3386 3689 3483 3758 τὴν
3510 3690 3830 3759 ἐπουράνιον
3860 3690 4040 3759 χάριν,

2464 3778 2559 3827 καὶ
2592 3775 2825 3845 αὐξῆσαι
2857 3779 2950 3829 καὶ
2976 3778 3259 3833 τελειῶσαι
3289 3782 3345 3832 tv
3377 3781 3454 3848 τῷ
3480 3782 3620 3849 ἀγίῳ
3643 3782 3922 3850 Πνεύματι
3946 3784 4039 3835 καὶ

2466 3864 2745 3933 βιάζεσθαι
2778 3866 2993 3936 πρῶτον
3022 3868 3213 3921 ἑαυτὸν
3245 3870 3538 3937 φυλάσσειν
3566 3873 3745 3932 πάσας
3776 3873 3874 3933 τὰς
3912 3872 4041 3939 ἀρε-

2462 3954 2583 4043 τάςι,
2616 3954 2711 4007 καὶ
2746 3955 2819 4024 μὴ
2854 3956 3113 4028 θελούσης
3142 3958 3240 4027 τῆς
3278 3958 3520 4027 καρδίας,
3553 3960 3693 4013 κατά
3724 3960 3782 4011 τὸ
3808 3960 4037 4029 εἰρημέ-

2463 4063 2549 4097 νον
2568 4063 2582 4076 ο
2607 4047 2708 4099 Διὰ
2726 4046 2901 4101 τοῦτο
2931 4049 3079 4116 πρὸς
3107 4048 3312 4114 πάσας
3344 4052 3449 4113 τὰς
3477 4052 3730 4115 ἐντολάς
3757 4066 3873 4103 σου
3904 4066 4037 4102 κατ-

2461 4139 2791 4206 ωρθούμην.
2843 4139 2929 4203 Ὠς
2976 4140 3085 4211 γάρ
3139 4159 3221 4206 τις
3267 4144 3346 4206 εἰς
3404 4144 3502 4211 τὴν
3540 4142 3874 4212 καρτέρησιν
3939 4142 4041 4209 τῆς

2462 4230 2629 4299 εὐχῆς
2660 4230 2901 4300 βιάζεται
2929 4232 3120 4285 ἑαυτὸν
3149 4234 3243 4285 καὶ
3280 4233 3438 4302 ἀγχει
3470 4234 3575 4296 ἕως
3608 4227 3671 4287 οὐ
3712 4233 4037 4303 κατορθώσῃ

2459 4320 2651 4375 τοῦτο·
2698 4322 2899 4391 ὁμοίως
2936 4324 3015 4386 τίς
3058 4324 3236 4377 πάντα
3283 4326 3350 4377 τά
3394 4324 3493 4393 τῆς
3520 4324 3722 4394 ἀρετῆς
3753 4325 4040 4392 ἐπιτηδεύ-

2464 4430 2610 4482 ματα
2657 4411 2904 4482 βιάζεται
2952 4413 3140 4467 ἑαυτὸν
3185 4416 3280 4468 καὶ
3325 4416 3502 4485 ἀγχει,
3547 4413 3643 4467 καὶ
3700 4412 3868 4477 ἐθίζει
3918 4413 4039 4473 ἔθος

2458 4502 2689 4570 ἀγαθόν’
2719 4502 2813 4555 καὶ
2844 4502 3016 4565 οὕτως
3042 4503 3361 4572 αἰτούμενος
3392 4503 3483 4556 καί⁵
3520 4503 3776 4571 ὼόμενος
3801 4500 3895 4553 τοῦ
3929 4503 4037 4553 Κυ-

2458 4592 2574 4662 ρίου
2607 4592 2921 4655 διαπαντὺς,
2950 4594 3043 4646 καὶ
3084 4592 3263 4662 τυχὼν
3303 4594 3399 4663 τῆς
3441 4595 3731 4661 αἰτήσεως,
3760 4592 3912 4656 αὔξει
3946 4592 4040 4642 καὶ

2458 4683 2607 4735 θαλεῖ
2643 4686 2698 4736 tv
2732 4684 2880 4753 αὐτῷ
2926 4686 2985 4737 τὸ
3030 4686 3277 4754 χάρισμα
3306 4684 3399 4737 τοῦ
3429 4685 3769 4753 Πνεύματος,
3793 4686 3853 4736 τὸ
3876 4684 4039 4751 χάρι-

2459 4790 2569 4842 σμα
2583 4775 2641 4826 τὸ
2656 4775 2912 4845 χαρισθὲν
2931 4775 3076 4843 αὐτῷ
3098 4777 3501 4843 ὲναπαυόμενον
3518 4778 3575 4828 ὲν
3596 4776 3661 4845 τῆ
3674 4791 4036 4843 ταπεινοφρο-

2457 4865 2590 4935 σύνῃ
2621 4864 2807 4928 αὐτοῦ,
2836 4867 2928 4917 καὶ
2959 4868 3017 4916 tv
3044 4868 3164 4927 ταῖς
3186 4866 3396 4927 λοιπαῖς
3422 4868 3663 4934 ἀρεταῖς,
3688 4867 3776 4917 καὶ
3793 4865 4036 4918 διδάσκει

2459 4958 2618 5009 αὐτὸν
2643 4957 2897 5026 ἀληθινὴν
2918 4958 3154 5026 ἀγάπην,
3181 4958 3434 5028 ἀληθινὴν
3450 4960 3747 5029 πραότητα,
3776 4959 3843 5026 ἦν
3899 4975 4038 5025 προ-

2463 5046 2716 5099 εϐιάσατο
2743 5047 2834 5100 καὶ
2855 5049 3106 5117 ἐζήτησε·
3128 5050 3221 5101 καὶ
3247 5048 3418 5110 οὕτως
3439 5049 3681 5117 αὐξήσας
3710 5049 3801 5099 καὶ
3820 5048 4038 5099 τελειω-

2465 5137 2577 5199 θεὶς
2616 5140 2673 5189 ἐν
2702 5138 2818 5206 Θεῷ
2849 5140 3179 5209 κληρονόμος
3225 5141 3321 5210 τῆς
3349 5139 3628 5208 βασιλείας
3653 5140 3761 5191 τῶν
3786 5140 4036 5208 οὐρανῶν

2458 5230 2720 5295 ἀξιοῦται.
2761 5232 2812 5282 Ὀ
2859 5232 2967 5301 γὰρ
3013 5233 3292 5297 ταπεινὸς
3337 5231 3623 5286 οὐδέποτε
3657 5232 3877 5284 πίπτει.
3924 5230 4033 5283 Ποῦ

2456 5323 2563 5392 γὰρ
2605 5324 2789 5374 πεσεῖν
2822 5322 2933 5391 ἔχει
2964 5324 3221 5376 ὑποκάτω
3251 5336 3470 5376 πάντων
3499 5324 3607 5389 (Iw;
3646 5324 3857 5392 μεγάλη
3884 5323 4033 5390 54w-

2459 5426 2541 5471 σις
2586 5411 2617 5478 ή
2662 5410 2987 5471 ταπείνωσις
3011 5428 3024 5441 '
3057 5411 3149 5463 καὶ
3178 5412 3449 5480 τιμιότης,
3498 5412 3592 5464 καὶ
3630 5412 3847 5480 ἀξίωμα
3873 5413 3905 5481 ή
3935 5428 4003 5462 τα

2456 5500 2879 5569 πεινοφροσύνη.
2920 5500 3221 5569 Ἐθίσωμεν
3266 5497 3358 5554 οὖν
3388 5501 3484 5553 καὶ
3511 5502 3670 5570 ἡμεῖς
3690 5502 3909 5562 αὐτοὺς,
3939 5519 4035 5553 και

2457 5589 2711 5657 ἄγξωμεν
2771 5592 2848 5651 εἰς
2893 5589 2991 5657 τὴν
3045 5590 3565 5660 ταπεινοφροσύνην,
3606 5591 3701 5643 καὶ
3742 5592 3816 5659 μὴ
3841 5590 4031 5643 θελού-
