4254 6358
220 399 325 467 841

1164 408 1395 470 LIBER
1436 411 1531 471 UE
1569 409 2090 472 PERFECTIONE
2130 408 2213 471 IN
2253 407 2582 470 SPIRITU.

3396 403 3497 465 842

227 535 334 588 σης
360 520 461 590 τῆς
490 516 714 589 καρδίας
746 518 925 589 ἡμῶν,
953 517 1198 589 δεόμενοι
1249 526 1345 572 καὶ
1375 521 1819 592 παρακαλοῦντες
1847 528 1895 583 Α

1816 528 1895 583 ῖΑ
1924 522 2158 577 Humilis
2197 522 2344 577 enim
2389 532 2673 589 nunquam
2717 516 2897 580 cadit;
2941 531 3052 586 quo
3081 514 3228 571 enim
3276 514 3496 570 caderet

233 613 331 665 τὸν
358 612 495 665 Θεὸν
515 612 574 664 ἐν
604 611 781 664 πίστει
806 612 901 664 καὶ
924 611 1101 665 ἑλπίδι
1126 611 1221 665 καὶ
1249 613 1440 683 ἀγάπῃ
1462 613 1819 677 ἀδιαλείπτως·

227 705 291 756 ὲν
320 706 389 774 τῇ
422 703 725 773 προσδοκία
781 702 977 776 ταύτῃ,
1013 705 1099 756 ἵνα
1141 705 1441 776 ἀποστείλῃ
1490 707 1549 757 τὸ
1593 705 1819 776 Πνεῦμα

228 796 399 850 αὐτοῦ
425 800 505 861 είς
536 797 635 860 τὰς
657 797 885 866 καρδίας
906 798 1065 867 ἡμῶν
1084 813 1099 827 ο
1132 798 1218 850 ἵνα
1236 797 1517 868 εύξώμεθα
1531 798 1622 852 καὶ
1649 816 1817 869 προσ-

227 888 567 957 κυνήσωμεν
611 888 670 942 ὲν
722 887 999 959 Πνεύματι
1056 889 1136 958 τῷ
1206 889 1414 960 Πατρίο
1444 890 1539 942 καὶ
1585 889 1719 943 αὐτὸ
1759 888 1820 943 τὸ

231 978 465 1047 Πνεῦμα
498 977 724 1050 εὔξηται
754 980 812 1033 ὲν
836 981 967 1049 ἡμῖν
988 996 1001 1009 ο
1032 979 1119 1032 ἵνα
1149 980 1281 1033 αύτδ
1307 980 1368 1033 τὸ
1387 979 1613 1050 Πνεῦμα
1632 980 1818 1051 διδάξῃ

230 1072 385 1137 ἡμᾶς
432 1070 599 1141 εὐχὴν
644 1070 924 1143 ἀληθινὴν,
956 1072 1480 1143 ταπεινοφροσύνην,
1512 1073 1815 1143 πραότητα,

229 1163 478 1233 ἀγάπην,
512 1164 549 1217 ἀ
571 1163 667 1217 νῦν
697 1164 837 1235 μετά
864 1164 985 1235 βίας
1012 1166 1072 1218 ού
1099 1164 1377 1235 δυνάμεθα
1393 1168 1586 1230 ποιεῖν,
1607 1166 1817 1235 σπλάγ·

230 1272 334 1324 xv:
371 1256 699 1327 οἰκτιρμῶν,
732 1256 1100 1327 χρηστότητα,
1132 1257 1229 1310 καὶ
1261 1256 1443 1319 πάσας
1469 1256 1569 1321 τάς
1598 1256 1819 1321 ἐντολὰς

228 1348 324 1400 τοῦ
365 1348 571 1419 Κυρίου
600 1349 787 1420 διδάξῃ
828 1350 977 1420 ἡμᾶς
1021 1348 1248 1417 ποιῆσαι
1278 1348 1338 1413 ἐξ
1373 1348 1649 1419 ἀληθείας,
1681 1349 1818 1402 ἀπό-

228 1457 338 1502 νως
393 1441 488 1493 καὶ
543 1440 820 1505 ἀϐιάστως
847 1459 861 1472 ⁸
910 1442 986 1504 ὡς
1037 1440 1169 1495 αὐτὸ
1195 1440 1255 1494 τὸ
1284 1441 1511 1509 Πνεῦμα
1540 1440 1649 1495 οἶδε
1677 1442 1818 1513 πλη-

230 1528 367 1597 ροῦν
396 1530 547 1598 ἡμᾶς
578 1530 694 1593 τοῖς
730 1533 964 1602 καρποῖς
1016 1528 1184 1582 αὑτοῦ
1207 1547 1220 1559 ·
1260 1530 1356 1583 καὶ
1389 1528 1561 1593 οὕτως
1592 1531 1699 1583 τῶν
1728 1533 1815 1583 ὲν-

228 1618 403 1669 τολῶν
446 1619 540 1671 τοῦ
589 1620 795 1691 Κυρίου
840 1620 1234 1690 πληρωθεισῶν
1277 1620 1364 1691 ἐφ’
1392 1622 1525 1690 ἡμῖν
1587 1621 1675 1674 διά
1721 1623 1814 1675 τοῦ

230 1709 555 1778 Πνεύματος
583 1710 774 1777 αὑτοῦ,
798 1710 893 1764 τοῦ
944 1712 1107 1781 μόνου
1137 1710 1497 1780 γινώσκοντος
1522 1712 1583 1766 τὸ
1606 1712 1815 1783 θέλημα

225 1799 323 1851 τοῦ
362 1799 626 1868 Χριστοῦ,
662 1801 758 1854 καὶ
789 1800 1181 1871 καθαρίζοντος
1221 1802 1372 1872 ημᾶς
1401 1801 1509 1856 ἀπὸ
1557 1802 1652 1856 τοῦ
1692 1802 1815 1855 σπί-

226 1894 322 1943 λυυ
369 1891 472 1959 τῆς
533 1892 831 1963 ἁμαρτίας,
880 1892 1070 1963 ὥσπερ
1100 1892 1317 1962 νύμφας
1345 1893 1516 1957 καλάς
1568 1892 1815 1961 καθαρὰς

227 1987 325 2040 καὶ
358 1985 625 2057 ἀμώμους
682 1988 1017 2059 παραστήσῃ
1055 1988 1132 2057 τῷ
1183 1987 1430 2060 Χριστῷ,
1463 1987 1812 2058 ἀναπαυομέ-

224 2096 335 2129 νων
365 2080 397 2147 ἡ
408 2080 525 2147 μῶν
550 2081 608 2132 ὲν
636 2079 774 2149 Θεῷ,
800 2081 895 2133 καὶ
924 2079 1339 2150 ἀναπαυομένου
1366 2079 1459 2134 τοῦ
1491 2080 1727 2152 Χριστοῦ
1752 2082 1809 2134 ὲν

226 2171 363 2237 ἡμῖν
391 2172 470 2233 είς
514 2170 640 2233 τοὺς
682 2170 1020 2241 ἀπεράντους
1050 2169 1275 2234 αίῶνας.
1303 2170 1440 2237 Δόξα
1462 2172 1573 2234 τοῖς
1600 2171 1809 2242 οίκτιρο

228 2262 352 2328 μοῖς
380 2260 568 2327 αὐτοῦ,
594 2262 684 2315 καὶ
710 2262 789 2332 τῷ
818 2262 984 2326 ἐλέει,
1025 2263 1118 2316 καὶ
1149 2265 1217 2334 τῇ
1267 2263 1454 2333 ἀγάπῃ
1500 2262 1687 2326 αὑτοῦ,
1727 2264 1810 2316 ὅτι

226 2354 307 2415 είς
340 2353 605 2423 τοσαύτην
632 2354 800 2425 τιμὴν
826 2353 1133 2424 κατηξίωσε
1160 2353 1222 2406 τὸ
1256 2352 1601 2423 ἀνθρώπινον
1636 2354 1814 2423 γένος,

229 2445 395 2501 ίδίους
445 2445 709 2513 ἀδελφοὺς
751 2447 843 2499 καὶ
875 2446 1024 2509 υἱοὺς
1068 2446 1280 2516 Πατρὸς
1316 2446 1638 2517 ἐπουρανίου
1685 2465 1819 2500 κατ-

224 2535 393 2597 αξιῶν
444 2536 538 2588 καὶ
592 2536 1033 2607 προσαγορεύων.
1085 2536 1223 2603 Δόξα
1273 2536 1352 2607 τῷ
1385 2537 1581 2607 Πατρὶ,
1626 2538 1816 2607 καὶτῷ

228 2627 365 2697 Υἰῴ,
418 2630 509 2679 καὶ
538 2628 615 2699 τῷ
674 2629 813 2698 ἁγίῳ
845 2629 1143 2698 Πνεύματι,
1174 2629 1253 2693 είς
1288 2629 1413 2693 τοὺς
1468 2630 1671 2692 αίῶνας
1707 2628 1815 2683 τῶν

225 2719 465 2771 αἰώνων.
508 2720 566 2772 Ἀ
575 2720 704 2790 μήν.

1925 614 2021 684 qui
2052 614 2195 668 infra
2225 613 2411 668 omnia
2441 612 2559 667 est?
2584 610 2776 680 Magna
2799 610 3057 663 exaltatio
3081 608 3364 662 humilitas
3392 618 3494 670 est;

1924 722 2171 762 summus
2206 706 2434 760 honoris
2457 718 2616 775 apex,
2649 703 2867 758 excelsa
2898 702 3154 771 dignitas,
3178 702 3261 754 sui
3293 700 3499 754 demis-

1922 798 2025 854 sio.
2070 797 2513 854 Assuefaciamus
2548 812 2678 867 ergo
2708 810 2836 859 nos,
2873 804 2928 848 et
2953 793 3005 846 vi
3048 794 3215 848 etiam
3251 792 3495 847 adhibita

1922 904 2181 960 cogamus
2205 888 2272 942 ad
2297 887 2571 943 submisse
2589 927 2603 951 ,
2636 887 2855 941 nolente
2881 885 3046 941 etiam
3078 884 3243 939 corde
3283 892 3495 947 nostro,

1921 982 1990 1037 de
2022 982 2183 1036 nobis
2216 979 2594 1045 sentiendum;
2637 980 2917 1049 Deumque
2951 992 3077 1032 cum
3120 976 3259 1042 ﬁde,
3302 992 3397 1046 spe
3434 993 3498 1032 ac

1920 1076 2189 1131 charitate
2230 1074 2605 1129 indesinenter
2657 1072 3031 1138 obsecrantes,
3077 1071 3132 1125 in
3185 1070 3497 1141 longanima

1920 1165 2363 1237 exspectatione,
2408 1174 2470 1219 ut
2502 1165 2686 1219 mittat
2714 1162 2980 1234 Spiritum
3022 1178 3184 1216 suum
3231 1162 3287 1217 in
3332 1162 3495 1217 corda

1920 1266 2128 1322 nostra,
2165 1264 2226 1311 ut
2247 1270 2470 1311 oremus
2497 1262 2554 1309 et
2580 1254 2874 1309 adoremus
2901 1254 2958 1307 in
2994 1252 3202 1324 Spiritu
3236 1253 3449 1308 Patrem
3480 1271 3493 1319 ;

1919 1358 1975 1404 et
2009 1350 2125 1418 ipse
2159 1347 2399 1418 Spiritus
2432 1355 2553 1402 oret
2576 1347 2632 1401 in
2663 1345 2863 1412 nobis;
2892 1352 2954 1398 ut
2984 1346 3127 1400 idem
3166 1346 3284 1415 ipse
3326 1344 3499 1415 Spiri-

1923 1450 2010 1495 tus
2059 1440 2253 1495 doceat
2309 1456 2411 1495 nos
2460 1438 2770 1495 orationem
2820 1452 3046 1503 veram,
3098 1438 3493 1495 humilitatem.

1918 1532 2399 1587 mansuetudinem
2420 1572 2434 1594 ,
2467 1531 2792 1585 eharitatem
2829 1546 2843 1582 :
2884 1544 3021 1598 quas
3050 1543 3219 1590 nunc,
3254 1528 3307 1581 vi
3330 1528 3496 1582 etiam

1916 1620 2190 1685 adhibita,
2221 1619 2382 1691 169
2406 1619 2498 1673 vix
2520 1618 2768 1672 valemus
2787 1632 3067 1683 exercere,
3091 1616 3304 1672 viscera
3334 1616 3498 1671 mise-

1919 1712 2205 1776 ricordiae,
2249 1710 2648 1781 benignitatem
2672 1749 2687 1774 ,
2726 1717 2783 1764 et
2812 1723 3004 1763 omnes
3046 1708 3320 1763 mandatis
3361 1724 3498 1777 prte-

1918 1804 2122 1873 criptas
2148 1802 2368 1857 Domini
2390 1802 2562 1856 bonas
2593 1801 2963 1870 operationes,
3000 1800 3137 1854 citra
3166 1800 3407 1853 laborem
3433 1814 3497 1852 ac

1919 1894 2031 1949 vim
2064 1909 2352 1960 exercere;
2384 1908 2495 1963 quo
2524 1891 2688 1947 modo
2712 1891 2932 1946 divinus
2966 1891 3055 1945 ille
3084 1889 3322 1961 Spiritus
3343 1889 3496 1944 novit

1921 1984 2150 2056 implere
2183 2000 2286 2040 nos
2316 1985 2477 2039 donis
2505 1985 2639 2039 suis.
2684 1984 2840 2041 Unde
2878 1985 2973 2039 ﬁet
3007 1992 3087 2046 ut,
3120 1981 3431 2051 adimpletis
3462 1998 3492 2035 a

1918 2079 2082 2135 nobis
2104 2076 2377 2132 mandatis
2405 2076 2501 2131 Dei
2536 2092 2635 2145 per
2658 2075 2929 2146 Spiritum
2960 2076 3154 2145 ipsius,
3175 2074 3264 2129 cui
3288 2073 3494 2144 optime

1918 2170 2017 2227 uni
2048 2178 2331 2241 perspecta
2358 2177 2441 2224 est
2470 2168 2725 2222 voluntas
2746 2167 2973 2231 Christi,
3005 2168 3210 2236 quippe
3238 2182 3339 2220 nos
3365 2181 3496 2235 pur-

1918 2272 2009 2335 gat
2046 2278 2077 2318 a
2122 2262 2285 2317 sorde
2326 2262 2571 2331 peccati;
2601 2259 2747 2313 idem
2787 2274 2888 2312 nos
2927 2259 3079 2312 velut
3113 2272 3340 2327 sponsas
3370 2257 3494 2326 pul-

1924 2356 2083 2409 chras
2128 2368 2297 2423 puras
2333 2361 2390 2407 et
2415 2350 2929 2422 irreprehensibiles
2950 2348 3210 2403 exhibeat
3236 2348 3492 2415 Christo;

1922 2445 2400 2517 acquiescentibus
2436 2443 2596 2498 nobis
2636 2442 2692 2499 in
2736 2442 2884 2505 Deo,
2929 2450 2987 2496 et
3023 2439 3244 2496 Christo
3275 2440 3495 2509 acquie-

1921 2546 2106 2593 seente
2125 2537 2178 2591 in
2195 2536 2379 2601 nobis,
2406 2551 2581 2605 usque
2599 2536 2654 2589 in
2675 2535 2874 2590 saecula
2903 2533 3277 2588 interminata.
3309 2531 3494 2585 Gloria

1921 2627 2372 2683 miserationibus
2422 2627 2579 2696 ejus,
2626 2634 2683 2679 et
2735 2624 3060 2693 benignitati
3120 2638 3183 2678 ac
3237 2623 3491 2677 charitati

1921 2719 2096 2790 ipsius
2118 2760 2133 2784 ,
2165 2717 2312 2788 quod
2352 2717 2407 2772 in
2436 2726 2651 2772 tantum
2684 2716 2954 2773 honorem
2997 2731 3194 2771 vocare
3238 2714 3494 2783 dignatus

224 2820 309 2866 est
334 2827 508 2881 genus
539 2812 864 2877 humanum,
890 2814 1144 2883 prOprios
1165 2812 1364 2867 fratres
1386 2820 1441 2867 et
1468 2812 1608 2867 ﬁlios
1638 2813 1815 2869 Patris
1850 2813 2091 2868 caelestis
2120 2829 2223 2868 nos
2250 2822 2306 2867 et
2333 2828 2452 2867 esse
2506 2812 2763 2883 dignatus
2822 2821 2878 2867 et
2912 2811 3257 2881 appellitans.
3286 2806 3490 2869 Gloria.

226 2909 476 2974 inquam,
504 2906 652 2960 Patri
682 2913 739 2961 et
772 2907 910 2962 Filio
937 2918 995 2963 et
1024 2906 1253 2977 Spiritui
1279 2914 1492 2974 sancto,
1522 2906 1578 2962 in
1608 2909 1808 2963 saecula
1847 2907 2198 2963 saeculorum.
2233 2907 2430 2962 Amen.

348 3305 1540 3479 ΜΑΚΑΡΙΟΥ
1673 3304 2115 3475 ΤΟΥ
2244 3301 3346 3479 ΜΕΓΑΛΟΥ

851 3582 1109 3668 ΠΕΡΙ
1182 3582 1962 3669 ΤΕΛΕΙΟΤΗΤΟΣ
2041 3582 2187 3667 ΕΝ
2264 3578 2852 3668 ΠΝΕΥΜΑΤΙ

1722 3767 2026 3821 ΛΟΓΟΣ.

1088 4084 1882 4244 MACARII
2020 4084 2555 4245 MAGN
2566 4092 2630 4240 Ι

843 4377 1003 4482 DE
1120 4374 2008 4481 PEBFECTIONE
2129 4375 2257 4477 IN
2362 4372 2874 4477 SPIRITU

1686 4584 2013 4645 LIBER.

295 4890 372 4946 A'.
436 4890 632 4960 Χάριτι
680 4888 779 4959 μὲν
823 4889 919 4943 καὶ
962 4888 1142 4959 δωρεᾷ
1180 4887 1271 4941 τοῦ
1308 4886 1622 4955 Πνεύματος
1671 4885 1791 4955 θείᾳ
1820 4896 1866 4955 ο
1971 4888 1975 4941 l

1820 4896 1866 4955 ο
1971 4888 2014 4941 1.
2045 4885 2233 4943 Gratia
2284 4884 2504 4954 quidem
2554 4898 2608 4944 et
2652 4890 2943 4961 largitione
2993 4888 3235 4960 Spiritus
3292 4889 3474 4947 divina

216 4988 456 5044 ἕκαστος
484 4980 642 5051 ἡμῶν
665 4982 765 5050 τὴν
790 4982 1061 5049 σωτηρίαν
1088 4979 1387 5049 πορίζεται·
1420 4978 1599 5029 πίστει
1621 4976 1678 5030 δὲ
1703 4977 1799 5029 καὶ

216 5075 453 5144 ἀγάπῃ,
510 5071 682 5139 ἀγῶνί
732 5089 793 5125 τε
851 5072 1221 5143 προαιρέσεως
1267 5068 1655 5134 αύτεξουσίου,
1703 5066 1797 5119 τοῦ

214 5166 431 5221 τελείου
479 5166 679 5235 μέτρου
723 5164 822 5233 τῆς
863 5164 1067 5234 ἀρετῆς
1111 5160 1395 5230 ἐφικέσθαι
1426 5160 1679 5213 δύναται·
1730 5158 1797 5210 ἵν’

216 5257 412 5325 ὥσπερ
466 5254 647 5325 χάριτι
673 5294 689 5319 ,
748 5252 892 5305 οὓτω
937 5254 1031 5305 καὶ
1074 5252 1390 5321 δικαιοσύνῃ
1435 5250 1534 5318 τῆς
1576 5248 1797 5303 αἰωνίου

216 5345 611 5417 κληρονομήσῃ
640 5343 812 5413 ζωῆς’
852 5344 927 5413 μὴ
980 5342 1067 5396 διὰ
1108 5343 1277 5412 μόνης
1326 5342 1425 5410 τῆς
1452 5340 1601 5404 θείας
1631 5341 1790 5395 δυνά·

220 5438 372 5509 μεώς
400 5454 459 5488 τε
490 5437 584 5490 καὶ
612 5435 833 5505 χάριτος
856 5476 871 5499 ,
911 5434 985 5504 μὴ
1016 5434 1108 5487 καὶ⁵
1135 5432 1261 5495 τοὺς
1314 5430 1477 5493 ἰδίους
1527 5448 1799 5486 συνεισεν-

217 5526 404 5595 εγκὼν
454 5525 717 5596 ἱδρῶτας,
764 5524 864 5595 τῆς
908 5525 1097 5585 πλείας
1129 5522 1411 5594 προκοπῆς
1442 5521 1795 5592 ἀξιούμενος·

223 5621 369 5689 μήτε
400 5619 563 5671 πάλιν
598 5620 660 5670 ὲκ
695 5618 861 5687 μόνης
888 5617 988 5687 τῆς
1017 5618 1224 5679 οἰκείας
1252 5616 1487 5683 σπουδῆς
1520 5616 1614 5669 καὶ
1638 5617 1797 5671 δυνά-

225 5725 406 5777 μεως,
462 5707 535 5777 μὴ
577 5709 671 5760 καὶ
706 5706 856 5769 θείας
884 5706 1089 5759 ἄνωθεν
1118 5703 1568 5774 συνεφαπτούσης
1595 5706 1793 5775 χειρὸς,

222 5800 317 5855 τοῦ
349 5800 554 5853 τελείου
585 5802 678 5868 τῆς
711 5797 1019 5867 ἐλευθερίας
1050 5798 1277 5867 μέτρου,
1318 5798 1407 5852 καὶ
1440 5796 1531 5867 τῆς
1560 5796 1796 5867 καθαρό-

1898 4980 2277 5047 unusquisque
2336 4987 2585 5033 nostrum
2647 4985 2883 5037 salutem
2950 4984 3312 5052 assequitur:
3372 4985 3478 5039 lldc

1896 5084 2030 5124 vero
2076 5077 2131 5124 et
2159 5069 2425 5125 charitate
2460 5086 2523 5125 ac
2560 5075 2915 5129 contentione
2969 5074 3140 5127 libera
3163 5074 3247 5129 sui
3280 5083 3475 5143 poten-

1897 5162 1969 5216 tis
1999 5162 2213 5217 arbitrii
2242 5162 2308 5216 ad
2362 5163 2622 5232 perfecta:
2670 5166 2890 5221 virtutis
2920 5182 3233 5221 mensuram
3266 5166 3476 5236 pertin-

1897 5267 2026 5321 gere
2055 5261 2271 5321 potest:
2307 5261 2368 5307 ut
2424 5255 2568 5309 sicut
2602 5258 2796 5325 gratia,
2856 5259 2931 5312 ita
2963 5258 3273 5328 etjustitia,
3315 5267 3476 5312 mter-

1900 5357 1983 5396 me
2031 5343 2406 5399 hzereditatem
2462 5347 2641 5416 capiat
2684 5347 2809 5401 vitae
2875 5366 2887 5402 :
2933 5364 3111 5419 neque
3157 5364 3256 5419 per
3302 5350 3473 5403 solam

1900 5432 2143 5489 divinam
2175 5436 2438 5491 virtutem
2475 5446 2530 5491 et
2562 5438 2813 5507 gratiam,
2841 5439 3046 5510 absque
3079 5456 3146 5494 eo
3170 5440 3314 5509 quod
3349 5457 3475 5510 pro.

1898 5522 2047 5591 prios
2072 5532 2126 5577 et
2168 5523 2283 5593 ipse
2342 5525 2587 5580 conferat
2639 5527 2889 5593 sudores,
2937 5528 3178 5597 perfecto
3223 5530 3472 5598 profectu

1898 5611 2097 5680 dignus
2127 5613 2350 5669 habitus
2388 5632 2401 5669 :
2430 5631 2609 5686 neque
2652 5633 2840 5671 rursus
2878 5618 2995 5671 solo
3024 5618 3247 5687 proprio
3264 5619 3469 5685 studio,

1896 5701 2104 5773 absque
2155 5720 2391 5775 superne
2420 5716 2749 5776 cooperante
2775 5708 2959 5763 divina
3016 5724 3174 5763 niauu
3217 5708 3472 5777 perfecta:

1898 5794 2171 5852 libertatis
2207 5799 2416 5869 apicem
2446 5807 2501 5854 et
2521 5800 2794 5869 puritatis,
2832 5802 3123 5872 attingens.
3188 5799 3299 5855 Nisi
3332 5802 3470 5857 enim
