4254 6358
763 396 868 462 843

1968 408 2028 464 S.
2070 404 2385 464 MACARII
2430 404 2747 464 EGYPTII

3925 388 4049 450 844

764 508 1020 565 Dominus
1047 510 1381 578 ludiﬁcaverit
1417 513 1629 566 domum
1660 521 1707 564 et
1738 513 2043 567 custodierit
2070 516 2337 568 civitatem
2374 522 2415 576 Α

2374 522 2415 576 Α
2446 531 2607 585 τητος
2628 511 3037 584 ἐφικνούμενος
3058 508 3201 563 Ἐὰν
3228 507 3340 575 γὰρ
3368 505 3453 573 μὴ
3479 500 4049 607 Κύριοςρίκοςιεμτξ-

766 602 825 655 in
881 617 1073 655 vanum
1124 602 1358 671 vigilavit
1422 603 1715 657 custodiens
1754 605 1833 668 ¹²;
1886 604 2086 659 frustra
2148 606 2353 673 pariter

771 691 910 749 fabri
942 691 1340 761 architectique
1369 692 1710 747 laborarunt.

842 895 908 949 ll.
951 894 1337 965 Interrogatio.
1365 894 1493 959 Qua:
1560 898 1627 950 sit
1644 897 1884 951 voluntas
1913 898 2031 963 Dei,
2068 900 2137 952 ad
2190 917 2351 970 quam

772 987 967 1040 scilicet
1001 988 1245 1041 hortatur
1277 996 1326 1042 et
1355 998 1603 1057 provocat
1623 990 1903 1059 Apostolus
1930 1007 2354 1062 unumquemque

775 1079 1081 1133 contendere
1099 1079 1124 1130 .’

846 1191 1153 1261 Responsio.
1199 1193 1450 1251 Perfecta
1496 1195 1712 1264 peccati
1748 1197 2026 1267 purgatio,
2085 1208 2143 1253 et
2175 1213 2352 1268 apas—

780 1276 1033 1330 sionibus
1061 1276 1375 1346 ignominiaa
1397 1277 1650 1344 libertas,
1674 1287 1730 1333 et
1758 1280 1958 1333 summi
1988 1279 2212 1336 virtutis
2240 1280 2357 1350 api-

780 1364 861 1418 cis
903 1364 1341 1433 comprehensio.
1376 1364 1531 1432 Quod
1562 1376 1645 1421 est
1674 1368 1926 1438 purgatio
1954 1376 2009 1423 et
2042 1368 2356 1425 sanctiﬁca-

784 1459 861 1511 tio
884 1458 1085 1523 cordis,
1105 1474 1226 1527 qua:
1265 1474 1362 1527 per
1384 1459 1755 1513 interventum
1786 1460 2015 1529 perfecti
2069 1470 2126 1515 et
2167 1460 2341 1516 divini

783 1544 1022 1613 Spiritus
1054 1545 1108 1598 in
1134 1543 1332 1599 ﬁducia
1385 1546 1691 1601 certissima
1742 1544 1820 1600 ﬁt.
1858 1545 2029 1611 Beati,
2062 1547 2209 1601 enim
2257 1547 2353 1610 ait,

783 1632 965 1685 mundi
995 1630 1167 1695 corde,
1237 1633 1487 1701 quoniam
1538 1634 1640 1701 ipsi
1672 1632 1841 1685 Deum
1867 1634 2111 1686 videbunt
2136 1634 2199 1687 ”.
2247 1633 2352 1688 Et:

782 1715 984 1780 Estote,
1020 1723 1078 1770 et
1114 1731 1217 1770 nos
1241 1724 1296 1770 et
1330 1732 1447 1781 vos,
1501 1717 1754 1786 perfecti,
1788 1717 1922 1771 sicut
1977 1717 2141 1771 Pater
2182 1727 2356 1771 noster

2453 619 2536 673 σῃ
2582 601 2753 658 οἷκον
2776 642 2792 667 ,
2843 600 2943 655 καί
2986 598 3230 668 φυλάξῃ
3278 598 3481 656 πόλιν.
3516 598 3603 659 εις
3622 593 3823 663 μάτην
3849 592 4045 659 ἠγρύ-

2454 710 2693 763 πνησεν
2742 697 2775 747 ό
2818 690 3197 762 φυλάσσων,
3250 689 3279 740 δ
3328 685 3535 741 κοπιῶν
3580 688 3675 738 καὶ
3712 682 4043 750 οίκοδομῶν,

2455 788 2534 849 είς
2568 786 2748 855 μάτην
2780 783 3005 854 ὁμοίως.

2524 892 2597 948 B’.
2656 892 2971 964 Ἐρώτησις.
3036 891 3096 944 Tl
3124 889 3193 942 τὸ
3222 887 3447 957 θέλημα
3473 886 3579 940 τοῦ
3606 886 3754 939 Θεοῦ
3778 926 3792 949 ,
3826 884 3980 951 πρὸς
4004 880 4046 933 ὃ

2455 986 2656 1054 δήπου
2696 983 3089 1052 προτρέπεται
3120 980 3219 1034 καὶ
3248 977 3585 1049 παρακαλεῖ
3611 980 3643 1030 ό
3673 977 4045 1036 Ἀπόστολος

2456 1077 2718 1131 ἕκαστον
2744 1074 2916 1145 ἡμῶν
2942 1072 3196 1143 φθάσαι,

2539 1191 2893 1256 Ἀπόκρισις.
2963 1186 3028 1238 Ἦ
3073 1183 3255 1237 τελεία
3295 1182 3395 1252 τῆς
3427 1180 3706 1251 ἁμαρτίας
3738 1176 4040 1246 κάθαρσις,

2457 1280 2551 1333 καὶ
2572 1278 2680 1333 τῶν
2701 1276 2796 1346 τῆς
2818 1273 3036 1347 ἀτιμίας
3052 1271 3239 1327 παθῶν
3260 1271 3561 1341 ἱλευθερία,
3581 1272 3674 1323 καὶ
3689 1271 3723 1337 ἡ
3741 1268 3837 1338 τῆς
3858 1269 4055 1337 ἄκρας

2457 1372 2659 1443 ἀρετῆς
2709 1368 3013 1437 ἀνάληψιςο
3069 1367 3207 1436 ὅπερ
3253 1365 3401 1418 ἔστιν
3444 1366 3472 1417 δ
3517 1360 3888 1432 καθαρισμδς,
3942 1360 4043 1411 καὶ

2455 1467 2484 1517 δ
2529 1460 2796 1533 ἁγιασμὸς
2843 1460 2941 1530 τῆς
2982 1458 3242 1529 καρδίας,
3289 1456 3321 1508 δ
3364 1452 3454 1508 διὰ
3491 1455 3591 1524 τῆς
3620 1450 3910 1523 μετουσίας
3939 1448 4043 1501 τοῦ

2456 1556 2661 1609 τελείου
2704 1553 2800 1607 καὶ
2845 1549 3030 1604 θεῐκοῦ
3062 1548 3381 1619 uncam;
3417 1547 3476 1600 ιν
3505 1543 3853 1615 πληροφορίᾳ
3882 1540 4046 1609 γενό-

2462 1661 2641 1714 μενος’
2671 1639 2960 1710 Μακάριοι
2982 1638 3112 1708 γὰρ,
3137 1638 3324 1707 φησιν,
3351 1637 3404 1689 ol
3428 1634 3675 1702 καθαροὶ
3701 1631 3777 1699 τῇ
3800 1631 4045 1699 καρδίᾳ.

2458 1735 2547 1787 ὅτι
2589 1732 2762 1786 αὐτοὶ
2806 1730 2911 1784 τὸν
2950 1728 3098 1782 Θεὸν
3138 1726 3420 1795 ὄψον-ταν
3470 1724 3599 1776 καί’
3638 1724 3914 1780 Γίνεσθε,
3947 1720 4049 1771 καὶ

784 1805 1003 1859 caelestis
1029 1806 1282 1875 perfectus
1314 1816 1390 1861 est
1414 1810 1479 1860 ’⁸.
1507 1808 1575 1863 Ει
1600 1824 1613 1860 :
1646 1806 1768 1860 Fiat
1794 1848 1810 1873 ,
1844 1808 2043 1878 inquit,
2073 1824 2161 1861 cor
2183 1824 2356 1863 meum
2390 1844 2432 1899 Β
2458 1841 2464 1853 ι

2390 1844 2432 1899 Β
2458 1824 2616 1893 ἡμεῖς
2643 1822 2739 1875 καὶ
2761 1820 2940 1889 ὑμεῖς,
2969 1816 3205 1876 τέλειοι,
3235 1814 3316 1879 ὡς
3342 1815 3376 1867 δ
3399 1810 3601 1878 Πατὴρ
3620 1808 3787 1878 ἡμῶν
3812 1811 3844 1862 ὀ
3867 1807 4051 1899 οὺρόο

782 1898 1190 1951 immaculatum
1217 1900 1272 1952 in
1319 1899 1788 1969 justiﬁcationibus
1829 1902 1952 1963 tuis,
1985 1910 2043 1953 ut
2094 1916 2199 1953 non
2231 1914 2357 1953 con-

783 1988 980 2057 fundor
1016 1989 1081 2041 ".
1106 1987 1174 2041 Et
1194 2002 1419 2042 rursus:
1444 1986 1585 2041 Tunc
1607 2003 1710 2041 non
1743 1986 2065 2055 confundar,
2095 2003 2215 2040 cum
2246 2002 2365 2055 per-

782 2089 1002 2142 spexero
1034 2073 1097 2126 in
1124 2074 1365 2128 omnibus
1433 2074 1702 2127 mandatis
1735 2075 1838 2127 tuis
1872 2075 1947 2127 ".
1972 2074 2177 2129 lterum
2222 2089 2363 2145 quo-

784 2180 891 2235 que
920 2165 988 2219 ad
1013 2165 1455 2235 interrogantem.
1493 2166 1651 2235 170
1714 2164 1841 2230 Quis
1857 2167 2099 2221 ascendet
2121 2166 2190 2219 ad
2212 2182 2364 2219 mon-

786 2267 889 2311 tem
911 2256 1161 2311 Domini?
1192 2256 1489 2326 respondet
1514 2275 1526 2310 :
1554 2256 1808 2312 lnnocens
1832 2258 2068 2311 manibus
2098 2266 2146 2311 et
2172 2257 2365 2310 mundo

785 2346 940 2402 corde
985 2346 1076 2399 ’τι
1124 2346 1334 2415 peccati
1378 2345 1526 2415 quod
1582 2346 1668 2400 vel
1723 2345 2075 2414 operatione,
2128 2345 2215 2400 vel
2277 2345 2363 2397 in-

787 2444 947 2489 terno
971 2434 1270 2489 voluntatis
1342 2450 1566 2490 assensu
1626 2436 2008 2498 consciscitur,
2070 2434 2366 2504 perfectam

788 2541 889 2594 per
917 2526 1025 2583 hoc
1046 2526 1357 2598 signiﬁcans
1389 2527 1773 2583 abolitionem.

860 2745 951 2800 lll.
980 2745 1095 2801 Sub
1141 2759 1423 2818 aspectum
1477 2764 1585 2804 non
1631 2748 1893 2805 cadentes
1925 2750 2153 2806 atl‘ectus
2178 2762 2235 2806 et
2276 2768 2368 2807 oc.

794 2836 943 2890 culta
982 2836 1178 2892 anima:
1224 2838 1406 2894 sciens
1451 2838 1691 2909 Spiritus
1754 2852 1979 2897 sanctus
2002 2850 2195 2898 curatu
2247 2856 2367 2897 esse

797 2926 1059 2990 diilicilia,
1119 2929 1321 2998 quippe
1371 2945 1492 2999 qua:
1546 2931 1647 2999 ipsi
1706 2932 1878 2986 veluti
1947 2934 2165 3001 penitus
2196 2933 2367 2989 iuba:-

796 3027 992 3085 reant;
1037 3034 1138 3089 per
1208 3021 1467 3076 Davidem
1529 3022 1789 3087 ostendit,
1846 3024 2122 3092 quomodo
2179 3040 2368 3079 earum

800 3107 1234 3164 administranda
1286 3110 1540 3179 purgatio
1572 3111 1663 3177 sit,
1706 3111 1977 3166 dicentem
2009 3131 2022 3166 :
2053 3114 2128 3168 Ab
2152 3116 2368 3170 occultis

803 3200 932 3253 meis
962 3200 1157 3253 munda
1182 3217 1283 3263 me,
1304 3200 1527 3254 Domine
1549 3203 1595 3234 "
1626 3219 1639 3256 :
1682 3218 1779 3271 per
1809 3219 1929 3272 qua:
1951 3205 2114 3258 verba
2145 3206 2326 3261 innuit
2354 3249 2370 3274 ,

805 3304 967 3343 unam
1003 3304 1192 3343 earum
1239 3291 1603 3345 sanandarum
1619 3291 1892 3347 eﬂicacem
1924 3308 2045 3349 esse
2081 3297 2368 3364 rationem,

804 3378 1103 3449 perfectam
1145 3395 1268 3435 cum
1324 3382 1492 3436 multa
1526 3398 1691 3452 prece
1712 3399 1775 3437 ac
1808 3382 1915 3438 fide
1958 3388 2372 3442 conversionem

808 3468 877 3523 ad
910 3469 1126 3535 Deum;
1180 3470 1568 3539 cooperatione
1626 3472 1904 3542 Spiritus;
1942 3475 2035 3528 sed
2094 3483 2275 3530 tamen
2320 3486 2375 3532 et

807 3559 967 3613 nobis
1005 3559 1062 3613 in
1100 3559 1244 3613 idem
1284 3568 1396 3614 toto
1433 3572 1633 3616 conatu
1662 3564 2060 3627 annitentibus.
2124 3575 2180 3619 et
2226 3568 2374 3620 omni

809 3650 1060 3705 custodia
1090 3651 1436 3706 servantibus
1475 3668 1572 3708 cor
1603 3665 1874 3707 nostrum.

878 3764 969 3818 IV.
1027 3763 1203 3818 Etiam
1258 3765 1453 3820 beatus
1497 3765 1659 3821 docet
1705 3767 1937 3838 Moyses,
1996 3785 2093 3838 per
2135 3771 2375 3841 symbolo

810 3853 1187 3917 subindicans,
1231 3855 1378 3910 haud
1430 3856 1825 3927 indulgendum
1875 3859 2092 3913 duabus
2138 3876 2375 3929 propen-

811 3944 1078 4011 sionibus,
1107 3947 1277 4002 altera
1307 3948 1361 4001 in
1384 3949 1611 4013 malum,
1631 3949 1802 4005 altera
1830 3950 1899 4004 ad
1928 3951 2132 4005 bonum
2159 3952 2378 4005 trahen-

812 4046 865 4090 te
893 4053 907 4101 ;
938 4036 1032 4090 sed
1090 4037 1145 4090 in
1184 4053 1346 4092 unam
1406 4041 1850 4108 prosecutioncm
1883 4041 2011 4096 boni
2053 4042 2377 4097 incumben-

812 4127 965 4181 dum.
996 4127 1186 4196 Neque
1218 4138 1471 4197 Oportcre
1506 4129 1646 4185 duos
1672 4132 1836 4185 simul
1889 4132 2100 4188 fructus
2145 4150 2331 4191 serere
2364 4178 2377 4199 ,

813 4218 1006 4271 utilem
1048 4226 1104 4273 ct
1151 4219 1374 4273 noxium
1405 4237 1419 4287 ;
1450 4220 1545 4275 sed
1596 4222 1788 4276 utilem
1822 4238 1886 4278 ac
1919 4223 2125 4278 bonum
2179 4226 2376 4280 solum.

818 4308 886 4362 Ut
930 4309 1035 4363 hoc
1075 4312 1383 4380 exprimat,
1414 4312 1493 4366 sic
1552 4312 1786 4368 scribit:
1830 4314 1952 4367 Non
1982 4316 2175 4386 junges
2205 4318 2381 4370 eodem

804 4396 936 4468 fugo
962 4397 1017 4449 in
1065 4413 1194 4452 area
1220 4408 1311 4451 tua
1332 4399 1521 4454 diversi
1566 4403 1769 4470 generis
1824 4403 2102 4469 animalia,
2126 4416 2255 4475 puta
2290 4406 2380 4462 bo-

810 4502 926 4541 vem
973 4496 1023 4540 et
1062 4490 1269 4542 asinum
1292 4490 1422 4554 ;sed
1450 4492 1515 4544 iis
1543 4507 1659 4561 qua:
1690 4492 1794 4544 sint
1813 4493 2046 4562 ejusdem
2088 4497 2278 4564 speciei
2299 4498 2380 4549 in-

2465 1930 2593 1979 νιος
2618 1911 2844 1975 τέλειός
2865 1910 3016 1962 ἐστι·
3049 1905 3161 1960 καί·
3191 1903 3531 1970 Γενηθήτω,
3556 1902 3740 1971 φησιν,
3764 1901 3802 1969 ἡ
3826 1898 4051 1965 καρδία

2461 2022 2579 2074 μου
2609 2002 2845 2072 ἄμωμος
2873 2000 2945 2053 ἐν
2968 1997 3096 2064 τοῖς
3118 1993 3472 2065 δικαιώμασί
3499 2008 3636 2056 σου,
3669 1991 3828 2055 ὅπως
3854 1987 3933 2043 ἂν
3954 1988 4048 2057 μὴ

2464 2092 2791 2163 αἰσχυγθῶ·
2824 2091 2919 2143 καὶ
2948 2084 3126 2151 αὖθιςο
3166 2088 3302 2141 Τότε
3332 2086 3405 2140 οὐ
3429 2084 3514 2154 μὴ
3538 2080 3842 2151 αισχυνθῶ
3868 2080 3939 2134 ἐν·
3962 2077 4053 2143 τῷ

2460 2204 2539 2257 με
2578 2184 2926 2241 ἐπιϐλέπειν
2970 2181 3069 2235 ἐπὶ
3102 2178 3306 2243 πάσας
3340 2176 3449 2243 τὰς
3473 2174 3727 2240 ἐντολάς
3753 2189 3871 2227 σου
3890 2187 3905 2203 ·
3948 2172 4051 2223 καὶ

2466 2280 2602 2348 πρὸς
2646 2278 2735 2332 τὸν
2776 2275 3065 2346 ιρωτῶντα
3101 2273 3158 2327 δὲ
3198 2271 3398 2324 πάλινο
3436 2270 3534 2335 Τις
3562 2266 3928 2331 ἀναϐήσεται
3958 2265 4049 2324 εις

2466 2373 2533 2425 τὸ
2564 2372 2698 2439 ὅρος
2726 2370 2833 2424 τοῦ
2856 2368 3110 2436 κυρίους
3156 2363 3376 2430 Ἀθῶος
3405 2360 3635 2432 χερσίν,
3665 2359 4050 2429 ἀποκρίνεται,

2467 2464 2565 2518 καί
2595 2460 2854 2529 καθαρὸς
2880 2457 2953 2526 τῇ
2982 2457 3197 2526 καρδίᾳ
3221 2474 3234 2486 ·
3288 2455 3388 2524 τῆς
3416 2453 3507 2508 διὰ
3532 2451 3781 2521 πράξεως
3807 2450 3903 2503 καὶ
3927 2449 4054 2499 δια-

2468 2554 2615 2617 νοίας
2673 2550 2943 2622 ἁμαρτίας
3019 2549 3118 2619 τὴν
3157 2546 3370 2603 τελείαν
3409 2542 3659 2599 ἐντεῦθεν
3685 2542 3860 2612 δηλῶν
3888 2538 4054 2594 ἀναί-

2473 2659 2640 2712 ρεσιν.

2539 2753 2612 2808 Γ.
2652 2754 2734 2809 Τὰ
2770 2753 2950 2823 ἀφανῆ
2982 2750 3153 2819 πάθη,
3186 2750 3340 2819 φησι,
3378 2751 3471 2802 καὶ
3500 2746 3709 2817 κρύφια
3736 2746 3797 2798 τὸ
3824 2743 4057 2813 Πνεῦμα

2468 2848 2531 2899 τὸ
2554 2847 2709 2915 ἅγιον
2742 2845 3107 2914 ἐπιστάμενον
3132 2839 3554 2895 δυσαπάλλακτα
3580 2838 3730 2901 δντα,
3762 2837 3858 2889 καὶ
3885 2837 4058 2888 οἱονεὶ

2467 2941 2533 3011 τῇ
2579 2938 2725 3009 ψυχῇ
2772 2935 3258 3008 κατερῤιζωμένα,
3307 2934 3394 2987 διὰ
3440 2932 3535 2985 τοῦ
3579 2930 3738 2984 Δασιδ
3784 2930 4053 2987 δείκνυσι,

2470 3030 2587 3093 πῶς
2629 3029 2738 3100 ἄρα
2777 3028 2984 3081 τούτων
3027 3025 3281 3094 ποιητέον
3313 3022 3411 3095 τῆν
3441 3018 3707 3093 κάθαρσιν
3729 3039 3743 3052 ·
3797 3022 3898 3075 Ἐκ
3929 3021 4056 3073 τῶν

2475 3118 2744 3185 κρυφίων
2775 3134 2895 3186 μου
2940 3114 3049 3184 γὰρ
3093 3114 3428 3183 καθάρισόν
3457 3129 3562 3182 με,
3606 3110 3801 3180 φησιν’
3851 3108 3928 3170 ὡς
3963 3107 4057 3160 διὰ

2482 3206 2682 3277 πολλῆς
2721 3206 2819 3275 τῆς
2863 3206 3099 3276 δεήσεώς
3131 3221 3192 3256 τε
3238 3204 3331 3257 καὶ
3373 3203 3626 3267 πίστεως,
3664 3199 3884 3267 καὶτῆς
3916 3200 4057 3267 πρὸς

2478 3297 2609 3350 Θεὸν
2658 3296 2869 3359 τελείας
2911 3295 3085 3368 ῥοπῆς
3112 3336 3126 3361 ,
3175 3297 3244 3365 τῇ
3281 3292 3570 3364 συνεργείᾳ
3592 3290 3684 3345 τοῦ
3712 3289 4053 3357 Πνεύματος,

2477 3387 2918 3457 κατεργασθῆναι
2974 3384 3287 3454 δυναμένων
3332 3382 3488 3454 ἡμῶν
3513 3400 3527 3413 ·
3585 3380 3725 3451 πλὴν
3773 3380 3913 3433 ἀλλὰ.
3958 3380 4058 3430 καὶ

2475 3475 2631 3545 ἡμῶν
2676 3475 2813 3545 πρὸς
2854 3474 3029 3528 ταῦτα
3072 3473 3498 3535 ἀντιτεινόντων,
3534 3470 3631 3523 καὶ
3660 3469 3875 3538 φυλακῇ
3904 3468 4055 3536 πάσῃ

2476 3563 2785 3634 τηρούντων
2817 3563 2917 3633 τὴν
2944 3562 3149 3616 ἑαυτῶν
3178 3561 3424 3629 καρδίαν.

2546 3774 2618 3823 Δ’.
2659 3769 2769 3823 Καὶ
2788 3771 2817 3822 ὁ
2850 3768 3113 3838 μακάριός
3145 3783 3277 3835 φησι
3304 3766 3565 3832 Μωῦσῆς,
3595 3764 3683 3817 διὰ
3710 3763 3895 3816 τύπων
3919 3763 4054 3813 ὐπο-

2478 3861 2692 3921 δεικνὺς
2719 3901 2732 3923 ,
2788 3859 2849 3911 τὸ
2898 3858 2972 3928 μὴ
3020 3858 3131 3911 δεῖν
3181 3855 3427 3926 γνώμαις
3472 3856 3636 3919 δυοῖν,
3673 3854 3843 3907 κακοῦ
3871 3870 3929 3905 τε
3959 3854 4059 3905 καὶ

2478 3949 2704 4015 ἀγαθοῦ,
2735 3947 2832 4018 τὴν
2858 3948 3055 4018 ψυχὴν,
3081 3947 3218 4000 ἀλλὰ
3234 3946 3313 4017 τῷ
3335 3945 3522 4016 ἁγαθῷ
3549 3946 3695 4015 μόνῳ
3717 3944 4055 4007 ἀκολουθεῖν,

2481 4042 2575 4095 καὶ
2622 4041 2682 4093 τὸ
2734 4042 2810 4109 μὴ
2853 4041 3053 4109 χρῆναι
3085 4039 3177 4092 δύο
3206 4040 3451 4107 καρποὺς
3483 4040 3779 4108 γεωργεῖν,
3815 4034 4057 4105 χρηστοῦ

2480 4131 2575 4185 καὶ
2593 4131 2853 4201 χείρονος,
2878 4130 3013 4184 ἀλλὰ
3037 4131 3249 4199 χρηστὰ
3272 4129 3428 4198 μόνα,
3457 4128 3600 4180 οὕτω
3620 4129 3804 4197 φησίν·
3830 4129 3913 4180 Οὐ
3932 4126 4059 4186 ζεύ-

2482 4222 2605 4287 ξεις
2646 4223 2717 4275 ἐν
2752 4220 2826 4289 τῇ
2865 4222 2993 4285 ἅλῳ
3021 4236 3139 4274 σου
3184 4217 3486 4288 ἀλλογενῆ
3518 4217 3630 4278 ζῶα
3658 4218 3757 4270 ἐπὶ
3785 4218 3851 4269 τὸ
3880 4216 4056 4279 αὐτὸ,

2482 4314 2661 4369 οἱονεί
2694 4314 2855 4378 ,ϐοῦν
2900 4314 2998 4366 καί
3040 4312 3214 4366 ὄνον·
3263 4310 3427 4365 ἀλλὰ
3459 4310 3530 4363 τὰ
3559 4307 3814 4377 ὁμογενῆ
3846 4307 4059 4371 ζεύξας

2483 4406 2779 4471 ἁλωήσεις
2808 4406 2915 4459 τὸν
2939 4404 3171 4473 ἀμητόν
3196 4418 3333 4456 σου·
3366 4403 3664 4463 τουτέστιν,
3696 4400 3783 4453 ἵνα
3810 4400 3885 4469 μὴ
3910 4400 3967 4450 ἐν
3988 4400 4055 4467 τῇ

2484 4494 2598 4564 ἅλῳ
2629 4495 2732 4563 τῆς
2760 4494 2988 4564 καρδίας
3015 4492 3171 4562 ἡμῶν
3203 4492 3296 4543 ἐπὶ
3323 4490 3383 4543 τὸ
3407 4490 3538 4543 αὐτὸ
3566 4490 3735 4558 ἀρετὴ
3768 4490 3861 4541 καὶ
3886 4488 4058 4539 κακία

812 4579 975 4631 vicem
1000 4580 1222 4647 junctis,
1254 4581 1526 4636 triturabis
1554 4599 1771 4637 messem
1810 4593 1960 4640 tuam
2012 4587 2077 4639 ".
2124 4585 2238 4641 Hoc
2262 4596 2378 4652 est;
2415 4568 2459 4623 υ
2486 4605 2492 4622 ί

2376 4608 2378 4645 ι
2415 4568 2459 4623 D
2486 4587 2585 4656 τὴν
2630 4586 2892 4653 ἐργασίαν
2939 4584 3066 4653 ἔχῃ,
3117 4582 3232 4635 ἀλλ’
3277 4582 3311 4650 ἡ
3342 4582 3511 4649 ἀρετὴ
3544 4581 3714 4649 μόνηο
3769 4580 3851 4632 Οὐ
3902 4595 4056 4632 συν-

813 4683 883 4722 ne
914 4669 968 4721 in
1000 4684 1126 4723 area
1147 4670 1331 4725 cordis
1352 4673 1527 4727 nostri
1559 4672 1736 4728 virtus
1767 4683 1823 4728 et
1843 4676 2047 4729 malitia
2070 4675 2232 4730 simul
2250 4691 2375 4745 ope.

813 4763 1025 4819 rentur,
1058 4756 1153 4810 sed
1200 4757 1377 4812 virtus
1422 4759 1556 4825 [sola
1584 4798 1598 4811 .
1655 4760 1858 4815 lterum
1909 4761 2199 4831 praecipit:
2267 4762 2384 4815 Non

813 4847 1015 4903 intexes
1040 4845 1191 4900 laneo
1217 4864 1394 4915 panno
1430 4848 1596 4902 linum
1628 4865 1645 4901 :
1681 4865 1861 4918 neque
1891 4866 2083 4904 rursus
2136 4852 2191 4903 in
2247 4860 2385 4904 veste

815 4950 923 5005 qua
987 4939 1154 4991 utaris
1211 4937 1350 4992 linea
1410 4940 1592 4993 lanam
1615 4940 1679 4991 '°.
1705 4940 1823 4993 Non
1871 4957 2009 4993 seres
2036 4942 2090 4993 in
2125 4958 2252 5011 agro
2297 4950 2386 4993 tuo

819 5030 952 5081 duas
1007 5029 1182 5098 fruges
1211 5030 1390 5089 simul.
1424 5029 1726 5084 Iumentum
1758 5040 1907 5085 tuum
1936 5048 2042 5085 non
2064 5033 2222 5101 facies
2244 5035 2383 5085 coire

820 5138 941 5176 cum
971 5120 1188 5192 alterius
1227 5124 1429 5191 generis
1490 5124 1883 5187 animantibus;
1931 5124 2022 5176 sed
2067 5124 2385 5192 homogenea

822 5212 1144 5281 homogcneis
1169 5212 1449 5281 canjunges
1480 5212 1542 5265 ³¹.
1595 5213 1698 5267 Per
1757 5228 1878 5280 qua:
1931 5212 2112 5267 omnia
2162 5213 2388 5283 mystice

822 5302 1004 5355 innuit
1034 5319 1142 5358 non
1186 5313 1441 5372 oportere
1477 5304 1671 5359 vitium
1714 5313 1769 5358 et
1792 5305 2072 5369 virtutem,
2104 5305 2385 5359 utdictum

816 5400 921 5452 cst,
955 5392 1007 5445 iu
1038 5393 1197 5447 nobis
1228 5392 1327 5446 feri
1358 5410 1371 5457 ;
1408 5393 1499 5447 sed
1552 5394 1713 5447 unius
1760 5394 1978 5448 virtutis
2035 5394 2217 5464 fruges
2278 5394 2388 5448 seri

819 5483 1101 5551 excolique
1163 5492 1223 5536 ut
1246 5483 1554 5553 germincnt
1593 5484 1649 5537 in
1680 5484 1857 5537 nobis.
1914 5483 2103 5553 Neque
2166 5482 2382 5537 duobus

897 5657 941 5685 "
985 5656 1125 5709 l’sal.
1159 5675 1335 5721 cxxu,
1379 5658 1427 5711 1.
1526 5660 1571 5690 ³³
1596 5659 1782 5713 Matth.
1816 5678 1868 5715 v.
1906 5661 1956 5713 8.

2065 5661 2107 5691 "
2136 5661 2266 5714 ibid.
2319 5662 2406 5716 48.

2494 4676 2747 4745 v;arei¢
2794 4676 2938 4743 ὲρέῳ
2981 4674 3186 4744 ίματίῳ
3232 4672 3480 4727 λινοῦν·
3518 4670 3670 4725 Οὐδὲ
3703 4670 3862 4723 πάλιν
3907 4669 4058 4736 ..ιινῷ

2485 4769 2649 4836 ἔριον
2675 4784 2689 4798 ·
2743 4770 2815 4821 οὐ
2861 4765 3219 4835 γεωργήσας
3259 4765 3330 4818 ἐν
3370 4762 3444 4830 τῇ
3476 4762 3634 4831 χώρᾳ
3664 4761 3774 4828 τῆς
3800 4760 3913 4829 γῆς
3938 4777 4056 4814 σου

2486 4862 2595 4914 δύο
2637 4862 2904 4927 καρποὺς
2938 4858 3035 4911 ἐπὶ
3067 4859 3133 4910 τὸ
3160 4857 3308 4909 αὑτό
3324 4872 3341 4889 ο
3393 4858 3504 4909 οὐκ
3533 4853 3836 4919 ἐπιϐαλεῖς
3861 4854 4053 4920 ἑτερο·

2487 4950 2658 5018 γενὲς
2704 4948 2849 5009 ζῶον
2893 4951 2981 5011 εὶς
3023 4946 3213 5015 γονὴν
3252 4946 3462 5012 ἑτέρῳ·
3509 4945 3670 4998 ἀλλὰ
3698 4945 3769 4998 τὰ
3795 4943 4054 5012 ὁμογενῆ

2485 5038 2606 5102 τοῖς
2630 5035 2943 5106 ὀμογενέσι
2966 5034 3275 5098 συζεύξεις
3292 5050 3303 5063 ·
3337 5035 3402 5086 δι’
3426 5028 3500 5087 ὧν
3523 5035 3740 5087 πάντων
3759 5034 4054 5086 αἰνίττεται

2487 5121 2789 5191 μυστικῶς,
2834 5122 2894 5172 τὸ
2929 5120 3003 5190 μὴ
3031 5120 3139 5173 δεῖν
3168 5120 3366 5173 κακίαν
3396 5122 3487 5172 καὶ
3510 5122 3729 5190 ἀρετὴν.
3760 5120 3951 5190 ὥσπερ
3980 5122 4055 5172 εἴ.

2488 5226 2678 5278 ρηται,
2727 5212 2784 5261 ὲν
2830 5211 2958 5279 ἡμῖν
2998 5208 3383 5279 γεωργεῖσθαιο
3421 5208 3556 5261 ἀλλὰ
3586 5208 3926 5278 μονοτρόπως
3959 5209 4054 5269 τὰς

2486 5302 2580 5369 τῆς
2624 5302 2822 5370 ἀρετῆς
2873 5303 3033 5368 γονὰς
3087 5300 3503 5353 ἁποτίκτεσθαι’
3559 5301 3651 5352 καὶ
3689 5298 3783 5352 τοῦ
3828 5300 3901 5369 μὴ
3935 5298 4055 5351 δυσὶ

2489 5391 2793 5461 πνεύμασι,
2844 5392 2918 5460 τῷ
2946 5390 3224 5461 Πνεύματι
3253 5389 3347 5443 τοῦ
3375 5390 3531 5454 Θεοῦ,
3562 5390 3654 5443 καὶ
3683 5390 3757 5461 τῷ
3784 5390 4055 5459 πνεύματι

2489 5484 2581 5536 τοῦ
2626 5486 2829 5554 κόσμου
2871 5485 3049 5555 ψυχήν
3083 5501 3206 5539 τινα
3238 5487 3535 5539 κοινωνεῖν.
3584 5483 3687 5537 Διά
3715 5483 3892 5538 τοῦτο
3927 5484 4053 5553 γὰρ,

2521 5661 2565 5692 ³⁵
2590 5662 2730 5715 Psal.
2755 5676 2934 5729 αεὶ-ιιι,
2959 5660 3047 5716 80.
3080 5662 3124 5693 ⁸⁸
3151 5660 3285 5716 ibid.
3324 5663 3377 5717 6.
3489 5661 3530 5691 ”
3560 5659 3701 5715 Psal.
3742 5677 3892 5727 XXIII,
3924 5662 3976 5728 5,
4009 5662 4050 5717 l.

830 5726 872 5766 ὗε
907 5726 1213 5795 Psal.xvm,
1240 5729 1321 5781 15.
1400 5730 1444 5763 ’⁸
1477 5730 1635 5785 Dcut.
1666 5746 1799 5798 χχιι,
1830 5730 1911 5783 10.
1992 5730 2035 5762 ³ο
2059 5729 2189 5785 ibid.
2235 5732 2314 5785 11.
2395 5730 2431 5761 ³¹
2471 5730 2510 5787 L

1176 5744 1213 5795 ι,
1240 5729 1321 5781 15.
1400 5730 1444 5763 ’⁸
1477 5730 1635 5785 Dcut.
1666 5746 1799 5798 χχιι,
1830 5730 1911 5783 10.
1992 5730 2035 5762 ³ο
2059 5729 2189 5785 ibid.
2235 5732 2314 5785 11.
2395 5730 2431 5761 ³¹
2471 5730 2602 5787 Lev.
2632 5746 2742 5795 xu,
2774 5730 2856 5785 19.
