4254 6358
229 404 339 465 845

1159 411 1387 498 ΗΒΕ,ιί
1432 412 1524 469 DE
1566 410 2083 469 I’EIlFECTlONE
2124 411 2206 471 ΙΝ
2249 409 2575 469 SPIlllTU-

3382 397 3486 459 846

229 521 393 586 φησὶ,
425 519 573 584 πρὸς
596 518 798 584 πάσας
828 521 932 585 τὰς
955 521 1209 587 ἐντολάς
1233 539 1347 576 σου
1368 525 1805 591 κιιτωυοθούμην·
1842 529 1884 582 Α

1842 529 1884 582 Α
1916 522 2225 595 Spiritibus,
2280 519 2497 587 spiritui
2522 518 2615 572 Dei
2648 528 2704 571 et
2749 513 2967 584 spiritui
3006 508 3215 570 mundi,
3249 507 3485 559 animam

230 609 444 662 πᾶσαν
466 610 609 664 ὀδόν
628 611 836 665 ἄδικον
864 612 1150 680 ἐμίσησα.

303 781 384 836 E'.
440 783 555 835 Οὐκ
597 784 704 835 ἀπὸ
741 784 847 835 τῶν
884 787 1132 855 φανερῶν
1177 788 1586 858 ἁμαρτημάτων
1624 790 1800 858 μόνον,

231 865 349 923 οἷον
396 874 680 942 πορνείας,
726 876 914 940 φόνου,
958 878 1181 946 κλοπῆς,
1213 881 1669 949 γαστριμαργίας,
1702 896 1803 930 κα-

233 963 529 1026 ταλαλιάς,
564 965 823 1032 ψεύδους,
873 967 1231 1037 φιλαργυρίας
1259 986 1317 1021 τε
1353 974 1444 1021 καὶ
1471 970 1801 1033 πλεονεξίας,

236 1056 331 1103 καὶ
365 1052 474 1103 τῶν
499 1054 755 1106 τοιούτων
783 1056 1033 1121 ἁγνεύειν
1060 1056 1162 1127 χρὴ
1191 1059 1287 1127 τὴν
1315 1059 1578 1127 παρθένον
1606 1059 1800 1128 ψυχὴν,

236 1145 334 1195 καὶ
382 1143 459 1213 τῷ
499 1144 617 1214 Θεῷ
662 1147 997 1215 συναφθῆναι
1050 1150 1441 1221 προῃρημένην
1530 1151 1666 1204 ἀλλὰ
1714 1154 1806 1204 καὶ

236 1235 423 1303 πολλῷ
461 1236 622 1288 πλέον
675 1238 782 1289 ἀπὸ
822 1238 929 1290 τῶν
973 1240 1236 1308 κρυφίων,
1271 1243 1456 1311 ὥσπερ
1484 1244 1803 1312 εἰρήκαμεν·

236 1329 537 1393 τουτέστιν,
570 1330 884 1398 ἐπιθυμίας,
914 1332 1238 1395 κενοδοξίας,
1266 1332 1803 1403 ἀνθρωπαρεσκείας,

238 1419 618 1487 ὑποκρίσεως,
664 1421 974 1490 φιλαρχίας,
1006 1421 1179 1486 δόλου,
1214 1422 1560 1492 κακοηθείας,
1597 1424 1805 1491 μίσους,

236 1510 501 1571 ἀπιστίας
524 1549 535 1570 .
578 1511 796 1577 φθόνου,
829 1512 1135 1579 φιλαυτίας.
1166 1514 1355 1580 τύφου,
1387 1516 1475 1565 καὶ
1500 1514 1608 1566 τῶν
1636 1516 1809 1567 ἄλλων

236 1597 349 1649 τῶν
393 1597 650 1650 τοιούτων
694 1600 913 1667 ὁμοίως.
978 1598 1100 1651 Οἵδε
1143 1601 1283 1670 γὰρ,
1329 1603 1492 1669 φησιν
1598 1604 1805 1672 Γραφὴ,

235 1682 307 1731 τά
336 1683 545 1750 κρύφια
568 1681 735 1733 ταῦτα
764 1683 861 1751 τῆς
886 1684 1060 1752 ψυχῆς
1089 1684 1459 1754 ἁμαρτήματα
1486 1688 1545 1738 έν
1573 1686 1671 1756 ίσῳ
1700 1690 1811 1750 τοῖς

239 1771 398 1832 ἐκτὸς
449 1772 717 1827 τίθεσθαι.
773 1774 977 1842 Κύριος
1023 1774 1131 1843 γάρ
1179 1791 1347 1842 φησι·
1385 1778 1813 1845 Διεσκόρπισεν

1910 616 2208 687 quamlibet
2270 612 2693 664 communicare.
2746 610 3071 678 Propterea,
3136 602 3282 655 enim
3352 600 3489 654 dicit

1910 721 2113 759 onmem
2167 703 2303 754 viam
2368 700 2661 768 iniquitatis
2720 700 2835 753 odio
2906 696 3060 748 habui
3087 693 3159 757 ",
3200 694 3268 744 ad
3313 689 3491 743 omnia

1911 800 2162 851 mandata
2209 803 2297 847 tua
2374 793 2651 860 dirigebar.

1983 888 2043 941 ν.
2070 888 2186 940 Νοιι
2217 887 2284 940 ab
2306 886 2547 940 exterius
2583 878 2978 950 apparentibus
3002 874 3243 946 peccatis
3282 872 3481 935 solum,

1908 987 2039 1049 puta
2074 977 2456 1039 fornicatione,
2481 970 2794 1028 homicidio,
2819 969 2987 1032 furto,
3005 965 3247 1035 crapula,
3272 962 3476 1017 calqu-

1911 1072 2013 1125 niae
2065 1070 2264 1132 studio,
2322 1066 2628 1127 mendacio,
2678 1059 2977 1130 cupiditate
3040 1056 3303 1125 pecunias,
3362 1068 3490 1107 ava-

1912 1160 2035 1214 ritia
2082 1169 2138 1213 et
2176 1158 2375 1211 talibus
2407 1163 2665 1223 prmstare
2691 1166 2749 1204 se
2798 1162 2991 1216 puram
3048 1152 3264 1213 oportet
3318 1141 3489 1211 virgi-

1913 1266 2034 1303 nem
2065 1250 2323 1311 animam,
2356 1258 2411 1300 et
2432 1260 2553 1315 qua:
2584 1245 2693 1297 Deo
2720 1256 2777 1295 se
2803 1241 3135 1308 conjungere
3157 1235 3485 1298 decreverit;

1915 1342 2008 1394 sed
2069 1348 2124 1393 et
2180 1340 2351 1392 multo
2406 1336 2576 1402 magis
2601 1334 2668 1387 ab
2699 1331 2955 1395 occultis,
2989 1330 3068 1382 uti
3094 1328 3357 1391 diximus,
3382 1326 3488 1379 hoc

1914 1440 2015 1494 est,
2072 1448 2100 1484 a
2132 1430 2451 1498 cupiditate,
2491 1444 2521 1480 a
2581 1441 2730 1479 vana:
2762 1424 2950 1494 gloria:
2977 1422 3209 1483 ambitu,
3261 1436 3290 1473 a
3316 1418 3488 1472 nimio

1917 1519 2192 1574 desiderio
2223 1519 2538 1571 hominibus
2594 1514 2871 1583 placendi,
2913 1529 2943 1566 a
2999 1510 3369 1571 simulatione,
3417 1509 3485 1560 ab

1918 1610 2262 1663 affectatione
2304 1605 2712 1666 dominationis,
2750 1620 2778 1655 a
2832 1602 2976 1665 dolo,
3026 1617 3055 1653 a
3105 1599 3442 1668 malignitate
3472 1636 3485 1659 ,

1918 1701 1988 1755 ab
2026 1700 2174 1763 odio,
2204 1699 2272 1752 ab
2310 1696 2651 1758 inﬁdelitate,
2687 1695 2755 1748 ab
2792 1692 3017 1753 invidia,
3079 1706 3108 1743 a
3159 1690 3243 1742 sui
3302 1700 3488 1741 amore

1922 1791 2303 1851 immoderato,
2352 1788 2419 1841 ab
2447 1785 2773 1856 arrogantia,
2808 1782 3187 1848 similibusque
3216 1779 3268 1832 id
3297 1794 3486 1849 genus.

239 1862 393 1915 ὀστᾶ
435 1863 983 1931 ἀνθρωπαρέσκων’
1038 1866 1151 1929 καὶ,
1185 1865 1408 1932 Ἀνδρα
1436 1867 1697 1934 αίμάτων
1723 1869 1820 1921 καὶ
1851 1869 1892 1922 Β

1807 1869 1820 1921 i
1851 1869 1892 1922 Β
1921 1881 2083 1934 Novit
2111 1878 2279 1942 enim,
2308 1877 2385 1931 ait
2439 1876 2739 1944 Scriptura,
2769 1874 2979 1928 occulta
3003 1872 3118 1925 haec
3150 1871 3345 1923 animae
3359 1883 3487 1937 pce-

238 1949 449 2003 8d.ltor
494 1952 907 2013 ,βδελύσσεται
956 1952 1205 2018 Κύριος·
1261 1950 1366 2004 τδνι
1395 1952 1544 2005 δόλον
1580 1953 1666 2005 ἐπ’
1698 1953 1817 2022 ίσης

236 2042 317 2111 τῷ
345 2044 490 2113 φόνῳ
518 2044 775 2097 δεικνύων
806 2044 910 2097 ὑπὸ
934 2043 1067 2097 Θεοῦ
1099 2044 1517 2115 βδελυσσόμενον
1542 2064 1555 2077 ο
1582 2046 1819 2100 καὶτῶν

237 2137 593 2187 λαλούντων
635 2135 888 2201 εἰρήνην
936 2135 1084 2203 μετὰ
1128 2133 1247 2188 τῶν
1288 2138 1554 2204 πλησίον
1594 2137 1811 2203 αὐτῶν,

238 2227 335 2278 καὶ
367 2227 433 2278 τά
459 2227 607 2295 ἑξῆς.
643 2228 749 2279 Καὶ
774 2227 955 2282 πάλιν·
984 2228 1094 2281 Καὶ
1115 2228 1224 2297 γὰρ
1244 2230 1313 2281 ἐν
1332 2228 1544 2295 καρδίᾳ
1563 2230 1814 2298 ἀνομίας

236 2316 553 2384 ἐργάζεσθε
580 2318 650 2369 ἐν
674 2316 746 2383 τῇ
776 2317 887 2385 γῇῖ·
929 2320 1043 2381 καὶ,
1083 2319 1227 2373 Οὐαὶ
1253 2319 1411 2387 ὑμῖν,
1447 2320 1592 2373 ὅταν
1622 2320 1815 2382 καλῶς

236 2408 494 2461 εἴπωσιν
543 2406 699 2475 ὑμᾶς
757 2411 810 2462 ol
856 2409 1188 2477 ἄνθρωποι·
1258 2410 1564 2473 τουτέστιν,
1615 2411 1813 2464 ὁπόταν

240 2501 369 2567 ὑμῖν
406 2502 523 2551 ἐστι
559 2499 775 2568 θέλησις
821 2500 972 2569 παρὰ
1011 2500 1310 2570 ἀνθρώπιον
1354 2501 1532 2563 καλῶς
1572 2502 1808 2566 ἀκούειν,

238 2588 335 2639 καὶ
384 2586 483 2654 τῆς
528 2587 683 2656 δόξης
728 2589 821 2640 καὶ
856 2590 963 2641 τῶν
993 2590 1229 2642 ἐπαίνων
1259 2590 1439 2642 αὐτῶν
1469 2592 1769 2659 ὲξὴρτησθε
1795 2606 1809 2620 ·

239 2677 362 2728 ἐπεὶ
413 2676 531 2738 πῶς
577 2677 800 2730 δυνατὸν
841 2678 1309 2748 ἀγαθοεργοῦντας
1353 2681 1562 2733 ὲσάπαν
1596 2681 1810 2748 λαθείν;

238 2766 417 2827 ἄλλως
456 2784 514 2817 τε
560 2766 615 2818 δὲ
654 2768 744 2818 καὶ
778 2767 937 2829 αὐτὸς
972 2770 999 2819 ὁ
1026 2767 1250 2835 Κύριος,
1285 2768 1606 2836 Λαμψάτω,
1637 2769 1808 2836 λέγει,

238 2857 308 2909 τὸ
353 2856 479 2925 φῶς
528 2857 695 2924 ὑμῶν
745 2859 1083 2924 ἔμπροσθεν
1120 2857 1237 2909 τῶν
1265 2858 1608 2924 ἀνθρώπων.
1645 2861 1810 2930 Πλὴν,

239 2948 355 3001 ἀλλ’
394 2948 473 3008 είς
501 2947 657 3011 δόξαν
690 2947 947 2999 σπεύδετε
975 2946 1069 2998 τοῦ
1100 2948 1266 3011 Θεοῦ,
1306 2950 1437 3017 φησὶ
1461 2989 1473 3011 ,
1526 2950 1586 3002 τὸ
1611 2951 1811 3017 ἀγαθὸν

242 3040 534 3104 πράττειν,
588 3039 683 3089 καὶ
732 3040 805 3106 μὴ
838 3036 926 3089 διὰ
954 3036 1111 3100 δόξαν
1147 3037 1299 3102 ἰδίαν,
1336 3039 1458 3108 μηδ’
1485 3038 1559 3100 ὼς
1584 3040 1690 3091 τῶν
1715 3043 1810 3092 ἀν-

242 3128 534 3197 θρωπίνων
579 3128 816 3181 ἐπαίνων
860 3127 1136 3198 ἐρωτικῶς
1170 3128 1414 3196 ἔχοντες’
1454 3130 1548 3182 καὶ
1580 3130 1687 3200 γὰρ
1718 3132 1809 3184 καὶ

243 3220 507 3280 ἀπίστους
555 3219 833 3282 ἀπέδειξεν
879 3218 1046 3270 είπών
1070 3235 1081 3247 ο
1136 3218 1265 3284 Πῶς
1299 3217 1563 3274 δύνασθε
1602 3222 1812 3275 πίστιν
1840 3208 1883 3267 C

244 3313 442 3378 ἒχειν,
500 3310 685 3373 δόξαν
730 3309 887 3376 παρὰ
929 3309 1217 3375 ἀλλήλων
1249 3311 1681 3379 λαμϐάνοντες,
1721 3314 1819 3366 καί

247 3404 364 3469 τὴν
391 3403 577 3464 δόξαν
623 3402 735 3469 τὴν
767 3402 926 3470 παρὰ
962 3401 1067 3455 τοῦ
1094 3406 1285 3470 μόνου
1312 3403 1457 3456 Θεοῦ
1482 3406 1553 3457 οὐ
1580 3404 1820 3471 ζητοῦν-

246 3511 379 3557 τες;
413 3496 552 3561 Ὅρα
584 3495 674 3545 καὶ
703 3495 791 3545 τὸν
824 3494 1167 3557 Ἀπόστολον,
1201 3494 1314 3555 πῶς
1341 3496 1433 3546 καὶ
1460 3494 1623 3548 αὑτοῦ
1658 3496 1820 3565 μέχρι

248 3584 343 3635 τοῦ
397 3587 589 3651 φαγεῖν
643 3584 735 3636 καὶ
778 3587 943 3642 πιεῖν,
981 3584 1158 3636 πάντα
1188 3587 1266 3646 είς
1295 3585 1452 3650 δόξαν
1479 3586 1611 3638 Θεοῦ
1643 3588 1821 3637 ἐντέλ-

249 3677 404 3726 λεται
451 3678 620 3725 ποιεῖν
648 3690 660 3702 ·
716 3675 849 3727 Εἴτε
880 3676 1018 3743 γὰρ,
1050 3674 1245 3743 φησὶι,
1281 3677 1542 3741 ἐσθίετε,
1577 3680 1695 3731 εἴτε
1722 3679 1819 3730 πί-

251 3782 419 3825 νετε,
456 3765 576 3817 εἴτε
604 3782 656 3816 τι
687 3765 838 3817 ἄλλο
871 3766 1108 3828 ποιεῖτε,
1141 3770 1226 3831 είς
1252 3767 1438 3830 δόξαν
1467 3768 1615 3821 Θεοῦ
1639 3772 1821 3822 ποιεῖ-

250 3876 337 3910 τε.
400 3857 456 3907 ’0
506 3856 561 3907 δέ
609 3873 671 3922 γε
724 3856 863 3918 θεῖος
908 3857 1159 3925 Ἰωάννης
1208 3858 1284 3926 τῷ
1329 3860 1472 3926 φόνῳ
1519 3863 1824 3915 συντάττων

250 3949 315 3999 τὸ
344 3949 520 4017 μῖσος,
537 3944 598 3998 Ὀ
621 3945 814 4014 μισῶν
846 3950 951 3998 τὸν
978 3947 1244 4016 ἀδελφὸν
1265 3950 1472 4015 αὐτοῦ,
1504 3953 1686 4021 φησὶν,
1721 3954 1825 4007 ἀν-

254 4041 671 4106 θρωποκτόνος
699 4040 892 4094 ἐστίν.

330 4322 421 4389 ς’.
476 4323 542 4377 'lI
568 4324 766 4391 ἀγάπη
803 4323 997 4375 πάντα
1028 4323 1224 4390 στέγει
1245 4361 1259 4384 ,
1296 4322 1490 4375 πάντα
1521 4321 1820 4388 ὑπομένει.

267 4413 339 4465 Ἢ
358 4412 558 4479 ἀγάπη
591 4412 877 4466 οὐδέποτε
904 4413 1175 4465 ἐκπίπτει
1193 4427 1206 4440 '
1239 4412 1319 4472 τὸ,
1350 4410 1635 4464 οὐδέποτε
1662 4411 1826 4463 ἐκπί-

1920 1983 2039 2028 cata
2067 1973 2188 2042 pari
2234 1973 2356 2025 loco
2409 1986 2536 2024 cum
2602 1968 2847 2023 externis
2900 1964 3164 2018 Dominus
3228 1972 3487 2021 censere,

1918 2065 2053 2119 dicit
2088 2064 2289 2131 quippe
2319 2079 2331 2113 :
2366 2061 2645 2130 Dissipavit
2668 2076 2785 2113 ossa
2806 2072 3007 2119 eorum,
3057 2053 3147 2120 qui
3198 2050 3491 2105 hominibus

1918 2158 2125 2227 placent
2162 2156 2225 2206 ³³.
2252 2155 2317 2207 Et
2348 2170 2360 2205 :
2400 2153 2574 2206 Virmn
2611 2152 2929 2220 sanguinum
2980 2156 3027 2199 et
3060 2145 3300 2197 dolosam
3364 2142 3491 2194 abo-

1918 2245 2207 2297 minabitur
2250 2244 2504 2296 Dominus
2550 2241 2614 2292 ".
2662 2239 2852 2293 Dolum
2899 2251 3053 2304 teque
3129 2248 3193 2287 ac
3256 2230 3491 2285 homici-

1916 2336 2064 2390 dium
2096 2335 2389 2389 ostendens
2445 2330 2837 2386 abominationi
2920 2328 3030 2381 Deo
3063 2340 3203 2379 esse.
3276 2321 3346 2379 Et
3401 2323 3492 2392 qui

1918 2428 2204 2498 loquuntur
2247 2441 2428 2493 pacem
2473 2440 2590 2476 cum
2617 2422 2853 2493 proximo
2870 2420 2933 2483 ⁸⁸,
2980 2426 3037 2472 et
3086 2431 3208 2485 qua:
3254 2430 3493 2484 sequun-

1915 2527 2025 2572 tur.
2078 2518 2145 2571 Et
2172 2531 2407 2570 rursus.:
2440 2512 2650 2568 Etenim
2715 2514 2770 2565 in
2796 2512 2950 2563 corde
3007 2508 3316 2577 iniquitates
3365 2520 3490 2575 0pc-

1914 2608 2110 2660 ramini
2133 2647 2147 2670 ,
2197 2607 2251 2658 in
2282 2614 2445 2667 terra,
2477 2613 2583 2658 etc.
2633 2603 2730 2655 Et:
2781 2602 2864 2654 Va:
2892 2600 3029 2653 vobis
3064 2614 3179 2650 cum
3218 2595 3495 2649 bencdixc-

1914 2700 2022 2752 rint
2063 2698 2201 2752 vobis
2252 2698 2485 2749 homines
2504 2696 2568 2746 ³⁸.
2627 2694 2739 2747 Iloe
2772 2702 2855 2747 cst
2887 2710 2901 2757 ;
2935 2706 3058 2745 cum
3094 2688 3376 2743 studueris
3424 2687 3494 2741 ab

1914 2789 2235 2844 hominibus
2290 2788 2431 2841 bene
2462 2786 2673 2848 audire,
2699 2793 2753 2838 ct
2800 2784 2853 2837 in
2907 2782 3132 2852 gloriam
3188 2779 3492 2847 laudesque

1914 2882 2156 2949 ipsorum
2238 2878 2496 2933 ferimini.
2580 2876 2795 2930 Etenim
2874 2875 2966 2943 qui
3013 2880 3188 2942 potest
3240 2870 3395 2933 ﬁeri,
3435 2878 3494 2922 ut

1912 2970 2053 3023 bene
2095 2975 2385 3036 operantes
2429 2964 2659 3019 omnino
2709 2964 2941 3018 lateant?
3009 2962 3313 3033 prmsertim
3365 2974 3487 3013 cum

1913 3063 2027 3128 ipse
2072 3058 2334 3112 Dominus
2374 3057 2556 3111 dicat:
2589 3056 2782 3109 Luceut
2818 3056 2909 3108 lux
2948 3064 3116 3107 vestra
3172 3067 3349 3105 coram
3399 3051 3492 3104 lto-

1915 3150 2139 3204 minibus
2163 3151 2227 3203 ".
2272 3150 2341 3204 At
2385 3148 2453 3203 de
2482 3158 2678 3203 caztcro
2714 3148 2950 3211 studete,
2983 3148 3059 3200 ait
3088 3186 3101 3208 ,
3138 3146 3202 3199 ad
3224 3144 3321 3199 Dei
3374 3145 3492 3213 glo-

1920 3240 2052 3294 riam
2072 3240 2217 3309 quod
2244 3240 2447 3292 bonum
2479 3247 2563 3292 est
2591 3253 2772 3307 agere,
2812 3254 2919 3291 non
2971 3247 3151 3290 autem
3176 3236 3241 3288 ad
3264 3247 3489 3305 captan-

1920 3332 2041 3386 dam
2078 3332 2228 3398 171
2266 3330 2420 3383 vobis
2477 3328 2693 3383 laudem
2747 3329 3017 3398 propriam
3051 3345 3064 3392 ;
3098 3341 3198 3381 nec
3228 3327 3491 3380 ntvidea-

1921 3422 2053 3474 mini
2122 3422 2487 3473 humanarum
2562 3418 2785 3472 laudum
2847 3417 3095 3471 eucomia
3149 3417 3495 3484 impudenter

1922 3526 2124 3565 amare.
2158 3510 2291 3563 Nam
2320 3520 2374 3563 et
2397 3510 2643 3563 inlidclcs
2696 3524 2817 3563 esse
2839 3509 2973 3561 tales
3003 3507 3242 3561 ostendit
3265 3507 3455 3561 dicens
3481 3526 3491 3559 :

1926 3600 2193 3664 Quomodo
2216 3600 2425 3667 potestis
2450 3598 2607 3665 ﬁdem
2643 3598 2855 3661 habere,
2916 3596 3144 3663 gloriam
3177 3596 3241 3647 ab
3280 3596 3496 3647 invicem

1924 3694 2250 3761 accipientes,
2279 3698 2326 3743 ct
2353 3691 2601 3759 gloriam,
2629 3704 2744 3759 qua:
2763 3706 2794 3740 a
2822 3687 2934 3740 solo
2961 3686 3067 3739 Deo
3093 3697 3193 3750 est,
3212 3703 3315 3739 non
3344 3702 3496 3754 qua!-

1927 3790 2095 3835 rentes
2129 3781 2193 3832 '3.
2228 3779 2364 3833 Vide
2429 3788 2486 3833 et
2549 3779 2898 3848 Apostolum,
2955 3779 3229 3847 quomodo
3316 3778 3497 3832 omnia

1928 3892 2097 3943 usque
2148 3873 2215 3926 ad
2250 3873 2425 3941 ipsum
2477 3871 2812 3925 manducare
2845 3879 2903 3925 et
2930 3870 3141 3935 bibere,
3174 3871 3228 3924 in
3271 3871 3498 3940 gloriam

1928 3966 2023 4019 Dei
2064 3964 2313 4033 praecipit
2365 3964 2669 4033 agere;ait
2698 3964 2842 4017 enim
2889 3981 2902 4016 :
2938 3961 3057 4016 Sive
3108 3963 3438 4015 manducetis
3484 4002 3498 4025 ,

1925 4059 2030 4134 sio;
2080 4056 2272 4113 bibitis.
2302 4055 2408 4107 sive
2424 4053 2572 4106 aliud
2597 4055 2723 4122 quid
2755 4054 2931 4122 agitis,
2960 4054 3140 4105 omnia
3185 4053 3237 4103 in
3273 4051 3501 4120 gloriam

1928 4148 2024 4200 Dei
2052 4148 2207 4215 facite
2229 4148 2295 4199 '9.
2326 4145 2393 4199 At
2421 4145 2640 4198 divinus
2657 4145 2893 4199 Joannes
2910 4143 3505 4211 homicidioadazquans

1926 4237 2134 4297 odium,
2154 4236 2241 4303 qui
2279 4235 2405 4297 odit,
2422 4234 2616 4301 inquit,
2642 4234 2859 4301 fratrem
2881 4249 3033 4285 suum
3052 4232 3311 4285 homicida
3332 4241 3405 4284 est
3428 4231 3498 4279 ‘°.

1996 4328 2085 4381 Ἦ.
2110 4326 2354 4380 Charitas
2372 4327 2548 4377 omnia
2565 4326 2764 4394 suffert,
2792 4326 2968 4377 omnia
2997 4325 3237 4377 sustinet.
3257 4322 3502 4377 Charitas

1930 4434 2202 4487 nunquam
2225 4415 2500 4469 excidit“.
2552 4414 2676 4469 [iure
2711 4415 2901 4478 verba,
2942 4432 3213 4485 nunquam
3257 4416 3449 4467 excidit
3484 4452 3499 4477 ,

256 4521 388 4557 πτει
407 4545 421 4568 ,
462 4505 619 4557 τούτο
647 4504 930 4574 δηλοῦντός
956 4505 1105 4556 ἐστιν
1126 4521 1138 4533 ο
1175 4504 1364 4573 ὅτιπερ
1393 4506 1441 4556 ol
1465 4505 1570 4555 τῶν
1598 4504 1825 4572 εἰρημὲ-
1860 4525 1902 4579 D
1930 4528 1936 4562 ε

1823 4534 1825 4541 ν
1860 4525 1902 4579 ι)
1930 4518 2059 4564 sunt
2088 4511 2225 4579 ejus,
2286 4508 2378 4574 qui
2407 4507 2717 4576 signiﬁcare
2768 4507 2944 4560 velit:
2998 4522 3114 4568 eos,
3176 4507 3270 4576 qui
3338 4522 3503 4574 supra

256 4613 365 4647 νων
395 4595 747 4665 χαρισμάτων
778 4592 870 4645 τού
899 4593 1213 4662 Πνεύματος
1243 4592 1612 4661 ἐπιτυχόντες,
1655 4593 1819 4661 μήπω

255 4685 316 4738 δε
368 4685 456 4737 διὰ
501 4688 597 4754 τῆς
647 4684 1023 4753 πληρεστάτης
1072 4683 1163 4736 καὶ
1195 4682 1447 4752 ἐνεργούς
1481 4682 1699 4752 ἀγάπης
1732 4682 1824 4735 τοῦ

260 4776 580 4844 Πνεύματος
628 4774 727 4843 τῆς
771 4776 943 4843 ἄκρας
979 4774 1085 4826 τῶν
1116 4771 1301 4826 παθῶν
1334 4772 1641 4841 ἐλευθερίας
1670 4772 1830 4836 ἀξιω-

261 4869 467 4929 θέντες,
495 4867 705 4919 ούδέπω
727 4866 819 4917 τοῦ
844 4866 1118 4934 ἀσφαλοῦς
1140 4865 1363 4933 ἥψαντο·
1390 4865 1504 4916 ἀλλ’
1525 4867 1581 4917 ἐν
1606 4865 1833 4934 κινδύνῳ

261 4958 344 5035 ἔτι
374 4957 467 5009 καὶ
495 4956 643 5026 φόϐῳ
670 4956 739 5009 τὰ
766 4957 889 5009 καθ’
918 4956 1143 5018 ἑαυτοὺς
1168 4956 1387 5023 ἕστηκε,
1405 4954 1492 5008 διὰ
1511 4954 1577 5007 τὰ
1600 4972 1835 5023 πνευμα-

261 5048 392 5101 τικὰ
443 5048 541 5115 τῆς
589 5048 871 5118 πονηρίας.
930 5046 1101 5100 Τοῦτο
1136 5046 1242 5116 γὰρ
1284 5045 1344 5098 τὸ
1382 5046 1597 5115 μέτρον,
1639 5046 1833 5115 μηκέτι

263 5139 371 5191 ὑπὸ
401 5138 603 5191 πτῶσιν
629 5138 720 5204 ὃν,
758 5139 892 5209 μηδὲ
922 5138 1091 5200 πάθος
1119 5136 1363 5201 ὑπέδειξε
1385 5136 1624 5190 τοιοῦτον
1651 5136 1829 5206 ὑπάρ-

263 5248 391 5298 χον,
427 5230 500 5291 ὡς
532 5230 781 5296 γλῶσσαν
810 5231 1053 5299 ἀγγέλων
1075 5268 1089 5293 ,
1124 5231 1216 5282 καὶ
1249 5230 1621 5300 προφητείαν,
1656 5229 1834 5283 πᾶσάν

263 5340 323 5374 τε
359 5322 455 5391 τὴν
480 5322 698 5388 γνῶσιν,
725 5324 818 5375 καὶ
839 5322 908 5374 τά
931 5322 1038 5374 τῶν
1069 5322 1310 5391 ἰαμάτων
1336 5321 1651 5394 χαρίσματα
1673 5320 1836 5391 μηδὲν

268 5409 434 5477 εἶναι,
469 5413 603 5483 πρὸς
632 5415 808 5466 έκεῖνο
840 5413 1317 5483 παραόαλλόμενα.

341 5708 383 5739 ³¹
415 5708 555 5763 i'sal.
587 5716 768 5771 c‘xvut,
793 5707 912 5761 128.
987 5708 1029 5739 ³³
1067 5707 1203 5761 l‘sal.
1239 5725 1331 5774 ιιι,
1374 5713 1426 5763 ti.

270 5778 318 5812 ³³
358 5778 515 5833 Joan.
557 5794 609 5842 Υ,
642 5778 727 5831 ii.
806 5777 847 5809 ³9
888 5777 1064 5832 ICUI‘.
1101 5795 1150 5843 \',
1186 5780 1271 5832 51.
1353 5782 1391 5810 ”⁶⁰
1424 5780 1728 5847 lJnan,1;|,
1774 5783 1853 5836 1.3,

1504 5711 1545 5741 3‘
1580 5712 1717 5765 l'sal.
1754 5728 1802 5766 ι’.
1830 5714 1877 5764 7.

1921 4609 2221 4655 memorata
2254 4598 2580 4651 charismata
2614 4596 2850 4665 Spiritus
2896 4598 3133 4651 assecuti
3180 4605 3329 4661 sunt,
3373 4611 3508 4649 non-

1923 4691 2053 4744 dum
2108 4698 2289 4743 autem
2324 4704 2422 4757 per
2451 4688 2820 4757 plenissimam
2851 4696 2906 4741 et
2936 4686 3210 4741 efﬁcacem
3264 4686 3504 4741 Charita-

1936 4792 2046 4836 tem
2089 4781 2328 4850 Spiritus
2363 4795 2571 4834 summa
2602 4796 2631 4833 a
2691 4780 3041 4848 passionibus
3090 4779 3346 4832 libertate
3380 4786 3507 4831 sunt

1934 4873 2163 4943 dignati,
2198 4872 2441 4926 nondum
2475 4871 2832 4925 securitatem
2863 4870 3137 4939 attigisse:
3170 4869 3337 4923 sedin
3364 4869 3511 4937 peri-

1940 4966 2065 5020 culo
2096 4966 2277 5019 adhuc
2300 4973 2351 5017 et
2391 4963 2586 5017 timore
2633 4978 2721 5016 res
2765 4963 3008 5031 ipsorum
3066 4970 3232 5024 stare,
3285 4968 3509 5029 propter

1942 5055 2249 5125 spiritualia
2278 5054 2555 5123 nequitiae.
2611 5054 2777 5107 Istam
2818 5053 2964 5107 enim
3006 5066 3315 5105 mensuram
3363 5050 3509 5104 haud

1942 5146 2122 5200 adhuc
2151 5145 2289 5199 infra
2327 5143 2621 5198 discrimen
2656 5143 2839 5212 lapsus
2866 5158 2932 5195 ex
2975 5140 3387 5210 perturbatione
3414 5151 3509 5193 ve-

1942 5237 2183 5291 hementi
2211 5278 2225 5301 ,
2270 5236 2623 5290 constitutam
2703 5247 2823 5287 esse
2869 5230 3106 5286 ostendit
3152 5245 3297 5284 :nec
3347 5230 3507 5283 talem

1942 5344 2084 5393 esse,
2148 5328 2236 5382 cui
2317 5329 2517 5398 lingua:
2583 5326 2921 5396 angelorum,
2974 5322 3284 5392 prophetia,
3334 5322 3509 5375 omnis

1946 5422 2192 5484 scientia,
2237 5431 2293 5475 et
2342 5422 2685 5475 curationum
2718 5417 2986 5471 charisma
3012 5422 3344 5484 comparata,
3372 5413 3507 5466 nihil

1946 5524 2075 5567 smt.

1952 5713 1992 5742 ³⁵
2045 5712 2367 5769 Psal.x.\‘vn,
2398 5710 2450 5762 5.
2512 5712 2551 5741 ³⁵
2590 5708 2930 5775 Luc.v1,2li.
3012 5706 3051 5737 ³⁷
3076 5702 3263 5758 Matth.
3306 5718 3374 5764 ιἰ,
3426 5699 3503 5756 16.

1932 5784 1968 5813 "’
2005 5782 2022 5835 ι
2059 5783 2181 5836 (lor.
2220 5798 2330 5844 xm,
2367 5780 2529 5845 7,13).
