4254 6358
819 392 925 459 δι’]
2054 402 2112 459 S.
2156 398 2475 457 MACARII

2417 398 2475 457 II
2519 399 2837 459 ᾸΞϐΥΡΤΙΙ
3981 392 4093 455 848

886 508 999 564 VII.
1039 510 1142 564 Per
1180 512 1284 565 hoc
1336 512 1694 581 perIectionis
1727 510 2028 565 declaravit
2051 524 2299 578 scopum,
2331 518 2391 561 ut
2422 512 2466 568 Α

2422 512 2466 568 Δ
2567 509 2640 563 Ζ’.
2676 509 2775 562 Διά
2797 507 2955 561 τοῦτο
2982 510 3079 577 τῆς
3105 510 3439 579 τελειότητος
3468 508 3713 579 ὑπέφηνε
3740 508 3831 560 τὸν
3858 507 4088 559 σκοπόν·

818 600 1199 669 unusquisque
1242 618 1478 671 egenum
1500 619 1558 657 se
1586 610 1860 655 tantarum
1893 600 2207 654 divitiarum
2240 614 2397 651 reco-

2508 599 2587 651 iv‘
2639 600 2869 663 ἕκαστος
2928 604 3165 669 πτωχεῖν
3218 602 3409 654 ἑαυτὸν
3461 602 3571 654 ἀπὸ
3621 599 3717 652 τοῦ
3760 598 4090 667 τηλικούτου

818 701 1087 757 gnoscens
1111 689 1343 743 ferventi
1371 701 1425 745 et
1443 699 1859 759 perseveranter
1886 687 2255 742 contendente
2286 687 2401 754 spi-

2503 690 2735 745 πλούτου
2767 692 3161 758 διαγινώσκων,
3195 692 3384 761 θερμῷ
3414 692 3492 761 τῷ
3522 691 3793 759 πνεύματι
3830 691 3926 743 καὶ
3958 706 4088 740 συν-

821 777 933 831 ritu
1001 794 1170 847 usque
1244 780 1311 833 ad
1375 780 1624 834 ultimum
1677 780 1941 845 festinet,
1995 788 2051 833 et
2122 778 2401 847 spirituale
2500 804 2501 809 π

2500 783 2639 851 τόνῳ
2667 782 2800 852 πρὸς
2825 783 2885 834 τὸ
2911 784 3137 851 ἔσχατον
3162 784 3575 851 κατεπείγηται,
3594 783 3687 833 τὸν
3713 781 4091 848 πνευματικὸν

818 865 901 918 sic
976 878 1263 936 percurrat
1315 870 1550 923 stadium
1586 908 1602 934 ,
1693 869 1868 923 donec
1925 868 2398 937 comprehendat,

2501 874 2643 926 οὕτω
2673 876 2840 945 τρέχῃ
2872 875 3070 946 δρόμον
3093 914 3108 939 ,
3147 874 3311 945 ἄχρις
3341 876 3407 926 ἂν
3436 873 3715 942 ωταλάὸῃ
3739 912 3752 935 ,
3790 872 3974 934 καθὼς
4005 872 4086 923 εί-

826 952 971 1007 sieut
1011 956 1220 1011 dictum
1277 966 1362 1012 est
1399 972 1417 1003 ι
1474 956 1562 1013 Sic
1620 957 1833 1020 currite,
1891 965 1946 1007 ut
1996 956 2401 1023 comprehenda-
2501 999 2506 1030 Α

2044 956 2401 1023 νηιρνείιεηάα-
2501 981 2686 1035 ρηται·
2728 966 2891 1019 Οὕτω
2920 965 3177 1035 τρέχετε,
3210 968 3311 1019 ira
3333 964 3724 1032 καταλάϐητε.

819 1046 888 1102 tis
918 1046 986 1101 δ’.

890 1138 1029 1193 VIII.
1080 1139 1367 1211 Abnegare
1397 1157 1455 1197 se
1483 1142 1664 1212 ipsum
1707 1142 1813 1197 hoc
1841 1150 1974 1211 puta
2007 1155 2129 1196 esse
2161 1155 2179 1194 :
2216 1153 2401 1208 prom-

2574 1138 2657 1191 ιιι.
2715 1135 2790 1189 Τὸ
2833 1136 3257 1208 ἀπαρνήσασθαι
3288 1136 3481 1190 ἐαυτὸν
3514 1134 3675 1189 τοῦτο
3703 1134 3890 1205 νόμιζε
3920 1129 4084 1189 εἶναι·

818 1240 977 1301 ptum
1019 1248 1078 1287 se
1106 1233 1175 1287 ad
1231 1236 1415 1289 omnia
1444 1236 1778 1291 fraternitati
1797 1236 2066 1306 praebere,
2098 1232 2229 1289 etin
2250 1233 2402 1286 nullo

2501 1228 2563 1282 τὸ
2594 1228 2806 1281 ἐκδοτον
2843 1230 2923 1291 είς
2955 1228 3102 1282 ᾶπαν
3153 1232 3220 1299 τῇ
3252 1228 3579 1299 ἀδελφότητι
3611 1229 3953 1296 παρασχεῖν,
3991 1229 4088 1280 καὶ

817 1339 1048 1395 prorsus
1082 1326 1352 1381 voluntati
1400 1329 1643 1397 propriae
1666 1328 1929 1397 obsequi;
1956 1343 2060 1381 nec
2104 1327 2271 1380 ullius
2305 1340 2362 1379 se
2383 1364 2398 1389 ,

2503 1321 2768 1391 θελήματι
2820 1320 2937 1389 ίδίῳ
2981 1322 3293 1374 παντάπασι
3346 1322 3422 1390 μὴ
3465 1323 3730 1390 στοιχεῖν·
3769 1321 3908 1390 μήτε
3938 1321 4088 1380 τινὸς

816 1425 1018 1486 praeter
1050 1418 1220 1470 solam
1277 1427 1505 1484 vestem,
1540 1420 1824 1473 dominum
1878 1427 2091 1487 putare,
2149 1426 2211 1470 ut
2238 1415 2400 1469 undi-

2502 1406 2691 1476 κύριον
2718 1401 2856 1459 εἶναι
2878 1446 2893 1470 ,
2927 1407 3010 1459 ὅτι
3042 1408 3119 1477 μὴ
3146 1408 3240 1461 τοῦ
3263 1408 3561 1478 ἐνδύματος
3591 1410 3751 1478 μόνον
3775 1424 3788 1438 ·
3830 1410 3917 1461 ἴνα
3947 1409 4088 1461 πάν-

818 1523 928 1575 que
967 1508 1256 1577 expeditus
1282 1508 1337 1562 in
1384 1509 1672 1577 procinctu
1700 1518 1806 1564 stet
1838 1510 1906 1562 ad
1928 1507 2401 1578 quidvisimpera-

2501 1496 2657 1551 τοθεν
2705 1499 2891 1561 ἀνετος
2935 1497 3045 1561 ῶν,
3096 1498 3205 1551 τῶν
3250 1500 3689 1568 ἐπιταττομένων
3722 1500 3871 1567 αὐτῷ
3923 1501 4089 1568 μόνον

820 1610 936 1653 ιιιιιι
967 1614 1092 1653 eum
1148 1600 1348 1668 gaudio
1372 1602 1783 1669 exsequendum
1808 1644 1823 1666 ,
1878 1610 1939 1654 ut
1981 1597 2314 1667 mancipium
2340 1613 2400 1652 se

2505 1588 2642 1656 μετὰ
2670 1590 2842 1657 χαρᾶς
2871 1587 3084 1658 ἔχηται,
3114 1588 3189 1651 ὡς
3219 1590 3285 1642 ἀν
3313 1606 3398 1651 τις
3427 1589 3815 1659 ἀργυρώνητος
3839 1589 3919 1642 ῶν
3949 1592 4088 1659 πρὸς

820 1688 992 1741 liabet
1025 1688 1290 1743 adversus
1314 1706 1507 1745 omnes
1536 1708 1551 1754 ;
1579 1691 1816 1745 maxime
1876 1697 2059 1744 autem
2090 1689 2401 1758 praepositis

2502 1679 2750 1740 πάντας,
2807 1680 2900 1731 καὶ
2954 1681 3185 1749 μάλιστα
3233 1680 3360 1742 τοὺς
3403 1680 3824 1749 ἐξηγουμένους,
3862 1681 4088 1751 Χριστῴ

815 1773 1178 1842 obsequatur,
1206 1774 1428 1829 Christo
1455 1776 1851 1844 obtemperans
1873 1776 2080 1829 dicenti
2122 1792 2135 1828 :
2167 1774 2270 1839 Qui
2288 1774 2399 1827 vult

2503 1769 2827 1844 πειθόμενος
2872 1771 2952 1839 τῷ
2995 1770 3201 1823 εἰπόντι
3222 1786 3236 1798 ·
3283 1770 3338 1822 '0
3368 1770 3562 1825 θέλων
3590 1773 3661 1825 ἐν
3685 1773 3827 1839 ὑμῖν
3854 1771 4088 1839 πρῶτος

814 1866 956 1920 inter
987 1882 1075 1919 vos
1118 1869 1319 1936 primus
1351 1883 1461 1921 esse
1498 1876 1547 1919 et
1574 1884 1796 1937 magnus
1824 1907 1839 1931 ,
1878 1868 1946 1919 sit
1973 1868 2206 1920 omnium
2236 1866 2391 1919 mini—
2422 1864 2494 1922 Βι

2422 1864 2467 1922 Β
2491 1841 2643 1913 εἴθ-αι
2672 1862 2769 1914 καὶ
2787 1860 2995 1929 μέγας,
3017 1862 3172 1914 ἔστω
3196 1859 3438 1914 πάντων
3462 1862 3758 1929 διάκονος,
3783 1863 3883 1916 καὶ
3902 1864 4080 1931 ἔσχα-

815 1969 943 2021 ster,
972 1966 1020 2010 et
1045 1956 1284 2022 ultimus,
1316 1968 1364 2011 et
1386 1975 1565 2014 servus
1597 1959 1643 1991 “
1675 1975 1689 2023 ;
1724 1974 1830 2013 non
1857 1958 2108 2027 gloriam,
2133 1958 2400 2011 honorem

2502 1969 2637 2018 τος,
2670 1953 2771 2006 καὶ
2796 1952 3047 2019 δοῦλος,
3082 1953 3157 2021 μὴ
3184 1952 3341 2015 δόξαν
3384 1956 3479 2007 καὶ
3499 1954 3665 2023 τιμὴν
3688 1994 3705 2019 ,
3749 1956 3826 2025 μὴ
3862 1954 4085 2007 ἔπαινον

815 2060 913 2104 aut
964 2048 1182 2103 laudem
1214 2064 1453 2114 venans;
1487 2064 1599 2103 non
1642 2048 1710 2101 ad
1759 2048 1981 2101 oculum
2010 2045 2274 2111 serviens,
2305 2053 2401 2099 aut

2501 2044 2893 2114 ποριζόμενος·
2938 2044 3014 2114 μὴ
3050 2046 3107 2095 ἐν
3140 2043 3601 2115 ὀφθαλμοδουλείᾳ
3642 2047 3717 2107 ὡς
3748 2046 4082 2116 ἀνθρωπάρ-

812 2140 1038 2208 placere
1072 2138 1395 2193 hominibus
1424 2137 1692 2202 studens;
1718 2138 1814 2191 sed
1870 2136 2178 2192 debitorem
2218 2149 2278 2189 se
2303 2150 2401 2203 per

2501 2152 2661 2198 εσκος
2686 2152 2698 2165 ·
2745 2135 2861 2190 ἀλλ’
2891 2135 3175 2204 ὀφειλέτην
3207 2135 3401 2187 ἐαυτὸν
3431 2135 3520 2188 διά
3548 2137 3747 2199 παντὸς
3776 2138 4084 2208 ἡγούμενος

814 2230 999 2287 omnia
1068 2239 1329 2300 reputans
1397 2229 1690 2286 ministerii
1720 2229 1775 2282 in
1802 2228 2070 2283 charitate
2109 2236 2165 2282 et
2185 2226 2398 2296 simpli-

2498 2226 2597 2296 τῆς
2632 2228 2692 2279 ἐν
2726 2227 2919 2301 ἀγάπῃ
2947 2243 3007 2280 τε
3042 2225 3137 2278 καὶ
3172 2226 3436 2293 ἁπλότητι
3486 2229 3625 2299 πρὸς
3654 2229 3783 2291 τοὺς
3815 2229 4083 2297 ἀδελφοὺς

814 2321 981 2376 citate
1008 2321 1273 2375 fratribus
1300 2319 1627 2375 exhibendi.

1113 2322 1273 2375 ribus
1300 2319 1627 2375 exhibendi.
2495 2316 2793 2382 διακονίας.

876 2413 969 2468 IX.
1001 2412 1329 2482 Praepositos
1354 2409 1737 2472 fraternitatis,
1770 2407 1922 2478 Operi
1959 2422 2154 2478 magno
2207 2406 2397 2463 admo-

2568 2409 2647 2462 Θ’.
2686 2409 2826 2473 Τοὺς
2855 2409 3256 2481 ἐξηγουμένους
3282 2412 3380 2481 τῆς
3403 2411 3781 2480 ἀδελφότητος,
3803 2411 3883 2472 ὡς
3912 2412 4080 2478 μεγά-

814 2514 925 2567 tos,
948 2504 1212 2559 adversus
1233 2512 1423 2558 contra
1458 2501 1737 2557 molientis
1764 2500 1986 2556 malitiae
2023 2500 2257 2557 artiﬁcia
2300 2501 2398 2556 de-

2494 2502 2573 2574 λῳ
2603 2501 2750 2573 ἐργῳ
2778 2503 3241 2574 ἐπιϐαλλομένους
3279 2505 3415 2575 πρὸς
3442 2506 3542 2566 τὰς
3576 2505 3677 2573 τῆς
3700 2505 3905 2565 κακίας
3932 2506 4079 2555 ἀντι-

811 2609 1025 2656 certare
1054 2614 1152 2669 per
1173 2598 1538 2654 humilitatem
1570 2606 1811 2666 oportet,
1839 2612 1907 2650 ne
1928 2596 2063 2651 vitio
2096 2596 2393 2665 superbiae,

2493 2595 2716 2662 τέχνους
2750 2593 3029 2664 μεθοδείας
3058 2596 3423 2661 ἀγωνίζεσθαι
3459 2594 3547 2647 διὰ
3574 2595 4080 2663 ταπεινοφροσύνης

813 2696 876 2740 ιιι
924 2688 978 2740 in
1009 2687 1207 2741 fratres
1230 2686 1366 2756 ipsis
1403 2685 1656 2740 subditos
1708 2685 2076 2749 dominantes,
2108 2687 2229 2739 vice
2257 2686 2395 2740 lucri

2494 2682 2603 2751 δεῖ,
2640 2687 2728 2739 ἵνα
2760 2686 2832 2757 μὴ
2866 2688 3025 2740 πάθει
3050 2688 3423 2758 ὑπερηφανίας
3452 2688 3528 2749 ὡς
3554 2686 3663 2740 τῶν
3692 2686 4076 2753 ὑποτεταγμέ·

812 2778 1058 2841 maximi,
1087 2778 1352 2831 damnum
1386 2777 1547 2831 nobis
1591 2777 1724 2845 ipsis
1780 2792 2157 2846 procuremus.
2205 2776 2312 2831 Sed
2336 2786 2395 2831 ut

2496 2794 2601 2831 νων
2615 2778 2856 2845 ἀδελφῶν
2876 2777 3399 2843 κατεξουσιάζοντες,
3416 2780 3532 2831 ἀντὶ
3553 2778 3811 2847 μεγίστου
3829 2776 4078 2845 κέρδους,

813 2867 1205 2922 misericordes
1230 2867 1440 2929 Patres,
1475 2866 1681 2934 quique
1726 2867 1910 2935 potius
1954 2875 2183 2936 propter
2220 2866 2393 2921 Deum

2495 2868 2695 2936 ζημίαν
2728 2870 2938 2931 ἑαυτοῖς
2968 2870 3414 2941 προξενήσωμεν·
3458 2869 3573 2923 ἀλλ’
3605 2868 3682 2931 ὡς
3709 2869 4078 2937 εὔσπλαγχνοι

812 2974 874 3018 ne
904 2958 1233 3013 fraternitati
1263 2958 1330 3012 ad
1349 2957 1721 3021 serviendum,
1746 2958 2106 3026 corporaliter
2134 2966 2189 3011 et
2226 2958 2393 3026 spiri-

2493 2965 2753 3029 πατέρες,
2786 2961 2885 3014 καὶ
2914 2961 3186 3013 δουλεύειν
3217 2961 3416 3031 μᾶλλον
3445 2961 3533 3014 διά
3554 2962 3645 3013 τὸν
3666 2961 3800 3013 Θεδν
3828 2961 4078 3023 ἐκδόντες

815 3051 1040 3105 tualiter
1068 3048 1415 3111 dediderint,
1446 3062 1637 3101 eorum
1664 3055 1724 3100 ut
1749 3048 1845 3101 Dei
1887 3048 2122 3101 filiorum
2158 3048 2389 3117 diligen-
2492 3073 2495 3085 ι

2492 3056 2557 3123 τῇ
2594 3052 2912 3121 ἀδελφότητι
2974 3055 3197 3115 ἑαυτοὺς
3231 3054 3555 3121 σωματικῶς
3591 3070 3649 3106 τε
3695 3055 3791 3105 καὶ¹
3828 3072 4079 3121 πνευμα-

817 3152 927 3196 tem
965 3142 1019 3194 in
1038 3140 1295 3199 omnibus
1320 3155 1507 3194 curam
1538 3149 1767 3209 gerant;
1824 3141 2106 3210 arguendo
2132 3141 2225 3194 ubi
2259 3157 2389 3195 con-
2424 3194 2464 3213 η
2495 3165 2497 3175 ι

2424 3194 2464 3213 Α
2495 3141 2683 3205 τικῶς,
2716 3141 2856 3211 ὑπὲρ
2881 3143 3061 3195 αὐτῶν
3090 3144 3438 3213 φροντίζωσι,
3469 3145 3564 3197 καὶ
3588 3143 3663 3207 ὡς
3688 3143 3896 3197 τέκνων
3917 3142 4076 3204 Θεοῦ,

816 3233 1008 3295 venit,
1060 3230 1154 3284 ubi
1223 3239 1442 3299 oportet
1484 3232 1853 3295 consolando;
1893 3248 1961 3285 ne
2022 3232 2248 3284 obtentu
2288 3232 2394 3283 liu-
2423 3194 2465 3251 ο

2423 3194 2465 3251 ο
2496 3194 2789 3294 διαπαντὸς
2822 3194 3215 3302 ἐπιμέλωντάι,
3241 3194 4009 3305 ‘.—.‘.‘,‘g;.".-;‘.;.;'x.;,,.4...
4036 3194 4077 3299 qi

815 3324 1069 3378 militatis
1122 3330 1179 3377 et
1214 3324 1657 3378 mansuetudinis
1718 3324 1773 3377 in
1821 3322 2143 3377 confusione
2207 3338 2393 3377 mona-

2496 3322 2579 3376 δεῖ
2624 3324 3045 3395 παρακαλέσαι·
3100 3324 3187 3377 ἶνα
3250 3325 3324 3395 μὴ
3374 3324 3646 3393 προφάσει
3690 3325 4076 3394 ταπεινότητος

820 3415 990 3469 steria
1050 3415 1201 3479 sint;
1248 3429 1550 3483 congruum
1609 3416 1857 3468 ordinem
1902 3415 2311 3482 praesidentium
2342 3424 2397 3469 et
2498 3433 2500 3441 ι

2498 3415 2594 3467 καὶ
2630 3416 2939 3486 πραότητος
2975 3416 3033 3468 ἐν
3066 3415 3328 3484 συγχύσει
3362 3416 3431 3467 τά
3464 3415 3799 3484 μοναστήρια
3828 3410 3897 3483 ἦν
3925 3457 3940 3480 ,
3978 3418 4077 3483 τὴν

818 3508 1195 3577 subjeetorum
1220 3522 1329 3560 non
1360 3509 1671 3571 servantia;
1708 3507 1761 3559 in
1796 3516 2011 3559 secreto
2032 3516 2213 3561 autem
2240 3523 2395 3561 men-

2500 3508 2883 3577 προσήκουσαν
2909 3506 3062 3569 τάξιν
3092 3507 3197 3559 τῶν
3227 3505 3585 3574 προεστώτων
3614 3504 3706 3557 καὶ
3739 3503 4077 3573 ὑποὸεὸηκό-

816 3600 893 3654 tis
927 3614 1113 3653 servos
1151 3598 1405 3667 indignos
1447 3599 1693 3651 omnium
1760 3598 1988 3650 fratrum
2031 3614 2089 3651 se
2120 3599 2267 3667 ipsos
2306 3616 2395 3653 re-

2392 3631 2395 3638 »
2497 3614 2606 3649 των
2648 3598 2747 3650 οὐκ
2780 3596 3132 3660 άποσώζοντα
3155 3613 3169 3627 ·
3223 3598 3281 3646 ἐν
3314 3596 3374 3648 δέ
3404 3613 3468 3663 γε
3498 3594 3575 3664 τῷ
3602 3597 3802 3662 ἀφανεῖ
3827 3596 3927 3663 τῆς
3952 3595 4072 3645 δια-

818 3698 1120 3759 putantes;
1152 3698 1318 3757 atque
1355 3697 1416 3742 ut
1453 3688 1581 3742 boni
1625 3688 1926 3756 pazdagogi,
1973 3688 2177 3757 quibus
2236 3690 2397 3758 spiri-

2395 3722 2397 3730 ι
2498 3688 2645 3751 νοίας
2708 3689 2784 3751 ὡς
2830 3689 3049 3751 δούλους
3096 3688 3348 3752 ἀναξίους
3408 3688 3623 3739 πάντων
3673 3686 3781 3737 τῶν
3828 3686 4075 3753 ἀδελφῶν

820 3781 999 3834 tuales
1036 3779 1129 3833 filii
1160 3778 1463 3836 conerediti
1500 3788 1649 3842 sunt,
1688 3795 1810 3832 cum
1846 3779 1993 3836 omni
2016 3780 2396 3836 benevolentia
2499 3819 2500 3827 η

2499 3784 2722 3846 ἑαυτοὺς
2756 3783 3088 3852 ἡγούμενοι,
3126 3783 3201 3843 ὡς
3237 3780 3577 3848 παιδαγωγοὶ¹
3610 3779 3961 3849 πνευματικά
3992 3779 4076 3829 τέ-

818 3879 875 3926 et
905 3870 999 3923 Dei
1033 3870 1228 3924 timore
1247 3886 1691 3938 unumquemque
1725 3870 1954 3923 fratrum
1984 3887 2305 3939 promovere
2327 3873 2396 3928 ad

2393 3895 2396 3925 ι
2498 3891 2601 3927 κνα
2636 3876 3060 3943 πεπιστευμένοι
3085 3915 3099 3938 ,
3158 3873 3296 3942 μετά
3332 3875 3511 3941 πάσης
3540 3872 3752 3934 εὐνοίας
3786 3874 3879 3923 καὶ
3907 3872 4073 3939 φόϐου

819 3976 982 4015 omne
1017 3960 1222 4015 bonum
1254 3960 1574 4025 studentes;
1618 3975 1724 4013 non
1750 3960 1960 4029 ignari,
1994 3964 2395 4031 magnamipsis
2497 3982 2499 4003 ι

2394 4002 2395 4009 η
2497 3963 2632 4017 θεοῦ
2688 3965 2918 4017 ἕκαστον
2978 3964 3087 4015 τῶν
3133 3963 3377 4032 ἀδελφῶν
3431 3962 3784 4032 καταρτίζειν
3839 3964 3919 4021 εἰς
3969 3964 4074 4014 πᾶν

818 4061 875 4106 et
905 4051 1347 4116 inamissibilem,
1382 4051 1697 4119 laborisque
1740 4052 2016 4119 quantivis
2038 4053 2393 4109 excedentem
2497 4095 2498 4100 η

2497 4057 2702 4123 ἀγαθὸν
2748 4056 3175 4119 σπουδάζοντες·
3236 4055 3309 4125 μὴ
3358 4054 3679 4121 ἀγνοοῦντες
3709 4094 3724 4119 ,
3766 4055 3850 4107 ὅτι
3900 4053 4073 4119 μέγας

819 4140 1101 4205 meritum,
1130 4140 1427 4211 repositam
1448 4154 1569 4195 esse
1596 4140 1927 4195 mercedem.
2498 4182 2499 4187 η

2498 4148 2680 4209 αὐτοῖς
2729 4146 2825 4199 καὶ
2877 4145 3237 4217 ἀναφαίρετος
3268 4148 3295 4199 ό
3324 4146 3462 4213 ὑπὲρ
3482 4144 3577 4197 τοῦ
3605 4145 3852 4214 καμάτου
3883 4144 4072 4213 μισθὸς

2498 4236 2835 4305 ταμιεύεται.

894 4323 1051 4391 172
1090 4322 1159 4377 Χ.
1191 4322 1261 4377 Ut
1293 4322 1387 4393 qui
1414 4338 1600 4377 curam
1626 4323 2311 4395 suscipiuntrcgendorum
2340 4338 2397 4383 et
2570 4328 2574 4378 Ῑ

2392 4368 2397 4380 .
2570 4327 2843 4393 Ι’.⁶Ὢσπερ
2863 4324 2913 4377 oi
2937 4326 3299 4391 παιδαγωγεῖν
3320 4325 3445 4386 τοὺς
3467 4326 3621 4387 νέους
3642 4324 4072 4392 παραλαϐόντες.

822 4412 1295 4465 instituendorum
1344 4412 1777 4479 adolescentum,
1831 4430 1969 4483 quos
2003 4416 2269 4487 contingit
2296 4419 2396 4473 ali-
2498 4417 2502 4465 ί

2394 4450 2396 4457 ν
2498 4415 2647 4467 ἐστιν
2699 4416 2787 4468 ὅτε
2838 4414 2932 4467 καὶ
2972 4414 3241 4477 δεσπότας
3271 4413 3431 4476 δντας
3464 4414 3645 4477 ίδίους,
3681 4414 3794 4467 ἀλλ’
3822 4410 3918 4466 οὖν
3951 4433 4074 4467 παι-

817 4502 1040 4569 quando
1065 4508 1120 4555 et
1154 4501 1409 4570 proprios
1460 4502 1703 4570 ipsorum
1736 4518 1856 4557 esse
1889 4503 2177 4570 dominos;
2211 4514 2391 4561 tamen
2424 4521 2497 4578 οι

2424 4521 2470 4578 ι)
2495 4504 2645 4567 δείας
2679 4504 2839 4572 χάριν
2882 4503 2975 4556 καὶ
3009 4502 3305 4571 εὐκοσμίας
3334 4501 3481 4571 ἠθῶν
3515 4502 3617 4555 οῦκ
3644 4502 3892 4555 ὀκνοῦσιν
3926 4504 4074 4571 ὅμως

817 4602 882 4646 ιιι
930 4592 1221 4661 disciplina
1262 4607 1358 4646 eos
1387 4592 1595 4647 salubri
1628 4593 1987 4657 imbuant,et
2022 4610 2205 4650 mores
2239 4597 2387 4666 ipso-
2494 4612 2497 4643 τ

2494 4595 2590 4647 καὶ
2634 4593 2849 4661 πληγὰς
2895 4594 3078 4655 αὐτοῖς
3126 4594 3401 4653 ἐντεῖναι,
3454 4592 3595 4645 κατά
3625 4592 3828 4659 πολλὴν
3854 4592 4071 4645 ἄδειαν·

816 4697 939 4735 tum
984 4682 1247 4736 honestos
1269 4680 1532 4745 forment,
1573 4698 1681 4736 non
1711 4695 2042 4739 cunctantur
2088 4702 2184 4741 eos
2216 4687 2387 4741 inter-
2493 4707 2496 4726 ι

2493 4677 2634 4737 οὕτω
2669 4685 2752 4737 δεῖ
2779 4682 2874 4735 καὶ
2901 4683 3027 4744 τοὺς
3055 4682 3405 4750 προεστῶτας
3428 4720 3443 4743 ,
3482 4682 3543 4733 οὐ
3575 4682 3737 4735 πάθει
3768 4681 3946 4751 θυμοῦ
3980 4684 4073 4734 καὶ

816 4775 947 4829 dum
978 4774 1149 4844 plagis
1178 4774 1346 4828 etiam
1396 4789 1592 4844 magna
1620 4776 1875 4830 libertate
1923 4778 2197 4847 impositis
2226 4780 2389 4833 easti-
2495 4796 2496 4804 ‘

2495 4776 2961 4846 ὑψηλοφροσύνης,
2988 4771 3097 4824 οὐδ’
3124 4772 3198 4835 ὼς
3225 4773 3447 4835 ἑαυτοὺς
3473 4773 3834 4837 ἐκδικοῦντες,
3866 4773 4072 4839 ἀμύνε-

814 4880 943 4934 gare
976 4880 989 4927 ;
1023 4864 1103 4918 sic
1134 4873 1355 4933 oportet
1387 4872 1442 4918 et
1469 4866 1811 4933 praepositos,
1845 4882 1953 4921 non
1976 4869 2068 4921 irae
2094 4868 2385 4937 perturba~

2494 4862 2619 4915 σθαι
2655 4863 2782 4923 τοὺς
2821 4860 3067 4923 παιδείας
3102 4859 3245 4922 τινὸς
3268 4861 3377 4912 τῶν
3400 4860 3643 4928 ἀδελφῶν
3666 4862 4071 4929 ἐπιδεομένους,

814 4954 984 5014 tione,
1030 4962 1125 5005 aut
1184 4953 1329 5007 fastu
1408 4955 1714 5023 superbiae;
1772 4971 1951 5024 neque
1990 4966 2051 5011 ut
2120 4973 2178 5013 se
2232 4958 2384 5025 ipsos
2492 4985 2494 5001 ι

2492 4954 2628 5009 ἀλλὰ
2660 4953 2983 5022 σπλάγχνοις
3010 4954 3301 5022 χρηστοῖς,
3342 4953 3437 5005 καὶ
3479 4953 3667 5021 σκοπῷ
3697 4955 4072 5022 πνευματικῆς

813 5044 1163 5103 ulciscentes,
1194 5043 1411 5101 allicere
1441 5060 1602 5114 poma
1632 5048 1826 5101 merita
1849 5063 1946 5102 eos
1992 5063 2060 5101 ex
2098 5049 2381 5112 fratribus,
2492 5076 2493 5087 ι

2240 5050 2381 5112 ibus,
2492 5044 2783 5113 ὠφελείας,
2821 5043 2918 5111 τὴν
2944 5042 3281 5113 ἐπιστροφὴν
3312 5041 3535 5093 ἐκείνων
3566 5040 3919 5111 ἐργάζεσθαιξ

812 5136 907 5205 qui
947 5130 1286 5191 correctione
1323 5137 1570 5207 indigent
1608 5139 1789 5207 aliqua
1815 5156 1830 5205 ;
1856 5154 2045 5193 verum
2092 5141 2147 5193 id
2177 5140 2383 5195 faciant
2414 5136 2670 5206 benignis
2698 5134 3010 5189 visceribus
3047 5142 3105 5188 et
3159 5148 3388 5202 scopum
3444 5134 3724 5189 intuentes
3755 5150 3927 5188 unum
3960 5136 4069 5205 spi-

812 5224 1028 5278 ritualis
1054 5225 1301 5292 ipsorum
1348 5228 1622 5292 utilitatis,
1672 5239 1732 5283 ut
1786 5239 2085 5298 operentur
2145 5232 2392 5300 ipsorum
2430 5226 2869 5283 conversionem.

889 5317 981 5371 XI.
1021 5319 1189 5373 Multo
1219 5320 1424 5383 studio,
1452 5325 1827 5387 contentione,
1870 5340 2025 5381 cura.
2061 5325 2390 5379 etcertami-

2386 5355 2390 5363 .
2573 5321 2673 5372 IA'.
2705 5320 2827 5370 Ὅτι
2862 5318 2950 5370 διὰ
2981 5316 3179 5385 πολλῆς
3210 5317 3441 5386 σπουδῆς
3470 5318 3565 5369 καὶ
3588 5317 3773 5378 πόνου,
3800 5318 4066 5386 μερίμνης

812 5425 881 5464 nc
908 5425 1196 5478 possumus
1212 5412 1536 5467 charitatem
1582 5416 1635 5468 in
1660 5416 1829 5469 Deum
1884 5417 2191 5485 acquirere,
2214 5418 2384 5487 gratia

2383 5463 2384 5469 η
2497 5428 2556 5464 τε
2606 5413 2699 5465 καὶ
2732 5412 2940 5477 ἀγῶνος
2978 5410 3074 5480 τὴν
3107 5409 3244 5478 πρὸς
3268 5410 3400 5461 Θεὸν
3429 5409 3648 5478 ἀγάπην
3675 5409 3890 5462 δυνατοὶ
3923 5411 4063 5475 γινό-

813 5505 868 5549 et
904 5498 1048 5552 dono
1074 5499 1303 5562 Christi,
1343 5502 1437 5570 qui
1498 5500 1765 5555 formatur
1816 5503 1868 5555 in
1918 5504 2096 5560 nobis.
2157 5505 2235 5557 Ex
2284 5505 2389 5558 hoc

2385 5524 2389 5555 ι
2502 5504 2643 5573 μεοα
2684 5504 2989 5571 κτήσασθαι
3024 5503 3205 5572 χάριτι
3250 5499 3345 5553 καὶ
3374 5498 3551 5569 δωρεᾷ
3579 5498 3814 5567 Χριστοῦ
3852 5501 3909 5550 ἐν
3939 5500 4065 5567 ἡμῖν

814 5605 1031 5658 quoque
1074 5593 1254 5661 primo
1292 5594 1371 5648 sic
1398 5595 1615 5664 expleto
1647 5596 1923 5657 mandato,
1982 5596 2045 5649 ad
2078 5596 2380 5651 secundum

2497 5600 2987 5667 διαμορφουμὲνου.
3039 5597 3131 5649 Ἐκ
3176 5595 3231 5647 δὲ
3274 5593 3475 5662 ταύτης
3530 5593 3617 5645 καὶ
3666 5592 3764 5659 τὴν
3810 5591 4064 5662 δευτέραν

888 5790 974 5845 ³³1
1011 5794 1133 5846 Cor.
1170 5812 1239 5859 Ix,
1276 5798 1325 5851 4.
1406 5798 1654 5851 ⁴³Μίιιι1ι.
1680 5816 1765 5863 .\x,
1801 5799 1886 5851 ΞΠ.
