4254 6358
264 383 376 449 849

1200 396 1429 459 LIBER
1470 400 1568 460 DE
1608 399 2128 461 PERFECTIONE
2167 401 2248 461 IN
2292 397 2625 459 SPIBITU.

3420 390 3527 454 850

264 496 416 564 φημὶ
444 498 685 570 ἐντολήν.
719 501 816 571 τὴν
848 504 984 575 πρὸς
1011 506 1102 559 τὸν
1129 484 1358 579 πλησίον
1383 509 1627 579 ἀγάπην,
1655 511 1856 582 ῥᾳδίως
1880 513 1932 573 Α

1843 528 1856 575 ;
1880 513 1932 573 Α
1956 510 2134 565 facilis
2177 508 2369 564 eadem
2400 523 2503 577 ope
2537 504 2699 560 nobis
2723 501 3007 573 continget
3035 502 3322 567 transitus,
3350 502 3416 555 ad
3438 501 3523 554 di-

266 589 620 658 κατορθῶσαι
660 592 887 659 γίνεται.
945 597 1027 649 Τὰ
1055 597 1163 669 γάρ
1202 600 1392 673 πρῶτα
1427 603 1518 654 καὶ
1549 602 1846 672 προταττέ-

266 676 385 729 σθω
418 680 524 730 τῶν
552 681 746 747 ἄλλων,
782 685 878 738 καὶ
909 686 1071 741 πλέον
1103 690 1284 742 αὐτῶν
1311 691 1714 744 σπουδευέσθω·
1751 693 1845 745 καὶ

265 773 414 827 οὕτω
458 775 526 828 τά
561 777 787 849 δεύτερα
818 784 927 844 τοῖς
956 783 1192 853 πρώτοις
1224 786 1462 854 ἑπόμενα
1486 786 1637 839 ἔσται
1660 802 1676 819 ·
1712 788 1759 839 εἰ
1787 786 1844 839 δέ

264 883 353 931 τις
401 870 504 938 τῆς
554 871 797 942 μεγάλης
836 873 1040 946 ταύτης
1084 878 1179 929 καὶ
1213 877 1437 949 πρώτης
1466 878 1709 948 ἐντολῆς,
1744 880 1845 948 τῆς

265 961 408 1031 πρὸς
436 962 568 1015 Θεὸν
596 964 819 1035 ἀγάπης
849 969 1016 1036 φημὶ,
1049 970 1499 1041 κατολιγωρήσας
1518 1012 1534 1037 ,
1585 972 1707 1039 ἥτις
1737 970 1845 1022 ἀπὸ

264 1053 369 1121 τῆς
415 1052 565 1107 ἐνδον
596 1056 754 1125 ήμῶν
800 1057 1093 1121 διαθέσεως
1134 1060 1491 1132 συνειδήσεώς
1519 1079 1576 1115 τε
1607 1062 1841 1132 ἀγαθῆς,

267 1140 366 1191 καὶ
395 1140 593 1208 ὺγειῶν
623 1143 734 1197 τῶν
764 1144 902 1214 πρὸς
926 1146 1059 1200 Θεὸν
1082 1149 1324 1215 ἐννοιῶν,
1362 1152 1574 1221 συνάμα
1600 1152 1694 1204 καὶ
1720 1150 1846 1221 βοη·

267 1234 423 1299 θείας
458 1242 947 1311 συνεφαπτομένης
974 1243 1284 1297 συνίσταται
1310 1260 1325 1276 ·
1370 1246 1469 1316 τῆς
1502 1245 1560 1299 δὲ
1585 1246 1844 1315 δευτέρας

264 1328 368 1394 τῆς
396 1327 596 1391 ἔξωθεν
628 1330 790 1398 μόνον
816 1332 1138 1402 ἐπιμέλειαν
1162 1336 1260 1404 τῆς
1284 1336 1559 1399 διακονίας
1583 1337 1843 1404 άφοσιοῦν

266 1418 541 1489 βούλεται,
558 1421 822 1475 ἀδύνατον
839 1426 986 1495 αύτῷ
1004 1426 1205 1498 ταύτην
1225 1428 1389 1496 ὑγιῶς
1402 1448 1460 1482 τε
1480 1430 1573 1483 καὶ
1586 1428 1843 1499 καθαρῶς

266 1510 570 1580 μετελθεῖν.
591 1512 657 1565 Ἡ
679 1513 787 1585 γὰρ
812 1516 910 1582 τῆς
932 1516 1128 1579 κακίας
1152 1518 1373 1587 μέθοδος
1396 1520 1615 1589 μνήμης
1637 1518 1843 1589 ἔρημον

262 1603 362 1654 καὶ
412 1603 634 1673 ἀγάπης
686 1605 782 1659 καὶ
830 1605 967 1659 Θεοῦ
1010 1606 1288 1677 ζητήσεως
1331 1610 1422 1661 τὸν
1462 1610 1584 1663 νοῦν
1622 1610 1840 1681 ἀνευρί-

262 1710 494 1758 σκουσα,
530 1696 562 1765 ἢ
595 1696 830 1768 δυσχερῆ
863 1698 957 1751 καὶ
988 1700 1223 1753 ἐπίπονα
1250 1700 1319 1752 τὰ
1347 1700 1465 1754 θεῖα
1491 1702 1841 1770 ἐπιτάγματα

262 1787 555 1853 φαίνεσθαι
586 1792 751 1855 ποιεῖ,
787 1791 1139 1860 γογγυσμοὺς
1167 1792 1262 1844 καὶ
1286 1792 1463 1856 λύπας
1488 1794 1582 1846 καὶ
1604 1794 1841 1864 μέμψεις

1953 600 2271 665 lectionem,
2332 599 2576 667 inquam,
2638 596 2895 666 proximi.
2926 595 3061 649 Nam
3085 596 3261 665 prima
3315 608 3525 663 praepo-

1950 700 2157 746 nantur
2186 691 2331 752 aliis,
2369 698 2424 744 et
2450 689 2575 759 plus
2612 689 2665 743 in
2703 688 2771 743 iis
2805 686 2973 741 studii
3014 694 3269 756 ponatur,
3295 701 3358 740 ac
3409 693 3523 738 tum

1951 782 2171 837 demum
2213 780 2408 835 ordine
2432 779 2781 834 convenienti
2820 777 3059 832 secunda
3096 776 3289 846 primis
3332 792 3526 831 conse-

1952 882 2189 943 quenter
2242 873 2632 943 adjnngentur.
2672 870 2729 925 Si
2772 872 2897 940 quis
2949 880 3130 924 autem
3189 884 3387 939 magno
3429 868 3523 921 illo

1949 976 2005 1021 et
2031 966 2208 1037 primo
2240 965 2518 1026 mandato,
2545 963 2875 1026 dilectionis,
2904 964 3149 1031 inquam,
3185 961 3302 1025 Dei,
3335 960 3521 1029 negle-

1950 1068 2039 1115 cto
2080 1059 2225 1129 (quae
2252 1057 2476 1111 dilectio
2513 1072 2581 1111 ex
2608 1054 2860 1111 interiori
2906 1065 3091 1109 nostra
3136 1054 3519 1124 dispositione,

1950 1147 2394 1217 conscientiaque
2416 1148 2580 1213 bona,
2599 1155 2656 1201 et
2678 1147 2827 1202 sanis
2854 1145 2923 1201 de
2949 1146 3062 1200 Deo
3077 1145 3520 1215 cogitationibus,

1950 1250 2316 1298 concurrente
2333 1241 2497 1295 simul
2542 1240 2745 1294 auxilio
2772 1239 2959 1310 gratia:
2980 1237 3370 1307 c00peratricis
3417 1237 3519 1290 eli-

1949 1334 2116 1406 citur)
2136 1335 2382 1390 secundo
2430 1335 2689 1389 mandato
2709 1333 3022 1388 dilectionis
3072 1332 3332 1401 proximi,
3365 1338 3521 1383 exte-

1950 1426 2085 1481 riori
2119 1436 2329 1480 tantum
2356 1436 2519 1479 tenus
2552 1424 2854 1479 ministerii
2886 1423 3239 1479 accuratione
3296 1422 3516 1492 defungi

1947 1518 2186 1572 voluerit
2215 1534 2229 1583 ;
2256 1532 2598 1585 nequaquam
2627 1516 2760 1570 illud
2792 1516 2993 1585 poterit
3031 1531 3161 1569 sane
3179 1530 3242 1569 ae
3264 1530 3401 1584 pure
3427 1531 3521 1568 exe

1948 1610 2123 1679 sequi.
2179 1610 2313 1663 Nam
2336 1608 2475 1662 ratio
2508 1607 2880 1677 impugnantis
2912 1622 3014 1661 nos
3037 1608 3279 1671 malitiae,
3313 1622 3520 1661 memo-

1946 1699 2063 1764 riae,
2097 1698 2325 1761 amoris,
2347 1707 2404 1751 et
2433 1698 2531 1752 Dei
2602 1696 2980 1766 inquisitionis
3011 1712 3237 1750 vacuam
3282 1706 3519 1750 mentem

1946 1791 2249 1861 reperiens,
2290 1797 2388 1842 aut
2427 1788 2614 1853 eﬂieit,
2649 1796 2709 1842 ut
2753 1788 2980 1842 molesta
3015 1796 3071 1841 et
3131 1789 3403 1842 laboriosa
3436 1790 3522 1841 ni-

260 1878 406 1930 κατὰ
436 1879 537 1947 τῆς
564 1882 646 1942 εἰς
673 1880 801 1942 τοὺς
825 1881 1087 1948 ἀδελφοὺς
1126 1881 1402 1946 διακονίας
1431 1886 1496 1954 τῇ
1531 1884 1676 1954 ψυχῇ
1718 1886 1845 1937 άνα-
1876 1874 1918 1929 Β

1839 1917 1845 1927 -
1876 1874 1918 1929 Β
1945 1884 2052 1937 mis
2082 1882 2185 1952 ipsi
2217 1882 2311 1937 Dei
2343 1890 2611 1951 praecepta
2637 1880 2969 1945 videantur;
3001 1880 3146 1934 unde
3184 1882 3237 1933 in
3269 1896 3519 1933 murmu-

260 1967 524 2038 κινοῦσαι·
574 1970 606 2038 ἢ
642 1971 815 2040 οἰήσει
846 1970 1191 2043 δικαιοσύνης
1221 1973 1611 2043 ἐξαπατήσασα
1637 1976 1840 2043 φυσιοῖ,

260 2059 359 2112 καὶ
390 2060 582 2113 ἐαυτὸν
608 2061 863 2129 ἡγεῖσθαι
894 2062 1077 2132 τίμιόν
1106 2080 1163 2115 τε
1196 2065 1288 2117 καὶ
1322 2066 1517 2135 μέγαν,
1542 2066 1636 2120 καὶ
1657 2066 1842 2137 ἄκρως

259 2148 633 2217 κατορθοῦντα
664 2150 764 2215 τὰς
790 2152 1009 2214 ἐντολὰς
1035 2153 1343 2208 ἀναπείθει.

1948 1975 2212 2039 rationes,
2253 1974 2493 2037 dolores,
2542 1981 2597 2026 et
2627 1972 2880 2041 querelas
2926 1982 3116 2025 contra
3148 1972 3517 2027 ministerium

1945 2079 2072 2135 erga
2103 2064 2300 2117 fratres
2337 2063 2573 2116 animam
2601 2061 2833 2125 incitat;
2867 2070 2961 2115 aut
2994 2062 3256 2130 Opinione
3293 2062 3520 2131 jnstitim

1946 2155 2236 2224 deceptum
2266 2154 2345 2208 sic
2368 2153 2769 2207 ministrantem
2802 2150 2985 2217 inflat;
3016 2160 3071 2206 et
3103 2152 3152 2205 ei
3182 2153 3476 2221 persuadet
3503 2197 3517 2218 ,

258 2253 322 2299 ut
362 2260 420 2300 se
446 2244 722 2300 existimet
771 2247 1074 2316 pretiosum
1100 2248 1391 2318 quemdam
1416 2264 1481 2306 ac
1520 2265 1777 2323 magnum
1809 2267 1827 2318 ;
1863 2259 1919 2307 et
1986 2265 2198 2306 summa
2262 2249 2599 2320 perfectione
2628 2256 2827 2304 cuncta
2855 2247 2954 2303 Dei
3005 2248 3331 2304 eﬂicientem
3367 2266 3517 2303 man-

259 2341 293 2395 ἀ
320 2350 414 2394 .ί;ι.

332 2430 435 2485 lB'.
484 2432 721 2487 Ὀπόταν
748 2432 940 2487 ἐαυτὸν
963 2435 1122 2506 οἰηθῇ
1150 2434 1436 2506 ἄνθρωπος
1467 2436 1576 2490 τῶν
1605 2438 1836 2493 ἐντολῶν

255 2524 619 2594 ἐπιμελητὴν,
648 2525 805 2595 δῆλός
831 2527 978 2580 ἐστιν
1002 2528 1357 2598 ἁμαρτάνων,
1382 2530 1477 2582 καὶ
1499 2530 1597 2599 τῆς
1618 2529 1838 2600 ἐντολῆς

256 2616 656 2684 σφαλλόμενος·
691 2618 779 2671 ὅτε
809 2619 1011 2689 κρίνων
1037 2620 1253 2686 ἐαυτὸν,
1286 2622 1381 2675 καὶ
1409 2622 1485 2690 μὴ
1510 2622 1600 2674 τὸν
1621 2620 1838 2689 άληθῶς

255 2708 518 2777 κρίνοντα
548 2708 1001 2779 προσδεξάμενος·
1034 2712 1165 2764 ὅταν
1188 2711 1296 2781 γὰρ
1329 2711 1728 2781 συμμαρτιιρῇ
1756 2710 1837 2777 τῷ

254 2799 551 2866 πνεύματι
578 2798 745 2867 ἡμῶν
773 2800 838 2853 τὸ
870 2801 976 2854 τοῦ
1008 2802 1153 2855 Θεοῦ
1182 2802 1452 2871 Πνεῦμα,
1494 2803 1634 2857 κατὰ
1661 2804 1721 2857 τὸ
1747 2804 1836 2857 λό-

254 2904 378 2953 γιον
411 2888 646 2951 Παύλου,
680 2890 803 2943 τότε
832 2890 1141 2960 φιλαλήθως
1170 2893 1407 2962 Χριστοῦ
1434 2893 1591 2959 ἄξιοι,
1625 2894 1717 2946 καὶ
1742 2895 1833 2947 τέ-

255 2996 363 3031 κνα
416 2979 549 3032 Θεοῦ
598 2982 941 3051 τυγχάνομεν
983 2983 1171 3045 ὄντες,
1223 2984 1321 3052 οὐχ
1362 2984 1489 3036 ὅταν
1525 2984 1630 3053 ἰδίᾳ
1655 2985 1832 3056 οἰήσει

254 3071 487 3132 ἑαυτοὺς
521 3070 901 3141 δικαιώσωμεν
925 3088 939 3102 ·
991 3074 1072 3125 Οὐ
1108 3072 1216 3141 γὰρ
1250 3073 1469 3126 ἑαυτὸν
1497 3074 1828 3139 συνιστῶν,

254 3163 423 3230 φησὶ,
459 3162 699 3230 δόκιμος
725 3178 737 3191 ·
780 3163 918 3217 ἀλλ’
966 3164 1038 3217 ὃν
1086 3167 1119 3219 ὀ
1160 3166 1375 3234 Κύριος
1415 3167 1826 3235 συνίστησιν·

1996 2436 2111 2492 Xll.
2146 2436 2285 2493 Cum
2312 2437 2478 2493 homo
2505 2452 2565 2493 se
2591 2438 2771 2508 ipsum
2784 2435 3064 2492 existimat
3089 2446 3343 2491 accurate
3363 2454 3520 2492 man-

1941 2529 2067 2585 data
2110 2530 2370 2599 exsequi,
2427 2529 2533 2584 hoc
2583 2529 2703 2599 ipso
2758 2527 3050 2583 manifesto
3090 2529 3274 2597 prodit
3318 2529 3521 2583 indicio

1939 2636 2125 2676 errare
2150 2637 2230 2686 se,
2255 2636 2319 2676 ac
2340 2637 2372 2675 a
2404 2621 2661 2691 praecepti
2700 2621 3085 2676 observatione
3112 2620 3379 2675 deviasse.
3420 2620 3520 2675 Ut-

1941 2725 2069 2785 pote
2087 2716 2179 2783 qui
2210 2722 2557 2783 prmoecupet
2583 2711 2851 2783 judicium
2886 2712 3029 2767 dese
3059 2713 3179 2781 ipso
3196 2712 3339 2766 ferre
3370 2753 3383 2774 ,
3410 2727 3519 2764 non

1942 2817 2267 2877 exspectans
2300 2822 2428 2861 vere
2448 2805 2810 2876 iudicantem.
2838 2805 3071 2868 Quando
3100 2808 3247 2858 enim
3277 2805 3521 2858 testimo-

1940 2896 2093 2950 nium
2117 2897 2286 2949 reddit
2326 2896 2539 2964 spiritui
2562 2903 2738 2947 uostro
2758 2893 2855 2947 Dei
2877 2894 3107 2964 Spiritus
3128 2894 3194 2957 ⁸⁸,
3217 2894 3521 2948 secundum

1938 2989 2113 3053 Pauli,
2150 2996 2282 3041 tunc
2314 2987 2492 3041 solum
2518 2985 2737 3040 Christo
2777 2987 2962 3056 digni,
3002 2994 3057 3040 et
3086 2984 3179 3039 ﬁlii
3232 2985 3327 3039 Dei
3390 3000 3520 3039 vere

1936 3095 2158 3143 sumus;
2180 3094 2291 3134 non
2319 3087 2505 3133 autem
2537 3078 2759 3147 quando
2788 3078 3025 3147 propriae
3056 3078 3339 3146 opinionis
3366 3093 3521 3131 arro-

1934 3172 2115 3243 gantia
2136 3172 2315 3242 justos
2345 3185 2443 3223 nos
2472 3170 2574 3238 ipsi
2598 3169 3088 3224 declaraverimus.
3121 3169 3239 3222 Non
3266 3172 3403 3221 enim
3430 3168 3521 3239 qu'

253 3254 490 3324 ἐπείπερ
536 3256 665 3307 ὅταν
703 3256 924 3324 μνήμης
968 3257 1064 3308 καὶ
1108 3258 1273 3323 φόϐου
1316 3258 1451 3311 Θεοῦ
1504 3263 1709 3331 γυμνὸς
1754 3260 1830 3316 ὣν
1856 3255 1933 3317 Ci

1856 3255 1898 3312 C
1928 3282 1982 3318 se
2003 3266 2175 3334 ipsum
2201 3264 2551 3327 commendat,
2574 3262 2668 3326 ait,
2705 3261 2799 3313 ille
2830 3262 3077 3331 probatus
3109 3272 3184 3315 est
3209 3303 3220 3323 ,
3247 3263 3335 3314 sed
3365 3276 3518 3329 quem

252 3344 576 3414 εὑρίσκηται
628 3346 656 3396 6
698 3346 983 3414 ἄνθρωπος
1009 3387 1023 3407 ,
1072 3347 1240 3416 πολλὴ
1286 3349 1500 3419 ἀνάγκη
1545 3353 1637 3403 καὶ
1673 3352 1828 3423 δόξης

252 3438 388 3505 ἐρᾷν
421 3435 514 3487 καὶ
546 3435 801 3504 θηρεύειν
826 3436 1047 3489 ἔπαινον
1082 3439 1231 3507 παρὰ
1259 3440 1364 3492 τῶν
1397 3442 1487 3492 ὑπ’
1510 3442 1676 3495 αὐτοῦ
1710 3444 1827 3497 δια-

252 3528 618 3595 κονουμένων.
676 3526 734 3579 Ὀ
783 3527 840 3579 δέ
887 3544 950 3595 γε
991 3528 1231 3590 τοιοῦτος
1276 3531 1504 3594 ἄπιστος
1553 3534 1704 3603 παρὰ
1737 3533 1829 3587 τοῦ

253 3618 465 3689 Κυρίου
502 3618 858 3689 ἐλήλεγκται,
906 3620 1156 3690 καθάπερ
1190 3622 1289 3692 ῆδη
1324 3622 1659 3694 δεδήλωται·
1699 3624 1832 3690 Πῶς

251 3712 386 3780 γὰρ,
421 3712 573 3778 φησί,
611 3710 875 3763 δύνασθε
905 3710 1075 3778 ὑμεῖς
1103 3715 1426 3777 πιστεύειν,
1458 3714 1646 3777 δόξαν
1671 3716 1831 3783 παρὰ

251 3800 545 3865 ἀλλήλων
572 3799 999 3867 λαμϐάνοντες,
1034 3801 1132 3854 καὶ
1157 3801 1271 3868 τὴν
1301 3802 1489 3867 δόξαν
1510 3805 1615 3858 τοῦ
1637 3806 1830 3875 μόνου

255 3891 405 3944 Θεοῦ
439 3893 509 3944 οὐ
538 3889 880 3957 ζητοῦντες

326 4072 425 4123 lF'.
476 4071 671 4138 Ἀγῶνι
716 4071 897 4141 πολλῷ
942 4090 1036 4126 και
1076 4074 1310 4145 καμάτῳ
1343 4075 1459 4138 νοὸς
1492 4075 1579 4129 διὰ
1615 4078 1829 4148 σεμνῶν

250 4163 475 4215 ἐννοιῶν
523 4162 616 4215 καὶ
656 4166 756 4229 τῆς
789 4163 1046 4233 συνεχοῦς
1079 4164 1299 4219 πάντων
1328 4166 1436 4219 τῶν
1463 4168 1642 4221 καλῶν
1676 4171 1831 4241 μερί-

254 4269 399 4321 μνης
450 4254 483 4319 ἡ
527 4252 663 4322 πρὸς
703 4253 837 4304 Θεὸν
879 4256 1105 4324 ἀγάπη,
1143 4258 1398 4328 καθάπερ
1430 4259 1666 4329 εἰρηται,
1701 4280 1830 4314 κατ‹

250 4341 548 4411 ορθοῦσθαι
576 4342 821 4396 δύναται·
860 4344 955 4397 ἆτε
987 4344 1081 4397 τοῦ
1104 4348 1350 4400 ἐναντίου
1373 4348 1451 4418 τῷ
1476 4351 1731 4422 ἡμετέρῳ
1754 4351 1828 4421 νῷ

251 4435 659 4504 ἐμποδίζοντος,
685 4436 776 4486 καὶ
800 4436 858 4486 οὐ
890 4436 1297 4507 συγχωροῦντος
1321 4440 1470 4509 αύτῷ
1492 4442 1579 4495 διὰ
1600 4444 1699 4512 τῆς
1721 4445 1829 4498 τῶν

256 4525 439 4577 καλῶν
492 4526 714 4595 μνήμης
763 4525 842 4596 τῷ
888 4526 1015 4594 θείῳ
1057 4528 1218 4597 ἔρωτι
1266 4538 1646 4602 προσανέχειν,
1688 4536 1825 4590 ἀλλὰ

251 4617 373 4677 ταῖς
402 4616 619 4681 γηῖναις
647 4615 960 4683 ἐπιθυμίαις
990 4617 1088 4686 τὴν
1114 4619 1363 4688 αἴσθησιν
1394 4624 1820 4691 περιϐαίνοντος.

267 4707 356 4758 Ἐν
373 4706 546 4774 τούτῳ
567 4706 675 4774 γὰρ
694 4707 721 4757 6
738 4705 829 4758 τοῦ
852 4708 1087 4774 πονηροῦ
1107 4708 1353 4771 θάνατος,
1381 4713 1473 4764 καὶ
1499 4708 1608 4765 οἷον
1631 4718 1825 4780 εἰπεῖν,

251 4798 457 4865 ἀγχόνη
479 4837 493 4860 ,
530 4797 617 4848 ὅτε
653 4800 718 4865 τῇ
754 4798 842 4848 τοῦ
872 4798 1006 4850 Θεοῦ
1038 4800 1225 4872 ἀγάπῃ
1271 4803 1363 4853 καὶ
1401 4804 1588 4874 μνήμῃ
1633 4808 1827 4877 ἀπερι.

1933 3354 2069 3408 Deus
2095 3356 2420 3407 commendat
2444 3354 2506 3407 ".
2567 3353 3018 3422 Quandoquidem
3065 3370 3187 3408 cum
3247 3353 3521 3407 memorial

1932 3458 1989 3504 et
2037 3449 2253 3503 timoris
2280 3449 2374 3502 Dei
2415 3461 2611 3515 expers
2668 3446 2944 3515 reperitur
2984 3445 3172 3509 homo,
3211 3445 3326 3498 ﬁeri
3410 3461 3519 3499 non

1933 3546 2137 3609 potest,
2184 3538 2319 3607 quin
2346 3546 2403 3591 et
2432 3537 2661 3607 gloriam
2687 3544 2855 3600 amet,
2906 3544 2962 3589 et
3012 3545 3247 3589 venetnr
3297 3536 3513 3589 laudem

1935 3630 2005 3684 ab
2035 3631 2123 3693 iis,
2161 3645 2301 3698 quos
2333 3629 2641 3683 ministerio
2686 3642 2789 3682 suo
2828 3628 3004 3699 juvat.
3038 3627 3184 3681 Talis
3208 3642 3369 3696 porro
3414 3629 3519 3680 lide

1932 3734 2166 3774 carerea
2194 3720 2426 3773 Domino
2459 3719 2744 3772 convictus
2768 3726 2873 3781 est,
2907 3719 2985 3772 uti
3004 3734 3165 3787 supra
3208 3720 3316 3788 jam
3354 3720 3519 3787 signi-

1933 3810 2155 3865 ﬁcatum
2205 3820 2290 3865 est
2323 3827 2335 3862 :
2371 3808 2640 3873 Quomodo
2689 3811 2901 3879 potestis
2954 3810 3165 3863 credere
3230 3827 3315 3863 vos
3350 3852 3364 3875 ,
3424 3812 3516 3879 qui

1928 3904 2155 3974 gloriam
2213 3905 2276 3958 ab
2300 3904 2519 3957 invicem
2546 3905 2797 3972 accipitis,
2829 3912 2877 3956 et
2924 3902 3171 3972 gloriam,
3214 3919 3331 3970 qua:
3355 3922 3385 3955 ιι
3406 3903 3518 3955 solo

1931 3996 2037 4049 Deo
2066 3996 2161 4061 est,
2198 4012 2297 4048 non
2326 3996 2558 4065 queritis
2581 3996 2647 4048 ⁸⁸.

2000 4087 2471 4142 Xlll.Certamine
2502 4087 2676 4141 multo
2704 4094 2760 4141 et
2796 4087 2985 4141 labore
3006 4089 3228 4151 mentis,
3266 4104 3366 4157 per
3389 4103 3516 4141 san-

1934 4188 2051 4234 ctas
2068 4179 2432 4247 cogitationes
2458 4187 2514 4231 et
2546 4178 2865 4231 continuam
2898 4193 3001 4247 pro
3058 4179 3317 4232 omnibus
3362 4178 3520 4231 bonis

1931 4268 2099 4322 rebus
2131 4268 2554 4322 sollicitudinem
2587 4268 2827 4324 charitas
2845 4268 2901 4321 in
2921 4270 3111 4332 Deum,
3142 4270 3283 4323 sicut
3310 4270 3516 4323 dictum

1929 4369 2033 4420 est.
2062 4358 2130 4412 ab
2153 4359 2395 4423 homine,
2418 4366 2586 4427 prout
2615 4358 2698 4411 fas
2721 4367 2827 4423 est,
2849 4367 3029 4428 potest
3053 4362 3297 4413 exerceri
3331 4378 3344 4412 :
3369 4362 3515 4427 quod

1932 4449 2293 4504 adversarius
2328 4451 2851 4519 impediatmentem
2894 4459 3160 4513 nostram,
3199 4466 3300 4504 nec
3336 4451 3515 4504 eidem

1932 4540 2307 4609 permittat,ut
2335 4556 2433 4611 per
2468 4544 2787 4597 memoriam
2810 4541 3075 4595 bonarum
3106 4557 3287 4594 rerum
3340 4544 3515 4596 amori

1930 4628 2121 4683 divino
2146 4637 2329 4693 vacet;
2353 4629 2448 4683 sed
2476 4631 2734 4685 terrentis
2762 4630 3055 4684 desideriis
3078 4630 3261 4683 sensui
3296 4630 3521 4682 ahblan-

1925 4715 2095 4769 ditur.
2125 4715 2260 4768 Nam
2288 4731 2455 4777 mors,
2494 4726 2551 4771 et
2613 4726 2671 4771 ut
2729 4720 2811 4772 sic
2866 4718 3071 4783 dicam,
3158 4717 3515 4784 suspendinin

1925 4798 2128 4852 diaboli
2189 4806 2313 4862 est,
2360 4800 2580 4868 quando
2641 4800 2696 4855 in
2747 4801 2842 4854 Dei
2880 4801 3147 4855 charitate
3200 4812 3255 4855 et
3306 4816 3515 4853 memo-

254 4888 512 4948 σπάστως
558 4890 585 4940 6
619 4886 743 4949 νοῦς
784 4888 1132 4958 εὑρίσκηται.
1172 4892 1453 4945 Ἐντεῦθεν
1503 4898 1595 4947 καὶ
1629 4898 1660 4965 ή
1694 4898 1830 4968 πρὸς
1926 4904 1934 4940 ι

1926 4888 2006 4941 ria
2032 4887 2305 4943 indivulse
2330 4905 2675 4943 commorans
2707 4905 2862 4943 mens
2920 4898 3164 4943 humana
3219 4892 3512 4957 reperitur.

248 4980 345 5031 τὸν
373 4978 598 5045 ἀδελφὸν
629 4979 928 5049 εἰλικρινὴς
952 4982 1139 5051 ἀγάπη
1171 4987 1432 5055 συστῆναι
1456 4985 1699 5050 δύναται,
1733 4991 1829 5043 καὶ

1928 4974 2193 5044 llinejam
2228 4992 2417 5045 prono
2441 4975 2594 5044 quasi
2630 4975 2771 5029 ﬂexu
2800 4977 2985 5031 illimis
3008 4978 3061 5029 in
3094 4976 3321 5031 fratrem
3359 4978 3513 5030 facile

251 5071 285 5137 ἡ
318 5067 521 5137 ἀληθὴς
549 5068 814 5138 ἁπλότης,
846 5072 938 5122 καὶ
969 5074 1001 5140 ἡ
1032 5074 1272 5144 πραότης
1299 5076 1358 5127 τέ
1384 5094 1527 5145 φημι
1553 5078 1646 5130 καὶ
1670 5082 1823 5151 εὐχὴ,
1925 5080 1931 5117 1

1925 5065 2195 5119 redundat
2234 5068 2492 5129 charitas,
2513 5076 2569 5121 et
2594 5083 2719 5121 vera
2744 5068 3085 5137 simplicitas,
3117 5080 3174 5123 et
3196 5079 3517 5122 mansuetu-

248 5158 347 5211 καὶ
382 5158 491 5219 πᾶς
520 5159 547 5209 ό
573 5158 903 5227 περικαλλὴς
932 5159 1040 5211 τῶν
1066 5164 1278 5231 άρετῶν
1306 5164 1590 5232 στέφανος,
1617 5168 1703 5221 διὰ
1922 5169 1928 5196 ι

1922 5147 2015 5213 do,
2046 5158 2102 5202 et
2122 5151 2422 5213 humilitas,
2448 5151 2750 5205 sinceritas.
2771 5161 2828 5204 et
2851 5151 3088 5217 bonitas,
3111 5153 3303 5221 et'ipsa
3336 5154 3511 5205 oratio

250 5252 401 5318 μιᾶς,
436 5250 527 5300 καὶ
557 5250 744 5318 μόνης,
776 5252 870 5303 καὶ
897 5252 1120 5325 πρώτης
1149 5256 1392 5326 ἐντολῆς,
1418 5258 1515 5327 τῆς
1539 5259 1673 5329 πρὸς
1691 5260 1824 5313 Θεὸν
1928 5243 1930 5305 Ῐ

1928 5240 2085 5310 1⁸13
2121 5252 2560 5311 cunctarumque
2614 5242 2851 5298 formose
2902 5245 3257 5313 resplendens
3311 5260 3509 5297 corona

245 5341 472 5408 ἀγάπης
528 5340 628 5409 τὴν
679 5340 993 5412 τελειότητα
1047 5345 1285 5414 δέχεται.
1356 5349 1591 5417 Ἀγῶνος
1641 5354 1823 5407 τοίνυν
1920 5351 1925 5362 “

1920 5335 2220 5401 virtutum,
2286 5352 2384 5407 per
2439 5339 2572 5391 illud
2608 5355 2777 5392 unum
2827 5351 2882 5395 et
2933 5340 3109 5394 solum
3167 5349 3224 5393 et
3274 5340 3511 5409 primum

246 5430 445 5489 πολλοῦ
501 5432 595 5483 καὶ
638 5434 801 5484 πόνου
847 5435 1089 5503 κρυπτοῦ
1142 5440 1238 5490 καὶ
1283 5438 1481 5509 ἀδήλου
1513 5442 1692 5511 χρεία,
1727 5444 1813 5497 λο-
1923 5451 1926 5472 ‘

1923 5424 2239 5482 dilectionis
2312 5428 2409 5482 Dei
2468 5428 2786 5483 mandatum
2835 5429 3229 5499 perfectionem
3285 5429 3509 5497 accipit-

244 5520 462 5589 γισμῶν
512 5522 740 5591 ἐρεύνης
786 5540 845 5575 τε
896 5526 991 5577 καὶ
1029 5529 1129 5595 τῆς
1157 5529 1273 5586 ,τῶν
1308 5530 1686 5602 ἡσθενηκότων
1720 5536 1819 5605 τῆς
1921 5534 1924 5556 ¹

1921 5517 2233 5571 Certamine
2279 5518 2446 5588 igitur
2490 5520 2664 5573 multo
2722 5528 2779 5574 et
2842 5530 3045 5574 conatu
3097 5520 3351 5582 occulto,
3408 5534 3507 5572 nec

242 5616 424 5685 ψυχῆς
453 5616 606 5685 ήμῶν
635 5616 1003 5689 αἰσθητηρίων
1034 5624 1361 5690 γυμνασίας,
1389 5624 1523 5694 πρὸς
1550 5624 1821 5695 διάκρισιν

1818 5646 1821 5665 ι
1925 5612 2058 5667 foris
2107 5612 2437 5670 observabili
2495 5614 2864 5670 contentionis
2943 5616 3133 5669 labore
3201 5631 3342 5685 opus
3393 5622 3498 5677 est,

324 5796 363 5823 “
398 5796 555 5853 llum.
602 5812 717 5860 vm,
766 5798 842 5852 l6.

929 5801 965 5830 ⁵⁵
994 5800 1035 5854 ll
1070 5801 1194 5855 Coi.
1236 5819 1284 5865 λ,
1323 5803 1400 5855 18.
1476 5805 1691 5859 "“JnniL
1742 5822 1789 5871 ι’,
1829 5808 1913 5863 ii.
