4254 6358
815 385 908 449 851

2039 388 2101 446 S.
2141 387 2458 447 MACARII
2496 388 2815 449 IEGYPTII

3949 389 4054 451 852

816 495 871 546 in
927 490 1361 560 perscrutatione
1408 491 1826 560 cogitationum,
1884 494 1940 546 in
1984 494 2379 548 exercitatione
2412 505 2496 555 A:

2368 510 2379 548 ε
2412 505 2454 555 Λ
2486 496 2649 548 καλοῦ
2698 514 2755 548 τε
2806 498 2897 548 καὶ
2942 496 3133 560 κακοῦ,
3174 498 3267 551 καὶ
3295 496 3387 549 τοῦ
3418 497 3677 565 ρωννύειν
3713 500 3804 550 καὶ
3836 499 4048 560 ἀναζω-

817 582 1160 636 inﬁrmorum
1224 580 1418 635 anima:
1500 598 1760 638 sensuum
1842 585 1911 638 ad
1990 586 2381 640 discretionem

818 670 943 722 boni
985 678 1041 722 et
1078 670 1226 735 mali,
1262 670 1318 723 ir.
1364 671 1789 725 corroborandis
1826 681 1883 726 et
1932 674 2237 727 excitandis
2284 689 2381 742 per

817 761 1117 814 studiosam
1164 776 1356 815 versus
1399 762 1567 815 Deum
1609 764 2019 818 inclinationem
2082 764 2382 819 debilitatis

816 853 1011 905 auium:
1058 853 1339 907 membris.
1404 854 1478 906 Ita
1528 870 1679 907 meus
1712 866 1895 909 nostra
1949 857 2209 910 continue
2272 858 2382 910 Deo

818 943 992 1003 allixa,
1036 944 1307 997 coalescet
1354 944 1408 997 in
1444 960 1611 996 unum
1654 960 1778 997 cum
1832 946 2065 1000 Domino
2098 948 2379 1016 Spiritum,

816 1033 967 1101 juxta
1002 1034 1285 1086 oraculum
1320 1034 1495 1087 Pauli.

888 1123 1022 1177 XIV.
1066 1125 1212 1178 Ilanc
1242 1134 1425 1179 autem
1468 1125 1786 1179 interiorem
1833 1128 2262 1193 contentionem,
2304 1130 2385 1184 la-

821 1213 1011 1267 borem
1044 1256 1056 1277 ,
1118 1224 1173 1269 et
1224 1216 1679 1280 meditationem,
1735 1218 2073 1271 incessanter
2133 1221 2385 1276 conferre

820 1314 1039 1370 oportet
1060 1307 1277 1359 virtutis
1294 1316 1569 1361 amatores
1601 1308 1667 1360 ad
1700 1324 1915 1361 onmem
1950 1309 2383 1365 observationem

822 1394 1064 1448 mandati
1100 1397 1214 1449 sive
1245 1406 1487 1461 orantes,
1522 1398 1634 1451 sive
1664 1399 2062 1465 ministrantes,
2095 1401 2387 1455 comeden—

824 1495 904 1537 tes
929 1486 1061 1553 quin
1092 1488 1256 1540 etiam
1292 1496 1383 1539 aut
1428 1490 1679 1542 bibentes
1718 1507 1731 1542 :
1777 1500 1833 1542 ut
1874 1491 2239 1560 quodcunque
2286 1492 2385 1547 de-

824 1591 973 1628 mum
1002 1576 1202 1630 bonum
1230 1577 1297 1631 ab
1334 1580 1466 1647 ipsis
1498 1579 1610 1641 ﬁet,
1658 1580 1715 1634 in
1769 1582 1992 1645 gloriam
2023 1582 2140 1647 Dei,
2188 1593 2241 1637 et
2275 1600 2385 1638 non

825 1663 881 1716 in
915 1676 1157 1718 nostram
1211 1666 1304 1719 ﬁat
1350 1667 1609 1736 gloriam;
1648 1684 1819 1737 prona
1864 1681 2050 1726 autem
2104 1682 2161 1727 et
2206 1673 2387 1728 facilia

822 1754 984 1807 nobis
1014 1765 1233 1821 cuneta,
1269 1774 1390 1826 qua:
1424 1759 1491 1812 ad
1524 1763 1848 1828 quorumvis
1876 1763 1972 1815 Dei
2002 1764 2386 1819 mandatorum

822 1843 1039 1909 plenam
1091 1850 1495 1901 exsecutionem
1551 1851 1819 1916 attinent;
1868 1868 2055 1909 amore
2104 1856 2238 1921 Dei,
2283 1856 2386 1911 ista

822 1932 1134 1996 alleviante,
1170 1943 1225 1989 et
1255 1938 1400 2004 quod
1436 1938 1770 1993 laboriosum
1832 1952 1917 1996 est
1980 1944 2036 1998 in
2086 1945 2239 2014 ipsis,
2276 1947 2387 2001 dis.

821 2024 1091 2078 solvente.

894 2112 1006 2166 XV.
1048 2114 1237 2168 Omnis
1268 2118 1548 2172 contentio
1587 2128 1643 2173 et
1690 2121 1931 2175 studium
1968 2123 2290 2189 adversarii,
2331 2127 2387 2182 in

822 2200 948 2263 hoc,
1003 2210 1059 2253 ut
1087 2203 1295 2257 dictum
1337 2214 1441 2268 est,
1478 2207 1685 2276 vigilat,
1720 2218 1777 2261 ut
1826 2210 2107 2264 annitatur
2146 2225 2385 2267 mentem

823 2304 1065 2344 nostram
1090 2309 1119 2345 a
1142 2294 1233 2347 Dei
1260 2296 1545 2355 memoria.
1567 2297 1782 2359 timore,
1805 2315 2099 2369 amoreque
2120 2303 2383 2368 avellere;

827 2384 1067 2436 terrenis
1128 2384 1299 2453 ipsam
1354 2387 1770 2442 avocationibus
1822 2398 1877 2442 et
1934 2390 2387 2459 deliuimentis,a

820 2489 952 2527 vero
991 2475 1134 2529 bono
1188 2477 1256 2529 ad
1307 2480 1623 2547 apparentia
1658 2480 2002 2537 divertendo.

895 2652 1032 2705 XVI.
1072 2654 1312 2708 Invicem
1358 2657 1592 2710 virtutes
1632 2668 2036 2711 connectuntur
2088 2666 2142 2713 et
2199 2668 2390 2713 mutuo

822 2744 1110 2806 inhaerent,
1146 2754 1203 2797 ut
1231 2746 1282 2798 in
1317 2756 1507 2800 catena
1537 2749 1812 2800 commissi
1846 2750 2033 2802 annuli
2064 2766 2171 2802 uno
2200 2766 2265 2804 ex
2285 2752 2393 2805 alio

821 2836 1115 2902 pendente.
1159 2837 1216 2889 In
1247 2838 1393 2891 hunc
1424 2840 1570 2891 enim
1598 2840 1819 2891 modum
1862 2841 2038 2893 oratio
2094 2858 2160 2895 ex
2213 2843 2394 2896 θωπί.-

824 2934 967 2990 tate;
1010 2927 1249 2980 cliaritas
1280 2945 1310 2982 e
1337 2930 1562 2997 gaudio;
1602 2931 1858 2999 gaudium
1888 2948 1917 2984 e
1947 2935 2388 2998 mansuetudine;

822 3015 1188 3068 mansuetudo
1216 3032 1283 3069 ex
1314 3016 1649 3079 humilitate;
1679 3017 1962 3071 humilitas
1986 3033 2015 3071 e
2053 3020 2389 3085 ministerio;

825 3103 1193 3158 ministerium
1231 3120 1261 3158 e
1294 3120 1421 3173 spe;
1451 3120 1575 3173 spes
1606 3122 1672 3159 ex
1710 3105 1844 3172 (ide;
1887 3108 2021 3161 ﬁdes
2046 3124 2111 3161 ex
2138 3109 2395 3161 obedien-

2486 589 2676 656 πυρεῑν
2705 588 2792 639 διὰ
2821 589 2917 650 τῆς
2945 587 3037 640 τοῦ
3063 588 3151 639 νοῦ
3189 589 3323 655 πρὸς
3346 588 3476 640 Θεὸν
3500 588 3791 655 ἐπιμελοῦς
3817 592 4050 650 νεύσεως

2482 674 2550 726 τὰ
2597 676 2944 743 πεπονηκότα
2988 677 3081 743 τῆς
3113 676 3292 743 ψυχῆς
3326 677 3482 743 μέλη.
3522 675 3577 727 ’0
3606 677 3711 745 γάρ
3741 677 3860 737 νοῦς
3895 677 4048 743 ἡμῶι

2482 765 2624 817 οὕτω
2649 766 2935 827 διαπαντὸς
2966 766 3043 833 τῷ
3066 765 3184 833 Θεῴ
3211 765 3719 834 προσκολλῶμενος,
3764 770 4045 832 γενήσεταί

2487 860 2622 925 μετὰ,
2650 857 2743 909 τοῦ
2773 858 2974 927 Κυρίου
3006 860 3084 920 είς
3112 857 3171 909 ἓν
3198 855 3434 925 πνεῦμα,
3457 856 3597 909 κατὰ
3621 858 3679 908 τὸ
3701 858 3875 923 λόγιον
3904 858 4051 909 Ila;-

2484 946 2594 1000 λου.

2559 1126 2653 1180 IA'.
2690 1124 2891 1179 Τοῦτον
2920 1127 2977 1179 δέ
3008 1143 3138 1196 φησι
3168 1125 3258 1177 τὸν
3307 1126 3546 1195 κρυπτὸν
3586 1124 3787 1191 ἀγῶνα,
3823 1129 3914 1177 καὶ
3960 1127 4053 1177 τὸ,

2486 1217 2667 1281 πόνον,
2726 1217 2818 1268 καὶ
2878 1216 2973 1285 τὴν
3012 1215 3262 1285 μελέτην,
3324 1216 3682 1279 ἀδιαλείπτως
3735 1216 3877 1283 ἔχειν
3925 1219 4052 1268 τους

2488 1306 2808 1377 φιλαρέτους
2864 1307 2969 1375 χρὴ
3028 1306 3162 1375 πρὸς
3220 1308 3397 1357 πᾶσαν
3431 1307 3773 1374 ἐπιτήδευσιν
3810 1308 4053 1373 ἐντολῆς,

2486 1398 2605 1467 ἦτοι
2638 1396 3043 1466 εὐχομένους,ἢ
3076 1396 3474 1458 διακονοῦντας,
3511 1395 3841 1463 ἐσθίονταςῆ
3871 1398 4056 1447 πίνον-

2486 1506 2583 1550 τας
2611 1504 2624 1517 '
2660 1489 2726 1539 ἶν’
2760 1488 2895 1556 ὅπερ
2929 1487 2993 1540 ἂν
3031 1487 3254 1555 γένηται
3285 1486 3508 1554 ἀγαθὸν,
3562 1490 3641 1547 είς
3689 1486 3847 1549 δόξαν
3893 1487 4054 1543 Θεοζ,

2486 1579 2580 1631 καὶ
2652 1576 2727 1648 μὴ
2781 1580 2861 1638 είς
2912 1578 3187 1647 ἡμετέραν
3236 1578 3461 1644 γένηται
3514 1575 3709 1638 δόξαν·
3748 1578 3957 1645 εὐπετῆ
3997 1577 4055 1628 ει

2486 1671 2617 1738 ἡμῖν
2655 1670 2747 1721 καὶ
2787 1669 2945 1737 ῥᾴδια
2984 1667 3161 1720 πάντα
3193 1668 3259 1719 τὰ
3312 1668 3418 1719 τῶν
3462 1666 3688 1718 ἐντολῶν
3733 1666 3910 1729 ἔσται,
3952 1666 4056 1733 τῆς

2484 1758 2579 1811 τοῦ
2610 1758 2746 1810 Θεοῦ
2775 1760 2995 1826 ἀγάπης
3028 1758 3165 1811 αὐτὰ
3190 1757 3672 1827 διευμαριζούσης,
3702 1758 3796 1811 καὶ
3827 1757 3888 1810 τὸ
3925 1758 4052 1810 ἐπί.

2420 1842 2462 1898 Β
2491 1864 2652 1901 πονον
2677 1848 2855 1901 αὐτῶν
2894 1846 3189 1917 ἐκλυούσης
3220 1846 3389 1900 ἅπαν.

2558 2112 2659 2164 IE'.
2693 2111 2853 2174 Ὅλος
2890 2113 2919 2164 ὁ
2965 2110 3113 2178 ἀγὼν
3148 2111 3239 2164 καὶ
3271 2110 3471 2181 σπουδὴ
3506 2110 3622 2163 ’τοῦ
3663 2111 4047 2181 ἀντικειμένου

2488 2202 2644 2256 τοῦτό
2676 2205 2842 2265 ἐστιν,
2896 2202 2970 2265 ὡς
3008 2203 3318 2274 δεδήλωται,
3368 2203 3427 2254 τὸ
3471 2203 3761 2272 δυνηθῆναι
3802 2206 3895 2256 τὸν
3931 2206 4053 2257 νοῦν

2490 2295 2598 2347 ἀπδ
2631 2294 2727 2363 τῆς
2762 2293 2896 2363 πρὸς
2925 2294 3054 2345 Θεὸν
3084 2296 3324 2363 μνήμης,
3373 2294 3468 2347 καὶ
3508 2292 3600 2345 τοῦ
3635 2294 3797 2360 φόὸου
3828 2296 3925 2347 καὶ
3957 2298 4056 2361 τῆς

2489 2385 2709 2453 ἀγάπης
2740 2386 3094 2454 περισπᾶσαι,
3129 2386 3342 2451 γηῗναις
3370 2385 3532 2437 αὐτὸν
3568 2389 3928 2454 παραγωγαῖς
3964 2391 4057 2440 καὶ

2493 2477 2874 2546 δελεάσμασιν,
2904 2477 3009 2529 ἀπὸ
3028 2476 3120 2529 τοῦ
3149 2476 3315 2540 ὄντως
3346 2473 3552 2542 ἀγαθοῦ
3579 2475 3713 2544 πρὸς
3737 2476 3804 2528 τὰ
3833 2476 4056 2547 δοκήσει

2492 2567 2632 2621 καλὰ
2669 2567 3129 2637 παρατρέποντος.

2564 2660 2682 2724 1G".
2726 2658 2995 2725 Ἀλλήλων
3028 2658 3085 2707 αἱ
3118 2656 3305 2726 ἀρεταὶ
3350 2655 3607 2717 δέδενται,
3665 2656 3757 2708 καὶ
3811 2656 4060 2720 ἀλλήλων

2494 2748 2725 2815 ἔχονται,
2754 2748 3003 2815 καθάπερ
3028 2748 3143 2815 ἱερά
3168 2763 3250 2809 τις
3284 2747 3439 2816 σειρὰ
3466 2746 3563 2814 μία
3588 2748 3687 2814 τῆς
3721 2748 3849 2813 μιᾶς
3885 2750 4059 2816 ἠρτη-

2498 2838 2630 2907 μένη
2660 2852 2675 2866 ⁸
2718 2831 2832 2889 οἷον
2871 2838 2903 2906 η
2952 2838 3045 2905 μὲν
3090 2836 3244 2905 εὐχὴ,
3282 2836 3384 2903 τῆς
3442 2838 3679 2904 ἀγάπης,
3717 2838 3749 2903 ἡ
3784 2838 3976 2905 ἀγάπη
4005 2837 4059 2888 δὲ

2492 2931 2590 2993 τῆς
2621 2928 2814 2995 χαρᾶς,
2849 2929 2881 2995 ὴ
2918 2927 3078 2994 χαρὰ,
3104 2927 3199 2992 τῆς
3226 2928 3553 2993 πραότητος.
3587 2926 3618 2993 ἡ
3644 2926 3911 2993 πραότης,
3964 2928 4062 2994 τῆς

2493 3015 3013 3083 ταπεινοφροσύνης,
3072 3016 3102 3082 ἠ
3140 3013 3608 3082 ταπεινοφροσύνη
3643 3013 3698 3064 δέ
3729 3015 3829 3079 τῆς
3874 3015 4061 3066 διακυ-

2503 3105 2643 3169 νίας,
2680 3106 2712 3173 ἡ
2763 3105 3006 3155 διακονία
3050 3104 3125 3166 δὲ,
3170 3104 3268 3171 τῆς
3318 3103 3551 3166 ἐλπίδος,
3599 3104 3632 3172 ἠ
3679 3104 3735 3155 δὲ
3770 3104 3927 3166 ἐλπὶς
3962 3109 4060 3172 τῆς

827 3192 935 3256 tia;
975 3193 1287 3246 obedientia
1329 3210 1359 3246 e
1396 3195 1782 3263 simplicitate;
1824 3198 1986 3250 sicuti
2034 3213 2065 3250 e
2114 3200 2391 3252 contrario
2420 3181 2507 3245 C1

2379 3181 2465 3251 »Ο
2497 3195 2768 3254 πίστεως·
2818 3194 2977 3262 καὶὴ
3026 3192 3122 3259 μὲν
3166 3194 3369 3254 πίστις,
3426 3193 3526 3261 τῆς
3574 3193 3842 3261 ὑπακοῆς,
3910 3197 3941 3262 ἡ
4005 3196 4059 3245 δὲ

824 3283 1083 3336 vitiorum
1110 3299 1328 3352 quoque
1363 3300 1534 3337 unum
1564 3301 1631 3337 ex
1664 3286 1837 3338 altero
1871 3287 2167 3355 dependet.
2202 3289 2279 3341 Ex
2317 3290 2394 3343 ira

828 3373 1031 3440 quippe
1079 3374 1283 3440 pendet
1326 3374 1548 3437 odium;
1604 3391 1669 3427 ex
1704 3376 1807 3429 hoc
1849 3377 2140 3444 superbia;
2191 3395 2255 3432 ex
2294 3380 2397 3433 hac

827 3477 981 3514 vana:
1026 3462 1211 3530 gloria:
1256 3463 1564 3527 aﬂectatio;
1614 3463 1728 3517 lucc
1777 3464 2155 3519 inﬁdelitatem
2208 3468 2393 3531 trahit,

830 3568 951 3619 qua:
982 3552 1207 3605 duritiei
1253 3553 1435 3606 cordis
1463 3565 1637 3607 mater
1669 3564 1773 3618 est,
1809 3557 1991 3623 proles
2025 3567 2206 3609 autem
2239 3558 2396 3610 incu-

830 3642 945 3704 riae,
994 3658 1155 3709 quam
1187 3644 1359 3711 gignit
1393 3644 1625 3712 languor
1670 3646 1915 3712 spiritus,
1956 3662 2022 3698 ex
2070 3646 2267 3713 supino
2300 3663 2397 3701 ne-

829 3734 1005 3800 glectu
1045 3732 1252 3785 ducens
1301 3734 1599 3801 originem;
1658 3734 1801 3785 hunc
1862 3734 2118 3802 producit
2173 3737 2393 3801 acedia;

831 3821 941 3874 lilia
972 3822 1084 3875 haec
1114 3822 1492 3891 impatientia},
1556 3824 1712 3892 cujus
1769 3839 1922 3876 amor
1976 3824 2273 3891 voluptatis
2314 3834 2398 3878 est

831 3921 1004 3979 pater.
1035 3913 1111 3964 lta
1142 3922 1335 3965 caetera
1362 3929 1580 3982 quoque
1614 3914 1858 3967 membra
1902 3916 2122 3967 malitia:
2162 3916 2395 3969 invicem

832 4012 955 4069 apta
982 4018 1227 4070 nexaque
1264 4014 1409 4057 sunt.

905 4109 1063 4163 XVII.
1105 4108 1275 4164 Omne
1303 4112 1531 4174 bonum,
1576 4112 1721 4179 quod
1779 4114 1943 4165 homo
2002 4113 2149 4177 facit,
2213 4114 2394 4183 inqui-

830 4215 964 4252 nare
1008 4216 1069 4252 ac
1112 4204 1490 4253 contaminare
1546 4204 1741 4256 nititur
1772 4203 2022 4257 diabolus
2062 4206 2395 4259 immistionc

832 4305 1056 4342 suorum
1083 4291 1375 4355 seminum,
1423 4306 1572 4345 vana:
1629 4293 1886 4345 nimirum
1943 4294 2149 4362 gloriaa,
2206 4294 2395 4362 praell-

830 4380 1050 4443 denti.e,
1083 4380 1159 4433 uti
1192 4390 1247 4433 et
1283 4382 1753 4444 murmurationis,
1794 4393 1887 4436 aut
1926 4384 2227 4451 cujuspiam
2256 4386 2395 4439 alte-

832 4469 950 4521 rius
977 4471 1185 4533 talium,
1214 4479 1272 4523 ut
1306 4486 1412 4523 non
1446 4480 1670 4539 propter
1699 4473 1865 4524 Deum
1896 4473 2093 4536 solum,
2136 4490 2237 4527 nec
2275 4485 2395 4527 tan-

834 4570 949 4611 tum
977 4576 1042 4612 ex
1080 4562 1295 4613 sincero
1327 4562 1525 4615 mentis
1550 4563 1836 4630 proposito
1883 4564 2086 4616 bonum
2116 4579 2254 4631 opus
2283 4566 2393 4617 Iiat.

831 4650 1106 4719 Scriptum
1148 4664 1233 4705 est
1274 4653 1421 4705 enim
1450 4670 1464 4705 :
1498 4654 1720 4705 Abelcm
1760 4654 2023 4705 obtulisse
2067 4656 2393 4707 sacriﬁcium

833 4743 944 4795 Deo
965 4743 1027 4793 de
1054 4743 1289 4811 adipibus
1317 4752 1364 4795 et
1395 4744 1455 4794 de
1480 4746 1836 4811 primogenitis
1864 4745 2094 4795 ovium"
2127 4761 2138 4795 :
2165 4744 2395 4798 Cainum

828 4847 1049 4900 quoque
1074 4833 1326 4884 similiter
1358 4833 1498 4884 dona
1532 4832 1797 4885 obtulisse
1841 4832 1907 4886 de
1954 4832 2221 4886 fructibus
2272 4835 2395 4902 qui-

831 4923 955 4975 dem
989 4933 1163 4983 terrm,
1195 4922 1288 4973 sed
1325 4938 1431 4973 non
1464 4937 1493 4973 e
1533 4922 1726 4989 primis
1770 4930 1857 4974 aut
1888 4922 2129 4989 optimis.
2168 4924 2234 4976 Et
2271 4939 2396 4991 pro-

830 5023 1019 5081 pterea
1068 5014 1235 5065 Deum
1281 5014 1585 5081 respexisse
1632 5014 1697 5065 ad
1756 5014 2023 5066 sacrilicia
2069 5015 2291 5075 Abelis,
2329 5015 2394 5069 ad

830 5106 985 5159 Caini
1023 5116 1203 5158 autem
1240 5122 1466 5158 munera
1504 5122 1608 5158 non
1652 5108 1969 5161 attendisse.
2004 5108 2134 5161 Inde
2182 5108 2393 5161 discere

830 5197 1097 5251 debemus
1128 5198 1442 5265 contingere
1492 5215 1669 5266 posse,
1700 5215 1750 5250 ut
1782 5200 1997 5268 aliquod
2053 5201 2255 5254 bonum
2288 5217 2397 5254 non

832 5289 973 5343 bene
1009 5291 1100 5343 Iiat
1128 5308 1138 5341 :
1168 5299 1295 5358 puta
1322 5290 1365 5343 si
1390 5290 1479 5343 ﬁat
1520 5292 1856 5360 negligenter
1899 5303 1993 5345 aut
2015 5294 2395 5361 contemptim,

831 5380 1007 5434 aliove
1036 5381 1166 5433 vitio
1197 5382 1483 5443 submisto,
1527 5392 1579 5435 ct
1612 5400 1718 5435 non
1751 5399 1897 5437 mere
1926 5394 2145 5453 propter
2177 5386 2344 5437 Deum
2382 5402 2392 5436 :

832 5486 899 5523 ex
942 5486 1051 5539 quo
1090 5473 1274 5524 evenit
1346 5484 1406 5529 ut
1462 5484 1675 5543 gratum
1738 5476 1787 5529 id
1839 5486 1894 5530 ct
1950 5489 2230 5544 acceptum
2288 5477 2395 5530 Deo

833 5578 942 5616 non
973 5564 1064 5615 sit.

905 5736 951 5767 ⁸⁷
974 5736 1107 5791 Gen.
1140 5757 1208 5806 iv,
1239 5740 1289 5792 ιι.

2499 3286 2711 3353 ὑπακοὴ
2771 3284 2867 3351 τῆς
2901 3284 3219 3351 ἁπλότητος,
3260 3282 3449 3347 ὥσπερ
3497 3283 3756 3335 τάναντία
3808 3283 3969 3335 πάλιν
4006 3284 4064 3335 ἐν

2500 3378 2589 3443 ὑφ’
2616 3377 2733 3437 ἐνὸς
2768 3375 3014 3427 δέδεται·
3046 3368 3155 3425 οἷον
3192 3373 3284 3425 τοῦ
3317 3373 3416 3439 μὲν
3468 3372 3663 3439 θυμοῦ,
3700 3374 3759 3424 τὸ
3811 3377 3967 3439 μῖσος
3990 3391 4001 3401 ·
4035 3376 4061 3423 ὁ

2500 3469 2580 3530 δὲ,
2616 3468 2712 3535 τῆς
2744 3466 3121 3536 ὑπερηφανίας
3152 3480 3165 3494 ’
3191 3464 3291 3531 τῆς
3319 3462 3621 3527 κενοδοξίας
3641 3463 3778 3529 αὕτη
3807 3480 3821 3493 ·
3853 3466 4060 3527 ἐκείνη,

2498 3559 2595 3625 τῆς
2624 3558 2877 3615 ἀπιστίας
2903 3572 2915 3583 ο
2958 3558 2990 3623 ἠ
3050 3554 3105 3606 δὲ
3154 3554 3251 3622 τῆς
3286 3553 3751 3622 σκληροκαρδίας·
3792 3557 3884 3604 καὶ
3920 3555 4058 3620 αὕτη

2502 3651 2600 3717 μὲν
2637 3651 2699 3701 ἐκ
2720 3648 2817 3715 τῆς
2854 3644 3111 3715 ἀμελείας
3142 3661 3154 3673 ·
3194 3644 3376 3710 ἐκείνη
3402 3645 3457 3694 δέ
3487 3644 3585 3709 τῆς
3620 3642 3967 3710 χαυνώσεως,
4003 3647 4063 3693 ἐκ

2497 3742 2552 3793 δὲ
2597 3742 2694 3809 τῆς
2725 3737 3018 3807 ὀλιγωρίας
3060 3735 3221 3805 αὕτηο
3277 3736 3501 3803 κάκείνη
3554 3736 3652 3802 μὲν
3682 3736 3746 3785 ἐκ
3790 3736 3887 3801 τῆς
3930 3738 4063 3801 ἀκη-

2498 3830 2615 3890 δίας
2642 3846 2652 3856 ·
2691 3826 2763 3888 ὠς
2790 3828 2854 3877 ἐκ
2886 3824 2981 3877 τοῦ
3006 3823 3427 3892 Ιάνυπομονήτου
3478 3821 3637 3873 πάλιν
3690 3822 3830 3889 αὕτη
3864 3838 3875 3850 ·
3918 3824 3977 3873 τὸ
4004 3824 4058 3873 δὲ

2498 3918 2596 3985 τῆς
2629 3915 2935 3984 φιληδονίας
2960 3932 2972 3943 ·
2994 3914 3089 3966 καὶ
3112 3913 3254 3965 οὕτω
3283 3914 3349 3965 τὰ
3376 3911 3536 3964 λοιπὰ
3570 3912 3706 3981 μέλη
3744 3912 3844 3978 τῆς
3863 3913 4061 3973 κακίας

2498 4009 2739 4073 ἀλλήλων
2774 4006 3007 4075 ἐχόμενά
3035 4008 3187 4057 εἰσιν.

2570 4109 2663 4159 IZ'.
2700 4111 2814 4160 Πᾶν
2856 4110 2990 4176 ὅπερ
3030 4109 3095 4161 ἂν
3129 4111 3253 4176 ποιῇ
3301 4108 3465 4160 καλὸν
3510 4109 3537 4159 ὁ
3596 4109 3901 4176 ἄνθρωπος,
3939 4127 4064 4160 σπι-

2498 4198 2622 4250 λοῦν
2653 4199 2785 4250 αὐτὸ
2812 4200 2906 4249 καὶ
2936 4198 3310 4265 καταμιαίνειν
3360 4200 3387 4249 ὁ
3436 4198 3671 4265 πονηρὸς
3708 4202 3770 4266 τῇ
3812 4200 4063 4267 ἐπιμιξία

2497 4290 2604 4341 τῶν
2646 4288 2837 4341 ἑαυτοῦ
2878 4289 3205 4357 σπερμάτων
3254 4287 3516 4357 βούλεται·
3544 4281 3655 4339 οἷον
3701 4289 3800 4354 τῆς
3855 4289 4069 4339 κενοδο-

2505 4381 2644 4445 ξίας,
2673 4381 2773 4448 τῆς
2804 4381 3053 4446 οἰήσεως,
3090 4378 3199 4429 εἴτε
3240 4378 3344 4446 μὴν
3400 4378 3493 4429 καὶ
3518 4376 3612 4429 τοῦ
3648 4379 3985 4443 γογγυσμοῦ,
4031 4380 4061 4445 ἢ

2428 4500 2471 4555 ο
2501 4474 2686 4539 ἐτέρου
2719 4471 2861 4531 τινος
2893 4470 2999 4520 τῶν
3028 4469 3319 4521 τοιούτων·
3348 4469 3413 4519 ἶν’
3439 4469 3470 4537 ἢ
3508 4469 3580 4537 μὴ
3606 4470 3694 4520 διὰ
3717 4469 3847 4519 θεὸν
3882 4469 4062 4536 μόνον,

2499 4564 2530 4629 ἢ
2570 4561 2643 4629 μὴ
2668 4564 2730 4613 ἐκ
2756 4558 3063 4629 προθυμίας
3114 4559 3174 4610 τὸ
3228 4559 3511 4626 γινόμενον
3571 4559 3774 4619 ἀγαθὸν
3816 4560 4060 4624 γένηται.

2496 4654 2809 4721 Γέγραπται
2862 4652 2968 4720 γὰρ
3024 4652 3115 4703 τὸν
3150 4650 3313 4702 ’Λσελ
3352 4655 3738 4717 προσενεγκεῖν
3776 4650 3967 4701 θυσίαν
3991 4650 4065 4718 τῷ

2498 4744 2615 4814 Θεῷ
2636 4743 2753 4797 ἀπὸ
2783 4742 2899 4794 τῶν
2928 4741 3214 4803 στεάτων,
3247 4741 3345 4791 καὶ
3397 4739 3513 4791 ἀπὸ
3542 4738 3658 4791 τῶν
3674 4742 4066 4806 πρωτοτόκων

2496 4835 2613 4888 τῶν
2678 4832 3012 4899 προϐάτων·
3079 4832 3170 4883 καὶ
3222 4832 3309 4882 τὸν
3370 4831 3509 4882 Κάῐν
3556 4830 3611 4881 δέ
3665 4830 3862 4897 ὁμοίως
3919 4831 4065 4899 δῶρα

2497 4930 2879 4997 προσενεγκεῖν
2914 4925 3019 4977 ἀπὸ
3072 4924 3178 4975 τῶν
3210 4922 3437 4990 καρπῶν
3472 4922 3568 4989 μὲν
3626 4921 3723 4988 τῆς
3776 4925 3913 4990 γῆς,
3950 4923 4063 4974 ἀλλ’

2498 5019 2593 5069 οὐκ
2634 5019 2739 5069 ἀπὸ
2791 5017 2898 5069 τῶν
2944 5015 3199 5084 πρώτων·
3229 5014 3322 5064 καὶ
3368 5012 3456 5063 διὰ
3508 5010 3660 5062 τοῦτο
3694 5012 3783 5061 ἐπὶ
3818 5012 3915 5079 μὲν
3952 5016 4066 5072 ταῖς

2500 5109 2710 5169 θυσίαις
2750 5108 2842 5159 τοῦ
2902 5106 3067 5157 Ἀϐελ
3106 5105 3309 5157 ἐπιδεῖν
3374 5103 3465 5155 τὸν
3510 5102 3642 5155 Θεόν
3668 5117 3683 5132 ⁸
3718 5103 3809 5154 ἐπὶ
3865 5104 3921 5155 δὲ
3958 5107 4066 5165 τοῖς

2498 5202 2691 5271 δώροις
2724 5202 2815 5251 τοῦ
2854 5199 2990 5249 Κάῖν
3026 5196 3101 5267 μὴ
3137 5200 3417 5265 προσχεῖν.
3481 5196 3574 5247 Ἐκ
3633 5196 3824 5248 τούτου
3866 5196 4066 5265 μανθά·

2500 5313 2611 5347 νειν
2642 5294 2852 5360 ἔχομεν,
2881 5292 2961 5341 ὃτι
2990 5288 3107 5341 ἔστι
3157 5306 3208 5340 τι
3246 5288 3408 5341 καλὸν
3462 5288 3535 5357 μὴ
3570 5288 3789 5357 ποιῆσαι
3842 5288 4021 5349 καλῶς
4050 5304 4061 5317 ·

2502 5378 2613 5434 οἷον
2644 5380 2858 5449 ἀμελῶς
2912 5380 2943 5448 ἢ
2974 5379 3459 5449 καταφρονητικῶς
3488 5378 3518 5447 ἢ
3556 5377 3621 5428 δι’
3651 5375 3834 5442 ἕτερόν
3867 5390 3942 5433 τι,
3978 5374 4064 5422 καὶ

2502 5476 2561 5525 οὐ
2596 5474 2681 5525 διὰ
2714 5472 2843 5524 Θεόν
2875 5487 2888 5500 ⁸
2948 5472 3042 5523 καὶ
3084 5472 3233 5539 παρὰ
3286 5469 3442 5523 τοῦτο
3504 5463 3787 5535 συμϐαίνει
3825 5464 4063 5532 γίνεσθαι

2507 5564 2577 5633 μὴ
2604 5562 2929 5634 πρόσδεκτον
2960 5561 3039 5631 τῷ
3071 5560 3209 5630 Θεῷ.
