4254 6358
1441 374 1671 435 LIBER
1710 374 1809 435 DE
1845 372 2253 438 ORATIONE.

3361 375 3469 440 854

368 788 1557 966 ΜΑΚΑΡΙΟΥ
1686 794 2123 967 ΤΟΥ
2249 791 3349 971 ΜΕΓΑΑΟΥ

1358 1088 1617 1176 ΠΕΡΙ
1686 1088 2356 1176 ΠΡΟΣΕΥΧΗΣ

1706 1269 2011 1326 ΛΟΓΟΣ.

970 1597 1132 1671 ³⁷⁸
1199 1597 1986 1754 MACARII
2132 1592 2670 1751 MAGN
2680 1600 2741 1745 Ι

1404 1885 1563 1985 DE
1663 1884 2315 1990 ΟΒΑἸἸΟΝΕ

1691 2096 2001 2158 LIBER.

307 2418 390 2474 Α⁹ο
419 2412 728 2485 Κεφάλαιον
763 2414 943 2484 πάσης
979 2412 1191 2485 ἀγαθῆς
1228 2413 1486 2485 σπουδῆς,
1523 2416 1618 2467 καὶ
1640 2431 1803 2483 κορυ-
1828 2416 1881 2477 Α
1972 2418 1987 2472 ι

1793 2416 1881 2477 -Α
1972 2418 2013 2472 Ι.
2055 2413 2233 2484 Caput
2277 2414 2459 2470 omnis
2495 2414 2626 2470 boni
2685 2412 2854 2469 studii
2904 2422 2961 2469 et
3012 2425 3199 2471 vertex
3244 2434 3473 2489 operum

235 2511 315 2579 φὴ
348 2507 457 2561 τῶν
500 2506 939 2575 κατορθωμάτων
1007 2505 1043 2573 ἡ
1094 2504 1401 2575 προσευχῆς
1452 2505 1570 2557 ἑστι
1633 2520 1805 2573 προσ-

236 2601 424 2669 cepam
448 2642 463 2666 ,
493 2600 559 2653 δι’
582 2594 649 2671 ἦς
701 2598 795 2651 καὶ
823 2596 932 2651 τῶν
958 2596 1133 2651 ἀλλων
1181 2598 1237 2650 ὲν
1280 2598 1471 2666 κτήσει
1508 2595 1804 2667 γινόμεθα,

234 2690 334 2744 τοῦ
389 2689 720 2759 καλουμένου
776 2690 934 2758 χεῖρα
981 2686 1243 2759 συνεργὸν
1276 2687 1663 2757 ιπορέγοντος·
1713 2687 1808 2740 καὶ

240 2780 354 2851 γὰρ
386 2780 637 2833 κοινωνία
685 2779 785 2847 τῆς
845 2782 1111 2849 μυστικῆς
1151 2779 1451 2851 ἐνεργείας.
1502 2780 1601 2834 καὶ
1681 2797 1809 2833 συν·

239 2873 413 2940 ἀφεια
441 2870 731 2932 διαθέσεως
762 2870 858 2938 τῆς
885 2869 1020 2938 πρὸς
1049 2868 1179 2921 Θεὸν
1208 2868 1613 2939 ἀγιότητος,καὶ
1642 2869 1807 2923 αὐτοῦ

236 2962 337 3014 τοῦ
358 2960 450 3015 νοῦ
484 2960 551 3013 δι’
592 2962 813 3031 ἀγάπης
842 2961 1082 3032 ἀρρήτου
1112 2961 1248 3031 πρὸς
1282 2960 1503 3032 Κύριον.
1530 2962 1587 3013 ιν
1618 2963 1684 3031 τῇ
1715 2962 1810 3013 εὐ-

241 3056 313 3123 χῇ
365 3056 479 3116 τοῖς
555 3053 996 3121 καταξιουμένοις
1051 3054 1297 3121 γίνεται’
1359 3053 1629 3119 Ἐδωκας
1665 3056 1807 3123 γὰρ,

243 3144 435 3212 φησὶν,
459 3145 845 3213 εὐφροσύνην
864 3147 952 3211 εις
971 3144 1086 3207 τὴν
1105 3145 1360 3213 καρδίαν
1372 3161 1511 3214 μουο
1536 3145 1633 3199 καὶ
1647 3144 1811 3207 αὐτὸς

240 3233 303 3285 δὲ
332 3234 360 3285 ὁ
394 3232 596 3302 Κύριος
623 3248 637 3263 ο
702 3232 765 3287 Ἠ
801 3233 1091 3297 βασιλεία
1120 3230 1392 3300 οὐρανῶν·
1421 3232 1596 3298 ἐντὸς
1639 3231 1810 3301 ὑμῶν

242 3322 398 3374 ἐστι.
458 3321 531 3373 Τὸ
572 3320 629 3373 δὲ
675 3321 826 3385 ἐντὸς
858 3316 995 3374 εἶναι
1023 3321 1121 3391 τὴν
1148 3319 1447 3391 βασιλείαν.
1493 3318 1547 3373 τί
1591 3319 1657 3373 ἀν
1681 3318 1809 3373 ἄλλο

243 3412 440 3482 δηλοῦν
468 3412 575 3481 εἴη,
606 3413 638 3482 ἢ
673 3411 770 3481 τὴν
810 3411 904 3464 τοῦ
961 3410 1272 3479 Πνεῦματος
1317 3411 1568 3481 οὐράνιον
1608 3410 1808 3479 εὐφρο-

246 3502 420 3571 σύνην
445 3504 563 3564 ταῖς
592 3502 770 3567 ἀξίαις
808 3501 1005 3570 ψυχαῖς
1049 3500 1296 3571 εναργῶς
1348 3500 1807 3569 ὲνσημαίνεσθαις

243 3593 345 3662 τῆς
378 3591 729 3654 ἀπολαύσεως
758 3591 866 3658 γάρ
897 3607 955 3642 τε
992 3589 1087 3643 καὶ
1115 3592 1288 3661 χαρᾶς
1310 3591 1403 3642 καὶ
1434 3590 1532 3658 τῆς
1562 3592 1620 3641 ἰν
1648 3589 1812 3643 πνεύ-

245 3700 382 3752 ματι
415 3680 773 3750 εὐφροσύνης,
799 3674 866 3749 ἧς
902 3680 960 3731 ὲν
995 3679 1135 3747 φωτὶ
1168 3678 1371 3747 αίωνίῳ
1393 3679 1441 3732 οί
1482 3678 1629 3746 ἀγιοι
1651 3681 1711 3733 ὲν
1739 3680 1807 3749 τῇ

1912 2506 2180 2562 bonorum
2230 2507 2521 2562 assiduitas
2564 2507 2835 2562 orationis
2881 2515 2996 2571 est,
3049 2522 3148 2577 per
3200 2524 3363 2579 quam
3424 2510 3481 2564 in

1911 2596 2143 2649 aliorum
2175 2596 2578 2665 possessionem
2610 2594 2882 2650 bonorum
2911 2595 3249 2660 inducimur,
3284 2614 3353 2652 eo
3385 2599 3480 2668 qui

1912 2702 2015 2742 nos
2038 2687 2106 2742 ad
2136 2703 2199 2742 ea
2237 2698 2419 2752 vocat,
2444 2703 2667 2743 manum
2694 2689 3125 2757 cooperatrieem
3149 2690 3481 2761 porrigant».

1913 2776 2130 2831 Etenim
2163 2777 2589 2833 communicatio
2610 2792 2820 2833 arcana
2841 2776 3100 2832 cmcacia:
3127 2788 3182 2833 et
3214 2782 3485 2835 connexio

1914 2866 2240 2923 intentionis
2266 2869 2319 2923 in
2349 2870 2639 2924 sanctitate
2683 2869 2952 2925 adversus
2976 2871 3171 2935 Deum,
3202 2872 3485 2942 ipsiusque

1915 2958 2115 3013 mentis
2142 2974 2240 3027 per
2273 2959 2633 3025 ineﬂ‘abilem,
2658 2975 2768 3029 quo
2805 2960 2983 3015 fertur
3010 2976 3140 3033 erga
3168 2963 3481 3026 Dominum,

1914 3061 2180 3111 amorem,
2214 3048 2270 3101 in
2308 3049 2558 3103 oratione
2584 3050 2674 3113 iis,
2708 3050 2802 3120 qui
2828 3052 2978 3121 digni
3005 3052 3351 3121 judicantur,
3383 3055 3485 3108 oli-

1914 3140 2181 3194 veniunt:
2210 3139 2409 3195 Dedisti
2435 3141 2604 3206 enim,
2634 3142 2731 3207 ait,
2764 3141 3007 3197 lctitiam
3033 3146 3089 3198 in
3108 3148 3267 3208 eorde
3290 3163 3401 3201 meo
3416 3146 3483 3211 δ’,

1914 3237 1972 3284 et
1999 3229 2116 3299 ipse
2142 3229 2279 3285 dicit
2306 3230 2573 3285 Dominus
2605 3248 2619 3285 :
2654 3230 2895 3303 Regnum
2938 3234 3187 3288 εαίοηιπι
3222 3237 3367 3291 intra
3398 3254 3486 3293 vos

1916 3328 1993 3375 est
2010 3322 2076 3375 δ’.
2105 3321 2240 3377 Nam
2274 3322 2421 3377 intra
2451 3338 2552 3378 nos
2581 3336 2705 3378 esse
2743 3339 2995 3395 regnum,
3025 3325 3159 3395 quid
3208 3326 3355 3382 aliud
3386 3344 3489 3399 pu-

1916 3421 2096 3468 temus
2116 3413 2446 3485 signiﬁcare,
2470 3429 2635 3484 quam
2671 3416 2951 3470 caelestem
2984 3417 3228 3472 latitiam
3250 3417 3490 3487 Spiritus

1917 3503 2094 3557 sancti
2125 3504 2414 3558 animabus
2441 3503 2621 3575 dignis
2645 3504 2988 3560 sensibiliter
3010 3506 3311 3559 immissam
3330 3505 3490 3560 esse?

1917 3592 2222 3647 Fruitionis
2282 3592 2554 3663 siquidem
2612 3603 2670 3648 et
2734 3593 2919 3664 gaudii
2979 3594 3291 3665 laetitiaque
3340 3596 3490 3649 illius

1919 3684 2242 3752 spiritualis,
2274 3699 2440 3753 quam
2470 3684 2525 3738 in
2556 3684 2680 3739 luce
2711 3694 2916 3739 mterna
2956 3685 3133 3741 sancti
3176 3686 3232 3741 in
3282 3684 3487 3742 Christi

242 3773 339 3825 τοῦ
377 3771 613 3841 Χριστοῦ
650 3771 934 3840 μεθέξουσι
984 3769 1251 3838 βασιλεία,
1283 3769 1487 3835 ταύτης
1521 3769 1611 3823 τὸν
1638 3771 1822 3841 ἀρρα-·
1846 3787 1888 3841 Β
1918 3789 1922 3826 1

1805 3790 1822 3808 ι·
1846 3787 1888 3841 Β
1918 3788 2085 3843 regno
2118 3773 2470 3842 participant,
2498 3774 2716 3827 arrham
2746 3774 2899 3829 velut
2926 3776 3221 3843 quamdam
3258 3786 3315 3831 et
3342 3792 3485 3847 pra:-

244 3863 416 3924 εῶνα,
461 3863 553 3914 καὶ
587 3861 656 3913 τὰ
694 3860 957 3930 προοίμια
1007 3858 1255 3913 ιντεῦΘεν
1296 3860 1396 3931 ήδη
1449 3861 1504 3913 at
1547 3860 1695 3926 ἄξιαι
1720 3859 1808 3911 διὰ

242 3954 342 4022 τῆς
372 3952 464 4005 τοῦ
494 3953 631 4005 Πνεύ
642 3967 807 4022 ματος
832 3950 1086 4022 ἐνεργοῦς
1104 3954 1385 4013 κοινωνίας
1406 3950 1575 4019 ψυχαὶ
1598 3948 1810 4018 λαμσά-

243 4061 427 4099 νουσιν
452 4060 465 4073 ⁸
505 4042 573 4098 Ἦ
597 4044 809 4112 καρδία
828 4061 947 4111 μου
971 4042 1100 4111 γάρ,
1124 4042 1285 4110 φησὶ,
1322 4040 1417 4093 καί
1445 4041 1484 4108 ἠ
1510 4037 1667 4107 σάρξ
1688 4054 1809 4107 μου

242 4137 694 4206 ἡγωζλιὰσαντο
732 4137 831 4190 ἐπὶ
882 4137 1029 4191 Θεὸν
1075 4136 1291 4197 ζῶνταο
1324 4136 1419 4189 καὶ
1447 4134 1509 4188 τό
1545 4151 1559 4165 ·
1603 4136 1699 4201 Ὠς
1740 4134 1809 4187 ἐκ

243 4229 497 4294 στέατος
525 4229 623 4281 καί
660 4230 938 4295 πιότητος
969 4226 1344 4296 ἐμπλησθείη
1390 4226 1429 4293 ἠ
1463 4224 1631 4294 ψυχή
1662 4240 1803 4293 μουο

244 4321 341 4372 καὶ
374 4322 440 4371 τὰ
470 4319 678 4389 συνῳδὰ
708 4319 938 4381 τούτοις,
972 4320 1052 4381 είς
1084 4318 1278 4371 ταυτὸν
1310 4316 1553 4386 φέρουσι,
1582 4316 1677 4368 καὶ
1707 4316 1809 4385 τὴν

244 4412 341 4463 τοῦ
377 4410 689 4480 ίῐνεύματος
718 4411 940 4481 ἐνεργὸν
966 4406 1306 4477 εὐφροσύνην
1334 4406 1428 4460 καὶ
1464 4404 1810 4477 παράκλησιν

247 4500 674 4555 ὐπαινίττονται.

319 4593 393 4647 B'.
427 4592 639 4658 Ὠσπερ
664 4591 847 4661 μεῖζον
872 4590 980 4643 τῶν
1016 4590 1190 4644 ἄλλων
1210 4588 1271 4642 τὸ
1311 4586 1411 4657 τῆς
1434 4586 1601 4656 εὐχῆς
1626 4584 1807 4653 ἔργον,

242 4686 387 4738 οὕτω
442 4683 683 4745 πλείονος
730 4683 812 4736 δεῖ
863 4682 958 4735 καὶ
1005 4680 1273 4751 μερίμνης
1333 4676 1413 4747 τῷ
1460 4677 1597 4747 πρὸς
1642 4675 1811 4744 αὐτὴν

242 4776 421 4847 ἔχοντι
445 4791 458 4804 ·
500 4775 683 4843 μήπου
721 4772 930 4843 κλοπήν
970 4788 1093 4824 τινα
1119 4770 1272 4838 παρά
1298 4769 1400 4837 τῆς
1443 4767 1641 4829 κακίας
1672 4767 1808 4819 ὐπο-

246 4866 440 4936 μείνας
467 4865 627 4935 λάθῃ.
661 4858 755 4924 Οἷς
800 4863 909 4932 γὰρ
957 4860 1201 4931 μείζονος
1245 4856 1451 4927 ἀγαθοῦ
1494 4856 1808 4926 επιμὶλεια,

248 4959 455 5028 μείζονι
493 4958 588 5008 καὶ
621 4956 650 5006 ὁ
676 4955 910 5025 πονηρὸς
954 4957 1019 5024 τῇ
1068 4954 1235 5023 πείρᾳ
1264 4949 1591 5021 προσσάλλει
1617 4967 1631 4981 ο
1666 4948 1811 5002 ὥστε

244 5032 450 5115 πολλῆς
497 5047 646 5117 αὐτῷ
685 5046 868 5116 δεήσει
912 5046 1011 5113 τῆς
1055 5044 1287 5112 νήψεως,
1329 5042 1415 5095 ἶνα
1458 5042 1553 5095 καὶ
1608 5040 1810 5110 μᾶλλον

1912 3859 2232 3914 libationem
2282 3861 2395 3929 jam
2450 3859 2581 3914 hinc
2630 3860 2809 3929 digna:
2859 3860 2927 3915 ad
2976 3862 3081 3916 hoc
3123 3862 3337 3919 effectae
3390 3879 3489 3933 per

1911 3950 2148 4018 gratiose
2180 3950 2642 4005 communicatam
2669 3950 2805 4019 ipsis
2833 3953 3214 4021 Operationem
3250 3954 3490 4024 Spiritus

1912 4043 2107 4096 anima:
2154 4042 2453 4111 accipiunt.
2485 4040 2588 4097 Cor
2625 4043 2804 4106 enim,
2840 4043 3041 4114 inquit,
3072 4061 3246 4099 meum
3280 4054 3330 4100 et
3360 4063 3486 4099 caro

1911 4148 2030 4186 mea
2060 4132 2455 4186 exultauerunt
2489 4133 2544 4185 in
2569 4132 2735 4185 Deum
2757 4135 3012 4187 vivunt”.
3045 4135 3115 4190 Et
3137 4136 3273 4190 illud
3302 4154 3315 4189 :
3341 4134 3485 4190 Sicut

1912 4223 2069 4291 adipe
2103 4230 2152 4274 et
2181 4223 2494 4291 pinguedine
2532 4221 2801 4291 repleatur
2838 4224 3020 4278 anima
3080 4241 3197 4278 mea
3217 4226 3284 4280 ".
3315 4226 3385 4281 Et
3418 4227 3485 4281 iis

1911 4326 2172 4373 consona,
2221 4311 2274 4363 in
2323 4309 2469 4364 idem
2512 4310 2767 4374 tendunt,
2813 4320 2870 4366 et
2918 4310 3196 4368 eﬂlcacem
3245 4314 3483 4387 Spiritus

1912 4401 2109 4455 anima:
2154 4399 2396 4454 laetitiam
2431 4408 2489 4455 et
2530 4401 2963 4457 consolationem
3001 4403 3269 4462 indicant.

1983 4590 2049 4645 II.
2092 4590 2161 4647 Ut
2197 4592 2549 4660 prastantius
2582 4593 2799 4648 ceteris
2845 4602 2930 4649 est
2987 4610 3130 4666 opus
3179 4598 3482 4664 orationis;

1913 4679 1987 4734 ita
2022 4680 2215 4750 majori
2249 4694 2391 4749 opus
2417 4680 2583 4737 habet
2624 4683 3021 4751 sollicitudine,
3064 4687 3159 4756 qui
3192 4687 3247 4742 in
3295 4688 3350 4743 id
3397 4690 3485 4746 in-

1912 4770 2158 4828 cumbit:
2188 4786 2387 4841 nequa
2425 4772 2504 4827 illi
2551 4772 2815 4842 subrepat
2864 4789 2897 4828 a
2947 4776 3155 4831 malitia
3208 4778 3484 4847 deceptio.

1912 4862 2047 4916 Nam
2078 4874 2187 4929 quo
2215 4863 2451 4931 quisque
2489 4862 2713 4931 majoris
2744 4863 3087 4933 adipiscendi
3128 4866 3261 4921 boni
3294 4883 3487 4925 curant

1913 4953 2191 5022 concipit,
2242 4968 2311 5007 eo
2365 4953 2557 5023 majori
2606 4954 2858 5010 diabolus
2908 4964 3110 5011 conatu
3158 4962 3209 5013 ci
3266 4959 3487 5015 obsum

1914 5042 2217 5099 contendit.
2268 5041 2449 5108 Quare
2498 5044 2728 5099 multam
2774 5060 2901 5100 eum
2940 5047 3209 5105 adhibere
3258 5066 3488 5107 necesse

244 5140 450 5209 καρποὶ
482 5140 720 5206 ἀγάπης,
744 5140 837 5190 καὶ
864 5134 1389 5205 ταπεινοφροσύνης,
1412 5133 1716 5201 ἀπλότητός
1750 5149 1807 5185 τε
1834 5140 1877 5200 C
1910 5148 1924 5186 t

1802 5151 1807 5181 :
1834 5140 1877 5200 ί]
1910 5133 2019 5187 erit
2059 5132 2421 5202 vigilantiam,
2452 5142 2514 5189 ut
2545 5134 2761 5191 fructus
2786 5136 3097 5205 charitatis,
3136 5139 3482 5206 humilitatis,

243 5230 341 5283 καὶ
389 5227 757 5298 ἀγαθότητος,
824 5225 917 5278 καὶ
983 5225 1342 5295 διακρίσεως.
1397 5222 1665 5292 ὁσημέραι
1736 5220 1813 5289 τῷ

244 5320 548 5391 παραμόνῳ
584 5320 683 5387 τῆς
722 5318 889 5389 εὐχῆς
934 5318 1303 5385 ἀναφύωνται,
1346 5314 1441 5367 καὶ
1495 5311 1661 5367 αὑτοῦ
1714 5312 1813 5383 μὲν

1915 5224 2299 5294 simplicitatis,
2329 5223 2613 5293 bonitatis,
2655 5227 3008 5284 discretionis
3032 5244 3063 5285 e
3097 5230 3329 5299 patienti
3357 5246 3487 5286 ora-

1915 5315 2082 5370 tionis
2112 5314 2325 5370 cultura
2353 5314 2458 5383 ipsi
2498 5316 2649 5385 pleni
2683 5318 2991 5389 uberesque
3024 5320 3436 5390 progerminent
3466 5339 3483 5375 :

245 5411 487 5484 φανερὰν
535 5410 633 5481 τὴν
667 5410 763 5463 ἐπὶ
815 5409 883 5461 τὰ
945 5407 1063 5461 θεῖα
1108 5406 1393 5479 προκοπὴν
1448 5405 1539 5458 καὶ
1572 5404 1811 5457 ιπίδοσιν
1910 5406 1925 5463 i

1803 5421 1811 5452 ν
1910 5406 2196 5475 ipsiusque
2216 5404 2570 5475 perspicuum
2606 5407 2662 5462 in
2710 5408 2898 5464 divina
2950 5424 3300 5482 progressum
3351 5425 3483 5481 pro-

245 5503 566 5570 καθιστῶσι,
602 5503 728 5566 τοὺς
754 5501 946 5565 ἄλλους
976 5500 1035 5556 δὲ
1061 5503 1140 5564 είς
1175 5502 1267 5554 τὸν
1310 5500 1422 5552 ἴσον
1449 5498 1606 5569 ζῆλον
1629 5514 1809 5569 παρα-

245 5594 508 5648 καλῶσιν.

1910 5498 2227 5567 {ectumque
2273 5496 2705 5554 demonstrent:
2744 5498 2936 5571 sicque
2993 5500 3133 5557 alios
3195 5500 3266 5557 ad
3335 5500 3485 5571 paris

1909 5586 2316 5643 aemulationem
2338 5585 2510 5645 studii
2524 5599 2843 5660 provocent.

319 5745 522 5803 “Psal.
555 5763 628 5814 ιν,
666 5749 717 5803 7.
794 5748 837 5780 δ’
860 5747 994 5803 Luc.
1032 5762 1159 5811 xm,
1188 5746 1278 5799 2L
1354 5746 1397 5778 ³³
1424 5744 1565 5800 Psal.
1604 5760 1798 5812 Luxu,
1832 5744 1882 5799 5.
1964 5746 2001 5776 “
2029 5742 2170 5801 l‘sal.
2215 5759 2343 5807 un,
2377 5745 2429 5799 6.
