4254 6358
798 398 905 461 855

2039 392 2099 453 S.
2141 389 2458 452 MACARII
2499 389 2815 450 [EGYPTII

3952 381 4059 443 856

871 508 964 563 Ill.
1006 507 1565 564 Sinelntermissione
1589 507 1857 563 orandum
1876 515 1931 562 et
1954 513 2379 577 perseveranter
2408 516 2461 576 Α

2408 516 2461 576 Α
2555 503 2628 557 Γ.
2693 502 3082 565 Ἀδιαλείπτως
3134 500 3412 571 εὔχεσθαι,
3469 502 3566 554 καὶ
3619 503 4059 571 προσκαρτερεῖν

805 598 1170 653 insistendum
1249 600 1486 654 orationi
1550 613 1712 663 esse,
1756 608 1813 653 et
1864 598 2085 653 divinus
2143 597 2379 666 Aposto-

806 690 895 745 lus
916 690 983 755 ",
1016 697 1070 743 et
1106 690 1279 758 ipsius
1306 690 1523 743 Domini
1562 690 1844 743 oraculum
1882 688 2153 758 praecipit,
2188 687 2378 740 dicen-

810 781 883 833 tis
914 797 927 832 :
961 778 1173 844 Quanto
1199 782 1365 850 magis
1395 780 1529 833 Deus
1550 780 1706 849 faciet
1726 780 2005 833 vindictam
2029 779 2379 832 clamantium

811 868 881 919 ad
908 884 964 920 se
989 868 1072 920 die
1101 884 1163 920 ac
1200 876 1347 921 nocte
1367 867 1439 920 "l
1473 868 1541 921 Et
1581 868 1712 921 illud
1748 884 1760 918 :
1797 866 2017 936 Vigilate
2056 875 2103 919 et
2136 875 2284 919 orate
2309 865 2377 919 ".

807 955 1039 1025 Oportet
1066 956 1234 1025 igitur
1261 956 1464 1025 ubique
1490 971 1649 1010 orare
1676 973 1687 1008 :
1715 970 1816 1009 nec
1854 970 2095 1024 unquam
2122 966 2380 1008 conatum

811 1046 1118 1101 remittere.
1148 1046 1365 1113 Quanto
1405 1056 1587 1102 autem
1615 1046 1924 1116 capitalius,
1977 1046 2072 1115 qui
2120 1061 2382 1115 perseve-

812 1159 937 1197 rare
968 1145 1022 1199 in
1053 1143 1302 1196 oratione
1326 1142 1592 1207 decrevit,
1621 1157 1762 1212 Opus
1787 1155 2076 1212 aggressus
2105 1148 2206 1205 est,
2231 1148 2383 1194 tanto

814 1239 992 1305 ipsum
1019 1237 1142 1305 plus
1182 1234 1500 1289 certaminis
1528 1236 1831 1304 suscipere,
1887 1241 2151 1302 tantoque
2213 1235 2385 1304 magis

815 1328 869 1381 id
903 1344 1029 1382 eum
1078 1328 1144 1381 ad
1188 1336 1495 1382 extremum
1527 1326 1835 1394 perducere
1867 1332 2105 1393 oportet,
2136 1340 2203 1379 eo
2235 1323 2383 1394 quod

813 1418 1239 1486 perseverantia:
1265 1417 1534 1470 orationis
1560 1416 1730 1470 multa
1768 1414 1960 1485 objicit
1993 1414 2386 1483 impedimenta

814 1508 1077 1575 pravitas,
1111 1523 1384 1570 somnum,
1415 1506 1685 1570 acediam,
1708 1506 1926 1575 pondus
1947 1506 2217 1574 corporis,
2240 1506 2387 1576 cogi-

814 1600 1087 1652 tationum
1133 1600 1501 1656 aversionem.
1546 1598 1748 1652 mentis
1781 1598 2228 1661 instabilitatcm,
2273 1599 2388 1652 lan-

813 1704 1044 1759 guorem
1082 1698 1136 1741 et
1170 1690 1380 1757 reliqua
1412 1690 1633 1742 malitiae
1685 1688 1888 1743 studia.
1919 1689 2191 1743 Praeterea
2248 1687 2388 1742 allii-

813 1780 1027 1833 ctiones
1083 1788 1139 1833 et
1180 1781 1426 1849 ipsorum
1473 1781 1745 1833 malorum
1793 1779 2103 1832 daemonum
2153 1778 2391 1833 insultus

2479 597 2547 665 τῇ
2583 595 2717 664 εὐχῇ
2760 594 2924 656 αὸτός
2972 611 3030 647 τε
3071 595 3100 645 δ
3144 594 3287 655 Θεῖος
3341 592 3688 657 Ἀπόστολος,
3728 591 3911 646 καὶτὸ
3954 592 4055 645 ύπὲ

2479 686 2574 738 τοῦ
2612 685 2817 756 Κυρίου
2850 685 3138 755 εἰρημένον
3175 684 3437 750 διδάσκει,
3470 687 3648 750 Πόσῳ
3692 684 3955 752 μᾶλλον,
3982 686 4060 735 εί-

2483 778 2698 841 πόντος,
2740 777 2980 845 ποιήσει
3038 776 3354 843 ἐκδίκησιν
3380 780 3412 830 ό
3444 778 3589 841 Θεὸς
3634 776 3752 829 τῶν
3771 773 4061 840 βοώντων

2481 872 2627 939 πρὸς
2658 871 2844 925 αὑτὸν
2871 870 3097 936 νύκτας
3128 870 3228 922 καί
3258 870 3521 940 ἡμέρας;
3571 870 3669 923 καὶ
3704 871 3793 922 τό’
3836 871 4063 936 Γρηγο-

2475 967 2657 1031 ρεῖτε,
2689 965 2788 1019 καί
2812 964 3249 1032 προσεύχεσθε.
3298 967 3389 1017 Δεῖ
3422 959 3515 1017 οὖν
3554 964 3785 1017 πάντοτε
3819 961 4063 1033 προσεύ-

2484 1057 2696 1127 χεσθαι,
2754 1057 2957 1128 καὶμὴ
3008 1059 3288 1110 ἐκκακείν.
3332 1057 3543 1128 Ὠσπερ
3582 1056 3637 1108 δέ
3690 1054 4066 1123 κεφαλαιωδέ-

2487 1170 2675 1223 στερον
2708 1154 2736 1205 ὁ
2761 1155 2828 1223 τῇ
2860 1152 2991 1222 εὐχῇ
3017 1153 3443 1224 προσκαρτερῶν
3467 1152 3642 1204 εἵλετο
3672 1151 3853 1219 ἔργον,
3885 1148 4064 1211 οὕτως

2486 1245 2649 1297 αὑτὸν
2680 1244 2867 1313 ἀγῶνα
2902 1245 3086 1305 πολὺν,
3117 1244 3213 1296 καὶ
3253 1246 3405 1296 τόνον
3447 1244 3725 1299 ἀνένδοτον
3772 1242 4066 1310 ἀνέχεσθαι

2487 1334 2625 1406 χρὴ,
2651 1335 2737 1388 διὰ
2766 1336 2826 1387 τὸ
2850 1336 3019 1388 πολλά
3055 1339 3119 1405 τῇ
3152 1335 3475 1405 προσεδρείᾳ
3505 1335 3606 1405 τῆς
3638 1334 3805 1403 εὐχῆς
3842 1333 4066 1385 ὑπεῖναι

2488 1428 2556 1479 τά
2584 1427 2683 1497 τῆς
2708 1427 2907 1489 κακίας
2941 1427 3203 1495 ἐμπόδια·
3242 1425 3430 1490 ὕπνον,
3462 1426 3719 1497 ἀκηδίαν,
3768 1424 3932 1494 βάρος
3962 1424 4065 1475 σῶ-

2492 1535 2684 1586 ματος,
2749 1517 3027 1586 λογισμῶν
3084 1517 3408 1587 ἐπιτροπὴν,
3468 1518 3586 1579 νοὸς
3632 1515 4066 1576 ἀκαταστασέαν,

2491 1608 2730 1673 ἔκλυσιν,
2764 1609 2857 1661 καὶ
2887 1610 2954 1662 τά
2986 1608 3149 1661 λοιπά
3206 1609 3306 1677 τῆς
3360 1608 3559 1668 κακίας
3608 1606 4024 1675 ἐπιτηδεύματα
4052 1625 4064 1636 ·

2491 1695 2610 1753 εἶτα
2649 1700 2859 1769 Θλίψεις
2910 1701 3007 1753 καὶ
3060 1699 3242 1752 αὐτῶν
3290 1699 3398 1751 τῶν
3443 1699 3697 1768 πονηρῶν
3738 1699 4071 1767 πνευμάτων

2492 1791 2888 1853 ἐπαναστάσεις
2918 1791 3173 1859 ἐκθύμως
3201 1790 3580 1859 πολεμούντων
3611 1792 3741 1859 ἡμῖν
3774 1792 3867 1842 καὶ
3910 1792 4067 1842 ἀντι-

814 1870 1176 1924 vehemente"
1202 1869 1643 1939 ίιηρυεηεηιίυιη
1682 1884 1803 1931 ηοδν
1840 1876 1897 1921 εί
1938 1867 2094 1937 175
2148 1868 2297 1921 omni
2336 1868 2389 1921 νί
2426 1869 2466 1922 Β
2492 1883 2933 1953 καθισταμένων,
2958 1884 3055 1935 καὶ
3098 1881 3484 1952 προσεγγίζειν
3529 1884 3607 1953 τῷ
3648 1883 3869 1953 Χριστῷ
3903 1883 4070 1952 διειρ-

812 1961 1174 2025 obstantium,
1209 1976 1279 2015 ne
1312 1962 1753 2030 appropinquare
1774 1959 1998 2014 Christo
2020 1960 2386 2015 valeatDeum

810 2062 937 2123 post
978 2054 1270 2108 veritatem
1304 2053 1644 2107 incessanter
1671 2068 1922 2123 quaerens
1966 2052 2169 2108 anima.

884 2160 971 2213 IV.
1034 2158 1195 2213 Omni
1250 2158 1433 2212 studio
1493 2168 1658 2227 atque
1714 2159 2035 2229 vigilantia,
2085 2158 2385 2229 longanimi

811 2250 1077 2318 patientia
1110 2250 1526 2319 certamineque
1569 2250 1765 2303 anima:
1821 2266 1884 2304 ac
1929 2250 2116 2304 labore
2140 2251 2387 2321 corporis

812 2351 1031 2411 oportet
1063 2358 1209 2406 eum,
1256 2343 1349 2411 qui
1399 2342 1637 2396 orationi
1672 2342 1965 2411 diligenter
2011 2358 2207 2397 vacare
2257 2358 2390 2398 con-

811 2431 1012 2495 tendit,
1040 2432 1276 2485 viriliter
1304 2446 1488 2501 agere,
1527 2431 1665 2485 nihil
1724 2446 1967 2501 unquam
2012 2432 2389 2488 remittentem

811 2521 883 2577 de
929 2522 1147 2586 ardore,
1192 2537 1297 2576 nec
1344 2522 1632 2575 cedentem
1683 2522 2141 2578 distractionibus
2177 2524 2389 2595 cogita-

815 2615 1051 2678 tionum,
1082 2623 1178 2668 aut
1208 2630 1403 2669 somno
1430 2615 1624 2679 multo,
1658 2623 1754 2669 aut
1796 2614 1973 2669 desidi
2008 2616 2235 2685 torpori,
2295 2624 2391 2670 aut

814 2701 1142 2756 inordinata:
1180 2701 1493 2756 confusioni
1541 2702 1820 2755 actionum
1849 2711 2058 2757 temere
2100 2703 2394 2772 permista-

816 2808 970 2858 rum;
1012 2808 1123 2846 non
1154 2801 1397 2846 utentem
1428 2793 1763 2847 turbulentis
1788 2800 1843 2847 et
1869 2793 2258 2848 indecentibus
2282 2794 2393 2847 cla-

816 2881 1097 2946 moribus;
1134 2890 1231 2935 aut
1260 2881 1484 2935 caluere
1510 2881 1754 2935 animum
1775 2881 2052 2936 sinentem
2084 2882 2139 2936 in
2173 2883 2392 2953 quidvis

815 2972 1122 3041 ejusmodi;
1172 2972 1266 3026 sed
1305 2980 1457 3026 certo
1477 2982 1533 3026 et
1556 2972 1886 3026 immutabili
1918 2973 2205 3042 proposito
2239 2991 2394 3029 men-

820 3062 921 3129 tis;
965 3063 1254 3133 deﬁgendo
1285 3078 1344 3117 se
1376 3064 1478 3118 soli
1520 3064 1747 3134 patienti
1790 3064 2035 3127 stationi,
2085 3074 2141 3118 et
2169 3064 2393 3120 ﬂexioni

819 3169 1092 3222 genuum;
1145 3165 1201 3207 et
1236 3155 1503 3208 cohibitis
1550 3155 1965 3224 evagationibus
2016 3155 2178 3225 longe
2228 3156 2391 3210 aber-

2493 1975 2702 2043 γόντων
2758 1975 2859 2044 τὴν
2886 1976 3022 2044 μετά
3049 1974 3145 2045 τὴν
3175 1976 3433 2046 ἀλήθειαν
3478 1975 3569 2028 τὸν
3601 1975 3733 2028 Θεὸν
3772 1975 4071 2036 ἀπαύστως

2494 2063 2861 2136 ἐπιζητοῦσαν
2884 2066 3085 2137 ψυχήν.

2564 2157 2636 2212 A'.
2680 2158 2835 2228 Πάσῃ
2888 2158 3089 2228 σπουδῇ
3140 2158 3235 2211 καὶ
3291 2158 3471 2228 νήψει,
3548 2158 3794 2226 ὑπομονῇ
3864 2173 3925 2207 τε
3980 2158 4073 2208 καὶ

2495 2251 2663 2319 ἀγῶνι
2697 2250 2875 2322 ψυχῆς
2925 2252 3019 2304 καὶ⁵
3068 2250 3215 2321 πόνῳ
3273 2250 3545 2321 σώματος,
3608 2250 3698 2301 τὸν
3758 2252 3858 2319 τῆς
3904 2250 4073 2317 εὐχῆς

2496 2342 2927 2415 ἐπιμελούμενον
2980 2341 3325 2413 ἀνδρίζεσθαι
3381 2341 3507 2411 χρὴ,
3554 2340 3627 2409 μὴ
3657 2338 4073 2408 ἐκκακούμενον

2499 2434 2902 2488 συνεπιδιδόντα
2928 2436 3049 2496 ταῖς
3078 2433 3185 2485 τῶν
3207 2432 3485 2501 λογισμῶν
3512 2432 3828 2500 ἐκτροπαῖς,
3869 2430 3904 2498 ἢ
3940 2429 4073 2481 πολ-

2496 2527 2574 2598 λῷ
2600 2526 2775 2596 ὕπνῳ,
2802 2526 2836 2596 ἢ
2883 2524 3102 2595 ἀκηδίᾳ,
3152 2523 3371 2576 ἐκλύσει
3420 2539 3479 2575 τε
3516 2523 3609 2574 καὶ
3656 2521 3942 2590 συγχύσει,
3978 2520 4072 2572 καὶ

2496 2617 2840 2687 ταραχώδεσι
2871 2616 2967 2669 καὶ
3016 2615 3290 2685 ἁπρεπέσι
3322 2615 3527 2681 φωναῖς
3562 2611 3869 2682 χρώμενον,
3902 2613 3936 2681 ἡ
3960 2628 4072 2663 τισι

2497 2709 2764 2771 τοιούτοις
2837 2707 3203 2778 ἐπιτρέποντα
3266 2707 3367 2775 τὴν
3440 2704 3701 2767 διάνοιαν,
3762 2704 3903 2774 μόνῃ
3981 2704 4076 2773 μὲν

2499 2798 3079 2869 ἐκπληροφορούμενον
3117 2800 3181 2866 τῇ
3222 2796 3525 2866 παραμόνῳ
3556 2794 3766 2857 στάσει,
3804 2794 3986 2845 κλίσει
4016 2811 4073 2845 τε

2497 2890 2606 2941 τῶν
2630 2889 2892 2957 γονάτων,
2928 2888 3018 2940 τὸν
3036 2888 3092 2940 δέ
3120 2886 3243 2939 νοῦν
3275 2887 3493 2954 μακράν
3517 2900 3617 2936 που
3644 2883 3753 2935 τῶν
3770 2883 4076 2952 γινομένων

2500 2978 2985 3048 ἀποπλανώμενον,
3023 2976 3233 3045 ἔχοντα.
3261 2974 3428 3026 Οὐδὲν
3451 2972 3560 3044 γὰρ
3589 2973 3649 3025 τὸ
3670 2972 3902 3031 κωλῦον,
3930 2972 3963 3041 ἦ
4005 2971 4078 3039 μὴ

2500 3070 2746 3140 ἀκριϐῶς
2804 3070 2992 3138 νήφων
3060 3066 3586 3136 παρασκευάζηται,
3660 3062 4075 3132 ἐναντιούμενος

2506 3157 2605 3227 μὲν
2625 3159 2690 3226 τῇ
2720 3156 2820 3228 ὕλῃ
2858 3156 2966 3207 τῶν
3017 3154 3290 3225 περιττῶν
3340 3153 3644 3221 λογισμῶν,
3676 3150 4081 3213 διαδασανίζων

822 3244 994 3296 rantis
1026 3242 1248 3297 interim
1303 3244 1526 3298 mentis.
1573 3245 1721 3299 Nihil
1757 3244 1906 3298 enim
1945 3260 2076 3299 sane
2116 3245 2393 3314 prohibet,
2425 3228 2468 3284 (ἶ

820 3332 980 3400 quin,
1006 3332 1109 3385 nisi
1145 3332 1437 3402 diligenter
1459 3343 1517 3388 et
1540 3342 1746 3389 attente
1785 3334 1853 3387 ad
1880 3335 2147 3388 orandum
2173 3346 2398 3404 paratus

822 3424 949 3492 quis
1000 3424 1244 3488 accedat,
1301 3426 1405 3479 nisi
1468 3427 1641 3479 turba:
1690 3442 1953 3479 vanarum
2001 3429 2394 3497 cogitationum

824 3514 1044 3568 fortiter
1075 3516 1328 3579 obsistat,
1374 3517 1662 3571 excutiens
1695 3519 1941 3587 singulas
1982 3528 2039 3573 et
2068 3521 2400 3590 dijudicans,
2502 3541 2504 3550 ι

2397 3565 2400 3581 .
2502 3538 2609 3576 νων
2666 3521 3096 3591 προσκαρτερεῖν
3152 3516 3605 3585 κατεπαίρεσθαι,
3664 3518 3755 3569 καὶ
3814 3516 3903 3568 διὰ
3973 3514 4077 3566 τῶν

824 3606 1072 3677 ﬂagrantl
1098 3624 1316 3678 semper
1357 3610 1636 3664 desiderio
1674 3626 1731 3665 se
1769 3611 1964 3665 intime
1994 3612 2062 3665 ad
2098 3613 2269 3667 Deum
2306 3614 2403 3669 ad-
2501 3638 2504 3651 <

2401 3647 2403 3654 -
2501 3612 2758 3668 τοιούτων
2775 3612 2872 3679 τῆς
2894 3610 3092 3672 κακίας
3112 3608 3520 3679 μηχανημάτων
3534 3609 3631 3678 τὴν
3654 3606 4081 3676 καλῆνδιαφθεί-

824 3700 1311 3768 movendi,nihil,
1364 3702 1609 3770 inquam,
1652 3702 1855 3768 obstat,
1896 3704 1941 3758 si
1984 3704 2101 3758 hate
2140 3706 2400 3776 negliget,

2505 3722 2617 3776 ρειν
2655 3703 2940 3775 ἐργασίαν,
2987 3702 3081 3753 καὶ
3131 3701 3416 3770 προπίνειν
3476 3700 3679 3770 ταύτην
3724 3698 3803 3768 τῷ
3856 3698 4080 3767 πονηρῴ

819 3790 957 3858 quin
999 3792 1241 3845 versutis
1302 3791 1665 3845 inhabitantis
1719 3792 1774 3845 in
1825 3792 1944 3861 ipso
2007 3795 2229 3849 malitia:
2260 3796 2402 3851 clam
2502 3798 2738 3868 δαίμονι.

821 3882 1086 3935 illiciatur
1115 3882 1327 3935 artibus
1356 3899 1370 3935 :
1405 3890 1501 3935 aut
1528 3881 1711 3935 ell‘erri
1764 3898 1821 3937 se
1861 3883 2094 3938 sinendo
2124 3885 2194 3949 jn
2229 3897 2607 3958 contemptum
2645 3886 2903 3948 aliorum,
2948 3884 3363 3954 comparatione
3396 3884 3482 3938 sui
3518 3898 3641 3937 cum
3670 3882 3736 3935 iis
3768 3881 3860 3950 qui
3896 3896 4083 3949 perse—

819 3992 1015 4031 vorare
1047 3976 1141 4032 diu
1164 3976 1218 4031 in
1246 3978 1494 4032 oratione
1528 3986 1837 4047 nequeunt;
1878 3979 1986 4033 alio
2016 3981 2272 4051 quopiam
2294 3998 2483 4037 errore
2518 3982 2574 4036 in
2603 3998 2765 4053 quem
2802 3983 2918 4037 suis
2948 3998 3075 4037 eum
3103 3990 3283 4037 astuta
3323 3981 3531 4035 malitia
3583 3978 4085 4033 machinationibus

821 4070 1149 4134 induxerit,
1220 4071 1626 4140 corrumpendo
1678 4071 1994 4140 praeclaram
2044 4072 2439 4141 operationem,
2472 4090 2707 4144 eamque
2758 4076 2838 4131 sic
2877 4075 3214 4130 irridendam
3247 4072 3592 4144 propinando
3632 4074 3775 4126 malo
3824 4071 4081 4129 daemoni,

2511 3248 2568 3301 δὲ
2594 3248 2803 3309 πάντας
2838 3244 3033 3308 αὐτοὺς
3067 3246 3162 3298 καὶ
3190 3243 3537 3311 φιλοκρινῶν,
3568 3240 3846 3294 ἐπιποθῶν
3874 3258 3937 3293 τε
3993 3240 4080 3293 ἀεὶ

2505 3341 2595 3393 τὸν
2635 3338 2861 3408 Κύριον,
2892 3336 3153 3397 ποικίλως
3171 3336 3274 3387 ὑπὸ
3294 3335 3393 3399 τῆς
3427 3334 3627 3396 κακίας
3648 3332 3792 3387 κατά
3838 3332 3903 3384 τὸ
3932 3334 4076 3399 ἀφα-

2505 3434 2591 3495 νές
2616 3429 2965 3493 δελεάζεσθαι
2989 3446 3003 3461 ο
3034 3429 3066 3498 ἢ
3098 3429 3192 3483 καὶ
3230 3427 3337 3479 τῶν
3383 3427 3549 3496 μήπω
3581 3428 3647 3496 τῇ
3681 3426 3812 3495 εὐχῇ
3841 3425 4080 3493 δυναμέ-

889 4160 954 4214 ν.
995 4161 1111 4214 Nisi
1136 4162 1437 4223 humilitas,
1468 4161 2072 4232 charilas,simplicita..
2097 4174 2153 4220 et
2179 4166 2399 4221 bonitas

819 4258 972 4305 arcte
1020 4252 1402 4321 eonglutinent
1446 4253 1606 4307 nobis
1648 4255 1979 4319 orationem,
2039 4256 2155 4325 ipsa
2197 4258 2396 4322 oratio,

820 4348 916 4392 aut
967 4341 1153 4408 potius
1213 4343 1375 4396 inane
1416 4342 1773 4398 simulacrum
1828 4346 2115 4411 orationis,
2168 4346 2397 4401 minime

817 4443 952 4482 sane
989 4430 1185 4499 juvare
1224 4446 1324 4486 nos
1355 4433 1581 4501 poterit.
1606 4434 1793 4503 Neque
1826 4434 1878 4488 id
1903 4434 1969 4488 de
1992 4436 2241 4491 oratione
2276 4436 2391 4491 sola

819 4517 1076 4585 dicimus,
1113 4521 1207 4575 sed
1238 4522 1305 4576 de
1338 4524 1487 4577 omni
1520 4540 1719 4594 genere
1749 4524 2047 4578 arduorum
2094 4536 2395 4595 quantum-

818 4608 903 4663 vis
944 4617 1000 4663 et
1038 4610 1439 4666 laboriosorum
1482 4628 1743 4683 Operum,
1776 4622 1908 4682 puta
1950 4615 2019 4669 de
2057 4616 2393 4685 virginitate,

2578 4166 2655 4219 E'.
2690 4166 2753 4219 Εί
2786 4166 2863 4236 μὴ
2893 4167 2925 4235 ή
2954 4163 3421 4236 ταπεινοφροσύνη
3472 4163 3567 4216 καὶ
3600 4163 3814 4231 ἀγάπη,
3844 4163 3877 4232 ἡ
3913 4162 4084 4215 ἁπλό-

2506 4270 2607 4324 της
2644 4270 2705 4307 τε
2734 4254 2827 4308 καὶ
2858 4253 3133 4322 ἀγαθότης
3166 4252 3577 4306 κατακολλῶσιν
3612 4254 3748 4322 ἡμῖν
3776 4252 3876 4321 τὴν
3896 4250 4085 4321 εὐχὴν,

2505 4348 2539 4416 ἡ
2576 4346 2710 4416 εὐχὴ
2758 4347 2920 4415 αὕτη,
2980 4346 3183 4416 μᾶλλον
3226 4346 3283 4398 δέ
3330 4344 3391 4397 τὸ
3424 4344 3721 4413 πρόσχημα
3744 4343 3846 4411 τῆς
3894 4343 4085 4411 εὐχῆς,

2504 4438 2708 4508 ἥκιστά
2736 4454 2798 4506 γε
2833 4438 2980 4507 ἡμᾶς
3017 4435 3249 4505 ὠφελεῖν
3284 4434 3529 4488 δύναται.
3574 4433 3682 4485 Καὶ
3720 4432 3820 4485 οὐκ
3854 4430 3950 4485 ἐπὶ
3980 4431 4079 4499 τῆς

2504 4528 2671 4598 εὐχῆς
2698 4526 2858 4580 τοῦτο
2892 4527 3060 4597 μόνης
3093 4526 3296 4595 φαμὲν,
3327 4524 3463 4578 ἀλλά
3506 4525 3601 4579 καὶ
3628 4522 3723 4576 ἐπὶ
3754 4522 3959 4587 παντὸς
3983 4540 4083 4574 κα-

2507 4617 2678 4687 μάτου
2699 4616 2793 4669 καὶ
2816 4616 2999 4679 πόνου,
3022 4615 3372 4685 παρθενείας,
3401 4615 3434 4683 ἢ
3453 4612 3710 4682 νηστείας
3726 4612 3757 4682 ἢ
3776 4612 4085 4681 ἀγρυπνίας

813 4702 1044 4772 jejunio,
1071 4702 1631 4771 vigiliis,psalmodia,
1656 4705 1982 4771 ministerio,
2004 4708 2389 4776 similibusque
2418 4724 2469 4784 ι)

2418 4724 2469 4784 D
2501 4707 2899 4778 ἦψαλμῳδίαςν
2933 4706 2965 4776 ἦ
2998 4706 3293 4768 διακονίας,
3328 4706 3362 4776 ἢ
3395 4702 3789 4771 οἱασδηποτοῦν
3820 4702 4086 4772 ἐργασίας

820 4791 1013 4845 oﬂiciis
1070 4793 1442 4860 speciosarum
1475 4794 1961 4865 plausibiliumque
2005 4798 2295 4851 virtutum.
2332 4798 2391 4851 in

818 4899 1052 4953 quarum
1093 4884 1359 4938 exercitio
1421 4887 1525 4939 nisi
1578 4886 1791 4942 fructus
1848 4888 2166 4954 charitatis,
2217 4890 2392 4960 pacis,

2495 4796 2696 4866 ἀρετῆς
2736 4796 2925 4849 ἕνεκεν
2962 4795 3412 4864 ἐπιτελουμένης.
3456 4794 3518 4845 Ei
3562 4793 3638 4862 μὴ
3676 4793 3801 4853 τοὺς
3836 4792 4087 4861 καρποὺς

2494 4889 2591 4957 τῆς
2619 4887 2859 4955 ἀγάπης,
2885 4887 3107 4956 εἰρήνης
3138 4902 3198 4938 τε
3238 4885 3334 4937 καὶ
3380 4885 3575 4953 χαρᾶς,
3620 4882 3715 4935 καὶ
3750 4881 4080 4952 πραότητος,

815 4975 1025 5045 gaudii,
1056 4977 1528 5041 mansuetudinis,
1556 4979 1907 5045 humilitatis,
1935 4983 2069 5050 quin
2117 4984 2281 5037 etiam
2338 4991 2395 5038 et
2486 4996 2495 5013 ·

2486 4977 2985 5047 ταπεινοφροσύνης
3022 4994 3102 5042 τε,
3128 4977 3293 5045 φημὶ,
3322 4976 3417 5027 καὶ
3458 4974 3784 5043 ἁπλότητος,
3820 4972 3919 5024 καὶ
3953 4973 4082 5041 ἀφε-

817 5065 1189 5134 simplicitatis
1228 5067 1671 5137 sinceritatisque
1736 5086 1799 5125 ac
1850 5072 1974 5126 fidei
2025 5082 2086 5126 ut
2146 5084 2387 5142 oportet,

818 5154 1252 5225 longanimitatis
1286 5172 1506 5226 quoque
1548 5174 1611 5213 ac
1659 5160 2057 5217 benevolentia:
2099 5165 2156 5217 in
2205 5166 2393 5219 nobis-

818 5246 1070 5314 metipsis
1098 5246 1437 5313 experiendo
1465 5248 1782 5311 videamus,
1810 5250 2082 5305 inutiliter
2109 5253 2399 5306 laborave-

820 5336 1012 5389 rimus.
1062 5335 1303 5389 Labores
1368 5336 1639 5405 siquidem
1706 5339 1842 5392 istos
1900 5355 1994 5409 spe
2045 5344 2401 5411 assequendae

820 5426 1099 5479 fructuum
1130 5426 1390 5479 utilitatis
1418 5428 1769 5495 suscipimus.
1810 5429 1866 5483 Si
1898 5445 2028 5499 ergo
2051 5441 2173 5500 post
2212 5448 2308 5487 eos
2343 5434 2395 5487 in

822 5516 981 5570 nobis
1020 5531 1129 5569 non
1165 5517 1512 5585 reperiantur
1535 5518 1749 5574 fructus
1782 5520 2101 5587 charitatis,
2140 5539 2400 5593 superva-

824 5622 992 5662 canea
1020 5606 1269 5677 profecto
1318 5608 1413 5663 illa
1462 5609 1643 5666 omnis
1680 5627 1846 5681 opera
1902 5613 2086 5668 fuerit.
2135 5616 2213 5670 Ac
2263 5616 2397 5671 mihi

898 5791 981 5845 "i
1019 5790 1209 5847 Thess.
1246 5806 1297 5857 v,
1350 5793 1433 5846 17.
1515 5792 1714 5848 “Luc.
1746 5810 1896 5853 XVIII,
1931 5796 1972 5846 ι.

2491 5068 2639 5132 λείας
2656 5070 2749 5122 καὶ
2762 5068 2996 5131 πίστεως
3010 5068 3083 5131 ὡς
3101 5068 3239 5131 δέον,
3260 5065 3637 5136 μακροθυμίας
3654 5081 3712 5116 τε
3727 5065 3818 5116 καὶ
3836 5063 4080 5132 φιλοφρο-

2500 5160 2687 5228 σύνης,
2722 5162 2779 5212 ἐν
2808 5161 3021 5223 ἐαυτοῖς
3054 5161 3185 5229 ὀρᾷν
3219 5159 3459 5227 ἔχοιμεν,
3489 5157 3577 5208 ἐπ’
3615 5155 3792 5207 οὐδενὶ
3824 5154 4083 5224 χρησίμῳ

2500 5250 2571 5303 τά
2592 5251 2702 5303 τῶν
2732 5252 2910 5304 πόνων
2940 5250 3274 5320 ὑπέστημεν.
3312 5250 3450 5312 Τοὺς
3487 5248 3596 5318 γὰρ
3634 5247 3828 5307 πόνους
3862 5246 3952 5297 διὰ
3985 5248 4083 5315 τὴν

2503 5346 2613 5399 τῶν
2681 5346 2910 5416 καρπῶν
2962 5345 3230 5414 ὠφέλειαν
3276 5342 3572 5412 ὑπομένειν
3622 5337 4036 5407 καταδεχόμεθα
4068 5352 4080 5365 ·

2502 5438 2611 5491 τῶν
2644 5437 2700 5490 δέ
2734 5437 2961 5508 καρπῶν
2984 5437 3084 5505 τῆς
3110 5435 3333 5503 ἀγάπης
3368 5435 3425 5485 ἐν
3466 5434 3599 5501 ἡμῖν
3637 5436 3711 5499 μὴ
3756 5429 4079 5498 εὑρισκομέ-

2503 5545 2629 5593 νων,
2680 5527 2907 5599 περιττὴ
2961 5526 3179 5588 πάντως
3219 5526 3252 5594 ὴ
3313 5522 3564 5594 ἐργασία.
3615 5520 3776 5574 Ὥστε
3826 5518 3981 5570 οὐδὲν
4032 5517 4081 5569 oi

2502 5619 2733 5673 τοιοῦτοι
2768 5619 2875 5671 τῶν
2927 5617 3089 5672 πέντε
3152 5615 3350 5687 μωρῶν
3394 5611 3732 5682 διενηνόχασι
3767 5608 4081 5681 παρθένωνι

2056 5796 2069 5826 ⁵
2122 5795 2305 5848 Militi).
2355 5814 2489 5857 m1.
2528 5798 2576 5852 ii
