4254 6358
203 391 312 452 857

1446 387 1679 447 LIBER
1718 387 1816 448 DE
1850 388 2269 453 ORATIONE.

3373 401 3479 467 858

203 500 417 560 αἵτινες
446 493 536 548 διὰ
566 494 629 547 τὸ
663 492 738 563 μὴ
768 491 1019 547 ἐντεῦθεν
1059 492 1206 563 ἐχειν
1226 492 1292 545 ἐν’
1320 492 1439 554 ταῖς
1468 492 1718 565 καρδίαις
1738 493 1801 546 τδ
1826 507 1877 566 Α

1796 516 1801 543 μ
1826 496 2168 566 Ανὶἀθιιιυι-
2200 497 2460 552 homines
2504 498 2777 567 ejusmodi
2822 514 2852 553 a
2897 499 3142 572 quinque
3200 506 3364 564 fatuis
3421 514 3476 567 in

203 587 588 656 πνευματικὸν
656 586 858 645 ἔλαιον.
926 584 1064 655 ὅπερ
1117 583 1225 637 τῶν
1293 583 1599 655 εἰρημένων
1645 584 1792 637 ἐστὶν

201 678 427 750 ἀρετῶν
471 676 623 747 ηδιά
662 675 757 728 τοῦ
809 674 1127 744 Πνεύματος
1170 674 1441 744 ἐνέργεια,
1495 676 1678 744 μωραί
1729 693 1791 728 τε

199 767 635 839 ὠνομάσθησαν,
666 767 763 819 καὶ
793 764 886 818 τοῦ
915 762 1198 835 βασιλικοῦ
1232 763 1521 834 νυμφῶνος
1544 763 1791 827 ἐλεεινῶς

199 857 689 926 ἀπεκλείσθησαν,
743 854 907 925 μηδὲν
953 853 1048 906 τοῦ
1096 851 1394 924 παρθενίας
1448 852 1790 920 ἀπονάμεναι

201 950 483 1021 καμάτου.
514 948 729 1017 Ὠσπερ
760 947 868 1014 γὰρ
908 946 966 998 ἐν
1007 946 1072 1015 τῇ
1098 944 1197 1014 τῆς
1244 942 1492 1013 ἀμπέλου
1521 942 1785 1013 γεωργίᾳ,

200 1048 361 1098 πᾶσα
426 1041 715 1112 ἐπιμέλεια
760 1041 854 1093 καὶ
904 1038 1066 1102 πόνος
1112 1037 1201 1091 διὰ
1244 1037 1344 1108 τὴν
1397 1034 1508 1088 τῶν
1557 1034 1788 1103 καρπῶν

200 1138 400 1192 ἐλπίδα
431 1133 972 1206 προκαταδάλλεται·
1030 1130 1262 1201 καρπῶν
1296 1129 1353 1182 δὲ
1415 1127 1490 1198 μὴ
1530 1142 1786 1198 γεωργη-

202 1232 434 1295 θέντων,
472 1228 653 1283 είκαία
684 1227 901 1280 πάντων
923 1228 956 1295 ἡ
989 1222 1222 1296 ἐργασία
1242 1222 1513 1275 δείκνυται
1544 1236 1559 1251 ο
1591 1218 1783 1285 οὕτως,

202 1324 252 1374 εί
284 1323 364 1391 μὴ
397 1320 487 1373 διά
537 1319 636 1388 τῆς
688 1316 970 1388 ἐνεργείας
1020 1312 1115 1367 τοῦ
1172 1311 1491 1382 Πνεύματος
1537 1308 1785 1377 καρποὺς

202 1415 453 1482 ἀγάπης,
484 1412 579 1464 καὶ
609 1411 833 1481 εἰρήνης
865 1407 962 1461 καὶ
990 1407 1164 1476 χαρᾶς
1196 1404 1291 1458 καὶ
1317 1402 1426 1456 τῶν
1459 1400 1683 1466 λοιπῶν,
1710 1392 1784 1454 ὧν

201 1508 228 1556 ό
273 1502 603 1563 Ἀπόστολος
647 1499 1057 1569 ἀπηρίθμησεν,
1084 1498 1142 1549 ἐν
1181 1496 1396 1557 ἑαυτοῖς
1430 1492 1651 1562 ἴδοιμεν,
1689 1491 1783 1544 καὶ

199 1594 364 1646 τοῦτο
418 1592 559 1645 κατά
593 1588 970 1661 πληροφορίαν
1022 1589 1203 1639 πᾶσαν
1248 1584 1343 1637 καὶ
1400 1580 1782 1652 πνευματικὴν

200 1686 466 1755 αἴσθησιν
497 1682 830 1753 διομολογεῖν
860 1680 1100 1750 ἔχοιμεν,
1126 1694 1194 1730 πε
1206 1675 1426 1748 ριττὸςὸ
1451 1674 1552 1743 τῆς
1575 1671 1783 1741 παρθε-

200 1779 349 1842 νίας,
374 1776 539 1845 εὐχῆς
567 1791 625 1827 τε
657 1774 753 1827 καὶ
798 1770 1140 1842 ψαλμῳδίας,
1187 1768 1440 1839 νηστείας
1485 1766 1581 1820 καί⁸
1607 1767 1779 1833 ἀγρυ-

1902 588 2059 641 ιιυΙΙο
2088 587 2313 643 diﬂ'erre
2339 587 2671 658 virginibus,
2708 604 2830 660 quae
2870 592 3101 659 idcirco,
3132 598 3276 665 quod
3313 601 3481 657 domo

1898 677 2123 732 allatum
2162 679 2217 732 in
2251 679 2369 733 suis
2402 678 2668 733 cordibus
2700 674 2811 733 non
2848 680 3163 739 habuerunt
3191 687 3480 757 spirituale

1898 766 2101 833 oleum,
2142 766 2289 838 quod
2350 776 2436 823 est
2478 768 2643 823 modo
2690 778 3144 838 memoratarum,
3205 790 3330 845 quae
3383 796 3481 849 per

1901 856 2167 927 Spiritum
2211 868 2541 925 exercetur,
2578 863 2830 930 operatio
2864 864 3153 931 virtutum,
3196 879 3253 923 et
3304 871 3482 927 fatua-

1896 964 2019 1003 rum
2067 952 2512 1007 nomenelatione
2545 951 2812 1007 traductae
2861 965 3011 1021 sunt,
3053 967 3109 1012 et
3132 961 3479 1031 regiothala-

1894 1054 1986 1095 mo
2045 1042 2440 1097 miserabiliter
2487 1043 2745 1108 exclusm,
2812 1046 3023 1099 nullum
3074 1058 3248 1107 nacta:
3298 1070 3479 1123 opera:

1893 1132 2133 1201 pretium
2193 1132 2485 1188 custodita:
2560 1133 2838 1189 laboriose
2902 1136 3254 1206 virginitatis.
3320 1142 3479 1198 Sicut

1892 1222 2041 1276 enim
2083 1222 2139 1276 in
2184 1224 2321 1278 vieae
2371 1225 2589 1278 cultura
2620 1225 2804 1280 omnis
2856 1225 3141 1297 diligentia
3188 1241 3245 1286 et
3297 1234 3474 1301 labor,

1894 1311 2171 1367 fructuum
2230 1315 2392 1370 unice
2451 1322 2797 1383 speratorum
2868 1333 3032 1372 causa
3103 1321 3471 1391 impenditur;

1891 1402 2039 1457 unde
2079 1402 2148 1457 iis
2193 1420 2303 1459 non
2338 1405 2825 1475 provenientibus,
2874 1405 3185 1464 frustranea
3224 1420 3334 1466 tota
3368 1416 3473 1470 ista

1889 1495 2060 1551 fuisse
2090 1499 2372 1553 contentio
2405 1506 2777 1567 monstratur;
2822 1499 2900 1554 ita
2944 1501 3052 1556 nisi
3096 1519 3196 1573 per
3235 1521 3473 1575 aperan-

1891 1595 2001 1643 tem
2058 1588 2112 1643 in
2154 1589 2317 1644 nobis
2347 1589 2613 1660 Spiritum
2671 1591 2888 1647 fructus
2938 1594 3245 1663 charitatis,
3290 1601 3465 1669 pacis,

1888 1682 2097 1752 gaudii,
2144 1692 2202 1739 et
2233 1685 2357 1738 illos
2393 1685 2635 1755 reliquos
2687 1696 3048 1742 enumeratos
3091 1689 3160 1743 ab
3210 1692 3471 1761 Apostolo

1890 1772 1944 1828 in
1980 1775 2143 1829 nobis
2184 1776 2321 1845 ipsis
2345 1776 2636 1831 videamus
2659 1778 2746 1843 ⁸⁸;
2806 1785 2864 1834 et
2914 1779 3023 1834 hoc
3074 1782 3222 1835 omni
3254 1787 3472 1854 experi—

200 1868 369 1929 πνίας
401 1865 649 1934 κάματος
681 1862 1086 1916 ἀποδείκνυται,
1109 1861 1172 1913 Oi
1200 1860 1298 1929 μέν
1325 1858 1433 1927 γὰρ
1463 1858 1615 1910 πόνοι
1632 1849 1780 1959 οὗτοι
1813 1901 1858 1959 Β

1813 1868 2113 1959 Bmentali
2165 1868 2486 1935 evidentia,
2540 1884 2849 1940 sensusque
2896 1873 3246 1929 convictione
3309 1876 3472 1945 Spiri-

199 1962 298 2011 καὶ
323 1958 565 2025 κάματοι
590 1954 685 2023 τῆς
727 1952 903 2023 ψυχῆς
955 1950 1169 2005 καὶτοῦ
1202 1949 1455 2020 σώματος
1480 1947 1567 2000 ἐπ’
1603 1945 1780 2000 ἐλπίδι
1813 1945 1857 1959 “’

1813 1945 1857 1959 “’
1885 1957 2053 2011 tualis
2108 1958 2271 2026 plane
2306 1974 2630 2028 persuasum
2665 1960 2823 2014 fateri
2875 1976 2939 2015 ae
2985 1961 3235 2031 profiteri
3285 1966 3466 2019 valca-

199 2051 595 2123 πνευματικῶν
629 2049 881 2121 καρπῶν,
912 2047 1099 2117 ῶσπερ
1143 2047 1379 2115 ἔφημεν,
1412 2041 1780 2096 ἐπιτελεῖσθαι

199 2147 517 2216 ὀφείλουσιν
538 2158 553 2174 ⁸
601 2144 635 2213 ἡ
667 2143 711 2196 δ’
743 2144 801 2195 ἐν
839 2143 958 2204 ταῖς
994 2142 1215 2211 ἀρεταῖς
1254 2136 1622 2207 καρποφορία,
1647 2135 1782 2189 ἀπό-

198 2238 394 2298 λαυσίς
443 2239 561 2289 ἐστι
614 2232 963 2303 πνευματικὴ
1013 2231 1132 2302 μεθ’
1182 2231 1372 2300 ἡδονῆς
1415 2228 1693 2299 ἀφθάρτου
1721 2229 1780 2281 ἐν

200 2329 454 2399 καρδίαις
503 2328 721 2389 πισταῖς
752 2342 811 2378 τε
853 2325 949 2378 καὶ
990 2324 1297 2386 ταπειναῖς,
1346 2321 1449 2374 ὐπδ
1478 2319 1571 2373 τοῦ
1602 2318 1777 2373 Πνεύ-

203 2438 375 2491 ματος
402 2418 733 2492 ἀπορῤήτως
760 2416 1129 2488 ἐνεργουμένη
1156 2431 1170 2444 ·
1198 2413 1338 2467 ὥστε
1368 2414 1417 2467 οἱ
1438 2412 1587 2467 πόνοι
1613 2414 1708 2465 καὶ
1728 2412 1777 2465 oi

200 2514 459 2583 κάματοι,
496 2509 679 2573 καθώς
712 2510 820 2562 εἰσι
849 2509 1021 2572 πόνοι,
1052 2506 1217 2577 φημὶ,
1248 2506 1342 2560 καὶ
1374 2506 1609 2577 κάματοι
1634 2503 1779 2571 λογι-

199 2603 505 2671 ζέσθωσαν,
565 2604 661 2657 καὶ
715 2601 766 2654 οἱ
817 2600 1043 2671 καρποὶ,
1083 2598 1307 2669 καρποί.
1341 2598 1405 2650 Et
1458 2596 1514 2649 δέ
1557 2612 1639 2658 τις
1690 2595 1778 2648 διὰ

200 2695 459 2765 γνώσεως
494 2694 699 2757 ἐνδείας
729 2692 828 2764 τὴν
853 2690 1113 2763 ἐργασίαν
1146 2688 1310 2744 αὐτοῦ
1346 2689 1439 2742 καὶ
1467 2687 1560 2739 τὸν
1592 2686 1775 2756 κάμα-

198 2805 293 2841 τον
323 2787 572 2859 καρποὺς
587 2784 681 2839 τοῦ
707 2785 1023 2854 Πνεύματος
1045 2777 1185 2835 εἶναι
1208 2779 1445 2851 νομίσει,
1474 2778 1547 2849 μὴ
1565 2776 1775 2845 ἀγνοῶν

201 2880 456 2947 φαίνεται
509 2878 860 2948 ψυχαγωγεῖν
910 2874 1102 2930 ἐαυτὸν
1133 2868 1651 2942 παρακρουόμενοςλ
1682 2868 1777 2921 καὶ

203 2971 461 3041 μεγάλων
486 2970 653 3032 ὅντως
683 2966 913 3039 καρπῶν
933 2965 1025 3021 τοῦ
1050 2963 1189 3018 Πνεύ
1198 2980 1388 3032 ματος,
1405 2962 1493 3014 διά
1521 2961 1583 3013 τὸ
1603 2959 1777 3022 οὕτως

200 3060 290 3131 ἔχε
300 3079 369 3125 ιν,
401 3058 741 3129 ἀποστερῶν.

1888 2063 2032 2110 mus,
2067 2049 2259 2103 irritus
2295 2058 2353 2104 et
2389 2050 2627 2105 utilitate
2667 2065 2857 2106 cassus
2883 2054 3064 2107 omnis
3104 2053 3464 2124 virginitatis,

1885 2141 2155 2195 orationis
2181 2149 2238 2195 et
2262 2142 2600 2211 psalmodiae,
2638 2142 2833 2212 jejunii
2885 2152 2941 2196 et
3008 2144 3319 2211 vigiliarum
3372 2148 3467 2201 (1ο-

1884 2230 2249 2299 prehenditur
2280 2232 2456 2287 labor.
2514 2232 2597 2286 Illi
2652 2234 2800 2287 enim
2850 2234 3049 2288 animus
3105 2244 3161 2289 et
3217 2239 3467 2306 corporis

1882 2322 2100 2377 labores
2131 2338 2227 2393 spe
2271 2324 2644 2393 spiritualium
2674 2324 2957 2381 fructuum
2992 2328 3184 2397 perlici
3230 2329 3461 2395 debent,

1884 2414 1964 2469 uti
2003 2414 2261 2471 diximus.
2310 2416 2371 2471 In
2400 2417 2705 2472 virtutibus
2748 2426 2932 2472 autem
2965 2435 3087 2488 qum
3111 2420 3318 2475 dicitur
3346 2422 3462 2476 fru-

1884 2504 2166 2571 ctificatio,
2199 2505 2389 2563 frultio
2418 2517 2503 2564 est
2530 2509 2836 2577 spiritualis
2872 2524 2999 2564 eum
3048 2511 3331 2581 voluptate
3379 2512 3463 2566 in-

1883 2597 2250 2667 corruptibili,
2284 2598 2342 2652 in
2379 2599 2641 2653 cordibus
2672 2599 2777 2654 fide
2828 2615 2892 2656 ac
2947 2601 3258 2657 humilitate
3309 2619 3451 2673 prae—

1883 2687 2015 2742 ditis
2061 2704 2093 2742 a
2136 2687 2346 2758 Spiritu
2378 2690 2516 2744 clam
2547 2690 2903 2745 ineﬂ‘abiliter
2948 2691 3167 2746 etl'ccta.
3221 2692 3464 2747 Seorsim

1883 2777 2071 2846 itaque
2101 2787 2432 2846 reputentur
2455 2788 2511 2833 et
2552 2780 2768 2834 labores
2814 2789 2871 2834 et
2915 2778 3151 2843 fructus,
3187 2790 3353 2850 prout
3407 2783 3462 2837 in

1883 2880 1943 2919 se
1978 2864 2196 2919 divisim
2219 2876 2369 2920 sunt.
2398 2866 2453 2921 Si
2472 2868 2598 2937 quis
2622 2884 2753 2923 vero
2782 2884 2879 2939 per
2950 2869 3280 2940 cognitionis
3309 2870 3465 2927 defe-

1893 2965 2069 3023 ctum,
2114 2959 2391 3027 propriam
2419 2963 2796 3029 operationem
2841 2970 2899 3016 et
2942 2962 3209 3027 laborem,
3254 2964 3465 3019 fructus

1887 3048 2131 3118 Spiritus
2182 3062 2307 3102 esse
2347 3049 2668 3114 crediderit,
2702 3050 2747 3105 is
2788 3066 2886 3120 per
2911 3050 3276 3122 ignorantiam
3304 3054 3463 3107 vide-

201 3166 294 3206 tur
344 3167 404 3207 se
452 3151 632 3221 ipsum
665 3150 868 3204 laetare
902 3156 959 3201 et
1006 3146 1166 3217 176
1218 3145 1493 3215 decipere,
1562 3158 1648 3209 ac,
1680 3142 1811 3198 dum
1853 3140 1929 3195 ita
1967 3154 2026 3194 se
2056 3138 2370 3195 adulatione
2404 3141 2567 3196 noxia
2604 3141 2792 3208 habet,
2838 3158 2969 3199 vere
3002 3145 3214 3216 magnis
3262 3156 3463 3201 semet-

201 3246 384 3318 ipsum
418 3244 659 3314 Spiritus
684 3241 957 3296 fructibus
990 3239 1228 3308 privare.

273 3338 367 3405 ς’.
407 3336 616 3407 Ὠσπερ
653 3335 681 3386 ὁ
722 3335 787 3403 τῇ
842 3331 1090 3401 ἁμαρτία
1141 3329 1260 3382 ὅλον
1309 3329 1500 3382 ἑαυτὸν
1557 3326 1773 3381 ἔκδοτον

203 3428 647 3500 παρασχόμενος,
704 3425 772 3477 τά
816 3422 966 3493 παρά
1000 3421 1161 3491 φύσιν
1203 3420 1352 3489 πάθη
1376 3420 1475 3489 τῆς
1526 3418 1771 3488 ἀτιμίας,

202 3522 487 3573 τουτέστιν
529 3516 839 3583 ἀσέλγειαν,
889 3511 1163 3581 πορνείαν,
1205 3509 1542 3574 πλεονεξίαν,
1596 3510 1771 3577 μῖσος,

202 3613 297 3665 καὶ
328 3609 501 3672 δόλον,
545 3606 642 3660 καὶ
670 3605 737 3658 τά
763 3602 925 3656 λοιπά
983 3602 1077 3671 τῆς
1122 3600 1318 3663 κακίας
1366 3599 1775 3668 ἐπιτηδεύματα

205 3711 264 3758 ἐν
299 3701 600 3757 ἀπολαύσει
631 3699 723 3751 καὶ
744 3698 904 3766 ἡδονῇ
932 3695 1006 3757 ὼς
1042 3693 1247 3760 φυσικά
1297 3690 1762 3761 καταπράττεται⁹

199 3795 429 3856 οῦτωςὸ
456 3794 512 3845 ἐν
561 3789 789 3860 ἀληθεία
837 3788 930 3839 καὶ
980 3785 1278 3853 τελειότητι
1322 3782 1645 3854 Χριστιανὸς
1673 3780 1773 3845 ῶν,

198 3890 299 3952 τὰς
332 3887 533 3959 ἀρετάς
557 3884 762 3946 πάσας,
791 3880 1031 3941 καὶτοὺς
1054 3877 1299 3948 καρποὺς
1331 3875 1425 3927 τοῦ
1456 3873 1595 3928 Πνεύ
1606 3890 1774 3943 ματος

201 3958 449 4038 ἅπαντας
483 3976 609 4036 τοὺς
640 3972 778 4042 ὐπέρ
810 3970 909 4041 τὴν
941 3968 1121 4037 φύσιν,
1157 3968 1257 4036 τὴν
1285 3964 1505 4034 ἀγάπην
1533 3958 1773 4032 δηλονότι

202 4071 295 4123 καὶ
323 4068 424 4136 τὴν
449 4067 692 4137 εἰρήνην,
727 4063 825 4134 τὴν
858 4060 1155 4131 ὑπομονὴν,
1183 4058 1283 4129 τὴν
1325 4059 1530 4121 πίστιν,
1561 4056 1655 4108 καὶ
1676 4053 1773 4124 τὴν

199 4160 550 4222 ταπείνωσιν,
580 4156 676 4210 καὶ
695 4156 803 4209 πᾶν
827 4153 889 4205 τδ
904 4150 1139 4224 χρυσοῦν
1162 4148 1331 4212 ὅντως
1353 4148 1508 4217 γένος
1526 4146 1624 4216 τῆς
1642 4147 1772 4216 ἀρε-

200 4253 323 4321 τῆς,
343 4252 400 4303 ἐν
419 4246 718 4301 ἀπολαύσει
748 4243 915 4315 πολλῇ
942 4243 1035 4295 καὶ
1062 4242 1220 4312 ⁴ἠδονῆ
1246 4239 1614 4308 πνευματικῇ.
1638 4236 1774 4289 ἀπο-

200 4344 323 4409 νητὶ
354 4338 539 4391 λοιπὸν
570 4334 666 4387 καὶ⁸
691 4334 884 4404 ῥᾳδίως
910 4331 987 4395 ὡς
1026 4329 1233 4400 φυσικά
1262 4327 1505 4398 μέτεισιν
1530 4341 1545 4355 ο
1570 4325 1670 4377 οὐκ
1693 4324 1772 4375 ἔτι

200 4428 341 4499 πρὸς
361 4428 428 4480 τά
453 4425 602 4495 πάθη
628 4425 729 4493 τῆς
755 4422 955 4484 κακίας
980 4420 1403 4492 διαμαχόμενος’
1425 4420 1521 4473 ἀτε
1553 4418 1774 4479 τελείως

201 4520 311 4573 ἀπὸ
368 4516 575 4588 Κυρίου
630 4513 1057 4585 λελυτρωμένος,
1118 4514 1211 4565 καὶ
1257 4512 1365 4565 ἀπὸ
1416 4510 1511 4564 τοῦ
1569 4509 1771 4581 ἀγαθοῦ

202 4609 518 4678 Πνεύματος
576 4608 677 4677 τὴν
731 4606 919 4673 ἐντελῆ
974 4603 1068 4657 τοῦ
1123 4603 1361 4674 Χριστοῦ
1410 4604 1630 4675 εἰρήνην
1680 4602 1773 4656 καὶ

202 4700 526 4768 ἀγαλλίασιν
562 4700 619 4751 ἐν
665 4700 731 4767 τῇ
760 4696 956 4766 καρδίᾳ
990 4694 1303 4764 δεξάμενος.
1341 4690 1510 4757 Οὗτός
1549 4696 1695 4747 ἐστιν
1746 4695 1774 4745 ὁ

1953 3322 2042 3378 VI.
2084 3323 2158 3380 Ut
2205 3323 2299 3393 qui
2350 3332 2577 3393 peccato
2636 3334 2814 3381 totum
2864 3342 2922 3382 se
2976 3328 3156 3397 ipsum
3214 3330 3461 3387 deditum

1882 3415 2146 3480 exhibet,
2215 3426 2471 3471 naturam
2525 3417 2928 3473 inhonorantes
2972 3420 3288 3491 ignominia
3340 3440 3464 3494 pas-

1802 3490 1845 3547 C
1878 3508 2084 3575 siones,
2112 3509 2219 3564 hoc
2255 3519 2340 3564 est
2392 3508 2816 3579 impudicitiam,
2850 3512 3298 3581 fornicationem,
3333 3533 3461 3571 ava-

1877 3599 2081 3664 ritiam,
2137 3599 2349 3664 odium,
2402 3599 2613 3662 dolum,
2645 3609 2701 3655 et
2745 3603 2955 3672 reliqua
3010 3607 3232 3661 malitias
3278 3608 3462 3663 studia

1876 3705 2002 3743 cum
2055 3690 2319 3747 fruitione
2394 3707 2459 3746 ac
2531 3692 2813 3761 voluptate
2876 3702 3135 3764 tanquam
3186 3700 3461 3756 naturalia

1875 3793 2128 3848 exercet;
2166 3782 2248 3837 sic
2290 3782 2387 3852 qui
2431 3797 2561 3837 vere
2604 3798 2669 3837 ac
2707 3786 2950 3853 perfecte
2980 3786 3333 3844 Christianus
3354 3801 3461 3855 est,

1874 3876 2111 3929 virtutes
2140 3889 2331 3931 omnes
2359 3884 2416 3930 et
2456 3875 2671 3931 fructus
2701 3876 2963 3946 Spiritus,
2990 3879 3084 3948 qui
3139 3897 3307 3951 supra
3361 3899 3461 3937 na-

1875 3972 2054 4018 turam
2096 3972 2246 4030 sunt,
2274 3963 2535 4020 videlicet
2556 4007 2569 4031 ,
2603 3965 2951 4033 charitatem,
2996 3982 3208 4037 pacem,
3243 3970 3460 4039 patien-

1876 4055 2030 4118 tiam,
2064 4053 2249 4118 ﬁdem,
2286 4054 2678 4121 humilitatem,
2716 4065 2775 4110 et
2817 4072 2980 4112 omne
3011 4074 3186 4128 genus
3202 4076 3335 4115 vere
3365 4077 3465 4117 au-

1875 4162 2033 4201 reum
2058 4147 2302 4209 virtutis,
2326 4145 2676 4217 jucunditate
2723 4148 2895 4202 multa
2938 4158 2994 4203 et
3023 4151 3307 4221 voluptate
3347 4154 3463 4222 spi-

1876 4239 2085 4303 rituali,
2116 4237 2184 4293 de
2213 4248 2414 4293 caetero
2442 4239 2563 4294 sine
2586 4240 2777 4295 labore
2802 4256 2866 4296 ac
2894 4242 3076 4308 facile,
3103 4253 3165 4297 ut
3187 4246 3462 4300 naturalia

1875 4330 2231 4399 exsequitur;
2281 4346 2389 4384 non
2450 4331 2563 4400 jam
2621 4340 2815 4385 contra
2869 4334 3155 4401 passiones
3200 4337 3463 4405 nequitia:

1877 4419 2227 4491 depugnans;
2260 4426 2454 4489 utpote
2478 4419 2574 4489 qui
2592 4420 2839 4489 perfecte
2860 4436 2889 4474 a
2912 4422 3145 4476 Domino
3167 4423 3460 4490 liberatus,

1874 4519 1931 4566 et
1975 4527 2005 4565 a
2051 4512 2195 4564 bono
2244 4510 2453 4580 Spiritu
2503 4512 2721 4581 plenam
2786 4513 3204 4584 absolutamque
3254 4515 3460 4572 Christi

1876 4618 2064 4672 pacem
2094 4611 2150 4656 et
2183 4601 2606 4657 exsultationem
2649 4603 2703 4657 in
2728 4603 2896 4658 corde
2935 4605 3170 4675 adeptus
3194 4607 3285 4662 sit.
3313 4608 3459 4663 Talis

1876 4700 1959 4747 est
2005 4694 2197 4747 intime
2222 4702 2389 4761 atque
2443 4693 2729 4749 individue
2766 4696 2999 4751 Domino
3047 4698 3354 4764 adhaerens,
3405 4711 3463 4755 et

201 4789 486 4857 κολληθεὶς
514 4788 592 4858 τῷ
624 4788 833 4859 Κυρίῳ,
868 4788 961 4839 καὶ
995 4786 1284 4856 γενόμενος
1314 4787 1395 4849 εἰς
1440 4787 1497 4838 ἓν
1531 4786 1769 4855 πνεῦμα.
1799 4822 1851 4881 D
1878 4786 1881 4838 ἕ

1314 4787 1395 4849 εἰς
1440 4787 1497 4838 ἓν
1531 4786 1769 4855 πνεῦμα.
1799 4786 1933 4881 Din
1970 4800 2137 4838 unum
2173 4801 2297 4839 cum
2325 4800 2392 4839 eo
2436 4786 2673 4841 coalitus
2698 4788 2977 4856 spiritum.

273 4882 349 4934 Z'.
382 4880 521 4941 Τοὺς
555 4880 723 4949 μήπω
752 4878 1085 4948 δυναμένους
1131 4877 1315 4946 ἄκρως
1340 4876 1418 4947 τῷ
1461 4877 1560 4946 τῆς
1594 4878 1770 4946 ψυχῆς

202 4972 367 5041 ἔρωτι
410 4969 499 5021 διὰ
548 4968 850 5038 νηπιότητα
887 4970 1113 5029 ἑαυτοὺς
1154 4970 1467 5038 ἐπιτρέπειν
1492 4985 1505 4997 ·
1550 4967 1773 5029 τούτους

198 5061 300 5130 τὴν
338 5059 643 5129 ὑπηρεσίαν
701 5058 811 5111 τῶν
870 5056 1114 5125 ἀδελφῶν
1167 5058 1283 5125 μετ’
1353 5056 1634 5120 εὐλαϐείας
1680 5056 1774 5109 καὶ

201 5154 461 5217 πίστεως,
502 5151 667 5220 φόὸου
722 5168 784 5203 τε
837 5149 1002 5215 θείου,
1052 5149 1450 5215 καταδέξασθαι
1503 5148 1628 5218 χρὴ,
1700 5150 1774 5211 ὡς

201 5244 337 5298 Θεοῦ
370 5243 581 5313 ἐντολῇ,
614 5242 706 5295 καὶ
752 5242 827 5306 ὡς
861 5241 1221 5312 πνευματικῷ
1261 5241 1549 5311 πράγματι
1592 5240 1773 5293 διακο-

202 5336 493 5406 νουμένους
516 5352 529 5365 ·
576 5336 690 5388 ἀλλ’
718 5335 817 5404 οὐχ
864 5333 940 5396 ὡς
980 5333 1109 5401 παρ’
1137 5333 1442 5401 ἀνθρώπων
1490 5332 1703 5400 μισθὸν,
1738 5332 1769 5402 ἢ

203 5425 386 5495 τιμὴν,
423 5426 518 5477 καὶ
544 5424 894 5494 εὐχαριστίαν
924 5423 1403 5494 προσδοκωμένους
1424 5439 1435 5452 ·
1478 5424 1610 5492 μηδέ
1652 5424 1769 5475 δόν-

200 5535 300 5579 τας
351 5516 535 5585 χώραν
581 5517 717 5579 ὅλως
775 5513 1097 5584 γογγυσμῷ,
1165 5513 1198 5583 ἢ
1250 5513 1684 5584 ὑψηλοφροσύνῃ,
1735 5514 1767 5583 ἢ

202 5610 432 5678 ἀμελείᾳ
471 5610 565 5661 καὶ
614 5608 945 5677 χαυνότητι·
998 5606 1073 5669 ὼς
1132 5606 1207 5676 μὴ
1259 5606 1321 5658 τὸ
1368 5606 1573 5673 ἀγαθὸν
1615 5607 1771 5658 τοῦτο

206 5697 364 5765 ἔργον
418 5696 737 5748 σπιλοῦσθαι
783 5695 877 5747 καὶ
925 5693 1418 5762 παραφθείρεσθαι,
1463 5694 1549 5748 διὰ
1590 5694 1644 5748 δὲ
1671 5694 1768 5761 τῆς

280 5811 322 5840 ⁵⁸
351 5809 471 5865 Gal.
510 5825 563 5874 v,
596 5809 685 5862 2-2.

1947 4876 2058 4931 VII.
2101 4876 2234 4939 Illis,
2267 4876 2360 4946 qui
2390 4877 2638 4932 nondum
2662 4878 2851 4933 valent
2877 4878 2948 4934 ob
2983 4878 3285 4935 ruditatem
3310 4882 3462 4936 velut

1876 4965 2169 5035 quamdam
2196 4965 2461 5032 infantia,
2488 4982 2547 5022 se
2575 4976 2721 5024 totos
2760 4968 3020 5024 addicere
3045 4973 3218 5025 amori
3244 4988 3461 5027 summo

1876 5057 2071 5111 animae
2108 5058 2233 5112 nisu
2260 5058 2595 5127 exercendo,
2623 5062 2904 5123 convenit,
2933 5076 2991 5116 se
3038 5062 3187 5132 ipsos
3239 5065 3456 5134 impen-

1876 5150 2009 5203 dere
2041 5150 2351 5205 ministerio
2399 5150 2658 5218 fratrum,
2688 5153 2881 5208 sedqu
2914 5154 3051 5208 illud
3083 5171 3148 5209 ac
3181 5172 3306 5211 cum
3353 5158 3461 5211 ﬁde

1880 5242 2185 5312 timoreque
2219 5242 2406 5296 divino
2435 5244 2848 5312 amplectenda,
2883 5254 3143 5314 tanquam
3186 5248 3281 5301 Dei
3312 5262 3461 5300 man-

1880 5330 2007 5386 dato
2034 5334 2087 5385 in
2125 5332 2344 5401 negotio
2382 5334 2660 5401 spirituali
2684 5334 3093 5404 obsequentes;
3129 5354 3238 5391 non
3275 5349 3458 5393 autem

1880 5422 1948 5474 ab
1990 5421 2306 5476 hominibus
2339 5423 2675 5487 mercedem,
2715 5433 2812 5479 aut
2862 5425 3152 5488 honorem.
3196 5438 3290 5482 aut
3332 5445 3458 5497 gra-

1880 5512 2079 5565 tiarum
2123 5512 2397 5567 actionem
2445 5522 2859 5582 exspectantes;
2906 5532 3008 5570 nec
3039 5517 3237 5572 dantes
3278 5520 3458 5573 locum

1878 5603 2103 5657 omnino
2128 5605 2298 5659 ullum
2331 5607 2779 5670 murmurationi,
2805 5609 3098 5677 superbiae.
3118 5612 3459 5679 negligentia:

1878 5704 1933 5747 et
1980 5696 2224 5765 torpOri;
2279 5710 2348 5751 ne
2398 5697 2603 5752 bonum
2651 5697 2796 5752 istud
2845 5714 2987 5768 opus
3042 5702 3310 5757 maculari
3364 5711 3459 5757 aut
