4254 6358
832 372 938 438 859

2071 362 2133 426 S.
2172 358 2491 424 MACARII
2530 357 2848 421 IEGYPTII

3979 355 4078 415 860

837 482 1120 552 corrumpi
1152 478 1432 551 contingat
1463 495 1478 531 :
1515 478 1613 533 sed
1638 493 1737 549 per
1758 478 2018 548 pietatem
2047 475 2232 543 potius
2255 472 2416 540 impi-
2445 472 2490 530 Α

2397 500 2416 510 -
2445 472 2490 530 Α
2519 469 2806 532 εὐλαϐείας
2854 469 3074 538 μᾶλλον,
3120 468 3214 520 καὶ
3258 467 3349 520 τοῦ
3383 468 3574 535 φόϐου,
3633 467 3727 520 καὶ
3782 467 3879 532 τῆς
3907 465 4077 536 χαρᾶς

835 589 984 642 grain
1010 587 1136 626 cum
1176 568 1272 625 Dei
1305 570 1502 624 timore
1531 575 1588 622 et
1623 567 1790 622 alacri
1819 565 2008 620 laetitia
2036 565 2406 633 coniunctam,

834 672 1054 735 gratum
1096 662 1238 717 idem
1272 670 1677 730 acceptumque
1699 659 1814 713 Deo
1838 656 1951 711 ﬁat.

905 754 1042 807 VIII.
1081 751 1256 806 Tanta
1311 749 1655 805 humanitate
1718 756 1772 801 ct
1815 746 2059 800 bonitate
2107 744 2162 811 (ο
2211 741 2408 797 divina:

836 844 890 898 in
940 860 1038 898 nos
1066 842 1456 899 misericordia:
1485 837 2009 907 viscera!)demisit
2055 852 2112 890 se
2165 837 2232 890 ad
2276 851 2410 889 con-

835 937 1123 991 sulendum
1148 935 1464 989 hominibus
1491 933 1783 993 Dominus,
1812 940 1871 984 ut
1901 930 2094 985 sedqu
2129 929 2234 982 hoc
2265 933 2408 997 agat,

835 1045 904 1083 nc
939 1031 1230 1098 quisquam
1267 1028 1395 1082 boni
1431 1027 1616 1096 operis
1651 1024 1908 1080 mercede
1943 1039 2042 1094 per
2075 1037 2227 1077 suam
2253 1021 2411 1074 incu—

835 1118 970 1170 riam
1012 1117 1338 1182 fraudetur;
1381 1116 1476 1169 sed
1513 1132 1542 1169 a
1569 1115 1756 1184 parvis
1801 1113 1869 1168 ad
1923 1114 2159 1182 majores
2185 1110 2415 1164 virtutes

837 1215 1070 1259 cunctos
1095 1204 1249 1273 quasi
1282 1202 1616 1272 quibusdam
1643 1203 1902 1272 gradibus
1927 1201 2222 1270 provehat,
2259 1200 2332 1253 ita
2357 1207 2416 1254 ut

841 1313 911 1350 ne
939 1297 1217 1366 porrectio
1252 1296 1476 1365 quidem
1522 1297 1706 1350 calicis
1741 1311 1892 1363 aquae
1925 1293 2134 1363 frigidae
2161 1291 2416 1346 mercede

836 1387 1077 1440 caritura
1110 1387 1203 1440 sit.
1236 1386 1384 1438 Dixit
1423 1385 1570 1438 enim
1599 1402 1612 1436 :
1646 1383 1746 1447 Qui
1776 1385 1975 1436 dederit
2015 1381 2230 1436 calicem
2264 1397 2416 1451 aqua:

844 1479 1052 1547 frigidm
1078 1488 1285 1531 tantum
1327 1480 1383 1530 in
1413 1479 1621 1530 nomine
1647 1476 1911 1546 discipuli,
1937 1493 2091 1530 amen
2119 1477 2231 1528 dico
2254 1476 2416 1538 vobis,

836 1586 940 1621 non
970 1571 1147 1638 perdet
1188 1570 1476 1622 mercedem
1507 1586 1660 1620 suam
1686 1568 1754 1618 ⁵⁸.
1791 1568 1857 1620 Et
1887 1582 2084 1620 rursus
2109 1581 2124 1617 :
2152 1565 2214 1617 In
2250 1581 2419 1633 quan-

841 1668 950 1709 tum
987 1659 1080 1710 uni
1109 1660 1202 1710 hoc
1244 1659 1463 1727 fecistis,
1504 1658 1629 1709 mihi
1667 1657 1854 1724 fecistis
1873 1656 1937 1708 ⁵⁷.
1970 1643 2274 1708 Dummodo
2318 1669 2418 1707 se-

836 1750 1078 1799 cundum
1106 1748 1277 1800 Deum
1313 1746 1428 1809 ﬁat,
1463 1746 1611 1814 quod
1647 1747 1739 1808 Iit;
1788 1756 1842 1799 et
1884 1761 1992 1797 non
2032 1753 2256 1813 propter
2290 1743 2410 1795 Iau—

2511 560 2904 632 εὐπρόσδεκτον
2931 558 3009 630 τῷ
3042 557 3162 628 Θεῷ
3183 558 3447 626 γίνεσθαι.

2586 739 2668 796 Η’.
2701 738 2950 809 Τοσαύτη
2980 737 3360 807 φιλανθρωπίᾳ
3408 737 3504 789 καὶ
3553 737 3852 807 ἀγαθότητι
3881 739 3949 805 (ὦ
3977 739 4084 792 τῶν

2516 832 2679 887 θείων
2718 833 3041 900 σπλάγχνων
3089 831 3217 897 περὶ
3268 831 3471 898 ἡμᾶςῖ)
3507 830 3815 898 συγκατέὁη
3845 835 3958 892 τοῖς
3990 834 4085 884 ἀν-

2515 922 2752 993 θρώποις
2775 925 2802 974 ὁ
2836 923 3060 991 Κύριος,
3105 920 3264 972 τοῦτο
3291 923 3833 990 πραγματευόμενος,
3876 923 3937 974 τδ
3978 941 4089 990 μη-

2515 1015 2642 1068 δένα
2681 1015 2844 1083 ἔργου
2878 1011 3086 1080 ἀγαθοῦ
3131 1013 3320 1081 μισθὸν
3347 1013 3590 1082 παριδεῖν
3615 1029 3628 1042 ·
3673 1013 3785 1065 ἀλλ’
3827 1013 3935 1065 ἀπὸ
3979 1015 4090 1065 τῶν

2519 1106 2730 1175 μικρῶν
2749 1106 2840 1156 ἐπὶ
2864 1105 2962 1166 τὰς
2989 1103 3210 1172 μείζους
3241 1104 3346 1154 τῶν
3377 1104 3609 1174 ἀρετῶν,
3642 1106 3847 1166 πάντας
3876 1107 4089 1168 ἀναγα-

2516 1199 2632 1263 γεῖν
2660 1212 2674 1225 ⁸
2704 1197 2765 1247 τὸ
2798 1196 2930 1264 μηδὲ
2969 1196 3228 1267 ποτήριον
3270 1194 3477 1262 ψυχροῦ
3527 1195 3713 1257 ὕδατος
3758 1196 4090 1271 ἀποστερεῖν

2517 1288 2856 1347 ἀντιδόσεως.
2877 1288 3084 1356 ¹[εἴρηκε
3117 1287 3224 1354 γάρ
3251 1304 3263 1316 ο
3295 1289 3399 1350 Ὃς
3430 1286 3506 1337 ἂν
3545 1288 3763 1353 ποτίσῃ
3800 1287 4094 1354 ποτήριον

2517 1377 2758 1444 ψυχροῦ
2791 1383 2985 1444 μόνον
3039 1379 3123 1439 εὶς
3157 1377 3341 1444 ὄνομα
3385 1377 3676 1444 μαθητοῦ,
3720 1377 3883 1444 ἀμὴν
3933 1378 4095 1445 λέγω

2518 1468 2678 1535 ὑμῖν,
2738 1469 2809 1519 οὺ
2861 1466 2946 1534 μὴ
2986 1465 3274 1519 ἀπολέσει
3323 1467 3427 1518 τὸν
3479 1468 3704 1534 μισθὸν
3741 1467 3949 1520 αὐτοῦ’
3997 1471 4096 1519 καὶ

2518 1556 2672 1620 αὖθις
2704 1575 2718 1588 ο
2795 1558 2918 1624 Ἐφ’
2979 1559 3132 1609 ὅσον
3178 1557 3267 1608 ἐνὶ
3334 1555 3510 1609 τοῦτο
3559 1559 3907 1621 ἐποιήσατε,
3958 1559 4094 1624 ἐμοὶ

2517 1644 2864 1710 ἐποιήσατε.
2898 1644 3070 1696 Μόνον
3097 1644 3238 1695 κατὰ
3291 1643 3421 1695 Θεὸν
3451 1645 3510 1695 τὸ
3555 1647 3854 1712 γινόμενον,
3888 1649 3986 1697 καὶ
4017 1648 4093 1714 μὴ

2520 1735 2659 1788 κατὰ
2706 1734 2861 1797 δόξαν
2910 1734 3160 1800 γινέσθω.
3200 1733 3503 1802 προσέθηκε
3553 1736 3661 1802 γάρ
3700 1751 3710 1761 ·
3757 1739 3951 1802 μόνον
4003 1739 4095 1799 εὶς

837 1837 960 1891 dem
1018 1839 1312 1890 humanam
1369 1837 1496 1902 ﬁat;
1547 1837 1796 1907 adiunxit
1839 1836 2031 1888 enim:
2079 1832 2301 1887 Tantum
2356 1834 2410 1885 in
2447 1803 2486 1856 Β

2447 1803 2486 1856 Β
2517 1827 2700 1893 ὄνομα
2723 1823 2992 1892 μαθητοῦ
3017 1841 3029 1854 ·
3051 1825 3293 1876 τουτέστι
3320 1826 3466 1894 φόϐῳ
3495 1827 3588 1876 καὶ
3614 1829 3801 1897 ἀγάπῃ
3823 1827 4089 1894 Χριστοῦ·

839 1931 1045 1981 nomine
1089 1930 1360 1998 discipuli,
1405 1930 1511 1982 hoc
1541 1939 1646 1991 est,
1681 1944 1747 1982 ex
1782 1926 2091 1982 reverentia
2121 1934 2175 1978 et
2223 1941 2407 1978 amore

836 2018 1061 2072 Christi.
1097 2019 1231 2072 Nam
1267 2019 1354 2077 iis.
1394 2020 1487 2088 qui
1519 2018 1906 2071 ostentationis
1947 2017 2117 2085 gratia
2167 2031 2280 2068 rem
2308 2015 2409 2066 bo-

838 2125 960 2162 nam
992 2118 1390 2178 exsequuntur,
1425 2108 1841 2177 reprehendens
1871 2108 2153 2168 Dominus,
2179 2114 2235 2158 et
2264 2120 2409 2158 assc-

836 2202 1117 2254 veratione
1132 2210 1282 2255 certa
1301 2201 1628 2255 sententiam
1655 2203 2004 2263 conﬁrmans,
2024 2198 2303 2268 subjungit
2320 2196 2406 2249 di-

837 2304 998 2343 cens:
1029 2291 1189 2343 Amen
1207 2292 1320 2343 dico
1337 2290 1475 2343 vobis
1501 2308 1516 2343 :
1546 2298 1846 2360 receperunt
1864 2290 2148 2342 mercedem
2165 2303 2316 2339 suout
2338 2285 2404 2335 ⁵⁸.

911 2380 999 2434 IX.
1046 2381 1380 2450 Simplicitas
1420 2390 1546 2435 ante
1608 2382 1732 2445 alia,
1793 2388 1849 2434 et
1902 2388 2088 2433 mutua
2141 2377 2403 2440 charitas,

836 2485 891 2525 et
925 2474 1206 2538 gaudium,
1251 2482 1305 2527 et
1337 2473 1620 2527 humilitas
1654 2473 1878 2525 omnino
1916 2481 2174 2539 tanquam
2211 2468 2405 2522 funda-

839 2576 1082 2620 mentum
1134 2567 1556 2620 substernantur
1602 2566 1656 2618 in
1700 2565 2065 2628 fraternitate,
2116 2579 2184 2617 ne
2239 2577 2406 2630 super

838 2673 938 2709 nos
974 2657 1206 2709 invicem
1231 2657 1380 2718 elati,
1414 2663 1469 2710 et
1521 2673 1663 2710 unus
1708 2656 1774 2710 de
1808 2656 1916 2708 alio
1980 2658 2402 2715 murmurantes,

842 2747 1088 2799 inutilem
1143 2747 1301 2799 nobis
1346 2747 1590 2798 laborem
1632 2746 1950 2800 eﬂiciamus.
2001 2747 2142 2807 Ergo
2180 2761 2273 2800 nec
2311 2747 2403 2813 qui

840 2838 957 2890 sine
1013 2835 1420 2889 intermissione
1461 2836 1722 2904 perdurat
1773 2836 1827 2888 in
1875 2835 2240 2897 orationibus,
2282 2837 2404 2890 ideo

838 2945 896 2981 sc
935 2944 1034 2997 per
1080 2929 1446 2996 arrogantiam
1494 2927 1718 2980 extollat
1753 2942 1918 2995 supra
1961 2943 2109 2991 cum,
2147 2929 2242 2996 qui
2300 2929 2405 2982 hoc

840 3020 1020 3072 facere
1046 3036 1155 3071 non
1183 3028 1395 3087 potest;
1433 3033 1611 3086 neque
1633 3018 1727 3086 qui
1755 3018 2062 3073 ministerio
2083 3035 2140 3073 se
2170 3020 2401 3084 addixit,

2510 1926 2621 1985 τοῖς
2663 1923 2771 1992 γὰρ
2833 1921 3215 1982 ἐπιδεικτικῶς
3277 1922 3335 1972 τὸ
3407 1922 3611 1986 ἀγαθὸν
3696 1917 3954 1990 μετιοῦσι
3997 1922 4092 1973 καὶ

2515 2015 2867 2083 μεμφόμενος
2908 2016 2934 2065 ὁ
2973 2013 3196 2080 Κύριος,
3233 2013 3504 2080 ἀποφάσει
3567 2013 3762 2083 βεϐαίᾳ
3804 2014 4090 2079 τὸνλόγον

2509 2106 2939 2174 ἀσφαλιζόμενος
2985 2106 3200 2171 ἐπάγει,
3238 2105 3409 2172 λέγων
3437 2126 3448 2138 ·
3496 2105 3683 2172 Ἀμὴν
3713 2106 3868 2172 λέγω
3900 2105 4049 2173 ὑμῖν
4075 2121 4089 2133 ·

2506 2198 2808 2266 ἀπέχουσι
2844 2197 2952 2249 τὸν
2971 2197 3200 2266 μισθὸν
3223 2197 3443 2250 αὐτῶν.

2574 2369 2652 2426 8'.
2725 2370 2793 2423 Ἠ
2823 2371 3064 2440 ἁπλότης
3114 2371 3220 2439 πρὸ
3270 2371 3378 2423 τῶν
3418 2371 3592 2424 ἄλλων
3635 2371 3794 2441 καὶὴ
3842 2373 4080 2440 ἀφέλεια

2505 2465 2600 2518 καὶ
2635 2466 2668 2534 ἡ
2706 2463 2842 2534 πρδς
2865 2463 3129 2533 ἀλλήλους
3155 2463 3368 2531 ἀγάπη,
3400 2465 3493 2516 καὶ
3537 2465 3700 2535 χαρὰ,
3755 2464 3852 2516 καὶ
3883 2467 4087 2518 ταπείο

2505 2574 2690 2618 νωσις,
2719 2557 2782 2607 ὲκ
2817 2555 3015 2616 παντὸς
3056 2555 3280 2625 τρόπου,
3314 2555 3502 2623 ὥσπερ
3541 2573 3622 2618 τις
3659 2555 3909 2624 θεμέλιος
3945 2558 4085 2609 ὐπο-

2506 2647 2894 2716 6ε6λήσθωσαν
2933 2649 2989 2698 ὲν
3043 2651 3108 2716 τῇ
3155 2645 3498 2716 ἀδελφότητι,
3554 2648 3638 2698 ἴνα
3698 2647 3773 2717 μὴ
3831 2648 4083 2717 ἀλλήλων

2506 2737 2988 2806 κατεπαιρόμενοι,
3013 2738 3106 2789 καὶ
3141 2736 3669 2804 καταγογγύζοντες,
3705 2739 3970 2805 ἀνόνητον
3995 2741 4084 2790 τὸν

2505 2831 2752 2898 κάματον
2773 2829 3164 2897 ἀποδείξωμεν.
3195 2831 3302 2881 Καὶ
3323 2833 3458 2897 μήτε
3485 2830 3884 2893 όάδιαλείπτως
3909 2848 4081 2900 προσο

2504 2923 2788 2992 καρτερῶν
2815 2924 2933 2982 ταῖς
2967 2923 3172 2988 εὐχαῖς,
3206 2923 3297 2972 τοῦ
3349 2921 3422 2990 μὴ
3460 2920 3602 2973 οὕτω
3635 2926 3807 2973 ποιεῖν
3841 2922 4080 2989 δυναμέ-

2504 3030 2595 3066 νου
2645 3013 3095 3081 κατεπαιρέσοω·
3151 3013 3288 3080 μήτε
3345 3014 3372 3063 ὁ
3441 3017 3507 3082 τῇ
3559 3014 3802 3083 διακονίᾳ
3886 3014 4081 3065 ἑαυτὸν

838 3109 905 3163 de
935 3111 1046 3172 illo,
1097 3111 1188 3178 qui
1222 3110 1458 3163 orationi
1498 3118 1676 3170 vacat.
1713 3122 2039 3165 murmuret.
2080 3113 2298 3166 Etenim
2356 3115 2399 3166 si
2428 3131 2476 3191 ρ
2509 3109 2518 3158 ί

2391 3115 2399 3166 i
2428 3131 2476 3191 α
2509 3106 2772 3168 ἐκδιδοὺς,
2803 3103 2897 3157 τοῦ
2923 3107 2990 3174 τῇ
3026 3106 3299 3172 προσευχῇ
3333 3104 3689 3172 σχολάζοντος
3722 3121 4071 3172 καταγογγυ-

836 3203 1104 3270 ejusmodi
1153 3203 1477 3270 simpliciter
1531 3217 1594 3254 ac
1641 3204 1781 3256 bona
1833 3203 2188 3272 dispositione
2237 3205 2403 3259 animi

837 3309 964 3363 erga
1000 3307 1057 3346 se
1091 3291 1325 3346 invicem
1374 3292 1557 3346 aIl‘ecti
1595 3292 1819 3357 fuerint,
1847 3293 1994 3362 quod
2049 3294 2292 3348 abundat
2349 3295 2403 3348 in

846 3390 1263 3450 perseveranter
1325 3381 1633 3442 orantibus,
1691 3382 2018 3437 redundabit
2075 3385 2127 3436 in
2187 3384 2404 3452 supple-

839 3480 1080 3524 mentum
1137 3472 1278 3541 ejus,
1340 3470 1486 3538 quod
1534 3471 1974 3525 ministrantibus
2020 3472 2404 3526 deest:vicis-

838 3562 1050 3627 simque
1081 3561 1124 3612 si
1163 3559 1294 3627 quid
1326 3560 1690 3614 Iucrabuntur
1721 3563 2117 3626 ministrantes,
2163 3562 2404 3631 explebit

837 3651 891 3704 in
930 3667 1040 3719 quo
1072 3651 1331 3706 deﬁcient
1361 3653 1557 3707 attenti
1589 3654 1950 3707 orationibus.
1985 3655 2062 3707 Ex
2103 3670 2210 3722 qua
2251 3669 2402 3706 com-

835 3741 1156 3809 pensatione
1222 3743 1504 3810 aequalitas
1584 3744 1754 3812 magis
1810 3744 2029 3798 videtur
2085 3743 2400 3798 conservari

835 3849 1017 3903 posse,
1048 3849 1285 3902 congrue
1317 3836 1384 3888 ad
1423 3837 1553 3889 illud
1595 3853 1607 3888 :
1635 3837 1811 3906 Neque
1836 3837 1924 3905 qui
1953 3835 2176 3888 multum
2199 3836 2398 3898 habuit,

836 3926 1139 3986 abundavit,
1171 3942 1336 3995 neque
1363 3929 1451 3997 qui
1475 3945 1688 3997 parum.
1725 3928 1977 3995 defectum
2008 3929 2165 3978 sensit
2191 3927 2256 3978 ⁵³³.

908 4017 1063 4084 177
1103 4016 1170 4070 Χ.
1209 4017 1364 4071 Tunc
1391 4019 1449 4071 Iit
1481 4019 1570 4072 Dei
1596 4019 1847 4072 voluntas
1878 4019 2008 4071 sicut
2041 4020 2095 4070 in
2120 4016 2244 4069 caelo
2269 4025 2317 4068 et
2343 4019 2397 4070 in

837 4114 980 4158 terra
1011 4109 1077 4171 ‘°,
1106 4108 1346 4175 quando,
1385 4118 1444 4162 ut
1466 4108 1671 4162 dictum
1702 4118 1804 4171 est,
1843 4125 1943 4161 nos
1975 4107 2131 4160 nobis
2164 4109 2396 4161 invicem

834 4213 942 4251 non
971 4199 1411 4267 prmtulerimus;
1466 4200 1682 4267 quando
1727 4215 1836 4251 non
1870 4199 2045 4252 solum
2077 4199 2192 4251 sine
2225 4213 2396 4250 mniu-

834 4287 1055 4350 Iatione,
1092 4289 1184 4341 sed
1210 4296 1413 4342 etcum
1450 4298 1636 4342 mutua
1663 4291 2001 4343 exhibitione
2031 4289 2395 4357 simplicitatis

832 4387 886 4430 et
931 4379 1233 4437 charitatis,
1275 4379 1680 4447 alacritatisquc
1713 4379 1845 4432 lmtze
1883 4379 2112 4432 connexi
2161 4379 2392 4431 invicem

2508 3195 2683 3259 ζέτω·
2715 3194 2789 3256 ὼς
2839 3194 2890 3244 εἰ
2927 3211 2991 3259 γε
3039 3193 3175 3262 μετά
3216 3193 3471 3263 τοιαύτης
3525 3195 3826 3260 ἀπλότητός
3870 3212 3930 3246 τε
3985 3197 4079 3247 καὶ

2506 3283 2796 3346 διαθέσεως
2837 3283 3085 3351 ἀλλήλοις
3109 3285 3522 3354 προσφέροιντο,
3557 3285 3852 3354 γίνηταιτὸ
3883 3286 4077 3356 περίτ-

2505 3393 2683 3445 τευμα
2719 3375 2827 3428 τῶν
2875 3379 2993 3437 ταῖς
3045 3377 3230 3443 εὐχαῖς
3288 3378 3813 3445 ἐμπαραμενόντων,
3863 3380 3960 3431 ἐπὶ
4015 3380 4074 3430 τὸ

2508 3468 2792 3536 ὑστέρημα
2846 3467 2951 3519 τῶν
3001 3468 3428 3520 διακονούντων·
3484 3469 3580 3521 καὶ
3636 3466 3793 3532 αὖθις
3845 3471 3908 3522 τὸ
3964 3471 4072 3522 τῶν

2503 3561 2894 3615 διακονούντων
2918 3562 3259 3630 περίσσευμα
3285 3564 3376 3615 ἐπὶ
3405 3564 3465 3615 τὸ
3498 3565 3782 3634 ὑστέρημα
3816 3566 3924 3617 τῶν
3957 3570 4076 3627 ταῖς

2505 3655 2690 3722 εὐχαῖς
2745 3653 3154 3721 σχολαζόντωνο
3208 3654 3304 3705 καὶ
3346 3652 3486 3706 οὕτω
3545 3656 3743 3723 μᾶλλον
3784 3658 3816 3724 ἡ
3870 3657 4072 3724 ἰσότης,

2504 3745 2646 3798 κατά
2699 3745 2759 3796 τὸ
2813 3744 3121 3813 εἰρημένον,
3173 3745 3433 3813 φαίνηται
3478 3746 3808 3814 σωζομένη·
3865 3748 3963 3810 ὡς,
4011 3749 4072 3799 τὸ

2503 3838 2661 3890 πολὺ
2688 3838 2799 3890 οὐκ
2841 3836 3177 3888 ἐπλεόνασε
3203 3852 3215 3865 ·
3247 3839 3338 3889 καὶ
3374 3837 3449 3900 ὡς
3479 3836 3568 3900 τὸ,
3603 3840 3668 3889 τὸ
3714 3839 3927 3906 ὀλίγον
3964 3839 4073 3892 οὐκ

2501 3925 2939 3990 ἠλαττόνησεν.

2572 4013 2626 4065 I'.
2659 4013 2790 4064 Τότε
2828 4014 3034 4078 γίνεται
3073 4015 3132 4066 τὸ
3165 4014 3259 4067 τοῦ
3288 4015 3422 4068 Θεοῦ
3452 4015 3664 4084 θέλημα
3691 4017 3771 4082 ὠς
3799 4018 3870 4069 ἐν
3899 4021 4077 4085 οὐραο

2499 4101 2583 4167 νῷ
2623 4105 2719 4157 καὶ
2751 4105 2848 4157 ἐπὶ
2881 4105 2990 4173 τῆς
3031 4106 3164 4174 γῆς,
3193 4108 3318 4160 ὅταν
3361 4110 3457 4177 μὴ,
3491 4108 3679 4178 ὥσπερ
3712 4111 3948 4178 εἴρηται,
3981 4111 4074 4161 ἀλ-

2499 4192 2676 4262 λήλων
2705 4195 3184 4265 κατεπαιρώμεοα,
3222 4197 3347 4250 ὅταν
3380 4197 3454 4266 μὴ
3505 4196 3664 4266 μόνον
3693 4196 3854 4267 ζήλου
3903 4202 4073 4270 χωρὶς

2499 4284 2633 4337 ἀλλά
2662 4289 2755 4338 καὶ
2784 4288 3084 4356 ἁπλότητος
3123 4289 3180 4341 ἐν
3210 4291 3407 4358 μετοχῇ
3449 4291 3544 4342 καὶ
3573 4290 3814 4355 ἀγάπης,
3844 4291 4073 4358 εἰρήνης

2496 4393 2554 4427 τε
2603 4377 2696 4429 καὶ¹
2727 4379 2897 4445 χαρᾶς
2931 4379 3262 4446 συνημμένοι
3320 4374 3469 4447 ὦμεν
3493 4419 3507 4442 ,
3553 4380 3803 4448 ἀλλήλοις
3841 4380 3940 4449 τὴν
3976 4382 4072 4432 τοῦ

831 4469 1118 4525 fuerimus,
1164 4485 1493 4537 unoquoque
1537 4470 1619 4521 sui
1668 4469 1908 4522 vicissim
1943 4470 2172 4537 proximi
2208 4469 2388 4537 proI‘e-
2419 4460 2470 4517 D
2500 4488 2511 4520 ι

2387 4503 2388 4507 η
2419 4460 2470 4517 D
2500 4470 2722 4538 πλησίον
2758 4470 3036 4538 προκοπὴν
3070 4470 3224 4530 ἰδίαν,
3262 4471 3336 4532 ὠς
3379 4471 3521 4533 δέον,
3577 4472 3671 4524 καὶ
3715 4473 3813 4540 τὴν
3858 4472 4067 4524 ἐκείνου

832 4570 978 4612 etum
1015 4562 1163 4614 velut
1194 4563 1497 4630 proprium,
1531 4561 1993 4630 quemadmodum
2029 4577 2124 4629 par
2158 4571 2271 4624 est;
2313 4561 2390 4614 si-

833 4653 1146 4720 militerque
1184 4653 1414 4706 altcrius
1462 4653 1754 4714 defectum,
1791 4653 2060 4720 jacturam
2113 4652 2388 4719 propriam

833 4754 1119 4811 reputante
1154 4763 1166 4797 :
1215 4755 1470 4796 czeterum
1512 4744 1565 4795 in
1611 4743 1856 4795 oratione
1899 4742 2068 4810 piger,
2100 4741 2301 4807 quique
2336 4741 2388 4793 in

832 4835 1138 4887 ministerio
1179 4834 1409 4887 fratrum
1439 4842 1531 4886 aut
1559 4849 1722 4901 opere
1751 4833 1878 4893 alio,
1911 4833 2055 4900 quod
2089 4832 2386 4884 secundum

832 4925 1000 4979 Deum
1049 4926 1124 4990 Iit,
1163 4926 1416 4996 languide
1457 4936 1512 4980 et
1557 4926 1894 4994 negligenter
1927 4932 2192 4980 versatus.
2226 4940 2289 4977 ac
2318 4925 2385 4978 ah

831 5019 1089 5087 Apostolo
1122 5019 1273 5087 piger
1304 5017 1506 5071 diserte
1545 5026 1792 5079 vocatus,
1838 5015 1956 5083 ipso
1997 5030 2214 5083 quoque
2251 5030 2390 5083 pane

834 5111 1087 5179 indignus
1117 5111 1520 5179 pronuntiatur.
1566 5109 1711 5161 Dixit
1746 5108 1896 5161 enim
1929 5125 1940 5159 :
1984 5107 2082 5170 Qui
2113 5124 2213 5161 non
2250 5107 2391 5159 labo-

833 5206 936 5262 rat,
968 5217 1057 5251 nec
1083 5201 1357 5252 manducet
1391 5200 1432 5229 ⁶¹
1465 5217 1477 5250 :
1523 5198 1588 5251 Et
1620 5198 1748 5251 alibi
1783 5215 1794 5250 :
1837 5197 2019 5267 Pigros
2052 5208 2224 5250 autem
2259 5199 2390 5250 Deus

829 5292 956 5343 odit.
991 5292 1051 5343 Et
1079 5308 1090 5342 :
1119 5292 1269 5359 I'igcr
1298 5308 1391 5343 nec
1422 5289 1591 5355 ﬁdelis
1620 5305 1728 5341 esse
1754 5297 1937 5357 potest.
1973 5289 2037 5341 Et
2065 5287 2338 5356 Sapientia
2376 5308 2386 5342 :

831 5383 1052 5435 Multam
1087 5384 1345 5436 malitiam
1376 5384 1545 5434 docuit
1577 5383 1809 5434 otiositas
1834 5382 1899 5435 ".
1930 5380 2198 5434 Convenit
2228 5381 2389 5450 igitur

832 5490 1293 5544 unumquemque,
1312 5474 1687 5542 qualecunque
1717 5486 1856 5541 opus
1883 5514 1897 5538 ,
1929 5471 2074 5542 quod
2099 5472 2194 5526 Dei
2226 5487 2388 5527 causa

897 5676 941 5706 ⁸⁸³
963 5675 1150 5729 Matth.
1186 5693 1237 5734 Χ.
1276 5679 1364 5734 42,

1443 5679 1484 5708 ⁵⁷
1509 5679 1696 5733 Matth.
1726 5697 1846 5748 xxv,
1891 5680 1976 5735 40.

829 5762 903 5806 ιιι,
964 5745 1044 5798 I0.

1127 5749 1168 5776 θ’
1210 5748 1375 5800 Eccli.
1409 5764 1590 5812 “vin,
1636 5750 1724 5803 29.

2055 5682 2100 5712 ⁵⁸
2127 5680 2316 5734 Matth.
2342 5695 2416 5741 vl,
2447 5679 2498 5731 5.

2501 4561 2786 4629 ὑστέρησιν
2834 4561 3033 4626 ζημίαν
3069 4562 3274 4613 ἑαυτῶν
3305 4562 3664 4630 λογιζόμενοι,
3700 4563 3786 4615 καὶ
3835 4566 3900 4631 τῇ
3935 4564 4067 4634 εύχῇ

2497 4654 2743 4721 ὀκνηρδς,
2779 4653 2871 4703 καὶ
2900 4656 2962 4721 τῇ
3003 4653 3245 4722 διακονίᾳ
3275 4654 3382 4705 τῶν
3423 4655 3664 4722 ἀδελςῶν
3694 4656 3784 4706 καὶ
3821 4658 3876 4707 ὲν
3904 4658 4067 4725 ἑτέρᾳ

2495 4741 2557 4809 δή
2591 4758 2715 4802 τινι,
2760 4741 2903 4810 ἔργῳ
2942 4741 3196 4807 τιῖ);κατὰ
3249 4744 3379 4795 Θεὸν
3422 4747 3691 4815 γινομένῳ
3731 4747 3946 4815 χαύνως
3975 4749 4066 4800 καὶ

2495 4827 2708 4896 ἀμελῶς
2738 4828 3092 4896 διακείμενος,
3121 4825 3274 4892 οὗτος
3292 4832 3396 4882 ἀπὸ
3426 4832 3518 4883 τοῦ
3555 4835 3872 4886 ’Λποστόλου
3896 4837 4066 4904 ἀργὸς

2495 4919 2789 4989 διαρρήδην
2811 4919 3160 4988 καλούμενος,
3187 4923 3350 4974 αὑτοῦ
3379 4924 3469 4975 τοῦ
3494 4925 3657 4994 ἄρτου
3683 4926 3900 4991 ἀνάξιος
3926 4923 4065 4980 εἶναι

2497 5012 2974 5081 καταψηφίζεταιο
3019 5011 3206 5082 εἴρηκε
3250 5017 3357 5081 γάρ
3385 5033 3399 5044 ·
3455 5017 3516 5068 '0
3569 5017 3637 5069 δὲ
3677 5019 3854 5087 ἀρνὸς
3917 5020 4066 5087 μηδὲ

2495 5101 2754 5153 ἐσθιέτω
2790 5102 2883 5152 καὶ
2920 5100 3173 5169 ἀλλαχοῦ·
3218 5101 3367 5169 Τοὺς
3388 5103 3453 5156 δὲ
3480 5106 3700 5173 ἀργοὺς
3724 5107 3819 5159 καὶ
3849 5111 3880 5161 ό
3922 5109 4065 5173 Θεὸς

2489 5192 2673 5261 μισεῖ,
2722 5194 2834 5253 καὶ,
2871 5193 2924 5242 '0
2954 5192 3134 5258 ἀργὸς
3163 5193 3304 5246 οὐδὲ
3345 5196 3560 5260 πιστὸς
3596 5193 3749 5252 εἶναι
3792 5199 4060 5254 δύναται.

2497 5287 2604 5336 Καὶ
2649 5284 2848 5346 Sosiam
2886 5285 3134 5351 Πολλὴν
3201 5288 3448 5352 κακίαν,
3509 5290 3648 5357 ἔφη,
3706 5290 3987 5354 ἐδίδαξεν
4025 5295 4060 5359 ἡ

2501 5376 2695 5442 ἀργία.
2732 5376 3003 5444 ιιροσήκει
3034 5379 3321 5447 τοιγαροῦν
3363 5380 3593 5434 ἕκαστον
3642 5384 3823 5437 όποῖον
3866 5383 4060 5452 δήποτε

2493 5471 2651 5539 ἔργον
2682 5467 2820 5519 κατὰ
2860 5467 2993 5520 Θεὸν
3023 5469 3305 5535 γινόμενον
3337 5477 3728 5544 καρποφορεῖν,
3762 5476 3853 5527 καὶ
3890 5490 4057 5526 σπου-

3725 5680 3764 5710 "
3813 5679 3829 5732 l
3861 5679 4052 5735 Thess.

2575 5677 2619 5710 ⁵⁸
2643 5674 2812 5730 Exod.
2847 5691 2955 5743 xvi,
2996 5677 3080 5731 18.
3160 5679 3202 5709 σο
3243 5677 3530 5743 Matta.vt,
3595 5684 3644 5731 δ.
