4254 6358
192 376 302 439 861

1430 375 1667 436 LIBER
1707 375 1807 434 DE
1844 374 2251 441 ORATIONE.

189 490 364 549 δαίως
415 488 519 540 κᾶν
570 485 660 553 ὑφ’
688 486 769 539 ἑνὶ
813 485 921 539 τῶν
955 486 1176 554 ἀγαθῶν
1209 475 1562 551 διατίθεσθαι,
1600 487 1687 539 ῐνα
1719 485 1793 553 μὴ
1824 489 1869 545 Α
1899 486 2048 551 facit,
2095 490 2151 544 fr‘

1824 489 1869 545 Α
1899 486 2048 551 facit,
2095 490 2377 547 fructuose
2436 508 2595 564 agere
2642 511 2652 545 :

3355 378 3457 441 862

2710 507 2774 546 ac
2835 492 3174 563 diligentiam
3232 495 3461 552 cuilibet

186 580 254 630 τὸ
297 578 566 647 παράπαν
617 576 868 645 ἄκαρπος
926 578 1335 647 εὑρισκόμενος,
1393 578 1659 648 ἀμέτοχος
1712 579 1795 630 εἰς
1897 580 2151 636 actionil

1897 580 2097 634 actioni
2130 582 2285 637 home
2322 584 2659 653 impendere,
2696 599 2766 640 ne
2799 593 3054 654 tanquam
3087 586 3460 642 infructuosus

188 670 345 721 ἆπαν
377 669 470 719 καὶ
504 667 612 719 τῶν
644 666 879 719 αίωνίων
913 667 1136 734 ἀγαθῶν
1167 667 1413 737 γένηται.

263 841 371 893 1Α⁹.
408 840 554 908 Πρὸς
599 842 728 901 τοὺέ
762 840 1022 908 λέγοντας
1074 840 1334 894 ἀδύνατον
1382 836 1520 897 εἶναι
1554 845 1651 915 τῆς
1694 863 1785 900 τε.

1894 673 2121 725 omnino
2156 681 2427 743 repertus,
2463 677 2610 729 omni
2661 691 2884 744 prorsus
2911 677 3330 747 participatione
3363 679 3461 733 bo-

1892 773 2087 813 norum
2116 769 2443 815 aeternorum
2468 763 2804 816 excludatur.

1960 848 2051 903 XI.
2084 851 2405 907 Dicentibus
2433 852 2552 907 fieri
2578 870 2685 907 non
2713 870 2894 924 posse,
2923 862 2985 908 ut
3018 855 3183 910 homo
3226 856 3293 910 ad
3336 873 3458 926 per-

184 929 477 998 λειότητος
521 929 836 996 ἐφικέσθαι,
875 929 970 982 καὶ
1021 928 1121 999 τῆς
1169 929 1403 995 εἰσάπαξ
1466 930 1787 1003 ἀπαλλαγῆς
1887 937 2151 995 fectionen

1887 937 2179 995 fectionem
2208 943 2503 1013 pertingat,
2534 952 2589 997 et
2615 943 2683 997 ad
2711 944 2928 1013 plenam
2974 945 3361 1000 liberationem
3389 946 3456 1000 ab

186 1022 303 1074 τῶν
355 1021 571 1085 παθῶν,
601 1021 650 1072 εἰ
706 1022 801 1073 καὶ
843 1020 943 1088 τῆς
984 1022 1273 1090 μετουσίας
1324 1023 1418 1075 καὶ
1453 1022 1784 1092 πληρώσεως

190 1114 287 1166 τοῦ
332 1111 540 1179 ἀγαθοῦ
578 1114 760 1181 τυχεῖν
804 1112 1142 1181 Πνεύματος,
1175 1114 1475 1180 ἀναγκαῖον
1526 1114 1624 1184 τὴν
1674 1116 1783 1168 ἀπὸ

189 1204 300 1255 τῶν
334 1203 499 1255 Θείων
538 1202 773 1273 Γραφῶν
794 1203 1101 1273 μαρτυρίαν
1125 1204 1458 1271 ἐπενεγκεῖν,
1490 1206 1583 1259 καὶ
1612 1206 1781 1270 δεῖξαι

191 1297 381 1358 κακῶς
398 1295 605 1356 εἰδότας
629 1295 844 1357 αὐτοὺς,
874 1294 1084 1363 ψευδῶς
1112 1312 1171 1373 τε
1200 1295 1317 1366 ἅμα
1344 1298 1437 1350 καὶ
1466 1298 1779 1366 ἐπισφαλῶς

190 1388 453 1452 λέγοντας
480 1401 491 1413 ·
524 1387 777 1439 Γίνεσθε
810 1387 941 1456 γὰρ,
969 1388 1133 1456 φησὶν
1185 1390 1214 1441 ό
1243 1387 1463 1458 Κύριος,
1489 1389 1586 1442 καί
1612 1390 1778 1457 ὑμεῖς

191 1476 433 1540 τέλειοι,
461 1476 541 1541 ὠς
564 1480 595 1529 ό
621 1477 823 1543 Πατὴρ
841 1476 1040 1544 ὐμῶνό
1067 1478 1345 1545 οὐράνιος
1371 1478 1599 1544 τέλειός
1620 1482 1771 1534 ἐστι’

191 1572 286 1621 καὶ
314 1567 555 1634 παντελῆ
597 1568 944 1636 καθαρότητα
962 1568 1050 1621 διὰ
1080 1569 1282 1623 τούτων
1316 1571 1620 1639 σημαίνωνο
1648 1573 1767 1631 καὶ,

192 1659 361 1710 Θέλω
398 1658 499 1709 ἵνα
531 1655 683 1708 ὅπου
715 1656 962 1724 ειμὶέγὼ
992 1658 1087 1710 καί
1120 1654 1284 1714 οὗτοι
1308 1654 1421 1712 ὦσι
1454 1662 1579 1728 μετ’
1602 1661 1768 1729 ἐμοῦ,

190 1750 293 1801 ἵνα
339 1748 601 1815 θεωρῶσι
638 1748 752 1813 τὴν
808 1746 998 1810 δόξαν
1054 1748 1170 1815 τὴν
1227 1750 1403 1819 ἐμήν.
1448 1752 1630 1804 Ταῦτα
1679 1751 1769 1805 τοῦ

1884 1026 2201 1094 affectibus;
2230 1029 2473 1100 itemque
2497 1031 2976 1101 participationem
3004 1040 3060 1088 et
3083 1032 3455 1103 impletionem

1885 1120 2014 1175 boni
2033 1122 2294 1193 Spiritus,
2315 1141 2544 1182 necesse
2567 1139 2651 1181 est
2679 1142 2955 1197 opponere
2983 1128 3294 1182 testimonia
3316 1128 3457 1182 divi-

1881 1226 2074 1267 narum
2104 1214 2534 1284 Scripturarum,
2552 1219 2952 1287 ostendereque
2974 1227 3029 1272 et
3046 1234 3232 1273 errore
3256 1221 3456 1273 mentis

1879 1304 2130 1361 laborare
2155 1307 2321 1378 ipsos,
2351 1318 2407 1363 et
2426 1309 2563 1364 falso
2588 1325 2651 1364 ac
2664 1311 2971 1379 periculose
2991 1311 3160 1380 loqui.
3188 1312 3277 1364 Ait
3307 1313 3453 1365 enim

1878 1394 2143 1450 Dominus
2191 1414 2204 1450 :
2242 1397 2426 1451 Estotc
2464 1409 2511 1452 et
2536 1416 2623 1454 vos
2658 1401 2890 1469 perfecti,
2932 1401 3064 1455 sicut
3094 1400 3259 1454 Pater
3289 1410 3455 1455 vester

1879 1486 2102 1541 caelestis
2145 1490 2403 1557 perfectus
2429 1500 2504 1544 est
2546 1493 2611 1544 ⁸³.
2649 1493 2868 1546 Plenam
2912 1492 3325 1561 absolutamque
3354 1510 3456 1561 ptt—

1880 1578 2099 1632 ritatem
2156 1596 2253 1649 per
2311 1581 2425 1636 haec
2488 1582 2758 1635 indicans.
2831 1582 2898 1635 Et
2966 1601 2976 1633 :
3033 1582 3192 1645 Volo,
3252 1593 3307 1634 ut
3368 1585 3455 1637 ubi

1872 1685 1988 1721 sum
2026 1687 2137 1737 ego,
2187 1681 2236 1723 et
2280 1674 2332 1725 hi
2388 1674 2492 1725 sint
2535 1689 2757 1735 mecum,
2808 1673 3103 1725 utvideant
3152 1673 3452 1727 claritatem

1875 1776 2045 1812 meam
2069 1762 2132 1814 “.
2172 1761 2297 1815 Haec
2330 1762 2560 1816 aflirmat
2594 1763 2659 1824 is,
2691 1763 2784 1831 qui
2819 1763 2951 1817 alias
2985 1764 3224 1818 dixerit:
3252 1764 3455 1818 Carlum

191 1840 486 1908 εἰρηκότος
549 1838 686 1890 εἰσίν
717 1855 730 1867 ·
802 1838 867 1890 '0
923 1840 1179 1906 οὐρανὸς
1233 1841 1332 1893 καί
1388 1842 1425 1908 ὴ
1484 1841 1559 1909 γῆ
1624 1824 1843 1911 παρ-Β
1875 1856 1922 1901 ct
1972 1858 2151 1903 terrat

1802 1824 1843 1877 Β
1875 1856 1922 1901 ct
1972 1858 2113 1903 terra
2141 1852 2436 1905 transibunt
2466 1854 2531 1917 ⁸⁵,
2575 1862 2682 1906 etc.
2709 1824 2938 1907 -Eodem
2965 1862 3175 1921 spectat
3224 1863 3290 1907 et‘
3318 1854 3452 1907 illud

188 1932 529 1989 ελεύσεται,
571 1931 625 1980 οί
668 1927 735 1979 δὲ
771 1929 942 1996 λόγιοι
1000 1945 1121 1997 μου
1163 1931 1236 1982 οὐ
1272 1929 1357 1998 μὴ
1391 1930 1766 1999 παρέλθωσι·

188 2022 287 2072 καὶ
320 2021 382 2072 τὸ
411 2019 504 2072 τοῦ
552 2022 896 2073 Ἀποστόλου·
943 2021 1073 2075 Ἵνα
1111 2021 1592 2090 παραστήσωμεν
1620 2023 1771 2075 πάν-

189 2128 263 2163 τα
294 2112 613 2179 ἄνθρωπον
649 2112 881 2167 τέλειον
926 2114 995 2165 ἐν
1040 2114 1289 2181 Χριστῷ.
1334 2113 1444 2167 Καὶ
1474 2114 1554 2166 τό·
1588 2114 1768 2183 Μέχρι

188 2202 259 2255 δὲ
289 2202 759 2271 καταντήσωμεν
790 2208 843 2257 ol
867 2203 1089 2269 πάντες
1117 2206 1204 2269 εις
1233 2202 1346 2271 τὴν
1379 2203 1635 2271 ἑνότητα
1659 2202 1769 2271 τῆς

190 2296 473 2358 πίστεως,
495 2293 593 2346 καὶ
626 2293 733 2363 τῆς
762 2294 1136 2363 ἐπιγνώσεως
1158 2295 1264 2349 τοῦ
1301 2294 1435 2349 Υίοῦ
1469 2295 1575 2349 τοῦ
1598 2298 1767 2362 Θεοῦ,

189 2385 276 2447 είς
304 2381 494 2449 ἄνδρα
530 2382 780 2448 τέλειον,
813 2386 900 2448 είς
922 2382 1142 2453 μέτρον
1171 2384 1408 2451 ἡλικίας
1464 2382 1570 2437 τοῦ
1614 2388 1767 2451 πληι-

185 2474 461 2541 ρώματος
499 2473 605 2526 τοῦ
638 2475 919 2541 Χριστοῦ,
952 2476 1032 2538 είς
1069 2479 1265 2529 ταυτὸν
1298 2477 1477 2546 φέρει.
1525 2475 1682 2529 Οὕτω
1714 2476 1769 2529 δὲ

193 2562 330 2630 πρὸς
369 2562 468 2632 τὴν
526 2563 843 2633 τελειότητα
889 2563 1210 2633 ἀφορῶντας
1242 2565 1527 2633 συμϐαίνει
1564 2565 1657 2617 δύο
1701 2564 1773 2617 τὰ

195 2652 462 2705 κάλλιστα
496 2655 762 2721 γίνεσθαι,
796 2653 1045 2707 σύντονόν
1074 2672 1133 2708 τε
1163 2656 1256 2709 καὶ
1277 2657 1647 2710 ἁδιάπαυστον
1682 2656 1772 2709 τὸν

193 2740 384 2807 ἀγῶνα
416 2740 634 2809 ἔχοντας
669 2744 747 2805 είς
783 2742 845 2794 τὸ
880 2744 1051 2813 πέρας
1079 2744 1314 2808 διώκειν,
1336 2744 1425 2798 διὰ
1446 2746 1546 2816 τὴν
1580 2745 1771 2800 ἐλπίδα

195 2832 352 2883 τοῦδε
382 2830 477 2884 τοῦ
525 2833 748 2901 μέτρου,
788 2834 950 2902 φημὶ,
1000 2834 1091 2885 καὶ
1129 2835 1227 2902 τῆς
1254 2835 1585 2900 ἀναϐάσεως·
1614 2837 1773 2910 τύφῳ

196 2938 254 2971 τε
290 2919 366 2989 μὴ
395 2920 734 2986 ἁλίσκεσθαι,
778 2922 914 2975 ἀλλὰ
956 2927 1384 2993 μετριοφρονεῖν,
1416 2926 1512 2978 καὶ⁵
1542 2930 1773 2997 μικροὺς

199 3012 429 3073 ἑαυτοὺς
456 3012 702 3081 ἡγεῖσθαι
757 3013 847 3065 διὰ
899 3015 998 3084 τὴν
1031 3015 1195 3085 μήπω
1226 3013 1320 3069 τοῦ
1353 3016 1561 3070 τελείου
1596 3020 1770 3073 κατά-

198 3104 383 3173 ληψιν.

268 3194 370 3248 IB’.
402 3196 463 3247 υί
499 3194 673 3249 ταῦτα
708 3196 978 3263 λέγοντες,
1012 3198 1195 3267 φησὶν,
1232 3200 1296 3250 ἐκ
1334 3199 1501 3269 τριῶν
1550 3200 1767 3268 τρόπων

195 3286 296 3352 τὴν
359 3286 624 3354 μεγίστην
685 3287 827 3356 ψυχῇ
878 3289 1231 3356 περιάπτουσι
1284 3288 1767 3361 βλάϐην·πρῶτον

199 3380 318 3444 μὲν,
362 3378 441 3427 ὅτι
475 3379 594 3438 ταῖς
627 3377 1002 3440 θεοπνεύστοις
1041 3378 1319 3446 φαίνονται
1360 3379 1769 3445 διαπιστοῦντες

201 3470 465 3537 Γραφαίς·
509 3467 609 3522 εἷθ’
644 3471 723 3522 ὅτι
777 3473 867 3523 τὸν
904 3470 1127 3539 μείζονά
1178 3488 1235 3523 τε
1298 3473 1391 3523 καὶ
1437 3473 1638 3525 τέλειον
1693 3474 1767 3541 μὴ

198 3560 644 3627 προστησάμενοι
709 3559 802 3611 τοῦ
854 3559 1285 3629 Χριστιανισμοῦ
1352 3561 1587 3624 σκοπὸν,
1634 3561 1768 3630 μηδὲ

198 3648 333 3716 πρὸς
397 3651 601 3701 ἐκεῖνον
653 3648 854 3716 φθάσαι
915 3649 1385 3719 κατατεινόμενοι,
1446 3650 1606 3702 πόνον
1673 3652 1768 3703 καὶ

200 3739 458 3809 σπονδὴν,
496 3742 686 3792 πείνάν
716 3758 773 3792 τε
812 3742 903 3793 καὶ
935 3741 1094 3809 δίψαν
1118 3743 1212 3810 τῆς
1246 3741 1589 3811 δικαιοσύνης
1623 3742 1767 3811 ἔχειν

196 3832 256 3882 οἷς
285 3832 583 3894 δύνανταιυ,
622 3832 759 3883 ἀλλὰ
823 3834 934 3894 τοῖς
974 3832 1259 3903 ὲξωτέροις
1287 3833 1529 3902 σχήμασί
1572 3850 1631 3883 τε
1673 3834 1767 3885 καὶ

196 3923 373 3991 ἤθεσι,
417 3924 509 3973 καὶ
546 3922 747 3988 ὀλίγοις
798 3922 910 3975 τισὶ
957 3923 1373 3993 κατορθώμασιν
1419 3924 1768 3993 ἐμπληροφο-

199 4015 474 4083 ρούμενοι,
509 4016 606 4083 τῆς
658 4014 934 4084 μακαρίας
985 4014 1219 4082 ἐλπίδος,
1271 4016 1365 4068 καὶ
1412 4015 1765 4085 τελειότητος,

198 4110 291 4158 καὶ
319 4108 416 4176 τῆς
451 4106 743 4169 παντελοῦς
773 4106 882 4159 τῶν
916 4108 1195 4161 παντελῶν
1227 4108 1415 4161 παθῶν
1448 4108 1768 4178 καθάρσεως

195 4194 601 4246 ἀπολείπονται.
642 4195 714 4247 Τὸ
741 4196 921 4266 τρίτον
953 4196 1027 4258 ώς
1054 4196 1288 4265 οίόμενοι
1329 4199 1427 4265 τῆς
1470 4197 1770 4265 ἀκρότητος

196 4280 483 4352 ἐφικέσθαι
521 4287 587 4354 τῇ
624 4286 958 4355 κατορθώσει
998 4286 1105 4338 τῶν
1152 4286 1347 4353 ὀλίγων
1371 4327 1386 4351 ,
1421 4285 1496 4349 ώς
1534 4288 1765 4358 ἔφημεν,

195 4373 430 4442 ἀρετῶν,
453 4375 545 4426 καί
574 4373 651 4443 μὴ
686 4374 823 4445 πρὸς
862 4375 922 4427 τὸ
942 4375 1146 4427 τέλειον
1176 4376 1547 4444 ἐπειγόμενοι,
1580 4378 1641 4428 οὺ
1670 4376 1765 4445 μό-

1873 1940 2117 2007 Apostoli
2174 1959 2187 1993 :
2230 1942 2295 1995 Ut
2341 1943 2673 1995 exhibeamus
2718 1960 2926 1996 omnem
2970 1946 3231 1996 hominem
3280 1947 3454 2013 perfe-

1873 2038 2013 2084 ctum
2044 2032 2098 2083 in
2122 2031 2326 2085 Christo
2345 2033 2406 2085 “.
2442 2032 2578 2086 Illud
2610 2048 2827 2102 quoque
2857 2050 2869 2085 :
2910 2033 3087 2086 Donec
3118 2050 3452 2087 occurramus

1871 2137 2048 2175 omnes
2095 2123 2150 2174 in
2206 2126 2464 2175 unitatem
2523 2123 2665 2190 ﬁdei,
2710 2132 2759 2176 et
2813 2126 3098 2193 agnitionis
3152 2124 3274 2178 Filii
3327 2126 3448 2190 Dei,

1869 2211 1925 2261 in
1956 2209 2126 2262 virum
2172 2212 2478 2280 perfectum,
2505 2213 2561 2264 in
2586 2228 2889 2264 mensuram
2908 2215 3080 2266 wtatis
3115 2213 3452 2282 plenitudinis

1873 2302 2065 2357 Christi
2086 2304 2151 2367 ⁸⁷,
2184 2304 2328 2358 idem
2358 2304 2775 2373 suadet.,Porro
2796 2307 2890 2374 qui
2919 2306 3314 2375 perfectionem
3342 2322 3453 2375 pne

1871 2396 2047 2451 oculis
2110 2395 2334 2461 habent,
2385 2398 2489 2451 illis
2546 2398 2657 2451 duo
2700 2398 2950 2466 quaedam
2997 2397 3452 2466 praestantissima

1871 2485 2096 2538 evenire
2144 2486 2431 2555 contingit.
2465 2485 2723 2539 Summus
2768 2501 2831 2538 ac
2879 2486 3196 2540 trremissus
3226 2478 3453 2540 conten-

1874 2572 2043 2626 tionis
2075 2574 2242 2626 ardor
2271 2574 2323 2629 in
2362 2575 2541 2642 ipsum
2571 2574 2809 2642 apicem,
2845 2589 2940 2643 spe
2970 2574 3136 2644 hujus
3157 2590 3451 2639 mensum.

1873 2676 2094 2715 cursum
2120 2663 2173 2715 in
2199 2662 2547 2717 ascendendo
2577 2664 2943 2732 persequendi
2972 2682 2987 2729 ;
3023 2675 3078 2719 et
3102 2674 3162 2719 ut
3193 2666 3453 2735 superbia

1872 2766 1944 2805 ne
1976 2751 2288 2820 capiantur;
2333 2752 2429 2806 sed
2473 2752 2689 2805 modice
2720 2752 2790 2807 de
2822 2768 2882 2807 sc
2925 2756 3184 2817 sentiant,
3235 2764 3290 2809 et
3329 2755 3448 2808 exi-

1873 2857 2008 2912 gues
2040 2856 2098 2896 se
2122 2842 2458 2907 existiment,
2486 2842 2748 2912 quoniam
2772 2842 3169 2912 perfectionem
3204 2844 3451 2901 nondum

1872 2931 2153 2988 consecuti
2184 2939 2330 2987 sunt.

1797 3179 1839 3237 C
1942 3190 2057 3247 XII.
2094 3192 2197 3259 Qui
2245 3208 2309 3248 ea
2357 3193 2665 3263 proferunt,
2716 3192 2894 3248 tribus
2938 3193 3119 3248 modis
3151 3192 3450 3249 maximum

1869 3282 2067 3336 anima:
2093 3282 2353 3335 damnum
2389 3283 2704 3352 important,
2740 3282 2981 3352 primum
3013 3284 3258 3353 quidem,
3298 3284 3448 3354 quod

1867 3371 2130 3425 divinitus
2147 3371 2426 3441 inspiratis
2443 3387 2641 3440 negare
2659 3372 2916 3426 videntur
2938 3372 3242 3442 Scripturis
3260 3374 3447 3437 iidem;

1868 3468 2066 3523 deinde
2089 3468 2233 3537 quod
2264 3468 2527 3537 majorem
2554 3475 2609 3519 et
2630 3466 2932 3536 perfectum
2956 3484 3064 3522 non
3091 3469 3449 3537 praestituunt

1867 3557 2566 3625 christianismo'scopum,
2620 3571 2801 3624 neque
2849 3557 2916 3609 ad
2966 3558 3121 3611 illum
3154 3559 3445 3627 pervenire

1867 3647 2287 3710 contendentes,
2314 3646 2561 3700 laborem
2592 3653 2648 3698 et
2679 3644 2945 3709 studium,
2977 3645 3177 3699 famem
3206 3657 3261 3701 et
3295 3647 3445 3702 sitim

1862 3738 2089 3807 justitite
2116 3737 2319 3790 habere
2342 3744 2593 3805 possunt;
2620 3735 2714 3789 sed
2737 3735 2987 3789 externis
3010 3745 3067 3790 et
3090 3737 3449 3806 superﬁciali-

1868 3828 1971 3883 bus
1990 3828 2267 3883 habitibus
2287 3836 2344 3881 et
2362 3826 2629 3891 moribus,
2658 3825 2961 3895 paucisque
2980 3826 3312 3895 quibusdam
3340 3837 3448 3883 tra-

1867 3920 2057 3974 latitiaa
2084 3920 2306 3974 virtutis
2326 3919 2519 3973 oﬂiciis
2548 3918 2764 3973 abunde
2801 3919 3067 3983 contenti,
3102 3935 3132 3973 a
3154 3934 3251 3987 spe
3286 3920 3447 3975 beata

1865 4023 1922 4069 et
1963 4015 2338 4083 perfectionis,
2388 4014 2759 4081 absolutaeque
2801 4027 3093 4081 pravorum
3124 4013 3307 4066 omnis
3345 4029 3439 4083 ge-

1868 4107 2017 4160 neris
2066 4104 2365 4160 aﬂectuum
2411 4103 2753 4173 purgationis
2802 4101 3082 4156 excidunt.
3135 4103 3441 4169 Postremo,

1868 4192 2013 4261 quod
2076 4192 2409 4245 exhibitione
2458 4204 2758 4258 paucarum
2810 4189 3115 4258 vulgarium
3152 4190 3441 4257 virtutum,

1869 4291 1933 4336 ut
1963 4282 2221 4344 diximus,
2264 4280 2522 4334 inflantur
2557 4280 2612 4331 in
2659 4278 2974 4347 Opinionem
3009 4279 3116 4343 sui,
3146 4280 3300 4347 quasi
3328 4281 3443 4350 jam

1868 4372 2077 4440 apicem
2110 4378 2348 4431 teneant,
2386 4368 2441 4422 in
2467 4382 2629 4437 quem
2660 4382 2935 4421 summum
2965 4367 3099 4423 eniti
3134 4370 3217 4422 vis
3244 4369 3443 4424 buma-

197 4483 285 4517 ιον
324 4464 651 4516 ταπείνωσιν
680 4467 772 4515 καὶ¹
798 4465 1070 4533 πτωχείαν
1101 4466 1193 4516 καὶ
1227 4465 1516 4535 συντριϐὴν
1543 4466 1765 4535 καρδίας
1792 4508 1844 4566 D
1870 4478 1939 4515 na
1972 4468 2143 4530 quet;

1797 4508 1844 4566 Β
1870 4478 1939 4515 na
1972 4468 2143 4530 quet;
2196 4460 2429 4527 ideoque
2462 4459 2695 4512 ulterius
2731 4459 2973 4527 aspirare
3006 4459 3301 4525 desinunt;
3339 4477 3442 4516 nec

196 4558 399 4619 ἣκιστα
434 4554 577 4623 ἔχειν
605 4554 876 4607 δύνανται·
911 4555 1047 4607 ἀλλὰ
1076 4555 1409 4617 δικαιοῦντες
1442 4558 1664 4619 ἑαυτοὺς
1692 4558 1767 4619 ὡς

198 4646 300 4708 ἤδη
344 4644 758 4714 κατειληφότας,
789 4645 850 4697 οὐ
877 4646 1159 4715 προκοπὴν
1185 4647 1285 4698 οὐκ
1312 4648 1549 4699 ἐπίδοσιν
1571 4648 1769 4716 ὁσημέ-

202 4753 286 4804 ραι
314 4736 577 4803 δέχονται.

269 4995 367 5046 ΙΓ·.
406 4994 544 5055 Τοὺς
592 4993 848 5045 ἀδύνατόν
891 5010 1055 5061 φησιν
1085 4996 1419 5065 ἡγουμένους
1445 4998 1539 5066 τὴν
1575 4998 1770 5069 κατόρ-

198 5088 362 5138 θωσιν
389 5084 611 5154 ταύτην,
654 5086 754 5154 τὴν
791 5084 877 5137 διὰ
914 5084 1008 5137 τοῦ
1056 5086 1371 5156 Πνεύματος
1410 5092 1519 5150 τοῖς
1553 5090 1764 5160 ἀνθρώ-

199 5194 321 5238 ποις
352 5176 726 5245 ὲγγινομὲνην,
762 5176 941 5245 ἥτιςὴ
989 5176 1149 5247 καινὴ
1182 5179 1356 5241 κτίσις
1392 5180 1509 5231 ἐστὶ
1537 5182 1635 5248 τῆς
1663 5198 1764 5233 κα-

199 5268 369 5337 θαρᾶς
412 5266 655 5337 καρδίας,
708 5268 735 5319 ό
803 5267 1124 5330 ’Λπόστολος
1176 5269 1469 5339 διαρρήδην
1519 5272 1763 5335 ἐοικότας

198 5356 392 5416 αὐτοὺς
421 5356 657 5407 δείκνυσι
689 5358 803 5417 τοῖς
829 5356 896 5408 δι’
923 5358 1181 5410 ἀπιστίαν
1209 5360 1309 5427 τὴν
1330 5361 1431 5430 γῆν
1462 5360 1559 5429 τῆς
1593 5363 1765 5431 ὲπαγ-

199 5448 383 5515 γελίας
439 5447 699 5500 εἰσελθεῖν
762 5448 835 5518 μὴ
896 5448 1256 5519 ἠξιωμένοις,
1300 5453 1394 5505 καὶ
1440 5452 1537 5506 διὰ
1586 5455 1761 5509 τοῦτο

1871 4549 2046 4605 solum
2087 4548 2348 4600 humilem
2389 4547 2811 4600 mstimationem
2838 4548 2945 4607 sui,
2978 4559 3034 4601 et
3063 4558 3439 4617 paupertatem

1867 4650 1923 4694 et
1954 4640 2337 4694 coutritionem
2368 4640 2552 4693 cordis
2574 4640 2798 4693 minime
2820 4640 3020 4694 habere
3047 4650 3275 4709 possunt
3300 4660 3311 4694 :
3341 4643 3437 4697 sed

1868 4732 2031 4783 etiam
2058 4728 2422 4799 justificantes
2455 4744 2513 4781 se
2539 4729 2705 4796 ipsos,
2730 4738 2790 4780 ut
2818 4729 2909 4796 qui
2931 4729 3040 4797 jam
3074 4731 3437 4798 comprehen-

1868 4820 2069 4881 derint,
2114 4833 2365 4872 ereseere
2409 4818 2656 4886 quotidie
2702 4817 3122 4886 promoverique
3155 4817 3210 4871 in
3241 4819 3437 4874 melius

1869 4918 2105 4962 cessant.

1936 4998 2075 5052 XIII.
2107 4998 2208 5063 Qui
2239 4998 2555 5054 existimant
2589 4997 2982 5065 impossibilem
3013 5017 3133 5055 eam
3167 5002 3434 5057 reforma-

1867 5091 2091 5153 tionem,
2120 5106 2240 5159 qure
2288 5104 2383 5158 per
2414 5088 2749 5141 habitantem
2801 5090 2854 5143 in
2900 5090 3217 5146 hominibus
3260 5092 3434 5162 Spiri-

1868 5180 2025 5248 178
2050 5188 2163 5233 tum
2190 5179 2269 5242 fit,
2309 5192 2431 5247 qua:
2450 5193 2587 5231 nova
2618 5186 2701 5230 cst
2725 5179 2931 5233 creatio
2953 5182 3074 5249 puri
3099 5183 3312 5245 cordis;
3337 5199 3435 5237 eos

1862 5277 2151 5346 Apostolus
2166 5276 2370 5330 diserte
2390 5278 2709 5345 pronuntiat
2728 5258 2936 5333 similes
2950 5279 3077 5343 illis,
3096 5280 3186 5349 qui
3208 5287 3434 5349 propter

1864 5365 2238 5420 infidelitatem
2268 5365 2724 5435 indiguijudieati
2752 5376 2894 5421 terra
2917 5368 3298 5436 promissionis
3324 5386 3336 5420 :
3360 5367 3432 5420 Et

1860 5474 2082 5526 quorum
2123 5464 2399 5528 propterea
2446 5457 2717 5512 cadauera
2765 5466 3033 5527 prostrata
3082 5469 3202 5512 sunt
3247 5460 3302 5512 in
3337 5458 3433 5509 de-~

200 5539 592 5591 πεπτωκότων
619 5538 822 5603 αὐτοῖς
863 5538 981 5591 τῶν
1010 5540 1217 5593 κώλων
1260 5542 1330 5593 ἐν
1374 5541 1448 5611 τῇ
1476 5544 1687 5614 ἐρήμῳ·
1731 5546 1757 5597 ὃ
1856 5560 1995 5601 serto
2016 5549 2079 5602 ".
2122 5548 2151 5613 (ξ

1856 5549 2079 5602 serto".
2122 5548 2251 5613 Quae
2288 5547 2433 5617 enim
2482 5548 2591 5601 illic
2632 5546 3014 5616 promissionis
3064 5559 3207 5603 terra
3264 5562 3428 5601 sensu

272 5667 315 5697 ⁸³
352 5666 562 5719 Μοιιὴ..
582 5683 633 5729 v,
678 5668 763 5722 48.

204 5751 277 5794 Iv,
326 5736 411 5791 15.
507 5737 547 5768 ⁸⁸
594 5737 758 5791 Hebr.
809 5740 996 5795 111.17.

866 5670 1103 5743 "‘_Joan.
1154 5690 1280 5739 xvn,
1333 5673 1423 5727 24.
1503 5676 1547 5708 ⁸⁵
1586 5676 1774 5730 Matth.
1812 5692 1953 5741 X.\l\',
1986 5678 2082 5743 55;
2119 5676 2251 5730 Luc.
2294 5693 2401 5733 xxx.
2435 5678 2519 5731 53.

2598 5676 2642 5706 “
2680 5675 2871 5731 Coloss
2912 5675 3059 5739 1,28.
3139 5676 3181 5705 ⁶τ
3223 5674 3428 5737 Ephes.
