4254 6358
840 377 951 441 863

2084 376 2146 436 S.
2187 375 2505 436 MACARII
2546 377 2865 438 IEGYPT"

3983 387 4101 451 864

836 495 1027 560 aperto
1049 485 1275 552 dicitur,
1302 485 1533 557 mystico
1551 500 1715 540 sensu
1738 498 1802 563 ac
1823 483 2117 539 affectibus
2136 485 2417 541 liheratio—
2447 494 2493 548 Α

2447 494 2493 548 Λ
2521 488 2628 557 γὰρ
2661 490 2778 542 ἐκεῖ
2804 490 3136 559 ἐπαγγελίας
3181 496 3249 563 γῆ
3280 493 3421 547 κατὰ
3453 495 3513 547 τὸ
3544 498 3797 566 φανερὸν,
3826 498 3985 551 τοῦτο
4010 502 4105 552 ὲν-

835 594 961 633 nem
1010 577 1253 643 indicat;
1303 593 1467 646 quam
1510 588 1568 632 et
1603 576 1747 630 idem
1777 575 2070 644 Apostolus
2096 575 2256 629 ﬁnem
2289 592 2410 630 esse

835 671 1016 723 omnis
1062 668 1302 722 mandati
1337 668 1656 722 declaravit.
1706 668 1829 720 llaec
1861 668 2007 720 enim
2029 682 2158 721 vera
2187 667 2407 720 demum

835 770 916 815 cst
944 759 1329 829 promissionis
1354 768 1519 822 terra,
1537 759 1591 811 in
1614 760 1771 829 cujus
1797 758 2246 827 signiﬁcationem
2273 774 2408 812 cun-

836 858 921 904 cta
950 849 1041 903 illa
1064 849 1241 920 typice
1266 847 1577 901 traduntur.
1605 836 1831 916 Propter
1853 847 1997 915 quod
2024 847 2244 901 divinus
2264 847 2409 916 Apo-

834 943 1027 1004 stolus,
1058 939 1340 995 securitati
1372 940 1714 1008 prospiciens
1746 939 2162 1008 discipulorum,
2203 955 2272 993 ne
2318 940 2409 993 cui

834 1032 1131 1102 contigerit
1160 1034 1281 1101 capi
1307 1030 1615 1085 contumaci
1656 1030 2056 1085 incredulitatis
2078 1032 2404 1101 supercilio:

843 1121 1032 1184 Videte,
1064 1122 1266 1189 inquit,
1308 1121 1519 1189 fratres,
1547 1136 1609 1173 ne
1640 1121 1773 1189 forte
1793 1122 1858 1173 sit
1887 1124 1940 1174 in
1969 1122 2147 1191 aliquo
2174 1132 2401 1176 vestrum

832 1229 921 1263 cor
953 1212 1156 1267 malum
1192 1213 1601 1277 incredulitatis,
1646 1214 1939 1266 discedendi
1966 1232 1997 1267 a
2038 1214 2144 1267 Deo
2178 1217 2291 1268 viva
2338 1216 2406 1267 ”.

833 1304 991 1367 Quod
1067 1304 1386 1358 discedendi
1433 1305 1660 1357 verbum
1715 1319 1824 1357 non
1875 1304 1942 1358 ad
2004 1304 2404 1373 abnegationis,

834 1393 928 1445 sed
956 1394 1022 1446 ad
1051 1392 1365 1446 difﬁdentia:
1389 1393 1809 1461 promissionum
1835 1392 2286 1461 significationem
2313 1408 2407 1461 po-

833 1483 942 1536 suit
974 1500 987 1535 :
1022 1483 1281 1537 videlicet
1312 1483 1489 1553 typica
1515 1482 1824 1536 Judzeorum
1854 1498 1919 1535 ex
1947 1482 2228 1551 allegoriis
2253 1482 2406 1535 evol-

830 1588 984 1635 vens,
1020 1583 1075 1626 et
1111 1572 1311 1641 ﬁguras
1343 1588 1465 1626 cum
1514 1576 1743 1626 veritate
1778 1588 2101 1642 comparans
2136 1573 2407 1625 subinl'ert

834 1660 1025 1714 dicens
1056 1678 1069 1713 :
1103 1658 1331 1723 Quidam
1361 1663 1499 1713 enim
1524 1662 1793 1713 audientes
1817 1661 2253 1713 exacerbavcrunt
2275 1678 2291 1713 :
2316 1662 2407 1713 sed

832 1767 936 1801 non
967 1752 1214 1813 universi,
1242 1752 1331 1819 qui
1360 1751 1576 1819 profecti
1607 1758 1726 1802 sunt
1754 1767 1816 1803 ea:
1856 1750 2083 1820 Egypto
2124 1767 2215 1819 per
2252 1750 2402 1821 Moy-

2517 579 2689 631 ταῦθα
2715 580 2906 632 παθῶν
2939 582 3317 653 ἀπολύτρωσις
3368 587 3507 638 κατα
3538 588 3601 638 τὸ
3651 589 3915 655 κρυπτόν·
3959 591 4103 661 ὅπερ

2512 670 2576 737 δὴ
2611 672 2703 721 καὶ
2732 673 2760 721 ὁ
2785 671 3107 735 Ἀπόστολος
3137 673 3287 735 τέλος
3330 676 3508 743 πάσης
3537 676 3757 743 ἐντολῆς
3808 675 3948 730 εἶξαι
3992 680 4109 732 ἀπ-

2518 755 2686 821 έδειξε
2709 774 2721 789 ·
2756 759 2849 810 καὶ
2890 760 3047 811 τοῦτό
3081 764 3225 813 ἐστιν
3252 763 3303 831 δή
3343 763 3568 831 ἀληθινὴ
3610 768 3706 833 τῆς
3763 768 4105 833 ἐπαγγελίας

2514 846 2610 915 γῆ,
2642 848 2735 900 καὶ¹
2778 848 2845 899 δι’
2880 850 3049 917 αὐτὴν
3089 851 3265 903 πάντα
3300 856 3483 906 ἐκεῖνα
3519 856 3772 917 τυπικῶς
3805 860 4105 926 παραδίδο-

2512 955 2624 991 ται.
2676 940 2812 1009 Παρ’
2843 940 2871 992 ὃ
2914 942 3007 992 καὶ
3040 943 3067 993 ὁ
3101 943 3383 1006 Θεσπέσιος
3442 946 3651 1009 Παῦλος
3696 948 3762 999 δι’
3792 950 4101 1015 ἀσφαλείας

2510 1031 2579 1083 τὰ
2607 1030 2716 1084 τῶν
2754 1032 3009 1102 μαθητῶν
3054 1034 3395 1103 ποιούμενος,
3428 1039 3501 1098 ὠς
3534 1039 3606 1106 μή
3646 1056 3768 1093 τινα
3812 1044 4099 1110 συμϐῆναι

2510 1121 2765 1183 ἀπιστίας
2784 1122 2990 1187 ἁλῶνας
3022 1128 3349 1196 φρονήματι·
3380 1128 3660 1193 Βλέπετε,
3682 1132 3937 1202 ἀδελφοί
3951 1154 4096 1204 μου,

2511 1214 2665 1279 φησὶ,
2713 1214 2948 1281 μήποτε
2994 1217 3088 1281 εἵη
3133 1217 3203 1269 ἐν
3243 1235 3365 1270 τινι
3399 1219 3566 1287 ὑμῶν
3600 1223 3813 1288 καρδιά
3859 1230 4098 1293 πονηρὰ

2510 1303 2813 1369 ἀπιστίας,
2851 1306 2921 1357 ἐν
2958 1306 3035 1369 τῷ
3069 1308 3411 1377 ἀποστῆναι
3459 1313 3579 1366 ἀπὸ
3620 1316 3725 1367 τοῦ
3758 1318 3907 1369 Θεοῦ
3954 1317 4096 1377 ζῶν-

2510 1410 2629 1457 τος·
2669 1395 2726 1445 τὸ
2753 1396 2808 1447 δὲ
2839 1397 3141 1466 ἀποστῆναι
3174 1402 3273 1453 οὐκ
3324 1405 3411 1454 ἐπὶ
3446 1405 3538 1455 τοῦ
3572 1408 3937 1476 ἀρνήσασθαι,
3976 1410 4095 1461 ἀλλ’

2510 1485 2605 1535 ἐπὶ
2626 1485 2718 1536 τοῦ
2746 1489 2865 1549 ταῖς
2890 1490 3240 1556 ἐπαγγελίαις
3267 1494 3429 1545 αὑτοῦ
3466 1496 3786 1565 ἀπιστῆσαι,
3811 1500 4091 1552 τέθεικεν·

2509 1573 2699 1641 ἀμέλει
2754 1575 2849 1627 καὶ
2902 1577 2967 1629 τὰ
3030 1582 3233 1631 τυπικά
3282 1582 3389 1633 τῶν
3458 1583 3723 1637 Ἰουδαίων
3775 1588 4099 1658 ἀλληγορῶν

2508 1666 2599 1717 καὶ
2625 1667 2988 1734 παραϐάλλων
3018 1669 3191 1721 ταῦτα
3226 1673 3358 1741 πρὸς
3386 1674 3482 1742 τὴν
3511 1676 3794 1744 ἀλήθειαν,
3813 1682 4096 1750 ἑπιςςέρει,

2510 1754 2704 1822 λέγων·
2738 1756 2902 1822 Τινὲς
2954 1760 3064 1826 γὰρ
3102 1762 3473 1829 ἀκούσαντες
3516 1768 3701 1821 αὐτοῦ
3728 1773 4098 1837 παρεπίκρα-

828 1855 939 1893 seu.
972 1839 1166 1904 Quibus
1210 1851 1385 1893 autem
1430 1842 1664 1909 infensus
1708 1851 1783 1894 est
1821 1843 2184 1911 quadraginta
2209 1844 2407 1896 annis?
2441 1849 2483 1905 Β

2441 1849 2483 1905 Β
2510 1862 2648 1909 ναν,
2696 1847 2834 1899 ἀλλ’
2866 1850 2937 1901 οὺ
2982 1850 3203 1916 πάντες
3246 1856 3298 1905 ol
3326 1854 3676 1923 ἐξελθόντες
3698 1860 3765 1921 ἐξ
3789 1863 4098 1927 Atri-arcu

832 1948 1003 1984 nonne
1044 1932 1151 1985 illis
1199 1934 1288 2002 qui
1322 1942 1685 2002 peccaverunt,
1720 1950 1942 2001 quorum
1988 1934 2245 1986 cadavera
2285 1951 2404 2003 pro-

828 2029 1000 2073 strata
1048 2032 1170 2075 sunt
1222 2024 1275 2075 in
1316 2024 1562 2076 deserto?
1613 2023 1806 2087 Quibus
1857 2035 2031 2076 autem
2060 2026 2264 2093 juravit
2300 2016 2401 2078 non

830 2114 1053 2165 introire
1082 2116 1137 2166 in
1184 2116 1415 2183 requiem
1452 2116 1634 2183 ipsius,
1668 2113 1767 2167 nisi
1796 2114 2076 2167 incredulis
2102 2116 2125 2166 ?
2156 2116 2225 2168 Et
2265 2118 2403 2169 vide-

830 2219 943 2255 mus
973 2206 1095 2270 quia
1127 2220 1227 2255 non
1262 2212 1542 2273 potuerunt
1574 2205 1792 2257 introire
1821 2212 2035 2274 propter
2059 2204 2404 2258 incredulita-

829 2302 931 2345 tem
959 2296 1025 2349 ⁷⁸.
1054 2294 1349 2349 Timeamus
1379 2312 1497 2365 ergo
1529 2313 1593 2348 ne
1637 2296 1790 2363 forte,
1818 2296 1999 2350 relicta
2028 2296 2403 2366 pollicitatione

828 2386 1127 2437 introeundi
1156 2386 1210 2437 in
1254 2387 1485 2454 requiem
1527 2386 1708 2455 ipsius,
1739 2388 2062 2439 existimetur
2103 2387 2294 2456 aliquis
2340 2402 2403 2439 ea:

828 2477 967 2529 vobis
991 2477 1184 2529 deesse.
1220 2477 1429 2530 Etenim
1472 2488 1520 2529 et
1560 2479 1705 2531 nobis
1755 2480 2058 2531 nuntiatum
2092 2487 2187 2541 est,
2226 2495 2405 2548 quem-

830 2565 1109 2618 admodum
1132 2576 1178 2617 et
1201 2566 1327 2628 illis,
1349 2583 1463 2635 quae
1483 2568 1784 2621 audierunt.
1810 2568 2148 2638 Ingredimur
2175 2570 2313 2622 enim
2349 2571 2403 2622 in

830 2657 1059 2723 requiem
1087 2658 1174 2725 qui
1199 2658 1509 2710 credidimus
1542 2658 1607 2712 “.
1638 2659 1703 2712 Et
1736 2668 1859 2727 post
1891 2675 2063 2728 pauca
2093 2676 2284 2715 rursus
2317 2661 2403 2714 in-

829 2744 933 2797 fert
966 2762 979 2797 :
1017 2744 1342 2799 Festinemus
1386 2763 1505 2815 ergo
1553 2748 1755 2817 ingredi
1784 2751 1839 2801 in
1876 2748 2029 2801 illam
2058 2752 2311 2818 requiem,
2345 2761 2402 2803 ut

830 2852 894 2888 ne
924 2839 977 2888 in
1019 2839 1188 2905 ipsum
1217 2840 1334 2906 quis
1360 2841 1557 2893 incidat
1584 2841 1969 2894 incredulitatis
2010 2842 2306 2911 exemplum
2330 2844 2400 2898 τ’.

827 2929 959 2994 Quae
990 2942 1172 2985 autem
1206 2932 1309 2985 alia
1339 2941 1422 2986 est
1446 2932 1886 2986 Christianorum
1924 2936 2166 3002 requies,
2202 2951 2232 2989 a
2266 2952 2396 3004 per-

829 3021 967 3075 fecta
994 3024 1468 3091 perturbationum
1488 3024 1556 3077 ad
1585 3034 1867 3093 peceatum
1900 3026 2232 3080 trahentium
2261 3028 2403 3083 libe-

830 3113 1062 3178 ratione,
1089 3122 1251 3182 atque
1282 3130 1311 3167 a
1343 3114 1654 3183 plenissima
1679 3124 1735 3169 et
1765 3114 1968 3169 efﬁcaci
2000 3116 2129 3169 boni
2158 3118 2397 3185 Spiritus

2510 1931 2607 1984 διὰ
2653 1934 2931 1999 Μωσέως·
2971 1938 3095 1989 τίσι
3126 1938 3193 1991 δὲ
3233 1942 3614 2012 προσώχθισε
3638 1950 4098 2014 τεσσαράκοντα

2508 2019 2802 2093 ἐτη;οὐχί
2854 2026 2977 2091 τοῖς
3018 2031 3458 2099 ἁμαρτήσασιν,
3510 2032 3597 2089 ὧν
3639 2040 3710 2091 τὰ
3757 2039 3922 2093 κῶλα
3954 2043 4094 2096 ἒπε-

2508 2129 2621 2166 σεν
2660 2116 2729 2168 ἐν
2765 2115 2839 2183 τῇ
2885 2118 3119 2186 sptium;
3170 2125 3292 2177 τίσι
3335 2126 3404 2177 δὲ
3449 2127 3646 2195 ὤμοσε
3694 2131 3781 2197 μὴ
3818 2134 4095 2186 εἰσελεύ-

2510 2208 2725 2258 σεσθαι
2772 2210 2857 2271 εὶς
2894 2209 3009 2275 τὴν
3055 2213 3437 2269 κατάπαυσιν
3473 2220 3659 2273 αὑτοῦ
3687 2261 3699 2281 ,
3748 2224 3799 2273 εὶ
3835 2222 3919 2290 μὴ
3967 2224 4093 2289 τοῖς

2509 2297 2913 2364 ἀπειθήσιισις
2957 2304 3051 2355 καί
3080 2305 3411 2375 βλέπομεν,
3449 2309 3537 2363 ὄτι
3569 2312 3654 2379 μὴ
3694 2313 4092 2379 ἐδυνήθησαν

2510 2391 2808 2443 εἰσελθεῖν
2857 2392 2930 2444 δι’
2965 2394 3281 2449 ἀπιστίαν·
3323 2401 3421 2451 καὶ
3475 2402 3703 2470 ἐπάγει·
3738 2408 4096 2474 Φοϐηθῶμεν

2510 2478 2623 2536 οὖν
2648 2483 2879 2551 μήποτε
2905 2491 3390 2556 καταλιπομένης
3415 2494 3774 2560 ἐπαγγελίας
3794 2500 4097 2550 εἰσελθεῖν

2510 2574 2597 2636 είς
2643 2573 2757 2639 τὴν
2812 2575 3195 2631 κατάπαυσιν
3241 2583 3448 2647 αὐτοῦ,
3483 2584 3650 2637 δοκεῖ
3699 2605 3788 2652 τις
3821 2590 3892 2651 ἐξ
3925 2589 4094 2658 ὑμῶν

2510 2664 2929 2730 ὑστερηκέναι·
2964 2669 3062 2721 καί
3095 2670 3203 2737 γάρ
3238 2673 3423 2739 ἐσμεν
3451 2678 3944 2747 εὐηγγελισμένοι
3994 2699 4095 2733 κα-

2510 2753 2697 2821 θάπερ
2725 2755 3007 2810 κάκεῖνοι·
3057 2761 3193 2813 ἀλλ’
3218 2766 3329 2816 οὐκ
3349 2765 3667 2833 ὠφέλησεν
3690 2773 3722 2823 ό
3763 2773 3947 2839 λόγος
3984 2772 4093 2837 τῆς

2510 2844 2700 2911 ἀκοῆς
2716 2846 2984 2914 ἐκείνους
3002 2851 3085 2918 μὴ
3111 2859 3594 2924 συγκεκριιμένος
3619 2860 3691 2927 τῇ
3724 2864 3925 2915 πίστει
3968 2866 4091 2929 τοῖς

2510 2936 2871 2991 ἀκούσασιν·
2896 2942 3280 3011 εἰσερχόμεθα
3307 2951 3414 3014 γὰρ
3445 2953 3531 3014 εις
3563 2951 3677 3018 τὴν
3704 2954 4090 3009 κατάπαυσιν

2511 3029 2566 3078 οι
2621 3030 3083 3097 πιστεύσαντες·
3134 3036 3226 3086 καὶ
3276 3040 3393 3105 μετ’
3422 3039 3573 3105 ὀλίγα
3614 3043 3775 3095 πάλιν
3809 3046 4085 3116 ἐπιφέρει·

2514 3120 2960 3190 Σπουδάσωμεν
2989 3122 3102 3177 οὖν
3132 3128 3429 3181 εἰσελθεῖν
3454 3135 3540 3197 εις
3568 3134 3812 3200 ἐκείνην
3850 3139 3966 3201 τὴν
3989 3156 4088 3190 κα-

832 3204 887 3255 in
913 3219 1050 3271 puro
1086 3204 1250 3258 corde
1294 3204 1674 3258 habitatione?
1726 3205 2020 3273 Propterea
2047 3215 2102 3259 et
2135 3207 2400 3261 inducens
2428 3212 2469 3267 C
2502 3225 2512 3259 ι

2428 3212 2469 3267 C
2502 3207 2823 3277 τὰπαυσιν,
2867 3214 2966 3265 ἵνα
2996 3214 3082 3282 μὴ
3122 3217 3189 3268 ἐν
3236 3218 3314 3283 τῷ
3360 3222 3518 3287 αὐτῷ
3568 3242 3659 3286 τις
3690 3228 4083 3297 ὑποδείγματι

831 3305 1021 3343 rursus
1073 3306 1167 3344 cos
1217 3291 1281 3343 ad
1341 3291 1524 3354 fidem,
1578 3291 1653 3345 ait
1703 3308 1718 3343 :
1766 3290 2083 3344 Accedamus
2124 3310 2242 3345 cum
2279 3310 2399 3346 vero

828 3379 980 3431 corde
1004 3380 1059 3431 in
1087 3378 1409 3447 plenitudine
1431 3381 1553 3447 ﬁdei
1570 3422 1584 3445 ,
1620 3382 1820 3450 aspersi
1856 3381 2013 3433 corda
2037 3400 2067 3435 a
2089 3384 2400 3435 conscientia

830 3468 976 3522 mala
1015 3470 1079 3522 ".
1113 3470 1181 3523 Et
1214 3471 1412 3523 iterum
1448 3488 1460 3522 :
1496 3471 1705 3535 Quanto
1747 3472 1914 3540 magis
1958 3474 2176 3542 sanguis
2207 3471 2400 3526 Christi

830 3559 1129 3613 emundabit
1171 3563 1542 3614 conscientiam
1589 3571 1823 3615 nostram
1876 3563 1941 3615 ab
1984 3562 2219 3631 operibus
2255 3580 2399 3615 mor-

831 3653 930 3705 tuis
977 3652 1044 3704 ad
1094 3653 1423 3705 serviendum
1476 3652 1583 3706 Deo
1616 3656 1728 3707 vivo
1779 3664 1829 3708 et
1860 3671 1981 3708 vero
2010 3654 2088 3707 “l
2132 3653 2401 3708 Convenit

830 3744 997 3811 igitur
1023 3744 1398 3797 annuntiatam
1428 3760 1525 3813 per
1564 3745 1680 3799 hazc
1725 3746 1895 3799 verba
1934 3746 2257 3799 immensam
2301 3745 2398 3798 Dei

828 3848 954 3906 erga
982 3834 1233 3889 homines
1271 3835 1661 3905 benignitatem
1690 3838 1937 3891 conﬁteri
1968 3851 2087 3901 nos,
2118 3848 2178 3891 ut
2212 3853 2399 3891 servos

831 3921 1050 3988 ﬁdeles;
1098 3931 1153 3977 et
1204 3939 1332 3979 vera
1362 3924 1625 3995 ﬁrmaque
1676 3937 1934 3996 reputare
1964 3945 2085 3996 qua:
2131 3929 2398 3996 promissa

830 4022 979 4077 sunt,
1043 4022 1101 4068 ut
1151 4016 1500 4083 quantumvis
1548 4027 1769 4086 propter
1816 4018 2079 4087 propositi
2123 4018 2397 4087 pigritiam

828 4111 884 4156 et
936 4102 1311 4159 inﬁrmitatem
1352 4119 1463 4159 non
1501 4121 1727 4175 prorsus
1778 4124 1879 4162 nos
1927 4109 2096 4163 semel
2146 4109 2200 4162 in
2234 4124 2397 4164 omne

830 4206 1043 4266 tempus
1095 4196 1340 4251 Creatori
1391 4198 1745 4267 praebuimus,
1808 4214 1986 4269 neque
2038 4199 2106 4253 ad
2174 4215 2397 4270 magnas

826 4294 883 4340 et
934 4286 1203 4356 perfectas
1276 4287 1497 4343 virtutis
1552 4287 1911 4357 aspiravimns
1972 4302 2256 4342 mensuras
2295 4306 2307 4342 :
2342 4297 2397 4343 at

826 4379 1063 4447 aliquam
1121 4378 1312 4433 saltem
1383 4378 1816 4433 misericordiam
1871 4378 1942 4432 ob
2008 4379 2394 4434 rectitudinem

829 4468 1133 4521 irrcllexam
1178 4466 1519 4529 intentionis,
1570 4476 1626 4523 et
1678 4482 1864 4523 sanam
1898 4466 2082 4533 ﬁdem,
2133 4470 2392 4539 consequi

827 4558 1119 4627 possimus.

2507 3301 2799 3368 περιπέσῃ
2850 3303 2958 3369 τῆς
2995 3306 3313 3374 ἀπειθείας.
3356 3312 3451 3374 Τίς
3498 3314 3552 3365 δὲ
3607 3317 3949 3385 Χριστιανῶν
3984 3338 4082 3373 κα-

2504 3390 2770 3454 τάπαυσις
2797 3394 2976 3463 ἑτέρα,
3010 3396 3041 3465 ἢ
3073 3398 3180 3450 τῶν
3212 3400 3310 3468 τῆς
3345 3403 3618 3473 ἁμαρτίας
3653 3407 3840 3459 παθῶν
3871 3413 3902 3476 ἡ
3950 3412 4083 3463 ἁπο-

2505 3478 2790 3570 λύτρωσις,
2840 3483 2935 3536 καὶ
2984 3487 3015 3552 ὴ
3066 3487 3410 3561 πληρεστάτη
3448 3494 3539 3545 καὶ
3570 3497 3795 3567 ἐνεργὴς
3828 3500 3921 3553 τοῦ
3950 3503 4082 3570 ἁγα-

2506 3568 2598 3620 θοῦ
2648 3570 2958 3639 Πνεύματος
3018 3578 3075 3627 ὲν
3125 3582 3189 3648 τῇ
3232 3582 3447 3653 καθαρᾷ
3507 3588 3703 3657 καρδίᾳ
3760 3592 4073 3660 ἐνοίκησιςς

2503 3660 2671 3730 ταύτῃ
2703 3679 2785 3714 τοι
2817 3664 2910 3717 καὶ
2950 3667 3158 3735 ὲνάγων
3192 3672 3388 3735 αὐτοὺς
3414 3676 3573 3729 πάλιν
3608 3681 3741 3749 πρὸς
3764 3684 3864 3750 τὴν
3899 3685 4078 3737 πίστιν

2505 3752 2655 3819 φησι·
2696 3757 3157 3826 Προσερχώμεθα
3196 3765 3321 3830 μετ’
3364 3767 3662 3839 ἀληθινῆς
3712 3774 3960 3839 καρδίας
4011 3777 4079 3829 ἐν

2504 3844 2869 3932 πληροφορίᾳ
2896 3850 3174 3915 πίστεως,
3214 3854 3663 3926 ὲρῤαντισμένοι
3696 3863 3801 3926 τὰς
3831 3866 4078 3932 καρδίας

2503 3930 2620 3983 ἀπὸ
2670 3934 3079 4002 συνειδήσεως
3109 3956 3204 3993 ποι
3226 3942 3492 4009 ηρᾶς.καὶ
3515 3948 3689 4011 αὖθις·
3723 3930 4077 4022 Πόσιλιιμᾶλζ

2502 4025 2615 4110 λον
2644 4024 2710 4075 τὸ
2746 4023 2887 4092 αἷμα
2921 4029 3028 4081 τοῦ
3062 4030 3272 4097 Ἰησοῦ
3301 4040 3697 4106 καθαριεῖτὴν
3717 4046 4078 4110 συνείδησιν

2502 4109 2667 4176 ὑμῶν
2720 4112 2838 4165 ἀπὸ
2870 4116 3101 4182 νεκρῶν
3136 4120 3343 4189 ἔργων,
3379 4128 3464 4191 εις
3508 4128 3573 4180 τὸ
3607 4133 3921 4197 λατρεύειν
3957 4109 4077 4198 Θεῷ

2503 4198 2668 4258 ζῶντι
2698 4202 2795 4256 καί
2841 4206 3145 4274 ἀληθινῷ]
3177 4213 3448 4285 Προσήκει
3487 4220 3683 4283 τοίνυν,
3722 4222 3816 4293 τὴν
3855 4226 3941 4278 διὰ
3970 4228 4077 4280 τῶν

2502 4293 2762 4385 έῃμάτων
2811 4297 3014 4351 τούτων
3050 4302 3463 4378 ἐπηγγελμένην
3504 4309 3593 4363 τοῦ
3646 4313 3779 4366 Θεοῦ
3821 4316 3955 4385 πρὸς
3984 4319 4077 4370 άν-

2504 4382 2751 4478 Θρώπους
2806 4388 3042 4461 ἄμετρον
3097 4393 3405 4467 ἁγαθότητα
3458 4382 4073 4478 καθομολογεῖννήμᾶς,

2501 4471 2835 4567 οἷαῄδούλους
2867 4479 3235 4551 εὐγνώμονας,
3269 4490 3360 4540 καὶ
3391 4491 3564 4562 ἀληθῆ
3592 4471 3684 4548 καὶ⁵
3713 4471 4074 4567 βέϐαια-λογίὲ

2428 4555 2468 4609 ῐ)
2500 4563 2687 4626 ζεσθαι
2709 4567 2775 4619 τὰ
2810 4569 3218 4642 ἐπηγγελμένα·
3247 4578 3332 4631 ἵνα
3355 4581 3459 4634 κᾶν
3595 4555 3825 4639 νωθείαν
3852 4590 3882 4657 ἦ
3911 4555 4077 4642 ἀσθέ-

828 4671 982 4707 νειαν
1020 4654 1396 4723 προαιρέσεως
1453 4653 1527 4722 μὴ
1582 4653 1835 4718 καθάπαξ
1895 4654 2120 4715 ἑαυτοὺς
2174 4654 2252 4722 τῷ
2313 4659 2637 4726 πεποιηκότι
2684 4662 3051 4733 παρέσχομεν,
3089 4670 3221 4737 μηδὲ
3251 4671 3357 4723 τῶν
3415 4676 3664 4740 μεγάλων
3722 4678 3813 4729 καὶ
3859 4653 4079 4737 τελείαν

826 4744 925 4811 τῆς
985 4745 1184 4811 ἀρετῆς
1253 4744 1721 4812 άντεποιησάμεθα
1803 4744 2047 4812 μέτρων·
2105 4744 2253 4838 ,ἁλλὶ
2294 4740 2384 4797 οὖν
2445 4748 2507 4812 γέ
2565 4766 2705 4813 τινος
2772 4753 2953 4817 ἐλέους
2995 4757 3081 4810 διὰ
3130 4760 3190 4812 τὸ
3240 4762 3397 4831 ὀρθὸν
3449 4766 3542 4817 καὶ
3595 4768 3951 4838 ἁδιάστροφον
3983 4776 4077 4829 ταῦ

829 4834 1195 4903 φρονήματος,
1236 4833 1332 4885 καὶ
1381 4832 1479 4901 τὴν
1528 4833 1652 4901 ὑγιῆ
1699 4834 1880 4884 πίστιν
1933 4831 2322 4897 ὲπιτεύξασθαι
2353 4834 2684 4905 δυνηθῶμεν.

896 4926 1033 4981 XIV.
1059 4926 1331 4981 Orationis
1353 4937 1409 4980 et
1430 4926 1583 4979 verbi
1611 4942 1748 4995 opus
1774 4926 1877 4979 rite
1899 4940 1962 4978 ac
1993 4926 2381 4979 convenienter

828 5018 1150 5081 exercitum,
1180 5032 1342 5085 supra
1383 5032 1599 5071 omnem
1640 5017 1901 5068 virtutem
1933 5024 1989 5068 et
2032 5030 2194 5068 omne
2238 5032 2390 5071 man-

830 5109 1016 5161 datum
1062 5107 1297 5160 excellit.
1331 5104 1504 5175 liujus
1535 5107 1613 5159 rei
1658 5106 1811 5159 testis
1854 5106 1968 5173 ipse
1992 5113 2074 5157 est
2106 5105 2387 5160 Dominus.

829 5201 965 5256 Cum
1014 5189 1160 5255 enim
1211 5199 1267 5253 in
1321 5198 1539 5253 Marthae
1606 5215 1668 5253 ac
1721 5199 1902 5252 Maria:
1952 5198 2266 5252 divertisset
2296 5200 2395 5254 do-

831 5307 978 5343 mum
999 5292 1062 5353 ⁷⁵,
1093 5301 1147 5345 et
1175 5290 1383 5343 Martha
1421 5290 1566 5342 circa
1598 5290 1967 5342 ministerium
1995 5299 2276 5357 occupata,
2304 5289 2388 5341 in-

831 5384 989 5436 terim
1020 5382 1147 5434 dum
1178 5381 1338 5434 Maria
1370 5380 1435 5432 ad
1477 5382 1640 5448 pedes
1670 5382 1886 5434 Domini
1928 5380 2144 5443 sedens,
2176 5382 2392 5435 ambro—

832 5473 909 5527 sia
941 5470 1137 5523 divina:
1171 5471 1314 5523 illius
1338 5472 1531 5540 lingu-.2
1553 5473 1707 5539 quasi
1728 5474 1968 5526 suaviter
1999 5472 2226 5540 cpulans
2245 5473 2391 5526 frue-

832 5563 1013 5623 batur,
1047 5570 1365 5628 qucrcretur
1394 5562 1458 5615 de
1488 5578 1697 5626 sorore,
1723 5563 1867 5629 quod
1894 5555 2066 5631 ipsam
2098 5577 2205 5614 non
2235 5562 2389 5631 adju-

900 5676 942 5705 ⁶⁹
983 5673 1148 5727 Hebr.
1177 5689 1254 5733 ιιι,
1283 5673 1367 5726 ιε.
1466 5676 1510 5705 ⁷ο
1551 5675 1687 5728 ibid.
1720 5676 1803 5740 16,
1852 5676 1933 5728 i9.

833 5743 872 5772 ⁷⁸
916 5743 1044 5795 Luc.
1097 5760 1146 5806 Χ,
1199 5743 1286 5795 58.

2016 5676 2055 5706 ⁷³
2100 5674 2264 5728 llebr.
2329 5692 2401 5739 tv,
2437 5678 2546 5732 i-ﬁ.
2614 5682 2656 5712 ⁹¹
2699 5681 2830 5735 ibid.
2885 5683 2967 5739 ii.

2569 4931 2661 4984 IA'.
2699 4934 2769 4985 Τὸ
2806 4936 2904 5003 τῆς
2934 4938 3099 5007 εὐχῆς
3142 4942 3235 4993 καὶ
3267 4943 3358 4995 τοῦ
3414 4946 3572 5010 λόγου
3618 4950 3775 5019 ἔργον
3813 4953 4075 5022 ἁρμοζόν-

2496 5037 2602 5116 τως
2654 5024 3089 5116 επιτελούμενον,
3132 5033 3308 5100 πάσης
3356 5036 3559 5105 ἀρετῆς
3601 5058 3658 5093 τε
3710 5045 3803 5095 καὶ
3858 5046 4076 5116 ἐντολῆς

2499 5111 2753 5183 ὑπεράνω
2822 5119 2981 5172 τελεῖ.
3041 5122 3149 5173 Καὶ
3194 5125 3380 5178 τούτου
3431 5131 3639 5199 μάρτυς
3673 5134 3852 5198 αὐτὸς·
3892 5140 4073 5207 ὲπειῐὴ

2496 5203 2703 5297 γάρλεῐς
2725 5206 2819 5276 τὴν
2850 5211 3023 5261 οἰκίαν
3050 5212 3282 5282 Μάρθας
3310 5222 3658 5288 τε,φημὶ,κα“ι
3690 5227 3907 5295 Μαρίας
3937 5203 4073 5297 παρζ

2499 5293 2683 5358 ἐσαλε,
2711 5297 2807 5364 τῆς
2839 5300 2935 5366 μὲν
2968 5301 3195 5370 Μάρθας
3232 5313 3358 5377 περὶ
3391 5310 3487 5378 τὴν
3516 5293 3797 5366 διακονίαν
3818 5293 4075 5385 ἀσχολου-

2499 5383 2684 5450 μένης,
2722 5386 2935 5453 Μαρίας
2956 5390 3011 5440 δὲ
3050 5394 3175 5461 περὶ
3202 5397 3323 5458 τοὺς
3359 5399 3523 5451 αὐτοῦ
3558 5404 3721 5466 πόδας
3768 5383 4070 5476 καθεξτιμέο

2496 5492 2609 5541 νης,
2648 5477 2739 5527 καὶ
2786 5482 2851 5548 τῇ
2890 5481 3163 5554 ἀμϐροσίᾳ
3220 5489 3317 5557 τῆς
3378 5491 3525 5555 θείας
3586 5497 3799 5564 ἐκείνης
3828 5500 4070 5567 γὶῶτττβ

2498 5567 2909 5639 εὑωγουμένης,
2940 5579 3293 5645 μεμφομένης
3345 5584 3515 5651 αὐτῆς
3562 5586 3661 5655 τῆς
3694 5589 3950 5657 ana-mg,
3995 5591 4048 5641 ὅτ

3049 5686 3090 5717 ⁷³
3128 5687 3294 5744 llebr.
3348 5708 3398 5756 χ,
3430 5696 3518 5749 9.9..

4055 5634 4067 5660 ι

3598 5700 3641 5729 ⁷³
3683 5699 3847 5755 Hebr.
3876 5719 3953 5768 xx,
3986 5704 4059 5757 fi.
