4254 6358
289 389 402 452 865

1165 386 1399 448 LIBER
1438 385 1536 446 DE
1573 383 1979 445 PATIENTIA
2020 384 2115 444 ET
2154 381 2678 443 DISCRETIONE.

3436 385 3541 449 866

292 498 371 568 μὴ
406 498 731 569 συμπράττῃ
758 496 950 562 ταῦτα,
983 500 1074 551 καὶ
1108 498 1196 551 διὰ
1236 475 1392 550 codro
1445 495 1663 566 Χριστῷ
1690 511 1862 564 προσ·
1895 500 1939 554 Α
1969 511 1972 519 ε

1859 523 1862 531 ι
1895 500 1939 554 Α
1969 506 2142 557 varet,
2202 510 2265 550 ac
2315 505 2540 564 propter
2574 497 2627 549 id
2654 495 2720 550 ad
2762 494 3041 552 Christum
3073 500 3416 566 accessisset,
3451 503 3539 557 ille

288 588 570 657 ελθούσης,
604 591 763 653 αὐτὸς
809 593 871 642 τὸ
924 589 1257 660 κυριώτερον
1302 589 1395 641 τοῦ
1445 588 1699 657 δευτέρου
1732 602 1869 656 προ-

289 680 426 743 θεὶς,
443 680 670 747 Μάρθα,
693 680 819 749 ἔφη,
853 680 1143 750 μεριμνᾷς
1172 681 1269 733 καὶ
1296 678 1545 747 τυρϐάζτη
1569 682 1701 745 περὶ
1727 679 1872 729 πολ-

285 771 396 824 .ld'
454 772 591 837 ἐνὸς
640 772 708 825 δέ
756 774 887 826 ἐστι
931 776 1119 842 χρεία·
1154 772 1355 840 Μαρία
1398 770 1466 822 δὲ
1496 770 1610 836 τὴν
1639 767 1870 835 ἀγαθὴν

278 862 503 929 μερίδα
531 863 875 927 ἐξελέξατο,
918 865 1049 932 ἥτις
1103 866 1213 917 οὐκ
1262 861 1724 930 ἀφαιρεθήσεται
1766 854 1873 913 ἀπ’

281 952 499 1019 αὐτῆς.
531 953 705 1007 Τοῦτο
728 954 785 1007 δὲ
812 955 1051 1023 εἴρηκεν,
1082 953 1157 1016 ὡς
1197 953 1425 1024 ἔφημεν,
1451 952 1549 1020 οὐχ
1579 951 1653 1013 ὡς
1682 948 1743 1002 τὸ
1766 950 1866 1018 τῆς

283 1045 563 1106 διακονίας
608 1045 768 1114 ἔργον
806 1045 1260 1115 ἀωποιοὺμενος,
1307 1042 1422 1096 ἀλλ’
1454 1042 1527 1104 ὡς
1571 1042 1629 1093 τὸ
1677 1037 1867 1108 μεῖζον

287 1130 511 1192 πάντως
562 1131 655 1182 τοῦ
702 1131 984 1195 ἐλάττονος
1034 1132 1329 1201 προτιθείς·
1369 1129 1490 1183 ἐπεὶ
1542 1130 1659 1191 πῶς
1706 1128 1869 1189 αὐτὸς

283 1221 536 1288 ἠνείχετο
560 1222 656 1290 τῆς
682 1222 991 1288 διακονίας;
1020 1222 1137 1283 πῶς
1164 1224 1256 1274 καὶ
1290 1221 1591 1291 αὐτουργὸς
1617 1220 1873 1288 φαίνεται

284 1314 479 1363 τούτου
518 1313 830 1381 γενόμενος,
862 1315 954 1367 καὶ
994 1315 1120 1376 τοὺς
1160 1313 1327 1370 πόδας
1358 1312 1515 1379 νίψας
1544 1311 1651 1363 τῶν
1686 1310 1861 1379 μαθη-

282 1403 395 1454 τῶν
422 1420 437 1467 ;
473 1403 726 1456 τοσοῦτον
755 1404 808 1456 δὲ
836 1406 1209 1472 ἀποσχόμενος
1244 1403 1337 1456 τοῦ
1369 1402 1635 1465 κωλῦσαι,
1658 1403 1740 1453 ὃτι
1772 1401 1866 1452 καὶ

282 1496 379 1545 τὸν
428 1497 539 1547 ἴσον
569 1495 770 1563 τρόπον
799 1495 935 1563 πρὸς
962 1494 1225 1564 ἀλλήλους
1258 1496 1434 1546 ποιεῖν
1461 1495 1573 1554 τοῖς
1605 1491 1866 1561 μαθηταῖς

283 1585 657 1652 ἐγκελεύεται·
693 1585 753 1636 οὑ
785 1585 894 1654 μὴν
926 1585 1060 1637 ἀλλά
1106 1586 1201 1638 καὶ
1229 1586 1425 1645 αὐτοὺς
1457 1584 1709 1652 εὑρήσεις
1738 1583 1858 1642 τοὺς

284 1670 641 1735 ἀποστόλους,
674 1672 835 1739 ἡνίκα
869 1672 1132 1742 πρότερον
1166 1672 1293 1738 περὶ
1323 1670 1420 1740 τὴν
1443 1668 1549 1722 τῶν
1579 1667 1865 1739 τραπεζῶν

284 1761 579 1813 ἐπονοῦντο
624 1762 923 1827 διακονίαν,
958 1761 1053 1815 τοῦ
1104 1762 1348 1831 μείζονος
1382 1761 1542 1830 ἔργου
1574 1760 1863 1829 πρόκρισιν

290 1853 575 1920 θεμένους,
606 1853 706 1921 τῆς
736 1823 921 1924 εὐχῆς,
963 1823 1129 1922 φημὶ..
1168 1823 1259 1905 καὶ
1292 1823 1582 1918 τοῦλόγου
1660 1823 1741 1904 Οίι
1779 1849 1863 1902 δί-
1896 1823 1936 1875 Β

284 1960 463 1996 rumor
486 1944 614 2012 γὰρ,
641 1947 835 2013 φησιν,
868 1943 1025 2011 ἡμᾶς
1054 1944 1498 2008 καταλιπόντας
1533 1941 1640 1994 τὸν
1684 1943 1867 2009 λόγον

282 2033 395 2087 τοῦ
435 2032 582 2086 Θεοῦ
621 2032 930 2086 διακονεῖν
979 2032 1328 2099 τραπέζαις·
1382 2030 1498 2083 ἀλλ’
1552 2031 1864 2097 εὐξάμενοι,

284 2122 515 2187 ἄνδρας
561 2123 811 2189 πλήρεις
849 2122 1193 2190 Πνεύματος
1252 2120 1424 2189 ἁγίου
1475 2118 1866 2185 καταστήσω-

280 2230 402 2281 μεν
433 2213 530 2264 ἐπὶ
566 2210 675 2278 τῆς
704 2211 1011 2275 διακονίας
1039 2210 1260 2276 ταύτης
1287 2224 1300 2236 ·
1336 2208 1504 2276 ἡμεῖς
1533 2207 1600 2260 δὲ
1638 2206 1711 2275 τῇ
1743 2207 1868 2258 δια-

286 2304 464 2368 κονίᾳ
505 2301 613 2354 τοῦ
650 2303 838 2372 λόγου
887 2301 985 2354 καὶ
1024 2299 1097 2368 τῇ
1136 2298 1447 2369 προσευχῇ
1496 2314 1865 2368 προσκαρτε-

279 2395 503 2463 ρώμεν.
537 2395 718 2464 Ὁρᾷς,
750 2396 896 2457 ὅπως
925 2396 993 2447 τά
1038 2393 1230 2465 πρῶτα
1274 2392 1380 2445 τῶν
1419 2392 1683 2461 δευτέρων
1728 2409 1861 2461 προ-

289 2486 538 2555 έκριναν,
582 2485 783 2555 καίπερ
836 2486 1121 2554 ἀμφότερα
1160 2485 1288 2555 μιᾶς
1342 2482 1551 2553 ἀγαθῆς
1584 2483 1737 2554 ῥίζης
1766 2483 1863 2535 οὐκ

288 2576 613 2644 ἀγνοοῦντες
636 2571 774 2629 εἶναι
801 2575 1176 2645 βλαστήματα.

295 2748 343 2779 ’⁸
381 2748 514 2809 Luc.
565 2764 617 2810 ιι.
648 2750 737 2807 il.

831 2749 874 2782 "
928 2750 1085 2805 Joan.
1147 2749 1341 2813 κηκὶς.
1411 2746 1457 2778 ⁷⁸
1516 2746 1634 2800 Act.
1687 2761 1758 2807 νι,
1816 2746 1935 2799 τι-ι.

1978 584 2278 653 principale
2324 585 2632 638 acecssorio
2678 586 2996 655 praeferens,
3049 591 3286 653 Martha,
3340 592 3567 660 inquit,,

1972 675 2200 728 sollicita
2226 692 2299 741 es,
2327 687 2371 727 et
2400 677 2628 729 turbaris
2656 693 2780 747 erga
2808 679 3036 747 plurima
3063 696 3082 733 :
3104 699 3261 750 porro
3283 700 3445 737 unum
3468 695 3543 739 cst

1977 769 2346 821 necessarium.
2377 765 2546 819 Maria
2574 770 2826 837 optimam
2854 779 3058 838 partem
3085 772 3256 840 elegit,
3292 789 3409 843 qua:
3438 791 3541 827 non

1973 858 2243 926 auferetur
2271 857 2335 910 ab
2363 874 2425 909 ea
2449 857 2512 911 ".
2552 856 2662 911 lloc
2695 867 2874 911 autem
2906 859 3063 920 dixit.
3104 871 3165 915 ut
3198 864 3403 931 praefati
3447 880 3542 919 su-

1970 965 2111 1013 mus,
2148 965 2256 1003 non
2278 959 2340 1002 ut
2365 949 2653 1004 ministerii
2682 966 2820 1020 opus
2843 952 3190 1020 reprobaret;
3219 955 3315 1009 sed
3347 966 3406 1011 ut
3428 973 3540 1012 ma-

1970 1040 2061 1110 jus
2091 1040 2251 1108 179
2277 1038 2475 1092 minori
2501 1050 2863 1108 praeponeret.
2889 1042 3183 1097 Enimvero
3207 1045 3293 1098 cui
3319 1046 3539 1102 tandem

1969 1131 2148 1184 videri
2201 1130 2376 1198 possit
2424 1132 2564 1185 male
2619 1131 2768 1185 illum
2800 1133 3039 1188 sensisse
3098 1135 3163 1189 de
3206 1137 3537 1203 ministerio,

1975 1221 2135 1289 cujus
2157 1219 2347 1288 utique
2383 1230 2662 1273 auctorem
2691 1230 2746 1273 et
2778 1224 3056 1289 exemplar
3082 1239 3139 1277 se
3175 1225 3350 1293 ipsum
3380 1227 3538 1279 exhi-

1972 1309 2114 1372 buit,
2148 1309 2315 1378 pedes
2344 1309 2510 1362 etiam
2541 1310 2939 1378 discipulorum
2965 1312 3154 1366 levans
3189 1314 3269 1366 "?
3300 1315 3535 1368 Tantum

1968 1399 2213 1469 profecto
2244 1400 2417 1453 abfuit
2462 1411 2519 1453 ut
2550 1400 2688 1453 illud
2735 1411 2965 1467 vetaret,
2995 1412 3055 1455 ut
3086 1403 3371 1473 discipulis
3400 1422 3538 1473 pra:-

1966 1491 2197 1557 ceperit,
2230 1489 2372 1543 idem
2407 1490 2661 1544 similiter
2698 1506 2824 1559 erga
2871 1507 2991 1545 sese
3028 1502 3219 1546 mutuo
3256 1509 3534 1551 exercere.

1968 1579 2109 1645 Quin
2141 1588 2197 1633 et
2240 1581 2385 1648 ipsos
2433 1582 2681 1634 invenies
2715 1581 3012 1648 apostolos,
3051 1584 3270 1651 qnando
3297 1586 3536 1654 primum

1968 1670 2112 1722 circa
2166 1686 2475 1723 mensarum
2520 1671 2887 1724 ministerium
2932 1674 3277 1740 laborabant,
3312 1677 3538 1744 praelato

1970 1760 2099 1812 huic
2124 1760 2324 1828 potiori
2387 1775 2574 1829 opere,
2632 1765 2903 1817 orationis
2964 1766 3176 1819 scilicet
3224 1782 3288 1820 ac
3340 1769 3537 1832 verbi,

1966 1850 2163 1905 dixisse
2202 1870 2213 1904 :
2266 1851 2384 1905 Non
2424 1862 2498 1905 est
2530 1869 2737 1922 arquum
2790 1873 2881 1909 nos
2917 1856 3277 1926 derelinquere
3324 1860 3539 1914 verbum

1964 1944 2061 1997 Dei
2109 1956 2157 1998 et
2207 1949 2510 2000 ministrare
2551 1950 2761 2009 mensis,
2802 1949 2896 2001 sed
2944 1952 3222 2018 praemissa
3264 1953 3535 2019 oratione,

1964 2039 2101 2089 viros
2132 2037 2311 2105 plenos
2370 2036 2572 2107 Spiritu
2613 2048 2795 2092 sancto
2841 2043 3217 2096 constituamus
3265 2059 3421 2113 super
3445 2045 3539 2097 hoc

1966 2142 2129 2195 opus;
2165 2144 2255 2179 nos
2288 2143 2407 2180 vero
2434 2130 2663 2181 orationi
2691 2139 2737 2181 et
2767 2132 3054 2184 ministerio
3099 2134 3239 2186 verbi
3280 2136 3536 2187 instantes

1968 2219 2159 2271 erimus
2197 2219 2261 2271 ⁷⁸.
2307 2219 2492 2283 Vides,
2536 2228 2595 2272 ut
2643 2220 2819 2288 prima
2854 2223 3110 2277 secundis
3151 2225 3535 2292 prmiulerint:

1970 2320 2250 2378 utcunque
2280 2326 2388 2364 non
2421 2311 2760 2379 ignorarent,
2804 2315 2969 2367 unius
2994 2324 3224 2384 utraque
3253 2316 3410 2370 bona:
3448 2332 3539 2370 ra-

1970 2397 2109 2452 dicis
2132 2414 2252 2453 esse
2284 2400 2550 2470 germina.

1648 2944 3535 2978 Μ

295 2947 1833 2984 ἔπι-ππ

440 3133 1629 3311 ΜΑΚΑΡΙΟΥ
1740 3135 2177 3305 ΤΟΥ
2306 3134 3403 3308 ΜΕΓΑΛοΥ

947 3412 1207 3498 ΠΕΡΙ
1278 3411 1913 3500 ΥΠΟΜΟΝΗΣ
1986 3416 2179 3499 ΚΑΙ
2257 3412 2899 3500 ΔΙΛΚΡΙΣΕΩΣ

1798 3593 2017 3646 ΛΟΓΟΣ

973 3953 1971 4109 MAGARII
2135 3955 2882 4112 MAGNI

804 4249 966 4351 DE
1082 4245 1786 4352 PATIENTIA
1915 4247 2077 4347 ΕΤ
2212 4243 3056 4355 DISCRETIONE

1800 4452 2000 4507 LIBER

372 4798 448 4849 A'.
482 4795 605 4857 Τοῖς
644 4794 957 4863 πειθαρχεῖν
995 4793 1072 4863 τῷ
1104 4794 1246 4864 λόγῳ
1281 4794 1372 4847 τοῦ
1414 4792 1548 4846 Θεοῦ
1603 4794 1861 4864 βουλομὲα
1896 4798 1941 4858 C
2043 4801 2052 4848 Ι

1855 4823 1861 4835 ›
1896 4798 1941 4858 C
2043 4801 2082 4848 Ι.
2113 4796 2215 4849 Eos
2265 4796 2357 4865 qui
2394 4795 2583 4848 volunt
2612 4794 2839 4850 obedire
2881 4796 2975 4850 Dei
3016 4798 3202 4859 verbo,
3249 4803 3304 4849 et
3333 4794 3535 4851 bonum

295 4907 427 4950 νοις,
459 4888 551 4940 καὶ
584 4885 785 4951 ἀγαθὸν
815 4885 1021 4954 καρπὸν
1058 4885 1468 4954 ἐργαζομένοις,
1500 4888 1697 4955 σημεῖα
1727 4902 1865 4954 παρ-

295 4977 580 5033 ακολουθεῖ
607 4975 779 5029 ταῦτα
806 4991 821 5006 °
872 4976 1195 5044 στεναγμὸς,
1230 4976 1525 5044 κλαυθμὸς,
1576 4976 1868 5043 κατήφεια,

296 5067 524 5138 ἡσυχία,
556 5065 802 5133 κεφαλῆς
838 5064 1071 5132 κίνησις,
1106 5065 1401 5136 προσευχὴ,
1440 5064 1638 5133 σιωπὴ,
1675 5066 1869 5133 ἐπιμο-

295 5164 382 5229 νὴ,
413 5158 673 5228 ὀδυνηρὸν
703 5157 917 5219 πένθος,
962 5157 1121 5217 πόνος
1149 5154 1376 5226 καρδίας
1418 5158 1556 5227 ὑπὲρ
1589 5156 1867 5220 εὐσεϐείας

293 5254 606 5319 γενόμενος.
653 5248 733 5301 Τὰ
775 5247 833 5300 δὲ
873 5247 1031 5316 ἔργω
1061 5247 1361 5318 ἀγρυπνία,
1392 5247 1632 5317 νηστεία.
1664 5247 1865 5316 ἐγκρά-

291 5359 436 5403 τεια,
472 5339 737 5408 πραότης,
778 5337 1150 5406 μακροθυμία,
1187 5336 1527 5399 ἀδιάλειπτος
1561 5337 1860 5405 προσευχὴ,

297 5432 497 5502 μελέτη
539 5430 646 5482 τῶν
679 5428 839 5481 θείων
872 5428 1124 5497 Γραφῶν,
1156 5428 1355 5491 πίστις,
1387 5429 1731 5491 ταπείνωσις,
1774 5445 1865 5494 φι-

293 5522 575 5591 λαδελφία,
608 5521 875 5590 ὑποταγὴ,
910 5521 1088 5583 πόνος,
1112 5521 1468 5582 κακοπάθεια,
1502 5520 1709 5589 ἀγάπη,
1735 5522 1868 5585 ἀγα-

294 5616 535 5681 θωσύνη,
573 5613 890 5682 κοσμιότης,
928 5612 1021 5665 καὶ
1056 5614 1116 5664 τὸ
1150 5613 1268 5665 ὅλον
1299 5613 1435 5677 φῶς,
1467 5613 1495 5665 ὃ
1527 5614 1671 5663 ἐστιν
1700 5612 1727 5662 ὁ
1758 5611 1867 5662 Κύ-

1973 4883 2208 4937 i'ruetum
2259 4883 2486 4947 faciunt,
2549 4880 2665 4936 haec
2712 4895 3020 4953 sequuntur
3073 4886 3224 4956 signa
3282 4902 3298 4940 :
3354 4887 3536 4954 suspi-

1976 4975 2138 5039 rium,
2198 4975 2467 5043 planctus,
2529 4973 2811 5037 maestitia,
2866 4974 3043 5043 quies,
3097 4976 3293 5044 capitis
3343 4977 3533 5040 motio,

1973 5066 2168 5129 oratio,
2204 5066 2505 5128 silentium,
2541 5066 2846 5120 constantia
2880 5067 2933 5119 in
2966 5068 3106 5131 loco,
3143 5068 3432 5125 dolorosus
3456 5071 3540 5123 lu-

1973 5162 2115 5218 ctus,
2152 5155 2306 5209 labor
2337 5154 2519 5208 cordis
2547 5170 2644 5223 pro
2675 5155 2875 5224 pietate
2907 5166 3213 5225 susceptus.
3261 5156 3382 5213 llaic
3403 5175 3535 5214 vero

1971 5260 2135 5313 opera
2165 5262 2177 5296 :
2207 5244 2421 5314 vigilite,
2446 5245 2738 5314 jejunium,
2765 5245 3126 5311 continentia,
3148 5252 3535 5314 mansuetudo,

1970 5336 2375 5405 longanimitas,
2411 5335 2587 5389 oratio
2612 5351 2722 5388 non
2766 5336 3098 5400 intermissa,
3135 5339 3418 5396 meditatio
3450 5345 3538 5398 di-

1970 5428 2219 5480 vinarum
2274 5427 2700 5495 Seripturarum.
2752 5427 2905 5489 fides,
2960 5428 3262 5495 humilitas,
3301 5432 3543 5493 charitas

1973 5518 2234 5581 fraterna,
2280 5516 2563 5586 subjectio,
2622 5517 2796 5580 labor,
2871 5533 3162 5587 aperorum
3230 5525 3535 5591 perpessio,

1975 5608 2234 5674 Charitas,
2287 5608 2524 5672 bonitas,
2568 5607 2844 5673 honestas,
2877 5618 2933 5663 et
2966 5624 3129 5663 omne
3164 5610 3367 5676 lumen,
3396 5616 3540 5683 quod

297 5724 434 5779 ριος.
468 5704 589 5758 Τῶν
616 5703 671 5757 δέ
702 5721 765 5772 γε
824 5705 898 5773 μὴ
935 5702 1228 5755 ποιούντων
1259 5705 1468 5775 καρπὸν
1496 5704 1639 5773 ζωῆς
1671 5702 1871 5771 σημεῖά
1975 5730 1977 5742 ‹

1863 5720 1871 5755 ι
1975 5708 2060 5754 est
2113 5700 2396 5754 Dominus.
2432 5699 2634 5753 Eorum
2675 5708 2856 5753 autem
2898 5700 2991 5769 qui
3039 5716 3145 5753 non
3184 5699 3393 5756 faciunt
3429 5704 3543 5757 tru-

297 5804 415 5851 ἔστι
442 5797 635 5852 ταῦτα’
666 5795 887 5865 ἀκηδία,
920 5794 1271 5863 μεθορισμὸς,
1301 5796 1637 5866 περίϐλεψις,
1664 5796 1869 5864 ἀπροσ-

1864 5821 1869 5833 ι
1978 5802 2124 5847 ctum
2156 5791 2298 5845 vitae.
2333 5791 2483 5860 signa
2516 5790 2629 5844 haec
2679 5799 2805 5845 sunt
2850 5810 2861 5846 :
2919 5790 3152 5849 incuria.
3184 5796 3544 5863 transgressio

622 5888 892 5948 ΡΑτσῐιοι..
938 5888 1053 5948 Gn.
1099 5887 1362 5946 XXXIV.

3067 5879 3141 5943 28
