4254 6358
761 420 864 483 867

2006 424 2065 482 S.
2106 422 2424 483 MACARII
2464 423 2786 483 ᾸΞΟΥΡῚῚΙ

3918 418 4030 479 868

778 535 923 588 ultra
973 534 1271 597 terminos,
1316 534 1517 588 ell'usio
1546 543 1799 603 aspectus
1842 536 1895 590 in
1924 550 2115 589 omnes
2135 546 2336 605 partes,
2374 543 2412 595 Α
2445 552 2458 588 ε

2374 543 2412 595 Α
2445 535 2584 599 εξία,
2616 536 2950 604 γογγυσμὸς,
2997 534 3298 601 κέπφωσις.
3333 533 3413 586 Τά
3441 532 3495 585 δέ
3524 531 3681 603 ἔργα·
3710 531 4027 600 ἀδδηφαγω

764 626 1117 697 negligentia,
1154 624 1539 688 murmuratio,
1574 625 1711 680 levis
1742 626 2117 681 circumactio.
2157 627 2332 696 Opera

762 732 895 771 vero
929 736 941 771 :
989 719 1283 783 voracitas,
1315 718 1415 781 ira,
1448 717 1816 781 vehementia,
1855 718 2207 781 obtrectatio,
2243 728 2333 773 tu-

764 822 903 871 mor,
940 808 1248 878 importuna
1280 810 1601 878 loquacitas,
1634 809 2013 873 incredulitas,
2059 811 2333 893 instabili-

765 906 869 963 tas,
923 900 1149 963 oblivio,
1198 901 1462 965 turbatio,
1514 901 1651 956 lucri
1690 901 1897 956 sordidi
1939 902 2195 972 captatio,
2235 918 2335 973 pe-

765 992 937 1047 cuniaa
966 990 1259 1061 cupiditas,
1290 993 1582 1056 aemulatio,
1620 994 1921 1057 contentio,
1951 992 2333 1064 despicientia,

766 1083 1067 1153 nugacitas,
1109 1084 1527 1154 intempestivus
1572 1087 1739 1151 risus,
1790 1086 2091 1157 pertinacia
2139 1100 2339 1143 sensus

764 1174 1001 1243 proprii;
1032 1184 1087 1229 et
1116 1190 1305 1229 omnes
1339 1175 1601 1239 tenebrat,
1635 1192 1756 1246 qum
1790 1187 1918 1232 sunt
1946 1176 2193 1234 Satanas.

832 1262 897 1315 ll.
932 1262 1036 1316 Per
1066 1278 1295 1326 arcanae,
1326 1264 1419 1318 sed
1445 1265 1555 1318 Deo
1589 1264 1785 1335 dignm,
1814 1266 2175 1336 providentiae
2204 1284 2338 1323 con-

764 1354 970 1418 silium,
1003 1368 1111 1409 non
1146 1356 1329 1409 statim
1368 1357 1421 1409 in
1451 1356 1730 1410 decretam
1765 1359 1865 1428 ipsi
1894 1358 2200 1429 gehennam
2238 1359 2339 1413 im-

766 1449 887 1513 pius
919 1447 1189 1512 mittitur,
1238 1449 1331 1502 sed
1383 1448 1605 1502 interim
1657 1450 1855 1503 sinitur
1886 1451 1974 1503 hic
2021 1452 2230 1514 vivere,
2282 1459 2340 1505 ut

765 1546 942 1602 vexet,
979 1552 1043 1591 ac
1081 1540 1332 1592 vexando
1364 1540 1561 1609 probet
1594 1540 1885 1604 homines;
1936 1550 2097 1609 atque
2128 1544 2221 1602 ita,
2254 1552 2339 1594 ut-

766 1642 986 1695 cunque
1024 1642 1135 1691 non
1175 1630 1384 1692 volens,
1424 1629 1642 1693 eﬂiciat,
1698 1640 1759 1684 ut
1795 1631 1966 1684 sancti
2011 1642 2259 1685 crescant
2287 1633 2339 1685 in

762 1717 974 1785 justitia
1016 1733 1114 1787 per
1161 1720 1514 1787 patientiam;
1554 1736 1619 1774 ac
1664 1736 1759 1789 per
1799 1720 1902 1775 hoc
1942 1722 2163 1790 majoris
2210 1721 2343 1789 ipsis

767 1807 952 1876 gloriae
977 1824 1137 1863 causa
1168 1811 1275 1874 sit;
1311 1811 1527 1881 sibique
1559 1812 1799 1867 vicissim
1830 1828 1928 1882 per
1956 1828 2109 1867 suam
2140 1814 2335 1866 volun-

770 1901 961 1954 tariam
995 1902 1423 1956 obstinationem
1448 1903 1503 1957 in
1532 1906 1791 1973 peccatis,
1824 1914 1879 1958 et
1904 1904 2202 1958 malitiosas
2226 1920 2340 1956 ma-

767 1990 1110 2047 chinationes
1174 1994 1225 2047 in
1282 2004 1519 2061 sanctos,
1570 2005 1719 2049 tanto
1757 1998 1959 2067 justius
1994 1995 2341 2065 inﬂigendam

770 2085 983 2153 probet,
1015 2102 1135 2155 qua:
1172 2086 1273 2155 ipsi
1302 2096 1575 2150 servatur,
1610 2102 1850 2156 poenam.
1873 2087 2163 2153 Nimirum,
2195 2087 2340 2156 quod

781 2178 1003 2231 divinus
1032 2178 1110 2230 ait
1133 2177 1426 2246 Apostolus
1474 2194 1485 2228 :

768 2278 891 2314 Cum
920 2273 1187 2331 peccatum
1216 2264 1282 2317 ".

841 2353 1000 2423 180
1038 2354 1123 2408 Ill.
1162 2353 1298 2408 Cum
1334 2354 1641 2425 deccpisset
1678 2355 1945 2410 Adamum
1979 2357 2256 2421 inimicus,
2288 2368 2342 2413 et

768 2445 848 2498 sic
874 2457 998 2499 eum
1030 2445 1274 2500 dominio
1304 2461 1405 2499 suo
1444 2446 1813 2517 subjugasset,
1844 2448 2045 2516 eripuit
2073 2450 2145 2510 ei,
2179 2464 2340 2517 quam

770 2536 924 2604 prius
958 2535 1213 2599 habebat,
1256 2544 1627 2605 potestatem;
1662 2537 1734 2590 ita
1758 2537 2015 2606 princeps
2045 2538 2208 2605 hujus
2242 2554 2342 2592 sa:-

769 2628 878 2682 culi
908 2628 1215 2681 declaratus
1237 2635 1339 2681 est.
1372 2628 1637 2698 Princeps
1660 2629 1927 2697 siquidem
1955 2630 2117 2699 hujus
2137 2631 2342 2694 s:ceuli,

768 2730 825 2773 et
843 2720 1097 2773 dominus
1124 2719 1371 2773 omnium
1397 2719 1690 2773 visibilium
1712 2720 1875 2773 homo
1897 2720 1964 2773 ab
1986 2720 2144 2774 initio
2168 2720 2346 2775 fuerat

770 2828 800 2864 a
831 2812 943 2865 Deo
968 2811 1321 2865 constitutus.
1343 2810 1460 2864 Non
1479 2811 1625 2865 enim
1651 2810 1751 2880 ipsi
1776 2812 2066 2879 praevalere
2092 2812 2229 2881 ignis
2247 2828 2342 2880 po-

772 2910 936 2968 terat,
964 2916 1075 2955 non
1100 2917 1226 2955 eum
1265 2918 1407 2971 aqua
1446 2901 1785 2970 demergere.
1834 2918 1942 2955 non
1984 2903 2063 2955 illi
2096 2903 2212 2955 fera
2246 2920 2345 2955 no-

770 3006 917 3054 cere,
948 3006 1060 3045 non
1102 3006 1262 3045 suum
1291 2991 1345 3044 in
1381 2994 1500 3061 ejus
1528 2992 1773 3046 membra
1808 3008 2080 3046 venenum
2119 2993 2343 3047 noxium

771 3078 1004 3144 quodvis
1020 3078 1220 3133 animal
1238 3078 1569 3133 diffundere.
1598 3079 1673 3133 Ex
1697 3095 1807 3149 quo
1829 3092 2009 3135 autem
2029 3083 2341 3152 deceptioni

1540 2176 1601 2231 Ut
1642 2177 1739 2243 ﬁat
1774 2195 1935 2249 supra
1974 2179 2184 2232 modum
2227 2196 2341 2248 pec-

774 3170 1098 3235 succubuit,
1135 3170 1379 3240 prodidit
1418 3169 1700 3240 deceptori
1744 3172 2107 3241 principatum
2161 3190 2337 3229 suum.
2367 3206 2411 3267 C

777 3260 1006 3329 i‘ropter
1046 3274 1211 3329 quam
1256 3276 1474 3315 causam
1526 3262 1668 3330 magi
1718 3271 1774 3316 et
1814 3264 2252 3333 pnestigiatores,
2288 3277 2343 3319 et

772 3367 871 3420 per
886 3350 1251 3405 adversariam
1265 3350 1555 3405 eﬂicaciam
1572 3352 1728 3417 mira,
1748 3354 1860 3407 Deo
1877 3355 1954 3407 sic
1968 3357 2339 3426 permittente,

773 3451 1093 3509 operantur,
1122 3442 1410 3495 venenatis
1432 3442 1779 3499 dominantes
1807 3444 2019 3508 bestiis,
2052 3445 2342 3515 ignemque

772 3542 825 3580 et
856 3543 1026 3596 aquas
1056 3528 1173 3582 sine
1205 3545 1342 3583 noxa
1374 3530 1695 3594 subeuntes,
1733 3541 1791 3585 ut
1843 3533 2045 3588 Jannes
2073 3544 2129 3588 et
2178 3536 2343 3589 Matu-

776 3620 900 3673 hres
929 3619 1233 3674 adversarii
1266 3621 1431 3675 Mosis
1481 3638 1494 3675 :
1550 3630 1609 3677 ut
1648 3624 1835 3679 Simon
1862 3626 2095 3696 principi
2122 3636 2342 3697 aposto-

770 3708 947 3762 lorum
980 3709 1141 3763 Petro
1163 3724 1281 3765 sese
1309 3726 1475 3767 ausus
1504 3723 1589 3767 est
1616 3728 1914 3783 opponere.

843 3797 927 3850 IV.
958 3798 1221 3852 Existimo
1250 3798 1550 3865 diabolum,
1578 3802 1799 3870 quando
1832 3802 2219 3859 animadvertit
2242 3806 2341 3859 ite-

773 3905 893 3944 rum
926 3890 1275 3960 eﬂ'ulgentem
1328 3892 1382 3944 in
1427 3891 1563 3947 facie
1595 3894 1758 3947 Mosis
1796 3895 2042 3949 eamdem
2088 3896 2340 3965 gloriam,

772 3998 934 4050 quam
979 3982 1031 4035 in
1082 3984 1234 4036 vultu
1282 3984 1473 4037 Adami
1524 3985 1760 4050 viderat,
1804 4002 1915 4040 non
1950 4004 2140 4057 parum
2172 3989 2341 4044 luisse

774 4073 1131 4139 perculsum;
1168 4085 1359 4144 utpote
1397 4076 1523 4129 inde
1558 4079 1845 4146 augurium
1880 4078 2168 4133 ducentem
2196 4082 2343 4152 deje-

770 4163 972 4217 ctionis
1000 4180 1062 4218 ex
1100 4180 1201 4218 suo
1253 4181 1439 4232 regno.
1496 4167 1641 4221 Nihil
1685 4176 1867 4222 autem
1917 4170 2165 4239 impedit,
2206 4175 2339 4241 quin

770 4257 1013 4325 Apostoli
1050 4256 1256 4311 dictum
1300 4258 1367 4311 ad
1402 4258 1453 4311 id
1490 4259 1789 4313 referamus
1840 4278 1854 4314 :
1900 4261 2155 4332 Regnavit
2200 4282 2339 4319 mors

770 4350 835 4402 ab
861 4348 1033 4403 Adam
1065 4366 1228 4419 usque
1265 4350 1335 4403 ad
1371 4350 1622 4421 Magum,
1664 4354 1823 4406 etiam
1867 4355 1923 4407 in
1972 4370 2057 4409 εοε
2102 4358 2191 4425 qui
2236 4375 2338 4411 non

771 4449 1112 4508 peccaterunt
1135 4442 1200 4496 “.
1235 4441 1434 4510 Opinio
1458 4443 1607 4496 enim
1645 4444 1764 4498 haec
1795 4460 1913 4499 mea
1939 4454 2045 4510 est,
2071 4446 2342 4516 gloriﬁca-

2436 625 2595 695 ὀργὴ,
2632 626 2840 695 θυμὸς,
2878 626 3182 679 καταλαλιά
3214 666 3229 690 ,
3282 624 3547 695 φυσίωσις
3571 666 3587 689 ,
3633 623 4023 691 άκαιρολογία,

2436 718 2681 781 ἀπιστία,
2709 717 3106 781 ἀκαταστασία,
3135 716 3293 787 λήθη,
3317 714 3552 785 ταραχὴ.
3574 714 4027 785 αἰσχροκέρδεια,

2436 808 2786 878 φιλαργυρία,
2836 808 3017 875 ζῆλος,
3076 809 3284 878 έρίθεια
3317 848 3332 872 ,
3379 807 3694 878 ὑπεροψία,
3751 808 4026 876 φλυαρία,

2435 901 2663 970 ἄκαιρος
2694 900 2889 967 γέλως,
2924 899 3247 967 ἐθελοδοξία,
3281 900 3462 954 καὶτὸ
3487 901 3596 953 πᾶν
3632 900 3844 965 σκότος,
3878 899 4026 968 ὅπερ

2438 991 2582 1044 ἐστὶν
2608 992 2637 1043 ό
2668 992 2928 1055 Σατανᾶς.

2510 1263 2586 1318 B’.
2617 1263 2755 1317 Κατ’
2804 1264 3123 1332 οἰκονομίαν
3153 1262 3433 1335 θειοτέραν
3467 1266 3622 1333 φησὶ,
3664 1267 3762 1318 οὒκ
3812 1267 4025 1327 εὐθέως

2440 1354 2521 1417 εἰς
2547 1354 2647 1424 τὴν
2691 1354 3065 1423 κληρωθεῖσαν
3105 1355 3256 1426 αὐτῷ
3299 1356 3525 1425 γέενναν
3552 1358 3582 1409 6
3616 1358 3852 1427 πονηρος
3883 1376 4025 1427 παρ-

2442 1445 2717 1514 επέμφθη·
2766 1446 2904 1501 ἀλλὰ
2955 1446 3191 1516 βασάνου
3229 1448 3324 1502 καὶ
3359 1448 3682 1519 δοκιμασίας
3723 1452 3885 1520 χάριν
3925 1450 4023 1501 τοῦ

2440 1552 2499 1588 τε
2532 1534 2843 1606 ἀνθρώπου,
2870 1539 3029 1607 φημὶ,
3060 1538 3315 1608 παρείθη·
3349 1540 3434 1592 ίνα
3459 1539 3549 1591 καὶ
3580 1542 3727 1592 άκων
3746 1541 4022 1593 δικαιοτέ-

2444 1641 2568 1695 ρους
2604 1626 2701 1695 μὲν
2728 1628 2853 1689 τοὺς
2884 1626 3069 1693 ἀγίους
3116 1627 3207 1681 διά
3253 1627 3353 1693 τῆς
3388 1628 3663 1699 ὑπομονῆς
3688 1630 4020 1698 ἀπεργάση-

2442 1733 2550 1778 ται,
2579 1717 2673 1768 καὶ
2706 1717 2949 1786 μείζονος
2974 1717 3159 1781 αὐτοῖς
3197 1718 3355 1787 δόξης
3382 1722 3553 1777 αἴτιος
3583 1723 3848 1788 καταστῇ·
3893 1722 4024 1772 ἐαυ-

2442 1803 2521 1873 τῷ
2560 1804 2618 1857 δέ
2666 1804 2826 1859 πάλιν
2883 1806 2973 1859 διὰ
3020 1808 3117 1876 τῆς
3180 1807 3313 1869 ἰδίας
3361 1806 3736 1870 ἐθελοκακίας,
3778 1809 3872 1859 καὶ
3913 1808 4024 1859 τῶν

2447 1895 2587 1949 κατά
2630 1898 2740 1949 τῶν
2774 1897 2943 1965 ἁγίων
2986 1898 3241 1950 ἐπινοιῶν
3267 1897 3608 1968 δικαιοτέραν
3635 1901 4024 1968 κατασκευάσῃ

2445 1989 2542 2057 τὴν
2572 1988 2826 2040 κόλασιν·
2875 1988 2983 2042 Καὶ
3021 1990 3155 2051 Ira,
3190 1991 3355 2060 φησὶν
3409 1991 3437 2040 ὀ
3476 1989 3619 2051 θεῖος
3662 1990 4024 2053 Ἀπόστολος,

2446 2076 2573 2131 καθ’
2620 2078 2965 2145 ὑπερϐολὴν
3010 2078 3251 2147 γένηται
3282 2081 3634 2147 ἁμαρτωλὸς
3673 2080 3712 2149 ἠ
3740 2082 4023 2148 ἁμαρτία.

2516 2345 2586 2397 Γ’.
2614 2345 2910 2415 Ᾱπατήσας
2932 2348 3024 2401 τὸν
3051 2347 3262 2418 ’Ᾱδάμό
3281 2348 3490 2417 ἐχθρος,
3527 2352 3620 2402 καὶ
3649 2350 3820 2411 οὕτως
3850 2353 4021 2404 αὐτοῦ

2444 2436 2737 2507 κυριεύσας
2779 2437 2974 2506 ἀφεῖλέ
3011 2456 3070 2491 τε
3103 2440 3264 2493 αὐτὸν
3288 2440 3386 2510 τὴν
3425 2442 3692 2507 ἐξουσίαν,
3718 2444 3805 2495 καὶ
3834 2445 4020 2511 άοχων

2443 2530 2650 2591 ἐκεῖνος
2707 2530 2801 2583 τοῦ
2855 2531 3048 2593 αἰῶνος
3107 2530 3260 2584 τοῦδε
3310 2532 3745 2604 προσηγορεύθη.
3799 2535 4022 2604 Ἀρχίην

2444 2622 2501 2675 δέ
2538 2622 2633 2675 τοῦ
2667 2622 2862 2683 αἰῶνος
2892 2622 3081 2675 τούτου
3120 2624 3213 2675 καὶ
3258 2624 3524 2694 δεσπότης
3570 2624 3677 2677 τῶν
3723 2626 4023 2694 ὁρωμένων

2444 2716 2473 2766 ό
2506 2713 2787 2783 ἄνθρωπος
2816 2709 2884 2783 ἦν
2923 2714 2981 2779 ἐξ
3010 2716 3183 2785 ἀρχῆς
3218 2716 3322 2767 ὑπὸ
3340 2716 3434 2768 τοῦ
3471 2718 3679 2787 Κυρίου
3715 2722 4018 2781 καταστάς.

2445 2804 2583 2858 Οὔτε
2616 2805 2724 2875 γάρ
2766 2804 2878 2876 πῦρ
2914 2806 3083 2859 αὑτοῦ
3123 2808 3431 2875 κατίσχυεν,
3478 2810 3574 2877 οὑχ
3616 2809 3758 2879 ὕδωρ
3808 2812 4022 2863 ἐπόντι-

2446 2900 2558 2961 (sv,
2608 2898 2668 2950 ού
2716 2898 2904 2967 θηρίον
2948 2899 3237 2962 ἐδλαπτεν,
3269 2899 3368 2951 οὑκ
3405 2897 3609 2951 ἰοϐόλον
3643 2899 3728 2951 ἐπ’
3774 2900 3926 2969 αὐτῷ
3960 2903 4020 2954 τὸ

2444 2990 2641 3040 οἰκεῖον
2681 2990 2936 3057 ἐνήργει·
2980 2989 3070 3055 ἀφ’
3097 2984 3157 3042 οῦ
3205 2988 3260 3041 δέ
3302 2991 3365 3057 τῇ
3420 2990 3605 3060 ἀπάτῃ
3639 2986 3768 3052 εἶξε,
3826 2992 4018 3061 προδέ-

2445 3078 2584 3129 δωκε
2608 3076 2687 3147 τῷ
2727 3078 3069 3147 ἀπατήσαντι
3109 3078 3209 3149 τὴν
3237 3080 3431 3150 ἀρχήν·
3460 3080 3529 3133 δι’
3561 3083 3626 3151 ήν
3656 3083 3836 3135 αἰτίαν
3878 3100 4019 3152 φαρ-

2449 3169 2611 3234 μακοί
2651 3184 2709 3219 τε
2742 3169 2836 3220 καὶ
2865 3169 3061 3239 γόητες
3113 3172 3233 3224 κατ’
3266 3171 3516 3225 ἐναντίαν
3543 3172 3850 3241 ἐνέργειαν,
3883 3174 4017 3227 Θεοῦ

2444 3258 2501 3310 δέ
2541 3258 2912 3329 συγχώρησιν,
2951 3261 3370 3330 παραδοξοποιοί
3418 3263 3757 3315 δείκνυνται·
3795 3264 4018 3316 ἰοϐόλων

2446 3368 2505 3403 τε
2544 3352 2652 3421 γὰρ
2692 3354 3026 3421 κυριεύουσι,
3064 3356 3160 3407 καὶ
3196 3355 3367 3425 πυρὸς
3403 3357 3495 3408 καὶ
3527 3357 3734 3409 ὑδάτων
3758 3358 4018 3409 κατατολ-

2449 3442 2641 3510 μῶσιν,
2686 3441 2761 3504 ὼς
2809 3446 2859 3495 οἰ
2900 3445 3029 3512 περὶ
3066 3444 3259 3515 Ἰαννῆ,
3288 3447 3452 3515 φημὶ,
3500 3448 3591 3499 καὶ
3631 3448 3914 3517 Μαμδρῆν
3942 3449 4017 3517 τῷ

2445 3534 2616 3603 Μωσῇ
2662 3534 3066 3604 ἀντικείμενοι,
3126 3537 3220 3589 καὶ
3266 3538 3340 3599 ὼς
3388 3537 3571 3607 Σίμων
3610 3538 3689 3607 τῷ
3736 3542 4015 3609 κορυφαίῳ

2447 3625 2636 3694 Πέτρῳ
2664 3624 3099 3697 ἀντιφερόμενος.

2513 3793 2781 3869 Δ’,Οἶμαι,
2810 3801 2994 3870 φησὶν,
3014 3800 3095 3853 ὅτι
3122 3802 3216 3855 καὶ
3244 3802 3340 3873 τὴν
3370 3804 3644 3874 προτέραν
3665 3806 4013 3874 αὑτοῦᾺδάμ

2443 3892 2601 3958 δόξαν
2626 3892 2826 3960 ὁμοίως
2855 3893 2934 3963 τῷ
2968 3892 3242 3964 προσώπῳ
3291 3896 3534 3959 Μωσέως
3573 3897 4008 3965 ἐπιλάμπουσιν,

2443 3984 2533 4036 τὶν
2566 3983 2756 4053 ἐχθρὸν
2791 3982 3124 4052 θεασάμενον
3166 3984 3360 4048 ἰκανῶς
3388 3986 3682 4055 τρωθῆναι·
3711 3987 4010 4054 καθαπερεὶ

2441 4077 2862 4144 τεκμηράμενον
2904 4074 3003 4145 τὴν
3042 4076 3141 4137 τῆς
3194 4076 3389 4129 ἐαυτοῦ
3438 4077 3715 4147 βασιλείας
3757 4078 4009 4148 καθαίρε-

2446 4184 2549 4219 σιν.
2608 4166 2773 4219 Οὑδὲν
2817 4167 2874 4220 δέ
2906 4167 2966 4220 τδ
3009 4168 3218 4221 κωλῦον
3257 4170 3349 4221 καὶ
3395 4169 3455 4221 τὸ
3493 4170 3819 4223 ’Λποστόλου
3851 4173 4007 4239 ῥητὸν

2443 4259 2575 4326 πρὸς
2605 4257 2763 4310 τοῦτο
2801 4257 3085 4328 φέρεσθαι,
3116 4260 3195 4325 τὸ,
3242 4261 3675 4314 Ἐϐασίλευσεν
3694 4264 3727 4314 ό
3760 4263 4007 4326 θάνατος

2439 4354 2558 4407 ἀπὸ
2606 4353 2777 4421 Ἀδὰμ
2806 4354 2982 4423 μέχρι
3004 4356 3281 4421 Μωσέως,
3304 4357 3400 4409 καὶ
3424 4356 3522 4409 ἐπὶ
3555 4357 3697 4423 τοὺς
3710 4356 3795 4425 μὴ
3828 4360 4003 4425 ἀμαρ-

2441 4444 2766 4509 τήσαντας.
2820 4444 2973 4497 Δοκῶ
3021 4446 3127 4512 γάρ
3160 4461 3249 4514 μοι
3274 4485 3289 4509 ,
3324 4444 3386 4497 τὸ
3417 4445 3803 4514 δεδοξασμένον
3849 4448 4004 4517 πρόσο

772 4542 878 4584 tam
913 4532 1060 4585 illam
1106 4531 1301 4585 faciem
1348 4532 1569 4603 Moysis.
1614 4551 1927 4604 expressam
1960 4538 2108 4591 velut
2140 4553 2205 4591 ex
2240 4553 2337 4590 au—
2370 4532 2413 4585 D
2442 4552 2452 4586 ε

2324 4569 2337 4580 -
2370 4532 2413 4585 D
2442 4550 2590 4586 ωπον
2614 4532 2854 4595 Μωσέως
2880 4532 3049 4585 τύπον
3078 4534 3171 4585 καὶ
3201 4534 3504 4601 ὑπόδειγμα
3528 4533 3722 4597 σώζειν
3742 4534 3837 4586 τοῦ
3868 4535 4004 4604 πρώ-

771 4624 923 4693 tiquo
962 4626 1258 4694 exetnplari
1294 4626 1528 4679 formam
1584 4638 2003 4697 repraesentasse
2034 4630 2343 4698 conspicuae

769 4716 1060 4775 claritatis.
1096 4732 1202 4785 qua
1238 4718 1383 4771 Deus
1412 4718 1575 4786 primi
1621 4718 1737 4772 suis
1762 4720 2014 4773 manibus
2037 4719 2197 4772 ellicti
2240 4720 2339 4772 lto-

767 4807 933 4863 minis
962 4809 1174 4862 vultum
1199 4808 1573 4879 insigniverat.
1600 4808 1754 4875 Quod
1781 4826 1904 4864 ctum
1935 4810 2146 4863 videret
2170 4825 2334 4874 mors,

768 4900 872 4953 hoc
901 4906 1006 4965 est,
1036 4899 1229 4952 mortis
1252 4908 1444 4951 auctor
1471 4897 1737 4962 diabolus,
1768 4908 1880 4952 tum
1914 4900 2174 4967 suspicari
2210 4915 2336 4953 eum

766 4990 1022 5059 cmpisse,
1039 4989 1294 5044 excidere
1321 5003 1378 5042 se
1402 5005 1589 5059 regno,
1615 4998 1670 5043 et
1696 5005 1724 5042 a
1746 4990 1977 5043 Domino
1995 5005 2127 5043 vero
2154 4991 2257 5043 hoc
2279 5008 2337 5043 se

766 5097 1076 5152 passurum.
1133 5080 1395 5136 Eamdem
1446 5095 1612 5150 p'irro
1661 5080 1888 5151 gloriam
1941 5088 1996 5133 et
2040 5097 2187 5135 nunc
2221 5083 2335 5135 vcri

763 5173 1315 5227 (lhristianiinduuut
1337 5173 1485 5227 intus
1511 5172 1561 5225 in
1589 5179 1804 5235 mente;
1832 5170 1921 5223 ubi
1941 5171 2117 5225 deleta
2136 5183 2333 5235 morte,

767 5268 872 5320 hoc
904 5275 1010 5331 est,
1052 5264 1402 5335 passionibus
1428 5262 1760 5333 ignominiaa,
1790 5262 1903 5317 sive
1944 5264 2334 5331 concupiscen-

762 5359 853 5411 tiis
884 5358 957 5412 ita
988 5356 1304 5417 debilitatis,
1334 5365 1393 5410 ut
1422 5356 1637 5425 Operari
1672 5363 1968 5423 nequeant,
2003 5354 2171 5423 gloria
2210 5354 2331 5422 Spi-

764 5447 904 5501 ritus
930 5445 1155 5515 eﬂulget
1181 5446 1234 5498 in
1263 5459 1450 5508 sensu,
1484 5454 1541 5499 et
1574 5445 1913 5514 plenitudine
1938 5444 2085 5497 outui
2120 5444 2332 5497 ﬁduciae

763 5538 974 5591 animas
1004 5535 1225 5589 illorum
1256 5532 1545 5588 irradians.

832 5628 891 5679 V.
928 5628 1029 5681 Per
1060 5626 1367 5688 mulierem,
1387 5637 1568 5694 aptum
1596 5626 1665 5677 ob
1690 5625 2105 5679 similitudinem
2129 5628 2328 5681 instru-

765 5828 809 5858 τ’
851 5825 1008 5878 llotn.
1043 5842 1131 5887 vn,
1162 5827 1241 5879 l5.
1318 5823 1363 5853 '°
1402 5819 1557 5874 llout.
1614 5836 1665 5883 v,
1718 5822 1765 5873 l.

2440 4642 2535 4678 του
2587 4623 2675 4677 διά
2732 4623 2933 4693 χειρῶν
2980 4622 3115 4676 Θεοῦ
3165 4623 3661 4693 δημιουργηθέντος
3699 4625 3997 4694 ἀνθρώπου·

2439 4715 2575 4781 ὅπερ
2623 4712 2799 4766 ἰδόντα
2852 4713 2943 4765 τὸν
3003 4711 3251 4777 θάνατον,
3286 4715 3529 4766 τουτέστι
3576 4715 3803 4767 θανάτου
3837 4718 4002 4769 αἴτιον

2438 4804 2702 4868 διάϐολον,
2735 4806 2851 4858 ἐκεί
2906 4804 3003 4875 μέν
3056 4803 3395 4857 ὑποπτεῦσαι
3445 4805 3546 4872 τῆς
3580 4805 3858 4873 βασιλείας
3891 4808 3999 4860 δια-

2438 4899 2644 4949 πεσείψ
2678 4896 2768 4949 ἐπὶ
2797 4895 2853 4948 δὲ
2884 4894 2977 4952 τοῦ
3016 4896 3221 4962 Κυρίου
3254 4897 3387 4965 πρὸς
3424 4895 3682 4966 ἀλήθειαν
3718 4896 3873 4950 τοῦτο
3900 4916 3997 4950 πα-

2441 4990 2571 5044 θεῖν,
2612 4990 2830 5061 Ταύτην
2876 4989 3165 5059 τοιγαροῦν
3194 4991 3290 5053 τὴν
3323 4989 3480 5053 δόξαν
3526 4989 3634 5043 ἀπό
3681 5006 3743 5057 γε
3792 4992 3882 5042 τοῦ
3913 4991 3998 5043 νῦν

2438 5084 2487 5132 οἰ
2532 5080 2781 5151 ἀψευδεῖς
2810 5081 3129 5151 Χριστιανοὶ
3173 5079 3606 5150 περιϐάλλονταιο
3661 5082 3755 5133 καὶ
3798 5080 3997 5133 ένδοὺεν

2440 5170 2531 5223 ὑπ’
2561 5171 2740 5223 αὐτῶν
2766 5172 2796 5221 ό
2824 5170 3076 5235 θάνατος,
3107 5170 3283 5223 είτουν
3313 5170 3383 5224 τὰ
3414 5170 3511 5241 τῆς
3551 5171 3777 5240 ἀτιμίας
3805 5188 4000 5241 καταρ·

2438 5263 2611 5328 γεῐται
2646 5259 2815 5330 πάθη,
2860 5260 3103 5330 ἐνεργεῖν
3131 5261 3205 5332 μή
3232 5261 3527 5331 δυνάμενα*
3560 5260 3655 5315 άτε
3697 5261 3761 5331 δή
3790 5262 3886 5329 τῆς
3913 5261 3997 5315 τοῦ

2440 5353 2749 5423 Ιίνεύματος
2776 5352 2934 5422 δόξης
2978 5356 3035 5407 ἐν
3076 5353 3324 5423 αἰσθήσει
3355 5355 3450 5407 καὶ
3487 5354 3829 5425 πληροφορίᾳ
3860 5356 3996 5425 πάσῃ

2437 5447 2555 5506 ταῖς
2590 5444 2787 5514 ψυχαῖς
2826 5443 3007 5497 αὑτῶν
3054 5443 3457 5515 ἐλλαμπούσης.

2510 5622 2579 5673 E'.
2612 5619 2706 5671 Διά
2740 5619 2839 5688 τῆς
2883 5621 3139 5684 γυναικὸς
3168 5622 3242 5686 ώς
3274 5623 3339 5675 δι’
3372 5623 3557 5693 ὁμοίου
3588 5624 3730 5687 τινος
3759 5626 3786 5677 ὀ
3815 5624 3995 5697 ἐχθρὸς
