4254 6358
253 434 362 497 869
1126 433 1352 516 LlBE_R
1390 431 1488 493 DE
1525 425 1935 491 PATIENTIA
1974 424 2067 483 ET
2113 422 2634 484 DISCRETIONE.
3377 416 3482 480 8'10

252 551 566 618 ἀπατήσας,
594 546 956 619 ἀφαιρεθῆναι
990 545 1087 615 τὴν
1116 542 1501 614 περικειμένην
1529 540 1621 592 τὸν
1654 536 1824 606 Ἀδὰμ
1852 539 1895 595 Α
1926 548 1932 586 1

1802 554 1824 587 ι.
1852 539 1895 595 Α
1926 543 2170 587 mentum
2209 531 2459 594 fallendi,
2508 531 2735 599 decepto
2774 528 3031 582 inimicus
3053 527 3258 581 Adamo
3279 528 3482 594 effecit,

252 639 413 704 δόξαν
452 618 739 710 πεποίηκε.
783 638 892 691 Καὶ
940 636 1111 699 οὕτως
1142 635 1345 705 γυμνός
1381 650 1440 686 τε
1471 631 1689 700 εὑρέθη,
1731 632 1823 683 καὶ
1926 639 1932 672 ι

1804 632 1823 681 ι
1926 632 1987 677 ιιι
2020 623 2328 677 auferretur
2356 621 2459 691 ipsi
2498 620 2688 691 gloria.
2721 620 2851 674 Inde
2882 619 2973 673 ille
3006 618 3187 672 nudus
3214 627 3484 688 repertus,

253 730 357 800 τὴν
404 728 794 800 ἀσχημοσύνην
845 722 950 779 εἶδε
983 727 1080 795 τὴν
1119 725 1331 787 ἑαυτοῦ,
1360 724 1427 791 ἢν
1456 722 1521 791 δὴ
1558 719 1823 789 πρότερον
1925 730 1933 768 1

1808 736 1823 771 θ
1925 728 2079 768 suam
2118 714 2256 767 vidit
2302 710 2719 781 turpitudinem,
2756 711 2822 765 ad
2853 726 3016 779 quam
3059 718 3217 763 antea
3254 726 3361 764 non
3394 710 3488 765 ad-

253 822 357 891 ούχ
393 822 562 891 ἑώρα,
601 820 696 874 ἆτε
726 818 821 872 τοῦ
852 818 1190 889 φρονήματος
1222 813 1387 867 αὐτοῦ
1414 816 1524 876 τοῖς
1552 810 1825 882 οὐρανίοις

254 910 512 964 κάλλεσιν
552 909 943 978 ὲντρυφῶντος.
995 908 1106 961 Καὶ
1136 906 1243 976 γάρ
1277 905 1413 977 μετὰ
1440 905 1538 975 τὴν
1572 901 1823 972 παράϐα-

259 1022 346 1056 σιν
377 1005 645 1073 πρόσγεια
678 1004 899 1069 γέγονεν
947 999 1095 1067 αὐτῷ
1134 999 1229 1052 καὶ
1258 996 1568 1067 χαμαιπετῆ
1610 994 1679 1047 τὰ
1711 992 1827 1063 νοή-

262 1113 446 1165 ματα·
502 1097 595 1149 καὶ¹
650 1100 711 1149 τὸ
765 1095 969 1149 ἁπλοῦν
1020 1094 1169 1163 αύτῷ
1209 1094 1301 1146 καὶ
1344 1090 1544 1158 ἀγαθὸν
1572 1088 1824 1157 φρόνημα

260 1188 573 1255 φρονήματι
613 1186 808 1247 κακίας
850 1184 1101 1253 σαρκικῷ
1149 1181 1482 1249 συνεπλάκη·
1522 1178 1659 1232 τὸδὲ
1683 1176 1827 1228 κλει-

262 1272 459 1341 σθῆναι
512 1272 604 1325 τὺν
668 1273 993 1343 παράδεισον
1036 1272 1123 1325 καὶ
1188 1274 1253 1340 τῇ
1296 1270 1520 1339 φλογίνη
1561 1266 1823 1337 ῥομφαίᾳ,

260 1362 456 1431 καὶτῷ
487 1363 767 1433 Χερουϐὶμ
805 1363 1170 1432 ἐπιτραπῆναι
1196 1360 1514 1413 διακωλύειν
1551 1356 1699 1425 αὐτῷ
1729 1357 1827 1425 τὴν

262 1454 491 1518 εἴσοδον,
541 1452 698 1507 τοῦτο
742 1454 885 1506 κατὰ
918 1455 1017 1521 μὲν
1043 1453 1101 1505 τδ
1144 1454 1338 1523 ὁρατὸν
1385 1452 1479 1504 καὶ
1513 1448 1826 1502 πιστεύεται

260 1544 612 1613 γεγενῆσθαι,
642 1544 717 1606 ὡς
746 1544 980 1614 εἴρηται·
1005 1545 1314 1614 εὑρίσκεται
1343 1542 1398 1594 δὲ
1422 1542 1515 1594 καὶ
1538 1539 1665 1606 παρ’
1695 1539 1829 1590 ἐκά-

260 1650 365 1706 στῃ
398 1634 542 1703 ψυχῇ
589 1637 726 1687 κατὰ
769 1637 830 1687 τὸ
876 1634 1157 1689 λανθάνον.
1206 1633 1408 1702 Κύκλῳ
1439 1634 1546 1701 γὰρ
1570 1633 1663 1700 τῆς
1697 1646 1831 1697 γαρ-

256 1724 378 1784 δίας
414 1725 472 1775 τὸ
502 1723 763 1793 κάλυμμα
797 1722 891 1775 τοῦ
924 1724 1147 1784 σκότους
1175 1725 1489 1791 περιχωρεῖ,
1518 1722 1610 1773 τοῦ
1637 1722 1827 1789 πυρὸς,

268 1815 433 1881 φημὶ,
466 1814 561 1865 τοῦ
595 1815 859 1882 κοσμικοῦ
897 1814 1221 1883 πνεύματος,
1243 1814 1379 1883 ὅπερ
1414 1813 1535 1866 οὔτε
1578 1813 1669 1865 τὸν
1703 1813 1826 1866 νοῦν

1922 812 2180 869 verterat,
2212 808 2397 857 mente
2421 801 2621 870 quippe
2648 800 3081 869 contemplandis
3106 798 3299 854 formis
3322 798 3488 853 coale-

1925 895 2103 949 stibus
2131 909 2256 949 cum
2294 892 2656 947 delectatione
2695 890 2871 944 alltxa.
2908 891 3121 944 Etenim
3153 898 3275 959 post
3305 897 3485 944 trans-

1927 985 2265 1054 gressionem
2320 984 2375 1038 in
2433 992 2633 1037 terram
2684 988 2972 1051 vergentes
3016 987 3071 1033 et
3114 980 3281 1033 humo
3304 994 3488 1049 prona:

1928 1077 2149 1130 fuerunt
2185 1076 2305 1144 ejus
2344 1075 2733 1144 cogitationes;
2778 1081 2834 1126 et
2866 1073 3020 1142 prior
3064 1071 3153 1125 illa
3179 1071 3410 1141 simplex
3433 1080 3489 1126 et

1926 1169 2065 1223 bona
2114 1166 2472 1235 intelligentia
2500 1165 2818 1218 notionibus
2848 1164 3067 1217 malitia
3109 1166 3325 1218 carneis
3348 1180 3485 1219 con-

1926 1268 2073 1313 creta
2099 1259 2219 1311 fuit.
2244 1256 2473 1311 Clausus
2495 1268 2674 1311 autem
2692 1255 2841 1323 quod
2859 1253 3061 1309 dicitur
3078 1254 3287 1309 homini
3322 1255 3488 1310 fuisse

1928 1348 2212 1418 paradisus
2236 1347 2304 1408 ⁸⁸,
2355 1354 2411 1399 et
2432 1347 2684 1398 ﬂammeo
2718 1344 2921 1411 gladio,
2960 1360 3025 1400 ac
3064 1344 3364 1401 Cherubim
3410 1345 3491 1397 in-

1923 1440 2195 1508 junctum,
2230 1444 2286 1489 ut
2316 1434 2525 1505 ingredi
2558 1435 2876 1503 prohiberet
2915 1436 3111 1506 ipsum,
3155 1435 3488 1490 credendum

1928 1528 2147 1596 quidem
2172 1537 2257 1581 est
2284 1541 2413 1580 vere
2439 1526 2514 1578 ita
2539 1536 2595 1579 et
2622 1526 2957 1580 sensibiliter
2986 1536 3114 1581 tunc
3141 1526 3336 1579 factum
3361 1542 3375 1590 ;
3407 1542 3491 1579 re-

1929 1619 2138 1687 peritur
2166 1625 2348 1671 autem
2382 1615 2524 1669 idem
2548 1630 2744 1668 arcana
2769 1616 2980 1669 ratione
3016 1616 3071 1667 in
3098 1616 3345 1683 qualibet
3373 1616 3491 1669 ani-

1932 1722 2016 1760 ma
2065 1706 2203 1760 ﬁeri.
2246 1703 2497 1771 Undique
2540 1702 2684 1755 enim
2726 1702 2931 1755 circum
2971 1717 3066 1755 cor
3114 1703 3292 1755 velum
3318 1702 3492 1770 quod—

1933 1802 2054 1854 dam
2083 1800 2430 1853 tenebrarum
2462 1808 2762 1864 oppansum
2787 1802 2891 1856 est,
2921 1791 3124 1855 fumus,
3148 1794 3391 1861 inquam,
3422 1807 3485 1846 ex

262 1908 509 1973 ἐντυχεῖν
565 1906 641 1975 τῷ
693 1906 831 1975 Θεῷ,
864 1906 985 1959 οὔτε
1024 1908 1121 1974 τὴν
1164 1906 1337 1975 ψυχὴν
1368 1905 1556 1974 ἀφίησι
1602 1906 1739 1958 κατὰ
1764 1905 1825 1957 τὸ
1854 1875 1898 1933 Β
1927 1894 1941 1946 ί

1807 1906 1825 1957 5
1854 1875 1898 1933 Β
1927 1894 2049 1962 igne
2081 1888 2338 1944 mundani
2374 1888 2620 1956 spiritus,
2650 1886 2742 1954 qui
2776 1900 2955 1954 neque
2987 1894 3223 1937 mentem
3255 1897 3487 1935 conver-

261 1999 435 2066 αὐτῆς
478 1998 748 2069 θέλημαῆ
789 1998 1044 2062 εὔξασθαι
1070 2000 1103 2067 ἢ
1137 2000 1444 2062 πιστεῦσαι,
1482 1998 1515 2065 ἢ
1546 2000 1823 2065 ἀγαπῆσαι

258 2090 354 2140 τὸν
401 2090 626 2157 Κύριον·
666 2089 869 2142 τούτων
913 2089 969 2141 δὲ
1004 2088 1222 2141 πάντων
1251 2090 1283 2158 ἡ
1318 2092 1483 2159 πεῖρα
1511 2090 1823 2152 διδάσκαλος

256 2182 370 2241 τοῖς
404 2181 635 2247 γνησίως
665 2182 889 2242 ἑαυτοὺς
932 2180 1007 2249 τῷ
1046 2180 1236 2249 Κυρίῳ
1277 2182 1619 2246 πιστεύσασι,
1662 2184 1726 2251 τῇ
1767 2200 1821 2234 τε

268 2271 506 2338 ἐπιμονῇ
539 2269 636 2337 τῆς
667 2269 850 2338 εὐχῆς,
884 2271 977 2322 καὶ
1008 2270 1075 2339 τῇ
1118 2266 1319 2337 εύτόνῳ
1350 2269 1489 2322 κατὰ
1525 2270 1618 2323 τοῦ
1670 2269 1825 2321 πολε-

262 2361 489 2429 μοῦντος
515 2362 680 2429 ὁρμῇ.

333 2619 423 2685 (τ’.
467 2618 687 2680 Ῥάόδος
740 2618 856 2670 ἐστὶ
905 2618 1153 2680 παιδείας
1182 2618 1276 2671 καὶ
1316 2616 1488 2687 λῶρος
1524 2618 1818 2687 μαστίγων,

257 2714 289 2763 ὁ
320 2711 475 2763 τοῦδε
529 2709 622 2762 τοῦ
650 2710 866 2769 ςαὶῶνος
901 2709 1082 2778 ἄρχων
1126 2708 1238 2768 τοῖς
1277 2708 1420 2760 κατὰ
1469 2706 1692 2776 Πνεῦμα
1727 2725 1822 2775 νη-

258 2798 428 2857 πίοις·
459 2797 640 2856 αὐτοῖς
669 2797 782 2859 μὲν,
812 2795 999 2865 ῶσπερ
1030 2796 1158 2862 γοῦν
1185 2796 1556 2865 καὶπρότερον
1587 2798 1820 2864 εἴρηται,

263 2886 508 2954 μεγάλην
546 2886 702 2949 δόξαν
742 2888 835 2940 καὶ
875 2886 1095 2939 πλείονα
1125 2887 1223 2953 τὴν
1254 2888 1420 2954 τιμὴν
1462 2886 1550 2937 διὰ
1575 2886 1684 2937 τῶν
1711 2885 1823 2938 θλί-

257 2975 407 3041 ψεων
442 2993 498 3027 τε
555 2978 649 3028 καὶ
682 2976 1024 3045 πειρασμῶν·
1057 2978 1119 3027 ἐκ
1149 2977 1353 3028 τούτων
1380 2976 1487 3042 γὰρ
1526 2977 1617 3027 καὶ
1650 2978 1708 3028 τὸ
1740 2994 1824 3028 τε-

259 3066 437 3128 λείους
462 3065 656 3128 αύτοὺς
688 3067 930 3134 γίνεσθαι
959 3068 1314 3137 περιγίνεται·
1351 3068 1527 3138 ἐαυτῷ
1554 3068 1611 3119 δὲ
1643 3068 1824 3121 πλείο-

1925 1986 2034 2040 sari
2092 1998 2216 2037 cum
2270 1982 2381 2035 Deo
2430 1979 2590 2041 sinit,
2649 1993 2827 2047 neque
2887 1977 3124 2029 animam
3183 1976 3474 2044 permittit,

1923 2082 2088 2145 prout
2145 2075 2259 2142 ipsa
2326 2071 2519 2133 vellet,
2579 2083 2674 2123 aut
2730 2084 2910 2128 orare,
2965 2077 3058 2121 aut
3106 2067 3352 2128 credere,
3397 2073 3490 2117 aut

1924 2180 2105 2220 amare
2162 2164 2469 2217 Dominum.
2529 2161 2734 2213 Horum
2800 2169 2979 2212 autem
3031 2158 3275 2210 omnium
3326 2168 3490 2222 expe-

1925 2256 2116 2311 rientia
2145 2254 2399 2323 magistra
2438 2259 2521 2305 est
2558 2250 2644 2314 iis,
2686 2251 2782 2320 qui
2826 2251 3038 2304 sincere
3089 2264 3145 2303 se
3186 2248 3337 2315 ipsos
3381 2247 3489 2299 Do-

1924 2348 2073 2400 mino
2129 2344 2521 2405 crediderunt,
2573 2353 2688 2397 tum
2736 2342 3142 2411 perseverantia
3190 2340 3480 2399 orationis.

1924 2446 2037 2488 tum
2069 2433 2339 2489 constanti
2371 2432 2636 2486 adversus
2692 2432 2904 2485 hostem
2949 2438 3353 2499 oppugnantem
3392 2430 3490 2483 im-

1924 2534 2074 2593 petu.

1992 2614 2076 2668 Vl.
2110 2615 2269 2683 Virga
2301 2615 2705 2683 estdiseiplinaa
2726 2621 2779 2667 et
2804 2613 2978 2665 lorum
3004 2612 3186 2681 plagas
3217 2612 3487 2681 inlligens,

1924 2705 2178 2772 princeps
2205 2704 2367 2774 hujus
2386 2705 2569 2759 saeculi
2598 2704 2840 2773 parvulis
2868 2703 2923 2756 in
2949 2704 3142 2771 spiritu
3171 2719 3185 2767 ;
3216 2702 3349 2770 ipsis
3370 2705 3490 2771 qui-

1925 2796 2069 2859 dem,
2103 2806 2161 2851 ut
2206 2799 2359 2867 prius
2390 2800 2555 2852 etiam
2585 2799 2793 2851 dictum
2842 2806 2946 2861 est,
2989 2811 3234 2865 magnam
3263 2797 3490 2866 gloriam

1924 2898 1978 2943 et
2004 2890 2458 2944 abundantiorem
2507 2892 2771 2944 honorem
2815 2905 2914 2958 per
2942 2889 3260 2943 aliiictiones
3284 2898 3339 2943 et
3373 2900 3493 2944 ten-

1925 2982 2159 3034 tationes
2184 2996 2485 3050 procurans
2510 2998 2524 3045 ;
2561 2996 2625 3033 ex
2648 2980 2735 3033 his
2756 2981 2927 3039 enim,
2956 2988 3018 3031 ut
3046 2988 3101 3033 et
3128 2980 3227 3047 ipsi
3261 2979 3488 3046 perfecti

1924 3072 2174 3135 evadant,
2218 3073 2433 3138 oritur;
2473 3073 2577 3125 sibi
2622 3080 2804 3125 autem
2858 3072 3022 3124 miser
3072 3070 3174 3139 ipsi
3222 3072 3488 3141 majorem

260 3158 328 3209 νά
366 3174 426 3210 τε
480 3159 571 3210 καὶ
622 3158 922 3228 βαρυτέραν
966 3159 1387 3222 κατασκευάζων
1433 3159 1531 3227 τὴν
1580 3159 1817 3213 κόλασιν.
1847 3199 1890 3256 c
1928 3178 1940 3229 ε

1806 3199 1890 3256 .c
1928 3163 2342 3232 gravioremqne
2401 3176 2711 3231 praparans
2768 3175 3002 3230 pmnam.
3053 3161 3290 3214 Omnino
3339 3162 3486 3215 enim

263 3249 442 3310 ’Ὁλως
474 3249 581 3318 γὰρ
618 3248 847 3317 μεγίστη
877 3266 958 3311 τις
1004 3249 1069 3300 δι’
1110 3249 1274 3301 αὑτοῦ
1302 3251 1663 3318 οἰκονομεῖται
1688 3254 1823 3302 οἰκο-

260 3341 427 3409 νομία
451 3381 464 3403 ,
515 3341 695 3403 καθὼς
741 3341 953 3409 εἴρηταί
984 3359 1105 3393 που·
1146 3341 1427 3410 Συνεργεῖ
1452 3342 1519 3394 τὸ
1559 3343 1825 3409 πονηρὸν

262 3432 344 3495 τῷ
376 3430 573 3498 amor;
601 3434 934 3498 προαιρέσει
977 3434 1048 3485 οὐ
1075 3430 1251 3497 καλῇ.
1298 3433 1428 3494 Ταῖς
1457 3434 1563 3501 γὰρ
1596 3433 1824 3498 ἀγαθαῖς

263 3529 356 3576 καὶ
406 3523 578 3592 καλὴν
626 3523 725 3591 τὴν
766 3523 1084 3592 προαίρεσιν
1118 3524 1367 3592 ἐχούσαις
1392 3524 1609 3593 ψυχαῖς,
1642 3526 1735 3576 καὶ
1758 3524 1826 3577 τὰ

260 3616 522 3668 δοκοῦντα
559 3616 777 3683 λυπηρὰ
811 3619 889 3676 είς
932 3616 1134 3683 ἀγαθὸν
1173 3616 1418 3685 τελευτᾷ·
1456 3616 1596 3669 καθά
1624 3616 1687 3686 δὴ
1733 3617 1825 3668 καὶ

263 3711 323 3761 τὸ
353 3707 432 3775 τῷ
475 3707 779 3776 Ἀποστόλῳ
812 3706 1098 3776 εἰρημένον
1147 3707 1313 3759 ἐστίν·
1365 3710 1580 3776 Ἠτηουν
1615 3709 1680 3760 τὸ
1706 3707 1826 3773 τοῖς

261 3799 539 3867 ἀγαπῶσι
574 3798 679 3850 τὸν
724 3798 871 3851 Θεὸν
909 3798 1100 3850 πάντα
1126 3798 1403 3866 συνεργεῖ
1438 3802 1522 3864 εις
1574 3799 1637 3852 τὸ
1683 3800 1826 3867 ἀτα-

263 3894 393 3945 θόν.

337 3980 541 4032 Τούτου
572 3979 759 4031 ἕνεκεν
786 3980 819 4046 ἡ
871 3978 971 4047 τῆς
998 3977 1245 4040 παιδείας
1274 3977 1410 4047 αὕτη
1447 3978 1637 4049 ῥάϐδος
1670 3979 1827 4046 ἀφεί-

264 4074 358 4140 θη,
412 4073 593 4139 φησὶν,
649 4073 734 4123 ἵνα
762 4070 827 4122 δι’
880 4071 1047 4138 αὐτῆς
1092 4071 1165 4131 ὼς
1214 4073 1271 4123 ὲν
1321 4072 1532 4139 καμίνῳ
1562 4073 1730 4141 πυρὸς
1763 4074 1828 4124 τὰ

266 4163 435 4229 σκεύη
470 4163 806 4232 πυρούμενα,
836 4162 906 4214 τὰ
932 4163 1031 4231 μὲν
1056 4162 1256 4229 δόκιμα
1295 4162 1556 4229 στερεώτε
1569 4180 1634 4230 ρα
1663 4167 1823 4233 φανῇ·

263 4254 332 4304 τὰ
382 4252 435 4304 δὲ
462 4254 693 4321 ἀδόκιμα
731 4253 1036 4322 εὔθραυστα
1075 4235 1205 4305 ὄντα
1239 4252 1485 4322 ἐλεγχθῇ,
1518 4254 1609 4306 τοῦ
1660 4257 1828 4324 πυρὸς

263 4344 363 4412 τὴν
393 4344 587 4395 καῦσιν
618 4345 715 4412 οὐχ
739 4343 1127 4411 ὑπομείναντα·
1158 4343 1338 4405 δοῦλος
1368 4344 1425 4396 δὲ
1450 4344 1525 4395 ὢν
1556 4339 1705 4405 οὗτος
1736 4344 1829 4397 καὶ

266 4434 473 4497 κτίσμα
499 4434 835 4495 δεσποτικὸν,
866 4434 963 4501 οὐχ
997 4434 1118 4484 ὅσον
1146 4432 1295 4501 αύτῷ
1318 4434 1465 4485 δοκεῖ
1493 4433 1825 4501 ὲκπειράζεε,

1926 3255 2158 3306 maxima
2198 3264 2253 3307 et
2297 3255 2434 3307 mira
2479 3254 2725 3323 quaedam
2775 3268 2873 3322 per
2912 3269 3038 3307 eum
3078 3252 3492 3307 administratur

1923 3341 2275 3410 dispensatio,
2325 3343 2475 3411 181
2534 3353 2696 3409 prout
2738 3341 2945 3395 dictum
2973 3342 3178 3394 alicubi
3221 3351 3305 3395 est
3339 3360 3352 3395 :
3389 3341 3490 3396 Co-

1924 3441 2170 3501 eperatur
2200 3433 2400 3485 malum
2438 3434 2569 3485 bona
2598 3434 2884 3485 intentione
2918 3449 3022 3484 non
3068 3430 3203 3483 bona
3230 3432 3296 3485 ".
3329 3432 3492 3485 Bonis

1924 3526 2196 3594 siquidem
2235 3536 2288 3579 et
2318 3523 2578 3578 laudabili
2625 3524 2935 3593 vigentibus
2971 3524 3250 3592 proposito
3280 3524 3491 3577 anima-

1926 3618 2051 3679 bus,
2107 3631 2228 3685 qua:
2273 3616 2498 3669 molesta
2558 3613 2815 3667 videntur
2843 3614 2893 3666 in
2939 3613 3142 3667 bonum
3182 3612 3439 3667 desinunt
3476 3633 3488 3667 :

1924 3710 2069 3779 quod
2121 3711 2238 3779 ipse
2287 3722 2503 3776 quoque
2572 3705 2860 3759 afﬁrmavit
2904 3706 3200 3773 Apostolus
3237 3703 3317 3757 sic
3356 3706 3489 3758 scri-

1928 3803 2063 3858 bens
2119 3821 2131 3855 :
2194 3802 2535 3872 Diligentibus
2600 3802 2765 3855 Deum
2815 3799 2992 3851 omnia
3047 3804 3395 3864 coeperantur
3437 3799 3492 3849 in

1927 3893 2117 3945 bonum
2143 3894 2186 3924 θ’
2221 3931 2232 3945 .

2002 3983 2111 4035 V‘ll.
2161 3983 2334 4053 llujus
2380 3983 2456 4035 rei
2505 3982 2676 4051 gratia
2726 3981 2847 4046 ista,
2888 3980 2956 4035 de
3001 3996 3110 4050 qua
3155 3980 3287 4045 dixi,
3342 3981 3490 4048 virga

1927 4073 2231 4142 disciplinae
2271 4073 2461 4129 saevire
2510 4072 2863 4142 permittitur,
2896 4080 2958 4125 ut
2992 4087 3087 4140 per
3113 4087 3232 4125 eam
3259 4071 3403 4124 velut
3435 4071 3491 4123 in

1928 4162 2148 4216 fornace
2205 4163 2343 4232 ignis
2386 4173 2614 4219 excocta
2662 4177 2818 4225 vasa,
2874 4176 2995 4229 quae
3048 4161 3269 4229 quidem
3324 4160 3492 4229 proba

1928 4262 2073 4316 sunt,
2105 4253 2435 4307 soliditatem
2460 4254 2861 4313 demonstrent;
2890 4266 3010 4319 qua:
3031 4266 3163 4303 vero
3188 4251 3359 4319 proba
3380 4265 3491 4306 non

1929 4350 2076 4403 sunt,
2119 4342 2429 4411 fragilitatis
2472 4349 2859 4409 eoarguantur,
2906 4339 3046 4409 ignis
3087 4338 3336 4393 ardorem
3380 4357 3491 4395 non

1931 4430 2182 4483 ferentia.
2208 4431 2343 4485 Cum
2371 4431 2439 4483 sit
2466 4439 2645 4483 autem
2670 4428 2920 4482 diabolus
2944 4443 3135 4481 servus
3158 4437 3212 4481 et
3240 4437 3490 4483 creatura

264 4525 387 4577 οὐδὲ
418 4524 646 4577 καθόσον
682 4524 843 4595 βούλῃ
864 4524 960 4585 τὰς
985 4524 1189 4591 θλίψεις
1219 4525 1434 4591 ἐπάγει·
1471 4524 1584 4576 ἀλλ’
1611 4526 1730 4576 ὅσον
1763 4524 1825 4593 δὴ
1860 4522 1901 4575 D
1929 4520 1944 4572 l

1809 4520 2055 4593 jDDei,
2115 4520 2402 4588 imperium
2460 4520 2577 4587 ejus
2629 4518 2937 4571 absolutum
2992 4532 3321 4585 agnoscens,
3381 4533 3489 4571 non

263 4616 325 4665 τὸ
354 4613 681 4665 Δεσποτικόν
730 4613 1009 4682 ἐπιτρέψει
1043 4611 1218 4681 νεῦμα
1246 4613 1334 4666 διὰ
1363 4614 1463 4681 τῆς
1494 4615 1827 4681 παραχωρή-

266 4713 426 4765 σεως·
467 4705 629 4766 αὐτὸς
677 4704 785 4773 γὰρ
842 4706 939 4756 σὺν
991 4704 1243 4774 ἀκριὸείᾳ
1291 4706 1359 4757 τὰ
1407 4706 1626 4758 πάντων
1652 4706 1824 4770 εἰδὼς,

262 4797 460 4847 ότιόσον
500 4797 614 4847 ἐστὶ
638 4795 865 4863 δύναμις
908 4796 1142 4865 ἑκάστῳ,
1185 4795 1433 4848 τοσοῦτον
1463 4795 1729 4864 αὐτῷκαὶ
1767 4795 1829 4846 τὸ

264 4884 512 4951 δοκίμιον
563 4884 861 4951 ὑποστῆναι
916 4886 1255 4954 παραχωρεῖ,
1304 4884 1445 4938 καθά
1494 4886 1557 4955 δὴ
1612 4887 1709 4937 καὶ
1752 4886 1828 4956 τῷ

279 4974 587 5043 Ἀποστόλῳ
618 4975 795 5026 δοκεῖ·
843 4977 1061 5040 Πιστὸς
1097 4977 1205 5045 γάρ
1250 4980 1282 5029 ὀ
1321 4978 1481 5041 Θεὸς,
1529 4979 1718 5047 φησὶν,
1762 4978 1829 5042 ὃς

265 5069 378 5117 οὐκ
420 5065 586 5117 ἐάσει
640 5065 794 5133 ὑμᾶς
839 5066 1235 5135 πειρασθῆναι
1284 5069 1435 5135 ὑπὲρ
1478 5068 1509 5120 ὃ
1542 5068 1823 5123 δύνασθε·

264 5156 429 5209 ἀλλὰ
453 5155 689 5220 ποιήσει
716 5156 836 5209 σὺν
866 5158 943 5220 τῷ
972 5157 1277 5226 πειρασμῷ
1296 5160 1391 5211 καὶ
1420 5158 1530 5224 τὴν
1559 5161 1823 5225 ἑκϐασιν,

264 5247 374 5299 τοῦ
412 5246 706 5301 δύνασθαι
734 5248 1105 5314 ὑπενεγκεῖν.

341 5508 423 5560 ll'.
467 5509 651 5577 Ζητῶν
674 5510 765 5561 καὶ
817 5509 1027 5577 κρούων
1077 5526 1216 5562 κατα
1242 5527 1337 5577 την
1360 5528 1451 5561 του
1486 5528 1688 5578 Λυριου
1722 5529 1827 5577 (pw-

266 5602 386 5671 νὴν,
420 5602 512 5651 καὶ
543 5599 707 5668 μέχρι
736 5599 924 5661 τέλους
958 5599 1123 5652 αἰτῶν
1169 5601 1423 5666 τυγχάνει
1459 5601 1567 5653 τῶν
1601 5603 1833 5670 αἰτημά-

339 5774 381 5807 ⁸¹
422 5775 557 5829 Gen.
606 5789 683 5843 Ill,
728 5775 818 5831 ει.
895 5774 938 5809 ⁸³
978 5781 1134 5831 dom.
1173 5777 1395 5843 “11,28.
1471 5776 1537 5809 ³³·
1580 5774 1710 5831 ibid.
1752 5772 1840 5828 28.

1934 4616 2198 4677 quantum
2242 4608 2345 4677 ipsi
2389 4608 2520 4660 libet
2561 4616 2753 4664 tentat.
2828 4620 2929 4658 nec
2976 4621 3138 4673 quam
3191 4608 3388 4661 multas
3427 4621 3492 4661 ae

1934 4713 2126 4767 graves
2189 4698 2305 4751 vult
2369 4696 2689 4751 afﬂictiones
2749 4694 3021 4758 immittit;
3076 4695 3169 4748 sed
3226 4706 3487 4764 quantum

1935 4790 2125 4843 herilis
2156 4798 2324 4843 nutus
2348 4787 2631 4857 permittit,
2662 4786 3021 4855 permissione
3067 4788 3312 4840 limitata.
3353 4787 3492 4841 Sane

1934 4877 2078 4931 Deus
2123 4878 2463 4931 exactissime
2510 4886 2776 4944 quantum
2816 4877 2870 4931 in
2905 4891 3229 4944 unoquoque
3254 4886 3338 4929 est
3366 4893 3488 4945 per»

1934 4967 2145 5029 videns,
2187 4967 2523 5035 exploratum
2574 4966 2757 5029 habet,
2808 4976 3069 5034 quantum
3117 4968 3315 5035 cuique
3363 4968 3492 5023 insit

1932 5057 2129 5110 virium
2150 5075 2163 5119 ;
2187 5066 2241 5110 et
2260 5056 2325 5111 ad
2342 5071 2470 5110 eum
2492 5056 2711 5108 modum
2735 5057 3108 5124 probationem
3135 5056 3183 5109 ei
3213 5056 3490 5111 admoveri

1932 5150 2229 5219 permittit;
2277 5149 2420 5203 sicut
2452 5148 2614 5202 etiam
2657 5148 2875 5202 videtur
2896 5148 3173 5217 Apostolo,
3208 5150 3337 5202 dum
3375 5150 3490 5204 ait:

1929 5237 2121 5292 Fidelis
2152 5238 2311 5301 Dens,
2342 5240 2431 5307 qui
2469 5254 2571 5289 non
2616 5240 2866 5305 permittit
2898 5255 2983 5290 uos
3025 5241 3218 5292 tentari
3247 5256 3409 5309 supra
3436 5242 3491 5292 id

1927 5329 2063 5396 quod
2087 5332 2340 5398 potestis:
2370 5328 2458 5380 scd
2496 5328 2650 5393 faciet
2683 5330 2840 5379 etiam
2884 5344 2997 5378 cum
3039 5330 3321 5381 tentatione
3362 5346 3489 5394 pro-

1928 5430 2155 5482 uentum,
2187 5430 2241 5471 ut
2268 5419 2469 5487 possitis
2492 5419 2747 5471 sustinere
2763 5417 2808 5447 ⁸³

1998 5512 2129 5565 \‘lll.
2182 5512 2439 5575 Quazrens
2485 5521 2539 5563 ct
2579 5509 2801 5577 pulsans
2826 5509 2980 5577 juxta
3015 5508 3226 5561 Domini
3272 5523 3484 5572 vocem,

1942 5612 1997 5654 ct
2027 5618 2196 5669 usque
2238 5602 2304 5653 ad
2355 5600 2515 5654 ﬁnem
2545 5609 2753 5669 petens,
2790 5601 3144 5667 consequitur
3174 5614 3295 5667 quae
3324 5599 3485 5667 petit.

1943 5774 1987 5807 ⁸⁸
2015 5774 2037 5831 Ι
2072 5772 2197 5828 Cor.
2227 5787 2281 5837 ι,
2324 5769 2407 5826 15.
