4254 6358
783 408 881 472 871

2012 404 2071 464 S.
2111 399 2428 462 MACARII
2472 396 2789 459 EGYPTII

3939 381 4056 444 87!

781 520 1016 577 Tantum
1057 520 1204 576 circa
1245 521 1350 575 hoc
1395 532 1508 574 sua
1552 517 1901 574 conscientiae
1949 517 2263 573 satisfacere
2303 514 2349 571 is
2380 518 2461 572 Δί

2380 518 2424 572 Α
2455 529 2583 565 των·
2627 516 2786 581 μόνον
2816 508 2987 577 ἐχέτω
3034 504 3347 576 παρρησίαν
3392 496 3568 567 οὗτος,
3601 500 3695 554 τοῦ
3722 498 3801 568 τῷ
3828 498 3915 568 νῷ
3948 500 4051 552 καὶ

778 619 958 676 curet,
992 620 1053 667 ut
1077 621 1261 667 mente
1286 620 1344 666 et
1367 610 1557 681 lingua
1603 611 1978 665 indesinenter
2022 618 2252 679 quaerat,
2295 616 2350 661 et

778 720 1048 773 corporeo
1086 703 1394 761 ministerio
1420 702 1623 757 enixim
1654 702 1965 767 incumbat;
1997 716 2097 756 nec
2122 702 2349 756 saecula-

779 796 937 850 ribus
960 795 1193 864 negotiis
1217 794 1551 863 implicetur,
1578 809 1716 849 neve
1735 794 2020 863 pravitatis
2045 794 2351 847 delectetur

777 885 1088 940 aﬂ'ectibus.
1130 884 1312 939 Verax
1360 884 1631 953 siquidem
1682 894 1765 940 est
1814 885 1909 954 qui
1959 887 2132 940 dixit:
2186 885 2352 939 Omne

779 980 1119 1050 quodcunque
1170 980 1423 1047 petieritis
1472 994 1554 1031 me
1605 979 1662 1030 in
1713 980 1982 1042 oratione,
2049 978 2315 1032 credentes
2336 1016 2350 1039 ,

778 1072 1041 1141 accipietis
1058 1070 1123 1125 εδ.
1181 1067 1285 1135 Qui
1337 1075 1520 1122 autem
1574 1068 1800 1123 dicunt:
1859 1069 2129 1138 Utcunque
2173 1069 2353 1121 omnia

780 1164 894 1232 quis
932 1160 1151 1230 effecerit
1184 1173 1300 1228 qua
1331 1158 1761 1228 prmscribuntur,
1792 1166 2149 1226 exspectatam
2177 1163 2354 1209 autem

780 1253 1011 1320 gratiam
1034 1256 1335 1303 consecutus
1352 1264 1455 1301 non
1474 1248 1649 1316 fuerit,
1674 1247 1811 1317 quod
1831 1246 1900 1299 ad
1919 1263 2145 1315 presens
2170 1246 2354 1298 attinet

779 1338 1050 1401 seculum,
1079 1335 1210 1390 nihil
1233 1337 1486 1407 profecit;
1519 1335 1662 1389 male
1685 1343 1742 1389 et
1768 1335 2017 1389 sentiunt
2042 1342 2098 1389 et
2122 1334 2357 1401 loquun-

782 1440 895 1494 tur,
930 1429 1238 1497 divinisque
1277 1426 1423 1481 haud
1454 1441 1692 1497 congrue
1714 1424 2035 1494 Scripturis.
2058 1424 2177 1479 Non
2209 1421 2356 1476 enim

783 1519 1053 1590 injustitia
1082 1525 1167 1572 est
1196 1517 1342 1587 apud
1368 1519 1562 1580 Deum,
1616 1528 1674 1570 ut
1718 1515 1807 1579 iis,
1856 1530 1978 1584 quae
2022 1514 2197 1568 nostri
2231 1518 2359 1567 sunt

785 1610 950 1665 ollicii
994 1626 1025 1663 a
1076 1609 1238 1663 nobis
1290 1609 1570 1679 perfectis,
1622 1608 1739 1676 ipse
1784 1620 1906 1675 quae
1951 1621 2173 1660 suarum
2231 1613 2359 1658 sunt

783 1700 1048 1770 partium,
1083 1699 1341 1768 negligat.
1387 1697 1621 1751 Tantum
1662 1710 1809 1749 cura:
1838 1694 1937 1749 tibi
1984 1695 2076 1758 sit,
2116 1702 2177 1747 ut
2204 1709 2359 1763 repe—

786 1786 930 1843 riare
987 1796 1151 1844 tunc.
1208 1785 1429 1859 quando
1478 1783 1657 1837 anima
1711 1791 1803 1836 tua
1852 1796 1921 1835 ex
1969 1781 2075 1835 hoc
2128 1782 2359 1834 solvitur

789 1891 1061 1945 corpore,
1119 1876 1335 1933 fortiter
1396 1876 1719 1941 decertans,
1772 1874 2017 1929 studiose
2078 1884 2361 1945 satagens,

786 1973 1110 2034 exspectans
1136 1964 1576 2032 promissionem,
1610 1978 1989 2032 perseverans,
2025 1961 2277 2026 credens,
2311 1962 2367 2015 in

788 2054 1123 2110 discretione
1152 2069 1439 2125 quaerens;
1472 2061 1533 2108 et
1560 2069 1661 2124 ego
1692 2052 1791 2107 tibi
1826 2053 1971 2116 dico,
2006 2067 2110 2106 nec
2140 2051 2367 2106 credere

789 2144 1031 2206 dubites.
1078 2160 1202 2198 cum
1239 2144 1438 2213 gaudio
1482 2143 1681 2207 abibis,
1724 2152 1780 2197 et
1812 2142 2064 2196 ﬁduciam
2116 2141 2366 2206 habebis,

788 2248 846 2293 et
878 2254 1046 2308 regno
1071 2238 1345 2292 videberis
1362 2238 1579 2308 dignus.
1606 2238 1822 2292 Etenim
1851 2238 1976 2291 talis
1998 2238 2077 2306 (in
2103 2236 2367 2291 tenuitate

788 2342 909 2382 mea
957 2342 1052 2396 per
1112 2328 1272 2381 [idem
1312 2335 1368 2382 et
1411 2328 1555 2397 piam
1602 2326 2009 2391 conﬁdentiam,
2048 2325 2193 2393 aio),
2224 2324 2365 2387 talis,

791 2421 1037 2487 inquam,
1059 2419 1168 2486 jam
1194 2419 1305 2472 Deo
1328 2418 1715 2472 communicat.
1736 2416 1806 2473 Ut
1834 2417 1980 2471 enim
2004 2450 2021 2482 ,
2056 2414 2157 2479 Qui
2182 2414 2367 2468 viderit

792 2510 1061 2563 mulierem
1108 2509 1177 2561 ad
1223 2509 1690 2578 concupiscendum
1740 2524 1878 2572 eam,
1914 2507 2034 2577 jam
2086 2507 2368 2559 mae/tatus

792 2610 868 2656 est
898 2618 1014 2654 eam
1039 2604 1094 2654 in
1126 2601 1279 2654 corde
1307 2616 1402 2654 suo
1419 2600 1485 2663 ⁸⁸,
1520 2600 1624 2654 etsi
1650 2600 1876 2654 minime
1909 2599 2000 2653 hic
2039 2597 2208 2652 fuerit
2247 2611 2370 2650 cor-

791 2710 926 2765 pore
953 2693 1225 2764 pollutus,
1256 2702 1436 2748 tamen
1460 2694 1570 2764 jam
1594 2693 1853 2748 adulterii
1879 2702 2168 2764 reputatur
2205 2705 2367 2745 reus:

792 2787 871 2839 sic
907 2785 1001 2855 qui
1034 2798 1130 2839 cor
1172 2784 1393 2855 quidem
1421 2800 1580 2839 suum
1615 2801 1646 2840 a
1671 2785 1829 2840 malis
1867 2785 2087 2849 avertit,
2120 2785 2231 2838 Deo
2270 2799 2369 2838 au-

794 2889 906 2932 tem
955 2877 1243 2933 adherens
1284 2877 1562 2934 desiderio
1601 2886 1657 2933 et
1696 2878 2072 2948 lnquisitione,
2121 2891 2375 2947 perseve-

795 2965 971 3020 rantia
1021 2964 1169 3034 apud
1222 2964 1418 3044 Deum,
1459 2980 1523 3019 ac
1572 2965 1838 3036 ﬂagrante
1883 2966 1939 3019 in
1989 2964 2086 3019 Dei
2130 2962 2372 3019 artiorem

793 3054 1079 3124 proposito
1128 3054 1323 3118 animi,
1375 3055 1595 3125 jamjam
1630 3055 1786 3123 quasi
1824 3054 2100 3124 particeps
2129 3053 2225 3108 Dei
2255 3062 2369 3117 est;

2449 603 2666 675 γλώττῃ
2696 597 3120 669 ἀπαραλείπτως
3149 596 3446 665 ἐπιζητεῖν,
3476 594 3567 646 καὶ
3592 591 3685 645 τοῦ
3719 594 3788 660 τῇ
3835 606 4051 657 σωμα-

2449 699 2576 767 τικῆ
2625 692 2938 764 λειτουργίᾳ
2967 689 3262 750 ἀνενδότως
3311 684 3763 755 προσκαρτερεῐνο
3807 682 3885 751 μὴ
3925 681 4054 741 τοῖς

2452 794 2733 859 κοσμικαῖς
2761 786 3081 857 πράγμασιν
3133 780 3562 851 ἐμπλεκόμενος,
3606 775 3741 846 μηδὲ
3788 774 3911 834 τοῖς
3943 771 4057 837 τῆς

2454 880 2653 939 κακίας
2690 877 2885 931 πάθεσι
2926 872 3305 940 συνηδόμενος.
3345 865 3604 936 Ἀψευδὴς
3625 865 3733 933 γάρ
3766 864 3795 915 ό
3827 859 4048 914 εἰπών’

2453 971 2537 1023 ὅτι
2594 967 2727 1024 Πᾶν
2768 965 2799 1020 ὃ
2846 966 2954 1019 ἐὰν
3013 958 3299 1027 αἰτήσητέ
3340 974 3415 1028 με
3445 957 3515 1009 ἐν
3545 952 3910 1023 προσευχῇ,
3954 968 4057 1004 πι-

2454 1064 2793 1125 στεύοντες,
2820 1059 3115 1127 λήψεσθε.
3164 1055 3229 1107 Οί
3281 1054 3337 1107 δέ
3366 1053 3639 1121 λέγοντες,
3668 1046 3795 1103 Κᾶν
3838 1046 4057 1099 πάντα

2456 1151 2727 1221 ποιήσειέ
2754 1169 2844 1217 τις
2873 1150 2945 1204 τὰ
2970 1144 3439 1216 ὑποτεταγμένα,
3470 1142 3844 1212 παραμείνας
3863 1137 3942 1192 δὲ
3956 1137 4054 1205 μὴ
4148 1134 4157 1143 ’

2456 1248 2608 1315 τύχη
2635 1242 2743 1311 τῆς
2766 1241 3029 1311 χάριτος,
3060 1239 3211 1293 κατά
3230 1237 3336 1290 τὸν
3355 1235 3541 1289 αἰῶνα
3568 1232 3805 1293 τοῦτον,
3854 1228 4056 1284 οὐδὲν

2457 1338 2677 1404 ὠνησεο
2718 1333 2904 1396 κακῶς
2939 1331 3115 1385 οίδασί
3140 1346 3198 1382 τε
3234 1328 3327 1381 καὶ
3344 1326 3583 1395 λέγουσι,
3606 1326 3700 1377 καὶ
3726 1326 3844 1385 ταῖς
3863 1322 4053 1384 θείαις

2456 1423 2811 1496 ἀσυμφώνως
2835 1422 3102 1491 Γραφαῖς.
3139 1418 3214 1471 Ob
3244 1416 3353 1487 γάρ
3390 1417 3540 1469 ἐστιν
3565 1413 3743 1467 ἀδικία
3776 1415 3936 1483 παρὰ
3970 1411 4052 1479 τῷ

2457 1516 2597 1586 Θεῷ,
2629 1516 2714 1567 ῑνα
2742 1513 2850 1566 τῶν
2881 1514 3011 1582 ἡμῖν
3042 1510 3397 1580 καθηκόντων
3439 1506 3918 1576 κατορθωθέντων,
3947 1505 4052 1556 αὒ-

2458 1608 2550 1670 τδς
2570 1606 2679 1658 τῶν
2703 1603 2834 1673 παρ’
2867 1600 3043 1669 ἐαυτῷ
3065 1599 3385 1669 ἀμελήσειε.
3419 1597 3594 1650 Μόνον
3619 1595 3875 1663 ἐπιμελὲς
3898 1594 4052 1646 ἔστω

2462 1715 2545 1751 σοι
2572 1695 2863 1767 εὑρεθῆναι
2891 1694 3039 1753 τότε,
3074 1691 3161 1744 ὅτε
3192 1707 3285 1742 σου
3315 1691 3349 1757 ἡ
3377 1688 3523 1758 ψυχὴ
3548 1685 3645 1741 τοῦ
3672 1686 3857 1740 ἀθλίου
3882 1685 4051 1737 τοῦδε

2462 1789 2646 1842 λύεται
2691 1786 2961 1855 σώματος,
3006 1781 3427 1851 ἀγωνιζόμενον,
3460 1778 3777 1841 σπεύδοντα,
3812 1777 4053 1846 προσδε-

2466 1884 2693 1951 χόμενον
2750 1879 2851 1948 τὴν
2907 1873 3237 1943 ἐπαγγελίαν
3268 1912 3284 1933 ,
3348 1871 3859 1941 προσκαρτεροῦντα
3886 1908 3903 1932 ,
3961 1885 4053 1920 πι-

2469 1960 2745 2033 στεύοντα,
2784 1972 2842 2021 ἐν
2871 1968 3139 2038 διακρίσει
3168 1963 3454 2036 ζητοῦντα’
3486 1961 3639 2030 κάγώ
3672 1978 3755 2019 σοι
3778 1960 3927 2027 λέγω
3953 1960 4053 2011 καὶ

2470 2061 2544 2130 μὴ
2577 2060 2819 2122 ἀπίστει,
2871 2057 3010 2128 μετά
3050 2058 3222 2125 χαρᾶς
3254 2052 3553 2122 ἀπελεύσῃ,
3603 2050 3697 2103 καὶ
3730 2050 4052 2119 παρρησίαν

2466 2151 2626 2215 ἕξεις,
2662 2150 2800 2203 κατά
2825 2149 2924 2217 τῆς
2970 2146 3247 2217 βασιλείας
3276 2142 3493 2214 ὀφθήσῃ
3520 2142 3691 2206 ἄξιος.
3728 2142 3837 2194 Καὶ
3875 2139 3992 2209 γὰρ
4022 2142 4051 2190 ό

2465 2240 2722 2301 τοιοῦτος,
2780 2241 2837 2292 ἐν
2877 2239 3167 2306 λεπτότητι
3204 2235 3291 2288 διὰ
3320 2238 3420 2305 τῆς
3466 2234 3720 2293 πίστεως,
3756 2232 3921 2300 φημὶ,
3954 2233 4051 2283 καὶ

2466 2330 2564 2399 τῆς
2598 2328 2937 2399 προθυμίας,
2969 2326 3068 2394 ἠδη
3109 2326 3355 2377 κοινωνεῖ
3386 2323 3463 2394 τῷ
3491 2322 3629 2391 Θεῷ.
3673 2322 3760 2381 '0;
3782 2321 3934 2391 γὰρ,
3987 2320 4051 2371 '0

2462 2420 2717 2485 ,βλέπων
2751 2416 3006 2488 γυναῖκα
3034 2416 3184 2485 πρὸς
3208 2415 3273 2468 τὸ
3299 2413 3666 2483 ἐπιθυμῆσαι
3698 2412 3943 2477 ταύτης,
3980 2411 4051 2464 ἐν

2469 2512 2543 2581 τῇ
2566 2512 2780 2580 καρδίᾳ
2801 2507 3188 2581 μεμοίχεὺκε,
3221 2508 3399 2563 καίτοι
3430 2509 3571 2561 κατὰ
3597 2507 3758 2576 σῶμα
3782 2507 3857 2576 μὴ
3890 2523 4054 2574 μιαν-

2471 2602 2585 2665 θεὶς
2610 2595 2787 2663 οὗτος,
2821 2601 2969 2669 ὅμως
3003 2599 3079 2661 ὡς
3110 2597 3406 2668 μοιχεύσας
3451 2597 3552 2667 ήδη
3594 2595 3920 2665 λελόγισται*
3959 2594 4053 2647 οὓ-

2469 2710 2577 2755 τως
2607 2692 2636 2743 ό
2660 2692 2729 2743 τὰ
2757 2691 2971 2760 πονηρά
3007 2690 3107 2759 μὲν
3141 2690 3201 2742 ἐν
3226 2692 3292 2761 τῇ
3324 2688 3521 2760 καρδίᾳ
3548 2687 3948 2756 ἀποστραφεὶς,
3974 2685 4055 2747 τῷ

2470 2783 2556 2835 δὲ·
2586 2782 2780 2852 Κυρίῳ
2828 2780 3171 2850 κολλώμενος
3204 2780 3358 2850 πόθῳ
3406 2779 3503 2833 καὶ
3529 2780 3845 2849 ἐκζητήσει,
3878 2794 4055 2848 προσ-

2473 2872 2657 2943 εδρείᾳ
2680 2889 2767 2937 τε,
2800 2874 2965 2941 φημὶ,
2996 2873 3090 2924 καὶ
3115 2870 3350 2939 θεοφιλεῖ
3379 2869 3635 2936 διαθέσει,
3669 2869 3919 2939 καθάπερ
3950 2869 4055 2939 ἠδη

2474 2964 2721 3015 κοινωνεῖ
2773 2962 2850 3033 τῷ
2892 2960 3033 3031 Θεῷ,
3089 2961 3183 3013 καὶ
3232 2961 3375 3029 μέγα
3428 2960 3599 3031 δῶρον
3656 2959 3852 3013 αὐτίκα
3890 2960 4057 3029 ,παρά

2474 3052 2608 3106 Θεοῦ
2635 3054 2748 3123 εχει
2801 3053 2936 3106 αὐτὸ
2983 3051 3165 3114 τοῦτο,
3195 3051 3257 3104 τὸ
3297 3054 3365 3121 τῇ
3409 3052 3542 3121 εὐχῇ
3575 3050 3964 3121 προσεδρεύειν
3988 3054 4054 3119 τῇ

795 3155 960 3220 εει-ιε,
990 3160 1243 3214 magnum
1287 3144 1493 3199 donum
1531 3146 1765 3201 statima
1789 3145 1920 3208 ,Deo
1970 3145 2157 3210 habet,
2211 3145 2371 3199 istam
2401 3185 2443 3243 ο

2401 3185 2443 3243 c
2477 3145 2657 3215 ἀγαθῇ
2696 3162 2757 3197 τε
2790 3145 2993 3215 σπουδῇ
3033 3145 3130 3198 καὶ
3157 3143 3402 3215 πολιτείᾳ
3429 3147 3496 3213 τῇ
3532 3143 3824 3215 φιλαρέτῳ.
3854 3143 3915 3194 Εἰ
3946 3144 4056 3212 γὰρ

797 3236 969 3307 ipsam
1010 3237 1342 3308 persistendi
1374 3237 1431 3292 in
1462 3238 1709 3292 oratione
1748 3237 2003 3307 gratiam,
2052 3235 2214 3289 simul
2246 3250 2372 3289 cum
2407 3234 2442 3243 '

2407 3234 2442 3243 ”’
2481 3237 2573 3290 καὶ
2600 3235 2860 3305 ποτηρίου
2897 3235 3106 3307 ψυχροῦ
3139 3234 3285 3297 δόσις
3318 3235 3418 3287 οὐκ
3440 3234 3691 3306 ἄμισθος,
3741 3234 3893 3303 πόσῳ
3924 3235 4055 3303 μᾶ).-

796 3332 942 3385 bono
984 3329 1190 3393 studio,
1241 3338 1299 3385 et
1339 3328 1757 3384 conversatione
1785 3328 2005 3381 virtutis
2045 3335 2285 3381 amante.
2316 3324 2374 3380 Si

2369 3347 2374 3380 ι
2482 3330 2574 3383 λον
2606 3332 2716 3391 τοῖς
2738 3328 2889 3398 αὐτῷ
2927 3329 3356 3397 προσανέχουσιν
3385 3328 3597 3396 ἡμέρας
3629 3344 3687 3381 τε
3718 3329 3811 3379 καὶ
3840 3328 4049 3392 νυκτὸς,

796 3421 944 3475 enim
992 3435 1063 3475 ne
1109 3419 1298 3474 calicis
1336 3418 1560 3489 quidem
1606 3418 1816 3488 frigidae
1857 3417 2079 3472 donatio
2120 3417 2376 3472 mercede

1961 3418 2079 3472 latio
2120 3417 2376 3472 mercede
2486 3418 2759 3485 δεομένοις
2779 3417 2839 3468 τὸ
2870 3416 3203 3481 ἐπαγγελθὲν
3233 3417 3365 3478 Θεὸς
3385 3416 3641 3485 παρέξειι

797 3522 949 3570 caret
991 3530 1122 3578 sua,
1153 3524 1363 3583 quanto
1414 3512 1587 3583 magis
1616 3512 1703 3577 iis,
1752 3513 1847 3581 qui
1902 3512 1996 3565 diu
2050 3524 2328 3582 noctuque
2370 3513 2594 3568 intentis
2624 3512 2679 3566 in
2725 3512 2904 3582 ipsum
2935 3510 3109 3565 oculis
3138 3510 3205 3565 ab
3267 3526 3335 3566 eo
3376 3512 3677 3581 postulant,
3724 3513 4052 3582 promissum

798 3608 943 3662 Deus
974 3606 1243 3676 praebebit
1266 3606 1279 3658 l

871 3697 961 3751 ιχ.
1003 3697 1136 3761 illis,
1170 3696 1263 3765 qui
1295 3695 1457 3750 anxio
1481 3696 1663 3750 animo
1694 3703 1991 3750 aestuantes
2026 3695 2245 3751 dicunt:
2294 3695 2382 3749 En

797 3787 895 3842 erit
946 3786 1041 3840 illa
1087 3800 1322 3854 unquam
1352 3786 1480 3847 dies,
1510 3801 1615 3853 qua
1649 3801 1753 3837 non
1782 3786 2011 3838 sentiam
2055 3787 2381 3839 eversionem

800 3879 967 3933 animi
1001 3895 1032 3929 a
1075 3876 1262 3944 fratre,
1304 3886 1394 3927 aut
1439 3874 1575 3929 alias
1601 3875 1822 3940 similes,
1857 3893 2085 3946 quarum
2112 3878 2239 3931 mihi
2262 3892 2379 3930 sum

2551 3692 2626 3742 ϐ’.
2685 3689 2826 3759 Πρὸς
2875 3690 3000 3751 τοὺς
3053 3688 3444 3757 διαποροῦντας
3491 3707 3659 3761 φησι,
3722 3697 3782 3749 Τί
3831 3697 3921 3751 ὅτι
3967 3701 4050 3768 μὴ

2482 3784 2708 3851 γίνεται
2740 3800 2826 3847 τις
2861 3781 3067 3850 ἡμέρα,
3098 3784 3166 3835 ἐν
3206 3780 3243 3854 ᾗ
3292 3788 3389 3839 καὶ
3432 3788 3518 3856 μὴ
3552 3789 3650 3843 διὰ
3687 3793 3912 3859 μίσους
3939 3794 4051 3861 ἔχω

2480 3875 2589 3926 τὸν
2644 3873 2933 3941 ἀδελφὸν,
2962 3875 2998 3940 ἣ
3042 3875 3139 3926 καί
3174 3876 3335 3930 ἄλλα
3376 3880 3511 3931 τινὰ
3551 3886 3787 3947 πονηρὰ
3823 3883 4051 3952 ἐμαυτῷ

800 3968 1072 4030 conscius,
1128 3981 1319 4036 pravas
1371 3965 1699 4035 aﬂ'ectiones,
1751 3983 1882 4036 quas
1930 3968 2140 4037 quidem
2187 3969 2379 4021 incitus

799 4059 1011 4127 patior;
1068 4056 1185 4110 haec
1235 4054 1549 4124 reponenda
1601 4062 1776 4108 sunt:
1837 4054 2056 4108 Homini
2102 4064 2379 4108 certamen

800 4145 1158 4212 studiumque
1206 4157 1377 4197 omne
1429 4142 1483 4195 in
1540 4142 1645 4197 hoc
1702 4158 1823 4198 esse
1873 4143 2264 4206 constitutum,
2319 4154 2379 4197 ut

799 4234 1020 4288 diabolo
1046 4242 1103 4287 et
1127 4232 1309 4301 pravis
1337 4232 1762 4302 cogitationibus
1803 4248 2019 4303 semper
2041 4233 2372 4288 obluctetur.

800 4326 972 4379 Vitari
1008 4324 1166 4394 182
1200 4332 1382 4378 autem
1414 4339 1524 4377 non
1555 4340 1735 4393 posse,
1769 4325 1902 4393 quin
1936 4325 2111 4393 caligo
2153 4334 2378 4393 pertur-

2480 3962 2950 4028 συνεπίσταμαι,
2997 3960 3180 4014 dlxal
3213 3964 3425 4019 ἄκοντι
3463 3969 3775 4035 συμϐαίνει
3808 3988 3910 4039 μοι
3942 3973 4045 4024 πά·
4138 3968 4149 3973 ’

2479 4067 2691 4120 σχεινς
2734 4052 2909 4105 ταῦτα
2958 4052 3202 4106 λακτέον·
3231 4055 3306 4117 ὡς
3356 4060 3384 4108 ό
3415 4058 3514 4125 μὲν
3556 4061 3706 4126 ἁγὼν
3734 4061 3879 4124 ἄπας
3906 4068 4044 4133 καὶὴ

2480 4142 2681 4211 σπουδὴ
2722 4142 2798 4211 τῷ
2844 4142 3136 4213 ἀνθρώπῳ,
3164 4144 3305 4198 ὥστε
3336 4150 3432 4199 καὶ
3462 4148 3539 4216 τῷ
3568 4150 3791 4219 πονηρῷ
3824 4153 3917 4204 καὶ
3942 4158 4048 4216 τοῖς

2484 4236 2739 4302 πονηροῖς
2781 4235 3144 4288 ἀντιτίθεσθαι
3196 4238 3475 4307 λογισμοῖς
3516 4240 3605 4293 διὰ
3648 4244 3849 4305 παντὸς
3893 4244 4041 4299 ἔστω.

2495 4324 2798 4392 ’Δμήχανον
2844 4325 2919 4387 δὲ,
2970 4325 3056 4376 ἵνα
3090 4324 3151 4376 τὸ
3184 4327 3375 4390 σκότος
3410 4329 3519 4380 τῶν
3549 4329 3759 4394 παθῶν,
3790 4333 3885 4384 καὶ
3909 4337 3935 4386 ό
3963 4335 4043 4386 0d-

800 4415 1109 4476 bationum,
1157 4422 1214 4466 et
1259 4428 1407 4466 mors
1445 4412 1692 4468 insidens
1730 4414 2013 4482 sapientiae
2042 4413 2225 4467 carnis
2265 4428 2373 4466 non
2410 4444 2452 4500 ι)

2362 4429 2373 4465 ι
2410 4444 2452 4500 D
2483 4429 2639 4474 νατος
2673 4412 2766 4465 τοῦ
2792 4415 3158 4483 φρονήματςς,
3190 4418 3353 4485 φημὶ,
3384 4417 3484 4488 τῆς
3516 4421 3717 4490 σαρκὸς
3745 4422 3820 4493 μὴ
3852 4424 4042 4478 ἐπιδεί.

799 4506 1109 4578 producant
1143 4506 1383 4559 fructum
1412 4504 1649 4573 aliquem
1674 4505 1893 4559 malitiae
1922 4504 2007 4558 vel
2035 4506 2249 4559 occulte
2288 4505 2375 4558 vel

2362 4505 2375 4558 ι
2483 4503 2709 4556 κνυσθαί
2734 4522 2851 4557 τινα
2882 4505 3098 4574 καρπὸν
3142 4507 3272 4559 ἴδιον
3297 4508 3395 4578 τὴν
3434 4511 3635 4564 κακίαν
3660 4512 3776 4581 ἦτοι
3808 4530 4042 4584 κεκρυμ-

797 4599 999 4669 palam.
1030 4597 1100 4652 Ut
1132 4594 1280 4650 cnim
1302 4594 1501 4647 vulnus
1527 4593 1582 4647 in
1608 4608 1841 4663 corpore
1865 4594 2044 4663 quoad
2072 4611 2181 4650 non
2216 4598 2376 4665 plane

2363 4612 2376 4651 ε
2486 4594 2727 4663 μένωςῆ
2780 4596 3055 4665 φανερῶς.
3104 4598 3314 4667 Ὠσπερ
3354 4600 3464 4670 γάρ
3507 4618 3562 4653 τι
3606 4602 3831 4673 τραῦμα
3858 4607 3916 4658 ἐν
3948 4606 4043 4659 σώ-

799 4688 1103 4741 obductum
1144 4693 1246 4749 est,
1289 4683 1472 4737 caveri
1511 4683 1721 4751 nequit,
1770 4684 1905 4753 quin
1951 4686 2147 4754 exiguo
2185 4688 2373 4741 saltem

799 4779 985 4847 aliquo
1025 4776 1169 4831 tabis
1203 4774 1402 4828 ellluxu
1455 4773 1684 4827 madens
1730 4773 1984 4839 sordeat;
2035 4777 2376 4843 quantalibet

800 4867 1083 4937 diligentia
1124 4876 1370 4930 curetur,
1404 4864 1653 4934 nihilque
1695 4866 1980 4920 omittatur
2009 4866 2291 4921 industriae
2319 4868 2375 4921 in

797 4960 882 5013 eis
924 4957 1254 5012 adhibendis
1293 4955 1551 5010 remediis
1593 4956 2036 5027 adjumentisque
2065 4959 2245 5012 omnis
2278 4974 2373 5028 ge-

799 5049 981 5112 neris;
1015 5047 1158 5101 idem
1187 5060 1318 5101 vero
1360 5047 1405 5099 si
1437 5061 1666 5115 prorsus
1693 5047 2019 5117 negligatur,
2068 5050 2377 5117 corruptio-

796 5158 925 5197 nem
978 5124 1255 5195 interdum
1302 5140 1714 5209 pcrniciemquc
1762 5140 1859 5194 toti
1908 5139 2074 5193 infert
2115 5140 2371 5209 corpori:

799 5233 964 5288 simili
992 5242 1120 5303 puta
1147 5233 1310 5287 modo
1342 5232 1664 5286 all‘ectiones
1686 5246 1908 5300 quoque
1934 5232 2147 5293 animas.
2178 5243 2375 5286 utcun-

799 5338 908 5393 que
937 5324 1107 5377 multa
1135 5322 1299 5378 fuerit
1343 5321 1589 5376 adhibita
1619 5336 1772 5385 cura,
1805 5322 1958 5375 intus
1982 5331 2161 5376 tamen
2193 5323 2373 5377 adhuc

799 5414 930 5469 tabo
956 5430 1056 5468 suo
1085 5421 1531 5482 corrumpuntur,
1575 5412 1792 5466 tandem
1824 5423 2007 5467 tamen
2054 5415 2373 5470 assiduitate

800 5503 1233 5572 diligentissimae
1291 5502 1625 5565 curationis,
1693 5516 1792 5569 per
1846 5501 2053 5559 Christi
2115 5504 2371 5572 gratiam,

800 5594 1044 5667 perfecte
1088 5601 1371 5648 sanantur.
1419 5594 1513 5647 Est
1553 5608 1698 5646 ernm
1730 5594 1945 5647 occulta
1978 5592 2225 5662 quaedam
2251 5594 2371 5659 faex,

870 5796 916 5829 ⁸³
949 5796 1138 5851 Matth.
1175 5812 1285 5864 κει,
1321 5800 1411 5852 22.
1488 5800 1531 5830 "
1565 5798 1755 5853 Matth.
1796 5813 1848 5863 ν.
1883 5797 1974 5851 23-

2484 4700 2613 4751 ματι
2647 4683 2725 4747 ὃν,
2757 4684 3017 4737 ἀδύνατον
3066 4687 3169 4750 ἕως
3201 4688 3352 4742 οὔπω
3376 4691 3580 4745 τέλειον
3632 4694 3780 4764 ίαθῇ,
3826 4696 3900 4758 ώς
3930 4698 4042 4766 μηδ’

2480 4771 2645 4843 ὀλίγῳ
2673 4774 2780 4825 τινὶ
2810 4774 2887 4843 τῷ
2917 4776 3073 4846 ἰχῶρι
3116 4778 3309 4848 μυδᾷν·
3346 4782 3438 4833 καὶ
3475 4781 3649 4837 ταῦτα
3676 4784 4037 4854 θεραπευόμε-

2480 4865 2570 4917 νόν
2612 4882 2693 4928 τε,
2728 4867 2821 4918 καὶ
2856 4867 3083 4936 μηδενὸς
3132 4870 3242 4922 τῶν
3280 4874 3358 4935 είς
3388 4875 3706 4943 ἐπιμελείας
3739 4877 3928 4931 τούτου
3956 4878 4037 4932 16-

2479 4973 2591 5023 γων
2624 4959 2869 5027 ἡκόντων
2911 4959 3331 5031 ἀπαξιοῦμενονο
3365 4964 3637 5035 ἀμεληθὲν
3668 4969 3723 5021 δὲ
3755 4968 3913 5035 σῆψιν
3932 4969 4035 5023 εστι

2477 5048 2523 5100 δ’
2552 5050 2641 5101 ὅτε
2670 5052 2767 5103 καὶ
2794 5049 2972 5120 λύμην
3000 5050 3079 5121 τῷ
3111 5053 3216 5124 ὅλῳ
3249 5056 3540 5124 ἐργάζεται
3575 5059 3809 5129 σώματιο
3837 5062 3925 5117 τὸν
3952 5065 4038 5117 αὐ·

2476 5139 2567 5190 τὸν
2620 5140 2733 5193 οῐου
2779 5159 2869 5210 μοι
2921 5144 3121 5211 τρόπον
3160 5147 3253 5198 καὶ
3299 5148 3368 5200 τά
3407 5151 3507 5219 τῆς
3539 5149 3720 5221 ψυχῆς
3752 5152 3922 5225 πάθη,
3955 5157 4037 5209 καὶ

2480 5230 2679 5300 πολλῆς
2696 5232 3038 5288 ἀπολαύοντα
3052 5236 3150 5305 τῆς
3166 5237 3420 5307 σπουδῆς,
3444 5241 3594 5311 ὅμως
3610 5243 3758 5297 ἔνδον
3779 5246 4039 5316 σμύχοντα

2479 5325 2775 5393 ἐπιμένειν·
2811 5326 2949 5396 πλὴν
2988 5328 3123 5380 ἀλλά
3149 5328 3227 5399 τῷ
3258 5332 3560 5402 παραμόνῳ
3606 5333 3707 5401 τῆς
3740 5336 4042 5405 ἐπιμελείας

2479 5414 2569 5467 διὰ
2590 5414 2682 5467 τοῦ
2702 5416 2941 5486 Χριστοῦ
2958 5418 3177 5487 χάριτός
3194 5437 3252 5473 τε
3265 5423 3358 5473 καὶ
3378 5424 3695 5493 συνεργείας
3713 5427 3902 5496 ἐντελῆ
3918 5428 4040 5497 λαρ-

2481 5506 2633 5558 6ἀνει
2673 5507 2772 5577 τὴν
2808 5509 2971 5564 ίασιν.
3011 5512 3173 5563 Ἐστι
3198 5515 3306 5583 γάρ
3340 5530 3422 5575 τις
3474 5516 3714 5585 κρυπτὸς
3748 5516 3935 5584 ῥύπος,
3960 5521 4039 5571 καὶ

2482 5598 2735 5667 περιττόν
2762 5616 2820 5651 τε
2852 5601 3041 5665 σκότος
3070 5604 3279 5668 παθῶν,
3324 5604 3352 5656 ὂ
3394 5606 3543 5677 παρά
3572 5608 3672 5676 τὴν
3690 5606 3935 5677 καθαρὰν
3954 5607 4035 5661 τοῦ
