4254 6358
276 374 389 439 873
1161 376 1392 437 LIBER
1427 377 1526 438 DE
1558 374 1967 438 PATIENTIA
2003 374 2099 435 ET
2133 372 2656 436 DISCRETIONE.
3421 367 3525 434 874

277 485 573 557 ἀνθρώπου
629 484 790 555 φύσιν
839 487 928 542 διά
983 486 1083 557 τῆς
1125 486 1221 541 τοῦ
1264 488 1434 559 ’Δδάμ
1482 487 1846 559 παραϐάσεως
1874 486 1957 543 At

1845 506 1846 511 π
1874 486 1921 543 Α
1946 491 2001 537 et
2024 486 2373 543 tenebrarum
2406 486 2723 543 redundans
2744 484 2940 542 effusio
2965 499 3032 540 ex
3060 480 3373 546 aﬂectibus,
3401 495 3525 550 quae

279 577 580 649 παρεισέδυ
633 577 785 646 πάσῃ
834 581 903 649 τῇ
945 578 1359 650 ἀνθρωπότητι·
1403 581 1683 635 καὶτοῦτο
1716 578 1859 633 θολοῖ
1958 622 1959 625 η

1846 582 1859 632 t
1958 574 2013 628 in
2050 591 2241 643 puram
2270 594 2303 634 a
2337 578 2609 648 principio
2655 575 2897 632 hominis
2941 581 3193 628 naturam
3236 569 3430 627 Adami
3466 583 3526 624 se

281 670 381 723 καὶ
418 669 773 739 καταμιαίνει
824 670 920 724 καὶ
965 669 1123 742 σῶμα
1174 672 1347 744 δήπου
1383 674 1475 726 καὶ
1510 673 1608 745 τὴν
1653 673 1853 743 ψυχήν.
1957 679 1961 713 1

1848 712 1853 724 .
1957 668 2389 736 transgressione
2450 666 2751 722 insinuavit
2797 665 2862 730 in
2928 661 3358 724 humanitatem;
3410 656 3528 713 haec

296 761 441 815 Ἀλλ’
465 760 655 830 ὥσπερ
698 761 918 832 σίδηρος
947 762 1289 832 πυρούμενός
1318 780 1377 817 τε
1410 764 1502 817 κα)⁸
1530 763 1859 832 τυπτόμενος
1955 773 1976 827 ι

1847 778 1859 824 ς
1955 758 2171 827 polluit,
2209 758 2326 813 haec
2362 758 2701 812 contaminat
2731 764 2837 810 tam
2867 768 3066 824 corpus
3084 751 3339 806 videlicet
3361 763 3527 819 quam

1956 848 2215 903 animam.
2244 849 2443 903 Verum
2474 857 2535 902 ut
2565 847 2767 903 ferrum
2799 847 2930 901 dum
2970 843 3199 915 ignitum
3236 838 3529 895 contundi—

1959 947 2068 1004 tur,
2133 949 2504 1009 expurgatur;
2574 947 2741 1009 utque
2810 951 3003 992 aurum
3068 933 3195 989 aeris
3245 938 3341 986 aut
3396 930 3527 984 ferri

1959 1028 2217 1083 mistione
2267 1027 2549 1091 infectum,
2597 1027 2707 1098 igni
2756 1025 3097 1089 secernitur;
3150 1020 3270 1092 pari
3314 1019 3527 1076 ratione

1959 1121 2141 1176 anima
2193 1136 2292 1190 per
2334 1120 2712 1175 immaculatas
2761 1118 3143 1188 perpessiones
3197 1114 3526 1179 Salvatoris,

1961 1212 2108 1267 bono
2155 1212 2365 1282 Spiritu
2416 1211 2608 1281 ignita,
2644 1218 2700 1265 et
2729 1223 3013 1279 percussa,
3054 1207 3124 1263 ab
3166 1206 3317 1263 omni
3360 1221 3529 1277 pravo

1960 1302 2157 1359 affectu
2184 1312 2240 1360 et
2263 1311 2488 1375 peccato
2507 1308 2859 1371 expurgatur.

2032 1391 2097 1446 Χ.
2149 1392 2221 1448 Ut
2254 1390 2501 1461 quaedam
2534 1389 2815 1458 lampades
2846 1404 2957 1445 uno
2998 1390 3186 1459 plures
3230 1387 3376 1452 oleo,
3417 1402 3527 1441 uno

1960 1496 2207 1537 accensae
2251 1480 2384 1551 igni,
2437 1478 2585 1535 haud
2625 1494 2811 1548 parem
2856 1488 3037 1533 tamen
3081 1492 3223 1546 saepe
3273 1478 3531 1531 emittunt

1960 1572 2266 1640 fulgorem;
2312 1570 2392 1625 sic
2439 1578 2496 1626 et
2541 1570 2867 1625 charismata
2916 1569 2973 1622 in
3016 1568 3250 1622 diversis
3298 1567 3365 1621 ad
3408 1583 3529 1635 quze

285 852 630 923 καθαίρεται·
673 854 707 923 ἢ
741 853 939 926 χρυσὸς
972 855 1159 927 χαλκῷ
1189 855 1223 926 ἢ
1256 857 1352 910 καὶ
1385 857 1589 928 σιδήρῳ
1615 872 1857 925 συγκρα-

282 942 404 1006 θεὶς
430 944 567 1015 πυρὶ
594 943 884 1015 διαιρεῖται
916 944 1081 1016 μόνῳ·
1109 945 1251 1001 οὕτω
1277 948 1371 1002 καὶ
1398 949 1430 1019 ή
1461 947 1607 1020 ψυχὴ
1640 948 1726 1002 διὰ
1750 948 1859 1003 τῶν

284 1034 573 1105 ἀχράντων
601 1035 696 1088 τοῦ
726 1035 977 1107 Σωτῆρος
1012 1036 1202 1091 παθῶν
1228 1038 1306 1109 τῷ
1342 1038 1530 1109 ἀγαθῷ
1579 1040 1857 1110 Πνεύματι

286 1127 609 1196 πυρουμένῃ
651 1127 747 1181 καὶ
778 1127 1112 1198 τυπομάνη,
1143 1129 1344 1193 παντὸς
1379 1130 1585 1195 πάθους
1628 1132 1722 1186 καὶ
1757 1131 1860 1187 πά-

290 1232 396 1286 σης
427 1216 815 1289 ἐκκαθαίρεται
838 1218 1131 1289 ἁμαρτίας.

363 1392 421 1451 ι’.
455 1394 667 1467 Ὠσπερ
710 1396 855 1460 τινὲς
906 1395 1188 1467 λαμπάδες
1218 1395 1411 1450 πολλαὶ
1457 1397 1539 1452 ἑνὶ
1576 1397 1739 1469 nam
1768 1399 1861 1452 καὶ

288 1488 374 1539 ἑνὶ
406 1485 732 1554 ἀναφθεῖσαι
777 1486 931 1556 πυρὶ,
973 1486 1075 1540 οὑκ
1122 1488 1224 1556 ῖσῳ
1254 1488 1331 1559 τῷ
1383 1488 1561 1559 μέτρῳ
1606 1489 1862 1553 πολλάκις

288 1576 393 1644 τὴν
420 1574 516 1628 τοῦ
559 1575 735 1645 πυρὸς
785 1576 962 1646 αὐγὴν
1009 1576 1256 1646 ἀφιᾶσιν·
1304 1576 1446 1631 οὕτω
1489 1579 1583 1631 καὶ
1606 1578 1676 1631 τὰ
1701 1578 1859 1649 χαρί-

292 1683 482 1737 σματα
530 1666 596 1723 τὰ
647 1669 711 1721 ἐκ
763 1666 1032 1737 διαφόρων
1093 1669 1558 1740 κατορθωμάτων,
1610 1670 1863 1742 διάφορον
1965 1662 1972 1715 Ι

1850 1688 1863 1723 ρ
1965 1661 2260 1715 habilitant
2320 1658 2478 1714 bonis
2528 1658 2819 1727 operibus,
2881 1656 3225 1711 diﬂ‘erentem
3278 1655 3530 1709 evibrant

288 1759 407 1829 εχει
440 1759 536 1812 καὶ
558 1758 658 1829 τήν
690 1758 864 1830 αὐγὴν
889 1758 982 1813 τοῦ
1011 1759 1217 1828 ἀγαθοῦ
1244 1760 1579 1831 Πνεύματος·
1611 1763 1643 1832 ἢ
1674 1761 1861 1833 ῶσπερ
1888 1819 1933 1833 ἢ
1965 1778 1968 1799 ε

1854 1782 1861 1812 ι
1888 1819 1933 1833 ﬁ
1965 1753 2211 1824 ejusdem
2253 1751 2385 1806 boni
2437 1750 2672 1819 Spiritus
2698 1748 3064 1818 splendorem.
3096 1747 3205 1800 Aut
3229 1754 3288 1800 ut
3314 1746 3369 1798 in
3399 1744 3534 1799 civi-

288 1819 356 1902 ιζ
398 1849 549 1902 πόλει
603 1819 833 1902 πολλῶν.
856 1819 1177 1915 δντωνίκαὶ
1204 1852 1307 1922 τήν
1346 1819 1518 1922 αότὴν
1540 1819 1854 1916 clx-advrsus;
1887 1819 1935 1878 Β
1967 1881 1968 1893 ι

1851 1819 1935 1912 ,Β
1967 1819 2073 1899 tate
2119 1843 2321 1897 multos
2362 1840 2727 1911 amplectente
2785 1839 2967 1902 cives,
3015 1837 3140 1891 licet
3185 1835 3368 1889 cuncti
3422 1849 3531 1887 uno

288 1940 371 1993 ἑνί
399 1957 459 1994 τε
492 1940 642 2011 ἀρτῳ
668 1942 760 1995 καὶ⁵
787 1942 865 1997 ἑνὶ
884 1942 1183 2013 χρωμένων
1221 1938 1417 2010 ὕδατι,
1446 1945 1498 1999 οἱ
1550 1944 1649 2015 μὲν
1674 1946 1857 2000 αὐτῶν
1958 1952 1968 2007 ]

1846 1963 1857 1996 ν
1958 1950 2121 2007 pane,
2158 1949 2377 2004 unoque
2405 1941 2569 2004 potus
2596 1945 2794 2002 genere
2828 1936 3088 1992 utantur;
3122 1934 3304 1979 tamen
3332 1925 3526 1979 horum

286 2031 501 2101 ἄνδρες,
528 2010 576 2084 οῖ
616 2010 675 2085 δὲ
719 2010 933 2101 νήπιοι,
959 2010 1015 2086 of
1065 2034 1121 2089 δὲ
1173 2036 1362 2099 παῖδές
1413 2010 1569 2098 εἰσιν,
1600 2037 1650 2090 ot
1679 2036 1735 2089 δὲ
1764 2036 1857 2105 γέ·
1958 2045 1966 2083 ε

1847 2066 1857 2078 .
1958 2028 2050 2083 alii
2102 2026 2325 2100 quidem
2371 2026 2507 2087 viri,
2554 2024 2647 2079 alii
2696 2021 2942 2092 parvuli,
2987 2017 3147 2072 multi
3200 2016 3381 2086 pueri,
3434 2010 3527 2070 alii

287 2139 506 2191 ροντες,
545 2123 638 2177 καὶ
693 2124 826 2177 πολὺ
879 2124 941 2177 τὸ
990 2126 1367 2197 παραλλάττον
1422 2128 1481 2181 ἑν
1524 2128 1709 2192 αὐτοῖς
1762 2128 1858 2182 καὶ

284 2215 562 2284 διάφορον·
590 2215 623 2285 ἢ
655 2214 845 2286 ῶσπερ
880 2219 1025 2281 σῖτος
1067 2221 1125 2271 ὲν
1160 2219 1259 2289 μιᾷ
1293 2218 1384 2272 καὶ
1424 2221 1491 2290 τῇ
1538 2220 1675 2290 αὐτῇ
1702 2219 1856 2292 χώρᾳ

287 2309 759 2380 κατεσπαρμένος,
804 2309 1094 2379 διαφόρους
1112 2309 1284 2381 δήπου
1332 2312 1580 2374 καὶτοὺς
1617 2311 1855 2383 στάχυας

286 2400 633 2453 ἀναδίδωσιν·
668 2401 724 2453 ἐν
756 2401 938 2470 μέντοι
968 2403 1031 2471 τῇ
1085 2402 1219 2472 αὐτῇ
1252 2403 1364 2473 ἅλῳ
1409 2403 1721 2473 συνάγεται,
1764 2404 1856 2457 καὶ

283 2494 352 2562 τῇ
385 2494 522 2561 αὐτῇ
560 2491 813 2564 ἀποθήκῃ
844 2493 1241 2545 ἐναποτίθεται·
1275 2492 1446 2557 οὕτως
1488 2493 1602 2547 οἴου
1636 2512 1724 2564 μοι
1752 2496 1857 2549 κάν

283 2588 354 2655 τῇ
386 2583 495 2637 τῶν
521 2583 728 2653 νεκρῶν
773 2582 1066 2636 ἀναστάσει
1110 2584 1369 2654 διαφορὰν
1420 2584 1576 2655 δόξης
1621 2585 1728 2638 τῶν
1764 2587 1858 2639 ἀν-

290 2676 597 2749 ισταμένων
645 2676 985 2741 δοξάζεσθαι,
1034 2677 1130 2730 καὶ
1163 2678 1523 2748 γνωρίζεσθαι
1574 2679 1715 2732 κατὰ
1757 2680 1857 2751 τὴν

286 2771 445 2837 ἀξίαν
490 2772 600 2825 τῶν
652 2768 1110 2840 κατορθωμάτων,
1147 2769 1287 2823 κατά
1318 2769 1416 2840 τὴν
1444 2770 1729 2840 μετουσίαν
1760 2770 1854 2825 τοῦ

286 2861 538 2915 ἐντεῦθεν
587 2860 689 2931 ήδη
719 2860 1059 2929 ἐνῳκηκότος
1109 2860 1292 2923 αὐτοῖς
1337 2858 1481 2913 θείου
1517 2859 1853 2929 Πνεύματος·

287 2954 381 3006 καὶ
429 2951 587 3005 τοῦτο
628 2945 767 3005 εἶναι
814 2951 895 3017 τὸ,
956 2950 1175 3019 Ἀστὴρ
1217 2949 1468 3019 ἀστέρος
1497 2950 1756 3019 διαφέρει
1788 2952 1859 3005 ἐν

288 3041 463 3124 δόξῃ.

363 3212 463 3268 ΙΑ’.
526 3214 697 3268 Τοῦτο
749 3214 907 3283 μόνον
951 3212 1090 3266 κατά
1144 3212 1378 3283 σπουδὴν
1427 3213 1596 3279 ἔστω,
1646 3214 1734 3269 ῖνα
1775 3233 1861 3279 τις

293 3306 577 3375 γεννηθεὶς
605 3306 683 3375 τῷ
709 3306 987 3375 Πνεύματι
1023 3303 1100 3374 τῷ
1139 3304 1281 3376 ἁγίῳ
1315 3306 1415 3375 τὴν
1442 3304 1646 3361 ἐνοικον
1676 3307 1865 3361 ἀπονί-

291 3399 463 3464 ψηται
498 3398 792 3468 ἁμαρτίαν.
841 3398 952 3449 Καὶ
985 3396 1093 3466 γὰρ
1119 3394 1176 3449 ἐν
1212 3413 1318 3449 τινι
1366 3397 1519 3468 μέρει
1551 3398 1644 3451 καὶ
1681 3398 1862 3469 ἐκείνη

295 3495 329 3563 ή
358 3491 447 3544 διὰ
475 3490 567 3543 τοῦ
602 3489 914 3561 Πνεύματος
943 3490 1035 3542 τοῦ
1086 3489 1241 3557 ἀγίου
1276 3490 1545 3560 γέννησις,
1576 3492 1758 3545 εἰκόνα
1780 3508 1867 3544 τε-

295 3582 568 3650 λειότητος
615 3580 728 3649 ἐχει
766 3579 823 3631 ἓν
864 3596 924 3632 τε
969 3582 1036 3650 τῇ
1091 3581 1272 3649 μορφῇ
1312 3580 1403 3633 καὶ
1460 3583 1572 3644 τοῖς
1627 3582 1862 3649 μέλεσιν·

294 3675 357 3727 οὐ
401 3674 583 3743 μέντοι
630 3673 877 3744 δυνάμει,
907 3672 941 3743 ἢ
977 3671 1073 3740 νῷ,
1122 3672 1154 3742 ἢ
1207 3672 1447 3743 ἀνδρείᾳ·
1488 3674 1517 3723 6
1568 3672 1675 3743 γὰρ
1729 3676 1868 3745 πρὸς

296 3763 464 3829 ἄνδρα
510 3761 715 3813 τέλειον
754 3761 846 3814 καὶ
894 3760 1092 3831 μέτρον
1147 3761 1476 3831 ἀφικόμενος
1519 3762 1754 3830 ἡλικίας,
1801 3764 1869 3816 τὰ

296 3852 391 3904 τοῦ
417 3852 609 3921 νηπίου
642 3850 849 3917 πέφυκε
876 3851 1194 3917 καταργεῖν·
1225 3851 1317 3903 καὶ
1343 3850 1496 3904 τοῦτό
1530 3853 1697 3920 ἐστιν,
1734 3855 1868 3925 ὅπερ

296 3942 325 3993 6
368 3938 688 4001 Ἀπόστολος
728 3938 945 4007 ἔλεγεν·
995 3939 1131 3992 Εῖτε
1186 3938 1456 4008 γλῶσσαι
1504 3943 1871 4012 καταργηθή-

295 4047 530 4095 σονται,
574 4030 693 4083 εἶτε
724 4027 1090 4097 προφητεῖαι.
1120 4029 1333 4100 Ὥσπερ
1377 4032 1484 4101 γὰρ
1526 4033 1554 4084 ὁ
1589 4031 1750 4103 ἀνήρὶ
1767 4033 1867 4104 ήδη

295 4123 610 4193 γενόμενος,
634 4118 755 4173 οῦτε
777 4121 985 4189 τροφάς
1005 4121 1129 4174 οὔτε
1161 4121 1350 4189 λόγους
1376 4123 1501 4185 τοὺς
1528 4107 1679 4176 παιδὶ
1702 4139 1870 4193 προσ-

295 4215 531 4282 ήκοντας
575 4212 950 4281 καταδέχεται,
982 4212 1097 4264 ἀλλ’
1130 4212 1483 4276 ἀναξιοπαθεῖ
1526 4213 1659 4283 πρὸς
1700 4213 1861 4279 αὐτὰ,

295 4304 373 4365 ῶς
420 4305 613 4372 ἐτέρας
645 4303 745 4373 ήδη
788 4302 1065 4371 διαγωγῆς
1095 4302 1309 4365 ἐπιόάς·
1344 4301 1516 4366 οὕτως
1547 4304 1575 4356 6
1616 4304 1751 4375 πρὸς
1779 4321 1867 4357 τε·

296 4395 515 4447 λείωσιν
548 4394 655 4446 τῶν
702 4394 1071 4462 εὐαγγελικῶν
1117 4395 1361 4458 αὐξάνων
1406 4395 1864 4465 κατορθωμάτων,

1887 3144 1935 3209 C

1956 2142 2146 2192 senes;
2196 2125 2541 2191 multumque
2601 2115 2935 2173 discriminis
2990 2122 3047 2167 et
3098 2108 3422 2165 differentia:
3479 2107 3532 2162 in

1958 2216 2093 2286 ipsis
2135 2224 2257 2270 est:
2305 2212 2391 2268 vel
2440 2205 2899 2280 quemadmodum
2936 2203 3273 2257 frumentum
3323 2200 3376 2252 in
3422 2212 3531 2251 uno

1956 2318 2011 2363 et
2039 2304 2233 2361 eodem
2266 2302 2592 2359 semiustum
2623 2311 2774 2367 agro,
2807 2295 3051 2349 diversas
3082 2291 3259 2360 Spicas
3292 2287 3528 2358 profert;

1958 2408 2139 2453 tamen
2180 2396 2497 2449 universum
2523 2390 2579 2443 in
2603 2386 2853 2442 eamdem
2880 2398 2987 2437 una
3011 2379 3296 2436 confertur
3326 2392 3531 2437 aream,

1958 2489 2014 2544 in
2066 2501 2237 2542 unum
2284 2483 2493 2554 pariter
2544 2475 2865 2533 reconditur
2909 2473 3206 2526 horreum:
3260 2469 3341 2521 sic
3384 2474 3441 2519 et
3475 2476 3533 2518 tu

1957 2576 2226 2639 existima,
2262 2587 2349 2626 me
2378 2577 2623 2631 auctore,
2656 2566 2712 2618 in
2741 2570 3084 2617 mortuorum
3104 2572 3323 2628 quoque
3351 2570 3534 2609 resur-

1957 2669 2201 2725 rectione
2224 2662 2586 2720 dilferentiam
2616 2657 2798 2729 gloria:
2827 2656 2963 2719 fore,
2991 2654 3077 2715 iis,
3100 2652 3193 2722 qui
3216 2656 3529 2718 resurgunt,

1958 2757 2277 2831 glorificatis
2343 2763 2399 2809 et
2455 2750 2759 2807 illustribus
2815 2761 2917 2817 pro
2968 2744 3235 2814 dignitate
3301 2756 3532 2810 cperunt

1959 2852 2263 2909 bonorum,
2316 2854 2373 2900 et
2423 2857 2523 2913 pro
2573 2836 2961 2895 communione
3011 2833 3372 2888 inhabitantis
3414 2832 3527 2899 jam

1960 2939 2164 2994 ibidem
2194 2938 2341 3006 ipsos
2373 2932 2545 2987 divini
2583 2928 2858 2998 Spiritus;
2890 2934 2946 2981 et
2970 2925 3115 2978 hanc
3151 2936 3272 2977 esse
3308 2931 3530 2975 senten-

1960 3032 2090 3087 tiam
2132 3028 2281 3083 illius
2318 3024 2451 3080 dicti
2493 3019 2781 3092 apostolici
2819 3036 2832 3072 :
2866 3016 3035 3073 Stella
3085 3016 3259 3086 differt
3300 3032 3333 3068 a
3376 3011 3533 3065 stella

1962 3124 2016 3176 in
2055 3121 2300 3174 claritate
2320 3118 2384 3171 “.

2015 3212 2129 3270 .Xl.
2180 3210 2365 3265 Solum
2411 3203 2673 3276 peculiari
2721 3202 2953 3273 quisque
3010 3199 3193 3255 studio
3249 3208 3424 3261 curet,
3476 3203 3538 3250 ut

1965 3308 2322 3372 regeneratus
2382 3297 2593 3366 Spiritu
2655 3300 2875 3357 sancto,
2944 3290 3262 3343 inhabitans
3308 3288 3360 3341 in
3415 3301 3537 3340 sese

1965 3400 2251 3462 peccatum
2315 3388 2615 3454 abstergat.
2682 3383 2898 3439 Etenim
2957 3381 3012 3434 in
3069 3388 3222 3448 parte
3280 3377 3536 3446 quadam,

1966 3484 2129 3536 etiam
2180 3480 2271 3534 illa
2315 3479 2433 3547 ipsa
2487 3491 2584 3545 per
2634 3483 2883 3529 sanctum
2931 3471 3195 3541 Spiritum
3257 3469 3541 3539 generatio

1969 3572 2258 3642 imaginem
2313 3565 2668 3637 perfectionis
2716 3564 2903 3627 habet,
2956 3570 3011 3615 et
3057 3561 3114 3613 in
3167 3558 3343 3611 forma
3386 3566 3442 3609 et
3486 3556 3541 3608 in

1969 3662 2257 3727 membris;
2306 3676 2415 3713 non
2448 3671 2628 3713 tamen
2660 3656 2887 3718 virtute,
2918 3661 3012 3706 aut
3051 3658 3255 3711 mente,
3279 3658 3375 3701 aut
3422 3646 3537 3700 for-

1968 3755 2224 3810 titudine.
2262 3752 2399 3805 Nam
2430 3750 2526 3818 qui
2574 3750 2625 3802 in
2668 3747 2848 3801 virum
2896 3742 3200 3813 perfectum
3235 3748 3291 3793 et
3318 3754 3539 3791 mensu-

1969 3860 2083 3897 ram
2130 3841 2381 3913 pervenit
2437 3839 2643 3902 aetatis,
2703 3852 2824 3906 qua:
2869 3844 3025 3889 erant
3091 3832 3336 3901 parvuli,
3401 3829 3540 3882 solet

1968 3948 2258 3990 evacuare.
2302 3933 2371 3987 Et
2409 3931 2515 3984 hoc
2553 3938 2636 3984 est
2669 3928 2817 3998 quod
2860 3925 3155 3995 Apostolus
3203 3922 3378 3976 dixit:
3426 3918 3545 3973 Sive

1972 4027 2163 4094 lingua:
2193 4023 2486 4085 cessabunt,
2525 4022 2630 4073 sive
2662 4020 2949 4089 praphetice
2969 4017 3034 4070 δ’.
3079 4016 3232 4070 Sicut
3268 4012 3414 4067 enim
3458 4011 3542 4063 vir

1964 4116 2075 4186 jam
2125 4114 2337 4177 factus,
2392 4125 2571 4180 neque
2622 4124 2774 4163 escas
2823 4123 2999 4176 neque
3047 4118 3329 4160 sermones
3371 4114 3543 4170 puero

1969 4205 2361 4261 convenientes
2408 4201 2666 4265 admittit,
2703 4200 2798 4254 sed
2834 4214 2897 4253 ea
2930 4207 2989 4250 ut
3018 4197 3123 4250 sibi
3148 4196 3406 4248 indecora
3441 4192 3544 4245 de-

1970 4300 2248 4370 dignatur,
2285 4307 2542 4366 tanquam
2583 4294 2678 4364 qui
2712 4294 2766 4347 in
2796 4292 3026 4346 alterum
3050 4290 3162 4359 jam
3188 4287 3312 4339 vitae
3342 4293 3543 4339 statum

1969 4390 2302 4461 profecerit;
2336 4389 2415 4441 sic
2450 4387 2543 4455 qui
2578 4385 2643 4451 ad
2668 4382 3062 4452 perfectionem
3101 4376 3544 4445 evangelicorum

292 4486 394 4553 τὴν
426 4484 730 4554 νηπιότητα
762 4484 858 4554 τὴν
886 4483 1080 4538 ἑαυτοῦ
1112 4486 1246 4554 πρὸς
1289 4485 1387 4553 τὴν
1422 4485 1731 4554 τελειότητα
1764 4504 1864 4538 κα·
1892 4478 1946 4536 D

1861 4478 2170 4539 _Dcrescit
2218 4480 2551 4543 officiorum,
2601 4475 2888 4531 infantiam
2955 4471 3234 4543 propriam
3290 4468 3357 4522 ad
3412 4483 3541 4537 per-

291 4581 584 4633 τασπάσει.
617 4581 747 4634 Ὅτε
805 4580 935 4650 γὰρ,
975 4581 1139 4649 φησὶν
1168 4622 1181 4643 ,
1229 4582 1258 4633 6
1306 4579 1447 4643 θεῖος
1506 4579 1861 4645 ’Λπόστολος,

291 4670 512 4742 Mora
544 4671 717 4739 ἀνὴρ,
740 4670 1092 4739 κατήρτησα
1132 4670 1203 4724 τὰ
1237 4670 1345 4723 τοῦ
1373 4672 1615 4738 νηπίου.

367 4762 466 4815 lB'.
496 4760 571 4813 T6
604 4761 702 4829 μὲν
731 4762 871 4814 κατὰ
899 4760 1123 4830 Πνεῦμα
1151 4760 1508 4829 γεννώμενον,
1529 4761 1713 4831 τρόπῳ
1734 4759 1863 4824 τινὶ,

292 4850 477 4914 καθὼς
513 4850 847 4919 ἐδείκνυμεν,
887 4850 1091 4903 τέλειόν
1128 4851 1297 4903 ἐστιν.
1331 4850 1543 4920 Ὠσπερ
1584 4851 1677 4903 καὶ
1713 4849 1866 4903 τουτὶ

289 4942 353 5015 ,τὸ
407 4943 600 5012 νήπιον
652 4941 853 4994 τέλειον
905 4936 1045 4994 εἶναι
1088 4942 1353 5011 λέγομεν,
1395 4942 1454 4992 ὲν
1501 4941 1579 5010 τῷ
1612 4940 1682 4992 τὰ
1722 4940 1861 5010 μέρη

293 5035 476 5088 πάντα
503 5033 601 5100 τῆς
633 5032 883 5102 ὁλότητος
907 5030 1233 5094 ἀποσώζειν.
1268 5031 1432 5085 Πάλιν
1470 5032 1497 5084 6
1538 5030 1636 5099 μὲν
1665 5029 1865 5098 Κύριος

291 5125 415 5195 οὐχὶ
462 5122 686 5193 Πνεῦμα
741 5124 835 5176 καὶ
885 5124 1045 5194 χάριν
1082 5123 1314 5188 δίδωσιν,
1348 5123 1434 5176 ἵνα
1478 5140 1562 5185 τις
1595 5122 1865 5191 περιπέσῃ

292 5220 417 5279 ταῖς
447 5216 763 5286 ἁμαρτίαις·
810 5214 962 5268 αὐτοὶ
999 5215 1056 5267 δὲ
1094 5215 1305 5278 ἑαυτοῖς
1342 5216 1505 5268 αῖτιοι
1539 5214 1645 5269 τῶν
1684 5213 1864 5268 κακῶν

294 5312 344 5364 οἱ
390 5307 705 5375 ἄνθρωποι,
756 5309 821 5378 τῇ
873 5307 1058 5377 χάριτι
1109 5306 1183 5376 μὴ
1228 5308 1585 5377 στοιχοῦντες,
1631 5308 1725 5360 καὶ
1776 5308 1864 5361 διὰ

294 5401 454 5455 τοῦτο
496 5403 610 5464 τοῖς
653 5401 844 5463 κακοῖς
877 5399 1257 5468 ἁλισκόμενοι·
1289 5400 1507 5454 δύναται
1561 5400 1616 5452 δὲ
1660 5401 1758 5453 καὶ
1806 5400 1862 5466 ἐξ

298 5491 448 5543 ἰδίων
495 5488 820 5543 ὀλισθαίνειν
870 5489 965 5541 καὶ⁵
1019 5487 1262 5556 φυσικῶν
1313 5490 1341 5541 6
1392 5489 1672 5559 ἄνθρωπος
1717 5488 1864 5557 λογι-

296 5581 472 5652 σμῶν,
522 5580 760 5650 ἀμελῶν,
798 5579 831 5650 ἢ
866 5580 1223 5650 καταφρονῶν
1247 5622 1259 5645 ,
1299 5580 1329 5650 ἢ
1379 5580 1470 5633 καὶ
1511 5581 1684 5651 οἰήσει
1723 5579 1864 5650 χρώ-

366 5780 412 5811 ⁸⁶
444 5779 463 5833 l
491 5778 617 5836 Cor.
650 5794 738 5845 xv,
770 5779 854 5834 4|.
934 5779 975 5810 "
1008 5778 1026 5833 ι
1064 5778 1186 5835 Cor.
1224 5795 1335 5844 xm,
1373 5779 1422 5832 8A.

1521 5779 1563 5810 ⁸⁸
1593 5776 1725 5831 ibid.
1767 5776 1852 5829 25.

1969 4576 2265 4631 fectionem
2312 4572 2512 4625 trahet.
2564 4567 2788 4634 Quando
2825 4566 2994 4630 enim,
3043 4563 3123 4617 ait
3154 4561 3373 4616 divinus
3402 4560 3545 4628 Apo-

1969 4667 2164 4729 stolus,
2188 4666 2358 4734 Iactus
2381 4680 2496 4716 sum
2521 4664 2619 4726 vir,
2653 4659 2899 4713 evacuavi
2928 4671 3046 4727 quw
3066 4661 3218 4707 erant
3248 4650 3538 4723 parvuli“.

2040 4757 2155 4811 ΧΠ.
2191 4754 2349 4821 Quod
2392 4753 2614 4822 quidem
2649 4766 2748 4820 per
2780 4748 3049 4819 Spiritum
3082 4745 3343 4816 gignitur,
3377 4742 3541 4796 modo

1968 4848 2226 4918 quodam,
2266 4853 2327 4899 ut
2360 4842 2719 4903 ostendimus,
2752 4839 3055 4909 perfectum
3097 4846 3202 4891 est.
3255 4835 3411 4889 Sicut
3440 4836 3541 4889 ali-

1968 4954 2130 5009 quem
2160 4932 2507 4990 ’infantulum
2556 4946 2749 4987 recens
2796 4938 3010 4995 natum,
3059 4944 3159 4984 suo
3210 4927 3373 4981 modo
3422 4942 3543 4981 esse

1971 5026 2272 5098 perfectum
2320 5024 2570 5079 dicimus.
2613 5036 2679 5075 eo
2714 5020 2861 5090 quod
2904 5028 3087 5089 partes
3122 5018 3319 5071 habeat
3350 5030 3544 5070 omnes

1972 5119 2196 5173 humani
2230 5116 2494 5185 corporis.
2538 5115 2750 5168 Rursus
2788 5113 3052 5166 Dominus
3095 5111 3318 5180 quidem
3364 5108 3543 5162 haud-

1970 5226 2243 5281 quaquam
2273 5207 2536 5277 Spiritum
2563 5216 2617 5259 et
2644 5204 2875 5274 gratiam
2898 5202 3011 5268 dat,
3053 5212 3114 5257 ut
3149 5203 3272 5272 quis
3298 5201 3457 5254 cadat
3488 5200 3542 5252 in

1976 5303 2133 5374 183
2182 5308 2433 5372 peccata;
2468 5298 2569 5368 ipsi
2594 5305 2777 5351 autem
2818 5296 3070 5350 homines
3102 5294 3203 5348 sibi
3234 5308 3395 5347 causa
3430 5308 3546 5345 ma-

1972 5396 2148 5450 lorum
2207 5399 2335 5447 sunt
2396 5392 2620 5445 ductum
2674 5388 2979 5442 abnuentes
3035 5385 3254 5456 gratiae,
3310 5384 3544 5452 ideoque

1974 5483 2249 5556 illaqueati
2274 5483 2450 5539 malis.
2480 5482 2665 5537 Potest
2691 5488 2870 5534 autem
2896 5494 2962 5532 ex
2988 5476 3225 5547 propriis
3248 5475 3356 5529 labi
3378 5476 3542 5529 etiam

1975 5577 2316 5633 naturalibus
2368 5564 2531 5631 homo
2579 5570 3034 5644 cogitationibus,
3102 5568 3411 5639 negligens,
3456 5568 3540 5623 vel
