4254 6358
741 386 846 448 875

1961 386 2020 445 S.
2061 382 2377 445 MACARII
2419 380 2737 441 IEGYPTII

3860 378 3972 443 876

737 501 1114 556 contemnens,
1145 501 1239 546 aut
1269 490 1547 563 arroganti
1580 499 1739 547 utens
1768 492 2135 562 praeﬂdentia;
2174 493 2299 545 audi
2331 492 2377 547 A
2406 509 2417 557 ι

2290 493 2299 542 i
2331 492 2377 547 A
2406 508 2584 557 μενος·
2614 493 2773 544 ἄκουε
2800 490 2908 560 γάρ
2936 488 2988 542 τί
3019 506 3181 559 φησιν
3206 490 3236 542 ὁ
3268 488 3496 551 Παῦλος·
3528 490 3660 543 ἰνα
3678 489 3763 557 μὴ
3788 492 3970 559 ὑπερ-

735 584 881 637 enim
912 582 1042 651 quid
1067 583 1211 639 dicat
1240 582 1479 639 Paulus:
1518 581 1595 636 Ne
1626 582 1873 644 extollar,
1899 584 2053 636 datus
2080 592 2153 635 est
2178 584 2304 635 mihi

733 675 979 727 stimulus
1008 675 1184 729 carnis
1223 674 1441 743 angelus
1488 672 1706 727 Satanae
1722 674 1786 727 ⁸⁹.
1816 674 1999 737 Vides,
2047 682 2105 727 ut
2135 674 2300 727 etiam

736 765 828 833 qui
863 765 1027 819 tantis
1057 764 1391 833 profectibus
1421 764 1487 817 ad
1517 775 1624 819 tam
1654 763 1941 817 sublimem
1972 772 2100 818 sunt
2125 764 2300 817 evecti

733 855 953 908 virtutis
982 855 1230 924 gradum,
1278 856 1589 909 securitatis
1634 855 1744 909 sint
1788 854 1976 924 indigi.
2028 854 2298 907 Casterum

734 944 840 997 nisi
880 945 971 999 det
1009 944 1353 999 occasionem
1395 947 1539 999 ultro
1561 956 1616 1000 et
1637 946 1842 999 aditum
1868 946 2079 1000 Satana'.
2112 946 2296 1008 homo,

734 1048 843 1088 non
876 1038 1065 1103 utique
1096 1053 1193 1105 per
1220 1037 1326 1090 vim
1362 1037 1412 1091 ei
1443 1037 1837 1093 dominabitur.
1869 1038 2095 1108 Propter
2128 1038 2296 1108 quod,

735 1143 909 1196 neque
929 1130 1067 1197 parti
1090 1128 1313 1193 Christi,
1336 1146 1512 1200 neque
1530 1131 1831 1185 adversarii
1856 1147 1941 1186 res
1966 1132 2262 1200 imputatur
2284 1149 2295 1183 :

733 1220 826 1273 sed
868 1220 960 1289 qui
990 1223 1173 1289 gratize
1197 1220 1434 1290 Spiritus
1463 1238 1520 1277 se
1551 1222 1793 1293 adjungit
1823 1238 1995 1291 usque
2026 1223 2079 1275 in
2112 1223 2294 1288 tinem,

732 1312 903 1378 partis
932 1312 1132 1367 Christi
1170 1312 1265 1367 Iit:
1308 1313 1402 1382 qui
1437 1329 1567 1368 vero
1618 1330 1726 1367 non
1774 1315 1846 1367 ita
1890 1328 1949 1367 se
1994 1313 2179 1373 habet.
2213 1322 2299 1367 ut-

731 1418 945 1471 cunque
969 1402 1175 1471 Spiritu
1200 1414 1514 1473 generetur,
1537 1403 1640 1458 boc
1662 1412 1765 1468 est,
1787 1404 2000 1457 etiamsi
2025 1404 2296 1473 particeps

729 1493 904 1546 sancti
953 1492 1191 1561 Spiritus
1228 1492 1341 1558 ﬁat,
1377 1493 1431 1547 in
1472 1509 1573 1548 suo
1614 1493 1845 1548 arbitrio
1882 1493 2103 1547 habebit
2139 1493 2293 1561 sequi

728 1582 1062 1637 voluntatem
1094 1583 1326 1637 Satanm.
1357 1583 1483 1638 Sive
1511 1583 1659 1637 enim
1702 1584 1816 1652 ipse
1858 1582 2140 1646 Dominus,
2180 1582 2295 1637 sive

729 1671 954 1725 Satanas
1007 1688 1105 1741 per
1150 1673 1260 1727 vim
1308 1674 1605 1737 traherent,
1650 1689 1759 1727 non
1803 1681 1950 1727 esset
1991 1674 2154 1726 homo
2188 1673 2292 1725 sibi

2402 581 2646 648 at'pwaat
2693 580 2867 646 ἐδόθη
2908 597 3009 648 μοι
3070 582 3317 648 σκόλοψ
3363 578 3438 647 τῇ
3482 580 3661 647 σαρκὶ
3712 579 3969 647 ἄγγελος

2403 674 2618 741 Σατὰν.
2658 674 2839 743 Ὁρᾷς,
2875 674 2956 726 ὃτι
2996 674 3090 728 καὶ
3128 674 3178 727 οί
3214 673 3545 742 τηλικούτων
3564 671 3834 741 ἁψάμενοι
3867 672 3970 740 μέ-

2401 782 2543 834 τρων
2566 765 2797 827 ἐπιδεεῖς
2827 766 2962 817 εἰσιν
2988 763 3303 830 ἀσφαλείας.
3331 763 3539 826 Ἄλλως
3574 780 3635 815 τε
3663 764 3757 815 καὶ
3798 765 3848 814 εί
3890 761 3966 831 μὴ

2400 857 2475 926 δῷ
2524 858 2795 927 πρόφασιν
2846 856 2925 926 τῷ
2968 856 3178 923 Σατανᾷ
3211 857 3240 908 ὁ
3281 854 3587 925 ἄνθρωπος,
3640 854 3703 906 οὐ
3741 854 3966 923 κυριεῦ-

2402 964 2542 999 σειεν
2570 948 2634 1000 ἂν
2666 946 2831 1000 αὐτοῦ
2865 946 2974 1016 βίᾳ·
3012 947 3160 1016 παρά
3194 944 3373 1007 τοῦτο,
3408 943 3532 997 οὔτε
3566 944 3646 1014 τῷ
3685 944 3843 1013 μέρει
3868 942 3966 994 τοῦ

2400 1036 2657 1107 Χριστοῦ,
2706 1036 2827 1090 οὕτε
2855 1036 2948 1089 τοῦ
2982 1035 3356 1105 ἀντικειμένου
3389 1035 3449 1087 τὸ
3487 1036 3717 1104 πρᾶγμα
3750 1031 3965 1101 λογίζε-

2398 1146 2507 1182 ται·
2549 1130 2686 1182 ἀλλά
2712 1134 2780 1201 τῇ
2828 1131 2927 1199 μὲν
2954 1128 3134 1199 χάριτι
3169 1128 3262 1182 τοῦ
3299 1128 3613 1196 Πνεύματος
3643 1128 3964 1198 προστεθεὶς

2399 1222 2477 1282 είς
2499 1220 2672 1283 τέλος,
2699 1221 2799 1289 τῆς
2829 1220 3043 1291 μερίδος
3082 1220 3290 1289 γίνεται
3309 1219 3401 1273 τοῦ
3430 1220 3686 1291 Χριστοῦ·
3720 1221 3795 1290 μὴ
3820 1220 3965 1273 οὕτω

2398 1312 2454 1364 δὲ
2489 1311 2631 1381 σχὼν
2653 1351 2668 1373 ,
2708 1312 2809 1365 κάν
2845 1312 3121 1380 Πνεὺματι
3155 1312 3385 1381 γεννηθῇ
3414 1351 3428 1375 ,
3466 1313 3526 1363 τὸ
3580 1311 3637 1365 δέ
3672 1314 3807 1376 ἐστι,
3860 1312 3965 1363 κᾶν

2402 1403 2624 1472 μέτοχος
2676 1404 2770 1455 καὶ
2812 1402 2906 1455 τοῦ
2953 1404 3108 1471 άγίου
3164 1403 3474 1471 Πνεῦματος
3518 1402 3765 1471 γένηται,
3830 1405 3962 1471 παρ’

2398 1494 2590 1546 ἑαυτοῦ
2632 1494 2739 1558 ἔξει
2765 1532 2779 1555 ,
2820 1494 2882 1547 τὸ
2924 1494 3099 1547 ὀπίσω
3145 1494 3239 1547 τοῦ
3281 1493 3583 1562 θελήματος
3630 1494 3962 1563 πορευθῆναι

2394 1584 2489 1636 τοῦ
2520 1584 2747 1638 Σατανᾶ.
2799 1586 2922 1638 Εῐτε
2964 1584 3071 1653 γάρ
3096 1584 3256 1645 αὐτὸς
3307 1586 3335 1637 ὀ
3382 1583 3620 1652 Κύριος,
3659 1585 3769 1635 είτε
3810 1588 3902 1635 καὶ
3932 1585 3961 1635 ὁ

2396 1674 2636 1737 Σατανᾶς
2668 1675 2800 1745 πρὸς
2837 1674 2958 1743 βίαν
3005 1673 3448 1742 ἐλάμϐανον,οῦκ
3497 1670 3564 1744 ἦν
3614 1675 3642 1727 ὀ
3670 1673 3957 1743 ἄνθρωπος

726 1775 888 1814 causa
920 1761 1019 1829 ipsi
1068 1777 1179 1815 sua:
1219 1763 1385 1815 sortis
1426 1763 1578 1816 malae
1613 1772 1709 1816 aut
1745 1763 1921 1825 bonae,
1965 1761 2195 1816 cadendi
2234 1760 2288 1813 in
2322 1831 2351 1833 A
2395 1764 2406 1814 I

2278 1778 2288 1812 I
2322 1831 2351 1833 ᾇ
2395 1763 2571 1833 ἑαυτῷ
2607 1764 2796 1827 αἴτιος,
2840 1762 2962 1816 οὔτε
3006 1764 3087 1826 είς
3129 1764 3351 1831 γέενναν
3384 1765 3665 1833 ἐμπεσεῖν,
3703 1762 3825 1815 οὔτε
3862 1762 3958 1833 βα-

724 1849 1049 1917 gehennam,
1082 1860 1174 1904 aut
1203 1850 1257 1904 in
1286 1866 1513 1921 regnum
1542 1852 1916 1922 perveniendi.

797 1938 936 1993 XIII.
974 1940 1217 2003 Homini,
1276 1942 1497 1997 virtutis
1522 1943 1789 2006 studioso,
1823 1945 1991 1998 multa
2028 1960 2159 1998 cura
2186 1952 2294 1998 sat-

721 2030 992 2098 agendum
1036 2040 1140 2096 est,
1168 2042 1228 2086 ut
1274 2031 1605 2087 discretione
1646 2035 1867 2104 polleat,
1900 2044 1959 2087 ut
1990 2050 2099 2104 quo
2134 2035 2291 2088 diffe-

722 2115 952 2177 rentiam
988 2124 1115 2178 honi
1146 2135 1201 2179 et
1233 2129 1360 2183 mali
1406 2128 1743 2197 exploratam
1778 2127 1993 2191 habeat,
2034 2136 2087 2181 et
2116 2127 2291 2181 varias

718 2213 919 2268 diaboli
960 2217 1244 2281 versutias,
1291 2218 1435 2273 soliti
1460 2233 1557 2287 per
1581 2218 1853 2286 speciosas
1879 2218 2292 2285 imaginationes

717 2305 984 2371 plurimos
1030 2316 1380 2374 pervertere,
1432 2308 1719 2367 discutiat.
1776 2316 1941 2377 atque
1998 2307 2284 2375 intelligat.

718 2395 1003 2464 Siquidem
1027 2398 1079 2451 in
1103 2398 1250 2452 omni
1275 2399 1494 2469 negotio
1516 2399 1869 2454 utilissimum
1894 2408 1977 2453 est
2006 2398 2285 2452 securitati

715 2488 1025 2543 consulere.
1073 2488 1153 2542 Ne
1187 2490 1353 2559 igitur
1394 2490 1615 2545 levitate
1649 2491 1847 2544 mentis
1888 2490 1997 2544 cito
2031 2500 2081 2543 te
2110 2490 2285 2559 ipsum

717 2578 896 2647 praebe
930 2578 1214 2633 credulum
1257 2581 1626 2649 spiritualium
1669 2589 1999 2651 potestatum
2041 2579 2288 2650 impulsi-

717 2667 837 2733 bus,
870 2668 937 2723 ad
982 2676 1034 2724 te
1075 2668 1455 2738 decipiendum
1486 2670 1625 2725 forte
1663 2671 2033 2740 comparatis:
2072 2672 2285 2724 etiamsi

713 2758 808 2825 qui
862 2758 1162 2827 loquuntur
1218 2760 1470 2815 caelestes
1522 2761 1634 2815 sint
1686 2762 1908 2831 angeli:
1952 2760 2046 2814 sed
2095 2770 2178 2814 sta
2230 2761 2283 2814 in

714 2847 885 2916 gradu
948 2847 1167 2913 tardus,
1219 2849 1458 2903 examini
1511 2849 1671 2904 istius
1719 2850 1938 2919 generis
1987 2850 2285 2919 subjiciens

713 2941 1094 3005 exactissimo;
1153 2942 1300 3009 quod
1361 2941 1566 2995 bonum
1599 2950 1684 2995 est
1708 2942 2075 3011 amplectens,
2136 2942 2283 3010 quod

715 3030 937 3093 malum,
992 3031 1265 3100 rejicieus.
1319 3032 1439 3086 Non
1472 3033 1619 3086 enim
1665 3032 1833 3101 igno:i
1881 3039 2011 3085 sunt
2050 3032 2282 3087 eITectus

713 3120 931 3188 gratiae,
979 3135 1119 3189 quos
1152 3132 1459 3190 peccatum,
1500 3132 1780 3191 utcunque
1822 3123 1949 3176 boni
1990 3140 2280 3192 personam
2311 3160 2357 3223 ε

715 3211 1018 3273 assimulet,
1059 3226 1169 3264 non
1202 3222 1379 3280 potest
1410 3223 1820 3282 repraasentare.
1866 3216 1997 3269 Nam
2041 3216 2164 3279 etsi,
2196 3231 2283 3270 se-

716 3299 954 3353 cundum
990 3301 1333 3368 Apostolum,
1383 3301 1537 3355 Novit
1567 3304 1797 3358 Satanas
1823 3304 2208 3374 transﬁgurare
2233 3322 2288 3359 se

717 3389 775 3443 in
826 3390 1073 3460 angelum
1125 3392 1339 3457 fucis“,
1396 3402 1576 3448 tamen
1629 3394 1758 3449 licet
1803 3397 2043 3449 visiones
2094 3396 2288 3451 oﬂ‘erat

714 3484 1065 3553 splendidas,
1114 3483 1315 3539 bonam
1362 3487 1770 3555 operationem,
1820 3498 1879 3541 ut
1924 3490 2128 3543 dictum
2182 3497 2284 3554 est,

714 3575 977 3629 exhibere
1017 3590 1125 3629 non
1166 3576 1398 3645 poterit;
1422 3592 1489 3630 ex
1528 3593 1635 3646 quo
1669 3587 1878 3631 certum
1914 3580 2033 3649 ejus
2062 3580 2285 3635 exsistet

722 3663 1010 3719 indicium.
1036 3666 1155 3721 Non
1182 3667 1328 3721 enim
1352 3667 1672 3723 charilatem
1700 3669 1753 3722 in
1780 3670 1947 3723 Deum
1978 3680 2069 3723 aut
2096 3672 2283 3740 proxi-

716 3770 889 3818 mum,
935 3771 1042 3809 non
1085 3758 1583 3822 mansuetudinem,
1624 3775 1731 3813 non
1760 3760 2146 3827 humilitatem,
2176 3777 2285 3816 non

719 3845 999 3914 gaudium,
1029 3862 1136 3900 non
1158 3864 1366 3917 pacem,
1400 3864 1505 3903 non
1543 3850 1966 3905 refrenationem
1992 3854 2284 3923 cogitatio-

717 3952 871 4000 num,
904 3954 1013 3993 non
1053 3939 1243 3994 mundi
1275 3940 1480 4006 odium,
1514 3957 1622 3995 non
1655 3945 1895 4011 quietem
1921 3944 2282 4013 spiritualem,

718 4041 825 4079 non
847 4026 1182 4082 desiderium
1206 4030 1515 4083 caelestium
1540 4030 1919 4100 operationum
1940 4040 2117 4101 potest
2132 4034 2281 4099 dare,

716 4129 825 4169 non
850 4132 1045 4185 pravos
1072 4117 1302 4172 aﬂ'ectus
1343 4128 1397 4173 ct
1428 4120 1735 4189 voluptates
1764 4136 2132 4189 compescere,
2166 4140 2285 4192 quae

716 4206 1003 4260 manifesta
1030 4216 1159 4261 sunt
1181 4223 1347 4277 opera
1375 4211 1581 4277 gratiae.
1608 4210 1741 4263 Nam
1766 4228 1778 4262 :
1816 4209 2035 4265 Fructus
2062 4213 2284 4282 (inquit)

715 4293 941 4365 Spiritus
978 4308 1122 4360 sunt,
1160 4299 1414 4361 clmritas,
1459 4300 1733 4368 gaudium,
1769 4302 1957 4369 pax",
1984 4312 2120 4367 etc.,
2144 4320 2283 4372 quo-

714 4403 833 4441 rum
852 4388 970 4443 vice
987 4388 1183 4444 fastum
1204 4390 1292 4443 ille
1311 4390 1492 4459 potius
1508 4400 1562 4445 et
1582 4393 1944 4461 arrogantiam
1964 4396 2282 4463 ingenerare

2318 1831 2367 1891 Β
2398 1831 2601 1916 σιλείας
2626 1857 2920 1924 ἐπιτυχεῖν.

2466 1947 2564 2001 ll".
2599 1947 2805 2017 Πολλῆς
2857 1947 2936 2017 τῷ
2992 1946 3266 2017 φιλαριτῳ
3324 1948 3668 2016 φροντιστέον
3715 1945 3811 2013 τῆς
3838 1945 3955 1998 δια-

2395 2039 2648 2108 κρίσεως,
2687 2038 2826 2091 ὥστε
2873 2037 2974 2107 τῆς
3024 2037 3117 2090 τοῦ
3162 2037 3325 2091 καλοῦ
3354 2039 3448 2091 καὶ
3486 2038 3659 2091 κακοῦ
3691 2039 3954 2106 διαφορᾶς

2395 2131 2759 2199 άπογνώμονα
2802 2125 2961 2193 εἷναι,
3000 2130 3094 2181 καὶ
3142 2130 3238 2191 τὰς
3285 2130 3535 2191 ποικίλας
3577 2129 3670 2181 τοῦ
3712 2128 3952 2197 πονηροῦ

2390 2221 2583 2289 τέχνας
2616 2220 2683 2272 δι’
2710 2220 2945 2288 εὐλόγων
3000 2219 3309 2288 φαντασιῶν
3354 2219 3606 2282 εἰωθότος
3656 2221 3781 2281 τοὺς
3821 2220 3955 2271 πολι

2390 2310 2514 2374 λοὺς
2549 2311 3017 2381 παρακρούεσθαι,
3053 2310 3364 2380 βασανίζειν
3392 2312 3486 2365 καὶ
3516 2312 3773 2363 συνιέναι.
3807 2311 3955 2380 [Ιὶὴν

2388 2401 2451 2453 τὸ
2479 2401 2738 2469 ἀσφαλὲς,
2781 2402 2916 2471 πρὸς
2961 2405 3138 2455 πάντα
3175 2401 3451 2463 λυσιτελές
3478 2417 3493 2431 ο
3522 2401 3596 2469 μὴ
3624 2401 3803 2453 τοίνυν
3831 2400 3953 2451 ἰλα-

2390 2494 2620 2559 φρότητι
2663 2490 2901 2554 διανοίας
2937 2492 3077 2560 ταχὺ
3109 2491 3333 2544 σεαυτὸν
3373 2491 3654 2559 ὲμπάρεχε
3685 2493 3803 2552 ταῖς
3842 2491 3953 2542 τῶν

2388 2578 2588 2647 νοερῶν
2628 2579 2970 2641 ἐπιστασίαις
3018 2581 3097 2642 είς
3150 2578 3365 2648 ἀπάτην
3394 2595 3523 2631 σουο
3557 2580 3662 2632 κᾶν
3709 2579 3864 2632 αὐτοὶ
3902 2580 3953 2631 οί

2386 2671 2625 2739 οὐράνιοι
2670 2670 2889 2739 ἄγγελοι
2925 2664 3091 2723 ὦσιν·
3138 2670 3273 2724 ἀλλά
3319 2670 3451 2739 μένε
3498 2670 3686 2740 βαρὺς,
3734 2670 3957 2738 βασάνῳ

2385 2762 2559 2815 ταῦτα
2586 2761 2760 2824 διδοὺς
2798 2760 3219 2830 ὲπιμελεστάτῃ·
3252 2759 3313 2813 τὸ
3361 2761 3459 2829 μὲν
3515 2759 3677 2813 καλὸν
3726 2759 3955 2810 οἰκειού-

2390 2872 2570 2923 μενος,
2599 2854 2657 2906 τὸ
2682 2852 3025 2925 [δὲ]πονηρδν
3043 2852 3421 2920 διωθούμενος.
3445 2853 3519 2905 Οὐ
3540 2851 3648 2920 γὰρ
3678 2851 3848 2920 ἄδηλα
3886 2851 3957 2902 τά

2385 2948 2484 3015 τῆς
2536 2946 2756 3016 χάριτος
2788 2946 3158 3017 ἐνεργήματα,
3183 2944 3325 3015 άπερ
3356 2946 3389 3014 ἡ
3418 2943 3685 3013 ἁμαρτία.
3744 2942 3848 2995 κάν
3893 2942 3957 2993 τὸ

2386 3037 2481 3091 τοῦ
2530 3036 2735 3105 ἀγαθοῦ
2784 3036 3077 3105 πρόσωπον
3122 3034 3505 3102 ὑποκρίνηται,
3551 3034 3852 3101 παρασχεῖν
3892 3032 3954 3082 οῦ

2387 3132 2687 3199 δεδύνηται.
2732 3130 2795 3181 Et
2843 3128 2951 3197 γὰρ
2982 3127 3074 3179 καὶ
3095 3128 3237 3179 κατά
3262 3127 3353 3179 τὸν
3384 3124 3726 3186 ’Δπόστολον,
3762 3120 3905 3176 οἶδεν
3928 3126 3956 3175 ὁ

2387 3222 2629 3281 Σατανᾶς
2657 3220 2737 3281 είς
2761 3218 2992 3285 ἄγγελον
3020 3217 3199 3285 φωτὸς
3224 3213 3823 3283 μετασχηματίζεσθαι,
3857 3214 3955 3281 χάο

2388 3330 2474 3383 ριν
2520 3310 2614 3363 τοῦ
2659 3309 2973 3377 ἀπατῆσαιο
3016 3306 3132 3361 ἀλλ’
3174 3301 3268 3359 οὖν
3303 3305 3403 3358 κᾶν
3434 3305 3653 3373 ὁράσεις
3696 3303 3957 3373 λαμπράς

2390 3403 2802 3474 περιδάλληται,
2830 3400 3040 3468 ἀγαθὴν
3074 3398 3375 3467 ἐνέργειαν,
3407 3392 3551 3470 ᾗπερ
3575 3398 3812 3465 εἴρηται,
3848 3412 3955 3447 πα-

2391 3492 2612 3562 ρασχεῖν
2666 3489 2727 3543 οὐ
2790 3487 3111 3556 δυνήσεταιο
3150 3483 3220 3537 δι’
3268 3476 3329 3537 οὗ
3379 3485 3471 3536 καὶ
3514 3484 3575 3536 τὸ
3625 3483 3956 3551 παράσημον

2386 3583 2609 3652 ἀκριϐὲς
2661 3582 2891 3648 γίνεται.
2940 3580 3013 3631 Οὐ
3066 3579 3174 3647 γὰρ
3214 3579 3434 3646 ἀγάπην
3490 3578 3591 3647 τὴν
3648 3576 3728 3637 είς
3762 3573 3956 3641 Θεὸνῆ

2388 3673 2639 3740 πλησίον,
2685 3670 2747 3723 οὐ
2805 3670 3106 3741 πραότητα,
3153 3668 3213 3720 οὑ
3267 3667 3615 3730 ταπείνωσιν,
3651 3665 3711 3715 οὐ
3757 3665 3954 3732 χαρὰν,

2386 3765 2488 3817 οὐκ
2529 3764 2774 3835 εἰρήνην,
2805 3762 2863 3813 οὐ
2895 3761 2989 3814 τοῦ
3037 3761 3247 3827 κόσμου
3286 3762 3465 3827 μῖσος,
3506 3757 3605 3809 οὐκ
3649 3755 3957 3808 ἀνάπαυσιν

2386 3851 2781 3922 πνευματικὴν,
2815 3850 2915 3902 οὐκ
2948 3849 3243 3916 ἐπιθυμίαν
3274 3848 3381 3898 τῶν
3412 3844 3677 3912 οὐρανίων
3729 3846 3955 3911 ὲνεργη·

2390 3944 2576 4013 μάτων
2608 3942 2829 3994 δύναται
2857 3940 2994 4007 (Il),
3035 3938 3095 3990 οὐ
3152 3936 3298 4003 πάθη
3331 3935 3425 3987 καὶ
3455 3933 3646 4003 ἡδονὰς
3673 3932 3956 3984 καταπαῦ-

2388 4051 2499 4093 σαι,
2534 4032 2677 4099 ἀπερ
2724 4029 2974 4099 φανερῶς
3025 4030 3129 4079 εἱσι
3172 4026 3272 4095 τῆς
3316 4026 3535 4095 χάριτος
3583 4024 3950 4093 ἐνεργήματα.

2395 4125 2460 4175 '0
2492 4122 2599 4191 γὰρ
2631 4120 2878 4188 καρπὸς,
2915 4118 3068 4187 φησι,
3101 4116 3207 4169 τοῦ
3246 4116 3589 4183 Πνεύματός
3614 4115 3786 4165 ἐστιν
3816 4112 3954 4180 ἁγά-

2386 4228 2491 4279 πη,
2535 4212 2708 4279 χαρὰ,
2743 4210 2971 4277 εἰρήνη,
3015 4209 3106 4260 καὶ
3164 4208 3233 4259 τά
3290 4206 3442 4274 ἑξῆς·
3493 4204 3632 4273 τάχα
3678 4204 3737 4256 δὲ
3788 4204 3953 4270 τῦφον

2389 4305 2591 4376 μᾶλλον
2646 4306 2852 4365 ἐκεῖνος
2896 4299 3194 4370 ἐμποιῆσαι
3236 4299 3329 4350 καὶ
3353 4295 3802 4365 ὑψηλοφροσύνην
3837 4296 3952 4345 ἑπι-

2385 4394 2724 4465 τηδειότατός
2752 4410 2812 4445 τε
2843 4392 2935 4445 καὶ
2956 4388 3344 4450 δυνατώτατος.
3389 4388 3483 4439 Ἐκ
3512 4387 3643 4454 γοῦν
3668 4386 3769 4454 τῆς
3800 4388 3949 4453 ἐνερ-

714 4478 886 4533 ιηυΙιο
933 4480 1248 4548 aptissimus
1308 4481 1652 4551 maximeque
1704 4492 1898 4551 poteus
1956 4485 2141 4540 fuerit.
2202 4488 2276 4541 Ex
2311 4483 2394 4538 D‘

2265 4506 2276 4541 ι
2311 4483 2356 4538 D
2384 4485 2537 4551 γείας
2562 4486 2684 4555 εἴσῃ
2710 4482 2771 4535 τὸ
2796 4480 3102 4550 ἑλλαμφθὲν
3128 4482 3185 4531 ὲν
3209 4481 3275 4549 τῇ
3297 4478 3440 4547 ψυχῇ
3475 4494 3569 4529 σου
3600 4477 3783 4546 νοερὸν
3812 4474 3945 4543 φῶς,

711 4570 1029 4637 operatione
1083 4570 1249 4639 igitur
1278 4570 1583 4640 diguosces.
1631 4574 1795 4643 quale
1848 4576 1921 4629 sit
1979 4578 2125 4645 quod
2177 4588 2282 4633 tua:

714 4660 852 4711 forte
881 4658 1075 4712 anima:
1116 4658 1358 4713 illuxerit
1389 4660 1756 4717 intellectuale
1796 4663 2001 4727 lumen,
2036 4675 2219 4719 utrum
2251 4682 2279 4721 a

711 4748 843 4807 Deo.
871 4764 938 4801 an
968 4764 999 4802 a
1022 4748 1221 4803 Satana
1246 4750 1317 4803 sit
1344 4760 1551 4804 ortum.
1582 4751 1724 4818 Quin
1752 4763 1809 4808 et
1841 4754 1943 4824 ipsi
1989 4758 2204 4821 animae,
2234 4759 2277 4812 si

710 4848 928 4906 gustum
972 4838 1041 4892 ad
1084 4839 1473 4895 discretionem
1517 4858 1626 4896 non
1674 4844 1931 4899 obtusum
1975 4846 2172 4912 habet;
2211 4850 2279 4903 ab

713 4928 830 4995 ipso
853 4928 1034 4982 statim
1070 4931 1307 4998 primum
1333 4932 1563 5001 appulsu
1592 4948 1887 5004 sensuque,
1914 4937 2197 4993 manifesta
2219 4954 2278 4992 se

710 5018 907 5086 prodet
932 5018 1263 5074 differentia.
1296 5021 1366 5076 Ut
1388 5022 1533 5075 enim
1565 5033 1778 5078 acetum
1803 5035 1859 5079 et
1880 5026 2069 5080 vinum
2095 5031 2273 5097 quoad

709 5116 1001 5179 aspectum
1052 5127 1217 5168 unum
1276 5112 1530 5183 idemque
1590 5126 1745 5180 sunt;
1801 5118 1845 5170 si
1906 5133 2038 5173 vero
2091 5120 2274 5192 lingua

708 5201 1083 5271 explorentur,
1109 5202 1347 5271 palatum
1372 5206 1622 5273 protinus
1651 5206 1718 5259 de
1761 5215 1993 5277 utroque
2030 5225 2274 5278 pronun-

708 5294 805 5347 tiat
838 5294 970 5362 quid
1004 5309 1133 5349 vere
1167 5293 1268 5359 sit;
1318 5296 1391 5349 ita
1419 5304 1476 5349 et
1504 5297 1681 5349 anima
1723 5312 1791 5350 ex
1823 5297 1941 5366 ipso
1972 5300 2274 5368 spiritualis

703 5383 1054 5453 experientia
1086 5400 1251 5439 sensu
1280 5400 1344 5439 ac
1374 5386 1589 5455 propria
1615 5388 1849 5456 quadam
1884 5388 2139 5446 facultate
2174 5407 2273 5461 po-

705 5484 810 5529 test
840 5474 1167 5544 dijudicare,
1204 5491 1324 5545 qua:
1360 5476 1489 5530 boui
1518 5476 1754 5547 Spiritus
1772 5479 2119 5547 charismata,
2150 5498 2269 5551 quae

703 5560 862 5619 alieni
889 5564 998 5619 sint
1024 5566 1417 5635 phantasmata.

775 5743 817 5772 ’θ’
855 5742 894 5795 ll
928 5742 1050 5796 Cur.
1099 5759 1195 5805 ιιι,
1244 5745 1291 5797 7.
1334 5746 1375 5773 ’θ
1418 5745 1459 5800 ιι
1497 5747 1620 5802 Cur.
1660 5763 1731 5809 xl,
1771 5747 1850 5800 II.

1930 5750 1970 5779 ἰ
2012 5750 2125 5802 un.
2171 5766 2217 5814 ν,
2258 5750 2345 5803 2-2.

2385 4577 2611 4645 πότερον
2641 4573 2735 4627 τοῦ
2764 4572 2918 4633 Θεοῦ,
2952 4571 2985 4641 ἢ
3014 4569 3110 4623 τοῦ
3162 4570 3378 4622 Σατανά
3410 4568 3655 4636 πέφυκεν
3683 4567 3742 4618 ὅν
3766 4583 3779 4596 ·
3813 4566 3950 4633 πλὴν

2392 4669 2527 4723 ἀλλὰ
2556 4668 2648 4718 καὶ
2676 4666 2813 4734 αὐτῇ
2848 4666 2911 4732 τῇ
2942 4664 3110 4733 ψυχῇ,
3142 4662 3300 4730 εῐπερ
3333 4660 3570 4730 ἔρρωται
3613 4656 3683 4709 τὰ
3713 4656 3814 4723 τῆς
3838 4657 3949 4708 διας

2383 4760 2637 4829 κρίσεως,
2686 4756 2845 4819 εὐθὺς
2875 4756 2983 4809 ἀπὸ
3012 4756 3109 4824 τῆς
3137 4754 3330 4823 νοερᾶς
3358 4750 3688 4818 αίσθήσεως,
3721 4748 3857 4816 δῆλα
3880 4748 3944 4799 τά

2381 4853 2479 4917 τῆς
2511 4851 2773 4918 διαφορᾶς
2805 4848 3037 4915 γίνεται.
3070 4846 3281 4913 Ὠσπερ
3333 4844 3441 4912 γάρ
3475 4842 3596 4907 ὅξος
3625 4842 3775 4909 οϊνῳ,
3808 4840 3948 4891 κατά

2382 4946 2479 5014 μὲν
2504 4944 2605 5011 τὴν
2641 4943 2832 5012 ὅρασιν
2858 4939 2935 5004 ἓν,
2970 4940 3034 4991 ὲκ
3064 4938 3121 4990 δὲ
3161 4936 3265 5004 τῆς
3306 4934 3447 4988 κατά
3493 4934 3595 5002 τὴν
3645 4931 3833 5013 γεῦσιν
3859 4932 3944 4982 αἰ-

2382 5035 2625 5101 σθήσεως
2670 5034 2698 5085 ὀ
2744 5029 2949 5100 λάρυγξ
3012 5027 3271 5097 ἑκατέρου
3307 5024 3483 5095 κρίνει
3510 5026 3571 5075 τδ
3602 5024 3733 5076 ῐδιον
3756 5038 3767 5050 ·
3802 5020 3943 5073 οὕτω

2377 5126 2442 5196 δὴ
2484 5124 2578 5178 καὶ
2617 5122 2765 5194 ψυχὴ
2813 5120 2874 5187 ἐξ
2925 5122 3094 5190 αὐτῆς
3148 5136 3211 5186 γε
3266 5117 3367 5186 τῆς
3397 5116 3590 5186 νοερᾶς
3622 5113 3943 5184 αίσθήσεως,

2377 5217 2467 5268 καὶ
2502 5216 2600 5283 τῆς
2634 5212 2915 5285 ἐνεργείας
2944 5210 3143 5280 δυνατὴ
3187 5207 3390 5277 κρίνειν
3421 5207 3490 5260 τά
3516 5222 3577 5257 τε
3629 5203 3722 5256 τοῦ
3770 5202 3945 5253 Ilvati-

2378 5323 2545 5374 ματος
2583 5305 2918 5376 χαρίσματα,
2977 5302 3071 5356 κα)⁸
3130 5300 3196 5354 τὰ
3250 5298 3343 5352 τοῦ
3405 5295 3685 5367 ἀλλοτρίου
3741 5295 3943 5363 φαντά-

2375 5413 2577 5466 σματα.
