4254 6358
286 420 392 486 877

1150 414 1379 482 LIBER
1417 411 1515 472 DE
1551 398 1935 468 PATIENTA
1976 396 2070 457 ET
2110 392 2637 456 DISCRETIONE.

3418 389 3526 452 878

360 539 468 592 ω’.
500 537 620 607 Χρὴ
667 538 889 589 σκοπεῖν
925 535 1022 587 καὶ
1054 532 1385 604 προδλέπειν
1410 531 1606 599 ἄριστα
1633 527 1732 594 τὴν
1759 522 1860 591 ψυ·
1891 518 1939 574 Δ
2036 515 2040 566 Ϊ

1842 548 1860 561 -
1891 518 1939 574 Δ
2036 514 2173 569 XIV.
2207 512 2505 569 Attendere
2530 528 2594 567 ac
2617 509 2930 581 prospicere
2953 507 3369 578 diligentissime
3402 511 3522 565 ani-

289 635 415 704 χὴν,
474 633 689 701 μήποτε
728 630 794 700 δὴ
844 629 949 682 κᾶν
1013 627 1093 697 τῷ
1143 624 1464 696 βραχυτάτῳ
1504 621 1609 675 ὑπὸ
1639 621 1738 689 τῆς
1764 616 1860 671 τοῦ

291 719 677 789 ἀντικειμένου
729 716 843 787 άλῷ
900 716 1205 785 δυνάμεως.
1242 713 1454 781 Ὠσπερ
1477 712 1586 781 γὰρ
1608 709 1725 771 ἐνὸς
1760 708 1859 777 μὲ-

294 829 422 881 ρους
448 810 590 876 ζώου
625 809 813 878 παγίδι
872 807 1191 878 ληφθέντος,
1221 806 1341 860 ὅλον
1367 805 1577 873 ἀνάγκη
1607 800 1859 870 κάμπτε-

296 904 444 967 σθαι,
496 903 593 956 καὶ
639 902 741 954 ὑπὸ
801 904 920 963 ταῖς
956 900 1066 952 τῶν
1105 899 1451 969 θηρευόντων
1497 894 1683 964 χερσὶν
1710 892 1853 959 γίνε-

294 993 421 1045 σθαι
442 1009 457 1025 ’
488 992 633 1045 οὕτω
660 991 723 1061 δὴ
756 992 849 1044 καὶ¹
889 990 1036 1061 ψυχῇ
1065 992 1133 1043 τά
1159 989 1320 1057 ὃμοια
1373 984 1691 1054 συμϐαίνειν
1717 980 1864 1048 παρὰ

291 1086 404 1137 τῶν
447 1084 659 1155 ἐχθρῶν
713 1082 890 1136 εἴωθε.
950 1084 1059 1136 Καὶ
1106 1080 1265 1134 τοῦτο
1302 1078 1460 1146 δῆλον
1498 1074 1865 1144 καθίστησινό

294 1175 581 1243 προφήτης
605 1188 620 1203 °
656 1172 883 1241 Παγίδα
921 1172 1052 1241 γὰρ,
1116 1169 1302 1238 φησὶν,
1348 1166 1685 1235 ἡτοίμασαν
1740 1160 1866 1227 τοῖς

295 1264 449 1317 ποσί
474 1280 614 1332 μου,
647 1264 743 1316 καί
777 1262 1170 1331 κατέκσμψαν
1195 1260 1311 1326 τὴν
1340 1259 1552 1327 ψυχήν
1570 1272 1711 1325 μου.

371 1352 471 1407 ΙΕ’.
506 1355 600 1406 Δεῖ
624 1353 716 1407 τὸν
748 1351 1072 1421 βουλόμενον
1120 1351 1210 1404 διὰ
1254 1349 1355 1419 τῆς
1391 1348 1580 1417 στενῆς
1631 1348 1711 1408 εἰς
1766 1344 1865 1411 τὴν

296 1441 477 1494 οἰκίαν
505 1441 600 1494 τοῦ
633 1441 855 1511 ἰσχυροῦ
907 1440 1186 1503 εἰσελθεῖν,
1216 1440 1313 1492 καὶ
1361 1438 1429 1491 τὰ
1475 1435 1643 1504 σκεύη
1698 1430 1862 1487 αὑτοῦ

296 1530 621 1599 διαρπάσαι,
660 1530 735 1600 μὴ
787 1531 1026 1583 εἰδοκεῖν
1081 1527 1346 1595 εὐπαθείᾳ
1398 1526 1683 1594 σώματος·
1746 1522 1862 1576 ἀλλ’

300 1618 731 1688 ἐνδυναμοῦσθαι
778 1620 857 1688 τῷ
902 1618 1094 1687 ἀγαθῷ
1157 1616 1455 1685 Πνεῦματι,
1521 1615 1716 1683 ἔχοντα
1775 1612 1863 1664 διά

303 1713 530 1781 μνήμης
575 1713 664 1764 τὸν
713 1712 966 1776 εἰπόντα,
1005 1712 1086 1764 ὅτι
1147 1710 1305 1777 Σὰρξ
1344 1709 1441 1762 καὶ
1496 1703 1638 1775 αἷμα
1678 1705 1863 1769 ,ϐασι-

298 1800 480 1851 ⁵ιιείαν
506 1801 655 1853 Θεοῦ
689 1803 760 1853 οὐ
792 1798 1341 1868 κληρονομήσουσι.
1387 1798 1511 1859 Πῶς
1553 1798 1610 1849 δὲ
1665 1797 1745 1849 δεῖ
1772 1797 1859 1849 ἐν·

299 1887 689 1957 δυναμωθῆναι
744 1888 1049 1958 πνεύματι;
1100 1888 1178 1956 τῷ
1252 1887 1558 1954 Ἀποστόλῳ
1616 1886 1858 1953 λέγοντι,

297 1977 402 2046 τὴν
459 1979 649 2046 σοφίαν
696 1977 788 2032 τοῦ
842 1978 975 2030 Θεοῦ
1024 1979 1234 2047 μωρίαν
1273 1980 1384 2039 τοῖς
1426 1977 1731 2046 ἀνθρώποις
1775 1979 1862 2030 λο⁹

298 2068 572 2136 γίζεσοαι,
613 2070 973 2139 προσεκτέονο
1022 2070 1117 2123 καὶ
1150 2071 1178 2122 ὁ
1212 2071 1486 2138 προφήτες
1518 2070 1573 2121 δέ
1595 2087 1607 2100 ·
1660 2065 1860 2129 Εἶδον,

298 2160 455 2226 φησὶ,
483 2160 591 2213 τὸν
628 2161 764 2215 Υἰὸν
788 2161 895 2215 τοῦ
917 2161 1249 2228 ἀνθρώπου,
1280 2162 1375 2215 καί
1399 2161 1463 2214 τὸ
1492 2157 1649 2225 εἶδος
1678 2158 1864 2213 αὑτοῦ

297 2248 527 2317 ἄτιμον,
560 2251 845 2305 ἐκλεῖπον
872 2252 1028 2319 παρὰ
1076 2250 1309 2317 πάντας
1338 2250 1481 2315 τοὺς
1530 2250 1699 2313 υίοὺς
1747 2248 1865 2302 τῶν

296 2339 648 2406 ἀνθρώπων.
680 2344 773 2394 Δεῖ
802 2340 1090 2413 τοιγαροῦν
1129 2344 1220 2395 τὸν
1246 2342 1567 2411 βουλόμενον
1592 2342 1705 2393 υίδν
1727 2338 1863 2393 Θεοῦ

296 2430 555 2496 γενέσθαι
604 2431 745 2485 κατὰ
783 2431 844 2485 τὸ
891 2432 1077 2502 ὅμοιον
1125 2431 1524 2499 ταπεινωθῆναι
1571 2430 1860 2501 πρότερον,

297 2519 395 2570 καὶ
427 2520 608 2589 μωρὸν
635 2521 729 2573 καὶ
756 2521 949 2590 ἄτιμον
977 2520 1323 2592 λογισθῆναι·
1356 2522 1431 2590 μὴ
1452 2521 1863 2592 ἀποστρέφοντα

295 2607 361 2659 τὸ
386 2609 676 2677 πρόσωπον
704 2612 812 2665 άπὸ
844 2612 1273 2682 ἐμπτυσμάτων.
1306 2613 1380 2682 μὴ
1406 2611 1583 2675 δόξαν,
1622 2612 1697 2680 μὴ
1730 2611 1861 2665 κάλ-

297 2698 389 2760 λος
411 2698 507 2751 τοῦ
539 2700 728 2764 αἰῶνος
760 2702 971 2765 τούτου,
1002 2702 1136 2773 μηδὲ
1167 2700 1403 2754 τοιοῦτον
1444 2701 1861 2771 μεταδιώκοντα,

302 2792 380 2860 μὴ
408 2791 600 2859 ἔχοντα
638 2791 742 2845 ποῦ
780 2793 881 2862 τὴν
923 2793 1164 2863 κεφαλὴν
1207 2793 1509 2858 ἀνακλῖναι,
1539 2792 1865 2862 ὀνειδιζόμε-

298 2898 393 2934 νον
433 2883 529 2936 καὶ
575 2882 1037 2954 ἐξουθενούμενον,
1068 2884 1165 2938 κα)⁵
1208 2885 1426 2938 πάντων
1470 2884 1769 2955 παρόραμα
1803 2901 1863 2937 τε

301 2973 396 3023 καὶ
436 2973 813 3043 καταπάτημα
860 2972 1228 3044 λογιζόμενον,
1273 2974 1679 3045 πολεμούμενον
1722 2974 1864 3043 ἀφα-

299 3062 408 3123 νῶς
428 3079 487 3115 τε
512 3064 607 3115 καὶ
639 3065 907 3135 φανερῶς,
942 3067 1035 3118 καὶ
1062 3068 1128 3135 τῇ
1154 3066 1364 3136 διανοίᾳ
1402 3067 1860 3136 ἀντιμαχόμενον·

1963 623 2104 661 mam
2144 614 2381 676 oportet,
2414 622 2483 660 ne
2516 602 2735 674 quando
2762 601 2849 656 vel
2878 601 3098 655 minima
3143 601 3228 656 sui
3261 608 3417 670 parte
3457 603 3525 657 ab

1961 699 2269 754 adversaria
2294 706 2557 768 potestate
2580 695 2846 765 capiatur.
2873 692 3027 747 Sicut
3057 694 3206 747 enim
3235 693 3528 762 illaqueato

1961 790 2207 860 quolibet
2242 789 2494 843 aiiimalis
2535 787 2803 851 membro,
2850 792 3024 840 totum
3068 783 3269 839 inﬂecti
3303 799 3530 837 necesse

1961 892 2066 946 est,
2108 891 2164 936 et
2197 882 2252 934 in
2290 880 2608 935 venantium
2654 893 2850 933 manus
2886 877 3063 940 cadit;
3112 877 3191 930 sie
3235 885 3292 929 et
3336 876 3530 927 animae

1962 974 2161 1029 similia
2200 971 2269 1025 ab
2311 970 2564 1024 hostibus
2593 969 2914 1039 contingere
2946 966 3143 1020 solent.
3175 966 3243 1020 Et
3266 965 3371 1018 hoc
3411 979 3527 1016 ma-

1963 1064 2160 1119 nifeste
2217 1060 2500 1119 denuntiat
2539 1058 2844 1129 prepheta:
2898 1057 3200 1127 Laqueum,
3252 1054 3527 1124 inquiens.

1968 1157 2127 1229 184
2176 1162 2497 1226 paraverunt
2548 1151 2763 1223 pedibus
2812 1153 2969 1217 meis,
3023 1160 3073 1205 et
3121 1152 3529 1205 incursaverant

1965 1257 2202 1307 animum
2234 1268 2405 1305 meam
2420 1251 2486 1306 “.

2035 1345 2149 1400 XV.
2187 1344 2413 1414 Oportet
2451 1344 2723 1399 volentem
2760 1358 2858 1412 per
2891 1347 3181 1410 angustum
3221 1338 3428 1393 aditum
3474 1335 3529 1388 in

1966 1436 2188 1490 domum
2234 1433 2392 1488 fortis
2439 1432 2649 1503 ingredi
2683 1441 2738 1486 et
2781 1446 2908 1485 vasa
2956 1430 3076 1499 ejus
3117 1427 3379 1495 diripere,
3418 1439 3530 1478 non

1968 1528 2251 1596 indulgere
2295 1525 2507 1580 deliciis
2551 1523 2821 1593 corporis,
2867 1520 2961 1575 sed
2995 1518 3344 1573 corroborari
3386 1516 3529 1568 bono

1965 1619 2186 1687 spiritu,
2232 1630 2529 1670 memorem
2558 1616 2697 1684 ejus,
2732 1614 2826 1681 qui
2856 1612 2994 1666 dixit
3020 1630 3033 1664 :
3071 1610 3213 1664 Caro
3240 1616 3287 1661 et
3312 1608 3527 1675 sanguis

1966 1724 2183 1777 regnum
2239 1706 2335 1760 Dei
2384 1722 2487 1759 non
2521 1705 2846 1774 possidebunt
2872 1703 2937 1755 ⁸³.
2986 1701 3105 1766 Quo
3144 1710 3325 1754 autem
3366 1698 3530 1751 modo

1970 1801 2119 1854 illum
2160 1804 2377 1866 oportet
2406 1794 2752 1849 corroborari
2778 1793 3018 1862 spiritu?
3046 1792 3102 1846 Si
3130 1791 3375 1845 attendat
3394 1791 3510 1858 Apo

1964 1892 2103 1945 stolo
2125 1886 2367 1942 dicenti:
2402 1885 2494 1939 Dei
2520 1885 2837 1951 sapientiam
2860 1885 3097 1952 reputari
3135 1882 3201 1934 ab
3226 1881 3528 1933 llOlIliuibllS

1962 1982 2243 2037 sutltitiam
2262 1981 2330 2034 “.
2390 1977 2491 2033 Cui
2553 1976 2817 2046 propheta
2869 1974 3195 2034 concinens,
3246 1972 3370 2024 ait:
3416 1968 3529 2023 Vidi

1962 2071 2152 2125 Filium
2177 2070 2399 2124 hominis
2418 2076 2463 2120 et
2490 2068 2680 2136 species
2698 2066 2810 2133 ejus
2832 2066 3147 2117 inhonorata
3175 2060 3318 2128 infra
3351 2075 3527 2112 omnes

1963 2165 2100 2235 ﬁlios
2154 2161 2505 2216 hominum".
2556 2156 2786 2226 Oportet
2844 2156 3008 2225 igitur
3058 2167 3206 2217 eum,
3263 2152 3358 2220 qui
3412 2151 3529 2204 vult

1965 2255 2110 2308 filius
2140 2252 2238 2306 Dei
2283 2251 2421 2315 ﬁeri,
2453 2249 2609 2318 prius
2631 2246 2881 2302 similiter
2904 2244 3202 2308 humiliari,
3228 2251 3282 2297 et
3302 2243 3526 2297 stultum

1965 2344 2366 2415 ignobilemque
2405 2340 2682 2410 reputari;
2728 2353 2838 2392 non
2875 2343 3217 2390 avertentem
3265 2334 3457 2387 faciem
3497 2349 3527 2387 τι

1964 2438 2160 2506 sputis,
2193 2451 2294 2490 nec
2326 2434 2553 2506 gloriam
2576 2446 2679 2487 nec
2705 2431 2960 2485 decorem
2988 2426 3181 2481 mundi
3218 2426 3399 2495 hujus,
3434 2434 3531 2477 aut

1963 2528 2169 2597 aliquid
2218 2527 2395 2581 simile
2445 2530 2904 2594 prosequentem;
2952 2535 3062 2573 non
3112 2519 3403 2573 habentem
3435 2516 3528 2569 ubi

1962 2628 2127 2689 caput
2174 2618 2430 2682 reclinet;
2486 2615 2797 2686 opprobriis
2844 2613 3125 2676 obrutum,
3179 2610 3339 2663 nihili
3370 2608 3529 2661 habi-

1965 2719 2110 2775 tum,
2164 2725 2264 2779 pro
2310 2707 2627 2777 despicabili
2675 2714 2732 2758 et
2787 2704 2950 2773 digno
2997 2701 3091 2771 qui
3147 2700 3215 2755 ab
3275 2699 3533 2753 omnibus

1963 2794 2364 2861 conculcetur,'
2398 2804 2740 2865 reputatum;
2789 2801 3159 2863 oppugnatum
3207 2790 3424 2844 occulto
3468 2804 3533 2843 ac

1963 2893 2159 2961 palam,
2193 2899 2251 2944 et
2275 2897 2458 2943 mente
2486 2888 2881 2953 reluctantem;
2917 2895 2973 2940 et
3002 2893 3133 2939 tunc
3164 2884 3278 2952 ipse
3311 2884 3407 2937 Dei
3439 2884 3531 2937 Fi-

1962 2982 2094 3047 lius;
2137 2982 2271 3051 ipse,
2315 2980 2556 3050 inquam,
2589 2977 2683 3047 qui
2724 2976 2897 3030 dixit:
2932 2975 3240 3029 Inhabitabo
3271 2982 3319 3025 et
3345 2974 3533 3025 ambu-

1966 3073 2083 3127 labo
2111 3075 2165 3126 in
2192 3073 2330 3126 vobis
2348 3072 2415 3135 ”,
2447 3069 2794 3124 manifestum
2828 3082 2885 3121 se
2914 3065 3180 3134 praebebit
3210 3067 3327 3133 ejus
3355 3063 3530 3127 cordi,

300 3156 398 3206 καὶ
440 3155 563 3207 τότε
591 3156 751 3219 αὐτὸς
798 3160 828 3211 ὀ
867 3158 961 3210 τοῦ
1006 3158 1142 3211 Θεοῦ
1182 3160 1327 3225 Υίὸς,
1357 3161 1516 3223 αὑτός
1549 3178 1612 3229 γε
1653 3162 1851 3215 εἰπών’
1882 3165 1926 3224 C
1957 3178 1980 3217 ε

1840 3179 1851 3194 '
1882 3165 1926 3224 ϐ
1957 3171 2013 3217 et
2046 3163 2163 3232 ipse
2200 3162 2429 3232 accipiet
2480 3160 2739 3213 virtutem
2780 3166 2835 3212 et
2868 3157 3037 3210 robur
3066 3155 3133 3209 ad
3167 3154 3520 3209 vinciendum

313 3244 638 3311 Ἐνοικήσω
676 3246 774 3299 καί
811 3248 1271 3317 ἐμπεριπατήσω
1311 3251 1382 3302 ἐν
1415 3252 1580 3321 ὑμῖν,
1619 3254 1867 3323 ἐμφανὴς

301 3334 458 3387 ἔσται
505 3338 568 3407 τῇ
620 3337 786 3390 αὑτοῦ
838 3339 1055 3410 καρδίᾳ,
1087 3340 1181 3392 καὶ
1227 3339 1459 3409 λήψεται
1508 3341 1744 3412 δύναμιν
1774 3346 1866 3395 καὶ

305 3426 483 3494 ἰσχὺν,
513 3429 651 3481 ὥστε
701 3428 977 3497 δεσμῶσαι
1022 3430 1118 3484 τὸν
1175 3433 1414 3501 ἰσχυρὸν,
1448 3432 1539 3484 καὶ
1578 3433 1644 3485 τὰ
1694 3434 1863 3502 σκεύη

304 3516 472 3569 αὑτοῦ
510 3516 844 3587 διαρπάσαι*
879 3520 971 3572 ἐπὶ
1016 3519 1215 3572 ἀσπίδα
1264 3538 1325 3574 τε
1384 3523 1478 3575 καὶ
1534 3521 1865 3591 βασιλίσκον,

302 3609 398 3659 καὶ
417 3607 601 3660 ἐπάνω
627 3608 901 3678 σκορπίων
929 3609 1024 3661 καὶ
1055 3610 1228 3678 ὄφεων
1248 3610 1523 3681 ἐπιϐῆναι.

378 3699 494 3763 lq'.
530 3699 604 3750 Οὐ
655 3699 849 3767 μικρὸς
886 3701 1015 3769 ἡμῖν
1049 3701 1196 3766 ἁγὼν
1240 3701 1546 3772 πρόκειται,
1578 3703 1865 3775 διαρρῆξαι

300 3788 394 3841 τὸν
444 3790 691 3843 θάνατον.
721 3792 856 3860 Φησὶ
886 3792 1014 3860 γὰρ,
1059 3791 1131 3845 Ἠ
1150 3793 1437 3855 ,ϐασιλειά
1465 3794 1570 3847 τοῦ
1602 3797 1747 3849 Θεοῦ
1773 3798 1867 3851 ἐν-

302 3877 408 3941 τὸς
458 3877 625 3945 ὑμῶν
677 3879 867 3933 ἐστιν.
907 3879 1230 3950 Εὑρίσκεται
1262 3882 1318 3933 δὲ
1370 3883 1569 3952 τρόπον
1617 3886 1739 3937 τινὰ
1772 3888 1867 3940 καὶ

300 3964 464 4026 αὐτὸς
494 3965 569 4017 ῶν
611 3968 761 4030 ἐντὸς
788 3970 815 4021 ὁ
850 3968 1101 4038 πολεμῶν
1136 3972 1281 4039 ἡμᾶς
1309 3974 1398 4023 καὶ
1430 3972 1865 4042 αἰχμαλωτίζων.

301 4058 394 4126 Μὴ
436 4053 528 4109 οὖν
572 4058 821 4113 ἐνδιδότω
864 4061 1129 4129 μηδαμῶς
1159 4064 1192 4131 ἡ
1226 4062 1391 4133 ψυχὴ,
1425 4064 1527 4127 ἕως
1573 4065 1636 4119 ἂν
1672 4068 1865 4136 νεκρὸν

300 4148 421 4218 θείη
470 4149 560 4200 τὸν
603 4150 807 4217 ταύτην
852 4152 1319 4219 αἰχμαλωτίζοντά
1342 4171 1354 4184 ·
1384 4156 1476 4207 καὶ
1497 4156 1615 4207 τότε
1644 4157 1864 4224 διαφεύ-

300 4239 452 4303 ξεται
498 4239 657 4309 ὀδύνη
704 4243 855 4293 πᾶσα
908 4242 1001 4294 καὶ
1038 4242 1179 4313 λύπη
1212 4245 1307 4298 καὶ
1333 4246 1655 4315 στεναγμὸς,
1688 4247 1774 4299 διὰ
1803 4248 1863 4299 τὸ

300 4333 535 4399 ῥαγῆναι
564 4331 705 4400 ὕδωρ
744 4333 799 4385 ἐν
832 4336 900 4403 γῇ
934 4333 1162 4405 διψώσῃ,
1192 4336 1284 4388 καὶ
1308 4335 1559 4402 γενέσθαι
1606 4338 1703 4407 τὴν
1730 4338 1859 4408 ἕρη-

299 4438 401 4491 μον
426 4422 507 4483 εἰς
531 4423 729 4492 πλῆθος
761 4425 985 4479 ὑδάτων.

1969 3254 2167 3308 fortem
2212 3264 2267 3307 et
2303 3268 2431 3306 vasa
2458 3254 2576 3322 ejus
2601 3248 2950 3320 diripienda;
2980 3248 3113 3317 quin
3144 3255 3198 3302 et
3233 3247 3298 3302 ad
3339 3247 3531 3300 ambu-

1970 3344 2190 3398 landum
2237 3359 2401 3413 super
2443 3342 2688 3411 aspidem
2711 3350 2767 3395 et
2798 3339 3197 3401 basiliscum",
3235 3348 3292 3394 et
3323 3338 3389 3392 ad
3428 3336 3537 3392 cal-

1970 3435 2204 3491 candum
2235 3448 2400 3505 supra
2434 3435 2751 3503 scorpiones
2770 3439 2827 3486 et
2854 3437 3138 3500 serpentes
3156 3429 3220 3481 ".

2041 3705 2177 3761 XVI.
2228 3706 2344 3759 Non
2392 3721 2615 3774 parvum
2662 3704 2820 3757 nobis
2868 3713 3145 3755 certamen
3193 3699 3531 3770 propositum

1970 3808 2071 3857 est.
2107 3800 2236 3851 dum
2269 3796 2648 3866 perfringenda
2671 3806 2754 3848 est
2782 3808 2948 3846 mors.
2973 3791 3061 3845 Ait
3080 3791 3224 3844 enim
3252 3808 3263 3841 :
3298 3789 3534 3858 Regnum

1970 3888 2066 3940 Dei
2093 3889 2232 3941 intra
2267 3904 2352 3940 vos
2398 3896 2469 3939 est
2494 3888 2572 3949 99;
2604 3886 2676 3938 ita
2708 3883 2978 3951 reperitur
3012 3897 3229 3950 quoque
3261 3880 3403 3933 intra
3434 3895 3535 3932 nos

1972 3976 2132 4028 modo
2166 3975 2422 4044 quodam,
2454 3974 2545 4041 qui
2572 3988 2670 4025 nos
2700 3972 2983 4040 impugnat
3007 3980 3061 4023 et
3092 3970 3335 4037 captivos
3359 3968 3527 4022 ducit.

1968 4064 2045 4117 Ne
2093 4066 2258 4134 igitur
2289 4066 2526 4117 remittat
2562 4071 2816 4117 conatum
2844 4061 3045 4123 anima,
3075 4059 3254 4128 quoad
3287 4060 3529 4113 occisum

1969 4166 2093 4209 ante
2139 4170 2195 4208 se
2225 4156 2477 4208 straverit
2506 4155 2868 4223 captivantem
2906 4167 2983 4204 se.
3021 4151 3089 4205 Et
3130 4161 3259 4204 tunc
3290 4150 3534 4219 aufugiet

1968 4246 2121 4298 dolor
2156 4245 2334 4298 omnis
2371 4254 2426 4297 et
2454 4258 2656 4297 mmror
2688 4251 2743 4296 et
2774 4243 3031 4311 gemitus,
3065 4257 3132 4295 eo
3159 4241 3305 4309 quod
3331 4256 3531 4309 erupe-

1968 4337 2038 4390 rit
2066 4352 2203 4404 aqua
2235 4336 2287 4388 in
2316 4344 2459 4387 terra
2489 4334 2716 4397 sitienti,
2768 4342 2823 4387 et
2869 4334 3147 4388 desertum
3185 4334 3389 4402 stagnis
3418 4334 3529 4402 jam

1964 4444 2227 4497 aquarum
2260 4428 2555 4480 inundetur
2572 4426 2610 4478 ¹.

372 4516 467 4567 ΙΖ’.
505 4514 664 4585 Ψυχὴ
723 4514 991 4585 ἁλώσιμος
1038 4517 1237 4587 ἀκηδίᾳ
1286 4517 1442 4587 δῆλός
1505 4520 1621 4571 ἐστι
1698 4521 1863 4573 κατά·
1896 4504 1937 4557 [³
2038 4519 2052 4572 Ἰ

1851 4550 1863 4561 -
1896 4504 1937 4557 [³
2038 4519 2196 4572 XVII.
2222 4518 2351 4583 Quae
2374 4516 2530 4569 facile
2557 4515 2763 4567 incuria
2784 4514 2995 4582 capitur
3018 4514 3219 4576 anima,
3248 4512 3531 4565 manifeste

298 4625 489 4675 σχετος
530 4603 664 4660 οῦσα
707 4609 801 4659 καὶ
838 4609 1097 4678 άπισειτίιξι⁸
1137 4611 1227 4662 καὶ
1252 4610 1338 4662 διὰ
1371 4610 1525 4663 τοῦτο
1559 4612 1771 4683 ἡμέραν
1806 4612 1862 4678 ἐξ

296 4700 512 4770 ἡμέρας
557 4699 933 4769 ὑπερϐιϐάζει,
966 4700 1055 4751 τὸν
1090 4700 1246 4767 λόγον
1302 4701 1361 4753 οὐ
1398 4701 1657 4771 δεχομένη
1688 4720 1698 4732 ·
1733 4706 1862 4754 ἁνα-

298 4792 493 4859 πτεροῖ
540 4790 594 4843 δὲ
636 4791 834 4860 ἑαυτὴν
872 4791 962 4843 καί
996 4791 1225 4862 ὀνείροις
1271 4791 1551 4857 πολλάκις,
1581 4793 1673 4845 τὸν
1716 4794 1863 4856 ἐντὸς

302 4884 378 4951 μὴ
413 4882 749 4935 κατανοοῦσα
776 4884 1030 4952 πόλεμον,
1061 4885 1155 4936 ἆτε
1190 4885 1365 4954 οἰήσει
1418 4884 1825 4953 κατειλημμένη
1846 4903 1858 4915 υ

289 4974 332 5042 ,ἡ
362 4972 417 5024 δὲ
445 4973 619 5041 οῖησις
665 4972 911 5044 πύρωσίς
945 4974 1058 5025 ἐστι
1106 4974 1204 5042 τῆς
1232 4972 1428 5043 ψυχῆς,
1474 4973 1708 5042 οὐδαμοῦ
1757 4975 1862 5042 ἀφ-

299 5064 444 5117 ιεῖσα
465 5062 566 5133 τὴν
589 5064 787 5133 ἑαυτῆς
817 5063 1099 5118 ἀσθένειαν
1131 5065 1444 5133 ἐπιγνῶναι.

372 5252 476 5304 IH'.
515 5251 725 5320 Ὠσπερ
772 5251 971 5322 βρέφος
1017 5251 1261 5318 νεογενὲς
1292 5250 1476 5304 εἰκόνα
1516 5267 1609 5302 του
1652 5251 1859 5304 τελείου

297 5343 552 5406 διασώζει
590 5342 801 5413 ἀνδρὸς,
836 5342 980 5394 οὕτω
1008 5341 1071 5409 δὴ
1122 5342 1386 5411 καὶψυχὴ
1433 5342 1593 5394 εἰκών
1632 5342 1715 5403 τίς
1749 5345 1861 5395 ἐστι

294 5434 390 5486 τοῦ
423 5434 783 5502 πεποιηκότος
808 5434 980 5500 αὐτὴν
1035 5431 1192 5486 Θεοῦ.
1234 5432 1323 5495 Ὠς
1370 5429 1462 5485 οῦν
1506 5434 1599 5485 καὶ
1652 5434 1861 5486 παιδίον

300 5526 441 5580 κατὰ
474 5524 638 5595 μέρος
669 5525 767 5592 μὲν
792 5524 1156 5594 αὐξανόμενον
1183 5526 1247 5576 ἐκ
1278 5523 1478 5595 μέρους
1510 5524 1860 5590 ἐπιγινώσκει

369 5705 414 5733 ⁹¹
454 5701 652 5757 ,Ιοι-ιειίι.
704 5720 851 5765 XVIII,
892 5704 977 5756 ‘22.
1084 5704 1129 5734 ”
1164 5705 1181 5758 1
1223 5704 1347 5758 Cor.
1393 5721 1477 5767 xv,
1524 5706 1606 5757 50.

300 5790 443 5838 nu,
490 5776 569 5827 1:2.
645 5775 685 5805 υτ
729 5774 866 5827 l’saI.
913 5790 994 5834 ac,
1038 5775 1119 5827 15.
1198 5774 1243 5806 ν⁸
1286 5775 1417 5829 Luc.
1456 5790 1505 5836 κ,
1558 5777 1633 5827 lii.

1711 5704 1754 5734 “
1792 5704 1807 5757 Ι
1839 5702 1965 5756 Cor.
2002 5721 2037 5765 I,
2071 5703 2157 5755 ‘25.

1712 5776 1754 5803 ³⁸
1792 5774 1915 5825 Luc
1969 5790 2089 5827 xm.
2124 5772 2208 5823 τιι.

1964 4614 2249 4668 monstrat,
2295 4606 2683 4661 incredulitate
2714 4619 2771 4658 se
2798 4604 2968 4657 fuisse
3000 4612 3248 4671 captam:
3296 4617 3359 4655 ac
3402 4618 3532 4671 pro—

1963 4712 2149 4768 pterea
2179 4698 2325 4751 diem
2365 4714 2429 4751 ex
2470 4697 2558 4751 die
2600 4696 2794 4766 ignave
2835 4694 3099 4748 morando
3129 4694 3378 4755 traxisse,
3407 4708 3531 4745 ver-

1962 4790 2092 4843 bum
2142 4788 2332 4841 salutis
2384 4802 2491 4840 non
2552 4786 2930 4854 accipientem.
2989 4783 3138 4836 Alias
3186 4792 3367 4836 autem
3424 4781 3527 4835 sibi

1964 4880 2118 4949 ﬁngit
2149 4879 2404 4933 inanibus
2428 4891 2568 4945 saepe
2602 4875 2828 4929 somniis
2853 4882 2907 4928 et
2943 4889 3054 4927 non
3085 4872 3529 4926 animadvertetis

1965 4973 2283 5027 intestinum
2322 4972 2557 5035 bellum;
2616 4978 2826 5038 utpote,
2853 4984 2991 5022 vana
3013 4969 3095 5023 sui
3121 4978 3276 5036 capta
3310 4967 3527 5031 fiducia,

1962 5083 2082 5137 quae
2119 5066 2333 5121 caecitas
2376 5064 2572 5119 animae
2608 5072 2713 5126 est,
2752 5078 2863 5117 non
2904 5064 3090 5117 sinens
3123 5062 3266 5115 illam
3296 5060 3530 5131 pr0priaa

1968 5163 2244 5215 consciam
2276 5156 2607 5212 infirmitatis
2644 5171 2783 5210 esse.

2037 5253 2221 5309 XVIII.
2251 5250 2405 5304 Sicut
2433 5248 2610 5303 infans
2638 5261 2827 5301 recens
2848 5253 3009 5298 natus
3039 5243 3265 5299 formam
3295 5240 3524 5311 perfecti

1967 5355 2150 5400 servat
2180 5344 2304 5407 viri,
2340 5340 2413 5394 ita
2449 5347 2505 5394 et
2542 5337 2721 5392 anima
2768 5335 2946 5404 imago
2994 5334 3239 5404 quaedam
3286 5342 3370 5385 est
3405 5332 3523 5395 Dei,

1967 5437 2061 5503 qui
2085 5434 2213 5487 fecit
2236 5432 2425 5500 ipsam.
2457 5429 2527 5483 Ut
2557 5426 2720 5497 igitur
2744 5424 2945 5479 sensim
2977 5438 3115 5493 puer
3144 5429 3199 5475 et
3220 5436 3315 5491 per
3345 5430 3527 5491 partes

1968 5540 2248 5585 crescens,
2282 5521 2474 5589 incipit
2510 5535 2576 5573 ex
2618 5525 2771 5587 parte
2813 5525 3019 5585 patrem
3064 5527 3391 5584 agnoscere;
3430 5510 3524 5565 ubi

2270 5702 2314 5731 "
2358 5700 2457 5752 Isa.
2502 5712 2609 5758 LIII,
2646 5696 2698 5748 ‘2.
2801 5695 2845 5725 "
2890 5694 2934 5748 Il
2979 5693 3104 5748 Cor.
3144 5708 3217 5753 vt,
3258 5691 3352 5751 12;
3390 5688 3519 5742 ltev.

2295 5771 2306 5800 '
2356 5770 2455 5823 lsa.
2508 5783 2661 5829 xxxv,
2709 5768 2763 5827 l5,
2805 5766 2853 5818 7.
