  <div class='ocr_page' id='page_1' title='image "/cluster/home/n/w/nwhite01/storage/ocr_20150623/34/nnc1.0046978860/449.png"; bbox 0 0 4254 6358; ppageno 0'>
   <div class='ocr_carea' id='block_1_1' title="bbox 728 421 836 488">
    <p class='ocr_par' dir='ltr' id='par_1_1' title="bbox 728 421 836 488">
     <span class='ocr_line' id='line_1_1' title="bbox 728 421 836 488; baseline -0.019 0"><span class='ocrx_word' id='word_1_1' title='bbox 728 421 836 488; x_wconf 82' lang='lat'><strong>879</strong></span> 
     </span>
    </p>
   </div>
   <div class='ocr_carea' id='block_1_2' title="bbox 2000 418 2795 485">
    <p class='ocr_par' dir='ltr' id='par_1_2' title="bbox 2000 418 2795 485">
     <span class='ocr_line' id='line_1_2' title="bbox 2000 418 2795 485; baseline 0.001 -5"><span class='ocrx_word' id='word_1_2' title='bbox 2000 421 2060 480; x_wconf 92' lang='lat' dir='ltr'><strong>S.</strong></span> <span class='ocrx_word' id='word_1_3' title='bbox 2104 420 2428 481; x_wconf 75' lang='lat' dir='ltr'><strong>MACARII</strong></span> <span class='ocrx_word' id='word_1_4' title='bbox 2469 418 2795 485; x_wconf 74' lang='grc' dir='ltr'><strong>ᾹζϐΥΡΊἹι</strong></span> 
     </span>
    </p>
   </div>
   <div class='ocr_carea' id='block_1_3' title="bbox 3906 418 4030 483">
    <p class='ocr_par' dir='ltr' id='par_1_3' title="bbox 3906 418 4030 483">
     <span class='ocr_line' id='line_1_3' title="bbox 3906 418 4030 483; baseline 0 -3"><span class='ocrx_word' id='word_1_5' title='bbox 3906 418 4030 483; x_wconf 83' lang='lat'><strong>880</strong></span> 
     </span>
    </p>
   </div>
   <div class='ocr_carea' id='block_1_4' title="bbox 730 533 2410 610">
    <p class='ocr_par' dir='ltr' id='par_1_4' title="bbox 730 533 2393 605">
     <span class='ocr_line' id='line_1_4' title="bbox 730 533 2393 605; baseline 0.001 -18"><span class='ocrx_word' id='word_1_6' title='bbox 730 550 865 591; x_wconf 75' lang='lat' dir='ltr'><strong>vero</strong></span> <span class='ocrx_word' id='word_1_7' title='bbox 896 534 1114 605; x_wconf 89' lang='lat' dir='ltr'><strong>plenius</strong></span> <span class='ocrx_word' id='word_1_8' title='bbox 1142 533 1465 599; x_wconf 88' lang='lat' dir='ltr'><strong>adoleverit,</strong></span> <span class='ocrx_word' id='word_1_9' title='bbox 1505 544 1638 591; x_wconf 92' lang='lat' dir='ltr'><strong>tunc</strong></span> <span class='ocrx_word' id='word_1_10' title='bbox 1667 548 1778 590; x_wconf 94' lang='lat' dir='ltr'><strong>non</strong></span> <span class='ocrx_word' id='word_1_11' title='bbox 1812 534 1927 591; x_wconf 92' lang='lat' dir='ltr'><strong>fere</strong></span> <span class='ocrx_word' id='word_1_12' title='bbox 1958 534 2142 589; x_wconf 84' lang='lat' dir='ltr'><strong>minus</strong></span> <span class='ocrx_word' id='word_1_13' title='bbox 2165 535 2314 589; x_wconf 89' lang='lat' dir='ltr'><strong>clare</strong></span> <span class='ocrx_word' id='word_1_14' title='bbox 2342 536 2393 595; x_wconf 77' lang='grc' dir='ltr'><strong>Α</strong></span> 
     </span>
    </p>
   </div>
   <div class='ocr_carea' id='block_1_5' title="bbox 2345 533 4025 610">
    <p class='ocr_par' dir='ltr' id='par_1_5' title="bbox 2345 534 4025 610">
     <span class='ocr_line' id='line_1_5' title="bbox 2345 534 4025 610; baseline 0 -23"><span class='ocrx_word' id='word_1_15' title='bbox 2345 536 2393 595; x_wconf 75' lang='grc' dir='ltr'><strong>Α</strong></span> <span class='ocrx_word' id='word_1_16' title='bbox 2418 534 2512 588; x_wconf 83' lang='grc' dir='ltr'><strong>καὶ</strong></span> <span class='ocrx_word' id='word_1_17' title='bbox 2544 535 2639 588; x_wconf 81' lang='grc' dir='ltr'><strong>τὸν</strong></span> <span class='ocrx_word' id='word_1_18' title='bbox 2668 538 2914 606; x_wconf 76' lang='grc' dir='ltr'><strong>πατίραο</strong></span> <span class='ocrx_word' id='word_1_19' title='bbox 2950 534 3173 590; x_wconf 77' lang='grc' dir='ltr'><strong>ἐπειδάν</strong></span> <span class='ocrx_word' id='word_1_20' title='bbox 3218 536 3277 590; x_wconf 89' lang='grc' dir='ltr'><strong>δέ</strong></span> <span class='ocrx_word' id='word_1_21' title='bbox 3321 538 3403 602; x_wconf 88' lang='grc' dir='ltr'><strong>εῖς</strong></span> <span class='ocrx_word' id='word_1_22' title='bbox 3447 536 3665 610; x_wconf 76' lang='grc' dir='ltr'><strong>ἡλικίαν</strong></span> <span class='ocrx_word' id='word_1_23' title='bbox 3714 535 4025 605; x_wconf 74' lang='grc' dir='ltr'><strong>ἀφίκηται.</strong></span> 
     </span>
    </p>
   </div>
   <div class='ocr_carea' id='block_1_6' title="bbox 733 623 2311 696">
    <p class='ocr_par' dir='ltr' id='par_1_6' title="bbox 733 623 2311 696">
     <span class='ocr_line' id='line_1_6' title="bbox 733 623 2311 696; baseline 0 -18"><span class='ocrx_word' id='word_1_24' title='bbox 733 624 851 696; x_wconf 87' lang='lat' dir='ltr'><strong>ipse</strong></span> <span class='ocrx_word' id='word_1_25' title='bbox 890 633 1123 695; x_wconf 77' lang='lat' dir='ltr'><strong>patrem,</strong></span> <span class='ocrx_word' id='word_1_26' title='bbox 1156 639 1322 696; x_wconf 91' lang='lat' dir='ltr'><strong>quam</strong></span> <span class='ocrx_word' id='word_1_27' title='bbox 1369 635 1526 696; x_wconf 86' lang='lat' dir='ltr'><strong>pater</strong></span> <span class='ocrx_word' id='word_1_28' title='bbox 1564 626 1745 696; x_wconf 87' lang='lat' dir='ltr'><strong>ipsum</strong></span> <span class='ocrx_word' id='word_1_29' title='bbox 1787 624 1969 679; x_wconf 94' lang='lat' dir='ltr'><strong>noscit</strong></span> <span class='ocrx_word' id='word_1_30' title='bbox 1997 638 2061 679; x_wconf 90' lang='lat' dir='ltr'><strong>ac</strong></span> <span class='ocrx_word' id='word_1_31' title='bbox 2093 623 2311 694; x_wconf 88' lang='lat' dir='ltr'><strong>diligit;</strong></span> 
     </span>
    </p>
   </div>
   <div class='ocr_carea' id='block_1_7' title="bbox 734 717 2317 789">
    <p class='ocr_par' dir='ltr' id='par_1_7' title="bbox 734 717 2317 789">
     <span class='ocr_line' id='line_1_7' title="bbox 734 717 2317 789; baseline 0.001 -17"><span class='ocrx_word' id='word_1_32' title='bbox 734 732 799 772; x_wconf 90' lang='lat' dir='ltr'><strong>ac</strong></span> <span class='ocrx_word' id='word_1_33' title='bbox 830 717 925 773; x_wconf 90' lang='lat' dir='ltr'><strong>tali</strong></span> <span class='ocrx_word' id='word_1_34' title='bbox 964 718 1077 789; x_wconf 84' lang='lat' dir='ltr'><strong>jam</strong></span> <span class='ocrx_word' id='word_1_35' title='bbox 1105 717 1416 774; x_wconf 72' lang='lat' dir='ltr'><strong>ostenditur</strong></span> <span class='ocrx_word' id='word_1_36' title='bbox 1450 720 1621 789; x_wconf 90' lang='lat' dir='ltr'><strong>patris</strong></span> <span class='ocrx_word' id='word_1_37' title='bbox 1651 718 1946 773; x_wconf 74' lang='lat' dir='ltr'><strong>thesaurus</strong></span> <span class='ocrx_word' id='word_1_38' title='bbox 1972 734 1985 770; x_wconf 85' lang='lat'><strong>:</strong></span> <span class='ocrx_word' id='word_1_39' title='bbox 2026 718 2107 772; x_wconf 86' lang='lat' dir='ltr'><strong>sic</strong></span> <span class='ocrx_word' id='word_1_40' title='bbox 2135 718 2317 773; x_wconf 90' lang='lat' dir='ltr'><strong>anima</strong></span> 
     </span>
    </p>
   </div>
   <div class='ocr_carea' id='block_1_8' title="bbox 736 806 2316 878">
    <p class='ocr_par' dir='ltr' id='par_1_8' title="bbox 736 806 2316 878">
     <span class='ocr_line' id='line_1_8' title="bbox 736 806 2316 878; baseline 0.001 -17"><span class='ocrx_word' id='word_1_41' title='bbox 736 821 962 877; x_wconf 91' lang='lat' dir='ltr'><strong>quoque</strong></span> <span class='ocrx_word' id='word_1_42' title='bbox 997 818 1125 863; x_wconf 86' lang='lat' dir='ltr'><strong>ante</strong></span> <span class='ocrx_word' id='word_1_43' title='bbox 1157 807 1586 864; x_wconf 89' lang='lat' dir='ltr'><strong>inohedientiam</strong></span> <span class='ocrx_word' id='word_1_44' title='bbox 1617 808 1933 878; x_wconf 90' lang='lat' dir='ltr'><strong>profectura</strong></span> <span class='ocrx_word' id='word_1_45' title='bbox 1967 806 2147 862; x_wconf 78' lang='lat' dir='ltr'><strong>fuerat</strong></span> <span class='ocrx_word' id='word_1_46' title='bbox 2176 818 2233 863; x_wconf 90' lang='lat' dir='ltr'><strong>et</strong></span> <span class='ocrx_word' id='word_1_47' title='bbox 2262 809 2316 863; x_wconf 92' lang='lat' dir='ltr'><strong>in</strong></span> 
     </span>
    </p>
   </div>
   <div class='ocr_carea' id='block_1_9' title="bbox 736 897 2320 969">
    <p class='ocr_par' dir='ltr' id='par_1_9' title="bbox 736 897 2320 969">
     <span class='ocr_line' id='line_1_9' title="bbox 736 897 2320 969; baseline 0.001 -18"><span class='ocrx_word' id='word_1_48' title='bbox 736 897 920 956; x_wconf 88' lang='lat' dir='ltr'><strong>virum</strong></span> <span class='ocrx_word' id='word_1_49' title='bbox 972 899 1279 969; x_wconf 74' lang='lat' dir='ltr'><strong>perfectura</strong></span> <span class='ocrx_word' id='word_1_50' title='bbox 1328 914 1661 965; x_wconf 90' lang='lat' dir='ltr'><strong>occursura;</strong></span> <span class='ocrx_word' id='word_1_51' title='bbox 1699 899 1795 954; x_wconf 90' lang='lat' dir='ltr'><strong>sed</strong></span> <span class='ocrx_word' id='word_1_52' title='bbox 1848 913 1948 968; x_wconf 91' lang='lat' dir='ltr'><strong>per</strong></span> <span class='ocrx_word' id='word_1_53' title='bbox 1998 898 2320 954; x_wconf 80' lang='lat' dir='ltr'><strong>inobedien-</strong></span> 
     </span>
    </p>
   </div>
   <div class='ocr_carea' id='block_1_10' title="bbox 739 987 2320 1060">
    <p class='ocr_par' dir='ltr' id='par_1_10' title="bbox 739 987 2320 1060">
     <span class='ocr_line' id='line_1_10' title="bbox 739 987 2320 1060; baseline 0.003 -21"><span class='ocrx_word' id='word_1_54' title='bbox 739 988 869 1041; x_wconf 90' lang='lat' dir='ltr'><strong>tiam</strong></span> <span class='ocrx_word' id='word_1_55' title='bbox 910 987 964 1041; x_wconf 93' lang='lat' dir='ltr'><strong>in</strong></span> <span class='ocrx_word' id='word_1_56' title='bbox 1003 990 1231 1059; x_wconf 77' lang='lat' dir='ltr'><strong>pelagus</strong></span> <span class='ocrx_word' id='word_1_57' title='bbox 1272 989 1565 1045; x_wconf 79' lang='lat' dir='ltr'><strong>oblivionis</strong></span> <span class='ocrx_word' id='word_1_58' title='bbox 1610 997 1667 1046; x_wconf 91' lang='lat' dir='ltr'><strong>et</strong></span> <span class='ocrx_word' id='word_1_59' title='bbox 1714 990 1771 1043; x_wconf 92' lang='lat' dir='ltr'><strong>in</strong></span> <span class='ocrx_word' id='word_1_60' title='bbox 1815 990 2073 1060; x_wconf 82' lang='lat' dir='ltr'><strong>abyssum</strong></span> <span class='ocrx_word' id='word_1_61' title='bbox 2111 990 2320 1044; x_wconf 90' lang='lat' dir='ltr'><strong>erroris</strong></span> 
     </span>
    </p>
   </div>
   <div class='ocr_carea' id='block_1_11' title="bbox 740 1077 2319 1151">
    <p class='ocr_par' dir='ltr' id='par_1_11' title="bbox 740 1077 2319 1151">
     <span class='ocr_line' id='line_1_11' title="bbox 740 1077 2319 1151; baseline 0.001 -20"><span class='ocrx_word' id='word_1_62' title='bbox 740 1077 1003 1148; x_wconf 88' lang='lat' dir='ltr'><strong>depressa</strong></span> <span class='ocrx_word' id='word_1_63' title='bbox 1032 1088 1145 1143; x_wconf 88' lang='lat' dir='ltr'><strong>est;</strong></span> <span class='ocrx_word' id='word_1_64' title='bbox 1178 1088 1342 1150; x_wconf 91' lang='lat' dir='ltr'><strong>atque</strong></span> <span class='ocrx_word' id='word_1_65' title='bbox 1375 1080 1430 1135; x_wconf 91' lang='lat' dir='ltr'><strong>in</strong></span> <span class='ocrx_word' id='word_1_66' title='bbox 1460 1081 1638 1151; x_wconf 89' lang='lat' dir='ltr'><strong>portis</strong></span> <span class='ocrx_word' id='word_1_67' title='bbox 1662 1080 1827 1135; x_wconf 91' lang='lat' dir='ltr'><strong>inferi</strong></span> <span class='ocrx_word' id='word_1_68' title='bbox 1849 1078 2200 1141; x_wconf 87' lang='lat' dir='ltr'><strong>inhabitavit,</strong></span> <span class='ocrx_word' id='word_1_69' title='bbox 2226 1078 2319 1133; x_wconf 90' lang='lat' dir='ltr'><strong>ubi</strong></span> 
     </span>
    </p>
   </div>
   <div class='ocr_carea' id='block_1_12' title="bbox 741 1169 2323 1227">
    <p class='ocr_par' dir='ltr' id='par_1_12' title="bbox 741 1169 2323 1227">
     <span class='ocr_line' id='line_1_12' title="bbox 741 1169 2323 1227; baseline -0.001 -2"><span class='ocrx_word' id='word_1_70' title='bbox 741 1170 854 1225; x_wconf 92' lang='lat' dir='ltr'><strong>lato</strong></span> <span class='ocrx_word' id='word_1_71' title='bbox 894 1170 1046 1225; x_wconf 92' lang='lat' dir='ltr'><strong>velut</strong></span> <span class='ocrx_word' id='word_1_72' title='bbox 1077 1171 1365 1225; x_wconf 87' lang='lat' dir='ltr'><strong>intervallo</strong></span> <span class='ocrx_word' id='word_1_73' title='bbox 1393 1171 1608 1227; x_wconf 86' lang='lat' dir='ltr'><strong>distans</strong></span> <span class='ocrx_word' id='word_1_74' title='bbox 1638 1185 1670 1224; x_wconf 88' lang='lat' dir='ltr'><strong>a</strong></span> <span class='ocrx_word' id='word_1_75' title='bbox 1702 1170 1814 1225; x_wconf 90' lang='lat' dir='ltr'><strong>Deo</strong></span> <span class='ocrx_word' id='word_1_76' title='bbox 1844 1170 2026 1225; x_wconf 89' lang='lat' dir='ltr'><strong>anima</strong></span> <span class='ocrx_word' id='word_1_77' title='bbox 2057 1169 2323 1225; x_wconf 83' lang='lat' dir='ltr'><strong>accedere</strong></span> 
     </span>
    </p>
   </div>
   <div class='ocr_carea' id='block_1_13' title="bbox 743 1261 2322 1333">
    <p class='ocr_par' dir='ltr' id='par_1_13' title="bbox 743 1261 2322 1333">
     <span class='ocr_line' id='line_1_13' title="bbox 743 1261 2322 1333; baseline -0.002 -15"><span class='ocrx_word' id='word_1_78' title='bbox 743 1261 812 1318; x_wconf 88' lang='lat' dir='ltr'><strong>ad</strong></span> <span class='ocrx_word' id='word_1_79' title='bbox 866 1262 1022 1317; x_wconf 87' lang='lat' dir='ltr'><strong>illum</strong></span> <span class='ocrx_word' id='word_1_80' title='bbox 1067 1262 1297 1333; x_wconf 87' lang='lat' dir='ltr'><strong>nequit,</strong></span> <span class='ocrx_word' id='word_1_81' title='bbox 1355 1272 1413 1319; x_wconf 90' lang='lat' dir='ltr'><strong>et</strong></span> <span class='ocrx_word' id='word_1_82' title='bbox 1464 1264 1612 1319; x_wconf 84' lang='lat' dir='ltr'><strong>clare</strong></span> <span class='ocrx_word' id='word_1_83' title='bbox 1662 1278 1964 1333; x_wconf 73' lang='lat' dir='ltr'><strong>agnoscere</strong></span> <span class='ocrx_word' id='word_1_84' title='bbox 2015 1270 2322 1317; x_wconf 82' lang='lat' dir='ltr'><strong>creatorem</strong></span> 
     </span>
    </p>
   </div>
   <div class='ocr_carea' id='block_1_14' title="bbox 744 1353 2315 1425">
    <p class='ocr_par' dir='ltr' id='par_1_14' title="bbox 744 1353 2315 1425">
     <span class='ocr_line' id='line_1_14' title="bbox 744 1353 2315 1425; baseline 0.001 -18"><span class='ocrx_word' id='word_1_85' title='bbox 744 1368 925 1408; x_wconf 86' lang='lat' dir='ltr'><strong>suum.</strong></span> <span class='ocrx_word' id='word_1_86' title='bbox 975 1353 1047 1409; x_wconf 80' lang='lat' dir='ltr'><strong>At</strong></span> <span class='ocrx_word' id='word_1_87' title='bbox 1104 1354 1251 1409; x_wconf 88' lang='lat' dir='ltr'><strong>Deus</strong></span> <span class='ocrx_word' id='word_1_88' title='bbox 1325 1354 1569 1424; x_wconf 90' lang='lat' dir='ltr'><strong>primum</strong></span> <span class='ocrx_word' id='word_1_89' title='bbox 1609 1354 1831 1425; x_wconf 89' lang='lat' dir='ltr'><strong>quidem</strong></span> <span class='ocrx_word' id='word_1_90' title='bbox 1879 1368 1980 1424; x_wconf 91' lang='lat' dir='ltr'><strong>per</strong></span> <span class='ocrx_word' id='word_1_91' title='bbox 2016 1353 2315 1423; x_wconf 86' lang='lat' dir='ltr'><strong>prophetas</strong></span> 
     </span>
    </p>
   </div>
   <div class='ocr_carea' id='block_1_15' title="bbox 745 1445 2323 1515">
    <p class='ocr_par' dir='ltr' id='par_1_15' title="bbox 745 1445 2323 1515">
     <span class='ocr_line' id='line_1_15' title="bbox 745 1445 2323 1515; baseline 0 -16"><span class='ocrx_word' id='word_1_92' title='bbox 745 1452 1069 1499; x_wconf 83' lang='lat' dir='ltr'><strong>convertere</strong></span> <span class='ocrx_word' id='word_1_93' title='bbox 1126 1445 1383 1501; x_wconf 87' lang='lat' dir='ltr'><strong>studebat</strong></span> <span class='ocrx_word' id='word_1_94' title='bbox 1420 1445 1486 1500; x_wconf 91' lang='lat' dir='ltr'><strong>ad</strong></span> <span class='ocrx_word' id='word_1_95' title='bbox 1542 1460 1601 1501; x_wconf 90' lang='lat' dir='ltr'><strong>se</strong></span> <span class='ocrx_word' id='word_1_96' title='bbox 1654 1446 1826 1511; x_wconf 86' lang='lat' dir='ltr'><strong>illam,</strong></span> <span class='ocrx_word' id='word_1_97' title='bbox 1864 1453 1920 1500; x_wconf 88' lang='lat' dir='ltr'><strong>et</strong></span> <span class='ocrx_word' id='word_1_98' title='bbox 1954 1445 2323 1515; x_wconf 89' lang='lat' dir='ltr'><strong>provocabat,</strong></span> 
     </span>
    </p>
   </div>
   <div class='ocr_carea' id='block_1_16' title="bbox 746 1534 2327 1603">
    <p class='ocr_par' dir='ltr' id='par_1_16' title="bbox 746 1534 2327 1603">
     <span class='ocr_line' id='line_1_16' title="bbox 746 1534 2327 1603; baseline 0.003 -14"><span class='ocrx_word' id='word_1_99' title='bbox 746 1542 913 1603; x_wconf 87' lang='lat' dir='ltr'><strong>atque</strong></span> <span class='ocrx_word' id='word_1_100' title='bbox 941 1534 995 1587; x_wconf 92' lang='lat' dir='ltr'><strong>in</strong></span> <span class='ocrx_word' id='word_1_101' title='bbox 1028 1535 1280 1590; x_wconf 87' lang='lat' dir='ltr'><strong>notitiam</strong></span> <span class='ocrx_word' id='word_1_102' title='bbox 1308 1535 1558 1591; x_wconf 88' lang='lat' dir='ltr'><strong>trahebat</strong></span> <span class='ocrx_word' id='word_1_103' title='bbox 1578 1536 1683 1591; x_wconf 89' lang='lat' dir='ltr'><strong>sui.</strong></span> <span class='ocrx_word' id='word_1_104' title='bbox 1718 1537 2004 1591; x_wconf 88' lang='lat' dir='ltr'><strong>Postremo</strong></span> <span class='ocrx_word' id='word_1_105' title='bbox 2026 1536 2327 1593; x_wconf 85' lang='lat' dir='ltr'><strong>adveniens</strong></span> 
     </span>
    </p>
   </div>
   <div class='ocr_carea' id='block_1_17' title="bbox 746 1626 2327 1696">
    <p class='ocr_par' dir='ltr' id='par_1_17' title="bbox 746 1626 2327 1696">
     <span class='ocr_line' id='line_1_17' title="bbox 746 1626 2327 1696; baseline 0.003 -19"><span class='ocrx_word' id='word_1_106' title='bbox 746 1632 805 1677; x_wconf 87' lang='lat' dir='ltr'><strong>et</strong></span> <span class='ocrx_word' id='word_1_107' title='bbox 854 1638 1038 1677; x_wconf 89' lang='lat' dir='ltr'><strong>coram</strong></span> <span class='ocrx_word' id='word_1_108' title='bbox 1094 1626 1209 1693; x_wconf 75' lang='lat' dir='ltr'><strong>ipse</strong></span> <span class='ocrx_word' id='word_1_109' title='bbox 1260 1639 1549 1694; x_wconf 87' lang='lat' dir='ltr'><strong>apparens,</strong></span> <span class='ocrx_word' id='word_1_110' title='bbox 1607 1626 1940 1681; x_wconf 88' lang='lat' dir='ltr'><strong>oblivionem</strong></span> <span class='ocrx_word' id='word_1_111' title='bbox 1993 1626 2219 1696; x_wconf 89' lang='lat' dir='ltr'><strong>quidem</strong></span> <span class='ocrx_word' id='word_1_112' title='bbox 2274 1628 2327 1682; x_wconf 92' lang='lat' dir='ltr'><strong>ei</strong></span> 
     </span>
    </p>
   </div>
   <div class='ocr_carea' id='block_1_18' title="bbox 747 1714 2329 1789">
    <p class='ocr_par' dir='ltr' id='par_1_18' title="bbox 747 1714 2329 1789">
     <span class='ocr_line' id='line_1_18' title="bbox 747 1714 2329 1789; baseline 0.004 -20"><span class='ocrx_word' id='word_1_113' title='bbox 747 1714 993 1778; x_wconf 88' lang='lat' dir='ltr'><strong>abstulit,</strong></span> <span class='ocrx_word' id='word_1_114' title='bbox 1024 1731 1277 1771; x_wconf 91' lang='lat' dir='ltr'><strong>errorem</strong></span> <span class='ocrx_word' id='word_1_115' title='bbox 1312 1732 1530 1786; x_wconf 84' lang='lat' dir='ltr'><strong>quoque</strong></span> <span class='ocrx_word' id='word_1_116' title='bbox 1554 1717 1811 1772; x_wconf 85' lang='lat' dir='ltr'><strong>detraxit.</strong></span> <span class='ocrx_word' id='word_1_117' title='bbox 1840 1718 2072 1786; x_wconf 89' lang='lat' dir='ltr'><strong>Deinde,</strong></span> <span class='ocrx_word' id='word_1_118' title='bbox 2099 1726 2156 1775; x_wconf 90' lang='lat' dir='ltr'><strong>et</strong></span> <span class='ocrx_word' id='word_1_119' title='bbox 2182 1719 2329 1789; x_wconf 88' lang='lat' dir='ltr'><strong>ipsas</strong></span> 
     </span>
    </p>
   </div>
   <div class='ocr_carea' id='block_1_19' title="bbox 2414 624 4029 699">
    <p class='ocr_par' dir='ltr' id='par_1_19' title="bbox 2414 624 4029 699">
     <span class='ocr_line' id='line_1_19' title="bbox 2414 624 4029 699; baseline 0 -22"><span class='ocrx_word' id='word_1_120' title='bbox 2414 624 2536 677; x_wconf 85' lang='grc' dir='ltr'><strong>τότε</strong></span> <span class='ocrx_word' id='word_1_121' title='bbox 2574 624 2996 691; x_wconf 83' lang='grc' dir='ltr'><strong>συνδιατίθεται,</strong></span> <span class='ocrx_word' id='word_1_122' title='bbox 3034 626 3136 697; x_wconf 83' lang='grc' dir='ltr'><strong>υίῷ</strong></span> <span class='ocrx_word' id='word_1_123' title='bbox 3165 643 3225 680; x_wconf 82' lang='grc' dir='ltr'><strong>τε</strong></span> <span class='ocrx_word' id='word_1_124' title='bbox 3281 627 3465 699; x_wconf 73' lang='grc' dir='ltr'><strong>πατὴρ</strong></span> <span class='ocrx_word' id='word_1_125' title='bbox 3494 625 3741 698; x_wconf 74' lang='grc' dir='ltr'><strong>ἀκριϐῶς</strong></span> <span class='ocrx_word' id='word_1_126' title='bbox 3767 626 3865 680; x_wconf 76' lang='grc' dir='ltr'><strong>καὶ</strong></span> <span class='ocrx_word' id='word_1_127' title='bbox 3898 626 4029 688; x_wconf 75' lang='grc' dir='ltr'><strong>υἱὸς</strong></span> 
     </span>
    </p>
   </div>
   <div class='ocr_carea' id='block_1_20' title="bbox 2417 715 4031 790">
    <p class='ocr_par' dir='ltr' id='par_1_20' title="bbox 2417 715 4031 790">
     <span class='ocr_line' id='line_1_20' title="bbox 2417 715 4031 790; baseline 0.001 -21"><span class='ocrx_word' id='word_1_128' title='bbox 2417 716 2605 786; x_wconf 79' lang='grc' dir='ltr'><strong>πατρὶ,</strong></span> <span class='ocrx_word' id='word_1_129' title='bbox 2660 717 3106 772; x_wconf 71' lang='grc' dir='ltr'><strong>ἀποκαλύπτεται</strong></span> <span class='ocrx_word' id='word_1_130' title='bbox 3154 718 3212 772; x_wconf 77' lang='grc' dir='ltr'><strong>δέ</strong></span> <span class='ocrx_word' id='word_1_131' title='bbox 3262 718 3416 790; x_wconf 83' lang='grc' dir='ltr'><strong>αύτῷ</strong></span> <span class='ocrx_word' id='word_1_132' title='bbox 3471 719 3622 772; x_wconf 80' lang='grc' dir='ltr'><strong>καὶὸ</strong></span> <span class='ocrx_word' id='word_1_133' title='bbox 3651 716 3745 772; x_wconf 88' lang='grc' dir='ltr'><strong>τοῦ</strong></span> <span class='ocrx_word' id='word_1_134' title='bbox 3802 715 4031 788; x_wconf 76' lang='grc' dir='ltr'><strong>πατρὸς</strong></span> 
     </span>
    </p>
   </div>
   <div class='ocr_carea' id='block_1_21' title="bbox 2419 807 4032 881">
    <p class='ocr_par' dir='ltr' id='par_1_21' title="bbox 2419 807 4032 881">
     <span class='ocr_line' id='line_1_21' title="bbox 2419 807 4032 881; baseline -0.001 -19"><span class='ocrx_word' id='word_1_135' title='bbox 2419 808 2690 880; x_wconf 84' lang='grc' dir='ltr'><strong>θησαυρός</strong></span> <span class='ocrx_word' id='word_1_136' title='bbox 2710 825 2725 841; x_wconf 69' lang='grc'><strong>⁸</strong></span> <span class='ocrx_word' id='word_1_137' title='bbox 2755 808 2900 864; x_wconf 76' lang='grc' dir='ltr'><strong>οὕτω</strong></span> <span class='ocrx_word' id='word_1_138' title='bbox 2920 810 3015 864; x_wconf 75' lang='grc' dir='ltr'><strong>καὶ</strong></span> <span class='ocrx_word' id='word_1_139' title='bbox 3038 811 3072 881; x_wconf 78' lang='grc' dir='ltr'><strong>ἡ</strong></span> <span class='ocrx_word' id='word_1_140' title='bbox 3101 809 3251 880; x_wconf 83' lang='grc' dir='ltr'><strong>ψυχὴ</strong></span> <span class='ocrx_word' id='word_1_141' title='bbox 3280 812 3388 881; x_wconf 78' lang='grc' dir='ltr'><strong>πρὸ</strong></span> <span class='ocrx_word' id='word_1_142' title='bbox 3422 811 3524 880; x_wconf 84' lang='grc' dir='ltr'><strong>τῆς</strong></span> <span class='ocrx_word' id='word_1_143' title='bbox 3560 807 3849 881; x_wconf 84' lang='grc' dir='ltr'><strong>παρακοῆς</strong></span> <span class='ocrx_word' id='word_1_144' title='bbox 3884 824 4032 877; x_wconf 77' lang='grc' dir='ltr'><strong>προ-</strong></span> 
     </span>
    </p>
   </div>
   <div class='ocr_carea' id='block_1_22' title="bbox 2420 900 4026 972">
    <p class='ocr_par' dir='ltr' id='par_1_22' title="bbox 2420 900 4026 972">
     <span class='ocr_line' id='line_1_22' title="bbox 2420 900 4026 972; baseline -0.002 -18"><span class='ocrx_word' id='word_1_145' title='bbox 2420 900 2642 954; x_wconf 88' lang='grc' dir='ltr'><strong>κόπτειν</strong></span> <span class='ocrx_word' id='word_1_146' title='bbox 2687 900 2904 972; x_wconf 77' lang='grc' dir='ltr'><strong>ιμελλε.</strong></span> <span class='ocrx_word' id='word_1_147' title='bbox 2960 902 3055 955; x_wconf 85' lang='grc' dir='ltr'><strong>καὶ</strong></span> <span class='ocrx_word' id='word_1_148' title='bbox 3106 903 3187 965; x_wconf 85' lang='grc' dir='ltr'><strong>εῖς</strong></span> <span class='ocrx_word' id='word_1_149' title='bbox 3223 901 3394 970; x_wconf 80' lang='grc' dir='ltr'><strong>ἄνδρα</strong></span> <span class='ocrx_word' id='word_1_150' title='bbox 3439 902 3647 954; x_wconf 67' lang='grc' dir='ltr'><strong>τέλειον</strong></span> <span class='ocrx_word' id='word_1_151' title='bbox 3697 900 4026 969; x_wconf 75' lang='grc' dir='ltr'><strong>καταντᾷνο</strong></span> 
     </span>
    </p>
   </div>
   <div class='ocr_carea' id='block_1_23' title="bbox 2418 992 4031 1063">
    <p class='ocr_par' dir='ltr' id='par_1_23' title="bbox 2418 992 4031 1063">
     <span class='ocr_line' id='line_1_23' title="bbox 2418 992 4031 1063; baseline -0.001 -18"><span class='ocrx_word' id='word_1_152' title='bbox 2418 992 2506 1045; x_wconf 72' lang='grc' dir='ltr'><strong>διὰ</strong></span> <span class='ocrx_word' id='word_1_153' title='bbox 2538 994 2719 1063; x_wconf 68' lang='grc' dir='ltr'><strong>μέντοι</strong></span> <span class='ocrx_word' id='word_1_154' title='bbox 2758 995 2853 1047; x_wconf 82' lang='grc' dir='ltr'><strong>καὶ</strong></span> <span class='ocrx_word' id='word_1_155' title='bbox 2883 993 3170 1063; x_wconf 80' lang='grc' dir='ltr'><strong>παρακοὴν</strong></span> <span class='ocrx_word' id='word_1_156' title='bbox 3202 993 3283 1057; x_wconf 83' lang='grc' dir='ltr'><strong>είς</strong></span> <span class='ocrx_word' id='word_1_157' title='bbox 3312 993 3547 1061; x_wconf 65' lang='grc' dir='ltr'><strong>πέλαγος</strong></span> <span class='ocrx_word' id='word_1_158' title='bbox 3584 992 3758 1062; x_wconf 81' lang='grc' dir='ltr'>λήθης</span> <span class='ocrx_word' id='word_1_159' title='bbox 3804 992 3907 1046; x_wconf 79' lang='grc' dir='ltr'><strong>καὶ</strong></span> <span class='ocrx_word' id='word_1_160' title='bbox 3935 992 4031 1054; x_wconf 79' lang='grc' dir='ltr'><strong>είς</strong></span> 
     </span>
    </p>
   </div>
   <div class='ocr_carea' id='block_1_24' title="bbox 2424 1080 4029 1153">
    <p class='ocr_par' dir='ltr' id='par_1_24' title="bbox 2424 1080 4029 1153">
     <span class='ocr_line' id='line_1_24' title="bbox 2424 1080 4029 1153; baseline 0 -18"><span class='ocrx_word' id='word_1_161' title='bbox 2424 1080 2584 1151; x_wconf 80' lang='grc' dir='ltr'><strong>βυθὸν</strong></span> <span class='ocrx_word' id='word_1_162' title='bbox 2611 1082 2820 1151; x_wconf 81' lang='grc' dir='ltr'><strong>πλάνης</strong></span> <span class='ocrx_word' id='word_1_163' title='bbox 2852 1081 3246 1150; x_wconf 62' lang='grc' dir='ltr'><strong>ωτεδιδάσθη,</strong></span> <span class='ocrx_word' id='word_1_164' title='bbox 3279 1084 3373 1136; x_wconf 77' lang='grc' dir='ltr'><strong>καὶ</strong></span> <span class='ocrx_word' id='word_1_165' title='bbox 3400 1083 3460 1135; x_wconf 82' lang='grc' dir='ltr'><strong>ἐν</strong></span> <span class='ocrx_word' id='word_1_166' title='bbox 3489 1082 3689 1146; x_wconf 80' lang='grc' dir='ltr'><strong>πύλαις</strong></span> <span class='ocrx_word' id='word_1_167' title='bbox 3710 1081 3841 1153; x_wconf 69' lang='grc' dir='ltr'><strong>ᾅδου</strong></span> <span class='ocrx_word' id='word_1_168' title='bbox 3878 1097 4029 1135; x_wconf 79' lang='grc' dir='ltr'><strong>κατ-</strong></span> 
     </span>
    </p>
   </div>
   <div class='ocr_carea' id='block_1_25' title="bbox 2421 1170 4034 1244">
    <p class='ocr_par' dir='ltr' id='par_1_25' title="bbox 2421 1170 4034 1244">
     <span class='ocr_line' id='line_1_25' title="bbox 2421 1170 4034 1244; baseline 0.001 -18"><span class='ocrx_word' id='word_1_169' title='bbox 2421 1170 2657 1243; x_wconf 82' lang='grc' dir='ltr'><strong>ῴκησεν.</strong></span> <span class='ocrx_word' id='word_1_170' title='bbox 2712 1172 2842 1227; x_wconf 78' lang='grc' dir='ltr'><strong>Ἀπὸ</strong></span> <span class='ocrx_word' id='word_1_171' title='bbox 2864 1172 2994 1242; x_wconf 89' lang='grc' dir='ltr'><strong>γοῦν</strong></span> <span class='ocrx_word' id='word_1_172' title='bbox 3028 1172 3230 1226; x_wconf 87' lang='grc' dir='ltr'><strong>πολλοῦ</strong></span> <span class='ocrx_word' id='word_1_173' title='bbox 3274 1173 3584 1244; x_wconf 80' lang='grc' dir='ltr'><strong>καθαπερεὶ</strong></span> <span class='ocrx_word' id='word_1_174' title='bbox 3643 1174 4034 1244; x_wconf 78' lang='grc' dir='ltr'><strong>διαστήματος</strong></span> 
     </span>
    </p>
   </div>
   <div class='ocr_carea' id='block_1_26' title="bbox 2428 1262 4029 1336">
    <p class='ocr_par' dir='ltr' id='par_1_26' title="bbox 2428 1262 4029 1336">
     <span class='ocr_line' id='line_1_26' title="bbox 2428 1262 4029 1336; baseline 0.001 -21"><span class='ocrx_word' id='word_1_175' title='bbox 2428 1264 2802 1334; x_wconf 81' lang='grc' dir='ltr'><strong>μακρυνθεῖσα</strong></span> <span class='ocrx_word' id='word_1_176' title='bbox 2821 1262 2915 1318; x_wconf 84' lang='grc' dir='ltr'><strong>τοῦ</strong></span> <span class='ocrx_word' id='word_1_177' title='bbox 2956 1264 3092 1319; x_wconf 80' lang='grc' dir='ltr'><strong>Θεοῦ</strong></span> <span class='ocrx_word' id='word_1_178' title='bbox 3121 1266 3155 1336; x_wconf 76' lang='grc' dir='ltr'><strong>ἠ</strong></span> <span class='ocrx_word' id='word_1_179' title='bbox 3184 1262 3353 1335; x_wconf 76' lang='grc' dir='ltr'><strong>ψυχὴ,</strong></span> <span class='ocrx_word' id='word_1_180' title='bbox 3380 1262 3645 1327; x_wconf 89' lang='grc' dir='ltr'><strong>ἀδύνατος</strong></span> <span class='ocrx_word' id='word_1_181' title='bbox 3666 1265 3815 1333; x_wconf 84' lang='grc' dir='ltr'><strong>αύτῷ</strong></span> <span class='ocrx_word' id='word_1_182' title='bbox 3842 1280 4029 1334; x_wconf 78' lang='grc' dir='ltr'><strong>προσο</strong></span> 
     </span>
    </p>
   </div>
   <div class='ocr_carea' id='block_1_27' title="bbox 2426 1347 4030 1423">
    <p class='ocr_par' dir='ltr' id='par_1_27' title="bbox 2426 1347 4030 1423">
     <span class='ocr_line' id='line_1_27' title="bbox 2426 1347 4030 1423; baseline 0.002 -18"><span class='ocrx_word' id='word_1_183' title='bbox 2426 1351 2605 1405; x_wconf 82' lang='grc' dir='ltr'><strong>ελθεῖν</strong></span> <span class='ocrx_word' id='word_1_184' title='bbox 2655 1347 2745 1423; x_wconf 80' lang='grc' dir='ltr'><strong>ἦν,</strong></span> <span class='ocrx_word' id='word_1_185' title='bbox 2824 1352 2920 1407; x_wconf 78' lang='grc' dir='ltr'><strong>καὶ</strong></span> <span class='ocrx_word' id='word_1_186' title='bbox 2979 1354 3278 1423; x_wconf 87' lang='grc' dir='ltr'><strong>ἐπιγνῶναι</strong></span> <span class='ocrx_word' id='word_1_187' title='bbox 3333 1352 3515 1417; x_wconf 87' lang='grc' dir='ltr'><strong>καλῶς</strong></span> <span class='ocrx_word' id='word_1_188' title='bbox 3569 1354 3663 1407; x_wconf 79' lang='grc' dir='ltr'><strong>τὸν</strong></span> <span class='ocrx_word' id='word_1_189' title='bbox 3711 1354 4030 1409; x_wconf 85' lang='grc' dir='ltr'><strong>πλάσαντα.</strong></span> 
     </span>
    </p>
   </div>
   <div class='ocr_carea' id='block_1_28' title="bbox 2440 1444 4036 1518">
    <p class='ocr_par' dir='ltr' id='par_1_28' title="bbox 2440 1444 4036 1518">
     <span class='ocr_line' id='line_1_28' title="bbox 2440 1444 4036 1518; baseline 0.001 -20"><span class='ocrx_word' id='word_1_190' title='bbox 2440 1444 2581 1498; x_wconf 74' lang='grc' dir='ltr'>Ἀλλ’</span> <span class='ocrx_word' id='word_1_191' title='bbox 2611 1445 2641 1498; x_wconf 90' lang='grc' dir='ltr'><strong>ό</strong></span> <span class='ocrx_word' id='word_1_192' title='bbox 2679 1444 2813 1509; x_wconf 78' lang='grc' dir='ltr'><strong>Θεὸς</strong></span> <span class='ocrx_word' id='word_1_193' title='bbox 2840 1444 3036 1517; x_wconf 87' lang='grc' dir='ltr'><strong>πρῶτα</strong></span> <span class='ocrx_word' id='word_1_194' title='bbox 3064 1446 3165 1516; x_wconf 66' lang='grc' dir='ltr'><strong>μὲν</strong></span> <span class='ocrx_word' id='word_1_195' title='bbox 3208 1444 3299 1500; x_wconf 87' lang='grc' dir='ltr'><strong>διά</strong></span> <span class='ocrx_word' id='word_1_196' title='bbox 3328 1445 3628 1518; x_wconf 79' lang='grc' dir='ltr'><strong>προφητῶν</strong></span> <span class='ocrx_word' id='word_1_197' title='bbox 3680 1447 4036 1515; x_wconf 68' lang='grc' dir='ltr'><strong>ἐπέστρεφεν</strong></span> 
     </span>
    </p>
   </div>
   <div class='ocr_carea' id='block_1_29' title="bbox 2428 1530 4035 1605">
    <p class='ocr_par' dir='ltr' id='par_1_29' title="bbox 2428 1530 4035 1605">
     <span class='ocr_line' id='line_1_29' title="bbox 2428 1530 4035 1605; baseline 0.002 -18"><span class='ocrx_word' id='word_1_198' title='bbox 2428 1535 2603 1605; x_wconf 77' lang='grc' dir='ltr'><strong>αὐτὴν</strong></span> <span class='ocrx_word' id='word_1_199' title='bbox 2653 1537 2749 1589; x_wconf 75' lang='grc' dir='ltr'><strong>καὶ</strong></span> <span class='ocrx_word' id='word_1_200' title='bbox 2804 1536 3215 1605; x_wconf 72' lang='grc' dir='ltr'><strong>προσεκαλεῖτο,</strong></span> <span class='ocrx_word' id='word_1_201' title='bbox 3255 1538 3354 1589; x_wconf 75' lang='grc' dir='ltr'><strong>καὶ</strong></span> <span class='ocrx_word' id='word_1_202' title='bbox 3406 1538 3488 1599; x_wconf 81' lang='grc' dir='ltr'><strong>είς</strong></span> <span class='ocrx_word' id='word_1_203' title='bbox 3534 1536 3834 1605; x_wconf 83' lang='grc' dir='ltr'><strong>ἐπίγνωσιν</strong></span> <span class='ocrx_word' id='word_1_204' title='bbox 3869 1530 4035 1591; x_wconf 74' lang='grc' dir='ltr'><strong>εἷλκε</strong></span> 
     </span>
    </p>
   </div>
   <div class='ocr_carea' id='block_1_30' title="bbox 2428 1624 4036 1697">
    <p class='ocr_par' dir='ltr' id='par_1_30' title="bbox 2428 1624 4036 1697">
     <span class='ocr_line' id='line_1_30' title="bbox 2428 1624 4036 1697; baseline 0.001 -19"><span class='ocrx_word' id='word_1_205' title='bbox 2428 1626 2528 1697; x_wconf 78' lang='grc' dir='ltr'><strong>τὴν</strong></span> <span class='ocrx_word' id='word_1_206' title='bbox 2559 1624 2776 1679; x_wconf 86' lang='grc' dir='ltr'><strong>ἐαυτοῦ.</strong></span> <span class='ocrx_word' id='word_1_207' title='bbox 2816 1626 3085 1695; x_wconf 86' lang='grc' dir='ltr'><strong>Ἐσχατον</strong></span> <span class='ocrx_word' id='word_1_208' title='bbox 3127 1626 3190 1681; x_wconf 72' lang='grc' dir='ltr'><strong>δε</strong></span> <span class='ocrx_word' id='word_1_209' title='bbox 3226 1626 3322 1680; x_wconf 86' lang='grc' dir='ltr'><strong>καὶ</strong></span> <span class='ocrx_word' id='word_1_210' title='bbox 3350 1626 3517 1690; x_wconf 82' lang='grc' dir='ltr'><strong>αὐτὸς</strong></span> <span class='ocrx_word' id='word_1_211' title='bbox 3554 1626 3846 1697; x_wconf 80' lang='grc' dir='ltr'><strong>παρελθὼν</strong></span> <span class='ocrx_word' id='word_1_212' title='bbox 3881 1628 4036 1680; x_wconf 81' lang='grc' dir='ltr'><strong>ἐκεῖ·</strong></span> 
     </span>
    </p>
   </div>
   <div class='ocr_carea' id='block_1_31' title="bbox 2430 1716 4036 1790">
    <p class='ocr_par' dir='ltr' id='par_1_31' title="bbox 2430 1716 4036 1790">
     <span class='ocr_line' id='line_1_31' title="bbox 2430 1716 4036 1790; baseline 0.001 -19"><span class='ocrx_word' id='word_1_213' title='bbox 2430 1733 2541 1783; x_wconf 89' lang='grc' dir='ltr'><strong>νος,</strong></span> <span class='ocrx_word' id='word_1_214' title='bbox 2585 1716 2840 1786; x_wconf 85' lang='grc' dir='ltr'><strong>ἀφείλετο</strong></span> <span class='ocrx_word' id='word_1_215' title='bbox 2877 1718 2976 1789; x_wconf 80' lang='grc' dir='ltr'><strong>μέν</strong></span> <span class='ocrx_word' id='word_1_216' title='bbox 3014 1719 3116 1789; x_wconf 83' lang='grc' dir='ltr'><strong>τὴν</strong></span> <span class='ocrx_word' id='word_1_217' title='bbox 3159 1719 3351 1790; x_wconf 78' lang='grc' dir='ltr'><strong>λήθην,</strong></span> <span class='ocrx_word' id='word_1_218' title='bbox 3391 1720 3648 1789; x_wconf 80' lang='grc' dir='ltr'><strong>ἀφείλετο</strong></span> <span class='ocrx_word' id='word_1_219' title='bbox 3670 1719 3728 1774; x_wconf 78' lang='grc' dir='ltr'><strong>δέ</strong></span> <span class='ocrx_word' id='word_1_220' title='bbox 3759 1719 3859 1789; x_wconf 80' lang='grc' dir='ltr'><strong>τὴν</strong></span> <span class='ocrx_word' id='word_1_221' title='bbox 3888 1718 4036 1773; x_wconf 86' lang='grc' dir='ltr'><strong>πλά-</strong></span> 
     </span>
    </p>
   </div>
   <div class='ocr_carea' id='block_1_32' title="bbox 748 1806 2428 1882">
    <p class='ocr_par' dir='ltr' id='par_1_32' title="bbox 748 1806 2331 1879">
     <span class='ocr_line' id='line_1_32' title="bbox 748 1806 2331 1879; baseline 0.003 -19"><span class='ocrx_word' id='word_1_222' title='bbox 748 1806 949 1861; x_wconf 85' lang='lat' dir='ltr'><strong>inferni</strong></span> <span class='ocrx_word' id='word_1_223' title='bbox 977 1823 1343 1877; x_wconf 84' lang='lat' dir='ltr'><strong>perrumpens</strong></span> <span class='ocrx_word' id='word_1_224' title='bbox 1365 1819 1570 1878; x_wconf 89' lang='lat' dir='ltr'><strong>portas,</strong></span> <span class='ocrx_word' id='word_1_225' title='bbox 1603 1808 1659 1863; x_wconf 90' lang='lat' dir='ltr'><strong>in</strong></span> <span class='ocrx_word' id='word_1_226' title='bbox 1682 1823 1874 1878; x_wconf 89' lang='lat' dir='ltr'><strong>vagam</strong></span> <span class='ocrx_word' id='word_1_227' title='bbox 1906 1809 2052 1864; x_wconf 89' lang='lat' dir='ltr'><strong>illam</strong></span> <span class='ocrx_word' id='word_1_228' title='bbox 2079 1810 2331 1879; x_wconf 85' lang='lat' dir='ltr'><strong>pervenit</strong></span> 
     </span>
    </p>
   </div>
   <div class='ocr_carea' id='block_1_33' title="bbox 2354 1806 4034 1882">
    <p class='ocr_par' dir='ltr' id='par_1_33' title="bbox 2432 1806 4034 1882">
     <span class='ocr_line' id='line_1_33' title="bbox 2432 1806 4034 1882; baseline 0.001 -21"><span class='ocrx_word' id='word_1_229' title='bbox 2432 1825 2531 1879; x_wconf 93' lang='grc' dir='ltr'><strong>νην</strong></span> <span class='ocrx_word' id='word_1_230' title='bbox 2555 1824 2569 1839; x_wconf 75' lang='grc'>⁸</span> <span class='ocrx_word' id='word_1_231' title='bbox 2598 1806 2719 1863; x_wconf 74' lang='grc' dir='ltr'><strong>εἶτα</strong></span> <span class='ocrx_word' id='word_1_232' title='bbox 2754 1810 2848 1865; x_wconf 84' lang='grc' dir='ltr'><strong>καὶ</strong></span> <span class='ocrx_word' id='word_1_233' title='bbox 2889 1809 2987 1873; x_wconf 89' lang='grc' dir='ltr'><strong>τάς</strong></span> <span class='ocrx_word' id='word_1_234' title='bbox 3048 1808 3177 1880; x_wconf 70' lang='grc' dir='ltr'><strong>ᾅδου</strong></span> <span class='ocrx_word' id='word_1_235' title='bbox 3209 1810 3511 1882; x_wconf 68' lang='grc' dir='ltr'><strong>διαρρήξας</strong></span> <span class='ocrx_word' id='word_1_236' title='bbox 3543 1810 3721 1873; x_wconf 89' lang='grc' dir='ltr'><strong>πύλας</strong></span> <span class='ocrx_word' id='word_1_237' title='bbox 3775 1810 3873 1861; x_wconf 76' lang='grc' dir='ltr'><strong>ἐπὶ</strong></span> <span class='ocrx_word' id='word_1_238' title='bbox 3921 1809 4034 1877; x_wconf 73' lang='grc' dir='ltr'><strong>τὴν</strong></span> 
     </span>
    </p>
   </div>
   <div class='ocr_carea' id='block_1_34' title="bbox 748 1883 2428 1971">
    <p class='ocr_par' dir='ltr' id='par_1_34' title="bbox 748 1883 2410 1969">
     <span class='ocr_line' id='line_1_34' title="bbox 748 1883 2410 1969; baseline 0 -16"><span class='ocrx_word' id='word_1_239' title='bbox 748 1897 1008 1962; x_wconf 87' lang='lat' dir='ltr'><strong>animam,</strong></span> <span class='ocrx_word' id='word_1_240' title='bbox 1066 1913 1125 1953; x_wconf 91' lang='lat' dir='ltr'><strong>se</strong></span> <span class='ocrx_word' id='word_1_241' title='bbox 1182 1898 1361 1968; x_wconf 88' lang='lat' dir='ltr'><strong>ipsum</strong></span> <span class='ocrx_word' id='word_1_242' title='bbox 1419 1898 1699 1968; x_wconf 82' lang='lat' dir='ltr'><strong>exemplar</strong></span> <span class='ocrx_word' id='word_1_243' title='bbox 1748 1899 1800 1953; x_wconf 89' lang='lat' dir='ltr'><strong>ei</strong></span> <span class='ocrx_word' id='word_1_244' title='bbox 1852 1914 2188 1969; x_wconf 90' lang='lat' dir='ltr'><strong>proponens,</strong></span> <span class='ocrx_word' id='word_1_245' title='bbox 2237 1883 2410 1969; x_wconf 83' lang='lat' dir='ltr'><strong>perB</strong></span> 
     </span>
    </p>
   </div>
   <div class='ocr_carea' id='block_1_35' title="bbox 2354 1883 4034 1971">
    <p class='ocr_par' dir='ltr' id='par_1_35' title="bbox 2362 1883 4034 1971">
     <span class='ocr_line' id='line_1_35' title="bbox 2362 1883 4034 1971; baseline -0.002 -18"><span class='ocrx_word' id='word_1_246' title='bbox 2362 1883 2410 1942; x_wconf 82' lang='lat' dir='ltr'><strong>B</strong></span> <span class='ocrx_word' id='word_1_247' title='bbox 2438 1899 2865 1970; x_wconf 69' lang='grc' dir='ltr'><strong>πεπλανημένην</strong></span> <span class='ocrx_word' id='word_1_248' title='bbox 2911 1898 3130 1969; x_wconf 86' lang='grc' dir='ltr'><strong>εῖσῆλθε</strong></span> <span class='ocrx_word' id='word_1_249' title='bbox 3190 1899 3393 1971; x_wconf 78' lang='grc' dir='ltr'><strong>ψυχὴν,</strong></span> <span class='ocrx_word' id='word_1_250' title='bbox 3459 1900 3655 1953; x_wconf 79' lang='grc' dir='ltr'><strong>ἐαυτὸν</strong></span> <span class='ocrx_word' id='word_1_251' title='bbox 3708 1898 4034 1966; x_wconf 71' lang='grc' dir='ltr'><strong>ὑπόδειγμα</strong></span> 
     </span>
    </p>
   </div>
   <div class='ocr_carea' id='block_1_36' title="bbox 750 1988 2333 2060">
    <p class='ocr_par' dir='ltr' id='par_1_36' title="bbox 750 1988 2333 2060">
     <span class='ocr_line' id='line_1_36' title="bbox 750 1988 2333 2060; baseline 0.001 -18"><span class='ocrx_word' id='word_1_252' title='bbox 750 1988 900 2055; x_wconf 87' lang='lat' dir='ltr'><strong>quod</strong></span> <span class='ocrx_word' id='word_1_253' title='bbox 928 1988 1087 2043; x_wconf 79' lang='lat' dir='ltr'><strong>facile</strong></span> <span class='ocrx_word' id='word_1_254' title='bbox 1110 1992 1220 2059; x_wconf 84' lang='lat' dir='ltr'><strong>jam</strong></span> <span class='ocrx_word' id='word_1_255' title='bbox 1249 1990 1456 2060; x_wconf 89' lang='lat' dir='ltr'><strong>poterit</strong></span> <span class='ocrx_word' id='word_1_256' title='bbox 1481 1989 1546 2043; x_wconf 87' lang='lat' dir='ltr'><strong>ad</strong></span> <span class='ocrx_word' id='word_1_257' title='bbox 1577 2004 1891 2044; x_wconf 88' lang='lat' dir='ltr'><strong>mensuram</strong></span> <span class='ocrx_word' id='word_1_258' title='bbox 1918 1989 2112 2054; x_wconf 64' lang='lat' dir='ltr'><strong>aetatis,</strong></span> <span class='ocrx_word' id='word_1_259' title='bbox 2135 2004 2333 2059; x_wconf 91' lang='lat' dir='ltr'><strong>nempe</strong></span> 
     </span>
    </p>
   </div>
   <div class='ocr_carea' id='block_1_37' title="bbox 758 2078 2335 2151">
    <p class='ocr_par' dir='ltr' id='par_1_37' title="bbox 758 2078 2335 2151">
     <span class='ocr_line' id='line_1_37' title="bbox 758 2078 2335 2151; baseline 0.002 -17"><span class='ocrx_word' id='word_1_260' title='bbox 758 2079 917 2150; x_wconf 73' lang='lat'><strong>185</strong></span> <span class='ocrx_word' id='word_1_261' title='bbox 955 2080 1019 2134; x_wconf 81' lang='lat' dir='ltr'><strong>ad</strong></span> <span class='ocrx_word' id='word_1_262' title='bbox 1061 2078 1456 2150; x_wconf 90' lang='lat' dir='ltr'><strong>perfectionem</strong></span> <span class='ocrx_word' id='word_1_263' title='bbox 1506 2081 1766 2149; x_wconf 89' lang='lat' dir='ltr'><strong>Spiritus,</strong></span> <span class='ocrx_word' id='word_1_264' title='bbox 1809 2081 2120 2151; x_wconf 89' lang='lat' dir='ltr'><strong>pervenire.</strong></span> <span class='ocrx_word' id='word_1_265' title='bbox 2162 2082 2335 2137; x_wconf 85' lang='lat' dir='ltr'><strong>Porro</strong></span> 
     </span>
    </p>
   </div>
   <div class='ocr_carea' id='block_1_38' title="bbox 749 2170 2335 2243">
    <p class='ocr_par' dir='ltr' id='par_1_38' title="bbox 749 2170 2335 2243">
     <span class='ocr_line' id='line_1_38' title="bbox 749 2170 2335 2243; baseline 0.002 -18"><span class='ocrx_word' id='word_1_266' title='bbox 749 2170 990 2225; x_wconf 81' lang='lat' dir='ltr'><strong>Verbum</strong></span> <span class='ocrx_word' id='word_1_267' title='bbox 1025 2172 1122 2227; x_wconf 88' lang='lat' dir='ltr'><strong>Dei</strong></span> <span class='ocrx_word' id='word_1_268' title='bbox 1155 2172 1355 2226; x_wconf 85' lang='lat' dir='ltr'><strong>tentari</strong></span> <span class='ocrx_word' id='word_1_269' title='bbox 1384 2186 1414 2227; x_wconf 87' lang='lat' dir='ltr'><strong>a</strong></span> <span class='ocrx_word' id='word_1_270' title='bbox 1440 2172 1678 2243; x_wconf 88' lang='lat' dir='ltr'><strong>maligno</strong></span> <span class='ocrx_word' id='word_1_271' title='bbox 1710 2173 1896 2227; x_wconf 89' lang='lat' dir='ltr'><strong>divina</strong></span> <span class='ocrx_word' id='word_1_272' title='bbox 1925 2172 2335 2243; x_wconf 87' lang='lat' dir='ltr'><strong>dispensatione</strong></span> 
     </span>
    </p>
   </div>
   <div class='ocr_carea' id='block_1_39' title="bbox 750 2262 2338 2334">
    <p class='ocr_par' dir='ltr' id='par_1_39' title="bbox 750 2262 2338 2334">
     <span class='ocr_line' id='line_1_39' title="bbox 750 2262 2338 2334; baseline 0.003 -20"><span class='ocrx_word' id='word_1_273' title='bbox 750 2263 1109 2331; x_wconf 89' lang='lat' dir='ltr'><strong>permittitur,</strong></span> <span class='ocrx_word' id='word_1_274' title='bbox 1121 2262 1319 2319; x_wconf 90' lang='lat' dir='ltr'><strong>deinde</strong></span> <span class='ocrx_word' id='word_1_275' title='bbox 1333 2263 1648 2334; x_wconf 90' lang='lat' dir='ltr'><strong>opprobria,</strong></span> <span class='ocrx_word' id='word_1_276' title='bbox 1667 2279 1769 2319; x_wconf 92' lang='lat' dir='ltr'><strong>con</strong></span> <span class='ocrx_word' id='word_1_277' title='bbox 1778 2264 2128 2334; x_wconf 89' lang='lat' dir='ltr'><strong>temptiones,</strong></span> <span class='ocrx_word' id='word_1_278' title='bbox 2142 2272 2338 2319; x_wconf 89' lang='lat' dir='ltr'><strong>contu-</strong></span> 
     </span>
    </p>
   </div>
   <div class='ocr_carea' id='block_1_40' title="bbox 751 2354 2336 2425">
    <p class='ocr_par' dir='ltr' id='par_1_40' title="bbox 751 2354 2336 2425">
     <span class='ocr_line' id='line_1_40' title="bbox 751 2354 2336 2425; baseline -0.001 -15"><span class='ocrx_word' id='word_1_279' title='bbox 751 2356 964 2422; x_wconf 85' lang='lat' dir='ltr'><strong>melias,</strong></span> <span class='ocrx_word' id='word_1_280' title='bbox 1000 2356 1183 2425; x_wconf 88' lang='lat' dir='ltr'><strong>alapas</strong></span> <span class='ocrx_word' id='word_1_281' title='bbox 1207 2371 1469 2410; x_wconf 89' lang='lat' dir='ltr'><strong>manuum</strong></span> <span class='ocrx_word' id='word_1_282' title='bbox 1501 2354 1792 2410; x_wconf 89' lang='lat' dir='ltr'><strong>audacium</strong></span> <span class='ocrx_word' id='word_1_283' title='bbox 1818 2354 2055 2419; x_wconf 88' lang='lat' dir='ltr'><strong>illarum,</strong></span> <span class='ocrx_word' id='word_1_284' title='bbox 2085 2363 2143 2410; x_wconf 92' lang='lat' dir='ltr'><strong>et</strong></span> <span class='ocrx_word' id='word_1_285' title='bbox 2163 2356 2336 2425; x_wconf 89' lang='lat' dir='ltr'><strong>ipsam</strong></span> 
     </span>
    </p>
   </div>
   <div class='ocr_carea' id='block_1_41' title="bbox 751 2446 2335 2528">
    <p class='ocr_par' dir='ltr' id='par_1_41' title="bbox 751 2446 2335 2528">
     <span class='ocr_line' id='line_1_41' title="bbox 751 2446 2335 2528; baseline 0 -27"><span class='ocrx_word' id='word_1_286' title='bbox 751 2455 1052 2502; x_wconf 77' lang='lat' dir='ltr'><strong>extremam</strong></span> <span class='ocrx_word' id='word_1_287' title='bbox 1078 2461 1176 2517; x_wconf 90' lang='lat' dir='ltr'><strong>per</strong></span> <span class='ocrx_word' id='word_1_288' title='bbox 1202 2462 1421 2502; x_wconf 88' lang='lat' dir='ltr'><strong>crucem</strong></span> <span class='ocrx_word' id='word_1_289' title='bbox 1450 2457 1683 2502; x_wconf 90' lang='lat' dir='ltr'><strong>mortem</strong></span> <span class='ocrx_word' id='word_1_290' title='bbox 1727 2447 1984 2528; x_wconf 61' lang='lat' dir='ltr'><strong>sustinet,</strong></span> <span class='ocrx_word' id='word_1_291' title='bbox 2014 2446 2335 2511; x_wconf 89' lang='lat' dir='ltr'><strong>ostendens,</strong></span> 
     </span>
    </p>
   </div>
   <div class='ocr_carea' id='block_1_42' title="bbox 755 2537 2340 2609">
    <p class='ocr_par' dir='ltr' id='par_1_42' title="bbox 755 2537 2340 2609">
     <span class='ocr_line' id='line_1_42' title="bbox 755 2537 2340 2609; baseline -0.001 -16"><span class='ocrx_word' id='word_1_292' title='bbox 755 2548 821 2592; x_wconf 86' lang='lat' dir='ltr'><strong>ut</strong></span> <span class='ocrx_word' id='word_1_293' title='bbox 875 2538 1150 2603; x_wconf 79' lang='lat' dir='ltr'><strong>diximus,</strong></span> <span class='ocrx_word' id='word_1_294' title='bbox 1207 2553 1372 2609; x_wconf 90' lang='lat' dir='ltr'><strong>quam</strong></span> <span class='ocrx_word' id='word_1_295' title='bbox 1434 2538 1603 2593; x_wconf 85' lang='lat' dir='ltr'><strong>animi</strong></span> <span class='ocrx_word' id='word_1_296' title='bbox 1654 2539 1969 2609; x_wconf 68' lang='lat' dir='ltr'><strong>aequitatem</strong></span> <span class='ocrx_word' id='word_1_297' title='bbox 2020 2554 2133 2609; x_wconf 71' lang='lat' dir='ltr'><strong>pra:</strong></span> <span class='ocrx_word' id='word_1_298' title='bbox 2175 2537 2340 2593; x_wconf 93' lang='lat' dir='ltr'><strong>nobis</strong></span> 
     </span>
    </p>
   </div>
   <div class='ocr_carea' id='block_1_43' title="bbox 758 2630 2335 2702">
    <p class='ocr_par' dir='ltr' id='par_1_43' title="bbox 758 2630 2335 2702">
     <span class='ocr_line' id='line_1_43' title="bbox 758 2630 2335 2702; baseline -0.001 -16"><span class='ocrx_word' id='word_1_299' title='bbox 758 2631 903 2686; x_wconf 91' lang='lat' dir='ltr'><strong>ferre</strong></span> <span class='ocrx_word' id='word_1_300' title='bbox 949 2630 1253 2686; x_wconf 86' lang='lat' dir='ltr'><strong>debeamus</strong></span> <span class='ocrx_word' id='word_1_301' title='bbox 1285 2645 1414 2702; x_wconf 86' lang='lat' dir='ltr'><strong>erga</strong></span> <span class='ocrx_word' id='word_1_302' title='bbox 1454 2630 1771 2701; x_wconf 87' lang='lat' dir='ltr'><strong>opprobriis</strong></span> <span class='ocrx_word' id='word_1_303' title='bbox 1822 2646 1923 2685; x_wconf 89' lang='lat' dir='ltr'><strong>nos</strong></span> <span class='ocrx_word' id='word_1_304' title='bbox 1972 2631 2335 2692; x_wconf 86' lang='lat' dir='ltr'><strong>incessentes,</strong></span> 
     </span>
    </p>
   </div>
   <div class='ocr_carea' id='block_1_44' title="bbox 753 2720 2342 2791">
    <p class='ocr_par' dir='ltr' id='par_1_44' title="bbox 753 2720 2342 2791">
     <span class='ocr_line' id='line_1_44' title="bbox 753 2720 2342 2791; baseline -0.001 -15"><span class='ocrx_word' id='word_1_305' title='bbox 753 2729 813 2776; x_wconf 84' lang='lat' dir='ltr'><strong>et</strong></span> <span class='ocrx_word' id='word_1_306' title='bbox 865 2720 1268 2791; x_wconf 85' lang='lat' dir='ltr'><strong>vilipendentes</strong></span> <span class='ocrx_word' id='word_1_307' title='bbox 1302 2737 1429 2788; x_wconf 90' lang='lat' dir='ltr'><strong>nos,</strong></span> <span class='ocrx_word' id='word_1_308' title='bbox 1459 2730 1555 2777; x_wconf 90' lang='lat' dir='ltr'><strong>aut</strong></span> <span class='ocrx_word' id='word_1_309' title='bbox 1584 2729 1816 2776; x_wconf 86' lang='lat' dir='ltr'><strong>mortem</strong></span> <span class='ocrx_word' id='word_1_310' title='bbox 1849 2721 2016 2776; x_wconf 92' lang='lat' dir='ltr'><strong>etiam</strong></span> <span class='ocrx_word' id='word_1_311' title='bbox 2040 2721 2342 2777; x_wconf 77' lang='lat' dir='ltr'><strong>inferentes</strong></span> 
     </span>
    </p>
   </div>
   <div class='ocr_carea' id='block_1_45' title="bbox 758 2812 2341 2886">
    <p class='ocr_par' dir='ltr' id='par_1_45' title="bbox 758 2812 2341 2886">
     <span class='ocr_line' id='line_1_45' title="bbox 758 2812 2341 2886; baseline 0 -17"><span class='ocrx_word' id='word_1_312' title='bbox 758 2812 955 2879; x_wconf 87' lang='lat' dir='ltr'><strong>nobis;</strong></span> <span class='ocrx_word' id='word_1_313' title='bbox 1004 2824 1067 2868; x_wconf 94' lang='lat' dir='ltr'><strong>ut</strong></span> <span class='ocrx_word' id='word_1_314' title='bbox 1113 2823 1170 2869; x_wconf 93' lang='lat' dir='ltr'><strong>et</strong></span> <span class='ocrx_word' id='word_1_315' title='bbox 1221 2812 1326 2885; x_wconf 90' lang='lat' dir='ltr'><strong>ipsi</strong></span> <span class='ocrx_word' id='word_1_316' title='bbox 1377 2830 1479 2870; x_wconf 89' lang='lat' dir='ltr'><strong>nos</strong></span> <span class='ocrx_word' id='word_1_317' title='bbox 1530 2814 1599 2870; x_wconf 89' lang='lat' dir='ltr'><strong>iis</strong></span> <span class='ocrx_word' id='word_1_318' title='bbox 1652 2815 1745 2886; x_wconf 91' lang='lat' dir='ltr'><strong>qui</strong></span> <span class='ocrx_word' id='word_1_319' title='bbox 1793 2814 1948 2870; x_wconf 90' lang='lat' dir='ltr'><strong>surdi</strong></span> <span class='ocrx_word' id='word_1_320' title='bbox 2000 2822 2151 2881; x_wconf 90' lang='lat' dir='ltr'><strong>sunt,</strong></span> <span class='ocrx_word' id='word_1_321' title='bbox 2202 2815 2341 2869; x_wconf 89' lang='lat' dir='ltr'><strong>muti</strong></span> 
     </span>
    </p>
   </div>
   <div class='ocr_carea' id='block_1_46' title="bbox 760 2909 2344 2981">
    <p class='ocr_par' dir='ltr' id='par_1_46' title="bbox 760 2909 2344 2981">
     <span class='ocr_line' id='line_1_46' title="bbox 760 2909 2344 2981; baseline 0.001 -16"><span class='ocrx_word' id='word_1_322' title='bbox 760 2909 959 2966; x_wconf 82' lang='lat' dir='ltr'><strong>fiamus</strong></span> <span class='ocrx_word' id='word_1_323' title='bbox 994 2925 1106 2965; x_wconf 90' lang='lat' dir='ltr'><strong>non</strong></span> <span class='ocrx_word' id='word_1_324' title='bbox 1152 2911 1464 2981; x_wconf 84' lang='lat' dir='ltr'><strong>aperientes</strong></span> <span class='ocrx_word' id='word_1_325' title='bbox 1505 2926 1587 2978; x_wconf 89' lang='lat' dir='ltr'><strong>os,</strong></span> <span class='ocrx_word' id='word_1_326' title='bbox 1631 2921 1691 2966; x_wconf 95' lang='lat' dir='ltr'><strong>ut</strong></span> <span class='ocrx_word' id='word_1_327' title='bbox 1720 2911 1831 2966; x_wconf 86' lang='lat' dir='ltr'><strong>vim</strong></span> <span class='ocrx_word' id='word_1_328' title='bbox 1878 2922 1935 2967; x_wconf 89' lang='lat' dir='ltr'><strong>et</strong></span> <span class='ocrx_word' id='word_1_329' title='bbox 1980 2912 2344 2967; x_wconf 78' lang='lat' dir='ltr'><strong>subtilitatem</strong></span> 
     </span>
    </p>
   </div>
   <div class='ocr_carea' id='block_1_47' title="bbox 761 3002 2345 3074">
    <p class='ocr_par' dir='ltr' id='par_1_47' title="bbox 761 3002 2345 3074">
     <span class='ocr_line' id='line_1_47' title="bbox 761 3002 2345 3074; baseline 0.002 -17"><span class='ocrx_word' id='word_1_330' title='bbox 761 3002 1159 3074; x_wconf 88' lang='lat' dir='ltr'><strong>perspicientes</strong></span> <span class='ocrx_word' id='word_1_331' title='bbox 1216 3003 1468 3069; x_wconf 66' lang='lat' dir='ltr'><strong>malitiae,</strong></span> <span class='ocrx_word' id='word_1_332' title='bbox 1522 3019 1590 3057; x_wconf 91' lang='lat' dir='ltr'><strong>ex</strong></span> <span class='ocrx_word' id='word_1_333' title='bbox 1628 3018 1795 3059; x_wconf 92' lang='lat' dir='ltr'><strong>cruce</strong></span> <span class='ocrx_word' id='word_1_334' title='bbox 1830 3004 1921 3059; x_wconf 89' lang='lat' dir='ltr'><strong>cui</strong></span> <span class='ocrx_word' id='word_1_335' title='bbox 1960 3002 2137 3058; x_wconf 74' lang='lat' dir='ltr'><strong>suffixi</strong></span> <span class='ocrx_word' id='word_1_336' title='bbox 2173 3005 2345 3060; x_wconf 89' lang='lat' dir='ltr'><strong>clavis</strong></span> 
     </span>
    </p>
   </div>
   <div class='ocr_carea' id='block_1_48' title="bbox 762 3090 2345 3163">
    <p class='ocr_par' dir='ltr' id='par_1_48' title="bbox 762 3090 2345 3163">
     <span class='ocr_line' id='line_1_48' title="bbox 762 3090 2345 3163; baseline -0.003 -16"><span class='ocrx_word' id='word_1_337' title='bbox 762 3107 988 3158; x_wconf 87' lang='lat' dir='ltr'><strong>sumus;</strong></span> <span class='ocrx_word' id='word_1_338' title='bbox 1035 3109 1154 3147; x_wconf 81' lang='lat' dir='ltr'><strong>cum</strong></span> <span class='ocrx_word' id='word_1_339' title='bbox 1188 3091 1420 3145; x_wconf 83' lang='lat' dir='ltr'><strong>clamore</strong></span> <span class='ocrx_word' id='word_1_340' title='bbox 1455 3091 1669 3146; x_wconf 76' lang='lat' dir='ltr'><strong>valido&#39;</strong></span> <span class='ocrx_word' id='word_1_341' title='bbox 1713 3090 2036 3148; x_wconf 85' lang='lat' dir='ltr'><strong>invocemus</strong></span> <span class='ocrx_word' id='word_1_342' title='bbox 2072 3108 2223 3157; x_wconf 88' lang='lat' dir='ltr'><strong>eum,</strong></span> <span class='ocrx_word' id='word_1_343' title='bbox 2256 3093 2345 3163; x_wconf 81' lang='lat' dir='ltr'><strong>qui</strong></span> 
     </span>
    </p>
   </div>
   <div class='ocr_carea' id='block_1_49' title="bbox 2434 1984 4034 2063">
    <p class='ocr_par' dir='ltr' id='par_1_49' title="bbox 2434 1984 4034 2063">
     <span class='ocr_line' id='line_1_49' title="bbox 2434 1984 4034 2063; baseline -0.003 -18"><span class='ocrx_word' id='word_1_344' title='bbox 2434 1990 2608 2063; x_wconf 73' lang='grc' dir='ltr'><strong>ταύτῃ</strong></span> <span class='ocrx_word' id='word_1_345' title='bbox 2641 1990 2897 2059; x_wconf 79' lang='grc' dir='ltr'><strong>Θέμενος,</strong></span> <span class='ocrx_word' id='word_1_346' title='bbox 2924 1990 2991 2044; x_wconf 79' lang='grc' dir='ltr'><strong>δι’</strong></span> <span class='ocrx_word' id='word_1_347' title='bbox 3025 1984 3087 2045; x_wconf 76' lang='grc' dir='ltr'><strong>οὗ</strong></span> <span class='ocrx_word' id='word_1_348' title='bbox 3116 1990 3342 2045; x_wconf 78' lang='grc' dir='ltr'><strong>δυνατὸν</strong></span> <span class='ocrx_word' id='word_1_349' title='bbox 3394 1991 3533 2062; x_wconf 75' lang='grc' dir='ltr'><strong>αὐτῇ</strong></span> <span class='ocrx_word' id='word_1_350' title='bbox 3569 1991 3723 2044; x_wconf 81' lang='grc' dir='ltr'><strong>ἐσται</strong></span> <span class='ocrx_word' id='word_1_351' title='bbox 3751 1989 3890 2059; x_wconf 77' lang='grc' dir='ltr'><strong>πρὸς</strong></span> <span class='ocrx_word' id='word_1_352' title='bbox 3926 1991 4034 2059; x_wconf 72' lang='grc' dir='ltr'><strong>μὲ-</strong></span> 
     </span>
    </p>
   </div>
   <div class='ocr_carea' id='block_1_50' title="bbox 2435 2082 4033 2154">
    <p class='ocr_par' dir='ltr' id='par_1_50' title="bbox 2435 2082 4033 2154">
     <span class='ocr_line' id='line_1_50' title="bbox 2435 2082 4033 2154; baseline -0.001 -17"><span class='ocrx_word' id='word_1_353' title='bbox 2435 2099 2562 2154; x_wconf 86' lang='grc' dir='ltr'><strong>τρον</strong></span> <span class='ocrx_word' id='word_1_354' title='bbox 2598 2082 2814 2153; x_wconf 77' lang='grc' dir='ltr'><strong>ἡλικίας</strong></span> <span class='ocrx_word' id='word_1_355' title='bbox 2857 2083 2996 2154; x_wconf 68' lang='grc' dir='ltr'><strong>πρὸς</strong></span> <span class='ocrx_word' id='word_1_356' title='bbox 3034 2082 3131 2153; x_wconf 82' lang='grc' dir='ltr'><strong>τὴν</strong></span> <span class='ocrx_word' id='word_1_357' title='bbox 3185 2083 3506 2154; x_wconf 71' lang='grc' dir='ltr'><strong>τελειότητα</strong></span> <span class='ocrx_word' id='word_1_358' title='bbox 3537 2082 3633 2137; x_wconf 86' lang='grc' dir='ltr'><strong>τοῦ</strong></span> <span class='ocrx_word' id='word_1_359' title='bbox 3691 2083 4033 2151; x_wconf 80' lang='grc' dir='ltr'><strong>Πνεύματος</strong></span> 
     </span>
    </p>
   </div>
   <div class='ocr_carea' id='block_1_51' title="bbox 2436 2172 4035 2245">
    <p class='ocr_par' dir='ltr' id='par_1_51' title="bbox 2436 2172 4035 2245">
     <span class='ocr_line' id='line_1_51' title="bbox 2436 2172 4035 2245; baseline 0 -18"><span class='ocrx_word' id='word_1_360' title='bbox 2436 2176 2795 2245; x_wconf 76' lang='grc' dir='ltr'><strong>καταντῆσαι.</strong></span> <span class='ocrx_word' id='word_1_361' title='bbox 2828 2174 3157 2244; x_wconf 75' lang='grc' dir='ltr'><strong>Πειράζεται</strong></span> <span class='ocrx_word' id='word_1_362' title='bbox 3183 2172 3475 2244; x_wconf 80' lang='grc' dir='ltr'><strong>τοιγαροῦν</strong></span> <span class='ocrx_word' id='word_1_363' title='bbox 3503 2175 3532 2228; x_wconf 76' lang='grc' dir='ltr'><strong>ὁ</strong></span> <span class='ocrx_word' id='word_1_364' title='bbox 3559 2172 3657 2227; x_wconf 89' lang='grc' dir='ltr'><strong>τοῦ</strong></span> <span class='ocrx_word' id='word_1_365' title='bbox 3682 2172 3821 2227; x_wconf 85' lang='grc' dir='ltr'><strong>Θεοῦ</strong></span> <span class='ocrx_word' id='word_1_366' title='bbox 3848 2173 4035 2240; x_wconf 82' lang='grc' dir='ltr'><strong>Λόγος</strong></span> 
     </span>
    </p>
   </div>
   <div class='ocr_carea' id='block_1_52' title="bbox 2438 2264 4035 2336">
    <p class='ocr_par' dir='ltr' id='par_1_52' title="bbox 2438 2264 4035 2336">
     <span class='ocr_line' id='line_1_52' title="bbox 2438 2264 4035 2336; baseline -0.001 -17"><span class='ocrx_word' id='word_1_367' title='bbox 2438 2266 2578 2336; x_wconf 80' lang='grc' dir='ltr'><strong>πρὸς</strong></span> <span class='ocrx_word' id='word_1_368' title='bbox 2612 2264 2709 2319; x_wconf 84' lang='grc' dir='ltr'><strong>τοῦ</strong></span> <span class='ocrx_word' id='word_1_369' title='bbox 2758 2265 2998 2336; x_wconf 83' lang='grc' dir='ltr'><strong>πονηροῦ</strong></span> <span class='ocrx_word' id='word_1_370' title='bbox 3027 2266 3149 2318; x_wconf 84' lang='grc' dir='ltr'><strong>κατ’</strong></span> <span class='ocrx_word' id='word_1_371' title='bbox 3178 2265 3493 2336; x_wconf 71' lang='grc' dir='ltr'><strong>οἰκονομίαν</strong></span> <span class='ocrx_word' id='word_1_372' title='bbox 3522 2282 3540 2298; x_wconf 76' lang='grc' dir='ltr'><strong><em>ο</em></strong></span> <span class='ocrx_word' id='word_1_373' title='bbox 3595 2265 3788 2318; x_wconf 78' lang='grc' dir='ltr'><strong>ἐπειτα</strong></span> <span class='ocrx_word' id='word_1_374' title='bbox 3830 2264 4035 2318; x_wconf 75' lang='grc' dir='ltr'><strong>ὀνειδι-</strong></span> 
     </span>
    </p>
   </div>
   <div class='ocr_carea' id='block_1_53' title="bbox 2440 2354 4039 2430">
    <p class='ocr_par' dir='ltr' id='par_1_53' title="bbox 2440 2354 4039 2430">
     <span class='ocr_line' id='line_1_53' title="bbox 2440 2354 4039 2430; baseline -0.002 -19"><span class='ocrx_word' id='word_1_375' title='bbox 2440 2359 2614 2429; x_wconf 79' lang='grc' dir='ltr'><strong>σμοὺς</strong></span> <span class='ocrx_word' id='word_1_376' title='bbox 2648 2359 2745 2413; x_wconf 76' lang='grc' dir='ltr'><strong>καὶ</strong></span> <span class='ocrx_word' id='word_1_377' title='bbox 2768 2356 3173 2426; x_wconf 78' lang='grc' dir='ltr'><strong>ἐξουδενώσεις,</strong></span> <span class='ocrx_word' id='word_1_378' title='bbox 3190 2356 3450 2430; x_wconf 76' lang='grc' dir='ltr'><strong>ῦδρειςτε</strong></span> <span class='ocrx_word' id='word_1_379' title='bbox 3480 2357 3804 2429; x_wconf 71' lang='grc' dir='ltr'><strong>ῥαπίσματα</strong></span> <span class='ocrx_word' id='word_1_380' title='bbox 3825 2354 4039 2426; x_wconf 79' lang='grc' dir='ltr'><strong>χειρῶν</strong></span> 
     </span>
    </p>
   </div>
   <div class='ocr_carea' id='block_1_54' title="bbox 2437 2448 4040 2521">
    <p class='ocr_par' dir='ltr' id='par_1_54' title="bbox 2437 2448 4040 2521">
     <span class='ocr_line' id='line_1_54' title="bbox 2437 2448 4040 2521; baseline -0.002 -16"><span class='ocrx_word' id='word_1_381' title='bbox 2437 2453 2664 2505; x_wconf 85' lang='grc' dir='ltr'><strong>ἐκείνων</strong></span> <span class='ocrx_word' id='word_1_382' title='bbox 2700 2451 2810 2505; x_wconf 93' lang='grc' dir='ltr'><strong>τῶν</strong></span> <span class='ocrx_word' id='word_1_383' title='bbox 2858 2450 3172 2521; x_wconf 85' lang='grc' dir='ltr'><strong>τολμηρῶν,</strong></span> <span class='ocrx_word' id='word_1_384' title='bbox 3213 2450 3311 2506; x_wconf 79' lang='grc' dir='ltr'><strong>καὶ</strong></span> <span class='ocrx_word' id='word_1_385' title='bbox 3352 2450 3516 2504; x_wconf 75' lang='grc' dir='ltr'><strong>αὐτὸν</strong></span> <span class='ocrx_word' id='word_1_386' title='bbox 3560 2449 3789 2519; x_wconf 79' lang='grc' dir='ltr'><strong>ἐσχατον</strong></span> <span class='ocrx_word' id='word_1_387' title='bbox 3819 2449 3915 2502; x_wconf 74' lang='grc' dir='ltr'><strong>τὸν</strong></span> <span class='ocrx_word' id='word_1_388' title='bbox 3944 2448 4040 2502; x_wconf 79' lang='grc' dir='ltr'><strong>διά</strong></span> 
     </span>
    </p>
   </div>
   <div class='ocr_carea' id='block_1_55' title="bbox 2440 2538 4042 2616">
    <p class='ocr_par' dir='ltr' id='par_1_55' title="bbox 2440 2538 4042 2616">
     <span class='ocr_line' id='line_1_55' title="bbox 2440 2538 4042 2616; baseline -0.005 -16"><span class='ocrx_word' id='word_1_389' title='bbox 2440 2544 2677 2616; x_wconf 90' lang='grc' dir='ltr'><strong>σταυροῦ</strong></span> <span class='ocrx_word' id='word_1_390' title='bbox 2712 2544 2945 2599; x_wconf 78' lang='grc' dir='ltr'><strong>θάνατον</strong></span> <span class='ocrx_word' id='word_1_391' title='bbox 2994 2542 3279 2613; x_wconf 67' lang='grc' dir='ltr'><strong>ὑπομένει,</strong></span> <span class='ocrx_word' id='word_1_392' title='bbox 3325 2542 3669 2606; x_wconf 75' lang='grc' dir='ltr'><strong>ὑποδεικνὺς,</strong></span> <span class='ocrx_word' id='word_1_393' title='bbox 3694 2540 3886 2612; x_wconf 84' lang='grc' dir='ltr'><strong>ὥσπερ</strong></span> <span class='ocrx_word' id='word_1_394' title='bbox 3906 2538 4042 2609; x_wconf 76' lang='grc' dir='ltr'><strong>ἐφη-</strong></span> 
     </span>
    </p>
   </div>
   <div class='ocr_carea' id='block_1_56' title="bbox 2443 2632 4039 2709">
    <p class='ocr_par' dir='ltr' id='par_1_56' title="bbox 2443 2632 4039 2709">
     <span class='ocr_line' id='line_1_56' title="bbox 2443 2632 4039 2709; baseline -0.004 -17"><span class='ocrx_word' id='word_1_395' title='bbox 2443 2656 2565 2709; x_wconf 87' lang='grc' dir='ltr'><strong>μεν,</strong></span> <span class='ocrx_word' id='word_1_396' title='bbox 2594 2638 2717 2692; x_wconf 86' lang='grc' dir='ltr'><strong>τίνα</strong></span> <span class='ocrx_word' id='word_1_397' title='bbox 2768 2636 2869 2709; x_wconf 75' lang='grc' dir='ltr'><strong>τὴν</strong></span> <span class='ocrx_word' id='word_1_398' title='bbox 2906 2636 3149 2691; x_wconf 79' lang='grc' dir='ltr'><strong>διάθεσιν</strong></span> <span class='ocrx_word' id='word_1_399' title='bbox 3206 2635 3545 2690; x_wconf 69' lang='grc' dir='ltr'><strong>ἐπιδεικτὼν</strong></span> <span class='ocrx_word' id='word_1_400' title='bbox 3590 2635 3729 2705; x_wconf 89' lang='grc' dir='ltr'><strong>πρός</strong></span> <span class='ocrx_word' id='word_1_401' title='bbox 3784 2649 3850 2701; x_wconf 89' lang='grc' dir='ltr'><strong>γε</strong></span> <span class='ocrx_word' id='word_1_402' title='bbox 3905 2632 4039 2693; x_wconf 80' lang='grc' dir='ltr'><strong>τοὺς</strong></span> 
     </span>
    </p>
   </div>
   <div class='ocr_carea' id='block_1_57' title="bbox 2440 2725 4035 2797">
    <p class='ocr_par' dir='ltr' id='par_1_57' title="bbox 2440 2725 4035 2797">
     <span class='ocr_line' id='line_1_57' title="bbox 2440 2725 4035 2797; baseline -0.006 -14"><span class='ocrx_word' id='word_1_403' title='bbox 2440 2730 2817 2794; x_wconf 78' lang='grc' dir='ltr'><strong>ὀνειδίζοντας,</strong></span> <span class='ocrx_word' id='word_1_404' title='bbox 2870 2726 3309 2795; x_wconf 78' lang='grc' dir='ltr'><strong>ἐξουθενοῦντας,</strong></span> <span class='ocrx_word' id='word_1_405' title='bbox 3361 2726 3397 2797; x_wconf 74' lang='grc' dir='ltr'>ἢ</span> <span class='ocrx_word' id='word_1_406' title='bbox 3453 2728 3548 2780; x_wconf 78' lang='grc' dir='ltr'><strong>καὶ</strong></span> <span class='ocrx_word' id='word_1_407' title='bbox 3605 2726 3836 2780; x_wconf 79' lang='grc' dir='ltr'><strong>θάνατον</strong></span> <span class='ocrx_word' id='word_1_408' title='bbox 3892 2725 4035 2794; x_wconf 72' lang='grc' dir='ltr'><strong>ἡμῖν</strong></span> 
     </span>
    </p>
   </div>
   <div class='ocr_carea' id='block_1_58' title="bbox 2444 2814 4036 2891">
    <p class='ocr_par' dir='ltr' id='par_1_58' title="bbox 2444 2814 4036 2891">
     <span class='ocr_line' id='line_1_58' title="bbox 2444 2814 4036 2891; baseline -0.007 -14"><span class='ocrx_word' id='word_1_409' title='bbox 2444 2824 2783 2891; x_wconf 86' lang='grc' dir='ltr'><strong>ἐπάγοντας·</strong></span> <span class='ocrx_word' id='word_1_410' title='bbox 2841 2822 2930 2875; x_wconf 82' lang='grc' dir='ltr'><strong>ῖνα</strong></span> <span class='ocrx_word' id='word_1_411' title='bbox 2973 2822 3069 2876; x_wconf 76' lang='grc' dir='ltr'><strong>καὶ</strong></span> <span class='ocrx_word' id='word_1_412' title='bbox 3122 2821 3287 2885; x_wconf 76' lang='grc' dir='ltr'><strong>αὐτὸς</strong></span> <span class='ocrx_word' id='word_1_413' title='bbox 3347 2821 3464 2883; x_wconf 87' lang='grc' dir='ltr'><strong>τοῖς</strong></span> <span class='ocrx_word' id='word_1_414' title='bbox 3505 2817 3627 2872; x_wconf 79' lang='grc' dir='ltr'><strong>οὖσι</strong></span> <span class='ocrx_word' id='word_1_415' title='bbox 3682 2818 3889 2885; x_wconf 81' lang='grc' dir='ltr'><strong>κωφοῖς</strong></span> <span class='ocrx_word' id='word_1_416' title='bbox 3934 2814 4036 2867; x_wconf 67' lang='grc' dir='ltr'><strong>καὶ</strong></span> 
     </span>
    </p>
   </div>
   <div class='ocr_carea' id='block_1_59' title="bbox 2444 2905 4039 2985">
    <p class='ocr_par' dir='ltr' id='par_1_59' title="bbox 2444 2905 4039 2985">
     <span class='ocr_line' id='line_1_59' title="bbox 2444 2905 4039 2985; baseline -0.006 -17"><span class='ocrx_word' id='word_1_417' title='bbox 2444 2914 2639 2977; x_wconf 80' lang='grc' dir='ltr'><strong>ἀλαλος</strong></span> <span class='ocrx_word' id='word_1_418' title='bbox 2662 2914 2892 2983; x_wconf 80' lang='grc' dir='ltr'><strong>γίνηται</strong></span> <span class='ocrx_word' id='word_1_419' title='bbox 2925 2913 3002 2985; x_wconf 80' lang='grc' dir='ltr'><strong>μὴ</strong></span> <span class='ocrx_word' id='word_1_420' title='bbox 3031 2912 3267 2979; x_wconf 89' lang='grc' dir='ltr'><strong>ἀνοίγων</strong></span> <span class='ocrx_word' id='word_1_421' title='bbox 3290 2912 3353 2965; x_wconf 81' lang='grc' dir='ltr'><strong>τὸ</strong></span> <span class='ocrx_word' id='word_1_422' title='bbox 3390 2910 3589 2981; x_wconf 81' lang='grc' dir='ltr'><strong>στόμα,</strong></span> <span class='ocrx_word' id='word_1_423' title='bbox 3631 2909 3717 2962; x_wconf 87' lang='grc' dir='ltr'><strong>ῖνα</strong></span> <span class='ocrx_word' id='word_1_424' title='bbox 3738 2906 3839 2977; x_wconf 80' lang='grc' dir='ltr'><strong>τὴν</strong></span> <span class='ocrx_word' id='word_1_425' title='bbox 3870 2905 4039 2977; x_wconf 76' lang='grc' dir='ltr'><strong>ἐνέρ-</strong></span> 
     </span>
    </p>
   </div>
   <div class='ocr_carea' id='block_1_60' title="bbox 2444 2995 4042 3074">
    <p class='ocr_par' dir='ltr' id='par_1_60' title="bbox 2444 2995 4042 3074">
     <span class='ocr_line' id='line_1_60' title="bbox 2444 2995 4042 3074; baseline -0.005 -17"><span class='ocrx_word' id='word_1_426' title='bbox 2444 3022 2599 3073; x_wconf 68' lang='grc' dir='ltr'><strong>γειωι</strong></span> <span class='ocrx_word' id='word_1_427' title='bbox 2627 3007 2723 3059; x_wconf 78' lang='grc' dir='ltr'><strong>καὶ</strong></span> <span class='ocrx_word' id='word_1_428' title='bbox 2776 3004 3083 3074; x_wconf 84' lang='grc' dir='ltr'><strong>λεπτότητα</strong></span> <span class='ocrx_word' id='word_1_429' title='bbox 3125 3002 3436 3058; x_wconf 66' lang='grc' dir='ltr'><strong>διαϐλέπων</strong></span> <span class='ocrx_word' id='word_1_430' title='bbox 3476 3001 3577 3070; x_wconf 80' lang='grc' dir='ltr'><strong>τῆς</strong></span> <span class='ocrx_word' id='word_1_431' title='bbox 3620 2998 3913 3070; x_wconf 78' lang='grc' dir='ltr'><strong>πονηρίας.</strong></span> <span class='ocrx_word' id='word_1_432' title='bbox 3941 2995 4042 3050; x_wconf 64' lang='grc' dir='ltr'><strong>καὶ⁵</strong></span> 
     </span>
    </p>
   </div>
   <div class='ocr_carea' id='block_1_61' title="bbox 2448 3091 4046 3169">
    <p class='ocr_par' dir='ltr' id='par_1_61' title="bbox 2448 3091 4046 3169">
     <span class='ocr_line' id='line_1_61' title="bbox 2448 3091 4046 3169; baseline -0.007 -17"><span class='ocrx_word' id='word_1_433' title='bbox 2448 3104 2520 3157; x_wconf 71' lang='grc' dir='ltr'><strong>ὡς</strong></span> <span class='ocrx_word' id='word_1_434' title='bbox 2554 3103 2611 3152; x_wconf 80' lang='grc' dir='ltr'><strong>ὲν</strong></span> <span class='ocrx_word' id='word_1_435' title='bbox 2644 3097 2865 3169; x_wconf 88' lang='grc' dir='ltr'><strong>σταυρῷ</strong></span> <span class='ocrx_word' id='word_1_436' title='bbox 2896 3098 3011 3161; x_wconf 88' lang='grc' dir='ltr'><strong>τοῖς</strong></span> <span class='ocrx_word' id='word_1_437' title='bbox 3044 3096 3196 3166; x_wconf 71' lang='grc' dir='ltr'><strong>ἥλοις</strong></span> <span class='ocrx_word' id='word_1_438' title='bbox 3219 3092 3651 3165; x_wconf 69' lang='grc' dir='ltr'><strong>ἐμπεπαρμένος</strong></span> <span class='ocrx_word' id='word_1_439' title='bbox 3675 3091 3829 3160; x_wconf 78' lang='grc' dir='ltr'><strong>μετὰ</strong></span> <span class='ocrx_word' id='word_1_440' title='bbox 3854 3105 4046 3157; x_wconf 77' lang='grc' dir='ltr'><strong>κραυ-</strong></span> 
     </span>
    </p>
   </div>
   <div class='ocr_carea' id='block_1_62' title="bbox 766 3180 2446 3277">
    <p class='ocr_par' dir='ltr' id='par_1_62' title="bbox 766 3183 2415 3277">
     <span class='ocr_line' id='line_1_62' title="bbox 766 3183 2415 3277; baseline -0.001 -39"><span class='ocrx_word' id='word_1_441' title='bbox 766 3192 929 3255; x_wconf 85' lang='lat' dir='ltr'><strong>potest</strong></span> <span class='ocrx_word' id='word_1_442' title='bbox 969 3200 1063 3238; x_wconf 79' lang='lat' dir='ltr'><strong>nos</strong></span> <span class='ocrx_word' id='word_1_443' title='bbox 1104 3184 1279 3238; x_wconf 77' lang='lat' dir='ltr'><strong>salvos</strong></span> <span class='ocrx_word' id='word_1_444' title='bbox 1325 3183 1499 3253; x_wconf 78' lang='lat' dir='ltr'><strong>facere</strong></span> <span class='ocrx_word' id='word_1_445' title='bbox 1531 3200 1564 3238; x_wconf 87' lang='grc' dir='ltr'>α</span> <span class='ocrx_word' id='word_1_446' title='bbox 1596 3192 1798 3277; x_wconf 74' lang='lat' dir='ltr'><strong>morte</strong></span> <span class='ocrx_word' id='word_1_447' title='bbox 1834 3183 2224 3277; x_wconf 78' lang='lat' dir='ltr'><strong>dicamusque:</strong></span> <span class='ocrx_word' id='word_1_448' title='bbox 2270 3185 2344 3237; x_wconf 80' lang='lat' dir='ltr'><strong>Ab</strong></span> <span class='ocrx_word' id='word_1_449' title='bbox 2373 3222 2415 3277; x_wconf 57' lang='grc' dir='ltr'>ϐ</span> 
     </span>
    </p>
   </div>
   <div class='ocr_carea' id='block_1_63' title="bbox 2364 3180 4044 3277">
    <p class='ocr_par' dir='ltr' id='par_1_63' title="bbox 2373 3180 4044 3277">
     <span class='ocr_line' id='line_1_63' title="bbox 2373 3180 4044 3277; baseline -0.02 -12"><span class='ocrx_word' id='word_1_450' title='bbox 2373 3222 2415 3277; x_wconf 79' lang='grc'><strong>(;</strong></span> <span class='ocrx_word' id='word_1_451' title='bbox 2449 3194 2562 3263; x_wconf 81' lang='grc' dir='ltr'><strong>Τῆς</strong></span> <span class='ocrx_word' id='word_1_452' title='bbox 2592 3190 2850 3261; x_wconf 75' lang='grc' dir='ltr'><strong>ισχυρᾶς</strong></span> <span class='ocrx_word' id='word_1_453' title='bbox 2874 3189 3129 3258; x_wconf 76' lang='grc' dir='ltr'><strong>βοήσειε</strong></span> <span class='ocrx_word' id='word_1_454' title='bbox 3156 3187 3308 3255; x_wconf 81' lang='grc' dir='ltr'><strong>πρὸς</strong></span> <span class='ocrx_word' id='word_1_455' title='bbox 3335 3185 3444 3241; x_wconf 79' lang='grc' dir='ltr'><strong>τὸν</strong></span> <span class='ocrx_word' id='word_1_456' title='bbox 3469 3182 3812 3277; x_wconf 50' lang='grc' dir='ltr'><strong>δυνάμενον</strong></span> <span class='ocrx_word' id='word_1_457' title='bbox 3851 3180 4044 3277; x_wconf 61' lang='grc' dir='ltr'><strong>αὑτὸν</strong></span> 
     </span>
    </p>
   </div>
   <div class='ocr_carea' id='block_1_64' title="bbox 768 3270 2448 3354">
    <p class='ocr_par' dir='ltr' id='par_1_64' title="bbox 768 3270 2448 3350">
     <span class='ocr_line' id='line_1_64' title="bbox 768 3270 2448 3350; baseline -0.004 -21"><span class='ocrx_word' id='word_1_458' title='bbox 768 3274 982 3329; x_wconf 78' lang='lat' dir='ltr'><strong>occultis</strong></span> <span class='ocrx_word' id='word_1_459' title='bbox 1027 3275 1155 3329; x_wconf 80' lang='lat' dir='ltr'><strong>meis</strong></span> <span class='ocrx_word' id='word_1_460' title='bbox 1202 3274 1402 3328; x_wconf 79' lang='lat' dir='ltr'><strong>munda</strong></span> <span class='ocrx_word' id='word_1_461' title='bbox 1449 3288 1573 3328; x_wconf 85' lang='lat' dir='ltr'><strong>me:</strong></span> <span class='ocrx_word' id='word_1_462' title='bbox 1619 3281 1708 3338; x_wconf 91' lang='lat' dir='ltr'><strong>et,</strong></span> <span class='ocrx_word' id='word_1_463' title='bbox 1760 3270 1818 3327; x_wconf 88' lang='lat' dir='ltr'><strong>Si</strong></span> <span class='ocrx_word' id='word_1_464' title='bbox 1860 3274 1960 3326; x_wconf 88' lang='lat' dir='ltr'><strong>mei</strong></span> <span class='ocrx_word' id='word_1_465' title='bbox 2002 3289 2105 3325; x_wconf 87' lang='lat' dir='ltr'><strong>non</strong></span> <span class='ocrx_word' id='word_1_466' title='bbox 2153 3272 2346 3339; x_wconf 78' lang='lat' dir='ltr'><strong>fuerint</strong></span> <span class='ocrx_word' id='word_1_467' title='bbox 2383 3270 2448 3350; x_wconf 40' lang='lat'>&quot;</span> 
     </span>
    </p>
   </div>
   <div class='ocr_carea' id='block_1_65' title="bbox 2365 3270 4045 3354">
    <p class='ocr_par' dir='ltr' id='par_1_65' title="bbox 2383 3270 4045 3354">
     <span class='ocr_line' id='line_1_65' title="bbox 2383 3270 4045 3354; baseline -0.01 -13"><span class='ocrx_word' id='word_1_468' title='bbox 2383 3270 2414 3277; x_wconf 37' lang='grc' dir='ltr'><strong><em>γ</em></strong></span> <span class='ocrx_word' id='word_1_469' title='bbox 2447 3287 2753 3354; x_wconf 81' lang='grc' dir='ltr'><strong>ῥύσασθαι</strong></span> <span class='ocrx_word' id='word_1_470' title='bbox 2797 3281 2906 3337; x_wconf 80' lang='grc' dir='ltr'><strong>τοῦ</strong></span> <span class='ocrx_word' id='word_1_471' title='bbox 2958 3279 3241 3346; x_wconf 75' lang='grc' dir='ltr'><strong>θανάτου,</strong></span> <span class='ocrx_word' id='word_1_472' title='bbox 3272 3279 3390 3342; x_wconf 80' lang='grc' dir='ltr'><strong>καὶ,</strong></span> <span class='ocrx_word' id='word_1_473' title='bbox 3425 3275 3573 3333; x_wconf 71' lang='grc' dir='ltr'><strong>’Δπὸ</strong></span> <span class='ocrx_word' id='word_1_474' title='bbox 3604 3273 3723 3329; x_wconf 75' lang='grc' dir='ltr'><strong>τῶν</strong></span> <span class='ocrx_word' id='word_1_475' title='bbox 3770 3273 4045 3343; x_wconf 73' lang='grc' dir='ltr'><strong>κρυφίων</strong></span> 
     </span>
    </p>
   </div>
   <div class='ocr_carea' id='block_1_66' title="bbox 769 3367 2352 3437">
    <p class='ocr_par' dir='ltr' id='par_1_66' title="bbox 769 3367 2352 3437">
     <span class='ocr_line' id='line_1_66' title="bbox 769 3367 2352 3437; baseline -0.003 -14"><span class='ocrx_word' id='word_1_476' title='bbox 769 3371 1057 3435; x_wconf 77' lang='lat' dir='ltr'><strong>deminuti,</strong></span> <span class='ocrx_word' id='word_1_477' title='bbox 1118 3379 1242 3423; x_wconf 80' lang='lat' dir='ltr'><strong>tunc</strong></span> <span class='ocrx_word' id='word_1_478' title='bbox 1304 3368 1681 3423; x_wconf 79' lang='lat' dir='ltr'><strong>immaculatus</strong></span> <span class='ocrx_word' id='word_1_479' title='bbox 1738 3385 1827 3422; x_wconf 87' lang='lat' dir='ltr'><strong>ero</strong></span> <span class='ocrx_word' id='word_1_480' title='bbox 1870 3369 1911 3421; x_wconf 87' lang='grc'><strong>⁸.</strong></span> <span class='ocrx_word' id='word_1_481' title='bbox 1974 3368 2129 3422; x_wconf 90' lang='lat' dir='ltr'><strong>Tunc</strong></span> <span class='ocrx_word' id='word_1_482' title='bbox 2188 3367 2352 3437; x_wconf 82' lang='lat' dir='ltr'><strong>igitur</strong></span> 
     </span>
    </p>
   </div>
   <div class='ocr_carea' id='block_1_67' title="bbox 773 3458 2352 3527">
    <p class='ocr_par' dir='ltr' id='par_1_67' title="bbox 773 3458 2352 3527">
     <span class='ocr_line' id='line_1_67' title="bbox 773 3458 2352 3527; baseline -0.003 -12"><span class='ocrx_word' id='word_1_483' title='bbox 773 3460 1157 3516; x_wconf 84' lang='lat' dir='ltr'><strong>immaculatus</strong></span> <span class='ocrx_word' id='word_1_484' title='bbox 1199 3458 1407 3523; x_wconf 90' lang='lat' dir='ltr'><strong>factus,</strong></span> <span class='ocrx_word' id='word_1_485' title='bbox 1444 3458 1656 3513; x_wconf 88' lang='lat' dir='ltr'><strong>invenit</strong></span> <span class='ocrx_word' id='word_1_486' title='bbox 1690 3474 1827 3522; x_wconf 83' lang='lat' dir='ltr'><strong>eum,</strong></span> <span class='ocrx_word' id='word_1_487' title='bbox 1862 3460 1950 3527; x_wconf 83' lang='lat' dir='ltr'><strong>qui</strong></span> <span class='ocrx_word' id='word_1_488' title='bbox 1990 3459 2208 3526; x_wconf 66' lang='lat' dir='ltr'><strong>subjecit</strong></span> <span class='ocrx_word' id='word_1_489' title='bbox 2251 3459 2352 3524; x_wconf 82' lang='lat' dir='ltr'><strong>ipsi</strong></span> 
     </span>
    </p>
   </div>
   <div class='ocr_carea' id='block_1_68' title="bbox 775 3549 2354 3622">
    <p class='ocr_par' dir='ltr' id='par_1_68' title="bbox 775 3549 2354 3622">
     <span class='ocr_line' id='line_1_68' title="bbox 775 3549 2354 3622; baseline -0.003 -15"><span class='ocrx_word' id='word_1_490' title='bbox 775 3556 953 3607; x_wconf 81' lang='lat' dir='ltr'><strong>omnia</strong></span> <span class='ocrx_word' id='word_1_491' title='bbox 977 3554 1017 3618; x_wconf 73' lang='grc'><strong>⁵,</strong></span> <span class='ocrx_word' id='word_1_492' title='bbox 1050 3561 1106 3606; x_wconf 87' lang='lat' dir='ltr'><strong>et</strong></span> <span class='ocrx_word' id='word_1_493' title='bbox 1133 3562 1434 3622; x_wconf 84' lang='lat' dir='ltr'><strong>conregnat</strong></span> <span class='ocrx_word' id='word_1_494' title='bbox 1465 3559 1521 3606; x_wconf 88' lang='lat' dir='ltr'><strong>et</strong></span> <span class='ocrx_word' id='word_1_495' title='bbox 1563 3552 1973 3619; x_wconf 87' lang='lat' dir='ltr'><strong>conrequiescit</strong></span> <span class='ocrx_word' id='word_1_496' title='bbox 2023 3567 2145 3602; x_wconf 77' lang='lat' dir='ltr'><strong>cum</strong></span> <span class='ocrx_word' id='word_1_497' title='bbox 2192 3549 2354 3603; x_wconf 80' lang='lat' dir='ltr'><strong>Chri-</strong></span> 
     </span>
    </p>
   </div>
   <div class='ocr_carea' id='block_1_69' title="bbox 772 3642 2356 3715">
    <p class='ocr_par' dir='ltr' id='par_1_69' title="bbox 772 3642 2356 3715">
     <span class='ocr_line' id='line_1_69' title="bbox 772 3642 2356 3715; baseline -0.004 -14"><span class='ocrx_word' id='word_1_498' title='bbox 772 3653 879 3701; x_wconf 90' lang='lat' dir='ltr'><strong>sto.</strong></span> <span class='ocrx_word' id='word_1_499' title='bbox 924 3646 1143 3701; x_wconf 85' lang='lat' dir='ltr'><strong>Etenim</strong></span> <span class='ocrx_word' id='word_1_500' title='bbox 1195 3660 1297 3715; x_wconf 86' lang='lat' dir='ltr'><strong>per</strong></span> <span class='ocrx_word' id='word_1_501' title='bbox 1336 3643 1769 3699; x_wconf 83' lang='lat' dir='ltr'><strong>inobedientiam</strong></span> <span class='ocrx_word' id='word_1_502' title='bbox 1807 3659 1835 3696; x_wconf 91' lang='lat' dir='ltr'><strong>a</strong></span> <span class='ocrx_word' id='word_1_503' title='bbox 1878 3642 2257 3696; x_wconf 51' lang='lat' dir='ltr'><strong>Inal-N&#39;Lalibus</strong></span> <span class='ocrx_word' id='word_1_504' title='bbox 2300 3650 2356 3696; x_wconf 91' lang='lat' dir='ltr'><strong>et</strong></span> 
     </span>
    </p>
   </div>
   <div class='ocr_carea' id='block_1_70' title="bbox 773 3733 2357 3807">
    <p class='ocr_par' dir='ltr' id='par_1_70' title="bbox 773 3733 2357 3807">
     <span class='ocr_line' id='line_1_70' title="bbox 773 3733 2357 3807; baseline -0.004 -14"><span class='ocrx_word' id='word_1_505' title='bbox 773 3737 1015 3793; x_wconf 88' lang='lat' dir='ltr'><strong>sordidis</strong></span> <span class='ocrx_word' id='word_1_506' title='bbox 1040 3736 1299 3806; x_wconf 88' lang='lat' dir='ltr'><strong>absorpta</strong></span> <span class='ocrx_word' id='word_1_507' title='bbox 1330 3736 1781 3807; x_wconf 74' lang='lat' dir='ltr'><strong>cogitationibus.</strong></span> <span class='ocrx_word' id='word_1_508' title='bbox 1824 3752 1839 3779; x_wconf 41' lang='grc' dir='ltr'><strong>·λ</strong></span> <span class='ocrx_word' id='word_1_509' title='bbox 1877 3736 1902 3781; x_wconf 69' lang='grc' dir='ltr'><strong>ιῗ</strong></span> <span class='ocrx_word' id='word_1_510' title='bbox 2026 3733 2357 3787; x_wconf 61' lang='grc' dir='ltr'><strong>ςτγτιιίοηιιιίε</strong></span> 
     </span>
    </p>
   </div>
   <div class='ocr_carea' id='block_1_71' title="bbox 774 3828 1793 3895">
    <p class='ocr_par' dir='ltr' id='par_1_71' title="bbox 774 3828 1793 3895">
     <span class='ocr_line' id='line_1_71' title="bbox 774 3828 1793 3895; baseline -0.004 -12"><span class='ocrx_word' id='word_1_511' title='bbox 774 3829 919 3885; x_wconf 90' lang='lat' dir='ltr'><strong>facta</strong></span> <span class='ocrx_word' id='word_1_512' title='bbox 964 3828 1145 3885; x_wconf 88' lang='lat' dir='ltr'><strong>fuerat</strong></span> <span class='ocrx_word' id='word_1_513' title='bbox 1182 3830 1387 3895; x_wconf 88' lang='lat' dir='ltr'><strong>anima,</strong></span> <span class='ocrx_word' id='word_1_514' title='bbox 1440 3828 1579 3882; x_wconf 90' lang='lat' dir='ltr'><strong>adeo</strong></span> <span class='ocrx_word' id='word_1_515' title='bbox 1613 3838 1669 3881; x_wconf 85' lang='lat' dir='ltr'><strong>ut</strong></span> <span class='ocrx_word' id='word_1_516' title='bbox 1711 3846 1793 3879; x_wconf 61' lang='lat' dir='ltr'><strong>:i&#39;</strong></span> 
     </span>
    </p>
   </div>
   <div class='ocr_carea' id='block_1_72' title="bbox 776 3918 1753 3973">
    <p class='ocr_par' dir='ltr' id='par_1_72' title="bbox 776 3918 1753 3973">
     <span class='ocr_line' id='line_1_72' title="bbox 776 3918 1753 3973; baseline -0.008 0"><span class='ocrx_word' id='word_1_517' title='bbox 776 3920 843 3973; x_wconf 86' lang='lat' dir='ltr'><strong>sit</strong></span> <span class='ocrx_word' id='word_1_518' title='bbox 881 3934 949 3972; x_wconf 89' lang='lat' dir='ltr'><strong>ex</strong></span> <span class='ocrx_word' id='word_1_519' title='bbox 980 3928 1132 3972; x_wconf 90' lang='lat' dir='ltr'><strong>tanto</strong></span> <span class='ocrx_word' id='word_1_520' title='bbox 1164 3919 1281 3971; x_wconf 92' lang='lat' dir='ltr'><strong>luto</strong></span> <span class='ocrx_word' id='word_1_521' title='bbox 1308 3918 1521 3971; x_wconf 89' lang='lat' dir='ltr'><strong>vultum</strong></span> <span class='ocrx_word' id='word_1_522' title='bbox 1557 3932 1753 3970; x_wconf 39' lang='lat' dir='ltr'><strong>sursm‘</strong></span> 
     </span>
    </p>
   </div>
   <div class='ocr_carea' id='block_1_73' title="bbox 778 4009 1755 4077">
    <p class='ocr_par' dir='ltr' id='par_1_73' title="bbox 778 4009 1755 4077">
     <span class='ocr_line' id='line_1_73' title="bbox 778 4009 1755 4077; baseline -0.012 -11"><span class='ocrx_word' id='word_1_523' title='bbox 778 4012 986 4066; x_wconf 89' lang='lat' dir='ltr'><strong>litatem</strong></span> <span class='ocrx_word' id='word_1_524' title='bbox 1023 4010 1246 4064; x_wconf 73' lang='lat' dir='ltr'><strong>malitia:</strong></span> <span class='ocrx_word' id='word_1_525' title='bbox 1287 4009 1586 4063; x_wconf 90' lang='lat' dir='ltr'><strong>observare</strong></span> <span class='ocrx_word' id='word_1_526' title='bbox 1630 4017 1678 4061; x_wconf 79' lang='lat' dir='ltr'><strong>et</strong></span> <span class='ocrx_word' id='word_1_527' title='bbox 1728 4026 1755 4077; x_wconf 36' lang='grc' dir='ltr'><strong>ιλ</strong></span> 
     </span>
    </p>
   </div>
   <div class='ocr_carea' id='block_1_74' title="bbox 779 4101 1661 4159">
    <p class='ocr_par' dir='ltr' id='par_1_74' title="bbox 779 4101 1661 4159">
     <span class='ocr_line' id='line_1_74' title="bbox 779 4101 1661 4159; baseline -0.006 -1"><span class='ocrx_word' id='word_1_528' title='bbox 779 4109 963 4159; x_wconf 84' lang='lat' dir='ltr'><strong>mente</strong></span> <span class='ocrx_word' id='word_1_529' title='bbox 990 4109 1191 4155; x_wconf 70' lang='lat' dir='ltr'><strong>aeterna</strong></span> <span class='ocrx_word' id='word_1_530' title='bbox 1220 4101 1661 4157; x_wconf 84' lang='lat' dir='ltr'><strong>commisceatur.</strong></span> 
     </span>
    </p>
   </div>
   <div class='ocr_carea' id='block_1_75' title="bbox 1978 3823 2358 3878">
    <p class='ocr_par' dir='ltr' id='par_1_75' title="bbox 1978 3823 2358 3878">
     <span class='ocr_line' id='line_1_75' title="bbox 1978 3823 2358 3878; baseline -0.003 0"><span class='ocrx_word' id='word_1_531' title='bbox 1978 3864 1981 3871; x_wconf 81' lang='lat'><strong>.</strong></span> <span class='ocrx_word' id='word_1_532' title='bbox 2005 3856 2011 3873; x_wconf 73' lang='grc' dir='ltr'><strong>ι</strong></span> <span class='ocrx_word' id='word_1_533' title='bbox 2068 3825 2272 3878; x_wconf 89' lang='lat' dir='ltr'><strong>laboris</strong></span> <span class='ocrx_word' id='word_1_534' title='bbox 2306 3823 2358 3877; x_wconf 88' lang='lat' dir='ltr'><strong>ei</strong></span> 
     </span>
    </p>
   </div>
   <div class='ocr_carea' id='block_1_76' title="bbox 1860 3914 2360 3981">
    <p class='ocr_par' dir='ltr' id='par_1_76' title="bbox 1860 3914 2360 3981">
     <span class='ocr_line' id='line_1_76' title="bbox 1860 3914 2360 3981; baseline 0 -16"><span class='ocrx_word' id='word_1_535' title='bbox 1860 3942 1863 3945; x_wconf 59' lang='grc'>‹</span> <span class='ocrx_word' id='word_1_536' title='bbox 1922 3930 2055 3981; x_wconf 63' lang='grc' dir='ltr'><strong>πρ,</strong></span> <span class='ocrx_word' id='word_1_537' title='bbox 2091 3930 2154 3968; x_wconf 90' lang='lat' dir='ltr'><strong>ac</strong></span> <span class='ocrx_word' id='word_1_538' title='bbox 2180 3914 2360 3968; x_wconf 89' lang='lat' dir='ltr'><strong>subti-</strong></span> 
     </span>
    </p>
   </div>
   <div class='ocr_carea' id='block_1_77' title="bbox 1834 4013 2360 4076">
    <p class='ocr_par' dir='ltr' id='par_1_77' title="bbox 1834 4013 2360 4076">
     <span class='ocr_line' id='line_1_77' title="bbox 1834 4013 2360 4076; baseline 0 -17"><span class='ocrx_word' id='word_1_539' title='bbox 1834 4024 1863 4059; x_wconf 75' lang='lat' dir='ltr'><strong>‘z</strong></span> <span class='ocrx_word' id='word_1_540' title='bbox 1886 4022 2089 4076; x_wconf 52' lang='lat' dir='ltr'><strong>ingere,</strong></span> <span class='ocrx_word' id='word_1_541' title='bbox 2130 4013 2190 4059; x_wconf 92' lang='lat' dir='ltr'><strong>ut</strong></span> <span class='ocrx_word' id='word_1_542' title='bbox 2233 4020 2360 4059; x_wconf 90' lang='lat' dir='ltr'><strong>cum</strong></span> 
     </span>
    </p>
   </div>
   <div class='ocr_carea' id='block_1_78' title="bbox 851 4284 2363 4354">
    <p class='ocr_par' dir='ltr' id='par_1_78' title="bbox 851 4284 2363 4354">
     <span class='ocr_line' id='line_1_78' title="bbox 851 4284 2363 4354; baseline 0 -16"><span class='ocrx_word' id='word_1_543' title='bbox 851 4284 993 4338; x_wconf 81' lang='lat' dir='ltr'><strong>XIX.</strong></span> <span class='ocrx_word' id='word_1_544' title='bbox 1030 4284 1084 4339; x_wconf 92' lang='lat' dir='ltr'><strong>Si</strong></span> <span class='ocrx_word' id='word_1_545' title='bbox 1121 4286 1201 4340; x_wconf 80' lang='lat' dir='ltr'><strong>vis</strong></span> <span class='ocrx_word' id='word_1_546' title='bbox 1233 4286 1414 4339; x_wconf 82' lang='lat' dir='ltr'><strong>redire</strong></span> <span class='ocrx_word' id='word_1_547' title='bbox 1444 4284 1512 4338; x_wconf 87' lang='lat' dir='ltr'><strong>ad</strong></span> <span class='ocrx_word' id='word_1_548' title='bbox 1543 4295 1593 4339; x_wconf 90' lang='lat' dir='ltr'><strong>te</strong></span> <span class='ocrx_word' id='word_1_549' title='bbox 1623 4285 1823 4354; x_wconf 89' lang='lat' dir='ltr'><strong>ipsum,</strong></span> <span class='ocrx_word' id='word_1_550' title='bbox 1861 4284 2048 4348; x_wconf 89' lang='lat' dir='ltr'><strong>homo,</strong></span> <span class='ocrx_word' id='word_1_551' title='bbox 2092 4292 2148 4339; x_wconf 92' lang='lat' dir='ltr'><strong>et</strong></span> <span class='ocrx_word' id='word_1_552' title='bbox 2198 4299 2363 4354; x_wconf 90' lang='lat' dir='ltr'><strong>quam</strong></span> 
     </span>
    </p>
   </div>
   <div class='ocr_carea' id='block_1_79' title="bbox 783 4375 2367 4446">
    <p class='ocr_par' dir='ltr' id='par_1_79' title="bbox 783 4375 2367 4446">
     <span class='ocr_line' id='line_1_79' title="bbox 783 4375 2367 4446; baseline -0.001 -17"><span class='ocrx_word' id='word_1_553' title='bbox 783 4375 939 4444; x_wconf 86' lang='lat' dir='ltr'><strong>prius</strong></span> <span class='ocrx_word' id='word_1_554' title='bbox 964 4375 1205 4429; x_wconf 84' lang='lat' dir='ltr'><strong>habebas</strong></span> <span class='ocrx_word' id='word_1_555' title='bbox 1241 4375 1469 4444; x_wconf 86' lang='lat' dir='ltr'><strong>gloriam</strong></span> <span class='ocrx_word' id='word_1_556' title='bbox 1502 4391 1802 4441; x_wconf 88' lang='lat' dir='ltr'><strong>resumere,</strong></span> <span class='ocrx_word' id='word_1_557' title='bbox 1832 4392 1955 4446; x_wconf 74' lang='lat' dir='ltr'><strong>qua:</strong></span> <span class='ocrx_word' id='word_1_558' title='bbox 1993 4376 2094 4430; x_wconf 86' lang='lat' dir='ltr'><strong>tibi</strong></span> <span class='ocrx_word' id='word_1_559' title='bbox 2143 4376 2214 4429; x_wconf 92' lang='lat' dir='ltr'><strong>ob</strong></span> <span class='ocrx_word' id='word_1_560' title='bbox 2242 4376 2367 4429; x_wconf 87' lang='lat' dir='ltr'><strong>ino-</strong></span> 
     </span>
    </p>
   </div>
   <div class='ocr_carea' id='block_1_80' title="bbox 786 4466 2363 4538">
    <p class='ocr_par' dir='ltr' id='par_1_80' title="bbox 786 4466 2363 4538">
     <span class='ocr_line' id='line_1_80' title="bbox 786 4466 2363 4538; baseline -0.001 -16"><span class='ocrx_word' id='word_1_561' title='bbox 786 4466 1119 4522; x_wconf 85' lang='lat' dir='ltr'><strong>bedientiam</strong></span> <span class='ocrx_word' id='word_1_562' title='bbox 1153 4467 1344 4537; x_wconf 88' lang='lat' dir='ltr'><strong>periit;</strong></span> <span class='ocrx_word' id='word_1_563' title='bbox 1368 4467 1511 4522; x_wconf 88' lang='lat' dir='ltr'><strong>sicut</strong></span> <span class='ocrx_word' id='word_1_564' title='bbox 1531 4468 1799 4537; x_wconf 82' lang='lat' dir='ltr'><strong>neglectis</strong></span> <span class='ocrx_word' id='word_1_565' title='bbox 1823 4468 1979 4538; x_wconf 88' lang='lat' dir='ltr'><strong>prius</strong></span> <span class='ocrx_word' id='word_1_566' title='bbox 2010 4466 2109 4522; x_wconf 85' lang='lat' dir='ltr'><strong>Dei</strong></span> <span class='ocrx_word' id='word_1_567' title='bbox 2134 4466 2363 4521; x_wconf 89' lang='lat' dir='ltr'><strong>manda-</strong></span> 
     </span>
    </p>
   </div>
   <div class='ocr_carea' id='block_1_81' title="bbox 2446 3365 4047 3448">
    <p class='ocr_par' dir='ltr' id='par_1_81' title="bbox 2446 3365 4047 3448">
     <span class='ocr_line' id='line_1_81' title="bbox 2446 3365 4047 3448; baseline -0.009 -16"><span class='ocrx_word' id='word_1_568' title='bbox 2446 3396 2587 3448; x_wconf 82' lang='grc' dir='ltr'><strong>μου,</strong></span> <span class='ocrx_word' id='word_1_569' title='bbox 2622 3374 2779 3446; x_wconf 81' lang='grc' dir='ltr'><strong>φαίη,</strong></span> <span class='ocrx_word' id='word_1_570' title='bbox 2819 3371 3153 3441; x_wconf 75' lang='grc' dir='ltr'><strong>καθάρισόν</strong></span> <span class='ocrx_word' id='word_1_571' title='bbox 3174 3387 3276 3440; x_wconf 77' lang='grc' dir='ltr'><strong>με·</strong></span> <span class='ocrx_word' id='word_1_572' title='bbox 3311 3370 3428 3435; x_wconf 80' lang='grc' dir='ltr'><strong>καὶ,</strong></span> <span class='ocrx_word' id='word_1_573' title='bbox 3495 3367 3639 3422; x_wconf 75' lang='grc' dir='ltr'><strong>Ἐὰν</strong></span> <span class='ocrx_word' id='word_1_574' title='bbox 3661 3365 3749 3437; x_wconf 77' lang='grc' dir='ltr'><strong>μή</strong></span> <span class='ocrx_word' id='word_1_575' title='bbox 3796 3382 3919 3435; x_wconf 83' lang='grc' dir='ltr'><strong>μου</strong></span> <span class='ocrx_word' id='word_1_576' title='bbox 3942 3379 4047 3417; x_wconf 85' lang='grc' dir='ltr'><strong>κα-</strong></span> 
     </span>
    </p>
   </div>
   <div class='ocr_carea' id='block_1_82' title="bbox 2452 3454 4047 3536">
    <p class='ocr_par' dir='ltr' id='par_1_82' title="bbox 2452 3454 4047 3536">
     <span class='ocr_line' id='line_1_82' title="bbox 2452 3454 4047 3536; baseline -0.009 -14"><span class='ocrx_word' id='word_1_577' title='bbox 2452 3468 2916 3536; x_wconf 82' lang='grc' dir='ltr'><strong>τακυριεύσωσι,</strong></span> <span class='ocrx_word' id='word_1_578' title='bbox 2974 3465 3109 3517; x_wconf 82' lang='grc' dir='ltr'><strong>τότε</strong></span> <span class='ocrx_word' id='word_1_579' title='bbox 3150 3461 3389 3532; x_wconf 75' lang='grc' dir='ltr'><strong>ἄμωμος</strong></span> <span class='ocrx_word' id='word_1_580' title='bbox 3433 3460 3675 3528; x_wconf 67' lang='grc' dir='ltr'><strong>ἔσομαι.</strong></span> <span class='ocrx_word' id='word_1_581' title='bbox 3725 3458 3863 3511; x_wconf 83' lang='grc' dir='ltr'><strong>Τότε</strong></span> <span class='ocrx_word' id='word_1_582' title='bbox 3912 3454 4047 3525; x_wconf 88' lang='grc' dir='ltr'><strong>γοῦν</strong></span> 
     </span>
    </p>
   </div>
   <div class='ocr_carea' id='block_1_83' title="bbox 2454 3547 4045 3629">
    <p class='ocr_par' dir='ltr' id='par_1_83' title="bbox 2454 3547 4045 3629">
     <span class='ocr_line' id='line_1_83' title="bbox 2454 3547 4045 3629; baseline -0.009 -16"><span class='ocrx_word' id='word_1_583' title='bbox 2454 3560 2685 3629; x_wconf 75' lang='grc' dir='ltr'><strong>ἄμωμος</strong></span> <span class='ocrx_word' id='word_1_584' title='bbox 2718 3554 2960 3626; x_wconf 84' lang='grc' dir='ltr'><strong>γεγονὼς</strong></span> <span class='ocrx_word' id='word_1_585' title='bbox 2988 3554 3233 3623; x_wconf 79' lang='grc' dir='ltr'><strong>εὑρίσκει</strong></span> <span class='ocrx_word' id='word_1_586' title='bbox 3281 3550 3372 3605; x_wconf 88' lang='grc' dir='ltr'><strong>τδν</strong></span> <span class='ocrx_word' id='word_1_587' title='bbox 3422 3549 3766 3613; x_wconf 78' lang='grc' dir='ltr'><strong>ὑποτάξαντα</strong></span> <span class='ocrx_word' id='word_1_588' title='bbox 3792 3547 3945 3619; x_wconf 79' lang='grc' dir='ltr'><strong>αύτῷ</strong></span> <span class='ocrx_word' id='word_1_589' title='bbox 3975 3547 4045 3600; x_wconf 71' lang='grc' dir='ltr'><strong>τά</strong></span> 
     </span>
    </p>
   </div>
   <div class='ocr_carea' id='block_1_84' title="bbox 2455 3639 4039 3717">
    <p class='ocr_par' dir='ltr' id='par_1_84' title="bbox 2455 3639 4039 3717">
     <span class='ocr_line' id='line_1_84' title="bbox 2455 3639 4039 3717; baseline -0.009 -12"><span class='ocrx_word' id='word_1_590' title='bbox 2455 3652 2657 3714; x_wconf 83' lang='grc' dir='ltr'><strong>πάντα,</strong></span> <span class='ocrx_word' id='word_1_591' title='bbox 2716 3650 2813 3702; x_wconf 74' lang='grc' dir='ltr'><strong>καὶ</strong></span> <span class='ocrx_word' id='word_1_592' title='bbox 2870 3644 3261 3717; x_wconf 76' lang='grc' dir='ltr'><strong>συμϐασιλεύει</strong></span> <span class='ocrx_word' id='word_1_593' title='bbox 3314 3644 3409 3699; x_wconf 78' lang='grc' dir='ltr'><strong>καὶ</strong></span> <span class='ocrx_word' id='word_1_594' title='bbox 3461 3641 3913 3697; x_wconf 86' lang='grc' dir='ltr'><strong>συναναπαύεται</strong></span> <span class='ocrx_word' id='word_1_595' title='bbox 3959 3639 4039 3707; x_wconf 88' lang='grc' dir='ltr'>τῷ</span> 
     </span>
    </p>
   </div>
   <div class='ocr_carea' id='block_1_85' title="bbox 2455 3729 4044 3812">
    <p class='ocr_par' dir='ltr' id='par_1_85' title="bbox 2455 3729 4044 3812">
     <span class='ocr_line' id='line_1_85' title="bbox 2455 3729 4044 3812; baseline -0.01 -16"><span class='ocrx_word' id='word_1_596' title='bbox 2455 3739 2697 3812; x_wconf 81' lang='grc' dir='ltr'><strong>Χριστῷ.</strong></span> <span class='ocrx_word' id='word_1_597' title='bbox 2730 3738 2841 3793; x_wconf 80' lang='grc' dir='ltr'><strong>Καὶ</strong></span> <span class='ocrx_word' id='word_1_598' title='bbox 2874 3737 2983 3807; x_wconf 74' lang='grc' dir='ltr'><strong>γὰρ</strong></span> <span class='ocrx_word' id='word_1_599' title='bbox 3013 3735 3103 3789; x_wconf 87' lang='grc' dir='ltr'><strong>διά</strong></span> <span class='ocrx_word' id='word_1_600' title='bbox 3132 3736 3228 3805; x_wconf 78' lang='grc' dir='ltr'><strong>τὴν</strong></span> <span class='ocrx_word' id='word_1_601' title='bbox 3263 3733 3550 3804; x_wconf 76' lang='grc' dir='ltr'><strong>παρακοην</strong></span> <span class='ocrx_word' id='word_1_602' title='bbox 3596 3732 3701 3785; x_wconf 76' lang='grc' dir='ltr'><strong>ὑπὸ</strong></span> <span class='ocrx_word' id='word_1_603' title='bbox 3755 3729 3957 3783; x_wconf 82' lang='grc' dir='ltr'><strong>ύλικῶν</strong></span> <span class='ocrx_word' id='word_1_604' title='bbox 3984 3746 4044 3781; x_wconf 77' lang='grc' dir='ltr'><strong>τε</strong></span> 
     </span>
    </p>
   </div>
   <div class='ocr_carea' id='block_1_86' title="bbox 2460 3820 4045 3903">
    <p class='ocr_par' dir='ltr' id='par_1_86' title="bbox 2460 3820 4045 3903">
     <span class='ocr_line' id='line_1_86' title="bbox 2460 3820 4045 3903; baseline -0.009 -17"><span class='ocrx_word' id='word_1_605' title='bbox 2460 3834 2553 3887; x_wconf 74' lang='grc' dir='ltr'><strong>καὶ</strong></span> <span class='ocrx_word' id='word_1_606' title='bbox 2583 3829 2847 3903; x_wconf 82' lang='grc' dir='ltr'><strong>ῥυπαρῶν</strong></span> <span class='ocrx_word' id='word_1_607' title='bbox 2890 3827 3267 3882; x_wconf 83' lang='grc' dir='ltr'><strong>καταποθεῖσα</strong></span> <span class='ocrx_word' id='word_1_608' title='bbox 3312 3824 3591 3895; x_wconf 82' lang='grc' dir='ltr'><strong>λογισμῶν</strong></span> <span class='ocrx_word' id='word_1_609' title='bbox 3630 3822 3797 3875; x_wconf 67' lang='lat' dir='ltr'><strong>elevet</strong></span> <span class='ocrx_word' id='word_1_610' title='bbox 3850 3820 4045 3888; x_wconf 82' lang='grc' dir='ltr'><strong>άλογος</strong></span> 
     </span>
    </p>
   </div>
   <div class='ocr_carea' id='block_1_87' title="bbox 2458 3913 4044 3993">
    <p class='ocr_par' dir='ltr' id='par_1_87' title="bbox 2458 3913 4044 3993">
     <span class='ocr_line' id='line_1_87' title="bbox 2458 3913 4044 3993; baseline -0.007 -17"><span class='ocrx_word' id='word_1_611' title='bbox 2458 3925 2683 3993; x_wconf 72' lang='grc' dir='ltr'><strong>γέγονεν</strong></span> <span class='ocrx_word' id='word_1_612' title='bbox 2704 3924 2738 3993; x_wconf 80' lang='grc' dir='ltr'><strong>ἡ</strong></span> <span class='ocrx_word' id='word_1_613' title='bbox 2768 3921 2915 3991; x_wconf 80' lang='grc' dir='ltr'><strong>ψυχή</strong></span> <span class='ocrx_word' id='word_1_614' title='bbox 2940 3936 2955 3953; x_wconf 74' lang='grc' dir='ltr'><strong>ο</strong></span> <span class='ocrx_word' id='word_1_615' title='bbox 2989 3919 3133 3973; x_wconf 85' lang='grc' dir='ltr'><strong>ὥστε</strong></span> <span class='ocrx_word' id='word_1_616' title='bbox 3158 3919 3219 3972; x_wconf 87' lang='grc' dir='ltr'><strong>ού</strong></span> <span class='ocrx_word' id='word_1_617' title='bbox 3242 3915 3441 3987; x_wconf 83' lang='grc' dir='ltr'><strong>μικροῦ</strong></span> <span class='ocrx_word' id='word_1_618' title='bbox 3466 3916 3629 3968; x_wconf 85' lang='grc' dir='ltr'><strong>πόνου</strong></span> <span class='ocrx_word' id='word_1_619' title='bbox 3659 3913 3760 3983; x_wconf 81' lang='grc' dir='ltr'><strong>τῆς</strong></span> <span class='ocrx_word' id='word_1_620' title='bbox 3785 3913 4044 3980; x_wconf 80' lang='grc' dir='ltr'><strong>τοιαύτης</strong></span> 
     </span>
    </p>
   </div>
   <div class='ocr_carea' id='block_1_88' title="bbox 2459 4003 4043 4083">
    <p class='ocr_par' dir='ltr' id='par_1_88' title="bbox 2459 4003 4043 4083">
     <span class='ocr_line' id='line_1_88' title="bbox 2459 4003 4043 4083; baseline -0.008 -14"><span class='ocrx_word' id='word_1_621' title='bbox 2459 4014 2735 4083; x_wconf 78' lang='grc' dir='ltr'><strong>ἀνακύψαι</strong></span> <span class='ocrx_word' id='word_1_622' title='bbox 2769 4012 2926 4081; x_wconf 75' lang='grc' dir='ltr'><strong>ὕλης,</strong></span> <span class='ocrx_word' id='word_1_623' title='bbox 2958 4012 3054 4064; x_wconf 70' lang='grc' dir='ltr'><strong>καὶ</strong></span> <span class='ocrx_word' id='word_1_624' title='bbox 3082 4010 3183 4079; x_wconf 80' lang='grc' dir='ltr'><strong>τὴν</strong></span> <span class='ocrx_word' id='word_1_625' title='bbox 3234 4007 3542 4076; x_wconf 81' lang='grc' dir='ltr'><strong>λεπτότητα</strong></span> <span class='ocrx_word' id='word_1_626' title='bbox 3579 4003 3918 4073; x_wconf 78' lang='grc' dir='ltr'><strong>κατανοῆσαι</strong></span> <span class='ocrx_word' id='word_1_627' title='bbox 3947 4003 4043 4071; x_wconf 83' lang='grc' dir='ltr'><strong>τῆς</strong></span> 
     </span>
    </p>
   </div>
   <div class='ocr_carea' id='block_1_89' title="bbox 2462 4094 4045 4177">
    <p class='ocr_par' dir='ltr' id='par_1_89' title="bbox 2462 4094 4045 4177">
     <span class='ocr_line' id='line_1_89' title="bbox 2462 4094 4045 4177; baseline -0.003 -24"><span class='ocrx_word' id='word_1_628' title='bbox 2462 4105 2756 4177; x_wconf 83' lang='grc' dir='ltr'><strong>πονηρίας,</strong></span> <span class='ocrx_word' id='word_1_629' title='bbox 2787 4105 2886 4158; x_wconf 77' lang='grc' dir='ltr'><strong>καὶ</strong></span> <span class='ocrx_word' id='word_1_630' title='bbox 2937 4100 3187 4167; x_wconf 77' lang='grc' dir='ltr'><strong>διελθεῖν,</strong></span> <span class='ocrx_word' id='word_1_631' title='bbox 3228 4098 3315 4153; x_wconf 86' lang='grc' dir='ltr'><strong>ῖνα</strong></span> <span class='ocrx_word' id='word_1_632' title='bbox 3367 4098 3465 4153; x_wconf 79' lang='grc' dir='ltr'><strong>καὶ</strong></span> <span class='ocrx_word' id='word_1_633' title='bbox 3506 4096 3734 4167; x_wconf 84' lang='grc' dir='ltr'><strong>ἀνάρχῳ</strong></span> <span class='ocrx_word' id='word_1_634' title='bbox 3787 4094 3871 4149; x_wconf 82' lang='grc' dir='ltr'><strong>νοῖ</strong></span> <span class='ocrx_word' id='word_1_635' title='bbox 3918 4110 4045 4162; x_wconf 79' lang='grc' dir='ltr'><strong>συγ-</strong></span> 
     </span>
    </p>
   </div>
   <div class='ocr_carea' id='block_1_90' title="bbox 2462 4198 2663 4267">
    <p class='ocr_par' dir='ltr' id='par_1_90' title="bbox 2462 4198 2663 4267">
     <span class='ocr_line' id='line_1_90' title="bbox 2462 4198 2663 4267; baseline -0.03 -14"><span class='ocrx_word' id='word_1_636' title='bbox 2462 4198 2663 4267; x_wconf 76' lang='grc' dir='ltr'><strong>κραῦῇ.</strong></span> 
     </span>
    </p>
   </div>
   <div class='ocr_carea' id='block_1_91' title="bbox 2503 4217 4042 4360">
    <p class='ocr_par' dir='ltr' id='par_1_91' title="bbox 2503 4217 4042 4360">
     <span class='ocr_line' id='line_1_91' title="bbox 2503 4217 4042 4360; baseline -0.01 -13"><span class='ocrx_word' id='word_1_637' title='bbox 2503 4217 2641 4347; x_wconf 43' lang='grc' dir='ltr'><strong>ρῗέῗ</strong></span> <span class='ocrx_word' id='word_1_638' title='bbox 2662 4289 2726 4344; x_wconf 81' lang='lat' dir='ltr'><strong>Ei</strong></span> <span class='ocrx_word' id='word_1_639' title='bbox 2756 4288 2935 4360; x_wconf 80' lang='grc' dir='ltr'><strong>βούλει</strong></span> <span class='ocrx_word' id='word_1_640' title='bbox 2962 4284 3277 4339; x_wconf 80' lang='grc' dir='ltr'><strong>ἐπανελθεῖν</strong></span> <span class='ocrx_word' id='word_1_641' title='bbox 3297 4284 3377 4346; x_wconf 86' lang='grc' dir='ltr'><strong>εῖς</strong></span> <span class='ocrx_word' id='word_1_642' title='bbox 3401 4281 3594 4336; x_wconf 72' lang='grc' dir='ltr'><strong>ἐαυτὸν</strong></span> <span class='ocrx_word' id='word_1_643' title='bbox 3616 4280 3931 4351; x_wconf 76' lang='grc' dir='ltr'><strong>ἄνθρωπον,</strong></span> <span class='ocrx_word' id='word_1_644' title='bbox 3952 4278 4042 4333; x_wconf 76' lang='grc' dir='ltr'><strong>καὶ</strong></span> 
     </span>
    </p>
   </div>
   <div class='ocr_carea' id='block_1_92' title="bbox 2464 4370 4043 4457">
    <p class='ocr_par' dir='ltr' id='par_1_92' title="bbox 2464 4370 4043 4457">
     <span class='ocr_line' id='line_1_92' title="bbox 2464 4370 4043 4457; baseline -0.011 -19"><span class='ocrx_word' id='word_1_645' title='bbox 2464 4382 2546 4457; x_wconf 66' lang='grc' dir='ltr'><strong>ἦν’</strong></span> <span class='ocrx_word' id='word_1_646' title='bbox 2563 4382 2755 4454; x_wconf 82' lang='grc' dir='ltr'><strong>πρώην</strong></span> <span class='ocrx_word' id='word_1_647' title='bbox 2782 4376 2927 4450; x_wconf 74' lang='grc' dir='ltr'><strong>εἶχες</strong></span> <span class='ocrx_word' id='word_1_648' title='bbox 2955 4378 3113 4441; x_wconf 76' lang='grc' dir='ltr'><strong>δόξαν</strong></span> <span class='ocrx_word' id='word_1_649' title='bbox 3149 4375 3465 4437; x_wconf 73' lang='grc' dir='ltr'><strong>ἀναλαϐεῖν,</strong></span> <span class='ocrx_word' id='word_1_650' title='bbox 3518 4374 3641 4443; x_wconf 79' lang='grc' dir='ltr'><strong>ἥτις</strong></span> <span class='ocrx_word' id='word_1_651' title='bbox 3675 4372 3783 4443; x_wconf 70' lang='grc' dir='ltr'><strong>ἄρα</strong></span> <span class='ocrx_word' id='word_1_652' title='bbox 3843 4388 3925 4425; x_wconf 79' lang='grc' dir='ltr'><strong>σοι</strong></span> <span class='ocrx_word' id='word_1_653' title='bbox 3952 4370 4043 4423; x_wconf 74' lang='grc' dir='ltr'><strong>καὶ</strong></span> 
     </span>
    </p>
   </div>
   <div class='ocr_carea' id='block_1_93' title="bbox 2468 4462 4043 4544">
    <p class='ocr_par' dir='ltr' id='par_1_93' title="bbox 2468 4462 4043 4544">
     <span class='ocr_line' id='line_1_93' title="bbox 2468 4462 4043 4544; baseline -0.011 -13"><span class='ocrx_word' id='word_1_654' title='bbox 2468 4480 2534 4531; x_wconf 87' lang='grc' dir='ltr'><strong>ἐκ</strong></span> <span class='ocrx_word' id='word_1_655' title='bbox 2559 4473 2847 4544; x_wconf 80' lang='grc' dir='ltr'><strong>παρακοῆς</strong></span> <span class='ocrx_word' id='word_1_656' title='bbox 2900 4467 3293 4541; x_wconf 85' lang='grc' dir='ltr'><strong>παραπώλετο·</strong></span> <span class='ocrx_word' id='word_1_657' title='bbox 3324 4467 3402 4529; x_wconf 83' lang='grc' dir='ltr'><strong>ὼς</strong></span> <span class='ocrx_word' id='word_1_658' title='bbox 3440 4462 3737 4536; x_wconf 76' lang='grc' dir='ltr'><strong>ἠμεληκὼς</strong></span> <span class='ocrx_word' id='word_1_659' title='bbox 3780 4462 4043 4534; x_wconf 83' lang='grc' dir='ltr'><strong>πρότερον</strong></span> 
     </span>
    </p>
   </div>
   <div class='ocr_carea' id='block_1_94' title="bbox 789 4554 2469 4628">
    <p class='ocr_par' dir='ltr' id='par_1_94' title="bbox 789 4556 2442 4628">
     <span class='ocr_line' id='line_1_94' title="bbox 789 4556 2442 4628; baseline -0.001 -16"><span class='ocrx_word' id='word_1_660' title='bbox 789 4558 882 4621; x_wconf 89' lang='lat' dir='ltr'><strong>tis,</strong></span> <span class='ocrx_word' id='word_1_661' title='bbox 911 4557 1089 4612; x_wconf 90' lang='lat' dir='ltr'><strong>hostis</strong></span> <span class='ocrx_word' id='word_1_662' title='bbox 1117 4566 1175 4613; x_wconf 92' lang='lat' dir='ltr'><strong>et</strong></span> <span class='ocrx_word' id='word_1_663' title='bbox 1204 4557 1495 4628; x_wconf 62' lang='lat' dir='ltr'><strong>praeceptis</strong></span> <span class='ocrx_word' id='word_1_664' title='bbox 1523 4568 1579 4613; x_wconf 90' lang='lat' dir='ltr'><strong>et</strong></span> <span class='ocrx_word' id='word_1_665' title='bbox 1633 4559 1882 4614; x_wconf 88' lang='lat' dir='ltr'><strong>consiliis</strong></span> <span class='ocrx_word' id='word_1_666' title='bbox 1936 4559 2250 4625; x_wconf 90' lang='lat' dir='ltr'><strong>attendisti;</strong></span> <span class='ocrx_word' id='word_1_667' title='bbox 2287 4559 2368 4614; x_wconf 87' lang='lat' dir='ltr'><strong>sic</strong></span> <span class='ocrx_word' id='word_1_668' title='bbox 2400 4556 2442 4610; x_wconf 95' lang='lat' dir='ltr'><strong>D</strong></span> 
     </span>
    </p>
   </div>
   <div class='ocr_carea' id='block_1_95' title="bbox 2361 4554 4041 4628">
    <p class='ocr_par' dir='ltr' id='par_1_95' title="bbox 2361 4554 4041 4628">
     <span class='ocr_line' id='line_1_95' title="bbox 2361 4554 4041 4628; baseline -0.011 -7"><span class='ocrx_word' id='word_1_669' title='bbox 2361 4577 2368 4613; x_wconf 71' lang='grc' dir='ltr'><strong>ι</strong></span> <span class='ocrx_word' id='word_1_670' title='bbox 2400 4556 2442 4610; x_wconf 80' lang='grc' dir='ltr'>Ῑ)</span> <span class='ocrx_word' id='word_1_671' title='bbox 2472 4567 2562 4621; x_wconf 84' lang='grc' dir='ltr'><strong>τοῦ</strong></span> <span class='ocrx_word' id='word_1_672' title='bbox 2593 4565 2730 4619; x_wconf 88' lang='grc' dir='ltr'><strong>Θεοῦ</strong></span> <span class='ocrx_word' id='word_1_673' title='bbox 2784 4561 3035 4622; x_wconf 73' lang='grc' dir='ltr'><strong>ἐντολῶν,</strong></span> <span class='ocrx_word' id='word_1_674' title='bbox 3069 4563 3186 4624; x_wconf 83' lang='grc' dir='ltr'><strong>τοῖς</strong></span> <span class='ocrx_word' id='word_1_675' title='bbox 3223 4557 3318 4612; x_wconf 91' lang='grc' dir='ltr'><strong>τοῦ</strong></span> <span class='ocrx_word' id='word_1_676' title='bbox 3369 4555 3567 4628; x_wconf 81' lang='grc' dir='ltr'><strong>ἐχθροῦ</strong></span> <span class='ocrx_word' id='word_1_677' title='bbox 3589 4554 3923 4623; x_wconf 83' lang='grc' dir='ltr'><strong>διατάγμασι</strong></span> <span class='ocrx_word' id='word_1_678' title='bbox 3950 4554 4041 4604; x_wconf 71' lang='grc' dir='ltr'><strong>καὶ</strong></span> 
     </span>
    </p>
   </div>
   <div class='ocr_carea' id='block_1_96' title="bbox 788 4650 2365 4720">
    <p class='ocr_par' dir='ltr' id='par_1_96' title="bbox 788 4650 2365 4720">
     <span class='ocr_line' id='line_1_96' title="bbox 788 4650 2365 4720; baseline 0 -15"><span class='ocrx_word' id='word_1_679' title='bbox 788 4666 940 4706; x_wconf 86' lang='lat' dir='ltr'><strong>nunc</strong></span> <span class='ocrx_word' id='word_1_680' title='bbox 966 4651 1034 4705; x_wconf 92' lang='lat' dir='ltr'><strong>ab</strong></span> <span class='ocrx_word' id='word_1_681' title='bbox 1066 4650 1172 4705; x_wconf 90' lang='lat' dir='ltr'><strong>hoc</strong></span> <span class='ocrx_word' id='word_1_682' title='bbox 1204 4650 1488 4714; x_wconf 78' lang='lat' dir='ltr'><strong>deﬁciens,</strong></span> <span class='ocrx_word' id='word_1_683' title='bbox 1510 4650 1598 4703; x_wconf 89' lang='lat' dir='ltr'><strong>cui</strong></span> <span class='ocrx_word' id='word_1_684' title='bbox 1626 4650 2097 4720; x_wconf 87' lang='lat' dir='ltr'><strong>obtemperavisti,</strong></span> <span class='ocrx_word' id='word_1_685' title='bbox 2132 4666 2365 4706; x_wconf 90' lang='lat' dir='ltr'><strong>convcr-</strong></span> 
     </span>
    </p>
   </div>
   <div class='ocr_carea' id='block_1_97' title="bbox 791 4742 2367 4807">
    <p class='ocr_par' dir='ltr' id='par_1_97' title="bbox 791 4742 2367 4807">
     <span class='ocr_line' id='line_1_97' title="bbox 791 4742 2367 4807; baseline 0 -9"><span class='ocrx_word' id='word_1_686' title='bbox 791 4753 909 4799; x_wconf 90' lang='lat' dir='ltr'><strong>tere</strong></span> <span class='ocrx_word' id='word_1_687' title='bbox 937 4742 1005 4797; x_wconf 91' lang='lat' dir='ltr'><strong>ad</strong></span> <span class='ocrx_word' id='word_1_688' title='bbox 1036 4742 1349 4797; x_wconf 85' lang='lat' dir='ltr'><strong>Dominum.</strong></span> <span class='ocrx_word' id='word_1_689' title='bbox 1385 4742 1657 4797; x_wconf 63' lang='lat' dir='ltr'><strong>Cancrum</strong></span> <span class='ocrx_word' id='word_1_690' title='bbox 1695 4744 1854 4807; x_wconf 90' lang='lat' dir='ltr'><strong>scito,</strong></span> <span class='ocrx_word' id='word_1_691' title='bbox 1885 4742 1940 4797; x_wconf 90' lang='lat' dir='ltr'><strong>in</strong></span> <span class='ocrx_word' id='word_1_692' title='bbox 1975 4744 2147 4797; x_wconf 91' lang='lat' dir='ltr'><strong>multo</strong></span> <span class='ocrx_word' id='word_1_693' title='bbox 2176 4743 2367 4799; x_wconf 92' lang='lat' dir='ltr'><strong>labore</strong></span> 
     </span>
    </p>
   </div>
   <div class='ocr_carea' id='block_1_98' title="bbox 789 4832 2370 4902">
    <p class='ocr_par' dir='ltr' id='par_1_98' title="bbox 789 4832 2370 4902">
     <span class='ocr_line' id='line_1_98' title="bbox 789 4832 2370 4902; baseline -0.001 -14"><span class='ocrx_word' id='word_1_694' title='bbox 789 4843 847 4889; x_wconf 92' lang='lat' dir='ltr'><strong>et</strong></span> <span class='ocrx_word' id='word_1_695' title='bbox 874 4832 1074 4888; x_wconf 90' lang='lat' dir='ltr'><strong>sudore</strong></span> <span class='ocrx_word' id='word_1_696' title='bbox 1092 4834 1276 4887; x_wconf 88' lang='lat' dir='ltr'><strong>vultus</strong></span> <span class='ocrx_word' id='word_1_697' title='bbox 1295 4833 1372 4887; x_wconf 90' lang='lat' dir='ltr'><strong>tui</strong></span> <span class='ocrx_word' id='word_1_698' title='bbox 1404 4844 1759 4902; x_wconf 86' lang='lat' dir='ltr'><strong>recepturum</strong></span> <span class='ocrx_word' id='word_1_699' title='bbox 1786 4844 1839 4887; x_wconf 92' lang='lat' dir='ltr'><strong>te</strong></span> <span class='ocrx_word' id='word_1_700' title='bbox 1861 4834 2182 4888; x_wconf 87' lang='lat' dir='ltr'><strong>thesaurum</strong></span> <span class='ocrx_word' id='word_1_701' title='bbox 2206 4832 2370 4887; x_wconf 89' lang='lat' dir='ltr'><strong>amis-</strong></span> 
     </span>
    </p>
   </div>
   <div class='ocr_carea' id='block_1_99' title="bbox 792 4923 2368 4979">
    <p class='ocr_par' dir='ltr' id='par_1_99' title="bbox 792 4923 2368 4979">
     <span class='ocr_line' id='line_1_99' title="bbox 792 4923 2368 4979; baseline -0.001 0"><span class='ocrx_word' id='word_1_702' title='bbox 792 4940 913 4979; x_wconf 76' lang='lat' dir='ltr'><strong>sum</strong></span> <span class='ocrx_word' id='word_1_703' title='bbox 956 4933 1132 4977; x_wconf 92' lang='lat' dir='ltr'><strong>tuum.</strong></span> <span class='ocrx_word' id='word_1_704' title='bbox 1150 4924 1270 4978; x_wconf 86' lang='lat' dir='ltr'><strong>Non</strong></span> <span class='ocrx_word' id='word_1_705' title='bbox 1293 4924 1440 4979; x_wconf 92' lang='lat' dir='ltr'><strong>enim</strong></span> <span class='ocrx_word' id='word_1_706' title='bbox 1468 4924 1533 4977; x_wconf 90' lang='lat' dir='ltr'><strong>ad</strong></span> <span class='ocrx_word' id='word_1_707' title='bbox 1566 4923 1805 4977; x_wconf 88' lang='lat' dir='ltr'><strong>rationes</strong></span> <span class='ocrx_word' id='word_1_708' title='bbox 1826 4924 2230 4978; x_wconf 87' lang='lat' dir='ltr'><strong>accommodata</strong></span> <span class='ocrx_word' id='word_1_709' title='bbox 2248 4934 2368 4977; x_wconf 88' lang='lat' dir='ltr'><strong>tuas</strong></span> 
     </span>
    </p>
   </div>
   <div class='ocr_carea' id='block_1_100' title="bbox 794 5014 2369 5085">
    <p class='ocr_par' dir='ltr' id='par_1_100' title="bbox 794 5014 2369 5085">
     <span class='ocr_line' id='line_1_100' title="bbox 794 5014 2369 5085; baseline -0.001 -14"><span class='ocrx_word' id='word_1_710' title='bbox 794 5026 878 5071; x_wconf 86' lang='lat' dir='ltr'><strong>est</strong></span> <span class='ocrx_word' id='word_1_711' title='bbox 900 5017 1018 5071; x_wconf 87' lang='lat' dir='ltr'><strong>sine</strong></span> <span class='ocrx_word' id='word_1_712' title='bbox 1050 5016 1239 5070; x_wconf 90' lang='lat' dir='ltr'><strong>labore</strong></span> <span class='ocrx_word' id='word_1_713' title='bbox 1270 5014 1400 5069; x_wconf 88' lang='lat' dir='ltr'><strong>boni</strong></span> <span class='ocrx_word' id='word_1_714' title='bbox 1435 5014 1763 5085; x_wconf 84' lang='lat' dir='ltr'><strong>acquisitio;</strong></span> <span class='ocrx_word' id='word_1_715' title='bbox 1794 5014 2064 5085; x_wconf 88' lang='lat' dir='ltr'><strong>siquidem</strong></span> <span class='ocrx_word' id='word_1_716' title='bbox 2091 5031 2212 5084; x_wconf 74' lang='lat' dir='ltr'><strong>qua:</strong></span> <span class='ocrx_word' id='word_1_717' title='bbox 2250 5016 2369 5069; x_wconf 88' lang='lat' dir='ltr'><strong>sine</strong></span> 
     </span>
    </p>
   </div>
   <div class='ocr_carea' id='block_1_101' title="bbox 796 5104 2371 5175">
    <p class='ocr_par' dir='ltr' id='par_1_101' title="bbox 796 5104 2371 5175">
     <span class='ocr_line' id='line_1_101' title="bbox 796 5104 2371 5175; baseline -0.001 -15"><span class='ocrx_word' id='word_1_718' title='bbox 796 5106 984 5161; x_wconf 90' lang='lat' dir='ltr'><strong>labore</strong></span> <span class='ocrx_word' id='word_1_719' title='bbox 1008 5104 1289 5175; x_wconf 87' lang='lat' dir='ltr'><strong>accepisti,</strong></span> <span class='ocrx_word' id='word_1_720' title='bbox 1338 5105 1649 5175; x_wconf 89' lang='lat' dir='ltr'><strong>perdidisti,</strong></span> <span class='ocrx_word' id='word_1_721' title='bbox 1691 5106 1946 5175; x_wconf 87' lang='lat' dir='ltr'><strong>hostique</strong></span> <span class='ocrx_word' id='word_1_722' title='bbox 1990 5105 2371 5159; x_wconf 60' lang='lat' dir='ltr'><strong>hereditatem</strong></span> 
     </span>
    </p>
   </div>
   <div class='ocr_carea' id='block_1_102' title="bbox 798 5200 2372 5271">
    <p class='ocr_par' dir='ltr' id='par_1_102' title="bbox 798 5200 2372 5271">
     <span class='ocr_line' id='line_1_102' title="bbox 798 5200 2372 5271; baseline -0.001 -15"><span class='ocrx_word' id='word_1_723' title='bbox 798 5211 950 5256; x_wconf 88' lang='lat' dir='ltr'><strong>tuam</strong></span> <span class='ocrx_word' id='word_1_724' title='bbox 983 5200 1299 5271; x_wconf 85' lang='lat' dir='ltr'><strong>prodidisti.</strong></span> <span class='ocrx_word' id='word_1_725' title='bbox 1330 5201 1804 5271; x_wconf 79' lang='lat' dir='ltr'><strong>Recognoscamus</strong></span> <span class='ocrx_word' id='word_1_726' title='bbox 1840 5216 1971 5270; x_wconf 92' lang='lat' dir='ltr'><strong>ergo</strong></span> <span class='ocrx_word' id='word_1_727' title='bbox 1994 5215 2093 5270; x_wconf 92' lang='lat' dir='ltr'><strong>pro</strong></span> <span class='ocrx_word' id='word_1_728' title='bbox 2132 5215 2190 5253; x_wconf 90' lang='lat' dir='ltr'><strong>se</strong></span> <span class='ocrx_word' id='word_1_729' title='bbox 2219 5200 2372 5269; x_wconf 84' lang='lat' dir='ltr'><strong>quis-</strong></span> 
     </span>
    </p>
   </div>
   <div class='ocr_carea' id='block_1_103' title="bbox 799 5290 2373 5364">
    <p class='ocr_par' dir='ltr' id='par_1_103' title="bbox 799 5290 2373 5364">
     <span class='ocr_line' id='line_1_103' title="bbox 799 5290 2373 5364; baseline -0.003 -15"><span class='ocrx_word' id='word_1_730' title='bbox 799 5309 910 5364; x_wconf 76' lang='lat' dir='ltr'><strong>que</strong></span> <span class='ocrx_word' id='word_1_731' title='bbox 937 5292 1069 5361; x_wconf 88' lang='lat' dir='ltr'><strong>quid</strong></span> <span class='ocrx_word' id='word_1_732' title='bbox 1098 5290 1315 5346; x_wconf 89' lang='lat' dir='ltr'><strong>tandem</strong></span> <span class='ocrx_word' id='word_1_733' title='bbox 1351 5291 1406 5346; x_wconf 89' lang='lat' dir='ltr'><strong>id</strong></span> <span class='ocrx_word' id='word_1_734' title='bbox 1457 5308 1521 5347; x_wconf 84' lang='lat' dir='ltr'><strong>ac</strong></span> <span class='ocrx_word' id='word_1_735' title='bbox 1570 5302 1835 5362; x_wconf 87' lang='lat' dir='ltr'><strong>quantum</strong></span> <span class='ocrx_word' id='word_1_736' title='bbox 1866 5294 1937 5347; x_wconf 84' lang='lat' dir='ltr'><strong>sit</strong></span> <span class='ocrx_word' id='word_1_737' title='bbox 1993 5292 2141 5362; x_wconf 90' lang='lat' dir='ltr'><strong>quod</strong></span> <span class='ocrx_word' id='word_1_738' title='bbox 2184 5292 2373 5345; x_wconf 88' lang='lat' dir='ltr'><strong>amisi-</strong></span> 
     </span>
    </p>
   </div>
   <div class='ocr_carea' id='block_1_104' title="bbox 805 5383 2376 5455">
    <p class='ocr_par' dir='ltr' id='par_1_104' title="bbox 805 5383 2376 5455">
     <span class='ocr_line' id='line_1_104' title="bbox 805 5383 2376 5455; baseline -0.002 -16"><span class='ocrx_word' id='word_1_739' title='bbox 805 5401 966 5439; x_wconf 86' lang='lat' dir='ltr'><strong>mus:</strong></span> <span class='ocrx_word' id='word_1_740' title='bbox 1009 5385 1295 5439; x_wconf 91' lang='lat' dir='ltr'><strong>etluctum</strong></span> <span class='ocrx_word' id='word_1_741' title='bbox 1327 5399 1667 5439; x_wconf 86' lang='lat' dir='ltr'><strong>assumamus</strong></span> <span class='ocrx_word' id='word_1_742' title='bbox 1695 5385 1974 5455; x_wconf 69' lang='lat' dir='ltr'><strong>prophetae</strong></span> <span class='ocrx_word' id='word_1_743' title='bbox 2008 5401 2020 5437; x_wconf 92' lang='lat'><strong>:</strong></span> <span class='ocrx_word' id='word_1_744' title='bbox 2055 5384 2189 5438; x_wconf 84' lang='lat' dir='ltr'><strong>Vere</strong></span> <span class='ocrx_word' id='word_1_745' title='bbox 2226 5383 2376 5437; x_wconf 89' lang='lat' dir='ltr'><strong>enim</strong></span> 
     </span>
    </p>
   </div>
   <div class='ocr_carea' id='block_1_105' title="bbox 802 5473 2376 5541">
    <p class='ocr_par' dir='ltr' id='par_1_105' title="bbox 802 5473 2376 5541">
     <span class='ocr_line' id='line_1_105' title="bbox 802 5473 2376 5541; baseline -0.002 -10"><span class='ocrx_word' id='word_1_746' title='bbox 802 5473 1101 5531; x_wconf 69' lang='lat' dir='ltr'><strong>Hereditas</strong></span> <span class='ocrx_word' id='word_1_747' title='bbox 1129 5485 1307 5529; x_wconf 87' lang='lat' dir='ltr'><strong>nostra</strong></span> <span class='ocrx_word' id='word_1_748' title='bbox 1340 5492 1487 5529; x_wconf 78' lang='lat' dir='ltr'><strong>versa</strong></span> <span class='ocrx_word' id='word_1_749' title='bbox 1514 5484 1589 5529; x_wconf 89' lang='lat' dir='ltr'><strong>est</strong></span> <span class='ocrx_word' id='word_1_750' title='bbox 1616 5477 1685 5529; x_wconf 83' lang='lat' dir='ltr'><strong>ad</strong></span> <span class='ocrx_word' id='word_1_751' title='bbox 1714 5476 1949 5541; x_wconf 82' lang='lat' dir='ltr'><strong>alienos;</strong></span> <span class='ocrx_word' id='word_1_752' title='bbox 1983 5475 2168 5529; x_wconf 86' lang='lat' dir='ltr'><strong>domus</strong></span> <span class='ocrx_word' id='word_1_753' title='bbox 2200 5484 2376 5529; x_wconf 81' lang='lat' dir='ltr'><strong>nostra</strong></span> 
     </span>
    </p>
   </div>
   <div class='ocr_carea' id='block_1_106' title="bbox 808 5561 2377 5633">
    <p class='ocr_par' dir='ltr' id='par_1_106' title="bbox 808 5561 2377 5633">
     <span class='ocr_line' id='line_1_106' title="bbox 808 5561 2377 5633; baseline -0.002 -16"><span class='ocrx_word' id='word_1_754' title='bbox 808 5564 876 5617; x_wconf 85' lang='lat' dir='ltr'><strong>ad</strong></span> <span class='ocrx_word' id='word_1_755' title='bbox 906 5572 1182 5617; x_wconf 75' lang='lat' dir='ltr'><strong>extraneos</strong></span> <span class='ocrx_word' id='word_1_756' title='bbox 1208 5566 1250 5617; x_wconf 83' lang='lat'><strong>&#39;.</strong></span> <span class='ocrx_word' id='word_1_757' title='bbox 1271 5564 1347 5618; x_wconf 86' lang='lat' dir='ltr'><strong>Eo</strong></span> <span class='ocrx_word' id='word_1_758' title='bbox 1371 5563 1518 5633; x_wconf 88' lang='lat' dir='ltr'><strong>quod</strong></span> <span class='ocrx_word' id='word_1_759' title='bbox 1542 5578 1651 5617; x_wconf 92' lang='lat' dir='ltr'><strong>non</strong></span> <span class='ocrx_word' id='word_1_760' title='bbox 1672 5563 2012 5617; x_wconf 87' lang='lat' dir='ltr'><strong>audierimus</strong></span> <span class='ocrx_word' id='word_1_761' title='bbox 2028 5561 2377 5629; x_wconf 84' lang='lat' dir='ltr'><strong>mandatum;</strong></span> 
     </span>
    </p>
   </div>
   <div class='ocr_carea' id='block_1_107' title="bbox 808 5653 2376 5724">
    <p class='ocr_par' dir='ltr' id='par_1_107' title="bbox 808 5653 2376 5724">
     <span class='ocr_line' id='line_1_107' title="bbox 808 5653 2376 5724; baseline -0.001 -16"><span class='ocrx_word' id='word_1_762' title='bbox 808 5662 864 5708; x_wconf 88' lang='lat' dir='ltr'><strong>et</strong></span> <span class='ocrx_word' id='word_1_763' title='bbox 904 5653 1143 5723; x_wconf 85' lang='lat' dir='ltr'><strong>propriis</strong></span> <span class='ocrx_word' id='word_1_764' title='bbox 1175 5653 1550 5709; x_wconf 87' lang='lat' dir='ltr'><strong>voluntatibus</strong></span> <span class='ocrx_word' id='word_1_765' title='bbox 1583 5654 1867 5721; x_wconf 79' lang='lat' dir='ltr'><strong>obsecuti;</strong></span> <span class='ocrx_word' id='word_1_766' title='bbox 1910 5654 2169 5724; x_wconf 87' lang='lat' dir='ltr'><strong>quodque</strong></span> <span class='ocrx_word' id='word_1_767' title='bbox 2201 5662 2376 5707; x_wconf 86' lang='lat' dir='ltr'><strong>terre-</strong></span> 
     </span>
    </p>
   </div>
   <div class='ocr_carea' id='block_1_108' title="bbox 2475 4641 4043 4729">
    <p class='ocr_par' dir='ltr' id='par_1_108' title="bbox 2475 4641 4043 4729">
     <span class='ocr_line' id='line_1_108' title="bbox 2475 4641 4043 4729; baseline -0.01 -17"><span class='ocrx_word' id='word_1_768' title='bbox 2475 4662 2538 4729; x_wconf 74' lang='grc' dir='ltr'><strong>τῇ</strong></span> <span class='ocrx_word' id='word_1_769' title='bbox 2568 4657 2846 4728; x_wconf 71' lang='grc' dir='ltr'><strong>συμϐουλῇ</strong></span> <span class='ocrx_word' id='word_1_770' title='bbox 2878 4654 3203 4725; x_wconf 78' lang='grc' dir='ltr'><strong>προσέσχες,</strong></span> <span class='ocrx_word' id='word_1_771' title='bbox 3226 4652 3397 4713; x_wconf 88' lang='grc' dir='ltr'><strong>οῦτως</strong></span> <span class='ocrx_word' id='word_1_772' title='bbox 3427 4648 3521 4703; x_wconf 88' lang='grc' dir='ltr'><strong>νῦν</strong></span> <span class='ocrx_word' id='word_1_773' title='bbox 3564 4647 3808 4709; x_wconf 77' lang='grc' dir='ltr'><strong>ἀποστάς</strong></span> <span class='ocrx_word' id='word_1_774' title='bbox 3844 4641 3905 4698; x_wconf 68' lang='grc' dir='ltr'><strong>οὗ</strong></span> <span class='ocrx_word' id='word_1_775' title='bbox 3950 4646 4043 4698; x_wconf 76' lang='grc' dir='ltr'><strong>ἐπ-</strong></span> 
     </span>
    </p>
   </div>
   <div class='ocr_carea' id='block_1_109' title="bbox 2476 4737 4043 4820">
    <p class='ocr_par' dir='ltr' id='par_1_109' title="bbox 2476 4737 4043 4820">
     <span class='ocr_line' id='line_1_109' title="bbox 2476 4737 4043 4820; baseline -0.01 -17"><span class='ocrx_word' id='word_1_776' title='bbox 2476 4753 2736 4820; x_wconf 87' lang='grc' dir='ltr'><strong>ήκουσας,</strong></span> <span class='ocrx_word' id='word_1_777' title='bbox 2760 4745 3091 4818; x_wconf 74' lang='grc' dir='ltr'><strong>ἐπιτράφηθι</strong></span> <span class='ocrx_word' id='word_1_778' title='bbox 3118 4744 3255 4816; x_wconf 74' lang='grc' dir='ltr'><strong>πρὸς</strong></span> <span class='ocrx_word' id='word_1_779' title='bbox 3284 4743 3374 4796; x_wconf 81' lang='grc' dir='ltr'><strong>τὸν</strong></span> <span class='ocrx_word' id='word_1_780' title='bbox 3406 4741 3641 4812; x_wconf 78' lang='grc' dir='ltr'><strong>Κύριον·</strong></span> <span class='ocrx_word' id='word_1_781' title='bbox 3664 4740 3804 4807; x_wconf 72' lang='grc' dir='ltr'><strong>πλὴν</strong></span> <span class='ocrx_word' id='word_1_782' title='bbox 3833 4737 3937 4790; x_wconf 75' lang='grc' dir='ltr'><strong>ἴσθι</strong></span> <span class='ocrx_word' id='word_1_783' title='bbox 3966 4737 4043 4789; x_wconf 82' lang='grc' dir='ltr'><strong>ὅτι</strong></span> 
     </span>
    </p>
   </div>
   <div class='ocr_carea' id='block_1_110' title="bbox 2473 4828 4045 4905">
    <p class='ocr_par' dir='ltr' id='par_1_110' title="bbox 2473 4828 4045 4905">
     <span class='ocr_line' id='line_1_110' title="bbox 2473 4828 4045 4905; baseline -0.01 -12"><span class='ocrx_word' id='word_1_784' title='bbox 2473 4843 2531 4893; x_wconf 87' lang='grc' dir='ltr'><strong>ἐν</strong></span> <span class='ocrx_word' id='word_1_785' title='bbox 2562 4837 2739 4904; x_wconf 86' lang='grc' dir='ltr'><strong>πολλῷ</strong></span> <span class='ocrx_word' id='word_1_786' title='bbox 2769 4836 2924 4904; x_wconf 85' lang='grc' dir='ltr'><strong>κόπῳ</strong></span> <span class='ocrx_word' id='word_1_787' title='bbox 2948 4834 3044 4887; x_wconf 77' lang='grc' dir='ltr'><strong>καὶ</strong></span> <span class='ocrx_word' id='word_1_788' title='bbox 3074 4832 3280 4905; x_wconf 77' lang='grc' dir='ltr'><strong>ἱδρῶτι,</strong></span> <span class='ocrx_word' id='word_1_789' title='bbox 3317 4831 3472 4902; x_wconf 75' lang='grc' dir='ltr'><strong>φησὶ,</strong></span> <span class='ocrx_word' id='word_1_790' title='bbox 3497 4828 3594 4882; x_wconf 89' lang='grc' dir='ltr'><strong>τοῦ</strong></span> <span class='ocrx_word' id='word_1_791' title='bbox 3632 4828 3923 4898; x_wconf 84' lang='grc' dir='ltr'><strong>προσώπου</strong></span> <span class='ocrx_word' id='word_1_792' title='bbox 3955 4842 4045 4878; x_wconf 83' lang='grc' dir='ltr'><strong>σου</strong></span> 
     </span>
    </p>
   </div>
   <div class='ocr_carea' id='block_1_111' title="bbox 2474 4917 4041 5001">
    <p class='ocr_par' dir='ltr' id='par_1_111' title="bbox 2474 4917 4041 5001">
     <span class='ocr_line' id='line_1_111' title="bbox 2474 4917 4041 5001; baseline -0.01 -16"><span class='ocrx_word' id='word_1_793' title='bbox 2474 4930 2726 5001; x_wconf 70' lang='grc' dir='ltr'><strong>ἀπολήψῃ</strong></span> <span class='ocrx_word' id='word_1_794' title='bbox 2764 4927 2854 4981; x_wconf 72' lang='grc' dir='ltr'><strong>τὸν</strong></span> <span class='ocrx_word' id='word_1_795' title='bbox 2886 4925 3115 4980; x_wconf 81' lang='grc' dir='ltr'><strong>πλοῦτόν</strong></span> <span class='ocrx_word' id='word_1_796' title='bbox 3147 4939 3274 4977; x_wconf 72' lang='grc' dir='ltr'><strong>σουο</strong></span> <span class='ocrx_word' id='word_1_797' title='bbox 3316 4922 3377 4975; x_wconf 84' lang='grc' dir='ltr'><strong>οὐ</strong></span> <span class='ocrx_word' id='word_1_798' title='bbox 3433 4922 3543 4990; x_wconf 88' lang='grc' dir='ltr'><strong>γάρ</strong></span> <span class='ocrx_word' id='word_1_799' title='bbox 3587 4936 3669 4972; x_wconf 89' lang='grc' dir='ltr'><strong>σοι</strong></span> <span class='ocrx_word' id='word_1_800' title='bbox 3713 4917 4041 4986; x_wconf 76' lang='grc' dir='ltr'><strong>λυσιτελὴςή</strong></span> 
     </span>
    </p>
   </div>
   <div class='ocr_carea' id='block_1_112' title="bbox 2474 5009 4043 5089">
    <p class='ocr_par' dir='ltr' id='par_1_112' title="bbox 2474 5009 4043 5089">
     <span class='ocr_line' id='line_1_112' title="bbox 2474 5009 4043 5089; baseline -0.011 -12"><span class='ocrx_word' id='word_1_801' title='bbox 2474 5024 2566 5078; x_wconf 81' lang='grc' dir='ltr'><strong>τοῦ</strong></span> <span class='ocrx_word' id='word_1_802' title='bbox 2588 5020 2794 5089; x_wconf 76' lang='grc' dir='ltr'><strong>ἀγαθοῦ</strong></span> <span class='ocrx_word' id='word_1_803' title='bbox 2824 5020 3023 5081; x_wconf 67' lang='grc' dir='ltr'><strong>ἄπονος</strong></span> <span class='ocrx_word' id='word_1_804' title='bbox 3048 5016 3242 5085; x_wconf 80' lang='grc' dir='ltr'><strong>κτῆσις</strong></span> <span class='ocrx_word' id='word_1_805' title='bbox 3272 5031 3285 5046; x_wconf 91' lang='grc'><strong>·</strong></span> <span class='ocrx_word' id='word_1_806' title='bbox 3318 5014 3548 5082; x_wconf 83' lang='grc' dir='ltr'><strong>ἐπείπερ</strong></span> <span class='ocrx_word' id='word_1_807' title='bbox 3597 5011 3832 5080; x_wconf 70' lang='grc' dir='ltr'><strong>ἀπονητὶ</strong></span> <span class='ocrx_word' id='word_1_808' title='bbox 3874 5009 4043 5063; x_wconf 74' lang='grc' dir='ltr'>λαϐὼν</span> 
     </span>
    </p>
   </div>
   <div class='ocr_carea' id='block_1_113' title="bbox 2472 5098 4043 5178">
    <p class='ocr_par' dir='ltr' id='par_1_113' title="bbox 2472 5098 4043 5178">
     <span class='ocr_line' id='line_1_113' title="bbox 2472 5098 4043 5178; baseline -0.011 -10"><span class='ocrx_word' id='word_1_809' title='bbox 2472 5113 2762 5175; x_wconf 82' lang='grc' dir='ltr'><strong>ἀπώλεσας</strong></span> <span class='ocrx_word' id='word_1_810' title='bbox 2798 5110 2939 5178; x_wconf 75' lang='grc' dir='ltr'><strong>άπερ</strong></span> <span class='ocrx_word' id='word_1_811' title='bbox 2969 5106 3221 5176; x_wconf 72' lang='grc' dir='ltr'><strong>εἴληφας,</strong></span> <span class='ocrx_word' id='word_1_812' title='bbox 3268 5104 3361 5157; x_wconf 69' lang='grc' dir='ltr'><strong>καὶ</strong></span> <span class='ocrx_word' id='word_1_813' title='bbox 3390 5101 3467 5172; x_wconf 78' lang='grc' dir='ltr'><strong>τῷ</strong></span> <span class='ocrx_word' id='word_1_814' title='bbox 3514 5100 3695 5171; x_wconf 81' lang='grc' dir='ltr'><strong>ἐχθρῷ</strong></span> <span class='ocrx_word' id='word_1_815' title='bbox 3735 5098 4043 5171; x_wconf 79' lang='grc' dir='ltr'><strong>προῦδωκας</strong></span> 
     </span>
    </p>
   </div>
   <div class='ocr_carea' id='block_1_114' title="bbox 2474 5192 4041 5277">
    <p class='ocr_par' dir='ltr' id='par_1_114' title="bbox 2474 5192 4041 5277">
     <span class='ocr_line' id='line_1_114' title="bbox 2474 5192 4041 5277; baseline -0.012 -16"><span class='ocrx_word' id='word_1_816' title='bbox 2474 5208 2584 5277; x_wconf 75' lang='grc' dir='ltr'><strong>τὴνι</strong></span> <span class='ocrx_word' id='word_1_817' title='bbox 2607 5202 2971 5275; x_wconf 85' lang='grc' dir='ltr'><strong>κληρονομίαν</strong></span> <span class='ocrx_word' id='word_1_818' title='bbox 3001 5217 3095 5253; x_wconf 85' lang='grc' dir='ltr'><strong>σου</strong></span> <span class='ocrx_word' id='word_1_819' title='bbox 3113 5218 3126 5231; x_wconf 77' lang='grc' dir='ltr'><strong>ο</strong></span> <span class='ocrx_word' id='word_1_820' title='bbox 3158 5196 3470 5267; x_wconf 84' lang='grc' dir='ltr'><strong>ἐπιγνῶμεν</strong></span> <span class='ocrx_word' id='word_1_821' title='bbox 3493 5194 3585 5247; x_wconf 80' lang='grc' dir='ltr'><strong>οῦν</strong></span> <span class='ocrx_word' id='word_1_822' title='bbox 3607 5194 3841 5255; x_wconf 71' lang='grc' dir='ltr'><strong>ἕκαστος</strong></span> <span class='ocrx_word' id='word_1_823' title='bbox 3869 5192 4041 5244; x_wconf 76' lang='grc' dir='ltr'><strong>τίποτε</strong></span> 
     </span>
    </p>
   </div>
   <div class='ocr_carea' id='block_1_115' title="bbox 2474 5283 4043 5367">
    <p class='ocr_par' dir='ltr' id='par_1_115' title="bbox 2474 5283 4043 5367">
     <span class='ocr_line' id='line_1_115' title="bbox 2474 5283 4043 5367; baseline -0.013 -14"><span class='ocrx_word' id='word_1_824' title='bbox 2474 5298 2539 5367; x_wconf 85' lang='grc' dir='ltr'><strong>δὴ</strong></span> <span class='ocrx_word' id='word_1_825' title='bbox 2555 5296 2938 5363; x_wconf 77' lang='grc' dir='ltr'><strong>ἀπωλέσαμεν,</strong></span> <span class='ocrx_word' id='word_1_826' title='bbox 2971 5292 3063 5344; x_wconf 81' lang='grc' dir='ltr'><strong>καὶ</strong></span> <span class='ocrx_word' id='word_1_827' title='bbox 3088 5289 3179 5342; x_wconf 82' lang='grc' dir='ltr'><strong>τὸν</strong></span> <span class='ocrx_word' id='word_1_828' title='bbox 3209 5288 3402 5358; x_wconf 76' lang='grc' dir='ltr'><strong>θρῆνον</strong></span> <span class='ocrx_word' id='word_1_829' title='bbox 3423 5285 3779 5355; x_wconf 78' lang='grc' dir='ltr'><strong>ἀναλάϐωμεν</strong></span> <span class='ocrx_word' id='word_1_830' title='bbox 3804 5283 3900 5337; x_wconf 87' lang='grc' dir='ltr'><strong>τοῦ</strong></span> <span class='ocrx_word' id='word_1_831' title='bbox 3924 5299 4043 5351; x_wconf 74' lang='grc' dir='ltr'><strong>προ-</strong></span> 
     </span>
    </p>
   </div>
   <div class='ocr_carea' id='block_1_116' title="bbox 2478 5371 4040 5455">
    <p class='ocr_par' dir='ltr' id='par_1_116' title="bbox 2478 5371 4040 5455">
     <span class='ocr_line' id='line_1_116' title="bbox 2478 5371 4040 5455; baseline -0.011 -17"><span class='ocrx_word' id='word_1_832' title='bbox 2478 5386 2679 5455; x_wconf 79' lang='grc' dir='ltr'><strong>φήτου·</strong></span> <span class='ocrx_word' id='word_1_833' title='bbox 2715 5380 2791 5451; x_wconf 81' lang='grc' dir='ltr'><strong>τῷ</strong></span> <span class='ocrx_word' id='word_1_834' title='bbox 2813 5380 2926 5433; x_wconf 82' lang='grc' dir='ltr'><strong>δντι</strong></span> <span class='ocrx_word' id='word_1_835' title='bbox 2956 5378 3065 5450; x_wconf 90' lang='grc' dir='ltr'><strong>γάρ</strong></span> <span class='ocrx_word' id='word_1_836' title='bbox 3086 5375 3466 5444; x_wconf 70' lang='grc' dir='ltr'><strong>κληρονομία</strong></span> <span class='ocrx_word' id='word_1_837' title='bbox 3494 5372 3657 5442; x_wconf 76' lang='grc' dir='ltr'><strong>ἡμῶν</strong></span> <span class='ocrx_word' id='word_1_838' title='bbox 3676 5371 4040 5441; x_wconf 57' lang='grc' dir='ltr'><strong>μετεστράφη</strong></span> 
     </span>
    </p>
   </div>
   <div class='ocr_carea' id='block_1_117' title="bbox 2477 5461 4039 5541">
    <p class='ocr_par' dir='ltr' id='par_1_117' title="bbox 2477 5461 4039 5541">
     <span class='ocr_line' id='line_1_117' title="bbox 2477 5461 4039 5541; baseline -0.009 -12"><span class='ocrx_word' id='word_1_839' title='bbox 2477 5473 2854 5541; x_wconf 73' lang='grc' dir='ltr'><strong>ἀλλοτρίοις,</strong></span> <span class='ocrx_word' id='word_1_840' title='bbox 2880 5472 2976 5524; x_wconf 76' lang='grc' dir='ltr'><strong>καὶ</strong></span> <span class='ocrx_word' id='word_1_841' title='bbox 3017 5473 3049 5523; x_wconf 87' lang='grc' dir='ltr'><em>ὁ</em></span> <span class='ocrx_word' id='word_1_842' title='bbox 3076 5466 3238 5535; x_wconf 78' lang='grc' dir='ltr'><strong>οἶκος</strong></span> <span class='ocrx_word' id='word_1_843' title='bbox 3272 5466 3440 5535; x_wconf 77' lang='grc' dir='ltr'><strong>ἡμῶν</strong></span> <span class='ocrx_word' id='word_1_844' title='bbox 3466 5461 3666 5530; x_wconf 74' lang='grc' dir='ltr'><strong>ξένοις</strong></span> <span class='ocrx_word' id='word_1_845' title='bbox 3687 5480 3702 5496; x_wconf 77' lang='grc' dir='ltr'><strong>ο</strong></span> <span class='ocrx_word' id='word_1_846' title='bbox 3752 5464 3830 5533; x_wconf 85' lang='grc' dir='ltr'><strong>τῷ</strong></span> <span class='ocrx_word' id='word_1_847' title='bbox 3875 5481 4039 5535; x_wconf 80' lang='grc' dir='ltr'><strong>παρα-</strong></span> 
     </span>
    </p>
   </div>
   <div class='ocr_carea' id='block_1_118' title="bbox 2483 5553 4036 5631">
    <p class='ocr_par' dir='ltr' id='par_1_118' title="bbox 2483 5553 4036 5631">
     <span class='ocr_line' id='line_1_118' title="bbox 2483 5553 4036 5631; baseline -0.008 -15"><span class='ocrx_word' id='word_1_848' title='bbox 2483 5563 2662 5617; x_wconf 90' lang='grc' dir='ltr'><strong>κούειν</strong></span> <span class='ocrx_word' id='word_1_849' title='bbox 2694 5562 2790 5631; x_wconf 86' lang='grc' dir='ltr'><strong>τῆς</strong></span> <span class='ocrx_word' id='word_1_850' title='bbox 2808 5560 3025 5628; x_wconf 82' lang='grc' dir='ltr'><strong>ἐντολῆς</strong></span> <span class='ocrx_word' id='word_1_851' title='bbox 3046 5559 3139 5612; x_wconf 78' lang='grc' dir='ltr'><strong>καὶ</strong></span> <span class='ocrx_word' id='word_1_852' title='bbox 3168 5560 3278 5621; x_wconf 90' lang='grc' dir='ltr'><strong>τοῖς</strong></span> <span class='ocrx_word' id='word_1_853' title='bbox 3308 5555 3517 5610; x_wconf 83' lang='grc' dir='ltr'><strong>ἐαυτῶν</strong></span> <span class='ocrx_word' id='word_1_854' title='bbox 3536 5554 3841 5625; x_wconf 83' lang='grc' dir='ltr'><strong>Θελήμασιν</strong></span> <span class='ocrx_word' id='word_1_855' title='bbox 3862 5553 4036 5613; x_wconf 79' lang='grc' dir='ltr'><strong>εἴκειν,</strong></span> 
     </span>
    </p>
   </div>
   <div class='ocr_carea' id='block_1_119' title="bbox 2482 5645 4037 5724">
    <p class='ocr_par' dir='ltr' id='par_1_119' title="bbox 2482 5645 4037 5724">
     <span class='ocr_line' id='line_1_119' title="bbox 2482 5645 4037 5724; baseline -0.01 -11"><span class='ocrx_word' id='word_1_856' title='bbox 2482 5656 2577 5709; x_wconf 74' lang='grc' dir='ltr'><strong>καὶ</strong></span> <span class='ocrx_word' id='word_1_857' title='bbox 2605 5656 2717 5718; x_wconf 84' lang='grc' dir='ltr'><strong>τοῖς</strong></span> <span class='ocrx_word' id='word_1_858' title='bbox 2767 5653 3034 5724; x_wconf 80' lang='grc' dir='ltr'><strong>ῥυπαροῖς</strong></span> <span class='ocrx_word' id='word_1_859' title='bbox 3076 5649 3172 5705; x_wconf 72' lang='grc' dir='ltr'><strong>καὶ</strong></span> <span class='ocrx_word' id='word_1_860' title='bbox 3199 5649 3407 5720; x_wconf 87' lang='grc' dir='ltr'><strong>γηῖνοις</strong></span> <span class='ocrx_word' id='word_1_861' title='bbox 3431 5645 3716 5718; x_wconf 81' lang='grc' dir='ltr'><strong>ἐνήδεσθαι</strong></span> <span class='ocrx_word' id='word_1_862' title='bbox 3741 5645 4037 5717; x_wconf 84' lang='grc' dir='ltr'><strong>λογισμοῖς·</strong></span> 
     </span>
    </p>
   </div>
   <div class='ocr_carea' id='block_1_120' title="bbox 880 5828 2560 5919">
    <p class='ocr_par' dir='ltr' id='par_1_120' title="bbox 880 5828 2560 5919">
     <span class='ocr_line' id='line_1_120' title="bbox 880 5828 2560 5919; baseline 0 -34"><span class='ocrx_word' id='word_1_863' title='bbox 880 5832 901 5863; x_wconf 78' lang='grc'><strong>⁸</strong></span> <span class='ocrx_word' id='word_1_864' title='bbox 932 5828 1097 5886; x_wconf 76' lang='lat' dir='ltr'><strong>Hebr.</strong></span> <span class='ocrx_word' id='word_1_865' title='bbox 1138 5848 1191 5899; x_wconf 91' lang='lat' dir='ltr'><strong>v,</strong></span> <span class='ocrx_word' id='word_1_866' title='bbox 1237 5834 1287 5887; x_wconf 88' lang='lat'><strong>7.</strong></span> <span class='ocrx_word' id='word_1_867' title='bbox 1364 5834 1383 5865; x_wconf 86' lang='grc'>³</span> <span class='ocrx_word' id='word_1_868' title='bbox 1426 5833 1567 5889; x_wconf 85' lang='lat' dir='ltr'><strong>Psal.</strong></span> <span class='ocrx_word' id='word_1_869' title='bbox 1602 5850 1753 5900; x_wconf 77' lang='lat' dir='ltr'><strong>mn,</strong></span> <span class='ocrx_word' id='word_1_870' title='bbox 1804 5833 1882 5889; x_wconf 73' lang='grc'><strong>13.</strong></span> <span class='ocrx_word' id='word_1_871' title='bbox 1963 5834 2037 5919; x_wconf 67' lang='lat' dir='ltr'><strong>&quot;l</strong></span> <span class='ocrx_word' id='word_1_872' title='bbox 2074 5833 2200 5890; x_wconf 86' lang='lat' dir='ltr'><strong>Cor.</strong></span> <span class='ocrx_word' id='word_1_873' title='bbox 2244 5850 2336 5901; x_wconf 79' lang='lat' dir='ltr'><strong>xv,</strong></span> <span class='ocrx_word' id='word_1_874' title='bbox 2376 5834 2464 5889; x_wconf 73' lang='lat'><strong>27.</strong></span> <span class='ocrx_word' id='word_1_875' title='bbox 2541 5834 2560 5867; x_wconf 83' lang='lat'><strong>&#39;</strong></span> 
     </span>
    </p>
   </div>
   <div class='ocr_carea' id='block_1_121' title="bbox 1300 5828 2980 5919">
    <p class='ocr_par' dir='ltr' id='par_1_121' title="bbox 1364 5829 2980 5919">
     <span class='ocr_line' id='line_1_121' title="bbox 1364 5829 2980 5919; baseline -0.002 -30"><span class='ocrx_word' id='word_1_876' title='bbox 1364 5834 1383 5865; x_wconf 87' lang='grc'>³</span> <span class='ocrx_word' id='word_1_877' title='bbox 1426 5833 1567 5889; x_wconf 85' lang='lat' dir='ltr'><strong>Psal.</strong></span> <span class='ocrx_word' id='word_1_878' title='bbox 1602 5850 1753 5900; x_wconf 77' lang='lat' dir='ltr'><strong>mn,</strong></span> <span class='ocrx_word' id='word_1_879' title='bbox 1804 5833 1882 5889; x_wconf 73' lang='grc'><strong>13.</strong></span> <span class='ocrx_word' id='word_1_880' title='bbox 1963 5834 2037 5919; x_wconf 67' lang='lat' dir='ltr'><strong>&quot;l</strong></span> <span class='ocrx_word' id='word_1_881' title='bbox 2074 5833 2200 5890; x_wconf 86' lang='lat' dir='ltr'><strong>Cor.</strong></span> <span class='ocrx_word' id='word_1_882' title='bbox 2244 5850 2336 5901; x_wconf 79' lang='lat' dir='ltr'><strong>xv,</strong></span> <span class='ocrx_word' id='word_1_883' title='bbox 2376 5834 2464 5889; x_wconf 73' lang='lat'><strong>27.</strong></span> <span class='ocrx_word' id='word_1_884' title='bbox 2541 5834 2560 5867; x_wconf 86' lang='lat'><strong>&#39;</strong></span> <span class='ocrx_word' id='word_1_885' title='bbox 2604 5832 2807 5889; x_wconf 83' lang='lat' dir='ltr'><strong>Thren.</strong></span> <span class='ocrx_word' id='word_1_886' title='bbox 2845 5847 2896 5899; x_wconf 82' lang='lat' dir='ltr'><strong>v,</strong></span> <span class='ocrx_word' id='word_1_887' title='bbox 2927 5829 2980 5885; x_wconf 74' lang='lat'><strong>2.</strong></span> 
     </span>
    </p>
   </div>
  </div>
