4254 6358
288 417 396 485 881

1140 422 1373 519 ΙιῐΒΕῖὶ
1411 422 1509 486 DE
1545 422 1955 485 PATIENTIA
1991 421 2088 483 ET
2125 416 2654 482 DISCRETIONE.

3428 408 3533 476 882

286 538 434 592 ὥστε
455 537 552 591 καὶ
575 535 756 607 πολλῷ
779 537 1109 608 διαστήματι
1136 541 1258 594 τότε
1287 541 1483 612 ἀπέχει
1519 542 1675 613 ἡμῶν
1701 543 1733 613 ή
1755 541 1855 610 ψυ-
1883 544 1931 602 Α
1956 553 1966 591 l

1846 572 1855 584 .
1883 544 1931 602 Α
1956 538 2045 591 nis
2076 544 2135 592 et
2162 534 2403 592 sordidis
2444 531 2871 607 cogitationibus
2911 526 3169 586 delectati
3224 525 3526 592 luet-imus;

287 630 363 701 κὴ
393 630 502 683 ἀπὸ
526 628 620 682 τοῦ
645 628 781 682 Θεοῦ
797 645 813 660 ⁸
835 630 909 692 ώς
929 631 1022 683 καὶ
1042 631 1294 701 ὀρφανοῖς
1314 634 1572 703 δοίκαμεν
1594 635 1669 705 μὴ
1680 633 1860 705 ἔχουσι

292 719 541 790 πατέρα·
574 712 726 787 ᾧτινι
775 715 869 773 οὖν
914 719 1065 789 μέλει
1109 722 1240 788 περὶ
1280 722 1479 793 ψυχῆς,
1534 723 1862 791 ἀγωνιστέον

288 810 466 878 ὁπόση
500 808 729 878 δύναμις
790 799 1073 881 καθαίρειν
1105 810 1401 882 λογισμοὺς
1447 817 1739 886 πονηροὺς,
1768 815 1862 871 καὶ

290 898 421 955 πᾶν
442 900 658 969 ὕψωμα
689 901 1083 970 ἐπαιρόμενον
1100 902 1253 956 κατά
1293 903 1406 972 τῆς
1450 906 1725 974 γνώσεως
1754 907 1863 964 τοῦ

294 990 485 1044 Θεοῦ·
522 991 616 1044 καὶ
644 991 788 1051 οὕτω
815 988 1149 1061 βιαζομένών
1186 993 1278 1047 τὸν
1307 993 1433 1047 ναὸν
1453 993 1549 1048 τοῦ
1581 994 1717 1049 Θεοῦ
1760 1014 1864 1068 τη-

293 1084 410 1152 ρεῖν
449 1082 696 1149 ἀσπιλον,
751 1082 875 1135 τότε
918 1081 1137 1154 ῑρχεται
1172 1084 1202 1138 6
1227 1084 1692 1156 εωγγειλάμενος
1725 1088 1863 1140 ενοι.

292 1174 463 1244 κῆσαι
502 1173 597 1227 καὶ
655 1172 1108 1244 ἀμπεριπατῆσαι
1137 1177 1196 1229 δν
1242 1175 1411 1246 ἡμῖν·
1446 1177 1541 1231 καὶ
1564 1175 1687 1231 τότε
1725 1179 1863 1233 ἀπο·

292 1262 563 1333 λαμϐάνει
593 1262 691 1315 καὶ
706 1261 808 1332 τὴν
831 1261 1034 1332 εαυτῆς
1067 1261 1431 1333 κληρονομίαν
1479 1266 1514 1335 η
1573 1263 1743 1335 ψυχὴ,
1775 1266 1868 1321 καὶ

291 1353 427 1415 ναὸς
457 1351 593 1406 Θεοῦ
642 1351 899 1420 γενέσθαι
936 1352 1311 1420 καταξιοῦται.
1346 1353 1520 1419 Δύτδς
1574 1354 1683 1426 γάρ
1711 1348 1866 1422 οὗτος

293 1440 448 1512 αὐτῷ
470 1441 840 1512 στρατεύματι
878 1442 971 1497 τὸν
1008 1444 1243 1515 πονηρὸν
1279 1444 1562 1512 ικδιώξας,
1591 1446 1654 1499 τὸ
1680 1447 1865 1503 λοιπὸν

294 1535 358 1586 εν
389 1531 522 1599 ἡμῖν
554 1527 881 1599 βασιλεύσει.

1968 637 2029 683 ut
2061 626 2200 683 adeo
2237 627 2399 697 longa
2431 641 2562 681 sane
2612 633 2743 681 tunc
2795 624 3055 678 distantia
3083 620 3304 675 abesset
3344 633 3374 673 a
3421 617 3535 672 Deo

1966 719 2147 774 anima
2170 726 2389 783 nostra;
2422 727 2479 771 et
2512 714 2796 770 assimilati
2827 710 3092 782 orphanis
3123 710 3295 765 simus
3321 719 3536 778 patrem

1966 824 2080 865 non
2111 808 2461 865 habentibus.
2489 806 2592 861 Cui
2622 821 2751 877 ergo
2772 820 2918 861 eum
2944 810 3024 859 est
3065 802 3269 863 anima,
3297 798 3428 854 huic
3449 807 3537 853 to-

1969 901 2041 959 tis
2063 899 2504 956 contendendum
2537 898 2747 953 viribus
2799 906 2885 952 est
2932 894 2999 950 ad
3045 892 3296 949 funditus
3342 890 3537 945 exstir-

1969 992 2419 1064 pandasemente
2439 1005 2537 1045 sua
2565 1003 2763 1059 pravas
2799 987 3188 1057 cogitationes;
3232 992 3290 1038 et
3332 996 3538 1035 omnem

1969 1082 2309 1138 altitudinem
2346 1080 2682 1137 extollentem
2710 1096 2766 1134 se
2808 1080 3055 1134 adversus
3080 1075 3357 1130 scientiam
3384 1071 3535 1127 Dei'.

1967 1174 2199 1242 Quando
2226 1174 2375 1229 enim
2409 1176 2482 1230 ita
2509 1173 2671 1229 nobis
2702 1172 2806 1243 ipsi
2821 1171 2934 1226 vim
2967 1169 3287 1233 inieremus,
3308 1165 3377 1222 ad
3406 1174 3544 1220 tem-

1965 1266 2117 1336 plum
2156 1266 2254 1322 Dei
2311 1265 2736 1322 custodiendum
2793 1276 2992 1333 expers
3051 1258 3233 1315 omnis
3280 1256 3538 1319 maculae,

1966 1364 2101 1413 tunc
2130 1358 2318 1414 veniet
2349 1357 2418 1412 ad
2445 1372 2546 1413 nos
2580 1356 2676 1427 qui
2704 1354 2960 1426 promisit
2985 1367 3047 1410 se
3084 1352 3466 1407 habitatorum
3482 1352 3541 1402 et

1964 1447 2372 1502 ambulaturum
2402 1448 2458 1502 in
2490 1446 2673 1503 nobis.
2713 1445 2779 1501 Et
2819 1453 2951 1499 tunc
2998 1449 3241 1499 resnmet
3282 1438 3540 1495 amissam

1963 1538 2340 1594 hereditatem
2398 1553 2551 1593 suam
2606 1537 2810 1601 anima,
2839 1545 2897 1591 et
2947 1534 3213 1603 templum
3270 1529 3369 1585 Dei
3422 1524 3540 1582 iieri

296 1620 465 1689 digna
493 1619 808 1674 habebitur.
842 1619 963 1689 Ipse
996 1620 1143 1675 enim
1169 1621 1224 1677 in
1252 1619 1434 1692 fugam
1464 1623 1690 1695 ejiciens
1722 1640 1847 1681 cum
1865 1628 2109 1683 exercitu
2145 1626 2464 1697 malignum,
2487 1626 2555 1681 de
2581 1635 2785 1682 caetero
2811 1625 2866 1678 in
2898 1623 3060 1677 nobis
3084 1619 3356 1691 regnabit.

370 1712 458 1765 K'.
500 1709 561 1762 '0
580 1710 655 1780 τῷ
685 1710 823 1765 Καῖν
877 1712 1063 1781 ῥηθεὶς
1091 1712 1197 1766 ὑπὸ
1226 1714 1319 1768 τοῦ
1353 1716 1698 1787 Δημιουργοῦ
1728 1720 1867 1772 κατά

295 1801 361 1857 τὸ
397 1803 629 1873 φανερὸν
653 1802 829 1871 λόγος.
858 1803 1093 1859 smm-
1124 1805 1221 1858 καί
1247 1806 1475 1876 τρόμων
1506 1808 1604 1863 καί
1632 1810 1867 1863 παλλό-

2040 1716 2160 1773 XX.
2192 1717 2349 1785 Quod
2368 1716 2539 1773 Caino
2563 1716 2867 1772 secundum
2893 1713 3209 1769 seusibilem
3241 1709 3539 1764 litteratae.

1972 1824 2107 1864 num
2137 1809 2347 1864 dictum
2378 1824 2409 1863 a
2442 1808 2706 1864 Creatore
2737 1806 2970 1863 verbum
3006 1811 3127 1859 est:
3163 1803 3402 1861 Gemens.
3429 1807 3539 1853 tre.

292 1910 482 1962 μενος
507 1893 606 1947 ἐπὶ
625 1892 735 1961 τῆς
755 1892 870 1964 τῆς
884 1894 1019 1963 ἔσῃ,
1049 1894 1220 1963 τύπος
1235 1913 1321 1960 τις
1348 1896 1444 1952 καὶ
1462 1898 1623 1952 είκὼν
1655 1899 1870 1953 πάντων
1903 1936 1943 1964 ι,

1862 1916 1870 1948 ν
1903 1936 1943 1964 ,,
1974 1909 2136 1960 mens,
2164 1902 2215 1947 et
2245 1894 2475 1947 titubans
2509 1907 2669 1962 super
2694 1899 2891 1944 terrent
2925 1888 3028 1943 eris
3056 1887 3109 1949 ⁷.
3141 1886 3294 1957 juxta
3320 1896 3542 1937 sensum

300 1984 643 2054 ἁμαρτωλῶν
684 1986 825 2038 κατὰ
857 1985 919 2037 τδ
954 1987 1265 2058 ἀπόρρητον
1311 1982 1400 2058 ἦν.
1440 1987 1598 2044 Οὕτω
1650 1989 1760 2060 γὰρ
1810 1989 1871 2043 τὸ

298 2075 399 2129 τοῦ
440 2074 608 2144 ’Δδάμ
636 2076 792 2143 γένος
814 2076 915 2145 τῆς
939 2077 1156 2147 ἐντολῆς
1175 2078 1427 2145 ικπεσὺν,
1451 2078 1545 2133 καὶ
1574 2080 1872 2150 ἁμαρτίαις

301 2164 490 2235 ινοχον
510 2165 734 2233 γεγονὸς
768 2165 1055 2221 σαλεύεται
1081 2166 1362 2239 λογισμοῖς
1398 2170 1673 2233 ἀστάτοις.
1706 2171 1870 2239 φόϐου

300 2272 364 2308 τε
400 2256 494 2309 καὶ
526 2254 729 2318 δειλίας
755 2258 851 2310 καὶ
880 2258 1128 2328 ταραχῆς
1150 2258 1525 2329 πληρούμενον
1545 2273 1562 2289 °
1613 2260 1777 2314 αὐτοῦ
1809 2277 1870 2315 τε

300 2346 399 2401 τοῦ
454 2347 651 2419 ἔχθροῦ
681 2347 997 2418 επιθυμίαις
1019 2349 1113 2402 καὶ
1139 2350 1353 2420 ἡδοναῖς
1378 2350 1652 2414 ποικίλαις
1689 2353 1872 2405 πᾶσαν

300 2436 505 2509 ψυχὴν.
539 2438 639 2506 τὴν
663 2437 739 2509 μὴ
766 2438 1170 2510 γεγεννημένην
1204 2441 1270 2494 εκ
1314 2439 1410 2493 τοῦ
1436 2439 1593 2507 Θεοῦ,
1614 2440 1869 2495 κλυδωνί-

302 2530 510 2593 ζοντος,
549 2529 754 2594 καὶὼς
812 2532 956 2584 σῖτον
983 2530 1092 2584 τινὶ
1136 2530 1290 2601 σινίῳ
1343 2533 1760 2604 ἀνστρέφοντος·
1808 2535 1870 2589 οὐ

305 2618 415 2691 μὴν
440 2619 575 2673 ἀλλά
624 2620 719 2674 καὶ
765 2621 927 2684 αὐτὸς
972 2623 1001 2676 6
1035 2621 1235 2693 Κύριος
1260 2624 1385 2687 τοὺς
1419 2628 1530 2688 τοῖς
1574 2626 1872 2697 θελήμασιν

304 2712 608 2780 ἑπομένους
627 2711 722 2766 τοῦ
762 2712 1018 2783 πονηροῦ,
1047 2714 1308 2772 δεικνύων
1334 2717 1417 2770 ὅτι
1440 2716 1538 2788 τὴν
1561 2717 1743 2771 εἰκόνα
1774 2718 1873 2785 τῆς

303 2800 401 2854 τοῦ
458 2798 596 2854 Καῖν
642 2800 967 2865 διασώζουσι
1018 2804 1306 2876 πονηρίας,
1352 2802 1589 2874 Nqu
1636 2804 1870 2871 αὐτοὺς.

314 2887 524 2957 Ὑμεῖς,
567 2889 743 2960 ἔλεγε,
789 2890 897 2959 τὰς
936 2893 1253 2963 excaupr
1304 2894 1413 2949 τοῦ
1441 2894 1663 2963 πατρὸς
1708 2892 1875 2963 ὑμῶν

304 2982 513 3037 θέλετε
553 2983 748 3038 ποιεῖν
774 2984 882 3039 τοῦ
925 2984 1428 3053 ἀνθρωποκτόνου
1449 3002 1465 3019 ·
1488 2984 1719 3062 ἐκεῖνος
1763 2985 1873 3055 γὰρ

302 3075 798 3143 ἀνθρωποκτόνος
821 3076 994 3130 ἐστίν
1030 3074 1317 3147 ἀρχῆθεν,
1357 3076 1457 3131 καί
1489 3076 1560 3131 ἐν
1618 3074 1695 3144 τῇ
1720 3077 1870 3146 ἀλη-

305 3162 437 3230 θεία
456 3164 568 3232 οὐχ
604 3162 883 3232 ἕστηκεν.

1975 1984 2325 2055 allegorieum
2374 1983 2547 2054 ﬁgura
2578 1990 2635 2037 et
2687 1982 2867 2051 imago
2908 1978 3154 2033 omnium
3196 1981 3545 2044 peccatorum

1975 2085 2116 2131 erat.
2142 2074 2234 2131 Sic
2273 2074 2423 2128 enim
2461 2070 2655 2126 Adami
2694 2068 2986 2140 progenies
3024 2076 3360 2133 transgressa
3388 2074 3544 2113 man-

1976 2162 2186 2224 datum.
2234 2171 2294 2217 et
2333 2170 2683 2232 peccatorum
2731 2173 2825 2212 rea
2851 2156 3080 2211 ﬂuctuat
3119 2150 3547 2224 cogitationibus

1976 2254 2261 2325 inquietis,
2310 2260 2484 2317 metu,
2508 2265 2734 2323 pavore,
2766 2246 3181 2320 perturbatione
3216 2244 3397 2315 plena.
3423 2242 3547 2311 Ipso

1975 2353 2240 2415 praeterea
2296 2342 2522 2398 inimico
2575 2338 3044 2411 concupiscentiis
3086 2346 3143 2391 et
3174 2333 3547 2404 voluptatibus

1975 2435 2147 2490 variis
2173 2448 2388 2488 omnem
2414 2448 2537 2503 quae
2571 2440 2893 2502 regenerata
2925 2445 2992 2485 ex
3017 2429 3127 2483 Deo
3152 2441 3262 2481 non
3301 2427 3392 2488 sit,
3429 2423 3548 2493 agi-

1977 2534 2125 2581 tante
2162 2525 2433 2588 animam,
2480 2531 2537 2578 et
2585 2531 2647 2577 ut
2687 2520 2934 2575 triticum
2965 2519 3022 2573 in
3070 2517 3277 2582 cribro,
3329 2529 3548 2570 sursum

1976 2614 2233 2670 deorsum
2288 2613 2548 2684 iactante.
2577 2610 2719 2677 Quid
2758 2609 2905 2680 quod
2934 2618 2992 2664 et
3038 2609 3184 2664 Deus
3219 2607 3337 2678 ipse
3383 2606 3548 2659 obse-

1976 2710 2209 2771 quentes
2258 2700 2639 2755 voluntatibus
2682 2698 2887 2753 diaboli
2946 2712 3043 2767 per
3098 2711 3221 2752 sese
3279 2696 3547 2760 concutit,

1977 2793 2366 2847 demonstrans
2399 2790 2550 2861 ipsos
2594 2790 2887 2861 imaginem
2915 2788 3201 2859 pravitatis
3228 2786 3384 2842 Caini
3412 2800 3549 2840 con-

1977 2898 2237 2939 servare:
2274 2882 2395 2948 Vos,
2429 2881 2630 2952 inquit,
2674 2880 2938 2936 desideria
2965 2881 3138 2950 patris
3185 2879 3346 2933 vestri
3391 2877 3550 2932 vultis

1978 2974 2149 3043 facere
2173 2974 2477 3039 homicida;
2518 2972 2613 3026 ille
2664 2974 2805 3028 enim
2832 2971 3093 3027 homicida
3124 2978 3242 3025 erat
3279 2969 3345 3023 ab
3374 2969 3548 3036 initio,

1977 3074 2030 3122 et
2059 3067 2114 3122 in
2132 3067 2354 3122 veritate
2387 3082 2495 3122 non
2522 3064 2671 3121 stetit
2699 3064 2744 3120 ⁸.

380 3251 510 3307 KA’.
532 3256 830 3309 Κατανοεῖν
849 3257 1136 3328 προσήκει,
1160 3257 1314 3326 φησὶ,
1327 3257 1445 3321 πῶς
1459 3257 1600 3329 ητοῦ
1617 3257 1874 3329 κατάγῆν
1902 3269 1949 3333 c
2052 3252 2060 3320 ἶ

1871 3269 1949 3333 πο
2052 3251 2216 3323 ιεο
2292 3250 2436 3307 XXI.
2496 3248 2857 3307 Considerarc
2916 3248 3226 3314 convenit,
3287 3254 3551 3318 quantum

307 3343 573 3413 βασιλέως
602 3346 699 3399 θέα
754 3346 1083 3418 επιπόθητός
1121 3350 1235 3401 εστι
1266 3348 1364 3402 καὶ
1421 3349 1878 3421 περισπούδαστος

304 3437 421 3498 τοῖς
476 3436 821 3507 ἀνθρώποις·
853 3440 949 3493 καὶ
1009 3440 1117 3503 πᾶς
1143 3442 1290 3503 ὅστις
1320 3440 1475 3494 πόλιν
1503 3440 1787 3511 ιπιδημῶν
1819 3442 1879 3493 εν

307 3518 456 3598 ᾗπερ
498 3529 527 3580 6
557 3527 830 3597 βασιλεὺς,
888 3530 1225 3602 ἐπιθυμητὸν
1280 3529 1431 3599 αύτῷ
1462 3532 1556 3584 καὶ
1598 3532 1756 3601 μόνον
1777 3533 1881 3602 τῆς

308 3616 604 3686 περιϐολῆς
638 3619 765 3672 [δεῖν
788 3619 849 3672 τὺ
880 3619 1166 3683 πολυτελὲς
1196 3620 1290 3674 καὶ
1313 3620 1598 3690 φιλότιμον
1619 3637 1631 3651 ·
1655 3621 1812 3684 ἐκτὸς
1831 3625 1880 3677 εί

310 3707 389 3776 μὴ
540 3706 647 3758 τῶν
669 3710 1055 3778 πνευματικῶν
1074 3710 1355 3777 ἀμελεῖται
1376 3710 1548 3763 ταῦτα
1568 3713 1663 3765 καὶ
1682 3711 1879 3783 ἀτιμά-

309 3796 467 3862 ζεται
489 3815 503 3829 ·
525 3796 601 3865 τῷ
629 3799 799 3869 ἑτέρῳ
814 3799 998 3852 κάλλει
1025 3798 1351 3870 τετρῶσθαι,
1381 3800 1474 3853 καὶ
1496 3800 1662 3869 ἄλλης
1686 3801 1883 3864 αὐτοὺς

304 3886 468 3955 δόξης
497 3889 803 3956 ἐπιθυμεῖν.
826 3888 895 3951 El
933 3884 1028 3943 οὖν
1079 3888 1225 3943 οὕτω
1252 3891 1365 3953 τοῖς
1401 3892 1682 3960 σαρκικοῖς
1718 3890 1751 3960 ἡ
1781 3889 1876 3944 τοῦ

309 3976 509 4047 θνητοῦ
541 3977 802 4047 βασιλέως
832 3978 1193 4033 δσπούδασται
1230 3980 1327 4033 θέα
1345 3995 1361 4010 ο
1393 3979 1507 4043 πῶς
1534 3980 1654 4049 ούχὶ
1682 3980 1883 4048 μᾶλλον

303 4066 405 4123 τοῦ
424 4067 695 4122 ἀθανάτου
712 4068 1079 4139 πολυεραστος
1100 4069 1325 4132 εκείνοις
1348 4067 1515 4134 εστὶν,
1528 4061 1611 4130 οἷς
1628 4066 1881 4132 ενεσταξέ

305 4178 396 4224 τις
430 4162 585 4231 ῥανὶς
628 4161 723 4215 τοῦ
776 4161 982 4229 ἀγαθοῦ
1011 4161 1351 4231 Πνεύματος,
1386 4160 1482 4213 καὶ
1516 4159 1616 4231 τὴν
1656 4157 1882 4230 καρδίαν

308 4253 455 4316 θεῖος
484 4253 715 4322 ἔπληξεν
738 4252 906 4321 ἔρωςς
935 4253 1023 4307 διὰ
1046 4252 1204 4306 τοῦτο
1231 4252 1323 4305 κα)⁸
1354 4252 1534 4322 πάσης
1558 4249 1653 4305 τοῦ
1674 4250 1880 4320 κόσμου

306 4347 495 4414 φιλίας
519 4346 745 4408 ἑαυτοὺς
765 4344 1003 4408 λύουσιν,
1034 4344 1118 4397 ἴνα
1140 4342 1415 4413 δυνηθεῖεν
1444 4344 1651 4397 ἐκεῖνον
1672 4341 1765 4395 τδν
1782 4340 1882 4394 πό-

308 4436 405 4488 θον
457 4436 602 4505 ἔχειν
640 4434 927 4503 ἐγκάρδιον
989 4432 1275 4503 διηνεκῶς,
1332 4420 1424 4484 καὶ
1456 4430 1660 4501 μηδένα
1695 4430 1883 4500 ῑτερον

308 4528 420 4598 πρὸ
446 4528 675 4580 ἐκείνου.
716 4524 915 4591 Ὀλίγοι
951 4524 1007 4576 δὲ
1041 4523 1234 4594 κομιδῇ
1260 4516 1429 4588 οὗτοι,
1456 4522 1569 4591 οἶγε
1598 4523 1663 4592 τῇ
1706 4520 1880 4591 ἀγαθῇ

308 4589 455 4691 ἀρχῇ
490 4620 584 4672 καὶ
608 4612 782 4687 πέρας
832 4589 945 4669 ίσον
975 4589 1327 4680 ἐπιτιθέντες,
1372 4615 1467 4667 καὶ
1499 4589 1660 4683 μέχςῇ⁵
1693 4589 1879 4675 τέλουέ
1912 4589 1956 4644 D

310 4713 654 4783 ἀπρόσκοποι
684 4708 1050 4776 διαμένοντες.
1085 4706 1273 4759 Πολλοὶ
1302 4706 1399 4775 μὲν
1428 4704 1878 4770 κατανύσσονται,

310 4801 412 4855 καὶ
462 4799 648 4851 πολλοὶ
696 4798 914 4867 χάριτος
944 4796 1198 4865 οὐρανίου
1235 4795 1449 4863 μέτοχοι
1494 4793 1754 4862 γίνονται,
1788 4793 1881 4846 καὶ

312 4893 477 4963 ιρωτι
504 4891 897 4958 τιτρώσκονται
936 4886 1066 4956 θείῳ
1086 4902 1101 4917 ο
1126 4886 1262 4938 ἀλλά
1290 4887 1416 4947 τοὺς
1442 4883 1645 4953 μεταξὺ
1666 4885 1879 4948 πόνους,

293 4984 409 5055 ⁷καὶ
434 4982 531 5043 τάς
562 4981 654 5035 τοῦ
679 4978 914 5049 πονηροῦ
951 4978 1148 5047 πείρας
1169 4975 1388 5047 ποικίλῃ
1414 4976 1576 5049 τέχνῃ
1601 4977 1694 5029 καὶ
1720 4976 1884 5031 πολυ-

311 5076 503 5149 τρόπῳ
556 5073 953 5144 προϐάλλοντος
979 5070 1041 5122 οὐ
1074 5068 1462 5137 διενεγκόντες,
1498 5070 1795 5138 ὑπέμεινάν
1826 5086 1885 5121 τε

314 5168 395 5240 τῷ
421 5168 631 5237 κόσμῳ,
663 5167 755 5219 καὶ
779 5163 1140 5231 ὲϐυθίσθησαν
1164 5165 1221 5217 ιν
1250 5161 1327 5232 τῷ
1356 5162 1565 5216 εκείνου
1598 5160 1764 5232 βυθῷ.
1799 5162 1887 5215 διά

314 5258 541 5329 γνώμης
567 5258 870 5328 χαυνότητα
901 5256 995 5307 καὶ
1027 5253 1331 5317 ἀσθένειαν,
1363 5252 1396 5324 ἢ
1428 5252 1517 5306 καὶ
1549 5252 1609 5305 τὸ
1640 5269 1887 5325 προσπα-

318 5353 440 5424 θείᾳ
464 5350 572 5403 τῶν
618 5350 823 5419 γηΐνων
852 5347 1069 5402 ἀλῶναι.
1106 5346 1264 5400 Ὀσοι
1292 5346 1400 5416 γὰρ
1424 5345 1560 5415 πρὸς
1591 5344 1890 5410 ἀσφάλειαν

320 5442 486 5512 μέχρι
513 5440 699 5501 τέλους
726 5438 1043 5509 διαδραμεῖν
1083 5434 1381 5506 βούλονται⁹
1406 5433 1564 5487 ἀλλον
1588 5434 1766 5504 ερωτα
1795 5435 1890 5488 καὶ

318 5533 489 5603 ἀλλην
524 5533 742 5602 ἀγάπην
788 5533 854 5602 τῇ
901 5528 1209 5600 ἐπουρανίῳ
1262 5526 1444 5598 ἐκείνῃ
1473 5525 1889 5597 συμπαραμίξαι

318 5624 419 5693 οὐχ
449 5623 825 5694 ὑπομένουσιν.

396 5781 416 5812 ⁸
455 5780 501 5837 ll
531 5781 655 5837 Cor.
689 5796 743 5847 x,
770 5780 822 5835 ii.
898 5784 920 5815 "
959 5781 1095 5837 Gen.
1131 5797 1204 5849 l\',
1242 5782 1320 5836 l2.
1399 5782 1418 5808 '
1458 5780 1615 5837 loan.
1651 5794 1763 5843 vui.
1804 5776 1888 5833 ll.

1978 3353 2239 3413 aspectus
2276 3342 2482 3398 terreni
2517 3342 2664 3413 regis
2696 3342 3027 3407 desiderari,
3057 3350 3114 3397 et
3134 3355 3297 3410 quam
3336 3338 3553 3394 ardenti

1981 3434 2268 3503 procurari
2297 3433 2484 3489 studio
2514 3433 2585 3488 ab
2614 3433 2937 3489 hominibus
2975 3434 3151 3488 soleat
3177 3448 3190 3485 :
3215 3440 3272 3486 et
3304 3431 3557 3501 quisquis

1980 3525 2037 3579 in
2068 3524 2261 3579 urbem
2314 3524 2558 3588 advenit,
2593 3523 2689 3578 ubi
2739 3539 2837 3579 rex
2886 3524 3058 3594 degit,
3100 3522 3155 3577 in
3197 3537 3265 3578 eo
3306 3520 3556 3590 ﬂagranti

1978 3622 2230 3668 versatur
2257 3621 2409 3676 voto,
2428 3623 2490 3666 ut
2516 3613 2601 3667 vel
2629 3614 2807 3669 solum
2831 3616 3133 3684 pretiosum
3174 3612 3555 3683 splendidum-

1979 3719 2088 3774 que
2118 3702 2307 3772 palatii
2330 3703 2595 3758 ambitum
2620 3704 2836 3771 videat;
2880 3705 2983 3759 nisi
3012 3704 3153 3760 forte
3186 3705 3454 3774 quispiam
3487 3720 3557 3761 ex

1980 3792 2050 3847 iis
2073 3792 2166 3856 sit,
2195 3792 2288 3860 qui
2318 3800 2508 3847 sancto
2540 3807 2600 3848 se
2624 3792 2903 3847 dediderit
2928 3793 3298 3863 Spiritui,qui
3323 3794 3437 3849 luec
3470 3794 3557 3849 in-

1979 3897 2148 3953 super
2178 3882 2398 3948 babeat,
2463 3896 2529 3937 ac
2577 3890 2945 3951 aspernetur;
2996 3882 3104 3938 alia
3143 3883 3557 3953 pulchritudine

1980 3974 2221 4037 saucius,
2253 3972 2504 4043 aliusque
2524 3972 2709 4042 gloriae
2742 3973 2996 4043 cupidus.
3026 3972 3083 4028 Si
3117 3989 3247 4044 ergo
3269 3975 3422 4029 carni
3459 3974 3559 4031 de-

1980 4064 2112 4119 ditis
2134 4064 2457 4119 hominibus
2492 4063 2631 4119 adeo
2670 4064 2987 4134 expetibilis
3023 4074 3301 4131 censetur,
3339 4073 3559 4136 tamque

1981 4153 2139 4208 avide
2164 4161 2417 4222 captatur
2449 4152 2704 4208 intuendi
2746 4153 2893 4224 regis
2922 4155 3172 4210 mortalis
3202 4157 3392 4226 copia;
3424 4171 3561 4226 quo-

1982 4244 2146 4299 modo
2168 4258 2276 4298 non
2302 4243 2804 4312 incomparabiliter
2825 4245 3065 4315 optanda
3087 4248 3260 4313 magis
3274 4246 3412 4302 visio
3437 4246 3560 4303 lue-

1982 4334 2055 4389 rit
2083 4333 2404 4389 immortalis
2427 4332 2611 4405 Regis,
2651 4334 2719 4390 iis
2747 4349 2877 4390 sane
2906 4335 3110 4405 quibus
3127 4336 3340 4405 guttula
3365 4337 3558 4391 saltem

1983 4423 2231 4495 inspersa
2263 4425 2511 4495 quaedam
2552 4425 2793 4496 Spiritus
2834 4426 2988 4490 boni,
3016 4426 3208 4481 divino
3246 4440 3433 4482 amore
3463 4442 3561 4483 cor

1982 4518 2389 4574 vulneraveritl
2412 4518 2757 4589 Quapropter
2784 4518 2876 4573 isti
2906 4518 3057 4574 omni
3088 4518 3281 4574 mundi
3315 4517 3558 4575 amicitia

1984 4624 2044 4665 se
2099 4610 2245 4679 ipsos
2298 4610 2611 4673 exsolvunt,
2658 4618 2719 4664 ut
2765 4610 2983 4679 possint
3031 4625 3363 4681 propensum
3412 4610 3561 4667 hunc

1986 4715 2203 4770 semper
2232 4699 2289 4754 in
2322 4700 2491 4756 corde
2520 4701 2723 4755 habere
2755 4716 3027 4766 amorem,
3066 4709 3123 4757 et
3165 4715 3267 4771 pro
3300 4701 3393 4756 illo
3437 4702 3562 4756 nul-

1986 4793 2098 4847 lum
2125 4792 2318 4849 alium.
2345 4792 2453 4848 Sed
2497 4793 2553 4847 bi
2577 4793 2737 4849 valde
2784 4793 2947 4863 pauci
2990 4802 3161 4848 sunt:
3214 4793 3309 4863 qui
3339 4792 3559 4862 quidem

1988 4884 2135 4939 bono
2167 4884 2441 4955 principio
2482 4898 2668 4953 parem
2714 4883 2879 4939 linem
2928 4882 3245 4954 adiungant,
3300 4890 3356 4937 et
3387 4897 3562 4952 usque

1990 4975 2058 5029 ad
2086 4983 2391 5030 extremum
2419 4975 2686 5031 inoffense
2716 4983 3091 5045 perseverent.
3130 4973 3279 5027 llulti
3301 4986 3564 5042 compun»

1991 5072 2231 5135 guntur;
2265 5065 2421 5120 multi
2446 5066 2635 5137 gratia:
2669 5066 2914 5123 caelestis
2959 5064 3100 5121 nunt
3141 5063 3469 5135 participes;
3508 5071 3565 5117 et

1992 5171 2180 5212 amore
2206 5156 2394 5211 divino
2432 5155 2753 5224 feriuntur;
2799 5156 2895 5212 sed
2924 5155 3019 5226 qui
3050 5154 3202 5210 varie
3247 5169 3347 5225 per
3394 5153 3561 5207 vitam

1996 5247 2539 5313 lncurruntlabores,
2560 5264 2664 5304 nec
2687 5247 2893 5303 diaboli
2923 5247 3257 5303 tentationes
3287 5253 3405 5299 arte
3432 5259 3561 5297 ver-

1994 5340 2244 5410 sutiaque
2280 5338 2459 5396 illatas
2516 5340 2804 5410 multiplici
2827 5340 3120 5405 sustinent,
3150 5345 3207 5392 ct
3248 5335 3301 5392 in
3354 5333 3563 5389 mundo

1996 5439 2344 5503 permanent,
2371 5439 2430 5487 et
2457 5431 2857 5503 demerguntur
2884 5430 2940 5486 in
2956 5431 3080 5501 ejus
3099 5425 3366 5499 profunda
3396 5439 3561 5479 vora-

1995 5522 2141 5593 gine,
2177 5520 2248 5575 ob
2282 5521 2549 5592 propositi
2585 5522 2902 5593 languorem
2938 5529 2995 5576 et
3028 5518 3439 5582 inﬁrmitatem;
3478 5515 3563 5571 vel

2000 5612 2165 5668 etiam
2218 5610 2365 5682 quod
2412 5600 2613 5671 all‘ectu
2665 5623 3013 5671 terrenorum
3058 5608 3370 5679 capiantur.
3429 5603 3562 5672 Qui-
