  <div class='ocr_page' id='page_1' title='image "/cluster/home/n/w/nwhite01/storage/ocr_20150623/34/nnc1.0046978860/451.png"; bbox 0 0 4254 6358; ppageno 0'>
   <div class='ocr_carea' id='block_1_1' title="bbox 766 406 872 470">
    <p class='ocr_par' dir='ltr' id='par_1_1' title="bbox 766 406 872 470">
     <span class='ocr_line' id='line_1_1' title="bbox 766 406 872 470; baseline 0.009 -1"><span class='ocrx_word' id='word_1_1' title='bbox 766 406 872 470; x_wconf 87' lang='lat'><strong>883</strong></span> 
     </span>
    </p>
   </div>
   <div class='ocr_carea' id='block_1_2' title="bbox 1992 401 2766 463">
    <p class='ocr_par' dir='ltr' id='par_1_2' title="bbox 1992 401 2766 463">
     <span class='ocr_line' id='line_1_2' title="bbox 1992 401 2766 463; baseline -0.004 -1"><span class='ocrx_word' id='word_1_2' title='bbox 1992 404 2053 462; x_wconf 91' lang='lat' dir='ltr'><strong>S.</strong></span> <span class='ocrx_word' id='word_1_3' title='bbox 2092 401 2409 463; x_wconf 78' lang='lat' dir='ltr'><strong>MACARII</strong></span> <span class='ocrx_word' id='word_1_4' title='bbox 2446 401 2766 462; x_wconf 65' lang='lat' dir='ltr'><strong>EGYP’I‘II</strong></span> 
     </span>
    </p>
   </div>
   <div class='ocr_carea' id='block_1_3' title="bbox 3927 402 4035 465">
    <p class='ocr_par' dir='ltr' id='par_1_3' title="bbox 3927 402 4035 465">
     <span class='ocr_line' id='line_1_3' title="bbox 3927 402 4035 465; baseline 0 0"><span class='ocrx_word' id='word_1_5' title='bbox 3927 402 4035 465; x_wconf 65' lang='lat'><strong>884</strong></span> 
     </span>
    </p>
   </div>
   <div class='ocr_carea' id='block_1_4' title="bbox 767 509 4034 583">
    <p class='ocr_par' dir='ltr' id='par_1_4' title="bbox 767 509 4034 583">
     <span class='ocr_line' id='line_1_4' title="bbox 767 509 4034 583; baseline 0.001 -15"><span class='ocrx_word' id='word_1_6' title='bbox 767 529 983 583; x_wconf 89' lang='lat' dir='ltr'><strong>cunque</strong></span> <span class='ocrx_word' id='word_1_7' title='bbox 1031 526 1197 582; x_wconf 89' lang='lat' dir='ltr'><strong>porro</strong></span> <span class='ocrx_word' id='word_1_8' title='bbox 1244 510 1539 565; x_wconf 78' lang='lat' dir='ltr'><strong>securitate</strong></span> <span class='ocrx_word' id='word_1_9' title='bbox 1572 511 1721 564; x_wconf 91' lang='lat' dir='ltr'><strong>omni</strong></span> <span class='ocrx_word' id='word_1_10' title='bbox 1756 510 2055 580; x_wconf 86' lang='lat' dir='ltr'><strong>perducere</strong></span> <span class='ocrx_word' id='word_1_11' title='bbox 2106 509 2173 563; x_wconf 91' lang='lat' dir='ltr'><strong>ad</strong></span> <span class='ocrx_word' id='word_1_12' title='bbox 2214 518 2512 564; x_wconf 76' lang='lat' dir='ltr'><strong>extremam</strong></span> <span class='ocrx_word' id='word_1_13' title='bbox 2574 518 2774 564; x_wconf 89' lang='lat' dir='ltr'><strong>metam</strong></span> <span class='ocrx_word' id='word_1_14' title='bbox 2828 526 3050 565; x_wconf 89' lang='lat' dir='ltr'><strong>cursum</strong></span> <span class='ocrx_word' id='word_1_15' title='bbox 3098 512 3246 568; x_wconf 89' lang='lat' dir='ltr'><strong>hunc</strong></span> <span class='ocrx_word' id='word_1_16' title='bbox 3290 514 3502 579; x_wconf 88' lang='lat' dir='ltr'><strong>volunt,</strong></span> <span class='ocrx_word' id='word_1_17' title='bbox 3538 514 3708 569; x_wconf 64' lang='lat' dir='ltr'><strong>altum</strong></span> <span class='ocrx_word' id='word_1_18' title='bbox 3747 528 4034 571; x_wconf 83' lang='lat' dir='ltr'><strong>amorem.</strong></span> 
     </span>
    </p>
   </div>
   <div class='ocr_carea' id='block_1_5' title="bbox 766 601 2647 671">
    <p class='ocr_par' dir='ltr' id='par_1_5' title="bbox 766 601 2647 671">
     <span class='ocr_line' id='line_1_5' title="bbox 766 601 2647 671; baseline -0.003 -11"><span class='ocrx_word' id='word_1_19' title='bbox 766 608 925 660; x_wconf 86' lang='lat' dir='ltr'><strong>aliam</strong></span> <span class='ocrx_word' id='word_1_20' title='bbox 962 604 1283 658; x_wconf 88' lang='lat' dir='ltr'><strong>charitatem</strong></span> <span class='ocrx_word' id='word_1_21' title='bbox 1312 603 1521 656; x_wconf 70' lang='lat' dir='ltr'><strong>cmlesti</strong></span> <span class='ocrx_word' id='word_1_22' title='bbox 1552 601 1852 657; x_wconf 86' lang='lat' dir='ltr'><strong>admiscere</strong></span> <span class='ocrx_word' id='word_1_23' title='bbox 1886 603 1960 655; x_wconf 87' lang='lat' dir='ltr'><strong>illi</strong></span> <span class='ocrx_word' id='word_1_24' title='bbox 1985 618 2326 671; x_wconf 80' lang='lat' dir='ltr'><strong>nequaquam</strong></span> <span class='ocrx_word' id='word_1_25' title='bbox 2353 602 2647 656; x_wconf 71' lang='lat' dir='ltr'><strong>sustinent.</strong></span> 
     </span>
    </p>
   </div>
   <div class='ocr_carea' id='block_1_6' title="bbox 840 692 2520 766">
    <p class='ocr_par' dir='ltr' id='par_1_6' title="bbox 840 694 2520 763">
     <span class='ocr_line' id='line_1_6' title="bbox 840 694 2520 763; baseline -0.002 -14"><span class='ocrx_word' id='word_1_26' title='bbox 840 695 1004 749; x_wconf 77' lang='lat' dir='ltr'><strong>XXII.</strong></span> <span class='ocrx_word' id='word_1_27' title='bbox 1048 695 1115 749; x_wconf 88' lang='lat' dir='ltr'><strong>Ut</strong></span> <span class='ocrx_word' id='word_1_28' title='bbox 1144 710 1336 763; x_wconf 86' lang='lat' dir='ltr'><strong>magna</strong></span> <span class='ocrx_word' id='word_1_29' title='bbox 1378 708 1604 761; x_wconf 84' lang='lat' dir='ltr'><strong>prorsus</strong></span> <span class='ocrx_word' id='word_1_30' title='bbox 1658 704 1713 747; x_wconf 91' lang='lat' dir='ltr'><strong>et</strong></span> <span class='ocrx_word' id='word_1_31' title='bbox 1757 694 2144 746; x_wconf 89' lang='lat' dir='ltr'><strong>inenarrabilia</strong></span> <span class='ocrx_word' id='word_1_32' title='bbox 2190 694 2332 746; x_wconf 89' lang='lat' dir='ltr'><strong>bona</strong></span> <span class='ocrx_word' id='word_1_33' title='bbox 2363 700 2407 751; x_wconf 79' lang='grc' dir='ltr'><strong>Α</strong></span> <span class='ocrx_word' id='word_1_34' title='bbox 2505 695 2520 745; x_wconf 91' lang='grc'><strong>1</strong></span> 
     </span>
    </p>
   </div>
   <div class='ocr_carea' id='block_1_7' title="bbox 2348 692 4028 766">
    <p class='ocr_par' dir='ltr' id='par_1_7' title="bbox 2363 692 4028 766">
     <span class='ocr_line' id='line_1_7' title="bbox 2363 692 4028 766; baseline -0.001 -15"><span class='ocrx_word' id='word_1_35' title='bbox 2363 700 2407 751; x_wconf 79' lang='grc' dir='ltr'><strong>Α</strong></span> <span class='ocrx_word' id='word_1_36' title='bbox 2505 692 2633 747; x_wconf 82' lang='lat' dir='ltr'><strong>KB&#39;.</strong></span> <span class='ocrx_word' id='word_1_37' title='bbox 2668 694 2877 764; x_wconf 85' lang='grc' dir='ltr'>Ὠσπερ</span> <span class='ocrx_word' id='word_1_38' title='bbox 2910 695 3120 763; x_wconf 84' lang='grc' dir='ltr'>μεγάλα</span> <span class='ocrx_word' id='word_1_39' title='bbox 3169 695 3368 766; x_wconf 80' lang='grc' dir='ltr'>δηλαδὴ</span> <span class='ocrx_word' id='word_1_40' title='bbox 3416 697 3511 751; x_wconf 79' lang='grc' dir='ltr'>καὶ</span> <span class='ocrx_word' id='word_1_41' title='bbox 3538 698 3922 765; x_wconf 79' lang='grc' dir='ltr'>άνεκδιήγητα</span> <span class='ocrx_word' id='word_1_42' title='bbox 3958 697 4028 749; x_wconf 85' lang='grc' dir='ltr'><strong>τά</strong></span> 
     </span>
    </p>
   </div>
   <div class='ocr_carea' id='block_1_8' title="bbox 769 784 2338 855">
    <p class='ocr_par' dir='ltr' id='par_1_8' title="bbox 769 784 2338 855">
     <span class='ocr_line' id='line_1_8' title="bbox 769 784 2338 855; baseline -0.003 -16"><span class='ocrx_word' id='word_1_43' title='bbox 769 796 1042 855; x_wconf 71' lang='lat' dir='ltr'><strong>suntquae</strong></span> <span class='ocrx_word' id='word_1_44' title='bbox 1064 786 1209 840; x_wconf 85' lang='lat' dir='ltr'><strong>Deus</strong></span> <span class='ocrx_word' id='word_1_45' title='bbox 1237 784 1517 853; x_wconf 86' lang='lat' dir='ltr'><strong>promisit;</strong></span> <span class='ocrx_word' id='word_1_46' title='bbox 1549 786 1623 838; x_wconf 88' lang='lat' dir='ltr'><strong>ita</strong></span> <span class='ocrx_word' id='word_1_47' title='bbox 1656 784 1843 838; x_wconf 89' lang='lat' dir='ltr'><strong>multis</strong></span> <span class='ocrx_word' id='word_1_48' title='bbox 1871 784 1937 837; x_wconf 90' lang='lat' dir='ltr'><strong>ad</strong></span> <span class='ocrx_word' id='word_1_49' title='bbox 1972 798 2163 837; x_wconf 90' lang='lat' dir='ltr'><strong>eorum</strong></span> <span class='ocrx_word' id='word_1_50' title='bbox 2191 799 2338 837; x_wconf 84' lang='lat' dir='ltr'><strong>asse-</strong></span> 
     </span>
    </p>
   </div>
   <div class='ocr_carea' id='block_1_9' title="bbox 769 874 2338 944">
    <p class='ocr_par' dir='ltr' id='par_1_9' title="bbox 769 874 2338 944">
     <span class='ocr_line' id='line_1_9' title="bbox 769 874 2338 944; baseline -0.003 -15"><span class='ocrx_word' id='word_1_51' title='bbox 769 877 1047 930; x_wconf 89' lang='lat' dir='ltr'><strong>cutionem</strong></span> <span class='ocrx_word' id='word_1_52' title='bbox 1088 891 1224 944; x_wconf 89' lang='lat' dir='ltr'><strong>opus</strong></span> <span class='ocrx_word' id='word_1_53' title='bbox 1263 875 1543 928; x_wconf 85' lang='lat' dir='ltr'><strong>laboribus</strong></span> <span class='ocrx_word' id='word_1_54' title='bbox 1566 883 1620 928; x_wconf 93' lang='lat' dir='ltr'><strong>et</strong></span> <span class='ocrx_word' id='word_1_55' title='bbox 1670 874 2067 928; x_wconf 85' lang='lat' dir='ltr'><strong>certaminibus</strong></span> <span class='ocrx_word' id='word_1_56' title='bbox 2096 883 2211 937; x_wconf 90' lang='lat' dir='ltr'><strong>cst;</strong></span> <span class='ocrx_word' id='word_1_57' title='bbox 2246 874 2338 926; x_wconf 88' lang='lat' dir='ltr'><strong>iis—</strong></span> 
     </span>
    </p>
   </div>
   <div class='ocr_carea' id='block_1_10' title="bbox 772 964 2337 1036">
    <p class='ocr_par' dir='ltr' id='par_1_10' title="bbox 772 964 2337 1036">
     <span class='ocr_line' id='line_1_10' title="bbox 772 964 2337 1036; baseline -0.002 -17"><span class='ocrx_word' id='word_1_58' title='bbox 772 984 879 1036; x_wconf 89' lang='lat' dir='ltr'><strong>qne</strong></span> <span class='ocrx_word' id='word_1_59' title='bbox 905 983 1028 1022; x_wconf 89' lang='lat' dir='ltr'><strong>cum</strong></span> <span class='ocrx_word' id='word_1_60' title='bbox 1081 982 1176 1035; x_wconf 86' lang='lat' dir='ltr'><strong>spe</strong></span> <span class='ocrx_word' id='word_1_61' title='bbox 1220 981 1282 1019; x_wconf 89' lang='lat' dir='ltr'><strong>ac</strong></span> <span class='ocrx_word' id='word_1_62' title='bbox 1306 965 1412 1019; x_wconf 85' lang='lat' dir='ltr'><strong>fide</strong></span> <span class='ocrx_word' id='word_1_63' title='bbox 1446 966 1687 1019; x_wconf 83' lang='lat' dir='ltr'><strong>toleratis</strong></span> <span class='ocrx_word' id='word_1_64' title='bbox 1716 975 1771 1019; x_wconf 90' lang='lat' dir='ltr'><strong>et</strong></span> <span class='ocrx_word' id='word_1_65' title='bbox 1808 965 2095 1033; x_wconf 86' lang='lat' dir='ltr'><strong>susceptis.</strong></span> <span class='ocrx_word' id='word_1_66' title='bbox 2133 964 2247 1016; x_wconf 79' lang='lat' dir='ltr'><strong>Hoc</strong></span> <span class='ocrx_word' id='word_1_67' title='bbox 2271 980 2337 1017; x_wconf 89' lang='lat' dir='ltr'><strong>ex</strong></span> 
     </span>
    </p>
   </div>
   <div class='ocr_carea' id='block_1_11' title="bbox 773 1055 2335 1125">
    <p class='ocr_par' dir='ltr' id='par_1_11' title="bbox 773 1055 2335 1125">
     <span class='ocr_line' id='line_1_11' title="bbox 773 1055 2335 1125; baseline -0.003 -15"><span class='ocrx_word' id='word_1_68' title='bbox 773 1057 863 1110; x_wconf 86' lang='lat' dir='ltr'><strong>his</strong></span> <span class='ocrx_word' id='word_1_69' title='bbox 904 1056 1106 1111; x_wconf 90' lang='lat' dir='ltr'><strong>Christi</strong></span> <span class='ocrx_word' id='word_1_70' title='bbox 1140 1056 1323 1110; x_wconf 88' lang='lat' dir='ltr'><strong>verbis</strong></span> <span class='ocrx_word' id='word_1_71' title='bbox 1364 1065 1511 1125; x_wconf 89' lang='lat' dir='ltr'><strong>patet</strong></span> <span class='ocrx_word' id='word_1_72' title='bbox 1544 1073 1556 1106; x_wconf 85' lang='lat'><strong>:</strong></span> <span class='ocrx_word' id='word_1_73' title='bbox 1596 1055 1697 1119; x_wconf 83' lang='lat' dir='ltr'><strong>Qui</strong></span> <span class='ocrx_word' id='word_1_74' title='bbox 1736 1056 1843 1109; x_wconf 81' lang='lat' dir='ltr'><strong>vult</strong></span> <span class='ocrx_word' id='word_1_75' title='bbox 1883 1064 1995 1124; x_wconf 88' lang='lat' dir='ltr'><strong>post</strong></span> <span class='ocrx_word' id='word_1_76' title='bbox 2019 1071 2098 1107; x_wconf 90' lang='lat' dir='ltr'><strong>me</strong></span> <span class='ocrx_word' id='word_1_77' title='bbox 2140 1056 2335 1117; x_wconf 80' lang='lat' dir='ltr'><strong>venire,</strong></span> 
     </span>
    </p>
   </div>
   <div class='ocr_carea' id='block_1_12' title="bbox 771 1146 2339 1216">
    <p class='ocr_par' dir='ltr' id='par_1_12' title="bbox 771 1146 2339 1216">
     <span class='ocr_line' id='line_1_12' title="bbox 771 1146 2339 1216; baseline -0.003 -15"><span class='ocrx_word' id='word_1_78' title='bbox 771 1149 988 1215; x_wconf 79' lang='lat' dir='ltr'><strong>abneget</strong></span> <span class='ocrx_word' id='word_1_79' title='bbox 1009 1149 1339 1216; x_wconf 76' lang='lat' dir='ltr'><strong>semetipsum</strong></span> <span class='ocrx_word' id='word_1_80' title='bbox 1360 1155 1407 1199; x_wconf 86' lang='lat' dir='ltr'><strong>et</strong></span> <span class='ocrx_word' id='word_1_81' title='bbox 1430 1146 1582 1199; x_wconf 84' lang='lat' dir='ltr'><strong>tollat</strong></span> <span class='ocrx_word' id='word_1_82' title='bbox 1629 1164 1830 1199; x_wconf 83' lang='lat' dir='ltr'><strong>crucem</strong></span> <span class='ocrx_word' id='word_1_83' title='bbox 1851 1164 2003 1200; x_wconf 88' lang='lat' dir='ltr'><strong>suam</strong></span> <span class='ocrx_word' id='word_1_84' title='bbox 2024 1154 2072 1198; x_wconf 88' lang='lat' dir='ltr'><strong>et</strong></span> <span class='ocrx_word' id='word_1_85' title='bbox 2090 1154 2339 1215; x_wconf 78' lang='lat' dir='ltr'><strong>sequatur</strong></span> 
     </span>
    </p>
   </div>
   <div class='ocr_carea' id='block_1_13' title="bbox 772 1236 2336 1305">
    <p class='ocr_par' dir='ltr' id='par_1_13' title="bbox 772 1236 2336 1305">
     <span class='ocr_line' id='line_1_13' title="bbox 772 1236 2336 1305; baseline -0.003 -14"><span class='ocrx_word' id='word_1_86' title='bbox 772 1254 853 1291; x_wconf 86' lang='lat' dir='ltr'><strong>me</strong></span> <span class='ocrx_word' id='word_1_87' title='bbox 885 1240 925 1289; x_wconf 86' lang='lat'><strong>&#39;.</strong></span> <span class='ocrx_word' id='word_1_88' title='bbox 960 1238 1027 1291; x_wconf 89' lang='lat' dir='ltr'><strong>Et</strong></span> <span class='ocrx_word' id='word_1_89' title='bbox 1056 1252 1247 1291; x_wconf 91' lang='lat' dir='ltr'><strong>rursus</strong></span> <span class='ocrx_word' id='word_1_90' title='bbox 1275 1254 1287 1288; x_wconf 93' lang='lat'><strong>:</strong></span> <span class='ocrx_word' id='word_1_91' title='bbox 1318 1236 1432 1288; x_wconf 86' lang='lat' dir='ltr'><strong>Nisi</strong></span> <span class='ocrx_word' id='word_1_92' title='bbox 1462 1238 1575 1305; x_wconf 84' lang='lat' dir='ltr'><strong>quis</strong></span> <span class='ocrx_word' id='word_1_93' title='bbox 1605 1237 1770 1288; x_wconf 88' lang='lat' dir='ltr'><strong>oderit</strong></span> <span class='ocrx_word' id='word_1_94' title='bbox 1794 1247 1998 1305; x_wconf 89' lang='lat' dir='ltr'><strong>patrem</strong></span> <span class='ocrx_word' id='word_1_95' title='bbox 2029 1246 2076 1287; x_wconf 87' lang='lat' dir='ltr'><strong>et</strong></span> <span class='ocrx_word' id='word_1_96' title='bbox 2092 1245 2336 1300; x_wconf 87' lang='lat' dir='ltr'><strong>matrem,</strong></span> 
     </span>
    </p>
   </div>
   <div class='ocr_carea' id='block_1_14' title="bbox 769 1327 2338 1398">
    <p class='ocr_par' dir='ltr' id='par_1_14' title="bbox 769 1327 2338 1398">
     <span class='ocr_line' id='line_1_14' title="bbox 769 1327 2338 1398; baseline -0.001 -17"><span class='ocrx_word' id='word_1_97' title='bbox 769 1338 822 1382; x_wconf 87' lang='lat' dir='ltr'><strong>et</strong></span> <span class='ocrx_word' id='word_1_98' title='bbox 847 1330 1037 1398; x_wconf 79' lang='lat' dir='ltr'><strong>fratres</strong></span> <span class='ocrx_word' id='word_1_99' title='bbox 1057 1340 1101 1382; x_wconf 86' lang='lat' dir='ltr'><strong>et</strong></span> <span class='ocrx_word' id='word_1_100' title='bbox 1124 1345 1327 1382; x_wconf 86' lang='lat' dir='ltr'><strong>sorores</strong></span> <span class='ocrx_word' id='word_1_101' title='bbox 1354 1336 1403 1379; x_wconf 88' lang='lat' dir='ltr'><strong>et</strong></span> <span class='ocrx_word' id='word_1_102' title='bbox 1426 1327 1590 1394; x_wconf 82' lang='lat' dir='ltr'><strong>ﬁlios;</strong></span> <span class='ocrx_word' id='word_1_103' title='bbox 1626 1328 1793 1380; x_wconf 87' lang='lat' dir='ltr'><strong>adhuc</strong></span> <span class='ocrx_word' id='word_1_104' title='bbox 1817 1334 1993 1380; x_wconf 85' lang='lat' dir='ltr'><strong>autem</strong></span> <span class='ocrx_word' id='word_1_105' title='bbox 2019 1337 2066 1379; x_wconf 89' lang='lat' dir='ltr'><strong>et</strong></span> <span class='ocrx_word' id='word_1_106' title='bbox 2103 1329 2338 1379; x_wconf 87' lang='lat' dir='ltr'><strong>animam</strong></span> 
     </span>
    </p>
   </div>
   <div class='ocr_carea' id='block_1_15' title="bbox 768 1417 2337 1490">
    <p class='ocr_par' dir='ltr' id='par_1_15' title="bbox 768 1417 2337 1490">
     <span class='ocr_line' id='line_1_15' title="bbox 768 1417 2337 1490; baseline -0.001 -17"><span class='ocrx_word' id='word_1_107' title='bbox 768 1439 963 1487; x_wconf 86' lang='lat' dir='ltr'><strong>suam;</strong></span> <span class='ocrx_word' id='word_1_108' title='bbox 1006 1438 1105 1473; x_wconf 86' lang='lat' dir='ltr'><strong>non</strong></span> <span class='ocrx_word' id='word_1_109' title='bbox 1141 1428 1307 1490; x_wconf 85' lang='lat' dir='ltr'><strong>potest</strong></span> <span class='ocrx_word' id='word_1_110' title='bbox 1353 1436 1499 1471; x_wconf 88' lang='lat' dir='ltr'><strong>meus</strong></span> <span class='ocrx_word' id='word_1_111' title='bbox 1533 1434 1639 1470; x_wconf 88' lang='lat' dir='ltr'><strong>esse</strong></span> <span class='ocrx_word' id='word_1_112' title='bbox 1674 1417 1957 1488; x_wconf 85' lang='lat' dir='ltr'><strong>discipulus</strong></span> <span class='ocrx_word' id='word_1_113' title='bbox 1992 1418 2053 1469; x_wconf 83' lang='grc'><strong>⁸⁸.</strong></span> <span class='ocrx_word' id='word_1_114' title='bbox 2085 1417 2337 1486; x_wconf 86' lang='lat' dir='ltr'><strong>Plerique</strong></span> 
     </span>
    </p>
   </div>
   <div class='ocr_carea' id='block_1_16' title="bbox 768 1505 2336 1575">
    <p class='ocr_par' dir='ltr' id='par_1_16' title="bbox 768 1505 2336 1575">
     <span class='ocr_line' id='line_1_16' title="bbox 768 1505 2336 1575; baseline -0.004 -10"><span class='ocrx_word' id='word_1_115' title='bbox 768 1522 953 1565; x_wconf 87' lang='lat' dir='ltr'><strong>autem</strong></span> <span class='ocrx_word' id='word_1_116' title='bbox 984 1510 1266 1564; x_wconf 87' lang='lat' dir='ltr'><strong>hominum</strong></span> <span class='ocrx_word' id='word_1_117' title='bbox 1300 1508 1379 1561; x_wconf 90' lang='lat' dir='ltr'><strong>sic</strong></span> <span class='ocrx_word' id='word_1_118' title='bbox 1412 1506 1561 1559; x_wconf 91' lang='lat' dir='ltr'><strong>stulti</strong></span> <span class='ocrx_word' id='word_1_119' title='bbox 1586 1516 1731 1569; x_wconf 87' lang='lat' dir='ltr'><strong>sunt,</strong></span> <span class='ocrx_word' id='word_1_120' title='bbox 1763 1517 1823 1560; x_wconf 92' lang='lat' dir='ltr'><strong>ut</strong></span> <span class='ocrx_word' id='word_1_121' title='bbox 1862 1522 2086 1575; x_wconf 78' lang='lat' dir='ltr'><strong>regnum</strong></span> <span class='ocrx_word' id='word_1_122' title='bbox 2116 1505 2336 1574; x_wconf 88' lang='lat' dir='ltr'><strong>quidem</strong></span> 
     </span>
    </p>
   </div>
   <div class='ocr_carea' id='block_1_17' title="bbox 771 1599 2339 1671">
    <p class='ocr_par' dir='ltr' id='par_1_17' title="bbox 771 1599 2339 1671">
     <span class='ocr_line' id='line_1_17' title="bbox 771 1599 2339 1671; baseline -0.003 -15"><span class='ocrx_word' id='word_1_123' title='bbox 771 1603 1036 1671; x_wconf 90' lang='lat' dir='ltr'><strong>consequi</strong></span> <span class='ocrx_word' id='word_1_124' title='bbox 1083 1602 1275 1666; x_wconf 84' lang='lat' dir='ltr'><strong>velint,</strong></span> <span class='ocrx_word' id='word_1_125' title='bbox 1315 1612 1373 1656; x_wconf 92' lang='lat' dir='ltr'><strong>et</strong></span> <span class='ocrx_word' id='word_1_126' title='bbox 1414 1611 1631 1656; x_wconf 66' lang='lat' dir='ltr'><strong>aeternae</strong></span> <span class='ocrx_word' id='word_1_127' title='bbox 1676 1599 2055 1653; x_wconf 72' lang='lat' dir='ltr'><strong>haereditatem</strong></span> <span class='ocrx_word' id='word_1_128' title='bbox 2099 1600 2241 1659; x_wconf 66' lang='lat' dir='ltr'><strong>vitae,</strong></span> <span class='ocrx_word' id='word_1_129' title='bbox 2275 1613 2339 1652; x_wconf 89' lang='lat' dir='ltr'><strong>ac</strong></span> 
     </span>
    </p>
   </div>
   <div class='ocr_carea' id='block_1_18' title="bbox 769 1690 2334 1759">
    <p class='ocr_par' dir='ltr' id='par_1_18' title="bbox 769 1690 2334 1759">
     <span class='ocr_line' id='line_1_18' title="bbox 769 1690 2334 1759; baseline -0.003 -12"><span class='ocrx_word' id='word_1_130' title='bbox 769 1692 991 1747; x_wconf 87' lang='lat' dir='ltr'><strong>Christo</strong></span> <span class='ocrx_word' id='word_1_131' title='bbox 1041 1693 1097 1745; x_wconf 93' lang='lat' dir='ltr'><strong>in</strong></span> <span class='ocrx_word' id='word_1_132' title='bbox 1143 1707 1316 1745; x_wconf 58' lang='lat' dir='ltr'><strong>aevum</strong></span> <span class='ocrx_word' id='word_1_133' title='bbox 1372 1708 1533 1745; x_wconf 91' lang='lat' dir='ltr'><strong>omne</strong></span> <span class='ocrx_word' id='word_1_134' title='bbox 1560 1706 1921 1759; x_wconf 86' lang='lat' dir='ltr'><strong>conregnare;</strong></span> <span class='ocrx_word' id='word_1_135' title='bbox 1951 1690 2003 1742; x_wconf 91' lang='lat' dir='ltr'><strong>id</strong></span> <span class='ocrx_word' id='word_1_136' title='bbox 2043 1690 2187 1757; x_wconf 93' lang='lat' dir='ltr'><strong>quod</strong></span> <span class='ocrx_word' id='word_1_137' title='bbox 2217 1706 2334 1743; x_wconf 90' lang='lat' dir='ltr'><strong>ma-</strong></span> 
     </span>
    </p>
   </div>
   <div class='ocr_carea' id='block_1_19' title="bbox 769 1783 2335 1852">
    <p class='ocr_par' dir='ltr' id='par_1_19' title="bbox 769 1783 2335 1852">
     <span class='ocr_line' id='line_1_19' title="bbox 769 1783 2335 1852; baseline -0.002 -17"><span class='ocrx_word' id='word_1_138' title='bbox 769 1798 935 1852; x_wconf 85' lang='lat' dir='ltr'><strong>gnum</strong></span> <span class='ocrx_word' id='word_1_139' title='bbox 964 1791 1070 1844; x_wconf 88' lang='lat' dir='ltr'><strong>est,</strong></span> <span class='ocrx_word' id='word_1_140' title='bbox 1113 1791 1168 1835; x_wconf 90' lang='lat' dir='ltr'><strong>et</strong></span> <span class='ocrx_word' id='word_1_141' title='bbox 1202 1798 1419 1836; x_wconf 91' lang='lat' dir='ltr'><strong>omnem</strong></span> <span class='ocrx_word' id='word_1_142' title='bbox 1479 1783 1865 1852; x_wconf 83' lang='lat' dir='ltr'><strong>cogitationem</strong></span> <span class='ocrx_word' id='word_1_143' title='bbox 1918 1789 2169 1848; x_wconf 87' lang='lat' dir='ltr'><strong>superat;</strong></span> <span class='ocrx_word' id='word_1_144' title='bbox 2205 1795 2335 1849; x_wconf 94' lang='lat' dir='ltr'><strong>pro-</strong></span> 
     </span>
    </p>
   </div>
   <div class='ocr_carea' id='block_1_20' title="bbox 772 1871 2337 1940">
    <p class='ocr_par' dir='ltr' id='par_1_20' title="bbox 772 1871 2337 1940">
     <span class='ocr_line' id='line_1_20' title="bbox 772 1871 2337 1940; baseline -0.001 -16"><span class='ocrx_word' id='word_1_145' title='bbox 772 1872 909 1940; x_wconf 88' lang='lat' dir='ltr'><strong>priis</strong></span> <span class='ocrx_word' id='word_1_146' title='bbox 944 1884 1123 1925; x_wconf 89' lang='lat' dir='ltr'><strong>tamen</strong></span> <span class='ocrx_word' id='word_1_147' title='bbox 1176 1871 1529 1940; x_wconf 88' lang='lat' dir='ltr'><strong>obsequendo</strong></span> <span class='ocrx_word' id='word_1_148' title='bbox 1578 1871 1982 1935; x_wconf 81' lang='lat' dir='ltr'><strong>voluntatibus;</strong></span> <span class='ocrx_word' id='word_1_149' title='bbox 2024 1871 2067 1923; x_wconf 90' lang='lat' dir='ltr'><strong>si</strong></span> <span class='ocrx_word' id='word_1_150' title='bbox 2104 1886 2210 1923; x_wconf 91' lang='lat' dir='ltr'><strong>non</strong></span> <span class='ocrx_word' id='word_1_151' title='bbox 2235 1886 2337 1938; x_wconf 87' lang='lat' dir='ltr'><strong>po-</strong></span> 
     </span>
    </p>
   </div>
   <div class='ocr_carea' id='block_1_21' title="bbox 777 1961 2337 2031">
    <p class='ocr_par' dir='ltr' id='par_1_21' title="bbox 777 1961 2337 2031">
     <span class='ocr_line' id='line_1_21' title="bbox 777 1961 2337 2031; baseline 0.001 -16"><span class='ocrx_word' id='word_1_152' title='bbox 777 1963 885 2015; x_wconf 88' lang='lat' dir='ltr'><strong>tius</strong></span> <span class='ocrx_word' id='word_1_153' title='bbox 919 1962 1019 2027; x_wconf 88' lang='lat' dir='ltr'><strong>illi,</strong></span> <span class='ocrx_word' id='word_1_154' title='bbox 1056 1963 1149 2031; x_wconf 89' lang='lat' dir='ltr'><strong>qui</strong></span> <span class='ocrx_word' id='word_1_155' title='bbox 1200 1978 1340 2015; x_wconf 92' lang='lat' dir='ltr'><strong>vana</strong></span> <span class='ocrx_word' id='word_1_156' title='bbox 1391 1962 1491 2016; x_wconf 85' lang='lat' dir='ltr'><strong>ista</strong></span> <span class='ocrx_word' id='word_1_157' title='bbox 1535 1971 1592 2016; x_wconf 91' lang='lat' dir='ltr'><strong>et</strong></span> <span class='ocrx_word' id='word_1_158' title='bbox 1647 1961 1933 2015; x_wconf 84' lang='lat' dir='ltr'><strong>manifeste</strong></span> <span class='ocrx_word' id='word_1_159' title='bbox 1985 1962 2146 2014; x_wconf 85' lang='lat' dir='ltr'><strong>noxia</strong></span> <span class='ocrx_word' id='word_1_160' title='bbox 2204 1963 2337 2031; x_wconf 86' lang='lat' dir='ltr'><strong>ipsis</strong></span> 
     </span>
    </p>
   </div>
   <div class='ocr_carea' id='block_1_22' title="bbox 772 2053 1025 2121">
    <p class='ocr_par' dir='ltr' id='par_1_22' title="bbox 772 2053 1025 2121">
     <span class='ocr_line' id='line_1_22' title="bbox 772 2053 1025 2121; baseline -0.008 -15"><span class='ocrx_word' id='word_1_161' title='bbox 772 2053 1025 2121; x_wconf 85' lang='lat' dir='ltr'><strong>inspirat.</strong></span> 
     </span>
    </p>
   </div>
   <div class='ocr_carea' id='block_1_23' title="bbox 841 2141 2337 2212">
    <p class='ocr_par' dir='ltr' id='par_1_23' title="bbox 841 2141 2337 2212">
     <span class='ocr_line' id='line_1_23' title="bbox 841 2141 2337 2212; baseline 0.002 -16"><span class='ocrx_word' id='word_1_162' title='bbox 841 2142 1031 2197; x_wconf 80' lang='lat' dir='ltr'><strong>XXIII.</strong></span> <span class='ocrx_word' id='word_1_163' title='bbox 1061 2143 1245 2211; x_wconf 89' lang='lat' dir='ltr'><strong>Usque</strong></span> <span class='ocrx_word' id='word_1_164' title='bbox 1282 2143 1347 2197; x_wconf 88' lang='lat' dir='ltr'><strong>ad</strong></span> <span class='ocrx_word' id='word_1_165' title='bbox 1391 2143 1553 2197; x_wconf 86' lang='lat' dir='ltr'><strong>finem</strong></span> <span class='ocrx_word' id='word_1_166' title='bbox 1586 2158 1808 2197; x_wconf 91' lang='lat' dir='ltr'><strong>cursum</strong></span> <span class='ocrx_word' id='word_1_167' title='bbox 1862 2141 2126 2197; x_wconf 84' lang='lat' dir='ltr'><strong>inoernse</strong></span> <span class='ocrx_word' id='word_1_168' title='bbox 2154 2143 2337 2212; x_wconf 84' lang='lat' dir='ltr'><strong>perfe-</strong></span> 
     </span>
    </p>
   </div>
   <div class='ocr_carea' id='block_1_24' title="bbox 772 2233 2339 2303">
    <p class='ocr_par' dir='ltr' id='par_1_24' title="bbox 772 2233 2339 2303">
     <span class='ocr_line' id='line_1_24' title="bbox 772 2233 2339 2303; baseline 0.002 -16"><span class='ocrx_word' id='word_1_169' title='bbox 772 2243 976 2298; x_wconf 89' lang='lat' dir='ltr'><strong>rentes,</strong></span> <span class='ocrx_word' id='word_1_170' title='bbox 1004 2234 1059 2287; x_wconf 88' lang='lat' dir='ltr'><strong>hi</strong></span> <span class='ocrx_word' id='word_1_171' title='bbox 1096 2245 1245 2297; x_wconf 89' lang='lat' dir='ltr'><strong>sunt,</strong></span> <span class='ocrx_word' id='word_1_172' title='bbox 1278 2234 1371 2302; x_wconf 91' lang='lat' dir='ltr'><strong>qui</strong></span> <span class='ocrx_word' id='word_1_173' title='bbox 1402 2235 1594 2288; x_wconf 91' lang='lat' dir='ltr'><strong>mundi</strong></span> <span class='ocrx_word' id='word_1_174' title='bbox 1626 2250 1817 2289; x_wconf 90' lang='lat' dir='ltr'><strong>omnes</strong></span> <span class='ocrx_word' id='word_1_175' title='bbox 1848 2233 2174 2303; x_wconf 90' lang='lat' dir='ltr'><strong>cupiditates</strong></span> <span class='ocrx_word' id='word_1_176' title='bbox 2199 2242 2255 2288; x_wconf 90' lang='lat' dir='ltr'><strong>et</strong></span> <span class='ocrx_word' id='word_1_177' title='bbox 2282 2250 2339 2290; x_wconf 84' lang='lat' dir='ltr'><strong>se</strong></span> 
     </span>
    </p>
   </div>
   <div class='ocr_carea' id='block_1_25' title="bbox 772 2326 2339 2396">
    <p class='ocr_par' dir='ltr' id='par_1_25' title="bbox 772 2326 2339 2396">
     <span class='ocr_line' id='line_1_25' title="bbox 772 2326 2339 2396; baseline 0 -17"><span class='ocrx_word' id='word_1_178' title='bbox 772 2327 939 2395; x_wconf 86' lang='lat' dir='ltr'><strong>ipsos,</strong></span> <span class='ocrx_word' id='word_1_179' title='bbox 989 2326 1556 2396; x_wconf 83' lang='lat' dir='ltr'><strong>transgressionesque</strong></span> <span class='ocrx_word' id='word_1_180' title='bbox 1613 2328 1732 2396; x_wconf 86' lang='lat' dir='ltr'><strong>ejus</strong></span> <span class='ocrx_word' id='word_1_181' title='bbox 1781 2342 1846 2381; x_wconf 87' lang='lat' dir='ltr'><strong>ac</strong></span> <span class='ocrx_word' id='word_1_182' title='bbox 1903 2327 2229 2395; x_wconf 85' lang='lat' dir='ltr'><strong>voluptates,</strong></span> <span class='ocrx_word' id='word_1_183' title='bbox 2284 2334 2339 2381; x_wconf 89' lang='lat' dir='ltr'><strong>et</strong></span> 
     </span>
    </p>
   </div>
   <div class='ocr_carea' id='block_1_26' title="bbox 773 2418 2341 2487">
    <p class='ocr_par' dir='ltr' id='par_1_26' title="bbox 773 2418 2341 2487">
     <span class='ocr_line' id='line_1_26' title="bbox 773 2418 2341 2487; baseline 0.001 -15"><span class='ocrx_word' id='word_1_184' title='bbox 773 2418 922 2472; x_wconf 88' lang='lat' dir='ltr'><strong>circa</strong></span> <span class='ocrx_word' id='word_1_185' title='bbox 960 2418 1113 2471; x_wconf 88' lang='lat' dir='ltr'><strong>illum</strong></span> <span class='ocrx_word' id='word_1_186' title='bbox 1140 2419 1529 2487; x_wconf 88' lang='lat' dir='ltr'><strong>occupationes</strong></span> <span class='ocrx_word' id='word_1_187' title='bbox 1558 2420 1782 2471; x_wconf 88' lang='lat' dir='ltr'><strong>omnino</strong></span> <span class='ocrx_word' id='word_1_188' title='bbox 1808 2418 1934 2471; x_wconf 92' lang='lat' dir='ltr'><strong>odio</strong></span> <span class='ocrx_word' id='word_1_189' title='bbox 1972 2418 2192 2471; x_wconf 86' lang='lat' dir='ltr'><strong>habent.</strong></span> <span class='ocrx_word' id='word_1_190' title='bbox 2226 2418 2341 2473; x_wconf 84' lang='lat' dir='ltr'><strong>Hoc</strong></span> 
     </span>
    </p>
   </div>
   <div class='ocr_carea' id='block_1_27' title="bbox 772 2510 2344 2581">
    <p class='ocr_par' dir='ltr' id='par_1_27' title="bbox 772 2510 2344 2581">
     <span class='ocr_line' id='line_1_27' title="bbox 772 2510 2344 2581; baseline 0.001 -18"><span class='ocrx_word' id='word_1_191' title='bbox 772 2512 918 2563; x_wconf 91' lang='lat' dir='ltr'><strong>enim</strong></span> <span class='ocrx_word' id='word_1_192' title='bbox 942 2521 1023 2565; x_wconf 90' lang='lat' dir='ltr'><strong>est</strong></span> <span class='ocrx_word' id='word_1_193' title='bbox 1060 2511 1331 2581; x_wconf 88' lang='lat' dir='ltr'><strong>abnegare</strong></span> <span class='ocrx_word' id='word_1_194' title='bbox 1362 2527 1419 2565; x_wconf 91' lang='lat' dir='ltr'><strong>se</strong></span> <span class='ocrx_word' id='word_1_195' title='bbox 1448 2512 1645 2579; x_wconf 89' lang='lat' dir='ltr'><strong>ipsum.</strong></span> <span class='ocrx_word' id='word_1_196' title='bbox 1691 2510 1867 2576; x_wconf 87' lang='lat' dir='ltr'><strong>Quare</strong></span> <span class='ocrx_word' id='word_1_197' title='bbox 1888 2512 2108 2579; x_wconf 90' lang='lat' dir='ltr'><strong>propria</strong></span> <span class='ocrx_word' id='word_1_198' title='bbox 2146 2512 2344 2564; x_wconf 86' lang='lat' dir='ltr'><strong>volun-</strong></span> 
     </span>
    </p>
   </div>
   <div class='ocr_carea' id='block_1_28' title="bbox 776 2604 2342 2672">
    <p class='ocr_par' dir='ltr' id='par_1_28' title="bbox 776 2604 2342 2672">
     <span class='ocr_line' id='line_1_28' title="bbox 776 2604 2342 2672; baseline 0.001 -16"><span class='ocrx_word' id='word_1_199' title='bbox 776 2611 887 2657; x_wconf 87' lang='lat' dir='ltr'><strong>tate</strong></span> <span class='ocrx_word' id='word_1_200' title='bbox 914 2604 1291 2672; x_wconf 85' lang='lat' dir='ltr'><strong>unusquisque</strong></span> <span class='ocrx_word' id='word_1_201' title='bbox 1321 2620 1489 2672; x_wconf 84' lang='lat' dir='ltr'><strong>regno</strong></span> <span class='ocrx_word' id='word_1_202' title='bbox 1519 2604 1759 2672; x_wconf 89' lang='lat' dir='ltr'><strong>ejicitur,</strong></span> <span class='ocrx_word' id='word_1_203' title='bbox 1787 2618 1853 2657; x_wconf 93' lang='lat' dir='ltr'><strong>eo</strong></span> <span class='ocrx_word' id='word_1_204' title='bbox 1878 2604 2025 2672; x_wconf 92' lang='lat' dir='ltr'><strong>quod</strong></span> <span class='ocrx_word' id='word_1_205' title='bbox 2056 2604 2342 2671; x_wconf 87' lang='lat' dir='ltr'><strong>haudqua-</strong></span> 
     </span>
    </p>
   </div>
   <div class='ocr_carea' id='block_1_29' title="bbox 774 2689 2343 2761">
    <p class='ocr_par' dir='ltr' id='par_1_29' title="bbox 774 2689 2343 2761">
     <span class='ocr_line' id='line_1_29' title="bbox 774 2689 2343 2761; baseline -0.003 -16"><span class='ocrx_word' id='word_1_206' title='bbox 774 2708 937 2761; x_wconf 90' lang='lat' dir='ltr'><strong>quam</strong></span> <span class='ocrx_word' id='word_1_207' title='bbox 971 2708 1037 2746; x_wconf 89' lang='lat' dir='ltr'><strong>ex</strong></span> <span class='ocrx_word' id='word_1_208' title='bbox 1067 2694 1299 2746; x_wconf 87' lang='lat' dir='ltr'><strong>veritate</strong></span> <span class='ocrx_word' id='word_1_209' title='bbox 1327 2692 1541 2745; x_wconf 89' lang='lat' dir='ltr'><strong>labores</strong></span> <span class='ocrx_word' id='word_1_210' title='bbox 1572 2691 1757 2759; x_wconf 84' lang='lat' dir='ltr'><strong>eligat,</strong></span> <span class='ocrx_word' id='word_1_211' title='bbox 1788 2700 1844 2744; x_wconf 91' lang='lat' dir='ltr'><strong>et</strong></span> <span class='ocrx_word' id='word_1_212' title='bbox 1883 2706 1940 2744; x_wconf 77' lang='lat' dir='ltr'><strong>se</strong></span> <span class='ocrx_word' id='word_1_213' title='bbox 1969 2691 2146 2758; x_wconf 87' lang='lat' dir='ltr'><strong>ipsum</strong></span> <span class='ocrx_word' id='word_1_214' title='bbox 2175 2689 2343 2741; x_wconf 89' lang='lat' dir='ltr'><strong>abne-</strong></span> 
     </span>
    </p>
   </div>
   <div class='ocr_carea' id='block_1_30' title="bbox 774 2778 2344 2851">
    <p class='ocr_par' dir='ltr' id='par_1_30' title="bbox 774 2778 2344 2851">
     <span class='ocr_line' id='line_1_30' title="bbox 774 2778 2344 2851; baseline -0.001 -18"><span class='ocrx_word' id='word_1_215' title='bbox 774 2789 909 2851; x_wconf 84' lang='lat' dir='ltr'><strong>get:</strong></span> <span class='ocrx_word' id='word_1_216' title='bbox 942 2781 1202 2833; x_wconf 84' lang='lat' dir='ltr'><strong>nimirum</strong></span> <span class='ocrx_word' id='word_1_217' title='bbox 1235 2780 1425 2833; x_wconf 91' lang='lat' dir='ltr'><strong>volens</strong></span> <span class='ocrx_word' id='word_1_218' title='bbox 1481 2780 1554 2832; x_wconf 89' lang='lat' dir='ltr'><strong>ita</strong></span> <span class='ocrx_word' id='word_1_219' title='bbox 1607 2780 1702 2833; x_wconf 90' lang='lat' dir='ltr'><strong>Dei</strong></span> <span class='ocrx_word' id='word_1_220' title='bbox 1746 2780 1915 2833; x_wconf 92' lang='lat' dir='ltr'><strong>amori</strong></span> <span class='ocrx_word' id='word_1_221' title='bbox 1954 2794 2017 2832; x_wconf 92' lang='lat' dir='ltr'><strong>ac</strong></span> <span class='ocrx_word' id='word_1_222' title='bbox 2069 2778 2344 2832; x_wconf 90' lang='lat' dir='ltr'><strong>desiderio</strong></span> 
     </span>
    </p>
   </div>
   <div class='ocr_carea' id='block_1_31' title="bbox 774 2869 2346 2938">
    <p class='ocr_par' dir='ltr' id='par_1_31' title="bbox 774 2869 2346 2938">
     <span class='ocr_line' id='line_1_31' title="bbox 774 2869 2346 2938; baseline -0.002 -14"><span class='ocrx_word' id='word_1_223' title='bbox 774 2872 1008 2935; x_wconf 87' lang='lat' dir='ltr'><strong>servire,</strong></span> <span class='ocrx_word' id='word_1_224' title='bbox 1056 2880 1119 2924; x_wconf 95' lang='lat' dir='ltr'><strong>ut</strong></span> <span class='ocrx_word' id='word_1_225' title='bbox 1174 2871 1336 2923; x_wconf 92' lang='lat' dir='ltr'><strong>simul</strong></span> <span class='ocrx_word' id='word_1_226' title='bbox 1388 2870 1650 2924; x_wconf 92' lang='lat' dir='ltr'><strong>delectari</strong></span> <span class='ocrx_word' id='word_1_227' title='bbox 1681 2884 1897 2938; x_wconf 91' lang='lat' dir='ltr'><strong>quoque</strong></span> <span class='ocrx_word' id='word_1_228' title='bbox 1921 2869 2092 2937; x_wconf 89' lang='lat' dir='ltr'><strong>possit</strong></span> <span class='ocrx_word' id='word_1_229' title='bbox 2120 2869 2346 2937; x_wconf 89' lang='lat' dir='ltr'><strong>quibus-</strong></span> 
     </span>
    </p>
   </div>
   <div class='ocr_carea' id='block_1_32' title="bbox 774 2960 2345 3031">
    <p class='ocr_par' dir='ltr' id='par_1_32' title="bbox 774 2960 2345 3031">
     <span class='ocr_line' id='line_1_32' title="bbox 774 2960 2345 3031; baseline -0.003 -16"><span class='ocrx_word' id='word_1_230' title='bbox 774 2963 899 3015; x_wconf 88' lang='lat' dir='ltr'><strong>dam</strong></span> <span class='ocrx_word' id='word_1_231' title='bbox 936 2962 1101 3031; x_wconf 83' lang='lat' dir='ltr'><strong>hujus</strong></span> <span class='ocrx_word' id='word_1_232' title='bbox 1132 2962 1321 3015; x_wconf 92' lang='lat' dir='ltr'><strong>mundi</strong></span> <span class='ocrx_word' id='word_1_233' title='bbox 1360 2962 1545 3025; x_wconf 87' lang='lat' dir='ltr'><strong>rebus,</strong></span> <span class='ocrx_word' id='word_1_234' title='bbox 1571 2978 1675 3015; x_wconf 91' lang='lat' dir='ltr'><strong>nec</strong></span> <span class='ocrx_word' id='word_1_235' title='bbox 1701 2969 1874 3014; x_wconf 91' lang='lat' dir='ltr'><strong>totum</strong></span> <span class='ocrx_word' id='word_1_236' title='bbox 1898 2976 2119 3013; x_wconf 89' lang='lat' dir='ltr'><strong>necesse</strong></span> <span class='ocrx_word' id='word_1_237' title='bbox 2148 2960 2217 3013; x_wconf 92' lang='lat' dir='ltr'><strong>sit</strong></span> <span class='ocrx_word' id='word_1_238' title='bbox 2245 2960 2345 3013; x_wconf 92' lang='lat' dir='ltr'><strong>im—</strong></span> 
     </span>
    </p>
   </div>
   <div class='ocr_carea' id='block_1_33' title="bbox 774 3050 2344 3121">
    <p class='ocr_par' dir='ltr' id='par_1_33' title="bbox 774 3050 2344 3121">
     <span class='ocr_line' id='line_1_33' title="bbox 774 3050 2344 3121; baseline -0.003 -16"><span class='ocrx_word' id='word_1_239' title='bbox 774 3062 961 3121; x_wconf 86' lang='lat' dir='ltr'><strong>petum</strong></span> <span class='ocrx_word' id='word_1_240' title='bbox 986 3052 1222 3120; x_wconf 69' lang='lat' dir='ltr'><strong>propria:</strong></span> <span class='ocrx_word' id='word_1_241' title='bbox 1274 3052 1572 3105; x_wconf 87' lang='lat' dir='ltr'><strong>voluntatis</strong></span> <span class='ocrx_word' id='word_1_242' title='bbox 1602 3053 1712 3106; x_wconf 90' lang='lat' dir='ltr'><strong>Deo</strong></span> <span class='ocrx_word' id='word_1_243' title='bbox 1743 3050 1978 3104; x_wconf 87' lang='lat' dir='ltr'><strong>tradere.</strong></span> <span class='ocrx_word' id='word_1_244' title='bbox 2006 3050 2124 3105; x_wconf 91' lang='lat' dir='ltr'><strong>Uno</strong></span> <span class='ocrx_word' id='word_1_245' title='bbox 2162 3057 2344 3102; x_wconf 85' lang='lat' dir='ltr'><strong>autem</strong></span> 
     </span>
    </p>
   </div>
   <div class='ocr_carea' id='block_1_34' title="bbox 775 3140 2341 3211">
    <p class='ocr_par' dir='ltr' id='par_1_34' title="bbox 775 3140 2341 3211">
     <span class='ocr_line' id='line_1_34' title="bbox 775 3140 2341 3211; baseline -0.001 -16"><span class='ocrx_word' id='word_1_246' title='bbox 775 3144 1025 3211; x_wconf 83' lang='lat' dir='ltr'><strong>exemplo</strong></span> <span class='ocrx_word' id='word_1_247' title='bbox 1054 3142 1425 3196; x_wconf 89' lang='lat' dir='ltr'><strong>declarabitur</strong></span> <span class='ocrx_word' id='word_1_248' title='bbox 1453 3142 1505 3195; x_wconf 90' lang='lat' dir='ltr'><strong>id</strong></span> <span class='ocrx_word' id='word_1_249' title='bbox 1522 3142 1667 3211; x_wconf 92' lang='lat' dir='ltr'><strong>quod</strong></span> <span class='ocrx_word' id='word_1_250' title='bbox 1692 3142 1745 3194; x_wconf 92' lang='lat' dir='ltr'><strong>in</strong></span> <span class='ocrx_word' id='word_1_251' title='bbox 1776 3141 2027 3194; x_wconf 89' lang='lat' dir='ltr'><strong>manibus</strong></span> <span class='ocrx_word' id='word_1_252' title='bbox 2058 3140 2341 3193; x_wconf 91' lang='lat' dir='ltr'><strong>habemus.</strong></span> 
     </span>
    </p>
   </div>
   <div class='ocr_carea' id='block_1_35' title="bbox 777 3231 2345 3301">
    <p class='ocr_par' dir='ltr' id='par_1_35' title="bbox 777 3231 2345 3301">
     <span class='ocr_line' id='line_1_35' title="bbox 777 3231 2345 3301; baseline 0 -15"><span class='ocrx_word' id='word_1_253' title='bbox 777 3232 1107 3286; x_wconf 81' lang='lat' dir='ltr'><strong>Discernens</strong></span> <span class='ocrx_word' id='word_1_254' title='bbox 1140 3247 1337 3301; x_wconf 88' lang='lat' dir='ltr'><strong>nempe</strong></span> <span class='ocrx_word' id='word_1_255' title='bbox 1363 3232 1629 3285; x_wconf 88' lang='lat' dir='ltr'><strong>discernit</strong></span> <span class='ocrx_word' id='word_1_256' title='bbox 1663 3232 2060 3300; x_wconf 86' lang='lat' dir='ltr'><strong>unusquisque,</strong></span> <span class='ocrx_word' id='word_1_257' title='bbox 2086 3247 2189 3284; x_wconf 92' lang='lat' dir='ltr'><strong>nec</strong></span> <span class='ocrx_word' id='word_1_258' title='bbox 2213 3231 2345 3286; x_wconf 89' lang='lat' dir='ltr'><strong>latet</strong></span> 
     </span>
    </p>
   </div>
   <div class='ocr_carea' id='block_1_36' title="bbox 778 3321 2414 3413">
    <p class='ocr_par' dir='ltr' id='par_1_36' title="bbox 778 3321 2414 3413">
     <span class='ocr_line' id='line_1_36' title="bbox 778 3321 2414 3413; baseline -0.001 -37"><span class='ocrx_word' id='word_1_259' title='bbox 778 3322 981 3390; x_wconf 86' lang='lat' dir='ltr'><strong>ipsum,</strong></span> <span class='ocrx_word' id='word_1_260' title='bbox 1035 3323 1234 3376; x_wconf 91' lang='lat' dir='ltr'><strong>malum</strong></span> <span class='ocrx_word' id='word_1_261' title='bbox 1278 3338 1398 3376; x_wconf 85' lang='lat' dir='ltr'><strong>esse</strong></span> <span class='ocrx_word' id='word_1_262' title='bbox 1456 3323 1559 3376; x_wconf 90' lang='lat' dir='ltr'><strong>hoc</strong></span> <span class='ocrx_word' id='word_1_263' title='bbox 1591 3321 1658 3375; x_wconf 91' lang='lat' dir='ltr'><strong>ad</strong></span> <span class='ocrx_word' id='word_1_264' title='bbox 1688 3322 1859 3413; x_wconf 88' lang='lat' dir='ltr'><strong>quod</strong></span> <span class='ocrx_word' id='word_1_265' title='bbox 1890 3322 2031 3375; x_wconf 89' lang='lat' dir='ltr'><strong>forte</strong></span> <span class='ocrx_word' id='word_1_266' title='bbox 2060 3321 2341 3413; x_wconf 80' lang='lat' dir='ltr'><strong>agendum</strong></span> <span class='ocrx_word' id='word_1_267' title='bbox 2369 3355 2414 3413; x_wconf 68' lang='grc' dir='ltr'>ο</span> 
     </span>
    </p>
   </div>
   <div class='ocr_carea' id='block_1_37' title="bbox 778 3411 2341 3482">
    <p class='ocr_par' dir='ltr' id='par_1_37' title="bbox 778 3411 2341 3482">
     <span class='ocr_line' id='line_1_37' title="bbox 778 3411 2341 3482; baseline 0 -17"><span class='ocrx_word' id='word_1_268' title='bbox 778 3412 1107 3482; x_wconf 88' lang='lat' dir='ltr'><strong>propendet.</strong></span> <span class='ocrx_word' id='word_1_269' title='bbox 1136 3414 1379 3467; x_wconf 89' lang='lat' dir='ltr'><strong>Primum</strong></span> <span class='ocrx_word' id='word_1_270' title='bbox 1411 3413 1632 3481; x_wconf 88' lang='lat' dir='ltr'><strong>quidem</strong></span> <span class='ocrx_word' id='word_1_271' title='bbox 1674 3413 1820 3466; x_wconf 92' lang='lat' dir='ltr'><strong>intus</strong></span> <span class='ocrx_word' id='word_1_272' title='bbox 1850 3412 1905 3465; x_wconf 91' lang='lat' dir='ltr'><strong>in</strong></span> <span class='ocrx_word' id='word_1_273' title='bbox 1945 3411 2110 3465; x_wconf 90' lang='lat' dir='ltr'><strong>corde</strong></span> <span class='ocrx_word' id='word_1_274' title='bbox 2152 3412 2341 3466; x_wconf 86' lang='lat' dir='ltr'><strong>obser-</strong></span> 
     </span>
    </p>
   </div>
   <div class='ocr_carea' id='block_1_38' title="bbox 782 3504 2345 3574">
    <p class='ocr_par' dir='ltr' id='par_1_38' title="bbox 782 3504 2345 3574">
     <span class='ocr_line' id='line_1_38' title="bbox 782 3504 2345 3574; baseline -0.001 -15"><span class='ocrx_word' id='word_1_275' title='bbox 782 3517 939 3559; x_wconf 86' lang='lat' dir='ltr'><strong>vatur</strong></span> <span class='ocrx_word' id='word_1_276' title='bbox 969 3505 1328 3574; x_wconf 80' lang='lat' dir='ltr'><strong>ambiguitas;</strong></span> <span class='ocrx_word' id='word_1_277' title='bbox 1362 3504 1545 3559; x_wconf 88' lang='lat' dir='ltr'><strong>hilanx</strong></span> <span class='ocrx_word' id='word_1_278' title='bbox 1575 3519 1708 3557; x_wconf 90' lang='lat' dir='ltr'><strong>vero</strong></span> <span class='ocrx_word' id='word_1_279' title='bbox 1758 3519 1881 3558; x_wconf 91' lang='lat' dir='ltr'><strong>cum</strong></span> <span class='ocrx_word' id='word_1_280' title='bbox 1916 3504 2046 3573; x_wconf 83' lang='lat' dir='ltr'><strong>jugo</strong></span> <span class='ocrx_word' id='word_1_281' title='bbox 2082 3519 2345 3572; x_wconf 86' lang='lat' dir='ltr'><strong>suspensa</strong></span> 
     </span>
    </p>
   </div>
   <div class='ocr_carea' id='block_1_39' title="bbox 780 3594 2344 3663">
    <p class='ocr_par' dir='ltr' id='par_1_39' title="bbox 780 3594 2344 3663">
     <span class='ocr_line' id='line_1_39' title="bbox 780 3594 2344 3663; baseline -0.001 -14"><span class='ocrx_word' id='word_1_282' title='bbox 780 3597 837 3649; x_wconf 92' lang='lat' dir='ltr'><strong>in</strong></span> <span class='ocrx_word' id='word_1_283' title='bbox 874 3596 1062 3648; x_wconf 88' lang='lat' dir='ltr'><strong>intima</strong></span> <span class='ocrx_word' id='word_1_284' title='bbox 1099 3596 1182 3648; x_wconf 92' lang='lat' dir='ltr'><strong>sui</strong></span> <span class='ocrx_word' id='word_1_285' title='bbox 1215 3595 1389 3663; x_wconf 93' lang='lat' dir='ltr'><strong>ipsius</strong></span> <span class='ocrx_word' id='word_1_286' title='bbox 1426 3594 1783 3656; x_wconf 87' lang='lat' dir='ltr'><strong>conscientia,</strong></span> <span class='ocrx_word' id='word_1_287' title='bbox 1817 3594 1991 3662; x_wconf 87' lang='lat' dir='ltr'><strong>palam</strong></span> <span class='ocrx_word' id='word_1_288' title='bbox 2042 3610 2243 3663; x_wconf 88' lang='lat' dir='ltr'><strong>anceps</strong></span> <span class='ocrx_word' id='word_1_289' title='bbox 2288 3595 2344 3648; x_wconf 90' lang='lat' dir='ltr'><strong>in</strong></span> 
     </span>
    </p>
   </div>
   <div class='ocr_carea' id='block_1_40' title="bbox 781 3684 2343 3752">
    <p class='ocr_par' dir='ltr' id='par_1_40' title="bbox 781 3684 2343 3752">
     <span class='ocr_line' id='line_1_40' title="bbox 781 3684 2343 3752; baseline -0.001 -14"><span class='ocrx_word' id='word_1_290' title='bbox 781 3685 1071 3747; x_wconf 85' lang='lat' dir='ltr'><strong>utrumvis,</strong></span> <span class='ocrx_word' id='word_1_291' title='bbox 1102 3685 1195 3738; x_wconf 91' lang='lat' dir='ltr'><strong>Dei</strong></span> <span class='ocrx_word' id='word_1_292' title='bbox 1221 3684 1430 3738; x_wconf 90' lang='lat' dir='ltr'><strong>scilicet</strong></span> <span class='ocrx_word' id='word_1_293' title='bbox 1465 3692 1559 3737; x_wconf 87' lang='lat' dir='ltr'><strong>aut</strong></span> <span class='ocrx_word' id='word_1_294' title='bbox 1591 3684 1778 3737; x_wconf 92' lang='lat' dir='ltr'><strong>mundi</strong></span> <span class='ocrx_word' id='word_1_295' title='bbox 1806 3699 2047 3737; x_wconf 89' lang='lat' dir='ltr'><strong>amorem</strong></span> <span class='ocrx_word' id='word_1_296' title='bbox 2082 3685 2343 3752; x_wconf 87' lang='lat' dir='ltr'><strong>impetum</strong></span> 
     </span>
    </p>
   </div>
   <div class='ocr_carea' id='block_1_41' title="bbox 780 3775 2345 3843">
    <p class='ocr_par' dir='ltr' id='par_1_41' title="bbox 780 3775 2345 3843">
     <span class='ocr_line' id='line_1_41' title="bbox 780 3775 2345 3843; baseline -0.003 -14"><span class='ocrx_word' id='word_1_297' title='bbox 780 3776 930 3829; x_wconf 86' lang='lat' dir='ltr'><strong>intus</strong></span> <span class='ocrx_word' id='word_1_298' title='bbox 969 3775 1098 3829; x_wconf 80' lang='lat' dir='ltr'><strong>facit</strong></span> <span class='ocrx_word' id='word_1_299' title='bbox 1135 3791 1147 3825; x_wconf 77' lang='grc' dir='ltr'><strong>ε</strong></span> <span class='ocrx_word' id='word_1_300' title='bbox 1187 3786 1244 3829; x_wconf 88' lang='lat' dir='ltr'><strong>et</strong></span> <span class='ocrx_word' id='word_1_301' title='bbox 1282 3784 1411 3829; x_wconf 90' lang='lat' dir='ltr'><strong>tunc</strong></span> <span class='ocrx_word' id='word_1_302' title='bbox 1440 3776 1583 3829; x_wconf 92' lang='lat' dir='ltr'><strong>circa</strong></span> <span class='ocrx_word' id='word_1_303' title='bbox 1605 3776 1874 3828; x_wconf 86' lang='lat' dir='ltr'><strong>exteriora</strong></span> <span class='ocrx_word' id='word_1_304' title='bbox 1898 3775 2097 3843; x_wconf 92' lang='lat' dir='ltr'><strong>prodit.</strong></span> <span class='ocrx_word' id='word_1_305' title='bbox 2129 3775 2345 3827; x_wconf 86' lang='lat' dir='ltr'><strong>Discer-</strong></span> 
     </span>
    </p>
   </div>
   <div class='ocr_carea' id='block_1_42' title="bbox 782 3866 2341 3935">
    <p class='ocr_par' dir='ltr' id='par_1_42' title="bbox 782 3866 2341 3935">
     <span class='ocr_line' id='line_1_42' title="bbox 782 3866 2341 3935; baseline -0.002 -15"><span class='ocrx_word' id='word_1_306' title='bbox 782 3882 920 3920; x_wconf 88' lang='lat' dir='ltr'><strong>nens</strong></span> <span class='ocrx_word' id='word_1_307' title='bbox 979 3867 1127 3919; x_wconf 90' lang='lat' dir='ltr'><strong>enim</strong></span> <span class='ocrx_word' id='word_1_308' title='bbox 1186 3870 1280 3932; x_wconf 90' lang='lat' dir='ltr'><strong>(ut</strong></span> <span class='ocrx_word' id='word_1_309' title='bbox 1335 3866 1541 3919; x_wconf 88' lang='lat' dir='ltr'><strong>dictum</strong></span> <span class='ocrx_word' id='word_1_310' title='bbox 1599 3867 1711 3935; x_wconf 92' lang='lat' dir='ltr'><strong>est)</strong></span> <span class='ocrx_word' id='word_1_311' title='bbox 1774 3866 2039 3919; x_wconf 85' lang='lat' dir='ltr'><strong>discernit</strong></span> <span class='ocrx_word' id='word_1_312' title='bbox 2088 3866 2341 3934; x_wconf 89' lang='lat' dir='ltr'><strong>quisque.</strong></span> 
     </span>
    </p>
   </div>
   <div class='ocr_carea' id='block_1_43' title="bbox 784 3958 2345 4026">
    <p class='ocr_par' dir='ltr' id='par_1_43' title="bbox 784 3958 2345 4026">
     <span class='ocr_line' id='line_1_43' title="bbox 784 3958 2345 4026; baseline -0.001 -15"><span class='ocrx_word' id='word_1_313' title='bbox 784 3958 1033 4025; x_wconf 78' lang='lat' dir='ltr'><strong>Exempli</strong></span> <span class='ocrx_word' id='word_1_314' title='bbox 1068 3972 1249 4019; x_wconf 88' lang='lat' dir='ltr'><strong>causa,</strong></span> <span class='ocrx_word' id='word_1_315' title='bbox 1285 3958 1554 4026; x_wconf 88' lang='lat' dir='ltr'><strong>quispiam</strong></span> <span class='ocrx_word' id='word_1_316' title='bbox 1591 3958 1731 4011; x_wconf 89' lang='lat' dir='ltr'><strong>forte</strong></span> <span class='ocrx_word' id='word_1_317' title='bbox 1760 3973 1883 4011; x_wconf 91' lang='lat' dir='ltr'><strong>cum</strong></span> <span class='ocrx_word' id='word_1_318' title='bbox 1916 3958 2081 4011; x_wconf 88' lang='lat' dir='ltr'><strong>fratre</strong></span> <span class='ocrx_word' id='word_1_319' title='bbox 2114 3967 2345 4010; x_wconf 87' lang='lat' dir='ltr'><strong>conten-</strong></span> 
     </span>
    </p>
   </div>
   <div class='ocr_carea' id='block_1_44' title="bbox 784 4048 2347 4117">
    <p class='ocr_par' dir='ltr' id='par_1_44' title="bbox 784 4048 2347 4117">
     <span class='ocr_line' id='line_1_44' title="bbox 784 4048 2347 4117; baseline -0.001 -17"><span class='ocrx_word' id='word_1_320' title='bbox 784 4048 940 4111; x_wconf 88' lang='lat' dir='ltr'><strong>dens,</strong></span> <span class='ocrx_word' id='word_1_321' title='bbox 967 4048 1197 4101; x_wconf 89' lang='lat' dir='ltr'><strong>dissidet</strong></span> <span class='ocrx_word' id='word_1_322' title='bbox 1220 4063 1247 4099; x_wconf 90' lang='lat' dir='ltr'><strong>a</strong></span> <span class='ocrx_word' id='word_1_323' title='bbox 1280 4063 1336 4101; x_wconf 90' lang='lat' dir='ltr'><strong>se</strong></span> <span class='ocrx_word' id='word_1_324' title='bbox 1365 4048 1502 4116; x_wconf 89' lang='lat' dir='ltr'><strong>ipso.</strong></span> <span class='ocrx_word' id='word_1_325' title='bbox 1539 4048 1613 4102; x_wconf 86' lang='lat' dir='ltr'><strong>Ac</strong></span> <span class='ocrx_word' id='word_1_326' title='bbox 1635 4049 1811 4117; x_wconf 92' lang='lat' dir='ltr'><strong>primo</strong></span> <span class='ocrx_word' id='word_1_327' title='bbox 1839 4048 2067 4115; x_wconf 90' lang='lat' dir='ltr'><strong>opponit</strong></span> <span class='ocrx_word' id='word_1_328' title='bbox 2094 4069 2103 4101; x_wconf 88' lang='lat'>:</span> <span class='ocrx_word' id='word_1_329' title='bbox 2133 4048 2347 4100; x_wconf 91' lang='lat' dir='ltr'><strong>Dicam-</strong></span> 
     </span>
    </p>
   </div>
   <div class='ocr_carea' id='block_1_45' title="bbox 783 4138 2344 4207">
    <p class='ocr_par' dir='ltr' id='par_1_45' title="bbox 783 4138 2344 4207">
     <span class='ocr_line' id='line_1_45' title="bbox 783 4138 2344 4207; baseline -0.001 -17"><span class='ocrx_word' id='word_1_330' title='bbox 783 4138 894 4190; x_wconf 88' lang='lat' dir='ltr'><strong>ne?</strong></span> <span class='ocrx_word' id='word_1_331' title='bbox 929 4154 995 4190; x_wconf 90' lang='lat' dir='ltr'><strong>an</strong></span> <span class='ocrx_word' id='word_1_332' title='bbox 1030 4154 1137 4191; x_wconf 93' lang='lat' dir='ltr'><strong>non</strong></span> <span class='ocrx_word' id='word_1_333' title='bbox 1170 4138 1380 4191; x_wconf 87' lang='lat' dir='ltr'><strong>dicam?</strong></span> <span class='ocrx_word' id='word_1_334' title='bbox 1404 4155 1730 4207; x_wconf 88' lang='lat' dir='ltr'><strong>reponamne</strong></span> <span class='ocrx_word' id='word_1_335' title='bbox 1753 4155 1872 4207; x_wconf 66' lang='lat' dir='ltr'><strong>qum</strong></span> <span class='ocrx_word' id='word_1_336' title='bbox 1911 4140 2246 4192; x_wconf 87' lang='lat' dir='ltr'><strong>ulciscantur</strong></span> <span class='ocrx_word' id='word_1_337' title='bbox 2278 4138 2344 4190; x_wconf 89' lang='lat' dir='ltr'><strong>il-</strong></span> 
     </span>
    </p>
   </div>
   <div class='ocr_carea' id='block_1_46' title="bbox 783 4225 2347 4296">
    <p class='ocr_par' dir='ltr' id='par_1_46' title="bbox 783 4225 2347 4296">
     <span class='ocr_line' id='line_1_46' title="bbox 783 4225 2347 4296; baseline 0.001 -18"><span class='ocrx_word' id='word_1_338' title='bbox 783 4225 892 4278; x_wconf 88' lang='lat' dir='ltr'><strong>lata</strong></span> <span class='ocrx_word' id='word_1_339' title='bbox 928 4227 1082 4295; x_wconf 77' lang='lat'><strong>187</strong></span> <span class='ocrx_word' id='word_1_340' title='bbox 1115 4227 1245 4279; x_wconf 87' lang='lat' dir='ltr'><strong>mihi</strong></span> <span class='ocrx_word' id='word_1_341' title='bbox 1271 4228 1503 4295; x_wconf 89' lang='lat' dir='ltr'><strong>probra?</strong></span> <span class='ocrx_word' id='word_1_342' title='bbox 1524 4228 1615 4281; x_wconf 91' lang='lat' dir='ltr'><strong>sed</strong></span> <span class='ocrx_word' id='word_1_343' title='bbox 1653 4229 1833 4296; x_wconf 90' lang='lat' dir='ltr'><strong>potius</strong></span> <span class='ocrx_word' id='word_1_344' title='bbox 1856 4228 2049 4280; x_wconf 91' lang='lat' dir='ltr'><strong>silebo.</strong></span> <span class='ocrx_word' id='word_1_345' title='bbox 2074 4226 2347 4279; x_wconf 88' lang='lat' dir='ltr'><strong>Tenemus</strong></span> 
     </span>
    </p>
   </div>
   <div class='ocr_carea' id='block_1_47' title="bbox 783 4315 2347 4385">
    <p class='ocr_par' dir='ltr' id='par_1_47' title="bbox 783 4315 2347 4385">
     <span class='ocr_line' id='line_1_47' title="bbox 783 4315 2347 4385; baseline 0 -16"><span class='ocrx_word' id='word_1_346' title='bbox 783 4315 878 4369; x_wconf 89' lang='lat' dir='ltr'><strong>Dei</strong></span> <span class='ocrx_word' id='word_1_347' title='bbox 907 4318 1187 4379; x_wconf 89' lang='lat' dir='ltr'><strong>mandata;</strong></span> <span class='ocrx_word' id='word_1_348' title='bbox 1219 4328 1475 4371; x_wconf 61' lang='lat' dir='ltr'><strong>caeterum</strong></span> <span class='ocrx_word' id='word_1_349' title='bbox 1514 4319 1587 4371; x_wconf 90' lang='lat' dir='ltr'><strong>ita</strong></span> <span class='ocrx_word' id='word_1_350' title='bbox 1617 4328 1673 4371; x_wconf 92' lang='lat' dir='ltr'><strong>ut</strong></span> <span class='ocrx_word' id='word_1_351' title='bbox 1700 4318 1932 4385; x_wconf 67' lang='lat' dir='ltr'><strong>propriae</strong></span> <span class='ocrx_word' id='word_1_352' title='bbox 1970 4332 2187 4385; x_wconf 90' lang='lat' dir='ltr'><strong>quoque</strong></span> <span class='ocrx_word' id='word_1_353' title='bbox 2214 4332 2347 4369; x_wconf 89' lang='lat' dir='ltr'><strong>cura</strong></span> 
     </span>
    </p>
   </div>
   <div class='ocr_carea' id='block_1_48' title="bbox 781 4405 2339 4475">
    <p class='ocr_par' dir='ltr' id='par_1_48' title="bbox 781 4405 2339 4475">
     <span class='ocr_line' id='line_1_48' title="bbox 781 4405 2339 4475; baseline 0 -18"><span class='ocrx_word' id='word_1_354' title='bbox 781 4406 1024 4473; x_wconf 73' lang='lat' dir='ltr'><strong>gloriolae</strong></span> <span class='ocrx_word' id='word_1_355' title='bbox 1068 4421 1173 4457; x_wconf 93' lang='lat' dir='ltr'><strong>non</strong></span> <span class='ocrx_word' id='word_1_356' title='bbox 1204 4407 1536 4475; x_wconf 79' lang='lat' dir='ltr'><strong>negligatur;</strong></span> <span class='ocrx_word' id='word_1_357' title='bbox 1570 4406 1706 4460; x_wconf 90' lang='lat' dir='ltr'><strong>adeo</strong></span> <span class='ocrx_word' id='word_1_358' title='bbox 1739 4407 1825 4459; x_wconf 86' lang='lat' dir='ltr'><strong>vix</strong></span> <span class='ocrx_word' id='word_1_359' title='bbox 1870 4406 2139 4474; x_wconf 88' lang='lat' dir='ltr'><strong>quispiam</strong></span> <span class='ocrx_word' id='word_1_360' title='bbox 2181 4405 2339 4473; x_wconf 87' lang='lat' dir='ltr'><strong>plene</strong></span> 
     </span>
    </p>
   </div>
   <div class='ocr_carea' id='block_1_49' title="bbox 782 4495 2347 4564">
    <p class='ocr_par' dir='ltr' id='par_1_49' title="bbox 782 4495 2347 4564">
     <span class='ocr_line' id='line_1_49' title="bbox 782 4495 2347 4564; baseline 0 -17"><span class='ocrx_word' id='word_1_361' title='bbox 782 4510 845 4547; x_wconf 88' lang='lat' dir='ltr'><strong>ac</strong></span> <span class='ocrx_word' id='word_1_362' title='bbox 869 4495 1109 4563; x_wconf 90' lang='lat' dir='ltr'><strong>perfecte</strong></span> <span class='ocrx_word' id='word_1_363' title='bbox 1156 4497 1395 4548; x_wconf 88' lang='lat' dir='ltr'><strong>animum</strong></span> <span class='ocrx_word' id='word_1_364' title='bbox 1429 4497 1662 4559; x_wconf 79' lang='lat' dir='ltr'><strong>induxit,</strong></span> <span class='ocrx_word' id='word_1_365' title='bbox 1705 4512 1928 4564; x_wconf 89' lang='lat' dir='ltr'><strong>prorsus</strong></span> <span class='ocrx_word' id='word_1_366' title='bbox 1976 4496 2029 4548; x_wconf 91' lang='lat' dir='ltr'><strong>in</strong></span> <span class='ocrx_word' id='word_1_367' title='bbox 2089 4495 2347 4547; x_wconf 88' lang='lat' dir='ltr'><strong>omnibus</strong></span> 
     </span>
    </p>
   </div>
   <div class='ocr_carea' id='block_1_50' title="bbox 781 4581 2343 4651">
    <p class='ocr_par' dir='ltr' id='par_1_50' title="bbox 781 4581 2343 4651">
     <span class='ocr_line' id='line_1_50' title="bbox 781 4581 2343 4651; baseline -0.001 -17"><span class='ocrx_word' id='word_1_368' title='bbox 781 4584 1055 4651; x_wconf 84' lang='lat' dir='ltr'><strong>nbnegare</strong></span> <span class='ocrx_word' id='word_1_369' title='bbox 1078 4598 1155 4638; x_wconf 87' lang='lat' dir='ltr'><strong>se.</strong></span> <span class='ocrx_word' id='word_1_370' title='bbox 1185 4583 1239 4635; x_wconf 90' lang='lat' dir='ltr'><strong>Si</strong></span> <span class='ocrx_word' id='word_1_371' title='bbox 1262 4598 1389 4651; x_wconf 87' lang='lat' dir='ltr'><strong>ergo</strong></span> <span class='ocrx_word' id='word_1_372' title='bbox 1412 4583 1493 4635; x_wconf 85' lang='lat' dir='ltr'><strong>vel</strong></span> <span class='ocrx_word' id='word_1_373' title='bbox 1514 4583 1739 4635; x_wconf 90' lang='lat' dir='ltr'><strong>minimo</strong></span> <span class='ocrx_word' id='word_1_374' title='bbox 1762 4594 2040 4635; x_wconf 85' lang='lat' dir='ltr'><strong>momento</strong></span> <span class='ocrx_word' id='word_1_375' title='bbox 2063 4583 2186 4634; x_wconf 85' lang='lat' dir='ltr'><strong>lanx</strong></span> <span class='ocrx_word' id='word_1_376' title='bbox 2207 4581 2343 4633; x_wconf 90' lang='lat' dir='ltr'><strong>ami-</strong></span> 
     </span>
    </p>
   </div>
   <div class='ocr_carea' id='block_1_51' title="bbox 2445 784 4034 855">
    <p class='ocr_par' dir='ltr' id='par_1_51' title="bbox 2445 784 4034 855">
     <span class='ocr_line' id='line_1_51' title="bbox 2445 784 4034 855; baseline 0.001 -20"><span class='ocrx_word' id='word_1_377' title='bbox 2445 784 2595 851; x_wconf 80' lang='grc' dir='ltr'>παρὰ</span> <span class='ocrx_word' id='word_1_378' title='bbox 2612 784 2703 836; x_wconf 87' lang='grc' dir='ltr'><strong>τοῦ</strong></span> <span class='ocrx_word' id='word_1_379' title='bbox 2736 786 2868 837; x_wconf 86' lang='grc' dir='ltr'>Θεοῦ</span> <span class='ocrx_word' id='word_1_380' title='bbox 2891 786 3277 855; x_wconf 71' lang='grc' dir='ltr'><strong>ἐπηγγελμένα</strong></span> <span class='ocrx_word' id='word_1_381' title='bbox 3308 787 3619 854; x_wconf 74' lang='grc' dir='ltr'><strong>πεφύκασιν</strong></span> <span class='ocrx_word' id='word_1_382' title='bbox 3647 787 3855 854; x_wconf 74' lang='grc' dir='ltr'>ἀγαθὰ,</span> <span class='ocrx_word' id='word_1_383' title='bbox 3877 785 4034 837; x_wconf 80' lang='grc' dir='ltr'>οὕτω</span> 
     </span>
    </p>
   </div>
   <div class='ocr_carea' id='block_1_52' title="bbox 2444 875 4031 945">
    <p class='ocr_par' dir='ltr' id='par_1_52' title="bbox 2444 875 4031 945">
     <span class='ocr_line' id='line_1_52' title="bbox 2444 875 4031 945; baseline 0.001 -19"><span class='ocrx_word' id='word_1_384' title='bbox 2444 876 2535 927; x_wconf 73' lang='grc' dir='ltr'>καὶ</span> <span class='ocrx_word' id='word_1_385' title='bbox 2565 875 2771 926; x_wconf 83' lang='grc' dir='ltr'>πολλῶν</span> <span class='ocrx_word' id='word_1_386' title='bbox 2804 876 2973 928; x_wconf 82' lang='grc' dir='ltr'>δεῖται</span> <span class='ocrx_word' id='word_1_387' title='bbox 2995 877 3171 929; x_wconf 86' lang='grc' dir='ltr'>πόνων</span> <span class='ocrx_word' id='word_1_388' title='bbox 3201 894 3260 929; x_wconf 84' lang='grc' dir='ltr'><strong>τε</strong></span> <span class='ocrx_word' id='word_1_389' title='bbox 3312 880 3407 930; x_wconf 82' lang='grc' dir='ltr'>καὶ</span> <span class='ocrx_word' id='word_1_390' title='bbox 3455 878 3686 945; x_wconf 84' lang='grc' dir='ltr'><strong>ἀγώνων</strong></span> <span class='ocrx_word' id='word_1_391' title='bbox 3733 879 3846 929; x_wconf 88' lang='grc' dir='ltr'><strong>τῶν</strong></span> <span class='ocrx_word' id='word_1_392' title='bbox 3903 877 4031 944; x_wconf 79' lang='grc' dir='ltr'>μετ’</span> 
     </span>
    </p>
   </div>
   <div class='ocr_carea' id='block_1_53' title="bbox 2444 964 4031 1035">
    <p class='ocr_par' dir='ltr' id='par_1_53' title="bbox 2444 964 4031 1035">
     <span class='ocr_line' id='line_1_53' title="bbox 2444 964 4031 1035; baseline 0.003 -21"><span class='ocrx_word' id='word_1_393' title='bbox 2444 964 2650 1025; x_wconf 77' lang='grc' dir='ltr'><strong>ἐλπίδος</strong></span> <span class='ocrx_word' id='word_1_394' title='bbox 2673 966 2764 1017; x_wconf 74' lang='grc' dir='ltr'>καὶ</span> <span class='ocrx_word' id='word_1_395' title='bbox 2786 966 3019 1027; x_wconf 86' lang='grc' dir='ltr'>πίστεως</span> <span class='ocrx_word' id='word_1_396' title='bbox 3040 983 3054 997; x_wconf 74' lang='grc' dir='ltr'><strong>ο</strong></span> <span class='ocrx_word' id='word_1_397' title='bbox 3078 968 3172 1019; x_wconf 73' lang='grc' dir='ltr'>καὶ</span> <span class='ocrx_word' id='word_1_398' title='bbox 3195 968 3352 1035; x_wconf 85' lang='grc' dir='ltr'>δῆλον</span> <span class='ocrx_word' id='word_1_399' title='bbox 3370 966 3639 1020; x_wconf 79' lang='grc' dir='ltr'>ἐντεῦθεν·</span> <span class='ocrx_word' id='word_1_400' title='bbox 3658 968 3728 1019; x_wconf 79' lang='grc' dir='ltr'><strong>ει</strong></span> <span class='ocrx_word' id='word_1_401' title='bbox 3751 984 3839 1031; x_wconf 86' lang='grc' dir='ltr'><strong>τις</strong></span> <span class='ocrx_word' id='word_1_402' title='bbox 3858 968 4031 1019; x_wconf 75' lang='grc' dir='ltr'>θέλει</span> 
     </span>
    </p>
   </div>
   <div class='ocr_carea' id='block_1_54' title="bbox 2444 1056 4028 1125">
    <p class='ocr_par' dir='ltr' id='par_1_54' title="bbox 2444 1056 4028 1125">
     <span class='ocr_line' id='line_1_54' title="bbox 2444 1056 4028 1125; baseline 0.001 -18"><span class='ocrx_word' id='word_1_403' title='bbox 2444 1056 2634 1108; x_wconf 79' lang='grc' dir='ltr'>ὀπίσω</span> <span class='ocrx_word' id='word_1_404' title='bbox 2682 1074 2801 1124; x_wconf 85' lang='grc' dir='ltr'><strong>μου</strong></span> <span class='ocrx_word' id='word_1_405' title='bbox 2852 1056 3071 1118; x_wconf 75' lang='grc' dir='ltr'>ἐλθεῖν.</span> <span class='ocrx_word' id='word_1_406' title='bbox 3122 1058 3573 1125; x_wconf 74' lang='grc' dir='ltr'>ἀπαρνησάσθω</span> <span class='ocrx_word' id='word_1_407' title='bbox 3620 1057 3860 1121; x_wconf 78' lang='grc' dir='ltr'>ἑαυτὸν,</span> <span class='ocrx_word' id='word_1_408' title='bbox 3921 1058 4028 1112; x_wconf 77' lang='grc' dir='ltr'><strong>καί</strong></span> 
     </span>
    </p>
   </div>
   <div class='ocr_carea' id='block_1_55' title="bbox 2442 1145 4024 1216">
    <p class='ocr_par' dir='ltr' id='par_1_55' title="bbox 2442 1145 4024 1216">
     <span class='ocr_line' id='line_1_55' title="bbox 2442 1145 4024 1216; baseline 0.003 -19"><span class='ocrx_word' id='word_1_409' title='bbox 2442 1145 2636 1212; x_wconf 75' lang='grc' dir='ltr'>ἀράτω</span> <span class='ocrx_word' id='word_1_410' title='bbox 2674 1147 2779 1198; x_wconf 80' lang='grc' dir='ltr'><strong>τὸν</strong></span> <span class='ocrx_word' id='word_1_411' title='bbox 2814 1149 3078 1214; x_wconf 82' lang='grc' dir='ltr'>σταυρὸν</span> <span class='ocrx_word' id='word_1_412' title='bbox 3096 1148 3303 1213; x_wconf 85' lang='grc' dir='ltr'>αὑτοῦ,</span> <span class='ocrx_word' id='word_1_413' title='bbox 3335 1147 3433 1202; x_wconf 80' lang='grc' dir='ltr'><strong>καί</strong></span> <span class='ocrx_word' id='word_1_414' title='bbox 3474 1150 3875 1202; x_wconf 76' lang='grc' dir='ltr'><strong>ἀκολουθείτω</strong></span> <span class='ocrx_word' id='word_1_415' title='bbox 3894 1165 4024 1216; x_wconf 81' lang='grc' dir='ltr'>μοι.</span> 
     </span>
    </p>
   </div>
   <div class='ocr_carea' id='block_1_56' title="bbox 2444 1235 4027 1307">
    <p class='ocr_par' dir='ltr' id='par_1_56' title="bbox 2444 1235 4027 1307">
     <span class='ocr_line' id='line_1_56' title="bbox 2444 1235 4027 1307; baseline 0.003 -20"><span class='ocrx_word' id='word_1_416' title='bbox 2444 1235 2554 1287; x_wconf 77' lang='grc' dir='ltr'><strong>Καὶ</strong></span> <span class='ocrx_word' id='word_1_417' title='bbox 2584 1235 2775 1288; x_wconf 72' lang='grc' dir='ltr'>πάλινο</span> <span class='ocrx_word' id='word_1_418' title='bbox 2822 1238 2946 1289; x_wconf 83' lang='grc' dir='ltr'><strong>Εὰν</strong></span> <span class='ocrx_word' id='word_1_419' title='bbox 2977 1237 3060 1304; x_wconf 84' lang='grc' dir='ltr'><strong>μή</strong></span> <span class='ocrx_word' id='word_1_420' title='bbox 3091 1255 3182 1303; x_wconf 83' lang='grc' dir='ltr'><strong>τις</strong></span> <span class='ocrx_word' id='word_1_421' title='bbox 3229 1238 3467 1306; x_wconf 82' lang='grc' dir='ltr'>μισήσῃ</span> <span class='ocrx_word' id='word_1_422' title='bbox 3506 1238 3734 1307; x_wconf 77' lang='grc' dir='ltr'>πατέρα</span> <span class='ocrx_word' id='word_1_423' title='bbox 3781 1240 3882 1292; x_wconf 79' lang='grc' dir='ltr'>καὶ</span> <span class='ocrx_word' id='word_1_424' title='bbox 3910 1258 4027 1307; x_wconf 85' lang='grc' dir='ltr'>μη-</span> 
     </span>
    </p>
   </div>
   <div class='ocr_carea' id='block_1_57' title="bbox 2442 1324 4025 1397">
    <p class='ocr_par' dir='ltr' id='par_1_57' title="bbox 2442 1324 4025 1397">
     <span class='ocr_line' id='line_1_57' title="bbox 2442 1324 4025 1397; baseline 0.003 -20"><span class='ocrx_word' id='word_1_425' title='bbox 2442 1324 2601 1391; x_wconf 84' lang='grc' dir='ltr'>τέρα,</span> <span class='ocrx_word' id='word_1_426' title='bbox 2633 1325 2730 1378; x_wconf 84' lang='grc' dir='ltr'><strong>καί</strong></span> <span class='ocrx_word' id='word_1_427' title='bbox 2750 1324 3071 1393; x_wconf 72' lang='grc' dir='ltr'>ἀδελφοὺς,</span> <span class='ocrx_word' id='word_1_428' title='bbox 3134 1329 3233 1381; x_wconf 81' lang='grc' dir='ltr'><strong>καί</strong></span> <span class='ocrx_word' id='word_1_429' title='bbox 3261 1328 3531 1397; x_wconf 82' lang='grc' dir='ltr'>γυναῖκα,</span> <span class='ocrx_word' id='word_1_430' title='bbox 3560 1332 3659 1383; x_wconf 80' lang='grc' dir='ltr'>καὶ</span> <span class='ocrx_word' id='word_1_431' title='bbox 3695 1330 3899 1392; x_wconf 75' lang='grc' dir='ltr'>τέκνα,</span> <span class='ocrx_word' id='word_1_432' title='bbox 3934 1331 4025 1382; x_wconf 71' lang='grc' dir='ltr'>ἔτι</span> 
     </span>
    </p>
   </div>
   <div class='ocr_carea' id='block_1_58' title="bbox 2442 1413 4025 1488">
    <p class='ocr_par' dir='ltr' id='par_1_58' title="bbox 2442 1413 4025 1488">
     <span class='ocr_line' id='line_1_58' title="bbox 2442 1413 4025 1488; baseline 0.003 -21"><span class='ocrx_word' id='word_1_433' title='bbox 2442 1413 2510 1467; x_wconf 78' lang='grc' dir='ltr'>δὲ</span> <span class='ocrx_word' id='word_1_434' title='bbox 2542 1414 2643 1468; x_wconf 82' lang='grc' dir='ltr'><strong>καί</strong></span> <span class='ocrx_word' id='word_1_435' title='bbox 2662 1415 2775 1482; x_wconf 69' lang='grc' dir='ltr'><strong>τὴν</strong></span> <span class='ocrx_word' id='word_1_436' title='bbox 2798 1417 3015 1471; x_wconf 81' lang='grc' dir='ltr'>ἑαυτοῦ</span> <span class='ocrx_word' id='word_1_437' title='bbox 3042 1418 3274 1487; x_wconf 69' lang='grc' dir='ltr'>ψυχὴν,</span> <span class='ocrx_word' id='word_1_438' title='bbox 3301 1421 3373 1473; x_wconf 88' lang='grc' dir='ltr'><strong>οὐ</strong></span> <span class='ocrx_word' id='word_1_439' title='bbox 3414 1420 3667 1473; x_wconf 79' lang='grc' dir='ltr'>δύναταί</span> <span class='ocrx_word' id='word_1_440' title='bbox 3690 1437 3812 1488; x_wconf 86' lang='grc' dir='ltr'><strong>μου</strong></span> <span class='ocrx_word' id='word_1_441' title='bbox 3863 1418 4025 1473; x_wconf 75' lang='grc' dir='ltr'>εἶναι</span> 
     </span>
    </p>
   </div>
   <div class='ocr_carea' id='block_1_59' title="bbox 2438 1507 4023 1577">
    <p class='ocr_par' dir='ltr' id='par_1_59' title="bbox 2438 1507 4023 1577">
     <span class='ocr_line' id='line_1_59' title="bbox 2438 1507 4023 1577; baseline 0.003 -19"><span class='ocrx_word' id='word_1_442' title='bbox 2438 1507 2728 1574; x_wconf 82' lang='grc' dir='ltr'>μαθητής.</span> <span class='ocrx_word' id='word_1_443' title='bbox 2769 1510 2828 1560; x_wconf 82' lang='grc' dir='ltr'><strong>Οἱ</strong></span> <span class='ocrx_word' id='word_1_444' title='bbox 2853 1508 3093 1560; x_wconf 82' lang='grc' dir='ltr'>πλεῖστοι</span> <span class='ocrx_word' id='word_1_445' title='bbox 3114 1508 3169 1561; x_wconf 85' lang='grc' dir='ltr'>δὲ</span> <span class='ocrx_word' id='word_1_446' title='bbox 3200 1509 3307 1561; x_wconf 88' lang='grc' dir='ltr'><strong>τῶν</strong></span> <span class='ocrx_word' id='word_1_447' title='bbox 3324 1509 3623 1577; x_wconf 85' lang='grc' dir='ltr'>ἀνθρώπων</span> <span class='ocrx_word' id='word_1_448' title='bbox 3650 1509 3825 1571; x_wconf 81' lang='grc' dir='ltr'>οὕτως</span> <span class='ocrx_word' id='word_1_449' title='bbox 3863 1512 4023 1577; x_wconf 61' lang='lat' dir='ltr'><strong>Exon-</strong></span> 
     </span>
    </p>
   </div>
   <div class='ocr_carea' id='block_1_60' title="bbox 2444 1596 4019 1667">
    <p class='ocr_par' dir='ltr' id='par_1_60' title="bbox 2444 1596 4019 1667">
     <span class='ocr_line' id='line_1_60' title="bbox 2444 1596 4019 1667; baseline 0.001 -20"><span class='ocrx_word' id='word_1_450' title='bbox 2444 1611 2528 1647; x_wconf 91' lang='grc' dir='ltr'><strong>σιν</strong></span> <span class='ocrx_word' id='word_1_451' title='bbox 2558 1596 2818 1664; x_wconf 83' lang='grc' dir='ltr'>ἀνοήτως,</span> <span class='ocrx_word' id='word_1_452' title='bbox 2853 1596 2929 1659; x_wconf 82' lang='grc' dir='ltr'>ὡς</span> <span class='ocrx_word' id='word_1_453' title='bbox 2958 1597 3057 1664; x_wconf 82' lang='grc' dir='ltr'>τῆς</span> <span class='ocrx_word' id='word_1_454' title='bbox 3097 1597 3371 1666; x_wconf 79' lang='grc' dir='ltr'><strong>βασιλείας</strong></span> <span class='ocrx_word' id='word_1_455' title='bbox 3395 1600 3672 1667; x_wconf 75' lang='grc' dir='ltr'><strong>ἐπιτυχεῖν</strong></span> <span class='ocrx_word' id='word_1_456' title='bbox 3704 1598 4019 1665; x_wconf 82' lang='grc' dir='ltr'>βούλεσθαι,</span> 
     </span>
    </p>
   </div>
   <div class='ocr_carea' id='block_1_61' title="bbox 2443 1686 4019 1756">
    <p class='ocr_par' dir='ltr' id='par_1_61' title="bbox 2443 1686 4019 1756">
     <span class='ocr_line' id='line_1_61' title="bbox 2443 1686 4019 1756; baseline 0 -19"><span class='ocrx_word' id='word_1_457' title='bbox 2443 1686 2538 1737; x_wconf 78' lang='grc' dir='ltr'>καὶ</span> <span class='ocrx_word' id='word_1_458' title='bbox 2566 1686 2663 1753; x_wconf 85' lang='grc' dir='ltr'>τῆς</span> <span class='ocrx_word' id='word_1_459' title='bbox 2701 1687 2917 1738; x_wconf 75' lang='grc' dir='ltr'><strong>αἰωνίου</strong></span> <span class='ocrx_word' id='word_1_460' title='bbox 2942 1686 3344 1756; x_wconf 84' lang='grc' dir='ltr'>κληρονομῆσαι</span> <span class='ocrx_word' id='word_1_461' title='bbox 3376 1687 3541 1751; x_wconf 78' lang='grc' dir='ltr'>ζωῆς,</span> <span class='ocrx_word' id='word_1_462' title='bbox 3566 1688 3657 1739; x_wconf 75' lang='grc' dir='ltr'><strong>καὶ</strong></span> <span class='ocrx_word' id='word_1_463' title='bbox 3686 1689 3909 1755; x_wconf 85' lang='grc' dir='ltr'><strong>Χριστῷ</strong></span> <span class='ocrx_word' id='word_1_464' title='bbox 3929 1688 4019 1745; x_wconf 78' lang='grc' dir='ltr'>διὰ</span> 
     </span>
    </p>
   </div>
   <div class='ocr_carea' id='block_1_62' title="bbox 2441 1773 4019 1845">
    <p class='ocr_par' dir='ltr' id='par_1_62' title="bbox 2441 1773 4019 1845">
     <span class='ocr_line' id='line_1_62' title="bbox 2441 1773 4019 1845; baseline 0.003 -20"><span class='ocrx_word' id='word_1_465' title='bbox 2441 1773 2627 1834; x_wconf 88' lang='grc' dir='ltr'>τέλους</span> <span class='ocrx_word' id='word_1_466' title='bbox 2662 1774 3109 1841; x_wconf 78' lang='grc' dir='ltr'>συμϐασιλεῦσαι,</span> <span class='ocrx_word' id='word_1_467' title='bbox 3149 1777 3209 1828; x_wconf 82' lang='grc' dir='ltr'>τὸ</span> <span class='ocrx_word' id='word_1_468' title='bbox 3246 1777 3386 1844; x_wconf 85' lang='grc' dir='ltr'>μέγα</span> <span class='ocrx_word' id='word_1_469' title='bbox 3418 1777 3575 1828; x_wconf 90' lang='grc' dir='ltr'>τοῦτο</span> <span class='ocrx_word' id='word_1_470' title='bbox 3628 1781 3724 1829; x_wconf 78' lang='grc' dir='ltr'>καὶ</span> <span class='ocrx_word' id='word_1_471' title='bbox 3754 1779 3893 1845; x_wconf 81' lang='grc' dir='ltr'>ὑπὲρ</span> <span class='ocrx_word' id='word_1_472' title='bbox 3929 1778 4019 1831; x_wconf 78' lang='grc' dir='ltr'>ἐν·</span> 
     </span>
    </p>
   </div>
   <div class='ocr_carea' id='block_1_63' title="bbox 2443 1862 4019 1933">
    <p class='ocr_par' dir='ltr' id='par_1_63' title="bbox 2443 1862 4019 1933">
     <span class='ocr_line' id='line_1_63' title="bbox 2443 1862 4019 1933; baseline 0.004 -21"><span class='ocrx_word' id='word_1_473' title='bbox 2443 1874 2623 1913; x_wconf 84' lang='grc' dir='ltr'>νοιαν⁶</span> <span class='ocrx_word' id='word_1_474' title='bbox 2654 1864 2766 1924; x_wconf 83' lang='grc' dir='ltr'>τοῖς</span> <span class='ocrx_word' id='word_1_475' title='bbox 2818 1862 2976 1927; x_wconf 88' lang='grc' dir='ltr'>ἰδίοις·</span> <span class='ocrx_word' id='word_1_476' title='bbox 3000 1864 3057 1916; x_wconf 88' lang='grc' dir='ltr'>δὲ</span> <span class='ocrx_word' id='word_1_477' title='bbox 3110 1863 3310 1927; x_wconf 82' lang='grc' dir='ltr'>ζῶντες</span> <span class='ocrx_word' id='word_1_478' title='bbox 3337 1864 3627 1933; x_wconf 87' lang='grc' dir='ltr'>θελήμασι,</span> <span class='ocrx_word' id='word_1_479' title='bbox 3681 1867 3774 1917; x_wconf 70' lang='grc' dir='ltr'>καὶ</span> <span class='ocrx_word' id='word_1_480' title='bbox 3802 1866 4019 1929; x_wconf 77' lang='grc' dir='ltr'><strong>τούτοις</strong></span> 
     </span>
    </p>
   </div>
   <div class='ocr_carea' id='block_1_64' title="bbox 2443 1946 4019 2023">
    <p class='ocr_par' dir='ltr' id='par_1_64' title="bbox 2443 1946 4019 2023">
     <span class='ocr_line' id='line_1_64' title="bbox 2443 1946 4019 2023; baseline 0.006 -24"><span class='ocrx_word' id='word_1_481' title='bbox 2443 1946 2857 2010; x_wconf 81' lang='grc' dir='ltr'><strong>ἀκολουθοῦντες</strong></span> <span class='ocrx_word' id='word_1_482' title='bbox 2877 1964 2889 1977; x_wconf 91' lang='grc'><strong>·</strong></span> <span class='ocrx_word' id='word_1_483' title='bbox 2933 1950 3131 2018; x_wconf 76' lang='grc' dir='ltr'>μᾶλλον</span> <span class='ocrx_word' id='word_1_484' title='bbox 3157 1952 3212 2003; x_wconf 85' lang='grc' dir='ltr'>δὲ</span> <span class='ocrx_word' id='word_1_485' title='bbox 3243 1951 3319 2021; x_wconf 85' lang='grc' dir='ltr'>τῷ</span> <span class='ocrx_word' id='word_1_486' title='bbox 3347 1953 3685 2023; x_wconf 83' lang='grc' dir='ltr'>ἐνσπείροντι</span> <span class='ocrx_word' id='word_1_487' title='bbox 3708 1954 3777 2007; x_wconf 83' lang='grc' dir='ltr'><strong>τά</strong></span> <span class='ocrx_word' id='word_1_488' title='bbox 3804 1956 4019 2023; x_wconf 86' lang='grc' dir='ltr'>μάταια</span> 
     </span>
    </p>
   </div>
   <div class='ocr_carea' id='block_1_65' title="bbox 2370 2034 3321 2111">
    <p class='ocr_par' dir='ltr' id='par_1_65' title="bbox 2370 2034 3321 2111">
     <span class='ocr_line' id='line_1_65' title="bbox 2370 2034 3321 2111; baseline 0.009 -22"><span class='ocrx_word' id='word_1_489' title='bbox 2370 2034 2413 2089; x_wconf 88' lang='grc' dir='ltr'><strong>Β</strong></span> <span class='ocrx_word' id='word_1_490' title='bbox 2438 2038 2632 2104; x_wconf 87' lang='grc' dir='ltr'>ταῦτα,</span> <span class='ocrx_word' id='word_1_491' title='bbox 2660 2041 2754 2091; x_wconf 74' lang='grc' dir='ltr'>καὶ</span> <span class='ocrx_word' id='word_1_492' title='bbox 2782 2042 3028 2110; x_wconf 82' lang='grc' dir='ltr'>φανερῶς</span> <span class='ocrx_word' id='word_1_493' title='bbox 3062 2041 3321 2111; x_wconf 75' lang='grc' dir='ltr'>βλαϐερά.</span> 
     </span>
    </p>
   </div>
   <div class='ocr_carea' id='block_1_66' title="bbox 2514 2125 4017 2205">
    <p class='ocr_par' dir='ltr' id='par_1_66' title="bbox 2514 2125 4017 2205">
     <span class='ocr_line' id='line_1_66' title="bbox 2514 2125 4017 2205; baseline 0.004 -21"><span class='ocrx_word' id='word_1_494' title='bbox 2514 2131 2642 2187; x_wconf 75' lang='lat' dir='ltr'><strong>Kl&quot;.</strong></span> <span class='ocrx_word' id='word_1_495' title='bbox 2676 2125 2836 2183; x_wconf 73' lang='grc' dir='ltr'>Οὗτοί</span> <span class='ocrx_word' id='word_1_496' title='bbox 2878 2133 3015 2184; x_wconf 90' lang='grc' dir='ltr'>εἰσιν</span> <span class='ocrx_word' id='word_1_497' title='bbox 3043 2134 3091 2184; x_wconf 92' lang='grc' dir='ltr'>οἰ</span> <span class='ocrx_word' id='word_1_498' title='bbox 3128 2134 3288 2203; x_wconf 89' lang='grc' dir='ltr'>μέχρι</span> <span class='ocrx_word' id='word_1_499' title='bbox 3321 2134 3511 2198; x_wconf 83' lang='grc' dir='ltr'>τέλους</span> <span class='ocrx_word' id='word_1_500' title='bbox 3534 2137 3773 2189; x_wconf 84' lang='grc' dir='ltr'>άπτωτοι</span> <span class='ocrx_word' id='word_1_501' title='bbox 3801 2136 4017 2205; x_wconf 82' lang='grc' dir='ltr'>διερχό-</span> 
     </span>
    </p>
   </div>
   <div class='ocr_carea' id='block_1_67' title="bbox 2444 2220 4016 2293">
    <p class='ocr_par' dir='ltr' id='par_1_67' title="bbox 2444 2220 4016 2293">
     <span class='ocr_line' id='line_1_67' title="bbox 2444 2220 4016 2293; baseline 0.004 -21"><span class='ocrx_word' id='word_1_502' title='bbox 2444 2237 2613 2289; x_wconf 86' lang='grc' dir='ltr'>μενοι,</span> <span class='ocrx_word' id='word_1_503' title='bbox 2643 2222 2689 2274; x_wconf 92' lang='grc' dir='ltr'>οἰ</span> <span class='ocrx_word' id='word_1_504' title='bbox 2718 2220 2816 2284; x_wconf 79' lang='grc' dir='ltr'><strong>τὰς</strong></span> <span class='ocrx_word' id='word_1_505' title='bbox 2837 2220 2929 2273; x_wconf 88' lang='grc' dir='ltr'><strong>τοῦ</strong></span> <span class='ocrx_word' id='word_1_506' title='bbox 2964 2221 3167 2291; x_wconf 85' lang='grc' dir='ltr'><strong>κόσμου</strong></span> <span class='ocrx_word' id='word_1_507' title='bbox 3212 2224 3391 2285; x_wconf 85' lang='grc' dir='ltr'>πάσας</span> <span class='ocrx_word' id='word_1_508' title='bbox 3419 2224 3733 2293; x_wconf 82' lang='grc' dir='ltr'>ἐπιθυμίας,</span> <span class='ocrx_word' id='word_1_509' title='bbox 3759 2228 3851 2278; x_wconf 77' lang='grc' dir='ltr'>καὶ</span> <span class='ocrx_word' id='word_1_510' title='bbox 3886 2228 4016 2279; x_wconf 79' lang='grc' dir='ltr'>ἐαυο</span> 
     </span>
    </p>
   </div>
   <div class='ocr_carea' id='block_1_68' title="bbox 2440 2310 4018 2387">
    <p class='ocr_par' dir='ltr' id='par_1_68' title="bbox 2440 2310 4018 2387">
     <span class='ocr_line' id='line_1_68' title="bbox 2440 2310 4018 2387; baseline 0.003 -23"><span class='ocrx_word' id='word_1_511' title='bbox 2440 2313 2586 2375; x_wconf 82' lang='grc' dir='ltr'>τοὺς,</span> <span class='ocrx_word' id='word_1_512' title='bbox 2611 2310 2971 2381; x_wconf 82' lang='grc' dir='ltr'>μεθορισμούς</span> <span class='ocrx_word' id='word_1_513' title='bbox 2992 2329 3051 2365; x_wconf 90' lang='grc' dir='ltr'><strong>τε</strong></span> <span class='ocrx_word' id='word_1_514' title='bbox 3075 2314 3264 2366; x_wconf 87' lang='grc' dir='ltr'>τούτου</span> <span class='ocrx_word' id='word_1_515' title='bbox 3288 2317 3380 2367; x_wconf 73' lang='grc' dir='ltr'>καὶ</span> <span class='ocrx_word' id='word_1_516' title='bbox 3404 2315 3616 2384; x_wconf 72' lang='grc' dir='ltr'>ἡδονὰς,</span> <span class='ocrx_word' id='word_1_517' title='bbox 3642 2319 3732 2368; x_wconf 83' lang='grc' dir='ltr'>καὶ</span> <span class='ocrx_word' id='word_1_518' title='bbox 3760 2317 3858 2378; x_wconf 79' lang='grc' dir='ltr'>τὰς</span> <span class='ocrx_word' id='word_1_519' title='bbox 3880 2319 4018 2387; x_wconf 69' lang='grc' dir='ltr'>πρὸς</span> 
     </span>
    </p>
   </div>
   <div class='ocr_carea' id='block_1_69' title="bbox 2442 2402 4019 2477">
    <p class='ocr_par' dir='ltr' id='par_1_69' title="bbox 2442 2402 4019 2477">
     <span class='ocr_line' id='line_1_69' title="bbox 2442 2402 4019 2477; baseline 0.004 -23"><span class='ocrx_word' id='word_1_520' title='bbox 2442 2402 2602 2454; x_wconf 80' lang='grc' dir='ltr'>αὑτὸν</span> <span class='ocrx_word' id='word_1_521' title='bbox 2656 2402 2913 2471; x_wconf 81' lang='grc' dir='ltr'>ἀσχολίας</span> <span class='ocrx_word' id='word_1_522' title='bbox 2942 2403 3002 2456; x_wconf 86' lang='grc' dir='ltr'>τὸ</span> <span class='ocrx_word' id='word_1_523' title='bbox 3036 2405 3294 2473; x_wconf 83' lang='grc' dir='ltr'>παράπαν</span> <span class='ocrx_word' id='word_1_524' title='bbox 3328 2409 3658 2474; x_wconf 73' lang='grc' dir='ltr'>μισήσαντες</span> <span class='ocrx_word' id='word_1_525' title='bbox 3679 2424 3691 2437; x_wconf 86' lang='grc'><strong>·</strong></span> <span class='ocrx_word' id='word_1_526' title='bbox 3726 2407 3888 2460; x_wconf 82' lang='grc' dir='ltr'>τοῦτο</span> <span class='ocrx_word' id='word_1_527' title='bbox 3909 2410 4019 2477; x_wconf 81' lang='grc' dir='ltr'><strong>γάρ</strong></span> 
     </span>
    </p>
   </div>
   <div class='ocr_carea' id='block_1_70' title="bbox 2442 2492 4017 2565">
    <p class='ocr_par' dir='ltr' id='par_1_70' title="bbox 2442 2492 4017 2565">
     <span class='ocr_line' id='line_1_70' title="bbox 2442 2492 4017 2565; baseline 0.003 -20"><span class='ocrx_word' id='word_1_528' title='bbox 2442 2494 2557 2545; x_wconf 89' lang='grc' dir='ltr'>ἐστι</span> <span class='ocrx_word' id='word_1_529' title='bbox 2586 2492 2647 2545; x_wconf 88' lang='grc' dir='ltr'>τὸ</span> <span class='ocrx_word' id='word_1_530' title='bbox 2684 2494 3098 2563; x_wconf 75' lang='grc' dir='ltr'>ἀπαρνήσασθαι</span> <span class='ocrx_word' id='word_1_531' title='bbox 3139 2495 3351 2549; x_wconf 79' lang='grc' dir='ltr'>ἑαυτόν.</span> <span class='ocrx_word' id='word_1_532' title='bbox 3382 2497 3541 2547; x_wconf 83' lang='grc' dir='ltr'>Ὥστε</span> <span class='ocrx_word' id='word_1_533' title='bbox 3595 2496 3706 2563; x_wconf 84' lang='grc' dir='ltr'>ἰδίῳ</span> <span class='ocrx_word' id='word_1_534' title='bbox 3748 2496 4017 2565; x_wconf 78' lang='grc' dir='ltr'>Θελήματι</span> 
     </span>
    </p>
   </div>
   <div class='ocr_carea' id='block_1_71' title="bbox 2442 2581 4019 2655">
    <p class='ocr_par' dir='ltr' id='par_1_71' title="bbox 2442 2581 4019 2655">
     <span class='ocr_line' id='line_1_71' title="bbox 2442 2581 4019 2655; baseline 0.003 -23"><span class='ocrx_word' id='word_1_535' title='bbox 2442 2583 2671 2644; x_wconf 71' lang='grc' dir='ltr'>ἕκαστος</span> <span class='ocrx_word' id='word_1_536' title='bbox 2698 2583 2796 2651; x_wconf 84' lang='grc' dir='ltr'>τῆς</span> <span class='ocrx_word' id='word_1_537' title='bbox 2834 2581 3104 2651; x_wconf 75' lang='grc' dir='ltr'>βασιλείας</span> <span class='ocrx_word' id='word_1_538' title='bbox 3138 2584 3460 2637; x_wconf 76' lang='grc' dir='ltr'>ἐκὸάλλεται</span> <span class='ocrx_word' id='word_1_539' title='bbox 3483 2601 3497 2614; x_wconf 87' lang='grc'><strong>·</strong></span> <span class='ocrx_word' id='word_1_540' title='bbox 3533 2584 3612 2650; x_wconf 82' lang='grc' dir='ltr'>τῷ</span> <span class='ocrx_word' id='word_1_541' title='bbox 3672 2587 3745 2654; x_wconf 82' lang='grc' dir='ltr'>μὴ</span> <span class='ocrx_word' id='word_1_542' title='bbox 3778 2586 3839 2648; x_wconf 82' lang='grc' dir='ltr'>ἐξ</span> <span class='ocrx_word' id='word_1_543' title='bbox 3890 2588 4019 2655; x_wconf 78' lang='grc' dir='ltr'>ἁλη-</span> 
     </span>
    </p>
   </div>
   <div class='ocr_carea' id='block_1_72' title="bbox 2443 2671 4015 2745">
    <p class='ocr_par' dir='ltr' id='par_1_72' title="bbox 2443 2671 4015 2745">
     <span class='ocr_line' id='line_1_72' title="bbox 2443 2671 4015 2745; baseline 0.003 -21"><span class='ocrx_word' id='word_1_544' title='bbox 2443 2671 2592 2735; x_wconf 81' lang='grc' dir='ltr'>θείας</span> <span class='ocrx_word' id='word_1_545' title='bbox 2615 2672 2827 2725; x_wconf 76' lang='grc' dir='ltr'>ἑλέσθαι</span> <span class='ocrx_word' id='word_1_546' title='bbox 2843 2674 2969 2735; x_wconf 84' lang='grc' dir='ltr'>τοὺς</span> <span class='ocrx_word' id='word_1_547' title='bbox 3001 2674 3215 2735; x_wconf 89' lang='grc' dir='ltr'>πόνους.</span> <span class='ocrx_word' id='word_1_548' title='bbox 3239 2675 3331 2725; x_wconf 69' lang='grc' dir='ltr'>καὶ</span> <span class='ocrx_word' id='word_1_549' title='bbox 3350 2674 3542 2727; x_wconf 85' lang='grc' dir='ltr'>ἐαυτὸν</span> <span class='ocrx_word' id='word_1_550' title='bbox 3566 2676 4015 2745; x_wconf 79' lang='grc' dir='ltr'>ἀπαρνήσασθαι,</span> 
     </span>
    </p>
   </div>
   <div class='ocr_carea' id='block_1_73' title="bbox 2442 2764 4016 2836">
    <p class='ocr_par' dir='ltr' id='par_1_73' title="bbox 2442 2764 4016 2836">
     <span class='ocr_line' id='line_1_73' title="bbox 2442 2764 4016 2836; baseline 0.002 -19"><span class='ocrx_word' id='word_1_551' title='bbox 2442 2764 2578 2817; x_wconf 82' lang='grc' dir='ltr'>ἀλλὰ</span> <span class='ocrx_word' id='word_1_552' title='bbox 2607 2764 2807 2818; x_wconf 77' lang='grc' dir='ltr'>ἐθέλειν</span> <span class='ocrx_word' id='word_1_553' title='bbox 2830 2764 2909 2818; x_wconf 78' lang='grc' dir='ltr'><strong>ἐτι</strong></span> <span class='ocrx_word' id='word_1_554' title='bbox 2934 2767 3071 2836; x_wconf 83' lang='grc' dir='ltr'>πρὸς</span> <span class='ocrx_word' id='word_1_555' title='bbox 3095 2766 3287 2835; x_wconf 85' lang='grc' dir='ltr'>ἐκείνῳ</span> <span class='ocrx_word' id='word_1_556' title='bbox 3315 2765 3391 2835; x_wconf 82' lang='grc' dir='ltr'>τῷ</span> <span class='ocrx_word' id='word_1_557' title='bbox 3405 2766 3573 2836; x_wconf 86' lang='grc' dir='ltr'>θεῐκῷ</span> <span class='ocrx_word' id='word_1_558' title='bbox 3590 2767 3755 2835; x_wconf 87' lang='grc' dir='ltr'>πόθῳ,</span> <span class='ocrx_word' id='word_1_559' title='bbox 3790 2769 3883 2820; x_wconf 87' lang='grc' dir='ltr'><strong>καί</strong></span> <span class='ocrx_word' id='word_1_560' title='bbox 3908 2785 4016 2820; x_wconf 88' lang='grc' dir='ltr'>τισι</span> 
     </span>
    </p>
   </div>
   <div class='ocr_carea' id='block_1_74' title="bbox 2442 2854 4017 2929">
    <p class='ocr_par' dir='ltr' id='par_1_74' title="bbox 2442 2854 4017 2929">
     <span class='ocr_line' id='line_1_74' title="bbox 2442 2854 4017 2929; baseline 0.001 -20"><span class='ocrx_word' id='word_1_561' title='bbox 2442 2854 2536 2909; x_wconf 86' lang='grc' dir='ltr'><strong>τοῦ</strong></span> <span class='ocrx_word' id='word_1_562' title='bbox 2570 2856 2762 2919; x_wconf 89' lang='grc' dir='ltr'>αἰῶνος</span> <span class='ocrx_word' id='word_1_563' title='bbox 2797 2856 2985 2909; x_wconf 84' lang='grc' dir='ltr'>τούτου</span> <span class='ocrx_word' id='word_1_564' title='bbox 3044 2858 3397 2927; x_wconf 76' lang='grc' dir='ltr'>συνήδεσθαι·</span> <span class='ocrx_word' id='word_1_565' title='bbox 3458 2862 3552 2911; x_wconf 83' lang='grc' dir='ltr'>καὶ</span> <span class='ocrx_word' id='word_1_566' title='bbox 3586 2860 3660 2929; x_wconf 79' lang='grc' dir='ltr'>μὴ</span> <span class='ocrx_word' id='word_1_567' title='bbox 3709 2861 3807 2927; x_wconf 82' lang='grc' dir='ltr'>τὴν</span> <span class='ocrx_word' id='word_1_568' title='bbox 3843 2859 4017 2929; x_wconf 79' lang='grc' dir='ltr'>ῥοπὴν</span> 
     </span>
    </p>
   </div>
   <div class='ocr_carea' id='block_1_75' title="bbox 2442 2947 4018 3019">
    <p class='ocr_par' dir='ltr' id='par_1_75' title="bbox 2442 2947 4018 3019">
     <span class='ocr_line' id='line_1_75' title="bbox 2442 2947 4018 3019; baseline 0.001 -18"><span class='ocrx_word' id='word_1_569' title='bbox 2442 2950 2569 3016; x_wconf 85' lang='grc' dir='ltr'>ὅλην</span> <span class='ocrx_word' id='word_1_570' title='bbox 2596 2947 2688 3002; x_wconf 87' lang='grc' dir='ltr'><strong>τοῦ</strong></span> <span class='ocrx_word' id='word_1_571' title='bbox 2725 2948 2853 3001; x_wconf 89' lang='grc' dir='ltr'>ἰδίου</span> <span class='ocrx_word' id='word_1_572' title='bbox 2904 2948 3207 3017; x_wconf 78' lang='grc' dir='ltr'>θελήματος</span> <span class='ocrx_word' id='word_1_573' title='bbox 3238 2948 3316 3019; x_wconf 80' lang='grc' dir='ltr'>τῷ</span> <span class='ocrx_word' id='word_1_574' title='bbox 3350 2950 3470 3018; x_wconf 88' lang='grc' dir='ltr'><strong>Θεῷ</strong></span> <span class='ocrx_word' id='word_1_575' title='bbox 3534 2950 3757 3004; x_wconf 85' lang='grc' dir='ltr'>διδόναι.</span> <span class='ocrx_word' id='word_1_576' title='bbox 3789 2953 3869 3003; x_wconf 84' lang='grc' dir='ltr'><strong>Δι’</strong></span> <span class='ocrx_word' id='word_1_577' title='bbox 3899 2951 4018 3013; x_wconf 74' lang='grc' dir='ltr'>ἐνὸς</span> 
     </span>
    </p>
   </div>
   <div class='ocr_carea' id='block_1_76' title="bbox 2442 3039 4010 3111">
    <p class='ocr_par' dir='ltr' id='par_1_76' title="bbox 2442 3039 4010 3111">
     <span class='ocr_line' id='line_1_76' title="bbox 2442 3039 4010 3111; baseline 0.003 -20"><span class='ocrx_word' id='word_1_578' title='bbox 2442 3040 2499 3091; x_wconf 82' lang='grc' dir='ltr'>δὲ</span> <span class='ocrx_word' id='word_1_579' title='bbox 2530 3040 2922 3108; x_wconf 70' lang='grc' dir='ltr'>ὺπώεἰγματος</span> <span class='ocrx_word' id='word_1_580' title='bbox 2957 3039 3245 3109; x_wconf 75' lang='grc' dir='ltr'>γνώρισμα</span> <span class='ocrx_word' id='word_1_581' title='bbox 3292 3040 3448 3093; x_wconf 80' lang='grc' dir='ltr'>ἔσται</span> <span class='ocrx_word' id='word_1_582' title='bbox 3498 3039 3577 3111; x_wconf 88' lang='grc' dir='ltr'>τῷ</span> <span class='ocrx_word' id='word_1_583' title='bbox 3626 3043 3765 3110; x_wconf 71' lang='grc' dir='ltr'>μετὰ</span> <span class='ocrx_word' id='word_1_584' title='bbox 3804 3045 4010 3111; x_wconf 86' lang='grc' dir='ltr'>χεῖρας.</span> 
     </span>
    </p>
   </div>
   <div class='ocr_carea' id='block_1_77' title="bbox 2444 3126 4016 3199">
    <p class='ocr_par' dir='ltr' id='par_1_77' title="bbox 2444 3126 4016 3199">
     <span class='ocr_line' id='line_1_77' title="bbox 2444 3126 4016 3199; baseline 0 -20"><span class='ocrx_word' id='word_1_585' title='bbox 2444 3128 2741 3196; x_wconf 84' lang='grc' dir='ltr'>Διακρίνων</span> <span class='ocrx_word' id='word_1_586' title='bbox 2767 3127 2865 3196; x_wconf 80' lang='grc' dir='ltr'>μὲν</span> <span class='ocrx_word' id='word_1_587' title='bbox 2890 3126 2997 3196; x_wconf 81' lang='grc' dir='ltr'><strong>γὰρ</strong></span> <span class='ocrx_word' id='word_1_588' title='bbox 3020 3128 3286 3196; x_wconf 88' lang='grc' dir='ltr'>διακρίνει</span> <span class='ocrx_word' id='word_1_589' title='bbox 3307 3130 3558 3193; x_wconf 78' lang='grc' dir='ltr'>ἕκαστος,</span> <span class='ocrx_word' id='word_1_590' title='bbox 3587 3129 3682 3182; x_wconf 77' lang='grc' dir='ltr'>καὶ</span> <span class='ocrx_word' id='word_1_591' title='bbox 3703 3130 3763 3181; x_wconf 79' lang='grc' dir='ltr'>οὑ</span> <span class='ocrx_word' id='word_1_592' title='bbox 3795 3130 4016 3199; x_wconf 81' lang='grc' dir='ltr'>λέληθεν</span> 
     </span>
    </p>
   </div>
   <div class='ocr_carea' id='block_1_78' title="bbox 2444 3217 4011 3290">
    <p class='ocr_par' dir='ltr' id='par_1_78' title="bbox 2444 3217 4011 3290">
     <span class='ocr_line' id='line_1_78' title="bbox 2444 3217 4011 3290; baseline -0.002 -17"><span class='ocrx_word' id='word_1_593' title='bbox 2444 3220 2625 3282; x_wconf 79' lang='grc' dir='ltr'>αὐτὸν,</span> <span class='ocrx_word' id='word_1_594' title='bbox 2659 3220 2738 3271; x_wconf 75' lang='grc' dir='ltr'>ὅτι</span> <span class='ocrx_word' id='word_1_595' title='bbox 2780 3217 2980 3271; x_wconf 80' lang='grc' dir='ltr'>ἄτοπον</span> <span class='ocrx_word' id='word_1_596' title='bbox 3002 3220 3121 3272; x_wconf 89' lang='grc' dir='ltr'>τόδε</span> <span class='ocrx_word' id='word_1_597' title='bbox 3144 3219 3305 3288; x_wconf 82' lang='grc' dir='ltr'>τυχὸν</span> <span class='ocrx_word' id='word_1_598' title='bbox 3330 3220 3466 3290; x_wconf 81' lang='grc' dir='ltr'>ὅπερ</span> <span class='ocrx_word' id='word_1_599' title='bbox 3493 3218 3746 3287; x_wconf 81' lang='grc' dir='ltr'>ὥρμηται</span> <span class='ocrx_word' id='word_1_600' title='bbox 3769 3220 4011 3287; x_wconf 83' lang='grc' dir='ltr'>ποιῆσαι.</span> 
     </span>
    </p>
   </div>
   <div class='ocr_carea' id='block_1_79' title="bbox 2444 3309 4011 3383">
    <p class='ocr_par' dir='ltr' id='par_1_79' title="bbox 2444 3309 4011 3383">
     <span class='ocr_line' id='line_1_79' title="bbox 2444 3309 4011 3383; baseline -0.002 -20"><span class='ocrx_word' id='word_1_601' title='bbox 2444 3311 2667 3383; x_wconf 90' lang='grc' dir='ltr'>Πρῶτον</span> <span class='ocrx_word' id='word_1_602' title='bbox 2710 3310 2808 3380; x_wconf 89' lang='grc' dir='ltr'><strong>μέν</strong></span> <span class='ocrx_word' id='word_1_603' title='bbox 2836 3310 2944 3379; x_wconf 82' lang='grc' dir='ltr'>γὰρ</span> <span class='ocrx_word' id='word_1_604' title='bbox 2976 3311 3106 3363; x_wconf 79' lang='grc' dir='ltr'>εἴσω</span> <span class='ocrx_word' id='word_1_605' title='bbox 3159 3310 3299 3363; x_wconf 84' lang='grc' dir='ltr'>κατὰ</span> <span class='ocrx_word' id='word_1_606' title='bbox 3332 3310 3431 3379; x_wconf 83' lang='grc' dir='ltr'>τὴν</span> <span class='ocrx_word' id='word_1_607' title='bbox 3460 3309 3685 3379; x_wconf 82' lang='grc' dir='ltr'>καρδίαν</span> <span class='ocrx_word' id='word_1_608' title='bbox 3715 3309 4011 3376; x_wconf 83' lang='grc' dir='ltr'>ἐπισημαί-</span> 
     </span>
    </p>
   </div>
   <div class='ocr_carea' id='block_1_80' title="bbox 2446 3400 4014 3472">
    <p class='ocr_par' dir='ltr' id='par_1_80' title="bbox 2446 3400 4014 3472">
     <span class='ocr_line' id='line_1_80' title="bbox 2446 3400 4014 3472; baseline -0.002 -18"><span class='ocrx_word' id='word_1_609' title='bbox 2446 3420 2595 3456; x_wconf 89' lang='grc' dir='ltr'>νεται</span> <span class='ocrx_word' id='word_1_610' title='bbox 2647 3405 2680 3471; x_wconf 82' lang='grc' dir='ltr'>ἡ</span> <span class='ocrx_word' id='word_1_611' title='bbox 2708 3400 3030 3472; x_wconf 64' lang='grc' dir='ltr'>ἀμφιϐολίω</span> <span class='ocrx_word' id='word_1_612' title='bbox 3066 3403 3098 3471; x_wconf 85' lang='grc' dir='ltr'><strong>ή</strong></span> <span class='ocrx_word' id='word_1_613' title='bbox 3140 3400 3353 3471; x_wconf 84' lang='grc' dir='ltr'>στάθμη</span> <span class='ocrx_word' id='word_1_614' title='bbox 3402 3401 3457 3454; x_wconf 86' lang='grc' dir='ltr'><strong>δέ</strong></span> <span class='ocrx_word' id='word_1_615' title='bbox 3513 3403 3607 3453; x_wconf 69' lang='grc' dir='ltr'>καὶ</span> <span class='ocrx_word' id='word_1_616' title='bbox 3650 3403 3678 3454; x_wconf 98' lang='lat'><strong>6</strong></span> <span class='ocrx_word' id='word_1_617' title='bbox 3728 3401 3893 3466; x_wconf 76' lang='grc' dir='ltr'>ζυγὸς</span> <span class='ocrx_word' id='word_1_618' title='bbox 3939 3400 4014 3468; x_wconf 84' lang='grc' dir='ltr'>τῷ</span> 
     </span>
    </p>
   </div>
   <div class='ocr_carea' id='block_1_81' title="bbox 2445 3490 4010 3560">
    <p class='ocr_par' dir='ltr' id='par_1_81' title="bbox 2445 3490 4010 3560">
     <span class='ocr_line' id='line_1_81' title="bbox 2445 3490 4010 3560; baseline -0.001 -16"><span class='ocrx_word' id='word_1_619' title='bbox 2445 3490 2639 3544; x_wconf 85' lang='grc' dir='ltr'>ἐαυτοῦ</span> <span class='ocrx_word' id='word_1_620' title='bbox 2668 3490 2949 3555; x_wconf 82' lang='grc' dir='ltr'>συνειδότι,</span> <span class='ocrx_word' id='word_1_621' title='bbox 2972 3490 3211 3559; x_wconf 76' lang='grc' dir='ltr'>φανερὰν</span> <span class='ocrx_word' id='word_1_622' title='bbox 3241 3490 3503 3560; x_wconf 89' lang='grc' dir='ltr'>πρότερον</span> <span class='ocrx_word' id='word_1_623' title='bbox 3532 3490 3632 3558; x_wconf 84' lang='grc' dir='ltr'>τῆς</span> <span class='ocrx_word' id='word_1_624' title='bbox 3656 3508 3716 3543; x_wconf 91' lang='grc' dir='ltr'><strong>τε</strong></span> <span class='ocrx_word' id='word_1_625' title='bbox 3743 3490 3837 3543; x_wconf 85' lang='grc' dir='ltr'><strong>τοῦ</strong></span> <span class='ocrx_word' id='word_1_626' title='bbox 3856 3490 4010 3553; x_wconf 81' lang='grc' dir='ltr'>Θεοῦ,</span> 
     </span>
    </p>
   </div>
   <div class='ocr_carea' id='block_1_82' title="bbox 2445 3582 4009 3651">
    <p class='ocr_par' dir='ltr' id='par_1_82' title="bbox 2445 3582 4009 3651">
     <span class='ocr_line' id='line_1_82' title="bbox 2445 3582 4009 3651; baseline -0.001 -16"><span class='ocrx_word' id='word_1_627' title='bbox 2445 3584 2538 3636; x_wconf 72' lang='grc' dir='ltr'>καὶ</span> <span class='ocrx_word' id='word_1_628' title='bbox 2564 3583 2660 3650; x_wconf 85' lang='grc' dir='ltr'>τῆς</span> <span class='ocrx_word' id='word_1_629' title='bbox 2688 3582 2780 3633; x_wconf 86' lang='grc' dir='ltr'><strong>τοῦ</strong></span> <span class='ocrx_word' id='word_1_630' title='bbox 2843 3582 3050 3651; x_wconf 86' lang='grc' dir='ltr'>κόσμου</span> <span class='ocrx_word' id='word_1_631' title='bbox 3083 3583 3301 3651; x_wconf 78' lang='grc' dir='ltr'>ἀγάπης</span> <span class='ocrx_word' id='word_1_632' title='bbox 3328 3582 3427 3649; x_wconf 84' lang='grc' dir='ltr'>τὴν</span> <span class='ocrx_word' id='word_1_633' title='bbox 3468 3583 3641 3651; x_wconf 78' lang='grc' dir='ltr'>ῥοπὴν</span> <span class='ocrx_word' id='word_1_634' title='bbox 3672 3582 3817 3633; x_wconf 73' lang='grc' dir='ltr'>ἔνδον</span> <span class='ocrx_word' id='word_1_635' title='bbox 3852 3586 4009 3644; x_wconf 74' lang='grc' dir='ltr'>ποιεῖ,</span> 
     </span>
    </p>
   </div>
   <div class='ocr_carea' id='block_1_83' title="bbox 2444 3669 4012 3739">
    <p class='ocr_par' dir='ltr' id='par_1_83' title="bbox 2444 3669 4012 3739">
     <span class='ocr_line' id='line_1_83' title="bbox 2444 3669 4012 3739; baseline -0.001 -16"><span class='ocrx_word' id='word_1_636' title='bbox 2444 3670 2536 3723; x_wconf 74' lang='grc' dir='ltr'><strong>καὶ</strong></span> <span class='ocrx_word' id='word_1_637' title='bbox 2568 3670 2688 3722; x_wconf 88' lang='grc' dir='ltr'>τότε</span> <span class='ocrx_word' id='word_1_638' title='bbox 2728 3670 2855 3738; x_wconf 78' lang='grc' dir='ltr'>περὶ</span> <span class='ocrx_word' id='word_1_639' title='bbox 2895 3670 2963 3722; x_wconf 75' lang='grc' dir='ltr'><strong>τά</strong></span> <span class='ocrx_word' id='word_1_640' title='bbox 3016 3669 3121 3735; x_wconf 76' lang='grc' dir='ltr'><strong>ἔξω</strong></span> <span class='ocrx_word' id='word_1_641' title='bbox 3150 3672 3384 3738; x_wconf 87' lang='grc' dir='ltr'>πρόεισι.</span> <span class='ocrx_word' id='word_1_642' title='bbox 3428 3670 3729 3739; x_wconf 87' lang='grc' dir='ltr'>Διακρίνων</span> <span class='ocrx_word' id='word_1_643' title='bbox 3778 3672 3907 3738; x_wconf 77' lang='grc' dir='ltr'>γὰρ,</span> <span class='ocrx_word' id='word_1_644' title='bbox 3943 3672 4012 3732; x_wconf 78' lang='grc' dir='ltr'>ὡς</span> 
     </span>
    </p>
   </div>
   <div class='ocr_carea' id='block_1_84' title="bbox 2448 3755 4013 3829">
    <p class='ocr_par' dir='ltr' id='par_1_84' title="bbox 2448 3755 4013 3829">
     <span class='ocr_line' id='line_1_84' title="bbox 2448 3755 4013 3829; baseline -0.003 -17"><span class='ocrx_word' id='word_1_645' title='bbox 2448 3760 2682 3829; x_wconf 75' lang='grc' dir='ltr'>εἴρηται,</span> <span class='ocrx_word' id='word_1_646' title='bbox 2715 3758 2976 3827; x_wconf 86' lang='grc' dir='ltr'>διακρίνει</span> <span class='ocrx_word' id='word_1_647' title='bbox 3000 3758 3230 3821; x_wconf 74' lang='grc' dir='ltr'>ἕκαστος</span> <span class='ocrx_word' id='word_1_648' title='bbox 3253 3776 3266 3789; x_wconf 88' lang='grc'><strong>·</strong></span> <span class='ocrx_word' id='word_1_649' title='bbox 3298 3755 3408 3811; x_wconf 73' lang='grc' dir='ltr'>οἷον</span> <span class='ocrx_word' id='word_1_650' title='bbox 3448 3761 3495 3811; x_wconf 88' lang='grc' dir='ltr'><strong>εἰ</strong></span> <span class='ocrx_word' id='word_1_651' title='bbox 3520 3760 3673 3827; x_wconf 81' lang='grc' dir='ltr'>τύχοι</span> <span class='ocrx_word' id='word_1_652' title='bbox 3706 3758 3781 3827; x_wconf 86' lang='grc' dir='ltr'>τῷ</span> <span class='ocrx_word' id='word_1_653' title='bbox 3806 3758 4013 3825; x_wconf 72' lang='grc' dir='ltr'>ἀδελφῴ</span> 
     </span>
    </p>
   </div>
   <div class='ocr_carea' id='block_1_85' title="bbox 2445 3849 4013 3919">
    <p class='ocr_par' dir='ltr' id='par_1_85' title="bbox 2445 3849 4013 3919">
     <span class='ocr_line' id='line_1_85' title="bbox 2445 3849 4013 3919; baseline -0.002 -16"><span class='ocrx_word' id='word_1_654' title='bbox 2445 3849 2963 3919; x_wconf 72' lang='grc' dir='ltr'>διαπληκτιζόμενος</span> <span class='ocrx_word' id='word_1_655' title='bbox 2993 3850 3271 3914; x_wconf 75' lang='grc' dir='ltr'>στασιάζει</span> <span class='ocrx_word' id='word_1_656' title='bbox 3296 3850 3431 3919; x_wconf 80' lang='grc' dir='ltr'>πρὸς</span> <span class='ocrx_word' id='word_1_657' title='bbox 3456 3850 3667 3911; x_wconf 83' lang='grc' dir='ltr'>ἐαυτὸν,</span> <span class='ocrx_word' id='word_1_658' title='bbox 3693 3850 3905 3919; x_wconf 86' lang='grc' dir='ltr'>πρῶτον</span> <span class='ocrx_word' id='word_1_659' title='bbox 3928 3851 4013 3901; x_wconf 78' lang='grc' dir='ltr'>καὶ</span> 
     </span>
    </p>
   </div>
   <div class='ocr_carea' id='block_1_86' title="bbox 2444 3939 4011 4011">
    <p class='ocr_par' dir='ltr' id='par_1_86' title="bbox 2444 3939 4011 4011">
     <span class='ocr_line' id='line_1_86' title="bbox 2444 3939 4011 4011; baseline -0.003 -16"><span class='ocrx_word' id='word_1_660' title='bbox 2444 3941 2808 4011; x_wconf 83' lang='grc' dir='ltr'>άντιτίθησιν’</span> <span class='ocrx_word' id='word_1_661' title='bbox 2842 3941 3022 4005; x_wconf 81' lang='grc' dir='ltr'>Εἴπω;</span> <span class='ocrx_word' id='word_1_662' title='bbox 3078 3940 3215 3993; x_wconf 82' lang='grc' dir='ltr'>ἀλλὰ</span> <span class='ocrx_word' id='word_1_663' title='bbox 3253 3940 3328 4008; x_wconf 83' lang='grc' dir='ltr'>μὴ</span> <span class='ocrx_word' id='word_1_664' title='bbox 3377 3940 3551 3992; x_wconf 79' lang='grc' dir='ltr'>εἴπω·</span> <span class='ocrx_word' id='word_1_665' title='bbox 3592 3939 4011 4007; x_wconf 80' lang='grc' dir='ltr'>ὰντιφθέγξομαι</span> 
     </span>
    </p>
   </div>
   <div class='ocr_carea' id='block_1_87' title="bbox 2446 4032 4011 4103">
    <p class='ocr_par' dir='ltr' id='par_1_87' title="bbox 2446 4032 4011 4103">
     <span class='ocr_line' id='line_1_87' title="bbox 2446 4032 4011 4103; baseline -0.001 -18"><span class='ocrx_word' id='word_1_666' title='bbox 2446 4033 2580 4103; x_wconf 80' lang='grc' dir='ltr'>πρὸς</span> <span class='ocrx_word' id='word_1_667' title='bbox 2608 4034 2761 4085; x_wconf 89' lang='grc' dir='ltr'>ταυτί</span> <span class='ocrx_word' id='word_1_668' title='bbox 2812 4050 2901 4101; x_wconf 92' lang='grc' dir='ltr'><strong>μοι</strong></span> <span class='ocrx_word' id='word_1_669' title='bbox 2947 4034 3017 4086; x_wconf 84' lang='grc' dir='ltr'><strong>τά</strong></span> <span class='ocrx_word' id='word_1_670' title='bbox 3050 4032 3414 4101; x_wconf 79' lang='grc' dir='ltr'>ἐπενεχθέντα</span> <span class='ocrx_word' id='word_1_671' title='bbox 3452 4034 3663 4101; x_wconf 81' lang='grc' dir='ltr'>ὀνείδη;</span> <span class='ocrx_word' id='word_1_672' title='bbox 3706 4032 3844 4083; x_wconf 72' lang='grc' dir='ltr'>ἀλλὰ</span> <span class='ocrx_word' id='word_1_673' title='bbox 3896 4049 4011 4083; x_wconf 88' lang='grc' dir='ltr'>σιω-</span> 
     </span>
    </p>
   </div>
   <div class='ocr_carea' id='block_1_88' title="bbox 2447 4122 4008 4194">
    <p class='ocr_par' dir='ltr' id='par_1_88' title="bbox 2447 4122 4008 4194">
     <span class='ocr_line' id='line_1_88' title="bbox 2447 4122 4008 4194; baseline -0.001 -18"><span class='ocrx_word' id='word_1_674' title='bbox 2447 4126 2687 4194; x_wconf 88' lang='grc' dir='ltr'>πήσομαι</span> <span class='ocrx_word' id='word_1_675' title='bbox 2722 4123 2919 4192; x_wconf 78' lang='grc' dir='ltr'>μᾶλλον</span> <span class='ocrx_word' id='word_1_676' title='bbox 2942 4138 2955 4152; x_wconf 86' lang='lat'><strong><em>°</em></strong></span> <span class='ocrx_word' id='word_1_677' title='bbox 2983 4122 3179 4191; x_wconf 78' lang='grc' dir='ltr'>ἔχομεν</span> <span class='ocrx_word' id='word_1_678' title='bbox 3215 4123 3309 4174; x_wconf 68' lang='grc' dir='ltr'>καὶ</span> <span class='ocrx_word' id='word_1_679' title='bbox 3336 4124 3442 4175; x_wconf 87' lang='grc' dir='ltr'><strong>τῶν</strong></span> <span class='ocrx_word' id='word_1_680' title='bbox 3472 4122 3607 4174; x_wconf 82' lang='grc' dir='ltr'><strong>Θεοῦ</strong></span> <span class='ocrx_word' id='word_1_681' title='bbox 3635 4122 3866 4174; x_wconf 81' lang='grc' dir='ltr'>ἐντολῶν</span> <span class='ocrx_word' id='word_1_682' title='bbox 3901 4125 3973 4189; x_wconf 80' lang='grc'><strong>(1)</strong></span> <span class='ocrx_word' id='word_1_683' title='bbox 3998 4139 4008 4150; x_wconf 92' lang='grc'>·</span> 
     </span>
    </p>
   </div>
   <div class='ocr_carea' id='block_1_89' title="bbox 2448 4211 4010 4282">
    <p class='ocr_par' dir='ltr' id='par_1_89' title="bbox 2448 4211 4010 4282">
     <span class='ocr_line' id='line_1_89' title="bbox 2448 4211 4010 4282; baseline -0.001 -17"><span class='ocrx_word' id='word_1_684' title='bbox 2448 4214 2585 4282; x_wconf 85' lang='grc' dir='ltr'>πλὴν</span> <span class='ocrx_word' id='word_1_685' title='bbox 2631 4212 2767 4264; x_wconf 82' lang='grc' dir='ltr'>ἀλλὰ</span> <span class='ocrx_word' id='word_1_686' title='bbox 2814 4211 3032 4279; x_wconf 73' lang='grc' dir='ltr'>καὶτῆς</span> <span class='ocrx_word' id='word_1_687' title='bbox 3074 4212 3209 4273; x_wconf 89' lang='grc' dir='ltr'>ἰδίας</span> <span class='ocrx_word' id='word_1_688' title='bbox 3243 4212 3400 4281; x_wconf 79' lang='grc' dir='ltr'>δόξης</span> <span class='ocrx_word' id='word_1_689' title='bbox 3457 4213 3557 4264; x_wconf 75' lang='grc' dir='ltr'><strong>οὐκ</strong></span> <span class='ocrx_word' id='word_1_690' title='bbox 3612 4214 4010 4280; x_wconf 80' lang='grc' dir='ltr'>ἀπερχομένης,</span> 
     </span>
    </p>
   </div>
   <div class='ocr_carea' id='block_1_90' title="bbox 2447 4302 4011 4372">
    <p class='ocr_par' dir='ltr' id='par_1_90' title="bbox 2447 4302 4011 4372">
     <span class='ocr_line' id='line_1_90' title="bbox 2447 4302 4011 4372; baseline -0.001 -17"><span class='ocrx_word' id='word_1_691' title='bbox 2447 4304 2567 4355; x_wconf 74' lang='grc' dir='ltr'><strong>οὐδὲ</strong></span> <span class='ocrx_word' id='word_1_692' title='bbox 2588 4302 2934 4355; x_wconf 86' lang='grc' dir='ltr'>παντάπασιν</span> <span class='ocrx_word' id='word_1_693' title='bbox 2955 4302 3145 4354; x_wconf 78' lang='grc' dir='ltr'>ἐαυτὸν</span> <span class='ocrx_word' id='word_1_694' title='bbox 3184 4302 3437 4369; x_wconf 86' lang='grc' dir='ltr'>ἐλόμενος</span> <span class='ocrx_word' id='word_1_695' title='bbox 3485 4303 3928 4372; x_wconf 76' lang='grc' dir='ltr'>ἀπαρνήσασθαι.</span> <span class='ocrx_word' id='word_1_696' title='bbox 3958 4304 4011 4353; x_wconf 81' lang='grc' dir='ltr'>Εἰ</span> 
     </span>
    </p>
   </div>
   <div class='ocr_carea' id='block_1_91' title="bbox 2448 4391 4013 4463">
    <p class='ocr_par' dir='ltr' id='par_1_91' title="bbox 2448 4391 4013 4463">
     <span class='ocr_line' id='line_1_91' title="bbox 2448 4391 4013 4463; baseline -0.001 -18"><span class='ocrx_word' id='word_1_697' title='bbox 2448 4391 2539 4446; x_wconf 82' lang='grc' dir='ltr'><strong>οῦν</strong></span> <span class='ocrx_word' id='word_1_698' title='bbox 2568 4395 2661 4446; x_wconf 81' lang='grc' dir='ltr'>καὶ</span> <span class='ocrx_word' id='word_1_699' title='bbox 2687 4393 2880 4463; x_wconf 84' lang='grc' dir='ltr'>μικρὸν</span> <span class='ocrx_word' id='word_1_700' title='bbox 2912 4394 2944 4461; x_wconf 82' lang='grc' dir='ltr'>ἡ</span> <span class='ocrx_word' id='word_1_701' title='bbox 2977 4394 3115 4461; x_wconf 77' lang='grc' dir='ltr'>ῥοπὴ</span> <span class='ocrx_word' id='word_1_702' title='bbox 3140 4396 3238 4461; x_wconf 81' lang='grc' dir='ltr'>τῆς</span> <span class='ocrx_word' id='word_1_703' title='bbox 3261 4394 3353 4445; x_wconf 88' lang='grc' dir='ltr'><strong>τοῦ</strong></span> <span class='ocrx_word' id='word_1_704' title='bbox 3378 4395 3583 4461; x_wconf 88' lang='grc' dir='ltr'>κόσμου</span> <span class='ocrx_word' id='word_1_705' title='bbox 3637 4394 3822 4461; x_wconf 84' lang='grc' dir='ltr'>φιλίας</span> <span class='ocrx_word' id='word_1_706' title='bbox 3852 4395 3937 4444; x_wconf 79' lang='grc' dir='ltr'>τὸν</span> <span class='ocrx_word' id='word_1_707' title='bbox 3961 4395 4013 4444; x_wconf 82' lang='grc' dir='ltr'>ὲν</span> 
     </span>
    </p>
   </div>
   <div class='ocr_carea' id='block_1_92' title="bbox 2446 4482 4010 4553">
    <p class='ocr_par' dir='ltr' id='par_1_92' title="bbox 2446 4482 4010 4553">
     <span class='ocr_line' id='line_1_92' title="bbox 2446 4482 4010 4553; baseline 0 -18"><span class='ocrx_word' id='word_1_708' title='bbox 2446 4486 2513 4553; x_wconf 79' lang='grc' dir='ltr'><strong>τῇ</strong></span> <span class='ocrx_word' id='word_1_709' title='bbox 2542 4485 2734 4553; x_wconf 79' lang='grc' dir='ltr'>καρδίᾳ</span> <span class='ocrx_word' id='word_1_710' title='bbox 2764 4483 2925 4549; x_wconf 78' lang='grc' dir='ltr'>ζυγὸν</span> <span class='ocrx_word' id='word_1_711' title='bbox 2972 4482 3376 4545; x_wconf 86' lang='grc' dir='ltr'>καθελκύσειεν,</span> <span class='ocrx_word' id='word_1_712' title='bbox 3424 4483 3583 4545; x_wconf 73' lang='grc' dir='ltr'>εὐθὺς</span> <span class='ocrx_word' id='word_1_713' title='bbox 3609 4485 3635 4534; x_wconf 87' lang='grc' dir='ltr'>ὁ</span> <span class='ocrx_word' id='word_1_714' title='bbox 3668 4485 3903 4553; x_wconf 71' lang='grc' dir='ltr'>πονηρὸς</span> <span class='ocrx_word' id='word_1_715' title='bbox 3926 4484 4010 4535; x_wconf 82' lang='grc' dir='ltr'>λό-</span> 
     </span>
    </p>
   </div>
   <div class='ocr_carea' id='block_1_93' title="bbox 2448 4566 4013 4641">
    <p class='ocr_par' dir='ltr' id='par_1_93' title="bbox 2448 4566 4013 4641">
     <span class='ocr_line' id='line_1_93' title="bbox 2448 4566 4013 4641; baseline 0.001 -18"><span class='ocrx_word' id='word_1_716' title='bbox 2448 4589 2541 4638; x_wconf 80' lang='grc' dir='ltr'><strong>γος</strong></span> <span class='ocrx_word' id='word_1_717' title='bbox 2564 4573 2805 4641; x_wconf 84' lang='grc' dir='ltr'>πρόεισιν</span> <span class='ocrx_word' id='word_1_718' title='bbox 2832 4573 2956 4641; x_wconf 87' lang='grc' dir='ltr'>άχρι</span> <span class='ocrx_word' id='word_1_719' title='bbox 2978 4572 3200 4624; x_wconf 77' lang='grc' dir='ltr'>καὶτῶν</span> <span class='ocrx_word' id='word_1_720' title='bbox 3239 4573 3462 4641; x_wconf 82' lang='grc' dir='ltr'>χειλέων</span> <span class='ocrx_word' id='word_1_721' title='bbox 3482 4589 3493 4601; x_wconf 92' lang='grc'><strong>·</strong></span> <span class='ocrx_word' id='word_1_722' title='bbox 3516 4569 3613 4624; x_wconf 81' lang='grc' dir='ltr'>εἶθ’</span> <span class='ocrx_word' id='word_1_723' title='bbox 3644 4566 3821 4636; x_wconf 74' lang='grc' dir='ltr'>οὗτος,</span> <span class='ocrx_word' id='word_1_724' title='bbox 3845 4574 4013 4625; x_wconf 75' lang='grc' dir='ltr'>ὠσπε-</span> 
     </span>
    </p>
   </div>
   <div class='ocr_carea' id='block_1_94' title="bbox 780 4663 2460 4743">
    <p class='ocr_par' dir='ltr' id='par_1_94' title="bbox 780 4674 2460 4743">
     <span class='ocr_line' id='line_1_94' title="bbox 780 4674 2460 4743; baseline -0.001 -17"><span class='ocrx_word' id='word_1_725' title='bbox 780 4674 924 4727; x_wconf 73' lang='lat' dir='ltr'><strong>cilia:</strong></span> <span class='ocrx_word' id='word_1_726' title='bbox 967 4674 1253 4727; x_wconf 68' lang='lat' dir='ltr'><strong>mundanae</strong></span> <span class='ocrx_word' id='word_1_727' title='bbox 1293 4674 1480 4743; x_wconf 87' lang='lat' dir='ltr'><strong>jugum</strong></span> <span class='ocrx_word' id='word_1_728' title='bbox 1528 4685 1742 4727; x_wconf 64' lang='lat' dir='ltr'><strong>statera:</strong></span> <span class='ocrx_word' id='word_1_729' title='bbox 1788 4675 1840 4727; x_wconf 90' lang='lat' dir='ltr'><strong>in</strong></span> <span class='ocrx_word' id='word_1_730' title='bbox 1884 4674 2051 4727; x_wconf 90' lang='lat' dir='ltr'><strong>corde</strong></span> <span class='ocrx_word' id='word_1_731' title='bbox 2099 4674 2342 4736; x_wconf 82' lang='lat' dir='ltr'><strong>traxerit,</strong></span> <span class='ocrx_word' id='word_1_732' title='bbox 2381 4686 2460 4739; x_wconf 75' lang='grc' dir='ltr'>οι</span> 
     </span>
    </p>
   </div>
   <div class='ocr_carea' id='block_1_95' title="bbox 2332 4663 4012 4743">
    <p class='ocr_par' dir='ltr' id='par_1_95' title="bbox 2332 4663 4012 4739">
     <span class='ocr_line' id='line_1_95' title="bbox 2332 4663 4012 4739; baseline -0.001 -24"><span class='ocrx_word' id='word_1_733' title='bbox 2332 4714 2342 4736; x_wconf 68' lang='grc'><strong>,</strong></span> <span class='ocrx_word' id='word_1_734' title='bbox 2381 4686 2422 4739; x_wconf 74' lang='grc' dir='ltr'><strong>ι)</strong></span> <span class='ocrx_word' id='word_1_735' title='bbox 2452 4665 2535 4732; x_wconf 77' lang='lat' dir='ltr'><strong>pel.</strong></span> <span class='ocrx_word' id='word_1_736' title='bbox 2564 4664 2713 4725; x_wconf 80' lang='grc' dir='ltr'>τόξον</span> <span class='ocrx_word' id='word_1_737' title='bbox 2748 4664 3117 4731; x_wconf 85' lang='grc' dir='ltr'>ἐντεινόμενος</span> <span class='ocrx_word' id='word_1_738' title='bbox 3166 4664 3194 4714; x_wconf 92' lang='lat'><strong>6</strong></span> <span class='ocrx_word' id='word_1_739' title='bbox 3249 4663 3371 4724; x_wconf 86' lang='grc' dir='ltr'>νοῦς</span> <span class='ocrx_word' id='word_1_740' title='bbox 3431 4663 3663 4726; x_wconf 72' lang='grc' dir='ltr'>ἔνδοθεν,</span> <span class='ocrx_word' id='word_1_741' title='bbox 3726 4664 3904 4732; x_wconf 78' lang='grc' dir='ltr'>βάλλει</span> <span class='ocrx_word' id='word_1_742' title='bbox 3932 4668 4012 4714; x_wconf 63' lang='grc' dir='ltr'>τ-ιν</span> 
     </span>
    </p>
   </div>
   <div class='ocr_carea' id='block_1_96' title="bbox 781 4754 2461 4834">
    <p class='ocr_par' dir='ltr' id='par_1_96' title="bbox 781 4764 2461 4834">
     <span class='ocr_line' id='line_1_96' title="bbox 781 4764 2461 4834; baseline -0.001 -15"><span class='ocrx_word' id='word_1_743' title='bbox 781 4765 964 4819; x_wconf 74' lang='lat' dir='ltr'><strong>Statim</strong></span> <span class='ocrx_word' id='word_1_744' title='bbox 987 4765 1185 4817; x_wconf 91' lang='lat' dir='ltr'><strong>malum</strong></span> <span class='ocrx_word' id='word_1_745' title='bbox 1219 4765 1443 4817; x_wconf 82' lang='lat' dir='ltr'><strong>verbum</strong></span> <span class='ocrx_word' id='word_1_746' title='bbox 1467 4767 1579 4819; x_wconf 79' lang='lat' dir='ltr'><strong>exit</strong></span> <span class='ocrx_word' id='word_1_747' title='bbox 1609 4781 1780 4834; x_wconf 87' lang='lat' dir='ltr'><strong>usque</strong></span> <span class='ocrx_word' id='word_1_748' title='bbox 1829 4765 1895 4817; x_wconf 91' lang='lat' dir='ltr'><strong>ad</strong></span> <span class='ocrx_word' id='word_1_749' title='bbox 1926 4766 2110 4827; x_wconf 89' lang='lat' dir='ltr'><strong>labra;</strong></span> <span class='ocrx_word' id='word_1_750' title='bbox 2144 4764 2340 4817; x_wconf 88' lang='lat' dir='ltr'><strong>deinde</strong></span> <span class='ocrx_word' id='word_1_751' title='bbox 2436 4775 2461 4807; x_wconf 69' lang='grc' dir='ltr'><strong>τ</strong></span> 
     </span>
    </p>
   </div>
   <div class='ocr_carea' id='block_1_97' title="bbox 2330 4754 4010 4834">
    <p class='ocr_par' dir='ltr' id='par_1_97' title="bbox 2330 4754 4010 4826">
     <span class='ocr_line' id='line_1_97' title="bbox 2330 4754 4010 4826; baseline -0.002 -19"><span class='ocrx_word' id='word_1_752' title='bbox 2330 4780 2340 4816; x_wconf 64' lang='grc' dir='ltr'><strong>ι</strong></span> <span class='ocrx_word' id='word_1_753' title='bbox 2436 4756 2659 4825; x_wconf 85' lang='grc' dir='ltr'>πλησίον</span> <span class='ocrx_word' id='word_1_754' title='bbox 2685 4756 2771 4808; x_wconf 81' lang='grc' dir='ltr'>διὰ</span> <span class='ocrx_word' id='word_1_755' title='bbox 2810 4757 2907 4824; x_wconf 84' lang='grc' dir='ltr'>τῆς</span> <span class='ocrx_word' id='word_1_756' title='bbox 2933 4754 3197 4822; x_wconf 83' lang='grc' dir='ltr'>γλώττης,</span> <span class='ocrx_word' id='word_1_757' title='bbox 3226 4756 3320 4806; x_wconf 78' lang='grc' dir='ltr'>καὶ</span> <span class='ocrx_word' id='word_1_758' title='bbox 3351 4755 3509 4824; x_wconf 81' lang='grc' dir='ltr'>μέχρι</span> <span class='ocrx_word' id='word_1_759' title='bbox 3538 4756 3755 4826; x_wconf 80' lang='grc' dir='ltr'>χειρῶν,</span> <span class='ocrx_word' id='word_1_760' title='bbox 3818 4755 3929 4805; x_wconf 78' lang='grc' dir='ltr'>ἐστι</span> <span class='ocrx_word' id='word_1_761' title='bbox 3972 4754 4010 4805; x_wconf 83' lang='grc' dir='ltr'>δ’</span> 
     </span>
    </p>
   </div>
   <div class='ocr_carea' id='block_1_98' title="bbox 783 4844 2463 4924">
    <p class='ocr_par' dir='ltr' id='par_1_98' title="bbox 783 4850 2463 4924">
     <span class='ocr_line' id='line_1_98' title="bbox 783 4850 2463 4924; baseline -0.002 -15"><span class='ocrx_word' id='word_1_762' title='bbox 783 4869 959 4917; x_wconf 88' lang='lat' dir='ltr'><strong>mens,</strong></span> <span class='ocrx_word' id='word_1_763' title='bbox 997 4863 1251 4923; x_wconf 91' lang='lat' dir='ltr'><strong>tanquam</strong></span> <span class='ocrx_word' id='word_1_764' title='bbox 1288 4872 1474 4909; x_wconf 88' lang='lat' dir='ltr'><strong>arcum</strong></span> <span class='ocrx_word' id='word_1_765' title='bbox 1522 4858 1668 4910; x_wconf 91' lang='lat' dir='ltr'><strong>intus</strong></span> <span class='ocrx_word' id='word_1_766' title='bbox 1702 4855 1952 4919; x_wconf 89' lang='lat' dir='ltr'><strong>tendens,</strong></span> <span class='ocrx_word' id='word_1_767' title='bbox 1985 4855 2256 4924; x_wconf 87' lang='lat' dir='ltr'><strong>jaculatur</strong></span> <span class='ocrx_word' id='word_1_768' title='bbox 2288 4856 2342 4906; x_wconf 90' lang='lat' dir='ltr'><strong>in</strong></span> <span class='ocrx_word' id='word_1_769' title='bbox 2439 4850 2463 4900; x_wconf 81' lang='grc' dir='ltr'>ὅ</span> 
     </span>
    </p>
   </div>
   <div class='ocr_carea' id='block_1_99' title="bbox 2329 4844 4009 4924">
    <p class='ocr_par' dir='ltr' id='par_1_99' title="bbox 2329 4844 4009 4916">
     <span class='ocr_line' id='line_1_99' title="bbox 2329 4844 4009 4916; baseline -0.005 -16"><span class='ocrx_word' id='word_1_770' title='bbox 2329 4870 2342 4906; x_wconf 89' lang='grc' dir='ltr'><strong>ι</strong></span> <span class='ocrx_word' id='word_1_771' title='bbox 2439 4850 2528 4900; x_wconf 83' lang='grc' dir='ltr'>ὅτε</span> <span class='ocrx_word' id='word_1_772' title='bbox 2564 4846 2659 4899; x_wconf 76' lang='grc' dir='ltr'>καὶ</span> <span class='ocrx_word' id='word_1_773' title='bbox 2688 4847 3043 4916; x_wconf 82' lang='grc' dir='ltr'>τραυμάτων,</span> <span class='ocrx_word' id='word_1_774' title='bbox 3080 4847 3213 4899; x_wconf 79' lang='grc' dir='ltr'>άλλά</span> <span class='ocrx_word' id='word_1_775' title='bbox 3235 4845 3327 4897; x_wconf 72' lang='grc' dir='ltr'>καὶ</span> <span class='ocrx_word' id='word_1_776' title='bbox 3358 4845 3523 4897; x_wconf 83' lang='grc' dir='ltr'>αὑτοῦ</span> <span class='ocrx_word' id='word_1_777' title='bbox 3558 4847 3740 4913; x_wconf 80' lang='grc' dir='ltr'>φόνου,</span> <span class='ocrx_word' id='word_1_778' title='bbox 3768 4844 3825 4894; x_wconf 83' lang='grc' dir='ltr'>τὸ</span> <span class='ocrx_word' id='word_1_779' title='bbox 3855 4846 4009 4895; x_wconf 71' lang='grc' dir='ltr'>κακὸν</span> 
     </span>
    </p>
   </div>
   <div class='ocr_carea' id='block_1_100' title="bbox 785 4936 2465 5017">
    <p class='ocr_par' dir='ltr' id='par_1_100' title="bbox 785 4944 2465 5017">
     <span class='ocr_line' id='line_1_100' title="bbox 785 4944 2465 5017; baseline -0.001 -19"><span class='ocrx_word' id='word_1_780' title='bbox 785 4945 1092 5014; x_wconf 87' lang='lat' dir='ltr'><strong>proximum</strong></span> <span class='ocrx_word' id='word_1_781' title='bbox 1128 4963 1222 5015; x_wconf 91' lang='lat' dir='ltr'><strong>per</strong></span> <span class='ocrx_word' id='word_1_782' title='bbox 1252 4948 1510 5016; x_wconf 88' lang='lat' dir='ltr'><strong>linguam.</strong></span> <span class='ocrx_word' id='word_1_783' title='bbox 1535 4948 1779 5017; x_wconf 89' lang='lat' dir='ltr'><strong>.Iurgium</strong></span> <span class='ocrx_word' id='word_1_784' title='bbox 1833 4946 1958 4999; x_wconf 91' lang='lat' dir='ltr'><strong>inde</strong></span> <span class='ocrx_word' id='word_1_785' title='bbox 2003 4944 2347 5014; x_wconf 87' lang='lat' dir='ltr'><strong>progreditur</strong></span> <span class='ocrx_word' id='word_1_786' title='bbox 2440 4956 2465 4990; x_wconf 86' lang='grc' dir='ltr'><strong>τ</strong></span> 
     </span>
    </p>
   </div>
   <div class='ocr_carea' id='block_1_101' title="bbox 2330 4936 4010 5017">
    <p class='ocr_par' dir='ltr' id='par_1_101' title="bbox 2330 4936 4010 5007">
     <span class='ocr_line' id='line_1_101' title="bbox 2330 4936 4010 5007; baseline -0.003 -17"><span class='ocrx_word' id='word_1_787' title='bbox 2330 4961 2347 4997; x_wconf 75' lang='grc' dir='ltr'>ι·</span> <span class='ocrx_word' id='word_1_788' title='bbox 2440 4938 2705 5007; x_wconf 85' lang='grc' dir='ltr'>πρόεισιν.</span> <span class='ocrx_word' id='word_1_789' title='bbox 2750 4936 2963 5000; x_wconf 78' lang='grc' dir='ltr'>Ἔξεστι</span> <span class='ocrx_word' id='word_1_790' title='bbox 2987 4936 3166 4989; x_wconf 89' lang='grc' dir='ltr'>τοίνυν</span> <span class='ocrx_word' id='word_1_791' title='bbox 3188 4940 3278 4989; x_wconf 69' lang='grc' dir='ltr'>καὶ</span> <span class='ocrx_word' id='word_1_792' title='bbox 3308 4938 3707 5007; x_wconf 82' lang='grc' dir='ltr'>παραθεωρεῖν,</span> <span class='ocrx_word' id='word_1_793' title='bbox 3739 4936 3861 4986; x_wconf 85' lang='grc' dir='ltr'>ὅθεν</span> <span class='ocrx_word' id='word_1_794' title='bbox 3917 4936 4010 5004; x_wconf 83' lang='grc' dir='ltr'><strong>ἁρ-</strong></span> 
     </span>
    </p>
   </div>
   <div class='ocr_carea' id='block_1_102' title="bbox 786 5035 2347 5104">
    <p class='ocr_par' dir='ltr' id='par_1_102' title="bbox 786 5035 2347 5104">
     <span class='ocr_line' id='line_1_102' title="bbox 786 5035 2347 5104; baseline -0.003 -13"><span class='ocrx_word' id='word_1_795' title='bbox 786 5052 959 5104; x_wconf 91' lang='lat' dir='ltr'><strong>usque</strong></span> <span class='ocrx_word' id='word_1_796' title='bbox 982 5036 1048 5087; x_wconf 90' lang='lat' dir='ltr'><strong>ad</strong></span> <span class='ocrx_word' id='word_1_797' title='bbox 1076 5052 1288 5100; x_wconf 88' lang='lat' dir='ltr'><strong>manus,</strong></span> <span class='ocrx_word' id='word_1_798' title='bbox 1317 5038 1589 5090; x_wconf 88' lang='lat' dir='ltr'><strong>interdum</strong></span> <span class='ocrx_word' id='word_1_799' title='bbox 1616 5047 1670 5090; x_wconf 88' lang='lat' dir='ltr'><strong>et</strong></span> <span class='ocrx_word' id='word_1_800' title='bbox 1692 5039 1951 5101; x_wconf 86' lang='lat' dir='ltr'><strong>vulnera;</strong></span> <span class='ocrx_word' id='word_1_801' title='bbox 1988 5036 2119 5104; x_wconf 92' lang='lat' dir='ltr'><strong>quin</strong></span> <span class='ocrx_word' id='word_1_802' title='bbox 2150 5035 2215 5087; x_wconf 90' lang='lat' dir='ltr'><strong>ad</strong></span> <span class='ocrx_word' id='word_1_803' title='bbox 2238 5050 2347 5087; x_wconf 66' lang='lat' dir='ltr'><strong>ete-</strong></span> 
     </span>
    </p>
   </div>
   <div class='ocr_carea' id='block_1_103' title="bbox 785 5118 2348 5197">
    <p class='ocr_par' dir='ltr' id='par_1_103' title="bbox 785 5118 2348 5197">
     <span class='ocr_line' id='line_1_103' title="bbox 785 5118 2348 5197; baseline -0.003 -16"><span class='ocrx_word' id='word_1_804' title='bbox 785 5128 909 5181; x_wconf 89' lang='lat' dir='ltr'><strong>dem</strong></span> <span class='ocrx_word' id='word_1_805' title='bbox 942 5118 1329 5196; x_wconf 88' lang='lat' dir='ltr'><strong>nonnunquam</strong></span> <span class='ocrx_word' id='word_1_806' title='bbox 1364 5130 1534 5197; x_wconf 91' lang='lat' dir='ltr'><strong>ipsam</strong></span> <span class='ocrx_word' id='word_1_807' title='bbox 1587 5131 1697 5182; x_wconf 89' lang='lat' dir='ltr'><strong>rixa</strong></span> <span class='ocrx_word' id='word_1_808' title='bbox 1742 5129 2010 5197; x_wconf 88' lang='lat' dir='ltr'><strong>pervenit.</strong></span> <span class='ocrx_word' id='word_1_809' title='bbox 2042 5127 2119 5180; x_wconf 77' lang='lat' dir='ltr'><strong>Ex</strong></span> <span class='ocrx_word' id='word_1_810' title='bbox 2145 5142 2253 5195; x_wconf 93' lang='lat' dir='ltr'><strong>quo</strong></span> <span class='ocrx_word' id='word_1_811' title='bbox 2282 5126 2348 5178; x_wconf 86' lang='lat' dir='ltr'><strong>li-</strong></span> 
     </span>
    </p>
   </div>
   <div class='ocr_carea' id='block_1_104' title="bbox 786 5215 2345 5284">
    <p class='ocr_par' dir='ltr' id='par_1_104' title="bbox 786 5215 2345 5284">
     <span class='ocr_line' id='line_1_104' title="bbox 786 5215 2345 5284; baseline -0.003 -17"><span class='ocrx_word' id='word_1_812' title='bbox 786 5224 873 5267; x_wconf 88' lang='lat' dir='ltr'><strong>cet</strong></span> <span class='ocrx_word' id='word_1_813' title='bbox 903 5216 1232 5283; x_wconf 82' lang='lat' dir='ltr'><strong>perspicere,</strong></span> <span class='ocrx_word' id='word_1_814' title='bbox 1262 5216 1405 5268; x_wconf 88' lang='lat' dir='ltr'><strong>unde</strong></span> <span class='ocrx_word' id='word_1_815' title='bbox 1452 5216 1617 5269; x_wconf 91' lang='lat' dir='ltr'><strong>ducto</strong></span> <span class='ocrx_word' id='word_1_816' title='bbox 1666 5216 1938 5284; x_wconf 89' lang='lat' dir='ltr'><strong>principio</strong></span> <span class='ocrx_word' id='word_1_817' title='bbox 1970 5215 2026 5267; x_wconf 92' lang='lat' dir='ltr'><strong>in</strong></span> <span class='ocrx_word' id='word_1_818' title='bbox 2081 5222 2345 5281; x_wconf 90' lang='lat' dir='ltr'><strong>quantum</strong></span> 
     </span>
    </p>
   </div>
   <div class='ocr_carea' id='block_1_105' title="bbox 788 5302 2351 5371">
    <p class='ocr_par' dir='ltr' id='par_1_105' title="bbox 788 5302 2351 5371">
     <span class='ocr_line' id='line_1_105' title="bbox 788 5302 2351 5371; baseline -0.004 -11"><span class='ocrx_word' id='word_1_819' title='bbox 788 5304 1013 5360; x_wconf 87' lang='lat' dir='ltr'><strong>sceleris</strong></span> <span class='ocrx_word' id='word_1_820' title='bbox 1063 5306 1389 5371; x_wconf 91' lang='lat' dir='ltr'><strong>processerit</strong></span> <span class='ocrx_word' id='word_1_821' title='bbox 1435 5306 1618 5359; x_wconf 77' lang='lat' dir='ltr'><strong>brevis</strong></span> <span class='ocrx_word' id='word_1_822' title='bbox 1668 5306 1757 5359; x_wconf 91' lang='lat' dir='ltr'><strong>ille</strong></span> <span class='ocrx_word' id='word_1_823' title='bbox 1799 5313 1977 5357; x_wconf 87' lang='lat' dir='ltr'><strong>motus</strong></span> <span class='ocrx_word' id='word_1_824' title='bbox 2021 5304 2237 5355; x_wconf 70' lang='lat' dir='ltr'><strong>animm.</strong></span> <span class='ocrx_word' id='word_1_825' title='bbox 2284 5302 2351 5355; x_wconf 86' lang='lat' dir='ltr'><strong>Et</strong></span> 
     </span>
    </p>
   </div>
   <div class='ocr_carea' id='block_1_106' title="bbox 788 5392 2352 5466">
    <p class='ocr_par' dir='ltr' id='par_1_106' title="bbox 788 5392 2352 5466">
     <span class='ocr_line' id='line_1_106' title="bbox 788 5392 2352 5466; baseline -0.003 -15"><span class='ocrx_word' id='word_1_826' title='bbox 788 5410 857 5451; x_wconf 83' lang='lat' dir='ltr'><strong>ex</strong></span> <span class='ocrx_word' id='word_1_827' title='bbox 896 5396 1000 5449; x_wconf 91' lang='lat' dir='ltr'><strong>hoc</strong></span> <span class='ocrx_word' id='word_1_828' title='bbox 1047 5398 1296 5466; x_wconf 89' lang='lat' dir='ltr'><strong>exemplo</strong></span> <span class='ocrx_word' id='word_1_829' title='bbox 1344 5407 1557 5466; x_wconf 89' lang='lat' dir='ltr'><strong>reputa,</strong></span> <span class='ocrx_word' id='word_1_830' title='bbox 1594 5398 1672 5450; x_wconf 91' lang='lat' dir='ltr'><strong>sic</strong></span> <span class='ocrx_word' id='word_1_831' title='bbox 1726 5396 1791 5449; x_wconf 91' lang='lat' dir='ltr'><strong>ad</strong></span> <span class='ocrx_word' id='word_1_832' title='bbox 1851 5396 2095 5465; x_wconf 89' lang='lat' dir='ltr'><strong>singulos</strong></span> <span class='ocrx_word' id='word_1_833' title='bbox 2126 5392 2352 5447; x_wconf 87' lang='lat' dir='ltr'><strong>evenire</strong></span> 
     </span>
    </p>
   </div>
   <div class='ocr_carea' id='block_1_107' title="bbox 863 5536 1916 5601">
    <p class='ocr_par' dir='ltr' id='par_1_107' title="bbox 863 5536 1916 5601">
     <span class='ocr_line' id='line_1_107' title="bbox 863 5536 1916 5601; baseline -0.003 -10"><span class='ocrx_word' id='word_1_834' title='bbox 863 5536 884 5568; x_wconf 84' lang='lat'><strong>’</strong></span> <span class='ocrx_word' id='word_1_835' title='bbox 924 5537 1113 5591; x_wconf 79' lang='lat' dir='ltr'><strong>Matth.</strong></span> <span class='ocrx_word' id='word_1_836' title='bbox 1150 5552 1259 5601; x_wconf 90' lang='lat' dir='ltr'><strong>va,</strong></span> <span class='ocrx_word' id='word_1_837' title='bbox 1290 5538 1377 5591; x_wconf 67' lang='grc' dir='ltr'><strong>ει.</strong></span> <span class='ocrx_word' id='word_1_838' title='bbox 1460 5540 1498 5569; x_wconf 82' lang='grc'><strong>¹⁰</strong></span> <span class='ocrx_word' id='word_1_839' title='bbox 1528 5538 1660 5591; x_wconf 90' lang='lat' dir='ltr'><strong>Luc.</strong></span> <span class='ocrx_word' id='word_1_840' title='bbox 1688 5553 1795 5599; x_wconf 86' lang='lat' dir='ltr'><strong>xtv,</strong></span> <span class='ocrx_word' id='word_1_841' title='bbox 1828 5536 1916 5589; x_wconf 73' lang='lat'><strong>26.</strong></span> 
     </span>
    </p>
   </div>
   <div class='ocr_carea' id='block_1_108' title="bbox 2442 5024 4009 5097">
    <p class='ocr_par' dir='ltr' id='par_1_108' title="bbox 2442 5024 4009 5097">
     <span class='ocr_line' id='line_1_108' title="bbox 2442 5024 4009 5097; baseline -0.005 -15"><span class='ocrx_word' id='word_1_842' title='bbox 2442 5031 2673 5097; x_wconf 79' lang='grc' dir='ltr'>ξάμενον</span> <span class='ocrx_word' id='word_1_843' title='bbox 2694 5024 2806 5082; x_wconf 75' lang='grc' dir='ltr'>οἷον</span> <span class='ocrx_word' id='word_1_844' title='bbox 2835 5028 3046 5097; x_wconf 76' lang='grc' dir='ltr'>προέϐη</span> <span class='ocrx_word' id='word_1_845' title='bbox 3077 5028 3249 5080; x_wconf 83' lang='grc' dir='ltr'>δεινοῦ</span> <span class='ocrx_word' id='word_1_846' title='bbox 3275 5030 3335 5080; x_wconf 76' lang='grc' dir='ltr'>τὸ</span> <span class='ocrx_word' id='word_1_847' title='bbox 3383 5028 3555 5096; x_wconf 78' lang='grc' dir='ltr'>βραχὺ</span> <span class='ocrx_word' id='word_1_848' title='bbox 3602 5026 3758 5077; x_wconf 85' lang='grc' dir='ltr'>τοῦτο</span> <span class='ocrx_word' id='word_1_849' title='bbox 3811 5025 4009 5093; x_wconf 84' lang='grc' dir='ltr'>κίνημα</span> 
     </span>
    </p>
   </div>
   <div class='ocr_carea' id='block_1_109' title="bbox 2442 5116 4011 5190">
    <p class='ocr_par' dir='ltr' id='par_1_109' title="bbox 2442 5116 4011 5190">
     <span class='ocr_line' id='line_1_109' title="bbox 2442 5116 4011 5190; baseline -0.004 -17"><span class='ocrx_word' id='word_1_850' title='bbox 2442 5121 2539 5189; x_wconf 81' lang='grc' dir='ltr'>τῆς</span> <span class='ocrx_word' id='word_1_851' title='bbox 2568 5121 2763 5190; x_wconf 78' lang='grc' dir='ltr'>ψυχῆς.</span> <span class='ocrx_word' id='word_1_852' title='bbox 2790 5120 2945 5172; x_wconf 75' lang='grc' dir='ltr'>Οὕτω</span> <span class='ocrx_word' id='word_1_853' title='bbox 2975 5120 3083 5171; x_wconf 86' lang='grc' dir='ltr'>νόει</span> <span class='ocrx_word' id='word_1_854' title='bbox 3132 5136 3242 5185; x_wconf 91' lang='grc' dir='ltr'>μοι,</span> <span class='ocrx_word' id='word_1_855' title='bbox 3301 5120 3392 5169; x_wconf 76' lang='grc' dir='ltr'><strong>καὶ</strong></span> <span class='ocrx_word' id='word_1_856' title='bbox 3431 5120 3506 5178; x_wconf 90' lang='grc' dir='ltr'><strong>εἰς</strong></span> <span class='ocrx_word' id='word_1_857' title='bbox 3541 5116 3598 5167; x_wconf 83' lang='grc' dir='ltr'>ἓν</span> <span class='ocrx_word' id='word_1_858' title='bbox 3631 5118 3857 5168; x_wconf 73' lang='grc' dir='ltr'>ἕκαστον</span> <span class='ocrx_word' id='word_1_859' title='bbox 3886 5133 4011 5182; x_wconf 72' lang='grc' dir='ltr'>συμ-</span> 
     </span>
    </p>
   </div>
   <div class='ocr_carea' id='block_1_110' title="bbox 2455 5205 4009 5277">
    <p class='ocr_par' dir='ltr' id='par_1_110' title="bbox 2455 5205 4009 5277">
     <span class='ocr_line' id='line_1_110' title="bbox 2455 5205 4009 5277; baseline -0.005 -15"><span class='ocrx_word' id='word_1_860' title='bbox 2455 5210 2657 5262; x_wconf 89' lang='grc' dir='ltr'>6αίνειν</span> <span class='ocrx_word' id='word_1_861' title='bbox 2704 5208 3010 5277; x_wconf 81' lang='grc' dir='ltr'>ἁμάρτημά</span> <span class='ocrx_word' id='word_1_862' title='bbox 3068 5223 3127 5259; x_wconf 88' lang='grc' dir='ltr'><strong>τε</strong></span> <span class='ocrx_word' id='word_1_863' title='bbox 3162 5209 3254 5259; x_wconf 76' lang='grc' dir='ltr'>καὶ</span> <span class='ocrx_word' id='word_1_864' title='bbox 3303 5206 3658 5274; x_wconf 78' lang='grc' dir='ltr'>ἐπιτήδευμα,</span> <span class='ocrx_word' id='word_1_865' title='bbox 3688 5207 3787 5274; x_wconf 83' lang='grc' dir='ltr'>τῆς</span> <span class='ocrx_word' id='word_1_866' title='bbox 3823 5205 4009 5264; x_wconf 81' lang='grc' dir='ltr'>κακίας</span> 
     </span>
    </p>
   </div>
   <div class='ocr_carea' id='block_1_111' title="bbox 2456 5295 4009 5368">
    <p class='ocr_par' dir='ltr' id='par_1_111' title="bbox 2456 5295 4009 5368">
     <span class='ocr_line' id='line_1_111' title="bbox 2456 5295 4009 5368; baseline -0.005 -15"><span class='ocrx_word' id='word_1_867' title='bbox 2456 5300 2850 5368; x_wconf 83' lang='grc' dir='ltr'>κολακευούσης</span> <span class='ocrx_word' id='word_1_868' title='bbox 2900 5316 2958 5349; x_wconf 88' lang='grc' dir='ltr'><strong>τε</strong></span> <span class='ocrx_word' id='word_1_869' title='bbox 2992 5298 3085 5349; x_wconf 60' lang='grc' dir='ltr'>καὶ</span> <span class='ocrx_word' id='word_1_870' title='bbox 3141 5297 3560 5366; x_wconf 77' lang='grc' dir='ltr'>περισαινούσης</span> <span class='ocrx_word' id='word_1_871' title='bbox 3590 5296 3651 5347; x_wconf 88' lang='grc' dir='ltr'>τὸ</span> <span class='ocrx_word' id='word_1_872' title='bbox 3684 5295 3895 5361; x_wconf 78' lang='grc' dir='ltr'>θέλημα</span> <span class='ocrx_word' id='word_1_873' title='bbox 3922 5295 4009 5360; x_wconf 79' lang='grc' dir='ltr'>τῆς</span> 
     </span>
    </p>
   </div>
   <div class='ocr_carea' id='block_1_112' title="bbox 2456 5386 4000 5462">
    <p class='ocr_par' dir='ltr' id='par_1_112' title="bbox 2456 5386 4000 5462">
     <span class='ocr_line' id='line_1_112' title="bbox 2456 5386 4000 5462; baseline -0.006 -18"><span class='ocrx_word' id='word_1_874' title='bbox 2456 5392 2630 5462; x_wconf 77' lang='grc' dir='ltr'>ψυχῆς</span> <span class='ocrx_word' id='word_1_875' title='bbox 2674 5389 2989 5460; x_wconf 80' lang='grc' dir='ltr'>ἐπιθυμίαις</span> <span class='ocrx_word' id='word_1_876' title='bbox 3043 5392 3328 5458; x_wconf 76' lang='grc' dir='ltr'>κοσμικαῖς</span> <span class='ocrx_word' id='word_1_877' title='bbox 3386 5390 3477 5439; x_wconf 72' lang='grc' dir='ltr'>καὶ</span> <span class='ocrx_word' id='word_1_878' title='bbox 3510 5386 3712 5456; x_wconf 84' lang='grc' dir='ltr'>σαρκὸς</span> <span class='ocrx_word' id='word_1_879' title='bbox 3760 5386 4000 5455; x_wconf 56' lang='grc' dir='ltr'>ήδοναῑςν</span> 
     </span>
    </p>
   </div>
   <div class='ocr_carea' id='block_1_113' title="bbox 873 5674 2553 5759">
    <p class='ocr_par' dir='ltr' id='par_1_113' title="bbox 873 5686 2522 5759">
     <span class='ocr_line' id='line_1_113' title="bbox 873 5686 2522 5759; baseline -0.004 -16"><span class='ocrx_word' id='word_1_880' title='bbox 873 5691 948 5759; x_wconf 84' lang='lat' dir='ltr'><strong>(l)</strong></span> <span class='ocrx_word' id='word_1_881' title='bbox 982 5691 1236 5758; x_wconf 81' lang='grc' dir='ltr'>Ἐχομεν,</span> <span class='ocrx_word' id='word_1_882' title='bbox 1277 5707 1329 5741; x_wconf 85' lang='grc' dir='ltr'><strong>κ.</strong></span> <span class='ocrx_word' id='word_1_883' title='bbox 1363 5707 1412 5741; x_wconf 92' lang='grc' dir='ltr'><strong>τ.</strong></span> <span class='ocrx_word' id='word_1_884' title='bbox 1437 5688 1511 5759; x_wconf 56' lang='lat'><strong>1.]</strong></span> <span class='ocrx_word' id='word_1_885' title='bbox 1556 5689 1713 5741; x_wconf 84' lang='lat' dir='ltr'><strong>Forte</strong></span> <span class='ocrx_word' id='word_1_886' title='bbox 1758 5687 1860 5757; x_wconf 74' lang='lat' dir='ltr'><strong>leg.</strong></span> <span class='ocrx_word' id='word_1_887' title='bbox 1898 5687 2083 5756; x_wconf 61' lang='grc' dir='ltr'>ἔχομαι</span> <span class='ocrx_word' id='word_1_888' title='bbox 2118 5690 2204 5741; x_wconf 68' lang='grc' dir='ltr'>καὶ</span> <span class='ocrx_word' id='word_1_889' title='bbox 2242 5686 2345 5738; x_wconf 86' lang='grc' dir='ltr'><strong>τῶν</strong></span> <span class='ocrx_word' id='word_1_890' title='bbox 2391 5686 2522 5739; x_wconf 52' lang='grc' dir='ltr'>Θεοῦ</span> 
     </span>
    </p>
   </div>
   <div class='ocr_carea' id='block_1_114' title="bbox 2311 5674 3991 5759">
    <p class='ocr_par' dir='ltr' id='par_1_114' title="bbox 2311 5674 3991 5749">
     <span class='ocr_line' id='line_1_114' title="bbox 2311 5674 3991 5749; baseline -0.007 -13"><span class='ocrx_word' id='word_1_891' title='bbox 2311 5705 2345 5736; x_wconf 81' lang='grc' dir='ltr'><strong>ιν</strong></span> <span class='ocrx_word' id='word_1_892' title='bbox 2391 5686 2522 5739; x_wconf 54' lang='grc' dir='ltr'>Θεοῦ</span> <span class='ocrx_word' id='word_1_893' title='bbox 2557 5683 2816 5745; x_wconf 74' lang='grc' dir='ltr'>Ξντολῶν;</span> <span class='ocrx_word' id='word_1_894' title='bbox 2880 5682 3037 5749; x_wconf 71' lang='grc' dir='ltr'>πλὴν.</span> <span class='ocrx_word' id='word_1_895' title='bbox 3074 5699 3126 5735; x_wconf 89' lang='grc' dir='ltr'><strong>κ.</strong></span> <span class='ocrx_word' id='word_1_896' title='bbox 3173 5698 3220 5734; x_wconf 89' lang='grc' dir='ltr'><strong>τ.</strong></span> <span class='ocrx_word' id='word_1_897' title='bbox 3259 5683 3306 5733; x_wconf 83' lang='grc' dir='ltr'><strong>λ.</strong></span> <span class='ocrx_word' id='word_1_898' title='bbox 3342 5678 3687 5735; x_wconf 78' lang='lat' dir='ltr'><strong>Adhwrcbone</strong></span> <span class='ocrx_word' id='word_1_899' title='bbox 3721 5679 3877 5731; x_wconf 74' lang='lat' dir='ltr'><strong>etiam</strong></span> <span class='ocrx_word' id='word_1_900' title='bbox 3912 5674 3991 5727; x_wconf 66' lang='lat' dir='ltr'><strong>Usi</strong></span> 
     </span>
    </p>
   </div>
   <div class='ocr_carea' id='block_1_115' title="bbox 798 5761 1648 5823">
    <p class='ocr_par' dir='ltr' id='par_1_115' title="bbox 798 5761 1648 5823">
     <span class='ocr_line' id='line_1_115' title="bbox 798 5761 1648 5823; baseline -0.005 -8"><span class='ocrx_word' id='word_1_901' title='bbox 798 5761 1103 5815; x_wconf 71' lang='lat' dir='ltr'><strong>mundam?</strong></span> <span class='ocrx_word' id='word_1_902' title='bbox 1131 5762 1202 5813; x_wconf 81' lang='lat' dir='ltr'><strong>sic</strong></span> <span class='ocrx_word' id='word_1_903' title='bbox 1234 5770 1408 5813; x_wconf 80' lang='lat' dir='ltr'><strong>tamen</strong></span> <span class='ocrx_word' id='word_1_904' title='bbox 1440 5770 1514 5823; x_wconf 79' lang='lat' dir='ltr'><strong>ut,</strong></span> <span class='ocrx_word' id='word_1_905' title='bbox 1545 5770 1648 5811; x_wconf 86' lang='lat' dir='ltr'><strong>etc.</strong></span> 
     </span>
    </p>
   </div>
  </div>
