4254 6358
250 405 363 469 885

1104 411 1334 473 LIBER
1373 413 1472 474 DE
1507 413 1910 476 PATIENTIA
1949 416 2045 478 ET
2083 414 2607 477 DlSCRETlONE.

3407 415 3515 479 886

252 517 431 580 οὕτως
449 517 816 587 ἀπαρτίζεται
848 520 1083 589 μοιχεία,
1099 522 1242 576 οὕτω
1270 513 1464 596 κλοπὴ,
1497 524 1833 579 οὔτωπλεονο
1866 538 1902 592 Α

1868 538 1909 592 Α
1940 530 2127 599 lapsus
2150 528 2205 583 in
2238 537 2459 598 peccata
2485 528 2569 582 vel
2610 541 2778 598 prava
2817 526 3032 596 studia;
3069 526 3275 583 malitia
3306 529 3511 599 ubique

254 608 396 675 εξία,
441 609 585 663 οὕτω
619 610 713 665 καὶ
739 611 1039 679 κενοδοξία,
1084 616 1231 669 οὕτω
1261 617 1355 671 καὶ
1384 618 1494 671 πᾶν
1531 616 1710 671 ὁτιοῦν
1735 635 1832 671 ποο

252 703 441 773 νηρόν.

1936 619 2348 673 adulationibus
2378 617 2708 688 quibusdam
2744 619 3140 690 blanditiisque
3194 620 3508 689 pelliciente

1936 710 2273 764 voluntatem
2295 709 2491 763 animae
2519 711 2575 765 in
2596 710 2926 780 cupiditates
2952 711 3279 766 mundanas.
3306 722 3361 767 et
3385 727 3513 766 car-

255 797 345 853 nis
374 800 703 869 voluptates.
746 802 839 860 Sic
863 812 1215 876 perpetratur
1263 806 1624 875 adulterium,
1656 808 1738 864 sic
1758 808 1988 875 furtum,
2017 810 2098 864 sic
2131 808 2382 876 avaritia,
2414 808 2495 865 sic
2540 825 2681 865 vana
2723 810 3005 881 gloriatio;
3060 809 3141 865 sic
3172 824 3336 865 omne
3358 810 3507 865 aliud

251 894 497 964 cujusvis
526 900 744 967 generis
763 902 987 959 malum.

327 987 455 1041 ΚΝ.
486 989 597 1042 Καὶ
624 991 766 1043 αὐτὰ
822 992 893 1045 τά
916 992 1057 1046 καλά
1102 993 1365 1061 πολλάκις
1421 996 1829 1069 ἐπιτηδεύματα

252 1080 344 1133 διά
388 1081 555 1152 κενὴν
601 1082 761 1150 δόξαν
814 1085 1179 1140 ἐπιτελεῖται·
1214 1088 1352 1160 ὅπερ
1394 1089 1506 1143 ίσον
1534 1090 1740 1160 κλοπῆς
1768 1108 1829 1145 τε

255 1174 352 1225 καὶ
378 1173 628 1243 ἀκηδίας,
652 1176 746 1227 καὶ
774 1175 883 1229 τῶν
915 1178 1091 1233 ἀλλων
1120 1180 1372 1249 μεγάλων
1414 1181 1632 1252 ἀμαρτη
1643 1182 1829 1252 μάτων

250 1264 332 1333 τῷ
362 1264 483 1334 Θεῴ
507 1265 775 1336 κρίνεται.
819 1268 881 1322 Ὀ
910 1270 1055 1336 Θεὸς
1100 1270 1232 1342 γάρ,
1265 1274 1451 1343 φησὶν,
1488 1273 1827 1342 διεσκόρπιο

251 1373 368 1410 aer
414 1357 567 1414 ὀστᾶ
616 1359 1165 1428 ἁνθρωπαρέσκωνο
1192 1362 1333 1417 ὥστε
1388 1366 1484 1418 καὶ
1534 1365 1603 1419 δι’
1646 1365 1829 1419 αὐτῶν

249 1453 363 1504 τῶν
411 1453 595 1507 καλῶν
639 1453 1028 1524 ὑπηρετεῖσθαι
1074 1457 1169 1512 καὶ
1210 1459 1612 1528 θεραπεύεσθαι
1668 1461 1699 1514 6
1742 1463 1833 1531 ἐχ-

250 1543 384 1613 θρὸς
403 1542 669 1614 βούλεται,
692 1546 965 1614 ἀπατηλὸς
986 1547 1061 1601 ὢν
1083 1550 1310 1615 ἐκεῖνος,
1335 1552 1432 1605 καὶ
1450 1550 1712 1618 ποικίλος,
1738 1550 1833 1605 καὶ

251 1636 489 1697 σκολιός.

326 1731 455 1786 κε’.
474 1731 654 1803 Ὅπερ
677 1750 761 1796 τις
784 1732 1012 1806 ἐφίλησε
1042 1733 1139 1790 τοῦ
1172 1736 1436 1808 παρόντος
1466 1738 1675 1811 κόσμου
1703 1738 1832 1794 τού-

2003 998 2191 1054 XXIV.
2226 1000 2345 1069 Ipsa
2374 1014 2596 1070 quoque
2631 1015 2730 1070 per
2774 1016 2834 1056 se
2867 999 3163 1055 laudabilia
3195 1000 3267 1055 ob
3309 1016 3507 1057 vanam

1934 1107 2077 1161 saepe
2124 1092 2355 1163 gloriam
2402 1106 2570 1163 opera
2600 1092 2933 1148 efﬁciuntur.
2968 1092 3124 1160 Quod
3158 1095 3381 1165 quidem
3410 1110 3509 1165 par

1932 1184 2102 1250 furto,
2136 1185 2369 1249 inertia,
2420 1184 2739 1255 magnisque
2777 1185 2900 1239 aliis
2927 1187 3168 1256 peccatis
3211 1201 3241 1241 a
3276 1187 3389 1242 Deo
3413 1190 3508 1259 ju-

1935 1278 2191 1334 dicatur:
2227 1278 2368 1333 Deus
2412 1281 2551 1333 enim
2577 1280 2675 1350 (ait
2705 1279 2902 1349 David)
2938 1280 3214 1350 dissipavit
3253 1298 3372 1335 ossa
3417 1298 3509 1334 eo-

1938 1389 2078 1436 rum,
2109 1372 2198 1440 qui
2219 1371 2511 1425 hominibus
2541 1370 2753 1442 placent
2778 1374 2842 1427 ¹¹.
2868 1372 3058 1442 Itaque
3089 1374 3383 1443 vectigales
3401 1374 3506 1430 sibi

1932 1463 2113 1519 facere
2156 1465 2410 1528 virtutes,
2464 1464 2732 1517 tributum
2764 1479 2796 1518 e
2838 1464 3005 1520 bonis
3034 1466 3296 1535 operibus
3325 1468 3508 1522 cultus

1932 1554 2294 1625 obsequiique
2328 1564 2553 1626 captans
2579 1555 2791 1625 proprii
2832 1555 3008 1610 hostis
3059 1566 3249 1612 noster
3287 1558 3505 1630 satagit,

1932 1658 2208 1704 veterator
2237 1648 2330 1703 ille
2358 1657 2637 1709 versutus,
2668 1648 2852 1703 varius
2884 1658 2939 1704 et
2966 1665 3187 1719 pravus.

2004 1739 2168 1797 XXV.
2206 1740 2381 1807 Quam
2415 1739 2599 1809 quivis
2626 1754 2693 1793 ex
2718 1740 2910 1793 mundi
2936 1740 3100 1810 hujus
3132 1740 3298 1796 rebus
3333 1748 3499 1805 amat,

248 1841 368 1888 ‘MU,
398 1824 497 1877 καὶ
528 1824 751 1895 βαρύνει
778 1824 843 1897 δὴ
867 1826 965 1897 τὴν
1018 1827 1230 1882 ἐκείνου
1252 1829 1513 1894 διάνοιαν,
1548 1835 1643 1887 καὶ
1664 1833 1828 1888 οίονεὶ
1858 1842 1900 1897 Β

1868 1842 1900 1897 Β
1930 1849 1993 1889 ea
2016 1839 2207 1904 gravat
2236 1832 2386 1886 illius
2408 1838 2670 1896 mentem,
2693 1840 2749 1885 et
2770 1832 2925 1900 quasi
2965 1831 3222 1886 deorsum
3256 1833 3422 1886 trahit
3441 1848 3505 1887 ac

249 1914 405 1968 κάτω
433 1913 713 1979 καθέλκει,
733 1915 828 1969 καὶ
855 1917 1086 1971 συνωθεῖ
1114 1920 1210 1973 καὶ
1232 1921 1507 1991 ἀνακύψαι
1525 1922 1694 1993 αὐτὴν
1730 1925 1833 1979 οὐκ

248 2004 458 2074 ἀνίησι.
491 2004 610 2059 Τῶν
630 2006 739 2077 γάρ
753 2006 1012 2061 τοιούτων
1039 2009 1101 2063 τὸ
1129 2011 1260 2065 στάο
1269 2014 1392 2081 μιόν
1412 2030 1472 2067 τε
1490 2015 1585 2068 καὶ
1608 2016 1643 2085 ἡ
1662 2015 1833 2087 ῥοπὴ,

249 2094 425 2148 καὶτὸ
450 2094 634 2163 ζύγιον
650 2096 746 2151 τοῦ
764 2097 1066 2169 θελήματος
1090 2102 1189 2171 τῆς
1208 2103 1435 2174 καρδίας
1457 2103 1645 2178 ὥσπερ
1664 2107 1830 2178 tam.

248 2203 434 2255 τηται,
468 2188 562 2241 καὶ
583 2186 814 2258 βάσανος
827 2188 980 2243 ἐνθεν
997 2191 1209 2259 γίνεται
1226 2195 1386 2248 παντὶ
1411 2195 1489 2266 τῷ
1509 2197 1832 2270 ἀνθρωπείῳ

248 2278 422 2346 γένει,
460 2280 581 2349 ἦτοι
606 2280 715 2335 τῶν
749 2283 807 2335 ἐν
831 2282 1054 2336 πόλεσιν
1076 2283 1369 2339 οἰκούντων
1394 2287 1762 2358 Χριστιανῶν,
1794 2290 1829 2362 ἦ

248 2371 359 2423 τῶν
400 2373 459 2424 ἐν
486 2371 659 2441 δρεσι,
689 2373 797 2428 τῶν
818 2376 878 2428 ἐν
908 2379 1119 2443 μοναῖς,
1158 2376 1192 2446 ἢ
1234 2378 1292 2431 ἐν
1320 2380 1533 2450 ἀγροῖς.
1564 2380 1597 2451 ἢ
1624 2383 1682 2433 ἐν
1706 2383 1833 2452 ἑρηο

252 2462 429 2532 μὶαις,
478 2464 560 2517 ὅτι
590 2464 731 2519 ἐκών
762 2483 847 2529 τις
882 2466 1271 2538 δελεαζόμενος
1309 2469 1401 2539 ὑφ’
1443 2462 1616 2541 οὗπερ
1664 2472 1830 2541 φιλεῖ,

246 2552 411 2624 δῆλός
454 2554 603 2608 ἐστιν
628 2554 783 2609 οθπω
808 2556 908 2627 τὴν
942 2558 1165 2630 ἀγάπην
1194 2558 1360 2613 αὑτοῦ
1398 2560 1526 2632 ὅλην
1554 2563 1832 2631 παραδοὺς

246 2644 329 2716 τῷ
515 2642 663 2712 Οἷον,
697 2648 954 2720 ἠγάπησέ
985 2667 1091 2714 τις,
1122 2651 1171 2704 εί
1201 2650 1376 2721 τύχοι,
1406 2656 1678 2723 κτήματα,
1700 2671 1831 2724 χρυ-

250 2738 369 2791 σίον
386 2738 567 2805 ἀλλος,
594 2737 778 2809 ιτερος
818 2743 885 2812 τῇ
916 2742 1116 2813 γαστρὶ
1134 2742 1425 2809 δουλεύειν,
1447 2744 1481 2814 ἢ
1517 2745 1832 2815 ἐπιθυμίαις

247 2826 371 2891 ταῖς
408 2828 510 2898 τῆς
543 2830 750 2901 σαρκὸς
771 2831 1118 2903 χαρίζεσθαι,
1142 2833 1303 2896 ἀλλος
1333 2834 1527 2903 σοφίαν
1547 2834 1833 2907 λόγωνδιά

246 2918 411 2983 δόξαν
447 2920 712 2991 ἐπίκηρον
729 2938 745 2954 ·
768 2924 797 2976 6
823 2922 923 2992 μέν
955 2922 1151 2994 ἀρχὴν,
1190 2924 1219 2976 6
1241 2923 1299 2977 δέ
1325 2923 1425 2986 τὰς
1455 2924 1515 2988 ἐξ
1536 2923 1835 2995 ἀνθρώπων

245 3013 435 3083 τιμάς,
472 3011 641 3083 ὀργὴν
675 3012 833 3076 ἀλλος
862 3013 958 3067 καὶ
992 3015 1183 3084 μῆνιψ
1218 3014 1281 3067 τὸ
1314 3014 1423 3085 γάρ
1461 3014 1676 3067 ἔκδοτον
1706 3016 1835 3070 ἑαυο

246 3106 340 3156 τὸν
375 3108 677 3175 παρασχεῖν
699 3104 777 3176 τῷ
804 3105 977 3175 φίλων
1016 3105 1165 3176 αύτῷ
1187 3106 1468 3175 φαίνεται·
1497 3106 1680 3176 ἔτερος
1712 3109 1835 3178 ὁμι-

248 3194 372 3257 λίας
387 3196 445 3258 ἐς
464 3196 618 3248 οὐδὲν
645 3196 785 3250 δέον.
814 3196 1007 3260 ’Δλλος
1039 3197 1227 3261 ἁπλῶς
1246 3196 1307 3250 τδ
1328 3198 1717 3269 μεθορίζεσθαι
1740 3240 1755 3265 ,
1791 3200 1823 3271 ἢ
1857 3181 1902 3237 C

248 3285 434 3353 λόγοις
460 3286 748 3355 προσέχειν
779 3286 990 3357 ἀργοῖς,
1012 3288 1046 3357 ἢ
1076 3288 1138 3340 τὸ
1170 3287 1493 3352 διδάσκαλος
1532 3284 1697 3355 εἶναι,
1731 3290 1827 3343 καὶ⁸

246 3377 411 3433 τοῦτο
437 3380 525 3433 διά
556 3380 714 3446 δόξαν
742 3379 841 3452 τὴν
866 3380 926 3445 ἐξ
945 3380 1246 3449 ἀνθρώπιον
1267 3397 1281 3411 ·
1314 3383 1411 3435 καὶ
1432 3384 1460 3435 6
1484 3381 1583 3453 μὲν
1611 3383 1823 3452 χαυνὼ-

257 3489 341 3525 σει
392 3473 490 3524 καὶ
550 3472 781 3542 ἀμελείᾳ
813 3471 1132 3542 πρόσκειται
1153 3486 1166 3499 ·
1198 3472 1227 3525 6
1270 3470 1327 3523 δέ
1357 3472 1586 3542 ἱματίων
1616 3474 1826 3527 καλλω-

250 3564 476 3631 πισμοῖς
507 3562 724 3632 ἣδεται·
774 3558 929 3625 οὗτος
980 3564 1131 3633 ὕπνῳ
1155 3603 1169 3625 ,
1230 3564 1436 3625 ἐκεῖνος
1470 3564 1825 3635 εὐτραπελίᾳ,

251 3654 349 3706 καὶ
377 3652 537 3715 ἀλλος
571 3652 753 3725 μικρῷ
780 3654 936 3725 τινιῆ
973 3654 1194 3725 μεγάλῳ
1244 3653 1340 3707 τοῦ
1375 3654 1581 3726 κόσμου
1624 3655 1831 3710 δέδεται

252 3748 348 3797 καὶ
402 3746 715 3815 κατέχεται,
752 3746 847 3800 καὶ
874 3748 976 3800 οὐκ
1017 3748 1229 3801 ἀνίεται
1265 3747 1579 3816 ἀνακύψαι·
1617 3751 1753 3819 πρὸς
1802 3749 1831 3802 δ

252 3836 360 3907 γάρ
377 3836 546 3900 πάθος
575 3838 634 3890 οὐ
654 3838 983 3907 διαμάχεταί
1008 3855 1091 3901 τις
1117 3838 1401 3905 γενναίως,
1420 3840 1540 3892 ούδέ
1566 3839 1831 3893 ἀντικαθ-

255 3930 469 3981 ίσταται
528 3928 721 3998 ἐκείνῳ
764 3928 1000 3992 πάντως,
1051 3929 1145 3982 καὶ
1165 3929 1385 3998 ἣδεταιο
1429 3930 1653 3982 κάκεῖνο
1685 3931 1828 3983 καθ-

254 4024 411 4074 έλκον
452 4021 617 4073 αὑτὸν
656 4021 751 4072 καὶ
772 4020 999 4089 κατέχον
1022 4020 1189 4072 οἱονεὶ
1226 4018 1423 4090 δεσμός
1474 4037 1581 4097 τις,
1613 4023 1707 4075 καὶ
1738 4020 1835 4073 κύ-

255 4132 375 4182 φων
400 4112 499 4182 τῆς
519 4111 759 4173 διανοίας
780 4110 946 4164 αὑτοῦ
977 4110 1295 4179 γίνεταιτοῦ
1324 4112 1399 4180 μὴ
1429 4111 1566 4182 πρὸς
1590 4114 1683 4166 τὸν
1700 4111 1833 4165 Θεὸν

254 4207 646 4280 ἀναφέρεσθαι,
681 4206 804 4277 μηδ’
828 4204 977 4275 αὐτῷ
1011 4206 1158 4275 μόνῳ
1188 4203 1493 4274 λατρεύειν.
1527 4205 1688 4275 Ψυχὴ
1723 4205 1833 4275 γάρ

255 4304 288 4371 ἠ
310 4299 529 4370 άληθῶς
557 4300 695 4369 πρὸς
717 4299 922 4370 Κύριον
942 4298 1040 4367 τὴν
1058 4300 1233 4368 ὁρμὴν
1257 4296 1631 4361 άπευθύνασα,
1655 4296 1833 4349 πᾶσαν

254 4391 407 4462 αὐτῷ
445 4391 544 4460 τὴν
572 4390 759 4459 ἔφεσιν
786 4389 1093 4458 ἐπιτρέπει,
1127 4389 1266 4459 αὐτή
1326 4404 1385 4441 σε
1440 4389 1641 4458 ἐαυτῆς
1670 4386 1833 4456 ἐξαρ-

1930 1925 2199 1989 detrudit,
2224 1932 2552 1994 vertereque
2583 1938 2804 1978 sursum
2826 1924 3016 1977 oculos
3030 1938 3141 1977 non
3170 1924 3323 1978 sinit.
3347 1924 3505 1993 Apud

1931 2018 2067 2074 tales
2090 2018 2238 2073 enim
2271 2025 2475 2072 statera
2505 2024 2563 2072 et
2582 2031 2785 2087 anceps
2814 2024 3176 2081 momentum,
3202 2017 3505 2087 jugumque

1930 2108 2147 2163 arbitrii
2182 2106 2367 2162 cordis
2396 2105 2554 2176 quasi
2589 2105 2862 2160 sublatum
2890 2112 3010 2169 est;
3040 2119 3382 2174 examenque
3424 2105 3501 2161 sic

1930 2198 1992 2255 fit
2034 2198 2329 2268 explorans
2376 2195 2601 2252 intimos
2644 2210 2840 2251 sensus
2882 2197 3063 2251 omnis
3080 2196 3298 2266 generis
3328 2195 3479 2249 homi

1930 2302 2089 2351 num,
2116 2301 2215 2343 seu
2242 2286 2297 2340 in
2321 2285 2555 2341 urbibus
2582 2284 2902 2356 degentium
2920 2286 3381 2353 Christianorum,
3405 2300 3502 2342 seu

1930 2380 1988 2436 in
2027 2381 2329 2444 montibus,
2350 2396 2448 2436 seu
2483 2381 2538 2435 in
2563 2380 2947 2447 monasteriis;
2977 2379 3093 2433 sive
3118 2379 3173 2433 in
3197 2378 3363 2449 agris,
3386 2380 3504 2435 sive

1935 2472 1992 2527 in
2021 2473 2432 2528 solitudinibus.
2462 2471 3016 2543 Deprehenditurque
3050 2485 3119 2525 ex
3144 2484 3212 2524 eo
3240 2469 3387 2539 quod
3412 2486 3509 2523 vo—

1938 2568 2059 2623 lens
2075 2566 2201 2636 quis
2221 2565 2493 2621 alliciatur
2512 2564 2583 2621 ab
2598 2580 2664 2620 ea
2684 2579 2765 2630 re,
2785 2576 3127 2633 quaecunque
3157 2561 3375 2617 tandem
3398 2572 3503 2627 cst,

1936 2674 2099 2729 quam
2129 2666 2296 2721 amat,
2326 2655 2572 2712 nondum
2625 2672 2784 2712 suum
2844 2671 3063 2711 omnem
3103 2670 3344 2710 amorem
3391 2656 3507 2712 Deo

1932 2749 2226 2805 addixisse.
2261 2749 2509 2818 Exempli
2537 2748 2738 2821 gratia,
2765 2747 3090 2817 diligitquis
3114 2746 3255 2801 forte
3288 2762 3507 2816 posses-

1932 2841 2139 2904 siones,
2175 2840 2318 2896 alius
2343 2856 2567 2905 aurum,
2609 2840 2753 2896 alius
2791 2846 2938 2895 amat
2961 2838 3141 2893 ventri
3183 2839 3411 2903 servire,
3450 2846 3509 2892 et

1934 2928 2222 3000 indulgere
2270 2928 2736 3000 concupiscentiis
2759 2929 2970 2993 carnis;
3004 2928 3146 2983 alius
3181 2928 3506 2997 sapientiam

1933 3026 2079 3075 amat
2121 3028 2346 3090 propter
2387 3019 2619 3092 gloriam
2662 3020 2949 3091 fragilem;
2990 3034 3101 3075 non
3137 3035 3301 3075 nemo
3334 3019 3509 3076 ambit

1933 3110 2351 3182 praefecturam;
2406 3112 2546 3167 alter
2583 3112 2823 3166 honores
2868 3111 2940 3166 ab
2984 3109 3335 3177 hominibus;
3378 3111 3510 3165 huic

1932 3204 2110 3273 placet
2129 3203 2207 3257 ira
2238 3202 2448 3266 eﬂ'erri,
2484 3211 2542 3259 et
2570 3204 2857 3269 bile;nam
2888 3202 3211 3272 impendere
3240 3217 3299 3257 se
3327 3203 3507 3272 ipsum

1927 3293 2119 3348 amicis
2150 3293 2520 3359 vindicandis,
2546 3294 2666 3348 laus
2693 3292 2798 3363 ipsi
2826 3292 3043 3349 videtur
3072 3310 3086 3347 :
3131 3293 3224 3347 alii
3247 3292 3508 3363 jucunda:

1927 3393 2060 3441 sunt
2107 3386 2579 3442 confabulationes
2605 3385 2793 3442 faceta
2844 3384 2913 3441 de
2950 3386 3111 3456 nugis
3148 3386 3502 3460 scurrilibus.

1928 3476 2231 3545 Quemdam
2261 3477 2676 3533 solutalicentia
2710 3478 2855 3532 ultra
2876 3477 3061 3532 decori
3084 3476 3353 3531 terminos
3376 3490 3506 3529 eva-

1929 3568 2120 3639 gandi;
2149 3580 2245 3625 aut
2279 3569 2463 3624 verbis
2484 3569 2675 3623 otiosis
2704 3567 3013 3633 attendere,
3041 3576 3139 3621 aut
3182 3569 3505 3638 magistrum

1930 3676 2090 3727 esse;
2121 3669 2178 3717 et
2200 3661 2307 3715 hoe
2332 3660 2665 3730 aucupandi:
2682 3674 2844 3715 causa
2865 3659 2934 3714 ah
2950 3658 3268 3713 hominibus
3300 3658 3503 3725 glorizr,

1930 3745 2008 3799 Ac
2039 3744 2237 3813 aliquis
2277 3742 2501 3813 quidem
2531 3743 2587 3797 in
2620 3753 2895 3813 torporem
2918 3742 3377 3812 etnegligentiam
3411 3742 3511 3794 in—

1931 3836 2160 3893 cumbit.
2190 3835 2284 3889 Est
2306 3850 2469 3905 quem
2493 3834 2730 3889 delectet
2756 3842 2983 3888 ornatus
3019 3847 3083 3887 ac
3123 3831 3386 3902 splendor
3414 3846 3509 3886 vc-

1931 3927 2118 3981 stium.
2146 3925 2247 3981 Hic
2290 3940 2504 3989 somno,
2537 3926 2629 3979 ille
2669 3924 2950 3979 dicacitati
2987 3924 3333 3989 facetiarum,
3367 3923 3508 3978 alius

1931 4029 2113 4083 parvae
2155 4014 2396 4084 cuipiam
2425 4021 2522 4067 aut
2549 4028 2757 4085 magna:
2785 4013 3186 4068 mundanarum
3210 4026 3395 4067 rerum
3426 4011 3505 4064 af-

1933 4107 2079 4162 fectu
2108 4108 2321 4163 defixus
2364 4106 2568 4172 haeret;
2606 4108 2681 4161 ita
2705 4114 2766 4161 ut
2797 4121 2862 4160 ea
2882 4104 3039 4175 quasi
3073 4103 3295 4158 vinctus
3318 4110 3508 4156 tenea-

1934 4211 2043 4259 tur,
2073 4214 2175 4253 nec
2202 4198 2375 4268 possit
2395 4212 2620 4252 sursum
2640 4196 2923 4264 aspicere;
2951 4208 3117 4264 quam
3140 4192 3288 4247 enim
3310 4192 3509 4261 aliquis

1934 4288 2101 4343 animi
2136 4289 2221 4343 sui
2248 4304 2469 4358 pravam
2509 4286 2856 4342 affectionem
2895 4300 3006 4338 non
3044 4290 3327 4353 oppugnat
3371 4282 3512 4335 acri-

1937 4391 2039 4445 ter,
2071 4380 2272 4451 cuique
2300 4394 2411 4433 non
2460 4378 2683 4433 obsistit
2710 4389 2999 4448 generose,
3028 4388 3092 4428 ca
3117 4373 3335 4428 tandem
3361 4372 3511 4427 dele-

254 4502 344 4547 νος
370 4485 605 4551 γίνεται,
650 4483 745 4536 καὶ
782 4482 875 4535 τοῦ
912 4482 1041 4535 ίδίου
1073 4480 1191 4544 νοὸς
1232 4482 1346 4543 τοῖς
1384 4480 1684 4551 θελήμασιν
1734 4478 1836 4532 οὐκ
1872 4541 1902 4551 _

1872 4541 1905 4551 _
1938 4483 2137 4540 ctatur,
2169 4483 2225 4528 et
2247 4481 2377 4527 tunc
2403 4472 2495 4526 illa
2520 4470 2689 4526 trahit
2718 4469 2895 4540 ipsum
2920 4482 2985 4522 ac
3005 4465 3237 4526 detinet.
3258 4473 3315 4519 et
3336 4479 3511 4517 uncus

256 4573 565 4627 ἀκολουθεῖ.

1868 4541 1913 4596 θ
1938 4566 2088 4619 velut
2109 4563 2332 4635 quidam
2364 4564 2586 4618 collaris
2612 4564 2733 4633 ejus
2749 4560 2948 4616 mentis
2968 4561 3048 4625 fit,
3076 4558 3333 4612 deorsum
3364 4554 3511 4609 illam

256 4670 554 4722 incurvans
606 4673 803 4736 negato
842 4665 922 4722 illi
968 4671 1228 4735 suspectu
1253 4662 1322 4718 ad
1347 4662 1521 4718 Deum
1568 4660 1780 4727 libero;
1813 4674 1914 4714 nec
1946 4657 2270 4729 permittens
2301 4656 2379 4710 illi
2406 4655 2507 4710 soli
2538 4656 2766 4709 servire.
2793 4653 2987 4708 Anima
3022 4650 3191 4712 enim,
3225 4663 3346 4717 qua:
3381 4657 3511 4698 vero

255 4761 324 4815 ad
363 4762 656 4816 Dominum
699 4762 963 4830 impetum
992 4774 1151 4814 suum
1182 4757 1393 4828 dirigit,
1424 4770 1587 4811 omne
1618 4754 1698 4809 illi
1731 4768 1891 4809 suum
1920 4750 2257 4806 desiderium
2284 4749 2575 4820 permittit.
2606 4748 2828 4818 ipsaque
2854 4747 2911 4801 in
2950 4743 3205 4800 omnibus
3232 4756 3292 4797 se
3317 4740 3489 4809 ipsam

257 4855 513 4925 abnegat,
544 4853 888 4923 propriaque
910 4852 1113 4907 mentis
1139 4848 1588 4904 inclinationibus
1610 4846 1757 4901 haud
1784 4844 2131 4914 obsequitur.

327 4950 421 5002 ΚΖ
440 4990 455 5005 .
500 4946 783 5000 Διδακτέον
834 4947 899 4998 ἐκ
922 4944 1388 5015 παραδείγματος,
1418 4941 1535 5002 πῶς
1561 4939 1830 5009 θελήματι

255 5040 377 5108 ίδίῳ
412 5037 822 5106 παραπόλλυται
851 5036 1160 5106 ἄνθρωπος.
1192 5035 1293 5088 Διά
1312 5033 1420 5103 γάρ
1453 5031 1673 5100 ἀγάπην
1690 5030 1834 5093 τινὸς

255 5130 367 5183 τῶν
402 5130 494 5182 τοῦ
528 5128 734 5199 κόσμου
756 5128 815 5181 ἐν
836 5145 895 5180 τε
929 5128 1064 5199 πυρὶ
1093 5125 1345 5196 βάλλεται
1382 5124 1479 5179 καὶ
1499 5126 1557 5178 ἐν
1581 5122 1830 5196 θαλάσσῃ

260 5218 561 5289 βυθίζεται,
586 5217 680 5270 καὶ
709 5215 1058 5286 αἰχμαλωσίᾳ
1096 5214 1289 5268 ἐαυτὸν
1318 5212 1651 5285 ἐμπαρέχειο
1697 5212 1831 5265 ὁπποο

259 5309 459 5363 κείσθω
489 5309 620 5377 γάρ,
655 5301 803 5361 οἶκόν
831 5307 1031 5377 τινοςῆ
1062 5305 1252 5374 ἀγρὸν,
1300 5304 1443 5359 οὓτω
1465 5303 1701 5373 ωμσάν,
1733 5319 1834 5357 κα·

258 5398 699 5469 ταπίμπρασθαι.
748 5398 805 5452 'O
853 5399 1033 5452 τοίνυν
1061 5396 1253 5451 ἐαυτὸν
1309 5396 1613 5467 περισῶσαι
1650 5393 1833 5466 βουλό-

261 5507 444 5560 μενος,
469 5489 542 5552 ὡς
566 5488 662 5542 τοῦ
681 5488 1014 5561 ἐμπρησμοῦ
1046 5488 1264 5559 ᾔσθετο,
1296 5487 1502 5558 γυμνὸς
1518 5486 1830 5556 ἐκπέφευγε

262 5584 479 5636 πάντων
507 5582 810 5650 ἀμελήσας,
841 5582 935 5636 καὶ
961 5583 1061 5653 τῆς
1100 5578 1296 5633 ἐαυτοῦ
1338 5578 1504 5650 μόνης
1529 5576 1704 5648 ψυχῆς
1737 5591 1831 5644 γε-

330 5810 368 5842 ¹¹
400 5806 599 5861 l’salm.
626 5822 713 5873 LII,
737 5804 789 5859 6.

2004 4935 2195 4990 XXVI.
2225 4932 2542 4989 Docendum
2589 4931 2647 4985 in
2697 4929 2969 4999 exemplo,
2995 4924 3271 4998 quomodo
3301 4923 3412 4987 tlat,
3440 4931 3501 4975 ut

1936 5035 2128 5098 pereat
2154 5027 2336 5089 homo,
2366 5038 2436 5079 eo
2468 5022 2615 5093 quod
2638 5021 2873 5091 propriae
2892 5019 3188 5073 obsecutus
3215 5014 3383 5070 fuerit
3413 5029 3511 5069 vu-

1938 5118 2169 5184 luntati;
2200 5124 2424 5187 propter
2462 5114 2613 5169 enim
2640 5112 2900 5167 affectum
2936 5108 3005 5163 ad
3030 5106 3237 5177 aliquid
3260 5121 3327 5161 ex
3353 5121 3511 5159 multo

1937 5208 2098 5263 danis
2128 5205 2396 5275 contingit
2416 5219 2543 5260 eum
2573 5210 2668 5257 aut
2696 5202 2751 5256 in
2784 5202 2965 5271 ignem
2997 5197 3218 5269 conjici,
3251 5204 3346 5250 aut
3369 5194 3507 5249 mari.

1939 5299 2205 5370 demergi,
2241 5297 2406 5368 188
2452 5306 2547 5351 aut
2598 5294 2653 5348 in
2686 5293 3062 5364 captivitatem
3091 5305 3150 5345 se
3183 5288 3363 5359 ipsqu
3398 5296 3513 5341 tra-

1940 5392 2092 5447 dere.
2125 5392 2389 5453 Ponatur,
2414 5389 2638 5443 domum
2662 5396 2758 5439 aut
2788 5384 2973 5439 villam
3010 5396 3138 5437 casu
3174 5380 3403 5436 fortuito
3431 5378 3515 5433 in-

1938 5480 2227 5539 flammari.
2256 5478 2359 5546 Qui
2381 5494 2513 5549 ergo
2542 5476 2707 5532 saluti
2746 5474 3035 5531 consulere
3068 5472 3304 5544 propria:
3330 5470 3515 5525 decre-

1938 5576 2039 5641 vit,
2086 5571 2351 5644 neglectis
2397 5570 2581 5627 statim
2625 5566 2884 5623 omnibus
2930 5565 3163 5636 aufugit,
3218 5562 3373 5635 quasi
3410 5557 3512 5634 qui
