4254 6358
751 383 854 446 887

2014 387 2074 445 S.
2115 385 2436 446 MACARII
2476 384 2799 447 EGYPTII

3910 378 4040 444 888

752 493 1068 549 incendium
1106 493 1217 561 jam
1262 491 1482 557 sentiat,
1502 506 1615 547 suae
1642 490 1804 546 unice
1831 491 1957 546 vitae
1990 507 2177 547 curam
2206 509 2323 548 ser-
2355 500 2400 554 Α
2427 496 2485 549 νό

2428 496 2669 565 νόμενος.
2707 496 2931 563 Ἕτερος
2952 494 3035 563 ιδέ
3059 494 3140 557 είς
3172 492 3297 547 νοῦν
3327 493 3479 564 αύτῷ
3512 492 3737 548 ἐπελθὸν
3760 490 3860 546 καί
3891 508 4034 543 τινα

751 586 941 639 vandae
973 584 1202 640 habens.
1236 585 1390 639 Alius
1418 591 1600 638 autem
1623 601 1808 638 amore
1836 585 2121 656 cujusdam
2157 586 2322 651 vasis,

750 683 810 729 ut
846 675 898 728 id
932 674 1162 729 ﬂammae
1188 675 1531 729 subtractum
1571 690 1757 729 secum
1798 675 2009 740 efferat,
2043 688 2321 742 moratur;

750 765 916 835 inque
945 766 1045 819 ista
1078 781 1229 818 mora
1265 774 1322 820 et
1362 775 1560 821 conatu
1595 766 2006 821 circumventus
2049 784 2076 817 ιι
2116 784 2325 837 praeva-

750 854 897 909 lente
934 856 1173 923 undique
1194 858 1317 925 igne
1352 857 1650 926 corripitur
1680 866 1735 911 et
1764 856 2131 911 comburitur.
2164 859 2327 914 Vides

753 955 813 999 ut
839 951 1061 1016 propria
1099 949 1381 1002 voluntate
1414 958 1470 1002 et
1497 964 1685 1004 amore
1713 949 2018 1019 cuiuspiam
2058 957 2329 1019 tempora-

750 1038 821 1092 lis
846 1040 946 1103 rei,
979 1055 1142 1109 quam
1185 1049 1384 1111 praeter
1418 1057 1495 1105 se,
1548 1042 1657 1095 imo
1701 1056 1867 1110 super
1890 1056 1948 1095 se
1993 1055 2059 1096 ac
2094 1041 2327 1096 salutem

751 1144 905 1183 suam
924 1130 1144 1185 videtur
1167 1132 1419 1202 diligere,
1448 1133 1569 1187 talis
1587 1131 1820 1185 ﬂammis
1839 1132 2167 1187 absumitur.
2194 1134 2328 1189 Aliis

752 1238 946 1277 rursus
974 1225 1026 1277 in
1054 1224 1397 1295 naufragium
1432 1224 1827 1283 incidentibus.
1860 1224 1907 1278 is
1940 1224 2162 1293 quidem
2207 1226 2329 1280 illo-

751 1327 874 1365 rum
895 1313 989 1381 qui
1026 1329 1246 1368 servare
1269 1330 1325 1367 se
1346 1315 1545 1383 ipsum,
1567 1320 1833 1381 quantum
1872 1324 2073 1383 potest,
2101 1316 2327 1371 omnino

750 1404 1060 1466 constituit,
1102 1407 1318 1459 cunctis
1341 1405 1630 1461 confestim
1660 1408 1909 1462 vestibus
1934 1409 2184 1479 abiectis,
2219 1428 2327 1465 nu-

750 1493 881 1547 dum
922 1510 980 1548 se
1008 1496 1063 1548 in
1088 1511 1286 1563 aquam
1311 1496 1498 1562 mittit,
1525 1508 1577 1551 et
1600 1498 1703 1552 hac
1737 1501 1946 1553 ratione
1974 1510 2149 1567 potest
2173 1518 2327 1557 suam

750 1601 1077 1641 conservare
1116 1590 1306 1643 vitam.
1358 1592 1428 1642 At
1482 1591 1757 1658 quispiam
1804 1608 1871 1646 ex
1918 1593 2057 1657 istis,
2120 1604 2325 1650 vestem

748 1692 1078 1731 conservare
1134 1679 1383 1748 cupiens,
1416 1679 1745 1735 absorbetur
1790 1681 2068 1747 ﬂuctibus,
2103 1692 2327 1754 propter

750 1767 859 1820 vile
892 1768 1126 1833 lucrum,
1156 1783 1189 1822 o
1220 1770 1527 1823 miseriam!
1559 1786 1616 1825 se
1638 1772 1814 1840 ipsum
1848 1773 2104 1841 perdens.
2134 1775 2327 1844 Finga-

752 1866 841 1911 tur
874 1860 1097 1920 iterum,
1126 1859 1393 1928 judicium
1447 1862 1680 1930 perferri
1728 1865 2052 1933 irruptionis
2090 1866 2325 1932 hostilis,

749 1956 803 2001 et
830 1950 1119 2017 quemdam
1154 1950 1338 2004 statim
1372 1967 1403 2004 a
1439 1954 1659 2023 cognito
1688 1956 1932 2023 periculo
1957 1957 2124 2025 pedes
2156 1958 2210 2010 in
2241 1957 2329 2012 fu-

2427 586 2536 639 τῶν
2565 586 2771 639 σκευῶν
2797 586 3024 651 ἐξελεῖν,
3045 586 3338 656 ὑπέμεινεν
3369 584 3500 658 ἆραι
3518 604 3532 618 ο
3556 587 3652 640 καὶ
3671 585 3747 648 ώς
3781 587 3842 637 ἐν
3860 583 4033 651 αὐτῷ

2426 676 2724 746 λαμῢάνειν
2758 678 2919 740 αὐτὸς
2947 672 3037 747 ἧν,
3068 680 3496 748 κατακρατῆσαν
3537 679 3638 749 ῆδη
3690 678 3794 745 τῆς
3825 676 4031 736 οἰκίας

2427 767 2487 818 τὸ
2516 766 2629 837 πῦρ
2680 766 2775 819 καὶ
2802 767 2964 819 αὑτὸν
2997 767 3258 821 συνέλαὸε
3304 768 3400 821 καὶ
3452 770 3811 821 κατέκαυσεν.
3846 765 4032 833 Ὁρᾷς

2428 858 2575 919 ὅπως
2618 858 2732 926 ίδίῳ
2759 856 3048 927 θελήματι,
3083 857 3236 928 φιλία
3282 860 3427 921 τινὸς
3460 859 3572 911 τῶν
3601 857 3967 927 προσκαίρων
3998 854 4031 905 ὃ

2428 950 2559 1017 παρ’
2590 950 2782 1002 ἑαυτὸν
2827 950 3077 1017 φαίνεται
3107 950 3427 1021 ἀγαπήσας,
3484 950 3566 1021 τῷ
3611 950 3747 1020 πυρὶ
3784 965 4030 1018 παραπ-

2428 1041 2615 1096 ώλετο.
2658 1042 2890 1113 Ἐτέρων
2918 1042 3079 1095 πάλιν
3121 1043 3362 1111 ναυαγίῳ
3393 1043 3818 1113 περιπεσόντων,
3850 1043 3881 1093 ὁ
3916 1040 4030 1109 μὲν

2431 1134 2624 1197 σώζειν
2682 1134 2874 1186 ἑαυτὸν
2906 1132 3248 1203 βουλόμενος,
3296 1133 3592 1185 ἀποδύεται
3649 1132 3745 1184 καὶ
3802 1128 4028 1197 γυμνὸς

2428 1229 2539 1287 τοῖς
2577 1225 2766 1278 ὕδασιν
2797 1225 3117 1292 ἐπαφίεται·
3166 1225 3261 1277 καὶ
3296 1222 3441 1277 οῦτω
3462 1223 3687 1275 δυνατὸν
3716 1219 3871 1291 αύτῷ
3930 1220 4028 1287 γί-

2428 1332 2579 1369 νεται
2635 1314 2733 1385 τὴν
2764 1315 2901 1368 ίδίαν
2948 1315 3253 1386 περισῶσαι
3308 1314 3512 1384 ψυχήν.
3560 1311 3619 1365 Ὀ
3652 1312 3709 1365 δὲ
3762 1312 3859 1364 καὶ
3899 1310 4024 1363 τῶν

2428 1409 2739 1478 ἐνδυμάτων
2768 1406 3128 1461 συνδιασῶσαί
3154 1424 3279 1459 τινα
3302 1406 3563 1476 θελήσας,
3592 1402 3700 1457 ὑπὸ
3743 1402 3853 1455 τῶν
3882 1402 4027 1455 ὑδά-

2428 1520 2535 1555 των
2564 1500 2997 1569 κατεδαπτίσθη,
3037 1502 3135 1553 καὶ
3176 1500 3265 1552 διά
3297 1498 3471 1568 βραχύ
3504 1516 3557 1551 τι
3586 1497 3798 1567 κέρδος,
3836 1496 3884 1548 ὣ
3915 1494 4027 1562 τῆς

2430 1593 2746 1663 συμφορᾶςι
2795 1591 2890 1643 καὶ
2940 1590 3133 1644 ἐαυτὸν
3194 1588 3600 1643 συναπώλεσεν.
3677 1587 3788 1640 Καὶ
3845 1585 4025 1638 πάλιν

2430 1682 2739 1737 ὑποκείσθω
2764 1682 2859 1735 καὶ⁵
2877 1682 3085 1753 ἐχθρῶν
3118 1698 3241 1734 τινα
3269 1680 3456 1749 ἔφοδον
3486 1675 3892 1749 παρηγγέλθαι.
3921 1676 4026 1728 καὶ

2427 1775 2489 1827 τὸ
2531 1774 2627 1844 μὲν
2660 1774 2776 1843 ἅμα
2806 1790 2866 1825 τε
2900 1772 3150 1836 ἀκοῦσαι,
3189 1772 3349 1834 εὐθὺς
3373 1772 3449 1834 ὼς
3477 1765 3589 1839 εἶχε
3618 1768 3798 1821 ποδῶν
3836 1769 4023 1833 ἐκφυ-

2431 1866 2569 1933 γεῖν,
2606 1862 2679 1933 μὴ
2706 1861 2943 1933 μελῆσαν
2974 1861 3123 1931 σύτῷ
3149 1861 3257 1914 τῶν
3290 1861 3518 1931 μηδενός
3538 1875 3552 1889 ’
3600 1858 3691 1911 τὸν
3722 1857 3781 1909 δὲ
3826 1856 4023 1909 διαπι-

2431 1956 2723 2024 στήσαντα,
2760 1956 2806 2007 εί
2851 1954 2946 2007 καὶ
2988 1952 3097 2005 τῶν
3124 1952 3468 2022 πραγμάτων
3512 1951 3634 2003 τινά
3675 1947 4022 2018 βουληθέντα

749 2052 870 2105 gam
893 2054 1055 2108 quam
1089 2050 1269 2110 potest
1300 2043 1700 2098 velocissimam
1735 2046 1888 2109 dare,
1919 2062 2173 2100 securum
2198 2049 2331 2103 reli-
2431 2066 2489 2102 συ

2431 2048 2844 2118 συνεκκομίσαι,
2872 2046 2991 2101 εἷτα
3023 2048 3471 2117 ἐφυστερήσαντα
3505 2041 3882 2112 συλληφθῆναι
3911 2056 4021 2091 κα-

749 2145 1008 2197 quorum,
1053 2143 1249 2202 praeter
1298 2150 1378 2200 se,
1424 2137 1692 2190 omnium.
1726 2139 1794 2191 At
1832 2139 1998 2193 alium
2030 2157 2139 2194 non
2181 2142 2333 2210 prius
2428 2158 2489 2193 τα

2428 2140 2771 2193 ταλαὸόντων
2806 2137 2912 2190 τῶν
2940 2137 3234 2206 πολεμίων.
3274 2135 3439 2206 Ὀρᾷς
3472 2135 3552 2187 ὅτι
3589 2132 3860 2201 θελήματί
3930 2149 4019 2191 τις

748 2222 891 2275 velle
939 2222 1148 2292 fugere,
1185 2242 1347 2294 quam
1394 2232 1688 2295 pecuniam
1728 2245 1914 2283 secum
1952 2231 2196 2296 auferat;
2234 2232 2330 2286 sed
2432 2232 2489 2285 ίδι

2432 2232 2545 2300 ίδίῳ
2571 2229 2637 2283 δι’
2660 2228 2939 2297 ἀμέλειαν,
2974 2229 3067 2279 καὶ
3094 2229 3155 2279 τὸ
3199 2223 3583 2296 προσηλῶσθαί
3635 2241 3745 2276 τισι
3778 2222 3890 2274 τῶν
3915 2221 4017 2274 τοῦ

751 2310 899 2365 hunc
932 2322 1276 2369 cunctantem
1297 2317 1511 2371 hostilis
1537 2336 1730 2374 manus
1747 2324 2143 2390 superveniens
2169 2340 2321 2378 com-
2430 2325 2489 2377 κό

2430 2325 2655 2393 κόσμου,
2692 2323 2789 2391 τήν
2812 2337 2873 2373 τε
2916 2317 3009 2373 τοῦ
3037 2319 3291 2390 σώματος
3320 2320 3415 2372 καὶ
3455 2320 3553 2389 τὴν
3582 2320 3681 2388 τῆς
3710 2316 3893 2386 ψυχῆς
3909 2318 4021 2368 ἁπ-

751 2405 1063 2472 prehendit.
1096 2408 1281 2472 Vides,
1314 2411 1594 2465 voluntate
1632 2414 1793 2467 istius
1831 2416 2077 2483 propria,
2103 2424 2160 2470 et
2189 2432 2320 2485 pro-
2428 2416 2489 2469 ώῖ

2428 2416 2623 2469 ώλειαν
2657 2414 2935 2483 ὑπομένει.

752 2505 875 2565 pter
932 2497 1300 2552 adhaesionem
1349 2501 1513 2555 nimis
1558 2502 1833 2557 addictam
1875 2505 2095 2559 cuidam
2147 2506 2549 2561 mundanarum
2592 2520 2802 2571 rerum,
2865 2504 3067 2559 misere
3107 2501 3263 2556 illum
3321 2509 3378 2555 et
3437 2499 3685 2569 corporis
3724 2507 3781 2552 et
3814 2496 4019 2551 anima:

753 2588 1164 2656 irreparabilem
1198 2591 1385 2646 subire
1415 2594 1705 2661 jacturam.
2478 2660 2489 2668 ,

824 2682 1033 2738 XXVII.
1070 2685 1234 2740 Pauci
1279 2689 1526 2756 profecto
1570 2700 1720 2755 sunt,
1772 2692 1867 2761 qui
1917 2693 2216 2762 perfectam
2257 2694 2325 2749 ad

2498 2694 2625 2747 KZ'.
2665 2691 2867 2758 Ὀλίγοι
2901 2690 3001 2759 μὶν
3060 2687 3303 2759 ἀτεχνῶς
3349 2690 3395 2741 οί
3452 2686 3665 2740 τελείαν
3716 2689 3817 2741 τὴν
3874 2688 4021 2760 πρὸς

753 2772 926 2826 Deum
969 2775 1293 2832 cbaritatem
1349 2780 1619 2848 habeant;
1659 2784 1752 2852 qui
1797 2800 1993 2839 omnes
2018 2786 2328 2856 voluptates
2429 2786 2489 2839 Θε

2429 2786 2562 2839 Θεὸν
2587 2783 2807 2852 ἀγάπην
2837 2781 3192 2851 κτησάμενοι,
3234 2780 3414 2842 πάσας
3440 2795 3500 2831 τε
3528 2778 3722 2849 ἡδονάς
3778 2779 3873 2832 τοῦ
3917 2781 4019 2833 x6-

757 2867 947 2920 mundi
970 2878 1026 2921 et
1048 2884 1240 2925 omnes
1277 2872 1610 2941 cupiditates
1645 2878 1803 2931 nihili
1832 2879 2069 2944 ducant;
2100 2881 2194 2949 qui
2234 2880 2329 2935 de-
2430 2895 2489 2947 at

2430 2894 2592 2947 σμου,
2622 2874 2717 2927 καὶ¹
2754 2875 2853 2936 τάς
2883 2872 3179 2942 ἐπιθυμίας
3210 2871 3271 2923 τὺ
3320 2870 3490 2941 μηθὲν
3526 2870 3889 2939 λογιζόμενοι,
3923 2875 4021 2925 καὶ⁵

754 2955 923 3026 nique
966 2974 1157 3014 omnes
1206 2964 1429 3033 maligni
1470 2968 1800 3023 tcntatioues
1829 2971 2058 3038 patienti
2084 2972 2328 3041 longani-

2428 2971 2551 3031 τοὺς
2573 2966 2666 3020 τοῦ
2688 2963 2925 3036 πονηροῦ
2957 2966 3297 3036 πειρασμοῦς
3332 2966 3587 3033 φέροντες
3617 2964 4015 3034 μακροθύμως.

756 3050 947 3105 mitate
970 3052 1275 3120 perferant.
1308 3055 1585 3111 Caeterum
1634 3074 1744 3114 non
1784 3061 1854 3115 ob
1894 3063 1999 3116 hoc
2026 3061 2326 3130 desperan-
2355 3096 2397 3155 ρ
2430 3060 2489 3112 II?

2430 3059 2576 3129 Πλὴν
2602 3058 2663 3111 οὺ
2709 3056 2858 3126 παρά
2887 3056 3045 3109 τοῦτο
3070 3054 3471 3123 ἀπογνωστέον,
3513 3053 3636 3107 ούδέ
3665 3054 3761 3123 τῆς
3798 3054 4019 3124 ἀγαθῆς

756 3140 922 3206 dum;
974 3158 1153 3212 neque
1199 3145 1342 3200 bona
1374 3163 1499 3217 spes
1522 3150 1844 3220 negligenda
1880 3163 1985 3207 est.
2022 3153 2139 3209 Etsi
2179 3154 2328 3208 enim

758 3233 945 3286 multa
997 3249 1163 3289 naves
1218 3238 1566 3308 naufragium
1622 3244 1928 3310 patiantur;
1982 3253 2112 3298 sunt
2151 3253 2331 3299 tamen

758 3322 988 3374 omnino
1023 3337 1131 3376 non
1158 3340 1377 3392 paucae,
1399 3343 1521 3395 qua!
1553 3327 1700 3383 felici
1735 3332 1961 3399 trajectu
1993 3342 2212 3399 portum
2254 3340 2335 3387 te-

760 3421 915 3468 nent.
948 3414 1244 3482 Propterea
1278 3415 1384 3470 fide
1412 3418 1574 3473 nobis
1613 3418 1664 3471 in
1688 3420 1883 3488 primis
1914 3436 2081 3490 Opus;
2115 3424 2333 3493 patien-

762 3505 945 3572 tiaque
974 3512 1027 3558 et
1059 3507 1402 3573 attentione;
1430 3524 1695 3577 generoso
1734 3526 1953 3579 quoque
1995 3512 2049 3565 in
2083 3514 2336 3567 certami—

762 3594 927 3648 nibus
952 3596 1172 3659 animo;
1216 3612 1280 3651 ac
1315 3608 1581 3667 praeterea
1622 3598 1765 3655 fame
1809 3616 1873 3655 ac
1918 3602 2006 3655 siti
2051 3602 2333 3667 bonitatis,

764 3684 927 3738 simul
978 3701 1102 3739 cum
1149 3689 1320 3743 multa
1356 3690 1648 3758 prudentia
1682 3700 1736 3745 et
1778 3693 2147 3759 discretione;
2204 3697 2337 3764 quin

765 3788 821 3834 et
863 3781 1161 3836 acrimonia
1196 3792 1253 3837 et
1298 3784 1636 3853 impudentia
1677 3788 1731 3840 in
1773 3791 2027 3857 petendo.
2059 3790 2192 3844 Nam
2224 3793 2341 3860 ple-

766 3873 925 3941 rique
960 3873 1265 3939 hominum,
1298 3884 1357 3929 nt
1379 3876 1637 3943 diximus,
1666 3879 1784 3933 sine
1810 3882 1996 3935 labore
2028 3897 2092 3935 ac
2138 3882 2339 3937 sudore

768 3966 1031 4034 consequi
1070 3982 1297 4035 regnum
1330 3968 1597 4023 caelorum
1628 3972 1858 4025 volunt:
1893 3981 1947 4025 et
1970 3982 2184 4029 sanctos
2214 3975 2339 4042 qui-

768 4056 893 4111 dem
934 4057 1083 4111 viros
1106 4056 1294 4111 felices
1324 4061 1621 4127 pradicant
1652 4081 1664 4116 :
1695 4064 2070 4133 honoremque
2097 4066 2341 4134 ipsorum

769 4164 835 4203 ac
884 4148 1219 4202 charismata
1278 4153 1709 4220 concupiscunt;
1765 4154 1981 4223 parium
2041 4172 2174 4211 vero
2216 4172 2341 4211 cum

2432 3153 2646 3215 ἐλπίδος
2668 3148 2992 3221 ἀμελητέον.
3017 3147 3135 3202 Κᾶν
3162 3148 3271 3217 γάρ
3297 3148 3467 3201 πολλά
3504 3148 3611 3200 τῶν
3655 3147 3857 3200 πλοίων
3878 3148 4019 3201 ὑπο-

2437 3247 2571 3315 μένῃ
2599 3244 2887 3311 ναυάγιον·
2920 3240 3033 3316 ἀλλ’
3061 3241 3167 3293 eici
3203 3240 3422 3302 πάντως
3454 3239 3489 3293 ἃ
3519 3239 3613 3293 καὶ
3647 3240 4015 3309 διαπερῶντα,

2434 3336 2526 3390 τοῦ
2556 3336 2774 3404 λιμένος
2798 3332 3252 3403 ἐπιλαμϐάνεται.
3288 3332 3386 3384 Διά
3416 3330 3573 3383 τοῦτο
3622 3331 3859 3393 πίστεως
3887 3334 4019 3401 ἡμῖν

2436 3426 2605 3493 πολλὴ
2630 3424 2812 3495 χρεία,
2834 3422 3114 3491 ὑπομονῆς
3132 3439 3189 3474 τε
3217 3422 3309 3474 καὶ
3336 3421 3611 3491 προσοχῆς
3638 3421 3734 3473 καὶ
3754 3421 3981 3487 ἀγώνων
4001 3438 4015 3451 ·

2437 3520 2574 3587 πρδς
2603 3519 2658 3570 δέ
2681 3516 2871 3585 πείνης
2893 3533 2952 3567 τε
2974 3515 3068 3567 καὶ
3094 3515 3253 3584 δίψης
3280 3513 3373 3566 τοῦ
3408 3513 3638 3581 ἀγαθοῦ,
3702 3514 3845 3566 κατά
3892 3515 4020 3567 πολ-

2437 3611 2534 3682 λὴν
2564 3610 2778 3662 σύνεσιν
2812 3608 2902 3661 καὶ
2930 3608 3230 3676 διάκρισιν·
3256 3606 3316 3657 οὑ
3354 3606 3459 3676 μὴν
3486 3605 3619 3658 ἀλλά
3647 3608 3740 3658 καὶ
3761 3606 4021 3674 ὀξύτητός

2439 3718 2497 3753 τε
2545 3700 2638 3753 καὶ
2672 3698 2945 3760 ἀναιδείας
2999 3698 3129 3767 περὶ
3156 3698 3253 3765 τὴν
3301 3698 3535 3765 αἴτησιν.
3570 3699 3631 3749 Oi
3664 3697 3771 3765 γὰρ
3803 3696 4021 3759 πλείους

2440 3792 2547 3843 τῶν
2589 3788 2913 3859 ἀνθρώπων,
2960 3786 3149 3856 ῶσπερ
3178 3786 3516 3856 προέφημεν,
3578 3787 3847 3855 καμάτων
3894 3787 4019 3838 ἀνευ

2442 3883 2535 3935 καὶ
2564 3880 2802 3950 ἱδρώτων
2837 3879 2934 3947 τῆς
2969 3877 3243 3946 βασιλείας
3266 3878 3541 3946 ἐπιτυχεῖν
3571 3876 3853 3945 βούλονται
3876 3893 3890 3907 ⁸
3926 3880 4020 3929 καὶ

2443 3977 2565 4037 τοὺς
2594 3973 2691 4043 μὲν
2715 3971 2902 4038 ἁγίους
2936 3968 3329 4039 μακαρίζουσιν
3360 3967 3579 4037 ἄνδρας,
3617 3969 3711 4019 xui
3737 3971 3834 4036 τῆς
3858 3967 4021 4035 τιμῆς

2444 4063 2622 4115 αὐτῶν
2654 4062 2745 4113 καὶ
2767 4058 2874 4111 τῶν
2902 4058 3257 4126 χαρισμάτων
3295 4054 3646 4123 ἐπιθυμοῦσι,
3682 4054 3789 4106 τῶν
3817 4054 3945 4105 ῐσων
3964 4054 4019 4105 δὲ

2444 4155 2674 4223 θλίψεων
2722 4154 2929 4217 αὐτοῖς,
2953 4150 3061 4201 τῶν
3103 4150 3280 4201 πόνων
3318 4164 3377 4200 τε
3425 4148 3519 4199 καὶ
3554 4148 3662 4199 τῶν
3682 4147 4021 4215 παθημάτων

772 4244 905 4312 ipsis
926 4240 1367 4305 tribulationum,
1390 4245 1643 4297 laborum
1683 4254 1738 4299 et
1772 4247 2086 4314 passionum
2122 4264 2345 4303 consor—
2444 4248 2489 4298 οι

2444 4248 2504 4298 οὐ
2530 4244 2806 4314 βούλονται
2840 4243 3134 4295 κοινωνεῖν.
3164 4241 3365 4292 Τούτου
3396 4240 3448 4291 δέ
3480 4240 3700 4303 πάντες,
3742 4241 3836 4290 καὶ
3893 4240 4020 4305 πόρ-

771 4344 852 4391 tes
887 4336 1003 4391 fieri
1026 4348 1283 4392 renuunt.
1317 4338 1420 4391 Sed
1456 4337 1601 4390 istud
1628 4346 1911 4399 omnes,et
1945 4339 2262 4393 meretrices
2290 4348 2345 4394 et
2447 4352 2489 4387 νε

2447 4334 2636 4388 ναίκαὶ
2648 4333 2873 4385 τελῶναι
2897 4331 2989 4383 καὶ
3011 4330 3115 4391 πᾶς
3132 4346 3214 4389 τις
3234 4328 3331 4381 ἀνθ
3342 4328 3536 4397 ρώπων
3570 4327 3725 4379 ἐπιθυ
3735 4330 3846 4396 μεῖ.
3867 4328 4020 4379 Ἀλλά

771 4428 1053 4497 publicani
1088 4430 1339 4497 cupiunt.
1378 4428 1540 4496 Atqui
1592 4437 1820 4497 propter
1879 4428 1983 4482 hoc
2016 4430 2344 4485 tcntatioues
2375 4486 2411 4497 ᾳ
2442 4428 2489 4479 δι

2442 4427 2529 4479 διὰ
2571 4424 2728 4477 τοῦτο
2749 4421 3043 4492 πειρασμοὶ
3069 4420 3383 4489 πρόκεινται
3428 4421 3522 4472 καὶ
3565 4419 3901 4488 δοκιμασίαι,
3939 4421 4019 4471 ἵνα

770 4519 1066 4588 proposita:
1091 4528 1219 4573 sunt
1247 4528 1303 4573 et
1318 4519 1709 4588 probationes;
1742 4526 1802 4572 ut
1833 4534 1928 4587 per
1950 4535 2043 4572 eas
2060 4529 2336 4589 appareat,

770 4611 995 4678 quinam
1027 4626 1155 4665 vere
1210 4626 1369 4665 suum
1405 4611 1653 4679 ipsorum
1685 4610 1975 4665 Dominum
2000 4610 2251 4680 diligant,
2286 4620 2343 4665 et

772 4712 833 4757 ut
865 4702 921 4756 hi
940 4703 1087 4771 juste
1114 4713 1522 4772 consequantur
1557 4704 1781 4757 cmleste
1806 4718 2058 4773 regnum.

842 4795 1080 4850 XXVIII.
1128 4795 1554 4858 Aﬂlictionibus,
1585 4795 1955 4863 passionibus,
1986 4794 2247 4865 patientia
2288 4801 2344 4848 et

774 4887 881 4942 fide
911 4885 1260 4939 absconditas
1295 4900 1415 4939 esse
1445 4886 1840 4954 promissiones
1877 4896 2029 4954 puta,
2061 4886 2345 4955 ipsamque

773 4978 1021 5047 gloriam,
1057 4990 1119 5028 ac
1141 4974 1415 5028 bonorum
1454 4974 1759 5027 caelestium
1792 4974 2132 5027 fruitionem.
2157 4975 2343 5039 Quan-

774 5066 1070 5135 doquidem
1091 5073 1147 5119 et
1167 5066 1373 5134 jactum
1408 5063 1464 5116 in
1492 5071 1692 5117 terram
1730 5064 1987 5118 frumenti
2018 5080 2267 5134 granum,
2290 5073 2346 5119 et

775 5158 1001 5212 insitum
1044 5156 1259 5209 arboris
1292 5156 1595 5219 surculum,
1636 5170 1857 5209 necesse
1894 5164 1977 5208 est
2005 5164 2342 5224 putrescere,

774 5259 829 5302 et
865 5247 1226 5317 ignominiose
1274 5245 1592 5314 procidere;
1627 5254 1683 5298 et
1711 5247 1789 5299 sic
1820 5246 2042 5299 demum
2084 5246 2350 5314 multipli-

776 5354 896 5393 cem
951 5336 1283 5390 ornatissimi
1313 5337 1397 5390 sui
1458 5336 1762 5389 indumenti
1789 5336 2027 5389 fructum
2079 5337 2345 5405 recipere.

774 5428 891 5485 Nisi
936 5429 1081 5483 enim
1130 5444 1228 5498 per
1270 5426 1416 5480 illam
1466 5427 1838 5495 putrediuein,
1886 5442 1982 5495 per
2029 5426 2147 5481 illas
2199 5428 2349 5481 velut

776 5520 1103 5590 ignominias
1142 5518 1483 5579 transierint,
1506 5533 1784 5586 nunquam
1817 5533 1942 5571 eum
1970 5519 2222 5573 ultimum
2256 5519 2351 5573 de-

776 5628 981 5676 corem,
1010 5626 1289 5681 nunquam
1309 5611 1617 5680 speciosam
1647 5610 1791 5662 illam
1818 5624 2073 5679 pompam
2106 5612 2207 5665 sibi
2236 5611 2341 5665 οἰτ-

776 5703 1117 5766 cumdarent,
1145 5719 1251 5772 qua
1274 5718 1333 5757 se
1368 5708 1667 5757 ostentant.
1710 5700 1769 5753 In
1822 5702 1925 5755 hac
1963 5703 2185 5771 quidem
2227 5719 2353 5757 sen-

779 5796 947 5851 tentia
999 5796 1287 5864 Apostolus
1329 5805 1413 5850 est
1467 5810 1477 5845 :
1525 5791 1629 5845 Pcr
1683 5792 1875 5846 multas
1931 5794 2100 5860 enim,
2142 5794 2340 5865 inquit,

2443 4518 2590 4586 δῆλοι
2619 4516 2904 4583 γένωνται,
2940 4512 3082 4573 τίνες
3126 4511 3175 4563 οἳ
3212 4510 3345 4578 πρὸς
3383 4510 3641 4579 ἀληθειαν
3680 4511 3770 4562 τὸν
3819 4511 4018 4562 ἑαυτῶν

2441 4609 2734 4676 ἠγάπησαν
2783 4604 3088 4671 Δεσπότην⁹
3136 4601 3233 4654 καὶ
3290 4595 3708 4664 δικαίωςῒοῦτοι
3760 4600 3859 4670 τῆς
3915 4602 4017 4654 τῶν

2443 4697 2706 4765 οὐρανίων
2731 4694 3025 4761 ἐπιτύχωσι
3057 4692 3352 4761 βασιλείας.

2517 4784 2652 4840 ΚΗ.
2673 4787 2804 4846 Ταῖς
2839 4784 3070 4853 θλίψεσι,
3106 4785 3200 4837 καὶ
3240 4785 3352 4846 τοῖς
3379 4782 3684 4853 παθήμασι,
3721 4786 3785 4853 τῇ
3827 4784 4018 4853 ὑπομο-

2445 4883 2509 4950 νῇ
2536 4897 2594 4932 τε
2623 4878 2717 4932 καὶ
2736 4878 2915 4930 πίστει
2940 4874 3309 4945 ἐγκεκρύφθαι
3337 4874 3526 4945 νόμιζε
3545 4874 3641 4938 τάς
3671 4876 4015 4943 ἐπαγγελίας,

2446 4972 2615 5041 αὑτήν
2638 4987 2699 5023 τε
2724 4970 2790 5040 τῆ
2812 4969 3019 5032 νδόξαν,
3038 4968 3133 5038 τὴν
3162 4969 3266 5021 τῶν
3293 4969 3557 5038 οὐρανίων
3583 4968 3800 5037 ἀγαθῶν
3821 4969 4015 5037 ἀπόλη-

2445 5064 2565 5134 ψιψ
2599 5064 2719 5114 ἐπεὶ
2739 5062 2936 5113 καὶτὸν
2962 5060 3317 5130 ῥιπτούμενον
3348 5064 3412 5131 τῇ
3442 5063 3510 5131 γῇ
3544 5064 3709 5125 σῖτον,
3754 5062 3785 5130 ἢ
3819 5064 3911 5113 καὶ
3961 5062 4016 5112 τὸ

2446 5154 2659 5223 δένδρον
2689 5154 2830 5223 φημὶ
2858 5152 2918 5203 τὸ
2936 5151 3436 5221 ἐγκεντριζόμενον,
3467 5152 3679 5221 ἀνάγκη
3713 5152 3873 5220 σήψει
3897 5152 4017 5221 πρό-

2447 5264 2602 5316 τερον
2632 5246 2725 5298 καὶ
2752 5245 2943 5313 ἀτιμίᾳ
2994 5246 3312 5295 ὑποπεσεῖν·
3355 5246 3448 5295 καὶ
3505 5243 3647 5295 οὕτω
3687 5242 3780 5295 τοῦ
3824 5245 4015 5312 εὐπρε-

2451 5336 2587 5399 ποῦς
2611 5334 2777 5389 αὑτοῦ
2810 5336 3109 5403 ἐνδύματος
3130 5333 3221 5385 τὸν
3242 5333 3639 5386 πολλαπλάσιον
3662 5333 3871 5402 καρπὸν
3892 5335 4015 5385 ἀπο-

2448 5427 2652 5481 λαϐεῖν.
2684 5426 2748 5478 Ei
2772 5425 2847 5495 μὴ
2874 5424 2981 5494 γὰρ
3012 5424 3099 5476 διὰ
3121 5425 3218 5492 τῆς
3259 5423 3474 5493 σήψεως
3506 5424 3730 5493 ταύτης,
3761 5424 4016 5476 κάκείνων

2450 5518 2556 5570 τῶν
2579 5517 2767 5587 ῶσπερ
2801 5516 3012 5583 ἀτίμων
3074 5515 3302 5567 διελθεῖν
3339 5516 3520 5578 αὐτοῖς
3548 5516 3791 5582 γέγονεν,
3830 5518 3929 5569 ούκ
3957 5517 4016 5569 ἂν

2451 5608 2549 5678 τὴν
2572 5610 2809 5676 ἐσχάτην
2833 5606 3190 5675 εὐπρέπειαν,
3234 5606 3327 5658 καὶ
3347 5607 3407 5657 τὸ
3426 5607 3525 5675 τῆς
3551 5606 3679 5669 θέας
3702 5606 4014 5669 κάλλοςιπε-

2456 5700 2816 5769 ριε6ἀλ).οντο.
2851 5697 3019 5749 Τοῦτο
3046 5697 3102 5749 δὲ
3134 5699 3225 5749 καὶ
3252 5696 3328 5765 τῷ
3372 5697 3679 5764 Ἀποστόλῳ
3725 5697 3900 5749 δοκεῖ⁴
3926 5697 4017 5751 Διὰ

2453 5787 2697 5845 πολλῶν
2728 5787 2853 5859 γὰρ,
2878 5788 3030 5857 φησῖ,
3061 5789 3327 5855 θλίψεων
3360 5787 3453 5841 δεῖ
3476 5787 3626 5856 ἡμᾶς
3657 5790 3740 5852 εὶς
3768 5787 3881 5854 τὴν
3918 5789 4016 5851 ,ϐα-
