4254 6358
1232 405 1465 468 LIBER
1502 405 1601 469 DE
1640 408 2123 470 ELEVATIONE
2159 409 2469 472 MENTIS.

3391 403 3500 467 890

237 518 484 569 σιλϐιαν
508 509 618 565 τοῦ
643 509 792 569 θεοῦ
822 511 1149 567 εἰσελθεῖν·
1182 489 1325 568 καὶ-ὁ
1342 514 1548 586 Κύριος
1569 532 1586 550 ο
1622 516 1725 570 Ἕν
1741 515 1816 585 τῇ
1847 524 1894 578 Α

1847 524 1894 578 Α
1921 518 2291 574 tribulationes
2310 526 2514 591 oportet
2534 534 2628 573 nos
2662 519 2869 572 intrare
2884 518 2939 572 in
2971 532 3193 587 regnum
3218 513 3318 569 Dei
3342 516 3403 569 ".
3437 514 3504 570 Et

237 600 525 673 ὑπομονῇ
567 602 735 671 ὑμῶν
774 602 1077 669 κτήσεσθε
1096 604 1204 671 τὰς
1223 606 1428 675 ψυχὰς
1468 606 1639 677 ὑμῶν
1655 624 1671 640 ο
1705 608 1821 675 καὶ,

251 692 358 745 Ἐγ
393 688 477 755 τῷ
497 692 705 759 κόσμῳ
729 691 946 760 θλίψιν
965 692 1155 757 ἕξετε.

316 780 450 837 ΚΘ.
488 781 759 845 Ἕκαστος
789 783 945 854 ὑμῶν
982 785 1217 857 ὅσονπερ
1254 785 1322 841 ἂν
1359 787 1724 861 καταξιωθείη
1754 793 1822 863 τῇ

247 889 309 925 τε
336 871 522 925 πίστει
573 872 669 926 καὶ
713 875 780 944 τῇ
834 875 1035 946 σπουδῇ
1083 877 1310 949 μέτοχος
1360 879 1518 948 ἁγίου
1572 882 1824 950 γενέσθαι

249 961 591 1032 Πνεύματος,
634 962 893 1017 τοσοῦτον
929 965 1148 1036 ἐκείνης
1176 971 1275 1039 τῆς
1309 969 1524 1040 ἡμέρας
1564 969 1819 1041 δοξασθή-

244 1070 402 1106 σεται
428 1052 595 1107 αὐτοῦ
630 1055 724 1107 καὶ
760 1055 823 1109 τὸ
851 1056 1029 1127 σῶμα.
1066 1059 1133 1110 '0
1164 1059 1273 1130 γάρ
1311 1060 1406 1115 νῦν
1438 1060 1587 1116 ἔνδον
1618 1062 1826 1132 ἀπεθη-

246 1144 477 1215 σαύρισε
504 1148 571 1215 τῇ
611 1146 781 1217 ψυχῇ,
814 1147 935 1201 τότε
987 1149 1084 1204 καὶ
1130 1151 1286 1214 ἐκτὸς
1330 1152 1422 1206 ἐπὶ
1447 1153 1544 1208 τοῦ
1575 1154 1826 1224 σώματος

244 1237 769 1308 ἀποκαλυφθήσεται
795 1253 810 1268 ’
839 1240 935 1294 καὶ
968 1241 1031 1295 τὸ
1058 1243 1404 1315 παράδειγμά
1425 1264 1591 1316 φησιν
1625 1250 1690 1300 ὲκ
1716 1248 1825 1301 τῶν

245 1326 503 1396 δένδρων.
534 1327 818 1397 Χειμῶνος
846 1330 954 1401 γὰρ
988 1331 1369 1401 παρελθόντος,
1403 1335 1497 1389 καὶ
1528 1335 1676 1406 ήλίου
1700 1353 1827 1403 φαι-

246 1416 506 1488 δρότερόν
530 1433 589 1470 τε
617 1417 713 1471 καὶ
739 1419 1105 1492 ἀκμαιότερον
1127 1422 1556 1493 ἐπιλάμψαντος,
1585 1425 1661 1486 ὡς
1684 1426 1821 1492 δέον,

249 1507 347 1559 καὶ
379 1506 598 1576 ἀνέμων
624 1507 1089 1579 ἔπιπνευσάντων,
1115 1512 1318 1569 ἔσωθεν
1347 1516 1529 1569 ἐκεῖνα
1560 1516 1703 1585 φύει,
1734 1519 1826 1571 καὶ

250 1596 328 1659 ὡς
356 1596 655 1666 ἐνδύματα,
686 1599 863 1667 φύλλα
887 1602 981 1654 καὶ
1018 1602 1088 1657 τὰ
1113 1603 1273 1674 ἄνθη,
1306 1606 1401 1659 καὶ
1421 1608 1547 1671 τοὺς
1583 1609 1827 1678 καρποὺς

253 1687 661 1759 περιϐάλλεται.
698 1691 1100 1763 Παραπλησίως
1125 1694 1181 1747 δὲ
1210 1694 1305 1749 καὶ
1323 1698 1417 1750 τοῦ
1440 1698 1635 1769 χόρτου
1666 1699 1827 1763 ἄνθος

248 1780 373 1833 κατ’
403 1780 580 1833 ὲκεῐνο
610 1781 803 1850 καιροῦ
830 1782 938 1835 τῶν
968 1784 1181 1839 κόλπων
1227 1787 1329 1855 τῆς
1361 1788 1465 1858 γῆς
1496 1789 1825 1855 ἀναδίδοται,

1923 610 2190 666 Dominus
2227 630 2240 666 :
2298 613 2364 667 In
2396 612 2657 682 patientia
2703 618 2881 666 vestra
2928 609 3251 682 possidebitis
3296 611 3507 664 animos

1924 707 2144 754 uestras.
2180 700 2283 754 Et:
2316 700 2381 755 In
2410 701 2602 753 mundo
2635 700 3028 753 tribulationem
3059 697 3309 752 habebitis
3347 698 3410 752 ".

1999 789 2577 861 189XXIX.Quanta
2596 791 2975 860 unusquisque
2990 802 3234 844 vestrum
3257 788 3363 843 ﬁde
3380 788 3509 843 dili-

1924 883 2216 953 gentiaque
2242 882 2439 952 dignus
2459 882 2628 936 fuerit
2659 882 2883 937 habitus
2905 882 3081 937 sancti
3113 880 3233 937 ﬁeri
3257 880 3498 951 Spiritus

1925 972 2225 1041 particeps,
2263 978 2413 1025 tanta
2446 972 2552 1041 ipsi
2587 987 2846 1026 mensura
2892 971 3079 1042 gloriae
3120 972 3403 1041 continget
3448 971 3503 1025 in

1926 1064 2016 1119 illa
2047 1064 2474 1120 resurrectionis
2526 1065 2616 1119 die
2646 1078 2848 1134 corpus
2875 1065 2996 1136 ejus
3038 1062 3313 1119 coronari.
3348 1060 3506 1129 Quod

1925 1156 2073 1211 enim
2098 1170 2248 1210 nunc
2288 1156 2509 1227 collegit
2540 1156 2595 1211 in
2632 1156 2835 1221 anima,
2861 1166 2991 1210 tunc
3019 1154 3267 1210 exterius
3294 1154 3506 1209 revela-

1928 1258 2041 1303 tum
2070 1248 2356 1318 apparebit
2388 1248 2443 1302 iu
2474 1262 2733 1317 corpore;
2765 1247 2921 1317 cujus
2962 1245 3117 1315 quasi
3158 1245 3507 1314 experimen-

1927 1348 2043 1395 tum
2078 1349 2173 1394 aut
2194 1340 2505 1410 exemplum
2546 1337 2663 1408 spei
2697 1350 2896 1406 capere
2926 1336 3057 1390 licet
3079 1349 3149 1390 ex
3189 1334 3503 1389 arboribus.

1926 1430 2117 1485 Hieme
2146 1430 2419 1500 siquidem
2448 1430 2555 1499 jam
2586 1434 2882 1490 transacta,
2911 1435 2967 1481 et
3008 1424 3249 1480 latiores
3275 1423 3505 1477 calidio-

1928 1535 2126 1590 resque
2150 1520 2352 1590 passim
2388 1517 2738 1572 diﬁ‘uudente
2775 1515 2961 1570 radios
2992 1514 3139 1579 sole;
3172 1527 3256 1575 ac,
3281 1526 3380 1581 pro
3407 1511 3509 1564 mi-

1928 1609 2054 1663 tiori
2099 1610 2354 1665 videlicet
2418 1616 2744 1678 tempestate
2787 1605 2940 1669 anni,
2991 1604 3172 1658 ventis
3222 1602 3505 1667 ﬂantibus,

1929 1698 2159 1753 trudunt
2212 1698 2320 1751 illa:
2365 1696 2513 1752 foras
2558 1695 2687 1750 folia
2742 1706 2797 1750 et
2841 1694 3008 1749 ﬂores
3037 1702 3093 1749 et
3155 1693 3368 1747 fructus
3418 1692 3506 1746 in-

1929 1796 2136 1859 duunt;
2156 1793 2407 1847 similiter
2422 1801 2478 1846 et
2504 1790 2604 1845 ﬂos
2628 1789 2759 1845 faeni
2784 1805 2881 1860 per
2901 1790 3045 1843 idem
3078 1798 3294 1858 tempus
3324 1803 3355 1843 e
3382 1787 3507 1841 sinu

249 1872 349 1923 καὶ
397 1872 658 1924 σκέπεται
704 1872 915 1937 τούτοις
953 1874 1026 1944 γῆ
1052 1892 1067 1908 ·
1120 1876 1217 1931 καὶ
1256 1877 1332 1941 ὡς
1371 1879 1652 1950 ἑμπρεπὲς
1687 1881 1828 1935 αὐτὰ
1862 1872 1902 1926 Β

1827 1925 1828 1931 η
1862 1872 1902 1926 Β
1933 1888 2148 1943 telluris
2199 1885 2491 1956 germinat,
2528 1884 2840 1953 tegiturque
2894 1883 3003 1936 illis
3050 1889 3219 1944 terra,
3253 1887 3310 1934 et
3337 1878 3507 1933 veluti

247 1961 598 2030 περιϐόλαιον
639 1963 1021 2032 ἀμφιέννυται.
1068 1967 1176 2019 Καὶ
1204 1969 1311 2038 γὰρ
1348 1970 1825 2041 ἑνδοξασθήσονται

248 2050 319 2103 δι’
341 2050 507 2103 αὑτοῦ
536 2051 629 2105 τοῦ
672 2052 782 2105 ἀπό
817 2068 881 2120 γε
908 2054 1003 2107 τοῦ
1038 2053 1133 2108 νῦν
1162 2056 1560 2127 ἐνυπάρχοντος
1584 2059 1826 2131 ἀρρήτου

251 2143 451 2209 φωτὸς,
483 2143 581 2196 εἶτ’
613 2144 704 2197 οὖν
752 2144 829 2214 (2)
875 2148 974 2215 τῆς
1009 2145 1102 2199 τοῦ
1150 2147 1467 2217 Πνεύματος
1509 2150 1825 2221 δυνάμεως*

250 2237 394 2303 ὅπερ
423 2234 518 2287 καὶ
559 2233 683 2288 τότε
713 2235 867 2288 ἔσται
897 2236 1078 2301 αὐτοῖς
1107 2236 1333 2309 ἔνδυμα,
1388 2238 1611 2311 βρῶσις,
1649 2242 1826 2310 πόσις,

250 2324 647 2397 ἀγαλλιασμδς,
683 2326 847 2398 χαρὰ,
887 2328 1105 2401 εἰρήνη,
1146 2331 1243 2384 καὶ
1296 2331 1356 2385 τὸ
1388 2333 1516 2398 πᾶν,
1544 2331 1657 2404 ζωὴ
1699 2333 1829 2388 αἰώ-

252 2433 390 2482 νιος.

336 2606 381 2636 "
409 2606 529 2661 Act.
558 2623 665 2673 xw,
700 2608 790 2662 21.
869 2611 912 2642 ¹³
944 2609 1081 2666 Luc.
1114 2628 1224 2678 ut,
1251 2614 1305 2669 9.

332 2761 411 2835 (2)
448 2761 558 2817 Εἶτ’
600 2756 739 2837 οὖν.]
794 2764 848 2819 ld
901 2781 1033 2822 vero
1092 2767 1148 2821 in
1187 2767 1389 2822 mendo
1440 2766 1642 2823 cubare
1674 2766 1912 2825 videtur.

1934 1980 2135 2035 decoro
2168 1978 2336 2049 pallio
2370 1976 2628 2031 amicitur
2659 1995 2672 2029 :
2710 1976 2777 2029 ad
2836 1975 2987 2029 hunc
3022 1974 3247 2028 modum
3298 1982 3355 2027 et
3382 1988 3511 2026 eor-

1932 2085 2067 2140 pora
2105 2076 2422 2124 sanctorum
2479 2076 2609 2121 tunc
2658 2065 3047 2135 splendcbunt,
3087 2064 3234 2118 foras
3284 2063 3507 2117 demum

1932 2171 2257 2231 erumpente
2306 2162 2428 2215 luce
2461 2161 2572 2225 illa,
2601 2175 2723 2229 quae
2769 2161 2824 2214 in
2870 2160 3004 2229 ipsis
3046 2167 3167 2212 erat
3201 2156 3508 2223 ineﬂabili;

1929 2253 2191 2307 virtutem
2231 2252 2356 2307 dico
2384 2260 2439 2308 et
2480 2251 2708 2323 gratiam
2730 2251 2988 2321 spiritus;
3020 2265 3142 2319 quas
3196 2258 3327 2303 tunc
3376 2249 3512 2318 ipsis

1932 2344 2040 2400 erit
2086 2345 2291 2409 vestis,
2350 2358 2514 2409 esca,
2577 2352 2776 2411 potus,
2830 2342 3155 2407 exsultatio,
3207 2340 3511 2412 gaudium.

1932 2452 2037 2507 pax
2075 2454 2088 2490 :
2123 2444 2180 2491 et
2238 2445 2301 2490 ut
2354 2435 2526 2491 verbo
2587 2444 2785 2489 cuncta
2832 2449 2944 2489 uno
2994 2433 3352 2504 complectar,
3399 2433 3513 2487 vita

1931 2538 2159 2582 aeterna.

268 2955 3499 3001 unum

759 3143 1643 3281 ΜΑΚΑΡΙΟΥ
1758 3148 2106 3281 ΤΟΥ
2224 3147 3046 3286 ΜΕΓΑΛΟΥ

1128 3388 1388 3475 ΠΕΡΙ
1457 3387 1985 3475 ΥΨΩΣΕΩΣ
2060 3388 2287 3476 ΤΟΥ
2359 3392 2658 3477 ΝΟΟΣ

1771 3568 2009 3622 ΛΟΓΟΣ.

918 3883 1926 4044 MACARII
2118 3886 2871 4044 MAGNI

1055 4196 1214 4299 DE
1323 4191 2148 4302 ELEVATIONE
2260 4193 2752 4300 MENTIS

1775 4400 1981 4456 LIBER

344 4697 422 4749 A'.
463 4694 669 4765 Μωσῆς
711 4695 741 4747 ὀ
780 4694 1052 4765 μακάριος
1099 4690 1345 4758 ὑπέδειξε
1396 4690 1568 4744 τύπον
1616 4690 1706 4745 διὰ
1750 4692 1917 4762 τῆςο
2021 4692 2024 4744 ζ

1839 4696 1917 4759 :C
2021 4690 2063 4745 Ι.
2101 4690 2300 4746 Beatus
2354 4692 2533 4747 Moses
2574 4691 2923 4749 subostendit
2989 4692 3244 4757 formam.
3290 4708 3390 4763 per
3439 4709 3519 4749 re.

264 4787 368 4841 τοῦ
402 4786 696 4857 προσώπου
730 4784 896 4839 αὐτοῦ
928 4784 1345 4853 ὲπιλαμπούσης
1387 4782 1483 4852 τοῦ
1529 4783 1849 4852 Πνεύματος

265 4878 451 4946 δόξης,
485 4872 518 4951 ᾖ
546 4877 720 4939 οὐδεὶς
752 4875 1056 4946 ἀνθρώπων
1085 4874 1329 4928 ἀτενίσαι
1357 4872 1601 4937 ἔδύνατο,
1643 4868 1761 4935 πῶς
1794 4875 1851 4925 ἐν

263 4967 341 5035 τῇ
371 4963 481 5016 τῶν
522 4964 745 5017 δικαίων
774 4964 1071 5017 ἀναστάσει
1101 4962 1171 5015 τὰ
1199 4962 1430 5033 σώματα
1459 4962 1853 5033 δοξασθήσεται

264 5056 380 5108 τῶν
427 5054 635 5122 ἀγίων·
683 5055 750 5125 ἥν
776 5054 935 5119 δόξαν
961 5055 1070 5109 ἀπὸ
1097 5052 1191 5107 τοῦ
1223 5052 1318 5106 νῦν
1366 5055 1426 5106 ἔν
1460 5054 1535 5122 τῷ
1583 5052 1714 5106 εῐσω
1755 5056 1854 5107 ἀν-

267 5148 478 5219 θρώπῳ
522 5149 579 5200 αἱ
624 5148 813 5201 πισταὶ
840 5147 949 5199 τῶν
984 5146 1153 5214 ἁγίων
1186 5145 1329 5215 ἔχειν
1357 5144 1735 5211 καταξιοῦνται
1759 5144 1854 5214 ψυ·

266 5246 403 5318 χαί·
452 5243 639 5313 Ἡμεῖς
666 5242 798 5314 γὰρ,
849 5242 1035 5311 φησὶν,
1078 5238 1623 5308 ἀνακεκαλυμμένῳ
1669 5254 1856 5306 προσ-

264 5338 430 5403 ώπῳ,
473 5334 751 5389 τουτέστιν
784 5335 841 5387 ἐν
884 5336 962 5404 τῷ
1019 5334 1127 5387 ἔσω
1173 5332 1465 5403 ἀνθρώπῳ,
1505 5332 1619 5398 τὴν
1667 5331 1858 5395 δόξαν

266 5429 496 5494 Κυρίου
523 5424 1041 5493 κατοπτριζόμεθα,
1070 5426 1157 5490 είς
1180 5422 1292 5491 τὴν
1318 5422 1512 5490 αὐτὴν
1533 5424 1737 5475 εικόνα
1751 5439 1855 5491 με·

269 5518 747 5586 ταμορςοούμεγοι
778 5517 898 5571 ἀπὸ
939 5517 1125 5583 δόξης
1159 5518 1245 5581 είς
1268 5514 1473 5579 δόξαν.
1504 5514 1641 5584 Περὶ
1666 5515 1854 5569 τούτου

270 5609 589 5678 γέγραπται
616 5607 799 5674 πάλιν,
836 5608 1247 5678 τεσσαράκοντα
1281 5605 1479 5668 νύκτας
1519 5605 1613 5658 καὶ
1647 5605 1860 5677 ἡμέρας

351 5786 432 5839 “l
460 5784 585 5840 Cor.
616 5802 691 5851 ιιι,
731 5786 814 5840 18.
895 5786 936 5817 ¹⁵
961 5784 1131 5839 Exod.
1162 5800 1304 5847 ιςιν,
1340 5785 1420 5849 Ι8;
1454 5802 1627 5850 sum;
1656 5786 1739 5837 1:3.

1950 4781 2327 4851 splendentem
2381 4781 2436 4835 in
2493 4782 2613 4852 ejus
2658 4783 2812 4837 vultu
2870 4782 3111 4854 Spiritus
3168 4785 3419 4855 gloriam,
3472 4789 3527 4841 in

1950 4888 2115 4943 quam
2142 4874 2327 4929 nullus
2344 4874 2628 4928 hominum
2648 4884 2835 4944 posset
2858 4876 3167 4941 intendere,
3193 4879 3312 4949 ejus
3342 4880 3532 4949 gloria:

1952 4980 2062 5035 qua
2122 4964 2179 5019 in
2248 4967 2524 5037 justorum
2588 4968 2996 5023 resurrectione
3076 4970 3532 5041 gloriﬁcahuutur

1953 5076 2185 5131 corpora
2225 5071 2540 5117 sanctorum
2580 5081 2593 5117 :
2625 5079 2733 5133 qua
2766 5064 2939 5135 gloria
2968 5080 3035 5121 ex
3056 5064 3161 5121 hoc
3200 5074 3446 5135 tempore
3474 5066 3532 5120 in

1958 5151 2207 5207 interiori
2228 5152 2451 5208 homine
2468 5163 2784 5209 sanctorum
2810 5156 3003 5211 animae
3028 5156 3202 5227 digna:
3235 5156 3527 5211 habentur.

1953 5243 2061 5298 Nos
2083 5244 2249 5307 enim,
2279 5245 2355 5299 ait
2375 5244 2683 5312 Apostolus,
2716 5245 2950 5299 revelata
2977 5246 3130 5315 facie,
3159 5247 3263 5301 hoc
3280 5256 3365 5300 est
3389 5246 3532 5301 ‘ntc«

1954 5333 2089 5388 riori
2111 5334 2355 5399 homine,
2380 5334 2608 5404 gloriam
2627 5334 2836 5389 Domini
2852 5336 3201 5405 speculantes,
3223 5338 3278 5390 in
3294 5336 3534 5389 eamdem

1955 5424 2241 5495 imaginem
2289 5426 2660 5493 lransformati
2698 5442 2730 5478 a
2773 5410 3020 5479 claritate
3049 5429 3103 5479 in
3142 5425 3442 5479 claritatem
3468 5427 3532 5480 ¹⁸.

1957 5513 2117 5569 Circa
2166 5514 2272 5569 hoc
2313 5516 2580 5586 scriptum
2627 5523 2711 5571 est
2779 5531 2972 5570 rursus
3006 5535 3019 5570 :
3052 5516 3257 5571 Mosem
3292 5516 3536 5586 quadrae

1960 5605 2110 5676 ginta
2140 5605 2395 5662 noctibus
2428 5616 2482 5661 et
2513 5606 2740 5663 totidem
2763 5607 2959 5663 diebus
2981 5607 3045 5673 ",
3070 5621 3171 5662 nec
3196 5607 3307 5664 cibi
3338 5609 3533 5664 menti-7
