4254 6358
754 402 855 470 891

1996 398 2056 458 S.
2098 395 2419 457 MACARII
2458 395 2777 456 [EGYPTII

3913 395 4046 459 892

754 517 902 573 nisse
932 531 1034 572 nec
1056 521 1238 586 potus,
1270 512 1415 584 quod
1456 512 1710 566 humanae
1738 514 1948 561 natura:
1980 504 2203 559 modum
2230 520 2325 558 ex-
2359 512 2390 563 Α

2431 504 2530 567 τὰς
2587 506 2706 568 [σας
2748 505 2823 577 μὴ
2852 504 3059 577 τροφῆς
3094 502 3417 573 μνησθῆναι,
3474 503 3550 573 μὴ
3596 503 3829 569 πόσεως,
3878 507 4040 572 ὅπερ

751 606 943 663 cedit:
985 607 1093 662 nisi
1128 604 1428 674 spiritualis
1485 599 1762 671 impertita
1810 597 1913 668 ipsi
1961 610 2089 651 esca
2129 593 2315 649 fuerit.

748 698 975 764 Qualem
1005 696 1261 751 videlicet
1301 695 1416 766 jam
1450 706 1601 747 nunc
1650 698 1852 745 sanctae
1900 687 2095 743 anima:
2136 685 2317 756 perci-

750 788 907 855 piunt
932 802 999 841 ex
1027 785 1245 855 spiritu.
1976 776 1983 781 ’

816 968 883 1022 11.
924 967 1157 1023 Claritas
1192 980 1297 1035 qua
1342 964 1452 1034 jam
1485 961 1615 1016 hinc
1659 968 1974 1015 sanctorum
2031 955 2318 1011 abundant

748 1060 959 1119 animae,
994 1057 1083 1110 illa
1111 1056 1227 1125 ipsa
1259 1063 1409 1124 reget
1454 1062 1510 1107 et
1543 1050 1764 1104 amiciet
1805 1047 1953 1102 nuda
1996 1062 2226 1116 corpora
2262 1047 2316 1100 in

751 1154 1180 1217 resurrectione,
1216 1169 1279 1207 ac
1319 1160 1473 1220 rapta
1508 1151 1561 1203 in
1602 1150 1771 1203 cmlos
1815 1146 2063 1207 auferet;
2102 1151 2158 1197 et
2189 1151 2321 1195 tunc

750 1246 826 1298 illi
883 1259 1112 1313 corpore
1148 1244 1353 1311 pariter
1386 1250 1441 1294 et
1488 1241 1670 1294 anima
1710 1239 1765 1293 in
1809 1238 1903 1291 Dei
1953 1249 2120 1305 regno
2156 1230 2317 1285 simul

749 1344 1013 1405 perpetuo
1042 1333 1409 1402 requiescent.
1437 1332 1705 1385 Adamum
1729 1330 1932 1397 quippe
1962 1340 2157 1381 creans
2177 1324 2321 1376 Deus

748 1427 861 1479 alas
897 1426 998 1494 ipsi
1024 1439 1333 1493 corporeas.
1380 1422 1530 1475 velut
1575 1420 1792 1480 avibus,
1824 1433 1933 1471 non
1967 1415 2197 1477 indidit;
2231 1421 2319 1464 ut-

750 1528 873 1586 pote
891 1519 978 1571 cui
1001 1517 1112 1570 alas
1130 1514 1465 1584 spirituales,
1483 1512 1685 1581 quibus
1718 1519 1843 1579 post
1858 1506 2320 1561 resurrectionem

750 1610 1112 1669 attolleretur,
1150 1616 1207 1660 et
1250 1614 1439 1673 raptus
1487 1616 1815 1672 quocunque
1859 1600 2023 1653 vellet
2072 1595 2319 1664 spiritus,

751 1699 927 1751 libere
954 1697 1209 1757 ferretur,
1248 1694 1378 1747 dare
1410 1693 1513 1760 ipsi
1550 1692 1891 1745 decreverat.
1925 1687 2032 1740 Has
2063 1685 2321 1754 spiritua—

748 1789 829 1843 les
860 1789 991 1847 alas,
1034 1794 1348 1839 sanctorum
1394 1783 1682 1836 animabus
1704 1784 1813 1849 jam
1853 1789 1983 1831 tunc
2020 1777 2208 1831 datum
2237 1780 2321 1827 est

2428 595 2528 646 οὐκ
2555 595 2905 666 ἀνθρωπίνης
2936 595 3150 664 φύσεως
3180 594 3356 663 ἔργον,
3386 596 3433 646 εί
3472 595 3545 663 μή
3580 611 3630 645 τι
3661 595 3772 665 ἀρα
3802 597 4039 665 τροφῆς

2429 684 2703 739 ἐκοινώνει
2728 686 3101 757 πνευματικῆς
3120 702 3134 715 ·
3178 681 3361 756 ἧσπερ
3383 686 3447 755 δὴ
3470 686 3565 738 καὶ
3586 685 3761 754 αὐτῆς
3784 686 3899 737 ἀπὸ
3925 688 4037 739 τοῦ

2427 778 2523 834 νῦν
2548 781 2605 834 αἱ
2639 781 2790 849 ἅγιαι
2821 781 2992 851 ψυχαὶ
3018 778 3521 849 μεταλαμϐάνουσιν
3541 781 3606 831 ἐκ
3638 778 3731 831 τοῦ
3768 778 4039 846 πνεύμαο

2429 888 2541 933 τος.

2500 961 2574 1017 B’.
2611 964 2722 1032 Τὴν
2753 962 2909 1030 δόξαν
2947 964 3017 1035 ἢν
3048 962 3297 1017 ἐντεῦθεν
3352 962 3408 1017 αί
3462 960 3573 1014 τῶν
3621 962 3794 1029 ἀγίων
3846 962 4036 1014 πλου-

2428 1054 2581 1107 τοῦσι
2615 1054 2803 1124 ψυχαὶ,
2844 1056 3027 1126 ἐκείνη
3052 1053 3283 1123 καλύψει
3310 1054 3403 1107 κα)⁸
3431 1052 3696 1124 ἀμφιάσει
3729 1052 3796 1105 τὰ
3828 1052 4033 1120 γυμνὰ

2432 1150 2659 1221 σώματα
2693 1153 2753 1204 ἐν
2779 1154 2845 1221 τῇ
2876 1154 3189 1215 ἀναστάσει,
3226 1152 3319 1204 καὶ
3350 1154 3428 1213 είς
3459 1150 3723 1218 οὐρανοὺς
3756 1149 4031 1219 ἀνάρπα-

2432 1260 2528 1295 στα
2567 1244 2815 1313 ποιήσει’
2862 1246 2956 1295 καὶ
3002 1245 3122 1297 τότε
3170 1242 3354 1296 λοιπὸν
3388 1241 3605 1311 σώματι
3653 1241 3747 1295 καὶ
3777 1240 3928 1310 ψυχῇ
3969 1242 4034 1292 ἐν

2428 1336 2493 1404 τῇ
2527 1333 2772 1404 βασιλεία
2804 1334 2939 1387 Θεοῦ
2971 1334 3085 1403 ἅμα
3135 1336 3397 1405 διηνεκῶς
3444 1336 3877 1388 ἀναπαύσονται.
3914 1334 4035 1385 Τὸν

2429 1426 2538 1495 γὰρ
2582 1426 2753 1496 Ἀδάμ
2783 1429 2973 1489 κτίσας
3000 1428 3025 1479 ό
3051 1428 3183 1490 Θεὸς
3217 1430 3493 1498 πτέρυγας
3517 1427 3666 1497 αὐτῷ
3695 1430 4033 1497 σωματικὰς

2428 1515 2500 1579 ὡς
2532 1519 2642 1580 τοῖς
2668 1520 2934 1581 πετεινοῖς
2956 1519 3055 1571 οὐκ
3076 1518 3355 1588 ἐνέθηκεν,
3383 1520 3478 1573 at:
3509 1519 3606 1582 τὰς
3639 1518 3733 1570 τοῦ
3764 1519 4033 1586 Πνεύμα-

2428 1628 2519 1673 τος
2549 1611 2687 1664 κατά
2717 1614 2816 1683 τὴν
2856 1612 3152 1666 ἀνάστασιν
3195 1614 3454 1682 παρέξειν
3484 1613 3631 1682 αὐτῷ
3662 1613 3895 1681 μέλλων,
3933 1614 4031 1665 ῖνα

2432 1701 2755 1769 κουφίζηται
2802 1703 2869 1755 δι’
2901 1701 3083 1756 αὐτῶν
3133 1704 3228 1755 καὶ
3282 1703 3595 1773 ἀρπάζηται
3627 1703 3759 1755 ὅπου
3798 1703 4030 1761 πάντως

2430 1794 2491 1845 τὸ
2516 1794 2740 1861 Πνεῦμα
2772 1795 3025 1864 βούληται
3046 1812 3060 1826 ·
3084 1795 3286 1857 ταύτας
3312 1796 3367 1848 δέ
3396 1798 3498 1856 τάς
3515 1795 3709 1863 νοητάς
3741 1795 4032 1864 πτέρυγας

747 1881 967 1942 habere.
996 1898 1117 1949 qua:
1143 1882 1210 1935 ad
1239 1882 1517 1936 ccelestem
1541 1880 1686 1949 ipsas
1708 1876 2045 1931 transferunt
2072 1886 2314 1926 sensum.
2351 1864 2390 1917 Β

2427 1887 2545 1946 ταῖς
2573 1886 2681 1937 τῶν
2710 1887 2880 1954 ἁγίων
2904 1888 3102 1957 ψυχαῖς
3129 1888 3237 1941 ἀπὸ
3261 1887 3353 1939 τοῦ
3383 1886 3479 1939 νῦν
3509 1887 3716 1940 δέδοται
3750 1887 3918 1955 ἔχειν,
3961 1886 4026 1939 αἳ

746 1971 1182 2027 Christianorum
1215 1975 1361 2027 enim
1398 1973 1557 2034 alius,
1597 1987 1759 2040 quam
1790 1979 2110 2023 umerorum
2147 1978 2311 2017 orna-

748 2071 858 2122 tus,
891 2062 994 2115 alia
1032 2063 1372 2118 indumenta.
1402 2077 1591 2115 mensa
1620 2061 1746 2122 alia,
1781 2068 1837 2112 et
1862 2058 1964 2111 alia
1992 2056 2179 2109 fruitio
2208 2062 2312 2114 est,

746 2152 1190 2221 quandoquidem
1216 2170 1244 2207 e
1279 2154 1432 2208 coelis
1462 2160 1758 2206 venturum
1784 2150 2062 2205 Christum
2089 2147 2310 2205 scimus,

746 2243 1133 2297 suscitaturum
1175 2243 1334 2312 190
1366 2258 1480 2309 eos,
1513 2242 1606 2312 qui
1645 2257 1710 2296 ex
1735 2241 1881 2295 omni
1922 2254 2036 2293 αξγο
2074 2235 2314 2290 dormie-

748 2340 916 2396 runt;
953 2333 1413 2402 quemadmodum
1454 2349 1622 2388 sacra:
1663 2332 1959 2400 Scriptura:
1996 2329 2233 2383 docent:
2264 2326 2317 2379 in

747 2417 885 2473 duas
911 2431 1093 2490 partes
1120 2421 1329 2475 dividet
1349 2422 1415 2487 ιο,
1446 2431 1503 2475 et
1525 2435 1647 2491 qua
1674 2427 2002 2489 sequuntur.

816 2603 904 2658 Ill.
932 2604 1142 2670 Quibus
1161 2620 1307 2660 cura:
1336 2615 1421 2660 est
1446 2605 1774 2660 Christianae
1805 2604 1927 2656 vitae
1953 2602 2125 2655 ollicia
2154 2614 2318 2668 quam

748 2696 953 2764 optime
1013 2697 1197 2750 omnia
1250 2697 1517 2765 exsequi,
1567 2712 1663 2750 eos
1715 2705 1840 2749 ante
1896 2694 2114 2763 quidvis
2170 2690 2318 2744 aliud

749 2795 983 2853 oportet,
1017 2788 1190 2855 partis
1222 2789 1435 2852 animae,
1457 2803 1620 2857 quam
1652 2787 1991 2854 superiorem
2020 2792 2076 2837 et
2105 2782 2318 2851 praedo-

752 2879 1049 2951 minantem
1084 2889 1300 2943 vocant,
1335 2880 1719 2933 intellectualis
1746 2879 2001 2931 videlicet
2022 2892 2085 2930 ac
2111 2875 2321 2927 discre-

755 2966 897 3029 tiwe,
953 2967 1266 3039 diligentem
1326 2970 1530 3023 habere
1595 2970 1905 3032 rationem;
1954 2977 2012 3019 ut
2064 2973 2319 3019 accurate

752 3056 880 3110 boni
912 3059 1148 3127 malique
1184 3061 1476 3116 discrimen
1519 3062 1803 3122 facientes,
1840 3075 1943 3113 nec
1969 3074 2090 3127 quae
2124 3066 2319 3125 ρηὲιϐῐ·

752 3156 1003 3202 naturam
1030 3152 1257 3205 invectae
1281 3161 1408 3206 sunt
1429 3151 2003 3220 cupiditatesaiaturze
2026 3161 2176 3215 pura:
2198 3157 2317 3196 esse

744 3242 1075 3311 judicantes,
1096 3242 1425 3297 inoffensum
1456 3242 1578 3296 vita:
1600 3256 1821 3295 cursum
1851 3240 2108 3295 habeant.
2128 3244 2317 3303 utpote
2349 3211 2390 3268 θ

752 3338 845 3405 qui
871 3334 1224 3388 discretionis
1259 3334 1429 3387 veluti
1460 3334 1619 3387 oculo
1655 3340 1914 3388 utantur;
1947 3339 2001 3384 et
2036 3330 2128 3397 qui
2159 3344 2189 3382 a
2224 3326 2327 3379 fal-

754 3430 908 3483 laciis
935 3428 1218 3498 pravitatis
1253 3428 1431 3481 securi
1474 3442 1592 3480 esse
1626 3426 1855 3495 possint.
1902 3425 1997 3479 Est
2047 3424 2194 3477 enim
2230 3436 2327 3475 v0-

754 3522 937 3575 luntas
1002 3521 1217 3581 animae,
1258 3520 1503 3572 membra
1560 3518 1808 3586 corporis
1869 3533 1898 3570 a
1948 3531 2087 3570 noxa
2137 3530 2329 3569 errau-

756 3613 889 3665 tium
932 3626 1190 3665 sensuum
1245 3612 1565 3679 incorrupta
1589 3610 1830 3673 servari;
1881 3622 2048 3675 seque
2080 3608 2251 3674 ipsam
2295 3621 2324 3659 a

754 3702 940 3756 mundi
972 3702 1384 3755 avocationibus
1419 3716 1643 3755 arcere:
1674 3700 2060 3768 custodireque
2078 3714 2173 3751 cor
2190 3697 2328 3751 nein

755 3795 1018 3847 mundum
1054 3793 1313 3847 extendat
1336 3793 1585 3847 membra
1614 3808 1837 3846 suarum
1885 3791 2278 3861 cogitationum
2311 3806 2324 3851 ;

754 3887 847 3938 sed
875 3903 936 3939 ea
961 3887 1177 3955 colligat
1218 3895 1273 3940 et
1320 3886 1687 3954 undecunque
1728 3885 1982 3939 restricta
2024 3883 2325 3941 contineat,

754 3977 822 4031 ab
865 3978 1055 4030 humili
1110 3992 1240 4030 cura
1274 3984 1329 4029 et
1372 3976 1652 4045 voluptate
1712 3989 1994 4027 coercens.
2033 3973 2328 4027 Enimvero

756 4068 847 4121 ubi
893 4068 1157 4121 Dominus
1202 4067 1439 4136 aliquem
1491 4066 1543 4119 id
1601 4065 1791 4119 sedulo
1813 4074 2061 4131 agentem
2084 4061 2284 4114 viderit
2312 4102 2325 4124 ,

755 4160 855 4222 sic,
889 4159 1132 4227 inquam,
1176 4166 1467 4221 attentum,
1521 4169 1848 4224 semperque
1890 4168 2014 4207 cum
2065 4159 2215 4204 metu
2267 4166 2329 4204 ac

756 4262 994 4305 tremore
1047 4250 1253 4303 servire
1308 4249 1409 4317 ipsi
1462 4256 1734 4316 paratum,
1793 4252 2049 4315 suggeret
2108 4243 2209 4312 ipsi
2260 4242 2327 4295 ad

756 4343 1014 4396 ulteriora
1062 4343 1249 4410 gratia:
1301 4341 1588 4395 auxilium.
1614 4339 1795 4405 Quare
1843 4353 1975 4391 vero
2008 4338 2151 4390 Deus
2186 4336 2329 4387 ultro

755 4447 813 4487 se
848 4432 1053 4484 mundo
1090 4431 1434 4483 tradentibus
1468 4439 1525 4484 et
1556 4430 1879 4498 lvoluptates
1904 4426 2239 4481 sectantibus
2272 4425 2324 4477 id

755 4524 992 4577 faceret?

824 4615 911 4669 Ν.
940 4614 1243 4668 Prudentes
1297 4613 1403 4667 illae
1443 4612 1708 4682 virgines,
1744 4626 1864 4679 quae
1908 4608 2256 4678 peregrinum
2294 4622 2323 4659 a

757 4723 853 4760 sua
879 4707 1119 4775 ipsarum
1151 4716 1347 4759 natura
1382 4705 1566 4757 oleum
1600 4701 1767 4773 (quod
1808 4708 1891 4754 est
1922 4699 2158 4768 Spiritus
2206 4713 2328 4766 gra-

760 4798 853 4867 tia)
882 4800 934 4851 in
983 4798 1128 4850 vasis
1169 4795 1350 4849 cordis
1395 4800 1891 4863 praasumpserant,
1944 4800 2243 4859 potuerunt
2272 4788 2326 4841 in

759 4891 1054 4944 thalamum
1090 4888 1247 4941 simul
1284 4888 1486 4940 intrare
1522 4902 1645 4941 cum
1678 4899 1899 4954 sponso.
1926 4883 2058 4936 Alia:
2089 4898 2219 4936 vero
2247 4882 2328 4935 fa-

756 4991 863 5036 tua:
900 4989 953 5035 et
986 4980 1242 5044 malaa,ea
1266 4979 1369 5032 sibi
1414 4978 1661 5033 suilicere
1690 4978 2109 5041 ducentes,quaa
2137 4983 2331 5027 natura

758 5074 891 5143 ipsis
922 5072 1308 5148 suppeditabat
1340 5087 1459 5133 sua,
1502 5072 1679 5140 iisque
1728 5081 2014 5140 propterea
2042 5076 2333 5129 contentae,

757 5166 905 5218 omni
954 5164 1323 5218 sollicitudine
1358 5162 1565 5217 omissa
1592 5163 1801 5231 supina:
1837 5160 2122 5215 securitati
2154 5174 2210 5211 se
2239 5157 2335 5211 de-

759 5258 977 5320 derunt,
1031 5270 1208 5323 neque
1239 5253 1385 5323 quod
1416 5253 1743 5317 debuerant,
1774 5252 2106 5306 studuerunt
2148 5250 2329 5303 oleum

758 5348 903 5403 istud
928 5347 1128 5401 laetitia:
1153 5346 1207 5398 in
1227 5345 1371 5399 vasis
1392 5343 1573 5398 cordis
1595 5345 1836 5413 ipsarum
1858 5356 2212 5412 praesumere:
2235 5340 2329 5394 sed

758 5440 909 5493 velut
936 5439 1358 5493 obdormicrunt
1389 5453 1487 5507 per
1535 5437 1804 5489 incuriam
1850 5446 2237 5504 torporemque
2266 5447 2329 5486 ac

758 5530 1139 5585 confidentiam
1168 5529 1395 5598 juSIitire
1416 5526 1669 5597 propriae.
1703 5526 1783 5580 Ob
1808 5529 1953 5595 quod
1979 5528 2130 5596 regni
2156 5526 2329 5579 thala-

761 5637 881 5676 mus
932 5621 1063 5689 ipsis
1110 5621 1365 5675 occlusus
1406 5628 1509 5675 est.
1565 5618 1911 5673 Manifestum
1938 5619 2083 5673 enim
2130 5627 2269 5680 erat,
2299 5631 2328 5670 a

837 5801 877 5833 ¹⁶
903 5800 1091 5856 Matth.
1119 5819 1241 5871 xxv,
1266 5803 1354 5861 32.

2421 1978 2557 2047 πρὸς
2590 1979 2649 2031 τὸ
2681 1980 2928 2049 οὐράνιον
2968 1980 3139 2041 αύτάς
3184 1979 3530 2048 μεθορίζουσι
3576 1977 3856 2046 φρόνημα.
3884 1978 4029 2046 Χρι-

2422 2072 2651 2124 στιανῶν
2699 2074 2807 2141 γὰρ
2836 2072 3038 2141 κόσμος
3084 2073 3263 2136 ἀλλος,
3295 2075 3390 2122 καὶ
3424 2070 3560 2123 ἀλλα
3588 2068 3887 2137 ἐνδύματα,
3923 2070 4025 2121 καὶ

2419 2164 2671 2233 τράπεζα
2700 2166 2856 2231 άλλη,
2894 2166 2987 2217 καὶ
3022 2166 3156 2231 ἄλλη
3185 2164 3505 2225 ἀπόλαυσις.
3547 2162 3698 2213 Ἐπεὶ
3725 2160 3821 2213 καὶ
3845 2160 3906 2210 οὐ
3920 2177 4023 2227 ραο

2425 2256 2577 2309 νόθεν
2611 2255 2928 2308 ἐλεύσεσθαι
2966 2257 3057 2307 τὸν
3092 2256 3324 2324 Χριστὸν
3350 2255 3572 2322 οἴδαμεν
3604 2251 3910 2321 ἀναστῆσαί
3954 2267 4021 2301 τε

2420 2346 2545 2406 τοὺς
2588 2347 2650 2397 ἐκ
2690 2345 2782 2398 τοῦ
2834 2346 3032 2407 παντδς
3061 2345 3717 2414 αἱῶνοςκεκοιμημὲνους,
3744 2340 3931 2405 καθὼς
3962 2342 4021 2393 αί

2422 2437 2559 2488 θεῖαι
2588 2438 2823 2507 Γραφαὶ,
2864 2438 2957 2490 καὶ
2996 2441 3075 2499 εἰς
3124 2436 3216 2489 δύο
3257 2438 3477 2498 τούτους
3519 2434 3758 2487 διελόντα
3827 2433 3972 2503 μέρη
4004 2472 4020 2490 ο

2424 2532 2515 2582 καὶ
2542 2530 2609 2582 τὰ
2638 2530 2783 2598 ἐξῆς.

2493 2623 2568 2677 Γ¹.
2597 2616 2693 2682 Οἷς
2726 2622 2876 2691 μέλει
2902 2622 2992 2673 τὸν
3021 2620 3114 2673 τοῦ
3145 2618 3473 2691 Χριστιανοῦ
3505 2617 3616 2687 βίον
3648 2618 3724 2680 ὡς
3747 2616 4021 2669 κάλλιστα

2426 2713 2749 2784 κατορθοῦν,
2777 2714 2986 2776 τούτοις
3029 2712 3124 2763 καὶ
3165 2712 3437 2782 προσήκει
3465 2708 3891 2780 προηγουμένως
3918 2705 4019 2757 τοῦ

2430 2806 2769 2876 διανοητικοῦ
2810 2823 2870 2856 τε
2904 2805 3000 2857 καὶ
3036 2804 3376 2871 διακριτικοῦ
3419 2802 3510 2855 καὶ
3542 2798 3876 2871 ἡγεμονικοῦ
3913 2798 4017 2865 μέ-

2427 2915 2552 2967 ρους
2582 2896 2681 2965 τῆς
2700 2896 2876 2964 ψυχῆς
2897 2894 2985 2946 διά
3016 2895 3196 2962 πάσης
3220 2892 3593 2961 ἐπιμελεῖσθαι
3624 2890 3721 2959 τῆς
3747 2887 4011 2953 σπουδῆς·

2431 2992 2517 3041 ἵνα
2550 2990 2647 3057 τὴν
2678 2989 2770 3039 τοῦ
2819 2986 2985 3040 καλοῦ
3016 3004 3076 3038 τε
3124 2987 3217 3039 καὶ
3262 2986 3435 3038 κακοῦ
3466 2985 3736 3054 διάκρισιν
3770 2978 4018 3049 ἀκριϐώ-

2423 3097 2635 3145 σαντες,
2676 3079 2769 3132 κα“ι
2796 3078 2833 3131 ἃ.
2868 3079 3018 3148 παρά
3060 3078 3220 3147 φύσιν
3248 3075 3549 3146 ἐπεισήχθη
3582 3073 3726 3140 πάθη
3761 3072 3864 3140 τῆς
3911 3088 4016 3122 κα-

2426 3173 2598 3241 θαρᾶς
2621 3169 3015 3238 ἀποκρίναντες
3039 3168 3271 3236 φύσεως,
3296 3166 3662 3236 ἀπροσκόπως
3690 3164 3787 3232 ζῇν
3810 3164 4011 3230 ἔχοιεν,

2429 3263 2503 3325 ὡς
2529 3260 2791 3329 ὀφθαλμῷ
2835 3260 2914 3330 τῷ
2967 3261 3064 3328 τῆς
3116 3259 3441 3327 διακρίσεως
3491 3256 3641 3325 μέλει
3680 3258 4013 3326 χρωμένοις.

2431 3354 2525 3405 καλ⁹
2569 3351 2850 3405 ἀσύνθετοι
2881 3350 3016 3420 πρὸς
3062 3350 3161 3412 τὰς
3201 3351 3303 3417 τῆς
3344 3349 3542 3410 κακίας
3579 3347 3834 3416 ἀφορμὰς
3868 3342 4007 3400 εἶναι

2430 3440 2740 3506 δυνάμενοι.
2788 3439 2945 3491 Ἔστι
2975 3438 3084 3507 γάρ
3126 3438 3340 3506 θέλημα
3368 3441 3432 3508 τῇ
3475 3438 3618 3507 ψυχῇ
3649 3438 3716 3489 τα
3745 3439 3882 3507 μέλη
3913 3438 4007 3489 τοῦ

2433 3532 2686 3601 σώματος
2712 3531 2811 3599 τῆς
2841 3530 2947 3583 τῶν
2972 3531 3277 3596 αἰσθήσεων
3313 3531 3517 3600 βλάϐης
3543 3532 3786 3599 ἄκραντα
3812 3546 4012 3597 συντη-

2434 3626 2569 3694 ρεῖν,
2598 3622 2853 3693 ἀπεῖρξαί
2885 3639 2942 3674 τε
2972 3622 3171 3690 ἑαυτὴν
3200 3622 3309 3672 τῶν
3358 3620 3451 3673 τοῦ
3487 3622 3693 3689 κόσμου
3736 3639 4011 3691 περισπα-

2436 3712 2607 3778 σμῶν,
2639 3712 2735 3763 καὶ
2761 3709 2992 3777 φυλάξαι
3020 3709 3117 3777 τὴν
3148 3709 3395 3777 καρδίαν,
3416 3707 3509 3759 τοῦ
3538 3708 3610 3777 μὴ
3642 3706 3910 3773 ἐξαπλοῦν
3933 3707 4010 3775 τῷ

2432 3804 2622 3873 κόσμῳ
2646 3803 2712 3855 τὰ
2740 3803 2874 3871 μέλη
2907 3801 3015 3853 τῶν
3038 3801 3207 3869 αὐτῆς
3230 3800 3525 3869 λογισμῶν,
3554 3799 3687 3852 ἀλλά
3721 3800 4009 3869 περισφίγ-

2432 3914 2546 3962 γειν
2578 3895 2717 3947 αὐτὰ
2764 3894 3028 3945 πάντοθεν
3069 3892 3162 3944 καὶ
3194 3891 3436 3959 συνέχειν
3469 3890 3809 3959 χαμαιζήλου
3853 3892 4009 3959 μερί-

2436 4004 2571 4056 μνης
2612 3985 2706 4037 καὶ
2751 3982 2965 4052 ἡδονῆς.
3009 3980 3258 4032 Ἐπειδὰν
3292 3978 3385 4033 οὖν
3436 3982 3464 4032 ὁ
3511 3979 3715 4050 Κύριος
3758 3980 3843 4050 ῐόῃ
3886 3984 4005 4031 τινα

2431 4080 2602 4151 ταύτῃ
2624 4079 2895 4143 διάγοντα,
2929 4077 3022 4127 καὶ
3052 4075 3222 4131 οὕτως
3258 4075 3447 4127 ἐαυτὸν
3476 4074 3826 4144 ἀκριϐοῦντα,
3860 4074 4005 4141 φόϐῳ

2430 4190 2490 4225 τε
2528 4173 2623 4225 καὶ
2650 4171 2838 4240 τρόμῳ
2866 4168 3135 4220 δουλεύειν
3170 4168 3316 4235 αὑτῷ
3360 4166 3715 4236 προθέμενον,
3752 4167 4004 4236 ἐπορέγει

2431 4266 2525 4317 καὶ
2563 4264 2660 4332 τὴν
2686 4264 2750 4315 ἐκ
2797 4265 2895 4330 τῆς
2934 4259 3099 4313 αὑτοῦ
3137 4260 3357 4328 χάριτος
3386 4259 3727 4328 ἐπικουρίαν.
3766 4259 3921 4311 Ἐπεὶ
3948 4259 3999 4309 τί

2431 4358 2703 4423 ποιήσειεν
2733 4356 2760 4406 ό
2784 4354 2917 4413 Θεὸς
2954 4351 3031 4419 τῷ
3053 4351 3232 4404 ἑκοντὶ
3261 4351 3338 4419 τῷ
3368 4353 3557 4421 κόσμῳ
3581 4351 3770 4403 ἑαυτὸν
3805 4352 4005 4419 ἐκπαρ·

2430 4449 2656 4518 έχοντα,
2706 4445 2801 4499 καὶ
2852 4444 3024 4498 ὀπίσω
3068 4443 3176 4495 τῶν
3241 4441 3445 4495 ἡδονῶν
3488 4441 3653 4495 αὐτοῦ
3704 4442 4001 4511 πορευόμε-

2355 4540 2406 4599 D
2433 4556 2555 4605 νον;

2504 4632 2576 4683 Δ’.
2613 4630 2679 4682 Ai.
2712 4627 2947 4698 νήψασαι
2974 4627 3135 4679 πέντε
3166 4630 3423 4694 παρθένοι
3453 4626 3678 4686 ἐκεῖναι.
3723 4625 3814 4677 καὶ
3840 4624 3899 4676 τὸ
3924 4624 4004 4688 ξέ-

2433 4741 2522 4777 νον
2550 4723 2645 4792 τῆς
2670 4722 2874 4775 ἑαυτῶν
2902 4720 3116 4789 φύσεως
3140 4719 3317 4771 ἔλαιον
3344 4720 3401 4771 ἐν
3422 4721 3532 4781 τοῖς
3562 4717 3806 4785 ἀγγείοις
3836 4734 4005 4784 παρα-

2434 4814 2697 4868 λαϐοῦσαι
2731 4814 2829 4883 τῆς
2864 4813 3112 4882 καρδίας,
3157 4812 3315 4864 τοῦτο
3347 4811 3403 4863 δὲ
3440 4813 3473 4879 ἡ
3520 4811 3678 4880 χάρις
3721 4810 3813 4862 τοῦ
3848 4810 4003 4863 Ilvati-

2441 4924 2627 4977 ματος,
2666 4904 2999 4973 ἐδυνήθησαν
3029 4906 3108 4965 είς
3134 4904 3225 4955 τὸν
3254 4903 3518 4971 νυμφῶνα
3551 4902 3906 4954 συνεισελθεῖν
3932 4901 4004 4970 τῷ

2440 4997 2676 5065 νυμφίῳ.
2708 4996 2773 5047 Αἱ
2819 4995 2977 5048 ἄλλαι
3012 4994 3067 5046 δὲ
3105 4994 3162 5047 αί
3217 4993 3418 5062 μωραὶ,
3458 4995 3511 5046 αί
3552 4992 3743 5052 κακαὶ,
3793 4994 3859 5060 τῇ
3905 4992 4003 5062 ἰδίᾳ

2438 5086 2593 5155 φύσει
2624 5085 3064 5152 ἐναπομείνασαι,
3103 5084 3200 5135 οὐκ
3242 5083 3464 5153 mea,
3496 5083 3613 5134 οὐδὲ
3656 5082 3796 5134 κατὰ
3843 5099 3999 5135 σπου-

2434 5179 2530 5247 δῆς
2558 5177 2713 5245 ἔσχον
2742 5176 2801 5226 τὸ
2830 5174 3027 5226 τοιόνδε
3062 5174 3161 5237 τῆς
3193 5172 3563 5239 ἀγαλλιάσεως
3594 5172 3772 5224 ἔλαιον
3801 5173 3880 5235 εἰς
3910 5174 3998 5237 τὰς

2435 5270 2641 5323 ἐαυτῶν
2664 5269 2889 5339 καρδίας
2921 5266 3253 5335 παραλαϐεῖν
3275 5282 3287 5295 ’
3322 5266 3436 5318 ἀλλ’
3461 5268 3621 5319 οἱονεὶ
3646 5266 3996 5333 ἀφύπνωσαν,

2436 5364 2500 5415 δι’
2526 5362 2785 5431 ἀμέλειάν
2817 5378 2873 5412 τε
2907 5360 2998 5412 καὶ
3037 5360 3358 5428 χαυνότητα,
3394 5362 3487 5412 καὶ
3518 5359 3861 5427 δικαιοσύνης
3892 5362 3997 5428 οίηο

2440 5471 2555 5508 σιν’
2594 5454 2720 5523 παρ’
2755 5453 2782 5504 ὃ
2830 5454 2922 5505 καὶ
2967 5454 2994 5503 ὀ
3040 5450 3266 5520 νυμφὼν
3310 5452 3500 5513 αὐταῖς
3539 5448 3873 5519 ἀπεκλείσθη
3912 5455 4000 5517 τῆς

2439 5544 2734 5616 βασιλείας.
2779 5542 2944 5612 Δῆλον
2984 5544 3091 5611 γὰρ
3138 5542 3219 5593 ὅτι
3258 5540 3444 5609 δεσμῷ
3495 5559 3598 5592 τινι
3652 5540 3745 5592 τοῦ
3799 5541 3995 5607 κόσμιυ

2438 5637 2531 5689 καὶ
2584 5635 2736 5705 φιλίᾳ
2781 5634 3034 5702 γεγόνασι
3086 5632 3372 5702 καθεκταὶ,
3418 5633 3607 5686 καθότι
3639 5632 3737 5701 τὴν
3787 5631 3994 5702 ἀγάπην
