4254 6358
225 403 334 464 893

1228 397 1459 458 LIBER
1499 396 1596 456 DE
1637 392 2112 456 ELEVATIONE
2148 394 2453 454 MENTlS.

3373 398 3475 459 894

226 511 413 566 αὐτῶν
461 506 673 579 ἐντελῆ,
726 506 820 560 καὶ
870 506 959 561 τὸν
1025 506 1204 576 ἔρωτα
1256 486 1333 573 τῷ
1387 503 1693 574 ἐπουρανίῳ
1736 501 1809 570 μὴ
1840 507 1880 559 Α

1792 514 1809 570 1
1840 507 1880 559 Α
1909 499 2159 568 partibus
2180 515 2275 554 eas
2298 500 2491 555 mundi
2523 509 2689 564 stare,
2710 500 2786 555 illi
2825 499 3032 555 deflan
3057 502 3293 570 quodam
3319 507 3472 571 quasi

228 603 509 671 παρέσχον
549 597 770 667 νυμφίῳ
796 614 807 625 ·
849 597 1078 665 καὶγὰρ
1105 596 1162 649 αι
1183 594 1244 648 τὸ
1282 595 1432 661 ξένον
1467 595 1565 663 τῆς
1593 592 1806 662 φύσεως

227 695 321 746 τὸν
347 689 622 760 άγιασμὺν
644 687 834 740 τοῦτον
864 686 1127 756 ζητοῦσαι
1150 685 1320 755 ψυχαὶ
1348 685 1443 739 τοῦ
1467 684 1606 738 Πνεύ
1616 699 1803 753 ματος,

228 786 361 853 ὅλην
415 782 518 851 τὴν
571 780 794 848 ἀγάπην
848 776 1029 832 αὐτῶν
1072 777 1399 844 ἐξάπτουσαι
1436 775 1515 846 τῷ
1562 774 1803 847 Χριστῷο

229 876 351 928 ἐκεῖ
398 868 816 941 περιπατοῦσιν,
850 869 968 921 ἐκεῖ
1012 865 1283 937 εὔχονται,
1326 867 1443 920 ἐκεῖ
1482 865 1805 934 λογίζονται,

229 967 351 1019 ἐκεῖ
376 961 664 1034 μελετῶσι,
695 959 912 1012 πάντων
932 957 1247 1011 ἀποστᾶσαι
1270 957 1376 1010 τῶν
1398 956 1589 1010 ἄλλων.
1609 957 1675 1011 Δί
1700 957 1806 1028 γὰρ

229 1057 397 1107 πέντε
427 1053 529 1121 τῆς
554 1050 735 1121 ψυχῆς
755 1048 1058 1118 αἰσθήσεις,
1093 1048 1326 1113 σύνεσις,
1348 1048 1569 1117 γνῶσις,
1594 1049 1808 1118 διάκρι-

232 1165 342 1209 σις,
373 1142 647 1213 ὑπομονὴ.
689 1141 856 1205 ἔλεος,
899 1139 967 1194 ἂν
1013 1141 1113 1209 τὴν
1152 1139 1361 1193 ἀνωθεν
1403 1140 1560 1211 χάριν
1589 1141 1684 1193 καὶ
1718 1143 1810 1193 τδν

232 1235 511 1305 ἀγιασμὸν
541 1231 635 1287 τοῦ
666 1232 979 1302 Πνεύματος
1024 1230 1305 1295 δέξωνται,
1334 1231 1428 1283 καὶ
1457 1230 1710 1301 φρόνιμοι
1742 1234 1807 1301 τῇ

229 1326 467 1396 ἀληθεία
518 1322 776 1393 παρθένοι
808 1321 1057 1374 ισονται·
1115 1321 1164 1373 ει
1199 1320 1257 1373 δὲ
1302 1323 1369 1391 τῇ
1408 1320 1567 1389 φύσει
1601 1320 1811 1374 ἑαυτῶν

230 1414 732 1484 ἐγκαταληφθεῖεν,
788 1410 970 1481 μωραὶ
1021 1409 1099 1481 τῷ
1145 1408 1262 1462 δντι
1299 1410 1663 1478 εὑρίσκονται,
1716 1409 1810 1461 καὶ

228 1512 399 1562 τέκνα
426 1506 580 1561 οὖσαι
607 1503 704 1558 τοῦ
735 1504 938 1574 κόσμου
960 1502 1285 1558 δείκνυνται.

307 1767 381 1818 E'.
412 1765 625 1831 Ὠσπερ
673 1760 829 1829 ξένην
858 1760 957 1829 τῆς
1000 1756 1216 1825 φύσεως
1261 1756 1421 1826 ἡμῶν
1472 1754 1571 1827 τὴν
1612 1756 1810 1809 κακίαν

1915 591 2168 646 amicitia:
2196 592 2436 654 vinculo,
2466 607 2585 660 quae
2619 592 2724 646 fuit
2763 607 2926 646 causa
2960 608 3059 647 cur
3092 601 3265 647 totum
3299 605 3356 647 et
3393 596 3477 649 in-

1914 689 2126 750 tegrum
2159 695 2402 733 amorem
2444 696 2602 733 suum
2658 696 2875 735 sacrare
2921 695 3123 749 sponso
3154 680 3209 733 in
3240 681 3475 735 solidum

1912 771 2282 839 nequiverint.
2314 770 2420 825 Sed
2456 771 2559 824 ilhc
2580 773 2928 841 peregrinum
2956 786 2984 825 a
3010 781 3205 825 natura
3235 772 3473 841 ipsarum

1914 860 2144 925 bonum,
2204 861 2712 927 sanetificationem,
2748 864 2992 932 inquam,
3042 861 3281 932 Spiritus
3332 877 3478 930 qua:-

1916 959 2121 1012 rcntes,
2149 959 2317 1005 totam
2346 966 2499 1005 suam
2550 950 2769 1006 Christo
2803 950 3090 1005 aﬂixerunt
3133 949 3474 1017 charitatcm,

1918 1040 1996 1094 ibi
2036 1053 2452 1107 conversantur,
2491 1043 2791 1107 ambulant,
2819 1048 3020 1105 orant;
3048 1042 3121 1097 ibi
3147 1043 3480 1097 ratiocinan-

1917 1140 2036 1198 tur;
2064 1133 2138 1187 ibi
2166 1135 2521 1198 meditantur,
2554 1136 2623 1189 ab
2651 1134 2776 1189 aliis
2807 1136 3066 1191 omnibus
3095 1151 3318 1191 averse.
3344 1137 3478 1192 Nam

1915 1223 2159 1292 quinque
2195 1224 2391 1278 anima:
2420 1240 2631 1289 sensus,
2657 1227 2749 1295 qui
2775 1236 2904 1281 sunt
2935 1244 2948 1279 :
2976 1227 3290 1297 prudentia,
3316 1228 3477 1281 intel—

1915 1316 2156 1387 ligentia,
2177 1319 2457 1384 discretio,
2488 1320 2753 1389 patientia
2792 1329 2850 1375 et
2875 1319 3276 1381 misericordia,
3308 1317 3353 1372 si
3384 1333 3478 1372 su-

1914 1422 2084 1476 perne
2104 1408 2332 1477 gratiam
2371 1420 2426 1466 et
2464 1410 2955 1465 sanctificationem
2983 1409 3224 1479 Spiritus
3249 1424 3478 1477 accepe-

1916 1494 2047 1558 rint,
2076 1496 2207 1551 fient
2256 1498 2498 1567 virgines
2550 1515 2678 1553 vere
2725 1500 3022 1568 prudentes
3052 1515 3067 1553 :
3096 1499 3143 1551 si
3195 1505 3377 1551 autem
3426 1497 3478 1550 in

1916 1594 2107 1640 natura
2132 1588 2371 1657 ipsarum
2398 1591 2795 1658 relinquantur,
2821 1591 2986 1644 fatuae
3005 1589 3294 1643 verissime
3326 1603 3482 1656 repe-

1918 1678 2168 1744 riuntur;
2199 1689 2256 1734 et
2284 1681 2482 1735 merito
2503 1692 2863 1736 accensentur
2905 1681 3030 1735 tiliis
3062 1681 3225 1749 hujus
3270 1680 3477 1734 szeculi.

1988 1768 2052 1821 V.
2086 1766 2257 1823 Sicuti
2285 1771 2553 1839 hospitem
2592 1782 2804 1826 natura:
2835 1781 3033 1825 nostrae
3064 1771 3347 1829 malitiam.
3383 1784 3480 1837 per

235 1858 431 1919 οὖσαν,
454 1856 541 1907 διὰ
561 1852 618 1905 δὲ
641 1852 741 1923 τῆς
760 1849 1123 1922 παραϐάσεως
1145 1848 1240 1901 τοῦ
1271 1846 1488 1918 πρώτου
1522 1845 1814 1917 παμισδῦ-
1845 1858 1886 1911 Β
1914 1872 1915 1879 ι

1798 1873 1814 1887 ’
1845 1858 1886 1911 Β
1914 1857 2074 1925 primi
2123 1861 2612 1929 transgressionem
2642 1862 2881 1915 hominis
2920 1863 2976 1915 in
3006 1876 3106 1914 nos
3129 1875 3356 1929 peregre
3395 1861 3478 1912 in-

238 1966 342 2001 σαν
371 1945 662 2015 ἀνθρώπου
708 1939 1133 2010 κατεδεξάμεθα,
1165 1939 1328 2007 φύσιν
1359 1940 1493 2009 ημῖν
1529 1937 1609 2008 τῷ
1638 1938 1813 2008 χρόνῳ

235 2036 550 2101 καθαπερεὶ
580 2031 951 2101 γεννωμένην.
983 2027 1141 2083 Οὕτω
1179 2030 1244 2100 δὴ
1283 2030 1377 2081 καὶ
1407 2028 1498 2081 διὰ
1535 2027 1630 2080 τοῦ
1662 2028 1811 2094 ξένου

234 2132 429 2181 τούτου
455 2127 554 2195 τῆς
587 2123 860 2194 ἡμετέρας
892 2122 1125 2191 φύσεως,
1155 2121 1252 2189 τῆς
1274 2121 1618 2190 ἐπουρανίου,
1646 2120 1811 2189 φημὶ,

234 2220 333 2274 τοῦ
393 2217 710 2287 Πνεύματος
771 2214 1001 2285 δωρεᾶς,
1057 2213 1595 2285 ἀποσκορακισοῆναι
1656 2213 1815 2271 πάλιν

237 2311 410 2381 αὐτὴν
459 2310 560 2379 τῆς
602 2306 877 2379 ἡμετέρας
918 2306 1182 2378 προσήκει
1213 2306 1448 2374 φύσεως,
1478 2305 1573 2357 καὶ
1602 2306 1681 2368 είς
1714 2306 1814 2376 τὴν

239 2400 476 2471 ἀρχαίαν
505 2400 651 2468 ἡμᾶς
701 2395 1075 2464 καθαριότητα
1122 2395 1477 2463 καταστῆναι.
1525 2394 1614 2456 Ὠς
1656 2397 1704 2448 εί
1738 2396 1815 2465 μὴ

238 2493 403 2545 τοῦτο
433 2493 499 2561 τῇ
533 2489 701 2559 πολλῇ
732 2487 916 2558 δεήσει
939 2486 1036 2540 καὶ
1070 2485 1270 2549 πίστει,
1299 2488 1561 2557 προσοχῇ,
1590 2488 1683 2539 καὶ
1709 2486 1815 2538 τῶν

238 2580 336 2635 τοῦ
392 2581 597 2651 κόσμου
647 2578 962 2647 ἀποστροφῇ
1019 2577 1251 2643 γένοιτο,
1302 2576 1396 2629 καὶ
1440 2578 1474 2645 ὴ
1534 2575 1819 2644 μιανθεῖσα

243 2676 381 2746 πρὸς
410 2675 507 2745 τῆς
541 2673 736 2736 κακίας
769 2671 932 2740 φύσις
959 2669 1140 2741 ἡμῶν,
1166 2669 1271 2722 ὑπὸ
1305 2669 1404 2738 τῆς
1434 2669 1651 2740 ἀγάπης
1678 2668 1819 2722 ἐκεί-

242 2786 367 2837 νης,
397 2767 520 2836 ἥτις
559 2766 587 2817 ὁ
621 2762 823 2834 Κύριός
852 2764 1023 2827 ἐστιν,
1059 2759 1369 2830 άγιασθείη.
1415 2761 1511 2813 καὶ
1544 2760 1702 2831 μέχρι
1731 2761 1819 2813 τέ-

244 2858 370 2918 λους
403 2856 642 2908 ἀπτωτοι
679 2852 1046 2922 διαμείνωμεν
1090 2849 1200 2902 τῶν
1226 2848 1457 2902 ἐντολῶν
1504 2850 1669 2903 αὐτοῦ
1711 2849 1818 2903 τῶν

245 2947 412 2998 θείων
462 2941 952 3013 μεταποιούμενοι,
1013 2939 1113 3010 τῆς
1167 2938 1488 3009 ἐπουρανίου
1541 2939 1820 3009 βασιλείας

247 3034 532 3101 ἐπιτυχεῖν
560 3032 621 3084 οὐ
652 3030 952 3099 δυνάμεθα.

321 3122 414 3191 ς’.
450 3122 661 3175 Λεπτόν
707 3138 830 3174 τινα
874 3120 964 3173 καὶ
997 3120 1163 3190 βαθὺν
1213 3118 1370 3188 λόγον
1401 3120 1541 3174 κατά
1582 3121 1651 3174 τά
1698 3119 1820 3190 ἐμοὶ

248 3183 473 3272 δυνατά,
528 3210 755 3262 διελθεῖν
804 3183 1086 3280 βούλομαι.
1131 3183 1507 3280 Σωματοτοοιεῖ
1556 3183 1746 3263 ἐαυτὸν
1792 3183 1888 3263 6C

249 3309 479 3376 ἄπειρος
516 3304 608 3357 καὶ
636 3302 924 3372 ἀσώματος
949 3303 1150 3373 Κύριος
1176 3304 1264 3356 διὰ
1297 3305 1638 3374 χρηστότητα
1662 3304 1821 3358 ἀπει-

255 3415 372 3465 ῳν,
405 3397 501 3447 καὶ
552 3394 863 3464 σμικρύνει,
911 3393 985 3455 ὠς
1036 3393 1101 3446 ἄν
1141 3411 1223 3456 τις
1269 3394 1426 3462 φαίη,
1453 3394 1482 3446 ὁ
1515 3393 1684 3463 μέγας
1731 3393 1825 3445 καὶ

254 3486 600 3553 ύπερούσιος.
640 3484 735 3538 τοῦ
787 3484 1080 3553 δυνηθῆναι
1121 3486 1231 3547 τοῖς
1271 3487 1473 3555 νοεροῖς
1509 3484 1671 3536 αὑτοῦ
1712 3484 1827 3536 κτί-

254 3591 423 3646 σμασι
445 3574 817 3645 συγκραθῆναι
831 3574 1047 3644 ψυχαῖς,
1063 3574 1255 3640 ἁγίων,
1272 3574 1433 3643 φημὶ,
1453 3574 1545 3626 καὶ
1557 3572 1822 3641 ἀγγέλων,

255 3667 343 3719 ἴνα
376 3664 603 3717 δυναταὶ
641 3664 885 3732 γένοιντο
928 3664 1022 3716 καὶ
1050 3657 1209 3716 αὗται
1248 3663 1392 3731 ζωῆς
1423 3662 1690 3716 ἀθανάτου
1723 3666 1823 3732 τῆς

256 3755 423 3810 αὐτοῦ
454 3756 705 3826 θεότητος
746 3755 1064 3824 μετασχεῖν·
1118 3754 1241 3806 ἐπεὶ
1285 3754 1381 3806 καὶ
1410 3752 1641 3806 ἕκαστον
1687 3753 1827 3805 κατά

256 3850 356 3916 τὴν
393 3846 528 3899 ἰδίαν
554 3847 738 3915 φύσιν,
775 3844 935 3913 σῶμά
972 3846 1139 3909 ἐστιν,
1170 3846 1198 3897 ό
1231 3843 1481 3912 ἄγγελος,
1518 3844 1552 3912 ἡ
1593 3843 1761 3913 ψυχὴ,
1797 3846 1827 3895 ό

254 3938 488 4007 δαίμων.
523 3937 639 3989 Κᾶν
677 3936 785 4005 γὰρ
818 3934 990 3988 λεπτά
1018 3930 1150 3999 εἷεν,
1177 3933 1294 3987 ἀλλ’
1324 3936 1474 4003 ὅμως
1504 3935 1562 3986 ἐν
1590 3934 1826 3988 ὑποστά-

260 4047 342 4082 σει
374 4027 684 4099 χαρακτῆρι
706 4042 786 4092 τε,
814 4026 909 4078 καὶ
935 4026 1102 4079 εικόνι
1120 4024 1260 4078 κατὰ
1284 4025 1381 4095 τὴν
1411 4024 1712 4097 λεπτότητα
1731 4026 1829 4095 τῆς

258 4120 469 4174 ἐαυτῶν
508 4122 745 4187 φύσεως,
794 4114 954 4186 σῶμα
996 4116 1253 4184 τυγχάνει
1292 4114 1506 4170 λεπτόν.
1534 4116 1743 4188 Ὠσπερ
1772 4119 1830 4170 ἐν

259 4209 555 4264 ὑποστάσει
580 4209 730 4261 τουτὶ
753 4207 814 4260 τὸ
839 4206 999 4275 σῶμα
1019 4206 1162 4275 παχύ
1185 4208 1324 4268 ἐστι,
1354 4206 1498 4259 οὕτω
1514 4210 1608 4260 καὶ
1630 4209 1664 4278 ἡ
1685 4207 1831 4278 ψυχὴ

260 4302 423 4369 σῶμα
453 4295 588 4354 οὖσα
614 4298 810 4351 λεπτὸν
844 4296 1135 4366 περιέϐαλε
1168 4297 1263 4351 καὶ
1288 4297 1573 4350 ἐνεδύσατο
1603 4298 1671 4350 τὰ
1695 4299 1829 4367 μέλη

254 4392 413 4445 τοῦδε
448 4390 544 4444 τοῦ
585 4388 859 4458 σώματος.
897 4385 1224 4457 Περιέϐαλλε
1271 4387 1380 4457 γὰρ
1428 4389 1519 4441 τὸν
1556 4387 1832 4456 ὀφθαλμὸν

1913 1958 2119 2003 trusam
2147 1950 2510 2013 admisimus;
2540 1968 2738 2006 novam
2763 1953 2917 2021 quasi
2955 1963 3203 2006 naturam
3239 1951 3291 2003 in
3318 1950 3479 2003 nobis

1912 2053 2065 2093 mora
2097 2048 2153 2094 et
2182 2055 2282 2093 usu
2338 2042 2481 2110 longi
2514 2043 2778 2111 temporis
2805 2052 3113 2110 operatam;
3147 2042 3219 2094 ita
3248 2056 3344 2109 per
3378 2040 3480 2092 ho-

1913 2148 2042 2204 spes
2082 2149 2300 2204 quoque
2342 2135 2487 2190 istud
2526 2146 2725 2192 nostra:
2763 2145 2971 2191 natura:
3012 2136 3216 2189 bonum
3254 2134 3481 2201 (donum

1913 2226 2038 2280 dico
2070 2225 2308 2295 Spiritus
2356 2224 2613 2295 caelestis)
2650 2226 2851 2294 ejicere
2876 2226 3114 2280 vicissim
3159 2222 3480 2277 convenite

1929 2324 2116 2372 nostra
2159 2325 2352 2370 natura
2390 2326 2599 2383 pestem
2647 2316 2815 2379 illam,
2845 2325 2901 2371 et
2932 2316 2986 2369 in
3028 2315 3337 2385 primaevam
3380 2326 3483 2366 nos

1928 2404 2220 2460 restituere
2239 2406 2555 2475 puritatem.
2586 2405 2802 2460 Etenim
2822 2405 2923 2459 nisi
2957 2405 3128 2458 multa
3152 2403 3399 2458 oratione
3426 2409 3483 2455 et

1917 2494 2045 2559 fide,
2091 2497 2259 2551 multa
2283 2497 2605 2560 attentione,
2624 2506 2680 2551 et
2700 2497 2924 2551 a-rebus
2951 2495 3142 2550 mundi
3172 2494 3478 2553 aversione.

1916 2599 2339 2654 consequamur,
2383 2594 2446 2639 ut
2505 2587 2712 2656 polluta
2764 2587 3097 2641 immistione
3134 2584 3354 2640 malitia:
3384 2599 3483 2637 na-

1919 2683 2042 2730 tura
2072 2683 2281 2739 nostra,
2304 2674 2373 2730 ab
2402 2676 2493 2730 illa
2512 2676 2804 2738 charitate.
2829 2693 2949 2747 qua'
2977 2678 3121 2732 Deus
3151 2686 3257 2739 est,
3280 2676 3483 2730 sancti-

1921 2764 2148 2833 ficctur;
2184 2775 2240 2821 et
2265 2766 2333 2820 ad
2366 2766 2528 2823 finem
2564 2781 2737 2836 usque
2768 2766 2887 2820 sine
2920 2765 3128 2819 offensa
3163 2777 3485 2834 permanse—

1921 2858 2097 2912 rimus
2126 2859 2180 2911 in
2214 2858 2376 2927 plena
2398 2867 2456 2913 et
2480 2867 2670 2913 exacta
2714 2855 3027 2910 divinorum
3063 2856 3184 2923 ejus
3230 2853 3487 2906 observa-

1920 2948 2068 3002 tione
2118 2948 2523 3013 mandatorum,
2567 2933 2821 3002 celestis
2842 2944 2996 3015 regni
3038 2952 3320 3013 compotes
3365 2956 3488 2997 esse

1920 3055 2030 3093 non
2062 3040 2382 3109 poterimus.

1994 3133 2148 3204 l9],
2205 3131 2586 3189 VLSubtilem
2639 3128 2933 3200 quamdam
2982 3128 3490 3198 abstrusioremque

1921 3225 2246 3292 doctrinam,
2266 3232 2430 3294 prout
2460 3230 2672 3291 potero,
2690 3235 2965 3290 exponere
2996 3220 3086 3274 hic
3116 3220 3258 3273 volo.
3278 3219 3336 3274 In
3364 3236 3491 3275 cor-

1923 3330 2025 3384 pus
2055 3314 2457 3385 quodammodo
2495 3329 2553 3369 se
2593 3314 2769 3382 ipsum
2820 3308 3171 3365 transformat
3194 3307 3494 3361 immensus

1922 3416 1977 3459 et
2023 3406 2380 3474 incorporeus
2421 3404 2705 3467 Dominus,
2737 3416 2837 3471 per
2886 3399 3283 3470 benignitatem
3311 3396 3495 3452 inlini-

1928 3504 2038 3548 tam
2064 3511 2077 3555 ;
2108 3503 2165 3549 et
2192 3494 2414 3557 minuit,
2447 3508 2807 3563 parvumque,
2841 3500 2902 3544 ut
2935 3490 3017 3544 sic
3046 3489 3248 3552 dicam,
3273 3494 3494 3541 contra-

1926 3585 2064 3639 hens
2092 3599 2151 3638 se
2178 3584 2329 3647 facit,
2362 3584 2550 3654 ingens
2588 3584 2676 3636 ille
2704 3579 3269 3649 supersubstantialis,
3302 3586 3363 3632 ut
3397 3577 3477 3631 sic

1924 3674 2099 3741 possit
2161 3689 2285 3727 cum
2338 3671 2803 3727 intellectualibus
2855 3669 2971 3723 suis
3019 3668 3288 3723 creaturis
3337 3670 3494 3738 quasi

1926 3767 2254 3820 coalescere.
2286 3762 2512 3817 Animas
2545 3771 2861 3816 sanctorum
2889 3761 3035 3822 dico,
3067 3766 3124 3813 et
3151 3758 3395 3827 angelos,
3434 3772 3496 3817 ut

1927 3856 2005 3911 sic
2033 3858 2117 3911 hae
2152 3863 2422 3910 creaturte
2454 3853 2664 3922 possint
2710 3854 2834 3909 vita:
2874 3855 3220 3921 immortalis,
3246 3873 3355 3927 qua
3378 3857 3493 3928 ipsa

1926 3946 2045 4014 ejus
2076 3944 2335 3999 divinitas
2356 3943 2577 4007 fruitur,
2608 3944 2902 4014 participes
2927 3944 3374 4013 eﬂici.Quoniam
3397 3946 3494 3999 lto-

1928 4047 2050 4086 rum
2088 4031 2345 4101 quodque
2371 4030 2672 4086 secundum
2708 4033 2980 4101 propriam
3015 4041 3267 4088 naturam
3295 4048 3496 4103 corpus

1929 4131 2044 4187 est;
2081 4138 2302 4193 corpus,
2334 4122 2578 4192 inquam,
2604 4131 2733 4177 sunt
2759 4133 2816 4178 et
2844 4124 3089 4194 angelus,
3114 4132 3171 4180 et
3207 4124 3411 4191 anima,
3439 4133 3497 4179 et

1929 4214 2162 4269 daemon.
2192 4213 2310 4269 Etsi
2340 4214 2487 4267 enim
2521 4229 2609 4267 res
2636 4222 2829 4268 tenues
2856 4214 3198 4284 subtilesque
3223 4222 3372 4278 sunt,
3410 4223 3495 4268 ta-

1930 4322 2056 4361 men
2083 4308 2136 4361 in
2158 4306 2457 4376 hypostasi,
2478 4306 2813 4368 charactere,
2842 4320 2907 4359 ac
2930 4304 3104 4360 forma
3131 4305 3388 4375 propriis,
3409 4319 3496 4359 se—

1930 4398 2169 4453 cundum
2219 4395 2545 4451 tenuitatem
2594 4403 2809 4451 naturae
2837 4395 3081 4465 ipsorum
3122 4409 3324 4465 corpus
3365 4405 3495 4452 sunt

256 4485 328 4537 δι⁹
358 4479 531 4552 οὗπερ
580 4480 710 4548 γοῦν
754 4481 850 4532 καὶ
896 4480 1031 4550 ὁρᾷ⁹
1085 4477 1409 4545 περιέϐαλλε
1446 4478 1509 4530 τὸ
1549 4473 1639 4541 οὖς
1674 4476 1831 4530 τοῦτο
1855 4498 1909 4557 D

1809 4494 1831 4530 ο
1855 4498 1909 4557 Ῑ)
1936 4494 2100 4541 tenue
2125 4503 2140 4552 ;
2167 4486 2312 4541 sicut
2340 4485 2394 4540 in
2426 4500 2525 4539 sua
2553 4485 2831 4555 hypostasi
2861 4499 3062 4553 corpus
3089 4483 3193 4539 hoc
3218 4493 3489 4547 nostrum,

258 4576 346 4645 δὴ,
378 4574 447 4627 δι’
472 4566 533 4627 οὗ
556 4572 650 4625 καὶ
679 4570 892 4624 ἀκεύει’
918 4571 1016 4638 τὴν
1046 4571 1221 4638 χεῖρα,
1239 4568 1337 4637 τὴν
1367 4569 1509 4639 ῥῖνα,
1532 4571 1626 4620 καὶ
1652 4567 1825 4631 ἀπαξ-

260 4665 450 4727 απλῶς
499 4664 596 4716 ὅλα
636 4663 703 4715 τά
760 4661 900 4730 μέλη
933 4659 1027 4712 τοῦ
1075 4659 1327 4728 σώματος
1376 4659 1694 4729 περιέϐαλλε
1740 4661 1833 4712 καὶ

264 4752 575 4824 συνεκράθη
605 4751 746 4813 ὅλοις
769 4750 952 4814 αὐτοῖς
982 4748 1202 4820 ἡψυχὴ,
1232 4749 1300 4802 δι’
1324 4744 1386 4803 οὗ
1417 4750 1508 4801 καὶ
1531 4750 1704 4804 πάντα
1734 4752 1834 4804 ὅσα

260 4844 328 4912 δὴ
358 4842 438 4911 τῷ
482 4840 582 4911 βίῳ
625 4839 979 4910 ἐνστρέφεται
1024 4838 1427 4908 ἐπιτηδεύματα
1474 4838 1697 4893 διανύει.
1731 4841 1833 4893 Τὸν

263 4933 360 4990 οὖν
390 4933 553 4986 αὑτὸν
578 4932 797 5003 τρόπον,
836 4929 930 4982 καὶ
956 4929 989 4999 ἡ
1018 4928 1285 4998 ἀλάλητός
1316 4944 1375 4980 τε
1402 4930 1498 4981 καὶ⁵
1520 4928 1834 5000 ἀνεννόητος

262 5028 360 5082 τοῦ
403 5023 640 5096 Χριστοῦ
687 5021 993 5093 χρηστότης
1025 5020 1315 5090 σμικρύνει
1348 5021 1441 5073 καὶ
1474 5024 1838 5089 σωματοποιεῖ

266 5118 492 5187 ἐαυτὴν,
536 5114 632 5168 καὶ
663 5112 1027 5182 συγκιρνᾶται
1067 5111 1163 5163 καὶ
1190 5110 1589 5181 περιλαμϐάνει
1617 5110 1718 5174 τὰς
1746 5130 1836 5165 πιο

269 5209 403 5271 στάς
454 5206 549 5260 καὶ
596 5203 758 5273 φίλας
809 5199 975 5256 αὐτοῦ
1020 5200 1220 5271 ψυχὰς,
1268 5201 1362 5254 καὶ
1398 5202 1485 5266 είς
1530 5200 1598 5255 ἐν
1631 5201 1839 5267 αὑταῖς

266 5299 505 5368 πνεῦμα
550 5298 797 5365 γίνεται,
838 5293 981 5347 κατὰ
1009 5292 1071 5345 τὸ
1099 5292 1276 5360 λόγιον
1319 5292 1555 5357 Παύλου,
1586 5292 1731 5363 ψυχὴ
1759 5295 1837 5355 είς

267 5389 468 5460 ψυχὴν,
498 5387 575 5449 ὡς
603 5386 792 5455 φάναι,
819 5383 915 5436 καὶ
936 5382 1228 5446 ὑπόστασις
1250 5382 1379 5450 γοῦν
1408 5386 1488 5446 εἰς
1516 5384 1830 5448 ὑπόστασιν,

269 5480 345 5543 ὡς
378 5479 444 5531 ἂν
469 5479 535 5547 τῇ
564 5474 741 5546 τοιᾷδε
778 5474 924 5545 ψυχῇ
960 5476 1019 5526 ἐν
1043 5474 1109 5542 τῇ
1146 5473 1309 5526 αὐτοῦ
1342 5472 1555 5544 θεότητι
1585 5472 1745 5543 ζῆσαί
1775 5490 1833 5526 τε

271 5564 512 5635 ὑπάρξῃ,
547 5564 641 5615 καὶ
678 5562 945 5616 ἀθανάτου
985 5559 1131 5630 ζωῆς
1168 5561 1471 5627 ἐφικέσθαι,
1514 5564 1607 5614 καὶ
1643 5562 1833 5631 ἡδονῆς

272 5656 561 5725 ἀφθάρτου,
583 5653 678 5707 καὶ
714 5655 953 5725 ἀρρήτου
979 5650 1136 5721 δόξης
1174 5653 1605 5724 κατατρυφῆσαι.

347 5770 415 5822 "l
448 5769 573 5823 Cor.
599 5784 670 5831 tv,
709 5769 788 5820 l7.

1934 4590 2180 4630 crassum
2208 4591 2408 4644 corpus
2435 4584 2555 4640 est;
2592 4576 2777 4644 itaque
2822 4574 3003 4628 anima
3036 4588 3237 4644 corpus
3268 4590 3392 4630 cum
3422 4576 3494 4629 sit

1932 4666 2093 4720 exilis
2128 4666 2428 4730 tenuitatis,
2454 4665 2759 4720 circumdat
2789 4664 2892 4718 sibi
2923 4674 3089 4734 atque
3121 4665 3301 4720 induit
3326 4682 3496 4721 mem-

1935 4756 2035 4810 bra
2088 4757 2250 4827 hujus
2298 4757 2565 4826 corporis,
2611 4755 2790 4811 induit
2845 4771 3044 4827 nempe
3113 4757 3357 4822 oculum,
3397 4772 3495 4825 per

1934 4864 2099 4919 quem
2129 4849 2301 4912 videt,
2338 4862 2549 4913 aurem,
2580 4863 2678 4917 per
2700 4863 2864 4918 quam
2901 4849 3087 4913 audit,
3124 4864 3366 4911 manum,
3398 4864 3496 4902 na-

1936 4952 2024 4992 res
2049 4952 2065 5003 ;
2093 4952 2203 4991 uno
2232 4936 2421 5000 verbo,
2452 4945 2648 4990 cuncta
2697 4936 2947 5005 corporis
2980 4935 3225 4990 membra
3256 4936 3495 4990 circum-

1931 5025 2087 5095 ponit
2130 5025 2257 5088 sibi,
2286 5038 2525 5094 cumque
2551 5024 2660 5078 illis
2698 5028 2919 5094 penitus
2938 5026 3346 5087 commiscetur.
3372 5041 3499 5094 pcr-

1932 5129 2041 5183 que
2064 5115 2415 5170 hmccunctas
2437 5113 2751 5168 functiones
2788 5113 3039 5168 humanas
3061 5115 3497 5169 conversationis

1932 5207 2269 5277 exsequitur.
2294 5203 2376 5259 Ad
2416 5204 2649 5259 similem
2674 5204 2840 5275 igitur
2855 5203 3078 5259 modum
3124 5203 3417 5259 ineffabilia
3443 5212 3497 5256 et

1934 5292 2507 5364 incomprehensibilis
2554 5292 2760 5349 Christi
2814 5292 3034 5348 bonitas
3093 5293 3373 5350 contrahit
3435 5307 3501 5346 ac

1938 5400 2160 5455 parvam
2214 5382 2343 5437 facit
2381 5397 2447 5437 ac
2488 5382 2647 5453 quasi
2683 5383 2737 5437 in
2767 5397 2971 5453 corpus
3020 5382 3175 5454 fingit
3206 5398 3265 5439 se
3292 5383 3496 5453 ipsam;

1940 5482 2102 5543 atque
2126 5488 2183 5526 se
2219 5472 2532 5528 immiscens
2578 5472 2926 5541 amplectitur
2951 5472 3140 5529 fideles
3190 5482 3248 5529 et
3298 5474 3502 5530 amicas

1942 5563 2047 5617 sibi
2073 5564 2301 5626 animas,
2336 5572 2392 5617 et
2420 5578 2556 5616 unus
2597 5579 2715 5615 cum
2757 5565 2882 5633 ipsis
2934 5563 2995 5630 ﬁt
3033 5565 3280 5633 spiritus,
3310 5579 3504 5620 secun-

1943 5654 2072 5710 dum
2096 5652 2377 5708 oraculum
2406 5652 2556 5709 Pauli
2572 5653 2611 5685 ¹⁷
2632 5670 2646 5720 ;
2667 5656 2847 5709 anima
2872 5655 2927 5710 in
2951 5656 3208 5722 animata,
3232 5655 3391 5711 utsic
3416 5656 3502 5709 di-
