4254 6358
836 383 945 450 895
2065 386 2124 443 S.
2169 385 2484 444 MACARII
2524 383 2842 443 AZGYPTII
3985 380 4097 441 896

838 504 1013 560 catur,
1062 506 1118 551 et
1162 496 1437 567 hypostasi
1494 497 1545 550 in
1576 496 1907 566 hypostasnm
1931 496 2088 563 quasi
2117 496 2474 549 coalescente.
2505 496 2578 550 ‘L‘t
2608 512 2704 563 per
2734 498 2839 551 hoc
2897 497 2989 550 tali
3031 496 3227 549 anima:
3263 498 3317 549 in
3359 496 3531 565 ipsius
3572 494 3863 548 divinitate
3899 509 4100 546 vivere

837 589 1138 657 contingat,
1194 598 1251 643 et
1304 590 1369 641 ad
1418 589 1780 642 immortalem
1812 589 1975 641 vitam
2019 589 2235 641 tandem
2279 589 2587 657 pervenire,
2648 589 3037 659 voluptateque
3112 590 3458 658 incorrupta,
3510 597 3566 642 et
3600 584 3875 640 ineffabili
3911 584 4099 654 gloria

836 680 1092 749 gaudere.

911 796 1021 850 VII.
1056 797 1170 849 Tali
1199 786 1391 856 anima:
1428 796 1711 860 Dominus,
1758 798 1975 868 quoties
2004 796 2225 865 quidem
2262 795 2397 855 vult,
2430 810 2473 861 Α
2574 792 2591 842 2

2430 810 2473 861 Α
2574 789 2648 842 Z'.
2683 789 2760 859 Τῇ
2791 788 3017 861 τοιαύτῃ
3054 789 3219 859 ψυχῇ,
3274 789 3458 858 φησὶν,
3515 790 3544 840 ό
3576 788 3799 857 Κύριος,
3853 790 3950 841 ὅτε
3994 788 4099 858 μὲν

838 886 895 939 ﬁt
926 887 1085 957 ignis,
1113 903 1441 941 consumens
1466 888 1733 958 quidquid
1774 892 1827 942 in
1856 906 1916 943 ea
1952 904 2176 957 pravum
2208 902 2270 939 ac
2298 887 2399 938 ali-

838 977 981 1029 unde
1014 978 1286 1032 invectum
1317 991 1432 1043 est;
1460 981 1599 1033 sicut
1629 982 1701 1034 ait
1734 980 1995 1048 propheta
2024 998 2034 1030 :
2068 980 2201 1031 Dens
2228 988 2401 1029 noster

836 1068 970 1135 ignis
1010 1085 1313 1121 consumens
1349 1072 1505 1122 est“.
1544 1072 1691 1125 Alias
1737 1072 1913 1123 eidem
1950 1072 2143 1123 anima:
2174 1070 2229 1121 ﬁt
2261 1069 2399 1121 incf-

834 1158 1013 1211 fabilis
1036 1160 1191 1225 quies
1219 1176 1231 1209 :
1258 1160 1550 1226 aliquando
1580 1161 1837 1228 gaudium
1892 1172 1945 1214 et
2008 1177 2130 1227 pax,
2164 1161 2400 1212 circum-

834 1247 1042 1309 iovens,
1075 1256 1128 1299 et
1179 1247 1417 1315 undique
1466 1261 1801 1317 amplectens
1834 1252 2023 1318 ipsam.
2057 1250 2289 1301 Tantum
2328 1264 2395 1301 ne

833 1338 1075 1389 desimus
1130 1338 1335 1390 nostris
1373 1340 1638 1406 partibus,
1691 1353 1751 1393 ut
1802 1341 1951 1393 illutn
2010 1354 2277 1397 amemus.
2314 1340 2390 1391 illi

833 1429 1203 1497 gratiﬁcentur
1241 1430 1484 1482 moribus
1539 1431 1742 1497 probis.
1795 1433 1919 1483 Hzee
1961 1432 2052 1499 qui
2095 1431 2393 1498 praestabit,

835 1519 952 1585 ipso
989 1534 1149 1571 sensu
1203 1520 1514 1587 perspiciet.
1562 1522 1699 1573 inire
1741 1537 1798 1573 se
1844 1523 1952 1590 jam
1998 1522 2395 1589 possessionem

832 1606 1272 1659 inenarrabilium
1328 1608 1770 1676 bonorum,quae
1820 1612 2013 1663 oculus
2068 1625 2177 1662 non
2236 1609 2393 1669 vidit,

831 1715 979 1753 auris
1009 1717 1117 1753 non
1153 1702 1361 1754 audivit
1412 1711 1467 1755 et
1510 1704 1561 1755 in
1599 1719 1694 1757 cor
1735 1705 1973 1757 hominis
2000 1720 2106 1757 non
2141 1703 2402 1757 ascende—

834 1802 997 1854 runt;
1023 1807 1121 1858 per
1143 1807 1261 1859 quae
1289 1791 1525 1860 Spiritus
1546 1794 1761 1847 Domini
1794 1794 1851 1847 ﬁt
1882 1811 2025 1847 nunc
2044 1795 2096 1849 in
2131 1797 2396 1864 requiem,

832 1891 977 1928 nunc
1000 1877 1053 1928 in
1076 1878 1517 1941 exsultationem,
1539 1890 1596 1932 et
1628 1881 1961 1948 voluptatem
1998 1890 2053 1934 et
2076 1883 2241 1935 vitam
2278 1886 2399 1951 ejus

836 1967 1031 2019 animre
1087 1983 1206 2034 qua:
1238 1983 1295 2020 se
1334 1970 1427 2022 illo
1467 1970 1684 2038 dignam
1727 1971 2047 2024 ostenderit.
2083 1972 2399 2039 lncorporat

827 2059 973 2111 enim
1002 2074 1060 2111 se
1085 2059 1261 2126 ipsum
1303 2061 1446 2112 sicut
1472 2062 1525 2113 in
1553 2076 1735 2113 escam
1760 2062 2122 2129 spiritualem,
2156 2064 2228 2115 ita
2260 2072 2314 2116 et
2343 2064 2395 2116 in

2503 882 2753 951 βούλεται
2784 880 2893 949 πῦρ
2917 882 3149 947 γίνεται,
3186 884 3296 934 πᾶν
3336 883 3536 949 φαῦλον
3575 882 3744 951 αὐτῆς
3778 884 3873 934 καὶ
3900 883 4100 934 ἐπείσ-

2501 990 2665 1025 ακτον
2696 974 2967 1025 διακιῖον·
3005 972 3193 1040 ὥσπερ
3230 974 3323 1026 καὶ
3369 976 3395 1025 ό
3442 975 3725 1042 προφήτης
3770 976 3981 1040 φησίν·
4031 977 4099 1025 '0

2504 1067 2647 1130 Θεὸς
2685 1065 2852 1132 ἡμῶν
2877 1066 2995 1131 πῦρ
3026 1067 3494 1119 καταναλίσκον,
3527 1066 3654 1117 Ὅτε
3686 1065 3739 1117 δὲ
3770 1066 4097 1126 ἀνάπαυσις

2503 1159 2760 1226 ἇῤῥητος,
2812 1161 2898 1209 ὅτε
2940 1160 2995 1211 δὲ
3039 1159 3181 1227 χαρά
3213 1165 3307 1210 καὶ
3351 1161 3560 1227 εἰρήνη,
3596 1157 3959 1225 περιθάλπων
3999 1158 4098 1207 καὶ

2503 1250 2841 1318 περιϐάλλων
2874 1251 3064 1318 αὑτήν.
3102 1250 3276 1301 Μόνον
3324 1250 3381 1301 ἐν
3422 1249 3623 1317 σπουδῇ
3676 1248 3859 1299 θετέον
3910 1248 4096 1314 φιλεῖν

2502 1342 2663 1392 αὐτὸν
2714 1341 2807 1392 καὶ
2865 1341 3185 1408 χαρίζεσθαι
3226 1342 3446 1408 τρόποις
3498 1340 3739 1405 ἀγαθοῖς,
3796 1343 3892 1392 καὶ
3943 1343 4092 1408 αὐτῇ

2502 1433 2688 1501 πείρᾳ,
2735 1432 2869 1499 αὑτῇ
2926 1431 3167 1499 αἰσθήσει
3225 1432 3411 1498 ὄψεται
3464 1432 3739 1499 ἀῲάμενος
3791 1432 4093 1499 άλαλήτων

2503 1522 2743 1587 ἀγαθῶν,
2788 1521 2821 1571 ἂ
2849 1520 3125 1587 ὀφθαλμὸς
3157 1521 3254 1571 οὐκ
3288 1520 3415 1579 εἶδε,
3455 1522 3547 1571 καὶ
3592 1519 3683 1581 οὓς
3715 1521 3812 1571 οὐκ
3849 1522 4090 1587 ἤκουσε,

2503 1614 2595 1663 καὶ
2626 1612 2716 1661 ἐπὶ
2748 1612 2974 1679 καρδίαν
2996 1610 3281 1678 ἀνθρώπου
3307 1614 3404 1663 οὐκ
3432 1612 3618 1678 ἀνέϐη,
3646 1614 3743 1662 ὅσα
3768 1612 3825 1662 τὸ
3853 1612 4088 1679 Πνεῦμα

2501 1703 2707 1770 Κυρίου
2753 1702 2986 1766 γίνεται,
3016 1701 3171 1752 τοῦτο
3220 1702 3319 1770 μὲν
3353 1704 3431 1763 είς
3474 1703 3798 1761 ἀνάπαυσιν,
3836 1702 4000 1753 τοῦτο
4040 1703 4087 1751 δ’

2501 1794 2574 1855 εἰς
2607 1792 2921 1858 ἀγαλλίασιν
2953 1794 3044 1843 καὶ
3069 1793 3299 1862 τρυφὴν,
3327 1794 3418 1843 καὶ
3450 1792 3592 1861 ζωὴν
3624 1793 3721 1861 τῆς
3750 1792 3910 1856 ἀξίας
3935 1794 4087 1843 ἐκεῖ-

2501 1901 2590 1935 νου
2635 1884 2992 1953 δεικνυμένης
3045 1883 3241 1952 ψυχῆς.
3296 1884 3673 1951 Σωματοποιεῖ
3719 1885 3829 1951 γάρ
3888 1882 4086 1934 ἑαυτὸν

2503 1974 2784 2042 ὦσπερείς
2812 1975 3015 2044 βρῶσιν
3044 1977 3437 2045 πνευματικὴν,
3468 1975 3609 2027 οὕτω
3639 1977 3729 2027 καὶ
3764 1978 3843 2037 είς
3870 1974 4087 2041 ἕνδυμά

2500 2082 2559 2116 τε
2615 2067 2707 2117 καὶ
2746 2067 2919 2135 κάλλη
2976 2068 3370 2137 ἀνεκὸιήγητα,
3429 2066 3494 2119 ἵν’
3527 2066 3867 2134 εὐφροσύνης
3938 2066 4085 2117 οὕτω

828 2151 1205 2203 indumentum
1260 2158 1315 2203 et
1357 2161 1609 2203 ornatum
1655 2152 2038 2204 inenarrabilis
2061 2152 2389 2220 splendoris,
2426 2155 2464 2209 Β
2496 2172 2508 2203 1

2426 2155 2464 2209 Β
2496 2154 2757 2224 πληρώση
2785 2156 3160 2224 πνευματικῆς
3180 2173 3194 2187 ο
3234 2157 3377 2223 Ἐγὼ
3399 2156 3505 2225 γάρ
3531 2160 3664 2223 ειμι,
3694 2157 3879 2223 φησιν,
3917 2159 3949 2207 ό
3981 2156 4084 2222 ὁρ-

827 2242 990 2295 utsic
1012 2256 1130 2293 eam
1172 2240 1440 2307 spirituali
1478 2240 1664 2293 laetitia
1692 2242 1937 2308 impleat.
1968 2242 2079 2311 Ego
2104 2243 2272 2306 enim,
2294 2244 2393 2304 ait,

826 2331 977 2399 panis
1006 2329 1123 2381 vita:
1143 2344 1257 2379 sum
1278 2329 1337 2379 ".
1368 2328 1433 2380 Et
1465 2344 1478 2377 :
1520 2325 1618 2390 Qui
1650 2329 1829 2379 biberit
1858 2344 1919 2381 ea:
1946 2346 2083 2395 aqua
2119 2347 2276 2398 quant
2306 2347 2396 2400 ego

826 2419 958 2471 dabo
982 2420 1046 2480 ei,
1072 2418 1162 2485 [iet
1192 2420 1243 2470 in
1264 2434 1322 2469 eo
1345 2417 1460 2483 fons
1507 2432 1661 2487 aqua:
1694 2417 1931 2471 salientis
1957 2420 2011 2471 in
2042 2421 2203 2472 vitam
2240 2430 2396 2474 teter-

831 2512 1035 2562 nam".

898 2615 1131 2668 Vlll.lta
1169 2616 1366 2684 cuique
1419 2614 1765 2669 sacerdotum
1810 2623 1865 2667 et
1889 2624 2204 2669 sanctorum
2253 2617 2398 2671 Deus

824 2706 1097 2771 apparuit,
1148 2712 1205 2757 ut
1254 2713 1305 2756 et
1343 2704 1443 2771 ipsi
1496 2703 1601 2756 fuit
1649 2705 1759 2758 Deo
1804 2705 2064 2775 placitum
2099 2715 2154 2759 et
2185 2707 2394 2759 videnti

825 2793 959 2845 utile
986 2807 997 2840 :
1031 2792 1187 2845 aliter
1212 2792 1545 2855 Abraltamo,
1582 2793 1741 2847 aliter
1763 2794 1971 2858 Isaaco,
1995 2796 2154 2849 aliter
2178 2811 2395 2864 quoque

824 2882 1048 2945 Jacobo,
1086 2884 1220 2945 Noe,
1253 2885 1483 2947 Danieli,
1537 2886 1691 2949 Mosi,
1737 2887 1948 2948 Davidi,
1996 2898 2051 2941 et
2099 2889 2395 2957 unicuique

825 2973 1235 3041 prophetarum,
1292 2973 1546 3027 minuens
1604 2981 1660 3027 et
1712 2975 1765 3027 in
1829 2990 2029 3043 corpus
2080 2974 2286 3044 ﬁngens
2337 2992 2395 3030 se

825 3063 1028 3132 ipsum,
1076 3063 1218 3115 sicut
1269 3061 1475 3116 dictum
1521 3070 1627 3127 est,
1662 3066 2161 3135 transﬁguransque
2196 3081 2274 3127 se,
2334 3082 2397 3120 ac

824 3154 998 3206 forma
1030 3152 1231 3206 visibili
1276 3162 1554 3221 assumpta
1591 3153 1915 3206 intuendum
1945 3169 2003 3207 se
2034 3154 2283 3222 prtebeus
2308 3156 2393 3208 di-

823 3244 1121 3314 ligentibus
1149 3244 1332 3313 ipsum
1356 3260 1372 3309 ;
1400 3260 1505 3297 non
1529 3257 1767 3313 quantus
1788 3254 1889 3308 est,
1924 3260 2047 3299 cum
2081 3248 2155 3301 sit
2189 3245 2395 3299 incom-

822 3335 1248 3404 prehensibilis;
1293 3335 1387 3390 sed
1430 3345 1696 3405 quantum
1752 3336 1827 3389 illi
1882 3350 2077 3404 capere
2116 3346 2391 3403 possunt;

820 3433 1049 3496 propter
1104 3424 1336 3477 multum
1388 3434 1445 3478 et
1509 3424 2141 3493 incomprehensibilem,
2182 3440 2292 3494 quo
2338 3426 2392 3479 in

823 3520 973 3590 ipsos
995 3517 1193 3581 fertur,
1219 3531 1486 3571 amorem.

891 3644 984 3701 IX.
1012 3644 1211 3698 Anima
1255 3642 1352 3695 Dei
1404 3641 1720 3709 dignatione
1768 3651 2083 3705 consecuta,
2118 3652 2178 3696 ut
2226 3643 2394 3695 virtu-

823 3747 930 3791 tem
961 3736 1107 3789 illam
1143 3749 1210 3787 ex
1252 3734 1383 3796 alto,
1418 3733 1775 3802 divinumque
1822 3732 1974 3784 illum
2020 3732 2199 3799 ignem
2247 3734 2391 3786 intra

820 3843 878 3881 se
909 3826 1268 3880 domesticum
1301 3823 1530 3887 habeat;
1558 3823 1648 3875 illa
1674 3822 2077 3890 supercmlestis
2106 3822 2233 3875 boni
2266 3822 2391 3891 Spi-

820 3920 962 3973 ritus
995 3916 1152 3986 quasi
1184 3924 1500 3970 concretam
1538 3914 1653 3967 suis
1696 3914 1866 3981 ipsius
1916 3914 2178 3968 membris
2212 3914 2391 3967 chari-

821 4018 984 4064 tatem
1009 4010 1165 4078 192
1198 4008 1473 4069 obtinens,
1497 4006 1645 4059 omni
1672 4005 1917 4074 proiecto
1947 4005 2206 4058 mundani
2238 4020 2390 4058 amo-

821 4102 897 4155 ris
931 4100 1219 4169 expeditur
1263 4113 1430 4159 nexu,
1456 4104 1509 4149 et
1538 4095 1759 4148 vinculo
1792 4095 2012 4147 malitiae
2042 4095 2290 4148 solvitur.
2320 4095 2392 4150 Ut

820 4197 966 4251 enim
990 4193 1215 4253 ferrum,
1250 4189 1793 4258 plumbum,aurum,
1829 4195 2113 4256 argentum
2144 4187 2389 4255 conjecta

817 4284 875 4339 in
904 4284 1083 4353 ignem
1110 4281 1431 4341 solvuntur;
1475 4278 1827 4345 ipsorumque
1867 4276 2179 4330 inﬂexibilis
2226 4287 2389 4330 antea

816 4384 873 4429 et
891 4373 959 4427 ad
983 4382 1187 4425 tactum
1213 4369 1471 4421 resistens
1488 4366 1731 4419 soliditas
1759 4367 1812 4418 in
1844 4366 2065 4419 ﬂuidam
2100 4368 2383 4420 mollitiem

815 4476 1088 4529 mutatur;
1118 4466 1187 4517 ita
1215 4469 1274 4514 ut
1310 4460 1553 4528 quandiu
1583 4460 1636 4512 in
1676 4460 1795 4527 igne
1824 4468 2088 4527 perstant,
2118 4458 2281 4521 ﬂuxa,
2321 4458 2389 4511 li-

814 4555 1003 4627 quida,
1053 4554 1289 4607 resoluta
1334 4560 1633 4604 cernantur
1676 4558 1730 4603 et
1762 4550 1890 4611 sint,
1922 4550 2197 4618 rigiditate
2230 4565 2387 4619 pror-

814 4662 907 4703 sus
941 4645 1187 4713 deposita
1226 4640 1485 4701 naturali,
1510 4639 1580 4691 ob
1606 4638 1833 4693 ﬂammzc
1867 4641 1975 4692 vim
2011 4659 2023 4692 :
2060 4641 2141 4694 sic
2164 4650 2218 4693 et
2264 4640 2385 4693 ani-

815 4754 901 4791 ma
932 4753 1053 4805 quae
1090 4733 1539 4803 supercmlestem
1565 4731 1716 4783 illum
1749 4729 2000 4799 concepit
2044 4732 2223 4799 ignem
2276 4731 2386 4799 spi-

2500 2263 2601 2309 τος
2630 2245 2736 2312 τῆς
2766 2246 2948 2314 ζωῆς*
2982 2250 3093 2311 καὶ,
3146 2248 3207 2300 Ὀ
3231 2250 3420 2299 πίνων
3468 2248 3536 2299 ἐκ
3576 2247 3681 2300 τοῦ
3730 2246 3955 2311 ὓδατος
4008 2242 4082 2301 οὗ

2498 2336 2611 2404 ἐγὼ
2660 2338 2831 2389 δώσω
2878 2338 3055 2402 αὐτῷ,
3094 2339 3408 2407 γενήσεται
3446 2338 3606 2403 αὐτῷ
3645 2338 3806 2407 πηγὴ
3854 2337 4082 2403 ὕδατος

2499 2427 2839 2494 ἁλλομένου
2866 2432 2952 2493 εἰς
2981 2428 3133 2497 ζωὴν
3164 2430 3425 2482 αἰώνιον.

2569 2613 2651 2668 Η’.
2689 2616 2865 2679 υῦτω,
2898 2616 3052 2685 φησὶ,
3082 2616 3174 2668 καὶ
3206 2617 3420 2686 ἑκάστῳ
3450 2617 3526 2686 τῷ
3559 2618 3744 2687 ἱερέων
3778 2620 3870 2671 καὶ
3900 2620 4079 2686 ἁγίων

2496 2706 2524 2756 ό
2558 2705 2687 2767 Θεὸς
2716 2704 2893 2775 ὤφθη,
2948 2708 3023 2767 ὡς
3061 2706 3208 2774 αὐτῷ
3242 2706 3451 2775 θέλημα
3491 2708 3584 2760 καὶ
3632 2708 3709 2777 τῷ
3746 2710 3944 2778 ὁρῶντι
3986 2710 4081 2761 λυ-

2500 2796 2726 2859 σιτελὲς,
2773 2791 2902 2858 οἷον,
2952 2798 3126 2860 ἄλλως
3178 2799 3256 2868 τῷ
3299 2799 3567 2868 Ἀϐραὰμ,
3624 2802 3719 2853 καὶ
3771 2801 3949 2864 ἄλλως
3998 2803 4077 2873 τῷ

2512 2887 2713 2951 Ἰσαὰκ,
2744 2888 2821 2957 τῷ
2872 2889 3067 2941 Ἰακὼϐ
3100 2889 3293 2951 ἄλλως,
3320 2889 3398 2958 τῷ
3436 2890 3582 2953 Νῶε,
3621 2890 3696 2959 τῷ
3744 2892 3965 2959 Δανιὴλ,
3998 2893 4077 2960 τῷ

2496 2978 2704 3042 Μωςεί,
2738 2980 2816 3047 τῷ
2846 2981 3032 3042 Δαϐὶδ,
3065 2982 3159 3033 καὶ
3193 2981 3407 3047 ἑκάστῳ
3453 2980 3558 3032 τῶν
3593 2982 3910 3049 προφητῶν,
3951 3000 4075 3050 σμι-

2497 3067 2708 3133 κρύνων
2759 3068 2950 3119 ἑαυτὸν
2992 3069 3085 3120 καὶ
3142 3070 3557 3136 σωματοποιῶν,
3607 3069 3794 3138 ὥσπερ
3825 3073 4068 3140 εἴρηται,

2498 3157 3017 3225 μεταμορφούμενός
3048 3174 3105 3208 τε
3139 3161 3230 3211 καὶ
3260 3160 3647 3227 ὀπτανόμενος,
3680 3162 3890 3221 τούτοις
3929 3163 4070 3228 ἀγα-

2497 3246 2668 3299 πῶσιν
2694 3248 2873 3309 αὑτὸν,
2896 3249 2956 3299 οὐ
2986 3248 3216 3301 καθόσον
3236 3249 3397 3310 αὐτός
3422 3251 3567 3302 ἐστιν
3586 3248 3889 3320 (ἀχώρητος
3916 3251 4071 3319 γάρ),

2494 3336 2629 3389 ἀλλά
2669 3338 2809 3390 κατά
2838 3340 2937 3408 τὴν
2972 3340 3195 3391 ἐκείνων
3228 3340 3468 3409 χώρησὶν
3494 3356 3553 3392 τε
3586 3341 3681 3392 καὶ
3702 3340 3956 3410 δύναμιν,
3982 3342 4071 3394 διὰ

2496 3428 2593 3498 τὴν
2637 3428 2838 3498 πολλὴν
2873 3430 2965 3483 καὶ
2996 3432 3355 3500 ἀπερινόητον
3403 3432 3469 3501 ἢν
3523 3431 3681 3501 ἔσχεν
3728 3434 3808 3494 τίς
3872 3433 4069 3495 αὐτοὺς

2419 3508 2462 3564 C
2494 3521 2734 3589 ἀγάπην.

2562 3630 2639 3685 Θ’.
2666 3631 2826 3701 Ψυχὴ
2858 3630 3251 3694 καταξιωθεῖσα
3278 3632 3375 3703 τὴν
3396 3633 3453 3698 ἐξ
3481 3632 3647 3702 ὕψους
3672 3637 4065 3691 είσοικίσασθαι

2492 3722 2741 3791 δύναμιν,
2775 3725 2866 3776 καὶ
2894 3725 2954 3776 τὸ
2987 3725 3099 3794 πῦρ
3128 3726 3303 3778 ἐκεῖνο
3330 3727 3390 3777 τὸ
3421 3726 3583 3789 θεῖον,
3630 3729 3727 3781 καὶ
3758 3730 3856 3800 τὴν
3901 3734 4061 3782 ὲπου-

2497 3808 2677 3876 ράνιον
2710 3809 2801 3861 τοῦ
2837 3810 3041 3877 ἀγαθοῦ
3077 3813 3387 3880 Πνεύματος
3423 3814 3646 3885 ἀγάπην
3682 3820 4061 3888 συγκεκραμέ-

2494 3916 2589 3967 νην
2642 3898 2839 3969 ἔχουσα
2888 3902 2999 3963 τοῖς
3051 3902 3243 3955 ἑαυτοῦ
3298 3904 3506 3973 μέλεσι,
3560 3908 3742 3975 πάσης
3796 3911 4060 3977 κοσμικῆς

2491 3990 2712 4060 ἀγάπης
2741 3992 2983 4061 ἀτεχνῶς
3008 3993 3213 4058 λύεται,
3240 3996 3335 4048 καὶ
3366 3994 3568 4063 δεσμοῦ
3601 3998 3799 4061 κακίας
3826 4000 4053 4054 ἀνίεται.

2494 4084 2704 4152 Ὠσπερ
2733 4086 2840 4155 γὰρ
2877 4087 3094 4157 σίδηρος
3123 4089 3156 4158 ἢ
3200 4089 3479 4158 μόλυϐδος,
3511 4093 3710 4161 χρυσός
3744 4110 3801 4145 τε
3832 4095 3928 4147 καὶ
3962 4096 4058 4165 ἀρ-

2490 4192 2655 4242 γυρος
2685 4178 2817 4245 πυρὶ
2839 4177 3207 4246 παραϐληθεὶς
3232 4178 3437 4240 λύεται,
3468 4181 3561 4233 καὶ
3592 4181 3691 4251 τῆς
3724 4183 3936 4249 φύσεως
3962 4185 4057 4238 at)-

2488 4268 2581 4343 τοῦ
2616 4268 2675 4320 τὸ
2709 4268 2995 4320 ἀντίτυπον
3023 4271 3100 4331 είς
3129 4269 3443 4339 ἁπαλότητα
3479 4272 3825 4339 μεταϐάλλει,
3865 4275 3919 4325 ὲν
3951 4277 4053 4345 ὅσῳ

2489 4377 2546 4410 τε
2574 4360 2649 4426 τῷ
2678 4360 2812 4427 πυρὶ
2849 4360 3042 4427 ὁμιλεῖ,
3071 4358 3267 4429 χαῦνός
3288 4362 3403 4413 ἐστι
3442 4363 3535 4414 καὶ
3564 4363 3806 4427 ἔκλυτος,
3837 4366 3929 4417 καὶ
3959 4368 4052 4433 τὴν

2490 4444 2726 4513 φυσικὴν
2754 4445 3143 4515 ἀποϐεϐληκὼς
3176 4448 3499 4502 ἀντιτυπίαν
3522 4450 3609 4503 διὰ
3632 4452 3729 4521 τὴν
3758 4453 3849 4505 τοῦ
3888 4455 4049 4524 πυρὸς

2488 4534 2718 4602 δύναμιν
2739 4551 2751 4563 ’
2781 4535 2922 4587 οὕτω
2962 4537 3220 4607 καὶψυχὴ
3255 4539 3315 4591 τὸ
3344 4541 3663 4609 ἐπουράνιον
3697 4544 3871 4596 ἐκεῖνο
3902 4545 4050 4608 δεξι-

2492 4627 2627 4696 μένη
2659 4626 2767 4697 πῦρ
2799 4628 2896 4696 τῆς
2928 4628 3145 4697 ἀγάπης
3179 4629 3273 4681 τοῦ
3305 4631 3639 4699 Πνεῦματος,
3681 4633 3859 4703 πάσης
3889 4652 4050 4701 προσ-

2490 4718 2721 4779 παθείας
2758 4718 2851 4770 τοῦ
2895 4719 3160 4787 κοσμικοῦ
3191 4721 3508 4788 Πνεῦματος
3535 4725 3788 4792 ἐκχωρεί,
3821 4727 3914 4777 καὶ
3947 4726 4046 4778 τῶν

816 4833 1028 4889 ritualis
1057 4828 1361 4890 charitatis,
1391 4840 1606 4880 omnem
1637 4840 1665 4877 a
1725 4839 1781 4877 se
1822 4823 2075 4876 aﬂ‘eetum
2122 4822 2383 4877 mundani
2419 4810 2496 4896 D‘

2370 4822 2383 4875 ί
2419 4842 2462 4896 D
2489 4807 2701 4873 δεσμῶν
2726 4808 2941 4875 ἀφίεται
2970 4812 3065 4877 τῆς
3087 4810 3301 4875 κακίας,
3330 4812 3385 4875 ἐξ
3410 4813 3577 4880 αὐτῆς
3602 4830 3661 4865 τε
3690 4813 3788 4882 τῆς
3821 4815 4044 4883 φυσικῆς

813 4925 1038 4993 spiritus
1070 4919 1259 4989 procul
1292 4918 1476 4980 habet,
1521 4915 1865 4981 vinculisque
1914 4915 2135 4967 malitiae
2170 4914 2385 4967 cunctis

813 5012 1142 5073 exsolvitur;
1172 5017 1227 5062 et
1257 5024 1323 5060 ex
1350 5006 1465 5075 ipsa
1490 5021 1546 5059 se
1568 5006 1777 5058 relaxat
1799 5003 2159 5058 emollescens
2182 5003 2384 5056 duritie

814 5101 1050 5171 peccati;
1078 5114 1241 5168 parva
1271 5097 1451 5149 omnia
1475 5094 1750 5148 mundana
1781 5102 2064 5162 reputans,
2086 5103 2140 5148 et
2167 5102 2227 5146 ut
2254 5094 2383 5147 vilia

813 5200 1188 5246 contcnmens.
1230 5185 1379 5238 Hanc
1409 5185 1494 5237 aio
1520 5184 1776 5252 equidem
1801 5185 1884 5237 vel
1912 5186 1955 5236 si
1981 5184 2246 5252 quosdam
2268 5183 2382 5237 fra-

816 5290 927 5333 tres
970 5278 1187 5339 habeat,
1226 5274 1326 5342 ipsi
1361 5273 1751 5335 cbarissimos;
1801 5274 2147 5340 senseritque
2174 5271 2378 5341 aliquid

814 5364 1187 5437 impedimenti
1229 5364 1376 5430 ipsos
1409 5362 1646 5430 objicere
1676 5361 1941 5415 exercitio
1970 5377 2082 5414 sure
2112 5363 2163 5415 in
2208 5363 2377 5415 Deum

814 5456 1116 5518 citaritatis,
1150 5453 1322 5508 amori
1370 5453 1634 5520 ipsorum,
1673 5453 1926 5504 nuntium
1959 5455 2231 5521 extemplo
2258 5469 2377 5507 esse

813 5548 1185 5603 remissuram.
1222 5542 1277 5597 Si
1303 5543 1450 5595 enim
1480 5557 1631 5593 amor
1660 5558 1789 5611 erga
1823 5544 2042 5612 nuptias
2086 5543 2156 5597 ob
2186 5559 2378 5597 carna—

885 5746 927 5778 ⁸⁸
951 5746 1107 5800 Deut.
1134 5763 1205 5811 tv,
1238 5747 1326 5813 24;
1374 5745 1541 5801 ilebr.
1574 5762 1666 5812 xu,
1694 5745 1783 5801 29.
1864 5746 1903 5776 "
1928 5743 2083 5798 Joan.
2118 5758 2189 5808 vt,
2226 5742 2311 5798 5|.

2494 4900 2856 4970 σκληρότητος
2898 4902 3220 4970 μεταϐάλλει
3248 4904 3345 4972 τῆς
3371 4905 3665 4973 ἁμαρτίας,
3703 4908 3875 4974 μικρά
3916 4908 4041 4959 πάν-

2484 5009 2549 5043 τα
2585 4991 2905 5061 λογιζομένη
2948 4994 3041 5044 καὶ
3070 4993 3430 5061 ἀτιμάζοντα.
3467 4997 3613 5064 Φημὶ
3643 4997 3686 5047 δ’
3717 4997 3802 5050 ὅτι
3845 4999 3944 5051 κᾶν
3969 5017 4043 5055 τι-

2484 5104 2571 5141 νες
2597 5088 2735 5157 αὐτῇ
2779 5083 2886 5140 εἶεν
2911 5088 3127 5156 ἀδελφοὶ
3162 5091 3283 5141 κατ’
3310 5090 3485 5159 ἄκραν
3530 5091 3861 5159 φιλούμενοι,
3916 5097 4040 5161 πρὸς

2480 5179 2536 5230 δὲ
2562 5180 2777 5246 ἐκείνην
2812 5180 2947 5248 αὐτῇ
2981 5182 3398 5249 παραποδίζοιεν
3424 5183 3523 5251 τὴν
3557 5184 3797 5253 ἀγάπην,
3832 5187 3922 5236 καὶ
3951 5188 4039 5238 αὖ·

2486 5271 2610 5331 τοὺς
2650 5269 2715 5321 ἂν
2764 5270 3227 5341 ἀποστέρξοιεν,ή
3271 5272 3348 5341 τῷ
3389 5272 3611 5342 τοιούτῳ
3643 5274 3804 5342 ἔρωτι
3852 5276 4041 5327 ἁλοῦσα

2485 5361 2652 5429 ψυχή.
2708 5362 2768 5412 Εἰ
2820 5362 2927 5430 γὰρ
2978 5364 3246 5432 σαρκικῆς
3288 5364 3567 5425 κοινωνίας
3615 5366 3801 5434 ἀγάπη
3850 5368 4035 5433 γάμηυ,

2488 5450 2692 5517 πατρός
2735 5467 2791 5501 τε
2832 5451 2926 5501 καὶ
2963 5453 3195 5521 μητέρος
3240 5454 3334 5504 καὶ
3370 5452 3614 5519 ἀδελφῶν
3644 5453 3910 5521 διίστησι·
3948 5455 4038 5507 κᾶν

2486 5560 2568 5603 τις
2594 5542 2720 5610 φιλῇ
2757 5560 2873 5594 τινα
2897 5543 3117 5607 τούτων,
3152 5544 3209 5609 ἐξ
3242 5544 3503 5614 ἐπιπολῆς
3534 5545 3693 5613 φιλεῖ,
3721 5546 3817 5613 τὴν
3854 5545 3908 5597 δὲ
3932 5546 4034 5601 διά-

2391 5745 2434 5775 ¹⁰
2454 5741 2587 5797 ibid.
2628 5744 2694 5798 Η
