4254 6358
267 382 371 451 897

1279 392 1507 454 LIBER
1545 392 1644 456 DE
1679 393 2152 459 ELEVATIONE
2190 398 2501 462 MENTIS.

264 495 419 548 θεσιν
446 493 577 563 δλην
617 495 835 550 καὶτὸν
885 497 1045 552 πόθον
1092 500 1227 572 πρὸς
1270 490 1372 571 τὴν
1422 505 1839 574 συνῳκισμένην
1864 508 1944 569 Δ]

1825 522 1839 558 ρ
1864 512 1909 569 Α
1937 507 2047 563 lem
2076 511 2523 581 eonjunctionem
2547 509 2730 575 initas,
2756 523 2788 564 a
2824 514 3000 579 patre,
3045 516 3224 564 matre
3247 520 3305 567 et
3326 510 3505 567 fratri-

261 584 414 653 αὑτῷ
443 589 668 640 τέταχεν
685 605 700 619 ·
730 590 779 640 εί
807 592 840 660 ή
880 592 981 661 τῆς
1009 594 1210 661 σαρκὸς
1239 595 1392 663 φιλία
1417 595 1562 649 οὕτω
1590 595 1706 649 λύει
1734 596 1843 651 πά-

264 690 366 739 σης
385 674 552 743 ἀλλης
582 675 674 729 τοῦ
707 678 912 747 κόσμου
947 679 1151 748 φιλίας,
1195 684 1358 753 σχολῇ
1389 684 1442 751 γ’
1471 683 1540 737 ἂν
1564 684 1617 737 oi
1648 686 1843 755 ἐκείνῳ

261 762 345 833 τῷ
390 765 594 817 ἀπαθεῖ
639 766 929 837 βληθέντες
980 770 1143 840 ἔρωτι
1195 774 1303 826 τινὶ
1342 774 1451 827 τῶν
1493 774 1589 827 τοῦ
1638 775 1842 844 κόσμου

285 856 544 910 καθεκτοὶ
566 859 825 926 γένοιντο.

1942 596 2048 653 bus
2073 597 2357 670 dit-jungit,
2373 608 2435 654 ut
2460 599 2506 653 si
2538 599 2664 669 quis
2689 599 2887 653 horum
2913 598 3151 669 aliquem
3179 608 3345 663 amet,
3375 600 3511 654 levi-

1946 695 2031 741 ter
2064 698 2123 742 et
2148 688 2529 758 superﬁciarie
2581 698 2775 754 amet;
2822 704 3041 743 omnem
3078 703 3210 743 vero
3252 689 3505 745 ad‘ectmn

1946 778 2137 842 animi,
2155 793 2319 832 omne
2349 778 2685 835 desiderium
2722 778 2792 833 ad
2814 778 3220 834 cohabitantem
3244 777 3347 848 ipsi
3373 795 3510 835 con-

1941 867 2127 938 jugem
2149 866 2368 922 allixum
2398 868 2631 931 habeat;
2668 876 2832 938 atque
2860 868 2907 924 si
2927 868 3163 923 carnalis
3191 863 3504 937 huiusmodi

271 949 522 1005 amicitia
567 967 788 1009 omnem
832 953 993 1010 aliam
1053 957 1239 1014 carnis
1292 958 1589 1015 amicitiam
1612 960 1940 1031 disrumpat,
1967 977 2039 1016 an
2067 977 2234 1032 segne
2266 962 2442 1019 otium
2470 963 2579 1019 erit
2608 962 2884 1019 desiderio
2915 962 3343 1033 perturbationis
3385 974 3504 1016 omo

264 1046 357 1112 nis
385 1047 618 1102 immuni
644 1050 929 1119 permissis
954 1066 1199 1109 amorem
1223 1055 1463 1126 aliquem
1503 1056 1696 1112 mundi
1728 1073 1839 1113 non
1868 1057 2166 1113 cohibendi
2193 1058 2220 1113 τ

336 1134 397 1192 ι’.
436 1138 687 1210 Χρηστδς
717 1139 793 1193 ῶν
826 1142 1207 1214 φιλάνθρωπος
1228 1147 1259 1200 ό
1281 1146 1437 1211 Θεὸς,
1462 1148 1836 1219 μακροθύμως

264 1228 401 1297 εχει,
446 1232 539 1283 καὶ
586 1232 756 1296 πολύς
803 1234 953 1288 ἔστιν
997 1236 1283 1307 ἀναμένων
1323 1239 1423 1310 τὴν
1463 1240 1696 1295 ἑκάστου
1730 1240 1842 1295 τῶν

264 1319 693 1389 ἁμαρτανόντων
744 1324 1035 1393 μετάνοιαν
1056 1343 1073 1361 ο
1115 1328 1308 1399 ἑορτὴν
1337 1329 1593 1400 οὐρανίαν
1618 1329 1843 1400 τιθέμεο

266 1425 361 1472 νος
387 1409 490 1479 τὴν
520 1410 615 1464 τοῦ
647 1412 1090 1483 μεταμελομένου
1115 1416 1485 1488 ἐπιστροφήνο
1527 1418 1693 1485 Χαιρά
1712 1421 1843 1488 γάρ,

269 1498 441 1567 φησὶν
464 1498 648 1562 αὐτὸς,
672 1499 743 1551 ἐν
765 1497 845 1563 τῷ
880 1500 1113 1568 οὐρωύ
1152 1504 1376 1573 γίνεται
1397 1504 1494 1558 ἐπὶ
1532 1504 1625 1559 ἐνί
1654 1505 1840 1574 ἀμαρ-

264 1585 438 1651 τωλῷ
481 1587 899 1654 μετανοοῦντι.
929 1590 992 1643 Εί
1033 1590 1091 1644 δέ
1131 1608 1214 1655 τις
1241 1592 1341 1664 τὴν
1373 1595 1715 1665 χρηστότητα
1746 1594 1838 1648 αὖ·

259 1676 363 1747 τὴν
400 1678 495 1729 καὶ
541 1678 927 1749 μακροθυμίαν
974 1680 1140 1751 ὀρῶν,
1179 1682 1276 1735 καὶ
1306 1685 1388 1738 ὅτι
1424 1685 1501 1756 μή
1549 1687 1662 1749 τοῖς
1694 1687 1837 1740 κατά

263 1770 436 1839 μέρος
481 1770 877 1840 ἁμαρτήμασιν
922 1773 1314 1844 ἐπεξέρχεται,
1363 1777 1465 1848 τήν
1512 1779 1835 1847 μετάνοιαν,

2009 1147 2080 1203 Χ.
2118 1149 2394 1220 Beniguus
2423 1158 2481 1206 et
2500 1150 2787 1206 hominum
2819 1163 3007 1205 amans
3026 1148 3191 1212 Deus,
3215 1146 3385 1202 multa
3415 1160 3499 1215 pa-

1937 1239 2134 1296 tientia
2150 1251 2433 1313 exspectat
2455 1246 2724 1315 cujusque
2738 1244 3085 1313 peccantium
3103 1238 3506 1310 penitentiam,

1946 1331 2004 1386 in
2030 1330 2229 1387 festum
2277 1334 2499 1388 caeleste
2531 1334 2827 1389 instituens
2864 1331 3241 1402 resipiscentis
3277 1342 3508 1383 conver-

1940 1421 2154 1476 sionem
2185 1437 2203 1475 :
2232 1421 2500 1478 Gaudiana
2526 1423 2697 1486 enim,
2733 1423 2812 1477 ait
2840 1423 2976 1490 ipse,
3001 1429 3076 1474 est
3106 1423 3163 1475 in
3192 1418 3318 1473 celo
3349 1433 3508 1487 super

1942 1523 2049 1562 uno
2081 1517 2355 1579 peccatore
2391 1511 2756 1581 ρωκὲιειιιὶαιιι
2795 1509 3062 1579 agente“.
3104 1507 3161 1562 Si
3209 1521 3343 1560 vero
3381 1505 3510 1575 quis

1942 1598 2084 1654 hanc
2108 1600 2553 1656 animadvertens
2586 1602 2682 1656 Dei
2707 1601 3007 1654 bonitatem
3036 1607 3094 1653 et
3124 1597 3510 1668 longanimita-

1942 1695 2073 1752 tem,
2108 1703 2217 1757 qua
2240 1688 2344 1744 sibi
2378 1697 2651 1757 temperat
2672 1703 2705 1742 a
2727 1688 2956 1757 singulis
2984 1686 3235 1756 protinus
3263 1683 3512 1739 crimini-

1942 1774 2048 1832 bus
2083 1778 2439 1843 ulciscendis,
2462 1786 2809 1847 exspectans,
2848 1785 2907 1831 ut
2941 1777 3202 1839 diximus,
3237 1775 3512 1845 peniten-

268 1858 463 1930 ῶσπερ
523 1861 756 1930 ἔφημεν,
806 1862 1183 1933 ἐκδεχόμενος,
1248 1865 1676 1938 κατολιγωρήσει
1741 1851 1948 1938 τῆςΒτ

1830 1851 1916 1931 ;Β
1944 1866 2111 1931 tiam,
2158 1868 2400 1938 negligat
2442 1875 2874 1938 praeceptum,“
2910 1868 3006 1922 Dei
3057 1867 3381 1931 bonitatem,
3408 1880 3510 1935 pro

267 1949 515 2020 ἐντολῆς,
560 1952 658 2004 καὶ
698 1951 799 2021 τὴν
830 1952 1199 2023 χρηστότητα,
1228 1953 1367 2023 φεῦι
1401 1953 1656 2025 ἀφορμὴν
1684 1954 1841 2025 σχοίη

264 2042 408 2112 πρὸς
468 2043 915 2112 καταφρόνησιν,
982 2044 1286 2117 ἁμάρτημα
1337 2046 1433 2099 ἐπὶ
1488 2046 1845 2118 ἁμαρτήματι

262 2132 600 2203 προστιθεὶς,
634 2135 728 2186 καὶ
755 2134 1160 2206 προσκώμματι
1190 2135 1542 2207 πρόσκωμμα
1570 2136 1846 2190 ἀποικοδο-

264 2224 409 2293 μῶν,
430 2225 707 2295 ρᾳθυμίαν
728 2244 786 2280 τε
810 2228 1096 2282 συνάπτων
1113 2231 1181 2299 τῇ
1205 2228 1468 2301 ῥᾳθυμία,
1496 2229 1695 2301 πληροῑ
1716 2230 1845 2295 τοὺς

262 2314 377 2368 τῶν
409 2315 699 2387 ἁμαρτιῶν
728 2317 909 2389 ὄρους,
951 2320 1047 2372 καὶ
1087 2319 1317 2391 τοιούτῳ
1341 2319 1531 2374 λοιπὸν
1561 2320 1844 2375 ἁλίσκεται

264 2408 700 2478 παραπτώματι,
741 2408 800 2474 ἐξ
819 2404 883 2463 οὗ
917 2410 1116 2480 μηκέτι
1143 2412 1319 2483 παρὸν
1350 2411 1500 2482 αὐτῷ
1529 2414 1843 2483 ἀνακτήσαο

265 2499 398 2552 σθαι
417 2514 431 2529 ·
459 2498 574 2552 ἀλλ’
607 2500 665 2563 ἐς
700 2502 878 2569 μάτην
908 2502 1008 2573 τὴν
1040 2502 1328 2574 συντριϐήν
1357 2503 1619 2568 ὑποστὰς,
1641 2503 1739 2557 καὶ
1764 2502 1844 2574 τῷ

268 2588 498 2661 πονηρῷ
530 2592 612 2652 είς
645 2591 800 2653 τέλος
847 2593 1242 2661 συγχωρηθεὶς,
1293 2593 1609 2647 ἀπόλλυται.
1658 2592 1843 2657 Οὕτως

266 2681 363 2735 ἐπὶ
392 2680 645 2751 Σοδόμων
666 2682 898 2749 ογέγονεν
915 2698 931 2714 ο
973 2684 1388 2755 ἁποπλήσαντες
1415 2685 1525 2757 γάρ
1555 2686 1651 2738 καὶ
1680 2686 1845 2758 ὕπερ-

267 2768 468 2831 6ἁντες
514 2769 641 2832 τοὺς
682 2769 793 2822 τῶν
833 2770 1115 2840 ἁμαρτιῶν
1165 2772 1344 2842 ὅρους,
1399 2774 1523 2826 ἐπεὶ
1551 2773 1740 2843 μηδὲν,
1766 2774 1843 2837 ὡς

270 2862 469 2925 εἰπεῖν,
498 2859 750 2929 ζώπυρον
793 2862 1083 2929 μετανοίας
1128 2863 1311 2926 αὐτοῖς
1344 2863 1665 2936 ὑπελείφθη,
1706 2864 1842 2919 ἀνά-

269 2949 433 3020 λωμα
462 2951 634 3021 πυρὸς
667 2952 772 3003 ὑπὸ
802 2952 900 3018 τῆς
942 2951 1091 3015 θείας
1119 2953 1276 3022 δίκης
1314 2955 1621 3021 γεγόνασιν.
1655 2955 1843 3018 οὕτως

275 3041 370 3094 ἐπὶ
396 3040 519 3094 Νῶε
540 3056 553 3071 ·
584 3040 677 3093 καὶ
703 3040 813 3111 γὰρ
838 3041 1113 3110 ἀχαλίνοις
1156 3042 1429 3113 χρώμενοι
1458 3045 1579 3107 ταῖς
1621 3045 1716 3097 ἐπὶ
1741 3044 1843 3114 τὴν

273 3131 476 3184 κακίαν
496 3132 716 3200 ὁρμαῖς,
744 3134 838 3185 καὶ
869 3133 1034 3201 μηδὲν
1058 3128 1198 3195 εἶδος
1221 3136 1509 3201 μετανοίας
1536 3134 1841 3189 ἐπιδεικνύ-

1946 1956 2132 2011 nefasi
2177 1956 2235 2010 in
2268 1956 2611 2011 occasionem
2648 1965 2994 2025 contemptus
3040 1964 3238 2020 vertat,
3282 1963 3508 2025 peccata

1944 2045 2185 2117 peccatis
2202 2048 2576 2113 accumulaus,
2601 2054 2660 2101 et
2685 2046 2941 2101 seandalo
2967 2045 3285 2100 scandalum
3306 2061 3507 2115 super-

1943 2144 2187 2199 struens,
2202 2134 2581 2205 desidiamque
2601 2150 2830 2190 assuens
2852 2135 3109 2199 desidia;
3146 2134 3195 2188 is
3222 2150 3354 2189 sane
3384 2148 3511 2203 pec-

1943 2234 2191 2283 catorum
2232 2226 2424 2296 implet
2465 2227 2748 2291 terminos,
2781 2234 2838 2281 et
2866 2227 2935 2280 de
2966 2232 3166 2280 caetero
3197 2224 3251 2279 in
3288 2225 3380 2278 tali
3414 2224 3510 2278 de-

1943 2317 2307 2387 prehenditur
2327 2317 2587 2387 lapsu,ex
2598 2332 2710 2387 quo
2734 2332 2845 2371 non
2865 2317 3101 2385 amplius
3130 2317 3207 2370 illi
3230 2316 3511 2385 continget

1944 2407 2000 2461 in
2036 2406 2307 2477 integrum
2352 2405 2571 2461 restitui
2598 2422 2614 2472 ;
2641 2405 2846 2476 quippe
2875 2406 3031 2476 quasi
3063 2405 3321 2461 contritis
3350 2406 3511 2459 ruina

1943 2497 2208 2553 membris
2250 2497 2514 2563 innitens,
2540 2505 2598 2552 et
2646 2498 2889 2569 maligno
2916 2513 2979 2553 se
3028 2511 3204 2567 usque
3243 2496 3298 2550 in
3344 2495 3509 2550 linem

1943 2588 2290 2658 permittens,
2339 2589 2506 2658 perit.
2565 2588 2657 2644 Sic
2694 2588 2950 2645 Sodomis
3002 2590 3231 2655 accidit;
3293 2589 3509 2658 expleta

1942 2682 2091 2737 enim
2116 2691 2174 2737 et
2205 2682 2656 2752 supercumulata
2685 2698 2941 2738 mensura
2974 2693 3351 2753 peccatorum,
3380 2698 3507 2738 cum

1942 2789 2013 2830 ne
2048 2775 2340 2830 scintillam
2383 2775 2631 2844 quidem,
2659 2783 2723 2829 ut
2766 2774 2848 2830 sic
2885 2774 3087 2838 dicam.
3119 2776 3275 2830 bona:
3307 2774 3511 2829 mentis

1941 2863 2008 2917 ad
2032 2879 2183 2933 spem
2205 2864 2544 2934 pmuitentim
2562 2865 2833 2936 reliquam
2854 2866 3130 2929 fecissent,
3162 2866 3286 2937 igne
3308 2864 3510 2920 divina:

1944 2954 2168 3009 ultionis
2195 2954 2561 3009 instrumento
2579 2963 2709 3009 sunt
2733 2957 3018 3026 assumpti.
3038 2956 3130 3011 Sic
3159 2957 3290 3011 etin
3312 2957 3511 3011 diebus

1942 3042 2078 3106 Noe,
2123 3043 2345 3113 quando
2366 3053 2593 3100 ruentes
2615 3044 2807 3101 eifusis
2835 3045 2890 3099 iu
2917 3045 3072 3101 nefas
3098 3061 3262 3101 omne
3280 3046 3512 3100 habenis

1944 3132 2217 3199 homines,
2252 3136 2405 3189 nullo
2432 3143 2755 3206 argumento
2782 3136 2909 3190 dato
2930 3136 3305 3191 verisimiliter
3339 3137 3513 3191 conii-

276 3239 452 3292 μενοι,
483 3223 797 3291 τηλικοῦτον
836 3224 1048 3285 ἑαυτοῖς
1087 3225 1371 3294 ἁμαρτιῶν
1393 3225 1556 3294 δγκον
1586 3224 1844 3295 ἀξεκορύ-
1869 3212 1911 3266 (ἶ
1942 3240 1956 3278 t

1830 3256 1844 3267 -
1869 3212 1911 3266 (ἶ
1942 3223 2112 3279 dendi
2146 3224 2285 3289 fore,
2315 3233 2376 3279 ut
2412 3225 2481 3280 ad
2525 3225 2811 3280 meliorem
2848 3240 2908 3281 se
2941 3225 3152 3296 frugem
3182 3227 3510 3296 reciperent,

270 3329 486 3382 φωσαν,
516 3312 592 3377 ὡς
625 3315 806 3366 πᾶσαν
843 3313 978 3382 ὁμοῦ
1014 3314 1111 3382 τὴν
1140 3314 1246 3383 γῆν
1286 3316 1367 3376 είς
1399 3317 1509 3368 πᾶν
1538 3314 1844 3386 διαφθαρῆ-

274 3421 387 3457 ναι.
426 3402 583 3457 Οὕτω
628 3406 740 3467 τοῖς
769 3404 1086 3471 Αἰγυπτίοις
1126 3406 1295 3459 πολλά
1328 3406 1710 3477 πλημμελοῦσι
1747 3409 1845 3460 καὶ

273 3497 357 3558 είς
386 3494 485 3564 τήν
510 3493 604 3547 τοῦ
633 3494 769 3547 Θεοῦ
794 3494 920 3548 λαὸν
948 3495 1289 3566 ἐξυϐρίζουσι
1306 3510 1323 3527 ⁶
1347 3496 1581 3568 χρηστὸς
1607 3491 1678 3566 ἦν
1698 3496 1846 3549 εκεῖ-

277 3604 367 3648 νος
411 3586 475 3638 οὐ
525 3586 869 3655 πανωλεθρίᾳ
899 3586 1249 3656 παραδιδοὺς,
1289 3588 1425 3641 ἀλλὰ
1453 3588 1541 3641 διὰ
1567 3589 1678 3642 τῶν
1703 3589 1847 3642 κατὰ

278 3679 447 3749 μέρος
478 3678 763 3748 μαστίγων
800 3681 879 3743 είς
917 3680 1205 3749 μετάνοιαν
1235 3680 1612 3750 ἑπαγόμενορ
1640 3682 1763 3734 ἐπεὶ
1789 3681 1847 3733 δι

275 3770 702 3840 ἐπιστρέφοντες
744 3770 1066 3840 ἀγαπητῶς,
1115 3770 1280 3824 πάλιν
1319 3771 1458 3841 πρὸς
1498 3771 1598 3842 τὴν
1649 3771 1847 3825 κακίαν

274 3864 633 3933 ἀνέστρεφον,
687 3861 784 3914 καὶ
841 3864 940 3931 τῆς
985 3862 1259 3933 προτέρας
1304 3862 1513 3932 εἴχοντο
1566 3861 1843 3925 ἀπιστίας,

274 3952 503 4021 ισχατον
553 3953 610 4006 δὲ
659 3952 755 4005 καὶ
797 3952 890 4006 τὸν
937 3951 1063 4006 λαὸν
1114 3954 1211 4006 τοῦ
1262 3954 1465 4025 Κυρίου
1513 3954 1847 4025 ἀναγόμενον

275 4043 627 4107 κατεδίωκον,
674 4044 956 4097 ἀνάλωσεν
989 4043 1187 4107 αὐτοὺς
1218 4045 1253 4115 ή
1286 4044 1404 4098 θεῖα
1435 4046 1560 4115 δίκη
1591 4045 1655 4099 τὸ
1675 4046 1847 4101 -σύνο-

274 4135 367 4187 λον
389 4134 484 4186 καὶ
512 4133 817 4188 ἀπώλεσεν.
844 4134 1001 4189 υῦτω
1025 4135 1121 4188 τοῦ
1157 4136 1373 4206 Ἰσραὴλ
1401 4136 1575 4190 πολλά
1592 4138 1848 4209 ἁμαρτά-

274 4243 481 4291 νοντος,
516 4226 611 4279 καὶ
649 4228 776 4289 τοὺς
816 4228 1099 4296 προφήτας
1131 4227 1524 4291 ἁποκτενόντος
1550 4228 1648 4280 τοῦ
1688 4228 1848 4292 Θεοῦ,

274 4318 377 4387 τῆς
403 4316 667 4387 συνήθους
685 4310 839 4379 οὗτος
867 4317 1248 4389 μακροθυμίας
1277 4318 1515 4386 ιγίνετοο
1547 4319 1670 4371 ἐπεὶ
1688 4318 1746 4372 δι
1769 4320 1849 4383 είς

275 4409 437 4461 τοῦτο
477 4408 675 4471 κακίας
707 4408 1042 4479 προίκοψαν,
1098 4408 1174 4473 ὡς
1234 4402 1369 4480 μηδὲ
1420 4408 1484 4461 τδ
1518 4408 1849 4462 Δεσποτικδν

275 4499 668 4573 δυσωηθῆναι
727 4501 983 4570 ἀξίωμα,
1043 4501 1183 4554 ἀλλά
1241 4502 1482 4572 κάκείνῳ
1530 4500 1844 4571 μιαιφόνους

277 4594 469 4662 χεῖρας
499 4591 784 4647 ἐπιϐαλεῖν
804 4607 819 4621 ·
861 4594 958 4646 καὶ
988 4592 1143 4646 αὐτοὶ
1171 4591 1427 4657 καθάπαξ
1459 4593 1847 4664 ἀπεϐλήθησάν

274 4699 338 4735 τε
395 4682 491 4735 καὶ
542 4682 988 4754 κατεϐλήθησαν
1036 4684 1131 4736 καὶ
1184 4684 1325 4754 ἤρθη
1378 4684 1473 4737 ἀπ’
1511 4685 1693 4739 αὐτῶν
1722 4686 1759 4755 ή
1788 4702 1849 4739 τε

281 4771 610 4841 προφητεία,
640 4772 737 4825 καὶ
771 4773 805 4842 ή
841 4774 1082 4843 ίιρατεία
1124 4775 1219 4827 καὶ
1247 4775 1281 4844 ή
1312 4774 1555 4844 λατρεία.
1591 4776 1701 4829 Καὶ
1724 4776 1850 4830 lm-

279 4862 483 4934 στεύθη
510 4862 682 4918 ταῦτα
703 4864 815 4926 τοῖς
840 4863 1191 4918 πιστεύσασιν
1218 4864 1418 4921 ἔθνεσι.
1717 4869 1720 4872 ’

351 5123 459 5183 lA'.
494 5124 946 5197 Προσδράμωμεν
975 5124 1055 5196 τῷ
1101 5124 1353 5181 καλοῦντι
1390 5128 1615 5199 Χριστῷ
1652 5130 1853 5201 προθὺ-

285 5236 423 5290 μως,
460 5218 741 5289 ὶκχέοντες
775 5218 863 5270 ἐπ’
886 5216 1053 5271 αὑτὸν
1081 5217 1180 5279 τὰς
1210 5219 1436 5289 καρδίας
1462 5236 1477 5251 ·
1511 5223 1606 5273 καὶ
1645 5222 1722 5294 μή
1749 5224 1852 5295 τήν

281 5307 491 5362 ἑαυτῶν
542 5306 995 5369 ἀθελοκακοῦντις
1040 5306 1511 5380 ἀπογινώσκωμεν
1552 5314 1847 5382 σωτηρίαν,

284 5399 397 5453 Καὶ
426 5398 584 5452 τοῦτο
625 5398 735 5469 γάρ
789 5398 885 5451 τοῦ
936 5398 1173 5468 πονηροῦ
1223 5400 1498 5473 σόφισμα,
1543 5404 1847 5474 ὑπομνήσει

285 5490 569 5561 προτέρων
598 5489 887 5561 ἁμαρτιῶν
926 5490 1191 5542 ὁδοποιεῖν
1219 5492 1297 5553 είς
1330 5492 1665 5561 ἀπόγνωσιν.
1709 5495 1852 5548 Ἀλλ’

284 5580 417 5649 ἡμῖν
450 5579 815 5648 κατανοητέον
839 5615 857 5643 ,
894 5577 1104 5647 ὄτιπερλ
1129 5578 1179 5631 εί
1210 5579 1413 5648 Κύριος
1436 5580 1607 5636 ἐλθὼν
1635 5582 1851 5651 τυφλῶν

353 5759 395 5791 ⁸⁸
420 5758 553 5813 Luc.
584 5773 673 5821 xv,
712 5754 799 5809 10.

610 5850 887 5911 Parnm.
924 5853 1039 5913 Gn.
1067 5851 1357 5915 XXXIV.

1944 3319 2153 3366 tantam
2204 3319 2426 3383 tamque
2456 3328 2678 3383 gravem
2725 3328 2893 3384 supra
2955 3329 3079 3369 sese
3120 3314 3320 3369 molem
3349 3329 3512 3384 exag-

1943 3410 2207 3471 gerarunt
2249 3402 2601 3467 delictorum,
2644 3412 2706 3458 ut
2736 3418 2928 3459 secum
2964 3413 3167 3458 terram
3194 3404 3513 3458 universam

1945 3492 2002 3546 in
2026 3494 2255 3549 exitium
2282 3495 2683 3564 pertraherent.
2711 3494 2868 3550 Haud
2910 3495 3202 3551 dissimilia
3246 3495 3516 3567 Egyptiis

1943 3594 2201 3644 evenere,
2234 3582 2407 3635 multa
2455 3590 2646 3637 contra
2692 3582 2865 3637 Deum
2899 3582 3067 3651 impie
3103 3583 3274 3647 ausis,
3327 3582 3517 3637 multis

1944 3670 2206 3737 grassatis
2252 3670 2309 3725 in
2345 3672 2465 3742 ejus
2508 3671 2772 3742 populum
2801 3673 3037 3743 injuriis.
3083 3673 3267 3728 Bonus
3290 3673 3515 3743 quidem

1946 3760 2213 3816 Dominus
2239 3762 2452 3818 cladem
2472 3770 2772 3818 extremam
2817 3763 2913 3818 diu
2944 3764 3179 3829 distulit,
3197 3764 3320 3819 aliis
3347 3779 3515 3834 super

1946 3848 2070 3902 aliis
2093 3850 2545 3922 castigationibus
2571 3866 2668 3906 eos
2697 3851 2766 3906 ad
2791 3852 3229 3921 resipiseentiam
3251 3854 3513 3919 invitans;

1945 3950 2004 3996 at
2032 3956 2159 3997 cum
2203 3943 2417 3998 nullum
2469 3943 2632 3999 linem
2670 3943 2917 3999 facerent
2956 3946 3157 4015 sapius
3208 3945 3519 4015 iniquitatis

1946 4032 2308 4097 resumenda.
2348 4033 2569 4089 tandem
2614 4035 2879 4104 populum
2911 4034 3125 4091 Domini
3172 4036 3277 4090 rite
3324 4036 3515 4091 dimis-

1947 4136 2069 4177 sum
2099 4135 2609 4192 persequentes,‘ac
2654 4124 2935 4179 retrahere
2960 4133 3244 4189 conantes,
3268 4136 3517 4180 extremo

1949 4211 2098 4282 ipsos
2132 4210 2215 4266 ira
2239 4212 2425 4267 divina
2472 4212 2642 4268 exitio
2675 4214 2951 4268 mactavit.
2983 4214 3258 4269 lsraelitas
3310 4216 3517 4285 pariter

1949 4305 2123 4361 multa
2156 4302 2559 4373 delinquentes,
2577 4304 2743 4359 caedis
2777 4305 2912 4373 quin
2932 4304 3098 4359 etiam
3123 4307 3523 4375 prophetarum

1949 4400 2047 4455 Dei
2084 4413 2230 4462 reos,
2273 4406 2567 4468 postquam
2615 4398 2772 4451 solita
2820 4398 2925 4452 sibi
2970 4397 3382 4468 longanimitate
3422 4400 3516 4453 diu

1948 4491 2236 4545 tolerasset
2284 4488 2583 4553 Dominus;
2641 4487 2736 4541 ubi
2790 4486 2858 4543 ad
2895 4498 3205 4543 extremum
3268 4490 3410 4544 vidit
3449 4506 3519 4545 en

1952 4583 2103 4653 ipsos
2146 4581 2403 4637 immanis
2436 4579 2769 4651 processisse
2802 4581 3076 4645 amentiae,
3127 4590 3188 4635 ut
3220 4597 3399 4650 neque
3434 4581 3520 4635 di-

1954 4673 2137 4726 vinam
2180 4671 2235 4725 in
2285 4670 2455 4725 misso
2484 4668 2550 4722 ad
2576 4684 2674 4723 eos
2704 4668 2799 4723 Dei
2829 4669 2967 4724 Filio
2989 4670 3212 4725 reveriti
3259 4672 3519 4742 majesta-

1955 4770 2088 4824 tem,
2120 4773 2317 4814 manus
2354 4758 2406 4811 ei
2443 4767 2702 4812 cruentas
2730 4757 3039 4822 intulerint,
3066 4758 3354 4814 damnatos
3386 4761 3521 4817 irre-

1954 4853 2279 4910 vocabilitcr
2334 4849 2535 4921 abjecit
2583 4848 2639 4903 in
2692 4864 2857 4903 omne
2890 4859 3127 4918 tempus,
3175 4851 3518 4921 dejecitque,

1955 4946 2139 5001 ablata
2172 4946 2240 4999 iis
2284 4940 2597 5012 prophetia,
2650 4940 2980 5004 sacerdotio,
3033 4942 3331 5011 religione;
3384 4958 3523 5011 quas

1948 5035 2226 5093 commisit
2252 5031 2605 5089 credentibus
2629 5032 2685 5086 in
2710 5032 2889 5101 ipsum
2922 5032 3199 5103 gentibus.

2022 5127 2180 5198 193
2209 5125 2302 5180 Xl.
2324 5125 2692 5179 Accurramus
2714 5122 2782 5177 ad
2805 5134 3093 5179 vocantem
3122 5139 3220 5179 nos
3242 5125 3522 5180 Christum

1949 5220 2235 5282 alacriter,
2272 5213 2620 5271 eﬂ'uudentes
2663 5229 2832 5285 super
2880 5214 3059 5284 ipsum
3109 5216 3310 5280 corda;
3357 5224 3413 5269 et
3455 5230 3525 5271 ne

1951 5317 2217 5371 nostram,
2239 5314 2433 5375 sponte
2461 5304 2807 5360 remittentes
2834 5305 2901 5359 de
2932 5313 3119 5361 nostra
3147 5308 3524 5371 contentione,

1951 5402 2309 5470 deSperemus
2338 5397 2591 5452 salutem.
2623 5396 2757 5451 Nam
2792 5403 2848 5451 et
2877 5396 2984 5453 hoc
3012 5398 3214 5453 diaboli
3248 5397 3525 5469 sophisma

1949 5500 2055 5556 est,
2089 5487 2467 5545 recordatione
2504 5486 2753 5556 priorum
2792 5488 3116 5544 delictorum
3165 5490 3424 5545 inducere
3469 5490 3525 5543 in

1952 5581 2414 5653 desperationem.
2447 5579 2518 5633 At
2558 5580 2720 5636 nobis
2766 5582 2839 5636 ita
2887 5582 3237 5643 cogitandum
3286 5592 3369 5637 est
3420 5598 3432 5635 :
3480 5596 3529 5637 si

3104 5853 3174 5912 2)
