4254 6358
786 364 892 431 899

2020 380 2079 439 S.
2118 381 2433 441 MACARII
2473 382 2793 448 )EGYPTII

3920 397 4024 461 900

786 479 1070 543 Dominus,
1095 496 1219 535 cum
1256 482 1309 537 in
1335 482 1480 539 hunc
1502 485 1765 540 mundum
1794 485 2034 553 advenit,
2059 503 2349 554 cacorum,
2378 520 2392 550 λ

2414 510 2511 551 ms
2538 496 2632 549 καὶ
2663 497 2991 567 παραλύτων
3022 502 3118 556 καὶ
3149 503 3351 573 κωφῶν
3377 506 3559 571 ἰατρὸς
3596 505 3690 558 καὶ
3720 506 4023 578 διορθωτὴς

788 573 1205 643 paralyticorum
1231 614 1246 636 ,
1277 574 1567 629 surdorum
1606 577 1852 633 medicus
1888 589 1945 633 et
1980 581 2265 635 restitutor
2298 582 2352 636 in

790 662 1060 732 integrum
1092 663 1224 729 fuit;
1256 666 1299 718 si
1332 675 1580 721 mortuos
1598 668 1708 737 jam
1731 679 2019 739 corruptos
2041 673 2349 737 suscitavit;

786 761 990 819 quanto
1026 755 1200 822 magis
1232 755 1531 809 caecitatem
1564 759 1785 821 mentis,
1828 760 2021 815 anima:
2058 762 2348 829 pigritiam,

786 842 1049 897 incuriosi
1098 843 1281 897 cordis
1328 844 1547 900 curabit
1595 847 1953 914 surditatem;
2003 851 2350 920 quandoqui-

783 931 907 985 dem
944 941 1005 986 ut
1032 948 1141 986 non
1174 934 1313 989 alius
1341 936 1410 988 ab
1442 936 1566 1004 ipso
1594 939 1842 1007 corporis
1878 950 2095 993 ereator
2125 952 2237 1004 est;
2275 944 2349 997 ita

782 1033 838 1076 et
864 1023 1100 1076 animam
1132 1023 1245 1093 ipse
1274 1025 1557 1079 condidit?
1588 1028 1655 1081 Et
1704 1028 1749 1082 si
1800 1044 1929 1100 erga
1959 1030 2099 1085 ﬂuxa
2126 1042 2181 1087 et
2207 1048 2362 1103 mor-_

782 1114 908 1167 talia
938 1123 1044 1167 tam
1070 1114 1301 1183 benigne
1332 1130 1396 1170 ac
1419 1116 1719 1171 clementer
1742 1117 1974 1175 aﬂ‘ectus
2002 1130 2117 1187 est;
2144 1132 2349 1192 quanto

781 1204 955 1273 magis
981 1206 1273 1259 immortali
1300 1207 1513 1271 animae,
1544 1209 1736 1263 morbo
1774 1210 2085 1279 iniquitatis
2110 1221 2167 1266 et
2199 1215 2345 1283 igno-

780 1298 970 1351 rantia:
1012 1297 1306 1361 laboranti,
1351 1298 1549 1353 deinde
1599 1302 1879 1355 accedenti
1927 1302 1995 1357 ad
2046 1305 2223 1373 ipsum
2291 1316 2350 1360 et

781 1390 990 1453 oranti,
1022 1390 1286 1448 benevole
1320 1392 1662 1445 curationem
1696 1394 2018 1449 adhibebit?
2049 1398 2167 1466 ejus
2199 1398 2346 1451 enim

779 1494 884 1532 vox
909 1479 1024 1533 hac
1052 1487 1135 1533 cst
1164 1497 1177 1532 :
1207 1479 1368 1533 Pater
1390 1498 1533 1533 meus
1561 1482 1778 1535 calcatis
1799 1500 1976 1536 annon
2034 1486 2186 1553 faciet
2237 1490 2350 1540 vin-

779 1568 973 1622 dictam
999 1568 1343 1622 clamantium
1364 1571 1432 1622 ad
1458 1587 1512 1623 se
1534 1572 1617 1623 die
1641 1588 1703 1624 ac
1720 1574 1903 1625 nocte?
1926 1573 2161 1636 Ita,dico
2183 1577 2344 1639 vobis,

778 1661 903 1729 quia
931 1662 1032 1712 cito
1058 1660 1211 1727 faciet
1242 1661 1524 1713 vindictam
1555 1678 1735 1714 eorum
1756 1666 1821 1714 ".
1854 1663 1918 1715 Et
1947 1664 2037 1716 illa
2065 1664 2184 1734 ejus
2208 1680 2347 1732 quo-

778 1763 885 1818 que
907 1763 1010 1801 vox
1038 1758 1122 1802 est
1155 1766 1169 1801 :
1198 1748 1367 1801 Petite
1396 1758 1444 1801 et
1473 1749 1683 1802 dabitur
1704 1751 1841 1803 vobis
1860 1752 1924 1803 ’³.
1951 1752 2019 1805 Et
2040 1768 2230 1807 rursus
2254 1772 2265 1805 :
2288 1752 2346 1807 Si

779 1854 838 1891 eo
860 1840 996 1908 quod
1026 1840 1225 1891 amicus
1251 1840 1365 1908 ejus
1390 1841 1480 1902 sit,
1521 1856 1622 1892 non
1651 1842 1824 1903 dabit;
1855 1853 2067 1911 prapter
2092 1844 2344 1912 improbi-

776 1937 941 1984 tatem
980 1939 1157 1983 tamen
1196 1931 1308 1999 ejus
1350 1940 1562 2007 surget,
1591 1940 1639 1983 et
1674 1931 1815 1984 dabit
1849 1932 1931 1985 illi
1971 1942 2166 2002 quanto
2207 1936 2345 1988 indi-

775 2028 858 2089 get
875 2021 939 2072 “.
960 2019 1171 2085 Quibus
1194 2020 1378 2096 verbis
1408 2021 1472 2073 ad
1496 2022 1657 2096 piam_
1676 2038 1781 2076 nos
1802 2024 2093 2091 quamdam
2121 2026 2176 2078 in
2206 2025 2348 2094 peti-

777 2109 925 2162 tione
974 2093 1389 2176 impudentiam,‘
1421 2093 1819 2177 et‘improbam
1870 2093 2344 2182 importunamquc

777 2199 1092 2253 instantiam
1136 2199 1411 2252 hortatur.
1447 2199 2002 2270 Enimvero-propter
2032 2214 2347 2271 peccatores

774 2289 891 2359 ipse
920 2290 1089 2350 venit,
1112 2299 1169 2341 ut
1194 2304 1290 2342 eos
1318 2288 1385 2342 ad
1413 2304 1471 2343 se
1498 2300 1861 2346 converteret.
1881 2292 2114 2347 Tantum
2141 2309 2172 2347 a
2196 2293 2347 2349 falsis

774 2380 1096 2435 recedentes
1122 2380 1689 2449 praeoccupationibus
1718 2380 1947 2434 Domino
1970 2396 2258 2446 vacemus;
2290 2390 2345 2436 et

775 2471 867 2526 ille
898 2486 999 2525 nos
1041 2486 1149 2524 non
1182 2471 1443 2539 despicit;
1478 2471 1571 2525 sed
1599 2480 1881 2539 promptus
1911 2482 2016 2537 est,
2073 2473 2343 2528 submini-

772 2572 973 2626 strans,
997 2577 1107 2631 quo
1135 2562 1204 2615 ab
1225 2562 1341 2630 ipso
1368 2577 1609 2631 egemus,
1638 2564 1922 2617 auxilium.

843 2654 959 2709 ΧΠ.
993 2654 1149 2709 Sicut
1182 2655 1236 2708 in
1272 2656 1465 2708 morbo
1507 2664 1563 2709 et
1597 2656 1911 2733 infirmitate
1948 2654 2341 2724 deprehensis,

773 2747 994 2816 quando
1028 2747 1138 2816 jam
1181 2761 1381 2814 corpus
1420 2762 1527 2799 non
1566 2747 1799 2815 amplius
1842 2748 2099 2800 alimenta
2139 2746 2248 2801 cibi
2289 2756 2345 2802 et

774 2847 937 2907 potus
978 2838 1260 2905 percipere
1306 2846 1519 2905 potest,
1560 2836 1881 2906 desperatur
1920 2838 1988 2892 de
2027 2848 2256 2907 aegroto,
2289 2848 2346 2892 et

776 2943 877 2995 pro
906 2935 1062 2980 certo
1090 2926 1245 2994 signo
1276 2928 1468 2980 mortis
1496 2928 1615 2995 ejus
1646 2928 1698 2979 id
1732 2928 1983 2992 habetur,
2008 2929 2153 2981 unde
2183 2929 2343 2982 amici

773 3028 829 3073 et
852 3018 1144 3072 necessarii
1172 3018 1344 3086 ipsius
1370 3019 1521 3071 illum
1553 3020 1739 3089 lugent
1759 3038 1772 3072 :
1794 3020 1871 3073 sic
1894 3020 2040 3073 Deus
2064 3028 2122 3073 et
2168 3019 2344 3089 angeli

775 3112 985 3163 animas
1029 3126 1152 3164 esca
1199 3093 1421 3188 cmles'ti.
1454 3112 1600 3178 pasci
1648 3112 1881 3179 amplius
1927 3126 2035 3163 non
2079 3112 2340 3173 valentes,
2371 3148 2413 3206 ρ

776 3203 950 3255 multo
982 3202 1131 3254 luctu
1164 3217 1226 3254 ac
1257 3202 1510 3254 lamentis
1543 3213 1971 3271 prosequuntur.
1993 3202 2062 3282 .Si
2093 3217 2222 3282 ergo
2258 3201 2339 3282 la-

776 3304 897 3346 ctus
926 3292 1000 3345 sis
1028 3292 1123 3345 Dei
1157 3293 1407 3355 thronus,
1439 3292 1589 3345 illum
1623 3293 1948 3346 insidentem
1983 3293 2080 3371 tibi
2112 3294 2372 3355 habens,-

776 3383 820 3436 si
853 3382 1033 3434 anima
1067 3392 1155 3435 tua
1188 3382 1257 3434 sit
1288 3392 1400 3434 tota
1430 3383 1727 3449 spiritualis
1754 3372 2259 3466 oculus',~‘tonla';lu-x;'
2290 3383 2338 3463 si
2365 3401 2392 3466 ’θ

774 3481 963 3541 pastus
994 3487 1055 3525 es
1086 3473 1208 3525 cibo
1241 3472 1334 3525 illo
1365 3474 1666 3540 spirituali;
1703 3474 1747 3527 si
1784 3459 2011 3555 potatus
2033 3459 2191 3541 aqua
2218 3459 2342 3526 viva

774 3571 830 3616 et
862 3564 1135 3631 spirituali
1169 3565 1297 3617 vino
1343 3564 1649 3617 lmtilicaute
1684 3580 1810 3627 cor;
1848 3566 1892 3618 si
1929 3573 2072 3617 tuam
2115 3558 2339 3617 induisti

773 3654 1010 3707 animam
1035 3655 1282 3707 vestibus
1314 3648 1605 3708 inell‘abilis
1628 3655 1852 3708 luminis
1886 3672 1901 3706 :
1928 3635 2196 3708 si'horum
2226 3670 2342 3707 om-

774 3748 925 3798 nium
958 3746 1187 3799 interior
1214 3754 1341 3799 tuus
1374 3746 1537 3799 homo
1568 3746 1998 3814 experimentum
2034 3735 2259 3814 ceperit,
2286 3754 2341 3800 et

772 3836 985 3904 plenam
1020 3836 1391 3898 securitatem,
1416 3837 1555 3889 vivis
1586 3852 1712 3890 ecce
1738 3838 1847 3890 vita
1880 3836 2080 3890 abhinc
2106 3844 2339 3901 aeterna;

768 3937 837 3978 ex
877 3924 1126 3990 praesenti
1164 3926 1273 3992 jam
1317 3918 1565 3997 tempore
1601 3925 1823 3979 Christo
1861 3927 2336 3995 conrequiescens.

772 4012 866 4066 Sin
902 4013 1143 4065 nondum
1179 4014 1293 4067 haec
1327 4016 1658 4083 percepisti,
1693 4031 1871 4083 neque
1903 4016 2083 4084 adhuc
2115 4032 2181 4071 eo
2209 4034 2339 4087 pro-

768 4100 983 4166 fecisti,
1016 4112 1077 4155 ut
1124 4104 1247 4158 ista
1276 4104 1554 4173 possideas
1606 4145 1621 4169 ,
1672 4106 1823 4173 plora
1871 4106 2251 4172 vehementer,
2286 4116 2341 4163 et

768 4192 1022 4246 lamentis
1066 4194 1307 4263 indulge,
1343 4196 1488 4263 quod
1541 4197 1675 4248 tales
1728 4198 1871 4251 haud
1901 4188 2048 4251 'dum
2098 4192 2340 4254 lucratus

769 4282 989 4337 divitias
1028 4286 1123 4338 sis.
1166 4285 1248 4339 Sit
1276 4301 1406 4337 vero
1447 4286 1540 4337 tibi
1585 4300 1647 4339 ea
1690 4300 1841 4351 cura,
1875 4287 1989 4341 hac
2035 4297 2124 4357 tua
2164 4288 2339 4342 oratio

768 4376 1031 4434 perpetua
1071 4383 1171 4443 pro
1218 4367 1719 4421 tua-mendicitate.
1750 4368 1857 4422 Sed
1899 4371 2118 4423 utinam'
2144 4371 2336 4425 saltem

2453 580 2543 653 ἦν,
2584 588 2809 655 νεκρούς
2849 606 2909 641 τε
2955 590 3055 660 ήδη
3099 594 3548 664 καταφθαρέντας
3590 596 3814 667 ἀνέστη,
3874 601 4023 667 πόσῳ

2457 676 2658 741 μᾶλλον
2691 678 3001 751 τυφλότητα
3024 682 3283 745 διανοίας,
3316 686 3409 738 καὶ
3434 686 3612 754 ψυχῆς
3642 688 3897 756 πάρεσιν,
3930 692 4024 741 καὶ

2451 769 2688 836 ἀμελοῦς
2723 776 2951 843 καρδίας
2986 778 3194 831 ἰάσεται
3234 780 3543 849 κὼφευσιν,
3580 784 3706 834 ἐπεὶ
3737 783 3871 850 μηδὲ
3900 783 4023 833 ἓτε-

2453 873 2566 921 ρος,
2591 860 2707 913 ἀλλ’
2741 864 2902 926 αὐτὸς
2936 867 2965 918 ό
2994 866 3055 919 τὸ
3082 867 3244 938 σῶμα
3276 870 3488 933 κτίσας,
3533 870 3695 931 αὑτός
3724 872 3843 922 ἐστι
3868 870 3965 923 καὶ
3996 872 4023 922 ὁ

2447 949 2547 1017 τὴν
2570 951 2750 1023 ψυχήν
2775 968 2791 1018 ;
2817 956 2927 1008 Καὶ
2961 958 3009 1009 ει
3052 958 3187 1028 πρὸς
3214 960 3280 1012 τά
3309 960 3546 1030 λυόμενα
3585 964 3680 1013 καὶ⁵
3712 963 4021 1031 θνήσκοντα

2448 1032 2602 1102 οὗτος
2652 1044 2900 1112 εὐμενῶς
2958 1046 3052 1098 καὶ
3102 1048 3261 1111 ίλέως
3298 1044 3435 1119 εἶχε,
3506 1052 3656 1120 πόσῳ
3703 1051 3904 1120 μᾶλλον
3950 1055 4020 1121 τῇ

2448 1130 2704 1202 ἀθανάτῳ
2744 1134 2889 1207 ψυχῇ
2948 1137 3145 1202 κακίας
3191 1141 3331 1211 νόσῳ
3369 1142 3466 1195 καὶ
3506 1143 3729 1210 ἀγνοίας
3782 1144 4016 1216 ἀλούσῃ,

2447 1220 2640 1275 ἔπειτα
2675 1229 3087 1300 προσερχομένη
3114 1230 3287 1301 τούτῳ
3319 1233 3409 1284 καὶ
3441 1233 3691 1305 δεομένῃ,
3718 1234 4021 1304 φιλανθρώ-

2449 1326 2566 1373 πως
2604 1312 3013 1383 θεραπευτικῶς
3046 1321 3340 1390 χρήσεταις
3374 1322 3539 1375 αὑτοῦ
3565 1325 3673 1392 γὰρ
3706 1325 3883 1393 φωνὴ,
3920 1325 4020 1377 τό·

2463 1402 2525 1455 '0
2553 1405 2753 1472 Πατήρ
2775 1424 2895 1475 μου
2933 1412 2967 1463 ό
2996 1410 3274 1477 οὐράνιος
3308 1414 3379 1466 οὐ
3393 1413 3480 1481 μὴ
3507 1415 3746 1480 ποιήσει
3776 1416 4021 1483 ἐκδίκη-

2446 1506 2553 1545 σιν
2582 1492 2703 1547 τῶν
2718 1496 3004 1558 ,βοώντων
3019 1500 3168 1566 πρὸς
3198 1502 3385 1554 αὑτὸν
3404 1504 3623 1568 νυκτὸς
3641 1507 3738 1557 καὶ
3765 1505 4019 1573 ἡμέρας

2446 1582 2581 1646 Nai,
2613 1584 2770 1653 λέγω
2794 1587 2957 1655 ὑμῖν,
2981 1590 3220 1656 ποιήσει
3253 1592 3371 1657 τὴν
3385 1591 3694 1659 ἐκδίκησιν
3720 1594 3920 1646 αὐτῶν
3946 1595 4019 1646 ἐν

2447 1672 2612 1740 τάχει
2639 1690 2653 1705 ⁶
2686 1678 2779 1727 καὶ
2812 1677 2874 1728 τό
2896 1694 2910 1707 ·
2939 1678 3177 1742 Αἰτεῖτε,
3225 1682 3323 1733 καὶ
3367 1679 3688 1746 δοθήσεται
3721 1684 3887 1751 ὑμῖν·
3924 1688 4018 1737 καὶ

2447 1758 2603 1825 αὖθις
2634 1780 2649 1793 ·
2674 1764 2803 1820 Κᾶν
2821 1766 2919 1819 διὰ
2942 1768 3006 1819 τὸ
3030 1770 3215 1835 φίλον
3242 1767 3395 1824 εἶναι
3421 1774 3492 1825 οὐ
3517 1771 3695 1824 δώσει
3707 1773 3890 1838 αὐτῷ,
3917 1774 4019 1827 διά

2448 1870 2514 1921 τε
2567 1854 2681 1921 τὴν
2714 1856 3023 1911 ἀναίδειαν
3065 1860 3274 1923 αὑτοῦ,
3312 1861 3581 1927 ἀναστὰς
3629 1863 3807 1916 δώσει
3854 1864 4017 1926 αὐτῷ

2446 1943 2598 1997 ὅσου
2651 1948 2886 2013 χρήσει,
2925 1949 3120 2018 ἀναιδῆ
3176 1952 3268 2003 καὶ
3312 1952 3629 2021 παράμονον
3658 1954 3758 2020 τὴν
3799 1956 4017 2023 αἴτησιν

2445 2036 2905 2105 προτρεπόμενος,
2952 2039 3074 2090 ἐπεί
3118 2056 3201 2091 τοι
3250 2042 3343 2092 καὶ
3380 2042 3467 2093 διὰ
3496 2042 3623 2103 τοὺς
3672 2044 4018 2112 ἀμαρτολοὺς

2444 2122 2607 2195 ἦλθεν
2632 2128 2717 2180 ἵνα
2744 2130 3045 2201 ἐπιστρέψῃ
3081 2131 3216 2199 πρὸς
3254 2132 3469 2186 ἑαυτόν.
3505 2133 3683 2201 Μόνον
3712 2136 3876 2201 ἡμεῖς
3907 2136 4017 2186 τῶν

2444 2217 2631 2271 κακῶν
2662 2218 2985 2287 προλήψεων
3023 2222 3381 2286 ἀποστάντες,
3409 2222 3758 2291 σχολάσωμεν
3790 2216 3871 2291 τῷ
3900 2226 4015 2275 Κυ-

2446 2310 2547 2378 ρίῳ
2571 2326 2585 2340 ·
2618 2310 2713 2363 καὶ
2744 2312 2905 2373 αὐτὸς
2959 2312 3059 2381 οὐχ
3108 2313 3371 2382 ὑπερορᾷ,
3422 2312 3535 2365 ἀλλ’
3582 2313 3803 2382 ἕτοιμος
3832 2313 3993 2365 ἔσται

2445 2401 2698 2471 παρέχων
2724 2402 2824 2473 τήν
2857 2404 2989 2473 παρ’
3017 2403 3182 2457 αὐτοῦ
3209 2404 3481 2475 βοήθειαν.

2515 2652 2615 2707 ΙΒ’.
2652 2654 2856 2725 Ὠσπερ
2886 2655 2981 2708 επὶ
2997 2655 3104 2709 τῶν
3132 2656 3273 2726 νόσῳ
3305 2658 3399 2709 καὶ
3427 2657 3684 2728 ἀσθενείᾳ
3709 2659 4019 2729 κατειλημο

2450 2745 2647 2812 μένων,
2687 2746 2906 2799 ἐπειδὰν
2943 2746 3140 2816 μηκέτι
3177 2748 3241 2800 τδ
3284 2748 3445 2816 σῶμα
3487 2748 3715 2801 δυνατὸν
3804 2754 4017 2820 τροφῆς

2446 2836 2541 2909 καὶ
2585 2836 2795 2896 πόσεως
2827 2839 3138 2905 μετασχεῖν,
3181 2838 3262 2900 εἰς
3308 2838 3623 2905 ἀπόγνωσιν
3647 2840 3805 2891 τοῦτο
3838 2857 4019 2893 συνωο

2447 2924 2548 2987 θεῖ,
2580 2925 2673 2977 καὶ
2706 2925 2937 2979 θανάτου
2964 2929 3262 2997 τεκμήριον
3306 2928 3539 2994 γίνεται,
3573 2929 3770 2997 θρῆνός
3826 2948 3885 2982 τε
3920 2932 4023 2984 ἐπὶ

2445 3016 2619 3085 τούτῳ
2643 3018 2740 3069 καὶ⁵
2773 3018 2959 3085 φίλους
2987 3018 3099 3087 ἔχει
3128 3018 3222 3071 καὶ
3250 3018 3377 3081 τοὺς
3408 3022 3786 3088 προσήκοντας
3811 3037 3826 3052 ·
3868 3021 4017 3074 οῦτω

2446 3106 2635 3175 δήκαὶ
2683 3106 2813 3169 Θεὸς
2860 3108 2955 3160 καὶ
3006 3108 3228 3175 ἄγγελοι
3258 3108 3435 3177 ψυχὰς
3482 3112 3581 3172 τὰς
3611 3111 3690 3178 μὴ
3729 3116 3909 3180 τροφῇ
3944 3117 4019 3181 τῇ

2447 3190 2750 3265 ἐπουρανίῳ
2780 3197 3085 3267 χρήσασθαι
3124 3188 3447 3265 δυναμένας,
3488 3199 3576 3251 διά
3600 3199 3800 3268 πολλῆς
3831 3200 4015 3267 λύπης

2433 3274 2805 3365 ἀφ’-θρήνων
2856 3286 3159 3341 ποιοῦνται.
3208 3288 3271 3339 El
3324 3288 3507 3339 τοίνυν
3543 3288 3729 3355 ἐγένου
3761 3290 3839 3358 τῷ
3892 3292 4015 3359 Θεῷ

2428 3377 2905 3461 -θρόνος,,ὲκεῐνον
2956 3378 3093 3445 ἔχων
3143 3378 3571 3446 ἐπικαθήμενον,
3623 3382 3669 3431 εἰ
3718 3380 3948 3447 γέγονεν
3979 3384 4014 3449 ή

2414 3465 2607 3541 ,ψυχή’
2630 3485 2722 3519 σου
2756 3470 2847 3538 ὅλη
2900 3469 3268 3535 πνευματικὸς
3312 3470 3609 3539 ὀφθαλμὸς,
3640 3473 3737 3539 ὅλη
3795 3473 3932 3540 φῶς,
3962 3476 4013 3525 εξ

2442 3550 2655 3629 ἐτράφη
2816 3561 3019 3629 τροφὴν
3052 3560 3264 3629 εκείνην
3295 3560 3387 3611 τοῦ
3407 3545 3756 3629 Ἡνεύματος,
3793 3567 3841 3614 εἰ
3865 3565 4015 3615 ποτί-

2441 3646 2514 3719 ζῃ
2534 3647 2627 3701 τοῦ
2666 3647 2867 3711 ζῶντος
2909 3647 3121 3711 ὓδατος,
3158 3650 3251 3701 καὶ
3292 3644 3383 3701 τοῦ
3423 3650 3797 3718 πνευματικοῦ
3862 3653 4017 3705 οἴνου

2441 3740 2535 3793 τοῦ
2564 3742 2661 3810 τήν
2693 3740 2921 3809 καρδίαν
2954 3741 3359 3807 εὐφραίνοντας,
3389 3744 3440 3794 ει
3467 3743 3742 3795 ἐνδέδυσαι
3764 3747 3829 3813 τῇ
3860 3744 4009 3813 ψυχῇ

2441 3831 2510 3882 τὰ
2542 3829 2638 3883 τοῦ
2676 3831 2916 3900 ἀρρήτου
2942 3831 3115 3900 φωτὸς
3142 3830 3449 3904 ἐνδύματα,
3471 3835 3520 3885 εἰ
3555 3833 3772 3885 πάντων
3800 3835 4018 3887 τούτων

2442 3918 2471 3969 δ
2506 3919 2614 3971 ἔσω
2641 3936 2733 3973 σου
2766 3919 3053 3990 ἄνθρωπος
3082 3923 3161 3982 εις
3186 3924 3379 3990 πεῖραν
3412 3923 3639 3988 ἀφίκετο
3672 3925 3766 3975 καὶ
3799 3924 4007 3993 πληρο-

2442 4009 2657 4079 φοριαν,
2693 4010 2803 4063 ἰδοὺ
2854 4010 2951 4080 ζῇς
3000 4010 3098 4079 τὴν
3154 4011 3372 4063 αἰώνιον
3397 4000 3549 4080 ita};
3600 4012 3766 4081 ζωήν,
3804 4015 3869 4065 ὲκ
3910 4015 4007 4065 τοῦ

2441 4099 2707 4169 παρόντος
2742 4101 2840 4170 ήδη
2901 4100 2979 4170 τῷ
3029 4096 3250 4170 Χριστῷ
3300 4084 3833 4171 συναναπαυόμενος.
3866 4104 3928 4155 Et
3959 4104 4007 4154 δ’

2440 4188 2594 4241 οὔπω
2618 4190 2850 4259 εἴληφας
2876 4190 3067 4254 ταῦτα,
3098 4192 3207 4243 οὐδ’
3242 4193 3323 4254 εἰς
3361 4194 3554 4261 κτῆσιν
3572 4193 3780 4245 τούτων
3812 4193 4006 4260 ἐλήλυ-

2440 4280 2731 4343 θας,κλαῑε
2764 4280 3003 4350 θερμῶς,
3066 4282 3161 4334 καὶ
3212 4282 3470 4353 ὀδυρμοῖς
3510 4282 3771 4351 κέχρηαο,
3834 4284 4003 4352 μήπω

2439 4368 2532 4421 τοῦ
2586 4370 2830 4423 τοιούτου
2884 4372 3114 4423 πλούτου
3181 4373 3536 4441 τετυχηκέναι
3563 4388 3585 4403 δ
3626 4375 3719 4430 καὶ
3776 4372 4001 4441 φροντὶς

772 4457 1112 4521 paupertatis
1164 4470 1273 4508 suae
1329 4470 1522 4508 sensus
1573 4457 1938 4523 possidentem
1993 4458 2223 4522 subeat;
2277 4461 2392 4519 etI

2438 4456 2576 4509 ἔστω
2596 4474 2675 4511 σοι
2696 4458 2790 4512 καὶ
2816 4460 3001 4527 δέησις
3029 4445 3281 4529 διηνεκὴς
3308 4464 3441 4531 περὶ⁵
3454 4463 3551 4530 τῆς
3568 4463 3840 4531 πτωχείας
3863 4479 3956 4514 σου
3978 4477 3996 4493 ο

769 4560 910 4605 non,
962 4554 1021 4599 ut
1058 4546 1169 4614 jam
1219 4546 1412 4613 plenus
1457 4562 1521 4600 ac
1572 4556 1722 4617 satur
1770 4564 1934 4617 opum
1988 4549 2333 4614 divinarum,

767 4650 961 4689 secure
998 4637 1456 4706 circumvagetur.
1493 4654 1593 4692 nec
1629 4626 2030 4707 quasrens,nee
2062 4640 2286 4708 pulsans
2317 4656 2334 4695 :

767 4724 1017 4787 Quwrens
1065 4727 1233 4790 enim,
1271 4727 1467 4797 inquit,
1499 4730 1743 4793 inveniet,
1778 4738 1826 4782 et
1862 4730 2094 4799 pulsanti
2131 4731 2336 4799 aperie-

767 4822 854 4864 tur
870 4815 933 4867 ".

836 4903 976 4957 Xlll.
1014 4903 1068 4959 Si
1112 4906 1474 4974 compositum
1519 4906 1652 4961 illud
1698 4908 1877 4961 oleum
1920 4918 2124 4962 tantam
2174 4909 2342 4964 habet

766 4990 907 5053 vim,
944 5000 1004 5044 ut
1042 5006 1109 5045 eo
1154 4994 1238 5046 usi
1282 4993 1349 5047 ad
1395 4994 1715 5063 dignitatem
1761 4997 2058 5050 ascendant
2100 4998 2341 5067 regiam;

2437 4546 2551 4599 ἀλλ’
2575 4546 2685 4598 εἴθε
2738 4548 2841 4617 κᾶν
2868 4548 2969 4616 τῆς
3005 4548 3198 4621 ἑαυτοῦ
3220 4548 3405 4610 πενίας
3425 4548 3684 4626 αἴσθησις
3718 4550 3892 4617 εισήει
3922 4548 4000 4617 τῷ

2438 4636 2793 4705 κεκτημένην
2824 4637 2918 4689 καὶ
2954 4636 3031 4707 μή
3053 4637 3128 4699 ῶς
3164 4637 3260 4690 τοῦ
3312 4638 3458 4695 θείου
3492 4637 3724 4689 πλούτου
3761 4653 3999 4703 asa-taxo-

2441 4726 2534 4794 ρὴς
2560 4724 2654 4785 ὢν.
2688 4726 2945 4796 ἄφροντις
2974 4728 3240 4797 περιῆγεν
3265 4743 3307 4773 ’ς
3328 4727 3529 4795 Ὀγὰρ
3570 4724 3776 4791 ζητῶν,
3808 4725 3998 4793 φησὶν,

2351 4840 2358 4846 ·
2435 4814 2699 4883 εὑρήσει,
2730 4816 2828 4868 καὶ
2857 4815 2935 4881 τῷ
2967 4818 3243 4883 κρούοντι
3272 4816 3675 4883 ἀνοιγήσεται.

2510 4906 2607 4959 ΙΓ¹.
2640 4907 2703 4958 El
2743 4908 2803 4959 τὸ
2837 4907 3091 4959 σύνθετον
3134 4908 3311 4959 ἐκεῖνο
3362 4906 3539 4958 ἔλαιον
3580 4902 3850 4975 τοσαύτην
3885 4907 3998 4975 ἔχει

2437 4994 2539 5062 τὴν
2590 4993 2841 5063 δύναμιν,
2898 4994 2974 5057 ὼς
3023 4996 3152 5057 τοὺς
3206 4994 3583 5064 χρησαμένους
3614 4988 3775 5063 ἀὐτῷ
3812 4994 3997 5045 λοιπὸν

769 5088 975 5148 quanto
1028 5081 1199 5149 magis
1251 5081 1343 5149 qui
1389 5084 1568 5150 quoad
1621 5094 1861 5138 mentem
1913 5093 1969 5139 et
2019 5086 2337 5139 interiorem

2440 5083 2723 5154 βασιλικῆς
2749 5084 3047 5137 επισαινειν
3079 5086 3264 5154 δόξης,
3309 5085 3459 5153 πόσῳ
3512 5100 3577 5151 γε
3604 5084 3803 5152 μᾶλλον
3832 5086 3880 5136 οἰ
3909 5084 4000 5136 τὸν

770 5170 1048 5224 hominem
1086 5172 1459 5226 sanctificante
1499 5174 1878 5229 exsultationis
1914 5176 2036 5229 oleo
2076 5176 2243 5240 uncti,
2278 5186 2336 5231 et

2435 5174 2559 5227 νοῦν
2598 5176 2694 5228 καὶ
2722 5176 2813 5228 τὸν
2834 5176 2940 5227 ἔσω
2961 5174 3247 5245 ἀνθρωπον
3271 5174 3347 5242 τῷ
3365 5173 3672 5241 ἀγιαστικῷ
3702 5174 3798 5241 τῆς
3826 5172 3999 5239 ἀγαλ-

768 5258 982 5310 arrbam
1026 5258 1155 5312 boni
1197 5260 1528 5329 accipientes
1570 5262 1836 5330 Spiritus,
1869 5277 2156 5317 mensuras
2202 5280 2332 5333 per-

2432 5265 2666 5329 λιάσιως
2704 5267 2867 5334 ἐλαίῳ
2923 5266 3221 5335 χριόμενοι,
3268 5265 3363 5317 καὶ
3416 5265 3508 5317 τὸν
3558 5263 3857 5335 ἀρῤαὸῶνα
3905 5262 4001 5318 τοῦ

768 5346 1019 5401 lectionis
1062 5348 1417 5416 inscendent;
1466 5352 1639 5421 regni,
1677 5352 1921 5421 inquam,
1956 5360 2012 5405 et
2056 5351 2339 5407 liliationis

2436 5355 2647 5423 ἀγαθοῦ
2690 5356 3057 5425 λαμθάνοντες
3117 5353 3465 5424 Πνεύματος,
3509 5353 3619 5406 τῶν
3650 5353 3865 5422 μέτρων
3900 5352 4002 5421 τῆς

766 5436 983 5491 Christo
1012 5439 1123 5509 regi
1158 5449 1440 5495 consortes
1472 5449 1527 5495 et
1552 5443 1770 5512 collegae
1792 5442 1953 5507 lacti;
1990 5442 2336 5511 ingrediendi

2433 5446 2772 5515 τελειότητος
2819 5444 3193 5514 ἐπιδήσονται,
3244 5444 3344 5513 τῆς
3382 5440 3621 5513 Χριστοῦ
3660 5458 3803 5510 φημι
3843 5440 4002 5509 βασι-

768 5528 833 5581 ad
876 5530 1090 5585 Patrem
1128 5542 1186 5587 et
1218 5533 1557 5603 egrediendi,
1590 5542 1650 5587 ut
1680 5535 1897 5589 videtur
1930 5536 2064 5605 ipsis
2099 5535 2328 5591 liberam

2436 5537 2583 5600 λιεας
2636 5538 2730 5591 καὶ
2781 5536 3053 5600 υἱοθεσίας
3102 5534 3253 5607 αὐτῷ
3301 5533 3605 5606 σιμμὺαται
3666 5531 3744 5602 τῷ
3791 5530 4003 5602 βασιλεί

849 5733 893 5763 δ’
913 5732 1047 5785 Luc.
1070 5746 1223 5797 xvm,
1248 5732 1301 5784 7.
1379 5732 1424 5763 "
1444 5731 1635 5786 Matth.
1658 5747 1751 5797 vn,
1773 5733 1825 5786 7.
1900 5733 1945 5765 “
1970 5733 2108 5789 Luc.
2132 5750 2207 5802 xl,
2230 5734 2289 5791 8.
2358 5737 2403 5769 "
2425 5736 2615 5791 Matth.
2641 5753 2734 5801 vn,
2757 5740 2816 5804 7;
2846 5737 2984 5794 Luc.
3005 5753 3079 5803 ιι,
3106 5737 3192 5790 10.
