4254 6358
239 415 345 483 901

1265 404 1491 497 LIBER
1529 403 1629 465 DE
1668 394 2143 462 ELEVATIONE
2182 392 2488 455 MENTIS.

3394 377 3502 443 902

239 532 547 600 γενόμενοι,
607 527 835 582 εἰσιέναι
888 528 984 583 καὶ
1031 526 1234 592 ἐξιέναι
1280 493 1419 592 πρὸς
1461 517 1556 572 τδν
1598 510 1821 579 Πατέρα
1850 514 1895 568 Δ

1850 514 1895 568 Δ
1924 505 2189 562 habentes
2215 512 2576 574 potestatem;
2606 503 2711 559 etsi
2739 498 2888 556 enim
2917 495 3147 552 solidam
3173 493 3333 549 istam
3361 506 3500 545 non-

242 620 387 675 κατά
431 620 493 675 τὺ
539 619 732 675 δοκοῦν
765 620 952 684 αὐτοῖς
998 618 1245 689 ῑχοντεςς
1292 614 1357 669 Εἰ
1378 611 1489 682 γὰρ
1515 606 1609 663 καὶ
1654 604 1823 674 μήπω

241 714 450 768 τέλειον
492 713 594 784 τὴν
645 713 1012 785 κληρονομίαν
1060 711 1338 780 εἰλήφασι,
1398 704 1459 757 τὸ
1511 700 1677 771 βάρος
1734 694 1816 747 ἔτι

244 805 624 875 περικείμενοι
654 806 751 874 τῆς
776 804 1001 875 σαρκὸς,
1023 801 1138 857 ἀλλ’
1163 795 1257 854 οὖν
1290 795 1379 851 διὰ
1398 795 1486 849 τὸν
1523 785 1826 861 ἀρραϐῶνα

246 895 342 948 τοῦ
382 894 705 965 Πνεύματος
732 898 791 949 ἐν
821 894 898 965 τῷ
932 894 1165 965 ἀσφαλεῖ
1191 889 1376 951 αὐτοῖς
1419 878 1689 938 κεῖταιτά
1718 876 1825 965 τῶν

246 985 503 1049 ἐλπίδων,
530 963 624 1038 καὶ
645 985 728 1039 ὅτι
752 963 1246 1054 συμϐασιλεύσουσι
1273 976 1352 1046 τῷ
1374 967 1616 1043 Χριστῷ,
1648 965 1744 1019 καλ⁵
1770 963 1828 1015 ἐν

248 1075 541 1146 περιουσίᾳ
570 1077 666 1130 καὶ⁵
689 1073 1014 1144 πλεονασμῷ
1037 1070 1355 1141 Πνεύματος
1374 1064 1615 1123 ἐσονται,
1638 1056 1823 1117 αὐτοῖς

250 1168 684 1239 ἐνδοιαζόμενον,
730 1166 922 1222 καθότι
966 1168 1033 1237 τῇ
1065 1163 1244 1235 σαρκὶι
1266 1156 1553 1230 περιόντες
1595 1150 1698 1212 ιτι,
1752 1147 1831 1239 εἰς

250 1263 454 1330 πεῖραν
478 1238 640 1330 ἡλθον
660 1260 760 1330 τῆς
788 1258 1071 1327 δυνάμεως
1096 1254 1192 1309 καὶ
1217 1252 1412 1325 ἡδονῆς
1441 1245 1688 1315 ἐκείνης·
1738 1238 1835 1293 καὶ

252 1353 367 1421 γὰρ
392 1351 455 1405 τδ
493 1351 740 1404 ἐπιτεθέν
769 1348 910 1403 κατά
936 1347 1036 1419 τὴν
1073 1344 1357 1418 παρακοὴν
1384 1342 1496 1403 τοῖς
1526 1334 1835 1406 ἀνθρώποις

253 1443 353 1497 τοῦ
364 1444 582 1496 Σατανᾶ
597 1441 879 1511 κάλυμμα,
897 1442 930 1511 ἡ
949 1440 1108 1511 χάρις
1127 1436 1396 1508 ἐρχομένη
1410 1431 1500 1488 διὰ
1515 1429 1837 1497 καθάρσεως

254 1533 477 1587 τοῦέσω
505 1532 791 1604 ἀνθρώπου
809 1532 1019 1585 καὶτοῦ
1046 1530 1186 1594 νοὸς,
1212 1527 1490 1599 περιαιρεῖ
1508 1520 1714 1583 τέλεον,
1738 1517 1831 1570 καὶ

259 1627 374 1677 πᾶν
392 1625 606 1695 μίασμα
628 1625 722 1677 καί⁵
743 1624 1003 1693 λογισμὸν
1019 1622 1236 1676 ἅπαντα
1254 1616 1498 1689 ῥυπαρὸν
1521 1613 1624 1682 τῆς
1650 1608 1831 1681 ψυχῆς

260 1713 715 1779 άποσκυϐαλίζει,
747 1713 996 1784 καθαρὰν
1022 1712 1195 1781 αύτὴν
1226 1707 1481 1778 γενέσθαι
1515 1701 1836 1775 βουλομένη,

263 1804 366 1858 καὶ
397 1805 501 1874 τὴν
532 1803 668 1857 ἰδίαν
721 1800 1106 1857 ἀπολαϐοῦσαν
1134 1797 1297 1868 φύσιν
1328 1794 1547 1867 τρανοῖς
1573 1792 1671 1846 καὶ
1714 1790 1839 1843 ἀνε-

264 1894 598 1956 πικωλύτοις
628 1896 740 1956 τοῖς
765 1890 1066 1962 ὀφθαλμοῖς
1118 1890 1220 1960 τὴν
1252 1886 1413 1952 δόξαν
1439 1882 1532 1938 τοῦ
1584 1876 1841 1951 ἀληθινοῦ

267 1988 448 2056 φωτὸς
472 1984 851 2040 κατοπτεύειν.
885 1983 949 2036 Ol
978 1979 1212 2035 τοιοῦτοι
1236 1979 1291 2034 δέ
1320 1976 1542 2031 αὐτόθεν
1570 1974 1672 2045 ἡδη
1707 1970 1844 2040 πρὸς

270 2079 486 2130 ἐκεῖνον
526 2073 866 2146 ἀρπάζονται
894 2071 987 2125 τὸν
1007 2071 1238 2135 -αίῶνα,.
1265 2068 1363 2123 καὶ
1408 2067 1479 2121 τά
1524 2064 1641 2118 ἐκεῖ
1671 2060 1842 2129 κάλλη

271 2166 370 2219 καὶ
408 2162 665 2234 θαύματα
693 2160 988 2233 καθορῶσι.
1031 2160 1301 2229 Καθάπερ
1324 2154 1433 2225 γάρ
1474 2154 1503 2206 ό
1535 2147 1845 2220 σωματικδς

268 2256 547 2326 ὀφθαλμός
582 2253 808 2316 ἀπαθῶς
830 2270 889 2305 τε
920 2252 1017 2306 καὶ
1047 2249 1216 2317 ὑγιῶς
1254 2247 1396 2316 ἔχων
1432 2244 1555 2307 ταῖς
1593 2240 1845 2312 ἡλιακαῖς

272 2349 473 2416 αὐγαῖς
503 2345 849 2419 θαρρούντως
873 2340 1169 2406 ἐνατενίζει
1189 2353 1203 2368 ⁶
1252 2336 1396 2393 οῦτω
1442 2335 1538 2389 καί⁵
1565 2328 1708 2389 οὗτοι
1734 2348 1847 2398 φω-

271 2438 434 2510 τεινῷ
464 2438 733 2513 χρώμενοι
764 2437 857 2489 καὶ
880 2429 1370 2501 διακεκαθαρμένῳ
1388 2428 1464 2498 τῷ
1489 2426 1565 2497 νῷ
1593 2424 1691 2487 τάς
1712 2421 1839 2513 ἀδύ-

273 2507 599 2596 τουςναύγὰς
627 2507 830 2596 ἰίυρίου
861 2526 946 2578 διὰ
978 2523 1177 2586 παντὸς
1205 2518 1633 2575 κατοπτεύουσιν
1666 2532 1679 2547 ⁸
1707 2507 1768 2569 οὗ
1796 2513 1849 2566 τί

274 2623 335 2675 τὸ
357 2623 555 2691 μέτρον
585 2619 781 2689 φησίν;
812 2619 872 2671 οὐ
899 2617 1097 2688 ῥᾳδίως
1128 2612 1353 2682 ἐφικτὸν
1379 2613 1493 2674 τοῖς
1518 2607 1847 2679 ἀνθρὼποις’

277 2712 417 2765 ἁ).λά
450 2711 629 2763 πόνων
654 2710 823 2763 δεῖται
855 2706 1086 2778 συχνῶν,
1112 2707 1340 2775 ἀγώνων
1379 2718 1441 2756 τε
1484 2702 1578 2755 καὶ
1613 2700 1853 2771 ἰδρώτων

284 2803 520 2875 μυρίων.
559 2801 747 2854 Πολλοὶ
780 2799 890 2869 γάρ
917 2799 1078 2863 είσιν,
1114 2791 1196 2859 οἷς
1226 2795 1322 2849 καὶ
1356 2795 1390 2865 ἡ
1424 2792 1585 2864 χάρις
1609 2792 1853 2845 σύνεστιν

281 2890 601 2960 ἐνεργοῦσα,
635 2891 729 2943 καὶ
766 2890 800 2960 ἡ
834 2887 1003 2941 κακία
1032 2886 1195 2941 πάλιν
1228 2881 1599 2955 ἐνδομυχοῦσα
1619 2880 1856 2950 ἀφέστη-

281 3003 379 3039 κεν
431 2983 722 3055 οὐδαμῶςο
781 2983 919 3037 ἀλλὰ
968 2980 1038 3034 τά
1082 2979 1175 3033 δύο
1224 2976 1534 3049 πνεύματα,
1562 2973 1625 3027 τό
1654 2989 1715 3026 τε
1758 2970 1854 3023 τοῦ

282 3076 462 3146 φωτὸς
487 3076 584 3129 καὶ
620 3077 681 3128 τὸ
709 3074 799 3128 τοῦ
855 3073 1104 3134 σκότους,
1135 3072 1215 3132 εἰς
1255 3069 1383 3140 μίαν
1426 3067 1520 3121 καὶ
1552 3066 1651 3137 τὴν
1687 3061 1856 3131 αύτὴν

1921 597 2053 652 dum
2100 602 2396 652 creverunt
2436 594 2845 655 haereditatem,
2896 586 3041 643 mole
3089 585 3280 655 utique
3322 582 3506 637 adhuc

1923 690 2133 760 gravati
2182 688 2405 749 carnis,
2455 696 2659 751 tamen,
2686 684 2759 739 ob
2810 680 3178 738 arrhabonem
3232 677 3505 746 Spiritus.

1925 791 2076 837 certa
2108 791 2165 835 et
2195 794 2389 834 secura
2427 793 2523 849 spe
2556 776 2864 837 confidunt,
2894 782 2953 828 et
2981 775 3415 838 conregnaturos
3447 781 3505 819 se

1926 876 2149 930 tandem
2174 873 2428 937 Christo,
2455 881 2511 927 et
2533 870 2802 927 fruituros
2830 865 3053 937 copiose
3077 872 3135 918 et
3159 860 3509 916 abundanter

1933 966 2091 1038 194
2117 964 2358 1036 Spiritu;
2393 965 2620 1019 minime
2671 960 2988 1017 dubitantes
3030 955 3186 1027 quin,
3211 951 3390 1023 quoad
3454 950 3508 1003 in

1929 1073 2094 1112 carne
2117 1057 2377 1117 vixerint,
2399 1046 2685 1125 perstituri
2710 1051 2766 1106 in
2790 1047 3136 1121 possessione
3158 1045 3270 1099 sint
3291 1040 3513 1097 virtutis

1930 1156 1988 1203 et
2012 1148 2311 1218 voluptatis
2337 1147 2509 1211 illius,
2537 1146 2698 1216 cujus
2725 1140 2897 1198 semel
2923 1136 3261 1209 experiendo
3291 1142 3510 1206 gustum

1933 1249 2305 1311 acceperunt;
2371 1239 2576 1309 quippe
2640 1252 2765 1293 cum
2835 1229 3323 1304 superimpositum
3391 1232 3515 1295 post

1935 1330 2361 1387 inobedientiam
2389 1330 2709 1385 hominibus
2735 1327 2947 1383 Satanae
2974 1321 3316 1393 operculum,
3340 1327 3513 1388 gratia

1936 1425 2166 1481 veniens
2224 1439 2327 1494 per
2381 1422 2766 1494 purgationem
2826 1416 3109 1474 interioris
3164 1411 3409 1469 hominis
3460 1418 3519 1464 ct

1936 1515 2158 1579 mentis,
2185 1513 2401 1570 auferat
2439 1512 2683 1583 penitus,
2714 1517 2771 1565 et
2809 1522 2973 1563 omne
3016 1503 3511 1575 inquinamentum,

1939 1622 2271 1677 omnemque
2302 1604 2690 1676 cogitationem
2725 1602 2795 1656 ab
2828 1600 3007 1654 anima
3040 1603 3293 1659 everrat;
3324 1591 3515 1647 volens

1939 1698 2088 1752 illam
2117 1712 2237 1753 esse
2266 1695 2549 1759 mundam,
2570 1704 2628 1749 et
2650 1691 2932 1762 propriam
2966 1687 3214 1757 recipere
3240 1692 3515 1745 naturam,

1943 1788 2352 1859 perspicacibus
2380 1795 2436 1841 et
2459 1784 2609 1841 omni
2635 1784 2827 1840 liberis
2856 1778 3254 1850 impedimento
3283 1772 3399 1829 veri
3430 1772 3519 1825 ln-

1946 1878 2113 1934 minis
2146 1879 2453 1934 claritatem
2488 1875 2692 1933 intueri
2724 1874 2920 1929 oculis.
2947 1869 3050 1938 Qui
3085 1868 3223 1923 tales
3253 1871 3383 1921 sunt
3408 1864 3518 1933 jam

1943 1985 2011 2026 ex
2052 1971 2158 2026 hoc
2199 1978 2448 2040 tempore
2488 1982 2552 2023 ac
2585 1967 2717 2021 vitae
2754 1971 2901 2021 statu
2947 1963 3005 2017 in
3046 1959 3184 2015 illud
3225 1958 3521 2028 rapiuntur

1945 2063 2204 2119 saeculum
2226 2102 2241 2127 ,
2274 2070 2332 2116 et
2361 2076 2485 2131 quas
2516 2060 2593 2115 ibi
2626 2066 2755 2114 sunt
2784 2053 3227 2127 pulchritudines
3257 2064 3321 2105 ac
3352 2048 3522 2103 mira-

1944 2152 2068 2206 cula
2093 2160 2361 2221 spectant.
2389 2147 2861 2217 Quemadmodum
2890 2146 3035 2201 enim
3066 2155 3365 2212 corporeus
3394 2154 3525 2193 ocu-

1946 2243 2033 2298 lus
2057 2242 2218 2313 plene
2250 2257 2419 2298 sanus
2447 2250 2505 2297 et
2530 2242 2740 2312 vigens,
2771 2239 2980 2295 solares
3012 2234 3273 2291 audacter
3304 2229 3527 2303 inspicit

1948 2335 2161 2401 radios;
2194 2335 2276 2391 sic
2305 2344 2362 2390 et
2386 2334 2443 2389 hi
2472 2333 2653 2389 lucida
2684 2339 2889 2397 mente,
2911 2327 3316 2385 inaccessibiles
3344 2324 3527 2394 splen-

1950 2427 2116 2483 dores
2154 2427 2370 2483 Domini
2415 2441 2633 2495 semper
2671 2425 2957 2480 intuentur
2997 2439 3010 2475 :
3047 2420 3115 2475 ad
3162 2433 3325 2489 quam
3364 2425 3529 2471 tanta:

1951 2534 2265 2575 mensuram
2309 2520 2623 2590 pertingere
2657 2516 2935 2572 felicitatis
2969 2513 3115 2569 haud
3151 2513 3310 2573 facile
3349 2511 3529 2566 homi-

1951 2613 2117 2669 nibus
2149 2622 2233 2669 est
2262 2631 2276 2667 :
2307 2613 2404 2669 sed
2433 2612 2715 2668 laboribus
2743 2610 2810 2665 ad
2841 2610 2945 2665 hoc
2973 2606 3111 2681 Opus
3141 2615 3225 2662 cst
3254 2604 3529 2676 plurimis,

1954 2704 2463 2773 certaminibusque
2527 2710 2583 2757 et
2640 2700 2935 2757 sudoribus
2993 2698 3316 2753 innumeris.
3377 2694 3531 2750 Multi

1956 2794 2162 2865 quippe
2190 2802 2320 2848 sunt
2343 2793 2544 2864 quibus
2569 2792 2743 2864 gratia
2772 2791 2913 2846 inest
2935 2789 3156 2861 quidem
3184 2787 3533 2858 Operationes

1961 2887 2128 2941 etiam
2176 2887 2439 2958 quasdam
2489 2902 2618 2942 suas
2664 2900 2927 2941 exercens
2979 2902 2993 2938 :
3037 2893 3295 2939 ueterum
3348 2881 3422 2935 ita
3473 2891 3535 2934 ut

1960 2980 2123 3034 simul
2160 2995 2271 3035 non
2304 2980 2448 3035 absit
2483 2979 2552 3035 ab
2587 2980 2655 3035 iis
2690 2978 2895 3033 malitia
2930 2977 3079 3032 intus
3116 2976 3310 3031 latens.
3344 2974 3535 3043 Itaque

1959 3077 2092 3126 tunc
2127 3071 2291 3127 ambo
2325 3071 2575 3141 spiritus,
2606 3069 2826 3125 lucidus
2857 3076 2915 3124 et
2948 3066 3296 3124 tenebrosus.
3326 3063 3381 3117 in
3424 3078 3536 3117 uno

282 3172 497 3241 ἐνεργεῖ
525 3168 786 3239 καρδίαν·
824 3167 884 3219 τὸ
911 3166 966 3220 δέ
1008 3164 1297 3234 εἰρημένον
1324 3177 1338 3191 '
1380 3160 1476 3226 Τίς
1496 3158 1609 3229 γὰρ
1654 3157 1692 3225 ἡ
1730 3170 1854 3208 κοι-
1885 3170 1927 3230 c
1961 3192 1962 3202 η

1850 3180 1854 3193 ’
1885 3170 1927 3230 c
1961 3170 2019 3217 et
2038 3161 2231 3216 eodem
2255 3171 2555 3231 operantur
2578 3159 2764 3215 corde.
2784 3156 2939 3225 Quod
2966 3164 3148 3211 autem
3176 3155 3383 3209 dictum
3405 3162 3491 3207 est
3516 3170 3530 3207 :

283 3262 471 3315 γωνία
492 3259 639 3329 φωτί
668 3258 819 3325 πρὸς
850 3257 1109 3319 σκότος;
1147 3254 1240 3306 καὶ⁸
1270 3254 1373 3315 ὅτι,
1406 3250 1478 3305 Τὸ
1513 3247 1639 3318 φῶς
1677 3248 1746 3300 ἐν
1774 3243 1848 3313 τῇ
1960 3272 1963 3295 4

1960 3251 2091 3318 Qua!
2128 3253 2269 3306 enim
2306 3252 2527 3305 societas
2567 3250 2669 3303 luci
2703 3248 2772 3302 ad
2807 3245 3149 3301 tenebras"?
3176 3245 3244 3298 Et
3279 3262 3289 3297 ε
3328 3242 3443 3296 Lux
3480 3242 3536 3295 in

289 3352 507 3417 σκοτίᾳ
544 3350 764 3419 φαίνει,
809 3348 903 3400 καὶ
927 3347 997 3399 τά
1041 3346 1188 3415 ἑξῆς,
1242 3342 1513 3412 ἀναμέρος
1560 3337 1857 3408 ἐκληπτέον
1962 3357 1969 3397 ι

1856 3358 1857 3363 ‘
1962 3344 2182 3397 tenebris
2223 3342 2421 3397 lucet"
2458 3359 2473 3397 :
2508 3340 2839 3409 similiaque,
2870 3336 3091 3392 divisim
3132 3349 3196 3389 ac
3235 3333 3536 3405 sigillatim,

291 3442 417 3495 ούδέ
459 3439 807 3512 μονοτρόπως
840 3438 908 3491 τὰ
939 3438 1241 3506 πράγματα
1270 3450 1285 3465 ·
1322 3432 1548 3501 καὶγὰρ
1582 3430 1641 3492 ἐς
1673 3427 1860 3481 τοσοῦ-
1961 3452 1971 3488 ι

1854 3457 1860 3467 -
1961 3451 2070 3489 non
2106 3434 2455 3488 unifortniter
2505 3441 2562 3486 et
2593 3430 2645 3484 in
2683 3429 3001 3484 universum
3035 3425 3352 3496 accipienda
3388 3432 3534 3478 sunt.

289 3534 381 3586 τόν
445 3548 594 3595 τινες
655 3529 1090 3583 ἐναναπαύονται
1146 3529 1213 3597 τῇ
1272 3527 1454 3596 χάριτι
1488 3522 1582 3575 τοῦ
1610 3519 1769 3586 Θεοῦ,
1802 3522 1858 3583 ἐς
1962 3527 1969 3581 1

1962 3527 2099 3581 Nam
2138 3525 2193 3579 in
2231 3533 2441 3579 tantum
2474 3518 3090 3593 quidam‘acquiescunt
3116 3517 3303 3588 gratiae
3336 3516 3454 3581 Dei,
3484 3514 3539 3569 in

288 3626 417 3676 ὅσον
449 3620 655 3675 ἐαυτῶν
686 3619 945 3673 δύνασθαι
977 3619 1223 3689 κρατεῖν,
1252 3616 1348 3669 καὶ
1380 3613 1453 3683 μὴ
1473 3610 1741 3682 ἡττᾶσθαι
1766 3609 1863 3677 τῆς
1965 3649 1968 3670 ,

1965 3631 2232 3693 quantum
2275 3620 2560 3676 continere
2609 3607 2819 3688 seipsos
2861 3623 3116 3685 possunt,
3152 3622 3210 3668 et
3250 3627 3359 3666 non
3392 3610 3537 3666 vinci

293 3712 723 3781 ἐγκατοικούσης
776 3710 960 3771 αὐτοῖς
992 3707 1269 3778 ἁμαρτίας
1291 3720 1303 3737 ·
1344 3705 1438 3757 καὶ
1470 3698 1743 3771 συμϐαίνῃ
1768 3696 1864 3750 νῦν
1966 3732 1973 3767 ε

1862 3716 1864 3733 ’
1966 3714 2034 3768 ab
2066 3712 2407 3767 inhabitante
2437 3711 2493 3765 in
2524 3710 2657 3780 ipsis
2690 3715 2935 3778 peccato.
2969 3705 3064 3759 His
3096 3704 3383 3773 contingit,
3409 3701 3542 3756 dum

296 3805 468 3876 εὐχὴν
494 3803 825 3873 εὐπάρεδρον
854 3800 1075 3870 ἔχοντας
1120 3796 1217 3851 καὶ
1276 3793 1616 3848 ἀναπαῦσαι·
1674 3790 1865 3842 ἔπειτα
1967 3825 1976 3857 ε

1862 3827 1865 3838 ’
1967 3805 2316 3861 constantius
2346 3802 2624 3858 interdum
2656 3798 3031 3867 atlentiusque
3061 3795 3295 3850 orationi
3325 3804 3542 3855 vacant.

293 3898 401 3951 ὑπὸ
448 3895 711 3968 ῥυπαρῶν
748 3892 1025 3961 λογισμῶν
1068 3887 1427 3959 ἐνεργεῖσθαι,
1488 3885 1583 3937 καὶ
1618 3883 1724 3935 ύπδ
1767 3881 1865 3948 τῆς
1970 3911 1973 3937 η

1864 3900 1865 3903 ‘
1970 3902 2032 3948 ut
2063 3893 2248 3963 quiete
2284 3891 2716 3962 perfundantur;
2752 3896 2944 3958 postea
2977 3896 3161 3940 tamen
3196 3884 3544 3939 sordidarum

294 3987 572 4059 ἁμαρτίας
622 3984 976 4047 κλέπτεσθαι,
1027 3979 1295 4046 συνούσης
1326 3975 1528 4046 δηλαδὴ
1571 3974 1666 4028 καὶ
1698 3973 1867 4040 αὐτῆς
1969 4012 1974 4036 γ

1866 3992 1867 3997 ‘
1969 3986 2367 4057 cogitationum
2405 3984 2642 4039 insultus
2684 3980 2829 4053 pati;
2872 3978 3004 4049 quin
3048 3987 3106 4033 et
3142 3992 3173 4032 a
3210 3976 3546 4046 subrepente

296 4080 544 4151 χάριτος.
575 4078 637 4129 Ol
677 4077 776 4147 μὲν
817 4074 910 4127 οὖν
940 4068 1165 4141 ἐλαφροί
1204 4085 1264 4120 τε
1294 4066 1389 4120 καὶ
1417 4064 1567 4117 οῦπω
1591 4063 1688 4132 τῆς
1720 4062 1872 4131 ἀκρι-

302 4171 454 4232 ϐείας
493 4168 883 4238 ἐπειλημμένοι
911 4166 1088 4225 πόσω;
1120 4162 1302 4222 αὐτοῖς
1327 4158 1424 4227 τῆς
1458 4157 1606 4217 θείας
1642 4155 1871 4223 χάριτος

301 4260 654 4331 ἐνεργούσης,
681 4259 865 4323 ἔδοξαν
897 4257 1132 4310 εἰσάπαν
1162 4249 1529 4308 ἀπολελύσθαι
1558 4248 1658 4315 τῆς
1688 4246 1868 4314 ἀμαρ-

298 4354 425 4414 τίας
448 4368 465 4385 ο
505 4353 553 4405 οἰ
590 4351 647 4403 δέ
684 4348 955 4419 διάκρισιν
997 4364 1056 4405 τε
1104 4343 1199 4397 καὶ
1246 4340 1371 4396 νοῦν
1402 4340 1639 4409 ῐχοντες,
1674 4337 1773 4388 οὐκ
1806 4334 1873 4386 ἂν

303 4444 615 4515 ἀρνηθεῖεν,
662 4442 744 4495 ὅτι
775 4441 871 4494 καὶ
918 4440 1017 4508 τῆς
1058 4436 1151 4491 τοῦ
1195 4431 1331 4487 Θεοῦ
1366 4432 1587 4502 χάριτος
1633 4426 1873 4481 ἐνοικού-

304 4553 429 4606 σης,
460 4534 582 4603 ούχὶ
602 4534 697 4586 καίΙ
734 4532 839 4586 ὑπὸ
871 4529 1114 4600 αἰσχρῶν
1154 4526 1251 4580 καὶ
1294 4524 1514 4578 ἀτόπων
1539 4520 1872 4575 διασείονται

300 4623 605 4695 λογισμῶν.

378 4837 475 4889 ΙΔθ.
516 4830 743 4901 Εἴδομέν
768 4846 921 4893 τινας
942 4829 999 4882 ἐν
1025 4827 1136 4888 τοῖς
1164 4821 1413 4889 ἀδελφοῖς
1443 4816 1704 4878 πολλάκις
1734 4812 1877 4871 οῦτω

306 4927 571 4988 πλουσίας
599 4924 698 4993 τῆς
724 4921 948 4991 χάριτος
973 4914 1420 4976 ἐπιλελαυκότας,
1448 4910 1522 4973 ὡς
1554 4906 1717 4960 πέντε
1759 4904 1879 4976 χρό-

307 5029 415 5069 νων
445 5014 540 5067 καί⁸
568 5008 631 5075 ἐξ
658 5008 1111 5080 ἀπομαρανθῖψαι
1137 5004 1322 5058 τέλεον
1360 5001 1545 5061 αὐτοῖς
1594 4997 1689 5050 καὶ
1742 4997 1879 5048 ἀπο-

310 5102 533 5172 σϐῆναι,
557 5101 631 5153 τὰ
659 5098 759 5169 τῆς
786 5096 1082 5168 ἐπιθυμίας
1099 5111 1111 5124 θ
1131 5089 1362 5158 εἷτα,ὼς
1386 5088 1571 5155 ἐδιιξαν
1590 5087 1762 5157 ὅρμου
1788 5082 1884 5137 καὶ

306 5194 553 5264 γαλήνης
582 5188 964 5252 ἐπιλαϐέσθαι,
992 5185 1113 5239 τότε
1148 5182 1399 5251 καθάπερ
1429 5178 1487 5243 ἐξ
1528 5176 1749 5246 ἐνέδρας
1773 5175 1886 5264 ἐπιέ

311 5263 540 5356 φανεῖσα
567 5280 780 5343 τούτοις
804 5280 838 5349 ἡ
867 5276 1035 5332 κακία
1063 5274 1207 5329 οῦτω
1233 5271 1512 5343 δυσμενῶς
1536 5266 1762 5321 ἐπέθετο
1791 5263 1885 5317 καὶ

311 5378 539 5449 ἀγρίως,
567 5375 643 5438 ὡς
681 5371 943 5440 ἰκπληξιν
972 5370 1154 5431 αὐτοῖς
1206 5366 1443 5420 ἐνθεῖναι
1476 5361 1569 5415 καὶ
1608 5356 1842 5430 ἀπορίαν
1865 5372 1879 5386 ·

311 5447 622 5538 τεθάρῤηκε
645 5463 828 5518 τοίνυν
874 5460 1049 5520 οὐδεὶς
1094 5457 1201 5511 τῶν
1252 5456 1345 5521 ὀξὺ
1374 5452 1465 5507 διὰ
1505 5452 1719 5504 σύνεσιν
1758 5447 1881 5516 βλε-

316 5537 524 5612 πόντων
555 5558 756 5620 εῖπιῖν,
788 5555 870 5607 ὅτι
910 5549 1131 5623 χάριτός
1171 5565 1261 5617 μοι
1319 5544 1607 5613 συνούσης,
1642 5537 1887 5609 ἀπήλλα-

315 5666 454 5720 γμαι
504 5648 694 5721 λοιπον
747 5645 843 5700 καὶ
890 5645 990 5714 τῆς
1042 5639 1338 5711 ἁμαρτίας.
1377 5635 1622 5704 Ἐνεργεῖ
1644 5633 1773 5703 γὰρ,
1807 5629 1883 5693 ὡς

389 5828 435 5859 ⁸⁸
458 5826 497 5879 ll
527 5822 653 5878 Cor.
684 5839 755 5889 γι,
779 5821 864 5875 Η.
942 5818 983 5849 "
1006 5818 1162 5872 Joan.
1191 5832 1226 5879 ι,

1973 4080 2162 4135 furtim
2198 4077 2396 4132 incessi
2430 4084 2691 4146 peccato;
2727 4079 2997 4143 praesente
3029 4068 3390 4124 nihilominus
3431 4069 3548 4138 ipsa

1974 4184 2192 4243 quoque
2226 4168 2421 4239 gratia.
2449 4166 2710 4236 Leviores
2745 4164 2908 4235 igitur
2938 4171 2995 4215 et
3027 4161 3212 4215 minus
3244 4161 3411 4226 cauti,
3444 4176 3549 4214 ncc

1975 4262 2110 4319 satis
2143 4260 2530 4331 intelligentes,
2562 4266 2837 4327 quatenus
2872 4256 2925 4309 in
2959 4254 3092 4325 ipsis
3124 4254 3325 4324 polleat
3358 4254 3547 4308 divina

1976 4351 2181 4423 gratia,
2218 4360 2423 4407 temere
2466 4347 2699 4402 credunt
2765 4346 2925 4416 plane
2964 4346 3075 4415 jam
3120 4346 3547 4400 exterminatum

1976 4461 2098 4501 esse
2144 4450 2445 4513 peccatum.
2477 4440 2546 4495 At
2583 4438 2809 4494 discreti
2852 4445 2909 4493 et
2941 4452 3072 4493 vere
3111 4437 3414 4508 prudentes
3456 4452 3546 4491 re-

1979 4551 2125 4599 rum,
2154 4549 2264 4588 non
2291 4532 2482 4602 utique
2509 4530 2718 4586 inficias
2746 4528 2963 4593 iverint,
2992 4542 3050 4583 se
3081 4538 3364 4599 utcunque
3394 4528 3551 4583 inha—

1982 4626 2190 4681 bitante
2226 4622 2475 4693 dignatos
2507 4620 2701 4692 gratia,
2730 4633 2835 4673 nec
2868 4626 3049 4673 tamen
3082 4618 3339 4689 turpibus
3367 4629 3424 4673 et
3451 4617 3549 4673 ab-

1980 4714 2165 4772 surdis
2192 4710 2617 4784 cogitationibus
2641 4724 2751 4764 non
2784 4707 3027 4763 concuti.

2052 4805 2192 4864 XIV.
2218 4802 2481 4859 Novimus
2515 4799 2778 4870 quosdam
2819 4814 2887 4854 ex
2927 4798 3193 4853 fratribus
3231 4813 3374 4868 sape
3410 4800 3549 4854 adeo

1984 4898 2144 4953 uberi
2188 4892 2571 4965 superfusione
2610 4892 2801 4961 gratiae
2843 4891 3067 4950 ditatos.
3103 4899 3166 4945 ut
3207 4891 3452 4959 quinque
3486 4906 3551 4946 ac

1979 5004 2075 5044 sex
2113 4986 2244 5042 totis
2275 4982 2432 5039 annis
2465 4983 2521 5037 in
2556 4981 2688 5052 ipsis
2725 4981 2946 5051 penitus
2976 4979 3145 5035 veluti
3179 4980 3552 5035 emarcuerint

1978 5089 2037 5135 et
2079 5076 2361 5132 exstincta:
2405 5070 2614 5126 fuerint
2661 5070 3027 5139 cupiditates;
3079 5069 3277 5124 deinde
3330 5077 3547 5134 tamen,

1980 5172 2113 5227 dum
2148 5175 2309 5240 portu
2343 5172 2401 5220 et
2433 5163 2827 5233 tranquillitate
2858 5161 2968 5216 frui
3000 5160 3350 5224 videbantur,
3376 5175 3543 5230 appa-

1983 5269 2192 5315 rentem
2246 5269 2472 5319 rursus,
2517 5254 2671 5308 velut
2714 5267 2783 5307 cx
2828 5250 3077 5314 insidiis,
3121 5249 3384 5304 malitiam
3438 5258 3543 5304 tam

1984 5345 2406 5404 vehementibus
2440 5343 2588 5412 ipsos
2616 5351 2671 5396 et
2701 5338 2829 5396 feris
2859 5338 3159 5410 insultibus
3191 5340 3457 5408 pulsasse,
3490 5348 3551 5393 ut

1988 5450 2244 5509 pavorem
2276 5441 2333 5488 et
2364 5430 2861 5486 consternationem
2894 5428 3029 5499 ipsis
3062 5428 3353 5483 incuteret.
3385 5428 3555 5482 Nemo

1989 5530 2159 5600 igitur
2199 5538 2410 5586 eorum,
2440 5522 2643 5601 quibus
2687 5519 2905 5575 acutius
2943 5534 3170 5575 cernere
3216 5534 3385 5574 sacrae
3423 5535 3555 5589 prn-

1991 5618 2193 5675 dentia:
2225 5616 2412 5671 lumen
2445 5614 2617 5679 dedit,
2645 5613 3049 5681 ausitunqnam
3086 5610 3274 5666 diccie
3298 5627 3309 5662 :
3334 5610 3410 5663 Ex
3445 5622 3559 5678 qua
