4254 6358
753 385 881 454 ’993

2014 353 2076 453 ε.
2116 390 2435 451 meum
2477 388 2801 451 somn

773 502 1094 567 prasentem
1130 495 1186 551 in
1222 511 1308 552 me
1353 498 1533 553 sentio
1564 497 1815 568 gratiam,
1847 498 2113 554 liberatus
2140 513 2261 553 sum
2295 500 2349 552 in
2383 506 2424 559 Α
2452 540 2453 543 η

2383 506 2424 559 Α
2452 498 2692 569 εἴρηται,
2727 498 2822 551 καὶ
2851 496 2921 550 τά
2945 494 3039 551 δύο
3066 495 3126 549 έν
3158 494 3237 566 τῷ
3257 495 3338 549 ἑνὶ
3360 494 3458 550 καὶ
3496 494 3578 565 τῷ
3603 494 3753 565 αὐτῷ
3782 494 3884 565 νιῖι,
3920 499 4052 549 κᾶν

770 600 933 640 omne
977 595 1195 656 tempus
1234 586 1303 641 ab
1342 588 1491 642 omni
1538 589 1767 643 malitia.
1802 588 1920 643 Duo
1955 590 2125 652 enim,
2158 597 2218 643 ut
2258 587 2343 642 di-

770 687 922 734 ctum
961 686 1077 743 est,
1107 679 1249 733 inter
1282 693 1341 733 se
1374 679 1601 733 adversa
1634 679 1690 733 in
1723 686 1906 733 mente
1948 686 2146 747 agunt,
2171 678 2344 748 gratia

767 780 825 825 et
856 771 1319 841 concupiscentia,
1354 780 1631 841 utcunque
1665 773 1773 827 cito
1803 773 2013 827 creduli
2044 780 2102 827 et
2134 774 2341 841 impru-

768 863 963 919 dentes
1002 867 1184 920 statim
1227 866 1413 921 dicant
1451 884 1464 919 :
1503 866 1759 931 Vicimus,
1792 877 1841 922 et
1874 869 2189 923 debellatum
2223 870 2340 936 jam

769 960 863 1006 est.
888 954 1017 1009 Mihi
1047 955 1269 1024 quidem
1303 965 1494 1010 contra
1519 957 1598 1012 sic
1621 959 1877 1012 videntur
1905 960 2068 1030 hujus
2094 974 2152 1013 se
2178 973 2343 1027 gene-

771 1040 847 1096 ris
888 1058 976 1097 res
1018 1043 1250 1108 habere,
1281 1053 1341 1099 ut
1373 1046 1595 1114 quando
1634 1047 1734 1100 soli
1773 1062 1909 1115 pure
1946 1047 2173 1116 fulgenti
2212 1046 2344 1100 sub-

767 1130 953 1185 oriens
996 1142 1221 1201 repente
1254 1148 1423 1203 vapor
1455 1142 1509 1187 et
1544 1135 1716 1205 caligo
1747 1138 1993 1190 velamen
2029 1136 2199 1191 veluti
2242 1135 2344 1188 ob-

767 1220 1017 1288 duxerit;
1060 1224 1141 1277 sie
1176 1222 1449 1288 similiter,
1482 1224 1561 1277 uti
1606 1224 1865 1291 diximus,
1895 1241 1954 1279 se
1998 1225 2223 1287 habent.
2249 1225 2345 1294 qui

762 1313 941 1381 gratia
994 1312 1091 1365 Dei
1141 1313 1341 1381 potiti,
1384 1313 1479 1368 sed
1530 1324 1785 1369 accurate
1837 1315 2080 1369 nondum
2130 1315 2344 1384 purgati

766 1410 925 1467 sunt;
968 1403 1062 1456 sed
1107 1403 1162 1456 in
1209 1404 1587 1472 penetralibus
1618 1404 1914 1473 profundis
1944 1404 2123 1458 adhuc
2148 1420 2181 1457 a
2216 1419 2347 1472 pec-

770 1502 897 1547 cato
945 1502 1224 1547 tenentur.
1276 1492 1455 1558 Quare
1503 1493 1673 1547 multa
1722 1492 1971 1562 profecto
2016 1492 2347 1547 discretione

765 1599 905 1652 opus
929 1591 1033 1647 est,
1057 1582 1123 1635 ad
1150 1582 1541 1651 experientiam
1572 1598 1757 1637 rerum
1791 1582 1976 1635 talium
2016 1581 2323 1652 perfectissi

766 1687 910 1726 mam
942 1671 1263 1741 parandam.

845 1760 963 1818 XV.
997 1760 1069 1817 Ut
1120 1761 1239 1816 sine
1287 1760 1492 1827 oculis,
1531 1761 1749 1831 lingua,
1785 1760 2042 1827 auribus,
2078 1760 2346 1831 pedibus,

2452 591 2503 642 οί
2535 588 2748 642 εῦκολοί
2779 604 2841 639 τε
2872 588 2966 639 καὶ
2994 586 3227 655 ἀμαθεῖς
3276 588 3473 656 μικρόν
3502 604 3556 641 τι
3591 587 3738 656 νῆμα
3777 601 4055 654 πνευμα-

2452 680 2605 733 τικὸν
2646 678 2964 749 ἐσχηκότες,
2991 679 3328 748 Nerle
3368 678 3508 746 ἤδη,
3555 679 3829 746 λέγουσιν.
3878 678 4057 746 Ἐμοὶ

2452 770 2509 823 δὲ
2558 771 2718 824 δωκῶ
2766 771 2835 824 τά
2878 769 3181 839 πράγματα
3222 770 3393 833 οὕτως
3443 769 3619 839 ἔχειν·
3663 770 3857 839 ὥσπερ
3899 771 4055 822 ὅταν

2450 860 2605 932 ἡλίου
2627 860 2885 931 καθαρῶς
2913 861 3315 930 ἑπιλάμποντος
3345 860 3621 924 σκοτεινὸς
3643 862 3673 914 ό
3702 862 3846 930 ἀνὴρ
3863 860 4043 927 ἀφνω

2451 954 2485 1024 ἢ
2533 952 2733 1023 ὀμίχλη
2778 952 3155 1023 ἀπιδραμοῦσα
3201 952 3529 1022 δπισκοτίσῃ
3558 951 3725 1004 αὐτοῦ
3758 952 3838 1021 τῷ
3871 951 4043 1018 καλῷ

2457 1044 2635 1114 φωτί·
2666 1043 2840 1112 τούτῳ
2870 1043 2983 1114 γάρ
3030 1042 3428 1113 παραπλησίως
3460 1042 3643 1111 έχουσι
3682 1041 3762 1109 τῷ
3792 1042 3947 1112 λόγῳ
3988 1042 4047 1093 ci

2454 1135 2558 1204 τῆς
2602 1133 2702 1205 μὶν
2746 1132 2842 1186 τοῦ
2873 1131 3010 1185 Θεοῦ
3064 1132 3283 1203 χάριτος
3335 1134 3709 1201 ἐπιτυχόντες,
3768 1132 3946 1202 μήπω
3983 1132 4051 1184 δὲ

2457 1226 2597 1296 πρὸς
2642 1224 2932 1295 ἀκρίϐειαν
2986 1222 3464 1293 διακαθαροίντες,
3505 1222 3621 1273 ἀλλ’
3661 1224 3719 1275 έν
3746 1222 3824 1291 τῷ
3873 1222 4050 1291 βάθει

2453 1316 2536 1370 ἔτι
2566 1317 2891 1386 κατάσχετοι
2918 1315 3071 1379 ὄντες
3099 1316 3205 1367 ὑπὸ
3228 1316 3327 1385 τῆς
3362 1315 3634 1385 ἁμαρτίας
3658 1332 3675 1347 ·
3710 1314 3855 1367 ῶστε
3897 1315 4049 1366 πολ-

2455 1408 2553 1479 λῆς
2583 1408 2662 1477 τῷ
2700 1409 2814 1461 δντι
2834 1407 2935 1477 τῆς
2963 1406 3287 1477 διακρίσεως
3307 1406 3388 1459 δεῖ
3416 1405 3551 1479 πρὸς
3572 1406 3635 1460 ’σὺ
3652 1407 3820 1477 πείρᾳ
3856 1404 4047 1460 ταῦτα.

2454 1498 2522 1566 τῇ
2556 1496 2869 1569 τελεωτάτη
2896 1495 3211 1569 προλαϐεῖν.

2530 1758 2631 1814 IE'.
2684 1760 2869 1827 Ωσπερ
2914 1773 3197 1827 αμηχανον
3236 1755 3535 1825 ὀφθαλμῶν
3565 1756 3694 1810 ἀνευ
3724 1758 3821 1810 καὶ
3848 1757 4040 1825 γλώτ-

765 1852 973 1916 videri,
1006 1851 1144 1915 dici,
1178 1851 1391 1915 audiri,
1425 1851 1691 1905 ambulari
1760 1852 1981 1921 nequit;
2028 1852 2108 1906 sic
2153 1853 2361 1921 pariter
2387 1848 2435 1907 B

2387 1848 2435 1907 B
2460 1867 2581 1919 της,
2612 1847 2769 1901 ῶτων
2794 1864 2853 1899 τε
2889 1847 2985 1901 καὶ
3010 1846 3186 1899 ποδῶν
3236 1845 3454 1915 βλέπειν
3505 1846 3539 1917 ἢ
3573 1847 3774 1915 λέγειν,
3805 1850 4041 1901 ἀκούειν

767 1940 1106 2011 impossibile
1144 1950 1257 2003 est,
1294 1940 1412 1994 sine
1453 1940 1567 1994 Deo
1610 1949 1665 1995 et
1707 1940 1775 1994 ab
1820 1940 1939 2010 ipso
1979 1932 2107 1995 dato
2143 1928 2350 1995 efﬁcaci

772 2032 929 2102 195
975 2030 1209 2095 auxilio,
1249 2031 1657 2085 communicare
1720 2031 1991 2101 mysteriis
2031 2031 2259 2097 divinis,
2301 2043 2358 2088 et

771 2137 935 2177 nosse
982 2121 1078 2175 Dei
1135 2121 1492 2191 sapientiam,
1534 2129 1629 2174 aut
1680 2121 1733 2174 in
1787 2120 1996 2191 Spiritu
2049 2122 2340 2177 ditescere.

766 2211 901 2266 Nam
946 2209 1222 2279 sapientes
1280 2209 1501 2277 quidem
1544 2208 1880 2273 Graecorum,
1912 2209 1967 2264 in
2001 2209 2356 2265 meditatione

768 2298 1145 2353 doctrinarum
1201 2305 1548 2362 exercentur,
1570 2307 1625 2351 et
1646 2297 1713 2351 ad
1748 2298 1980 2352 invicem
2007 2299 2354 2368 reciprocan-

769 2392 867 2445 (las
892 2390 1188 2445 verborum
1219 2390 1363 2444 rixas
1417 2389 1579 2458 longo
1611 2389 1723 2443 triti
1756 2405 1855 2443 usu
1888 2397 2034 2444 sunt.
2066 2389 2221 2445 Servi
2253 2406 2353 2445 au-

771 2488 881 2533 tem
933 2480 1051 2544 Dei,
1082 2479 1183 2535 etsi
1212 2478 1594 2549 congressibus
1617 2478 2049 2548 disputationum
2085 2480 2355 2536 inexerci-

771 2572 867 2631 tati
896 2570 1035 2637 sint,
1071 2578 1252 2626 tamen
1282 2569 1468 2625 divina
1500 2570 1691 2624 notitia
1735 2578 1790 2625 et
1849 2570 1945 2626 Dei
1980 2573 2152 2642 gratia
2188 2573 2355 2643 perfl-

771 2662 821 2717 ei
838 2669 1029 2715 untur.

843 2749 981 2807 XVI.
1011 2749 1201 2806 Audeo
1236 2748 1454 2811 dicere,
1493 2763 1562 2803 ne
1594 2747 1730 2818 ipsis
1764 2748 1987 2819 quidem
2020 2749 2132 2807 illis
2166 2762 2357 2808 saneto

772 2842 1052 2899 Paracleto
1100 2839 1324 2911 repletis
1370 2839 1632 2908 apostolis
1696 2840 1999 2909 contigisse
2089 2850 2150 2896 ut
2194 2844 2354 2899 liberi

776 2952 1003 3007 prorsus
1031 2951 1059 2990 a
1090 2936 1237 2990 curis
1266 2941 1479 2998 essent;
1512 2932 1605 2986 sed
1635 2934 2052 2988 exsultationem
2080 2946 2136 2990 et
2162 2936 2357 2992 ineffa-

774 3027 886 3082 bile
913 3042 1106 3081 eorum
1137 3025 1395 3096 gaudium
1421 3033 1475 3079 et
1503 3025 1661 3079 timor
1684 3026 1882 3095 aliquis
1909 3028 2356 3096 consequebatur

2458 1940 2884 2011 ἢπεριπατετνο
2942 1938 3114 2000 οὕτως
3159 1938 3355 2006 έπίσης
3419 1936 3702 2003 ἀδύνατον,
3752 1939 3886 1992 ἀνευ
3934 1939 4037 1993 τοῦ

2457 2031 2592 2085 Θεοῦ
2619 2032 2827 2100 καὶτῆς
2850 2030 3058 2083 ἐκεῖθεν
3078 2028 3360 2098 διδομένης
3384 2028 3685 2098 ένεργείας,
3706 2031 4037 2100 μυστηρίων

2459 2121 2783 2190 κοινωνῆσαι
2808 2119 2989 2185 θείων,
3026 2118 3119 2172 καὶ
3152 2117 3349 2170 εἰδέναι
3397 2116 3533 2170 Θεοῦ
3582 2118 3797 2185 σοφίαν,
3826 2119 3859 2187 ἢ
3886 2120 4035 2172 κατά

2458 2209 2685 2280 Πνεῦμα
2737 2209 3007 2263 πλουτεῖν.
3053 2208 3121 2261 Oi
3153 2208 3251 2278 μὶν
3299 2206 3407 2277 γάρ
3436 2208 3589 2275 σοφοὶ
3611 2208 3721 2260 τῶν
3759 2207 4037 2278 Ἐλλήνων

2456 2304 2514 2355 έν
2538 2303 2715 2371 λόγοις
2744 2301 3062 2364 ἀσκοῦνται,
3095 2302 3193 2353 καὶ
3235 2299 3371 2370 πρὸς
3404 2298 3737 2369 λογομαχέας
3768 2300 4035 2368 ἐκθύμως

2455 2394 2801 2464 ὴσχόληνται.
2833 2394 2895 2446 Ol
2930 2394 2987 2445 δὲ
3029 2390 3123 2443 τοῦ
3147 2390 3283 2443 Θεοῦ
3330 2390 3528 2453 δοῦλοι,
3576 2391 3677 2444 κᾶν
3708 2376 4035 2462 ἀνομίλητοι

2456 2484 2631 2552 λόγων
2661 2476 2794 2536 ὦσιν
2821 2522 2837 2549 ,
2868 2482 2984 2535 ἀλλ’
3036 2478 3129 2535 οῦν
3164 2480 3284 2552 θείᾳ
3312 2480 3511 2550 γνώσει
3540 2482 3634 2535 καὶ
3667 2482 3804 2535 Θεοῦ
3837 2482 4036 2553 χάριτι

2458 2574 2897 2646 καταρτίζονται.

2526 2755 2644 2826 ις’.
2683 2756 2951 2827 ῐῐείθομαι
2972 2755 3167 2824 λέγων,
3202 2756 3388 2827 φησιν,
3421 2755 3503 2810 δτι
3531 2758 3627 2811 καὶ
3660 2756 3844 2820 αὐτοῖς
3878 2758 4031 2811 εκεί-

2457 2867 2567 2912 νοις
2596 2850 2709 2911 τοῖς
2734 2848 3049 2911 ἀποστόλοις
3077 2847 3173 2900 τοῦ
3202 2846 3406 2915 ἀγαθοῦ
3427 2848 3787 2919 Παρακλήτου
3808 2850 4034 2919 πεπλη-

2460 2940 2750 3011 ρωμένοις,
2806 2937 3075 3009 οὐμενοῦν
3120 2937 3380 3010 καθαρῶς
3432 2939 3667 3009 ὑπῆρχει
3728 2942 4035 3011 φροντίδων

2457 3032 2726 3085 ἀνεῖσθαι·
2753 3030 2893 3083 ἀλλά
2916 3030 3056 3099 πρὸς
3076 3033 3141 3100 τῇ
3160 3030 3477 3098 ἀγαλλιάσει
3501 3032 3594 3083 καὶ
3621 3032 3842 3102 άρῤήτῳ
3859 3034 4032 3101 χαρᾷ,

774 3132 839 3171 ex
881 3116 996 3186 ipsa
1037 3116 1229 3185 gratia,
1265 3131 1333 3169 ne
1376 3114 1514 3169 forte
1558 3116 1761 3185 pejoris
1800 3116 1970 3185 partis
2010 3126 2354 3173 tentarentur
2392 3185 2419 3189 _

2348 3135 2354 3149 ι
2392 3185 2419 3189 ᾖ
2460 3119 2555 3172 καὶ
2586 3118 2750 3187 φόόος
2780 3136 2865 3181 τις
2898 3119 3084 3171 εἵπετο
3127 3118 3187 3182 ἑξ
3219 3119 3388 3186 αὐτῆς
3416 3118 3589 3187 δήπου
3636 3119 3736 3187 τῆς
3782 3120 4028 3189 χάριτος,

775 3185 1179 3262 occasionibus.
1208 3205 1327 3274 Ipsa
1362 3206 1506 3259 enim
1541 3206 1712 3275 gratia
1745 3207 1800 3260 in
1837 3215 1953 3260 tuto
1985 3223 2072 3261 res
2108 3208 2349 3276 ipsorum
2380 3185 2422 3241 θ

2380 3185 2422 3241 C
2459 3209 2579 3277 οὐχὶ
2599 3185 2700 3260 τοῦ
2727 3209 2824 3275 τῆς
2855 3207 3054 3268 κακίας
3089 3205 3285 3276 μέρους
3322 3185 3543 3274 [κοντας
3572 3185 4030 3274 ἀφορμάςίΔὺτὴ

776 3296 1035 3366 ponebat,
1062 3310 1130 3349 ne
1168 3296 1255 3349 vel
1300 3294 1368 3348 ad
1416 3295 1699 3348 minimum
1743 3295 2070 3350 excederent
2114 3312 2141 3350 a
2182 3308 2352 3353 recto.

778 3385 958 3452 Atque
988 3390 1047 3436 ut
1071 3382 1336 3451 puerulus
1360 3398 1526 3451 parvo
1553 3383 1762 3437 calculo
1796 3384 1849 3437 in
1878 3400 2095 3438 murum
2122 3386 2355 3439 solidum

778 3475 1031 3544 conjecto
1078 3472 1286 3526 nullum
1338 3472 1388 3525 ei
1438 3471 1697 3525 damnum
1746 3472 1938 3537 infert;
1992 3483 2085 3526 aut
2114 3476 2355 3545 jaculum

778 3565 977 3625 hebes,
1009 3563 1235 3616 loricam
1273 3562 1481 3615 firmam
1521 3562 1744 3616 minime
1779 3564 1953 3627 laedit;
1996 3564 2075 3617 sic
2108 3580 2232 3633 pars
2267 3566 2358 3619 illa

779 3654 1002 3707 malitia:
1032 3652 1247 3721 reliqua
1290 3651 1344 3705 in
1380 3653 1529 3721 ipsos
1564 3651 1825 3721 impetum
1865 3653 2069 3708 faciens
2110 3653 2359 3709 inefﬁcax

777 3755 835 3800 et
862 3744 1237 3798 frustraneum
1266 3758 1387 3798 esse
1414 3743 1916 3810 demonstrabatur,
1946 3746 2092 3813 quod
2126 3746 2247 3802 illos
2270 3748 2359 3801 ni-

778 3836 981 3890 mirum
1024 3832 1230 3890 Christi
1268 3834 1439 3887 virtus
1474 3836 1677 3902 optime
1710 3834 2053 3888 munivisset.
2087 3834 2359 3890 Caeterum

778 3923 1185 3995 quantumlibet
1230 3922 1519 3994 perfectis,
1551 3923 1777 3977 libertas
1810 3932 1992 3978 tamen
2022 3924 2240 3980 arbitrii
2275 3925 2361 3980 in-

778 4025 920 4073 erat.
939 4014 1059 4071 Non
1087 4015 1233 4070 enim
1259 4029 1448 4069 verum
1473 4024 1578 4079 est,
1596 4014 1742 4083 quod
1772 4014 1992 4084 quidam
2023 4014 2215 4069 inscite
2241 4030 2362 4085 gar-

780 4105 957 4169 riunt,
988 4113 1112 4174 post
1141 4112 1420 4173 acceptam
1451 4104 1701 4175 gratiam,
1724 4104 1861 4158 nihil
1892 4103 1999 4159 nisi
2028 4104 2359 4158 laxationem

779 4204 837 4249 et
861 4196 1104 4264 quietem
1133 4203 1363 4249 restare.
1392 4194 1646 4263 Requirit
1670 4194 1816 4248 enim
1851 4193 2117 4248 Dominus
2145 4194 2201 4247 in
2236 4209 2363 4263 per-

778 4282 939 4339 fectis
964 4298 1184 4354 quoque
1224 4284 1559 4338 voluntatem
1584 4284 1778 4338 animae
1806 4283 1861 4337 in
1890 4282 2212 4353 obsequium
2242 4282 2363 4352 Spi-

782 4376 925 4429 ritus
957 4391 972 4428 :
1003 4385 1064 4429 ut
1084 4374 1199 4429 haec
1226 4374 1460 4429 invicem
1486 4375 1850 4429 consentiant.
1881 4375 2187 4431 Dicitenim
2212 4375 2357 4444 Apo-

784 4463 961 4518 stolus
992 4480 1007 4517 :
1040 4462 1298 4533 Spiritum
1327 4463 1488 4517 nolite
1517 4466 1847 4534 exstinguere
1873 4466 1938 4521 ".

855 4554 1021 4611 XVII.
1044 4555 1289 4625 Simplici
1317 4556 1753 4611 nomenelatione
1778 4555 2065 4627 designare
2087 4570 2175 4611 res
2196 4554 2354 4611 facile

788 4644 968 4699 cuivis
1009 4653 1067 4699 et
1110 4644 1256 4699 factu
1304 4659 1537 4714 pronum
1584 4654 1688 4699 est.
1734 4644 1915 4699 Facile
1958 4644 2159 4714 quippe
2205 4644 2355 4698 omni

789 4737 999 4791 homini
1054 4746 1138 4791 est
1170 4736 1381 4802 dicere,
1431 4750 1624 4805 panem
1666 4736 1812 4790 hunc
1852 4735 1937 4807 (ut
1969 4734 2075 4789 hoc
2112 4734 2358 4803 exemplo

793 4825 1032 4895 utamur)
1066 4841 1133 4880 ex
1161 4825 1438 4880 frumento
1472 4840 1594 4880 esse
1624 4833 1999 4893 compactum;
2036 4838 2145 4892 qno
2176 4831 2357 4877 autem

792 4917 957 4972 modo
987 4931 1161 4986 quave
1192 4926 1309 4969 arte
1338 4922 1450 4969 tota
1477 4916 1595 4985 ejus
1623 4913 1949 4984 praeparatio
1981 4911 2356 4967 administrata

792 5007 980 5071 fuerit,
1010 5005 1285 5076 sigillatim
1318 5018 1612 5074 exponere,
1644 5003 1787 5057 haud
1822 5002 2004 5071 quivis
2033 5010 2229 5071 queat;
2265 5002 2361 5055 sed

792 5099 847 5153 id
881 5112 1077 5153 eorum
1107 5097 1299 5150 saltem
1332 5103 1436 5161 est,
1468 5093 1562 5163 qui
1595 5093 1989 5163 experientiam
2023 5093 2101 5145 rei
2135 5092 2358 5147 habent.

799 5193 872 5247 Ad
902 5193 1051 5247 hunc
1082 5190 1251 5263 igitur
1280 5190 1502 5243 modum
1533 5188 1760 5243 cuilibet
1791 5187 1847 5241 in
1876 5195 2131 5256 promptu
2164 5194 2267 5251 est,
2296 5186 2361 5241 de

794 5283 1088 5337 affectuum
1122 5282 1394 5336 vacuitate
1429 5288 1487 5333 et
1540 5277 1881 5347 perfectione
1922 5275 2226 5341 disserere;
2265 5290 2362 5329 ex-

792 5375 1057 5446 perientia
1083 5388 1213 5428 vero
1246 5384 1529 5442 capessere
1559 5369 1867 5439 negotium;
1902 5365 2005 5419 hoc
2030 5380 2164 5418 vero
2194 5374 2277 5418 est
2307 5382 2362 5419 re

792 5468 905 5537 ipsa
937 5476 991 5522 et
1014 5467 1069 5521 in
1087 5465 1315 5520 veritate
1336 5459 1651 5517 methodum
1680 5455 2031 5527 perfectionis
2051 5454 2355 5525 percipere.

860 5555 1045 5611 XVIII.
1090 5554 1411 5621 Quicunque
1458 5549 1527 5604 de
1597 5546 1873 5618 spirituali
1924 5542 2168 5600 doctrina
2232 5542 2350 5598 sine

859 5753 945 5809 "I
975 5752 1166 5807 Thess.
1190 5768 1242 5817 ν,
1266 5750 1333 5806 I9

2456 3298 2624 3367 γάρὴ
2658 3296 2815 3365 χάρις
2860 3297 2917 3348 έν
2946 3294 3268 3363 ἀσφαλείτά
3301 3293 3523 3346 ἐκείνων
3552 3295 3720 3346 ἐτίθει
3762 3294 3859 3347 τοῦ
3894 3296 4033 3363 μηδὲ

2458 3389 2594 3459 πρὸς
2614 3388 2810 3458 μικρρν
2844 3387 3076 3454 ικδῆναι
3107 3385 3199 3438 τοῦ
3232 3384 3410 3447 καλῶς
3432 3386 3666 3454 ῐχοντος.
3701 3387 3810 3437 Καὶ
3841 3386 4031 3453 ῶσπερ

2456 3496 2508 3531 τι
2538 3478 2749 3531 παιδίον
2777 3479 2948 3548 μικρᾷ
2971 3476 3162 3547 ψηφίδι
3193 3479 3372 3545 τεῖχος
3404 3476 3667 3546 βεδληκὸς
3706 3477 3858 3529 οὐδὲν
3894 3478 4031 3546 ἤνυ-

2459 3586 2571 3630 σεν,
2607 3568 2639 3637 ἢ
2675 3568 2751 3632 ῶς
2781 3586 2834 3622 τι
2872 3568 3022 3637 βέλος
3051 3568 3274 3631 ἀσθενὲς
3309 3568 3537 3639 θώρακα
3570 3568 3791 3637 ίσχυρὸν
3834 3569 4033 3637 ἥκιστα

2462 3662 2528 3715 ἂν
2576 3660 2775 3733 βλάψῃ,
2842 3658 2989 3714 οὕτω
3050 3660 3116 3730 δὴ
3172 3661 3266 3713 καὶ
3348 3662 3516 3731 μέρος
3583 3677 3635 3713 τι
3686 3660 3787 3729 τῆς
3832 3660 4031 3723 κακίας

2458 3751 2797 3822 προσϐάλλον
2846 3752 3029 3812 αὐτοῖς
3062 3750 3343 3821 ἄπρακτόν
3373 3768 3431 3803 τε
3485 3751 3582 3805 καὶ
3617 3752 3846 3821 μάταιον
3878 3752 4027 3817 ἀπη-

2459 3842 2685 3911 λέγχετο
2708 3859 2724 3875 ο
2750 3842 2846 3896 ἀτε
2871 3845 2939 3913 τῇ
2966 3840 3058 3894 τοῦ
3086 3840 3323 3912 Χριστοῦ
3351 3841 3577 3911 δυνάμει
3608 3841 3789 3903 καλῶς
3825 3842 4031 3911 φραξα-

2462 3934 2663 4003 μένοις.
2698 3933 2845 4003 Πλὴν
2871 3932 3011 3985 ἀλλά
3036 3932 3130 3985 καὶ
3163 3932 3386 3995 τελείοις
3416 3928 3568 3984 οὖσιν
3589 3932 3623 4002 ἡ
3653 3930 3747 3984 τοῦ
3777 3931 4032 3996 αὐτεξου-

2463 4024 2579 4077 σίου
2612 4023 2895 4092 έλευθερία
2941 4022 3143 4093 παρῆν,
3202 4023 3298 4077 καὶ
3349 4023 3447 4092 οὐχ
3484 4021 3559 4085 ῶς
3606 4039 3751 4086 τινες
3790 4023 4029 4091 ἀνοήτως

2462 4116 2650 4183 φασιν,
2686 4114 2768 4167 δτι
2798 4113 2936 4183 μετά
2980 4113 3141 4183 χάριν
3170 4113 3232 4167 τδ
3279 4112 3388 4165 ἀπὸ
3418 4110 3571 4165 τοῦδε
3611 4112 3907 4182 φροντίδων
3934 4111 4027 4164 λύ-

2462 4223 2545 4269 σις
2563 4206 2659 4261 καὶ
2687 4205 2892 4268 ἀνεσις.
2924 4206 3087 4275 Ζητεί
3110 4205 3222 4274 γάρ
3250 4206 3278 4257 ὀ
3295 4204 3497 4274 Κύριος
3530 4206 3633 4257 κάν
3661 4206 3773 4266 τοίς
3800 4203 4025 4266 τελείοις

2459 4299 2768 4368 τὸθέλημα
2798 4298 2897 4366 τῆς
2928 4295 3107 4365 ψυχῆς
3136 4298 3215 4356 είς
3247 4292 3527 4347 διακονίαν
3565 4292 3659 4345 τοῦ
3692 4293 4024 4362 Πνεύματος,

2462 4388 2536 4452 ὡς
2570 4388 2843 4459 ωμδῆναι
2875 4386 3049 4441 ταῦτα
3084 4385 3355 4455 ἀλλήλοις.
3404 4383 3568 4452 Λέγει
3630 4384 3739 4455 γὰρ
3771 4384 3801 4435 ό
3872 4384 4026 4437 ’Λπό-

2465 4479 2647 4543 στολος
2673 4493 2687 4508 ⁸
2710 4478 2778 4533 Τὸ
2807 4478 3047 4545 Πνεῦμα
3064 4475 3149 4546 μὴ
3189 4476 3500 4529 σϐέννυτε.

2536 4573 2635 4625 IZ'.
2668 4572 2742 4624 Τὸ
2770 4572 2868 4641 μὶν
2893 4568 3047 4638 ἀπλῷ
3071 4569 3215 4638 λόγῳ
3249 4566 3602 4637 παραδιδόναι
3631 4565 3702 4619 τά
3730 4566 4023 4636 πράγματα

2464 4662 2752 4734 πρόχειρόν
2775 4679 2828 4714 τι
2862 4661 2957 4714 καὶ
2977 4661 3227 4723 εὐπετές.
3272 4659 3484 4729 Ῥᾴδιον
3518 4658 3627 4729 γὰρ
3653 4658 3728 4726 τῷ
3752 4658 3911 4710 παντὶ
3938 4658 4023 4709 λέ-

2462 4771 2581 4823 γειν
2602 4753 2693 4806 τὸν
2725 4752 2889 4823 ἀρτον
2921 4750 3129 4815 τοῦτον,
3158 4750 3552 4818 ὐποδείγματος
3569 4749 3626 4801 δὲ
3652 4748 3795 4818 λόγῳ
3827 4749 4020 4818 φαμὲν,

2462 4845 2571 4899 ἀπὸ
2601 4844 2748 4896 σίτου
2776 4841 3100 4913 γεγενῆσθαι
3128 4857 3142 4871 ’
3178 4839 3278 4909 τὴν
3327 4840 3529 4909 μέντοι,
3562 4840 3701 4893 κατὰ
3734 4838 3897 4909 μέρος
3929 4840 4022 4891 αὑ-

2463 4934 2556 4987 τοῦ
2602 4932 2947 5001 κατασκευὴν
2995 4930 3267 4995 ικθέσθαι,
3314 4929 3373 4982 οὐ
3410 4928 3506 4981 τοῦ
3535 4928 3749 4996 ⁸παντὸς
3790 4929 4019 4995 γνῶναι·

2461 5025 2597 5079 ἀλλά
2626 5025 2804 5094 μόνων
2833 5024 2950 5076 εστὶ
2981 5021 3091 5075 τῶν
3124 5020 3569 5091 πεπειραμένων.
3599 5018 3755 5072 Οὕτω
3779 5017 3911 5085 γοῦν
3936 5019 4022 5071 καὶ

2460 5117 2520 5169 τὸ
2555 5116 2654 5185 μὶν
2684 5114 2868 5177 ἀπλῶς
2895 5114 3023 5185 περὶ
3066 5111 3335 5173 ἀπαθείας
3378 5110 3563 5177 λέγειν
3610 5096 3669 5161 τε
3706 5109 3797 5161 καὶ
3826 5108 4019 5161 τελειό-

2461 5225 2621 5279 τητος
2644 5207 2867 5269 εὐπετές
2894 5221 2954 5257 τε
2977 5204 3071 5257 καλ⁵
3098 5203 3347 5274 εὐχερές·
3371 5202 3433 5254 τὸ
3451 5202 3507 5254 δὲ
3541 5201 3705 5272 πείρᾳ
3723 5201 3781 5253 τδ
3802 5202 4020 5271 πρᾶγμα

2463 5296 2820 5368 παραλαϐεῖν,
2857 5294 3014 5349 τοῦτό
3054 5295 3171 5346 ἔστι
3209 5293 3286 5363 τῷ
3320 5292 3465 5362 έργῳ
3492 5291 3585 5343 καὶ
3610 5290 3835 5362 ἀληθείᾳ
3867 5305 4023 5342 κατα-

2464 5388 2649 5443 λαϐεῖν
2684 5389 2761 5453 είς
2794 5388 2894 5458 τὴν
2920 5384 3264 5455 κατασκευὴν
3293 5386 3389 5455 τῆς
3417 5382 3772 5452 τελειότητος.

2536 5542 2645 5596 ιη’.
2694 5540 2852 5594 Ὀσοι
2884 5538 3076 5607 λόγους
3105 5533 3510 5607 πνευματικοὺς
3556 5529 3795 5600 γεύσεῶς
3837 5547 3898 5583 τε
3935 5529 4018 5585 καὶ
