4254 6358
255 377 363 443 905

1282 378 1514 442 LIBER
1555 380 1649 443 υΕ
1688 379 2163 444 ELEVATIONE
2199 382 2501 443 MENTIS.

3387 369 3493 434 906

254 492 455 561 πείρας
508 491 667 554 ὲκτδς
722 492 1072 561 φθέγγονται,
1124 480 1350 554 τούτους
1388 493 1623 547 ἑοικέναι
1676 496 1816 564 φημὶ
1844 505 1934 566 At

1814 505 1889 558 ιΑ
1917 504 2074 566 gustu
2112 502 2169 550 et
2204 493 2543 563 experientia
2604 490 2911 560 disputant,
2954 500 3051 542 cos
3102 483 3191 540 aio
3226 496 3328 553 ego
3370 496 3494 537 essu

251 579 530 650 ἀνθρώπῳ
557 580 749 648 θέρους
770 580 889 651 ὥρᾳ
934 580 1281 651 μεσημϐρίας
1314 580 1575 651 ἀκριϐοῦς
1601 584 1827 653 ίσταμέ-

257 690 360 739 νης
391 671 574 723 πεδίον
604 670 810 740 ἔρημόν
841 687 894 724 τι
920 671 1015 723 καὶ
1043 671 1271 742 ἄνυδρον
1318 670 1515 726 διιόντι
1537 689 1551 704 ο
1577 669 1698 727 εἷτα
1723 674 1828 727 ὑπὸ

257 762 468 831 πολλῆς
522 763 616 814 καὶ
667 761 975 829 φλογώδους
1002 761 1103 830 τῆς
1136 761 1298 831 δίψης
1324 762 1487 816 -κατά
1516 763 1641 817 νοῦν
1671 763 1824 835 αὑτῷ

256 853 635 922 ὑπογράφοντι
664 853 849 922 πηγήν
868 869 991 905 τινα
1019 851 1237 923 ψυχρὰν
1261 852 1430 921 ἐγγὺς
1456 852 1625 908 οὖσαν
1653 854 1823 922 γλυκύ

257 962 321 997 τε
380 946 477 997 καὶ
523 943 716 1007 διειδὲς
768 942 911 1015 ὕδωρ
959 944 1207 1013 έχουσαν,
1258 945 1355 999 καὶ
1399 944 1564 999 αὐτοῦ
1618 947 1829 1013 οὐδενὸς

261 1036 543 1105 εἴργοντος
567 1033 883 1087 ἀπολαύοντι
924 1035 1067 1088 κατά
1099 1035 1260 1106 κόρον
1280 1051 1295 1067 ⁸
1318 1037 1352 1110 ἢ
1381 1036 1653 1109 ἀνθρώπῳ
1678 1039 1829 1110 μέλι-

259 1146 355 1191 τος
394 1128 493 1198 μὲν
520 1128 640 1182 οὐδὲ
672 1125 844 1198 βραχὺ
862 1127 1203 1198 γευσαμένῳ,
1227 1128 1435 1198 ἑτέροις
1459 1128 1517 1183 δὲ
1540 1131 1687 1194 ὅπως
1717 1131 1830 1202 εχει

262 1219 605 1289 γλυκύτητος
663 1219 992 1290 πειρωμένῳ
1050 1217 1352 1287 διασαφεῖν.
1407 1220 1651 1274 Τοιοῦτοι
1721 1221 1831 1291 γὰρ

264 1310 506 1379 άληθῶς,
536 1311 651 1362 ὅσοι
677 1309 752 1380 μὴ
802 1309 949 1380 ἔργῳ
985 1307 1083 1362 καὶ
1139 1308 1484 1379 πληροφορίᾳ
1528 1312 1593 1379 τῇ
1626 1310 1831 1364 ἑαυτῶν

264 1400 337 1450 τὰ
382 1400 511 1468 περὶ
538 1400 873 1468 τελειότητός
902 1417 963 1453 τε
993 1398 1089 1451 καὶ
1140 1399 1414 1469 ἀγιασμοῦ
1448 1400 1540 1453 καὶ
1561 1400 1832 1465 ἀπαθείας

270 1489 683 1561 παραλαϐόντες
735 1492 941 1561 ἑτέροις
977 1489 1317 1559 είσηγεῖσθαι
1366 1490 1643 1560 βούλονται
1667 1507 1682 1521 ο
1738 1492 1832 1545 καὶ

267 1582 383 1650 γὰρ
417 1584 465 1634 εί
492 1581 602 1652 δῴη
634 1579 775 1643 Θεδς
798 1579 998 1650 μικράν
1026 1595 1149 1632 τινα
1177 1579 1287 1633 τῶν
1311 1580 1443 1649 παρ’
1470 1581 1650 1632 αὐτῶν
1676 1581 1832 1650 λεγο-

272 1676 454 1742 μένων
491 1674 673 1726 λαϐεῖν
712 1671 988 1741 αἴσθησιν,
1043 1672 1281 1724 εῖσονται
1337 1671 1574 1737 πάντως,
1622 1672 1703 1724 ὅτι
1760 1672 1834 1744 μὴ

269 1764 418 1817 κατά
445 1765 545 1833 τὴν
579 1763 803 1816 ἐκείνων
836 1763 1141 1832 είσήγησιν,
1172 1761 1309 1814 άλλά
1337 1761 1517 1832 πολλῷ
1540 1761 1616 1831 τῷ
1646 1762 1835 1830 διαφέ-

1926 586 2137 641 similes
2176 584 2415 647 homini,
2447 598 2546 653 per
2586 589 2857 646 atstatem,
2891 576 3122 633 meridie
3160 572 3497 629 calidissimo

1926 674 2243 735 cxsistente,
2267 688 2364 742 per
2384 686 2635 741 campum
2664 670 2944 725 desertum
2969 665 3294 733 aridumque
3318 670 3495 715 trans-

1927 766 2115 829 eunti,
2160 772 2325 834 atque
2369 764 2423 817 in
2456 762 2578 825 siti,
2622 775 2729 831 qua
2773 758 2942 815 multa
2985 768 3041 812 et
3081 751 3497 825 ﬂagrantissima

1930 868 2246 927 torquetur,
2294 856 2477 910 animo
2538 854 2645 909 sibi
2702 852 2908 907 fontem
2969 847 3195 920 fingenti
3259 844 3497 916 gelidum

1930 948 2179 1018 proxime
2228 947 2487 1001 ﬂuentem
2536 959 2732 1014 aquam
2780 942 2994 997 dulcem
3042 950 3099 995 et
3144 937 3499 993 cristallinam

1932 1040 2243 1103 habentem,
2272 1046 2329 1093 et
2352 1053 2415 1092 ea
2444 1052 2523 1103 se,
2550 1036 2617 1090 ad
2647 1033 2952 1089 satietatem
2978 1045 3172 1100 usque,
3194 1028 3347 1083 nullo
3375 1042 3502 1097 pro-

1932 1127 2374 1199 hibente,prolui
2402 1144 2417 1181 :
2449 1135 2543 1181 aut
2575 1124 2782 1180 homini
2808 1122 2924 1193 qui,
2978 1136 3101 1175 cum
3137 1119 3245 1173 mel
3277 1116 3502 1172 omnino

1932 1237 2210 1292 nunquam
2252 1218 2504 1290 gustarit,
2570 1226 2751 1271 tamen
2793 1214 2915 1269 aliis
2951 1212 3233 1269 declarare
3274 1216 3505 1263 conatur

1933 1323 2138 1385 quanta
2178 1311 2251 1367 sit
2282 1311 2403 1380 ejus
2445 1308 2706 1364 suavitas.
2736 1305 2894 1360 Tales
2931 1301 3176 1373 profecto
3216 1307 3345 1353 sunt
3379 1296 3502 1365 qui-

1933 1418 2150 1473 cunque
2181 1416 2240 1456 re
2272 1401 2387 1470 ipsa
2427 1406 2483 1454 et
2514 1397 2708 1452 intimo
2750 1396 2807 1450 in
2850 1409 2908 1449 se
2952 1391 3085 1462 ipsis
3122 1388 3503 1458 experimento

1933 1507 2152 1557 eorum,
2184 1504 2305 1560 quae
2347 1489 2413 1543 ad
2460 1486 2850 1559 perfectionem
2873 1524 2887 1547 ,
2919 1480 3409 1537 sanctificationcm
3448 1482 3506 1529 et

1936 1582 2410 1653 perturbationum
2462 1577 2813 1631 abolitionem
2864 1574 3171 1644 pertinent,
3215 1584 3323 1622 non
3377 1576 3503 1619 ante

1937 1670 2249 1741 praeparati,
2282 1669 2419 1721 alios
2460 1666 2528 1721 de
2572 1666 2659 1719 his
2696 1665 2896 1718 docere
2936 1656 3255 1715 disserendo
3296 1655 3506 1708 volunt.

1941 1764 2158 1817 Etenim
2184 1762 2229 1817 si
2258 1760 2472 1816 dederit
2494 1760 2580 1813 his
2604 1759 2769 1822 Deus,
2793 1764 2852 1810 ut
2873 1754 2960 1809 vel
2985 1752 3242 1821 exiguum
3272 1747 3508 1815 aliquem

275 1872 425 1927 ροντι
460 1828 529 1908 τά
569 1854 673 1922 τῆς
712 1828 979 1921 ἀληθείας
1008 1828 1122 1921 εἶχε
1170 1851 1265 1905 καὶ
1306 1851 1413 1906 τῶν
1469 1828 1831 1923 πραγμάτων.
1864 1828 1955 1907 ΒΙ

1826 1892 1831 1905 .
1864 1828 1912 1887 Β
1942 1854 2171 1917 horum,
2207 1866 2330 1921 quae
2376 1848 2648 1919 inexperti
2695 1846 3019 1917 praedicant,
3056 1853 3275 1895 sensum
3325 1833 3506 1906 perci-

350 1947 449 1998 ΙΘ’.
482 1946 556 1998 Τὸ
590 1945 691 2016 μὲν
714 1942 1069 2011 Εὑαγγέλιον,
1105 1942 1287 2011 φησὶν,
1306 1942 1690 2011 ἀποφαντικῶς
1717 1942 1836 1996 δια-

270 2038 555 2093 κελεύεται
577 2038 754 2090 πάντα
786 2035 1092 2105 ἄνθρωπον,
1114 2035 1230 2086 τόδε
1259 2034 1335 2104 μὴ
1363 2033 1557 2098 ποιεῖν,
1587 2033 1622 2103 ἢ
1640 2036 1836 2099 ποιεῖν,

272 2128 416 2181 ὥστε
454 2128 604 2197 φίλον
636 2126 890 2195 γενέσθαι
921 2126 998 2196 τῷ
1028 2118 1397 2195 φιλανθρώπῳ
1440 2123 1695 2178 Βασιλεῖο
1739 2124 1837 2193 Μὴ

272 2218 563 2288 ὀργισθῇς
593 2219 721 2288 γάρ,
755 2216 910 2287 φησὶ,
931 2216 1018 2285 μὴ
1068 2214 1441 2284 ἐπιθυμήσῃς
1468 2230 1483 2246 ο
1509 2214 1618 2269 ἐάν
1646 2214 1738 2280 τίς
1766 2229 1839 2267 σε

269 2310 504 2377 parsley
543 2309 628 2372 είς
672 2306 785 2373 τὴν
821 2304 1029 2369 δεξιὰν
1071 2305 1345 2373 σιαγόνα,
1382 2301 1648 2372 στρέψον
1681 2301 1841 2368 αὺτῷ

274 2400 376 2455 καὶ
408 2400 762 2468 τὴνᾶλλην.
813 2398 872 2451 '0
894 2399 952 2451 δὲ
996 2397 1317 2459 ’Λπόστολος
1363 2394 1504 2449 κατά
1546 2395 1680 2449 πόδα
1735 2396 1842 2450 τῶν

275 2494 630 2564 τεταγμένων
660 2492 851 2554 ἐλθὼν,
894 2492 989 2543 καὶ
1017 2491 1165 2552 ὅπως
1200 2489 1304 2559 χρὴ
1342 2487 1483 2541 κατά
1527 2489 1720 2559 μικρὸν
1752 2478 1836 2556 γε·

278 2586 468 2639 νέσθαι
497 2585 557 2636 τὺ
587 2584 685 2653 τῆς
722 2582 1039 2649 καθάρσεως
1072 2579 1253 2650 ἔργον,
1301 2579 1383 2632 ὅτι
1417 2578 1536 2647 μεθ’
1567 2576 1843 2647 ὑπομονῆς

279 2676 377 2729 καὶ
413 2673 818 2744 μακροθυμίας,
848 2669 1181 2723 έκπαιδεύει.
1205 2668 1427 2739 Πρῶτον
1456 2668 1554 2737 μὲν
1579 2667 1844 2735 γαλακτο-

278 2764 496 2836 τροφῶν
518 2765 597 2827 ὡς
628 2763 853 2833 νηπίους
887 2779 902 2794 ο
947 2756 1065 2812 εἶτα
1108 2760 1291 2830 φέρων
1317 2759 1397 2819 είς
1430 2757 1656 2828 αὖξησιν
1680 2773 1695 2788 ο
1755 2759 1847 2810 καὶ

278 2856 438 2919 αὖθις
468 2859 547 2918 είς
580 2854 891 2924 τελειότητα
915 2870 928 2883 ·
952 2846 1084 2917 οἷον,
1118 2850 1191 2913 ὡς
1223 2852 1280 2901 έν
1306 2850 1710 2919 παραδείγματι
1739 2850 1845 2916 φά-

281 2967 393 3014 ναι,
423 2948 482 3001 th
516 2948 615 3018 μὲν
648 2946 979 3012 Εὑαγγέλιον
1005 2944 1228 3006 τέλειος,
1251 2941 1311 3006 ἐξ
1336 2941 1505 3010 ὲρίου,
1531 2936 1675 3006 εἷπε,
1698 2941 1845 3008 γινέ-

284 3041 401 3094 σθω
430 3037 594 3110 χιτών
626 3054 641 3069 ·
673 3039 701 3090 ό
728 3037 785 3089 δὲ
824 3033 1165 3095 Ἀπόστολος,
1199 3034 1297 3086 καὶ
1322 3030 1440 3093 πῶς
1472 3030 1552 3084 δεῖ
1578 3028 1849 3097 ξαίνεσθαι

286 3130 469 3191 τοῦτο,
504 3126 824 3196 ὑφαίνεσθαι
844 3143 903 3179 τε
930 3124 1025 3177 καὶ
1053 3120 1559 3185 κατασκευάζεσθαι
1576 3121 1666 3175 τὸν
1684 3120 1848 3191 χιτῶο

289 3238 358 3273 να
382 3219 562 3281 καλῶς
590 3217 941 3284 διεσάφησεν.

1940 1943 2124 2013 piant,
2161 1952 2293 1996 tunc
2324 1939 2543 1995 demum
2580 1939 2724 1992 clare
2758 1936 3093 2004 intelligent,
3124 1929 3411 1984 veritatem
3456 1932 3512 1978 et

1942 2034 2088 2104 ipsas
2128 2046 2213 2086 res
2253 2045 2365 2084 non
2402 2028 2705 2083 secundum
2740 2041 2933 2081 eorum
2964 2020 3382 2092 expositionem,
3415 2014 3511 2071 sed

1941 2124 2114 2179 multo
2143 2121 2301 2176 aliter
2326 2135 2444 2175 sese
2472 2119 2694 2173 habere.

2013 2212 2157 2267 XlX.
2188 2211 2543 2280 Evangelium
2584 2209 2807 2278 quidem
2844 2206 3049 2262 diserte
3089 2200 3335 2273 praecipit
3362 2196 3514 2252 omni

1942 2301 2185 2367 homini,
2214 2302 2319 2355 hoc
2347 2315 2457 2353 non
2483 2314 2673 2369 agere,
2702 2298 2808 2353 hoc
2835 2311 3021 2367 agere,
3067 2294 3113 2349 si
3142 2292 3275 2347 velit
3304 2289 3517 2344 amicus

1943 2398 2063 2453 ﬁeri
2090 2396 2586 2452 amantishomines
2610 2393 2794 2463 Regis.
2816 2392 2907 2447 Ait
2927 2390 3071 2445 enim
3104 2406 3118 2441 :
3144 2387 3222 2442 Ne
3244 2384 3515 2451 irascaris,

1944 2505 2017 2555 ne_
2043 2490 2376 2558 concupiscas
2419 2502 2437 2540 :
2477 2488 2523 2539 si
2560 2486 2675 2555 quis
2718 2493 2767 2536 te
2806 2480 3117 2553 percusserit
3155 2479 3210 2531 in
3249 2476 3519 2528 dexteram

1947 2579 2243 2641 maxillam,
2274 2578 2443 2648 prazbe
2464 2576 2545 2630 illi
2577 2584 2625 2628 et
2653 2573 2959 2628 alteram".
2988 2570 3056 2625 At
3086 2566 3377 2638 Apostolus
3401 2563 3517 2617 dis-

1946 2671 2113 2725 tincte
2155 2684 2218 2723 ac
2256 2666 2565 2721 minutatim
2601 2678 2903 2734 exsequens
2936 2669 3121 2731 partes
3157 2656 3398 2726 singulas
3428 2669 3515 2708 reo

1949 2776 2070 2815 rum
2098 2767 2514 2829 praeceptarum,
2538 2771 2643 2824 qua
2674 2754 2876 2809 sensim
2908 2751 3118 2804 ratione.
3148 2743 3518 2802 administrari

1951 2857 2203 2920 oporteat
2234 2845 2573 2917 purgationis
2605 2860 2772 2914 opus,
2806 2858 2928 2897 cum
2960 2839 3224 2911 patientia
3260 2836 3520 2890 nimirum

1955 2941 2114 3010 196
2161 2948 2217 2993 et
2261 2936 2701 3007 longanimitate,
2746 2933 2960 2988 edocet.
3008 2931 3249 2985 Primum
3300 2925 3521 2997 quidem

1952 3033 2093 3085 lacte
2131 3044 2390 3099 pascens,
2428 3036 2486 3080 ut
2526 3026 2797 3089 infantes;
2848 3022 3047 3077 deinde
3096 3033 3425 3090 promovens
3471 3017 3526 3071 in

1954 3128 2332 3191 augmentum,
2359 3127 2637 3186 postremo
2668 3115 2735 3169 ad
2768 3112 3158 3184 perfectionem
3197 3109 3525 3179 perducens.

1954 3210 2132 3279 Atque
2161 3218 2222 3263 ut
2248 3210 2303 3262 in
2330 3207 2580 3276 exemplo
2607 3222 2724 3262 rem
2752 3217 3093 3273 exponamus
3125 3219 3138 3254 :
3171 3198 3527 3269 Evangelium

288 3311 516 3380 quidem
561 3308 855 3379 perfectam
888 3322 953 3361 cx
1015 3304 1139 3359 lana
1190 3300 1438 3358 exhiberi
1500 3298 1741 3354 tunicam
1776 3299 2026 3365 mandat;
2054 3299 2348 3369 Apostolus
2398 3307 2579 3353 autem
2633 3296 2891 3351 distincte
2925 3294 3147 3362 insuper
3196 3290 3390 3351 tradit,
3423 3301 3532 3357 qua

288 3402 552 3459 methodo
596 3399 923 3471 pectendum
986 3396 1081 3461 sit,
1144 3410 1253 3465 qua
1298 3394 1427 3449 inde
1478 3392 1746 3448 tcxcndus
1788 3400 1907 3448 arte
1961 3408 2211 3462 pannus,
2266 3403 2323 3449 et
2369 3391 2648 3461 quomodo
2702 3390 2759 3445 in
2808 3388 3051 3443 tunicam
3100 3386 3147 3441 is
3196 3385 3269 3439 sit
3310 3397 3533 3453 praepa-

291 3498 520 3552 randus.

368 3586 453 3641 κ’.
481 3586 600 3639 Elei
637 3602 783 3647 τινες
833 3583 1090 3652 πορνείας
1126 3582 1223 3653 μὲν
1244 3580 1343 3649 τῆς
1376 3575 1729 3648 φαινομένης,
1766 3576 1861 3629 καὶ

296 3682 527 3750 κλοπῆς,
549 3679 643 3732 καὶ
674 3676 1006 3742 πλεονεξίας,
1044 3677 1139 3727 καὶ
1166 3674 1275 3727 τῶν
1292 3674 1495 3743 ὁμοίων
1535 3670 1862 3738 ἀπεχόμενοι

301 3776 613 3849 μοχθηρῶνο
640 3774 735 3827 καὶ
764 3772 903 3824 κατά
932 3770 1089 3823 τοῦτο
1117 3769 1342 3830 ἑαυτοὺς
1372 3765 1718 3835 ὲκκρίνοντες
1746 3764 1860 3824 τοῖς

296 3869 513 3935 ἁγίοις·
553 3863 751 3917 πολλοῦ
799 3863 856 3915 δὲ
894 3862 1075 3914 δέουσι
1102 3860 1208 3912 τῶν
1234 3858 1577 3929 πραγμάτων
1619 3853 1862 3922 γίνεσθαι

300 3961 397 4014 καὶ
439 3959 536 4028 τῆς
586 3956 862 4024 ἀληθείας.
910 3954 1165 4022 Οίκουρεῖ
1197 3951 1306 4022 γὰρ
1349 3951 1407 4003 ὲν
1440 3948 1518 4018 τῷ
1554 3947 1629 4017 νῷ
1658 3946 1863 4000 τούτων

299 4057 335 4124 ἡ
370 4052 538 4106 κακία
566 4049 845 4111 πολλάκις,
877 4047 942 4116 ζῇ
976 4062 1036 4098 τε
1071 4044 1166 4097 καὶ
1212 4044 1389 4111 ἕρπει,
1420 4040 1515 4093 καὶ
1545 4038 1702 4091 οὕπω
1735 4039 1864 4090 ἀποο

300 4142 539 4197 λιποῦσα
575 4140 797 4202 τούτους
821 4138 1011 4209 ᾤχετο.
1051 4136 1241 4203 ’Δγιος
1274 4134 1330 4186 δέ
1358 4134 1506 4185 ἐστιν
1533 4132 1558 4184 ό
1589 4127 1868 4196 ἁγιασθεὶς

303 4238 399 4289 καὶ
443 4235 536 4286 τὸν
582 4233 690 4284 ἔσω
724 4230 906 4282 τέλεον
960 4225 1346 4296 διακαθαρθεὶς
1394 4221 1682 4291 ἄνθρωπον
1708 4234 1723 4248 ⁶
1774 4219 1873 4272 καὶ⁸

2030 3572 2150 3627 XX.
2187 3571 2328 3627 Sunt
2363 3569 2585 3639 quidam
2625 3583 2656 3621 a
2696 3566 3059 3621 fornicatione
3101 3565 3323 3635 quidem
3366 3579 3534 3633 appa-

1964 3672 2138 3725 rcute,
2168 3675 2197 3713 a
2228 3659 2395 3722 furto,
2422 3657 2490 3711 ab
2521 3656 2750 3710 avaritia
2780 3655 3162 3723 similibusque
3194 3653 3537 3708 abstinentes

1962 3750 2205 3815 delictis;
2235 3764 2298 3803 ac
2326 3757 2614 3818 propterea
2643 3761 2701 3800 se
2731 3746 2880 3815 ipsos
2910 3753 3264 3799 accensentes
3299 3742 3535 3808 sanctis;

1963 3855 1994 3893 a
2034 3838 2188 3907 cujus
2226 3845 2409 3890 tamen
2438 3836 2668 3889 veritate
2708 3832 3092 3901 appellationis
3135 3832 3297 3900 longo
3339 3830 3541 3883 absunt

1971 3926 2282 3982 intervallo.
2310 3925 2530 3979 Habitat
2553 3924 2699 3977 enim
2732 3924 2786 3976 in
2814 3931 2997 3976 mente
3026 3934 3090 3974 ac
3118 3920 3372 3974 sensibus
3397 3919 3543 3987 ipso-

1972 4033 2094 4072 rum
2125 4015 2332 4069 malitia
2361 4029 2533 4082 saepe;
2564 4013 2703 4067 vivit
2730 4020 2785 4066 et
2810 4013 3003 4080 serpit,
3023 4010 3257 4064 necdum
3288 4010 3356 4062 iis
3383 4008 3542 4077 plane

1973 4105 2178 4162 relictis
2203 4103 2349 4158 foras
2374 4101 2639 4171 profecta.
2666 4099 2900 4155 Sanctus
2930 4113 3091 4168 porro
3121 4099 3166 4152 is
3192 4097 3414 4150 demum
3437 4104 3540 4159 est,

1975 4200 2069 4270 qui
2104 4206 2190 4253 est
2222 4195 2591 4253 sanctificatus
2623 4204 2679 4248 et
2714 4193 3028 4247 interiorem
3062 4189 3303 4260 perfecte
3341 4203 3542 4257 purga-

302 4325 415 4396 γάρ
730 4320 974 4388 ἀδελφῶν
1010 4282 1256 4385 ἀδελφόῖς
1316 4282 1427 4394 τισι
1488 4282 1872 4380 συνευχόμενος
1909 4384 1947 4396 κ
1980 4311 1982 4319 ⁴

1863 4326 1872 4370 ς
1980 4305 2094 4348 tum
2134 4292 2300 4346 habet
2337 4289 2634 4343 hominem.
2663 4285 2876 4339 Etenim
2914 4282 3111 4353 aliquis
3150 4282 3404 4342 fratrum,
3436 4292 3543 4331 una

1909 4384 1947 4396 κ
2009 4385 2021 4396 ι
2125 4383 2138 4396 ι
2357 4379 2468 4396 ,ιἐ-
2520 4374 2835 4396 ___!I.___-I-...
2870 4372 3127 4396 ειμι-εις..-
3166 4384 3325 4396 Α-Α-ιη
3361 4367 3542 4396 ,ις-,ζηη

306 4507 577 4576 ἀρπαγεὶς
635 4500 741 4557 εἶδε
798 4500 895 4572 τὴν
947 4502 1059 4555 ἀνω
1115 4499 1269 4551 πόλιν
1337 4493 1688 4566 Ἰερουσαλὴμ
1710 4532 1725 4555 ,
1780 4489 1876 4543 καὶ

304 4599 408 4663 τὰς
442 4600 561 4651 ἐκεῖ
603 4594 871 4665 φωτεινάς
932 4593 1128 4655 οίκίας,
1179 4590 1275 4644 καὶ
1331 4588 1448 4657 φῶς
1504 4584 1730 4655 ἄπειρον
1781 4582 1875 4633 καὶ

308 4690 641 4761 ἀπόρρητον.
693 4684 932 4738 Ἧκουσέ
981 4700 1040 4735 τε
1098 4682 1281 4751 φωνῆς
1345 4676 1633 4747 λεγούσης,
1690 4670 1876 4725 τοῦτον

310 4778 454 4835 εἶναι
477 4780 568 4833 τὸν
590 4778 753 4831 τόπον
786 4777 884 4844 τῆς
928 4774 1037 4828 τῶν
1067 4772 1293 4826 δικαίων
1321 4766 1709 4827 ἀναπαύσεωςο
1759 4758 1877 4816 εἶτα

312 4870 608 4939 φυσιωθεῖς
645 4869 739 4921 καὶ
784 4866 993 4937 μεγάλα
1044 4865 1173 4934 περὶ
1218 4860 1410 4914 ἑαυτοῦ
1462 4856 1665 4927 οἰηθεὶς
1720 4853 1881 4924 βαθεῖ

312 4962 617 5022 κατέπεσεν
640 4957 903 5028 ἁμαρτίᾳ,
935 4955 1030 5007 καὶ⁵
1086 4954 1300 5015 πολλοῖς
1335 4950 1565 5018 ὕστερον
1596 4946 1736 5001 ἑάλω
1775 4961 1876 4997 κα-

317 5053 452 5113 κοῖς.
487 5049 546 5101 Εἰ
579 5043 671 5100 οὖν
702 5039 856 5106 οὗτος
904 5041 1100 5106 οὕτως,
1140 5040 1256 5104 πῶς
1284 5056 1349 5107 γε
1382 5038 1461 5108 τῷ
1488 5037 1704 5106 τυχόντι
1724 5035 1883 5087 δυνα-

314 5140 407 5193 τδν
435 5137 727 5206 λέγειν,ὠς
765 5136 916 5189 Ἐπεὶ
947 5132 1214 5203 νηστεύω,
1259 5131 1355 5184 κα)⁸
1402 5126 1677 5195 ξενιτεύω,
1702 5124 1883 5195 ψωμί-

318 5233 397 5295 ζω
422 5249 483 5284 τε
511 5231 579 5284 τὰ
601 5229 939 5301 ὑπάρχοντα,
971 5228 1067 5279 καὶ
1096 5224 1202 5278 ἀπὸ
1222 5223 1330 5276 τῶν
1352 5218 1655 5289 εἰρημένων
1680 5215 1883 5285 ἐφυλα-

322 5323 516 5390 ξάμην
531 5322 737 5384 κακῶν,
766 5318 920 5373 οὐδέν
949 5319 1067 5371 ἐστι
1102 5315 1163 5367 τὸ
1199 5312 1518 5381 λειπόμενον
1554 5309 1707 5376 ἀγιον
1740 5304 1885 5374 κάμὲ

319 5410 458 5468 εἶναι
483 5431 499 5480 ;
527 5413 638 5465 Καὶ
660 5412 769 5483 γὰρ
792 5412 891 5481 οὐχ
925 5411 958 5480 ὴ
983 5408 1093 5460 τῶν
1120 5403 1462 5475 φαινομένων
1490 5399 1676 5454 κακῶν
1708 5394 1887 5465 ἀποχὴ

322 5504 599 5566 τελείωσίς
628 5506 796 5567 ἐστιν,
855 5502 1043 5572 ὥσπερ
1080 5499 1315 5569 εἴρηται,
1340 5494 1455 5549 ἀλλ’
1495 5494 1530 5562 ὴ
1578 5488 1719 5545 κατά
1759 5488 1889 5542 διά-

324 5610 473 5648 νυιαν
503 5591 791 5662 κάθαρσις,
825 5589 965 5662 αὕτη
990 5586 1190 5644 τελεία.

458 5752 645 5807 Matth.
672 5769 721 5816 κ,
746 5752 831 5805 59.

765 4430 792 4475 ς
829 4367 1342 4481 Ἲὲὲιέιχῷλίιέτίσθη
1410 4367 1728 4470 δυνάμεως,
1784 4367 1877 4452 καί
1908 4384 1952 4440 Ι)
1979 4383 2142 4481 δὶῐηιξι
2185 4396 2309 4435 cum
2348 4379 2439 4481 filii

1865 4367 1877 4451 ι
1908 4384 1952 4440 D
1979 4383 2142 4437 simul
2185 4396 2309 4435 cum
2351 4379 2472 4432 aliis
2512 4374 2839 4445 quibusdam
2870 4372 3130 4425 fratribus
3164 4384 3329 4423 orans
3360 4367 3545 4420 divina

1975 4473 2281 4542 captivatus
2312 4470 2394 4532 vi,
2421 4476 2478 4521 et
2515 4474 2733 4534 raptus,
2760 4462 2899 4517 vidit
2938 4473 3229 4530 supernam
3268 4456 3544 4511 civitatem

1972 4560 2306 4621 Jerusalem,
2340 4566 2399 4613 et
2444 4556 2687 4618 lucidas,
2721 4568 2843 4624 quae
2890 4551 3002 4605 illic
3048 4558 3202 4613 sunt,
3238 4546 3458 4607 domos,
3491 4551 3549 4596 et

1974 4654 2153 4707 lucem
2184 4652 2505 4705 immensam
2534 4655 2695 4713 atque
2723 4641 3079 4696 ineffabilem.
3109 4636 3299 4692 Audiit
3330 4647 3548 4703 quoque

1977 4758 2167 4797 vocem
2211 4741 2479 4795 dicentem
2527 4757 2539 4791 :
2582 4737 2732 4791 hunc
2769 4748 2888 4789 esse
2931 4732 3112 4786 locum
3151 4730 3427 4799 justorum
3459 4740 3550 4779 re-

1977 4834 2161 4899 quiei;
2193 4828 2648 4894 deinde,inllatus
2679 4834 2735 4881 et
2766 4839 2958 4895 magna
2991 4822 3059 4877 de
3094 4836 3151 4877 se
3184 4832 3551 4891 pmsumens,

1980 4928 2036 4981 in
2070 4938 2232 4995 grave
2268 4920 2461 4977 incidit
2490 4927 2805 4989 peccatum,
2835 4926 2893 4970 et
2924 4914 3112 4968 multis
3152 4916 3554 4979 consequenter

1981 5016 2292 5087 implicatus
2335 5021 2420 5069 est
2466 5010 2641 5065 malis.
2681 5008 2739 5061 Si
2785 5023 2916 5077 ergo
2958 5006 3050 5059 hic
3096 5004 3169 5057 ita
3215 5002 3402 5071 lapsus
3445 5008 3550 5062 est,

1980 5104 2258 5178 quomodo
2297 5102 2502 5173 poterit
2532 5114 2563 5153 e
2594 5099 2761 5169 vulgo
2797 5095 2996 5165 aliquis
3030 5093 3217 5148 dicere
3253 5088 3552 5155 :Quando-

1982 5198 2205 5269 quidem
2231 5196 2442 5266 jejuno,
2470 5200 2525 5246 et
2556 5204 2785 5261 peregre
2815 5187 2974 5255 dego,
3006 5193 3061 5238 et
3090 5182 3378 5237 facultates
3408 5194 3557 5232 meas

1983 5289 2312 5360 dispertior;
2355 5294 2727 5356 praetereaque
2762 5295 2789 5332 a
2826 5292 2993 5347 supra
3027 5272 3343 5329 memoratis
3374 5280 3558 5325 custo-

1985 5383 2099 5439 divi
2126 5395 2213 5434 me
2242 5378 2422 5439 malis,
2449 5373 2585 5428 nihil
2615 5369 2859 5441 profecto
2890 5367 3044 5421 deest
3100 5362 3397 5433 quominus
3457 5373 3559 5427 ego

1986 5485 2206 5545 quoque
2239 5476 2468 5523 sanctus
2497 5464 2633 5519 sim?
2670 5460 2885 5515 Etenim
2921 5474 3031 5512 non
3066 5456 3134 5509 ab
3168 5452 3561 5524 apparentibus

1990 5538 2147 5617 malis
2171 5556 2526 5619 abstinentia,
2551 5560 2634 5608 est
2661 5547 2948 5619 perfectio,
2979 5546 3056 5599 uti
3086 5545 3293 5598 dictum
3320 5550 3402 5597 cst
3420 5581 3435 5606 ,
3466 5538 3556 5598 scd

1992 5652 2189 5709 tuentis
2221 5646 2501 5720 purgatio,
2529 5657 2700 5712 caque
2733 5637 2992 5710 perfecta.
