4254 6358
272 393 382 458 909

1472 397 1703 460 LIBER
1740 398 1839 459 DE
1876 399 2332 466 CHARITATE.

3405 394 3511 462 910

268 504 535 567 Ἕλλησι
559 499 627 553 δὲ
648 500 860 569 nupta,
888 498 1033 569 ἡμῖν
1068 498 1137 554 δὲ
1159 498 1283 567 τοῖς
1306 488 1660 572 σωζομένοις
1695 504 1844 559 Θεοῦ
1873 515 1918 568 Α
1946 546 1948 555 ι

1829 505 1844 558 5
1873 515 1918 568 Α
1946 509 2035 572 sti,
2067 507 2144 561 ait
2170 507 2391 571 Paulus,
2419 507 2617 561 ludatis
2640 506 2848 576 quidem
2891 503 3240 569 scandalum;
3274 506 3509 575 gentibus

264 590 524 661 δύναμις
549 590 645 646 καὶ
673 591 821 646 Θεοῦ
847 592 1053 661 σοφία.

340 770 415 824 B’.
454 769 517 824 El
549 771 643 824 καὶ
665 770 875 835 ἔλαϐες,
898 771 1051 842 φησὶ,
1078 770 1267 839 γεῦσιν
1296 769 1356 835 ἐξ
1387 771 1640 842 οὖρανοῦ,
1673 773 1721 825 εί
1751 774 1847 827 καὶ

266 856 532 925 μετίσχες
559 855 774 926 ἐκείνης
832 856 934 925 τῆς
964 857 1179 926 σοφίας,
1214 858 1309 912 καὶ
1335 859 1640 914 ἀνάπαυσιν
1689 860 1847 931 ἔσχες

262 947 324 999 tv
362 948 429 1016 τῇ
471 945 616 1017 ψυχῇ
671 963 793 1014 σου,
849 947 974 1017 μηδ’
1002 946 1179 1013 οὕτως
1226 948 1479 1020 δπαίρου,
1524 950 1622 1004 καὶ
1663 950 1738 1021 μὴ
1768 952 1846 1016 ὼς

262 1036 523 1105 ἑφθακὼς
559 1038 664 1108 ήδη
712 1038 809 1093 καὶ
847 1040 1030 1092 πᾶσαν
1067 1040 1393 1095 καταλαϐὼν
1434 1040 1534 1111 τὴν
1585 1043 1846 1115 ἀλήθειαν

261 1129 624 1200 τεθαρρηκὼς
652 1129 760 1185 ἔσο.
791 1130 884 1201 Μὴ
907 1131 972 1184 σὺ
1007 1131 1245 1205 ἀκούσῃς
1268 1146 1285 1164 ο
1318 1132 1471 1199 Ἤδη
1494 1136 1845 1204 κεχαρισμέ-

264 1235 362 1272 νοι
404 1219 567 1283 ἐστὲ,
600 1220 716 1287 ήδη
768 1220 1226 1289 πεπλουτήκατε
1256 1239 1272 1254 ·
1303 1224 1480 1291 χωρίς
1522 1224 1691 1293 ἡμῶν
1710 1226 1847 1279 ἐϐα-

261 1310 618 1372 σιλεύσατε,
656 1309 757 1363 καί
788 1309 1015 1379 ὄφελόν
1051 1328 1119 1381 τε
1138 1311 1574 1368 ἐϐασιλεύσατε
1623 1315 1725 1368 ἵνα
1746 1315 1846 1368 καί

262 1398 441 1466 ἡμεῖς
474 1400 615 1469 ὑμῖν
638 1403 1241 1472 συμϐασαεύσωμεν.
1262 1404 1420 1459 Ἀλλά
1451 1405 1548 1459 καὶ
1568 1408 1843 1477 γευσάμεά

264 1506 377 1556 νος,
430 1489 506 1553 ὡς
542 1492 708 1560 μήπω
754 1490 846 1545 τοῦ
886 1493 1315 1564 Χριστιανισμοῦ
1365 1495 1643 1565 ἁψάμενος
1707 1492 1847 1553 εῖναι

263 1579 459 1648 νόμιζε
491 1595 507 1610 ο
538 1582 632 1635 καὶ
659 1582 733 1663 μὴ
758 1584 815 1648 ἐξ
842 1583 1103 1654 ἐπιπολῆς
1125 1584 1266 1639 εστω
1287 1585 1447 1640 τοῦτό
1485 1603 1587 1649 σοι.
1618 1586 1735 1640 ἀλλ’
1770 1588 1847 1652 ὡς

264 1674 749 1742 ἐμπεφυτευμένον
784 1673 1075 1739 διαπαντὸς
1102 1676 1196 1729 καὶ
1221 1676 1605 1747 κεκυρωμένον
1629 1679 1695 1748 τῇ
1726 1677 1845 1730 δια-

264 1764 390 1816 νοία
422 1778 539 1817 σου.

1946 607 2125 651 autem
2158 598 2385 653 stultitia
2405 615 2423 662 ;
2446 598 2588 653 nobis
2610 613 2752 663 vero,
2783 598 2872 665 qui
2907 596 3199 664 solvamur,
3228 596 3326 651 Dei
3348 598 3510 653 virtus

1944 697 1995 744 et
2026 690 2119 743 Dei
2141 691 2455 759 sapientia'.

2014 780 2079 834 ll.
2127 780 2352 836 Etiamsi
2378 780 2655 851 acceperis
2688 788 2905 851 gustum
2951 794 2983 835 e
3013 779 3180 845 coelo;
3208 779 3313 833 etsi
3342 779 3514 849 parti-

1943 887 2074 942 ceps
2102 872 2178 928 sis
2196 872 2372 929 factus
2404 873 2688 944 sapientia:
2721 872 2888 937 illius,
2921 879 2977 926 et
3023 870 3269 939 requiem
3306 869 3514 924 habue-

1945 964 2022 1020 ris
2074 966 2131 1019 in
2176 966 2356 1020 anima
2405 976 2545 1031 tua;
2599 979 2779 1035 neque
2833 964 2912 1019 sic
2954 962 3233 1018 extollatis
3274 979 3290 1017 :
3334 975 3513 1029 neque

1944 1057 2099 1128 quasi
2124 1058 2235 1129 jam
2269 1058 2587 1127 peneneris
2602 1056 2671 1112 ad
2699 1070 2917 1111 omnem
2946 1054 3253 1117 veritatem,
3282 1066 3515 1122 eamque

1944 1147 2451 1217 comprehenderis,
2486 1148 2765 1219 arroganti
2788 1145 2936 1216 apud
2962 1154 3015 1201 te
3046 1146 3124 1200 sis
3155 1142 3511 1199 conﬁdentia.

1946 1238 2023 1293 Ne
2054 1245 2111 1293 ct
2144 1246 2202 1291 tu
2247 1236 2483 1291 audias:
2511 1237 2634 1291 lant
2684 1237 2913 1291 saturat'i
2954 1236 3074 1291 estis
3112 1250 3132 1289 :
3156 1235 3278 1305 jam
3331 1234 3513 1288 divites

1946 1328 2073 1399 facti
2094 1329 2217 1381 estis
2250 1342 2269 1381 :
2298 1328 2412 1381 sine
2457 1327 2604 1379 nobis
2631 1328 2902 1395 regnetis;
2937 1334 2988 1379 et
3025 1326 3231 1377 utinam
3267 1324 3509 1393 regnetis,

1944 1423 2003 1469 ut
2036 1422 2086 1469 et
2114 1430 2209 1469 nos
2242 1416 2503 1469 vobiscum
2534 1415 2869 1483 regnemus'.
2895 1413 3002 1467 Sed
3032 1412 3136 1466 etsi
3186 1411 3512 1481 gustaveris,

1949 1516 2001 1562 te
2025 1517 2281 1577 tanquam
2303 1506 2547 1561 nondum
2567 1504 3049 1560 Christianismum
3093 1500 3359 1573 attigeris,
3393 1515 3515 1555 esse

1946 1602 2158 1664 reputa.
2191 1593 2379 1662 Neque
2409 1593 2516 1645 hoc
2540 1590 2910 1660 superﬁciarie
2941 1604 3051 1659 pra:
3078 1598 3131 1643 te
3159 1588 3302 1641 feras
3317 1586 3512 1649 velim;

1947 1686 2043 1740 sed
2068 1693 2129 1739 ut
2153 1684 2371 1754 penitus
2402 1682 2629 1737 insitum
2665 1696 2905 1750 semper,
2942 1694 3007 1734 ac
3026 1679 3219 1733 intime
3244 1678 3513 1733 sancitum

1949 1776 2005 1830 in
2025 1784 2210 1829 mente
2244 1774 2315 1829 sit
2354 1782 2467 1827 tua.

338 1852 415 1908 Γ.
446 1854 656 1929 Ὠσπερ
678 1872 763 1923 τις
787 1855 1159 1929 φιλόπλουτος,
1195 1857 1299 1913 κᾶν
1323 1857 1489 1928 μυρία
1518 1864 1839 1929 συναγαγὼν
1870 1853 1917 1913 Β
2012 1867 2018 1919 i

1834 1878 1839 1908 ν
1870 1853 1917 1913 Β
2012 1866 2102 1920 ιιι.
2140 1865 2211 1922 Ut
2242 1879 2441 1919 avarus
2483 1862 2778 1931 quispiam,
2833 1860 2936 1915 etsi
2974 1858 3261 1929 pecuniam
3282 1870 3514 1926 congcs-

264 1953 527 2020 χρήματα
557 1948 612 2023 ᾗ,
647 1949 797 2005 οὔπω
827 1952 1104 2022 διακορὴς,
1131 1952 1338 2020 γίνεται
1379 1950 1579 2024 μᾶλλον
1602 1952 1701 2021 τῆς
1720 1953 1844 2006 ἑπι-

267 2038 509 2110 θυμίας·
551 2039 586 2110 ἢ
613 2040 865 2112 καθάπερ
896 2042 981 2105 τις
1005 2043 1245 2112 πόματος
1275 2043 1546 2112 ὴδυτάτου
1576 2041 1713 2114 πρὸς
1748 2043 1843 2097 τοῦ

265 2132 434 2200 κόρου
471 2131 825 2195 διασπασθεὶς
868 2132 968 2201 τὴν
1017 2132 1198 2202 δίψαν,
1254 2134 1453 2203 μᾶλλον
1506 2134 1799 2200 ἐξέκαυσεν
1824 2153 1839 2168 ο

264 2221 413 2275 οὕτω
437 2220 501 2291 δὴ
539 2222 632 2274 καὶ
664 2222 697 2291 ἡ
743 2220 840 2274 τοῦ
873 2220 1005 2274 Θεοῦ
1050 2221 1238 2289 γεῦσις
1277 2223 1477 2288 παντὸς
1520 2221 1628 2279 οἶδε
1682 2227 1844 2297 κόρου

266 2310 743 2381 κατακαυχᾶσθαι,
786 2312 921 2366 ἀλλὰ
980 2314 1074 2366 καὶ
1117 2314 1227 2386 ὅσῳ
1277 2316 1496 2370 πλουτεῖ
1523 2334 1606 2383 τις
1638 2321 1846 2373 τουτονὶ

263 2405 359 2457 τὸν
384 2403 637 2467 πλοῦτον,
663 2403 870 2475 πένητα
891 2404 1081 2458 ἑαυτὸν
1108 2401 1245 2460 εῖναι
1267 2409 1541 2463 κατανοεῖ.
1593 2411 1656 2463 Oi
1688 2409 1849 2462 τοιοί-

261 2496 325 2549 δε
382 2496 698 2565 Χριστιανοὶ
745 2496 845 2548 οὐκ
876 2494 1056 2565 ἔχουσι
1094 2498 1224 2565 παρ’
1266 2498 1478 2562 ἑαυτοῖς
1526 2500 1715 2569 τιμίαν
1751 2501 1850 2571 τὴν

266 2586 410 2638 ίδίαν
430 2583 626 2654 ψυχὴν,
658 2583 771 2638 ἀλλ’
801 2583 875 2646 ὥς
904 2600 1050 2647 τινες
1077 2584 1186 2638 τῶν
1215 2583 1654 2657 ἑξουδινωμένων
1699 2590 1850 2658 παρὰ

266 2675 389 2746 Θεῷ
414 2677 714 2731 διάκεινται
762 2674 981 2739 δούλους
1029 2693 1089 2729 τε
1128 2677 1347 2730 πάντων
1391 2679 1693 2750 ἀνθρώπων
1721 2682 1849 2734 εαυ-

266 2772 396 2833 τοὺς
432 2766 572 2823 εῐναι
610 2768 934 2837 λογίζονται.
976 2769 1099 2821 Ἐπὶ
1119 2769 1289 2841 ταύτῃ
1328 2769 1497 2824 πολλὰ
1527 2772 1705 2843 χαίρει
1735 2772 1849 2825 Κύ-

270 2878 389 2931 ριος
418 2861 512 2913 καὶ
550 2858 959 2913 ὲπαναπαύεται
984 2862 1051 2930 τῇ
1080 2860 1249 2930 ψυχῇ,
1283 2861 1371 2914 διὰ
1396 2862 1495 2933 τὴν
1520 2863 1717 2933 ἑαυτῆς
1747 2879 1848 2916 τα·

270 2952 549 3005 πείνωσιν.
609 2950 670 3003 Εἰ
703 2950 796 3003 οῦν
845 2951 938 3003 καὶ
964 2949 996 3020 ἢ
1050 2949 1161 3020 ἔχει
1186 2952 1270 3013 τίς
1295 2968 1369 3017 τι,
1397 2953 1470 3023 μὴ
1492 2953 1642 3023 παρὰ
1694 2954 1855 3007 τοῦτο

266 3045 427 3113 οἰηθῇ
499 3037 779 3110 εἶναιτιῆ
832 3041 995 3110 ἔχειν.
1072 3042 1145 3094 Ἦ
1195 3041 1303 3111 γὰρ
1348 3044 1521 3111 οῐησις
1582 3042 1856 3113 βδέλυγμα

271 3136 495 3206 Κυρίῳο
545 3136 637 3189 καὶ
668 3134 805 3201 αὐτὴ
847 3135 942 3188 ἀπ’
971 3133 1147 3205 ἀρχῆς
1187 3132 1487 3203 ἐκϐέϐληκε
1534 3134 1625 3187 τοῦ
1678 3151 1855 3204 παρα-

1945 1957 2077 2012 serit
2128 1955 2608 2015 innumerabilem,
2653 1952 2799 2006 haud
2834 1952 3154 2014 exsatiatur,
3218 1948 3313 2002 sed
3358 1948 3517 2017 plura

1946 2048 2129 2120 potius
2157 2045 2466 2107 desiderat;
2497 2054 2592 2097 aut
2620 2042 2715 2111 qui
2744 2056 2773 2096 a
2800 2042 3021 2110 potione
3048 2038 3363 2094 dulcissima
3389 2044 3516 2091 ante

1946 2139 2254 2194 satietatem
2282 2136 2543 2207 depulsus
2583 2143 2687 2200 est,
2729 2134 2877 2188 sitim
2911 2133 3085 2202 magis
3111 2129 3401 2185 accendit:
3438 2127 3518 2182 sic

1946 2229 2043 2283 Dei
2083 2236 2295 2300 gustus,
2326 2234 2517 2280 contra
2560 2240 2780 2279 omnem
2810 2224 3116 2278 satietatem
3167 2221 3387 2292 gloriari
3420 2234 3518 2273 no-

1946 2320 2046 2387 vit,
2098 2321 2209 2374 imo
2257 2327 2464 2388 quanto
2510 2316 2633 2386 quis
2699 2316 2870 2385 magis
2942 2314 3253 2369 istiusmodi
3308 2311 3519 2366 divitiis

1946 2410 2210 2473 abundat,
2243 2417 2395 2463 tanto
2440 2406 2611 2476 magis
2660 2405 2973 2461 considerat
3025 2419 3083 2459 se
3151 2418 3273 2458 esse
3312 2417 3519 2472 paupe-

1950 2517 2087 2556 rem.
2148 2501 2307 2555 Tales
2375 2498 2674 2554 Christiani
2744 2512 2855 2551 non
2911 2496 3115 2550 habent
3172 2494 3229 2548 in
3287 2494 3521 2548 aestima-

1957 2593 2107 2646 tione
2146 2606 2242 2645 sua
2291 2589 2589 2660 pretiosam
2613 2587 2851 2641 animam
2881 2587 3193 2656 pr0priam;
3246 2584 3341 2639 sed
3371 2584 3522 2637 velut

1951 2683 2174 2754 quidam
2216 2696 2448 2752 prorsus
2471 2680 2652 2744 nihili,
2679 2680 2759 2734 sic
2793 2693 2852 2734 se
2897 2690 3082 2732 coram
3123 2677 3235 2731 Deo
3280 2674 3523 2744 deiectos

1956 2782 2182 2837 tenent,
2235 2787 2533 2842 servosque
2566 2771 2810 2824 omnium
2844 2768 3128 2822 hominum
3166 2782 3224 2821 se
3255 2766 3404 2836 ipsos
3432 2779 3523 2819 re-

1954 2876 2168 2937 putant.
2192 2868 2268 2921 De
2299 2866 2391 2919 tali
2424 2865 2581 2919 valde
2602 2863 2803 2933 gaudet
2829 2862 2995 2924 Deus,
3022 2868 3079 2914 et
3106 2860 3161 2912 in
3185 2874 3250 2913 ea
3281 2858 3523 2912 suaviter

1954 2957 2253 3026 requiescit
2303 2955 2520 3019 anima,
2550 2955 2670 3023 ejus
2726 2952 3036 3006 humilitate
3087 2949 3413 3004 delectatus.
3464 2947 3523 3001 Si

1956 3061 2087 3116 ergo
2117 3044 2325 3114 aliquid
2372 3042 2537 3097 habet
2568 3040 2865 3110 quispiam,
2900 3054 2967 3093 ne
3018 3048 3314 3108 propterea
3369 3034 3527 3089 inﬁc-

1960 3147 2067 3200 tur,
2094 3135 2434 3197 existimans,
2467 3146 2586 3187 esse
2618 3139 2712 3185 aut
2753 3130 2956 3183 habere
3008 3142 3066 3183 se
3120 3125 3347 3195 aliquid.
3388 3124 3525 3179 Nam

268 3196 448 3282 δείσου
464 3229 555 3281 τὸν
578 3196 879 3299 ἄνθρωπον,
898 3196 1223 3290 ἀκούσαντα,
1244 3225 1327 3278 ὅτι
1361 3196 1458 3290 ’ἀς
1478 3226 1597 3279 θεοί
1618 3196 1852 3290 ἔσεσθε,
1879 3196 1923 3259 C

1846 3266 1852 3288 ,
1879 3196 1923 3259 C
1956 3196 2218 3295 arrogans
2244 3196 2574 3278 confidentia
2591 3221 2928 3275 abominatio
2945 3226 3028 3274 est
3044 3218 3305 3283 Domino;
3330 3224 3387 3270 et
3410 3215 3526 3269 hac

274 3318 373 3370 καὶ
418 3319 485 3387 τῇ
526 3315 700 3367 ἑλπίδι
750 3313 920 3384 ταύτῃ
978 3315 1043 3382 τῇ
1104 3310 1309 3383 ματαίᾳ
1353 3310 1795 3383 ἐπιθαρρήσαντα
1831 3328 1847 3343 ·

275 3407 562 3477 κατάμαθε
606 3406 726 3469 πῶς
767 3406 796 3457 ὁ
834 3405 966 3467 Θεός
1010 3420 1104 3456 σου
1137 3402 1233 3456 καὶ
1268 3401 1540 3471 βασιλεὺς,
1582 3402 1716 3455 ἀλλὰ
1753 3403 1848 3455 καὶ

273 3497 413 3551 Θεοῦ
444 3496 571 3559 Υίὸς
587 3494 803 3549 ἑαυτὸν
819 3493 1096 3557 ἐκένωσε,
1121 3490 1366 3560 μορφὴν
1390 3490 1613 3545 δούλου
1636 3492 1853 3545 λαϐών-ο

275 3590 394 3652 πῶς
422 3588 757 3657 δπτῶχευσε,
798 3585 914 3646 πῶς
940 3586 1050 3646 τοῖς
1078 3584 1292 3654 ἀτίμοις
1328 3582 1698 3653 συνελογίσθη,
1734 3585 1851 3647 πῶς

277 3680 572 3736 πέπονθεν.
602 3679 665 3732 Εί
687 3677 744 3730 δὲ
782 3676 877 3730 καὶ
909 3677 937 3727 ὁ
955 3674 1087 3737 Θεὸς
1116 3668 1292 3737 οὗτος,
1316 3675 1345 3725 ὀ
1366 3673 1560 3742 αἵματι
1589 3674 1682 3727 καὶ
1718 3691 1854 3746 σαρ-

276 3774 333 3824 κὶ
366 3766 714 3836 συνεστηκὼς
754 3764 1057 3832 ἄνθρωπος,
1099 3762 1129 3814 δ
1173 3761 1245 3831 γῆ
1284 3761 1378 3813 καὶ
1412 3761 1637 3827 σποδὸς,
1688 3762 1855 3831 οἵμοι,

277 3863 373 3915 καὶ
412 3862 474 3913 τὸ
522 3858 783 3929 παράπαν
834 3851 1039 3921 ἀγαθοῦ
1074 3853 1146 3922 μὴ
1201 3850 1542 3921 μεταλαϐὼν,
1576 3851 1858 3906 ἀλλ’άκα-

276 3952 479 4021 θαρσία
509 3950 606 4013 ὢν,
646 3948 791 4018 μέγα
820 3946 1035 4017 φρονεῖς
1072 3944 1166 3996 καὶ
1198 3942 1535 4014 ἀλαζονεύῃς
1573 3944 1636 3994 σὺ
1662 3942 1719 3994 δὲ
1743 3932 1859 3994 ἀλλ’

276 4045 440 4113 εἴπερ
464 4059 477 4072 ο
509 4037 560 4093 εἴ
620 4037 854 4100 συνετὸς,
896 4036 989 4088 καὶ
1014 4032 1152 4103 ὑπὲρ
1192 4031 1356 4084 αὐτοῦ
1387 4032 1576 4085 τούτου
1623 4031 1820 4101 μᾶλλον
1842 4072 1858 4097 ,

276 4129 450 4199 sia-nep
470 4132 696 4201 ιῑληφας
718 4130 782 4182 tu
804 4125 937 4179 Θεοῦ
955 4124 1068 4178 Οὐκ
1081 4122 1231 4193 ἐμὸν,
1244 4122 1390 4189 λέγε,
1410 4122 1566 4175 τοῦτο
1576 4123 1636 4175 τὸ
1654 4123 1858 4192 χρῆμα·

278 4228 409 4295 παρ’
433 4225 619 4295 ἑτέρου
644 4220 802 4274 τοῦτο
820 4218 927 4288 ἔχω
948 4216 1147 4270 λαϐὼν·
1174 4213 1440 4279 καὶδόξαν
1460 4214 1630 4285 αὐτῷ,
1652 4215 1864 4278 πάντως

278 4319 591 4385 ἀφαιρεῖται
614 4311 676 4364 τὸ
706 4310 853 4363 δοθὲν
885 4307 980 4360 ἀπ’
1005 4304 1158 4376 ἐμοῦ.
1188 4304 1343 4358 Οὕτω
1377 4304 1476 4374 μὲν
1530 4306 1636 4358 πᾶν
1668 4304 1867 4373 ἀγαθὸν

287 4408 357 4478 τῷ
393 4407 604 4477 Κυρίῳ,
631 4403 691 4456 τὸ
720 4402 777 4454 δὲ
794 4399 960 4453 κακὸν
988 4400 1053 4467 τῇ
1069 4392 1292 4449 σεαυτοῦ
1308 4393 1575 4463 ιπίγραφε
1597 4393 1864 4465 ἀσθενείᾳ.

1953 3334 1982 3370 a
2003 3315 2271 3386 principio
2302 3313 2465 3384 ejecit
2483 3328 2515 3367 e
2538 3311 2795 3381 paradiso
2823 3310 3123 3363 hominem.
3148 3309 3199 3361 is
3223 3306 3370 3362 enim
3399 3319 3525 3360 cum

1953 3405 2197 3459 audisset
2225 3422 2239 3457 :
2270 3402 2434 3456 Erilis
2466 3402 2597 3455 sicut
2638 3399 2777 3465 dii‘,
2805 3399 3059 3467 concepit
3093 3397 3240 3451 illam
3281 3395 3526 3449 insanam

1955 3508 2127 3563 spem,
2153 3501 2208 3546 et
2234 3492 2290 3545 in
2307 3491 2621 3545 dementem
2640 3488 2905 3542 intumuit
2929 3486 3201 3541 ﬁduciam.
3225 3484 3530 3539 Considera

1954 3583 2231 3654 quomodo
2261 3584 2406 3636 Deus
2441 3588 2567 3635 tuus
2591 3588 2649 3633 et
2692 3594 2786 3633 rex
2819 3587 2965 3641 tuus,
3004 3577 3099 3632 sed
3134 3586 3189 3631 et
3214 3577 3308 3630 Dei
3334 3576 3524 3639 Filius,

1956 3693 2011 3729 se
2052 3677 2223 3744 ipsum
2252 3673 2414 3741 198
2436 3672 2722 3725 exinanivit
2769 3673 2996 3739 formam
3026 3669 3160 3722 servi
3196 3668 3463 3736 accipiens
3483 3665 3526 3726 ’ς

1956 3763 2231 3835 quomodo
2262 3778 2468 3831 pauper
2501 3762 2677 3815 factus
2702 3769 2807 3824 est,
2837 3758 3112 3828 quomodo
3140 3772 3265 3811 cum
3297 3756 3533 3809 inhono—

1959 3854 2093 3907 ratis
2113 3862 2195 3907 est
2221 3862 2539 3921 reputatus,
2570 3849 2849 3920 quomodo
2892 3863 3087 3918 passus
3129 3855 3232 3901 est.
3262 3845 3317 3899 Si
3344 3854 3527 3898 autem

1961 3942 2051 3995 ille
2083 3956 2206 3994 cum
2242 3942 2384 3994 Deus
2397 3948 2542 3994 esset
2567 3941 2697 3993 talia
2722 3940 2867 3993 ultro
2892 3938 3061 3993 subiit
3089 3954 3102 3990 :
3134 3946 3213 4000 tu,
3233 3935 3529 3988 homuncio

1961 4040 2250 4087 concretus
2273 4046 2435 4085 carne
2464 4041 2520 4086 et
2542 4032 2825 4102 sanguine,
2863 4040 2943 4093 tu,
2975 4038 3118 4083 terra
3142 4036 3198 4083 et
3225 4026 3387 4091 cinis,
3418 4026 3528 4079 heu

1966 4125 2084 4178 me!
2121 4122 2423 4186 tu,nullam
2452 4138 2519 4176 ex
2553 4130 2605 4175 te
2644 4122 2771 4177 boni
2803 4122 3124 4191 particulam
3155 4120 3382 4174 omnino
3428 4118 3531 4171 lia-

1967 4214 2124 4275 bens,
2156 4212 2251 4267 sed
2267 4220 2412 4265 totus
2437 4220 2677 4279 quantus
2692 4226 2751 4264 es
2770 4228 2837 4265 ex
2858 4208 3203 4265 immunditia
3235 4206 3525 4272 conﬂatus,

1968 4305 2135 4357 altum
2165 4304 2331 4371 sapis,
2358 4310 2415 4356 et
2446 4301 2727 4371 gloriando
2774 4311 2824 4355 te
2876 4310 3116 4355 ostentus
3156 4302 3168 4353 ι
3203 4299 3346 4365 Quin
3386 4306 3443 4352 tu
3485 4298 3530 4352 si

1971 4393 2193 4463 quidem
2221 4393 2388 4461 sapis,
2436 4400 2659 4461 propter
2691 4392 2796 4446 hoc
2821 4391 2997 4460 ipsum
3043 4391 3189 4459 quod
3210 4390 3469 4457 accepisti
3500 4403 3533 4441 ιι

278 4477 417 4564 Deo,
461 4495 799 4552 dic:Meum
832 4493 939 4546 hoc
977 4505 1086 4544 non
1129 4496 1246 4552 est;
1298 4486 1367 4541 ab
1413 4486 1520 4540 alio
1572 4486 1789 4555 accepi;
1841 4494 2044 4538 etcum
2096 4483 2196 4552 ipsi
2250 4481 2531 4535 videbitur
2577 4496 2803 4550 prorsus
2857 4480 3068 4535 auferet
3099 4497 3130 4535 a
3164 4497 3249 4537 me
3296 4481 3352 4536 id
3382 4477 3532 4551 quod

279 4591 455 4648 dedit.
507 4588 599 4643 Sic
648 4601 809 4640 omne
834 4582 1055 4651 quidem
1090 4581 1295 4635 bonum
1337 4579 1588 4642 Domino,
1643 4579 1847 4632 malum
1878 4585 2061 4631 autem
2102 4585 2207 4629 tuae
2236 4574 2406 4643 ipsius
2433 4574 2644 4629 ascribe
2670 4573 2998 4628 inﬁrmitati.

354 4683 429 4733 A'.
464 4677 673 4743 Ὅνπερ
738 4674 899 4742 φησὶν
957 4672 986 4723 ὁ
1054 4669 1393 4734 Ἀπόστολος,
1433 4666 1738 4733 θησαυρὸν
1789 4667 1846 4717 ὲν
1882 4674 1923 4727 D
2021 4664 2034 4718 l

1882 4674 1923 4727 ο
2021 4664 2109 4719 ιγ.
2143 4662 2316 4729 Quem
2344 4664 2419 4717 ait
2449 4663 2769 4733 Apostolus,
2804 4664 3106 4715 thesaurum
3140 4678 3196 4716 se
3248 4663 3438 4718 habere
3476 4666 3533 4723 in

282 4767 664 4835 ὀστρακίνοις
694 4763 857 4830 ἔχειν
902 4761 1026 4826 τοῖς
1057 4761 1304 4814 σκεύεσι
1331 4798 1346 4825 ,
1401 4759 1498 4828 τὴν
1548 4756 1874 4826 ἁγιαστικὴν

288 4861 403 4913 οἴου
460 4856 556 4910 τοῦ
585 4853 902 4923 Πνεῦματος
946 4852 1175 4919 δύναμιν
1200 4890 1215 4912 ,
1247 4850 1314 4920 ἢν
1344 4848 1423 4901 ἔτι
1470 4851 1535 4919 τῇ
1570 4848 1734 4913 σαρκὶ
1771 4864 1868 4899 πε-

297 4949 428 5027 ριὼν
474 4946 622 5009 ἄξιος
654 4944 890 5012 κατέστη
918 4942 1119 4996 λαϐεῖν.
1157 4943 1268 4995 Καὶ
1295 4941 1403 5010 γάρ
1449 4956 1552 4992 που
1588 4939 1749 4991 πάλιν
1773 4954 1869 5009 φη-

296 5026 381 5092 σίν
406 5038 434 5091 δ
458 5035 624 5098 αὐτός
653 5050 665 5063 ·
720 5034 824 5097 Ὃς
854 5030 1106 5101 ἐγενήθη
1149 5029 1292 5098 ἡμῖν
1331 5029 1518 5098 σοφία
1548 5026 1665 5082 ἀπὸ
1701 5026 1869 5091 Θεοῦ,

293 5130 655 5195 δικαιοσύνη
689 5142 753 5179 τε
776 5125 869 5178 καὶ
912 5121 1203 5192 ἁγιασμὸς
1226 5160 1240 5185 ,
1284 5120 1384 5174 καὶ
1432 5120 1865 5187 ἀπολύτρωσις.

311 5219 375 5275 '0
405 5218 535 5288 γοῦν
576 5214 750 5285 εὑρὼν
777 5213 872 5266 καὶ
895 5212 1025 5282 παρ’
1054 5210 1231 5280 ἑαυτῷ
1262 5209 1405 5280 σχὼν
1436 5210 1526 5262 τὸν
1554 5208 1871 5276 ἐπουράνιον

301 5311 491 5364 τοῦτον
541 5306 632 5360 τοῦ
654 5303 968 5373 Πνεύματος
1008 5301 1295 5372 θησαυρὸν,
1333 5303 1509 5355 πᾶσαν
1532 5298 1873 5369 δικαιοσύνην

306 5400 557 5465 ὶντολῶν,
578 5398 756 5449 πᾶσαν
774 5394 871 5463 τὴν
892 5393 995 5445 τῶν
1008 5392 1233 5445 ἐντολῶν
1257 5392 1517 5461 ἐργασίαν
1539 5392 1599 5444 οὐ
1619 5390 1875 5460 καθαρῶς

312 5494 475 5563 μόνον
508 5489 604 5543 καὶ
626 5488 961 5557 ἀμωμήτως,
990 5484 1125 5537 ἀλλὰ
1152 5484 1246 5536 καὶ
1279 5483 1454 5537 πόνων
1473 5483 1627 5545 ἐκτὸς
1654 5484 1747 5535 καὶ
1775 5499 1873 5535 κα-

311 5582 497 5652 μάτων
525 5578 704 5632 άνύειν
718 5576 957 5637 δύναται,
975 5575 1110 5643 ὅπερ
1145 5575 1372 5643 ἀπονητὶ
1396 5575 1655 5644 πρότερον
1673 5572 1867 5625 πολλοῦ

388 5761 405 5790 ⁸
439 5758 610 5815 lCor.
643 5775 678 5824 ι,
713 5759 794 5813 18.
876 5758 935 5811 ³1
969 5758 1095 5811 ‘jur.
1123 5771 1194 5817 tv,
1225 5757 1275 5808 8.
1360 5754 1373 5783 "
1418 5752 1553 5807 Gen.
1589 5768 1664 5816 ιιι,
1692 5752 1740 5805 5.

1820 5752 1838 5781 ⁵
1864 5749 2104 5819 Philipp.
2130 5766 2187 5815 ιι,
2216 5751 2265 5802 7.
2348 5750 2365 5780 ⁸
2390 5748 2432 5802 ιι
2462 5750 2585 5803 Cor.
2618 5764 2689 5809 tv,
2726 5747 2776 5800 7.

1970 4753 2105 4805 vasis
2138 4749 2453 4819 ﬁctilibus',
2502 4748 2934 4802 sanctiﬁcantem
2985 4748 3239 4802 existima
3300 4748 3538 4818 Spiritus

1968 4843 2251 4907 virtutem,
2286 4855 2449 4909 quam
2481 4839 2665 4893 adhuc
2719 4838 2775 4891 in
2818 4852 2983 4891 carne
3030 4848 3309 4907 superstes
3340 4839 3539 4909 dignus

1972 4932 2193 4985 habitus
2242 4937 2325 4984 est
2375 4928 2648 4997 accipere.
2684 4926 2902 4981 Etenim
2966 4925 3096 4978 alibi
3151 4942 3342 4982 rursus
3391 4928 3537 4983 idem

1969 5024 2105 5078 dicit
2136 5039 2149 5074 ε
2179 5020 2281 5086 Qui
2315 5020 2484 5088 {actus
2508 5027 2584 5072 est
2612 5019 2755 5072 nobis
2790 5020 3055 5087 sapientia
3076 5037 3109 5073 a
3153 5018 3279 5085 Deo,
3303 5029 3352 5074 et
3375 5022 3540 5091 justi—

1974 5117 2072 5175 tia,
2102 5122 2149 5165 et
2171 5110 2518 5178 sanctiﬁcatio
2544 5150 2557 5174 ,
2606 5118 2654 5163 et
2685 5110 3023 5179 redemptio".
3053 5109 3155 5175 Qui
3184 5111 3351 5180 igitur
3384 5112 3539 5165 inve-

1978 5206 2058 5258 nit
2082 5213 2136 5258 ει
2161 5203 2303 5273 apud
2332 5218 2389 5257 se
2420 5203 2588 5257 habet
2628 5203 2906 5257 cwlestem
2957 5202 3107 5254 hunc
3142 5201 3382 5271 Spiritus
3420 5202 3539 5255 the-

1978 5314 2201 5353 saurnut
2229 5339 2243 5364 ,
2293 5311 2512 5351 omnem
2558 5295 2828 5365 justitiam
2877 5294 3278 5356 mandatorum,
3322 5305 3540 5346 omnem

1976 5392 2350 5461 operationem
2382 5388 2776 5457 praescriptam,
2805 5401 2914 5439 non
2950 5399 3089 5453 pure
3122 5383 3299 5436 solum
3324 5390 3380 5436 et
3405 5383 3542 5436 irre-

1983 5479 2452 5551 preliensihiliter,
2502 5477 2599 5531 sed
2622 5477 2787 5531 etiam
2840 5475 2958 5528 sine
2999 5474 3187 5529 labore
3219 5482 3539 5527 etaerumna

1977 5582 2157 5643 potest
2202 5568 2623 5639 exsequi,quod
2657 5576 2817 5621 antea
2853 5567 2991 5622 citra
3034 5566 3273 5619 laborem
3305 5564 3537 5618 multum

2860 5747 2873 5775 ⁷
2909 5744 3079 5799 lCor.
3111 5762 3145 5809 ι,
3180 5744 3266 5796 50.
