4254 6358
767 372 863 440 9ίί

2012 378 2073 436 S.
2114 374 2429 436 MACAIlIl
2470 374 2789 438 :EGYPTII

3890 374 4005 440 sn

764 490 968 553 facere.
998 499 1211 546 tantum
1262 490 1487 555 aberat,
1520 491 1653 561 quin
1700 499 1903 560 posset.
1935 490 2124 560 Neque
2169 493 2317 546 enim
2348 498 2394 547 Δ
2420 506 2444 556 τ

2348 498 2394 547 Δ
2420 506 2482 556 γε
2503 490 2597 543 καὶ
2624 489 2730 542 εδει
2762 488 2953 543 ποιεῖν.
2977 486 3087 541 Καὶ
3111 485 3426 552 Πνεύματος
3448 484 3716 556 ἀληθινῶς
3744 487 4001 555 γεωργῆ-

764 582 907 635 valet
934 581 1078 650 quis,
1114 582 1467 650 quantumvis
1483 582 1638 647 velit,
1667 581 1909 636 fructum
1934 580 2175 651 Spiritus
2195 598 2322 639 vere

763 685 827 724 ac
851 681 1013 738 prout
1053 678 1269 740 oportet
1296 670 1565 735 excolere,
1608 680 1735 726 ante
1766 671 2171 740 perceptionem
2193 671 2322 725 boni

763 758 1023 828 Spiritus.
1050 760 1237 829 Itaque
1264 758 1376 815 vim
1405 759 1509 815 sibi
1535 760 1717 829 quivis
1740 760 1935 815 inferat
1967 760 2202 815 subinde
2225 776 2323 829 per

763 851 1084 917 patientiam
1106 864 1336 904 currens
1352 857 1408 904 et
1436 848 1620 912 ﬁdem,
1649 864 1713 904 ac
1741 849 2019 904 ferventer
2044 850 2323 905 Christum

763 948 909 1001 oret,
940 948 1001 993 ut
1036 939 1353 993 thesaurum
1383 940 1550 993 istum
1574 939 1853 993 caelestem
1879 946 2045 1008 queat
2068 939 2321 1007 assequi;

762 1040 820 1084 et
842 1039 973 1085 tunc
996 1045 1213 1085 omnem
1240 1030 1511 1101 justitiam
1541 1031 1598 1086 in
1631 1030 1751 1100 ipso
1776 1036 1833 1085 et
1856 1045 1955 1099 per
1973 1031 2150 1100 ipsum
2177 1045 2317 1100 pra:-

761 1128 911 1177 stare
963 1124 1168 1192 poterit
1212 1139 1348 1193 pure
1398 1138 1463 1179 ac
1514 1122 1785 1193 perlecte;
1833 1122 1953 1178 sine
1999 1122 2210 1189 labore,
2242 1122 2325 1178 in-

764 1226 947 1280 quam.
969 1224 1026 1267 et
1049 1227 1309 1267 erumna.

836 1303 899 1357 γ.
937 1303 1039 1370 Qui
1085 1304 1300 1359 divinas
1341 1303 1561 1359 divitias
1588 1304 1828 1375 Spiritus
1853 1304 1910 1360 in
1960 1319 2017 1359 se
2042 1302 2176 1373 ipsis
2224 1302 2325 1358 ha-

766 1389 920 1455 bent,
985 1391 1205 1461 quando
1244 1407 1369 1447 cum
1422 1390 1699 1460 aliquibus
1734 1390 1965 1445 miscent
2015 1389 2327 1461 spirituales

764 1495 1067 1546 sermones,
1083 1496 1178 1536 eas
1202 1480 1357 1551 quasi
1386 1489 1697 1550 promentes
1726 1495 1757 1535 e
1792 1478 2013 1549 proprio
2043 1481 2323 1545 thesauro,

766 1570 835 1624 iis
882 1570 1209 1640 quibuscum
1264 1578 1681 1634 conversantur,
1742 1570 2170 1625 communicant.
2221 1571 2326 1637 Qui

762 1674 895 1715 vero
923 1660 1233 1714 istiusmodi
1251 1674 1383 1729 opes
1401 1675 1510 1714 non
1542 1660 1972 1714 recondiderunt
1994 1660 2049 1713 in
2072 1670 2329 1730 penetra-

764 1752 912 1807 libus
932 1752 1137 1817 cordis,
1185 1767 1253 1805 ex
1282 1768 1391 1820 quo
1434 1751 1744 1805 divinorum
1780 1766 2077 1816 sensuum,
2128 1760 2327 1822 myste-

2423 597 2512 633 σαι
2564 580 2673 650 πρὸ
2707 579 2806 649 τῆς
2852 578 2946 631 τοῦ
2997 577 3203 645 ἀγαθοῦ
3253 576 3572 647 Πνεύματος
3613 576 3998 647 μεταλήψεως.

2422 670 2567 740 Πλὴν
2596 669 2731 724 ἀλλά
2762 668 2855 722 καὶ
2888 667 3153 737 βιαζέσθω
3183 668 3290 731 πᾶς
3310 684 3393 731 τις
3419 667 3612 721 ἑαυτὸν
3632 668 3894 720 ἑκάστοτε
3928 667 3999 719 δι’

2421 760 2697 829 ὑπομονῆς
2719 759 2926 831 τρέχων
2956 760 3051 812 καὶ
3078 759 3336 822 πίστεως,
3363 759 3459 811 καὶ
3480 758 3700 829 θερμῶς
3734 757 3831 811 τοῦ
3858 758 3998 827 X9.-

2423 846 2548 901 στοῦ
2576 846 2804 912 δεέσθω,
2835 846 2979 899 ὥστε
3008 846 3102 899 τοῦ
3133 844 3409 916 θησαυροῦ
3450 844 3605 898 τοῦδε
3630 845 3725 897 τοῦ
3750 848 3999 913 ἐπουρα-

2422 940 2535 993 νίου
2559 939 2836 1010 έπιτυχεῖν
2858 954 2875 971 ο
2904 938 2999 991 καὶ
3023 939 3143 991 τότε
3175 939 3355 991 πᾶσαν
3381 936 3727 1006 δικαιοσύνην
3757 939 3817 990 tv
3846 937 4001 1005 αὐτῷ

2418 1046 2480 1083 τε
2500 1028 2567 1083 δι’
2597 1028 2763 1083 αὐτοῦ
2818 1028 2990 1081 ποιεῖν
3027 1027 3248 1080 δύναται
3301 1025 3554 1097 καθαρῶς
3596 1027 3693 1081 καὶ
3750 1027 4001 1090 τελείοις.

2420 1116 2673 1189 ἀμόχθως
2705 1116 2768 1170 τέ
2806 1132 2947 1187 φημι
2984 1115 3077 1170 καὶ
3106 1114 3517 1186 ἀταλαιπώρως.

2494 1299 2571 1355 ε’.
2602 1300 2665 1354 Oi
2686 1299 2779 1353 τδν
2800 1298 2942 1355 θεῖον
2963 1298 3191 1354 πλοῦτον
3215 1299 3310 1354 τοῦ
3344 1299 3661 1371 Πνεύματος
3683 1299 3744 1354 έν
3771 1300 3993 1364 ἑαυτοῖς
4024 1292 4025 1295 “

2424 1388 2638 1459 ιχοντες
2664 1388 2884 1444 ἰπειδάν
2916 1406 3027 1445 τισι
3054 1388 3348 1445 κοινωνῶσι
3380 1390 3553 1459 λόγων
3583 1390 3995 1461 πνευματικῶν,

2423 1477 2518 1531 τοῦ
2555 1478 2687 1532 ἰδίου
2714 1477 2902 1549 ὥσπερ
2927 1477 3275 1542 ῖκδάλλοντες
3307 1478 3583 1550 θησαυροῦ
3614 1482 3726 1544 τοῖς
3768 1474 3852 1544 οἷς
3897 1499 3996 1551 με-

2423 1567 2733 1620 ταδίδωσιν.
2766 1566 2923 1621 Ὅσοι
2958 1566 3025 1621 δὲ
3060 1567 3153 1621 τδν
3195 1567 3425 1622 πλοῦτον
3462 1570 3520 1623 ὲν
3552 1571 3742 1638 μυχοῖς
3770 1570 3998 1639 καρδίας

2426 1658 2525 1711 οὐκ
2552 1656 2940 1729 έθησαύρισαν,
2978 1657 3039 1722 έξ
3066 1652 3128 1712 ού
3154 1657 3314 1711 θείων
3342 1657 3742 1729 ἐνθυμημάτων
3768 1660 3865 1711 καὶ
3896 1678 3998 1729 μυ-

2428 1748 2662 1817 στηρίων
2682 1786 2697 1812 ,
2717 1746 2890 1815 λόγων
2909 1764 2968 1799 τε
2986 1748 3416 1819 ύπερδαινόντων
3443 1748 3597 1818 βρύει
3627 1748 3956 1817 ἀγαθωσύνη
3979 1765 3997 1783 ο

764 1843 1083 1910 riorumque
1122 1849 1179 1896 et
1230 1840 1607 1895 doctrinarum
1654 1850 1861 1895 natura:
1889 1850 2108 1909 captum
2158 1857 2321 1897 exce-
2357 1824 2444 1887 Βε

2320 1873 2321 1880 η
2357 1824 2399 1879 Β
2426 1834 2871 1906 ἀπανθησάμενοί
2897 1852 3019 1890 τινα
3058 1836 3218 1907 μόνον
3243 1835 3305 1902 ἐξ
3332 1838 3597 1907 ἑκατέρας
3642 1838 3866 1909 Γραφῆς
3912 1840 4000 1891 ἔπ’

763 1930 1013 1985 dentium
1074 1930 1387 1999 praestantia
1458 1929 1826 1995 redundaret;
1894 1930 1990 1984 sed
2060 1929 2323 1985 deﬂorata

760 2021 939 2074 solum
1003 2019 1249 2089 quaedam
1313 2035 1343 2073 e
1404 2019 1562 2074 libris
1610 2020 1903 2090 utriusque
1954 2020 2321 2085 Testamenti,

760 2127 972 2166 summa
997 2112 1049 2166 in
1083 2111 1267 2181 lingua
1312 2110 1534 2175 ferunt;
1565 2118 1659 2165 aut
1691 2112 1969 2167 auditores
1998 2110 2125 2166 facti
2160 2113 2325 2182 spiri-

761 2202 993 2255 tualium
1031 2202 1315 2267 virorum;
1370 2216 1565 2257 eorum
1610 2202 1858 2257 doctrina
1914 2216 1973 2257 se
2024 2212 2323 2267 ostentant,

759 2309 882 2365 quae
902 2294 970 2347 ab
1000 2294 1066 2347 iis
1093 2305 1456 2364 perceperunt
1498 2301 1758 2363 tanquam
1810 2308 1908 2348 sua
1956 2294 2323 2363 proferentes,

760 2393 817 2441 et
839 2394 1028 2455 partus
1070 2383 1174 2437 sibi
1235 2383 1594 2453 subjicientes
1656 2384 1909 2439 alienos:
1944 2383 2002 2437 lii
2049 2398 2179 2437 sane
2202 2382 2327 2439 aliis

759 2473 982 2545 quidem
1004 2473 1221 2528 facilem
1242 2473 1490 2544 praebent
1513 2474 1703 2528 eorum
1726 2488 1848 2544 qua
1871 2472 2086 2538 dicunt,
2112 2472 2328 2529 fruitio-

759 2579 924 2630 nem;
949 2564 1053 2634 ipsi
1085 2578 1215 2619 vero
1251 2573 1376 2633 post
1404 2562 1703 2617 dictionem
1731 2563 2085 2633 reperiuntur
2112 2564 2328 2619 mendi-

760 2652 842 2707 cis
866 2652 1093 2706 similes.
1141 2651 1353 2721 Quippe
1397 2666 1523 2705 cum
1565 2650 1633 2705 ad
1679 2666 1839 2706 suum
1881 2666 2112 2722 queque
2134 2667 2327 2707 verum

761 2752 1083 2807 auctorem,
1136 2758 1259 2812 quas
1306 2740 1412 2811 ipsi
1458 2740 1596 2797 falso
1645 2756 1745 2811 pro
1786 2741 1902 2797 suis
1951 2741 2326 2809 venditarunt,

760 2845 954 2903 sponte
983 2834 1141 2902 quasi
1186 2848 1283 2888 sua
1325 2832 1586 2898 redeant;
1632 2832 1767 2903 ipsis
1794 2832 1851 2887 in
1868 2842 2108 2903 egestate
2142 2833 2331 2889 dome-

759 2926 898 2979 stica
920 2925 1147 2990 relictis,
1175 2931 1363 2993 utpote
1392 2924 1487 2993 qui
1519 2924 1837 2979 thesaurum
1872 2940 1979 2979 non
2010 2925 2330 2995 possideant

760 3018 1047 3087 proprium
1080 3057 1097 3083 ,
1128 3030 1288 3085 quem
1333 3014 1379 3069 si
1426 3014 1710 3079 haberent,
1762 3025 1985 3084 possent
2011 3030 2070 3071 se
2103 3016 2326 3085 quidem

761 3106 1000 3174 primum
1022 3104 1170 3172 ipsos
1196 3103 1495 3168 oblectare,
1529 3103 1763 3173 aliisque
1808 3102 2031 3171 deinde,
2069 3105 2215 3161 unde
2234 3107 2323 3175 ju-
2352 3131 2397 3192 α

761 3204 1045 3259 varentur,
1082 3194 1385 3263 impertire.
1412 3195 1707 3263 Propterea
1735 3195 1970 3265 primum
2000 3195 2266 3252 debemus
2292 3214 2323 3253 a

762 3284 877 3339 Deo
895 3284 1057 3339 nobis
1091 3299 1251 3339 veras
1285 3285 1417 3339 istas
1442 3284 1663 3339 divitias
1691 3301 2007 3356 comparare
2028 3328 2043 3353 ,
2081 3298 2214 3344 tunc
2245 3289 2327 3345 fa-

762 3376 865 3431 cile
894 3376 1196 3445 poterimus
1224 3376 1486 3445 prodesse
1531 3376 1654 3431 aliis
1696 3380 2151 3435 communicando
2194 3382 2327 3451 ipsis

762 3465 1374 3535 doctrinas-spirituales
1399 3474 1456 3520 et
1482 3467 1760 3537 mysteria.
1791 3468 1881 3522 Sic
1901 3470 2047 3522 enim
2080 3472 2326 3541 compla-

762 3556 877 3609 cuit
899 3556 1099 3609 divinaa
1118 3555 1370 3620 bonitati,
1406 3555 1657 3610 habitare
1696 3556 1749 3609 in
1784 3558 2034 3625 quolibet
2068 3561 2162 3628 qui
2207 3576 2329 3616 cre-

761 3643 964 3698 diderit
989 3659 1006 3709 ;
1033 3645 1258 3709 etenim,
1318 3643 1418 3709 Qui
1442 3644 1622 3713 diliget
1663 3661 1764 3709 me,
1790 3646 1988 3715 inquit,
2018 3648 2265 3718 diligetur
2293 3666 2327 3704 α

760 3733 923 3788 Patre
946 3750 1079 3797 meo,
1112 3743 1162 3787 et
1184 3750 1276 3805 ego
1299 3735 1520 3806 diligam
1548 3751 1687 3800 eum,
1718 3744 1767 3789 et
1806 3738 2155 3807 manifestabo
2177 3741 2225 3794 ei
2246 3757 2327 3795 me

759 3826 931 3894 ipsum
950 3823 991 3878 '.
1035 3825 1102 3879 Et
1120 3826 1250 3879 alibi
1275 3843 1288 3880 :
1316 3825 1428 3896 Ego
1457 3833 1509 3880 et
1530 3824 1693 3880 Pater
1716 3828 1999 3893 veniemus,
2024 3836 2073 3882 et
2096 3832 2328 3884 mansio-

760 3932 879 3969 nem
906 3917 1049 3986 apud
1070 3932 1187 3969 eum
1212 3917 1463 3986 faciemus
1485 3918 1527 3971 '.

832 4008 917 4063 VI.
950 4006 1053 4074 Qui
1082 4023 1149 4063 eo
1176 4008 1325 4079 digni
1362 4008 1537 4063 habiti
1587 4008 1819 4076 honore,
1859 4018 1921 4064 ut
1961 4010 2058 4066 lilii
2082 4012 2178 4068 Dei
2226 4012 2324 4067 ﬂe-

757 4106 903 4164 rent,
949 4108 1006 4154 et
1037 4097 1315 4154 Christum
1362 4100 1418 4154 in
1450 4114 1509 4155 se
1552 4100 1687 4169 ipsis
1732 4101 2171 4171 resplendentem
2210 4103 2325 4157 cir-

756 4188 1113 4254 cumlerrent,
1144 4190 1315 4245 variis
1361 4200 1420 4245 et
1452 4190 1839 4247 dill‘erentibus
1873 4194 2051 4248 modis
2082 4209 2113 4247 a
2136 4203 2325 4249 sancto

754 4287 1021 4349 reguntur
1050 4279 1280 4349 Spiritu,
1326 4289 1383 4334 et
1424 4280 1481 4335 in
1510 4296 1713 4336 arcano
1744 4282 1927 4338 cordis
1958 4298 1989 4338 a
2022 4284 2193 4354 gratia
2224 4284 2324 4339 de-

752 4370 1091 4424 mulcentur.
1148 4369 1297 4424 Nihil
1354 4384 1489 4424 vero
1542 4371 1946 4427 conducibilius
1999 4382 2105 4437 est,
2160 4389 2323 4443 quam

2424 1926 2598 1995 ἄκρας
2641 1925 2737 1995 τῆς
2777 1924 3027 1995 γλώσσης
3072 1928 3347 1997 φέρουσιν,
3382 1928 3414 1999 ἢ
3453 1932 3545 1981 καὶ
3575 1930 3784 1998 ἀνδρῶν
3826 1947 3997 1983 πνευ-

2428 2016 2673 2084 ματικῶν
2737 2016 3001 2071 ἀκουσταί⁵
3055 2020 3338 2089 γενόμενοι
3396 2021 3510 2084 τοῖς
3562 2022 3767 2075 τούτων
3818 2022 4000 2090 λόγοις

2424 2104 2889 2174 έπικομπάζουσιν
2934 2106 3013 2171 ὡς
3054 2107 3163 2161 rem
3203 2107 3271 2162 τά
3315 2109 3542 2163 έκείνων
3597 2112 3998 2182 προτείνοντες,

2425 2196 2519 2248 καὶ
2544 2198 2655 2259 τοῖς
2684 2196 2979 2267 ἀλλοτρίοις
3009 2199 3187 2261 τόκοις
3217 2199 3658 2269 ύποόαλλόμενοι.
3689 2196 3853 2258 Οὗτοι
3898 2204 3999 2272 μὶν

2423 2284 2535 2345 τοῖς
2560 2284 2738 2346 ἄλλοις
2762 2283 2960 2338 ἄπονον
2982 2287 3261 2355 παρέσχον
3282 2288 3389 2341 τῶν
3414 2289 3723 2359 εἰρημένων
3755 2292 4001 2344 ἀπόλαυ-

2427 2389 2512 2427 σιν
2540 2390 2555 2405 ·
2591 2374 2748 2427 αὐτοὶ
2769 2374 2826 2427 δὲ
2872 2375 3011 2445 μετὰ
3054 2375 3151 2447 τὴν
3177 2376 3410 2443 διάλεξιν
3434 2384 3670 2450 πτωχοῖς
3694 2382 4001 2452 εὑρέθησαν

2426 2464 2662 2529 έοικότες
2690 2482 2705 2497 ο
2753 2464 2852 2520 ἄτε
2901 2467 3010 2521 τῶν
3051 2468 3150 2538 μὲν
3190 2469 3361 2539 λόγων
3398 2472 3652 2539 έκάστου,
3694 2475 4003 2546 καθαπερεὶ

2427 2556 2563 2627 πρὸς
2611 2555 2682 2614 τά
2736 2558 2842 2612 ῖδια
2886 2559 2995 2612 τῶν
3053 2560 3147 2629 ἀφ’
3176 2554 3251 2616 ὧν
3295 2562 3501 2634 tu;qu
3561 2566 3954 2630 έπανελθόντος
3981 2584 3999 2603 ο

2428 2646 2650 2700 έκείνων
2685 2647 2743 2702 δὲ
2787 2650 2862 2719 μὴ
2888 2650 3245 2720 κεκτημένων
3274 2652 3406 2706 ῖδιον
3447 2654 3739 2724 θησαυρὸν,
3777 2657 3872 2727 ἀφ’
3901 2652 3998 2713 οὗ·

2428 2754 2537 2808 περ
2574 2738 2811 2803 δυνατῶς
2860 2736 3009 2811 εἰχον
3062 2743 3310 2811 πρώτους
3355 2761 3415 2796 τε
3439 2746 3635 2810 αὐτοὺς
3662 2748 4001 2820 εὐφραίνειν,

2428 2827 2526 2881 καὶ
2571 2828 2697 2891 τοὺς
2746 2826 2937 2892 ἄλλους
2993 2830 3135 2882 κατά
3196 2829 3530 2901 μεταδίδοσιν
3606 2833 3855 2901 ὠφελεῖν.
3905 2838 4005 2888 Διά

2426 2912 2585 2967 τοῦτο
2618 2915 2880 2985 ζητητέον
2915 2916 3128 2986 πρῶτον
3152 2920 3304 2988 παρά
3326 2918 3462 2973 Θεοῦ
3496 2920 3728 2974 πλοῦτον
3755 2922 3847 2975 τὸν
3868 2924 4007 2992 άλη-

2432 3001 2575 3054 θινδν
2621 3001 2806 3055 τοῦτον
2854 3003 3246 3058 εἰσοικίσασθαι
3270 3022 3285 3039 ο
3310 3007 3429 3060 τότε
3461 3008 3642 3079 ῥᾴδιον
3666 3012 3798 3080 ἡμῖν
3845 3011 4005 3066 ἔσται

2435 3091 2529 3145 καὶ
2565 3091 2784 3161 ἑτέρους
2822 3091 3077 3147 δύνασθαι
3098 3095 3347 3165 ὠφελεῖν,
3376 3098 3469 3151 καὶ
3501 3099 3671 3168 λόγων
3693 3118 4004 3171 πνευματι-

2430 3194 2544 3235 κῶν
2574 3184 2669 3235 καὶ
2711 3185 3025 3254 μυστηρίων
3062 3188 3246 3251 αὐτοῖς
3296 3190 3657 3259 μεταδιδόναι.
3688 3193 3845 3247 Οὕτω
3886 3199 4001 3267 γὰρ

2426 3271 2779 3345 ηύδόεησενή
2811 3272 2904 3327 τοῦ
2931 3274 3066 3329 Θεοῦ
3093 3278 3366 3349 ἀγαθότης
3412 3282 3577 3336 παντὶ
3596 3283 3675 3353 τῷ
3701 3301 4003 3339 πεπιστευ-

2426 3362 2544 3437 κότι
2602 3362 2987 3431 ἐγκατοικῆσαι
3014 3380 3027 3393 ·
3084 3367 3179 3418 κςιί⁵
3229 3368 3359 3439 γὰρ,
3400 3368 3461 3422 Ὀ
3497 3369 3762 3440 ἀγαπῶν,
3812 3377 4004 3443 φησὶν,

2427 3452 2875 3522 ἀγαπηθήσεται
2917 3453 3035 3508 ὑπὸ
3088 3456 3194 3510 τοῦ
3262 3460 3490 3526 Πατρός
3534 3478 3690 3528 μου·
3745 3464 3845 3515 καί
3886 3464 4003 3533 ἐγὼ

2426 3545 2717 3614 ἀγαπήσω
2771 3546 2958 3601 αὐτὸν
2982 3588 2996 3611 ,
3027 3549 3125 3601 καί
3164 3550 3471 3618 ἐμφανίσω
3496 3552 3655 3617 αὐτῷ
3693 3554 3955 3622 ἐμαυτόν
3983 3570 4000 3588 ·

2427 3637 2518 3690 καὶ
2547 3638 2603 3689 έν
2628 3636 2805 3701 ἄλλοις
2839 3653 2854 3667 ·
2908 3638 3055 3708 Ἐγὼ
3080 3642 3177 3693 καί
3203 3645 3235 3695 d
3258 3643 3460 3712 Πατὴρ
3479 3644 3869 3713 ἐλευσόμεθα,
3902 3646 4003 3700 καί

2420 3726 2620 3794 μονὴν
2654 3726 2790 3797 παρ’
2815 3728 2975 3795 αὐτῷ
3006 3731 3359 3799 ποιήσομεν.

2497 4000 2589 4065 ς’.
2621 3997 2686 4052 Οἰ
2728 3998 2891 4052 τέκνα
2939 3998 3077 4052 Θεοῦ
3115 3999 3370 4067 γενέσθαι
3405 4001 3862 4066 καταξιωθέντες,
3907 4008 4001 4060 καὶ

2422 4091 2515 4143 τὸν
2543 4090 2774 4162 Χριστὸν
2801 4092 2857 4143 έν
2873 4092 3085 4154 έαυτοῖς
3109 4091 3449 4161 ἐλλάμποντα
3473 4094 3708 4164 έχοντες,
3736 4097 3793 4148 ἰν
3824 4099 4000 4150 ποικί-

2424 4181 2536 4245 λοις
2575 4182 2670 4235 καὶ
2689 4181 2965 4252 διαφόροις
2994 4180 3087 4235 τοῦ
3112 4182 3425 4253 Πνεύματος
3446 4183 3716 4237 διέπονται
3738 4187 3961 4257 τρόποις
3979 4226 3999 4252 ,

2574 4273 2632 4326 έν
2674 4271 2751 4343 τῷ
2793 4274 2991 4342 ἀφανεῖ
3042 4273 3144 4341 τῆς
3187 4273 3413 4344 καρδίας
3486 4274 3592 4327 ὑπὸ
3631 4277 3729 4346 τῆς
3775 4277 4001 4344 χάριτος

2425 4364 2870 4435 περιθάλπονται.
2921 4364 3087 4417 Ούδεν
3122 4364 3181 4417 δὲ
3238 4360 3351 4417 οἷον
3399 4367 3493 4419 καί
3520 4383 3671 4429 τινας
3716 4368 3824 4420 τῶν
3856 4371 3999 4422 κατὰ

751 4459 938 4526 aliqua
964 4456 1305 4528 voluptatum
1323 4473 1542 4528 genera,
1574 4474 1697 4529 qua:
1720 4459 1776 4515 in
1804 4461 2010 4516 mundo
2032 4464 2327 4533 conspicua
2361 4464 2403 4519 D

2320 4485 2327 4520 ι
2361 4464 2403 4519 D
2431 4458 2634 4528 κόσμον
2663 4456 3006 4527 φαινομένων
3048 4456 3402 4510 ἀπολαύσεων
3434 4458 3515 4521 εἰς
3548 4460 3711 4526 μέσον
3740 4477 4000 4529 παραγα-

750 4556 900 4613 sunt,
945 4546 1106 4616 199
1155 4547 1212 4601 in
1246 4548 1811 4615 mediumladducere,
1842 4560 1925 4616 ut,
1953 4552 2156 4621 quibus
2182 4552 2323 4607 frui-

752 4646 843 4691 tur
887 4638 1072 4692 anima
1110 4637 1298 4707 gratia:
1348 4637 1550 4693 divina
1619 4639 2077 4707 oblectamentis,
2131 4642 2324 4697 iisdem

752 4738 1162 4797 comparentur.
1196 4728 1295 4784 Est
1320 4728 1582 4784 videlicet
1607 4730 1829 4798 quando
1852 4731 2026 4785 sancti
2065 4732 2322 4789 videntur

753 4816 1083 4883 quibusdam
1114 4818 1266 4872 velut
1290 4818 1469 4887 excipi
1493 4818 1658 4888 regiis
1687 4819 1867 4888 epulis
1893 4835 2059 4890 supra
2095 4822 2319 4878 modum

753 4906 997 4974 opiparis
1025 4919 1093 4959 ac
1119 4906 1309 4967 lautis.
1344 4906 1521 4976 iisque
1560 4908 1984 4977 iucundissime,
2034 4910 2147 4965 imo
2178 4912 2318 4967 ultra

750 5008 916 5062 quam
949 4994 1180 5064 exprimi
1223 4995 1459 5051 dicendo
1492 5004 1694 5065 queat,
1747 4998 1906 5053 beate
1945 5001 2202 5069 saginari.
2252 5004 2321 5057 Et

748 5098 900 5137 nunc
940 5084 1165 5153 quidem
1197 5092 1257 5139 ut
1284 5100 1485 5155 sponsa
1533 5102 1660 5142 cum
1710 5102 1912 5158 sponso
1958 5091 2317 5159 spiritualiter

752 5175 1191 5243 congaudentes;
1224 5192 1373 5231 nunc
1403 5186 1465 5232 ut
1494 5179 1803 5248 incorporei
1844 5180 2070 5249 quidam
2111 5184 2313 5253 angeli,

751 5266 807 5319 in
844 5274 992 5319 tanta
1024 5267 1264 5337 agilitate
1289 5278 1421 5323 sunt
1468 5278 1526 5324 et
1553 5270 1810 5337 levitate,
1843 5282 1903 5326 ut
1940 5282 2135 5343 putent
2162 5277 2315 5331 nullo

750 5371 981 5427 corpore
1026 5373 1085 5412 se
1130 5360 1552 5416 circumvestiri.
1602 5362 1911 5432 Aliquando
1954 5366 2123 5421 veluti
2178 5376 2311 5436 potu

750 5446 933 5517 aliquo
973 5449 1281 5514 exhilarati,
1335 5462 1392 5507 et
1429 5452 1684 5509 inebriati
1735 5455 2002 5511 ebrietate
2050 5458 2313 5515 ineﬂ‘abili

751 5539 1132 5605 mysteriorum
1163 5540 1402 5610 Spiritus
1428 5544 1725 5600 exsultant.
1769 5536 2075 5617 Aliquando
2105 5548 2234 5604 ﬂetu
2258 5561 2312 5607 et

818 5736 837 5766 ⁸
866 5734 1159 5802 Jualt.x1\',
1194 5738 1278 5791 ‘20.
1356 5742 1374 5771 ’
1406 5738 1539 5793 ibid.
1568 5738 1652 5793 ‘25.

2430 4551 2547 4619 γεῖν
2574 4549 2711 4619 πρὸς
2742 4548 2989 4602 εἰκασίαν
3015 4548 3124 4600 τῶν
3156 4550 3213 4601 εν
3238 4550 3305 4618 τῇ
3334 4549 3479 4619 ψυχῇ
3523 4548 3681 4604 θείων
3714 4550 4000 4619 διαγωγῶν

2428 4642 2525 4712 τῆς
2551 4642 2790 4711 χάριτος.
2843 4640 2997 4693 Ἔστι
3033 4640 3136 4712 γάρ
3172 4640 3261 4694 ὅτε
3310 4640 3552 4708 γίνονται
3597 4641 3846 4711 καθάπερ
3889 4644 4000 4696 τινὶ

2428 4730 2694 4801 βασιλικῷ
2717 4730 2916 4801 δείπνῳ
2958 4731 3452 4801 ἀνευῳραινόμενοι,
3492 4732 3588 4784 καὶ
3634 4732 4001 4799 ἀγαλλιῶντες

2424 4822 2701 4891 ἄφραστόν
2736 4839 2859 4875 τινα
2900 4821 2997 4874 καὶ
3023 4822 3229 4891 ἄφατον
3256 4822 3578 4891 ἀγαλλίασιν
3601 4838 3614 4853 ·
3646 4824 3741 4876 καὶ
3776 4822 3870 4875 νῦν
3899 4825 3999 4892 μὶν

2423 4913 2498 4977 ὡς
2553 4913 2740 4985 νύμφη
2789 4914 2868 4984 τῷ
2893 4915 3110 4983 νυμφίῳ
3162 4914 3550 4983 πνευματικῶς
3598 4915 3993 4984 συνηδόμενοι·

2422 5006 2517 5060 νῦν
2546 5007 2604 5060 δι
2632 5008 2708 5068 ὠς
2746 5007 3027 5076 ἀσώματοί
3057 5023 3203 5068 τινες
3247 5007 3468 5076 ἄγγελοι
3500 5006 3736 5079 τοσαύτη
3766 5006 3860 5059 τοῦ
3894 5006 3998 5059 ad»

2424 5114 2591 5167 ματος
2626 5098 2861 5169 ἐλαφρίᾳ
2910 5116 2969 5153 τε
3001 5101 3097 5153 καὶ
3124 5099 3443 5170 κουφότητι,
3474 5099 3550 5161 ὡς
3587 5099 3722 5169 μηδὲ
3756 5098 3999 5168 νομίζειν

2420 5186 2579 5257 σῶμα
2596 5189 3041 5260 περιϐεϐλῆσθαι.
3063 5190 3169 5245 Καὶ
3187 5190 3374 5244 ἄλλοτε
3399 5190 3497 5260 μιν
3516 5190 3701 5260 ὥσπερ
3722 5190 3827 5242 τινὶ
3850 5188 3997 5257 πότῳ

2418 5280 2891 5350 ἀνευφραινόμενοι
2933 5281 3028 5335 καὶ
3062 5280 3353 5351 μεθύοντες
3383 5280 3552 5351 μέθην
3581 5280 3859 5349 ἄφραστον
3884 5278 3995 5331 τῶν

2418 5372 2731 5441 μυστηρίων
2760 5372 2852 5425 τοῦ
2884 5373 3196 5443 Πνεύματος
3222 5387 3238 5403 ’
3263 5372 3452 5425 ἄλλοτε
3503 5371 3560 5423 δι
3594 5368 3867 5439 κλαυθμὸς
3901 5367 3997 5422 καὶ

2414 5463 2647 5533 ὀδυρμὸς
2673 5465 2869 5527 αὐτοὺς
2904 5464 3039 5534 ἔχει,
3071 5465 3169 5535 τῆς
3217 5464 3326 5517 τῶν
3359 5462 3661 5535 ἀνθρώπων
3689 5462 3849 5515 ῑνεκα
3884 5475 3991 5511 σω-

2414 5552 2607 5622 τηρίας
2659 5556 3056 5625 ποτνιωμένους
3092 5571 3105 5586 ’
3147 5555 3250 5608 ὑπὸ
3296 5554 3403 5625 γὰρ
3444 5553 3545 5621 τῆς
3586 5551 3734 5615 Θείας
3774 5550 3992 5617 ἀγάπης
