4254 6358
205 368 325 438 913

1425 372 1654 433 LIBER
1693 372 1791 434 DE
1825 370 2282 436 CHARITATE.

3357 370 3462 434 θιι

200 491 301 543 τοῦ
332 487 651 559 Πνεύματος
688 488 799 544 τῶν
824 487 1130 560 ἀνθρώπων
1172 462 1389 543 πάντων
1422 486 1781 558 περικαιόμι-
1810 485 1864 545 Α

1810 485 1864 545 Α
1886 484 2037 541 luctu
2065 486 2343 556 squalent,
2375 483 2449 541 ob
2494 483 2784 540 hominum
2827 485 3061 541 salutem
3102 498 3227 540 cum
3257 485 3462 553 gemitu

200 597 287 632 νοι
319 580 444 632 ὅλου
486 579 583 633 τοῦ
625 580 797 650 ’Δδάμ
832 580 897 635 τὸ
941 578 1136 643 πένθος
1186 576 1645 648 ἀναλαμϐάνουσι.
1674 576 1786 631 Καὶ

200 664 343 716 ποτὶ
367 665 469 733 μιν
494 664 633 734 πρὸς
659 666 927 736 τοσαύτην
943 667 1163 737 ἀγάπην
1195 666 1313 736 μεθ’
1340 665 1531 736 ήδονῆς
1555 665 1617 719 ού
1643 663 1788 733 λόγῳ

201 757 389 823 ῥητῆς
416 755 510 808 τοῦ
537 756 853 827 Πνεύματος
888 756 1281 828 ἐξεκαύθησαν,
1318 756 1395 820 ὡς
1430 753 1484 809 εἰ
1506 772 1569 823 γε
1594 749 1664 824 ἦν
1690 754 1784 807 δυ-

201 846 373 898 vath
403 846 561 912 δλως,
586 847 765 901 πάντα
791 848 1078 920 ἄνθρωπον
1096 851 1208 912 τοῖς
1238 847 1566 917 σπλάγχνοις
1597 846 1789 915 ἀγκυλ-

203 938 505 992 πὼσασθαι
533 943 647 1003 τοῖς
688 941 837 1004 ἰδίοις
859 979 878 1007 ,
912 940 1083 995 κακοῦ
1133 938 1395 1010 διαφορὰν
1434 939 1496 993 τὸ
1529 940 1789 1010 παράπαν

202 1025 323 1081 ἀπὸ
364 1028 458 1081 τοῦ
511 1028 717 1097 ἀγαθοῦ
754 1030 829 1101 μή
884 1030 1197 1101 ποιούμενοι
1214 1045 1232 1061 ’
1278 1030 1411 1084 ποτὶ
1444 1029 1501 1085 δδ
1536 1029 1789 1096 τοσοῦτον

205 1118 442 1180 ἑαυτοὺς
470 1119 856 1187 ἐξουδόνωσαν,
890 1120 965 1185 ὥς
994 1121 1197 1193 μηδένα
1229 1116 1368 1175 εῐναι
1411 1120 1507 1174 τδν
1535 1120 1654 1191 μετ’
1691 1120 1791 1175 αῦ-

206 1208 340 1273 τοὺς
363 1208 591 1273 οῐεσθαι,
622 1210 758 1265 ἀλλά
794 1209 1012 1267 πάντων
1039 1212 1301 1283 ισχάτους
1328 1212 1554 1275 ἑαυτοὺς
1579 1211 1791 1282 λογίζε-

210 1297 363 1351 σθαι.
390 1299 503 1353 Καὶ
532 1298 627 1353 νῦν
666 1299 769 1371 μὲν
794 1301 1139 1374 ἀνεκλαλήτῳ
1166 1304 1311 1374 χαρᾷ
1351 1302 1446 1356 τοῦ
1478 1302 1786 1373 Πνεύματος

210 1390 604 1461 κατεπόθησαν
630 1408 645 1423 ·
682 1392 778 1447 νῦν
803 1392 859 1446 δὲ
888 1391 1143 1463 καθάπερ
1168 1410 1252 1456 τις
1281 1393 1391 1447 τῶν
1419 1393 1654 1465 ἰσχυρῶν
1687 1391 1788 1464 βα-

212 1482 434 1551 σιλικὴν
473 1481 653 1536 λαϐὼν
678 1482 1007 1545 πανοπλίαν,
1035 1483 1129 1537 καὶ
1167 1481 1303 1553 πρὸς
1327 1482 1564 1552 πόλεμον
1592 1482 1788 1535 κατελ-

211 1571 325 1625 θῶν
353 1574 483 1636 τοὺς
510 1572 781 1637 ἰναντίους
809 1573 1284 1642 κατετροπώσατο,
1308 1573 1399 1626 τὸν
1438 1571 1551 1625 ίσον
1580 1572 1674 1625 καὶ
1696 1564 1788 1626 οῦ-

211 1682 298 1716 τοι
331 1665 534 1734 τρόπον
579 1665 764 1726 ὅπλοις
804 1665 1139 1735 φραξάμενοι
1176 1665 1291 1728 τοῖς
1331 1662 1427 1717 τοῦ
1478 1662 1791 1732 Πνεύματος

213 1754 355 1821 πρδς
410 1754 536 1817 τοὺς
575 1756 802 1821 ἀφανεῖς
847 1755 1115 1825 κατῆλθον
1157 1755 1405 1826 ιχθροὺς,
1448 1757 1542 1809 καὶ
1571 1756 1791 1818 τούτους

1894 574 2339 645 ingemiscentes.
2385 574 2520 631 Nam
2551 575 2740 630 divino
2790 590 2916 646 erga
2967 590 3157 630 omnes
3216 574 3467 629 homines

1891 680 2081 721 amore
2125 667 2365 732 accensi,
2420 667 2493 721 ob
2534 675 2707 721 totum
2760 668 3062 722 humanum
3097 682 3268 737 genus
3315 666 3465 720 luctu

1892 758 2460 829 comprehenduntur.
2521 758 2590 813 Et
2623 758 2900 813 interdum
2944 767 3099 814 tanto
3124 772 3309 811 amore
3338 773 3464 811 cum

1892 849 2178 918 voluptate
2206 848 2393 904 verbis
2438 864 2549 903 non
2573 849 2930 918 exprimenda
2965 848 3282 904 inflammati
3314 856 3466 911 sunt,

1893 950 1976 1006 ut,
2008 942 2054 996 si
2102 940 2221 996 ﬁeri
2262 941 2455 1010 possit,
2482 956 2701 995 omnem
2752 956 2975 1010 prorsus
3020 941 3321 1005 hominem,
3347 939 3469 994 sine

1893 1032 2215 1088 discrimine
2244 1031 2396 1098 boni,
2431 1034 2582 1098 mali,
2617 1033 2952 1099 innocentis,
3001 1033 3276 1099 scelerati,
3325 1034 3470 1087 intra

1893 1140 2007 1181 sua
2020 1126 2238 1180 viscera
2268 1124 2524 1195 colligere
2558 1125 2880 1192 charitatis,
2924 1132 2981 1181 et
3006 1124 3191 1181 fovere
3220 1124 3467 1194 cupiant.

1892 1216 2301 1285 Nonnunquam
2326 1216 2466 1271 adeo
2494 1232 2553 1272 se
2606 1217 3052 1289 vilipendunt,ut
3079 1226 3263 1287 pateat
3295 1218 3474 1273 nemi-

1893 1324 2020 1363 nem
2082 1308 2186 1363 sibi
2217 1322 2337 1362 esse
2374 1307 2722 1373 inferiorem;
2766 1309 2900 1378 quin
2929 1316 2987 1363 et
3013 1308 3318 1377 postremos
3348 1323 3471 1363 om-

1893 1398 2048 1453 nium
2075 1412 2134 1452 se
2155 1412 2277 1452 esse
2297 1396 2636 1453 existiment.
2658 1398 2727 1452 Et
2748 1411 2897 1451 nunc
2922 1396 3147 1466 quidem
3181 1397 3469 1451 inenarra-

1893 1489 1995 1546 bili
2056 1490 2302 1559 absorpti
2366 1498 2497 1544 sunt
2553 1489 2795 1559 Spiritus
2820 1488 3053 1559 gaudio,
3104 1504 3230 1543 mox
3266 1488 3471 1565 veluti

1894 1582 2092 1651 aliquis
2120 1596 2185 1637 ex
2210 1581 2449 1637 fortibus
2476 1580 2744 1636 heroibus
2772 1581 2922 1649 regia
2946 1578 3171 1633 indutus
3200 1589 3474 1633 armatura

1896 1668 1952 1723 in
1983 1669 2185 1723 bellum
2222 1669 2528 1732 descendit,
2562 1677 2729 1737 atque
2759 1670 2943 1722 hostes
2974 1669 3292 1737 propulsat;
3319 1684 3476 1723 eum-

1896 1758 2019 1813 dem
2051 1758 2106 1813 in
2133 1758 2357 1813 modum
2383 1768 2441 1814 et
2458 1758 2766 1829 ipsi,armis
2796 1758 3035 1827 Spiritus
3056 1758 3275 1821 muniti,
3292 1758 3479 1815 invisi-

214 1843 332 1903 τοῖς
359 1844 520 1894 ποσὶν
545 1842 806 1895 ὑπέθεντο
843 1844 956 1905 τοῖς
999 1842 1151 1906 ἰδίοις
1176 1856 1191 1872 ⁸
1218 1842 1342 1910 ἀρτι
1371 1841 1471 1911 μὶν
1500 1840 1667 1912 πολλή
1714 1857 1797 1905 τις
1830 1836 1869 1891 Β

1793 1858 1797 1898 :
1830 1836 1869 1891 Β
1898 1849 2036 1905 biles
2060 1849 2389 1904 adoriuntur
2432 1849 2706 1915 inimicos,
2734 1864 2937 1918 eosque
2964 1848 3207 1918 propriis
3244 1850 3473 1906 concul-

215 1932 434 2001 γαλήνη
487 1932 686 1996 αὐτοὺς
735 1922 1057 2004 περιδάλλει
1101 1933 1194 1987 καὶ
1239 1933 1462 2002 ήσυχία,
1504 1932 1693 2003 εἰρήνη
1736 1947 1797 1984 τε

216 2023 575 2091 περιθάλπει,
617 2024 711 2077 καὶ
743 2025 903 2095 ήδονῇ
947 2024 1165 2094 κάτοχοι
1196 2022 1435 2092 γίνονται
1479 2021 1794 2092 θαυμασία·

217 2113 348 2184 ἄρτι
369 2114 425 2167 δὲ
453 2115 666 2168 συνέσει
689 2117 782 2169 καὶ
813 2116 976 2186 σοφίᾳ
998 2116 1118 2186 θείᾳ
1140 2115 1235 2168 καὶ
1259 2113 1456 2182 γνώσει
1486 2112 1800 2183 Πνεύματος

218 2200 631 2272 ἀνεξερευνήτῳ
660 2219 673 2232 ο
700 2203 922 2257 τοιαῦτα
961 2203 1098 2273 πρὸς
1130 2202 1229 2271 τῆς
1259 2202 1353 2255 τοῦ
1378 2201 1616 2273 Χριστοῦ
1640 2200 1796 2269 σοφί-

219 2293 409 2359 ζσνται
457 2294 701 2365 χάριτος,
752 2294 789 2350 ἀ
841 2295 1089 2366 μηδεμιᾷ
1146 2292 1365 2365 γλώσσῃ
1412 2293 1637 2363 δύναμις
1662 2294 1800 2359 ἐξει-

224 2388 371 2442 πεῖν.
423 2386 579 2438 Ἔστι
608 2387 652 2439 δ’
681 2386 772 2439 δτε
819 2387 916 2439 καὶ
946 2387 1021 2448 ὡς
1050 2386 1145 2439 ινα
1186 2385 1295 2437 τῶν
1339 2384 1558 2438 πάντων
1597 2384 1798 2447 αὐτοὺς

224 2472 532 2544 ἀνθρώπων
572 2473 694 2543 δψει
757 2475 1121 2544 φαινομένους
1151 2488 1166 2504 ⁸
1220 2471 1393 2538 οῦτως
1420 2474 1454 2544 ή
1499 2473 1619 2527 θεία
1643 2474 1801 2543 χάρις

222 2566 584 2636 πολυτρόπως
637 2566 839 2635 ἑαυτήν
890 2567 951 2619 ἰν
1004 2565 1214 2629 τούτοις
1260 2564 1655 2629 ἔξαλλάττουσα
1708 2564 1802 2619 καὶ

223 2657 582 2712 ποικίλλουσα
613 2658 978 2728 παιδοτριϐεῖν
1014 2656 1203 2728 ὥσπερ
1228 2655 1325 2710 καὶ⁵
1354 2655 1651 2725 γυμνάζειν
1679 2654 1803 2725 βού-

223 2750 377 2803 λεται
442 2749 543 2819 τὴν
596 2749 793 2819 ψυχὴν,
857 2749 943 2802 ῖνα
1000 2748 1214 2802 τελείαν
1272 2746 1442 2817 αὐτὴν
1496 2748 1591 2799 καὶ
1648 2745 1804 2815 ἀμω⁴

229 2856 333 2908 μον
378 2840 473 2893 καὶ
523 2839 921 2911 καθαρωτάτην
973 2839 1054 2909 τῷ
1102 2836 1408 2909 ἀπουρανίῳ
1474 2836 1802 2910 παραστήσῃ

226 2928 529 2998 Πνεύματι.

294 3016 369 3068 Ζ’.
395 3013 477 3067 Τά
502 3014 767 3085 εἰρημένα
788 3014 946 3068 ταυτὶ
969 3012 1063 3067 τοῦ
1080 3013 1392 3084 Πνεύμετος
1418 3014 1501 3067 ἰνε
1511 3013 1767 3084 ργήματα
1786 3050 1803 3077 ,

228 3104 487 3174 μεγάλων
515 3106 730 3175 μέτρων
761 3104 888 3171 εἰσί,
925 3104 1147 3157 καὶτῶν
1178 3104 1461 3173 ιγγυτάτω
1490 3106 1589 3173 τῆς
1612 3102 1806 3155 τελειό-

224 3214 406 3269 τητος.
441 3189 613 3249 Δῦται
640 3196 749 3265 γάρ
768 3197 823 3249 αἱ
860 3195 1101 3249 ποικίλαι
1131 3194 1234 3264 τῆς
1262 3194 1483 3265 χάριτος
1514 3192 1800 3263 παρακλή·

228 3303 340 3348 σεις
362 3285 634 3355 διαφόρως
666 3286 795 3356 μὲν,
827 3284 941 3338 ἀλλ’
972 3283 1334 3346 ἀδιαλείπτως
1361 3282 1543 3345 αὐτοῖς
1571 3281 1678 3335 ἀπὸ
1709 3280 1801 3334 τοῦ

228 3378 551 3447 Πνεύματος
591 3377 962 3447 ινεργοῦνται,
1014 3377 1295 3447 ἀνεργεῐας
1322 3375 1601 3446 ἐνέργειαν
1632 3372 1804 3427 Πνεύο

233 3489 403 3543 ματος
429 3469 833 3539 διαδεχομένης.
880 3468 1074 3522 Ὁπότε
1102 3466 1210 3537 γὰρ
1248 3467 1327 3531 εἰς
1353 3466 1452 3535 τήν
1488 3464 1807 3534 τελειότητά

227 3579 311 3622 τις
353 3560 447 3614 τοῦ
505 3560 821 3629 Πνεύματος
867 3560 1250 3627 καταντήσειε,
1302 3555 1520 3609 πάντων
1560 3556 1805 3627 ἀκριϐῶς

226 3652 335 3704 τῶν
360 3650 549 3704 παθῶν
594 3648 1023 3718 ἀποκαθαρθεὶς,
1063 3647 1159 3700 καὶ
1182 3647 1315 3709 δλως
1349 3645 1427 3716 τῷ
1460 3647 1805 3718 Παρακλήτῳ

231 3740 509 3807 Ιινεύματι
538 3736 626 3789 διά
653 3736 751 3806 τῆς
780 3735 1019 3806 ἀρρήτου
1056 3732 1338 3795 κοινωνίας
1363 3731 1581 3796 ἑνωθεις
1607 3746 1622 3761 ο
1652 3735 1803 3787 ἐπει-

228 3834 328 3887 saw
352 3829 448 3881 καὶ
480 3826 617 3896 αὑτὴ
648 3826 680 3896 ἠ
712 3826 858 3897 ψυχὴ
887 3822 1253 3894 καταξιωθείη
1273 3824 1497 3896 Πνεῦμα
1525 3825 1803 3894 γενέσθαι,

230 3920 304 3981 ώς
356 3915 732 3988 συγκραθεῖσα
774 3915 851 3985 τῷ
892 3913 1191 3984 Πνεύματι,
1216 3914 1337 3967 τότε
1372 3915 1491 3968 δλον
1512 3914 1646 3984 φῶς,
1686 3915 1806 3968 ὅλον

232 4010 395 4081 χαρὰ,
424 4010 541 4062 ὅλον
568 4008 893 4070 ἀνάπαυσις,
920 4006 1039 4059 ὅλον
1071 4006 1412 4073 ἀγαλλίασις,
1445 4007 1567 4061 δλον
1592 4007 1803 4076 ἀγάπη,

231 4102 351 4155 ὅλον
376 4100 680 4169 σπλάγχνα,
724 4100 845 4151 ὅλον
873 4096 1144 4165 ἀγαθότης
1201 4095 1299 4149 καὶ
1326 4096 1630 4167 χρηστότης
1660 4099 1809 4165 γίνεο

230 4210 322 4247 ται
355 4208 369 4221 ·
401 4191 495 4245 καί
525 4191 687 4243 οἰονεί
731 4188 1104 4241 καταπέποται
1130 4187 1210 4250 εἰς
1239 4187 1337 4250 τάς
1368 4187 1567 4255 ἀρετὰς
1592 4188 1687 4257 τῆς
1719 4188 1810 4240 δυ-

230 4284 449 4353 νάμεως
476 4281 569 4334 τοῦ
594 4279 798 4349 ἀγαθοῦ
825 4278 1159 4347 Πνεύματος,
1182 4278 1256 4340 ώς
1280 4279 1339 4330 ὲν
1360 4278 1583 4349 ἀθύσσῳ
1609 4278 1804 4333 θαλάσ-

234 4391 333 4444 σης
362 4373 510 4435 λίθος
561 4372 713 4425 ῦδατι
768 4370 1103 4439 πανταχόθεν
1150 4370 1542 4440 περισχόμενος
1574 4386 1588 4401 ’
1637 4370 1808 4443 ταύτῃ

1898 1950 2024 1996 cant
2076 1940 2333 2009 pedibus.
2396 1941 2497 1995 Est
2559 1955 2685 1996 cum
2733 1940 2881 2008 ipsos
2938 1942 3108 1994 multa
3150 1940 3477 1995 circumam-

1898 2031 2155 2100 plectitur
2212 2030 2478 2085 serenitas
2516 2039 2573 2085 et
2622 2030 3011 2099 tranquillitas,
3064 2045 3277 2099 paxque
3328 2031 3477 2087 fovet

1899 2120 2080 2185 beata,
2114 2127 2172 2174 et
2196 2119 2477 2189 voluptate
2500 2119 2626 2174 imis
2648 2118 2705 2172 in
2738 2118 2994 2173 sensibus
3020 2117 3298 2171 delibutas
3320 2132 3477 2187 pror-

1898 2224 1996 2265 sus
2024 2208 2182 2266 mira.
2217 2209 2431 2264 Rursus
2480 2208 2779 2279 prudentia
2803 2248 2819 2273 ,
2855 2207 3128 2277 sapientia
3180 2206 3369 2261 divina
3418 2216 3477 2262 et

1898 2298 2215 2370 cognitione
2260 2297 2497 2367 Spiritus
2531 2295 2797 2351 ineffabili
2856 2294 3110 2359 beantur,
3157 2302 3215 2349 et
3276 2300 3360 2347 tot
3407 2306 3475 2348 ac

1900 2396 2082 2443 tantas
2126 2402 2217 2442 res
2270 2401 2302 2441 a
2343 2387 2516 2457 gratia
2567 2385 2770 2440 Christi
2820 2383 3149 2450 edoceutur,
3210 2390 3274 2438 ut
3325 2383 3477 2438 nulla

1900 2478 2087 2549 lingua
2114 2492 2180 2533 ea
2210 2477 2383 2548 possit
2410 2477 2589 2533 eil‘ari.
2620 2478 2716 2532 Est
2739 2491 2872 2532 vero
2900 2475 3122 2546 quando
3148 2490 3260 2530 non
3291 2474 3383 2529 alii
3414 2490 3480 2531 ac

1902 2584 2044 2625 unus
2083 2583 2152 2624 ex
2175 2569 2337 2639 vulgo
2381 2577 2704 2639 appareant.
2760 2568 2850 2622 Sic
2894 2566 3251 2621 multifariam
3292 2566 3480 2622 divina

1903 2660 2079 2729 gratia
2117 2674 2177 2715 se
2208 2660 2380 2729 ipsam
2416 2659 2637 2715 varians
2678 2674 2741 2713 ac
2771 2658 3154 2729 multipliciter
3209 2656 3480 2712 transfor-

1904 2766 2061 2807 mans
2084 2766 2345 2807 exercere
2374 2752 2495 2806 vult
2551 2766 2618 2805 ac
2660 2751 2879 2805 diverse
2908 2750 3185 2805 instruere
3218 2749 3479 2813 animam,

1904 2847 1966 2892 ut
2022 2838 2319 2907 perfectam
2376 2838 2583 2908 ipsam,
2626 2837 3072 2902 immaculatam,
3128 2836 3483 2906 purissimam

1904 2930 2281 2998 supercmlesti
2308 2929 2462 2983 sistat
2494 2928 2743 2998 Spiritui.

1974 3020 2089 3075 Vll.
2139 3020 2202 3074 Hi
2243 3035 2382 3089 quos
2436 3018 2601 3073 modo
2663 3018 2903 3072 diximus
2960 3014 3198 3086 Spiritus
3253 3015 3486 3072 ell‘ectus

1906 3126 2229 3181 magnorum
2259 3109 2527 3180 graduum
2558 3117 2721 3173 sunt,
2755 3118 2812 3164 et
2840 3107 3169 3178 perfectioni
3203 3107 3485 3177 proximo-

1906 3218 2050 3256 rum.
2086 3201 2179 3255 Ha:
2216 3200 2489 3270 siquidem
2531 3200 2763 3255 diverse
2814 3199 3220 3253 consolationes
3264 3199 3480 3267 gratias,

1906 3292 2231 3347 diﬁerenter
2260 3292 2483 3360 quidem
2535 3299 2798 3345 caeterum
2831 3290 3211 3345 indesinenter
3260 3289 3315 3343 in
3357 3290 3424 3343 iis
3450 3304 3485 3345 a

1906 3377 2114 3449 Spiritu
2148 3388 2499 3444 exercentur,
2534 3379 2856 3446 operatione
2881 3377 3259 3447 operationem
3310 3375 3486 3446 Spiri-

1908 3475 1995 3523 tus
2056 3483 2271 3537 semper
2316 3466 2662 3536 excipiente.
2693 3465 2924 3532 Quando
2956 3466 3105 3520 enim
3154 3465 3357 3535 aliquis
3413 3463 3482 3519 ad

1906 3556 2296 3627 perfectionem
2350 3556 2585 3625 Spiritus
2608 3558 2942 3625 pervenerit,
2981 3556 3196 3610 cunctis
3240 3554 3483 3624 perfecte

1908 3648 2415 3719 perturbationibus
2489 3657 2794 3718 purgatus,
2863 3656 2919 3702 et
2971 3655 3121 3702 totus
3194 3645 3480 3702 Paracleto

1907 3736 2135 3805 Spiritui
2168 3752 2267 3806 per
2307 3736 2639 3791 ineffabilem
2673 3736 3114 3791 communionem
3151 3736 3373 3800 unitus;
3425 3744 3484 3791 et

1906 3842 2029 3882 cum
2054 3828 2175 3896 ejus
2203 3826 2383 3881 anima
2416 3828 2483 3880 ad
2512 3842 2631 3881 eam
2654 3836 2845 3882 evecta
2881 3826 3253 3896 dignationem
3280 3826 3480 3891 fuerit,

1908 3916 2227 3987 utSpiritus
2276 3924 2331 3971 et
2357 3916 2472 3986 ipsa
2518 3918 2612 3980 sit,
2640 3916 2695 3971 in
2728 3932 2895 3972 unum
2932 3932 3055 3972 cum
3104 3916 3311 3986 Spiritu
3345 3931 3481 3971 con-

1907 4018 2091 4075 creta;
2125 4018 2257 4063 tunc
2280 4017 2427 4063 totus
2456 4009 2571 4074 lux,
2592 4019 2739 4064 totus
2772 4009 3056 4080 gaudium,
3076 4017 3224 4063 totus
3243 4009 3479 4075 requies,

1909 4110 2056 4157 totus
2104 4101 2441 4166 exsultatio,
2501 4109 2653 4156 totus
2673 4101 2939 4165 Charitas,
2996 4109 3146 4155 totus
3201 4100 3483 4155 visceralis

1907 4192 2233 4263 compassio,
2271 4202 2417 4247 totus
2463 4191 2715 4257 bonitas,
2748 4199 2896 4246 totus
2936 4190 3245 4260 benignitas
3282 4190 3369 4257 fit;
3426 4198 3483 4245 et

1910 4282 2067 4351 quasi
2104 4282 2395 4350 absorptus
2426 4281 2773 4350 immergitur
2806 4280 2879 4346 in
2956 4281 3187 4335 virtutes
3228 4281 3485 4349 potentia:

1912 4370 2042 4425 boni
2073 4369 2333 4441 Spiritus,
2393 4370 2538 4426 sicut
2600 4371 2655 4424 in
2711 4371 2911 4441 abysso
2946 4369 3113 4424 maris
3162 4370 3300 4439 lapis
3342 4384 3485 4438 aqua

233 4463 526 4533 τοιγαροῦν
571 4463 622 4515 οἰ
664 4462 853 4516 τοιοίδε
900 4460 1040 4515 κατά
1085 4462 1263 4515 πάντα
1315 4461 1536 4531 τρόπον,
1588 4462 1667 4533 τῷ
1712 4461 1805 4515 τοῦ
1840 4472 1882 4527 D

1802 4484 1805 4508 ι
1840 4472 1882 4527 D
1913 4462 2279 4531 undecunque
2308 4462 2764 4532 comprehensus.
2800 4460 2858 4515 ln
2889 4461 3035 4514 hunc
3061 4461 3226 4530 igitur
3259 4459 3482 4514 modum

240 4554 377 4609 Θεοῦ
402 4552 679 4621 Πνεύματι
711 4552 1091 4621 συναφθέντες,
1122 4551 1271 4622 αὐτῷ
1300 4552 1377 4623 τῷ
1404 4553 1623 4624 Χριστῷ
1658 4556 1807 4621 ἀφω-

237 4647 517 4716 μοίωνται,
582 4646 681 4707 τάς
743 4644 946 4715 ἀρετὰς
989 4644 1087 4697 τοῦ
1133 4643 1449 4712 Πνεύματος
1505 4645 1808 4715 ἀτρίπτους

234 4737 364 4806 παρ’
397 4737 607 4799 ἑαυτοῖς
662 4735 897 4805 ῖχοντες,
945 4736 1038 4788 καὶ
1094 4735 1341 4804 καρποὺς
1371 4734 1645 4799 τοιούτους
1693 4737 1807 4798 τοῖς

237 4823 404 4875 πᾶσιν
432 4822 883 4891 ἐπιδεικνύμενοι.
918 4823 1039 4875 Ἐπὶ
1068 4822 1175 4892 γὰρ
1202 4821 1347 4877 ἰνδον
1376 4823 1596 4893 ἄμωμοί
1624 4840 1682 4877 τε
1717 4826 1811 4877 καὶ

235 4914 463 4982 καθαροὶ
487 4914 575 4966 διά
604 4914 699 4965 τοῦ
722 4913 1040 4983 Πνεύματος
1063 4913 1500 4992 ἀπηρτίσθησαν,
1526 4916 1807 4986 ἀμήχανον

236 4998 340 5067 ἔξω
371 5006 615 5074 καρποὺς
666 5006 867 5067 κακίας
926 5006 1348 5073 προσενεγκεῖν,
1396 5004 1531 5057 ἀλλά
1578 5007 1809 5058 πάντοτε

234 5097 322 5148 διὰ
345 5098 563 5149 πάντων
594 5098 642 5149 οἰ
674 5097 876 5169 καρποὶ
900 5096 993 5149 τοῦ
1019 5097 1333 5166 Πνεύματος
1365 5098 1423 5149 ἰν
1452 5097 1663 5160 ἑαυτοῖς
1685 5097 1808 5150 δια-

236 5186 544 5256 λάμπουσιν
572 5203 586 5219 ’
614 5187 754 5259 αῦτη
781 5190 927 5241 ἐστὶν
967 5190 1000 5259 ή
1029 5188 1280 5259 προκοπὴ
1309 5191 1408 5259 τῆς
1438 5190 1810 5259 πνευματικῆς

240 5277 598 5348 τελειότητος,
655 5279 750 5331 τοῦ
813 5277 1178 5349 πληρώματος
1199 5278 1293 5331 τοῦ
1337 5278 1592 5349 Χριστοῦ,
1642 5281 1720 5342 εἰς
1744 5280 1811 5349 ἢν

242 5368 443 5436 φθάσαι
493 5372 639 5439 ἡμᾶς
686 5372 715 5423 ὁ
764 5370 1083 5435 Ἀπόστολος
1107 5374 1363 5441 παραινεῖ
1406 5370 1578 5437 λέγων
1615 5387 1629 5401 ·
1668 5370 1801 5425 'Ira

239 5459 593 5529 πληρωθῆτε
638 5464 726 5530 εἰς
784 5456 908 5519 πᾶν
951 5462 1017 5517 τὸ
1068 5464 1359 5532 πλήρωμα
1400 5461 1506 5518 τοῦ
1534 5460 1806 5530 Χριστοῦ.

323 5725 587 5794 “Eplics.
628 5740 709 5787 ιιι,
751 5725 834 5778 l9.

1903 4556 2040 4610 tales
2076 4554 2327 4609 homines
2372 4553 2684 4608 omnimode
2718 4553 2812 4608 Dei
2858 4552 3087 4622 Spiritui
3114 4554 3479 4614 cohaerentes,

1904 4644 2008 4715 ipsi
2030 4643 2251 4699 Christo
2298 4643 2695 4707 assimilantur,
2730 4642 2967 4697 virtutes
3000 4642 3243 4711 Spiritus
3284 4642 3484 4695 immu-

1904 4737 2103 4792 tabiles
2132 4737 2189 4791 in
2221 4751 2279 4791 se
2312 4736 2445 4806 ipsis
2473 4736 2741 4791 habentes
2763 4777 2778 4801 ,
2828 4745 2884 4789 ct
2906 4735 3123 4789 fructus
3152 4734 3221 4787 iis
3246 4748 3485 4787 consen-

1907 4840 2095 4886 taneos
2125 4828 2343 4885 cunctis
2371 4828 2714 4883 exhibentes.
2752 4827 2896 4881 Fieri
2938 4826 3087 4881 enim
3120 4824 3338 4894 .nequit
3402 4832 3485 4889 ut,

1912 4936 2037 4976 cum
2062 4921 2212 4975 intus
2239 4920 2341 4988 ipsi
2371 4919 2635 4989 inculpati
2660 4927 2716 4972 et
2744 4918 2866 4988 puri
2891 4933 2989 4987 per
3021 4916 3282 4984 Spiritum
3305 4914 3488 4969 effecti

1914 5011 2045 5076 sint,
2077 5009 2289 5065 fructus
2312 5018 2466 5063 extra
2494 5008 2717 5063 malitias
2755 5007 3065 5078 proferant;
3110 5004 3207 5060 sed
3234 5004 3383 5058 omni
3419 5019 3489 5058 ex

1915 5109 2067 5170 parte
2098 5115 2197 5170 per
2252 5099 2437 5154 omnia
2486 5099 2697 5154 fructus
2746 5099 2800 5153 in
2834 5099 2903 5153 iis
2940 5096 3189 5167 Spiritus
3242 5096 3485 5150 elucent.

1915 5187 2063 5243 Talis
2112 5187 2390 5258 profectus
2422 5197 2507 5242 est
2556 5187 2861 5257 spiritualis
2909 5184 3285 5255 perfectionis,
3316 5183 3487 5253 pleni-

1918 5279 2111 5333 tudinis
2144 5277 2358 5343 Christi,
2411 5278 2467 5333 in
2497 5293 2660 5347 quam
2700 5292 2994 5331 occurrere
3052 5290 3153 5330 nos
3190 5274 3487 5343 Apostolus

1916 5369 2488 5424 adhortatur‘dicens:
2521 5368 2584 5424 Ut
2637 5367 2965 5439 impleamini
2993 5368 3047 5420 in
3084 5382 3291 5421 omnem
3316 5364 3487 5433 pleni-

1918 5462 2151 5515 tudinem
2198 5459 2391 5517 Christi
2415 5462 2479 5517 ".
2534 5460 2602 5515 Et
2644 5474 2885 5515 rursus:
2919 5458 3095 5513 Donec
3152 5470 3489 5512 occurramus
