4254 6358
784 396 893 462 915

2030 397 2090 454 S.
2134 395 2449 455 MACARII
2492 397 2813 460 IEGYPTII

3928 393 4049 459 916

782 512 837 563 in
866 507 1034 559 virum
1066 506 1353 576 perfectum
1382 505 1437 557 in
1474 516 1774 556 mensuram
1815 502 1987 556 aztatis
2020 502 2360 571 plenitudinis
2385 504 2437 563 Α

2385 504 2437 563 Α
2465 505 2574 557 Καὶ
2621 506 2784 559 πάλιν
2808 523 2820 536 ο
2871 506 3057 575 Μέχρι
3091 506 3558 575 καταντήσωμεν
3591 506 3677 568 εἷς
3719 504 3911 573 ἄνδρα
3938 508 4045 560 τέ-

784 596 977 652 Christi
995 598 1057 651 “.

857 779 1018 849 300
1045 778 1178 833 VIII.
1214 779 1311 833 Est
1340 777 1595 847 quando,
1630 777 1791 832 simul
1819 792 1883 832 ac
1919 777 2111 848 incipit
2148 776 2355 847 aliquis

786 885 926 939 genu
945 868 1185 931 flectere,
1202 869 1423 937 plenum
1446 866 1575 922 huic
1600 876 1824 938 repente
1840 867 2025 921 divina
2036 868 2355 937 operatione

788 962 847 1013 tit
878 975 1008 1025 cor;
1036 967 1091 1013 et
1121 959 1301 1013 anima
1330 958 1743 1012 condelectatur
1777 958 2026 1021 Domino,
2054 957 2125 1012 ad
2162 957 2352 1021 instar,

784 1059 847 1103 ut
868 1050 1075 1105 dictum
1090 1060 1195 1112 est.
1219 1065 1430 1119 sponsa:
1450 1065 1571 1104 cum
1592 1065 1812 1118 sponso.
1838 1048 1952 1137 {Ioc
1974 1064 2203 1120 magnus
2222 1050 2357 1105 dicit

786 1138 953 1192 Isaias
974 1158 984 1190 :
1008 1137 1121 1202 Quo
1145 1140 1282 1190 enim
1302 1140 1450 1190 modo
1467 1138 1660 1207 gaudet
1676 1154 1895 1205 sponsus
1912 1154 2069 1207 super
2081 1155 2351 1208 sponsam,

782 1226 860 1278 sie
886 1225 1129 1294 gaudebit
1162 1224 1413 1278 Dominus
1441 1241 1593 1293 super
1620 1233 1669 1277 te
1690 1226 1753 1278 ".
1778 1226 1871 1279 Est
1906 1225 2069 1278 etiam
2087 1263 2102 1287 ,
2134 1226 2355 1293 quando

790 1317 1060 1387 contingit
1101 1317 1358 1385 occupari
1382 1316 1602 1385 quidem
1635 1317 1795 1369 talem
1828 1324 1940 1369 tota
1965 1315 2086 1381 die;
2125 1332 2231 1370 una
2259 1332 2355 1372 au-

786 1414 894 1459 tem
925 1406 1017 1460 ubi
1048 1420 1105 1460 se
1132 1406 1273 1459 idem
1316 1406 1448 1459 hora
1473 1406 1709 1459 orationi
1758 1406 2092 1474 permiserit,
2145 1408 2353 1476 rapitur

782 1498 852 1551 ab
879 1498 994 1566 ipsa
1028 1497 1258 1552 interior
1291 1497 1474 1559 homo,
1507 1506 1562 1549 et
1593 1497 1860 1551 immenso
1893 1498 2166 1566 profundo
2202 1500 2352 1556 illius

780 1590 964 1642 steculi
987 1589 1156 1642 futuri
1189 1597 1405 1641 tenetur
1428 1589 1876 1655 comprehensus.
1901 1587 2149 1643 Oblectat
2167 1599 2350 1644 autem

782 1678 960 1745 ipsum
1000 1693 1194 1732 arcana
1228 1686 1284 1731 et
1318 1677 1612 1731 inefl'abilis
1651 1678 1933 1747 voluptas,
1965 1680 2037 1733 ita
2087 1689 2146 1732 ut
2197 1696 2352 1735 mens

780 1768 1003 1836 quidem
1042 1768 1390 1837 Obstupescat
1460 1776 1571 1822 tota
1627 1782 1892 1835 suspensa
1925 1770 2065 1823 etin
2113 1771 2350 1827 sublime

2461 599 2648 659 λειον,
2698 598 2783 661 εις
2805 598 3026 665 μέτρον
3073 597 3316 664 ἡλικίας
3356 596 3464 651 τοῦ
3495 594 3891 664 πληρώματος
3926 596 4044 650 τοῦ

2462 684 2737 752 Χριστοῦ.

2532 778 2612 830 ιιι.
2658 777 2843 830 Ἔστιν
2880 779 2991 842 ὅτε,
3023 778 3208 846 φησὶν,
3232 778 3638 849 είσέρχεταίτις
3670 777 3850 829 κλῖναι
3876 774 4039 841 γόνυ,

2461 868 2555 920 καὶ
2580 867 2753 936 τούτῳ
2793 867 2827 937 η
2858 865 3052 935 καρδία
3093 866 3262 937 μεστὴ
3292 866 3444 929 θείας
3475 866 3755 937 ἐνεργείας
3793 865 4039 932 γίνεται,

2462 958 2555 1011 καὶ
2582 957 2781 1028 ἡψυχὴ
2810 958 3253 1027 συνευφραίνεται
3291 958 3499 1027 Κυρίῳ,
3529 957 3777 1025 καθάπερ
3804 955 3907 1025 ῆδη
3945 955 4039 1007 δε-

2460 1047 2728 1116 δήλωται,
2769 1046 2985 1117 νύμφης
3008 1048 3209 1118 τρόπον
3237 1048 3377 1102 κατά
3403 1048 3497 1101 τοῦ
3529 1048 3784 1117 νυμφίου.
3822 1047 3883 1099 ⁸0
3936 1046 4039 1114 μέ-

2462 1153 2563 1204 γας
2586 1134 2745 1189 τοῦτό
2768 1153 2937 1206 φησιν
2978 1136 3205 1200 Ἡσαΐας
3228 1152 3242 1167 ·
3278 1139 3387 1190 'Or
3406 1137 3516 1206 τὰρ
3544 1138 3767 1204 τρόπον
3786 1135 4038 1202 εὐφραί-

2460 1244 2618 1281 νεται
2642 1228 2901 1295 νυμφίος
2923 1227 3021 1281 ἐπὶ
3047 1226 3305 1296 νύμφης,
3333 1228 3521 1293 οὕτως
3552 1226 4040 1294 εὐφρανθήσεται

2460 1320 2672 1385 Κύριος
2705 1318 2803 1370 ἐπὶ
2833 1318 2954 1371 σοί·
2992 1320 3108 1370 ἐστι
3130 1318 3175 1369 δ’
3200 1319 3288 1370 ὅτε
3322 1317 3520 1387 συνέϐη
3553 1317 3650 1387 μὲν
3681 1313 4039 1385 ἀσχολεῖσθαι

2458 1410 2550 1463 τὸν
2571 1409 2806 1463 τοιοῦτον
2827 1409 2955 1479 ὅλης
2989 1409 3221 1479 ἡμέρας,
3255 1408 3396 1461 κατά
3420 1408 3632 1477 δέμίαν
3653 1406 3802 1477 ὥραν
3826 1406 3911 1469 εἰς
3942 1405 4039 1458 εὐ-

2458 1500 2561 1570 χὴν
2605 1500 2796 1552 ἑαυτὸν
2834 1498 3221 1568 ἐπιτρέψαντα,
3270 1498 3578 1567 ἀρπάζεται
3630 1498 3761 1566 παρ’
3807 1496 4036 1565 αὖτῆςό

2459 1590 2566 1641 ἔσω
2593 1588 2899 1659 ἄνθρωπος,
2934 1588 3028 1640 καὶ
3051 1588 3279 1657 κάτοχος
3300 1588 3515 1657 ἀπείρῳ
3543 1586 3694 1656 βάθει
3718 1586 3814 1638 τοῦ
3834 1586 4036 1647 αἰῶνος

2458 1681 2667 1734 ἐκείνου
2697 1680 2926 1747 γίνεται.
2964 1681 3115 1749 Ἔχει
3143 1679 3197 1732 δὲ
3228 1679 3389 1731 αὑτὸν
3411 1678 3720 1748 ἀπόρρητος
3741 1675 3928 1745 ἡδονὴ,
3957 1675 4033 1737 ὡς

2461 1772 2857 1841 ἐκπλήττεσθαι
2910 1772 3010 1840 μέν
3040 1772 3130 1825 τὸν
3155 1770 3278 1823 νοῦν
3324 1772 3602 1841 μετέωρον
3626 1769 3746 1821 ὅλον
3770 1768 3903 1820 ὄντα
3936 1768 4033 1820 καὶ

781 1867 968 1926 rapta;
998 1859 1307 1927 oblivioque
1355 1858 1587 1912 internis
1625 1858 1882 1913 sensibus
1933 1860 2198 1927 subrepat
2246 1870 2355 1915 ter-
2385 1855 2461 1910 Β·

2351 1891 2355 1902 ι
2385 1855 2427 1910 Β
2456 1863 2808 1932 ἡρπαγμένον
2832 1877 2847 1891 ⁸
2907 1861 3077 1931 λήθην
3107 1861 3164 1913 δέ
3210 1862 3330 1920 ταῖς
3358 1859 3554 1928 φρεσὶν
3583 1856 3899 1926 ἐγγίνεσθαι
3935 1855 4031 1909 τοῦ

783 1964 927 2002 rente
959 1949 1119 2018 hujus
1163 1949 1352 2002 mundi
1403 1948 1715 2017 sapientiae;
1751 1957 1940 2017 utpote
1995 1950 2219 2017 repletis
2247 1952 2351 2021 ipsi

778 2036 992 2105 objecto
1018 2038 1253 2107 digniori
1285 2037 1709 2107 cogitationibus
1731 2077 1745 2099 .
1802 2046 1860 2091 ut
1910 2039 2117 2093 dictum
2150 2049 2264 2105 est,
2296 2050 2355 2096 et

779 2127 1013 2194 captivis
1060 2128 1251 2195 procul
1297 2129 1553 2181 abductis
1589 2128 2053 2195 contemplatione
2104 2131 2351 2185 infinita-

780 2232 901 2271 rum
954 2225 1011 2271 et
1065 2216 1704 2285 incomprehensibilium
1758 2232 1990 2282 rerum,
2028 2229 2091 2273 ut
2147 2220 2204 2274 in
2259 2220 2350 2275 illa

780 2308 914 2362 hora
942 2324 1040 2378 per
1065 2310 1367 2363 orationem
1422 2309 1631 2363 homini
1672 2309 1885 2363 accidat
1926 2312 2147 2366 evolare
2189 2312 2352 2367 simul

778 2412 904 2451 cum
931 2398 1177 2451 oratione
1202 2398 1373 2467 ipsius
1394 2401 1651 2453 animam.

847 2504 942 2560 IX.
984 2506 1065 2560 Ad
1087 2507 1511 2577 interrogantem
1563 2517 1768 2572 autem,
1826 2525 1895 2563 an
1940 2510 2201 2580 possibile
2246 2512 2349 2567 ho-

779 2597 912 2651 mini
936 2599 1008 2653 sit
1037 2598 1092 2652 in
1120 2614 1187 2653 eo
1211 2615 1425 2669 semper
1456 2610 1601 2654 statu
1629 2600 1852 2663 durare,
1899 2602 1981 2657 sic
2011 2604 2351 2672 responden-

778 2689 908 2744 dum
929 2698 1015 2744 est
1049 2706 1367 2759 :nunquam
1413 2690 1635 2759 quidem
1663 2693 1892 2760 gratiam
1927 2708 2038 2747 non
2073 2693 2270 2755 inesse.
2296 2704 2351 2748 et

780 2795 890 2835 non
939 2781 1157 2850 penitus
1182 2781 1415 2835 radicari
1463 2782 1625 2850 quasi
1672 2782 2069 2835 coalescentem
2092 2782 2146 2835 in
2194 2792 2352 2837 natu-

780 2883 898 2921 ram
930 2883 1101 2921 unam
1154 2868 1363 2922 homini
1396 2867 1451 2921 in
1487 2883 1596 2935 quo
1624 2876 1729 2922 est.
1761 2866 2030 2922 Caeterum
2080 2882 2187 2921 una
2225 2884 2351 2922 cum

779 2959 851 3012 sit
878 2959 1016 3029 ipsa,
1054 2974 1163 3012 non
1195 2974 1304 3013 uno
1340 2970 1521 3013 tamen
1554 2958 1738 3023 modo,
1797 2958 1893 3013 sed
1946 2959 2348 3027 multipliciter,

783 3058 949 3118 prout
973 3050 1112 3113 vult,
1143 3058 1200 3104 et
1229 3050 1525 3104 convenire
1563 3050 1713 3104 videt
1736 3050 1804 3104 ad
1845 3050 2015 3120 ipsius
2059 3050 2349 3105 utilitatem

2452 1953 2699 2020 ἐπιγείου
2726 1952 2880 2007 τοῦδε
2908 1953 3255 2022 φρονήματος
3276 1968 3290 1982 '
3333 1950 3429 2004 ἆτε
3452 1950 3839 2021 μεστωθέντων
3877 1948 4031 2017 αὐτῷ

2449 2042 2559 2095 τῶν
2587 2042 2882 2111 λογισμῶν,
2928 2044 3116 2111 ὥσπερ
3147 2044 3381 2113 εἴρηται,
3412 2042 3505 2094 καὶ
3531 2043 3611 2102 είς
3653 2040 3940 2110 ἀπέραντά
3969 2055 4030 2091 τε

2450 2135 2542 2187 καὶ
2573 2134 2932 2204 ἀκατάληπτα
2968 2135 3270 2204 πράγματα
3306 2134 3670 2203 αἰχμαλώτων
3707 2135 3855 2201 αὑτῷ
3920 2136 4031 2187 ἀπ-

2451 2226 2748 2297 αχθέντων,
2774 2227 2851 2289 ὡς
2884 2228 2941 2279 ἐν
2968 2225 3145 2297 ἐκείνῃ
3175 2226 3293 2296 ὥρᾳ
3321 2226 3388 2279 δι⁹
3440 2226 3604 2296 εὐχῆς
3622 2226 3702 2296 τῷ
3752 2225 4033 2297 ἀνθρώπῳ

2449 2318 2691 2385 γίνεσθαι
2753 2317 3106 2372 συναπελθείν
3172 2320 3288 2388 ᾰμα
3337 2320 3403 2389 τῇ
3456 2320 3589 2388 εὐχῇ
3641 2318 3735 2372 καὶ
3786 2319 3888 2387 τὴν
3923 2317 4033 2388 ψυ-

2448 2413 2572 2484 χήν.

2517 2500 2618 2579 8⁸..
2650 2524 2792 2595 Πρὸς
2818 2524 2874 2578 δέ
2899 2541 2963 2594 γε
2992 2524 3084 2577 τὸν
3128 2525 3435 2593 ἐρωτῶντα,
3464 2527 3631 2595 φησιν
3650 2565 3665 2588 ,
3714 2527 3763 2577 εἰ
3790 2525 4030 2579 πάντοτε

2448 2616 2671 2671 δυνατὸν
2687 2616 2764 2685 τῷ
2793 2615 3061 2687 ἀνθ
3082 2618 3150 2686 τῇ
3172 2616 3392 2685 τοιαύτῃ
3404 2616 3647 2686 διαρκεῖν
3663 2616 4031 2679 καταστάσει,

2448 2708 2621 2761 ταῦτα
2669 2707 2921 2759 λεκτέον·
2975 2708 3051 2769 ὡς
3101 2709 3133 2776 ὴ
3183 2707 3280 2776 μὲν
3312 2707 3468 2775 χάρις
3502 2706 3603 2757 οὐκ
3650 2704 3797 2757 ἐστιν
3827 2705 3917 2757 ὅτε
3954 2705 4031 2773 μὴ

2452 2795 2663 2849 σύνεστι
2697 2797 2791 2848 καὶ
2823 2794 3137 2866 ἐρρίζωται,
3179 2796 3271 2848 καὶ
3310 2794 3386 2857 ὡς
3412 2794 3638 2863 φυσικόν
3674 2811 3729 2845 τι
3774 2794 4030 2862 πεπηγὸς

2451 2886 2727 2953 ἐγγίνεται
2747 2884 2823 2955 τῷ
2851 2884 3121 2955 ἀνθρώπῳ
3147 2878 3189 2952 ᾧ
3222 2885 3472 2937 σύνεστι·
3504 2885 3601 2953 μία
3628 2884 3684 2936 δὲ
3722 2880 3855 2936 οὖσα
3885 2884 4032 2954 αὑτὴ

2450 2974 2825 3045 πολυτρόπως,
2846 2974 2921 3036 ὠς
2954 2974 3151 3038 ἐθέλει,
3180 2973 3318 3044 πρὸς
3354 2974 3414 3025 τὸ
3449 2973 3543 3025 τοῦ
3568 2973 3853 3043 ἀνθρώπου
3893 2990 4035 3043 συμ-

2451 3066 2637 3135 φέρον,
2666 3067 2938 3134 οἰκονομεῖ
2960 3082 2974 3095 ⁸
3005 3066 3138 3119 ποτέ
3175 3066 3274 3135 μέν
3298 3065 3409 3135 γὰρ
3434 3065 3595 3119 πλέον
3627 3066 3776 3135 αὑτῷ
3804 3066 3862 3119 τὸ
3896 3064 4033 3135 πῦρ,

782 3137 1038 3201 hominis,
1070 3138 1248 3192 varias
1300 3138 1710 3191 vicissitudines
1739 3138 2052 3207 dispensat.
2085 3140 2220 3194 Nam
2251 3141 2350 3194 ali-
2375 3182 2419 3242 Ο
2454 3175 2462 3207 τ

2375 3182 2419 3242 C
2454 3159 2582 3209 ποτὲ
2621 3157 2677 3209 δέ
2706 3156 3044 3227 ἀμϐλύτερον
3074 3158 3349 3211 ἀνακαίει.
3384 3158 3494 3211 Καὶ
3521 3157 3582 3210 τὸ
3611 3158 3747 3225 φῶς,
3778 3157 3896 3209 ἐστι
3932 3157 4032 3225 μὲν

781 3228 1003 3296 quando
1046 3228 1270 3297 quidem
1315 3230 1586 3283 acriorem
1619 3230 1743 3298 ipsi,
1793 3230 2089 3298 aliquando
2140 3230 2353 3299 langui-

783 3319 996 3375 diorem
1049 3322 1320 3375 flammam
1371 3322 1613 3393 subjicit.
1658 3322 1755 3377 Est
1788 3323 2125 3391 quandolux
2184 3324 2354 3393 magis

785 3412 1165 3481 resplendeat;
1217 3422 1301 3467 est
1353 3414 1572 3483 quando
1627 3412 1919 3467 contrahat
1964 3412 2253 3481 fulgorem,
2300 3423 2357 3469 et

784 3503 1075 3573 caliginem
1109 3503 1347 3558 obducat
1367 3504 1681 3574 quamdam,
1706 3504 1893 3557 divina
1924 3519 2149 3571 prorsus
2173 3502 2359 3573 dispo-

785 3595 1024 3659 sitione,
1083 3594 1336 3664 lampade
1408 3595 1933 3665 inexstinguibiliter
2000 3595 2359 3651 nihilominus

785 3683 1037 3738 ardente.
1066 3685 1295 3751 Quando
1322 3699 1453 3740 vero
1503 3686 1820 3757 fulgentiori
1844 3695 1897 3740 et
1927 3686 2139 3756 puriori
2183 3687 2360 3741 radiat

786 3773 1016 3837 lumine,
1046 3777 1196 3831 velut
1228 3777 1620 3831 abundantiori
1663 3786 1797 3847 potu
1829 3777 2170 3831 exhilaratus
2195 3778 2360 3834 homo

788 3866 989 3920 festum
1048 3867 1191 3921 diem
1238 3869 1502 3922 celebrat.
1558 3868 1653 3922 Est
1688 3869 1857 3922 etiam
1909 3883 2035 3922 cum
2070 3868 2251 3937 ipsum
2298 3868 2356 3922 in

789 3958 956 4013 corde
1016 3959 1226 4013 micans
1285 3959 1470 4014 lumen
1536 3960 1697 4013 alteri
1753 3958 1948 4013 lumini
1997 3960 2098 4015 sub
2144 3959 2361 4015 intimis

790 4048 1118 4117 profundius
1137 4050 1328 4105 latenti
1351 4051 1501 4104 velut
1546 4050 1842 4105 fenestram
1864 4051 2062 4119 aperit,
2103 4059 2161 4104 ut
2197 4051 2361 4105 homo

791 4147 940 4193 totus
985 4139 1273 4195 dulcedine
1318 4142 1411 4195 illa
1451 4150 1509 4195 et
1548 4142 1918 4211 speculatione
1955 4143 2117 4211 plane
2162 4143 2361 4197 absor-

792 4241 938 4299 ptus,
967 4246 1076 4286 non
1105 4232 1337 4302 amplius
1388 4232 1443 4286 in
1466 4249 1523 4287 se
1554 4233 1671 4303 ipso
1698 4232 1803 4296 sit,
1838 4231 1933 4287 sed
1957 4232 2117 4301 quasi
2167 4231 2352 4287 fatuus

790 4332 847 4376 et
874 4323 1069 4377 noxius
1099 4323 1363 4377 habeatur
1390 4324 1619 4386 mundo,
1646 4332 1878 4392 propter
1910 4323 2199 4377 inusitatas
2241 4324 2361 4378 ille-

792 4414 989 4469 cehras
1048 4415 1251 4469 amoris
1309 4423 1365 4468 et
1421 4416 1723 4485 voluptatis
1783 4423 1840 4469 et
1892 4414 2359 4484 profunditatem,

2455 3249 2545 3301 ὅτε
2592 3248 2791 3317 μᾶλλον
2840 3248 3147 3317 ἐκλάμπει,
3183 3248 3299 3301 ἐστι
3342 3248 3387 3300 δ’
3419 3249 3507 3301 ὅτε
3548 3248 3644 3300 καὶ
3680 3246 4033 3300 συστέλλεται

2459 3340 2552 3392 καὶ
2606 3339 2990 3406 ἐπιστυγνάζει
3050 3340 3191 3391 κατά
3231 3339 3383 3392 θείαν
3426 3340 3645 3401 πάντως
3692 3338 4031 3407 οίκονομίαν,

2459 3430 2701 3497 καίτοιγε
2732 3431 2832 3499 τῆς
2867 3429 3145 3500 λαμπάδος
3186 3430 3427 3484 ἄσϐεστα
3468 3430 3778 3499 καιομένης.
3813 3430 3945 3481 Ὅτε
3980 3430 4037 3481 δὲ

2460 3521 2764 3591 φαιδρυνθῇ
2797 3520 2978 3586 πλέον,
3014 3522 3135 3573 τότε
3160 3520 3411 3591 καθάπερ
3441 3522 3499 3573 ἐν
3536 3520 3675 3592 μέθῃ
3702 3520 3909 3573 πλείονι
3936 3521 4038 3589 τῆς

2458 3605 2553 3660 τοῦ
2586 3605 2722 3659 Θεοῦ
2756 3607 2975 3676 ἀγάπης
3027 3608 3120 3660 καὶ
3159 3608 3188 3659 ὁ
3216 3608 3499 3679 ἄνθρωπος
3525 3608 3843 3679 ἐορτάζεται
3863 3625 3879 3639 ·
3921 3610 4036 3663 ἐστι

2458 3697 2503 3751 δ’
2527 3698 2617 3752 ὅτε
2646 3698 2739 3751 καὶ
2759 3698 2892 3752 αὐτὸ
2912 3698 2974 3752 τὸ
3002 3699 3117 3767 φῶς
3141 3699 3201 3752 τὸ
3231 3702 3421 3768 φαῖνον
3452 3702 3509 3753 ἐν
3537 3702 3752 3773 καρδίᾳ,
3784 3702 3862 3770 τῷ
3890 3702 4039 3753 ἐνδο-

2458 3788 2604 3858 τέρῳ
2637 3788 2809 3859 δήπου
2838 3790 2931 3841 καὶ
2960 3789 3239 3860 βαθυτέρῳ
3269 3790 3527 3858 διανοίγει
3558 3792 3715 3858 φωτὶ,
3744 3791 3885 3843 ὥστε
3916 3791 4037 3844 ὅλον

2460 3880 2551 3932 τὸν
2577 3880 2865 3950 ἄνθρωπον
2885 3884 2950 3951 τῇ
2981 3880 3277 3951 γλυκύτητι
3311 3882 3495 3955 ἐκείνῃ
3523 3883 3618 3935 καὶ⁴
3640 3882 3843 3952 θεωρίᾳ
3863 3900 4036 3935 κατα-

2462 3968 2696 4022 ποθέντα
2749 3970 2948 4039 μηκέτι
2999 3973 3057 4024 ἐν
3092 3973 3268 4043 ἐαυτῷ
3297 3970 3455 4036 εῖναι,
3512 3972 3626 4024 ἀλλ’
3658 3971 3733 4033 ὠς
3766 3972 3950 4040 μωρόν
3978 3987 4035 4021 τε

2462 4060 2557 4112 καὶ
2596 4059 2859 4130 βλαϐερὸν
2889 4062 3103 4115 ὑπεῖναι
3129 4063 3207 4131 τῷ
3234 4064 3444 4132 κόσμῳ,
3475 4062 3561 4113 διὰ
3589 4063 3806 4122 καινοὺς
3843 4062 4036 4128 ίυγγας

2462 4148 2684 4220 ἀγάπης
2713 4150 2807 4203 καὶ
2840 4150 3050 4220 ἡδονῆς,
3090 4151 3183 4204 καὶ
3206 4151 3266 4204 τὸ
3289 4151 3448 4221 βάθος
3473 4144 3547 4205 ὧν
3570 4151 3796 4217 ἠξίωται
3834 4166 4036 4217 μυστη-

2469 4239 2618 4308 ρίων.
2679 4240 2789 4292 Καὶ
2844 4240 3129 4310 συμϐαίνει
3184 4240 3443 4303 πολλάκις
3496 4239 3615 4293 κατ’
3667 4242 3872 4292 ἐκεῖνον
3938 4241 4036 4307 μὲν

2462 4330 2557 4381 τὸν
2603 4328 2794 4397 καιρὸν
2850 4329 2959 4381 τῶν
3012 4330 3231 4382 τελείων
3272 4330 3433 4382 αὐτὸν
3485 4329 3745 4397 ἐπιϐῆναι
3796 4328 4030 4395 μέτρων,

2466 4417 2562 4470 καὶ
2594 4413 2732 4470 εἶναι
2765 4418 2945 4486 πάσης
2989 4419 3267 4488 ἁμαρτίας
3307 4417 3588 4485 ἐλεύθερόν
3628 4432 3686 4467 τε
3730 4415 3820 4468 καὶ
3848 4414 4035 4467 ἀνεπί-

794 4506 955 4575 queis
979 4506 1176 4574 dignus
1209 4506 1464 4568 habetur,
1521 4506 1931 4576 mysteriorum.
1984 4506 2046 4559 Ei
2092 4507 2360 4576 contingit
2393 4507 2474 4567 Di

2352 4518 2360 4560 ι
2393 4512 2436 4567 D
2464 4507 2684 4576 ληπτον,
2718 4507 2855 4575 μετά
2878 4507 2934 4558 δέ
2963 4508 3136 4561 ταῦτα
3168 4508 3497 4575 συσταλῆναι
3539 4506 3740 4575 τρόπον
3786 4502 3907 4555 τινὰ
3938 4502 4032 4569 τὴν

794 4599 993 4666 smpius
1023 4599 1126 4651 isto
1155 4606 1394 4666 tempore
1440 4599 1616 4667 ipsum
1648 4598 2014 4666 perfectorum
2046 4598 2362 4669 contingere

792 4691 1059 4758 graduum
1104 4704 1439 4753 mensuram,
1468 4698 1524 4743 et
1545 4690 1693 4743 omni
1722 4690 1957 4744 liberum
1983 4706 2104 4745 esse
2134 4699 2359 4758 peccato

2468 4596 2650 4666 χάριν,
2694 4596 2878 4649 καὶτὸ
2908 4596 3170 4666 κάλυμμα
3210 4597 3309 4665 τῆς
3347 4594 3594 4656 ἐναντίας
3624 4590 3913 4659 ἐπιστῆναι
3953 4589 4035 4641 δυο

2469 4703 2710 4757 ναμεως.

790 4790 852 4836 et
922 4780 1499 4850 irreprehensibilem;
1558 4797 1749 4836 verum
1817 4782 2061 4851 posthaec
2124 4780 2375 4835 contrahi
2409 4797 2600 4837 rursus
2645 4784 3053 4852 quodammodo
3105 4783 3461 4854 gratiam;et
3495 4780 3565 4835 ab
3599 4775 3917 4833 adversaria
3942 4788 4036 4843 po-

798 4885 995 4933 testate
1025 4877 1205 4931 velum
1232 4877 1431 4933 iterum
1465 4876 1712 4932 obtendi.

869 4973 937 5028 X.
974 4972 1063 5028 Sic
1091 4981 1271 5026 tecum
1289 4982 1480 5041 reputa
1517 4987 1607 5026 res
1634 4972 1820 5043 gratiae
1848 4988 1907 5027 se
1936 4972 2140 5026 habere
2178 4988 2191 5026 :
2224 4972 2364 5040 finge

799 5066 923 5129 tibi,
976 5064 1219 5122 residere
1258 5063 1653 5134 perfectionem
1693 5064 1749 5116 in
1791 5062 2118 5118 duodecimo
2158 5062 2362 5133 gradu;

794 5170 884 5213 eat
934 5157 1119 5226 igitur,
1182 5165 1243 5209 ut
1269 5156 1336 5211 ad
1390 5155 1530 5208 hanc
1570 5153 1772 5223 gradus
1830 5168 2145 5207 mensuram
2202 5153 2365 5207 liceat

798 5246 1135 5312 ascendere;
1194 5246 1287 5300 sed
1342 5243 1586 5299 vicissim
1637 5244 1868 5297 remittit
1928 5243 2118 5313 gratia,
2150 5251 2207 5297 et
2255 5257 2365 5295 uno

800 5336 1143 5391 descendens
1202 5335 1394 5406 gradu,
1457 5335 1513 5389 in
1578 5333 1889 5397 undecimo,
1943 5342 2001 5386 ut
2048 5333 2120 5385 ita
2152 5333 2363 5401 loquar,

801 5427 1053 5483 subsistit
1087 5467 1102 5490 ,
1130 5425 1221 5480 ubi
1270 5424 1542 5478 mirabilia
1592 5423 1682 5476 illa
1732 5424 1835 5492 ipsi
1877 5422 2270 5485 ostenduntur,
2310 5430 2366 5475 et

790 5536 1039 5589 quorum
1070 5519 1160 5572 ille
1182 5518 1620 5587 experimentum
1658 5515 1805 5585 cepit
1827 5516 1990 5568 homo
2014 5533 2042 5567 :.
2060 5515 2153 5569 sed
2172 5514 2363 5569 eodem

804 5611 968 5666 modo
1016 5610 1062 5666 si
1099 5609 1215 5665 haec
1258 5624 1317 5663 se
1368 5622 1581 5676 semper
1616 5606 1903 5669 haberent,
1938 5621 2048 5661 non
2073 5614 2217 5660 esset
2264 5604 2368 5674 ipsi

912 5794 951 5822 “
984 5792 1181 5862 Ephes.
1212 5809 1281 5857 ιν,
1319 5792 1399 5846 15.
1470 5792 1613 5847 “lsa
1669 5807 1790 5857 un,
1833 5791 1884 5845 5.

2537 4966 2593 5021 ι’.
2621 4967 2747 5020 Οἴου
2785 4985 2895 5037 μοι,
2932 4966 3116 5035 φησὶν,
3152 4963 3326 5025 οὕτως
3369 4962 3439 5015 τὰ
3469 4962 3571 5033 τῆς
3610 4963 3831 5032 χάριτος
3861 4961 4028 5030 ἔχειν’

2470 5058 2777 5113 ὑποκείσθω
2824 5059 2930 5127 γάρ
2962 5074 3042 5109 σοι
3078 5056 3213 5127 πρὸς
3247 5055 3549 5107 δωδέκατον
3581 5052 3789 5122 βαθμὸν
3831 5052 4033 5104 ἀνιέναι

2467 5150 2567 5220 τὴν
2604 5150 2947 5219 τελειότηταο
2978 5144 3114 5201 εἶναι
3149 5146 3248 5217 μὲν
3279 5141 3371 5198 οῦν
3431 5145 3516 5197 ὅτι
3556 5144 3649 5196 καὶ
3682 5143 3830 5195 τουτὶ
3855 5142 3917 5193 τὸ
3944 5142 4033 5210 μέ·

2470 5259 2597 5311 τρον
2647 5241 2869 5309 ἐφικτὸν
2915 5240 3123 5307 γίνεται
3146 5255 3161 5270 ·
3209 5238 3348 5305 πλὴν
3381 5236 3493 5290 ἀλλ’
3537 5234 3779 5288 ἐνδίδωσι
3810 5232 3971 5285 πάλιν
4002 5232 4031 5300 ἠ

2471 5336 2650 5404 χάρις,
2697 5333 2791 5385 καὶ
2836 5332 2931 5385 Eva
2970 5330 3216 5385 ὐποϐᾶσα
3249 5328 3477 5398 βαθμὸν,
3520 5329 3599 5389 είς
3630 5327 3689 5379 τὸ
3731 5324 4031 5384 ἑνδέκατον,

2471 5426 2545 5487 ὡς
2569 5426 2764 5485 εἰπεῖν,
2796 5424 3025 5477 ἵσταται.
3065 5421 3305 5491 Ἐδείχθη
3338 5422 3521 5473 ἐκεῖνα
3547 5419 3611 5489 δὴ
3641 5418 3709 5472 τὰ
3736 5416 4028 5485 θαυμάσια,

2474 5516 2568 5569 καὶ
2606 5509 2681 5569 ὧν
2712 5517 2907 5585 πεῖραν
2939 5514 3032 5566 καὶ
3067 5514 3350 5583 ἀνθρωπος
3384 5512 3541 5579 ἐσχεν
3574 5512 3776 5571 ἐκεῖνος
3802 5523 3817 5537 °
3852 5509 3901 5559 εί
3948 5507 4031 5558 τὸν

2480 5607 2593 5658 ἴσον
2626 5604 2773 5675 αὐτῷ
2800 5605 2997 5675 τρόπον
3026 5600 3141 5674 εἶχε
3173 5602 3345 5656 ταῦτα
3376 5601 3685 5667 διαπαντὸς,
3727 5598 3827 5652 οὐκ
3856 5597 3921 5651 ἂν
3952 5597 4033 5648 δυ-
