4254 6358
783 363 887 429 919

2009 367 2068 428 S.
2108 368 2429 430 MACARII
2470 368 2789 432 ᾸΞΟΥΡΤΙῙ

3922 362 4033 427 9m

783 479 1007 547 quidem
1051 477 1371 539 dissolvitur
1413 487 1470 534 et
1516 477 1787 533 scinditur
1816 480 1907 534 ille
1950 481 2149 533 medius
2171 483 2344 551 paries
2372 488 2425 545 Α
2447 503 2463 552 ;

2372 488 2425 545 Α
2447 502 2558 552 χον
2584 484 2691 539 τοῦ
2717 482 3012 552 φραγμοῦ,
3042 483 3171 534 ποτὲ
3197 479 3254 533 δὲ
3285 480 3347 533 τὸ
3376 478 3687 550 σύμπαν,οὐ
3716 477 4030 537 διαλύεται,

786 570 1061 633 maceria;
1095 569 1425 639 quandoque
1464 569 1690 623 omnino
1721 585 1832 623 non
1866 569 2203 624 dissolvitur.
2251 570 2358 625 Ne—
2392 619 2399 624 .

786 676 896 727 que
927 661 1042 729 pari
1066 676 1165 730 per
1192 660 1376 714 omnia
1404 660 1459 715 in
1485 660 1572 715 his
1595 676 1755 729 passu
1791 660 2043 729 procedit
2088 660 2358 714 orationis

790 752 1101 822 negotium;
1126 751 1221 807 sed
1243 760 1327 806 est
1350 752 1572 822 quando
1624 751 1860 821 amplius
1884 750 2205 806 accenditur
2236 765 2359 820 gra-

793 844 889 907 tia,
911 852 968 897 et
988 844 1322 907 consolatur,
1352 852 1408 897 et
1436 842 1681 912 quietem
1714 842 1961 911 praebet;
2014 849 2103 895 est
2144 854 2355 904 rursus,

793 934 1015 1003 quando
1048 934 1299 988 hebetior
1321 943 1378 987 et
1411 933 1695 989 remissior
1713 933 1793 999 fit,
1825 940 1991 1002 prout
2021 933 2138 1001 ipsa
2161 932 2356 1001 gratia,
2381 996 2384 999 ,

790 1025 1201 1081 accommodate
1222 1024 1289 1077 ad
1311 1023 1484 1094 ipsius
1508 1024 1798 1079 utilitatem
1826 1022 2065 1077 hominis
2090 1021 2357 1076 benevole

791 1117 1112 1184 providens,
1144 1114 1297 1167 varie
1331 1115 1629 1184 dispensat.
1675 1114 1958 1183 Ingressus
2008 1121 2190 1166 tamen
2239 1125 2360 1164 sum

794 1210 963 1263 certis
999 1211 1293 1265 momentis
1319 1210 1374 1264 in
1414 1208 1712 1277 perfectam
1743 1222 2088 1271 mensuram;
2140 1215 2359 1275 gustum

790 1299 1012 1367 percepi
1059 1311 1115 1355 et
1163 1298 1566 1368 experientiam
1620 1298 1787 1351 habui
1838 1297 1983 1350 beati
2042 1295 2191 1348 illius
2234 1293 2358 1347 aevi.

792 1388 1047 1444 Nondum
1080 1399 1264 1445 autem
1292 1404 1621 1459 quemquam
1645 1389 1753 1442 vidi
1784 1386 2160 1443 Christianum
2185 1383 2365 1454 perfe-

789 1488 962 1545 ctum,
994 1488 1090 1534 aut
1117 1481 1265 1534 omni
1303 1495 1370 1533 ex
1402 1487 1576 1548 parte,
1620 1478 1678 1531 in
1729 1485 1948 1545 tempus
1987 1488 2171 1536 omne,
2225 1472 2366 1526 libe-

793 1587 936 1625 rum.
966 1570 1073 1625 Sed
1102 1569 1405 1639 requiescit
1442 1568 1641 1636 aliquis
1673 1566 1732 1621 in
1761 1567 1960 1637 gratia,
1995 1573 2053 1619 et
2080 1562 2367 1634 mysterio-

800 1677 920 1714 rum
964 1676 1028 1715 ac
1056 1660 1450 1715 revelationum
1484 1659 1543 1713 fit
1573 1659 1884 1728 particeps;
1927 1666 1983 1711 et
2036 1657 2093 1710 in
2139 1654 2365 1708 multam

795 1752 1146 1807 dulcedinem
1175 1751 1364 1820 gratia:
1388 1751 1586 1815 intrat;
1624 1759 1681 1803 et
1700 1758 1982 1818 peccatum
2006 1761 2201 1800 rursus
2223 1743 2369 1798 nihi-

2460 573 2581 625 οὐδὲ
2621 573 2912 633 διαπαντὸς
2954 571 3148 640 ἐπίσης
3193 571 3261 624 τὰ
3292 571 3514 623 τοιαῦτα
3539 571 3637 639 τῆς
3662 568 3826 637 εὐχῆς
3851 582 3869 597 ⁸
3899 568 4039 621 ἀλὶὰ

2460 658 2575 711 ἔστι
2600 659 2700 727 μὲν
2725 660 2813 712 ὅτε
2839 660 2998 712 πλέον
3022 661 3055 729 ἡ
3082 661 3238 728 χάρις
3262 660 3579 722 ἁνάπτεται,
3599 658 3696 710 καὶ
3721 657 4040 726 παρακαλεῖ

2459 749 2886 815 καὶδιαναπαύει
2905 766 2919 779 ·
2952 752 3065 802 ἐστι
3086 750 3142 802 δὲ
3170 751 3255 802 ὅτε
3289 749 3617 817 στυγνοτέρα
3639 748 3736 801 καὶ
3765 748 4042 816 ὑφειμένη

2460 841 2687 910 γίνεται,
2724 841 2903 906 καθὼς
2941 842 3078 911 αὐτη
3122 843 3155 911 ἡ
3188 842 3345 910 χάρις
3386 840 3522 910 πρὸς
3553 839 3617 891 τὸ
3645 839 3927 907 συμφέρον
3963 836 4042 904 τῷ

2460 933 2729 1003 ἀνθρώπῳ
2777 934 3069 1002 οἰκονομεῖ.
3117 933 3306 1001 Ὅμως
3351 930 3599 1000 εἰσῆλθον
3627 932 3705 994 εἰς
3738 930 3801 981 τὸ
3827 928 4043 981 τέλειον

2464 1022 2662 1092 μέτρον
2710 1020 2766 1074 έν
2815 1037 2925 1073 τισι
2964 1022 3199 1089 καιροῖς,
3226 1018 3319 1072 καὶ⁵
3361 1018 3671 1086 ἐγευσάμην
3710 1017 3803 1070 καὶ
3840 1018 4044 1083 πεῖραν

2462 1110 2619 1180 ἔσχον
2668 1112 2874 1165 ἑκείνου
2932 1109 3027 1163 τοῦ
3084 1110 3301 1174 αίῶνος.
3344 1108 3512 1164 Οὐπω
3556 1108 3611 1161 δὲ
3666 1108 3858 1161 οὐδένα
3898 1100 4044 1158 εἶδον

2463 1202 2786 1272 Χριστιανὸν
2835 1202 3038 1255 τέλειον
3082 1201 3115 1270 ἢ
3155 1200 3407 1265 καθάπαξ
3436 1198 3746 1268 ἐλεύθερον·
3777 1198 3920 1251 ἀλλὰ
3950 1198 4047 1249 καὶ

2464 1292 2852 1345 διαναπαύεταί
2900 1309 2983 1354 τις
3022 1294 3080 1344 έν
3127 1293 3193 1359 τῇ
3226 1291 3431 1359 χάριτι,
3463 1291 3557 1342 καὶ
3598 1289 3919 1359 μυστηρίων
3949 1287 4047 1339 καὶ

2464 1380 2857 1449 ἀποκαλύψεων
2911 1381 3163 1443 κοινωνὸς
3218 1379 3449 1447 γίνεται,
3507 1380 3600 1433 καὶ⁵
3648 1381 3729 1443 είς
3791 1377 4047 1448 ἡδύτητα

2467 1472 2663 1541 πολλὴν
2712 1474 2811 1542 τῆς
2862 1474 3083 1542 χάριτος
3135 1476 3364 1526 εῐσεισι·
3397 1471 3492 1525 καὶ
3526 1472 3558 1539 ἡ
3596 1470 3843 1541 ἁμαρτία
3878 1471 4047 1524 πάλιν

2466 1563 2615 1631 αὐτῷ
2643 1563 2907 1619 σύνεστιν.
2935 1564 2998 1615 0i
3023 1563 3080 1615 δὲ
3102 1564 3332 1617 τοιοῦτοι
3354 1563 3441 1617 διὰ
3468 1564 3567 1631 τὴν
3594 1561 4047 1629 ὐπερὸάλλουσαν

2468 1654 2649 1725 χάριν,
2717 1656 2811 1708 καὶ
2867 1655 2927 1707 τὸ
2993 1654 3265 1725 ἑλλάμπον
3330 1656 3512 1717 αὐτοῖς
3574 1654 3712 1722 φῶς,
3772 1655 3917 1705 κατά
3980 1669 4046 1721 γε

2468 1744 2719 1815 ἀπειρίαν
2745 1744 2908 1814 φημὶ,
2936 1744 3127 1796 τέλειοί
3151 1761 3212 1796 τε
3234 1743 3329 1795 καὶ
3351 1742 3621 1811 ἐλεύθεροι
3647 1741 3831 1804 ἔδοξαν
3860 1736 4008 1799 εἶναι
4029 1757 4046 1773 ·

791 1841 1033 1894 lominus
1064 1842 1205 1893 inest
1230 1839 1355 1908 ipsi.
1387 1839 1549 1894 Tales
1589 1853 1755 1907 porro
1792 1846 2019 1906 propter
2062 1835 2370 1889 exuberan-
2400 1829 2443 1884 B

2366 1829 2581 1901 ιΒὲγὼ
2631 1834 2711 1898 δὲ,
2759 1834 2835 1897 ὡς
2887 1835 3123 1903 εἴρηται,
3177 1832 3329 1887 οὐπω
3379 1832 3565 1884 οὐδένα
3608 1825 3745 1883 εἶδον
3795 1829 4046 1899 ἀκριϐῶς

791 1940 902 1985 tem
938 1930 1168 2000 gratiam
1192 1940 1247 1983 et
1278 1930 1464 1982 lumen
1498 1928 1646 1997 ipsos
1674 1928 1975 1990 illustratus,
2008 1940 2107 1994 per
2148 1924 2363 1993 impru-

791 2021 1036 2074 dentiam
1060 2019 1205 2085 dico,
1246 2019 1479 2089 perfecti
1508 2034 1631 2073 esse
1654 2027 1711 2072 et
1744 2018 1906 2073 liberi
1935 2016 2195 2070 videntur
2222 2014 2360 2080 sibi;

792 2126 895 2178 ego
916 2126 1047 2164 vero
1081 2110 1351 2172 nondum,
1392 2110 1472 2163 uti
1517 2109 1650 2172 dixi,
1703 2110 1818 2163 vidi
1870 2110 2041 2163 ullum
2080 2108 2358 2161 hominem

793 2198 1035 2267 perfecte
1063 2199 1329 2264 liberum;
1362 2214 1488 2253 nam
1534 2207 1589 2253 et
1616 2198 1850 2267 quadam
1889 2216 1955 2253 ex
2012 2206 2168 2268 parte
2221 2196 2357 2250 mihi

2470 1924 2787 1995 ἐλεύθερον·
2840 1922 3027 1993 ἐπειδὴ
3081 1923 3250 1993 κάμοὶ
3290 1922 3529 1992 μερικῶς
3560 1923 3770 1991 καιροῖς
3813 1921 3873 1972 έν
3900 1937 4049 1975 τισιν

2468 2012 2747 2079 ἐξεγένετο
2773 2011 2853 2073 είς
2880 2012 3055 2063 ἐκεῖνο
3081 2008 3142 2063 τὸ
3178 2010 3377 2079 μέτρον
3406 2004 3441 2084 ᾖ
3471 2010 3720 2062 λέλεκται
3752 2008 4044 2071 εἰσελθεῖν,

2468 2104 2562 2155 καὶ
2600 2099 2716 2155 οἶδα
2758 2099 3089 2171 καταμαθὼν
3133 2101 3316 2163 ὁποῖός
3342 2118 3423 2163 τις
3460 2102 3487 2153 ό
3514 2100 3717 2161 τέλειος
3752 2098 4046 2169 ἄνθρωπός

2465 2196 2630 2246 ἐστιν.

799 2289 1063 2358 contigit,
1124 2289 1415 2343 momentis
1479 2287 1831 2357 quibusdam,
1870 2288 1926 2341 in
1992 2289 2171 2353 illam,
2232 2292 2507 2354 quatenus
2572 2285 2781 2339 dictum
2840 2290 2971 2349 est,
3026 2297 3345 2338 mensuram
3420 2281 3661 2352 ingredi.
3742 2281 3813 2336 Et
3883 2279 4043 2345 novi,

792 2380 1025 2432 edoctus
1058 2379 1472 2448 experimentis,
1498 2379 1677 2446 qualis
1702 2378 1921 2433 demum
1960 2380 2032 2433 sit
2082 2379 2357 2449 perfectus
2388 2380 2573 2433 homo.

864 2471 1005 2525 Xlll.
1038 2471 1174 2527 Cum
1210 2472 1403 2526 audire
1436 2473 1535 2526 tibi
1565 2472 1865 2541 contigerit
1896 2473 1964 2527 de
1987 2474 2361 2527 communica-

795 2568 949 2621 tione
971 2569 1158 2637 sponsi
1198 2584 1321 2623 cum
1351 2584 1572 2636 sponsa,
1614 2568 1683 2622 de
1735 2568 1941 2631 choris,
1997 2568 2065 2622 de
2119 2580 2280 2621 cantu
2309 2576 2366 2622 et

795 2659 975 2722 festis,
1003 2659 1139 2713 nihil
1166 2660 1444 2713 materiale
1461 2667 1556 2714 aut
1575 2667 1853 2713 terrenum
1893 2658 2243 2728 cogitaveris.
2263 2658 2363 2710 Et-

794 2742 948 2795 enim
980 2742 1034 2796 in
1060 2743 1367 2811 exemplum
1401 2742 1668 2797 duntaxat
1716 2758 1814 2811 per
1838 2742 2364 2796 condescensionem

796 2835 957 2901 202
997 2834 1112 2889 hmo
1139 2843 1517 2888 assumuntur.
1547 2833 1815 2897 Quoniam
1849 2833 1939 2886 illa
1973 2848 2093 2901 quae
2113 2833 2200 2885 his
2218 2831 2364 2887 desi-

794 2934 1058 2993 gnantur,
1091 2924 1404 2993 spiritualia
1461 2931 1518 2976 et
1562 2922 1740 2978 oculis
1783 2923 2002 2977 carneis
2045 2923 2363 2991 incontigua

796 3022 945 3068 sunt.
987 3015 1199 3069 Anima:
1223 3029 1355 3069 vero
1379 3023 1583 3071 sancta:
1605 3029 1669 3067 ac
1705 3011 1853 3066 fideli
1873 3013 1977 3066 sub
2003 3013 2363 3080 comprehen-

795 3106 1007 3159 sionem
1040 3107 1271 3159 veniunt
1299 3119 1357 3161 et
1389 3108 1504 3175 ipsa
1524 3104 1950 3160 communicatio
1979 3104 2155 3158 sancti
2190 3104 2365 3173 Spiri—
2391 3084 2435 3143 (ἶ

795 3204 905 3258 tus,
949 3203 1006 3248 et
1036 3196 1451 3264 supercaelestes
1472 3197 1737 3260 thesauri,
1782 3197 1938 3251 ebori
1968 3212 2034 3251 ac
2068 3198 2209 3251 festa
2240 3213 2367 3251 san-

794 3295 1010 3339 ctorum
1041 3286 1383 3354 angelorum.
1420 3287 1565 3352 Quin
1587 3288 1676 3340 isti
1702 3296 1912 3341 tantum
1945 3288 2154 3341 homini
2188 3288 2365 3342 mani-

794 3374 932 3429 festa
972 3374 1131 3439 ﬁunt,
1154 3376 1249 3443 qui
1278 3378 1718 3445 experimentum
1746 3393 1937 3432 eorum
1976 3379 2212 3447 ceperit;
2254 3393 2367 3431 non

795 3465 1143 3519 introductus
1160 3474 1342 3519 autem
1366 3468 1419 3520 in
1449 3468 1563 3522 hac
1598 3468 1896 3537 adyta,nec
1921 3470 2365 3536 qualemcunque

796 3556 987 3607 talium
1019 3556 1255 3610 formare
1285 3557 1465 3611 ideam
1495 3568 1701 3627 potest.
1735 3560 2077 3613 Reverenter
2107 3559 2273 3627 igitur
2297 3558 2366 3613 de

798 3642 1113 3712 hujusmodi
1150 3644 1317 3698 rebus
1352 3646 1502 3709 audi,
1549 3646 1731 3715 quoad
1770 3648 1867 3699 tibi
1914 3648 2197 3716 contingat
2241 3661 2365 3701 ere-

795 3735 975 3797 denti,
1010 3744 1071 3789 ut
1106 3734 1301 3803 dignus
1324 3735 1585 3792 habearis
1611 3738 1874 3792 fruitione
1906 3748 2123 3792 tuarum
2157 3753 2362 3791 rerum.

797 3824 863 3877 Et
910 3832 1042 3877 tunc
1080 3825 1221 3878 scies
1259 3824 1377 3893 ipsa
1429 3827 1775 3895 experientia
1806 3828 2095 3880 oculorum
2145 3828 2364 3893 animae,

793 3914 1039 3982 qualium
1123 3915 1397 3969 bonorum
1479 3918 1674 3971 anima:
1740 3917 2186 3973 Christianorum
2244 3918 2365 3973 fieri

793 4013 1077 4073 compotes
1098 4007 1466 4073 queant.Nam
1488 4009 1541 4060 in
1569 4009 1973 4063 resurrectione
1996 4010 2212 4078 corpori
2230 4025 2367 4078 quo-

801 4110 912 4164 que
939 4096 1223 4165 continget
1248 4096 1445 4150 horum
1476 4113 1598 4152 esse
1624 4099 1903 4167 participi,
1936 4099 2231 4169 Videreque
2272 4100 2365 4155 illa

794 4195 854 4239 et
892 4185 1296 4253 quodammodo
1325 4186 1571 4255 palpare,
1607 4187 1825 4256 quando
1860 4187 2040 4256 ipsum
2071 4188 2364 4258 spirituale

793 4277 999 4330 factum
1020 4276 1207 4329 fuerit.

2535 2469 2633 2522 11".
2671 2466 2919 2519 Ἐπειδὰν
2958 2463 3184 2518 ἀκοῦσαί
3224 2480 3305 2516 σοι
3344 2461 3551 2531 γένοιτο
3591 2460 3721 2530 περὶ
3752 2458 4044 2521 κοινωνίας

2465 2559 2697 2628 νυμφίου
2735 2557 2827 2609 καὶ
2860 2554 3096 2625 νύμφης,
3123 2555 3217 2607 καὶ
3249 2553 3444 2623 χορῶν,
3485 2554 3579 2605 κα)⁸
3615 2552 3837 2621 ἑορτῶν,
3869 2553 4043 2623 μηδὲν

2466 2649 2648 2702 ὑλικὸν
2693 2648 2828 2716 μηδὲ
2866 2648 3156 2717 πρόσγειον
3185 2644 3455 2713 ἐννόησον.
3487 2644 3599 2697 Καὶ
3628 2642 3736 2711 γὰρ
3774 2646 3853 2706 είς
3901 2642 4038 2695 ὐπό-

2464 2741 2660 2809 δειγμα
2692 2740 2849 2808 μόνον
2890 2735 3374 2804 συγκαταϐατικῶς
3404 2735 3575 2788 ταῦτα
3608 2735 4040 2805 παραλαμσάνε-

2466 2848 2576 2883 ται.
2632 2831 2779 2883 Ἐπεὶ
2813 2832 2991 2882 ἐκεῖνα
3035 2828 3249 2900 ἁρῤητά
3289 2828 3349 2879 τέ
3386 2829 3502 2880 ἐστι
3540 2827 3633 2880 καὶ
3663 2827 4036 2896 πνευματικά.

2468 2921 2563 2971 καὶ
2616 2919 2909 2987 ὀφθαλμοῖς
2958 2920 3070 2980 τοῖς
3125 2920 3404 2987 σαρκικοῖς
3452 2916 3737 2985 άψαυστα·
3786 2916 3937 2986 ψυχῇ
3981 2916 4038 2969 δὲ

2470 3010 2600 3081 ἁγίᾳ
2644 3010 2738 3063 καὶ
2777 3013 2939 3079 πιστῇ
2977 3010 3111 3079 πρὸς
3138 3008 3441 3077 κατάληψιν
3474 3008 3714 3077 ἔρχεται,
3738 3006 3878 3076 αὐτη
3909 3024 3971 3059 τε
4001 3009 4036 3077 ἡ

2466 3101 2717 3154 κοινωνία
2742 3100 2837 3153 τοῦ
2863 3100 3018 3167 ἁγίου
3042 3099 3374 3168 Πνεύματος,
3408 3098 3500 3151 καὶ
3521 3099 3570 3150 οἱ
3594 3099 3907 3167 ἐπουράνιοι
3938 3100 4037 3167 θη-

2467 3192 2678 3260 σαυροὶ,
2725 3190 2776 3243 oi
2818 3190 2965 3260 χοροί
2996 3208 3054 3243 τε
3098 3190 3190 3243 καὶ
3228 3192 3413 3259 ἑορταὶ
3450 3189 3558 3241 τῶν
3592 3190 3761 3257 ἁγίων
3784 3189 4038 3256 ἀγγέλων

2465 3281 2543 3349 τῷ
2571 3281 2735 3352 πείρᾳ
2766 3281 2983 3335 λαϐόντι
3019 3281 3165 3351 μόνῳ
3194 3280 3475 3349 καταφανῆ
3504 3280 3763 3347 γίνονται,
3804 3281 4039 3349 ἀμυήτῳ

2465 3373 2521 3425 δὲ
2552 3373 2674 3425 οὐδὲ
2700 3373 2947 3441 ἐννοῆσαι
2976 3373 3197 3425 δυνατὸν
3242 3373 3303 3423 τὸ
3342 3374 3621 3441 παράπαν.
3652 3370 3914 3434 Εὐλασῶς
3945 3367 4039 3424 οὖν

2467 3464 2594 3532 περῖ⁵
2631 3462 2809 3515 αὐτῶν
2878 3464 3065 3529 ἄκουε,
3137 3465 3328 3533 μέχρις
3396 3464 3463 3517 ἂν
3528 3467 3621 3517 κα)⁸
3682 3465 3764 3517 σοὶ
3824 3465 4040 3530 γένοιτο

2466 3553 2772 3606 πιστεύοντι
2819 3554 3219 3623 καταξιωθῆναι
3261 3554 3369 3607 τῶν
3397 3555 3654 3607 τοιούτων
3690 3557 3910 3623 τυχεῖν·
3945 3557 4038 3608 καὶ

2464 3645 2585 3696 τότε
2616 3645 2734 3715 εἴσῃ
2766 3644 2902 3715 αὐτῇ
2934 3647 3100 3714 πείρᾳ.
3137 3646 3245 3698 τῶν
3271 3645 3562 3715 ὀφθαλμῶν
3585 3648 3680 3716 τῆς
3709 3646 3887 3716 ψυχῆς
3910 3648 4040 3700 οἴων

2464 3733 2685 3801 ἀγαθῶν
2725 3734 2891 3804 ψυχαί
2940 3752 2998 3787 τε
3041 3736 3382 3805 Χριστιανῶν
3426 3736 3699 3790 κάνταῦθα
3753 3741 4037 3791 κοινωνεῖν

2464 3826 2737 3880 δύνανται.
2785 3828 2871 3880 Ἐν
2919 3828 3027 3895 γὰρ
3074 3831 3140 3898 τῇ
3183 3829 3472 3882 ἀναστάσει
3518 3830 3610 3883 καὶ
3651 3831 3799 3900 αὐτῷ
3832 3830 3912 3899 τῷ
3943 3830 4037 3883 σώ-

2468 3936 2597 3988 ματι
2643 3918 2752 3973 τῶν
2807 3919 3058 3972 τοιούτων
3110 3919 3375 3989 παρέσται
3430 3924 3636 3991 τυχεῖν,
3704 3921 3922 3990 βλέπειν
3976 3938 4033 3973 τε

2464 4015 2605 4066 αύτά
2656 4014 2752 4068 καὶ
2804 4015 2967 4069 οἱονεὶ
3016 4016 3256 4086 κρατεῖν,
3281 4016 3481 4071 ὁπόταν
3520 4017 3616 4069 καὶ
3652 4016 3782 4069 αὐτὸ
3813 4016 4034 4087 γένηται

2466 4120 2601 4159 πνευ
2609 4123 2704 4176 μα.

864 4366 1001 4420 XIV.
1050 4367 1278 4436 Propria
1332 4369 1529 4423 animae
1584 4380 1786 4424 nostra:
1836 4371 2054 4437 decora,
2109 4379 2167 4426 et
2229 4371 2357 4426 boni
2393 4404 2436 4457 ο
2535 4382 2544 4433 1

2351 4371 2357 4426 ἱ
2393 4404 2436 4457 D
2535 4382 2631 4433 lA’.
2656 4379 2736 4431 Τά
2774 4379 2880 4433 τδια
2911 4380 3010 4448 τῆς
3051 4379 3230 4449 ψυχῆς
3258 4378 3565 4449 κάλλη,κα“ι
3593 4380 3641 4431 οι
3665 4377 3860 4446 ἀγαθοὶ
3900 4396 4031 4448 καρ-

794 4456 1034 4522 fructus,
1094 4458 1357 4513 videlicet
1415 4460 1609 4525 oratio,
1667 4460 1927 4524 cbaritas,
1999 4461 2245 4532 fidesque
2303 4472 2361 4517 et

795 4548 985 4617 vigilia
1049 4558 1108 4603 et
1182 4550 1473 4619 jejunium,
1532 4561 1588 4605 et
1660 4554 1767 4607 alia
1829 4553 2103 4607 virtutum
2158 4552 2358 4619 ollicia,

792 4640 889 4692 ubi
924 4640 1081 4694 mista
1121 4656 1219 4709 per
1258 4642 1736 4710 participationem
1788 4644 1955 4699 fuerit
1987 4646 2361 4700 communioni

793 4729 1053 4799 Spiritus,
1083 4739 1212 4785 tunc
1239 4740 1295 4785 et
1342 4733 1482 4801 ipsa,
1525 4736 1676 4789 velut
1708 4735 2005 4805 thymiama
2050 4736 2359 4805 conjectum

794 4817 850 4870 in
879 4817 1081 4886 ignem,
1134 4819 1448 4886 opulentam
1503 4824 1763 4877 emittunt
1800 4823 2157 4891 fragrantiam
2195 4843 2210 4877 :
2263 4825 2357 4880 sed

790 4916 847 4961 et
914 4908 1074 4961 nobis
1124 4908 1375 4964 redditur
1438 4911 1598 4966 facile
1656 4914 1973 4967 conversari
2020 4928 2262 4985 congrue
2291 4916 2359 4969 ad

796 4998 1138 5053 voluntatem
1166 5001 1302 5066 Dei;
1355 5012 1546 5072 utpote
1585 5020 1710 5057 cum
1745 5005 1864 5059 sine
1894 5006 2106 5075 Spiritu
2144 5018 2358 5071 sancto,

790 5092 1254 5159 quemadmodum
1320 5098 1431 5165 jam
1496 5106 1657 5152 antea
1729 5099 1940 5155 dictum
2024 5110 2132 5166 est,
2199 5117 2363 5156 nemo

795 5184 969 5249 possit
1008 5184 1315 5253 intelligere
1366 5186 1461 5240 Dei
1518 5189 1878 5244 voluntatem.
1936 5191 2006 5246 Ut
2052 5192 2199 5245 enim
2240 5208 2362 5261 qua:

794 5273 915 5325 viro
955 5274 1116 5326 nubit
1154 5276 1372 5341 mulier,
1408 5277 1560 5345 prius
1590 5280 1812 5347 quidem
1842 5296 2005 5349 quam
2038 5282 2090 5336 ei
2125 5284 2360 5353 conjun-

792 5372 970 5432 gatur.
1002 5365 1224 5433 proprio
1253 5366 1390 5421 vivit
1416 5369 1668 5433 arbitrio,
1696 5380 1751 5426 et
1790 5381 1952 5441 prout
2000 5373 2103 5441 ipsi
2144 5374 2362 5428 libitum

794 5465 877 5508 est
906 5456 975 5507 de
1004 5471 1061 5508 se
1106 5458 1377 5523 consulit;
1426 5460 1589 5513 simul
1634 5472 1815 5516 autem
1861 5464 1964 5516 sub
2019 5465 2202 5518 mariti
2236 5481 2368 5519 con-

796 5546 1011 5598 venerit
1043 5562 1288 5610 manum,
1330 5549 1432 5602 sub
1455 5566 1522 5604 eo
1564 5566 1749 5606 rerum
1771 5548 2029 5607 omnium
2049 5555 2357 5609 actionum-

794 5650 903 5703 que
926 5652 1149 5690 suarum
1187 5638 1534 5694 moderatore
1564 5643 1720 5709 vivit,
1755 5660 1812 5699 se
1854 5646 2126 5714 respicere
2180 5646 2355 5714 ipsam

794 5741 861 5781 ex
891 5741 958 5782 eo
988 5726 1278 5794 desinens;
1329 5731 1443 5801 pari
1484 5733 1646 5789 modo
1676 5744 1730 5790 et
1777 5736 1956 5790 anima
2006 5736 2159 5805 prius
2191 5737 2354 5792 habet

2458 4472 2573 4536 ποὶ,
2604 4472 2721 4540 ἦτοι
2749 4469 2903 4539 εὐχὴ,
2938 4470 3148 4541 ἀγάπη,
3184 4471 3365 4531 πίστις
3395 4487 3453 4522 τε
3500 4470 3595 4522 καὶ
3628 4470 3907 4538 ἀγρυπνία
3945 4470 4032 4522 καὶ

2459 4563 2715 4631 νηστεία,
2774 4561 2870 4613 καὶ
2932 4561 3099 4614 τᾶλλα
3162 4561 3269 4613 τῶν
3337 4560 3547 4630 ἀρετῶν
3606 4559 4027 4629 ἐπιτηδεύματα,

2460 4652 2675 4704 ἐπειδὰν
2719 4651 2927 4720 μιγείη,
2965 4652 3057 4704 καὶ
3103 4652 3420 4721 κοινωνήσοι
3465 4652 3564 4719 τῆς
3600 4642 3694 4702 τού
3722 4649 4031 4718 Πνεύματος

2460 4742 2760 4803 κοινωνίας,
2801 4742 2921 4794 τότε
2965 4741 3056 4793 καὶ
3100 4741 3239 4793 αὐτὰ
3279 4739 3578 4808 καθαπερεὶ
3613 4740 3862 4808 θυμίαμα
3900 4740 4030 4807 πυρὶ

2460 4832 2674 4902 βληθὲν,
2708 4831 2969 4884 πλουσίαν
3016 4831 3305 4883 ἀποδίδωσι
3334 4832 3434 4900 τὴν
3463 4830 3690 4882 εὐωδίαν
3717 4847 3731 4862 ο
3763 4830 3897 4883 ἀλλὰ
3943 4831 4030 4883 καὶ

2458 4925 2589 4993 ἡμῖν
2640 4922 2846 4989 γίνεται
2896 4922 3076 4989 ῥᾴδιον
3123 4921 3430 4983 ἀκολούθως
3467 4922 3545 4990 τῷ
3574 4921 3841 4990 θελήματι
3884 4920 4030 4973 πολι-

2457 5012 2709 5067 τεύεσθαι
2761 5011 2854 5064 τοῦ
2902 5010 3058 5064 Θεοῦ.
3107 5011 3194 5073 Ὠς
3223 5011 3348 5063 ἄνευ
3377 5011 3693 5080 Πνεύματος
3728 5010 3820 5063 τοῦ
3852 5011 4027 5078 ἁγίου,

2458 5103 2708 5172 καθάπερ
2752 5102 2851 5172 ἤδη
2902 5102 3166 5172 πρότερον
3197 5102 3434 5172 εἴρηται,
3469 5102 3659 5171 μηδενὶ
3706 5102 3932 5155 δυνατὸν
3974 5101 4029 5153 ὃν

2460 5196 2697 5249 συνιέναι
2745 5195 2807 5249 τὸ
2854 5194 2950 5248 τοῦ
3003 5194 3138 5247 Θεοῦ
3190 5195 3421 5264 θέλημα.
3463 5195 3677 5265 Ὠσπερ
3725 5192 3835 5263 γὰρ
3877 5193 4030 5260 ἀνδρὶ

2462 5287 2596 5357 πρὸς
2623 5286 2799 5356 γάμον
2828 5285 3060 5339 συνοῦσα
3091 5285 3254 5355 γυνὴ,
3285 5286 3549 5355 πρότερον
3582 5285 3733 5355 μὲνῆ
3759 5283 4027 5352 συναιρθῆ-

2461 5398 2568 5442 ναι,
2591 5379 2783 5451 γνώμῃ
2811 5382 2877 5448 τῇ
2905 5378 3013 5449 ίδίᾳ
3043 5382 3263 5448 στοιχεῖ,
3294 5378 3387 5431 καὶ
3412 5378 3674 5447 θελήματι
3696 5377 3807 5437 τοῖς
3830 5376 4027 5443 ἑαυτῆς

2463 5470 2749 5539 κέχρηται,
2780 5467 2999 5521 ἐπειδάν
3050 5467 3108 5519 δὲ
3157 5469 3383 5538 συνέλθῃ
3429 5467 3551 5520 καθ’
3597 5467 3676 5531 ἒν,
3713 5466 3803 5519 ὐπ’
3839 5466 4028 5533 ἐκείνῳ

2466 5560 2692 5629 ἡγεμόνι
2728 5559 2789 5611 τὸ
2816 5558 3031 5611 σύνολον
3064 5558 3154 5628 ζῇ,
3188 5558 3282 5611 τοῦ
3314 5558 3448 5628 πρὸς
3474 5557 3669 5628 ἑαυτὴν
3694 5558 3846 5627 ὁρᾷν,
3877 5557 4027 5621 ἀφει-

2468 5647 2602 5717 μένη
2624 5663 2637 5677 ·
2669 5647 2759 5699 τὸν
2789 5647 2951 5701 αὐτὸν
2980 5646 3045 5715 δὴ
3070 5646 3268 5715 τρόπον
3300 5648 3392 5699 καὶ
3416 5646 3562 5716 ψυχὴ
3605 5646 3716 5715 ἔχει
3760 5644 3861 5712 μὲν
3901 5644 4024 5696 ἴδιόν

2462 5755 2511 5791 τι
2541 5738 2773 5807 θέλημα,
2802 5738 2896 5791 καὶ
2926 5738 3087 5800 ἰδίους
3116 5737 3332 5805 νόμους,
3358 5737 3452 5791 καὶ
3485 5737 3618 5807 ἔργα
3641 5737 3745 5790 [δια
3768 5750 3780 5764 ⁶
3810 5733 4023 5789 ἐπειδὰν
