4254 6358
246 386 345 453 σει

1457 374 1686 437 LIBER
1722 370 1821 434 DE
1857 369 2309 434 CHARITATE.

3387 369 3492 433 922

247 506 304 558 δὲ
354 502 585 572 γένηται
616 498 753 564 ἀξία
800 496 881 569 τῷ
925 494 1229 565 έπουρανίῳ
1261 488 1417 562 ἀνδρὶ
1450 487 1669 560 Χριστῷ
1709 503 1832 541 συν·
1860 488 1905 544 Δ

1811 487 2270 544 -Avoluutatem
2318 485 2611 555 quamdam
2679 485 2982 556 propriam,
3046 486 3196 557 leges
3250 501 3491 553 ususque

246 594 444 658 ελθεῖν,
473 591 838 647 ὑποτάσσεται
870 587 948 657 τῷ
969 588 1122 656 τόμῳ
1148 584 1243 638 τοῦ
1270 582 1483 651 ἀνδρὸς,
1507 580 1607 633 οὑκ
1634 580 1717 632 ἔτι
1743 576 1823 645 τῷ

242 686 453 755 ταύτης
488 682 779 755 θελήματι,
814 678 951 734 ἀλλά
980 676 1060 749 τῷ
1084 675 1287 746 ταύτης
1311 671 1543 744 νυμφίου
1579 670 1820 740 ἑπομένη

243 776 510 849 Χριστοῦ.

318 956 423 1012 ιε’.
450 956 526 1010 Th
552 950 648 1009 τοῦ
674 952 856 1023 γάμου
898 948 1103 1019 ινδυμα
1127 946 1226 1017 τὴν
1251 944 1346 1001 τοῦ
1384 943 1539 1013 ἁγίου
1565 941 1823 1013 Πνεὺμα-

244 1064 341 1111 τος
383 1044 542 1115 χάριν
590 1041 761 1110 ἡγοῦο
806 1040 905 1110 τὴν
942 1039 971 1091 ό
1010 1037 1087 1107 μὴ
1143 1034 1354 1090 ινδὺναι
1384 1031 1623 1102 γεγονὼς
1652 1030 1825 1096 άξιος,

247 1136 348 1192 τοῦ
372 1132 700 1206 ἐπουρανίου
726 1131 908 1201 γάμου
962 1130 1055 1183 καὶ
1079 1127 1174 1182 τοῦ
1208 1126 1423 1181 δείπνου
1457 1123 1552 1179 τοῦ
1582 1138 1827 1192 πνευμα-

249 1226 407 1283 τικοῦ
427 1225 682 1288 κοινωνὸς
698 1222 814 1276 οοὺκ
836 1221 1011 1275 εσται.
1058 1217 1253 1288 Θῶμεν
1280 1216 1515 1287 σπουδὴν
1542 1213 1635 1268 τοῦ
1666 1230 1829 1266 πνευ-

256 1316 491 1390 ματικοῦ
516 1316 610 1369 καὶ
637 1314 781 1367 θείου
806 1317 950 1366 πιεῖν
981 1310 1151 1373 οῐνου,
1178 1307 1274 1362 καὶ
1295 1306 1627 1377 μεθυσθῆναι
1659 1304 1830 1375 μέθην

252 1409 535 1480 νηφάλιονο
571 1404 636 1458 ἶν’
660 1403 848 1474 ῶσπερ
867 1404 917 1456 οί
940 1403 1089 1456 οῐνου
1124 1399 1395 1469 διακορεῖς
1418 1395 1721 1466 λαλίστεραι
1746 1393 1832 1462 γί-

252 1516 458 1564 νονται,
487 1496 630 1550 οὕτω
650 1495 747 1549 καὶ
777 1495 962 1565 ἡμεῖς,
984 1492 1079 1546 τοῦ
1107 1487 1477 1561 πνευματικοῦ
1499 1486 1690 1541 τούτου
1719 1484 1833 1538 διά-

252 1592 410 1645 πλεοι
440 1588 723 1657 γεγονότες
752 1587 917 1649 οἴνου,
961 1583 1275 1653 μυστηρίων
1313 1580 1473 1634 θείων
1509 1578 1832 1649 λαλήσωμεν

250 1683 569 1752 διηγήματα
586 1695 601 1710 ο
619 1678 729 1731 Καὶ
760 1678 826 1729 τὸ
850 1674 1137 1741 ποτήριόν
1161 1687 1278 1727 σου
1305 1671 1436 1743 γὰρ,
1464 1668 1599 1741 φησὶ
1644 1666 1830 1732 Δαδὶδ,

246 1772 562 1842 μεθύσκον
584 1783 682 1838 με,
712 1764 853 1819 ὡσεί
876 1768 1196 1833 κράτιστον
1221 1763 1242 1817 1

1921 578 2203 647 proprios,
2225 592 2391 647 opera
2412 577 2633 646 propria
2661 593 2673 630 :
2703 586 2989 646 postquam
3007 592 3138 629 vero
3161 577 3321 645 digna
3353 576 3492 631 facta

1919 669 2088 724 fuerit
2150 685 2273 739 qua:
2329 668 2705 739 supercmlesti
2749 668 2869 722 viro
2904 670 3225 740 iungeretur
3250 668 3493 724 Christo.

1922 758 2216 828 subjicitur
2248 757 2355 828 legi
2383 758 2512 822 viri,
2545 773 2650 813 non
2678 757 2913 828 amplius
2946 771 3124 821 suam,
3155 755 3251 810 sed
3303 755 3491 825 sponsi

1923 864 2161 919 sequens
2186 850 2546 904 voluntatem.

1992 941 2108 997 XV.
2158 941 2469 1011 Nuptialem
2521 949 2728 995 vestem
2791 939 3029 1010 Spiritus
3092 939 3319 1011 gratiam
3372 951 3496 991 esse

1924 1043 2078 1102 puta,
2106 1047 2270 1101 quam
2303 1032 2395 1103 qui
2422 1031 2653 1086 induere
2681 1029 2880 1099 dignus
2928 1047 3037 1086 non
3088 1030 3277 1097 fuerit,
3332 1027 3499 1083 cmlc-

1925 1124 2092 1179 stium
2132 1124 2446 1193 nuptiarum
2473 1122 2733 1193 epulique
2757 1121 3057 1191 spiritualis
3088 1121 3361 1192 particeps
3384 1134 3493 1172 non

1926 1214 2056 1269 erit.
2119 1214 2393 1269 Ponamus
2446 1213 2690 1268 studium
2742 1213 2798 1268 in
2864 1213 3139 1284 spirituali
3198 1220 3255 1267 et
3306 1211 3498 1266 divino

1929 1302 2173 1357 bibendo
2201 1303 2354 1364 vino,
2388 1309 2445 1356 et
2472 1301 2813 1356 inebriemur
2845 1301 3121 1356 ebrietate
3166 1299 3377 1362 sobria,
3415 1305 3497 1364 ut,

1932 1390 2401 1462 quemadmodum
2450 1391 2546 1461 qui
2584 1392 2713 1445 vino
2747 1391 2893 1461 pleni
2954 1400 3103 1456 sunt,
3155 1390 3500 1459 loquaciores

1932 1481 2092 1547 llunt,
2121 1485 2197 1538 ita
2217 1489 2274 1537 et
2299 1498 2423 1548 nos,
2449 1482 2727 1551 spirituali
2774 1482 2879 1537 hoc
2901 1482 3047 1551 large
3077 1481 3273 1534 hausto
3322 1494 3499 1545 mero,

1932 1571 2319 1642 mysteriorum
2373 1570 2691 1625 divinorum
2745 1572 3076 1640 eloquamur
3132 1568 3498 1623 narrationes.

1932 1663 2001 1718 Et
2027 1662 2167 1716 calix
2186 1671 2304 1716 tuus
2325 1662 2423 1733 (ait
2454 1661 2647 1732 David)
2667 1662 2931 1715 inebrians
2964 1678 3065 1724 me,
3088 1676 3248 1727 quam
3270 1660 3500 1731 pracla-

1933 1768 2022 1806 rus
2048 1760 2123 1806 est
2154 1753 2194 1782 “'
2226 1752 2239 1804 ι

325 1812 449 1930 ιξκ
473 1812 791 1929 Αὕτη-*ἔστὶν
816 1859 851 1927 ἡ
1209 1812 1486 1922 ίῘνεὺματι
1514 1847 1683 1921 ψυχὴ,
1704 1847 1827 1918 ἥτις
1864 1812 1905 1867 Β
2002 1844 2005 1895 ἶ

1821 1864 1827 1907 :
1864 1812 1905 1867 Β
2002 1843 2141 1899 XVI.
2181 1843 2303 1913 Ipsa
2332 1852 2416 1899 est
2449 1841 2541 1898 illa
2563 1857 2770 1912 pauper
2796 1840 3004 1911 Spiritu
3034 1840 3240 1906 anima,
3260 1854 3381 1909 quae
3410 1853 3501 1895 co-

254 1953 608 2023 ιπιγινῶσκει
655 1953 756 2021 μιν
802 1950 872 2003 τά
911 1947 1112 2015 ἑαυτῆς
1138 1945 1447 2016 τραύματα,
1476 1939 1826 2010 ἀπιγινῶσκει

254 2048 315 2101 δι
342 2047 406 2099 τδ
439 2044 694 2115 περιέχον
747 2039 918 2112 αὑτὴν
963 2038 1075 2092 τῶν
1117 2035 1305 2089 παθῶν
1336 2033 1545 2096 σκότος,
1596 2030 1692 2084 καὶ
1727 2028 1827 2099 τὴν

254 2138 371 2194 ἀπὸ
413 2136 620 2206 Κυρίου
655 2133 946 2192 διαπαντὸς
979 2127 1231 2195 έπιζητεῖ
1256 2123 1556 2192 λύτρωσινο
1598 2122 1633 2190 ἢ
1673 2118 1828 2188 φέρει

260 2226 363 2295 μὶν
400 2224 617 2286 πόνους,
659 2218 746 2274 ἀπ’
770 2216 949 2273 οὑδενὶ
978 2215 1035 2269 δὲ
1066 2214 1176 2267 τῶν
1208 2213 1300 2265 ἐπὶ
1323 2213 1424 2280 γῆς
1453 2206 1672 2277 ἀγαθῶν
1704 2206 1828 2276 χαί-

262 2333 348 2389 ρει
363 2332 377 2347 ·
404 2314 542 2369 ἀλλά
562 2312 639 2383 τῷ
658 2308 810 2378 καλῷ
833 2308 979 2378 μόνῳ
1004 2304 1192 2375 ίατρῷ,
1211 2303 1305 2358 καὶ
1327 2304 1393 2373 τῇ
1418 2298 1581 2355 αὑτοῦ
1604 2297 1829 2351 πέποιθε

260 2386 551 2477 θεραπείᾳ.
589 2403 713 2467 Πῶς
742 2395 837 2456 οὖν
876 2401 913 2471 ὴ
953 2393 1462 2467 τετραυματισμένη
1500 2389 1639 2461 αῦτη
1684 2386 1830 2458 ψυχὴ

259 2498 403 2568 καλὴ
460 2496 556 2550 καὶ
602 2493 958 2564 εὐπρόσωπος
1009 2487 1185 2548 ισται,
1212 2485 1307 2539 καὶ
1347 2482 1482 2553 πρὸς
1528 2478 1830 2550 συμδίωσιν

262 2566 580 2657 ἀρμδζουσα
618 2582 696 2655 τῷ
726 2579 978 2654 Χριστῷς
1014 2576 1131 2641 πῶς
1165 2576 1338 2638 ἄλλως
1376 2572 1411 2645 ἢ
1444 2570 1586 2625 κατά
1610 2568 1709 2641 τὴν
1736 2566 1833 2638 ἀρα

262 2681 428 2751 χαίαν
454 2678 622 2747 αὑτῆς
650 2675 848 2739 κτίσιν,
880 2672 976 2726 καὶ
1001 2670 1101 2740 τὴν
1127 2667 1275 2737 σαφῆ
1295 2664 1404 2719 τῶν
1431 2659 1834 2751 οίκείωνῌτραύ-

267 2747 456 2845 μάτων
490 2770 588 2823 καὶ
614 2768 714 2838 τῆς
745 2764 1016 2833 πτωχείας
1046 2760 1370 2829 επίγνωσινς
1393 2757 1456 2809 Et
1493 2755 1602 2826 γὰρ
1622 2747 1702 2815 οἷς
1723 2752 1834 2821 ἔχει

262 2844 550 2935 τραύμασι
576 2877 638 2915 τε
670 2858 767 2913 καὶ
800 2855 1025 2927 μὼλοκινι
1048 2854 1157 2908 τῶν
1183 2850 1371 2906 παθῶν
1412 2846 1487 2918 μὴ
1529 2844 1831 2915 συνήδεται,

268 2932 429 3027 μηδὲ⁷
448 2952 738 3023 συνηγορεῐ
786 2950 898 3009 τοῖς
941 2945 1269 3016 σφάλμασιν,
1301 2941 1361 2993 οὑ
1388 2936 1665 3007 λογίζεται
1682 2932 1833 3027 Δαὑτλῆ

264 3022 367 3114 ιιι
388 3022 664 3115 ἀμορφίαν
691 3043 720 3093 δ
750 3037 972 3108 Κύριος,
1004 3034 1117 3089 ἀλλ’
1149 3030 1318 3085 ιλθὼν
1368 3029 1511 3083 tam
1546 3025 1641 3115 καὶ
1676 3022 1838 3092 θερα-

1927 1932 2143 2003 gnoscit
2175 1932 2396 2002 quidem
2424 1946 2522 1985 sua
2549 1932 2814 1993 vulnera;
2848 1932 3128 2000 cognoscit
3157 1948 3288 1986 vero
3332 1933 3501 1987 etiam

1926 2040 2044 2089 eas,
2069 2024 2274 2094 quibus
2302 2022 2783 2087 circumambitur,
2808 2023 3289 2090 perturbationum
3345 2033 3502 2078 tene-

1929 2116 2090 2179 bras;
2128 2122 2185 2169 et
2218 2129 2250 2169 a
2294 2112 2525 2168 Domino
2570 2113 2831 2167 continue
2867 2113 3248 2168 liberationem
3282 2115 3501 2183 quarrit.

1928 2207 2061 2275 Qum
2094 2208 2294 2263 tolerat
2320 2205 2544 2276 quidem
2573 2205 2811 2270 labores,
2844 2204 2911 2260 de
2966 2206 3119 2261 nullo
3165 2217 3349 2260 autem
3405 2223 3501 2261 eo-

1930 2311 2076 2358 rum.
2108 2310 2228 2365 quaa
2252 2310 2417 2364 super
2446 2302 2649 2348 terram
2679 2302 2831 2357 sunt,
2863 2293 3009 2347 bono
3031 2294 3265 2363 gaudet;
3315 2295 3410 2349 sed
3446 2296 3501 2350 in

1932 2388 2081 2442 bono
2102 2394 2315 2440 tantum
2346 2385 2581 2449 medico,
2638 2394 2695 2439 et
2748 2385 2803 2438 in
2844 2386 2964 2453 ejus
3011 2386 3299 2440 curatione
3327 2386 3502 2440 conli-

1936 2476 2037 2531 dit.
2066 2473 2356 2541 Quomodo
2388 2473 2555 2544 igitur
2586 2474 2704 2527 hazc
2756 2474 3042 2527 vulnerata
3094 2474 3275 2528 anima
3305 2474 3504 2529 decora

1932 2580 1987 2623 et
2024 2567 2265 2622 formosa
2311 2566 2445 2631 erit,
2468 2574 2525 2621 et
2554 2566 2621 2619 ad
2644 2566 2770 2619 vitae
2802 2565 3114 2619 societatem
3167 2565 3503 2620 individuam

1934 2676 2061 2717 cum
2089 2660 2311 2717 Christo
2342 2659 2636 2714 ineundam
2665 2658 2826 2727 apta?
2854 2657 3130 2727 quomodo
3158 2658 3319 2711 aliter
3339 2672 3505 2726 quam

1935 2758 2277 2822 perspectam
2308 2748 2564 2804 habendo
2586 2747 2867 2817 antiquam
2919 2761 3069 2801 suam
3109 2746 3380 2815 originem
3401 2785 3416 2809 ,
3451 2755 3509 2801 et

1936 2845 2141 2898 claram
2174 2856 2287 2912 pre
2327 2856 2386 2897 se
2431 2840 2658 2896 ferendo
2705 2838 3054 2908 propriorum
3109 2839 3403 2892 vulnerum
3448 2845 3509 2891 et

1937 2932 2305 2989 mendicitatis
2347 2929 2635 2986 notitiam?
2659 2929 2792 2983 Nam
2820 2928 2865 2983 si
2895 2928 2979 2992 iis,
3005 2942 3127 2996 qua:
3169 2926 3352 2992 habet,
3388 2928 3508 2981 vul-

1937 3026 2165 3080 neribus
2210 3033 2265 3079 et
2298 3020 2644 3077 cicatricibus
2676 3017 2994 3089 passionum
3033 3032 3141 3071 non
3180 3017 3505 3080 delectatur,

266 3107 447 3195 πεύει,
480 3107 574 3181 καὶ
600 3124 810 3188 ἀπαθὲς
838 3107 976 3193 αὑτῇ
1008 3121 1100 3175 καὶ
1130 3118 1367 3187 άφθορὸν
1394 3132 1447 3167 τι
1482 3113 1676 3173 κάλλος
1701 3112 1838 3164 ἀπο-
1866 3137 1907 3195 c
1942 3130 1946 3167 τ

1826 3137 1838 3149 ·
1866 3137 1907 3195 c
1942 3129 2046 3169 nec
2089 3115 2465 3184 patrocinatur
2515 3110 2735 3165 delictis
2792 3109 2938 3173 suis;
2988 3122 3096 3161 non
3130 3107 3363 3177 imputat
3404 3108 3506 3177 ipsi

267 3220 597 3287 καθίστησι*
638 3217 797 3287 μόνον
846 3214 988 3283 αὑτὴ
1038 3210 1356 3283 προαιρέσει
1399 3207 1473 3277 μὴ
1518 3200 1842 3257 κοινωνείτω

266 3314 380 3373 τοῖς
420 3307 832 3379 πραττομένοις,
878 3303 1129 3371 καθάπερ
1175 3300 1411 3369 εἴρηται,
1447 3292 1580 3364 μηδὲ
1603 3292 1715 3353 τοῖς
1742 3291 1841 3343 έν-

267 3404 624 3475 εργουμένοις
653 3398 1040 3454 συνευδοκείτω
1060 3394 1309 3448 πάθεσιν.
1346 3388 1480 3443 Ἀλλ’
1500 3389 1595 3458 ὅλῃ
1619 3385 1842 3453 δυνάμει

269 3495 410 3565 πρὸς
449 3492 653 3563 Κύριον
684 3490 950 3551 ἐκσοάτω,
987 3486 1074 3540 ῐνα
1101 3485 1188 3537 διὰ
1222 3482 1316 3535 τοῦ
1355 3478 1562 3549 ἀγαθοῦ
1594 3475 1838 3545 Πνεύμα-

268 3602 363 3649 τος
388 3583 556 3637 αὑτοῦ
576 3583 674 3652 τῆς
701 3580 1010 3649 ἐλευθερίας
1032 3578 1246 3638 πάντως
1269 3572 1468 3642 ἀξιωθῇ
1492 3570 1602 3622 τῶν
1630 3566 1839 3620 παθῶν.

270 3676 423 3747 Δὺτη
460 3674 556 3742 μὲν
582 3668 675 3726 οὖν
704 3673 738 3742 ἡ
766 3669 912 3741 ψυχὴ
952 3666 1196 3738 μακαρία
1220 3682 1233 3696 ο
1272 3661 1397 3717 οὐαὶ
1423 3660 1479 3713 δὲ
1512 3658 1689 3730 τῇ’μὴ
1720 3674 1843 3711 συν-

270 3768 529 3838 αίσθησιν
557 3763 820 3833 δεχομένῃ
847 3759 1195 3830 τραυμάτων,
1225 3754 1359 3825 μηδὲ
1386 3753 1532 3823 ἐχειν
1561 3769 1615 3805 τι
1648 3750 1845 3814 κακίας

268 3858 363 3911 διά
384 3853 585 3923 πολλὴν
617 3852 711 3905 καὶ
735 3850 971 3920 ἄμετρον
993 3846 1213 3916 οίομένη
1246 3845 1444 3897 κακίαν
1467 3858 1481 3872 ο
1510 3839 1711 3911 ταύτην
1737 3841 1845 3909 γὰρ

270 3948 397 4003 οὐδὲ
448 3948 478 4001 ὁ
532 3944 732 4014 ἀγαθὸς
781 3941 1170 3995 ἑπισκέπτεται
1236 3936 1416 4006 ίατρὸς
1443 3972 1458 3998 ,
1512 3932 1634 3986 οὑδὲ
1680 3931 1844 4002 θερα-

273 4039 456 4103 πεύει,
487 4036 567 4090 ὅτι
595 4034 731 4107 μηδὲ
762 4032 912 4103 μέλει
940 4032 1077 4101 αὑτῇ
1111 4030 1217 4082 τῶν
1239 4020 1587 4099 τραυμάτων,
1618 4025 1713 4079 άτε
1744 4042 1836 4077 κα-

273 4126 385 4191 λῶς
433 4124 578 4197 ἔχειν
621 4124 716 4178 καὶ
762 4122 932 4189 ὑγιῶς
983 4119 1290 4191 ἡγουμένῃ·
1333 4119 1416 4171 Οὐ
1472 4116 1583 4186 γὰρ
1641 4116 1849 4185 χρείαν

274 4223 510 4291 ἔχουσι,
539 4218 724 4290 φησιν,
742 4219 811 4285 λοι
835 4214 1205 4286 ὑγιαίνοντες
1234 4210 1456 4279 ἰατροῦ,
1490 4207 1627 4264 ἀλλ’
1651 4209 1706 4262 ot
1738 4224 1846 4261 κα-

1940 3219 2095 3260 suam
2123 3202 2526 3257 deformitatem
2568 3198 2865 3263 Dominus;
2918 3198 3013 3252 sed
3070 3198 3220 3251 venit
3257 3205 3315 3252 et
3348 3206 3509 3252 sanat

1937 3310 2002 3352 ac
2050 3300 2208 3351 curat
2257 3306 2404 3357 eam,
2452 3290 2702 3360 nullique
2743 3289 3035 3345 obnoxiam
3093 3288 3403 3343 alterationi
3452 3298 3510 3343 et

1941 3382 2459 3440 immarceseibilem
2490 3379 2781 3450 quamdam
2801 3380 2851 3433 ei
2885 3379 3510 3448 restituitpulehritudi-

1940 3492 2087 3532 nem.
2122 3475 2359 3529 Tantum
2389 3473 2506 3543 ipsa
2535 3486 2606 3526 ne
2636 3470 2814 3525 libero
2846 3484 3073 3526 assensu
3131 3471 3419 3542 participet
3447 3473 3511 3525 iis

1944 3582 2064 3636 quas
2104 3564 2262 3628 (lunt,
2290 3570 2349 3616 ut
2394 3560 2604 3615 dictum
2657 3569 2778 3625 est;
2842 3575 2979 3615 neve
3020 3560 3418 3615 consentiendo
3444 3575 3510 3615 ea

1944 3654 2286 3725 comprobet,
2336 3667 2459 3722 qua:
2516 3649 2836 3706 inordinata
2891 3651 3332 3721 perturbationes
3382 3665 3514 3721 ope-

1947 3755 2141 3803 rantur
2166 3761 2182 3811 ;
2212 3745 2308 3799 sed
2341 3750 2454 3797 tota
2486 3742 2689 3795 virtute
2738 3740 2804 3794 ad
2854 3742 3143 3795 Dominum
3193 3743 3514 3807 clamet,vut

1946 3853 2045 3910 per
2071 3837 2276 3891 bonum
2305 3833 2476 3903 ipsius
2500 3832 2657 3902 203
2686 3830 2952 3901 Spiritum
2983 3832 3219 3888 liberare
3243 3847 3302 3887 se
3323 3832 3515 3903 digne-

1949 3940 2039 3986 tur
2081 3944 2116 3982 a
2173 3926 2385 3983 cunctis
2438 3925 2625 3995 pravis
2676 3924 2985 3980 aﬂectibns.
3050 3924 3214 3978 Beata
3264 3924 3512 3993 profecto

1947 4020 2072 4076 talis
2095 4018 2312 4073 anima:
2372 4030 2452 4069 vna
2478 4020 2662 4067 autem
2688 4012 2789 4077 illi,
2815 4027 2937 4082 quae
2979 4026 3199 4066 sensum
3258 4011 3513 4067 intimum

1948 4125 2056 4166 non
2083 4108 2264 4179 capiet
2301 4104 2594 4160 vulnerant
2639 4116 2903 4167 suorum;
2948 4116 3179 4171 quaeque
3224 4100 3404 4155 omnis
3454 4116 3514 4155 se

1946 4200 2235 4274 pravitatis
2259 4198 2507 4252 funditus
2526 4202 2804 4264 expertem
2829 4208 2929 4263 per
2948 4194 3173 4247 multam
3199 4200 3255 4247 et
3286 4193 3515 4247 immen-

1948 4311 2062 4352 sam
2085 4290 2361 4363 putaverit
2388 4285 2740 4357 pravitatem.
2758 4282 2946 4337 Talem
2970 4284 3119 4337 enim
3141 4296 3322 4352 neque
3337 4280 3516 4335 bonus

273 4308 399 4374 κῶς
420 4310 687 4374 ἔχοντες.

276 4329 399 4374 κως
420 4329 687 4377 exortae.
1948 4329 2062 4352 κη.
2086 4329 2361 4363 γυιων-.-
2389 4329 2740 4357 ,ι---η--ηη
2769 4329 2946 4337 -.η----
2973 4329 3119 4337 -.-._-
3142 4329 3320 4352 ---Ίη
3339 4329 3514 4335 --η---

276 4404 468 4459 invisit
497 4403 766 4467 medicus,
814 4414 917 4455 nec
965 4405 1153 4462 sanat;
1194 4392 1453 4465 quoniam
1504 4389 1875 4446 sollicitudine
1921 4404 2030 4444 non
2091 4383 2332 4453 tangitur
2380 4378 2671 4433 vulnerum
2708 4374 3099 4443 propriorum;
3159 4381 3347 4442 utpote
3394 4387 3516 4443 qua:

275 4513 339 4555 se
367 4497 508 4552 bene
530 4464 759 4550 haberet
786 4508 851 4548 ac
910 4492 1096 4562 vigere
1142 4464 1376 4543 sanitate
1423 4481 1718 4539 existimet.
1770 4480 1885 4536 Non
1925 4480 2063 4535 enim
2084 4471 2305 4547 (inquit)
2346 4478 2493 4542 egent
2514 4468 2602 4539 qui
2621 4466 2741 4521 sani
2764 4473 2884 4519 sunt
2915 4465 3132 4531 medico,
3157 4464 3247 4518 sed
3270 4465 3359 4535 qui
3378 4464 3517 4520 male

502 4594 543 4620 η

276 4594 474 4734 “ﬁt?
501 4628 775 4744 Μακάριοι
819 4669 897 4740 τῷ
925 4670 1038 4722 ὄντι
1076 4668 1171 4722 καὶ
1210 4662 1439 4734 ζηλωτοὶ
1468 4660 1561 4715 τοῦ
1598 4659 1715 4730 βίου
1750 4659 1841 4712 καὶ
1869 4663 1920 4722 D

1833 4675 1841 4711 ι
1869 4663 1920 4722 ι)
2012 4648 2177 4706 χιιι.
2209 4643 2360 4701 Beati
2390 4657 2600 4707 revera,
2634 4648 2690 4696 et
2722 4638 3003 4694 invidendi
3037 4638 3108 4693 ob
3141 4638 3266 4694 vitae
3312 4648 3367 4695 et
3416 4657 3513 4695 ex-

277 4728 414 4842 τῆς-
437 4728 749 4837 ὑπερφυοῦς
794 4728 1311 4821 ἀπολαύσεως,
1370 4752 1459 4806 διὰ
1506 4728 1713 4822 θερμῆς
1751 4748 1846 4802 καὶ
1946 4758 1957 4797 t

1837 4766 1846 4801 ι
1946 4737 2255 4812 superantis
2272 4744 2479 4791 natura:
2496 4730 2717 4785 modum
2742 4728 3020 4784 fruitionis
3036 4728 3373 4794 felicitatem,
3397 4732 3517 4801 qui-

2328 4826 2364 4842 ιγ
2419 4832 2622 4842 νη-ι--Α
2682 4818 2840 4842 (LI--.-
2905 4828 2954 4842 ,ι
2997 4819 3214 4842 ..ξ---.ηιξ
3245 4834 3398 4842 -----...
3451 4822 3513 4842 -J

595 4818 875 4922 ’διαγωγῆς
906 4850 1013 4905 τῶν
1040 4818 1378 4915 ἀπουρανίων
1404 4841 1499 4896 τοῦ
1530 4818 1845 4909 Πνεύνματος
1948 4849 1962 4888 t

1834 4856 1845 4903 ;
1948 4846 2165 4903 cunque
2197 4844 2294 4899 per
2326 4826 2627 4881 ferventem
2682 4818 2867 4884 ﬁdem,
2900 4828 2957 4874 et
2997 4819 3216 4874 vivendi
3245 4834 3403 4874 usum
3447 4822 3514 4877 ad

285 4932 601 5020 μυστηρίων
634 4944 799 5014 πείρᾳ
817 4942 912 4995 καὶ
944 4938 1191 5007 αἰσθήσει
1220 4934 1317 5007 τὴν
1344 4934 1542 5003 γνῶσιν
1572 4932 1844 5020 είλήφασι,

282 5014 376 5095 καὶ
544 5035 843 5104 πολίτευμα
888 5034 947 5084 εν
990 5030 1237 5099 οὐρανοῖς
1276 5025 1508 5095 ἔχουσιν.
1549 5014 1708 5074 υῦτοι
1756 5018 1849 5071 καὶ

283 5128 614 5198 συμπάντων
647 5124 925 5195 κρείττους
946 5116 1247 5187 ἀνθρώπων
1276 5114 1380 5167 είσί
1407 5128 1420 5144 ·
1459 5112 1553 5165 καὶ⁴
1579 5108 1787 5179 φανερὰ
1814 5108 1847 5176 ἡ

282 5217 577 5283 ἀπόδειξις.
596 5215 713 5268 Τίνι
746 5212 852 5280 γὰρ
884 5210 989 5263 τῶν
1016 5207 1274 5267 δυνατῶν,
1307 5204 1339 5274 ἢ
1378 5202 1579 5271 σοφῶν,
1609 5199 1642 5270 ἢ
1669 5197 1852 5268 φρονί-

286 5326 402 5379 μων
423 5304 663 5360 ἀνελθεῖν
686 5303 765 5365 είς
785 5301 875 5353 τὸν
898 5297 1123 5368 οὐρανὸν
1146 5294 1385 5364 ὑπῆρξεν
1407 5287 1849 5359 ἐπιστρεφομένῳ

284 5378 413 5468 περὶ
441 5398 541 5464 τὴν
568 5395 693 5465 γῆν,
728 5394 842 5445 ἐκεῖ
869 5407 928 5443 τε
959 5386 1297 5459 ἐργάσασθαι
1323 5384 1458 5454 ἔργα
1483 5378 1848 5450 πνευματικὰ,

283 5489 378 5543 καὶ
417 5486 486 5541 τά
527 5484 701 5551 κάλλη
730 5482 823 5536 τοῦ
863 5480 1172 5550 ῐινεύματος
1202 5474 1601 5538 κατοπτεῦσαι;
1640 5469 1759 5522 νυνὶ
1790 5468 1847 5521 δὲ

283 5578 456 5647 πένης
506 5592 589 5637 τις
636 5575 698 5627 τδ
726 5570 1070 5642 φαινόμενον,
1104 5568 1273 5636 πένης
1302 5566 1484 5636 ἄκρως
1512 5562 1606 5616 καὶ
1638 5558 1847 5627 ἐξουδε-

1948 4927 2208 4981 virtutem
2239 4931 2486 4973 normam
2524 4921 2797 4976 exactum,
2848 4910 3318 4981 superctnlestium
3341 4914 3515 4967 sancti

1953 5014 2189 5087 Spiritus
2222 5007 2603 5080 mysteriorum
2628 5018 2791 5059 sensu
2824 5002 3234 5071 etexperientia
3266 5003 3515 5057 notitiam

1952 5106 2334 5177 perceperunt,
2379 5104 2433 5151 et
2465 5092 2939 5148 conversationem
2997 5090 3050 5143 in
3092 5089 3244 5144 cmlis
3292 5089 3515 5144 habent.

1954 5196 2112 5251 Tales
2145 5190 2412 5253 omnium,
2435 5185 2527 5254 qui
2560 5183 2769 5250 uspiam
2800 5180 2991 5234 vivunt
3035 5178 3337 5241 hominum,
3383 5194 3516 5248 pm.

1956 5279 2274 5340 stautissim't
2301 5284 2449 5333 sunt.
2472 5272 2530 5329 ld
2555 5270 2700 5341 quod
2722 5267 3080 5323 demonstrari
3103 5266 3391 5320 manifesto
3421 5281 3518 5334 po-

1958 5383 2082 5430 test.
2118 5371 2219 5427 Cui
2250 5368 2398 5424 enim
2432 5369 2734 5434 potentum,
2768 5366 2863 5412 aut
2889 5358 3217 5427 sapientum,
3262 5364 3356 5409 aut
3384 5371 3517 5425 pru-

1954 5466 2198 5525 dentum,
2229 5456 2523 5514 ascendere
2554 5454 2609 5507 in
2650 5451 2846 5505 caelum
2884 5445 3360 5517 contigit,interim
3387 5446 3515 5501 dum

1958 5564 2248 5612 versantur
2306 5553 2361 5606 in
2396 5559 2546 5605 terra
2592 5554 2648 5601 et
2681 5543 2792 5598 illic
2818 5540 3031 5611 operari
3061 5552 3226 5609 opera
3259 5537 3519 5608 spiritua-

362 5756 404 5790 "
442 5755 581 5811 Psal.
623 5767 750 5820 uti,
778 5752 833 5808 5.
912 5751 954 5785 ¹⁸
984 5748 1173 5807 Matth.
1208 5762 1281 5809 ιι,
1324 5744 1427 5811 ﬂ;
1456 5758 1547 5797 ιιι.
1583 5740 1671 5805 ΙἹ;
1705 5738 1837 5793 Luc.
1866 5751 1921 5801 ι’,
1947 5735 2034 5790 51.
