4254 6358
781 405 886 470 923

2043 402 2105 462 S.
2146 402 2466 464 MACARII
2504 404 2828 467 IEGYPTII

3930 411 4038 475 994

775 519 871 583 tia,
901 525 959 571 et
988 509 1427 586 pulchritudines
1459 508 1635 564 divini
1669 508 1910 579 Spiritus
1936 510 2178 567 intueri?
2202 514 2356 568 Nunc
2384 522 2427 577 Α

2351 531 2356 546 ⁵
2384 522 2427 577 Α
2458 516 2715 587 νώμενος,
2741 519 2836 573 καὶ
2866 519 2987 574 οὐδὲ
3013 522 3125 584 τοῖς
3153 522 3481 590 insit-dev
3505 522 3705 594 μικροῦ
3733 521 4031 593 γνώριμος,

774 622 909 661 vero
942 618 1149 675 pauper
1178 602 1378 672 aliquis
1406 600 1461 654 in
1490 601 1753 670 speciem,
1804 616 2018 657 summe
2057 619 2270 673 pauper
2296 614 2353 658 et

775 698 1122 762 cxinanitus;
1199 710 1264 751 ac
1329 709 1398 749 ne
1425 693 1628 747 vicinis
1653 692 1876 763 quidem
1925 696 2008 750 vel
2064 695 2352 749 minimum

774 798 961 853 notus,
992 787 1286 858 procidens
1310 788 1363 841 in
1409 786 1602 841 faciem
1652 802 1806 842 suam
1869 803 2051 842 coram
2100 788 2351 852 Domino,

774 882 1023 937 ascendit
1080 880 1135 934 in
1160 882 1361 935 coelum
1395 879 1634 934 ducente
1694 892 1887 934 sancto
1918 880 2149 950 Spiritu,
2198 891 2253 937 et
2302 883 2354 937 in

776 973 943 1041 plena
971 970 1171 1024 Iiducia
1214 985 1326 1024 sua;
1370 969 1588 1036 animae,
1629 970 1972 1025 mirabilibus
2030 972 2141 1027 illic
2192 972 2358 1026 rebus

775 1064 1124 1127 delectatur;
1199 1062 1385 1130 ibique
1436 1071 1717 1131 operatur,
1768 1062 1843 1117 ibi
1900 1063 2229 1128 diversatur,
2283 1065 2357 1119 ibi

782 1154 1267 1209 conversationem
1306 1153 1491 1216 habet,
1533 1153 1687 1223 juxta
1735 1153 1984 1209 divinum
2037 1156 2355 1225 Apostolum

783 1247 1060 1301 dicentem
1095 1244 1331 1299 :Nostra
1370 1254 1546 1297 autem
1576 1247 1899 1299 conversatio
1928 1248 1982 1300 in
2011 1246 2150 1301 caelis
2183 1257 2257 1301 est
2290 1249 2355 1300 ι’.

777 1339 846 1393 Ει
878 1354 1076 1392 rursus
1116 1353 1128 1388 :
1177 1337 1305 1401 Quae
1353 1336 1531 1389 oculus
1582 1353 1685 1389 non
1742 1338 1892 1401 vidit,
1937 1345 1987 1390 et
2047 1340 2191 1392 auris
2251 1355 2355 1391 non

776 1429 1019 1491 audivit,
1061 1444 1153 1480 nec
1205 1428 1260 1479 in
1332 1441 1421 1477 cor
1486 1428 1709 1479 hominis
1779 1427 2167 1491 ascenderunt,
2242 1444 2358 1498 qua

778 1518 1102 1587 praeparavit
1142 1518 1281 1571 Deus
1312 1518 1375 1570 iis
1405 1518 1499 1585 qui
1556 1517 1781 1586 diligunt
1805 1516 1955 1570 illum
1978 1518 2041 1571 ".
2077 1518 2197 1572 Mox
2227 1520 2357 1573 sub-

774 1610 955 1680 jungit
1000 1625 1013 1661 :
1060 1608 1217 1662 Nobis
1261 1616 1437 1660 autem
1484 1607 1735 1661 reuelauit
1777 1608 1917 1661 Deus
1961 1623 2053 1678 per
2100 1607 2358 1679 Spiritum

777 1719 950 1755 suum.
988 1701 1051 1755 lli
1102 1707 1231 1755 sunt
1273 1715 1404 1753 vere
1438 1699 1714 1768 sapientes
1759 1707 1817 1754 et
1865 1708 2141 1769 potentes,
2197 1702 2254 1755 hi
2302 1710 2358 1757 et

778 1793 993 1847 nobiles
1016 1799 1072 1846 et
1103 1791 1422 1860 prudentes.

2457 610 2826 679 προσπίπτων
2851 612 2945 664 ἐπὶ
2972 613 3267 682 πρόσωπον
3286 614 3454 668 αὐτοῦ
3480 614 3559 684 τῷ
3595 614 3802 685 Κυρίῳ,
3828 614 4039 667 ἄνεισιν

2455 702 2536 765 είς
2565 702 2654 755 τὸν
2679 702 2907 773 οὐρανὸν
2946 704 3051 760 ὑπὸ
3084 704 3401 776 Πνεύματος
3430 706 3815 776 ὁδηγούμενος,
3850 706 3949 758 καὶ
3978 709 4037 758 ὲν

2458 793 2797 865 πληροφορίᾳ
2837 795 2939 865 τῆς
2981 796 3178 849 ἑαυτοῦ
3206 797 3383 866 ψυχῆς
3425 796 3534 848 τῶν
3568 798 3685 850 ἐκεῖ
3718 797 4036 865 θαυμασίων

2456 890 2796 958 κατατρυφᾷ,
2855 889 2973 940 ἐκεῖ
3018 905 3079 941 τε
3123 888 3437 959 ἐργάζεται,
3472 890 3591 942 εκεῖ
3632 890 3691 942 τὸ
3732 890 4035 957 πολίτευμα

2458 976 2592 1048 ἔχει,
2624 980 2765 1035 κατά
2789 980 2879 1035 τὸν
2909 981 3052 1035 θεῖον
3088 981 3441 1036 ’Δπόστολοψ
3478 981 3672 1052 Ἡμῶν
3692 984 3801 1052 γὰρ
3834 983 3903 1036 τὸ
3932 999 4035 1034 πο-

2456 1073 2725 1140 λίτευμα,
2763 1074 2947 1145 φησὶν,
2978 1074 3048 1128 ἐν
3080 1074 3357 1143 οὐρανοῖς
3384 1075 3667 1143 ὑπάρχει·
3716 1076 3809 1127 καὶ
3843 1073 4033 1127 πάλινο

2464 1164 2523 1217 Ἃ
2557 1164 2865 1233 ὀφθαλμὸς
2901 1168 3011 1220 οὐκ
3036 1162 3178 1230 side,
3220 1167 3319 1221 καὶ
3350 1162 3458 1231 οὖς
3484 1168 3595 1220 οὐκ
3634 1165 3893 1233 ἤκουσε,
3939 1164 4033 1217 καί

2457 1254 2554 1307 ἐπὶ
2586 1256 2834 1323 καρδίαν
2859 1257 3184 1325 ἀνθρώπων
3212 1260 3323 1312 οὐκ
3350 1260 3554 1325 ἀνέϐη,
3587 1258 3626 1311 d
3652 1258 3986 1325 ἡτοίμασεν
4005 1258 4051 1330 ό.

2461 1346 2606 1410 Θεὸς
2628 1346 2752 1412 τοῖς
2772 1346 3086 1415 ἀγαπῶσιν
3111 1349 3318 1405 αὐτόν.
3350 1343 3483 1401 Εἶτα
3516 1349 3742 1414 ἐπάγει·
3786 1347 3955 1416 Ἡμῖν
3972 1347 4037 1400 δὲ

2456 1437 2813 1505 ἀπεκάλυψε
2838 1438 2935 1491 διὰ
2963 1439 3068 1493 τοῦ
3098 1441 3444 1509 Πνεύματος
3471 1441 3678 1496 αὐτοῦ.
3711 1435 3875 1495 Οὗτοί
3904 1445 4037 1495 εξσιν

2457 1528 2506 1579 oi
2557 1528 2614 1579 ὲν
2647 1526 2873 1601 ἀληθείᾳ
2907 1531 3081 1598 σοφοὶ,
3113 1532 3161 1584 oi
3190 1531 3423 1595 δυνατοὶ,
3456 1527 3601 1585 οὗτοι
3643 1534 3738 1586 καὶ
3789 1534 4033 1601 εὐγενεῖς

2457 1616 2553 1669 καὶ
2591 1619 2869 1689 φρόνιμοι.

852 1883 1037 1937 XVIII.
1068 1882 1401 1948 Quinetiam.
1427 1898 1536 1936 non
1575 1882 1762 1936 habita
1795 1882 2009 1937 ratione
2050 1881 2355 1937 emlestium
2388 1861 2429 1916 Β
2529 1874 2532 1884 ’

2354 1930 2355 1933 η
2388 1861 2429 1916 Β
2529 1873 2635 1926 1Η’.
2674 1873 2783 1926 Καὶ
2824 1874 3014 1945 χωρὶς,
3046 1875 3200 1945 φησι,
3224 1876 3333 1929 τῶν
3351 1876 3618 1947 οὐρανίων
3643 1876 3889 1945 ἐκείνων,
3932 1879 4034 1933 aut

780 1974 1023 2038 illorum,
1056 1990 1087 2029 e
1119 1976 1251 2030 solis
1274 1974 1362 2029 his
1393 1973 1834 2045 quae‘prmsentia
1872 1983 2003 2029 sunt
2038 1974 2107 2029 de
2148 1976 2356 2029 sanctis

774 2066 1050 2136 judicans,
1078 2082 1186 2121 non
1218 2067 1514 2131 dubitabis,
1546 2081 1642 2123 eos
1669 2065 1913 2121 omnium
1965 2066 2124 2136 longe
2174 2066 2355 2121 homi-

780 2173 913 2212 num
940 2158 1272 2212 celsissimos
1305 2158 1685 2227 pronuntiare.
1722 2156 1860 2227 Age,
1890 2172 1978 2211 res
2027 2156 2359 2227 dijudicetur

781 2247 889 2303 hoc
917 2248 1117 2303 modo:
1156 2248 1671 2315 Nabuchodonosor
1710 2248 2003 2320 Babylonis
2033 2248 2355 2317 imperator,

780 2340 1145 2409 congregatis,
1176 2341 1381 2409 quibus
1416 2349 1666 2409 praeerat,
1697 2340 1957 2410 gentibus
1990 2339 2057 2393 ad
2084 2339 2359 2393 adoratio-

782 2445 906 2484 nem
939 2439 1133 2485 statuae
1162 2446 1324 2500 quam
1342 2439 1591 2485 erexerat
1607 2472 1621 2497 ,
1641 2431 1735 2486 Dei
1754 2432 1858 2485 hoc
1875 2431 2359 2500 itasapientissime

781 2522 1100 2576 moderante
1136 2522 1500 2591 providentia,
1548 2530 1610 2575 ut
1649 2530 1705 2577 et
1755 2537 2048 2591 puerorum
2104 2522 2361 2576 omnibus

781 2612 1075 2682 conspicua
1106 2613 1281 2665 virtus
1314 2612 1490 2675 ﬁeret,
1536 2620 1593 2666 et
1656 2612 1840 2665 cuncti
1874 2611 2151 2666 discerent
2191 2625 2360 2664 unum

782 2718 903 2758 esse
935 2703 1106 2757 Deum
1133 2718 1348 2767 verum,
1373 2703 1469 2772 qui
1493 2704 1544 2756 in
1577 2704 1732 2758 caelis
1764 2703 2012 2757 habitat:
2050 2711 2158 2757 tres
2183 2702 2359 2771 pueri,

783 2795 934 2863 iique
962 2794 1186 2864 captivi,
1218 2810 1284 2849 ac
1332 2795 1591 2849 libertate
1636 2795 1863 2863 privati,
1914 2793 2033 2849 ausi
2078 2803 2208 2848 sunt
2260 2794 2362 2863 ipsi

783 2882 1085 2948 obsistere;
1127 2890 1183 2936 et
1216 2883 1451 2945 cunctis,
1478 2898 1545 2937 ex
1576 2884 1751 2937 multo
1780 2892 1949 2945 metu,
1983 2882 2362 2946 adorantibus,

785 2989 889 3029 nec
968 2974 1268 3043 quidquam
1334 2982 1536 3043 praeter
1594 2974 1924 3043 obsequium
1990 2975 2362 3038 tentantihus,

787 3073 1058 3118 mutarum
1085 3064 1193 3117 ritu
1214 3063 1513 3134 pecudum,
1534 3079 1643 3133 quo
1683 3063 2065 3129 trahebantur,
2086 3064 2367 3133 sequenti-

787 3155 923 3219 bus,
949 3156 1027 3208 illi
1053 3163 1263 3208 tantum
1318 3155 1612 3209 abfuerunt
1648 3166 1708 3210 ut
1733 3156 1931 3209 similia
1960 3156 2080 3210 aliis
2117 3166 2369 3225 pateren-
2393 3189 2435 3245 ο

787 3253 917 3311 tur;
943 3256 1202 3315 utneque
1244 3245 1481 3316 ignorari
1503 3246 1612 3300 sint
1642 3247 1784 3315 passi
1820 3262 1974 3301 suam
2009 3248 2075 3300 de
2105 3248 2365 3317 religione

788 3336 1119 3391 sententiam
1147 3376 1163 3401 ,
1222 3352 1326 3390 nec
1370 3336 1543 3390 latere
1575 3336 1961 3398 sustinuerint,
2009 3336 2101 3389 sed
2152 3337 2367 3389 eunetis

789 3429 1141 3482 audientibus
1201 3429 1479 3482 dixerint:
1529 3428 1661 3481 Deos
1721 3438 1835 3482 tuos
1904 3444 2009 3480 non
2048 3427 2289 3489 colimus,
2318 3437 2367 3481 et

783 3529 1023 3574 statuam
1052 3536 1293 3585 auream,
1337 3536 1497 3588 quam
1544 3521 1771 3583 erexisti,
1826 3537 1930 3571 non
1973 3520 2257 3573 adoramus
2299 3520 2364 3573 “.

790 3610 939 3677 Quos
966 3627 1091 3666 eum
1120 3613 1173 3665 in
1203 3626 1417 3681 poenam
1453 3612 1713 3666 terribilis
1769 3611 1856 3665 illa
1899 3612 2092 3664 Iornax
2116 3612 2367 3682 excepis-

790 3713 895 3767 set,
928 3718 1036 3755 non
1066 3716 1198 3755 sane
1224 3701 1334 3755 vim
1374 3716 1527 3755 suam
1570 3702 1832 3766 exseruit,
1873 3716 1936 3755 ac
1962 3701 2118 3771 quasi
2149 3711 2205 3757 et
2251 3702 2369 3771 ipsa

791 3805 1049 3849 venerata
1088 3795 1235 3864 ipsos
1262 3801 1424 3860 esset,
1467 3809 1497 3847 a
1522 3793 1679 3847 malis
1706 3808 1804 3848 eos
1837 3794 2112 3849 immunes
2141 3809 2370 3849 conser-

793 3887 976 3938 vavit:
1014 3884 1287 3938 universis
1316 3899 1381 3938 ac
1445 3899 1572 3954 rege
1625 3884 1743 3953 ipso
1791 3884 1962 3938 Deum
2008 3886 2121 3955 jam
2170 3900 2367 3939 verum

788 3976 1235 4045 agnoscentibus.
1272 3977 1380 4030 Hos
1402 3977 1659 4046 equidem
1692 3992 1802 4030 non
1842 3978 2013 4047 magis
2063 3985 2239 4033 terras
2286 3978 2371 4032 in-

788 4068 1117 4130 colentium,
1140 4082 1307 4137 quam
1347 4068 1403 4121 in
1433 4069 1589 4122 cmlis
1635 4068 1948 4138 degentium
1982 4068 2136 4122 chori
2171 4069 2367 4138 plausu

794 4159 1167 4211 celebrarunt.
1244 4159 1377 4212 Nam
1463 4158 1682 4213 heroica
1744 4159 1988 4214 facinora
2049 4168 2366 4214 sanctorum

794 4247 1216 4317 haudquaquam
1244 4263 1364 4303 esse
1388 4249 1571 4317 ignota
1595 4248 1718 4303 cmli
1748 4249 1967 4316 incolis,
2003 4250 2099 4304 sed
2136 4250 2235 4305 hos
2262 4251 2369 4305 illis

790 4352 1026 4391 accursu
1064 4346 1122 4390 et
1152 4344 1320 4390 testes
1344 4336 1558 4401 adesse,
1581 4336 1801 4392 divinus
1836 4338 2015 4391 innuit
2048 4338 2367 4407 Apostolus,

794 4428 925 4480 dum
953 4427 1059 4480 ait:
1087 4425 1457 4496 Spectaculum
1483 4428 1609 4495 facti
1637 4445 1816 4482 sumus
1842 4428 2043 4499 angelis
2068 4436 2116 4482 et
2139 4429 2370 4482 homini-

2456 1964 2566 2016 τῶν
2599 1964 2882 2035 παρόντων
2927 1966 3128 2035 κρίνων
3164 1968 3289 2031 τούς
3321 1968 3534 2033 ἁγίους,
3581 1970 3682 2023 οὐκ
3704 1970 4038 2033 ὶπιδοιάσεις

2458 2054 2676 2107 πάντων
2734 2054 3095 2125 ὑψηλοτέρους
3152 2055 3340 2109 είπών.
3385 2057 3672 2128 Κρινέσθω
3725 2057 3784 2111 δὲ
3821 2057 4033 2120 οὕτως’

2457 2144 2928 2216 Ναὸουχοδονόσορ
2972 2148 3000 2199 ὁ
3038 2146 3350 2209 Βαϐυλῶνος
3393 2146 3588 2217 ἄρξας,
3612 2148 3773 2201 ὁπότε
3806 2146 3878 2200 τὰ
3913 2146 4035 2218 εθνη

2459 2236 2607 2306 αὐτῷ
2630 2236 2806 2291 πάντα
2836 2240 2917 2300 εἰς
2946 2238 3314 2309 προσκύνησιν
3336 2234 3403 2309 ἦς
3424 2239 3584 2309 ἔτυχε
3614 2242 4037 2303 κατασκευάσας

2460 2330 2664 2391 εἰκόνος
2690 2328 3002 2400 ἠθροίζετο·
3032 2330 3112 2398 τῷ
3147 2329 3204 2382 δὲ
3239 2329 3357 2400 Θεῷ
3380 2328 3540 2383 τοῦτο
3578 2331 3870 2397 πανσόφως
3904 2331 4037 2401 ᾠκο-

2460 2421 2692 2489 νομεῖτο,
2727 2420 2814 2473 ῖνα
2840 2420 2933 2473 καὶ
2967 2421 2999 2490 ἡ
3026 2420 3133 2473 τῶν
3167 2420 3372 2474 παίδων
3400 2421 3573 2491 ἀρετὴ
3602 2424 3733 2474 πᾶσι
3759 2424 4038 2492 γνώριμος

2462 2513 2724 2581 καταστῇ,
2757 2512 2851 2564 καὶ
2883 2512 3095 2581 μάθωσι
3151 2513 3371 2576 πάντες,
3406 2513 3489 2564 ὅτι
3533 2513 3665 2575 Θεὸς
3688 2512 3900 2583 ἀληθὴς
3938 2508 4037 2575 εἷς,

2461 2601 2518 2662 ὃς
2562 2602 2686 2665 τοὺς
2720 2602 2981 2670 οὐρανοὺς
3017 2604 3286 2656 κατοικεῖ·
3322 2606 3470 2674 τρεῖς
3509 2604 3714 2668 παῖδες,
3754 2606 3850 2657 καὶ
3884 2606 4041 2658 αὐτοὶ

2463 2688 2800 2757 αἰχμάλωτοι
2826 2690 2921 2743 καὶ
2948 2690 3047 2760 τὴν
3068 2691 3381 2762 ἐλευθερίαν
3416 2694 3760 2767 ἀφῃρημένοι
3790 2695 4043 2766 ἐπαρρη-

2467 2779 2719 2832 σιάσαντο
2750 2781 2888 2849 πρὸς
2915 2783 3096 2845 αὐτὸν,
3126 2785 3220 2836 καὶ
3258 2785 3472 2837 πάντων
3517 2785 3696 2855 πολλῷ
3727 2786 3836 2839 δέει
3871 2804 4043 2857 προσ-

2467 2873 2788 2939 κυνούντων,
2816 2876 2910 2928 καὶ
2944 2876 3065 2945 μηδ’
3100 2878 3237 2939 ὅλως
3280 2878 3328 2930 εί
3376 2877 3451 2949 μὴ
3483 2880 3762 2933 πείθεσθαι
3800 2880 4046 2950 τολμών-

2466 2982 2593 3030 των,
2646 2966 2780 3019 άλλὰ
2842 2967 3026 3036 σχεδὸν
3083 2968 3297 3037 άφὸνων
3359 2970 3449 3022 ίσα
3497 2971 3592 3023 καὶ
3632 2975 3750 3034 ταῖς
3799 2972 4049 3024 κτίσεσιν

2469 3057 2795 3126 ἑλκομένων,
2832 3059 2985 3111 αὐτοὶ¹
3016 3060 3266 3114 τοσοῦτον
3296 3061 3591 3130 ἀπέχοντες
3634 3061 3727 3115 τοῦ
3768 3062 3836 3114 τά
3884 3064 4050 3131 ὃμοια

2468 3149 2579 3208 τοῖς
2626 3147 2805 3210 ἄλλοις
2846 3148 3059 3212 παθεῖν,
3092 3150 3167 3212 ὠς
3200 3151 3323 3221 μηδ’
3350 3151 3708 3214 εὐσεϐοῦντας
3732 3154 4050 3220 ἀγνοεῖσθαι

2472 3237 2773 3307 βούλεσθαι,
2831 3240 2953 3309 μηδ’
3001 3242 3290 3311 ὑπομένειν
3338 3240 3541 3307 λαθεῖν,
3593 3243 3709 3297 ἀλλ’
3748 3247 3828 3307 είς
3879 3246 4051 3316 ἀκοὴν

2470 3329 2689 3381 πάντων
2746 3328 2956 3397 λέγειν·
2994 3330 3140 3397 Τοὺς
3180 3334 3354 3399 θεούς
3399 3350 3517 3387 σου
3556 3336 3627 3387 οὐ
3653 3337 4049 3404 λατρεύομεν,

2469 3419 2568 3472 καὶ
2603 3418 2676 3487 τῇ
2700 3423 2885 3475 εικόνι
2909 3421 2983 3491 τῇ
3011 3424 3231 3493 χρυσῇ,
3258 3424 3339 3490 ῆν
3368 3426 3650 3493 ἕστηκας,
3683 3428 3754 3480 οὐ
3780 3442 4054 3494 προσκυ-

2470 3510 2723 3579 νοῦμεν·
2758 3512 2979 3577 τούτους
3016 3516 3096 3577 εἰς
3138 3515 3405 3584 τιμωρίας
3446 3517 3602 3583 λόγον
3646 3518 3741 3570 καὶ
3778 3520 3810 3586 ἡ
3839 3520 4054 3587 φοϐερά

2470 3603 2653 3672 δκείνη
2706 3604 3093 3676 παραλαϐοῦσα
3141 3608 3371 3677 κάμινος
3407 3604 3496 3679 ἦν,
3548 3609 3668 3662 οὐδὲ
3703 3611 3803 3678 τὴν
3850 3611 4053 3679 ἑαυτῆς

2470 3694 2752 3764 ἐνέργειαν
2778 3696 3116 3764 ὑπεδείξατο,
3156 3698 3344 3770 ὥσπερ
3367 3700 3423 3751 δὲ
3463 3700 3557 3751 καὶ
3588 3700 3723 3770 αὐτὴ
3760 3701 4053 3770 διευλαὸη-

2473 3784 2624 3839 θεῖσα
2651 3786 2891 3854 τούτους,
2922 3790 3151 3853 ἀπαθεῖς
3176 3792 3361 3843 κακῶν
3393 3791 3700 3859 διεφύλαξε,
3726 3794 3822 3846 καὶ
3848 3795 4052 3856 πάντες

2472 3878 2566 3931 καὶ
2605 3878 2857 3948 βασιλεὺς
2906 3882 3069 3946 αὐτὸς
3114 3886 3205 3937 τὸν
3237 3884 3412 3954 ἀληθῆ
3442 3886 3509 3938 δι’
3540 3886 3765 3938 ἐκείνων
3791 3886 3929 3939 Θεὸν
3956 3890 4051 3940 ἑπ-

2471 3969 2734 4037 έγνωσαν.
2778 3972 3047 4036 Ἐκείνους
3080 3975 3177 4045 οὐχ
3213 3978 3262 4028 oi
3298 3978 3355 4029 ὲν
3384 3978 3454 4047 γῇ
3489 3977 3669 4046 μόνον,
3700 3976 3839 4031 ἀλλὰ
3871 3978 3965 4031 καὶ
3994 3980 4049 4031 ἐν

2470 4060 2717 4127 οὐρανοῖς
2754 4050 2904 4131 χοροὶ
2940 4065 3397 4134 κατεπλάγησαν·
3435 4065 3529 4119 καὶ
3565 4066 3677 4137 γάρ
3708 4068 3789 4131 είς
3813 4069 3915 4131 τάς
3942 4068 4049 4121 τῶν

2471 4155 2641 4223 ἁγίων
2680 4157 3075 4227 άνδραγαθείας
3111 4158 3231 4213 οὐδὲ
3264 4162 3390 4223 τοὺς
3430 4162 3489 4213 εν
3514 4162 3766 4233 οὐρανοῖς
3807 4162 4046 4229 ἀπεῖναι,

2470 4247 2605 4301 άλλά
2648 4252 2951 4321 συμφοιτᾷν
2990 4253 3283 4315 κάκείνοις,
3328 4254 3356 4305 ὀ
3386 4253 3527 4316 θεῖος
3570 4254 3892 4319 Ἀπόστολος
3924 4256 4048 4308 ὐπτο

2472 4338 2656 4404 φάνειο
2682 4339 2942 4406 Θέατρον
2970 4342 3102 4411 γὰρ,
3132 4343 3315 4410 φησὶν,
3348 4343 3714 4412 ἐγενήθημεν
3738 4344 3837 4397 καί
3872 4345 4045 4415 ἀττέ-

2468 4434 2601 4495 λοις
2630 4431 2727 4483 καί
2756 4433 3109 4501 ἀνθρώποις.
3149 4436 3331 4505 Ἔχεις
3357 4434 3578 4489 τοιαῦτα
3608 4436 3703 4488 καὶ
3736 4437 3829 4490 ἐπὶ
3864 4438 4047 4489 Ἠλίαν

792 4520 885 4572 bus
912 4522 978 4572 “.
1008 4521 1169 4574 Potes
1192 4528 1247 4574 et
1275 4520 1393 4574 base
1426 4520 1481 4572 in
1512 4521 1626 4574 Elia
1652 4521 1864 4585 videre,
1885 4522 2000 4590 qui,
2020 4538 2165 4577 unus
2204 4522 2368 4575 homo
2402 4532 2443 4587 ι)
2471 4545 2472 4554 ι

2366 4550 2368 4563 ι
2402 4532 2443 4587 ι)
2471 4518 2637 4589 ὀρᾷνο
2670 4520 2752 4587 ὃς,
2780 4516 2859 4584 εἷς
2903 4523 3189 4593 ἄνθρωπος
3240 4525 3337 4587 ῶν,
3363 4528 3499 4597 πρὸς
3540 4526 3825 4590 πλείστους
3860 4530 4046 4597 ἴσχυσε

793 4624 921 4663 eum
951 4621 1115 4673 esset,
1165 4619 1355 4664 contra
1413 4610 1684 4679 plurimos
1723 4612 2029 4679 prmvaluit,
2072 4627 2171 4682 per
2198 4613 2370 4666 devo-

793 4703 1069 4757 cationem
1099 4702 1238 4772 ignis
1264 4718 1295 4757 e
1321 4703 1479 4757 casio.
1536 4702 1642 4757 Sed
1697 4713 1752 4757 et
1808 4704 2018 4774 Moyses
2061 4705 2372 4758 universam

791 4792 1084 4863 Egyptum
1119 4806 1172 4848 et
1197 4794 1535 4849 Pharaonem
1561 4795 1722 4866 20h,
1752 4804 2038 4867 tyrannum
2072 4795 2373 4864 superavit.

795 4888 943 4941 Idem
974 4887 1029 4940 in
1060 4886 1128 4941 iis
1153 4902 1273 4955 qua
1298 4887 1367 4941 de
1391 4886 1553 4948 Loth,
1590 4888 1645 4942 in
1672 4888 1739 4941 iis
1758 4904 1879 4957 qua:
1903 4889 1971 4943 de
1990 4889 2126 4953 Noe,
2153 4904 2275 4958 qua:
2307 4888 2374 4943 de

798 4981 985 5034 multis
1004 4980 1127 5034 aliis
1152 4988 1466 5044 narrantur,
1495 4994 1719 5035 cernere
1743 4989 1848 5043 est,
1874 4982 2115 5049 quicum
2141 4997 2372 5051 appare-

800 5078 925 5123 rent
943 5068 1406 5138 contemptibiles,
1428 5068 1616 5122 multis
1642 5069 1950 5124 illustribus
1978 5080 2035 5125 et
2054 5070 2372 5140 potentibus

799 5160 1119 5228 superiores
1143 5169 1456 5214 evaserunt.

873 5250 1015 5304 XIX.
1041 5249 1214 5305 Unius
1242 5248 1355 5305 fere
1384 5252 1671 5322 cujusque,
1703 5267 1839 5321 quas
1875 5252 2127 5307 videmus
2161 5267 2367 5318 rerum,

802 5356 871 5395 ea
902 5340 1149 5395 conditio
1172 5350 1277 5405 est,
1311 5348 1391 5405 ut,
1424 5342 1482 5396 ni
1511 5342 1591 5396 eis
1614 5342 1907 5397 subveniat
1934 5344 2126 5398 aliena:
2162 5356 2371 5399 natura:

806 5435 1093 5501 auxilium,
1134 5444 1400 5503 quantum
1434 5436 1487 5490 in
1520 5436 1654 5506 ipsis
1688 5444 1793 5497 est,
1829 5437 1895 5490 ad
1924 5438 2262 5506 operandum
2294 5439 2376 5492 in-

809 5527 972 5580 utiles
1020 5524 1391 5595 ini‘ormesque
1436 5527 1840 5597 relinquantur.
1894 5529 2192 5585 lneﬂ'abilis
2228 5531 2374 5584 enim

809 5616 905 5671 Dei
936 5616 1202 5685 sapientia
1233 5617 1492 5688 mysteria
1521 5628 1576 5672 et
1602 5629 1757 5691 typos
1781 5636 1879 5688 per
1917 5636 1980 5675 ea
2002 5637 2122 5691 quae
2153 5621 2209 5676 in
2237 5638 2368 5677 ocu-

882 5813 926 5849 ”
960 5813 1192 5885 Philipp.
1231 5831 1308 5883 ιιι,
1345 5816 1433 5871 20.

2473 4610 2560 4662 διὰ
2598 4610 2699 4681 τῆς
2737 4612 2831 4665 τοῦ
2875 4615 3128 4682 οὐρανίου
3177 4618 3345 4687 πυρὸς
3384 4621 3711 4690 καταγωγῆς
3738 4636 3752 4651 ·
3788 4619 3924 4674 ἀλλὰ
3957 4623 4048 4673 καὶ

2475 4702 2715 4773 Μωῡσῆς
2766 4704 2893 4788 ὅλης
2942 4706 3217 4775 Δίγύπτου
3269 4710 3362 4763 καὶ
3403 4710 3601 4781 Φαραὼ
3640 4710 3735 4764 τοῦ
3783 4714 4047 4780 τυράννου

2475 4793 2841 4861 περιεγένετο.
2864 4795 3036 4848 Τοῦτο
3064 4800 3158 4851 καὶ
3187 4801 3277 4852 ἐπὶ
3304 4800 3449 4867 Λὼτ,
3469 4801 3628 4856 τοῦτο
3656 4804 3751 4856 καὶ
3780 4805 3873 4856 ἐπὶ
3904 4803 4047 4865 Νῶε,

2477 4884 2569 4937 καὶ
2604 4884 2697 4938 ἐπὶ
2723 4886 2933 4942 πολλῶν
2966 4888 3094 4951 ῖδοις
3128 4890 3329 4961 ἑτέρων
3349 4909 3364 4925 ⁶
3388 4893 3584 4956 οἵτινες
3628 4894 3708 4963 τῷ
3737 4895 4050 4962 φαινομένῳ

2481 4974 2682 5045 πολλὴν
2712 4977 2985 5034 εὐτέλειαν
3014 4982 3392 5053 ὐπερχόμενοι,
3413 4985 3624 5038 πολλῶν
3652 4986 3917 5057 ἐκράτουν
3944 4989 4052 5041 ἑπι-

2480 5067 2546 5138 σή
2554 5085 2670 5138 μων
2696 5069 2789 5122 καὶ
2817 5069 3071 5125 δυνατῶν.

2548 5252 2649 5309 ῘΘ’.
2700 5253 2947 5327 Ἐκάστῳ
2984 5255 3093 5309 τῶν
3123 5258 3483 5329 φαινομένων,
3524 5259 3591 5331 ἢν
3626 5259 3699 5331 μὴ
3738 5260 3833 5315 καὶ
3864 5261 4053 5334 ἑτέρω

2477 5362 2558 5408 τις
2604 5345 2728 5418 ξένη
2781 5348 2941 5418 φύσις
2992 5350 3127 5420 πρὸς
3177 5351 3430 5422 βοήθειαν
3477 5354 3802 5421 ἐπιγένοιτο,
3834 5356 3895 5409 τὸ
3934 5358 4054 5408 ὅσον

2481 5441 2603 5494 καθ’
2638 5443 2798 5495 ἑαυτὸ
2826 5445 3158 5515 ἀνέργαστόν
3187 5451 3300 5501 ἐστι
3333 5449 3429 5501 καὶ
3457 5451 3787 5522 ἀκόσμητον.
3818 5452 3929 5504 Καὶ
3950 5454 4054 5522 γὰρ

2482 5531 2514 5599 ἡ
2537 5530 2629 5582 τοῦ
2652 5531 2786 5585 Θεοῦ
2814 5533 3089 5602 ἄφραστος
3124 5538 3282 5605 σοφία
3319 5540 3591 5609 μυστήρια
3620 5541 3714 5593 καὶ
3743 5541 3945 5604 τύπους
3970 5543 4057 5595 διὰ

2476 5624 2583 5675 τῶν
2610 5624 2903 5694 ὁρωμένων
2918 5627 3208 5693 δείκνυσιν,
3236 5630 3427 5700 ὅτιπερ
3459 5631 3492 5700 ἠ
3525 5630 3840 5704 ἀνθρωπίνη
3869 5631 4052 5703 φύσις,

1512 5817 1556 5849 ¹⁰
1600 5834 1618 5871 ι
1650 5815 1780 5871 Cor.
1809 5834 1866 5882 ιι,
1899 5819 1951 5873 9.
2030 5821 2071 5885 θ’
2106 5822 2241 5878 Dan.
2268 5838 2349 5885 ιιι,
2385 5822 2471 5878 18.
2551 5824 2594 5855 ’³
2630 5822 2806 5879 ICor.
2832 5842 2904 5893 xv,
2934 5827 2985 5883 9.
