4254 6358
242 387 354 449 9ἳ5

1454 384 1684 446 LIBER
1724 384 1821 445 DE
1859 384 2313 449 CHARITATE.

3403 386 3510 449 926

240 497 367 551 καθ’
398 496 597 566 ἑαυτὴν
622 489 782 558 οὖσα,
806 496 904 567 τὴν
929 495 1118 563 ἐντελῆ
1150 495 1259 550 τῶν
1286 494 1497 567 ἀρετῶν
1522 498 1822 567 διακόσμη-
1851 500 1891 556 Α

1922 496 2007 551 los
2040 497 2358 563 incurrunt,
2389 497 2568 569 iisque
2594 505 2864 552 monstrat
2906 506 3155 552 naturam
3185 497 3505 563 humanam,

247 606 336 642 σιν
363 587 463 640 καὶ
510 587 609 657 τὴν
636 588 1009 660 πνευματικὴν
1037 588 1373 657 εὐπρέπειαν
1395 589 1495 659 τῆς
1512 590 1825 660 ἁγιωσύνης

244 679 429 743 ἐκτός,
463 679 608 750 είμὴ
636 680 730 733 καὶ
756 682 855 749 τῆς
889 680 1040 743 θείας
1066 682 1361 735 ἀπολαύσω
1400 684 1602 754 χειρὸς,
1632 683 1827 737 ἀδύνα-

240 773 335 835 τός
378 774 527 825 ἐστιν
566 772 957 837 ἐπιδείξασθαι.
987 768 1112 825 Οἷον
1144 774 1177 843 ἡ
1221 774 1314 842 γῆ,
1351 774 1471 827 καθ’
1502 776 1699 844 ἑαυτῆς
1739 775 1829 844 μέ·

243 880 432 926 νουσα,
462 864 510 915 εί
540 862 615 932 μὴ
650 862 908 933 μετάσχοι
944 863 1042 932 τῆς
1072 864 1163 916 διὰ
1198 864 1312 917 τῶν
1336 866 1589 935 γηπόνων
1628 868 1826 936 ἀπιμε·

241 954 396 1015 λείας
419 993 434 1017 ,
485 946 604 1006 εἶτα
643 953 735 1005 καὶ
771 954 869 1022 τὴν
907 953 971 1006 ἐκ
1005 954 1114 1007 τῶν
1142 954 1367 1026 δμὸρων
1405 957 1501 1009 καὶ
1539 955 1633 1010 τοῦ
1669 957 1823 1027 ἡλίου

243 1044 607 1114 καταδέξηται
636 1044 944 1115 συνεργίαν,
969 1046 1340 1116 ἀνεπιτήδειός
1367 1049 1483 1101 εστι
1504 1049 1598 1102 καὶ
1624 1049 1826 1120 ἡκιστα

242 1136 473 1207 διαρκὴς
528 1137 664 1206 πρὸς
710 1140 1095 1209 καρπογονίαν.
1144 1139 1253 1193 Καὶ
1294 1136 1443 1204 οἶκος
1485 1141 1542 1195 δὲ
1580 1145 1689 1205 πᾶς
1731 1141 1826 1196 τοῦ

242 1228 472 1299 ἡλιακοῦ
503 1228 654 1281 τοῦδε
680 1228 850 1282 δεῖται
878 1232 1075 1299 φωτὸς,
1102 1233 1239 1301 ὅπερ
1259 1233 1360 1286 οὐκ
1388 1233 1505 1286 ιστι
1533 1234 1631 1305 τῆς
1657 1235 1828 1302 αὐτῆς

242 1322 440 1390 ἐκείνῳ
472 1320 721 1389 φύσεως’
761 1322 886 1375 ἐπεὶ
920 1325 1147 1388 σκότους
1182 1326 1249 1378 ἂν
1281 1326 1367 1395 εῐη
1397 1326 1827 1398 πεπληρωμένος

243 1412 343 1465 καὶ
382 1413 688 1482 ἄχρηστος·
731 1416 824 1466 καὶ
871 1413 1039 1485 ἕτερα
1068 1416 1125 1469 δὲ
1156 1416 1365 1481 τούτοις
1399 1420 1599 1488 ὁμοίως
1637 1420 1828 1489 ιχοντα

242 1502 388 1572 ὕψει.
414 1504 517 1555 Τὸν
545 1503 708 1556 αὑτὸν
742 1501 836 1558 οὖν
868 1508 1070 1575 τρόπον
1102 1508 1197 1560 καὶ
1232 1508 1266 1578 ἡ
1305 1508 1621 1578 ἀνθρωπίνη
1667 1509 1829 1577 φύσις

244 1593 544 1656 ἀδυνάτως,
559 1595 679 1646 καθ’
704 1595 902 1665 ἑαυτὴν
916 1597 1138 1666 σχοῦσα,
1155 1599 1281 1659 τοὺς
1304 1600 1551 1669 καρποὺς
1574 1600 1686 1653 τῶν
1704 1602 1830 1672 ἀρε-

242 1684 355 1735 τῶν
415 1683 655 1747 τελείους
710 1686 1039 1753 ἀποδιδόναι,
1086 1690 1257 1742 δεῖται
1308 1688 1403 1744 τοῦ
1452 1692 1827 1760 πνευματικοῦ

242 1776 485 1850 γηπόνῡυ
522 1778 630 1835 τῶν
672 1779 960 1848 ἡμετέρων
993 1779 1201 1849 ψυχῶν,
1246 1782 1492 1836 τουτέστι
1528 1783 1622 1837 τοῦ
1656 1784 1827 1837 Πνεύ-

246 1890 417 1941 ματος
437 1872 531 1925 τοῦ
550 1868 786 1943 Χριστοῦ
808 1885 831 1904 ι
852 1870 988 1939 ὅπερ
1010 1872 1100 1924 καὶ
1119 1873 1250 1925 αὐτὸ
1268 1871 1415 1937 ξένον
1434 1876 1534 1946 τῆς
1553 1876 1826 1947 ἡμετέρας

242 1964 486 2033 ἀτεχνῶς
523 1964 738 2034 φύσεως
758 1982 774 1997 ι
805 1965 1012 2035 κτίσμα
1041 1964 1149 2035 γὰρ
1172 1967 1332 2034 ἡμεῖς
1349 2007 1365 2031 ,
1394 1967 1512 2021 τόδε
1536 1968 1792 2022 ἀκτιστον
1811 1986 1824 2001 ο

246 2054 335 2105 ἵνα
376 2055 471 2106 καὶ
503 2056 567 2124 τῇ
613 2054 719 2125 ίδίᾳ
741 2055 905 2126 τέχνῃ
938 2055 1264 2126 γεωργῆσαν
1292 2055 1401 2109 τῶν
1431 2059 1642 2113 πιστῶν
1683 2076 1828 2131 φημι

244 2145 343 2207 τὰς
382 2144 626 2215 καρδίας,
656 2145 755 2209 τάς
784 2146 889 2214 ὅλῳ
911 2144 1171 2215 θελήματι
1206 2146 1405 2210 ἑαυτὰς
1424 2147 1501 2217 τῷ
1524 2166 1828 2220 πνευματι-

245 2234 331 2306 κῷ
366 2236 600 2307 γεωργῷ
634 2235 1000 2307 παραδούσας,
1032 2236 1269 2302 τελείους
1308 2238 1433 2301 τοὺς
1464 2242 1705 2309 καρποὺς
1732 2242 1824 2296 τοῦ

248 2328 568 2397 Πνεύματος
615 2326 906 2381 ἀποδοῦναι
952 2330 1365 2403 παρασκευάσῃ,
1424 2328 1610 2403 λάμψη
1654 2350 1713 2386 τε
1764 2334 1825 2388 τὸ

247 2418 441 2471 ἑαυτοῦ
472 2417 606 2492 φῶς,
630 2419 689 2470 ἐν
722 2419 789 2487 τῇ
815 2418 1175 2491 ἑσκοτισμένῃ
1202 2423 1312 2483 τοῖς
1340 2420 1572 2474 πάθεσιν
1592 2421 1691 2492 τῆς
1719 2421 1825 2492 ψυ-

245 2511 350 2578 χῆς
382 2507 539 2577 ἡμῶν
560 2490 726 2578 οἰκίᾳ.

320 2597 407 2648 K'.
438 2594 671 2667 Διπλοῦς
716 2599 843 2675 ἐστι.
867 2600 981 2662 τοῖς
1011 2600 1356 2669 Χριστιανοις
1384 2602 1414 2653 ὁ
1440 2601 1697 2671 πόλεμος,
1730 2603 1825 2656 καὶ

247 2686 411 2756 διπλῆ
467 2688 501 2757 ἡ
552 2688 735 2757 πάλητ
791 2691 926 2769 πρός
964 2707 1025 2743 τε
1064 2691 1134 2744 τά
1159 2691 1414 2764 ὁρώμενα
1452 2694 1533 2765 τῷ
1560 2695 1824 2768 ὀφθαλμῷ

245 2778 423 2848 τούτῳ
441 2793 456 2807 ⁸
494 2779 803 2849 ὐπερετίζει
834 2781 945 2851 γὰρ
971 2781 1143 2836 ταῦτα
1165 2784 1261 2836 καὶ
1291 2784 1706 2856 διαγαργαλίζει
1729 2790 1824 2841 καὶ

250 2871 560 2939 παρακαλεῖ
592 2871 691 2940 τὴν
727 2872 910 2943 ψυχὴν
935 2876 1310 2946 προσπάσχειν
1349 2880 1533 2943 αὐτοῖς
1574 2880 1669 2932 καὶ
1698 2897 1823 2934 συν-

248 2962 471 3033 ἡδεσθαι
492 2976 504 2989 ·
537 2956 658 3015 εἶτα
679 2964 936 3035 καὶγῖπρὸς
960 2965 1057 3028 τὰς
1078 2965 1169 3019 τοῦ
1188 2967 1363 3021 δεινοῦ
1383 2972 1824 3043 κοσμοκράτορος

247 3053 426 3121 ἀρχὰς
456 3053 552 3104 καὶ
573 3053 842 3117 ἕξουσίαςέ
860 3070 876 3096 .·
905 3088 919 3101 ρ

1855 1826 1903 1884 Β

1927 590 2030 644 sibi
2054 591 2302 646 relictam
2329 592 2589 653 soli,esse
2613 590 3031 645 insullicientem
3047 589 3115 643 ad
3136 590 3510 646 exhibendum

1927 680 1982 735 in
2024 697 2081 737 se
2108 682 2409 752 perfectum
2454 684 2720 737 virtutum
2766 690 3023 735 ornatum
3073 689 3129 735 et
3166 682 3507 752 spiritualem

1926 775 2302 828 sanctimoniae
2323 774 2599 839 decorem,
2631 773 2739 827 nisi
2764 773 2968 828 divina:
2994 774 3240 828 subsidio
3260 775 3511 843 perfrua-

1927 871 2019 916 tur
2047 878 2264 920 manus.
2288 864 2444 919 Sicut
2483 875 2654 927 terra,
2679 864 2733 918 in
2757 865 2873 919 suis
2894 879 3122 918 manens
3146 865 3507 926 naturalibus.

1926 953 2031 1008 nisi
2052 955 2417 1025 agricolarum
2452 957 2666 1011 artibus
2708 955 3105 1026 laboribusque
3132 965 3505 1027 praeparetur,

1928 1053 2306 1114 pratereaque
2324 1046 2429 1100 nisi
2453 1055 2509 1101 et
2538 1046 2798 1100 imbrium
2829 1055 2885 1099 et
2914 1047 3047 1100 solis
3076 1046 3346 1117 benignos
3370 1047 3510 1103 reci-

1930 1135 2044 1204 piat
2076 1135 2338 1201 inﬂuxus,
2375 1137 2557 1206 inepta
2596 1146 2682 1193 est
2732 1147 2789 1192 et
2842 1138 3068 1193 minime
3111 1138 3385 1195 suﬂiciens
3438 1140 3507 1196 ad

1927 1227 2224 1296 gignendos
2257 1227 2504 1293 fructus;
2537 1230 2788 1284 similiter
2825 1240 2880 1285 et
2906 1229 3103 1284 domus
3130 1231 3411 1300 qualibet,
3448 1242 3511 1287 ut

1934 1314 2387 1380 liatbabitabilis,
2423 1324 2549 1385 eget
2578 1317 2784 1372 lumine
2825 1318 3015 1381 solari,
3055 1319 3260 1374 aliena:
3314 1321 3507 1390 utique

1928 1405 1999 1459 ab
2022 1406 2139 1475 ipsa
2161 1416 2369 1462 natura;
2390 1425 2406 1472 ;
2437 1423 2549 1477 quo
2568 1409 2615 1462 si
2634 1417 2845 1473 careat,
2866 1411 3085 1479 oppleta
3106 1412 3507 1467 tenebrisnulli

1928 1497 2001 1552 sit
2026 1498 2150 1551 usui
2176 1515 2191 1552 :
2228 1499 2315 1553 his
2338 1500 2539 1555 similia
2565 1501 2736 1554 multa
2764 1500 2977 1555 videbis
3009 1518 3024 1555 :
3063 1502 3133 1556 ad
3158 1499 3308 1557 hunc
3340 1504 3513 1574 igitur

1929 1586 2153 1640 modum
2192 1592 2433 1642 humana
2466 1604 2686 1659 quoque
2720 1599 2917 1645 natura
2969 1592 3243 1660 impotens
3291 1590 3391 1662 per
3446 1609 3507 1648 se

1931 1676 2105 1745 ipsam
2130 1685 2216 1731 est
2244 1677 2312 1731 ad
2345 1678 2560 1733 fructus
2582 1681 2852 1734 virtutum
2903 1682 3178 1750 perfectos
3200 1684 3507 1751 producen~

1930 1765 2058 1830 dos;
2088 1766 2407 1837 indigetque
2424 1767 2489 1821 ad
2524 1769 2579 1821 id
2608 1784 2773 1837 opera
2800 1770 3101 1839 spiritualis
3120 1774 3371 1841 agricola:
3390 1773 3507 1826 ani-

1935 1871 2147 1910 marum
2188 1867 2525 1923 nostrarum,
2556 1859 2651 1929 qui
2674 1868 2759 1914 est
2790 1861 3031 1930 Spiritus
3054 1862 3282 1924 Christi.
3314 1865 3513 1919 alienat

1928 1946 2174 2016 profecto
2203 1963 2235 2002 a
2274 1957 2461 2003 nostra
2491 1960 2721 2011 natum,
2771 1967 2896 2005 cum
2929 1968 3033 2007 nos
3072 1966 3357 2019 creaturas.
3389 1959 3505 2026 ipse

1930 2037 2211 2092 increatus
2237 2039 2342 2105 sit;
2374 2047 2435 2093 ut
2458 2042 2775 2095 excolendis
2796 2052 2912 2097 arte
2939 2044 3046 2097 sibi
3092 2046 3315 2115 pr0pria
3366 2046 3504 2101 Iide—

1925 2127 2059 2183 lium
2099 2130 2362 2185 cordibus
2385 2171 2401 2197 ,
2446 2131 2535 2195 iis,
2569 2133 2813 2201 inquam,
2849 2150 2968 2203 quae
2994 2151 3051 2189 se
3082 2143 3193 2190 tota
3222 2138 3505 2194 voluntate

1924 2219 2195 2289 spirituali
2216 2221 2412 2275 colono
2439 2221 2707 2290 praebent,
2740 2222 2943 2278 elliciat
2981 2239 3047 2281 ea
3091 2225 3293 2282 feracia
3326 2228 3506 2299 perfe-

1924 2321 2138 2367 ctorum
2162 2311 2400 2381 Spiritus
2429 2312 2708 2369 fructuum
2734 2330 2751 2379 ;
2782 2326 2839 2369 et
2863 2316 3051 2371 lumen
3079 2318 3200 2387 ejus
3218 2319 3507 2388 splendeat

1925 2404 1983 2458 in
2039 2404 2399 2459 obtenebrata
2428 2407 2943 2475 perturbationibus
2975 2410 3275 2467 all‘ectuutu
3307 2413 3506 2471 anima:

1924 2506 2124 2557 nostra:
2153 2497 2339 2553 domo.

1996 2590 2113 2645 XX.
2161 2593 2369 2662 Duplex
2420 2589 2753 2650 Christianis
2798 2603 2884 2650 est
2943 2596 3147 2651 bellum
3187 2606 3246 2653 et
3295 2599 3502 2672 duplex

1923 2681 2093 2735 lucta.
2128 2682 2263 2736 Nam
2292 2693 2349 2738 et
2369 2699 2433 2739 ea
2453 2700 2574 2754 quae
2614 2700 2673 2739 se
2706 2686 2963 2755 corporis
2993 2688 3171 2743 oculis
3208 2690 3501 2761 objiciunt,

1923 2773 2181 2837 invitant,
2217 2775 2495 2831 titillando
2537 2776 2757 2831 irritant
2786 2786 2841 2833 et
2892 2789 3198 2848 provocant
3240 2782 3503 2847 animam,

1924 2865 1993 2919 ad
2026 2879 2086 2918 se
2113 2866 2313 2921 allectu
2337 2866 2776 2935 complectenda,
2811 2878 2867 2923 et
2905 2870 2974 2924 ad
3015 2871 3216 2927 oblatis
3257 2886 3356 2940 per
3387 2873 3506 2942 ipsa

1924 2958 2298 3028 voluptatibus
2308 2958 2627 3027 fruendum;
2652 2961 2908 3031 ultraque
2926 2962 3064 3026 haec,
3080 2962 3345 3021 adversus
3359 2967 3507 3021 acris

1932 3050 2197 3120 principis
2233 3052 2421 3105 mundi
2453 3052 2793 3121 principatus
2818 3062 2874 3107 et
2904 3062 3221 3122 potestates.

324 3141 455 3194 KA'.
501 3142 564 3193 Ἣ
591 3142 715 3207 δόξα
741 3145 1005 3209 Μωσέως,
1030 3147 1095 3216 ἢν
1123 3146 1215 3199 ἐπὶ
1243 3146 1339 3201 τοῦ
1372 3150 1663 3218 προσώπου
1686 3147 1820 3221 εἶχε,
1850 3146 1891 3203 C

1996 3142 2347 3198 XXI.Gloria
2370 3144 2534 3199 Mosis
2567 3160 2730 3214 quam
2772 3144 2827 3198 in
2864 3146 3003 3201 facie
3060 3147 3255 3202 habuit
3300 3149 3366 3211 ”,
3420 3157 3505 3220 ty-

247 3232 420 3294 τύπος
471 3233 570 3301 τῆς
617 3226 1047 3304 ἀληθοῦς.δόξης
1077 3237 1169 3289 τοῦ
1202 3240 1466 3307 παναγίου
1507 3240 1824 3311 Πνεύματος

246 3318 317 3393 ἦν
339 3340 351 3353 ·
378 3323 437 3375 ὂν
460 3324 567 3391 γὰρ
592 3324 789 3393 τρόπον
814 3326 1055 3389 εκεῖ-πᾶς
1083 3329 1231 3392 ὅστις
1264 3330 1509 3385 ἀτενίσαι
1538 3333 1821 3397 ἀδύνατος.

249 3412 408 3467 Οῦτω
437 3412 531 3465 καὶ
559 3415 654 3468 νῦν
677 3415 879 3485 ταύτην
897 3418 997 3487 τὴν
1024 3418 1203 3484 δόξαν,
1235 3422 1335 3491 τὴν
1362 3422 1541 3494 ψυχὴν
1564 3425 1823 3495 Χριστια-

250 3505 347 3576 νὴν
391 3506 824 3576 ὲτιιλάμπουσαν,
873 3508 933 3561 τὸ
960 3509 1067 3561 τῶν
1097 3510 1284 3564 παθῶν
1326 3514 1515 3577 σκότος
1555 3516 1653 3585 οὐχ
1689 3518 1824 3571 ὑπο-

252 3599 441 3667 μένει·
490 3598 603 3665 ἀλλ’
642 3599 748 3652 ὑπὸ
792 3600 893 3670 τῆς
927 3603 1104 3673 αὐγῆς
1144 3604 1348 3675 ταύτης
1388 3608 1824 3679 ἀποδιωκόμενον

251 3690 535 3758 φεύγεται.
1660 3688 1667 3698 ’
1707 3708 1711 3714 “

323 3781 452 3835 KB’.
485 3782 573 3852 Τῷ
611 3781 894 3853 φιλαλὴθει
933 3783 1028 3836 καὶ
1057 3783 1287 3855 φιλοθέῳ
1330 3787 1424 3839 καὶ
1450 3788 1831 3878 ήςρὲπουράέ

250 3871 364 3926 visu
397 3871 730 3941 γλυκύτητος
762 3873 1375 3955 γευσαμένῳ,,εμφυτόν
1405 3891 1465 3927 τε
1496 3862 1591 3929 καί
1620 3859 1842 3954 δίεκ’ρα‹ι’

254 3964 425 4034 μένην
464 3965 521 4016 ιν
567 3967 631 4033 τῇ
672 3964 827 4033 ψυχῇ
853 3964 1175 4034 κεκτημένῳ
1209 3967 1309 4035 τὴν
1338 3968 1521 4036 χάριν,
1562 3970 1655 4022 και
1682 3960 1891 4042 mir“

249 4056 444 4109 ἑαυτὸν
510 4058 621 4117 τοίς
656 4045 943 4132 ’θελήμασι
1002 4059 1102 4125 τῆς
1159 4058 1383 4132 χάριτος
1443 4041 1817 4129 ὲπιτρέψᾶτῖτῖ,

249 4148 431 4200 πάντα
480 4145 573 4199 τοῦ
611 4130 806 4208 αἰῶνος
835 4146 987 4199 τοῦδε
1024 4147 1112 4201 διὰ
1156 4150 1347 4217 μίσους
1370 4130 1514 4226 ᾆστί·
1554 4154 1821 4222 κρείττων

248 4238 362 4308 γαρ
416 4230 571 4301 οὗτος
613 4238 721 4317 τῷν
771 4238 881 4290 τοῦ.
920 4238 1125 4307 κόσμου
1161 4242 1399 4311 κατέστη
1431 4242 1684 4295 πάντων·
1717 4243 1819 4297 κάν

248 4331 452 4399 χρυσὸν
482 4330 661 4399 εῐπης,
690 4328 817 4382 -κᾶν
868 4330 1134 4399 ἄργυρον,
1177 4330 1281 4383 κᾶν
1312 4322 1478 4401 τιμὰς
1515 4334 1609 4387 καὶ
1639 4334 1815 4398 δόξας,

247 4420 352 4473 κᾶν
402 4420 786 4490 μακαρισμοὺς
816 4420 910 4473 καὶ
938 4419 1225 4482 ἐπαίνουςο
1260 4422 1351 4474 ὑπ’
1379 4422 1589 4487 οὐδενὸς
1619 4425 1816 4478 ἁλῶναι

246 4508 361 4561 τῶν
388 4507 641 4583 τοιούτων
673 4507 899 4559 δύναται
922 4524 936 4537 ·
960 4508 1149 4563 καθότι
1171 4509 1399 4564 πλούτου
1424 4510 1584 4565 ἄλλου
1611 4513 1706 4565 καὶ
1733 4531 1815 4567 τι-

254 4602 365 4672 μῆς
390 4602 577 4671 ἄλλης,
610 4603 803 4671 ἑτέρας
841 4603 899 4655 δὲ
929 4602 1085 4673 δόξης
1118 4607 1196 4668 είς
1224 4609 1416 4677 πειραν
1446 4611 1693 4676 ἀφῖκται,
1723 4613 1816 4662 καὶ

251 4701 413 4770 ἡδονῇ
452 4697 716 4767 ἀφθάρτῳ
754 4698 1010 4767 τρέφεται
1043 4697 1142 4767 τὴν
1184 4699 1384 4769 ψυχὴν,
1421 4701 1517 4753 καὶ⁵
1564 4701 1815 4772 αἴσθησιν

252 4792 369 4859 εχει
416 4788 511 4841 καὶ
542 4788 913 4857 πληροφορίαν
942 4778 1122 4842 πᾶσαν
1150 4789 1235 4842 διά
1270 4788 1371 4860 τῆς
1402 4792 1683 4857 κοινωνίας
1720 4793 1814 4847 τοῦ

252 4879 590 4948 Πνεύματος.

324 4970 450 5023 KI".
498 4961 686 5031 Οὗτος,
738 4968 911 5038 ὁπόση
960 4968 1038 5038 τῷ
1081 4969 1285 5039 λογικῷ
1325 4970 1543 5041 ποιμένι
1590 4973 1817 5043 διαφορά

251 5061 389 5131 πρὸς
414 5060 481 5111 τά
502 5059 670 5123 ἀλογα
704 5058 1017 5127 θρέμματα,
1048 5059 1303 5111 τοσοῦτον
1320 5062 1377 5111 ἐν
1405 5062 1614 5115 συνέσει
1644 5080 1703 5115 τε
1726 5066 1818 5117 καὶ

248 5150 451 5220 γνώσει
482 5149 575 5201 καὶ
602 5148 890 5218 διακρίσει,
915 5147 1023 5201 τῶν
1055 5150 1354 5220 ἀνθρώπων
1372 5150 1643 5221 διαφέρων
1669 5154 1814 5207 ἐστι·

250 5243 348 5294 atat
362 5240 469 5308 γὰρ
484 5238 643 5292 ἀλλου
662 5238 1103 5307 Πνεύματος,καὶ
1117 5238 1275 5293 ἀλλου
1292 5240 1431 5303 νοὸς,
1445 5240 1608 5310 ἀλλης
1622 5258 1680 5294 τε
1699 5260 1821 5297 συν-

251 5334 419 5393 έσεως
447 5332 538 5383 καὶ
564 5328 754 5397 σοφίας
776 5329 926 5397 παρά
938 5329 1037 5397 τὴν
1049 5328 1141 5381 τοῦ
1168 5330 1372 5399 κόσμου
1391 5330 1579 5383 τούτου
1603 5334 1820 5405 μετέχει

254 5423 480 5491 σοφίαν·
512 5420 739 5488 Σοφίαν
786 5419 917 5489 γὰρ,
947 5420 1101 5489 φησὶ,
1139 5420 1446 5489 λαλοῦμεν
1477 5421 1690 5490 ἐντοῖς
1730 5440 1822 5478 τε·

251 5520 441 5583 λείοις
459 5530 474 5544 ·
498 5517 721 5584 σοφίαν
736 5512 804 5565 δὲ
828 5513 899 5565 οὐ
919 5512 1025 5565 τοῦ
1046 5511 1256 5577 αἰῶνος
1282 5513 1527 5579 τούτου,
1543 5514 1684 5568 οὐδὲ
1697 5516 1817 5569 τῶν

252 5612 563 5680 ἀρχόντων
611 5605 719 5660 τοῦ
762 5603 973 5669 αίῶνος
1008 5604 1224 5657 τούτου
1260 5603 1378 5659 τῶν
1416 5609 1815 5679 καταρῃουμέ-

326 5796 370 5826 ’⁸
398 5792 569 5847 Exod.
599 5808 779 5856 xxxiv,
805 5792 891 5848 50.
967 5794 1013 5825 “
1044 5792 1089 5847 ll
1122 5791 1249 5848 Cor.
1276 5809 1353 5859 ιιι,
1378 5794 1429 5847 7.

1927 3250 2030 3303 pus
2057 3249 2200 3287 vera:
2232 3235 2419 3305 gloria:
2460 3236 2797 3291 sanctissimi
2839 3236 3081 3306 Spiritus
3114 3245 3274 3309 erat;
3311 3254 3508 3308 quem-

1924 3325 2219 3379 admodum
2256 3326 2405 3379 enim
2458 3326 2572 3381 illic
2617 3342 2779 3381 nemo
2810 3335 3025 3396 poterat
3054 3319 3341 3384 intendere
3364 3344 3503 3384 ocu-

1924 3416 2007 3471 los
2052 3418 2107 3470 in
2156 3416 2320 3471 Mosis
2359 3416 2554 3470 faciem
2592 3418 2657 3481 “,
2707 3417 2789 3472 sic
2833 3424 2891 3472 et
2941 3418 3114 3471 nbnc‘
3143 3421 3502 3489 resplenden-

1926 3516 2035 3561 tem
2059 3507 2114 3560 in
2148 3508 2329 3561 anima
2359 3506 2667 3562 Christiana
2698 3507 2970 3577 ejusmodi
3006 3496 3233 3578 gloriam
3261 3512 3515 3567 tenebran-

1925 3599 2225 3653 aﬂ‘cctuum
2248 3614 2361 3653 non
2387 3598 2693 3653 sustinent:
2717 3598 2812 3653 sed
2837 3599 2907 3653 ab
2937 3599 3032 3653 illo
3054 3599 3260 3655 abaeta
3288 3601 3504 3672 fulgore

1924 3690 2241 3760 dill‘ugiunt.
2525 3732 2535 3747 .
2663 3686 2685 3736 .’
2759 3746 2789 3760 4
2918 3705 2935 3760 ;
3136 3709 3147 3739 ν·

1905 3835 1920 3851 ,
1994 3746 2159 3837 Χίιι.
2188 3783 2252 3837 Ei
2283 3781 2379 3851 qui
2404 3776 2694 3848 veritatem
2847 3746 3020 3836 Deum
3050 3784 3504 3855 .amat,,quique

1868 3922 1883 3943 ,
1906 3848 2204 3928 caelestem
2230 3848 2576 3944 dulcedinem
2616 3848 2878 3954 gustavit,
2908 3855 2980 3944 fet
3012 3848 3503 3954 insitam‘co'nc're.

1924 3964 2147 4033 tamque
2179 3962 2401 4033 penitus
2430 3962 2624 4035 anima
2653 3948 3181 4045 possidet-gratiam,
3214 3948 3502 4035 totumque

1921 4044 1981 4111 se
2024 4044 2509 4122 arbitriis'f'gratia
2553 4044 3047 4128 permisit,jtini_nia'
3089 4054 3276 4108 seculi
3333 4045 3502 4126 hujus

1921 4160 2089 4200 exosa
2128 4150 2284 4211 sunt.
2305 4127 2909 4213 l’raastantior'quippe~
2938 4143 3029 4198 hic
3061 4152 3117 4199 et
3138 4131 3415 4214 superior‘
3440 4157 3498 4201 et

1919 4239 2341 4308 quibuscunque
2389 4234 2581 4288 mundi
2617 4220 2818 4299 rebus’,
2880 4234 3233 4290 sive-aurum
3265 4236 3490 4303 dixeris,
3540 4229 3548 4242 ’

1919 4331 2035 4384 sive
2083 4338 2401 4399 argentum;
2439 4328 2554 4381 sive
2609 4327 2849 4380 honores
2901 4335 2957 4381 et
3002 4326 3319 4398 dignitates,
3376 4334 3495 4386 sive

1919 4413 2453 4489 congratulationes.
2496 4426 2553 4471 et
2611 4416 2838 4485 laudes;
2894 4416 3045 4472 nullo
3112 4419 3305 4473 talium
3369 4418 3489 4495 capi

1920 4521 2122 4582 potest,
2149 4509 2409 4579 quoniam
2437 4504 2673 4587 I'aliarum
2704 4508 2863 4579 lo‘ngc
2889 4508 3228 4581 divitiarum,
3264 4511 3505 4568 alterius-

1917 4601 2325 4659 excellentioris
2382 4590 2665 4670 dignitatis
2725 4588 2942 4668 gustum
3002 4594 3337 4670 experiendo
3368 4588 3497 4673 per-

1917 4696 2083 4765 cepit,
2108 4702 2164 4749 et
2185 4684 2464 4761 voluptate
2509 4690 2910 4759 incorruptibili
2945 4693 3125 4745 anima
3149 4694 3268 4762 ejus
3295 4695 3490 4761 alitur;

1917 4799 2193 4853 sensuque
2247 4781 2440 4835 intimo
2484 4794 2549 4833 ac
2599 4779 2943 4848 possessione
2985 4780 3142 4834 beata
3188 4784 3495 4837 communi-

1923 4876 2062 4931 catis
2087 4876 2156 4930 ab
2190 4872 2531 4928 inhabitante
2582 4870 2685 4939 ipsi
2725 4869 2933 4939 Spiritu
2976 4870 3178 4925 fruitur
3212 4872 3391 4928 bonis.

1992 4968 2186 5022 XXIII.
2208 4966 2385 5034 Hujus
2414 4971 2562 5017 tanta
2590 4971 2675 5016 est
2726 4977 2894 5031 supra
2942 4963 3196 5032 vulgares
3242 4963 3502 5019 homines

1922 5058 2266 5119 excellentia,
2296 5064 2565 5125 quantum
2600 5055 2813 5107 ratione
2841 5054 3104 5122 prmditus
3133 5063 3322 5124 pastor
3349 5056 3491 5110 emi-

1924 5160 2020 5206 net
2050 5165 2213 5220 supra
2243 5150 2435 5202 brutas
2472 5146 2750 5215 pecudes;
2787 5153 3017 5209 tantum,
3068 5145 3311 5215 inquam,
3341 5147 3499 5201 anti-

1926 5248 2034 5294 stat
2062 5237 2379 5293 mortalium
2409 5234 2622 5289 cateris
2650 5234 2936 5302 sapientia.
2982 5234 3231 5299 scientia,
3276 5234 3491 5291 discre-

1927 5331 2096 5394 tione,
2125 5329 2324 5399 quippe
2362 5326 2457 5396 qui
2491 5325 2657 5379 alium
2704 5324 2989 5393 Spiritum,
3023 5324 3185 5379 aliam
3220 5339 3483 5392 mentem,

1927 5422 2088 5476 aliam
2111 5418 2457 5491 prudentiam
2503 5431 2567 5471 ac
2616 5415 2962 5485 sapientiam,
2997 5430 3159 5485 quam
3196 5415 3489 5486 prudentia

1928 5511 2118 5566 mundi
2150 5517 2255 5571 est,
2295 5507 2559 5578 possidet.
2591 5504 2922 5576 Sapientiam
2965 5504 3136 5571 enim,
3168 5505 3381 5575 inquit,
3413 5506 3496 5561 lo-

1921 5605 2009 5675 qui
2015 5618 2131 5657 mur
2146 5599 2304 5671 205
2318 5601 2453 5653 inter
2465 5598 2737 5671 perfectos,
2750 5598 3064 5667 sapientiam
3078 5612 3197 5652 sero
3212 5598 3492 5671 nonhsju
