4254 6358
800 394 903 456 927

2023 390 2086 451 8.
2124 386 2445 451 MACARII
2487 384 2814 451 EGYPTII

3939 394 4049 462 928

799 508 1000 571 circuli;
1018 522 1182 574 neque
1199 506 1494 575 principum
1518 503 1672 573 hujus
1690 502 1889 561 circuli.
1904 503 1992 572 qui
2005 503 2369 563 destruuntur,
2401 504 2444 559 Α
2472 516 2479 553 1

2364 541 2369 561 ,
2401 504 2444 559 Α
2472 515 2624 553 νωνο
2656 502 2818 555 ἀλλὰ
2837 503 3146 572 λαλοῦμεν
3170 506 3397 573 σοφίαν
3427 506 3595 569 Θεοῦ,
3621 508 3692 561 ἐν
3707 518 4044 579 μυστηρίῳ.

799 601 888 652 sed
913 598 1178 667 loquimur
1204 596 1297 649 Dei
1322 596 1633 663 sapientiam
1662 594 1717 645 in
1750 596 1993 663 mysterio
2025 594 2093 645 β’.
2136 594 2365 661 Propter

802 693 915 744 hac
941 689 1155 742 cunctis
1177 686 1511 748 hominibus,
1528 684 1715 737 mundi
1738 683 1991 752 spiritum
2012 684 2364 745 habentibus,

802 783 882 836 uti
914 782 1118 835 dictum
1152 787 1255 840 est,
1278 794 1376 831 seu
1407 776 1730 845 prudentia,
1774 792 1869 829 seu
1902 777 2185 845 sapientia
2215 791 2365 829 com-

802 874 1108 943 paratione,
1146 871 1234 924 ille
1279 884 1308 922 a
1341 868 1500 922 nobis
1535 868 1845 936 descriptus
1894 867 2161 920 immenso
2201 866 2369 919 inter-

802 966 946 1017 vallo
998 961 1402 1032 supereminet;
1460 960 1727 1028 siquidem
1788 958 1878 1011 hic
1934 975 2109 1011 omnes
2139 960 2366 1011 homines

801 1058 1055 1125 dijudicat
1091 1056 1157 1119 “,
1191 1052 1491 1107 secundum
1549 1052 1693 1120 quod
1726 1050 1989 1119 scriptum
2033 1060 2153 1105 est:
2204 1050 2368 1119 spiri-

802 1147 984 1209 tualis,
1037 1144 1282 1213 inquam,
1332 1146 1611 1213 cognoscit
1663 1158 2129 1213 unumquemque,
2163 1142 2370 1195 discer-

805 1254 943 1291 nens
981 1236 1125 1290 unde
1181 1236 1455 1305 loquatur,
1501 1234 1591 1287 ubi
1619 1243 1744 1298 stet,
1789 1234 1843 1288 in
1872 1236 2074 1303 quibus
2095 1242 2366 1287 versetur.

801 1330 985 1399 Ipsum
1052 1339 1233 1383 autem
1300 1328 1544 1381 vicissim
1612 1327 1965 1396 dignoscendi
2020 1335 2113 1379 aut
2168 1326 2369 1395 dijudi-

802 1422 985 1484 candi,
1017 1420 1224 1475 nemini
1260 1420 1512 1488 spiritum
1546 1419 1735 1472 mundi
1770 1418 2089 1471 habentium
2138 1418 2369 1473 facultas

803 1521 925 1575 est;
960 1512 1064 1565 nisi
1096 1510 1189 1579 qui
1224 1511 1432 1579 pariter
1479 1524 1603 1563 cum
1627 1525 1693 1563 eo
1726 1509 2029 1563 divinitatis
2054 1511 2370 1579 impertitus

805 1602 1011 1671 Spiritu
1047 1601 1248 1655 fuerit:
1305 1608 1362 1653 ut
1413 1600 1491 1652 ait
1536 1600 1603 1655 de
1660 1601 1862 1653 talibus
1896 1604 2127 1669 loquens
2151 1601 2369 1655 divinus

801 1692 1130 1759 Apostolus:
1186 1688 1559 1757 Spiritualibus
1602 1690 1908 1758 rpiritualia
1959 1702 2369 1759 comparantes;

800 1781 1050 1835 animalis
1086 1790 1259 1834 autem
1283 1783 1434 1833 homo
1464 1796 1566 1831 non
1600 1781 1816 1849 percipit
1848 1798 1963 1850 qua:
1990 1788 2110 1833 sunt
2141 1780 2369 1850 Spiritus

803 1874 914 1927 Dei.
952 1872 1189 1926 Stultitia
1219 1874 1355 1924 enim
1381 1879 1455 1924 est
1479 1871 1559 1924 illi
1588 1888 1605 1934 ;
1637 1871 1930 1938 spiritualis
1971 1879 2144 1923 autem
2163 1871 2367 1940 judicat

799 1966 1000 2025 omnia,
1037 1974 1084 2015 et
1119 1964 1229 2031 ipse
1253 1979 1284 2014 α
1312 1964 1516 2015 neruine
1546 1962 1819 2029 judicatur
1846 1962 1910 2014 ".

869 2053 1060 2107 XXIV.
1102 2053 1218 2105 Non
1265 2052 1425 2105 aliter
1461 2053 1717 2119 cuiquam
1772 2051 2092 2119 contingere
2140 2050 2369 2104 sanctis-

800 2144 923 2196 simi
976 2144 1137 2213 hujus
1187 2142 1424 2210 Spiritus
1473 2142 1819 2210 participatio
1869 2150 2069 2209 potest,
2112 2157 2273 2209 quam
2325 2141 2367 2195 si

801 2237 961 2305 plane
989 2234 1309 2304 peregrinus
1333 2234 1509 2287 factus
1548 2233 1676 2286 huic
1705 2234 1924 2295 saculo,
1966 2240 2144 2284 totum
2180 2247 2237 2285 se
2270 2231 2367 2284 ad-

799 2328 948 2381 dicat
982 2324 1321 2394 inquisitioni
1352 2323 1636 2377 charitatis
1665 2322 1903 2386 Christi;
1970 2323 2039 2375 ita
2089 2331 2150 2376 ut
2197 2324 2372 2375 omni-

802 2418 907 2470 bus
943 2430 1066 2484 qua
1098 2414 1245 2467 circa
1282 2411 1564 2466 materiam
1609 2422 1919 2473 versantur,
1964 2412 2115 2465 curis
2160 2414 2372 2467 solutus

800 2509 1040 2569 animus,
1073 2504 1166 2558 uni
1198 2504 1326 2556 huic
1360 2501 1704 2570 assequendo
1748 2517 1913 2569 scopo
1949 2510 2123 2565 vacet,
2156 2517 2265 2570 quo
2293 2502 2373 2555 sic

800 2594 999 2662 dignus
1032 2591 1123 2645 fiat
1149 2591 1203 2643 in
1233 2606 1401 2643 unum
1442 2604 1567 2643 cum
1612 2587 1833 2642 Christo
1879 2589 2185 2642 coalescere
2214 2590 2373 2657 spiri-

801 2696 939 2747 tum.
976 2694 1036 2737 ut
1066 2683 1143 2737 ait
1186 2681 1515 2751 Apostolus:
1559 2679 1661 2744 Qui
1685 2681 1916 2732 adliceret
1968 2679 2371 2742 Domino,unus

800 2778 1017 2846 spiritus
1069 2774 1221 2827 est“.
1262 2772 1470 2825 Anima
1523 2786 1653 2825 vero
1704 2786 1826 2839 qua
1860 2772 2085 2824 omnino
2138 2772 2371 2839 cuipiam

804 2882 989 2922 rerum
1017 2866 1179 2934 hujus
1208 2864 1392 2918 saculi
1424 2862 1600 2917 defixa
1647 2872 1753 2925 est,
1793 2870 1888 2915 aut
1926 2862 1979 2914 in
2025 2877 2145 2915 eam
2176 2861 2371 2915 affectu

803 2959 991 3025 aliquo
1040 2954 1379 3025 propendet;
1416 2963 1542 3021 puta
1588 2953 1817 3014 divitiis.
1861 2954 2069 3022 gloria,
2102 2962 2197 3006 aut
2240 2954 2375 3006 ami-

802 3046 947 3099 citia
986 3044 1293 3105 mundana,
1326 3057 1434 3095 non
1482 3042 1587 3096 erit
1634 3043 1893 3110 possibile
1943 3042 2130 3111 fugere
2176 3052 2231 3097 et
2265 3050 2373 3095 tra-

798 3135 1041 3205 jiciendo
1082 3147 1435 3203 perrumpere
1481 3133 1735 3187 tenebras
1776 3133 2173 3187 diabolicarum
2216 3143 2372 3203 pote-
2401 3152 2442 3207 ο

804 3232 1029 3279 statum.

881 3316 1041 3369 XXV.
1069 3318 1327 3371 Veritatis
1370 3326 1426 3370 et
1480 3318 1574 3371 Dei
1614 3326 1862 3371 amantes
1902 3316 2118 3379 anima,
2153 3332 2222 3371 ne
2254 3316 2382 3369 bre-

804 3425 928 3463 vem
984 3409 1205 3477 quidem
1248 3408 1710 3461 intermissionem
1762 3408 2053 3461 admittere
2110 3409 2381 3461 sustinent

806 3500 1010 3553 amoris
1049 3513 1159 3566 quo
1206 3515 1332 3566 erga
1371 3498 1658 3552 Dominum
1694 3498 1960 3567 ﬂagrant;
2005 3498 2100 3551 sed
2144 3508 2273 3551 tota
2308 3514 2373 3552 ex

807 3601 924 3643 toto
966 3590 1118 3642 cruci
1160 3589 1321 3657 hujus
1366 3588 1591 3641 confixa
1618 3629 1632 3652 ,
1684 3588 2024 3655 spiritualem
2070 3588 2376 3657 profectum

808 3696 972 3734 sensu
1002 3679 1237 3747 quodam
1274 3679 1465 3732 intimo
1501 3688 1557 3732 et
1608 3695 1807 3732 arcana
1856 3680 2171 3748 intelligunt
2220 3695 2381 3748 expe-

808 3769 1027 3830 rientia.
1064 3770 1373 3823 Vulnerata
1424 3769 1591 3838 igitur
1631 3769 1735 3823 isto
1769 3769 2075 3833 desiderio,
2111 3779 2186 3833 ct,
2212 3780 2270 3823 ut
2304 3773 2382 3825 sic

805 3860 1007 3925 dicam,
1064 3860 1326 3913 famelica
1376 3859 1603 3927 iustitia
1666 3860 2021 3927 omniumque
2089 3861 2378 3933 virtutum,

806 3960 969 4020 atque
1011 3950 1393 4004 illustrationis
1448 3948 1576 4002 boni
1640 3948 1899 4017 Spiritus,
1945 3949 2049 4002 etsi
2106 3952 2382 4019 mysteriis

804 4044 981 4110 digna
1007 4041 1206 4095 divinis
1232 4081 1245 4103 ,
1276 4039 1376 4093 etsi
1406 4039 1608 4092 latitia
1638 4038 1878 4091 calestis
1906 4048 1962 4091 et
1998 4039 2190 4107 gratia
2216 4041 2379 4109 parti-

806 4133 957 4202 cipes
989 4132 1143 4185 facta
1163 4132 1291 4194 sint,
1328 4146 1437 4183 non
1468 4141 1649 4183 tamen
1676 4130 1729 4182 in
1760 4145 1819 4183 se
1866 4131 2167 4197 confidunt,
2206 4148 2382 4201 neque

807 4241 928 4279 esse
983 4240 1040 4278 se
1092 4223 1302 4292 aliquid
1355 4231 1589 4291 putant;
1629 4222 1723 4276 sed
1758 4230 1964 4290 quanto
2010 4223 2383 4280 abundantius

805 4323 1221 4382 consequuntur
1254 4313 1559 4381 spiritualia
1592 4311 1754 4373 dona,
1784 4320 1933 4364 tanto
1975 4311 2193 4366 avidius
2233 4314 2383 4367 inex-

2466 593 2564 643 Διά
2594 592 2770 646 ταῦτα
2792 594 2886 646 καὶ
2919 595 3134 648 πάντων
3159 594 3269 649 τῶν
3290 596 3593 667 ἀνθρώπων
3623 601 3684 652 τὸ
3713 601 3809 653 τοῦ
3837 604 4049 671 κόσμου

2469 684 2684 753 πνεῦμα
2737 685 2992 753 ἑχόντων,
3043 686 3294 757 καθάπερ
3339 688 3574 758 εῐρηται,
3617 691 3726 743 εἴτε
3763 693 4047 762 φρονίμων

2466 775 2574 826 εἴτε
2629 776 2829 844 σοφῶν,
2886 778 2915 829 ὁ
2965 778 3169 830 τοιόσδε
3222 782 3333 841 τοῖς
3382 780 3523 843 ὅλοις
3580 781 3895 853 διενήνοχεο
3955 788 4048 837 καὶ

2467 862 2700 929 πάντας
2751 864 2867 932 μὲν
2897 866 3249 934 ἀνθρώπους
3297 869 3627 936 ἀνακρίνει,
3670 875 3814 926 κατᾶ
3859 875 3922 927 τὸ
3954 892 4048 941 γε-

2468 954 2808 1021 γραμμένον.
2862 955 2923 1006 Ὀ
2960 958 3202 1020 τοιοῦτος
3240 960 3497 1026 γινώσκει
3526 978 3586 1013 τε
3611 963 3842 1016 ἕκαστον
3882 966 4045 1018 πόθεν

2467 1059 2523 1094 τε
2560 1043 2728 1111 λέγει,
2771 1044 2864 1098 καὶ
2890 1045 2991 1097 ποῦ
3019 1048 3241 1117 ἕστηκε,
3278 1050 3338 1101 ὲν
3368 1051 3540 1114 ποίοις
3573 1054 3755 1105 ἐστίν·
3794 1056 3959 1107 αὑτὸν
3986 1056 4044 1109 it

2466 1132 2644 1187 οὖδενὶ
2680 1135 2788 1188 τῶν
2820 1136 3053 1204 ἑχόντων
3081 1138 3141 1190 τὸ
3173 1140 3267 1191 τοῦ
3306 1142 3513 1211 κόσμου
3544 1143 3762 1213 πνεῦμα
3788 1146 4043 1213 διαγινώο

2471 1241 2620 1277 σκειν
2648 1244 2707 1278 τε
2739 1228 2833 1279 καὶ
2859 1230 3171 1298 ἀνακρίνειν
3201 1231 3458 1300 δύναμις·
3486 1236 3567 1288 ὅτι
3594 1238 3668 1305 μὴ
3693 1238 3892 1307 ἐκείνῳ
3916 1232 3959 1304 ᾧ
3986 1240 4045 1291 τὸ

2468 1315 2653 1383 ὅμοιόν
2697 1318 2814 1368 ἐστι
2859 1319 2958 1385 τῆς
3008 1318 3261 1389 θεότητος
3300 1324 3537 1392 πνεῦμα,
3579 1327 3719 1378 κατά
3766 1328 3862 1379 τὸν
3903 1327 4042 1381 θετον

2484 1408 2806 1461 ’Λπόστολον
2828 1425 2843 1439 ⁸
2896 1412 3332 1478 Πνευματικοῖς
3370 1416 3741 1483 πνευματικά
3798 1421 4036 1486 συγκρί-

2468 1513 2680 1562 νοντες
2698 1511 2713 1526 ⁶
2743 1502 3002 1567 ψυχικὸς
3026 1500 3095 1552 δὲ
3127 1502 3437 1569 ἄνθρωπος
3466 1508 3537 1557 οὺ
3570 1506 3807 1573 δέχεται
3836 1510 3911 1561 τὰ
3940 1509 4043 1561 τοῦ

2470 1590 2814 1655 llr-stipato;-
2835 1591 2939 1643 τοῦ
2966 1592 3115 1644 Θεοῦ
3132 1610 3145 1622 ·
3172 1596 3362 1660 μωρία
3384 1593 3494 1661 γάρ
3520 1596 3648 1647 ἐστι
3673 1599 3896 1660 τούτῳ·
3920 1600 3954 1650 d
3980 1597 4045 1649 δὲ

2470 1679 2872 1744 πνευματικὸς
2890 1680 3198 1746 ἀνακρίνει
3222 1681 3340 1748 μὲν
3356 1682 3573 1749 πάντα,
3603 1685 3788 1750 αὐτὸς
3818 1685 3924 1739 ὑπ’
3947 1687 4045 1739 οὐ·

2470 1765 2645 1832 δενὸς
2670 1768 3067 1836 ἀνακρίνεται.

2542 2037 2668 2094 KA'.
2721 2041 2827 2095 Τοῦ
2888 2044 3157 2112 παναγίου
3206 2044 3264 2098 δέ
3315 2062 3449 2117 φησι
3492 2046 3681 2100 τοῦτον
3729 2048 4045 2116 Πνεῦματος

2473 2132 2757 2201 ἀμήχανον
2790 2132 2965 2196 ἄλλως
3000 2138 3207 2205 τυχεῖν,
3236 2137 3285 2188 εί
3336 2137 3412 2205 μὴ
3440 2137 3658 2189 πάντων
3700 2156 3783 2199 τις
3811 2139 3924 2190 τῶν
3954 2138 4045 2189 τοῦ

2471 2221 2670 2283 αἰῶνος
2710 2224 2903 2276 τούτου
2945 2225 3093 2289 ξένος
3135 2226 3445 2295 γενόμενος,
3494 2228 3629 2297 πρὸς
3668 2229 3767 2296 τὴν
3819 2228 4046 2297 ζήτησιν

2472 2312 2571 2381 τῆς
2620 2313 2714 2366 τοῦ
2773 2315 3013 2383 Χριστοῦ
3061 2315 3284 2386 ἀγάπης
3335 2317 3527 2369 ἑαυτὸν
3577 2318 3923 2381 ὰποτάξειεν,
3965 2318 4048 2370 [va

2474 2403 2666 2455 πασῶν
2695 2403 2804 2456 τῶν
2844 2404 2986 2457 κατὰ
3013 2406 3111 2475 τὴν
3137 2406 3269 2475 ὓλην
3301 2408 3582 2476 μεριμνῶν
3611 2409 3821 2470 ἀνεθεὶς
3850 2410 3880 2460 6
3902 2409 4046 2472 νοῦς,

2474 2493 2601 2561 περὶ
2632 2492 2724 2545 τὸν
2748 2493 2843 2545 ἕνα
2867 2494 3058 2547 τοῦτον
3090 2496 3294 2548 σκοπὸν
3322 2497 3699 2567 άπασχολῆται
3731 2500 3921 2566 μόνον·
3957 2500 4048 2551 καὶ

2474 2584 2615 2636 οὔτω
2634 2587 2997 2657 καταειωθείη
3039 2589 3175 2656 μετὰ
3201 2588 3438 2659 Χριστοῦ
3490 2591 3569 2653 εἰς
3600 2590 3657 2642 ἓν
3690 2590 3911 2658 πνεῦμα
3953 2607 4048 2657 γε·-

2474 2675 2679 2741 νὲσθαι,
2709 2677 2785 2741 ὥς
2811 2696 2975 2747 φησιν
2998 2681 3028 2731 ὀ
3071 2681 3392 2743 ’Δπόστολος
3413 2696 3429 2713 ο
3478 2681 3541 2734 '0
3566 2682 3947 2749 κολλώμενος
3972 2682 4050 2746 τῷ

2475 2768 2687 2833 Κυρίῳ,
2718 2769 2889 2821 ἐσται
2918 2771 3003 2832 εις
3025 2769 3094 2821 ἓν
3126 2771 3383 2837 πνεῦμα.
3412 2773 3573 2841 Ψυχῇ
3595 2773 3650 2823 δὲ
3680 2776 3744 2841 τῇ
3783 2774 3921 2834 ὅλως
3942 2774 4049 2825 τινὶ

2474 2856 2584 2909 τῶν
2613 2857 2708 2910 τοῦ
2738 2860 2932 2922 αίῶνος
2965 2861 3155 2913 τούτου
3191 2862 3548 2933 συνδεδεμένη
3579 2866 3673 2915 καὶ
3714 2865 3854 2933 πρὸς
3889 2866 4051 2918 αὑτὸν

2475 2948 2673 3019 ἐχούσῃ
2692 2988 2706 3013 ,
2723 2944 2836 3002 οἷον
2871 2952 3086 3021 πλούτῳ
3120 2954 3153 3023 ἢ
3183 2953 3331 3024 δόξῃ,
3353 2955 3386 3024 ἢ
3407 2954 3562 3022 φιλία
3578 2958 3641 3023 τῇ
3663 2956 3805 3007 κατὰ
3821 2956 4050 3023 κόσμον,

2475 3042 2574 3093 οὐκ
2599 3040 2751 3095 ἔσται
2780 3042 3005 3095 δυνατὸν
3031 3046 3224 3112 φυγεῖν
3269 3044 3365 3097 καὶ
3390 3046 3719 3117 διαπεράσαι
3760 3049 3822 3100 τὸ
3856 3050 4046 3113 σκότος

2476 3132 2583 3183 τῶν
2611 3149 2747 3200 παινη
2755 3133 2863 3203 ρῶν
2891 3134 3192 3204 δυνάμεων.

2552 3316 2681 3371 κε’.
2735 3319 2802 3370 Al
2830 3316 3146 3386 φιλαλήθεις
3170 3317 3341 3387 ψυχαὶ
3394 3317 3489 3371 καὶ
3531 3317 3767 3385 φιλόθεοι
3798 3320 3921 3373 οὐδὲ
3957 3322 4053 3390 τὴν

2483 3409 2743 3476 βραχεῖαν
2772 3408 2965 3476 ῦφεσιν
3010 3408 3105 3460 τοῦ
3136 3409 3274 3476 πρὸς
3322 3409 3413 3461 τὸν
3450 3408 3653 3479 Κύριον
3679 3410 3882 3479 ἔρωτος
3921 3413 4051 3464 ὐπο-

2484 3499 2732 3568 μένουσιν
2752 3514 2767 3529 ⁶
2798 3499 2912 3551 ἀλλ’
2931 3499 3050 3551 ὅλαι
3076 3499 3142 3551 δι’
3169 3500 3291 3552 ὅλου
3316 3499 3394 3569 τῷ
3420 3500 3639 3570 σταυρῷ
3665 3502 3860 3553 τούτου
3883 3520 4052 3571 προσ-

2481 3591 2777 3659 ηλωμέναι,
2810 3590 2910 3658 τὴν
2951 3589 3049 3656 τῆς
3078 3593 3457 3658 πνευματικῆς
3479 3592 3765 3659 προκοπῆς
3787 3594 4045 3659 αἴσθησιν

2480 3682 2536 3732 ὲν
2575 3682 2795 3740 ἑαυταῖς
2844 3680 3136 3749 γινομένην
3200 3680 3640 3747 ἐπιγινώσκωσι.
3699 3683 4052 3752 Τετρωμέναι

2481 3770 2612 3835 γοῦν
2651 3768 2826 3837 τούτῳ
2848 3767 2925 3836 τῷ
2950 3768 3121 3839 πόθῳ,
3159 3769 3274 3834 καὶ,
3299 3770 3373 3831 ὡς
3400 3771 3595 3835 είπεῖν,
3630 3771 3871 3826 ικπεινοι
3897 3776 4050 3830 οὖσαι

2484 3857 2614 3927 περὶ
2648 3856 2747 3926 τὴν
2774 3858 3121 3926 δικαιοσύνην
3140 3859 3248 3910 τῶν
3278 3860 3512 3929 ἀρετῶν,
3545 3862 3639 3913 καὶ
3666 3862 3764 3931 τὴν
3792 3866 3889 3917 τοῦ
3913 3868 4051 3931 ἁγα-

2482 3947 2576 4000 θοῦ
2628 3948 2948 4015 Πνεῦματος
3008 3948 3301 4017 ἔλλαμψιν,
3360 3949 3465 4001 κᾶν
3535 3954 3850 4021 μυστηρίων
3904 3957 4051 4021 ἄξιαι

2486 4038 2666 4103 θείων,
2702 4038 2807 4090 κᾶν
2836 4038 3177 4108 εὐφροσύνης
3212 4040 3535 4108 ἐπουρανίου
3563 4042 3655 4093 καὶ
3689 4044 3911 4113 χάριτος
3954 4048 4047 4114 μέ-

2483 4146 2629 4197 τοχοι
2660 4128 2930 4197 γένονται,
2953 4130 3014 4183 οὐ
3048 4130 3341 4183 πεποίθασι
3371 4134 3500 4201 περὶ
3524 4135 3737 4199 αὑταῖς,
3767 4135 3890 4187 οὐδὲ
3912 4135 4050 4190 εἷναί

2480 4237 2532 4271 τι
2564 4222 2764 4272 οἴονται
2785 4236 2797 4251 ·
2823 4220 2937 4272 ἀλλ’
2965 4221 3075 4289 ὅσῳ
3105 4223 3460 4289 χαρισμάτων
3492 4224 3767 4286 ἀξιοῦνται
3800 4243 4049 4296 πνευμα-

2481 4307 2668 4371 τικῶν,
2708 4307 2944 4377 τοσούτῳ
2970 4309 3169 4376 μᾶλλον
3195 4310 3487 4379 ἀπλήστως
3507 4312 3726 4381 ἔχουσαι
3746 4317 3855 4369 τῶν
3888 4320 4049 4388 οὑρι-

808 4403 1081 4470 plcbiliter
1103 4401 1314 4454 inhiant
1349 4399 1595 4453 ulteriori
1629 4398 2036 4467 participationi
2069 4401 2374 4454 calestium
2410 4473 2424 4477 _
2483 4414 2488 4426 ‘

2366 4418 2374 4453 ι
2410 4473 2424 4477 _
2483 4397 2610 4448 νίων
2632 4396 3059 4466 φιλοπονώτερον
3086 4399 3394 4468 ἑκζητοῦσι·
3417 4403 3508 4453 καὶ
3531 4404 3641 4471 ὅσῳ
3667 4411 4046 4477 πνευματικῆς

808 4494 1145 4561 gratiarum;
1178 4502 1440 4559 tantoque
1474 4490 1541 4543 ad
1597 4490 1739 4543 hanc
1776 4504 1834 4543 se
1885 4489 2214 4543 laboriosius
2259 4492 2375 4544 eni—
2407 4473 2448 4525 Ι)
2480 4505 2488 4537 ι

2365 4521 2375 4531 .
2407 4473 2448 4525 ι)
2480 4485 2823 4539 αἰσθάνονται
2872 4488 3176 4558 προκοπῆς,
3204 4490 3440 4559 τοσούτῳ
3476 4491 3540 4561 δὴ
3591 4494 3686 4546 καὶ
3742 4473 4045 4567 λιχνότεραι

807 4583 973 4637 tendo
1006 4582 1323 4649 disponunt.
1358 4581 1569 4633 Rursus
1613 4586 1817 4646 quanto
1865 4577 2080 4631 dulcius
2128 4580 2374 4634 sentiunt

807 4688 870 4726 se
898 4671 1162 4740 proiicere
1198 4672 1253 4723 in
1281 4670 1500 4739 spiritu,
1535 4677 1683 4720 tanto
1726 4668 1882 4735 quasi
1927 4667 2171 4735 gulosius
2210 4684 2374 4739 appe-

809 4772 931 4817 tunt
964 4764 1372 4831 perceptionem
1417 4760 1738 4813 deliciarum
1776 4757 2129 4822 earumdem;
2170 4768 2225 4813 et
2262 4762 2371 4830 spi—

811 4852 1082 4904 ritualitcr
1127 4850 1493 4918 locupletata,
1541 4848 1669 4912 sibi,
1700 4854 1962 4915 quantum
2006 4845 2061 4898 in
2104 4847 2238 4915 ipsis
2269 4859 2373 4917 est,

2480 4573 2615 4642 πρὸς
2638 4574 2737 4642 τὴν
2770 4575 3075 4645 μετάληψιν
3104 4576 3306 4629 τούτων
3334 4580 3596 4645 γίνονται,
3625 4583 3720 4633 καὶ
3747 4600 4048 4653 πνευματι-

2479 4664 2586 4725 κῶς
2646 4663 2995 4728 πλουτοῦσαι,
3044 4668 3106 4718 τό
3150 4683 3212 4734 γε
3266 4668 3395 4737 παρ’
3439 4670 3681 4735 ἑαυταῖς,
3721 4675 4046 4742 πενομιναις

2476 4754 2721 4817 ἐοίκασι,
2765 4755 2907 4807 κατὰ
2955 4755 3054 4823 τὴν
3098 4756 3249 4808 Θείαν
3286 4758 3545 4828 Γραφήν·
3596 4764 3660 4815 Ol
3720 4764 4045 4835 tpa'rportec

2476 4841 2585 4918 γάρ
2618 4860 2714 4911 με,
2749 4847 2931 4913 φησὶν,
2966 4846 3051 4898 ἔτι
3082 4848 3469 4915 πεινάσουσι,
3522 4852 3623 4905 καί
3660 4855 3715 4907 οι
3762 4857 4045 4925 πίνοντές

810 4954 1077 5009 pauperes
1095 4937 1371 5000 videntur,
1401 4938 1554 5006 juxta
1582 4935 1822 4988 divinam
1854 4931 2193 5001 Scripturam
2220 4951 2237 4987 :
2274 4934 2376 4999 Qui
2469 4952 2490 5003 ι

1407 4938 1554 5006 iuxta
1582 4935 1822 4988 divinam
1854 4931 2193 5001 Scripturam
2220 4951 2237 4987 :
2274 4934 2376 4999 Qui
2469 4951 2544 5003 με
2576 4934 2663 4988 ἔτι
2692 4934 3087 5004 διψήσουσιν.

808 5030 966 5081 edunt
1003 5044 1101 5093 me,
1149 5028 1315 5080 adhuc
1371 5027 1639 5090 esuriant;
1673 5032 1721 5077 et
1759 5024 1847 5093 qui
1873 5023 2047 5076 bibunt
2076 5039 2177 5087 me,
2208 5026 2377 5079 adhuc

805 5119 1063 5171 sitiant”.

875 5208 1058 5263 XXVI.
1092 5208 1250 5261 Tales
1276 5206 1470 5260 anima
1510 5215 1566 5259 et
1607 5205 1835 5275 gratiam
1879 5204 2157 5274 accipiunt
2203 5205 2375 5275 plena

806 5300 1201 5354 liberationisa
1257 5296 1761 5366 perturbationibus
1794 5296 2124 5359 affectuum;
2160 5305 2213 5349 et
2246 5296 2370 5349 illu-

805 5390 1124 5444 strationem
1150 5388 1651 5442 etcommunionem
1688 5385 1855 5437 divini
1879 5385 2374 5454 Spiritusinplcni-

809 5481 996 5534 tudine
1030 5478 1213 5547 gratia:
1248 5477 1488 5544 perfecte
1534 5486 1925 5543 assequuntur.
1986 5476 2221 5529 Diversa
2274 5493 2372 5529 au-

810 5580 916 5623 tem
941 5571 1009 5622 ab
1043 5569 1128 5622 his
1156 5569 1342 5639 pigra,
1380 5568 1627 5620 laborum
1670 5550 2052 5637 impatientes,
2085 5584 2193 5621 non
2220 5584 2365 5637 qua-

880 5764 925 5793 "
949 5763 966 5817 Ι
993 5761 1119 5817 Cor.
1152 5779 1207 5823 ιι.
1244 5763 1294 5817 6.

2545 5204 2692 5270 KG'.
2728 5204 2794 5257 Δί
2822 5205 3069 5260 τοιαῦται
3098 5206 3267 5276 ψυχαὶ
3290 5209 3503 5278 καὶτῆς
3538 5210 3647 5265 τῶν
3676 5214 3865 5269 παθῶν
3892 5218 4043 5271 litau-

2474 5292 2659 5362 θερίας
2719 5296 3067 5349 παντάπασιν
3126 5297 3423 5364 ἀξιοῦνται,
3480 5303 3573 5353 καὶ
3616 5303 3715 5373 τὴν
3762 5306 3856 5358 τοῦ
3894 5309 4039 5363 θείου

2476 5386 2613 5436 Πνεύ
2624 5403 2788 5452 ματος
2814 5387 3079 5457 ελλαμψίν
3102 5406 3160 5441 τε
3192 5390 3284 5442 καὶ
3314 5393 3597 5444 κοινωνίαν
3621 5395 3677 5445 ὲν
3712 5396 4039 5465 πληρώματι

2472 5476 2569 5542 τῆς
2610 5477 2829 5545 χάριτος
2888 5477 3105 5540 τελείως
3141 5480 3476 5546 κομίζονται.
3511 5482 3670 5535 Ὅσαι
3710 5484 3765 5536 δὲ
3808 5488 4038 5556 ὀκνηραί

2472 5582 2531 5615 τε
2565 5566 2656 5618 καὶ
2684 5568 3032 5636 ἀφερέπονοι,
3068 5569 3159 5620 καὶ
3189 5568 3265 5637 μὴ
3291 5570 3551 5639 ζητοῦσαι
3580 5573 3671 5626 τὸν
3690 5574 3790 5643 τῆς
3813 5576 4037 5645 καρδίας

1376 5765 1419 5795 ’⁸
1449 5763 1580 5817 ibid.
1661 5764 1743 5816 15.
1821 5765 1863 5795 "
1888 5764 2019 5819 ibid.
2050 5764 2129 5818 I3.
2207 5764 2250 5795 ’⁸
2273 5764 2290 5817 l
2315 5762 2439 5818 Cor.
2467 5780 2536 5829 Vl,
2573 5763 2653 5817 ΓΙ.
2734 5765 2777 5797 ²⁹
2800 5763 2971 5819 Eecli.
3002 5782 3148 5830 nlv,
3176 5769 3263 5823 29.
