4254 6358
256 383 369 447 929

1458 379 1685 441 LIBER
1723 372 1819 437 DE
1853 369 2279 433 CHARITATE
2299 414 2304 423 .

3390 359 3493 424 930

257 491 563 563 ἀγιασμδν,
582 489 830 545 ἐντεῦθεν
850 489 925 552 ὡς
952 489 1011 541 ιν
1034 490 1197 558 σαρκὶ
1222 488 1302 541 ἔτι
1323 490 1703 559 τυγχάνουσιν,
1727 487 1829 540 οὐκ
1855 485 1907 544 Α
1932 516 1937 553 ι

1812 501 1829 537 ι
1855 485 1907 544 Α
1932 510 2062 555 runt
2092 493 2579 553 sanctificationcm
2604 492 2788 547 cordis
2809 491 2975 563 (unde
2996 501 3051 547 et
3069 491 3223 561 quasi
3249 492 3303 545 in
3330 507 3492 547 carne

258 587 329 637 ἐκ
364 585 561 655 μέρους
611 583 726 640 ἀλλ’
776 582 1087 654 ὁλοκλήρως
1131 581 1199 634 δι’
1253 581 1529 650 ὑπομονῆς
1578 579 1831 644 δέξασθαι
1929 608 1938 646 ε

1819 597 1831 630 ι
1929 591 2111 646 adhuc
2155 588 2445 653 exsistunt)
2492 600 2602 640 non
2651 600 2717 639 ex
2763 592 2918 653 parte
2958 582 3053 637 sed
3106 582 3369 651 integram
3405 597 3499 651 per

264 676 362 728 καὶ
406 674 820 744 μακροθυμίας·
869 673 1003 743 μηδὲ
1057 672 1385 741 κοινωνῆσαι
1428 672 1507 740 τῷ
1555 670 1834 739 Πνεύματι
1930 700 1944 753 ι

1821 688 1834 722 ι
1930 681 2390 753 perseverantiam
2440 686 2497 731 et
2538 676 2855 747 patientiam
2908 674 3196 742 recipere;
3245 690 3366 742 qum
3405 690 3501 728 ne—

264 768 346 835 τῷ
376 766 719 837 παρακλήτῳ
752 764 894 817 κατά
922 766 1102 817 πᾶσαν
1143 762 1396 832 αῐσθησιν
1422 762 1511 815 καὶ
1564 762 1834 831 πληροφο-

265 857 398 926 ρίαν
423 856 705 926 ήλπίκασι,
730 856 823 907 καὶ
849 855 916 907 δι’
938 855 1147 909 ἐκείνου
1172 855 1280 907 τῶν
1303 853 1492 907 παθῶν
1517 853 1615 921 τῆς
1638 852 1835 915 κακίας

266 948 649 1015 ἀπαλλαγῆναι
704 941 884 1010 αὗται,
921 947 1022 998 κᾶν
1061 944 1282 1014 χάριτος
1331 944 1480 1005 θείας
1520 942 1833 1007 ἀξιωθεῖεν·

265 1039 385 1092 ἀλλ’
421 1038 528 1091 ὑπὺ
576 1038 673 1107 τῆς
704 1037 905 1099 κακίας
938 1036 1302 1106 κλεπτόμεναι
1340 1034 1519 1105 πάσης
1560 1034 1838 1106 φροντίδος

268 1132 469 1193 ἐαυτάς
503 1130 712 1201 ἀνῆκαν
732 1143 746 1158 ·
781 1129 874 1183 ἅτε
902 1128 1160 1182 λαϐοῦσαι
1190 1129 1289 1199 τὴν
1320 1128 1503 1197 χάριν,
1535 1128 1629 1180 καὶ
1660 1127 1759 1195 τῆς
1781 1126 1840 1191 ἐξ

268 1222 445 1289 αὐτῆς
479 1220 848 1290 τυγχάνουσαι
878 1218 1297 1290 παρακλήσεως,
1340 1218 1435 1271 καὶ
1466 1217 1840 1287 πνευματικῆς

272 1312 613 1382 γλυκύτητος
666 1309 1056 1365 ἀπολαύουσαι.
1094 1310 1282 1383 Ταύτῃ
1325 1310 1420 1364 καλ.
1471 1309 1649 1380 ῥᾴδιαί
1705 1310 1841 1362 είσιν

270 1405 549 1474 οἰηθῆναι,
588 1404 661 1473 μὴ
710 1404 1126 1474 συντριϐόμεναι
1169 1403 1269 1472 τήν
1315 1402 1563 1472 καρδίαν,
1601 1401 1735 1471 μηδέ
1764 1401 1841 1470 τῷ

271 1497 585 1565 φρονήματι
621 1494 1069 1563 ταπεινούμεναι,
1128 1493 1261 1563 μηδέ
1288 1492 1496 1561 ἔκδιψοι
1539 1488 1715 1553 οὖσαι,
1749 1493 1841 1545 καὶ

274 1585 413 1654 πρὸς
435 1584 496 1636 τὸ
522 1584 724 1636 τέλειον
750 1583 948 1652 μέτρον
971 1583 1069 1652 τῆς
1090 1582 1352 1644 ἀπαθείας
1373 1582 1837 1649 κατατεινόμεναι·

275 1672 708 1742 ὲνσπομείνασαι
741 1672 798 1724 δὲ
818 1674 883 1740 τῇ
912 1671 1067 1743 ὀλίγῃ
1097 1670 1268 1740 ταύτῃ
1285 1668 1386 1738 τῆς
1413 1668 1631 1740 χάριτος
1660 1684 1839 1737 παρα-

276 1764 490 1833 κλήσει,
524 1766 618 1817 καὶ
654 1765 733 1825 είς
763 1762 1014 1830 ἔπαρσιν,
1040 1762 1139 1813 οὐκ
1173 1763 1252 1822 είς
1281 1758 1608 1812 ταπείνωσιν
1636 1758 1839 1826 προκό-

1932 788 2039 843 que
2092 780 2315 841 sperant
2356 769 2611 823 omnibus
2661 768 2913 822 sensibus
2967 774 3025 819 et
3084 766 3241 834 plena
3306 766 3499 820 liducia

1934 862 2116 918 cordis
2166 862 2461 931 participes
2505 860 2745 929 Spiritus
2799 857 3059 927 paracleti
3116 855 3257 916 fieri.
3296 872 3501 925 perque

1936 958 2116 1029 ipsum
2171 971 2203 1010 a
2249 953 2758 1024 perturbationibus
2808 952 3029 1007 malitia:
3077 951 3322 1014 liberari,
3376 952 3509 1004 licet

1937 1046 2170 1119 gratiam
2192 1044 2433 1099 divinam
2461 1044 2671 1113 adeptae
2713 1042 2844 1098 sint.
2892 1042 2997 1098 Sed
3033 1059 3063 1097 a
3098 1043 3301 1097 malitia
3333 1043 3507 1096 illusio

1939 1152 2160 1192 omnem
2191 1134 2615 1191 sollicitudinem
2658 1136 2965 1197 remittunt,
2995 1133 3165 1188 veluti
3200 1133 3510 1201 receperint

1935 1229 2047 1298 jam
2078 1229 2328 1298 gratiam,
2354 1236 2410 1282 et
2442 1242 2563 1297 qua:
2595 1242 2661 1281 ex
2698 1228 2813 1296 ipsa
2860 1225 3001 1291 fluit,
3049 1225 3507 1285 consolationem,

1938 1327 1997 1374 et
2029 1318 2304 1389 spirituali
2332 1316 2626 1372 dulcedine
2658 1317 3029 1386 perfruantur.
3065 1315 3217 1369 Unde
3239 1325 3297 1368 et
3324 1315 3511 1368 faciles

1942 1406 1998 1461 in
2030 1414 2301 1461 tumorem
2340 1406 2541 1460 mentis
2573 1404 2845 1468 incidunt,
2877 1420 2987 1458 non
3022 1405 3273 1457 contrita:
3320 1404 3507 1464 corde,

1939 1508 2043 1548 nec
2062 1494 2329 1555 sitientes,
2342 1508 2444 1546 nec
2462 1492 2783 1546 anhelantes
2796 1491 2863 1544 ad
2884 1490 3177 1560 perfectam
3194 1490 3509 1543 exstinctio-

1936 1584 2026 1638 nis
2041 1584 2333 1639 affectuum
2351 1597 2659 1636 mensuram
2678 1583 2862 1651 :206
2880 1582 3293 1649 acquiesccntes
3318 1582 3511 1649 exigua

1945 1674 2047 1729 hac
2079 1675 2267 1744 gratias
2311 1673 2720 1737 consolatione;
2773 1681 2829 1725 et
2876 1672 3047 1738 magis
3094 1672 3147 1724 in
3190 1671 3510 1732 elationem.

1943 1780 2106 1834 quam
2158 1766 2212 1819 in
2264 1765 2632 1819 humilitatem
2684 1764 3057 1832 proficientes,
3090 1762 3233 1817 unde
3260 1772 3314 1815 et
3342 1762 3515 1830 gratia

270 1824 486 1925 ψασαι,
520 1855 719 1924 μᾶλλον
760 1854 855 1907 καὶ
876 1824 1063 1923 ὀὗπερ
1107 1851 1417 1921 ἠξιώθησαν
1471 1824 1806 1920 χαρίσμᾶτος
1826 1889 1841 1913 ν
1873 1824 1917 1879 Β
1945 1874 1950 1926 1

1834 1889 1841 1912 .
1873 1824 1917 1879 Β
1945 1824 2149 1926 potius,
2178 1870 2342 1924 quam
2392 1854 2674 1908 consecuti
2706 1862 2883 1915 erant,
2916 1852 3240 1920 spoliantur.
3282 1851 3400 1904 Non
3436 1852 3514 1904 sie

278 1946 430 1997 ἔστιν
455 1946 542 1996 ὅτε
574 1942 1031 2013 ἀπογυμνοῦνται.
1074 1941 1234 2011 Ψυχὴ
1264 1941 1372 2010 γὰρ
1397 1940 1473 2001 ὡς
1512 1939 1726 2009 ἀληθῶς
1755 1954 1848 2006 φι-
1942 1961 1958 1997 ι

1838 1966 1848 1980 ·
1942 1961 2071 1999 vere
2106 1944 2203 1999 Dei
2252 1959 2443 1998 amans
2493 1945 2697 2003 anima,
2748 1950 2808 1996 ut
2858 1942 3171 2011 praecedens
3216 1941 3518 1995 declaravit

276 2033 488 2095 λόθεος,
520 2033 595 2095 ὡς
623 2033 653 2084 δ
683 2032 844 2100 λόγος
880 2031 1019 2101 ἔφθη
1049 2028 1317 2100 δηλώσας,
1354 2029 1458 2081 κᾶν
1490 2029 1688 2100 μυρίας
1720 2045 1850 2098 μετ·
1943 2049 1956 2089 ε

1836 2055 1850 2067 ·
1943 2049 2165 2100 sermo;
2196 2034 2601 2103 quantumlibet
2625 2035 2772 2087 cnim
2816 2034 3117 2087 innumeris
3146 2048 3203 2087 se
3237 2048 3516 2087 commen—

284 2126 418 2196 ἐλθῃ
466 2125 827 2189 δικαιοσύνας,
864 2124 968 2176 κᾶν
1003 2122 1198 2193 ἄκραις
1250 2121 1579 2189 ἀγρυπνίαις
1609 2119 1845 2193 ἐκτρίψῃ
1944 2130 1964 2183 ε

1840 2146 1845 2191 ι
1944 2129 2180 2183 dabilem
2209 2128 2402 2182 fecerit
2428 2128 2623 2183 officiis
2660 2130 2960 2193 virtutum;
2990 2128 3205 2183 etiamsi
3233 2128 3520 2182 acerrimis

279 2215 344 2269 τδ
374 2216 556 2285 σῶμα,
586 2214 691 2268 κᾶν
712 2213 1065 2284 χαρισμάτων
1092 2210 1186 2264 τοῦ
1208 2210 1522 2279 Πνεύματος
1556 2210 1847 2280 διαφόρων,
1947 2234 1959 2261 ι

1841 2249 1847 2270 ›
1947 2218 2149 2289 vigiliis
2176 2232 2377 2287 corpus
2407 2218 2730 2283 extriverit;
2777 2227 3057 2286 utcunque
3096 2218 3255 2272 donis
3284 2217 3521 2287 Spiritus

278 2306 681 2376 ἀποκαλύψεών
714 2323 774 2358 τε
820 2305 915 2357 καὶ
971 2303 1285 2373 μυστηρίων
1341 2301 1617 2371 ἀξιωθείη,
1670 2300 1841 2364 οὕτως
1948 2328 1958 2365 ι

1948 2311 2159 2381 magnis
2211 2320 2268 2365 et
2329 2310 2515 2375 variis,
2548 2310 2713 2364 etiam
2761 2311 3154 2365 revelationum
3188 2319 3244 2364 et
3276 2326 3522 2365 commu-

281 2400 396 2469 ἔχει
454 2398 689 2468 μετρίως
743 2396 817 2459 ὡς
873 2396 1040 2465 μήπω
1092 2395 1191 2464 τῆς
1255 2393 1397 2446 κατά
1446 2392 1580 2445 Θεὸν
1627 2393 1849 2461 ἀγωγῆς
1954 2419 1961 2457 ι

1842 2410 1849 2454 .'
1954 2400 2243 2457 nicationis
2276 2400 2663 2471 mysteriorum
2710 2400 2876 2454 fuerit
2916 2400 3079 2469 digna
3115 2400 3301 2454 habita
3329 2443 3342 2464 ,
3369 2401 3437 2455 dc
3464 2417 3522 2456 se

278 2491 560 2561 ἠργμένη,
606 2489 738 2558 μηδέ
763 2487 1080 2557 κτησαμένη
1099 2505 1151 2541 τι
1177 2486 1286 2539 τῶν
1318 2484 1669 2555 δεξιωτέρων,
1712 2486 1849 2554 ἐρω-

281 2583 454 2644 τικῶς
489 2582 584 2633 καὶ
615 2581 907 2650 ἀπλήστως
933 2579 1068 2649 πρὸς
1091 2579 1190 2645 τὴν
1214 2576 1356 2630 κατά
1380 2576 1612 2644 Χριστὸν
1632 2576 1853 2645 ἀγάπην

278 2672 629 2741 διακειμένη.

1957 2500 2138 2545 tamen
2173 2490 2310 2543 adeo
2340 2490 2506 2543 sentit
2535 2489 2768 2551 modice,
2797 2497 2859 2543 ut
2886 2489 2991 2543 sibi
3024 2488 3296 2554 videatur,
3339 2506 3407 2544 ne
3432 2507 3525 2545 ru-

1956 2580 2261 2634 dimentum
2305 2577 2529 2648 quidem
2562 2578 2742 2631 adhuc
2785 2593 2989 2646 ponere
3030 2579 3240 2647 cepisse
3282 2581 3407 2635 vita:
3440 2596 3526 2634 se-

1957 2670 2203 2724 cundum
2260 2671 2432 2725 Deum
2487 2678 2687 2723 rectae:
2720 2670 2922 2723 nedum
2962 2684 3018 2723 se
3051 2670 3330 2737 possidere
3362 2671 3525 2724 ullam

285 2768 728 2838 praestantiorum
752 2766 809 2820 in
834 2765 921 2820 via
945 2763 1180 2834 Spiritus
1200 2763 1435 2819 aestimet
1490 2762 1740 2828 dotium;
1809 2772 1920 2819 tota
1961 2766 2204 2831 interim,
2259 2764 2570 2820 vehementi
2619 2764 2902 2819 charitatis
2953 2764 3073 2818 nisu
3124 2762 3191 2817 ad
3246 2761 3527 2818 Christum

288 2861 679 2915 insatiabiliter
708 2860 1002 2914 amandum
1036 2860 1380 2914 incumbens.

360 2953 487 3003 KZ'.
525 2952 619 3013 Εἰς
671 2952 739 3003 τά
795 2952 968 3021 μέτρα
1022 2952 1081 3003 δέ
1141 2951 1425 3019 ἐφικέσθαι
1483 2950 1673 3014 ταῦτα,
1729 2950 1851 3004 οὔτε

284 3042 522 3112 ἀθρόως,
556 3042 680 3094 οὔτε
729 3042 924 3112 ῥᾳδίως
960 3042 1180 3110 ἐφικτὸν
1211 3040 1417 3093 οὐδενί·
1459 3040 1596 3094 ἀλλά
1643 3041 1853 3095 πολλῶν

292 3136 474 3185 πόνων
506 3134 600 3185 καὶ
657 3132 883 3198 ἀγώνων
932 3132 1316 3201 ἡγησαμένων,
1379 3132 1585 3201 χρόνων
1638 3149 1699 3185 τε
1758 3132 1854 3186 καὶ

294 3223 554 3289 σπουδῆς,
582 3222 724 3274 κατά
748 3222 1074 3290 δοκιμασίας
1104 3225 1197 3274 καὶ
1228 3220 1548 3293 πειρασμῶν
1572 3222 1850 3287 ποικίλων,

291 3312 423 3381 ἄχρι
460 3311 672 3363 καὶτοῦ
714 3312 941 3375 τελείου,
988 3313 1153 3380 φημὶ,
1191 3312 1290 3380 τῆς
1328 3311 1593 3375 ἀπαθείας
1642 3313 1858 3382 μέτρου.

292 3401 454 3453 Οὕτω
484 3400 592 3471 γάρ
626 3402 761 3470 πρὸς
794 3403 972 3455 πάντα
1004 3402 1165 3454 πόνον
1199 3403 1291 3454 καὶ
1330 3402 1496 3454 κόπον
1532 3403 1860 3467 ἐξετασθείς,

294 3494 389 3544 καὶ
416 3492 570 3553 ὅλους
598 3492 935 3561 πειρασμοὺς
960 3493 1086 3555 τοὺς
1116 3492 1221 3545 ὑπὸ
1242 3494 1340 3560 τῆς
1374 3493 1571 3553 κακίας
1593 3495 1865 3563 ἐπαγομέο

296 3601 423 3644 νους
474 3583 725 3650 εὐψύχως
766 3582 1099 3649 ὑπενεγκὼν,
1159 3585 1279 3636 τότε
1330 3584 1422 3636 καὶ
1456 3582 1564 3634 τῶν
1616 3585 1864 3652 μεγάλων

299 3674 479 3741 τιμῶν
505 3674 601 3724 καὶ
631 3675 979 3741 χαρισμάτων
1006 3673 1098 3724 τοῦ
1124 3673 1461 3742 Πνεύματος,
1482 3674 1577 3724 καὶ
1605 3673 1698 3725 τοῦ
1722 3674 1863 3726 θείου

304 3764 538 3817 πλούτου
578 3764 931 3826 καταξιοῦται
953 3781 966 3795 ·
1009 3760 1125 3817 εἶτα
1155 3766 1251 3817 καὶ
1286 3765 1617 3835 κληρονόμος
1646 3766 1744 3835 τῆς
1777 3767 1867 3819 οὑ-

312 3857 497 3925 ρανίου
518 3856 726 3923 γίνεται
766 3855 1054 3922 βασιλείας.

371 3944 506 3999 KH'.
561 3945 620 3995 Ἠ
673 3944 817 4011 ψυχὴ
856 3944 913 3995 δέ
948 3945 1045 3995 οὐκ
1074 3944 1270 4013 ἔχουσα
1321 3948 1418 4015 μὲν
1449 3948 1545 4018 τὴν
1571 3949 1865 4019 εἰρημένην

298 4040 398 4107 τῆς
431 4039 708 4101 πολιτείας
737 4038 1025 4105 ἀκρίϐειαν
1046 4054 1062 4069 ο
1094 4041 1259 4108 μήπω
1281 4041 1337 4092 δέ
1360 4041 1453 4092 τοῦ
1479 4042 1749 4111 ἀγιασμοῦ
1773 4040 1864 4094 τοῦ

301 4132 359 4179 ἐν
408 4130 474 4196 τῇ
508 4127 705 4195 καρδίᾳ
736 4130 835 4195 τὴν
859 4128 1111 4195 αἴσθησιν
1155 4127 1442 4196 δεξαμένη,
1485 4130 1745 4181 πενθείτω
1772 4129 1867 4180 καὶ

302 4219 534 4285 ζητείτω
575 4218 725 4287 παρά
751 4217 840 4268 τοῦ
880 4218 1083 4285 Κυρίου
1130 4217 1368 4286 θερμῶς,
1402 4220 1487 4270 ἵνα
1530 4219 1622 4270 τοῦ
1662 4221 1865 4285 ἀγαθοῦ

298 4307 492 4359 τούτου
547 4306 771 4375 καὶτῆς
804 4308 1085 4375 ἐνεργείας
1138 4309 1237 4376 τῆς
1279 4310 1335 4360 ἐν
1367 4308 1441 4377 νῷ
1496 4309 1563 4360 δι’
1615 4312 1867 4379 άῤῥήτων

301 4396 549 4464 θεωριῶν
578 4396 871 4463 γινομένης
904 4395 997 4447 τοῦ
1031 4396 1345 4465 Πνεύματος
1376 4397 1624 4467 ἐπιτύχῃ.
1655 4399 1867 4468 Ὥσπερ

2028 2953 2239 3009 XXVII.
2264 2953 2346 3008 Ad
2379 2953 2527 3007 hunc
2554 2951 2782 3022 gradum
2832 2952 3161 3021 pertingere.
3186 2965 3368 3019 neque
3396 2950 3529 3010 cito.

1958 3059 2137 3114 neque
2174 3044 2333 3099 facile
2362 3045 2634 3113 contingit
2668 3045 2785 3099 ulli.
2821 3043 2928 3099 Sed
2959 3042 3269 3113 praecedant
3299 3058 3528 3097 necesse

1957 3143 2042 3188 est
2095 3134 2253 3188 multi
2305 3134 2523 3188 labores
2567 3144 2623 3188 et
2673 3135 2997 3197 certamina,
3048 3148 3215 3187 morte
3262 3133 3438 3201 longae
3473 3144 3530 3187 et

1960 3224 2201 3278 studium
2254 3239 2379 3277 cum
2435 3224 2761 3293 probatione
2808 3232 2864 3279 et
2906 3222 3306 3278 tentationibus
3338 3222 3527 3283 variis,

1965 3328 2137 3381 usque
2163 3313 2291 3367 dum
2322 3313 2387 3367 ad
2418 3313 2714 3382 perfectam
2740 3328 3050 3369 mensuram
3076 3312 3278 3382 quietis
3308 3322 3531 3381 pertur-

1963 3402 2245 3457 bationum
2270 3402 2644 3471 perveniatur.
2673 3402 2753 3455 Ita
2772 3403 2920 3456 enim
2950 3402 3171 3456 demum
3204 3417 3303 3471 per
3332 3411 3528 3455 cuncta

1963 3491 2377 3545 contentionum
2419 3506 2897 3559 aarumnarumque
2952 3506 3149 3560 genera
3191 3490 3528 3557 exploratus,

1963 3591 2019 3635 et
2046 3580 2445 3635 tentationibus
2479 3596 2509 3633 a
2546 3580 2748 3633 malitia
2783 3581 3061 3635 suscitatis
3108 3582 3353 3632 animose
3397 3579 3534 3632 toie~

1966 3671 2119 3731 ratis,
2169 3686 2490 3740 magnorum
2534 3670 2771 3739 denique
2822 3671 3116 3733 honorum,
3164 3682 3219 3722 et
3260 3669 3531 3722 donorum

1965 3760 2222 3829 Spiritus,
2249 3776 2525 3831 opumque
2552 3761 2863 3815 divinarum
2886 3760 3081 3814 beatur
3107 3776 3120 3825 ;
3146 3769 3534 3828 postremoque

1965 3851 2137 3904 hatres
2170 3851 2227 3904 fit
2259 3852 2409 3921 regni
2446 3851 2705 3905 cmlcstis.

2035 3948 2269 4005 XXVIII.
2314 3951 2506 4004 Anima
2550 3966 2680 4005 vero
2710 3965 2821 4003 non
2868 3948 3078 4003 habens
3119 3947 3340 4015 quidem
3368 3946 3533 4011 hanc,

1966 4038 2033 4092 de
2073 4055 2181 4107 qua
2237 4039 2498 4101 diximus,
2541 4040 2826 4107 exquisita:
2882 4037 3319 4091 conversationis
3360 4036 3538 4091 soler-

1968 4110 2333 4196 tiam;neque
2366 4129 2495 4181 dum
2532 4129 2709 4183 intimi
2759 4144 2952 4183 sensus
3004 4128 3381 4196 experimento
3430 4128 3537 4181 sibi

1966 4219 2184 4272 conscia
2214 4220 2352 4287 ejus,
2384 4235 2505 4287 qua:
2545 4228 2629 4271 est
2667 4219 2720 4272 in
2767 4219 2933 4273 corde
2980 4234 3100 4279 suo,
3151 4219 3540 4273 sanctificatio—

1967 4308 2074 4367 nis,
2108 4310 2287 4375 lugeat
2325 4317 2381 4359 et
2412 4316 2619 4375 quzerat
2650 4324 2680 4360 a
2718 4308 2948 4362 Domino
2974 4308 3270 4371 ferventer,
3312 4317 3374 4361 ut
3405 4308 3539 4363 boni

1970 4396 2131 4465 hujus
2165 4405 2218 4449 et
2271 4396 2610 4464 operationis
2648 4396 2929 4465 Spiritus,
2981 4412 3104 4466 quae
3142 4397 3195 4450 in
3251 4405 3434 4451 mente
3476 4397 3538 4451 fit

300 4491 358 4541 δέ
395 4489 539 4541 κατὰ
584 4490 675 4541 τὸν
710 4488 1159 4554 ἐκκλησιαστικὸν
1224 4490 1406 4558 νόμον,
1434 4492 1481 4542 οί
1536 4494 1865 4561 σωματικοῖς
1898 4523 1941 4576 D
1969 4505 1980 4557 ι

1852 4509 1941 4576 :D
1969 4504 2067 4557 per
2113 4504 2340 4543 arcanas
2392 4490 2914 4558 contemplationes,
2973 4488 3242 4543 elliciatur
3291 4503 3532 4557 compos.

301 4579 521 4638 ἁλόντες
550 4578 964 4646 ἁμαρτήμασιν,
1021 4575 1374 4644 ἀφορίζονται
1427 4578 1523 4645 μὲν
1578 4580 1729 4649 παρὰ
1769 4578 1863 4631 τοῦ

306 4668 496 4736 ἱερέως
518 4668 578 4717 τὸ
600 4667 866 4736 πρότερον
888 4683 901 4696 ο
934 4661 1051 4717 εἶτα
1086 4666 1181 4733 τὴν
1208 4668 1346 4719 κατὰ
1393 4666 1547 4731 λόγον
1580 4670 1865 4735 μετάνοιαν

302 4756 748 4825 ἐπιδεδειγμένοι,
795 4757 886 4807 καὶ
927 4756 1024 4825 τῆς
1075 4757 1359 4817 κοινωνίας
1409 4759 1864 4825 μεταποιοῦνται·

301 4851 420 4901 ὅσοι
461 4848 517 4900 δὲ
580 4848 845 4908 ἀπτώτως
901 4847 994 4898 καὶ
1072 4847 1327 4917 καθαρῶς
1385 4846 1696 4916 βεβιώκασι,
1733 4867 1867 4917 προ-

296 4940 571 4997 ,κόπτουσι
598 4956 657 4991 τε
684 4939 817 5009 πρὸς
862 4938 1175 5007 ἱερωσύνην,
1207 4939 1300 4991 καὶ
1340 4939 1445 4991 ἀπὸ
1477 4940 1570 4993 τοῦ
1603 4939 1866 5011 ἐξωτέρου

301 5032 469 5083 τόπου
491 5030 589 5097 τήν
618 5030 725 5081 ἔσω
755 5030 847 5080 τοῦ
888 5029 1278 5097 θησιαστηρίου
1313 5031 1647 5099 μετάστασιν
1689 5048 1746 5083 τε
1778 5032 1871 5083 καὶ

303 5122 455 5184 τάξιν
485 5120 980 5188 ἀπολαμϐάνουσιν,
1016 5122 1101 5173 ἴνα
1149 5121 1455 5191 λειτουργοὶ
1482 5124 1575 5173 καὶ
1614 5122 1870 5193 πάρεδροι

304 5213 381 5282 τῷ
413 5213 603 5281 Κυρίῳ
632 5210 952 5263 διατελῶσιν
972 5227 985 5239 ·
1031 5211 1173 5262 οὕτω
1207 5211 1271 5280 δὴ
1299 5212 1587 5279 σκοπῶμεν
1620 5214 1713 5263 καὶ
1744 5212 1872 5280 περὶ

304 5304 421 5371 τῆς
444 5302 709 5370 μυστικῆς
741 5301 834 5353 τοῦ
869 5300 1183 5368 Πνεύματος
1214 5300 1513 5367 κοινωνίας,
1539 5304 1664 5371 περὶ
1700 5297 1767 5371 ἦς
1796 5302 1871 5371 τῷ

317 5393 622 5459 Ἀποστόλῳ
661 5393 910 5462 εἴρηται·
964 5394 1035 5445 'Il
1081 5392 1253 5459 χάρις
1282 5394 1385 5444 τοῦ
1442 5394 1659 5458 Κυρίου
1704 5393 1872 5461 ἡμῶν

316 5485 522 5552 Ἰησοῦ
555 5486 834 5553 Χριστοῦ,
860 5485 958 5537 καὶ
994 5486 1031 5550 ἡ
1065 5484 1265 5553 ἀγάπη
1299 5486 1404 5538 τοῦ
1444 5486 1589 5539 Θεοῦ
1620 5486 1715 5538 καί
1752 5488 1869 5537 Πα-

304 5578 463 5644 τρός,
488 5578 584 5630 καί
613 5578 651 5642 ή
691 5577 971 5629 κοινωνία
1009 5574 1113 5628 τοῦ
1150 5576 1319 5642 ἁγίου
1345 5576 1869 5644 Πνεύματος.ὐψει

308 5666 620 5734 σωζομένην
641 5665 960 5717 ἀκολουθίαν
990 5681 1001 5692 ·
1028 5666 1226 5717 ἐνοικεῖ
1250 5666 1348 5735 μὲν
1372 5667 1479 5735 γὰρ
1505 5672 1534 5735 ή
1560 5667 1676 5719 θεία
1703 5668 1867 5735 Τριὰς

378 5760 422 5789 ³⁸
447 5757 488 5810 ll
518 5757 643 5811 Cor.
670 5774 783 5817 XIII.
832 5760 915 5810 13.

670 5853 937 5907 l’A’l‘ltOL.
975 5852 1087 5908 Gn.
1132 5850 1179 5908 Χ
1194 5850 1321 5908 XXI
1337 5850 1375 5907 λ’
1390 5892 1405 5907 .

1969 4582 2141 4635 Porro
2174 4580 2632 4649 quemadmodum
2676 4584 2829 4651 juxta
2877 4581 3302 4635 ecclesiasticam
3337 4580 3533 4649 legem,

1970 4671 2024 4723 in
2052 4669 2267 4723 delictis
2306 4670 2633 4737 deprehensi
2686 4669 2988 4737 corporeis,
3032 4677 3387 4738 segregantur
3414 4670 3537 4737 qui-

1970 4759 2093 4813 dem
2146 4760 2380 4827 primum
2420 4774 2516 4827 per
2565 4759 2942 4824 sacerdotem;
2978 4757 3179 4814 deinde
3218 4760 3535 4830 prescripta

1968 4848 2274 4902 eanonibus
2326 4847 2651 4917 pmnitentia
2714 4848 2978 4911 exhibita,
3025 4846 3396 4901 communioni
3450 4864 3537 4902 re-

1971 4937 2310 5001 stituuntur;
2346 4936 2440 5004 qui
2474 4951 2603 4989 vero
2632 4936 2751 4989 sine
2785 4937 3087 4989 offensione
3128 4947 3184 4990 et
3212 4951 3349 5005 pure
3384 4938 3535 4991 vixe—

1969 5035 2115 5089 runt,
2144 5036 2541 5096 promoventur
2572 5026 2637 5080 ad
2674 5027 3065 5090 sacerdotium,
3090 5036 3148 5081 et
3177 5028 3246 5081 ab
3274 5028 3532 5085 exteriori

1968 5120 2087 5172 loco
2124 5117 2355 5171 interius
2402 5114 2467 5169 ad
2514 5116 2704 5169 altaris
2753 5116 3009 5169 viciniam
3054 5115 3298 5179 admissi,
3334 5126 3536 5171 statum

1964 5211 2072 5278 jam
2100 5217 2156 5261 et
2180 5205 2428 5259 ordinem
2476 5204 2775 5273 accipiunt,
2805 5215 2864 5259 ut
2892 5205 3127 5258 ministri
3150 5214 3205 5259 et
3233 5220 3538 5261 assessores

1973 5298 2201 5352 Omnino
2226 5296 2392 5361 ﬁant;
2428 5292 2496 5347 ad
2527 5294 2867 5348 consimilem
2914 5294 3137 5348 modum
3187 5311 3301 5349 rem
3346 5312 3404 5350 se
3444 5298 3539 5350 ha—

1977 5390 2108 5443 here
2148 5397 2466 5457 reputemus
2506 5390 2560 5442 in
2606 5388 2708 5440 hac
2738 5386 2963 5456 mystica
3009 5386 3248 5454 Spiritus
3286 5402 3537 5441 commu-

1979 5480 2166 5541 nione,
2204 5493 2312 5546 qua
2342 5477 2551 5531 dictum
2577 5476 2646 5530 ab
2676 5476 2937 5545 Apostolo
2966 5485 3085 5529 est:
3116 5477 3303 5531 Gratia
3329 5477 3539 5531 Domini

1977 5573 2141 5625 nostri
2172 5569 2295 5623 Jesu
2327 5568 2541 5633 Christi,
2570 5568 2797 5621 charitas
2821 5567 2911 5621 Dei
2945 5576 2991 5619 et
3023 5566 3216 5629 Patris,
3242 5579 3287 5621 ct
3312 5584 3538 5622 commit-

1979 5664 2170 5716 nicatio
2198 5663 2365 5714 sancti
2410 5658 2713 5729 Spiritus".
2749 5658 2989 5723 Videbis,
3026 5660 3267 5727 inquam,
3307 5660 3539 5714 similem

3132 5846 3207 5904 30
