4254 6358
805 407 901 469 931

2031 404 2091 464 S.
2137 401 2455 464 MACARII
2496 400 2815 462 IEGYPTII

3940 403 4050 466 932

804 519 896 572 hie
919 531 1133 587 quoque
1168 518 1323 587 quasi
1349 516 1654 586 disciplina:
1683 515 1952 571 ordinem.
1976 514 2199 570 Habitat
2226 514 2375 570 enim
2407 521 2449 577 Α
2480 534 2484 562 ι

2363 531 2375 567 ι
2407 521 2449 577 Α
2480 515 2539 567 ἐν
2565 516 2631 584 τῇ
2664 514 2919 584 καθαρῶς
2948 513 3147 586 ἐχούσῃ
3168 514 3338 584 ψυχῇ,
3371 511 3473 584 τῆς
3499 514 3650 577 θείας
3676 515 4043 584 χρηστότητος

802 606 989 661 divina
1027 606 1268 659 Trinitas
1315 606 1369 659 in
1414 606 1595 659 anima
1634 620 1770 675 pure
1801 605 2041 669 vivente,
2068 619 2193 658 cum
2220 604 2372 674 adju-

802 706 966 750 vante
1012 695 1181 765 ipsam
1216 696 1414 749 divina:
1458 695 1813 764 benignitatis
1864 695 2100 760 auxilio;
2164 694 2373 749 habitat

803 798 985 843 autem
1014 802 1123 839 non
1157 787 1208 839 in
1251 795 1515 854 quantum
1544 786 1597 839 in
1634 801 1691 839 se
1728 795 1844 849 est;
1887 787 1963 838 sic
1990 785 2136 838 enim
2172 793 2257 837 est
2287 785 2372 837 in-

802 879 1310 947 comprehensibilis
1359 878 1645 941 universaa,
1675 886 1877 946 quanta
1921 885 2025 939 est,
2065 883 2369 933 creaturae:

802 972 897 1024 sed
927 972 981 1023 in
1006 978 1268 1038 quantum
1299 978 1458 1037 aptus
1485 978 1540 1022 et
1568 984 1732 1037 capax
1760 977 1845 1020 est
1868 967 2052 1019 homo.
2077 965 2369 1032 Postquam

800 1077 933 1115 vero
965 1062 1143 1114 anima
1180 1062 1233 1114 in
1286 1061 1544 1130 quopiam
1597 1058 1909 1121 offenderit,
1966 1056 2373 1127 transgrediens

799 1153 1054 1207 ordinem
1096 1153 1362 1215 divinum,
1403 1168 1466 1206 ac
1512 1152 1606 1205 Dei
1640 1150 1897 1219 Spiritum
1942 1147 2369 1210 eontristaverit,

799 1241 1021 1309 ejicitur
1060 1249 1115 1293 et
1153 1247 1469 1309 segregatur
1493 1254 1522 1291 a
1550 1238 1822 1307 spirituali
1865 1236 2052 1289 laetitia
2084 1249 2258 1297 mens,
2290 1232 2372 1285 di-

798 1333 927 1385 vina
958 1333 1177 1400 quidem
1220 1332 1420 1401 gratia,
1466 1338 1523 1384 et
1569 1330 1837 1383 charitate
1890 1326 2061 1389 omni,
2097 1335 2152 1378 et
2180 1337 2372 1392 opera-

800 1422 950 1476 tione
983 1421 1222 1490 Spiritus
1252 1437 1369 1476 scse
1396 1420 1886 1480 contrahentibus;
1931 1418 2078 1485 lapsa
2121 1415 2174 1468 in
2217 1412 2369 1467 defe-

802 1523 951 1568 ctum
979 1516 1157 1566 anima
1182 1512 1570 1565 afflictionibus
1594 1512 1835 1573 interim,
1862 1516 1916 1562 et
1949 1506 2367 1569 tentationihus,

801 1616 857 1661 et
911 1606 1270 1673 malignorum
1329 1605 1622 1672 spirituum
1675 1601 2077 1662 vexationibus,
2126 1598 2365 1662 tradita;

801 1694 979 1764 quoad
1012 1710 1203 1747 rursus
1246 1708 1394 1747 recte
1440 1696 1549 1764 jam
1592 1693 1897 1754 ambulans,
1949 1690 2129 1743 denuo
2182 1704 2240 1742 se
2299 1690 2365 1742 ad

800 1786 1036 1854 Spiritus
1100 1784 1500 1852 heneplacitum
1556 1781 1927 1850 adaptaverit;
1979 1779 2177 1832 deinde
2218 1778 2367 1831 velut

800 1891 896 1945 per
926 1889 1116 1927 omnes
1144 1873 1515 1927 circumducta
1550 1870 1933 1941 pmnitentium
1967 1868 2186 1939 gradus,
2234 1883 2366 1920 con—
2398 1866 2439 1920 Β

796 1965 1039 2021 fessione
1070 1980 1267 2034 nempe
1302 1974 1357 2018 et
1387 1964 1786 2027 humiliatione,
1809 1962 2125 2015 visitatione
2156 1960 2369 2013 tandem

802 2058 999 2111 iterum
1037 2056 1224 2125 gratia:
1274 2056 1499 2119 beatur;
1541 2054 1672 2123 quin
1706 2062 1762 2106 et
1798 2051 2036 2105 C(BieSliS
2060 2052 2371 2103 uberiorem

800 2149 1073 2201 interdum
1118 2160 1428 2199 mensuram
1470 2145 1669 2198 latitia:
1702 2142 1916 2211 recipit.
1948 2141 2100 2206 Quod
2148 2143 2191 2194 si
2225 2141 2371 2193 nulla

798 2241 853 2293 in
902 2254 959 2291 re
1005 2238 1265 2306 Spiritum
1298 2235 1725 2298 contristaverit,
1749 2234 1841 2287 sed
1884 2234 2034 2303 juxta
2079 2234 2175 2286 Dei
2206 2233 2373 2285 bene-

797 2330 1058 2399 placitum
1097 2328 1310 2389 vixerit,
1337 2328 1552 2381 cunctis
1594 2326 1777 2395 pravis
1816 2323 2238 2394 cogitationibus
2269 2338 2362 2377 va-

796 2422 905 2477 lide
972 2420 1249 2485 resistens,
1308 2420 1643 2488 Dominoque
1711 2417 1979 2471 indivulse
2039 2415 2363 2482 adhaarens;

799 2514 923 2569 talis
952 2512 1152 2566 merito
1177 2526 1240 2565 ac
1282 2519 1684 2579 consequenter
1720 2524 2001 2578 nunquam
2055 2508 2365 2577 interrupto

798 2614 962 2657 auctu
1008 2603 1227 2673 proficit
1256 2602 1458 2665 anima,
1508 2600 1775 2669 donisque
1808 2598 2179 2653 ined‘ahilibus
2204 2598 2363 2666 207

799 2695 1125 2759 instruitur;
1166 2709 1269 2747 nec
1314 2708 1424 2746 non
1452 2708 1482 2745 a
1514 2691 1685 2761 gloria
1737 2690 1791 2743 in
1841 2690 2089 2760 gloriam,
2118 2704 2146 2742 a
2178 2690 2365 2757 quiete

799 2792 855 2846 in
910 2790 1293 2861 perfectiorem
1340 2789 1581 2858 quietem
1616 2786 1997 2841 transferetur.
2033 2785 2275 2853 Denique
2308 2794 2365 2837 et

2483 604 2999 673 συνεφαπτομένης·
3035 606 3235 657 ἐνοικεῖ
3268 606 3324 657 δὲ
3367 608 3428 658 ού
3472 606 3593 658 καθ’
3626 607 3654 658 ὃ
3683 610 3833 658 ἐστιν
3855 623 3868 634 ·
3908 605 4046 671 ἀχώ-

2480 712 2641 765 ρητος
2674 694 2781 761 γὰρ
2806 696 2899 746 καὶ
2929 696 3065 764 αὐτῇ
3103 696 3250 764 πάσῃ
3277 698 3344 765 τῇ
3378 696 3587 749 κτίσειο
3617 695 3753 748 ἀλλά
3779 694 3908 747 καθ’
3930 696 4043 746 ὅσον

2473 786 2603 853 γοῦν
2655 786 2973 854 ἐπιτηδείως
3038 787 3149 855 ἔχει
3202 787 3297 839 καὶ
3343 787 3607 851 δεκτικῶς
3658 788 3686 839 δ
3733 785 4041 853 ἄνθρωπος’

2474 878 2696 931 ἐπειδὰν
2728 877 2783 931 δέ
2806 895 2856 930 τι
2892 881 3226 947 παρατραπῇ
3260 879 3354 946 τῆς
3386 878 3464 947 τῷ
3503 878 3621 946 Θεῷ
3656 878 3796 929 κατὰ
3820 876 4045 942 γνώμην

2472 969 2773 1037 διαγωγῆς,
2799 970 2891 1022 καὶ
2916 969 2977 1021 τὸ
3023 968 3166 1020 θεῖον
3195 968 3417 1039 Πνεῦμα
3444 969 3759 1039 λυπήσειεν,
3789 967 4043 1020 ἐκϐάλλε-

2471 1077 2562 1113 ται
2608 1062 2702 1113 καὶ
2747 1060 3067 1131 ἀφορίζεται
3100 1058 3201 1129 τῆς
3241 1061 3619 1130 πνευματικῆς
3658 1059 4045 1129 εὐφροσύνηςό

2472 1153 2749 1221 νοῦς-τῆς
2804 1153 2901 1223 μέν
2942 1152 3092 1215 Θείας
3133 1150 3357 1220 χάριτος
3404 1154 3497 1203 καὶ
3540 1152 3637 1220 τῆς
3681 1151 3928 1217 ἀγάπης,
3960 1150 4045 1200 καὶ

2473 1244 2653 1312 πάσης
2685 1242 2784 1311 τῆς
2809 1244 3018 1311 ἀγαθῆς
3045 1241 3138 1295 τοῦ
3165 1241 3479 1309 ῐΙνεύματος
3514 1241 3793 1311 ἐνεργείας
3827 1241 4043 1292 συστελ-

2471 1332 2704 1403 λομένης
2724 1349 2737 1362 ”
2777 1332 2989 1385 ἐκείνου
3018 1333 3074 1385 δέ
3109 1332 3322 1401 θλίψεσί
3361 1348 3421 1384 τε
3452 1334 3546 1384 καὶ
3594 1333 3927 1403 πειρασμοῖς
3958 1330 4045 1382 καὶ

2470 1428 2729 1496 πονηροῖς
2781 1427 3057 1495 πνεύμασι
3088 1425 3553 1496 παραδιδομένου’
3593 1428 3686 1479 καὶ
3737 1427 3937 1494 μέχρις
3982 1424 4045 1477 ἂν

2473 1516 2635 1569 πάλιν
2666 1516 3069 1587 ὀρθοποδίσειεν
3095 1518 3129 1585 ἡ
3153 1517 3299 1585 ψυχὴ
3323 1518 3460 1586 πρὸς
3488 1515 3587 1586 τὴν
3610 1516 3703 1569 τοῦ
3730 1517 4045 1582 Πνεύματος

2469 1607 2829 1677 εὐαρέστησιν
2850 1621 2865 1636 ⁸
2898 1604 3015 1659 εἶτα
3052 1608 3139 1660 διὰ
3166 1608 3347 1677 πάσης
3371 1606 3812 1677 ἐξομολογήσεώς
3844 1623 3904 1658 τε
3954 1607 4045 1657 καὶ

2469 1697 2853 1758 ταπεινώσεως
2890 1696 2988 1767 τὴν
3018 1697 3304 1766 μετάνοιαν
3336 1696 3749 1765 ἐπιδειξαμένη,
3793 1697 3915 1747 τότε
3957 1696 4044 1746 καὶ

2471 1783 2625 1851 αὖθις
2655 1788 2755 1856 τῆς
2782 1789 3088 1857 ἐπισκοπῆς
3136 1787 3383 1852 ἀξιοῦται
3423 1788 3521 1855 τῆς
3551 1789 3793 1856 χάριτος,
3828 1788 3925 1838 καὶ
3949 1787 4045 1854 τὴν

2467 1880 2716 1949 οὐράνιον
2755 1878 3098 1947 εὐφροσύνην
3150 1878 3315 1931 πλέον
3357 1878 3387 1949 ἢ
3439 1878 3582 1931 κατά
3633 1877 3852 1947 πρῶτον
3910 1877 4045 1928 ἀπο-

2469 1970 2754 2040 λαμϐάνει.
2798 1970 2861 2022 Ei
2890 1970 2946 2022 δέ
2981 1969 3117 2039 πρὸς
3143 1969 3313 2039 μηδὲν
3358 1969 3420 2021 τὸ
3463 1968 3689 2037 Πνεῦμα
3724 1968 4041 2036 λυπήσειεν,

2469 2062 2582 2114 ἀλλ’
2614 2062 2698 2128 εῖη
2725 2062 2873 2125 ζῶσά
2898 2078 2957 2113 τε
2988 2060 3321 2129 εὐαρέστως,
3348 2061 3441 2113 καῖ
3467 2060 3749 2128 λογισμοῖς
3786 2062 3887 2128 μὲν
3911 2062 4043 2112 πᾶσι

2472 2154 2726 2221 πονηροῖς
2778 2154 3226 2222 ἀντιταττομένη,
3268 2152 3343 2220 τῷ
3400 2152 3590 2221 Κυρίῳ
3639 2152 3693 2203 δὲ
3728 2152 4044 2219 κολλωμέ-κη

2470 2242 2786 2307 διαπαντὸς,
2818 2244 2851 2312 ἡ
2892 2242 3117 2310 τοιαύτη
3170 2241 3395 2303 δικαίως
3436 2241 3544 2309 ἀρα
3594 2240 3689 2292 καὶ
3728 2239 4041 2298 ἀκολούθως

2470 2333 2768 2404 προκόπτει
2800 2332 2967 2402 ψυχὴ,
3005 2333 3101 2385 καὶ
3132 2332 3351 2403 δωρεῶν
3380 2332 3604 2397 ἀφάτων
3632 2330 3903 2396 ἀξιοῦται,
3940 2331 4045 2381 ἀπὸ

2470 2424 2628 2495 δόξης
2648 2426 2727 2488 είς
2750 2425 2930 2489 δόξαν,
2959 2426 3056 2477 καὶ
3077 2424 3185 2477 ἀπὸ
3209 2426 3570 2485 ἀναπαύσεως
3597 2427 3675 2487 είς
3696 2424 4038 2492 τελειοτέραν

2471 2516 2782 2569 ἀνάπαυσιν
2824 2516 3199 2584 μετατίθεται.
3235 2509 3369 2567 Εἶτα
3396 2516 3490 2567 καὶ
3520 2516 3598 2575 είς
3624 2514 3684 2567 τὸ
3718 2514 3927 2567 τέλειον
3952 2510 4045 2565 τοῦ

2471 2606 2901 2678 Χριστιανισμοῦ
2930 2606 3127 2676 μέτρον
3153 2606 3481 2676 ἀφικομένη,
3504 2611 3615 2669 τοῖς
3638 2606 3867 2667 τελείοις
3887 2605 4047 2675 ἐργά-

2468 2716 2610 2759 ταις,
2661 2698 2755 2750 καὶ
2815 2698 2926 2759 τοῖς
2975 2695 3227 2767 ἀμώμοις
3276 2696 3370 2749 τοῦ
3424 2696 3662 2767 Χριστοῦ
3714 2696 4047 2763 λειτουργοῖς

2470 2786 2611 2839 κατά
2640 2786 2739 2855 τὴν
2765 2785 2984 2839 αἰώνιον
3014 2785 3179 2838 αὑτοῦ
3212 2786 3608 2856 συνταγήσεται
3643 2784 3945 2855 βασιλείαν.

798 2900 971 2957 usque
1016 2884 1081 2942 ad
1134 2898 1475 2956 supremum,
1508 2898 1617 2954 quo
1668 2879 1970 2952 perducere
2014 2878 2465 2936 Clnistianismus
2490 2881 2769 2937 hominem
2813 2888 3013 2952 patest,
3064 2881 3420 2950 perfectionis
3470 2883 3682 2951 apicem
3730 2893 4044 2951 progressa,

796 2982 1059 3052 perfectis
1089 2978 1375 3051 operariis,
1419 2986 1475 3030 et
1513 2976 1802 3043 inculpatis
1834 2974 2039 3028 Christi
2097 2974 2361 3028 ministris
2399 2975 2454 3029 in
2490 2984 2698 3029 aeterno
2726 2990 2895 3046 regno
2923 2974 3273 3045 adjungetur.

868 3073 1060 3129 XXIX.
1095 3073 1217 3126 Haec
1249 3086 1370 3141 qua:
1414 3068 1667 3122 videmus
1705 3068 1759 3119 in
1804 3066 1967 3135 paulo
2001 3074 2126 3118 ante
2158 3080 2363 3118 memo-

799 3175 919 3219 rato
946 3178 1224 3217 sacrorum
1262 3162 1390 3224 ritu,
1424 3161 1624 3229 figuras
1648 3172 1767 3211 esse
1798 3167 1925 3226 puta
1952 3167 2007 3209 et
2031 3158 2249 3210 umbras
2271 3170 2364 3209 oc-

2543 3065 2672 3120 KG’.
2708 3067 2787 3119 Τὰ
2837 3067 3145 3135 φαινόμενα
3191 3066 3365 3119 ταῦτα
3421 3063 3627 3128 τύπους
3655 3064 3769 3118 οῖου
3822 3083 3915 3134 μοι
3957 3066 4048 3118 καὶ

2475 3156 2631 3218 σκιὰς
2676 3157 2786 3210 τῶν
2814 3158 3063 3228 κρυφίων
3102 3154 3277 3211 εἶναι’
3315 3158 3405 3211 τὸν
3452 3158 3579 3210 ναὸν
3628 3158 3718 3210 τὸν
3770 3157 4047 3227 ὁρώμενον

799 3257 1095 3309 cultorum.
1144 3252 1426 3321 Templum
1475 3257 1601 3317 puta
1651 3247 1886 3309 visibile,
1929 3246 2150 3309 cordis;
2182 3261 2365 3300 sacer-
2395 3267 2479 3338 Ct

2395 3279 2438 3338 C
2471 3247 2565 3301 τοῦ
2594 3248 2693 3317 τῆς
2720 3250 2946 3319 καρδίας
2971 3248 3121 3312 ναοῦ,
3153 3249 3245 3301 τὸν
3267 3248 3436 3319 ίερέα,
3458 3248 3551 3300 τοῦ
3577 3246 3831 3317 ἀληθινοῦ
3861 3248 4046 3315 ίερέως

800 3348 1004 3409 dotem,
1035 3342 1145 3396 veri
1172 3339 1472 3394 sacerdotis
1504 3337 1706 3392 Christi
1745 3336 1974 3406 gratiam
2004 3353 2017 3388 :
2051 3345 2107 3389 et.
2132 3335 2209 3388 sic
2240 3350 2368 3403 por-

801 3450 884 3488 ro.
919 3434 987 3490 Ut
1034 3433 1197 3501 igitur
1258 3430 1313 3483 in
1350 3427 1591 3481 Ecclesia
1643 3426 1843 3480 visibili
1892 3425 1995 3478 nisi
2036 3427 2189 3494 prius
2239 3423 2371 3477 fiant

802 3542 969 3581 sacrae
1017 3526 1300 3587 lectiones,
1332 3531 1386 3576 et
1431 3536 1550 3591 qure
1606 3530 1801 3573 caetera
1849 3533 2057 3572 canone
2112 3517 2371 3571 ecclesia-

801 3620 940 3675 stico
991 3615 1251 3685 consequi
1310 3614 1536 3672 debent,
1570 3610 1891 3680 procedant.
1946 3608 2259 3677 psalmodia:
2314 3618 2370 3663 et

802 3724 1015 3764 sacrum
1073 3709 1252 3776 ipsum
1302 3703 1620 3773 mysterium
1682 3701 1934 3769 corporis
1979 3707 2035 3751 ct
2090 3699 2370 3768 sanguinis

799 3801 1004 3857 Christi
1052 3798 1235 3869 peragi
1284 3812 1313 3849 a
1359 3793 1663 3855 sacerdote,
1693 3792 2096 3860 inconsequens
2137 3801 2239 3847 est.
2274 3790 2367 3846 Vi-

800 3895 985 3949 cissim
1031 3902 1233 3951 autem,
1278 3888 1321 3941 si
1368 3887 1454 3939 vel
1493 3884 1722 3938 maxime
1768 3883 2169 3936 ecclesiasticus
2196 3897 2368 3936 canon

801 3986 1052 4053 expletus
1087 3980 1272 4041 fuerit,
1318 3975 1523 4029 oblatio
1573 3982 1753 4025 autem
1818 3972 2045 4041 mystica
2086 3986 2195 4024 non
2226 3972 2371 4024 cele-

801 4075 990 4127 bretur
1022 4068 1374 4127 asacerdote,
1424 4078 1523 4115 nec
1578 4060 1906 4115 eucharistia
1954 4068 2011 4113 et
2058 4061 2371 4115 communio

801 4162 1048 4233 corporis
1080 4157 1281 4213 Christi
1315 4153 1750 4214 administretur,
1796 4150 1937 4202 haud
1991 4150 2230 4217 perfecte
2278 4150 2371 4203 ab-

802 4254 1032 4307 solvitur
1061 4247 1555 4303 ecclesiasticarum
1604 4240 2054 4293 caeremoniarum
2110 4240 2266 4303 ordo,
2315 4248 2370 4294 et

803 4358 1026 4397 mancus
1066 4338 1403 4404 mutilusque
1441 4332 1532 4386 Dei
1580 4332 1762 4384 cultus
1806 4344 1869 4381 ac
1910 4329 2099 4397 religio
2133 4338 2234 4382 est.
2281 4329 2372 4385 Sic

802 4432 935 4486 mihi
969 4439 1024 4482 tu
1065 4428 1131 4481 de
1153 4425 1466 4481 Christiano
1486 4420 1731 4488 quolibet
1759 4418 1952 4486 cogita.
1981 4416 2034 4470 Si
2058 4418 2204 4469 enim
2242 4418 2287 4471 is
2315 4420 2370 4473 in

798 4521 1008 4594 jejunio
1038 4517 1259 4587 quidem
1286 4524 1339 4567 et
1372 4511 1576 4580 vigilia,
1618 4519 1672 4562 et
1719 4509 1771 4561 in
1823 4505 2119 4575 psalmodia
2164 4507 2292 4558 item
2317 4518 2372 4563 et

2468 3340 2566 3409 τῆς
2594 3339 2688 3391 τοῦ
2719 3339 2958 3404 Χριστοῦ
2981 3340 3200 3409 χάριτος
3220 3357 3234 3371 ·
3267 3341 3361 3393 καὶ
3384 3338 3577 3407 ἐφεξῆς
3600 3338 3792 3398 οὕτως.
3834 3337 4045 3401 Ὠσπερ

2469 3424 2561 3480 οὖν
2592 3430 2733 3482 κατά
2766 3430 2928 3499 τήνδε
2959 3432 3058 3501 τὴν
3083 3430 3285 3500 δρατὴν
3325 3428 3667 3497 Ἐκκλησίαν,
3708 3428 3773 3479 ἂν
3806 3429 3881 3497 μὴ
3914 3428 4046 3495 πρό-

2470 3536 2626 3588 τερον
2652 3522 2705 3572 αῖ
2736 3520 3099 3589 ἀναγνώσεις,
3132 3522 3187 3575 αἱ
3210 3521 3522 3590 ψαλμῳδίαι
3555 3536 3615 3573 τε
3647 3520 3741 3572 καὶ
3780 3521 3863 3582 τίς
3900 3525 4044 3574 ἐστιν

2470 3610 2763 3663 ἀκολουθία
2808 3612 2901 3665 τοῦ
2950 3611 3402 3683 ἐκκλησιαστικοῦ
3471 3611 3701 3679 βαθμοῦ,
3754 3614 4045 3681 προχωρή-

2477 3715 2641 3763 σειεν,
2683 3700 2815 3753 αὐτὸ
2846 3701 2906 3753 τὸ
2941 3700 3083 3753 θεῖον
3122 3704 3423 3771 μυστήριον
3444 3700 3537 3753 τοῦ
3572 3700 3829 3769 σώματος
3866 3719 3926 3753 τε
3953 3706 4044 3755 καὶ

2472 3790 2703 3858 αἳματος
2748 3790 2844 3843 τοῦ
2877 3790 3116 3859 Χριστοῦ
3162 3792 3252 3844 τὸν
3300 3791 3448 3861 ἱερέα
3482 3792 3751 3842 ἐπιτελεῖν
3782 3793 3882 3843 οὐκ
3917 3793 4042 3843 ἀκό-

2472 3876 2681 3931 λουθον.
2727 3875 2858 3931 Εἶτα
2892 3880 2999 3931 κᾶν
3044 3881 3149 3942 πᾶς
3184 3879 3283 3948 μέν
3312 3880 3339 3930 ὁ
3383 3878 3835 3948 ἐκκλησιαστικδς
3867 3880 4043 3931 κανὼν

2472 3968 2767 4037 ἐπιτεθείη,
2820 3971 2852 4037 ὴ
2904 3972 3138 4039 μυστικὴ
3184 3970 3241 4021 δὲ
3287 3971 3386 4035 τῆς
3439 3972 3753 4039 προσφορᾶς
3806 3972 3913 4023 ὑπὸ
3951 3972 4041 4022 τοῦ

2476 4061 2665 4127 ίερέως
2693 4061 3028 4129 εὐχαριστία,
3070 4061 3163 4113 καὶ
3204 4060 3235 4129 ἡ
3271 4060 3523 4111 κοινωνία
3542 4059 3634 4111 τοῦ
3669 4060 3920 4129 σώματος
3950 4060 4040 4113 τοῦ

2472 4151 2708 4221 Χριστοῦ
2759 4152 2832 4219 μὴ
2864 4152 3109 4220 γένηται,
3159 4151 3283 4204 οὕτε
3318 4151 3345 4202 ό
3389 4151 3833 4219 ἐκκλησιαστικὺς
3869 4153 4043 4205 ἐτελεο

2475 4238 2773 4308 σιουργήθη
2802 4238 3022 4306 θεσμὸς,
3068 4239 3161 4291 καὶ
3198 4238 3421 4308 ἐλλιπής
3450 4240 3596 4291 ἐστιν
3625 4241 3658 4308 ὴ
3688 4240 3913 4307 λατρεία
3949 4239 4041 4292 τοῦ

2476 4329 2813 4399 μυστηρίου·
2851 4327 2992 4380 οῦτω
3028 4344 3118 4395 μοι
3161 4330 3257 4380 καὶ
3287 4329 3354 4380 τὰ
3400 4328 3496 4379 τοῦ
3539 4327 3867 4395 Χριστιανοῦ
3897 4328 4037 4379 νόει*

2475 4418 2541 4471 ἂν
2573 4418 2679 4485 γὰρ
2712 4418 2964 4485 νηστείαν
3002 4417 3099 4486 μὲν
3131 4418 3223 4469 καὶ
3250 4418 3555 4486 ἀγρυπνίαν
3580 4418 3675 4469 καὶ
3698 4417 4036 4485 ψαλμῳδίαν,

2472 4508 2599 4578 ὅλην
2629 4526 2686 4561 τε
2719 4509 2950 4577 ἄσκησιν
2977 4510 3069 4561 καὶ
3101 4510 3302 4578 ἀρετὴν
3331 4512 3513 4561 πᾶσαν
3545 4507 3908 4578 κατορθωκὼς
3933 4509 4035 4576 εἴη·

805 4615 860 4667 in
912 4610 1127 4665 cunctis
1168 4605 1358 4659 ofiiciis
1395 4604 1657 4654 virtutum
1712 4598 2089 4651 universarum
2128 4598 2273 4650 omni
2309 4613 2366 4651 se
2399 4605 2441 4658 ι)
2472 4603 2485 4651 t

2356 4614 2366 4651 ι
2399 4605 2441 4658 D
2472 4602 2505 4669 ἡ
2534 4600 2769 4670 μυστικὴ
2796 4600 2850 4651 δέ
2877 4600 2969 4653 τοῦ
3012 4601 3327 4670 Πνεύματος
3360 4601 3611 4669 ἐνέργεια
3638 4599 3715 4668 τῷ
3744 4600 4036 4668 θυσιαστη-

803 4703 1085 4771 diligentia
1115 4696 1423 4753 exercuerit
1454 4712 1465 4745 :
1500 4707 1599 4745 nec
1636 4701 1813 4743 tamen
1841 4702 1906 4740 eo
1933 4703 2167 4755 unquam
2203 4687 2366 4755 profi-

804 4790 1325 4866 ciendo.pertingat,
1360 4792 1421 4836 ut
1460 4781 1686 4849 mystica
1734 4778 1973 4845 Spiritus
2017 4777 2263 4845 operatio
2309 4776 2363 4829 iu

805 4882 959 4939 altari
1007 4880 1188 4935 cordis
1226 4878 1346 4945 ejus
1389 4889 1418 4926 a
1463 4872 1633 4941 gratia
1682 4884 1805 4922 cum
1850 4882 2012 4921 sensu
2064 4867 2280 4929 intimo,
2311 4875 2367 4921 et

805 4978 985 5031 omnis
1023 4970 1325 5043 Spiritualis
1374 4965 1573 5036 quietis
1626 4978 1823 5016 arcana
1867 4961 2199 5030 experientia
2242 4976 2365 5028 per-

806 5077 1014 5134 agatur,
1039 5061 1357 5131 imperfecta
1394 5054 1559 5109 fuerit
1589 5061 1699 5107 tota
1738 5052 1828 5104 illa
1866 5049 2181 5118 praecedens
2201 5052 2371 5103 series

2472 4690 2574 4760 ρίῳ
2599 4692 2697 4760 τῆς
2727 4690 2893 4743 αὑτοῦ
2925 4692 3155 4759 καρδίας
3185 4693 3288 4743 ὑπὸ
3320 4694 3417 4761 τῆς
3440 4692 3659 4760 χάριτος
3691 4691 3811 4743 κατ’
3837 4691 4033 4759 αἴσθη-

2470 4796 2553 4831 σιν
2588 4782 2767 4833 πᾶσαν
2805 4783 2896 4833 καὶ
2935 4783 3328 4852 ,πνευματικὴν
3376 4784 3687 4834 ἀνάπαυσιν
3720 4782 3795 4850 μὴ
3825 4766 4038 4831 ’ἐπιτε-

2466 4872 2630 4936 λοῖτο,
2661 4872 2856 4941 ἀτελὴς
2880 4874 2913 4942 ἡ
2945 4873 3122 4925 τοιάδε
3152 4875 3300 4924 πᾶσα
3322 4872 3421 4940 τῆς
3444 4873 3727 4940 ἀσκήσεως
3748 4870 4039 4923 ἀκολουθία

2468 4964 2561 5014 καῖ
2607 4964 2792 5030 σχεδὸν
2844 4965 3009 5033 ἀργὴ,
3055 4964 3152 5015 οὐκ
3199 4962 3399 5031 ἔχουσα
3446 4962 3543 5030 τὴν
3585 4961 3677 5013 τοῦ
3725 4959 4039 5029 Πνεύματος

2470 5054 2790 5119 ἀγαλλίασιν
2816 5054 3091 5124 μυστικῶς
3120 5056 3176 5105 ἐν
3209 5056 3274 5121 τῇ
3306 5053 3503 5123 καρδίᾳ
3531 5053 3949 5122 ἐνεργουμένην.

808 5157 1181 5226 religiosarum
1224 5147 1687 5207 Observationum,
1720 5151 1778 5196 et
1836 5140 2008 5194 ferme
2043 5138 2253 5192 inutilis
2322 5154 2431 5193 non
2468 5140 2676 5197 habens
2716 5143 3137 5198 exsultationem
3168 5144 3530 5211 spiritualeut,
3561 5157 3759 5196 arcane
3793 5142 3849 5195 in
3876 5142 4039 5196 corde

804 5250 1145 5319 productam.

876 5339 1039 5395 XXX.
1085 5338 1293 5391 Bonum
1334 5343 1419 5388 est
1459 5330 1747 5403 jejunium,
1790 5328 1931 5382 bona
1977 5325 2181 5395 vigilia.
2220 5324 2362 5379 bona

802 5431 1057 5486 similiter
1073 5427 1249 5483 omnis
1266 5423 1607 5486 exercitatio,
1625 5430 1681 5474 et
1701 5420 1810 5471 vita
1828 5432 2055 5487 peregre
2084 5416 2363 5483 traducta;

802 5532 1057 5576 cgeterum
1105 5520 1219 5571 haec
1250 5514 1512 5587 prooemia
1543 5520 1670 5566 sunt
1698 5519 1873 5563 status
1903 5516 1957 5561 et
1987 5506 2361 5563 conversatio-

800 5614 889 5666 nis
913 5612 1080 5665 Deum
1112 5625 1239 5664 vere
1272 5606 1607 5669 amantium;
1657 5601 1800 5655 unde
1844 5598 2212 5653 inconsultum
2239 5612 2363 5663 pro-

802 5708 944 5759 fecto
959 5713 1042 5757 est
1072 5703 1137 5755 iis
1167 5712 1493 5769 magnopere
1514 5694 1810 5751 confidere.
1837 5691 1930 5746 Est
1948 5690 2121 5753 enim,
2144 5690 2362 5757 quando

801 5794 985 5863 gratia:
1028 5791 1308 5861 cujusdam
1339 5786 1634 5858 participes
1662 5783 1855 5839 fiamus
1880 5798 1893 5835 :
1921 5789 1975 5833 et
2012 5789 2124 5833 tum
2157 5778 2361 5832 malitia

2533 5326 2611 5378 A'.
2661 5323 2839 5377 Καλὸν
2890 5326 2923 5394 ἠ
2962 5326 3203 5395 νηστεία,
3257 5326 3418 5379 καλὸν
3468 5323 3826 5395 ηάγρυπνία,
3863 5324 4038 5378 καλὸν

2461 5416 2659 5485 ὁμοίως
2697 5415 3007 5485 ἡάσκησις,
3053 5418 3147 5468 καὶ
3187 5418 3219 5485 ή
3268 5419 3359 5469 ἐπὶ
3406 5417 3566 5486 ξένης
3617 5419 3902 5487 διαγωγή·
3951 5419 4037 5468 καὶ

2470 5504 2734 5573 προοίμια
2768 5504 2939 5557 ταῦτα
2977 5504 3250 5566 πολιτείας
3285 5505 3564 5573 θεοφιλοῦς
3593 5521 3608 5536 ο
3659 5506 3945 5572 ἀλόγιστον
3982 5504 4036 5555 δέ

2470 5595 2707 5665 ἀτεχνῶς
2738 5596 2797 5647 τὸ
2822 5595 3009 5657 ἁπλῶς
3044 5598 3155 5657 τοῖς
3202 5597 3463 5659 τοιούτοις
3503 5597 3839 5668 ἐπιθιρρεῖν.
3882 5595 4035 5660 Ἐσπι

2470 5687 2577 5754 γὰρ
2606 5688 2691 5737 ὅτε
2723 5687 2815 5737 καὶ
2852 5688 3073 5755 χάριτός
3106 5704 3249 5749 τινος
3282 5689 3337 5739 ἐν
3382 5691 3582 5759 μετοχῇ
3628 5686 3999 5756 καθιστάμεθα
4020 5702 4033 5717 '

2472 5780 2621 5847 καὶὴ
2651 5780 2818 5831 κακία
2849 5777 2993 5830 ἔνδον
3040 5778 3455 5848 ύποκαθημένη,
3512 5781 3763 5849 καθάπερ
3822 5781 3879 5830 ἐν
3928 5779 4034 5836 τοῖς
