4254 6358
234 378 338 443 933

1414 378 1644 441 LIBER
1680 378 1779 440 DE
1818 377 2268 441 CHARITATE.

3354 371 3455 435 934

233 488 349 541 ἀνω
377 482 647 550 λέλεκται,
696 483 975 555 σοφίζεται
1022 483 1116 539 καὶ
1166 482 1704 556 ὁποχωρεῖ,έκοῦσα,
1736 484 1797 537 οὐ
1829 491 1873 546 Α
1904 483 1913 538 i

1776 484 1797 537 Β
1829 491 1873 546 Α
1904 483 2051 541 intus
2078 485 2133 540 in
2159 484 2321 542 nobis
2351 482 2641 540 subsidens
2689 481 2874 556 (prout
2918 479 3173 550 superius
3209 484 3294 535 est
3342 493 3456 535 me-

238 575 477 645 πράττει
504 573 576 627 τά
618 574 820 644 εαυτῆς
848 590 863 605 ο
898 574 1033 629 ἀλλὰ
1065 576 1212 628 ποιεῖ
1233 574 1452 646 νομίσαι
1479 574 1573 628 τὸν
1600 574 1801 646 ἀνθρω-

239 684 364 730 πον,
404 663 830 735 διακεκαθάρθαι
862 664 953 719 τὸν
983 663 1107 718 νοῦν
1133 680 1147 695 ·
1187 664 1281 719 καὶ
1319 664 1380 719 τὸ
1409 666 1592 747 nam
1617 665 1802 734 εξάγει

236 758 376 824 πρὸς
411 756 588 824 οἴησιν
613 754 974 824 τελειότητος.
1010 750 1143 809 Εἶτα
1170 754 1479 826 λῃστρικῶν
1504 755 1802 809 ἐπιτίθεται

235 847 331 900 καὶ
354 846 465 899 τῶν
501 846 826 899 κατωτάτων
856 846 982 915 ἄχρι
1006 846 1303 915 καταφέρει
1327 846 1426 916 τῆς
1453 846 1579 915 γῆς.
1610 846 1674 898 0i
1697 846 1803 916 γάρ

233 935 517 1005 ἂνθρωποι
574 931 833 995 πολλάκις
884 933 1087 987 εῖκοσιν
1134 933 1229 1003 ῑτη
1292 934 1572 1004 γενόμενοι
1609 931 1803 1005 λῃσταί

236 1042 386 1089 τινες
410 1024 442 1095 ἢ
474 1024 807 1095 στρατιῶται
834 1025 895 1077 τὸ
919 1024 1283 1095 έπιτήδευμα,
1314 1023 1561 1095 μηχανάς
1583 1040 1641 1077 τε
1664 1023 1806 1079 κατά

238 1118 349 1171 τῶν
394 1116 669 1187 πολεμίων
722 1114 1062 1180 ιπίστανται,
1097 1115 1467 1185 ύποκάθηνταί
1498 1132 1556 1168 τε
1595 1117 1690 1170 καὶ
1728 1115 1809 1168 ιν-

240 1205 404 1275 έδρας
449 1205 741 1269 επινοοῠσι,
774 1206 867 1258 καὶ
910 1205 977 1259 τά
1008 1206 1115 1259 τῶν
1178 1206 1387 1277 ιχθρῶν
1439 1206 1807 1277 λαμϐάνουσιν

235 1290 378 1357 ὦτα,
405 1297 497 1350 καὶ
524 1297 823 1350 κτείνουσιν
845 1295 1181 1361 ἀνελπίστως
1214 1296 1617 1368 περιϐαλόντας.
1650 1298 1807 1368 Πόσῳ

240 1405 303 1456 γε
338 1388 539 1456 μᾶλλον
570 1388 604 1457 ἡ
644 1387 810 1440 κακία
840 1386 1110 1455 τοσαύτας
1142 1385 1385 1457 χιλιάδας
1414 1387 1548 1441 ἑτῶν
1575 1403 1806 1458 γεγενηο

244 1479 408 1547 μένη,
451 1476 738 1531 καὶτοῦτο
779 1476 938 1547 έργον
963 1477 1165 1547 εαυτῆς
1188 1476 1494 1548 τεθειμένη,
1538 1475 1600 1529 τδ
1646 1493 1809 1530 σπου-

240 1568 523 1621 δαιότατον
569 1567 629 1621 τὸ
657 1568 877 1621 ἀπολεῖν
920 1567 1121 1638 ψυχάς,
1156 1567 1375 1638 ινέδρας
1417 1563 1523 1621 εῐδε
1555 1566 1807 1632 τοιαύτας

243 1664 304 1715 ἐν
338 1660 644 1730 ἀποκρύφῳ
664 1659 761 1728 τῆς
777 1659 1005 1730 καρδίας
1029 1662 1281 1723 επινοεῖν,
1303 1658 1559 1712 καὶκατὰ
1584 1658 1809 1728 καιροὺς

244 1757 509 1825 ἀτρεμεῖν
546 1754 816 1823 ἐπίτηδες,
853 1754 948 1807 καὶ
978 1753 1053 1825 μὴ
1098 1754 1341 1825 ενεργεῖν
1362 1768 1377 1784 °
1418 1752 1556 1807 ὥστε
1578 1752 1676 1824 τὴν
1703 1752 1809 1822 ψυ-

1903 584 2171 631 moratum
2209 590 2240 630 a
2274 574 2455 643 nobis)
2503 548 2735 641 subdole
2777 548 2888 643 agit
2920 548 3215 639 et_sponte
3241 582 3299 625 se
3332 567 3463 625 sub-

1902 668 2103 733 trahit;
2133 683 2235 724 nec
2260 674 2541 737 operatur,
2573 680 2693 735 qua:
2741 678 2841 719 sua
2878 669 3026 718 sunt.
3049 658 3156 716 Sed
3185 659 3462 715 hominem

1905 757 2132 821 inducit.
2158 756 2515 812 utexistimet
2580 762 2819 809 mentem
2855 766 3009 807 suam
3050 764 3169 806 esse
3202 749 3465 804 emunda-

1903 856 2049 901 tam:
2077 855 2133 902 et
2170 845 2249 901 sie
2277 860 2441 916 porro
2471 843 2701 914 impellit
2732 842 2986 897 eumdem
3023 840 3079 894 in
3106 838 3466 909 perfectionis

1903 939 2333 1010 persuasionem.
2383 936 2521 992 Tum
2567 949 2700 990 vero
2742 932 3012 987 latronum
3045 931 3151 985 ritu
3203 929 3258 983 in
3284 926 3463 999 ipsum

1904 1032 2032 1088 facit
2060 1031 2344 1103 impetum,
2373 1044 2612 1100 eumque
2643 1029 2698 1083 in
2734 1026 2918 1081 infima
2942 1038 3113 1094 usque
3142 1031 3302 1078 terra:
3330 1036 3466 1092 prae~

1904 1126 2117 1196 cipitat.
2153 1126 2294 1181 Sunt
2335 1124 2585 1179 homines
2634 1119 2886 1176 innutriti
2941 1116 3256 1173 tractationi
3290 1130 3470 1170 armo—

1907 1231 2051 1282 rum,
2083 1216 2176 1286 qui
2206 1214 2368 1269 annis
2392 1213 2582 1283 viginti
2623 1221 2717 1266 aut
2766 1208 3079 1271 latrocinio,
3117 1214 3214 1261 aut
3258 1205 3470 1261 militim

1904 1325 2236 1376 assuevere;
2268 1308 2469 1379 quippe
2520 1307 2703 1361 sciunt
2744 1304 3179 1359 machinationes
3220 1301 3276 1355 in
3301 1300 3471 1355 rebus

1905 1398 2253 1454 militaribus.
2297 1398 2363 1454 Hi
2393 1396 2700 1458 subsident,
2728 1402 2786 1450 et
2817 1392 3033 1449 insidiis
3061 1389 3375 1471 intendunt,
3404 1404 3471 1443 ac

1906 1489 2145 1545 hostium
2178 1497 2438 1544 avertunt
2457 1500 2617 1542 aures
2636 1502 2652 1552 ;
2677 1494 2735 1541 et
2754 1485 2836 1540 sic
2867 1483 3173 1538 insilientes
3192 1478 3472 1535 trucidant

1905 1592 1973 1633 ex
2011 1576 2329 1647 improviso.
2382 1576 2599 1643 Quanto
2645 1573 2817 1645 magis
2864 1571 3095 1636 malitia,
3123 1578 3204 1624 tot
3233 1567 3469 1623 millium

1906 1680 2199 1745 annorum,
2222 1674 2279 1721 et
2306 1680 2445 1736 opus
2470 1665 2575 1720 hoc
2611 1663 2879 1735 perdendi
2910 1662 3120 1718 animas
3138 1658 3243 1714 sibi
3270 1670 3473 1745 propo-

1911 1744 2329 1819 nens/insidias
2371 1751 2586 1808 noverit
2619 1749 2888 1822 ejusmodi
2923 1749 2981 1803 in
3017 1746 3201 1803 cordis
3236 1744 3472 1800 abscon-

245 1816 349 1918 χὴν
388 1816 624 1898 ’έλκῦσαι
672 1816 807 1917 πρὸς
857 1816 1053 1916 οἴησιν·
1095 1816 1462 1919 τελειότητοςς
1513 1846 1571 1901 '0
1626 1816 1925 1915 μέντοιΒ‹

1794 1864 1810 1899 ι
1837 1816 1885 1877 Β
1911 1841 2025 1896 dito
2054 1816 2441 1903 comminisci,
2475 1849 2533 1897 et
2583 1816 2920 1911 temporibus
2946 1833 3273 1907 opportunis
3295 1832 3363 1887 de
3390 1831 3473 1885 in-

244 1937 500 2007 θεμέλιος
526 1936 617 1989 τοῦ
648 1935 1100 2007 Χριστιανισμοῦ,
1137 1937 1240 1991 κᾶν
1266 1937 1443 2001 πάσας
1471 1955 1551 2001 τις
1578 1937 1812 2010 μετέλθῃ

244 2028 616 2090 δικαιοσύνας,
653 2027 726 2097 μὴ
760 2026 1204 2081 ιπαναπαύεσθαι
1242 2027 1465 2089 τούτων,
1513 2026 1647 2096 μηδὲ
1692 2027 1812 2080 επι-

246 2120 498 2191 θαρρεῖν,
526 2118 660 2189 μηδὲ
699 2117 840 2188 μέγα
869 2136 921 2172 τι
949 2119 1309 2188 πεποιηκέναι
1338 2117 1684 2187 λογίζεσθαι·
1708 2117 1811 2171 κᾶν

251 2213 479 2281 μέτοχος
507 2212 729 2282 χάριτος
750 2213 1013 2281 καταστῇ,
1045 2209 1119 2281 μὴ
1146 2209 1367 2278 νομίσαι
1392 2209 1806 2278 κατειληφέναι⁶

252 2300 388 2368 μηδὲ
417 2302 737 2371 κατακόρως
767 2299 911 2370 ῐχειν
931 2315 944 2330 ·
977 2299 1112 2354 ἀλλά
1138 2300 1328 2370 πεινᾷν
1377 2298 1498 2352 τότε
1532 2302 1625 2351 καὶ
1653 2298 1809 2370 διψᾷν

244 2386 325 2453 δὲ,
380 2389 598 2444 πενθεῖν
630 2391 722 2444 καὶ
772 2390 999 2458 κλαίειν,
1035 2392 1127 2446 καὶ
1176 2388 1642 2462 συντετριμμένην
1675 2390 1810 2455 ὅλως

246 2480 348 2550 τὴν
371 2480 597 2551 καρδίαν
629 2480 793 2550 ἔχειν.

1906 1930 2160 1987 dustria?
2185 1930 2300 1986 lmo
2330 1930 2571 2001 quietam
2597 1946 2721 1985 esse
2759 1937 2817 1984 et
2843 1944 2955 1983 non
2989 1924 3229 1995 operari.
3261 1930 3324 1977 ut
3349 1920 3473 1975 ani-

1908 2037 2051 2077 mam
2073 2022 2245 2093 ipsam
2268 2024 2322 2077 in
2348 2022 2755 2093 persuasionem
2777 2018 3131 2090 perfectionis
3163 2011 3474 2085 pertrabat?

1908 2112 2347 2168 Fundamentum
2406 2113 2589 2182 itaque
2644 2108 3051 2167 Cbristianismi
3091 2116 3197 2167 est,
3237 2110 3474 2174 quanta-

1906 2220 2124 2275 cunque
2157 2206 2280 2275 quis
2323 2204 2524 2259 obierit
2562 2202 2806 2258 omnium
2839 2200 3014 2256 ofﬁcia
3050 2197 3341 2261 virtutum,
3386 2191 3475 2247 his

1907 2304 2090 2351 tamen
2119 2312 2227 2350 non
2267 2295 2653 2365 acquiescere;
2706 2307 2817 2347 non
2868 2291 2937 2345 iis
2993 2286 3307 2351 confidere;
3362 2296 3473 2337 non

1907 2386 2035 2443 inde
2056 2402 2310 2459 magnum
2339 2386 2471 2457 quid
2512 2400 2573 2442 se
2597 2384 2792 2441 fecisse
2845 2389 3140 2453 reputare;
3167 2391 3348 2448 neque
3378 2374 3475 2429 ubi

1906 2484 2093 2554 gratiae
2130 2484 2407 2555 particeps
2426 2491 2511 2539 est
2540 2482 2737 2545 factus,
2767 2488 3017 2551 repente,
3045 2492 3108 2533 se
3131 2491 3190 2533 se
3229 2486 3478 2544 compre-

248 2575 507 2631 hendisse
526 2577 780 2632 arbitrari
809 2594 822 2643 ;
858 2577 1030 2631 multo
1054 2575 1237 2647 minus
1260 2577 1410 2632 velut
1433 2578 1541 2650 jam
1570 2585 1817 2634 saturum
1850 2579 2042 2647 otiari;
2070 2579 2205 2651 quin
2240 2588 2357 2633 tum
2405 2577 2578 2648 magis
2620 2574 2833 2633 esurire
2858 2587 2924 2629 ae
2972 2571 3161 2637 sitire;
3190 2568 3380 2639 lugere
3408 2580 3477 2621 ac

248 2671 401 2733 ﬂere,
430 2686 493 2726 ac
516 2670 813 2729 contritum
849 2672 1067 2740 penitus
1088 2687 1184 2727 cor
1214 2672 1436 2728 habere.

320 2760 449 2817 A'A'.
480 2762 607 2815 Νόει
630 2778 718 2830 μοι
746 2764 846 2832 τὴν
870 2763 1245 2835 πνευματικὴν
1274 2767 1610 2820 κατάστασιν
1637 2765 1812 2830 οὕτως
1984 2765 2000 2822 1

1790 2783 1812 2830 ς
1984 2765 2175 2822 XXXI.
2213 2764 2404 2836 Cogita
2438 2763 2594 2829 mihi,
2642 2763 2725 2818 sic
2771 2774 2831 2816 se
2882 2757 3085 2814 habere
3130 2754 3470 2826 spiritualem

247 2849 415 2919 εχειν.
473 2848 707 2903 ’Υπόθου
753 2849 878 2903 τινὰ
921 2845 1061 2905 εἷναι
1104 2851 1384 2921 βασιλικὸν
1412 2848 1594 2905 οἷκον·
1634 2854 1811 2923 τούτῳ
1912 2871 1927 2911 ε

1796 2869 1811 2906 ι
1912 2863 2135 2911 statum.
2168 2856 2335 2925 Finge
2378 2854 2478 2909 tibi
2518 2852 2703 2909 animo
2751 2848 3015 2921 palatium
3072 2844 3345 2915 quoddam
3387 2856 3476 2898 re-

246 2940 305 2994 δι
334 2940 502 3003 αὐλάς
532 2940 746 2993 ὑπεῖναι
775 2940 1087 3011 διαφόρους,
1136 2942 1234 2996 καὶ
1284 2941 1533 3012 πρόθυρά
1563 2959 1685 2996 τινα
1717 2943 1813 2997 καὶ
1912 2960 1926 3015 ι

1791 2943 1813 2995 ὶ
1912 2945 2083 3015 gium,
2104 2946 2246 3001 aulis
2267 2956 2525 3001 constans
2556 2942 2823 3006 diversis;
2852 2956 2917 2995 ac
2953 2937 3224 2995 vestibula
3250 2933 3471 3005 quidem

246 3032 429 3095 οἰκίας
472 3031 639 3095 ἀλλας
680 3030 983 3104 ιξωτέραςο
1034 3032 1132 3087 καὶ
1172 3032 1315 3105 οὕτω
1366 3033 1530 3087 πάλιν
1579 3032 1721 3087 κατά
1750 3032 1813 3087 τὸ
1916 3050 1926 3105 ι

1795 3034 1813 3087 5
1916 3035 2189 3105 principio
2234 3045 2471 3099 exstare,
2524 3042 2818 3104 partesque
2876 3030 3184 3084 anteriores
3236 3024 3475 3085 adium;

249 3122 547 3228 ἀκόλουθον
575 3122 880 3192 ενδοτέρας,
916 3124 973 3176 έν
999 3118 1090 3187 αἷς
1117 3123 1535 3228 τὴντπορφύραν
1565 3122 1660 3178 καὶ
1685 3124 1812 3187 τοὺς
1839 3169 1881 3228 c

250 3211 560 3281 θησαυροὺς
601 3211 748 3274 είκδς
780 3211 1127 3266 ἀποκεῖσθαι.
1170 3208 1301 3266 Εἶτα
1344 3213 1439 3265 καὶ
1484 3213 1584 3282 τὴν
1611 3213 1811 3267 τούτων

248 3295 408 3362 αὖθις
438 3300 737 3370 δσωτέραν,
766 3300 901 3353 ὅπου
927 3301 1025 3369 τὴν
1056 3300 1345 3372 βασιλικὴν
1365 3298 1501 3356 εἶναι
1535 3301 1813 3372 διαγωγὴν

251 3391 578 3461 επιτήδειον.
618 3392 830 3461 Ὠσπερ
852 3386 947 3444 οὖν
973 3390 1029 3443 ef
1073 3408 1157 3454 τις
1194 3391 1292 3455 τάς
1334 3392 1606 3461 ιξωτέρας
1648 3392 1814 3455 αὐλάς

248 3496 310 3534 1s
346 3480 443 3533 καὶ
495 3480 665 3549 μονάς
692 3481 1030 3550 ἀπαντήσας,
1054 3482 1103 3535 εί
1136 3480 1276 3545 δόξει
1307 3482 1431 3545 τοὺς
1459 3480 1605 3536 ινδον
1636 3483 1816 3545 οῖκους

250 3569 656 3640 κατειληφέναι,
695 3572 1075 3641 πεπλάνηταιο
1123 3572 1264 3626 οὓτω
1311 3572 1374 3643 δὴ
1430 3573 1524 3626 καὶ⁵
1573 3573 1713 3626 κατὰ
1757 3575 1818 3626 τδ

251 3662 623 3731 πνευματικὸν
648 3660 977 3724 ἀκολούθως.
1001 3662 1065 3715 Oi
1100 3663 1237 3731 πρὸς
1262 3663 1505 3732 γαστέρα
1538 3662 1632 3715 καὶ
1652 3662 1817 3717 ὕπνον

248 3751 662 3821 διαμαχόμενοι,
692 3751 925 3820 ψαλμοῖς
943 3767 1002 3803 τε
1032 3750 1127 3803 καὶ⁵
1156 3752 1343 3821 εὐχαῖς
1363 3750 1626 3818 διηνεκῶς
1652 3766 1818 3817 προσ-

253 3842 524 3912 κείμενοι,
559 3841 633 3911 μὴ
668 3841 1040 3911 νομιζέτωσαν
1064 3840 1164 3910 ἠδη
1212 3840 1305 3893 τοῦ
1343 3840 1531 3903 τέλους
1576 3840 1671 3893 καὶ
1718 3839 1817 3908 τῆς

252 3931 649 3995 καταπαύσεως
713 3930 990 3995 ιπιϐἧναι.
1047 3931 1255 3995 Πόθεν;
1310 3932 1430 3985 Ἔτι
1483 3931 1592 3999 γὰρ
1638 3931 1818 3994 αὐτοῖς

256 4025 386 4095 περὶ
418 4025 487 4078 τά
514 4024 763 4093 πρόθυρα
800 4024 894 4077 καὶ
926 4024 1024 4084 τάς
1052 4022 1223 4087 αὐλάς
1261 4024 1294 4094 ἡ
1326 4023 1642 4093 ἀναστροφή
1664 4038 1681 4055 ο
1722 4022 1819 4092 οὐχ

256 4115 345 4169 ῐνα
370 4114 469 4185 τὴν
507 4113 794 4184 πορφύραν
820 4113 932 4166 ικαὶ
969 4113 1095 4176 τοὺς
1143 4112 1451 4183 θησαυροὺς
1502 4111 1820 4167 ὑποκεῖσθαι

254 4202 379 4259 τοὺς
403 4202 710 4272 βασιλικοὺς
742 4202 1009 4272 ὑπάρχει·
1036 4200 1139 4254 κᾶν
1170 4202 1389 4271 χάριτός
1409 4218 1555 4264 τινος
1578 4216 1821 4268 πνευμα-

254 4293 418 4361 τικῆς
443 4292 755 4362 ἠξιώθησαν
778 4308 794 4324 ο
818 4292 954 4361 μηδὲ
974 4290 1131 4345 τοῦτο
1150 4292 1312 4370 πάλιν
1329 4292 1524 4354 αὐτοὺς
1540 4290 1819 4355 ἀπατάτω,

254 4383 348 4436 τοῦ
367 4383 553 4444 τέλους
573 4385 851 4452 ἐπιτυχεῖν
869 4398 883 4411 ·
904 4384 1130 4453 ερευνᾷν
1153 4378 1246 4435 οὖν
1263 4382 1558 4451 προσῆκεν,
1588 4382 1636 4433 εί
1666 4375 1822 4450 εὗρεν

1917 3130 2033 3178 tum
2070 3124 2365 3179 introrsum
2407 3123 2665 3178 continua
2703 3119 2844 3179 serie
2880 3117 3121 3189 penitius
3160 3112 3480 3169 recedentes

1912 3215 2067 3278 alias,
2116 3215 2169 3269 in
2221 3216 2425 3285 quibus
2453 3224 2509 3269 et
2533 3228 2829 3284 purpuram
2859 3222 2916 3267 et
2959 3211 3245 3265 thesauros
3283 3204 3479 3261 verisi-

1913 3305 2041 3360 mile
2076 3304 2148 3359 sit
2184 3305 2355 3360 latere
2403 3304 2662 3374 reposita.
2705 3301 2913 3358 Deinde
2957 3313 3152 3354 rursus
3202 3303 3326 3367 post
3378 3296 3480 3351 has

1912 3397 2095 3453 adhuc
2116 3396 2377 3452 interiora
2408 3396 2571 3465 208
2595 3394 2913 3450 conclavia:
2961 3392 3053 3447 ubi
3088 3391 3356 3446 diversari
3384 3404 3481 3444 rex

1916 3488 2032 3558 ipse
2060 3488 2323 3543 creditur.
2351 3487 2422 3544 Ut
2452 3487 2619 3555 igitur
2651 3486 2696 3539 si
2724 3483 2995 3554 quispiam
3036 3479 3345 3537 istiusmodi
3383 3494 3481 3534 ex-

1917 3573 2076 3627 timas
2112 3581 2319 3627 tantum
2357 3572 2619 3641 quasdam
2660 3570 2803 3625 forte
2844 3571 3124 3639 ingressus
3147 3566 3481 3629 mansiones,

1914 3664 2256 3720 existimaret
2284 3678 2342 3719 se
2368 3664 2483 3733 ipsa
2505 3665 2611 3734 iam
2642 3662 2941 3733 penetralia
2978 3659 3242 3716 domicilii
3274 3668 3480 3723 tenere,

1916 3756 2272 3811 vehementer
2294 3763 2540 3811 erraret:
2572 3755 2648 3810 ita
2695 3754 2753 3809 in
2794 3754 2961 3809 rebus
3009 3751 3391 3822 spiritualibus
3422 3764 3485 3805 se

1917 3862 2004 3902 res
2039 3847 2204 3902 habet
2226 3840 2368 3917 ;qui
2401 3846 2606 3901 bellum
2638 3845 2817 3900 ventri
2842 3853 2901 3899 et
2935 3859 3126 3900 somno
3163 3841 3483 3904 inferentes,

1919 3936 1977 3991 in
2015 3937 2349 4007 psalmorum
2382 3952 2603 4007 quoque
2648 3934 3053 3997 decantatione,
3098 3941 3156 3987 et
3192 3932 3485 3987 continua-

1922 4025 2069 4081 tione
2100 4041 2326 4096 precum
2356 4032 2729 4096 perseverant,
2755 4039 2823 4079 ne
2855 4032 3047 4093 putent
3081 4038 3139 4078 se
3169 4020 3487 4092 pervenisse

1916 4114 2028 4185 jam
2057 4115 2125 4170 ad
2159 4123 2383 4179 metam,
2411 4129 2476 4171 ac
2500 4115 2703 4184 quietis
2732 4114 3069 4169 inscendisse
3099 4112 3301 4167 cubile.
3330 4110 3487 4169 Unde

1920 4209 2067 4264 enim
2106 4208 2223 4263 haec
2264 4208 2585 4279 persuasio?
2609 4207 2804 4263 Adhuc
2840 4221 3030 4261 eorum
3063 4206 3118 4260 in
3149 4204 3487 4275 primoribus

1922 4296 2230 4369 porticibus
2271 4305 2327 4353 et
2351 4297 2498 4352 circa
2544 4297 2696 4351 aulas
2737 4296 2907 4351 haeret
2941 4294 3318 4358 conversatio;
3345 4308 3486 4348 non-

1923 4388 2055 4442 dum
2086 4388 2180 4442 ubi
2212 4402 2453 4457 purpura
2497 4397 2554 4443 et
2603 4387 2849 4441 thesauri
2876 4387 3010 4456 regii
3053 4397 3181 4441 sunt
3222 4384 3484 4454 repositi;

257 4477 316 4527 tv
363 4474 441 4543 τῷ
481 4475 788 4544 όστρακίνῳ
838 4472 1011 4543 τούτῳ
1062 4473 1246 4527 σκεύει
1289 4473 1380 4527 τὸν
1428 4473 1725 4543 θησαυρόν·
1770 4472 1820 4525 εί
1853 4480 1937 4540 οι

1804 4472 1820 4525 ί
1853 4484 1895 4540 D
1924 4480 2049 4536 licet
2068 4479 2253 4549 gratia:
2270 4478 2570 4549 spiritualis
2586 4478 2815 4548 alicujus
2840 4479 2951 4533 sint
2970 4477 3147 4543 beati;
3174 4491 3263 4539 ne,
3279 4490 3484 4546 quasso,

256 4563 544 4617 ἐνεδύσατο
588 4563 678 4617 τοῦ
737 4564 1052 4633 Πνεύματος
1107 4562 1206 4635 τὴν
1260 4563 1585 4635 πορφύρανι
1636 4566 1684 4617 sl
1730 4564 1822 4618 τὸν

259 4654 489 4725 βασιλέα
518 4649 624 4706 εἶδε
656 4654 748 4707 καὶ
765 4652 1133 4707 ἀνεπαύσατο.
1160 4654 1269 4707 Καὶ
1286 4654 1393 4724 γάρ
1416 4655 1528 4707 οῖου
1549 4670 1637 4723 μοι
1662 4655 1824 4708 πάλιν

256 4746 358 4817 τὴν
387 4746 485 4813 μὶν
522 4743 699 4815 ψυχὴν
746 4744 906 4813 βάθος
934 4760 985 4797 τι
1006 4743 1150 4814 ἔχειν
1202 4745 1297 4798 καὶ
1339 4744 1474 4816 μέλη
1506 4743 1697 4813 πολλὰ,
1726 4745 1824 4816 τὴν

258 4837 317 4890 δι
350 4836 625 4906 ἁμαρτίαν
666 4834 1088 4889 ύπεισελθοῢσαν
1126 4836 1193 4889 τὰ
1226 4836 1361 4907 μέλη
1395 4837 1593 4901 πάντα,
1624 4836 1719 4890 καὶ
1755 4836 1827 4890 τὰ

260 4928 510 4997 νοήματα
526 4927 621 4996 τῆς
635 4927 863 4997 καρδίας
882 4926 1208 4981 καταλαϐεῖν
1227 4943 1241 4959 ·
1261 4925 1379 4981 εἶτα
1399 4927 1826 4998 ιπιζητήσαντος

262 5018 358 5072 τοῦ
390 5019 705 5087 Πνεύματος
732 5021 829 5088 τὴν
861 5021 1043 5090 χάριν.
1075 5020 1270 5087 ιλθεῖν,
1302 5018 1397 5073 καὶ
1426 5018 1520 5073 δύο
1538 5018 1699 5089 τυχὺν
1727 5018 1827 5089 τῆς

259 5109 436 5180 ψυχῆς
490 5111 627 5181 μέρη
677 5110 1023 5181 περιλαϐεῖν·
1058 5110 1147 5165 τὸν
1190 5110 1285 5165 οὖν
1323 5111 1567 5183 ἀπείρως
1612 5109 1825 5179 ἔχοντα,

262 5204 398 5273 πρὸς
429 5202 528 5272 τῆς
567 5204 787 5273 χάριτος
839 5202 1042 5272 ταύτης
1072 5200 1557 5271 παρακαλούμενον
1605 5200 1827 5271 δόκησις

266 5293 402 5363 ῑχει,
437 5293 611 5345 πάντα
655 5295 723 5345 τά
756 5292 891 5361 μέλη
924 5292 1023 5361 τῆς
1072 5292 1251 5363 ψυχῆς
1303 5291 1683 5361 κατειλῆφθαι,
1732 5290 1827 5343 καὶ

265 5384 363 5455 τὴν
400 5382 674 5452 ἁμαρτίαν
706 5382 843 5446 δλως
874 5381 1229 5451 ἰκριζῶσθαι,
1286 5381 1361 5454 μὴ
1389 5381 1585 5443 είδότα,
1637 5380 1719 5433 ὅτι
1768 5378 1828 5433 τὸ

266 5473 516 5527 πλεῖστον
553 5473 716 5542 μέρος
763 5473 931 5542 αὐτῆς
963 5472 1041 5526 έτι
1090 5472 1421 5543 κατάσχετον
1471 5471 1563 5526 ὑπ’
1612 5469 1827 5540 εκείνης

263 5566 435 5619 εστίν.
478 5564 627 5617 Ἐνδν
658 5563 787 5635 γάρ,
830 5562 907 5628 ὡς
938 5563 1196 5627 πολλάκις
1241 5563 1552 5635 δεδήλωται,
1604 5561 1699 5615 καὶ
1729 5561 1829 5630 τὴν

264 5655 423 5725 χάριν
451 5655 807 5729 ἀδιαλείπτως
850 5656 1115 5727 ενεργεῖν,
1144 5653 1203 5707 δν
1230 5654 1430 5725 τρόπον
1463 5650 1739 5722 ὀφθαλμὸν
1772 5651 1829 5703 ιν

264 5746 341 5817 τῷ
370 5745 604 5817 σώματι,
638 5746 734 5802 καὶ
778 5748 1013 5803 συνεῖναι
1038 5745 1138 5816 τὴν
1160 5744 1355 5800 κακίαν
1382 5744 1829 5799 ύποκλέπτουσαν

1924 4570 2029 4626 hoc
2054 4584 2151 4625 eos
2176 4568 2435 4639 decipiat.
2469 4576 2530 4623 ut
2564 4568 2772 4638 apicem
2807 4567 3107 4637 arripuisse
3134 4567 3243 4636 iam
3276 4579 3335 4619 se
3364 4578 3489 4633 per-

1923 4660 2178 4716 fectionis
2200 4666 2418 4730 putent.
2445 4660 2743 4730 Explorare
2777 4659 3011 4729 aliquem
3040 4658 3250 4727 aequius
3285 4655 3485 4719 fuerit;

1923 4755 2120 4827 ecquid
2161 4753 2218 4810 in
2274 4768 2374 4809 suo
2410 4769 2540 4810 vase
2600 4754 2753 4809 ﬁctili
2812 4753 3127 4807 thesaurum
3181 4748 3487 4804 invenerit?

1925 4844 2135 4915 Ecquid
2164 4844 2274 4916 jam
2300 4842 2541 4900 induerit
2569 4842 2809 4913 Spiritus
2838 4840 3172 4913 purpuram?
3190 4840 3271 4895 An
3302 4853 3487 4909 regem

1924 4931 2147 4999 viderit,
2172 4940 2231 4988 et
2262 4930 2681 5002 conquieverit?
2726 4930 2942 4985 Etenim
2979 4928 3227 4983 existima
3266 4941 3485 4980 rursum

1924 5022 2163 5077 animam
2191 5021 2410 5092 quidem
2446 5020 2875 5092 profunditatem
2922 5016 3234 5088 quampiam
3261 5014 3486 5075 habere.

1925 5122 1981 5168 et
2026 5113 2269 5169 membra
2313 5111 2521 5177 multa;
2582 5118 2869 5181 peceatum
2910 5118 3093 5163 autem
3149 5104 3486 5175 subrepsissc

1925 5210 2082 5273 putet
2131 5203 2188 5258 in
2236 5202 2478 5257 membra
2526 5200 2730 5265 omnia,
2774 5208 2829 5254 et
2872 5198 3229 5269 cogitationes
3267 5207 3488 5264 quoque

1926 5288 2111 5343 cordis
2137 5302 2452 5358 occupasse.
2473 5287 2677 5342 Deinde
2700 5294 2987 5357 postquam
3016 5282 3180 5335 homo
3201 5277 3488 5351 requisivit

1926 5377 2165 5448 Spiritus
2209 5378 2462 5449 gratiam,
2508 5391 2629 5432 eam
2669 5375 2878 5439 venire,
2921 5383 2976 5429 et
3017 5372 3153 5427 duas
3193 5370 3469 5442 spprehen

1928 5467 2074 5524 disse
2106 5467 2336 5523 forsitan
2366 5466 2561 5522 animae
2596 5474 2796 5536 partes.
2822 5463 2879 5519 ld
2910 5478 3034 5519 eum
3064 5463 3292 5518 sentiret
3320 5461 3491 5532 impe-

1928 5557 2069 5613 ritus
2105 5556 2292 5629 gratiae
2334 5558 2517 5627 hujus,
2546 5557 2824 5627 Opinatur,
2856 5553 3111 5609 universa
3143 5552 3349 5623 pariter
3368 5553 3488 5608 ani-

1929 5662 2030 5702 ma:
2058 5647 2301 5702 membra
2331 5648 2519 5718 gratiae
2549 5645 2941 5715 comprehensa
2965 5645 3017 5697 vi
3045 5642 3241 5708 teneri,
3264 5656 3326 5698 ac
3358 5656 3491 5720 pec-

1929 5748 2110 5796 catum
2130 5752 2198 5796 ex
2223 5752 2286 5794 ea
2325 5752 2551 5809 prorsus
2590 5735 2959 5799 eradicatum;
2994 5734 3248 5791 nesciens
3278 5734 3483 5806 pleras-
