4254 6358
779 391 885 456 935

2036 393 2092 451 S.
2135 392 2454 453 MACARII
2494 390 2815 451 £GYPTH

3930 390 4038 457 936

776 521 885 579 que
911 503 1091 560 adhuc
1126 503 1320 560 anim
1346 513 1529 575 partes
1578 504 1836 574 occupari
1865 520 1896 560 a
1929 515 2172 577 peccato.
2211 505 2357 561 Con-
2387 517 2430 567 Α

2355 539 2357 545 ν
2387 517 2430 567 Α
2459 505 2557 574 τὴν
2574 504 2833 558 διάνοιαν.
2872 502 2932 556 Ὀ
2953 502 3133 557 τοίνυν
3163 502 3240 575 μὴ
3263 503 3560 575 διακρίνειν
3584 504 3764 567 ιίδὼς,
3783 503 3862 567 ὡς
3899 505 4035 572 μέγα

776 610 934 651 cesso
967 595 1116 650 enim
1144 595 1228 665 (ut
1270 594 1469 663 saepius
1508 592 1941 655 demonstratum
1978 597 2083 663 est)
2113 595 2347 665 gratiam

776 684 1154 739 indesinenter
1197 684 1451 754 operari,
1493 682 1634 738 sicut
1686 684 1904 738 oculum
1964 683 2021 738 in
2082 700 2347 754 corpore;

776 794 902 833 cum
930 793 996 832 eo
1043 786 1224 831 tamen
1282 775 1643 831 nihilominus
1678 786 1762 830 est
1790 792 2002 842 verum,
2035 775 2195 830 simul
2226 791 2349 830 cum

778 884 844 923 ea
884 869 1109 923 subesse
1144 868 1349 937 pariter
1389 867 1673 931 malitiam,
1704 868 1940 923 latenter
1977 876 2217 922 mentem
2249 868 2350 922 lal-

778 963 1003 1015 lentem.
1032 959 1134 1026 Qui
1156 976 1290 1029 ergo
1313 960 1460 1013 haud
1493 961 1623 1013 satis
1650 960 1803 1012 uovit
1832 960 2168 1023 discernere,
2194 961 2352 1029 quasi

779 1066 1035 1120 magnum
1060 1050 1189 1119 quid
1216 1050 1326 1118 jam
1360 1050 1751 1112 sitasseeutus,
1776 1065 2029 1119 magnum
2055 1049 2260 1119 aliquid
2286 1049 2354 1104 de

781 1156 839 1195 se
881 1140 997 1209 ipso
1040 1139 1333 1207 opinatur;
1376 1147 1432 1193 et
1473 1140 1627 1207 quasi
1674 1139 1864 1192 ultima
1908 1140 2230 1208 purgatiOne
2284 1140 2351 1194 ad

780 1246 979 1301 purum
1027 1238 1285 1285 excoctus
1336 1230 1425 1294 sit,
1474 1226 1717 1283 inﬂatur.
1753 1228 1857 1283 Sed
1890 1230 2124 1282 multum
2162 1244 2192 1282 a
2222 1244 2355 1283 vero

782 1323 938 1376 abest
970 1322 1084 1375 bmc
1113 1323 1231 1391 ejus
1262 1322 1556 1375 vanissima
1588 1322 1891 1391 persuasio.
1928 1323 1996 1378 Ut
2034 1322 2179 1375 enim
2214 1337 2354 1390 pra:-

782 1413 983 1466 cedens
1008 1427 1185 1466 sermo
1209 1412 1555 1477 monstravit,
1582 1428 1671 1466 ars
1692 1413 1807 1466 hmc
1836 1422 1916 1467 est
1941 1412 2153 1467 Satanae
2172 1454 2187 1478 ,
2217 1427 2357 1481 quo-

783 1504 906 1557 dam
941 1514 1187 1572 tempore
1217 1503 1283 1556 de
1314 1504 1582 1557 industria
1623 1519 1680 1558 se
1709 1504 2071 1569 abscondere,
2090 1520 2175 1567 ac,
2202 1504 2356 1574 quasi

784 1593 1123 1659 recessisset,
1153 1594 1515 1649 intermittere
1554 1594 1766 1662 operari
1802 1610 1922 1664 qua:
1972 1594 2183 1649 solebat
2211 1613 2225 1660 ;
2256 1596 2361 1649 hoc

786 1687 1118 1753 spectantis,
1175 1695 1234 1739 ut
1282 1694 1631 1755 arrogantem
1689 1686 1773 1740 sui
1841 1686 2095 1740 ﬁduciam
2161 1702 2358 1755 parum

788 1777 963 1830 cautis
1036 1776 1415 1844 spiritualibus
1487 1777 1789 1846 ingeneret.
1873 1777 2361 1831 Verumenimvero

2458 612 2512 648 τι
2543 594 2885 663 κατειληφὼς
2918 593 3044 665 ήδη,
3082 594 3225 665 μέγα
3253 613 3304 648 τι
3335 598 3461 666 περὶ
3492 597 3686 650 ἑαυτοῦ
3716 598 3913 655 οἴεται,
3947 596 4041 647 καὶ

2461 686 2535 749 ὡς
2560 686 2657 756 τὴν
2702 686 2937 756 ἑοχάτην
2972 685 3238 756 κάθαρσιν
3288 686 3637 757 συνεσχηκὼς
3692 686 3994 752 τετύξωται
4022 704 4035 715 ·

2460 778 2603 847 ἔχειν
2632 777 2689 831 δὲ
2718 777 2814 846 τὴν
2866 777 3123 848 ἀλήθειαν
3170 778 3577 846 συνηγοροῦσαν
3622 776 3792 846 αὐτῷ,
3840 775 4038 829 πολλοῦ

2459 884 2521 935 γε
2558 867 2651 919 καὶ
2679 866 2776 920 δεῖ.
2818 867 2905 929 Ὠς
2934 868 3042 938 γὰρ
3072 869 3099 920 6
3138 867 3295 934 λόγος
3338 867 3548 935 φθάσας
3582 868 3843 934 ἐδήλωσε,
3879 868 4039 934 τέχνη

2459 957 2538 1026 τῷ
2571 954 2785 1009 Σατανᾶ
2830 955 2925 1008 καί⁵
2955 956 3130 1025 αῦτη⁶
3173 957 3314 1010 κατά
3360 974 3513 1020 τινας
3567 957 3791 1027 χρόνους
3846 958 4037 1009 ἑκόντα

2463 1046 2836 1115 παραχωρεῖν,
2892 1044 2987 1097 καὶ
3034 1044 3105 1097 τὰ
3153 1038 3381 1096 εἰωθότα
3448 1045 3523 1113 μὴ
3582 1044 3849 1113 ἐνεργεῖν,
3905 1047 4040 1094 κατά

2466 1136 2689 1197 σκοπὸν,
2729 1134 2824 1187 τοῦ
2875 1134 3049 1202 οἴησιν
3117 1134 3453 1203 τελειότητος
3514 1136 3627 1196 τοῖς
3681 1134 4041 1203 ἀσκουμένοις

2466 1226 2758 1280 ὑποϐαλεῖν
2784 1243 2796 1256 ·
2826 1224 2961 1279 ἀλλὰ
2988 1225 3062 1297 μὴ
3085 1227 3112 1278 6
3132 1225 3380 1294 φυτεύων
3405 1225 3702 1295 ἀμπελῶνα
3722 1224 4042 1294 «aput/.61;

2466 1318 2717 1388 λαμϐάνῃ
2750 1317 2843 1369 καὶ
2870 1317 2961 1369 τὸν
2982 1316 3193 1385 καρπόν
3219 1331 3232 1345 °
3268 1316 3299 1386 ἢ
3326 1318 3353 1368 6
3388 1314 3627 1386 σπείρων
3659 1315 3721 1367 τὰ
3751 1300 4049 1384 σπέρματα

2466 1411 2523 1463 ὲν
2552 1413 2617 1481 τῇ
2648 1412 2718 1480 γῇ
2769 1411 2862 1463 καὶ
2901 1410 3001 1479 τὴν
3050 1408 3381 1477 συγκομιδὴν
3425 1409 3587 1471 εὐθὺς
3629 1408 3947 1477 ἐποιήσατο.
3982 1406 4045 1459 ΤΞ

2467 1499 2560 1565 δέ;
2591 1499 2655 1551 τδ
2676 1499 2961 1570 ἁρτιγενὲς
2986 1500 3199 1553 παιδίον
3238 1499 3414 1567 ἥψατο
3456 1501 3798 1569 παραχρῆμα
3826 1502 3927 1568 τῆς
3959 1515 4044 1550 τε-

2472 1589 2781 1659 λειότητος;
2814 1590 3144 1660 ’Δπόὸλεψον
3183 1590 3263 1652 εἰς
3313 1591 3404 1643 τὸν
3471 1590 3711 1659 Ἰησοῦν·
3769 1593 3836 1644 ὲκ
3892 1590 4047 1651 ποίας

2468 1681 2625 1751 δόξης
2678 1682 2804 1744 Υἱὸς
2834 1682 2970 1735 Θεοῦ
3021 1684 3114 1735 καὶ
3152 1681 3285 1744 Θεδς
3319 1681 3393 1735 ὢν
3442 1683 3470 1735 6
3518 1682 3774 1752 Χριστὸς,
3832 1682 3913 1742 είς
3961 1674 4048 1731 οἶα

2474 1773 2641 1842 πάθη,
2674 1772 2768 1825 καὶ
2795 1774 3041 1842 ἀτιμίαν,
3070 1775 3163 1826 καὶ
3200 1773 3434 1843 σταυρὸν
3464 1772 3670 1841 κατέϐη
3690 1788 3703 1803 ·
3746 1772 3844 1823 καὶ
3889 1769 4048 1823 πάλιν

787 1864 881 1932 qui
927 1866 1135 1933 plantat
1186 1866 1419 1929 vincam,
1468 1866 1613 1920 haud
1661 1867 1845 1920 statim
1889 1867 2188 1921 vindemiat
2236 1869 2356 1938 ejus
2394 1858 2442 1915 Β

2394 1858 2442 1915 Β
2470 1865 2617 1925 ὅπως
2650 1863 2736 1916 διὰ
2775 1863 2978 1934 ταύτην
3026 1864 3193 1918 αὑτοῦ
3238 1864 3335 1934 τὴν
3374 1864 3700 1916 ταπείνωσιν
3733 1860 4042 1931 ὑπερήρθη,

789 1955 1047 2009 fructum.
1088 1957 1274 2025 Neque
1324 1957 1417 2027 qui
1469 1972 1654 2012 semen
1707 1958 1760 2011 in
1812 1967 2013 2011 terram
2057 1959 2208 2028 jacit,
2245 1958 2363 2011 l‘ru-

791 2056 1036 2100 mentum
1074 2048 1266 2102 eodcm
1316 2056 1563 2117 tempore
1591 2049 1646 2101 in
1678 2049 1876 2103 horrea
1917 2050 2193 2107 convellit.
2220 2050 2362 2116 Quid

789 2135 963 2203 ergo?
995 2151 1063 2187 an
1100 2151 1291 2190 recens
1333 2146 1495 2190 natus
1545 2137 1724 2190 infans
1754 2138 2011 2205 perfecta:
2054 2139 2237 2192 subito
2287 2140 2370 2193 in-

789 2234 1131 2278 crementum
1174 2226 1499 2294 adipiscitur
1539 2228 1755 2281 aatatis'.‘
1793 2229 2023 2297 Respice
2059 2230 2114 2282 in
2157 2230 2365 2284 Jesum.

788 2312 867 2367 Ex
890 2322 1093 2382 quanta
1127 2316 1297 2383 gloria
1318 2315 1487 2369 Filius
1519 2316 1612 2369 Dei
1641 2326 1696 2370 et
1720 2317 1863 2371 Deus
1886 2332 2008 2371 cum
2041 2328 2188 2373 esset
2209 2318 2369 2373 Chri-

792 2412 929 2467 stus,
960 2404 1015 2457 in
1050 2415 1184 2473 quot
1218 2406 1515 2475 qualesque
1555 2408 1964 2476 perpessiones,
2014 2408 2368 2478 ignominiam

792 2503 848 2549 et
888 2508 1106 2549 crucem
1156 2495 1538 2560 descenderit;

2473 1956 2567 2008 καὶ
2596 1958 2655 2009 ὲν
2691 1956 2840 2027 δεξιᾷ
2863 1956 2955 2009 τοῦ
2992 1957 3203 2027 Πατρὸς
3225 1956 3499 2009 ἐκάθισεν.
3546 1955 3606 2008 Ὀ
3634 1955 3688 2008 δέ
3718 1972 3781 2021 γε
3811 1952 4048 2021 πονηρὸς

2474 2047 2595 2115 ὄφις
2622 2046 2685 2099 ὲκ
2714 2045 2937 2115 πρώτης
2965 2046 3042 2117 τῷ
3078 2046 3250 2115 Ἀδὰμ
3281 2045 3616 2115 ὑποσπείρας
3648 2044 3900 2112 Θεότητος
3932 2046 4047 2094 ἑπι-

2478 2136 2701 2205 Θυμίαν,
2724 2139 2801 2199 εἰς
2822 2137 2939 2189 οἷαν
2970 2137 3131 2190 αὐτὸν
3151 2139 3393 2205 κατήγουι
3409 2155 3464 2189 εν
3487 2136 3709 2204 ἀτιμίαν
3737 2135 3823 2186 διὰ
3847 2134 4047 2199 ταύτης

2474 2226 2538 2296 δὴ
2564 2226 2661 2296 τῆς
2685 2227 2933 2296 οἰήσεως.
2958 2226 3143 2280 Ταῦτα
3172 2227 3351 2280 τοίνυν
3380 2226 3539 2286 αὐτὸς
3566 2224 3761 2277 ὲννοῶν
3786 2222 4047 2290 ασφάλιζε

2479 2319 2702 2372 σεαυτὸν
2748 2320 2845 2388 ὅση
2880 2318 3131 2389 δύναμις,
3180 2321 3275 2373 καὶ
3316 2320 3582 2383 σπούδαξε
3624 2315 3918 2370 ταπεινοῦν

2476 2411 2575 2481 τὴν
2606 2410 2857 2481 καρδίαν,
2893 2410 2987 2463 xal.
3022 2411 3488 2481 συντετριμμένην
3523 2410 3687 2479 ἔχειν.

1624 2507 1679 2551 et
1736 2513 1928 2553 rursus
2010 2509 2236 2569 propter
2285 2502 2435 2555 illam
2476 2502 2648 2571 ipsam
2712 2501 2831 2572 ejus
2884 2501 3325 2557 humiliationem
3388 2500 3831 2570 superexaltatus
3907 2496 4047 2551 idem

795 2584 983 2647 fuerit,
1006 2584 1145 2638 adeo
1174 2595 1233 2639 ut
1261 2586 1449 2641 sedeat
1481 2587 1546 2641 ad
1578 2588 1759 2643 Patris
1796 2588 2099 2643 dexteram.
2138 2589 2207 2643 At
2234 2590 2410 2643 malus
2448 2605 2677 2660 serpens
2718 2589 3092 2644 subseminata
3128 2591 3305 2661 primo
3344 2605 3442 2645 suo
3474 2605 3702 2645 susurro
3770 2593 3823 2645 in
3862 2590 4046 2643 Adami

793 2677 976 2731 animo
1010 2678 1308 2747 cupiditate
1338 2678 1662 2743 divinitatis,
1690 2680 1743 2733 in
1762 2690 2019 2747 quautam
2054 2681 2231 2749 ipsum
2261 2681 2460 2751 dejccit
2497 2682 2876 2751 ignominiam,
2922 2681 3070 2736 illius
3120 2680 3499 2750 superbissimi
3552 2682 3699 2751 justa
3763 2682 4047 2750 punitione

794 2767 1074 2824 desiderii.
1127 2770 1251 2824 Haec
1306 2771 1474 2840 igitur
1513 2771 1629 2840 ipse
1669 2782 1948 2840 reputans,
1987 2773 2209 2826 consule
2242 2772 2363 2837 tibi,
2437 2775 2783 2830 constituens
2815 2783 3080 2846 quantum
3113 2783 3269 2843 potes
3333 2774 3390 2827 in
3424 2788 3622 2829 securo
3672 2788 3763 2828 res
3810 2784 3970 2837 tuas;
3999 2783 4053 2825 et

794 2863 955 2920 stude
985 2878 1202 2933 semper
1235 2865 1530 2921 humiliare
1573 2876 1728 2921 tuum
1775 2881 1889 2931 cor,
1923 2876 1979 2920 et
2009 2866 2141 2921 illud
2167 2867 2370 2922 habere
2404 2869 2727 2923 contritum.

800 3059 1057 3076 _

946 3218 2137 3394 ΜΑΚΑΡΙΟΥ
2250 3216 2697 3390 ΤΟΥ
2807 3219 3893 3394 ΜΕΓΑΛΟΥ

1744 3493 2002 3579 ΠΕΡΙ
2066 3486 2748 3581 ΕΛΕΥΘΕΡΙΑΣ
2823 3494 3117 3579 ΝΟοΣ

2276 3670 2560 3735 noro;

1665 3992 2459 4152 MACARII
2592 3988 3207 4147 MAGNI

1545 4280 1709 4369 DE
1843 4275 2656 4367 LIBERTATE
2804 4272 3335 4365 MENTIS

2260 4468 2581 4530 LIBER.

2397 4644 2465 4655 .—

878 4780 1040 4849 209
1066 4778 1104 4833 1.
1124 4776 1259 4832 Cum
1304 4772 1548 4828 audieris
1566 4771 1913 4827 descendisse
1930 4769 2209 4825 Christum
2230 4767 2282 4821 in
2303 4770 2384 4821 in-
2410 4774 2453 4833 (ζ
2556 4812 2558 4817 ι

2378 4774 2453 4833 -C
2556 4768 2634 4820 A'.
2671 4769 2837 4822 Ὅταν
2883 4766 3119 4839 ἀκούσῃς
3145 4805 3159 4830 ,
3209 4767 3289 4820 ὅτι
3330 4766 3605 4821 κατελθὼν
3652 4770 3680 4822 6
3712 4770 3945 4838 Χριστὸς
3983 4772 4058 4832 εἰς

811 4875 1051 4937 feros,et
1086 4872 1335 4925 detentas
1364 4868 1477 4922 illic
1510 4867 1717 4921 animas
1741 4865 2003 4920 liberasse
2026 4907 2039 4928 ,
2074 4880 2183 4918 ucn
2214 4864 2373 4933 longe
2481 4857 2491 4910 ί

2481 4856 2643 4928 ᾅδου,
2699 4859 2794 4922 τὰς
2847 4859 3109 4927 κατόχους
3161 4860 3279 4911 ἐκεῖ
3320 4857 3496 4928 ψυχὰς
3576 4860 3947 4931 mss-33am,
3990 4862 4060 4931 μὴ

813 4966 1013 5019 (bstare
1047 4963 1137 5016 illa
1160 4962 1227 5014 ab
1275 4960 1380 5024 his,
1411 4974 1531 5028 quae
1560 4973 1705 5011 nunc
1742 4965 2027 5026 geruntur,
2062 4964 2212 5023 puta.
2272 4953 2374 5009 Co-
2486 4965 2493 5017 ι

2486 4946 2701 5018 μακρὰν
2730 4943 2865 4999 εἷναι
2895 4948 3065 4999 ταῦτα
3101 4948 3194 4999 καὶ
3222 4946 3329 4999 τῶν
3359 4946 3451 5000 νῦν
3476 4949 3816 5017 τελουμένων
3846 4950 4054 5019 νόμιζε.

814 5057 921 5126 gita
956 5054 1084 5111 mihi
1119 5051 1428 5119 sepulcrum
1453 5064 1574 5103 esse
1630 5063 1745 5102 cor.
1774 5047 1852 5100 lbi
1907 5045 2264 5115 cogitationes
2321 5053 2377 5098 et

814 5153 1025 5200 mentes
1056 5140 1297 5194 defossas
1319 5139 1464 5209 gravi
1490 5138 1662 5191 teneri
1682 5136 2108 5205 comprehensas
2124 5135 2372 5203 caligine.

813 5234 975 5288 Venit
1022 5231 1187 5300 igitur
1216 5230 1478 5284 Dominus
1522 5227 1589 5281 ad
1624 5228 1836 5281 animas
1866 5228 1920 5280 in
1984 5224 2175 5279 inferis
2200 5225 2375 5293 ipsum

816 5326 1057 5379 clamore
1082 5335 1277 5390 magno
1306 5321 1641 5381 invocantes,
1678 5318 1733 5371 in
1769 5315 2101 5387 profundum
2133 5314 2388 5368 videlicet

813 5415 998 5473 cordis
1035 5410 1295 5474 advenit;
1349 5416 1405 5463 ct
1470 5406 1544 5460 ibi
1574 5408 1735 5461 morti
1781 5408 2080 5476 imperans.
2115 5404 2336 5458 Dimitte
2367 5443 2381 5467 ,

812 5512 908 5572 ait,
956 5507 1173 5561 clausas
1240 5499 1404 5554 isthic
1457 5498 1687 5560 animas,
1738 5513 1823 5551 me
1866 5495 1960 5565 qui
1995 5508 2237 5563 possum
2286 5507 2379 5547 eas

811 5600 1069 5660 liberare,
1124 5603 1185 5648 ut
1230 5591 1284 5646 id
1340 5589 1530 5643 faciam
1600 5596 1835 5640 orantes.
1900 5584 2108 5638 Deinde
2161 5596 2377 5653 gravem

810 5688 1047 5760 lapidem
1094 5695 1382 5739 removens
1412 5676 1815 5747 superpositum
1871 5674 2084 5737 animm,
2113 5672 2379 5727 tumulum

812 5778 1009 5849 aperit,
1035 5783 1091 5832 et
1146 5788 1265 5845 quae
1300 5783 1428 5827 vere
1462 5777 1581 5825 erat
1612 5773 1848 5831 mortua,
1881 5763 2198 5819 resuscitat:
2234 5780 2382 5833 qua:-

2483 5038 2610 5089 Οίου
2645 5055 2732 5106 μοι
2760 5038 2867 5109 γὰρ
2898 5042 3161 5109 μνημεῖον
3186 5035 3324 5093 εἶναι
3352 5041 3451 5109 τὴν
3479 5027 3725 5109 καρδίαν·
3755 5042 3916 5093 κάκεῖ
3936 5043 4058 5101 τοὺς

2483 5130 2774 5197 λογισμοὺς
2836 5130 2930 5182 καὶ
2975 5130 3064 5182 τὸν
3108 5130 3230 5183 νοῦν
3276 5131 3627 5200 κατωρύχθαι
3677 5131 3835 5201 βαρεῖ
3881 5134 4061 5184 σκότει

2484 5219 3237 5289 κατειλημμένους.Ἔρχεται
3265 5221 3556 5291 τοιγαροῦν
3582 5224 3610 5274 6
3634 5221 3836 5291 Κύριος
3864 5224 3943 5283 εἰς
3965 5222 4059 5284 τὰς

2483 5314 2540 5365 ὲν
2571 5312 2695 5383 ᾅδου
2728 5311 3100 5381 ἐπιόοωμένας
3132 5313 3293 5366 αὑτὸν
3324 5312 3538 5382 ψυχὰς,
3576 5314 3655 5375 είς
3686 5313 3743 5364 τὸ
3774 5312 3936 5381 βάθος
3970 5312 4059 5381 δη-

2482 5404 2615 5475 λαδὴ
2654 5404 2747 5473 τῆς
2775 5404 3019 5472 καρδίας,
3056 5405 3215 5457 κάκεῖ
3247 5402 3323 5474 τῷ
3353 5403 3569 5473 Θανάτῳ
3600 5401 4023 5472 ἐγκελευόμενος
4044 5418 4057 5431 ·

2486 5492 2821 5560 Ἀνάπεμπε,
2850 5491 3028 5557 λέγει,
3063 5492 3163 5555 τάς
3182 5490 3692 5565 ὲγκ[εκ]λεισμένας
3723 5491 3921 5561 ψυχάς,
3966 5493 4061 5554 τὰς

2489 5584 2587 5653 εμὲ
2606 5583 2695 5636 τὸν
2716 5582 2979 5652 ῥύσασθαι
3007 5582 3302 5654 δυνάμενον
3320 5583 3679 5653 ὶκζητούσας.
3702 5578 3834 5636 Εἶτα
3854 5584 3946 5635 τὸν
3970 5584 4063 5652 βα·

2492 5677 2589 5747 ρὺν
2606 5675 2750 5729 λίθον
2769 5676 2958 5745 διάρας
2974 5676 3064 5729 τὸν
3083 5677 3148 5747 τῇ
3167 5676 3310 5747 ψυχῇ
3331 5676 3697 5747 ἐπικείμενον,
3717 5675 3807 5727 τόν
3823 5692 3881 5728 τε
3895 5676 4059 5741 τάφον

2490 5766 2727 5835 ἀνοίγει,
2765 5766 2857 5819 καὶ
2887 5765 2976 5819 τὸν
3008 5766 3065 5818 ἑν
3096 5767 3321 5836 ἀληθείᾳ
3353 5767 3542 5837 νεκρὸν
3572 5766 3760 5835 ἀνιστᾷ
3786 5806 3799 5829 ,
3841 5767 3937 5818 καὶ
3967 5766 4063 5835 τῆς
