4254 6358
778 367 887 429 939

2029 368 2085 425 S.
2126 366 2440 425 MACARII
2482 366 2593 424 [ΕΟ
2605 366 2799 425 YP'I‘II

3907 358 4021 422 9ιο

780 480 918 530 enim
949 490 1057 537 vos,
1096 473 1194 537 ait,
1244 474 1339 525 uni
1393 474 1504 528 viro
1543 475 1797 543 virginem
1848 484 2054 527 castam
2103 475 2341 527 exhibere
2367 474 2460 532 Aa

2367 474 2414 532 Α
2444 474 2557 537 καὶ,
2584 475 2757 540 [Idan
2784 471 3028 543 φυλακῇ
3058 474 3221 541 τήρει
3244 472 3358 541 τὴν
3377 472 3647 541 καρδίαν,
3670 470 3771 539 τῆς
3790 468 4024 539 Γραψῆς

780 562 1065 617 Christo".
1134 560 1275 614 Audi
1328 575 1545 629 quoque
1598 560 1937 629 Scripturam
2010 559 2284 612 dicentem
2326 575 2340 612 :

782 652 935 705 Omni
966 651 1202 704 custodia
1227 666 1375 703 serva
1402 666 1492 701 cor
1511 659 1657 701 tuum
1681 667 1697 712 ;
1720 652 1845 719 quia
1878 664 1940 701 ea:
1965 649 2075 717 ipso
2098 650 2202 700 vita
2226 662 2346 714 pro-

780 744 913 796 cedit
934 743 999 794 ³⁸.
1020 744 1083 795 Et
1115 759 1128 793 :
1157 741 1438 794 Perversas
1466 744 1802 811 cogitationes
1825 755 2074 800 separare
2104 755 2135 789 a
2160 736 2263 789 Deo
2278 736 2343 800 ³⁶;

783 850 973 888 rursus
1035 834 1183 886 disce
1249 847 1280 885 a
1328 831 1511 885 divina
1563 832 1615 885 id
1646 832 1876 884 docente
1898 830 2199 898 Scriptura.

852 920 915 975 V.
954 921 1241 974 Rationem
1276 920 1456 988 exigat
1493 937 1520 972 a
1547 935 1643 973 sua
1706 919 2088 986 unusquisque
2116 918 2296 970 anima
2328 957 2344 981 ,

783 1012 1105 1065 discernens
1149 1020 1205 1065 et
1234 1011 1543 1078 explorans,
1588 1010 1655 1063 ad
1676 1024 1927 1078 quamam
1973 1006 2258 1061 adiciatur.
2281 1005 2349 1059 Et

783 1100 827 1153 si
863 1100 1008 1154 haud
1034 1114 1340 1154 consonans
1369 1100 1461 1153 Dei
1483 1100 1692 1169 legibus
1718 1098 2010 1168 contigerit
2028 1098 2213 1150 videre
2230 1110 2345 1159 cor;

783 1189 930 1242 omni
967 1197 1163 1243 conatu
1186 1187 1645 1255 quemadmodum
1678 1202 1897 1255 corpus,
1928 1188 1999 1239 ita
2028 1194 2083 1239 et
2109 1192 2347 1238 mentem

783 1294 1109 1333 conservare
1146 1280 1514 1346 incorruptam
1540 1278 1776 1340 studeat,
1810 1288 1972 1345 atque
2006 1275 2237 1344 impuris
2262 1288 2352 1326 as-

782 1383 1004 1421 sensum
1044 1368 1471 1436 cogitationibus
1509 1375 1819 1436 negantem.
1854 1368 1908 1421 Si
1951 1366 2171 1435 quidem
2218 1363 2351 1416 velit

778 1442 929 1511 .luxla
1002 1460 1424 1527 promissionem
1504 1458 1780 1510 introduci
1836 1457 1889 1509 in
1930 1456 2243 1509 convictum
2296 1459 2351 1505 et

781 1550 981 1602 choros
1020 1564 1277 1619 purarum
1309 1550 1585 1617 virginum
1613 1550 1677 1599 "'.
1705 1548 2051 1601 Coliabitatio
2095 1547 2241 1599 enim
2296 1554 2351 1598 et

784 1640 1065 1693 familiaris
1083 1640 1422 1693 conversatio
1440 1638 1592 1707 puris
1612 1638 1837 1691 omnino
1855 1648 1909 1693 et
1930 1639 1984 1690 iu
2007 1636 2139 1691 recti
2168 1650 2351 1689 amore

784 1731 902 1785 lixis
939 1732 1203 1799 promissa
1241 1739 1324 1784 est
1354 1730 1660 1782 animabus.

2444 565 2607 617 ἄκουε
2634 566 2920 633 λεγούσης·
2959 568 3027 619 ἐκ
3059 566 3167 635 γὰρ
3198 566 3422 618 τούτων
3452 563 3649 628 ἔξοδοι
3679 560 3863 627 ζωῆς·
3904 560 4021 620 καὶ.

2444 655 2735 717 Σκολιοὺς
2782 655 2847 707 δὲ
2894 655 3222 723 λογισμοὺς
3263 653 3527 722 χωρίζειν
3556 652 3675 706 ἀπὸ
3702 649 3890 713 Θεοῦ,
3927 648 4025 701 καὶ

2445 742 2609 794 πάλιν
2637 742 2736 812 τῆς
2763 743 2911 805 Θείας
2939 743 3295 814 διδασκούσης
3318 742 3543 813 Γραφῆς
3580 742 3842 811 μάνθανε.

2516 914 2591 972 Ε’.
2652 917 2821 983 Λόγον
2863 912 3163 967 άπαιτείτω
3205 914 3306 983 τὴν
3345 911 3537 966 ἐαυτοῦ
3570 909 3750 979 ψυχὴν
3786 909 4021 969 Exacto;

2446 1009 2753 1079 ἀνακρίνων
2802 1007 2896 1059 καὶ
2948 1004 3248 1073 βασανίζων
3276 1042 3290 1065 ,
3344 1003 3455 1056 τίσι
3502 1002 3868 1071 πρόσκειται·
3927 999 4021 1050 καὶ

2447 1101 2493 1153 ει
2528 1101 2601 1169 μὴ
2637 1095 3034 1165 συμφωνοῦσαν
3067 1095 3353 1164 συμϐαίνει
3399 1095 3510 1155 τοῖς
3539 1090 3632 1144 τοῦ
3662 1090 3799 1141 Θεοῦ
3832 1088 4018 1156 νόμοις

2446 1194 2543 1259 τὴν
2574 1190 2801 1260 καρδίαν
2832 1193 2995 1259 όρᾷν,
3036 1189 3185 1256 πάσῃ
3215 1185 3443 1254 δυνάμει
3470 1183 3719 1251 καθάπερ
3746 1180 3807 1233 τὸ
3838 1180 4015 1247 σῶμα,

2447 1286 2589 1336 οὕτω
2618 1283 2681 1352 δὴ
2726 1284 2823 1334 καὶ
2865 1283 2955 1335 τὸν
2984 1278 3106 1333 νοῦν
3147 1279 3425 1348 διατηρεῖν
3456 1274 3691 1343 ἄφθορον
3718 1266 4019 1329 σπουδαζέ-

2448 1392 2546 1437 τω,
2578 1376 2673 1426 καὶ
2701 1374 2809 1435 τοῖς
2841 1375 3091 1441 πονηροῖς
3120 1370 3406 1422 ἀσύνθετον
3434 1367 3731 1435 λογισμοῖς.
3768 1363 3838 1415 EI
3864 1378 3927 1428 γε
3956 1361 4017 1429 δὴ

2452 1468 2690 1536 βούλοιτο
2742 1468 2882 1518 κατὰ
2926 1466 3024 1534 τὴν
3068 1465 3362 1533 ὑπόσχεσιν
3402 1461 3499 1530 τὴν
3538 1457 3787 1526 καθαρὰν
3818 1454 4016 1507 ἐσοικί-

2452 1564 2677 1611 σασθαι*
2728 1558 3004 1625 ἐνοικῆσαι
3036 1556 3142 1625 γὰρ
3173 1558 3266 1608 καὶ
3295 1552 3735 1623 ἐμπεριπατῆσαι
3768 1552 3893 1607 ταῖς
3920 1563 4017 1597 κα·-

2452 1649 2643 1721 θαραῖς
2682 1649 2899 1710 πάντως
2953 1647 3045 1699 καὶ
3086 1645 3397 1713 φιλοκάλοις
3426 1642 3624 1711 ψυχαῖς
3657 1636 4014 1707 ἐπήγγελται.

858 1820 941 1874 Vl.
970 1820 1119 1873 Sicut
1141 1821 1253 1888 agri
1286 1820 1492 1887 proprii
1521 1818 1970 1885 diligentissimus
1996 1818 2221 1871 colonus
2244 1834 2345 1870 no-
2382 1806 2421 1859 Β
2524 1827 2538 1875 ε

2337 1848 2345 1857 ·
2382 1806 2421 1859 Β
2524 1826 2614 1889 (τ’.
2641 1824 2851 1891 Ὥσπερ
2882 1821 2910 1873 ὁ
2937 1820 3035 1887 τῆς
3055 1818 3185 1881 ίδίας
3206 1818 3306 1887 γῆς
3333 1816 3751 1885 ἐπιμελέστατος
3774 1813 4017 1881 γεωργὸς

781 1914 873 1959 vat
896 1922 1021 1960 eum
1061 1907 1213 1974 prius
1255 1913 1310 1959 et
1351 1920 1414 1957 ex
1450 1920 1515 1957 eo
1550 1905 1735 1973 spinas
1782 1904 1953 1967 tollit;
1989 1920 2051 1957 ac
2087 1914 2199 1956 tum
2254 1904 2349 1956 de-

784 2010 933 2048 mum
968 1996 1424 2063 injicitsemina;
1473 1995 1546 2047 ita
1600 2003 1655 2047 et
1700 1994 1791 2061 qui
1833 2010 1862 2046 a
1912 1995 2024 2047 Deo
2071 2001 2349 2061 exspectat

784 2096 1082 2140 sementem
1127 2086 1313 2155 gratia:
1354 2086 1622 2151 accipere,
1682 2100 1917 2153 purgare
1963 2084 2116 2151 prius
2186 2082 2349 2136 debet

788 2176 982 2229 anima:
1017 2190 1128 2229 suae
1150 2191 1369 2244 agrum;
1419 2184 1476 2227 ut
1506 2190 1690 2228 semen
1721 2174 1917 2227 deinde
1974 2174 2027 2225 in
2055 2187 2180 2226 eum
2211 2171 2347 2224 inci-

787 2266 925 2321 dens
960 2265 1222 2333 Spiritus,
1269 2265 1541 2333 perfectos
1565 2272 1619 2317 et
1650 2264 1981 2332 multiplices
2010 2263 2201 2316 reddat
2232 2262 2347 2314 fru-

787 2367 926 2412 ctus.
957 2356 1091 2411 Nam
1126 2356 1183 2409 ni
1238 2356 1341 2409 hoc
1376 2355 1467 2407 ﬁat
1490 2363 1616 2408 ante
1676 2355 1857 2407 omnia
1883 2394 1897 2416 ,
1930 2362 1985 2407 et
2020 2352 2127 2406 nisi
2186 2366 2347 2405 mun-

786 2448 998 2501 daverit
1039 2447 1165 2515 quis
1203 2446 1441 2514 seipsum
1483 2446 1548 2497 ab
1587 2445 1735 2497 omni
1781 2444 2199 2511 inquinamento
2226 2456 2349 2495 car-

786 2538 875 2592 nis
912 2545 967 2591 et
997 2536 1244 2606 spiritus,
1276 2549 1406 2588 caro
1431 2541 1516 2587 est
1542 2542 1599 2587 et
1627 2532 1868 2602 sanguis,
1893 2541 1949 2585 et
1989 2531 2149 2600 longe
2187 2532 2352 2584 distat

787 2642 817 2680 a
845 2625 977 2678 vita.

858 2716 967 2769 VII.
1013 2713 1389 2781 Undecunque
1424 2711 1601 2765 hostis
1638 2709 2076 2765 machinationes
2122 2715 2350 2772 astutas,

788 2807 944 2863 dolos
968 2814 1023 2860 et
1056 2804 1342 2867 maleﬁcia,
1395 2804 1814 2871 circumspicere
1852 2808 2085 2869 Oportet.
2137 2799 2351 2853 Etenim

790 2904 851 2949 ut
885 2894 1123 2963 Spiritus
1181 2902 1404 2946 sanctus
1424 2908 1523 2961 per
1556 2892 1783 2945 Paulum
1812 2908 1825 2943 :
1865 2890 1948 2942 Fit
1978 2889 2212 2941 omnibus
2243 2903 2354 2939 om-

790 2986 903 3047 nia,
935 2991 990 3035 ut
1017 2997 1193 3035 omnes
1226 2980 1396 3051 salvos
1422 2981 1583 3049 faciat
1624 2980 1708 3031 "z
1738 2979 1816 3032 sic
1854 2986 1909 3031 et
1952 2976 2171 3045 spiritui
2212 2975 2354 3026 malo

791 3081 850 3132 in
892 3077 1077 3132 studio
1098 3084 1204 3139 est,
1235 3074 1420 3130 omnia
1454 3073 1595 3136 ﬁeri,
1636 3081 1906 3125 utomnes
1943 3070 1997 3123 in
2068 3070 2349 3123 interitum

790 3168 1078 3237 propellat.
1112 3168 1299 3234 Itaque
1331 3165 1377 3218 is
1435 3178 1560 3217 cum
1624 3162 1913 3216 orantibus
1980 3160 2142 3214 simul
2192 3175 2349 3213 orare

790 3258 1047 3319 simulat,
1082 3256 1136 3309 id
1170 3266 1444 3324 spectans,
1503 3263 1565 3305 ut
1609 3268 1676 3306 ex
1706 3252 1819 3321 ipsa
1872 3251 2121 3305 oratione
2177 3258 2357 3304 sumat

791 3367 976 3407 ansam
1005 3349 1313 3418 decipiendi
1348 3356 1595 3403 orantem
1622 3347 1983 3416 subjiciatque
1998 3345 2179 3401 eidem
2208 3360 2357 3399 arro-

791 3453 1008 3514 gantem
1041 3439 1479 3503 conﬁdentiam;
1544 3437 2061 3507 cumjejunantibus
2094 3437 2303 3506 jejunat
2339 3474 2354 3499 ,

793 3542 856 3587 ut
881 3532 1029 3601 ipsos
1074 3530 1333 3585 inanibus
1354 3528 1591 3597 decipiat
1624 3537 1681 3581 et
1707 3528 2022 3592 dementet;
2049 3526 2357 3595 Scriptura-

792 3636 916 3675 rum
940 3619 1272 3675 habentibus
1292 3618 1567 3683 notitiam,
1626 3618 1899 3671 similibus
1956 3618 2050 3670 dat
2085 3630 2307 3685 operam
2340 3654 2355 3679 ,

792 3710 897 3767 sub
927 3710 1111 3779 specie
1162 3708 1404 3763 scientia:
1435 3710 1662 3776 cupiens
1690 3724 1786 3762 eos
1838 3709 2176 3766 subvertere.
2219 3706 2356 3761 Cum

792 3801 960 3871 aliqui
997 3800 1351 3855 revelationis
1380 3800 1587 3853 lumine
1630 3800 1885 3863 beantur,
1920 3799 2140 3852 videtur
2164 3808 2219 3851 et
2242 3798 2357 3866 ipse

794 3892 1061 3960 ejusmodi
1096 3891 1321 3944 habere.
1373 3890 1734 3958 Transﬁgurat
1760 3892 1897 3942 enim
1928 3892 2027 3956 (ait
2064 3890 2286 3957 Paulus)
2304 3904 2357 3941 se

794 3980 1026 4036 Satanas
1056 3981 1111 4033 in
1147 3979 1391 4049 angehtm
1418 3980 1544 4032 lucis
1579 3980 1643 4033 ⁸⁸.
1668 3981 1735 4035 Ut
1756 3981 2013 4049 Opinione
2052 3981 2189 4034 ﬁcta!
2222 3980 2358 4033 lucis

794 4071 1053 4140 deceptos
1087 4069 1153 4123 ad
1206 4084 1263 4123 se
1317 4068 1571 4123 adducat.
1616 4070 1701 4132 Et,
1763 4079 1823 4123 ut
1865 4080 2056 4123 cuncta
2088 4070 2357 4139 ejusmodi

794 4164 963 4216 semel
992 4163 1264 4232 colligam,
1304 4162 1444 4213 mira
1498 4174 1557 4213 se
1598 4162 1794 4214 artium
1840 4163 2142 4216 subtilitate
2177 4162 2357 4214 omnia

792 4251 1011 4315 variat,
1054 4266 1163 4319 quo
1210 4249 1568 4303 similitudine
1617 4251 1949 4320 subjugatos,
2001 4251 2126 4304 boni
2178 4251 2358 4319 specie

794 4340 1105 4408 apparentis
1154 4340 1209 4392 in
1237 4354 1419 4392 veram
1449 4338 1647 4392 alliciat
1698 4340 2214 4408 irreparabilemque
2238 4356 2359 4408 per-

2450 1915 2665 1966 ἁνανεοῖ
2690 1912 2891 1979 ταύτην
2920 1912 3203 1979 πρότερον,
3225 1911 3320 1962 καὶ
3343 1910 3440 1967 τὰς
3462 1908 3700 1967 ἀκάνθας
3718 1906 4013 1975 περιαιρεί,

2448 2000 2546 2056 εἷθ’
2596 2006 2737 2057 οῦτω
2780 2003 3104 2056 καταϐάλλει
3152 2002 3219 2053 τὰ
3264 1999 3551 2068 σπέρματα
3575 2014 3588 2027 ·
3628 1996 3770 2048 οῦτω
3803 1998 3899 2047 καὶ
3930 1994 4018 2046 τὸν

2449 2094 2599 2163 παρὰ
2626 2093 2759 2147 Θεοῦ
2793 2093 3177 2163 προσδοκῶντα
3206 2094 3303 2160 τῆς
3332 2091 3548 2159 χάριτος
3580 2088 3785 2156 σπόρον
3809 2085 4014 2147 λαϐεῖν,

2451 2186 2731 2255 καθαίρειν
2781 2186 3045 2255 πρότερον
3098 2183 3204 2253 χρὴ
3255 2183 3353 2248 τῆς
3404 2179 3596 2233 ἐαυτοῦ
3640 2178 3869 2246 καρδίας
3923 2176 4016 2244 τὴν

2449 2278 2571 2347 γῆν,
2608 2276 2672 2327 ἵν’
2702 2277 2730 2328 ό
2758 2275 2955 2343 σπόρος
2987 2273 3172 2325 πεσὼν
3202 2272 3295 2324 τοῦ
3323 2270 3635 2338 Πνεύματος
3666 2266 3902 2327 ἐντελεῖς
3928 2264 4019 2316 καὶ

2450 2366 2878 2429 πολλαπλασίους
2910 2364 3090 2432 ἁποδῷ
3122 2363 3247 2425 τοὺς
3271 2360 3543 2427 καρπούςο
3581 2359 3655 2421 ὼς
3682 2360 3729 2410 εί
3760 2358 3832 2427 μὴ
3861 2355 4019 2407 τοῦτο

2450 2458 2660 2525 γένοιτο
2688 2455 2975 2526 πρότερον,
3007 2453 3098 2506 καὶ
3125 2452 3337 2522 καθάρῃ
3366 2467 3447 2512 τις
3475 2449 3663 2501 ἑαυτὸν
3688 2446 3795 2499 ἀπὸ
3820 2445 4018 2505 παντὸς

2454 2548 2728 2621 μολυσμοῦ
2759 2547 2958 2617 σαρκὸς
2992 2546 3083 2598 καὶ
3111 2543 3440 2612 πνεύματος,
3479 2541 3613 2609 σάρξ
3640 2542 3786 2591 ἐστιν
3816 2539 3901 2589 ἔτι
3928 2537 4020 2589 καὶ

2451 2635 2609 2709 αἷμα,
2644 2639 2739 2691 xai
2771 2636 2986 2707 μακρὰν
3014 2635 3287 2703 ἀφέστηκε
3318 2634 3415 2701 τῆς
3445 2632 3611 2699 ζωῆς.

2522 2736 2595 2788 Ζ’.
2654 2732 2998 2801 Πανταχόθεν
3026 2732 3120 2791 τὰς
3147 2729 3239 2781 τοῦ
3270 2726 3462 2797 ἐχθροῦ
3500 2724 3857 2795 μαγγανείας,
3895 2722 4020 2783 τοὺς

2454 2826 2635 2887 δόλους
2660 2842 2718 2877 τε
2751 2824 2845 2876 καὶ
2871 2822 2967 2881 τὰς
2993 2818 3327 2887 κακουργίας
3348 2858 3361 2878 .
3399 2818 3632 2883 ὀξύτατα
3661 2817 4021 2884 περισκοπεῖν

2453 2917 2552 2970 δεῖ.
2603 2915 2713 2967 Καὶ
2748 2912 2857 2983 γὰρ
2905 2912 2981 2974 ὡς
3026 2910 3087 2962 τὸ
3131 2909 3354 2977 Πνεῦμα
3396 2908 3457 2959 τὸ
3499 2908 3651 2972 ἅγιον
3682 2907 3769 2958 διὰ
3804 2904 4021 2957 Παύλου

2452 3005 2519 3058 τὰ
2550 3006 2727 3059 πάντα
2750 3002 3005 3070 γενέσθαι
3034 3000 3220 3069 φησὶν.
3256 3000 3341 3052 ἵνα
3369 2999 3495 3061 τοὺς
3521 2998 3727 3059 πάντας
3756 2997 4020 3066 κερδήσῃ·

2382 3118 2422 3174 c
2454 3094 2596 3148 οὕτω
2628 3095 2691 3164 δὴ
2738 3094 2829 3147 καὶ
2860 3095 2923 3161 τῇ
2956 3091 3123 3159 κακίᾳ
3155 3090 3397 3157 γίνεσθαι
3426 3089 3602 3141 πάντα
3632 3086 3720 3140 διὰ
3752 3086 4017 3151 σπουδῆς.

2453 3184 2527 3246 ὠς
2575 3185 2701 3247 τοὺς
2749 3183 2957 3243 πάντας
3006 3179 3351 3250 παραπέμψει
3394 3182 3459 3247 τῇ
3502 3178 3778 3246 ἀπωλείαο
3828 3176 4023 3244 ἀμέλει

2453 3274 2567 3333 τοῖς
2610 3269 2921 3340 εὐχομένοις
2970 3266 3046 3329 ὡς
3084 3267 3473 3335 συνευχόμενος
3502 3263 3850 3331 ὑποκρίνεται
3884 3259 4025 3311 κατᾶ

2458 3362 2657 3416 σκοπὸν
2705 3361 2800 3413 τοῦ
2846 3358 3118 3428 προφάσει
3153 3356 3319 3425 εὐχῆς
3351 3354 3654 3423 ἐμϐαλόντα
3683 3353 3818 3422 πρὸς
3845 3353 4024 3419 οίησιν

2455 3454 2772 3521 ἀπατῆσαι’
2826 3451 2942 3512 τοῖς
2982 3446 3301 3515 νηστεύουσι
3354 3443 3731 3513 συννηστεύειν
3758 3484 3773 3505 ,
3823 3444 4024 3502 αὐτοὺς

2456 3546 2629 3611 οἰήσει
2678 3541 2963 3610 φενακίσαι
3011 3538 3372 3607 βουλόμενοςο
3432 3536 3543 3596 τοῖς
3594 3534 3772 3601 ἔχουσι
3819 3531 4027 3597 γνῶσιν

2456 3633 2685 3703 Γραφῶν
2719 3630 3020 3700 ἐπιτηδεύει
3055 3630 3122 3682 τὰ
3150 3629 3311 3697 ὃμοια
3335 3666 3354 3691 ,
3388 3625 3735 3694 προσχήματι
3771 3622 4027 3689 γνώσεως

2456 3722 2730 3776 ἐπιποθῶν
2778 3722 2973 3782 αὐτοὺς
3022 3717 3536 3789 παρακρούσασθαι·
3588 3718 3700 3774 τοῖς
3744 3712 4022 3765 ἀποκαλύ-

2456 3813 2601 3881 ψεων
2630 3811 2805 3879 φωτὸς
2832 3807 3234 3872 καταξιωθεῖσι,
3261 3804 3659 3875 παραπλησίως
3688 3802 3830 3869 ἔχειν
3850 3802 4021 3853 δοκεῖ.

2458 3896 3031 3967 Μετασχηματίζεται
3063 3897 3192 3966 γὰρ,
3223 3894 3405 3964 γησὶν,
3442 3897 3474 3947 ό
3506 3890 3772 3955 Σατανᾶς
3803 3894 3891 3955 είς
3925 3892 4024 3957 ἁγ-

2458 3993 2639 4059 γελον
2660 3988 2872 4056 φωτός·
2910 3987 2995 4039 ἵνα
3026 3988 3090 4055 τῇ
3118 3986 3335 4054 δοκήσει
3363 3983 3455 4036 τοῦ
3481 3982 3818 4051 καταλλήλου
3847 3982 4025 4049 φωτὸς

2460 4082 2766 4149 ἀπατήσας,
2802 4080 2879 4140 είς
2904 4078 3096 4131 ἐαυτὸν
3127 4077 3502 4143 ἐπαγάγηταιο
3546 4076 3637 4127 xai
3669 4074 3851 4126 ἁπλῶς
3883 4072 4026 4124 οῦτω

2460 4171 2595 4239 πρὸς
2628 4170 2801 4221 πάντα
2832 4168 3165 4221 ποικίλλεται
3194 4167 3285 4219 καὶ
3312 4168 3421 4227 τοῖς
3443 4166 3626 4225 πᾶσιν,
3652 4164 3735 4215 ἵνα
3758 4162 3831 4228 τῷ
3856 4163 4022 4231 ὁμοίῳ

2459 4254 2805 4324 χειρούμενος
2838 4254 3184 4321 εὐλογοφανεί
3223 4252 3487 4322 προφάσει
3524 4250 3754 4319 προξενῇ
3793 4251 3890 4317 τὴν
3923 4253 4025 4301 ἀπο

2460 4343 2653 4394 ὡλειαν
2682 4360 2695 4373 ·
2751 4341 3111 4410 Λογισμοὺς,
3142 4342 3291 4408 φησὶ,
3326 4338 3742 4405 καθαιροῦντες
3772 4340 3869 4391 καὶ
3902 4336 4016 4389 πᾶν

794 4430 993 4484 niciem
1016 4446 1029 4481 :
1055 4428 1311 4491 Consilia,
1331 4428 1531 4496 inquit,
1551 4430 1867 4482 destruentes
1892 4438 1937 4483 et
1984 4447 2187 4483 omnem
2226 4432 2351 4484 atti-
2378 4428 2430 4487 D
2457 4433 2474 4484 ί

2339 4458 2351 4470 ·
2378 4428 2430 4487 D
2457 4433 2670 4498 ὕψωμα
2693 4430 3082 4497 ἐπαιρόμενον
3117 4428 3265 4481 κατὰ
3294 4428 3400 4495 τῆς
3422 4426 3691 4496 γνώσεως
3720 4426 3823 4480 τοῦ
3850 4425 4019 4479 Θεοῦ.

796 4520 1030 4571 tudinem
1057 4517 1390 4570 extollentem
1409 4534 1462 4570 se
1512 4519 1757 4572 adversus
1810 4523 2080 4574 scientiam
2124 4521 2219 4574 Dei
2269 4523 2312 4552 ⁸ο
2340 4561 2353 4575 .

792 4610 927 4663 Vide
946 4624 1230 4678 quousque
1276 4609 1543 4676 superbus
1573 4610 1661 4663 ille
1696 4610 1957 4678 impostor
1988 4613 2220 4667 audendi
2240 4629 2358 4681 pro-

794 4702 1020 4757 terviam
1050 4702 1327 4762 extendat,
1360 4710 1420 4753 ut
1459 4717 1566 4753 non
1588 4702 1802 4755 dubitet
1854 4705 2039 4757 conari
2084 4721 2179 4758 eos
2211 4705 2356 4773 ipsos

797 4792 1051 4861 dejicere,
1086 4792 1177 4859 qui
1213 4791 1369 4857 211
1395 4790 1639 4842 divinum
1708 4791 1919 4845 Numen
1961 4793 2013 4845 in
2047 4795 2355 4862 cognitione

798 4880 1040 4935 veritatis
1061 4878 1394 4947 possideant.
1427 4878 1496 4931 Ut
1526 4877 1661 4931 adeo
1700 4895 2149 4949 unumquemque
2193 4898 2357 4949 opor-

798 4978 906 5025 teat
930 4982 1026 5025 cor
1054 4982 1212 5020 suum
1245 4966 1393 5020 omni
1414 4967 1659 5020 custodia
1684 4982 1931 5033 servare;
1967 4971 2299 5039 multamque
2326 4988 2355 5027 a

800 5060 910 5113 Deo
934 5056 1279 5131 prudentiam
1299 5071 1541 5124 poscere,
1569 5058 1735 5112 utdct
1762 5060 1921 5114 nobis
1950 5062 2357 5130 deprehendere

796 5145 1079 5200 diabolica
1094 5144 1444 5213 malignitatis
1467 5155 1629 5199 artes.
1650 5146 2021 5217 Praetereaque
2038 5152 2355 5213 exercitare,

794 5252 856 5290 ac
875 5235 1031 5303 quasi
1049 5234 1331 5288 elaborare
1366 5244 1601 5287 mentem
1646 5251 1709 5288 ac
1748 5237 2103 5305 cogitationes
2144 5250 2356 5295 nostras

793 5323 1065 5380 elimando
1119 5338 1217 5391 per
1275 5322 1610 5391 spiritualem
1664 5340 1849 5379 curam
1914 5328 2029 5380 sine
2080 5327 2354 5382 intermis-

795 5417 947 5469 sione
970 5413 1243 5475 convenit,
1272 5420 1328 5466 et
1346 5414 1410 5466 ad
1436 5413 1527 5466 Dei
1550 5416 1881 5471 voluntatem
1900 5418 2155 5486 adaptare
2179 5418 2349 5485 ipsas;

2460 4524 2599 4591 Ὅρα
2632 4522 2792 4590 μέχρι
2824 4521 2914 4572 καὶ
2940 4520 3097 4570 τίνων
3125 4521 3151 4572 ὁ
3174 4519 3387 4580 ἀλαζὼν
3414 4519 3641 4569 ἐκτείνει
3664 4517 3723 4569 τὸ
3743 4517 4019 4585 τόλμημα,

2456 4612 2531 4679 τῷ
2574 4611 2852 4679 βούλεσθαι
2901 4610 2993 4661 καὶ
3033 4609 3158 4669 τοὺς
3188 4608 3287 4676 ἤδη
3318 4608 3378 4658 τὸ
3401 4607 3553 4658 Θεῐον
3582 4607 3702 4659 κατ’
3730 4607 4023 4671 ἐπίγνωσιν

2456 4698 2711 4765 ἀληθείας
2760 4697 2977 4765 ἔχοντας
3022 4698 3387 4761 κατενεγκεῖν.
3416 4696 3576 4746 Ὥστε
3622 4694 3770 4765 πάσῃ
3808 4694 4019 4763 φυλακῇ

2456 4792 2640 4856 τηρεῖν
2693 4787 2792 4854 τὴν
2838 4786 3030 4838 ἑαυτοῦ
3074 4786 3298 4855 καρδίαν
3325 4786 3465 4853 χρὴ,
3524 4786 3723 4854 πολλήν
3765 4802 3824 4835 τε
3870 4784 4021 4853 παρὰ

2456 4878 2590 4931 Θεοῦ
2622 4882 2719 4946 τὴν
2744 4877 2954 4929 σύνεσιν
2986 4877 3177 4935 αίτεῖν,
3203 4876 3289 4928 ῑνα
3316 4876 3389 4943 δῷ
3421 4878 3553 4943 ἡμῖν
3581 4877 3677 4937 τὰς
3703 4875 3799 4941 τῆς
3822 4878 4021 4935 κακίας

2457 4968 2646 5035 τέχνας
2676 4968 2883 5035 φωρᾷν.
2924 4964 3282 5034 Ἐργάζεσθαι
3303 4964 3358 5015 δὲ
3387 4965 3479 5017 καὶ⁵
3506 4966 3755 5017 ἐκπονεῖν
3782 4966 3875 5017 τὸν
3900 4966 4021 5017 νοῦν

2458 5060 2513 5109 ἐν
2565 5059 2775 5109 συνέσει
2827 5058 2919 5109 καὶ
2962 5058 3083 5118 τοὺς
3113 5056 3405 5124 λογισμοὺς
3436 5059 3699 5126 προσήκει
3731 5058 4016 5125 διηνεκῶς,

2458 5150 2549 5200 καὶ
2593 5148 2729 5215 πρὸς
2756 5147 2848 5199 τοῦ
2877 5146 3011 5199 Θεοῦ
3043 5147 3250 5216 θέλημα
3283 5148 3629 5215 καταρτίζειν
3656 5148 3850 5209 αὐτούς
3870 5164 3885 5179 ·
3921 5148 4019 5200 οὐκ

2462 5240 2573 5290 ἐστι
2606 5240 2789 5291 τούτου
2823 5238 3004 5308 μεῖζον
3033 5237 3192 5307 ἔργον
3230 5238 3263 5308 ἢ
3306 5238 3629 5308 τιμιώτερον
3650 5254 3662 5267 ·
3704 5238 4019 5304 Ἑξομολό-

2456 5346 2631 5396 γησις
2674 5328 2808 5397 γὰρ,
2851 5327 3012 5396 φησὶ,
3072 5327 3170 5379 καί
3211 5327 3684 5395 μεγαλοπρέπεια
3734 5325 3799 5377 τὸ
3838 5326 4016 5392 ἔργον

2454 5438 2655 5473 αυτου.

795 5521 903 5574 quo
931 5520 1040 5559 non
1068 5508 1244 5575 majus
1264 5518 1369 5564 nec
1397 5506 1689 5573 pretiosius
1728 5522 1864 5577 opus
1887 5517 1989 5564 est.
2019 5508 2302 5577 Confessio,
2342 5509 2483 5563 enim
2516 5511 2609 5574 ait,
2629 5519 2675 5563 et
2705 5510 3093 5581 magniﬁcentia
3113 5524 3240 5579 οριη
3256 5510 3367 5578 ejus
3391 5510 3455 5565 “.

888 5642 931 5717 ξι
972 5643 1017 5717 ιι
1038 5643 1161 5698 Cor.
1200 5647 1421 5717 p.231
1451 5648 1609 5717 Prov.
1644 5664 1715 5709 ιν.
1756 5647 1842 5717 25.
1922 5648 1965 5680 ³⁸
1986 5649 2111 5717 δυιι-
2158 5666 2190 5713 ιη
2220 5651 2272 5703 5-

801 5712 842 5741 “
872 5712 936 5765 ll.
980 5710 1107 5766 Cor.
1137 5715 1259 5777 x,5.
1337 5717 1376 5745 δ’
1402 5716 1593 5769 I‘saltn.
1626 5734 1709 5780 ex,
1754 5716 1804 5770 5.

2370 5651 2413 5681 ³’
2448 5654 2613 5719 Apoc.
2653 5668 2705 5717 κ,
2748 5650 2836 5704 22.

2941 5648 3171 5705 “lCor.
3212 5665 3286 5719 lx,
3326 5653 3415 5711 22.
3521 5650 3563 5681 ⁸⁸
3591 5649 3631 5704 ιι
3661 5648 3783 5705 Cor.
3823 5664 3899 5716 ιι,
3930 5649 4011 5707 Η.
