4254 6358
234 377 331 442 941

1282 372 1512 433 LIBER
1552 371 1648 433 DE
1692 371 2109 434 LIBERTATE
2148 375 2454 436 MENTIS.

3380 375 3485 442 942

307 488 387 543 ll'.
438 486 516 553 Τῇ
550 482 781 552 φιλοθέῳ
808 481 953 554 ψυχῇ
974 522 990 549 ,
1026 482 1132 537 κᾶν
1162 482 1339 537 πάντα
1367 485 1435 539 τὰ
1465 484 1643 552 ἀγαθά
1676 484 1817 555 πρά·
1846 492 1890 547 Α

1990 488 2124 542 VIII.
2171 488 2268 543 Dei
2311 488 2751 553 amantianlmae,
2803 501 3079 563 utcunque
3108 491 3287 547 omnia
3339 493 3481 547 bona

233 576 397 639 εειεν,
435 573 587 626 οὐδὲν
620 574 809 642 ἑαυτῇ,
843 572 981 626 ἀλλὰ
1008 572 1086 643 τῷ
1109 572 1227 643 Θεῷ
1254 574 1457 628 ἕκαστα
1484 575 1809 643 ἐπιγράφειν

231 669 371 730 ἔθος.
429 665 613 735 Ταύτῃ
671 682 755 717 τοι
807 664 901 717 καὶ
933 665 962 717 ὀ
989 664 1121 728 Θεὸς
1152 666 1313 719 πάλιν
1341 667 1407 735 τῇ
1439 666 1582 733 ὑγιεί
1607 666 1809 733 ταύτης

232 758 324 811 καὶ
377 757 511 827 ὀρθῇ
562 756 775 808 συνέσει
820 755 913 809 καὶ
959 753 1158 824 γνώσει
1191 754 1465 826 προσχὼν,
1501 755 1810 819 τούναντίον

231 850 416 920 ἐκείνῃ
448 847 624 900 πάντα
649 847 947 915 λογίζεται·
984 849 1077 901 καὶ
1104 847 1178 911 ὡς
1206 847 1376 917 αὐτῆς
1402 846 1685 918 καμούσης
1718 850 1809 902 καὶ

232 938 364 1009 παρ’
393 940 592 1009 ἑαυτῆς
620 939 679 991 τὸ
702 938 819 992 ὅλον
841 940 1242 1012 ἐργασαμένης,
1266 940 1364 1004 τὰς
1383 940 1679 1004 ἀντιδόσεις
1701 942 1811 994 ὲπι-

234 1031 425 1101 μετρεῖ
442 1044 456 1058 ’
501 1028 686 1083 καίτον
712 1030 866 1096 δόξαν
893 1030 1041 1101 αύτῷ
1082 1031 1217 1099 πρὸς
1244 1032 1421 1099 κρίσιν
1458 1033 1590 1102 ἡμῖν
1614 1032 1809 1095 ἐλθεῖν,

230 1123 384 1173 οὐδὲν
436 1120 573 1191 πρὸς
613 1120 872 1191 ἀλήθειαν
920 1122 998 1193 τῷ
1038 1122 1309 1193 ἀνθρώπῳ
1347 1123 1551 1177 δίκαιον
1581 1124 1809 1194 εὑρεθή-

235 1234 407 1267 σεται·
447 1216 569 1267 ἐπεὶ
600 1215 694 1269 καὶ
723 1218 791 1267 τά
819 1215 1099 1284 χρήματα,
1138 1217 1231 1268 καὶ
1260 1215 1329 1269 τὰ
1353 1215 1609 1269 δοκοῦντα
1635 1218 1812 1270 πάντα

231 1306 392 1354 ταυτὶ
436 1303 614 1370 ἀγαθὰ
637 1341 655 1367 ,
712 1303 780 1355 δι’
815 1296 889 1355 ὧν
924 1304 1017 1356 καὶ
1049 1305 1287 1357 εύποιεῐν
1318 1304 1544 1368 ἕκαστος
1568 1305 1810 1370 δύναται,

233 1394 445 1445 ἐκείνου
474 1394 602 1457 εισι,
637 1393 709 1463 γῆ
742 1394 835 1447 καὶ
864 1396 1039 1448 πάντα
1068 1396 1135 1448 τά
1166 1396 1224 1447 ἰν
1251 1396 1386 1465 αὐτῇ
1406 1413 1420 1428 ο
1460 1396 1591 1449 αὐτὸ
1622 1398 1681 1450 τὸ
1712 1396 1814 1450 σῶ-

239 1503 339 1553 μα,
373 1485 469 1537 xai.
500 1484 637 1554 αὐτὴ
669 1485 702 1553 ἡ
727 1484 895 1553 ψυχή’
928 1485 988 1537 ού
1018 1485 1124 1555 μὴν
1148 1485 1284 1539 ἀλλὰ
1306 1488 1400 1540 καὶ
1423 1486 1554 1539 αὐτὸ
1574 1486 1635 1539 τὸ
1650 1484 1810 1552 εἶναι,

234 1573 525 1642 ἅνθρωπος
560 1575 700 1625 κατὰ
730 1574 889 1643 χάριν
920 1574 1053 1642 ἔχει.
1087 1573 1151 1626 Τί
1177 1574 1357 1627 τοίνυν
1390 1574 1540 1645 αὑτῷ
1569 1574 1813 1628 λείπεται

236 1665 369 1717 ἴδιον
394 1704 411 1729 ,
466 1666 550 1733 ἐφ’
580 1658 624 1731 ᾧ
658 1666 717 1716 τὸ
748 1666 1000 1733 οἰηθῆναι
1034 1665 1068 1735 ἦ
1099 1666 1455 1736 δικαιωθῆναι
1486 1667 1628 1721 κατὰ
1656 1667 1813 1735 λόγον

234 1756 385 1820 Eiet;
429 1757 567 1823 πλὴν
599 1756 732 1808 ἀλλὰ
761 1756 965 1825 ταύτην
999 1759 1027 1809 ὁ
1054 1756 1185 1819 Θεὸς
1222 1757 1484 1827 μεγίστην
1517 1756 1577 1821 ἐξ
1600 1757 1811 1827 ἀνθρώ-

1911 576 2103 640 faciat,
2131 580 2265 633 nihil
2298 581 2422 645 sibi,
2455 581 2549 636 sed
2580 583 2688 637 Deo
2709 590 2904 637 cuncta
2927 583 3199 638 ascribere
3230 599 3347 638 mos
3375 591 3480 638 est.

1906 668 1978 721 At
2004 669 2148 723 Deus
2173 669 2411 725 vicissim
2456 686 2640 725 sanam
2672 673 2791 741 ejus
2813 680 2869 726 et
2917 680 3155 734 rectam.
3210 688 3333 731 cum
3389 673 3486 728 ad-
3592 702 3595 705 -

1909 756 2169 813 mistione
2187 759 2511 828 prudentia},
2561 761 2847 816 scientiam
2907 760 3215 825 attendens,
3260 763 3311 816 in
3354 777 3485 816 con-

1910 850 2137 903 trarium
2168 850 2324 919 plane
2353 850 2573 905 modum
2594 852 2776 906 omnia
2822 850 2927 921 ipsi
2962 853 3223 922 imputat;
3247 867 3311 906 ac
3336 854 3483 907 velut

1910 931 2001 992 illa
2030 940 2141 993 sola
2164 939 2482 1003 laborasset,
2506 948 2563 996 et
2590 941 2706 997 suis
2735 942 2898 997 unius
2921 942 3135 997 viribus
3158 942 3211 996 in
3246 941 3481 997 solidum

1911 1037 2105 1083 cuncta
2139 1029 2459 1099 peregisset,
2508 1032 2587 1086 sic
2626 1032 2677 1087 ei
2711 1033 3189 1087 remunerationes
3245 1032 3481 1088 admeti-

1913 1126 2023 1172 tur.
2060 1120 2356 1174 Enimvero
2394 1121 2437 1176 si
2470 1122 2580 1177 Deo
2611 1121 2828 1177 luberet
2859 1122 3033 1193 rigido
3062 1123 3347 1178 nobiscum
3398 1125 3484 1194 ju-

1911 1208 2056 1263 dicio
2105 1225 2267 1281 agere
2293 1250 2307 1274 ,
2344 1212 2478 1266 nihil
2540 1228 2767 1282 prorsus
2818 1214 3027 1270 homini
3052 1214 3120 1269 ab
3149 1230 3215 1270 eo
3232 1231 3360 1269 vere
3389 1216 3484 1270 de-

1911 1301 2087 1356 bitum
2149 1304 2511 1371 reperiretur,
2573 1305 3017 1373 quandoquidem
3069 1307 3479 1373 possessiones,

1912 1392 2166 1464 pecunia,
2224 1402 2529 1463 cum-taque
2553 1394 2716 1465 hujus
2745 1398 2869 1452 vita:
2914 1398 3073 1462 bona,
3107 1414 3226 1468 qua:
3274 1398 3482 1453 instru-

1912 1492 2097 1537 menta
2129 1483 2267 1538 bene
2305 1484 2578 1553 operandi
2610 1485 2769 1538 bonis
2814 1494 2964 1550 sunt,
2993 1487 3047 1541 in
3106 1487 3337 1541 solidum
3364 1488 3483 1556 cjus

1913 1575 2163 1630 dominio
2193 1575 2493 1644 subjacent.
2564 1574 2789 1629 Terram
2840 1584 2895 1629 et
2929 1578 3183 1631 universa
3233 1592 3355 1646 qua:
3393 1576 3483 1631 illa

1912 1666 2021 1720 fert
2060 1677 2156 1722 aut
2185 1667 2474 1731 continet;
2530 1666 2707 1735 ipsum
2742 1681 2961 1736 corpus,
3008 1668 3176 1736 ipsam
3201 1668 3433 1722 animam
3463 1705 3478 1730 ,

1914 1756 2009 1810 sed
2048 1764 2106 1808 et
2161 1756 2335 1825 ipsum
2360 1771 2503 1820 esse,
2537 1756 2700 1811 homo
2745 1771 2841 1826 per
2865 1758 3093 1827 gratiam
3133 1757 3316 1811 habet.
3339 1757 3478 1823 Quid

236 1863 355 1897 πων
387 1845 599 1914 δέχεται
633 1846 825 1915 χάριν,
875 1847 969 1898 καὶ¹
1012 1844 1171 1897 τοῦτο
1207 1825 1315 1900 τῶν
1348 1825 1811 1917 προσφερομένων
1844 1825 1886 1883 Β
1918 1850 1931 1905 i

1918 1849 2082 1922 igitur
2125 1849 2231 1919 ipsi
2274 1851 2605 1919 relinquitur
2650 1825 2954 1921 proprium,
3017 1854 3161 1908 unde
3213 1854 3381 1923 possit
3426 1854 3480 1907 in

236 1939 435 2006 έκείνῳ
464 1940 523 1990 τὸ
550 1940 927 2008 χαριέστατον,
951 1938 1011 1991 τὸ
1034 1937 1134 2007 τὴν
1158 1937 1334 2008 ψυχὴν
1362 1939 1538 2001 καλῶς
1563 1939 1812 2007 ὲπιγνοῦ-
1916 1953 1931 1992 ι

1916 1937 2301 1992 confidentiam
2352 1936 2555 1999 inﬂari,
2600 1946 2693 1992 aut
2723 1953 2873 2008 spem
2901 1941 3189 2009 concipere
3239 1958 3364 1995 vera
3400 1958 3483 1995 ra-

239 2046 340 2083 σαν
368 2031 515 2093 ὅπως
543 2029 655 2097 ἔχει
682 2030 749 2080 τά
772 2028 919 2093 ὄντα,
954 2029 1129 2082 πάντα
1158 2030 1362 2098 ὅσαπερ
1390 2027 1455 2082 ἂν
1481 2032 1607 2099 ποιῇ
1633 2031 1814 2098 ἀγαθὰ
1919 2034 1931 2079 1

1919 2029 2065 2079 tione
2106 2026 2287 2079 nixam
2319 2025 2605 2080 obtinendi
2651 2027 2902 2083 districto
2929 2029 3138 2098 judicio
3165 2031 3319 2099 quasi
3359 2032 3480 2101 jure

241 2121 337 2173 καὶ
380 2122 480 2173 ὅσα
523 2120 720 2188 κάμνει
769 2120 859 2173 διὰ
891 2119 1045 2181 Θεὸν,
1079 2120 1180 2172 ὅσα
1205 2135 1265 2171 τε
1294 2119 1503 2186 συνίησι
1533 2121 1626 2172 καὶ
1652 2119 1815 2187 γινὼ-
1920 2134 1931 2173 t

1920 2117 2023 2173 sibi
2063 2117 2309 2171 debitum
2347 2116 2671 2185 quidpiam?
2700 2117 2968 2172 Caeterum
3002 2120 3141 2175 hanc
3194 2121 3481 2174 maximam

240 2225 392 2273 σκει,
439 2209 587 2279 αὐτῷ
616 2207 957 2276 λογίζεσθαι,
996 2208 1089 2263 καὶ
1144 2208 1293 2278 αὐτῷ
1323 2208 1384 2260 τὸ
1430 2208 1651 2278 σύμπαν
1684 2208 1815 2263 ἀνα·
1920 2223 1931 2261 ι

1920 2222 1988 2263 ex
2023 2206 2336 2260 hominibus
2370 2206 2510 2259 Deus
2546 2207 2781 2276 percipit
2802 2206 3028 2278 gratiam
3056 2226 3070 2275 ;
3096 2217 3150 2264 et
3181 2210 3285 2263 hoc
3316 2224 3382 2264 ex
3416 2209 3483 2264 iis

238 2302 471 2356 τιθέναι.
1917 2315 2039 2370 quae
2092 2299 2195 2369 ipsi
2243 2299 2550 2356 oﬂ‘eruntur
2601 2316 2769 2354 unum
2821 2302 2979 2372 longe
3026 2303 3481 2372 jucundissimum

240 2395 476 2458 accidit;
522 2393 701 2447 anima
751 2409 859 2457 res,
895 2393 977 2446 uti
1056 2408 1113 2448 se
1171 2408 1299 2447 vere
1328 2392 1552 2457 habent,
1575 2401 1863 2464 agnoscat;
1904 2400 1960 2447 et
1984 2407 2319 2463 quaecunque
2346 2391 2475 2446 facit
2506 2393 2667 2456 bona,
2693 2408 3031 2463 quaecunque
3056 2404 3277 2464 propter
3310 2394 3481 2450 Deum

242 2486 385 2540 mala
425 2487 633 2547 tolerat,
668 2500 1004 2554 quaecunque
1069 2485 1322 2555 intelligit
1351 2495 1408 2541 et
1434 2486 1621 2551 sentit,
1660 2485 1891 2554 imputet
1921 2501 2178 2556 supremo
2210 2485 2492 2556 largitori,
2534 2494 2589 2539 et
2621 2485 2713 2540 uni
2747 2487 2797 2540 ei
2842 2496 3061 2556 accepta
3096 2487 3315 2543 referat.

311 2581 390 2635 Θ’.
431 2580 642 2648 Ὠσπερ
684 2580 897 2649 Ἰσραὴλ
926 2580 1031 2643 ἓως
1063 2580 1163 2649 μὶν
1195 2580 1500 2650 εὐαρέστως
1529 2577 1641 2650 εἶχε
1673 2579 1807 2649 πρὸς

244 2674 335 2725 τὸν
380 2672 692 2739 Δεσπότην,
749 2671 991 2737 καίτοιγε
1040 2671 1293 2724 οὐδέποτε
1344 2672 1442 2739 μὲν
1490 2671 1565 2733 ὼς
1608 2671 1809 2739 ἐχρῆν·

244 2765 384 2833 πλὴν
413 2762 526 2814 ἀλλ’
556 2758 647 2815 οὖν
673 2762 776 2822 ἕως
801 2762 972 2815 ἐδόκει
1000 2763 1125 2831 ὑγιῆ
1149 2779 1271 2816 τινα
1295 2760 1475 2825 ποσῶς
1498 2761 1633 2831 πρὸς
1655 2761 1815 2814 αὑτὸν

245 2857 393 2924 εχειν
445 2855 543 2922 τὴν
586 2854 802 2916 πίστιν,
859 2854 1049 2916 στύλος
1098 2852 1267 2922 πυρὸς
1302 2854 1395 2907 καὶ
1424 2853 1619 2921 νεφέλη
1652 2851 1818 2905 αὑτοῦ

247 2948 562 3017 προηγεῖτο,
591 2944 831 2999 θάλασσα
870 2944 925 2999 δὲ
953 2944 1099 3014 αὐτῷ
1136 2943 1431 3016 ὑπεχώρει.
1466 2947 1561 2999 καὶ
1614 2943 1822 3015 μυρίων

246 3038 422 3091 ἄλλων
450 3036 690 3089 ἀπέλαυε
732 3036 1049 3105 Θαυμασίων
1074 3050 1091 3067 ⁸
1112 3036 1271 3089 ὁπότε
1301 3036 1358 3089 δὲ
1403 3037 1503 3104 τῆς
1529 3036 1663 3105 πρὸς
1689 3035 1822 3088 Θεὸν

248 3126 464 3188 εὐνοίας
494 3126 757 3191 ἀφίστατο
776 3166 790 3187 ,
827 3127 949 3178 τότε
982 3127 1077 3179 καὶ
1102 3128 1216 3187 τοῖς
1241 3126 1458 3195 έχθροῖς
1484 3126 1816 3194 παρεδίδοτο,

248 3219 343 3270 καὶ
384 3217 649 3279 δουλείαις
691 3219 917 3286 πικραῖς
954 3215 1366 3285 κατειργάζετο.
1403 3215 1559 3269 Οὕτω
1596 3232 1683 3284 μοι
1707 3214 1815 3267 νόει
1843 3195 1886 3252 c

249 3310 346 3361 καὶ
379 3309 471 3361 ἐπὶ
499 3308 597 3376 τῆς
620 3308 797 3376 ψυχῆς
815 3325 828 3337 ·
876 3309 910 3377 ἥ
954 3307 1040 3361 διὰ
1072 3308 1170 3376 τῆς
1197 3308 1415 3376 χάριτος
1442 3308 1533 3359 τὸν
1556 3307 1687 3359 Θεὸν
1714 3308 1815 3358 έπ-

249 3400 418 3467 ἑγνω,
456 3400 548 3451 καὶ
576 3399 682 3451 ἀπὸ
715 3398 901 3467 ρύπων
932 3398 1031 3466 μὲν
1060 3396 1333 3467 έκαθάρθη
1366 3396 1576 3450 πολλῶν
1603 3398 1664 3449 τὸ
1686 3398 1819 3467 πρό-

249 3508 449 3559 τερον,
502 3486 618 3542 εἶτα
667 3490 758 3542 καὶ
802 3490 1039 3559 χαρίτων
1088 3488 1221 3556 ἁγία
1264 3487 1484 3556 γέγονε,
1518 3488 1616 3558 τὴν
1647 3505 1818 3559 προσ-

250 3585 491 3651 ήκουσαν
517 3581 571 3633 δὲ
597 3581 657 3633 ού
687 3580 969 3648 φυλάξασα
994 3579 1071 3648 τῷ
1092 3579 1328 3649 οὐρανίῳ
1349 3579 1500 3648 ἀνδρὶ
1527 3579 1614 3632 διὰ
1637 3579 1821 3642 τέλους

250 3672 486 3737 εὔνοιαν,
523 3672 746 3736 ἐξέπεσε
778 3673 877 3741 τῆς
909 3674 1054 3741 ζωῆς
1082 3666 1149 3740 ἦς
1183 3672 1407 3741 μέτοχος
1431 3670 1691 3738 ἐγεγόνει.
1722 3673 1822 3723 Δυ-

250 3765 412 3817 νατὸν
458 3763 569 3833 γὰρ
617 3764 695 3833 τῷ
740 3764 1098 3832 ἀντικειμένῳ
1131 3763 1225 3815 καὶ
1256 3762 1364 3815 τῶν
1396 3764 1477 3824 είς
1503 3762 1574 3815 τὰ
1599 3761 1821 3816 τοιαῦτα

252 3856 574 3923 φθασάντων
607 3854 1032 3924 κατεπαίρεσθαι
1069 3855 1262 3924 μέτρα.
1299 3854 1463 3906 Ὥστε
1491 3854 1819 3921 ἀγωνιστέον

250 3948 422 4013 ὁπόση
476 3946 742 4014 δύναμις,
795 3948 892 3998 καὶ
946 3946 1080 4015 μετὰ
1127 3944 1290 4012 φόὸου
1338 3943 1433 3996 καὶ
1478 3944 1679 4013 τρόμου
1725 3947 1820 4008 τῆς

252 4031 463 4084 ἑαυτῶν
513 4032 657 4101 ζωῆς
705 4033 1061 4101 ἐπιμελητέον
1088 4073 1102 4096 ,
1164 4032 1395 4101 μάλιστα
1440 4035 1552 4093 τοῖς
1585 4032 1697 4086 ὅσοι
1728 4032 1821 4085 τού

254 4121 573 4191 Πνεύματος
622 4122 715 4175 τοῦ
763 4123 994 4193 Χριστοῦ
1042 4124 1301 4192 γεγόνασι
1353 4124 1610 4194 μέτοχοι,
1665 4122 1823 4176 τοῦτο

253 4214 388 4280 μηδὲ
445 4214 638 4283 μικρὸν
692 4214 725 4283 ἢ
775 4214 914 4281 μέγα
962 4213 1028 4267 δι’
1062 4214 1354 4283 ὀλιγωρίαν
1401 4216 1592 4277 ποιεῖν,
1630 4214 1723 4267 καὶ⁸
1754 4214 1821 4266 δι’

251 4304 386 4356 αὐτὸ
410 4305 569 4357 τοῦτο
597 4303 692 4358 τοῦ
729 4304 935 4374 Κυρίου
963 4305 1185 4374 Πνεῦμα
1219 4305 1430 4359 λυπεῖν.
1480 4306 1692 4375 Ὠσπερ
1716 4304 1823 4374 γὰρ

251 4393 415 4457 Χαρὰ
444 4394 663 4461 γίνεται
692 4395 761 4446 ἐν
783 4392 862 4458 τῷ
883 4393 1138 4460 οὐρανῷ,
1156 4394 1300 4448 καθά
1323 4397 1534 4465 φησινῆ
1552 4394 1820 4465 Ἀλήθεια,

251 4482 351 4534 ἐπὶ
400 4482 488 4549 ἑνὶ
537 4481 860 4550 ἀμαρτωλῷ
892 4484 1321 4550 μετανοοῦντι·
1367 4483 1509 4537 οὕτω
1554 4486 1645 4537 καὶ
1679 4483 1820 4552 λύπη

1986 2580 2081 2635 IX.
2135 2582 2289 2636 Sicut
2342 2583 2634 2647 Israelitas,
2687 2582 2863 2651 quoad
2904 2583 3123 2652 quidem
3167 2582 3234 2636 ad
3271 2582 3482 2638 Domini

1916 2670 2317 2741 beneplacitum
2343 2688 2400 2726 se
2432 2672 2845 2727 conformarunt
2872 2672 2995 2741 (etsi
3016 2688 3296 2742 nunquam
3318 2672 3368 2725 id
3406 2673 3484 2728 illi

1916 2776 1981 2816 ea
2002 2778 2108 2831 qua
2121 2771 2440 2831 oportuerat
2469 2763 2751 2833 diligentia
2774 2762 3064 2827 fecerunt),
3091 2779 3279 2818 verum
3305 2779 3482 2833 quan-

1916 2850 2009 2904 diu
2041 2851 2230 2905 saltem
2259 2852 2313 2904 in
2342 2852 2580 2920 speciem
2606 2867 2734 2905 sana
2768 2851 2823 2905 in
2852 2866 2976 2906 eum
3001 2851 3107 2907 [ide
3134 2868 3192 2907 se
3228 2855 3488 2923 praditos

1918 2951 2196 3012 utcunque
2230 2941 2508 3010 operando
2537 2950 2935 3009 monstrarunt,
2969 2944 3221 2998 columna
3267 2946 3406 3015 ignis
3430 2956 3488 3001 et

1916 3034 2095 3089 nubes
2142 3034 2394 3105 praeibat,
2444 3049 2592 3088 mare
2644 3043 2826 3088 autem
2875 3034 2943 3088 iis
2987 3034 3123 3090 dans
3176 3038 3487 3092 transituris

1917 3126 2060 3179 viam
2106 3126 2432 3190 recedebat;
2463 3126 2673 3196 ipsique
2697 3125 3106 3197 innumerisque
3149 3128 3270 3182 aliis
3315 3128 3485 3198 adjuti

1918 3217 2074 3271 miris
2102 3218 2371 3286 operibus
2389 3218 2541 3273 fuere
2566 3236 2579 3283 ;
2601 3219 3012 3288 quandoautem
3035 3235 3064 3274 a
3100 3219 3363 3275 ﬁdelitate
3376 3221 3485 3274 Deo

1916 3310 2098 3365 debita
2130 3310 2467 3377 defecerunt,
2511 3321 2640 3367 tunc
2665 3322 2719 3366 et
2746 3313 2994 3368 hostibus
3031 3322 3160 3368 sunt
3209 3313 3399 3380 dediti,
3429 3323 3486 3368 et

1919 3401 2053 3455 diris
2076 3401 2435 3456 servitutibus
2461 3402 2637 3457 attriti
2694 3411 2841 3457 sunt.
2870 3401 2960 3458 Sic
2988 3411 3044 3458 et
3073 3412 3130 3458 tu
3166 3415 3379 3472 reputa,
3413 3404 3488 3457 si-

1920 3489 2070 3544 milia
2110 3491 2427 3561 contingere
2499 3492 2714 3555 animae,
2781 3501 3065 3567 postquam
3107 3507 3207 3561 per
3256 3492 3485 3562 gratiam

1921 3582 2093 3638 Deum
2126 3592 2453 3652 agnoverat;
2484 3591 2770 3654 postquam
2800 3600 2831 3638 a
2863 3584 3049 3638 multis
3098 3599 3195 3653 per
3228 3597 3353 3637 eum
3368 3599 3487 3637 sor-

1921 3674 2085 3729 dibus
2105 3674 2512 3738 fueratabluta,
2553 3674 2851 3745 gratiisque
2878 3684 3141 3744 praeterea
3179 3682 3481 3738 exornata;

1921 3779 2045 3819 cum
2116 3764 2275 3818 (idem
2330 3764 2761 3833 eharitatemque
2798 3772 2878 3819 tot
2905 3763 3219 3818 nominibus
3273 3762 3484 3819 debitas

1921 3855 2128 3910 cmlesti
2160 3870 2261 3910 suo
2293 3870 2494 3923 sponso
2527 3855 2593 3909 ad
2626 3864 2928 3909 extremum
2977 3870 3088 3909 non
3117 3854 3431 3923 przestiterit
3467 3893 3483 3919 ,

1922 3955 1983 3997 ut
2002 3942 2217 3998 excidat
2249 3943 2376 4008 vita,
2406 3942 2562 4010 cujus
2579 3943 2851 4010 particeps
2870 3950 2988 3995 erat
3003 3940 3213 3995 eﬂ‘ccta.
3236 3940 3313 3994 Eo
3337 3940 3484 3994 enim

1922 4051 2094 4105 usque
2118 4036 2387 4103 potestvis
2407 4034 2641 4088 exitialis
2657 4034 2868 4088 Satanae
2883 4033 3214 4102 pertingere,
3236 4044 3295 4086 ut
3315 4031 3483 4086 etiam

1922 4140 2017 4179 eos
2046 4123 2288 4193 dejiciat,
2333 4122 2425 4192 qui
2467 4122 2535 4176 ad
2573 4132 2682 4176 tam
2697 4121 2984 4177 sublimem
3017 4122 3180 4176 istum
3203 4121 3485 4190 dignitatis

1922 4214 2289 4269 ascenderunt
2326 4214 2555 4282 apicem.
2584 4213 2852 4277 Quocirca
2901 4210 3340 4265 contendendum
3372 4219 3487 4264 tota

1923 4306 2126 4360 virtute
2160 4317 2263 4370 est,
2289 4315 2350 4360 ut
2395 4320 2520 4360 cum
2560 4305 2756 4359 timore
2804 4312 2861 4359 et
2886 4311 3123 4358 tremore
3171 4300 3487 4370 invigiletur

1924 4396 2312 4451 conservanda:
2343 4395 2616 4465 spirituali
2648 4395 2773 4448 vitae
2804 4411 2820 4459 ;
2863 4394 2931 4448 iis
2957 4394 3211 4457 maxime,
3240 4391 3333 4460 qui
3364 4389 3487 4459 Spi-

1925 4486 2062 4540 ritus
2103 4485 2306 4540 Christi
2337 4486 2627 4555 participes
2669 4494 2798 4539 sunt
2856 4484 3005 4539 facti.
3044 4484 3217 4550 Quam
3246 4482 3314 4536 ad
3369 4497 3484 4536 rem

252 4571 415 4625 πάλιν
458 4574 549 4625 ἐπὶ
595 4575 693 4643 μιᾷ
722 4572 862 4642 ψυχῇ
899 4577 997 4642 τῆς
1027 4576 1244 4628 αἰωνίου
1275 4576 1419 4645 ζωῆς
1448 4576 1809 4646 έκπιπτούσῃ.
1840 4559 1891 4617 D
1917 4592 1931 4630 t

1917 4577 2218 4631 cavendum
2248 4577 2538 4647 diligenter
2575 4586 2679 4642 est,
2726 4591 2796 4631 ne
2842 4575 2975 4645 quid
3035 4575 3104 4630 ab
3154 4574 3221 4628 iis
3257 4587 3484 4643 parvum

250 4677 346 4721 aut
399 4683 653 4737 magnum
676 4670 974 4722 oscitanter
1004 4670 1114 4735 Iiat,
1180 4670 1324 4725 unde
1355 4670 1635 4740 contingat
1698 4671 1911 4725 Domini
1973 4672 2237 4742 Spiritum
2272 4672 2603 4727 contristari.
2670 4670 3139 4736 Quemadmodum
3165 4670 3311 4723 enim
3341 4670 3486 4723 Gau-

250 4758 394 4810 dium
447 4767 522 4813 est
566 4742 796 4818 in‘cazlo.
842 4769 900 4813 ιιι
953 4760 1165 4816 Veritas
1219 4768 1469 4827 testatur,
1536 4779 1692 4827 super
1748 4780 1849 4816 uno
1888 4774 2152 4833 peccatore
2199 4766 2553 4835 paenitentiam
2584 4770 2765 4832 agente
2796 4762 2840 4795 “
2878 4779 2894 4828 ;
2928 4763 3007 4817 sie
3056 4769 3113 4815 et
3160 4775 3361 4815 mceror
3405 4760 3487 4813 vi-

250 4848 436 4902 cissim
514 4863 677 4917 super
732 4866 838 4903 una
912 4852 1090 4905 anima
1148 4852 1435 4907 excidente
1491 4852 1559 4906 ab
1610 4861 1810 4907 aeterna
1848 4855 1977 4910 vita.

326 4942 379 4997 l'.
421 4944 591 4997 Ὅταν
640 4944 783 5013 ψυχὴ
829 4946 926 5014 τῆς
969 4946 1189 5016 χάριτος
1234 4944 1575 5013 καταξιωθῇ,
1609 4946 1731 4998 τότε
1761 4945 1823 5016 δὴ

254 5036 352 5088 καὶ
402 5037 647 5104 χρήσιμα
694 5037 862 5106 ταύτῃ
920 5038 1154 5105 μάλιστα
1199 5036 1420 5104 γνῶσις,
1462 5036 1695 5100 σύνεσις,
1732 5038 1825 5089 καὶ

1990 4948 2058 5005 Χ.
2111 4949 2338 5016 Quando
2357 4950 2544 5019 gratiae
2572 4947 2941 5019 dignationem
2966 4943 3240 5013 acceperit
3282 4944 3481 5007 anima,

1922 5046 2053 5092 tunc
2090 5038 2140 5091 ei
2183 5038 2413 5091 maxime
2437 5038 2600 5091 utiles
2641 5044 2769 5090 sunt
2810 5034 3059 5095 scientia,
3093 5033 3380 5101 prudentia
3429 5043 3485 5086 et

250 5126 551 5195 διάκρισις·
594 5126 737 5195 άπερ
766 5128 897 5194 γοῦν
928 5128 1022 5181 καὶ
1050 5127 1187 5180 αὑτά
1216 5127 1346 5189 Θεὸς
1373 5127 1585 5182 δίδωσιν
1614 5129 1826 5198 ἐκείνης

258 5219 559 5287 αἰτούσης,
617 5220 755 5271 ὥστε
806 5220 1113 5289 εὐαρέστως
1163 5220 1334 5289 αὐτὴν
1379 5219 1695 5289 διακονῆσαι
1747 5219 1825 5290 τῷ

254 5310 554 5380 Πνεύματι,
589 5310 617 5363 δ
649 5312 742 5363 καὶ
768 5310 1078 5381 κατηξιώθη
1106 5311 1311 5375 λαϐεῖν,
1348 5311 1422 5380 μὴ
1450 5311 1820 5381 κλεπτομένην

255 5401 361 5453 ὑπὸ
410 5401 605 5463 κακίας
627 5442 642 5466 ,
682 5402 754 5471 μὴ
791 5402 1163 5471 σφαλλομένην
1194 5401 1259 5455 δι’
1290 5402 1599 5469 ἀγνωσίαν,
1642 5401 1730 5470 μὴ.
1744 5400 1821 5469 τῷ

256 5490 387 5557 άμε)
402 5492 479 5542 εἰν
510 5494 601 5544 καὶ
632 5494 847 5560 ἀφόϐως
878 5492 976 5562 ζῇν
1010 5496 1521 5563 παρατρεπομένην,
1553 5493 1647 5547 καὶ
1676 5492 1821 5565 παρᾶ

256 5581 316 5633 τὸ
343 5584 667 5636 Δεσποτικόν
695 5600 747 5635 τι
779 5584 1245 5656 διαπραττομένην
1270 5584 1499 5655 θέλημα.

329 5761 370 5791 δ’
396 5760 527 5815 Luc.
574 5778 655 5823 λγ,
688 5761 764 5814 ιο.

1921 5128 2206 5193 discretio;
2235 5144 2370 5198 quas
2407 5140 2693 5199 propterea
2727 5130 2872 5199 ipsas
2907 5144 2995 5183 res
3022 5128 3166 5182 Deus
3203 5128 3301 5190 illi,
3328 5126 3486 5179 dum-

1922 5220 2086 5275 modo
2130 5220 2388 5289 postulet,
2419 5220 2669 5287 largitur,
2708 5230 2769 5273 ut
2818 5220 2883 5274 ad
2942 5217 3341 5285 bencplacitnm
3390 5230 3487 5283 per

1923 5311 2019 5364 has
2040 5311 2212 5379 possit
2246 5312 2453 5364 servire
2476 5309 2727 5378 Spiritui,
2760 5309 2904 5379 quod
2930 5316 2990 5362 ut
3028 5308 3251 5372 Iaceret,
3279 5315 3362 5361 est
3406 5305 3483 5358 illi

1922 5417 2019 5470 per
2040 5400 2270 5470 gratiam
2313 5399 2609 5465 indultum;
2640 5400 2694 5453 in
2730 5414 2839 5468 quo
2885 5414 3079 5453 cavere
3119 5397 3351 5453 sollicite
3387 5396 3488 5450 dea

1924 5491 2211 5560 bet,212
2245 5506 2311 5545 ne
2342 5490 2417 5544 illi
2464 5490 2722 5559 subrepat
2753 5490 3018 5544 insidians
3048 5490 3228 5544 innata
3254 5488 3483 5551 malitia,

1928 5596 1995 5636 ne
2034 5581 2250 5635 labatur
2277 5596 2372 5650 per
2405 5580 2801 5652 ignorantiam;
2837 5595 2907 5635 ne
2937 5579 3161 5646 idcirco,
3192 5577 3338 5648 quod
3390 5593 3485 5632 nu-
