4254 6358
791 394 897 456 943

2017 396 2076 454 S.
2119 396 2431 456 MACARII
2474 398 2791 462 :EGYPTII

3924 399 4043 466 946

793 509 1060 572 ggltgenter
1097 513 1151 558 et
1184 504 1302 558 sine
1374 504 1567 559 timore
1615 506 1779 567 vivat,
1830 514 2173 573 pervertatur
2239 504 2305 555 ad
2371 504 2574 574 aliquid
2631 509 2922 577 agendum,
2970 511 3115 581 quod
3169 513 3384 569 Domini
3422 514 3689 572 voluntati
3737 530 3849 570 non
3886 508 4043 568 con-

788 606 967 662 gruat.

865 687 952 741 XI.
981 686 1137 741 Sicut
1165 685 1413 756 operatio
1437 686 1753 751 aﬂ'ectuum,
1774 699 1895 754 qua:
1921 692 2006 738 est
2023 684 2248 753 spiritus
2266 698 2354 735 cr-
2386 684 2431 740 Α
2527 682 2545 735 1

2386 684 2431 740 Α
2527 682 2629 737 IA'.
2667 686 2878 757 Ὠσπερ
2910 689 2944 758 ἠ
2976 687 3225 758 ἐνέργεια
3256 689 3367 745 τῶν
3397 692 3615 756 παθῶν,
3650 694 3785 761 δπερ
3818 690 3949 744 ἐστὶ
3977 690 4045 741 τὸ

790 780 953 839 πνείει,
996 778 1343 833 tenebrarum
1384 790 1441 835 et
1488 780 1696 848 peccati
1740 776 2003 831 mundum
2048 776 2194 828 hunc
2239 774 2357 829 aui-

788 883 963 930 utans,
1007 868 1061 921 in
1087 882 1155 922 eo
1184 867 1520 923 domicilium
1554 869 1765 923 obtinet
1799 868 2040 932 homine,
2098 866 2196 935 qui
2237 865 2356 935 ple-

787 974 899 1013 nus
940 966 1119 1028 turget
1168 959 1388 1015 dictatis
1428 960 1708 1030 sapientia:
1748 960 1983 1013 carnalis
2015 976 2029 1024 ;
2062 958 2137 1012 ita
2165 974 2196 1014 e
2226 971 2357 1011 con-

788 1050 976 1113 trario,
1005 1050 1089 1103 vis
1134 1058 1191 1103 et
1234 1050 1484 1119 operatio
1526 1050 1694 1104 lucidi
1753 1048 1995 1118 Spiritus
2043 1048 2098 1102 in
2131 1048 2353 1103 homine

786 1139 1125 1193 sanctiﬁcata
1156 1139 1405 1203 habitat;
1437 1141 1589 1210 juxta
1639 1139 1911 1193 dicentem
1946 1156 1959 1191 :
2013 1139 2095 1192 An
2126 1138 2303 1207 experi
2324 1166 2352 1179 -

785 1236 1018 1281 mentum
1043 1231 1276 1298 quam'tis
1304 1231 1436 1299 ejus,
1464 1232 1553 1300 qui
1583 1231 1636 1283 in
1663 1247 1744 1283 me
1765 1230 2014 1299 loquitur,
2052 1230 2244 1284 Christi
2266 1230 2356 1283 “?

787 1320 855 1373 Et
892 1336 1084 1374 rursus
1138 1338 1152 1374 :
1198 1321 1319 1377 Vivo
1361 1331 1532 1374 autent
1568 1323 1686 1391 jam
1732 1338 1834 1374 non
1879 1338 1970 1390 ego
1999 1338 2017 1375 .°
2060 1322 2184 1375 vivit
2237 1338 2355 1375 vero

786 1412 840 1467 in
872 1429 951 1465 me
980 1412 1214 1467 Christus
1231 1415 1296 1468 “.
1320 1416 1386 1468 Et
1422 1431 1435 1466 :
1472 1413 1772 1485 Quicunque
1800 1417 1855 1467 in
1877 1414 2083 1471 Christo
2103 1416 2353 1484 baptismi

787 1507 929 1567 rstis,
957 1504 1218 1559 Christum
1245 1508 1487 1560 induistis
1522 1508 1588 1559 “.
1617 1508 1683 1560 Et
1716 1506 1979 1559 Dominus
2004 1524 2017 1559 :
2086 1506 2354 1559 Veniemus

788 1610 880 1662 ego
906 1607 951 1647 et
983 1594 1149 1648 Pater
1176 1606 1406 1658 meus,et
1430 1597 1749 1649 mansionem
1774 1596 1916 1666 apud
1940 1612 2057 1647 eum
2081 1597 2349 1663 faciemus.

790 1684 909 1738 llaec
941 1700 1048 1739 non
1073 1686 1327 1749 obscure,
1355 1702 1531 1755 neque
1561 1688 1756 1751 otiose,
1800 1688 1895 1741 sed
1942 1688 1995 1739 in
2036 1687 2241 1740 virtute
2298 1696 2354 1743 et

788 1776 1014 1830 veritate
1057 1778 1143 1842 iis,
1181 1779 1273 1847 qui
1324 1778 1472 1849 digni
1498 1780 1792 1845 habentur,
1827 1781 2033 1835 insunt.
2066 1779 2179 1834 Lex
2206 1781 2352 1836 enim

790 1868 938 1934 prius
966 1883 1216 1922 sermone
1242 1879 1463 1937 experte
1491 1871 1809 1927 substantiae
1845 1872 2146 1927 instruebat
2172 1872 2351 1927 homio

789 1972 903 2019 nes,
928 1974 1089 2026 grave
1116 1958 1248 2027 ipsis
1280 1968 1333 2011 et
1379 1960 1727 2029 importabile
1782 1961 2068 2029 imponens
2106 1964 2345 2033 iugum,
2377 2001 2422 2059 Β

786 2058 840 2100 ει
868 2048 1076 2100 nullum
1112 2048 1297 2101 valens
1325 2049 1602 2118 porrigere
1647 2051 1948 2115 auxilium;
1982 2067 2047 2105 ex
2092 2068 2158 2106 eo
2200 2052 2345 2121 quod

791 2152 895 2187 non
952 2144 1135 2204 posset
1166 2136 1427 2191 virtutem
1481 2139 1719 2208 Spiritus
1755 2140 2021 2195 conferre.
2067 2141 2219 2195 Sicut
2273 2143 2349 2197 ait

787 2225 1023 2279 i‘aulus:
1071 2224 1209 2279 Nam
1241 2230 1380 2296 quod
1401 2230 1715 2297 impossibile
1738 2241 1853 2285 erat
1885 2232 2015 2301 legi,
2042 2234 2096 2285 in
2133 2248 2235 2302 quo
2265 2232 2349 2285 in-

784 2315 1101 2379 ﬁrmabatur
1116 2332 1209 2386 per
1238 2334 1450 2371 carnem
1481 2319 1545 2381 ",
1596 2329 1704 2373 etc.
1733 2321 1816 2373 Arb
1866 2321 2105 2374 adventu
2163 2332 2343 2375 autem

783 2406 986 2459 tihristi
1019 2409 1221 2461 ostium
1252 2409 1439 2478 gratize
1460 2409 1817 2464 credentibus
1846 2409 1901 2463 in
1922 2412 2155 2467 veritate
2185 2428 2345 2483 aper-

787 2506 897 2548 tzun
930 2506 1013 2550 est
1038 2514 1052 2559 ;
1079 2498 1280 2567 Deique
1304 2498 1479 2553 virtus
1527 2506 1582 2553 et
1642 2500 1889 2570 operatio
1938 2500 2177 2571 Spiritus
2214 2504 2345 2574 ipsis

786 2586 1182 2655 suppeditatur.

852 2761 966 2818 ΧΠ.
994 2765 1285 2835 Postquam
1307 2767 1581 2833 Christus,
1622 2770 1794 2840 prima
1821 2782 1876 2827 et
1893 2774 2158 2829 naturalis
2190 2775 2345 2829 boni-

784 2864 888 2917 tas,
921 2853 1126 2909 do‘num
1150 2858 1390 2925 Spiritus
1428 2860 1630 2916 divinis
1681 2864 1981 2917 transmisit
2021 2864 2342 2935 discipulis;

780 2946 978 3001 exinde
996 2948 1348 3005 credentibus
1370 2951 1557 3006 divina
1592 2954 1680 3007 illa
1714 2955 1891 3009 virtus
1909 2956 2265 3020 obumbrans,
2290 2966 2346 3011 et

780 3052 968 3091 eorum
993 3038 1303 3096 inhabitans
1330 3044 1561 3107 animas,
1606 3045 1857 3100 medetur
1882 3047 2102 3115 quidem
2134 3048 2345 3117 passio-

784 3129 947 3182 nihus
968 3132 1198 3199 peccati,
1234 3134 1476 3188 tenebris
1504 3145 1687 3189 autem
1717 3144 1774 3189 et
1807 3145 1983 3192 morte
2019 3139 2165 3207 ipsos
2204 3140 2343 3194 lihe-

784 3228 885 3272 rat.
918 3220 1156 3274 Eatenus
1184 3222 1386 3291 quippe
1405 3230 1461 3276 et
1495 3225 1773 3278 vulnerata
1812 3234 1865 3279 et
1900 3242 2121 3281 carcere
2160 3228 2341 3283 clausa

2455 771 2746 843 ὲγκόσμιον
2790 777 3005 847 πνεῦμα
3053 778 3153 848 τῆς
3197 779 3444 849 πλάνης,
3498 780 3594 833 τοῦ
3644 782 3872 842 σκότους
3932 780 4045 846 τῆς

2456 864 2749 933 ἁμαρτίας,
2789 867 3059 938 ἀνθρώπῳ
3082 868 3312 940 τοιούτῳ
3343 871 3410 926 ἃν
3438 872 3790 942 ἐνοικήσειεν.
3822 872 3879 934 ὃς
3914 871 4043 923 διά-

2454 954 2632 1017 πλεώς
2651 959 2769 1009 ἔστι
2789 960 3136 1029 φρονήματος
3160 963 3447 1033 σαρκικοῧο
3478 962 3622 1016 οὕτω
3642 963 3803 1017 πάλιν
3824 964 3858 1032 ἡ
3879 964 4038 1031 ὲνέρι

2454 1046 2576 1115 γειά
2602 1064 2662 1100 τε
2692 1050 2787 1102 καὶ
2809 1050 3036 1120 δύναμις
3058 1051 3155 1106 τοῦ
3182 1054 3440 1122 φωτεινοῦ
3468 1056 3784 1124 Πνεῦματος
3811 1055 4041 1122 ἀνθρὼι

2454 1155 2541 1207 πῳ
2573 1140 2649 1206 τῷ
2674 1140 2988 1207 ἁγιασθέντι
3018 1144 3351 1212 ἑγκατοικεῖ,
3389 1147 3530 1199 κατὰ
3554 1148 3645 1199 τὸν
3670 1146 3921 1199 εἰπόντα*
3966 1149 4039 1201 ει

2452 1229 2706 1298 δοκιμὴν
2729 1230 2945 1297 ζητεῖτε
2971 1234 3077 1288 τοῦ
3100 1236 3170 1288 ἐν
3204 1237 3336 1305 ἐμοῖ
3373 1238 3711 1303 ,λαλοῦντος
3734 1237 4039 1304 Χριστοῦ;

2452 1318 2545 1373 καὶ
2571 1316 2753 1383 αὖθις·
2790 1321 2882 1373 Ζῶ
2904 1321 2971 1374 δὲ
3001 1326 3109 1376 οὐκ
3136 1326 3223 1378 ἔτι
3243 1326 3375 1393 ἐγὼ,
3411 1325 3477 1394 ζῇ
3512 1326 3581 1379 δὲ
3612 1327 3681 1379 ἐν
3711 1326 3840 1394 ἐμοὶ
3879 1328 4035 1393 Χρι-

2450 1413 2597 1478 στός
2620 1426 2635 1441 ·
2691 1418 2783 1466 καὶ
2805 1458 2820 1479 ,
2857 1416 3021 1468 Ὅσοι
3067 1415 3136 1469 δὲ
3178 1420 3265 1483 είς
3300 1419 3557 1485 Χριστὸν
3599 1419 4031 1483 ἐϐαπτίσθητε,

2450 1503 2705 1569 Χριστὸν
2736 1505 3135 1561 ἐνεδύσασθεο
3175 1509 3269 1559 καὶ
3300 1510 3329 1560 ὁ
3360 1510 3581 1579 Κύριος·
3619 1510 4034 1574 Ἐλευσόμεοα

2449 1592 2563 1661 ἐγώ
2589 1611 2653 1647 τε
2699 1595 2795 1648 καὶ
2827 1598 2860 1649 ὀ
2891 1597 3089 1662 Πατήρ
3113 1615 3232 1664 μου
3257 1639 3272 1661 ,
3325 1600 3422 1651 καί
3459 1597 3659 1666 μονὴν
3695 1598 3834 1663 παρ’
3861 1596 4034 1659 ataui»

2451 1685 2801 1753 ποιήσομεν.
2858 1686 3041 1741 Ταῦτα
3087 1690 3186 1741 οὐκ
3230 1690 3475 1757 ἀδήλως,
3526 1688 3633 1740 οὐδ’
3676 1687 4027 1753 ἀνεργήτως,

2450 1773 2565 1825 ἀλλ’
2619 1776 2677 1826 ὲν
2722 1776 2949 1845 δυνάμει
2999 1780 3093 1831 καὶ
3141 1778 3367 1848 ἀληθείᾳ
3415 1780 3527 1838 τοῖς
3574 1776 4029 1843 καταξιουμένοις

2452 1863 2744 1928 ἐγγίνεται.
2789 1865 2846 1915 '0
2898 1866 2996 1932 μὲν
3035 1868 3143 1937 γὰρ
3174 1868 3335 1935 νόμος
3376 1866 3435 1920 τὸ
3462 1867 3724 1935 πρότερον
3753 1866 3898 1933 λόγῳ
3931 1868 4029 1915 av.

2452 1954 2737 2023 υποστάτῳ
2768 1955 3069 2025 ἐπέστρεφε
3098 1957 3221 2020 τοὺς
3249 1957 3597 2026 ἀνθρώπους,
3636 1955 3805 2026 βαρὺν
3836 1957 4028 2015 αὐτοῖς

2451 2041 2543 2095 καὶ
2575 2043 2906 2114 δυσφόρητον
2934 2046 3191 2109 ἐπιτιθεὶς
3236 2047 3325 2097 τὸν
3355 2046 3515 2113 ζυγὸν
3543 2086 3557 2109 ,
3608 2047 3699 2098 καὶ
3745 2045 4027 2113 μηδεμίαν

2447 2132 2602 2195 εἰδὼς
2625 2134 2833 2203 ὀρέγειν
2859 2134 3127 2203 βοήθειαν,
3158 2136 3311 2189 τοῦτο
3338 2136 3393 2187 δὲ
3421 2136 3572 2207 παρὰ
3593 2136 3653 2188 τὸ
3678 2136 3751 2205 μὴ
3774 2134 4023 2195 δυνατῶς

2447 2223 2588 2294 ἔχειν
2619 2224 2717 2295 τὴν
2745 2210 2837 2278 τοῦ
2870 2227 3182 2295 Πνεύματος
3208 2227 3432 2295 δύναμιν
3462 2227 3719 2296 παρέχειν
3741 2244 3755 2261 ·
3803 2227 3873 2278 Τὸ
3906 2226 4020 2293 γὰρ

2444 2314 2767 2380 ἀδύνατον,
2796 2318 2948 2385 φησι,
2982 2316 3089 2369 τοῦ
3115 2319 3301 2385 νόμου
3336 2318 3405 2369 ἐν
3430 2309 3477 2383 ᾧ
3503 2318 3745 2383 ἠσθένει
3774 2315 3872 2368 διὰ
3905 2315 4019 2383 τῆς

2444 2407 2669 2473 σαρκὸς
2687 2446 2702 2470 ,
2741 2408 2833 2461 καὶ
2860 2408 3009 2478 ἑξῆς.
3049 2408 3183 2460 Ἀπὸ
3212 2408 3267 2460 δὲ
3294 2408 3393 2475 τῆς
3418 2406 3651 2477 Χριστοῦ
3683 2406 4014 2475 παρουσίας,

2443 2501 2477 2570 ἠ
2515 2498 2654 2569 θύρα
2704 2501 2801 2570 τῆς
2836 2502 3057 2572 χάριτος
3087 2503 3201 2564 τοῖς
3234 2504 3291 2555 ὲν
3322 2501 3550 2570 ἀληθείᾳ
3579 2500 3905 2552 πιστεύσασι
3938 2499 4019 2550 δι-

2446 2588 2671 2659 ηνοίχθη
2701 2631 2717 2655 ,
2770 2590 2997 2660 δύναμίς
3025 2608 3085 2643 τε
3116 2590 3251 2644 Θεοῦ
3300 2591 3392 2643 καὶ
3421 2590 3671 2659 ἐνέργεια
3697 2588 4015 2659 Πνεύματος

2444 2684 2628 2746 αὐτοῖς
2658 2685 2994 2752 χορηγείται.

2516 2771 2612 2825 IB’.
2666 2771 2939 2840 Χριστοῦ,
2986 2772 3086 2839 τῆς
3128 2770 3349 2841 πρώτης
3394 2770 3487 2824 καὶ
3532 2771 3767 2840 φυσικῆς
3810 2769 4013 2836 haec

2444 2875 2624 2928 τητος,
2655 2859 2754 2928 τὴν
2776 2858 2982 2927 δωρεὰν
3008 2848 3101 2910 τοῦ
3122 2858 3433 2927 Πνεύματος
3458 2861 3569 2921 τοῖς
3593 2858 3757 2921 θείοις
3781 2859 4012 2923 διαπέμ-

2444 2948 2644 3015 ψαντος
2698 2946 2996 3015 μαθηταῖς,
3050 2944 3258 2997 ἐκεῖθεν
3307 2946 3479 2997 ἅπασι
3519 2946 3633 3006 τοῖς
3662 2944 4012 2995 πιστεύουσιν

2446 3041 2479 3108 ἡ
2510 3038 2629 3091 θεία
2655 3038 2887 3107 δύναμις
2918 3037 3098 3106 ικείνη
3128 3034 3552 3099 ὶπισκιάζουσα,
3589 3036 3682 3089 καὶ
3715 3036 3835 3091 ταῖς
3865 3034 4011 3085 huic

2445 3146 2549 3181 νων
2581 3126 2975 3195 ὲγκατοικοῦσα
3004 3125 3199 3195 ψυχαῖς
3223 3165 3239 3189 ,
3282 3126 3399 3178 tam
3431 3125 3529 3195 μὲν
3558 3125 3666 3178 τῶν
3694 3124 3884 3176 παθῶν
3913 3124 4012 3193 τῆς

2445 3218 2739 3287 ἁμαρτίας,
2770 3215 2864 3269 τοῦ
2892 3216 3116 3277 σκότους
3142 3214 3200 3267 δὲ
3229 3214 3321 3267 καὶ
3348 3214 3446 3283 τῆς
3470 3212 3786 3283 νεκρώσεως
3814 3212 4010 3271 αὐτοὺς

781 3316 898 3360 erat
935 3309 1153 3365 anima.
1190 3319 1245 3364 et
1288 3312 1518 3379 caligine
1555 3315 1761 3383 peccati
1795 3316 2039 3385 undique
2092 3332 2345 3387 compre-
2369 3326 2415 3389 ο
2448 3312 2461 3361 ὃ

2328 3348 2345 3360 .
2369 3326 2415 3389 C
2448 3309 2754 3380 ἀπήλλαττε
2780 3324 2795 3339 ·
2850 3307 2941 3359 καὶ
2986 3308 3094 3375 γὰρ
3151 3306 3312 3375 μέχρι
3344 3304 3463 3357 τότε
3492 3302 3927 3375 τετραυματιστό
3952 3315 4008 3350 τε

784 3399 969 3453 hensa.
1007 3400 1253 3469 Denique
1296 3418 1443 3457 nunc
1473 3418 1693 3473 quoque
1726 3405 1908 3458 anima
1956 3406 2199 3460 nondum
2217 3424 2340 3477 gra-

784 3492 912 3544 tiam
935 3493 1124 3546 sortita
1146 3493 1539 3549 inhabitantem
1575 3498 1630 3550 in
1662 3512 1721 3551 se
1749 3496 2038 3552 Dominum
2071 3500 2344 3567 habendi;

786 3598 883 3635 uec
909 3584 961 3635 in
993 3598 1051 3637 se
1077 3584 1266 3639 intime
1289 3588 1561 3641 sentiendi
1586 3589 1969 3643 inform-antem
1984 3592 2347 3648 animantem-

780 3690 887 3743 que
921 3691 1058 3739 sese,
1093 3694 1155 3731 ac
1184 3679 1405 3747 penitus
1432 3680 1817 3735 fecundantem
1852 3685 1999 3737 omni
2027 3688 2345 3754 operatione

779 3767 1036 3820 virtutem
1065 3768 1300 3837 Spiritus
1333 3769 1524 3836 divini,
1551 3771 1606 3825 in
1630 3772 1870 3827 tenebris
1892 3774 2073 3829 adhuc
2095 3786 2198 3831 est.
2217 3776 2347 3842 Qui-

786 3859 886 3911 Iuts
908 3868 1089 3912 autem
1115 3859 1285 3913 divini
1318 3860 1557 3930 Spiritus
1578 3864 1896 3933 supervenit
1928 3866 2119 3934 gratia,
2146 3877 2202 3921 et
2225 3868 2349 3922 imis

786 3952 980 4006 utentis
1010 3952 1253 4019 ipsorum
1283 3955 1653 4021 penetralibus
1683 3957 1884 4012 insedit
1909 3974 1923 4022 ;
1950 3958 2035 4013 his
2082 3974 2211 4015 sane
2244 3961 2349 4016 Do-

786 4045 965 4097 minus
997 4046 1116 4098 vice
1147 4044 1341 4098 animat
1367 4052 1473 4101 est.
1528 4045 1631 4110 Qui
1666 4049 1804 4101 enim
1828 4049 2056 4103 adhaeret
2083 4049 2190 4104 Deo
2238 4052 2347 4120 (di-

783 4138 943 4189 vinus
973 4137 1048 4191 ait
1075 4136 1407 4205 Apostolus),
1442 4139 1496 4190 in
1529 4154 1692 4192 unum
1717 4156 1834 4193 cum
1854 4157 1911 4193 eo
1928 4141 2178 4195 coalescet
2226 4142 2348 4209 Spi-

785 4229 939 4279 ritum
962 4227 1025 4279 δ’.
1050 4226 1118 4279 Ει
1155 4227 1270 4295 ipse
1296 4227 1577 4293 Dominus,
1612 4226 1756 4282 Sicut
1776 4237 1849 4295 tu,
1879 4230 2056 4298 Pater,
2082 4234 2135 4285 in
2166 4250 2267 4299 me,
2301 4243 2350 4287 et

784 4336 876 4387 ego
904 4320 962 4371 in
990 4328 1057 4380 te,
1089 4321 1164 4372 ita
1189 4328 1237 4372 et
1267 4322 1368 4389 ipsi
1392 4322 1447 4373 in
1466 4321 1609 4375 nobis
1638 4338 1799 4375 unum
1832 4322 1939 4376 sint
1964 4324 2027 4380 ⁸⁸.
2059 4323 2104 4379 0
2132 4325 2350 4380 bonita-

792 4418 897 4461 lem
926 4418 981 4463 et
1006 4409 1376 4479 dignationem
1409 4410 1677 4465 indultam
1718 4420 1933 4467 tantum
1978 4414 2251 4483 depressas
2318 4430 2347 4470 a

790 4500 993 4553 malitia
1050 4500 1331 4555 hominum
1394 4504 1636 4556 naturaet
1680 4500 1954 4556 Caeterum
2004 4504 2084 4557 uti
2130 4504 2348 4574 quando

790 4583 1043 4650 pravitati
1072 4585 1328 4637 vitiorum
1360 4584 1693 4649 adhaerebat,
1725 4585 1927 4649 anima,
1970 4602 2136 4640 unum
2178 4587 2368 4640 idem»

2447 3403 2540 3454 καὶ
2574 3400 2948 3467 πεφυλάκιστο
2981 3399 3015 3466 ἡ
3044 3396 3189 3467 ψυχὴ
3214 3397 3308 3449 καὶ
3334 3396 3413 3463 τῷ
3437 3395 3583 3464 ζόφῳ
3612 3396 3709 3462 τῆς
3737 3392 4010 3463 ἁμαρτίας

2444 3493 2669 3560 κάτοχος
2712 3484 2800 3560 ἦν.
2860 3487 3077 3557 Ἀμέλει
3125 3488 3219 3539 καὶ
3256 3485 3351 3540 νῦν
3377 3486 3523 3555 ψυχὴ
3568 3486 3733 3555 μήπω
3763 3484 4010 3537 σύνοικον

2446 3583 2589 3651 εχειν
2642 3580 2929 3643 ἀξιωθεῖσα
2979 3580 3070 3631 τὸν
3113 3578 3347 3647 Κύριον.
3390 3578 3522 3647 μηδὲ
3552 3578 3652 3647 τὴν
3679 3577 3771 3629 τοῦ
3802 3576 4006 3643 ἀγαθοῦ

2446 3671 2760 3740 Πνεύματος
2792 3670 3018 3739 δύναμιν
3048 3669 3415 3741 ἐνεργητικῶς
3445 3670 3580 3738 αὐτῇ
3616 3670 3709 3721 καὶ
3737 3669 3882 3725 κατὰ
3909 3670 4009 3720 πᾶ-

2448 3781 2545 3817 σαν
2577 3764 2804 3832 δύναμιν
2833 3762 2926 3815 καὶ
2952 3762 3322 3832 πληροφορίαν
3351 3758 3825 3830 επισκηνὼσασαν,
3850 3762 3908 3811 δν
3934 3760 4011 3828 τῷ

2448 3856 2628 3908 σκότει
2658 3854 2823 3908 ἐστίν’
2854 3848 2935 3917 οἷς
2964 3854 3020 3907 δδ
3048 3852 3143 3905 τοῦ
3173 3853 3315 3905 θείου
3342 3851 3657 3921 Πνεύματος
3685 3850 4009 3920 δπεφοίτησε

2448 3945 2605 4015 χάρις
2629 3985 2643 4011 ,
2678 3944 2774 3997 καὶ
2801 3946 2911 4006 τοῖς
2940 3944 3258 4013 βαθυτάτοις
3288 3940 3385 3994 τοῦ
3428 3941 3545 4003 νοὸς
3588 3941 3768 3993 αὐτῶν
3812 3941 4007 4007 ἔγκατ-

2448 4037 2661 4107 ᾠκησε,
2695 4036 2901 4098 τούτοις
2948 4033 3012 4105 δὴ
3054 4033 3145 4087 καὶ
3190 4035 3217 4085 ὁ
3259 4032 3461 4102 Κύριος
3484 4033 3559 4094 ὡς
3591 4030 3741 4101 ψυχὴ
3767 4031 4007 4099 γίνεται⁸

2461 4129 2524 4181 '0
2552 4128 2661 4195 τὰρ
2693 4125 3067 4193 κολλώμενος
3093 4123 3172 4188 τῷ
3192 4125 3401 4190 Κυρίῳ,
3437 4124 3466 4175 ὀ
3490 4123 3628 4185 θεῑός
3657 4138 3822 4191 φησιν
3857 4121 4008 4175 Ἀπό-

2451 4219 2659 4280 στολος,
2713 4218 2800 4283 είς·
2829 4216 2898 4269 ἓν
2926 4215 3160 4283 πνεῦμα
3189 4215 3358 4267 ἔσται
3385 4230 3398 4243 ·
3447 4215 3540 4266 καὶ
3572 4212 3733 4276 αὐτὸς
3759 4212 3817 4264 at
3843 4214 3872 4264 δ
3897 4211 4006 4265 K6-

2450 4322 2583 4380 ριοςο
2617 4309 2845 4376 Ὠσπερ
2868 4306 2983 4373 ἐγὼ
3019 4306 3115 4358 καὶ
3144 4304 3225 4359 σὺ
3261 4304 3555 4373 ἕνέσμεν,
3590 4304 3689 4357 ira
3718 4302 3817 4356 καί
3849 4299 4006 4358 οὗτοι

2447 4400 2516 4452 ἐν
2557 4398 2702 4467 ἡμῖν
2749 4397 2819 4450 ἐν
2859 4393 3029 4451 ὦσιν.
3068 4397 3132 4448 '0
3164 4394 3496 4465 ἀγαθότητος
3533 4396 3629 4448 καὶ
3658 4394 3901 4455 εὐδοκίας
3943 4390 4005 4463 ἦς

2448 4487 2635 4557 ετυχεν
2685 4488 2719 4555 ἠ
2769 4485 2913 4539 οὕτω
2955 4484 3089 4555 πρὸς
3121 4483 3219 4552 τῆς
3250 4486 3445 4547 κακίας
3479 4484 3874 4538 ταπεινωθεῖσα
3904 4484 4004 4536 τῶν

2448 4576 2749 4646 ἀνθρώπων
2795 4575 2956 4644 φύσις
2980 4576 2993 4628 !
3050 4574 3197 4645 Πλὴν
3235 4575 3349 4627 ἀλλ’
3378 4576 3500 4627 ἐπεὶ
3528 4575 3618 4628 καὶ
3647 4578 3714 4643 τῇ
3742 4575 4007 4647 μοχθηρίᾳ

786 4689 891 4741 que
934 4674 1087 4743 quasi
1115 4689 1237 4727 cum
1273 4674 1405 4743 ipsis
1449 4680 1599 4739 erat;
1634 4683 1691 4729 et
1734 4690 2047 4744 quanquam
2070 4678 2344 4744 proprium
2379 4670 2423 4724 D
2449 4686 2466 4721 1

2322 4691 2344 4729 η
2379 4670 2423 4724 D
2449 4668 2558 4722 τῶν
2605 4667 2794 4721 παθῶν
2842 4668 2875 4737 ή
2920 4666 3065 4737 ψυχὴ
3116 4665 3345 4719 συνοῦσα
3373 4666 3432 4717 ἓν
3468 4665 3657 4735 ὥσπερ
3697 4664 3815 4734 μετ’
3848 4666 4002 4732 αὐτῆς

789 4759 1026 4814 habebat
1057 4762 1414 4826 voluntatem,
1451 4762 1797 4829 tamenquod
1831 4762 1905 4814 illi
1962 4762 2207 4827 iubebat,
2247 4780 2347 4817 ne-

787 4850 978 4919 quibat
1025 4850 1225 4906 facere.
1256 4851 1408 4917 Quod
1426 4860 1481 4905 et
1512 4850 1713 4905 Paulus
1735 4851 1805 4906 de
1836 4867 1892 4905 se
1925 4852 2029 4906 ait:
2072 4852 2187 4905 Non
2214 4855 2350 4906 enim

792 4938 931 5006 quod
956 4938 1071 4993 voto
1093 4942 1187 4993 hoc
1235 4940 1376 5000 iacio
1406 4940 1497 5005 ⁸⁰;
1553 4949 1761 5009 quanto
1782 4940 1975 5009 utique
2021 4940 2193 5009 magis
2254 4941 2347 5019 Dei

788 5030 992 5085 virtute
1021 5045 1147 5085 cum
1168 5030 1502 5085 sanctiﬁcata
1561 5039 1619 5085 et
1672 5032 1837 5101 digna
1889 5046 1957 5085 eo
1994 5030 2137 5085 facta
2170 5032 2349 5089 anima

790 5111 1179 5182 conveniente,
1225 5120 1278 5173 in
1329 5136 1492 5175 unam
1541 5121 1631 5177 illa
1673 5135 1797 5175 cum
1856 5121 1967 5175 Deo
2010 5121 2347 5177 voluntatem

790 5201 943 5254 erit?
970 5202 1056 5257 Fit
1080 5202 1227 5257 enim
1263 5204 1442 5258 anima
1479 5213 1610 5258 tunc
1659 5220 1792 5260 vere
1823 5208 1980 5272 quasi
2026 5204 2204 5258 anima
2230 5206 2350 5267 Dei.

793 5308 893 5361 per
929 5298 1031 5348 hoc
1053 5295 1197 5364 quod
1226 5304 1438 5364 sponte,
1500 5305 1556 5350 et
1577 5311 1642 5350 ex
1684 5295 1967 5365 proposito
2014 5296 2223 5367 regenti
2292 5313 2349 5351 se

793 5384 1068 5440 submittit
1090 5387 1216 5442 boni
1240 5388 1478 5457 Spiritus
1528 5387 1744 5451 virtuti;
1778 5395 1834 5441 et
1866 5402 1963 5455 per
1990 5389 2223 5456 propria
2252 5404 2348 5442 vo-

794 5477 1022 5531 luntatis
1066 5477 1182 5532 vias
1248 5491 1355 5531 non
1408 5475 1644 5549 amplius
1718 5475 2137 5560 amhttlat._Quis
2210 5479 2352 5534 enim

864 5702 906 5731 "
939 5702 977 5755 ιι
1032 5702 1155 5769 Ωον.
1181 5718 1285 5764 χιιι,
1319 5702 1369 5754 5.
1449 5703 1490 5731 ³⁸
1514 5701 1628 5754 Gal.
1665 5714 1721 5758 tt,
1768 5700 1854 5763 ἳθ.
1932 5699 1975 5732 ⁸⁵
2012 5700 2128 5756 Gal.
2163 5717 2241 5769 ιιι,
2276 5698 2363 5756 9.7.

796 5772 878 5825 17.
957 5768 1177 5833 “lusu.
1220 5780 1346 5833 x-vu,
1372 5768 1457 5823 ﬁl.
1535 5771 1583 5800 σν
1614 5772 1767 5835 item.
1798 5786 1910 5833 ιλιι,
1955 5771 2034 5825 19.

2454 4757 2521 4831 ἧν
2550 4802 2564 4826 ,
2620 4759 2722 4812 κᾶν
2774 4759 2901 4820 ῐδιος
2945 4754 3058 4827 εἶχε
3104 4758 3349 4827 θέλημα.
3394 4758 3530 4811 ἀλλὰ
3568 4759 3629 4811 τὸ
3658 4757 3849 4811 δοκοῦν
3878 4759 4004 4826 αὐτῇ

2457 4850 2628 4901 ποιεῖν
2678 4848 2776 4899 οὐκ
2818 4846 3059 4899 ἐδύνατο.
3094 4848 3158 4898 ’0
3191 4847 3285 4899 καὶ
3320 4843 3527 4906 Παῦλός
3557 4859 3753 4913 φησιν’
3794 4845 3877 4895 Οὐ
3905 4843 4004 4909 τὰρ

2457 4940 2488 4992 δ
2521 4938 2672 4994 θέλω
2702 4937 2877 4991 τοῦτο
2901 4934 3048 4988 ποιῶ
3070 4952 3083 4965 ο
3139 4934 3289 5004 πόσῳ
3317 4952 3380 5001 γε
3413 4934 3610 5002 μᾶλλον
3638 4935 3735 5003 τῆς
3762 4931 3855 4985 τοῦ
3880 4930 4001 4984 Θεοῦ

2455 5029 2735 5097 δυνάμεως
2774 5028 2839 5095 τῇ
2875 5022 3194 5093 ἁγιασθείσῃ
3225 5023 3317 5075 καὶ
3343 5022 3468 5092 ἀξίᾳ
3491 5022 3680 5073 τούτου
3705 5018 4000 5087 γεγενημέ-

2454 5136 2518 5187 νῃ
2563 5118 2707 5186 ψυχῇ
2759 5113 3116 5175 συνελθούσης
3135 5151 3150 5175 ,
3195 5112 3275 5172 εἰς
3304 5110 3362 5161 ἓν
3390 5109 3536 5178 αὑτῷ
3561 5110 3710 5162 ἔσται
3739 5108 3799 5161 τὸ
3825 5108 4001 5161 τούτου

2452 5209 2700 5275 eaque;
2749 5205 2957 5273 γίνεται
3002 5203 3109 5272 γὰρ
3155 5203 3187 5270 ἠ
3232 5201 3376 5270 ψυχὴ
3423 5201 3542 5253 τότε
3584 5200 3718 5267 πρὸς
3759 5197 4000 5267 ἀλήθειαν

2450 5299 2523 5358 ὡς
2561 5298 2702 5366 ψυχὴ
2737 5294 2830 5348 τοῦ
2863 5294 3067 5363 Κυρίου
3092 5308 3106 5323 ο
3160 5290 3238 5361 τῷ
3281 5292 3457 5344 ἑκοντὶ
3492 5289 3586 5344 καὶ
3618 5290 3760 5342 κατὰ
3790 5289 4000 5358 γνώμην

2440 5390 2553 5444 ὑπὸ
2581 5389 2680 5457 τῆς
2706 5386 2798 5440 τοῦ
2828 5383 3033 5452 ἀγαθοῦ
3065 5382 3378 5452 Πνεύματος
3405 5380 3689 5449 δυνάμεως
3723 5379 3997 5448 βασιλεύε-

2452 5479 2595 5543 σθαι,
2646 5476 2741 5531 καὶ
2784 5474 3046 5547 θελήματι
3075 5471 3191 5543 ἰδίῳ
3223 5470 3419 5541 μηκέτι
3449 5469 3619 5540 αὐτὴν
3646 5468 3995 5540 πορεύεσθαιο

3629 5692 3673 5725 ⁵⁸
3722 5690 3741 5746 1
3781 5688 3907 5748 Cor.
3931 5704 3995 5757 γι,

2474 5701 2516 5731 ⁵⁴
2546 5700 2699 5756 Joan.
2735 5713 2844 5763 xw,
2874 5696 2962 5752 25.
3057 5695 3098 5727 "
3143 5694 3299 5772 Rom.
3354 5708 3447 5759 vn,
3478 5693 3529 5748 3.
