4254 6358
246 384 383 449 945

1290 382 1518 441 LIBER
1557 380 1653 441 DE
1692 380 2117 442 LIBERTATE
2154 378 2454 442 MENTIS.

3399 368 3503 434 με

254 495 377 559 Τίς
396 492 529 562 τὰρ,
547 490 734 561 φησὶν,
764 490 919 560 ἡμᾶς
945 488 1181 558 χωρίσει
1205 489 1321 543 ἀπὸ
1348 492 1457 558 τῆς
1477 492 1711 560 ἀγάπης
1736 492 1840 545 τοῦ
1875 491 1914 544 Α

1908 528 1914 542 .
1946 491 2166 562 (inquit)
2198 507 2287 543 nos
2302 490 2566 558 separabit
2590 504 2622 541 a
2644 485 2899 541 charitate
2914 482 3106 539 Christi
3126 481 3167 513 "
3198 479 3372 547 1'ch
3402 496 3502 534 vox

248 584 571 655 Χριστοῦς
602 583 845 637 τουτέστι
875 583 975 653 τῆς
1015 580 1309 652 ἐνωθείσης
1351 583 1525 654 ψυχῆς
1566 584 1646 654 τῷ
1676 583 1846 638 11νεύ-

260 693 414 746 ματι
442 674 605 746 ἀγίῳ.

346 764 448 821 ﬂ".
486 765 578 836 Τῷ
612 764 921 835 βουλομένῳ
956 766 1168 835 μιμητῇ
1195 763 1289 819 οὐν
1315 764 1842 839 γενέσθαιΧριστοῦ,

261 856 367 911 ἵνα
424 858 518 912 καὶ
562 856 714 927 αὐτῷ
754 857 965 924 γίνοιτο
1010 854 1124 926 Υίῷ
1151 855 1288 909 Θεοῦ
1320 860 1845 931 προσαγορευθῆναι,

262 949 597 1019 γεννηθέντι
633 950 698 1003 ἐκ
726 947 1063 1015 Πνεύματος,
1099 948 1208 1019 πρὸ
1234 948 1346 1002 τῶν
1373 950 1548 1004 ἀλλων
1578 951 1846 1022 προσήκει

267 1038 381 1100 τὰς
409 1036 735 1100 ἀπαντώσας
765 1036 972 1106 θλίψεις
996 1076 1011 1103 ,
1065 1038 1184 1107 ήτοι
1218 1039 1539 1108 σωματικὰς
1569 1039 1777 1107 νόσους,
1810 1040 1844 1111 ἢ

268 1132 381 1193 τὰς
411 1130 473 1195 ἐξ
496 1128 799 1200 ἀνθρώπων
833 1128 1041 1200 ὕϐρεις,
1073 1130 1169 1183 καὶ
1194 1130 1262 1184 τά
1286 1131 1494 1202 ὀνείδη,
1534 1132 1637 1204 πρὸ
1668 1132 1725 1186 δέ
1755 1132 1848 1187 καὶ

273 1221 384 1284 τάς
415 1223 482 1275 ἐκ
509 1222 619 1275 τῶν
646 1223 894 1290 ἀοράτων
932 1222 1222 1285 ἐπιϐουλὰς
1257 1222 1508 1292 εὐψύχως
1537 1225 1630 1279 καὶ
1653 1241 1849 1296 καρτε-

280 1312 455 1383 ρικῶς
484 1312 798 1381 ὑποφέρειν.
836 1312 971 1366 Κατ’
1001 1312 1313 1383 οἰκονομίαν
1335 1312 1443 1385 γὰρ
1465 1312 1600 1368 Θεοῦ
1626 1314 1686 1367 sb
1709 1314 1851 1368 δοκί-

287 1420 413 1473 μιον
461 1406 579 1466 ταῖς
612 1403 812 1472 ψυχαῖς
845 1403 955 1457 τῶν
986 1404 1260 1474 διαφόρων
1293 1409 1703 1478 παραχωρεῐται
1737 1407 1851 1462 θλί-

282 1495 434 1563 ψεων
461 1533 477 1556 ,
539 1495 623 1547 ῐνα
678 1495 909 1564 φανεραὶ
958 1496 1198 1562 γένοιντο
1246 1497 1463 1559 πάντως
1514 1498 1569 1550 al
1620 1498 1854 1567 γνησίως

284 1585 579 1656 ἀγαπῶσαι
626 1586 718 1637 τὸν
764 1586 987 1654 Κύριον.
1040 1586 1271 1654 Σημεῖόν
1310 1588 1366 1640 δὲ
1408 1589 1520 1651 τοῖς
1561 1590 1625 1641 ὲκ
1656 1590 1853 1652 παντὸς

286 1680 482 1740 αἰῶνος
530 1676 897 1746 πατριᾴρχαις
928 1692 985 1727 τε
1032 1678 1126 1729 καὶ
1160 1678 1467 1746 προφήταις
1503 1680 1595 1731 καὶ
1620 1680 1856 1733 ἀποστόοο

284 1768 400 1830 λοις
431 1768 523 1820 καὶ
547 1768 806 1836 μάρτυσι)
827 1765 916 1819 διὰ
938 1765 1036 1833 τῆς
1062 1767 1383 1837 στενοπόρου
1403 1767 1513 1821 τῶν
1534 1770 1855 1840 πειρασμῶν

285 1860 379 1910 καὶ
429 1859 536 1910 τῶν
580 1858 811 1925 θλίψεων
856 1854 1082 1908 διελθεῖν
1124 1855 1329 1925 ὑπῆρξε
1355 1897 1368 1919 ,
1428 1859 1522 1912 καὶ
1558 1857 1729 1921 οὕτως
1768 1860 1858 1912 εὐ-

285 1950 583 2017 αρεστῆσαι
632 1946 783 2017 Θεῷ·
819 1948 1033 2001 Τέκνον
1059 1944 1187 2015 γὰρ,
1236 1948 1396 2018 φησὶν
1427 1951 1459 2018 ή
1487 1949 1711 2018 Γραφὴ,
1754 1949 1862 2002 ἐὰν

285 2039 592 2106 προσέρχῃ
624 2038 936 2095 δουλεύειν
963 2036 1084 2101 Θεῷ
1102 2077 1116 2101 ,
1152 2037 1472 2105 tto/pauor
1502 2037 1618 2105 τὴν
1646 2038 1859 2106 ψυχήν

284 2146 408 2185 σου
436 2132 520 2195 είς
548 2127 895 2196 πειρασμὸν,
918 2128 1174 2182 εὔθυνον
1208 2128 1322 2193 τὴν
1346 2127 1595 2195 καρδίαν
1618 2142 1733 2182 σου
1761 2130 1859 2182 καί

285 2219 657 2288 καρτέρησον
676 2235 688 2248 ·
730 2221 823 2271 καὶ⁵
849 2216 1080 2287 ἀλλαχοῦ
1108 2218 1166 2270 δέ
1191 2234 1205 2247 ο
1242 2219 1318 2271 Τὰ
1346 2217 1739 2287 ἐπιφερόμενά
1763 2235 1862 2273 σοι

285 2313 370 2377 ὡς
397 2311 588 2379 ἀγαθὰ
616 2309 970 2378 πρόσδεξαι,
1019 2309 1189 2375 εἰδὼς
1221 2308 1311 2362 ὅτι
1339 2308 1476 2377 ἄτερ
1504 2309 1652 2363 Θεοῦ
1682 2309 1862 2363 οὐδὲν

287 2406 534 2474 γίνεται.
586 2404 696 2471 Τῆς
733 2401 1011 2472 ὑπομονῆς
1038 2402 1217 2454 τοίνυν
1250 2401 1347 2456 καὶ
1377 2404 1474 2471 τῆς
1506 2401 1721 2465 ἐλπίδος
1755 2401 1861 2472 πρὸ

291 2490 495 2553 παντὸς
541 2490 701 2545 ἄλλου
733 2490 878 2560 ψυχῇ
920 2493 987 2561 τῇ
1023 2491 1380 2561 εὐαρεστῆσαι
1409 2490 1527 2560 Θεῷ
1562 2490 1861 2563 βουλομένῃ

288 2580 681 2652 ἀντιληπτέον·
718 2581 815 2650 μία
846 2581 954 2651 γάρ
1006 2583 1100 2634 καὶ
1128 2581 1265 2652 αὐτή
1294 2581 1391 2651 τῆς
1449 2581 1647 2643 κακίας
1675 2581 1859 2652 τέχνη,

293 2671 523 2739 ἀκηδιαν
570 2673 701 2740 ήμτν
731 2670 1020 2740 ἐμϐάλλειν
1054 2672 1112 2723 ἐν
1141 2668 1317 2741 καιρῷ
1348 2669 1611 2739 θλίψεως·
1647 2670 1734 2723 ἴνα
1762 2671 1862 2740 τῆς

293 2761 433 2831 πρὸς
461 2761 552 2813 τὸν
572 2760 775 2830 Κύριον
800 2760 1084 2831 ἀποστήσῃ
1109 2760 1342 2823 ἐλπίδος.
1368 2760 1631 2814 Οὐδέποτε
1652 2761 1711 2813 δὲ
1731 2760 1862 2823 Θεὸς

295 2852 585 2921 ἐπιτρέπει
636 2851 734 2903 ἐπ’
782 2851 993 2903 ἐκείνου
1047 2849 1372 2917 ἐλπίζούσαν
1423 2851 1862 2921 καταπονηθῆναι

295 2942 412 3005 τοῖς
453 2945 779 3013 πειρασμοῖς
804 2982 818 3005 ,
864 2941 1003 2995 ὥστε
1031 2944 1127 2995 καὶ
1159 2942 1595 3012 ἐξαπορηθῆναι·
1642 2941 1863 3007 Πιστὸς

295 3034 427 3101 τὰρ,
455 3035 483 3086 ὁ
505 3032 822 3094 ’Δπόστολός
846 3042 1031 3101 φησιν,
1054 3036 1087 3085 ὁ
1111 3034 1273 3097 Θεὸς,
1306 3032 1369 3097 ὃς
1391 3032 1502 3110 οὐκ
1523 3028 1862 3099 ἐὼειξὺμᾶς

1946 588 2031 635 est
2070 580 2266 634 anima:
2296 579 2464 634 unita:
2506 576 2735 644 Spiritui
2766 580 2982 628 saucio.

2015 772 2157 829 Xlll.
2183 772 2287 838 Qui
2336 770 2456 825 vult
2488 768 2731 823 imitator
2762 781 2881 821 esse
2903 764 3133 831 Christi,
3185 770 3241 818 et
3285 778 3382 832 per
3403 765 3509 818 hoc

1946 854 2231 925 consequi,
2264 858 2327 906 ut
2357 849 2662 921 appelletur
2694 845 2839 900 ﬁlius
2892 844 2987 898 Dei
3014 861 3029 909 ;
3062 852 3255 913 utpote
3290 844 3508 914 genitus

1944 958 2013 997 ex
2060 941 2267 1011 Spiritu
2309 956 2327 999 :
2357 953 2484 994 eum
2504 944 2630 991 ante
2650 934 2834 991 omnia
2872 936 3130 987 convenit
3154 940 3512 987 occurrentes

1946 1033 2291 1095 stilictiones.
2316 1031 2431 1086 sive
2465 1029 2550 1085 ha:
2585 1026 2838 1099 corporei
2861 1026 3040 1083 morbi
3069 1027 3203 1091 sint,
3224 1026 3339 1081 sive
3363 1025 3509 1097 inju-

1946 1122 2041 1175 ria:
2066 1121 2134 1175 ab
2156 1119 2491 1184 hominibus,
2550 1117 2666 1172 sive
2728 1115 3046 1186 opprobria.
3117 1128 3211 1178 seu
3240 1114 3405 1169 etiam
3444 1127 3511 1167 ex

1948 1208 2161 1263 insidiis
2187 1205 2542 1261 invisibilium
2561 1203 2834 1268 hostium};
2854 1203 3096 1256 animose
3109 1216 3174 1255 ac
3193 1200 3412 1256 fortiter
3428 1209 3515 1253 to-

1948 1294 2147 1349 lerare.
2171 1294 2275 1348 Per
2296 1294 2537 1348 divinam
2555 1290 2958 1361 providentiam
2975 1289 3253 1358 sapienter
3265 1304 3327 1343 ac
3346 1288 3516 1343 bene—

1948 1388 2071 1443 vole
2092 1388 2254 1456 213
2285 1393 2481 1440 cuncta
2511 1385 3322 1454 disponentem,permittuntur
3354 1382 3520 1435 adve-

1950 1472 2073 1527 nire
2108 1472 2393 1527 animabus
2424 1470 2689 1541 ejusmodi
2717 1468 3069 1538 probationes
3125 1468 3518 1523 adversitatum

1951 1563 2249 1625 variarum,
2273 1570 2334 1614 ut
2366 1560 2782 1615 luanil'estcntur
2833 1573 2955 1626 qure
2985 1559 3129 1611 inter
3174 1573 3267 1611 cas
3304 1557 3518 1611 sincere

1949 1652 2245 1710 Dominum
2271 1650 2525 1720 diligunt.
2573 1649 2796 1718 Signum
2857 1647 2911 1702 id
2961 1647 3067 1703 fuit
3106 1649 3175 1701 ab
3212 1645 3360 1700 omni
3402 1658 3520 1698 ωηο

1956 1742 2159 1797 sanctis
2186 1740 2533 1811 patriarcbis,
2562 1740 2866 1809 prophetis,
2895 1738 3155 1809 apostolis
3189 1747 3245 1793 et
3264 1734 3515 1805 martyri-

1960 1834 2083 1893 bus.
2124 1841 2185 1887 ut
2224 1848 2322 1903 per
2354 1841 2637 1901 angustam
2665 1831 2807 1885 banc
2835 1832 2979 1884 viam
3050 1830 3411 1883 tentationum
3465 1832 3521 1879 ct

1961 1927 2313 1982 aﬂlictionum
2348 1926 2663 1989 transirent,
2686 1933 2743 1979 et
2781 1924 2860 1978 sic
2897 1924 3008 1978 Deo
3051 1924 3350 1992 placerent.
3396 1919 3519 1986 Fili,

1961 2019 2038 2074 ait
2061 2018 2361 2085 Scriptura,
2392 2016 2639 2070 accedens
2665 2014 2733 2067 ad
2759 2016 3059 2067 sanitatem
3110 2012 3227 2074 Dei.
3276 2024 3521 2080 prmpara

1960 2112 2197 2166 animam
2227 2118 2392 2161 tuam
2440 2111 2508 2161 ad
2576 2107 2939 2167 tentationem,
2972 2106 3202 2174 deprime
3251 2118 3339 2155 cor
3374 2110 3523 2157 tuum

1959 2213 2011 2257 et
2040 2202 2257 2256 sustine.
2313 2199 2379 2253 Et
2423 2198 2555 2252 alibi
2607 2215 2620 2251 :
2673 2195 2802 2261 Quae
2858 2196 3157 2264 inferuntur
3203 2193 3293 2245 tibi
3344 2191 3522 2244 omnia

1959 2303 2016 2348 ut
2043 2294 2179 2347 bona
2207 2292 2382 2359 excipe
2412 2307 2431 2355 ,'
2458 2291 2624 2343 sciens
2655 2288 2905 2357 quoniam
2947 2287 3059 2340 sine
3090 2285 3195 2338 Deo
3223 2282 3355 2337 nihil
3374 2283 3520 2351 ﬁt”.

1959 2386 2242 2441 Patientia;
2266 2384 2431 2455 igitur
2451 2390 2507 2436 ct
2540 2380 2655 2450 spei
2683 2387 2809 2433 ante
2831 2393 2993 2433 omne
3021 2377 3169 2431 aliud
3205 2391 3371 2445 opera
3391 2374 3526 2430 dan-

1960 2476 2026 2531 da
2058 2483 2141 2530 cst
2170 2474 2367 2528 anima:
2403 2472 2516 2526 Deo
2571 2471 2789 2540 placere
2814 2466 3041 2521 volenti.
3091 2466 3209 2522 Una
3237 2467 3383 2521 enim
3408 2466 3526 2519 lucc

1957 2575 2043 2622 est
2081 2582 2149 2621 ex
2194 2564 2405 2619 artibus
2436 2561 2660 2627 diaboli,
2710 2568 2985 2629 torporem
3031 2557 3190 2611 nobis
3216 2555 3441 2626 injicere
3471 2555 3526 2608 in

1961 2667 2208 2726 tempore
2232 2652 2559 2715 aﬂlictionis,
2584 2660 2645 2705 ut
2673 2657 2886 2704 avertat
2916 2663 3019 2701 nos
3046 2660 3075 2699 a
3094 2660 3187 2714 spe
3214 2646 3267 2699 in
3296 2645 3529 2699 Domino

1962 2744 2237 2816 ponenda.
2284 2742 2577 2812 Nunquam
2636 2749 2819 2795 autem
2850 2739 2996 2792 Deus
3057 2744 3266 2791 tantum
3312 2734 3529 2805 fatigari

1960 2835 2357 2892 tentationibus
2391 2831 2663 2899 permittit
2708 2830 2944 2883 animam
2976 2827 3031 2879 in
3082 2826 3260 2894 ipsum
3302 2840 3529 2895 Speran-

1962 2938 2093 2993 tem,
2121 2936 2183 2982 ut
2233 2925 2303 2980 ad
2344 2924 2539 2979 incitas
2579 2920 2814 2982 redacta.
2879 2916 3056 2972 omnis
3101 2916 3259 2985 inops
3314 2914 3530 2969 consilii

1958 3024 2172 3073 cstuet.
2218 3014 2408 3069 Fidelis
2450 3014 2587 3067 enim
2620 3010 2719 3081 (ait
2750 3006 3063 3079 Apostolus)
3101 3006 3239 3060 Deus
3296 3013 3407 3069 est,
3443 3003 3532 3073 qui

296 3096 691 3194 πειρασθῆναι
723 3096 874 3192 ὑπὲρ
956 3096 1249 3178 δύνασθε·
1281 3096 1444 3178 me
1472 3096 1714 3190 ποιήσει
1741 3096 1863 3174 σὺν
1887 3149 1925 3211 C

1908 3149 1930 3171 η
1964 3127 2069 3165 non
2090 3110 2317 3177 patietur
2344 3122 2431 3160 vos
2471 3105 2665 3159 tentari
2716 3119 2879 3171 supra
2905 3100 2959 3154 id
3013 3099 3150 3169 quod
3186 3096 3533 3168 potestisned

1908 3189 1931 3211 ’⁸
1978 3202 1995 3211 -
2059 3203 2070 3211 -
2111 3208 2120 3211 -
2188 3201 2218 3211 κ·
2478 3205 2489 3211 -
2564 3204 2577 3211 -
2622 3195 2657 3211 ,ο
2712 3210 2749 3211 ,,
2792 3200 3013 3211 _h_-_._uu
3069 3198 3126 3211 υ.
3152 3188 3352 3211 “,,,ε.εΑ
3376 3188 3503 3211 ---ιιι

298 3215 383 3281 τῷ
403 3215 710 3283 πειρασμῷ
738 3216 837 3268 καί
861 3216 977 3282 τὴν
1000 3216 1271 3278 ἔκϐασιν,
1305 3214 1413 3268 toi}
1439 3214 1731 3267 δύνασθαι
1757 3214 1868 3265 ὐπ-

299 3307 589 3374 εγετκεῖν.
618 3306 727 3358 Καὶ
753 3306 782 3357 ὀ
808 3305 1037 3374 πονηρὸς
1060 3304 1116 3357 δέ
1145 3305 1243 3374 οὐχ
1290 3304 1413 3358 ὅσον
1438 3303 1632 3373 ἐκείνῳ
1653 3302 1868 3371 θέλησις

300 3398 465 3450 λυπεῖ
504 3397 605 3467 τὴν
640 3395 849 3465 ψυχὴν,
886 3396 998 3449 ἀλλ’
1029 3397 1152 3448 ὅσον
1181 3394 1330 3464 αύτῷ
1360 3396 1570 3463 ἐφεῖται
1601 3394 1750 3464 παρά
1772 3393 1868 3446 τοῦ

302 3488 460 3543 Θεοῦ.
499 3487 562 3541 Εί
592 3488 699 3557 γὰρ
728 3487 1037 3557 ἀνθρώποις
1065 3487 1166 3539 οὐκ
1189 3486 1401 3554 ἄδηλον,
1436 3485 1601 3538 πόσον
1625 3483 1692 3537 ἀν
1715 3483 1872 3554 ήμιό-

303 3600 379 3650 νη)
404 3583 586 3652 βάρος,
617 3582 781 3633 πόσον
810 3580 867 3633 δὲ
894 3579 1023 3647 δνῳ,
1056 3579 1224 3631 πόσον
1246 3579 1303 3631 δὲ
1333 3577 1562 3647 καμήλῳ
1590 3575 1873 3645 ἀγώγιμον

305 3674 415 3743 εἴη·
456 3672 591 3726 ἀλλά
618 3673 708 3725 τὸν
734 3672 967 3742 φόρητον
997 3669 1291 3738 ἐπιτίθησι·
1329 3669 1421 3722 καὶ
1452 3667 1529 3737 τῷ
1559 3669 1793 3737 κεραμεῖ
1816 3666 1873 3719 δὲ

304 3765 463 3836 δῆλον
493 3765 657 3817 πόσον
690 3763 769 3834 τῷ
800 3762 934 3832 πυρὶ
963 3762 1068 3832 χρὴ
1097 3761 1167 3813 τὰ
1194 3759 1360 3830 σκεύη
1388 3757 1719 3827 παραδοῦναι
1746 3756 1873 3826 χρό·

305 3874 416 3919 νον,
454 3856 542 3907 ἵνα
577 3856 712 3923 μήτε
741 3853 902 3906 πλέον
932 3852 1266 3921 ἐμμείναντα
1292 3851 1584 3921 διαρραγῇ.
1611 3851 1745 3921 μήτε
1771 3849 1875 3903 πά-

304 3948 390 3999 λιν
435 3944 542 4016 πρδ
567 3946 663 4013 τῆς
703 3943 975 4014 ἀρκούσης
1016 3942 1312 4012 πυρώσεως
1348 3942 1677 4011 ἐκϐληθέντα
1708 3941 1877 4010 ἀχρη-

308 4056 410 4092 στα
558 4040 606 4090 εί
639 4036 871 4106 τοσαύτη
904 4038 1029 4105 περὶ
1054 4036 1145 4087 τὸν
1174 4034 1458 4104 ἄνθρωπον
1489 4033 1722 4097 σύνεσις,
1759 4032 1877 4100 οὐχὶ

309 4126 488 4197 πολλῷ
517 4127 678 4179 πλέον
710 4127 804 4177 καὶ
833 4125 1074 4194 ἀπείρως
1102 4123 1283 4188 πλέον,
1317 4124 1350 4193 ή
1378 4122 1471 4175 τοῦ
1496 4121 1630 4175 Θεοῦ
1662 4120 1878 4183 σύνεσις

308 4212 417 4269 οἶδε
468 4217 632 4268 πόσον
680 4214 885 4282 ἐκάστῃ
927 4213 1072 4282 ψυχῇ
1117 4212 1209 4263 τὸν
1243 4211 1546 4279 πειρασμὸν
1574 4210 1693 4262 δίον
1718 4210 1878 4261 ἐπεν-

309 4307 551 4376 εχθῆναι·
589 4304 677 4357 ίνα
706 4303 925 4373 δόκιμος
952 4302 1162 4371 γίνοιτο
1192 4303 1286 4355 καὶ
1314 4300 1593 4373 ἐπιτηδεία
1620 4299 1753 4371 πρὸς
1782 4297 1879 4369 τὴν

308 4393 419 4451 τῶν
443 4395 688 4468 οὐρανῶν
722 4392 1020 4465 βασιλείαν.

388 4656 704 4724 1Δ¹.”Ωσπερ
731 4651 792 4705 τὸ
818 4651 917 4721 τῆς
944 4649 1221 4712 κανάδεως
1249 4647 1437 4719 χρῆμα
1458 4647 1509 4701 εί
1541 4646 1615 4718 μὴ
1644 4648 1875 4703 ἐπιπολῦ

314 4747 653 4815 τυπτόμενον
694 4742 965 4810 διαμείνῃ,
1003 4740 1103 4792 οὐκ
1133 4740 1198 4798 ἀν
1243 4739 1452 4806 γένοιτο
1497 4739 1766 4810 χρήσιμον
1802 4739 1883 4801 είς

316 4838 661 4892 λεπτοτάτων
728 4833 985 4902 νημάτων
1038 4831 1335 4901 ἐργασίαν,
1380 4829 1495 4883 ἀλλ’
1551 4831 1771 4900 ὅσῳπερ
1820 4830 1888 4883 ἀν

320 4931 582 4983 τύπτοιτο
617 4925 714 4978 καὶ
759 4926 882 4977 ὅσον
935 4923 1187 4988 ξαίνοιτο,
1216 4922 1468 4976 τοσοῦτον
1505 4920 1890 4991 καθαρώτερόν

319 5039 381 5074 τε
434 5019 529 5073 καὶ
576 5016 1006 5087 εὐχρηστότερον
1057 5013 1289 5084 γίνεται.
1325 5014 1439 5067 Καὶ
1473 5012 1535 5066 ὃν
1584 5012 1787 5082 τρόπον
1828 5012 1892 5065 τὸ

323 5111 651 5165 νεόπλαστον
709 5106 903 5168 σκεῦος
951 5106 1026 5176 μὴ
1070 5104 1204 5174 πυρὶ
1257 5104 1472 5173 βληθέν,
1511 5102 1747 5173 χρῆσθαι
1775 5105 1889 5165 τοῖς

327 5198 633 5269 ἀνθρώποις
662 5196 1034 5265 ἀνεπιτήδειον
1056 5210 1071 5225 ο
1099 5193 1192 5247 καὶ
1220 5193 1298 5255 ὡς
1329 5194 1391 5246 τὸ
1424 5194 1620 5262 νήπιον
1643 5192 1722 5244 {st
1753 5192 1888 5263 πρὸς

326 5291 396 5343 τά
424 5288 519 5341 τοῦ
550 5288 754 5355 κόσμου
788 5284 925 5356 ἔργα
955 5285 1235 5354 ἀδόκιμον·
1282 5281 1404 5336 οὐτε
1434 5282 1543 5350 γὰρ
1573 5281 1893 5348 οίκοδομείν,

328 5382 391 5434 οὐ
422 5377 691 5449 φυτεύειν,
746 5376 807 5431 οὐ
859 5376 1058 5446 σπόρον
1103 5373 1451 5427 κατατιθέναι
1508 5372 1753 5437 δύναται,
1798 5372 1895 5441 οὐχ

329 5471 513 5542 ιτερόν
541 5486 596 5522 τι
628 5469 737 5521 τῶν
776 5466 870 5520 τοῦ
912 5466 1119 5535 κόσμου
1159 5464 1335 5534 Ιργων
1380 5463 1565 5516 ἀνύειν
1584 5477 1599 5493 ·
1630 5461 1776 5517 οὕτω
1803 5462 1897 5514 καὶ

329 5563 511 5632 ψυχαὶ·
548 5559 807 5621 πολλάκις
860 5556 1143 5619 κιᾶνθείας
1192 5554 1455 5629 μετέσχον
1510 5554 1735 5625 χάριτος
1803 5555 1898 5608 καὶ

1968 3202 2122 3271 faciet
2148 3201 2310 3253 etiam
2331 3213 2447 3250 cum
2471 3195 2754 3249 tentatione
2780 3200 3039 3255 eventum,
3068 3198 3126 3242 ut
3150 3188 3352 3259 possitis
3373 3188 3533 3241 susti-

1966 3307 2089 3345 nere
2115 3290 2182 3343 ⁸³.
2246 3289 2434 3358 Neque
2470 3301 2607 3341 vero
2629 3284 2903 3346 diabolus,
2941 3287 3206 3350 quantum
3262 3276 3365 3347 ipsi
3400 3276 3531 3331 libi-

1968 3390 2082 3436 tum
2108 3387 2213 3444 est,
2242 3377 2429 3449 atlligit
2448 3377 2684 3431 animam
2707 3391 2722 3439 ;
2747 3371 2844 3427 sed
2872 3386 2979 3440 qua
2999 3382 3254 3424 mensura
3285 3366 3340 3421 id
3372 3381 3535 3438 agere

1969 3472 2169 3529 sinitur
2195 3486 2226 3526 a
2250 3471 2387 3525 Deo.
2419 3468 2476 3524 Si
2508 3467 2656 3521 enim
2681 3463 2997 3521 hominibus
3026 3462 3271 3531 ignotum
3301 3474 3409 3513 non
3428 3466 3533 3520 est.

1970 3572 2235 3633 quantum
2265 3560 2450 3615 oneris
2504 3565 2723 3629 portare
2748 3556 2933 3610 mulus
2977 3552 3169 3623 possit.
3203 3559 3411 3620 quanto
3436 3566 3535 3619 par

1971 3652 2198 3707 ferendo
2236 3650 2306 3705 sit
2354 3648 2563 3709 asinus,
2582 3652 2790 3716 quanto
2823 3642 3063 3699 cameius
3086 3657 3101 3706 ;
3128 3638 3271 3692 unde
3299 3652 3535 3693 consen-

1972 3751 2195 3797 taneum
2223 3741 2490 3810 cujusque
2520 3736 2733 3791 viribus
2761 3735 2961 3802 cuique
2992 3730 3208 3801 pondus
3229 3730 3537 3799 imponunt;

1972 3842 2028 3889 et
2049 3832 2094 3886 si
2123 3837 2470 3900 perspectum
2504 3826 2684 3897 ﬁgulo'
2716 3832 2821 3887 est.
2842 3829 3049 3892 quanto
3076 3818 3340 3889 temporis
3364 3816 3540 3887 spatio

1971 3938 2101 3979 vasa
2145 3922 2201 3975 in
2224 3920 2447 3975 fornace
2470 3915 2706 3986 relinqui
2751 3913 3007 3975 debeant.
3041 3925 3111 3965 ne
3144 3910 3361 3979 longius
3383 3921 3541 3977 :equo

1975 4016 2053 4070 ibi
2082 4012 2342 4068 timentia
2377 4009 2649 4064 dissiliant
2682 4022 2697 4069 ;
2736 4020 2840 4060 nec
2872 4016 3084 4064 rursus.
3111 4008 3237 4056 ante
3264 3998 3539 4055 suﬂicien-

1977 4111 2084 4158 tem
2128 4100 2432 4155 coctionem
2472 4110 2599 4151 cum
2626 4095 2964 4155 eximuntur,
2998 4090 3211 4144 inutilia
3272 4087 3441 4142 tiant:
3495 4084 3543 4139 si

1980 4202 2147 4257 tanta,
2180 4193 2421 4260 inquam.
2456 4190 2511 4243 in
2580 4186 2803 4241 homine
2857 4182 3150 4254 prudentia
3223 4188 3327 4243 est,
3372 4178 3546 4233 multo

1977 4291 2141 4352 atque
2160 4281 2296 4336 adeo
2334 4276 2564 4331 inﬁnitis
2591 4273 2837 4345 partibus
2859 4267 3263 4339 magis,:divina
3279 4266 3544 4335 sapientia

1977 4370 2260 4440 perspicit.
2285 4368 2479 4422 animai
2504 4365 2703 4433 cuique
2753 4369 3017 4431 quantum
3045 4358 3261 4429 pondus
3290 4357 3545 4413 tcntatio~

1908 4466 1956 4524 Β
1982 4463 2070 4517 nis
2104 4459 2323 4514 immitti
2343 4458 2562 4519 debeat.
2597 4463 2659 4509 ut
2684 4468 2784 4524 per
2804 4466 2924 4507 eam
2964 4450 3251 4522 probetur,
3275 4456 3331 4504 et
3353 4448 3549 4504 idonea

1978 4568 2147 4624 regno
2179 4551 2442 4607 ccelorum
2465 4548 2578 4602 liat.

2051 4643 2191 4698 XIV.
2220 4640 2373 4696 Sicut
2404 4635 2664 4694 cannabis
2697 4642 2911 4688 mataxa
2944 4631 3052 4687 nisi
3096 4631 3191 4685 diu
3238 4629 3548 4685 tunsionem

1980 4734 2137 4797 ferat,
2177 4745 2289 4785 non
2333 4727 2559 4782 habebit
2609 4738 2767 4780 usum
2801 4721 3193 4777 attenuationis
3238 4719 3293 4774 in
3338 4719 3423 4773 illa
3458 4732 3551 4772 su-

1982 4825 2288 4887 tilissima;
2342 4819 2437 4875 sed
2497 4825 2704 4887 quanto
2770 4823 2999 4870 contusa
3060 4812 3277 4882 longius
3349 4809 3550 4876 fuerit,

1985 4924 2191 4988 quanto
2220 4911 2388 4967 radiis
2420 4909 2700 4979 pectinum
2732 4906 2938 4961 sulcata
2975 4902 3246 4967 crebrius,
3276 4908 3426 4957 tanto
3456 4916 3554 4970 pu-

1989 5009 2104 5063 rior
2143 5005 2437 5072 utiliorque
2480 4998 2695 5057 evadet.
2745 4997 2814 5051 Et
2857 4991 3319 5068 quemadmodum
3364 5007 3557 5047 recens

1991 5098 2284 5154 formatum
2318 5107 2433 5157 vas,
2469 5090 2649 5161 quoad
2690 5087 3005 5143 induratum
3051 5085 3175 5156 igne
3218 5082 3405 5146 fuerit,
3442 5082 3559 5136 ine-

1991 5198 2145 5259 ptum
2176 5196 2260 5243 est
2286 5184 2483 5240 usibus
2503 5180 2792 5245 humanis;
2820 5177 3059 5247 denique
3076 5173 3245 5231 veluti
3271 5187 3408 5243 puer
3427 5186 3559 5241 par-

1991 5280 2153 5335 vulus
2181 5290 2289 5332 non
2325 5275 2556 5331 idoneus
2581 5277 2667 5325 est
2697 5268 2765 5323 ad
2795 5266 3106 5322 functiones
3130 5263 3275 5326 vita.
3304 5273 3428 5314 cum
3456 5271 3560 5311 nec

1992 5368 2283 5429 sditicare,
2316 5378 2420 5419 nec
2461 5361 2731 5432 plantare.
2770 5370 2873 5411 nec
2911 5366 3100 5409 semen
3147 5350 3205 5405 in
3240 5358 3437 5405 terram
3472 5340 3565 5419 ja—'

1992 5475 2119 5518 cere
2148 5457 2215 5513 ad
2261 5456 2365 5510 hoc
2398 5460 2640 5525 paratam
2668 5448 2867 5509 valeat.
2897 5451 2993 5501 aut
3020 5441 3169 5500 aliud
3195 5439 3327 5512 quid
3350 5454 3420 5494 ea
3456 5453 3560 5493 usu

1995 5550 2185 5621 mundi
2232 5548 2395 5620 hujus
2438 5555 2597 5615 agere
2633 5558 2646 5595 :
2687 5539 2766 5596 sic
2812 5535 3009 5593 anima
3053 5533 3395 5605 plerumque.
3432 5527 3563 5586 licet

389 5739 611 5794 vitam.
647 5731 876 5798 vut,55.
954 5729 1001 5762 ι·
1056 5706 1229 5786 ωε..
1290 5730 1429 5796 ιηι,ι.
1506 5729 1767 5787 ιιιευτ.
1816 5741 1869 5791 x,
1927 5725 2005 5780 ιδ.
