4254 6358
771 346 875 411 947

2000 364 2059 425 S.
2097 366 2412 428 MACARII
2452 368 2705 431 ᾸΞΟΥΡΤ
2712 373 2771 433 II

3896 380 4015 441 948

771 456 970 511 divinae
1012 458 1308 530 participes
1338 466 1546 535 gratiae,
1574 468 1787 523 etiamsi
1835 485 1931 539 per
1958 470 2053 526 Dei
2087 472 2337 542 benigni-
2367 481 2411 535 Α
2441 496 2451 529 t

2330 503 2337 513 -
2367 481 2411 535 Α
2441 476 2550 529 εἷεν
2579 480 3161 551 ἐμπληροφορούμεναι
3180 487 3246 555 τῇ
3278 486 3572 558 γλυκύτητι
3600 488 3691 540 καὶ
3730 491 3799 557 τῇ
3829 490 4010 541 Πνεῦ-

773 555 938 601 tatem
984 549 1354 621 indulgentem
1388 556 1630 613 infantiae
1662 559 1921 628 ipsarum,
1954 563 2182 630 perfusae
2213 564 2332 618 fue-

771 638 881 692 rint
926 639 1216 697 dulcedine
1263 646 1503 710 caelesti,
1538 666 1710 718 usque
1741 651 1804 704 ad
1852 654 2171 720 gustandam
2213 654 2335 723 Spi-

772 727 911 780 ritus
939 730 1215 797 requiem;
1252 735 1494 789 nondum
1528 749 1703 793 tamen
1738 740 2153 809 probationibus
2179 759 2335 797 exer-

772 819 922 883 citxe;
950 821 1187 875 nondum
1226 826 1519 893 explorata:
1546 830 1810 883 malorum
1839 833 2129 901 spirituum
2163 836 2333 889 insul-

771 908 917 963 tibus
952 913 1150 978 variis;
1188 915 1324 969 nihil
1366 918 1501 971 ultra
1553 920 1816 988 puerilem
1868 936 1995 977 sunt
2035 941 2333 994 progressae

771 1000 1091 1065 balbutiem,
1126 1014 1184 1057 ut
1220 1006 1293 1059 ita
1341 1008 1538 1072 dicam,
1574 1011 1809 1064 necdum
1859 1022 1995 1083 apta:
2042 1031 2205 1083 regno
2237 1016 2330 1071 Dei

771 1100 915 1143 sunt.
972 1092 1229 1148 Etenim:
1272 1095 1330 1149 Si
1380 1108 1529 1152 extra
1585 1101 1916 1165 disciplinam
1970 1105 2066 1171 (ait
2114 1105 2332 1162 divinus

769 1183 1081 1250 Apostolus)
1112 1188 1251 1248 estis,
1298 1189 1446 1256 cujus
1479 1194 1760 1261 participes
1797 1194 1924 1261 facti
1967 1204 2087 1248 sunt
2122 1213 2330 1264 omnes;

767 1286 889 1338 ergo
923 1272 1170 1337 adulteri,
1206 1284 1254 1327 et
1297 1293 1398 1329 non
1440 1278 1541 1343 ﬁlii
1588 1284 1707 1333 estis
1742 1282 1809 1334 ".
1844 1283 2031 1351 Itaque
2064 1294 2118 1339 et
2160 1296 2332 1343 tenta-

772 1363 947 1414 tiones
975 1373 1030 1415 et
1060 1365 1379 1420 alllictiones
1421 1369 1630 1424 utiliter
1681 1372 2049 1428 immittuntur
2089 1377 2325 1444 homini;

771 1451 957 1519 utique
1005 1454 1373 1520 probatiorem
1422 1468 1479 1513 et
1527 1462 1887 1517 robustiorem
1936 1467 2053 1534 ejus
2094 1468 2329 1521 animam

771 1542 1077 1606 reddentes,
1108 1561 1244 1612 quas
1281 1547 1326 1600 si
1355 1548 1420 1601 ad
1460 1549 1619 1603 finem
1654 1567 1825 1621 usque
1866 1558 2175 1623 pertulerit,
2203 1574 2328 1613 cum

769 1646 864 1698 spe
890 1632 956 1684 ad
990 1633 1313 1700 Dominum;
1348 1639 1463 1691 fieri
1494 1656 1601 1693 non
1624 1645 1841 1709 poterit,
1871 1646 2003 1713 quin
2031 1662 2330 1718 consequa-

772 1732 860 1773 tur
886 1724 1277 1789 promissiones
1320 1726 1580 1795 Spiritus,
1614 1741 1670 1784 et
1710 1733 2095 1791 liberationem
2137 1752 2169 1793 a
2203 1754 2329 1809 per-

771 1810 1171 1867 turbationibus
1199 1815 1494 1871 affectuum
1528 1836 1840 1888 pravorum.

838 1898 950 1953 XV.
977 1902 1443 1966 Quemadmodum
1472 1924 1568 1977 per
1600 1913 1769 1966 multa
1805 1914 2036 1970 traducti
2065 1928 2332 1976 tormenta

768 1998 1056 2061 martyres,
1095 2005 1379 2063 postquam
1426 2015 1599 2068 usque
1628 2002 1694 2056 ad
1729 2004 1898 2073 ipsam
1942 2009 2106 2063 etiam
2149 2012 2329 2079 perfe-

769 2082 992 2135 rendam
1030 2095 1259 2139 mortem
1310 2090 1479 2143 robur
1511 2092 1724 2149 invictae
1772 2096 2109 2155 fortitudinis
2144 2113 2329 2157 osten-

766 2171 1001 2238 derunt;
1055 2178 1272 2232 coronis
1321 2181 1401 2235 sic
1442 2182 1623 2250 gloriae
1668 2185 1793 2240 facti
1844 2199 1972 2242 sunt
2020 2191 2170 2260 digni
2215 2213 2228 2247 :
2269 2210 2331 2249 ac

766 2272 972 2329 quanto
1003 2265 1253 2332 pluribus
1283 2280 1339 2323 et
1367 2273 1708 2340 gravioribus
1748 2280 2017 2347 perfuncti
2054 2284 2331 2339 laboribus

766 2361 913 2417 sunt,
954 2363 1102 2409 tanto
1129 2360 1389 2428 majorem
1432 2363 1573 2431 apud
1607 2364 1774 2420 Deum
1818 2370 2118 2426 claritatem
2158 2390 2220 2428 ac
2262 2376 2330 2430 li-

767 2439 1034 2494 bertatem
1072 2454 1199 2498 sunt
1228 2448 1408 2516 adepti
1438 2467 1451 2503 :
1481 2454 1684 2519 pariter
1715 2457 1909 2511 anima:
1934 2459 2134 2515 diversi
2165 2479 2330 2532 gene-

768 2532 841 2585 ris
871 2532 1255 2592 aﬂlictionibus
1279 2540 1440 2612 214
1476 2544 1708 2611 traditae,
1740 2548 1853 2602 sive
1886 2550 1972 2612 iis,
2006 2568 2126 2619 qua:
2153 2555 2330 2622 palam

766 2622 834 2675 ab
866 2622 1178 2680 hominibus
1221 2635 1664 2697 proﬁciscuntur,
1697 2638 1811 2691 sive
1857 2654 1978 2707 qua:
2011 2642 2151 2696 intra
2182 2660 2333 2699 men-

769 2719 877 2763 tem
927 2715 1249 2784 contingunt
1297 2725 1720 2791 exsurgentibus
1767 2729 2194 2797 cogitationibus
2235 2736 2331 2789 ab-

766 2801 982 2869 surdis;
1017 2805 1130 2861 sive
1163 2825 1284 2877 quae
1331 2814 1536 2868 morbis
1570 2819 1848 2886 corporeis
1879 2835 1997 2875 sese
2039 2834 2328 2891 exserunt;

768 2890 812 2942 si
843 2893 1134 2958 patienter,
1177 2905 1581 2967 perseverando
1615 2922 1788 2975 usque
1833 2909 1901 2962 ad
1947 2912 2109 2965 linem
2137 2890 2333 2969 tolera;-

768 2983 964 3046 verint,
1000 2986 1217 3041 easdem
1253 3005 1376 3043 cum
1420 2996 1754 3065 martyribus
1797 3014 2048 3066 coronas,
2083 3006 2328 3060 eamdem

2440 587 2605 638 ματος
2645 573 2968 633 ἀναπαύσει,
2999 574 3083 626 διὰ
3118 577 3217 643 τὴν
3252 578 3432 631 αὐτῶν
3473 584 3777 648 νηπιότητα
3810 582 3876 648 τῇ
3903 579 4007 633 τοῦ

2435 660 2637 728 Κυρίου
2676 666 3020 732 χρηστότητι,
3072 664 3185 716 ἀλλ’
3224 662 3316 719 οὖν
3350 668 3517 737 μήπω
3556 670 4005 737 δοκιμασθεῖσαι,

2435 750 2556 819 μηδ’
2599 751 2701 803 ὑπὸ
2756 753 2864 805 τῶν
2915 756 3165 827 πονηρῶν
3218 759 3545 827 πνευμάτων
3586 760 3869 830 διαφόροις
3916 761 4011 824 ἐξ-

2432 841 2738 895 ετασθεῖσαι
2764 843 3024 913 θλίψεσιν,
3053 847 3131 901 ἐτι
3151 849 3249 917 τῆς
3271 852 3591 919 νηπιότητος
3616 852 3850 920 ἔχονται,
3882 854 4009 917 καὶ,

2437 929 2499 981 ἵν’
2529 928 2700 994 οὕτως
2729 934 2888 998 είπω,
2919 936 3130 991 οὐδέπω
3155 940 3288 1006 πρὸς
3314 941 3413 1009 τὴν
3437 941 3545 993 τῶν
3568 942 3811 1010 οὐρανῶν
3848 942 4010 1009 βασι-

2432 1015 2581 1069 λείαν
2606 1021 2922 1091 ἐπιτηδείως
2959 1024 3173 1094 ἔχουσιν
3198 1044 3211 1059 ·
3244 1030 3313 1082 Εί
3343 1029 3452 1098 γάρ
3480 1031 3656 1097 χωρίς
3692 1032 3855 1090 ἐστει
3893 1046 4009 1096 φη·

2435 1105 2517 1157 civ
2544 1107 2573 1158 ὁ
2597 1105 2738 1172 Θείος
2782 1111 3119 1179 Ἀπόστολος,
3147 1116 3418 1182 παιδείας
3440 1113 3511 1185 ἧς
3547 1118 3787 1186 μέτοχοι
3828 1122 4008 1187 γεγό-

2431 1214 2573 1252 νασι
2599 1200 2842 1267 πάντες,
2883 1204 2995 1271 ἄρα
3031 1207 3195 1261 νόθοι
3228 1208 3369 1260 ἐστέ
3400 1210 3499 1263 καί
3536 1212 3646 1277 οὐχ
3680 1210 3795 1263 ιιίοὶ
3818 1227 3829 1238 ·
3856 1210 4007 1262 ὥστε

2434 1291 2526 1339 καὶ
2556 1290 2603 1342 οἱ
2644 1294 2939 1361 πειρασμοὶ
2967 1295 3063 1346 καὶ
3095 1297 3151 1348 αι
3196 1297 3400 1364 Θλίψεις
3445 1302 3584 1352 κατὰ
3611 1300 3670 1351 τὸ
3723 1302 4008 1365 λυσιτελὲς

2432 1379 2728 1448 ἐπάγονται
2798 1384 2877 1452 τῷ
2948 1385 3237 1457 ἀνθρώπῳ,
3290 1388 3662 1461 ὼκιμωτέραν
3711 1391 3853 1443 οῦτω
3907 1395 4008 1446 καὶ

2434 1470 2795 1539 στερροτέραν
2825 1472 3187 1541 ἐργαζόμεναι
3215 1474 3312 1543 τὴν
3340 1475 3544 1543 ψυχήν·
3584 1477 3679 1528 καὶ
3717 1480 3874 1545 εἴπερ
3920 1481 4008 1541 εἰς

2431 1556 2584 1619 τέλος
2628 1559 2887 1627 ὑπομένοι
2941 1561 3059 1629 μετ’
3086 1562 3299 1625 ἐλπίδος
3339 1564 3437 1632 τῆς
3466 1564 3599 1633 πρὸς
3636 1565 3729 1616 τὸν
3768 1567 4004 1634 Κύριον,

2430 1648 2707 1717 ἀμήχανον
2731 1651 3017 1720 ἀποτυχεῖν
3034 1652 3203 1724 αὐτὴν
3225 1656 3321 1722 τῆς
3351 1656 3675 1721 ἐπαγγελίας
3704 1656 3796 1708 τοῦ
3830 1657 4005 1711 lived-

2435 1753 2621 1806 ματος,
2640 1738 2733 1791 καὶ
2751 1739 2849 1809 τῆς
2881 1742 3307 1811 ἀπολυτρώσεως
3338 1742 3447 1797 τῶν
3480 1744 3675 1810 κακίας
3706 1748 3918 1803 παθῶν.

2508 1910 2849 1983 ῐΕ’.Ὠσπερ
2917 1914 3139 1979 πολλαῖς
3208 1916 3457 1986 βασάνοις
3499 1922 3889 1993 διωμιληκότες
3948 1926 4000 1979 οι

2436 2001 2727 2070 μάρτυρες,
2778 2005 2873 2057 καὶ
2929 2006 3157 2059 θανάτου
3214 2012 3372 2080 μέχρι
3432 2012 3499 2063 τὰ
3538 2014 3635 2082 τῆς
3699 2018 3999 2085 καρτερίας

2433 2092 2853 2160 ἐπιδειξάμενοι,
2891 2098 3174 2164 στεφάνων
3216 2100 3358 2152 οὕτω
3398 2102 3496 2170 τῆς
3523 2104 3674 2173 δόξης
3706 2109 3997 2171 γεγόνασιν

2431 2182 2602 2244 ἄξιοι·
2641 2185 2731 2234 καὶ
2766 2185 2875 2254 ὅσῳ
2910 2187 3117 2240 πλείοσι
3163 2192 3254 2241 καὶ
3302 2191 3696 2261 χαλεπωτέροις
3729 2198 3841 2259 τοῖς
3872 2200 3998 2251 ἐπι-

2432 2274 2619 2337 πόνοις
2654 2277 2977 2345 ἐχρήσαντο,
3010 2280 3227 2333 πλείονα
3272 2283 3365 2334 καὶ
3396 2285 3497 2352 τὴν
3542 2285 3697 2349 δόξαν
3744 2288 3839 2340 καὶ⁸
3894 2291 3995 2357 τὴν

2431 2363 2567 2432 πρὸς
2596 2364 2727 2416 Θεὸν
2752 2367 3048 2435 ἐκτήσαντο
3084 2372 3395 2441 παρρησίαν
3417 2388 3430 2403 ·
3471 2374 3562 2426 τὸν
3593 2375 3753 2427 αὑτὸν
3778 2378 3842 2447 δὴ
3868 2380 3999 2447 τρό-

2431 2471 2531 2507 πον
2564 2457 2656 2507 καὶ
2700 2457 2868 2525 ψυχαὶ
2916 2457 3192 2529 διαφόροις
3237 2463 3624 2530 παραδοθεῖσαι
3662 2466 3926 2536 Θλίψεσιν,
3960 2469 3994 2538 ἢ

2429 2546 2507 2615 τῷ
2551 2549 2857 2619 φαινομένῳ
2901 2554 3019 2613 ταῖς
3062 2552 3122 2616 ἐξ
3167 2554 3468 2624 ἀνθρώπων
3507 2559 3925 2628 ἐπερχομέναις,
3962 2562 3995 2629 ἢ

2430 2636 2506 2705 τῷ
2537 2640 2807 2710 νοουμένῳ
2844 2640 3116 2712 λογισμοῖς
3168 2644 3385 2707 ἀτόποις
3423 2647 3811 2716 ἐγγινομένοις,
3845 2650 3877 2719 ἧ
3906 2651 3999 2702 νό-

2434 2748 2545 2793 σοις
2593 2737 2930 2801 σωματικαῖς
2979 2737 3458 2808 άποτικτομέναις,
3517 2743 3565 2793 εἰ
3617 2742 3776 2811 μέχρι
3807 2742 3996 2806 τέλους

2429 2822 2528 2891 τὴν
2567 2822 2840 2894 ὑπομονὴν
2872 2826 3208 2894 διενέγκωσι,
3239 2828 3348 2882 τῶν
3377 2831 3556 2883 αὐτῶν
3588 2834 3699 2894 τοῖς
3758 2836 3997 2903 μάρτυσι

2434 2914 2733 2983 στεφάνων,
2771 2918 2864 2970 καὶ
2894 2918 2993 2987 τῆς
3040 2920 3209 2988 αὐτῆς
3241 2922 3615 2987 ἐπιτεύξονται
3650 2927 3992 2994 παρρησίαςο

2430 3008 2552 3060 ἐπεὶ
2582 3009 2677 3061 καὶ
2711 3009 2772 3062 τὸ
2803 3011 3100 3082 μαρτύριον
3150 3014 3258 3067 τῶν
3320 3015 3571 3083 θλίψεων,
3629 3017 3765 3088 ὅπερ
3798 3021 3995 3072 ἐκεῖνοι

767 3072 910 3139 apud
958 3074 1128 3129 Deum
1174 3092 1579 3149 consequentur
1621 3087 1958 3158 libertatem;
1992 3097 2331 3165 quandoqui-
2357 3117 2399 3176 ο
2437 3096 2447 3146 l

2315 3131 2331 3141 .
2357 3117 2399 3176 ο
2437 3096 2503 3147 δι’
2531 3072 2852 3167 ἀνθρώπων,
2882 3072 3025 3154 οὗτοι
3076 3102 3163 3155 διὰ
3205 3103 3313 3157 τῶν
3357 3072 3623 3175 πονηρίας
3666 3072 3995 3175 πνευμάτων

766 3161 887 3215 dem
940 3167 1257 3236 martyrium
1308 3171 1694 3243 alllictionum,
1748 3183 1891 3248 quod
1945 3161 2329 3254 martyres-ab

766 3249 1081 3309 hominibus
1110 3266 1239 3310 sunt
1260 3261 1429 3329 passi,
1462 3262 1514 3316 hi
1542 3265 1611 3318 ab
1638 3249 2330 3336 impressionibus-acerbis

766 3338 1087 3398 infestorum
1148 3345 1281 3414 ipsis
1340 3351 1699 3421 malignorum
1744 3356 2034 3425 spirituum
2088 3364 2331 3431 pertule-

766 3442 927 3497 runt;
974 3448 1038 3488 ac
1081 3446 1286 3503 quanto
1334 3440 1519 3508 plures
1570 3443 1625 3497 hi
1677 3460 1897 3516 quoque
1940 3450 2329 3524 gravioresque

764 3522 1103 3579 adversantis
1134 3527 1369 3583 insullus
1394 3531 1595 3586 diaboli
1640 3540 1883 3606 perpessi
1926 3540 2151 3605 fuerint,
2180 3522 2328 3599 tanto

763 3614 1212 3675 abundantiorem
1256 3622 1504 3691 gloriam,
1547 3642 1653 3679 non
1704 3628 1759 3683 in
1804 3628 2047 3683 futurum
2088 3632 2261 3685 solum
2296 3649 2328 3688 a

764 3704 876 3760 Deo
910 3710 1203 3777 recipient;
1234 3714 1326 3766 sed
1361 3724 1416 3768 ct
1440 3716 1529 3770 hic
1554 3733 1773 3787 quoque
1806 3720 2050 3774 uberiori
2079 3720 2326 3777 beabun-

764 3804 854 3850 tur
888 3798 1123 3866 Spiritus
1150 3806 1539 3862 consolatione.

831 3887 967 3944 XVI.
1005 3892 1454 3963 Quandoquidem
1503 3899 1558 3952 in
1603 3901 1853 3957 confesso
1896 3913 2007 3981 est,
2038 3917 2241 3961 arctam
2272 3920 2327 3965 et

763 3988 1045 4048 angustam
1074 3998 1195 4038 esse
1223 3986 1365 4040 viam
1396 4005 1517 4057 qua:
1560 3991 1713 4046 ducit
1754 3994 1820 4047 ad
1849 3996 2048 4061 vitam;
2094 3998 2326 4069 ideoque

764 4086 966 4141 paucos
991 4089 1132 4137 esse,
1158 4078 1249 4144 qui
1286 4094 1381 4146 per
1404 4095 1523 4133 eam
1564 4090 1845 4138 transeunt
1879 4102 1891 4138 :
1923 4088 2102 4141 omnis
2124 4090 2325 4147 diaboli

763 4163 991 4216 tentatio
1024 4176 1244 4233 propter
1274 4168 1432 4223 nobis
1467 4173 1757 4238 repositam
1788 4173 1842 4227 in
1875 4176 2028 4230 caelis
2058 4193 2208 4246 spem
2240 4197 2327 4237 ro-

761 4252 919 4306 buste
949 4269 1013 4309 ac
1046 4264 1358 4310 constanter
1385 4260 1704 4315 sustinenda
1729 4273 1844 4329 est;
1872 4278 2324 4339 quantascunque

761 4343 908 4397 enim
946 4344 1161 4397 tandem
1208 4346 1589 4402 tribulationcs
1626 4352 2031 4418 pertulerimus,
2078 4359 2208 4424 quid
2243 4359 2326 4414 hac

2434 3189 2661 3252 ἐκείνοις
2720 3192 3131 3261 ἐνεργησάντων
3179 3194 3656 3264 ὑπομεμενηκότες
3710 3199 3837 3257 εἰσὶ,
3902 3201 3995 3250 καὶ

2429 3280 2539 3351 ὅσῳ
2597 3280 2814 3346 πλείους
2867 3285 2959 3337 καὶ
3010 3280 3155 3338 οὗτοι
3216 3286 3311 3338 τοῦ
3358 3288 3731 3355 ἀντικειμένου
3788 3288 3993 3356 θλίψεις

2429 3371 2765 3441 ὑπήνεγκαν,
2790 3374 3025 3444 τοσούτῳ
3056 3378 3150 3428 καὶ
3179 3378 3399 3431 πλείονα
3422 3378 3520 3448 τὴν
3561 3379 3716 3444 δόξαν
3767 3381 3869 3432 οὐκ
3916 3382 3994 3444 εἰς

2427 3461 2488 3514 τὸ
2525 3463 2716 3533 μέλλον
2746 3464 2902 3531 μόνον
2926 3466 2990 3517 ἐκ
3010 3465 3142 3519 Θεοῦ
3173 3468 3489 3537 κομιοῦνται
3516 3487 3530 3503 ο
3559 3470 3692 3523 ἀλλὰ
3715 3472 3992 3524 κάνταῦθα

2432 3553 2531 3621 τῆς
2558 3552 2651 3606 τοῦ
2688 3554 2894 3623 ἀγαθοῦ
2927 3555 3241 3625 Πνεῦματος
3281 3559 3673 3629 άξιωθήσονται
3703 3563 3991 3631 παρακλή-

2435 3659 2592 3706 σεως.

2499 3898 2618 3965 ΚΓ.
2668 3896 3073 3968 Ἐπελὶτοιαύτη
3124 3899 3468 3969 ὡμολόγηται
3494 3903 3526 3971 ἠ
3552 3903 3688 3971 πρὸς
3715 3903 3813 3973 τὴν
3850 3904 3991 3974 ζωὴν

2427 3989 2670 4059 φέρουσα
2701 3991 2860 4061 στενή
2889 4008 2946 4043 τι
2974 3992 3067 4044 καὶ⁵
3093 3992 3444 4063 τεθλιμμένη,
3478 3994 3572 4045 καὶ
3602 3994 3686 4046 διὰ
3715 3994 3873 4047 τοῦτο
3902 4000 3991 4049 καὶ

2426 4082 2639 4150 ὀλίγους
2675 4080 2786 4151 ἔχει
2842 4083 2965 4145 τοὺς
3023 4085 3224 4152 ταύτην
3256 4083 3652 4153 διερχομένους,
3688 4087 3869 4139 πᾶσαν
3902 4087 3989 4139 τοῦ

2427 4171 2665 4241 πονηροῦ
2697 4175 2889 4242 πεῖραν
2939 4173 3025 4226 διὰ
3068 4175 3165 4243 τὴν
3196 4176 3252 4225 ἐν
3299 4176 3569 4243 οὐρανίοις
3595 4178 3987 4247 ἀποκειμένην,

2428 4261 2615 4312 ἐλπίδα
2660 4262 2902 4331 στερρῶς
2945 4263 3336 4330 ὑπομενετέον
3369 4264 3497 4326 ὅσας
3530 4264 3635 4334 γὰρ
3671 4264 3736 4317 ἂν
3771 4268 3865 4317 καὶ
3894 4267 3988 4318 ὐπ-

2427 4354 2745 4422 ενέγκοιμεν
2788 4354 3012 4423 Θλίψεις,
3045 4356 3095 4407 τί
3125 4353 3371 4419 ἀντάξιον
3401 4356 3433 4425 ἢ
3463 4357 3597 4424 πρὸς
3644 4357 3741 4427 τὴν
3772 4359 3989 4426 μέλλον.

762 4434 1189 4501 comparandum
1236 4437 1455 4499 habent,
1508 4448 1757 4495 autcum
1803 4442 1986 4497 futura
2030 4448 2322 4513 repromis-
2356 4454 2442 4509 Dc

2308 4478 2322 4488 -
2356 4454 2400 4509 ο
2428 4462 2525 4498 σαν
2561 4446 2909 4513 ἐπαγγελίαν,
2941 4444 2973 4515 ἢ
3020 4446 3154 4516 πρὸς
3199 4448 3296 4515 τὴν
3335 4447 3585 4500 ἐντεῦθεν
3634 4450 3988 4519 ἐγγινομένην

762 4520 951 4587 sione;
985 4533 1081 4576 aut
1113 4540 1235 4578 cum
1268 4528 1377 4595 jam
1428 4527 1556 4582 hinc
1603 4529 1719 4585 dari
1766 4531 1924 4588 solita
1953 4537 2326 4591 consolatione

761 4611 891 4665 boui
926 4613 1195 4683 Spiritus;
1228 4626 1322 4671 aut
1351 4634 1474 4672 cum
1518 4620 1844 4678 liberatione
1876 4641 1905 4677 a
1935 4626 2166 4694 caligine
2197 4643 2325 4695 pra-

760 4714 950 4754 varum
999 4702 1451 4772 inclinatiouum;
1496 4718 1743 4763 autcum
1790 4714 2138 4769 multitudine
2172 4716 2327 4770 debi-

760 4798 960 4843 torum.
1003 4792 1120 4845 Non
1155 4796 1299 4849 enim
1332 4808 1452 4850 sunt
1484 4799 1603 4866 (ait)
1630 4803 1900 4870 condignis
1932 4807 2198 4873 passiones
2228 4811 2326 4861 ltu-

752 4881 844 4953 jus
878 4885 1124 4951 temporis
1157 4886 1227 4938 ad
1254 4886 1492 4956 futuram
1528 4890 1754 4959 gloriam
1782 4910 1898 4962 quae
1930 4895 2246 4949 revelabitur
2272 4900 2325 4951 in

760 4974 905 5026 nobis
935 4976 1001 5025 ".
1034 4974 1224 5029 Omnia
1255 4994 1403 5046 ergo.
1444 4988 1497 5032 ut
1545 4982 1751 5036 dictum
1784 4993 1887 5048 est,
1922 4985 2066 5039 ferre
2108 4986 2324 5041 fortiter

759 5063 1051 5128 debemus,
1077 5077 1297 5136 propter
1328 5069 1648 5138 Dominum;
1699 5074 1776 5128 uti
1826 5076 2076 5144 generosi
2122 5078 2323 5133 milites

760 5170 827 5208 ne
856 5156 992 5209 mori
1028 5159 1248 5226 quidem
1287 5176 1385 5229 pro
1412 5173 1601 5217 nostro
1636 5164 1958 5233 imperatore
1988 5168 2319 5225 dubitantes.

759 5246 870 5300 Cur
910 5249 1078 5314 enim,
1115 5252 1335 5319 quando
1374 5255 1577 5308 mundo
1603 5263 1657 5309 et
1688 5257 2038 5313 saecularibus
2078 5261 2327 5315 attende-

760 5338 954 5394 bamus
988 5342 1172 5405 rebus,
1205 5346 1482 5400 molestias
1511 5362 1622 5411 eas,
1657 5349 1711 5403 in
1745 5366 1879 5419 quas
1914 5360 2101 5421 postea
2132 5353 2325 5407 incidi-

761 5445 904 5495 mus,
927 5446 1035 5485 non
1058 5436 1505 5503 experiebamur;
1541 5440 1634 5493 scd
1664 5457 1808 5496 nunc
1838 5458 1960 5497 cum
1990 5444 2323 5500 accessimus

746 5521 827 5575 ad
877 5522 1225 5580 serviendum
1277 5526 1420 5593 Deo,
1455 5530 1782 5600 multiplices
1829 5534 1949 5590 illas
1994 5535 2322 5591 tentationes

835 5700 879 5733 "‘
906 5701 1068 5757 llcbr.
1104 5707 1269 5768 111,8.
1349 5709 1392 5740 ⁸⁵
1424 5709 1579 5766 Ιιοιυ.
1617 5727 1725 5778 vm,
1766 5714 1840 5767 18.

2424 4540 2541 4599 ταῖς
2567 4538 2766 4606 ψυχαῖς
2796 4538 2901 4590 ὑπὸ
2928 4537 3021 4590 τοῦ
3050 4537 3252 4605 ἀγαθοῦ
3281 4538 3594 4605 [Ινεύματος
3623 4540 3985 4610 παράκλησιν,

2424 4627 2457 4696 ἢ
2494 4626 2629 4694 πρὸς
2663 4628 2761 4696 τὴν
2817 4627 3193 4697 ἀπολύτρωσιν
3223 4629 3317 4681 τοῦ
3369 4630 3591 4691 σκότους
3637 4630 3747 4683 τῶν
3806 4631 3987 4684 παθῶν

2422 4720 2521 4785 τῆς
2555 4717 2772 4781 κακίας,
2805 4717 2837 4786 ἢ
2868 4719 3003 4787 πρὸς
3054 4720 3113 4770 τὸ
3143 4718 3250 4770 τῶν
3281 4718 3453 4788 χρεῶν
3484 4720 3685 4788 πλῆθος
3718 4721 3825 4774 τῶν
3862 4724 3988 4791 ἠμε-

2422 4809 2595 4877 τέρων
2642 4808 2943 4877 ἁμαρτιῶν,
2993 4809 3328 4877 είσοίσομεν;
3384 4812 3465 4863 Οὺ
3498 4812 3607 4881 γάρ
3646 4812 3803 4875 ἀξια,
3838 4816 3984 4881 φησι,

2432 4899 2505 4952 τὰ
2532 4898 2847 4966 παθήματα
2884 4898 2987 4951 τοῦ
3016 4897 3131 4951 νῦν
3157 4898 3361 4966 καιροῦ
3408 4899 3556 4967 πρὸς
3587 4900 3701 4966 τὴν
3724 4902 3984 4969 μέλλου-

2428 5003 2551 5044 σαν
2585 4989 2774 5054 δόξαν
2801 4988 3301 5057 ἀποκαλυφθῆναι
3318 4994 3404 5054 είς
3432 4990 3609 5057 ἡμᾶς.
3642 4993 3826 5046 Πάντα
3860 4996 3983 5064 γὰρ,

2429 5079 2503 5142 ὡς
2548 5080 2781 5148 εἴρηται,
2833 5080 3196 5148 καρτερητέον
3232 5080 3319 5133 διά
3364 5082 3453 5133 τὸν
3509 5083 3713 5154 Κύριον
3765 5085 3863 5149 δεῖ,
3902 5085 3985 5141 οἷα

2430 5172 2710 5237 γενναίους
2754 5170 3089 5238 στρατιώτας
3119 5171 3210 5224 τοῦ
3244 5171 3505 5241 βασιλέως
3531 5176 3562 5242 ἠ
3574 5175 3689 5242 μῶν
3714 5177 3985 5245 ὑπεραπο-

2431 5260 2779 5329 θνήσκοντας.
2809 5259 2905 5312 Διὰ
2931 5259 2983 5311 τί
3012 5259 3138 5329 γὰρ,
3173 5261 3262 5312 ὅτε
3287 5259 3361 5328 τῷ
3387 5261 3575 5331 κόσμῳ
3602 5265 3693 5315 κα)⁸
3720 5267 3831 5327 τοῖς
3863 5265 3983 5334 βιω-

2427 5354 2597 5414 τικοῖς
2650 5352 3013 5420 προσείχομεν
3068 5352 3411 5420 πράγμασιν,
3461 5354 3521 5404 οὑ
3589 5354 3849 5424 λυπηροῖς
3879 5374 3982 5409 τοι·

2427 5443 2605 5506 ούτοις
2636 5446 3066 5513 περιεπίπτομεν
3092 5486 3108 5510 ,
3137 5446 3273 5500 ἀλλὰ
3320 5446 3415 5499 νῦν
3444 5448 3566 5499 ἐπεὶ
3609 5448 3980 5518 προσήλθομεν

2426 5536 2705 5591 δουλεῦσαι
2759 5537 2898 5607 Θεῷ,
2942 5541 3066 5602 τοὺς
3108 5539 3473 5606 πολυτρόπους
3524 5540 3743 5604 τούτους
3796 5560 3982 5613 πειρα-
