4254 6358
286 370 393 438 θιο

1315 385 1544 449 LIBER
1581 385 1679 449 DE
1720 385 2145 448 LIBERTATE
2182 384 2489 447 MENTIS.

3433 381 3540 443 950

299 493 469 562 εμοὺς
515 491 901 567 ύπομένομενς
949 499 1111 572 Ὀρᾷς
1165 500 1247 555 δτι
1291 501 1378 556 διὰ
1412 501 1503 554 τὸν
1549 499 1782 569 Χριστὸν
1816 500 1873 552 αι
1902 506 1979 568 Δ]

1862 500 1946 557 lA
1976 500 2244 568 patimur?
2270 498 2424 552 vides
2470 503 2695 566 prepter
2722 493 2999 550 Christum
3042 492 3142 548 has
3185 491 3242 547 in
3292 507 3392 547 nos
3438 494 3542 547 im-

300 591 529 659 θλίψεις,
552 590 877 659 φθονοῦντος
912 594 1043 662 ἡμῖν
1073 591 1167 646 τοῦ
1205 592 1580 661 ἀντικειμένου
1634 591 1737 659 τῆς
1766 591 1875 642 τῶν

298 682 676 751 ἐλπιζομένων
728 682 1158 743 ἀνταποδόσεως,
1200 680 1469 750 χαύνωσίν
1496 698 1555 735 τε
1588 681 1679 740 καὶ
1704 679 1874 749 ρᾳθυ-

302 773 435 838 μίαν
484 772 735 825 ἔνθίσθαι
788 774 910 835 ταῖς
957 770 1256 843 ἡμετέραις
1303 770 1625 841 βουλομένου
1652 770 1873 840 ψυχαῐς,

307 867 396 917 ἱνα
449 864 525 935 μὴ
578 864 886 935 εὐαρέστως
943 863 1208 936 ζήσαντες
1262 862 1469 917 τούτων
1531 862 1872 933 ἀξιωθῶμεν.

300 958 481 1008 Πᾶσαι
512 958 567 1008 αί
606 955 729 1009 καθ’
759 956 915 1026 ἡμῶν
972 955 1181 1009 ἐκείνου
1241 955 1477 1026 μηχαναὶ
1530 952 1744 1007 λύονται
1806 954 1873 1023 τῇ

295 1045 396 1098 τοῦ
454 1045 691 1116 Χριστοῦ
748 1046 1065 1117 συμμαχίᾳο
1124 1047 1216 1099 καὶ
1294 1046 1386 1098 τὸν
1456 1042 1875 1115 ύπερασπιστὴν

297 1136 464 1207 ἡμῶν
493 1138 592 1191 καὶ
617 1138 932 1206 ύπέρμαχον
961 1138 1189 1200 ἐκεῖνον,
1220 1133 1635 1204 ἐνθυμηθῶμεν,
1666 1133 1747 1185 ὃτι
1780 1130 1876 1184 καὶ

305 1229 473 1291 αὐτὸς
524 1228 616 1281 τδν
667 1227 839 1281 αίῶνα
891 1227 1079 1279 τοῦτον
1107 1227 1254 1279 οὕτω
1283 1226 1588 1288 διώδευσεν,
1616 1220 1874 1285 ὀνειδιζό-

303 1335 490 1387 μενος,
524 1319 872 1386 διωκόμενος,
906 1318 1339 1387 ὲμπαιζόμενος,
1372 1316 1523 1379 τέλος
1560 1315 1658 1370 καὶ
1692 1315 1876 1385 ἀτίμῳ

302 1411 520 1480 θανάτῳ
543 1409 632 1462 διὰ
660 1410 892 1480 σταυροῦ
922 1408 1310 1479 τιλειούμενος.

376 1585 475 1642 IZ'.
514 1587 686 1658 Εῐπερ
723 1588 1044 1657 βουλοίμεθα
1104 1588 1282 1657 θλίψιν
1329 1589 1548 1642 ἃπασαν
1602 1588 1695 1642 καὶ
1749 1590 1875 1651 τοὺς

306 1681 649 1748 πειρασμοῦς
690 1680 982 1747 ὑπομένειν
1017 1680 1229 1749 ῥᾳδίως,
1252 1682 1280 1732 ὁ
1309 1680 1396 1732 διὰ
1446 1681 1678 1750 Χριστὸν
1710 1680 1876 1733 θάνα-

304 1785 399 1831 τος
445 1770 780 1839 ὲπιθυμητδς
832 1771 962 1838 ἡμῖν
1008 1770 1165 1833 ἔστω,
1200 1771 1293 1822 καὶ
1322 1771 1425 1839 πρὸ
1455 1770 1717 1840 ὀμμάτων
1759 1771 1875 1823 δια-

314 1861 537 1922 παντός.
589 1858 839 1913 Τοιοῦτον
868 1860 976 1927 γὰρ
1006 1862 1135 1929 ἡμῖν
1165 1861 1255 1912 καὶ
1277 1861 1577 1930 ὶπίταγμα,
1597 1861 1688 1914 τὸν
1707 1879 1872 1916 σταυ-

308 1953 402 2022 ρὸν
432 1952 684 2019 αἴροντας
714 1952 863 2019 αύτῴ
894 1951 1205 2004 ἀκολουθεῖν
1226 1968 1240 1980 ⁸
1287 1954 1425 2021 ὅπερ
1473 1954 1640 2017 ἐστὶν,
1684 1954 1874 2022 εύτρε⁴

304 2045 431 2106 πεϊς
455 2040 593 2097 εἶναι
638 2044 732 2094 καὶ
766 2044 1011 2111 ἑτοίμους
1041 2043 1176 2110 πρὸς
1213 2043 1275 2094 τὸ
1312 2044 1621 2098 ἀποθανεῖν.
1658 2045 1755 2096 “Av
1782 2043 1873 2097 οῦ-

302 2150 384 2185 τω
421 2131 859 2203 δια[τε]θειμὲνοι
891 2127 1061 2201 ῶμεν,
1091 2133 1293 2197 πᾶσαν,
1329 2133 1403 2195 ῶς
1433 2136 1671 2203 εἴρηται,
1698 2135 1875 2205 θλίψιν

305 2224 485 2292 ἀφανῆ
520 2240 580 2275 τε
601 2224 694 2275 καὶ
716 2224 879 2292 δήλην
902 2225 1043 2278 κατά
1069 2226 1203 2278 πολὺ
1229 2225 1290 2279 τὸ
1312 2228 1439 2297 ῥᾷον
1475 2227 1871 2299 ὑπομενοῦμεν.

322 2313 381 2365 '0
426 2313 534 2381 γὰρ
574 2313 669 2365 καὶ
721 2315 1013 2367 ἀποθανεῖν
1058 2315 1198 2385 ὑπὲρ
1228 2315 1464 2385 Χριστοῦ
1492 2318 1559 2369 δι’
1582 2318 1875 2388 ἐπιθυμίας

308 2404 469 2473 ἔχων,
499 2406 660 2474 σχολῇ
688 2405 739 2471 γ’
768 2406 835 2458 ἂν
866 2405 999 2473 πρὸς
1028 2406 1096 2459 τὰ
1129 2408 1362 2459 ιπίπονα
1393 2409 1486 2461 καὶ
1525 2410 1744 2481 λυπηρά
1785 2411 1877 2464 δυ-

308 2496 587 2564 σχεράναι.
638 2496 791 2565 Παρά
840 2495 997 2548 τοῦτο
1042 2496 1145 2566 γὰρ
1199 2498 1293 2550 καὶ
1342 2499 1561 2571 βαρείας
1593 2497 1731 2554 εἶναι
1779 2502 1877 2564 τὰς

307 2586 517 2655 θλίψεις
555 2588 857 2658 ἡγούμεθα,
888 2590 1039 2659 παρὰ
1069 2590 1130 2641 τὸ
1186 2590 1261 2661 μὴ
1315 2591 1406 2644 τὸν
1462 2592 1599 2662 ὑπὲρ
1644 2592 1877 2661 Χριστὸν

310 2678 540 2729 θάνατον
594 2675 932 2746 καταθύμιον
988 2678 1154 2746 ἔχειν,
1189 2680 1324 2749 μηδὲ
1379 2680 1610 2734 πάντοτε.
1654 2680 1876 2751 Χριστῷ

307 2768 409 2836 τὴν
451 2767 692 2820 διάνοιαν
727 2768 989 2839 ἀναρτᾷν.
1030 2768 1087 2821 Ὀ
1127 2769 1183 2822 δὲ
1238 2772 1444 2823 ἐκεῖνον
1472 2771 1876 2842 κληρονομῆσαι

310 2858 622 2927 ἐπιθυμῶν,
656 2858 748 2910 καὶ
783 2860 851 2911 τά
881 2859 1047 2913 αὑτοῦ
1075 2861 1221 2931 πάθη
1257 2859 1477 2931 ζηλοῦν,
1505 2863 1708 2932 ὁμοίως
1758 2866 1875 2916 tm-

309 2949 575 3016 θυμείτω.
602 2948 762 3001 Ὥστε
804 2950 854 3001 οἱ
901 2951 991 3002 τὸν
1023 2950 1229 3022 Κύριον
1277 2953 1498 3023 ἀγαπᾷν
1540 2953 1789 3021 λέγοντες
1818 2956 1877 3007 ἐν

306 3038 485 3109 τούτῳ
514 3040 738 3110 φανεροὶ
784 3042 1046 3108 γίνονται,
1080 3043 1140 3096 ιν
1167 3043 1247 3113 τῷ
1294 3046 1474 3097 πᾶσαν
1517 3044 1695 3113 θλίψιν
1720 3049 1879 3117 ἕπερ-

1978 593 2118 646 mitti
2151 592 2471 645 amictiones
2493 590 2559 643 ab
2582 589 2896 643 adversario
2920 587 3197 642 invidente
3227 588 3386 641 nobis
3421 602 3546 657 spe-

1977 693 2121 739 ratas
2162 683 2571 745 retributiones,
2606 684 3033 751 languorcmque
3066 695 3129 733 ac
3162 680 3426 733 desidiam
3460 678 3544 732 in-

1971 778 2140 849 jicere
2172 775 2459 830 animabus
2499 774 2704 827 nostris
2732 773 3006 835 studente,
3044 788 3111 825 ne
3144 772 3209 825 ad
3242 772 3335 825 Dei
3374 771 3543 825 bene-

1974 866 2233 937 placitum
2262 864 2372 919 vita
2418 869 2711 926 transacta,
2763 861 3045 931 promissis
3094 858 3334 930 prmmiis
3371 859 3540 914 done-

1976 976 2119 1014 mur.
2145 957 2345 1012 Omnes
2382 956 2500 1026 ejus
2528 964 2716 1009 contra
2753 968 2854 1007 nos
2899 955 3064 1008 irrita!
3109 953 3245 1006 liunt
3276 951 3543 1005 machinas

1974 1050 2134 1105 nobis
2162 1062 2285 1102 eum
2317 1046 2536 1102 Christo
2560 1044 2945 1115 pugnantibus.
2980 1043 3079 1097 llic
3111 1044 3257 1097 enim
3290 1059 3539 1113 magnus,

1975 1142 2066 1197 hic
2093 1139 2329 1195 invictus
2368 1137 2528 1190 nobis
2556 1143 2832 1205 protector
2860 1145 2916 1189 et
2942 1144 3313 1204 propugnator
3347 1142 3543 1202 praesto

1972 1239 2078 1288 est.
2133 1230 2471 1297 Reputemus
2521 1226 2740 1288 animo,
2788 1225 2964 1293 ipsum
3021 1238 3290 1292 quoque,
3324 1224 3543 1291 quando

1974 1318 2327 1392 pertransivit
2373 1318 2477 1372 hoc
2521 1317 2818 1378 saculum',
2864 1314 3175 1384 Opprobriis
3220 1324 3541 1373 oneratum,

1978 1412 2373 1480 impugnatum,
2412 1406 2656 1468 irrisum,
2693 1404 2931 1473 denique
2966 1404 3325 1473 ignominiosa
3368 1413 3542 1456 morte

1974 1518 2074 1573 per
2098 1515 2314 1555 crucem
2348 1505 2782 1554 consummatum
2807 1511 2946 1549 8888.

2045 1592 2206 1646 XVII.
2239 1590 2296 1644 Si
2326 1588 2663 1642 voluerimus
2696 1601 2912 1639 omnem
2957 1584 3301 1638 amictionem
3336 1593 3392 1639 et
3425 1594 3546 1637 teu—

1975 1682 2208 1736 tationes
2249 1679 2519 1735 sustinere
2566 1678 2744 1741 facile,
2791 1691 2937 1730 mors
2988 1686 3213 1744 propter
3261 1676 3541 1729 Christum

1976 1780 2194 1841 optetur
2228 1784 2258 1823 a
2297 1769 2476 1832 nobis,
2502 1776 2558 1821 et
2587 1768 2631 1821 is
2659 1783 2855 1835 scopus
2881 1767 2988 1818 voti
3025 1767 3194 1819 nostri
3224 1767 3545 1819 obversetur

1974 1872 2240 1933 perpetuo
2269 1860 2469 1915 mentis
2510 1867 2708 1913 nostra:
2737 1858 2929 1912 oculis.
2959 1858 3016 1911 ld
3051 1858 3250 1925 quippe
3281 1865 3362 1909 est
3388 1856 3544 1909 nobis

1974 1959 2328 2020 prteceptum,
2365 1958 2425 2002 ut
2456 1950 2711 2003 tollamus
2737 1963 2955 2002 crucem
2996 1958 3233 2001 nostram
3266 1957 3319 2000 et
3346 1962 3542 2016 sequa-

1976 2056 2105 2107 mur_
2131 2040 2341 2109 ipsum;
2388 2038 2532 2106 quod
2580 2038 2869 2107 significat,
2904 2047 3120 2108 paratos
3154 2054 3253 2092 nos
3288 2054 3405 2091 esse
3452 2038 3548 2092 de—

1975 2131 2107 2185 bere
2150 2130 2223 2184 ad
2269 2128 2633 2183 moriendum.
2682 2128 2738 2183 Si
2784 2128 2865 2183 sic
2916 2128 3094 2183 affecti
3148 2128 3546 2198 praeparatique

1974 2225 2158 2278 animo
2192 2223 2477 2287 fuerimus,
2510 2236 2748 2286 omnem,
2797 2232 2858 2276 ut
2897 2222 3101 2275 dictum
3145 2231 3251 2284 est,
3302 2222 3548 2276 alllictio-

1975 2330 2099 2371 nem
2132 2316 2403 2369 internam
2428 2321 2483 2369 et
2512 2322 2861 2383 apparentem
2908 2312 3168 2367 facilitate
3206 2312 3548 2381 perferemus

1975 2422 2190 2477 magna.
2218 2406 2353 2460 Mori
2379 2406 2524 2460 enim
2556 2405 2744 2473 utique
2772 2418 2873 2473 pro
2900 2402 3118 2458 Christo
3150 2406 3399 2472 cupiens,
3427 2420 3549 2473 qua:

1978 2499 2198 2552 tandem
2224 2511 2365 2566 aegre
2392 2496 2539 2549 ferre
2566 2496 2791 2549 adversa
2820 2496 2904 2549 vel
2948 2495 3174 2550 molesta
3213 2493 3448 2563 poterit?
3477 2494 3548 2548 oh

1975 2588 2080 2643 hoc
2116 2588 2293 2657 ipsum
2337 2585 2484 2641 enim
2528 2602 2725 2655 graves
2755 2602 2876 2641 esse
2918 2594 3176 2655 putamus
3205 2585 3546 2646 alliictiones.

1976 2678 2103 2747 quia
2135 2677 2294 2731 nobis
2338 2691 2449 2730 non
2494 2675 2674 2745 placet
2716 2690 2815 2744 pro
2841 2674 3060 2731 Christo
3103 2674 3263 2735 mori.
3295 2689 3397 2728 nec
3425 2688 3550 2741 spes

1976 2785 2040 2824 ac
2090 2770 2330 2823 rationes
2374 2776 2589 2822 nostras
2632 2782 2701 2821 ex
2742 2781 2810 2821 eo
2853 2768 3053 2821 ducere
3101 2780 3415 2835 suspensas.
3444 2764 3549 2830 Qui

1976 2874 2110 2914 vero
2135 2859 2413 2915 Christum
2438 2856 2743 2927 possidere,
2770 2864 2828 2911 et
2852 2866 2962 2911 tam
2990 2856 3227 2925 opimam
3259 2854 3551 2910 haeredita-

1979 2960 2087 3006 tem
2123 2948 2402 3005 desiderat
2430 2962 2680 3012 cernere,
2710 2948 2835 3017 ejus
2858 2962 3079 3015 quoque
3113 2946 3312 3001 imitari
3341 2944 3552 3014 passio-

1978 3056 2078 3095 nes
2134 3040 2385 3095 similiter
2435 3038 2808 3108 concupiscat.
2856 3037 3037 3103 Quare
3095 3037 3191 3106 qui
3240 3050 3300 3090 se
3360 3036 3554 3089 dicunt

308 3128 547 3197 χομένην
581 3130 644 3182 ού
679 3131 939 3197 γενναίως
964 3133 1145 3200 μόνον,
1178 3132 1318 3188 ἀλλά
1347 3134 1442 3189 καὶ
1469 3136 1766 3209 προθύμως
1790 3138 1877 3191 διά
1903 3154 1943 3209 C
1977 3147 1988 3185 ε

1871 3157 1877 3191 ι
1903 3154 1943 3209 C
1977 3146 2161 3185 amare
2190 3129 2503 3193 Dominum,
2533 3128 2590 3182 in
2619 3142 2691 3202 eq
2723 3127 3199 3190 demonstrabunt,
3233 3141 3302 3180 an
3336 3141 3466 3180 vere
3498 3124 3551 3179 id

308 3218 409 3287 τὴν
428 3219 509 3281 είς
535 3219 696 3272 αὐτὸν
725 3220 910 3290 φέρειν
929 3222 1141 3277 ἑλπίδα.

384 3475 492 3529 l'H'.
522 3474 641 3546 Χρὴ
680 3474 942 3549 πρότερον
966 3473 1062 3529 τὸν·
1082 3473 1159 3545 τῷ
1177 3474 1394 3547 Χριστῷ
1420 3474 1877 3548 προσεληλυθότα,

312 3572 409 3622 καὶ
442 3570 580 3635 πρὸς
633 3568 752 3636 βίαν
806 3570 942 3637 πρὸς
990 3568 1052 3620 τὸ
1101 3568 1304 3635 ἀγαθὸν
1332 3569 1510 3621 ἕλκειν
1543 3571 1755 3633 ἑαυτὸν,
1781 3571 1881 3623 οὐκ

313 3658 604 3727 ιθελούσης
651 3660 805 3728 ὴμῶν
828 3660 925 3727 τῆς
978 3660 1234 3728 καρδίας·
1258 3660 1519 3719 Βιάζεται
1547 3660 1675 3729 γὰρ,
1716 3662 1879 3730 φησὶν

310 3754 341 3805 ὸ
369 3750 603 3820 ἀψευδὴς
632 3750 855 3819 Κύριος,
907 3750 944 3816 ἡ
973 3751 1261 3813 ,βασιλεία
1291 3751 1410 3803 τῶν
1443 3751 1733 3817 οὐρανῶν,
1780 3751 1877 3804 καὶ

308 3841 564 3908 βιασταὶ
614 3840 983 3907 ἁρπάζουσιν
1034 3841 1261 3906 αὐτήν-⁸
1298 3842 1658 3907 ἀγωνίζεσθαι
1718 3843 1881 3896 πάλιν

315 3933 479 3987 αὑτὸν
509 3931 771 3984 είσελθείν
817 3932 905 3984 διὰ
950 3935 1049 3999 τῆς
1083 3932 1273 3999 στενῆς
1304 3930 1495 4001 θύρας.
1528 3934 1571 3984 Χ
1584 3934 1647 4001 ρὴ
1675 3934 1878 3995 τοίνυν,

313 4025 390 4086 ὡς
420 4024 652 4092 εἴρηται,
711 4023 804 4074 καὶ
843 4023 981 4074 κατά
1015 4023 1075 4074 τὸ
1134 4022 1432 4093 ἀϐούλητον
1491 4025 1723 4085 ἑαυτοὺς.
1747 4027 1878 4094 πρὸς

312 4114 413 4183 τὴν
440 4114 641 4183 ἀρετὴν
675 4111 958 4176 συνωθεῖν,
985 4113 1119 4178 πρὸς
1148 4113 1366 4181 ἀγάπην
1396 4112 1471 4182 μὴ
1505 4114 1722 4180 ἔχοντας
1751 4116 1883 4180 ἀγά-

314 4221 445 4274 πην,
476 4204 610 4272 πρὸς
646 4204 932 4273 πραότητα
973 4203 1175 4272 ταύτης
1208 4204 1367 4265 ὄντας
1411 4205 1469 4255 ἐν
1496 4205 1717 4274 ἀπορίᾳ,
1749 4206 1883 4274 πρὸς

314 4293 380 4346 τδ
407 4294 691 4363 συμπαθὲς
731 4294 822 4346 καὶ
868 4293 1250 4361 φιλάνθρωπόν
1297 4293 1396 4362 τὴν
1450 4296 1677 4366 καρδίαν
1712 4296 1879 4365 ἔχειν,

315 4384 455 4453 πρὸς
482 4385 543 4435 τὸ
596 4382 885 4451 ἀνέχεσθαι
940 4384 1160 4452 ἀτιμίας
1214 4386 1307 4437 καὶ
1356 4386 1735 4454 παροράσεως,
1790 4385 1883 4438 καὶ

1974 3220 2267 3283 ailirment,
2304 3220 2351 3273 si
2384 3233 2602 3273 omnem
2637 3218 2771 3287 ipsis
2798 3217 3275 3287 supervenientem
3298 3215 3551 3271 atllictio-

1974 3325 2101 3365 nem
2151 3325 2260 3364 non
2314 3323 2578 3380 generose
2623 3306 2818 3372 modo,
2867 3306 2963 3362 sed
3010 3307 3249 3363 libenter
3297 3307 3464 3363 etiam
3496 3313 3555 3361 et

1976 3409 2245 3462 amanter,
2277 3397 2349 3451 ob
2380 3412 2535 3467 spem
2568 3396 2622 3450 in
2663 3398 2782 3466 ipso
2814 3397 3067 3466 positam,
3111 3396 3412 3465 perferant.

2049 3489 2237 3548 XVill.
2273 3490 2434 3553 Eum,
2475 3490 2569 3559 qui
2616 3488 2685 3543 ad
2731 3487 3009 3544 Christum
3058 3488 3309 3549 accessit.
3336 3493 3556 3555 Oportet

1977 3592 2103 3636 ante
2147 3581 2352 3646 omnia,
2396 3582 2561 3635 etiam
2606 3595 2704 3649 per
2734 3580 2842 3633 vim
2886 3579 2954 3633 ad
2998 3580 3204 3633 bonum
3250 3580 3466 3633 trahere
3495 3594 3561 3633 se

1978 3673 2178 3739 ipsum,
2209 3669 2460 3737 quamvis
2494 3668 2799 3722 reluCtante
2832 3675 3024 3721 nostro
3051 3667 3238 3721 corde.
3271 3666 3385 3721 Vim
3413 3669 3555 3721 enim

1978 3764 2180 3832 patitur
2205 3760 2364 3830 215
2392 3760 2490 3829 (ait
2518 3760 2739 3813 mentiri
2772 3761 2991 3814 nescius
3017 3758 3302 3829 Dominus)
3332 3775 3555 3828 regnum

1979 3850 2248 3912 caelorum,
2286 3859 2334 3902 et
2375 3848 2587 3901 violenti
2624 3850 2843 3917 rapiunt
2884 3848 3020 3902 illud
3051 3850 3120 3902 ".
3157 3850 3308 3918 Opus
3336 3863 3555 3917 quoque

1978 3949 2064 3995 est
2090 3940 2343 3995 eumdem
2372 3939 2707 3995 contendere
2741 3941 2943 3996 intrare
2978 3955 3077 4011 per
3109 3948 3393 4009 angustam
3428 3953 3554 4008 por-

1981 4040 2112 4085 tam.
2144 4030 2371 4099 Oportet
2405 4030 2591 4099 igitur,
2623 4030 2923 4085 ut'dietum
2959 4038 3065 4093 est,
3109 4030 3257 4099 ipsos
3286 4029 3370 4083 vel
3414 4028 3556 4082 invi-

1983 4127 2067 4173 tos
2114 4120 2335 4189 adigere
2384 4134 2443 4173 se
2494 4120 2562 4173 ad
2611 4119 2906 4184 virtutem;
2958 4119 3027 4173 ad
3070 4118 3417 4180 charitatem,
3458 4117 3551 4186 qui

1983 4209 2246 4263 charitate
2280 4217 2498 4274 carent;
2546 4210 2613 4263 ad
2659 4209 3159 4273 mansuetudinem,
3189 4208 3284 4278 qui
3316 4208 3419 4261 hac
3466 4207 3552 4260 in-

1982 4301 2205 4370 digent;
2258 4300 2325 4353 ad
2372 4300 2683 4353 habendum
2724 4316 2819 4354 cor
2874 4300 3172 4353 humanum
3216 4308 3273 4354 et
3319 4298 3563 4353 miseriis.

1982 4390 2177 4445 alienis
2230 4391 2597 4458 eompatiens,
2655 4391 2786 4459 quin
2847 4390 3011 4445 etiam
3070 4390 3138 4445 ad
3206 4390 3554 4444 sustinendus

312 4478 426 4538 τοῖς
455 4474 891 4542 ὲξουθενημένοις
916 4475 1269 4544 ἐγκαρτερεῖν
1290 4491 1302 4504 ·
1328 4475 1481 4529 οὔπω
1496 4476 1696 4546 ταύτην
1721 4479 1882 4546 ὲοχη-
1916 4480 1958 4533 D
1984 4501 1992 4537 ε

1916 4480 1958 4533 D
1984 4497 2142 4551 aquo
2190 4481 2373 4534 animo
2412 4482 2734 4551 ignominias
2782 4490 2838 4536 et
2883 4482 3195 4551 despectus,
3229 4492 3284 4536 et
3323 4481 3376 4534 in
3423 4495 3562 4550 pace

328 4568 493 4629 κὸτας
520 4566 619 4636 τὴν
667 4567 781 4630 ἒξιν
811 4567 946 4635 πρὸς
976 4566 1157 4636 εὐχὴν,
1188 4569 1352 4635 μήπω
1383 4570 1695 4636 Πνεύματος
1728 4568 1890 4639 εὐχὴν

314 4659 701 4727 κεκτημένους.
730 4660 825 4710 "Av
843 4658 1012 4721 οὕτως
1038 4658 1509 4727 ἀγωνιζομένουςδ
1527 4660 1657 4718 Θεὸς
1680 4660 1781 4732 ἴδῃ,
1800 4661 1892 4712 καὶ

314 4747 625 4813 ἀναγκαίως
651 4748 894 4810 ἑαυτοὺς,
929 4748 1393 4819 ἀντιπραττούσης
1410 4747 1595 4819 ὥσπερ
1623 4753 1654 4820 ἡ
1665 4752 1780 4819 μῶν
1797 4752 1891 4820 τῆς

314 4838 565 4908 καρδίας,
587 4838 720 4907 πρὸς
745 4838 804 4890 τὸ
824 4838 1025 4906 ἀγαθὸν
1046 4839 1324 4901 ἕλκοντας,
1344 4840 1555 4892 δίδωσιν
1580 4841 1745 4910 εὐχὴν
1762 4842 1892 4911 ἀλη-

314 4928 489 4995 θινὴν,
512 4928 689 4980 δίδωσι
712 4929 993 4998 σπλάγχνα
1020 4929 1338 4999 οἰκτιρμῶν,
1363 4931 1655 5000 ὑπομονὴν,
1681 4950 1888 5002 μακρο-

300 5016 535 5086 θυμίαν,
595 5018 688 5070 καὶ
748 5017 1081 5083 ἁπαξαπλῶς
1134 5021 1331 5090 πληροῖ
1369 5021 1750 5091 πάντωνὴμᾱς
1780 5022 1888 5074 τῶν

313 5107 541 5177 καρπῶν
568 5108 661 5160 τοῦ
696 5109 1029 5179 [Ῑνεύματος.
1046 5112 1106 5162 Εί
1137 5110 1191 5163 δέ
1216 5128 1297 5173 τις
1332 5112 1548 5165 καὶτῶν
1569 5112 1742 5167 ἄλλων
1763 5115 1889 5182 ἀρε-

313 5198 429 5249 τῶν
463 5197 680 5268 ιπιδεὴς
709 5198 805 5262 ῶν,
836 5200 970 5267 πρὸς
1002 5201 1101 5269 μὶν
1148 5201 1309 5269 εὐχὴν
1355 5202 1522 5272 μόνην
1547 5206 1595 5255 εί
1622 5204 1770 5272 τύχοι
1795 5206 1887 5258 καὶ

320 5288 711 5357 παραϐιάζοιτο
729 5290 941 5356 ἑαυτὸν,
968 5290 1106 5343 ῶστε
1127 5294 1274 5359 σχεῖν
1292 5292 1454 5361 εὐχῆς
1472 5292 1735 5361 χάρισμα,
1752 5295 1886 5363 πρὸς

316 5378 375 5432 δέ
406 5394 469 5446 γε
512 5379 817 5449 πραότητα,
847 5381 984 5451 πρὸς
1013 5382 1504 5451 ταπεινοφροσύνην
1531 5400 1588 5434 τε
1630 5385 1722 5435 καὶ
1748 5384 1884 5449 ἀγά-

318 5488 451 5541 πην,
498 5474 591 5525 καὶ
641 5475 749 5525 πᾶν
793 5472 853 5525 τὸ
898 5474 1115 5542 εὐγενὲς
1165 5472 1329 5542 φῦλον
1356 5474 1461 5526 τῶν
1492 5474 1719 5543 ἀρετῶν.
1761 5477 1880 5528 Ἔτι

314 5566 408 5617 καὶ
435 5564 569 5636 πρὸς
603 5565 664 5619 τὸ
690 5564 906 5635 βέϐαιον
931 5562 1071 5622 εἶναι
1100 5567 1198 5638 τὴν
1223 5567 1405 5621 πίστιν
1433 5567 1526 5620 καὶ
1553 5567 1651 5638 τὴν
1685 5568 1876 5620 πεποί-

388 5742 431 5772 ⁸⁶
476 5739 660 5795 Matlh.
706 5759 776 5807 an,
816 5746 894 5799 ιε.

1988 4571 2295 4627 durandum
2332 4572 2497 4625 etiam
2530 4588 2655 4625 cum
2687 4572 3064 4641 vilipenditur.
3097 4573 3246 4639 Quos
3286 4573 3367 4628 sic
3400 4571 3553 4626 labo-

1988 4668 2133 4720 riose
2179 4673 2453 4719 certantes
2516 4666 2657 4718 Deus
2702 4666 2934 4730 viderit,
2986 4668 3448 4737 subjugantesque
3499 4676 3559 4719 ut

1987 4758 2157 4810 multa
2191 4755 2545 4809 rebellantem
2573 4756 2844 4810 inutiliter
2870 4765 3143 4823 naturam,
3171 4770 3224 4812 et
3245 4757 3559 4827 frangentes

1988 4847 2388 4901 contumaciam
2433 4847 2617 4901 cordis
2671 4849 2812 4903 trahi
2860 4850 2929 4906 ad
2979 4851 3183 4905 bonum
3231 4851 3555 4915 recusantis,

1984 4952 2080 4991 eos
2113 4937 2215 4991 etsi
2244 4936 2489 4991 nondum
2538 4939 2775 4993 orationi
2808 4942 3183 5006 assueverint;
3218 4950 3274 4994 et
3312 4940 3555 4994 nondum

1983 5025 2241 5096 precandi
2275 5026 2477 5080 donum
2516 5027 2752 5096 Spiritus
2793 5028 2975 5098 adepti
3023 5030 3259 5095 fuerint;
3315 5030 3421 5084 illis
3467 5030 3559 5083 dat

1986 5121 2291 5175 orationem
2312 5135 2521 5184 veram,
2545 5120 2639 5175 dat
2665 5122 2875 5177 viscera
2902 5123 3309 5189 misericordia,
3341 5125 3525 5195 patien
3543 5155 3557 5165 -

1983 5211 2136 5273 tiam,
2185 5210 2673 5279 longanimitatem,
2714 5223 2792 5279 et,
2822 5222 2881 5267 ut
2920 5215 3087 5270 semel
3137 5215 3335 5279 dicam,
3386 5217 3560 5285 replet

1991 5313 2091 5351 nos
2116 5299 2371 5353 omnibus
2403 5298 2674 5354 fructibus
2720 5301 2975 5371 Spiritus.
3019 5302 3074 5358 Si
3106 5318 3239 5359 vero
3268 5304 3392 5374 quis
3421 5305 3556 5359 alia-

1991 5405 2110 5443 rnm
2142 5390 2363 5458 quidem
2395 5406 2563 5459 egens
2588 5393 2852 5447 virtutum
2898 5394 3004 5459 sit;
3042 5395 3108 5449 ad
3142 5395 3443 5450 orationem
3477 5405 3558 5449 ta-

1988 5495 2110 5532 men
2141 5481 2308 5533 solam
2351 5482 2527 5551 ipsum
2557 5484 2856 5553 contingat,
2877 5484 2930 5538 vi
2960 5486 3125 5539 etiam
3155 5486 3260 5541 sibi
3290 5486 3433 5540 facta
3469 5487 3557 5540 in-

1982 5570 2277 5638 cumbere;
2312 5572 2383 5627 ita
2411 5580 2472 5627 ut
2496 5573 2698 5628 donum
2730 5576 2998 5631 orationis
3019 5575 3241 5648 aliquod
3270 5584 3556 5633 assecutus
