4254 6358
750 378 846 446 951
1971 386 2027 443 8-
2072 386 2391 449 MACARII
2432 387 2754 448 AEGYPTII
3898 385 3997 447 953

752 495 857 559 sit;
890 493 955 550 ad
1005 494 1297 562 parandam
1332 505 1515 549 autem
1558 496 2059 559 mansuetudinem,
2097 500 2319 553 humili-
2353 509 2395 562 Α
2425 505 2432 551 1

2318 532 2319 535 η
2353 509 2395 562 Α
2425 503 2581 573 θησιν
2634 505 2713 565 εἰς
2756 504 2848 557 τὸν
2899 502 3153 574 Χριστὸν,
3193 502 3474 572 ὀλιγώρως
3500 500 3631 570 ἔχει
3679 499 3772 551 καὶ
3808 498 3998 567 ἀμερί-

754 594 938 644 tatem.
981 586 1324 651 charitatem,
1371 598 1427 641 et
1466 596 1632 641 totam
1680 588 1945 641 illustrem
1984 589 2127 641 illam
2164 591 2321 644 fami-
2425 613 2434 664 1

2320 621 2321 628 ι
2425 613 2601 664 μνωςυ
2634 595 2713 665 τῷ
2751 597 2977 665 τοιούτῳ
3008 597 3177 649 ἐνίοτε
3230 596 3330 665 μέν
3380 594 3511 663 εὐχὴ
3544 593 3745 645 δίδοται
3780 592 4000 660 χάριτος

754 676 881 727 liam
906 675 1202 741 virtutum;
1229 687 1602 747 prtetereaque
1632 679 1697 731 ad
1729 678 1935 732 ﬁrmant
1972 682 2319 737 obtinendam
2427 688 2434 737 i

2427 688 2492 739 ἐκ
2530 687 2730 757 μέρους
2770 690 2826 739 ἐν
2856 689 3164 757 εὐφροσύνη
3200 688 3292 739 καί
3341 685 3667 745 ἀναπαύσει,
3698 682 3819 735 κατ’
3862 682 4001 732 ἐκεί-

756 769 916 823 ﬁdem
974 768 1336 839 fiduciamque
1388 771 1441 824 in
1483 771 1783 836 Christum,
1832 774 2092 827 remissus
2139 775 2208 828 sit
2258 790 2322 829 ac
2422 796 2436 829 η

2422 796 2513 830 νου
2566 780 2790 849 ζήτησιν
2828 780 2978 848 παρᾶ
3012 779 3103 831 τοῦ
3141 779 3347 845 ἀγαθοῦ
3400 777 3717 843 Πνεύματος
3744 791 3757 803 ·
3793 774 4002 840 ἕρημος

754 861 1063 931 negligens;
1111 863 1202 915 tali
1254 863 1552 931 aliquando
1601 864 1763 917 datur
1792 864 1965 917 oratio
1997 864 2086 917 illa
2136 867 2321 934 gratia:
2421 872 2434 925 ε

2421 872 2476 925 δέ
2506 872 2613 923 τῶν
2645 872 2818 925 ἀλλων
2851 874 3067 923 πάντων
3102 872 3253 939 μένει
3289 869 3493 929 καλῶν,
3525 867 3604 935 τῷ
3637 868 3710 934 μὴ
3741 865 3880 930 πρὸς
3911 866 4003 929 τὴν

753 968 820 1005 ex
858 961 1009 1021 parte
1061 953 1115 1005 in
1164 952 1362 1019 gaudio
1404 962 1458 1008 et
1496 956 1702 1022 quiete,
1731 955 1882 1022 juxta
1924 956 2069 1009 illius
2107 956 2323 1010 deside-
2423 962 2433 1013 ἰ

2423 962 2648 1013 ἐκείνων
2671 963 2860 1029 κτῆσιν
2882 960 3284 1014 ἀποσιάσασθαι
3306 958 3518 1021 ἐαυτὸν,
3547 956 3736 1023 ῶσπερ
3764 954 4002 1021 εἴρηται,

755 1044 895 1095 rium
924 1059 952 1095 a
976 1043 1120 1096 bono
1155 1042 1400 1112 Spiritu;
1431 1046 1523 1098 sed
1555 1046 1786 1098 aliorum
1818 1046 1960 1099 idem
1990 1063 2185 1116 expers
2212 1064 2323 1102 ma-
2428 1071 2435 1123 1

2428 1053 2561 1123 μηδὲ
2590 1052 2853 1121 δεηθῆναι
2891 1053 3144 1122 Χριστόν.
3178 1052 3299 1121 Χρὴ
3330 1050 3438 1118 γὰρ
3474 1048 3549 1118 μὴ
3580 1046 3714 1114 πρὸς
3745 1047 3813 1097 τά
3851 1047 4005 1112 εξρτπ

755 1141 848 1187 net
877 1134 1117 1188 omnium
1151 1134 1455 1201 bonorum;
1487 1152 1552 1191 eo
1577 1138 1721 1206 quod
1764 1138 1831 1192 ad
1879 1154 2069 1193 eorum
2103 1156 2321 1209 quoque
2427 1161 2435 1213 1

2427 1142 2563 1213 μένα
2599 1142 2757 1211 μόνον
2804 1143 2993 1196 ἑαυτὸν
3032 1140 3126 1193 καὶ
3156 1142 3360 1194 ἀκοντα
3401 1136 3681 1199 συνωθεῖν,
3721 1135 3818 1186 καὶ
3855 1134 4007 1201 παρὰ

756 1227 1170 1294 acquisitionem
1217 1228 1327 1280 vim
1382 1228 1485 1281 sibi
1536 1244 1644 1282 non
1698 1229 1911 1293 inferat,
1964 1230 2165 1284 dictum
2216 1241 2318 1296 est,
2424 1238 2436 1285 t

2424 1234 2559 1287 Θεοῦ
2606 1235 2776 1287 αἰτεῖν
2820 1236 2915 1288 τοῦ
2958 1235 3163 1298 λαϐεῖν,
3214 1233 3349 1285 ἀλλά
3402 1230 3653 1299 καὶπρὸς
3702 1229 3763 1281 τὸ
3812 1228 3882 1280 τὰ
3935 1227 4030 1295 μὴ,

756 1331 857 1369 nec
884 1332 913 1369 a
941 1315 1159 1370 Christo
1193 1334 1257 1371 ea
1282 1320 1536 1386 postulet.
1570 1319 1793 1387 Oportet
1822 1320 1966 1372 enim
2002 1336 2109 1374 non
2146 1323 2321 1375 solum
2423 1343 2436 1392 γ

2423 1327 2667 1394 χρήσιμα
2682 1324 2788 1377 τῶν
2810 1326 3070 1394 ῥημάτων
3097 1325 3191 1376 καὶ
3220 1323 3356 1385 ὅλως
3384 1322 3553 1390 ἀργὰ,
3591 1320 3726 1389 μηδέ
3758 1317 4008 1384 γλώττης

756 1407 823 1459 ad
855 1408 1112 1475 prazdicta
1146 1424 1339 1477 urgere
1386 1424 1443 1463 se
1483 1410 1659 1477 ipsum
1691 1412 1854 1464 etiam
1898 1413 2165 1480 invitum;
2196 1426 2252 1470 et
2290 1432 2320 1469 a
2424 1418 2436 1468 ἐ

2424 1416 2547 1477 ἀξια
2576 1416 2780 1485 κρίνειν
2802 1432 2815 1447 ι
2843 1415 3163 1484 διαμελετᾷν
3193 1413 3247 1465 δέ
3271 1411 3357 1463 ἀεὶ
3380 1412 3472 1461 καὶ
3498 1411 3725 1476 στόματι
3750 1408 3841 1459 καὶ
3872 1422 4008 1473 καρ-

756 1497 868 1551 Deo
901 1497 1090 1551 eadem
1127 1514 1192 1551 eo
1235 1515 1427 1568 usque,
1460 1502 1638 1569 quoad
1681 1518 2056 1571 assequamur,
2102 1515 2316 1573 petere;
2423 1506 2436 1556 ἐ

2423 1506 2512 1574 δίᾳ
2536 1508 2603 1558 τὰ
2632 1507 2725 1557 τοῦ
2758 1504 2893 1555 Θεοῦ
2943 1504 3098 1571 λόγια
3121 1521 3132 1531 ·
3170 1503 3250 1553 ἐτι
3297 1501 3433 1569 πρὸς
3480 1498 3539 1549 τὸ
3597 1498 3669 1565 μὴ
3701 1495 4006 1563 θυμοῦσθαι

757 1586 851 1639 sed
903 1595 958 1639 et
1006 1587 1308 1656 dijudicare
1362 1604 1469 1643 non
1516 1591 1670 1645 utilia
1724 1600 1818 1644 aut
1875 1608 2099 1660 prorsus
2147 1596 2321 1650 otiosa
2427 1614 2437 1666 1

2427 1596 2560 1666 μηδέ
2616 1599 2826 1665 κραυγῇ
2880 1594 3143 1664 χρῆσθαιο
3180 1590 3353 1645 Πᾶσα
3398 1590 3528 1659 γὰρ,
3589 1588 3759 1655 φησι,
3798 1588 4008 1652 πικρία

756 1675 952 1738 verba;
1000 1677 1251 1733 meditari
1280 1689 1460 1733 autem
1495 1696 1710 1750 semper
1738 1698 1832 1735 ore
1862 1692 1917 1736 et
1946 1686 2109 1738 corde
2140 1686 2320 1740 divina
2423 1707 2436 1741 ι

2423 1688 2521 1743 καὶ
2550 1687 2695 1755 ὀργὴ
2735 1689 2832 1739 καὶ
2875 1686 3103 1753 κραυγὴ
3148 1684 3381 1751 ἀρθήτω
3408 1681 3509 1749 ἀφ’
3538 1677 3723 1747 ὑμῶν.
3770 1678 3913 1745 Πρὸς
3946 1676 4009 1727 το

758 1766 1016 1832 oracula;
1049 1784 1149 1822 nee
1182 1784 1346 1837 porro
1388 1770 1569 1834 irasci,
1626 1781 1681 1825 et
1713 1774 1949 1827 clamore
1994 1776 2092 1828 uti.
2142 1776 2320 1830 Omnis
2428 1797 2438 1845 1

2428 1778 2503 1846 μὴ
2552 1778 2871 1829 καταλαλεῖν
2924 1792 3089 1839 τινος,
3142 1775 3216 1844 μὴ
3259 1773 3486 1841 κρίνειν,
3546 1770 3619 1839 μὴ
3655 1768 4009 1835 φυσιοῦσθαι,

759 1857 916 1920 cnim,
971 1858 1067 1920 ait,
1122 1862 1422 1915 amaritudo
1455 1872 1502 1916 et
1547 1866 1649 1927 ira,
1700 1873 1747 1915 et
1794 1864 1994 1917 clamor
2040 1866 2260 1920 tollatur
2289 1888 2319 1922 α
2354 1851 2439 1920 Βὶ

2354 1851 2395 1905 Β
2426 1870 2493 1921 ἶν’
2523 1868 2693 1931 οὕτως
2732 1866 2854 1920 ἰδὼν
2881 1870 2908 1919 ό
2939 1859 3138 1935 Κύρίος
3173 1865 3381 1929 ἑαυτὸν,
3404 1864 3477 1927 ὡς
3506 1865 3739 1930 εἴρηται,
3770 1860 4012 1925 ἄρχοντα

756 1944 895 1996 vobis
936 1945 1003 1999 ⁸⁷.
1052 1945 1312 2002 Similiter
1350 1952 1483 2003 vitet
1532 1968 1873 2005 murmurare
1917 1954 1983 2006 de
2023 1970 2319 2023 quoquam,

757 2033 892 2087 vitet
915 2035 1160 2105 judicare
1198 2046 1419 2102 temere,
1453 2040 1589 2094 vitet
1638 2042 1813 2095 inflari
1848 2044 2199 2112 despiciendo
2229 2062 2321 2100 su-

757 2122 925 2191 perbe
968 2124 1123 2179 alios.
1200 2124 1288 2179 Sic
1332 2129 1475 2181 enim
1521 2145 1577 2182 se
1628 2146 1822 2199 gerens
1850 2144 2235 2201 consequetur,
2265 2145 2323 2190 ut

757 2213 1018 2269 Dominus
1051 2218 1226 2286 ipsum
1267 2220 1369 2274 sibi
1412 2222 1613 2275 acriter
1657 2224 2016 2291 imperantem
2062 2243 2317 2293 cernens,

756 2319 820 2358 ac
849 2307 1151 2361 trahentem
1176 2326 1232 2363 se
1263 2311 1328 2364 ad
1356 2312 1557 2367 bonum
1592 2316 1761 2367 multo
1791 2316 1935 2376 nisu,
1971 2319 2132 2386 vique
2162 2319 2320 2371 adhi-

757 2396 890 2461 bita,
933 2400 1133 2455 tribuat
1178 2403 1253 2455 illi
1302 2406 1524 2457 omnino
1556 2406 1782 2475 gratiam
1812 2408 1968 2461 facile
2002 2424 2065 2463 ac
2100 2410 2218 2463 sine
2249 2411 2325 2463 la-

2430 1962 2523 2013 καί
2554 1962 2688 2030 πρὸς
2718 1960 2839 2028 βίαν
2872 1960 3213 2017 συνέλκοντα,
3248 1958 3509 2026 παράσχῃ
3540 1956 3755 2013 πάντως
3781 1952 3842 2003 τὸ
3867 1954 4012 2002 ἀπο-

2430 2052 2549 2120 νητὶ
2594 2052 2686 2102 καί
2724 2051 2922 2119 ῥᾳδίως
2954 2051 3127 2100 ποιεῖν
3174 2046 3207 2100 ἀ
3236 2048 3500 2117 πρότερον
3525 2045 3645 2098 οὐδὲ
3696 2043 3832 2113 μετά
3861 2041 4011 2110 βίας,

2429 2143 2517 2194 διά
2545 2143 2641 2209 τὴν
2677 2141 2921 2192 σύνοικον
2954 2140 3238 2209 πονηρίαν,
3272 2140 3513 2205 ἐνεργεῖν
3555 2135 3713 2202 ἐνῆν·
3747 2133 3841 2185 καί
3887 2132 4012 2183 τότε

2429 2230 2637 2297 γίνεται
2672 2229 2818 2299 αὐτῷ
2850 2230 3027 2281 πάντα
3061 2228 3235 2281 ταῦτα
3266 2228 3335 2280 τά
3364 2227 3461 2296 τῆς
3493 2226 3695 2293 ἀρετῆς
3722 2222 4014 2291 ἐπιτηδεύ-

2434 2338 2577 2389 ματα
2632 2320 2820 2388 ὥσπερ
2873 2319 3071 2387 φύσις·
3120 2320 3243 2370 ἐπεὶ
3290 2318 3387 2369 καὶ
3426 2319 3486 2369 τὸ
3530 2318 3713 2367 λοιπὸν
3743 2318 3769 2367 ὁ
3803 2314 4014 2382 Κύριος

2433 2411 2571 2464 κατὰ
2604 2411 2702 2479 τὴν
2735 2410 3069 2477 ἐπαγγελίαν
3101 2410 3270 2461 ἐλθὼν
3296 2410 3391 2461 καὶ
3423 2408 3711 2475 γενόμενος
3742 2408 3800 2460 ἐν
3836 2405 4014 2473 αύτῷ,

758 2493 891 2548 bore
948 2498 1164 2565 agendi,
1220 2516 1340 2567 qua:
1391 2502 1545 2569 prius
1597 2504 1683 2555 vix
1746 2515 1941 2557 conatu
1998 2505 2215 2569 anhelo,
2263 2521 2325 2559 ac
2431 2523 2438 2554 ε

2431 2503 2591 2564 αὐτὸς
2627 2504 2824 2571 ὁμοίως
2874 2504 2930 2553 ἐν
2973 2501 3051 2571 τῷ
3110 2503 3317 2571 Κυρίῳ,
3348 2500 3507 2561 αὐτὸς
3540 2502 3596 2550 ἐν
3628 2499 3818 2566 ἐκείνῳ
3873 2500 4015 2564 μετά

755 2598 966 2636 summa
1006 2588 1377 2651 contentione,
1410 2600 1630 2658 propter
1673 2593 2029 2645 reluctantem
2080 2594 2318 2646 innatam

1964 2609 2029 2645 3m
2080 2594 2318 2646 innatam
2435 2594 2631 2659 πολλῆς
2667 2593 2951 2654 εὐπετείας
2982 2592 3077 2654 τάς
3109 2593 3328 2653 ἐντολάς
3363 2593 3644 2660 ἐκπληροῖ.

756 2678 1185 2745 corruptionem,
1220 2690 1431 2749 poterat
1463 2684 1721 2751 exsequi;
1748 2693 1801 2736 et
1842 2692 1969 2736 tunc
2014 2683 2320 2737 redduntur
2362 2684 2461 2753 ipsi
2499 2693 2694 2737 cuncta
2743 2684 2856 2737 haec
2888 2683 3063 2737 olIicia
3098 2683 3336 2742 virtutis.
3370 2683 3526 2751 quasi
3571 2697 3655 2744 ea,
3723 2695 3843 2748 qua
3912 2694 4017 2731 na-

756 2770 1005 2824 turaliter
1082 2781 1359 2840 operatur,
1430 2774 1688 2842 quoniam
1733 2774 1799 2827 de
1846 2784 2043 2829 caatero
2084 2776 2345 2829 Dominus
2372 2815 2385 2835 ,
2421 2776 2572 2843 juxta
2602 2774 3048 2842 promissionem,
3076 2774 3353 2842 ingressus
3377 2774 3431 2825 in
3457 2773 3635 2841 ipsum
3657 2779 3759 2834 est,
3786 2780 3841 2824 et
3865 2770 3918 2823 in
3947 2786 4018 2823 eo

758 2862 981 2927 residet,
1023 2864 1100 2917 uti
1144 2866 1384 2920 vicissim
1421 2876 1476 2921 et
1516 2868 1630 2935 ipse
1678 2868 1731 2920 in
1767 2869 2029 2933 Domino;
2076 2867 2221 2921 unde
2276 2868 2328 2919 in
2371 2868 2488 2934 ipso
2548 2867 2813 2921 Dominus
2856 2866 3049 2919 intime
3120 2865 3393 2929 habitans,
3426 2880 3523 2918 sua
3564 2865 3678 2932 ipse
3717 2864 3859 2916 intra
3888 2879 4019 2917 eum

758 2964 814 3007 et
845 2970 938 3022 per
967 2970 1091 3009 eum
1123 2958 1377 3011 mandata
1410 2960 1579 3012 multa
1616 2959 1871 3013 facilitate
1906 2960 2113 3027 implet.

828 3044 968 3098 XIX.
1008 3046 1107 3112 Qui
1144 3048 1210 3101 ad
1243 3050 1547 3103 orationem
1585 3055 1849 3104 duntaxat
1887 3052 1939 3104 vi
1983 3067 2041 3105 se
2085 3053 2330 3105 adhibita

760 3139 925 3207 cogit,
958 3138 1035 3193 uti
1068 3140 1221 3208 prius
1258 3142 1519 3210 exposui;
1554 3150 1816 3211 praeterea
1852 3157 1981 3195 vero
2007 3143 2071 3197 ad
2109 3144 2333 3197 humili-

2528 3048 2631 3099 16'.
2682 3046 2739 3099 '0
2769 3047 2847 3105 εἰς
2879 3045 3043 3113 εὐχὴν
3063 3045 3495 3111 ἀποῶασάμενος
3527 3044 3735 3109 ἑαυτὸν,
3772 3045 3847 3107 ὡς
3877 3048 3905 3098 ὁ
3935 3047 4023 3099 λό’

2441 3156 2535 3205 γος
2570 3138 2781 3205 φθάσας
2820 3137 3081 3206 ἐδήλωσε,
3120 3136 3254 3207 πρὸς
3298 3136 3473 3191 ταῦτα
3505 3137 3560 3189 δέ
3605 3138 3740 3206 πρὸς
3769 3155 4021 3192 ταπεινο-

764 3239 956 3293 tatem,
983 3230 1050 3283 ad
1078 3231 1424 3295 charitatem,
1456 3234 1521 3287 ad
1553 3234 2049 3298 mansuetudinem,
2080 3236 2337 3289 aliarum-
2365 3212 2407 3267 ί)
2440 3252 2444 3275 ε

2365 3212 2407 3267 C
2440 3229 2734 3299 φροτύνην,
2786 3231 2919 3297 πρὸς
2977 3230 3221 3299 ἀγάπην,
3277 3230 3413 3298 πρὸς
3458 3230 3740 3298 πραότητα
3791 3233 3887 3281 καί
3924 3233 4023 3282 τὸν

763 3334 871 3386 que
902 3319 1167 3375 virtutum
1197 3320 1447 3375 ordinem
1484 3324 1537 3375 in
1570 3338 1628 3378 se
1658 3324 2050 3379 accersendum
2082 3341 2189 3378 non
2223 3326 2336 3378 ela-

766 3409 946 3474 borat,
976 3426 1078 3465 nec
1107 3428 1164 3467 se
1217 3414 1277 3469 in
1308 3415 1358 3468 id
1389 3416 1647 3469 violentia
1692 3417 1895 3485 adigit;
1926 3418 1992 3469 ad
2028 3418 2173 3471 hunc
2218 3426 2339 3470 tan-

768 3501 1051 3555 tummodo
1114 3503 1394 3570 profeetus
1445 3506 1736 3559 terminum
1788 3516 1965 3574 potest
2007 3509 2337 3576 pertingere,

771 3601 830 3645 ut
876 3592 1151 3648 interdum
1198 3595 1249 3649 ei
1304 3597 1547 3664 poscenti
1598 3597 1782 3651 divina
1826 3598 1999 3666 gratia
2052 3599 2338 3664 adveniat;

768 3681 1025 3748 quoniam
1058 3697 1157 3751 pro
1189 3682 1373 3737 innata
1408 3682 1511 3736 sibi
1559 3683 1802 3737 bonitate
1848 3684 1989 3739 Deus
2029 3684 2341 3754 petentibus

768 3782 1017 3827 amanter
1048 3773 1228 3826 innuit
1264 3789 1385 3842 qua
1412 3774 1617 3827 volunt.
1646 3773 1783 3827 Cum
1812 3783 1994 3827 autem
2040 3775 2085 3827 is
2118 3789 2226 3836 non
2257 3791 2341 3828 as-

770 3862 1063 3916 suefecerit
1083 3864 1349 3931 seipsum,
1386 3880 1487 3919 nec
1514 3881 1613 3917 usu
1644 3866 1831 3918 tritum
1852 3866 2202 3919 exercitando
2223 3881 2343 3920 sese

772 3953 961 4008 fecerit
1004 3954 1054 4007 in
1080 3956 1311 4020 exteris,
1354 3972 1488 4024 quas
1533 3958 1974 4021 memoravimus,
2020 3958 2340 4022 virtutibus,

774 4052 868 4096 aut
895 4044 1101 4097 excidit
1128 4046 1300 4113 gratia
1327 4061 1487 4113 quam
1520 4058 1835 4113 acceperat;
1868 4056 1921 4099 et
1949 4048 2123 4100 elatus
2164 4047 2217 4099 in
2249 4063 2343 4099 su-

773 4132 1015 4199 perbiam
1060 4133 1308 4187 labitur:
1350 4143 1445 4187 aut
1490 4134 1543 4186 in
1585 4136 1698 4197 illo,
1747 4152 1907 4203 quem
1940 4137 2117 4204 attigit
2151 4138 2341 4205 gradu,

773 4239 880 4275 non
904 4225 1135 4292 prolicit,
1166 4240 1267 4277 nec
1286 4226 1503 4278 crescit.
1531 4226 1662 4279 Fere
1686 4227 1829 4278 enim
1862 4227 2020 4280 sedes
2043 4244 2104 4280 ac
2129 4231 2346 4296 requies

769 4329 855 4373 est
889 4320 1016 4373 boni
1045 4320 1281 4386 Spiritus
1306 4320 1605 4380 humililas,
1630 4321 1976 4389 charitasque
2002 4338 2063 4375 ac
2094 4338 2345 4376 mansue-

773 4412 927 4475 tudo,
969 4419 1026 4465 et
1071 4427 1192 4479 quae
1234 4421 1541 4479 Sequuntur
1584 4422 1766 4467 sancta
1810 4412 2013 4468 Christi
2067 4414 2341 4467 mandata.

771 4503 874 4567 Qui
917 4518 1046 4571 ergo
1092 4503 1329 4556 voluerit
1379 4503 1571 4555 harum
1618 4504 1902 4569 complexu
1958 4518 2337 4571 concursuque

772 4594 980 4661 pariter
1002 4593 1245 4645 omnium
1280 4609 1376 4661 per
1414 4592 1694 4645 assiduum
1732 4602 2079 4661 augmentum
2118 4594 2182 4647 ad
2220 4610 2339 4662 perv

775 4684 1064 4737 fectionem
1097 4684 1311 4737 tandem
1344 4685 1673 4752 pertingere,
1714 4684 1949 4751 primum
1982 4686 2203 4752 quidem
2229 4686 2339 4738 vim

778 4774 977 4827 inferat
1016 4774 1139 4836 sibi,
1186 4784 1247 4827 ut
1285 4774 1489 4826 dictum
1530 4782 1635 4837 est,
1677 4783 1730 4827 et
1773 4776 2168 4828 contumaciter
2201 4777 2343 4828 relu-

777 4872 929 4915 ctans
960 4879 1054 4916 cor
1097 4878 1255 4916 suum
1292 4863 1467 4916 docile
1518 4873 1569 4916 et
1620 4865 1947 4932 morigerum
1995 4866 2104 4917 Deo
2130 4864 2343 4919 efficere

778 4954 941 5021 216
967 4953 1201 5007 studeat.
1234 4954 1445 5006 Etenim
1483 4955 1573 5021 qui
1618 4955 1697 5007 sic
1738 4955 1839 5008 sibi
1871 4956 1978 5007 vim
2014 4956 2164 5023 prius
2200 4956 2345 5009 intu-

777 5042 904 5096 lerit
927 5059 939 5105 ;
966 5050 1021 5096 et
1054 5043 1320 5111 quidquid
1358 5051 1441 5095 est
1486 5044 1538 5095 in
1574 5045 1752 5095 anima
1800 5044 2029 5107 rebelle,
2063 5054 2235 5098 totum
2272 5047 2345 5111 id,

777 5131 927 5184 velut
970 5131 1265 5185 eicuratam
1322 5131 1555 5183 belluam
1580 5173 1592 5193 ,
1626 5132 1837 5199 patiens
1870 5133 1980 5200 jam
2026 5132 2263 5201 imperii,
2295 5143 2351 5186 et

777 5222 1040 5275 obediens
1072 5223 1139 5277 ad
1177 5232 1368 5276 nutum
1405 5232 1565 5277 recta:
1601 5222 1817 5286 rationi,
1850 5238 1914 5275 ac
1954 5233 2156 5277 sancta:
2186 5224 2349 5279 disci-

778 5314 962 5383 plinae,
1006 5313 1331 5378 reddiderit;
1366 5313 1570 5382 quique
1612 5328 1735 5365 cum
1783 5312 1919 5365 adeo
1960 5313 2069 5380 jam
2111 5314 2247 5367 bene
2291 5330 2349 5368 se

780 5403 1015 5457 habente
1046 5404 1246 5465 anima,
1282 5404 1522 5472 petierit,
1554 5414 1608 5457 et
1638 5405 1805 5457 Deum
1832 5406 2090 5469 oraverit,
2126 5416 2183 5457 ut
2218 5423 2347 5474 pro-

781 5500 997 5545 moveat
1028 5492 1173 5560 quod
1223 5493 1407 5561 cmpit,
1448 5493 1721 5547 obtinebit
1764 5496 2039 5549 cumulate
2083 5506 2345 5563 quantum

783 5581 1057 5651 postulat;
1104 5580 1499 5651 benignissimo
1544 5582 1771 5639 Domino
1815 5582 1961 5652 large
2006 5583 2081 5637 illi
2126 5600 2350 5642 conces-

1319 5702 1345 5760 /

857 5766 900 5795 ⁸’
930 5765 1130 5835 Eplu's.
1170 5784 1237 5829 ιγ,
1272 5770 1357 5823 51.

2438 3323 2545 3373 τῶν
2574 3322 2748 3375 ἄλλων
2790 3322 2999 3389 ἀρετῶν
3029 3320 3269 3387 ὀρμαθὸν
3309 3320 3381 3390 μὴ
3414 3320 3659 3372 ἐκπονῶν
3687 3322 3883 3373 ἐαυτὸν
3917 3339 4024 3391 μη-

2439 3412 2493 3464 δὲ
2528 3412 2867 3480 βιαζόμενος,
2902 3412 3125 3479 τοιούτῳ
3164 3412 3362 3479 πέρατι
3402 3412 3645 3480 καταντᾷ
3670 3425 3683 3438 ⁸
3717 3412 3887 3463 ἐνίοτε
3912 3415 4023 3482 γὰρ

2441 3502 2589 3568 αύτῷ
2643 3502 2881 3569 δεομένῳ
2931 3501 3024 3551 καὶ
3076 3501 3193 3552 θεία
3242 3501 3401 3568 χάρις
3434 3500 3725 3567 ἐπιφοιτᾷ⁶
3758 3501 3879 3550 ἐπεὶ
3927 3503 4025 3551 καὶ

2439 3592 2638 3658 ἀγαθὸς
2677 3591 2752 3643 ῶν
2787 3594 2813 3643 ὁ
2856 3592 2982 3652 Θεὸς
3016 3591 3197 3659 ὀρέγει
3226 3594 3348 3652 τοῖς
3390 3589 3601 3643 αἰτοῦσι
3639 3589 4025 3659 φιλανθρωπό-

2442 3696 2596 3751 τερον
2638 3682 2707 3734 τά
2750 3684 3047 3749 αἰτήματα.
3081 3683 3170 3751 Μὴ
3216 3680 3501 3741 συνεθίσας
3527 3680 3581 3731 δέ
3634 3680 3842 3743 ἑαυτὸν,
3885 3680 4026 3748 μηδέ

2442 3773 2662 3843 ἐντριὸῆ
2710 3773 2804 3826 καὶ
2855 3773 3307 3841 γεγυμνασμένον
3366 3772 3503 3841 πρὸς
3542 3770 3640 3833 τὰς
3696 3771 3918 3839 ἀρετὰς,
3957 3771 4026 3833 ἃς

2444 3865 2675 3932 ἔφημεν,
2727 3866 3098 3932 καταστήσας,
3160 3862 3191 3931 ἢ
3239 3862 3495 3913 ἐκπίπτει
3548 3862 3646 3929 τῆς
3705 3862 3927 3929 χάριτος
3955 3857 4026 3929 ἧς

2444 3955 2626 4015 ἐλαόε,
2674 3955 2769 4006 καὶ
2797 3954 3246 4022 ὑψηλοφρονήσας
3276 3953 3486 4012 πίπτει,
3514 3952 3545 4020 ἧ
3578 3952 3636 4004 ἐν
3672 3952 3809 4019 αὐτῇ
3847 3951 4024 4021 ταύτῃ

2443 4046 2541 4098 οὐκ
2572 4045 2893 4107 ἐπιδίδωσιν,
2926 4045 3047 4096 ούδέ
3091 4043 3262 4106 αὔξει.
3303 4045 3391 4105 Ὠς
3423 4046 3530 4111 γὰρ
3566 4044 3753 4110 φάναι,
3788 4042 3850 4095 τό
3887 4059 4025 4095 κατ-

2443 4135 2756 4205 οικητήριόν
2799 4152 2858 4186 τε
2904 4136 2997 4185 καὶ
3043 4136 3349 4195 ἀνάπαυσις
3379 4134 3473 4184 τοῦ
3516 4131 3719 4198 ἀγαθοῦ
3764 4132 4025 4199 Πνεύμα-

2444 4246 2553 4292 τος,
2580 4231 2612 4295 ή
2642 4226 3110 4295 ταπεινοφροσύνη
3141 4226 3309 4287 ἐστὶν,
3344 4226 3376 4292 ή
3406 4224 3595 4289 ἀγάπη
3628 4239 3687 4273 τε
3722 4221 3817 4274 καὶ
3850 4222 4026 4290 πραό-

2444 4338 2563 4387 της,
2610 4320 2702 4369 καὶ
2746 4317 3050 4378 ἀκολούθως
3082 4317 3135 4367 αἰ
3187 4317 3341 4382 ἀγιαι
3384 4313 3477 4366 τοῦ
3520 4312 3754 4383 Χριστοῦ
3789 4312 4022 4367 ἐντολαί.

2456 4410 2515 4461 '0
2544 4409 2723 4460 τοίνυν
2754 4407 3078 4475 βουλόμενος
3108 4406 3195 4458 διά
3236 4405 3423 4458 πασῶν
3460 4403 3666 4456 τούτων
3713 4404 3793 4464 εἰς
3858 4401 4027 4471 αὔξη-

2448 4516 2553 4557 σιν.
2588 4499 2682 4549 καὶ
2713 4497 2990 4549 τελείωσιν
3038 4495 3347 4565 προελθεῖν,
3383 4494 3480 4562 τὴν
3528 4494 3627 4561 μὲν
3659 4493 3880 4565 πρώτην
3908 4492 4028 4561 βια-

2446 4586 2621 4647 ζέσθω
2663 4587 2874 4648 ἑαυτὸν,
2927 4585 3116 4653 ὥσπερ
3170 4586 3409 4653 εἴρηται,
3461 4584 3555 4636 καὶ
3613 4582 4025 4652 φιλονεικοῦσαν

2447 4677 2639 4729 ἐαυτοῦ
2666 4680 2762 4746 τὴν
2789 4676 3013 4747 καρδίαν
3046 4677 3138 4728 καὶ
3170 4676 3562 4745 ἀντερίζουσαν
3595 4675 3892 4743 ἐνδοτικὴν,
3930 4676 4024 4725 καὶ

2451 4768 2729 4837 πειθήνιον
2756 4769 2831 4837 τῷ
2865 4768 2982 4836 Θεῷ
3018 4771 3191 4819 ποιεῖν
3228 4767 3592 4829 σπουδαζὲτω.
3630 4766 3719 4835 Τῷ
3750 4768 3857 4834 γὰρ
3884 4766 4027 4817 οὕτω

2453 4860 2765 4929 βιασαμένῳ
2814 4859 3101 4928 πρότερον,
3149 4860 3242 4910 καὶ
3280 4859 3341 4909 τὸ
3374 4859 3671 4909 ἀντιτεῖνον
3717 4858 3815 4925 τῆς
3844 4857 4028 4924 ψυχῆς

2452 4950 2572 5001 ὅλον
2606 4950 2769 5000 οἱονεί
2792 4950 3075 5017 χειρόηθες
3104 4951 3507 5017 καταστήσαντι
3539 4948 3648 5000 ἔθει
3678 4948 3754 5017 τῷ
3778 4949 4023 5016 χρηστῷ,

2455 5043 2724 5109 κατήκοον
2778 5040 2971 5106 ἐκείνῳ
3000 5040 3371 5109 ποιησαμένῳ,
3404 5040 3495 5092 καὶ
3527 5039 3646 5108 μεθ’
3682 5038 3853 5099 οὕτως
3882 5038 4030 5107 ἐχού-

2456 5151 2553 5202 σης
2586 5134 2764 5203 ψυχῆς
2806 5133 3041 5187 αἰτοῦντι
3084 5134 3177 5185 καὶ
3228 5134 3487 5201 δεομένῳ,
3521 5131 3675 5196 αὔξει
3709 5133 3803 5185 καὶ
3845 5131 4027 5182 θάλλει

2455 5225 2510 5274 ἐν
2568 5224 2715 5293 αὐτῷ
2764 5224 2823 5275 τὺ
2870 5223 3021 5275 δοθὲν
3070 5223 3173 5275 ὑπὸ
3216 5223 3309 5274 τοῦ
3363 5221 3675 5289 Πνεύματος
3723 5223 3819 5290 τῆς
3864 5221 4028 5288 εὐχῆς

2454 5316 2697 5384 χάρισμα
2731 5316 2807 5383 τῷ
2848 5315 3053 5383 μετρίῳ
3084 5315 3176 5365 τοῦ
3223 5315 3567 5384 φρονήματος
3605 5313 4029 5380 ἐπαναπαυόμε-

2452 5422 2567 5457 νον·
2603 5406 2629 5457 ὂ
2653 5408 2788 5474 πρὸς
2820 5409 2883 5473 τῇ
2919 5408 3127 5473 ἀγάπῃ,
3160 5408 3249 5457 καὶ
3288 5408 3352 5473 τῇ
3399 5407 3717 5472 ἀγαπητικῇ
3750 5404 4019 5471 πραότητι

2452 5500 2753 5566 ἐπεζήτησε
2778 5516 2788 5526 ·
2828 5500 2917 5549 καὶ
2950 5499 3067 5550 τότε
3102 5498 3380 5567 χαρίζεται
3404 5494 3551 5565 αύτῷ
3578 5494 3748 5546 ταῦτα
3773 5494 3831 5545 τὸ
3856 5492 4028 5544 Πνεῦ-

2457 5608 2551 5657 μα,
2607 5592 2699 5641 καὶ
2763 5589 2999 5642 διδάσκει
3053 5586 3549 5657 ταπεινοφροσύνην
3597 5602 3655 5637 τε
3705 5584 3882 5653 ἀληθῆ
3938 5582 4031 5638 καὶ
