4254 6358
239 368 351 432 953

1279 372 1506 441 LIBER
1546 374 1643 435 DE
1680 374 2102 439 LIBERTATE
2128 377 2432 442 MENTIS.

3376 383 3482 451 956

235 482 466 551 ἀγάπην
494 481 699 553 ἀψευδῆ
728 482 826 537 καὶ
852 482 1157 555 πραότητα,
1183 483 1220 539 ἀ
1244 485 1339 539 καὶ
1370 485 1806 555 προδιασάμενος
1835 494 1881 552 Α
1909 507 1915 541 ι

1801 494 1881 552 ῖΑ
1909 504 2060 552 suro,
2090 500 2152 545 ut
2180 499 2397 547 crescat
2421 498 2479 547 et
2504 490 2699 547 ﬂoreat
2747 489 3023 548 indultum
3065 492 3169 563 ipsi
3211 508 3241 549 a
3274 494 3481 565 Spiritu

235 573 565 641 ἀπεζήτηςε.
597 572 783 636 Οὕτως
814 569 907 626 οὖν
934 573 1176 645 αὒξήσας
1198 575 1293 628 καὶ
1338 576 1643 639 τελειωθεὶς
1668 578 1810 631 κατά

237 663 446 732 Κύριον
502 666 602 733 τῆς
664 664 944 733 βασιλείας
976 664 1124 729 asto;
1170 666 1571 721 ἀποδείκνυται.
1616 668 1674 720 '0
1702 669 1811 740 γάρ

234 750 491 812 ταπεινὸς
533 750 787 803 οὐδέποτε
821 751 1040 804 πίπτει·
1077 751 1179 802 ποῦ
1204 752 1311 822 γάρ
1358 752 1453 805 καὶ
1499 756 1746 809 πεσεῖται
1784 758 1813 809 ό

235 839 499 893 ὑποκάτω
536 841 750 894 πάντων
776 841 835 894 τό
872 858 935 909 γε
988 841 1181 895 ἑαυτοῦ
1204 841 1313 908 (av;
1343 842 1482 896 ὥστε
1512 844 1722 916 μεγάλη
1750 862 1812 911 γε

233 930 551 983 τούναντίον
602 929 810 999 ὕψωσις
839 932 933 984 καὶ
960 931 1199 1000 ἀσφαλὲς
1250 932 1468 1003 ἀξίωμα
1497 935 1531 1005 ή
1558 949 1814 988 ταπεινοο

235 1023 504 1092 φροσύνη.

1917 581 2184 635 orationis
2205 580 2440 645 donum;
2463 582 2609 650 quod
2644 583 2701 637 in
2732 582 2801 637 de
2825 598 2885 638 se
2909 584 3120 639 modice
3142 586 3485 657 sapientibus

1917 671 2154 725 libenter
2167 682 2224 726 et
2238 685 2625 741 permanenter
2643 675 2959 745 acquiescit.
2982 674 3094 730 Hoc
3110 678 3257 731 enim
3282 678 3483 747 ipsum,

1918 774 2040 813 cum
2068 761 2334 815 charitate
2359 771 2416 815 et
2447 762 2730 817 cbaritatis
2761 764 2913 833 prole
2945 767 3363 821 mansuetudine
3390 783 3485 823 ex-

1918 850 2173 918 petierat.
2205 850 2274 905 Et
2316 860 2447 906 tunc
2484 852 2818 922 gratiiicatur
2862 854 2978 909 hanc
3021 853 3100 908 iiii
3144 853 3397 925 Spiritus.
3426 864 3485 912 et

1917 939 2077 994 docet
2118 955 2243 994 eum
2275 956 2456 996 veram
2485 942 2873 1007 humilitatem,
2906 945 3339 1015 charitatemque
3368 961 3480 1002 non

1920 1028 2122 1095 ﬁctam,
2153 1047 2290 1101 quas
2315 1032 2403 1088 illa
2432 1034 2537 1088 sibi
2564 1034 2618 1087 vi
2655 1035 2925 1103 poposcit.
2960 1034 3051 1090 Sic
3088 1037 3255 1105 igitur
3282 1036 3350 1092 de
3378 1052 3484 1092 car-

235 1122 358 1169 tcro
385 1115 676 1184 proﬁciens
693 1121 750 1170 et
782 1113 1056 1183 perfectus
1075 1116 1131 1171 in
1157 1116 1390 1172 Domino
1417 1133 1584 1189 regno
1640 1117 1838 1190 dignus
1875 1119 2201 1177 declaratur.
2229 1123 2460 1179 Humilis
2489 1126 2690 1194 quippe
2711 1140 2990 1194 nunquam
3009 1127 3312 1197 cadit;quo
3334 1129 3480 1183 enim

234 1207 481 1268 caderet,
514 1207 629 1276 qui,
655 1219 919 1275 quantum
948 1207 1004 1261 in
1036 1208 1155 1277 ipso
1178 1217 1281 1275 est,
1314 1210 1422 1265 imo
1452 1225 1667 1281 semper
1727 1212 1846 1266 loco
1883 1212 1987 1267 sub
2018 1216 2185 1270 rebus
2233 1216 2488 1271 omnibus
2528 1215 2708 1286 jacet?
2783 1231 2953 1285 quare
3000 1235 3193 1289 magna
3232 1219 3478 1288 quaedam

237 1298 497 1368 superbia
532 1295 841 1363 humilitas;
881 1313 1076 1369 magna
1104 1310 1293 1355 contra
1324 1301 1604 1358 humilitas
1626 1304 1882 1360 exaltatio
1913 1314 1970 1360 et
2009 1320 2201 1361 secura
2233 1306 2491 1378 dignitas.

314 1393 399 1443 K'.
432 1392 493 1442 Oi
521 1389 656 1458 πρὸς
680 1390 938 1458 ἀλήθειαν
974 1392 1066 1446 τὸν
1096 1393 1229 1446 θεὸν
1256 1393 1659 1464 ἀγαπήσαντες,
1682 1395 1807 1449 οὕτε

232 1484 323 1536 διὰ
354 1482 449 1552 τὴν
480 1481 756 1551 βασιλείαν
773 1481 922 1551 αὺτῷ
937 1482 1207 1537 δουλεύειν
1234 1487 1608 1557 προείρηνται,
1636 1487 1806 1541 καθά-

234 1591 348 1643 περ
403 1573 673 1642 ἐμπορίας
723 1572 882 1644 χάριν
939 1573 1033 1627 καὶ
1088 1572 1311 1645 κέρδους
1345 1591 1359 1606 ·
1391 1575 1515 1629 οὕτε
1571 1578 1681 1647 μὴν
1721 1578 1809 1632 διά

231 1666 338 1731 τὴν
377 1660 748 1731 ἀποκειμένην
773 1664 883 1723 τοῖς
916 1662 1257 1733 ἁμαρτωλοῖς
1286 1664 1506 1718 κόλασιν
1528 1680 1543 1696 ο
1570 1664 1684 1718 ἀλλ’
1710 1666 1806 1720 άτε

232 1753 368 1806 Θεὸν
401 1753 561 1821 μόνον
594 1752 755 1804 αὐτὸν
788 1755 881 1805 καὶ
907 1751 1235 1823 δημιουργὸν
1284 1754 1410 1808 ῖδιον
1435 1757 1802 1826 ἠγαπηκότες,

234 1845 331 1896 καὶ
361 1841 651 1911 ἀκολουθίᾳ
701 1842 909 1908 τάξεως
944 1843 1277 1911 ἐπιγνόντες,
1317 1846 1397 1898 ὅτι
1425 1847 1671 1919 Δεσπότῃ
1712 1846 1804 1899 καὶ

238 1934 449 2002 κτίστῃ
479 1930 697 1994 δούλους
725 1933 1038 2003 εὐαρεστεῖν
1064 1934 1410 2004 ὀφειλόμενον
1428 1955 1440 1969 ·
1465 1937 1515 1991 οῖ
1550 1937 1647 1990 καὶ
1674 1938 1804 1991 πολ-

232 2024 299 2092 λῇ
349 2025 417 2091 τῇ
478 2020 693 2074 συνέσει
738 2021 900 2092 »πρὸς
948 2023 1016 2077 τά
1062 2003 1487 2097 παραπίπτοντα
1543 2029 1801 2099 χρῶνται.
1832 2003 1880 2063 Β

234 2114 415 2167 Πολλά
448 2112 556 2181 γὰρ
586 2111 657 2165 τὰ
693 2112 924 2181 ιμπόδια
964 2114 1065 2183 τῆς
1109 2116 1247 2187 πρὸς
1275 2116 1409 2171 Θεὸν
1438 2119 1696 2188 τυγχάνει
1721 2120 1807 2172 su-

232 2202 616 2281 apsszﬁoewcf
660 2202 783 2256 επεὶ
841 2203 975 2274 μηδὲ
1028 2206 1189 2259 πενία
1242 2206 1403 2274 μόνον
1462 2209 1556 2261 καὶ
1599 2208 1802 2275 ἀδοξία,

232 2293 371 2345 ά).λά
396 2293 491 2345 καὶ
524 2294 754 2358 πλοῦτος
799 2296 892 2348 καὶ
921 2295 1053 2366 τιμὴ
1097 2297 1300 2367 ὁμοίως
1330 2302 1627 2371 πειρασμοὶ
1671 2301 1806 2355 καθ-

232 2383 480 2436 ίστανται
508 2388 576 2455 τῇ
599 2384 743 2455 ψυχῇ
768 2401 784 2418 ο
822 2386 880 2438 ἑν
923 2386 1076 2457 μέρει
1103 2386 1159 2440 δέ
1190 2404 1307 2452 πως
1337 2388 1433 2442 καὶ
1458 2392 1490 2462 ὴ
1524 2392 1808 2460 παράκλη-

231 2490 318 2535 σις
341 2473 477 2544 αὑτὴ
507 2477 600 2528 καὶ
629 2476 662 2546 ἡ
693 2475 874 2539 άνεσις
906 2478 1089 2547 ἐκείνη
1114 2478 1147 2548 ή
1180 2478 1284 2532 ὑπὸ
1317 2479 1418 2549 τῆς
1469 2482 1691 2553 χάριτος
1714 2500 1808 2536 κα-

230 2553 658 2633 ταλαμϐάνουσα
686 2567 784 2637 τὴν
819 2566 1018 2639 ψυχὴν,
1055 2569 1102 2622 εί
1129 2571 1203 2641 μὴ
1258 2569 1515 2641 αἴσθηται
1544 2572 1747 2643 ταύτης
1771 2575 1804 2644 ἡ

232 2656 663 2723 καταξανθεῖσα,
716 2659 811 2711 καὶ
864 2658 1044 2729 πολλῷ
1089 2660 1167 2730 τῷ
1225 2661 1430 2733 μετρίῳ
1472 2663 1566 2716 xci
1598 2663 1805 2735 συνετῷ

230 2752 528 2820 χρήσηται,
557 2750 693 2805 πολὺ
716 2752 777 2805 τδ
805 2749 1027 2805 εὔκολον
1057 2751 1168 2821 εχει
1189 2753 1325 2822 πρὸς
1351 2753 1413 2807 τὺ
1439 2756 1802 2827 πειρατήριον

233 2843 372 2911 αὐτῇ
424 2841 623 2909 μᾶλλον
674 2843 768 2896 καὶ
815 2842 1043 2912 κώλυμα
1073 2844 1450 2913 καταστῆναι·
1484 2847 1580 2899 ἀτε
1607 2847 1807 2912 κακίας

231 2934 503 3001 προφάσει
529 2933 692 3002 τῆσδε
729 2934 829 3003 τῆς
867 2933 1085 3005 χάριτος
1108 2934 1361 2988 ὑπολύειν
1410 2936 1548 3009 αὐτῇ
1582 2937 1673 2992 τὸν
1713 2939 1804 2993 τό·

231 3042 348 3089 νον,
380 3022 650 3094 χαύνωσίν
682 3040 740 3077 τε
766 3025 861 3077 καὶ
909 3023 1204 3092 ὀλιγωρίαν
1232 3025 1434 3080 ἐνιέναι
1476 3030 1806 3099 μηχανωμέ-

232 3136 355 3187 νης.
404 3118 495 3171 Διδ
547 3117 643 3170 καὶ
700 3117 838 3187 αὑτὴ
894 3119 927 3189 ή
968 3118 1128 3190 χάρις
1156 3118 1422 3183 εὐλασοῦς
1460 3120 1630 3173 δεῖται
1666 3121 1805 3192 πρὸς

234 3210 541 3281 μετάληψιν
588 3210 681 3263 καὶ
713 3210 1000 3264 εὐσυνέτου
1038 3210 1249 3281 ψυχῆςο
1271 3210 1410 3265 ὥστε
1458 3213 1553 3266 καὶ
1577 3213 1805 3283 τιμῆσαι

1980 1396 2097 1453 XX.
2132 1399 2235 1466 Qui
2268 1401 2439 1455 Deum
2472 1417 2602 1457 vere
2640 1412 2980 1466 amaverunt,
3017 1418 3193 1473 neque
3227 1404 3298 1458 ob
3327 1420 3481 1475 spem

1910 1488 2061 1556 regni
2107 1490 2392 1558 elegerunt
2435 1491 2486 1545 ei
2525 1492 2731 1546 servire
2761 1510 2775 1546 :
2802 1494 2957 1561 quasi
3009 1504 3357 1561 mercatores,
3398 1496 3482 1550 lu-

1909 1591 2103 1643 crum;
2145 1587 2240 1633 aut
2268 1579 2524 1648 operarii,
2554 1582 2861 1637 mercedem
2890 1593 3200 1651 captantes;
3237 1585 3332 1639 sed
3378 1602 3479 1641 ne-

1910 1678 2017 1733 que
2028 1664 2099 1718 ob
2116 1674 2320 1720 metum
2340 1676 2653 1737 praeparatae
2668 1669 3046 1738 peccatoribus
3064 1686 3263 1739 paenae;
3290 1689 3480 1728 verum

1909 1769 1967 1807 in
2008 1754 2159 1808 illum
2204 1755 2282 1809 uti
2332 1757 2502 1812 Deum
2550 1758 2726 1813 solum
2777 1768 2832 1814 et
2864 1768 3168 1815 creatorem
3197 1763 3480 1831 proprium

1910 1842 2108 1899 atl'ectu
2154 1845 2429 1908 inclinati,
2474 1863 2542 1901 ex
2597 1857 2746 1903 recte
2790 1851 3045 1904 conclusa
3090 1851 3217 1906 inde
3267 1853 3478 1910 ratione

1910 1946 2312 2005 consequenter
2338 1947 2717 2008 agnoscentes,
2741 1954 2955 2008 aequum
2985 1956 3047 1994 ac
3067 1941 3210 2009 juste
3234 1942 3478 1999 debitum

1907 2039 2048 2089 esse,
2074 2033 2134 2079 ut
2161 2036 2428 2082 creaturae
2456 2028 2750 2093 conditori,
2787 2031 2934 2083 servi
2968 2030 3218 2095 Domino,
3255 2042 3481 2104 propter

1906 2118 2080 2187 ipsam
2113 2121 2233 2189 ejus
2256 2120 2655 2186 excellentiam,
2687 2121 2904 2190 placere
2936 2137 3000 2176 ac
3036 2123 3327 2193 gratiﬁcari
3365 2139 3469 2181 stu-

1907 2208 2104 2277 deant;
2134 2209 2238 2265 hoc
2266 2220 2435 2280 agunt
2466 2220 2520 2266 et
2558 2220 2825 2266 conantur
2850 2212 3064 2267 sincero
3088 2215 3190 2283 pize
3220 2215 3477 2271 volunta-

1910 2298 1980 2355 tis
2012 2300 2175 2355 nisu:
2208 2300 2296 2356 cui
2335 2310 2391 2355 et
2421 2316 2605 2371 parem
2637 2302 2835 2357 mentis
2876 2303 3235 2358 attentionem
3278 2307 3477 2362 merito

1906 2389 2226 2461 adjungunt.
2261 2390 2476 2445 Etenim
2519 2391 2651 2462 ipsis
2685 2390 2854 2445 multa
2887 2399 2971 2446 est
3014 2394 3322 2448 necessaria
3346 2408 3478 2463 pru-

1905 2483 2111 2551 dentia,
2141 2485 2188 2540 si
2229 2499 2536 2554 praecavere
2574 2484 2763 2550 velint,
2802 2499 2871 2540 ne
2898 2485 3218 2554 quotidiana
3244 2503 3364 2557 qua:
3388 2504 3476 2543 ac-

1904 2588 2117 2655 cidunt,
2164 2588 2554 2661 impedimenta
2597 2588 2729 2658 ipsis
2769 2588 2880 2642 sint
2921 2588 3170 2657 placendi
3215 2590 3328 2645 Deo
3374 2592 3477 2647 ista

1906 2678 2231 2735 intentionis
2273 2682 2545 2751 puritate;
2580 2680 2850 2750 siquidem
2899 2697 3005 2735 nos
3055 2690 3267 2751 egestas
3299 2682 3476 2737 solum

1904 2779 1961 2825 et
1989 2770 2305 2843 ignominia,
2336 2772 2432 2827 sed
2462 2782 2520 2827 et
2548 2781 2681 2841 opes
2710 2780 2767 2827 et
2796 2772 2972 2827 honor
3000 2773 3333 2827 tentationcs
3360 2773 3475 2827 ani-

1906 2876 2008 2917 mat
2032 2862 2199 2929 ﬁunt;
2230 2863 2361 2933 quin
2385 2872 2441 2917 et
2466 2878 2534 2917 ex
2559 2872 2730 2931 parte,
2763 2862 2878 2933 ipsa
2903 2863 3222 2925 consolatio.
3250 2865 3363 2933 ipsa
3388 2864 3477 2918 illa

1906 2954 2063 3011 beata
2086 2955 2243 3027 quies
2262 2971 2329 3012 ex
2356 2954 2715 3010 inbabitantis
2738 2956 2883 3010 dono
2902 2956 3089 3026 gratiae
3110 2956 3478 3025 complectens

1905 3048 2290 3115 animam;nisi
2320 3063 2378 3104 se
2404 3048 2495 3103 illa
2518 3055 2730 3103 tantum
2754 3047 2905 3112 boni,
2925 3062 3074 3103 mera
3104 3049 3197 3103 Dei
3230 3048 3477 3102 liberali-

1905 3148 2039 3202 tate,
2057 3140 2210 3193 nullo
2229 3154 2330 3194 suo
2356 3147 2568 3193 nactam
2586 3136 2803 3199 merito,
2820 3136 3013 3190 intime
3031 3137 3251 3198 sentiat,
3269 3145 3325 3190 et
3338 3137 3478 3189 mul-

1905 3236 2014 3283 tam
2037 3228 2262 3297 insuper
2285 3226 2563 3291 adhibeat,
2582 3240 2709 3281 cum
2740 3223 2953 3278 modica
2980 3223 3065 3278 sui
3091 3225 3473 3289 aestimatione,

230 3302 460 3370 ταύτην,
491 3301 582 3354 καὶ
603 3300 787 3365 ἀξίους
811 3301 940 3364 τοὺς
967 3303 1208 3371 καρποὺς
1254 3302 1647 3368 ιπιδείξασθαι.
1674 3305 1803 3357 Κιν-
1829 3335 1871 3394 c
1904 3338 1910 3366 .

1798 3333 1871 3394 ὀ
1904 3316 2473 3386 circumspectionem.
2526 3315 2662 3370 Nam
2705 3313 2823 3369 sine
2873 3312 2988 3376 his,
3038 3313 3313 3367 excellens
3362 3314 3478 3368 haec

230 3392 443 3445 δυνεύει
487 3392 666 3446 τοίνυν
705 3393 767 3444 οὐ
802 3392 900 3455 τὰς
928 3391 1135 3461 θλίψεις
1169 3392 1348 3463 μόνον,
1394 3392 1530 3447 ἀλλά
1570 3393 1665 3448 καὶ
1702 3394 1803 3458 τάς

233 3484 451 3546 ἀνέσεις
497 3484 853 3553 πειρατήριον
902 3482 1149 3551 γίνεσθαι
1174 3486 1239 3553 τῇ
1269 3483 1415 3555 ψυχῇ
1448 3500 1461 3515 ·
1495 3484 1585 3537 καὶ
1610 3484 1677 3538 δι’
1700 3488 1806 3556 άμ-

235 3574 485 3642 ιρατέρων
538 3575 648 3645 γάρ
680 3577 737 3627 αί
771 3575 937 3645 ψυχαὶ
970 3575 1047 3642 τῷ
1099 3574 1347 3629 κτίσαντι
1394 3576 1803 3645 δοκιμάζονται,

234 3664 321 3716 ἵνα
347 3664 497 3733 δῆλοι
529 3666 713 3734 σαφῶς
742 3664 1002 3735 γένωνται
1027 3666 1170 3729 τίνες
1198 3668 1247 3719 oi
1274 3666 1349 3737 μή
1380 3666 1604 3737 κέρδους
1624 3667 1804 3721 αἰτίαν

232 3757 451 3825 θέμενοι
494 3755 588 3827 τὴ)
627 3758 762 3827 πρὸς
801 3757 1008 3812 ἐκεῖνον
1030 3756 1250 3827 ἀγάπην
1274 3772 1288 3788 '
1313 3757 1427 3811 ἀλλ’
1448 3758 1611 3813 αὑτὸν
1640 3758 1803 3823 μόνον

231 3852 325 3901 τὸν
372 3848 577 3917 πολλῆς
611 3848 688 3917 τῷ
732 3849 847 3902 δντι
892 3850 987 3903 καὶ
1046 3848 1227 3918 φιλίας
1291 3849 1387 3902 καὶ
1413 3852 1579 3919 τιμῆς
1628 3849 1801 3914 ἀξιον.

234 3941 445 4010 Ὥσπερ
470 3939 527 3992 δε
563 3938 641 4009 τῷ
672 3940 885 4009 ἀμελεῖ,
918 3939 1013 3993 καὶ
1051 3940 1180 4010 περὶ
1227 3939 1327 4011 τὴν
1378 3939 1562 3992 πίστιν
1613 3939 1801 4006 ὲνδεεῖ,

232 4037 326 4085 καὶ
365 4032 444 4101 τῷ
493 4032 804 4101 φρονήματι
855 4030 1196 4100 νηπιάζοντι,
1243 4030 1499 4101 ἐμπόδιον
1538 4030 1675 4101 πρὸς
1707 4028 1805 4101 τήν

231 4124 460 4177 αἰωνίαν
512 4121 656 4192 ζωὴν
698 4120 872 4176 ταῦτα
924 4122 1164 4188 γίνεται·
1201 4121 1320 4190 ήτοι
1359 4121 1427 4174 τά
1459 4120 1679 4191 λυπηρά
1709 4119 1805 4173 καὶ

232 4216 491 4279 ἐπίπονα,
548 4215 715 4279 νόσοι,
780 4213 984 4279 πενίαι,
1041 4214 1138 4266 καὶ
1217 4211 1458 4277 ἀδοξίαιο
1522 4212 1801 4276 τάναντία,

232 4305 489 4368 πλοῦτος,
543 4304 689 4370 δόξα,
730 4305 826 4358 καὶ
880 4305 929 4357 οῖ
969 4301 1027 4368 ἐξ
1077 4302 1381 4373 ἀνθρώπων
1441 4302 1801 4374 μακαρισμοὶ,

232 4397 373 4464 πρὸς
415 4395 472 4448 δι
527 4394 623 4448 καὶ
671 4396 699 4448 ό
737 4396 795 4447 εν
839 4393 915 4464 τῷ
945 4393 1139 4463 ἀφανεῖ
1164 4392 1412 4465 πλήττων
1440 4391 1533 4445 τοῦ
1567 4388 1802 4462 πονηροῦ

232 4488 473 4556 πόλεμος
500 4503 515 4519 ο
551 4485 692 4539 οὕτω
723 4486 887 4542 πάλιν
920 4484 1293 4555 ἀντιστρέφων
1319 4484 1593 4554 εὑρήσεις,
1618 4484 1701 4536 δτι
1728 4480 1805 4552 τῷ

233 4577 411 4647 πιστῷ
461 4576 555 4629 καὶ
603 4576 811 4646 συνετῷ
860 4576 954 4628 καὶ
1004 4575 1238 4645 γενναίῳ
1298 4574 1535 4643 συνεργά
1597 4573 1803 4644 μᾶλλον

1903 3407 2093 3480 gratia,
2118 3407 2276 3462 valde
2315 3421 2551 3477 pronum
2581 3420 2767 3461 secum
2797 3401 2957 3458 aﬂ‘ert
2986 3402 3292 3472 periculum
3335 3419 3476 3473 pra:-

1904 3498 2069 3555 bendi
2096 3498 2169 3563 ei,
2198 3512 2360 3568 quam
2404 3504 2582 3561 ornat,
2610 3497 2805 3551 animm
2843 3492 3188 3549 occasionem
3216 3495 3477 3550 tentatio-

1903 3589 2011 3653 nis,
2032 3599 2089 3644 et
2108 3587 2402 3659 objiciendi
2427 3585 2697 3656 profecturi
2740 3586 2862 3655 ejus
2883 3584 3252 3638 obstaculum.
3280 3584 3477 3653 Utpote

1905 3678 2223 3734 insidiatore
2251 3678 2395 3733 malo
2434 3677 2703 3736 damone.
2741 3674 2928 3731 conari
2959 3674 3122 3729 solito
3152 3674 3335 3746 hujus.
3368 3690 3477 3745 qua

1903 3769 2053 3823 videt
2084 3768 2189 3823 frui
2224 3770 2484 3831 animam,
2515 3773 2781 3837 praetextu
2814 3772 2871 3818 et
2913 3763 3112 3818 ﬁducia
3155 3764 3322 3818 nimia
3356 3780 3478 3834 gra-

1905 3858 2013 3921 tim,
2043 3858 2245 3913 sensim
2278 3856 2524 3912 relaxare
2567 3852 2976 3909 contentionem
3013 3853 3068 3907 in
3100 3853 3359 3907 ulteriora
3393 3854 3477 3907 ni-

1903 3947 2077 4007 tendi.
2111 3946 2541 4017 languoremque
2583 3952 2638 3999 et
2673 3943 2980 4013 neglectum
3016 3943 3261 4013 injicere.
3296 3943 3477 4013 Atque

1903 4035 2039 4090 adeo
2070 4035 2184 4104 ipsa
2211 4034 2406 4104 gratia,
2439 4042 2501 4088 ut
2529 4047 2722 4088 secure
2747 4032 3079 4103 innoxieque
3107 4033 3475 4102 possideatur,

1902 4126 2071 4197 exigit
2105 4129 2159 4181 in
2207 4126 2303 4181 illo
2330 4125 2425 4195 qui
2455 4139 2575 4179 eam
2618 4123 2873 4194 percipit,
2911 4132 3253 4178 reverentem
3286 4139 3479 4192 quam-

1904 4217 2028 4272 dam
2053 4214 2497 4284 trepidationem,
2521 4228 2626 4284 qua
2651 4212 2707 4267 in
2728 4212 2969 4283 vigiliam
2993 4223 3222 4268 acuatur
3240 4214 3480 4269 circum-

1904 4305 2185 4375 spectandi
2214 4318 2277 4358 ac
2312 4302 2638 4372 disponendi
2671 4300 3024 4371 providenter
3054 4306 3281 4365 cuncta;
3326 4308 3387 4355 ut
3417 4316 3475 4358 e.

1904 4396 2107 4452 donum
2134 4403 2346 4449 tantum
2376 4392 2567 4461 quanti
2594 4391 2740 4446 valet
2763 4391 3023 4457 aestimet;
3052 4398 3109 4445 et
3132 4389 3328 4461 dignos
3356 4391 3477 4458 ejus

1903 4485 2115 4540 fructus
2156 4489 2552 4551 repraesentare
2596 4478 2834 4535 studeat.
2856 4479 3049 4550 igitur,
3077 4492 3189 4533 non
3236 4477 3307 4532 ab
3336 4478 3475 4533 ami-

1904 4578 2182 4635 ctionibus
2209 4576 2408 4639 solum,
2442 4573 2537 4629 sed
2560 4582 2616 4627 et
2635 4587 2667 4625 a
2693 4570 3165 4626 consolationibus
3197 4568 3476 4640 periclita-

234 4669 373 4740 πρὸς
406 4666 504 4738 τὴν
542 4666 637 4719 τοῦ
679 4666 814 4719 Θεοῦ
846 4665 1166 4719 καθίσταται
1194 4664 1502 4733 βασιλείαν·
1542 4664 1669 4730 Τοῖς
1695 4664 1803 4735 γάρ
1827 4673 1881 4733 Ῑ)
1908 4682 1914 4724 ι

1796 4673 1881 4733 ’1)
1908 4680 1997 4726 tur
2022 4668 2203 4723 anima
2238 4665 2459 4722 tentari.
2495 4664 2562 4718 Et
2591 4678 2689 4733 per
2710 4662 2902 4717 ambas
2935 4661 3067 4715 istas
3094 4673 3184 4713 res
3214 4674 3245 4712 a
3277 4656 3476 4713 condi-

233 4761 344 4813 τὸν
394 4758 544 4812 Θεὸν
598 4754 894 4826 ἀγαπῶσι,
937 4755 1080 4809 κατά
1130 4758 1222 4807 τὸν
1270 4754 1410 4807 θεῖον
1464 4753 1803 4818 Ἀπόστολον,

234 4854 434 4907 πάντα
467 4851 754 4920 συνεργεῖ
774 4853 859 4917 είς
888 4850 955 4903 τὸ
984 4850 1225 4917 ἀγαθόν.
1265 4849 1548 4902 Δείκνυται
1581 4848 1673 4901 οὖν
1720 4850 1807 4902 tv-

233 4944 447 5008 τεῦθεν,
487 4945 573 4996 ὅτι
604 4944 672 4996 τά
706 4943 764 4996 ιν
794 4940 873 5013 τῷ
924 4942 1116 5011 κόσμῳ
1168 4941 1346 4993 πάντα
1382 4940 1638 5011 ιμπόδιον
1667 4937 1806 4994 εἶναι

1908 4772 2027 4817 tore
2048 4758 2243 4813 animas
2279 4755 2611 4826 probantur;
2645 4760 2706 4807 ut
2734 4751 2819 4806 his
2850 4747 3321 4819 explorationibus
3362 4761 3451 4800 ma

1908 4850 2108 4905 nifesto
2136 4853 2389 4917 appareat
2412 4844 2601 4913 quales
2631 4840 2777 4896 sint?
2802 4837 3155 4895 mercenaria:
3183 4852 3253 4891 ne
3276 4834 3477 4890 nundi-

1910 4939 2149 4994 natrices
2176 4935 2477 4995 cbaritatis,
2502 4939 2743 5001 quaestus
2772 4929 2857 4984 sui
2887 4942 3051 4983 causa
3086 4928 3257 4981 Deum
3291 4940 3479 4979 aman-

233 5033 566 5103 νομιζόμενα
600 5032 919 5104 διαρρήξας,
948 5032 1039 5085 καὶ
1067 5031 1316 5099 νικήσας,
1365 5032 1461 5084 καὶ
1510 5030 1753 5102 ὑπερϐάς
1778 5030 1807 5082 δ
1908 5042 1913 5077 1

1796 5030 1807 5081 ί
1908 5036 2025 5095 tes;
2048 5043 2119 5082 an
2142 5026 2318 5080 solum
2348 5032 2572 5093 propter
2600 5034 2659 5075 se
2693 5019 2872 5089 ipsum
2899 5032 3024 5072 eum
3052 5016 3308 5086 diligant;
3329 5013 3476 5083 quod

232 5125 450 5195 ἀληθῶς
488 5124 735 5193 φιλόθεος
779 5124 873 5176 τοῦ
923 5122 1067 5175 θείου
1116 5122 1279 5191 μόνου
1335 5123 1652 5192 περιέχεται
1688 5123 1805 5191 φίλ-
1910 5137 1912 5172 ;

1798 5149 1805 5162 -
1910 5118 2087 5183 illum,
2115 5124 2177 5169 ut
2204 5122 2288 5169 est
2315 5114 2373 5167 in
2395 5126 2493 5166 sua
2516 5118 2712 5165 natura
2733 5106 2975 5176 pmpria,
3001 5108 3142 5161 citra
3168 5112 3478 5205 respectum

233 5190 398 5288 τρου·
450 5190 697 5283 Σχοινέα
747 5214 855 5284 γὰρ
906 5190 1268 5281 ἀμαρτὼλῶν
1313 5190 1807 5281 περωπξιάκηονάν

1801 5230 1807 5244 ι
1913 5210 1980 5265 ad
2014 5222 2133 5271 nos,
2168 5203 2316 5260 omni
2357 5202 2581 5271 dignum
2632 5211 2817 5252 amore
2848 5195 3165 5264 honoreque
3205 5193 3364 5248 sciat.
3410 5190 3481 5246 Ut

235 5281 353 5380 μοι,
382 5311 409 5362 ό
440 5281 581 5371 θεῖός
634 5323 767 5376 φησι
828 5281 1140 5377 Προφήτης,
1172 5303 1404 5357 καὶτοῦ
1451 5303 1638 5373 νόμου
1692 5319 1809 5358 σου

1802 5322 1809 5349 ι
1917 5309 2099 5354 autem
2131 5290 2448 5364 negligenti,
2480 5287 2751 5345 modicam
2783 5284 3006 5339 babenti
3038 5281 3223 5347 ﬁdem,
3253 5289 3311 5337 et
3348 5294 3482 5389 pus:

234 5368 766 5468 οὐκόπελαθόιιτίν.
883 5368 895 5377 ’
1076 5368 1087 5375 ’
1524 5368 1535 5373 ⁷

1920 5392 2096 5445 riliter
2114 5385 2294 5441 adhuc
2326 5379 2598 5451 sapienti,
2633 5375 3027 5447 impedimento
3073 5373 3189 5429 haec
3239 5368 3482 5478 sunt

234 5506 494 5551 aeternam
561 5459 728 5547 vitam
764 5508 777 5544 :
813 5489 1069 5544 videlicet
1123 5497 1234 5543 tam
1282 5487 1492 5543 acerba:
1518 5503 1582 5544 ac
1628 5486 1915 5543 laboriosae
1944 5498 2052 5546 res,
2088 5488 2147 5535 ut
2194 5476 2399 5541 morbi,
2449 5472 2713 5544 penuriae,
2768 5459 3486 5571 ignominiiﬁihflmﬂhljif

236 5589 549 5651 contrariae,
581 5586 809 5651 divitiae,
850 5583 1045 5654 gloria,
1086 5580 1280 5636 laudes
1347 5588 1403 5635 et
1460 5578 1753 5648 applausus
1822 5574 2141 5637 hominum;
2185 5576 2562 5659 praetereaque
2607 5574 2855 5633 ρυηεοηε
2892 5558 2948 5613 in
3001 5554 3216 5659 θοίῆυηο

240 5642 605 5749 ἰηιρυεηαιὶὀ,
660 5676 740 5731 sic
792 5642 1012 5737 rursus,
1072 5671 1230 5726 aliter
1286 5668 1601 5739 dispositos,
1665 5668 1719 5723 in
1785 5665 1910 5721 loco
1959 5657 2601 5749 memoratorumumodo,
2632 5666 2870 5749 ponens,
2929 5642 3483 5749 reperiesaierzul‘u

240 5770 293 5824 in
320 5734 449 5834 ὶιάἷ,
480 5734 759 5840 prudenti,
791 5773 846 5822 et
872 5734 1133 5838 generose
1162 5760 1287 5818 forti
1316 5734 1560 5817 subsidia
1594 5757 1777 5829 potius
1808 5762 1866 5813 et
1897 5752 2205 5826 adjumema
2248 5763 2336 5803 res
2373 5745 2490 5800 illas
2522 5741 2738 5799 easdem
2769 5752 2888 5793 csse
2934 5734 3001 5791 ad
3039 5734 3483 5791 consecutionem
