4258 6358
778 411 881 476 955

2000 406 2061 465 S.
2101 406 2419 466 MACARII
2462 403 2782 466 EGYI‘TII

3924 392 4043 458 93

770 520 924 590 regni
975 517 1123 574 Dei:
1175 515 1518 589 Diligentibus
1569 515 1717 570 enim
1762 512 1926 567 Deum
1980 513 2079 579 (ait
2127 513 2347 567 divinus
2377 514 2693 583 Apostolus)
2741 515 2916 569 omnia
2964 518 3314 582 cooperantur
3354 511 3409 563 in
3454 507 3648 562 bonum
3678 502 3747 560 ⁸³.
3789 504 3874 564 Ex
3945 505 4045 561 his

771 616 939 684 Igitur
990 619 1237 680 apparet,
1285 611 1409 680 quis
1455 609 1673 661 demum
1705 606 1776 661 sit
1838 620 2003 661 verus
2080 606 2176 660 Dei
2220 613 2465 670 amator;
2517 606 2563 659 is
2635 606 2795 676 217
2846 605 3139 669 nimirum,
3188 602 3281 673 qui
3329 616 3428 670 per
3474 608 3702 661 cuncta,
3758 614 3889 667 qua:
3982 598 4045 653 in

771 708 875 764 hoc
915 712 1120 766 mundo
1153 720 1415 782 putantur
1458 711 1699 775 obstare,
1734 716 2017 779 perrupta,
2047 706 2212 769 victa,
2256 705 2482 768 calcata,
2533 715 2744 760 tantum
2792 720 2988 759 versus
3032 705 3202 758 Deum
3238 714 3425 755 amore
3464 697 3740 760 feruntur,
3773 695 4049 751 dicentes

771 818 895 857 cum
936 806 1244 874 propheta:
1306 803 1475 856 Funes
1524 811 1851 871 peccatorum
1894 798 2230 868 circumplexi
2304 805 2425 849 sunt
2470 810 2570 860 me,
2606 807 2655 850 et
2694 799 2859 868 legem
2888 809 3034 850 tuam
3068 812 3171 849 non
3195 811 3309 848 sum
3343 792 3531 846 oblitus
3563 789 3627 840 ”.

841 894 984 950 XXI.
1025 897 1251 950 Divinus
1293 897 1574 965 apostolus
1618 895 1818 949 Paulus
1870 892 2115 947 exactius
2146 898 2200 945 et
2242 890 2351 942 cla-
2376 892 2426 949 Α
2523 892 2543 944 I

2523 892 2654 945 ΚΝ.
2713 891 2770 943 ’0
2800 890 2941 952 θεῖος
2970 889 3265 951 ἀπόστολος
3306 887 3517 950 Παῦλος
3546 885 3950 957 ἀκριϐέστερόν
3980 898 4050 935 τε

769 988 884 1040 rius
909 986 1282 1041 demonstrare
1334 985 1545 1049 volens,
1581 984 1714 1054 quid
1753 998 1881 1038 vere
1928 984 1999 1038 sit
2028 981 2336 1052 perlectum

766 1076 1177 1131 Christianismi
1210 1076 1529 1147 mysterium
1562 1076 1616 1129 in
1652 1090 1979 1145 unaquaque
2013 1075 2193 1128 anima
2219 1088 2340 1127 cre-

768 1170 956 1232 dente,
988 1168 1176 1222 venire
1200 1168 1359 1221 talem
1392 1167 1628 1220 animam
1648 1167 1701 1221 in
1722 1169 1883 1236 hujus
1904 1166 2338 1234 experimentum

774 1262 955 1322 docet.
985 1275 1085 1314 per
1125 1260 1367 1313 divinam
1389 1260 1781 1327 operationem.
1817 1260 1950 1325 Quae
1979 1257 2185 1312 scilicet
2207 1271 2340 1326 ope-

772 1353 911 1404 ratio
945 1362 1029 1405 est
1076 1350 1485 1420 superccelestis
1539 1350 1765 1404 luminis
1818 1350 1873 1404 in
1925 1348 2261 1404 revelatione
2287 1354 2343 1401 et

770 1442 973 1495 virtute
1026 1440 1265 1509 Spiritus
1315 1438 1620 1494 irradiatio.
1659 1440 1736 1495 Ne
1786 1440 1927 1494 forte
1962 1439 2104 1508 quis,
2143 1438 2199 1492 in
2237 1436 2344 1490 hoc

774 1544 991 1593 errans,
1034 1538 1190 1599 putet
1215 1528 1353 1581 nihil
1385 1528 1533 1583 aliud
1574 1544 1695 1584 esse
1726 1528 2181 1582 ihuminationem
2212 1524 2341 1594 Spi-

777 1618 940 1680 ritus,
973 1618 1081 1671 nisi
1112 1617 1455 1686 cognitiones
1480 1617 1533 1671 vi
1590 1618 1816 1671 humani
1860 1617 2154 1686 productas
2184 1614 2345 1667 intel-

773 1709 985 1772 lectus;
1014 1714 1071 1761 et
1122 1714 1347 1776 propter
1379 1707 1537 1760 istam
1582 1706 1964 1776 ignorantiam,
1997 1714 2052 1759 et
2076 1704 2344 1759 desidiam

774 1797 1143 1867 periclitetur,
1191 1809 1221 1848 a
1261 1795 1507 1865 perfecto
1553 1798 1739 1867 gratis:
1776 1796 2030 1850 excidere
2062 1794 2341 1866 mysterio.

776 1886 1071 1955 Pr0pterea
1099 1885 1409 1954 exemplum
1433 1886 1936 1941 circumambientis
1966 1886 2157 1940 faciem
2182 1885 2345 1940 Hosis

778 1983 1015 2053 Spiritus
1065 1982 1269 2051 gloriae,
1312 1981 1377 2033 ad
1418 1982 1751 2053 cognitionis
1810 1980 2344 2052 repraesentationem

777 2073 922 2127 haud
959 2072 1123 2127 dubie
1170 2072 1506 2126 conformem
1555 2073 1742 2127 refert.
1791 2076 1859 2127 At
1893 2074 2093 2143 igitur:
2128 2072 2276 2137 Quod
2301 2072 2347 2127 si

777 2163 1093 2217 ministratio
1154 2163 1334 2214 mortis
1391 2162 1573 2215 litteris
1622 2164 1916 2231 deformata
1970 2164 2023 2215 in
2065 2161 2341 2233 lapidibus,

779 2256 876 2325 fuit
898 2257 951 2308 in
982 2253 1172 2325 gloria,
1202 2255 1277 2305 ita
1306 2263 1360 2304 ut
1388 2272 1491 2307 non
1532 2263 1739 2326 possent
1766 2255 2037 2307 intendere
2057 2253 2157 2323 filii
2174 2255 2345 2310 Israel

778 2348 833 2399 iu
867 2348 1049 2417 faciem
1089 2346 1276 2415 Moysi,
1328 2356 1539 2417 propter
1593 2346 1819 2416 gloriam
1851 2345 2021 2399 uultus
2070 2347 2202 2415 ejus,
2233 2364 2347 2418 qua:

779 2446 1103 2502 evacuatur;
1140 2439 1397 2506 quomodo
1427 2454 1529 2491 non
1566 2439 1733 2508 magis
1770 2438 2093 2491 ministratio
2117 2436 2347 2506 Spiritus

778 2534 878 2586 erit
910 2533 963 2585 in
1001 2531 1216 2602 glaria?
1252 2530 1389 2585 Nam
1431 2532 1474 2583 si
1526 2532 1845 2584 ministratio
1886 2531 2243 2584 damnationis
2291 2532 2347 2585 in

778 2624 948 2694 gloria
973 2633 1069 2686 est,
1100 2622 1264 2677 multo
1292 2622 1459 2691 magis
1485 2622 1721 2675 abundat
1749 2623 2095 2675 ministerium
2123 2623 2348 2692 justitia:

779 2716 835 2767 in
853 2712 1047 2783 gloria.
1080 2712 1217 2767 Nam
1248 2729 1339 2766 nec
1365 2712 1717 2783 glori/iculum
1760 2720 1834 2765 est
1887 2714 2024 2782 quod
2077 2712 2269 2766 claruit
2292 2714 2349 2766 in

782 2804 882 2855 hac
913 2812 1063 2873 parte
1088 2811 1302 2871 propter
1325 2801 1660 2855 excellentem
1692 2802 1936 2872 gloriam.
1970 2800 2027 2856 Si
2056 2803 2191 2855 enim
2214 2803 2350 2873 quod

780 2900 1064 2948 evacuatur
1110 2909 1203 2962 per
1240 2876 1463 2963 gloriam
1488 2902 1594 2957 est;
1624 2892 1789 2946 multo
1823 2894 1989 2962 magis
2015 2893 2151 2961 quod
2174 2900 2351 2945 manet

780 2986 837 3038 in
866 2984 1035 3055 gloria
1063 2990 1139 3036 est
1172 2984 1238 3037 “.
1272 2984 1422 3049 Quod
1448 2993 1752 3047 evacuatur,
1782 2982 1941 3048 dixit,
1962 2983 2166 3038 idcirco
2202 2983 2349 3053 quod

781 3072 1005 3127 mortali
1051 3073 1270 3142 corpori
1323 3074 1488 3128 Mosis
1539 3072 2039 3143 circumall‘ulgeret
2094 3073 2185 3127 illa
2211 3073 2352 3129 lucis

788 3161 983 3232 gloria.
1010 3161 1303 3233 Subjungit
1322 3164 1611 3218 :Habenm
1638 3165 1799 3233 igitur
1822 3162 1981 3217 talem
2006 3163 2352 3233 spem,multa

782 3250 979 3320 ﬁducia
1025 3254 1226 3305 utimur
1265 3255 1331 3308 ".
1388 3254 1456 3307 Et
1482 3267 1805 3323 progressus
1840 3254 2081 3324 paulum,
2112 3252 2354 3307 ostendit

781 3346 1149 3401 immortalem
1197 3346 1346 3401 illam
1393 3347 1628 3417 Spiritus
1672 3348 1726 3401 in
1770 3346 2076 3418 apocalypsi
2102 3346 2351 3416 gloriam,

786 3449 938 3488 nunc
977 3434 1033 3489 in
1065 3436 1381 3501 immortali,
1406 3436 1498 3505 qui
1530 3436 1665 3491 latet
1690 3437 1856 3501 intus,
1886 3436 2128 3499 homine,
2173 3435 2354 3505 dignis

784 3522 1169 3579 immortaliter
1206 3535 1262 3579 et
1316 3525 1772 3593 inevacuabiliter
1822 3526 2199 3594 resplendere.
2259 3525 2349 3581 Ait

786 3630 952 3685 ergo:
980 3616 1085 3669 Nos
1106 3632 1223 3668 vero
1246 3632 1421 3669 omnes
1447 3616 1573 3685 (hoc
1601 3624 1705 3680 est,
1732 3630 1830 3684 per
1855 3614 2017 3669 Iidem
2050 3615 2347 3685 perlectam

784 3721 852 3760 ex
911 3706 1121 3775 Spiritu
1167 3706 1359 3775 geniti)
1396 3705 1629 3759 revelata
1685 3706 1815 3776 facie
1855 3705 2085 3775 gloriam
2140 3706 2349 3760 Domini

784 3795 1138 3866 speculantes,
1190 3796 1244 3848 in
1289 3796 1525 3849 eamdem
1568 3797 1851 3867 imaginem
1903 3797 2351 3865 transformamur

785 3976 1036 4031 Reuelata
1077 3978 1228 4044 facie,
1261 3978 1456 4031 animae
1492 3979 1734 4043 scilicet;
1766 3978 2060 4047 etquando
2096 3994 2350 4033 reversus

786 4067 913 4140 quis
947 4068 1114 4122 fuerit
1157 4068 1222 4121 ad
1252 4068 1568 4130 Dominum,
1599 4071 1819 4123 tolletur
1871 4071 2138 4124 velamen.
2170 4070 2352 4124 Domi-

790 4175 889 4215 nus
938 4166 1111 4211 autem
1160 4156 1385 4227 Spiritus
1416 4168 1489 4211 est
1510 4159 1575 4212 ⁸⁸.
1608 4159 1887 4212 Manileste
1916 4161 2082 4229 igitur
2112 4176 2209 4230 per
2236 4162 2351 4216 haec

788 4256 1116 4311 monstravit
1180 4254 1428 4308 velamen
1486 4254 1837 4309 tenebrarum
1919 4258 2350 4326 superinjectum

788 4348 957 4420 tuisse
998 4346 1212 4410 animat,
1238 4345 1381 4413 quod
1416 4344 1484 4398 ab
1528 4346 1719 4399 Adami
1752 4349 2182 4416 transgressione
2212 4363 2352 4401 eam-

790 4451 920 4505 pum
959 4435 1154 4487 habuit
1178 4442 1436 4487 naturam
1469 4434 1765 4487 humanam
1806 4437 2167 4505 pervadendi.
2194 4438 2351 4491 Nunc

789 4534 971 4578 autem
1006 4540 1105 4593 per
1136 4523 1557 4578 illustrationem
1590 4524 1901 4593 Spiritusid
1933 4526 2135 4583 auferri
2160 4545 2189 4583 e
2218 4529 2351 4583 lide-

788 4612 935 4667 Iibus
959 4622 1015 4668 et
1041 4628 1169 4667 vere
1189 4613 1369 4683 dignis
1397 4613 1711 4668 animabus:
1738 4630 1857 4683 qua
1884 4626 1939 4670 et
1963 4631 2126 4672 causa
2147 4618 2349 4673 Christi

787 4701 1058 4756 adventus
1088 4702 1211 4757 fuit.
1247 4701 1380 4755 Nam
1411 4703 1521 4755 Deo
1546 4704 1876 4771 complacuit
1899 4704 1964 4758 ad
2002 4707 2163 4759 talem
2196 4723 2349 4761 men-

789 4807 973 4845 suram
1003 4792 1310 4846 sanctitatis
1338 4793 1652 4863 pertingere
1680 4808 1795 4860 eos,
1817 4795 1913 4864 qui
1940 4810 2067 4850 vere
2093 4796 2147 4850 in
2174 4796 2351 4867 ipsum

791 4885 1044 4939 credunt.

861 5164 1027 5219 XXII.
1068 5164 1163 5228 Ea,
1190 5163 1257 5219 de
1280 5178 1385 5233 qua
1415 5163 1621 5217 dictum
1655 5171 1759 5225 est,
1794 5160 2016 5233 Spiritus
2049 5163 2348 5231 irradiatio,

791 5271 902 5309 non
933 5255 1107 5308 solum
1130 5253 1584 5307 intellectualium
1615 5267 1871 5305 sensuum
1894 5253 2156 5307 revelatio
2177 5263 2279 5318 est,
2298 5265 2354 5309 et

793 5345 1120 5400 iiiuminatio
1151 5344 1376 5413 gratim;
1411 5342 1503 5395 sed
1545 5342 1921 5395 substantialis
1953 5352 2007 5395 et
2047 5346 2356 5399 subsisten-

790 5433 1017 5490 tislucis
1042 5433 1093 5486 in
1115 5433 1399 5485 animabus
1420 5431 1661 5484 emissio.
1686 5431 1817 5484 Nam
1839 5432 1967 5483 illud
1997 5448 2007 5483 :
2032 5432 2277 5496 Quidixit
2295 5437 2357 5488 de

784 5523 1013 5577 tenebris
1044 5522 1221 5574 lumen
1266 5521 1645 5590 splendescere,
1682 5522 1789 5587 ipse
1836 5518 2012 5573 illuxit
2032 5524 2090 5574 in
2120 5524 2355 5579 cordibus

790 5614 981 5666 nostris
1010 5613 1078 5665 ad
1127 5610 1571 5665 illuminatiouem
1613 5608 1847 5661 scientia
1889 5609 2151 5666 claritatis
2179 5614 2274 5666 Dei
2300 5616 2353 5667 in

859 5746 908 5782 ⁸⁸
938 5746 1099 5805 Rom.
1128 5762 1242 5815 vm,
1275 5747 1363 5804 28.
1440 5747 1485 5779 "
1519 5746 1660 5802 Psal.
1695 5760 1876 5813 cxvm,
1900 5746 1988 5803 6i.
2074 5751 2117 5783 '°
2149 5750 2190 5807 Il
2220 5750 2345 5809 Cor.
2374 5766 2451 5815 tn,
2492 5752 2543 5805 7.

790 5816 879 5876 i9.

2440 982 2536 1037 καὶ
2572 983 3005 1052 τηλαυγέστερον
3060 981 3119 1034 τδ
3182 980 3394 1043 ἐντελὲς
3445 980 3538 1033 τοῦ
3592 976 4045 1049 Χριστιανισμοῦ

2442 1076 2736 1146 μυστήριον
2792 1074 2997 1142 ἑκάστῃ
3050 1070 3376 1141 πιστευούσῃ
3430 1070 3572 1139 ψυχῇ
3623 1067 3919 1136 δεδήλωκε,
3975 1064 4047 1115 δι’

2440 1166 2717 1237 ενεργείας
2758 1165 2908 1228 θείας
2936 1166 3011 1228 είς
3042 1165 3235 1233 πεῖραν
3268 1163 3399 1215 ἱέναι
3417 1179 3429 1191 ·
3454 1163 3588 1229 ὅπερ
3612 1162 3776 1223 εστὶν,
3802 1162 3835 1228 ἡ
3858 1161 4044 1209 ἐπου-

2445 1260 2625 1330 ρανίου
2649 1258 2825 1327 φωτὸς
2854 1259 2911 1310 ἐν
2955 1254 3294 1323 ἀποκαλύψει
3330 1256 3423 1307 καὶ
3465 1253 3690 1321 δυνάμει
3722 1249 3817 1302 τοῦ
3857 1248 4057 1301 Πνεΰο

2444 1367 2614 1419 ματος
2685 1348 2989 1417 ἐλλαμψις·
3062 1348 3151 1401 ῖνα
3210 1347 3282 1414 μή
3346 1362 3429 1407 τις
3482 1344 3571 1397 τὸν
3628 1341 3715 1395 διὰ
3769 1339 4044 1408 γνώσεως

2442 1440 2729 1511 νοημάτων
2782 1437 3060 1508 φωτισμὸν
3124 1436 3220 1489 τοῦ
3296 1434 3613 1503 Πνεύματος
3670 1432 3830 1499 μόνον
3887 1426 4040 1483 εἶναι

2442 1529 2688 1598 νομίσας,
2718 1526 3034 1597 κινδυνεύσῃ
3062 1526 3128 1579 δι’
3169 1524 3389 1592 ἄγνοιάν
3419 1540 3476 1576 τε
3505 1524 3598 1576 καὶ⁵
3628 1520 3903 1592 ρᾳθυμίαν
3936 1517 4037 1572 τοῦ

2442 1621 2652 1674 τελείου
2683 1621 2783 1689 τῆς
2809 1620 3031 1690 χάριτος
3060 1620 3353 1687 ἀποτυχεῖν
3387 1617 3705 1685 μυστηρίου.
3732 1614 3831 1665 Διὰ
3865 1611 4038 1664 τοῦτο

2444 1711 2541 1763 καὶ
2564 1710 2623 1762 τὸ
2650 1710 2960 1777 ὑπόδειγμα
3002 1708 3103 1776 τῆς
3130 1706 3207 1776 τῷ
3249 1706 3528 1777 προσώπῳ
3574 1704 3815 1765 Μωσέως
3868 1718 4038 1771 περι-

2445 1801 2707 1871 κειμένης
2732 1799 2825 1853 τοῦ
2862 1799 3176 1868 Πνεύματος
3208 1797 3366 1868 δόξης
3397 1796 3473 1859 είς
3500 1794 3842 1864 παράστασιν
3871 1793 4027 1860 ὠμσν

2444 1894 2754 1965 λογημένην
2778 1892 2875 1961 τῆς
2896 1889 3149 1959 γνώσεως
3171 1890 3401 1959 ἡνεγκεν
3430 1904 3443 1918 ·
3480 1888 3613 1955 φησὶ
3644 1885 3771 1954 γοῦν
3802 1901 3815 1914 ·
3851 1888 3923 1938 Ei
3964 1883 4035 1935 δὲ

2446 1986 2485 2053 ἠ
2530 1983 2801 2037 διακονία
2834 1982 2940 2035 τοῦ
2978 1980 3237 2036 θανάτου
3283 1978 3352 2031 ἐν
3393 1976 3731 2046 γράμμασιν
3777 1976 4033 2028 ἐντετυ-

2448 2075 2688 2146 πωμένη
2740 2074 2809 2127 ἐν
2850 2075 3038 2139 λίθοις
3089 2069 3341 2141 ἐγενήθη
3404 2068 3473 2120 ἐν
3524 2067 3695 2133 δόξῃ,
3747 2065 3904 2119 ὥστε
3942 2063 4031 2131 μὴ

2447 2169 2737 2223 δύνασθαι
2767 2166 2906 2231 τοὺς
2938 2163 3107 2229 υἱοὺς
3155 2161 3400 2229 Ἰσραὴλ
3423 2159 3694 2213 ἀτενίσαι
3726 2160 3812 2220 είς
3843 2159 4035 2223 πρόσ-

2446 2272 2609 2314 ωπον
2658 2257 2914 2322 Μωσέως
2966 2256 3061 2308 διὰ
3116 2253 3228 2321 τὴν
3277 2252 3465 2313 δόξαν
3528 2250 3635 2304 τοῦ
3700 2248 4033 2316 προσώπου

2446 2351 2631 2406 αὐτοῦ
2661 2350 2774 2416 τὴν
2798 2345 3283 2417 καταργουμένην
3302 2360 3315 2374 ·
3348 2344 3518 2406 πόσῳ
3544 2339 3783 2411 μᾶλλον
3821 2341 3857 2407 ἠ
3901 2338 4034 2391 δια-

2448 2442 2620 2497 κονία
2658 2441 2764 2495 τοῦ
2806 2440 3147 2506 Πνεύματος
3182 2437 3353 2490 ἔσται
3403 2435 3471 2487 ἐν
3515 2432 3665 2499 δοεῃ
3693 2433 3713 2485 !
3745 2434 3813 2485 Et
3840 2432 3951 2498 γὰρ
3990 2430 4028 2497 ἡ

2448 2532 2721 2588 διακονία
2752 2528 2860 2596 τῆς
2887 2528 3284 2596 κατακρίσεως
3315 2525 3465 2589 δόξα
3499 2540 3514 2555 ·
3550 2520 3758 2586 πολλῷ
3786 2520 4035 2591 μᾶλλον

2449 2624 2839 2693 κερισσεύσει
2912 2622 2952 2689 ἠ
3024 2620 3295 2672 διακονία
3348 2616 3457 2683 τῆς
3510 2615 3902 2679 δικαιοσύνης
3961 2613 4035 2665 ἐν

2448 2717 2597 2784 δόξῃ
2623 2732 2637 2747 ’
2680 2712 2777 2768 καί
2826 2714 2935 2782 τὰρ
2973 2714 3043 2766 οὐ
3080 2709 3441 2773 δεδόξασται
3486 2707 3551 2760 τὸ
3582 2704 4034 2773 δεδοξασμένον

2450 2809 2519 2862 ἐν
2546 2808 2732 2871 τούτῳ
2748 2805 2910 2873 μέρει
2934 2804 3141 2857 ἕνεκεν
3162 2798 3271 2869 τῆς
3297 2800 3798 2869 ὑπερϐαλλούσης
3816 2797 4029 2862 δόξης.

2452 2903 2521 2955 El
2556 2900 2667 2969 τὰρ
2736 2900 2802 2951 τὸ
2863 2895 3345 2964 καταργούμενον
3397 2892 3495 2945 διὰ
3558 2890 3766 2956 δόξης,
3819 2887 4031 2953 πολλῷ

2448 2988 2687 3059 μᾶλλον
2704 2988 2770 3042 τὸ
2784 2988 2973 3057 μένον
2993 2986 3063 3040 ἐν
3091 2985 3263 3053 δόξῃ.
3306 2984 3795 3052 Καταρτούμενον
3836 2981 4029 3051 εἴρηκε

2453 3082 2541 3136 διὸ.
2572 3081 2631 3135 τὺ
2656 3079 2833 3150 θνητῷ
2865 3079 3076 3149 σώματι
3120 3076 3400 3139 Μωῦσίως
3428 3074 3767 3146 περικεῖσθαι
3797 3074 3897 3143 τὴν
3933 3072 4028 3125 τοῦ

2455 3172 2632 3242 φωτὸς
2701 3171 2878 3235 δόξαν.
2944 3169 3169 3236 Ἐπάγει
3202 3184 3218 3200 ο
3276 3168 3563 3237 Ἔχοντες
3628 3160 3740 3219 οὖν
3807 3164 4031 3218 ἐλπίδα

2456 3260 2655 3329 πολλῆ
2708 3260 3010 3329 παρρησίᾳ
3063 3257 3353 3328 χρώμεθα.
3409 3258 3520 3311 Καὶ
3569 3255 3775 3327 προϐὰς
3832 3254 4030 3323 ptitva

2459 3352 2625 3417 εδειξε
2657 3352 2755 3422 τὴν
2792 3351 3058 3407 ἀθάνατον
3098 3350 3311 3420 εκείνην
3336 3347 3429 3401 τοῦ
3460 3346 3776 3416 Πνεύματος
3807 3347 3865 3397 ιν
3895 3349 4031 3397 ἁπο-

2458 3447 2687 3516 καλὺψει
2712 3446 2891 3511 δόξαν,
2914 3442 3007 3496 νῦν
3031 3443 3089 3495 εν
3110 3442 3187 3512 τῷ
3214 3441 3466 3510 ἀθανάτῳ
3482 3440 3573 3493 τοῦ
3601 3440 3706 3492 [om
3734 3437 4027 3507 ἀνθρώπου

2452 3542 2564 3603 τοῖς
2592 3538 2763 3603 ἀξίοις
2796 3537 3077 3597 ἀθανάτως
3101 3551 3161 3587 τε
3202 3535 3297 3587 καὶ
3326 3532 3719 3602 ἁκαταργήτως
3748 3530 4026 3596 ὲλλάμπε-

2452 3632 2598 3685 σθαι.
2646 3629 2783 3699 Φησὶ
2825 3628 2989 3696 γοῦν
3033 3625 3230 3694 Ἡμεῖς
3276 3624 3343 3678 δὲ
3379 3625 3623 3689 πάντες,
3654 3621 3797 3676 τοῦτ’
3851 3622 4020 3685 ἐστιν,

2449 3724 2495 3775 oi
2521 3721 2660 3774 κατὰ
2681 3719 2891 3771 τελείαν
2915 3717 3097 3769 πίστιν
3128 3719 3193 3769 ὲκ
3221 3715 3314 3768 τοῦ
3341 3714 3477 3768 Πνεύ
3487 3730 3653 3783 ματος
3679 3710 4022 3779 γενηθέντες,

2449 3807 2991 3877 ἀνακεκαλυμμένῳ
3041 3805 3335 3875 προσώπῳ
3396 3803 3511 3868 τὴν
3560 3802 3748 3861 δόξαν
3802 3800 4021 3867 Κυρίου

2450 3899 2933 3967 ἐνοπτριζόμεοα,
2970 3898 3058 3962 εις
3098 3895 3213 3960 τὴν
3254 3892 3449 3959 αὐτὴν
3486 3893 3695 3945 είκόνα
3734 3906 4024 3959 μεταμορ-

2450 3993 2734 4060 φούμενοι
2764 3987 2882 4041 ἀπὸ
2909 3986 3091 4050 δόξας
3123 3986 3211 4049 εις
3239 3983 3427 4046 δόξαν
3465 3980 3729 4048 καθάπερ
3756 3982 3874 4036 ἀπὸ
3908 3983 4023 4034 Κυ-

2441 4084 2578 4149 ρίου
2613 4080 2969 4147 Πνεύματος.
3005 4072 3572 4140 Ἀνακεκιιλιομμένῳ
3594 4072 3908 4140 προσώπῳ,
3926 4072 4019 4138 ’τῷ

2450 4173 2547 4241 τῆς
2578 4172 2755 4241 ψυχῆς
2780 4170 2975 4239 δηλαδή
3000 4184 3013 4198 ·
3050 4169 3141 4220 καὶ
3175 4168 3335 4237 ἡνίκα
3369 4166 3427 4219 δὲ
3456 4166 3759 4236 ἐπιστρέψῃ
3782 4183 3865 4228 τις
3889 4167 4017 4235 πρὸς

2452 4263 2673 4333 Κύριον,
2712 4263 3075 4332 περιαιρεῖται
3106 4259 3167 4311 τὸ
3198 4259 3483 4327 νάλυμμα.
3520 4256 3582 4310 '0
3604 4258 3672 4309 δὲ
3700 4260 3915 4324 Κύριος
3953 4258 4016 4311 τὸ

2450 4352 2693 4424 Πνεῦμα
2713 4355 2860 4408 ἐστι.
2890 4352 3139 4421 Φανερῶς
3166 4347 3259 4403 οὖν
3287 4352 3371 4403 διὰ
3394 4350 3597 4404 τούτων
3621 4350 3891 4415 ἀπέδειξε,
3922 4350 4018 4403 κά-

2451 4442 2641 4513 λυμμα
2696 4444 2919 4504 σκότους
2960 4439 3349 4508 ἐπιϐεϐλῆσθαι
3393 4442 3460 4509 τῇ
3512 4441 3681 4510 ψυχῇ,
3734 4439 3868 4511 ὅπερ
3912 4440 4015 4493 ἀπὸ

2451 4534 2549 4602 τῆς
2574 4530 2665 4583 τοῦ
2708 4532 2879 4600 ’Δδὰμ
2906 4530 3266 4597 παρασάσεως
3296 4529 3478 4598 χώραν
3518 4529 3641 4599 ισχε
3670 4528 3749 4592 εἰς
3786 4529 3885 4599 τὴν
3922 4531 4012 4583 ἀν-

2456 4621 2781 4691 θρωπότητα
2802 4620 3127 4690 παραδῦναι.
3156 4619 3295 4671 Νυνὶ
3324 4619 3379 4671 δὲ.
3404 4617 3507 4671 ὑπὸ
3528 4618 3623 4687 τῆς
3647 4618 3739 4670 τοῦ
3771 4618 4016 4688 Πνεῦμα-

2455 4728 2543 4773 τος
2582 4709 2899 4778 ιλλάμψεως
2942 4708 3345 4777 περιαιρεῖσθαι
3372 4706 3530 4759 τοῦτο
3558 4706 3665 4759 τῶν
3693 4708 3901 4760 πιστῶν
3926 4707 4013 4763 καὶ

2455 4801 2623 4865 ἀξίων
2653 4800 2729 4869 τῷ
2759 4800 2871 4852 δντι
2901 4798 3088 4868 ψυχῶν
3113 4812 3129 4829 ο
3163 4797 3229 4849 δι’
3261 4800 3327 4867 ἢν
3360 4796 3539 4849 αἰτίαν
3567 4796 3661 4850 καὶ
3686 4799 3719 4865 ἡ
3747 4798 3955 4861 ιλευσις
3981 4800 4011 4853 ὓ

2450 4892 2548 4946 τοῦ
2604 4889 2839 4961 Χριστοῦ
2886 4889 3179 4959 γεγένηται
3208 4903 3224 4920 ο
3279 4890 3358 4951 εἰς
3405 4889 3513 4957 γὰρ
3561 4888 3787 4943 τοιαῦτα
3848 4891 4017 4962 μίτρα

2449 4982 2733 5051 ἁγιότητος
2787 4980 2986 5047 φθάσαι
3042 4979 3169 5041 τοὺς
3224 4979 3311 5030 in‘
3360 4977 3617 5047 ἀληθείας
3668 4980 4015 5045 πιστεύοντας

2449 5077 2745 5147 ηὐδόκησεν
2774 5078 2801 5127 ό
2820 5075 2971 5137 Θεός.

2527 5166 2655 5219 KB’.
2685 5167 2745 5217 Ἠ
2783 5165 3023 5232 τοιαύτη,
3062 5178 3214 5232 φησι,
3254 5163 3345 5216 τοῦ
3392 5162 3703 5235 Πνεύματος
3735 5164 4014 5234 ιλλαμψις,

2457 5257 2555 5327 οὐχ
2586 5252 2696 5309 οἷον
2724 5256 3007 5323 νοημάτων
3056 5254 3214 5323 μόνον
3250 5255 3587 5322 ἀποκάλυψις
3628 5258 3744 5309 εστι
3778 5254 3870 5309 καὶ
3903 5248 4013 5322 ἱρω-

2450 5345 2643 5413 τισμδς
2695 5346 2936 5414 χάριτος,
2970 5343 3157 5414 ὥσπερ
3203 5345 3438 5413 εἴρηται,
3490 5345 3606 5397 ἀλλ’
3657 5344 4009 5399 ὑποπατικοῦ

2453 5435 2627 5500 φωτὸς
2654 5436 2709 5486 εν
2735 5436 2849 5495 ταῖς
2878 5433 3074 5503 ψυχαῖς
3107 5432 3301 5501 βεϐαία
3334 5434 3425 5487 καὶ
3454 5434 3705 5504 διηνεκὴς
3735 5434 4008 5504 ἐλλαμψις.

2452 5525 2524 5577 Τὸ
2562 5525 2670 5593 γάρ
2700 5539 2714 5554 ·
2767 5521 2965 5576 Εἰπὼν
2997 5522 3062 5575 ἑκ
3100 5524 3357 5590 σκότους
3400 5523 3464 5577 τὸ
3499 5522 3624 5592 φῶς
3660 5524 3892 5592 λάμψαι
3923 5566 3938 5586 .
3984 5524 4011 5578 ό

2450 5613 2727 5681 ἔλαμψεν
2765 5613 2834 5664 ἐν
2868 5610 3130 5681 καρδίαις
3178 5613 3344 5681 ἡμῶν
3386 5612 3535 5679 πρὸς
3572 5616 3877 5682 φωτισμὸν
3910 5614 4010 5681 τῆς

2642 5750 2683 5783 ⁸⁸
2717 5749 2758 5805 II
2788 5748 2915 5805 Cor.
2950 5765 3002 5814 τ,
3038 5750 3118 5804 i2.
3217 5748 3262 5781 ⁶¹
3283 5746 3421 5803 ibid.
3452 5746 3541 5802 18.
3633 5750 3675 5783 ⁸⁸
3699 5748 3742 5807 II
3772 5748 3899 5805 Cor.
3933 5765 4004 5816 tu,
