4258 6358
235 397 341 463 957

1260 397 1483 456 LIBER
1524 394 1621 455 DE
1659 390 2078 454 LIBERTATE
2116 393 2417 455 MENTIS.

3370 398 3477 462 958

233 509 512 578 γνώσεως
556 504 664 573 τῆς
690 506 875 574 δόξης
906 505 1011 563 τοῦ
1043 506 1323 576 Χριστοῦ.
1364 508 1471 558 Καὶ
1504 505 1562 557 τό
1587 522 1600 538 ο
1634 504 1808 557 Φώτι-
1835 508 1881 563 Δ
1910 539 1914 570 γ

1791 533 1808 544 -
1835 508 1881 563 Δ
1910 502 2045 570 facie
2070 502 2265 558 Christi
2283 502 2483 558 Jeau“.
2514 501 2583 559 Et
2625 503 2797 560 illud:
2832 501 3086 561 Illumina
3116 504 3293 559 oculos
3317 523 3472 560 meos.

230 616 354 653 σον
398 598 539 662 τοὺς
580 599 925 666 ὀφθαλμούς
951 616 1090 667 μου,
1134 597 1366 666 μήποτε
1414 595 1672 652 eam»
1717 596 1805 660 εις

233 692 535 745 θάνατον’
569 688 846 741 τουτέστιν
876 705 891 721 ο
941 690 1028 741 ίνα
1072 689 1145 758 μὴ
1191 686 1425 757 λυομένη
1466 687 1564 754 τῆς
1605 685 1804 755 σαρκὸς

236 784 271 853 ὴ
322 782 490 851 duxi},
531 783 899 851 ἀποσκοτῆται
938 782 1015 852 τῷ
1056 781 1151 835 τοῦ
1198 780 1427 835 θανάτου
1472 778 1571 846 τῆς
1608 778 1805 840 κακίας

235 875 591 942 καλύμματι·
635 874 773 943 πρὸς
817 874 873 927 δέ
920 874 1013 927 καὶ
1054 873 1152 925 τόο
1209 869 1639 938 ’Λποκάιὶυψον
1665 868 1805 933 τοὺς

236 967 583 1034 ὀφθαλμούς
605 982 723 1034 μου
746 965 856 1030 ἔτι,
896 964 993 1020 καί
1026 964 1380 1031 κατανοήσω
1409 966 1481 1017 τὰ
1507 960 1805 1030 θαυμάσια

234 1056 303 1109 ἐκ
333 1056 439 1109 τοῦ
476 1058 662 1124 νόμου
703 1070 821 1109 σου
843 1071 858 1085 ⁸
893 1057 1000 1108 Καὶ
1031 1055 1091 1108 τό
1118 1071 1132 1086 ο
1186 1054 1653 1118 Ἑξαπόστειλον
1680 1050 1807 1121 φῶς

236 1165 355 1200 σου
382 1147 478 1199 καί
507 1146 620 1213 τὴν
646 1146 935 1213 ἀλήθειάν
962 1162 1079 1200 σου
1108 1161 1122 1174 ·
1153 1144 1307 1200 αὑτά
1333 1161 1409 1215 με
1434 1143 1806 1211 ὁδηγήσουσι

236 1240 336 1292 καί
376 1239 634 1302 ἄξουσιν
663 1242 749 1304 εις
780 1239 918 1305 ὄρος
953 1238 1125 1309 ἅγιόν
1148 1252 1287 1301 σου,
1318 1235 1418 1289 καί
1452 1237 1539 1300 είς
1561 1236 1633 1287 τὰ
1663 1248 1807 1299 σκη-

235 1326 476 1392 νώματά
507 1342 623 1378 σου
654 1342 669 1356 ·
714 1325 849 1378 ἀλλά
884 1325 990 1394 μὴν
1027 1326 1121 1377 καὶ
1161 1323 1255 1376 τό·
1306 1321 1668 1390 Ἐσημειώθη
1713 1322 1804 1389 ἐφ’

234 1414 395 1481 ἡμᾶς
429 1414 496 1466 τὸ
528 1414 653 1482 φῶς
680 1412 786 1467 τοῦ
829 1412 1153 1482 προσώπου
1189 1429 1328 1477 σου,
1376 1414 1471 1466 καὶ
1511 1413 1578 1465 τά
1622 1410 1801 1475 λοιπὰ,

232 1508 335 1575 τὴν
363 1506 532 1572 αὐτὴν
564 1504 878 1557 ἀκολουθίαν
920 1503 1012 1556 τοῦ
1043 1502 1246 1556 σκοποῦ
1280 1503 1626 1572 παρίστησιν.

305 1596 434 1652 ΚΓ.
461 1596 571 1649 Καὶ
616 1594 694 1664 τῷ
741 1594 993 1664 μακαρίῳ
1016 1594 1071 1646 δε
1100 1594 1294 1665 Παύλῳ
1320 1594 1453 1664 φησὶ
1481 1594 1548 1646 τὸ
1580 1591 1803 1659 ἐλλάμ-

234 1690 366 1753 ψαν
407 1686 464 1738 ὲν
502 1688 568 1753 τῇ
616 1684 719 1752 ὁδῷ
747 1683 893 1751 φῶς,
938 1684 1004 1737 δι’
1036 1676 1097 1736 οὗ
1126 1685 1221 1737 καὶ
1260 1686 1339 1745 εἰς
1369 1684 1550 1750 τρίτον
1578 1681 1803 1751 οὐρανὸν

233 1773 423 1845 ἦρται,
474 1776 568 1828 καὶ
600 1775 896 1845 μυστήριον
941 1774 1222 1841 ἀλαλήτων
1257 1773 1525 1841 ἀκουστὴς
1570 1772 1801 1839 γίνεται,

234 1867 299 1920 οὑ
340 1865 626 1934 νοημάτων
659 1881 743 1927 τις
779 1866 875 1917 καὶ
921 1863 1171 1931 γνώσεως
1208 1863 1483 1933 φωτισμδς
1529 1857 1616 1932 ἦν,
1669 1861 1805 1915 ἀλλὰ

234 1958 520 2025 δυνάμεως
545 1954 637 2007 τοῦ
663 1954 870 2022 ἀγα.θοῦ
913 1954 1229 2025 Πνεύματος
1269 1955 1393 2007 καθ’
1424 1955 1717 2007 ὑπόστασιν
1748 1951 1807 2005 έν

235 2050 303 2117 τῇ
332 2047 477 2116 ψυχῇ
504 2045 786 2115 έλλαμψις,
815 2040 877 2099 οὗ
908 2047 1007 2115 τὴν
1032 2045 1336 2115 ὑπερϐολὴν
1368 2044 1466 2113 τῆς
1490 2043 1809 2113 λαμπρότη-

234 2154 328 2197 τος
361 2137 411 2188 οί
451 2136 548 2203 τῆς
577 2134 778 2204 σαρκὸς
804 2134 1069 2203 ὀφθαλμοὶ
1102 2135 1175 2203 μὴ
1212 2133 1579 2200 διενεγκόντες
1610 2134 1809 2185 ἀπετυ-

237 2224 553 2293 φλώθησαν,
598 2224 665 2276 δι’
714 2217 774 2277 οὗ
808 2225 960 2277 πᾶσά
994 2240 1051 2276 τε
1095 2224 1295 2290 γνῶσις
1342 2222 1806 2284 ἀποκαλύπτεται,

237 2318 334 2367 καὶ
366 2315 499 2382 πρὸς
530 2313 786 2384 ἀλήθειαν
817 2314 948 2377 Θεὸς
978 2316 1044 2384 τῇ
1078 2312 1204 2383 ἀξίᾳ
1229 2313 1321 2367 καὶ
1348 2311 1643 2384 φιλουμένῃ
1663 2311 1805 2382 ψυχῇ

237 2403 585 2475 γνωρίζεται.

310 2497 437 2549 KA'.
463 2497 618 2548 Πᾶσα
662 2495 806 2565 ψυχὴ
836 2494 925 2549 διὰ
967 2495 1203 2564 σπουδῆς
1237 2494 1330 2550 καὶ
1367 2493 1603 2557 πίστεως
1628 2494 1809 2548 τέλεον

240 2586 565 2639 ἐνδύσασθαι
605 2588 698 2640 τὸν
744 2586 978 2656 Χριστὸν
1020 2586 1270 2639 ἐντεῦθεν
1314 2585 1455 2653 κατᾲ
1477 2586 1704 2657 δύναμιν
1748 2603 1809 2641 τε

241 2680 336 2732 καὶ
369 2679 743 2750 πληροφορίαν
773 2679 995 2750 χάριτος
1026 2676 1447 2743 καταξιωθεῐσα,
1472 2678 1569 2731 καὶ
1596 2676 1675 2747 τῷ
1713 2678 1811 2730 έπ-

238 2772 479 2841 ουρανίῳ
509 2773 605 2842 τῆς
636 2772 910 2842 ἀφθάρτου
948 2771 1155 2834 εἰκόνος
1197 2772 1336 2840 φωτὶ
1388 2768 1669 2833 ένωθεῖσα,
1718 2766 1813 2823 καὶ

240 2860 340 2911 νῦν
391 2859 488 2927 μὶν
533 2860 846 2929 μυστηρίων
882 2859 1146 2929 οὐρανίων
1190 2858 1389 2927 γνῶσιν
1424 2860 1481 2911 έν
1519 2858 1813 2913 ὑποστάσει

244 2952 462 3018 μυεῖται
490 2951 707 3004 πάντων
736 2965 751 2980 ⁶
784 2952 843 3005 ὲν
864 2951 922 3004 δέ
963 2968 1027 3019 γε
1050 2955 1117 3022 τῇ
1170 2952 1382 3023 μεγάλῃ
1425 2950 1525 3021 τῆς
1576 2950 1814 3004 ἀναστάο

244 3056 388 3102 σεως
434 3040 617 3111 ἡμέρᾳ
649 3047 713 3110 τῇ
753 3043 891 3112 αὐτῇ
937 3041 1246 3112 έπουρανίῳ
1291 3040 1393 3109 τῆς
1433 3040 1591 3109 δόξης
1644 3039 1814 3092 εικόνι

244 3133 340 3183 καὶ
360 3130 420 3181 τὸ
452 3130 613 3199 σῶμα
633 3130 834 3200 ταύτης
863 3131 1197 3197 ένδοξασθὲν.
1228 3131 1322 3184 καὶ
1347 3130 1451 3183 ὑπὸ
1480 3127 1814 3198 Ιινεύματος,

245 3220 390 3272 κατά
438 3221 498 3272 τὸ
546 3221 932 3291 γεγραμμένον
983 3224 1062 3283 είς
1100 3221 1359 3289 οὐρανοὺς
1401 3219 1670 3288 ἀρπαγὶν,
1724 3220 1817 3271 καὶ

248 3311 577 3380 σύμμορφον
626 3312 879 3378 γενέσθαι
915 3310 991 3380 τῷ
1034 3311 1246 3380 σώματι
1298 3310 1398 3378 τῆς
1443 3308 1602 3378 δόξης
1650 3307 1816 3361 αὐτοῦ

247 3403 587 3467 καταξιωθὲν
627 3404 721 3455 καὶ
754 3403 852 3471 τὴν
886 3402 1163 3471 βασιλείαν
1208 3402 1423 3455 αἰώνιόν
1456 3417 1518 3454 τε
1547 3402 1641 3454 καὶ
1670 3400 1820 3455 eata-

245 3494 404 3563 δοχον
423 3494 516 3546 καὶ
544 3492 623 3563 τῷ
654 3493 877 3565 Χριστῷ
902 3493 1205 3563 σύγκληρον
1233 3492 1363 3559 ἔξει.

319 3670 452 3725 κει.
494 3670 717 3722 Ὀπόσον
754 3686 837 3732 τις
879 3669 982 3739 ίδίᾳ
1012 3669 1212 3738 σπουδῇ
1238 3669 1330 3722 καὶ
1360 3668 1538 3721 πίστει
1570 3666 1821 3736 Πνεῦμα-

248 3780 343 3825 τος
373 3762 531 3828 ἁγίου
580 3760 736 3829 δόξης
780 3759 1173 3828 κεκοινώνηκεν
1220 3758 1495 3828 οὐρανίου,
1543 3756 1723 3827 ἔργοις
1760 3772 1821 3808 τε

251 3850 478 3916 ἀγαθοῖς
529 3848 626 3917 τὴν
684 3845 859 3915 ψυχὴν
906 3846 1268 3914 διεκόσμησε,
1317 3843 1564 3897 τοσοῦτον
1612 3842 1822 3911 ἐκείνης

252 3937 356 4005 τῆς
390 3936 601 4004 ἡμέρας
626 3933 772 3997 ἀξιον
805 3931 971 3985 αὐτοῦ
1005 3934 1292 4001 γενήσεται
1318 3932 1412 3984 καὶ
1433 3931 1492 3983 τὸ
1519 3930 1676 3999 σῶμα
1700 3946 1824 3982 συν-

250 4026 597 4092 δοξασοῆναι,
666 4026 730 4076 ‘0
780 4025 886 4093 γάρ
929 4038 1014 4085 τις
1063 4021 1209 4074 ἔνδον
1256 4020 1662 4090 ἀπεϐησαύρισε
1706 4018 1821 4085 νῦν,

252 4114 415 4167 τοῦτο
440 4114 683 4184 πρόεισιν
714 4113 817 4178 ἔξω
850 4116 972 4166 τότε
993 4130 1007 4143 ·
1037 4112 1288 4183 καθάπερ
1319 4114 1347 4165 ό
1376 4113 1507 4163 εἵσω
1526 4112 1632 4163 τῶν
1655 4109 1824 4173 ξύλων

253 4212 313 4259 ἐν
363 4206 588 4274 χειμῶνι
641 4206 871 4275 καρπὸς,
925 4205 1030 4268 ἔξω
1086 4206 1229 4257 κατὰ
1281 4204 1374 4255 τὸν
1424 4204 1581 4273 ἔαρος
1634 4202 1823 4271 καιρὸν

252 4299 468 4365 γίνεται
495 4314 509 4327 ·
539 4296 727 4366 ὥσπερ
760 4296 823 4364 δὴ
850 4295 943 4348 καὶ
970 4296 1234 4364 πρότερον
1270 4293 1533 4363 ἐδηλώθη.
1575 4293 1695 4345 Τῶν
1727 4293 1824 4361 μὲν

253 4387 350 4441 οὖν
384 4388 552 4455 ἁγίων
588 4390 619 4456 ὴ
654 4387 892 4457 θεοειδὴς
920 4386 1014 4439 τοῦ
1044 4386 1358 4454 Πνεύματος
1403 4384 1567 4437 είκὼν
1597 4385 1705 4437 ἀπὸ
1728 4382 1823 4436 τοῦ

1909 610 1976 646 ne
1997 611 2233 665 unquam
2257 596 2581 650 obdormiam
2618 599 2672 651 in
2693 605 2861 652 morte
2881 597 2947 649 ⁸⁵.
2979 596 3093 650 Hoc
3113 606 3217 658 est,
3260 610 3329 649 ne
3353 611 3478 649 cum

1904 688 2151 743 solvetur
2180 704 2347 743 carne
2379 690 2578 753 anima,
2612 691 3013 746 obtenebretur
3039 688 3237 743 mortis
3260 690 3480 742 malitia.-

1903 782 2046 834 velo.
2078 779 2215 835 Illud
2262 789 2522 849 praetcrea
2550 797 2562 835 :
2594 780 2786 836 Revela
2818 781 2994 835 oculos
3022 796 3184 843 meos,
3211 789 3259 833 et
3306 783 3461 833 consi-

1905 871 2095 925 derabo
2149 872 2418 926 mirabilia
2470 873 2533 925 de
2580 871 2690 941 lege
2752 880 2842 925 tua
2894 873 2963 926 “.
3019 870 3158 925 Illud
3216 887 3475 940 quoque:

1905 961 2103 1017 Emitte
2130 964 2294 1017 lucem
2322 973 2469 1017 tuam
2494 974 2541 1018 et
2560 965 2834 1018 veritatem
2859 973 3005 1015 tuam
3023 976 3044 1018 :
3064 964 3179 1033 ipsa
3204 980 3284 1016 me
3315 964 3480 1015 dedu-

1905 1063 2019 1107 cent
2053 1063 2102 1108 et
2135 1056 2395 1109 adducent
2420 1057 2475 1109 in
2513 1064 2739 1108 montem
2769 1065 3011 1109 sanctum
3056 1064 3205 1110 tuum
3230 1064 3276 1107 et
3305 1056 3359 1106 in
3391 1064 3477 1106 ta-

1907 1146 2193 1200 bernacula
2224 1158 2316 1200 tua
2355 1148 2421 1200 ".
2470 1148 2574 1202 Scd
2608 1156 2663 1201 et
2706 1147 2838 1201 illud
2867 1148 3067 1201 etiam:
3104 1146 3379 1215 Signatum
3409 1155 3482 1198 est

1914 1252 2071 1306 super
2095 1254 2187 1290 nos
2224 1237 2399 1290 lumen
2422 1239 2595 1290 cultus
2622 1239 2716 1303 tui,
2747 1237 2964 1290 Domine
2982 1239 3045 1291 “.
3085 1238 3151 1292 Et
3184 1239 3392 1304 reliqua
3429 1237 3481 1289 in

1905 1342 2069 1381 unam
2101 1329 2462 1397 eamdemque
2486 1342 2652 1397 quam
2706 1328 2969 1397 proposui
3000 1329 3328 1382 sententiam
3352 1340 3484 1378 con-

1903 1418 2135 1489 spirant.

1983 1593 2148 1662 218
2174 1592 2365 1648 XXIII.
2423 1594 2518 1648 Illa
2547 1595 2679 1648 item
2707 1609 2829 1662 qua
2865 1592 3025 1647 beato
3059 1592 3228 1647 Paulo
3261 1592 3484 1645 circum-

1911 1682 2117 1751 fulcisse
2144 1685 2234 1737 tua:
2255 1686 2299 1716 “
2328 1684 2531 1737 dicitur
2560 1684 2615 1737 in
2644 1684 2751 1746 via,
2776 1700 2872 1752 per
2900 1699 3064 1752 quam
3090 1692 3145 1736 et
3170 1684 3225 1736 in
3260 1684 3480 1737 tertium

1906 1773 2113 1827 calum
2142 1775 2391 1827 elevatus
2416 1782 2501 1827 est
2532 1774 2598 1837 ⁷⁸,
2629 1782 2685 1827 et
2705 1774 3091 1843 mysteriorum
3122 1775 3482 1828 ineﬂ‘abilium

1906 1863 2126 1917 auditor
2150 1863 2343 1927 factus,
2376 1879 2484 1917 non
2538 1864 2993 1919 intellectualinm
3027 1881 3288 1920 sensuum
3314 1874 3369 1919 et
3394 1880 3485 1918 co-

1907 1953 2169 2021 gnitionis
2190 1953 2523 2007 illuminatio
2538 1964 2686 2019 erat;
2715 1954 2810 2008 sed
2835 1955 3055 2008 virtutis
3080 1955 3210 2009 boni
3244 1955 3485 2023 Spiritus

1911 2041 1966 2096 in
2021 2043 2332 2097 substantia
2387 2043 2442 2096 in
2512 2043 2692 2096 anima
2749 2045 2887 2098 facta
2948 2046 3270 2099 irradiatio:
3327 2046 3485 2113 cujus

1903 2146 2191 2186 excessum
2225 2132 2534 2200 splendoris
2574 2148 2683 2187 non
2716 2133 2953 2187 ferentes
2976 2136 3158 2188 carnis
3187 2135 3349 2197 oculi,
3383 2150 3481 2188 cx-

1904 2223 2090 2277 aecati
2128 2231 2287 2287 sunt;
2322 2238 2420 2292 per
2450 2239 2612 2292 quam
2647 2233 2702 2277 et
2721 2225 2900 2279 omnis
2924 2225 3152 2279 scientia
3187 2228 3481 2287 revelatur,

1904 2324 1963 2367 et
2000 2313 2066 2367 ad
2096 2315 2383 2368 veritatem
2408 2314 2554 2367 Deus
2589 2314 2767 2384 digna:
2792 2323 2848 2369 et
2874 2326 3067 2369 amatae
3096 2316 3295 2370 anima:
3327 2317 3485 2370 inno-

1909 2406 2088 2460 tescit.

1976 2493 2165 2550 XXIV.
2206 2494 2399 2550 Omnis
2423 2496 2626 2559 anima,
2650 2511 2771 2565 quae
2796 2512 2897 2566 per
2939 2498 3185 2552 studium
3218 2506 3274 2551 et
3320 2497 3481 2553 ﬁdem

1906 2585 2207 2656 perfectam
2264 2585 2319 2639 in
2362 2585 2564 2640 virtute
2596 2595 2651 2639 et
2705 2586 2865 2655 plena
2912 2588 3243 2642 certitudine
3270 2590 3482 2657 gratim,

1912 2678 2079 2749 digna
2109 2677 2251 2732 facta
2304 2686 2388 2733 est
2417 2694 2537 2747 quae
2562 2677 2847 2732 Christum
2905 2677 3161 2734 indueret
3185 2682 3298 2750 jam
3336 2681 3486 2747 hinc,

1908 2777 1967 2825 et
1994 2768 2371 2837 supercmlesti
2403 2767 2842 2837 incorruptibilis
2886 2769 3139 2839 imaginis
3164 2770 3271 2824 luci
3297 2771 3487 2826 unire-

1912 2862 2035 2921 tur;
2069 2870 2134 2909 ea
2179 2869 2328 2909 nunc
2352 2856 2577 2925 quidem
2612 2856 2927 2925 cognitione
2951 2858 3256 2911 cmlestium
3282 2869 3490 2928 mystc-

1914 2942 2123 2996 riorum
2159 2942 2213 2995 in
2235 2941 2564 3004 substantia,
2623 2951 2682 2996 et
2732 2951 2897 3010 prout
2942 2953 3092 3004 sunt,
3139 2944 3487 3012 impertitur;

1915 3032 1973 3085 in
2027 3048 2223 3102 magna
2260 3047 2392 3087 vero
2452 3032 2876 3087 resurrectionis
2909 3031 3019 3097 die,
3045 3034 3237 3088 eadem
3270 3035 3359 3089 illa
3392 3051 3490 3089 su-

1841 3149 1885 3209 α
1917 3122 2256 3192 perchestis
2282 3121 2549 3176 claritatis
2579 3122 2816 3191 imagine
2842 3137 3045 3192 corpus
3069 3129 3289 3193 quoqtie
3316 3125 3493 3192 ipsius

1924 3211 2309 3281 gloriﬁcatum,
2339 3220 2395 3265 et
2426 3227 2458 3265 a
2499 3211 2725 3280 Spiritu,
2762 3213 2903 3266 sicut
2933 3214 3195 3281 scriptum
3224 3224 3308 3267 est
3342 3215 3407 3279 ",
3435 3215 3491 3269 in

1926 3304 2101 3358 cmlos
2136 3312 2389 3372 raptum:
2417 3311 2473 3357 et
2526 3312 2676 3357 tanta
2704 3304 3019 3374 dignatione
3045 3306 3395 3369 honoratum.
3431 3318 3493 3362 ut

1926 3393 2301 3463 conﬁguretur
2322 3393 2542 3462 corpori
2578 3395 2847 3448 claritatis
2877 3396 3019 3465 ejus,
3053 3412 3278 3465 regnum
3329 3411 3491 3451 aeter-

1924 3497 2057 3535 num
2086 3481 2467 3536 vicissitudine
2524 3484 2937 3538 successionum
3004 3501 3222 3552 carens,
3271 3486 3493 3543 Christo

1926 3568 2030 3640 ipsi
2060 3572 2265 3641 collega
2291 3580 2347 3625 et
2368 3586 2594 3625 consors
2622 3572 2847 3627 habebit
2873 3574 2938 3627 ".

2000 3660 2167 3715 XXV.
2198 3660 2473 3727 Quantum
2509 3662 2634 3730 quis
2696 3664 2919 3733 proprio
2968 3665 3152 3719 studio
3200 3674 3255 3719 et
3284 3664 3388 3719 ﬁde
3424 3666 3493 3720 de

1930 3752 2144 3806 caelesti
2215 3752 2463 3807 claritate
2524 3752 2764 3821 Spiritus
2829 3756 3004 3808 sancti
3060 3756 3491 3823 participaverit,

1927 3840 2272 3910 animamque
2297 3842 2460 3896 bonis
2486 3842 2749 3911 operibus
2770 3845 3079 3904 ornaverit;
3106 3853 3256 3899 tanto
3272 3845 3496 3913 dignius

1930 3931 2132 3987 eﬂiciet
2185 3947 2386 4001 corpus
2438 3948 2597 3987 suum
2646 3934 3080 4003 gloriﬁcatione,
3146 3951 3268 4003 qua
3308 3936 3383 3988 illi
3436 3935 3492 3987 in

1929 4025 2076 4078 illam
2115 4026 2541 4081 resurrectionis
2588 4026 2733 4081 diem
2770 4036 3108 4080 reservatur.
3149 4027 3304 4092 Quod
3345 4028 3493 4080 enim

1928 4116 2161 4185 quisque
2225 4116 2374 4170 intus
2419 4131 2568 4170 nunc
2605 4117 2872 4179 condidit,
2905 4126 3033 4172 tunc
3074 4118 3317 4186 prodiliit
3343 4127 3494 4171 exte-

1930 4204 2078 4269 rius;
2103 4206 2563 4273 quemadmodum
2605 4221 2725 4273 qua:
2765 4221 2861 4275 per
2896 4206 3129 4260 hiemem
3170 4207 3223 4259 in
3256 4208 3374 4261 sinu
3402 4225 3492 4261 ar-

1930 4294 2127 4349 borum
2156 4296 2288 4349 latet
2330 4298 2415 4350 vis
2446 4297 2765 4364 generativa
2805 4295 3104 4358 fructuum,
3144 4312 3310 4351 verna
3353 4307 3492 4350 tem-

1930 4385 2080 4455 perie
2110 4400 2168 4439 se
2207 4384 2353 4438 foras
2403 4384 2636 4449 exserit;
2697 4394 2757 4439 ut
2785 4394 2841 4440 et
2866 4386 3299 4439 demonstratum
3334 4402 3495 4453 snpe-

254 4480 354 4530 νῦν
384 4478 528 4530 ἔνδον
562 4477 749 4546 ὥσπερ
781 4478 1171 4539 ὲντυπωθεϊσα,
1205 4477 1299 4530 καὶ
1328 4477 1387 4528 τὸ
1412 4475 1571 4545 σῶμα
1601 4475 1828 4537 Θεοειδὲς
1856 4488 1904 4547 ι)
1934 4492 1935 4526 1

1810 4491 1828 4537 ;
1856 4488 1904 4547 ι)
1934 4476 2048 4528 rius
2071 4481 2174 4528 est.
2226 4473 2494 4542 impressa
2529 4490 2661 4543 ergo
2710 4476 2992 4529 mentibus
3031 4486 3342 4529 sanctorum
3373 4476 3491 4528 dci-

256 4569 366 4630 ἒξω
419 4570 511 4619 καὶ
566 4566 814 4634 capsum.
853 4567 1261 4634 ἀπεργάσεται·
1312 4565 1421 4618 τῶν
1474 4564 1713 4634 βεϐήλων
1772 4565 1828 4617 δὲ
1925 4566 1937 4620 l

1808 4566 1828 4617 ι
1925 4565 2117 4620 formis
2171 4566 2345 4633 imago
2380 4564 2639 4633 Spiritus,
2670 4581 2790 4634 qua
2825 4566 2879 4619 in
2912 4568 3129 4619 occulto
3166 4582 3312 4618 nunc
3342 4566 3489 4621 latet.

257 4658 356 4709 καὶ
396 4653 733 4723 ἁμαρτωλῶν
779 4653 838 4705 τὸ
892 4653 983 4705 τοῦ
1042 4652 1306 4721 κοσμικοῦ
1366 4654 1678 4723 Πνεύματος
1730 4652 1830 4704 κά-

1926 4671 2126 4724 corpus
2178 4670 2398 4725 quoque
2443 4656 2628 4709 divina
2691 4658 2873 4724 specie
2929 4658 3140 4720 induet,
3188 4667 3244 4710 et
3273 4660 3493 4711 caeli-ste

258 4750 451 4815 λυμμα
513 4746 803 4814 περιϐαλὸν
858 4746 957 4815 τὴν
988 4744 1187 4814 ψυχὴν,
1236 4744 1331 4798 καὶ
1367 4747 1432 4814 τῇ
1488 4746 1595 4797 τῶν
1646 4742 1831 4796 παθῶν
1926 4760 1939 4797 ι

1812 4760 1831 4795 ν
1926 4743 2159 4808 elliciet;
2205 4743 2558 4811 profanorum
2609 4759 2743 4798 vero
2788 4760 2852 4797 ac
2908 4746 3288 4807 scelestorum,
3348 4748 3493 4813 quod

258 4860 282 4892 ε
296 4840 528 4908 Ξὸεχθείᾳ.
548 4841 844 4902 σκοτεινὸν,
870 4838 921 4889 οί
938 4855 1048 4905 μοι,
1066 4838 1157 4889 τὸν
1174 4837 1297 4889 νοῦν
1319 4837 1410 4889 καὶ
1432 4835 1718 4905 ἀσχήμονα
1735 4850 1834 4885 κα-

258 4927 560 4993 ταστήσειν,
598 4925 871 4979 σκοτεινὸν
918 4928 1037 4995 ἃμα
1080 4925 1260 4977 καὶτὸ
1290 4924 1468 4992 σῶμα,
1515 4923 1611 4977 καὶ
1643 4921 1834 4991 αἰσχύ-

259 5036 360 5090 νης
390 5019 608 5089 ἑμπλεω
649 5019 826 5089 πάσης
858 5018 1053 5082 ἔξωθεν
1083 5016 1442 5083 ἀποδείξεται.

337 5280 483 5346 KG’.
516 5279 726 5347 Ὠσπερ
755 5277 897 5329 κατὰ
925 5278 1022 5347 τὴν
1048 5276 1359 5349 παράϐασιν
1396 5277 1490 5331 τοῦ
1533 5277 1701 5348 Ἀδὰμ
1735 5277 1833 5331 θά-

264 5385 427 5424 νατον
460 5367 621 5420 αὑτοῦ
649 5367 1176 5439 καταψηφισαμένης
1202 5368 1301 5437 τῆς
1334 5368 1429 5421 τοῦ
1465 5368 1599 5421 Θεοῦ
1628 5369 1830 5437 ἀγαθό-

1929 4848 2077 4887 nunc
2138 4832 2400 4887 mundani
2448 4834 2673 4902 spiritus
2726 4835 2973 4887 velamen
3027 4835 3493 4898 circuminvolvit,

1933 4922 2209 4976 deformes
2244 4922 2589 4991 stigmatibus
2632 4922 2945 4981 criminum.
2998 4935 3340 4992 mentesque,
3388 4925 3495 4977 heu

1936 5014 2055 5066 mel
2112 5012 2379 5081 ipsorum,
2409 5012 2729 5065 tenebrosas
2770 5020 2825 5067 et
2857 5012 3028 5066 fmdas
3087 5014 3299 5076 reddit,
3368 5026 3497 5068 tunc

1934 5103 2099 5156 etiam
2130 5118 2361 5171 corpora
2392 5103 2693 5163 maculosa,
2738 5104 2793 5156 in
2820 5119 3095 5157 summum
3124 5106 3297 5173 palam
3331 5106 3469 5159 dede

1937 5206 2035 5245 cus
2066 5192 2311 5245 omnium
2354 5192 2529 5245 oculis
2553 5192 2829 5246 ostendet.

2008 5282 2196 5337 XXVI.
2225 5282 2691 5347 Quemadmodum
2709 5290 2832 5351 post
2855 5283 3337 5353 transgressionem
3358 5284 3501 5339 Ada-

1938 5375 2033 5437 mi,
2063 5374 2170 5427 lata
2214 5374 2270 5426 in
2310 5388 2435 5425 eum
2466 5374 2735 5427 sententia
2770 5374 2964 5427 mortis
2992 5374 3142 5441 justo
3179 5375 3275 5427 Dei
3306 5376 3499 5443 optimi

262 5476 451 5530 τητος,
486 5459 646 5512 τοῦτο
680 5459 895 5529 πρῶτον
936 5460 1033 5529 μὲν
1070 5460 1276 5531 ὑπέστη
1320 5459 1462 5513 κατὰ
1484 5460 1692 5531 ψυχὴν,
1725 5460 1833 5513 τῶν
1932 5466 1943 5535 j

1820 5478 1833 5513 ι
1932 5464 2163 5535 judicio,
2198 5464 2437 5532 primum
2495 5464 2834 5518 exsecutioni
2865 5465 3119 5518 mandata
3167 5474 3251 5519 est
3293 5467 3348 5519 in
3379 5468 3501 5535 ejus

266 5553 470 5621 νοερῶν
498 5552 668 5621 αὐτῆς
697 5549 1065 5622 αἰσθητηρίων
1086 5554 1154 5622 τῇ
1188 5552 1439 5623 στερήσει
1473 5550 1571 5621 τῆς
1600 5553 1835 5621 ἐπουρα-

341 5704 387 5735 ⁶⁸
409 5704 452 5757 ll
495 5703 621 5759 Cor.
653 5721 726 5765 Iv,
757 5704 809 5760 6.

268 5776 321 5811 τ’
354 5773 395 5829 ll
429 5774 555 5829 Cor.
579 5791 673 5838 an,
702 5775 751 5827 2.
866 5775 907 5805 ⁷¹
937 5772 1175 5829 lThcss.
1206 5789 1279 5841 γι,
1312 5773 1395 5829 lo.

920 5705 965 5775 ’ξ
986 5703 1132 5775 fsal.
1158 5720 1263 5771 xu,
1296 5705 1369 5775 «LA
1442 5705 1487 5737 “
1530 5705 1673 5759 Psal.
1703 5721 1885 5769 cum,
1913 5708 2000 5761 18.
2087 5709 2128 5739 ιτ
2147 5708 2289 5764 ῐιεει,
2316 5723 2433 5775 χιιι,
2456 5708 2510 5761 '5,

1510 5775 1557 5806 "
1579 5775 1815 5845 Philipp.
1844 5790 1921 5845 lli,
1952 5776 2040 5832 2i.

1934 5554 2141 5619 anima,
2164 5568 2295 5608 vere
2319 5568 2415 5623 per
2442 5563 2725 5624 peccatum
2755 5554 2869 5624 jam
2903 5563 3017 5608 tum
3057 5564 3296 5621 mortua,
3332 5555 3500 5609 intel-

2606 5710 2655 5757 ."
2682 5710 2822 5765 Psal.
2856 5729 2927 5773 ιγ,
2950 5711 2993 5762 7.
3111 5714 3155 5743 “
3185 5713 3285 5767 Act
3334 5729 3410 5776 ιι,
3440 5713 3497 5769 5.
