4258 6358
800 383 907 447 959

2040 385 2101 447 S.
2128 384 2445 445 MACABII
2484 386 2803 450 [EGYPTII

3938 395 4040 460 960

806 494 1139 549 lectualibus
1164 494 1286 565 ejus
1312 494 1584 553 sensibus.
1604 509 1704 565 per
1726 493 2088 564 privationem
2125 494 2366 549 caelestis
2394 500 2439 553 Δ
2466 515 2487 550 ν

2360 500 2439 553 ιΔ
2466 497 2578 550 νίου
2643 500 2740 551 καὶ
2807 500 3186 571 πνευματικῆς
3236 500 3592 565 ἀπολαύσεως
3650 502 4041 557 ἀπεσϐηκότων

803 595 861 640 et
898 586 1201 655 spiritualis
1239 588 1447 656 gratiae,
1495 587 1799 648 exstinctis,
1830 596 1879 639 et
1924 587 1989 639 ad
2025 595 2363 639 mortuorum

806 676 1223 729 similitudinem
1278 676 1551 731 redactis:
1587 677 1860 746 posterius
1896 692 2023 729 vero
2054 676 2121 728 ad
2167 689 2367 744 corpus

806 784 1025 837 quoque
1054 785 1201 822 mors
1230 772 1501 837 pervenit,
1535 770 1767 838 expletis
1793 769 2058 823 trahendo
2080 768 2366 821 mortalem

804 859 969 910 vitam
994 859 1149 912 annis
1178 861 1396 929 triginta
1452 876 1617 929 supra
1658 868 1993 927 nongentos:
2020 859 2098 912 sic
2127 869 2182 912 et
2222 872 2369 911 nunc

805 963 902 1014 per
932 964 1149 1001 erucem
1200 960 1255 1002 et
1307 960 1537 1004 mortem
1579 950 1872 1002 Salvatoris
1918 950 2155 1002 humano
2182 948 2368 1019 generi

806 1038 1189 1090 reconciliatus
1221 1039 1382 1099 Deus,
1427 1040 1666 1094 restituit
1712 1052 1839 1093 vere
1888 1041 2204 1093 credentem
2248 1039 2369 1093 ani-

805 1142 947 1179 mam
1003 1128 1183 1182 adhuc
1226 1130 1376 1182 carni
1413 1129 1721 1184 devinctam
1767 1131 1820 1183 in
1863 1130 2181 1184 fruitionem
2214 1132 2373 1200 spiri-

810 1219 1035 1271 tualium
1064 1219 1330 1272 luminum
1367 1232 1423 1275 et
1450 1222 1858 1290 mysteriorum,
1884 1230 1940 1273 et
1976 1221 2372 1276 intellectuales

805 1312 925 1376 ejus
976 1325 1171 1363 sensus
1215 1310 1397 1363 divina
1465 1312 1585 1363 luce
1634 1311 1822 1379 gratias
1856 1312 2107 1365 oculatos
2156 1312 2369 1377 reddit;

807 1402 1043 1469 denique
1098 1401 1272 1468 ipsum
1326 1402 1490 1454 etiam
1535 1418 1736 1469 corpus
1772 1404 2064 1459 immortali
2103 1413 2156 1456 et
2191 1405 2374 1458 incor-

808 1490 1054 1557 ruptibili
1082 1491 1492 1543 circumvcstiet
1524 1492 1797 1545 claritate.

879 1578 1089 1631 XXVII.
1123 1576 1225 1642 Qui
1255 1594 1312 1631 se
1342 1579 1409 1631 ab
1439 1580 1541 1632 hoc
1566 1580 1768 1631 mundo
1794 1580 1983 1646 procul
2010 1588 2218 1643 tenent,
2252 1595 2376 1633 san-

808 1676 895 1721 cte
944 1677 1000 1720 et
1059 1683 1127 1721 ex
1176 1668 1442 1721 virtutum
1496 1670 1834 1737 praescriptis
1862 1668 2152 1734 viventes;
2198 1669 2377 1721 adhuc

811 1765 991 1811 tamen
1042 1757 1355 1810 velamento
1389 1758 1867 1826 perturbationum
1900 1758 2199 1811 inumbrati
2227 1775 2241 1821 ;
2287 1758 2374 1810 cui

2468 590 2637 659 αὐτῷ,
2668 593 2763 643 καὶ
2795 592 3005 660 νεκρῶν
3034 592 3221 665 ῶσπερ
3257 594 3637 663 γεγενημένων
3662 610 3676 624 ο
3725 594 3958 662 ὕστερον
3993 596 4042 647 δὲ

2466 679 2559 730 καὶ
2604 680 2634 731 6
2670 680 2763 731 τοῦ
2807 681 3058 749 σώματος
3095 680 3323 742 Θάνατος
3365 680 3505 751 μετά
3534 697 3596 747 γε
3623 681 3918 748 τριάκοντα
3954 680 4045 747 ἐτη

2468 770 2602 837 πρὸς
2654 773 2763 833 τοῖς
2827 772 3188 835 ἐννεακοσίόις
3251 774 3538 839 ἐπεγένετο
3567 787 3583 803 ⁶
3632 770 3774 823 οὕτω
3822 771 3920 821 νῦν
3964 771 4049 821 διὰ

2470 862 2701 929 σταυροῦ
2734 863 2825 914 καὶ
2852 863 3084 916 θανάτου
3124 863 3215 915 τοῦ
3268 865 3515 932 Σωτῆρος
3558 866 3622 932 τῇ
3667 862 4048 930 ἀνθρωπότῃτι

2470 956 2831 1023 καταλλαγεὶς
2863 957 2891 1007 6
2922 956 3074 1017 Θεὸς.
3107 956 3513 1023 ἀποκαθίστησι
3552 954 3649 1024 τὴν
3676 955 4049 1005 πιστεύσασαν

2470 1046 2526 1099 ἐν
2576 1045 2803 1115 ἀληθείᾳ
2835 1045 3012 1115 ψυχὴν
3044 1048 3124 1099 ἔτι
3172 1048 3229 1099 ἐν
3277 1048 3440 1116 σαρκὶ
3490 1045 3653 1100 οὖσαν
3691 1048 3768 1108 εἰς
3806 1046 3908 1114 τὴν
3942 1044 4049 1097 τῶν

2469 1136 2736 1207 οὐρανίων
2777 1136 2969 1204 φώτων
3014 1142 3105 1191 καὶ
3138 1141 3454 1209 μυστηρίων
3494 1140 3816 1201 ἀπόλαυσιν,
3849 1138 3948 1189 καὶ
3984 1137 4052 1190 τὰ

2471 1230 2631 1300 νοερὰ
2684 1232 2853 1301 αὐτῆς
2895 1232 3225 1303 αἰσθητήρια
3263 1235 3341 1303 τῷ
3383 1234 3515 1303 θείῳ
3569 1234 3728 1285 πάλιν
3765 1232 3909 1300 φωτὶ
3952 1234 4053 1300 τῆς

2473 1322 2691 1391 χάριτος
2715 1324 2985 1390 ὀμματοῖ·
3025 1325 3251 1394 ὕστερον
3296 1325 3352 1376 δὲ
3385 1324 3479 1377 καὶ
3526 1324 3672 1391 αὐτῷ
3712 1323 3790 1393 τῷ
3834 1322 4053 1393 σώματι

2472 1413 2738 1467 ἀθάνατόν
2772 1431 2830 1465 τε
2851 1416 2946 1466 καὶ
2981 1414 3256 1486 ἄφθαρτον
3285 1415 3569 1485 περιδαλεῖ
3590 1414 3766 1477 δόξαν.

2548 1590 2676 1643 KZ'.
2709 1589 2770 1641 Οἱ
2799 1588 2891 1640 τοῦ
2935 1588 3142 1656 κόσμου
3164 1586 3316 1639 τοῦδε
3370 1586 3584 1656 μακρὰν
3608 1585 3910 1655 γενόμενοι,
3960 1587 4061 1636 καὶ

2478 1675 2691 1743 σεμνῶς
2735 1676 2833 1744 μὲν
2860 1673 3292 1759 καλξξξιλαρέτως
3342 1673 3791 1740 πολιτευόμενοι·
3856 1672 3938 1723 ἔτι
4001 1673 4060 1722 δὲ

2476 1762 2795 1831 καλύμματι
2829 1762 2936 1813 τῶν
2966 1762 3152 1815 παθῶν
3184 1762 3552 1829 ὑποκείμενοι,
3585 1762 3660 1823 ὡς
3686 1761 3773 1813 διά
3817 1761 3918 1829 τῆς
3957 1759 4062 1812 τοῦ

810 1845 1067 1909 miserias,
1101 1847 1775 1915 propterinobedientiam
1808 1848 2129 1915 protoplasti
2154 1848 2375 1900 obnoxii
2410 1837 2450 1890 Β
2480 1871 2491 1903 1

2410 1837 2450 1890 Β
2480 1852 2900 1920 πρωτοτνλάστου
2930 1851 3215 1919 παρακοῆς
3252 1849 3423 1919 ἔνοχοι
3450 1850 3796 1919 κατέστημεν
3826 1850 4060 1911 πάντες,

809 1954 1001 1993 onmes
1047 1954 1271 2000 sumus,
1332 1940 1553 2002 carnali,
1597 1938 1839 2005 inquam,
1896 1938 2131 2004 subjecti
2165 1939 2373 2003 sensui,

810 2047 974 2101 quem
998 2031 1291 2099 Apostolus
1333 2041 1552 2083 mortem
1595 2031 1790 2084 merito
1844 2030 2175 2098 appellat";
2209 2030 2265 2083 hi
2307 2030 2380 2083 si-

811 2122 971 2180 miles
1018 2128 1145 2174 sunt
1203 2120 1521 2173 hominibus
1574 2130 1739 2172 noctu
1801 2120 1903 2172 iter
1946 2118 2255 2186 agentibus,
2308 2118 2376 2171 ad

811 2218 987 2270 lucem
1018 2227 1315 2279 astrorum,
1362 2232 1482 2285 quae
1524 2226 1651 2269 sunt
1681 2216 1774 2269 Dei
1806 2223 2095 2282 prmeepta.
2124 2214 2377 2279 Quandiu

811 2309 956 2361 enim
1007 2310 1247 2361 nondum
1309 2309 1552 2376 perfecte
1615 2307 1831 2360 liberati
1865 2307 2169 2360 atenebris
2228 2316 2377 2371 sunt,

814 2400 962 2452 clare
984 2400 1163 2452 omnia
1197 2400 1507 2467 perspicere
1536 2414 1644 2451 non
1672 2408 1918 2465 possunt.
1941 2397 2151 2462 Quibus
2173 2407 2231 2452 et
2253 2414 2382 2453 con-

812 2495 983 2553 venit.
1026 2495 1214 2549 labore
1275 2510 1337 2547 ac
1386 2494 1510 2557 ﬁde,
1562 2494 1752 2547 virtuti
1816 2495 2173 2560 attendendo,
2226 2510 2381 2549 orare

813 2583 1092 2637 Christum
1129 2585 1291 2652 219
1325 2586 1495 2637 solem
1529 2584 1772 2653 justitiaa,
1815 2593 1875 2637 ut
1918 2586 2192 2638 illuminet
2217 2586 2383 2638 corda

818 2673 1097 2741 ipsorum,
1148 2690 1257 2742 quo
1319 2674 1531 2741 possint
1585 2682 1773 2728 exacte
1816 2674 2101 2743 pervidere
2164 2684 2382 2737 cuncta,

816 2775 874 2817 et
926 2764 1296 2831 spiritualium
1326 2764 1625 2817 bestiarum
1651 2764 1927 2817 incursum
1962 2764 2016 2817 in
2044 2779 2144 2818 nos
2171 2766 2382 2818 varium

818 2861 984 2921 atque
1030 2854 1432 2921 multiplicem;
1468 2863 1523 2906 et
1559 2852 1997 2923 incorruptibilis
2046 2854 2238 2908 mundi
2268 2857 2389 2924 pul-

816 2944 1161 2997 chritudines
1192 2959 1420 2997 arcanas
1456 2943 1750 2998 ineii'abilis
1790 2954 1845 2998 et
1894 2946 2113 3000 decoris
2142 2954 2197 2999 et
2226 2948 2385 3000 volu-

819 3035 1001 3101 ptatis,
1036 3049 1145 3101 quo
1190 3034 1577 3088 scilicetmodo
1604 3036 1761 3090 valde
1779 3037 2054 3105 provectis
2078 3036 2134 3090 in
2157 3036 2386 3100 virtute,

818 3132 876 3176 et
918 3139 1151 3192 quorum
1201 3124 1460 3178 cordibus
1516 3126 1699 3178 lumen
1772 3126 2143 3182 intellectuale
2201 3129 2383 3182 radios
2414 3164 2456 3221 ο

819 3214 1064 3275 immisit,
1090 3215 1218 3268 talia
1269 3216 1450 3269 omnia
1503 3217 1790 3269 manifesta
1840 3227 1893 3271 et
1927 3218 2087 3285 plane
2146 3218 2386 3286 perfecta

816 3314 967 3358 sunt.
1014 3304 1377 3373 Perfectorr-vn
1420 3305 1565 3357 enim
1611 3314 1707 3369 est,
1737 3314 1795 3357 ut
1837 3305 2029 3359 beatus
2059 3306 2134 3358 ait
2162 3306 2385 3372 Paulus,

818 3395 1017 3448 solidus
1043 3394 1206 3455 cibus,
1227 3410 1406 3445 eorum
1428 3410 1629 3462 nempe,
1660 3396 1748 3462 qui
1779 3394 1922 3445 bonis
1945 3394 2200 3447 [cubitibus
2236 3411 2345 3446 exet
2368 3427 2383 3434 ι

818 3489 1002 3539 citatos
1033 3486 1221 3537 habent
1241 3501 1445 3548 sensus,
1474 3485 1543 3537 ad
1564 3486 1926 3537 discretionem
1954 3484 2074 3535 boni
2091 3494 2138 3535 et
2163 3484 2290 3537 mali
2319 3485 2384 3536 ⁷⁵.

822 3575 928 3629 Sed
963 3585 1016 3628 et
1043 3576 1261 3628 divinus
1288 3575 1480 3628 Petrus
1508 3575 1585 3627 ait
1612 3592 1624 3626 :
1648 3575 1713 3627 Et
1738 3591 1823 3627 vos
1846 3575 2090 3627 habentes
2117 3576 2386 3643 prop/icti-

821 3684 938 3719 cum
969 3682 1283 3730 sermonem,
1317 3669 1399 3719 cui
1425 3668 1726 3734 benefacitis
1778 3667 2125 3728 attendentes,
2156 3667 2286 3717 sicut
2310 3664 2388 3717 ln-

822 3772 992 3808 ccrnw
1037 3755 1227 3807 lucenti
1253 3756 1305 3806 in
1335 3756 1620 3823 ratiginoso
1651 3753 1782 3818 loco,
1823 3754 1981 3805 donec
2011 3756 2115 3805 dies
2137 3753 2388 3805 elucescat

822 3857 871 3899 et
901 3847 1082 3914 lucifer
1107 3847 1386 3899 oriaturin
1407 3847 1643 3898 cordibus
1673 3846 1939 3898 vestris".
1966 3844 2170 3912 Vulgus
2203 3854 2387 3897 autem

823 3934 957 3985 nihil
1004 3934 1160 3999 plane
1192 3931 1375 3984 diIIert
1402 3931 1471 3984 ab
1520 3932 1652 3995 illis,
1700 3932 1793 3999 qui
1833 3946 1929 3998 per
1970 3938 2205 3991 noctem,
2238 3929 2386 3982 omni

823 4034 1097 4076 carentem
1162 4023 1389 4087 lumine,
1422 4023 1739 4086 ambulant,
1801 4036 1901 4075 nec
1946 4020 2171 4073 minimo
2202 4022 2385 4090 splen-

823 4115 959 4167 dore
1010 4114 1306 4176 fruuntur;
1361 4113 1414 4166 id
1457 4112 1602 4180 quod
1631 4120 1715 4167 est
1756 4112 1993 4165 Verbum
2023 4112 2139 4175 Dei,
2181 4112 2388 4167 animas

821 4218 1011 4257 eorum
1067 4203 1379 4255 illuminare
1414 4202 1637 4265 valens;
1682 4209 1739 4254 ut
1787 4202 1906 4255 lere
1960 4216 2069 4253 non
2096 4200 2389 4254 dissimiles

822 4290 981 4346 Cascis
1006 4291 1137 4345 sint.
1171 4291 1491 4360 llujusmodi
1542 4291 1791 4345 homines
1845 4301 1972 4346 sunt
2013 4292 2387 4345 matcrialibus

822 4380 1085 4449 implicati
1130 4382 1298 4445 curis,
1329 4389 1384 4434 et
1410 4382 1753 4434 saecularium
1781 4381 2015 4435 nexibus
2044 4382 2386 4450 negotiorum

2476 1943 2535 1993 τὸ
2583 1940 2845 2010 σαρκικόν
2889 1957 3032 2008 φημι
3084 1940 3361 2008 φρόνημα,
3415 1938 3443 1991 6
3482 1939 3576 1992 καὶ
3626 1939 3705 2008 τῷ
3745 1940 4067 2008 Ἀποστόλῳ

2478 2032 2731 2097 θάνατος
2768 2032 2983 2093 οἰκείως
3028 2030 3228 2101 ἐκλήθη
3259 2047 3272 2061 ·
3310 2024 3457 2083 οὗτοι
3503 2031 3878 2101 παραπλήσιοί
3923 2034 4066 2083 είσιν

2477 2123 2785 2193 ἀνθρώποις
2844 2123 3039 2185 νυκτὸς
3100 2123 3198 2191 μὲν
3261 2122 3599 2191 βαδίζουσιν,
3681 2122 3787 2174 ὑπὸ
3845 2121 3902 2174 δὲ
3951 2122 4069 2174 τῶν

2477 2215 2714 2283 ἄστρων,
2746 2214 2889 2283 ἅπερ
2916 2214 3054 2265 εἰσὶν
3083 2215 3137 2265 αἱ
3169 2212 3263 2264 τοῦ
3293 2212 3429 2265 Θεοῦ
3456 2212 3683 2277 ἐντολαὶ,
3710 2210 4069 2277 καταυγαζό-

2482 2304 2681 2373 μένοις.
2730 2303 2895 2355 υΰπω
2930 2304 3038 2372 γάρ
3086 2305 3166 2366 είς
3212 2303 3364 2366 τέλος
3408 2302 3502 2355 τοῦ
3550 2304 3775 2365 σκότους
3823 2303 4049 2355 ἀπαλλα

2479 2398 2641 2464 γεῖσι,
2675 2396 2857 2458 καλῶς
2889 2396 3106 2449 ἅπαντα
3150 2396 3507 2449 κατοπτεύειν
3553 2397 3736 2458 αὐτοῖς
3776 2394 4070 2448 ἀδύνατον.

2481 2484 2574 2551 Οἷς
2602 2490 2692 2543 καὶ
2726 2490 3001 2558 προσῆκόν
3046 2490 3183 2553 ἐστι,
3229 2490 3377 2559 πόνῳ
3410 2489 3504 2541 καὶ
3544 2488 3723 2540 πίστει
3757 2487 3927 2555 πολλῇ
3962 2486 4072 2554 τῆς

2481 2582 2682 2650 ἀρετῆς
2715 2581 3171 2649 ἐπιμελουμένοις
3219 2580 3479 2649 δεηθῆναι
3510 2578 3743 2648 Χριστὸν
3782 2578 3875 2629 τὸν
3911 2576 4070 2645 ἥλιον

2482 2669 2824 2739 δικαιοσύνης
2871 2669 3174 2739 ἐπιλάμψαι
3211 2672 3330 2731 ταῖς
3373 2669 3621 2737 καρδίαις
3666 2668 3865 2733 αὐτῶν,
3923 2667 4069 2720 ὥστε

2486 2760 2785 2831 δυνηθῆναι
2811 2761 2987 2814 πάντα
3017 2762 3153 2829 πρὸς
3182 2761 3467 2831 ἀκρίϐειαν
3492 2762 3712 2825 ἐπιδεῖν,
3741 2762 3841 2829 τὴν
3870 2776 3927 2812 τε
3956 2760 4071 2811 τῶν

2485 2853 2689 2922 νοητῶν
2742 2852 2947 2922 θηρίων
2998 2852 3119 2904 καθ’
3177 2852 3333 2922 ἡμῶν
3380 2852 3623 2904 ἐπίθεσιν
3654 2852 3910 2917 ποικίλην
3970 2854 4072 2903 καὶ

2486 2945 2834 3015 παντοδαπὴν
2854 2944 3042 3009 οὖσαν,
3068 2945 3162 2996 καὶ
3189 2945 3257 2996 τά
3289 2943 3383 2996 τοῦ
3411 2944 3689 3011 ἀφθάρτου
3732 2942 3935 3010 κόσμου
3969 2945 4073 3012 δρα

2489 3036 2627 3101 ρητα
2674 3034 2772 3102 τὴν
2823 3033 2967 3101 δψιν,
3022 3034 3118 3086 καὶ
3165 3034 3265 3102 τὴν
3309 3034 3502 3102 ἡδονὴν
3554 3032 3838 3101 ἀπόρρητα
3870 3031 4071 3099 κάλλη,

2488 3127 2546 3177 ὃν
2579 3142 2643 3193 γε
2669 3125 2733 3195 δὴ
2763 3126 2964 3194 τρόπον
3006 3126 3231 3186 καὶτοῖς
3256 3125 3450 3194 ἄκροις
3480 3125 3577 3194 τὴν
3607 3125 3827 3194 ἀρετὴν,
3868 3125 3961 3175 κα¹ι
3994 3117 4074 3175 ῶν

2490 3215 2747 3285 ἐνεργοῦν
2775 3216 2832 3267 ἐν
2870 3217 2991 3278 ταῖς
3021 3215 3269 3285 καρδίαις
3294 3215 3477 3285 νοερὸν
3505 3215 3620 3283 φῶς
3647 3215 3912 3284 ἔλαμψεν,
3942 3215 4074 3265 ἐπί-

2489 3307 2623 3375 δηλα
2653 3306 2828 3359 ταῦτα
2874 3309 2969 3359 καὶ
3014 3307 3297 3375 καταφανῆ
3346 3305 3599 3373 γίνεται·
3657 3306 3903 3359 Τελείων
3937 3306 4072 3372 γὰρ,

2496 3397 2571 3459 ὡς
2593 3397 2622 3449 6
2661 3397 2929 3465 μακάριός
2966 3413 3096 3466 φησι
3124 3396 3359 3461 Παῦλος,
3390 3397 3428 3462 ἡ
3458 3396 3670 3461 στερεὰ
3700 3395 3913 3461 τροφὴ,
3950 3394 4077 3445 τῶν

2490 3488 2587 3541 διὰ
2616 3487 2730 3553 τὴν
2753 3486 2882 3549 ἕξιν
2908 3486 2980 3537 τὰ
3007 3483 3360 3551 αἰσθητήρια
3392 3482 3897 3551 γεγυμνασμένων
3921 3485 4065 3548 πριι(

2490 3580 2604 3645 τὴν
2655 3577 2762 3631 τοῦ
2806 3577 2994 3629 καλοῦ
3041 3576 3137 3628 καὶ
3187 3575 3375 3627 κακοῦ
3419 3574 3757 3640 διάκρισιν·
3807 3572 3944 3624 ἀλλὰ
3979 3577 4072 3623 καὶ

2490 3674 2517 3724 6
2545 3672 2687 3730 θεῖος
2714 3669 2919 3737 Πέτρος
2945 3668 3108 3737 φησίν
3133 3683 3148 3698 ·
3182 3667 3286 3719 Καὶ
3316 3665 3482 3732 ὑμεῖς
3515 3666 3762 3732 ἔχοντες
3791 3664 3904 3713 τὸν
3930 3676 4078 3728 προσ

2491 3760 2743 3827 φητίκὸν
2782 3761 2987 3826 λόγον,
3030 3750 3078 3823 ᾧ
3125 3754 3325 3819 καλῶς
3377 3753 3594 3806 ποιεῖτε
3638 3752 4074 3819 προσέχοντες,

2490 3857 2569 3918 ὠς
2603 3854 2809 3919 λύχνῳ
2840 3852 3115 3919 φαίνοντι
3143 3849 3212 3901 ἐν
3257 3846 3542 3915 αὐχμηρῷ
3590 3848 3769 3906 τόπῳ,
3829 3844 3944 3907 ἕως
3997 3838 4073 3895 εὖ

2489 3945 2678 4013 ’ἡμέρα
2711 3942 3007 4011 διαυγάσῃ
3034 3941 3129 3993 καὶ
3160 3941 3479 4007 φωσφόρος
3500 3938 3783 4002 ἀνατείλῃ
3825 3936 3895 3987 ἐν
3940 3934 4076 3998 ταῖς

2491 4036 2760 4102 καρδίαις
2809 4032 2995 4101 ὑμῶν.
3042 4033 3106 4084 Ol
3145 4032 3199 4084 δέ
3250 4030 3453 4091 πολλοὶ,
3503 4028 3653 4080 οὐδὲν
3697 4026 4077 4094 διενηνόχασιν

2490 4127 2714 4179 ἐκείνων
2768 4126 2875 4177 τῶν
2914 4127 2971 4176 ἐν
3014 4123 3170 4177 νυκτὶ
3220 4122 3396 4189 φωτὸς
3443 4119 3786 4172 παντάπασιν
3841 4117 4069 4185 ἀπόρων

2490 4216 2952 4287 περιπατούντων,
2978 4215 3072 4267 καὶ
3110 4215 3242 4284 μηδέ
3278 4213 3533 4282 βραχείας
3565 4210 3945 4263 ἀπολαυόντων
3976 4210 4073 4259 αύ-

2493 4310 2618 4375 γῆς,
2655 4308 2791 4377 ὅπερ
2828 4304 2944 4358 ἐστὶ
2977 4304 3119 4365 θεῖος
3150 4304 3307 4369 λόγος
3349 4304 3468 4363 ταῖς
3500 4300 3698 4368 ψυχαῖς
3745 4298 3927 4349 αὐτῶν
3959 4300 4073 4348 ἐπι-

2495 4399 2736 4466 λάμπειν
2784 4396 3101 4464 δυνάμενος,
3143 4393 3218 4453 ὡς
3261 4390 3445 4460 σχεδὸν
3495 4388 3569 4458 μὴ
3607 4382 3893 4454 ἀνομοίους
3931 4381 4072 4437 εἶναι

822 4469 1015 4531 vincti,
1050 4477 1105 4522 et
1159 4484 1337 4537 neque
1382 4468 1566 4522 divino
1602 4469 1796 4521 timore
1840 4467 2060 4527 firmati.
2088 4484 2188 4521 nec
2219 4470 2386 4521 ullum
2421 4512 2464 4566 ο
2494 4507 2503 4522 .

2421 4512 2464 4566 ι)
2494 4488 2736 4557 τυφλοῖς.
2768 4479 2926 4539 Οὗτοί
2964 4486 3071 4536 εἰσι
3101 4482 3149 4533 οἱ
3173 4482 3291 4543 ταῖς
3327 4479 3539 4539 ὑλικαῖς
3566 4476 3626 4529 τὸ
3660 4476 3779 4529 ὅλον
3803 4476 4072 4566 περιπλοέ

823 4571 1080 4616 curantes
1111 4578 1374 4616 exercere
1412 4561 1791 4615 beneﬁcentiae
1824 4570 1919 4614 aut
1952 4561 2173 4614 virtutis
2206 4563 2389 4631 cujus-

822 4652 945 4703 dam
971 4665 1130 4719 opus.
1168 4651 1382 4703 Etenim
1442 4658 1709 4718 quotquot
1755 4650 2070 4702 satcularem
2115 4660 2390 4717 utcunque

827 4741 1089 4810 degentes
1113 4740 1302 4802 vitam,
1329 4750 1530 4801 tamen,
1562 4738 1640 4792 uti
1675 4739 1883 4792 dictum
1929 4747 2034 4794 est.
2066 4753 2095 4790 a
2123 4738 2393 4793 mandatis

823 4834 1048 4896 sanctis,
1116 4834 1329 4886 veluta
1383 4831 1711 4899 quibusdam
1762 4831 2143 4884 illuminantur
2195 4833 2387 4896 stellis,

824 4926 948 4980 ﬁdei
980 4935 1035 4979 et
1064 4927 1158 4979 Dei
1197 4926 1380 4978 timori
1436 4924 1817 4988 attendentes;
1848 4924 1902 4977 lii
1941 4939 2069 4977 sane
2100 4938 2205 4976 non
2230 4940 2389 4993 pror-

823 5031 917 5069 sus
945 5015 1328 5083 comprehensi
1381 5022 1509 5067 sunt
1548 5013 1809 5079 tenebris,
1860 5012 2003 5066 unde
2028 5022 2083 5067 et
2118 5028 2268 5081 spem
2303 5029 2386 5067 sa-

822 5104 952 5157 lutis
981 5098 1184 5157 habere
1220 5112 1469 5173 possunt.

894 5308 1130 5361 XXVIII.
1168 5307 1236 5362 Ut
1270 5307 1499 5361 multum
1548 5308 1691 5361 inter
1729 5322 1787 5362 se
1839 5306 2157 5361 diﬂ‘erentes
2188 5307 2287 5363 via:
2321 5323 2385 5362 ac

825 5400 1069 5454 rationes
1093 5407 1240 5459 sunt,
1272 5398 1473 5466 quibus
1501 5398 1568 5451 ab
1600 5398 1918 5452 hominibus
1944 5398 2276 5467 colliguntur
2304 5398 2386 5451 di-

821 5490 1003 5551 vitiae;
1034 5486 1221 5554 utique
1261 5500 1384 5539 cum
1412 5486 1503 5539 alii
1532 5501 1599 5539 ex
1638 5486 2385 5555 {unctionibuspublicorum

820 5578 1256 5649 magistratuum;
1281 5576 1371 5629 alii
1395 5592 1459 5629 ex
1484 5577 1962 5631 mercimoniorum
1992 5576 2383 5647 negotiatione,

891 5751 933 5782 ⁷³
958 5750 1110 5806 Rom.
1148 5767 1242 5815 vn,
1264 5751 1354 5805 24.
1432 5753 1477 5787 τ’
1498 5750 1660 5804 Ilebr.
1685 5767 1732 5813 ν,
1765 5750 1845 5804 Η.

1947 5752 1989 5784 η
2018 5748 2060 5803 ιι
2092 5750 2233 5806 Petr.
2273 5766 2310 5817 ι,
2341 5749 2423 5804 ιθ.

2492 4581 2613 4640 καῖς
2654 4576 2889 4637 καὶτοῖς
2932 4574 3204 4643 βιωτικοῖς
3239 4571 3454 4638 ἅμμασι
3497 4566 3932 4633 καταδεδεμένοι,
3978 4565 4074 4615 καὶ

2495 4671 2629 4739 μήτε
2682 4668 2811 4736 θείῳ
2862 4665 3010 4733 φόϐῳ
3058 4659 3531 4729 διακρατούμενοι,
3587 4659 3722 4726 μήτε
3764 4655 3919 4716 τινάς
3963 4654 4073 4704 τῶν

2489 4755 2863 4827 ἀγαθοεργιῶν
2892 4753 3302 4824 μετερχόμενοι.
3331 4750 3439 4802 Καὶ
3471 4748 3579 4817 γὰρ
3615 4747 3729 4798 ὅσοι
3760 4746 3871 4795 τῶν
3896 4744 4071 4811 βιωτι-

2490 4849 2602 4902 κῶν
2630 4846 2857 4917 ἀνδρῶν,
2899 4844 3090 4912 ὥσπερ
3137 4843 3411 4903 λέλεκται,
3459 4839 3562 4891 ύπδ
3601 4836 3832 4889 ἐντολῶν
3874 4836 4069 4901 ἁγίων,

2489 4941 2562 5001 ὡς
2588 4938 2691 4991 ὑπὸ
2712 4938 2927 5003 ἄστρων
2950 4934 3108 4987 τινῶν
3143 4931 3547 4999 διαυγάζονται,
3581 4929 3758 4980 πίστει
3787 4927 3880 4979 καὶ
3920 4927 4071 4993 φόόῳ

2492 5030 2569 5098 τῷ
2608 5028 2699 5081 τοῦ
2743 5027 2876 5079 Θεοῦ
2913 5025 3269 5093 προσέχοντες
3298 5038 3314 5054 ο
3345 5017 3490 5074 οὗτοι
3549 5020 3669 5089 οὐχ).
3714 5017 3970 5079 καθάπαξ
3997 5017 4073 5084 τῷ

2494 5122 2676 5176 σκότει
2724 5118 3222 5188 περιλαμϐάνονται
3249 5131 3264 5147 ⁸
3306 5115 3439 5185 παρ’
3471 5112 3500 5166 6
3539 5113 3631 5165 καὶ
3668 5110 3858 5163 ἐλπίδα
3902 5126 4071 5177 σωτη-

2489 5214 2610 5283 ρίας
2634 5212 2778 5281 ἔχειν
2809 5209 3085 5263 δύνανται.

2555 5303 2689 5355 KH’.
2725 5300 2930 5367 Ὠσπερ
2959 5301 3021 5351 ἐκ
3054 5296 3321 5366 διαφόρων
3356 5293 3615 5363 ἀφορμῶν
3644 5307 3702 5343 τε
3746 5288 3841 5342 καὶ
3880 5291 4070 5355 ἐπιτη-

2486 5392 2774 5463 δευμάτων
2800 5392 2828 5442 6
2856 5391 2915 5457 ἐν,
2945 5388 3022 5458 τῷ
3053 5389 3244 5457 κόσμῳ
3274 5388 3386 5447 τοῖς
3411 5382 3719 5451 ἀνθρώποις
3749 5379 4069 5445 συλλέγεται

2491 5483 2721 5545 πλοῦτος
2750 5498 2765 5513 °
2797 5483 2825 5534 6
2854 5482 2958 5551 μὶν
2991 5480 3050 5543 ἐξ
3081 5476 3416 5549 ἁρχοντικῶν
3466 5474 3814 5544 ἀξιωμάτων,
3855 5471 3885 5523 6
3933 5469 3987 5521 δέ
4009 5470 4069 5535 ἐξ

2493 5574 2784 5646 ἐμπορίας,
2814 5574 2841 5627 6
2876 5572 2932 5626 δὲ
2964 5574 3027 5626 ἐκ
3070 5568 3393 5641 φιλοπονίας
3416 5566 3614 5637 δήπου,
3647 5565 3737 5618 καὶ
3771 5558 4067 5631 γεωργίας,
