4258 6358
280 379 387 447 961

1459 382 1554 442 DE
1594 381 2020 450 LIBERTATE
2059 391 2363 454 MENTIS.

3423 387 3529 450 962

277 493 378 546 καὶ
407 489 563 553 ἀλλος
594 488 769 551 άλλως
790 504 802 519 ο
837 489 937 558 τὴν
967 487 1138 559 αὐτὴν
1167 489 1281 543 οἵου
1306 505 1397 561 μοι
1428 493 1522 545 καὶ
1551 495 1665 556 τοῖς
1690 510 1856 547 πνευ-
1884 499 1931 557 Α

1844 523 1856 534 -
1884 499 1931 557 Α
1960 497 2051 551 alii
2081 512 2149 552 ex
2186 494 2435 567 diligenti
2465 493 2653 548 labore
2681 500 2736 547 et
2769 492 3099 563 agricultura
3132 508 3244 547 rem
3285 492 3525 556 faciant;

280 586 533 655 ματικοῖς
583 577 722 635 εἶναι
765 581 1029 647 διάταξιν.
1065 584 1127 634 Ol
1180 583 1280 651 μὲν
1326 584 1434 654 γάρ
1467 586 1533 639 ἑκ
1580 585 1850 657 διαφόρων

275 675 656 745 χαρισμάτων,
691 673 767 735 ὡς
792 674 854 725 τὸ
882 672 977 725 τοῦ
1016 674 1338 725 Ἀποστόλου
1362 674 1542 744 δηλοῖ·
1576 677 1856 743 Ἔχοντες

274 767 344 819 δὲ
384 766 725 833 χαρίσματα
751 764 902 817 κατὰ
929 763 1045 829 τὴν
1078 763 1257 831 χάριν
1291 763 1398 816 τοῦ
1432 765 1580 818 Θεοῦ
1611 766 1727 830 τὴν
1754 765 1854 818 δο-

275 856 492 912 θεῖσαν
516 856 663 924 ἡμῖν
690 855 963 923 διάφορα.
996 855 1058 908 Ol
1080 855 1137 908 δὲ
1158 857 1222 907 ὲκ
1243 855 1516 926 διαφόρων
1545 872 1604 909 τε
1634 856 1854 910 δικαιω-

278 946 467 1014 μάτων
509 945 602 996 καὶ
632 944 844 1013 ἀρετῶν
875 943 963 995 διά
992 943 1153 1013 μόνον
1216 944 1348 997 Θεὸν
1385 945 1710 1014 γενομένων,
1762 947 1855 998 τὸν

272 1038 600 1106 ἐπουράνιον
647 1034 963 1106 ἀθροίζουσι
1041 1035 1302 1089 πλοῦτον·
1366 1037 1508 1108 πλὴν
1580 1036 1725 1091 ἀλλ’.
1752 1039 1855 1091 οὐκ

270 1128 463 1196 ἀδηλοι
505 1129 601 1180 καὶ
637 1128 688 1179 οἱ
732 1128 824 1180 τὸν
860 1126 1062 1196 χρυσὸν
1089 1127 1510 1197 ἀνορύττοντες·
1538 1130 1589 1181 οῖ
1616 1128 1705 1182 διά
1745 1146 1855 1198 μα-

276 1218 586 1287 κροθυμίας
610 1217 704 1270 καὶ
732 1217 1010 1286 ὑπομονῆς
1037 1216 1235 1288 δηλαδὴ
1262 1220 1565 1289 τρέχοντες,
1592 1220 1687 1273 καὶ
1715 1220 1855 1273 κατὰ

280 1308 449 1377 μέρος
480 1305 745 1358 πλουτοῦν
778 1305 915 1369 τέως
940 1309 1038 1375 τῆς
1064 1307 1276 1375 ἀγαθῆς
1309 1307 1522 1370 ἐλπίδος
1553 1309 1857 1378 ὑπερηδού-

272 1411 406 1464 σης’
437 1396 539 1447 οὐκ
562 1395 746 1462 ἄδηλοι
773 1394 829 1447 δὲ
861 1395 955 1447 καὶ
982 1396 1029 1447 οἱ
1064 1394 1370 1462 καθαπερεὶ
1399 1395 1625 1465 μίσθιοι,
1656 1395 1853 1464 βλάκες

270 1487 427 1548 ὄντες
475 1487 569 1537 καὶ
602 1486 891 1554 νωχελεῖς’
933 1486 983 1538 ot
1022 1485 1226 1548 εὐθέως
1260 1486 1320 1538 τὸ
1354 1488 1629 1556 ἐμπίπτον
1664 1486 1853 1557 ὥσπερ

267 1577 567 1639 ἐσθίοντες,
621 1578 713 1627 καὶ
758 1577 832 1643 μὴ
892 1576 1010 1643 μεθ’
1055 1576 1336 1645 ὑπομονῆς
1383 1576 1450 1630 τὰ
1485 1577 1625 1645 μετά
1665 1580 1854 1647 χεῖρας

265 1666 543 1727 ἀνύοντες,
582 1666 669 1716 ἀεὶ
700 1666 894 1734 γυμνοί
940 1683 999 1717 τε
1045 1668 1141 1719 καὶ
1184 1667 1414 1735 πένητες
1450 1668 1850 1737 περιέρχονται.

263 1757 383 1812 Καὶ
419 1756 530 1824 γὰρ
573 1751 717 1809 οὗτοι
769 1756 902 1824 πρὸς
943 1756 1043 1824 μὲν
1082 1758 1143 1809 τὸ
1184 1757 1369 1810 λαὸεῖν
1393 1757 1492 1827 τὴν
1523 1760 1679 1827 χάριν
1711 1759 1853 1810 ἑτοί-

1962 588 2055 641 alii
2086 587 2305 640 aliunde
2331 605 2342 639 :
2374 600 2560 654 parem
2600 585 2732 637 mihi
2772 594 2825 637 tu
2846 598 3061 652 quoque
3084 594 3213 653 puta
3241 584 3527 639 observari

1962 688 2117 741 p0$e
2145 674 2200 728 in
2236 674 2402 727 rebus
2431 672 2809 741 spiritualibus
2857 672 3126 724 rationem
3170 680 3224 724 et
3278 673 3522 725 modum.

1958 763 2037 817 Ex
2066 764 2151 817 his
2182 764 2349 832 aliqui
2382 763 2788 830 locupletantur
2815 776 2914 814 usu
2954 760 3326 829 exercitioque
3352 762 3531 814 chari-

1957 863 2192 909 smatum
2249 853 2547 915 variorum,
2598 859 2658 905 ut
2702 850 2971 920 signiﬁcat
3006 851 3302 919 Apostolus
3346 852 3530 905 verbis

1957 945 2102 997 illis:
2139 944 2401 997 Habentes
2434 943 2744 995 donationes
2774 943 3061 995 secundum
3107 946 3362 1011 gratiam,
3412 958 3529 1012 quia

1956 1034 2084 1087 data
2110 1040 2186 1087 est
2236 1033 2401 1097 nobis,
2430 1032 2724 1102 differentes
2747 1030 2812 1084 ".
2850 1031 2957 1086 Alii
2994 1032 3284 1101 multiplici
3318 1032 3529 1087 exerci—

1956 1125 2163 1179 tatione
2180 1123 2563 1193 religiosorum
2588 1125 2725 1177 varii
2746 1123 2967 1192 generis
2986 1138 3236 1192 operum,
3263 1125 3528 1194 praxique

1954 1215 2221 1269 virtutum
2248 1229 2313 1268 ac
2340 1214 2785 1284 frequentatione
2820 1214 3182 1270 laudabilium
3230 1216 3285 1270 in
3309 1216 3527 1272 diversa

1955 1306 2138 1374 specie
2168 1304 2494 1367 ofﬁciorum,
2547 1304 2643 1358 Dei
2701 1318 2864 1358 causa
2900 1304 3063 1360 unius
3088 1305 3386 1370 abitorum,
3418 1322 3529 1360 ca:-

1954 1395 2119 1450 lestes
2149 1395 2355 1465 ingenti
2385 1395 2542 1463 c0pia
2575 1403 2878 1463 congerunt
2912 1409 3064 1463 opes.
3106 1394 3184 1448 Nc
3224 1394 3261 1447 ii
3305 1395 3528 1463 quidem

1955 1486 2011 1540 in
2044 1486 2148 1541 hac
2176 1492 2329 1554 parte
2382 1500 2492 1537 non
2547 1485 2793 1554 insignes
2821 1493 2967 1549 sunt,
3005 1486 3099 1553 qui
3144 1501 3339 1539 aurum
3388 1487 3531 1541 info-

1954 1575 2152 1640 diunt;
2184 1573 2601 1643 longanimitate
2642 1574 2897 1628 videlicet
2925 1582 2980 1627 et
3012 1574 3273 1642 patientia
3299 1590 3528 1628 curren—

1953 1677 2037 1718 tes
2070 1663 2124 1717 in
2156 1662 2387 1731 singulis
2416 1663 2555 1715 lucri
2579 1663 2865 1730 particulis
2894 1663 3199 1729 captandis,
3234 1678 3300 1714 ex
3326 1663 3527 1731 quibus

1957 1753 2137 1822 magni
2180 1752 2309 1805 olim
2353 1751 2626 1805 conﬂandi
2678 1752 2882 1805 cumuli
2944 1766 3038 1819 spe
3109 1753 3325 1805 interim
3386 1752 3525 1805 bona

268 1863 389 1915 μως
433 1821 578 1915 ἀγαν
617 1848 712 1900 καὶ
761 1821 980 1917 θερμῶς
1027 1847 1260 1917 ἔχοντες,
1315 1821 1708 1918 εὐμετάδλητοι
1756 1848 1851 1901 καὶ
1883 1821 1926 1876 Β

1843 1867 1851 1901 ι
1883 1821 1926 1876 Β
1955 1821 2216 1915 gaudent.
2265 1844 2451 1911 Neque
2496 1843 2667 1897 latent
2717 1844 2969 1896 nonnulli
3008 1844 3163 1912 quasi
3200 1843 3524 1897 mercenarii

263 1938 389 2007 ἃμα
437 1938 530 1991 τοῦ
572 1937 812 2006 ἅψασθαι
866 1939 1272 2009 κορεννύμενοι,
1327 1940 1582 2009 ἁψίκοροι
1627 1940 1684 1992 δὲ
1720 1956 1851 2009 ναρ-

262 2027 465 2090 κώδεις
510 2030 638 2099 περὶ
667 2029 727 2081 τὸ
766 2031 947 2081 πονεῖν
976 2028 1395 2099 γνωριζόμενοι,
1426 2030 1520 2083 καὶ
1556 2025 1624 2101 ἦς
1655 2028 1846 2099 ἔτυχον

260 2116 591 2181 ἀξιωθέντες
641 2116 863 2186 χάριτος
916 2119 1296 2188 ἀφαιροῦνται.
1346 2120 1618 2190 Ἀείέποτε
1646 2120 1754 2190 γάρ
1810 2122 1843 2191 ἡ

258 2207 489 2271 νωθεία,
534 2211 630 2262 καὶ
680 2210 941 2278 ἀμϐλεία,
996 2210 1089 2263 καὶ
1131 2210 1451 2282 ῆμελημένη
1502 2210 1840 2282 προαίρεσις.

260 2300 599 2368 ἀσύμφωνος
635 2303 693 2354 ὲν
743 2300 948 2371 χάριτι,
981 2299 1187 2371 ἔρημος
1220 2302 1277 2355 δὲ
1323 2303 1543 2371 ἀγαθῶν
1575 2302 1843 2373 πράξεων.

273 2392 561 2460 Ἀδόκιμος
612 2391 669 2443 δὲ
716 2393 865 2462 παρά
915 2392 1033 2461 Θεῷ
1067 2394 1161 2446 καὶ
1191 2394 1376 2458 ἄδοξος
1421 2395 1512 2447 καὶ
1548 2394 1640 2447 νῦν
1686 2394 1852 2462 έγνωο

260 2499 413 2543 σται,
446 2484 539 2534 καὶ
566 2484 623 2535 ὲν
650 2482 843 2553 ἐκείνῳ
876 2501 952 2552 τῳ
986 2486 1139 2536 αίωνι
1166 2484 1544 2555 εὑρεθήσεται.

1956 1934 2149 1988 molles
2178 1932 2341 1986 iidem
2382 1932 2696 2001 ignavique,
2727 1932 2821 1999 qui
2851 1932 3033 1986 statim
3069 1933 3238 1985 veluti
3264 1933 3527 1986 devorant

1954 2022 2326 2094 quodcunque
2385 2020 2591 2074 bonum
2645 2020 2781 2089 ipsis
2827 2022 2882 2075 in
2933 2036 3127 2075 manus
3158 2020 3372 2087 incidit,
3398 2037 3522 2075 cum

1952 2117 2125 2172 multa
2149 2112 2347 2168 exinde
2376 2113 2647 2168 deberent
2688 2113 2743 2167 in
2782 2128 2940 2167 usum
2969 2115 3214 2168 secuturi
3244 2115 3525 2183 temporis,

1948 2206 2138 2259 solerti
2169 2220 2294 2259 cum
2339 2203 2603 2274 patientia
2655 2205 2981 2259 tractatione
3023 2214 3342 2271 maturare;
3400 2207 3528 2259 hinc

1956 2302 2046 2365 sit,
2077 2314 2137 2355 ut
2161 2300 2293 2354 nudi
2327 2316 2543 2369 semper
2571 2310 2904 2369 egentesque
2928 2300 3288 2355 circumeant.
3310 2301 3525 2355 Etenim

1961 2392 2096 2445 tales
2139 2390 2205 2444 ad
2240 2391 2563 2459 capiendam
2602 2391 2824 2459 quidem
2852 2392 3081 2460 gratiam
3141 2396 3315 2460 parati
3345 2403 3399 2445 et
3438 2409 3515 2444 ar~

1961 2483 2155 2538 denter
2192 2493 2322 2537 sunt
2348 2482 2575 2551 cupidi;
2619 2497 2745 2535 mox
2784 2494 2965 2537 tamen
3020 2482 3177 2537 facile
3208 2483 3524 2551 mutabiles,

260 2586 320 2632 et
346 2592 378 2631 a
400 2578 578 2646 primo
608 2580 791 2633 statim
816 2587 1032 2649 gustatu
1060 2579 1253 2644 saturi,
1286 2580 1635 2650 pigritiaeque
1659 2580 1947 2649 comperti,
1984 2595 2046 2633 ac
2092 2580 2233 2647 fugae
2278 2576 2503 2642 laboris,
2529 2576 2623 2645 qui
2660 2576 2895 2629 debebat
2920 2573 3191 2639 adhiberi,
3220 2575 3527 2629 exercendo

260 2665 414 2735 quod
442 2676 775 2737 acceperunt
808 2668 977 2732 dono,
1013 2684 1080 2724 eo
1119 2670 1319 2724 merito
1357 2672 1668 2740 privantnr,
1695 2672 1875 2726 ablata
1906 2670 2059 2739 ipsis,
2084 2685 2190 2739 qua
2216 2669 2433 2722 fuerant
2461 2667 2627 2729 beati,
2668 2668 2861 2735 gratia.
2902 2666 3192 2735 Nunquam
3233 2666 3383 2719 enim
3415 2678 3525 2717 non

261 2756 541 2822 socordia,
569 2758 881 2821 oscitantia,
913 2758 1086 2813 hebes
1117 2759 1347 2814 tarditas
1376 2762 1573 2829 supine
1598 2776 1793 2816 secura
1815 2760 2113 2830 propositi;
2138 2759 2369 2813 dissona:
2401 2775 2490 2813 res
2518 2767 2573 2813 et
2596 2758 3033 2812 inconsentaneae
3064 2758 3251 2826 gratiae
3280 2756 3523 2810 fuerunt.

260 2846 447 2911 Quare
472 2847 568 2915 qui
603 2856 776 2901 scatet
812 2848 962 2902 hisce
989 2848 1160 2913 vitiis,
1191 2864 1390 2918 expers
1416 2864 1647 2920 operum
1686 2851 1980 2913 bonorum,
2021 2850 2166 2919 apud
2200 2850 2368 2903 Deum
2412 2850 2679 2917 reprobus
2704 2858 2759 2903 et
2796 2849 3080 2919 inglorius,
3113 2849 3191 2902 uti
3241 2850 3352 2919 jam
3380 2864 3526 2904 nunc

262 2936 603 3006 agnoscitur,
644 2940 723 2991 sic
742 2946 798 2991 et
827 2938 882 2991 in
908 2939 1093 2993 futuro
1131 2940 1331 2994 seculo
1383 2943 1707 3011 reperietur.

337 3031 440 3084 16’.
497 3032 813 3099 Παραϐάντι
873 3032 950 3101 τῷ
1005 3034 1280 3105 ἀνθρώπῳ
1331 3036 1429 3106 τὴν
1476 3036 1695 3107 ἐντολὴν
1755 3037 1850 3089 τοῦ

262 3121 427 3185 Θεοῦ,
457 3124 550 3174 καὶ
588 3125 687 3193 τῆς
724 3125 820 3176 τοῦ
852 3126 1181 3195 παραδείσου
1216 3128 1491 3195 διαγωγῆς
1540 3129 1849 3191 ὲκπεσόντι,

260 3213 413 3267 δυοῖν
458 3212 647 3283 ῶσπερ
686 3213 909 3267 ἁλύσεσι
955 3215 1196 3271 δεδέσθαι
1244 3218 1716 3289 συνηκολούθησεν
1753 3222 1849 3289 μιᾷ

267 3306 369 3375 μὲν
406 3304 515 3356 τῶν
570 3305 842 3372 βιωτικῶν
893 3308 1257 3377 πραγμάτων,
1292 3310 1385 3361 κα)⁸
1411 3310 1700 3385 σαρκικῶν
1723 3310 1845 3380 ἡδο-

2025 3037 2215 3091 ΧΧΙΧ.
2244 3038 2610 3109 Transgresso
2642 3037 2737 3092 Dei
2769 3036 3089 3089 mandatum
3121 3035 3356 3099 homini,
3382 3046 3439 3089 et
3459 3049 3524 3089 ex

1950 3126 2110 3180 beata
2160 3128 2397 3196 paradisi
2466 3128 2676 3197 dejecto
2738 3124 2994 3189 statione,
3045 3123 3260 3178 duabus
3312 3138 3379 3178 ex
3421 3124 3525 3177 hoc

1947 3219 2179 3289 contigit
2209 3220 2371 3288 quasi
2403 3220 2611 3272 catenis
2647 3216 2826 3287 ligari.
2853 3217 3009 3269 Prior
3038 3224 3141 3279 est,
3194 3231 3301 3283 qua
3335 3216 3526 3269 devin-

1944 3311 2089 3363 citur
2113 3325 2255 3363 nexu
2290 3310 2538 3363 sensibili
2571 3323 2696 3362 cum
2726 3307 2959 3375 negotiis
2986 3307 3365 3369 saecularibus,
3398 3321 3520 3360 car-

262 3394 394 3460 νῶν,
434 3394 686 3459 πλούτου,
712 3395 891 3463 δόξης,
919 3397 1119 3463 φιλίας,
1150 3400 1427 3466 γυναικὸς,
1458 3402 1685 3464 τέκνων,
1708 3418 1837 3467 συγο
1867 3434 1909 3489 C

1867 3434 1909 3489 ο
1944 3402 2158 3456 nalibns
2206 3402 2603 3471 voluptatibus,
2642 3399 2870 3462 divitiis,
2903 3398 3308 3453 existimatione
3334 3437 3348 3461 ,
3382 3399 3521 3450 ami-

264 3486 504 3551 γενεῐας,
540 3486 819 3553 πατρίδος,
868 3490 1187 3556 κτημάτων,
1233 3491 1325 3541 καὶ
1370 3491 1557 3553 ἁπλῶς
1620 3492 1838 3545 πάντων

258 3576 371 3627 ’τῶν
402 3577 763 3645 φαινομένων,
810 3577 902 3645 ἀφ’
947 3572 1021 3630 ὧν
1055 3581 1083 3630 δ
1108 3580 1203 3632 τοῦ
1247 3581 1381 3633 Θεοῦ
1409 3581 1564 3647 λόγος
1610 3585 1729 3635 κατ’
1761 3586 1838 3635 οῖ-

260 3667 420 3718 κείαν
455 3668 601 3736 ἡμᾶς
632 3669 950 3738 προαίρεσιν
979 3670 1310 3724 ἀπολύεσθαι
1361 3673 1593 3727 κελεύει.
1646 3673 1838 3745 Ἐτέρᾳ

254 3758 317 3811 δὲ
346 3757 552 3827 ἀδήλῳ,
580 3760 673 3811 καὶ
705 3760 813 3828 γὰρ
839 3761 1043 3813 δέδεται
1064 3779 1169 3814 τινι
1197 3763 1383 3833 δεσμῷ
1413 3764 1615 3816 σκόπου
1640 3765 1834 3834 ἡψυχὴ

258 3851 397 3919 πρδς
442 3849 551 3901 τῶν
599 3850 696 3919 τῆς
743 3852 1009 3921 πονηρίας
1072 3854 1397 3922 πνευμάτων
1452 3855 1650 3919 αὐτῶν,
1707 3858 1836 3924 παρ’

255 3938 287 3990 ὃ
333 3940 465 4007 μηδὲ
516 3940 738 3992 δυνατὸν
799 3944 934 4012 αὐτῇ
988 3944 1116 4013 μήτ’
1157 3946 1437 4015 ἀγαπῆσαι
1490 3947 1641 4009 Θεὸν,
1700 3949 1834 4016 μήτε

257 4032 550 4084 πιστεῦσαι
613 4032 750 4101 μήτε
792 4038 1063 4105 προσευχῇ
1100 4038 1402 4106 χρήσασθαι
1447 4039 1696 4110 καθάπερ
1723 4039 1833 4106 ἔχει

257 4122 581 4191 θελήματος.
644 4124 865 4175 Πάντων
929 4127 1105 4196 γάρὴ
1158 4129 1467 4196 ἐναντιότης
1510 4129 1565 4179 έν
1614 4146 1673 4180 τε
1723 4132 1832 4191 τοῖς

258 4216 512 4283 φανεροῖς
553 4214 608 4265 ἐν
660 4230 718 4265 τε
750 4218 861 4276 τοῖς
912 4216 1143 4285 ἀδήλοις,
1183 4218 1290 4271 ἀπὸ
1326 4220 1425 4289 τῆς
1474 4219 1834 4289 παραϐάσεως

256 4304 352 4356 ’τοῦ
426 4307 642 4374 πρώτου
727 4308 1012 4377 ἀνθρώπου
1080 4311 1284 4374 πάντας
1365 4313 1513 4381 ἡμᾶς
1594 4313 1824 4381 μέτεισι.

269 4393 519 4446 Ἐπειδὰν
548 4395 641 4447 οὖν
664 4412 745 4458 τις
781 4398 1019 4467 ὑπήκοον
1043 4398 1135 4461 οὓς
1163 4400 1240 4468 τῷ
1270 4400 1416 4470 λόγῳ
1443 4399 1537 4454 τοῦ
1575 4399 1708 4453 Θεοῦ
1737 4420 1834 4454 πα-

260 4483 615 4552 ρασχόμενος,
648 4486 856 4556 ἀποστῇ
891 4488 987 4556 μὲν
1018 4489 1125 4542 τῶν
1168 4491 1437 4559 βιωτικῶν
1468 4493 1829 4562 πραγμάτων,

257 4574 586 4640 ἀποτάξεται
616 4577 671 4628 δὲ
698 4578 898 4641 πάσαις
936 4583 1053 4642 ταῖς
1091 4586 1384 4651 σαρκικαῖς
1433 4583 1649 4653 ἡδοναῖς
1669 4602 1683 4616 ο
1712 4586 1832 4635 τότε

254 4666 319 4734 δὴ
366 4667 444 4734 τῷ
495 4667 613 4737 Θεῷ
663 4671 1064 4739 προσεδρεύων,
1116 4675 1389 4728 καὶκατὰ
1438 4677 1632 4746 σχολὴν
1684 4677 1832 4746 αὐτῷ

1948 3493 2098 3554 cilia,
2136 3508 2329 3553 uxore,
2389 3492 2599 3554 liberis,
2659 3490 2982 3559 cognatione
3009 3530 3023 3553 ,
3071 3489 3271 3557 patria,
3303 3504 3522 3557 posses-

1942 3585 2213 3646 sionibus.
2243 3592 2298 3639 et
2345 3593 2402 3637 ut
2448 3599 2559 3636 uno
2585 3591 2785 3637 cuncta
2811 3581 3144 3649 complectar
3180 3580 3371 3645 verbo,
3394 3598 3522 3635 cum

1938 3674 2199 3728 omnibus
2244 3688 2365 3743 qua:
2420 3672 2582 3741 220
2632 3671 2727 3725 hic
2773 3681 3113 3734 cernuntur;
3143 3686 3173 3724 a
3200 3670 3403 3739 quibus
3424 3670 3521 3723 Dei

1939 3784 2122 3823 sermo
2166 3782 2266 3821 nos
2308 3768 2463 3837 juxta
2525 3767 2804 3834 propriam
2853 3764 3250 3833 professionem
3298 3765 3521 3835 abjungi

1936 3862 2207 3931 praecipit.
2240 3862 2423 3913 Altera
2474 3869 2555 3913 est
2582 3869 2774 3912 catena
2831 3860 2885 3911 in
2924 3874 3126 3911 arcano
3184 3860 3514 3928 astringcns.

1942 3949 2157 4002 Etenim
2186 3947 2408 4001 vinculo
2439 3946 2675 4016 quodam
2708 3945 3056 4001 tenebrarum
3086 3945 3267 3998 anima
3314 3946 3520 4014 ligatur

1937 4039 2006 4091 ab
2034 4037 2169 4106 ipsis
2192 4036 2479 4105 spiritibus
2508 4035 2799 4104 nequitia;
2832 4050 2941 4104 quo
2982 4033 3041 4086 fit
3063 4076 3075 4097 ,
3120 4044 3177 4087 ut
3208 4050 3314 4087 non
3342 4036 3520 4102 possit

1937 4143 2116 4195 neque
2150 4142 2333 4179 amare
2366 4126 2561 4187 Deum,
2604 4140 2707 4178 nec
2730 4123 2977 4185 credere,
3004 4139 3105 4177 nec
3130 4124 3379 4177 oratione
3413 4126 3514 4184 uti.

1935 4213 2397 4284 quemadmodum
2420 4213 2606 4267 vellet.
2626 4211 2859 4265 Omnino
2883 4210 3028 4263 enim
3056 4210 3190 4277 hzec,
3220 4226 3382 4279 quam
3419 4227 3515 4265 ex-

1934 4304 2199 4372 perimur,
2216 4301 2621 4355 adversantium
2648 4298 2939 4367 oppositio,
2962 4307 3069 4352 tam
3096 4296 3147 4352 in
3170 4300 3345 4367 palam
3360 4315 3497 4368 appa

1934 4395 2203 4458 rentibus,
2223 4409 2386 4462 quam
2416 4392 2467 4445 in
2495 4392 2644 4446 intus
2666 4391 2959 4455 abstrusis,
2986 4406 3051 4445 ex
3081 4391 3515 4460 transgressione

1933 4485 2097 4554 primi
2147 4483 2387 4539 hominis
2421 4484 2477 4536 in
2522 4497 2623 4535 nos
2654 4496 2848 4535 omnes
2882 4481 3122 4535 transiit.
3149 4481 3379 4545 Qnando
3411 4482 3516 4549 igi-

1935 4588 2027 4633 tur
2075 4577 2199 4646 quis
2244 4576 2594 4629 obedientem
2646 4588 2837 4627 aurem
2885 4574 3053 4626 verbo
3098 4573 3195 4627 Dei
3241 4573 3511 4641 prazbens.

1934 4666 2249 4737 abjunxerit
2296 4664 2518 4733 quidem
2554 4678 2611 4716 se
2660 4678 2689 4715 a
2735 4661 3093 4715 saecularibus
3120 4661 3386 4730 negotiis,
3422 4676 3511 4714 re-

256 4759 669 4828 συγγινόμενος,
719 4760 948 4831 δύναμιν
1010 4764 1279 4833 λαμϐάνει
1332 4766 1466 4836 πρὸς
1497 4767 1557 4819 τὸ
1609 4767 1830 4837 μαθεῖν·
1868 4770 1910 4823 D

1829 4789 1830 4796 ι
1868 4770 1910 4823 υ
1941 4758 2279 4813 nuntiaverit
2323 4764 2504 4809 autem
2556 4754 2771 4807 cunctis
2830 4752 3147 4806 carnalibus
3211 4754 3510 4821 voluptati-

254 4848 337 4900 δτι
373 4850 678 4919 κέκρυπταί
730 4868 815 4912 τις
860 4854 915 4903 ὲν
967 4853 1180 4916 ἀδύτοις
1234 4856 1459 4926 καρδίας
1490 4857 1623 4927 άλλη
1664 4858 1830 4928 πάλη,

255 4940 352 4992 καὶ
398 4940 555 5003 ἀλλος
598 4941 874 5010 λογισμῶν
910 4943 1144 5012 πόλεμος
1166 4961 1180 4975 ·
1211 4947 1305 4998 καὶ
1328 4946 1469 4998 οῦτω
1499 4948 1834 5017 παραμένων

252 5032 348 5083 καὶ
377 5030 487 5082 τῶν
519 5030 613 5082 τοῦ
647 5032 885 5101 Χριστοῦ
936 5033 1189 5102 δεόμενος
1242 5036 1561 5106 οἰκτιρμῶν,
1600 5037 1834 5099 πίστεως

251 5120 404 5188 αύτῷ
433 5122 634 5190 πολλῆς
675 5124 811 5192 μετά
858 5140 919 5190 γε
961 5124 1057 5175 τοῦ
1109 5126 1403 5194 ὑπομένειν
1432 5128 1828 5196 συνεπομένης·

251 5213 313 5265 ού
350 5213 457 5283 μὴν
488 5213 619 5266 ἀλλά
651 5217 743 5267 καὶ
772 5215 871 5283 τῆς
917 5216 1010 5267 τοῦ
1043 5217 1178 5269 Θεοῦ
1216 5219 1386 5287 ῥοπῆς
1416 5220 1828 5287 συνεφαπτομέ-

250 5322 369 5375 νης,
403 5306 625 5359 δύναται
654 5308 761 5359 τῶν
788 5308 935 5360 ἔνδον
981 5309 1358 5380 ἀπαλλαγῆναι
1400 5310 1614 5379 δεσμῶν
1646 5327 1705 5361 τε
1736 5310 1827 5361 καὶ

250 5397 524 5467 φραγμῶν
558 5400 805 5463 ἐκείνων,
861 5400 956 5452 καὶ
991 5399 1085 5452 τοῦ
1112 5400 1337 5465 σκότους
1368 5401 1473 5455 τῶν
1497 5401 1823 5471 πνευμάτων

246 5490 347 5557 τῆς
394 5492 679 5561 πονηρίας,
718 5491 860 5563 άπερ
899 5494 1034 5545 εἰσὶν
1060 5494 1116 5545 αἱ
1146 5493 1252 5545 τῶν
1285 5495 1684 5565 κεκρυμμένων
1714 5512 1820 5548 πα-

250 5581 361 5634 θῶν
396 5582 669 5652 ἐνέργειαι
693 5598 707 5611 ·
733 5582 919 5637 τοῦτον
962 5584 1018 5637 δὲ
1042 5585 1130 5637 τὸν
1165 5585 1399 5655 πόλεμον
1422 5586 1507 5640 διὰ
1542 5588 1638 5658 μὲν
1665 5588 1821 5657 χάρι-

320 5760 363 5790 ⁷⁶
400 5758 442 5811 Β
468 5777 555 5813 nn.
586 5774 682 5818 xu,
715 5759 765 5812 6.

568 5852 839 5911 ι’Δτιιυι..
873 5850 986 5909 Gn.
1030 5848 1143 5908 XX
1161 5848 1315 5910 λιν.

1935 4852 2072 4914 bus;
2109 4862 2239 4903 tunc
2273 4848 2359 4901 ille
2397 4847 2508 4899 Deo
2534 4844 2839 4906 adhmrcns,
2877 4853 2932 4897 et
2964 4860 3061 4911 per
3083 4844 3253 4897 otium
3295 4859 3418 4896 cum
3443 4862 3512 4897 eo

1932 4957 2284 5003 conversaris,
2314 4940 2574 4992 Virtutem
2608 4936 2809 5004 accipit
2838 4936 2905 4988 ad
2936 4936 3257 4989 discendum
3282 4976 3296 5000 ,
3339 4936 3509 4990 latere

1934 5038 1987 5089 in
2015 5037 2194 5105 adytis
2218 5032 2399 5088 cordis
2424 5033 2585 5085 aliam
2618 5031 2841 5093 luctam,
2866 5042 2921 5085 et
2943 5030 3092 5084 aliud
3115 5032 3507 5100 cogitationum

1934 5128 2174 5191 bellum;
2207 5136 2262 5180 et
2304 5126 2384 5179 sic
2416 5139 2764 5193 permanens,
2799 5138 2863 5176 ac
2890 5122 3095 5176 Christi
3126 5123 3510 5176 miserationes

1936 5218 2258 5287 implorans,
2286 5216 2390 5268 fide
2419 5216 2597 5284 ipsum
2620 5213 2811 5277 multa,
2842 5222 3131 5281 postquam
3158 5212 3501 5272 sustinuerit,

1934 5317 2220 5380 sequente,
2252 5307 2385 5375 quin
2422 5314 2477 5359 et
2511 5304 2605 5359 Dei
2650 5303 2889 5371 impulsu
2930 5311 3282 5372 c00perante,
3326 5314 3508 5372 potest

1934 5399 2292 5455 interioribus
2334 5395 2552 5451 liberari
2578 5394 2841 5457 vinculis,
2870 5402 2925 5447 et
2961 5393 3197 5447 maceria
3230 5393 3319 5446 illa
3350 5403 3503 5447 tene—

1933 5493 2178 5554 brarum,
2213 5504 2375 5559 quam
2410 5485 2788 5541 obmoliuntur
2825 5484 2926 5554 ipsi
2966 5484 3194 5553 spiritus
3220 5485 3499 5553 nequitiae,

1935 5583 2027 5652 qui
2058 5590 2185 5637 sunt
2212 5580 2425 5636 occulte
2460 5576 2843 5633 rebellantium
2874 5574 2928 5629 in
2969 5575 3126 5629 nobis
3156 5576 3499 5645 appetituuni

3069 5848 3141 5907 31
