4258 6358
736 412 841 477 963

1981 413 2039 471 S.
2078 411 2395 472 MACARII
2426 408 2773 469 IEGYPTII.

3882 398 4001 459 964

736 538 916 581 motus
940 534 996 580 et
1019 534 1267 579 conatus.
1300 523 1416 579 Hoc
1449 532 1629 579 autem
1678 523 1902 586 bellum,
1932 539 2029 593 pcr
2076 525 2304 594 gratiam
2338 532 2380 586 Α
2409 542 2417 557 ι

2338 532 2380 586 Α
2409 540 2496 586 τος
2527 520 2764 590 Χριστοῦ
2800 519 2894 573 καὶ
2933 518 3213 585 δυνάμεως
3242 516 3457 569 δυνατοὶ
3490 513 3756 583 γινόμεθα
3784 530 4004 580 καταρ-

732 615 935 671 Cbristi
966 622 1022 670 ct
1044 614 1325 675 virtutem,
1356 626 1648 682 possumus
1670 610 1940 665 vincendo
1970 610 2146 664 linire.
2175 609 2304 664 Sine

733 710 846 763 Deo
886 722 1017 762 vero
1060 706 1375 777 adjuvante,
1406 712 1461 758 et
1502 718 1601 773 per
1631 718 1689 757 se
1736 701 1936 771 ipsum,
1986 702 2223 756 liberare
2247 716 2307 756 se

731 815 1085 869 quemquam,
1116 797 1297 868 quoad
1327 797 1495 857 lucta,
1531 809 1652 863 qua:
1682 794 1785 863 ipsi
1822 804 1907 848 est
1939 809 2061 846 cum
2097 794 2304 862 cogita-

734 891 977 945 tionibus
1013 888 1300 959 expeditus
1331 886 1518 950 fuerit,
1555 898 1638 942 est
1669 883 2039 954 impossibile;
2074 901 2306 939 renuere

735 992 912 1036 tamen
958 992 1013 1035 et
1038 995 1146 1033 non
1179 978 1569 1043 coudelectari,
1598 978 1879 1047 possibile.

801 1075 971 1129 XXX.
1017 1076 1073 1130 Si
1116 1073 1240 1143 quis
1271 1074 1435 1128 rebus
1486 1072 1677 1127 mundi
1728 1073 1894 1143 hujus
1945 1081 1999 1126 et
2027 1071 2195 1125 variis
2231 1081 2307 1125 te-

732 1177 931 1221 neatur
962 1166 1233 1229 vinculis,
1278 1164 1534 1233 idemque
1568 1163 1777 1218 feratur
1821 1164 2061 1218 motibus
2097 1163 2308 1233 appeti-

734 1266 889 1311 tuum
940 1256 1415 1317 iuordinatorum,
1465 1255 1654 1324 procul
1709 1254 1755 1308 is
1806 1269 1936 1307 sane
1994 1255 2195 1314 aberit.
2248 1263 2309 1308 ut

734 1356 1027 1417 cognoscat
1075 1346 1220 1414 quod
1261 1343 1517 1405 diximus,
1552 1358 1671 1396 esse
1708 1344 1999 1412 quamdam
2037 1345 2305 1398 occultam

736 1439 897 1492 aliam
926 1441 1149 1498 luctam,
1180 1444 1234 1490 et
1264 1435 1468 1489 bellum
1512 1435 1564 1486 in
1601 1450 1799 1487 arcano
1826 1434 1995 1488 aliud.
2033 1433 2127 1488 Sat
2156 1435 2305 1488 enim

735 1537 791 1581 et
813 1529 1028 1583 abunde
1062 1527 1442 1596 gratulandum
1466 1524 1654 1586 fuerit,
1684 1524 1729 1577 si
1761 1522 1885 1591 quis
1913 1539 1969 1577 se
1993 1522 2308 1590 abjunxerit

736 1620 804 1673 ab
840 1618 1233 1688 apparentibus
1275 1616 1507 1676 cunctis,
1539 1625 1595 1669 et
1622 1615 1868 1669 carnales
1892 1628 2116 1683 prorsus
2149 1613 2310 1665 volu-

736 1720 913 1778 ptates
960 1708 1314 1769 abdicaverit,
1350 1707 1689 1773 Dominoque
1724 1705 2003 1757 adhaerere
2040 1703 2269 1771 coeperit
2292 1743 2306 1765 ,

736 1816 801 1855 ac
842 1800 1144 1868 intelligere
1195 1805 1359 1866 queat
1400 1798 1619 1865 penitus
1648 1796 1792 1848 intra
1820 1810 1921 1849 nos
1960 1794 2305 1847 habitantem

2408 616 2545 681 γεῖν.
2584 612 2763 666 Ἀθεεὶ
2790 610 2846 663 δὲ
2884 609 2977 662 καὶ
3003 610 3068 661 δι’
3104 607 3298 661 ἑαυτοῦ
3331 607 3600 673 ῥύσασθαί
3636 622 3763 657 τινα
3792 604 4002 656 ἑαυτὸν

2413 704 2574 774 μέχρι
2620 701 2715 754 τοῦ
2764 702 2859 753 καὶ
2896 699 3006 751 τῶν
3044 699 3109 749 ὲκ
3158 697 3267 749 τῶν
3314 696 3590 764 λογισμῶν
3643 694 4006 764 ἀπηλλάχθαι

2408 797 2605 864 πάλης,
2647 794 2905 847 ἀδύνατον
2934 808 2947 823 ο
2976 794 3037 844 τὸ
3078 791 3135 843 δὲ
3178 790 3484 859 ἀντιλέγειν
3511 789 3607 842 καὶ
3651 788 3725 857 μὴ
3762 787 4008 854 συνήδε-

2409 886 2551 950 σθαι,
2587 884 2832 937 δυνατόν.

2479 1064 2556 1119 A':
2586 1064 2653 1117 Εί
2674 1081 2758 1127 τις
2790 1066 2902 1126 τοῖς
2939 1063 3225 1131 πράγμασι
3254 1060 3347 1113 τοῦ
3381 1062 3587 1129 κόσμου
3630 1057 3821 1111 τούτου
3852 1097 3866 1117 ,
3902 1057 4006 1107 καὶ

2408 1160 2521 1222 τοῖς
2553 1157 2818 1219 ποικίλοις
2866 1155 3105 1224 ὲνέχοιτο
3147 1154 3386 1222 δεσμοῖς,
3414 1154 3528 1213 τοῖς
3557 1154 3656 1220 τῆς
3707 1149 3909 1210 κακίας
3937 1164 4007 1199 τε

2411 1251 2776 1317 συναπάγοιτο
2825 1248 3044 1313 πάθεσι,
3079 1246 3276 1299 πολλοῦ
3330 1264 3394 1312 γε
3440 1246 3531 1297 καὶ
3557 1244 3637 1295 δεῖ
3679 1240 4005 1314 γινώσκειν,

2409 1343 2483 1406 ῶς
2538 1343 2843 1411 φθάσαντες
2877 1340 3108 1409 ἔφημεν,
3141 1334 3279 1390 εἷναί
3310 1355 3433 1389 τινα
3476 1335 3653 1402 πάλην
3685 1334 3855 1401 ἄλλην
3902 1332 4009 1385 καὶ

2413 1436 2646 1505 πόλεμον
2695 1435 2752 1485 ὲν
2803 1431 2880 1501 τῷ
2914 1432 3112 1499 ἀφανεῖ
3143 1430 3350 1498 ἕτερον.
3400 1427 3711 1497 Ἀγαπητδν
3760 1426 3872 1493 γὰρ
3912 1428 4006 1477 ἵνα

2409 1525 2578 1586 λύσας
2610 1541 2691 1586 τις
2724 1522 2916 1576 ἑαυτὸν
2948 1520 3164 1572 πάντων
3200 1518 3541 1586 φαινομένων
3567 1557 3582 1579 ,
3606 1519 3701 1569 καὶ
3722 1517 3830 1567 τῶν
3863 1518 4007 1584 σάρ-

2411 1617 2581 1668 κικῶν
2609 1613 2812 1682 ἡδονῶν
2844 1613 3181 1681 ἀποστήσας,
3206 1610 3282 1678 τῷ
3311 1610 3499 1677 Κυρίῳ
3523 1626 3581 1659 τε
3610 1608 4005 1675 προσεδρεύειν

2409 1707 2736 1776 ἀρξάμενος,
2766 1704 3065 1770 ἐπιγνῶναι
3117 1702 3339 1771 δυνηθῇ,
3374 1702 3475 1768 τὴν
3519 1701 3666 1751 ἔνδον
3708 1699 4005 1764 οἰκουροῦ-

2426 1818 2528 1853 σαν
2578 1800 2684 1852 τῶν
2741 1797 2929 1849 παθῶν
2981 1796 3195 1861 πάλην,
3252 1794 3348 1845 καὶ
3405 1793 3494 1843 τὸν
3549 1793 3604 1842 ὲν
3663 1792 3798 1857 ἡμῖν
3861 1808 4006 1858 xpu—

737 1891 1211 1963 perturbationum
1242 1904 1307 1941 ex
1337 1889 1518 1957 pravis
1557 1885 1845 1941 affectibus
1874 1885 2098 1948 luctam,
2131 1893 2186 1938 et
2216 1899 2310 1937 oc-
2346 1873 2385 1927 Β

2346 1873 2385 1927 Β
2418 1892 2549 1943 πτὶιν
2583 1891 2839 1959 πόλεμον.
2883 1888 2948 1940 Et
2981 1885 3087 1953 γὰρ
3126 1884 3222 1953 μὴ.
3260 1884 3333 1944 ὼς
3365 1884 3598 1949 ἔφημεν,
3636 1881 3808 1931 ταῦτα
3840 1882 4006 1950 γένη-

737 1985 945 2039 cultum
990 1984 1042 2037 in
1096 1984 1255 2036 nobis
1284 1982 1506 2035 bellum.
1541 1980 1654 2033 Nisi
1684 1980 1830 2032 enim
1878 1978 1933 2031 in
1967 1993 2115 2041 eum,
2146 1991 2309 2046 quem

737 2080 979 2132 diximus
1002 2077 1249 2139 modum,
1278 2082 1472 2128 cuncta
1498 2078 1811 2141 comparata
1847 2070 1957 2123 sint
1984 2109 1997 2133 ,
2027 2068 2171 2122 haud
2203 2068 2311 2121 uti—

738 2187 847 2240 que
881 2186 947 2224 ex
993 2168 1252 2223 omnibus
1306 2164 1502 2219 animae
1547 2163 1753 2217 viribus
1780 2203 1793 2225 ,
1831 2171 1887 2217 et
1921 2171 2068 2215 totus
2100 2176 2167 2214 ex
2198 2167 2311 2213 toto

738 2263 861 2332 quis
893 2261 1171 2315 adhaerere
1189 2259 1320 2319 Deo,
1352 2258 1572 2311 sincero
1593 2255 1789 2309 affectu
1813 2253 2091 2307 decernet.
2122 2251 2311 2320 Neque

740 2365 1034 2423 cognoscet
1060 2365 1287 2404 arcanos
1312 2350 1444 2403 istos
1478 2348 1532 2401 in
1560 2362 1727 2416 prava
1760 2344 2103 2399 tendentium
2140 2356 2308 2411 appe—

741 2448 939 2500 tituum
974 2444 1231 2505 insultus,
1276 2448 1333 2494 et
1376 2439 1591 2493 vincula
1636 2453 1755 2506 quae
1794 2437 1939 2490 intra
1985 2443 2152 2497 sunt;
2216 2432 2310 2486 sed

742 2536 1085 2608 periclitatur
1125 2549 1193 2587 eo
1213 2531 1415 2587 erroris
1456 2530 1667 2592 labore,
1702 2537 1759 2580 ut
1783 2525 2105 2580 vulneribus
2130 2532 2309 2577 trans-

742 2628 902 2690 ﬁxus,
924 2633 980 2679 et
1009 2622 1218 2677 morbis
1244 2619 1497 2683 allectus,
1526 2632 1665 2687 quos
1695 2617 1839 2668 ultro
1872 2614 2039 2677 fovet,
2072 2612 2312 2682 perfecte

744 2728 924 2772 tamen
962 2724 1119 2786 putet
1145 2728 1203 2769 se
1232 2712 1434 2766 valere.
1463 2710 1525 2763 Ei
1552 2715 1737 2762 autem
1790 2706 1883 2775 qui
1915 2703 2309 2772 concupiscen-

742 2813 848 2865 tias
884 2818 939 2863 el
964 2807 1191 2879 gloriam
1207 2801 1623 2871 contempserit,
1649 2799 1886 2868 primum
1912 2796 2134 2865 quidem
2154 2809 2313 2863 posse

743 2902 903 2955 datur
960 2913 1023 2953 ea
1088 2912 1211 2966 qua:
1261 2895 1499 2949 diximus
1548 2885 2147 2960 cognoscere;deinde
2189 2899 2313 2952 pre-

742 3002 866 3048 cato
887 2988 1166 3045 Christum
1196 3002 1321 3041 cum
1364 2983 1467 3037 ﬁde
1490 3022 1503 3044 ,
1540 2990 1595 3035 et
1642 2994 1792 3033 arma
1828 2977 2067 3045 Spiritus
2092 2990 2122 3028 e
2156 2975 2312 3028 cmlis

2414 2001 2524 2047 ται,
2559 1983 2619 2034 ού
2656 1981 2784 2049 παρ’
2818 1980 2943 2047 ὅλης
2975 1977 3130 2045 ἡμῶν
3163 1977 3260 2043 τῆς
3285 1973 3462 2042 ψυχῆς
3502 1972 3596 2023 καὶ
3630 1971 3746 2032 ὅλος
3781 1970 3839 2032 ἐξ
3874 1970 4004 2023 ὅλου

2414 2092 2495 2136 τις
2546 2070 2931 2143 προσεδρεύειν
2976 2067 3051 2136 τῷ
3092 2065 3209 2135 Θεῷ
3266 2064 3559 2131 στέρξειεν,
3596 2062 3704 2113 οὐδ’
3738 2062 4006 2127 ἐπιγινώ-

2416 2180 2533 2217 σκει
2557 2162 2621 2214 τά
2653 2163 2937 2231 ἀπόρρητα
2966 2160 3136 2211 ταῦτα
3165 2158 3265 2225 τῆς
3297 2156 3495 2214 κακίας
3529 2153 3699 2220 πάθη,
3741 2153 3837 2204 καὶ
3871 2153 4006 2212 τοὺς

2413 2253 2521 2306 ἔσῶ
2577 2252 2809 2319 δεσμούς
2837 2267 2849 2280 ·
2884 2249 3018 2301 άλλά
3054 2246 3351 2300 κινδυνεύει
3387 2243 3685 2315 τραύματα
3731 2242 3872 2309 ἔχων
3906 2244 4005 2293 καὶ

2412 2342 2596 2411 ἀφανῆ
2647 2341 2791 2408 πάθη
2857 2338 3230 2407 περιϐάλπων,
3288 2334 3553 2399 ὑγιαίνειν
3607 2331 3854 2393 οἴεσθαι,
3907 2333 4005 2383 καὶ

2414 2436 2594 2487 νοεῖν’
2646 2432 2722 2501 τῷ
2758 2432 2813 2484 δέ
2847 2447 2908 2498 γε
2959 2428 3258 2498 ἐπιθυμίας
3308 2428 3401 2478 καὶ
3447 2425 3607 2493 δόξης
3661 2424 4002 2494 ὑπεριδόντι,

2416 2526 2627 2595 πρῶτον
2654 2525 2750 2593 μὲν
2781 2523 3076 2590 ἐπιγνῶναι
3104 2521 3277 2574 ταῦτα
3300 2518 3521 2571 δυνατὸν
3547 2518 3779 2583 γίνεται,
3807 2516 4006 2568 ἔπειτα

2410 2615 2465 2667 δὲ
2500 2614 2742 2682 δεηθέντι
2767 2609 3007 2681 Χριστοῦ
3047 2610 3185 2674 μετά
3211 2607 3467 2666 πίστεως,
3500 2606 3593 2657 καὶ
3619 2604 3758 2656 ὅπλα
3781 2602 4005 2654 λάϐοντι

2412 2707 2470 2771 ἐξ
2503 2704 2731 2774 ούρανοῦ
2760 2703 2829 2755 τὰ
2861 2702 2955 2755 τοῦ
2990 2701 3305 2769 Πνεύματος
3328 2741 3339 2757 ,
3374 2699 3462 2749 τὸν
3501 2696 3727 2764 θώρακα
3771 2694 3873 2762 τῆς
3918 2694 4005 2745 διο

2412 2793 2725 2862 κιιοσύνης,
2748 2792 2847 2860 τὴν
2879 2788 3312 2860 περικεφαλαίαν
3344 2787 3435 2837 τοῦ
3466 2786 3756 2853 σωτηρίου,
3788 2784 3879 2835 τὸν
3911 2783 4009 2833 θι-

2422 2886 2542 2955 ρεδν
2594 2885 2690 2953 τῆς
2741 2884 2999 2942 πίστεως,
3037 2882 3127 2932 καὶ
3180 2879 3279 2948 τὴν
3326 2877 3643 2945 Πνεύματος
3696 2876 4003 2943 μάχαιραν,

2420 2973 2593 3026 ταῦτα
2618 2970 3038 3024 καταπαλαῖσαι.

744 3083 981 3150 adepto,
1023 3078 1249 3132 loricam
1297 3073 1508 3129 scilicet
1550 3068 1797 3139 justitize.
1854 3066 2061 3136 galeam
2109 3062 2324 3125 salutis,
2386 3071 2602 3116 scutum
2658 3060 2808 3123 tidei,
2856 3070 2910 3114 et
2960 3059 3199 3130 gladium
3264 3054 3722 3126 Spiritus,l‘acile
3746 3054 3828 3119 tit,
3862 3066 4010 3113 totas

746 3182 867 3235 illas
889 3178 1148 3232 adversas
1187 3170 1461 3227 debellare
1493 3166 1659 3220 acies.

815 3268 1009 3325 XXXI.
1033 3260 1469 3321 Innumerabiles
1488 3258 1629 3311 hosti
1654 3261 1841 3309 nostro
1869 3254 2060 3307 insunt
2081 3248 2317 3305 nocendi
2347 3251 2392 3312 c
2492 3291 2496 3300 .

2347 3251 2392 3312 ο
2492 3249 2619 3301 AA'.
2660 3243 2868 3315 Μυρίαι
2922 3243 3001 3311 τῷ
3053 3242 3413 3313 ἀντικειμένῳ
3459 3245 3516 3296 al
3571 3244 3811 3313 μηχαναὶ
3871 3245 4011 3297 καθ’

741 3373 916 3424 artes,
947 3360 1181 3415 avellere
1208 3370 1310 3409 nos
1333 3368 1363 3407 a
1386 3351 1652 3406 cbaritate
1675 3349 1730 3403 in
1763 3346 2043 3403 Christum
2068 3343 2315 3399 conanti.

747 3458 856 3509 Aut
889 3452 1037 3507 enim
1082 3448 1233 3503 intus
1277 3442 1621 3502 aﬂlictiones,
1652 3453 1749 3507 per
1789 3435 2029 3507 Spiritus
2055 3432 2318 3502 nequitia;

749 3548 805 3601 in
827 3546 1067 3599 animam
1100 3536 1384 3601 immittit;
1415 3542 1509 3588 aut
1541 3530 1904 3601 cogitationes
1938 3527 2223 3581 obscaenas
2262 3533 2319 3578 et

749 3635 1017 3694 nefandas
1068 3629 1358 3703 producit,
1412 3632 1755 3697 patratorum
1794 3620 1925 3677 olim
1980 3617 2317 3689 ﬂagitiorum

750 3726 1070 3783 memoriam
1104 3720 1401 3783 rel'ricans;
1439 3714 1717 3770 interdum
1746 3720 2063 3780 etsatagens
2094 3708 2319 3777 injicere

750 3815 995 3879 taedium,
1023 3799 1921 3881 suggestionesquedesperationis
1950 3799 2318 3861 inserens,sa-

751 3908 865 3960 lute
890 3916 1011 3957 eam
1043 3897 1208 3969 potiri
1240 3911 1347 3949 non
1395 3907 1597 3963 posse;
1636 3891 1711 3943 ita
1751 3888 1973 3958 quidem
2004 3898 2064 3939 ut
2108 3886 2318 3954 cogita-

750 3996 931 4050 tiones
980 3993 1115 4045 istas
1144 4005 1209 4043 ex
1244 3987 1426 4041 anima
1459 4001 1557 4054 per
1599 3998 1657 4037 se
1703 3983 1817 4051 ipsa
1856 3981 2002 4033 ultro
2036 3986 2212 4032 enata:
2239 3976 2319 4028 vi-

753 4088 987 4142 deantur
1010 4099 1026 4148 ;
1053 4096 1163 4135 non
1183 4088 1364 4133 autem
1401 4076 1470 4130 ab
1497 4076 1675 4129 alieno
1699 4072 1895 4141 spiritu
1929 4070 2163 4139 maligne
2188 4066 2320 4121 sub-

750 4177 1052 4233 seminatze,
1096 4178 1285 4240 utpote
1324 4168 1419 4237 qui
1470 4165 1620 4233 cupit
1660 4164 1847 4216 latere.
1879 4161 1987 4214 Aut
2018 4159 2183 4228 igitur
2206 4158 2321 4211 haec

751 4265 881 4335 agit,
908 4270 1003 4317 aut
1024 4260 1243 4316 labores
1262 4269 1562 4324 corporeos
1591 4248 1837 4304 immittit
1870 4266 1883 4315 ;
1918 4257 2011 4301 aut
2036 4246 2204 4300 variis
2230 4261 2321 4300 ex-

752 4355 1002 4426 cogitatis
1041 4349 1220 4405 modis
1261 4353 1548 4417 procurat,
1601 4340 1949 4397 contumeliis
1975 4339 2149 4392 bonos
2179 4335 2317 4391 allici

752 4446 822 4501 ab
852 4442 1187 4498 hominibus.
1222 4440 1291 4492 At
1317 4446 1522 4507 quanto
1553 4431 1808 4488 acerbius
1837 4431 2107 4500 malignus
2145 4428 2321 4483 hostis

752 4540 871 4593 haec
900 4537 955 4591 in
984 4550 1087 4589 nos
1114 4534 1269 4601 ignea
1295 4530 1571 4600 jaculatur
1603 4528 1709 4580 tela
1736 4544 1750 4590 ;
1794 4533 1945 4579 tanto
1977 4538 2077 4577 nos
2106 4522 2316 4575 instan-

754 4632 865 4688 tius
879 4625 1135 4683 convenit
1160 4624 1274 4691 spei
1307 4635 1599 4691 suspensas
1621 4633 1688 4671 ex
1712 4617 1824 4670 Deo
1850 4615 2021 4682 magis
2041 4614 2323 4681 magisque

754 4724 957 4778 habere
994 4720 1232 4775 rationes
1269 4735 1282 4782 ;
1319 4724 1471 4770 certo
1538 4714 1727 4781 utique
1768 4721 2080 4780 persuasus,
2139 4703 2323 4757 divina

753 4812 917 4869 nobis
951 4811 1079 4865 talia
1110 4807 1350 4879 permitti
1384 4805 1661 4858 voluntate
1688 4840 1701 4865 ,
1738 4814 1859 4869 qua:
1886 4793 2128 4850 unumid
2166 4805 2323 4861 spec-

758 4913 856 4968 tat,
892 4912 952 4957 ut
1001 4910 1247 4956 amantes
1286 4897 1382 4951 Dei
1433 4896 1629 4948 anima:
1665 4898 1747 4945 tot
1790 4889 2085 4956 exploratae
2127 4884 2323 4952 proba-

760 4994 1027 5057 tionibus,
1076 4988 1369 5045 manifesto
1402 4992 1708 5039 monstrent
1740 4997 1797 5035 se
1834 4994 1960 5034 eum
2002 4980 2056 5031 in
2091 4976 2320 5029 veritate

758 5086 1010 5155 diligere.

828 5175 988 5245 22],
1038 5170 1251 5226 ΧΧΧΙΙ.
1288 5169 1426 5222 Anni
1454 5167 1600 5221 mille
1640 5165 1803 5233 hujus
1838 5160 1959 5223 aevi,
2017 5155 2222 5211 mundo
2248 5156 2324 5208 in-

756 5265 1104 5335 corruptibili
1130 5271 1186 5318 et
1211 5260 1503 5315 aeternitati
1527 5255 1853 5325 comparati,
1872 5268 1936 5307 ea
1961 5252 2036 5305 illi
2057 5250 2171 5303 fere
2196 5263 2325 5317 pro-

757 5357 1011 5427 portione
1060 5350 1415 5422 rcspondent,
1474 5363 1581 5416 qua
1606 5355 1664 5399 ut
1698 5345 1742 5398 si
1786 5344 1911 5412 quis
1956 5357 2024 5394 ex
2071 5340 2325 5392 universa

762 5456 928 5497 arena
971 5454 1142 5493 unum
1185 5448 1412 5508 granum
1440 5434 1697 5503 accipiat.
1729 5428 2239 5485 Considerationem
2272 5432 2329 5481 et

761 5539 906 5592 hanc
938 5535 1164 5589 institue
1199 5549 1213 5595 ;
1265 5542 1587 5584 concessum
1622 5527 1722 5580 tibi
1755 5534 1881 5577 'csse
1925 5534 2239 5589 supremum
2276 5518 2330 5571 in

757 5644 952 5683 omnes
983 5636 1156 5680 terras
1202 5623 1493 5692 imperium
1535 5635 1657 5673 cum
1689 5619 1841 5687 plena
1871 5627 1926 5668 et
1974 5628 2162 5666 secura
2208 5627 2333 5680 pos-

759 5722 1006 5773 sessione
1037 5716 1280 5769 omnium
1304 5713 1708 5766 thesaurorum.
1739 5707 2023 5759 Faciamus
2068 5712 2332 5770 prtelerca

764 5823 913 5865 tuum
947 5808 1077 5863 illud
1105 5821 1333 5877 regnum
1358 5802 1649 5870 iucmpissc
1689 5798 1867 5852 statim
1893 5813 1919 5849 a
1945 5797 2121 5865 primo
2152 5810 2333 5847 rerum

2422 3340 2600 3417 ἡμῶν,
2634 3339 2733 3408 τῆς
2756 3340 2837 3401 είς
2866 3337 2957 3391 τὸν
2984 3336 3233 3406 Χριστὸν
3260 3336 3479 3405 ἀγάπης
3509 3337 3764 3405 ἀποσπᾷν
3794 3354 4001 3406 πειρω-

2427 3431 2593 3499 μένῳ.
2621 3429 2692 3482 Ἦ
2745 3429 2855 3498 γάρ
2886 3427 3035 3480 ἔνδον
3073 3425 3281 3495 θλίψεις
3336 3425 3423 3478 διὰ
3445 3424 3553 3477 τῶν
3597 3424 3702 3492 τῆς
3736 3426 4006 3494 πονηρίας

2424 3521 2747 3590 πνευμάτων
2793 3524 2857 3590 τῇ
2893 3519 3039 3589 ψυχῇ
3082 3518 3298 3585 ἐπάγει,
3362 3517 3395 3586 ἢ
3435 3517 3731 3585 λογισμοὺς
3768 3517 4005 3585 μιαρούς

2422 3630 2482 3664 τε
2511 3612 2601 3664 καὶ
2632 3611 2926 3679 ἀθεμίτους
2961 3609 3168 3678 ταύτης
3193 3604 3612 3671 κατασκευάζει,
3646 3608 3753 3660 τῶν
3810 3611 4009 3676 προτὲ-

2428 3722 2535 3774 ρων
2590 3702 3010 3771 ἁμαρτημάτων
3066 3700 3166 3767 τὴν
3208 3702 3427 3768 μνήμην
3458 3699 3867 3755 ἀνασκαλεύων.
3908 3700 4005 3751 ἆτε

2424 3794 2695 3862 χαύνωσιν
2722 3793 2858 3861 αύτῇ
2916 3790 3151 3843 ἐνθεῖναι
3204 3790 3545 3859 βουλόμενος,
3582 3791 3675 3841 καὶ
3708 3790 4006 3857 λογισμοὺς

2424 3879 2803 3946 ἀπογνώσεως·
2846 3877 3159 3947 ὶμδάλλειν,
3210 3879 3292 3930 ὅτι
3318 3878 3374 3929 δὲ
3396 3878 3455 3929 ού
3480 3878 3703 3930 δυνατὸν
3728 3879 3863 3947 αὐτῇ
3897 3896 4003 3930 σωο

2423 3972 2618 4040 τηρίας
2646 3971 2829 4038 τυχεῖν
2849 3983 2863 3999 ⁶
2908 3970 3003 4021 καὶ
3052 3969 3127 4031 ὠς
3159 3974 3285 4030 τοὺς
3316 3968 3605 4036 λογισμοὺς
3633 3970 3855 4032 τούτους
3877 3970 4008 4037 παρ’

2424 4064 2623 4130 ἑαυτῆς
2670 4062 2806 4123 ὅλως
2832 4063 2931 4131 τῆς
2965 4059 3144 4129 ψυχῆς
3176 4060 3473 4146 γεννῶσης,
3503 4063 3594 4113 καὶ
3620 4062 3741 4131 οὐχὶ
3763 4064 4007 4132 πνεύμα-

2423 4172 2512 4215 τος
2548 4153 2830 4221 ἀλλοτρίου
2884 4152 3069 4215 κακῶς
3126 4152 3323 4213 αὐτοὺς
3387 4153 3859 4220 ὑποσπείραντος,
3913 4157 4005 4208 καὶ

2428 4243 2749 4313 βουλομένου
2797 4243 3103 4295 λανθάνειν.
3164 4243 3234 4294 Ἦ
3282 4244 3463 4293 τοίνυν
3525 4246 3707 4295 ἐκεῖνα
3756 4248 3917 4308 ποιεί,
3966 4246 4002 4315 ἢ

2427 4334 2620 4396 πόνους
2662 4334 3005 4400 σωματικοῦς
3040 4330 3261 4399 ἐπάγει.
3298 4334 3367 4384 Ἦ
3391 4333 3729 4402 ὀνειδισμοὺς
3767 4335 3862 4387 καὶ
3891 4335 4003 4388 θλί-

2424 4424 2545 4493 ψεις
2575 4422 2673 4485 τὰς
2696 4422 2755 4486 εξ
2794 4420 3097 4491 ἀνθρώπων
3146 4424 3353 4475 ἐπινοεῖ
3390 4440 3402 4452 ⁸
3450 4424 3565 4476 ἀλλ’
3605 4426 3727 4477 ὅσον
3753 4427 3782 4477 ό
3831 4443 3997 4497 πονη-

2430 4513 2520 4584 ρὸς
2548 4513 2614 4565 τά
2642 4513 3015 4583 πεπυρωμένα
3060 4511 3235 4566 ταῦτα
3275 4512 3402 4581 βέλη
3450 4514 3571 4566 καθ’
3596 4515 3751 4584 ἡμῶν
3785 4517 3997 4587 ἀφίησι,

2358 4586 2678 4657 ί)·τοσοῡτον
2730 4605 2879 4673 ἡμᾶς
2934 4604 3201 4674 προσήκει
3260 4604 3360 4671 τῆς
3425 4604 3559 4673 πρὸς
3606 4604 3737 4657 Θεὸν
3789 4586 4002 4669 ἐλπίδος

2434 4697 2633 4765 μᾶλλον
2684 4694 2936 4765 ἔξῆφθαι,
2997 4694 3239 4763 ἀκριϐῶς
3290 4694 3519 4758 εἰδότας,
3550 4695 3633 4746 ὅτι
3666 4694 3824 4748 τοῦτο
3853 4697 4001 4767 αὐτῷ

2431 4787 2643 4856 θέλημα
2670 4803 2681 4816 ·
2708 4787 2769 4838 τὸ
2822 4784 2920 4847 τὰς
2963 4782 3237 4851 ἐρωτικῶς
3300 4782 3528 4851 ἐχούσας
3549 4782 3714 4835 αὐτοῦ
3747 4787 3826 4845 είς
3854 4784 3998 4836 δοκί-

2433 4898 2553 4950 μιον
2611 4880 2792 4930 δοῦναι
2843 4877 3043 4945 ψυχάς,
3080 4878 3129 4928 εί
3168 4876 3225 4940 ιξ
3283 4874 3542 4943 ἀληθείας
3592 4875 3753 4927 αὑτὸν
3784 4877 4000 4945 ἠγαπή-

2430 4987 2577 5023 κασι.

2499 5155 2621 5209 AB’.
2657 5152 2819 5205 Χίλια
2853 5150 2949 5215 ἔτη
3005 5146 3098 5199 τοῦ
3130 5146 3322 5208 αἰῶνος
3361 5146 3575 5208 τούτου,
3615 5145 3875 5214 ἀφθάρτῳ
3916 5148 4003 5199 κό.

2431 5265 2551 5317 σμῳ
2581 5247 2674 5297 καὶ
2713 5243 2867 5296 αἰῶνι
2904 5238 3364 5309 παραϐαλλόμενα
3402 5235 3615 5288 τοιοῦτό
3655 5237 3706 5287 τί
3739 5237 3896 5296 είσιν,
3928 5237 4001 5299 ὼς

2430 5341 2481 5391 ετ
2513 5356 2594 5399 τις
2622 5338 2847 5404 ψάμμον
2889 5333 3017 5401 μίαν
3041 5330 3138 5397 τῆς
3178 5328 3306 5396 ὅλης
3349 5327 3577 5396 ψάμμου
3609 5326 3707 5395 τῆς
3729 5326 3999 5393 θαλάσσης

2433 5429 2603 5483 λάϐοι.
2639 5425 2851 5492 Σκέψαι
2885 5424 2941 5475 δέ
2979 5438 3069 5490 μοι
3108 5422 3201 5473 καὶ
3252 5420 3342 5472 τὸν
3380 5419 3579 5489 τρόπον
3613 5418 3829 5471 τοῦτον
3863 5418 4000 5471 ἔστω

2430 5523 2538 5590 γάρ
2570 5516 2765 5582 ἐξεῖναί
2815 5532 2895 5566 σοι
2950 5514 3094 5583 μόνῳ
3144 5513 3242 5580 μὲν
3287 5509 3539 5578 γενέσθαι
3589 5509 3796 5578 βασιλεῖ
3825 5510 4000 5579 πάσης

2431 5612 2526 5678 τῆς
2576 5603 2714 5676 γῆς·
2767 5605 2912 5673 μόνῳ
2938 5604 3045 5656 τῶν
3097 5602 3384 5671 θησαυρῶν
3438 5602 3695 5654 ἁπάντων
3742 5600 4002 5654 δεσπόσαι

2434 5702 2530 5769 τῆς
2558 5697 2905 5765 οἰκουμένης.
2961 5694 3155 5762 Θῶμεν
3186 5694 3241 5745 δὲ
3285 5693 3383 5762 τὴν
3433 5694 3607 5763 ἀρχὴν
3640 5692 3737 5761 τῆς
3774 5692 3879 5743 τῶν
3908 5693 4000 5742 ἀν-

2439 5790 2669 5864 θρώπων
2702 5790 2862 5865 εί-ξτὸ
2904 5783 3043 5839 εἶναι
3082 5786 3439 5856 παραγωγῆς,
3471 5785 3645 5855 ἀρχὴν
3677 5784 3765 5837 καί
3799 5800 3877 5837 σοι
3913 5802 3999 5853 γε-
