4258 6358
242 396 358 461 965

1400 400 1496 461 DE
1528 398 1951 462 LIBERTATE
1990 402 2296 465 MENTIS.

3372 410 3476 471 966

240 502 433 556 νέσθαι
470 504 565 572 τῆς
613 502 888 572 βασιλείας
910 517 922 531 ·
952 503 1075 574 ὅρον
1104 504 1163 557 δέ
1190 503 1391 575 ταύτης
1416 502 1555 561 εῖναι
1584 508 1684 579 τὴν
1707 508 1814 561 τῶν
1842 510 1890 567 Α
1914 529 1921 559 ι

1802 524 1814 559 ρ
1842 510 1890 567 Α
1914 518 2063 573 ortu,
2096 526 2161 566 ac
2189 509 2487 565 terminum
2519 510 2638 579 ejus
2658 510 2776 564 fore
2816 516 3341 570 consummationem
3398 518 3483 571 ul-

246 593 592 665 φαινομένων
641 594 847 647 τούτων
875 594 970 647 καὶ
1001 594 1095 648 τοῦ
1125 595 1331 665 κόσμου
1367 598 1565 662 παντὸς
1593 599 1821 653 ἀλλοίω-

246 685 333 739 σίν
379 702 437 738 τε
482 685 575 738 καὶ
628 686 1006 754 μεταποίησιν.
1040 686 1105 739 Τί
1151 687 1287 753 015v;
1318 689 1581 758 αἱρέσεώς
1614 707 1698 743 σοι
1728 691 1817 743 60c-

244 777 455 844 θείσης,
496 774 740 846 ἤμειψας
784 778 955 845 αὐτὴν
997 777 1097 847 τῆς
1149 779 1407 849 ἀληθινῆς
1441 783 1534 834 καὶ
1568 781 1816 850 βεϐαίας,

243 868 341 923 καὶ
373 865 523 916 οὐδὲν
552 865 783 927 οὐδόλως
804 866 1034 934 ἐχούσης
1064 868 1358 937 παροδικὸν
1389 871 1482 922 καὶ
1510 872 1809 940 λυόμενον;

243 956 359 1007 Οὐκ
403 954 469 1007 ἂν
500 955 674 1022 ἔγωγε
704 956 893 1024 φαίην,
925 959 978 1010 εί
1007 975 1088 1010 σοι
1114 959 1175 1010 τὸ
1208 959 1391 1028 κρίνον
1424 958 1558 1029 εἶχε,
1595 960 1690 1013 καὶ
1717 978 1820 1013 κα-

242 1046 353 1106 λῶς
384 1045 653 1098 ἐσκέπτου
685 1047 814 1114 περὶ
842 1046 948 1099 τῶν
980 1048 1088 1099 σῶν
1111 1065 1123 1077 ·
1166 1051 1226 1101 Τί
1257 1050 1366 1118 γὰρ
1404 1050 1632 1117 κέρδος,
1664 1052 1817 1119 φησὶ,

242 1136 325 1200 τῷ
353 1136 661 1203 ἀνθρώπῳ,
691 1139 743 1189 ει
785 1137 891 1190 τὸν
928 1139 1161 1205 κόσμον
1206 1137 1353 1191 ὅλον
1382 1138 1702 1206 κερδήσας,
1729 1138 1823 1205 (n-

236 1229 432 1297 μιωθῇ
470 1230 587 1294 τὴν
624 1229 834 1296 ψυχὴν
866 1230 1075 1291 αὐτοῦ,
1108 1226 1174 1301 ἦς
1207 1232 1313 1283 οὐδ’
1360 1227 1496 1283 εἷναί
1544 1248 1596 1285 τι
1626 1232 1821 1285 ἀντάλ-

241 1323 432 1390 λαγμα
461 1320 895 1390 μεμαθήκαμεν;
929 1323 1050 1374 ἐπεὶ
1085 1325 1176 1374 κα)⁵
1225 1324 1423 1384 παντὸς
1468 1322 1562 1375 τοῦ
1612 1324 1820 1393 κόσμου

244 1414 342 1465 καὶ
388 1413 489 1480 τῆς
534 1412 672 1464 κατὰ
733 1413 935 1481 κόσμον
984 1413 1261 1479 βασιλείας
1320 1414 1456 1484 αὑτὴ
1512 1417 1645 1483 μόνη
1700 1414 1822 1467 καθ’

244 1502 447 1569 ἑαυτὴν
487 1505 518 1570 η
564 1501 708 1571 ψυχὴ
756 1504 1057 1572 τιμιωτέρα
1106 1504 1309 1573 πολλῷ,
1345 1508 1504 1575 μήτοι
1551 1524 1614 1573 γε
1649 1507 1683 1575 ή
1714 1506 1825 1558 τῶν

241 1592 490 1675 οὐρανῶν
540 1592 812 1660 βασιλεία·
868 1594 1198 1661 τιμιωτέραν
1240 1596 1297 1647 δὲ
1353 1596 1493 1648 κατά
1521 1596 1681 1648 τοῦτο
1723 1596 1824 1667 τὴν

240 1681 422 1749 ψυχὴν
453 1680 612 1743 εἶναι,
646 1683 847 1750 φαμὲν,
880 1682 1001 1734 καθ’
1031 1683 1058 1735 ὃ
1092 1685 1164 1751 μὴ
1219 1686 1308 1735 ἐπ’
1347 1685 1498 1738 οὐδὲν
1546 1687 1674 1739 ἄλλο
1714 1687 1823 1739 τῶν

242 1772 417 1823 ὄντων
470 1772 777 1841 ηὐδόκησεν
824 1775 851 1823 ό
902 1774 1033 1835 Θεὸς
1070 1774 1161 1825 τοῦ
1194 1774 1506 1843 Πνεύματος
1543 1778 1641 1844 τῆς
1688 1777 1825 1839 ίδίας

243 1860 461 1927 φύσεως
506 1861 697 1913 ἕνωσιν
749 1862 938 1914 θέσθαι
968 1866 1060 1915 καὶ
1092 1865 1408 1917 κοινωνίανο
1449 1868 1550 1919 οὐκ
1585 1867 1820 1935 οὐρανῷ,

241 1949 343 2015 οὐχ
373 1948 528 2017 ἡλίῳ,
564 1950 663 2000 οὐκ
699 1950 950 2019 ἄστροις,
986 1953 1047 2003 οὐ
1083 1952 1339 2023 θαλάττῃ,
1367 1955 1428 2007 οὐ
1471 1959 1563 2025 γῇ,
1592 1957 1689 2025 οὐχ
1718 1956 1828 2008 ἐτέ-

245 2056 318 2107 ρᾳ
368 2040 475 2091 τινὶ
509 2039 684 2091 κτίσει
725 2041 833 2092 τῶν
865 2042 1177 2111 ὁρωμένων,
1210 2045 1293 2096 ὅτι
1328 2045 1401 2116 μὴ
1447 2046 1523 2115 τῷ
1557 2046 1829 2117 ἀνθρώπῳ

249 2130 434 2199 μόνῳ·
468 2124 513 2197 ᾧ
563 2133 657 2182 καὶ
704 2131 813 2183 τῶν
872 2133 1186 2201 κτισμάτων
1235 2135 1394 2196 αὐτὸς
1438 2137 1691 2207 ἠγάπησε
1720 2140 1828 2192 τῶν

242 2221 484 2273 οἰκείων.
529 2221 593 2272 Et
635 2220 727 2273 οὖν
756 2221 821 2273 τὰ
856 2223 1067 2291 μεγάλα
1089 2225 1247 2278 ταυτὶ
1275 2225 1370 2278 τοῦ
1399 2226 1627 2297 κόσμου,
1658 2230 1826 2281 πλοῦ-

242 2310 337 2361 τόν
386 2328 528 2381 φημι
571 2312 781 2363 τοσόνδε
826 2313 917 2364 καὶ
962 2314 1239 2383 βασιλείαν
1281 2317 1381 2385 τῆς
1452 2319 1555 2386 γῆς
1609 2318 1826 2389 ἀπάσης

245 2401 337 2468 ὑφ’
369 2404 450 2453 ἐνὶ
488 2403 633 2471 μόνῳ
662 2405 943 2474 κειμένην,
976 2408 1073 2458 οὐκ
1106 2407 1171 2459 ἂν
1201 2408 1377 2478 ὀρθῶς
1418 2410 1703 2479 κρίναντες
1728 2411 1827 2479 τῆς

243 2492 465 2544 αἰωνίου
492 2493 801 2563 ὴλλάξαμεν
835 2495 1130 2564 βασιλείας,
1152 2500 1205 2550 τί
1237 2499 1499 2561 παθόντες
1530 2502 1579 2552 οἱ
1608 2501 1827 2563 πλείους

244 2580 467 2647 φαύλων
511 2583 680 2652 αὐτὴν
718 2586 812 2636 καὶ
837 2586 945 2636 τῶν
975 2587 1245 2654 τυχόντων
1272 2588 1540 2656 τιμῶνται
1568 2592 1829 2659 πραγμά-

244 2666 528 2723 τωνόἴον
582 2673 878 2741 ἐπιθυμίας
932 2675 1097 2737 τινὸς,
1149 2677 1309 2747 δόξης
1358 2679 1567 2750 ὀλίγης,
1606 2681 1829 2749 κέρδους

247 2761 493 2831 μετρίου,
525 2763 617 2813 καὶ
642 2763 752 2814 τῶν
775 2764 1068 2829 τοιούτων;
1101 2767 1238 2837 ὅπερ
1263 2768 1371 2838 γάρ
1400 2787 1480 2832 τις
1510 2771 1603 2823 τοῦ
1634 2770 1829 2831 αἰῶνος

244 2851 438 2902 τούτου
468 2852 630 2919 φιλεῖ,
664 2846 825 2919 καὶ
850 2855 1083 2919 δέδεται,
1109 2858 1286 2911 ἐκεῖνο
1331 2861 1547 2922 πάντως
1585 2860 1681 2913 καὶ
1729 2863 1829 2927 τῆς

243 2939 354 2991 τῶν
384 2941 635 3011 οὐρανῶν
664 2943 978 2997 ἀλλάττεται
1013 2945 1288 3013 βασιλείας
1315 2964 1328 2977 ⁸
1357 2950 1451 3002 καὶ
1485 2950 1544 3001 τὸ
1576 2949 1826 3018 χαλεπώ-

242 3043 430 3092 τατον,
463 3032 544 3082 ὅτι
583 3033 677 3084 καὶ
714 3034 847 3085 Θεὸν
900 3037 1113 3104 ἡγεῖται
1143 3037 1331 3089 τοῦτο·
1376 3039 1557 3101 καθώς
1601 3057 1704 3093 που
1733 3042 1831 3109 ,λέ-

243 3121 455 3187 λεκται,
491 3124 571 3177 ὃτι
604 3118 652 3193 ᾧ
683 3142 771 3192 τις
806 3125 1073 3194 ἥττηται,
1098 3130 1285 3195 τούτῳ
1322 3132 1419 3182 καὶ
1442 3131 1821 3188 δεδούλωται.

243 3213 369 3282 Χρὴ
406 3214 497 3266 οὖν
549 3217 667 3268 ὅλον
704 3219 811 3287 ὅλῳ
857 3218 924 3270 δι’
950 3221 1075 3272 ὅλου
1128 3218 1205 3289 τῷ
1258 3220 1375 3289 Θεῷ
1428 3224 1818 3292 προσδραμεῖν,

246 3305 553 3373 ἀναρτῆσαι
597 3324 656 3357 τε
698 3309 891 3360 ἐαυτὸν
925 3311 1017 3361 καὶ
1047 3312 1367 3381 σταυρῶσαι
1391 3312 1535 3384 ψυχῇ
1584 3316 1679 3367 καὶ
1713 3316 1820 3367 σώ-

248 3409 385 3461 ματι
418 3394 508 3445 διὰ
554 3398 743 3448 πασῶν
793 3400 1156 3469 πορευόμενον
1209 3402 1317 3454 τῶν
1375 3404 1603 3457 ἐντολῶν
1657 3405 1821 3458 αὑτοῦ

244 3482 357 3533 τῶν
394 3484 582 3550 ἁγίων.

1922 596 2112 649 timam
2170 596 2377 660 saeculi,
2411 606 2467 651 et
2518 611 2703 651 rerum
2755 600 2919 653 modo
2975 604 3352 669 apparentium
3388 619 3484 659 ex-

1921 695 2220 754 spectatam
2254 688 2548 757 aliquando
2577 691 2958 745 mutationem.
2984 692 3121 758 Quid
3153 695 3323 764 ergo?
3353 713 3483 750 num

1921 773 2179 841 opinione
2208 775 2307 828 tibi
2344 775 2468 828 data
2531 776 2789 845 eligendi,
2818 787 3001 831 utrum
3044 780 3234 833 malles
3270 797 3336 835 ex
3365 782 3488 835 istis

1919 865 2139 918 duobus
2167 866 2371 934 regnis,
2405 876 2741 934 praeoptares
2772 868 2875 921 hoc
2900 877 3178 922 terrenum
3216 869 3269 923 in
3294 871 3486 924 mundi

1922 950 2029 1006 [ine
2095 954 2444 1019 desiturum,
2495 955 2796 1025 praeferens
2846 957 2899 1009 id
2948 958 3025 1011 illi
3063 960 3272 1013 caelesti
3307 960 3487 1021 alteri,

1921 1058 2074 1105 vero,
2101 1042 2277 1097 solido
2324 1052 2381 1098 et
2420 1045 2758 1113 permanenti
2792 1047 3001 1116 regno?
3050 1046 3203 1102 Haud
3234 1049 3487 1118 equidem

1922 1133 2270 1199 crediderim,
2300 1135 2347 1188 si
2384 1135 2575 1204 utique
2604 1138 2803 1205 sapias,
2837 1145 2893 1190 et
2924 1153 3081 1206 aequo
3105 1148 3367 1207 rectoque
3395 1140 3487 1208 ju-

1924 1222 2165 1282 dicio.de
2191 1240 2250 1278 re
2279 1234 2372 1277 tua
2396 1232 2545 1279 tanta
2565 1234 2795 1281 statuas.
2814 1226 2951 1290 Quid
2968 1228 3104 1279 enim
3133 1229 3229 1291 (ait
3254 1229 3487 1297 Veritas)

1925 1315 2135 1380 prodest
2182 1318 2405 1379 homini,
2465 1318 2512 1369 si
2575 1320 2827 1372 mundum
2880 1321 3178 1373 universum
3242 1310 3490 1381 lucretur,

1936 1406 2132 1457 animo:
2189 1413 2367 1458 autem
2451 1422 2561 1460 sua:
2607 1408 2974 1461 detrimentum
3022 1411 3260 1477 patiatur
3283 1411 3346 1462 ".
3385 1411 3491 1463 Pro

1924 1508 2034 1561 qua
2070 1494 2208 1547 nihil
2244 1510 2343 1562 par
2376 1495 2431 1549 in
2470 1498 2949 1552 commutationem
3002 1499 3117 1553 dari
3156 1514 3313 1567 posse
3344 1498 3492 1551 didi-

1924 1586 2121 1650 cimus,
2151 1586 2595 1654 quandoquidem
2630 1596 2685 1641 et
2711 1589 2917 1642 mundo
2948 1590 3066 1656 ipso
3102 1598 3235 1652 toto,
3266 1598 3321 1642 et
3351 1605 3492 1657 qua-

1925 1673 2185 1742 licunque
2220 1678 2499 1729 mundano
2527 1692 2715 1744 regno,
2756 1677 2869 1729 sola
2894 1693 2993 1745 per
3027 1694 3085 1731 se
3118 1679 3285 1745 ipsam
3310 1679 3493 1731 anima

1924 1763 2218 1831 pretiosior
2262 1764 2437 1817 multo
2460 1774 2573 1829 est;
2605 1764 2806 1818 nedum
2841 1774 2898 1818 ut
2928 1768 3229 1833 comparari
3279 1782 3400 1818 cum
3428 1767 3493 1820 iis

1926 1856 2098 1923 possit
2146 1855 2410 1909 caelorum
2452 1870 2699 1924 regnum.
2735 1855 2863 1908 Inde
2894 1865 3074 1908 autem
3110 1857 3493 1924 pretiosiorem

1928 1944 2143 1999 cunctis
2181 1944 2418 1998 dicimus
2461 1944 2723 2006 animam,
2750 1946 2895 2012 quod
2939 1947 3108 1998 solum
3166 1947 3309 1997 illam
3350 1946 3493 1999 inter

1926 2048 2119 2087 omnes
2144 2032 2435 2087 inferiores
2467 2042 2748 2088 creaturas
2778 2034 2992 2103 dignam
3028 2035 3167 2088 Deus
3204 2034 3488 2104 judicavit,

1926 2125 2016 2178 cui
2043 2139 2203 2178 suum
2234 2124 2472 2192 propria:
2500 2131 2708 2177 natura:
2748 2123 3010 2191 Spiritum
3044 2124 3234 2177 intime
3278 2124 3493 2178 unitum

1927 2216 2149 2285 penitus
2175 2215 2389 2269 inderet
2414 2224 2471 2269 et
2501 2215 2975 2279 communicaret;
3007 2215 3153 2283 quod
3188 2229 3298 2269 non
3330 2217 3492 2279 coelo,

1926 2320 2036 2359 non
2067 2305 2191 2370 soli,
2213 2321 2323 2359 non
2349 2304 2532 2368 astris,
2566 2320 2675 2357 non
2699 2304 2856 2367 mari,
2883 2320 2992 2357 non
3018 2313 3175 2357 terra:
3196 2306 3493 2367 concessit;

1931 2410 2045 2449 non
2071 2397 2164 2449 alii
2213 2396 2452 2464 denique
2491 2395 2789 2449 visibilium
2816 2404 3079 2450 creaturae
3127 2396 3224 2448 ulli
3272 2405 3497 2465 praeter-

1928 2502 2092 2555 quam
2128 2487 2221 2538 uni
2269 2486 2477 2539 homini
2506 2503 2520 2551 ;
2546 2499 2709 2554 quem
2742 2485 2862 2540 vice
2889 2486 3133 2539 omnium
3164 2502 3194 2538 a
3224 2501 3281 2540 se
3303 2487 3497 2540 condi-

1929 2583 2111 2630 torum
2167 2576 2223 2628 in
2274 2589 2485 2643 partem
2535 2576 2692 2645 quasi
2739 2577 3017 2645 propriam
3072 2576 3177 2630 sibi
3229 2578 3495 2644 seposuit.

1928 2667 2140 2735 sibique
2164 2666 2450 2736 applicuit,
2482 2681 2549 2719 eo
2594 2674 2905 2720 contentus.
2966 2667 3022 2721 Si
3067 2683 3197 2737 ergo
3241 2668 3357 2722 hinc
3376 2682 3498 2737 qua:

1929 2756 2152 2810 maximi
2201 2757 2340 2810 ﬁunt
2383 2757 2438 2809 in
2468 2756 2693 2820 mundo,
2735 2756 2960 2819 divitiaa,
3012 2757 3155 2821 dico,
3184 2760 3404 2828 amplae,
3442 2768 3498 2814 et

1931 2860 2089 2903 terrae
2141 2850 2308 2902 totius
2355 2847 2643 2917 imperium
2692 2848 2748 2901 in
2796 2850 3106 2902 monarchte
3138 2850 3297 2903 unius
3335 2852 3497 2919 plcno

1928 2939 2156 2993 arbitrio
2186 2938 2425 3006 positum
2475 2937 2921 3005 haudquaquam,
2970 2948 3117 2993 recte
3161 2938 3493 3007 judicantes,

1928 3048 2051 3086 cum
2080 3039 2286 3084 αξιοι·ηο
2329 3037 2789 3082 commularentus
2823 3045 3022 3098 regno;
3053 3046 3173 3097 quae
3218 3029 3496 3085 dementia

1928 3124 2291 3193 plurimorum
2343 3130 2449 3180 est.
2507 3134 2645 3187 quos
2690 3119 2935 3185 quotidie
2992 3119 3244 3173 videmus
3299 3121 3497 3177 vilibus

1931 3213 2065 3269 illud
2125 3222 2182 3268 et
2250 3209 2564 3271 mediocris,
2621 3209 2785 3261 etiam
2846 3209 3056 3277 vulgari
3114 3210 3494 3278 aestimatione,

1928 3303 2089 3373 pretii
2145 3303 2311 3355 rebus
2354 3300 2704 3369 posthabere,
2734 3310 2884 3369 puta,
2920 3301 3207 3369 cupiditati
3233 3304 3491 3371 cuipiam,

1926 3396 2136 3465 exiguae
2158 3392 2325 3455 laudi,
2343 3393 2501 3446 lucro
2532 3408 2641 3445 non
2663 3408 2877 3461 magno,
2898 3402 2954 3447 et
2977 3395 3252 3449 similibus
3270 3397 3293 3447 ’ἔ
3311 3396 3497 3449 Enim—

1928 3502 2058 3542 vero
2090 3485 2235 3553 quod
2254 3484 2376 3551 quis
2400 3484 2453 3535 in
2478 3484 2583 3536 hoc
2609 3483 2813 3536 mundo
2839 3483 3036 3553 diligit,
3069 3486 3271 3553 cuique
3299 3486 3493 3556 deligi-

245 3583 360 3637 tur,
391 3575 445 3627 id
481 3577 728 3639 omnino,
751 3588 1019 3647 quantum
1049 3581 1100 3633 in
1133 3582 1252 3650 ipso
1285 3590 1389 3646 est,
1411 3597 1536 3636 cum
1563 3585 1826 3639 caelorum
1867 3596 2035 3652 regno
2078 3581 2413 3634 commutat:
2474 3574 2631 3640 quin.
2680 3572 2826 3639 (1υοίί
2857 3572 3015 3640 longe
3057 3584 3142 3628 est
3174 3575 3491 3643 οθρίιειίυει

242 3680 301 3724 et
328 3671 383 3723 id
407 3672 577 3724 Deum
606 3688 763 3725 suum
788 3673 934 3726 facit.
974 3673 1127 3728 Sicut
1157 3676 1357 3731 alicubi
1391 3677 1657 3746 scriptum
1726 3688 1811 3732 est
1840 3695 1853 3729 :
1897 3676 1939 3728 Α
2005 3686 2107 3740 τικο
2135 3668 2248 3737 θυῖε
2272 3669 2436 3719 victus
2458 3672 2554 3727 εδει
2585 3665 2629 3716 εί
2655 3665 3066 3733 ῖηαησίραιυτη-
3085 3666 3311 3734 oportet
3331 3669 3497 3737 igitur

244 3769 424 3817 totum
454 3779 518 3817 ex
552 3774 666 3817 lolo
693 3766 968 3820 hominem
999 3768 1065 3819 ad
1092 3766 1260 3821 Deum
1297 3776 1469 3823 totum
1502 3771 1814 3840 confugere,
1892 3768 2044 3821 illum
2102 3759 2378 3828 amplecti,
2436 3772 2500 3809 ex
2550 3771 2617 3809 eo
2660 3752 2935 3839 pendere,“
3002 3758 3103 3825 ipsi
3153 3760 3389 3814 animam
3440 3772 3498 3816 et

240 3870 471 3925 corpus,
506 3859 659 3925 quasi
714 3858 883 3911 clavis
929 3860 1075 3912 cruci
1123 3859 1415 3929 conﬁgere,
1470 3862 1814 3916 incedentem
1854 3873 1953 3929 per
1979 3852 2164 3906 omnia
2196 3860 2381 3903 sancta
2407 3849 2528 3915 ejus
2552 3848 2827 3901 mandata.

317 3944 442 3999 AI".
479 3940 600 4000 Εἶεν
618 3965 632 3977 ·
660 3949 767 4017 ἀρα
797 3950 853 4002 δέ
891 3968 971 4002 σοι
1017 3951 1111 4004 καὶ
1132 3951 1337 4005 δίκαιον
1358 3948 1496 4007 εἶναι
1525 3954 1688 4019 δοκεῖ,
1720 3955 1821 4021 τὴν

249 4039 351 4104 μὲν
384 4038 629 4106 φθαρτὴν
661 4039 829 4107 αὐτὴν
882 4041 1061 4105 δόξαν,
1096 4044 1189 4093 καὶ
1216 4043 1315 4111 τὴν
1365 4044 1639 4114 ἐφήμερον
1666 4045 1821 4113 βασι-

247 4129 423 4190 λείαν,
458 4129 549 4179 καὶ
593 4129 730 4181 ἄλλα
760 4131 859 4182 ὅσα
887 4130 1111 4184 τοιαῦτα
1142 4133 1251 4184 τῶν
1276 4134 1599 4203 ἐπικαίρων,
1646 4134 1822 4185 πόνων

247 4216 347 4265 καὶ
385 4215 621 4282 ἱδρώτων
668 4218 899 4282 πολλῶν,
927 4222 1041 4278 τοῖς
1070 4220 1419 4289 ὀρεγομένοις
1461 4223 1641 4274 αὐτῶν
1671 4241 1825 4294 περι-

248 4306 537 4372 γίνεσθαιο
569 4309 628 4360 τὸ
677 4308 734 4361 δέ
781 4312 877 4362 σὺν
924 4310 1144 4381 Χριστῷ
1174 4312 1468 4382 ἀπέραντα
1496 4315 1821 4383 βασιλεύειν,

250 4396 348 4446 καὶ
370 4395 430 4446 τδ
457 4396 565 4447 τῶν
594 4398 975 4466 ἀνεκλαλήτων
1008 4399 1231 4452 ἐκείνων
1281 4403 1559 4470 ἐπιτυχεῖν
1582 4401 1823 4469 ἀγαθῶν,

1996 3942 2236 3998 XXXIII.
2264 3943 2386 3995 llaec
2425 3940 2537 3993 sint
2574 3941 2667 3995 ita.
2702 3940 2969 3995 C:eterum
3019 3940 3163 3995 idem
3196 3943 3497 4013 utiqueju-

1927 4044 2070 4089 stum
2124 4033 2447 4093 arbitraris,
2500 4032 2915 4099 corruptibilem
2952 4034 3108 4086 istam
3143 4035 3396 4103 gloriam,
3442 4047 3500 4092 ct

1927 4126 2234 4178 desiturum
2286 4138 2536 4191 regnum,
2605 4121 2840 4189 aliaque,
2878 4132 3151 4191 quotquot
3194 4131 3326 4177 sunt
3379 4126 3499 4195 ejus

1928 4214 2144 4284 generis
2198 4212 2529 4265 caducarum
2589 4226 2797 4275 rerum,
2834 4212 2926 4264 illa
2976 4215 3500 4282 concupiscentibus

1925 4304 2243 4371 contingere
2285 4302 2474 4355 multis
2522 4312 2704 4370 empta
2730 4302 3013 4357 laboribus
3054 4312 3110 4357 et
3162 4303 3493 4370 sudoribus;

1925 4410 2215 4463 mquumne
2241 4402 2423 4445 tamen
2456 4407 2669 4456 censes,
2688 4400 2952 4447 aeternum
2979 4395 3317 4449 consortium
3342 4398 3496 4465 regni

247 4484 411 4537 τοῦτο
464 4486 521 4538 δέ
571 4486 740 4550 οὕτως
790 4490 883 4541 καὶ
923 4490 1105 4559 ῥᾴδιον
1158 4488 1316 4557 εἷναι,
1346 4493 1421 4555 ὡς
1453 4493 1629 4547 πόνων
1670 4494 1826 4558 ἐκτὸς
1860 4471 1902 4526 D

1816 4512 1826 4557 ς
1860 4471 1902 4526 D
1929 4483 2155 4546 Christi,
2185 4490 2242 4537 et
2274 4482 2722 4535 inenarrabilium
2767 4484 2981 4537 illorum
3017 4485 3364 4555 adeptionem
3399 4487 3497 4541 bo-

252 4577 351 4629 καὶ
379 4579 642 4647 καμάτων
672 4582 1070 4651 κατορθοῦσθαι
1095 4584 1173 4653 τῷ
1198 4584 1506 4655 βουλομένῳ
1531 4604 1546 4653 ;

327 4837 449 4894 ΛΔ’.
477 4841 626 4908 Τίςή
660 4841 941 4909 οἰκονομία
985 4842 1081 4911 τῆς
1115 4842 1209 4894 τοῦ
1235 4845 1471 4913 Χριστοῦ
1508 4846 1824 4914 παρουσίας,

251 4934 286 5001 ἢ
321 4933 405 4994 τίς
430 4933 587 5001 ήμῶν
621 4933 837 5000 φύσεως
877 4935 1010 5002 πρὸς
1041 4936 1237 5006 ἑαυτὴν
1269 4937 1528 5000 ἐπάνοδος
1562 4940 1656 4989 καὶ
1690 4940 1829 4991 ἀποο

252 5026 620 5089 κατάστασις
666 5026 937 5078 Ἀπέδωκε
980 5027 1088 5096 γὰρ
1122 5031 1185 5097 τῇ
1218 5028 1533 5100 ἀνθρωπίνῃ
1584 5031 1743 5098 φύσει
1769 5030 1830 5081 τὸ

251 5113 349 5169 τδῦ
380 5116 807 5185 πρωτοπλὰστου
851 5119 1019 5187 Ἀδὰμ
1048 5119 1283 5188 ἀξίωμα,
1320 5122 1458 5190 πρὸς
1489 5122 1544 5173 δὲ
1570 5123 1663 5174 καὶ
1695 5123 1826 5190 κλη-

257 5208 514 5275 ρονομίαν
554 5208 701 5279 αὑτῷ
735 5210 1016 5277 οὐρανίαν,
1052 5210 1097 5261 ῶ
1142 5210 1292 5273 θείας
1332 5212 1424 5263 καὶ
1460 5214 1702 5283 μεγάλης
1753 5213 1829 5282 τῷ

252 5302 369 5355 ὄντι
418 5303 635 5371 χάριτος
681 5302 775 5355 τοῦ
830 5304 1032 5370 ἀγαθοῦ
1089 5305 1425 5375 Πνεύματος,
1482 5307 1823 5377 ἐδωρήσατο·

255 5393 544 5459 ἐξαγαγών
577 5411 636 5446 τε
660 5395 828 5463 αὐτὴν
856 5398 918 5448 ἐκ
950 5397 1046 5463 τῆς
1081 5396 1326 5465 φυλακῆς
1355 5397 1446 5449 τοῦ
1478 5398 1725 5461 σκότους,
1759 5398 1825 5450 δι’

256 5479 325 5553 ἦς
358 5483 585 5543 ἐλθόντι.
626 5485 717 5537 καὶ
760 5488 815 5537 ἐν
924 5488 1215 5555 κρούσαντι
1245 5488 1467 5542 δυνατὸν
1499 5491 1648 5553 ὲντδς
1679 5491 1831 5556 γενέ·

260 5574 387 5626 σθαι
416 5575 509 5642 τῆς
545 5574 818 5641 βασιλείας
846 5596 859 5608 ·
886 5578 1132 5641 Αἰτεῖτε,
1178 5580 1317 5657 γάρ’,
1342 5597 1495 5651 φησι,
1526 5580 1623 5633 καὶ
1656 5579 1830 5647 δοθή-

337 5755 377 5784 ⁷⁷
410 5753 595 5809 Matth.
646 5772 750 5822 xw,
781 5756 869 5810 9.5.
949 5756 1059 5810 ⁷⁵11
1102 5758 1244 5811 Pctr.
1285 5775 1341 5821 ll,
1379 5761 1459 5814 l9.

1927 4591 2147 4639 norum,
2183 4575 2351 4645 gratis
2381 4573 2639 4642 quiddam
2669 4590 2789 4628 esse
2818 4576 3095 4645 parabile;
3127 4592 3192 4630 ac
3236 4577 3497 4631 facilitate

1927 4684 2162 4730 summa,
2180 4667 2323 4721 citra
2347 4666 2597 4719 laborem
2626 4671 3103 4721 contentioncmvc
3129 4668 3292 4721 ullam
3321 4668 3496 4721 cuivis

1927 4761 2132 4815 volenti
2158 4760 2415 4815 evenire?

1999 4853 2238 4907 XXXIV.
2270 4850 2424 4916 Quod
2450 4849 2740 4903 consilium
2779 4864 2966 4917 qumve
3004 4851 3145 4903 ratio
3183 4857 3269 4904 est
3295 4850 3499 4904 adven-

1932 4953 2020 4998 tus
2058 4942 2262 4997 Christi
2300 4958 2312 4991 :
2347 4941 2539 5009 quisve
2590 4949 2801 4993 natura:
2855 4951 3055 4993 nostra:
3102 4940 3167 4992 ad
3226 4955 3285 4993 se
3323 4941 3497 5008 ipsam

1930 5035 2161 5095 reditus,
2199 5040 2255 5086 ct
2304 5030 2359 5083 in
2394 5030 2670 5097 integrum
2702 5028 3015 5082 restitutio?
3056 5027 3314 5081 Reddidit
3346 5029 3497 5083 enim

1928 5124 2180 5180 Christus
2203 5124 2458 5175 humanm
2487 5129 2696 5174 natura:
2729 5120 2963 5174 ablatam
3004 5120 3106 5190 ipsi
3138 5122 3291 5190 prius
3318 5120 3499 5188 digni-

1931 5224 2098 5270 tatem
2126 5212 2314 5267 Adami
2346 5210 2665 5280 protoplasti
2689 5232 2703 5275 ;
2739 5222 3113 5279 praetereaque
3132 5209 3358 5263 donavit
3384 5210 3499 5263 ba:-

1930 5306 2221 5373 redilatem‘
2248 5302 2347 5371 ipsi
2374 5302 2653 5356 cmlcstem
2677 5318 2689 5352 :
2709 5316 2742 5354 ο
2760 5316 2885 5354 vere
2915 5299 3154 5353 divinam
3169 5308 3223 5353 et
3245 5315 3495 5369 magnam

1932 5395 2062 5448 boni
2097 5392 2334 5461 Spiritus
2354 5392 2618 5461 gratiam!
2651 5391 2903 5444 Educens
2932 5405 3065 5443 vero
3090 5389 3258 5459 ipsam
3279 5404 3347 5442 ex
3377 5404 3496 5443 car-
3545 5451 3547 5455 Α

1930 5501 2056 5540 cere
2097 5484 2443 5539 tenebrarum
2485 5484 2626 5535 viam
2659 5482 2822 5535 etiam
2851 5483 2975 5535 vita:
2996 5490 3052 5534 et
3079 5481 3300 5550 januam
3341 5494 3495 5533 mon-

1933 5580 2146 5641 stravit,
2178 5592 2275 5645 per
2322 5591 2488 5644 quam
2540 5590 2665 5629 cum
2710 5574 2930 5641 transit,
2969 5582 3024 5628 et
3054 5573 3120 5628 ad
3153 5589 3317 5643 quam
3369 5587 3494 5627 cum
