4258 6358
762 381 866 446 967

1990 369 2050 431 S.
2074 370 2396 431 MACARII
2438 370 2760 434 IEGYPTII

3914 376 4035 440 968

759 492 959 562 pulsat,
992 497 1173 559 potest
1203 489 1256 542 in
1288 488 1552 541 interiora
1584 484 1735 555 regni
1774 492 2062 551 penetrare
2119 499 2131 533 :
2161 480 2331 534 Petite
2365 491 2406 545 Α
2436 500 2605 537 σεται
2633 484 2806 553 ὑμῖν·
2832 486 3206 552 κρούετε,και

2437 500 2605 537 σεται
2633 484 2777 553 ὑμῖν
2794 500 2806 514 ·
2832 486 3211 552 κρούετε,και
3239 485 3644 555 ἀνοιγήσεται.
3682 488 3781 541 Διὰ
3810 488 4038 557 ταύτης

758 584 930 647 enim,
964 582 1061 646 ait,
1091 590 1140 634 et
1180 581 1391 633 dabitur
1419 579 1595 642 vobis;
1624 575 1829 646 pulsate
1875 584 1922 627 et
1950 575 2217 644 aperietur
2246 589 2337 625 vo-

760 677 838 729 bis
859 677 926 727 ".
952 673 1056 727 Per
1090 672 1236 725 illam
1266 680 1481 740 portam
1510 667 1716 723 nemini
1756 681 1971 731 eorum,
1998 664 2092 732 qui
2119 663 2331 726 volunt,

760 762 1100 833 impossibile
1118 771 1224 827 est,
1257 776 1369 815 sua:
1393 760 1565 830 ipsius
1594 757 1789 812 anima:
1834 756 2085 809 invenire
2106 754 2335 808 liberta-

762 866 894 919 tem,
924 856 1084 924 222
1117 870 1218 909 nec
1250 868 1369 908 eam
1391 850 1780 905 convenientes
1810 848 1913 916 ipsi
1947 848 2194 916 recipere
2241 860 2337 899 co-

762 944 1078 1014 gitationes,
1102 952 1159 997 et
1194 957 1319 996 cum
1343 941 1623 996 Christum
1670 952 1857 991 secum
1895 934 2144 1005 possidet
2179 934 2339 988 habi-

765 1038 994 1094 tantem,
1038 1030 1367 1099 locupletem
1414 1042 1557 1090 esse,
1590 1040 1767 1094 eoque
1790 1024 1962 1077 veluti
1990 1037 2191 1092 sponso
2230 1018 2338 1073 frui

765 1136 864 1192 per
884 1120 1443 1176 communicationem
1476 1118 1607 1172 boni
1630 1116 1890 1185 Spiritus.
1917 1114 2054 1169 Vide
2092 1111 2341 1167 ineffabi-

763 1214 872 1267 lem
911 1212 1236 1266 charitatem
1273 1208 1491 1262 Domini
1533 1206 1795 1261 adversus
1818 1205 2119 1267 hominem,
2153 1201 2221 1263 ad
2256 1201 2341 1255 sui

764 1304 940 1373 ipsius
966 1302 1256 1371 imaginem
1282 1299 1591 1354 conditum.

833 1440 879 1471 "
902 1438 1093 1493 Matth.
1125 1451 1218 1500 vn,
1262 1436 1314 1490 7.

2434 575 2529 643 τῆς
2564 572 2732 641 θύρας
2764 574 2939 626 οὐδενὶ
2974 575 3084 629 τῶν
3112 576 3453 645 βουλομένων
3504 575 3711 645 ἄπορον
3730 578 3838 647 τὴν
3856 580 4032 631 ἑλεν-

2436 667 2619 737 θερίαν
2648 666 2745 735 τὴν
2775 663 2970 720 ἑαυτοῦ
3014 663 3195 732 ψυχῆς
3242 666 3515 732 ἑφευρείν.
3548 666 3764 734 ἐκείνην
3792 682 3853 717 τε
3889 666 4037 728 τοὺς

2438 754 2598 815 Ιδίους
2622 753 2915 806 ἀπολαϐεῖν
2952 752 3264 819 λογισμοὺς,
3306 753 3401 804 καὶ
3453 752 3750 821 πλουτῆσαι
3780 755 4041 823 Χριστὸν

2438 844 2705 909 σύνοικον,
2740 846 2835 897 καὶ
2882 844 2958 906 ὡς
3007 842 3225 912 νυμφίῳ
3252 842 3404 913 αὑτῷ
3432 846 3573 911 κᾳτὰ
3597 844 3696 910 τὴν
3726 844 4038 896 κοινωνίαν

2437 932 2533 985 τοῦ
2589 933 2793 1001 ἀγαθοῦ
2860 933 3174 1003 Πνεύματος
3239 931 3567 1002 χρήσασθαι.
3625 932 3730 985 Ἴδε
3794 933 4038 1000 ἀγάπην

2439 1023 2678 1095 ᾶρῤητον
2712 1025 2982 1077 Δεσπότου
3042 1025 3181 1093 πρὸς
3230 1024 3321 1076 τὸν
3360 1023 3451 1075 ὑπ’
3498 1022 3667 1077 αὐτοῦ
3724 1022 4040 1093 γενόμενον

2438 1117 2579 1170 κατὰ
2600 1116 2699 1186 τὴν
2718 1115 2901 1169 εἰκόνα.
2930 1115 3030 1187 τὴν
3058 1114 3251 1168 ἑαυτοῦ
3282 1114 3586 1186 ἄνθρωπον.

1200 1618 4012 1652 _______________.__.___.._—_——————————

1561 1792 1653 1877 S.
1773 1789 2264 1877 MACARII
2372 1786 3206 1876 ALEXANDRINI

2060 1993 2319 2039 ABBATIS
2350 1993 2697 2038 NITRIBNSIS

1377 2161 2020 2291 REGULA
2100 2163 2306 2286 AD
2421 2138 3384 2290 MONACHos‘”

831 2541 874 2595 I.
916 2538 1118 2593 Milites
1160 2548 1290 2604 ergo
1338 2532 1542 2587 Christi
1590 2533 1674 2585 sic
1723 2530 1902 2583 taliter
1947 2544 2077 2585 suos
2125 2529 2336 2586 debent
2374 2542 2414 2594 Β
2513 2532 2647 2586 Vill.
2689 2532 2805 2585 Non
2873 2530 3045 2584 oderis
3093 2530 3412 2583 laboriosam
3460 2548 3677 2599 operam
3725 2534 3746 2565 ³
3788 2551 3807 2589 :
3841 2536 4026 2591 otium

763 2642 1096 2699 componere
1144 2639 1383 2695 gressus,
1426 2623 1747 2677 charitatem
1799 2622 1853 2673 in
1895 2634 1953 2673 se
2003 2620 2339 2688 perfectissi-

761 2735 905 2778 mam
948 2717 1342 2773 continentes:
1390 2714 1558 2768 Deum
1608 2728 1671 2765 ex
1723 2718 1835 2763 tota
1871 2710 2058 2763 anima
2101 2710 2340 2781 diligere,

762 2824 813 2864 et
856 2827 920 2865 ea:
966 2819 1072 2863 toto
1116 2809 1293 2873 corde,
1346 2814 1397 2859 et
1438 2821 1500 2857 ea:
1540 2811 1649 2857 tota
1688 2804 1881 2855 virtute
1920 2820 2017 2856 sua
2056 2804 2095 2855 ¹.

834 2902 900 2955 II.
942 2901 1181 2954 Invicem
1241 2899 1388 2950 inter
1437 2909 1493 2948 se
1546 2892 2002 2963 perfectissimam
2070 2902 2344 2948 sectantes

762 2990 1154 3052 obedientiam,
1207 2987 1444 3057 pacifici,
1508 2984 1690 3046 mites,
1755 2982 2046 3046 moderati,
2094 2998 2205 3037 non
2251 2999 2341 3037 su-

762 3083 944 3155 perbi,
978 3097 1088 3135 non
1133 3078 1407 3149 injuriosi,
1458 3092 1569 3130 non
1612 3089 1963 3139 susurrones,
2009 3089 2119 3129 non
2152 3074 2345 3129 irriso-

764 3190 881 3237 res,
935 3187 1043 3226 non
1086 3169 1341 3228 verbosi.
1392 3182 1502 3221 non
1550 3166 2008 3235 praesumptuosi,
2072 3182 2184 3220 non
2238 3168 2346 3223 sibi

764 3264 1068 3333 placentes,
1112 3258 1207 3312 sed
1232 3259 1343 3311 Deo
1366 3256 1454 3309 cui
1494 3254 1738 3308 militant
1783 3252 2005 3307 Christo
2034 3270 2048 3307 :
2087 3270 2196 3308 non
2228 3255 2345 3308 hla-

768 3355 1071 3425 sphemiam
1098 3360 1390 3412 sectantes,
1416 3362 1520 3401 nec
1543 3345 1792 3399 dicentes
1824 3345 2123 3413 quidquam
2151 3354 2345 3415 praeter

766 3446 914 3516 quod
961 3445 1167 3497 bonum
1218 3449 1302 3493 est
1344 3456 1358 3492 :
1402 3436 1468 3491 ad
1519 3435 1851 3503 obsequium
1898 3451 2007 3489 non
2061 3436 2223 3505 pigri,
2280 3436 2346 3489 ad

767 3534 1071 3587 orationem
1119 3529 1314 3599 parati,
1352 3528 1406 3580 in
1448 3525 1765 3579 humilitate
1815 3523 2068 3591 perfecti,
2118 3525 2172 3578 in
2215 3524 2347 3578 ohe-

769 3624 977 3677 dientia
1028 3620 1330 3691 precincti,
1370 3619 1423 3671 in
1459 3615 1660 3685 vigiliis
1710 3615 1999 3679 instantes,
2037 3615 2090 3668 in
2132 3616 2342 3686 jejunio

769 3716 993 3770 hilares.

840 3808 929 3860 Ill.
980 3804 1175 3859 Nullus
1242 3817 1301 3855 sc
1356 3800 1463 3854 alio
1512 3800 1803 3871 justiorem
1854 3798 2203 3863 arbitretur;
2251 3798 2344 3852 sed

2444 2638 2661 2694 quoque
2714 2638 2782 2675 ne
2833 2630 3076 2675 sectatus
3122 2621 3316 2674 fueris.
3365 2621 3425 2675 In
3467 2622 3670 2692 vigiliis
3709 2626 4027 2691 confectus,

2445 2713 2498 2767 iu
2540 2726 2706 2781 opere
2734 2712 2883 2781 justo
2916 2710 3164 2771 aﬂ'ectus,
3196 2711 3487 2764 ambulans
3525 2713 3681 2779 quasi
3714 2713 4033 2769 dormitans

2443 2803 2621 2857 lassus
2640 2800 2705 2855 ad
2738 2812 2969 2855 stratum
3011 2810 3165 2854 tuum
3196 2800 3407 2866 venias,
3436 2811 3493 2855 et
3524 2816 3649 2855 cum
3681 2802 3906 2858 Christo
3931 2822 4026 2859 re-

2444 2896 2729 2965 quiescere
2768 2903 2821 2947 te
2865 2892 3075 2947 credas.

2514 2988 2615 3042 IX.
2657 2986 3003 3053 Cursumque
3042 2984 3360 3037 monasterii
3392 3000 3557 3053 super
3596 2985 3778 3038 omnia
3806 2985 4026 3054 diligas.

2445 3082 2548 3147 Qui
2570 3096 2700 3135 vero
2726 3080 2927 3149 sapius
2955 3094 3115 3132 orare
3142 3077 3402 3141 voluerit,
3428 3077 3745 3132 uberiorem
3780 3079 4031 3133 inveniet

2446 3174 2874 3230 misericordiam
2910 3173 3137 3228 Christi.

2515 3265 2582 3320 Χ.
2624 3265 2998 3332 Matutinoque
3027 3264 3176 3317 dicto
3207 3264 3281 3316 ita
3316 3262 3735 3316 meditationem
3783 3263 4031 3317 habeant

2446 3356 2643 3409 fratres
2679 3370 2851 3421 usque
2892 3354 2957 3406 ad
2994 3354 3185 3406 horam
3213 3353 3509 3406 secundam
3545 3370 3559 3405 :
3590 3353 3633 3405 si
3672 3362 3852 3406 tamen
3876 3353 4028 3406 nulla

2448 3462 2610 3500 causa
2649 3444 2941 3504 exstiterit.
2973 3458 3078 3511 qua
3108 3458 3333 3497 necesse
3373 3443 3442 3496 sit
3466 3444 3631 3497 etiam
3661 3446 4030 3511 praetermissa

2447 3536 2805 3591 meditatione
2837 3535 3045 3603 aliquid
3095 3534 3210 3587 fieri
3263 3535 3317 3587 in
3355 3550 3670 3589 commune.

2516 3626 2607 3679 Xi.
2652 3626 2782 3679 Post
2810 3626 3001 3679 horam
3032 3640 3169 3679 vero
3212 3626 3507 3679 secundam
3550 3627 3928 3695 unusquisque
3958 3626 4025 3679 ad

2448 3729 2590 3783 opus
2632 3729 2793 3768 suum
2843 3724 3065 3783 paratus
3113 3715 3183 3768 sit
3232 3730 3408 3783 usque
3455 3715 3520 3767 ad
3573 3715 3764 3768 horam
3799 3730 4024 3778 nonam,

2451 3812 2510 3857 ut
2556 3804 2823 3873 quidquid
2866 3804 3171 3873 injunctum
3218 3803 3407 3868 fuerit,
3450 3807 3561 3857 sine
3610 3810 4031 3857 murmuratione

770 3898 1152 3965 unusquisque
1198 3892 1454 3947 omnibus
1514 3907 1571 3943 se
1620 3890 1936 3943 inferiorem
1989 3899 2339 3944 contemnat:
2372 3885 2415 3941 C
2448 3896 2687 3966 ρει-βείω
2719 3898 2759 3959 ι,
2794 3898 2938 3949 sicut
2975 3896 3109 3949 dicit
3157 3905 3381 3949 sanctus
3427 3897 3740 3963 Αροδιοιυε,

772 3986 907 4051 Quia
942 3986 1029 4055 qui
1054 4001 1108 4037 se
1135 3983 1357 4047 exultat,
1384 3980 1779 4044 humiliabitur;
1804 3988 1851 4032 et
1883 3982 1971 4049 qui
2005 3996 2060 4033 se
2082 3980 2341 4045 humiliat,

770 4078 1094 4129 exaltabilur
1137 4076 1176 4126 ’.

838 4169 929 4222 IV.
979 4168 1320 4234 Praeceptum
1373 4163 1609 4218 senioris
1664 4170 1725 4215 ut
1768 4162 1999 4214 salutem
2036 4160 2341 4230 suscipias:

771 4274 880 4312 non
916 4255 1314 4310 murmurando
1349 4253 1513 4306 ullam
1552 4266 1772 4321 operam
1812 4249 1979 4303 facias
2015 4266 2028 4302 :
2076 4265 2185 4303 non
2234 4266 2347 4303 res-

770 4350 1092 4418 ponsionem
1133 4354 1325 4399 contra
1375 4352 1709 4411 praeceptum
1754 4356 2007 4409 usurpes.

844 4440 905 4493 V.
947 4439 1063 4494 Non
1110 4446 1161 4490 te
1190 4436 1441 4499 extollas,
1476 4441 1571 4485 aut
1597 4432 1918 4502 magnifices
1968 4432 2207 4497 aliquam
2242 4428 2347 4481 uti-

774 4533 880 4584 lem
935 4545 1154 4599 operam
1192 4528 1391 4582 fecisse
1441 4540 1597 4577 :non
1644 4526 1699 4576 in
1750 4523 2087 4591 acquirendo
2139 4520 2343 4589 aliquid

772 4622 913 4677 lucri
953 4620 1320 4689 congaudeas.
1370 4630 1465 4670 aut
1510 4617 1564 4669 in
1610 4616 1810 4669 damno
1862 4614 2227 4667 contristeris.

844 4713 932 4766 Vl.
969 4712 1088 4764 Non
1135 4722 1188 4763 te
1242 4708 1585 4761 familiaritas
1632 4708 1742 4759 ulla
1798 4704 2076 4759 saecularis
2128 4704 2345 4768 trahat;

774 4804 871 4858 sed
918 4812 1029 4856 tota
1079 4801 1369 4854 delectatio
1410 4808 1502 4851 tua
1532 4799 1583 4851 in
1618 4797 1815 4851 cellula
1848 4796 2187 4849 demoretur.
2222 4794 2347 4848 Cei-

775 4896 881 4949 iam
920 4903 979 4947 ut
1019 4892 1331 4962 paradisum
1360 4891 1595 4953 habeas;
1637 4890 1835 4943 fratres
1869 4900 1994 4942 tuos
2036 4888 2349 4957 spirituales

778 4995 837 5038 ut
874 4994 1109 5037 aeternos
1151 4980 1395 5034 confidas
1439 4980 1640 5032 habere
1688 4987 1959 5045 parentes.

846 5073 953 5127 VII.
999 5072 1356 5139 Praepositum
1384 5068 1701 5122 monasterii
1739 5068 1930 5119 timeas
1952 5077 2009 5120 ut
2041 5067 2345 5129 dominum,

776 5165 968 5233 diligas
1002 5172 1060 5216 ut
1092 5170 1395 5231 parentem.
1435 5159 1700 5211 Similiter
1724 5174 1944 5225 quoque
1969 5172 2159 5209 omnes
2188 5172 2347 5224 opor-

2516 3986 2635 4039 Xli.
2676 3986 2734 4041 Si
2784 3986 2910 4055 quis
2950 3995 3132 4039 autem
3185 3987 3631 4049 murmuraverit,
3666 3987 3751 4039 vel
3799 3998 4026 4040 contem

2449 4077 2621 4129 tiosus
2652 4077 2946 4138 exstiterit,
2980 4084 3073 4129 aut
3106 4076 3351 4129 referens
3382 4077 3434 4129 in
3474 4077 3659 4145 aliquo
3692 4077 4022 4129 contrariam

2445 4168 2783 4220 voluntatem
2828 4169 3143 4237 prteceptis;
3181 4167 3343 4236 digne
3378 4179 3667 4235 correptus
3721 4168 4021 4220 secundum

2447 4258 2737 4311 arbitrium
2761 4258 2993 4312 senioris
3017 4259 3098 4311 vel
3126 4258 3347 4311 modum
3373 4257 3565 4325 culpa},
3616 4256 3806 4310 tandiu
3854 4256 4023 4309 obsti-

2446 4360 2593 4412 neat,
2644 4349 2887 4416 quandiu
2928 4350 3009 4402 vel
3051 4349 3224 4418 culpa:
3258 4348 3492 4416 qualitas
3553 4348 3888 4417 poposcerit,
3937 4349 4019 4400 vel

2448 4454 2507 4493 se
2547 4439 2864 4508 pcenitendo
2919 4440 3313 4503 humiliaverit,
3373 4440 3457 4493 vel
3506 4440 4021 4503 emendaverit;ita

2449 4542 2509 4585 nt
2548 4542 2835 4600 correptus
2868 4548 2975 4585 non
3023 4532 3225 4586 audeat
3254 4548 3484 4600 usquam
3517 4532 3786 4587 recidere.

2518 4620 2655 4674 XIII.
2698 4620 2753 4674 Si
2778 4622 2902 4689 quis
2931 4620 3122 4679 frater.
3150 4621 3235 4673 vel
3266 4620 3357 4689 qui
3390 4620 3442 4672 in
3488 4620 3731 4673 oratorio
3761 4629 3910 4683 sunt,
3935 4621 4018 4673 vel

2448 4710 2542 4779 qui
2582 4726 2680 4779 per
2710 4712 2936 4765 cellulas
2970 4711 3315 4774 consistunt,
3351 4710 3670 4778 quicunque
3699 4711 3819 4779 ejus
3849 4713 4021 4764 errori

2449 4800 2809 4863 consenserit,
2856 4800 3145 4868 cuipahilis
3182 4800 3311 4852 erit.

2518 4892 2656 4945 XIV.
2699 4893 2777 4944 Ad
2824 4892 3015 4944 horam
3071 4906 3202 4944 vero
3237 4890 3503 4944 orationis
3544 4890 3674 4944 dato
3719 4892 3874 4959 signo
3917 4907 4018 4944 non

2450 4980 2632 5034 statim
2669 4981 3036 5049 praetermisso
3068 4980 3217 5031 omni
3248 4993 3413 5045 opere
3437 4979 3584 5046 quod
3629 4980 3759 5048 agit,
3806 4991 4021 5047 paratus

2450 5072 2639 5134 fuerit,
2675 5073 2819 5124 foras
2852 5071 3200 5133 excludatur,
3236 5080 3293 5124 ut
3342 5072 3665 5136 erubescat;
3715 5072 3844 5140 quia
3892 5073 4018 5125 nihil

2455 5163 2692 5215 orationi
2724 5168 3152 5230 praeponendum
3179 5171 3285 5214 est.

776 5218 854 5309 tet
875 5218 1108 5322 diligere
1155 5252 1373 5313 fratres,
1420 5265 1544 5302 cum
1578 5218 1780 5318 quibus
1818 5218 1987 5301 etiam
2032 5256 2084 5301 te
2112 5218 2344 5300 coniidis
2381 5218 2420 5272 θ
2521 5252 2635 5305 XV.
2678 5218 2909 5319 operam
2957 5252 3068 5303 Deo
3099 5251 3307 5304 dabunt
3332 5252 3530 5320 singuli
3562 5251 3761 5306 fratres
3782 5260 4020 5321 tempore

775 5347 963 5400 videre
1003 5342 1231 5411 gloriam
1271 5340 1499 5394 Christi.

860 5483 876 5511 ¹
909 5478 1077 5531 Marc.
1124 5494 1220 5541 χιι,
1273 5475 1362 5530 50.
1438 5477 1457 5507 '
1500 5475 1635 5528 Luc.
1687 5490 1795 5537 xiv,
1855 5474 1938 5526 Η.

848 5620 925 5688 (l)
960 5618 1091 5672 Post
1140 5617 1283 5688 hanc
1318 5613 1731 5688 inscriptionem
1776 5610 2028 5688 sequitur
2056 5611 2238 5688 altera
2270 5612 2347 5688 _in

780 5678 926 5741 edito
976 5687 1349 5745 Ilolsteniano,
1382 5699 1449 5735 ex
1490 5678 1589 5733 ins.
1610 5682 1830 5742 codice,
1879 5689 1939 5732 ut
1981 5680 2218 5743 videtur,
2251 5678 2349 5732 de-

787 5768 1017 5827 sumpta,
1064 5773 1182 5825 qua:
1219 5757 1300 5808 sic
1339 5770 1395 5807 se
1447 5752 1611 5805 habet
1647 5749 1877 5818 :Incipit
1907 5749 2089 5819 regula
2146 5748 2199 5803 S.
2236 5748 2350 5803 bla-

2017 5475 2035 5503 ³
2080 5474 2249 5528 Eccli.
2304 5491 2373 5528 vn
2418 5516 2432 5541 ,
2480 5476 2564 5529 16.

2457 5358 2566 5412 quo
2609 5343 2783 5395 Missae
2829 5343 2881 5393 in
2924 5342 3125 5411 vigiliis
3176 5342 3535 5397 observandis
3594 5345 3753 5410 fiunt,
3808 5344 4020 5413 quando

2644 5476 2665 5507 ⁸
2702 5476 2939 5545 Philipp.
2988 5492 3047 5542 ιι,
3104 5477 3189 5530 id.

2456 5614 2608 5673 carii,
2639 5614 2728 5681 qui
2759 5614 2939 5665 habuit
2969 5614 3062 5667 sub
3112 5613 3443 5667 ordinatione
3470 5631 3567 5666 sua
3609 5615 3837 5683 quinque
3866 5613 4023 5667 millia

2460 5686 2862 5736 monac/corum.
