4258 6358
270 366 387 429 969

1439 355 1750 418 REGULA
1786 351 1885 411 AD
1913 350 2355 418 MONACHOSJ

3422 364 3530 427 970

272 487 473 529 omnes
504 472 878 538 conveniunt,
912 486 983 528 ne
1026 469 1305 528 deﬁciant.
1351 469 1679 540 Quicunque
1714 467 1920 539 διδ-Δ
1947 465 2230 536 fratribus,
2292 469 2446 526 velut
2504 471 2689 541 regula
2757 470 3021 527 continet.
3089 472 3190 539 Qui
3241 488 3529 546 susceptus

272 570 440 615 vatur
467 576 684 627 somno,
717 569 877 616 exeat
907 559 1053 615 foras
1091 578 1106 615 :
1141 574 1252 614 non
1278 572 1337 614 se
1366 556 1568 612 fabulis
1598 564 1851 627 occupet,

274 653 375 707 sed
402 653 588 706 statim
616 652 807 706 redeat
834 652 902 706 ad
934 667 1096 721 opus,
1118 666 1229 721 quo
1262 650 1607 705 convenitur.
1635 649 1696 703 In
1724 664 1857 704 con-

274 740 595 809 gregatione
616 748 799 793 autem
828 739 943 808 ipsa
974 738 1069 793 ubi
1099 740 1318 808 legitur,
1348 752 1511 792 aures
1539 751 1757 805 semper
1785 736 1856 792 ad

277 830 600 897 Scripturas
642 830 901 893 habeant,
925 839 982 885 et
1013 830 1293 884 silentium
1320 829 1637 883 observent.

347 920 488 975 XVI.
530 920 645 974 Hoc
676 920 840 975 etiam
872 920 1268 975 attendendum
1301 919 1426 982 fuit,
1471 926 1535 974 ut
1565 918 1736 974 frater
1759 919 1855 989 qui

274 1028 378 1082 pro
420 1013 667 1081 qualibet
696 1013 856 1083 culpa
888 1012 1138 1082 arguitur
1165 1014 1252 1067 vel
1277 1014 1614 1082 increpatur,
1640 1014 1856 1082 patien-

278 1102 409 1154 tiam
456 1101 675 1165 habeat,
706 1111 762 1157 et
801 1117 911 1156 non
946 1102 1279 1171 respondeat
1309 1103 1560 1172 arguenti
1605 1116 1698 1167 se,
1754 1102 1853 1158 sed

274 1190 532 1246 humiliet
592 1207 651 1246 se
709 1193 766 1246 in
813 1192 1110 1255 omnibus,
1161 1192 1465 1247 secundum
1516 1202 1853 1263 praeceptum

273 1284 492 1336 Domini
523 1284 760 1338 dicentis
794 1300 808 1335 :
840 1282 977 1347 Quia
1005 1283 1140 1337 Deus
1166 1284 1449 1338 humilibus
1480 1286 1575 1338 dat
1598 1287 1851 1355 gratiam,

269 1376 510 1439 superbis
536 1382 715 1427 autem
740 1373 932 1428 resistit
958 1376 1003 1431 ⁸.
1039 1374 1106 1428 Et
1142 1394 1155 1429 :
1188 1373 1290 1439 Qui
1315 1391 1372 1429 se
1406 1375 1671 1439 humiliat,
1697 1376 1854 1429 exal-

271 1467 475 1518 tabitur
515 1467 555 1518 ‘.

334 1557 500 1610 XVII.
536 1555 637 1620 Qui
658 1572 790 1610 vero
806 1556 1009 1625 saepius
1026 1556 1343 1624 corripitur,
1368 1565 1426 1610 et
1441 1570 1552 1609 non
1580 1571 1641 1609 se
1664 1570 1853 1610 emen-

268 1649 507 1711 daverit,
555 1647 888 1701 novissimus
926 1648 979 1699 in
1023 1646 1218 1700 ordine
1252 1654 1397 1700 stare
1434 1646 1714 1716 jubeatur.
1743 1644 1849 1710 Qui

268 1740 313 1791 si
357 1754 459 1791 nec
507 1739 587 1791 sic
614 1738 837 1806 quidem
869 1752 926 1790 se
959 1737 1356 1799 emendaverit,
1408 1744 1704 1790 extraneus
1751 1737 1852 1789 ha-

267 1829 487 1891 beatur,
525 1829 954 1883 sicutDominus
991 1828 1128 1881 dixit
1166 1845 1179 1880 :
1214 1826 1292 1881 Sit
1335 1828 1426 1882 tibi
1452 1827 1585 1881 sicut
1615 1828 1848 1881 ethnicus

268 1928 322 1973 et
352 1921 673 1986 ’publicanus
708 1922 753 1973 ⁷.

344 2008 530 2063 XVIII.
568 2010 649 2064 Ad
692 2026 934 2065 mensam
974 2021 1154 2065 autem
1198 2010 1511 2079 specialiter
1548 2010 1733 2064 nullus
1770 2010 1849 2065 lo-

267 2110 495 2168 quatur,
530 2102 633 2154 nisi
666 2102 759 2169 qui
792 2110 989 2169 praest
1012 2101 1097 2154 vel
1134 2101 1229 2170 qui
1263 2102 1633 2170 interrogatus
1664 2100 1846 2155 fuerit.

342 2192 487 2246 XIX.
543 2193 737 2248 Nullus
786 2210 843 2248 se
878 2194 931 2246 in
985 2210 1081 2248 sua
1133 2194 1331 2263 peritia
1386 2208 1567 2262 neque
1602 2193 1657 2246 in
1716 2209 1849 2249 voce

269 2286 496 2348 exaltet,
527 2285 620 2339 sed
660 2302 760 2354 per
792 2286 1158 2340 humilitatem
1203 2293 1260 2339 et
1292 2284 1663 2339 obedientiam
1695 2285 1849 2340 laete-

272 2385 365 2429 tur
416 2376 471 2428 in
522 2376 774 2430 Domino.

345 2466 465 2520 XX.
506 2466 935 2536 Hospitalitatem
980 2476 1240 2521 sectantes
1284 2482 1381 2537 per
1404 2468 1589 2521 omnia
1622 2469 1664 2529 ⁸,
1696 2475 1849 2523 etne

268 2565 492 2611 avertas
532 2557 775 2620 oculum,
820 2563 917 2609 aut
968 2557 1184 2610 inanem
1230 2556 1474 2609 dimittas
1509 2571 1847 2625 pauperem;

269 2664 341 2703 ne
385 2649 525 2703 forte
566 2649 829 2703 Dominus
864 2648 919 2701 in
950 2648 1164 2716 hospite
1206 2658 1301 2703 aut
1336 2649 1393 2702 in
1422 2661 1663 2717 paupere
1694 2646 1761 2700 ad
1798 2653 1850 2701 te

265 2741 475 2799 veniat.
516 2750 572 2795 et
608 2741 791 2794 videat
816 2749 869 2793 te
914 2740 1254 2795 haesitantem
1289 2757 1302 2793 :
1344 2748 1399 2793 et
1438 2738 1844 2803 contemnaris;

269 2831 367 2887 sed
420 2832 679 2886 omnibus
708 2833 941 2887 hilarem
992 2842 1045 2886 te
1082 2831 1333 2895 ostende,
1370 2838 1429 2885 et
1460 2830 1696 2884 ﬁdeliter
1726 2844 1847 2899 age.

340 2920 485 2975 XXI.
521 2921 722 2977 Passus
758 2922 1011 2992 injuriam
1038 2933 1236 2975 taceas.
1263 2919 1519 2989 Iniuriam
1541 2918 1719 2973 facere
1738 2934 1848 2973 non

267 3024 453 3069 nosse,
496 3009 692 3065 factam
740 3026 905 3079 posse
937 3011 1191 3064 tolerare.
1226 3010 1345 3063 Non
1376 3018 1429 3062 te
1470 3007 1652 3061 inania
1681 3007 1849 3062 sedu-

265 3109 398 3156 cant
425 3102 675 3165 consilia,
719 3101 815 3155 sed
867 3101 1039 3171 magis
1083 3110 1134 3155 te
1180 3100 1493 3167 specialiter
1534 3099 1591 3152 in
1624 3097 1841 3153 Christo
1867 3124 1909 3180 ο

265 3191 553 3246 conﬁrma.
588 3191 708 3245 Non
739 3192 837 3245 tibi
881 3191 1117 3246 astimes
1162 3191 1303 3245 ullos
1348 3190 1713 3259 proximiores
1743 3204 1841 3259 pa-

266 3288 479 3341 rentes,
535 3296 699 3348 quam
734 3280 827 3349 qui
864 3288 1045 3333 tecum
1080 3280 1285 3333 suntin
1315 3279 1514 3333 cellula
1553 3278 1770 3331 fratres.

336 3370 503 3423 XXII.
543 3370 597 3423 Si
636 3370 703 3423 ad
749 3370 1058 3425 necessaria
1090 3368 1424 3438 requirenda
1453 3384 1484 3422 e
1507 3368 1843 3422 monasterio

266 3462 387 3515 bini
418 3462 773 3529 egrediantur
802 3462 889 3514 vel
911 3461 1053 3515 terni
1078 3460 1294 3523 fratres,
1321 3460 1457 3513 tales
1487 3458 1619 3513 ﬁant
1642 3460 1845 3526 quibus

262 3551 534 3615 creditur,
568 3552 677 3620 ”qui
711 3552 966 3605 timorem
1007 3552 1101 3605 Dei
1140 3551 1194 3604 in
1239 3566 1298 3605 se
1332 3550 1535 3604 habere
1564 3550 1840 3613 videntur,

262 3659 375 3697 non
412 3644 503 3711 qui
544 3644 931 3696 verbositatem
974 3651 1069 3696 aut
1106 3643 1285 3712 gulam
1325 3649 1630 3695 sectantur.
1800 3648 1824 3695 i‘

337 3732 529 3786 XXIII.
572 3734 715 3803 Ergo
743 3734 789 3787 si
826 3733 951 3801 quis
987 3732 1055 3787 de
1093 3733 1294 3786 sacculo
1340 3730 1408 3785 ad
1449 3730 1841 3785 monasterium

1952 556 2141 627 fuerit,
2171 576 2281 616 non
2313 562 2491 615 solum
2520 561 2588 617 de
2628 561 2938 617 substantia
2970 578 3135 633 quam
3184 566 3389 630 intulit,
3430 568 3529 625 sed

1951 649 2119 705 etiam
2146 667 2248 707 nec
2294 651 2363 706 de
2401 666 2459 706 se
2488 651 2609 722 ipso
2640 652 2708 706 ab
2754 654 2847 707 illa
2875 653 3150 723 judicabit
3192 654 3348 708 hora.
3392 657 3529 713 Nam

1953 742 1999 797 si
2030 742 2235 811 aliquid
2285 743 2440 811 prius
2475 745 2720 813 erogavit
2759 745 3116 813 pauperibus,
3154 756 3247 799 aut
3298 748 3528 802 veniens

1954 834 2011 888 in
2032 835 2281 889 cellulam
2304 835 2507 903 aliquid
2542 835 2729 889 intulit
2756 834 3039 899 fratribus,
3074 835 3180 906 ipsi
3212 845 3391 893 tamen
3416 853 3527 893 non

1951 933 2035 979 est
2064 925 2296 987 licitum,
2337 934 2398 980 ut
2434 925 2637 995 aliquid
2670 926 2870 981 habeat
2899 926 2954 980 in
2986 942 3083 981 sua
3126 937 3419 997 potestate.

2024 1014 2187 1071 XXV.
2229 1016 2297 1069 Et
2329 1016 2373 1070 si
2400 1031 2467 1069 ex
2500 1017 2750 1086 qualibet
2781 1031 2943 1071 causa
2984 1018 3223 1071 scandali
3252 1025 3376 1086 post
3414 1027 3526 1073 ter-

1952 1103 2091 1159 tium
2137 1103 2281 1158 diem
2322 1103 2448 1159 inde
2478 1105 2630 1159 exire
2658 1104 2914 1167 voluerit,
2948 1105 3085 1158 nihil
3130 1105 3351 1174 penitus
3378 1105 3525 1160 acci-

1950 1193 2087 1261 piat.
2134 1192 2238 1248 nisi
2279 1193 2334 1246 in
2370 1203 2520 1248 veste
2560 1210 2667 1263 qua
2710 1193 2882 1247 venit.
2911 1194 3065 1259 Quod
3096 1196 3140 1249 si
3183 1210 3314 1250 casu
3347 1206 3527 1251 trans-

1952 1284 2099 1347 ierit.
2144 1285 2328 1340 nullus
2370 1286 2668 1340 haeredium
2701 1288 2776 1354 (2)
2800 1288 2919 1358 ejus
2946 1286 3342 1342 adire‘debeat.
3367 1288 3526 1355 Quod

1950 1375 1997 1429 si
2047 1376 2346 1444 impulsare
2388 1377 2465 1447 (ὅ)
2510 1378 2778 1443 voluerit,
2843 1380 3027 1448 regula
3074 1380 3124 1433 ei
3183 1380 3417 1449 legatur,
3469 1390 3526 1434 et

1950 1462 2319 1517 confundatur
2346 1467 2599 1534 turpiter,
2628 1476 2685 1519 et
2714 1467 2961 1521 discedat
2988 1468 3286 1523 confusus:
3312 1469 3442 1537 quia
3466 1478 3526 1523 et

1951 1551 2029 1605 illi
2067 1569 2096 1605 a
2127 1568 2247 1625 quo.
2276 1554 2498 1621 repetit,
2549 1554 2728 1609 fuerat
2779 1558 3028 1610 recitata.

2021 1638 2211 1695 XXVI.
2251 1642 2393 1711 Ergo
2435 1658 2504 1695 ex
2549 1644 2794 1711 qualibet
2832 1660 2992 1699 causa
3034 1646 3157 1712 quis
3212 1647 3524 1712 peccaverit

1950 1728 2138 1795 frater,
2168 1732 2237 1785 ab
2267 1733 2518 1786 oratione
2542 1734 2933 1803 suspendatur,
2960 1744 3016 1789 et
3036 1735 3259 1804 jejuniis
3292 1736 3521 1791 distrin-

1950 1829 2130 1889 gatur.
2154 1820 2310 1886 Quod
2346 1822 2388 1874 si
2420 1838 2602 1876 coram
2632 1825 2887 1878 omnibus
2921 1825 3184 1879 fratribus
3215 1833 3523 1895 prostratus

1948 1909 2164 1964 veniam
2204 1912 2588 1979 postulaverit,
2626 1913 2933 1967 dimittatur
2961 1914 3060 1967 illi.

2018 2001 2231 2057 XXVII.
2274 2002 2408 2058 Nam
2438 2005 2482 2057 si
2523 2003 2590 2057 -in
2628 2020 2725 2057 sua
2756 2006 2992 2060 voluerit
3030 2022 3382 2075 perseverare
3420 2024 3523 2063 ne-

1947 2092 2120 2161 quitia
2154 2100 2211 2145 et
2244 2094 2520 2162 superbia,
2568 2102 2623 2149 et
2651 2096 2799 2149 dicat
2832 2115 2843 2149 :
2885 2096 2984 2151 Hic
3027 2112 3128 2167 ego
3176 2098 3521 2153 durare‘non

1944 2199 2193 2253 possum,
2226 2186 2321 2239 scd
2374 2186 2637 2256 accipiam
2678 2189 2918 2243 casulam
2954 2205 3152 2254 meam,
3184 2198 3239 2245 et
3278 2205 3398 2245 eam
3425 2191 3520 2245 ubi

1946 2275 2183 2329 voluerit
2222 2277 2484 2332 Dominus
2516 2298 2528 2333 :
2563 2280 2820 2349 quisquis
2850 2280 2918 2335 de
2961 2281 3223 2336 fratribus
3252 2298 3377 2337 eum
3411 2284 3519 2337 hoc

1946 2364 2149 2420 dixisse
2182 2366 2335 2435 prius
2367 2367 2625 2431 audierit,
2684 2369 2883 2423 referat
2926 2372 3239 2439 praeposito,
3288 2382 3345 2426 et
3377 2387 3518 2441 pra:-

1946 2456 2157 2523 positus
2209 2457 2414 2511 abbati.
2472 2459 2656 2513 Abbas
2702 2475 2889 2514 coram
2940 2462 3199 2517 omnibus
3250 2461 3519 2518 fratribus

1946 2549 2204 2613 resideat,
2226 2560 2280 2605 et
2304 2566 2429 2604 eum
2451 2552 2702 2607 exhiberi
2720 2554 2934 2623 jubeat,
2957 2563 3014 2609 et
3028 2556 3196 2625 virgis
3222 2564 3516 2625 purgetur:

1946 2648 2002 2693 et
2041 2641 2219 2694 oratio
2272 2641 2385 2703 fiat,
2413 2654 2469 2697 et
2507 2642 2587 2697 sic
2613 2643 2678 2697 ad
2715 2645 3159 2699 communionem
3198 2647 3518 2716 recipiatur.

1945 2729 2017 2784 Ut
2050 2730 2095 2784 si
2134 2732 2260 2799 quis
2310 2746 2441 2787 sane
2489 2748 2601 2787 non
2643 2734 2970 2789 emendatur
3016 2735 3292 2799 doctrina,
3348 2738 3521 2808 virgis

1945 2832 2233 2891 purgetur.
3074 2874 3078 2881 .

2020 2913 2253 2968 XXVIII.
2292 2914 2447 2980 Quod
2478 2917 2522 2970 si
2559 2931 2686 2971 casu
2725 2918 2849 2987 quis
2882 2916 3052 2973 frater
3080 2918 3147 2973 de
3184 2920 3519 2973 monasterio

1944 3002 2093 3057 exire
2142 3003 2405 3067 voluerit,
2438 3004 2578 3058 nihil
2621 3006 2850 3075 penitus
2889 3007 3146 3076 accipiat,
3190 3008 3297 3062 nisi
3332 3008 3387 3062 in
3420 3024 3519 3063 no-

1944 3094 2216 3148 tatissimo
2262 3093 2339 3165 (4)
2388 3096 2736 3160 vestimento,
2781 3106 2837 3151 et
2881 3108 3033 3152 extra
3074 3100 3517 3155 communionem

1943 3182 2179 3239 inﬁdelis
2216 3185 2479 3240 discedat.
2511 3188 2645 3241 Nam
2680 3188 2853 3256 quieti
2885 3197 2942 3242 et
2992 3190 3206 3258 pacifici
3238 3192 3518 3245 excelsum

1938 3274 2208 3344 diripiunt
2248 3293 2476 3347 regnum
2500 3278 2544 3341 ’,
2572 3286 2627 3333 et
2654 3280 2755 3334 ﬁlii
2802 3289 3193 3350 computantur
3224 3282 3515 3345 Altissimi,

1937 3374 1994 3419 et
2034 3367 2299 3435 pretiosas
2332 3369 2752 3439 splendidasque
2783 3371 3054 3440 accipient
3092 3386 3365 3435 coronas;
3417 3371 3515 3427 ﬁlii

1939 3464 2122 3510 autem
2162 3458 2523 3513 tenebrarum
2578 3461 2635 3513 in
2672 3462 2946 3516 exteriora
3002 3461 3163 3516 ibunt
3215 3470 3514 3519 tormenta.

1940 3545 2111 3617 Super
2143 3566 2297 3618 quem
2339 3552 2681 3619 requiescam,
2738 3553 2862 3607 dicit
2910 3553 3185 3615 Dominus,
3227 3555 3331 3607 nisi
3358 3570 3515 3624 super

1940 3638 2212 3701 humilem,
2236 3650 2283 3692 et
2306 3642 2563 3709 quietum,
2584 3652 2633 3695 et
2662 3651 2963 3697 trementem
2986 3629 3249 3698 sermones
3270 3662 3408 3699 meos
3426 3648 3468 3677 ³⁸
3490 3646 3514 3698 7

2009 3729 2199 3784 XXIX.
2238 3730 2442 3797 Quarta
2491 3741 2546 3787 et
2593 3743 2741 3787 sexta
2791 3734 2930 3788 feria
2960 3735 3050 3803 qui
3085 3734 3403 3804 infrangunt
3432 3737 3515 3806 je-

262 3825 511 3879 converti
541 3825 801 3890 voluerit,
836 3824 1025 3893 regula
1069 3823 1118 3876 ei
1152 3821 1457 3875 introeunti
1500 3822 1733 3890 legatur,
1787 3827 1845 3874 et
1934 3820 2176 3890 junium,
2212 3822 2365 3877 Judaa
2392 3824 2732 3878 aestimantur
2774 3824 3070 3894 participes
3106 3825 3201 3894 qui
3229 3824 3510 3881 Christum

264 3931 459 3970 omnes
498 3924 652 3969 actus
680 3914 998 3969 monasterii
1034 3912 1113 3966 illi
1134 3911 1414 3982 pateﬁant.
1444 3910 1549 3976 Qui
1577 3911 1624 3967 si
1656 3910 1843 3963 omnia

263 4016 391 4075 apte
436 4007 783 4071 sustinuerit,
828 4005 909 4061 sic
940 4005 1102 4075 digne
1134 4019 1164 4057 a
1203 4003 1470 4057 fratribus
1503 4002 1838 4073 suscipiatur

262 4098 318 4150 in
349 4097 707 4150 monasterio.

335 4187 525 4242 XXIV.
566 4188 701 4241 Nam
724 4186 771 4241 si
799 4187 1039 4255 aliquam
1073 4186 1129 4239 in
1156 4186 1353 4240 cellula
1371 4184 1604 4239 voluerit
1632 4182 1835 4238 inferre

1942 3912 2193 3966 tradidit.

2009 4003 2177 4057 XXX.
2218 4005 2354 4058 Illud
2405 4005 2570 4060 etiam
2630 4006 3024 4062 attendendum
3074 4008 3199 4071 fuit,
3246 4017 3308 4063 ut
3359 4008 3507 4064 intra

1940 4095 2335 4147 monasterium
2370 4096 2662 4150 artiﬁcium
2709 4113 2817 4151 non
2850 4097 3014 4153 faciat
3047 4099 3213 4162 ullus,
3255 4098 3362 4154 nisi
3419 4100 3512 4154 ille

1940 4186 2099 4254 cujus
2129 4186 2263 4239 ﬁdes
2294 4188 2522 4254 probata
2572 4187 2761 4251 fuerit,
2795 4188 2887 4257 qui
2915 4188 2981 4242 ad
3013 4189 3303 4243 utilitatem
3330 4199 3387 4243 et
3410 4206 3511 4245 ne-

262 4278 649 4340 substantiam,
698 4276 754 4330 in
803 4292 994 4331 mensa
1061 4283 1299 4345 ponatur
1344 4290 1528 4330 coram
1578 4274 1836 4330 omnibus
1862 4278 2253 4352 Dcessitatem
2300 4279 2618 4333 monasterii
2662 4280 2825 4334 faciat
2864 4280 3012 4350 quod
3064 4282 3267 4350 poterit
3305 4280 3508 4337 facere.

331 4445 490 4523 'Jac.
525 4461 597 4510 iv,
641 4444 692 4497 6.
770 4447 791 4478 ⁸
827 4446 1019 4501 Matth.
1056 4449 1333 4512 “111,12.
1404 4449 1427 4482 '
1471 4449 1663 4509 Matth.
1713 4470 1870 4517 mn,
1916 4453 2005 4508 l7.
2079 4455 2101 4486 "
2137 4454 2296 4508 Rom.
2334 4471 2406 4509 ιιι
2434 4496 2447 4519 ,
2504 4455 2587 4511 l3.
2663 4457 2685 4488 ν
2730 4456 2919 4511 Matth.
2970 4474 3023 4523 v,
3101 4458 3154 4522 4,
3185 4457 3242 4512 9.
3320 4458 3365 4490 ⁸⁸
3400 4458 3506 4513 Isa.

260 4529 368 4581 LVI,
404 4514 459 4568 2.

351 4698 437 4772 (‘2_)_
476 4697 795 4772 "medium.
821 4696 968 4772 Idem
996 4713 1061 4752 ac
1102 4699 1380 4769 praedium.
1415 4700 1552 4755 Vide
1575 4700 1837 4772 Caugium

261 4765 320 4822 iu
363 4765 609 4828 ‘Clossar,
645 4786 696 4821 v.
743 4769 1061 4822 Httredium.

338 4838 415 4906 (5)
449 4838 769 4907 lmpulsare.
802 4839 1071 4892 Excitare.
1108 4836 1267 4905 Apud
1306 4837 1627 4893 Marculfum
1672 4839 1769 4892 lib.
1800 4856 1835 4893 ιι

260 4906 439 4960 Form.
473 4906 561 4971 52,
594 4924 659 4962 ex
688 4908 919 4977 epistola
943 4906 1164 4977 Henrici
1200 4907 1261 4972 V,
1290 4908 1507 4962 abbatis
1553 4909 1839 4963 Fuldensis

259 4976 330 5029 a’d
362 4978 497 5031 alios
526 4976 753 5032 abbates
772 4976 998 5031 Ordinis
1032 4977 1091 5031 S.
1123 4976 1405 5032 Benedicti
1437 4978 1694 5033 :Abbates
1716 4980 1837 5047 qui-

1936 4702 2059 4754 dam
2079 4702 2276 4755 ordinis
2306 4711 2472 4755 nostri
2506 4719 2710 4756 nos.....
2742 4704 3103 4774 multipliciter
3118 4708 3504 4777 impulsarunt.

1938 4780 2263 4850 quatenus...
2296 4787 2559 4850 assumere
2585 4788 2913 4850 curaremus,
2942 4785 3050 4831 etc.
3088 4776 3210 4832 Vid.
3240 4777 3507 4850 Cangium

1939 4841 1995 4894 in
2032 4841 2266 4896 Glossar.
2312 4858 2364 4893 v.
2417 4840 2734 4909 lmpulsare.

2016 4911 2091 4977 (4)
2119 4911 2460 4984 Notatissimo
2482 4921 2612 4984 ραι.
2645 4912 2778 4984 Vi_de
2801 4913 2941 4968 infra
2973 4930 3093 4984 quae
3118 4917 3503 4977 adnotavimus

1942 4979 2011 5033 ad
2053 4994 2173 5049 cap.
2221 4979 2308 5044 10,
2346 4981 2546 5051 regula:
2584 4996 2645 5035 ιιι
2695 4982 2917 5037 Patrum
2963 4979 3030 5039 ad
3058 4988 3374 5045 monachos.

344 5311 562 5371 Sancti
590 5310 847 5397 {Iacui-ii
875 5309 1414 5397 Apophthegmata
1447 5355 1477 5397 ,_
1521 5332 1761 5375 necnon
1807 5326 2104 5397 excerpta
2134 5316 2295 5379 varia
2318 5335 2359 5397 _e_
2403 5325 2616 5397 sancto
2663 5318 2969 5397 Macario,
3010 5338 3350 5381 sermonem
3414 5326 3494 5387 de

263 5389 533 5449 Excessu
572 5390 1077 5478 _Ju§torum,ftc.
1107 5396 1217 5478 nent“
1245 5389 1550 5478 Epistolas
1588 5410 1719 5471 qua:
1760 5389 2103 5472 sequuniur
2130 5399 2198 5457 in
2262 5393 2529 5455 editione
2562 5389 3007 5471 Gallandiana,
3032 5399 3170 5478 jam
3212 5400 3493 5466 dedimus

261 5484 455 5545 supra
492 5465 608 5527 col.
637 5465 917 5541 235-265,
951 5465 1241 5541 385-392,
1277 5465 1555 5529 506-447.
