4258 6358
764 409 862 476 9Ἶ1

773 520 3842 561 _________________________________________——

1704 410 1807 467 SS.
1848 405 2364 467 MACARIORUM
2404 404 2500 463 ET
2542 402 2988 463 PAPHNUTII.

3913 390 4021 452 σιξ

1479 702 1596 813 s.
1671 698 2550 845 SERAPIONIS,
2630 693 3275 833 MACARII,

1274 946 1938 1041 PAPHNUTII
2019 943 2167 1031 ET
2236 936 2823 1029 ALTEBIUS
2894 930 3379 1022 MACARI]
3426 911 3504 980 (¹)

1419 1162 2061 1293 REGULA
2139 1161 2345 1285 AD
2425 1150 3329 1284 MONACHOS.

1381 1556 1601 1612 CAPUT
1637 1555 1676 1609 1.

1397 1648 1671 1716 Prwfatio.

846 1740 1194 1811 223-243
1247 1739 1577 1792 Sedcntibus
1611 1740 1683 1805 (‘2)
1722 1738 1957 1791 nobisin
2003 1753 2169 1791 unum
2218 1751 2347 1789 con-

778 1827 900 1881 silio
931 1824 1311 1883 saluberrimo,
1360 1838 1482 1874 cum
1524 1837 1685 1890 prece
1745 1822 2031 1874 Dominum
2085 1828 2333 1871 nostrum

781 1921 1111 1985 rogavimus,
1132 1922 1191 1965 ut
1226 1913 1381 1965 nobis
1400 1912 1756 1965 distribueret
1786 1911 2048 1979 Spiritum
2076 1919 2345 1985 sancttum,

782 2008 874 2076 qui
913 2022 1013 2059 nos
1059 2005 1375 2065 instrueret,
1408 2004 1644 2072 qualiter
1698 2003 1924 2056 fratrum
1972 1967 2345 2056 converszifi'o-

781 2111 902 2150 ncm
928 2097 1010 2148 vel
1047 2095 1285 2162 regulam
1316 2095 1435 2146 vita:
1466 2093 1719 2145 ordinare
1746 2093 2035 2159 possimus.

1396 2205 1619 2260 CAPUT
1666 2204 1729 2257 ll.

1026 2301 1102 2351 De
1127 2302 1295 2368 prima
1321 2300 1688 2367 conjugatione
1705 2299 2101 2352 ccenobitarum.

1348 2368 1603 2437 Serapion
1638 2370 1793 2422 dixit.

854 2462 1120 2527 Quoniam
1158 2461 1511 2513 misericordia
1547 2458 1759 2513 Domini
1797 2459 1953 2529 plena
1988 2467 2063 2511 est
2092 2458 2269 2510 terra‘
2300 2464 2355 2511 et

788 2552 1084 2605 multorum
1119 2552 1191 2619 (5)
1225 2552 1440 2619 agmina
1474 2549 1541 2602 ad
1576 2550 1699 2603 vitae
1721 2548 1991 2617 fastigium
2024 2548 2273 2611 tendunt,
2302 2558 2356 2601 et

790 2644 917 2710 quia
941 2644 1110 2696 eremi
1135 2643 1363 2694 vastitas
1386 2652 1441 2693 ct
1466 2642 1809 2692 diversorum
1836 2648 2211 2691 monstrorum
2240 2646 2353 2691 ter-

790 2742 883 2781 ror
910 2727 1225 2795 singillatim
1252 2726 1497 2779 habitare
1524 2726 1717 2780 fratres
1746 2741 1855 2778 non
1876 2724 2176 2794 permittit:
2211 2726 2353 2793 opti-

776 2835 938 2872 mum
994 2819 1213 2872 videtur
1268 2818 1506 2887 Spiritus
1560 2819 1731 2870 sancti
1773 2818 2061 2887 prmceptis
2109 2818 2351 2871 obedire.

796 2911 906 2963 Nec
934 2910 1012 2978 (4)
1042 2918 1228 2962 nostra
1264 2910 1484 2977 propria
1514 2910 1679 2962 verba
1715 2919 1945 2976 possunt
1993 2909 2147 2961 ﬁrma
2168 2924 2357 2977 perse-

794 3016 1003 3061 verare,
1031 2999 1136 3053 nisi
1171 2998 1397 3051 firmitas
1418 2998 1823 3067 Scripturarum
1873 3014 1903 3051 e
1923 2999 2225 3051 centesimo
2269 2997 2363 3049 tri-

794 3091 997 3145 cesimo
1044 3090 1285 3144 secundo
1324 3090 1535 3158 psalmo
1574 3098 1819 3143 nostrum
1867 3089 2116 3141 ordinem
2164 3088 2363 3146 firmet,

796 3198 905 3251 quo
928 3183 1104 3235 dicit:
1150 3185 1281 3234 Ecce
1318 3199 1480 3251 quam
1530 3182 1720 3233 bonum
1758 3190 1806 3233 et
1849 3198 2011 3251 quam
2044 3180 2362 3249 Jucundum,

796 3274 1034 3326 habitare
1072 3273 1260 3341 fratres
1289 3273 1343 3324 in
1366 3288 1528 3324 unum
1552 3274 1592 3320 ¹.
1620 3272 1687 3325 Ει
1732 3272 1927 3323 iterum
1954 3286 1966 3320 :
1995 3269 2097 3334 Qui
2124 3270 2366 3323 habitare

800 3367 925 3433 facit
954 3366 1231 3416 unanimes
1255 3365 1309 3416 in
1338 3364 1555 3427 domo';
1588 3362 1798 3415 firmam
1819 3366 1929 3432 jam
1962 3377 2109 3415 nunc
2126 3361 2367 3429 regulam

801 3454 1019 3523 pietatis
1052 3469 1148 3523 per
1192 3455 1429 3523 Spiritus
1481 3454 1653 3507 sancti
1699 3453 2072 3507 ostensionem
2108 3452 2371 3505 fratribus

802 3544 1059 3598 ordinare
1078 3585 1091 3605 .
1120 3559 1536 3612 prosequamur.

1409 3635 1631 3690 CAPUT
1668 3636 1756 3699 Ill,

977 3729 1123 3781 Idem
1148 3730 1275 3797 ipse,
1307 3728 1382 3780 De
1408 3728 1759 3864 un’animitate
1794 3734 1841 3777 et
1864 3725 2199 3793 jucunditate

1500 3807 1723 3848 ratrum.

1500 3807 1723 3848 rutrum.

876 3894 1140 3945 Volumus
1188 3906 1318 3959 ergo
1364 3890 1564 3943 fratres
1609 3890 1893 3943 unanimes
1934 3890 1987 3941 in
2031 3888 2195 3940 domo
2252 3900 2375 3937 cum

801 3982 1143 4053 Jucunditate
1175 3982 1421 4035 habitare
1456 3999 1467 4033 :
1500 3979 1593 4033 sed
1617 3980 1851 4047 qualiter
1895 3978 2225 4031 unanimitas
2264 3976 2378 4043 ipsa

808 4075 893 4128 vel
918 4074 1229 4144 iucunditas
1259 4082 1409 4126 recto
1431 4071 1622 4124 ordine
1654 4078 1923 4137 teneatur,
1950 4070 2064 4123 Deo
2088 4068 2376 4138 adiuvante

808 4164 1145 4219 mandamus.

1410 4254 1632 4311 CAPUT
1672 4254 1757 4307 lV.

916 4340 1017 4405 Qui
1041 4358 1224 4410 supra,
1253 4342 1328 4393 De
1367 4343 1571 4403 abbate,
1602 4340 1939 4463 ethuomodo
1962 4340 2004 4391 ei
2040 4338 2281 4389 obediant

1465 4429 1651 4463 monac
1670 4430 1724 4463 η.

1465 4429 1724 4464 monacm.

889 4502 1146 4555 Volumus
1195 4517 1325 4571 ergo
1376 4518 1547 4556 unum
1591 4518 1828 4571 praeesse
1895 4502 2163 4554 seniorem
2220 4513 2385 4567 super

812 4608 1005 4646 omnes
1053 4592 1271 4655 fratres,
1314 4608 1415 4647 nec
1470 4594 1538 4646 ab
1576 4594 1695 4662 ejus
1738 4592 1971 4645 consilio
2018 4591 2104 4644 vel
2154 4588 2385 4658 imperio

812 4693 1139 4747 quemquam
1188 4680 1469 4733 sinistrum
1503 4680 1797 4734 declinare.
1842 4679 1935 4734 sed
1971 4680 2112 4734 sicut
2148 4678 2379 4747 imperio

811 4768 1028 4822 Domini
1068 4784 1190 4823 cum
1214 4770 1362 4823 omni
1417 4770 1605 4824 lanitia
1658 4770 1921 4835 obedire;
1962 4769 2179 4823 dicente
2238 4770 2381 4835 Apo-

812 4859 955 4911 stolo
983 4859 1047 4911 ad
1091 4859 1345 4913 Hebraeos
1381 4878 1391 4911 :
1431 4860 1641 4914 Obedite
1680 4862 1973 4929 prwpositis
2012 4861 2215 4921 vestris,
2253 4859 2378 4925 quia

811 4950 912 5017 ipsi
956 4949 1179 5019 vigilant
1219 4967 1313 5018 pro
1365 4952 1561 5003 vobis‘.
1597 4950 1664 5004 Et
1718 4950 1981 5003 Dominus
2020 4949 2157 5003 dixit
2191 4966 2205 5003 :
2245 4946 2381 5000 Nolo

812 5040 1155 5106 sacriﬁcium,
1210 5041 1298 5093 sed
1338 5041 1737 5095 obedientiam”.
1789 5040 2263 5095 Considerandum
2298 5046 2384 5090 est

886 5175 1063 5229 'Psal.
1096 5191 1257 5237 χχχιι,
1297 5176 1347 5227 5.
1422 5177 1440 5204 '
1483 5175 1619 5227 Psal.
1656 5192 1851 5236 cxxxu,
1885 5178 1933 5227 1.

823 5248 840 5267 "
864 5246 1019 5298 Joau.
1055 5244 1239 5304 1v.58.
1317 5246 1337 5273 ⁸
1368 5244 1385 5295 l
1414 5244 1603 5298 Thess.
1637 5263 1672 5309 ι,
1694 5248 1743 5299 7.
1810 5249 1827 5277 ³
1851 5247 1892 5299 ll
1916 5247 2057 5300 Tim.
2095 5260 2166 5305 iv,
2197 5243 2249 5293 2.

816 5329 905 5367 xxv
927 5352 941 5373 .
966 5312 1017 5366 8.
1098 5313 1139 5344 “
1172 5315 1330 5367 Rom.
1360 5328 1431 5377 xi,
1468 5313 1554 5365 90.

889 5472 967 5541 (l)
1001 5470 1313 5525 Holsteuius
1336 5471 1401 5524 ad
1426 5467 1789 5541 calceniiCod.
1816 5464 1998 5541 393ml.
2033 5478 2094 5515 CX
2119 5458 2385 5541 aoliqpis—

819 5528 963 5595 simo
990 5541 1285 5605 exemplari
1322 5542 1441 5593 cod.
1470 5540 1591 5591 Vat.
1629 5537 1786 5605 354:2.
1828 5534 2036 5600 aliquot
2073 5530 2249 5582 varias
2277 5528 2385 5605 lecf

818 5612 997 5664 tiones
1036 5604 1242 5677 profert
1269 5610 1491 5677 hujusce
1512 5604 1722 5674 Regula:
1746 5612 2069 5677 sanctorum,
2088 5610 2202 5677 etc.
2228 5604 2388 5677 prout

820 5669 1144 5743 sequuntur.
1186 5678 1283 5731 llic
1314 5669 1492 5730 autem
1525 5669 1645 5743 post
1670 5674 1887 5725 nomina
1915 5680 2148 5739 quatuor
2171 5669 2387 5720 Patrum

822 5744 1044 5802 additur
1071 5749 1122 5800 in
1156 5748 1373 5800 laudato
1405 5747 1613 5808 codice,
1648 5744 1911 5795 abbatum.

896 5821 969 5886 (‘2)
997 5818 1316 5871 Sedentibus.
1346 5818 1419 5870 Id.
1454 5816 1572 5869 cod.
1607 5809 2034 5866 residentibusEI
2056 5822 2195 5868 mox,
2224 5814 2276 5855 ut
2298 5821 2387 5855 no—

2015 5176 2035 5205 ³
2065 5174 2206 5227 Psal.
2245 5186 2404 5228 vau,
2440 5169 2489 5219 '7.
2566 5166 2586 5194 ⁸
2612 5163 2781 5216 Hehr.
2814 5173 2927 5214 xui,
2959 5154 3043 5205 15,

2015 5261 2057 5290 1-
2095 5260 2166 5290 Iv.
2197 5243 2249 5290 ἓ.
2330 5237 2557 5290 '°lCor.
2590 5250 2661 5290 ιν,
2686 5232 2773 5283 21.
2854 5226 3040 5278 “Matt

2375 1551 2418 1606 A
2450 1562 2671 1616 quoque
2692 1547 2760 1599 ab
2793 1545 2878 1596 his
2910 1542 3003 1609 qui
3028 1555 3086 1591 se
3115 1540 3206 1591 tali
3230 1551 3397 1605 opere
3427 1531 3714 1585 unanimes
3759 1542 3884 1581 esse
3928 1541 4039 1580 cu-

2452 1636 2631 1703 piunt,
2655 1634 2784 1702 quia
2808 1648 2905 1700 per
2938 1626 3308 1681 obedientiam
3352 1620 3627 1676 Abraham
3650 1617 3853 1685 placuit
3897 1616 4038 1677 Deo,

2451 1736 2500 1778 et
2541 1727 2740 1777 amicus
2767 1722 2861 1775 Dei
2894 1719 3195 1789 appellatus
3238 1725 3310 1768 est
3333 1716 3373 1765 '.
3396 1714 3497 1767 Per
3520 1709 3893 1763 obedientiam
3927 1706 4042 1774 ipsi

2451 1815 2681 1885 apostoli
2734 1820 3057 1866 meruerunt
3096 1818 3260 1861 testes
3306 1805 3539 1857 Domino
3588 1803 3643 1852 in
3693 1797 3949 1851 tribubus
3983 1805 4047 1847 et

2452 1906 2667 1976 populis
2700 1919 2839 1957 esse.
2870 1903 2991 1970 Ipse
3038 1914 3259 1967 quoque
3288 1895 3551 1948 Dominus
3603 1901 3793 1944 noster
3835 1888 3903 1940 de
3936 1903 4047 1939 su-

2452 1998 2640 2066 pernis
2666 1995 2733 2048 ad
2766 1993 3027 2045 inferiora
3056 1987 3399 2043 descendens
3430 1986 3505 2036 ait
3532 2002 3543 2034 :
3575 1982 3689 2035 Non
3718 1980 3833 2033 veni
3861 1978 4049 2045 facere

2454 2089 2775 2141 voluntatem
2805 2102 2997 2145 meam,
3026 2082 3114 2135 sed
3153 2081 3264 2147 ejus
3292 2078 3381 2146 qui
3428 2092 3507 2128 me
3555 2072 3750 2126 misit'.
3786 2070 3882 2122 His
3904 2083 4050 2135 ergo

2454 2178 2619 2232 tantis
2644 2176 2940 2229 virtutibus
2965 2172 3175 2225 firmata
3217 2165 3531 2221 obedientia
3564 2174 3893 2231 magnopere
3923 2172 4053 2209 ma-

2454 2281 2670 2336 gnoque
2701 2264 2883 2318 studio
2907 2268 3179 2315 teneatur.

3077 2345 3302 2401 CAPUT
3347 2344 3409 2396 V.

2456 2447 2721 2501 Macarius
2752 2445 2921 2497 dixit:
2950 2439 3191 2505 Qualiter
3221 2433 3500 2503 spirituale
3532 2431 3833 2484 exercitium
3867 2427 3932 2481 ab
3965 2429 4056 2481 his

2791 2516 2879 2583 qui
2918 2518 3151 2581 prwsunt
3175 2505 3423 2558 Patribus
3461 2513 3721 2555 teneatur.

2528 2606 2796 2673 Quoniam
2825 2604 3057 2657 fratrum
3096 2598 3327 2667 insignia
3355 2595 3646 2653 virtutum,
3670 2589 4061 2643 habitationes

2457 2708 2696 2763 quoque,
2718 2691 2805 2745 vel
2827 2686 3138 2743 obedientia
3162 2682 3417 2751 superius
3443 2678 3749 2745 conscripta
3780 2684 3910 2728 sunt
3931 2676 4044 2741 (5),

2460 2799 2607 2837 nunc
2638 2781 2875 2850 qualiter
2911 2774 3193 2846 spirituale
3213 2769 3533 2824 exercitium
3558 2766 3627 2819 ab
3654 2765 3739 2817 his
3755 2765 3847 2832 qui
3883 2779 4041 2831 pne-

2385 2866 2432 2923 B
2462 2882 2589 2926 sunt
2620 2870 2878 2925 Patribus
2933 2874 3187 2919 teneatur
3207 2905 3219 2927 ,
3254 2862 3367 2915 Deo
3395 2860 3623 2927 juvante
3661 2854 4063 2910 ostendamus.

2466 2961 2715 3022 Debetis,
2749 2958 2843 3026 qui
2880 2955 3132 3027 prmestis
3154 2954 3364 3013 Patres,
3392 2950 3529 3002 tales
3556 2963 3650 3001 vos
3675 2946 3963 3006 exhibere,
4001 2956 4068 2997 ut

2464 3051 2761 3120 Apostolus
2790 3048 2905 3100 ait:
2938 3046 3120 3098 Estote
3170 3045 3341 3110 forma
3388 3037 3772 3099 credentibus“,
3804 3036 3911 3088 hoc
3944 3046 4063 3095 cst,

2468 3156 2531 3199 ut
2563 3160 2658 3212 per
2688 3141 3011 3211 qualitatem
3064 3135 3305 3205 mystica:
3343 3130 3562 3199 pietatis
3609 3138 3665 3182 ct
3712 3128 4064 3187 severitatis,

2468 3235 2702 3287 fratrum
2748 3230 2964 3283 animos
2994 3226 3062 3279 ad
3110 3222 3355 3278 coelestia
3408 3220 3475 3272 de
3521 3217 3758 3271 terrenis
3801 3215 4064 3283 erigatis,

2471 3326 2692 3379 dicente
2746 3318 3009 3389 Apostolo
3050 3334 3062 3367 :
3110 3314 3306 3381 Argue,
3357 3310 3591 3367 obsecra,
3639 3307 3877 3373 increpa,
3938 3321 4068 3355 cum

2472 3414 2616 3467 omni
2663 3410 2919 3481 patientia
2979 3414 3027 3457 et
3071 3400 3377 3455 doctrina’.
3406 3398 3472 3451 Et
3526 3396 3634 3449 alio
3668 3395 3789 3447 loco
3836 3393 4065 3460 inquit:

2475 3508 2614 3573 Quid
2639 3505 2794 3560 vultis
2821 3504 2918 3555 ?in
2943 3504 3092 3569 virga
3150 3496 3360 3550 veniam
3406 3494 3474 3545 ad
3509 3508 3627 3553 vos,
3660 3506 3728 3541 an
3759 3490 3815 3541 in
3861 3491 4070 3556 spiritu

2475 3593 2985 3655 mansuetudinis”?
3018 3585 3435 3643 Decernendnm
3464 3592 3547 3635 est
3580 3580 3648 3633 ab
3679 3579 3771 3631 illo
3800 3578 3895 3645 qui
3922 3594 4073 3645 pra?-

2475 3701 2581 3758 est,
2607 3689 2840 3760 qualiter
2865 3685 3009 3737 circa
3036 3678 3279 3749 singulos
3302 3676 3497 3729 debeat
3527 3669 3745 3741 pietatis
3795 3669 4068 3722 affectum

2480 3790 2819 3843 monstrare;
2859 3785 2915 3829 et
2953 3772 3189 3841 qualiter
3225 3776 3412 3821 tenere
3453 3763 3650 3817 debeat
3682 3759 4066 3827 disciplinam,

2478 3889 2587 3927 non
2640 3872 2929 3923 immemor
2982 3859 3199 3916 Domini
3250 3854 3526 3911 dicentis:
3558 3852 3622 3905 In
3668 3868 3773 3920 qua
3804 3866 4069 3902 mensura

2482 3963 2644 4017 mensi
2673 3959 2896 4028 fueritis,
2933 3953 3237 4006 rcmetietur
3260 3948 3398 4001 vobis
3419 3948 3486 3999 ¹¹.

3099 4040 3321 4094 CAPUT
3352 4038 3438 4090 Vl.

2554 4146 2702 4199 Idem
2726 4144 2853 4209 ipse,
2888 4138 2949 4191 Ut
2978 4138 3031 4187 in
3067 4134 3304 4209 oratione
3339 4128 3626 4209 astantibus
3661 4124 3838 4209 nullus
3876 4124 3998 4175 sine

2745 4199 3001 4280 praecepto
3025 4203 3224 4256 abbatis
3253 4201 3515 4269 psalmum
3535 4199 3791 4263 imponat.

2555 4298 2873 4357 Astantibus
2922 4309 3053 4363 ergo
3092 4290 3159 4345 ad
3206 4289 3510 4342 orationem
3546 4286 3733 4339 nullus
3764 4292 4073 4351 praesumat

2484 4398 2601 4452 sine
2648 4394 2921 4460 praacepto
2952 4382 3045 4451 qui
3099 4386 3295 4449 prtecst
3341 4376 3553 4437 Patris,
3589 4372 3784 4442 psalmi
3838 4370 4068 4423 laudem

2482 4487 2759 4543 emittere.
2793 4478 2940 4533 Ordo
2970 4476 3072 4529 iste
3113 4477 3390 4532 teneatur,
3424 4476 3484 4520 ut
3515 4466 3701 4520 nullus
3730 4464 3972 4532 priorem
4014 4463 4071 4514 in

2486 4572 2820 4631 monasterio
2851 4568 2917 4621 ad
2953 4562 3207 4619 standum
3234 4560 3316 4613 vel
3339 4555 3681 4626 psallendum
3701 4553 3897 4605 ordine
3925 4568 4073 4618 prae-

2486 4673 2665 4722 sumat
2698 4656 3028 4730 prazccdcre,
3072 4652 3289 4703 dicente
3320 4647 3607 4700 Salomone
3643 4660 3655 4695 :
3692 4640 3811 4702 Fili,
3859 4643 4073 4705 prima-

2488 4766 2599 4810 tum
2624 4750 2985 4818 concupiscere
3017 4742 3122 4794 noli
3140 4742 3204 4803 “,
3228 4767 3296 4777 —
3322 4750 3486 4805 neque
3512 4731 3809 4785 accubueris
3838 4730 3991 4796 prior
4016 4731 4071 4779 in

2487 4845 2751 4905 convivio;
2779 4856 2841 4892 ne
2864 4837 2935 4907 (6)
2972 4835 3145 4887 veniat
3173 4828 3357 4881 melior
3384 4836 3452 4887 te,
3471 4833 3519 4877 et
3544 4824 3681 4875 dicat
3710 4820 3799 4872 tibi
3826 4836 3839 4870 :
3868 4818 4067 4887 Surge,

2490 4952 2537 4996 et
2569 4938 2924 5008 confusionem
2957 4928 3179 5001 patiaris
3203 4927 3257 4977 in
3285 4922 3369 4975 die
3401 4921 3497 4974 illa
3522 4920 3585 4971 “.
3606 4918 3887 4971 Etitcrum
3920 4914 4070 4967 dici-

2490 5045 2580 5085 tur
2613 5002 2771 5081 :IVoli
2815 5022 2982 5075 altum
3022 5028 3229 5085 sapere,
3261 5010 3347 5064 sed
3378 5008 3581 5062 time“.
3618 5005 3770 5071 Quod
3804 5004 3847 5057 si
3885 5002 4068 5055 tardat

3122 5147 3349 5201 'Matth.
3380 5162 3452 5201 ix.
3480 5144 3563 5197 l5.
3641 5142 3660 5172 ⁸
3700 5140 3814 5195 Jac.
3865 5153 3929 5198 it,
3968 5138 4067 5193 2'5.

2854 5206 3101 5278 “Matth.
3127 5235 3218 5281 vu,
3241 5218 3293 5269 2.
3376 5217 3417 5245 "
3437 5212 3605 5267 Eccli.
3634 5228 3725 5271 vn,
3767 5211 3820 5263 4.
3865 5209 3907 5238 ¹³
3926 5206 4067 5261 Luc.

2491 5454 2565 5505 bis
2598 5450 2863 5501 tribueret.
2902 5442 3150 5502 Rectius,
3182 5451 3240 5493 ut
3266 5438 3502 5490 videtur.

2566 5523 2639 5581 (3)
2672 5516 2976 5570 Multorum.
3009 5512 3089 5565 ιιι.
3119 5510 3239 5563 cod.
3272 5508 3424 5581 addit
3462 5505 3753 5557 hominum.

2668 5568 2789 5658 Nec.
2824 5584 2919 5658 bis.
2946 5582 3048 5634 Nec
3071 5590 3263 5658 tamen.
3285 5577 3541 5658 Idemque
3567 5581 3730 5641 caput
3757 5568 4066 5624 secundum

2489 5648 2628 5711 cum.
2650 5656 2812 5707 terlio
2842 5654 2891 5704 in
2930 5666 3097 5703 unum
3130 5648 3426 5716 conjungit.

2561 5727 2636 5790 (5)
2669 5724 2975 5789 Conscripta
3000 5728 3141 5773 sunt.
3175 5711 3269 5771 Ms.
3302 5711 3612 5782 Conscripta
3650 5711 3990 5783 placuerunt.

2562 5798 2636 5867 (6)
2661 5794 2752 5848 Nc.
2777 5793 2871 5844 Ms.
2902 5790 2978 5843 Ne
3008 5790 3158 5857 forte.
