4258 6358
248 377 357 441 973

249 579 500 640 differre,
530 585 588 632 et
620 575 921 632 secundum
947 576 1068 647 ejus
1105 573 1398 646 imperium
1428 570 1654 628 obedire
1685 583 1821 624 con-

251 667 405 722 venit
427 667 647 722 fratres.

854 796 1079 853 CAPUT
1119 796 1234 852 VII.

324 927 474 981 Idem
508 929 637 997 ipse,
655 928 926 994 Quomodo
957 929 1351 996 examinentur,
1373 929 1463 1001 qui
1496 944 1560 983 ea:
1581 926 1770 984 εωθιιο

843 1008 1242 1054 εοηυενιιιηϐιιτ.

324 1132 576 1199 Qualiter
604 1148 733 1189 vero
756 1136 1089 1191 examinatio
1117 1152 1247 1209 erga
1270 1151 1368 1192 eos
1401 1135 1494 1206 qui
1527 1136 1595 1191 de
1634 1138 1833 1191 mulo

256 1234 659 1281 convertuntur
708 1228 885 1282 teneri
944 1227 1181 1295 debeat,
1241 1228 1601 1283 ostendamus
1650 1228 1830 1283 vobis.

257 1318 621 1386 Amputandae
664 1328 795 1373 sunt
836 1320 1014 1387 primo
1041 1319 1111 1373 ab
1143 1319 1456 1389 huiusmodi
1504 1318 1708 1373 divitiae
1734 1334 1836 1372 saa-

259 1406 392 1459 culi.
426 1405 495 1459 Et
519 1406 563 1459 si
602 1406 726 1473 quis
763 1421 971 1475 pauper
994 1407 1241 1460 converti
1267 1406 1544 1469 videatur,
1583 1406 1746 1460 habet
1780 1411 1836 1459 et

260 1497 380 1566 ipse
408 1496 628 1550 divitias
665 1512 803 1566 quas
827 1510 1113 1565 amputare
1153 1498 1371 1563 debeat,
1411 1513 1548 1567 quas
1600 1497 1838 1566 Spiritus

257 1598 483 1641 sanctus
512 1589 757 1642 ostendit
781 1604 879 1657 per
913 1588 1257 1643 Salomonem
1289 1589 1518 1643 dicens:
1558 1587 1679 1643 Odit
1722 1590 1838 1642 ani-

258 1697 348 1733 ma
372 1696 488 1734 mea
521 1696 805 1749 pauperem
827 1680 1111 1747 superbum
1129 1687 1179 1732 et
1200 1680 1412 1732 divitem
1443 1679 1743 1733 mendacem
1771 1680 1835 1732 ¹³.

1415 369 1720 431 REGULA
1751 367 1851 427 ΑΙ)
1889 362 2314 426 MONACHOS.

251 487 423 557 isqui
473 493 691 557 praeest,
746 491 965 555 oportet
997 483 1238 555 primum
1296 482 1353 537 in
1392 480 1645 536 notitiam
1694 478 1812 549 ejus
1842 480 1891 540 Δ,

3382 343 3489 408 974

2494 463 2718 522 CAPUT
2776 461 2911 519 Vill.

1924 610 2196 681 Idemque,
2251 604 2491 671 Qualiter
2543 596 2806 670 peregrini
2852 592 3076 663 hospites
3114 586 3496 656 suspiciantur.

1997 721 2361 781 Venientibus
2381 717 2464 773 eis
2495 714 2685 769 nullus
2713 710 2821 765 nisi
2872 721 3039 768 unus,
3075 702 3164 757 cui
3188 714 3322 756 cura
3350 698 3497 752 circa

1928 815 2197 887 hospitale
2269 809 2438 866 fuerit
2502 806 2748 875 injuncta
2816 804 3094 857 occurrat.
3152 800 3210 847 et
3269 802 3496 887 respon-

1928 878 2049 965 sum
2073 904 2184 976 (ll)
2211 903 2305 959 det
2332 896 2706 956 venientibus.
2737 891 2928 954 Orare,
2956 887 3045 941 vel
3068 896 3257 955 pacem
3297 878 3499 976 offerre

1931 1015 2043 1056 non
2073 971 2237 1053 liceat
2262 993 2381 1057 ulli,
2413 989 2520 1045 nisi
2543 987 2725 1059 primo
2758 981 3010 1037 videatur
3048 976 3117 1030 ab
3147 988 3215 1029 eo
3239 971 3335 1042 qui
3361 982 3501 1040 pra-

1931 1100 2018 1148 est
2057 1092 2255 1153 Patre;
2290 1093 2347 1141 et
2387 1082 2638 1137 oratione
2666 1072 2827 1131 simul
2849 1080 3091 1139 peracta,
3120 1071 3502 1153 sequatur-(or:

1932 1182 2063 1237 dine
2088 1193 2188 1234 suo
2220 1149 2373 1248 pacis
2400 1170 2641 1226 ofheiuru
2675 1165 2930 1222 reddere.
2972 1161 3086 1216 Nec
3112 1154 3302 1212 licebit

1933 1270 2093 1327 fratri
2118 1240 2245 1323 cum
2278 1260 2706 1333 superveniente
2741 1249 3142 1313 sermocinari;
3167 1260 3279 1299 non
3305 1241 3380 1297 sit
3401 1240 3501 1294 ulli

1935 1376 2070 1418 cura
2105 1330 2508 1425 interrogandi,
2548 1349 2697 1404 unde
2729 1344 2961 1405 venerit,
2985 1338 3118 1410 quid
3144 1334 3383 1425 venerit,
3415 1330 3502 1425 vel

1935 1449 2160 1521 quando
2189 1419 2573 1500 ambulaturus
2603 1440 2696 1501 sit,
2720 1436 2828 1490 nisi
2858 1432 2965 1521 soli
2981 1429 3074 1498 qui
3104 1434 3301 1521 praest
3320 1419 3495 1521 Patri,

1937 1510 2033 1596 aut
2055 1537 2258 1608 quibus
2281 1536 2397 1605 ipse
2423 1529 2671 1603 jusserit.
2698 1520 3061 1581 Venientibus
3081 1530 3213 1569 vero
3228 1510 3506 1608 fratribus

1939 1630 2006 1683 ad
2036 1597 2226 1681 horam
2278 1597 2622 1683 r-efec'tionis,
2673 1630 2783 1670 non
2812 1610 3000 1667 licebit
3027 1604 3319 1675 peregrino
3348 1597 3505 1653 fratri

1939 1733 2063 1773 cum
2112 1714 2373 1771 fratribus
2418 1709 2772 1766 manducare,
2816 1701 2923 1755 nisi
2953 1714 3079 1754 cum
3109 1711 3178 1750 eo
3221 1692 3317 1763 qui
3343 1697 3507 1759 prmst

259 1768 1745 1876 Ξιῖιῗὶἱο..120ίῖ(Ἓξιί-ἓξωξεηῗιέέῗενξξξτ,ῘὙἹΜΤ
1771 1769 1837 1823 u'
1872 1821 1914 1876 Β
1944 1768 2417 1871 ῐῶἶέεξήιῖῑροεείι
2443 1794 2723 1851 aedificari.
2777 1789 2938 1845 Nullo
2958 1785 3148 1841 licebit
3179 1796 3302 1837 cum
3330 1793 3397 1833 eo
3427 1778 3507 1830 lo-

260 1858 434 1912 Debet
467 1872 599 1927 ergo
632 1858 680 1912 is
703 1858 796 1926 qui
825 1865 1019 1925 praeest
1052 1857 1234 1922 Pater,
1262 1872 1458 1926 magno
1480 1858 1662 1911 studio
1700 1857 1842 1911 hanc

261 1948 504 2017 regulam
538 1954 726 2001 tenere
754 1964 769 2011 ;
806 1954 867 2000 ut
916 1946 963 2000 si
1019 1961 1226 2015 pauper
1264 1947 1640 2011 convertitur,
1666 1947 1841 2018 primo

258 2049 502 2107 exponat
529 2039 799 2092 sarcinam
833 2038 1105 2107 superbiae
1129 2055 1141 2091 :
1167 2046 1223 2092 et
1248 2038 1328 2092 sic
1353 2038 1695 2092 examinatus
1724 2054 1845 2095 sus-

261 2130 523 2197 cipiatur.
569 2129 744 2183 Debet
798 2137 924 2181 ante
968 2129 1151 2182 omnia
1198 2129 1482 2182 humiliter
1518 2129 1594 2199 (7)
1646 2129 1839 2195 imbui,

266 2229 329 2273 ut
357 2217 505 2287 quod
546 2232 803 2288 magnum
834 2230 890 2273 ct
919 2219 1030 2272 Deo
1062 2228 1349 2288 acceptum
1377 2219 1709 2275 sacrificium
1737 2231 1839 2286 est,

264 2325 419 2364 suam
444 2308 780 2363 voluntatem
806 2324 915 2362 non
952 2308 1115 2363 faciat
1163 2310 1541 2379 unusquisque
1571 2319 1839 2374 vestrum,

266 2400 501 2465 fratres;
537 2400 632 2454 sed
666 2400 735 2453 ad
782 2416 941 2453 omne
984 2416 1113 2470 apus
1152 2401 1344 2454 bonum
1389 2404 1570 2470 parati
1613 2410 1773 2457 estote
1800 2404 1841 2435 "'

265 2486 548 2556 Quidquid
579 2486 865 2550 acciderit,
897 2497 992 2542 aut
1014 2489 1224 2558 justum
1253 2488 1386 2558 quid
1417 2487 1603 2553 fuerit,
1634 2505 1844 2543 memo-

270 2595 361 2634 res
402 2594 523 2634 csse
574 2578 828 2635 debetis:
860 2577 923 2631 In
972 2578 1310 2634 tribulatione
1368 2581 1624 2650 patientes
1664 2579 1750 2646 ¹⁸;
1790 2582 1844 2635 in

268 2671 532 2739 operibus
561 2670 799 2724 honesti.
832 2668 1006 2724 Nolite
1038 2685 1126 2724 vos
1161 2671 1378 2724 invicem
1415 2671 1484 2724 ad
1515 2672 1845 2725 iracundiam

271 2779 556 2833 provocare
598 2764 663 2815 ¹⁹.
696 2762 796 2816 Sed
836 2778 1043 2830 semper
1073 2763 1208 2815 bona
1255 2764 1530 2815 sectamini
1558 2763 1622 2816 ὀ.
1681 2761 1718 2814 li
1751 2763 1844 2831 qui

274 2854 413 2906 tales
445 2860 600 2914 sunt,
635 2867 760 2906 cum
796 2850 864 2904 de
898 2850 1083 2904 saeculi
1118 2849 1283 2918 hujus
1321 2849 1598 2903 illecebris
1624 2849 1845 2902 liberari

272 2943 569 3005 voluerint,
602 2942 993 3011 appropiantes
1022 2940 1376 3002 monasterio,
1410 2940 1748 2994 hebdomada
1771 2940 1845 3009 (8)

273 3049 377 3103 pro
425 3033 641 3087 foribus
686 3034 906 3103 jaceant
936 3049 950 3085 :
984 3032 1122 3085 nulli
1166 3046 1289 3085 cum
1346 3031 1426 3084 eis
1469 3032 1537 3085 de
1588 3031 1849 3084 fratribus

270 3127 576 3195 iungantur
598 3164 612 3187 ,
647 3133 705 3178 et
735 3139 952 3192 semper
983 3122 1122 3177 dura
1161 3130 1216 3176 et
1248 3122 1519 3175 laboriosa
1548 3121 1630 3175 eis
1653 3137 1849 3190 propo-
1877 3141 1918 3198 α

277 3226 500 3269 nantur.
536 3214 591 3270 Si
625 3230 755 3268 vero
786 3213 1264 3283 perseveravcrint
1288 3212 1593 3280 pulsantes,
1636 3213 1716 3265 eis
1742 3227 1850 3264 non

278 3314 511 3374 negetur
545 3305 866 3374 ingressus;
908 3303 1001 3357 sed
1043 3304 1090 3357 is
1128 3302 1223 3371 qui
1258 3308 1455 3370 praeest
1479 3301 1637 3354 Pater
1657 3301 1849 3370 hujus-

282 3395 427 3449 modi
460 3395 711 3448 homines
745 3393 972 3447 introire
1000 3393 1317 3462 permittat,
1346 3402 1402 3446 et
1425 3393 1661 3460 qualiter
1688 3393 1850 3446 vitam

280 3486 537 3548 fratrum,
561 3486 642 3539 vel
671 3486 914 3555 regulam
946 3494 1129 3538 tenere
1148 3484 1377 3552 possint,
1407 3484 1678 3538 ostendat.
1698 3484 1851 3549 Quod

281 3580 324 3633 si
360 3578 517 3631 dives
544 3585 648 3638 est,
690 3588 746 3630 et
771 3569 1208 3633 habensmultas
1241 3575 1464 3629 divitias
1496 3578 1549 3628 in
1572 3577 1773 3629 sacculo
1799 3587 1855 3630 et

281 3668 531 3723 converti
564 3669 823 3730 voluerit.
860 3668 1024 3721 debet
1052 3668 1231 3737 primo
1259 3668 1336 3738 (9)
1381 3666 1473 3721 Dei
1518 3668 1852 3721 voluntatem

284 3760 539 3829 implere,
569 3768 626 3811 et
667 3758 928 3827 consequi
971 3766 1304 3826 praeceptum
1340 3757 1470 3811 illud
1498 3758 1852 3826 prsecipuum,

284 3851 433 3921 quod
463 3850 794 3904 adolescenti
827 3849 981 3903 diviti
1014 3849 1218 3903 dicitur
1249 3865 1261 3900 :
1302 3848 1470 3901 Vende
1498 3849 1677 3901 omnia
1722 3849 1856 3902 bona

286 3954 403 4005 tua,
437 3952 487 3995 et
530 3943 599 3995 da
644 3941 982 4011 pauperibus,
1013 3950 1063 3993 et
1108 3940 1235 3993 tolle
1268 3955 1472 3993 crucem
1501 3950 1667 4003 tuam,
1707 3949 1753 3991 et
1781 3956 1859 3993 se-

289 4048 454 4103 quere
481 4047 563 4083 me
592 4032 658 4083 ¹¹.
693 4030 902 4084 Deinde
931 4028 1289 4083 instruendus
1311 4037 1394 4081 est
1432 4028 1501 4081 ab
1526 4042 1593 4081 eo
1616 4027 1707 4096 qui
1732 4043 1861 4095 pra:-

286 4135 373 4179 est
405 4123 588 4183 Patre,
618 4131 678 4176 ut
697 4121 831 4175 nihil
846 4119 947 4173 sibi
969 4120 1261 4188 relinquat,
1292 4118 1395 4171 nisi
1423 4116 1859 4177 crucemChristi

1941 1893 2068 1963 qui;
2098 1864 2202 1944 nec
2228 1864 2460 1955 alicujus
2483 1883 2593 1950 (12)
2622 1878 2877 1934 audiatur
2899 1888 3101 1932 sermo,
3132 1869 3235 1922 nisi
3262 1864 3505 1963 divinus,

1941 1948 2033 2048 qui
2055 1948 2123 2030 ex
2151 1973 2348 2045 pagina
2370 1948 2713 2039 proferatur,
2742 1972 2797 2016 et
2816 1962 2935 2030 ejus
2961 1958 3054 2028 qui
3087 1962 3284 2048 praeest
3303 1948 3504 2048 Patris,

1941 2035 2027 2118 vel
2062 2035 2263 2131 quibus
2293 2035 2410 2128 ipse
2449 2053 2675 2126 jusserit
2731 2049 2903 2117 loqui,
2950 2053 3009 2099 ut
3042 2039 3249 2111 aliquid
3284 2038 3352 2091 de
3394 2035 3509 2090 Deo

1941 2150 2254 2208 conveniat.

2438 2252 2605 2326 au.
2633 2247 2857 2307 CAPUT
2896 2244 2987 2300 Ix.

2224 2367 2816 2438 Quatiterjejuniorum
2844 2360 2972 2438 ordo
2994 2363 3260 2411 teneatur.

2465 2388 2467 2396 ν
2517 2386 2816 2437 eJunwrum
2844 2386 2972 2415 oruu

2465 2386 2794 2508 iaphnutius
2832 2432 2992 2485 dixit:

2012 2554 2201 2624 Magna
2234 2558 2291 2607 et
2322 2548 2481 2604 utilia
2534 2546 2602 2602 ad
2661 2544 2857 2599 animae
2898 2542 3127 2597 salutem
3162 2537 3307 2591 dicta
3358 2541 3512 2595 sunt,

1942 2648 2143 2702 fratres
2175 2662 2189 2699 :
2214 2659 2317 2699 nec
2340 2643 2442 2697 hoc
2465 2637 2755 2694 tacendum
2790 2643 2894 2698 est,
2917 2632 3155 2702 qualiter
3179 2627 3513 2699 jejuniorum

1945 2736 2082 2791 ordo
2109 2734 2380 2790 tenendus
2405 2732 2495 2785 sit.
2522 2729 2634 2784 Nec
2654 2726 2801 2780 aliud
2833 2726 2963 2778 huic
2994 2719 3235 2775 firmitati
3268 2716 3515 2771 testimo-

1949 2826 2103 2880 nium
2135 2822 2430 2887 convenit,
2461 2817 2764 2873 dulcissimi
2795 2814 3024 2876 fratres,
3057 2810 3159 2864 nisi
3198 2807 3331 2862 illud
3364 2806 3510 2874 quod

1950 2916 2121 2970 dicit:
2180 2912 2368 2966 Petrus
2426 2919 2603 2963 autem
2645 2916 2694 2960 et
2763 2905 3006 2958 Joannes
3046 2899 3399 2953 ascendebant
3457 2897 3514 2948 in

1949 3004 2203 3074 temptant
2262 3002 2402 3054 circa
2452 3002 2638 3053 horam
2690 2996 2945 3050 orationis
2994 2996 3189 3046 no’nam
3214 2990 3280 3043 ".
3341 2986 3513 3041 Debet

1949 3111 2079 3165 ergo
2105 3097 2205 3148 iste
2241 3093 2379 3148 ordo
2422 3090 2622 3151 teneri,
2673 3088 2888 3150 fratres,
2947 3095 3010 3140 ut
3066 3084 3217 3137 nullo
3266 3080 3356 3133 die
3410 3076 3514 3130 nisi

1952 3189 2087 3242 hora
2109 3201 2253 3239 nona
2299 3184 2622 3238 reficiantur
2670 3179 2941 3233 fratresin
2974 3169 3330 3230 monasterio,
3353 3181 3515 3221 exce-

1949 3287 2038 3347 pta
2078 3274 2362 3330 Dominica
2401 3273 2492 3326 die
2538 3280 2594 3325 et
2626 3268 3086 3338 Quinquagesima
3139 3264 3510 3317 Pentecostes.

1952 3368 2047 3422 Die
2086 3376 2267 3420 autem
2291 3364 2577 3418 Dominica
2613 3361 2753 3415 nihil
2810 3358 2959 3412 aliud
3014 3362 3195 3425 agant,
3248 3350 3352 3404 nisi
3405 3348 3517 3402 Deo

1952 3466 2167 3520 vacent,
2208 3470 2276 3509 ne
2308 3469 2410 3523 pro
2431 3454 2611 3521 aliqua
2653 3450 2948 3505 occasione
2984 3464 3042 3502 se
3074 3444 3248 3501 velint
3267 3450 3361 3496 aut
3376 3439 3516 3493 alios

1952 3560 2236 3602 excusare.
2289 3544 2501 3598 Tamen
2557 3548 2836 3595 contestor
2891 3538 3116 3597 fratres,
3172 3530 3319 3602 quod
3368 3528 3516 3583 nulla

1952 3637 2201 3708 Operatio
2229 3635 2284 3689 in
2312 3634 2402 3687 die
2442 3633 2536 3687 illa
2562 3638 2753 3686 sancta
2786 3628 3179 3695 comperiatur.
3236 3623 3340 3676 nisi
3400 3629 3516 3671 tan-

1957 3736 2072 3781 tum
2104 3723 2320 3794 hymnis
2366 3730 2423 3775 et
2455 3720 2700 3790 psalmis,
2752 3726 2810 3773 et
2859 3717 3091 3773 canticis
3138 3709 3521 3783 spiritualibus

1956 3819 2076 3873 dies
2096 3816 2187 3869 illa
2217 3812 2573 3881 transigatur.

2576 3919 2803 3979 CAPUT
2837 3918 2905 3972 Χ.

2066 4022 2210 4076 Idem
2249 4024 2376 4092 ipse.
2420 4018 2662 4083 Qualiter
2700 4015 2893 4081 fratres
2928 4005 3111 4058 debent
3149 4001 3382 4071 operari.

2033 4090 2290 4180 Idemque
2322 4112 2433 4179 (l5)
2467 4106 2837 4178 prmcipimus.
2874 4098 3083 4152 Debent
3138 4110 3270 4161 ergo
3328 4090 3525 4145 fratres

292 4228 460 4283 quam
506 4220 694 4274 tenet,
743 4220 797 4265 et
839 4218 1102 4278 sequatur
1150 4208 1459 4262 Dominum.
1507 4206 1698 4261 Crucis
1732 4222 1863 4261 vero
1966 4202 2130 4255 istum
2159 4201 2410 4255 ordinem
2445 4210 2655 4254 tenere.
2696 4195 2739 4249 A
2767 4193 2941 4263 prima
2968 4191 3099 4244 hora
3134 4199 3307 4255 usque
3335 4180 3402 4236 ad
3424 4181 3525 4235 ho-

291 4304 507 4374 fastigia
530 4319 651 4373 qure
682 4277 930 4357 tenenda,
957 4312 1125 4365 sunt;
1160 4300 1337 4369 primo
1367 4298 1515 4352 omni
1550 4298 1864 4353 obedientia
1966 4309 2085 4346 ram
2120 4293 2339 4346 tertiam
2376 4291 2490 4344 Deo
2508 4293 2705 4342 vacent
2736 4284 2934 4338 fratres
2966 4298 2981 4344 ;
3017 4295 3046 4333 a
3078 4277 3239 4333 tertia
3272 4289 3402 4329 vero
3428 4289 3525 4327 us-

293 4410 405 4449 non
423 4365 585 4448 suam
613 4393 951 4448 voluntatem
988 4365 1186 4449 facere.
1216 4388 1310 4443 sed
1348 4388 1593 4442 alterius.
1636 4388 1790 4454 Quod
1818 4388 1862 4442 si
1967 4398 2073 4452 que
2096 4382 2162 4436 ad
2186 4396 2408 4444 nonam,
2452 4375 2720 4448 quidquid
2744 4374 3051 4444 injunctum
3089 4367 3255 4423 fuerit
3285 4380 3315 4420 a
3343 4365 3525 4424 Patre,

293 4485 532 4539 voluerit
576 4483 912 4537 monasterio
957 4489 1166 4551 partem
1213 4479 1481 4541 conferre,
1515 4477 1728 4533 noverit
1760 4492 1868 4547 quo
1902 4463 1943 4519 υ
1970 4475 2088 4528 sine
2110 4473 2289 4541 aliqua
2307 4469 2744 4526 murmuratione
2763 4465 2983 4520 faciant.
3003 4458 3312 4515 Meminisse
3326 4455 3528 4509 debent

295 4574 490 4628 ordine
524 4574 639 4627 sive
672 4574 809 4641 ipse,
838 4547 974 4625 sive—
1002 4574 1121 4641 ejus
1161 4571 1367 4623 oblatio
1410 4570 1760 4637 suscipiatur.
1794 4570 1859 4622 Et
1966 4566 2021 4619 hi
2054 4564 2253 4634 quibus
2286 4562 2610 4631 injungitur,
2643 4558 2849 4612 dictum
2884 4552 3129 4622 Apostoli
3167 4547 3391 4603 :Omm'a
3412 4561 3530 4614 qua:

296 4666 344 4720 si
393 4665 633 4719 voluerit
684 4664 750 4718 de
809 4664 923 4717 suis
967 4662 1141 4717 servis
1198 4677 1379 4716 secum
1437 4661 1491 4715 in
1536 4661 1867 4715 monasterio
1966 4658 2159 4726 facitis,
2186 4656 2297 4707 sine
2336 4652 2750 4706 murmuratione
2790 4646 2946 4715 facite
2976 4646 3043 4696 “.
3077 4641 3293 4695 Timere
3326 4637 3532 4691 debent

298 4756 629 4818 conducere,
669 4756 884 4809 novcrit
909 4754 1018 4823 (10)
1058 4754 1165 4821 jam
1206 4768 1312 4806 non
1341 4767 1465 4805 eum
1504 4767 1720 4805 servum
1769 4752 1866 4804 ha-

301 4846 454 4908 bere,
472 4845 567 4899 sed
596 4845 820 4899 fratrem
843 4861 857 4909 ;
884 4851 946 4897 ut
973 4846 1027 4897 in
1050 4843 1307 4897 omnibus
1330 4841 1604 4910 perfectus
1627 4842 1869 4895 invenia-

302 4943 394 5013 tur
422 4937 586 4989 homo
614 4935 723 4989 ille.

376 5141 419 5173 "
446 5140 613 5196 Eccli.
665 5156 808 5204 μιν,
840 5142 892 5194 ι.
974 5142 1016 5173 ⁸⁸
1045 5140 1183 5196 Psal.
1235 5154 1487 5200 Lxxxvm,
1547 5136 1631 5189 ll.

1713 5137 1751 5168 "
1797 5135 1839 5189 ll
1870 5135 2011 5189 Tim.
2053 5151 2107 5198 ll,
2142 5134 2231 5187 21.

1966 4746 2098 4800 illud
2126 4745 2328 4799 dictum
2353 4741 2597 4795 terribile
2633 4737 2842 4792 :Nolite
2882 4746 3237 4793 murmurare,
3260 4730 3391 4783 sicut
3414 4729 3526 4793 qui-

1966 4840 2090 4891 dam
2126 4851 2305 4889 eorum
2370 4836 2851 4889 nmrnmrauerunt,
2905 4834 2953 4877 et
3001 4828 3065 4877 ab
3123 4819 3530 4875 exterminatore

1967 4931 2231 5000 perierunt
2259 4926 2321 4980 “.
2362 4925 2533 4979 Debet
2578 4921 2742 4977 etiam
2806 4920 2899 4989 qui
2929 4925 3125 4987 praeest
3176 4915 3359 4977 Pater,
3392 4923 3530 4979 opus

2312 5130 2353 5163 "
2388 5130 2547 5184 Rom.
2610 5141 2702 5188 χιι,
2761 5124 2843 5177 19..
2924 5115 3353 5189 ¹”Ε;›1ιθς.νι.ι.
3424 5112 3528 5169 “I

303 5194 683 5275 Thess.'v,ii5.
740 5194 808 5242 7“.
839 5210 1004 5265 Mare.
1048 5194 1106 5274 ξς
1136 5210 1225 5263 2i.
1301 5210 1347 5240 "
1375 5194 1495 5263 Act.
1532 5223 1607 5271 In,
1648 5207 1700 5261 i.
1777 5206 1821 5237 "
1857 5205 1984 5259 Phili

1104 5210 1225 5267 λι.
1301 5210 1347 5240 ιι
1375 5194 1495 5263 Act.
1532 5223 1607 5271 m,
1648 5207 1700 5261 ι.
1777 5206 1821 5237 η
1857 5205 2053 5275 Philip.
2080 5194 2136 5268 ll,
2172 5202 2257 5255 li.
2334 5202 2378 5231 ιι
2412 5197 2579 5253 ICur.
2619 5212 2669 5253 κ.
2705 5194 2785 5248 l0.

378 5406 454 5483 (Ὁ
492 5404 791 5483 ῌκηιὶιὶιεν.
828 5402 925 5483 bis.
965 5400 1294 5483 Ifumititate.
1333 5398 1397 5452 Et
1425 5398 1587 5467 patilo
1614 5403 1741 5465 post
1770 5412 1867 5465 pa-

308 5469 455 5529 ratu‘s
474 5476 541 5527 sit
569 5488 665 5537 pro
698 5472 875 5541 parati
902 5478 1085 5541 estote.
1125 5469 1313 5541 Recte.

380 5546 456 5611 (8)
491 5538 849 5611 "ebdomada.
881 5540 977 5592 Ms.
1005 5538 1116 5591 heb.
1159 5539 1428 5611 continua.

380 5606 689 5699 (inprima.
714 5610 895 5665 Addit.
928 5623 1029 5662 ms.
1062 5614 1185 5660 ante
1213 5607 1413 5660 omnia.
1437 5606 1515 5660 Ex
1545 5619 1690 5670 mox,
1714 5620 1872 5674 quam

312 5689 506 5737 teneat.
643 5692 653 5699 ‘

382 5752 494 5819 (l0)
526 5748 757 5805 Noverit.
785 5748 931 5802 ldcm
966 5746 1087 5800 cod.
1123 5746 1321 5799 noverit
1354 5760 1425 5798 se.

2042 5393 2149 5459 (ll)
2191 5390 2258 5444 Et
2287 5407 2420 5457 resp.
2464 5387 2649 5459 Ms._nt
2679 5400 2816 5459 resp2
2854 5381 2971 5433 Mox
3004 5377 3144 5431 idem
3174 5386 3426 5459 insdpost
3449 5393 3532 5430 ve-

1971 5448 2228 5514 nientibus
2259 5448 2429 5516 addit.
2466 5472 2557 5508 nec
2572 5457 2680 5521 ipse
2710 5448 2901 5505 audeat
2928 5466 3054 5521 curn
3079 5448 3418 5521 venientibus.

2045 5532 2155 5596 (l2)
2181 5529 2440 5595 Alicujus.
2464 5517 2646 5579 Addit.
2669 5538 2770 5575 IIIS.
2808 5521 2897 5573 ibi.
2926 5519 3096 5572 Paulo
3117 5525 3239 5586 post
3264 5517 3530 5578 recitetur,

1971 5603 2093 5657 loco
2120 5600 2438 5667 proferatur.

2044 5658 2153 5735 (l5)
2188 5658 2455 5735 Idemque.
2497 5666 2577 5717 An
2605 5658 2885 5732 Itemque?
