4258 6358
719 423 823 486 975

1728 426 1832 489 SS.
1866 427 2375 491 MACABIORUM
2400 430 2495 491 ΕΤ
2522 431 2967 497 PAPHNUTII.

3852 446 3967 511 976

721 534 866 605 quod
913 532 1219 589 faciendum
1254 543 1336 591 est
1374 534 1468 591 unl
1513 537 1819 609 injungere,
1851 550 1911 594 ut
1950 540 2132 595 caeteri
2162 540 2280 609 ejus
2308 544 2355 601 Δ
2381 540 2686 597 obtineant.
2717 544 2835 598 Non
2866 546 3055 601 licebit
3080 546 3148 602 de
3179 548 3288 603 alio
3316 558 3668 615 monasterio,
3704 555 3824 611 sine
3857 574 3963 613 νου

720 633 997 694 praecepto
1014 625 1101 679 cui
1128 625 1429 697 injunctum
1450 626 1637 691 fuerit,
1666 627 1862 685 fratres
1877 630 2136 686 obediant
2162 632 2279 687 sine

719 717 961 786 querela.

1308 810 1531 868 CAPUT
1572 811 1661 866 Xl.

722 900 962 965 Qualiter
984 901 1266 968 inﬁrmitas
1307 901 1387 956 vel
1430 905 1747 973 possibilitas
1794 919 2071 973 corporum
2103 904 2167 957 ab
2220 919 2280 957 eo

994 974 1082 1041 qui
1119 981 1305 1041 praeit
1335 973 1493 1026 Patre
1535 976 1887 1043 cognoscenda
1918 977 2006 1027 sit.

791 1059 999 1129 Siquis
1048 1076 1115 1116 ex
1163 1062 1425 1116 fratribus
1470 1077 1570 1131 pro
1611 1063 1839 1134 jejunio,
1879 1062 1965 1116 vel
2015 1062 2279 1131 operibus

718 1163 979 1202 manuum
1024 1164 1265 1212 suarum,
1301 1167 1423 1220 quae
1473 1152 1764 1221 Apostolus
1803 1152 2060 1221 praecepit
2119 1151 2275 1219 (lt):

718 1232 1006 1302 Operantes
1028 1238 1266 1290 manibus
1310 1240 1519 1303 nostris,
1547 1255 1612 1291 ne
1636 1255 1788 1307 quem
1825 1248 2053 1293 vestrum
2088 1253 2280 1307 grana-

720 1328 989 1389 remus";
1020 1328 1069 1381 si
1094 1328 1141 1381 is
1172 1328 1265 1396 qui
1291 1329 1414 1381 talis
1440 1337 1526 1382 est
1571 1329 1735 1381 fuerit
1762 1328 2075 1382 inﬁrmitate
2101 1327 2280 1381 obses-

720 1431 837 1478 sus,
873 1415 1270 1485 providendum
1310 1427 1395 1471 est
1429 1418 1497 1471 ab
1542 1434 1609 1471 eo
1656 1420 1750 1487 qui
1798 1426 2013 1487 praeest,
2043 1418 2278 1486 qualiter

720 1506 834 1573 ipsa
882 1507 1169 1562 inﬁrmitas
1227 1516 1581 1562 sustentetur.
1626 1508 1781 1573 Quod
1833 1510 1878 1562 si
1919 1507 2168 1561 inﬁrmus
2195 1515 2279 1561 est

720 1597 903 1649 animo
925 1597 1034 1666 (l5)
1072 1596 1379 1667 hujusmodi
1414 1598 1601 1662 frater,
1634 1606 1851 1665 oportet
1877 1613 2001 1651 eum
2028 1598 2280 1665 frequen-

719 1686 830 1738 tius
863 1687 1101 1753 operari,
1160 1686 1558 1741 considerando
1600 1687 1920 1755 Apostolum
1944 1688 2010 1752 ",
2045 1688 2279 1756 qualiter

718 1791 919 1845 corpus
963 1793 1121 1832 suum
1177 1779 1427 1833 servituti
1476 1779 1695 1847 redigit.
1744 1779 1856 1833 Hoc
1878 1787 2061 1833 autem
2089 1779 2280 1833 obser-

718 1867 954 1919 vandum
983 1875 1088 1929 est,
1128 1876 1191 1921 ut
1236 1867 1293 1922 in
1340 1868 1493 1921 nullo
1543 1868 1879 1922 voluntatem
1918 1884 2071 1923 suam
2117 1868 2281 1922 faciat
2306 1856 2354 1915 Β

720 1955 830 2009 ille.

1347 2047 1495 2104 CAP.
1536 2049 1652 2105 Xll.

721 2135 966 2200 Qualiter
1001 2137 1176 2206 officiis
1216 2138 1405 2192 mutuis
1442 2156 1497 2192 se
1536 2141 1727 2209 fratres
1764 2145 2089 2210 preueniant
2134 2144 2275 2210 (16).

793 2228 847 2281 Si
879 2230 1222 2298 congregatio
1250 2231 1418 2283 multa
1446 2240 1548 2294 est,
1566 2232 1729 2285 debet
1758 2234 1804 2286 is
1828 2234 1921 2301 qui
1955 2244 2150 2302 praeest
2176 2236 2275 2289 Pa-

724 2330 822 2380 ter,
861 2319 1151 2387 disponere
1182 2320 1671 2385 bebdomadarios,
1714 2330 1769 2375 et
1805 2324 2049 2378 ordinem
2079 2323 2238 2379 oilicii
2260 2366 2275 2387 ,

717 2424 826 2476 quo
858 2409 961 2463 sibi
1014 2410 1246 2464 invicem
1291 2412 1585 2466 succedant
1618 2413 1687 2466 ad
1719 2414 2140 2469 ministrandum
2175 2433 2188 2469 :
2223 2424 2280 2470 et

718 2500 1015 2555 decernere
1037 2501 1199 2556 debet
1227 2503 1316 2556 ille
1344 2504 1477 2572 (17),
1505 2503 1779 2573 quomodo
1800 2505 1997 2559 debeat
2014 2521 2155 2571 esse,
2183 2507 2277 2577 qui

717 2592 997 2646 cellarium
1033 2592 1265 2646 fratrum
1315 2595 1611 2649 contineat.
1664 2596 1832 2651 Debet
1878 2597 2001 2651 talis
2042 2606 2281 2652 tantum-

717 2686 879 2740 modo
913 2686 1076 2755 eligi,
1111 2686 1205 2755 qui
1238 2686 1410 2754 possit
1452 2686 1505 2738 in
1544 2686 1799 2741 omnibus
1827 2688 1964 2757 gula:
2006 2703 2116 2743 sum
2153 2705 2280 2761 sug.

716 2777 1055 2847 gestionibus
1083 2775 1388 2839 dominari,
1427 2785 1485 2831 et
1526 2777 1840 2846 evangelico
1868 2777 2059 2833 ordine
2097 2778 2279 2834 fratri-

716 2869 821 2921 bus
855 2867 971 2921 suis
1003 2866 1206 2920 victum
1240 2866 1543 2935 gubernare
1580 2881 1593 2919 :
1624 2866 1719 2935 qui
1746 2867 1934 2920 timeat
1959 2868 2112 2923 Iuda:
2148 2886 2281 2924 sen-

718 2955 943 3009 tentiam
969 2993 983 3017 ,
1013 2955 1108 3023 qui
1158 2954 1225 3007 ab
1259 2954 1416 3008 initio
1455 2954 1545 3009 fur
1592 2955 1696 3009 fuit
1724 2957 1792 3010 ".
1839 2956 2071 3013 Studere
2113 2959 2279 3015 debet

716 3046 810 3113 qui
840 3045 967 3099 huic
991 3043 1169 3098 officio
1185 3044 1499 3113 deputatur,
1527 3054 1587 3099 ut
1609 3046 1797 3101 audiat
1825 3063 1839 3100 :
1873 3047 2009 3112 Quia
2039 3051 2129 3118 qui
2152 3051 2278 3105 bene

718 3135 1129 3195 ministraverit,
1178 3134 1367 3187 bonum
1413 3136 1640 3204 gradum
1687 3136 1797 3205 (l8)
1840 3138 2062 3207 acquirit
2090 3140 2173 3204 ης
2223 3148 2277 3194 et

716 3224 909 3278 animae
941 3240 1052 3278 suae
1085 3225 1298 3278 lucrum
1344 3224 1491 3279 facit.
1522 3224 1692 3279 Nosse
1721 3225 1924 3280 debent
1959 3226 2124 3281 etiam
2169 3228 2279 3282 fra-

718 3324 851 3377 tres,
884 3315 1011 3381 quia
1049 3315 1315 3384 quidquid
1365 3316 1421 3370 in
1457 3317 1788 3371 monasterio
1817 3325 2118 3382 tractatur,
2165 3320 2280 3374 sive

717 3402 773 3454 in
794 3402 956 3465 vasis,
988 3402 1101 3455 sive
1127 3403 1181 3455 in
1212 3402 1574 3467 ferramentis,
1593 3404 1679 3457 vel
1709 3414 1901 3457 caetera
1923 3406 2125 3470 omnia,
2158 3422 2279 3461 esse

718 3492 1074 3547 sanctiﬁcata.
1109 3492 1164 3546 Si
1195 3494 1319 3562 quis
1348 3494 1413 3549 de
1449 3494 1711 3550 fratribus
1746 3497 1952 3567 aliquid
1998 3498 2277 3567 negligen-

721 3584 805 3629 ter
834 3578 1144 3630 tractaverit
1170 3619 1184 3642 ,
1220 3587 1427 3648 partem
1471 3596 1528 3634 se
1552 3582 1753 3637 habere
1782 3584 1995 3638 noverit
2027 3600 2148 3639 cum
2185 3586 2279 3639 illo

715 3681 862 3733 rege,
894 3667 987 3735 qui
1021 3667 1075 3719 in
1104 3668 1250 3722 vasis
1275 3668 1471 3723 domus
1508 3671 1604 3725 Dei
1638 3672 1989 3729 sanctiﬁcatis
2010 3690 2133 3729 cum
2162 3675 2277 3729 suis

716 3757 938 3811 bibebat
960 3758 1298 3822 concubinis,
1320 3768 1375 3813 et
1390 3760 1602 3828 qualem
1615 3764 2121 3819 meruitvindictam
2142 3767 2274 3835 (19).

716 3845 1087 3900 Custodienda
1116 3857 1245 3901 sunt
1263 3848 1363 3901 ista
1381 3858 1670 3918 praecepta,
1698 3859 1754 3904 et
1772 3867 1871 3921 per
1892 3854 2134 3923 singulos
2157 3856 2277 3911 dies

718 3942 773 3991 in
801 3956 962 3993 aures
984 3940 1209 3993 fratrum
1241 3942 1518 3995 recitando
1536 3952 1757 4007 sunt,ut
1777 3962 1885 4001 non
1910 3948 2276 4004 condemnen-

714 4041 804 4083 tur
833 4031 888 4084 in
924 4032 1163 4100 peccatis
1194 4032 1326 4087 suis.

1330 4122 1478 4177 CAP.
1520 4122 1659 4177 Xlll.

716 4211 955 4276 Qualiter
976 4215 1112 4265 inter
1131 4229 1186 4266 se
1209 4216 1527 4269 monasteria
1557 4233 1735 4285 pacem
1754 4219 1967 4285 ﬁrmam
1988 4220 2272 4274 obtineant.

1083 4302 1231 4357 Alius
1272 4304 1378 4371 (20)
1411 4304 1674 4359 Macarius
1714 4308 1843 4361 dixit
1875 4325 1892 4361 :

781 4387 1049 4453 Quoniam
1084 4392 1289 4443 veritas
1327 4400 1692 4459 protestetur,
1725 4411 1845 4463 quae
1882 4396 2013 4451 dicit
2043 4417 2055 4452 :
2096 4397 2159 4451 In
2190 4414 2278 4451 ore

712 4480 933 4531 duorum
970 4478 1049 4532 vel
1081 4481 1239 4533 trium
1265 4484 1470 4534 testium
1493 4484 1648 4536 stabit
1678 4501 1829 4537 omne
1860 4488 2068 4542 verbum
2091 4491 2155 4555 υ,
2188 4491 2277 4545 ﬁr-

714 4571 907 4624 manda
941 4587 1071 4641 ergo
1096 4582 1179 4625 est
1210 4575 1395 4644 regula
1432 4575 1684 4643 pietatis;
1717 4593 1819 4633 nec
1852 4580 1960 4650 (21)
1986 4584 2271 4638 tacendum

709 4671 828 4723 est,
877 4664 1110 4731 qualiter
1161 4664 1303 4718 inter
1352 4680 1409 4718 sc
1460 4669 1785 4723 monasteria
1828 4686 2014 4738 pacem
2060 4660 2271 4727 ﬁrmam

780 4840 857 4894 "l
900 4838 1028 4894 Cor.
1086 4855 1158 4906 Iv,
1214 4841 1298 4895 12.

1402 4844 1445 4873 ’⁸
1482 4842 1500 4896 l
1542 4842 1665 4898 Cor.
1724 4861 1808 4912 ix,
1842 4848 1933 4903 27.

711 4906 753 4939 "
786 4910 805 4961 l
836 4910 1036 4974 Tim.v,
1077 4909 1163 4961 12.

780 5067 889 5142 (11)
912 5067 1187 5142 P‘razcepit.
1220 5072 1316 5126 Ms.
1351 5071 1602 5142 Prcecepit
1638 5078 1830 5129 dicens.

780 5138 891 5205 (15)
935 5137 1157 5201 Quodsi
1180 5142 1421 5208 infirmus
1448 5137 1536 5196 εει
1558 5146 1754 5198 animo.
1785 5148 1883 5200 Ms.
1923 5146 2073 5210 Quod
2104 5152 2149 5201 si
2176 5149 2272 5215 ﬁr-

713 5223 825 5259 mus
862 5215 936 5258 est
970 5225 1208 5277 corpore.

781 5278 889 5341 (16)
930 5277 1283 5333 Prwvem’ant.
1313 5280 1440 5335 Post
1471 5282 1609 5337 hanc
1640 5300 1828 5339 vocem
1859 5287 2010 5341 addit
2042 5300 2143 5340 ms.
2176 5289 2271 5339 iste

710 5347 835 5397 ordo
868 5356 1122 5399 teneatur.

780 5416 888 5482 (17)
934 5415 1002 5467 Et
1044 5418 1322 5471 decernere
1352 5420 1497 5473 debet
1534 5422 1643 5475 ille.
1685 5424 1810 5479 Haec
1839 5426 2037 5480 desunt
2077 5426 2131 5479 iu
2166 5441 2265 5479 ms.

709 5482 977 5564 litlstatim
1005 5484 1147 5564 idem
1169 5489 1290 5564 cod.
1320 5490 1491 5564 qualis
1524 5492 1687 5564 habet
1716 5510 1815 5562 pro
1846 5496 2119 5564 quomodo.

926 5553 1189 5627 Crudum.
1215 5558 1309 5611 Ms.
1332 5553 1566 5627 'gradum
1594 5563 1689 5614 sibi
1718 5553 1831 5619 aco.

779 5623 888 5687 (i9)
928 5623 1137 5678 Meruit.
1177 5626 1273 5679 Ms.
1308 5623 1575 5682 meruerit.

780 5692 888 5759 (20)
928 5693 1093 5747 Alius.
1125 5695 1222 5748 Ms.
1255 5696 1389 5749 Item
1419 5700 1576 5751 alius.

778 5762 886 5830 (2|)
926 5762 1046 5816 Nec.
1086 5766 1179 5818 Ms.
1211 5767 1313 5818 Nec
1342 5769 1433 5819 [ξος
1459 5778 1557 5820 tor.

2037 4849 2080 4879 "’
2115 4849 2271 4903 Joan.
2315 4866 2425 4915 xu,
2488 4854 2539 4907 6.

2380 634 2589 688 luntate
2611 636 2730 704 ejus
2756 638 2849 703 qui
2871 646 3069 706 praeest
3094 639 3290 704 Patris,
3317 640 3516 697 fratres
3546 644 3794 714 recipere
3817 649 3966 719 (22).

2382 720 2477 775 sed
2502 737 2605 775 nec
2627 723 2814 777 videre
2851 733 3092 793 oportet,
3119 727 3336 783 dicente
3363 731 3625 799 Apostolo
3653 752 3666 787 :
3702 735 3839 800 Quia
3866 742 3967 808 qui

2381 812 2610 879 primam
2648 812 2807 878 ﬁdem
2836 817 3045 869 irritam
3078 816 3236 885 fecit,
3278 830 3354 873 est
3383 823 3585 888 inﬁdeli
3624 827 3854 880 deterior
3893 832 3963 882 ³⁸.

2379 900 2537 967 Quod
2570 904 2616 957 si
2652 914 2907 972 precatus
2934 906 3100 961 fuerit
3124 909 3194 963 ab
3220 926 3288 964 eo
3313 913 3408 980 qui
3442 924 3640 982 praest
3666 915 3863 982 Patre,
3901 930 3968 974 ut

2382 995 2437 1047 in
2465 996 2572 1049 alio
2601 998 2930 1051 monasterio
2961 999 3319 1069 ingrediatur,
3349 1008 3767 1064 commendetur
3795 1011 3867 1064 ab
3891 1026 3966 1065 eo

2380 1084 2430 1137 ei
2461 1085 2556 1153 qui
2584 1094 2802 1154 pmst,
2848 1088 2943 1142 ubi
2974 1105 3094 1145 esse
3132 1092 3444 1161 desiderat;
3475 1108 3531 1153 et
3564 1100 3645 1154 sic
3686 1102 3966 1170 suscipia-

2382 1180 2492 1226 tur.
2522 1173 2659 1227 Nam
2692 1175 2811 1230 sine
2840 1177 3127 1235 voluntate
3158 1183 3270 1252 (25)
3304 1186 3401 1254 qui
3432 1203 3666 1255 praeesse
3695 1189 3864 1245 debet
3902 1193 3964 1247 in

2380 1264 2714 1318 monasterio
2746 1265 2945 1329 Patris,
2976 1269 3289 1327 nullatenus
3318 1276 3450 1329 alibi
3498 1278 3797 1346 recipiatur
3839 1280 3962 1333 fra-

2381 1359 2484 1404 ter.
2513 1351 2667 1416 Quod
2699 1354 2742 1407 si
2770 1361 3177 1427 praasumpserit
3204 1364 3329 1415 talia
3356 1364 3557 1429 facere,
3582 1370 3879 1423 noveritse
3904 1371 3963 1423 in

2380 1444 2587 1512 synodo
2620 1447 3025 1516 episcoporum,
3052 1461 3147 1505 aut
3170 1454 3225 1506 in
3253 1464 3524 1507 conventu
3562 1456 3799 1509 fratrum
3834 1473 3964 1511 suo-

2380 1548 2501 1586 rum
2545 1535 2601 1588 in
2641 1536 2977 1592 audientiam
3015 1542 3203 1596 venire
3238 1559 3252 1594 :
3286 1554 3342 1596 et
3385 1551 3517 1597 tunc
3571 1546 3793 1600 recedet
3832 1556 3961 1601 tan-

2380 1637 2543 1691 quam
2573 1626 2761 1693 junior
2795 1642 2949 1692 suus,
2995 1629 3173 1685 donec
3215 1632 3285 1685 ab
3313 1648 3380 1687 eo
3411 1634 3499 1688 cui
3537 1634 3791 1703 injuriam
3824 1636 3960 1691 fecit

2378 1713 2594 1767 veniam
2627 1725 2810 1784 petat;
2846 1726 2907 1771 ut
2936 1735 3046 1773 non
3092 1736 3191 1789 per
3217 1722 3388 1791 ipsius
3421 1724 3616 1778 vitium
3649 1726 3742 1779 alii
3771 1726 3962 1795 despi-

2380 1804 2596 1859 ciantur
2634 1805 2841 1862 Patres.
2872 1809 2967 1864 llle
3004 1825 3133 1865 vero
3160 1814 3462 1869 monachus
3490 1825 3727 1884 quantos
3754 1816 3962 1872 fratres

2383 1894 2437 1947 in
2468 1894 2577 1949 alio
2602 1899 2938 1951 monasterio
2980 1901 3270 1963 invenerit,
3304 1912 3483 1959 tantos
3508 1921 3569 1960 se
3610 1906 3827 1960 noverit
3862 1908 3962 1960 ha-

2383 1984 2513 2038 bere
2540 1986 2770 2053 priores.
2794 1987 2906 2041 Nec
2938 1990 3329 2044 attendendum
3348 2001 3452 2056 est,
3482 1995 3577 2063 qui
3606 1994 3712 2049 fuit
3755 2007 3955 2061 antea;

2380 2075 2475 2129 sed
2504 2076 2850 2144 probandum
2884 2088 2989 2143 est,
3018 2082 3196 2149 qualis
3217 2097 3337 2136 esse
3366 2086 3619 2153 coeperit.
3654 2085 3960 2155 Susceptus

2380 2164 2541 2234 245
2562 2181 2694 2219 vero
2710 2168 2753 2220 si
2786 2168 2989 2222 habere
3020 2170 3241 2223 videtur
3266 2172 3493 2239 aliquid,
3526 2174 3642 2227 sive
3677 2175 3730 2228 in
3760 2176 3956 2238 rebus,

2380 2256 2493 2310 sive
2521 2256 2577 2310 in
2606 2257 2910 2321 codicibus,
2942 2260 3082 2313 ultra
3109 2262 3159 2314 ei
3203 2264 3482 2331 possidere
3511 2279 3618 2318 non
3648 2265 3857 2327 licebit,
3896 2276 3958 2319 ut

2378 2347 2552 2415 possit
2592 2363 2712 2403 esse
2743 2350 3041 2417 perfectus,
3077 2352 3222 2420 quod
3256 2354 3387 2408 alibi
3414 2369 3523 2408 non
3556 2356 3755 2423 potuit.
3790 2357 3954 2411 Resi-

2380 2436 2639 2491 dentibus
2661 2453 2791 2493 vero
2818 2438 3100 2505 fratribus,
3132 2442 3176 2495 si
3210 2442 3375 2497 fuerit
3397 2444 3579 2513 aliqua
3606 2445 3674 2499 de
3704 2444 3955 2515 Scriptu-

2380 2527 2458 2582 ris
2483 2528 2721 2590 collatio.
2747 2538 2804 2583 et
2832 2529 2999 2585 fuerit
3023 2546 3090 2586 ex
3120 2531 3207 2587 bis
3239 2533 3350 2603 (24)
3386 2536 3507 2589 talis
3536 2535 3727 2599 scitus,
3759 2552 3871 2590 non
3896 2537 3952 2592 ei

2380 2618 2567 2673 licebit
2597 2619 2802 2688 aliquid
2838 2621 3047 2684 dicere.
3092 2624 3197 2678 nisi
3236 2635 3572 2695 praeceptum
3610 2628 3663 2681 ei
3705 2628 3876 2682 fuerit
3917 2643 3951 2682 a

2379 2705 2540 2762 Patre
2578 2708 2709 2780 (25).

2996 2802 3149 2857 CAP.
3187 2803 3326 2860 XIV.

2378 2884 2625 2956 Idemque
2662 2902 2680 2939 :
2719 2885 2963 2953 Qualiter
3005 2891 3179 2946 clerici
3217 2896 3441 2963 hospites
3475 2898 3794 2968 suscipiendi
3828 2907 3956 2953 sunt

2950 2983 3006 3035 in
3045 2988 3384 3039 monasterio.

2448 3066 2585 3123 Cum
2634 3069 2783 3123 omni
2832 3074 3138 3126 reverentia
3182 3083 3243 3127 ut
3288 3076 3525 3129 ministri
3569 3077 3796 3131 altaris:
3840 3093 3955 3133 non

2379 3158 2567 3213 licebit
2610 3161 2716 3215 nisi
2764 3161 2897 3228 ipsis
2940 3164 3243 3219 orationem
3271 3168 3584 3235 complere,
3636 3170 3750 3223 sive
3780 3171 3957 3225 ostia-

2381 3250 2525 3315 rius,
2564 3250 2678 3303 sive
2708 3252 2957 3305 minister
2987 3261 3072 3306 est
3116 3256 3305 3323 templi
3353 3256 3471 3310 Dei.
3500 3257 3656 3322 Quod
3688 3260 3732 3314 si
3765 3262 3955 3330 aliquo

2380 3353 2508 3392 casu
2532 3340 2715 3408 lapsus
2750 3350 2851 3405 est,
2886 3348 2941 3394 et
2968 3342 3023 3395 in
3050 3357 3118 3397 eo
3146 3344 3291 3412 quod
3320 3345 3526 3399 dicitur
3555 3349 3819 3415 probatus
3840 3351 3955 3404 cri-

2380 3428 2549 3492 mine,
2586 3444 2696 3482 non
2739 3430 2901 3484 liccat
2941 3432 2991 3485 ei
3030 3441 3156 3486 ante
3190 3449 3314 3487 eum
3345 3436 3437 3503 qui
3480 3449 3677 3504 prmest
3707 3440 3952 3504 Patrem,

2380 3518 2462 3569 vcl
2500 3517 2803 3580 secundum
2854 3520 3150 3589 complere.
3183 3523 3328 3576 Nulli
3369 3525 3716 3593 permittatur
3749 3530 3955 3584 clerico

2380 3607 2435 3659 in
2474 3608 2805 3661 monasterio
2845 3608 3095 3664 habitare
3119 3651 3131 3669 .
3162 3612 3273 3665 nisi
3303 3614 3353 3666 ei
3383 3617 3761 3670 tantummodo
3787 3634 3953 3685 quem

2378 3696 2562 3764 lapsus
2597 3698 2805 3764 peccati
2832 3699 2896 3752 ad
2932 3700 3297 3755 humilitatem
3337 3702 3600 3768 deduxit,
3624 3715 3680 3758 et
3708 3716 3792 3760 est
3829 3711 3951 3761 vul-

2376 3794 2639 3851 neratus;
2688 3796 2749 3841 ut
2804 3787 2857 3841 in
2903 3789 3239 3844 monasterio
3292 3790 3622 3847 humilitatis
3677 3797 3951 3850 medicina

2376 3884 2619 3928 sanetur.
2641 3876 2934 3930 Haecvobis
2965 3879 3199 3931 tenenda
3224 3879 3518 3943 sufﬁciant,
3535 3880 3753 3947 fratres,
3774 3896 3951 3939 custo-

2377 3965 2575 4019 dienda
2596 3968 2944 4029 conveniant,
2974 3976 3029 4021 et
3053 3969 3209 4023 eritis
3234 3971 3743 4040 irreprebensibiles
3770 3977 3823 4029 in
3849 3992 3947 4044 po.

2376 4056 2508 4123 pulo
2542 4055 2659 4109 Dei.

3007 4148 3156 4203 CAP.
3198 4148 3312 4203 XV.

2552 4234 2794 4299 Qualiter
2831 4237 3001 4305 culpa:
3038 4237 3367 4307 singulorum
3406 4242 3767 4298 emendentur.

2445 4325 2557 4380 Nec
2596 4328 2700 4381 hoc
2728 4330 3017 4381 tacendum
3048 4338 3161 4392 est,
3210 4332 3448 4399 qualiter
3478 4335 3653 4403 culpae
3700 4338 3946 4408 singulo-

2379 4432 2500 4469 rum
2529 4419 2891 4472 emendentur
2926 4435 3064 4489 :pro
3093 4422 3355 4488 qualitate
3387 4425 3561 4492 culpa:
3592 4428 3699 4480 erit
3724 4444 3941 4483 excom-

2309 4504 2698 4561 Dmunicatio.
2753 4510 2894 4579 Ergo
2940 4510 3042 4564 istc
3100 4510 3238 4564 ordo
3291 4520 3565 4568 teneatur.
3614 4516 3670 4570 Si
3725 4520 3849 4587 quis
3878 4536 3943 4575 ex

2380 4588 2643 4643 lratribus
2684 4606 2990 4646 sermonem
3022 4594 3259 4647 otiosum
3290 4598 3562 4663 emiserit,
3600 4615 3670 4653 ne
3716 4616 3842 4653 reus
3874 4602 3943 4655 sit

2379 4680 2615 4743 concilii,
2642 4682 2989 4750 praecipimus
3012 4699 3139 4737 eum
3175 4685 3359 4740 triduo
3393 4705 3425 4743 a
3454 4689 3681 4744 fratrum
3714 4708 3941 4760 congre-

2652 4855 2697 4886 ¹⁸
2736 4857 2777 4910 1.
2815 4857 2955 4914 Tim.
3012 4876 3089 4925 Ill,
3121 4862 3204 4915 l5.
3314 4866 3357 4897 "
3395 4864 3585 4918 Matth.
3640 4882 3790 4930 xvul,
3856 4867 3937 4921 16-

2445 5087 2555 5157 (22)
2594 5088 2857 5159 Recipere.
2890 5085 3013 5159 Post
3053 5088 3283 5143 verbum
3317 5090 3631 5159 hujusmodi
3658 5094 3811 5149 addit
3836 5110 3934 5149 ms.

2371 5163 2420 5206 et
2451 5174 2553 5232 n_o_n
2581 5158 2749 5232 solum
2768 5171 2883 5232 _non
2912 5158 3136 5232 recipere
3165 5174 3182 5232 ς
3214 5176 3335 5227 quae
3356 5158 3577 5232 quidem
3602 5164 3674 5217 ob
3695 5164 3937 5232 ejusdem

2371 5226 2521 5278 verbi
2549 5224 2944 5307 repetitionem
2991 5224 3594 5293 librario'excidcrint,
3632 5243 3692 5286 ut
3723 5224 3789 5286 ex
3813 5248 3939 5287 con-

2371 5296 2741 5440 ιθῖἓὲ)¹¹ἓὶἔιῗι’
2770 5365 2883 5440 sine
2922 5362 3191 5418 voluntate
3234 5375 3347 5440 cwt.
3390 5368 3517 5440 limo
3555 5379 3612 5423 et
3658 5372 3937 5440 sequentia

2368 5447 2540 5500 usque
2562 5434 2627 5485 ad
2655 5450 2739 5491 ea.
2766 5432 2865 5485 Ille
2887 5449 3006 5485 vero
3038 5438 3342 5495 monachus.
3378 5438 3580 5493 desunt
3616 5440 3669 5493 in
3694 5432 3794 5495 m's.

2441 5502 2552 5581 (2.4)
2578 5503 2662 5555 ba:
2697 5505 2775 5555 lii:
2798 5502 2840 5573 ].
2866 5503 3029 5556 Deest
3064 5506 3377 5572 praepositio
3404 5507 3458 5561 in
3501 5523 3606 5563 ms.
3633 5510 3935 5579 etquidem

2656 5638 2865 5728 Patre],
2885 5640 2980 5693 Ms.
3009 5642 3143 5728 abeo
3165 5643 3262 5728 qui
3275 5654 3485 5723 μναῖαι.
3510 5647 3615 5728 llic
3640 5663 3769 5702 vero
3793 5646 3936 5728 desi-

2370 5709 2449 5761 nit
2475 5709 2663 5763 codex.
2694 5710 2812 5763 Vat.
2849 5725 3025 5778 neque
3062 5713 3163 5766 tria
3177 5709 3381 5769 ultima
3403 5717 3582 5786 capita
3606 5717 3872 5787 agnoscit.
