4258 6358
158 426 271 487 9T7

155 649 233 689 eo
256 635 545 705 jungatur.
582 635 639 689 Si
670 650 803 690 vero
828 636 1028 705 aliquis
1055 637 1437 707 deprehensus
1480 639 1644 693 fuerit
1690 640 1746 695 in

160 726 306 789 risu,
342 726 426 779 vel
490 728 545 779 in
575 726 899 780 scurrilitate
927 728 1215 791 sermonis,
1244 728 1389 783 sicut
1410 729 1487 782 ait
1514 730 1747 798 Aposto-

161 818 273 879 lus.
309 834 426 887 qua
452 818 521 870 ad
539 834 649 871 rem
671 834 775 871 non
800 820 1024 888 pertinet
1047 819 1112 883 ",
1145 819 1406 889 jubemus
1432 817 1744 890 hujusmodi

170 908 413 961 duarum
454 908 923 963 hebdomadarum
969 911 1146 979 spatio
1192 911 1248 965 in
1277 911 1499 965 nomine
1531 911 1747 965 Domini

164 1000 322 1052 omni
374 998 588 1069 ﬂagello
648 999 975 1054 humilitatis
1020 1001 1299 1062 coerceri.
1349 1001 1566 1056 dicente
1604 1003 1748 1072 Apo-

167 1089 356 1142 stolo:
390 1088 446 1143 Si
487 1091 601 1156 quis
636 1090 803 1158 frater
832 1092 1137 1144 nominatur
1173 1093 1494 1157 iracundus,
1523 1103 1616 1148 aut
1652 1112 1747 1149 su-

166 1179 383 1247 perbus,
405 1190 497 1231 aut
518 1179 823 1245 maledicus,
848 1186 985 1236 hunc
1018 1193 1195 1237 notate
1218 1185 1284 1235 ”.
1321 1185 1389 1239 Et
1423 1203 1435 1238 :
1466 1184 1582 1239 Non
1610 1188 1747 1241 adite

166 1279 225 1321 ut
266 1272 534 1323 inimicum
564 1311 579 1334 ,
613 1273 705 1325 sed
740 1274 987 1342 corripite
1010 1284 1066 1327 ut
1106 1276 1323 1342 fratrem
1356 1275 1420 1330 ³³.
1463 1278 1530 1331 Ει
1559 1278 1612 1331 in
1639 1280 1746 1333 alio

166 1359 292 1413 loCO
327 1378 340 1413 :
378 1359 437 1414 Si
478 1363 594 1431 quis
626 1362 793 1430 frater
822 1364 976 1432 fuerit
1008 1375 1299 1434 praeventus
1342 1369 1397 1421 in
1441 1367 1621 1439 aliquo
1652 1370 1745 1423 ἀε-

168 1449 315 1513 ficto,
347 1467 436 1504 vos
458 1454 547 1520 qui
572 1453 841 1522 spiritales
878 1456 997 1508 estis
1021 1496 1037 1519 .
1077 1459 1322 1511 instruite
1347 1458 1645 1529 hujusmodi
1678 1462 1755 1526 “,

166 1548 223 1592 et
252 1541 517 1610 corripite
542 1542 800 1609 fratrem;
829 1545 902 1597 ita
927 1554 988 1599 ut
1010 1561 1108 1615 per
1132 1546 1459 1604 humilitatis
1487 1550 1746 1621 frequen-

169 1629 305 1684 tiam
338 1649 446 1686 non
476 1635 768 1703 reprobus,
808 1636 904 1691 sed
934 1637 1197 1707 probatus
1234 1638 1292 1692 in
1322 1644 1743 1711 congregatione

167 1736 513 1791 perseveret.

310 2072 352 2104 "
376 2071 577 2142 Ephes.
614 2090 667 2139 v,
701 2075 750 2131 ι.

1339 428 1646 489 REGULA
1684 428 1789 488 AD
1830 426 2254 491 MONACHOS.

155 544 387 615 gatione
418 544 504 598 vel
533 544 808 614 colloquio
846 560 967 601 esse
1000 546 1241 601 alienum
1265 586 1280 611 ,
1322 555 1381 601 ut
1410 549 1595 603 nullus
1621 564 1741 602 cum
1770 548 1822 609 Α

3316 429 3422 492 978

2472 546 2623 602 CAP.
2664 547 2800 601 XVI.

2016 640 2080 695 Ut
2116 642 2230 693 sine
2268 655 2614 709 personarum
2654 638 2949 707 acceptione
2986 635 3265 707 aequaliter

2492 730 2773 790 iudicetur.

1918 822 2032 876 Hoc
2081 831 2207 876 ante
2253 820 2438 875 omnia
2474 820 2821 890 praecipimus
2850 817 3007 872 vobis
3040 817 3133 886 qui
3180 816 3310 871 huic
3341 816 3421 868 of-

1847 914 1971 969 ﬁcio
1995 915 2263 985 praestis,
2292 922 2353 967 ut
2384 928 2633 982 personae
2657 929 2683 965 a
2712 913 2867 965 vobis
2904 925 3015 964 non
3059 908 3420 978 accipiantur,

1845 1006 1940 1060 sed
1972 1006 2169 1074 aequali
2206 1005 2407 1059 aﬂ'ectu
2454 1020 2645 1059 omnes
2692 1002 3031 1073 diligantur,
3065 1007 3124 1054 et
3157 1014 3256 1069 per
3297 1014 3423 1054 cor-

1846 1098 2152 1167 reptionem
2186 1112 2378 1150 omnes
2412 1104 2721 1151 sanentur:
2754 1094 2885 1164 quia
2924 1093 3212 1163 aqualitas
3245 1090 3426 1161 placet

1842 1185 1986 1254 apud
2008 1186 2198 1243 Deum.
2230 1185 2449 1239 dicente
2480 1185 2753 1253 Propheta
2782 1201 2795 1237 :
2821 1183 2879 1239 Si
2913 1199 3031 1238 vere
3058 1184 3236 1252 utique
3262 1179 3427 1251 256

1832 1276 2102 1345 justitiam
2118 1275 2822 1344 loquimini,justejudicate,
2834 1274 2934 1341 ﬁlii
2950 1275 3220 1326 hominum
3234 1272 3296 1324 ⁸³.
3316 1271 3427 1324 Nec

1841 1367 2009 1420 latere
2048 1381 2146 1420 vos
2190 1366 2467 1428 volumus,
2515 1366 2646 1434 quia
2678 1366 2771 1434 qui
2798 1380 2907 1417 non
2952 1364 3182 1432 corripit
3229 1376 3423 1415 erran-

1842 1470 1994 1524 tem,
2049 1460 2267 1513 noverit
2319 1475 2377 1513 se
2432 1475 2530 1528 pro
2590 1473 2658 1512 eo
2721 1459 2992 1512 rationem
3052 1456 3420 1511 redditurum.

1841 1552 2030 1605 Estote
2052 1550 2241 1604 ﬁdeles
2272 1562 2327 1603 et
2352 1550 2480 1602 boni
2507 1548 2767 1603 doctores
2789 1548 2856 1603 ad
2888 1563 3082 1602 omnes
3115 1564 3127 1599 :
3162 1545 3423 1615 corripite

1843 1641 2117 1709 inquietos
2148 1657 2161 1693 :
2194 1640 2456 1708 suscipite
2498 1640 2746 1693 infirmos
2778 1658 2791 1689 :
2826 1640 3099 1707 patientes
3135 1636 3309 1690 estote
3354 1634 3424 1689 ad

1846 1743 2037 1781 omnes
2074 1746 2085 1780 :
2119 1739 2175 1782 et
2201 1736 2435 1796 quantos
2462 1726 2677 1780 fueritis
2710 1728 2928 1788 lucrati.
2962 1741 3061 1792 pro
3087 1724 3252 1777 tantis
3283 1738 3425 1776 mer-

1848 1818 2034 1872 cedem
2065 1817 2347 1886 accipietis
2370 1858 2385 1881 ,
2419 1816 2476 1870 in
2506 1817 2730 1870 nomine
2757 1816 2938 1869 Patris
2960 1825 3015 1869 et
3044 1813 3167 1867 Filii
3197 1820 3254 1867 et
3298 1810 3425 1880 Spi-

1848 1906 1987 1963 ritus
2016 1909 2210 1963 sancti.

851 2078 895 2110 ³¹
930 2077 949 2131 l
987 2075 1113 2133 Cor.
1149 2093 1202 2144 ν,
1230 2078 1315 2133 ll.
1393 2078 1440 2111 ⁸³
1476 2080 1522 2136 ll
1554 2080 1750 2138 Thess.
1777 2098 1856 2149 ιιι,
1897 2084 1986 2140 l5.
2061 2084 2078 2116 '

1777 2098 1856 2149 ιιι,
1897 2084 1986 2140 l5.
2061 2082 2107 2116 ³⁵
2155 2082 2277 2140 Gal.
2306 2098 2382 2146 vt.
2417 2082 2469 2136 1.
2544 2084 2589 2114 ⁸⁵
2628 2081 2829 2136 Psalm.
2867 2097 3004 2145 LVII,
3041 2080 3098 2134 2.

999 2450 1403 2533 REGULA
1477 2454 1716 2533 ALIA
1790 2453 1927 2532 AD
2014 2457 2603 2537 MONACHOS.

761 2796 1146 2860 PREFATIO.

232 2892 373 2948 Cum
419 2890 788 2947 resideremus
827 2894 885 2948 in
932 2911 1101 2949 unum
1147 2897 1203 2950 in
1248 2898 1470 2952 nomine
1525 2900 1739 2957 Domini

163 2984 343 3038 nostri
376 2983 503 3039 Jesu
529 2982 767 3047 Christi.
797 2986 1100 3040 secundum
1124 2988 1477 3045 traditionem
1515 2991 1739 3049 Patrum

164 3085 481 3129 sanctorum
506 3076 786 3138 virorum.
818 3077 999 3131 visum
1046 3088 1133 3133 est
1182 3080 1344 3134 nobis
1389 3084 1742 3138 conscribere

163 3168 249 3221 vel
280 3168 525 3236 regulam
558 3168 816 3223 ordinare
843 3210 857 3233 ,
886 3185 1009 3238 qua:
1040 3169 1094 3223 in
1124 3173 1460 3226 monasterio
1492 3182 1745 3230 teneatur

164 3256 230 3309 ad
274 3256 582 3325 profectum
632 3257 903 3323 fratrum;
936 3268 996 3312 ut
1033 3276 1214 3329 neque
1243 3277 1344 3315 nos
1381 3262 1696 3320 laboremus
1722 3305 1738 3329 .

167 3362 346 3415 neque
392 3356 618 3401 sanctus
667 3351 993 3417 praepositus
1031 3350 1123 3419 qui
1175 3353 1510 3407 constitutus
1556 3364 1639 3408 est
1685 3355 1742 3409 in

166 3438 319 3504 loco;
354 3438 757 3493 dubitationem
799 3438 1038 3507 aliquam
1078 3442 1186 3509 pati
1214 3443 1386 3510 possit
1415 3461 1428 3496 :
1460 3451 1521 3497 ut
1549 3460 1742 3500 omnes

167 3531 467 3590 unanimes,
495 3532 638 3583 sicut
667 3530 930 3599 scriptum
954 3540 1059 3595 est,
1087 3540 1135 3583 et
1152 3549 1316 3585 unum
1345 3527 1637 3587 sentientes
1671 3535 1739 3599 ⁸⁸,

168 3618 401 3671 invicem
432 3620 794 3689 honorantes,
820 3636 884 3674 ea
919 3637 1041 3690 quae
1066 3632 1267 3677 statuta
1298 3632 1426 3677 sunt
1455 3637 1484 3677 a
1507 3625 1743 3681 Domino

163 3708 278 3777 jugi
306 3709 692 3763 observatione
730 3710 1063 3763 custodiant.

167 3818 318 3873 CAP.
365 3818 481 3873 l.-
504 3819 581 3873 De
602 3822 953 3896 unanimitate
981 3823 1274 3896 charitotis.
1304 3831 1353 3877 et
1390 3825 1454 3877 de
1478 3824 1742 3896 diligendo

597 3906 659 3942 ac
684 3890 1087 3959 obtemperando
1124 3894 1319 3947 abbati.

238 3981 378 4033 Ante
401 3981 584 4033 omnia
627 3981 896 4036 habentes
940 3983 1300 4046 charitatem.
1352 3985 1740 4047 humilitatem,

167 4074 512 4143 patientiam.
546 4075 1048 4134 mansuetudinem.
1088 4078 1175 4130 vel
1215 4085 1409 4131 caetera
1436 4094 1557 4147 quae
1584 4080 1743 4132 docet

167 4138 390 4220 sanctus
415 4166 709 4234 Apostolus
737 4168 801 4230 ";
858 4167 933 4221 ita
978 4180 1039 4221 ut
1071 4183 1233 4221 nemo
1256 4138 1555 4238 quidquam
1580 4186 1741 4224 suum
1768 4138 1811 4197 Ο

165 4256 431 4317 vindicet.
464 4256 580 4317 sed.
602 4257 747 4311 sicut
780 4256 1045 4325 scriptum
1075 4266 1159 4311 est
1191 4260 1245 4311 in
1274 4260 1502 4314 Actibus
1530 4268 1748 4329 aposto-

165 4346 371 4409 lorum,
405 4345 646 4400 habeant
676 4348 859 4400 omnia
913 4350 1227 4402 communia
1260 4348 1326 4401 ³⁸.
1366 4349 1460 4403 llle
1489 4365 1622 4403 vero
1651 4349 1745 4418 qui

165 4436 495 4504 praepositus
518 4445 622 4501 est,
647 4438 741 4491 Dei
761 4437 1029 4507 judicium
1052 4446 1107 4492 et
1132 4439 1534 4493 ordinationem
1562 4455 1747 4493 sacer-

165 4526 312 4579 dotis
340 4525 394 4578 in
419 4527 676 4581 omnibus
702 4529 915 4591 timere,
940 4529 1168 4600 diligere
1196 4540 1253 4585 et
1284 4531 1552 4586 obaudire
1586 4532 1749 4585 debet

166 4617 473 4672 secundum
516 4619 801 4673 veritatem
838 4638 850 4672 :
882 4622 1010 4689 quia
1059 4622 1102 4675 si
1133 4622 1260 4691 quis
1310 4623 1464 4676 illum
1501 4632 1659 4691 putat
1690 4638 1748 4678 sc

164 4725 459 4778 spernere,
495 4710 667 4763 Deum
704 4710 952 4779 spernit,
1002 4711 1145 4764 sicut
1185 4712 1447 4781 scriptum
1486 4720 1571 4766 est
1605 4731 1616 4765 :
1646 4711 1749 4776 Qui

164 4816 254 4853 vos
280 4800 449 4860 audit.
482 4815 565 4852 me
588 4800 735 4852 audit
766 4818 783 4853 :
816 4809 863 4853 et
901 4803 988 4869 qui
1014 4818 1100 4854 vos
1128 4804 1349 4871 spernit.
1378 4818 1460 4854 me
1494 4805 1693 4871 spernit
1728 4820 1746 4857 :

164 4898 215 4941 et
242 4889 331 4957 qui
362 4904 444 4939 me
476 4890 695 4957 spernit,
724 4890 922 4957 spernit
948 4905 1065 4941 eum
1091 4891 1179 4958 qui
1204 4905 1286 4941 me
1313 4892 1451 4943 misit
1480 4891 1545 4943 ³⁹.
1578 4891 1654 4943 Ita
1683 4897 1745 4944 ut

163 4979 286 5031 sine
316 4978 489 5046 ipsius
520 4978 803 5031 voluntate
844 4979 1031 5031 nullus
1074 4979 1243 5033 frater
1264 4980 1563 5049 quidquam
1598 4990 1741 5049 agat.

163 5083 348 5136 neque
393 5066 625 5135 accipiat
654 5068 723 5121 ab
753 5068 936 5136 aliquo
964 5069 1170 5137 aliquid
1195 5111 1210 5133 ,
1256 5085 1436 5139 neque
1474 5072 1599 5136 det,
1640 5087 1744 5127 nec

166 5170 400 5229 usquam
432 5170 660 5224 prorsus
684 5155 904 5210 recedat
934 5157 1051 5211 sine
1081 5157 1270 5211 verbo.

1770 2816 1813 2871 Β
1842 2809 2039 2866 Deum.
2067 2809 2129 2865 In
2147 2816 2421 2866 conventu
2443 2810 2688 2864 omnium
2720 2809 2907 2864 nullus
2915 2808 3103 2880 junior
3126 2808 3426 2880 quidquam

1842 2901 1950 2954 nisi
2000 2902 2372 2971 interrogatus
2414 2901 2693 2969 loquatur.
2738 2898 3012 2954 Caeterum
3060 2898 3107 2953 si
3151 2900 3278 2968 quis
3310 2900 3431 2956 vult

1842 2991 2271 3046 consolationem
2295 2992 2545 3061 accipere
2568 2990 2653 3045 vel
2669 2990 2898 3043 verbum
2913 2988 3127 3053 audire,
3150 2997 3426 3045 secretum

1846 3086 1905 3133 et
1929 3088 2303 3149 Opportunum
2338 3088 2554 3148 tempus
2582 3078 2852 3147 requirat.

1841 3190 1991 3245 CAP.
2034 3192 2119 3246 Ill.
2172 3224 2242 3232 —
2296 3192 2360 3246 Ut
2412 3192 2709 3245 advenienti
2764 3191 3083 3261 peregrino,
3132 3188 3267 3244 nihil
3306 3189 3424 3259 plus

1898 3262 2137 3315 exhibeat
2171 3263 2306 3331 quis,
2337 3278 2498 3331 quam
2533 3276 2803 3313 occursum
2826 3260 3079 3313 humilem
3105 3269 3153 3311 et
3181 3275 3384 3328 pacem.

1935 3350 2264 3404 Advenienti
2298 3350 2587 3419 peregrino
2632 3349 2769 3402 nihil
2812 3350 2936 3418 plus
2977 3348 3235 3403 exhibeat
3267 3362 3431 3417 quam

1843 3454 2078 3507 pacem:
2118 3440 2393 3509 reliquum
2442 3454 2553 3492 non
2602 3439 2674 3493 sit
2721 3439 2799 3491 illi
2841 3454 2971 3491 cura
3020 3437 3166 3491 unde
3190 3436 3429 3500 venerit,

1844 3546 1946 3599 pro
1972 3545 2082 3599 quo
2114 3532 2328 3585 venerit
2352 3572 2367 3595 ,
2400 3530 2488 3583 vel
2516 3530 2736 3598 quando
2778 3529 3161 3583 ambulaturus
3194 3528 3265 3582 sit
3285 3568 3300 3591 ,
3330 3543 3433 3581 nec

1842 3637 1904 3677 se
1927 3622 2121 3692 jungat
2151 3621 2217 3675 ad
2251 3620 2463 3675 fabulas
2502 3636 2626 3675 cum
2660 3620 2772 3673 illo.

1842 3733 1995 3789 CAP.
2033 3734 2203 3789 lV.——
2230 3733 2292 3788 Ut
2317 3741 2573 3802 prwsente
2603 3734 2809 3802 seniore
2832 3732 3097 3801 psallendi
3127 3731 3433 3802 loquendive

2074 3840 2078 3845 -
2286 3801 2392 3855 non
2430 3803 2622 3855 habeat
2661 3801 2990 3871 facultatem.

1920 3892 2056 3946 illud
2084 3908 2304 3961 quoque
2335 3892 2743 3945 observandum
2784 3901 2908 3957 est,
2946 3901 3007 3946 ut
3036 3902 3305 3962 praesente
3347 3906 3435 3947 se-

1845 3980 2003 4036 niore
2036 3998 2400 4051 quocunque,
2443 3982 2527 4034 vel
2576 3982 2918 4050 praecedente
2968 3984 3023 4037 in
3056 3984 3251 4037 ordine
3290 3982 3432 4051 psal-

1846 4072 2015 4134 lendi,
2052 4087 2289 4139 sequens
2318 4086 2424 4124 non
2457 4072 2657 4123 habeat
2701 4070 3017 4125 facultatem
3048 4072 3313 4139 loquendi
3344 4072 3431 4125 vel

1845 4165 2050 4234 aliquid
2084 4162 2474 4231 praesumendi,
2522 4162 2628 4215 nisi
2667 4170 2879 4215 tantum
2920 4163 2967 4215 is
2992 4164 3085 4231 qui
3119 4163 3173 4216 in
3213 4162 3431 4228 ordine,

1844 4261 1907 4306 ut
1950 4254 2159 4307 dictum
2194 4262 2315 4317 est,
2351 4252 2665 4320 praecedere
2711 4252 2950 4306 videtur.
2998 4254 3112 4308 Hoc
3153 4268 3328 4323 usque
3363 4253 3432 4308 ad

1846 4346 2015 4398 imum
2047 4353 2173 4398 ante
2202 4343 2386 4397 omnia
2420 4343 2475 4395 in
2500 4342 2770 4407 oratione,
2800 4358 2895 4397 seu
2931 4344 2987 4397 in
3014 4358 3205 4413 opere.
3234 4345 3350 4398 sive
3374 4343 3430 4397 in

1843 4450 2110 4503 responso
2137 4434 2319 4487 dando
2352 4433 2461 4487 erit
2490 4433 2842 4487 servandum.
2876 4434 2932 4488 Si
2967 4449 3103 4489 vero
3127 4434 3431 4504 simplicior

1846 4526 2017 4579 fuerit
2040 4565 2053 4588 ,
2085 4524 2170 4578 vel
2206 4523 2522 4594 impeditior
2571 4539 2827 4579 sermone
2848 4565 2862 4587 ,
2888 4533 2945 4578 et
2976 4524 3191 4579 dederit
3226 4525 3428 4589 locum,

1844 4617 1919 4670 ita
1966 4616 2193 4670 demum
2244 4629 2484 4684 sequens
2538 4615 2824 4683 loquatur.
2880 4613 3074 4669 Omnia
3133 4624 3318 4668 tamen
3373 4616 3428 4668 in

1842 4708 2102 4759 charitate
2118 4706 2257 4775 ﬁant
2282 4706 2352 4770 “,
2383 4722 2495 4760 non
2525 4720 2622 4775 per
2643 4705 3053 4759 contentionem
3082 4705 3169 4760 vel
3189 4704 3427 4774 aliquam

1843 4798 2349 4866 praesumptionem.

1845 4910 1994 4966 CAP.
2036 4910 2099 4963 Ἴ.
2130 4938 2200 4950 -
2229 4909 2303 4962 De
2329 4926 2485 4962 cursu
2524 4909 2781 4962 orationis
2804 4948 2819 4970 ,
2858 4917 2908 4962 et
2960 4908 3102 4961 horis
3135 4906 3392 4977 opsrandi
3412 4947 3429 4972 ,

2149 4996 2211 5033 ac
2250 4979 2312 5030 de
2340 4980 2663 5041 correctione
2696 4978 3133 5048 delinquentium.

1914 5069 2124 5124 Cursus
2180 5083 2313 5122 vero
2357 5070 2668 5123 orationum
2717 5069 2803 5123 vel
2852 5069 3231 5139 psalmorum,
3282 5067 3429 5125 sicut

1848 5159 2058 5213 dudum
2092 5166 2356 5213 statutum
2382 5166 2489 5221 est,
2521 5159 2662 5212 ultra
2699 5166 2915 5227 tempus
2953 5158 3097 5213 istud
3127 5158 3429 5214 meditandi

164 5268 327 5345 CAP._
359 5268 424 5321 ll.
461 5298 531 5308 —
556 5268 621 5323 Ut
647 5285 834 5345 non_se
866 5268 1071 5337 fabellis
1098 5270 1571 5345 vanis_de_struant.
1603 5281 1652 5324 et
1686 5280 1741 5325 ut
1776 5291 1817 5345 ι)
1846 5250 2078 5345 (ξρετεηά

1776 5291 1817 5345 D
1846 5249 2221 5319 operandique
2252 5248 2582 5302 servabitur.
2628 5248 2705 5302 lta
2746 5249 3160 5304 meditationem
3189 5249 3431 5305 habeant

308 5339 363 5389 in
393 5346 648 5391 conventu
672 5339 773 5392 nisi
805 5340 1160 5409 interrogatus
1185 5341 1299 5409 quis
1330 5339 1598 5409 loquatur.

239 5424 606 5481 Observantes
626 5427 792 5481 etiam
820 5427 945 5490 hoc,
984 5437 1044 5481 ut
1064 5443 1172 5481 non
1195 5443 1254 5483 se
1279 5428 1514 5484 invicem
1544 5429 1745 5484 fabulis

163 5516 324 5570 vanis
351 5516 660 5583 destruant,
688 5518 783 5573 sed
820 5519 1198 5588 unusquisque
1218 5534 1359 5589 opus
1380 5535 1539 5574 suum
1573 5521 1745 5586 medi-

167 5616 317 5663 tetur
358 5617 415 5663 et
469 5609 785 5674 custodiat,
831 5617 889 5664 et
933 5610 1297 5679 cogitationes
1344 5609 1547 5665 habeat
1595 5611 1739 5681 apud

1847 5341 2070 5403 fratres,
2105 5350 2165 5394 ut
2186 5354 2360 5407 usque
2384 5339 2451 5393 ad
2478 5340 2668 5393 horam
2698 5340 2992 5395 secundam
3025 5341 3243 5410 legant;
3275 5342 3320 5396 si
3348 5349 3430 5395 ta-

1848 5448 1975 5486 men
2013 5432 2165 5486 nulla
2203 5447 2363 5487 causa
2392 5432 2665 5486 exstiterit
2692 5472 2707 5496 ,
2739 5447 2846 5501 qua
2895 5448 3116 5488 necesse
3158 5434 3232 5488 sit
3259 5434 3426 5487 etiam

1848 5522 2009 5595 2‘7
2031 5524 2399 5593 praetermissa
2424 5522 2781 5577 meditatione
2801 5521 3010 5591 aliquid
3044 5520 3159 5576 fieri
3194 5522 3247 5575 in
3276 5536 3427 5575 com-

1849 5628 2035 5687 mune.
2071 5612 2203 5667 Post
2239 5613 2431 5667 horam
2454 5626 2588 5666 vero
2610 5609 2907 5666 secundam
2942 5612 3323 5679 unusquisque
3354 5608 3424 5663 ιιι

244 5791 289 5824 ³⁸
318 5784 551 5861 Philipp.
586 5808 646 5857 ιι,
673 5792 727 5845 2.
805 5792 850 5824 "
893 5791 1106 5848 Coloss.
1159 5809 1238 5859 ιιι,
1274 5792 1454 5848 ίΞ-Η.
1533 5792 1576 5824 ³⁸
1616 5792 1736 5847 Act.
1768 5806 1842 5858 tv,
1866 5791 1955 5848 52.
2035 5792 2078 5825 ”

1770 5806 1842 5858 tv,
1866 5791 1955 5848 52.
2035 5792 2078 5825 ”
2118 5793 2251 5848 Luc.
2298 5807 2361 5857 ς,
2413 5790 2497 5847 16.
2576 5789 2619 5821 ⁸⁸
2660 5790 2682 5845 ι
2724 5786 2851 5843 Cor.
2903 5802 2993 5843 xw
3021 5826 3036 5852 ,
3076 5786 3165 5843 ιι.
