4258 6358
798 352 906 418 979
1779 353 1886 416 SS-
1915 354 2432 417 MACARIORUM
2464 357 2561 418 ET
2588 357 3014 420 PAPHNUTII
3943 354 4065 417 980

798 478 940 536 opus
969 477 1130 519 suum
1174 468 1395 533 paratus
1423 462 1534 519 sit:
1562 470 1622 520 et
1646 479 1818 535 usque
1840 464 1911 520 ad
1939 465 2134 521 horam
2168 480 2372 520 nonam
2400 467 2454 527 A
2479 470 2834 533 necessitate,
2853 470 2949 525 sed
2974 470 3146 538 magis
3165 469 3297 523 vitio
3319 466 3726 538 procedendum
3756 468 4069 536 putaverit,

798 554 1065 627 quidquid
1096 554 1403 625 iniunctum
1426 553 1595 610 fuerit
1616 596 1633 621 ,
1679 556 1793 609 sine
1830 558 2250 609 murmuratione
2291 554 2375 608 vel
2478 562 2620 617 sciat
2646 577 2728 628 se,
2754 578 2879 618 cum
2909 562 3266 630 deprehensut

2478 562 2620 617 sciat
2646 577 2728 628 se,
2754 578 2879 618 cum
2909 562 3287 630 deprehensus
3319 560 3507 623 fuerit,
3538 558 3871 628 culpabilem
3908 557 4069 627 judi-

798 648 1125 703 hesitatione
1145 646 1191 679 ⁸⁸
1216 647 1467 717 perﬁciat
1492 685 1509 711 ,
1536 647 1681 701 sicut
1709 646 1871 700 docet
1895 656 2118 700 sanctus
2140 647 2375 715 Aposto-
2480 644 2717 709 candiun
2737 693 2753 718 ,
2797 654 2925 722 quia
2975 669 3073 721 per
3117 667 3266 705 suam

2480 644 2753 718 candum,
2797 654 2925 722 quia
2975 669 3073 721 per
3117 667 3273 705 suam
3311 650 3697 720 negligentiam
3748 657 3805 702 et
3833 648 3976 701 alios
4006 648 4070 699 in

796 738 905 793 lus.
940 737 996 793 Si
1021 736 1147 807 quis
1181 747 1365 792 autem
1396 737 1844 802 murmuraverit,
1874 737 1960 791 vel
1998 737 2376 791 contentiosus
2480 745 2678 801 viuum
2703 745 2894 799 miuit.
2948 744 3007 797 In
3033 744 3266 814 νίεὶιίίε‹

2480 745 2678 801 vitium
2703 745 2894 799 mittit.
2948 744 3007 797 in
3033 744 3234 814 vigiliis
3260 741 3665 797 observandum
3694 751 3800 805 est,
3834 740 4071 808 quando

796 827 1093 882 exstiterit.
1118 835 1213 881 aut
1233 841 1517 897 opponens
1546 827 1600 881 in
1621 827 1807 896 aliquo
1829 829 2158 883 contrariam
2184 829 2377 881 volun-
2483 836 2675 891 omnes
2704 837 3058 898 conveniunt,
3100 836 3419 905 quicunque
3458 844 3714 904 gravatur
3753 848 3975 894 somno,
4005 842 4068 887 et

799 926 967 973 tatem
996 916 1300 987 praeceptis,
1329 916 1492 988 digne
1510 925 1796 971 correctus
1824 927 1932 974 tam
1958 919 2050 973 diu
2076 918 2369 982 abstineat,
2482 928 2596 982 ειίι
2636 927 2803 991 [οι-εις,
2848 942 2955 980 non
2988 942 3046 982 se
3082 927 3266 981 rabuli:

2482 928 2596 982 exit
2636 927 2803 991 foras,
2848 942 2955 980 non
2988 942 3046 982 se
3082 927 3284 981 fabulis
3326 936 3580 995 occupet,
3626 925 3721 979 sed
3758 926 3950 979 statim
3980 940 4067 977 re-

798 1023 963 1078 quam
993 1008 1087 1062 diu
1113 1009 1203 1062 vel
1231 1009 1407 1078 culpa:
1434 1008 1670 1076 qualitas
1702 1011 2037 1078 poposcerit,
2066 1011 2149 1064 vel
2176 1026 2235 1064 se
2261 1024 2373 1080 ρω-
2472 1018 2601 1073 deat
2659 1017 2725 1072 ad
2771 1033 2911 1088 opus
2956 1018 3024 1072 ad
3075 1018 3219 1087 quod
3260 1019 3607 1071 convenitur.
3658 1017 3716 1071 In
3762 1031 4071 1085 congrega-

798 1100 1029 1156 nitendo
1054 1100 1432 1154 bumiliaverit
1452 1108 1618 1171 atque
1647 1100 2048 1157 emendaverit.
2080 1100 2377 1157 Correctus
2474 1114 2624 1164 uane
2640 1117 2824 1163 autem
2843 1110 2959 1178 ipsa
2981 1109 3073 1163 ubi
3104 1110 3325 1178 ιρςίιιιιι,
3350 1116 3541 1163 aurem
3571 1122 3791 1176 semper
3815 1106 3884 1160 ad
3914 1106 4067 1161 sui-

797 1200 984 1248 autem
1014 1206 1125 1246 non
1152 1190 1356 1246 audeat
1392 1207 1623 1262 usquam
1666 1192 1947 1248 recedere.
1983 1192 2039 1247 Si
2076 1191 2202 1261 quis
2245 1204 2380 1246 vero
2474 1214 2668 1275 ριιιη,
2687 1204 2945 1268 habeam,
2974 1212 3031 1258 ει
3055 1204 3266 1258 sileam

2477 1214 2668 1275 pturas
2687 1204 2945 1268 habeant,
2974 1212 3031 1258 et
3055 1204 3335 1258 silentium
3364 1203 3664 1257 observent
3691 1216 3907 1255 omnes.

797 1281 867 1336 de
906 1280 1202 1346 fratribus,
1248 1282 1336 1336 vel
1376 1282 1472 1351 qui
1517 1282 1573 1337 in
1602 1282 1848 1337 oratorio
1872 1290 2038 1347 sunt,
2069 1282 2155 1336 vel
2195 1281 2290 1351 qui
2322 1280 2381 1335 in

796 1372 952 1427 cellis
979 1371 1308 1438 consistunt,
1334 1373 1456 1442 ejus
1479 1373 1657 1426 errori
1687 1372 2051 1434 consenserit,
2080 1372 2371 1442 culpabilis

796 1462 927 1523 erit,
952 1470 1117 1530 atque
1151 1461 1718 1515 excommunicatione
1752 1462 2125 1531 dignissimus.

794 1550 945 1606 CAP.
980 1551 1065 1605 Vl.
1091 1580 1163 1591 —
1198 1550 1274 1604 De
1307 1552 1386 1604 his
1408 1553 1498 1621 qui
1518 1551 1588 1604 ad
1616 1567 1741 1622 opus
1772 1551 1867 1605 Dei
1890 1551 2041 1605 tarde
2069 1560 2372 1604 occurrunt.

881 1643 961 1696 Ad
1013 1643 1203 1696 horam
1254 1657 1387 1695 vero
1432 1640 1698 1695 orationis
1749 1642 1877 1696 dato
1937 1642 2093 1711 signo
2147 1642 2191 1695 si
2248 1641 2373 1709 quis

2477 1312 2629 1369 CAP.
2659 1313 2772 1367 VII.
2805 1342 2875 1352 —
2914 1311 2979 1367 Ut
3008 1312 3173 1379 frater
3220 1313 3311 1379 qui
3350 1326 3445 1378 pro
3497 1308 3727 1378 qualibet
3782 1306 3941 1373 culpa
3974 1321 4073 1355 ar-

2547 1385 2745 1506 glyuitur‘,
2771 1383 3087 1450 patientiam
3114 1381 3304 1435 habeat
3329 1396 3347 1445 ;
3375 1387 3425 1433 et
3454 1387 3511 1432 ut
3545 1380 3614 1432 ad
3645 1392 3886 1430 mensam
3914 1390 4071 1427 nemo

2573 1470 2712 1521 aqua
2736 1468 2822 1505 ur.

2552 1544 2667 1599 Hoc
2710 1543 2877 1598 etiam
2928 1539 3240 1596 addendum
3299 1538 3441 1602 fuit,
3495 1548 3557 1591 ut
3596 1538 3768 1591 frater
3816 1534 3914 1603 qui
3966 1548 4071 1602 pro

2480 1635 2728 1707 qualibet
2788 1635 2949 1703 culpa
2996 1632 3242 1703 arguitur
3294 1630 3379 1685 vel
3438 1629 3791 1696 increpatur,
3846 1627 4070 1695 patien-

796 1749 907 1787 non
938 1735 1121 1787 statim
1152 1733 1521 1804 praetermisso
1545 1733 1696 1787 omni
1724 1748 1888 1804 opere
1910 1732 2055 1803 quod
2083 1732 2195 1803 agit
2226 1731 2379 1800 (quia
2415 1771 2455 1825 Β
2487 1730 2617 1782 tiam
2652 1727 2871 1791 habeat,
2903 1733 2961 1779 et
2993 1740 3101 1825 non
3132 1721 3464 1825 respondeat
3492 1718 3749 1789 arguenti
3780 1734 3795 1782 ;
3830 1716 3929 1771 sed
3962 1716 4070 1825 Eu-

796 1824 935 1878 nibil
981 1824 1216 1883 orationi
1273 1824 1701 1894 praeponendum
1749 1823 1856 1891 est)
1906 1836 2127 1893 paratus
2171 1822 2375 1889 fuerit,

796 1914 944 1969 foras
963 1913 1284 1969 excludatur
1301 1914 1742 1970 confundendus.
1761 1913 1994 1983 Operam
2017 1929 2146 1967 vero
2165 1913 2376 1967 dabunt

796 2004 995 2076 singuli
1041 2004 1260 2071 fratres,
1304 2014 1366 2060 ut
1410 2013 1656 2075 tempore
1698 2020 1807 2074 quo
1837 2004 2016 2058 missa!
2055 2003 2167 2073 (‘26)
2201 2002 2375 2066 fiunt,

799 2096 915 2152 sive
946 2096 1053 2161 die,
1087 2097 1205 2151 sive
1234 2106 1415 2162 nocte,
1448 2096 1669 2165 quando
1698 2094 1910 2150 diutius
1964 2094 2031 2147 ad
2072 2097 2377 2147 orationem

800 2188 1054 2242 standum
1087 2197 1174 2242 est
1216 2201 1326 2241 non
1359 2186 1638 2253 deﬁciant,
1681 2187 1767 2241 vel
1804 2185 2082 2256 superfluo
2106 2185 2251 2239 foras
2284 2199 2373 2237 re-

801 2278 1036 2343 cedant;
1072 2278 1199 2348 quia
1233 2278 1499 2347 scriptum
1551 2285 1637 2331 est
1672 2277 1729 2331 in
1776 2276 2069 2346 Evangelio
2104 2293 2116 2328 :
2152 2274 2367 2345 Oportet

801 2375 975 2420 autem
1006 2382 1209 2436 semper
1235 2382 1411 2431 orare,
1438 2374 1488 2420 et
1511 2381 1616 2419 non
1641 2365 1862 2435 deficere
1891 2365 1956 2417 δ’.
1986 2364 2052 2418 Et
2070 2364 2178 2418 alio
2206 2364 2363 2417 loco:

798 2456 918 2513 Non
943 2458 1247 2528 impediaris
1275 2473 1432 2511 orare
1464 2473 1669 2528 semper
1698 2457 1765 2509 “.
1799 2454 1856 2510 Si
1888 2454 2011 2525 quis
2040 2461 2222 2508 autem
2255 2468 2367 2507 non

2489 1815 2666 1869 miliat
2705 1829 2765 1869 se
2810 1814 2865 1868 in
2906 1812 3164 1867 omnibus
3213 1809 3516 1866 secundum
3564 1815 3903 1875 praeceptum
3965 1804 4072 1856 Do-

2487 1903 2621 1958 mini
2654 1902 2889 1956 dicentis
2940 1919 2954 1954 :
3007 1900 3143 1964 Quia
3178 1899 3312 1953 Deus
3352 1897 3632 1952 humilibus
3672 1898 3766 1947 dat
3809 1894 4069 1963 gratiam,

2483 1993 2719 2063 superbis
2765 2000 2943 2044 autem
2967 1991 3160 2043 resistit
3186 1990 3253 2042 “.
3289 1990 3378 2051 Et,
3419 1987 3521 2053 Qui
3552 2003 3608 2040 se
3636 1983 3885 2039 humiliat
3914 1980 4071 2033 exal-

2484 2086 2687 2139 tabitur
2717 2084 2783 2136 “.
2810 2081 2915 2149 Qui
2944 2097 3080 2137 vero
3107 2082 3305 2151 saepius
3334 2088 3617 2149 correptus
3647 2093 3756 2131 non
3792 2090 3852 2130 se
3876 2089 4071 2127 emen-

2479 2172 2727 2236 daverit,
2758 2171 3094 2225 novissimus
3119 2172 3173 2224 in
3205 2170 3397 2224 ordine
3431 2178 3574 2222 stare
3598 2167 3899 2237 iubeatur;
3927 2163 4074 2216 sicut

2478 2263 2743 2319 Dominus
2785 2262 2968 2317 dixit:
3009 2260 3090 2316 Sit
3130 2262 3221 2314 tibi
3270 2262 3401 2314 sicut
3451 2261 3685 2313 ethnicus
3718 2266 3768 2310 et
3828 2254 4069 2325 publica-

2479 2373 2578 2411 nus
2605 2356 2671 2409 ⁸⁸.
2713 2354 2795 2411 Ad
2825 2368 3069 2409 mensam
3095 2362 3277 2407 autem
3309 2352 3619 2421 specialiter
3656 2348 3839 2403 nullus
3878 2347 4072 2413 loqua-

2478 2455 2588 2514 tur,
2626 2448 2734 2504 nisi
2760 2446 2854 2517 qui
2887 2452 3106 2517 prazest,
3131 2443 3218 2499 vel
3244 2444 3338 2513 qui
3366 2444 3731 2511 interrogatus
3750 2440 3939 2494 fuerit.

866 2610 913 2643 “
952 2610 1187 2678 Philipp.
1233 2625 1293 2675 ιι,
1331 2608 1419 2662 η.
1495 2610 1543 2641 δ’
1580 2607 1888 2671 Luc.xvnt,
1924 2605 1977 2660 l.
2051 2603 2098 2635 "
2136 2602 2307 2658 Eccli.
2349 2616 2500 2667 xvm,
2523 2599 2612 2654 22.
2687 2598 2736 2630 “
2774 2599 2796 2654 l
2830 2598 2978 2653 Petr.
3014 2612 3068 2661 v,
3108 2596 3162 2650 5.
3237 2596 3282 2626 ⁵³
3320 2594 3454 2649 Luc.
3482 2608 3592 2657 xlv,
3628 2591 3714 2645 ll.
3789 2591 3835 2623 “
3874 2589 4072 2645 Matth.

798 2696 951 2743 xvut,
979 2680 1071 2734 27.

867 2831 981 2902 (26)
1020 2831 1215 2887 Missa.
1264 2830 1552 2904 Orationes
1590 2839 1653 2904 _et
1700 2828 1943 2904 collectae
1988 2840 2127 2904 qua}.
2172 2823 2228 2877 in
2277 2822 2385 2876 line

798 2894 999 2958 versus
1049 2919 1080 2955 a
1126 2902 1413 2956 sacerdote
1463 2900 1791 2954 dicebantur
1836 2897 1997 2951 dictae
2056 2894 2267 2958 Μίδεω,
2318 2907 2386 2947 eo

800 2973 946 3042 quod
998 2972 1111 3026 Deo
1145 2970 1322 3042 missae
1364 2967 1846 3042 sint.__Aliquando
1903 2965 2246 3042 accipiuntur
2273 2976 2387 3042 pro

803 3031 954 3096 boris
980 3041 1260 3097 canonicis
1287 3049 1344 3095 et
1383 3031 1660 3093 cursibus'
1684 3035 1969 3091 nocturnis
1996 3031 2037 3100 ,“
2067 3042 2229 3103 prout
2273 3031 2381 3085 hic.

2494 2820 2971 2877 Videllenardum
3002 2818 3067 2873 ad
3098 2816 3367 2873 Concord.
3404 2816 3598 2887 regul.,
3630 2832 3749 2886 pag.
3781 2816 3911 2882 33l,
3947 2817 4073 2879 376,

2493 2894 2621 2953 377,
2655 2892 2749 2957 qui
2780 2891 2915 2943 alias
2930 2888 3336 2943 declarationes
3359 2886 3539 2943 affert.
3572 2887 3864 2954 liensum,
3897 2889 3953 2942 in
3980 2887 4074 2941 In-

2494 2964 2620 3015 dict.
2646 2960 2849 3013 declar.
2887 2976 2941 3013 v.
2978 2959 3177 3012 MISSE.

806 3244 4054 3280 _______________________________________________

1544 3391 1945 3473 REGULA
2020 3382 2408 3471 TERTIA
2487 3387 2619 3462 AD
2679 3384 3266 3463 MONACHOS.

1186 3739 1411 3794 CAPUT
1445 3740 1486 3793 l.
1519 3766 1592 3779 —-
1622 3738 1700 3792 De
1728 3741 2009 3793 conversis.

876 3848 1009 3910 Cum
1030 3849 1083 3903 in
1112 3850 1332 3902 nomine
1354 3847 1568 3901 Domini
1596 3863 1702 3900 una
1733 3862 1857 3901 cum
1889 3846 2151 3901 fratribus
2180 3848 2383 3899 nostris

801 3939 1548 4008 convenissemus,imprimis
1561 3940 1763 4008 placuit
1784 3948 1843 3993 ut
1858 3940 2042 4007 regula
2063 3948 2118 3993 et
2136 3939 2383 3992 instituta

804 4033 1024 4089 Patrum
1050 4047 1147 4100 per
1166 4030 1414 4084 ordinem
1447 4030 1762 4100 legerentur
1789 4047 1803 4084 :
1855 4031 2057 4099 quibus
2084 4031 2239 4085 lectis
2265 4030 2385 4099 pla-

803 4123 939 4185 cuit,
958 4121 1002 4176 si
1024 4120 1091 4175 de
1116 4120 1316 4175 saeculo
1343 4120 1465 4189 quis
1490 4120 1543 4174 in
1564 4120 1898 4175 monasterio
1927 4120 2169 4174 converti
2196 4120 2386 4173 volue-

803 4212 898 4278 rit,
922 4212 1108 4282 regula
1135 4212 1186 4267 ei
1236 4212 1535 4266 introeunti
1562 4214 1789 4281 legatur,
1807 4220 1863 4266 et
1888 4226 2079 4265 omnes
2096 4219 2250 4265 actus
2270 4226 2387 4264 mo-

803 4304 1030 4358 nasterii
1062 4302 1137 4356 illi
1162 4303 1438 4372 pateﬁant.
1460 4303 1613 4369 Quod
1641 4304 1685 4357 si
1714 4305 1897 4357 omnia
1915 4311 2038 4373 apte
2061 4302 2385 4372 susceperit,

803 4393 886 4448 sic
913 4392 1076 4461 digne
1102 4409 1131 4447 a
1159 4394 1418 4447 fratribus
1448 4394 1501 4446 in
1530 4394 1724 4448 cellula
1767 4393 2097 4463 suscipiatur
2133 4409 2144 4443 :
2199 4402 2311 4447 tum
2340 4392 2386 4447 si

804 4483 1045 4552 aliquam
1082 4484 1139 4536 in
1168 4485 1418 4537 cellulam
1436 4485 1673 4539 voluerit
1701 4484 1906 4538 inferre
1930 4485 2313 4548 substantiam,
2333 4486 2386 4538 in

808 4589 997 4627 mensa
1032 4584 1267 4643 ponatur
1300 4590 1481 4628 coram
1513 4576 1769 4630 omnibus
1802 4575 2090 4641 fratribus,
2125 4578 2277 4630 velut
2304 4592 2389 4629 re-

814 4667 941 4736 gula
971 4667 1235 4721 continet.
1272 4665 1427 4731 Quod
1460 4667 1503 4719 si
1536 4676 1823 4736 susceptus
1845 4667 2032 4730 fuerit,
2069 4683 2179 4721 non
2211 4668 2387 4721 solum

807 4757 877 4809 de
929 4756 1231 4810 substantia
1274 4772 1437 4825 quam
1487 4756 1693 4821 intulit,
1740 4757 1835 4812 sed
1867 4757 2030 4811 etiam
2083 4774 2183 4813 nec
2230 4758 2297 4813 de
2330 4773 2389 4812 se

814 4846 933 4913 ipso
960 4846 1029 4900 ab
1056 4846 1148 4899 illa
1169 4846 1438 4916 judicabit
1470 4847 1625 4900 hora.

836 4935 987 4991 CAP.
1021 4936 1083 4991 ll.
1127 4966 1196 4976 —
1236 4935 1301 4991 Ut
1348 4935 1509 4990 abbas
1536 4937 1667 4991 nihil
1691 4940 1787 4992 sibi
1812 4940 2084 5009 proprium
2115 4940 2356 4993 vindicet.

2646 3736 2799 3793 CAP.
2832 3738 2921 3793 Ill.
2960 3768 3031 3778 —
3068 3739 3144 3792 De
3190 3741 3507 3794 vestimentis
3538 3740 3940 3796 monachorum.

2560 3850 2896 3905 Vestimenta
2916 3866 3046 3905 vero
3062 3852 3325 3905 fratribus
3343 3853 3649 3907 necessaria
3674 3853 3748 3906 ita
3769 3852 3946 3907 abbas
3965 3868 4078 3906 om-

2492 3942 2658 3995 nibus
2670 3941 2927 3995 ordinare
2942 3942 3126 4007 debet,
3144 3958 3267 4012 qua:
3290 3944 3571 3997 monachis
3588 3944 3849 4006 deceant;
3872 3961 3983 3997 non
3999 3944 4079 3998 di—

2492 4030 2668 4083 versis
2697 4030 2977 4083 coloribus
2994 4033 3183 4097 tincta,
3199 4032 3446 4100 exceptis
3461 4033 3693 4086 cucullis
3712 4048 3835 4101 quae
3854 4049 4079 4101 compan

2492 4128 2703 4183 rantur,
2736 4122 2789 4174 si‘
2816 4120 3025 4174 fuerint
3052 4121 3243 4191 nigrm,
3265 4122 3343 4175 uti
3378 4137 3472 4175 eas
3501 4120 3703 4175 debere
3732 4137 4048 4175 censemus.

2530 4233 2682 4289 CAP.
2724 4234 2812 4289 IV.
2866 4263 2936 4274 —-
2980 4233 3045 4289 Ut
3090 4234 3240 4289 nulla
3294 4232 3485 4287 mulier
3544 4234 3614 4289 ad
3669 4226 4067 4288 monasterium

2721 4325 2803 4380 rel
2855 4342 3044 4393 agrum
3111 4328 3485 4379 monachorum
3546 4328 3781 4381 accedat.

2566 4396 3010 4451 Familiaritatem
3052 4396 3364 4459 mulierum,
3408 4407 3515 4451 tam
3564 4406 3890 4465 parentum,
3920 4412 4082 4467 quam

2495 4498 2878 4543 extranearum
2901 4504 3001 4557 pro
3040 4490 3393 4543 custodienda
3427 4490 3558 4555 vita,
3578 4489 3741 4561 248
3767 4492 3854 4545 vel
3890 4508 4085 4547 caven-

2495 4579 2581 4633 dis
2604 4580 2813 4647 laqueis
2837 4579 3063 4639 diaboli,
3089 4579 3157 4631 ab
3174 4580 3430 4633 omnibus
3450 4581 4085 4635 monasteriisvelcultn—

2497 4672 2571 4724 ris
2588 4671 3002 4735 monachorum;
3016 4686 3111 4725 seu
3127 4670 3617 4739 frequentationem
3638 4674 4034 4728 monachorum
4055 4690 4085 4728 a

2496 4760 2845 4813 monasteriis
2863 4760 3186 4828 puellarum,
3206 4761 3347 4814 sicut
3366 4762 3549 4831 regula
3565 4762 3742 4825 docet,
3760 4764 4080 4831 prohibere,

2497 4866 2808 4905 censemus.
2850 4851 3042 4920 Neque
3073 4852 3184 4905 ulla
3231 4853 3427 4906 mulier
3461 4853 3692 4908 interius
3721 4855 3923 4908 atrium
3961 4872 4082 4910 mo-

2499 4942 2726 4996 nasterii
2772 4941 2985 5011 ingredi
3031 4942 3251 4996 audeat.
3285 4942 3439 5007 Quod
3476 4944 3519 4997 si
3562 4960 3686 4999 cum
3728 4946 3960 4999 consilio
3993 4948 4078 4999 vel

882 5027 1090 5101 Abbati.
1140 5042 1275 5082 vero
1320 5029 1459 5083 nulli
1485 5029 1649 5083 liceat
1685 5030 1788 5084 sibi
1822 5030 2123 5100 quidquam
2166 5030 2389 5100 proprie
2425 5056 2470 5113 υ
2499 5035 2781 5089 voluntate
2821 5033 3037 5087 abbatis
3070 5035 3463 5089 monasterium
3493 5037 3580 5091 vel
3630 5037 3856 5091 cellulas
3886 5054 4079 5092 mona-

808 5116 1111 5183 vindicare,
1161 5132 1285 5171 cum
1336 5121 1520 5173 omnia
1564 5120 1675 5174 Deo
1708 5120 1949 5190 propitio
1996 5122 2051 5175 in
2080 5122 2229 5176 illius
2277 5136 2394 5176 ma-

808 5220 974 5261 neant
1015 5216 1301 5279 potestate.
1360 5207 1414 5262 Si
1450 5210 1572 5277 quis
1596 5226 1747 5275 vero,
1780 5211 1928 5280 quod
1976 5211 2029 5266 in
2078 5214 2263 5283 regula
2302 5214 2391 5283 ju-

807 5297 1057 5351 nioribus
1080 5298 1425 5366 prohibetur,
1454 5300 1558 5353 sibi
1586 5301 1791 5370 aliquid
1818 5318 1885 5357 cx
1928 5305 2272 5359 successione
2297 5320 2390 5373 pa-

812 5394 1052 5449 rentum,
1079 5401 1172 5440 seu
1196 5387 1444 5455 quolibet
1474 5388 1674 5443 donato
1693 5391 1930 5446 retinere
1958 5397 2384 5462 praesumpserit,

812 5484 872 5529 et
924 5491 1033 5529 non
1079 5476 1264 5529 omnia
1310 5477 1364 5530 in
1405 5494 1695 5533 commune
1742 5483 2087 5549 posuerit,_a
2126 5483 2389 5537 fratribus

813 5576 1092 5636 arguatur.
1141 5567 1197 5623 Si
1242 5568 1299 5624 in
1337 5571 1472 5625 vitio
1522 5573 1850 5641 perstiterit,
1898 5576 1952 5628 in
1987 5577 2236 5629 notitiam
2266 5578 2386 5647 epi-

814 5657 963 5726 scopi
998 5656 1279 5712 deferatur
1306 5676 1320 5713 :
1347 5661 1442 5729 qui
1470 5661 1516 5715 si
1558 5661 1627 5715 ab
1674 5662 1936 5734 episcopo
1959 5676 2244 5735 correptus
2284 5684 2386 5723 nec

814 5746 893 5801 sic
918 5747 1317 5817 emendaverit,
1350 5750 1676 5822 deponatur.

2503 5124 2732 5179 chorum
2760 5124 3007 5194 quaedam
3038 5123 3207 5178 fuerit
3236 5125 3498 5195 ingressa,
3527 5128 3726 5181 merito
3754 5128 3888 5198 ipsis
3910 5129 4081 5183 abbas

2496 5225 2554 5271 et
2582 5230 2785 5271 nomen
2832 5215 3048 5269 abbatis
3073 5225 3324 5284 reponat,
3364 5226 3421 5272 et
3450 5218 3763 5272 inferiorem
3796 5233 3853 5272 se
3897 5220 4080 5272 omni-

2498 5307 2601 5361 bus
2622 5306 2955 5378 presbyteris
2981 5317 3336 5377 recognoscat
3361 5326 3373 5362 :
3400 5309 3526 5378 quia
3562 5310 3685 5364 talis
3711 5319 3901 5363 sancto
3932 5309 4078 5380 gregi

2498 5398 2741 5469 praeponi
2790 5397 2975 5463 debet,
3022 5398 3114 5467 qui
3148 5414 3243 5453 eos
3290 5398 3667 5453 immaculalos
3713 5400 3825 5453 Deo
3875 5399 4079 5453 oﬂ‘erre

2499 5498 2792 5561 procuret;
2840 5504 2950 5543 non
2998 5505 3097 5559 per
3125 5489 3400 5558 quaslibet
3428 5488 3823 5543 familiaritates
3854 5488 4077 5543 diabolo

2498 5582 2712 5638 sociare
2731 5580 2973 5636 festinet.

2526 5675 2677 5730 CAP.
2719 5676 2781 5729 ν.
2814 5705 2879 5716 -
2912 5674 2985 5728 De
3012 5673 3230 5727 lectione
3252 5681 3301 5726 et
3317 5673 3622 5743 operatione
3641 5674 4039 5728 monachorum.

2568 5766 2835 5819 Matutino
2896 5765 3044 5821 dicto
3109 5764 3306 5819 fratres
3362 5763 3585 5817 lectioni
3644 5770 3842 5816 vacent
3900 5778 4071 5831 usque
