4258 6358
252 389 356 452 981

1437 404 1647 467 REGU
1657 407 1746 466 LA
1809 407 1910 468 AD
1940 408 2367 471 MONACHOS.

3397 412 3504 474 982

254 494 325 548 ad
353 494 542 548 horam
568 499 862 553 secundam
894 518 906 553 :
939 502 984 557 si
1014 512 1194 559 tamen
1228 506 1378 560 nulla
1411 522 1572 563 causa
1601 510 1826 566 exstite-
1854 519 1900 575 Α
1925 512 2074 570 CAP.
2110 514 2202 570 XI.
2242 546 2312 556 —
2353 514 2417 571 Ut
2466 515 2626 570 abbas
2663 532 2783 570 cum
2828 516 3080 586 fratribus
3124 518 3325 587 reﬁciat
3373 523 3515 575 omni

252 586 352 649 rit,
385 603 491 655 qua
522 604 743 643 necesse
777 591 846 645 sit
875 593 1038 647 etiam
1071 596 1435 664 prmtcrmissa
1468 600 1702 655 lectione
1732 602 1833 655 ali-

254 679 391 746 quid
418 680 535 733 fieri
562 680 616 733 in
639 697 949 738 commune.
987 687 1114 740 Post
1136 689 1325 743 horam
1350 692 1640 745 secundam
1666 707 1835 748 unus-

256 769 493 837 quisque
520 770 587 823 ad
628 787 765 840 opus
802 789 960 828 suum
990 788 1209 845 paratus
1248 781 1319 834 sit
1346 796 1518 851 usque
1542 782 1607 835 ad
1640 783 1833 837 horam
1929 799 2062 853 pore
2115 800 2239 841 cum
2277 785 2538 841 fratribus
2584 787 2835 842 reficiant

258 875 461 913 nonam
496 880 507 913 :
543 864 689 931 quod
741 866 1048 937 injunctum
1119 873 1306 939 fuerit,
1362 872 1489 928 Siue
1529 892 1834 930 murmura-

259 952 402 1003 tione
437 952 682 1020 perﬁciet
711 957 778 1009 ".

258 1059 413 1113 CAP.
449 1060 533 1115 VI.
556 1092 625 1101 —
647 1062 723 1115 De
751 1065 827 1118 his
852 1068 942 1136 qui
965 1066 1035 1120 ad
1066 1084 1193 1139 opus
1229 1070 1327 1125 Dei
1353 1073 1503 1127 tarde
1533 1088 1834 1133 occurrunt.

332 1155 413 1208 Ad
462 1156 651 1211 horam
703 1175 833 1214 vere
880 1163 1145 1219 orationis
1191 1165 1317 1220 dato
1369 1169 1546 1239 signo,
1590 1172 1685 1241 qui
1729 1190 1839 1229 non

261 1249 445 1301 statim
490 1252 856 1319 praetermisso
908 1257 1055 1308 omni
1109 1273 1275 1326 opere
1330 1261 1477 1330 quod
1529 1265 1639 1333 agit
1692 1267 1843 1334 (quia

260 1338 403 1392 nihil
436 1341 671 1395 orationi
702 1351 1130 1413 praeponendum
1161 1352 1266 1416 est)
1297 1362 1517 1419 paratus
1550 1355 1734 1419 fuerit,
1769 1356 1839 1410 ab

260 1428 463 1483 abbate
490 1432 575 1484 vel
604 1434 893 1501 praeposito
913 1438 1278 1505 corripiatur:
1311 1448 1369 1495 et
1397 1442 1501 1496 nisi
1530 1453 1838 1513 prostratus

258 1517 479 1569 veniam
510 1520 748 1585 petierit,
785 1525 1315 1580 excommunicetur.

473 1604 624 1661 CAP.
666 1608 777 1662 VII.
815 1641 884 1648 —
924 1612 998 1664 De
1021 1613 1231 1668 silentio
1254 1617 1325 1669 ad
1350 1634 1606 1673 mensam.

334 1694 415 1747 Ad
462 1712 701 1751 mensam
755 1709 936 1755 autem
987 1705 1299 1772 specialiter
1333 1710 1517 1764 nullus
1558 1711 1834 1781 loquatur,

260 1783 367 1837 nisi
414 1786 506 1852 qui
539 1796 755 1853 praeest,
792 1792 875 1845 vel
903 1792 995 1860 qui
1024 1795 1389 1866 interrogatus
1415 1799 1601 1855 fuerit.

292 1892 444 1947 CAP.
488 1896 622 1949 VIII.
662 1927 732 1936 —
773 1897 837 1976 U_t
894 1902 965 1953 ad
991 1906 1311 1976 _necessaria
1371 1910 1653 1976 quwrenda
1699 1911 1806 1964 bini

748 1968 828 2021 vel
862 1973 1000 2023 terni
1034 1974 1331 2026 mittantur.

330 2051 415 2106 Ad
438 2058 745 2110 necessaria
772 2060 1064 2126 quaerenda
1096 2063 1148 2115 in
1174 2064 1391 2129 cellula,
1418 2065 1528 2119 bini
1553 2069 1841 2137 egredian-

258 2155 353 2198 tur
399 2145 485 2199 vel
546 2147 689 2200 terni
723 2147 919 2204 fratres
956 2169 968 2203 :
1006 2162 1062 2205 et
1104 2153 1178 2206 ita
1204 2154 1302 2220 illi,
1330 2156 1533 2223 quibus
1574 2160 1836 2227 creditur,

256 2251 369 2289 non
416 2236 511 2304 qui
546 2238 935 2294 verbositatem
971 2251 1067 2295 aut
1108 2245 1288 2313 gulam
1319 2256 1622 2304 sectantur.

258 2347 416 2403 CAP.
470 2350 561 2405 IX.
616 2380 687 2390 -—
742 2351 807 2407 Ut
856 2370 1117 2432 nusquam
1171 2359 1283 2411 sine
1318 2369 1581 2432 praecepto
1618 2366 1839 2419 senioris

868 2427 1226 2495 egrediantur.

330 2528 387 2583 Si
422 2530 545 2598 quis
583 2546 712 2586 vero
738 2542 893 2588 extra
932 2536 1325 2592 conscientiam
1354 2540 1572 2597 abbatis
1588 2544 1673 2598 vel
1704 2559 1840 2613 pras-

254 2620 446 2689 positi,
494 2623 927 2694 qualemcunque
982 2628 1159 2681 locum
1218 2631 1516 2700 ingressus,
1578 2636 1717 2705 gula:
1754 2638 1839 2691 vel

254 2711 513 2765 ebrietati
563 2728 621 2767 se
660 2716 982 2781 sociaverit;
1041 2729 1136 2773 aut
1188 2720 1234 2775 si
1282 2722 1337 2776 in
1380 2726 1627 2791 proximo
1663 2736 1842 2783 trans-

255 2803 482 2865 missus,
526 2820 624 2874 pro
663 2821 759 2860 sua
798 2807 1019 2863 levitate
1051 2811 1135 2865 vel
1183 2813 1328 2881 gula.
1363 2830 1473 2869 non
1511 2818 1696 2871 statim
1747 2834 1842 2872 ex-

254 2895 445 2963 pedita
501 2899 827 2953 necessitate
868 2901 935 2955 ad
976 2903 1168 2956 cellam
1214 2904 1482 2973 redierit;
1516 2924 1640 2963 cum
1687 2910 1742 2963 in
1787 2911 1841 2965 id

255 2985 479 3041 facinus
506 2988 673 3041 fuerit
705 2991 973 3055 detectus,
1018 3005 1078 3047 ut
1106 3009 1343 3050 canones
1384 2998 1603 3063 docent,
1630 3010 1724 3054 aut
1753 3002 1842 3055 tri-

258 3079 413 3147 ginta
458 3080 655 3135 dicbus
703 3098 732 3135 a
781 3085 1167 3142 communione
1216 3100 1520 3157 separetur,
1552 3102 1645 3146 aut
1671 3094 1839 3164 virgis

258 3184 438 3224 caesus
467 3173 811 3228 emendetur.

258 3278 415 3335 CAP.
457 3281 525 3335 Χ.
556 3314 625 3323 —
650 3284 726 3337 De
749 3286 826 3339 his
848 3288 938 3356 qui
955 3288 1016 3341 de
1044 3294 1365 3345 monasterio
1390 3294 1535 3346 exire
1560 3295 1838 3351 uoluerint.

336 3393 493 3457 Quod
525 3394 570 3448 si
618 3410 747 3449 casu
785 3398 907 3465 quis
956 3398 1123 3452 frater
1150 3400 1217 3454 de
1261 3401 1455 3456 cellula
1493 3417 1559 3456 ex
1599 3405 1842 3473 qualibet

264 3483 511 3537 scandali
570 3500 733 3539 causa
779 3488 928 3541 exire
974 3490 1227 3553 voluerit,
1286 3492 1423 3545 nihil
1471 3494 1692 3562 penitus
1734 3497 1837 3552 nisi

263 3574 624 3642 nugalissimo
678 3577 786 3643 (9.7)
845 3578 1105 3632 induatur
1160 3583 1524 3648 vestimento,
1584 3594 1639 3638 et
1690 3597 1841 3641 extra

264 3669 711 3723 communionem
746 3669 983 3726 infidelis
1014 3671 1275 3726 discedat.

339 3822 384 3853 ιτ
409 3822 649 3893 Philipp.
685 3840 741 3888 ιι,
778 3826 864 3878 tt.

343 3980 457 4048 (ετ)
496 3980 875 4053 Ναραιίεεὶιηο.
902 3982 960 4037 Id
984 3992 1087 4045 est,
1125 3985 1272 4053 quod
1308 3985 1477 4039 risum
1517 3997 1847 4042 moveatoc-

268 4051 1020 4127 currentibusLinterprete
1058 4051 1282 4127 Cangio,
1333 4058 1447 4127 qui
1474 4056 1620 4110 hunc
1665 4059 1844 4127 ipsum

267 4122 467 4194 recilat
524 4121 577 4194 in
621 4120 871 4175 Glossarf
894 4139 947 4177 v.
977 4120 1393 4194 Nugalissimus.
1439 4126 1646 4181 Eodem
1678 4120 1843 4182 sensu

267 4190 649 4251 accipiendum
672 4190 1469 4263 notatissimum'vestimentum,
1506 4198 1660 4264 cujus
1684 4214 1837 4252 men-

2606 595 2861 657 tempore.

2000 695 2141 750 Illud
2201 709 2419 765 quoque
2460 696 2774 761 statuimus,
2811 706 2870 751 ut
2914 698 3138 752 abbates
3182 698 3329 752 omni
3376 707 3514 753 tem-

2885 806 2897 841 :
2961 788 3088 857 quia
3133 804 3199 842 eo
3244 798 3509 857 tempore,

1934 892 2045 945 quo
2074 877 2275 932 fratres
2310 886 2404 930 aut
2449 893 2548 947 pro
2576 880 2905 948 negligentia
2940 895 3188 950 arguere,
3216 890 3311 934 aut
3348 881 3511 950 spiri-

1933 969 2066 1022 tuali
2092 969 2294 1023 debent
2320 984 2570 1024 sermone
2596 971 2845 1025 imbuere
2866 1010 2880 1035 ,
2907 972 3113 1041 absque
3142 982 3292 1027 certa
3319 987 3515 1027 neces-

1938 1058 2093 1114 sitate
2128 1074 2186 1113 se
2217 1074 2498 1114 removere
2529 1075 2638 1115 non
2669 1060 2888 1116 debent.

1970 1171 2121 1228 CAP.
2161 1172 2276 1227 XII.
2318 1204 2385 1214 -—
2428 1174 2490 1228 Ut
2539 1175 2715 1228 nullus
2762 1176 3043 1229 monachus
3076 1175 3129 1228 in
3170 1174 3483 1242 inﬁrmitate

2152 1245 2347 1312 positus
2372 1255 2652 1313 parentum
2684 1246 2855 1298 studio
2880 1246 3288 1300 commendetur.

2009 1334 2067 1388 Id
2090 1335 2252 1387 etiam
2285 1350 2386 1403 pro
2419 1336 2779 1389 custodienda
2808 1336 2947 1388 fama
2980 1336 3290 1404 specialiter
3322 1336 3515 1390 statui-

1934 1441 2078 1490 mus,
2106 1434 2164 1478 ut
2196 1426 2381 1479 nullus
2407 1426 2707 1479 monachus
2737 1427 2792 1479 in
2828 1426 3147 1480 inﬁrmitate
3183 1426 3396 1495 positus
3425 1442 3514 1480 re-

1932 1517 2063 1570 licto
2091 1517 2424 1570 monasterio
2450 1528 2737 1586 parentum
2771 1533 2994 1573 suorum
3017 1519 3203 1573 studio
3233 1534 3514 1573 commen-

1934 1609 2096 1664 detur
2129 1628 2141 1662 :
2177 1609 2305 1678 quia
2349 1610 2521 1678 magis
2552 1624 2677 1662 eum
2705 1609 3044 1662 smcularium
3080 1610 3515 1677 spectaculorum

1934 1701 2055 1754 visu
2083 1710 2177 1755 aut
2215 1699 2403 1754 auditu
2434 1699 2603 1768 pollui
2637 1714 2943 1763 censemus,
2991 1716 3154 1769 quam
3200 1700 3268 1754 ab
3295 1701 3517 1770 aegritu-

1875 1778 1914 1830 Β
1944 1794 2071 1847 dine
2100 1808 2259 1861 posse
2288 1792 2529 1863 purgari.

2100 1883 2249 1937 CAP.
2290 1882 2428 1937 XIII.
2471 1912 2542 1924 —
2577 1882 2653 1935 De
2676 1885 2753 1937 his
2779 1884 2866 1951 qui
2898 1883 3094 1951 furtum
3126 1884 3344 1953 faciunt.

2016 1974 2070 2029 Si
2093 1976 2217 2044 quis
2242 1990 2371 2029 vero
2393 1975 2693 2028 monachus
2710 1973 2914 2027 furtum
2934 1975 3144 2038 fecerit,
3170 1976 3313 2043 quod
3337 1978 3518 2044 potius

1942 2066 2287 2133 sacrilegium
2316 2064 2421 2118 dici
2448 2072 2647 2133 potest,
2686 2064 2737 2117 id
2772 2065 3087 2119 censuimus
3115 2066 3514 2132 ordinandum;

1943 2164 2003 2208 ut
2034 2156 2221 2223 junior
2244 2155 2413 2224 virgis
2436 2170 2608 2208 caesus
2648 2156 2781 2209 tanti
2813 2156 3061 2209 criminis
3084 2173 3210 2211 rcus
3239 2174 3517 2228 nunquam

1938 2244 2178 2299 ollicinm
2209 2245 2498 2298 clericatus
2519 2245 2793 2313 excipiat;
2830 2247 2873 2299 si
2912 2262 3045 2300 vero
3070 2248 3177 2315 jam
3208 2249 3440 2304 clericus
3462 2252 3516 2305 in

1940 2334 1992 2387 id
2026 2334 2240 2390 facinus
2265 2336 2846 2407 fueritdeprehensus,
2876 2340 3114 2393 nominis
3140 2340 3310 2408 ipsius
3344 2343 3520 2413 iligni-

1939 2434 2051 2482 tate
2068 2429 2312 2497 privetur
2341 2447 2352 2482 :
2382 2430 2470 2483 cui
2490 2430 2735 2484 suilicere
2759 2440 2939 2499 potest
2968 2447 3068 2500 pro
3097 2444 3251 2487 actus
3273 2436 3356 2489 sui
3388 2436 3522 2489 levi-

1940 2529 2071 2583 tate,
2105 2522 2322 2591 impleta
2355 2524 2688 2593 poenitentia:
2716 2527 3107 2590 satisfactione,
3142 2530 3481 2585 communio.

1938 2612 2089 2668 CAP.
2128 2614 2268 2669 XIV.
2331 2645 2402 2655 —
2463 2616 2527 2670 Ut
2566 2617 2741 2670 nullus
2786 2619 3003 2672 alterius
3050 2625 3359 2675 monasterii
3404 2640 3519 2676 mo-

2126 2687 2349 2737 nachum
2390 2687 2503 2739 sine
2542 2691 2794 2757 permissu
2832 2689 3033 2743 abbatis
3062 2694 3334 2754 suscipiat.

2007 2774 2332 2830 Monachum
2379 2778 2488 2831 nisi
2533 2779 2748 2833 abbatis
2771 2782 2853 2833 sui
2883 2791 2976 2834 aut
3006 2784 3273 2850 permissu
3307 2793 3401 2839 aut
3428 2800 3524 2839 vo-

1938 2865 2148 2919 luntate
2173 2868 2238 2921 ad
2264 2868 2414 2921 aliud
2436 2870 2828 2924 monasterium
2848 2873 3318 2940 commigrantem,
3339 2874 3523 2929 nullus

1939 2957 2109 3011 abbas
2144 2968 2238 3012 aut
2266 2959 2547 3028 suscipere
2580 2970 2675 3014 aut
2705 2962 2939 3016 retinere
2963 2973 3273 3031 praesumat.
3295 2964 3447 3030 Quod
3476 2968 3521 3022 si

1864 3037 1908 3098 C
1942 3047 2008 3100 ad
2039 3048 2428 3103 districtiorem
2463 3052 2704 3119 regulam
2736 3069 2842 3107 non
2866 3069 2966 3122 pro
3006 3062 3173 3109 actus
3190 3056 3274 3129 sui
3301 3056 3521 3110 levitate

1938 3139 2252 3194 tendentem
2284 3142 2454 3196 abbas
2479 3159 2611 3196 suus
2658 3145 2834 3214 ipsum
2885 3146 2949 3200 ad
2981 3145 3215 3201 alterum
3240 3132 3523 3204 monaste-

1937 3228 2081 3281 rium
2111 3230 2343 3283 transire
2389 3232 2725 3299 permiserit,
2751 3236 2811 3286 ut
2843 3234 2969 3288 inde
2999 3245 3187 3302 postea
3212 3237 3314 3291 sub
3343 3239 3523 3307 aliqua

1938 3321 2224 3373 occasione
2256 3322 2474 3391 aggredi
2499 3333 2811 3392 praesumat,
2841 3326 2988 3379 nulla
3011 3328 3223 3383 ratione
3248 3330 3521 3399 permitti-

1940 3425 2079 3463 mus.
2098 3410 2238 3464 Sane
2263 3412 2307 3465 si
2337 3412 2461 3479 quis
2489 3424 2612 3481 post
2636 3414 3266 3485 banc-diligentissimam
3291 3419 3528 3473 sanctio-

1944 3516 2067 3554 nem
2096 3517 2204 3555 non
2231 3502 2526 3558 observare
2550 3521 2670 3574 qua:
2704 3510 3108 3577 suntsuperius
3132 3511 3525 3579 comprehensa

1944 3595 2396 3660 praesumpserit,
2447 3611 2598 3648 reum
2645 3613 2704 3651 se
2753 3599 3056 3653 divinitatis
3082 3601 3287 3667 pariter
3331 3608 3387 3653 ct
3415 3599 3525 3653 fra-

1949 3682 2228 3738 ternitatis
2248 3686 2456 3755 judicio
2488 3688 2733 3742 futurum
2764 3704 2884 3744 esse
2913 3700 3225 3760 cognoscat.

1952 3989 2113 4071 tio_in
2163 3996 2447 4071 superiore
2481 3999 2667 4068 regula
2700 3998 2754 4054 S.
2803 4000 3023 4054 Macarii
3064 4017 3183 4071 cap.
3229 4004 3319 4066 ‘28,
3375 4004 3523 4071 quod

1948 4057 2265 4183 Halsteniu's
2306 4057 2723 4137 interpretatur,
2755 4074 2909 4140 parvi
2950 4057 3200 4126 momenti
3236 4057 3522 4128 ac'nu'tlius

1948 4145 2010 4183 va
2038 4147 2162 4183 oris.

1944 4145 2162 4186 vatorts.
