4258 6358
2045 375 2352 437 REGULA
2387 375 2874 438 ORIENTALIS.

801 502 3948 531 MM

1647 733 2200 847 REGULA
2289 734 3143 849 ORIENTALIS

1444 980 1547 1039 EX
1617 981 1932 1042 PATRUM
2007 983 2508 1044 ORIENTALUM
2581 983 2919 1046 REGULIS
2990 985 3367 1047 COLLECI‘A

1883 1192 1941 1266 A
1973 1190 2376 1269 VIGILIO
2445 1194 2925 1273 DIACONO.

846 1548 1075 1619 2491.
1109 1547 1179 1604 Ut
1205 1563 1383 1617 neque
1406 1550 1653 1603 seni0res
1708 1548 1762 1602 in
1803 1548 2053 1619 regendis
2086 1548 2348 1604 fratribus
2374 1552 2425 1609 Α
2451 1549 2649 1605 fratres
2672 1551 3097 1622 intemperantia
3118 1551 3268 1607 illius
3291 1552 3564 1606 laborent.
3602 1551 3727 1605 Ilaec
3763 1550 4034 1605 observa-

778 1637 1013 1691 inaniler
1060 1639 1326 1701 laborent,
1379 1655 1556 1708 neque
1612 1639 1899 1707 disciplina
1959 1640 2237 1708 juniorum
2262 1656 2357 1693 va-

776 1726 945 1786 cillet,
986 1740 1104 1793 quae
1132 1725 1343 1779 abbatis
1374 1726 1795 1780 conversatione
1824 1727 2060 1780 stabilita
2082 1726 2235 1779 ﬁrma
2264 1728 2354 1791 sit,

777 1823 995 1881 oportet
1026 1815 1278 1868 abbatem
1340 1816 1879 1883 irreprehensibilem
1917 1832 2353 1882 esse,severum,

775 1904 1095 1972 patientem,
1133 1906 1869 1974 jejunum,pium,humilem
1904 1925 1916 1959 :
1949 1909 2272 1963 utdoctoris
2297 1920 2354 1965 et

777 1994 952 2061 patris
978 1996 1157 2048 locum
1193 1996 1436 2063 impleat,
1467 2008 1523 2049 Se
1575 1998 1754 2065 ipsum
1810 1996 2042 2051 formam
2094 1999 2347 2066 pratbens

778 2084 1051 2138 bonorum
1080 2101 1307 2154 operum
1334 2087 1398 2139 “.
1427 2087 1505 2140 Ad
1533 2088 1688 2156 cujus
1722 2088 2125 2142 ordinationem
2157 2105 2347 2143 omnes

777 2174 978 2227 fratres
1009 2174 1325 2243 respiciant,
1358 2175 1495 2227 nihil
1538 2177 1656 2229 sine
1682 2176 1910 2229 consilio
1934 2186 1989 2230 et
2021 2178 2347 2231 auctoritate

777 2264 951 2332 ipsius
973 2265 1253 2320 facientes.
1301 2264 1404 2332 Qui
1437 2266 1713 2320 sustinens
1742 2266 2058 2320 monasterii
2106 2268 2347 2321 necessi-

780 2363 940 2417 tates,
970 2356 1037 2410 de
1083 2357 1341 2410 omnibus
1364 2373 1483 2425 quae
1538 2358 1593 2410 in
1632 2357 1967 2411 monasterio
2012 2368 2141 2411 sunt
2175 2358 2347 2412 libere

777 2446 1079 2515 judicabit;
1107 2450 1313 2502 nullius
1335 2464 1623 2517 personam
1644 2451 1942 2519 accipiens,
1964 2466 2066 2503 nec
2102 2450 2198 2504 ulli
2227 2466 2351 2520 gra-

782 2538 915 2589 tiam
943 2545 1243 2605 prmstans;
1294 2538 1391 2592 sed
1422 2554 1872 2608 unumquemque
1904 2540 2204 2593 secundum
2234 2555 2351 2592 me-

782 2627 887 2679 rita
908 2628 1240 2695 quotidianae
1269 2630 1707 2682 conversationis
1733 2630 1785 2681 in
1821 2630 2050 2684 veritate
2077 2631 2351 2700 judicans,

783 2716 1096 2782 admoneat,
1134 2719 1403 2782 hortetur,
1436 2720 1684 2789 castiget,
1720 2719 2047 2773 condemnet
2077 2738 2090 2773 :
2120 2721 2204 2774 vel
2233 2736 2353 2774 sus-

2459 1641 2540 1693 bit
2567 1641 2752 1694 senior
2790 1644 3113 1696 monasterii
3140 1644 3233 1712 qui
3267 1642 3529 1694 fratribus
3551 1642 3879 1708 praepositus
3923 1652 4031 1699 est,

2456 1728 2700 1781 referens
2719 1727 2784 1780 ad
2815 1729 3069 1783 abbatem
3100 1730 3304 1791 omnia,
3345 1729 3429 1781 vel
3457 1728 3729 1797 prmcipue
3780 1728 3873 1780 illa
3910 1744 4035 1796 qua

2452 1833 2551 1887 per
2574 1833 2633 1871 se
2666 1832 2776 1870 non
2808 1818 3044 1872 valuerit
3072 1819 3368 1887 explicare.

2518 1950 2604 2003 IV.
2621 1950 3071 2005 Commendatum
3089 1952 3310 2020 aliquod
3333 1954 3498 2005 etiam
3517 1968 3544 2005 a
3572 1968 3833 2022 germano
3862 1952 4034 2005 fratre

2452 2043 2636 2096 nullus
2665 2042 2898 2111 accipiat
2925 2060 2937 2095 :
2971 2044 3108 2097 nihil
3139 2044 3192 2097 in
3224 2044 3361 2097 cella
3391 2059 3486 2097 sua
3520 2045 3727 2113 absque
3750 2044 4033 2113 praepositi

2447 2136 2695 2205 jussione
2730 2135 3001 2205 quispiam
3027 2136 3248 2197 habeat,
3281 2151 3350 2189 ne
3370 2150 3532 2205 poma
3573 2134 3797 2203 quidem
3819 2135 4031 2189 vilissi-

2453 2244 2560 2289 ma,
2588 2238 2643 2281 et
2663 2238 2862 2284 extera
2892 2229 3297 2299 hujuscemodi.

2522 2342 2585 2395 V.
2622 2340 2927 2411 Operantes
2956 2357 3088 2396 vero
3118 2341 3315 2396 fratres
3349 2340 3486 2395 nihil
3513 2341 3815 2409 loquantur
3856 2356 4033 2395 saecu-

2446 2431 2597 2486 lare:
2635 2433 2729 2487 sed
2761 2442 2858 2487 aut
2903 2433 3242 2487 meditentur
3272 2448 3339 2487 ea
3368 2448 3489 2501 qua:
3528 2442 3717 2486 sancta
3761 2441 3915 2495 sunt,
3940 2441 4031 2486 aut

2446 2530 2594 2576 certe
2629 2522 2891 2577 silebunt.

2518 2633 2607 2686 Vl.
2665 2633 2770 2698 Qui
2824 2641 3009 2687 autem
3064 2633 3346 2702 coquinat,
3379 2642 3675 2703 antequam
3715 2632 3919 2687 fratres
3950 2647 4039 2685 re-

2452 2721 2658 2787 ﬁciant,
2698 2737 2808 2776 non
2829 2722 3073 2791 gustabit
3106 2722 3435 2792 quidquam.

782 2808 981 2903 cipiat,
1014 2809 1166 2903 si-ita
1198 2811 1333 2865 utile
1374 2810 1596 2865 videtur
1618 2852 1632 2873 ,
1672 2812 1953 2865 venientes
1980 2811 2046 2865 ad
2081 2822 2356 2866 monaste-
2385 2818 2431 2875 B
2527 2833 2638 2886 vn.
2666 2832 2839 2887 Nemo
2866 2833 2919 2886 in
2945 2834 3082 2887 cena
3113 2842 3206 2886 aut
3238 2834 3293 2887 in
3318 2833 3483 2888 domo
3518 2849 3617 2887 sua
3644 2834 3845 2888 habeat
3876 2832 4041 2903 quid-

784 2898 962 2962 rium;
1000 2899 1082 2952 vel
1117 2900 1319 2969 ejiciat,
1355 2901 1398 2954 si
1429 2901 1501 2956 ita
1533 2903 1832 2956 necessitas
1860 2901 2048 2965 fuerit,
2079 2903 2219 2956 male
2250 2903 2351 2957 ba-

785 2988 935 3042 bitan
945 2996 1047 3043 tes.

854 3120 920 3175 Il.
956 3121 1016 3175 In
1037 3122 1372 3176 monasterio
1394 3122 1643 3177 seniores
1680 3123 1793 3178 sint
1827 3122 1959 3189 duo,
1992 3122 2058 3178 ad
2087 3138 2225 3191 quos
2270 3123 2357 3179 vel

786 3220 1056 3282 prasente
1085 3212 1283 3267 abbate
1334 3214 1415 3266 vel
1444 3214 1669 3268 absente
1713 3214 1959 3267 omnium
2006 3214 2236 3267 fratrum
2276 3214 2359 3267 di-

786 3302 1040 3372 sciplina,
1077 3312 1133 3356 et
1155 3303 1336 3357 omnis
1366 3319 1499 3358 cura
1530 3306 1849 3359 monasterii
1878 3305 2150 3373 pertineat
2183 3322 2195 3356 :
2226 3304 2363 3359 dan-

788 3404 874 3447 tes
897 3394 999 3447 sibi
1023 3393 1174 3446 vices
1192 3409 1289 3462 per
1309 3393 1446 3457 dies,
1472 3402 1526 3447 et
1550 3393 1860 3447 dividentes
1893 3394 2037 3447 inter
2061 3410 2119 3448 se
2148 3394 2363 3463 pondus

788 3501 853 3540 ac
881 3486 1264 3540 necessitatem
1315 3487 1676 3551 monasterii;
1721 3501 1785 3539 ex
1816 3486 2020 3556 quibus
2052 3502 2195 3540 unus
2226 3496 2365 3541 tem-

792 3592 925 3645 pore
960 3591 1059 3629 suo
1101 3591 1342 3643 praesens
1390 3576 1443 3630 in
1477 3576 1813 3630 monasterio
1862 3592 2081 3643 semper
2122 3576 2250 3637 erit,
2295 3575 2363 3629 ad

792 3666 1160 3736 praestandum
1191 3666 1373 3720 abbati
1407 3668 1687 3729 solatium,
1719 3666 1804 3719 vel
1838 3665 2164 3734 obsequium
2198 3664 2365 3719 adve—

792 3759 1075 3811 nientibus
1102 3757 1392 3823 fratribus;
1422 3768 1477 3813 et
1497 3758 1565 3812 ad
1598 3757 2010 3826 procedendum
2041 3757 2134 3810 ubi
2172 3772 2365 3810 neces-

794 3851 927 3902 sitas
966 3849 1276 3902 communis
1308 3849 1587 3918 exegerit,
1632 3858 1796 3917 atque
1850 3850 2189 3917 diligentiam
2220 3849 2368 3903 circa

794 3939 978 3991 omnia
1007 3953 1128 4007 qua:
1150 3938 1215 3990 ad
1240 3939 1617 4006 quotidianam
1657 3938 1963 3992 custodiam
1995 3947 2048 3991 et
2076 3952 2369 3991 conversa-

796 4029 1000 4081 tionem
1039 4029 1353 4082 monasterii
1390 4030 1669 4097 pertinent
1699 4028 2105 4083 adhibendam:
2139 4038 2371 4098 utqua-

2454 2938 2615 2991 quam
2656 2933 2856 2991 praeter
2910 2939 2974 2977 ea
3005 2940 3126 2993 quae.
3168 2924 3225 2977 in
3258 2926 3537 2979 communi
3569 2926 3889 2980 monasterii
3927 2926 4043 2995 lege

2456 3023 2727 3085 pracepta
2759 3024 2905 3069 sunt.

2529 3126 2662 3181 VIII.
2689 3126 2936 3196 Cumque
2967 3128 3036 3182 ad
3069 3128 3456 3183 dormiendum
3509 3146 3568 3185 se
3624 3131 4042 3189 collocaverint,

2459 3216 2600 3269 alter
2660 3218 2820 3271 alteri
2869 3233 2979 3270 non
3035 3218 3313 3287 loquatur.
3366 3218 3573 3274 Cellam
3638 3222 3891 3283 alterius,
3939 3222 4045 3275 nisi

2466 3306 2622 3375 prius
2653 3305 2721 3359 ad
2750 3307 2955 3361 ostium
2992 3309 3289 3377 percutiat,
3324 3309 3553 3364 introire
3578 3326 3687 3363 non
3724 3312 3949 3365 audeat.

2535 3438 2627 3493 IX.
2660 3439 2871 3495 Mutare
2920 3439 2991 3495 de
3046 3440 3136 3495 his
3177 3456 3299 3509 qua:
3347 3456 3378 3493 a
3428 3443 3725 3511 praeposito
3770 3442 4049 3510 acceperit

2466 3547 2589 3583 cum
2624 3531 2799 3583 altero
2850 3548 2959 3585 non
3001 3532 3251 3585 audebit.
3285 3531 3399 3584 Nec
3446 3531 3681 3599 accipiat
3732 3532 3951 3593 melius,
3997 3540 4050 3582 et

2467 3622 2619 3675 dabit
2648 3622 2927 3683 deterius;
2960 3631 3055 3675 aut
3080 3638 3109 3676 e
3142 3624 3424 3677 contrario
3458 3623 3595 3675 dans
3626 3623 3827 3676 melius
3870 3632 3928 3675 et
3951 3623 4048 3675 dc-

2471 3716 2644 3767 terius
2678 3714 2977 3781 accipiens.
3038 3714 3211 3767 Nemo
3251 3715 3320 3767 ab
3373 3715 3548 3767 altero
3602 3715 3835 3783 accipiat
3885 3714 4049 3782 quid-

2474 3804 2642 3871 piam,
2667 3803 2775 3855 nisi
2812 3804 3138 3872 praepositus
3167 3803 3417 3871 jusserit.

2542 3936 2610 3989 Χ.
2650 3936 2850 3991 Clausa
2878 3938 3014 3991 cella
3058 3938 3247 3991 nullus
3285 3937 3553 4003 dormiat;
3588 3954 3689 3991 nec
3720 3939 3924 3991 habeat
3954 3955 4049 3992 eu-

2474 4026 2722 4080 biculum
2753 4028 2901 4095 quod
2924 4027 3105 4081 claudi
3139 4028 3313 4096 possit
3340 4044 3353 4079 :
3392 4028 3496 4079 nisi
3526 4027 3669 4081 forte
3699 4029 3847 4080 aetati
3879 4029 4052 4081 alicu-

796 4135 1015 4188 cunque
1046 4120 1112 4172 ad
1137 4121 1464 4189 obsequium
1488 4136 1754 4189 usumque
1778 4120 2098 4173 monasterii
2122 4120 2371 4174 facienda
2400 4138 2439 4193 (ς
2470 4118 2561 4186 jus
2586 4118 2669 4171 vel
2701 4117 3005 4171 infirmitati
3036 4118 3198 4171 Pater
3222 4119 3539 4171 monasterii
3562 4119 3921 4173 concesserit.

798 4218 949 4274 sunt,
983 4210 1100 4264 sine
1124 4212 1454 4281 negligentia
1484 4221 1538 4264 et
1556 4211 1780 4279 querela
1806 4210 2027 4264 faciant.
2061 4211 2215 4264 Alius
2247 4226 2370 4263 cum

797 4299 1059 4353 fratribus
1092 4300 1219 4363 erit,
1278 4308 1522 4368 tempore
1564 4316 1664 4353 suo
1690 4299 1947 4353 exiturus
1986 4314 2109 4352 cum
2142 4299 2274 4366 ipsis
2306 4298 2372 4351 ad

798 4391 984 4443 omnia
1016 4405 1180 4458 opera
1204 4398 1259 4443 et
1286 4404 1504 4443 omnem
1531 4389 1934 4452 necessitatem,
1970 4387 2270 4459 providens
2304 4401 2373 4440 ne

801 4481 934 4550 quid
969 4490 1161 4535 contra
1206 4480 1555 4549 disciplinam
1605 4479 1831 4533 faciant.
1878 4478 1980 4544 Qui
2017 4478 2374 4533 considerans

802 4585 996 4623 omnes
1042 4580 1199 4623 actus
1274 4569 1638 4637 singulorum,
1686 4569 1731 4623 si
1787 4584 1895 4637 qua
1958 4578 2149 4623 contra
2205 4569 2373 4622 ratio-

807 4674 931 4713 nem
958 4659 1099 4713 facta
1126 4658 1349 4723 viderit,
1381 4659 1469 4713 vel
1514 4673 1613 4727 per
1658 4673 1716 4713 se
1752 4657 2030 4723 emendet,
2068 4658 2153 4712 vel
2192 4656 2377 4711 abbati

806 4750 1031 4805 indicet.

878 4887 969 4941 III.
1013 4887 1107 4941 Ille
1131 4903 1263 4942 vero
1310 4887 1404 4957 qui
1436 4888 1739 4944 secundum
1787 4886 2039 4942 ordinem
2075 4886 2380 4957 disciplina:

808 4978 1156 5033 ordinatione
1175 4979 1388 5034 abbatis
1408 4996 1475 5035 ex
1500 4980 1730 5034 consilio
1757 4987 1812 5033 et
1830 4980 2113 5032 voluntate
2131 4979 2376 5031 omnium

808 5070 1039 5123 fratrum
1084 5069 1351 5124 fratribus
1382 5071 1712 5139 praepositus
1764 5080 1869 5133 est,
1926 5085 2144 5124 omnem
2196 5068 2263 5120 ad
2322 5082 2380 5121 se

811 5175 999 5213 curam
1029 5158 1096 5214 de
1128 5160 1416 5229 disciplina
1456 5160 1688 5215 fratrum
1722 5170 1777 5217 et
1810 5161 2146 5231 diligentiam
2188 5174 2381 5213 mona-

813 5252 967 5305 sterii
994 5252 1308 5316 revocabit;
1336 5253 1547 5307 habens
1568 5262 1893 5322 potestatem
1918 5252 2116 5305 abbate
2158 5251 2383 5304 absente

815 5342 1051 5399 faciendi
1084 5346 1266 5399 omnia
1291 5362 1411 5415 qua:
1434 5345 1602 5399 abbas
1626 5360 1869 5415 praesens
1892 5344 2042 5398 facit.
2078 5343 2171 5397 Ille
2200 5350 2381 5395 autem

816 5432 1157 5503 patientiam,
1200 5434 1700 5497 mansuetudinem,
1727 5434 2113 5496 humilitatem,
2146 5431 2383 5485 Charita-

820 5532 949 5589 tem,
980 5524 1313 5592 equitatem,
1340 5525 1456 5579 sine
1481 5538 1839 5594 personarum
1860 5523 2176 5591 acceptione
2194 5536 2383 5575 serva-

820 5614 935 5679 bit;
969 5615 1043 5669 ita
1074 5631 1263 5683 agens,
1288 5624 1350 5671 ut
1380 5632 1480 5673 nec
1525 5617 1706 5673 abbati
1750 5616 1969 5671 taedium
2007 5621 2253 5685 generet,
2286 5628 2387 5668 nec

900 5787 946 5820 “
972 5785 1077 5842 Tit.
1108 5803 1167 5852 ιι,
1197 5789 1249 5841 7.

2418 5397 2458 5451 D

2540 4252 2631 4305 XI.
2662 4252 2833 4305 Nemo
2863 4267 2893 4304 a
2936 4260 3082 4305 terra
3112 4250 3291 4305 solvat
3331 4250 3647 4306 funiculum
3700 4252 3909 4321 absque
3942 4254 4056 4323 jus-

2474 4342 2631 4395 sione
2672 4342 2865 4410 patris.
2917 4341 3022 4407 Qui
3058 4344 3113 4395 in
3156 4342 3497 4395 monasterio
3527 4342 3760 4395 fratrum
3787 4343 4058 4396 invenerit

2472 4427 2775 4501 quidpiam,
2802 4433 3130 4501 suspendat,
3164 4442 3226 4487 ut
3256 4434 3411 4487 tollat
3440 4435 3535 4503 qui
3567 4434 3913 4503 cognoverit.

2544 4564 2661 4619 XII.
2699 4564 2779 4618 Ad
2815 4565 3104 4619 collectam
3155 4574 3212 4619 et
3242 4566 3307 4619 ad
3344 4566 3692 4636 psallendum
3732 4566 3918 4621 nullus
3954 4567 4056 4621 sibi

2474 4654 2822 4710 occasionem
2878 4656 3144 4719 inveniat,
3192 4657 3396 4724 quibus
3426 4672 3484 4710 se
3528 4657 3679 4710 dicat
3729 4667 4058 4725 occupatum

2475 4748 2631 4817 quasi
2680 4748 2761 4801 ire
2808 4762 2919 4800 non
2949 4748 3143 4815 possit.
3184 4748 3253 4801 Et
3294 4747 3341 4802 si
3393 4748 3449 4800 in
3485 4749 3845 4811 monasterio,
3874 4750 3961 4802 vel
4008 4751 4058 4801 in

2476 4854 2627 4909 agro,
2684 4848 2780 4893 aut
2832 4839 2887 4891 in
2941 4838 3163 4902 itinere,
3194 4846 3289 4891 aut
3339 4838 3395 4891 in
3452 4839 3703 4907 quolibet
3749 4840 4058 4893 ministerio

2477 4928 2667 4993 fuerit,
2721 4928 2919 4983 orandi
2973 4938 3030 4981 et
3076 4927 3345 4997 psallendi
3396 4935 3613 4998 tempus
3664 4943 3776 4982 non
3833 4938 4063 4997 praster-

2484 5020 2685 5073 mittat.

2555 5152 2697 5205 Xlll.
2736 5150 2840 5216 Qui
2877 5152 3131 5206 minister
3158 5159 3263 5219 est,
3302 5151 3502 5207 habeat
3538 5152 3783 5207 studium
3814 5168 3883 5209 ne
3933 5152 4061 5223 quid

2487 5244 2674 5313 operis
2700 5252 2888 5311 pereat
2928 5243 2983 5296 in
3007 5244 3363 5298 monasterio.
3398 5244 3457 5297 In
3490 5244 3860 5313 qualicunque
3889 5247 4065 5298 omni-

2490 5351 2561 5388 no
2600 5343 2717 5389 arte
2746 5349 2868 5403 quae
2900 5342 3195 5387 exercetur
3218 5351 3247 5389 a
3284 5334 3565 5400 fratribus,
3590 5335 3787 5404 siquid
3818 5336 4061 5403 perierit,

2486 5437 2541 5482 et
2572 5443 2672 5495 per
2720 5428 3108 5496 negligentiam
3146 5426 3316 5481 fuerit
3358 5428 3705 5497 dissipatum,
3751 5428 4063 5498 increpetur

2491 5536 2519 5573 a
2556 5520 2709 5574 Patre
2753 5520 3007 5573 minister
3034 5534 3306 5589 operum:
3341 5527 3399 5574 et
3436 5520 3551 5589 ipse
3587 5520 3787 5575 iterum
3820 5521 4063 5589 increpet

2495 5612 2685 5677 alium,
2714 5611 2809 5681 qui
2843 5626 2983 5682 opus
3010 5610 3355 5681 perdiderit;
3380 5612 3646 5667 duntaxat
3666 5613 3819 5682 juxta
3870 5612 4063 5666 volun-
