4258 6358
212 355 325 418 985

1409 352 1715 414 REGULA
1755 349 2234 414 ORIENTALIS.

3370 360 3477 423 986

217 473 391 519 tatem
420 472 475 519 et
507 461 912 534 praescientiam
936 462 1225 533 principis,
1242 461 1452 532 absque
1479 478 1590 533 quo
1617 463 1801 518 nullus
1827 464 1878 523 Α
1901 476 2056 515 suam
2080 470 2306 531 propter
2322 461 2713 517 verecundiam
2742 479 2757 516 :
2792 476 2863 517 ne
2884 464 3143 533 respiciat
3171 466 3339 537 dapes
3362 470 3479 524 lau-

218 553 544 623 increpandi
571 553 799 607 fratrem
824 552 1051 608 habebit
1069 561 1422 623 potestatem.

288 687 432 743 XIV.
492 688 548 743 Si
576 689 835 744 inventus
885 689 1057 744 fuerit
1099 706 1246 745 unus
1298 705 1330 745 e
1376 689 1639 747 fratribus
1689 690 1795 745 ali-

218 780 355 847 quid
376 794 473 848 per
502 781 913 835 contentionem
938 796 1123 850 agens,
1143 780 1229 835 vel
1253 781 1641 836 contradicens
1673 797 1791 835 ma-

214 872 356 940 joris
384 872 637 940 imperio,
684 872 1060 942 increpabitur
1095 874 1249 943 juxta
1298 886 1618 927 mensuram
1666 886 1795 943 pec-

220 961 331 1014 cati
361 960 469 1013 sui.

288 1095 406 1150 XV.
436 1096 538 1162 Qui
570 1098 857 1162 mentitur,
894 1106 989 1152 aut
1014 1098 1141 1152 odio
1204 1113 1539 1169 quemquam
1596 1096 1800 1152 habere

218 1187 391 1242 fuerit
441 1188 839 1258 deprehensus,
882 1200 978 1244 aut
1007 1190 1352 1254 inohediens,
1385 1199 1479 1245 aut
1512 1191 1637 1262 plus
1672 1191 1799 1260 joco

218 1293 384 1346 quam
410 1279 703 1333 honestum
736 1291 822 1334 est
842 1279 1086 1342 deditus,
1136 1289 1231 1333 aut
1263 1282 1493 1345 otiosus,
1530 1291 1626 1335 aut
1657 1280 1796 1332 dure

215 1370 577 1438 respondens,
629 1379 725 1423 aut
773 1371 981 1425 habens
1025 1372 1479 1425 consuetudinem
1534 1370 1796 1424 fratribus

216 1460 566 1524 detrahendi,
600 1462 685 1514 vel
715 1461 801 1515 his
831 1461 925 1529 qui
958 1461 1093 1515 foris
1118 1472 1279 1527 sunt;
1313 1470 1370 1515 et
1396 1461 1621 1515 omnino
1639 1460 1798 1529 quid-

216 1552 351 1621 quid
377 1562 570 1606 contra
605 1553 848 1620 regulam
874 1551 1289 1621 Scripturarum
1322 1561 1406 1606 est
1439 1562 1494 1605 et
1520 1558 1794 1604 monaste-

216 1645 286 1696 rii
317 1644 700 1711 disciplinam,
739 1655 793 1696 et
824 1644 1060 1697 audierit
1102 1644 1261 1697 Pater
1288 1643 1628 1708 monasterii,
1668 1642 1794 1694 vin-

214 1736 598 1803 dicabitjuxta
621 1750 934 1789 mensuram
974 1750 1225 1805 opusque
1256 1736 1487 1804 peccati.

283 1866 448 1934 250
484 1864 623 1918 XVI.
665 1864 721 1918 Si
751 1880 944 1918 omnes
963 1861 1789 1934 fratresviderintpraapositum

210 1958 444 2011 nimium
471 1956 856 2025 negligentem,
889 1964 985 2008 aut
1011 1956 1148 2009 dure
1176 1956 1547 2025 increpantem
1573 1954 1789 2014 fratres,

211 2057 269 2101 et
303 2062 616 2100 mensuram
651 2046 967 2099 monasterii
1000 2046 1381 2108 excedentem,
1422 2044 1660 2097 referant
1690 2042 1793 2097 hoc

211 2139 386 2201 Patri,
421 2147 477 2191 et
507 2138 575 2191 ab
611 2153 678 2192 eo
714 2138 1048 2206 inerepetur.
1080 2136 1201 2205 Ipse
1245 2147 1429 2189 autem
1468 2135 1794 2205 praepositus

209 2230 351 2283 nihil
380 2229 564 2292 faciat,
589 2227 694 2283 nisi
728 2226 874 2295 quod
907 2228 1067 2281 Pater
1093 2227 1351 2296 jusserit;
1386 2228 1619 2280 maxime
1650 2227 1704 2280 in
1732 2242 1791 2281 re

209 2337 376 2375 nova.
424 2320 555 2385 Quae
593 2335 662 2373 ex
691 2334 845 2373 more
889 2317 1213 2381 descendit,
1260 2318 1502 2373 servabit
1550 2317 1791 2388 regulam

208 2410 561 2466 monasterii.

278 2544 444 2599 XVII.
476 2542 809 2612 Praepositus
829 2558 961 2596 vero
980 2557 1090 2596 non
1120 2541 1447 2606 inebrietur,
1482 2556 1585 2595 nec
1608 2539 1794 2595 sedeat

207 2635 265 2691 in
302 2634 697 2687 humilioribus
732 2633 885 2687 locis.
919 2634 997 2688 Ne
1023 2640 1235 2701 rumpat
1263 2632 1481 2685 vincula
1502 2646 1622 2700 qua:
1647 2632 1791 2684 Deus

207 2721 263 2774 in
293 2722 437 2775 ccelo
477 2719 746 2783 condidit,
793 2728 854 2773 ut
894 2720 1260 2773 observentur
1300 2719 1353 2773 in
1382 2720 1563 2774 terris.
1597 2718 1675 2773 Ne
1709 2718 1792 2771 lu-

207 2821 334 2883 geat
381 2812 435 2864 in
478 2811 567 2865 die
619 2812 760 2865 festo
806 2811 1021 2865 Domini
1082 2810 1427 2865 Salvatoris:
1475 2808 1793 2863 dominetur

208 2905 363 2958 carni
401 2920 512 2958 suae
534 2946 547 2967 ,
584 2907 739 2974 juxta
772 2919 1086 2959 mensuram
1120 2912 1457 2957 sanctorum.
1492 2901 1610 2955 Non
1640 2899 1793 2953 inve-

205 2996 397 3048 niatur
423 2996 478 3048 in
506 2995 739 3048 excelsis
769 2994 1073 3057 cubilibus,
1108 2994 1327 3047 imitans
1362 3006 1572 3045 morem
1610 2990 1788 3061 genti-

205 3087 367 3140 lium.
395 3087 512 3141 Non
537 3087 609 3139 sit
637 3086 874 3156 duplicis
900 3085 1047 3140 fidei.
1069 3087 1188 3139 Non
1216 3093 1473 3154 sequatur
1490 3084 1669 3136 cordis
1700 3082 1783 3135 sui

1906 553 2063 608 tioris
2095 567 2340 609 mensae:
2373 568 2475 607 nec
2517 554 2748 622 pulchra
2790 555 3120 611 vestimenta
3158 557 3473 628 desideret;

1904 659 2007 699 nec
2047 660 2107 700 se
2134 643 2419 713 negligat,
2450 644 2544 697 sed
2574 659 2791 713 semper
2826 644 3090 715 dijudicet
3117 648 3479 717 cogitationes

1901 750 2047 790 suas.
2090 736 2210 790 Non
2241 735 2549 790 inebrietur
2572 736 2737 801 vino;
2770 736 2865 789 sed
2895 736 3191 793 humilitati
3230 742 3476 810 junctam

1903 824 2105 878 habeat
2147 824 2459 878 veritatem.
2508 823 2739 890 Quando
2775 825 3004 895 judicat,
3046 839 3310 895 sequatur
3340 847 3477 900 pra:-

1899 926 2058 985 cepta
2089 918 2356 987 majorum
2378 926 2436 971 et
2465 918 2638 986 legem
2670 917 2787 982 Dei,
2813 934 2935 988 qua:
2959 918 3018 974 in
3041 928 3159 977 toto
3182 921 3317 976 orbe
3340 939 3478 993 pra:—

1898 1007 2078 1063 dicata
2106 1017 2209 1063 est.

1966 1145 2153 1200 XVIII.
2196 1145 2253 1200 Si
2287 1142 2667 1215 deprehensus
2701 1143 2868 1198 fuerit
2907 1146 3106 1215 aliquis
3145 1161 3177 1201 e
3214 1147 3478 1203 fratribus

1896 1237 2133 1292 libenter
2156 1253 2282 1292 cum
2311 1238 2499 1306 pueris
2521 1237 2701 1291 ridere
2721 1247 2777 1292 et
2799 1238 3005 1301 ludere,
3036 1246 3091 1292 et
3115 1240 3317 1293 habere
3342 1241 3478 1294 ami-

1898 1330 2058 1384 citias
2084 1329 2261 1383 :etatis
2287 1328 2537 1392 infirmae,
2573 1328 2736 1382 tertio
2761 1340 3196 1395 commoneatur,
3228 1340 3288 1385 ut
3320 1347 3474 1385 rece-

1899 1418 1991 1471 dat
2016 1418 2085 1471 ab
2113 1432 2304 1471 eorum
2329 1418 2755 1478 necessitudine.
2797 1428 2852 1473 et
2878 1434 3089 1473 memor
3126 1421 3199 1474 sit
3225 1421 3479 1475 honesta-

1897 1508 1970 1564 tis
1991 1549 2005 1573 ,
2032 1516 2087 1561 et
2117 1510 2331 1563 timoris
2359 1509 2453 1563 Dei
2488 1526 2501 1562 :
2534 1509 2579 1563 si
2614 1525 2723 1563 non
2765 1511 3103 1576 cessaverit,
3143 1512 3474 1582 corripiatur

1898 1605 1959 1651 ut
1982 1598 2182 1667 dignus
2207 1605 2289 1651 est
2324 1598 2671 1665 correptione
2695 1598 3062 1654 severissima.

1966 1730 2110 1786 XIX.
2152 1731 2257 1796 Qui
2293 1741 2656 1785 contemnunt
2692 1743 2966 1802 praccepta
2995 1734 3263 1803 majorum
3302 1745 3358 1789 et
3390 1751 3473 1789 re-

1824 1819 1861 1873 B
1892 1825 2046 1895 gulas
2072 1824 2385 1877 monasterii
2412 1840 2533 1893 qua:
2557 1825 2651 1878 Dei
2683 1836 2956 1894 praecepto
2978 1829 3291 1881 constituta:
3319 1838 3468 1891 sunt,

1888 1925 1945 1971 et
1979 1915 2386 1985 parvipendunt
2446 1916 2727 1968 seniorum
2790 1916 3057 1979 consilia,
3094 1918 3470 1985 corripiantur

1885 2008 2038 2076 juxta
2068 2005 2318 2058 ordinem
2348 2006 2730 2068 constitutum,
2760 2004 2938 2059 donec
2971 2006 3343 2075 corrigantur.

1960 2135 2078 2190 XX.
2121 2136 2354 2205 Majores
2388 2138 2482 2205 qui
2520 2152 2646 2191 cum
2678 2136 2941 2191 fratribus
2969 2138 3267 2192 mittuntur
3300 2137 3467 2198 foras,

1893 2226 2139 2295 quandiu
2170 2227 2245 2279 ibi
2269 2225 2494 2292 fuerint,
2523 2227 2805 2282 habebunt
2836 2230 2925 2298 jus
2950 2229 3392 2297 praepositorum.
3415 2239 3471 2283 et

1888 2333 2081 2373 eorum
2123 2328 2320 2373 cuncta
2358 2330 2617 2389 regentur
2646 2320 2897 2373 arbitrio.
2944 2320 3233 2375 Docehunt
3273 2320 3471 2374 fratres

1888 2426 1988 2480 per
2027 2412 2358 2465 constitutos
2400 2412 2555 2477 dies;
2603 2421 2659 2467 et
2700 2412 2745 2466 si
2793 2412 2932 2467 forte
2976 2414 3123 2468 inter
3156 2429 3253 2469 eos
3286 2424 3467 2467 ortum

1888 2500 2055 2555 fuerit
2086 2501 2292 2571 aliquid
2322 2502 2647 2567 simultatis,
2692 2504 2919 2559 audient
2949 2506 3050 2573 ipsi
3101 2507 3337 2575 majores
3360 2545 3373 2568 ,
3414 2514 3469 2558 et

1891 2592 2278 2662 dijudicabunt
2303 2608 2545 2654 causam,
2568 2602 2625 2649 et
2646 2594 2870 2663 dignum
2889 2596 3048 2664 culpa
3068 2595 3466 2663 increpahunt;

1890 2690 1951 2737 ut
1975 2682 2044 2737 ad
2086 2683 2378 2751 imperium
2419 2699 2613 2738 eorum
2659 2686 2843 2739 statim
2892 2702 3079 2755 pacem
3112 2686 3277 2755 pleno
3305 2684 3471 2739 corde

1890 2775 2229 2829 consocient.

1959 2910 2103 2965 XXI.
2144 2910 2202 2965 Si
2226 2910 2348 2979 quis
2382 2908 2552 2965 frater
2578 2919 2767 2965 contra
2797 2912 3153 2979 praepositum
3176 2926 3335 2965 suum
3367 2910 3467 2963 ha-

1885 3004 2071 3059 buerit
2094 3003 2394 3064 tristitiam,
2417 3011 2512 3055 aut
2544 3002 2659 3072 ipse
2681 3002 3007 3071 praepositus
3029 3011 3221 3055 contra
3246 3002 3469 3055 fratrem

1892 3091 2129 3159 aliquam
2148 3090 2579 3158 querimoniam;
2606 3089 2848 3157 probata:
2869 3088 3070 3143 fratres
3095 3089 3470 3141 conversatio-

203 3179 589 3247 cogitationes,
614 3149 917 3247 sed-legem
948 3178 1063 3232 Dei.
1096 3177 1215 3230 Non
1248 3149 1469 3230 resistat
1495 3174 1783 3229 sublimio-
1815 3149 1859 3208 θ
1892 3149 2059 3235 nis-et
2088 3149 2213 3234 fidei
2240 3196 2338 3234 eos
2365 3149 2812 3241 audire—debent,
2841 3190 2897 3234 et
2921 3180 3304 3250 dijudicabunt
3328 3179 3472 3232 inter

204 3268 363 3320 ribus
393 3268 625 3321 tumenti
665 3268 849 3320 animo
881 3267 1268 3336 potestatibus.
1302 3266 1379 3319 Ne
1411 3266 1645 3327 fremat,
1681 3277 1785 3315 nec

203 3360 404 3412 hirriat
431 3360 603 3412 iratus
632 3374 795 3427 super
823 3360 1146 3412 humiliores
1170 3376 1184 3411 :
1222 3372 1325 3411 nec
1355 3355 1643 3410 transferat
1678 3362 1786 3407 ter-

204 3450 389 3503 minos
424 3451 643 3518 regulaz.
693 3450 809 3502 Non
841 3451 910 3503 sit
950 3449 1333 3503 fraudulentus
1354 3488 1369 3511 ,
1400 3461 1577 3514 neque
1610 3446 1665 3499 in
1691 3460 1785 3499 co-

202 3541 567 3609 gitationibus
606 3552 788 3595 verset
830 3540 1023 3605 dolos;
1076 3557 1177 3594 nec
1217 3541 1452 3609 negligat
1499 3547 1781 3607 peccatum

203 3632 403 3685 anima:
443 3647 588 3695 sum;
621 3647 721 3685 nec
762 3633 1017 3685 vincatur
1046 3632 1227 3685 carnis
1259 3631 1497 3683 luxuria.
1527 3630 1645 3683 Non
1676 3643 1791 3681 am.

203 3722 361 3774 hulet
407 3721 763 3790 negligenter.
804 3721 921 3774 Non
968 3722 1226 3789 loquatur
1258 3721 1487 3775 verbum
1528 3720 1789 3773 otiosum.

200 3813 323 3866 Non
354 3824 520 3880 ponat
563 3813 879 3865 scandalum
912 3822 1038 3866 ante
1072 3814 1239 3881 pedes
1264 3813 1413 3865 επεὶ.
1444 3812 1561 3865 Non
1598 3810 1793 3864 doceat

200 3904 543 3954 voluntatem
563 3903 799 3954 animam
832 3919 1008 3955 suam.
1036 3904 1153 3955 Non
1180 3904 1486 3956 resolvatur
1522 3902 1635 3953 risu
1662 3901 1794 3953 stul-

202 4005 387 4048 torum
434 4010 497 4047 ac
536 3997 662 4063 joco
724 3996 841 4048 Non
882 3996 1132 4063 capiatur
1176 4012 1271 4049 cor
1311 3997 1428 4065 ejus
1462 3996 1531 4048 ab
1568 3995 1652 4047 his
1691 3994 1784 4061 qui

201 4089 390 4154 inepta
427 4086 727 4155 loquuntur
757 4096 812 4139 et
842 4087 1042 4140 dulcia.
1087 4088 1205 4141 Non
1252 4088 1505 4139 vincatur
1540 4083 1785 4137 muneri-

200 4177 309 4229 bus
346 4194 357 4227 :
394 4194 500 4230 non
540 4179 897 4246 parvulorum
924 4195 1175 4232 sermone
1203 4178 1457 4230 ducatur.
1500 4176 1617 4229 Non
1655 4174 1785 4227 deli-

200 4270 313 4323 ciat
341 4271 393 4321 in
424 4271 799 4323 tribulatione.
823 4271 939 4323 Non
960 4276 1190 4322 mortem
1218 4270 1427 4330 timeat,
1453 4267 1547 4319 sed
1579 4266 1781 4318 Deum:

199 4378 312 4414 non
335 4364 718 4430 praevaricator
744 4362 815 4415 sit
837 4374 1060 4431 propter
1096 4361 1471 4414 imminentem
1508 4359 1783 4410 timorem.

197 4455 321 4509 Non
363 4454 637 4521 relinquat
682 4469 872 4506 verum
918 4453 1103 4505 lumen
1151 4460 1376 4521 propter
1420 4448 1664 4501 modicos
1709 4446 1785 4498 ci-

198 4546 324 4599 bos.
358 4545 475 4598 Non
511 4554 668 4598 nutet
701 4559 764 4597 ac
806 4544 1129 4597 fluetuetin
1183 4542 1446 4611 operibus
1483 4538 1617 4592 suis.
1663 4536 1783 4589 Non

198 4644 378 4690 mutet
409 4638 761 4697 sententiam,
794 4634 887 4688 sed
925 4635 1115 4687 firmus
1137 4635 1207 4687 sit
1232 4632 1504 4700 solidique
1525 4627 1731 4681 decreti
1766 4643 1778 4677 :

193 4730 401 4797 justus,
427 4726 1019 4779 cunctaeonsiderans:
1047 4725 1303 4795 judicans
1331 4724 1385 4776 in
1409 4722 1641 4775 veritate
1663 4720 1785 4773 abs-

198 4834 309 4886 que
340 4818 581 4885 appetilu
606 4819 824 4886 gloriae;
860 4817 1181 4870 manifestus
1206 4817 1317 4869 Deo
1348 4824 1401 4869 et
1434 4814 1774 4877 hominibus,

197 4918 255 4962 et
303 4924 331 4961 a
380 4908 570 4961 fraude
624 4908 835 4976 procul.
888 4908 998 4960 Nec
1042 4907 1253 4975 ignoret
1308 4903 1781 4957 conversationem

197 5014 450 5057 suorum,
489 5014 592 5051 nec
631 4997 696 5051 ad
744 5014 933 5051 eorum
982 4999 1268 5051 scientiam
1312 5010 1489 5049 cmcus
1535 4995 1778 5047 exsistat.

195 5087 345 5141 Nulli
376 5096 570 5140 noceat
594 5103 690 5156 per
720 5088 1032 5155 superbiam
1059 5104 1073 5151 ;
1106 5102 1205 5139 nec
1228 5094 1491 5153 sequatur
1520 5084 1782 5151 concupi—

196 5180 438 5233 scentias
464 5180 769 5231 oculorum.
804 5177 1103 5231 Veritatem
1126 5192 1405 5244 nunquam
1441 5184 1732 5244 praetereat
1760 5190 1773 5224 :

195 5271 380 5324 oderit
422 5270 766 5339 injustitiam.
814 5268 1127 5323 Secundum
1160 5284 1447 5337 personam
1496 5282 1776 5335 nunquam

190 5360 406 5431 judicet
431 5374 528 5427 pro
563 5358 907 5420 muneribus,
934 5372 1036 5411 nec
1064 5358 1393 5411 condemnet
1430 5357 1664 5410 animam
1698 5357 1780 5409 in-

195 5460 487 5507 nocentem
522 5467 620 5519 per
647 5450 984 5519 superbiam.
1019 5451 1137 5504 Non
1165 5450 1340 5503 rideat
1372 5450 1513 5503 inter
1536 5462 1736 5517 pueros
1763 5464 1775 5497 :

195 5559 307 5597 non
331 5542 550 5596 deserat
577 5541 862 5595 veritatem
900 5542 1091 5594 timore
1124 5550 1432 5609 separatus.
1456 5540 1573 5593 Non
1598 5536 1779 5605 despi-

194 5636 305 5689 ciat
334 5650 430 5687 eos
458 5632 551 5701 qui
582 5632 828 5701 indigent
861 5631 1259 5685 misericordia.
1294 5631 1422 5685 Non
1452 5630 1669 5685 deserat
1691 5630 1778 5698 ju-

194 5723 400 5777 stitiam
448 5728 676 5791 propter
720 5721 1139 5786 lassitudinem;
1180 5736 1248 5777 ne
1291 5720 1487 5797 perdat
1536 5720 1773 5775 animam

1889 3285 2007 3323 eos.
2054 3270 2109 3324 Si
2139 3278 2321 3323 tamen
2357 3271 2561 3325 absens
2590 3278 2677 3325 est
2711 3272 2873 3325 Pater
2910 3270 3231 3324 monasterii
3259 3270 3343 3323 vel
3374 3269 3473 3321 ali-

1889 3360 2015 3414 cubi
2044 3360 2345 3428 profectus,
2370 3361 2609 3429 primum
2634 3360 2857 3429 quidem
2882 3359 3281 3428 exspectabunt
3303 3368 3469 3412 eum:

1892 3452 1974 3505 sin
2009 3462 2193 3506 autem
2229 3453 2441 3506 diutius
2468 3453 2657 3506 vident
2688 3452 2825 3506 foris
2855 3452 3127 3506 demorari
3154 3492 3166 3509 .
3212 3459 3344 3504 tunc
3376 3466 3475 3503 au-

1891 3544 2041 3596 dient
2071 3545 2215 3597 inter
2249 3544 2602 3611 praepositum
2627 3552 2682 3596 et
2708 3543 2965 3607 fratrem;
2996 3558 3063 3595 ne
3085 3542 3180 3594 diu
3203 3554 3473 3608 suspenso

1885 3634 2093 3719 judicio
2156 3634 2377 3687 tristitia
2445 3634 2619 3702 major
2674 3632 2928 3695 oriatur;
2987 3641 3047 3684 ut
3102 3640 3159 3685 et
3222 3631 3311 3687 ille
3374 3630 3470 3698 qui

1891 3724 2215 3792 [impositus
2244 3731 2347 3785 est,
2378 3732 2435 3776 et
2463 3723 2553 3775 ille
2592 3722 2685 3791 qui
2724 3721 3008 3791 subjectus
3030 3732 3134 3785 est,
3174 3730 3231 3775 et
3263 3722 3342 3775 illi
3373 3720 3470 3789 qui

1891 3813 2141 3871 audiunt.
2176 3814 2331 3880 juxta
2370 3814 2621 3866 timorem
2650 3812 2747 3865 Dei
2793 3820 2991 3865 cuncta
3018 3812 3241 3876 faciant,
3271 3820 3328 3865 et
3356 3825 3468 3863 non

1890 3904 2022 3957 dent
2053 3906 2106 3957 in
2133 3904 2243 3956 ullo
2268 3904 2611 3957 occasionem
2639 3903 2952 3957 discordiae.

1958 4019 2126 4072 XXII.
2169 4018 2360 4071 Nullus
2385 4017 2633 4069 mittatur
2655 4016 2803 4069 foras
2830 4015 2898 4069 ad
2928 4012 3149 4082 aliquod
3186 4012 3467 4081 negotium

1888 4113 2059 4165 solus.
2110 4111 2257 4163 Missi
2307 4126 2437 4163 vero
2484 4125 2596 4162 non
2649 4108 2871 4177 singuli,
2912 4108 3006 4161 sed
3045 4106 3161 4159 bini
3201 4106 3285 4157 vel
3328 4104 3470 4158 terni

1888 4201 2173 4254 ambulent
2202 4218 2213 4249 :
2250 4209 2307 4253 ut
2333 4199 2459 4251 dum
2497 4214 2553 4251 se
2587 4198 2821 4250 invicem
2850 4196 3239 4249 cusmdiuntet
3272 4209 3472 4247 conso-

1894 4293 2099 4349 lantur.
2130 4301 2184 4343 et
2222 4291 2470 4344 seniores
2498 4304 2693 4343 eorum
2724 4288 2791 4342 de
2836 4289 3063 4342 honesta
3097 4302 3293 4341 eorum
3338 4303 3471 4341 con-

1889 4383 2202 4435 versatione
2236 4378 2413 4432 securi
2447 4379 2574 4443 sint,
2612 4387 2667 4431 et
2692 4378 2769 4431 illi
2797 4393 2903 4430 non
2936 4376 3339 4446 periclitentur.
3363 4376 3470 4431 0b.

1892 4479 2180 4523 servantes
2219 4478 2396 4521 tamen
2438 4468 2571 4530 hoc,
2621 4477 2679 4519 ut
2730 4482 2841 4519 non
2894 4482 2951 4519 se
2994 4466 3225 4519 invicem
3272 4466 3472 4519 fabulis

1882 4560 2137 4613 inanibus
2168 4558 2477 4619 destruant,
2527 4573 2707 4626 neque
2740 4557 3087 4627 negligentiae
3126 4557 3257 4611 dent
3288 4558 3469 4611 locum

1880 4646 2307 4711 destructionis;
2335 4646 2429 4699 sed
2459 4647 2837 4715 unusquisque
2867 4648 2922 4700 in
2952 4657 3077 4700 actu
3100 4662 3200 4700 suo
3226 4655 3473 4701 attentus

1880 4737 1984 4799 sit,
2021 4746 2185 4805 prout
2214 4745 2431 4803 tempus
2463 4735 2650 4789 fuerit.

1959 4867 2148 4920 XXIII.
2189 4867 2419 4932 Quando
2460 4876 2644 4921 autem
2682 4868 2891 4920 reversi
2936 4866 3143 4921 fuerint
3185 4866 3241 4920 in
3285 4882 3473 4921 mona-

1888 4958 2139 5019 sterium,
2184 4958 2229 5010 si
2270 4963 2396 5010 ante
2426 4958 2630 5009 ostium
2671 4957 2914 5009 viderint
2957 4958 3197 5026 aliquem
3227 4973 3475 5027 quaeren-

1890 5058 1998 5101 tem
2047 5063 2270 5101 suorum
2307 5046 2589 5107 aﬂinium,
2647 5047 2713 5100 de
2757 5046 2844 5100 his
2889 5048 2983 5115 qui
3029 5048 3082 5100 in
3138 5049 3474 5102 monasterio

1890 5146 2306 5187 commorantur
2327 5174 2341 5197 ,
2376 5150 2485 5187 non
2527 5133 2797 5187 valebunt
2828 5135 2905 5187 ire
2948 5134 3016 5187 ad
3046 5150 3172 5188 eum
3193 5175 3208 5198 ,
3239 5145 3294 5189 et
3330 5152 3475 5189 nun-

1890 5228 2045 5291 tiare,
2079 5228 2162 5280 vel
2194 5240 2446 5278 evocare.
2484 5226 2549 5278 Et
2571 5227 2797 5278 omnino
2823 5226 3095 5294 quidquid
3126 5226 3261 5280 foris
3292 5242 3475 5295 gesse-

1890 5316 2021 5380 rint,
2055 5316 2107 5369 in
2137 5316 2472 5368 monasterio
2500 5330 2728 5367 narrare
2757 5331 2868 5367 non
2910 5322 3266 5384 praesumant.

1959 5427 2147 5480 XXIV.
2190 5424 2462 5479 Omnibus
2505 5426 2611 5479 erit
2649 5434 2893 5493 potestas
2928 5427 3147 5495 legendi
3198 5442 3374 5496 usque
3402 5428 3470 5482 ad

1890 5517 2080 5570 horam
2115 5516 2333 5567 tertiam
2382 5531 2395 5565 :
2440 5514 2483 5567 si
2528 5524 2711 5567 tamen
2758 5516 2905 5569 nulla
2958 5531 3123 5571 causa
3164 5517 3470 5580 exstiterit,

1892 5623 1998 5676 qua
2024 5619 2249 5659 necesse
2270 5604 2342 5657 sit
2370 5604 2535 5657 etiam
2562 5603 2770 5671 aliquid
2802 5606 2941 5659 fieri.
2973 5606 3101 5659 Post
3124 5605 3311 5659 horam
3335 5621 3470 5659 vero

1893 5707 2113 5763 tertiam
2157 5702 2201 5756 si
2248 5718 2368 5772 qua:
2409 5710 2621 5757 statuta
2664 5713 2837 5769 sunt,
2886 5704 3030 5759 sicut
3071 5704 3335 5775 scriptum
3364 5712 3469 5770 est,
