4258 6358
803 339 907 406 987

2193 345 2297 408 SS.
2350 346 2662 411 PATRUM

3968 369 4077 431 988

805 472 907 524 per
952 454 1267 523 superbiam
1295 494 1310 520 ,
1348 457 1433 511 vel
1481 458 1870 529 negligentiam
1893 500 1908 523 ,
1952 459 2037 515 vel
2090 459 2381 525 desidiam,
2409 464 2462 522 Α
2485 462 2566 516 bit
2599 470 2788 518 custos
2829 464 3011 535 ianua
3032 506 3047 531 ,
3081 465 3327 522 referens
3374 469 3593 533 omnia,
3628 472 3774 527 sicut
3815 477 4075 545 superius

806 544 1243 599 intercedentem
1294 562 1403 601 non
1452 548 1799 611 custodierit,
1850 550 1989 605 sciat
2038 564 2096 603 se
2146 566 2270 605 cum
2324 553 2384 607 in

805 632 912 686 hoc
954 649 1141 688 errore
1179 635 1558 706 deprehensus
1609 639 1814 704 fuerit,
1863 641 2192 709 culpabilem
2233 644 2383 711 judi-

806 722 1041 775 candum
1068 740 1083 789 ;
1117 723 1245 793 quia
1269 741 1368 794 per
1390 742 1549 780 suum
1583 744 1831 784 errorem
1861 739 1917 783 et
1939 731 2077 784 alios
2102 731 2157 785 in
2189 734 2382 788 vitium

804 820 995 864 ωιιιη.

883 941 1047 998 XXV.
1097 942 1316 999 Cellarii
1365 963 1495 1001 vero
1538 966 1668 1004 cura
1719 954 1829 1017 sit,
1883 964 1944 1009 ut
1997 959 2385 1017 abstinentiam

804 1034 1230 1088 etsobrietatem
1264 1038 1513 1102 studens,
1537 1040 1685 1094 illata
1712 1044 1763 1095 iu
1791 1051 2124 1103 monasterio
2150 1052 2214 1105 ad
2236 1068 2386 1106 sum-

804 1134 931 1196 ptus
966 1126 1195 1180 fratrum
1235 1128 1527 1198 diligenter
1576 1144 1631 1186 et
1686 1135 1921 1191 ﬁdeliter
1956 1153 2136 1195 servet
2183 1162 2195 1195 :
2238 1144 2378 1198 nihil

804 1216 1131 1283 suscipiens.
1159 1231 1259 1269 nec
1286 1218 1585 1285 quidquam
1629 1224 1848 1278 tradens
1892 1227 2011 1281 sine
2051 1234 2378 1287 anetoritate

801 1305 886 1357 vel
908 1306 1186 1359 seniorum
1206 1308 1454 1361 consilio.
1479 1308 1579 1373 Qui
1604 1312 1765 1365 etiam
1787 1317 1968 1369 omnia
1987 1321 2236 1374 utensilia
2256 1338 2377 1390 qua:

802 1392 859 1446 in
887 1395 1219 1447 monasterio
1247 1403 1393 1461 sunt,
1436 1398 1488 1450 id
1520 1408 1624 1462 est,
1657 1410 1888 1466 vestem,
1926 1422 2039 1465 vas,
2076 1408 2377 1464 ferramen—

805 1490 939 1547 tum,
982 1494 1037 1537 et
1075 1485 1341 1554 quidquid
1384 1489 1574 1542 usibus
1625 1493 1960 1557 quotidianis
2005 1500 2377 1555 necessarium

799 1581 921 1633 est,
974 1574 1283 1637 custodiat;
1322 1585 1375 1629 et
1414 1594 1855 1649 unamquamque
1908 1601 2021 1638 rem
2068 1590 2375 1657 proferens,

800 1679 922 1716 cum
958 1664 1125 1719 fuerit
1154 1671 1547 1730 necessarium,
1572 1673 1642 1725 ab
1692 1689 1757 1727 eo
1788 1676 1983 1729 iterum
2013 1677 2077 1729 ad
2102 1696 2374 1748 reponen-

800 1750 929 1804 dum
960 1754 1045 1806 cui
1096 1758 1297 1809 utemlo
1344 1760 1751 1828 consignaverit
1787 1777 2131 1834 recepturus.
2176 1770 2253 1822 Ad
2287 1771 2371 1823 vi-
2401 1786 2448 1843 Β

798 1854 945 1898 ctum
967 1863 1097 1901 vero
1121 1849 1351 1902 fratrum
1382 1853 1623 1919 proferat
1644 1872 1706 1909 ac
1738 1859 2368 1931 tradatseptimanariis;

798 1936 864 1991 ad
895 1939 1233 1994 condiendos
1263 1942 1414 1996 cibos
1444 1944 1536 1997 det
1561 1949 1872 2002 necessaria
1903 1954 2202 2007 secundum
2235 1971 2373 2023 quo-

800 2026 1019 2081 tidianae
1039 2044 1289 2097 expeusae
1314 2035 1789 2100 consuetudinem,
1825 2054 2001 2107 neque
2033 2043 2255 2108 profuse
2281 2062 2376 2099 ne-

796 2133 904 2185 que
927 2134 1087 2172 avare
1116 2138 1129 2184 ;
1173 2136 1239 2173 ne
1264 2123 1395 2176 vitio
1421 2124 1591 2192 ipsius
1610 2127 1693 2181 vel
1720 2132 2033 2184 monasterii
2069 2134 2372 2190 substantia

795 2218 1071 2275 gravetur,
1092 2210 1175 2262 vel
1212 2210 1411 2265 fratres
1439 2214 1719 2281 patiantur
1745 2218 2020 2287 injuriam.
2058 2222 2163 2276 Sed
2192 2234 2247 2277 et
2277 2242 2373 2280 ne-

795 2298 1105 2351 cessitatem
1140 2301 1481 2356 infirmorum
1507 2304 1736 2360 fratrum
1765 2324 1827 2362 ac
1854 2310 2095 2365 laborem
2126 2316 2376 2370 conside-

794 2403 939 2451 rans,
966 2390 1100 2442 nihil
1128 2395 1506 2461 azgrotanlium
1557 2397 1849 2455 desideriis
1879 2413 2038 2472 neget
2058 2421 2124 2458 ex
2146 2406 2230 2459 his
2255 2424 2375 2475 quae

798 2479 1071 2538 habuerit.
1095 2491 1362 2549 quantum
1389 2485 1494 2537 illis
1521 2502 1746 2543 necesse
1786 2490 1970 2545 fuerit.
2018 2496 2374 2551 Advenienti-

794 2569 897 2623 bus
928 2570 1159 2626 diversis
1201 2573 1466 2629 fratribus
1496 2594 1651 2632 escas
1686 2583 1917 2648 parabit.
1955 2583 2079 2638 Ilmc
2102 2588 2207 2639 erit
2236 2603 2373 2643 cura

792 2664 1038 2717 custodis
1085 2665 1311 2728 cellarii,
1364 2683 1655 2723 recurrens
1707 2688 1924 2741 semper
1973 2676 2039 2727 ad
2094 2677 2372 2732 seniorum

792 2754 1102 2815 consilium,
1134 2764 1187 2806 et
1224 2757 1512 2822 requirens
1543 2759 1608 2812 de
1654 2762 1939 2827 omnibus,
1982 2767 2066 2818 vel
2098 2768 2373 2837 praecipue

792 2840 861 2893 de
917 2840 1003 2893 his
1054 2858 1177 2909 quae
1229 2845 1453 2911 prOprio
1491 2862 1590 2899 suo
1644 2848 1923 2905 intellectu
1972 2869 2081 2907 non
2131 2861 2370 2923 potuerit

793 2930 1115 2999 adimplere.

861 3085 1047 3139 XXVI.
1089 3086 1312 3141 Ostiarii
1347 3100 1501 3142 cura
1525 3090 1631 3153 sit,
1668 3099 1730 3144 ut
1774 3107 1966 3149 omnes
2010 3096 2365 3156 advenientes
2392 3110 2434 3168 c

792 3179 936 3231 intra
956 3180 1151 3247 januas
1173 3180 1434 3248 recipiat;
1464 3182 1599 3237 dans
1623 3184 1702 3238 eis
1730 3202 2049 3256 responsum
2075 3192 2365 3249 honestum

793 3267 947 3336 251
970 3286 1094 3323 cum
1123 3271 1434 3326 humilitate
1468 3283 1523 3326 et
1555 3279 1886 3343 reverentia,
1921 3296 1985 3335 ac
2014 3284 2193 3337 statim
2222 3303 2367 3340 nun-

794 3362 933 3414 tians
958 3364 1041 3415 vel
1070 3363 1254 3416 abbati
1280 3365 1362 3417 vel
1387 3368 1722 3434 senioribus,
1758 3372 1882 3440 quis
1904 3376 2116 3428 venerit
2150 3387 2205 3430 et
2235 3380 2367 3447 quid

792 3452 1033 3520 petierit.
1065 3453 1178 3506 Nec
1210 3453 1352 3507 ullus
1378 3463 1766 3511 extraneorum
1804 3463 2045 3528 patiatur
2069 3463 2364 3532 injuriam:

792 3559 968 3612 neque
1000 3545 1199 3599 habeat
1230 3561 1353 3599 cum
1392 3548 1575 3615 aliquo
1600 3550 1666 3602 de
1695 3550 1955 3605 fratribus
1987 3558 2366 3612 necessitatem

789 3650 852 3688 ac
880 3636 1193 3688 facultatem
1229 3638 1510 3705 loquendi,
1546 3640 1751 3708 absque
1778 3645 2115 3699 conscientia
2155 3648 2365 3707 abbatis

787 3727 875 3779 vel
907 3728 1184 3779 seniorum
1221 3729 1531 3794 praesentia.
1567 3728 1621 3782 Si
1647 3730 1776 3798 quid
1804 3747 1933 3784 vero
1962 3735 2271 3803 cuicunque
2296 3739 2364 3793 de

788 3815 1055 3869 fratribus
1109 3816 1336 3870 missum
1392 3817 1821 3887 mandatumque
1866 3821 2051 3887 fuerit,
2108 3825 2245 3879 nihil
2294 3828 2361 3880 ad

790 3907 965 3975 ipsum
1005 3908 1289 3975 perveniat
1327 3908 1643 3978 priusquam
1688 3911 1871 3963 abbati
1924 3913 2004 3965 vel
2053 3916 2362 3971 senioribus

788 3998 1085 4051 indicetur.
1110 3999 1250 4052 Ante
1285 4000 1468 4052 omnia
1491 4001 1752 4053 ostiarius
1783 4004 2101 4056 monasterii
2129 4004 2243 4057 base
2269 4007 2365 4060 ob-

786 4089 1059 4149 servabit.
1094 4104 1163 4141 ne
1191 4105 1519 4158 quemquam
1550 4090 1618 4145 de
1660 4091 1924 4145 fratribus
1970 4092 2106 4145 foris
2142 4095 2361 4163 januam

786 4180 934 4234 exire
972 4181 1272 4249 permittat.

855 4334 1066 4388 XXVII.
1100 4334 1153 4388 Si
1180 4335 1303 4403 quis
1323 4336 1615 4388 accesserit
1641 4335 1705 4388 ad
1740 4338 1939 4391 ostium
1974 4339 2163 4392 volens
2193 4356 2360 4394 szecu-

786 4422 840 4476 lo
877 4426 1192 4477 renuntiare
1215 4465 1227 4485 ,
1258 4434 1311 4477 et
1350 4424 1581 4477 fratrum
1628 4428 1907 4495 aggregari
1944 4444 2175 4481 numero
2201 4470 2214 4492 ,
2249 4447 2358 4484 non

787 4515 984 4570 habeat
1016 4517 1323 4570 libertatem
1348 4517 1592 4570 intrandi
1621 4536 1633 4570 :
1664 4518 1756 4571 sed
1782 4521 1934 4587 prius
1961 4521 2246 4574 nuntietur
2266 4523 2363 4577 Pa-

784 4605 852 4657 tri
889 4608 1230 4665 monasterii,
1264 4616 1318 4660 et
1344 4607 1587 4660 manebit
1614 4609 1803 4676 paucis
1833 4609 2026 4663 diebus
2068 4611 2202 4665 foris
2240 4620 2363 4665 ante

778 4698 999 4764 ianuam
1027 4736 1041 4759 ,
1100 4712 1162 4748 ac
1209 4696 1500 4751 docebitur
1546 4699 1852 4753 orationem
1906 4700 2265 4764 Dominicam,
2310 4716 2365 4758 et

782 4786 1038 4853 psalmos,
1067 4797 1294 4853 quantos
1321 4790 1562 4855 potuerit
1586 4790 1833 4853 discere;
1866 4800 1920 4843 et
1958 4792 2247 4861 diligenter
2274 4788 2359 4846 sui

780 4881 1214 4945 experimentum
1246 4880 1420 4943 dabit,
1456 4895 1525 4935 ne
1557 4882 1698 4935 forte
1722 4884 1847 4935 mali
1888 4884 2173 4952 quidpiam
2212 4884 2355 4938 fece-

782 4968 887 5029 rit,
920 4978 979 5022 ut
1020 4970 1272 5025 turbatus
1298 4970 1364 5023 ad
1406 4972 1594 5025 horam
1636 4973 1834 5027 timore
1866 4974 2219 5036 discesserit,
2262 4982 2357 5028 aut

782 5057 884 5110 sub
920 5059 1099 5125 aliqua
1123 5067 1389 5127 potestate
1425 5061 1521 5125 sit;
1552 5070 1608 5115 ct
1635 5071 1819 5115 utrum
1842 5066 2015 5131 possit
2041 5065 2353 5119 renuntiare

780 5146 1100 5211 parentibus
1120 5147 1255 5213 suis,
1276 5156 1333 5202 et
1350 5151 1622 5219 propriam
1646 5161 1997 5205 contemnere
2017 5153 2350 5209 facultatem.

782 5235 835 5288 Si
865 5251 989 5289 eum
1019 5238 1257 5291 viderint
1287 5249 1474 5309 aptum
1520 5241 1584 5294 ad
1630 5242 1849 5305 omnia,
1892 5249 2023 5296 tunc
2064 5242 2352 5298 docebitur

779 5332 835 5376 et
865 5326 1100 5395 reliquas
1134 5332 1451 5386 monasterii
1496 5332 1817 5401 disciplinas
1845 5349 1859 5397 ;
1897 5348 2019 5401 qua:
2046 5333 2221 5388 facere
2252 5337 2351 5389 de-

779 5412 939 5478 beat,
975 5417 1283 5488 quibusque
1323 5423 1549 5485 servire,
1591 5424 1705 5476 sive
1744 5422 1800 5475 iu
1844 5424 2072 5477 collecta
2102 5426 2354 5507 omnim

779 5502 1030 5572 fratrum,
1059 5509 1174 5563 sive
1217 5512 1273 5564 in
1315 5511 1477 5566 domo
1517 5513 1605 5567 cui
1652 5514 1948 5568 tradendus
1989 5525 2100 5584 est.
2145 5517 2259 5569 sive
2293 5502 2345 5571 iii

778 5600 1030 5653 vescendi
1063 5601 1255 5657 ordine
1294 5620 1307 5656 :
1344 5612 1405 5657 ut
1444 5605 1747 5659 instructus
1779 5615 1941 5674 atque
1986 5608 2260 5675 perfectus
2291 5609 2344 5663 in

775 5691 923 5747 omni
955 5708 1119 5751 onere
1152 5694 1297 5751 bono
1318 5695 1578 5754 fratribus
1597 5698 1905 5768 copuletur.
1936 5698 2056 5755 llaec
2085 5700 2342 5756 observa-

2482 552 2751 620 scriptum
2793 563 2899 620 est,
2926 564 2984 609 et
3008 556 3345 609 annuntians
3377 558 3712 612 senioribus.

2552 689 2789 744 XXVIII.
2827 690 3213 761 Septimanarii
3245 694 3312 747 ad
3346 695 3502 748 cibos
3543 694 3848 763 parandos,
3880 697 3971 750 vel
4002 699 4069 752 ad

2480 781 2771 835 luminaria
2796 783 3198 847 concinnanda,
3224 786 3309 839 vel
3344 785 3410 838 ad
3444 786 3654 839 nitores
3679 786 3989 848 faciendos,
4016 798 4072 842 et

2484 887 2606 938 qua:
2648 874 2714 925 ad
2756 873 3086 942 obsequium
3124 892 3366 944 ususque
3408 877 3725 930 monasterii
3761 881 4068 946 pertinent,

2483 975 2701 1029 semper
2728 964 2900 1031 parati
2933 964 3065 1017 sint.
3102 966 3211 1018 Hos
3246 966 3395 1019 nulla
3429 967 3537 1020 alia
3566 971 3867 1021 necessitas
3894 984 4072 1022 occu-

2482 1058 2595 1117 pet,
2640 1052 2736 1104 sed
2778 1052 2831 1105 in
2864 1052 2969 1106 hoc
3010 1053 3252 1107 studium
3282 1056 3623 1124 impendant,
3648 1069 3707 1110 ut
3735 1074 3847 1110 rem
3875 1074 4071 1113 susce-

2478 1145 2626 1201 ptam
2686 1136 2900 1189 utiliter
2945 1149 3001 1189 et
3054 1137 3346 1206 diligenter
3387 1140 3674 1207 impleant.
3724 1140 3793 1195 Et
3836 1142 3882 1194 si
3929 1143 4067 1209 quid

2474 1223 2615 1277 forte
2647 1227 2988 1281 neseiuutde
3022 1228 3107 1281 his
3133 1244 3254 1297 quae
3290 1245 3449 1298 agere
3474 1231 3710 1293 debent,
3744 1232 3865 1285 sine
3903 1232 4071 1286 dissi-

2476 1316 2776 1371 mulatione
2801 1319 3050 1374 seniores
3088 1335 3217 1373 suos
3242 1335 3460 1390 semper
3484 1322 3844 1392 interrogent.

2546 1452 2738 1507 XXIX.
2771 1453 2836 1507 Ili
2874 1453 3059 1522 itaque
3098 1454 3303 1523 quibus
3345 1454 3672 1523 disciplina,
3712 1458 3797 1511 vel
3830 1459 4067 1526 utilitas,

2473 1545 2559 1597 vel
2587 1546 2797 1613 opinio,
2840 1546 2922 1599 vel
2955 1546 3285 1613 obsequium
3324 1549 3645 1601 monasterii
3678 1550 3957 1613 creditur,
3985 1553 4070 1605 of-

2475 1634 2596 1689 ficia
2625 1636 2729 1688 sibi
2778 1637 3025 1705 injuncta
3068 1636 3303 1689 fideliter
3327 1638 3648 1690 custodiant
3682 1648 3749 1699 et,
3774 1640 4065 1707 impleant.

2482 1727 2590 1780 llos
2614 1729 2761 1780 enim
2801 1744 2989 1782 errare
3030 1745 3140 1782 non
3173 1728 3354 1791 decet,
3388 1730 3482 1796 qui
3521 1730 3586 1782 ad
3628 1745 3821 1783 onmes
3843 1746 4069 1785 errores

2477 1818 2852 1871 emendandos
2890 1819 3167 1887 praepositi
3214 1828 3365 1873 sunt.
3408 1820 3511 1884 Qui
3554 1819 3600 1872 si
3640 1820 3723 1873 vel
3776 1821 4062 1888 superbia,

2470 1908 2555 1959 vel
2582 1909 2929 1976 negligentia,
2955 1910 3039 1962 vel
3072 1910 3284 1962 desidia
3317 1910 3499 1977 aliqua
3543 1926 3604 1962 ex
3634 1910 3719 1963 his
3750 1912 4064 1979 praetermi-

2472 1998 2643 2051 serint
2670 2016 2791 2067 qua:
2815 2002 2868 2053 in
2904 2001 3089 2070 regula
3115 2000 3472 2054 continentur
3496 2041 3508 2062 ,
3541 2016 3641 2068 per
3673 2001 3932 2070 ipsosque
3968 2002 4064 2057 de—

2470 2092 2701 2145 structio
2729 2108 2849 2145 esse
2880 2093 3107 2161 coeperit
3138 2109 3236 2161 per
3272 2108 3410 2161 quos
3435 2092 3601 2145 debet
3624 2092 3916 2146 aedificatio
3942 2109 4065 2147 cre-

2470 2198 2645 2247 scere,
2670 2185 2925 2238 omnibus
2947 2185 3503 2240 condemnationibus
3525 2200 3663 2255 quas
3694 2186 3886 2255 regula
3920 2200 4063 2240 con-

2473 2276 2632 2339 tinet,
2661 2277 3043 2347 subjacebunt.

2542 2411 2708 2465 XXX.
2747 2414 2898 2466 inter
2934 2430 3126 2468 omnes
3171 2415 3365 2469 fratres
3403 2414 3508 2468 hoc
3548 2415 3961 2481 observabitur,
4001 2430 4061 2471 ut

2472 2501 2794 2556 obedientes
2822 2504 3139 2556 senioribus
3170 2504 3309 2565 suis,
3335 2514 3389 2558 et
3418 2505 3730 2558 deferentes
3769 2506 3875 2559 sibi
3922 2508 4059 2559 invi-

2473 2600 2612 2650 cem,
2639 2587 2877 2641 habeant
2907 2591 3245 2657 patientiam,
3280 2592 3738 2653 moderationem,
3774 2593 4060 2647 humilita-

2474 2684 2603 2733 tem.
2636 2677 2983 2743 eharitatetn,
3015 2696 3205 2748 pacem
3228 2682 3346 2734 sine
3375 2680 3633 2750 figmento
3654 2692 3709 2736 et
3740 2685 4057 2750 mendacio,

2471 2774 2527 2819 et
2553 2768 2959 2834 maledictione,
2996 2780 3051 2824 et
3085 2771 3443 2834 verbositate,
3484 2782 3538 2824 et
3563 2774 3789 2841 jurandi
3822 2790 4061 2829 consue—

2472 2853 2693 2908 tudine:
2726 2856 2798 2910 ita
2826 2868 2887 2912 ut
2923 2874 3085 2912 nemo
3112 2875 3271 2913 suum
3311 2861 3607 2930 quidquam
3644 2864 3911 2924 vindicet,
3957 2881 4056 2919 ne-

2469 2962 2575 3014 que
2604 2949 2750 3001 ullus
2774 2950 2982 3017 aliquid
3014 2952 3365 3019 peculiariter
3401 2962 3659 3021 usurpet;
3689 2954 3785 3005 sed
3815 2954 4059 3009 habeant

2470 3037 2654 3091 omnia
2680 3040 3014 3096 communia.

2543 3169 2737 3224 XXXI.
2772 3172 2899 3226 Sine
2931 3174 3211 3227 seniorum
3236 3175 3407 3231 verbo
3426 3185 3481 3228 et
3512 3176 3838 3229 auctoritate
3870 3179 4060 3231 nullus

2468 3259 2695 3313 fratrum
2745 3262 3047 3331 quidquam
3090 3272 3213 3332 agat
3250 3281 3263 3315 :
3306 3280 3488 3333 neque
3529 3266 3765 3333 accipiat
3807 3268 4055 3336 aliquid,

2466 3366 2645 3419 neque
2670 3352 2794 3417 det;
2828 3370 3004 3421 neque
3037 3370 3265 3423 usquam
3291 3371 3519 3424 prorsus
3546 3358 3833 3425 procedat.

2543 3481 2759 3536 XXXII.
2800 3484 2937 3538 Cum
2979 3501 3111 3540 vero
3142 3486 3365 3540 inventa
3406 3487 3573 3541 fuerit
3604 3491 3784 3559 culpa,
3829 3494 3921 3548 ille
3962 3498 4055 3564 qui

2473 3575 2762 3642 culpabilis
2778 3576 3077 3641 invenitur,
3098 3579 3430 3647 corripiatur
3447 3580 3514 3633 ab
3532 3582 3728 3635 abbate
3753 3588 4053 3640 secretius.

2471 3660 2625 3727 Quod
2659 3664 2701 3717 si
2730 3681 2836 3717 non
2868 3666 3067 3720 sufﬁcit
3100 3667 3166 3720 ad
3202 3669 3644 3725 emendationem
3670 3714 3683 3735 ,
3716 3678 4056 3745 corripiatur

2470 3768 2499 3805 a
2534 3756 2720 3821 paucis
2759 3757 3092 3811 senioribus.
3129 3758 3285 3824 Quod
3320 3761 3364 3812 si
3396 3777 3497 3818 nec
3526 3764 3604 3816 sic
3643 3766 4051 3832 emendaverit,

2468 3845 3014 3910 excommunicetur;
3050 3856 3104 3899 et
3129 3863 3240 3900 nou
3269 3850 3563 3905 manducet
3594 3854 3920 3922 quidquam.
3950 3859 4052 3913 Cui

2465 3934 2510 3986 si
2539 3951 2605 3988 ne
2643 3936 2747 3990 hoc
2784 3939 3005 4007 quidem
3047 3940 3351 4009 profuerit,
3380 3944 3432 3996 in
3470 3946 3717 4012 quolibet
3765 3948 3889 4001 loco
3927 3951 4051 4004 fue-

2463 4026 2554 4085 rit,
2587 4040 2896 4094 postremus
2938 4030 3081 4083 inter
3102 4047 3293 4085 omnes
3332 4034 3386 4085 in
3424 4036 3693 4103 psallendi
3722 4040 3922 4094 ordine
3946 4058 4047 4110 po—

2463 4126 2645 4169 natur.
2698 4118 2852 4183 Quod
2907 4122 2949 4173 si
3005 4121 3057 4175 in
3127 4125 3395 4191 pravitate
3464 4138 3826 4193 perseverat,
3878 4136 4047 4187 etiam

2460 4212 2727 4279 psallendi
2766 4214 2815 4267 ei
2858 4214 3087 4269 facultas
3131 4217 3432 4271 auferatur.
3479 4220 3652 4285 Quem
3700 4223 3744 4275 si
3794 4226 3882 4278 vel
3935 4227 4049 4279 lucc

2460 4302 2710 4357 confusio
2748 4320 2855 4357 non
2888 4310 3269 4369 commoverit,
3315 4310 3655 4365 abstineatur
3688 4331 3717 4365 a
3763 4329 4043 4370 conventu

2395 4387 2433 4438 D
2464 4391 2688 4444 fratrum
2718 4410 2731 4456 ;
2763 4394 2835 4445 ita
2862 4405 2919 4447 ut
2945 4410 3045 4448 nec
3073 4412 3273 4451 mensae
3298 4438 3311 4459 ,
3339 4415 3441 4452 nec
3465 4400 3639 4453 Missae
3679 4402 3921 4465 intersit,
3955 4423 4047 4460 ne-

2460 4498 2567 4551 que
2598 4499 2721 4537 cum
2749 4500 2816 4538 eo
2851 4487 2996 4539 ullus
3027 4486 3196 4541 frater
3226 4489 3292 4543 de
3321 4492 3635 4560 junioribus
3666 4497 4042 4564 colloquatur.

2462 4572 2847 4628 Abstinebitur
2871 4586 3052 4629 autem
3091 4589 3199 4631 tam
3227 4579 3342 4643 diu,
3381 4599 3543 4649 quam
3567 4585 3659 4637 diu
3688 4587 3769 4638 vel
3803 4590 4044 4655 qualitas

2462 4665 2634 4733 culpa:
2678 4668 3022 4734 poposcerit,
3060 4672 3363 4724 secundum
3409 4674 3622 4727 abbatis
3650 4692 3713 4729 ac
3753 4680 4039 4733 seniorum

2462 4755 2786 4820 arbitrium;
2846 4758 2932 4811 vel
2982 4775 3040 4813 se
3083 4776 3149 4813 ex
3200 4764 3364 4816 corde
3402 4765 3512 4832 'pro
3564 4768 3725 4835 culpa
3761 4772 4041 4836 paenitens

2461 4845 2832 4901 bumiliaverit
2856 4890 2869 4911 ,
2905 4858 2960 4902 et
2986 4852 3200 4904 veniam
3234 4856 3438 4909 erroris
3478 4857 3560 4908 sui
3611 4860 3868 4914 omnibus
3902 4878 4040 4929 prae-

2460 4938 2705 4990 sentibus
2743 4942 2983 5007 petierit.
3042 4944 3196 5007 Quod
3256 4947 3300 4999 si
3354 4946 3408 4999 in
3468 4947 3690 5003 fratrem
3744 4956 4033 5020 peccavit,

2456 5028 2622 5081 etiam
2672 5029 2740 5082 ab
2783 5047 2849 5085 eo
2903 5031 3072 5088 fratre
3130 5037 3346 5089 veniam
3401 5047 3570 5106 petat,
3625 5042 3715 5094 cui
3774 5041 4033 5111 injuriaiu

2455 5117 2605 5172 fecit.

2525 5230 2762 5285 XXXIII.
2808 5232 2861 5286 Si
2897 5235 3022 5302 quis
3056 5238 3229 5291 errori
3276 5242 3396 5309 ejus
3434 5247 3775 5297 consenserit
3800 5286 3813 5306 ,
3855 5260 3913 5299 et
3947 5264 4031 5301 se-

2454 5323 2692 5375 cundum
2742 5324 3001 5379 duritiam
3046 5329 3194 5383 illius
3238 5332 3412 5399 magis
3446 5336 3735 5389 consilium
3786 5339 4026 5402 dederit,

2454 5421 2514 5465 ut
2543 5429 2600 5467 se
2634 5416 2845 5470 tardius
2876 5418 3153 5483 humiliet,
3185 5423 3327 5476 sciat
3357 5440 3415 5477 se
3455 5441 3577 5478 cum
3614 5428 3666 5480 in
3701 5429 3803 5483 hoc
3833 5446 4029 5485 errore

2455 5502 2617 5559 fuerit
2650 5506 3057 5575 deprehensus,
3094 5512 3259 5565 sl‘mili
3307 5515 3469 5568 modo
3516 5519 3842 5585 culpabilem
3878 5522 4029 5589 judi-

2452 5597 2709 5650 candum.

2534 5705 2769 5763 XXXIV.
2803 5707 2915 5762 lloc
2938 5709 3102 5766 etiam
3130 5712 3442 5772 addendum
3475 5717 3612 5785 fuit;
3646 5729 3706 5775 ut
3740 5720 3909 5776 frater
3931 5726 4025 5793 qui
