4258 6358
160 371 272 438 989
1414 363 1725 426 REGULA
1763 357 2245 424 ORIENTALIS.
3307 351 3413 415 990

160 476 264 530 pro
288 455 535 527 qualibet
553 454 716 523 culpa
741 453 991 523 arguitur
1016 452 1100 507 vel
1131 452 1447 522 inerepatur
1464 491 1479 516 ,
1522 453 1735 522 paticu-
1761 452 1813 511 Λ
1836 448 2111 518 Evangelii
2151 452 2506 516 praeceptum.
2530 449 2586 496 et
2612 438 2939 511 praebebunt
2967 440 3051 495 eis
3071 439 3263 494 omnia
3295 456 3418 511 qua:

160 552 297 605 tiam
334 548 554 609 habeat,
590 553 648 599 et
682 560 793 598 non
835 542 1167 613 respondeat
1206 542 1456 613 arguenti
1494 556 1554 597 se
1591 558 1605 595 :
1640 540 1739 596 sed
1845 546 1971 610 apta
2013 546 2142 593 sunt
2174 536 2300 592 usui
2329 532 2744 589 monachorum.

162 641 422 696 humum
455 652 514 692 se
540 653 595 690 In
626 635 907 698 omnibus’
947 643 1005 688 ei
1034 632 1312 688 emendet'
1915 673 2052 729 XLI.
2092 671 2151 728 Si
2197 671 2322 741 quis
2352 671 2419 726 ad
2453 672 2657 727 ostium
2697 668 3016 725 monasterii
3057 667 3293 730 venerit,
3342 666 3426 719 di-

231 770 454 828 XXXV.
506 767 561 825 Si
592 783 730 823 vero
765 767 934 822 fuerit
959 766 1160 835 aliquis
1183 774 1295 820 tam
1329 762 1504 819 durus
1540 771 1595 818 et
1632 770 1742 817 tam
1849 782 1981 822 cens
2002 766 2141 819 velle
2167 779 2227 819 se
2250 763 2438 818 videre
2463 761 2684 816 fratrem
2709 775 2869 815 suum
2892 758 2979 813 vel
3030 757 3423 828 propinquum,

160 867 385 919 alienus
417 878 448 917 a
477 862 677 915 timore
707 860 949 920 Domini.
990 866 1052 912 ut
1081 866 1160 911 tot
1202 853 1662 926 castigationibus
1688 859 1746 905 ct

1745 891 1746 898 η
1846 858 2051 929 janitor
2078 854 2359 911 nuntiabit
2396 853 2603 917 abbati,
2627 861 2683 906 et
2704 853 3059 921 permittente
3085 864 3154 904 eo
3192 847 3426 915 accipiet

162 964 246 1010 tot
274 951 694 1008 remissionibus
724 965 832 1003 non
860 948 1142 1011 emendet,
1173 946 1500 1017 projiciatur
1527 942 1595 997 de
1629 954 1748 995 mo-
1852 949 2109 1005 cnmitcm
2135 948 2293 1017 cujus
2320 946 2454 1000 fides
2484 943 2711 1014 probata
2741 953 2863 1007 est;
2893 951 2949 998 et
2975 943 3054 997 sic
3079 941 3332 995 mittetur
3358 938 3425 992 ad

165 1046 454 1109 nasterio,
503 1052 559 1097 et
594 1042 746 1095 velut
797 1050 1096 1095 extraneus
1147 1038 1418 1094 habeatur
1451 1052 1464 1090 :
1505 1050 1574 1091 ne
1614 1033 1748 1090 vitio
1855 1036 2080 1091 fratrem
2112 1034 2408 1089 videndum
2435 1032 2519 1086 vel
2546 1030 2878 1102 proximum.

166 1140 345 1210 ipsius
376 1137 469 1191 alii
502 1134 911 1204 peridnemur'
1924 1168 2086 1224 XLII.
2125 1167 2180 1223 Si
2231 1165 2577 1237 propinquus
2627 1164 2861 1234 alicujus
2912 1172 3165 1218 mortuus
3214 1160 3424 1223 fuerit,

237 1271 483 1327 XXXVI.
523 1269 679 1336 Quod
723 1269 770 1323 si
810 1268 1009 1338 aliquis
1046 1267 1264 1321 locutus
1294 1263 1505 1326 fuerit,
1551 1261 1638 1316 vel
1678 1260 1755 1314 ri-
1858 1260 2228 1335 prosequendi
2263 1260 2429 1313 funus
2458 1273 2569 1310 non
2604 1257 2831 1309 habebit
2862 1254 3163 1318 licentiam,
3188 1252 3295 1308 nisi
3330 1252 3430 1306 Pa-

168 1366 309 1421 serit
364 1365 421 1417 in
466 1360 762 1423 vescendo,
814 1361 1162 1423 increpetur,
1208 1367 1265 1412 et
1311 1365 1434 1426 agat
1480 1353 1755 1424 pmniten-
1861 1366 1945 1411 ter
1976 1350 2292 1407 monasterii
2326 1348 2664 1418 praeceperit.

167 1455 328 1509 tiam-
1931 1466 2115 1541 mu.
2156 1483 2349 1539 Nullus
2380 1481 2449 1538 de
2489 1482 2653 1538 horto
2678 1480 2834 1536 tollat
2869 1479 3040 1540 olera,
3078 1476 3180 1531 nisi
3206 1476 3275 1530 ab
3307 1475 3436 1529 hor-

241 1587 509 1642 XXXVII.
553 1586 609 1640 Si
631 1584 756 1653 quis
784 1582 853 1638 ad
886 1580 1331 1637 manducandum
1361 1578 1575 1633 tardius
1596 1590 1757 1632 vene-
1862 1568 2057 1632 mum
2077 1575 2373 1645 acceperit.

170 1681 248 1733 rit
280 1680 487 1746 absque
516 1676 737 1746 majoris
768 1676 1020 1743 imperio,
1054 1673 1309 1727 similiter
1332 1678 1454 1739 agat
1483 1669 1759 1738 poeniten-

203 1698 248 1781 δι
280 1698 487 1781 “squ?
516 1698 737 1781 “imor.”
768 1698 1020 1778 ΜικίΠυῖ
1049 1698 1308 1778 "mm"
1332 1698 1759 1781 δδῗδΪωωσω
1932 1709 2116 1765 XLIV.
2156 1708 2328 1763 Nemo
2350 1706 2506 1760 alteri
2538 1706 2795 1773 loquatur
2832 1704 2887 1757 in
2929 1700 3172 1756 tenebris
3200 1717 3212 1753 :
3249 1698 3437 1753 nullus

175 1772 337 1835 tiam,
376 1778 472 1823 aut
498 1768 569 1822 ad
593 1767 786 1822 cellam
817 1781 973 1820 suam
992 1767 1211 1837 jejunus
1248 1770 1576 1818 revertatur.

1789 1799 1832 1856 Β
1862 1802 1916 1856 in
1943 1796 2285 1870 psiatho(9.8)
2316 1811 2439 1851 cum
2462 1796 2635 1849 altero
2661 1795 2897 1848 dormiat
2927 1813 2941 1846 :
2966 1806 3185 1846 manum
3211 1791 3439 1847 alterius

245 1904 536 1959 XXXVIII.
578 1903 635 1958 Si
665 1900 874 1971 aliquid
906 1899 1278 1955 necessarium
1318 1896 1485 1951 fuerit
1518 1894 1573 1948 in
1601 1907 1755 1946 men-
1856 1908 2019 1948 nemo
2046 1899 2268 1945 teneat:
2303 1886 2399 1941 sed
2436 1887 2551 1941 sive
2587 1886 2843 1947 steterit,
2890 1884 3005 1937 sive
3045 1883 3427 1944 ambulaverit,

178 2011 269 2057 sa,
303 2009 468 2048 nemo
494 1993 721 2047 audebit
747 1991 925 2062 loqui,
957 1989 1053 2045 sed
1076 1987 1521 2043 ministrantibus
1540 1985 1755 2053 signum
1857 1984 1973 2039 sive
2007 1982 2233 2045 sederit,
2265 1994 2375 2034 uno
2399 1977 2587 2033 cubito
2615 1975 2782 2029 distet
2820 1974 2888 2028 ab
2920 1975 3115 2027 altero.

183 2087 309 2140 soni
346 2085 518 2139 dabit.
567 2084 801 2137 Ministri
842 2097 972 2136 vero
1013 2081 1219 2147 absque
1258 2078 1344 2131 his
1381 2090 1502 2145 quae
1530 2073 1586 2127 in
1610 2087 1761 2127 com-

180 2192 348 2231 nume
391 2174 654 2229 fratribus
695 2181 1001 2243 νημαι-δια
1035 2179 1186 2233 sunt,
1220 2169 1356 2222 nihil
1397 2165 1547 2221 aliud
1576 2178 1762 2219 come-

181 2269 337 2331 dant,
361 2283 462 2321 ne:
486 2272 725 2319 mutatos
759 2265 915 2319 cibos
941 2262 1046 2317 sibi
1081 2262 1320 2315 audeant
1351 2271 1683 2329 praeparare.

1927 2118 2087 2173 XLV.
2127 2115 2184 2170 Si
2210 2116 2335 2185 quis
2359 2112 2546 2168 tulerit
2575 2125 2688 2165 rem
2718 2124 2829 2163 non
2852 2124 3030 2170 suam,
3064 2115 3301 2176 ponetur
3331 2120 3424 2157 su-

1859 2225 1958 2280 per
1989 2209 2250 2261 humeros
2278 2206 2428 2275 ejus;
2459 2214 2517 2259 et
2543 2202 2623 2258 sic
2659 2209 2782 2271 agat
2811 2200 3188 2270 paenitentiam
3216 2195 3437 2266 publice

1862 2300 1921 2355 in
1958 2298 2210 2354 collecta.

253 2399 502 2456 XXXIX.
537 2398 709 2453 Nemo
740 2397 863 2467 plus
892 2395 1053 2450 alteri
1076 2393 1229 2448 dabit
1250 2406 1415 2464 quam
1441 2390 1579 2444 alter
1607 2402 1764 2443 acce-

184 2493 302 2563 pit:
342 2490 491 2561 quod
513 2490 558 2543 si
596 2488 919 2542 obtenditur
947 2486 1258 2548 infirmitas,
1305 2480 1631 2552 praepositus
1664 2477 1767 2532 do-

187 2599 313 2636 mus
336 2590 528 2651 perget
549 2579 615 2634 ad
640 2580 921 2633 ministros
947 2574 1356 2645 aegrotantium,
1375 2582 1432 2628 et
1451 2571 1520 2626 ab
1543 2570 1628 2625 his
1646 2583 1767 2639 qua:

188 2675 503 2731 necessaria
537 2682 664 2727 sunt
695 2671 949 2739 accipiet.

1940 2672 2146 2730 XLVII.
2186 2671 2288 2739 Qui
2314 2669 2589 2725 consentit
2623 2667 2884 2739 peccatis,
2914 2674 2971 2721 et
3004 2664 3251 2719 defendit
3279 2664 3443 2719 alium

1871 2767 2307 2836 delinquentem,
2337 2762 2656 2817 maledictus
2692 2762 2799 2814 crit
2822 2758 2966 2828 apud
2990 2759 3159 2811 Deum
3184 2764 3241 2812 et
3267 2756 3447 2811 homi-

1871 2873 1991 2924 nes,
2021 2863 2079 2912 et
2096 2854 2427 2924 corripietur
2459 2851 2832 2921 increpatione
2871 2847 3237 2903 severissima.

1934 2430 2115 2485 XLVI.
2174 2428 2230 2484 Si
2258 2426 2581 2497 prapositus
2609 2424 2810 2494 injuste
2830 2422 3185 2493 iudicaverit,
3219 2420 3436 2490 injusti-

1867 2524 1957 2579 tize
1981 2523 2051 2577 ab
2080 2520 2203 2575 aliis
2228 2518 2709 2575 conilemnabitur.

262 2810 379 2864 XL.
416 2807 649 2875 Quando
680 2806 747 2860 ad
778 2807 982 2861 ostium
1028 2802 1353 2860 monasterii
1392 2798 1561 2871 aliqui
1603 2810 1772 2853 vene—

193 2904 328 2960 rint.
365 2902 411 2956 si
451 2900 638 2955 clerici
665 2899 872 2953 fuerint
897 2907 992 2952 aut
1025 2895 1305 2958 monachi,
1337 2892 1531 2963 majori
1560 2891 1773 2945 honore

194 2994 575 3061 sascipientur
627 3008 641 3044 :
698 2989 1069 3059 lavabuntque
1120 2986 1289 3057 pedes
1340 2998 1574 3047 eorum,
1619 2981 1773 3050 juxta

274 3188 387 3259 (ἓὸ)
416 3184 940 3259 ΡείαιΙιολξείσιπειιῃ
969 3183 1085 3236 sive
1115 3180 1413 3259 Pramum,
1442 3256 1451 3259 Α
1478 3182 1564 3231 est
1622 3181 1773 3259 teges
1885 3152 2545 3259 dtlllp‘niltnggontgagzn
2574 3138 3450 3259 Vl:.aPIl’éRIOI?:.:.I=lep-avli3:

274 3208 387 3259 tu)
416 3208 940 3241 rnatumruaumm
969 3208 1085 3236 sive
1115 3208 1413 3240 rluuruuu,
1478 3208 1564 3231 σοι
1624 3208 1773 3242 ιυδυσ
1885 3208 2015 3219 ν--η
3010 3208 3013 3209 ,
3343 3210 3352 3220 _

200 3260 321 3317 sive
355 3267 556 3318 storea,
583 3271 651 3309 ex
686 3255 854 3325 junco
882 3254 997 3307 sive
1019 3265 1224 3322 papyro
1243 3248 1643 3325 confecta,_qua
1679 3254 1777 3307 pro
1884 3234 1960 3325 ad.
2357 3222 2733 3325 itifILodgag;
2765 3216 3271 3325 7g;2?$“”-—
3295 3208 3455 3266 νιάθ·

202 3287 1778 3397 {aisaiiag‘adasininaﬁ'aazrmassa:
1884 3303 1963 3359 δίε
1981 3300 2244 3370 Canem
2278 3298 2335 3351 ίιι
2374 3287 2664 3355 σίοεδατίδι
2784 3287 3072 3343 “tum
