4258 6358
808 310 908 379 991
1964 310 2060 372 AD
2094 308 2452 372 PALLADII

2397 309 2452 370 [Ι
2490 308 2922 371 LAUSIACAM
3970 312 4078 373 992

819 526 4044 561 ω

1903 745 2946 925 PALLADII

1590 1102 2661 1199 HELENOPOLITANI
2738 1106 3281 1201 EPISCOPI

1426 1414 2338 1575 HISTORIA
2449 1415 3439 1574 LAUSIACA.

1620 1946 2149 2023 PBJEFATIO
2205 1944 2522 2025 GENTI
2543 1948 2711 2025 AN]
2796 1942 3265 2024 HEBVETI.

886 2387 980 2447 De
1010 2383 1462 2448 monachorum
1486 2386 1636 2457 vita,
1665 2386 1952 2449 moribus
1980 2394 2042 2447 et
2072 2386 2409 2461 institutis,
2434 2404 2578 2450 cum
2613 2389 2797 2450 multi
2824 2388 3021 2450 multa
3045 2387 3315 2466 sparsim
3348 2385 3725 2465 scripserint
3763 2433 3775 2445 .
3805 2386 4062 2446 Lausus

809 2487 1197 2563 prmpositus
1275 2486 1501 2548 utilem
1563 2486 1955 2548 historiam:
2009 2487 2351 2549 Cassianus
2425 2488 2799 2549 collationos
2859 2509 2875 2549 :
2938 2488 3340 2565 Saphronius
3418 2486 4060 2565 Hierosolymitanus

807 2598 1099 2668 paratum
1144 2598 1204 2652 et
1253 2608 1489 2653 novum
1526 2590 1886 2668 paradisum
1938 2590 2128 2653 titulo
2176 2592 2448 2653 ediderit
2483 2614 2496 2653 :
2536 2594 2972 2673 Hieronymus
3011 2594 3379 2669 aliquorum
3414 2592 3573 2652 vitas
3609 2608 3622 2650 :
3658 2588 3943 2649 Basilius
3997 2587 4062 2645 in

810 2694 1087 2753 ascetico
1118 2693 1372 2772 regulas
1408 2714 1423 2752 :
1463 2694 1804 2755 Damianus
1829 2701 1890 2755 et
1921 2694 2059 2755 Odo
2102 2712 2202 2755 res
2246 2704 2454 2788 gestas
2490 2697 2661 2760 :duo
2698 2705 2906 2759 tamen
2952 2695 3353 2757 celeberrimi
3405 2704 3464 2755 et
3510 2695 3716 2771 magni
3770 2689 4060 2753 nominis

808 2802 1120 2863 auctores,
1157 2795 1478 2855 Palladius
1510 2803 1570 2855 et
1602 2796 2067 2869 Theodoretus,
2102 2814 2171 2858 ea
2208 2792 2560 2859 litte‘iiarum
2606 2800 3019 2862 monimentis
3068 2802 3550 2866 mandaverunt,
3590 2814 3734 2875 qum
3776 2798 3961 2872 (cum
4012 2795 4053 2852 ii

809 2897 891 2955 de
924 2894 1162 2972 quibus
1204 2895 1514 2967 scribunt,
1569 2896 1829 2975 Sytiotaa
1874 2905 1935 2957 et
1975 2898 2375 2959 Tabensiotm
2408 2901 2741 2975 videlicet,
2800 2903 2901 2963 vel
2955 2902 3209 2963 illorum
3252 2899 3678 2977 temporibus,
3715 2896 3813 2958 vel
3863 2896 4061 2971 paulo

809 3001 956 3054 ante
1003 3008 1225 3052 eorum
1273 3001 1555 3069 tempora
1602 2995 1907 3073 vixerint)
1954 3004 2061 3056 aut
2090 3012 2124 3055 a
2159 2996 2311 3056 viris
2364 2998 2483 3058 ﬁde
2518 3000 2731 3078 dignis
2776 3001 2885 3077 qui
2930 3017 3002 3061 ea
3036 3001 3354 3072 viderant,
3399 3015 3735 3075 accepere,
3781 3004 3892 3056 aut
3934 2997 4061 3073 ipsi

811 3094 950 3155 suis
991 3093 1199 3153 oculis
1238 3101 1581 3167 praesentes
1626 3112 2034 3171 perspexero.
2077 3097 2367 3168 Quorum
2409 3097 2567 3159 alter
2608 3099 2894 3176 quidem,
2940 3116 3168 3176 nempe
3218 3097 3568 3169 Palladius,
3602 3105 3785 3156 antea
3834 3096 4061 3155 Latine

815 3211 1062 3266 versus,
1121 3194 1243 3255 sub
1296 3196 1654 3256 Heraclidis
1710 3197 1968 3258 nomine
2016 3198 2081 3257 in
2132 3198 2335 3259 lucem
2366 3200 2545 3270 exiit,
2578 3200 2691 3259 sed
2742 3215 2867 3259 non
2926 3198 3196 3275 integer,
3231 3214 3375 3257 cum
3424 3196 3490 3257 in
3548 3212 3626 3256 eo
3676 3196 3819 3271 plus
3862 3211 4059 3273 quam

810 3294 1069 3371 triginta
1105 3297 1248 3356 vitm
1291 3297 1760 3359 desiderentur.
1805 3297 2026 3376 Itaque
2078 3315 2202 3358 non
2246 3301 2399 3359 satis
2443 3298 2635 3360 habui
2686 3299 2747 3358 id
2782 3299 2952 3376 quod
2998 3299 3058 3358 ei
3098 3298 3336 3367 deerat,
3371 3295 3699 3373 supplere,
3730 3293 3857 3354 nisi
3908 3310 4061 3353 eum

810 3399 1027 3458 denuo
1075 3416 1107 3458 a
1153 3400 1355 3475 capite
1422 3408 1753 3462 verterem.
1802 3401 1935 3461 Hoc
1988 3411 2197 3461 autem
2248 3419 2391 3463 esse
2434 3418 2597 3479 Opus
2650 3401 2938 3473 Palladii,
2987 3417 3177 3461 nemo
3224 3399 3609 3460 dubitaverit
3664 3398 3774 3475 qui
3828 3397 4063 3471 legerit

810 3506 998 3573 caput
1029 3498 1136 3569 Ιιῖι,
1173 3498 1282 3558 lib.
1309 3518 1355 3557 ιι
1398 3501 1829 3560 θεοιεείαειὶοω
1885 3502 2189 3562 Historia:
2228 3502 2491 3578 Nicepht

2390 3502 2571 3578 phori
2610 3524 2625 3560 :
2658 3500 3005 3573 Palladius,
3058 3502 3295 3579 inquit,
3351 3500 3615 3576 Evagrii
3674 3495 4060 3573 discipulus,

810 3594 973 3654 t‘itas
1019 3608 1377 3657 sanctorum
1413 3600 1641 3676 optime
1688 3600 2007 3677 exposuit.
2063 3602 2198 3659 Non
2243 3600 2631 3661 dubitaverit
2678 3602 2865 3661 etiam
2916 3602 3025 3681 qui
3076 3600 3302 3677 legerit
3343 3617 3479 3676 cap.
3534 3597 3677 3657 libri
3707 3614 3838 3655 vm.
3876 3597 4054 3655 Hist.

822 3697 1004 3773 Trip.
1052 3699 1221 3759 Cass.
1259 3708 1319 3759 et
1362 3701 1439 3759 '23
1511 3700 1786 3761 Socratis
1839 3701 2200 3761 scholastici
2254 3725 2266 3761 :
2317 3704 2426 3779 qui
2488 3706 2761 3781 loquens
2814 3704 2893 3764 de
2943 3705 3177 3765 sanctis
3230 3703 3308 3763 de
3368 3702 3609 3779 quibus
3664 3699 3851 3774 paulo
3903 3710 4053 3758 ante

814 3796 1185 3871 scripserat,
1217 3798 1345 3858 hinc
1376 3800 1529 3859 dicit
1564 3824 1577 3860 :
1612 3802 1682 3861 Si
1712 3802 1849 3877 quis
1891 3812 2095 3860 autem
2148 3802 2297 3861 velit
2337 3804 2497 3862 scire
2531 3822 2599 3861 ea
2638 3822 2769 3881 qua:
2807 3806 2932 3881 ipsi
2968 3806 3203 3881 egerint
3261 3813 3315 3861 et
3348 3802 3644 3879 fecerint,
3692 3810 3745 3857 et
3794 3818 3929 3875 qucc
3978 3800 4058 3855 ad

815 3912 1029 3952 eorum
1083 3899 1192 3973 qui
1252 3897 1628 3971 audierunt,
1684 3900 1879 3959 locuti
1910 3900 2039 3959 sint
2092 3902 2465 3973 utilitatem,
2528 3911 2585 3959 et
2626 3902 3131 3979 quemadmodum
3198 3903 3283 3961 eis
3340 3898 3657 3959 obedirent
3721 3897 3963 3963 bestia’;
4020 3918 4053 3953 (ι

813 3991 1102 4056 Palladio
1148 4001 1444 4059 monacho
1494 4001 1772 4076 scriptus
1826 4010 1915 4059 est
1977 3998 2135 4059 liber
2178 4019 2372 4071 unus,
2427 4001 2534 4077 qui
2580 4001 2846 4077 Evagrii
2902 4003 3143 4080 quidem
3200 4010 3335 4059 erat
3384 3998 3739 4075 discipulus
3785 4017 3804 4054 :
3846 3995 3921 4055 de
3972 3998 4053 4055 iis

814 4108 1015 4155 autem
1044 4100 1249 4159 omnia
1277 4109 1566 4159 accurate
1591 4102 2007 4177 pertractavit
2040 4122 2058 4159 :
2091 4101 2158 4159 in
2184 4118 2302 4177 quo
2336 4101 2518 4159 etiam
2552 4102 2825 4160 meminit
2849 4100 3176 4161 mulierum
3207 4119 3337 4177 quia
3369 4117 3491 4177 par
3511 4100 3650 4158 vita:
3688 4099 4053 4157 institutum

815 4215 953 4255 cum
981 4199 1137 4257 viris
1166 4200 1351 4274 prius
1382 4197 1568 4258 dictis
1600 4208 2022 4276 susceperunt.
2074 4198 2259 4270 Quod
2303 4204 2512 4258 autem
2549 4197 2651 4258 hic
2691 4197 2851 4259 liber
2882 4199 3156 4275 scriptus
3188 4199 3269 4258 sit
3300 4199 3375 4258 ad
3405 4200 3676 4257 Lausum
3698 4243 3712 4268 ,
3749 4196 4051 4272 probatur

816 4298 1181 4359 testimonio
1211 4301 1475 4360 Joannis
1508 4302 1879 4360 Damasceni
1908 4299 1973 4359 in
2010 4298 2171 4359 libro
2206 4299 2318 4376 qui
2352 4299 2719 4360 inscribitur
2753 4322 2767 4359 :
2799 4301 2887 4358 De
2919 4301 2999 4359 iis
3030 4302 3134 4377 qui
3166 4301 3229 4359 in
3268 4298 3386 4375 ﬁde
3416 4298 3828 4357 dormierunt.
3865 4296 4049 4368 Quod

815 4395 870 4455 si
916 4400 1061 4473 quis
1093 4400 1364 4471 dixerit,
1420 4400 1483 4460 id
1530 4401 1703 4476 quod
1754 4400 2027 4459 Macario
2064 4399 2141 4459 ab
2190 4415 2265 4459 eo
2312 4399 2673 4473 asrribitur,
2729 4418 2852 4461 non
2905 4400 3187 4461 inveniri
3244 4400 3309 4459 in
3364 4400 3481 4458 hoc
3526 4406 3743 4457 nostro
3784 4396 4046 4471 Opere:

816 4494 1091 4555 duorum
1140 4495 1409 4557 alterum
1464 4514 1722 4557 necesse
1764 4508 1891 4570 est,
1923 4496 2016 4556 vel
2058 4496 2122 4555 id
2179 4494 2382 4555 fuisse
2425 4495 2486 4556 in
2539 4497 2657 4558 hoc
2714 4515 2907 4575 opere
2956 4507 3236 4573 tempore
3288 4496 3691 4566 Damasceni,
3741 4503 3801 4554 et
3848 4493 4053 4553 fuisse

817 4606 1033 4671 postea
1063 4598 1141 4658 ab
1185 4599 1481 4660 hmretico
1520 4599 1740 4677 aliquo
1782 4600 2095 4660 malitiose
2129 4598 2451 4659 sublatum
2484 4600 2611 4661 :vel
2648 4618 2793 4661 eum
2825 4600 3056 4661 librum
3078 4601 3190 4678 qui
3215 4599 3589 4661 inscribitur
3618 4599 3741 4657 :De
3762 4597 4056 4657 doctrina

812 4694 1109 4771 Patrum,
1157 4699 1361 4761 fuisse
1402 4702 1591 4761 etiam
1637 4700 1917 4761 Palladio
1962 4700 2392 4775 conscriptum
2438 4723 2452 4759 :
2494 4718 2687 4778 quem
2742 4709 2982 4761 constat
3033 4700 3236 4761 fuisse
3286 4717 3319 4761 e
3367 4701 3584 4760 Grmco
3634 4716 4053 4767 conversum;

815 4814 983 4869 cum,
1018 4798 1096 4858 de
1129 4798 1331 4873 capite
1363 4797 1621 4869 mortui,
1650 4796 2028 4857 miraculum
2061 4798 2232 4875 quod
2272 4799 2546 4858 Macario
2589 4799 2846 4859 ascribit
2876 4799 3330 4871 Damascenus,
3365 4798 3595 4858 iisdem
3626 4797 3841 4857 verbis
3872 4798 3940 4856 in
3978 4813 4053 4855 eo

814 4914 1007 4973 Opere
1052 4896 1381 4967 referatur,
1434 4896 1596 4955 libro
1649 4904 1907 4973 quarto,
1960 4898 2162 4972 capite
2207 4898 2284 4958 de
2330 4897 2640 4974 exemplis
2684 4905 2742 4957 et
2791 4897 3098 4956 doctrinis
3144 4898 3285 4958 vitae
3331 4896 3713 4974 spiritualis.
3773 4898 3912 4955 Non
3959 4906 4051 4956 est

810 5010 1022 5060 autem
1055 5000 1224 5076 quod
1270 5015 1304 5059 a
1352 4997 1631 5059 Palladio
1679 5009 1897 5057 nostro
1938 4997 2350 5057 Ciceroniana
2398 5004 2799 5075 exspectetur
2845 4997 3236 5074 eloquentia.
3287 4999 3441 5058 Nam
3487 5013 3631 5056 cum
3677 4996 3816 5067 ipse
3871 4996 4053 5055 nullo

812 5099 1097 5161 adhibito
1139 5098 1447 5159 orationis
1490 5106 1893 5167 ornamento,
1928 5098 2289 5175 humilique
2322 5116 2392 5158 ac
2442 5100 2621 5175 plane
2671 5097 2924 5174 plebeio
2979 5097 3182 5177 stylo;
3233 5098 3409 5157 visus
3453 5113 3597 5156 sum
3642 5094 3794 5155 mihi
3843 5096 4051 5155 fidelis

813 5201 1185 5273 interpretis
1216 5215 1339 5259 non
1366 5197 1699 5260 iuncturus
1733 5198 1961 5270 ofiicio,
1998 5198 2051 5257 si
2086 5198 2269 5258 aliter
2301 5199 2635 5259 vertissem
2669 5214 2857 5275 quam
2888 5196 3272 5273 scripsisset.
3307 5200 3469 5273 Lege
3512 5214 3665 5273 ergo
3702 5212 3826 5255 non
3865 5205 3932 5256 ut
3969 5215 4046 5255 ex

814 5300 954 5377 ejus
1012 5300 1284 5362 lectione
1334 5301 1423 5360 sis
1456 5299 1880 5378 eloquentior,
1932 5300 2040 5359 sed
2096 5308 2163 5359 ut
2206 5297 2455 5373 melior,
2503 5307 2564 5359 et
2598 5300 2659 5358 in
2712 5298 2791 5358 iis
2836 5316 2978 5376 quin
3021 5299 3097 5358 ad
3152 5298 3445 5374 pietatem
3495 5306 3555 5358 et
3606 5297 4055 5375 pulcherrimae

816 5401 1103 5461 historias
1155 5398 1589 5474 cognitionem
1655 5398 2007 5473 pertinent,
2072 5394 2423 5469 eruditior,
2480 5396 2766 5456 imitatus
2806 5396 3104 5456 videlicet
3168 5398 3353 5456 vitam
3414 5397 3767 5474 angelicam
3824 5413 4049 5456 eorum

816 5500 1121 5571 virorum,
1161 5499 1273 5576 qui
1308 5499 1373 5559 in
1414 5514 1599 5558 carne
1634 5498 1847 5557 minus
1892 5495 2205 5555 carnalem
2255 5497 2467 5570 vitam,
2515 5498 2623 5556 sed
2671 5495 3020 5572 angelicam
3062 5497 3372 5573 degerunt
3408 5517 3422 5554 :
3454 5496 3634 5573 juxta
3680 5497 4047 5571 exemplum

819 5602 990 5680 quod
1025 5610 1083 5661 et
1116 5602 1229 5662 tibi
1266 5600 1597 5678 praposuit
1630 5598 2035 5658 Theodosius
2076 5597 2366 5673 princeps
2402 5598 2706 5673 Optimus,
2739 5598 2851 5675 qui
2894 5604 3121 5677 quarto
3159 5598 3447 5674 cujusvis
3482 5598 3899 5657 hebdomadis
3944 5598 4050 5656 die

818 5698 1163 5776 ieiunabat,
1199 5698 1471 5775 hymnos
1501 5699 1634 5760 Deo
1657 5714 1802 5760 cum
1824 5697 2153 5759 sororibus
2172 5698 2434 5758 alternis
2460 5697 2741 5771 canebat,
2772 5706 2829 5759 et
2866 5715 2943 5761 ne
2974 5698 3052 5759 ab
3083 5699 3393 5760 asccterio
3426 5696 3880 5758 monachorum
3904 5698 4040 5757 aula
