4258 6358
290 357 391 423 993
1316 355 1685 416 GENTIANI
1726 354 2064 418 HERVETI
2103 353 2516 415 PR/EFATIO.
3440 371 3543 433 994

278 483 398 533 sua
420 465 733 542 differret,
762 466 1031 546 spiritus
1060 463 1247 527 verba
1269 482 1521 543 semper
1543 465 1608 527 in
1639 481 1748 526 ore
1780 462 2025 539 habuit,
2058 481 2202 527 cum
2228 463 2550 543 episc0pis
2582 467 2642 527 el
2666 462 3101 524 sacerdotibus
3126 480 3538 544 congressus,

280 571 593 633 obscuros
629 572 825 644 locos,
860 577 1052 648 τρίφα.
1084 578 1145 632 et
1172 568 1376 632 nodos
1400 567 1891 646 Scripturarum,
1920 565 2087 627 haud
2119 566 2305 627 aliter
2326 580 2515 644 quam
2540 564 2596 625 si
2623 563 2820 624 sacris
2852 562 2992 639 ipse
3022 562 3311 626 initiatus
3334 572 3539 637 esset,

286 673 629 749 explicuit,
662 679 852 734 noctu
884 672 1064 734 libris
1092 670 1380 751 legendis
1409 677 1715 748 αὐτόματον
1746 667 1967 730 lucern

1861 684 2074 729 ernam
2097 668 2503 747 excogitavit,
2535 671 2858 744 ἀοργησίαν,
2891 665 2957 727 id
2995 674 3124 739 est,
3152 665 3542 745 injuriarum

285 774 763 845 remissionem,
798 774 1070 836 invexit.
1100 774 1472 835 Sacerdotes
1498 772 1660 832 adeo
1691 770 1940 843 dilexit,
1973 776 2043 829 ut
2082 768 2368 847 episc0pi
2409 767 2879 832 Chebronensis
2918 768 3202 830 defuncti
3245 764 3549 843 sagulum

285 873 414 933 sub
451 874 772 952 imperiali
805 875 1142 955 chlamyde
1180 876 1565 953 gestaverit:
1604 874 1762 936 tanti
1804 872 1955 935 fecit
1996 871 2366 943 monachos,
2414 879 2482 932 ut
2524 888 2557 932 a
2596 873 2875 951 quodam
2920 869 3544 936 excommunicatus,

282 973 393 1034 cui
425 974 757 1052 quidpiam
794 976 1246 1053 denegaverat,
1294 991 1423 1037 non
1472 974 1654 1053 prius
1696 974 1910 1035 cibum
1961 972 2310 1051 sumpserit
2348 989 2537 1051 quam
2587 973 2665 1033 ab
2699 975 2921 1035 eodem
2967 974 3080 1034 diu
3134 972 3545 1045 multumque

288 1075 587 1152 quassito,
619 1075 897 1137 vinculis
929 1076 1183 1136 solutus
1216 1080 1408 1135 esset.
1436 1073 1614 1135 Vixit
1644 1080 1855 1135 autem
1889 1070 2211 1134 Palladius
2242 1070 2595 1150 imperante
2629 1072 3019 1135 Theodosio.
3044 1073 3224 1133 Vale.

361 1175 436 1235 Ut
497 1175 691 1251 probe
748 1191 997 1249 noscas,
1062 1175 1278 1249 lector,
1319 1174 1615 1253 quisnam
1674 1173 1998 1236 Palladius
2050 1171 2275 1245 fuerit,
2325 1174 2538 1253 accipe
2600 1174 2844 1253 judicia
2911 1177 3162 1235 Patrum
3240 1175 3317 1234 de
3380 1174 3547 1250 ipso.

280 1280 552 1341 Sanctus
590 1277 1059 1353 Hieronymus,
1099 1278 1281 1357 cujus
1315 1276 1380 1337 in
1432 1277 1547 1337 hac
1596 1295 1660 1338 re
1696 1276 2019 1356 judicium
2071 1277 2290 1354 probat
2326 1286 2582 1336 sanctus
2630 1278 2925 1338 Gelasius
2961 1280 3024 1344 Ι.
3075 1276 3445 1354 praefatione
3480 1276 3550 1339 in

276 1381 447 1441 libro
480 1388 791 1440 adversus
826 1380 1231 1459 Pelagianos,
1271 1381 1358 1440 ait
1396 1403 1409 1441 :
1450 1378 1779 1441 Palladius
1810 1378 2060 1440 servilis
2092 1379 2387 1457 nequitiae
2426 1379 2707 1439 haeresim
2742 1379 3144 1457 Pelagianam
3188 1380 3549 1440 instaurare

274 1490 540 1541 conatus
572 1492 681 1541 est.
717 1483 983 1543 Sanctus
1017 1482 1415 1559 Epiphanius
1450 1482 1639 1558 epist.
1677 1482 1750 1541 ad
1782 1484 2093 1542 Joannem
2135 1479 2701 1558 Hierosolymitan.
2758 1481 2851 1542 sic
2894 1481 3107 1559 inquit
3138 1503 3151 1541 :
3193 1479 3550 1540 Palladium

274 1599 422 1640 vero
465 1580 774 1652 Galatam,
806 1582 914 1658 qui
952 1581 1260 1659 quondam
1288 1580 1468 1641 nobis
1502 1582 1728 1641 eharus
1756 1582 1907 1657 fuit,
1944 1589 2004 1639 et
2031 1598 2199 1639 nunc
2229 1579 2669 1639 misericordia
2702 1582 2816 1641 Dei
2861 1579 3138 1658 indiget,
3173 1599 3337 1649 cave,
3392 1584 3540 1658 quia

275 1683 571 1762 Origenis
607 1684 885 1745 haeresim
915 1686 1223 1762 prwdicat
1251 1693 1309 1744 et
1342 1682 1539 1756 docet,
1576 1703 1651 1743 ne
1671 1688 1836 1762 forte
1872 1683 2119 1762 aliquos
2156 1682 2228 1741 de
2257 1681 2494 1760 populo
2529 1683 2649 1743 (ibi
2672 1682 2909 1743 credito
2949 1681 3030 1741 ad
3053 1684 3545 1761 perversitatem

274 1790 379 1848 sui
409 1787 667 1848 inducat
707 1788 967 1847 erroris.
1005 1789 1147 1848 Haac
1186 1794 1441 1847 sanctus
1477 1786 1903 1863 Epiphanius.
1941 1788 2018 1845 At
2051 1802 2151 1846 res
2184 1785 2449 1846 Palladii
2484 1793 2715 1863 gestas,
2746 1784 3063 1847 vafritiem
3107 1797 3169 1847 et
3222 1788 3445 1847 odium
3486 1787 3545 1846 in

278 1900 571 1948 sanctum
611 1887 1077 1965 Hieronymum
1114 1887 1411 1966 pluribus
1459 1896 1793 1966 exponunt
1831 1887 2063 1949 Annal.
2094 1887 2525 1948 Ecclesiastici
2563 1895 2715 1947 tom.
2749 1889 2825 1947 V.
2865 1890 2950 1947 Ex
2980 1889 3217 1966 quibus
3251 1888 3549 1948 omnibus

277 1990 513 2060 disces,
553 2005 697 2065 qum
728 1988 881 2049 ﬁdes
912 1987 1272 2049 adhibenda
1304 1988 1387 2048 sit
1419 1987 1719 2049 haaretico
1754 1988 1997 2050 homini
2023 1986 2409 2066 Origenistm
2453 1995 2514 2047 et
2558 1987 2925 2067 Pelagiano,
2964 1987 3026 2049 in
3064 1987 3163 2047 his
3200 1989 3551 2067 prmsertim

280 2107 428 2170 qum
458 2090 535 2151 de
568 2088 958 2166 quibusdam
993 2088 1097 2148 sui
1124 2087 1453 2149 similibus
1492 2089 1821 2151 monachis
1856 2091 2080 2151 eadem
2120 2086 2396 2166 fuligine
2431 2088 2648 2150 tinctis
2688 2089 2754 2149 in
2801 2087 2918 2149 hoc
2952 2103 3146 2166 Opere
3185 2090 3398 2166 prodit
3434 2112 3448 2149 :
3485 2109 3553 2150 ac

278 2190 556 2251 maxime
591 2188 946 2249 verendum
980 2203 1058 2249 ne
1091 2188 1343 2267 aliquos
1377 2203 1490 2267 pro
1522 2189 1760 2251 sanctis
1795 2190 2109 2262 venditet,
2142 2188 2256 2265 qui
2290 2185 2556 2249 fuerunt
2588 2189 2975 2267 Origenistm
3001 2236 3016 2263 ,
3046 2186 3148 2251 vel
3199 2188 3552 2267 Pelagiani.

277 2292 496 2370 Sngaci
535 2289 899 2369 conjectura
932 2291 1069 2352 suis
1104 2291 1260 2354 locis
1296 2294 1364 2354 in
1396 2309 1590 2371 opere
1634 2293 1950 2371 quosdam
1985 2292 2176 2355 istius
2215 2291 2491 2355 furfuris
2523 2292 2979 2355 indicabimus.
3009 2294 3084 2353 Ut
3110 2293 3311 2371 magis
3340 2301 3553 2355 autem

279 2392 509 2454 faciem
564 2398 625 2452 et
676 2391 905 2453 intima
960 2392 1225 2455 Palladii
1271 2394 1681 2473 introspicias
1712 2438 1728 2466 ,
1778 2394 1939 2456 scito
1989 2395 2205 2473 ipsum
2276 2392 2482 2455 fuisse
2526 2393 2918 2473 discipulum
2974 2394 3228 2471 Evagrii
3281 2393 3552 2456 Pontici.

280 2496 670 2574 Origenistm
712 2498 991 2561 hmretici
1025 2499 1216 2562 toties
1245 2500 1324 2562 ab
1356 2500 1641 2569 Ecclesia
1670 2500 1983 2574 damnati,
2020 2501 2099 2562 de
2134 2514 2266 2579 quo
2296 2498 2481 2577 plura
2535 2498 2985 2561 annotavimus
3029 2505 3203 2559 tomo
3235 2498 3309 2571 V,
3361 2498 3555 2559 initio

280 2595 431 2657 libri
470 2598 751 2676 Evagrii.
796 2600 929 2660 Hoc
966 2600 1044 2661 de
1077 2616 1146 2661 se
1182 2606 1452 2662 testatur
1479 2600 1804 2662 Palladius
1858 2600 1923 2662 in
1977 2599 2092 2662 hac
2140 2599 2469 2674 Lausiaca,
2502 2616 2641 2661 cum
2680 2599 2766 2660 ait
2803 2621 2817 2660 :
2852 2597 3185 2675 Respondi
3246 2613 3348 2659 me
3402 2613 3550 2658 esse

283 2700 724 2776 peregrinum,
754 2700 910 2762 etde
928 2701 1193 2764 Galatiaa
1221 2703 1509 2781 partibus
1549 2702 1790 2776 venire,
1818 2708 1880 2764 et
1911 2719 2114 2763 unum
2145 2719 2224 2764 ex
2247 2703 2497 2781 Evagrii
2522 2700 2822 2762 fratribus
2855 2715 2995 2759 esse
3029 2695 3361 2759 confessus
3384 2713 3456 2756 su
3470 2714 3551 2759 ni.

281 2798 462 2856 Idem
496 2796 892 2859 aiﬁrmarunt
922 2801 1207 2862 Socrates
1241 2801 1353 2863 lib.
1387 2821 1485 2873 1v,
1517 2819 1654 2880 cap.
1704 2802 1815 2874 18,
1857 2810 1919 2864 et
1953 2801 2353 2880 Nicephorus
2400 2801 2509 2863 lib.
2554 2819 2636 2875 ιι,
2670 2817 2805 2878 cap.
2854 2799 2953 2871 ιιῐι,
2987 2806 3055 2859 ut
3099 2796 3262 2859 nihil
3317 2797 3554 2859 mirum

283 2894 393 2965 sit,
429 2892 481 2952 si
516 2893 742 2955 eodem
778 2895 912 2955 luto
945 2912 1261 2971 errorum,
1297 2914 1428 2978 quo
1461 2900 1783 2978 magister,
1823 2901 2059 2961 tinctus
2106 2899 2429 2961 Palladius
2466 2898 2686 2961 fuerit.
2726 2898 3072 2973 Quorcirca
3116 2906 3185 2958 ut
3235 2896 3353 2957 hoc
3388 2913 3552 2974 opus

284 2992 549 3054 laudant
586 2996 873 3057 Socrates
905 3004 967 3057 et
997 2996 1420 3075 Nicephorus,
1458 3006 1531 3060 ut
1573 3015 1699 3060 non
1750 3000 1918 3061 imus
1963 2999 2209 3062 inﬁcias
2252 2998 2447 3061 multa
2496 2999 2594 3060 illi
2640 2999 2856 3060 inesse
2891 2996 3075 3059 utilia
3108 3002 3169 3059 et
3219 3001 3381 3059 recta
3418 3040 3433 3071 ,
3467 2994 3551 3056 ita

287 3102 533 3158 eertum
565 3104 662 3159 est
692 3095 861 3171 illos,
888 3098 1100 3178 qualis
1123 3098 1450 3162 Palladius
1496 3098 1716 3175 fuerit,
1745 3117 1870 3164 non
1909 3100 2170 3180 penitus
2200 3107 2601 3179 perspectum
2642 3098 2965 3161 habuisse.

586 5799 849 5859 PATROL.
888 5799 997 5858 Gn.
1024 5798 1315 5859 XXXIV.
3196 5796 3276 5858 39
