4258 6358
763 359 864 421 995
2187 373 2444 434 PALLAI

2293 374 2535 434 LLADII
2594 404 2599 407 ·
3878 381 3974 443 996

1162 673 1812 765 ΠΑΛΛΑΔΙΟΥ
1887 679 2557 766 ΕΠΙΣΚΟΠΟΥ
2620 680 3554 769 ἘΛΕΝΟΥΠΟΛΕΩΣ

1300 915 1419 1039 Η
1496 911 1961 1043 ΠΡΟΣ
2037 906 2713 1044 ΛΑΥΣΟΝ
2787 915 3458 1045 ΙΣΤΟΡΙΑ

1721 1166 2154 1222 ΠΕΡΙΕΧΟΥΣΛ
2194 1162 2397 1221 ΒΙΟΥΣ
2428 1166 2626 1221 ΟΣΙΩΝ
2664 1167 3005 1221 ΠΑΤΕΡΩΝ.

1909 1501 2179 1557 Gemiano
2211 1501 2444 1557 Herveto
2474 1502 2791 1572 interprete.

1214 1660 1451 1727 Dacus,
1482 1660 1912 1731 Supplemenlum
1945 1662 2194 1715 Biblioth.
2220 1660 2443 1715 Patrum
2470 1661 2561 1713 ed.
2606 1661 2759 1715 Paris
2822 1660 2979 1725 16⁵24,
3011 1660 3099 1715 fol.
3127 1672 3165 1716 ι.
3197 1661 3260 1728 ΙΙ,
3285 1676 3338 1731 p.
3365 1662 3487 1717 893.

2028 1979 2682 2067 IIPOOIMION.

814 2159 904 2213 Ἐν
931 2158 1100 2232 ταύτῃ
1129 2164 1194 2233 τῇ
1231 2160 1397 2233 βίϐλῳ
1435 2162 1851 2233 ἀναγέγραπται
1896 2161 2149 2233 ἐνάρετος
2179 2165 2444 2234 ἀσκησις.
2478 2164 2571 2219 καὶ
2613 2162 2901 2234 θαυμαστὴ
2941 2162 3056 2232 βίου
3095 2161 3361 2233 διαγωγὴ,
3395 2160 3504 2216 τῶν
3541 2163 3832 2236 μακαρίων
3873 2168 3970 2220 καὶ

732 2247 903 2317 ἀγίων
953 2249 1208 2320 Πατέρων
1239 2250 1511 2321 μοναχῶν,
1567 2253 1661 2305 καὶ
1708 2251 2073 2322 άναχωρητῶν
2101 2250 2208 2305 τῶν
2240 2252 2298 2304 ἐν
2319 2254 2384 2322 τῇ
2416 2252 2630 2322 ἐρήμῳ,
2668 2250 2804 2319 πρὸς
2850 2250 3009 2317 ζῆλον
3038 2251 3133 2303 καὶ
3166 2250 3399 2320 μίμησιν
3428 2249 3538 2304 τῶν
3566 2250 3666 2320 τὴν
3700 2251 3973 2323 οὐρανίων

733 2337 1007 2390 πολιτείαν
1034 2336 1326 2392 ἐθελόντων
1366 2338 1683 2410 κατορθοῦν,
1713 2340 1806 2394 καὶ
1833 2338 1930 2411 τὴν
1957 2340 2036 2403 είς
2074 2338 2353 2410 βασιλείαν
2385 2338 2631 2409 οὐρανῶν
2661 2338 2900 2406 ἄγουσαν
2943 2336 3282 2407 βουλομένων
3312 2335 3517 2391 ὁδεύειν
3552 2336 3704 2392 ὀδόν·
3740 2339 3837 2394 καὶ
3870 2357 3972 2409 γυ-

732 2425 934 2479 ναικῶν
976 2424 1355 2497 πρεσϐυτίδων
1383 2428 1477 2479 καὶ
1508 2426 1769 2497 ἀοιδίμων
1815 2428 2187 2481 θεοπνεύστων
2224 2426 2476 2499 μητέρων
2509 2428 2743 2498 μνῆμαι,
2769 2428 2876 2481 τῶν
2902 2426 3132 2497 ἀνδρείῳ
3163 2425 3260 2479 καὶ
3286 2425 3477 2497 τελείῳ
3506 2429 3816 2499 φρονήματι
3844 2432 3973 2494 τοὺς

730 2513 831 2578 τῆς
861 2514 1116 2583 ἐναρέτου
1155 2513 1442 2584 ἀσκήσεως
1475 2514 1669 2576 ἄθλους
1704 2514 2073 2580 ἐξανυσασῶν,
2114 2514 2251 2585 πρὸς
2284 2516 2648 2586 ὑπογραμμὸν
2679 2516 2773 2569 καὶ
2821 2514 3000 2585 ἐρωτα
3033 2513 3198 2577 θεῖον,
3224 2511 3335 2565 τῶν
3390 2511 3692 2567 ἐθελουσῶν
3734 2515 3828 2569 τὸν
3872 2516 3974 2587 τῆς

731 2600 1058 2670 ἐγκρατείας
1102 2600 1198 2654 καὶ⁵
1225 2600 1448 2667 ἁγνείας
1477 2600 1849 2671 ἀναδήσασθαι
1878 2601 2171 2670 στέφανον·
2207 2602 2294 2655 διά
2331 2604 2390 2656 τδ
2418 2604 2523 2656 ὑπὸ
2554 2603 2749 2673 ἀνδρός
2778 2619 2924 2665 τινος
2956 2600 3387 2670 παγκρατίστου.
3416 2600 3510 2653 καὶ
3538 2604 3605 2671 τῇ
3629 2602 3827 2673 γνώμῃ
3868 2620 3973 2655 πο-

730 2684 1026 2757 λυμαθοῦς,
1051 2688 1145 2741 καὶ
1174 2686 1253 2758 τῷ
1278 2688 1399 2759 ῆθει
1431 2687 1730 2759 εἰρηνικοῦ,
1761 2688 1857 2741 καὶ
1878 2690 1945 2759 τῇ
1976 2688 2173 2760 καρδίᾳ
2194 2688 2471 2754 εὐσεϐοῦς,
2504 2690 2598 2743 καὶ
2616 2693 2683 2761 τῇ
2710 2690 2920 2760 διανοίᾳ
2944 2687 3244 2756 θεοφιλοῦς,
3276 2687 3372 2740 καὶ
3395 2688 3491 2742 τοῦ
3518 2688 3655 2758 πρὸς
3681 2688 3973 2758 δεομένους

731 2772 841 2825 τῶν
874 2772 1071 2843 χρειῶν
1102 2772 1443 2839 κοινωνικοῦ,
1475 2774 1571 2828 καὶ
1598 2773 1735 2844 αὐτῇ
1769 2776 1983 2846 κορυφῇ
2010 2774 2121 2827 τῶν
2149 2773 2473 2843 ἀξιωμάτων
2501 2778 2588 2830 διά
2618 2777 2963 2848 χρηστότητα
2994 2775 3211 2844 τρόπων
3246 2772 3456 2826 πολλῶν
3488 2775 3730 2843 λογάδων
3759 2776 3975 2847 ἀνδρῶν

733 2859 1228 2932 προτετιμημένου,
1271 2861 1365 2913 καὶ
1385 2861 1446 2914 τὸ
1470 2860 1590 2914 ὅλον
1618 2864 1684 2931 τῇ
1706 2860 1937 2931 δυνάμει
1968 2859 2063 2913 τοῦ
2091 2860 2235 2914 θείου
2274 2861 2587 2933 Πνεῦματος
2618 2862 3047 2934 φρουρουμένου,
3084 2860 3439 2924 ἐπιτάξαντος
3468 2863 3624 2930 ἡμῖν,
3661 2862 3864 2931 μᾶλλον
3894 2864 3972 2929 δὲ,

732 2950 782 3002 εί
813 2947 919 3019 χρὴ
953 2950 1012 3001 τὸ
1044 2950 1243 3019 ἀληθὲς
1270 2951 1464 3015 εἰπεῖν,
1497 2950 1634 3021 πρὸς
1660 2950 1759 3023 τήν
1783 2954 1880 3023 τῆς
1906 2951 2015 3004 τῶν
2036 2951 2359 3023 κρειττόνων
2375 2950 2605 3021 θεωρίας
2624 2949 2716 3001 τὸν
2735 2946 2941 3017 νωθρὸν
2968 2948 3001 3017 ή
3012 2946 3128 3015 μῶν
3151 2945 3276 2999 νοῦν
3308 2945 3676 3016 διεγείραντος
3703 2947 3841 3018 πρὸς
3878 2949 3975 3019 μί-

736 3050 902 3102 μησιν
932 3035 1025 3086 καὶ
1048 3035 1277 3103 ἅμιλλαν
1297 3036 1406 3087 τῶν
1435 3036 1645 3105 ἀρετῶν
1673 3036 1772 3106 τῆς
1796 3038 2083 3109 ἀσκήσεως
2116 3036 2225 3091 τῶν
2248 3039 2409 3092 ὁσίων
2441 3038 2535 3089 καὶ
2558 3036 2841 3089 ἀθανάτων
2866 3033 3247 3103 πνευματικῶν
3278 3034 3435 3104 ήμῶν
3465 3035 3748 3106 Πατέρων,
3777 3036 3889 3089 τῶν
3913 3040 3973 3089 ἐν

733 3121 995 3193 ἀρεσκείᾳ
1021 3121 1177 3189 Θεοῦ,
1212 3124 1270 3176 ἐν
1303 3124 1696 3196 σκληραγωγίᾳ
1726 3125 1893 3194 πολλῇ
1924 3124 2018 3178 τοῦ
2044 3124 2295 3195 σώματος
2326 3123 2670 3195 βεϐιωκότων
2692 3139 2707 3154 ·
2738 3122 2815 3185 ὼς
2844 3116 3340 3191 ἀναγραψάμένους
3374 3123 3527 3192 ἡμᾶς
3551 3122 3678 3186 τοὺς
3715 3124 3826 3177 τῶν
3854 3126 3976 3179 ἀνι-

734 3208 915 3278 κήτων
947 3208 1193 3279 ἀθλητῶν
1221 3208 1368 3279 βίους
1393 3209 1806 3280 διαπέμψασθαι
1834 3212 2031 3283 τούτῳ,
2062 3213 2537 3283 άνακηρύττοντας
2566 3210 2683 3271 ἐνὸς
2708 3210 2941 3261 ἑκάστου
2980 3209 3089 3262 τῶν
3126 3209 3381 3276 μεγάλων
3413 3210 3513 3273 τάς
3556 3211 3801 3281 ἐνεργεῐς
3841 3213 3975 3283 ἀρε-

734 3295 851 3357 τάς,
884 3296 1038 3348 Ἔστι
1063 3296 1117 3349 δὲ
1145 3298 1173 3349 ό
1204 3295 1297 3351 τοῦ
1321 3296 1464 3349 θείου
1491 3296 1680 3350 τούτου
1710 3300 1804 3351 καὶ
1838 3298 2209 3368 πνευματικοῦ
2237 3300 2401 3353 πόθου
2434 3297 2668 3368 ἐραστὴς
2699 3298 2725 3349 ὀ
2764 3296 2985 3367 ἄριστος
3013 3293 3122 3350 τῶν
3156 3297 3366 3368 ἀνδρῶν
3404 3296 3618 3363 Λαῦσος
3646 3300 3675 3352 ό
3704 3303 3846 3370 μετά
3874 3303 3975 3372 τὴν

733 3381 828 3435 τοῦ
858 3381 994 3435 Θεοῦ
1027 3384 1199 3453 ῥοπὴν
1225 3382 1400 3451 φύλαξ
1426 3385 1758 3455 τεταγμένος
1782 3386 1879 3457 τῆς
1910 3385 2092 3438 ἐνθέου
2120 3386 2211 3438 καὶ
2238 3383 2497 3446 εὐσεϐοῦς
2529 3382 2826 3452 βασιλείας.

816 3493 958 3559 Ἐγὼ
983 3492 1160 3547 τοίνυν
1189 3495 1217 3546 ὁ
1243 3494 1335 3548 καὶ
1355 3498 1419 3566 τῇ
1446 3494 1655 3566 γλώττῃ
1685 3496 2027 3562 ἀπαίδευτος,
2057 3500 2153 3550 καὶ
2182 3495 2555 3566 πνευματικῆς
2585 3495 2841 3562 γνώσεως
2867 3494 3176 3564 άκροθιγῶς
3205 3512 3323 3558 πως
3352 3496 3712 3565 γευσάμενος,
3736 3499 3834 3552 καὶ
3874 3501 3975 3554 τοῦ

736 3579 1037 3647 καταλόγου
1080 3579 1188 3632 τῶν
1236 3580 1406 3648 ἁγίων
1445 3582 1706 3653 Πατέρων
1755 3583 2131 3652 πνευματικοῦ
2172 3583 2289 3653 βίου
2319 3583 2557 3649 ἀνάξιος,
2589 3580 2840 3645 δεδοικὼς
2885 3582 2947 3634 τὸ
2985 3582 3126 3650 ὑπὲρ
3166 3582 3266 3651 ἐμὲ
3296 3580 3538 3652 ἄμετρον
3562 3583 3662 3652 τῆς
3699 3585 3975 3655 ἐπιταγῆς

739 3666 989 3735 μέγεθος,
1039 3666 1470 3736 δυσανησχέτουν
1513 3669 1831 3740 ἐγχειρῆσαι
1885 3670 2060 3739 τούτῳ
2104 3671 2181 3740 τῷ
2216 3670 2549 3741 ἐπιτάγματι
2602 3670 2798 3739 πολλῆς
2848 3669 3085 3739 δεομένῳ
3124 3671 3219 3723 καὶ
3261 3670 3452 3737 σοφίας
3481 3673 3579 3739 τῆς
3617 3671 3840 3737 ἔξωθεν,
3876 3679 3975 3728 καὶ

733 3753 1107 3823 πνευματικῆς
1148 3753 1436 3817 συνέσεως.
1473 3754 1661 3825 Ὅμως
1692 3755 2067 3817 καταιδεσθεὶς
2110 3755 2325 3826 πρῶτον
2358 3757 2420 3809 τὸ
2448 3756 2732 3809 σπουδαῖον
2758 3756 2856 3825 τῆς
2898 3756 3099 3825 ἀρετῆς
3130 3754 3225 3807 τοῦ
3254 3756 3335 3818 είς
3362 3756 3570 3824 ταύτην
3598 3758 3698 3826 τὴν
3729 3760 3973 3829 σπουδὴν

731 3840 882 3907 ἡμᾶς
910 3839 1298 3910 διεγείραντος,
1332 3840 1793 3909 ἀναλογισάμενος
1824 3840 1881 3892 δὲ
1905 3842 1996 3893 καὶ
2032 3841 2146 3894 τῶν
2170 3842 2603 3911 ἐντυγχανόντων
2627 3840 2725 3910 τὴν
2751 3840 3043 3908 ὠφέλειαν,
3082 3840 3269 3903 δεδιὼς
3305 3840 3362 3893 δέ
3404 3841 3497 3894 καὶ
3523 3842 3615 3895 τὸν
3652 3845 3743 3895 ἐπὶ
3770 3847 3835 3914 τῇ
3872 3848 3969 3898 εὖ-

731 3926 875 3996 λόγῳ
913 3931 1162 3998 παρακοῇ
1204 3928 1468 3993 κίνδυνον,
1508 3928 1642 3980 Θεοῦ
1677 3929 1903 3999 προνοίᾳ
1940 3929 2155 3999 πρῶτον
2186 3928 2545 3991 άνατεθεικὼς
2578 3927 2638 3980 τὸ
2686 3929 2933 3995 γενναῖον
2981 3926 3296 3997 ἐπίταγμα,
3326 3929 3421 3981 καὶ
3450 3928 3619 4001 πολλῇ
3663 3934 3967 4003 προσεχείᾳ

732 4014 1075 4086 χρησάμενος
1103 4017 1169 4082 τῇ
1200 4015 1308 4067 τῶν
1342 4015 1513 4082 ἀγίων
1548 4014 1807 4083 Πατέρων
1836 4015 2123 4086 πρεσϐείᾳ,
2152 4015 2520 4087 πτερούμενος
2541 4015 2740 4085 ἀνέϐην
2762 4016 2843 4079 είς
2871 4015 2995 4077 τοὺς
3020 4015 3237 4082 ἀγῶνας
3265 4015 3358 4069 τοῦ
3391 4017 3739 4086 σκάμματος,
3767 4021 3863 4073 καὶ
3891 4022 3969 4085 ὡς

733 4102 791 4153 ἐν
825 4103 1056 4170 ἐπιτομῇ
1082 4100 1188 4153 τῶν
1216 4101 1477 4168 γενναίων
1504 4101 1753 4171 άθλητῶν
1784 4103 1878 4155 καὶ
1907 4102 2157 4171 μεγάλων
2184 4103 2392 4175 ἀνδρῶν
2420 4104 2487 4156 τά
2515 4103 2733 4173 ἐπακρα
2761 4102 2921 4171 μόνον
2946 4102 3042 4154 καὶ
3067 4104 3267 4172 σημεῖα
3296 4104 3776 4175 ἀναγραψάμενος.

804 4208 877 4259 Οὐ
916 4209 1075 4277 μόνον
1111 4207 1317 4278 ἀνδρῶν
1345 4207 1602 4277 ἀοιδίμων
1633 4207 2055 4278 κατορθωκότων
2078 4207 2349 4261 πολιτείαν
2378 4209 2623 4280 ἀρίστην,
2650 4210 2784 4263 ἀλλὰ
2809 4211 2903 4263 καὶ
2926 4209 3202 4278 γυναικῶν
3238 4211 3523 4283 μακαρίων
3558 4213 3657 4265 καὶ
3682 4216 3962 4287 εὐσχημό-

729 4310 835 4347 νων
864 4295 1038 4364 ἄκραν
1057 4294 1330 4347 πολιτείαν
1346 4293 1755 4363 ἐξασκησασῶν.
1781 4295 1890 4346 Καὶ
1916 4294 2026 4345 τῶν
2056 4296 2155 4362 μέν
2177 4294 2242 4347 τά
2267 4295 2565 4367 ἱεροπρεπῆ
2595 4296 2861 4365 πρόσωπα
2887 4296 3295 4367 αὐτοπροσώπῳ
3318 4297 3416 4367 θέᾳ
3439 4298 3566 4350 ἰδεῖν
3589 4300 3958 4369 κατηξιώθην·

726 4382 835 4435 τῶν
854 4382 909 4435 δὲ
931 4382 1029 4452 ήδη
1056 4382 1448 4436 τελειωθέντων
1486 4384 1543 4435 ἐν
1565 4382 1643 4452 τῷ
1668 4384 1952 4452 σκάμματι
1985 4381 2085 4450 τῆς
2112 4382 2391 4444 εὐσεϐείας
2425 4382 2575 4452 παρά
2610 4382 2884 4453 θεοφόρων
2907 4383 3158 4454 ἀθλητῶν
3190 4382 3283 4436 τοῦ
3314 4384 3551 4453 Χριστοῦ
3575 4386 3677 4457 τὴν
3704 4389 3960 4457 οὐράνιον

725 4469 930 4521 τούτων
964 4469 1109 4540 ζωὴν
1137 4467 1520 4539 ἐκμεμάθηκα.
1554 4468 1755 4527 Πολλὰς
1786 4469 1841 4522 δὲ
1869 4468 2071 4531 πόλεις,
2120 4471 2216 4520 καὶ
2250 4468 2507 4531 πλείστας
2544 4467 2755 4538 κώμας,
2797 4462 3039 4539 σπήλαιά
3063 4487 3123 4522 τε
3152 4470 3270 4540 ἅμα
3294 4471 3389 4523 καὶ
3417 4471 3594 4534 πάσας
3620 4475 3827 4544 σκηνάς
3856 4478 3958 4547 τῆς

727 4556 934 4627 ἐρήμου
958 4555 1065 4607 τῶν
1105 4554 1351 4624 μοναχῶν
1378 4556 1545 4625 πολλῇ
1584 4558 1648 4625 τῇ
1696 4557 1893 4627 πορείᾳ
1932 4557 2329 4625 περινοστήσας
2379 4555 2687 4619 θεοσεϐείας
2740 4557 2964 4627 σκοπῷ,
3002 4560 3142 4628 μετά
3188 4559 3371 4630 πάσης
3416 4561 3723 4631 ἀκριϐείας,
3773 4563 3810 4617 ἃ
3854 4565 3958 4633 μὲν

727 4643 888 4705 αὐτὸς
929 4641 1218 4712 ιστορήσας
1254 4642 1669 4712 ἀνεγραψάμην,
1697 4642 1734 4696 ά
1780 4642 1836 4695 δὲ
1866 4642 2018 4713 παρὰ
2049 4641 2158 4693 τῶν
2192 4642 2364 4709 ἀγίων
2395 4642 2652 4711 Πατέρων
2684 4644 2931 4714 ἀκήκοα,
2983 4644 3179 4709 άθλους
3217 4647 3468 4715 μεγάλων
3495 4648 3708 4718 ἀνδρῶν
3736 4651 3829 4702 καὶ
3862 4652 3958 4703 ἀν-

726 4728 1049 4798 δρειοτέρων
1076 4730 1173 4798 τῆς
1204 4728 1418 4796 φύσεως
1448 4728 1721 4797 γυναικῶν
1751 4729 1839 4782 διά
1869 4728 1967 4800 τὴν
1998 4732 2077 4792 είς
2106 4729 2339 4799 Χριστὸν
2367 4729 2579 4793 ἐλπίδα,
2608 4731 2918 4801 ἐνσημήνας
2944 4734 3002 4785 ἐν
3035 4731 3115 4802 τῷ
3145 4732 3334 4803 βιϐλίῳ
3352 4733 3863 4804 τούτῳάπέσταλκα
3889 4741 3955 4807 τῇ

728 4815 835 4868 τῶν
863 4815 1019 4867 θείων
1059 4815 1253 4882 λογίων
1294 4816 1423 4885 φίλῃ
1470 4818 1605 4885 ἀκοῇ
1646 4832 1758 4879 σου,
1787 4816 1997 4887 ἀνδρῶν
2032 4816 2267 4887 ἀρίστων
2295 4817 2389 4871 καὶ
2429 4817 2693 4887 θεοφιλῶν
2725 4818 3156 4889 ἐγκαλλώπισμα
3177 4859 3191 4884 ,
3221 4820 3315 4873 καὶ
3357 4821 3457 4890 τῆς
3490 4824 3819 4894 πιστοτάτης
3860 4826 3957 4877 καὶ

730 4901 1009 4970 θεοφιλοῦς
1042 4901 1315 4971 βασιλείας
1349 4902 1647 4972 ἀγλάϊσμα,
1673 4906 1859 4974 γνήσιε
1896 4904 1989 4957 καὶ
2026 4903 2337 4974 φιλόχριστε
2390 4904 2541 4958 δοῦλε
2572 4904 2708 4958 Θεοῦ
2759 4904 2963 4967 Δαῦσε,
3011 4905 3322 4976 ἐγχαράξας
3352 4908 3493 4960 κατά
3523 4908 3621 4978 τήν
3649 4911 3957 4977 προσοῦσαν

728 4988 851 5057 ἐμοὶ
887 4988 1197 5059 βραχύτητα
1232 4990 1462 5043 ἐκάστου
1491 4992 1596 5043 τῶν
1622 4991 1714 5043 τοῦ
1756 4992 1993 5061 Χριστοῦ
2023 4991 2271 5061 ἀθλητῶν
2302 4991 2546 5062 ἀρρένων
2582 5008 2641 5045 τε
2674 4992 2768 5045 καὶ
2800 4991 3033 5062 θηλειῶν
3062 4993 3123 5045 τὸ
3154 4993 3403 5062 ἀοίδιμον
3437 4994 3608 5063 ὄνομα
3629 5012 3643 5025 ·
3675 4997 3954 5065 ἐξηγησά-

732 5073 888 5142 μενός
919 5092 977 5127 τε
1028 5076 1135 5128 ἀπὺ
1177 5076 1384 5129 πολλῶν
1430 5078 1523 5130 καὶ
1559 5077 1698 5130 πάνυ
1742 5078 1992 5147 μεγάλων
2025 5077 2201 5131 ἀθλων
2232 5078 2464 5131 ἑκάστου
2496 5079 2709 5147 ὀλίγους
2743 5081 2834 5132 καὶ
2869 5079 3074 5152 σφόδρα
3110 5078 3364 5150 βραχείς“,
3412 5082 3817 5152 προστεθεικὼς
3846 5084 3956 5136 τῶν

732 5162 996 5215 πλείστων
1022 5165 1114 5216 καὶ
1140 5165 1200 5216 τὸ
1229 5164 1401 5232 γένος,
1431 5167 1521 5217 καὶ
1554 5166 1651 5235 τὴν
1685 5166 1856 5228 πόλιν,
1890 5166 1983 5217 καὶ
2016 5165 2107 5217 τὸν
2139 5166 2338 5236 τρόπον
2366 5166 2464 5235 τῆς
2498 5168 2686 5237 μονῆς.

814 5274 1325 5343 Ἐμνῆμονεύσαμεν
1347 5275 1401 5326 δὲ
1430 5273 1635 5343 ἀνδρῶν
1672 5274 1763 5327 καὶ
1792 5274 2066 5340 γυναικῶν
2102 5272 2543 5342 κατωρθωκότων
2580 5274 2679 5343 μὲν
2713 5275 2791 5337 είς
2822 5274 2989 5345 ἀκρον
3020 5273 3117 5342 τὴν
3158 5273 3381 5344 ἀρετὴν,
3409 5274 3497 5326 διά
3527 5275 3582 5328 δὲ
3611 5276 3710 5345 τήν
3742 5278 3957 5348 μητέρα

727 5362 826 5432 τῆς
856 5363 955 5414 ὑπε
968 5362 1250 5431 ρηφανίας,
1284 5360 1379 5431 τὴν
1406 5361 1743 5432 καλουμένην
1773 5362 2098 5427 κενοδοξίαν,
2136 5363 2215 5424 είς
2244 5362 2469 5431 ἔσχατον
2515 5360 2785 5432 βάραθρον
2818 5362 2911 5414 καὶ
2942 5360 3189 5431 πυθμένα
3216 5361 3340 5431 ᾅδου
3368 5362 3823 5432 κατενεχθέντων,
3862 5370 3957 5419 καὶ

730 5449 796 5501 τὰ
825 5451 886 5501 ἐκ
920 5448 1143 5519 μακρῶν
1170 5447 1374 5519 χρόνων
1423 5450 1516 5501 καὶ
1564 5449 1774 5501 πολλῶν
1809 5449 1991 5502 κόπων
2021 5449 2295 5518 κτηθέντα
2334 5449 2515 5511 αὐτοῖς
2545 5450 2819 5518 ἐπέραστα
2848 5449 2951 5501 καὶ
2987 5448 3339 5518 περιμάχητα
3368 5448 3465 5517 τῆς
3491 5449 3778 5519 ἀσκήσεως
3816 5469 3951 5503 κατ-

731 5535 1041 5604 ορθώματα,
1073 5537 1129 5586 ἐν
1162 5536 1258 5605 μιᾷ
1289 5534 1475 5605 καιροῦ
1511 5538 1647 5607 ῥοπῇ
1684 5535 1791 5588 ὑπὸ
1822 5534 1913 5588 τοῦ
1943 5534 2114 5603 τύφου
2151 5536 2244 5587 καὶ
2275 5535 2367 5603 τῆς
2394 5536 2618 5603 οἰήσεως
2655 5535 2977 5605 διαρρυέντα
3015 5551 3030 5566 ο
3062 5535 3244 5605 χάριτι
3274 5533 3330 5587 δὲ
3355 5533 3449 5587 τοῦ
3479 5534 3729 5606 Σωτῆρος
3756 5538 3915 5606 ἡμῶν
3938 5578 3953 5601 ,

733 5624 824 5673 καὶ
863 5623 1083 5691 προνοίᾳ
1120 5622 1228 5674 τῶν
1273 5623 1443 5690 άγίων
1474 5623 1754 5693 Πατὲρων,
1792 5620 1885 5674 καὶ
1920 5621 2233 5692 συμπαθείᾳ
2261 5621 2580 5690 σπλάγχνων
2632 5621 3041 5692 πνευματικῶν,
3072 5619 3517 5689 ἐξαρπασθέντων
3567 5622 3671 5675 τῶν
3710 5622 3806 5675 τοῦ
3836 5623 3953 5676 δια-

733 5707 882 5761 ϐόλον
910 5708 1157 5775 δικτύων,
1189 5710 1281 5762 καὶ
1309 5712 1429 5773 ταῖς
1459 5712 1641 5778 εὐχαῖς
1666 5709 1772 5761 τῶν
1802 5708 1973 5761 ἁγίων
2000 5707 2106 5757 τῶν
2140 5709 2407 5777 πρότερον
2438 5709 2903 5779 ἁνακτησαμένων
2939 5710 3193 5781 ἐνάρετον
3227 5707 3357 5777 βίον.
