4258 6358
344 388 458 456 997
1708 393 2130 451 pnoosutuu.
3392 406 3492 465 993

820 926 955 1014 PA
974 926 1370 1017 LLADII
1446 923 1983 1018 EPISCOPI
2066 925 3024 1023 HELENOPOLEOS

1121 1243 1815 1361 HISTORIA
1893 1242 2078 1359 AD
2162 1245 2732 1365 LAUSUM

922 1576 1444 1645 CONTINENS
1512 1580 1783 1641 VITAS
1854 1578 2432 1642 SANCTORUM
2508 1579 2922 1644 PATRUM.

1568 1871 2285 1967 PRO(EMIUM.

384 2152 441 2207 in
508 2150 614 2208 hoc
667 2152 803 2209 libro
862 2151 1059 2223 scripta
1108 2159 1210 2217 est,
1228 2166 1329 2219 qua
1351 2151 1403 2205 in
1419 2151 1610 2206 virtute
1626 2150 2251 2216 utcbantur,exercitatio
2272 2151 2660 2207 etadmirahilis
2673 2152 2792 2206 vita:
2814 2151 3026 2221 agendze
3048 2146 3182 2207 ratio
3197 2148 3470 2207 beatorum
3490 2163 3539 2207 et

304 2248 611 2293 sanctorum
662 2240 874 2293 Patrum
897 2242 984 2309 qui
1013 2239 1277 2309 degebant
1319 2240 1372 2294 in
1411 2241 1732 2305 solitudine;
1777 2250 1835 2296 ut
1861 2257 1953 2297 eos
1980 2242 2296 2295 mmulentur
2332 2256 2397 2296 ac
2439 2243 2707 2297 imitentur
2730 2243 2818 2311 qui
2862 2241 3131 2297 ctelestem
3160 2242 3342 2297 volunt
3380 2243 3538 2297 vitam

305 2340 494 2394 agere,
519 2335 573 2382 et
601 2344 717 2393 «luat
761 2328 826 2381 ad
856 2342 1071 2399 regnum
1102 2326 1354 2383 caelorum
1409 2328 1640 2395 deducit,
1674 2331 1809 2385 viam
1859 2332 2091 2403 ingredi;
2134 2346 2439 2400 annumque
2488 2333 2764 2387 mulierum
2807 2330 3101 2397 memoria,
3130 2339 3183 2386 et
3223 2332 3536 2403 inclytarum

312 2428 543 2472 matrum
574 2435 601 2471 a
628 2418 735 2473 Deo
769 2420 1163 2488 inspiratarum,
1181 2434 1299 2489 qua:
1316 2436 1504 2491 magno
1525 2429 1579 2474 et
1602 2422 1719 2475 forti
1742 2423 1919 2477 animo
1946 2422 2149 2477 virtutis
2171 2422 2564 2477 exercitationis
2586 2435 2835 2491 peregere
2860 2422 3169 2485 certamina,
3192 2429 3251 2475 ut
3270 2423 3539 2491 exemplar

304 2521 646 2580 proponatur,
663 2523 717 2568 et
744 2528 893 2567 amor
911 2515 1169 2568 excitetur
1198 2512 1262 2567 iis
1284 2529 1398 2579 quae
1417 2515 1753 2568 continentiae
1767 2531 1827 2569 ac
1844 2516 2095 2569 castitatis
2108 2516 2495 2570 voluntcorona
2520 2514 2777 2581 redimiri,
2800 2529 2863 2569 ex
2889 2514 3153 2569 sententia
3180 2521 3235 2569 et
3256 2516 3529 2568 voluntate

304 2604 428 2669 viri,
461 2605 549 2673 qui
577 2617 658 2661 est
679 2608 821 2660 varia
844 2621 906 2661 ac
928 2606 1200 2675 multiplici
1227 2607 1465 2661 doctrina
1491 2606 1768 2672 prazditus,
1801 2607 2033 2660 moribus
2055 2608 2323 2675 pacificus,
2356 2616 2410 2661 et
2430 2606 2592 2660 corde
2614 2607 2749 2673 pius,
2780 2612 3061 2673 menteque
3089 2604 3386 2673 religiosus,
3412 2605 3538 2658 etin

304 2691 371 2747 iis
396 2708 515 2761 qua:
551 2704 831 2764 suntopus
855 2696 1127 2763 egentibus
1155 2693 1607 2749 communicandis
1638 2694 1890 2759 liberalis,
1913 2706 1961 2748 et
1996 2705 2211 2764 propter
2250 2711 2454 2750 morum
2484 2696 2769 2750 bonitatem
2796 2696 2975 2749 multis
2994 2695 3119 2749 viris
3139 2695 3348 2750 eximiis
3376 2702 3458 2749 est
3482 2694 3537 2749 in

304 2783 525 2836 summis
573 2784 860 2847 honoribus
908 2786 1239 2853 praepositus,
1264 2794 1319 2839 et
1346 2786 1560 2838 omnino
1590 2785 1883 2839 enatoditur
1905 2786 2098 2839 virtute
2126 2785 2285 2839 divini
2315 2786 2559 2855 Spiritus.
2583 2787 2682 2851 Qui
2718 2787 2930 2855 quidem
2979 2786 3130 2839 nobis
3153 2786 3331 2852 jussit,
3352 2785 3463 2851 vel,
3488 2787 3533 2839 si

305 2885 489 2925 vernn:
533 2873 709 2940 potius
735 2871 912 2927 dicere
933 2882 1193 2940 oporteat,
1216 2874 1281 2926 ad
1312 2888 1494 2927 eorum
1518 2889 1634 2940 qua:
1659 2882 1783 2928 sunt
1806 2875 2021 2928 meliora
2043 2876 2542 2944 contemplationem
2564 2875 2727 2930 hebes
2749 2884 2987 2931 nostrum
3008 2883 3070 2929 et-
3092 2876 3339 2931 obtusum
3377 2875 3525 2930 exci-

304 2962 435 3014 tat-it
482 2960 773 3028 ingenium,
804 2970 860 3014 ut
887 2963 953 3016 ad
999 2963 1391 3031 proponendam
1437 2963 1500 3015 ad
1519 2963 1828 3017 imitandum
1860 2964 2107 3017 virtutum
2146 2965 2543 3019 exercitationis
2583 2964 2996 3019 decertationcm
3026 2975 3329 3019 sanctorum
3359 2965 3531 3019 etim-

314 3051 615 3104 mortalium
632 3060 683 3104 et
709 3050 1022 3119 spiritalium
1049 3060 1256 3119 patrum
1288 3053 1736 3121 nostrorum,qui,
1760 3052 1937 3106 utDeo
1961 3052 2245 3119 placerent,
2268 3054 2319 3107 in
2342 3054 2470 3108 dura
2494 3064 2547 3107 ct
2572 3068 2757 3123 aspera
2780 3056 3091 3109 tractatione
3110 3054 3348 3122 corporis
3366 3054 3529 3109 vitam

305 3153 551 3213 egerunt,
584 3143 955 3209 praeclarorum
995 3143 1316 3197 athletarum
1362 3144 1519 3197 vitam
1568 3159 1597 3197 a
1651 3145 1802 3199 nobis
1826 3144 2145 3214 descriptam
2175 3146 2240 3200 ad
2283 3162 2402 3201 eum
2429 3148 2778 3213 mitteremus,
2808 3148 3221 3218 uniuscujusque
3241 3162 3307 3203 ex
3331 3148 3537 3218 magnis

305 3244 551 3291 strenuae
582 3231 915 3301 praedicando
941 3234 1183 3288 virtutes.
1213 3233 1383 3287 Divini
1431 3245 1607 3289 autem
1637 3234 1791 3304 lmjus
1814 3243 1869 3289 et
1891 3235 2142 3302 spiritalis
2169 3236 2415 3292 desiderii
2442 3246 2647 3292 amator
2674 3246 2756 3293 est
2788 3238 3014 3307 Lausus,
3040 3239 3127 3295 cui
3156 3246 3279 3311 post
3304 3239 3532 3298 divinum

303 3326 555 3380 auxilium
582 3324 827 3380 mandata
860 3334 943 3381 est
968 3324 1208 3380 custodia
1229 3325 1479 3379 divinitus
1501 3325 1659 3379 al‘llati
1692 3336 1747 3380 et
1776 3325 2011 3397 religiosi
2037 3327 2273 3394 imperii.

380 3418 493 3487 Ego
536 3419 692 3486 igitur
716 3418 802 3486 qui
829 3426 883 3471 et
911 3417 1088 3485 lingua
1136 3430 1253 3472 sum
1295 3416 1607 3477 ineruditus,
1631 3425 1684 3471 et
1714 3420 2005 3485 spiritalem
2039 3418 2398 3488 cognitionem
2423 3418 2648 3473 summis
2677 3418 3075 3488 quodammodo
3104 3420 3264 3476 labris
3286 3421 3453 3490 attigi,
3482 3432 3536 3476 et.

305 3509 552 3579 indignus
590 3525 704 3563 sum
735 3510 822 3577 qui
854 3512 1162 3565 recenseam
1186 3508 1480 3576 catalogum
1511 3508 1800 3575 spiritalem
1831 3508 1990 3562 vitam
2014 3509 2279 3577 agentium
2306 3518 2608 3564 sanctorum
2631 3508 2862 3573 Patrum,
2884 3520 2937 3563 et
2961 3511 3005 3564 si
3036 3508 3371 3564 reformidem
3396 3526 3535 3580 pra-

303 3601 443 3667 ccpti
466 3601 880 3669 magnitudinem
903 3601 1040 3670 quod
1064 3615 1207 3655 meas
1230 3601 1367 3655 vires
1388 3607 1620 3667 superat,
1646 3610 1693 3653 et
1722 3598 1925 3666 jussum
1955 3613 2095 3668 :cgre
2116 3598 2302 3663 feram,
2326 3599 2463 3666 quod
2490 3608 2542 3653 et
2569 3612 2808 3667 magnam
2826 3608 3099 3653 externam
3122 3598 3460 3668 sapientiam,
3482 3612 3532 3656 ct

306 3689 600 3757 spiritalem
642 3690 861 3757 requirit
911 3689 1347 3760 intelligentiam;
1377 3687 1636 3742 reveritus
1674 3695 1847 3741 tamen
1898 3688 2122 3754 primum
2164 3698 2217 3741 et
2242 3687 2357 3755 ejus
2383 3687 2470 3755 qui
2511 3686 2577 3741 ad
2606 3692 2708 3742 hoc
2733 3686 3127 3756 exsequendum
3159 3701 3257 3743 nos
3277 3689 3531 3743 excitavit

305 3778 574 3843 virtutem,
597 3788 650 3833 et
677 3788 925 3846 reputans
966 3792 1151 3833 eorum
1180 3778 1269 3847 qui
1317 3778 1430 3831 lucc
1460 3777 1634 3845 legent
1660 3776 1959 3837 utilitatem,
1983 3784 2037 3829 et
2065 3778 2422 3831 extimescens
2451 3777 2743 3847 periculum
2779 3778 2920 3847 quod
2946 3793 3119 3834 essem
3148 3778 3407 3846 aditurus,
3442 3790 3525 3835 et-

302 3865 349 3920 si
373 3868 495 3935 jure
538 3880 726 3935 parere
754 3882 1079 3930 recusarem,
1103 3882 1223 3921 cum
1273 3868 1543 3937 egregium
1584 3867 1807 3935 primum
1841 3867 2045 3935 jussum
2068 3866 2260 3920 divina:
2288 3868 2649 3937 ascripsissem
2678 3869 3055 3935 Providentia,
3084 3885 3379 3941 magnaque
3400 3887 3525 3927 usus

301 3975 478 4015 essem
512 3959 802 4027 diligentia,
836 3967 1137 4013 sanctorum
1169 3957 1386 4011 Patrum
1437 3956 1815 4010 intercessione
1857 3966 2091 4022 erectus,
2114 3957 2178 4010 ad
2200 3972 2261 4011 ea
2293 3973 2410 4011 sum
2441 3972 2742 4027 aggressus,
2773 3958 2939 4013 veluti
2962 3960 3188 4027 quodam
3214 3962 3530 4032 compendio

303 4052 673 4116 praeclarorum
694 4049 1008 4103 athletarum
1035 4057 1088 4103 et
1112 4063 1422 4117 magnorum
1445 4049 1678 4102 virorum
1700 4061 1903 4102 summa
1930 4049 2099 4101 solum
2126 4050 2419 4103 certamina
2450 4058 2506 4103 et
2536 4050 2684 4119 signa
2712 4050 3041 4105 describens.
3422 4042 3425 4047 ’

412 4132 521 4192 Nec
628 4140 967 4195 solummodo
1085 4136 1347 4192 clarorum
1369 4136 1622 4199 virorum,
1656 4138 1745 4206 qui
1774 4138 2025 4205 optimam
2069 4151 2132 4190 ac
2160 4139 2645 4204 prmstantissimam
2674 4152 2738 4193 ex
2777 4139 2968 4193 virtute
3002 4140 3161 4193 vitam
3198 4155 3353 4209 egere
3374 4180 3390 4206 ,
3427 4144 3523 4197 sed

300 4233 460 4286 etiam
484 4232 755 4284 beatamm
786 4230 1061 4282 mulierum
1093 4243 1210 4297 quae
1239 4228 1290 4282 in
1318 4230 1781 4283 excellentissima:
1808 4229 1929 4283 vitae
1977 4244 2171 4297 genere
2199 4243 2257 4282 se
2291 4228 2509 4282 honeste
2536 4242 2841 4282 exercuere.
2874 4226 2940 4282 Et
2988 4229 3279 4297 aliquorum
3314 4230 3523 4299 quidem

300 4336 365 4373 ex
389 4320 454 4373 iis
482 4333 662 4371 sacros
693 4319 869 4371 vultus
899 4317 1083 4384 utipse
1106 4332 1288 4371 coram
1312 4320 1542 4372 viderem
1570 4333 1685 4373 sum
1705 4319 1968 4387 dignatus,
1989 4320 2075 4386 qui
2096 4318 2203 4387 jam
2224 4328 2346 4371 ante
2375 4328 2497 4371 sunt
2525 4319 2870 4371 consummati
2901 4319 2952 4372 in
2980 4321 3269 4375 certamine
3287 4323 3523 4389 pietatis;

303 4411 602 4478 aliquorum
636 4417 808 4462 autem
838 4409 1110 4464 cmlestem
1141 4408 1264 4461 vita:
1292 4410 1672 4464 institutionem
1700 4410 1860 4463 didici
1882 4424 1910 4461 a
1942 4409 2131 4462 divinis
2161 4407 2394 4461 athletis.
2434 4406 2621 4460 Multas
2646 4411 2820 4461 autem
2851 4408 3032 4471 urbes,
3057 4417 3113 4463 et
3135 4409 3328 4464 multos
3359 4410 3522 4478 vicos,

298 4515 353 4559 et
378 4505 682 4572 speluncas,
712 4511 767 4556 et
788 4503 965 4555 omnia
994 4500 1327 4556 tabernacula
1364 4502 1557 4556 deserti
1614 4503 1992 4557 monachorum
2028 4501 2256 4568 pedestri
2284 4500 2471 4553 itinere
2498 4500 2702 4565 obiens,
2754 4500 3155 4568 diligentissime
3197 4502 3522 4557 consideravi

295 4609 482 4651 eorum
517 4595 765 4662 pietatem
796 4606 858 4646 ac
886 4593 1217 4661 religionem.
1256 4591 1428 4657 Atque
1456 4606 1575 4645 cum
1606 4606 1723 4660 qua:
1766 4592 1955 4659 partim
1988 4589 2200 4659 quidem
2230 4590 2342 4658 ipse
2390 4588 2497 4641 vidi
2538 4586 2891 4655 scripsissem,
2921 4588 3107 4656 partim
3134 4592 3308 4643 autem
3335 4603 3454 4657 quas
3493 4606 3519 4642 a

296 4687 496 4742 sanctis
528 4685 770 4740 Patribus
793 4686 994 4751 audivi,
1026 4699 1338 4753 magnorum
1380 4683 1611 4737 virorum
1658 4683 1969 4749 certamina,
1999 4692 2051 4735 ct
2087 4682 2388 4745 mulierum,
2420 4693 2537 4748 quae
2566 4688 2779 4747 propter
2816 4692 2966 4747 spem
2996 4676 3049 4733 in
3074 4676 3345 4732 Christum
3372 4689 3517 4733 erant

296 4776 543 4830 fortiores
569 4789 724 4843 quam
748 4789 928 4828 earnm
956 4774 1159 4829 ferebat
1188 4782 1397 4838 natura,
1424 4773 1581 4839 hujus
1614 4772 1732 4826 libri
1763 4773 1974 4840 scriptis
2002 4772 2359 4833 mandassem,
2405 4768 2522 4822 misi
2548 4768 2614 4823 ad
2665 4776 2783 4821 tuas
2808 4782 2961 4822 aures
2992 4769 3189 4822 amicas
3215 4768 3516 4824 divinorum

293 4867 655 4938 eloquiorum,
680 4867 1005 4936 optimorum
1037 4866 1270 4919 virorum
1302 4872 1356 4918 et
1383 4864 1749 4933 religiosorum
1778 4865 1961 4929 decus,
1992 4863 2392 4931 fidelissimique
2414 4870 2463 4915 et
2490 4860 2719 4927 religiosi
2750 4860 2953 4929 imperii
2976 4860 3249 4930 splendor,
3272 4876 3516 4930 germane

290 4968 346 5014 et
372 4956 570 5012 Christi
599 4958 769 5011 amice
790 4970 945 5012 serve
974 4957 1067 5011 Dei
1096 4955 1291 5021 Lause,
1337 4970 1432 5025 pro
1460 4971 1519 5011 ea
1549 4972 1668 5026 qua:
1695 4957 1821 5011 mihi
1868 4957 2007 5011 inest
2033 4955 2338 5023 exiguitate,
2383 4952 2800 5021 uniuscujusque
2842 4966 2908 5005 ex
2936 4951 3133 5006 Christi
3175 4951 3388 5008 athletis
3409 4962 3513 5008 tam

293 5048 541 5103 masculis
572 5063 728 5113 quam
759 5047 967 5103 feminis
989 5048 1190 5117 insigne
1220 5062 1432 5113 nomen,
1457 5048 1785 5115 exprimens,
1816 5056 1868 5101 et
1888 5062 1953 5101 ex
1979 5046 2159 5099 multis
2187 5054 2240 5099 et
2267 5042 2471 5112 magnis
2513 5040 2924 5109 uniuscujusque
2950 5040 3325 5100 certaminibus
3351 5056 3512 5111 pauca

291 5144 522 5199 breviter
543 5155 840 5211 exponens;
866 5142 1212 5208 plurimorum
1244 5157 1457 5210 quoque
1485 5157 1651 5211 genus
1682 5143 1842 5196 etiam
1873 5143 2147 5212 adjiciens,
2178 5149 2233 5196 et
2252 5141 2458 5204 urbem,
2484 5148 2537 5194 et
2558 5139 2730 5193 locum
2766 5138 3076 5193 mansionis.

357 5231 696 5286 Meminimus
719 5240 894 5284 autem
924 5230 1155 5284 virorum
1179 5238 1229 5284 ct
1260 5231 1562 5294 mulierum,
1590 5230 1677 5299 qui
1727 5245 1790 5284 ex
1818 5232 2010 5285 virtute
2038 5231 2247 5300 quidem
2277 5229 2438 5284 vitam
2464 5229 2695 5298 perfecte
2727 5228 3095 5294 instituerunt,
3126 5236 3343 5298 propter
3368 5241 3513 5283 arro-

289 5321 485 5390 gantia:
522 5332 698 5374 autem
729 5329 950 5373 matrem
985 5320 1191 5373 inanem
1220 5335 1338 5388 quae
1368 5329 1585 5374 vocatur
1612 5319 1857 5388 gloriam,
1891 5321 1941 5373 in
1964 5321 2199 5374 inlimum
2239 5318 2524 5373 inferorum
2568 5318 2899 5382 barathrum,
2931 5326 2985 5372 et
3024 5316 3240 5371 fumium
3274 5318 3513 5386 praecipi-

288 5415 381 5468 tati
414 5414 642 5473 fuerant,
671 5420 722 5465 et
742 5424 863 5479 quae
886 5409 1042 5478 longo
1067 5418 1305 5478 tempore
1326 5421 1379 5466 et
1405 5412 1630 5480 plurimo
1656 5412 1838 5467 labore
1863 5412 1961 5465 sibi
2013 5420 2348 5482 pepererant,
2392 5411 2779 5479 amplectenda,
2803 5420 2855 5467 et
2876 5411 3135 5466 acerrimo
3163 5410 3341 5465 studio
3370 5425 3514 5465 com-

288 5503 523 5574 paranda
549 5500 949 5558 exercitationis
990 5501 1282 5569 benefacta,
1314 5518 1421 5558 uno
1450 5506 1703 5573 temporis
1744 5513 2011 5559 momento
2038 5506 2338 5574 arrogantia
2366 5513 2421 5559 et
2460 5519 2598 5558 vana
2629 5504 2698 5559 de
2724 5518 2783 5559 se
2829 5506 3178 5573 persuasione
3204 5504 3509 5560 amiserant.

284 5597 467 5655 Gratia
493 5603 665 5649 autem
695 5595 866 5647 nostri
910 5592 1226 5660 Servatoris,
1261 5605 1314 5649 et
1356 5604 1661 5650 sanctorum
1718 5597 1929 5651 Patrum
1970 5597 2326 5666 providentia,
2354 5606 2407 5651 et
2433 5596 2692 5651 viscerum
2736 5596 3095 5659 miseratione,
3130 5594 3294 5663 erepti
3324 5602 3448 5648 sunt
3476 5610 3504 5647 a

282 5684 611 5755 spiritalibus
626 5684 818 5739 diaboli
842 5686 1070 5754 laqueis,
1106 5694 1161 5741 et
1184 5697 1487 5744 sanctorum
1512 5689 1753 5755 precibus
1782 5696 2226 5756 recuperaverant
2245 5690 2473 5757 priorem
2498 5689 2659 5744 vitam
2690 5702 2846 5758 quam
2878 5688 3100 5757 agebant
3126 5702 3189 5743 ex
3220 5695 3430 5742 virtute.
