4258 6358
740 333 843 393 999
2175 305 2489 362 l‘.-\l.LADll
3828 295 3960 353 tooo

2453 427 2821 439 ——_————-—

1110 498 1549 559 EXEMI’LAR
1592 497 1997 557 EPISTOLZE
2043 496 2389 558 SCRIPTE
2437 496 2540 554 AD
2589 493 2904 553 LAUSUM
2947 488 3465 551 PRJEPOSITUM
3503 534 3521 562 ,

1682 636 1756 678 ΑΒ
1799 636 2155 678 HBRACLIDE
2200 632 2493 676 EPISCOPO
2524 621 2550 649 ⁸
2576 629 3000 673 ωιψλιιοειλε.

794 741 972 797 Laudo
994 755 1314 811 magnopere
1346 750 1489 794 tuum
1524 740 1839 795 institutum.
1863 740 1969 795 Par
1990 749 2070 795 est
2091 743 2231 795 enim
2262 750 2321 795 ut
2350 736 2805 805 incipiatepistola
2833 750 2862 789 a
2902 733 3238 788 laudatione:
3270 730 3411 801 quod
3436 742 3558 783 cum
3584 736 3774 780 omnes
3803 723 3957 777 vanis

726 836 883 889 rebus
910 833 1131 894 inhient,
1163 840 1218 885 et
1239 831 1437 900 lapides
1464 828 1747 896 aediﬁcent,
1780 846 1843 886 ex
1870 833 2062 901 quibus
2092 832 2291 885 nullam
2320 830 2533 898 capient
2549 830 2847 892 utilitatem,
2878 826 3039 880 libros
3060 824 3314 888 aediﬁces,
3339 831 3396 878 et
3419 821 3552 876 velis
3572 818 3774 873 doceri.
3798 816 3959 870 Solus

720 928 860 981 enim
884 936 966 980 est
994 925 1360 978 universorum
1386 924 1521 980 Deus
1543 924 1631 992 qui
1659 925 1840 993 nequit
1865 925 2062 989 doceri,
2090 922 2515 993 quandoquidem
2546 929 2599 975 et
2630 921 2743 988 ipse
2773 934 2868 987 per
2903 934 2961 974 se
2989 925 3089 981 est,
3135 927 3187 972 et
3215 924 3337 969 ante
3365 928 3423 968 se
3446 928 3551 967 non
3583 910 3741 965 habet
3762 908 3957 961 alium.

723 1019 836 1073 Alia
868 1028 1045 1073 autem
1068 1019 1242 1073 omnia
1269 1018 1444 1073 doceri
1473 1027 1711 1086 possunt,
1742 1018 1988 1087 quoniam
2016 1028 2138 1070 sunt
2159 1024 2215 1071 et
2243 1016 2377 1070 facta
2407 1026 2459 1069 et
2490 1022 2691 1071 creata.
2726 1014 2897 1081 Atque
2946 1010 3101 1075 primi
3130 1009 3345 1079 quidem
3392 1006 3609 1062 ordines
3639 1001 3958 1069 magistram

723 1107 917 1161 habent
945 1121 1200 1160 summam
1222 1107 1565 1171 Trinitatem,
1592 1106 1806 1161 secundi
1836 1114 2011 1161 autem
2043 1106 2250 1160 discunt
2278 1120 2307 1158 a
2334 1105 2538 1174 primis,
2564 1102 2702 1158 tertii
2734 1110 2909 1155 autem
2927 1116 2957 1154 a
2988 1099 3264 1163 secundis;
3290 1106 3344 1151 et
3371 1097 3448 1151 sic
3474 1096 3753 1161 deinceps,
3777 1098 3834 1144 et
3864 1102 3959 1157 per

723 1196 984 1261 ordinem,
1015 1211 1181 1264 usque
1201 1198 1264 1249 ad
1288 1205 1572 1249 extremos.
1609 1196 1705 1262 Qui
1728 1199 1870 1251 enim
1894 1205 2015 1250 sunt
2043 1196 2437 1265 prmstantiores
2466 1197 2668 1249 honore
2708 1203 2761 1247 et
2786 1194 2996 1256 virtute,
3048 1192 3241 1247 docent
3267 1204 3361 1245 eos
3384 1189 3473 1258 qui
3504 1197 3628 1241 sunt
3671 1183 3962 1240 inferiore:
3994 1196 3999 1199 '

722 1285 1039 1355 cognitione.
1073 1286 1172 1351 Qui
1204 1300 1329 1352 ergo
1355 1286 1662 1339 existimant
1689 1300 1747 1339 se
1770 1302 1874 1341 non
1906 1301 2065 1356 egere
2087 1287 2376 1355 magistris,
2404 1294 2495 1340 aut
2520 1301 2623 1339 non
2655 1292 2841 1353 parent
2871 1284 2933 1337 iis
2961 1283 3051 1353 qui
3077 1283 3271 1338 docent
3302 1283 3354 1334 in
3400 1280 3681 1343 charitate,
3714 1276 3963 1331 labomnt

729 1376 914 1430 morbo
942 1376 1304 1442 ignorationis,
1334 1390 1451 1442 qua:
1478 1383 1559 1428 est
1583 1386 1752 1428 mater
1781 1379 2112 1445 arrogantius.
2136 1376 2278 1431 Inter
2307 1391 2438 1445 quos
2468 1378 2663 1443 primas
2689 1385 2864 1442 partes
2887 1380 3069 1427 tenent
3090 1372 3155 1425 ad
3178 1373 3474 1436 interitum,
3504 1369 3593 1436 qui
3615 1367 3806 1422 eodem
3829 1365 3964 1417 vitio

724 1466 1032 1519 exciderunt
1062 1480 1089 1518 a
1124 1466 1329 1520 cmlesti
1355 1465 1677 1519 habitatione
1701 1467 1749 1518 in
1774 1480 1897 1520 aere
1918 1466 2160 1521 volantes
2195 1467 2484 1527 dtemones.
2530 1475 2589 1519 ut
2614 1465 2704 1535 qui
2729 1464 3025 1532 aulugerint
3052 1462 3121 1516 ab
3148 1463 3213 1517 iis
3234 1463 3319 1529 qui
3349 1469 3501 1515 erant
3528 1461 3579 1512 in
3616 1457 3755 1512 cmlo
3785 1454 3963 1524 magi-

728 1554 874 1608 stris.
906 1554 1018 1607 Non
1049 1557 1190 1607 enim
1221 1554 1477 1618 dictiones
1506 1564 1594 1607 aut
1623 1556 1839 1624 syllaba:
1866 1564 1988 1609 sunt
2020 1557 2293 1618 doctrinm,
2323 1571 2451 1625 quas
2482 1570 2859 1624 nonnunquam
2885 1555 3082 1609 habent
3106 1555 3263 1609 etiam
3293 1554 3381 1620 qui
3423 1560 3549 1604 sunt
3576 1548 3832 1618 pessimi;
3864 1550 3961 1601 sed

729 1661 904 1700 mores
935 1655 1077 1700 recte
1107 1646 1401 1713 compositi,
1436 1654 1489 1699 et
1516 1646 1771 1699 molestia:
1801 1655 1853 1699 et
1883 1648 2114 1710 terroris,
2141 1657 2313 1701 metus
2344 1658 2397 1700 et
2426 1649 2513 1700 ira:
2544 1647 2807 1712 vacuitas,
2834 1656 2888 1700 et
2909 1646 2959 1698 in
2990 1645 3148 1699 rebus
3172 1644 3415 1699 omnibus
3448 1641 3635 1695 ﬁducia
3658 1654 3722 1693 ac
3743 1639 3960 1693 dicendi

729 1735 965 1800 libertas,
998 1744 1049 1789 et
1074 1750 1188 1801 qua:
1218 1750 1491 1789 sermones
1531 1752 1631 1789 non
1662 1751 1814 1790 secus
1844 1738 2180 1805 gignitqnam
2206 1739 2341 1806 ignis
2386 1739 2674 1804 ﬂammam,
2718 1737 3086 1791 mansuetudo.
3134 1736 3265 1789 Nam
3288 1738 3332 1789 si
3373 1736 3447 1789 ita
3482 1749 3585 1786 non
3637 1740 3799 1795 esset,
3852 1745 3961 1784 non

727 1825 926 1880 diceret
959 1839 1176 1893 magnus
1199 1826 1445 1893 magister
1474 1828 1581 1879 SUiS
1608 1827 1879 1895 discipulis
1908 1846 1918 1878 :
1956 1828 2013 1880 Di
2046 1829 2147 1882 cite
2176 1844 2203 1881 a
2234 1846 2335 1893 me,
2365 1830 2608 1898 quoniam
2641 1831 2782 1883 mitis
2813 1844 2929 1883 sum
2958 1838 3011 1883 et
3041 1828 3254 1882 humilis
3278 1828 3438 1882 corde
3471 1825 3691 1894 (Matth.
3718 1824 3815 1884 xl),
3857 1838 3960 1877 non

727 1916 1007 1970 verborum
1036 1925 1221 1970 ornatu
1250 1916 1530 1969 instituens
1555 1925 1608 1969 et
1630 1916 1860 1984 dirigens
1882 1920 2171 1985 apostolos,
2205 1918 2296 1972 sed
2343 1934 2545 1970 morum
2588 1919 2819 1972 bonitate
2846 1918 3111 1971 neminem
3160 1917 3398 1970 molestia
3445 1916 3705 1976 afﬁciens,
3755 1923 3960 1980 praeter

726 2023 820 2063 eos
846 2008 931 2077 qui
957 2008 1168 2063 verbum
1194 2010 1384 2062 habent
1415 2010 1556 2075 odio,
1590 2019 1645 2065 et
1668 2012 1895 2065 oderunt
1920 2015 2215 2080 magistros.
2248 2012 2466 2080 Oportet
2512 2015 2653 2066 enim
2698 2012 2947 2076 animam,
2977 2026 3095 2079 quas
3120 2010 3340 2063 Christo
3369 2004 3756 2062 convenienter
3802 2020 3964 2059 exer-

736 2104 925 2161 cetur,
988 2096 1072 2149 vel
1138 2095 1366 2152 ﬁdeliter
1424 2102 1628 2156 discere
1657 2117 1713 2156 ea
1746 2118 1863 2170 qua:
1892 2119 1995 2157 non
2027 2106 2188 2169 novit,
2214 2106 2291 2159 vel
2324 2112 2508 2173 aperte
2536 2105 2728 2160 docere
2754 2120 2815 2159 ea
2849 2119 2965 2174 quae
3008 2105 3130 2158 scit.
3170 2102 3224 2157 Si
3253 2102 3395 2156 enim
3424 2100 3737 2155 alterutrum
3768 2099 3961 2151 horum

734 2188 886 2251 nolit,
912 2188 1114 2242 laborat
1140 2190 1363 2243 insania.
1398 2190 1716 2247 Delectionis
1745 2195 1884 2248 enim
1916 2196 2229 2264 principium
2277 2206 2357 2250 est
2386 2196 2637 2249 doctrinas
2664 2195 2903 2258 satietas,
2931 2202 2984 2247 et
3011 2192 3159 2248 verbi
3204 2192 3493 2257 fastidium,
3544 2189 3686 2257 quod
3749 2203 3964 2256 semper

734 2278 897 2333 esurit
917 2282 1088 2334 anima
1118 2282 1231 2349 ejus
1254 2284 1339 2351 qui
1370 2283 1533 2338 Deum
1560 2284 1745 2353 diligit.
1774 2286 1898 2341 Vale
1927 2302 2071 2356 ergo,
2102 2297 2155 2342 et
2175 2287 2250 2341 sis
2276 2302 2431 2342 sanus
2458 2295 2513 2341 et
2534 2287 2705 2355 fortis,
2736 2294 2788 2341 et
2813 2284 2973 2357 (quod
2994 2299 3237 2355 magnum
3267 2279 3369 2349 est)
3395 2280 3491 2335 tibi
3522 2280 3658 2333 Deus
3678 2277 3945 2333 concedat

728 2369 1079 2438 cognitionem
1106 2371 1323 2425 Christi.

734 2487 3961 2513 Μ

1075 2557 1513 2623 EXEMPLAR
1563 2563 1966 2624 EPISTOLE
2012 2565 2360 2626 SCRIPTIE
2406 2567 2511 2626 AD
2556 2568 2871 2629 LAUSUM
2914 2567 3431 2630 PRIEPOSITUM
3466 2611 3484 2641 ,

1757 2681 1795 2723 Δ
1836 2682 2139 2725 ῐνΔιιΑωο
2183 2682 2920 2747 ΕΡΙΒΟΟΡΟ-ΩΔΡΡΔῺΟΟΙΕ

805 2760 935 2816 Cum
977 2761 1128 2817 multi
1158 2763 1321 2816 multa
1372 2772 1426 2817 et
1454 2764 1595 2818 varia
1627 2764 1857 2818 diversus
1904 2766 2237 2834 temporibus
2278 2768 2472 2836 scripta
2501 2767 2622 2821 huic
2648 2769 2846 2822 stnculo
2882 2768 3216 2836 reliquerint,
3246 2779 3472 2835 quorum
3501 2756 3600 2820 alia
3630 2764 3873 2833 quidem,
3904 2779 3969 2819 ex

738 2849 832 2904 Dei
859 2864 1107 2920 superna:
1131 2849 1312 2921 gratia:
1343 2851 1709 2919 inspiratione,
1742 2862 1863 2908 sunt
1882 2856 1947 2908 ad
1977 2855 2380 2911 :ediﬁcationem
2411 2864 2466 2910 et
2493 2856 2831 2910 securitatem
2863 2870 3047 2909 eorum
3078 2855 3169 2924 qui
3199 2856 3339 2909 ﬁdeli
3370 2855 3644 2923 proposito
3666 2863 3969 2923 sequuntur

735 2938 977 3006 dogmata
1006 2939 1333 3005 Servatoris;
1361 2941 1465 2996 alia
1491 2951 1688 3008 autem,
1712 2958 1777 2999 ex
1806 2952 2059 3014 corrupto
2080 2954 2132 3000 et
2152 2944 2296 3015 quod
2318 2944 2622 2999 hominibus
2649 2946 2855 3013 placere
2899 2947 3044 3014 cupit
3072 2946 3366 3015 proposito,
3392 2945 3658 3000 luxuriant
3682 2945 3750 2999 ad
3778 2961 3969 3000 eorum

735 3026 1148 3081 consolationem
1171 3028 1257 3096 qui
1283 3030 1453 3084 inanis
1474 3032 1653 3101 gloria:
1686 3033 1874 3087 morbo
1903 3033 2175 3098 laborant;
2205 3034 2305 3086 alia
2324 3042 2523 3100 autem,
2550 3049 2616 3089 ex
2646 3035 2943 3104 importuna
2964 3035 3188 3104 quadam
3228 3035 3451 3099 insania,
3488 3044 3543 3091 et
3564 3035 3849 3101 daemonis,
3878 3037 3969 3105 qui

741 3136 857 3187 quae
884 3130 1006 3174 sunt
1034 3120 1257 3175 honesta
1286 3122 1446 3177 habet
1466 3123 1609 3189 odio,
1636 3124 1969 3193 impulsione,
1995 3126 2058 3179 ad
2084 3125 2274 3179 levium
2303 3125 2572 3179 hominum
2602 3127 2915 3195 perniciem,
2946 3136 3000 3181 et
3028 3128 3355 3182 intemeratas
3382 3125 3665 3180 catholicae
3708 3126 3969 3182 Ecclesia-

742 3209 932 3273 labem,
961 3209 1037 3263 ira
1060 3213 1437 3280 et.arrogantia
1470 3215 1772 3283 irruperunt
1799 3216 1850 3269 in
1880 3226 2085 3270 mentes
2115 3216 2418 3278 stultorum.
2450 3225 2507 3270 ut
2525 3216 2685 3271 vitam
2712 3218 2987 3273 honestam
3014 3225 3069 3273 et
3091 3232 3277 3288 puram
3299 3218 3676 3282 obscurarent;
3704 3218 3885 3273 visum
3914 3230 3969 3275 et

745 3299 876 3355 mihi
899 3313 1105 3370 quoque
1137 3300 1320 3355 humili
1353 3311 1567 3371 propter
1594 3318 1742 3372 spem
1772 3305 1827 3358 in
1858 3305 2147 3372 Chrismm,
2173 3312 2229 3358 et
2266 3304 2670 3373 magniﬁcentia:
2713 3315 2816 3360 ture
2860 3306 3066 3375 iussum
3116 3306 3402 3371 reverenti,
3434 3306 3515 3360 vir
3556 3305 3972 3373 studiosissime,

740 3394 967 3465 primum
998 3394 1233 3448 omnium
1264 3410 1479 3450 narrare
1504 3410 1564 3450 ea
1586 3398 1760 3450 omnia
1792 3412 1907 3466 quae
1937 3398 2001 3452 ad
2030 3413 2114 3453 me
2138 3399 2423 3468 pertinent,
2446 3408 2499 3454 et
2520 3408 2729 3455 etatem
2752 3408 2805 3455 et
2833 3401 3028 3455 mentis
3055 3414 3187 3455 mea:
3213 3399 3277 3453 ad
3299 3400 3548 3453 virtutem
3582 3398 3635 3452 in
3660 3398 3827 3451 Deum
3854 3412 3974 3467 pro-

739 3482 952 3550 fectum,
984 3484 1280 3552 incipiendo
1317 3486 1583 3553 ajuvenili
1620 3499 1794 3543 aetate.

810 3572 943 3630 Cum
973 3577 1298 3646 trigesimum
1329 3579 1539 3647 quidem
1568 3589 1622 3633 et
1652 3581 1864 3636 tertium
1895 3597 2089 3637 annum
2120 3598 2328 3653 agerem
2366 3584 2418 3638 in
2460 3584 2864 3639 conversatione
2892 3599 3013 3640 eum
3040 3583 3292 3639 fratribus
3312 3592 3366 3638 et
3393 3584 3501 3638 vita
3532 3584 3795 3650 solitaria,
3827 3582 3976 3652 vige-

739 3667 934 3720 simum
961 3676 1138 3721 autem
1167 3669 1521 3736 episcopatus,
1556 3671 1718 3726 totius
1744 3682 1917 3725 autem
1948 3674 2070 3725 vitae
2097 3688 2229 3728 meae
2258 3673 2755 3743 quinquagesimum
2789 3675 3023 3740 tertium,
3068 3672 3426 3728 necessarium
3465 3673 3787 3738 existimavi,
3818 3674 3977 3742 spiri-

739 3757 857 3811 talis
886 3757 1127 3812 utilitatis
1153 3759 1344 3827 gratia,
1396 3760 1488 3814 tibi
1538 3764 1771 3829 cupienti
1801 3764 1854 3816 in
1897 3764 2110 3831 scriptis
2134 3779 2352 3818 narrare
2378 3779 2495 3832 quae
2522 3778 2552 3818 a
2573 3763 2769 3818 sanctis
2797 3763 3045 3818 Patrihus
3073 3772 3217 3819 recte
3242 3770 3298 3817 et
3340 3778 3401 3817 ex
3435 3764 3627 3818 virtute
3652 3774 3800 3833 gesta
3828 3775 3974 3829 sunt,

738 3850 845 3899 tam
876 3847 1123 3901 masculis
1154 3863 1308 3916 quam
1341 3849 1569 3913 feminis,
1595 3866 1725 3919 quos
1748 3862 1800 3905 et
1826 3852 1937 3920 ipse
1962 3852 2090 3916 vidi,
2119 3862 2171 3907 et
2192 3853 2259 3906 de
2280 3852 2470 3922 quibus
2496 3853 2671 3907 audivi
2695 3854 2762 3907 ab
2785 3853 2979 3907 animis
3009 3852 3348 3919 ﬁdelissimis,
3365 3867 3488 3908 cum
3514 3855 3709 3923 quibus
3729 3866 3977 3909 versatus

738 3952 851 3995 sum
884 3941 937 3994 in
960 3939 1171 4009 .‘Egypti
1202 3941 1505 4009 solitudine,
1530 3943 1656 3996 etin
1693 3942 1878 4012 Libya,
1915 3955 1966 3998 et
1994 3945 2284 4009 Thebaide,
2317 3953 2367 3997 et
2398 3943 2574 4011 Syene
2594 3985 2609 4007 ,
2639 3946 2738 3998 sub
2762 3958 2864 4012 qua
2913 3952 3041 3999 sunt
3087 3946 3246 3999 etiam
3293 3946 3384 4013 qui
3423 3945 3670 3999 dicuntur
3697 3945 3977 4001 Tahenne-

740 4032 918 4095 siutze;
946 4032 1138 4086 deinde
1169 4033 1221 4086 in
1245 4032 1639 4101 Mesopotamia,
1682 4035 1980 4098 Palaestina,
2009 4043 2063 4088 et
2088 4034 2259 4103 Syria,
2284 4042 2339 4086 et
2382 4034 2435 4087 in
2477 4033 2715 4101 partibus
2742 4033 3063 4100 Occidentis,
3098 4042 3153 4089 et
3183 4033 3393 4095 Roma,
3422 4040 3477 4086 et
3503 4033 3556 4086 in
3584 4032 3894 4101 Campania,
3922 4046 3977 4089 et

752 4122 809 4175 in
838 4122 903 4175 iis
929 4137 1045 4190 qua:
1070 4130 1191 4175 sunt
1216 4124 1355 4175 circa
1378 4138 1467 4176 eas
1498 4124 1767 4189 partibus;
1794 4134 1850 4176 ut
1878 4123 1969 4176 tibi
2001 4124 2069 4175 ab
2117 4122 2267 4176 initio
2310 4121 2734 4175 aceurratissimo
2762 4120 2816 4174 in
2848 4121 2949 4175 hoc
2977 4122 3113 4176 libro
3151 4136 3412 4191 exponam
3440 4122 3605 4175 instar
3624 4124 3976 4189 narrationis;

748 4220 804 4263 ut
824 4227 943 4265 cum
974 4212 1171 4266 habeas
1201 4212 1481 4267 honestum
1510 4222 1563 4266 et
1584 4215 1771 4266 anima:
1794 4214 1922 4266 utile
1942 4222 2365 4275 monumentum,
2388 4219 2697 4281 perpetuum
2723 4222 2777 4266 et
2805 4225 2911 4266 non
2941 4209 3397 4266 intermittendum
3440 4212 3651 4278 pietatis
3687 4219 3743 4267 et
3762 4212 3980 4282 religio-

753 4304 837 4355 nls
862 4302 1326 4369 medicamentum,
1355 4317 1565 4357 omnem
1598 4303 1809 4369 quidem
1848 4302 2127 4357 oblivionis
2170 4302 2625 4367 dormitationem,
2656 4319 2775 4374 quae
2808 4319 2874 4359 ex
2919 4302 3205 4371 cupiditate
3229 4303 3447 4357 rationis
3476 4310 3694 4372 experte
3721 4305 3775 4359 iu
3800 4305 3977 4359 anima

742 4392 1103 4459 ingeneratur,
1131 4407 1341 4446 omnem
1364 4401 1541 4446 autem
1565 4392 1618 4445 in
1646 4392 1747 4445 ﬁde
1772 4392 2179 4458 dubitationem,
2202 4407 2496 4461 omnesque
2535 4394 2587 4447 in
2615 4408 2793 4448 rerum
2822 4408 2918 4446 usu
2947 4391 3134 4446 sordes
3180 4399 3235 4445 et
3284 4393 3615 4461 parcitatem,
3657 4406 3978 4465 omnemque

753 4482 1135 4537 dubitationem
1170 4482 1448 4551 pusillique
1469 4490 1521 4536 et
1546 4483 1735 4551 abjecti
1759 4482 1920 4536 animi
1960 4483 2167 4549 vitium,
2196 4494 2248 4537 et
2287 4484 2501 4538 nimiam
2531 4485 2594 4537 ad
2642 4485 2774 4538 iram
2827 4484 3268 4553 propensionem,
3322 4485 3895 4555 perturbationemque,
3924 4496 3979 4541 et

747 4574 1112 4644 cgritudinem
1142 4574 1363 4629 rationis
1385 4584 1677 4639 expertem,
1709 4581 1763 4627 et
1787 4574 2209 4641 iuternpestivum
2235 4578 2479 4629 timorem
2508 4590 2606 4644 per
2637 4575 2686 4629 id
2717 4576 2985 4645 expelles;
3026 4585 3081 4631 et
3106 4588 3174 4630 ne
3197 4590 3228 4629 a
3253 4579 3488 4645 corrupti
3518 4579 3701 4633 mundi
3727 4594 3858 4632 vana
3883 4593 3980 4648 ape

746 4666 1001 4737 pendeas,
1036 4665 1283 4733 eﬁ'ugias;
1318 4675 1574 4735 perpetuo
1602 4674 1779 4719 autem
1804 4663 2069 4718 desiderio
2092 4663 2146 4717 in
2185 4678 2280 4733 spe
2305 4663 2370 4717 ad
2400 4664 2563 4718 Deum
2596 4666 2864 4733 proﬁcias,
2895 4673 2950 4719 et
2976 4664 3029 4718 in
3056 4665 3329 4734 proposito
3357 4667 3598 4735 pietatis;
3631 4669 3705 4722 sis
3723 4675 3780 4722 et
3805 4668 3859 4721 in
3894 4667 3980 4724 via

746 4755 854 4811 dux
878 4766 1018 4820 tuus,
1046 4764 1301 4810 eteorum
1330 4756 1417 4824 qui
1441 4765 1611 4810 tecum
1638 4763 1781 4821 sunt,
1814 4763 1868 4809 et
1894 4769 2076 4809 eorum
2109 4754 2197 4821 qui
2223 4752 2317 4807 tibi
2342 4753 2719 4822 subjiciuntur,
2742 4763 2796 4809 et
2815 4756 3043 4809 maxime
3070 4759 3275 4827 piorum
3300 4756 3704 4824 imperatorum.
3736 4759 3839 4812 Per
3859 4775 3981 4828 qua

746 4849 963 4919 quidem
990 4849 1121 4902 bene
1149 4846 1282 4902 facta
1314 4861 1497 4902 omnes
1520 4847 1610 4916 qui
1636 4846 1901 4901 Christum
1928 4846 2173 4914 diligunt,
2208 4844 2317 4899 Deo
2341 4844 2480 4898 uniri
2520 4854 2827 4913 properant,
2874 4857 3244 4915 exspectantes
3266 4849 3469 4903 scilicet
3505 4848 3745 4917 quotidie
3774 4851 3983 4903 resolu-

747 4946 948 5000 tionem
975 4942 1167 4997 animte
1189 4956 1217 4995 a
1248 4955 1492 5008 corpore.
1519 4949 1675 5008 prout
1694 4940 1948 5008 scriptum
1977 4946 2095 4993 est:
2125 4936 2400 5004 Coarctor,
2422 4938 2644 5007 cupiens
2665 4938 2883 4994 dissolvi
2910 4948 2962 4994 et
2984 4954 3104 4996 esse
3128 4956 3248 4997 cum
3268 4941 3512 5007 Christo;
3538 4950 3623 4996 est
3641 4946 3782 4996 enlm
3812 4944 3980 4999 multo

750 5033 942 5091 melius
972 5032 1194 5103 (Philip.
1224 5032 1279 5099 ι).
1312 5031 1375 5085 Et
1397 5031 1556 5085 illud:
1588 5032 1718 5086 Para
1745 5032 1796 5085 in
1820 5032 2023 5085 exitum
2044 5044 2207 5099 Opera
2236 5040 2344 5094 tua,
2374 5039 2426 5085 et
2454 5046 2688 5099 praepara
2720 5040 2774 5087 te
2794 5032 2846 5084 in
2870 5046 3053 5102 agrum
3077 5032 3257 5101 (Prov.
3291 5033 3458 5102 xxiv).
3484 5033 3582 5098 Qui
3600 5034 3740 5087 enim
3766 5048 3982 5103 semper

751 5125 935 5179 mortis
960 5122 1217 5186 meminit,
1244 5137 1359 5190 quae
1390 5122 1693 5176 necessario
1715 5124 1931 5175 omnino
1971 5122 2167 5183 veniet,
2200 5130 2253 5174 et
2280 5135 2382 5174 non
2398 5120 2645 5188 tardabit,
2672 5121 2723 5176 in
2754 5122 2954 5191 magnis
2983 5138 3087 5177 non
3115 5123 3367 5186 offendet,
3396 5124 3533 5176 sicut
3580 5124 3834 5191 scriptum
3858 5135 3939 5178 est
3963 5141 3977 5177 :

756 5218 811 5272 ln
839 5215 1081 5271 omnibus
1110 5213 1357 5283 operibus
1385 5214 1489 5267 tuis
1519 5221 1783 5267 memento
1812 5211 2121 5275 novissima,
2152 5218 2207 5264 et
2229 5210 2280 5264 in
2308 5218 2561 5265 aeternum
2592 5225 2698 5264 non
2741 5212 2982 5279 peccabis
3008 5211 3231 5281 (Eccles.
3267 5210 3381 5282 vn).
3408 5210 3588 5279 Neque
3627 5226 3754 5265 vero
3783 5223 3981 5281 praeter

753 5308 854 5361 alia
883 5306 1059 5363 omnia
1090 5304 1202 5358 htec
1225 5312 1277 5358 te
1304 5300 1451 5357 fallat
1478 5303 1651 5356 brevis
1673 5302 1963 5356 admonitio
1993 5302 2385 5362 narrationum;
2411 5314 2583 5368 neque
2614 5314 2835 5367 respuas
2911 5300 3105 5357 rudem
3171 5310 3226 5357 et
3289 5300 3591 5356 inornatam
3668 5300 3975 5357 dictionem.

757 5401 871 5456 Non
897 5408 977 5454 est
997 5397 1136 5454 enim
1171 5396 1362 5451 divina:
1385 5395 1660 5461 doctrinae,
1686 5404 1871 5450 ornata
1900 5402 1954 5449 et
1979 5393 2044 5448 ad
2066 5393 2450 5449 ostendendam
2479 5394 2791 5463 sapientiam
2820 5394 3113 5463 composita
3144 5394 3219 5448 uti
3249 5394 3521 5457 oratione,
3544 5391 3638 5449 sed
3669 5394 3831 5449 menti
3861 5408 3980 5459 per-

754 5492 980 5549 suadere
1011 5505 1106 5559 per
1133 5488 1533 5557 intelligentiam
1565 5487 1824 5551 veritatis,
1848 5495 1903 5539 nt
1926 5486 2178 5553 scriptum
2210 5494 2289 5539 est
2319 5503 2329 5536 :
2363 5484 2519 5551 Aperi
2550 5497 2609 5537 os
2637 5493 2781 5537 tuum
2808 5483 2973 5538 verbo
2994 5483 3119 5550 Dei,
3153 5492 3207 5537 et
3228 5483 3402 5553 iudica
3433 5484 3608 5536 omnia
3639 5498 3766 5537 sane
3795 5481 3974 5551 (Prov.

759 5582 931 5655 xxxi).
958 5581 1019 5636 Et
1052 5594 1232 5635 rursus
1258 5597 1271 5632 :
1308 5577 1382 5633 Ne
1414 5578 1647 5633 declines
1675 5592 1703 5630 a
1735 5576 2040 5631 narratione
2060 5589 2243 5630 senum
2268 5591 2280 5639 ;
2309 5574 2406 5644 ipsi
2432 5572 2575 5628 enim
2605 5572 2901 5630 didicerunt
2931 5587 2960 5628 a
2991 5572 3227 5643 patribus
3252 5585 3434 5628 eorum
3464 5568 3683 5639 (Eam.
3719 5569 3860 5639 vni).

832 5703 855 5733 ι
887 5692 1069 5749 Graece
1097 5700 1198 5755 est.
1227 5693 1368 5766 παρὰ
1393 5688 1664 5747 amasios
1688 5691 1985 5759 ἕπισκὸπου,
2014 5704 2041 5744 a
2075 5685 2307 5743 Palladio
2336 5682 2601 5753 episcopo.
