4258 6358
346 388 473 452 1001
1516 406 1878 468 IEPISTOLA
1910 409 2010 469 AD
2046 410 2383 471 LAUSUM.
3428 416 3564 486 1002

2342 566 3385 592 M~—-_—_—__._
3410 572 3557 593 ...α

2103 565 2327 583 ..ηρ-,ι

622 687 1064 743 ΔΝΤΙΓΡΑΦΟΝ
1104 689 1493 744 ΕΠΙΣΤΟΔΗΣ
1533 691 1912 747 ΓΡΔΦΕΙΣΗΣ
1950 694 2179 749 ΔΔΥΣΩ
2217 696 2633 751 ΠΡΔΙΠΟΣΙΤΩ
2668 698 2853 752 ΠΔΡΔ
2892 699 3281 756 ΠΑΛΛΔΔῙΟΥ

1752 813 2169 868 ΕΙΙΙΣΚΟΠΟΥ.

389 937 696 1011 Μακαρίζω
726 956 820 992 σου
853 938 951 1012 τήν
981 940 1335 1013 προαίρεσιν
1374 940 1525 1007 ἀξιος
1553 940 1660 1013 γὰρ
1692 939 1802 993 ἀπὸ
1835 944 2183 1015 μακαρισμοῦ
2214 944 2482 1017 ἄρξασθαι
2510 948 2609 1018 τῆς
2643 948 2931 1019 ἐπιστολῆς
2957 966 2969 980 ·
3028 951 3108 1003 ὅτι
3142 950 3359 1006 πάντων
3388 952 3467 1018 είς
3496 956 3565 1010 τά

325 1028 534 1093 μάταια
560 1026 893 1097 κεχηνότων,
921 1027 981 1092 ἐξ
1008 1020 1084 1081 ὧν
1109 1028 1210 1082 οὐκ
1230 1029 1699 1099 ὠφεληθήσονται,
1732 1029 1895 1093 αὐτὸς
1928 1030 2120 1101 λόγους
2150 1035 2475 1105 οίκοδομεϊς,
2514 1038 2609 1091 καὶ
2631 1037 2977 1096 διδάσκεσθαι
3009 1038 3204 1103 θέλεις.
3257 1040 3563 1107 Ἀδίδακτος

320 1115 431 1184 γὰρ
466 1114 628 1183 μόνος
652 1114 800 1168 ἐστὶν
829 1116 858 1169 ό
883 1114 995 1168 τῶν
1016 1116 1153 1170 ὅλων
1174 1115 1306 1181 Θεός
1327 1133 1339 1145 ·
1370 1115 1561 1188 ἐπειδὴ
1588 1119 1683 1170 καὶ
1718 1118 2016 1191 αὐτοφυὴς,
2046 1124 2140 1178 καὶ
2174 1126 2280 1198 πρὸ
2302 1126 2465 1180 αὐτοῦ
2486 1125 2641 1183 ἀλλον
2678 1128 2779 1181 οὐκ
2823 1127 2961 1198 ἔχων
3002 1145 3015 1159 ·
3048 1128 3116 1183 τά
3146 1128 3191 1182 δ’
3221 1129 3356 1185 ἀλλα
3383 1130 3562 1187 πάντα

318 1202 470 1255 ἐστὶν
503 1201 757 1255 διδακτά³
816 1202 1005 1275 ἐπειδὴ
1059 1203 1257 1275 ποιητά
1302 1205 1395 1258 καὶ
1443 1205 1670 1259 κτιστά’
1706 1205 1799 1259 καὶ
1845 1204 1914 1259 τά
1955 1210 2053 1276 μὲν
2091 1212 2284 1283 πρῶτα
2335 1213 2594 1284 τάγματα
2637 1214 2959 1268 διδάσκαλον
2996 1214 3109 1284 ιχει
3157 1215 3254 1287 τὴν
3300 1217 3564 1271 ἀνωτάτω

318 1289 556 1359 Τριάδα·
590 1291 657 1344 τὰ
690 1290 745 1344 δὲ
772 1291 1018 1362 δεύτερα,
1048 1294 1200 1361 παρά
1223 1292 1332 1347 τῶν
1362 1293 1593 1365 πρώτων
1618 1293 1909 1365 μανθάνει⁶
1938 1296 2009 1351 τά
2033 1298 2089 1351 δὲ
2122 1300 2301 1371 τρίτα,
2328 1301 2481 1369 παρὰ
2508 1299 2616 1353 τῶν
2639 1300 2904 1370 δευτέρων
2924 1316 2938 1331 ο
2971 1301 3064 1353 καὶ
3100 1299 3241 1354 οὕτω
3270 1300 3397 1356 καθ’
3434 1302 3563 1373 ἐξῆς

317 1377 463 1430 κατά
502 1376 678 1443 τάξιν,
728 1379 889 1450 μέχρι
914 1380 1008 1433 καὶ
1037 1380 1147 1434 τῶν
1170 1381 1433 1451 ἐσχάτων.
1466 1382 1529 1434 Οί
1566 1381 1674 1452 γάρ
1699 1382 1983 1451 κρείττους
2024 1386 2083 1439 ἐν
2115 1385 2309 1460 γνώμῃ
2342 1388 2437 1441 καὶ
2477 1388 2647 1457 ἀρετῇ
2678 1388 2805 1451 τούς
2824 1386 3235 1457 ἠλαττωμένους
3268 1388 3326 1442 ἐν
3358 1388 3559 1457 γνώσει

314 1466 679 1522 διδάσκουσιν.
714 1469 777 1521 Οί
805 1467 986 1523 τοίνυν
1016 1470 1254 1541 οἰόμενοι
1280 1469 1618 1525 διδασκάλων
1647 1470 1720 1542 μή
1752 1469 2011 1542 χρῄζειν,
2043 1473 2265 1543 ἀγνοιαν
2306 1476 2574 1537 νοσοῦσιν,
2620 1474 2722 1545 τὴν
2758 1475 2970 1544 μητέρα
2998 1475 3097 1545 τῆς
3131 1474 3557 1546 ὐπερηφανείας,

313 1555 369 1604 οί
406 1554 482 1623 μὴ
512 1553 823 1625 πειθόμενοι
859 1558 975 1618 τοῖς
1014 1557 1074 1609 ἐν
1111 1558 1301 1629 ἀγάπῃ
1334 1557 1695 1614 διδάσκουσιν.
1727 1552 1827 1611 Ὧν
1865 1560 2238 1629 πρωτεύουσιν
2263 1562 2343 1626 είς
2372 1561 2671 1627 ἀπώλειαν,
2695 1561 2744 1613 οί
2775 1560 2854 1631 τῷ
2892 1560 3040 1631 αὐτῴ
3068 1560 3232 1615 πάθει
3270 1563 3368 1633 τῆς
3394 1563 3562 1633 οὐρα-

317 1644 433 1694 νίου
464 1642 743 1712 διαγωγῆς
775 1645 1123 1708 ἐκπεσόντες,
1153 1646 1204 1698 οί
1232 1647 1290 1698 ἐν
1322 1646 1444 1718 ἀέρι
1481 1648 1767 1716 πετόμενοι
1794 1647 2068 1717 δαίμονες,
2110 1648 2221 1701 τῶν
2252 1650 2311 1700 ἐν
2339 1650 2452 1710 τοῖς
2488 1648 2740 1718 οὐρανοῖς
2768 1648 3173 1717 ἀποδράσαντες
3200 1648 3555 1705 διδασκάλων.

314 1732 394 1782 υύ
425 1729 532 1798 γάρ
561 1732 615 1781 αἱ
655 1730 829 1795 λέξεις
859 1731 892 1799 ἦ
920 1733 975 1782 αί
1012 1732 1276 1785 συλλαϐαί
1310 1734 1452 1785 εἰσιν
1484 1732 1856 1798 διδασκαλίαι,
1891 1733 1957 1795 ἃς
1987 1734 2199 1804 ἔχουσιν
2234 1735 2406 1788 ἐνίοτε
2448 1735 2542 1787 καὶ
2566 1736 2612 1786 οί
2640 1736 2731 1786 ἐπὶ
2761 1735 3008 1786 πλεῖστον
3034 1734 3227 1802 φαῦλοι
3252 1754 3263 1767 ·
3299 1737 3432 1790 ἀλλά
3463 1737 3558 1789 τοῦ

314 1818 481 1887 ἤθους
507 1817 573 1868 τά
595 1817 1013 1887 κατορθώματα,
1042 1820 1076 1889 ἦ
1098 1836 1157 1870 τε
1192 1819 1415 1884 ἀλυπία,
1445 1820 1542 1871 καὶ
1570 1820 1857 1889 ἀπτοησία,
1896 1821 1985 1873 καὶ
2014 1822 2045 1889 ὴ
2082 1819 2311 1886 ἀδειλία,
2344 1821 2435 1873 καὶ
2462 1821 2522 1873 τὸ
2546 1820 2835 1890 ἀόργητον,
2867 1821 3011 1891 καὶὴ
3040 1822 3131 1873 ἐπὶ
3166 1825 3382 1875 πάντων
3414 1828 3555 1895 παρ⁵

318 1904 507 1973 ρησία,
541 1904 634 1956 καὶ
669 1905 797 1973 τοὺς
830 1904 1020 1971 λόγους
1058 1906 1132 1967 ώς
1160 1905 1331 1976 πυρὸς
1361 1905 1537 1973 φλόγα
1562 1907 1824 1975 γεννῶσα.
1860 1907 1924 1960 El
1959 1907 2064 1977 γάρ
2114 1907 2190 1976 μή
2218 1904 2285 1976 ἦν
2325 1907 2482 1959 τοῦτο
2503 1947 2517 1971 ,
2545 1906 2642 1960 οὐκ
2671 1906 2736 1959 ἂν
2771 1908 2955 1976 ἐλεγεν
2983 1910 3010 1961 ό
3040 1908 3211 1977 μέγας
3239 1910 3557 1972 διδάσκαλος

311 1994 427 2053 τοῖς
470 1991 664 2044 ἑαυτοῦ
702 1993 1005 2062 μαθηταῖς·
1040 1992 1258 2046 Μάθετε
1294 1992 1389 2048 ἀπ’
1420 1994 1555 2062 ἐμοῦ
1595 1995 1677 2047 ὅτι
1711 1994 1884 2065 πρᾶός
1920 1977 2156 2063 εἰμι’καὶ
2185 1993 2439 2056 ταπεινὸς
2468 1996 2533 2065 τῇ
2569 1993 2799 2065 καρδίᾳο
2832 1996 2891 2046 οὐ
2919 1996 2983 2065 τῇ
3026 1994 3238 2063 εὐλεξίᾳ
3275 1996 3555 2065 ῥυθμίζων

311 2081 440 2141 τοὶις
472 2079 822 2145 ἀποστόλους,
860 2078 995 2132 ἀλλά
1020 2082 1084 2150 τῇ
1113 2079 1367 2151 εὐσεϐείᾳ
1394 2081 1487 2133 τοῦ
1523 2081 1708 2151 ήθους,
1756 2081 1959 2151 μηδένα
1990 2078 2177 2133 λυπῶν
2214 2080 2352 2152 πλὴν
2380 2082 2487 2133 τῶν
2518 2080 2821 2151 μισολόγων
2847 2082 2938 2133 καὶ
2960 2081 3292 2135 διδασκάλων
3335 2084 3555 2154 μισούνο

312 2183 443 2221 των.
474 2168 563 2219 Δεῖ
590 2166 768 2221 τοίνυν
794 2168 893 2239 τὴν
924 2167 1064 2221 κατά
1094 2168 1328 2238 Χριστὸν
1356 2168 1699 2240 ἀσκουμένην
1732 2168 1931 2239 ψυχὴν,
1966 2168 1997 2238 ἢ
2034 2167 2325 2238 μανθάνειν
2360 2167 2569 2231 πιστῶς
2597 2168 2632 2221 ἀ
2670 2169 2770 2221 οὐκ
2799 2166 2969 2235 οἶδεν,
3003 2170 3035 2240 ἢ
3064 2170 3331 2224 διδάσκειν
3369 2173 3553 2242 σαφῶς

312 2254 349 2307 ἃ
382 2253 616 2321 ἐπέγνω.
669 2254 730 2307 Εἰ
772 2256 881 2325 γὰρ
912 2256 1169 2327 ὁπότερον
1222 2255 1297 2327 μή
1339 2256 1617 2327 βούληται,
1664 2258 1861 2327 μανίαν
1892 2258 2054 2309 νοσεῖ.
2112 2256 2281 2327 Ἀρχὴ
2318 2256 2424 2326 γάρ
2452 2256 2811 2322 ἀποστασίας,
2856 2257 3203 2321 διδασκαλίας
3243 2260 3401 2329 κόρος
3451 2262 3546 2312 καὶ

310 2341 568 2411 ἁνορεξία
606 2342 785 2411 λόγου.
835 2342 895 2395 δν
925 2344 1012 2396 ἀεὶ
1051 2346 1214 2415 πεινᾷ
1248 2346 1281 2414 ή
1302 2344 1449 2416 ψυχὴ
1478 2344 1572 2400 τοῦ
1608 2344 1876 2414 φιλοθέου.
1914 2341 2090 2414 Ἰσχυε
2122 2338 2213 2397 οὖν
2239 2384 2253 2409 ,
2291 2344 2384 2397 καὶ
2415 2342 2620 2411 ὑγίαινε
2644 2383 2658 2409 ,
2691 2344 2782 2397 καὶ
2812 2345 2870 2398 τὸ
2904 2346 3042 2415 μέγα
3077 2345 3370 2417 χαρίτηταί
3402 2364 3481 2401 σοι
3526 2350 3553 2402 ό

312 2430 482 2493 Θεὸς,
509 2430 606 2500 τὴν
640 2430 840 2499 γνῶσιν
874 2431 966 2484 τοῦ
999 2430 1254 2502 Χριστοῦ.

1957 2587 3534 2617 ww

1193 2719 1510 2771 ΔΙΗΓΙΙΣΙΣ
1552 2720 1687 2772 ΤΟΥ
1728 2719 1882 2772 ΒίΟΥ
1918 2719 2053 2773 ΤΩΝ
2088 2720 2290 2772 ΔΓΙΩΝ
2332 2717 2673 2772 ΠΛΤΕΡΩΝ.

384 2847 600 2903 Πολλῶν
630 2846 799 2901 πολλὰ
851 2848 944 2901 καὶ
994 2849 1211 2901 ποικίλα
1252 2849 1394 2902 κατὰ
1422 2849 1711 2920 διαφόρους
1753 2852 1977 2920 καιροὺς
2010 2852 2419 2921 συγγράμματα
2443 2850 2521 2921 τῷ
2549 2850 2650 2920 βίῳ
2693 2849 3180 2914 καταλελοιπότων,
3212 2851 3321 2904 τῶν
3361 2854 3459 2921 μὲν
3489 2855 3546 2921 ἐξ

312 2935 555 2997 ἐπινοίας
588 2935 687 3002 τῆς
715 2935 920 2989 ἀνωθεν
957 2936 1053 2988 καὶ¹
1084 2937 1307 3006 χάριτος
1338 2937 1582 2990 θεοδότου
1613 2939 1692 3000 είς
1726 2939 2011 3009 οίκοδομὴν
2041 2940 2136 2992 καὶ
2170 2940 2469 3007 ἀσφάλειαν
2506 2939 2615 2991 τῶν
2647 2942 2813 3007 πιστῇ
2849 2938 3104 3009 προθέσει
3128 2940 3409 3009 ἑπομένων
3436 2946 3550 3004 τοῖς

308 3030 545 3097 δόγμασι
581 3027 673 3078 τοῦ
712 3027 961 3096 Σωτῆρος
982 3042 995 3056 ·
1028 3026 1135 3078 τῶν
1172 3026 1229 3078 δὲ
1255 3025 1315 3091 ἐξ
1356 3025 1825 3095 ἀνθρωπαρέσκου
1858 3026 1954 3079 καὶ
1986 3025 2390 3096 διεφθαρμένης
2421 3026 2736 3095 προθέσεως
2762 3025 3219 3095 ὐλομανησάντων
3254 3029 3335 3090 είς
3372 3044 3549 3097 παραυ

314 3116 514 3184 ρυθίαν
551 3115 660 3169 τῶν
683 3114 989 3177 κενοδοξίαν
1021 3113 1369 3166 κισσώντων·
1410 3112 1613 3183 ἐτέρων
1652 3112 1710 3165 δέ
1731 3112 1795 3166 ἐκ
1839 3129 1984 3177 τινος
2030 3114 2231 3183 μανίας
2268 3114 2500 3183 ἀκαίρου
2537 3114 2631 3165 καὶ
2670 3113 2952 3182 ἐνεργείας
2976 3113 3068 3167 τοῦ
3102 3114 3397 3177 μισοκάλου
3433 3116 3548 3169 δαίο

312 3220 473 3272 pavo;
520 3202 673 3273 τύφῳ
725 3203 819 3254 καὶ
874 3201 1055 3271 μήνιδι
1090 3202 1183 3253 ἐπὶ.
1215 3200 1361 3271 λύμῃ
1395 3200 1503 3254 τῶν
1532 3200 1948 3269 εὐεξαπατήτων
1981 3198 2304 3269 ἀνθρώπων,
2352 3198 2447 3253 καὶ
2482 3198 2655 3268 σπίλῳ
2685 3199 2786 3266 τῆς
2818 3200 3087 3268 ἁχράντου
3118 3201 3210 3252 καὶ
3253 3200 3547 3269 καθολικῆς

322 3290 672 3360 Ἐκκλησίας,
697 3288 1187 3359 ἐπεισφρησάντων
1218 3290 1335 3352 ταῖς
1369 3288 1628 3352 διανοίαις
1662 3288 1771 3341 τῶν
1813 3288 2055 3359 ἀνοήτων
2082 3290 2176 3341 ἐπὶ
2218 3288 2429 3358 ἐγκότῳ
2460 3288 2559 3357 τῆς
2596 3287 2798 3357 σεμνῆς
2833 3289 2928 3341 καὶ
2959 3288 3208 3357 καθαρᾶς
3236 3289 3509 3353 πολιτείας
3530 3307 3543 3320 ⁸

308 3374 458 3439 εδοξε
502 3377 671 3444 κάμοὶ
704 3375 782 3444 τῷ
829 3375 1069 3445 ταπεινῷ
1108 3375 1197 3428 διά
1231 3374 1326 3445 τὴν
1360 3376 1439 3437 εἰς
1470 3375 1702 3445 Χριστὸν
1736 3369 1925 3427 ἐλπίδα
1954 3374 2271 3428 αίδεσθέντα
2310 3392 2377 3444 με
2406 3374 2504 3444 τὴν
2558 3375 2826 3441 ἐπιταγὴν
2872 3374 2972 3443 τῆς
3005 3375 3105 3443 σῆς
3154 3376 3505 3445 μεγαλονοίας
3528 3418 3543 3442 ,

309 3464 743 3533 φιλομαθέστατε
784 3460 892 3514 τῶν
923 3461 1159 3531 ἀνδρῶν,
1194 3461 1408 3532 πρῶτον
1444 3463 1619 3515 πάντα
1649 3462 1717 3515 τά
1766 3463 1885 3515 κατ’
1917 3463 2150 3532 ἐμαυτὸν
2201 3462 2601 3532 διηγήσασθαι·
2634 3461 2703 3515 τά
2734 3478 2790 3514 τε
2830 3462 2925 3532 τῆς
2958 3462 3202 3535 ήλικίας,
3234 3463 3328 3517 καὶ
3363 3464 3423 3517 τά
3452 3465 3547 3517 ἐπὶ

306 3556 374 3621 τῇ
407 3554 655 3621 προκοπῇ
687 3550 784 3619 τῆς
814 3550 1047 3613 διανοίας
1072 3550 1171 3619 τῆς
1197 3551 1275 3613 είς
1306 3550 1441 3603 Θεὸν
1472 3550 1671 3620 ἀρετῆς
1696 3552 1759 3602 ἐκ
1793 3552 1990 3619 νεαρᾶς
2014 3550 2229 3622 ἡλικίας
2263 3550 2591 3622 ἀρξάμενον.

378 3663 711 3732 Τριακοστὸν
739 3662 832 3715 καὶ
858 3662 1041 3733 τρίτον
1072 3663 1190 3723 ἔτος
1225 3661 1410 3730 άγοντί
1444 3679 1533 3731 μοι
1565 3664 1623 3714 ἐν
1648 3666 1714 3733 τῇ
1746 3663 1987 3729 ἀδελφῶν
2024 3661 2266 3731 πολιτεία
2287 3660 2446 3730 δῆθεν
2476 3659 2571 3713 καὶ
2600 3660 2677 3729 τῷ
2710 3662 2936 3732 μονήρει
2972 3661 3072 3730 βίῳ
3104 3676 3115 3687 ·
3150 3661 3323 3713 εἴκοσι
3346 3661 3399 3714 δὲ
3445 3662 3543 3732 τῆς

307 3750 631 3819 ἐπισκοπῆς,
664 3752 1005 3819 πεντήκοντα
1029 3749 1083 3800 δὲ
1114 3749 1207 3801 καὶ
1237 3749 1361 3817 τρία
1394 3747 1491 3816 τῆς
1524 3748 1703 3819 πάσης
1733 3748 1877 3817 ζωῆς
1911 3767 2035 3819 μου,
2080 3750 2376 3816 ἀναγκαῖον
2404 3749 2701 3819 ἡγησάμην
2734 3747 2988 3801 ποθοῦντί
3020 3764 3103 3801 σοι
3132 3749 3196 3801 τά
3228 3750 3335 3802 τῶν
3371 3750 3541 3817 ἁγίων

310 3840 571 3908 ῐὶατέρων
606 3836 1008 3907 κατορθώματα
1036 3835 1303 3903 ὠφελείας
1331 3836 1490 3906 χάριν
1522 3836 1897 3906 πνευματικῆς
1924 3837 1980 3888 ἐν
2005 3839 2190 3906 γραφῇ
2227 3836 2590 3906 διηγήσασθαί
2629 3835 2992 3906 σοιάρῤἐνων
3038 3853 3097 3889 τε
3150 3838 3244 3889 καὶ
3287 3837 3538 3909 θηλειῶν,

306 3920 381 3979 ὧν
409 3942 469 3978 τε
512 3926 674 3988 αὐτὸς
709 3923 949 3993 ἑώρακα,
981 3924 1074 3975 καὶ
1104 3924 1232 3992 περὶ
1266 3918 1339 3975 ὧν
1372 3923 1584 3993 ἀκήκοα
1632 3922 1783 3993 παρά
1820 3923 2155 3976 πιστοτάτων
2184 3922 2393 3991 ψυχῶν,
2430 3918 2509 3986 οἷς
2543 3941 2603 3975 τε
2642 3924 3085 3994 συνανεστράφῃν
3115 3923 3173 3974 ἐν
3198 3926 3263 3993 τῇ
3298 3926 3419 3977 κατ’
3449 3928 3542 3978 Αἴ-

306 4030 514 4081 γυπτον
550 4014 763 4084 ἐρήμῳ,
801 4013 893 4064 καὶ
918 4010 1111 4083 Λιϐύῃ,
1142 4011 1235 4062 καὶ
1263 4009 1506 4079 Θηϐαίδι,
1546 4009 1639 4063 κα)⁸
1665 4010 1862 4080 Συήνῃ,
1901 4009 1990 4077 ὐφ’
2024 4010 2091 4079 ἣν
2123 4009 2216 4062 καὶ
2248 4012 2294 4061 οἱ
2324 4009 2602 4077 λεγόμενοι
2636 4009 3074 4078 Ταϐεννησιῶται
3095 4027 3107 4041 ·
3140 4009 3329 4063 ἔπειτα
3362 4012 3541 4065 Μεσο-

306 4101 575 4171 ποταμία,
604 4099 939 4170 Παλαιστίνῃ
967 4115 1025 4150 τε
1044 4099 1138 4150 καὶ
1155 4096 1346 4167 Συρίᾳ,
1377 4098 1602 4158 καὶτοῖς
1633 4097 1823 4165 μέρεσι
1844 4099 1940 4167 τῆς
1955 4096 2190 4161 Δύσεως,
2207 4096 2393 4166 Ῥώμῃ
2425 4113 2482 4148 τε
2503 4098 2597 4149 καὶ
2624 4096 2946 4169 Καμπανίᾳ,
2980 4098 3072 4149 καὶ
3105 4102 3217 4161 τοῖς
3246 4099 3373 4169 περὶ⁵
3405 4101 3539 4153 ταύ-

301 4207 401 4251 τας
435 4189 677 4258 μέρεσιν,
712 4187 1081 4256 ἀκριϐέστατα
1114 4184 1207 4237 ἀπ’
1250 4186 1423 4254 ἀρχῆς
1455 4183 1709 4236 ἐκθέσθαι
1752 4200 1832 4235 σοι
1865 4185 1920 4235 ἐν
1955 4185 2296 4253 διηγήματος
2338 4183 2468 4235 εἴδει
2504 4184 2560 4235 ἐν
2592 4182 2669 4251 τῷ
2700 4182 2889 4253 βιϐλίῳ
2922 4182 3127 4253 τούτῳ·
3164 4186 3308 4247 ὅπως
3340 4189 3537 4256 σεμνὴν

303 4278 396 4330 καὶ
429 4274 745 4344 ψυχωφελὲς
789 4273 1192 4345 ὐπομνηστικὸν
1224 4272 1372 4345 ’ἔχων
1422 4272 1765 4325 ἀδιάλειπτον
1797 4270 2088 4341 φάρμακον
2134 4272 2415 4339 ἀληθείας,
2447 4272 2623 4324 πάντα
2659 4271 2757 4340 μὲν
2788 4272 3093 4340 νυσταγμὸν
3144 4271 3315 4342 λήθης
3347 4275 3438 4325 τόν
3476 4275 3536 4338 ἐξ

301 4367 500 4433 ἀλόγου
554 4364 855 4434 ἐπιθυμίας
898 4362 1251 4432 ἐγγινόμενον
1302 4364 1368 4430 τῇ
1420 4361 1587 4430 ψυχῇ,
1624 4361 1806 4413 πᾶσαν
1854 4359 1909 4411 δὲ
1958 4358 2210 4427 διψυχίαν
2255 4359 2353 4428 τὴν
2385 4360 2441 4409 ἐν
2484 4358 2685 4422 πίστει,
2725 4360 2817 4409 καὶ
2868 4358 3153 4429 κιμϐικίαν
3184 4358 3280 4428 τὴν
3315 4361 3372 4412 ἐν
3411 4365 3532 4425 ταῖς

300 4458 537 4527 χρείαις,
570 4458 746 4509 πάντα
786 4472 847 4507 τε
885 4455 1041 4508 ὄκνον
1072 4455 1167 4507 καὶ
1216 4451 1583 4523 μικροψυχίαν
1620 4452 1717 4522 τὴν
1758 4454 1815 4505 ἐν
1842 4450 1919 4521 τῷ
1968 4452 2110 4522 ἤθει,
2147 4450 2444 4520 όξυθυμίαν
2484 4469 2541 4504 τε
2594 4451 2687 4503 καὶ
2729 4451 2965 4521 τάραχον
2996 4451 3209 4518 ἀλογον,
3240 4453 3334 4504 καὶ
3365 4453 3529 4521 φόϐον

300 4550 531 4615 όκαιρον
561 4546 650 4597 διὰ
676 4544 864 4597 τούτου
897 4543 1427 4612 ἀποσκευαζόμενος,
1460 4544 1554 4595 καὶ
1580 4542 1671 4594 τὸν
1704 4542 1930 4610 μάταιον
1964 4538 2341 4609 μετεωρισμὸν
2372 4537 2465 4589 τοῦ
2498 4536 2897 4607 διεφθαρμένου
2929 4536 3134 4604 κόσμου
3180 4538 3527 4609 ἀποφεύγων,

300 4633 632 4701 ἀδιαλείπτῳ
666 4630 817 4701 πόθιει
861 4631 1192 4701 προκόπτοις
1237 4632 1294 4682 ἐν
1326 4633 1393 4700 τῇ
1432 4630 1569 4699 πρὸς
1600 4630 1691 4681 τὸν
1735 4628 1866 4681 Θεὸν
1895 4626 2090 4691 ἐλπίδι,
2132 4628 2197 4695 τῇ
2232 4624 2492 4695 προθέσει
2534 4625 2631 4693 τῆς
2660 4625 2939 4687 εὐσεϐεἱας
2977 4624 3168 4696 ὁδηγὸς
3201 4627 3292 4679 καὶ
3330 4628 3528 4681 σαυτοῦ

301 4721 397 4773 καὶ
429 4720 538 4772 τῶν
569 4720 704 4788 μετὰ
734 4716 848 4785 σοῦ,
876 4720 969 4771 καὶ
996 4716 1105 4769 τῶν
1136 4717 1241 4769 ὐπὸ
1272 4717 1352 4779 σὲ,
1385 4716 1477 4769 καὶ
1510 4714 1617 4769 τῶν
1651 4713 2051 4768 εὐσεϐεστάτων
2083 4712 2365 4782 γινόμενος
2402 4710 2686 4780 βασιλέων.
2712 4714 2791 4764 Δι’
2819 4706 2894 4765 ὧν
2921 4712 3359 4782 κατορθωμάτων
3393 4716 3527 4769 πάν-

297 4824 392 4870 τες
422 4808 470 4860 οἱ
512 4806 839 4875 φιλόχριστοι
874 4804 1143 4874 ἐνωθῆναι
1167 4802 1283 4872 Θεῷ
1318 4803 1648 4868 ἐπείγονται,
1680 4800 2121 4870 συνεκδεχόμενοι
2146 4799 2239 4851 καὶ
2263 4798 2358 4867 τὴν
2388 4799 2646 4853 ἀνάλυσιν
2673 4800 2770 4868 τῆς
2791 4799 2967 4870 ψυχῆς
2992 4800 3100 4852 ἀπὸ
3127 4800 3220 4852 τοῦ
3252 4800 3523 4870 σώματος,

298 4894 538 4963 δηλονότι
565 4894 626 4945 τὸ
664 4892 785 4945 καθ’
814 4892 1047 4961 ἡμέραν,
1078 4890 1218 4943 κατὰ
1250 4889 1310 4941 τὸ
1342 4889 1758 4957 γεγραμμένον·
1797 4888 2095 4955 Συνέχομαι
2125 4884 2333 4955 ἀγαθήν
2377 4885 2672 4955 ἐπιθυμίαν
2703 4886 2840 4955 ἔχων
2868 4885 2959 4938 τοῦ
2992 4885 3273 4951 ἀναλῦσαι,
3308 4888 3401 4940 καὶ
3430 4891 3525 4942 σὺν

286 4981 521 5051 Χριστῷ
558 4975 729 5033 εἶναι’
767 4978 946 5048 πολλῷ
986 4978 1186 5047 μᾶλλον
1228 4979 1499 5045 κρεῖσσον.
1542 4976 1653 5028 Καὶ
1684 4975 1765 5039 τὸ,
1810 4972 2095 5042 Ἑτοίμαζε
2124 4975 2203 5035 είς
2236 4972 2334 5040 τὴν
2380 4971 2557 5038 ἔξοδον
2586 4972 2653 5024 τά
2686 4972 2841 5043 ἔργα,
2882 4972 2975 5025 καὶ
2998 4973 3417 5042 παρασκευάζου
3445 4976 3524 5039 είς

297 5068 389 5119 τὸν
415 5068 606 5138 ἀγρόν.
650 5068 706 5119 '0
738 5066 844 5135 γὰρ
876 5064 1229 5136 μνημονεύων
1258 5063 1341 5115 ἀεὶ
1369 5062 1464 5115 τοῦ
1504 5062 1733 5115 θανάτου
1763 5060 1837 5123 ώς
1864 5061 1921 5126 ἐξ
1954 5062 2198 5133 ἀνάγκης
2237 5062 2357 5132 ἥξει
2388 5063 2605 5126 πάντως
2629 5104 2643 5129 ,
2678 5064 2773 5115 καὶ
2798 5063 2856 5115 οὐ
2891 5063 3169 5133 μελλήσει,
3211 5065 3272 5118 οὐ
3308 5066 3522 5119 πταίσει

302 5155 550 5225 μεγάλα·
606 5154 747 5207 κατά
782 5154 842 5205 τὸ
890 5152 1305 5222 γεγραμμένον·
1356 5150 1444 5202 Ἑν
1472 5150 1605 5201 πᾶσι
1640 5151 1750 5211 τοῖς
1785 5148 1961 5215 λόγοις
1994 5167 2085 5202 σου
2121 5152 2426 5221 μιμνήσκου
2458 5150 2524 5203 τά
2569 5150 2798 5220 ἔσχατα,
2848 5151 2941 5202 καὶ
2987 5152 3042 5213 ἐς
3075 5152 3165 5206 τὸν
3208 5151 3378 5206 αἰῶνα
3422 5154 3521 5224 οὐχ

299 5242 658 5311 ἁμαρτήσεις.
706 5242 816 5293 Καὶ
873 5240 1008 5310 πρὸς
1055 5241 1169 5302 τοῖς
1210 5237 1390 5299 ἄλλοις
1436 5237 1592 5300 πᾶσι,
1644 5234 1718 5305 μὴ
1765 5236 2260 5304 παραλογιζόμενος
2286 5240 2418 5307 ἡμῖν
2460 5238 2556 5308 τὴν
2599 5236 2856 5307 βραχεῖαν
2882 5236 3087 5307 ταύτην
3121 5237 3376 5291 ὑπόθεσιν
3412 5240 3521 5294 τῶν

297 5328 632 5397 ἐξηγήσεων,
666 5328 800 5398 μήτε
842 5326 1115 5380 διαπτύων
1150 5326 1248 5395 τὴν
1281 5324 1549 5378 ίδιωτείαν
1592 5324 1685 5375 καὶ
1715 5322 1774 5374 τὸ
1802 5322 2034 5387 ἀκαλλὲς
2058 5324 2165 5376 τῶν
2211 5324 2424 5389 λέξεων.
2459 5326 2531 5377 Οὐ
2568 5325 2675 5394 γάρ
2706 5322 2849 5376 τοῦτ’
2878 5323 3040 5393 ἔργον
3080 5325 3197 5377 ἐστὶ
3228 5325 3414 5396 θεῖκῆς
3440 5327 3520 5379 δι-

295 5415 593 5477 δασκαλίας
633 5415 692 5467 τὸ
724 5415 1127 5483 σεσοφισμένως
1174 5412 1422 5485 φράζειν,
1471 5412 1605 5464 ἀλλὰ
1642 5410 1846 5463 πείθειν
1889 5413 1987 5481 τὴν
2032 5412 2257 5482 γνώμην
2306 5412 2575 5482 νοήμασιν
2622 5412 2875 5482 ἀληθείας
2917 5414 3056 5467 κατά
3099 5414 3159 5467 τὸ
3189 5416 3515 5486 εἰρημένον·

299 5504 517 5571 ’Δνοιγε
546 5503 635 5555 σὺν
658 5503 832 5574 στόμα
857 5503 1000 5572 λόγῳ
1028 5500 1183 5565 Θεοῦ,
1220 5501 1311 5553 καὶ
1353 5498 1505 5569 κρίνε
1556 5499 1731 5552 πάντα
1768 5500 1953 5568 ὑγιῶς.
1988 5500 2095 5553 Καὶ
2128 5500 2287 5554 πάλιν
2307 5516 2320 5531 ·
2350 5501 2442 5572 Μὴ
2474 5501 2689 5572 ἀστόχει
2718 5500 3049 5572 διηγήματος
3086 5502 3377 5571 γερόντων.
3409 5504 3515 5558 Καὶ

295 5590 405 5659 γὰρ
426 5589 581 5643 αὐτοὶ
610 5590 814 5661 ἔμαθον
850 5589 1003 5661 παρὰ
1030 5589 1138 5643 τῶν
1174 5587 1429 5657 πατέρων
1458 5585 1655 5641 αὐτῶν.
