4258 6358
733 328 874 396 1003
2149 334 2414 397 PALLAI

2355 335 2501 397 kDII
3853 330 4036 395 1004

812 436 953 506 Ἐγὼ
976 438 1180 506 τοίνυν,
1202 439 1632 514 φιλομαθέστατε
1655 437 1789 494 Θεοῦ
1816 439 2091 509 ἄνθρωπε,
2113 442 2177 494 ἐκ
2206 442 2406 513 μέρους
2434 444 2700 514 ἑπόμενος
2727 442 2899 515 ταύτῃ
2943 446 3008 516 τῇ
3038 443 3195 515 ρήσει
3231 442 3446 506 πολλοῖς
3470 441 3579 495 τῶν
3596 439 3769 511 ἀγίων
3792 458 4032 494 συν-,τας-

730 532 967 604 τύχηκα,
986 532 1049 585 οὐ
1075 534 1340 605 παρέργῳ
1362 535 1708 608 χρησάμενος
1722 532 1989 603 λογισμῷ,
2018 533 2152 587 ἀλλά
2179 535 2274 588 καὶ
2293 536 2589 606 τριάκοντα
2617 537 2840 608 ἡμερῶν
2865 537 2984 590 όδὸν
3016 537 3112 590 καὶ
3132 536 3215 598 δὶς
3235 534 3507 589 τοσούτων
3536 534 3655 588 όδὸν
3684 532 4026 597 ἐξανύσας,

730 624 806 690 ὡς
839 626 932 680 ἐπὶ
961 624 1097 680 Θεοῦ
1142 625 1282 696 πεζῇ
1316 629 1382 698 τῇ
1423 626 1620 699 πορείᾳ
1642 627 1892 698 πατήσας
1916 626 2098 679 πᾶσαν
2133 626 2236 696 τὴν
2276 630 2379 696 γῆν
2413 628 2726 698 Ῥωμαίων,
2759 628 3031 700 ήσμένισα
3059 627 3160 698 τὴν
3206 626 3507 698 κακουχίαν
3539 626 3640 690 τῆς
3668 623 4027 693 ὁδοιπορίας

732 713 828 766 ἐπὶ
861 714 1124 787 συντυχίᾳ
1149 716 1342 787 ἀνδρὸς
1373 716 1641 786 φιλοθέου,
1668 716 1757 772 ἴνα
1787 734 1839 770 τι
1864 716 2112 788 κερδήσω
2131 718 2270 786 ὅπερ
2305 717 2409 771 οὐκ
2454 714 2619 789 εἶχον.
2653 721 2716 772 Εἰ
2742 719 2851 791 γὰρ
2879 720 2908 772 6
2940 718 3120 791 πολλῷ
3143 719 3412 790 κρείττων
3442 718 3602 787 ἐμοῦ,
3632 718 3775 786 τάχα
3806 717 3868 769 δὲ
3906 716 4028 767 καὶ

735 810 942 876 παντὸς
964 813 1202 882 κόσμου,
1228 812 1256 863 ό
1286 811 1514 876 πολλοὺς
1562 812 1955 884 ὑπερϐεϐηκώς
1995 812 2268 875 πολιτείας
2294 812 2493 881 γνώσει
2520 813 2613 868 καὶ
2647 816 2859 868 συνέσει
2888 817 3234 885 πνευματικῇ
3265 814 3362 867 καὶ
3404 814 3604 875 πίστει,
3622 815 3689 881 τῇ
3725 812 3809 873 είς
3847 811 4022 880 Χρι-

744 902 902 968 στὸν,
935 905 963 957 6
987 902 1255 974 μακάριος
1284 904 1579 967 ἀπόστολος
1613 904 1847 969 Παῦλος,
1879 908 1976 977 τὴν
2007 908 2112 960 ἀπὸ
2169 905 2386 977 Ταρσοῦ
2415 908 2494 971 εἰς
2524 910 2621 978 τὴν
2664 908 2925 962 Ἰουδαίαν
2954 908 3233 962 ἐστείλατο
3257 906 3569 976 ἀποδημίαν
3599 906 3691 958 ἐπὶ
3719 904 4024 974 συντυχίᾳ

736 996 941 1067 Πέτρου
969 996 1063 1048 καὶ
1096 994 1342 1049 Ἰωάννου
1368 996 1462 1049 καὶ
1492 996 1747 1051 Ἰακώϐου
1769 1038 1783 1063 ,
1812 998 1891 1051 διὸ
1916 1000 2006 1052 καὶ
2033 998 2165 1053 εἴδει
2194 1002 2550 1072 καυχήματος
2572 999 2702 1052 αὐτὸ
2728 999 3020 1068 διηγεῖται,
3054 998 3383 1068 στηλιτεύων
3424 995 3587 1051 αὐτοῦ
3620 996 3747 1059 τοὺς
3778 994 4010 1056 πόνους

733 1090 814 1151 εἰς
852 1085 1199 1158 παροξυσμὸν
1238 1089 1346 1143 τῶν
1384 1091 1525 1162 ὄκνῳ
1566 1092 1658 1146 καί
1711 1092 1878 1163 ἀργία
1922 1092 2125 1165 ἀρετῆς
2160 1094 2251 1167 βίᾳ⁵
2283 1076 2589 1161 συζώντων,
2622 1096 2680 1148 ἐν
2716 1092 2793 1165 τῷ
2827 1096 3022 1147 εἰπεῖν*
3071 1093 3297 1164 Ἀνέϐην
3334 1095 3413 1157 εἰς
3455 1091 3809 1162 Ἰεροσόλυμα
3844 1091 4022 1142 ἰστο-

736 1180 903 1252 ρῆσαι
940 1181 1164 1253 Πέτρον,
1186 1182 1285 1236 οὐκ
1312 1184 1648 1254 ἀρκούμενος
1678 1187 1743 1255 τῇ
1771 1187 1927 1257 φήμῃ
1961 1186 2121 1255 μόνον
2144 1190 2239 1257 τῆς
2277 1188 2479 1257 ἀρετῆς
2508 1186 2607 1256 τῆς
2644 1186 2876 1251 ἐκείνου,
2917 1184 3030 1238 ἀλλ’
3063 1184 3342 1239 ἐπιποθῶν
3373 1184 3467 1237 καὶ
3490 1183 3660 1252 αὐτὴν
3681 1179 3779 1234 τοῦ
3809 1196 4011 1251 προσ-

732 1274 881 1327 ώπου
930 1274 1093 1327 αὐτοῦ
1125 1275 1222 1346 τὴν
1269 1277 1588 1345 συντυχίανο
1640 1278 1789 1347 πόσῳ
1835 1277 1892 1331 δὲ
1938 1278 2097 1333 πλέον
2158 1279 2269 1349 ἐγὼ
2309 1282 2337 1332 6
2374 1280 2485 1334 τῶν
2529 1279 2739 1351 μυρίων
2782 1277 3058 1333 ταλάντων
3105 1276 3506 1347 χρεωφειλέτης
3546 1275 3780 1344 ὤφειλον
3812 1274 4024 1332 τοῦτο

735 1369 999 1437 ποιῆσαι,
1030 1368 1130 1420 οὐκ
1160 1366 1403 1429 ἐκείνους
1443 1370 1570 1431 τούς
1600 1369 1787 1434 ἁγίους
1820 1369 2145 1439 εὐεργετῶν,
2180 1371 2296 1424 ἀλλ’
2329 1371 2566 1441 ἐμαυτὸν
2594 1371 2684 1423 τὸν
2716 1368 3043 1440 ἁμαρτωλὸν
3094 1368 3343 1437 ὠφελῶν.
3378 1366 3488 1421 Kal
3513 1366 3620 1436 γὰρ
3653 1365 3750 1417 καὶ
3786 1364 3839 1417 οί
3870 1363 4022 1424 τοὺς

735 1462 993 1532 Πατέρων
1030 1462 1476 1533 ἀναγραψάμενοι
1518 1463 1686 1533 βίους,
1733 1465 2007 1536 Ἀϐραάμ,
2056 1466 2274 1532 Ἰσαὰκ,
2314 1470 2409 1521 καὶ
2450 1464 2643 1521 Ἰακὼϐ
2668 1505 2683 1530 ,
2712 1462 2956 1524 Μωσέως
2984 1480 3043 1516 τε
3078 1464 3175 1517 καὶ⁵
3224 1462 3427 1527 Ἡλίου,
3455 1459 3553 1515 καὶ
3590 1460 3696 1512 τῶν
3727 1455 4014 1525 καθεξῆς,

734 1552 835 1624 οὐχ
874 1554 962 1607 ῐνα
988 1554 1230 1618 ἐκείνους
1254 1552 1547 1618 δοξάζωσιν
1565 1594 1579 1620 ,
1607 1555 1962 1625 ἐξηγήσαντο,
1996 1557 2111 1609 ἀλλ’
2138 1558 2224 1608 ἵνα
2250 1558 2376 1620 τοὺς
2407 1556 2831 1627 ἐντυγχάνοντας
2860 1555 3235 1624 ώφελήσωσιν.

809 1680 980 1735 Τοῦτο
1026 1682 1120 1736 οῦν
1150 1682 1328 1747 εἰδὼς,
1369 1685 1656 1737 πιστότατε
1705 1686 1800 1737 καὶ
1848 1686 2142 1755 σεμνότατε
2175 1684 2327 1738 δοῦλε
2363 1686 2457 1739 τοῦ
2483 1685 2720 1757 Χριστοῦ
2752 1686 2953 1749 Δαῦσε,
2987 1684 3056 1738 τὰ
3090 1682 3261 1736 πολλά
3300 1681 3497 1736 σαυτὸν
3525 1678 3821 1741 νουθετῶν,
3855 1678 4003 1736 ἀνά-

739 1791 868 1845 σχου
923 1776 1018 1828 καὶ
1052 1778 1150 1844 τῆς
1192 1774 1459 1845 φλυαρίας
1503 1774 1777 1846 ἡμετέρας
1807 1776 1901 1829 ἐπὶ
1932 1776 2144 1846 φυλακῇ
2180 1778 2277 1846 τῆς
2322 1775 2579 1839 εὐσεϐοῦς
2610 1794 2702 1830 σου
2740 1776 2985 1846 γνώμης,
3022 1778 3142 1847 ἥτις
3172 1775 3452 1846 διαφόροις
3492 1772 3713 1836 κακίαις
3749 1771 4003 1841 όραταῖς

733 1884 791 1921 τε
817 1866 913 1921 καὶ
957 1867 1213 1939 ἁοράτοις
1244 1886 1310 1921 κυ
1321 1868 1607 1938 μαίνεσθαι
1640 1870 1911 1934 πέφυκεν,
1940 1871 1971 1938 ή
1982 1869 2097 1939 μῶν
2121 1870 2177 1922 δέ
2205 1870 2237 1940 ἡ
2270 1869 2499 1940 συνεχὴς
2533 1869 2810 1940 προσευχὴ
2839 1872 2929 1923 καὶ
2961 1870 3428 1939 ἰδιοπραγμοσύνη
3456 1866 3678 1922 δύναται
3716 1866 3987 1938 ⁴Ιιιρειιεῖν.

735 1959 929 2014 Πολλοί
967 1961 1075 2029 γάρ
1102 1960 1210 2013 τῶν
1238 1962 1643 2032 εὐλαϐεστέρων
1672 1962 1939 2032 ἀδελφῶν,
1973 1963 2067 2016 καὶ
2098 1962 2279 2025 πόνοις
2318 1965 2607 2035 ἀσκήσεως
2633 1965 2725 2017 καὶ
2754 1963 3148 2034 ἐλεημοσύναις
3178 1962 3475 2033 κομώντων
3506 1961 3601 2015 καὶ
3633 1961 3729 2014 ἐπὶ
3760 1959 3995 2029 ἀγαμίᾳ

733 2053 833 2108 καὶ
857 2054 1111 2109 παντελεῖ
1135 2056 1402 2128 παρθενίᾳ
1427 2058 1919 2129 μεγαλαυχοῦντες,
1951 2059 2043 2113 καὶ
2072 2059 2271 2131 μελέτῃ
2301 2061 2459 2114 θείων
2488 2060 2683 2129 λογίων
2707 2062 2935 2124 ἐαυτούς
2960 2061 3392 2124 κατατείνοντες,
3424 2060 3521 2115 καὶ
3553 2057 4006 2127 σπουδασμάτων

736 2147 973 2217 μαθήσει
1024 2150 1377 2222 θαρροῦντες,
1429 2152 1739 2223 ἠστόχησαν
1784 2155 2077 2220 ἀπαθείας,
2126 2154 2424 2225 ἀδιακρίτῳ
2458 2155 2655 2227 γνώμῃ
2697 2153 3062 2219 δουλεύοντες,
3118 2153 3473 2223 προσχήματι
3500 2151 3665 2221 δῆθεν
3698 2148 4003 2207 εὐσεϐείας

738 2239 886 2304 τινὸς
916 2239 1437 2315 φιλοπραγμοσύνην
1483 2245 1829 2315 νοσήσαντες,
1878 2245 1937 2308 ἐξ
1977 2239 2051 2301 ὧν
2080 2244 2359 2300 τίκτονται
2389 2246 2483 2299 καὶ
2517 2244 3053 2317 φιλοπραγμοσύναι,
3093 2243 3194 2315 τὴν
3243 2244 3459 2316 μητέρα
3491 2243 3590 2313 τῆς
3633 2242 4012 2312 ἰδιοπραγμοο

739 2332 903 2404 σύνης
929 2333 1265 2404 ὲκριζοῦσαι.

820 2470 1095 2543 ’Δνδρίζου
1126 2468 1306 2525 τοίνυν
1333 2472 1391 2524 ἐν
1421 2471 1570 2543 πάσῃ
1604 2471 1839 2534 συνέσει,
1871 2472 2192 2544 παρακαλῶ,
2222 2472 2296 2542 μὴ
2316 2472 2547 2525 πιαίνων
2570 2472 2658 2525 τὸν
2686 2471 2936 2525 πλοῦτονο
2966 2470 2996 2525 6
3020 2472 3085 2541 δὴ
3116 2472 3211 2526 καὶ
3241 2472 3552 2542 πεποίηκας
3576 2472 3877 2544 αὐτάρκως
3904 2472 4012 2527 αὐ-

745 2569 836 2621 τὸν
868 2566 1173 2638 σμικρύνας
1204 2568 1272 2635 τῇ
1312 2564 1545 2619 διαδόσει
1575 2567 1685 2621 τῶν
1726 2568 1917 2638 χρείαν
1949 2569 2205 2637 ἐχόντων.
2247 2566 2337 2620 Διὸ
2371 2568 2470 2637 τὴν
2503 2569 2567 2620 ἐκ
2596 2568 2786 2621 τούτου
2830 2568 3137 2640 ὑπηρεσίαν
3162 2570 3247 2632 εἰς
3278 2570 3482 2641 ἀρετῆς
3514 2569 3674 2641 ἔργον
3714 2568 4019 2639 γινομένην

746 2668 885 2736 μήτε
915 2667 1060 2735 ὁρμῇ
1085 2683 1191 2718 τινι
1216 2665 1310 2718 καὶ
1338 2665 1605 2737 προλήψει
1636 2666 1817 2736 ἀλόγῳ
1846 2666 2113 2735 γίνεσθαι,
2137 2664 2171 2732 ἢ
2208 2666 2557 2736 προσχήματι
2583 2667 2841 2736 ἀνθρωπα
2854 2667 3106 2736 ρεσκείας
3128 2668 3273 2731 τινὸς
3305 2668 3561 2738 κρίσεως,
3589 2668 3739 2738 ὅρκῳ
3757 2666 4019 2737 πεδήσας

753 2759 852 2831 τὴν
881 2760 1239 2832 προαίρεσιν,
1272 2759 1455 2823 καθὼς
1485 2760 1789 2815 πεπόνθασι
1837 2759 2057 2822 πολλοὶ,
2094 2758 2292 2821 οἵτινες
2331 2758 2623 2829 φιλονείκῳ
2652 2760 2928 2832 κενοδοξία
2957 2761 3019 2815 τὸ
3061 2761 3136 2831 μὴ
3178 2764 3322 2813 πιεῖν
3350 2760 3383 2829 ἢ
3415 2761 3611 2829 φαγεῖν
3637 2758 4020 2821 δουλώσαντες

742 2858 802 2909 τὸ
824 2856 1175 2923 αὐτεξούσιον
1209 2860 1276 2928 τῇ
1306 2858 1523 2931 ἀνάγκῃ
1560 2856 1652 2910 τοῦ
1678 2858 1867 2927 ὅρκου,
1891 2856 1986 2909 καὶ
2011 2855 2184 2926 τούτῳ
2211 2855 2374 2909 πάλιν
2398 2856 2763 2921 ὑποπεσόντες
2793 2856 3028 2926 οἰκτρῶς
3054 2856 3087 2926 ἢ
3120 2853 3387 2927 φιλοζωῖᾳ
3416 2857 3509 2909 καὶ
3534 2856 3757 2926 ἀκηδίᾳ,
3783 2856 3817 2923 ἢ
3854 2854 4021 2908 ἁσθε.

744 2950 863 3021 νείᾳ
893 2948 1179 3020 σώματος,
1209 2954 1302 3007 καὶ
1346 2953 1610 3024 ἐπιθυμίᾳ
1653 2952 1849 3022 ήδονῆς
1892 2968 2039 3015 τινος
2066 2951 2165 3022 τὴν
2194 2952 2481 3020 ἐπιορκίαν
2506 2951 2814 3014 ώδίναντες.
2849 2951 3007 3021 Λόγῳ
3038 2950 3218 3004 τοίνυν
3265 2950 3702 3021 μεταλαμϐάνων
3738 2950 3837 3004 καὶ
3869 2950 4021 3017 λόγῳ

747 3048 1109 3118 ἀπεχόμενος,
1142 3049 1240 3118 οὐχ
1270 3047 1609 3119 ἁμαρτήσεις
1637 3048 1789 3102 ποτέ.
1814 3047 1947 3110 Θεὸς
1980 3047 2090 3119 γάρ
2120 3049 2147 3101 6
2173 3047 2329 3115 λόγος
2358 3047 2466 3099 τῶν
2504 3048 2561 3098 ὲν
2590 3048 2721 3116 ήμίν
2752 3046 3073 3117 κινημάτων
3120 3044 3383 3115 ὲξορίζων
3415 3044 3485 3097 τά
3523 3042 3762 3114 βλαϐερά
3786 3084 3801 3109 ,
3848 3060 4021 3114 προσ-

745 3136 1159 3210 λαμϐανόμενος
1191 3138 1248 3192 δέ
1275 3139 1342 3192 τὰ
1384 3139 1662 3209 ἐπωφελῆ.
1697 3139 1900 3208 Δικαίῳ
1933 3137 2041 3209 γάρ
2072 3138 2258 3208 νόμος,
2302 3137 2488 3206 φησὶν,
2521 3137 2582 3189 οὐ
2614 3139 2810 3189 κεῖται.
2849 3138 3109 3206 ’Δμεινον
3140 3136 3249 3205 γὰρ
3277 3137 3309 3206 ἠ
3346 3136 3486 3205 μετά
3532 3134 3694 3202 λόγου
3728 3136 4014 3187 οἰνοποσία

747 3234 850 3301 τῆς
883 3230 1021 3302 μετά
1054 3230 1226 3301 τύφου
1262 3230 1607 3300 ὐδροποσίας.
1646 3231 1756 3286 Καὶ
1787 3230 1950 3301 βλέπε
1986 3248 2076 3299 μοι
2113 3229 2237 3292 τούς
2280 3228 2421 3298 μετὰ
2448 3227 2608 3297 λόγου
2644 3226 2953 3292 θεοσεϐείας
2986 3229 3081 3281 τὸν
3126 3223 3270 3283 οἰνον
3303 3228 3529 3291 πιόντας
3571 3227 3776 3298 ἀνδρας
3821 3226 4014 3293 ἁγίους

749 3328 1118 3399 ὑπάρχοντας,
1150 3328 1245 3382 καὶ
1277 3328 1402 3391 τοὺς
1434 3328 1748 3397 ἀλογίστους
1783 3328 1919 3398 μετά
1947 3327 2207 3388 ἀπονοίας
2244 3325 2715 3395 ὐδροποτήσαντας
2754 3324 3099 3396 ἀνθρώπους,
3136 3323 3394 3395 βεϐήλους
3426 3324 3521 3377 καί⁵
3551 3322 4017 3391 διεφθαρμένους.

752 3419 968 3488 Μηκέτι
996 3419 1167 3493 ψέξῃς
1201 3419 1234 3491 ἢ
1267 3420 1559 3492 ἐπαινέσῃς
1591 3422 1688 3491 τὴν
1724 3420 1859 3489 ὕλην
1897 3419 2004 3472 τῶν
2040 3418 2369 3490 βρωμάτων,
2407 3417 2543 3473 ἀλλά
2581 3418 2893 3489 μακαρίσῃς
2925 3418 2957 3489 ἢ
2988 3418 3284 3490 ταλανίσῃς
3311 3417 3411 3486 τὴν
3440 3417 3667 3487 γνώμην
3696 3414 3806 3467 τῶν
3833 3415 4020 3477 κακῶς

752 3513 788 3578 ἢ
830 3513 1013 3577 καλῶς
1043 3514 1343 3585 χρωμένων
1377 3516 1442 3585 τῇ
1479 3515 1601 3587 ῦλῃ.
1630 3514 1826 3567 Ἐπιέν
1856 3531 1986 3567 ποτε
2025 3514 2226 3583 Ἰωσὴφ
2257 3513 2385 3585 παρ’
2418 3511 2734 3580 Αἰγυπτίοις
2762 3506 2925 3575 οἶνον,
2957 3512 3073 3567 ἀλλ’
3106 3514 3209 3567 οὐκ
3234 3512 3439 3583 ἐϐλάϐη
3466 3513 3563 3581 τὴν
3602 3511 3795 3583 φρένα”
3827 3512 4009 3580 ὴσφά-

753 3606 906 3659 λιστο
926 3605 1033 3678 γὰρ
1058 3606 1161 3677 τὴν
1184 3604 1431 3678 γνώμην.
1473 3606 1855 3678 ’Υδροπότισεν
1883 3606 1940 3660 δὲ
1968 3605 2314 3674 Πυθαγόρας,
2342 3607 2434 3658 καὶ
2463 3606 2742 3677 Διογένης,
2768 3606 2863 3659 καὶ
2891 3608 3136 3659 Πλάτων·
3166 3609 3225 3661 ἐν
3254 3601 3335 3671 οἶς
3360 3608 3454 3661 καὶ
3479 3608 3796 3677 Μακιιχαῖοι,
3826 3606 3922 3659 καὶ
3953 3607 4015 3658 τὸ

753 3699 938 3753 λοιπὸν
978 3699 1231 3769 σύστημα
1266 3699 1377 3753 τῶν
1415 3698 1879 3768 ἐθελοφιλοσόφων
1901 3713 1914 3728 ⁸
1950 3698 2042 3750 καὶ
2083 3699 2176 3750 ἐπὶ
2213 3694 2466 3750 τοσοῦτον
2496 3696 2706 3768 ήλασαν
2749 3697 3099 3765 κουφοδοξίαν
3128 3698 3394 3764 ἀκολασία
3416 3743 3429 3765 ,
3466 3700 3538 3761 ὡς
3585 3700 3679 3752 καὶ
3714 3699 3879 3754 αὐτὸν
3917 3700 4009 3753 τὸν

753 3795 887 3848 Θεὸν
914 3794 1005 3848 τὸν
1034 3796 1141 3848 τῶν
1174 3794 1431 3848 ἁπάντων
1454 3794 1684 3864 ποιητὴν
1714 3793 2001 3864 ἀγνοῆσαι,
2033 3793 2128 3846 καὶ
2170 3793 2544 3863 προσκυνῆσαι
2582 3792 2810 3863 ἀψύχοις
2837 3793 3098 3857 εἰδώλοις.
3131 3794 3377 3863 Ἦψαντο
3412 3794 3469 3846 δὲ
3515 3796 3609 3847 καὶ
3653 3796 3702 3848 οἰ
3734 3796 3863 3865 περὶ
3908 3795 3999 3848 τὸν

759 3889 1029 3958 μακάριον
1062 3886 1360 3941 ἀπόστολον
1402 3886 1607 3957 Πέτρον
1642 3888 1739 3956 τῆς
1768 3887 2020 3955 χρήσεως
2048 3884 2141 3937 τοῦ
2172 3886 2336 3950 οίνου,
2369 3886 2443 3947 ὡς
2473 3886 2566 3939 καί
2593 3885 2753 3937 αὐτὸν
2782 3884 3140 3948 ὀνειδίζεσθαι
3177 3886 3268 3938 τὸν
3298 3886 3507 3957 Κύριον
3541 3888 3639 3944 καὶ
3681 3888 4001 3942 διδάσκαλον

755 3981 982 4047 τούτων,
1014 3982 1241 4053 Σωτῆρα
1269 3981 1326 4035 δὲ
1358 3980 1466 4033 τῶν
1499 3981 1775 4044 ἁπάντων,
1801 3980 1895 4033 ἐπὶ
1928 3980 2229 4051 μεταλήψει
2262 3980 2637 4049 ἐγκαλούντων
2680 3980 2971 4047 Ἰουδαίων,
3005 3982 3105 4035 Διά
3127 3982 3179 4034 τί
3217 3984 3265 4035 οἱ
3299 3982 3540 4051 μαθηταί
3571 4002 3666 4036 σου
3694 3984 3757 4037 οὐ
3785 3984 4009 4053 νηστεύο

756 4088 928 4135 ιςυσιν,
960 4070 1035 4133 ὼς
1065 4070 1160 4123 καὶ
1202 4070 1481 4137 Ἰωάννου;
1514 4072 1607 4123 καὶ
1637 4071 1800 4124 πάλιν
1830 4073 1941 4134 τοῖς
1977 4071 2247 4141 μαθηταῖς
2278 4071 2593 4136 ἐπέϐαινον,
2626 4072 2722 4124 καὶ
2750 4072 3101 4137 ὀνειδίζοντες
3148 4073 3335 4141 ἔλεγον
3366 4076 3412 4127 οἱ
3444 4075 3689 4138 ἀπειθεῖς
3725 4093 3737 4105 ·
3778 4078 3836 4129 '0
3865 4078 4002 4131 διδά-

759 4163 959 4226 σκαλος
987 4163 1142 4233 ὐμῶν
1163 4163 1301 4233 μετὰ
1326 4162 1465 4216 τελω
1483 4163 1587 4216 νῶν
1613 4165 1707 4217 καὶ
1731 4163 2074 4235 ἁμαρτωλῶν
2105 4164 2273 4217 ἐσθίει
2292 4164 2385 4217 καὶ
2410 4163 2574 4217 πίνει.
2605 4166 2719 4216 Οὐκ
2749 4164 2814 4217 ἀν
2843 4165 2899 4216 δὲ
2922 4165 3013 4218 ἐπὶ
3031 4165 3195 4236 ἄρτου
3226 4168 3314 4219 καλ
3339 4166 3528 4231 ὓδατος
3550 4166 4009 4237 ἐπελαμϐάνοιτο,

759 4255 807 4306 εἰ
843 4254 1033 4324 μὴέπί
1058 4256 1189 4325 ὸῷου
1214 4254 1309 4308 καὶ
1345 4256 1488 4307 οίνου
1523 4254 1783 4324 δηλονότι.
1826 4256 1913 4307 Ἐν
1942 4248 2024 4318 οἷς
2048 4258 2158 4317 τοῖς
2189 4258 2538 4307 παντάπασιν
2569 4256 2780 4322 ἀλόγως
2816 4247 3057 4323 ψέγουσί
3086 4256 3185 4323 μὲν
3222 4258 3555 4323 οἰνοποσίαν,
3598 4258 3935 4328 θαυμάζουσι
3960 4262 4011 4314 δὲ

760 4345 1107 4417 ὑδροποσίαν,
1138 4346 1497 4416 ἀποκρίνεται
1527 4348 1555 4398 6
1580 4347 1793 4416 Σωτήρ,
1818 4342 2021 4399 Ἦλθεν
2042 4349 2069 4400 6
2106 4347 2358 4418 Ἰωάννης
2385 4348 2442 4400 ἐν
2467 4347 2570 4418 ὁδῷ
2600 4348 2970 4418 δικαιοσύνης,
3002 4350 3138 4419 μήτε
3168 4349 3385 4417 ἐσθίων,
3426 4352 3561 4421 μήτε
3590 4351 3785 4404 πίνων·
3809 4352 3998 4425 δηλαδὴ

761 4438 899 4510 κρέα
930 4439 1026 4493 καὶ
1049 4434 1211 4494 οἶνον.
1251 4441 1411 4493 ’Δνευ
1444 4439 1551 4511 γὰρ
1579 4439 1684 4492 τῶν
1716 4438 1893 4492 ἀλλων
1917 4437 2014 4509 ζῇν
2040 4438 2141 4491 οὐκ
2169 4438 2423 4507 ἠδύνατο’
2453 4439 2548 4492 καὶ
2576 4438 2817 4506 λέγουσι,
2852 4438 3138 4508 Δαιμόνιον
3164 4438 3296 4509 ἕχει.
3334 4435 3537 4494 Ἦλθεν
3578 4443 3605 4495 6
3636 4440 3769 4504 Υἰὸς
3796 4441 3887 4493 τοῦ
3919 4444 4006 4494 ἀν-

765 4536 793 4587 0
803 4534 985 4604 ρώπου
1018 4533 1213 4588 ἐσθίων
1237 4534 1332 4586 καὶ
1374 4532 1563 4587 πίνων·
1592 4533 1684 4585 καὶ
1710 4532 1949 4599 λέγουσι·
1992 4532 2120 4585 Ἰδοὺ
2143 4530 2430 4601 ἄνθρωπος
2459 4532 2658 4599 φάγος,
2691 4532 2784 4584 καὶ
2813 4531 3099 4601 οἰνοπότης
3118 4572 3132 4595 ,
3170 4532 3325 4600 φίλος
3348 4531 3597 4586 τελωνῶν
3631 4534 3727 4586 καὶ
3754 4535 4009 4603 ἁμαρτω-

764 4627 895 4693 λῶν,
921 4626 1009 4681 διὰ
1044 4628 1105 4680 τὸ
1135 4626 1333 4679 ἐσθίειν
1362 4627 1457 4679 καὶ
1488 4625 1685 4678 πίνειν.
1716 4623 1781 4675 Τί
1809 4618 1901 4676 οὖν
1935 4624 2095 4693 ἡμεῖς
2118 4623 2447 4692 ποιήσομεν;
2472 4622 2625 4691 Μήτε
2657 4623 2767 4681 τοῖς
2796 4620 3045 4687 ψέγουσι,
3080 4621 3215 4691 με’,τε
3241 4638 3351 4683 τοις
3382 4621 3695 4675 ἐπαινοῦσιν
3726 4624 4008 4692 ἀκολουθή·

768 4736 986 4791 σωμενο
1019 4719 1188 4791 ἀλλ’ἢ
1222 4718 1359 4789 μετὰ
1406 4717 1652 4772 Ἰωάννου
1692 4716 1835 4787 λόγῳ
1863 4714 2273 4786 νηστεύσωμεν,
2306 4713 2407 4768 κᾶν
2436 4715 2664 4768 είπωσιν
2696 4714 2846 4783 ἡμῖν,
2877 4712 3163 4781 Δαιμόνιον
3198 4711 3373 4783 ἔχετε·
3405 4713 3437 4783 ἢ
3470 4714 3590 4783 μετ’
3645 4716 3819 4783 Ἰησοῦ
3857 4717 4009 4785 σοφία

766 4820 1232 4889 οἱνοποτήσωμεν,
1264 4816 1312 4868 εἰ
1342 4814 1532 4886 χρῄζοι
1563 4815 1625 4867 τὸ
1658 4814 1837 4881 σῶμα,
1873 4811 1975 4865 κᾶν
2020 4810 2248 4864 εἴπωσιν
2280 4812 2434 4880 ἡμῖν,
2483 4807 2614 4861 Ἰδού
2650 4808 2926 4877 ἄνθρωποι
2960 4807 3127 4875 φάγοι
3173 4808 3267 4859 καὶ
3306 4808 3603 4863 οίνοπόται.
3650 4806 3788 4861 Οὔτε
3838 4809 3938 4877 γὰρ
3981 4791 4007 4859 ίί

772 4914 975 4988 βρῶσίς
1003 4915 1121 4969 ἐστί
1149 4927 1201 4965 τι
1231 4911 1373 4965 κατά
1400 4910 1683 4981 ἀλήθειαν,
1716 4907 1839 4961 οὐτε
1870 4909 1905 4978 ή
1939 4906 2151 4976 ἀποχὴ,
2184 4906 2302 4959 ἀλλ’
2328 4906 2361 4975 ή
2394 4904 2577 4966 πίστις
2604 4902 2671 4956 δι’
2705 4903 2925 4970 ἀγάπης
2954 4903 3069 4963 τοῖς
3106 4900 3289 4970 εργοις
3323 4904 3819 4973 παρεκτεινομένη.
3852 4903 4001 4988 Ὅταν

770 4980 881 5080 γάρ
904 5007 1053 5077 πάσῃ
1078 5004 1277 5077 πράξει
1302 4980 1639 5074 ἀκολουθήσῃ
1680 5003 1712 5073 ή
1738 5001 1943 5065 πίστις,
1974 4998 2340 5068 ἀκατάκριτός
2374 4999 2523 5049 ἐστιν
2556 4997 2583 5048 6
2622 4993 2816 5046 ἐσθίων
2841 4993 2934 5046 καὶ
2965 4993 3156 5056 πίνων,
3190 4994 3279 5046 διὰ
3305 4994 3405 5064 τὴν
3442 4994 3647 5049 πίστιν.
3682 4996 3797 5048 Πᾶν
3826 4994 3943 5066 γὰρ,
3980 4980 4006 5033 δ

770 5104 874 5159 οὐκ
914 5105 977 5155 ὶκ
1019 5100 1276 5164 πίστεως,
1313 5098 1556 5169 ἁμαρτία
1601 5097 1770 5151 ἐστίν.
1815 5095 1953 5149 Ἀλλ’
1986 5093 2174 5163 ἐπειδὴ
2204 5093 2312 5156 πάς
2340 5108 2424 5156 τις
2454 5091 2561 5143 τῶν
2592 5088 2913 5158 φιληδόνων,
2944 5086 2977 5155 ἢ
3021 5086 3200 5139 ὁτιοῦν
3231 5087 3701 5157 πλημμελούντων
3724 5127 3738 5147 .
3763 5089 3892 5159 ἐρεῖ,
3935 5088 4007 5141 ότι

773 5196 959 5251 Πίστει
991 5192 1409 5265 μεταλαμϐάνω,
1430 5192 1462 5261 ἢ
1480 5193 1509 5245 6
1536 5191 1721 5262 ἕτερόν
1743 5208 1794 5244 τι
1816 5191 2070 5261 πράττων
2094 5188 2274 5259 ἀλόγῳ
2300 5186 2583 5258 ἐπιθυμίᾳ,
2615 5184 2648 5256 ἢ
2674 5182 3053 5253 διεφθαρμένῳ
3078 5181 3156 5252 τῷ
3185 5183 3466 5246 συνειδότι,
3500 5186 3566 5254 τῇ
3591 5182 3770 5236 πίστει
3807 5184 4005 5252 ἐπερει-

774 5288 1017 5361 δόμενος,
1065 5286 1349 5358 ἔσφαλται.
1392 5288 1451 5339 '0
1482 5286 1586 5357 γάρ
1625 5284 1813 5359 Σωτὴρ
1852 5285 2181 5341 διεστείλατο
2217 5284 2415 5353 λέγων’
2466 5281 2598 5336 Ἀπὸ
2627 5280 2735 5334 τῶν
2767 5278 2998 5351 καρπῶν
3034 5278 3214 5333 αὐτῶν
3244 5278 3613 5348 ἐπιγνώσεσθε
3647 5278 3864 5342 αὐτούς.
3887 5279 3995 5331 Ὀτι

778 5386 833 5441 δὲ
856 5384 884 5437 ό
914 5382 1120 5453 καρπὸς
1143 5381 1252 5436 τῶν
1282 5380 1408 5449 θείῳ
1433 5380 1578 5453 λόγῳ
1608 5380 2039 5451 πολιτευομένων
2064 5378 2159 5434 καὶ
2187 5381 2529 5449 πνευματικῇ
2560 5377 2793 5439 συνέσει,
2822 5373 2963 5428 κατά
2989 5374 3080 5425 τὸν
3103 5372 3247 5425 θεῖον
3288 5371 3635 5436 ’Δπόστολον,
3663 5369 3849 5439 ἀγάπη
3872 5370 3997 5434 ἐστὶ,

780 5476 875 5528 καὶ
895 5472 1058 5543 χαρά,
1084 5474 1175 5526 καὶ
1206 5472 1417 5543 εἰρήνη,
1441 5473 1532 5524 καὶ
1556 5472 1928 5543 μακροθυμία,
1953 5472 2279 5542 χρηστότης,
2310 5470 2659 5539 ἀγαθωσύνη,
2688 5468 2891 5532 πίστις,
2929 5462 3200 5534 πραότης,
3228 5463 3546 5533 ἐγκράτεια,
3572 5459 3788 5530 ἁγνεία,
3817 5458 4003 5529 ὡμολό-

780 5585 963 5639 γηται.
986 5566 1156 5630 Αὐτὸς
1177 5566 1285 5636 γὰρ
1315 5566 1498 5633 ἔλεγεν
1526 5568 1553 5618 ό
1582 5566 1852 5635 μακάριος
1887 5565 2117 5627 Παῦλος
2166 5564 2224 5616 '0
2259 5563 2314 5616 δὲ
2351 5562 2560 5632 καρπὸς
2588 5560 2682 5614 τοῦ
2715 5555 3036 5627 Πνεύματός
3066 5558 3182 5609 ἐστι
3214 5555 3386 5609 ταῦτα
3426 5556 3519 5609 καὶ
3544 5552 3738 5609 ταῦτα.
3768 5548 4000 5639 ὀτιδὶό

786 5659 1100 5727 σπουδάζων
1128 5659 1400 5725 τοιούτους
1431 5659 1571 5730 ἔχειν
1603 5660 1867 5732 καρποὺς,
1896 5659 2122 5727 ἀλόγως,
2157 5660 2189 5729 ἢ
2222 5658 2487 5730 ἀκαίρως,
2519 5657 2555 5730 ἦ
2588 5655 2867 5720 ἀσκόπως,
2900 5654 2959 5706 οὐ
3001 5652 3267 5723 βρώσεται
3310 5648 3465 5719 κρέα,
3504 5647 3619 5701 οὐδὲ
3661 5646 3838 5702 πίεται
3862 5638 4003 5712 οἶνον,
