4258 6358
748 414 887 475 10οτ
2208 420 2429 479 PALLA

2335 425 2432 479 .LA
2448 424 2535 481 Dll
3870 446 4016 504 l008

756 527 1203 635 ‘bfillsnitas,
1224 534 1453 635 bonitas,
1482 539 1634 610 tides,
1668 546 2039 613 mansuetudo,
2070 550 2417 620 continentia,
2448 554 2664 612 castitas
2686 556 2829 627 (Gai.
2854 559 2933 630 v),
2964 567 3046 616 est
3066 568 3220 617 extra
3247 562 3688 620 controversiam.
3718 563 3835 635 ipse
3851 566 4009 621 enim

753 616 887 721 dixit
913 616 1097 721 beatus
1125 621 1321 721 Paulus
1348 643 1361 679 :
1393 626 1617 721 Fructus
1656 642 1832 689 autem
1878 635 2108 703 Spiritus
2138 651 2219 695 est
2250 643 2349 698 hoc
2376 616 2431 700 et
2477 645 2599 701 boe.
2630 616 2783 715 Quod
2814 616 2989 705 autem
3031 652 3121 721 qui

744 712 880 813 till?
908 712 1283 813 rationem-aut
1305 716 1719 813 inconsiderate,
1751 726 2251 797 aut‘intempestive
2301 747 2409 787 non
2451 712 2695 792 comedet
2742 753 2954 807 carnes,
2988 712 3085 797 nec
3129 740 3272 797 bibet
3304 742 3507 805 vinum.
3541 760 3715 813 neque
3736 759 3858 798 cum
3888 712 4005 798 ulla

748 798 887 904 mala
909 800 1239 904 cohabitabit
1256 811 1597 866 conscientia.
1626 813 1829 872 Rursus
1849 817 1983 873 dixit
2006 820 2144 875 idem
2164 822 2351 878 beatus
2376 825 2571 882 Paulus
2591 847 2605 882 :
2623 828 2807 884 Omnis
2820 798 3169 900 quicertatab
3184 835 3432 889 omnibus
3448 798 3673 890 abstinet
3687 833 3743 904 (I
3756 835 3875 891 Cor.
3892 837 4000 903 Ix).

742 890 876 992 Cum
902 905 1030 946 sana
1060 895 1273 992 quidem
1313 907 1396 953 est
1422 914 1569 969 caro,
1602 904 1874 961 abstinens
1901 909 1970 964 ab
1998 911 2063 965 iis
2089 927 2208 982 qua
2239 914 2661 983 pingueiaciunt;
2691 890 2903 989 quod'si
2926 922 2997 975 sit
3036 938 3177 991 aegra
3203 924 3287 978 vel
3321 939 3554 979 maerore
3582 890 3847 992 conlecta,
3900 890 3998 979 vel

745 983 925 1086 aliquo
955 1000 1081 1086 casu
1110 988 1331 1086 amicta,
1364 1000 1494 1086 tunc
1516 1004 1694 1086 utetur
1719 998 1931 1067 quidem
1959 1002 2039 1057 vel
2067 1004 2186 1059 cibo
2214 1006 2299 1060 vel
2328 1008 2543 1075 patione
2570 983 2817 1079 tanquam
2843 983 3255 1081 medicamento,
3280 1014 3347 1069 ad
3373 1029 3434 1069 ea
3465 1014 3699 1069 curanda
3728 983 3851 1086 qna-
3876 1028 4004 1070 Ino-

747 1071 954 1177 lestiam
978 1075 1229 1177 aﬂ‘erunt.
1253 1080 1557 1177 abstinebit
1582 1095 1759 1177 autem
1785 1089 1855 1145 ab
1880 1089 1943 1144 iis
1969 1106 2089 1162 quae
2116 1102 2240 1149 sunt
2267 1071 2459 1152 anima
2496 1071 2692 1165 noxia;
2706 1100 2784 1156 ira
2812 1109 2870 1157 et
2896 1101 3116 1170 invidia,
3145 1071 3282 1160 vana
3325 1105 3517 1177 gloria,
3547 1071 3767 1161 tristitia
3813 1116 3871 1162 et
3895 1108 4001 1163 tle-

751 1166 1029 1231 tractione,
1052 1170 1298 1239 superbia
1329 1182 1385 1228 et
1406 1173 1655 1240 elatione,
1686 1176 1797 1234 Deo
1820 1193 1981 1247 agens
2006 1184 2223 1252 gratias.

808 1255 938 1311 Cum
967 1260 1033 1355 de
1058 1260 1141 1317 his
1181 1261 1360 1333 itaque
1386 1265 1519 1320 satis
1548 1267 1913 1338 disseruerim,
1946 1282 2048 1328 tua:
2085 1288 2271 1330 rursus
2318 1275 2573 1335 docilitati
2600 1280 2762 1335 aliam
2808 1281 2975 1339 allero
3001 1283 3451 1341 adhortationem.
3483 1285 3630 1355 Fuge
3658 1299 3756 1355 pro
3782 1285 3996 1341 viribus

741 1354 1624 1451 eorumvirorumcongressiones
1653 1361 1743 1429 qui
1787 1363 1990 1417 nullam
2047 1364 2246 1422 habent
2284 1368 2601 1436 utilitatem,
2647 1380 2704 1428 et
2734 1370 2924 1441 pellem
2971 1384 3232 1430 exornant
3274 1376 3434 1431 aliter
3479 1354 3671 1445 quam,
3698 1376 3996 1430 conveniat

730 1726 963 1809 mentum
993 1720 1200 1787 sileret,
1237 1724 1407 1793 utqui
1437 1725 1491 1779 in
1517 1725 1822 1794 superbiam
1852 1725 2122 1782 incideris.
2200 1727 2376 1798 Super
2446 1725 2681 1783 lucidam
2752 1740 2934 1789 autem
2997 1734 3283 1792 fenestram
3315 1752 3635 1809 persequere
3659 1748 3717 1795 et
3741 1741 3981 1795 virorum

729 1808 1090 1901 et‘tnulieruin
1124 1820 1334 1866 sanctas
1362 1816 1788 1884 congressiones,
1816 1825 1876 1871 ut
1906 1832 2001 1887 per
2027 1832 2209 1873 eorum
2257 1821 2417 1876 veluti
2463 1822 2730 1879 subtiliter
2753 1826 3010 1895 scriptum
3041 1826 3235 1881 librum
3272 1828 3446 1897 possis
3467 1808 3616 1885 tuum
3660 1846 3754 1887 cor
3790 1845 3984 1901 aperte

729 1896 934 1965 videre,
957 1908 1013 1955 et
1032 1915 1127 1970 per
1146 1904 1482 1961 collationem
1510 1908 1736 1977 probare
1763 1911 2063 1966 socordiam
2092 1922 2235 1968 tuam
2267 1915 2350 1970 vel
2377 1915 2734 1985 diligentiam.
2764 1915 2923 1971 Multa
2953 1916 3097 1971 enim
3124 1896 3390 1987 sunt
3417 1919 3662 1990 probitati
3694 1896 3869 1976 ferunt
3891 1932 3979 1978 te-

726 1992 1037 2048 stimonium
1065 2011 1080 2047 :
1110 1996 1260 2050 color
1291 1997 1465 2054 vultus
1495 2000 1585 2067 qui
1615 2001 1667 2055 in
1696 2016 1757 2056 ea
1790 2003 1897 2057 vita
1927 2019 2047 2072 quae
2076 2005 2284 2073 degitur
2312 2006 2623 2075 el'ﬂorescit,
2652 2017 2709 2064 et
2732 2009 2963 2063 vestium
2993 2016 3234 2075 ornatus,
3260 2018 3317 2063 et
3365 2023 3541 2064 mores
3566 2014 3868 2079 compositi,
3921 2024 3979 2069 et

732 2084 993 2141 modestia
1023 2088 1298 2156 orationis,
1329 2098 1383 2145 et
1412 2090 1573 2146 verba
1602 2107 1708 2146 non
1737 2094 2001 2163 exquisita
2034 2104 2087 2151 et
2132 2094 2396 2163 mactata,
2427 2096 2644 2168 elegans
2671 2099 2961 2165 sententia,
2989 2099 3217 2169 cogitata
3243 2114 3507 2169 scnsaque
3534 2102 3816 2168 sapientia.
3862 2104 3976 2158 Do-

725 2175 898 2230 minus
927 2185 1101 2234 autem
1132 2180 1273 2236 vires
1303 2180 1449 2237 dabit
1479 2193 1581 2238 tua
1632 2186 2049 2252 mansuetudini,
2083 2196 2137 2240 et
2182 2187 2432 2242 omnibus
2476 2191 2563 2259 qui
2592 2200 2885 2259 sequuntur
2912 2205 3129 2259 scopum
3159 2192 3393 2261 pietatis,
3420 2194 3630 2250 etiamsi
3657 2196 3741 2250 vel
3767 2194 3974 2251 desidia

725 2264 807 2319 vel
839 2279 967 2321 casu
994 2268 1197 2339 aliquid
1226 2271 1503 2331 acciderit.
1532 2275 1771 2332 Amictus
1799 2277 1963 2343 enim,
1998 2286 2052 2332 et
2080 2292 2293 2347 gressus
2318 2279 2488 2347 pedis,
2518 2289 2572 2335 et
2596 2280 2737 2336 risus
2767 2281 3004 2337 dentium
3035 2285 3369 2341 annuntiabit
3390 2284 3457 2342 de
3485 2286 3625 2355 ipso,
3653 2296 3710 2341 ut
3729 2288 3803 2342 ait
3825 2286 3959 2343 Pro-

725 2359 967 2414 verbinm
997 2361 1220 2433 (Eccles.
1252 2364 1332 2436 x).

791 2448 1056 2521 Incipiens
1087 2453 1266 2525 itaque
1296 2456 1393 2513 tibi
1417 2472 1635 2515 narrare
1658 2461 1819 2515 vitam
1847 2470 2154 2517 sanctorum
2182 2464 2419 2531 Patrum,
2451 2479 2625 2535 neque
2654 2479 2747 2521 eos
2773 2468 2863 2536 qui
2892 2476 3015 2523 sunt
3040 2467 3093 2522 in
3140 2468 3379 2535 urbibus,
3412 2469 3495 2524 vel
3526 2467 3678 2533 vicis,
3718 2468 3803 2523 vel
3836 2482 3973 2537 spe-

720 2536 912 2607 Iuncis,
944 2543 1027 2599 vel
1056 2545 1433 2604 solitudinibus
1461 2550 1556 2605 tibi
1581 2550 1767 2622 ignoti,
1799 2554 2200 2621 praetermittam
2224 2556 2502 2620 oratitme;
2533 2554 2791 2625 adjiciens
2817 2571 2911 2612 eos
2937 2557 3100 2611 etiam
3121 2558 3209 2628 qui
3230 2566 3355 2612 sunt
3393 2558 3447 2613 in
3470 2558 3749 2615 conubiis.
3782 2536 3975 2627 Neque

719 2634 864 2692 enim
893 2634 1041 2691 locus
1068 2640 1327 2707 quaeritur
1355 2641 1412 2696 in
1442 2656 1549 2712 quo
1574 2656 1634 2699 se
1664 2654 1807 2700 recte
1834 2652 1888 2700 et
1910 2660 1974 2701 ex
2004 2647 2198 2702 virtute
2220 2656 2523 2718 gesserunt,
2556 2647 2649 2705 sed
2672 2648 2861 2703 modus
2888 2659 3049 2705 rectm
3077 2662 3263 2704 eorum
3294 2648 3659 2712 institutionis,
3686 2664 3780 2717 per
3806 2660 3975 2716 quam

721 2720 916 2781 Christi
945 2728 1141 2785 auxilio
1171 2730 1330 2787 vitam
1359 2742 1581 2803 egerunt
1602 2734 1910 2806 angelicam.

1231 3358 1453 3416 CAPUT
1484 3359 1767 3416 pmmm,
2316 3344 2364 3403 Α
2394 3350 2616 3409 malum,
2645 3344 2874 3398 utetiam
2904 3344 2958 3398 in
2980 3344 3095 3413 ipso
3110 3345 3349 3400 convivio
3372 3345 3504 3401 liora
3531 3346 3684 3402 solita
3709 3348 3964 3405 reiectio-

984 3492 1013 3506 κ
1085 3490 1102 3506 ¹
1141 3491 1188 3506 Η
1522 3493 1534 3506 _
1587 3502 1596 3506 _
1661 3493 1675 3506 .
1734 3502 1743 3506 _
1920 3493 1931 3506 _
2002 3494 2045 3506 η
2391 3432 3963 3501 nisiratrumsanctibujusﬁeretmentisexcessus,mutus-

935 3478 1049 3545 Vi'“
1079 3490 1267 3545 ¹⁸ίά⁰²ί
1298 3492 1375 3562 (ί)
1399 3493 1675 3563 "few-"Mi
1698 3502 1744 3546 ⁸⁸
1766 3493 2063 3547 πηθδθίήί·
2389 3538 2492 3593 que
2511 3524 2760 3578 evaderet
2779 3523 2893 3591 ipse
2922 3478 3429 3593 et‘obstupesceret;
3455 3536 3649 3582 etcum
3680 3478 3964 3597 rogaret;

784 3607 915 3663 Cum
945 3622 1070 3677 ergo
1093 3606 1317 3676 primum
1345 3608 1607 3661 venissem
1634 3610 1685 3661 in
1714 3607 2125 3662 Alexandrinam
2154 3608 2282 3662 civi-
2390 3622 2445 3667 ut
2466 3628 2583 3681 quae
2601 3612 2652 3666 in
2667 3627 2888 3667 excessu
2912 3617 3689 3681 evenerantnarraret,diceret
3714 3636 3729 3673 :
3776 3621 3962 3677 Mente

717 3707 904 3763 tatem,
930 3700 1165 3753 secundo
1188 3701 1461 3754 consulatu
1483 3700 1767 3754 Theodosii
1797 3700 1970 3768 magni
2001 3700 2285 3769 imperato-
2388 3720 2503 3759 sum
2550 3706 2919 3775 peregrinatus
2948 3704 3016 3759 ab
3036 3705 3207 3774 aliqua
3252 3715 3431 3775 raptus
3478 3710 3957 3774 contemplatione.

716 3790 811 3857 ris,
844 3791 931 3860 qui
959 3798 1174 3859 propter
1202 3804 1348 3843 suam
1382 3799 1577 3845 rectam
1605 3790 1657 3842 in
1673 3788 1943 3843 Christum
1969 3789 2125 3844 iidem
2145 3805 2284 3844 nunc
2386 3796 2509 3851 Scio
2530 3811 2629 3866 ego
2657 3812 2778 3850 eum
2807 3811 2949 3866 sape
2973 3797 3024 3851 in
3053 3811 3232 3851 mensa
3264 3799 3423 3853 luisse
3462 3800 3844 3868 lacrymatum;
3906 3814 3962 3856 et

714 3891 801 3939 est
830 3898 947 3936 cum
972 3880 1204 3949 angelis,
1258 3882 1310 3935 in
1341 3882 1453 3951 ipsa
1486 3881 1700 3935 civitate
1732 3880 1889 3935 incidi
1920 3880 1971 3934 in
2002 3881 2281 3951 quemdam
2386 3898 2504 3941 cum
2533 3897 2809 3955 rogaretur
2829 3902 3043 3942 causam
3084 3903 3179 3942 cur
3207 3896 3350 3943 esset
3377 3888 3721 3959 lacrymatus,
3778 3894 3961 3947 audivi

714 3972 887 4026 virum
910 3972 1297 4037 admirandum,
1330 3982 1382 4025 et
1414 3970 1559 4025 omni
1592 3987 1654 4025 ex
1682 3980 1832 4041 parte
1862 3980 2135 4037 ornatum,
2169 3986 2283 4025 ser-
2384 3991 2506 4031 eum
2538 3977 2801 4032 dicentem
2836 3995 2848 4030 :
2900 3977 3067 4032 Pudet
3110 3992 3197 4032 me
3221 3976 3367 4033 vesci
3391 3978 3512 4032 cibo
3540 3993 3569 4031 a
3598 3981 3802 4033 ratione
3829 3980 3961 4033 alie.

714 4079 895 4129 mone,
928 4064 1183 4131 moribus,
1216 4070 1268 4117 et
1316 4063 1551 4128 scientia,
1600 4078 1791 4130 nempe
1845 4062 2129 4127 lsidorum,
2188 4064 2279 4129 Qui
2386 4084 2476 4135 no,
2505 4084 2623 4123 cum
2657 4068 2754 4121 sim
2787 4070 2993 4123 ratione
3021 4068 3276 4137 praeditus
3301 4111 3314 4133 ,
3364 4079 3419 4124 et
3470 4070 3673 4124 versari
3701 4070 3956 4126 deberem

714 4163 902 4208 eratet
932 4154 1205 4224 presbyter
1234 4162 1287 4208 et
1334 4153 1677 4209 xenodochus
1707 4153 2075 4207 Alexandrina:
2107 4155 2282 4209 eccle-
2386 4164 2437 4214 in
2464 4159 2709 4229 paradiso
2756 4159 3091 4225 deliciarum,
3142 4159 3426 4228 replendus
3457 4160 3738 4214 ambrosia;
3788 4164 3959 4216 ηυιτί-

712 4244 828 4295 site.
859 4243 907 4297 ls
935 4243 1210 4297 dicebatur
1236 4245 1401 4311 prima
1430 4245 1641 4313 quidem
1669 4246 1945 4311 juventute
1976 4259 2195 4297 versans
2226 4244 2278 4297 in
2386 4261 2583 4313 mento,
2612 4258 2825 4316 propter
2853 4264 2969 4302 eam
2992 4262 3111 4317 qua:
3134 4250 3283 4303 nobis
3303 4264 3330 4301 a
3356 4250 3577 4302 Domino
3605 4252 3724 4303 data
3752 4263 3835 4306 est
3864 4267 3959 4320 po-

713 4334 1019 4399 solitudine,
1055 4336 1323 4404 peregisse
1352 4335 1646 4390 certamina
1674 4334 2086 4389 exercitationis.
2116 4334 2282 4403 Cujus
2386 4350 2651 4395 testatem.
2680 4341 2728 4393 ls
2756 4350 2871 4394 erat
2896 4340 3075 4393 Romae
3104 4349 3261 4393 notus
3286 4350 3477 4394 cuncto
3515 4341 3717 4394 senatui
3748 4352 3803 4395 et
3833 4358 3956 4409 pro.

714 4422 873 4477 etiam
896 4423 1084 4478 cellam
1115 4424 1339 4494 vidiego
1363 4425 1415 4479 in
1440 4434 1617 4479 monte
1637 4424 1849 4479 Nitrim:
1881 4424 2074 4479 oll‘endi
2102 4432 2278 4478 autem
2385 4444 2566 4484 cei-um
2600 4429 2873 4493 uxoribus,
2906 4442 3013 4497 quo
3040 4436 3278 4494 tempore
3323 4443 3442 4480 cunt
3474 4427 3631 4480 beato
3664 4427 3956 4484 Athanasio

709 4529 831 4570 eum
860 4531 1038 4571 senem
1069 4516 1399 4587 septuaginta
1446 4532 1615 4571 annos
1664 4527 1842 4571 natum
1868 4535 1882 4581 ;
1932 4517 2021 4586 qui
2052 4532 2170 4570 cum
2203 4517 2280 4569 vi-
2384 4520 2636 4588 episcopo
2660 4517 2801 4587 prius
2824 4526 3136 4581 recesserat,
3179 4517 3372 4572 deinde
3398 4532 3515 4571 cum
3544 4528 3727 4572 sancto
3756 4519 3955 4574 Deme-

712 4607 878 4664 xisset
906 4609 1038 4661 alios
1066 4608 1363 4677 quindecim
1386 4622 1575 4672 annos,
1605 4610 1655 4661 in
1685 4622 1814 4675 pace
1842 4608 1991 4662 obiit.
2031 4606 2125 4661 llic
2150 4620 2275 4660 san-
2384 4612 2485 4665 trio
2512 4612 2783 4679 episcopo.
2831 4608 2879 4663 ls
2923 4623 3044 4662 cum
3067 4608 3363 4661 abundaret
3383 4608 3594 4677 Opibus,
3639 4617 3695 4663 et
3725 4609 3791 4664 iis
3832 4625 3951 4678 qua:

710 4713 829 4759 ctus
845 4718 1008 4773 usque
1023 4703 1088 4757 ad
1118 4705 1299 4756 horam
1315 4703 1490 4757 obitus
1520 4703 1857 4757 niliillineum
1883 4702 2103 4771 gestavit
2128 4708 2277 4755 extra
2308 4704 2352 4765 Β
2380 4711 2503 4757 sunt
2543 4701 2608 4755 ad
2639 4716 2790 4755 usum
2822 4701 3141 4765 necessaria,
3183 4714 3288 4752 non
3314 4700 3528 4765 scripsit
3576 4707 3949 4756 testamentum

714 4792 893 4845 vittam
926 4792 1028 4863 (2),
1062 4808 1165 4846 non
1196 4793 1389 4846 balneo
1412 4802 1493 4847 est
1520 4806 1667 4858 usus,
1714 4806 1816 4844 non
1849 4790 2017 4859 tetigit
2066 4804 2275 4855 carnes,
2385 4792 2676 4857 decedens,
2702 4806 2804 4846 non
2828 4791 3105 4860 pecuniam
3132 4790 3361 4858 reliquit,
3394 4803 3498 4843 non
3528 4804 3637 4842 rem
3657 4790 3813 4842 ullam
3841 4791 3954 4845 suis

712 4898 1020 4954 nunquama
1038 4897 1218 4938 mensa
1237 4885 1458 4938 recessit
1479 4883 1709 4951 repletus
1738 4883 1802 4937 ad
1819 4882 2132 4938 satietatem.
2153 4882 2280 4937 Erat
2386 4888 2659 4943 sororibus
2689 4900 2806 4953 quae
2827 4893 2979 4938 erant
3004 4882 3235 4952 virgines
3257 4923 3270 4947 ,
3304 4882 3399 4935 sed
3424 4896 3513 4934 eas
3539 4881 3753 4934 Christo
3793 4897 3942 4936 com-

710 4983 892 5029 antem
926 4988 1155 5044 corpore
1196 4990 1224 5029 a
1265 4974 1356 5029 Dei
1379 4976 1546 5043 gratia
1587 4984 1689 5027 tam
1709 4974 2273 5043 benecontemperato.
2384 4977 2672 5041 mendavit,
2701 4976 2923 5030 dicens:
2976 4974 3117 5028 Deus
3161 4974 3249 5040 qui
3273 4986 3365 5026 vos
3395 4972 3621 5038 creavit,
3653 4971 3801 5025 vobis
3824 4988 3948 5039 qun-

710 5074 772 5120 ut
798 5081 982 5121 omnes
1012 5068 1100 5137 qui
1122 5068 1435 5137 ignorabant
1480 5068 1593 5135 ejus
1622 5068 1789 5122 victus
1835 5069 2116 5133 rationem,
2147 5082 2271 5135 per-
2385 5083 2488 5137 que
2516 5068 2711 5121 victum
2739 5062 3035 5134 providebit
3060 5063 3196 5116 sicut
3218 5071 3271 5116 et
3291 5062 3444 5114 milii.
3474 5061 3603 5113 Erat
3629 5070 3805 5114 autem
3829 5076 3948 5113 cou-

709 5171 926 5211 suasum
950 5158 1208 5212 haberent
1232 5172 1353 5212 eum
1379 5158 1517 5212 laute
1548 5159 1725 5213 vivere
1762 5168 1813 5212 et
1840 5158 2077 5227 cpipare.
2110 5158 2277 5226 Hujus
2385 5162 2574 5211 ventus
2621 5152 2882 5221 virginum
2923 5164 3042 5220 qum
3068 5158 3364 5204 erantcum
3392 5147 3667 5203 sororibus
3694 5148 3829 5215 ejus,
3863 5162 3950 5201 se-

705 5246 931 5300 virtutes
946 5246 1136 5299 anima:
1160 5245 1203 5300 si
1233 5246 1388 5301 velim
1416 5247 1681 5316 sigillatim
1705 5262 1941 5310 narrare,
1974 5256 2276 5302 narrantem
2384 5245 2671 5315 ptuaginta.
2701 5240 2772 5308 ls,
2831 5255 2950 5295 cum
2978 5240 3042 5293 ad
3072 5254 3191 5294 eum
3220 5239 3482 5294 venissem
3513 5237 3848 5302 adolescens,
3903 5249 3949 5295 et

707 5350 795 5391 Ine
826 5346 1034 5405 tempus
1061 5335 1289 5394 deliciet.
1332 5336 1431 5405 Qui
1464 5349 1577 5393 erat
1615 5339 1747 5393 adeo
1778 5339 1943 5403 mitis,
1992 5339 2274 5409 benignus,
2382 5349 2624 5403 rogarem
2676 5339 2733 5386 ut
2787 5330 2852 5384 ad
2881 5330 3041 5384 vitam
3089 5335 3368 5396 cooptarer
3419 5326 3787 5393 monasticam,
3835 5341 3949 5382 mea

704 5436 761 5481 et
782 5428 1054 5497 paeiilcus,
1094 5436 1153 5483 ut
1185 5429 1341 5483 etiam
1372 5430 1615 5483 inﬁdeles
1656 5430 1769 5499 ejus
1797 5430 2015 5493 inimici,
2061 5440 2275 5499 propter
2378 5426 2551 5480 adhuc
2577 5431 2732 5478 aetate
2759 5421 3089 5483 lasciviente,
3121 5428 3177 5472 et
3196 5433 3301 5471 non
3322 5431 3456 5485 opus
3486 5416 3713 5469 habente
3746 5431 3948 5469 sermo.

706 5530 908 5576 rectam
941 5522 992 5575 in
1023 5520 1291 5575 Christum
1326 5521 1507 5585 fidem,
1539 5522 1617 5577 vel
1650 5522 1763 5589 ejus
1791 5521 2030 5575 umbram
2062 5536 2271 5576 ret-ere-
2381 5520 2556 5582 nibus,
2590 5517 2679 5571 sed
2706 5514 2974 5570 laboribus
2992 5512 3079 5582 qui
3110 5525 3321 5565 carnem
3344 5509 3677 5576 subigerent,
3708 5509 3946 5577 duraque

709 5620 917 5679 rentur,
967 5612 1037 5668 ob
1060 5612 1318 5683 insignem
1350 5612 1446 5665 viri
1475 5613 1783 5667 bonitatem.
1841 5611 2060 5665 Tantam
2091 5619 2266 5665 autem
2377 5614 2431 5660 et
2453 5617 2635 5671 aspera
2665 5599 2872 5655 vivendi
2913 5600 3116 5653 ratione
3154 5611 3273 5666 qua:
3314 5608 3508 5664 corpus
3549 5602 3953 5661 compesceret;

708 5704 895 5763 habuit
915 5706 1207 5774 spiritalem
1238 5706 1457 5775 gratiam
1493 5715 1547 5761 et
1574 5702 1927 5773 cognitionem
1971 5714 2271 5757 sanctarum
2379 5699 2456 5759 is.
2522 5694 2734 5763 inquam
2767 5737 2783 5761 ,
2841 5701 3090 5785 tanquam
3144 5688 3329 5785 bonus
3363 5685 3592 5740 domitor
3645 5684 3907 5785 pulli-orum
3938 5725 3953 5751 ,

702 5799 1115 5870 Scriptut‘arum,
1175 5773 1795 5865 ct—conipreiiensionem
1828 5797 2123 5853 divinorum
2148 5796 2276 5867 dog-

2261 5823 2276 5835 -
2383 5787 2532 5854 duxit
2577 5800 2663 5843 tne
2713 5795 2866 5842 extra
2940 5782 3203 5838 civitatem
3267 5777 3332 5833 ad
3390 5789 3481 5833 eas
3537 5789 3652 5844 qua:
3708 5773 3942 5829 dicuntur
