4258 6358
273 424 415 490 1009
1482 435 1844 496 HISTORIA
1883 437 1972 497 LA
1983 437 2269 499 USIACA.
3386 432 3514 500 1010

272 535 397 589 οὑδὲ
424 538 736 609 συνοικήσει
763 540 866 593 τινὶ
893 542 1114 613 πονηρῷ
1144 541 1423 607 συνειδότι,
1470 544 1631 599 πάλιν
1673 544 1858 613 ἐλεγεν
1890 546 1919 598 6
1948 546 2113 610 αὑτὸς
2140 546 2413 616 μακάριος
2439 543 2736 605 ἀπόστολος
2761 541 2991 607 Παῦλος,
3016 543 3098 597 ὅτι
3126 542 3238 605 Πᾶς
3262 544 3290 597 ό
3316 544 3517 611 ἀγωνι-

273 625 505 695 ζόμενος
536 630 712 685 πάντα
740 633 1155 703 ἐγκρατεύεται,
1188 633 1537 703 ὑγιαινούσης
1569 636 1668 704 μὶν
1699 639 1799 706 τῆς
1826 636 2049 706 σαρκὸς,
2080 635 2416 706 ἀπεχόμενος
2448 632 2557 686 τῶν
2594 631 2937 687 πιαινόντων.
2979 632 3395 704 ’Λρῤωστούσης
3424 632 3512 701 δὲ.

269 720 303 790 ἢ
343 721 769 793 όδυνωμένης,ή
815 725 911 777 καί⁵
939 723 1159 791 λύπαις,
1190 725 1224 796 ἢ
1255 727 1610 796 περιστάσεσι
1643 726 2031 797 κοινωνούσης,
2066 727 2331 798 χρήσεται
2365 724 2465 796 μιν
2496 724 2616 777 τότε
2656 724 2692 795 ἢ
2725 723 3025 795 βρώμασιν,
3057 723 3091 794 ἢ
3124 724 3401 794 πόμασιν,
3440 727 3518 786 ὼς

269 812 586 881 φαρμάκοις
616 814 981 886 ἀλεξιτηρίοις
1012 818 1091 880 εἰς
1146 816 1289 870 ῐασιν
1320 817 1523 880 αὑτῶν,
1550 816 1808 884 ἀφέξεται
1836 819 1897 872 δέ
1937 818 2048 872 τῶν
2087 819 2226 873 κατά
2250 820 2350 888 τὴν
2379 815 2559 888 ψυχὴν
2593 815 2898 887 βλαϐερῶν,
2926 814 3118 886 ὀργῆς.
3151 818 3248 870 καὶ
3277 816 3468 886 φθόνοι
3496 853 3514 880 ε

270 906 602 975 κενοδοξίας,
634 910 730 963 καὶ
751 911 1004 983 ἀκηδίας,
1028 911 1127 965 καὶ
1158 910 1513 978 καταλαλιάς,
1545 910 1642 965 καί
1668 907 1926 971 ὑπονοίας
1957 907 2177 979 ἀλόγου,
2213 908 2558 981 εὐχαριστῶν
2579 907 2659 980 τῷ
2679 905 2891 979 Κυρίῳ.

340 1020 644 1091 Δύτάρκως
675 1022 857 1077 τοίνυν
884 1022 1024 1096 ὑπέρ
1055 1024 1263 1078 τούτων
1290 1020 1562 1078 διαλαϐὼν
1603 1020 1765 1076 πάλιν
1815 1018 1985 1091 ἀλλην
2029 1019 2379 1093 παράκλησιν
2411 1021 2676 1092 προσάγω
2710 1038 2807 1075 σου
2833 1024 2901 1094 τῇ
2931 1019 3284 1094 φιλομαθείᾳ.
3307 1018 3515 1091 θεῦγε,

264 1112 367 1183 δση
402 1131 486 1168 σοι
514 1114 763 1187 δύναμις,
792 1118 1086 1190 συντυχίας
1118 1118 1327 1190 ἀνδρῶν
1361 1117 1515 1173 οὑδέν
1544 1115 1736 1187 δφελος
1767 1100 1999 1186 ἐχόντων
2019 1153 2036 1181 ,
2057 1115 2153 1170 καὶ
2183 1115 2534 1188 κοσμούντων
2564 1116 2664 1187 μέν
2690 1116 2752 1171 τὸ
2765 1116 2945 1188 δέρμα
2974 1117 3383 1190 ἀκαταλλήλως,
3410 1114 3515 1172 κάν

264 1206 538 1277 ὀρθόδοξοι
566 1206 713 1275 εῐεν,
752 1211 828 1283 μή
862 1228 916 1265 τι
948 1227 1014 1281 γε
1045 1210 1111 1282 δὴ
1150 1209 1454 1283 αἱρετικοὶ,
1490 1207 1820 1281 βλάπτοντες
1845 1210 1913 1279 τῇ
1944 1207 2231 1279 ὑποκρίσει
2252 1249 2270 1277 ,
2319 1206 2423 1263 κάν
2460 1206 2653 1273 δόξωσι
2699 1208 2917 1273 πολιαῖς
2944 1210 3221 1281 κεφαλῆς,
3255 1208 3291 1280 ἢ
3334 1206 3515 1280 ῥυτίσι

265 1298 565 1371 προσώπου
592 1299 953 1373 ἐπισύρεσθαι
999 1300 1175 1372 μῆκος
1212 1300 1428 1372 χρόνον.
1481 1298 1603 1356 Κάν
1631 1297 1742 1370 γὰρ
1786 1297 1953 1369 μηδὲν
1986 1296 2191 1369 βλαϐῇς
2221 1298 2355 1369 παρ’
2397 1297 2579 1353 αὐτῶν
2605 1298 2676 1354 δι’
2700 1298 2979 1368 εὐγένειαν
3007 1299 3243 1371 τρόπων,
3294 1299 3356 1353 τδ
3383 1299 3517 1368 γοῦν

266 1392 550 1463 ἐλάχιστον
574 1390 883 1466 δοκοῦν[τα]
916 1391 1117 1464 τρώσει
1146 1410 1227 1449 σε.
1251 1392 1363 1447 Καὶ
1382 1390 1685 1463 χαυνωθεὶς
1712 1387 1834 1443 κατ’
1862 1386 2043 1443 αὑτῶν
2070 1389 2169 1460 τὴν
2188 1388 2424 1443 διάνοιαν
2453 1390 2740 1464 ἐπαρθήσῃ
2769 1391 3091 1461 καταγελῶν
3117 1391 3344 1457 τούτων,
3376 1394 3515 1468 ὅπερ

264 1484 384 1540 ἐστί
408 1502 490 1539 σοι
517 1485 689 1558 βλάϐη
719 1485 802 1551 εἰς
824 1483 1207 1557 ὑπερηφανίαν
1232 1482 1642 1554 ἐμπεπτωκότι.
1681 1480 1852 1551 Ὑπέρ
1879 1479 1937 1534 δέ
1964 1480 2155 1551 θυρίδα
2177 1480 2444 1552 φωτεινὴν
2471 1480 2774 1552 μεταδίωκε
2798 1482 3010 1553 ἀνδρῶν
3033 1499 3092 1537 τε
3119 1484 3214 1538 καί
3239 1485 3515 1553 γυναικῶν

264 1582 420 1644 ὁσίας
444 1579 763 1650 συντυχίας,
794 1570 895 1634 ίνα
918 1578 1007 1632 διά
1034 1576 1241 1631 τούτων
1279 1575 1531 1646 καθάπερ
1564 1574 1949 1645 λεπτόγραφον
1993 1571 2201 1644 βιϐλίον
2231 1571 2468 1644 δυνηθῇς
2503 1572 2632 1627 ἰδεῖν
2665 1573 2854 1644 σαφῶς
2880 1573 2978 1627 καὶ
3007 1575 3105 1645 τὴν
3136 1575 3238 1646 σὴν
3266 1577 3513 1649 καρδίαν,

263 1672 355 1725 διά
382 1673 482 1743 τῆς
513 1656 1015 1743 ἀντίπαραθέσεως,
1044 1670 1146 1742 τὴν
1186 1670 1478 1742 ρᾳθυμίαν,
1507 1668 1542 1739 ἢ
1576 1667 1877 1739 ἐμμέλειαν
1900 1665 2198 1736 δυνάμενος
2224 1664 2324 1735 τὴν
2352 1664 2453 1733 σὴν
2480 1665 2817 1734 δοκιμάζειν.
2848 1664 3027 1719 Πολλά
3054 1666 3165 1737 γάρ
3203 1667 3320 1720 ἐστι
3343 1667 3410 1721 τά
3449 1670 3515 1739 τῇ

264 1765 597 1839 χρηστότητι
630 1763 1013 1835 μαρτυροῦντα
1041 1779 1056 1793 ο
1081 1763 1117 1833 ἦ
1140 1778 1200 1815 τε
1239 1763 1376 1832 χρόα
1400 1759 1509 1813 τῶν
1538 1756 1845 1831 προσώπων
1869 1760 1903 1829 ἡ
1927 1754 2240 1810 ἐπανθοῦσα
2266 1757 2332 1827 τῇ
2361 1754 2629 1827 πολιτείᾳ,
2653 1756 2746 1809 καλ⁸
2771 1758 2800 1809 6
2826 1755 3116 1827 στολισμδς
3140 1757 3240 1827 τῆς
3263 1757 3513 1828 ἐσθῆτος,

266 1862 362 1916 καὶ
383 1861 444 1913 τὺ
476 1859 795 1929 ἀπέρπερον
828 1852 980 1928 ἦθος,
1012 1856 1108 1910 καὶ
1137 1856 1171 1925 ἡ
1212 1853 1418 1922 ἀτυφία
1444 1850 1552 1905 τῶν
1588 1851 1788 1921 λόγων,
1819 1849 1913 1903 καὶ
1936 1850 1971 1919 ή
2002 1846 2257 1902 εὐλάϐεια
2286 1848 2396 1902 τῶν
2432 1847 2671 1919 τρόπων,
2705 1847 2802 1902 καὶ
2832 1848 2894 1901 τὸ
2922 1848 3253 1921 ἀπερίεργον
3275 1849 3383 1903 τῶν
3421 1850 3511 1903 λέ-

265 1955 427 2020 ξεων,
454 1954 547 2006 καλ⁸
572 1952 633 2006 τὸ
666 1950 857 2022 χαρίεν
884 1950 985 2019 τῆς
1014 1948 1263 2020 γνώμης,
1290 1947 1387 2001 καὶ
1419 1944 1481 2000 τὸ
1510 1943 1731 1999 συνετδν
1758 1943 1869 1997 τῶν
1894 1942 2203 2013 νοημάτων.
2254 1940 2653 2011 Ἐνδυναμώσει
2693 1942 2789 1995 καὶ
2826 1941 2927 2013 τὴν
2966 1942 3066 2013 σὴν
3112 1944 3449 2015 κοσμιότητα
3488 1948 3518 1999 ό

264 2045 493 2117 Κύριος,
527 2046 621 2098 καὶ
648 2043 860 2106 πάντας
883 2043 1013 2105 τοὺς
1044 2041 1344 2111 ἐπομένους
1369 2037 1449 2109 τῷ
1482 2036 1585 2108 τῆς
1611 2034 1923 2097 θεοσεϐείας
1952 2032 2142 2106 σκοπῷ
2162 2048 2176 2062 ·
2206 2032 2311 2087 κᾶν
2338 2034 2399 2087 ἐν
2426 2032 2629 2105 ἀκηδίᾳ
2654 2032 2687 2105 ή
2712 2034 2877 2105 ἐτέρᾳ
2899 2036 3006 2088 τινὶ
3038 2036 3359 2108 περιστάσει
3384 2052 3516 2103 τυγ-

264 2142 503 2212 χάνοιτε.
534 2138 833 2210 Στολισμδς
864 2137 997 2208 γάρ,
1031 2136 1221 2207 φησὶν,
1251 2134 1466 2205 ἀνδρὸς,
1498 2132 1595 2189 καὶ
1621 2131 1775 2204 βῆμα
1799 2129 1981 2196 ποδὸς,
2011 2131 2107 2184 καὶ
2135 2128 2313 2199 γέλως
2341 2128 2567 2185 ὀδόντων
2609 2129 2903 2199 ἀναγγελεῖ
2932 2128 2998 2183 τά
3031 2130 3162 2199 περὶ
3187 2129 3375 2197 αὑτοῦ,
3414 2145 3516 2183 κα-

265 2232 378 2298 θὼς
409 2233 442 2303 ή
476 2230 752 2304 Παροιμία
780 2230 947 2300 λέγει.

348 2349 682 2421 ’Δρξάμενος
711 2348 894 2402 τοίνυν
918 2346 1030 2416 ἐγώ
1061 2362 1144 2400 σοι
1167 2346 1277 2399 τῶν
1308 2344 1619 2415 ἐξηγήσεων
1645 2338 1739 2395 τοῦ
1771 2338 1886 2410 βίου
1916 2337 2027 2391 τῶν
2053 2338 2224 2406 ἀγίων
2250 2338 2533 2409 Πατέρων,
2564 2335 2688 2390 οὔτε
2717 2339 2828 2400 τοῖς
2858 2336 2916 2390 ἐν
2950 2338 3072 2400 ταίς
3093 2336 3311 2390 πόλεσιν
3338 2335 3371 2405 ἢ
3408 2334 3517 2389 κώ-

268 2460 401 2517 μαις
435 2443 470 2514 ή
507 2441 794 2511 σπηλαίοις
822 2439 856 2511 ή
888 2438 1151 2509 ἐρημίαις
1180 2437 1492 2506 ἀγνώστους
1524 2452 1607 2489 σοι
1639 2430 1954 2500 καταλείψω
1994 2431 2075 2503 τῷ
2096 2432 2271 2502 λόγῳ,
2305 2430 2562 2501 προσθεὶς
2587 2430 2682 2483 καὶ
2718 2429 2847 2493 τοὺς
2873 2431 2931 2482 ἐν
2957 2432 3073 2493 τοῖς
3100 2429 3408 2492 κοινοϐίοις.
3433 2429 3511 2481 Οὑ

263 2539 376 2609 γὰρ
404 2538 435 2590 6
461 2536 627 2601 τόπος
662 2537 811 2589 ἐστὶν
845 2534 875 2587 6
903 2534 1236 2605 ζητούμενος
1256 2574 1271 2597 ,
1294 2532 1423 2586 ἔνθα
1447 2528 1828 2591 κατοικοῦντες
1853 2520 2000 2580 οῦτοι
2030 2526 2406 2598 κατώρθωσαν
2425 2525 2523 2597 τὴν
2546 2525 2781 2595 ἀρετὴν,
2808 2524 2924 2579 ἀλλ’
2948 2526 2976 2579 6
3000 2522 3202 2596 τρόπος
3224 2523 3320 2593 τῆς
3345 2521 3515 2593 ὀρθῆς

265 2628 661 2701 προαιρέσεως,
695 2628 763 2683 δι’
792 2621 860 2699 ἧς
882 2625 1306 2698 τὴνάγγελικην
1332 2624 1607 2679 πολιτείαν
1627 2624 1694 2693 τῇ
1719 2617 1813 2674 τοῦ
1846 2617 2086 2689 Χριστοῦ
2117 2619 2409 2691 συμμαχίᾳ
2429 2610 2756 2684 ἐξήσκησαν.

686 3172 1084 3227 mwAAAlON
1142 3168 1437 3226 ΠΡΩΤΟΝ.
1877 3183 1918 3229 Α
1950 3172 2084 3243 παρ’
2111 3171 2252 3227 αὑτά
2280 3172 2350 3226 τά
2379 3175 2656 3244 συμπόσια
2686 3174 2786 3245 τῆς
2826 3175 3081 3240 εἰωθυίας
3110 3176 3258 3247 ὥρας
3286 3177 3388 3247 τῆς
3420 3194 3517 3249 με·

624 3263 767 3332 Περί
808 3263 1121 3332 ἰσιόὠροψ
1141 3263 1490 3334 ξενοδόχου.

340 3354 566 3426 Πρῶτον
606 3354 788 3410 τοίνυν
834 3357 1085 3425 πατήσας
1136 3353 1248 3422 ἐγὼ
1291 3354 1390 3425 τὴν
1451 3351 1848 3425 Ἀλεξανδρέων

271 3441 447 3506 πόλιν,
483 3442 541 3494 ἐν
571 3443 639 3512 τῇ
668 3441 899 3511 δευτέρᾳ
930 3442 1135 3513 ὑπατίᾳ
1165 3441 1446 3495 Θεοδοσίου
1480 3441 1574 3495 τοῦ
1608 3441 1846 3512 μεγάλου

272 3532 561 3603 βασιλέως,
588 3533 645 3596 ὃς
674 3531 768 3586 νῦν
799 3534 856 3586 ἐν
888 3534 1138 3601 ἀγγέλοις
1168 3535 1404 3603 ὑπάρχει
1434 3534 1523 3586 διὰ
1554 3534 1654 3599 τὴν
1683 3532 1847 3603 ὀρθὴν

268 3625 437 3678 αὑτοῦ
466 3625 649 3677 πίστιν
670 3624 767 3694 τὴν
788 3626 867 3687 εἰς
895 3625 1150 3695 Χριστὸν,
1180 3626 1501 3695 περιέτυχον
1528 3626 1585 3677 ἐν
1612 3625 1751 3695 αὐτῇ
1780 3628 1846 3695 τῇ

269 3715 426 3769 πόλει
473 3715 626 3787 ἀνδρὶ
669 3715 979 3786 θαυμασίῳ,
1022 3716 1113 3769 τὸν
1136 3716 1334 3787 τρόπον
1374 3715 1709 3786 πανταχόθεν
1752 3732 1846 3768 κε-

269 3808 625 3879 κοσμημένῳ,
658 3806 716 3861 έν
749 3824 809 3859 τε
839 3807 1005 3878 λόγῳ,
1038 3808 1131 3861 καὶ
1162 3808 1306 3878 neu,
1338 3808 1431 3860 καὶ
1459 3808 1681 3875 γνώσει,
1723 3807 1847 3859 Ἰσι-

268 3901 430 3972 δώρῳ
471 3900 827 3971 πρεσϐυτέρῳ
860 3901 972 3954 δντι
1012 3900 1273 3971 ξενοδόχῳ
1308 3901 1408 3970 τῆς
1452 3899 1847 3969 Ἀλεξανδρέων

281 3994 630 4065 Ἐκκλησίας.
666 3996 762 4058 Ὃς
789 3995 859 4048 τά
888 3994 989 4064 μὶν
1012 3994 1204 4065 πρῶτα
1230 3994 1328 4063 τῆς
1358 3993 1607 4063 νεότητος
1632 3992 1849 4060 ἐλέγετο

270 4090 331 4139 ἐν
362 4089 429 4158 τῇ
467 4087 657 4157 ἐρήμῳ
692 4086 981 4157 διατρίψας
1013 4086 1270 4157 ὴννκέναι
1302 4085 1371 4139 τὰ
1420 4087 1515 4156 τῆς
1562 4085 1849 4151 ἀσκήσεως

271 4174 413 4233 ἆθλα
433 4217 448 4239 ,
482 4173 542 4233 οὗ
570 4179 663 4231 καὶ
688 4178 788 4249 τὴν
828 4177 1024 4248 κέλλην
1058 4177 1370 4247 ἐθεασάμην
1395 4176 1505 4244 ἐγὼ
1532 4178 1591 4228 ἐν
1618 4175 1694 4245 τῷ
1733 4174 1849 4245 δρει

272 4270 372 4337 τῆς
417 4269 665 4340 Νιτρίας.
711 4269 1024 4323 Κατέλαϐον
1067 4269 1125 4322 δέ
1162 4267 1350 4321 τοῦτον
1379 4265 1490 4335 ἐγὼ
1529 4265 1666 4319 ὲτῶν
1698 4265 1847 4317 ἐϐδοο

276 4364 522 4433 μήκοντα
567 4362 798 4429 γέροντα
822 4402 837 4427 ,
870 4361 925 4424 3;
973 4361 1239 4425 ἐπιζήσας
1277 4358 1672 4411 πεντεκαίδεκα
1714 4356 1849 4411 ἀλλα

271 4454 369 4524 ἐτη
399 4453 625 4526 τελευτᾷ
654 4455 710 4507 ἐν
742 4454 958 4525 εἰρήνῃ.
995 4447 1164 4517 Οὗτος
1204 4455 1233 4506 6
1263 4452 1415 4517 ἅγιος
1452 4451 1644 4523 μέχρις
1679 4451 1848 4521 αὑτῆς

268 4547 372 4617 τῆς
400 4545 656 4615 τελευτῆς
688 4547 789 4600 οὑκ
826 4545 1018 4616 ὀθόνην
1047 4546 1316 4616 ἐφόρησεν
1346 4544 1500 4607 ἐκτὸς
1531 4544 1842 4614 φακιαλίου,

270 4638 333 4691 οὐ
359 4636 570 4708 λουτρῷ
604 4638 878 4708 ἐχρήσατο
901 4677 916 4702 ,
944 4636 1005 4691 οὑ
1032 4636 1211 4707 κρεῶν
1236 4637 1436 4707 ἥψατο,
1481 4636 1541 4689 οὑ
1571 4635 1849 4709 τραπέζης

272 4732 407 4787 ποτέ
453 4733 590 4803 πρὸς
640 4732 802 4802 κόρον
838 4730 1178 4801 ἐνεφορήθηο
1228 4730 1286 4793 ὃς
1319 4728 1556 4782 τοιοῦτον
1604 4725 1749 4800 εἶχεν
1791 4729 1850 4781 τὸ

275 4824 436 4895 σῶμα
464 4823 568 4877 ὑπὸ
593 4823 692 4893 τῆς
719 4823 940 4893 χάριτος
965 4820 1061 4875 τοῦ
1091 4821 1227 4875 Θεοῦ
1258 4819 1746 4892 συγκροτούμενον,
1774 4820 1848 4883 ὼς

274 4915 800 4988 πεπληῳφορῆσθαι
823 4916 1027 4980 πάντας
1051 4916 1177 4979 τοὺς
1204 4914 1532 4983 ἀγνοοῦντας
1563 4913 1727 4968 αὑτοῦ
1751 4914 1849 4984 τὴν

272 5011 508 5074 δίαιταν,
553 5009 635 5063 ὅτι
685 5011 744 5062 ἐν
792 5008 1003 5077 μεγάλῃ
1053 5009 1231 5078 τρυφῇ
1266 5006 1464 5075 διάγει.
1509 5006 1712 5060 Τούτου
1748 5004 1850 5069 τὰς

273 5106 479 5176 ἀρετάς
506 5104 606 5175 τῆς
626 5104 802 5173 ψυχῆς
827 5103 920 5158 ἐὰν
945 5102 1086 5157 θέλω
1105 5102 1467 5172 διηγήσασθαι
1490 5101 1628 5155 κατά
1661 5100 1847 5172 μέρος,

275 5194 545 5264 ἐπιλείψει
581 5210 648 5264 με
676 5192 1035 5263 διηγούμενον
1063 5194 1091 5246 6
1123 5191 1336 5263 χρόνος.
1371 5193 1469 5255 '0;
1501 5190 1754 5245 τοσοῦτον
1782 5186 1850 5262 ἦν

276 5285 474 5354 πρᾶος,
498 5282 593 5338 καὶ
623 5283 1035 5353 φιλάνθρωπος,
1071 5284 1166 5337 καὶ
1202 5284 1494 5355 εἰρηνικὸς,
1528 5283 1603 5348 ὡς
1630 5284 1724 5337 καὶ
1752 5284 1847 5337 αὑ-

274 5376 404 5436 τοὺς
424 5375 550 5438 τοὺς
575 5374 835 5438 ἀπίστους
856 5374 1082 5445 ἐχθροὺς
1105 5373 1270 5427 αὑτοῦ
1296 5374 1382 5428 διά
1401 5373 1500 5445 τὴν
1521 5377 1599 5438 εἰς
1619 5375 1851 5447 Χριστὸν

276 5466 443 5539 ὀρθὴν
473 5466 638 5521 αὑτοῦ
669 5467 850 5521 πίστιν
870 5466 1135 5524 αἰδεῖσθαι
1162 5466 1257 5520 καὶ
1286 5466 1382 5539 τὴν
1410 5466 1570 5520 σκιάν
1598 5466 1664 5520 δι’
1686 5468 1851 5535 ὑπερ-

278 5560 444 5631 ϐολὴν
482 5560 581 5630 τῆς
628 5559 724 5614 τοῦ
780 5559 972 5630 ἀνδρὸς
1024 5559 1408 5631 χρηστότητος.
1467 5558 1747 5629 Τοσαύτην
1794 5559 1852 5613 δέ

278 5650 437 5721 ἔσχεν
483 5650 643 5721 χάριν
694 5648 1102 5719 πνευματικὴν,
1153 5649 1247 5703 καὶ
1294 5648 1495 5718 γνῶσιν
1538 5648 1645 5702 τῶν
1682 5647 1851 5717 ἁγίων

278 5740 531 5811 Γραφῶν,
564 5740 787 5797 καὶτῶν
815 5739 975 5797 θείων
999 5740 1287 5813 δογμάτων
1312 5738 1638 5812 κατάληψιν,
1662 5741 1737 5807 ὡς
1762 5741 1853 5797 καὶ

1948 3263 2233 3335 ταλήψεως
2259 3266 2368 3319 τῶν
2410 3266 2655 3335 ἀδελφῶν
2686 3268 2999 3332 ἐξίστασθαι
3029 3269 3128 3341 τὴν
3155 3269 3394 3323 διάνοιαν
3427 3270 3519 3324 τοῦ

1950 3360 2105 3427 ἁγίου
2130 3402 2145 3425 ,
2182 3363 2276 3414 καὶ
2308 3362 2549 3427 ἐνεάζειν
2583 3364 2777 3428 αὑτὸν,
2808 3362 2901 3417 καὶ
2929 3364 3417 3435 παρακαλούμενον
3442 3366 3523 3419 δι-

1946 3452 2196 3521 ηγεῖσθαι
2208 3452 2276 3505 τά
2290 3453 2388 3519 τῆς
2402 3453 2733 3517 ἐκστάσεως,
2754 3454 2847 3506 καί⁵
2856 3453 3057 3522 λέγειν,
3070 3455 3152 3507 ὃτι
3168 3455 3363 3523 Ἀπεδή
3374 3472 3447 3524 μη
3454 3472 3522 3508 σα

1947 3541 2013 3608 τῇ
2068 3539 2279 3610 διανοίᾳ
2327 3540 2602 3609 ἀρπιγεὶς
2654 3541 2759 3594 ὑπὸ
2808 3541 3039 3613 θεωρίας
3089 3544 3254 3607 τινός.
3310 3545 3523 3611 Ἔγνων

1949 3630 2106 3698 κάγὼ
2127 3630 2314 3684 τοῦτον
2333 3632 2593 3695 πολλάκις
2614 3632 2965 3702 δακρύσαντα
2984 3634 3074 3685 ἐπὶ
3094 3633 3195 3702 τῆς
3217 3634 3518 3704 τραπέζης·

1949 3722 2039 3774 καὶ
2068 3721 2176 3775 τῶν
2206 3720 2458 3791 δακρύων
2484 3724 2581 3792 τὴν
2609 3724 2788 3775 αίτίαν
2817 3724 3143 3793 πυθόμενος,
3174 3726 3387 3795 ἥκουσα
3417 3726 3521 3777 αὑ-

1946 3814 2042 3867 τοῦ
2094 3814 2379 3882 λέγοντος,
2410 3815 2494 3867 ὅτι
2532 3814 2797 3885 Αἰδοῦμαι
2843 3816 3040 3883 ἀλόγου
3088 3816 3521 3886 μεταλαμϐάνων

1946 3906 2153 3974 τροφῆς
2178 3905 2393 3973 λογικὸς
2427 3907 2707 3976 ὑπάρχων,
2744 3907 2838 3959 καὶ
2869 3907 3095 3976 ὀφείλων
3125 3910 3182 3960 ἐν
3205 3910 3522 3981 παραδείσῳ

1947 4000 2157 4066 τρυφῆς
2190 3997 2458 4068 ὑπάρχειν
2480 4043 2493 4064 ,
2524 4000 2619 4051 καὶ
2649 3998 3009 4069 ἐμφορεῖσθαι
3047 4000 3356 4069 ἀμϐροσίας
3394 4019 3519 4071 τρο-

1950 4090 2077 4159 φῆς,
2108 4089 2197 4144 διά
2230 4090 2327 4161 τὴν
2359 4090 2605 4143 δοθεῖσαν
2630 4093 2763 4162 ήμίν
2795 4092 2945 4162 παρά
2986 4093 3221 4163 Χριστοῦ
3251 4093 3517 4160 ἐξουσίαν.

1950 4171 2117 4241 Οὗτος
2169 4179 2445 4248 γνώριμος
2493 4175 2561 4248 ἦν
2610 4181 2761 4252 πάσῃ
2806 4184 2871 4249 τῇ
2928 4181 3071 4233 κατὰ
3125 4180 3343 4252 Ῥώμην
3392 4199 3520 4252 συγ-

1949 4270 2154 4339 κλήτῳ,
2178 4273 2297 4332 ταῖς
2318 4287 2382 4337 γε
2412 4269 2626 4337 γυναιξὶ
2641 4270 2750 4322 τῶν
2778 4272 3139 4340 μεγιστάνων,
3164 4274 3401 4341 ὁπηνίκα
3422 4275 3520 4328 σὺν

1948 4361 2028 4430 τῷ
2082 4361 2336 4432 μακαρίῳ
2393 4361 2694 4432 ’Δθανασὶῳ
2731 4363 3062 4433 ἀπεληλύθει
3096 4363 3157 4416 τὸ
3216 4365 3516 4433 πρότερον,

1878 4508 1922 4564 Β
1951 4453 2141 4507 ῑπειτα
2170 4454 2267 4507 σὺν
2306 4452 2385 4522 τῷ
2414 4453 2557 4523 ἁγίῳ
2584 4455 2881 4524 Δημητρίῳ
2910 4454 2989 4524 τῷ
3022 4454 3323 4526 ἐπισκόπῳ.
3354 4449 3522 4519 Οῦτος

1954 4546 2287 4618 περιττεύων
2320 4545 2533 4617 πλούτῳ
2561 4548 2653 4600 καὶ
2673 4547 2901 4615 ἀφθονίᾳ
2925 4547 3147 4616 χρειῶν,
3172 4546 3233 4601 οὑ
3254 4546 3522 4618 διαθήκην

1951 4637 2159 4708 ἔγραψε
2210 4636 2510 4703 τελευτῶν,
2566 4638 2626 4689 οὑ
2684 4636 2927 4707 νόμισμα
2981 4637 3407 4703 καταλέλοιπεν,
3457 4639 3519 4690 οὑ

1951 4731 2187 4801 πρᾶγμα
2233 4733 2353 4793 ταῖς
2398 4728 2591 4783 ἐαυτοῦ
2646 4728 2901 4797 ἀδελφαῖς
2954 4730 3243 4799 παρθένοις
3292 4727 3517 4785 οὔσαις·

1952 4820 2089 4875 ἀλλά
2120 4819 2391 4891 παρέθετο
2419 4820 2593 4883 αὑτὰς
2626 4819 2704 4890 τῷ
2733 4820 2973 4890 Χριστῷ,
3004 4819 3201 4887 λέγων,
3245 4819 3302 4873 Ὀ
3331 4822 3521 4881 κτίσας

1953 4914 2097 4984 ὑμᾶς
2134 4913 2267 4976 Θεὸς
2290 4912 2451 4975 αὐτὸς
2490 4913 2838 4980 οἰκονομήσει
2877 4911 3007 4981 ὑμῖν
3037 4912 3133 4964 καὶ
3160 4911 3230 4963 τά
3258 4911 3393 4980 πρὸς
3422 4912 3521 4978 τὴν

1952 5006 2118 5077 ζωὴν,
2144 5006 2219 5069 ὡς
2256 5004 2350 5059 καὶ
2384 5005 2476 5075 μοί
2502 5004 2600 5077 [Μ.
2632 5002 2747 5075 μέ].
2782 5000 2891 5057 Ἦν
2919 5005 2975 5057 δὲ
3003 5005 3099 5057 σὺν
3122 5005 3244 5067 ταῖς
3266 5003 3522 5072 ἀδελφαῖς

1952 5100 2115 5154 αὑτοῦ
2143 5099 2397 5169 σύστημα
2424 5098 2707 5168 παρθένων
2736 5098 3129 5167 ἐϐδομήκοντα.

2024 5184 2189 5254 Οὗτος
2220 5188 2536 5261 φοιτήσαντί
2586 5205 2681 5259 μοι
2712 5188 2818 5259 νέῳ
2857 5188 2970 5241 δντι
3008 5190 3146 5257 πρὸς
3186 5186 3351 5241 αὑτὸν
3373 5226 3388 5252 ,
3425 5190 3521 5241 καὶ

1953 5282 2360 5355 παρακαλοῦντι
2412 5281 2819 5352 στοιχειωθῆναι
2865 5282 2925 5333 ἐν
2981 5280 3060 5350 τῷ
3118 5281 3341 5352 μονήρει
3385 5279 3517 5351 βίῳ,

1954 5374 2272 5446 σφριγώσης
2298 5391 2389 5445 μοι
2410 5373 2492 5427 ετι
2520 5373 2622 5444 τῆς
2648 5372 2883 5443 ήλεκίας,
2911 5372 3003 5425 καί
3030 5371 3202 5440 λόγων
3233 5372 3308 5443 μὴ
3334 5372 3521 5443 δεομέ-

1954 5486 2069 5539 νης,
2098 5466 2238 5523 ἀλλά
2258 5468 2435 5521 πόνων
2455 5465 2565 5519 τῶν
2588 5466 2733 5520 κατὰ
2756 5465 2955 5535 σάρκα.
2988 5465 3082 5519 καὶ
3105 5464 3521 5536 σκληραγωγίας

1952 5561 2054 5631 τῆς
2080 5559 2224 5615 κατά
2248 5558 2427 5629 σῶμα·
2452 5551 2625 5624 οὗτος,
2648 5558 2723 5621 ὡς
2744 5556 2909 5620 καλὸς
2933 5556 3309 5627 πωλοδάμνης,
3336 5557 3518 5625 ἐξάγει

1958 5669 2026 5723 με
2071 5652 2176 5719 ἐξω
2203 5650 2301 5720 τῆς
2344 5650 2555 5715 πόλεως
2594 5650 2675 5714 εἰς
2716 5646 2785 5703 τά
2815 5648 3085 5719 λεγόμενα
3127 5648 3370 5721 ἐρημικά
3411 5648 3523 5706 ἀπὸ

1958 5744 2116 5799 πέντε
2139 5742 2401 5815 σημείων.
