4258 6358
718 384 849 456 1011

1341 505 1593 560 ΚΕΦΑΛ.
1628 506 1670 559 Β
1689 546 1705 561 .

1259 641 1400 710 Περί
1425 642 1746 711 Δωροθέου.

790 758 901 812 Kal
927 756 1260 827 παραδίδωσι
1294 774 1361 827 με
1393 756 1656 827 Δωροθέῳ
1687 756 1794 811 τινὶ
1825 757 2041 829 ἀσκητῇ
2073 757 2296 829 Θηϐαίῳ

721 850 1013 920 ἑξηκοστὸν
1047 850 1228 919 ἄγοντι
1264 848 1380 913 ἔτος
1419 852 1476 904 ἐν
1514 849 1594 921 τῷ
1626 849 1879 919 σπηλαίῳ
1902 892 1916 915 ,
1949 851 2041 903 καὶ
2088 848 2297 903 κελεύει

723 957 789 1010 με
825 938 1109 1011 πληρῶσαι
1154 938 1285 1008 παρ’
1331 937 1496 993 αὑτοῦ
1542 939 1667 1012 τρία
1708 937 1804 1010 ετη
1852 938 1987 1010 πρὸς
2016 938 2299 1009 δαμασμὸν

717 1030 827 1086 τῶν
854 1028 1060 1084 παθῶν
1085 1028 1351 1099 ἠπίστατο
1370 1030 1478 1101 γὰρ
1503 1030 1595 1084 τδν
1615 1032 1843 1103 γέροντα
1868 1030 2080 1105 μεγάλῃ
2103 1030 2304 1102 σκληρ-

720 1124 937 1195 αγωγίᾳ
1003 1123 1273 1189 συζῶντα.
1328 1124 1440 1178 Kal
1482 1124 1621 1195 μετά
1667 1123 2064 1210 τδοπληρῶσαί
2112 1141 2179 1195 με
2212 1124 2301 1177 τὸν

720 1217 955 1290 ἀριθμὸν
979 1218 1089 1271 τῶν
1112 1217 1269 1285 ἐτῶν,
1301 1218 1463 1272 πάλιν
1496 1219 1633 1290 πρὸς
1663 1219 1827 1273 αὑτὸν
1851 1219 2303 1291 ἐπανακάμπτειν

726 1328 792 1381 με
817 1309 1219 1380 ἐντειλάμενος,
1252 1310 1447 1381 λοιπῆς
1467 1310 1819 1374 διδασκαλίας
1844 1312 2033 1365 ἕνεκεν
2061 1329 2303 1382 πνευμα-

721 1402 901 1472 τικῆς.
924 1401 1035 1455 Kal
1068 1402 1143 1472 μὴ
1173 1401 1422 1470 δυνηθεὶς
1451 1403 1561 1456 τῶν
1585 1402 1755 1473 τριῶν
1787 1403 1927 1456 ἐτῶν
1953 1404 2046 1456 τὸν
2075 1403 2305 1474 ἀριθμὸν

722 1493 856 1562 παρ’
896 1492 1045 1563 αὑτῷ
1081 1491 1459 1563 ἐκπληρῶσαι,
1508 1492 1596 1545 διὰ
1631 1492 1693 1545 τὸ
1743 1495 1985 1565 κραταιᾷ
2023 1493 2305 1566 ἀρρωστίᾳ

724 1585 1045 1654 περιπεσεῖν
1076 1600 1165 1655 με,
1204 1582 1377 1647 οὕτως
1402 1584 1574 1655 ήρθην
1600 1584 1694 1637 ἀπ’
1725 1586 1890 1638 αὑτοῦ
1920 1584 2027 1653 πρὸ
2055 1584 2151 1637 τοῦ
2179 1584 2307 1655 χρόα

723 1692 816 1730 νου
850 1680 948 1748 τῆς
981 1677 1341 1747 προθεσμίας.
1372 1672 1481 1729 Ἦν
1511 1677 1620 1745 γάρ
1662 1677 1827 1730 αὑτοῦ
1875 1678 1907 1746 ή
1942 1677 2119 1729 δίαιτα
2161 1676 2304 1728 πάνυ

726 1768 1090 1839 σκληροτάτη,
1125 1766 1421 1838 αὐχμώδης
1450 1768 1592 1833 λίαν,
1623 1770 1716 1820 καὶ
1747 1768 2041 1837 ξηροτάτη.
2072 1767 2170 1820 Διὰ
2203 1769 2305 1821 πά-

2175 393 2527 457 PALLADII

2324 509 2372 565 Α
2401 504 2805 577 ἀπερρόφησεν,
2834 505 3236 575 ἐπισφραγίσας
3274 504 3333 560 τὸ
3381 505 3545 575 ὕδωρ,
3578 503 3768 573 είπὼν,
3819 509 4018 565 Ὅπου

3860 396 4018 462 10ίὲ

2404 596 2634 667 σταυρὸς
2659 597 2936 667 ἐπιφοιτᾷ,
2976 596 3077 650 οὑκ
3111 597 3285 667 ἰσχύει
3314 597 3482 651 κακία
3504 597 3596 650 τοῦ
3630 599 3847 654 Σατανᾶ
3867 639 3885 655 .

3006 731 3259 786 ΚΕΦΔΛ.
3316 731 3388 786 Γ’.

2890 845 3032 914 Περὶ
3080 847 3505 913 Ποταμιαίνης.

2494 940 2555 994 '0
2587 940 2859 1010 μακάριος
2901 938 3171 1009 Ἰσίδωρος
3202 941 3230 992 ό
3268 939 3541 1011 ξενοδόχος
3580 944 4008 1012 συντετυχηκὼς

2418 1033 2689 1101 ’Δντωνίῳ
2720 1030 2799 1101 τῷ
2826 1030 2967 1102 ἀγίῳ
2997 1030 3091 1084 καὶ
3125 1032 3429 1101 μακαρίῳ¹,
3458 1034 3675 1104 γραφῆς
3712 1032 3866 1099 ἄξιον
3916 1035 4005 1089 δι-

2407 1126 2655 1197 ηγὴσατο
2688 1125 2922 1194 πρᾶγμα
2953 1123 3206 1194 ἀκηκοὼς
3235 1128 3366 1196 παρ’
3394 1124 3593 1179 αὐτοῦ’

2480 1218 2965 1288 Ὀτιῐῐοταμιαίνα
3022 1234 3107 1281 τις
3138 1218 3450 1288 ὡραιοτάτη
3495 1219 3635 1290 κόρη
3689 1220 3803 1289 (ΙΞ)
3853 1220 4011 1275 κατά

2407 1312 2499 1365 τὸν
2532 1310 2724 1380 καιρδν
2752 1309 3061 1380 Μαξιμίνου
3092 1309 3187 1363 τοῦ
3228 1310 3456 1363 διώκτου
3482 1350 3497 1375 ,
3551 1311 3813 1381 παιδίσκη
3853 1314 4012 1375 τινὸς

2411 1401 2717 1455 ἀκολάστου
2758 1401 3022 1471 ὑπῆρχεν.
3067 1401 3173 1454 Ἦν
3202 1400 3375 1454 πολλά
3399 1401 3712 1472 λιπαρήσας
3732 1404 3759 1455 ό
3792 1402 4011 1473 ταύτης

2410 1492 2678 1562 δεσπότης
2704 1492 3031 1563 ὑποσχέσεσι
3082 1493 3386 1564 διαφόροις,
3449 1494 3728 1564 ἀπατῆσαι
3789 1495 4011 1563 ταύτην

2411 1584 2512 1639 οὑκ
2542 1584 2781 1656 ἴσχυσεν.
2827 1586 2916 1639 Ἐν
2940 1581 3022 1649 οἷς
3050 1585 3111 1638 τὸ
3144 1585 3454 1640 τελευταῖον
3502 1587 3711 1657 μανεὶς,
3762 1586 4010 1657 παραεί-

2411 1676 2542 1730 δωσι
2594 1677 2798 1746 ταύτην
2842 1677 2921 1747 τῷ
2951 1677 3073 1731 κατ’
3125 1679 3300 1731 ἐκεῖνο
3360 1678 3556 1749 καιροῦ
3616 1678 3845 1748 ἐπάρχῳ
3898 1678 4010 1747 τῆς

2428 1767 2863 1837 Ἀλεξανδρείας,
2898 1768 3113 1822 ἔκδοτον
3145 1769 3317 1840 αὐτὴν
3349 1769 3598 1834 δεδωκὼς
3629 1771 3705 1832 ὼς
3738 1771 4011 1839 Χριστια-

727 1874 827 1925 σης
866 1857 968 1926 μὲν
1008 1857 1117 1928 γάρ
1146 1858 1244 1927 τῆς
1272 1856 1523 1927 ἡμέρας,
1554 1857 1649 1911 καὶ
1689 1859 1746 1910 ὲν
1780 1857 1930 1927 αύτῷ
1960 1856 2037 1926 τῷ
2068 1857 2307 1926 καύματι
2339 1856 2383 1915 Β
2412 1861 2528 1932 νήν,
2563 1860 2656 1913 καὶ
2683 1860 3110 1931 βλασφημοῦσαν
3145 1859 3239 1913 καὶ
3282 1861 3412 1922 τοὺς
3462 1861 3691 1930 καιροὺς
3731 1860 3829 1913 καὶ
3871 1860 4010 1923 τοὺς

721 1950 821 2020 τῆς
862 1949 1241 2021 μεσημϐρίας,
1274 1950 1333 2003 ἐν
1376 1952 1442 2020 τῇ
1486 1950 1680 2020 ἐρήμῳ
1719 1952 1784 2020 τῇ
1839 1949 1982 2003 κατὰ
2028 1950 2305 2002 θάλασσαν

726 2040 961 2111 συνῆγεν
981 2040 1185 2103 λίθους’
1211 2041 1307 2093 καὶ
1338 2041 1562 2103 τούτους
1588 2041 1673 2093 ἀεὶ
1704 2040 2021 2111 οίκοδομῶν,
2055 2042 2149 2093 καὶ
2182 2041 2305 2093 κέλ-ο

724 2133 823 2197 λας
853 2132 1043 2197 ποιῶν,
1080 2132 1395 2204 παρεχώρει
1429 2134 1540 2196 τοῖς
1570 2133 1643 2203 μὴ
1675 2132 1994 2202 δυναμένοις
2019 2132 2304 2204 οίκοδομῆω

724 2244 848 2292 σαι,
880 2227 1004 2280 κατ’
1033 2226 1154 2290 ἔτος
1187 2224 1382 2279 κέλ).αν
1423 2224 1711 2278 τελίσκων.
1760 2224 1925 2295 Ἐμοῦ
1964 2226 2021 2279 δέ
2058 2242 2186 2278 ποτε
2229 2224 2306 2295 τῷ

722 2319 865 2389 ἁγίῳ
896 2318 1073 2389 τούτῳ
1119 2318 1442 2389 εἰρηκότος,
1483 2318 1549 2370 Τί
1580 2320 1777 2383 ποιεῖς,
1820 2318 2021 2387 Πάτερ,
2053 2318 2110 2369 ἐν
2144 2319 2305 2387 γήρει

722 2409 949 2481 τοιούτῳ
983 2409 1324 2464 ἀποκτείνων
1351 2427 1443 2461 σου
1473 2410 1536 2461 τὸ
1568 2410 1845 2480 σωμάτιον
1874 2410 1931 2461 ἐν
1962 2409 2037 2479 τῷ
2065 2408 2307 2477 καύματι

724 2505 840 2566 τοῖς
900 2503 1190 2574 χαλεποῖς;
1250 2502 1588 2573 ἀπεκρίνατό
1655 2520 1787 2572 μοι,
1843 2504 2058 2569 λέγων’
2104 2503 2309 2556 Ἐκεῖνο

724 2594 1040 2648 ἀποκτείνει
1084 2612 1173 2664 με,
1218 2594 1504 2647 ἀποκτενῶ
1535 2595 1672 2648 αὐτὸ
1711 2593 1885 2663 κάγώ.
1937 2593 2161 2647 Ἦσθιεν
2208 2594 2309 2664 μέν

723 2688 833 2759 γάρ
879 2687 1107 2756 ούγκίας
1160 2686 1220 2751 ἐξ
1265 2689 1430 2758 ἄρτου
1465 2686 1587 2739 καθ’
1636 2686 1873 2755 ἑκάστην
1920 2685 2170 2755 ἡμέραν,
2218 2685 2311 2738 καὶ

724 2780 1343 2850 λεπτολαχάνωνδέμα·
1374 2780 1558 2833 ἔπινεν
1597 2780 1654 2832 δέ
1688 2779 1878 2841 ὕδατος
1912 2778 1973 2831 τδ
1998 2780 2141 2833 ὅσον.
2191 2778 2312 2831 Ἐπὶ

724 2869 860 2922 Θεοῦ
892 2870 1167 2942 μάρτυρος
1187 2909 1201 2933 ,
1230 2870 1329 2921 οὑκ
1356 2868 1526 2936 ἔγνων
1548 2869 1734 2921 τοῦτον
1760 2868 2094 2921 ἀπλώσαντα
2121 2866 2310 2931 πόδας,

727 2960 1251 3029 οὑ·καθευδήσαντα
1301 2960 1616 3030 ἐξεπίτηδες
1661 2960 1694 3030 ἢ
1744 2960 1837 3012 ἐπὶ
1883 2959 2102 3029 ψιαθίου
2145 2959 2178 3028 ἢ
2220 2960 2313 3011 ἐπὶ

727 3050 953 3119 κλίνηςσ
984 3049 1120 3102 ἀλλά
1158 3048 1247 3102 διά
1290 3049 1467 3116 πάσης
1509 3048 1702 3110 νυκτὸς
1747 3048 2054 3118 καθήμενος
2086 3045 2314 3098 ἐπλεκεν

731 3143 920 3215 σειρὰν
956 3143 1055 3213 τὴν
1097 3143 1162 3195 ἐκ
1204 3140 1412 3195 θαλλῶν
1458 3140 1717 3208 φοινίκων
1755 3140 1837 3203 είς
1886 3140 2041 3221 λόγον
2084 3138 2309 3209 τροφῆς.

740 3236 1081 3307 ’Υπονοήσας
1104 3235 1160 3288 δέ
1186 3235 1267 3288 ὅτι
1295 3235 1388 3287 ἐπὶ
1418 3233 1552 3304 ἐμοῦ
1590 3232 1754 3302 μόνου
1783 3232 2023 3303 τοσαύτῃ
2048 3233 2310 3301 ἀκρότητι

730 3330 1017 3399 ἀσκήσεως
1046 3328 1341 3399 κέχρηται,
1381 3325 1823 3396 ἐφιλοπεύστησα
1861 3328 2013 3397 παρὰ
2052 3326 2312 3380 πλειόνων

732 3420 900 3474 αὑτοῦ
939 3419 1198 3491 μαθητῶν
1227 3418 1494 3488 ἀκριϐῶς,
1536 3418 1583 3471 εί
1616 3418 1820 3487 ταύτην
1851 3416 1963 3487 ἔχοι
1993 3417 2081 3470 διὰ
2115 3418 2314 3481 παντὸς

732 3512 830 3567 τοῦ
870 3512 988 3583 βίου
1043 3512 1142 3583 τὴν
1174 3512 1440 3581 ἄσκησιν·
1487 3511 1685 3572 οἵτινες
1718 3509 1903 3563 λοιπὸν
1938 3496 2151 3580 ἐμεινον
2190 3510 2313 3563 κατ’

735 3605 896 3670 ιδίαν,
950 3602 1048 3657 καὶ
1085 3602 1240 3655 αὐτοὶ
1279 3602 1379 3673 τὴν
1408 3600 1607 3672 ἀρετὴν
1652 3602 1835 3654 λοιπὸν
1877 3604 2268 3673 κατορθοῦντες
2292 3617 2307 3632 ο

732 3696 889 3751 αὐτοί
914 3713 1002 3766 μοι
1034 3694 1243 3762 ἔλεγον,
1266 3694 1349 3747 ὅτι
1373 3695 1438 3747 ἐκ
1462 3694 1662 3765 νεαρᾶς
1686 3694 1903 3764 ήλικίας
1922 3694 2128 3763 ταύτην
2156 3694 2313 3763 ἔσχεν

733 3788 834 3856 τὴν
875 3785 1185 3852 πολιτείαν,
1225 3785 1362 3855 μηδέ
1392 3801 1521 3838 ποτε
1553 3783 1840 3855 κοιμηθεὶς
1873 3784 2185 3855 ἐξεπίτηδες
2209 3826 2224 3851 ,
2263 3787 2312 3838 εί

740 3882 817 3952 μή
858 3897 912 3933 τι
944 3882 1002 3932 ἐν
1034 3879 1113 3948 τῷ
1147 3876 1476 3945 ἐργάζεσθαι
1528 3876 1561 3946 ή
1610 3875 1814 3929 ἐσθίειν
1849 3875 2171 3944 ἐκάμμυσέν
2209 3892 2313 3935 που

736 3973 827 4024 τὸν
876 3970 1154 4041 ὀφθαλμὸν
1198 3968 1542 4039 κατενεχθεὶς
1565 4008 1580 4033 ,
1614 3966 1757 4020 ὥστε
1801 3967 2061 4030 πολλάκις
2094 3966 2188 4020 καὶ
2225 3968 2315 4021 τὸν

736 4061 927 4130 ψωμόν
971 4061 1259 4113 ἐκπίπτειν
1310 4057 1403 4112 τοῦ
1455 4058 1721 4128 στόματος
1770 4057 1977 4125 αὐτοῦ,
2025 4059 2167 4112 κατὰ
2225 4060 2315 4112 τὸν

738 4152 930 4223 καιρὸν
962 4152 1056 4204 τοῦ
1089 4153 1282 4221 φαγεῖν
1303 4191 1317 4215 ,
1358 4149 1628 4220 ὑπερϐολῇ
1662 4149 1998 4219 νυσταγμοῦ.
2047 4152 2313 4218 Ἀναγκά-

736 4246 919 4307 ζοντος
950 4244 1007 4296 δέ
1039 4241 1139 4312 μού
1175 4260 1305 4295 ποτε
1338 4240 1528 4294 τοῦτον
1558 4241 1648 4294 τὸν
1678 4242 1832 4309 ἆγιον
1868 4243 2061 4312 μικρὸν
2092 4244 2181 4295 ἐπὶ
2216 4247 2315 4314 τῆς

734 4337 932 4406 ψιάθου
986 4339 1208 4400 πεσεῖν,
1244 4335 1692 4404 ὑπολυπούμενος
1740 4326 1894 4397 οὗτος
1944 4336 2129 4402 ἔλεγέν
2187 4351 2310 4405 μοι’

746 4430 875 4483 Ἐὰν
896 4429 1091 4499 πείσῃς
1116 4428 1242 4490 τοὺς
1267 4427 1530 4496 ἀγγέλους
1560 4425 1895 4497 κοιμηθῆναι
1924 4444 2077 4494 ποτε,
2102 4426 2315 4491 πείσεις

734 4523 794 4574 ἐν
824 4522 998 4592 τούτῳ
1032 4522 1124 4573 καὶ
1161 4520 1252 4572 τὸν
1293 4518 1600 4573 σπουδαῖον.

804 4636 920 4705 Μιᾷ
951 4633 1005 4687 δέ
1037 4634 1145 4687 τῶν
1180 4634 1402 4704 ήμερῶν
1436 4633 1753 4687 ἀπέστειλέν
1789 4652 1857 4704 με
1896 4636 1954 4688 ἑν
1990 4632 2068 4705 τῷ
2102 4635 2299 4704 φρέατι

736 4725 903 4781 αὑτοῦ
934 4726 1062 4797 περὶ
1098 4726 1246 4796 ὥραν
1295 4726 1521 4795 ἐννάτην
1558 4725 1845 4797 πληρῶσαι
1894 4728 1985 4779 τὸν
2045 4727 2205 4781 κάδον
2233 4728 2313 4792 είς

735 4818 896 4886 λόγον
925 4819 1023 4888 τῆς
1057 4817 1435 4888 μεταλήψεως,
1487 4818 1759 4888 ἐνστάσης
1816 4820 1915 4889 τῆς
1963 4817 2057 4871 τοῦ
2117 4821 2313 4889 φαγεῖν

735 4910 905 4980 ῶρας.
945 4910 1174 4979 Ἔτυχεν
1204 4908 1259 4962 δέ
1295 4926 1362 4979 με
1394 4909 1723 4975 ἀπελθόντα,
1758 4910 1960 4964 ἀσπίδα
2014 4910 2313 4965 θεάσασθαι

736 5004 796 5054 ἐν
827 5001 903 5073 τῷ
934 5002 1132 5073 φρέατι
1157 5002 1328 5069 κάτω,
1359 5004 1451 5055 καὶ
1482 5002 1680 5073 μηκέτι
1740 5002 1889 5072 φόϐῳ
1941 5003 2201 5071 ἀντλῆσαι
2254 5002 2314 5056 τὸ

738 5095 906 5166 ῦῖωρ,
935 5094 1072 5148 ἀλλὰ
1121 5093 1425 5148 ἀπελθόντα
1478 5094 1735 5165 δρομαῖον
1773 5093 2102 5162 ἀπαγγεῖλαι
2137 5093 2310 5164 αύτῷ,

738 5191 822 5243 ὅτι
876 5188 1277 5259 Ἀπεθάνομεν,
1326 5187 1490 5241 ἀϐϐᾶ.
1547 5188 1775 5240 Ἀσπίδα
1831 5186 1940 5257 γὰρ
1974 5184 2113 5240 εἶδον
2153 5190 2209 5241 ἐν
2238 5187 2313 5258 τῷ

740 5283 936 5352 φρέατι
994 5279 1165 5333 κάτω.
1239 5278 1662 5346 ’Υπομειδιάσας
1710 5276 1767 5329 δέ
1826 5278 2031 5341 ἐκεῖνος
2094 5278 2309 5349 σεμνὸν,

742 5376 835 5424 ἐπὶ
858 5369 994 5423 πολύ
1028 5387 1118 5441 μοι
1155 5369 1459 5439 προσέχων,
1497 5369 1589 5422 καὶ
1622 5368 1782 5421 σείων
1830 5368 2073 5440 κεφαλὴν
2104 5369 2307 5437 ἔλεγεν·

753 5464 880 5519 Ἐὰν
926 5462 1053 5531 δόξῃ
1108 5458 1186 5529 τῷ
1238 5458 1467 5526 διαϐόλῳ
1498 5458 1640 5510 κατὰ
1704 5459 1812 5511 πᾶν
1864 5458 2041 5528 φρέαρ
2084 5460 2315 5523 ἀσπίδας

736 5552 1026 5621 ἐμϐαλεῖν,
1054 5554 1088 5623 ἢ
1115 5551 1269 5619 όφεις
1321 5549 1353 5618 ἢ
1393 5550 1559 5620 ἔτερα
1589 5549 1770 5602 ίοϐόλα
1802 5548 2089 5620 θηρία”είς
2137 5551 2315 5615 πάσας

743 5647 838 5709 τὰς
864 5644 1048 5715 πηγάς
1072 5643 1181 5696 τῶν
1215 5642 1444 5707 ὑδάτων,
1483 5644 1546 5697 σὺ
1588 5642 1775 5713 μένεις
1806 5641 2078 5712 μηδέποτε
2105 5643 2311 5710 πίνων;

746 5738 840 5791 καὶ
864 5735 1094 5801 ἐξελθὼν
1116 5735 1214 5805 τῆς
1262 5733 1458 5805 κέλλης
1515 5732 1705 5797 αὑτοῦ,
1754 5733 1845 5785 καὶ
1893 5733 1960 5786 δι’
2002 5735 2196 5788 ἐαυτοῦ
2226 5753 2317 5804 γε-

755 5832 913 5895 uisa:
940 5827 1032 5885 τὸν
1060 5826 1253 5887 κάδον.
1285 5825 1466 5892 νῆστις
1494 5826 1709 5891 πρῶτος
1756 5826 1912 5890 αὐτὸς
1981 5826 2073 5880 τοῦ
2124 5828 2312 5894 ὕδατος

2408 1953 2647 2024 βασιλεῖς
2705 1954 2800 2006 ἐπὶ
2871 1955 2983 2016 τοῖς
3050 1954 3312 2022 διωγμοῖς
3345 1990 3361 2017 ,
3427 1952 3797 2021 ὑποσχόμενος
3851 1950 4009 2021 αὐτῷ

2405 2047 2666 2117 χρήματα
2697 2045 2858 2099 ἱκανά
2887 2046 2978 2099 ἐπὶ
3027 2047 3094 2117 τῇ
3129 2044 3331 2115 ταύτης
3365 2045 3644 2114 συμφορᾷ⁹
3695 2043 3821 2096 Ἐὰν
3877 2044 4008 2096 πεξρ

2410 2157 2512 2213 σῃς
2578 2141 2803 2209 ταύτην,
2862 2138 3066 2209 φήσας,
3131 2136 3423 2190 συνθέσθαι
3479 2154 3580 2207 μου
3650 2135 3728 2206 τῷ
3787 2135 4003 2205 σκοπῷ,

2409 2230 2646 2303 φύλαξον
2689 2231 2857 2303 αὐτὴν
2889 2230 3266 2300 ἀτιμώρητον.
3313 2226 3438 2281 Ἐὰν
3468 2227 3525 2279 δὲ
3562 2228 3796 2299 ἐμμεὶνῃ
3828 2230 3895 2296 τῇ
3945 2225 4007 2290 ἐξ

2406 2324 2584 2397 ἀρχῆς
2611 2323 2784 2393 αὑτῆς
2845 2322 3140 2393 αὑστηρίᾳ,
3201 2319 3586 2392 παρεκάλεσεν
3644 2320 4003 2391 τιμωρουμέ-

2408 2434 2507 2487 νην
2558 2416 2727 2487 αύτὴν
2768 2414 3082 2469 ἀποθανεῖν·
3112 2415 3230 2469 Ἵνα
3269 2414 3343 2485 μὴ
3372 2412 3541 2477 ζῶσα,
3580 2413 3789 2481 λέγων,
3830 2431 4005 2467 κατα·

2407 2506 2618 2577 γελάσῃ
2652 2524 2754 2575 μου
2789 2504 2890 2574 τῆς
2919 2503 3182 2567 ἀσωτίας.
3228 2503 3579 2573 Προαχθεῖσα
3626 2503 3685 2555 δέ
3740 2502 3849 2572 πρὸ
3899 2502 4001 2556 τοῦ

2413 2600 2658 2671 βήματος
2706 2600 2739 2667 ή
2784 2596 3028 2667 ἀνδρεία,
3080 2594 3356 2665 διαφόροις
3393 2594 3647 2664 ὀργάνοις
3694 2611 4005 2664 τιμωρητι-

2412 2694 2527 2754 κοῖς
2575 2690 2636 2743 τὸ
2675 2690 2833 2759 σῶμα
2866 2687 3237 2751 ἐϐασανίζετο.
3274 2688 3384 2741 Καὶ
3416 2687 3553 2758 πρὸς
3586 2687 3818 2750 πολλοὺς
3854 2686 4005 2753 λογι-

2413 2785 2583 2855 σμοὺς
2605 2784 2698 2836 καὶ
2728 2782 3016 2852 διαφόρους
3051 2781 3426 2853 ἐπυργομάχει
3452 2782 3517 2850 τῇ
3558 2781 3775 2849 γνώμῃ,
3809 2781 3868 2832 ἐν
3919 2774 4003 2843 οἷς

2412 2878 2667 2949 ὀργάνοις
2692 2875 2802 2929 τῶν
2826 2872 3111 2943 τιμωριῶν
3161 2872 3443 2943 ώμότερός
3487 2887 3571 2932 τις
3618 2870 4005 2939 κολαστηρίων

2417 2967 2649 3039 βάσανος
2689 2966 2840 3035 παρά
2868 2964 2961 3017 τοῦ
2986 2964 3108 3017 τότε
3129 2964 3441 3027 δικάζοντος
3474 2964 3726 3033 εὕρηται.
3770 2963 4006 3015 Κελεύει

2414 3060 2618 3131 λσητα
2649 3060 2823 3129 μέγαν
2856 3058 3024 3127 πίσσῃ
3055 3056 3367 3126 πλησθέντα
3407 3057 3771 3110 ὑποκαίεσθαι
3811 3055 4006 3108 τοῦτον

2417 3151 2790 3221 λαμπροτάτῳ
2829 3148 2985 3219 πυρί.
3022 3148 3338 3220 Βραζούσης
3369 3148 3463 3202 οὖν
3509 3149 3609 3217 τῆς
3650 3148 3874 3217 πίσσης,
3910 3151 4007 3201 καὶ

2421 3244 2626 3313 σφόδρα
2650 3242 3037 3311 ἐκκαιομένης,
3074 3240 3385 3311 προέτεινεν
3451 3239 3485 3292 δ’
3509 3241 3790 3311 ἀνήμερος
3813 3232 4003 3309 ἅρχων

2415 3341 2481 3409 τῇ
2519 3336 2765 3407 μακαρίᾳ⁸
2788 3332 2994 3403 ἐκείνῃ,
3012 3332 3207 3401 λέγων,
3239 3333 3320 3385 ὃτι
3348 3334 3418 3385 Ἦ
3442 3331 3668 3396 ἄπελθε,
3690 3330 4003 3401 ύποτάγηθι

2415 3432 2527 3491 τοῖς
2554 3427 2824 3496 θελήμασι
2858 3425 3122 3478 δεσπότου
3165 3439 3295 3477 σου·
3335 3424 3393 3493 ἢ,
3446 3423 3533 3476 ῐνα
3573 3423 3773 3477 εἰδέναι
3829 3424 4000 3493 ἔχοις,

2416 3520 2474 3573 ἐν
2508 3518 2587 3587 τῷ
2620 3516 2810 3585 λέϐητι
2848 3532 2908 3568 σε
2953 3515 3387 3585 καταγγισθῆναι
3421 3515 3647 3569 κελεύω.
3692 3516 3759 3569 Ἡ
3799 3516 3857 3567 δὲ
3892 3517 4000 3569 ἀπ-

2417 3608 2672 3679 εκρίνατο
2715 3608 2992 3675 λέγουσα·
3045 3608 3137 3679 Μή
3182 3608 3399 3676 γένοιτο
3452 3607 3695 3671 τοιοῦτος
3772 3608 4000 3664 πώποτε

2418 3701 2599 3762 ἄδικος
2617 3700 2897 3771 δικαστὴς,
2926 3700 2955 3753 ό
2987 3699 3233 3753 κελεύων
3256 3700 3650 3754 ὑποτάττεσθαι
3675 3718 3743 3771 με
3765 3702 4000 3771 ἀσωτία.

2424 3790 2761 3861 Ἀπομανεὶς
2789 3785 2883 3843 οῦν
2937 3790 3167 3857 ἐκεῖνος,
3199 3789 3415 3842 κελεύει
3464 3788 3637 3861 αὐτὴν
3678 3788 4003 3844 ἐκδυθεῖσαν

2416 3878 2755 3949 ἐμϐληθῆναι
2810 3876 2887 3947 τῷ
2921 3877 3132 3949 λέϐητι.
3176 3879 3243 3932 Ἠ
3289 3878 3347 3931 δὲ
3399 3879 3598 3951 ἀφίησι
3660 3880 3870 3950 φωνὴν,
3924 3884 4001 3935 εἰ·

2417 3971 2614 4025 ποῦσα·
2653 3970 2766 4042 Τὴν
2797 3969 3041 4041 κεφαλὴν
3058 3969 3152 4023 τοῦ
3185 3970 3451 4040 βασιλέως
3488 3988 3605 4038 σου,
3642 3972 3701 4026 δν
3725 3972 3793 4025 σὺ
3833 3973 3998 4044 φοϐῇ,

2417 4065 2466 4116 εί
2521 4061 2773 4133 κέκριταί
2808 4079 2892 4115 σοι
2929 4062 2989 4113 τὸ
3054 4060 3230 4126 οὑτως
3302 4079 3371 4132 με
3429 4065 3999 4137 τιμωρήσασθαι,’μὴ

2417 4155 2680 4225 κελεύσῃς
2750 4172 2817 4225 με
2892 4154 3208 4222 ἐκδυθῆναι,
3261 4154 3400 4208 ἀλλά
3472 4157 3596 4209 κατ’
3667 4157 3854 4226 ὀλίγον
3930 4176 3997 4228 με

2418 4248 2723 4317 πρόσταξον
2764 4248 2821 4298 ἐν
2869 4250 2934 4317 τῇ
2996 4246 3272 4318 βραζούσῃ
3323 4248 3500 4321 ,πίσσῃ
3559 4252 3995 4321 καταχαλᾶσθαι,

2419 4340 2506 4391 ῖνα
2537 4339 2650 4408 ῐδῃς
2684 4338 2858 4405 πόσην
2896 4338 3176 4406 ὑπομονήν
3202 4357 3294 4409 μοι
3351 4341 3651 4409 ἐχαρίσατο
3685 4344 3712 4394 ὁ
3760 4343 3994 4412 Χριστὸς

2416 4430 2475 4483 ὃν
2510 4429 2573 4481 σὺ
2605 4430 2838 4496 ἀγνοεῖς.
2872 4430 2983 4482 Kal
3004 4429 3341 4499 χαλασθεῖσα
3366 4430 3510 4485 κατά
3548 4417 3767 4503 μικρὸν,
3797 4432 3874 4496 ὡς
3903 4434 3992 4485 ἐπὶ

2340 4560 2394 4619 D
2420 4521 2729 4592 παρατάσει
2761 4520 2919 4590 ὡρῶν
2959 4520 3149 4589 τριῶν,
3195 4521 3369 4585 οὕτως
3416 4523 3669 4593 ἐξέψυξεν
3710 4524 3993 4597 φθασάσης

2419 4614 2516 4682 τῆς
2546 4610 2745 4680 πίσσης
2778 4627 2842 4662 πε
2854 4611 3022 4689 ρὶτδν
3044 4611 3337 4681 τράχηλον.

3017 4721 3269 4775 ΚΕΦΛΛ.
3321 4724 3393 4775 Δ’.

2978 4812 3118 4881 Περὶ
3140 4812 3419 4881 Διδύμου.

2486 4906 2747 4960 Πλεῖστον
2804 4904 2903 4974 μὲν
2954 4900 3055 4963 οῦν,
3106 4904 3360 4975 σύστημα
3392 4905 3555 4975 χοροῦ
3598 4907 3755 4975 ἀγίου
3789 4908 3993 4980 ἀνδρῶν

2415 5016 2474 5053 τε
2506 4997 2903 5067 καὶγυναικῶν
2937 4996 3336 5066 ἐτελειώθησαν
3366 4998 3490 5051 τότε
3540 5000 3598 5052 ἐν
3639 5002 3704 5068 τῇ
3750 5001 3992 5067 Ἀλεξανο

2414 5090 2585 5161 δρέων
2652 5087 2974 5157 Ἐκκλησία,
3004 5084 3145 5152 ἄξιοι
3192 5088 3510 5157 εὑρεθέντες
3569 5089 3669 5159 τῆς
3714 5091 3817 5161 γῆς
3886 5092 3989 5147 τῶν

2416 5181 2655 5253 πραέων.
2697 5180 2787 5234 Ἐν
2813 5174 2893 5243 οἷς
2922 5178 3224 5233 τελειοῦται
3259 5181 3351 5233 καὶ
3400 5182 3427 5233 ό
3466 5182 3736 5252 μακάριος
3760 5182 3987 5255 Δίδυμος

2414 5275 2442 5328 ὁ
2475 5276 2824 5345 συγγραφεὺς
2858 5274 2886 5326 ό
2950 5272 3059 5326 ἀπὸ
3106 5272 3370 5343 ὀμμάτων
3424 5274 3733 5344 γενόμενος,
3786 5271 3847 5331 οῦ
3900 5280 3990 5334 καὶ

2418 5364 2705 5435 συντυχίας
2734 5363 2941 5435 ἔσχηκα
2965 5363 3261 5432 τέσσαρας,
3289 5364 3352 5415 ἐκ
3376 5363 3786 5433 διαλειμμάτων
3818 5369 3987 5439 άπερ-

2415 5457 2645 5529 χόμενος
2691 5454 2828 5527 πρὸς
2868 5453 3057 5506 αὑτὸν
3102 5453 3196 5506 ἐπ).
3242 5453 3373 5506 δέκα
3422 5452 3539 5524 ἐτη.
3592 5454 3903 5511 Τελειοῦται
3934 5460 3987 5513 δὲ

2420 5542 2594 5611 οὗτος,
2629 5544 2766 5599 ἐτῶν
2800 5544 3133 5614 ὀγδοήκοντα
3165 5542 3355 5597 πέντε.
3384 5535 3555 5606 Οὗτος
3592 5545 3686 5597 ἀπ’
3727 5548 3990 5617 ὀμμάτων

2418 5643 2685 5713 ὑπῆρχεν,
2716 5640 2792 5704 ὡς
2821 5639 2984 5703 αύτός
3041 5655 3133 5709 μοι
3160 5638 3484 5708 διηγήσατο,
3541 5640 3841 5710 τετραέτης
3892 5642 3987 5706 τὰς

2413 5734 2568 5803 ὄψεις
2616 5729 2927 5796 ἀποϐαλὼν,
3012 5730 3150 5799 μήτε
3204 5728 3551 5799 γραμμάτων
3634 5736 3984 5801 μεμαθηκὼς,

2422 5832 2556 5917 μήτε
2592 5825 2739 5896 παρὰ
2772 5821 3113 5884 διδασκάλοις
3137 5820 3395 5891 φοιτήσας
3414 5838 3426 5851 ·
3452 5817 3562 5891 εἶχε
3597 5820 3702 5894 γὰρ
3732 5823 3823 5876 τὸν
3854 5824 3985 5879 κατὰ
