4258 6358
362 424 504 478 10Ιῦ

1610 418 1922 477 HISTORIA
1965 418 2321 478 LAUSIACA.

3437 421 3575 480 1014

346 542 511 600 tiella:
556 541 882 613 eremiticai,
925 541 1138 599 circiter
1182 541 1368 612 quinto
1420 542 1488 593 ab
1526 540 1658 593 urbe
1713 537 1909 608 lapide.
1938 538 1994 598 Δ
2021 543 2079 591 tu
2139 518 2384 592 manebis
2424 551 2693 604 nunquam
2747 536 2969 593 biberis?
3012 536 3127 609 lpse
3168 545 3344 595 autem
3385 552 3419 596 ο
3444 542 3577 598 cella

964 678 1190 736 CAPUT
1224 677 1281 735 ll.

772 789 1055 845 Dorotltstts
1092 790 1170 861 (3)
1200 788 1485 843 Thebanus.

418 901 489 958 Et
512 916 599 959 me
625 902 789 958 tradit
814 902 1022 957 cuidam
1050 901 1314 956 Dorotlieo
1339 899 1680 957 exercitatori
1702 900 1914 956 Theba—

343 1010 420 1053 no
448 996 837 1063 sexagesimum
864 1010 1063 1050 annum
1087 995 1265 1065 agenti
1294 994 1348 1049 in
1374 995 1651 1064 spelunca,
1691 994 1912 1063 etjubet

344 1099 435 1141 me
461 1086 684 1153 implere
710 1086 847 1155 apud
876 1085 1047 1154 ipsum
1063 1095 1173 1140 tres
1196 1099 1362 1139 annos
1387 1083 1452 1138 ad
1476 1082 1768 1139 domandus
1800 1084 1915 1137 ani-

343 1177 421 1231 mi
452 1177 872 1245 perturbationes
909 1175 1131 1248 (sciebat
1168 1176 1311 1232 enim
1358 1190 1540 1231 senem
1565 1190 1722 1246 agerc
1750 1176 1911 1231 vitam

342 1269 631 1323 admodum
653 1268 840 1322 duram
872 1277 925 1323 et
948 1269 1237 1338 asperam),
1261 1276 1315 1324 et
1346 1277 1619 1338 postquam
1651 1283 1909 1324 annorum

340 1373 624 1413 numerum
640 1359 966 1426 implessem,
994 1373 1176 1415 rursus
1195 1358 1260 1414 ad
1281 1373 1402 1413 eum
1426 1368 1742 1428 reverterer,
1766 1374 1913 1413 inan-

339 1448 489 1503 davit
512 1449 582 1503 ob
599 1448 858 1517 reliquam
881 1450 1175 1505 doctrinam
1203 1450 1515 1518 spiritalem.
1573 1448 1703 1505 Cum
1731 1459 1909 1505 autem

222 1554 225 1555 '
340 1555 451 1594 non
500 1541 790 1608 potuissem
828 1542 968 1610 apud
1007 1556 1129 1597 eum
1182 1542 1402 1609 implere
1451 1557 1729 1598 numerum
1753 1543 1910 1598 trium

340 1643 628 1697 annorum,
706 1645 774 1689 eo
831 1633 979 1704 quod
1042 1633 1097 1688 in
1168 1633 1418 1689 morbum
1485 1632 1788 1689 incidissem
1818 1649 1911 1689 ve-

341 1717 680 1782 hementem,
730 1719 797 1771 ab
826 1734 891 1772 eo
918 1721 1116 1775 recessi
1147 1731 1267 1775 ante
1307 1730 1513 1791 tempus
1538 1726 1910 1792 praestitutum.

340 1806 473 1860 Erat
498 1808 639 1861 enim
662 1806 775 1874 ejus
799 1808 920 1862 vita:
945 1810 1084 1863 ratio
1107 1809 1261 1879 longe
1304 1814 1619 1880 asperrima,
1671 1814 1908 1882 squalida

2015 641 2284 696 egressus,
2307 641 2430 683 cum
2481 641 2578 698 per
2624 643 2684 684 se
2709 628 2994 695 hausisset,
3025 628 3159 683 bibit
3180 628 3417 699 jejunus,
3453 646 3577 688 cum

2014 718 2162 787 prius
2186 717 2460 789 signaculo
2498 720 2674 774 crucis
2717 718 3016 781 muniisset,
3057 726 3117 773 .et
3154 719 3423 776 dixisset:
3476 721 3580 779 llbl

2011 819 2141 862 crux
2159 805 2312 863 adest
2334 807 2441 879 (7),
2471 806 2582 863 illic
2600 806 2959 863 viribuscaret
2993 808 3191 864 diaboli
3221 810 3551 880 improbitas.

2617 897 2843 955 CAPUT
2871 900 2962 955 Ill.

2274 990 2403 1046 Actu
2425 999 2472 1045 et
2500 992 2839 1060 temperantia
2868 989 3196 1049 Potentiorum
3221 992 3339 1065 (8).
3450 992 3451 995 “

2083 1080 2279 1136 Beatus
2300 1096 2429 1151 ergo
2457 1082 2689 1136 Isidorus
2715 1080 3080 1149 xenodochus,
3109 1085 3200 1153 qui
3226 1083 3437 1141 beatum
3468 1088 3576 1144 An-

2015 1172 2215 1226 tonium
2245 1183 2588 1239 convenerat,
2618 1176 2854 1228 narravit
2879 1174 3033 1239 mihi,
3061 1189 3121 1231 se
3149 1176 3218 1233 ab
3244 1191 3310 1234 eo
3336 1179 3577 1235 audivis-

2010 1278 2071 1321 se
2099 1280 2212 1319 rem
2240 1264 2456 1335 dignam
2484 1280 2602 1334 qua:
2625 1266 2905 1321 mandetur
2926 1266 3140 1322 litteris.

2084 1355 2417 1411 Potamimna
2444 1360 2685 1427 quadarn
2714 1356 2887 1424 puella
2911 1357 3316 1426 formosissima,
3339 1366 3577 1430 tempore

2009 1444 2279 1501 Maximini
2302 1447 2653 1515 persecutoris
2677 1444 2778 1501 fuit
2796 1446 2986 1501 ancilla
3005 1448 3279 1516 cujusdam
3313 1450 3576 1518 intempe—

2008 1536 2176 1590 rantis
2202 1546 2259 1591 et
2277 1536 2564 1591 libidinosi.
2614 1537 2782 1603 Quam
2806 1553 2931 1592 cum
2958 1538 3182 1593 multum
3213 1550 3474 1609 rogasset,
3520 1552 3577 1597 et

2009 1625 2062 1681 ei
2090 1626 2235 1681 varia
2256 1627 2589 1695 promisisset
2606 1628 2721 1697 ejus
2732 1627 3002 1693 dominus,
3024 1643 3141 1682 eam
3164 1644 3270 1683 non
3294 1632 3461 1697 potuit
3477 1632 3573 1687 de-

2010 1715 2209 1784 cipere.
2235 1714 2352 1780 Quo
2376 1716 2574 1771 factum
2614 1725 2699 1772 est
2723 1726 2783 1772 ut
2805 1718 2850 1772 is
2872 1717 3083 1772 tandem
3112 1718 3290 1774 furore
3318 1722 3571 1789 percitus,

2010 1822 2127 1863 eam
2191 1810 2425 1864 traderet
2498 1808 2748 1878 prafecto
2832 1810 3197 1865 Alexandrino
3275 1812 3356 1882 (9)
3387 1854 3404 1880 ,
3484 1814 3573 1882 qui

338 1908 394 1953 et
423 1903 577 1967 plane
617 1899 784 1955 arida.
827 1901 963 1956 Toto
993 1903 1133 1957 enim
1183 1905 1291 1971 die,
1341 1913 1498 1975 atque
1543 1908 1677 1963 adeo
1713 1909 1765 1962 in
1792 1910 1908 1979 ipso
1936 1886 1984 1949 Β
2008 1907 2125 1955 erat
2167 1915 2233 1955 eo
2280 1908 2524 1969 tempore
2554 1938 2571 1963 ,
2617 1913 2863 1972 tanquam
2889 1902 3239 1957 Christianam
3271 1943 3287 1969 ,
3350 1912 3405 1960 et
3456 1921 3573 1975 qum

338 1997 473 2043 aestu
502 1989 761 2054 meridiei,
817 1993 869 2047 in
900 1993 1183 2050 solitudine
1218 2010 1338 2065 quae
1364 2005 1446 2052 est
1494 2007 1710 2068 propter
1738 2016 1904 2071 mare,

340 2079 425 2132 col
450 2078 627 2147 igebat
651 2079 871 2150 lapides.
901 2092 955 2138 et
979 2098 1044 2138 ex
1072 2085 1154 2141 eis
1182 2100 1394 2157 semper
1407 2090 1695 2158 seditiosus,
1727 2103 1780 2148 et
1800 2094 1908 2149 cel-

338 2171 420 2226 las
457 2173 677 2239 iaciens,
730 2188 821 2229 eas
848 2177 1073 2232 cedebat
1119 2180 1185 2235 iis
1222 2182 1309 2251 qui
1340 2195 1444 2238 non
1474 2193 1717 2253 poterant
1738 2188 1908 2242 aedili-

335 2275 480 2326 care,
504 2262 729 2330 singulis
764 2266 917 2319 annis
942 2267 1129 2321 cellam
1155 2268 1378 2327 faciens.
1424 2271 1556 2329 (‘um
1603 2285 1779 2332 autem
1809 2294 1908 2349 ego

337 2355 623 2423 aliquando
646 2356 769 2411 huic
799 2366 985 2415 sancto
1012 2361 1265 2418 dixissem
1299 2382 1313 2417 :
1363 2365 1499 2433 Quid
1539 2367 1674 2439 agis,
1725 2369 1904 2438 Pater,

338 2447 391 2499 in
419 2454 563 2500 tanta
591 2457 869 2504 senectute
898 2452 1273 2520 corpusculum
1314 2463 1460 2511 tuum
1490 2460 1740 2515 occidens
1765 2463 1908 2516 calo-

337 2534 489 2589 ribus
517 2534 932 2593 intolerabilibus
950 2540 975 2592 τ
1017 2540 1311 2610 Respondit
1340 2546 1489 2611 mihi,
1514 2547 1697 2604 dicens
1728 2566 1743 2603 :
1772 2550 1906 2607 illud

341 2639 427 2675 me
454 2624 674 2691 occidit,
704 2641 803 2695 ego
821 2642 1030 2699 quoque
1053 2632 1223 2700 ipsum
1271 2635 1529 2692 occidam.
1583 2638 1908 2697 Comedebat

334 2723 514 2768 autem
541 2715 761 2783 singulis
781 2717 967 2774 diebus
993 2734 1086 2777 sex
1114 2725 1293 2780 uncias
1308 2728 1478 2795 panis,
1503 2738 1557 2783 et
1584 2730 1903 2787 minutorum

334 2805 541 2858 olerum
583 2804 894 2862 fasciculum
944 2810 1057 2881 (4);
1102 2827 1254 2882 aqua:
1280 2826 1455 2871 autem
1494 2818 1705 2873 bibebat
1733 2823 1905 2876 modi-

334 2909 458 2948 cam
486 2894 634 2962 quid.
685 2897 849 2951 Deum
891 2908 1069 2955 autem
1129 2911 1296 2957 testor
1346 2919 1433 2959 me
1471 2921 1740 2977 nunquam
1784 2923 1903 2964 eum

334 2984 650 3050 cognovi5se
679 2987 841 3055 pedes
868 2990 1194 3055 extendisse,
1238 3006 1343 3047 non
1388 2993 1563 3050 dedita
1593 3011 1754 3066 Opera
1782 2998 1905 3054 dor-

338 3074 521 3128 miisse
546 3074 600 3128 in
626 3084 763 3142 toro,
793 3085 884 3129 aut
906 3092 1067 3146 super
1092 3080 1318 3149 lectum;
1348 3083 1442 3138 sed
1474 3098 1567 3151 per
1610 3094 1771 3140 totam
1805 3103 1903 3143 no-

335 3171 477 3215 ctem
512 3161 707 3217 sedens
737 3166 1053 3225 contexebat
1089 3170 1264 3224 lunem
1292 3186 1355 3225 ex
1389 3176 1546 3229 ramis
1577 3174 1656 3243 (5)
1699 3178 1896 3245 palma-

2009 1998 2250 2059 tempora
2317 2000 2373 2045 et
2439 1991 2789 2059 imperatores
2854 1994 3206 2048 insectaretur
3275 1994 3572 2051 maledictis

2009 2087 2225 2150 propter
2290 2081 2713 2149 persecutiones;
2789 2081 3056 2151 pollicitus
3106 2098 3165 2139 se
3211 2084 3261 2139 ei
3321 2100 3564 2155 magnam

2007 2171 2244 2240 pecunia:
2275 2174 2379 2225 vim
2417 2179 2663 2226 daturum
2688 2172 2758 2227 ob
2781 2172 2898 2241 ejus
2919 2172 3295 2237 calamitatem.
3336 2177 3520 2231 dicens
3554 2193 3569 2231 :

2007 2260 2063 2314 Si
2091 2259 2143 2315 ci
2168 2263 2494 2331 persuaseris
2521 2270 2579 2317 ut
2607 2278 2729 2318 meo
2764 2263 3031 2320 desiderio
3067 2267 3410 2333 assentiatur,
3448 2282 3567 2323 eam

2020 2350 2230 2405 custodi
2262 2351 2408 2407 nullo
2434 2352 2675 2408 alii-ctam
2696 2354 2973 2423 supplicio.
3020 2355 3171 2422 Quod
3197 2357 3242 2411 si
3291 2360 3571 2414 mansisset

2006 2442 2058 2497 in
2088 2457 2150 2497 ea
2177 2457 2334 2512 quam
2362 2444 2429 2498 ab
2469 2445 2621 2498 initio
2648 2446 2951 2501 ostenderat
2979 2448 3306 2512 austeritate,
3353 2452 3563 2519 rogavit

2008 2541 2067 2588 ut
2097 2546 2161 2588 ea
2189 2534 2451 2603 supplicio
2489 2534 2673 2590 affecta
2717 2548 3029 2603 moreretur,
3081 2554 3171 2604 ne,
3218 2540 3422 2608 dicens,
3452 2544 3567 2598 viva

2008 2638 2179 2677 meam
2209 2623 2427 2677 irrideat
2452 2624 2929 2693 intemperantiam.
2966 2629 3223 2684 Producta
3247 2641 3423 2686 autem
3444 2643 3567 2689 ante

2008 2711 2234 2768 tribunal
2264 2714 2415 2783 virgo
2438 2711 2617 2781 fortis,
2679 2716 2905 2772 diversis
2951 2718 3017 2772 ad
3049 2734 3232 2787 pinnas
3278 2723 3566 2778 sumendas

2006 2803 2326 2872 comparatis
2364 2804 2750 2869 instrumentis,
2790 2821 3013 2875 corpore
3040 2810 3136 2862 iuit
3163 2812 3485 2882 excruciata,
3512 2823 3566 2869 et

2007 2890 2262 2947 adversus
2293 2892 2486 2946 multas
2516 2908 2576 2947 ac
2609 2897 2780 2948 varias
2831 2898 3066 2952 rationes
3109 2909 3286 2953 mente
3317 2909 3563 2969 tanquam

2008 2980 2169 3034 turris
2192 2980 2345 3034 ﬁrma
2376 2996 2439 3035 ac
2463 2982 2667 3037 stabilis
2691 2986 2990 3039 resistebat.
3033 2986 3176 3041 lnter
3217 2989 3566 3046 instrumenta

2006 3080 2182 3124 autem
2213 3071 2613 3140 suppliciorum,
2635 3074 2903 3129 crudelius
2927 3076 3193 3145 quoddam
3216 3080 3423 3133 ctetcris
3452 3089 3565 3134 tor-

2010 3171 2245 3216 mentum
2278 3162 2348 3217 ah
2375 3178 2440 3218 eo
2462 3165 2551 3234 qui
2580 3174 2703 3220 tunc
2729 3176 2844 3221 erat
2868 3168 3033 3236 judex
3056 3168 3323 3225 inventum
3346 3181 3448 3227 est.
3471 3173 3565 3229 Ju-

336 3265 479 3317 rum,
505 3261 561 3305 ut
580 3265 646 3305 ex
668 3267 737 3308 eo
756 3255 859 3309 sibi
892 3257 1089 3311 victum
1116 3269 1344 3325 pararet.
1368 3260 1499 3314 Cum
1524 3244 1894 3333 autemisuspi-
1920 3244 1965 3305 ο
1999 3251 2241 3307 δειθυῖηι
2265 3268 2511 3323 ωθεηυω
2531 3257 2756 3310 Ιθδθῑοηι
2782 3259 2899 3325 Dice
2918 3261 3176 3327 rePhilum
3204 3264 3555 3318 "chemem‘s-

336 3356 493 3398 earer
521 3359 665 3412 eum,
714 3360 836 3400 cum
868 3347 1111 3402 adessem
1139 3350 1494 3420 solummodo,
1528 3362 1630 3407 tam
1660 3364 1896 3412 extrema

338 3449 491 3488 usum
522 3450 643 3490 esse
670 3438 1070 3503 exercitatione,
1103 3439 1405 3495 sciscitatus
1427 3459 1541 3498 sum
1570 3453 1628 3499 ut
1649 3448 1837 3502 scirem
1869 3465 1897 3503 a

336 3523 698 3591 compluribus
717 3526 833 3595 ejus
854 3527 1146 3597 discipulis,
1170 3545 1235 3585 an
1268 3542 1519 3601 perpetuo
1539 3546 1774 3592 uteretur
1794 3548 1899 3592 tam

334 3623 581 3666 accurata
604 3625 900 3684 exactaque
928 3621 1310 3677 exercitatione
1361 3642 1374 3678 :
1415 3626 1503 3693 qui
1552 3627 1761 3694 quidem
1791 3644 1899 3683 ma-

334 3703 533 3757 nebant
553 3704 656 3773 ipsi
682 3721 891 3777 quoque
910 3708 1163 3779 deinceps
1188 3725 1451 3779 seorsum,
1508 3730 1566 3769 se
1588 3727 1733 3770 recte
1753 3727 1805 3771 et
1826 3734 1893 3773 ex

332 3795 528 3850 virtute
554 3806 821 3865 gerentes.
854 3798 917 3854 lli
938 3802 1068 3855 mihi
1095 3802 1342 3859 dixerunt
1391 3807 1531 3874 quod
1575 3822 1603 3860 a
1629 3808 1898 3875 juvci-tute

333 3884 497 3937 vitam
518 3900 668 3941 suam
696 3886 771 3941 ita
803 3889 1064 3957 instituit,
1093 3907 1361 3962 nunquam
1393 3896 1567 3950 dedita
1595 3912 1755 3966 opera
1778 3902 1899 3953 dor-

331 3973 503 4029 miens
533 3976 634 4029 nisi
677 3978 815 4046 quod
856 3978 995 4035 inter
1031 3984 1354 4049 operantium
1385 3986 1465 4039 vel
1512 3989 1896 4043 comedendum

331 4062 615 4130 aliquando
643 4067 958 4121 convivcbat
1003 4070 1173 4124 oculis
1202 4070 1463 4140 deiectis;
1508 4076 1641 4130 adeo
1671 4087 1726 4130 ut
1756 4091 1897 4146 smpe

333 4154 488 4219 panis
516 4170 726 4224 quoque
756 4156 836 4228 (6)
867 4174 930 4211 ex
948 4160 1063 4229 ejus
1092 4175 1187 4216 ore
1217 4164 1483 4218 excideret
1510 4181 1633 4221 esus
1660 4176 1896 4233 tempore

333 4252 551 4309 propter
580 4245 799 4307 nimiam
832 4246 1285 4304 dormitationem.
1317 4253 1449 4306 Cum
1482 4268 1655 4309 autem
1679 4273 1776 4326 ego
1800 4260 1895 4313 ali-

329 4331 542 4398 quando
566 4347 806 4401 cogerem
861 4336 1001 4392 liunc
1041 4352 1277 4393 sanctum
1306 4345 1569 4407 paululum
1588 4347 1766 4414 jacere
1805 4366 1897 4403 su-

332 4434 426 4485 per
454 4428 707 4488 stoream,
739 4438 879 4493 azgre
909 4426 1083 4481 ferens
1100 4429 1223 4482 mihi
1251 4430 1385 4483 dixit
1411 4448 1425 4485 :
1454 4432 1507 4486 Si
1538 4437 1747 4502 quando
1775 4452 1896 4505 per-

331 4510 567 4565 suaseris
594 4512 800 4581 angelis
825 4522 881 4567 ut
908 4514 1175 4572 dormiant
1244 4529 1354 4574 tum
1404 4522 1611 4579 virtutis
1658 4528 1894 4583 studioso

327 4614 540 4667 quoque
566 4604 913 4669 persuaseris.

401 4689 639 4754 Quodam
670 4701 843 4746 autem
873 4693 958 4748 die
994 4700 1058 4749 ad
1092 4706 1304 4764 puteum
1334 4713 1485 4755 suum
1516 4717 1601 4757 me
1632 4704 1773 4759 misit
1798 4707 1896 4761 cir-

328 4793 392 4832 ca
416 4780 599 4834 heram
628 4796 840 4848 nonam,
868 4795 924 4837 ut
951 4786 1226 4854 implerem
1250 4791 1463 4858 cadum,
1491 4809 1597 4863 quo
1617 4810 1683 4849 eo
1729 4797 1779 4851 in
1806 4814 1890 4853 re-

327 4868 558 4925 fectione
614 4882 853 4927 uteretur
923 4891 1042 4930 cum
1102 4877 1320 4935 instaret
1372 4882 1498 4937 hora
1534 4886 1634 4940 cibi
1674 4889 1890 4957 capien-

327 4961 404 5015 di.
456 4962 660 5018 Accidit
706 4974 879 5019 autein
930 4976 986 5020 ut
1030 4984 1149 5023 cum
1203 4975 1543 5030 accessissem
1576 5017 1591 5043 ,
1656 4978 1790 5032 infra
1836 4981 1887 5034 in

330 5061 491 5119 puteo
521 5051 753 5107 viderem
802 5056 1061 5123 aspidem,
1120 5070 1173 5114 et
1223 5076 1331 5130 pra:
1381 5074 1522 5120 metu
1557 5082 1745 5135 aquam
1790 5070 1891 5123 mi-

325 5141 469 5195 nime
524 5138 813 5202 baurirem.
869 5144 961 5198 sed
1004 5149 1266 5202 currendo
1317 5167 1556 5207 reversus
1590 5158 1636 5209 ei
1684 5159 1890 5212 nuntia-

324 5244 462 5295 rem,
488 5230 670 5285 dicens
706 5248 718 5283 :
753 5234 1030 5300 Periimus,
1055 5238 1210 5303 abba,
1246 5241 1350 5293 vidi
1380 5244 1519 5296 enim
1551 5245 1785 5311 aspidem
1813 5248 1893 5301 in-

322 5316 488 5371 ferius
513 5319 561 5373 in
591 5331 769 5388 puteo.
815 5323 905 5377 llle
928 5333 1103 5380 autem
1153 5327 1371 5386 honeste
1408 5334 1708 5401 subridens,
1757 5353 1888 5406 quo-

323 5410 464 5463 niam
491 5413 591 5466 mei
640 5429 880 5482 magnam
911 5418 1139 5474 habebat
1163 5422 1444 5489 rationem,
1491 5435 1545 5480 et
1572 5438 1729 5498 caput
1757 5446 1884 5499 qna-

323 5500 485 5565 tiens,
529 5503 659 5557 dixit
693 5521 706 5557 :
760 5506 814 5560 Si
848 5509 1016 5562 tisum
1051 5508 1206 5566 fuerit
1233 5512 1442 5569 diabolo
1470 5516 1521 5570 in
1550 5533 1760 5574 omnem
1784 5536 1882 5589 pu-

324 5601 463 5645 teum
493 5595 709 5657 injicere
736 5609 1011 5667 serpentes
1036 5642 1050 5665 ,
1084 5611 1137 5657 et
1158 5604 1389 5671 aspides.
1442 5609 1524 5663 vel
1571 5614 1879 5680 testudines,

317 5692 407 5737 aut
445 5684 545 5738 alia
568 5698 822 5749 venenata
845 5692 1109 5759 animalia,
1126 5695 1176 5749 in
1199 5712 1383 5753 omnes
1407 5698 1580 5757 fontes
1606 5720 1879 5775 aquarum,

1921 4596 1976 4654 D

2000 3342 2136 3397 simo
2158 3344 2279 3412 igne
2300 3346 2539 3399 accendi.
2562 3345 2693 3401 Cum
2710 3347 2929 3402 bulliret
2947 3364 3079 3417 ergo
3103 3351 3188 3418 pix
3211 3360 3264 3404 et
3292 3353 3445 3408 valde
3473 3370 3560 3407 ar-

2001 3433 2169 3497 deret,
2217 3447 2504 3488 conversus
2524 3435 2589 3487 ad
2616 3436 2759 3489 illam
2791 3438 2997 3491 beatam
3027 3452 3202 3493 saevus
3229 3456 3445 3508 preses,
3477 3443 3559 3496 di-

2001 3524 2078 3578 xit
2106 3541 2118 3576 :
2152 3525 2275 3589 Abi,
2301 3540 2425 3593 pare
2451 3526 2705 3579 voluntati
2735 3526 2934 3581 domini
2977 3528 3085 3594 tui;
3134 3531 3352 3599 alloqui,
3386 3540 3443 3585 ut
3470 3531 3554 3590 in-

2002 3615 2226 3684 telligas,
2242 3616 2401 3684 jubeo
2422 3626 2473 3670 te
2493 3617 2705 3671 devolvi
2729 3616 2781 3670 in
2807 3616 3055 3672 lebetem.
3079 3618 3170 3672 Illa
3191 3634 3318 3675 vero
3335 3635 3557 3687 respon-

2000 3704 2103 3765 dit,
2124 3704 2307 3757 diccns
2333 3722 2345 3756 :
2377 3705 2529 3760 Absit
2575 3713 2632 3759 ut
2671 3705 2741 3759 sit
2777 3705 2937 3773 judex
2961 3707 3095 3761 adeo
3124 3708 3334 3777 iniquus
3353 3712 3441 3779 qui
3469 3726 3558 3767 me

1995 3796 2179 3865 jubeat
2201 3810 2387 3863 parere
2413 3796 2615 3850 libidini
2630 3805 2685 3851 et
2710 3798 3150 3868 intemperantiae.
3173 3800 3263 3855 ltle
3284 3801 3459 3871 itaque
3480 3802 3565 3855 [ιιι

2000 3900 2121 3939 rore
2152 3886 2403 3953 percitus,
2453 3886 2605 3954 jubet
2626 3902 2742 3940 eam
2764 3889 2908 3951 exui,
2956 3897 3011 3942 et
3052 3889 3105 3941 in
3133 3889 3359 3943 lebeteiu
3390 3890 3557 3958 injit'i.

2004 3975 2091 4029 Illa
2118 3991 2245 4030 vero
2270 3990 2453 4031 vocem
2480 3978 2693 4040 emittit,
2740 3978 2921 4031 dicens
2954 3996 2967 4030 :
3019 3977 3123 4032 Per
3150 3990 3306 4045 caput
3336 3979 3559 4047 impera-

2002 4068 2131 4119 toris
2165 4066 2278 4137 (l0)
2309 4082 2463 4136 quem
2492 4076 2545 4121 tu
2574 4069 2748 4132 times,
2774 4069 2818 4121 si
2847 4069 3075 4122 statuisti
3096 4070 3173 4123 sic
3189 4084 3275 4123 me
3300 4070 3560 4138 supplicio

1999 4158 2235 4222 atﬁcere,
2260 4172 2326 4210 ne
2357 4157 2581 4226 jusseris
2611 4173 2694 4212 me
2713 4159 2868 4225 exui;
2921 4161 3011 4212 sed
3044 4160 3170 4227 jube
3193 4175 3279 4214 me
3310 4163 3558 4226 iau'atim

2000 4247 2054 4300 in
2087 4248 2252 4314 picem
2283 4245 2575 4299 ferventem
2603 4247 2829 4312 demitti,
2859 4256 2917 4301 ut
2941 4234 3119 4301 videas
3144 4260 3391 4316 quantam
3425 4253 3553 4305 milii

2003 4338 2227 4405 largitus
2270 4347 2350 4390 est
2379 4338 2685 4405 patientiam
2724 4338 2961 4391 Christus
3003 4354 3161 4408 quem
3219 4348 3272 4392 tu
3324 4340 3558 4408 ignoras.

1997 4428 2122 4493 Qum
2166 4428 2246 4479 sic
2291 4427 2541 4493 paulatim
2586 4427 2814 4481 demissa
2862 4429 3033 4495 spatio
3083 4431 3240 4481 trium
3280 4429 3553 4496 horarum,

1996 4518 2171 4574 emisit
2219 4518 2465 4586 spiritu‘m
2493 4533 2610 4572 cum
2639 4519 2721 4586 pix
2749 4518 3078 4586 pervenisset
3097 4519 3163 4572 ad
3190 4518 3307 4589 ejus
3330 4520 3550 4574 collum.

2598 4607 2823 4662 CAPUT
2849 4609 2935 4662 IV.

2442 4699 2552 4753 Vita
2579 4700 2596 4730 ¹
2632 4699 2835 4769 Didymi
2860 4699 3129 4769 (1|)orbt'.

2068 4791 2330 4845 Plurimus
2352 4806 2474 4859 ergo
2499 4798 2666 4845 cmtus
2686 4799 2989 4843 sanctorum
3014 4790 3247 4845 virorum
3277 4801 3331 4846 et
3360 4794 3551 4849 mulie-

1998 4900 2114 4938 rum
2138 4892 2262 4938 tunc
2289 4884 2385 4937 fuit
2412 4890 2804 4937 consummatus
2838 4880 2891 4934 in
2920 4882 3145 4936 ecclesia
3175 4885 3548 4954 Alexandrina,

1993 4976 2080 5045 qui
2112 4984 2237 5029 sunt
2266 4974 2460 5029 inventi
2481 4972 2626 5041 digni
2658 4980 2796 5026 terra
2826 4973 3050 5027 mitium.
3092 4972 3235 5028 Inter
3260 4989 3393 5043 quos
3420 4989 3519 5029 con

1995 5074 2288 5120 summatur
2370 5068 2535 5123 etiam
2605 5063 2797 5120 beatus
2866 5062 3096 5132 scriptor
3176 5064 3429 5134 Didymus
3457 5080 3547 5134 qui

1993 5162 2091 5215 fuit
2115 5160 2273 5215 orbus
2300 5158 2434 5230 (i2).
2464 5158 2595 5212 Cum
2618 5174 2721 5227 quo
2736 5159 2830 5212 fuit
2856 5159 2983 5212 mihi
3012 5167 3195 5228 quater
3214 5162 3543 5230 congressio,

1991 5267 2112 5306 cum
2138 5251 2319 5304 decem
2356 5263 2614 5302 annorum
2660 5247 2939 5316 interjecto
2980 5250 3255 5303 intervallo
3304 5251 3369 5304 ad
3424 5266 3546 5306 eunt

1989 5342 2375 5413 proﬁciscerer.
2432 5338 2481 5393 la
2532 5346 2703 5393 autem
2762 5349 3158 5393 consummatur
3186 5350 3337 5394 natus
3381 5356 3549 5397 annos

1992 5435 2254 5502 octoginta
2283 5431 2535 5501 quinque.
2566 5430 2687 5484 Fuit
2706 5436 2883 5485 autem
2911 5432 2955 5485 is
2983 5432 3163 5499 orbus,
3222 5444 3277 5486 ut
3304 5434 3394 5501 qui
3427 5449 3544 5487 cum

1992 5532 2134 5579 esset
2156 5530 2383 5591 quatuor
2433 5534 2602 5574 annos
2625 5528 2799 5585 natus,
2839 5519 3021 5574 oculos
3048 5524 3148 5574 ami
3181 5522 3304 5587 erit,
3348 5530 3407 5576 ut
3434 5522 3546 5591 ipse

1995 5615 2122 5669 mihi
2146 5628 2324 5667 narrat
2338 5612 2377 5666 it
2397 5628 2411 5676 ;
2430 5619 2484 5666 et
2504 5624 2675 5678 neque
2698 5610 2900 5665 litteras
2914 5610 3116 5677 didicit,
3136 5627 3307 5679 neque
3327 5612 3546 5667 ventita-

1992 5709 2063 5761 vit
2088 5706 2152 5761 ad
2183 5713 2550 5775 prmecptorcs.
2568 5701 2803 5759 llabebat
2826 5702 2968 5759 enim
2990 5702 3278 5761 secundum
3301 5712 3542 5761 naturain

401 5794 414 5825 ‘
443 5798 539 5857 llic
567 5800 821 5874 Didymus
852 5806 1000 5865 initio
1028 5811 1307 5869 sanctitate
1339 5823 1388 5872 et
1419 5816 1653 5876 doctrina
1684 5822 1879 5888 clarus,
1921 5823 1986 5881 ad
2008 5831 2326 5892 extremum,
2357 5823 2673 5894 Otigcuista.
