4258 6358
768 399 906 455 {lilii

2232 401 2548 461 PALLAllIl

3881 419 4039 479 10Ιὸ

776 536 1085 609 magistram
1114 536 1316 591 ilrmam
1352 549 1415 591 ac
1435 534 1685 601 validam,
1744 536 2008 605 propriam
2049 534 2329 589 conscien-
2362 533 2411 591 Δ
2440 544 2573 585 ncns
2603 529 2798 595 linum;
2842 531 3060 600 reliquis
3084 544 3260 589 autem
3292 535 3437 591 horis
3477 548 3656 594 mente
3695 541 3911 595 revolvo
3934 544 4026 597 vi-

776 636 922 688 tiant.
953 633 1117 688 Tanta
1143 642 1318 687 autem
1348 632 1604 703 spiritalis
1631 631 1943 699 cognitionis
1972 631 2068 684 fuit
2102 642 2334 684 exorna-

776 737 861 781 tus
895 728 1063 797 gratia
1094 766 1109 791 ,
1158 736 1213 780 ut
1262 740 1440 780 revera
1471 724 1783 793 impleretur
1824 725 1874 777 in
1926 737 1991 778 eo
2016 727 2156 792 quod
2198 727 2326 779 scri-

777 825 923 885 ptum
972 824 1055 871 est
1106 833 1118 868 :
1172 814 1425 870 Dominus
1470 814 1730 868 illuminat
1779 813 1896 881 (13)
1944 828 2116 868 cmcos
2162 813 2331 885 (Ριιι.

775 909 952 980 cnv).
979 909 1142 963 Vetus
1165 908 1306 962 enim
1337 916 1391 961 et
1420 922 1611 961 novum
1642 905 2035 960 Testamentum
2076 906 2335 973 interpre-

775 1000 980 1053 tabatur
1013 996 1079 1052 ad
1128 997 1347 1051 verbum
1401 1011 1413 1046 :
1460 995 1703 1064 dogmata
1750 1004 1928 1048 autem
1968 994 2233 1049 subtiliter
2280 1005 2335 1050 et

772 1102 877 1145 tam
900 1098 1115 1144 strenue
1138 1086 1459 1158 exponebat,
1484 1096 1540 1141 ut
1565 1100 1752 1142 omnes
1772 1095 1981 1142 veteres
2003 1086 2219 1148 scientia
2245 1102 2335 1142 su-

771 1180 986 1249 perarit.

839 1270 886 1323 ls
923 1284 1043 1324 cum
1072 1268 1351 1339 aliquando
1382 1282 1466 1322 me
1492 1277 1707 1339 cogeret
1756 1269 1811 1323 in
1840 1268 1974 1323 cella
2004 1268 2177 1324 facere
2207 1282 2330 1325 ora-

768 1364 991 1426 tionem,
1022 1376 1121 1430 ego
1150 1371 1324 1415 autem
1354 1360 1575 1427 nollem,
1608 1360 1737 1415 mihi
1763 1362 1897 1415 dixit
1931 1376 2153 1415 narrans
2186 1380 2199 1415 :
2230 1363 2336 1417 Ter

768 1454 819 1508 in
846 1453 983 1506 hanc
1007 1452 1198 1504 cellam
1227 1451 1494 1520 ingressus
1524 1460 1607 1505 est
1635 1452 1818 1506 beatus
1846 1451 2128 1517 Antonius,
2160 1461 2215 1505 ut
2246 1467 2331 1506 me

764 1546 984 1605 viseret;
1016 1542 1102 1608 qui
1135 1557 1163 1593 a
1198 1554 1284 1594 me
1314 1551 1525 1609 rogatus
1553 1550 1613 1594 ut
1640 1540 1839 1595 faceret
1867 1542 2182 1604 orationem,
2226 1550 2333 1594 sta-

765 1633 855 1685 tim
880 1647 1015 1700 genu
1041 1631 1188 1684 llexit
1219 1631 1267 1682 in
1292 1630 1387 1683 hac
1416 1629 1569 1692 cella,
1602 1644 1773 1698 neque
1804 1631 2071 1684 commisit
2111 1639 2165 1683 ut
2194 1630 2331 1698 quod

761 1724 1002 1777 dixeram
1050 1723 1239 1775 iterum
1288 1730 1605 1788 repeterem,
1658 1735 1719 1774 re
1749 1719 1860 1787 ipsa
1889 1718 2101 1787 quidem
2134 1720 2331 1773 docens

760 1812 812 1865 in
841 1810 1160 1865 ubedientia.
1192 1811 1365 1874 Quare
1416 1810 1457 1863 si
1494 1818 1547 1862 tu
1578 1823 1785 1877 quoque
1813 1808 1927 1877 ejus
1959 1810 2080 1861 vita:
2114 1811 2331 1877 vestigia

2441 630 2545 674 tam
2577 630 2879 675 sanctorum
2912 621 3149 687 Patrum,
3190 632 3244 678 et
3287 627 3726 694 patriarcharum,
3758 638 3811 683 et
3838 644 4025 685 certa-

2441 712 2582 765 mina
2639 712 2913 766 beatorum
2968 713 3362 780 apustolorum,
3412 725 3465 771 et
3509 718 3907 786 prophetarum,
3965 732 4025 776 et

2441 811 2753 870 martyrum.
2782 802 3068 871 Postquam
3099 813 3273 858 autem
3305 806 3603 861 adventarit
3624 824 3865 877 vespera,
3894 828 4027 865 cum

2440 890 2718 945 Dominum
2762 906 2938 946 meum
2987 895 3376 962 glorilicavero,
3420 898 3596 951 cibum
3631 914 3781 968 panis
3826 916 4017 967 capio,

2437 982 2690 1051 plurimas
2732 984 2890 1039 horas
2933 988 3104 1039 noctis
3154 1001 3500 1054 perseverans
3544 990 3596 1042 in
3643 994 3904 1058 oratione,
3953 1004 4019 1047 et

2439 1080 2595 1133 linem
2641 1090 2977 1149 exspectans.
3028 1082 3240 1149 quando
3295 1084 3416 1137 hinc
3455 1084 3717 1138 dissolvar
3758 1100 3880 1139 cum
3913 1101 4020 1155 spe

2438 1166 2593 1233 bona,
2629 1179 2683 1223 et
2710 1171 2980 1238 apparebo
3002 1182 3125 1225 ante
3149 1170 3338 1227 faciem
3360 1171 3553 1227 Christi
3583 1174 3700 1227 Dei.

2506 1260 2619 1315 Non
2654 1263 3049 1329 praetermittam
3081 1273 3255 1319 autem
3295 1263 3348 1317 in
3394 1266 3701 1321 narratione
3740 1281 3834 1321 eos
3860 1284 4001 1336 quo.

2436 1365 2539 1417 que
2566 1352 2652 1418 qui
2684 1352 2755 1405 ita
2790 1353 3058 1418 vixerunt,
3086 1364 3141 1406 ut
3170 1355 3403 1423 speciem
3433 1355 3646 1424 quidem
3674 1371 3783 1425 plu:
3808 1372 3869 1412 se
3900 1360 4013 1411 fer-

2440 1450 2561 1493 rent
2588 1442 2798 1508 pietatis
2844 1457 2908 1497 ac
2950 1444 3259 1512 religionis;
3307 1446 3401 1499 sed
3430 1459 3548 1499 eam
3587 1457 4020 1515 contemnerent,

2443 1533 2508 1583 ad
2542 1530 2750 1585 laudem
2793 1532 3004 1600 quidem
3033 1546 3218 1586 eorum
3250 1534 3339 1603 qui
3387 1545 3530 1589 recte
3556 1544 3609 1588 et
3637 1550 3702 1589 ex
3730 1536 3929 1592 virtute
3956 1552 4024 1591 se

2440 1629 2652 1688 gerunt,
2674 1630 2728 1676 et
2755 1630 2811 1675 ut
2837 1621 2978 1675 cauti
3008 1622 3113 1676 sint
3140 1634 3191 1676 et
3219 1625 3405 1677 attenti
3437 1624 3528 1693 qui
3558 1625 3760 1692 legunt.

3035 1710 3260 1767 CAPUT
3312 1713 3394 1767 Vl.

2441 1800 2514 1854 De
2542 1799 2762 1870 quddam
2798 1802 3006 1872 Virgine
3033 1820 3146 1873 qua:
3193 1804 3456 1858 laborabat
3485 1823 3659 1860 amore
3698 1809 4015 1859 dititiarum.

757 1900 1019 1969 sequeris,
1056 1898 1222 1968 utqui
1247 1900 1320 1953 sis
1349 1898 1640 1952 monachus
1665 1910 1718 1954 et
1748 1899 1942 1968 hOSpes
1961 1901 2029 1956 ob
2059 1902 2324 1968 virtutem,
2362 1898 2404 1953 B
2505 1893 2634 1948 Erat
2684 1896 2925 1963 quaedam
2971 1896 3307 1951 Alexandria:
3358 1899 3504 1965 virgo
3554 1899 3725 1951 solum
3768 1900 4011 1961 nomine.

758 2005 970 2044 omnem
994 1990 1198 2058 depone
1224 1990 1641 2047 contentionem.

843 2081 937 2134 ilic
967 2080 1079 2148 ipse
1109 2080 1209 2133 hoc
1234 2097 1443 2148 quoque
1471 2082 1597 2135 mihi
1628 2084 1860 2137 narravit
1888 2098 1904 2137 :
1936 2083 2065 2138 Cum
2099 2085 2326 2155 quodam

762 2174 868 2236 die,
894 2174 1087 2236 aiebat,
1118 2177 1184 2228 dc
1210 2179 1315 2226 vita
1344 2176 1518 2227 miseri
1543 2174 1734 2229 Iuliani
1762 2176 2114 2245 imperatoris,
2146 2187 2326 2246 utpote

756 2267 1134 2332 persecutoris,
1194 2278 1368 2317 essem
1419 2265 1714 2329 sollicitus,
1751 2276 1799 2319 et
1850 2267 2027 2320 animo
2083 2282 2324 2337 angertr,

756 2349 950 2405 accidit
979 2361 1036 2405 ut
1077 2364 1296 2421 prepter
1329 2354 1466 2407 hanc
1514 2355 1921 2413 sollicitudinem
1955 2360 2018 2413 ad
2052 2377 2324 2430 vesperam

760 2458 924 2509 usque
970 2457 1145 2497 seram
1179 2445 1306 2497 nihil
1354 2447 1721 2513 comederem;
1756 2460 1807 2504 et
1836 2467 1953 2504 cum
1981 2453 2032 2505 in
2061 2453 2210 2506 sedili
2243 2470 2327 2507 se-

756 2533 958 2597 derem,
992 2549 1075 2587 me
1105 2548 1320 2589 somnus
1349 2541 1691 2606 opprimeret,
1734 2549 1788 2594 et
1816 2543 2045 2597 viderem
2078 2543 2128 2596 in
2156 2547 2323 2597 extasi

757 2637 921 2691 equos
943 2624 1091 2677 albos
1140 2640 1260 2678 cum
1306 2629 1657 2684 insessoribus
1706 2644 2096 2698 percurrentes,
2140 2644 2192 2689 et
2228 2650 2326 2689 an-

765 2713 1068 2767 nuntiantes
1100 2731 1110 2764 :
1148 2713 1315 2768 Dicite
1346 2716 1585 2787 Didyme,
1611 2719 1764 2774 hodie
1789 2720 1916 2774 hora
1934 2725 2157 2791 septima
2184 2739 2323 2779 mor-

759 2817 882 2860 tuus
933 2817 1011 2861 est
1057 2808 1336 2875 Julianus;
1383 2826 1541 2880 surge
1569 2827 1695 2881 ergo
1728 2826 1779 2867 et
1809 2818 2026 2871 comede
2059 2835 2071 2871 :
2102 2826 2155 2872 et
2182 2818 2323 2887 quod

759 2905 814 2947 tu
835 2896 961 2959 scis,
1008 2898 1217 2951 domum
1251 2900 1402 2955 mitte
1442 2902 1504 2954 ad
1535 2904 1841 2973 episcopum
1869 2908 2236 2974 Athanasium,
2267 2919 2325 2963 ut

757 2984 845 3037 ille
871 3000 1078 3055 quoque
1105 2986 1205 3041 hoc
1233 2990 1388 3044 sciat.
1434 2990 1617 3046 Notavi
1657 3005 1854 3061 autem,
1903 2998 2091 3065 inquit,
2138 3009 2191 3053 et
2220 3000 2321 3053 lio-

756 3084 894 3138 ram,
924 3081 976 3127 et
1002 3073 1164 3141 diem,
1213 3084 1268 3130 et
1317 3078 1721 3148 bebdomadem,
1764 3093 1817 3137 et
1857 3100 2117 3150 mensem,
2165 3098 2217 3141 et
2245 3090 2320 3143 sic

756 3173 949 3216 ιηνεω.

1348 3237 1570 3294 CAPUT
1637 3241 1699 3296 V.

1304 3347 1605 3402 Alexandra:
1636 3350 1772 3403 Vita.

822 3427 1063 3485 Narravit
1094 3440 1269 3488 autem
1300 3436 1429 3489 mihi
1451 3452 1659 3505 quoque
1688 3440 1771 3494 hic
1804 3442 1982 3495 beatus
2006 3443 2071 3497 de
2091 3446 2315 3513 quadam

755 3517 966 3584 ancilla,
1020 3523 1234 3578 nomine
1273 3528 1594 3592 Alexandra,
1642 3546 1758 3598 qua:
1806 3534 1987 3586 relicta
2025 3536 2235 3591 rivitate
2266 3540 2316 3591 in

756 3610 1081 3666 monimento
1126 3626 1184 3667 se
1227 3615 1457 3683 inclusit,
1511 3634 1604 3686 per
1636 3620 1868 3675 foramen
1898 3626 2161 3693 accipiens
2202 3645 2318 3692 qua:

756 3709 910 3753 erant
948 3706 1266 3770 necessaria,
1298 3723 1467 3776 neque
1499 3711 1549 3763 in
1578 3711 1808 3767 virorum
1842 3731 2013 3783 neque
2043 3718 2092 3771 in
2126 3720 2314 3774 mulie-

753 3803 869 3842 rum
922 3804 1263 3860 conspectum
1310 3798 1531 3851 veniens
1581 3804 1751 3868 spatio
1803 3804 1983 3857 decem
2034 3821 2313 3862 annorum.

754 3878 970 3934 Decimo
1013 3892 1189 3935 autem
1238 3899 1378 3938 anno
1406 3887 1554 3941 aiunt
1583 3890 1809 3955 beatam,
1858 3909 1974 3947 cum
2016 3895 2314 3962 dormisset,

750 3970 976 4037 seipsam
1003 3976 1380 4043 composuisse,
1409 3978 1542 4033 adeo
1573 3990 1631 4034 ut
1651 3998 1768 4051 qua:
1791 3986 1948 4039 solita
1969 3998 2081 4040 erat
2109 3991 2173 4043 ad
2198 4006 2313 4046 eam

755 4061 957 4125 venire,
991 4077 1108 4116 cum
1144 4065 1216 4119 illi
1244 4082 1349 4121 non
1383 4072 1765 4137 respondisset,
1795 4077 1946 4131 nobis
1975 4082 2316 4137 renuntiave-

750 4151 837 4204 rit.
895 4152 1025 4206 Cum
1083 4172 1181 4210 nos
1230 4174 1358 4229 ergo
1412 4163 1852 4231 accessissemus,
1906 4177 1960 4222 et
2010 4170 2317 4227 monimenti

750 4246 943 4295 ostium
990 4250 1405 4316 amovissemus,
1459 4253 1677 4321 ingressi
1704 4270 1887 4311 sumus
1928 4270 1981 4313 et
2021 4262 2316 4319 invenimus

750 4346 869 4386 eam
908 4335 1258 4391 obdormisse.

818 4422 891 4477 De
921 4438 981 4477 ea
1006 4435 1180 4479 autem
1205 4428 1410 4482 dicebat
1436 4431 1593 4485 etiam
1624 4433 1924 4490 beatissima
1954 4438 2175 4493 Melania
2206 4442 2315 4494 Ro-

749 4530 923 4581 mana,
972 4516 1125 4585 cujus
1154 4520 1313 4573 vitam
1359 4524 1583 4577 narrabo
1615 4534 1853 4595 tempore
1891 4538 1946 4583 et
1976 4530 2093 4582 loco
2118 4547 2308 4587 conve-

2349 3252 2395 3315 C
2429 3260 2627 3317 patrem
2653 3250 2922 3305 occidere.

2439 1983 2620 2036 habitu
2650 1986 2864 2053 quidem
2898 1984 3133 2051 humilis,
3163 1986 3517 2040 animiantem
3552 1987 3793 2042 instituto
3825 2004 4012 2055 parca,

2432 2073 2655 2140 superba
2689 2084 2741 2128 ct
2769 2076 3024 2141 insolens,
3057 2085 3109 2130 et
3137 2076 3386 2130 laborans
3410 2079 3651 2141 avaritia,
3684 2080 3799 2132 auri
3830 2080 4012 2146 potius

2433 2180 2588 2233 quam
2637 2166 2830 2220 Christi
2880 2182 3063 2220 amans
3098 2185 3111 2221 :
3141 2183 3204 2222 ex
3255 2169 3412 2223 rebus
3444 2170 3554 2223 suis
3596 2170 3722 2223 nulli
3773 2186 4008 2238 unquam

2430 2254 2706 2320 exhibens,
2734 2271 2837 2309 non
2861 2257 3076 2324 hospiti,
3121 2272 3225 2311 non
3257 2259 3474 2326 pauperi
3517 2269 3609 2313 aut
3638 2258 3862 2322 afﬂicto,
3896 2277 4002 2314 non

2431 2346 2731 2410 monacho,
2779 2361 2883 2401 non
2932 2347 3147 2417 virgini,
3198 2363 3303 2402 non
3348 2350 3592 2404 ecclesia:
3648 2351 3732 2403 vel
3789 2351 4009 2404 obolum

2432 2452 2614 2488 unum.
2648 2436 2718 2490 Ea
2748 2438 2927 2491 multis
2954 2448 3262 2493 sanctorum
3299 2441 3507 2493 latrum
3551 2443 4009 2497 admenitiouibus

2432 2525 2665 2591 incitata,
2720 2541 2825 2580 non
2878 2528 3169 2594 repellebat
3213 2545 3373 2597 grave
3417 2532 3629 2598 pondus
3674 2532 4003 2587 divitiarum.

2430 2618 2555 2671 Erat
2583 2626 2754 2670 autem
2786 2619 2834 2672 ei
2864 2633 3072 2687 quoque
3100 2635 3286 2689 genus,
3327 2636 3390 2675 ex
3422 2638 3527 2689 quo
3567 2622 3765 2676 sororis
3792 2638 3904 2676 sum
3942 2625 4003 2674 li-

2425 2708 2551 2761 liam
2584 2708 2634 2761 in
2664 2708 2821 2761 [illam
2853 2709 3215 2777 adeptaverat.
3247 2711 3342 2765 Ctii
3376 2724 3534 2765 noctu
3564 2722 3617 2766 et
3644 2712 3730 2765 diu
3759 2727 3851 2766 sua
3882 2716 3997 2782 pol-

2430 2797 2705 2862 licebatur,
2749 2812 2867 2851 cum
2910 2799 3020 2867 ipsa
3052 2800 3334 2854 excidisset
3358 2801 3426 2855 ab
3452 2801 3640 2865 oribus
3668 2802 3998 2857 caelestibus.

2427 2886 2558 2940 Nam
2586 2888 2699 2941 haec
2725 2902 2936 2957 quoque
2964 2900 3047 2943 est
3070 2905 3169 2943 una
3199 2892 3406 2956 species
3436 2892 3635 2946 fraudis
3659 2894 3878 2961 diaboli,
3910 2898 4002 2963 qui

2427 2988 2685 3049 prmtextu
2736 2981 2934 3034 amoris
2990 2982 3041 3035 in
3096 2993 3372 3051 cognatos,
3428 2985 3593 3037 ei'licit
3642 2993 3700 3036 ut
3753 2996 4001 3038 nascatur

2424 3072 2660 3125 avaritia.
2712 3071 2841 3125 Nam
2880 3072 3021 3140 quod
3056 3074 3105 3127 ei
3142 3074 3279 3127 nu'la
3312 3075 3380 3128 sit
3420 3090 3547 3128 cura
3588 3076 3826 3143 generis,
3872 3078 3998 3132 hinc

2426 3170 2587 3225 patet.
2645 3162 2761 3229 Ipse
2806 3164 2945 3215 enim
2989 3162 3168 3217 docuit
3207 3172 3261 3218 et
3297 3164 3536 3227 fratrem,
3568 3175 3621 3219 et
3648 3177 3895 3229 matrem,
3941 3178 3999 3222 et

3004 3253 3168 3322 quue
3239 3258 3325 3307 est
3393 3268 3460 3309 ex
3525 3255 3816 3323 Scripturis
3845 3272 3995 3312 extra

2423 3339 2863 3393 controversiam.
2914 3339 3017 3395 Sed
3056 3341 3158 3395 etsi
3202 3341 3443 3396 videatur
3492 3344 3759 3398 nonnullis
3811 3361 3992 3399 curam

2427 3442 2770 3498 cognatorum
2796 3433 3036 3487 inserere
3063 3435 3081 3501 (
3104 3431 3251 3486 Deut.
3286 3449 3358 3487 ιιι
3381 3433 3424 3503 ),
3454 3449 3558 3489 non
3584 3436 3682 3490 hoc
3708 3438 3829 3491 facit
3856 3441 3995 3507 quod

2422 3520 2529 3573 illis
2560 3520 2693 3573 bene
2718 3522 2863 3585 velit,
2908 3522 3003 3575 sed
3034 3532 3092 3575 ut
3118 3538 3302 3576 eorum
3329 3525 3417 3592 qui
3458 3525 3506 3577 ei
3539 3535 3725 3592 parent
3758 3529 3991 3580 animam

2421 3621 2601 3677 aperte
2625 3623 2870 3666 exerceat
2903 3615 2967 3667 ad
2997 3613 3332 3681 injustitiam,
3364 3629 3492 3669 cum
3534 3617 3646 3685 ipse
3676 3618 3809 3671 sciit
3835 3618 3848 3670 l
3871 3632 3991 3671 tla'n

2422 3703 2739 3755 sententiam
2770 3742 2784 3763 ,
2839 3718 2953 3770 qua:
3012 3704 3405 3768 d.cit:lnjusti
3462 3720 3682 3773 regnum
3733 3707 3825 3761 Dei
3886 3725 3989 3761 non

2423 3792 2767 3861 possidebunt
2795 3792 2847 3862 (Ι
2875 3793 2995 3847 Cor.
3028 3793 3123 3862 vi).
3150 3797 3329 3849 l’o:est
3358 3808 3531 3851 autem
3562 3800 3769 3865 aliquis,
3794 3809 3850 3851 ct
3884 3804 3991 3866 spi-

2420 3886 2561 3939 ritali
2592 3896 2766 3939 motus
2811 3888 3177 3956 intelligent'a,
3211 3900 3265 3943 et
3295 3891 3474 3943 divino
3498 3893 3787 3952 desiderio,
3822 3910 3994 3964 neque

2422 3991 2573 4030 suam
2624 3978 2890 4046 negligere
2920 3981 3149 4033 animam
3169 4022 3181 4043 ,
3223 3991 3273 4034 et
3303 3983 3539 4048 cognatis
3569 3998 3724 4049 opem
3762 3985 3925 4051 ferre,
3948 3988 3993 4041 si

2419 4066 2546 4134 quid
2566 4066 2644 4120 eis
2665 4068 2911 4121 defuerit.
2942 4069 3162 4134 Quando
3189 4080 3364 4123 autem
3394 4074 3514 4140 quis
3542 4071 3610 4124 ita
3643 4083 3805 4127 totam
3838 4090 3987 4129 suam

2419 4156 2642 4209 instituit
2673 4157 2928 4224 animam,
2971 4169 3027 4211 ut
3055 4174 3116 4212 ea
3149 4159 3473 4227 despiciatur
3519 4171 3572 4215 et
3600 4161 3856 4216 obruatur
3882 4181 3992 4233 prre

2418 4259 2540 4297 cura
2573 4256 2912 4315 cognatorum
2972 4248 3109 4315 (l4),
3162 4250 3205 4302 is
3243 4249 3432 4302 incidit
3478 4251 3528 4303 in
3560 4252 3753 4319 legem,
3801 4264 3858 4306 ut
3902 4258 3987 4322 qui

2420 4348 2568 4386 suam
2598 4350 2694 4401 pro
2723 4350 2857 4388 vano
2886 4337 3115 4389 aestimet
3143 4339 3401 4390 animam.
3446 4339 3597 4391 Canit
3627 4350 3800 4393 autem
3830 4341 3988 4395 David

2417 4440 2625 4494 quoque
2661 4439 2815 4478 sacer
2838 4427 3277 4495 psalmographus
3300 4429 3364 4480 de
3389 4428 3455 4482 iis
3482 4430 3569 4496 qui
3591 4428 3781 4483 anima:
3812 4447 3988 4485 curam

2416 4528 2625 4586 gerunt,
2656 4518 2706 4571 in
2734 4518 2922 4571 timore
2947 4519 3039 4571 Dei
3067 4519 3250 4573 dicens
3278 4538 3290 4571 :
3320 4519 3448 4586 Quis
3475 4522 3726 4575 ascendet
3752 4524 3802 4575 in
3836 4538 3981 4575 mon-

748 4609 911 4662 nienti
942 4609 962 4678 (
990 4612 1161 4680 Infra,
1203 4612 1304 4678 hic,
1338 4630 1451 4683 cap.
1488 4617 1585 4670 H7
1617 4618 1655 4687 ).
1688 4619 1874 4686 Hujus,
1921 4624 2108 4690 inquit,
2140 4624 2307 4679 beam
2342 4600 2393 4657 D
2424 4618 2527 4659 tem
2554 4608 2794 4662 Domini?
2818 4624 2911 4675 pro
2938 4623 3003 4662 eo
3028 4609 3168 4677 quod
3198 4618 3299 4673 est,
3334 4625 3503 4664 rarus.
3541 4612 3645 4663 Aut
3673 4612 3792 4680 quis
3823 4614 3983 4667 stabit

747 4695 932 4751 faciem
959 4715 1061 4754 non
1096 4702 1239 4769 potui
1282 4705 1473 4759 intueri
1508 4717 1687 4762 :stans
1726 4720 1899 4764 autem
1926 4727 2023 4781 ego
2054 4715 2196 4769 circa
2225 4717 2307 4771 fu-

746 4803 948 4855 ramen,
980 4807 1095 4844 eam
1142 4796 1317 4863 rogavi
1362 4806 1418 4851 ut
1464 4799 1589 4852 mihi
1632 4802 1832 4856 diceret
1859 4820 2067 4859 causam
2099 4820 2311 4877 propter

745 4892 901 4943 quam
934 4881 1147 4933 secessit
1174 4884 1383 4950 quidem
1414 4902 1441 4938 a
1469 4888 1701 4955 civitate,
1748 4896 1981 4963 seipsam
2011 4907 2185 4952 autem
2219 4901 2303 4953 in-

746 4969 901 5021 clusit
949 4972 1295 5029 monimento.
1339 4975 1429 5030 illa
1465 4989 1659 5047 autem,
1704 4984 1889 5051 inquit,
1939 5002 2033 5054 per
2071 4989 2303 5047 foramen

744 5073 830 5113 me
876 5069 959 5113 est
1010 5062 1254 5128 allocuta,
1305 5066 1487 5121 dicens
1519 5088 1529 5121 :
1561 5073 1819 5140 Quidam,
1880 5078 2065 5146 inquit.
2116 5081 2303 5137 insano

744 5151 846 5203 mei
896 5167 1077 5206 amore
1106 5157 1398 5223 tenebatur,
1451 5170 1503 5213 et
1540 5177 1604 5216 ne
1648 5178 1766 5217 eum
1798 5165 2005 5221 viderer
2060 5171 2303 5224 molestia

742 5240 973 5307 allicere,
1005 5245 1088 5298 vel
1128 5246 1179 5297 in
1212 5246 1457 5302 invidiam
1493 5266 1681 5306 vocare
1702 5294 1716 5314 .
1748 5256 1907 5308 malui
1939 5273 2022 5311 me
2050 5260 2220 5313 vivam
2255 5263 2303 5314 in

746 5336 843 5387 huc
873 5337 1253 5393 tnonimentum
1301 5340 1519 5406 inferre,
1570 5360 1727 5412 quam
1775 5348 2043 5403 oll'cndere
2076 5352 2303 5404 animam

746 5440 859 5491 quae
884 5426 1018 5481 facta
1048 5438 1129 5483 est
1168 5430 1231 5483 ad
1275 5432 1364 5486 Dei
1411 5434 1711 5503 imaginem.
1746 5437 1873 5491 Cum
1922 5449 2099 5494 autem
2130 5456 2226 5509 ego
2256 5444 2304 5496 ei

745 5516 996 5573 dixissem
1031 5538 1043 5572 :
1072 5522 1347 5588 Quomodo
1377 5524 1512 5580 ferre
1545 5535 1714 5596 potes,
1766 5543 1915 5583 serva
1957 5531 2149 5586 Christi
2190 5533 2306 5598 Dei,

749 5623 869 5662 cum
911 5613 1053 5665 nullo
1081 5614 1295 5669 omnino
1319 5616 1568 5686 colloqui,
1614 5619 1710 5673 sed
1756 5621 1867 5674 sola
1908 5635 2140 5691 pugnare
2188 5636 2308 5675 cum

745 5700 948 5757 desidia
999 5713 1054 5759 et
1092 5706 1530 5775 cogitationibus?
1571 5709 1699 5763 mihi
1740 5711 2029 5779 respondit,
2077 5710 2259 5766 dicens
2292 5732 2305 5766 :

754 5794 797 5849 Α
829 5809 981 5849 mane
1024 5811 1190 5865 usque
1234 5799 1300 5853 ad
1348 5799 1527 5854 horam
1574 5814 1762 5856 uenam
1808 5816 1921 5871 oro,
1983 5816 2076 5871 per
2125 5802 2304 5859 horam

2421 4700 2472 4750 in
2524 4698 2641 4751 loco
2672 4707 2854 4752 sancto
2890 4699 3037 4767 ejus?
3076 4700 3341 4753 innocens
3385 4701 3650 4765 manibus,
3702 4715 3754 4755 et
3792 4706 3987 4757 mundo

2419 4793 2603 4853 corde,
2653 4792 2742 4857 qui
2773 4805 2875 4844 non
2901 4792 3103 4858 accepit
3127 4791 3181 4843 in
3211 4806 3344 4843 vanu
3372 4792 3600 4843 animam
3634 4807 3783 4845 suam
3816 4793 3984 4863 (I’sal.

2419 4898 2526 4936 xxii
2553 4882 2594 4951 ).
2650 4882 2726 4935 Illi
2764 4885 2902 4937 enim
2943 4884 3172 4936 animam
3222 4899 3372 4937 suam
3416 4885 3467 4937 in
3510 4899 3648 4937 vano
3690 4887 3983 4952 accipiunt,

2419 4974 2508 5041 qui
2537 4974 2841 5027 exiStimant
2868 4989 2983 5027 eam
3008 4974 3224 5028 dissolvi
3259 4990 3357 5027 una
3389 4990 3504 5029 cum
3549 4976 3648 5028 hac
3673 4979 3983 5042 caruncula,

2417 5068 2505 5134 qui
2538 5067 2753 5119 virtutes
2784 5069 3048 5135 spiritales
3091 5068 3379 5137 negligunt.

2489 5158 2620 5212 lluic
2642 5157 2863 5225 virgini,
2895 5173 3010 5225 quae
3058 5158 3174 5210 solo
3208 5158 3421 5210 nomine
3450 5157 3547 5210 sibi
3580 5167 3858 5225 paraverat
3896 5172 3984 5219 ap-

2416 5249 2772 5316 pellationem.
2815 5249 3046 5301 moribus
3087 5257 3262 5302 autem
3292 5257 3402 5301 erat
3426 5249 3594 5303 aliena
3630 5251 3694 5301 ab
3721 5249 3981 5302 exercita-

2417 5343 2582 5404 tione,
2613 5356 2731 5394 cum
2760 5356 2967 5405 venam,
3011 5350 3066 5394 ut
3094 5341 3307 5405 dicitur,
3349 5341 3510 5394 vellet
3537 5341 3770 5394 incidere
3798 5340 3863 5393 ad
3897 5341 3974 5394 le-

2424 5433 2649 5485 vandam
2690 5433 2985 5499 avaritiam,
3016 5434 3383 5487 sanctissimus
3413 5432 3667 5485 Macarius
3692 5432 3805 5499 (l5)
3838 5446 3983 5500 p:es-

2418 5524 2568 5595 byter
2611 5534 2665 5579 et
2716 5524 2996 5593 praefectus
3060 5525 3449 5595 ptochotrophii
3513 5541 3695 5581 eorum
3737 5534 3825 5594 qut
3866 5536 3984 5581 sunt

2414 5632 2635 5686 corpore
2663 5619 2912 5683 mutilati,
2956 5619 3113 5673 talem
3154 5626 3330 5673 aetum
3410 5619 3639 5687 tcogitat.
3687 5618 3814 5671 Erat
3844 5632 3983 5671 enau

2415 5711 2459 5764 is
2485 5709 2805 5778 ajuventute
2843 5709 3129 5777 lapidarius
3170 5709 3307 5780 (16).
3337 5710 3414 5764 Ad
3445 5723 3565 5763 eam
3610 5716 3785 5762 autem
3832 5722 3982 5763 acce-

2417 5802 2583 5866 dens,
2640 5801 2766 5856 dicit
2804 5819 2814 5855 :
2850 5801 2904 5855 In
2955 5816 3038 5855 me
3084 5802 3382 5858 iniideraat
3437 5801 3670 5869 pulchra:
3716 5813 3979 5870 getiiiiiae,
