  <div class='ocr_page' id='page_1' title='image "/cluster/home/n/w/nwhite01/storage/ocr_20150623/34/nnc1.0046978860/518.png"; bbox 0 0 4258 6358; ppageno 0'>
   <div class='ocr_carea' id='block_1_1' title="bbox 292 390 432 459">
    <p class='ocr_par' dir='ltr' id='par_1_1' title="bbox 292 390 432 459">
     <span class='ocr_line' id='line_1_1' title="bbox 292 390 432 459; baseline 0.043 -6"><span class='ocrx_word' id='word_1_1' title='bbox 292 390 432 459; x_wconf 81' lang='grc'>1017</span> 
     </span>
    </p>
   </div>
   <div class='ocr_carea' id='block_1_2' title="bbox 1517 409 2307 478">
    <p class='ocr_par' dir='ltr' id='par_1_2' title="bbox 1517 409 2307 478">
     <span class='ocr_line' id='line_1_2' title="bbox 1517 409 2307 478; baseline 0.011 -9"><span class='ocrx_word' id='word_1_2' title='bbox 1517 409 1875 472; x_wconf 70' lang='lat' dir='ltr'>HISTORIA</span> <span class='ocrx_word' id='word_1_3' title='bbox 1918 414 2307 478; x_wconf 80' lang='lat' dir='ltr'>LAUSI.\C.\.</span> 
     </span>
    </p>
   </div>
   <div class='ocr_carea' id='block_1_3' title="bbox 3415 433 3553 503">
    <p class='ocr_par' dir='ltr' id='par_1_3' title="bbox 3415 433 3553 503">
     <span class='ocr_line' id='line_1_3' title="bbox 3415 433 3553 503; baseline 0.043 -6"><span class='ocrx_word' id='word_1_4' title='bbox 3415 433 3553 503; x_wconf 69' lang='lat'><strong>1018</strong></span> 
     </span>
    </p>
   </div>
   <div class='ocr_carea' id='block_1_4' title="bbox 288 507 3543 613">
    <p class='ocr_par' dir='ltr' id='par_1_4' title="bbox 288 507 3543 613">
     <span class='ocr_line' id='line_1_4' title="bbox 288 507 3543 613; baseline 0.01 -54"><span class='ocrx_word' id='word_1_5' title='bbox 288 508 456 576; x_wconf 86' lang='grc' dir='ltr'>φύσιν</span> <span class='ocrx_word' id='word_1_6' title='bbox 483 507 805 563; x_wconf 81' lang='grc' dir='ltr'>διδάσκαλον</span> <span class='ocrx_word' id='word_1_7' title='bbox 848 514 1161 583; x_wconf 68' lang='grc' dir='ltr'>ἐρρωμένον</span> <span class='ocrx_word' id='word_1_8' title='bbox 1217 514 1278 567; x_wconf 84' lang='lat'>16</span> <span class='ocrx_word' id='word_1_9' title='bbox 1333 515 1463 571; x_wconf 77' lang='grc' dir='ltr'>ἴδιον</span> <span class='ocrx_word' id='word_1_10' title='bbox 1499 521 1740 584; x_wconf 83' lang='grc' dir='ltr'>συνειδός</span> <span class='ocrx_word' id='word_1_11' title='bbox 1764 538 1777 551; x_wconf 88' lang='grc'>·</span> <span class='ocrx_word' id='word_1_12' title='bbox 1803 521 1861 585; x_wconf 80' lang='lat'>6;</span> <span class='ocrx_word' id='word_1_13' title='bbox 1886 522 1941 584; x_wconf 77' lang='grc' dir='ltr'><strong>Α</strong></span> <span class='ocrx_word' id='word_1_14' title='bbox 1965 525 2090 590; x_wconf 81' lang='grc' dir='ltr'>τοὺς</span> <span class='ocrx_word' id='word_1_15' title='bbox 2117 527 2316 590; x_wconf 83' lang='grc' dir='ltr'>ἀθλους</span> <span class='ocrx_word' id='word_1_16' title='bbox 2346 526 2453 581; x_wconf 88' lang='grc' dir='ltr'>τῶν</span> <span class='ocrx_word' id='word_1_17' title='bbox 2492 531 2778 602; x_wconf 84' lang='grc' dir='ltr'>μακαρίων</span> <span class='ocrx_word' id='word_1_18' title='bbox 2817 532 3153 601; x_wconf 77' lang='grc' dir='ltr'>ἀποστόλων,</span> <span class='ocrx_word' id='word_1_19' title='bbox 3202 538 3295 591; x_wconf 82' lang='grc' dir='ltr'>καὶ</span> <span class='ocrx_word' id='word_1_20' title='bbox 3330 555 3543 613; x_wconf 77' lang='grc' dir='ltr'>προφηο</span> 
     </span>
    </p>
   </div>
   <div class='ocr_carea' id='block_1_5' title="bbox 284 590 1857 672">
    <p class='ocr_par' dir='ltr' id='par_1_5' title="bbox 284 590 1857 672">
     <span class='ocr_line' id='line_1_5' title="bbox 284 590 1857 672; baseline 0.01 -30"><span class='ocrx_word' id='word_1_21' title='bbox 284 590 524 661; x_wconf 80' lang='grc' dir='ltr'>τοσαύτῃ</span> <span class='ocrx_word' id='word_1_22' title='bbox 554 592 737 663; x_wconf 84' lang='grc' dir='ltr'>χάριτι</span> <span class='ocrx_word' id='word_1_23' title='bbox 768 594 1111 664; x_wconf 84' lang='grc' dir='ltr'>ἐκεκόσμητο</span> <span class='ocrx_word' id='word_1_24' title='bbox 1146 597 1399 665; x_wconf 83' lang='grc' dir='ltr'>γνώσεως</span> <span class='ocrx_word' id='word_1_25' title='bbox 1452 602 1857 672; x_wconf 84' lang='grc' dir='ltr'>πνευματικῆς,</span> 
     </span>
    </p>
   </div>
   <div class='ocr_carea' id='block_1_6' title="bbox 282 670 1859 755">
    <p class='ocr_par' dir='ltr' id='par_1_6' title="bbox 282 670 1859 755">
     <span class='ocr_line' id='line_1_6' title="bbox 282 670 1859 755; baseline 0.011 -32"><span class='ocrx_word' id='word_1_26' title='bbox 282 670 359 735; x_wconf 78' lang='grc' dir='ltr'>ὡς</span> <span class='ocrx_word' id='word_1_27' title='bbox 392 673 513 726; x_wconf 81' lang='grc' dir='ltr'>καθ’</span> <span class='ocrx_word' id='word_1_28' title='bbox 546 676 787 744; x_wconf 73' lang='grc' dir='ltr'>ἱστορίαν</span> <span class='ocrx_word' id='word_1_29' title='bbox 817 678 1157 755; x_wconf 80' lang='grc' dir='ltr'>πληροῦσθαι</span> <span class='ocrx_word' id='word_1_30' title='bbox 1211 681 1271 734; x_wconf 87' lang='lat'>16</span> <span class='ocrx_word' id='word_1_31' title='bbox 1302 670 1709 753; x_wconf 77' lang='grc' dir='ltr'>γεγραμμένον,</span> <span class='ocrx_word' id='word_1_32' title='bbox 1746 670 1859 739; x_wconf 71' lang='grc' dir='ltr'>Κύ-</span> 
     </span>
    </p>
   </div>
   <div class='ocr_carea' id='block_1_7' title="bbox 291 758 1864 841">
    <p class='ocr_par' dir='ltr' id='par_1_7' title="bbox 291 758 1864 841">
     <span class='ocr_line' id='line_1_7' title="bbox 291 758 1864 841; baseline 0.009 -32"><span class='ocrx_word' id='word_1_33' title='bbox 291 770 403 817; x_wconf 69' lang='lat'><strong>010;</strong></span> <span class='ocrx_word' id='word_1_34' title='bbox 421 758 842 827; x_wconf 66' lang='grc' dir='ltr'>αοφοῒτυφλεύς.</span> <span class='ocrx_word' id='word_1_35' title='bbox 874 762 1115 815; x_wconf 80' lang='grc' dir='ltr'>Παλαιὰν</span> <span class='ocrx_word' id='word_1_36' title='bbox 1135 763 1234 833; x_wconf 83' lang='grc' dir='ltr'>μὲν</span> <span class='ocrx_word' id='word_1_37' title='bbox 1254 765 1361 836; x_wconf 78' lang='grc' dir='ltr'>γάρ</span> <span class='ocrx_word' id='word_1_38' title='bbox 1380 766 1474 819; x_wconf 75' lang='grc' dir='ltr'>καὶ</span> <span class='ocrx_word' id='word_1_39' title='bbox 1494 768 1698 839; x_wconf 80' lang='grc' dir='ltr'>Καινὴν</span> <span class='ocrx_word' id='word_1_40' title='bbox 1723 770 1864 841; x_wconf 84' lang='grc' dir='ltr'>Γρα-</span> 
     </span>
    </p>
   </div>
   <div class='ocr_carea' id='block_1_8' title="bbox 280 840 1859 918">
    <p class='ocr_par' dir='ltr' id='par_1_8' title="bbox 280 840 1859 918">
     <span class='ocr_line' id='line_1_8' title="bbox 280 840 1859 918; baseline 0.011 -30"><span class='ocrx_word' id='word_1_41' title='bbox 280 840 394 908; x_wconf 72' lang='grc' dir='ltr'>φὴν</span> <span class='ocrx_word' id='word_1_42' title='bbox 421 841 737 910; x_wconf 86' lang='grc' dir='ltr'>ηρμήνευσε</span> <span class='ocrx_word' id='word_1_43' title='bbox 778 844 919 895; x_wconf 84' lang='grc' dir='ltr'>κατὰ</span> <span class='ocrx_word' id='word_1_44' title='bbox 948 842 1090 908; x_wconf 81' lang='grc' dir='ltr'>λέξιν</span> <span class='ocrx_word' id='word_1_45' title='bbox 1111 862 1124 877; x_wconf 94' lang='grc'><strong>·</strong></span> <span class='ocrx_word' id='word_1_46' title='bbox 1156 846 1263 899; x_wconf 88' lang='grc' dir='ltr'>τῶν</span> <span class='ocrx_word' id='word_1_47' title='bbox 1290 847 1347 901; x_wconf 78' lang='grc' dir='ltr'>δὲ</span> <span class='ocrx_word' id='word_1_48' title='bbox 1376 848 1661 917; x_wconf 85' lang='grc' dir='ltr'>δογμάτων</span> <span class='ocrx_word' id='word_1_49' title='bbox 1685 840 1859 918; x_wconf 70' lang='grc' dir='ltr'>οὕτως</span> 
     </span>
    </p>
   </div>
   <div class='ocr_carea' id='block_1_9' title="bbox 279 922 1857 1001">
    <p class='ocr_par' dir='ltr' id='par_1_9' title="bbox 279 922 1857 1001">
     <span class='ocr_line' id='line_1_9' title="bbox 279 922 1857 1001; baseline 0.011 -29"><span class='ocrx_word' id='word_1_50' title='bbox 279 922 620 994; x_wconf 63' lang='grc' dir='ltr'>ἐπεμελήθη,</span> <span class='ocrx_word' id='word_1_51' title='bbox 647 923 861 990; x_wconf 77' lang='grc' dir='ltr'>λεπτῶς</span> <span class='ocrx_word' id='word_1_52' title='bbox 892 928 984 980; x_wconf 73' lang='grc' dir='ltr'>καὶ</span> <span class='ocrx_word' id='word_1_53' title='bbox 1011 928 1151 980; x_wconf 89' lang='grc' dir='ltr'>πάνυ</span> <span class='ocrx_word' id='word_1_54' title='bbox 1181 928 1413 997; x_wconf 75' lang='grc' dir='ltr'>ἰσχυρῶς</span> <span class='ocrx_word' id='word_1_55' title='bbox 1442 931 1733 1001; x_wconf 80' lang='grc' dir='ltr'>ἐκθέμενος</span> <span class='ocrx_word' id='word_1_56' title='bbox 1767 936 1857 989; x_wconf 84' lang='grc' dir='ltr'>τὸν</span> 
     </span>
    </p>
   </div>
   <div class='ocr_carea' id='block_1_10' title="bbox 279 1005 1855 1085">
    <p class='ocr_par' dir='ltr' id='par_1_10' title="bbox 279 1005 1855 1085">
     <span class='ocr_line' id='line_1_10' title="bbox 279 1005 1855 1085; baseline 0.01 -30"><span class='ocrx_word' id='word_1_57' title='bbox 279 1006 413 1072; x_wconf 58' lang='grc' dir='ltr'>περὶ</span> <span class='ocrx_word' id='word_1_58' title='bbox 442 1005 622 1059; x_wconf 75' lang='grc' dir='ltr'>αὐτῶν</span> <span class='ocrx_word' id='word_1_59' title='bbox 649 1007 826 1075; x_wconf 85' lang='grc' dir='ltr'>λόγον,</span> <span class='ocrx_word' id='word_1_60' title='bbox 878 1009 955 1078; x_wconf 82' lang='grc' dir='ltr'>ῶς</span> <span class='ocrx_word' id='word_1_61' title='bbox 990 1010 1199 1073; x_wconf 88' lang='grc' dir='ltr'>πάντας</span> <span class='ocrx_word' id='word_1_62' title='bbox 1246 1011 1681 1085; x_wconf 84' lang='grc' dir='ltr'>ὑπερϐεϐηκέναι</span> <span class='ocrx_word' id='word_1_63' title='bbox 1728 1017 1855 1081; x_wconf 80' lang='lat'><strong>106;</strong></span> 
     </span>
    </p>
   </div>
   <div class='ocr_carea' id='block_1_11' title="bbox 276 1089 869 1160">
    <p class='ocr_par' dir='ltr' id='par_1_11' title="bbox 276 1089 869 1160">
     <span class='ocr_line' id='line_1_11' title="bbox 276 1089 869 1160; baseline 0.015 -20"><span class='ocrx_word' id='word_1_64' title='bbox 276 1089 541 1159; x_wconf 51' lang='grc' dir='ltr'>ἀρχαίους</span> <span class='ocrx_word' id='word_1_65' title='bbox 568 1092 624 1145; x_wconf 89' lang='grc' dir='ltr'>ἐν</span> <span class='ocrx_word' id='word_1_66' title='bbox 651 1091 869 1160; x_wconf 83' lang='grc' dir='ltr'>γνώσει.</span> 
     </span>
    </p>
   </div>
   <div class='ocr_carea' id='block_1_12' title="bbox 352 1172 1857 1255">
    <p class='ocr_par' dir='ltr' id='par_1_12' title="bbox 352 1172 1857 1255">
     <span class='ocr_line' id='line_1_12' title="bbox 352 1172 1857 1255; baseline 0.008 -31"><span class='ocrx_word' id='word_1_67' title='bbox 352 1172 558 1226; x_wconf 60' lang='grc' dir='ltr'>Τούτου</span> <span class='ocrx_word' id='word_1_68' title='bbox 617 1175 747 1228; x_wconf 88' lang='grc' dir='ltr'>ποτέ</span> <span class='ocrx_word' id='word_1_69' title='bbox 819 1178 1221 1247; x_wconf 80' lang='grc' dir='ltr'>ἀναγκάζοντός</span> <span class='ocrx_word' id='word_1_70' title='bbox 1273 1197 1341 1251; x_wconf 86' lang='grc' dir='ltr'>με</span> <span class='ocrx_word' id='word_1_71' title='bbox 1398 1180 1623 1251; x_wconf 86' lang='grc' dir='ltr'>ποιῆσαι</span> <span class='ocrx_word' id='word_1_72' title='bbox 1686 1182 1857 1255; x_wconf 83' lang='grc' dir='ltr'>εὐχήν</span> 
     </span>
    </p>
   </div>
   <div class='ocr_carea' id='block_1_13' title="bbox 278 1256 1852 1336">
    <p class='ocr_par' dir='ltr' id='par_1_13' title="bbox 278 1256 1852 1336">
     <span class='ocr_line' id='line_1_13' title="bbox 278 1256 1852 1336; baseline 0.008 -27"><span class='ocrx_word' id='word_1_73' title='bbox 278 1258 340 1311; x_wconf 88' lang='grc' dir='ltr'>ἐν</span> <span class='ocrx_word' id='word_1_74' title='bbox 475 1258 607 1328; x_wconf 65' lang='grc' dir='ltr'>οἴκῳ</span> <span class='ocrx_word' id='word_1_75' title='bbox 641 1259 828 1325; x_wconf 81' lang='grc' dir='ltr'>αὑτοῦ,</span> <span class='ocrx_word' id='word_1_76' title='bbox 864 1263 960 1313; x_wconf 84' lang='grc' dir='ltr'>καὶ</span> <span class='ocrx_word' id='word_1_77' title='bbox 997 1263 1071 1333; x_wconf 78' lang='grc' dir='ltr'>μή</span> <span class='ocrx_word' id='word_1_78' title='bbox 1121 1262 1447 1333; x_wconf 79' lang='grc' dir='ltr'>βουλομένου</span> <span class='ocrx_word' id='word_1_79' title='bbox 1484 1283 1609 1336; x_wconf 91' lang='grc' dir='ltr'>μου,</span> <span class='ocrx_word' id='word_1_80' title='bbox 1669 1266 1852 1333; x_wconf 74' lang='grc' dir='ltr'>ἔλεγέν</span> 
     </span>
    </p>
   </div>
   <div class='ocr_carea' id='block_1_14' title="bbox 279 1340 1852 1422">
    <p class='ocr_par' dir='ltr' id='par_1_14' title="bbox 279 1340 1852 1422">
     <span class='ocr_line' id='line_1_14' title="bbox 279 1340 1852 1422; baseline 0.008 -30"><span class='ocrx_word' id='word_1_81' title='bbox 279 1358 374 1409; x_wconf 88' lang='grc' dir='ltr'>μοι</span> <span class='ocrx_word' id='word_1_82' title='bbox 402 1340 491 1410; x_wconf 70' lang='grc' dir='ltr'>ειη</span> <span class='ocrx_word' id='word_1_83' title='bbox 506 1342 785 1412; x_wconf 58' lang='grc' dir='ltr'>γοῦμενος,</span> <span class='ocrx_word' id='word_1_84' title='bbox 820 1345 901 1399; x_wconf 86' lang='grc' dir='ltr'>ὅτι</span> <span class='ocrx_word' id='word_1_85' title='bbox 936 1346 1032 1409; x_wconf 88' lang='grc' dir='ltr'>Είς</span> <span class='ocrx_word' id='word_1_86' title='bbox 1067 1347 1164 1417; x_wconf 80' lang='grc' dir='ltr'>τὴν</span> <span class='ocrx_word' id='word_1_87' title='bbox 1195 1347 1387 1401; x_wconf 86' lang='grc' dir='ltr'>κέλλαν</span> <span class='ocrx_word' id='word_1_88' title='bbox 1414 1349 1619 1421; x_wconf 88' lang='grc' dir='ltr'>ταύτην</span> <span class='ocrx_word' id='word_1_89' title='bbox 1667 1351 1852 1422; x_wconf 85' lang='grc' dir='ltr'>τρίτον</span> 
     </span>
    </p>
   </div>
   <div class='ocr_carea' id='block_1_15' title="bbox 275 1423 1849 1505">
    <p class='ocr_par' dir='ltr' id='par_1_15' title="bbox 275 1423 1849 1505">
     <span class='ocr_line' id='line_1_15' title="bbox 275 1423 1849 1505; baseline 0.009 -31"><span class='ocrx_word' id='word_1_90' title='bbox 275 1423 582 1493; x_wconf 74' lang='grc' dir='ltr'>εἰσῆλθενό</span> <span class='ocrx_word' id='word_1_91' title='bbox 636 1426 904 1497; x_wconf 58' lang='grc' dir='ltr'>μακάριος</span> <span class='ocrx_word' id='word_1_92' title='bbox 963 1430 1243 1493; x_wconf 71' lang='grc' dir='ltr'>Ἀντώνιος</span> <span class='ocrx_word' id='word_1_93' title='bbox 1296 1432 1724 1503; x_wconf 80' lang='grc' dir='ltr'>ἐπισκεψόμενός</span> <span class='ocrx_word' id='word_1_94' title='bbox 1760 1452 1849 1505; x_wconf 91' lang='grc' dir='ltr'>με,</span> 
     </span>
    </p>
   </div>
   <div class='ocr_carea' id='block_1_16' title="bbox 277 1508 1854 1588">
    <p class='ocr_par' dir='ltr' id='par_1_16' title="bbox 277 1508 1854 1588">
     <span class='ocr_line' id='line_1_16' title="bbox 277 1508 1854 1588; baseline 0.01 -31"><span class='ocrx_word' id='word_1_95' title='bbox 277 1508 377 1559; x_wconf 79' lang='grc' dir='ltr'>καὶ</span> <span class='ocrx_word' id='word_1_96' title='bbox 403 1508 778 1580; x_wconf 72' lang='grc' dir='ltr'>παρακληθεὶς</span> <span class='ocrx_word' id='word_1_97' title='bbox 831 1514 962 1582; x_wconf 77' lang='grc' dir='ltr'>παρ’</span> <span class='ocrx_word' id='word_1_98' title='bbox 1010 1513 1144 1581; x_wconf 84' lang='grc' dir='ltr'>ἐμοῦ</span> <span class='ocrx_word' id='word_1_99' title='bbox 1198 1515 1421 1585; x_wconf 87' lang='grc' dir='ltr'>ποιῆσαι</span> <span class='ocrx_word' id='word_1_100' title='bbox 1466 1516 1654 1588; x_wconf 81' lang='grc' dir='ltr'>εὐχὴν,</span> <span class='ocrx_word' id='word_1_101' title='bbox 1692 1518 1854 1584; x_wconf 84' lang='grc' dir='ltr'>εὐθὺς</span> 
     </span>
    </p>
   </div>
   <div class='ocr_carea' id='block_1_17' title="bbox 276 1590 1851 1675">
    <p class='ocr_par' dir='ltr' id='par_1_17' title="bbox 276 1590 1851 1675">
     <span class='ocr_line' id='line_1_17' title="bbox 276 1590 1851 1675; baseline 0.011 -33"><span class='ocrx_word' id='word_1_102' title='bbox 276 1590 495 1644; x_wconf 74' lang='grc' dir='ltr'>ἔκλινεν</span> <span class='ocrx_word' id='word_1_103' title='bbox 524 1594 653 1660; x_wconf 82' lang='grc' dir='ltr'>γόνυ</span> <span class='ocrx_word' id='word_1_104' title='bbox 691 1595 749 1647; x_wconf 83' lang='grc' dir='ltr'>ἐν</span> <span class='ocrx_word' id='word_1_105' title='bbox 774 1595 947 1666; x_wconf 84' lang='grc' dir='ltr'>τούτῳ</span> <span class='ocrx_word' id='word_1_106' title='bbox 973 1595 1050 1666; x_wconf 86' lang='grc' dir='ltr'>τῷ</span> <span class='ocrx_word' id='word_1_107' title='bbox 1084 1598 1299 1667; x_wconf 83' lang='grc' dir='ltr'>κελλίῳ,</span> <span class='ocrx_word' id='word_1_108' title='bbox 1327 1602 1421 1654; x_wconf 65' lang='grc' dir='ltr'>καὶ⁵</span> <span class='ocrx_word' id='word_1_109' title='bbox 1447 1602 1509 1655; x_wconf 85' lang='lat'>06</span> <span class='ocrx_word' id='word_1_110' title='bbox 1540 1606 1851 1675; x_wconf 83' lang='grc' dir='ltr'>παρεσκεύ-</span> 
     </span>
    </p>
   </div>
   <div class='ocr_carea' id='block_1_18' title="bbox 277 1673 1849 1755">
    <p class='ocr_par' dir='ltr' id='par_1_18' title="bbox 277 1673 1849 1755">
     <span class='ocr_line' id='line_1_18' title="bbox 277 1673 1849 1755; baseline 0.011 -31"><span class='ocrx_word' id='word_1_111' title='bbox 277 1673 381 1726; x_wconf 88' lang='grc' dir='ltr'>ασέ</span> <span class='ocrx_word' id='word_1_112' title='bbox 438 1692 504 1745; x_wconf 92' lang='grc' dir='ltr'>με</span> <span class='ocrx_word' id='word_1_113' title='bbox 537 1676 870 1749; x_wconf 81' lang='grc' dir='ltr'>δευτερῶσαι</span> <span class='ocrx_word' id='word_1_114' title='bbox 932 1680 1022 1733; x_wconf 85' lang='grc' dir='ltr'>τὸν</span> <span class='ocrx_word' id='word_1_115' title='bbox 1074 1682 1266 1749; x_wconf 89' lang='grc' dir='ltr'>λόγον,</span> <span class='ocrx_word' id='word_1_116' title='bbox 1309 1683 1456 1754; x_wconf 78' lang='grc' dir='ltr'>ἔργῳ</span> <span class='ocrx_word' id='word_1_117' title='bbox 1511 1703 1578 1755; x_wconf 91' lang='grc' dir='ltr'>με</span> <span class='ocrx_word' id='word_1_118' title='bbox 1626 1673 1849 1742; x_wconf 79' lang='grc' dir='ltr'>παιδεύ-</span> 
     </span>
    </p>
   </div>
   <div class='ocr_carea' id='block_1_19' title="bbox 276 1761 1851 1841">
    <p class='ocr_par' dir='ltr' id='par_1_19' title="bbox 276 1761 1851 1841">
     <span class='ocr_line' id='line_1_19' title="bbox 276 1761 1851 1841; baseline 0.011 -32"><span class='ocrx_word' id='word_1_119' title='bbox 276 1773 380 1820; x_wconf 88' lang='grc' dir='ltr'>σας</span> <span class='ocrx_word' id='word_1_120' title='bbox 416 1761 475 1811; x_wconf 92' lang='grc' dir='ltr'>ἑν</span> <span class='ocrx_word' id='word_1_121' title='bbox 507 1762 572 1831; x_wconf 84' lang='grc' dir='ltr'>τῇ</span> <span class='ocrx_word' id='word_1_122' title='bbox 607 1761 841 1833; x_wconf 77' lang='grc' dir='ltr'>ὑπακοῇ.</span> <span class='ocrx_word' id='word_1_123' title='bbox 879 1762 1043 1817; x_wconf 80' lang='grc' dir='ltr'>Ὥστε</span> <span class='ocrx_word' id='word_1_124' title='bbox 1076 1762 1170 1819; x_wconf 86' lang='grc' dir='ltr'>οῦν</span> <span class='ocrx_word' id='word_1_125' title='bbox 1216 1768 1264 1820; x_wconf 85' lang='grc' dir='ltr'>εί</span> <span class='ocrx_word' id='word_1_126' title='bbox 1295 1769 1417 1820; x_wconf 87' lang='grc' dir='ltr'>κατ’</span> <span class='ocrx_word' id='word_1_127' title='bbox 1454 1770 1597 1840; x_wconf 74' lang='grc' dir='ltr'>ἴχνος</span> <span class='ocrx_word' id='word_1_128' title='bbox 1645 1771 1851 1841; x_wconf 87' lang='grc' dir='ltr'>βαίνεις</span> 
     </span>
    </p>
   </div>
   <div class='ocr_carea' id='block_1_20' title="bbox 1970 606 3544 693">
    <p class='ocr_par' dir='ltr' id='par_1_20' title="bbox 1970 606 3544 693">
     <span class='ocr_line' id='line_1_20' title="bbox 1970 606 3544 693; baseline 0.013 -33"><span class='ocrx_word' id='word_1_129' title='bbox 1970 606 2099 693; x_wconf 73' lang='grc' dir='ltr'>τῶν,</span> <span class='ocrx_word' id='word_1_130' title='bbox 2130 612 2224 663; x_wconf 70' lang='grc' dir='ltr'>καὶ</span> <span class='ocrx_word' id='word_1_131' title='bbox 2254 611 2565 684; x_wconf 89' lang='grc' dir='ltr'>μαρτύρων.</span> <span class='ocrx_word' id='word_1_132' title='bbox 2602 616 2714 685; x_wconf 87' lang='grc' dir='ltr'>Τῆς</span> <span class='ocrx_word' id='word_1_133' title='bbox 2742 616 2799 669; x_wconf 76' lang='grc' dir='ltr'>δὲ</span> <span class='ocrx_word' id='word_1_134' title='bbox 2839 617 3079 688; x_wconf 77' lang='grc' dir='ltr'>ἑσπέρας</span> <span class='ocrx_word' id='word_1_135' title='bbox 3107 606 3544 693; x_wconf 78' lang='grc' dir='ltr'>καταλαϐούσης,</span> 
     </span>
    </p>
   </div>
   <div class='ocr_carea' id='block_1_21' title="bbox 1969 689 3547 776">
    <p class='ocr_par' dir='ltr' id='par_1_21' title="bbox 1969 689 3547 776">
     <span class='ocr_line' id='line_1_21' title="bbox 1969 689 3547 776; baseline 0.013 -33"><span class='ocrx_word' id='word_1_136' title='bbox 1969 689 2370 776; x_wconf 77' lang='grc' dir='ltr'>δοξολογήσασά</span> <span class='ocrx_word' id='word_1_137' title='bbox 2435 700 2538 765; x_wconf 82' lang='grc' dir='ltr'>μου</span> <span class='ocrx_word' id='word_1_138' title='bbox 2595 697 2686 750; x_wconf 85' lang='lat' dir='ltr'><strong>16v</strong></span> <span class='ocrx_word' id='word_1_139' title='bbox 2744 700 3051 772; x_wconf 86' lang='grc' dir='ltr'>Δεσπότην,</span> <span class='ocrx_word' id='word_1_140' title='bbox 3109 703 3275 759; x_wconf 88' lang='grc' dir='ltr'>ἐσθίω</span> <span class='ocrx_word' id='word_1_141' title='bbox 3306 723 3408 776; x_wconf 90' lang='grc' dir='ltr'>μου</span> <span class='ocrx_word' id='word_1_142' title='bbox 3455 689 3547 764; x_wconf 76' lang='grc' dir='ltr'>τὸν</span> 
     </span>
    </p>
   </div>
   <div class='ocr_carea' id='block_1_22' title="bbox 1968 772 3545 861">
    <p class='ocr_par' dir='ltr' id='par_1_22' title="bbox 1968 772 3545 861">
     <span class='ocr_line' id='line_1_22' title="bbox 1968 772 3545 861; baseline 0.012 -35"><span class='ocrx_word' id='word_1_143' title='bbox 1968 772 2182 844; x_wconf 67' lang='grc' dir='ltr'>ψωμὸν,</span> <span class='ocrx_word' id='word_1_144' title='bbox 2243 777 2341 840; x_wconf 86' lang='grc' dir='ltr'>τὰς</span> <span class='ocrx_word' id='word_1_145' title='bbox 2377 778 2556 842; x_wconf 85' lang='grc' dir='ltr'>πάσας</span> <span class='ocrx_word' id='word_1_146' title='bbox 2612 780 2759 852; x_wconf 85' lang='grc' dir='ltr'>ὥρας</span> <span class='ocrx_word' id='word_1_147' title='bbox 2816 783 2916 853; x_wconf 89' lang='grc' dir='ltr'>τῆς</span> <span class='ocrx_word' id='word_1_148' title='bbox 2961 786 3155 849; x_wconf 73' lang='grc' dir='ltr'>νυκτὸς</span> <span class='ocrx_word' id='word_1_149' title='bbox 3204 772 3545 861; x_wconf 80' lang='grc' dir='ltr'>προσκαρτε-</span> 
     </span>
    </p>
   </div>
   <div class='ocr_carea' id='block_1_23' title="bbox 1971 857 3543 944">
    <p class='ocr_par' dir='ltr' id='par_1_23' title="bbox 1971 857 3543 944">
     <span class='ocr_line' id='line_1_23' title="bbox 1971 857 3543 944; baseline 0.013 -36"><span class='ocrx_word' id='word_1_150' title='bbox 1971 857 2151 944; x_wconf 38' lang='grc' dir='ltr'>ροῦσά-</span> <span class='ocrx_word' id='word_1_151' title='bbox 2171 863 2363 944; x_wconf 40' lang='grc' dir='ltr'>μου-τῇ</span> <span class='ocrx_word' id='word_1_152' title='bbox 2395 862 2578 932; x_wconf 81' lang='grc' dir='ltr'>δεήσει</span> <span class='ocrx_word' id='word_1_153' title='bbox 2611 903 2627 925; x_wconf 88' lang='grc'>,</span> <span class='ocrx_word' id='word_1_154' title='bbox 2652 868 2747 918; x_wconf 80' lang='grc' dir='ltr'>καὶ</span> <span class='ocrx_word' id='word_1_155' title='bbox 2782 867 2843 919; x_wconf 84' lang='grc' dir='ltr'>τό</span> <span class='ocrx_word' id='word_1_156' title='bbox 2868 867 3021 932; x_wconf 85' lang='grc' dir='ltr'>τέλος</span> <span class='ocrx_word' id='word_1_157' title='bbox 3047 857 3376 943; x_wconf 82' lang='grc' dir='ltr'>ἐκδεχομένη</span> <span class='ocrx_word' id='word_1_158' title='bbox 3417 857 3543 944; x_wconf 83' lang='grc' dir='ltr'>μου,</span> 
     </span>
    </p>
   </div>
   <div class='ocr_carea' id='block_1_24' title="bbox 1968 937 3545 1025">
    <p class='ocr_par' dir='ltr' id='par_1_24' title="bbox 1968 937 3545 1025">
     <span class='ocr_line' id='line_1_24' title="bbox 1968 937 3545 1025; baseline 0.015 -37"><span class='ocrx_word' id='word_1_159' title='bbox 1968 937 2095 1025; x_wconf 76' lang='grc' dir='ltr'>πότε</span> <span class='ocrx_word' id='word_1_160' title='bbox 2130 941 2388 1025; x_wconf 81' lang='grc' dir='ltr'>ἀναλύσω</span> <span class='ocrx_word' id='word_1_161' title='bbox 2429 945 2681 999; x_wconf 81' lang='grc' dir='ltr'>ἐντεῦθεν</span> <span class='ocrx_word' id='word_1_162' title='bbox 2716 950 2831 1018; x_wconf 86' lang='grc' dir='ltr'>μετ’</span> <span class='ocrx_word' id='word_1_163' title='bbox 2884 951 3115 1007; x_wconf 76' lang='grc' dir='ltr'>ἐλπίδων</span> <span class='ocrx_word' id='word_1_164' title='bbox 3149 937 3431 1025; x_wconf 62' lang='grc' dir='ltr'>χρηστῶν,</span> <span class='ocrx_word' id='word_1_165' title='bbox 3451 937 3545 1012; x_wconf 77' lang='lat' dir='ltr'>x01</span> 
     </span>
    </p>
   </div>
   <div class='ocr_carea' id='block_1_25' title="bbox 1965 1020 3113 1104">
    <p class='ocr_par' dir='ltr' id='par_1_25' title="bbox 1965 1020 3113 1104">
     <span class='ocr_line' id='line_1_25' title="bbox 1965 1020 3113 1104; baseline 0.015 -31"><span class='ocrx_word' id='word_1_166' title='bbox 1965 1020 2280 1094; x_wconf 78' lang='grc' dir='ltr'>ὀφθήσομαι</span> <span class='ocrx_word' id='word_1_167' title='bbox 2322 1024 2400 1095; x_wconf 84' lang='grc' dir='ltr'>τῷ</span> <span class='ocrx_word' id='word_1_168' title='bbox 2432 1028 2710 1103; x_wconf 84' lang='grc' dir='ltr'>προσώπῳ</span> <span class='ocrx_word' id='word_1_169' title='bbox 2735 1030 2831 1085; x_wconf 90' lang='grc' dir='ltr'>τοῦ</span> <span class='ocrx_word' id='word_1_170' title='bbox 2853 1033 3113 1104; x_wconf 88' lang='grc' dir='ltr'>Χριστοῦ,</span> 
     </span>
    </p>
   </div>
   <div class='ocr_carea' id='block_1_26' title="bbox 2037 1127 3541 1209">
    <p class='ocr_par' dir='ltr' id='par_1_26' title="bbox 2037 1127 3541 1209">
     <span class='ocr_line' id='line_1_26' title="bbox 2037 1127 3541 1209; baseline 0.015 -30"><span class='ocrx_word' id='word_1_171' title='bbox 2037 1127 2110 1180; x_wconf 86' lang='grc' dir='ltr'>Οὐ</span> <span class='ocrx_word' id='word_1_172' title='bbox 2144 1129 2468 1202; x_wconf 75' lang='grc' dir='ltr'>παραλείψω</span> <span class='ocrx_word' id='word_1_173' title='bbox 2500 1133 2555 1186; x_wconf 66' lang='grc' dir='ltr'>δὲ</span> <span class='ocrx_word' id='word_1_174' title='bbox 2600 1135 2657 1187; x_wconf 89' lang='grc' dir='ltr'>ἐν</span> <span class='ocrx_word' id='word_1_175' title='bbox 2696 1136 2773 1208; x_wconf 83' lang='grc' dir='ltr'>τῷ</span> <span class='ocrx_word' id='word_1_176' title='bbox 2816 1136 3117 1209; x_wconf 86' lang='grc' dir='ltr'>διηγήματι</span> <span class='ocrx_word' id='word_1_177' title='bbox 3169 1143 3265 1197; x_wconf 74' lang='grc' dir='ltr'>καὶ</span> <span class='ocrx_word' id='word_1_178' title='bbox 3309 1145 3437 1209; x_wconf 82' lang='grc' dir='ltr'>τοὺς</span> <span class='ocrx_word' id='word_1_179' title='bbox 3480 1147 3541 1201; x_wconf 79' lang='grc' dir='ltr'>ἑν</span> 
     </span>
    </p>
   </div>
   <div class='ocr_carea' id='block_1_27' title="bbox 1966 1211 3537 1295">
    <p class='ocr_par' dir='ltr' id='par_1_27' title="bbox 1966 1211 3537 1295">
     <span class='ocr_line' id='line_1_27' title="bbox 1966 1211 3537 1295; baseline 0.013 -34"><span class='ocrx_word' id='word_1_180' title='bbox 1966 1211 2316 1282; x_wconf 76' lang='grc' dir='ltr'>προσχήματι</span> <span class='ocrx_word' id='word_1_181' title='bbox 2339 1212 2649 1281; x_wconf 87' lang='grc' dir='ltr'>θεοσεϐείας</span> <span class='ocrx_word' id='word_1_182' title='bbox 2674 1220 2732 1272; x_wconf 91' lang='grc' dir='ltr'>ἑν</span> <span class='ocrx_word' id='word_1_183' title='bbox 2756 1225 3158 1295; x_wconf 84' lang='grc' dir='ltr'>καταφρονήσει</span> <span class='ocrx_word' id='word_1_184' title='bbox 3181 1223 3537 1294; x_wconf 91' lang='grc' dir='ltr'>βεϐιωκότας,</span> 
     </span>
    </p>
   </div>
   <div class='ocr_carea' id='block_1_28' title="bbox 1967 1294 3539 1382">
    <p class='ocr_par' dir='ltr' id='par_1_28' title="bbox 1967 1294 3539 1382">
     <span class='ocr_line' id='line_1_28' title="bbox 1967 1294 3539 1382; baseline 0.013 -37"><span class='ocrx_word' id='word_1_185' title='bbox 1967 1295 2049 1357; x_wconf 88' lang='grc' dir='ltr'>είς</span> <span class='ocrx_word' id='word_1_186' title='bbox 2079 1294 2303 1382; x_wconf 80' lang='grc' dir='ltr'>ἔπαινον</span> <span class='ocrx_word' id='word_1_187' title='bbox 2342 1298 2450 1351; x_wconf 89' lang='grc' dir='ltr'>τῶν</span> <span class='ocrx_word' id='word_1_188' title='bbox 2491 1302 2919 1373; x_wconf 90' lang='grc' dir='ltr'>κατωρθοκότων</span> <span class='ocrx_word' id='word_1_189' title='bbox 2945 1294 3310 1382; x_wconf 9' lang='grc' dir='ltr'>τὴνφάρετὴν,</span> <span class='ocrx_word' id='word_1_190' title='bbox 3361 1310 3539 1381; x_wconf 87' lang='grc' dir='ltr'>ἀσφά-</span> 
     </span>
    </p>
   </div>
   <div class='ocr_carea' id='block_1_29' title="bbox 1962 1377 3372 1460">
    <p class='ocr_par' dir='ltr' id='par_1_29' title="bbox 1962 1377 3372 1460">
     <span class='ocr_line' id='line_1_29' title="bbox 1962 1377 3372 1460; baseline 0.013 -31"><span class='ocrx_word' id='word_1_191' title='bbox 1962 1377 2113 1431; x_wconf 83' lang='grc' dir='ltr'>λειαν</span> <span class='ocrx_word' id='word_1_192' title='bbox 2134 1378 2191 1431; x_wconf 78' lang='grc' dir='ltr'>δὲ</span> <span class='ocrx_word' id='word_1_193' title='bbox 2223 1379 2318 1433; x_wconf 74' lang='grc' dir='ltr'>καὶ</span> <span class='ocrx_word' id='word_1_194' title='bbox 2355 1384 2758 1455; x_wconf 80' lang='grc' dir='ltr'>παραφυλακήν</span> <span class='ocrx_word' id='word_1_195' title='bbox 2782 1387 2892 1441; x_wconf 90' lang='grc' dir='ltr'>τῶν</span> <span class='ocrx_word' id='word_1_196' title='bbox 2916 1377 3372 1460; x_wconf 72' lang='grc' dir='ltr'>ἐντυγχανόντων.</span> 
     </span>
    </p>
   </div>
   <div class='ocr_carea' id='block_1_30' title="bbox 2546 1536 2929 1607">
    <p class='ocr_par' dir='ltr' id='par_1_30' title="bbox 2546 1536 2929 1607">
     <span class='ocr_line' id='line_1_30' title="bbox 2546 1536 2929 1607; baseline 0.013 -17"><span class='ocrx_word' id='word_1_197' title='bbox 2546 1536 2795 1594; x_wconf 75' lang='grc' dir='ltr'>ΚΕΦΔΛ.</span> <span class='ocrx_word' id='word_1_198' title='bbox 2838 1542 2929 1607; x_wconf 68' lang='grc' dir='ltr'>(τ’.</span> 
     </span>
    </p>
   </div>
   <div class='ocr_carea' id='block_1_31' title="bbox 2202 1660 3288 1738">
    <p class='ocr_par' dir='ltr' id='par_1_31' title="bbox 2202 1660 3288 1738">
     <span class='ocr_line' id='line_1_31' title="bbox 2202 1660 3288 1738; baseline 0.013 -24"><span class='ocrx_word' id='word_1_199' title='bbox 2202 1660 2345 1728; x_wconf 77' lang='grc' dir='ltr'>Περι</span> <span class='ocrx_word' id='word_1_200' title='bbox 2401 1660 2511 1730; x_wconf 83' lang='grc' dir='ltr'>τῆς</span> <span class='ocrx_word' id='word_1_201' title='bbox 2540 1666 2911 1737; x_wconf 71' lang='grc' dir='ltr'>φιλαργύρου</span> <span class='ocrx_word' id='word_1_202' title='bbox 2965 1670 3288 1738; x_wconf 74' lang='grc' dir='ltr'>παρθένου.</span> 
     </span>
    </p>
   </div>
   <div class='ocr_carea' id='block_1_32' title="bbox 2028 1775 3532 1863">
    <p class='ocr_par' dir='ltr' id='par_1_32' title="bbox 2028 1775 3532 1863">
     <span class='ocr_line' id='line_1_32' title="bbox 2028 1775 3532 1863; baseline 0.013 -35"><span class='ocrx_word' id='word_1_203' title='bbox 2028 1775 2307 1863; x_wconf 75' lang='grc' dir='ltr'>Παρθένος</span> <span class='ocrx_word' id='word_1_204' title='bbox 2332 1796 2417 1863; x_wconf 83' lang='grc' dir='ltr'>τις</span> <span class='ocrx_word' id='word_1_205' title='bbox 2464 1781 2689 1851; x_wconf 88' lang='grc' dir='ltr'>γέγονεν</span> <span class='ocrx_word' id='word_1_206' title='bbox 2736 1785 2794 1837; x_wconf 77' lang='grc' dir='ltr'>ἐν</span> <span class='ocrx_word' id='word_1_207' title='bbox 2848 1788 2913 1856; x_wconf 76' lang='grc' dir='ltr'>τῇ</span> <span class='ocrx_word' id='word_1_208' title='bbox 2953 1786 3352 1863; x_wconf 74' lang='grc' dir='ltr'>’Δλεξανδρείᾳ,</span> <span class='ocrx_word' id='word_1_209' title='bbox 3412 1794 3532 1848; x_wconf 80' lang='grc' dir='ltr'>ὀνό-</span> 
     </span>
    </p>
   </div>
   <div class='ocr_carea' id='block_1_33' title="bbox 270 1842 3531 1946">
    <p class='ocr_par' dir='ltr' id='par_1_33' title="bbox 270 1842 3531 1946">
     <span class='ocr_line' id='line_1_33' title="bbox 270 1842 3531 1946; baseline 0.011 -53"><span class='ocrx_word' id='word_1_210' title='bbox 270 1842 371 1894; x_wconf 75' lang='grc' dir='ltr'>καὶ</span> <span class='ocrx_word' id='word_1_211' title='bbox 402 1844 467 1895; x_wconf 79' lang='grc' dir='ltr'>σὺ</span> <span class='ocrx_word' id='word_1_212' title='bbox 494 1845 592 1912; x_wconf 88' lang='grc' dir='ltr'>τῆς</span> <span class='ocrx_word' id='word_1_213' title='bbox 624 1845 832 1898; x_wconf 84' lang='grc' dir='ltr'>ἐκείνου</span> <span class='ocrx_word' id='word_1_214' title='bbox 861 1847 1161 1946; x_wconf 70' lang='grc' dir='ltr'>πολιτείας,</span> <span class='ocrx_word' id='word_1_215' title='bbox 1210 1850 1309 1903; x_wconf 86' lang='grc' dir='ltr'>ὃσα</span> <span class='ocrx_word' id='word_1_216' title='bbox 1340 1870 1399 1905; x_wconf 90' lang='grc' dir='ltr'>τε</span> <span class='ocrx_word' id='word_1_217' title='bbox 1433 1855 1704 1923; x_wconf 76' lang='grc' dir='ltr'>μονάζων,</span> <span class='ocrx_word' id='word_1_218' title='bbox 1755 1859 1848 1912; x_wconf 80' lang='grc' dir='ltr'>καὶ</span> <span class='ocrx_word' id='word_1_219' title='bbox 1882 1881 1926 1937; x_wconf 77' lang='grc' dir='ltr'><strong>Β</strong></span> <span class='ocrx_word' id='word_1_220' title='bbox 1960 1876 2087 1929; x_wconf 85' lang='grc' dir='ltr'>ματι</span> <span class='ocrx_word' id='word_1_221' title='bbox 2118 1842 2310 1929; x_wconf 70' lang='grc' dir='ltr'>μόνον,</span> <span class='ocrx_word' id='word_1_222' title='bbox 2346 1842 2424 1933; x_wconf 83' lang='grc' dir='ltr'>τῷ</span> <span class='ocrx_word' id='word_1_223' title='bbox 2581 1868 2822 1936; x_wconf 87' lang='grc' dir='ltr'>σχήματι</span> <span class='ocrx_word' id='word_1_224' title='bbox 2852 1842 3014 1939; x_wconf 75' lang='grc' dir='ltr'>δῆθεν</span> <span class='ocrx_word' id='word_1_225' title='bbox 3056 1842 3317 1945; x_wconf 60' lang='grc' dir='ltr'>τᾶπεὶνῆῖ</span> <span class='ocrx_word' id='word_1_226' title='bbox 3338 1842 3531 1946; x_wconf 32' lang='grc' dir='ltr'>’τῆν’δὲ</span> 
     </span>
    </p>
   </div>
   <div class='ocr_carea' id='block_1_34' title="bbox 268 1923 3530 2023">
    <p class='ocr_par' dir='ltr' id='par_1_34' title="bbox 268 1923 3530 2023">
     <span class='ocr_line' id='line_1_34' title="bbox 268 1923 3530 2023; baseline 0.011 -48"><span class='ocrx_word' id='word_1_227' title='bbox 268 1923 343 1975; x_wconf 84' lang='grc' dir='ltr'>δι’</span> <span class='ocrx_word' id='word_1_228' title='bbox 373 1926 574 1996; x_wconf 81' lang='grc' dir='ltr'>ἀρετήν</span> <span class='ocrx_word' id='word_1_229' title='bbox 614 1926 934 1993; x_wconf 81' lang='grc' dir='ltr'>ξενιτεύων,</span> <span class='ocrx_word' id='word_1_230' title='bbox 957 1930 1163 1984; x_wconf 83' lang='grc' dir='ltr'>ἀπόθου</span> <span class='ocrx_word' id='word_1_231' title='bbox 1192 1934 1373 1988; x_wconf 81' lang='grc' dir='ltr'>πᾶσαν</span> <span class='ocrx_word' id='word_1_232' title='bbox 1397 1936 1751 2004; x_wconf 89' lang='grc' dir='ltr'>φιλονεικίαν.</span> <span class='ocrx_word' id='word_1_233' title='bbox 1784 1941 1843 1995; x_wconf 83' lang='lat'>&#39;0</span> <span class='ocrx_word' id='word_1_234' title='bbox 1883 1923 1925 1937; x_wconf 55' lang='grc' dir='ltr'><em>υ</em></span> <span class='ocrx_word' id='word_1_235' title='bbox 1953 1923 2272 2015; x_wconf 73' lang='grc' dir='ltr'>προαιρέσει</span> <span class='ocrx_word' id='word_1_236' title='bbox 2299 1923 2584 2014; x_wconf 76' lang='grc' dir='ltr'>φειδωλὸς,</span> <span class='ocrx_word' id='word_1_237' title='bbox 2615 1923 2874 2023; x_wconf 43' lang='grc' dir='ltr'>ῇσοϐαρή,</span> <span class='ocrx_word' id='word_1_238' title='bbox 2905 1923 3012 2005; x_wconf 55' lang='grc' dir='ltr'>’καὶ</span> <span class='ocrx_word' id='word_1_239' title='bbox 3063 1923 3424 2023; x_wconf 49' lang='grc' dir='ltr'>φιλόπλᾶδτοέ</span> <span class='ocrx_word' id='word_1_240' title='bbox 3450 1923 3530 2023; x_wconf 68' lang='grc' dir='ltr'>είς</span> 
     </span>
    </p>
   </div>
   <div class='ocr_carea' id='block_1_35' title="bbox 268 2008 1848 2094">
    <p class='ocr_par' dir='ltr' id='par_1_35' title="bbox 268 2008 1848 2094">
     <span class='ocr_line' id='line_1_35' title="bbox 268 2008 1848 2094; baseline 0.012 -35"><span class='ocrx_word' id='word_1_241' title='bbox 268 2008 437 2071; x_wconf 77' lang='lat'><strong>0616;</strong></span> <span class='ocrx_word' id='word_1_242' title='bbox 463 2010 763 2081; x_wconf 88' lang='grc' dir='ltr'>διηγήσατό</span> <span class='ocrx_word' id='word_1_243' title='bbox 794 2029 886 2082; x_wconf 93' lang='grc' dir='ltr'>μοι</span> <span class='ocrx_word' id='word_1_244' title='bbox 939 2014 1261 2084; x_wconf 78' lang='grc' dir='ltr'>καὶτοῦτο,</span> <span class='ocrx_word' id='word_1_245' title='bbox 1318 2018 1399 2071; x_wconf 85' lang='grc' dir='ltr'>ὅτι</span> <span class='ocrx_word' id='word_1_246' title='bbox 1442 2020 1529 2073; x_wconf 86' lang='grc' dir='ltr'>Ἐν</span> <span class='ocrx_word' id='word_1_247' title='bbox 1590 2024 1688 2094; x_wconf 79' lang='grc' dir='ltr'>μιᾷ</span> <span class='ocrx_word' id='word_1_248' title='bbox 1739 2024 1848 2079; x_wconf 85' lang='grc' dir='ltr'>τῶν</span> 
     </span>
    </p>
   </div>
   <div class='ocr_carea' id='block_1_36' title="bbox 264 2091 1844 2172">
    <p class='ocr_par' dir='ltr' id='par_1_36' title="bbox 264 2091 1844 2172">
     <span class='ocr_line' id='line_1_36' title="bbox 264 2091 1844 2172; baseline 0.013 -32"><span class='ocrx_word' id='word_1_249' title='bbox 264 2091 496 2161; x_wconf 79' lang='grc' dir='ltr'>ἡμερῶν</span> <span class='ocrx_word' id='word_1_250' title='bbox 523 2094 903 2163; x_wconf 74' lang='grc' dir='ltr'>φροντίζοντάς</span> <span class='ocrx_word' id='word_1_251' title='bbox 938 2113 1040 2166; x_wconf 91' lang='grc' dir='ltr'>μου</span> <span class='ocrx_word' id='word_1_252' title='bbox 1076 2100 1203 2170; x_wconf 78' lang='grc' dir='ltr'>περὶ</span> <span class='ocrx_word' id='word_1_253' title='bbox 1234 2101 1334 2170; x_wconf 86' lang='grc' dir='ltr'>τῆς</span> <span class='ocrx_word' id='word_1_254' title='bbox 1356 2101 1506 2172; x_wconf 76' lang='grc' dir='ltr'>ζωῆς</span> <span class='ocrx_word' id='word_1_255' title='bbox 1553 2091 1844 2161; x_wconf 85' lang='grc' dir='ltr'>ἰουλιανοῦ</span> 
     </span>
    </p>
   </div>
   <div class='ocr_carea' id='block_1_37' title="bbox 262 2174 1847 2260">
    <p class='ocr_par' dir='ltr' id='par_1_37' title="bbox 262 2174 1847 2260">
     <span class='ocr_line' id='line_1_37' title="bbox 262 2174 1847 2260; baseline 0.013 -35"><span class='ocrx_word' id='word_1_256' title='bbox 262 2175 362 2227; x_wconf 83' lang='grc' dir='ltr'>τοῦ</span> <span class='ocrx_word' id='word_1_257' title='bbox 396 2174 583 2229; x_wconf 81' lang='grc' dir='ltr'>ἀθλίου</span> <span class='ocrx_word' id='word_1_258' title='bbox 616 2177 902 2247; x_wconf 81' lang='grc' dir='ltr'>βασιλέως,</span> <span class='ocrx_word' id='word_1_259' title='bbox 943 2182 1019 2247; x_wconf 85' lang='grc' dir='ltr'>ὡς</span> <span class='ocrx_word' id='word_1_260' title='bbox 1067 2183 1299 2239; x_wconf 82' lang='grc' dir='ltr'>διώκτου</span> <span class='ocrx_word' id='word_1_261' title='bbox 1323 2228 1340 2253; x_wconf 90' lang='grc'>,</span> <span class='ocrx_word' id='word_1_262' title='bbox 1380 2188 1476 2241; x_wconf 77' lang='grc' dir='ltr'>καὶ</span> <span class='ocrx_word' id='word_1_263' title='bbox 1512 2188 1847 2260; x_wconf 81' lang='grc' dir='ltr'>ἀδημονοῦν-</span> 
     </span>
    </p>
   </div>
   <div class='ocr_carea' id='block_1_38' title="bbox 260 2257 1844 2346">
    <p class='ocr_par' dir='ltr' id='par_1_38' title="bbox 260 2257 1844 2346">
     <span class='ocr_line' id='line_1_38' title="bbox 260 2257 1844 2346; baseline 0.012 -35"><span class='ocrx_word' id='word_1_264' title='bbox 260 2257 360 2346; x_wconf 72' lang='grc' dir='ltr'>τός</span> <span class='ocrx_word' id='word_1_265' title='bbox 384 2276 510 2346; x_wconf 69' lang='grc' dir='ltr'>μου,</span> <span class='ocrx_word' id='word_1_266' title='bbox 542 2261 701 2346; x_wconf 65' lang='grc' dir='ltr'>ἐτυχέ</span> <span class='ocrx_word' id='word_1_267' title='bbox 737 2279 867 2317; x_wconf 87' lang='grc' dir='ltr'>ποτε</span> <span class='ocrx_word' id='word_1_268' title='bbox 893 2265 1053 2337; x_wconf 84' lang='grc' dir='ltr'>ἀχρις</span> <span class='ocrx_word' id='word_1_269' title='bbox 1082 2268 1329 2339; x_wconf 75' lang='grc' dir='ltr'>ἑσπέρας</span> <span class='ocrx_word' id='word_1_270' title='bbox 1359 2269 1582 2340; x_wconf 75' lang='grc' dir='ltr'>βαθείας</span> <span class='ocrx_word' id='word_1_271' title='bbox 1601 2257 1844 2346; x_wconf 76' lang='grc' dir='ltr'>μηδενὸς</span> 
     </span>
    </p>
   </div>
   <div class='ocr_carea' id='block_1_39' title="bbox 261 2341 1845 2426">
    <p class='ocr_par' dir='ltr' id='par_1_39' title="bbox 261 2341 1845 2426">
     <span class='ocr_line' id='line_1_39' title="bbox 261 2341 1845 2426; baseline 0.012 -32"><span class='ocrx_word' id='word_1_272' title='bbox 261 2341 567 2409; x_wconf 81' lang='grc' dir='ltr'>γεύσασθαί</span> <span class='ocrx_word' id='word_1_273' title='bbox 619 2363 687 2416; x_wconf 91' lang='grc' dir='ltr'>με</span> <span class='ocrx_word' id='word_1_274' title='bbox 743 2347 930 2402; x_wconf 79' lang='grc' dir='ltr'>ἕνεκεν</span> <span class='ocrx_word' id='word_1_275' title='bbox 976 2350 1182 2422; x_wconf 79' lang='grc' dir='ltr'>ταύτης</span> <span class='ocrx_word' id='word_1_276' title='bbox 1228 2354 1327 2425; x_wconf 90' lang='grc' dir='ltr'>τῆς</span> <span class='ocrx_word' id='word_1_277' title='bbox 1366 2341 1691 2426; x_wconf 72' lang='grc' dir='ltr'>φροντίδος,</span> <span class='ocrx_word' id='word_1_278' title='bbox 1750 2361 1845 2413; x_wconf 78' lang='grc' dir='ltr'>καὶ</span> 
     </span>
    </p>
   </div>
   <div class='ocr_carea' id='block_1_40' title="bbox 263 2425 1840 2515">
    <p class='ocr_par' dir='ltr' id='par_1_40' title="bbox 263 2425 1840 2515">
     <span class='ocr_line' id='line_1_40' title="bbox 263 2425 1840 2515; baseline 0.013 -38"><span class='ocrx_word' id='word_1_279' title='bbox 263 2425 635 2515; x_wconf 62' lang='grc' dir='ltr'>καθεζομένου</span> <span class='ocrx_word' id='word_1_280' title='bbox 669 2446 771 2500; x_wconf 91' lang='grc' dir='ltr'>μου</span> <span class='ocrx_word' id='word_1_281' title='bbox 797 2433 855 2485; x_wconf 90' lang='grc' dir='ltr'>ἑν</span> <span class='ocrx_word' id='word_1_282' title='bbox 888 2433 965 2504; x_wconf 87' lang='grc' dir='ltr'>τῷ</span> <span class='ocrx_word' id='word_1_283' title='bbox 997 2433 1172 2506; x_wconf 85' lang='grc' dir='ltr'>θρόνῳ</span> <span class='ocrx_word' id='word_1_284' title='bbox 1221 2425 1612 2511; x_wconf 88' lang='grc' dir='ltr'>κατενεχθῆναι</span> <span class='ocrx_word' id='word_1_285' title='bbox 1664 2441 1840 2515; x_wconf 79' lang='grc' dir='ltr'>ὕπνῳ,</span> 
     </span>
    </p>
   </div>
   <div class='ocr_carea' id='block_1_41' title="bbox 262 2509 1843 2597">
    <p class='ocr_par' dir='ltr' id='par_1_41' title="bbox 262 2509 1843 2597">
     <span class='ocr_line' id='line_1_41' title="bbox 262 2509 1843 2597; baseline 0.014 -37"><span class='ocrx_word' id='word_1_286' title='bbox 262 2511 361 2562; x_wconf 76' lang='grc' dir='ltr'>καὶ</span> <span class='ocrx_word' id='word_1_287' title='bbox 392 2509 519 2563; x_wconf 85' lang='grc' dir='ltr'>ἰδεῖν</span> <span class='ocrx_word' id='word_1_288' title='bbox 569 2513 628 2565; x_wconf 93' lang='grc' dir='ltr'>ἐν</span> <span class='ocrx_word' id='word_1_289' title='bbox 660 2515 918 2569; x_wconf 78' lang='grc' dir='ltr'>ἐκστάσει</span> <span class='ocrx_word' id='word_1_290' title='bbox 951 2517 1153 2584; x_wconf 82' lang='grc' dir='ltr'>ἵππους</span> <span class='ocrx_word' id='word_1_291' title='bbox 1193 2509 1843 2597; x_wconf 80' lang='grc' dir='ltr'>λευκοὺςδιατρέχοντας</span> 
     </span>
    </p>
   </div>
   <div class='ocr_carea' id='block_1_42' title="bbox 263 2593 1843 2674">
    <p class='ocr_par' dir='ltr' id='par_1_42' title="bbox 263 2593 1843 2674">
     <span class='ocr_line' id='line_1_42' title="bbox 263 2593 1843 2674; baseline 0.014 -31"><span class='ocrx_word' id='word_1_292' title='bbox 263 2593 407 2659; x_wconf 83' lang='grc' dir='ltr'>μετά</span> <span class='ocrx_word' id='word_1_293' title='bbox 436 2594 544 2647; x_wconf 90' lang='grc' dir='ltr'>τῶν</span> <span class='ocrx_word' id='word_1_294' title='bbox 578 2596 873 2664; x_wconf 89' lang='grc' dir='ltr'>ἐπιϐατῶν,</span> <span class='ocrx_word' id='word_1_295' title='bbox 926 2601 1021 2654; x_wconf 77' lang='grc' dir='ltr'>καὶ</span> <span class='ocrx_word' id='word_1_296' title='bbox 1051 2604 1445 2674; x_wconf 86' lang='grc' dir='ltr'>κηρύττοντας,</span> <span class='ocrx_word' id='word_1_297' title='bbox 1498 2593 1706 2663; x_wconf 73' lang='grc' dir='ltr'>Εἴπατε</span> <span class='ocrx_word' id='word_1_298' title='bbox 1752 2612 1843 2664; x_wconf 90' lang='grc' dir='ltr'>Δι-</span> 
     </span>
    </p>
   </div>
   <div class='ocr_carea' id='block_1_43' title="bbox 258 2674 1839 2761">
    <p class='ocr_par' dir='ltr' id='par_1_43' title="bbox 258 2674 1839 2761">
     <span class='ocr_line' id='line_1_43' title="bbox 258 2674 1839 2761; baseline 0.015 -36"><span class='ocrx_word' id='word_1_299' title='bbox 258 2674 438 2761; x_wconf 83' lang='grc' dir='ltr'>δύμῳ,</span> <span class='ocrx_word' id='word_1_300' title='bbox 477 2679 717 2761; x_wconf 81' lang='grc' dir='ltr'>σήμερον</span> <span class='ocrx_word' id='word_1_301' title='bbox 748 2681 984 2755; x_wconf 90' lang='grc' dir='ltr'>ἑϐδόμην</span> <span class='ocrx_word' id='word_1_302' title='bbox 1017 2683 1168 2757; x_wconf 90' lang='grc' dir='ltr'>ῶραν</span> <span class='ocrx_word' id='word_1_303' title='bbox 1200 2687 1552 2761; x_wconf 74' lang='grc' dir='ltr'>ἐτελεύτησεν</span> <span class='ocrx_word' id='word_1_304' title='bbox 1611 2692 1839 2749; x_wconf 80' lang='grc' dir='ltr'>Ἰουλια-</span> 
     </span>
    </p>
   </div>
   <div class='ocr_carea' id='block_1_44' title="bbox 260 2754 1839 2843">
    <p class='ocr_par' dir='ltr' id='par_1_44' title="bbox 260 2754 1839 2843">
     <span class='ocr_line' id='line_1_44' title="bbox 260 2754 1839 2843; baseline 0.013 -31"><span class='ocrx_word' id='word_1_305' title='bbox 260 2760 373 2822; x_wconf 85' lang='grc' dir='ltr'>νός.</span> <span class='ocrx_word' id='word_1_306' title='bbox 415 2754 678 2827; x_wconf 80' lang='grc' dir='ltr'>’Δναστάς</span> <span class='ocrx_word' id='word_1_307' title='bbox 712 2765 804 2819; x_wconf 83' lang='grc' dir='ltr'>οῦν</span> <span class='ocrx_word' id='word_1_308' title='bbox 845 2769 987 2838; x_wconf 89' lang='grc' dir='ltr'>φάγε</span> <span class='ocrx_word' id='word_1_309' title='bbox 1025 2754 1112 2834; x_wconf 80' lang='lat'><strong>06,</strong></span> <span class='ocrx_word' id='word_1_310' title='bbox 1154 2773 1249 2826; x_wconf 75' lang='grc' dir='ltr'>καὶ</span> <span class='ocrx_word' id='word_1_311' title='bbox 1285 2774 1486 2843; x_wconf 90' lang='grc' dir='ltr'>γνῶσιν</span> <span class='ocrx_word' id='word_1_312' title='bbox 1515 2777 1839 2833; x_wconf 84' lang='grc' dir='ltr'>ἀπόστειλον</span> 
     </span>
    </p>
   </div>
   <div class='ocr_carea' id='block_1_45' title="bbox 257 2841 1839 2930">
    <p class='ocr_par' dir='ltr' id='par_1_45' title="bbox 257 2841 1839 2930">
     <span class='ocr_line' id='line_1_45' title="bbox 257 2841 1839 2930; baseline 0.015 -36"><span class='ocrx_word' id='word_1_313' title='bbox 257 2841 666 2930; x_wconf 45' lang='grc' dir='ltr'>τῷ-ἐπισκόπῳ</span> <span class='ocrx_word' id='word_1_314' title='bbox 708 2850 1013 2924; x_wconf 80' lang='grc' dir='ltr'>’Δθανασίῳ</span> <span class='ocrx_word' id='word_1_315' title='bbox 1044 2856 1102 2908; x_wconf 89' lang='grc' dir='ltr'>ἐν</span> <span class='ocrx_word' id='word_1_316' title='bbox 1128 2859 1193 2927; x_wconf 78' lang='grc' dir='ltr'>τῇ</span> <span class='ocrx_word' id='word_1_317' title='bbox 1232 2841 1401 2930; x_wconf 73' lang='grc' dir='ltr'>οἰκία,</span> <span class='ocrx_word' id='word_1_318' title='bbox 1448 2861 1536 2914; x_wconf 85' lang='grc' dir='ltr'>ῖνα</span> <span class='ocrx_word' id='word_1_319' title='bbox 1582 2864 1839 2929; x_wconf 85' lang='grc' dir='ltr'>κάκεῖνος</span> 
     </span>
    </p>
   </div>
   <div class='ocr_carea' id='block_1_46' title="bbox 255 2926 1838 3015">
    <p class='ocr_par' dir='ltr' id='par_1_46' title="bbox 255 2926 1838 3015">
     <span class='ocr_line' id='line_1_46' title="bbox 255 2926 1838 3015; baseline 0.015 -39"><span class='ocrx_word' id='word_1_320' title='bbox 255 2926 375 2994; x_wconf 85' lang='grc' dir='ltr'>γνῷ</span> <span class='ocrx_word' id='word_1_321' title='bbox 405 2930 563 3015; x_wconf 51' lang='grc' dir='ltr'>-περὶ</span> <span class='ocrx_word' id='word_1_322' title='bbox 595 2930 807 2988; x_wconf 86' lang='grc' dir='ltr'>τούτου.</span> <span class='ocrx_word' id='word_1_323' title='bbox 870 2936 982 2988; x_wconf 82' lang='lat' dir='ltr'>K01</span> <span class='ocrx_word' id='word_1_324' title='bbox 1036 2926 1486 3011; x_wconf 80' lang='grc' dir='ltr'>ἐσημειωσάμην,</span> <span class='ocrx_word' id='word_1_325' title='bbox 1526 2944 1685 3015; x_wconf 79' lang='grc' dir='ltr'>φησὶ,</span> 
     </span>
    </p>
   </div>
   <div class='ocr_carea' id='block_1_47' title="bbox 256 3013 1835 3100">
    <p class='ocr_par' dir='ltr' id='par_1_47' title="bbox 256 3013 1835 3100">
     <span class='ocr_line' id='line_1_47' title="bbox 256 3013 1835 3100; baseline 0.009 -31"><span class='ocrx_word' id='word_1_326' title='bbox 256 3015 359 3084; x_wconf 76' lang='grc' dir='ltr'>τὴν</span> <span class='ocrx_word' id='word_1_327' title='bbox 392 3013 542 3084; x_wconf 84' lang='grc' dir='ltr'>ὥραν</span> <span class='ocrx_word' id='word_1_328' title='bbox 575 3020 669 3072; x_wconf 78' lang='grc' dir='ltr'>καὶ</span> <span class='ocrx_word' id='word_1_329' title='bbox 700 3020 798 3089; x_wconf 83' lang='grc' dir='ltr'>τὴν</span> <span class='ocrx_word' id='word_1_330' title='bbox 846 3020 1083 3092; x_wconf 79' lang='grc' dir='ltr'>ἡμέραν,</span> <span class='ocrx_word' id='word_1_331' title='bbox 1117 3025 1213 3079; x_wconf 74' lang='grc' dir='ltr'>καὶ</span> <span class='ocrx_word' id='word_1_332' title='bbox 1239 3026 1339 3095; x_wconf 83' lang='grc' dir='ltr'>τὴν</span> <span class='ocrx_word' id='word_1_333' title='bbox 1399 3013 1694 3100; x_wconf 88' lang='grc' dir='ltr'>ἑϐδομάδα,</span> <span class='ocrx_word' id='word_1_334' title='bbox 1741 3032 1835 3086; x_wconf 80' lang='grc' dir='ltr'>καὶ</span> 
     </span>
    </p>
   </div>
   <div class='ocr_carea' id='block_1_48' title="bbox 256 3101 1174 3183">
    <p class='ocr_par' dir='ltr' id='par_1_48' title="bbox 256 3101 1174 3183">
     <span class='ocr_line' id='line_1_48' title="bbox 256 3101 1174 3183; baseline 0.009 -28"><span class='ocrx_word' id='word_1_335' title='bbox 256 3101 352 3157; x_wconf 80' lang='lat' dir='ltr'><strong>16v</strong></span> <span class='ocrx_word' id='word_1_336' title='bbox 382 3101 529 3173; x_wconf 83' lang='grc' dir='ltr'>μῆνα</span> <span class='ocrx_word' id='word_1_337' title='bbox 550 3119 563 3133; x_wconf 90' lang='grc'>·</span> <span class='ocrx_word' id='word_1_338' title='bbox 600 3106 693 3158; x_wconf 72' lang='grc' dir='ltr'>καὶ</span> <span class='ocrx_word' id='word_1_339' title='bbox 723 3104 953 3176; x_wconf 83' lang='grc' dir='ltr'>εὕρηται</span> <span class='ocrx_word' id='word_1_340' title='bbox 978 3105 1174 3183; x_wconf 79' lang='grc' dir='ltr'>οὕτως.</span> 
     </span>
    </p>
   </div>
   <div class='ocr_carea' id='block_1_49' title="bbox 874 3234 1230 3288">
    <p class='ocr_par' dir='ltr' id='par_1_49' title="bbox 874 3234 1230 3288">
     <span class='ocr_line' id='line_1_49' title="bbox 874 3234 1230 3288; baseline 0.006 -2"><span class='ocrx_word' id='word_1_341' title='bbox 874 3234 1125 3288; x_wconf 79' lang='grc' dir='ltr'>ΚΕΦΔΔ.</span> <span class='ocrx_word' id='word_1_342' title='bbox 1157 3236 1230 3288; x_wconf 88' lang='lat' dir='ltr'>E&#39;.</span> 
     </span>
    </p>
   </div>
   <div class='ocr_carea' id='block_1_50' title="bbox 735 3351 1325 3422">
    <p class='ocr_par' dir='ltr' id='par_1_50' title="bbox 735 3351 1325 3422">
     <span class='ocr_line' id='line_1_50' title="bbox 735 3351 1325 3422; baseline 0.007 -17"><span class='ocrx_word' id='word_1_343' title='bbox 735 3351 879 3420; x_wconf 73' lang='grc' dir='ltr'>Περὶ</span> <span class='ocrx_word' id='word_1_344' title='bbox 908 3352 1325 3422; x_wconf 71' lang='grc' dir='ltr'>Ἀλεξάνδρας.</span> 
     </span>
    </p>
   </div>
   <div class='ocr_carea' id='block_1_51' title="bbox 328 3458 1831 3538">
    <p class='ocr_par' dir='ltr' id='par_1_51' title="bbox 328 3458 1831 3538">
     <span class='ocr_line' id='line_1_51' title="bbox 328 3458 1831 3538; baseline 0.007 -29"><span class='ocrx_word' id='word_1_345' title='bbox 328 3458 639 3529; x_wconf 83' lang='grc' dir='ltr'>Διηγήσατο</span> <span class='ocrx_word' id='word_1_346' title='bbox 672 3475 765 3529; x_wconf 90' lang='grc' dir='ltr'>μοι</span> <span class='ocrx_word' id='word_1_347' title='bbox 801 3459 1087 3531; x_wconf 86' lang='grc' dir='ltr'>Δίδυμοςό</span> <span class='ocrx_word' id='word_1_348' title='bbox 1127 3465 1482 3534; x_wconf 78' lang='grc' dir='ltr'>συγγραφεὺς</span> <span class='ocrx_word' id='word_1_349' title='bbox 1529 3465 1660 3538; x_wconf 71' lang='grc' dir='ltr'>περὶ</span> <span class='ocrx_word' id='word_1_350' title='bbox 1703 3484 1831 3522; x_wconf 78' lang='grc' dir='ltr'>παιο</span> 
     </span>
    </p>
   </div>
   <div class='ocr_carea' id='block_1_52' title="bbox 251 3540 1830 3619">
    <p class='ocr_par' dir='ltr' id='par_1_52' title="bbox 251 3540 1830 3619">
     <span class='ocr_line' id='line_1_52' title="bbox 251 3540 1830 3619; baseline 0.007 -26"><span class='ocrx_word' id='word_1_351' title='bbox 251 3540 447 3611; x_wconf 84' lang='grc' dir='ltr'>δίσκης</span> <span class='ocrx_word' id='word_1_352' title='bbox 503 3542 649 3605; x_wconf 84' lang='grc' dir='ltr'>τινὸς</span> <span class='ocrx_word' id='word_1_353' title='bbox 690 3542 916 3612; x_wconf 88' lang='grc' dir='ltr'>ὀνόματι</span> <span class='ocrx_word' id='word_1_354' title='bbox 976 3543 1359 3616; x_wconf 82' lang='grc' dir='ltr'>Ἀλεξάνδρας·</span> <span class='ocrx_word' id='word_1_355' title='bbox 1413 3548 1535 3619; x_wconf 81' lang='grc' dir='ltr'>ῆτις</span> <span class='ocrx_word' id='word_1_356' title='bbox 1574 3550 1830 3603; x_wconf 84' lang='grc' dir='ltr'>καταλεί-</span> 
     </span>
    </p>
   </div>
   <div class='ocr_carea' id='block_1_53' title="bbox 251 3624 1830 3703">
    <p class='ocr_par' dir='ltr' id='par_1_53' title="bbox 251 3624 1830 3703">
     <span class='ocr_line' id='line_1_53' title="bbox 251 3624 1830 3703; baseline 0.005 -25"><span class='ocrx_word' id='word_1_357' title='bbox 251 3624 407 3694; x_wconf 77' lang='grc' dir='ltr'>ψασα</span> <span class='ocrx_word' id='word_1_358' title='bbox 424 3626 525 3693; x_wconf 85' lang='grc' dir='ltr'>τὴν</span> <span class='ocrx_word' id='word_1_359' title='bbox 556 3625 732 3690; x_wconf 87' lang='grc' dir='ltr'>πόλιν,</span> <span class='ocrx_word' id='word_1_360' title='bbox 764 3628 822 3678; x_wconf 89' lang='grc' dir='ltr'>ἐν</span> <span class='ocrx_word' id='word_1_361' title='bbox 856 3627 1099 3697; x_wconf 85' lang='grc' dir='ltr'>μνήματι</span> <span class='ocrx_word' id='word_1_362' title='bbox 1128 3629 1331 3698; x_wconf 81' lang='grc' dir='ltr'>ἑαυτὴν</span> <span class='ocrx_word' id='word_1_363' title='bbox 1351 3630 1727 3703; x_wconf 88' lang='grc' dir='ltr'>ἐγκαθεῖρξεν,</span> <span class='ocrx_word' id='word_1_364' title='bbox 1762 3632 1830 3687; x_wconf 81' lang='grc' dir='ltr'>δι’</span> 
     </span>
    </p>
   </div>
   <div class='ocr_carea' id='block_1_54' title="bbox 254 3708 1828 3787">
    <p class='ocr_par' dir='ltr' id='par_1_54' title="bbox 254 3708 1828 3787">
     <span class='ocr_line' id='line_1_54' title="bbox 254 3708 1828 3787; baseline 0.008 -28"><span class='ocrx_word' id='word_1_365' title='bbox 254 3708 397 3787; x_wconf 73' lang='grc' dir='ltr'>ὀπῆς</span> <span class='ocrx_word' id='word_1_366' title='bbox 458 3708 839 3787; x_wconf 41' lang='grc' dir='ltr'>λαμϐάνουσα,</span> <span class='ocrx_word' id='word_1_367' title='bbox 875 3709 944 3787; x_wconf 63' lang='grc' dir='ltr'>τά</span> <span class='ocrx_word' id='word_1_368' title='bbox 1005 3710 1104 3780; x_wconf 88' lang='grc' dir='ltr'>τῆς</span> <span class='ocrx_word' id='word_1_369' title='bbox 1149 3711 1362 3787; x_wconf 85' lang='grc' dir='ltr'>χρείας,</span> <span class='ocrx_word' id='word_1_370' title='bbox 1413 3713 1555 3787; x_wconf 83' lang='grc' dir='ltr'>μήτε</span> <span class='ocrx_word' id='word_1_371' title='bbox 1600 3716 1828 3787; x_wconf 81' lang='grc' dir='ltr'>ἀνδράσι</span> 
     </span>
    </p>
   </div>
   <div class='ocr_carea' id='block_1_55' title="bbox 255 3778 1828 3852">
    <p class='ocr_par' dir='ltr' id='par_1_55' title="bbox 255 3778 1828 3852">
     <span class='ocr_line' id='line_1_55' title="bbox 255 3778 1828 3852; baseline 0.007 -23"><span class='ocrx_word' id='word_1_372' title='bbox 255 3778 395 3847; x_wconf 88' lang='grc' dir='ltr'>μήτε</span> <span class='ocrx_word' id='word_1_373' title='bbox 452 3778 668 3846; x_wconf 75' lang='grc' dir='ltr'>γυναιξὶ</span> <span class='ocrx_word' id='word_1_374' title='bbox 717 3779 839 3831; x_wconf 89' lang='grc' dir='ltr'>κατ’</span> <span class='ocrx_word' id='word_1_375' title='bbox 887 3779 1011 3848; x_wconf 74' lang='grc' dir='ltr'>ὄψιν</span> <span class='ocrx_word' id='word_1_376' title='bbox 1059 3778 1504 3852; x_wconf 74' lang='grc' dir='ltr'>συντυγχάνουσά</span> <span class='ocrx_word' id='word_1_377' title='bbox 1552 3778 1828 3840; x_wconf 79' lang='grc' dir='ltr'>ποτε’ἐπὶ</span> 
     </span>
    </p>
   </div>
   <div class='ocr_carea' id='block_1_56' title="bbox 252 3862 1823 3937">
    <p class='ocr_par' dir='ltr' id='par_1_56' title="bbox 252 3862 1823 3937">
     <span class='ocr_line' id='line_1_56' title="bbox 252 3862 1823 3937; baseline 0.006 -23"><span class='ocrx_word' id='word_1_378' title='bbox 252 3862 350 3931; x_wconf 82' lang='grc' dir='ltr'>ἑτη</span> <span class='ocrx_word' id='word_1_379' title='bbox 379 3862 533 3916; x_wconf 87' lang='grc' dir='ltr'>δέκα.</span> <span class='ocrx_word' id='word_1_380' title='bbox 565 3862 657 3933; x_wconf 80' lang='grc' dir='ltr'>Τῷ</span> <span class='ocrx_word' id='word_1_381' title='bbox 713 3863 769 3915; x_wconf 83' lang='grc' dir='ltr'>δὲ</span> <span class='ocrx_word' id='word_1_382' title='bbox 822 3863 1037 3930; x_wconf 84' lang='grc' dir='ltr'>δεκάτῳ</span> <span class='ocrx_word' id='word_1_383' title='bbox 1089 3862 1199 3917; x_wconf 76' lang='grc' dir='ltr'>ἔτει</span> <span class='ocrx_word' id='word_1_384' title='bbox 1256 3866 1601 3937; x_wconf 87' lang='grc' dir='ltr'>κοιμηθεῖσα,</span> <span class='ocrx_word' id='word_1_385' title='bbox 1641 3871 1823 3937; x_wconf 78' lang='grc' dir='ltr'>φασὶν,</span> 
     </span>
    </p>
   </div>
   <div class='ocr_carea' id='block_1_57' title="bbox 250 3944 1827 4020">
    <p class='ocr_par' dir='ltr' id='par_1_57' title="bbox 250 3944 1827 4020">
     <span class='ocr_line' id='line_1_57' title="bbox 250 3944 1827 4020; baseline 0.006 -24"><span class='ocrx_word' id='word_1_386' title='bbox 250 3944 619 4015; x_wconf 85' lang='grc' dir='ltr'>ἐσχημάτισεν</span> <span class='ocrx_word' id='word_1_387' title='bbox 656 3945 857 4017; x_wconf 83' lang='grc' dir='ltr'>ἑαυτήν</span> <span class='ocrx_word' id='word_1_388' title='bbox 886 3948 921 4018; x_wconf 89' lang='grc' dir='ltr'>ή</span> <span class='ocrx_word' id='word_1_389' title='bbox 957 3950 1276 4017; x_wconf 72' lang='grc' dir='ltr'>μακαρῖτιςο</span> <span class='ocrx_word' id='word_1_390' title='bbox 1330 3949 1407 4013; x_wconf 86' lang='grc' dir='ltr'>ὡς</span> <span class='ocrx_word' id='word_1_391' title='bbox 1453 3951 1551 4020; x_wconf 77' lang='grc' dir='ltr'>τὴν</span> <span class='ocrx_word' id='word_1_392' title='bbox 1597 3952 1655 4005; x_wconf 89' lang='grc' dir='ltr'>ἐν</span> <span class='ocrx_word' id='word_1_393' title='bbox 1702 3970 1827 4006; x_wconf 86' lang='grc' dir='ltr'>συν-</span> 
     </span>
    </p>
   </div>
   <div class='ocr_carea' id='block_1_58' title="bbox 250 4026 1820 4105">
    <p class='ocr_par' dir='ltr' id='par_1_58' title="bbox 250 4026 1820 4105">
     <span class='ocr_line' id='line_1_58' title="bbox 250 4026 1820 4105; baseline 0.006 -26"><span class='ocrx_word' id='word_1_394' title='bbox 250 4026 412 4097; x_wconf 70' lang='grc' dir='ltr'>ηθείᾳ</span> <span class='ocrx_word' id='word_1_395' title='bbox 454 4028 819 4096; x_wconf 70' lang='grc' dir='ltr'>ἀπελθοῦσαν,</span> <span class='ocrx_word' id='word_1_396' title='bbox 875 4026 973 4083; x_wconf 73' lang='grc' dir='ltr'>καὶ</span> <span class='ocrx_word' id='word_1_397' title='bbox 1023 4030 1098 4100; x_wconf 80' lang='grc' dir='ltr'>μή</span> <span class='ocrx_word' id='word_1_398' title='bbox 1145 4028 1416 4100; x_wconf 82' lang='grc' dir='ltr'>τυχοῦσαν</span> <span class='ocrx_word' id='word_1_399' title='bbox 1454 4033 1820 4105; x_wconf 84' lang='grc' dir='ltr'>ἀποκρίσεως,</span> 
     </span>
    </p>
   </div>
   <div class='ocr_carea' id='block_1_59' title="bbox 247 4112 1824 4187">
    <p class='ocr_par' dir='ltr' id='par_1_59' title="bbox 247 4112 1824 4187">
     <span class='ocr_line' id='line_1_59' title="bbox 247 4112 1824 4187; baseline 0.005 -23"><span class='ocrx_word' id='word_1_400' title='bbox 247 4112 570 4180; x_wconf 58' lang='grc' dir='ltr'>ἀναγγεῖλαι</span> <span class='ocrx_word' id='word_1_401' title='bbox 600 4114 753 4183; x_wconf 84' lang='grc' dir='ltr'>ήμῖν.</span> <span class='ocrx_word' id='word_1_402' title='bbox 790 4112 1141 4177; x_wconf 77' lang='grc' dir='ltr'>’Δπελθόντες</span> <span class='ocrx_word' id='word_1_403' title='bbox 1156 4117 1336 4169; x_wconf 87' lang='grc' dir='ltr'>τοίνυν</span> <span class='ocrx_word' id='word_1_404' title='bbox 1364 4116 1544 4187; x_wconf 80' lang='grc' dir='ltr'>⁴ήμεῖς,</span> <span class='ocrx_word' id='word_1_405' title='bbox 1566 4118 1661 4171; x_wconf 79' lang='grc' dir='ltr'>καὶ</span> <span class='ocrx_word' id='word_1_406' title='bbox 1691 4119 1824 4172; x_wconf 87' lang='grc' dir='ltr'>ἀπο-</span> 
     </span>
    </p>
   </div>
   <div class='ocr_carea' id='block_1_60' title="bbox 247 4195 1821 4267">
    <p class='ocr_par' dir='ltr' id='par_1_60' title="bbox 247 4195 1821 4267">
     <span class='ocr_line' id='line_1_60' title="bbox 247 4195 1821 4267; baseline 0.006 -22"><span class='ocrx_word' id='word_1_407' title='bbox 247 4195 579 4265; x_wconf 82' lang='grc' dir='ltr'>κρούσαντες</span> <span class='ocrx_word' id='word_1_408' title='bbox 604 4198 705 4267; x_wconf 82' lang='grc' dir='ltr'>τὴν</span> <span class='ocrx_word' id='word_1_409' title='bbox 740 4196 910 4267; x_wconf 88' lang='grc' dir='ltr'>θύραν</span> <span class='ocrx_word' id='word_1_410' title='bbox 942 4197 1038 4249; x_wconf 93' lang='grc' dir='ltr'>τοῦ</span> <span class='ocrx_word' id='word_1_411' title='bbox 1069 4200 1378 4267; x_wconf 86' lang='grc' dir='ltr'>μνήματος,</span> <span class='ocrx_word' id='word_1_412' title='bbox 1410 4201 1505 4253; x_wconf 81' lang='grc' dir='ltr'>καὶ</span> <span class='ocrx_word' id='word_1_413' title='bbox 1550 4200 1821 4255; x_wconf 74' lang='grc' dir='ltr'>εἰσελθόν-</span> 
     </span>
    </p>
   </div>
   <div class='ocr_carea' id='block_1_61' title="bbox 244 4278 1241 4352">
    <p class='ocr_par' dir='ltr' id='par_1_61' title="bbox 244 4278 1241 4352">
     <span class='ocr_line' id='line_1_61' title="bbox 244 4278 1241 4352; baseline 0.004 -20"><span class='ocrx_word' id='word_1_414' title='bbox 244 4294 359 4343; x_wconf 87' lang='grc' dir='ltr'>τες,</span> <span class='ocrx_word' id='word_1_415' title='bbox 390 4278 626 4349; x_wconf 75' lang='grc' dir='ltr'>εὕρομεν</span> <span class='ocrx_word' id='word_1_416' title='bbox 657 4280 843 4352; x_wconf 59' lang='grc' dir='ltr'>αύτὴι</span> <span class='ocrx_word' id='word_1_417' title='bbox 860 4280 1241 4352; x_wconf 88' lang='grc' dir='ltr'>κοιμηθεῖσαν.</span> 
     </span>
    </p>
   </div>
   <div class='ocr_carea' id='block_1_62' title="bbox 321 4358 1817 4440">
    <p class='ocr_par' dir='ltr' id='par_1_62' title="bbox 321 4358 1817 4440">
     <span class='ocr_line' id='line_1_62' title="bbox 321 4358 1817 4440; baseline 0.005 -25"><span class='ocrx_word' id='word_1_418' title='bbox 321 4364 551 4432; x_wconf 78' lang='grc' dir='ltr'>Ἔλεγεν</span> <span class='ocrx_word' id='word_1_419' title='bbox 575 4363 634 4417; x_wconf 70' lang='grc' dir='ltr'>δὲ</span> <span class='ocrx_word' id='word_1_420' title='bbox 658 4364 787 4434; x_wconf 78' lang='grc' dir='ltr'>περὶ</span> <span class='ocrx_word' id='word_1_421' title='bbox 803 4364 1006 4434; x_wconf 89' lang='grc' dir='ltr'>ταύτης</span> <span class='ocrx_word' id='word_1_422' title='bbox 1030 4367 1124 4419; x_wconf 79' lang='grc' dir='ltr'>καὶ</span> <span class='ocrx_word' id='word_1_423' title='bbox 1140 4366 1175 4435; x_wconf 76' lang='grc' dir='ltr'><strong>ἡ</strong></span> <span class='ocrx_word' id='word_1_424' title='bbox 1191 4358 1566 4439; x_wconf 82' lang='grc' dir='ltr'>τρισμακαρία</span> <span class='ocrx_word' id='word_1_425' title='bbox 1595 4368 1817 4440; x_wconf 85' lang='grc' dir='ltr'>Μελάνη</span> 
     </span>
    </p>
   </div>
   <div class='ocr_carea' id='block_1_63' title="bbox 242 4442 1819 4522">
    <p class='ocr_par' dir='ltr' id='par_1_63' title="bbox 242 4442 1819 4522">
     <span class='ocr_line' id='line_1_63' title="bbox 242 4442 1819 4522; baseline 0.004 -22"><span class='ocrx_word' id='word_1_426' title='bbox 242 4448 277 4517; x_wconf 83' lang='grc' dir='ltr'>ή</span> <span class='ocrx_word' id='word_1_427' title='bbox 334 4447 585 4517; x_wconf 83' lang='grc' dir='ltr'>Ῥωμαία</span> <span class='ocrx_word' id='word_1_428' title='bbox 634 4446 786 4518; x_wconf 76' lang='grc' dir='ltr'>(περὶ</span> <span class='ocrx_word' id='word_1_429' title='bbox 807 4442 877 4518; x_wconf 80' lang='grc' dir='ltr'>ἧς</span> <span class='ocrx_word' id='word_1_430' title='bbox 909 4449 991 4511; x_wconf 85' lang='grc' dir='ltr'>είς</span> <span class='ocrx_word' id='word_1_431' title='bbox 1012 4448 1103 4501; x_wconf 84' lang='grc' dir='ltr'>τὸν</span> <span class='ocrx_word' id='word_1_432' title='bbox 1128 4450 1447 4520; x_wconf 85' lang='grc' dir='ltr'>καθήκοντα</span> <span class='ocrx_word' id='word_1_433' title='bbox 1486 4452 1681 4522; x_wconf 78' lang='grc' dir='ltr'>καιρὸν</span> <span class='ocrx_word' id='word_1_434' title='bbox 1721 4454 1819 4507; x_wconf 78' lang='grc' dir='ltr'>καὶ</span> 
     </span>
    </p>
   </div>
   <div class='ocr_carea' id='block_1_64' title="bbox 1951 2025 3525 2109">
    <p class='ocr_par' dir='ltr' id='par_1_64' title="bbox 1951 2025 3525 2109">
     <span class='ocr_line' id='line_1_64' title="bbox 1951 2025 3525 2109; baseline 0.01 -31"><span class='ocrx_word' id='word_1_435' title='bbox 1951 2025 2091 2093; x_wconf 78' lang='grc' dir='ltr'>ἄγαν</span> <span class='ocrx_word' id='word_1_436' title='bbox 2113 2029 2169 2079; x_wconf 72' lang='grc' dir='ltr'>ἐν</span> <span class='ocrx_word' id='word_1_437' title='bbox 2194 2028 2472 2099; x_wconf 89' lang='grc' dir='ltr'>χρήμασιν</span> <span class='ocrx_word' id='word_1_438' title='bbox 2492 2046 2505 2060; x_wconf 83' lang='grc'><strong>·</strong></span> <span class='ocrx_word' id='word_1_439' title='bbox 2532 2031 2859 2103; x_wconf 82' lang='grc' dir='ltr'>φιλόχρυσος</span> <span class='ocrx_word' id='word_1_440' title='bbox 2888 2035 3085 2105; x_wconf 84' lang='grc' dir='ltr'>μᾶλλον</span> <span class='ocrx_word' id='word_1_441' title='bbox 3106 2037 3138 2107; x_wconf 77' lang='grc' dir='ltr'>ἢ</span> <span class='ocrx_word' id='word_1_442' title='bbox 3161 2038 3525 2109; x_wconf 87' lang='grc' dir='ltr'>φιλόχριστος·</span> 
     </span>
    </p>
   </div>
   <div class='ocr_carea' id='block_1_65' title="bbox 1954 2109 3527 2195">
    <p class='ocr_par' dir='ltr' id='par_1_65' title="bbox 1954 2109 3527 2195">
     <span class='ocr_line' id='line_1_65' title="bbox 1954 2109 3527 2195; baseline 0.01 -34"><span class='ocrx_word' id='word_1_443' title='bbox 1954 2109 2224 2195; x_wconf 86' lang='grc' dir='ltr'>μηδέποτε</span> <span class='ocrx_word' id='word_1_444' title='bbox 2255 2114 2553 2195; x_wconf 84' lang='grc' dir='ltr'>προῖεμένη</span> <span class='ocrx_word' id='word_1_445' title='bbox 2584 2116 2692 2169; x_wconf 89' lang='grc' dir='ltr'>τῶν</span> <span class='ocrx_word' id='word_1_446' title='bbox 2736 2117 2933 2187; x_wconf 83' lang='grc' dir='ltr'>ἑαυτῆς</span> <span class='ocrx_word' id='word_1_447' title='bbox 2986 2136 3059 2184; x_wconf 88' lang='grc' dir='ltr'>τι,</span> <span class='ocrx_word' id='word_1_448' title='bbox 3114 2120 3188 2191; x_wconf 84' lang='grc' dir='ltr'>μὴ</span> <span class='ocrx_word' id='word_1_449' title='bbox 3238 2122 3395 2193; x_wconf 86' lang='grc' dir='ltr'>ξένῳ,</span> <span class='ocrx_word' id='word_1_450' title='bbox 3452 2123 3527 2195; x_wconf 82' lang='grc' dir='ltr'>μὴ</span> 
     </span>
    </p>
   </div>
   <div class='ocr_carea' id='block_1_66' title="bbox 1951 2194 3523 2279">
    <p class='ocr_par' dir='ltr' id='par_1_66' title="bbox 1951 2194 3523 2279">
     <span class='ocr_line' id='line_1_66' title="bbox 1951 2194 3523 2279; baseline 0.009 -17"><span class='ocrx_word' id='word_1_451' title='bbox 1951 2194 2252 2279; x_wconf 53' lang='grc' dir='ltr'>πενομένῳ,</span> <span class='ocrx_word' id='word_1_452' title='bbox 2284 2194 2359 2266; x_wconf 81' lang='grc' dir='ltr'>μὴ</span> <span class='ocrx_word' id='word_1_453' title='bbox 2393 2198 2703 2269; x_wconf 73' lang='grc' dir='ltr'>ἀγχομένφ,</span> <span class='ocrx_word' id='word_1_454' title='bbox 2742 2201 2815 2271; x_wconf 83' lang='grc' dir='ltr'>μὴ</span> <span class='ocrx_word' id='word_1_455' title='bbox 2847 2204 3088 2275; x_wconf 71' lang='grc' dir='ltr'>μονακῷν</span> <span class='ocrx_word' id='word_1_456' title='bbox 3124 2205 3199 2274; x_wconf 81' lang='grc' dir='ltr'>μὴ</span> <span class='ocrx_word' id='word_1_457' title='bbox 3245 2194 3523 2279; x_wconf 70' lang='grc' dir='ltr'>παρθένῳ.</span> 
     </span>
    </p>
   </div>
   <div class='ocr_carea' id='block_1_67' title="bbox 1949 2275 3524 2359">
    <p class='ocr_par' dir='ltr' id='par_1_67' title="bbox 1949 2275 3524 2359">
     <span class='ocr_line' id='line_1_67' title="bbox 1949 2275 3524 2359; baseline 0.013 -32"><span class='ocrx_word' id='word_1_458' title='bbox 1949 2275 2027 2347; x_wconf 83' lang='grc' dir='ltr'>μὴ</span> <span class='ocrx_word' id='word_1_459' title='bbox 2059 2277 2359 2350; x_wconf 75' lang='grc' dir='ltr'>Ἐκκλησία</span> <span class='ocrx_word' id='word_1_460' title='bbox 2378 2280 2565 2337; x_wconf 74' lang='grc' dir='ltr'>ὀϐολὸν</span> <span class='ocrx_word' id='word_1_461' title='bbox 2609 2283 2726 2339; x_wconf 76' lang='grc' dir='ltr'>ἕνα.</span> <span class='ocrx_word' id='word_1_462' title='bbox 2772 2286 2919 2359; x_wconf 79' lang='grc' dir='ltr'>Αὕτη</span> <span class='ocrx_word' id='word_1_463' title='bbox 2971 2288 3190 2352; x_wconf 84' lang='grc' dir='ltr'>πολλαῖς</span> <span class='ocrx_word' id='word_1_464' title='bbox 3220 2275 3524 2357; x_wconf 69' lang='grc' dir='ltr'>νουθεσίαις</span> 
     </span>
    </p>
   </div>
   <div class='ocr_carea' id='block_1_68' title="bbox 1946 2360 3522 2445">
    <p class='ocr_par' dir='ltr' id='par_1_68' title="bbox 1946 2360 3522 2445">
     <span class='ocr_line' id='line_1_68' title="bbox 1946 2360 3522 2445; baseline 0.012 -34"><span class='ocrx_word' id='word_1_465' title='bbox 1946 2360 2254 2445; x_wconf 14' lang='grc' dir='ltr'>τῶνᾲάγίων</span> <span class='ocrx_word' id='word_1_466' title='bbox 2292 2364 2550 2436; x_wconf 83' lang='grc' dir='ltr'>Πατέρων</span> <span class='ocrx_word' id='word_1_467' title='bbox 2588 2367 2687 2421; x_wconf 81' lang='grc' dir='ltr'>οὐκ</span> <span class='ocrx_word' id='word_1_468' title='bbox 2710 2368 3115 2435; x_wconf 79' lang='grc' dir='ltr'>ἀπεσκευάζετο</span> <span class='ocrx_word' id='word_1_469' title='bbox 3145 2373 3243 2443; x_wconf 82' lang='grc' dir='ltr'>τήν</span> <span class='ocrx_word' id='word_1_470' title='bbox 3267 2371 3400 2445; x_wconf 85' lang='grc' dir='ltr'>ῦλην</span> <span class='ocrx_word' id='word_1_471' title='bbox 3427 2375 3522 2430; x_wconf 85' lang='grc' dir='ltr'>τοῦ</span> 
     </span>
    </p>
   </div>
   <div class='ocr_carea' id='block_1_69' title="bbox 1946 2443 3522 2524">
    <p class='ocr_par' dir='ltr' id='par_1_69' title="bbox 1946 2443 3522 2524">
     <span class='ocr_line' id='line_1_69' title="bbox 1946 2443 3522 2524; baseline 0.01 -28"><span class='ocrx_word' id='word_1_472' title='bbox 1946 2443 2199 2499; x_wconf 87' lang='grc' dir='ltr'>πλούτου.</span> <span class='ocrx_word' id='word_1_473' title='bbox 2252 2446 2499 2519; x_wconf 84' lang='grc' dir='ltr'>’Υπῆρχε</span> <span class='ocrx_word' id='word_1_474' title='bbox 2541 2450 2598 2503; x_wconf 78' lang='grc' dir='ltr'>δὲ</span> <span class='ocrx_word' id='word_1_475' title='bbox 2639 2452 2810 2523; x_wconf 83' lang='grc' dir='ltr'>ταύτῃ</span> <span class='ocrx_word' id='word_1_476' title='bbox 2846 2455 2939 2507; x_wconf 76' lang='grc' dir='ltr'>καὶ</span> <span class='ocrx_word' id='word_1_477' title='bbox 2963 2455 3152 2524; x_wconf 86' lang='grc' dir='ltr'>γένος,</span> <span class='ocrx_word' id='word_1_478' title='bbox 3209 2458 3267 2509; x_wconf 85' lang='grc' dir='ltr'>ἑν</span> <span class='ocrx_word' id='word_1_479' title='bbox 3314 2443 3396 2523; x_wconf 69' lang='grc' dir='ltr'>οἷς</span> <span class='ocrx_word' id='word_1_480' title='bbox 3430 2476 3522 2512; x_wconf 88' lang='grc' dir='ltr'>τε-</span> 
     </span>
    </p>
   </div>
   <div class='ocr_carea' id='block_1_70' title="bbox 1945 2531 3521 2614">
    <p class='ocr_par' dir='ltr' id='par_1_70' title="bbox 1945 2531 3521 2614">
     <span class='ocr_line' id='line_1_70' title="bbox 1945 2531 3521 2614; baseline 0.01 -34"><span class='ocrx_word' id='word_1_481' title='bbox 1945 2533 2277 2585; x_wconf 85' lang='grc' dir='ltr'>κνοποιείται</span> <span class='ocrx_word' id='word_1_482' title='bbox 2309 2531 2589 2612; x_wconf 87' lang='grc' dir='ltr'>θυγατέρα</span> <span class='ocrx_word' id='word_1_483' title='bbox 2631 2535 2865 2606; x_wconf 77' lang='grc' dir='ltr'>ἀδελφῆς</span> <span class='ocrx_word' id='word_1_484' title='bbox 2909 2538 3044 2602; x_wconf 81' lang='grc' dir='ltr'>ιδίας</span> <span class='ocrx_word' id='word_1_485' title='bbox 3072 2555 3083 2567; x_wconf 83' lang='lat'><strong>&#39;</strong></span> <span class='ocrx_word' id='word_1_486' title='bbox 3180 2540 3396 2609; x_wconf 87' lang='grc' dir='ltr'>νύκτωρ</span> <span class='ocrx_word' id='word_1_487' title='bbox 3426 2543 3521 2596; x_wconf 79' lang='grc' dir='ltr'>καὶ</span> 
     </span>
    </p>
   </div>
   <div class='ocr_carea' id='block_1_71' title="bbox 1947 2610 3519 2695">
    <p class='ocr_par' dir='ltr' id='par_1_71' title="bbox 1947 2610 3519 2695">
     <span class='ocr_line' id='line_1_71' title="bbox 1947 2610 3519 2695; baseline 0.011 -34"><span class='ocrx_word' id='word_1_488' title='bbox 1947 2611 2066 2695; x_wconf 78' lang='grc' dir='ltr'>μεθ’</span> <span class='ocrx_word' id='word_1_489' title='bbox 2102 2614 2313 2685; x_wconf 81' lang='grc' dir='ltr'>ἡμέραν</span> <span class='ocrx_word' id='word_1_490' title='bbox 2342 2610 2710 2685; x_wconf 86' lang='grc' dir='ltr'>ἐπηγγέλλετο</span> <span class='ocrx_word' id='word_1_491' title='bbox 2758 2620 2829 2671; x_wconf 88' lang='grc' dir='ltr'>τά</span> <span class='ocrx_word' id='word_1_492' title='bbox 2859 2621 3085 2691; x_wconf 87' lang='grc' dir='ltr'>ἑαυτῆς,</span> <span class='ocrx_word' id='word_1_493' title='bbox 3123 2610 3218 2676; x_wconf 73' lang='grc' dir='ltr'>τοῦ</span> <span class='ocrx_word' id='word_1_494' title='bbox 3262 2625 3519 2695; x_wconf 80' lang='grc' dir='ltr'>οὐρανίου</span> 
     </span>
    </p>
   </div>
   <div class='ocr_carea' id='block_1_72' title="bbox 1944 2694 3521 2775">
    <p class='ocr_par' dir='ltr' id='par_1_72' title="bbox 1944 2694 3521 2775">
     <span class='ocr_line' id='line_1_72' title="bbox 1944 2694 3521 2775; baseline 0.01 -30"><span class='ocrx_word' id='word_1_495' title='bbox 1944 2694 2107 2747; x_wconf 88' lang='grc' dir='ltr'>πόθου</span> <span class='ocrx_word' id='word_1_496' title='bbox 2136 2696 2274 2766; x_wconf 79' lang='grc' dir='ltr'>αύτὴ</span> <span class='ocrx_word' id='word_1_497' title='bbox 2327 2698 2659 2752; x_wconf 81' lang='grc' dir='ltr'>ἐκπεσοῦσα.</span> <span class='ocrx_word' id='word_1_498' title='bbox 2714 2699 2865 2765; x_wconf 77' lang='grc' dir='ltr'>Εἶδος</span> <span class='ocrx_word' id='word_1_499' title='bbox 2906 2706 3014 2775; x_wconf 87' lang='grc' dir='ltr'>γάρ</span> <span class='ocrx_word' id='word_1_500' title='bbox 3059 2706 3175 2759; x_wconf 87' lang='grc' dir='ltr'>ἐστι</span> <span class='ocrx_word' id='word_1_501' title='bbox 3209 2706 3303 2761; x_wconf 79' lang='grc' dir='ltr'>καὶ</span> <span class='ocrx_word' id='word_1_502' title='bbox 3335 2694 3521 2761; x_wconf 18' lang='grc' dir='ltr'>ίτοῦτο</span> 
     </span>
    </p>
   </div>
   <div class='ocr_carea' id='block_1_73' title="bbox 1942 2777 3520 2861">
    <p class='ocr_par' dir='ltr' id='par_1_73' title="bbox 1942 2777 3520 2861">
     <span class='ocr_line' id='line_1_73' title="bbox 1942 2777 3520 2861; baseline 0.01 -32"><span class='ocrx_word' id='word_1_503' title='bbox 1942 2777 2000 2830; x_wconf 75' lang='grc' dir='ltr'>ἓν</span> <span class='ocrx_word' id='word_1_504' title='bbox 2056 2779 2155 2848; x_wconf 89' lang='grc' dir='ltr'>τῆς</span> <span class='ocrx_word' id='word_1_505' title='bbox 2189 2781 2397 2851; x_wconf 87' lang='grc' dir='ltr'>πλάνης</span> <span class='ocrx_word' id='word_1_506' title='bbox 2433 2781 2527 2834; x_wconf 89' lang='grc' dir='ltr'>τοῦ</span> <span class='ocrx_word' id='word_1_507' title='bbox 2572 2782 2843 2849; x_wconf 82' lang='grc' dir='ltr'>διαϐόλου,</span> <span class='ocrx_word' id='word_1_508' title='bbox 2873 2786 2931 2839; x_wconf 86' lang='grc' dir='ltr'>ἐν</span> <span class='ocrx_word' id='word_1_509' title='bbox 2977 2790 3330 2859; x_wconf 88' lang='grc' dir='ltr'>προσχήματι</span> <span class='ocrx_word' id='word_1_510' title='bbox 3370 2791 3520 2861; x_wconf 73' lang='grc' dir='ltr'>φιλοο</span> 
     </span>
    </p>
   </div>
   <div class='ocr_carea' id='block_1_74' title="bbox 1944 2862 3514 2943">
    <p class='ocr_par' dir='ltr' id='par_1_74' title="bbox 1944 2862 3514 2943">
     <span class='ocr_line' id='line_1_74' title="bbox 1944 2862 3514 2943; baseline 0.011 -32"><span class='ocrx_word' id='word_1_511' title='bbox 1944 2862 2265 2943; x_wconf 76' lang='grc' dir='ltr'>συγγενείας</span> <span class='ocrx_word' id='word_1_512' title='bbox 2289 2863 2387 2933; x_wconf 85' lang='grc' dir='ltr'>τὴν</span> <span class='ocrx_word' id='word_1_513' title='bbox 2407 2863 2720 2929; x_wconf 80' lang='grc' dir='ltr'>πλεονεξίαν</span> <span class='ocrx_word' id='word_1_514' title='bbox 2738 2867 2952 2924; x_wconf 82' lang='grc' dir='ltr'>ὠδίνειν</span> <span class='ocrx_word' id='word_1_515' title='bbox 2977 2872 3514 2943; x_wconf 72' lang='grc' dir='ltr'>παρασκευάζοντος.</span> 
     </span>
    </p>
   </div>
   <div class='ocr_carea' id='block_1_75' title="bbox 1941 2942 3514 3025">
    <p class='ocr_par' dir='ltr' id='par_1_75' title="bbox 1941 2942 3514 3025">
     <span class='ocr_line' id='line_1_75' title="bbox 1941 2942 3514 3025; baseline 0.008 -28"><span class='ocrx_word' id='word_1_516' title='bbox 1941 2942 2066 2997; x_wconf 82' lang='grc' dir='ltr'>Ὀτι</span> <span class='ocrx_word' id='word_1_517' title='bbox 2108 2944 2215 3015; x_wconf 78' lang='grc' dir='ltr'>γὰρ</span> <span class='ocrx_word' id='word_1_518' title='bbox 2257 2946 2408 3017; x_wconf 82' lang='grc' dir='ltr'>αύτῷ</span> <span class='ocrx_word' id='word_1_519' title='bbox 2440 2947 2500 2999; x_wconf 94' lang='lat'>06</span> <span class='ocrx_word' id='word_1_520' title='bbox 2541 2948 2694 3018; x_wconf 83' lang='grc' dir='ltr'>μέλει</span> <span class='ocrx_word' id='word_1_521' title='bbox 2753 2951 2967 3019; x_wconf 87' lang='grc' dir='ltr'>γένους,</span> <span class='ocrx_word' id='word_1_522' title='bbox 3022 2942 3183 3025; x_wconf 88' lang='grc' dir='ltr'>δῆλον</span> <span class='ocrx_word' id='word_1_523' title='bbox 3239 2957 3514 3010; x_wconf 83' lang='grc' dir='ltr'>ἐντεῦθεν.</span> 
     </span>
    </p>
   </div>
   <div class='ocr_carea' id='block_1_76' title="bbox 1952 3026 3516 3111">
    <p class='ocr_par' dir='ltr' id='par_1_76' title="bbox 1952 3026 3516 3111">
     <span class='ocr_line' id='line_1_76' title="bbox 1952 3026 3516 3111; baseline 0.008 -30"><span class='ocrx_word' id='word_1_524' title='bbox 1952 3026 2385 3097; x_wconf 74' lang='grc' dir='ltr'>Ἀδελφοκτονεῖν</span> <span class='ocrx_word' id='word_1_525' title='bbox 2433 3030 2543 3102; x_wconf 88' lang='grc' dir='ltr'>γάρ</span> <span class='ocrx_word' id='word_1_526' title='bbox 2604 3036 2699 3088; x_wconf 72' lang='grc' dir='ltr'>καὶ</span> <span class='ocrx_word' id='word_1_527' title='bbox 2750 3040 3139 3107; x_wconf 83' lang='grc' dir='ltr'>μητροκτονεῖν</span> <span class='ocrx_word' id='word_1_528' title='bbox 3176 3040 3272 3092; x_wconf 78' lang='grc' dir='ltr'>καὶ</span> <span class='ocrx_word' id='word_1_529' title='bbox 3311 3056 3516 3111; x_wconf 85' lang='grc' dir='ltr'>πατρο-</span> 
     </span>
    </p>
   </div>
   <div class='ocr_carea' id='block_1_77' title="bbox 1941 3112 3518 3195">
    <p class='ocr_par' dir='ltr' id='par_1_77' title="bbox 1941 3112 3518 3195">
     <span class='ocr_line' id='line_1_77' title="bbox 1941 3112 3518 3195; baseline 0.01 -32"><span class='ocrx_word' id='word_1_530' title='bbox 1941 3114 2151 3165; x_wconf 89' lang='grc' dir='ltr'>κτονεῖν</span> <span class='ocrx_word' id='word_1_531' title='bbox 2185 3112 2348 3175; x_wconf 85' lang='lat'><strong>0616;</strong></span> <span class='ocrx_word' id='word_1_532' title='bbox 2376 3112 2696 3178; x_wconf 81' lang='grc' dir='ltr'>ἐξεδίδαξεν.</span> <span class='ocrx_word' id='word_1_533' title='bbox 2717 3118 2826 3169; x_wconf 84' lang='lat' dir='ltr'><strong>K01</strong></span> <span class='ocrx_word' id='word_1_534' title='bbox 2843 3118 2999 3173; x_wconf 90' lang='lat'><strong>106:0</strong></span> <span class='ocrx_word' id='word_1_535' title='bbox 3020 3123 3141 3184; x_wconf 88' lang='grc' dir='ltr'>ταῖς</span> <span class='ocrx_word' id='word_1_536' title='bbox 3171 3121 3343 3187; x_wconf 79' lang='grc' dir='ltr'>θείαις</span> <span class='ocrx_word' id='word_1_537' title='bbox 3374 3125 3518 3195; x_wconf 77' lang='lat'><strong>[‘90-</strong></span> 
     </span>
    </p>
   </div>
   <div class='ocr_carea' id='block_1_78' title="bbox 1866 3194 3517 3280">
    <p class='ocr_par' dir='ltr' id='par_1_78' title="bbox 1866 3194 3517 3280">
     <span class='ocr_line' id='line_1_78' title="bbox 1866 3194 3517 3280; baseline 0.011 -34"><span class='ocrx_word' id='word_1_538' title='bbox 1866 3218 1910 3279; x_wconf 63' lang='grc' dir='ltr'>α</span> <span class='ocrx_word' id='word_1_539' title='bbox 1941 3197 2069 3280; x_wconf 84' lang='grc' dir='ltr'>φαῖς</span> <span class='ocrx_word' id='word_1_540' title='bbox 2099 3194 2466 3267; x_wconf 85' lang='grc' dir='ltr'>ὡμολόγηται.</span> <span class='ocrx_word' id='word_1_541' title='bbox 2526 3198 2685 3254; x_wconf 82' lang='grc' dir='ltr'>Ἀλλά</span> <span class='ocrx_word' id='word_1_542' title='bbox 2716 3201 2821 3255; x_wconf 79' lang='grc' dir='ltr'>κᾶν</span> <span class='ocrx_word' id='word_1_543' title='bbox 2870 3203 2995 3275; x_wconf 83' lang='grc' dir='ltr'>δόξῃ</span> <span class='ocrx_word' id='word_1_544' title='bbox 3048 3208 3325 3275; x_wconf 82' lang='grc' dir='ltr'>συγγενῶν</span> <span class='ocrx_word' id='word_1_545' title='bbox 3350 3194 3517 3280; x_wconf 80' lang='grc' dir='ltr'>κηδε-</span> 
     </span>
    </p>
   </div>
   <div class='ocr_carea' id='block_1_79' title="bbox 1944 3278 3513 3350">
    <p class='ocr_par' dir='ltr' id='par_1_79' title="bbox 1944 3278 3513 3350">
     <span class='ocr_line' id='line_1_79' title="bbox 1944 3278 3513 3350; baseline 0.01 -21"><span class='ocrx_word' id='word_1_546' title='bbox 1944 3278 2133 3347; x_wconf 88' lang='grc' dir='ltr'>μονίαν</span> <span class='ocrx_word' id='word_1_547' title='bbox 2186 3279 2454 3334; x_wconf 79' lang='grc' dir='ltr'>ἐντιθέναι</span> <span class='ocrx_word' id='word_1_548' title='bbox 2520 3285 2700 3347; x_wconf 84' lang='grc' dir='ltr'>τισὶν,</span> <span class='ocrx_word' id='word_1_549' title='bbox 2764 3285 2865 3338; x_wconf 81' lang='grc' dir='ltr'>οὐκ</span> <span class='ocrx_word' id='word_1_550' title='bbox 2908 3290 2989 3350; x_wconf 87' lang='grc' dir='ltr'>είς</span> <span class='ocrx_word' id='word_1_551' title='bbox 3020 3286 3236 3343; x_wconf 78' lang='grc' dir='ltr'>εὔνοιαν</span> <span class='ocrx_word' id='word_1_552' title='bbox 3285 3278 3513 3345; x_wconf 81' lang='grc' dir='ltr'>ἐκείνων</span> 
     </span>
    </p>
   </div>
   <div class='ocr_carea' id='block_1_80' title="bbox 1935 3362 3512 3444">
    <p class='ocr_par' dir='ltr' id='par_1_80' title="bbox 1935 3362 3512 3444">
     <span class='ocr_line' id='line_1_80' title="bbox 1935 3362 3512 3444; baseline 0.01 -31"><span class='ocrx_word' id='word_1_553' title='bbox 1935 3362 2096 3415; x_wconf 84' lang='grc' dir='ltr'>τοῦτο</span> <span class='ocrx_word' id='word_1_554' title='bbox 2124 3364 2287 3429; x_wconf 84' lang='grc' dir='ltr'>ποιεῖ,</span> <span class='ocrx_word' id='word_1_555' title='bbox 2313 3362 2428 3415; x_wconf 83' lang='grc' dir='ltr'>ἀλλ’</span> <span class='ocrx_word' id='word_1_556' title='bbox 2461 3364 2599 3437; x_wconf 81' lang='grc' dir='ltr'>ὑπὲρ</span> <span class='ocrx_word' id='word_1_557' title='bbox 2626 3366 2719 3420; x_wconf 91' lang='grc' dir='ltr'>τοῦ</span> <span class='ocrx_word' id='word_1_558' title='bbox 2744 3368 2843 3438; x_wconf 75' lang='grc' dir='ltr'>τὴν</span> <span class='ocrx_word' id='word_1_559' title='bbox 2870 3369 3049 3440; x_wconf 71' lang='grc' dir='ltr'>ψυχὴν</span> <span class='ocrx_word' id='word_1_560' title='bbox 3066 3371 3250 3425; x_wconf 81' lang='grc' dir='ltr'>ἄδικον</span> <span class='ocrx_word' id='word_1_561' title='bbox 3276 3374 3512 3444; x_wconf 79' lang='grc' dir='ltr'>ἐξασκῆο</span> 
     </span>
    </p>
   </div>
   <div class='ocr_carea' id='block_1_81' title="bbox 1937 3444 3510 3524">
    <p class='ocr_par' dir='ltr' id='par_1_81' title="bbox 1937 3444 3510 3524">
     <span class='ocr_line' id='line_1_81' title="bbox 1937 3444 3510 3524; baseline 0.01 -30"><span class='ocrx_word' id='word_1_562' title='bbox 1937 3444 2028 3496; x_wconf 82' lang='grc' dir='ltr'>σαί</span> <span class='ocrx_word' id='word_1_563' title='bbox 2055 3460 2239 3508; x_wconf 90' lang='grc' dir='ltr'>τινων,</span> <span class='ocrx_word' id='word_1_564' title='bbox 2275 3445 2463 3514; x_wconf 79' lang='grc' dir='ltr'>σαφῶς</span> <span class='ocrx_word' id='word_1_565' title='bbox 2516 3448 2680 3512; x_wconf 78' lang='grc' dir='ltr'>αὐτὸς</span> <span class='ocrx_word' id='word_1_566' title='bbox 2738 3449 2893 3514; x_wconf 85' lang='grc' dir='ltr'>είδὼς</span> <span class='ocrx_word' id='word_1_567' title='bbox 2945 3452 3044 3522; x_wconf 79' lang='grc' dir='ltr'>τὴν</span> <span class='ocrx_word' id='word_1_568' title='bbox 3095 3455 3391 3524; x_wconf 87' lang='grc' dir='ltr'>ἀπόφασιν,</span> <span class='ocrx_word' id='word_1_569' title='bbox 3428 3457 3510 3511; x_wconf 83' lang='grc' dir='ltr'>ὅτι</span> 
     </span>
    </p>
   </div>
   <div class='ocr_carea' id='block_1_82' title="bbox 1934 3527 3510 3608">
    <p class='ocr_par' dir='ltr' id='par_1_82' title="bbox 1934 3527 3510 3608">
     <span class='ocr_line' id='line_1_82' title="bbox 1934 3527 3510 3608; baseline 0.009 -27"><span class='ocrx_word' id='word_1_570' title='bbox 1934 3527 2111 3581; x_wconf 85' lang='grc' dir='ltr'>ἀδικοι</span> <span class='ocrx_word' id='word_1_571' title='bbox 2136 3527 2416 3599; x_wconf 87' lang='grc' dir='ltr'>βασιλείαν</span> <span class='ocrx_word' id='word_1_572' title='bbox 2455 3529 2590 3584; x_wconf 82' lang='grc' dir='ltr'>Θεοῦ</span> <span class='ocrx_word' id='word_1_573' title='bbox 2621 3532 2683 3585; x_wconf 91' lang='grc' dir='ltr'>ού</span> <span class='ocrx_word' id='word_1_574' title='bbox 2720 3534 3243 3608; x_wconf 83' lang='grc' dir='ltr'>κληρονομήσουσιν.</span> <span class='ocrx_word' id='word_1_575' title='bbox 3278 3540 3510 3596; x_wconf 81' lang='grc' dir='ltr'>Δύναται</span> 
     </span>
    </p>
   </div>
   <div class='ocr_carea' id='block_1_83' title="bbox 1934 3611 3507 3694">
    <p class='ocr_par' dir='ltr' id='par_1_83' title="bbox 1934 3611 3507 3694">
     <span class='ocr_line' id='line_1_83' title="bbox 1934 3611 3507 3694; baseline 0.01 -32"><span class='ocrx_word' id='word_1_576' title='bbox 1934 3611 1991 3663; x_wconf 82' lang='grc' dir='ltr'>δέ</span> <span class='ocrx_word' id='word_1_577' title='bbox 2023 3628 2106 3674; x_wconf 90' lang='grc' dir='ltr'>τις</span> <span class='ocrx_word' id='word_1_578' title='bbox 2138 3612 2351 3666; x_wconf 88' lang='grc' dir='ltr'>συνέσει</span> <span class='ocrx_word' id='word_1_579' title='bbox 2377 3619 2724 3687; x_wconf 75' lang='grc' dir='ltr'>πνευματικῇ</span> <span class='ocrx_word' id='word_1_580' title='bbox 2760 3619 2855 3671; x_wconf 77' lang='grc' dir='ltr'>καὶ</span> <span class='ocrx_word' id='word_1_581' title='bbox 2898 3618 3028 3690; x_wconf 89' lang='grc' dir='ltr'>θείῳ</span> <span class='ocrx_word' id='word_1_582' title='bbox 3068 3622 3216 3692; x_wconf 86' lang='grc' dir='ltr'>πόθῳ</span> <span class='ocrx_word' id='word_1_583' title='bbox 3251 3624 3507 3694; x_wconf 89' lang='grc' dir='ltr'>κινούμε-</span> 
     </span>
    </p>
   </div>
   <div class='ocr_carea' id='block_1_84' title="bbox 1932 3696 3507 3776">
    <p class='ocr_par' dir='ltr' id='par_1_84' title="bbox 1932 3696 3507 3776">
     <span class='ocr_line' id='line_1_84' title="bbox 1932 3696 3507 3776; baseline 0.008 -29"><span class='ocrx_word' id='word_1_584' title='bbox 1932 3710 2041 3758; x_wconf 78' lang='grc' dir='ltr'>νος,</span> <span class='ocrx_word' id='word_1_585' title='bbox 2071 3696 2207 3766; x_wconf 86' lang='grc' dir='ltr'>μήτε</span> <span class='ocrx_word' id='word_1_586' title='bbox 2242 3698 2339 3766; x_wconf 83' lang='grc' dir='ltr'>τῆς</span> <span class='ocrx_word' id='word_1_587' title='bbox 2378 3696 2573 3751; x_wconf 89' lang='grc' dir='ltr'>ἑαυτοῦ</span> <span class='ocrx_word' id='word_1_588' title='bbox 2606 3699 2783 3770; x_wconf 76' lang='grc' dir='ltr'>ψυχῆς</span> <span class='ocrx_word' id='word_1_589' title='bbox 2825 3701 3069 3772; x_wconf 90' lang='grc' dir='ltr'>ἀμελεῖν,</span> <span class='ocrx_word' id='word_1_590' title='bbox 3096 3705 3190 3756; x_wconf 71' lang='grc' dir='ltr'>καὶ</span> <span class='ocrx_word' id='word_1_591' title='bbox 3234 3706 3347 3769; x_wconf 76' lang='grc' dir='ltr'>τοῖς</span> <span class='ocrx_word' id='word_1_592' title='bbox 3373 3724 3507 3776; x_wconf 83' lang='grc' dir='ltr'>συγ-</span> 
     </span>
    </p>
   </div>
   <div class='ocr_carea' id='block_1_85' title="bbox 1930 3778 3506 3859">
    <p class='ocr_par' dir='ltr' id='par_1_85' title="bbox 1930 3778 3506 3859">
     <span class='ocr_line' id='line_1_85' title="bbox 1930 3778 3506 3859; baseline 0.01 -31"><span class='ocrx_word' id='word_1_593' title='bbox 1930 3778 2143 3846; x_wconf 88' lang='grc' dir='ltr'>γενέσιν</span> <span class='ocrx_word' id='word_1_594' title='bbox 2168 3780 2504 3850; x_wconf 82' lang='grc' dir='ltr'>ἐπικουρεῖν,</span> <span class='ocrx_word' id='word_1_595' title='bbox 2554 3784 2603 3834; x_wconf 82' lang='grc' dir='ltr'>εἰ</span> <span class='ocrx_word' id='word_1_596' title='bbox 2643 3783 2752 3850; x_wconf 82' lang='grc' dir='ltr'>ἀρα</span> <span class='ocrx_word' id='word_1_597' title='bbox 2784 3783 3045 3849; x_wconf 86' lang='grc' dir='ltr'>λίποιντο,</span> <span class='ocrx_word' id='word_1_598' title='bbox 3077 3788 3172 3841; x_wconf 76' lang='grc' dir='ltr'>καὶ</span> <span class='ocrx_word' id='word_1_599' title='bbox 3212 3787 3506 3859; x_wconf 87' lang='grc' dir='ltr'>διαφόρους</span> 
     </span>
    </p>
   </div>
   <div class='ocr_carea' id='block_1_86' title="bbox 1928 3862 3503 3944">
    <p class='ocr_par' dir='ltr' id='par_1_86' title="bbox 1928 3862 3503 3944">
     <span class='ocr_line' id='line_1_86' title="bbox 1928 3862 3503 3944; baseline 0.01 -31"><span class='ocrx_word' id='word_1_600' title='bbox 1928 3862 2190 3931; x_wconf 82' lang='grc' dir='ltr'>παρέχειν</span> <span class='ocrx_word' id='word_1_601' title='bbox 2230 3863 2604 3934; x_wconf 86' lang='grc' dir='ltr'>παραμυθίας.</span> <span class='ocrx_word' id='word_1_602' title='bbox 2632 3866 2803 3919; x_wconf 87' lang='grc' dir='ltr'>Ὀταν</span> <span class='ocrx_word' id='word_1_603' title='bbox 2841 3867 2898 3920; x_wconf 83' lang='grc' dir='ltr'>δέ</span> <span class='ocrx_word' id='word_1_604' title='bbox 2927 3885 3013 3933; x_wconf 91' lang='grc' dir='ltr'>τις</span> <span class='ocrx_word' id='word_1_605' title='bbox 3045 3868 3174 3940; x_wconf 82' lang='grc' dir='ltr'>ὅλην</span> <span class='ocrx_word' id='word_1_606' title='bbox 3200 3872 3299 3940; x_wconf 82' lang='grc' dir='ltr'>τήν</span> <span class='ocrx_word' id='word_1_607' title='bbox 3323 3873 3503 3944; x_wconf 77' lang='grc' dir='ltr'>ψυχήν</span> 
     </span>
    </p>
   </div>
   <div class='ocr_carea' id='block_1_87' title="bbox 1927 3945 3503 4023">
    <p class='ocr_par' dir='ltr' id='par_1_87' title="bbox 1927 3945 3503 4023">
     <span class='ocr_line' id='line_1_87' title="bbox 1927 3945 3503 4023; baseline 0.01 -27"><span class='ocrx_word' id='word_1_608' title='bbox 1927 3945 2121 3998; x_wconf 86' lang='grc' dir='ltr'>ἑαυτοῦ</span> <span class='ocrx_word' id='word_1_609' title='bbox 2153 3948 2511 4019; x_wconf 84' lang='grc' dir='ltr'>καταπατήσῃ</span> <span class='ocrx_word' id='word_1_610' title='bbox 2544 3949 2842 4022; x_wconf 85' lang='grc' dir='ltr'>κηδεμονίᾳ</span> <span class='ocrx_word' id='word_1_611' title='bbox 2878 3955 3182 4023; x_wconf 87' lang='grc' dir='ltr'>συγγενῶν,</span> <span class='ocrx_word' id='word_1_612' title='bbox 3204 3957 3503 4012; x_wconf 82' lang='grc' dir='ltr'>ὑποπίπτει</span> 
     </span>
    </p>
   </div>
   <div class='ocr_carea' id='block_1_88' title="bbox 1926 4026 3500 4110">
    <p class='ocr_par' dir='ltr' id='par_1_88' title="bbox 1926 4026 3500 4110">
     <span class='ocr_line' id='line_1_88' title="bbox 1926 4026 3500 4110; baseline 0.01 -31"><span class='ocrx_word' id='word_1_613' title='bbox 1926 4026 2098 4098; x_wconf 90' lang='grc' dir='ltr'>νόμῳ,</span> <span class='ocrx_word' id='word_1_614' title='bbox 2134 4029 2229 4082; x_wconf 73' lang='grc' dir='ltr'>ἐπὶ</span> <span class='ocrx_word' id='word_1_615' title='bbox 2288 4032 2506 4102; x_wconf 89' lang='grc' dir='ltr'>ματαίῳ</span> <span class='ocrx_word' id='word_1_616' title='bbox 2538 4033 2638 4102; x_wconf 80' lang='grc' dir='ltr'>τὴν</span> <span class='ocrx_word' id='word_1_617' title='bbox 2681 4033 2860 4105; x_wconf 79' lang='grc' dir='ltr'>ψυχήν</span> <span class='ocrx_word' id='word_1_618' title='bbox 2912 4037 3079 4090; x_wconf 91' lang='lat'><strong>06106</strong></span> <span class='ocrx_word' id='word_1_619' title='bbox 3129 4038 3500 4110; x_wconf 80' lang='grc' dir='ltr'>λογιζόμενος.</span> 
     </span>
    </p>
   </div>
   <div class='ocr_carea' id='block_1_89' title="bbox 1930 4111 3502 4197">
    <p class='ocr_par' dir='ltr' id='par_1_89' title="bbox 1930 4111 3502 4197">
     <span class='ocr_line' id='line_1_89' title="bbox 1930 4111 3502 4197; baseline 0.024 -53"><span class='ocrx_word' id='word_1_620' title='bbox 1930 4111 2079 4197; x_wconf 40' lang='grc' dir='ltr'>-ᾼδς,</span> <span class='ocrx_word' id='word_1_621' title='bbox 2123 4111 2181 4165; x_wconf 65' lang='grc' dir='ltr'>δὲ</span> <span class='ocrx_word' id='word_1_622' title='bbox 2245 4116 2339 4197; x_wconf 65' lang='grc' dir='ltr'>και</span> <span class='ocrx_word' id='word_1_623' title='bbox 2369 4115 2398 4165; x_wconf 91' lang='grc' dir='ltr'>ό</span> <span class='ocrx_word' id='word_1_624' title='bbox 2450 4114 2773 4188; x_wconf 80' lang='grc' dir='ltr'>ίεροψάλτης</span> <span class='ocrx_word' id='word_1_625' title='bbox 2837 4119 3005 4174; x_wconf 80' lang='lat' dir='ltr'><strong>A0616</strong></span> <span class='ocrx_word' id='word_1_626' title='bbox 3067 4123 3198 4194; x_wconf 79' lang='grc' dir='ltr'>περὶ</span> <span class='ocrx_word' id='word_1_627' title='bbox 3244 4125 3355 4178; x_wconf 87' lang='grc' dir='ltr'>τῶν</span> <span class='ocrx_word' id='word_1_628' title='bbox 3400 4130 3502 4197; x_wconf 82' lang='grc' dir='ltr'>τῆς</span> 
     </span>
    </p>
   </div>
   <div class='ocr_carea' id='block_1_90' title="bbox 1923 4194 3501 4277">
    <p class='ocr_par' dir='ltr' id='par_1_90' title="bbox 1923 4194 3501 4277">
     <span class='ocr_line' id='line_1_90' title="bbox 1923 4194 3501 4277; baseline 0.012 -31"><span class='ocrx_word' id='word_1_629' title='bbox 1923 4194 2099 4265; x_wconf 86' lang='grc' dir='ltr'>ψυχῆς</span> <span class='ocrx_word' id='word_1_630' title='bbox 2126 4195 2528 4267; x_wconf 78' lang='grc' dir='ltr'>φροντιζόντων</span> <span class='ocrx_word' id='word_1_631' title='bbox 2554 4201 2612 4253; x_wconf 76' lang='grc' dir='ltr'>ἐν</span> <span class='ocrx_word' id='word_1_632' title='bbox 2643 4201 2793 4271; x_wconf 82' lang='grc' dir='ltr'>φόϐῳ</span> <span class='ocrx_word' id='word_1_633' title='bbox 2821 4201 2957 4257; x_wconf 90' lang='grc' dir='ltr'>Θεοῦ</span> <span class='ocrx_word' id='word_1_634' title='bbox 2982 4220 2997 4235; x_wconf 90' lang='grc'><strong>·</strong></span> <span class='ocrx_word' id='word_1_635' title='bbox 3051 4205 3227 4277; x_wconf 83' lang='grc' dir='ltr'>λέγων</span> <span class='ocrx_word' id='word_1_636' title='bbox 3244 4250 3260 4276; x_wconf 94' lang='grc'>,</span> <span class='ocrx_word' id='word_1_637' title='bbox 3296 4210 3379 4264; x_wconf 81' lang='grc' dir='ltr'>ὅτι</span> <span class='ocrx_word' id='word_1_638' title='bbox 3402 4194 3501 4276; x_wconf 90' lang='grc' dir='ltr'>Τίς</span> 
     </span>
    </p>
   </div>
   <div class='ocr_carea' id='block_1_91' title="bbox 1922 4279 3498 4359">
    <p class='ocr_par' dir='ltr' id='par_1_91' title="bbox 1922 4279 3498 4359">
     <span class='ocr_line' id='line_1_91' title="bbox 1922 4279 3498 4359; baseline 0.003 -26"><span class='ocrx_word' id='word_1_639' title='bbox 1922 4279 2259 4350; x_wconf 88' lang='grc' dir='ltr'>ἀναϐήσεται</span> <span class='ocrx_word' id='word_1_640' title='bbox 2289 4283 2370 4344; x_wconf 83' lang='grc' dir='ltr'>είς</span> <span class='ocrx_word' id='word_1_641' title='bbox 2405 4281 2469 4334; x_wconf 93' lang='lat'>16</span> <span class='ocrx_word' id='word_1_642' title='bbox 2495 4281 2622 4353; x_wconf 77' lang='grc' dir='ltr'>ὅρος</span> <span class='ocrx_word' id='word_1_643' title='bbox 2651 4284 2747 4338; x_wconf 88' lang='grc' dir='ltr'>τοῦ</span> <span class='ocrx_word' id='word_1_644' title='bbox 2781 4286 2988 4357; x_wconf 83' lang='grc' dir='ltr'>Κυρίου</span> <span class='ocrx_word' id='word_1_645' title='bbox 3012 4304 3028 4355; x_wconf 85' lang='lat'>;</span> <span class='ocrx_word' id='word_1_646' title='bbox 3053 4289 3176 4345; x_wconf 81' lang='grc' dir='ltr'>ἀντὶ</span> <span class='ocrx_word' id='word_1_647' title='bbox 3199 4292 3319 4359; x_wconf 86' lang='grc' dir='ltr'>τοῦ,</span> <span class='ocrx_word' id='word_1_648' title='bbox 3351 4312 3498 4350; x_wconf 71' lang='grc' dir='ltr'>σπι..</span> 
     </span>
    </p>
   </div>
   <div class='ocr_carea' id='block_1_92' title="bbox 1920 4362 3497 4444">
    <p class='ocr_par' dir='ltr' id='par_1_92' title="bbox 1920 4362 3497 4444">
     <span class='ocr_line' id='line_1_92' title="bbox 1920 4362 3497 4444; baseline 0.012 -31"><span class='ocrx_word' id='word_1_649' title='bbox 1920 4362 2069 4425; x_wconf 87' lang='grc' dir='ltr'>νίιυς.</span> <span class='ocrx_word' id='word_1_650' title='bbox 2102 4363 2171 4415; x_wconf 86' lang='grc' dir='ltr'><strong>Ἦ</strong></span> <span class='ocrx_word' id='word_1_651' title='bbox 2194 4362 2278 4426; x_wconf 89' lang='grc' dir='ltr'>τίς</span> <span class='ocrx_word' id='word_1_652' title='bbox 2309 4366 2566 4433; x_wconf 80' lang='grc' dir='ltr'>στήσεται</span> <span class='ocrx_word' id='word_1_653' title='bbox 2592 4366 2649 4417; x_wconf 86' lang='grc' dir='ltr'>ἐν</span> <span class='ocrx_word' id='word_1_654' title='bbox 2679 4367 2828 4437; x_wconf 85' lang='grc' dir='ltr'>τόπῳ</span> <span class='ocrx_word' id='word_1_655' title='bbox 2874 4370 3017 4441; x_wconf 88' lang='grc' dir='ltr'>ἀγίῳ</span> <span class='ocrx_word' id='word_1_656' title='bbox 3054 4372 3256 4441; x_wconf 85' lang='grc' dir='ltr'>αύτοῦ;</span> <span class='ocrx_word' id='word_1_657' title='bbox 3293 4377 3497 4444; x_wconf 84' lang='grc' dir='ltr'>’Δθῶος</span> 
     </span>
    </p>
   </div>
   <div class='ocr_carea' id='block_1_93' title="bbox 1921 4444 3495 4530">
    <p class='ocr_par' dir='ltr' id='par_1_93' title="bbox 1921 4444 3495 4530">
     <span class='ocr_line' id='line_1_93' title="bbox 1921 4444 3495 4530; baseline 0.011 -34"><span class='ocrx_word' id='word_1_658' title='bbox 1921 4444 2100 4530; x_wconf 77' lang='grc' dir='ltr'>χερσὶ,</span> <span class='ocrx_word' id='word_1_659' title='bbox 2125 4444 2487 4530; x_wconf 73' lang='grc' dir='ltr'>καὶκαθαρὸς</span> <span class='ocrx_word' id='word_1_660' title='bbox 2509 4450 2580 4530; x_wconf 10' lang='grc' dir='ltr'>τῇ,</span> <span class='ocrx_word' id='word_1_661' title='bbox 2597 4449 2815 4520; x_wconf 70' lang='grc' dir='ltr'>καρδία,</span> <span class='ocrx_word' id='word_1_662' title='bbox 2840 4450 2899 4516; x_wconf 85' lang='grc' dir='ltr'>δς</span> <span class='ocrx_word' id='word_1_663' title='bbox 2915 4452 3016 4507; x_wconf 81' lang='grc' dir='ltr'>οὐκ</span> <span class='ocrx_word' id='word_1_664' title='bbox 3042 4454 3235 4510; x_wconf 71' lang='grc' dir='ltr'>ἐλαϐεν</span> <span class='ocrx_word' id='word_1_665' title='bbox 3268 4459 3362 4513; x_wconf 71' lang='grc' dir='ltr'>ἐπὶ</span> <span class='ocrx_word' id='word_1_666' title='bbox 3391 4478 3495 4530; x_wconf 70' lang='grc' dir='ltr'>μαρ-</span> 
     </span>
    </p>
   </div>
   <div class='ocr_carea' id='block_1_94' title="bbox 240 4520 3494 4622">
    <p class='ocr_par' dir='ltr' id='par_1_94' title="bbox 240 4520 3494 4622">
     <span class='ocr_line' id='line_1_94' title="bbox 240 4520 3494 4622; baseline 0.003 -39"><span class='ocrx_word' id='word_1_667' title='bbox 240 4530 405 4584; x_wconf 85' lang='grc' dir='ltr'>τύπον</span> <span class='ocrx_word' id='word_1_668' title='bbox 433 4530 502 4584; x_wconf 79' lang='grc' dir='ltr'>τά</span> <span class='ocrx_word' id='word_1_669' title='bbox 524 4532 652 4602; x_wconf 76' lang='grc' dir='ltr'>περὶ</span> <span class='ocrx_word' id='word_1_670' title='bbox 679 4532 847 4602; x_wconf 82' lang='grc' dir='ltr'>αὐτῆς</span> <span class='ocrx_word' id='word_1_671' title='bbox 870 4530 1249 4603; x_wconf 87' lang='grc' dir='ltr'>διηγήσομαι),</span> <span class='ocrx_word' id='word_1_672' title='bbox 1280 4536 1363 4589; x_wconf 84' lang='grc' dir='ltr'>δτι</span> <span class='ocrx_word' id='word_1_673' title='bbox 1394 4533 1529 4622; x_wconf 77' lang='grc' dir='ltr'>Κατ’</span> <span class='ocrx_word' id='word_1_674' title='bbox 1558 4520 1680 4622; x_wconf 58' lang='grc' dir='ltr'>δύην</span> <span class='ocrx_word' id='word_1_675' title='bbox 1694 4535 1813 4622; x_wconf 69' lang='grc' dir='ltr'>μὲν,</span> <span class='ocrx_word' id='word_1_676' title='bbox 1842 4553 1896 4614; x_wconf 79' lang='lat' dir='ltr'><strong>D</strong></span> <span class='ocrx_word' id='word_1_677' title='bbox 1922 4520 2056 4622; x_wconf 63' lang='grc' dir='ltr'>ταίῳ</span> <span class='ocrx_word' id='word_1_678' title='bbox 2084 4528 2185 4622; x_wconf 74' lang='grc' dir='ltr'>τήν</span> <span class='ocrx_word' id='word_1_679' title='bbox 2219 4527 2397 4622; x_wconf 66' lang='grc' dir='ltr'>ψυχὴν</span> <span class='ocrx_word' id='word_1_680' title='bbox 2428 4528 2613 4622; x_wconf 55' lang='lat'><strong>06106.</strong></span> <span class='ocrx_word' id='word_1_681' title='bbox 2650 4532 2877 4622; x_wconf 74' lang='grc' dir='ltr'>Ἐκεῖνοι</span> <span class='ocrx_word' id='word_1_682' title='bbox 2908 4536 3014 4622; x_wconf 82' lang='grc' dir='ltr'>γὰρ</span> <span class='ocrx_word' id='word_1_683' title='bbox 3038 4538 3131 4591; x_wconf 79' lang='grc' dir='ltr'>ἐπὶ</span> <span class='ocrx_word' id='word_1_684' title='bbox 3153 4540 3366 4612; x_wconf 83' lang='grc' dir='ltr'>ματαίῳ</span> <span class='ocrx_word' id='word_1_685' title='bbox 3385 4520 3494 4622; x_wconf 44' lang='grc' dir='ltr'>,τήν</span> 
     </span>
    </p>
   </div>
   <div class='ocr_carea' id='block_1_95' title="bbox 240 4613 1814 4689">
    <p class='ocr_par' dir='ltr' id='par_1_95' title="bbox 240 4613 1814 4689">
     <span class='ocr_line' id='line_1_95' title="bbox 240 4613 1814 4689; baseline 0.004 -22"><span class='ocrx_word' id='word_1_686' title='bbox 240 4616 397 4683; x_wconf 74' lang='grc' dir='ltr'>φασὶ,</span> <span class='ocrx_word' id='word_1_687' title='bbox 427 4613 522 4684; x_wconf 78' lang='grc' dir='ltr'>τήν</span> <span class='ocrx_word' id='word_1_688' title='bbox 552 4614 829 4684; x_wconf 88' lang='grc' dir='ltr'>μακαρίαν</span> <span class='ocrx_word' id='word_1_689' title='bbox 852 4615 1055 4686; x_wconf 87' lang='grc' dir='ltr'>ταύτην</span> <span class='ocrx_word' id='word_1_690' title='bbox 1071 4616 1170 4668; x_wconf 80' lang='grc' dir='ltr'>οὐκ</span> <span class='ocrx_word' id='word_1_691' title='bbox 1190 4617 1459 4689; x_wconf 71' lang='grc' dir='ltr'>ἠδυνήθην</span> <span class='ocrx_word' id='word_1_692' title='bbox 1489 4618 1814 4688; x_wconf 88' lang='grc' dir='ltr'>θεάσασθαι,</span> 
     </span>
    </p>
   </div>
   <div class='ocr_carea' id='block_1_96' title="bbox 239 4698 1816 4776">
    <p class='ocr_par' dir='ltr' id='par_1_96' title="bbox 239 4698 1816 4776">
     <span class='ocr_line' id='line_1_96' title="bbox 239 4698 1816 4776; baseline 0.002 -22"><span class='ocrx_word' id='word_1_693' title='bbox 239 4701 374 4772; x_wconf 76' lang='grc' dir='ltr'>περὶ</span> <span class='ocrx_word' id='word_1_694' title='bbox 418 4700 475 4753; x_wconf 75' lang='grc' dir='ltr'>δέ</span> <span class='ocrx_word' id='word_1_695' title='bbox 523 4698 622 4769; x_wconf 78' lang='grc' dir='ltr'>τὴν</span> <span class='ocrx_word' id='word_1_696' title='bbox 667 4698 807 4768; x_wconf 80' lang='grc' dir='ltr'>ὀπὴν</span> <span class='ocrx_word' id='word_1_697' title='bbox 859 4698 1033 4752; x_wconf 81' lang='grc' dir='ltr'>στᾶσα</span> <span class='ocrx_word' id='word_1_698' title='bbox 1094 4698 1206 4768; x_wconf 84' lang='grc' dir='ltr'>ἐγὼ</span> <span class='ocrx_word' id='word_1_699' title='bbox 1246 4702 1597 4772; x_wconf 88' lang='grc' dir='ltr'>παρεκάλεσα</span> <span class='ocrx_word' id='word_1_700' title='bbox 1642 4704 1816 4776; x_wconf 73' lang='grc' dir='ltr'>αὐτὴν</span> 
     </span>
    </p>
   </div>
   <div class='ocr_carea' id='block_1_97' title="bbox 236 4781 1815 4860">
    <p class='ocr_par' dir='ltr' id='par_1_97' title="bbox 236 4781 1815 4860">
     <span class='ocr_line' id='line_1_97' title="bbox 236 4781 1815 4860; baseline 0.003 -21"><span class='ocrx_word' id='word_1_701' title='bbox 236 4786 418 4839; x_wconf 72' lang='grc' dir='ltr'>εἰπεῖν</span> <span class='ocrx_word' id='word_1_702' title='bbox 451 4802 541 4857; x_wconf 91' lang='grc' dir='ltr'>μοι</span> <span class='ocrx_word' id='word_1_703' title='bbox 576 4784 677 4857; x_wconf 78' lang='grc' dir='ltr'>τὴν</span> <span class='ocrx_word' id='word_1_704' title='bbox 712 4782 891 4837; x_wconf 79' lang='grc' dir='ltr'>αἰτίαν</span> <span class='ocrx_word' id='word_1_705' title='bbox 910 4781 980 4836; x_wconf 82' lang='grc' dir='ltr'>δι’</span> <span class='ocrx_word' id='word_1_706' title='bbox 1036 4784 1103 4857; x_wconf 77' lang='grc' dir='ltr'>ῆν</span> <span class='ocrx_word' id='word_1_707' title='bbox 1155 4784 1504 4856; x_wconf 83' lang='grc' dir='ltr'>ἀνεχώρησεν</span> <span class='ocrx_word' id='word_1_708' title='bbox 1571 4788 1671 4859; x_wconf 75' lang='grc' dir='ltr'>μὲν</span> <span class='ocrx_word' id='word_1_709' title='bbox 1714 4790 1815 4860; x_wconf 85' lang='grc' dir='ltr'>τῆς</span> 
     </span>
    </p>
   </div>
   <div class='ocr_carea' id='block_1_98' title="bbox 238 4867 1809 4944">
    <p class='ocr_par' dir='ltr' id='par_1_98' title="bbox 238 4867 1809 4944">
     <span class='ocr_line' id='line_1_98' title="bbox 238 4867 1809 4944; baseline 0.003 -21"><span class='ocrx_word' id='word_1_710' title='bbox 238 4870 471 4933; x_wconf 86' lang='grc' dir='ltr'>πόλεως,</span> <span class='ocrx_word' id='word_1_711' title='bbox 526 4867 944 4936; x_wconf 80' lang='grc' dir='ltr'>ἐγκατέκλεισεν</span> <span class='ocrx_word' id='word_1_712' title='bbox 984 4868 1028 4921; x_wconf 87' lang='lat'><strong>6‘</strong></span> <span class='ocrx_word' id='word_1_713' title='bbox 1061 4871 1261 4942; x_wconf 84' lang='grc' dir='ltr'>ἑαυτήν</span> <span class='ocrx_word' id='word_1_714' title='bbox 1318 4872 1376 4925; x_wconf 84' lang='grc' dir='ltr'>ἐν</span> <span class='ocrx_word' id='word_1_715' title='bbox 1413 4870 1491 4941; x_wconf 86' lang='grc' dir='ltr'>τῷ</span> <span class='ocrx_word' id='word_1_716' title='bbox 1544 4872 1809 4944; x_wconf 87' lang='grc' dir='ltr'>μνήματι.</span> 
     </span>
    </p>
   </div>
   <div class='ocr_carea' id='block_1_99' title="bbox 245 4950 1812 5023">
    <p class='ocr_par' dir='ltr' id='par_1_99' title="bbox 245 4950 1812 5023">
     <span class='ocr_line' id='line_1_99' title="bbox 245 4950 1812 5023; baseline 0.002 -15"><span class='ocrx_word' id='word_1_717' title='bbox 245 4953 314 5008; x_wconf 80' lang='grc' dir='ltr'>Ἠ</span> <span class='ocrx_word' id='word_1_718' title='bbox 366 4952 424 5005; x_wconf 83' lang='grc' dir='ltr'>δὲ</span> <span class='ocrx_word' id='word_1_719' title='bbox 453 4952 542 5005; x_wconf 75' lang='grc' dir='ltr'>διὰ</span> <span class='ocrx_word' id='word_1_720' title='bbox 600 4951 703 5021; x_wconf 84' lang='grc' dir='ltr'>τῆς</span> <span class='ocrx_word' id='word_1_721' title='bbox 753 4950 894 5021; x_wconf 85' lang='grc' dir='ltr'>ὀπῆς</span> <span class='ocrx_word' id='word_1_722' title='bbox 949 4969 1039 5022; x_wconf 90' lang='grc' dir='ltr'>μοι</span> <span class='ocrx_word' id='word_1_723' title='bbox 1068 4953 1362 5023; x_wconf 86' lang='grc' dir='ltr'>ἐφθέγγετο</span> <span class='ocrx_word' id='word_1_724' title='bbox 1411 4954 1663 5022; x_wconf 85' lang='grc' dir='ltr'>λέγουσα,</span> <span class='ocrx_word' id='word_1_725' title='bbox 1729 4957 1812 5011; x_wconf 85' lang='grc' dir='ltr'>ὅτι</span> 
     </span>
    </p>
   </div>
   <div class='ocr_carea' id='block_1_100' title="bbox 248 5034 1812 5110">
    <p class='ocr_par' dir='ltr' id='par_1_100' title="bbox 248 5034 1812 5110">
     <span class='ocr_line' id='line_1_100' title="bbox 248 5034 1812 5110; baseline 0.002 -18"><span class='ocrx_word' id='word_1_726' title='bbox 248 5036 486 5107; x_wconf 85' lang='grc' dir='ltr'>Ἐϐλάϐη</span> <span class='ocrx_word' id='word_1_727' title='bbox 514 5053 596 5097; x_wconf 86' lang='grc' dir='ltr'>τις</span> <span class='ocrx_word' id='word_1_728' title='bbox 620 5036 712 5089; x_wconf 84' lang='grc' dir='ltr'>τὸν</span> <span class='ocrx_word' id='word_1_729' title='bbox 744 5034 867 5089; x_wconf 86' lang='grc' dir='ltr'>νοῦν</span> <span class='ocrx_word' id='word_1_730' title='bbox 889 5038 967 5099; x_wconf 86' lang='grc' dir='ltr'>είς</span> <span class='ocrx_word' id='word_1_731' title='bbox 983 5037 1103 5107; x_wconf 75' lang='grc' dir='ltr'>ἐμὲ,</span> <span class='ocrx_word' id='word_1_732' title='bbox 1132 5040 1225 5091; x_wconf 76' lang='grc' dir='ltr'>καὶ</span> <span class='ocrx_word' id='word_1_733' title='bbox 1257 5038 1343 5092; x_wconf 74' lang='grc' dir='ltr'>ἵνα</span> <span class='ocrx_word' id='word_1_734' title='bbox 1371 5038 1445 5108; x_wconf 83' lang='grc' dir='ltr'>μὴ</span> <span class='ocrx_word' id='word_1_735' title='bbox 1469 5039 1812 5110; x_wconf 24' lang='grc' dir='ltr'>δόξωγλυπεῖν</span> 
     </span>
    </p>
   </div>
   <div class='ocr_carea' id='block_1_101' title="bbox 232 5119 1811 5198">
    <p class='ocr_par' dir='ltr' id='par_1_101' title="bbox 232 5119 1811 5198">
     <span class='ocr_line' id='line_1_101' title="bbox 232 5119 1811 5198; baseline 0.003 -23"><span class='ocrx_word' id='word_1_736' title='bbox 232 5121 422 5187; x_wconf 82' lang='grc' dir='ltr'>αὐτὸν,</span> <span class='ocrx_word' id='word_1_737' title='bbox 452 5120 487 5190; x_wconf 77' lang='grc' dir='ltr'>ἢ</span> <span class='ocrx_word' id='word_1_738' title='bbox 526 5119 852 5188; x_wconf 89' lang='grc' dir='ltr'>διαϐάλλειν,</span> <span class='ocrx_word' id='word_1_739' title='bbox 883 5123 1180 5195; x_wconf 77' lang='grc' dir='ltr'>ᾑρησάμην</span> <span class='ocrx_word' id='word_1_740' title='bbox 1217 5122 1397 5186; x_wconf 76' lang='grc' dir='ltr'>ζῶσαν</span> <span class='ocrx_word' id='word_1_741' title='bbox 1452 5126 1693 5198; x_wconf 76' lang='grc' dir='ltr'>ἐμαυτὴν</span> <span class='ocrx_word' id='word_1_742' title='bbox 1729 5128 1811 5192; x_wconf 87' lang='grc' dir='ltr'>εἰς</span> 
     </span>
    </p>
   </div>
   <div class='ocr_carea' id='block_1_102' title="bbox 231 5204 1809 5283">
    <p class='ocr_par' dir='ltr' id='par_1_102' title="bbox 231 5204 1809 5283">
     <span class='ocr_line' id='line_1_102' title="bbox 231 5204 1809 5283; baseline 0.004 -24"><span class='ocrx_word' id='word_1_743' title='bbox 231 5208 295 5259; x_wconf 88' lang='lat'>16</span> <span class='ocrx_word' id='word_1_744' title='bbox 337 5206 526 5277; x_wconf 87' lang='grc' dir='ltr'>μνῆμα</span> <span class='ocrx_word' id='word_1_745' title='bbox 577 5204 735 5258; x_wconf 85' lang='grc' dir='ltr'>τοῦτο</span> <span class='ocrx_word' id='word_1_746' title='bbox 786 5206 1128 5275; x_wconf 71' lang='grc' dir='ltr'>εἰσαγαγεῖν,</span> <span class='ocrx_word' id='word_1_747' title='bbox 1179 5208 1597 5279; x_wconf 79' lang='grc' dir='ltr'>ήσκανδαλίσαι</span> <span class='ocrx_word' id='word_1_748' title='bbox 1631 5211 1809 5283; x_wconf 78' lang='grc' dir='ltr'>ψυχήν</span> 
     </span>
    </p>
   </div>
   <div class='ocr_carea' id='block_1_103' title="bbox 234 5288 1808 5371">
    <p class='ocr_par' dir='ltr' id='par_1_103' title="bbox 234 5288 1808 5371">
     <span class='ocr_line' id='line_1_103' title="bbox 234 5288 1808 5371; baseline 0.006 -27"><span class='ocrx_word' id='word_1_749' title='bbox 234 5291 357 5344; x_wconf 83' lang='grc' dir='ltr'>κατ’</span> <span class='ocrx_word' id='word_1_750' title='bbox 387 5292 573 5344; x_wconf 75' lang='grc' dir='ltr'>εἰκόνα</span> <span class='ocrx_word' id='word_1_751' title='bbox 596 5288 733 5343; x_wconf 86' lang='grc' dir='ltr'>Θεοῦ</span> <span class='ocrx_word' id='word_1_752' title='bbox 794 5291 1134 5363; x_wconf 84' lang='grc' dir='ltr'>ποιηθεῖσαν.</span> <span class='ocrx_word' id='word_1_753' title='bbox 1180 5295 1349 5365; x_wconf 83' lang='grc' dir='ltr'>Ἐμοῦ</span> <span class='ocrx_word' id='word_1_754' title='bbox 1404 5295 1462 5349; x_wconf 71' lang='grc' dir='ltr'>δὲ</span> <span class='ocrx_word' id='word_1_755' title='bbox 1522 5301 1808 5371; x_wconf 75' lang='grc' dir='ltr'>εἰρηκυίας</span> 
     </span>
    </p>
   </div>
   <div class='ocr_carea' id='block_1_104' title="bbox 230 5372 1807 5456">
    <p class='ocr_par' dir='ltr' id='par_1_104' title="bbox 230 5372 1807 5456">
     <span class='ocr_line' id='line_1_104' title="bbox 230 5372 1807 5456; baseline 0.008 -28"><span class='ocrx_word' id='word_1_756' title='bbox 230 5374 396 5443; x_wconf 76' lang='grc' dir='ltr'>αὐτῇ.</span> <span class='ocrx_word' id='word_1_757' title='bbox 432 5372 556 5436; x_wconf 82' lang='grc' dir='ltr'>Πῶς</span> <span class='ocrx_word' id='word_1_758' title='bbox 580 5373 978 5446; x_wconf 84' lang='grc' dir='ltr'>διακαρτερεῖς,</span> <span class='ocrx_word' id='word_1_759' title='bbox 994 5375 1156 5450; x_wconf 91' lang='grc' dir='ltr'>δούλη</span> <span class='ocrx_word' id='word_1_760' title='bbox 1175 5379 1438 5449; x_wconf 86' lang='grc' dir='ltr'>Χριστοῦ,</span> <span class='ocrx_word' id='word_1_761' title='bbox 1454 5381 1515 5435; x_wconf 84' lang='lat'>16</span> <span class='ocrx_word' id='word_1_762' title='bbox 1542 5385 1807 5456; x_wconf 90' lang='grc' dir='ltr'>παράπαν</span> 
     </span>
    </p>
   </div>
   <div class='ocr_carea' id='block_1_105' title="bbox 237 5456 1803 5542">
    <p class='ocr_par' dir='ltr' id='par_1_105' title="bbox 237 5456 1803 5542">
     <span class='ocr_line' id='line_1_105' title="bbox 237 5456 1803 5542; baseline 0.01 -33"><span class='ocrx_word' id='word_1_763' title='bbox 237 5456 430 5527; x_wconf 80' lang='grc' dir='ltr'>μηδενὶ</span> <span class='ocrx_word' id='word_1_764' title='bbox 457 5459 920 5527; x_wconf 82' lang='grc' dir='ltr'>συντυγχάνουσα,</span> <span class='ocrx_word' id='word_1_765' title='bbox 975 5460 1113 5513; x_wconf 81' lang='grc' dir='ltr'>ἀλλά</span> <span class='ocrx_word' id='word_1_766' title='bbox 1164 5463 1303 5534; x_wconf 84' lang='grc' dir='ltr'>μόνη</span> <span class='ocrx_word' id='word_1_767' title='bbox 1342 5466 1689 5523; x_wconf 88' lang='grc' dir='ltr'>πυκτεύουσα</span> <span class='ocrx_word' id='word_1_768' title='bbox 1737 5473 1803 5542; x_wconf 77' lang='grc' dir='ltr'>τῇ</span> 
     </span>
    </p>
   </div>
   <div class='ocr_carea' id='block_1_106' title="bbox 230 5541 1806 5621">
    <p class='ocr_par' dir='ltr' id='par_1_106' title="bbox 230 5541 1806 5621">
     <span class='ocr_line' id='line_1_106' title="bbox 230 5541 1806 5621; baseline 0.013 -29"><span class='ocrx_word' id='word_1_769' title='bbox 230 5541 432 5613; x_wconf 68' lang='grc' dir='ltr'>ἀκηδίᾳ</span> <span class='ocrx_word' id='word_1_770' title='bbox 456 5543 549 5595; x_wconf 71' lang='grc' dir='ltr'>καὶ</span> <span class='ocrx_word' id='word_1_771' title='bbox 582 5546 694 5606; x_wconf 89' lang='grc' dir='ltr'>τοῖς</span> <span class='ocrx_word' id='word_1_772' title='bbox 744 5544 1057 5616; x_wconf 71' lang='grc' dir='ltr'>λογισμοῖς,</span> <span class='ocrx_word' id='word_1_773' title='bbox 1098 5546 1131 5618; x_wconf 87' lang='grc' dir='ltr'>ή</span> <span class='ocrx_word' id='word_1_774' title='bbox 1177 5547 1234 5601; x_wconf 80' lang='grc' dir='ltr'>δὲ</span> <span class='ocrx_word' id='word_1_775' title='bbox 1262 5550 1626 5621; x_wconf 74' lang='grc' dir='ltr'>ἀπεκρίνατοο</span> <span class='ocrx_word' id='word_1_776' title='bbox 1672 5541 1806 5611; x_wconf 79' lang='grc' dir='ltr'>’Δπδ</span> 
     </span>
    </p>
   </div>
   <div class='ocr_carea' id='block_1_107' title="bbox 230 5626 1804 5713">
    <p class='ocr_par' dir='ltr' id='par_1_107' title="bbox 230 5626 1804 5713">
     <span class='ocr_line' id='line_1_107' title="bbox 230 5626 1804 5713; baseline 0.011 -32"><span class='ocrx_word' id='word_1_777' title='bbox 230 5626 379 5697; x_wconf 73' lang='grc' dir='ltr'>πρωϊ</span> <span class='ocrx_word' id='word_1_778' title='bbox 414 5628 518 5691; x_wconf 71' lang='grc' dir='ltr'>ἕως</span> <span class='ocrx_word' id='word_1_779' title='bbox 548 5628 695 5701; x_wconf 84' lang='grc' dir='ltr'>ὥρας</span> <span class='ocrx_word' id='word_1_780' title='bbox 725 5631 949 5702; x_wconf 87' lang='grc' dir='ltr'>ἐννάτης</span> <span class='ocrx_word' id='word_1_781' title='bbox 972 5631 1226 5705; x_wconf 79' lang='grc' dir='ltr'>εὖχομαι,</span> <span class='ocrx_word' id='word_1_782' title='bbox 1252 5635 1371 5690; x_wconf 77' lang='grc' dir='ltr'>καθ’</span> <span class='ocrx_word' id='word_1_783' title='bbox 1393 5638 1542 5710; x_wconf 87' lang='grc' dir='ltr'>ῶραν</span> <span class='ocrx_word' id='word_1_784' title='bbox 1570 5643 1804 5713; x_wconf 88' lang='grc' dir='ltr'>νήθουσα</span> 
     </span>
    </p>
   </div>
   <div class='ocr_carea' id='block_1_108' title="bbox 229 5710 1804 5801">
    <p class='ocr_par' dir='ltr' id='par_1_108' title="bbox 229 5710 1804 5801">
     <span class='ocr_line' id='line_1_108' title="bbox 229 5710 1804 5801; baseline 0.015 -38"><span class='ocrx_word' id='word_1_785' title='bbox 229 5710 412 5765; x_wconf 79' lang='grc' dir='ltr'>λίνονο</span> <span class='ocrx_word' id='word_1_786' title='bbox 439 5713 625 5801; x_wconf 11' lang='grc' dir='ltr'>τάς.δ’ν</span> <span class='ocrx_word' id='word_1_787' title='bbox 650 5714 975 5780; x_wconf 84' lang='grc' dir='ltr'>ὑπολοίπους</span> <span class='ocrx_word' id='word_1_788' title='bbox 1003 5717 1153 5789; x_wconf 89' lang='grc' dir='ltr'>ῶρας</span> <span class='ocrx_word' id='word_1_789' title='bbox 1191 5722 1555 5796; x_wconf 83' lang='grc' dir='ltr'>περιέρχομαι</span> <span class='ocrx_word' id='word_1_790' title='bbox 1604 5710 1681 5799; x_wconf 76' lang='grc' dir='ltr'>τῷ</span> <span class='ocrx_word' id='word_1_791' title='bbox 1728 5733 1804 5801; x_wconf 81' lang='grc' dir='ltr'>νῷ</span> 
     </span>
    </p>
   </div>
   <div class='ocr_carea' id='block_1_109' title="bbox 228 5796 1801 5888">
    <p class='ocr_par' dir='ltr' id='par_1_109' title="bbox 228 5796 1801 5888">
     <span class='ocr_line' id='line_1_109' title="bbox 228 5796 1801 5888; baseline 0.015 -39"><span class='ocrx_word' id='word_1_792' title='bbox 228 5796 329 5867; x_wconf 73' lang='grc' dir='ltr'>τήν</span> <span class='ocrx_word' id='word_1_793' title='bbox 354 5797 537 5853; x_wconf 72' lang='grc' dir='ltr'>πῖστιν</span> <span class='ocrx_word' id='word_1_794' title='bbox 564 5799 671 5855; x_wconf 85' lang='grc' dir='ltr'>τῶν</span> <span class='ocrx_word' id='word_1_795' title='bbox 702 5802 872 5870; x_wconf 81' lang='grc' dir='ltr'>ἁγίων</span> <span class='ocrx_word' id='word_1_796' title='bbox 903 5804 1163 5879; x_wconf 84' lang='grc' dir='ltr'>Πατέρων</span> <span class='ocrx_word' id='word_1_797' title='bbox 1191 5811 1283 5865; x_wconf 77' lang='grc' dir='ltr'>καὶ</span> <span class='ocrx_word' id='word_1_798' title='bbox 1307 5796 1682 5888; x_wconf 78' lang='grc' dir='ltr'>πατριαρχῶν,</span> <span class='ocrx_word' id='word_1_799' title='bbox 1708 5796 1801 5874; x_wconf 74' lang='lat' dir='ltr'><strong>x01</strong></span> 
     </span>
    </p>
   </div>
   <div class='ocr_carea' id='block_1_110' title="bbox 1922 4610 3493 4695">
    <p class='ocr_par' dir='ltr' id='par_1_110' title="bbox 1922 4610 3493 4695">
     <span class='ocr_line' id='line_1_110' title="bbox 1922 4610 3493 4695; baseline 0.011 -34"><span class='ocrx_word' id='word_1_800' title='bbox 1922 4610 2099 4681; x_wconf 75' lang='grc' dir='ltr'>ψυχήν</span> <span class='ocrx_word' id='word_1_801' title='bbox 2122 4610 2333 4695; x_wconf 81' lang='grc' dir='ltr'>ἑαυτῶν</span> <span class='ocrx_word' id='word_1_802' title='bbox 2368 4611 2757 4683; x_wconf 87' lang='grc' dir='ltr'>λαμϐάνουσιν,</span> <span class='ocrx_word' id='word_1_803' title='bbox 2788 4616 2837 4668; x_wconf 86' lang='grc' dir='ltr'>οί</span> <span class='ocrx_word' id='word_1_804' title='bbox 2872 4610 3183 4688; x_wconf 81' lang='grc' dir='ltr'>νομίζοντες</span> <span class='ocrx_word' id='word_1_805' title='bbox 3219 4610 3395 4695; x_wconf 72' lang='grc' dir='ltr'>αὐτήν</span> <span class='ocrx_word' id='word_1_806' title='bbox 3414 4610 3493 4695; x_wconf 69' lang='grc' dir='ltr'>τῷ</span> 
     </span>
    </p>
   </div>
   <div class='ocr_carea' id='block_1_111' title="bbox 1922 4694 3491 4779">
    <p class='ocr_par' dir='ltr' id='par_1_111' title="bbox 1922 4694 3491 4779">
     <span class='ocr_line' id='line_1_111' title="bbox 1922 4694 3491 4779; baseline 0.011 -32"><span class='ocrx_word' id='word_1_807' title='bbox 1922 4694 2133 4765; x_wconf 78' lang='grc' dir='ltr'>σαρκίῳ</span> <span class='ocrx_word' id='word_1_808' title='bbox 2158 4694 2331 4765; x_wconf 87' lang='grc' dir='ltr'>τούτῳ</span> <span class='ocrx_word' id='word_1_809' title='bbox 2385 4698 2819 4770; x_wconf 85' lang='grc' dir='ltr'>συνδιαλύεσθαι,</span> <span class='ocrx_word' id='word_1_810' title='bbox 2857 4703 2907 4757; x_wconf 83' lang='grc' dir='ltr'>οί</span> <span class='ocrx_word' id='word_1_811' title='bbox 2963 4704 3073 4758; x_wconf 88' lang='grc' dir='ltr'>τῶν</span> <span class='ocrx_word' id='word_1_812' title='bbox 3103 4694 3491 4779; x_wconf 84' lang='grc' dir='ltr'>πνευματικῶν</span> 
     </span>
    </p>
   </div>
   <div class='ocr_carea' id='block_1_112' title="bbox 1919 4778 2500 4850">
    <p class='ocr_par' dir='ltr' id='par_1_112' title="bbox 1919 4778 2500 4850">
     <span class='ocr_line' id='line_1_112' title="bbox 1919 4778 2500 4850; baseline 0.014 -21"><span class='ocrx_word' id='word_1_813' title='bbox 1919 4778 2129 4848; x_wconf 84' lang='grc' dir='ltr'>ἀρετῶν</span> <span class='ocrx_word' id='word_1_814' title='bbox 2152 4780 2500 4850; x_wconf 81' lang='grc' dir='ltr'>ἀμελοῦντες.</span> 
     </span>
    </p>
   </div>
   <div class='ocr_carea' id='block_1_113' title="bbox 1988 4880 3488 4972">
    <p class='ocr_par' dir='ltr' id='par_1_113' title="bbox 1988 4880 3488 4972">
     <span class='ocr_line' id='line_1_113' title="bbox 1988 4880 3488 4972; baseline 0.015 -40"><span class='ocrx_word' id='word_1_815' title='bbox 1988 4880 2205 4952; x_wconf 89' lang='grc' dir='ltr'>Ταύτην</span> <span class='ocrx_word' id='word_1_816' title='bbox 2243 4884 2343 4955; x_wconf 83' lang='grc' dir='ltr'>τὴν</span> <span class='ocrx_word' id='word_1_817' title='bbox 2373 4886 2641 4958; x_wconf 85' lang='grc' dir='ltr'>παρθένον</span> <span class='ocrx_word' id='word_1_818' title='bbox 2694 4888 2791 4962; x_wconf 84' lang='grc' dir='ltr'>τήν</span> <span class='ocrx_word' id='word_1_819' title='bbox 2827 4891 2906 4961; x_wconf 89' lang='grc' dir='ltr'>τῷ</span> <span class='ocrx_word' id='word_1_820' title='bbox 2933 4893 3159 4966; x_wconf 87' lang='grc' dir='ltr'>ὀνόματι</span> <span class='ocrx_word' id='word_1_821' title='bbox 3200 4896 3346 4971; x_wconf 82' lang='grc' dir='ltr'>μόνῳ</span> <span class='ocrx_word' id='word_1_822' title='bbox 3388 4899 3488 4972; x_wconf 81' lang='grc' dir='ltr'>τήν</span> 
     </span>
    </p>
   </div>
   <div class='ocr_carea' id='block_1_114' title="bbox 1914 4970 3487 5061">
    <p class='ocr_par' dir='ltr' id='par_1_114' title="bbox 1914 4970 3487 5061">
     <span class='ocr_line' id='line_1_114' title="bbox 1914 4970 3487 5061; baseline 0.008 -40"><span class='ocrx_word' id='word_1_823' title='bbox 1914 4970 2235 5041; x_wconf 87' lang='grc' dir='ltr'>ἐπωνυμίαν</span> <span class='ocrx_word' id='word_1_824' title='bbox 2291 4974 2654 5061; x_wconf 85' lang='grc' dir='ltr'>κεκτημένην,</span> <span class='ocrx_word' id='word_1_825' title='bbox 2690 4980 2801 5044; x_wconf 91' lang='grc' dir='ltr'>τοῖς</span> <span class='ocrx_word' id='word_1_826' title='bbox 2826 4979 2883 5033; x_wconf 85' lang='grc' dir='ltr'>δέ</span> <span class='ocrx_word' id='word_1_827' title='bbox 2913 4982 3136 5053; x_wconf 79' lang='grc' dir='ltr'>τρόποις</span> <span class='ocrx_word' id='word_1_828' title='bbox 3164 4986 3262 5055; x_wconf 77' lang='grc' dir='ltr'>τῆς</span> <span class='ocrx_word' id='word_1_829' title='bbox 3306 4970 3487 5061; x_wconf 39' lang='lat' dir='ltr'>aqua-</span> 
     </span>
    </p>
   </div>
   <div class='ocr_carea' id='block_1_115' title="bbox 1914 5055 3484 5143">
    <p class='ocr_par' dir='ltr' id='par_1_115' title="bbox 1914 5055 3484 5143">
     <span class='ocr_line' id='line_1_115' title="bbox 1914 5055 3484 5143; baseline 0.014 -38"><span class='ocrx_word' id='word_1_830' title='bbox 1914 5070 2052 5143; x_wconf 73' lang='grc' dir='ltr'>σεως</span> <span class='ocrx_word' id='word_1_831' title='bbox 2077 5055 2516 5143; x_wconf 81' lang='grc' dir='ltr'>ἀπεξενωμένην,</span> <span class='ocrx_word' id='word_1_832' title='bbox 2544 5060 2608 5113; x_wconf 89' lang='lat'>16</span> <span class='ocrx_word' id='word_1_833' title='bbox 2652 5061 2717 5134; x_wconf 81' lang='grc' dir='ltr'>δή</span> <span class='ocrx_word' id='word_1_834' title='bbox 2747 5062 3059 5135; x_wconf 88' lang='grc' dir='ltr'>λεγόμενον,</span> <span class='ocrx_word' id='word_1_835' title='bbox 3089 5065 3321 5140; x_wconf 81' lang='grc' dir='ltr'>θελήσας</span> <span class='ocrx_word' id='word_1_836' title='bbox 3352 5055 3484 5143; x_wconf 75' lang='grc' dir='ltr'>φλέ-</span> 
     </span>
    </p>
   </div>
   <div class='ocr_carea' id='block_1_116' title="bbox 1912 5136 3481 5223">
    <p class='ocr_par' dir='ltr' id='par_1_116' title="bbox 1912 5136 3481 5223">
     <span class='ocr_line' id='line_1_116' title="bbox 1912 5136 3481 5223; baseline 0.013 -33"><span class='ocrx_word' id='word_1_837' title='bbox 1912 5136 2214 5223; x_wconf 81' lang='grc' dir='ltr'>ϐοτομῆσαι</span> <span class='ocrx_word' id='word_1_838' title='bbox 2243 5142 2323 5204; x_wconf 83' lang='grc' dir='ltr'>είς</span> <span class='ocrx_word' id='word_1_839' title='bbox 2356 5143 2659 5214; x_wconf 76' lang='grc' dir='ltr'>κουφισμὸν</span> <span class='ocrx_word' id='word_1_840' title='bbox 2692 5145 2793 5215; x_wconf 91' lang='grc' dir='ltr'>τῆς</span> <span class='ocrx_word' id='word_1_841' title='bbox 2838 5147 3152 5215; x_wconf 87' lang='grc' dir='ltr'>πλεονεξίας</span> <span class='ocrx_word' id='word_1_842' title='bbox 3178 5136 3214 5206; x_wconf 64' lang='grc' dir='ltr'>ὀ⁷</span> <span class='ocrx_word' id='word_1_843' title='bbox 3243 5136 3481 5223; x_wconf 75' lang='grc' dir='ltr'>ἀγιῶτα-</span> 
     </span>
    </p>
   </div>
   <div class='ocr_carea' id='block_1_117' title="bbox 1910 5222 3481 5307">
    <p class='ocr_par' dir='ltr' id='par_1_117' title="bbox 1910 5222 3481 5307">
     <span class='ocr_line' id='line_1_117' title="bbox 1910 5222 3481 5307; baseline 0.013 -34"><span class='ocrx_word' id='word_1_844' title='bbox 1910 5237 2000 5284; x_wconf 92' lang='grc' dir='ltr'>τος</span> <span class='ocrx_word' id='word_1_845' title='bbox 2031 5222 2316 5294; x_wconf 82' lang='grc' dir='ltr'>Μακάριος</span> <span class='ocrx_word' id='word_1_846' title='bbox 2348 5227 2377 5277; x_wconf 88' lang='grc' dir='ltr'>ὀ</span> <span class='ocrx_word' id='word_1_847' title='bbox 2412 5228 2805 5300; x_wconf 87' lang='grc' dir='ltr'>πρεσϐύτερος,</span> <span class='ocrx_word' id='word_1_848' title='bbox 2842 5233 2938 5286; x_wconf 78' lang='grc' dir='ltr'>καὶ</span> <span class='ocrx_word' id='word_1_849' title='bbox 2981 5222 3363 5307; x_wconf 84' lang='grc' dir='ltr'>ἀφηγούμενος</span> <span class='ocrx_word' id='word_1_850' title='bbox 3386 5241 3481 5295; x_wconf 81' lang='grc' dir='ltr'>τοῦ</span> 
     </span>
    </p>
   </div>
   <div class='ocr_carea' id='block_1_118' title="bbox 1910 5307 3479 5391">
    <p class='ocr_par' dir='ltr' id='par_1_118' title="bbox 1910 5307 3479 5391">
     <span class='ocr_line' id='line_1_118' title="bbox 1910 5307 3479 5391; baseline 0.012 -32"><span class='ocrx_word' id='word_1_851' title='bbox 1910 5308 2177 5376; x_wconf 87' lang='grc' dir='ltr'>πτωχείου</span> <span class='ocrx_word' id='word_1_852' title='bbox 2199 5308 2308 5361; x_wconf 89' lang='grc' dir='ltr'>τῶν</span> <span class='ocrx_word' id='word_1_853' title='bbox 2326 5307 2743 5383; x_wconf 85' lang='grc' dir='ltr'>λελωϐημένων,</span> <span class='ocrx_word' id='word_1_854' title='bbox 2779 5316 3061 5386; x_wconf 80' lang='grc' dir='ltr'>σοφίζεται</span> <span class='ocrx_word' id='word_1_855' title='bbox 3088 5319 3275 5391; x_wconf 79' lang='grc' dir='ltr'>δρᾶμα</span> <span class='ocrx_word' id='word_1_856' title='bbox 3301 5324 3479 5378; x_wconf 88' lang='grc' dir='ltr'>τοιοῦ-</span> 
     </span>
    </p>
   </div>
   <div class='ocr_carea' id='block_1_119' title="bbox 1906 5390 3473 5477">
    <p class='ocr_par' dir='ltr' id='par_1_119' title="bbox 1906 5390 3473 5477">
     <span class='ocr_line' id='line_1_119' title="bbox 1906 5390 3473 5477; baseline 0.013 -31"><span class='ocrx_word' id='word_1_857' title='bbox 1906 5409 2017 5447; x_wconf 91' lang='grc' dir='ltr'>τον.</span> <span class='ocrx_word' id='word_1_858' title='bbox 2043 5390 2153 5447; x_wconf 86' lang='grc' dir='ltr'>Ἦν</span> <span class='ocrx_word' id='word_1_859' title='bbox 2182 5392 2291 5465; x_wconf 90' lang='grc' dir='ltr'>γάρ</span> <span class='ocrx_word' id='word_1_860' title='bbox 2322 5395 2382 5449; x_wconf 71' lang='grc' dir='ltr'>ἑν</span> <span class='ocrx_word' id='word_1_861' title='bbox 2411 5397 2626 5467; x_wconf 86' lang='grc' dir='ltr'>νεότητι</span> <span class='ocrx_word' id='word_1_862' title='bbox 2647 5399 2814 5464; x_wconf 87' lang='lat'><strong>06106</strong></span> <span class='ocrx_word' id='word_1_863' title='bbox 2843 5401 3148 5474; x_wconf 73' lang='grc' dir='ltr'>λιθουργός,</span> <span class='ocrx_word' id='word_1_864' title='bbox 3166 5390 3226 5460; x_wconf 81' lang='grc' dir='ltr'>ὃν</span> <span class='ocrx_word' id='word_1_865' title='bbox 3257 5407 3473 5477; x_wconf 84' lang='grc' dir='ltr'>λέγουσι</span> 
     </span>
    </p>
   </div>
   <div class='ocr_carea' id='block_1_120' title="bbox 1907 5480 3471 5563">
    <p class='ocr_par' dir='ltr' id='par_1_120' title="bbox 1907 5480 3471 5563">
     <span class='ocr_line' id='line_1_120' title="bbox 1907 5480 3471 5563; baseline 0.012 -30"><span class='ocrx_word' id='word_1_866' title='bbox 1907 5480 2243 5551; x_wconf 66' lang='grc' dir='ltr'>καϐὀάριον.</span> <span class='ocrx_word' id='word_1_867' title='bbox 2260 5484 2374 5538; x_wconf 82' lang='grc' dir='ltr'>Καὶ</span> <span class='ocrx_word' id='word_1_868' title='bbox 2399 5484 2647 5541; x_wconf 84' lang='grc' dir='ltr'>ἀπελθὼν</span> <span class='ocrx_word' id='word_1_869' title='bbox 2672 5486 2820 5558; x_wconf 80' lang='grc' dir='ltr'>λέγει</span> <span class='ocrx_word' id='word_1_870' title='bbox 2836 5488 2997 5561; x_wconf 78' lang='grc' dir='ltr'>αὐτῇ·</span> <span class='ocrx_word' id='word_1_871' title='bbox 3014 5491 3168 5546; x_wconf 87' lang='grc' dir='ltr'>Λίθοι</span> <span class='ocrx_word' id='word_1_872' title='bbox 3184 5493 3471 5563; x_wconf 82' lang='grc' dir='ltr'>ἀναγκαῖοι</span> 
     </span>
    </p>
   </div>
   <div class='ocr_carea' id='block_1_121' title="bbox 1908 5564 3474 5648">
    <p class='ocr_par' dir='ltr' id='par_1_121' title="bbox 1908 5564 3474 5648">
     <span class='ocr_line' id='line_1_121' title="bbox 1908 5564 3474 5648; baseline 0.012 -31"><span class='ocrx_word' id='word_1_873' title='bbox 1908 5564 2210 5637; x_wconf 83' lang='grc' dir='ltr'>σμάραγδοι</span> <span class='ocrx_word' id='word_1_874' title='bbox 2276 5569 2372 5622; x_wconf 81' lang='grc' dir='ltr'>καὶ</span> <span class='ocrx_word' id='word_1_875' title='bbox 2435 5568 2678 5625; x_wconf 82' lang='grc' dir='ltr'>ὑάκινθοι</span> <span class='ocrx_word' id='word_1_876' title='bbox 2739 5574 3137 5641; x_wconf 85' lang='grc' dir='ltr'>ἐμπεπτώκασί</span> <span class='ocrx_word' id='word_1_877' title='bbox 3190 5595 3312 5648; x_wconf 87' lang='grc' dir='ltr'>μοι·</span> <span class='ocrx_word' id='word_1_878' title='bbox 3380 5585 3474 5637; x_wconf 76' lang='grc' dir='ltr'>καὶ</span> 
     </span>
    </p>
   </div>
   <div class='ocr_carea' id='block_1_122' title="bbox 1907 5652 3466 5743">
    <p class='ocr_par' dir='ltr' id='par_1_122' title="bbox 1907 5652 3466 5743">
     <span class='ocr_line' id='line_1_122' title="bbox 1907 5652 3466 5743; baseline 0.013 -41"><span class='ocrx_word' id='word_1_879' title='bbox 1907 5653 2016 5703; x_wconf 84' lang='grc' dir='ltr'>είτε</span> <span class='ocrx_word' id='word_1_880' title='bbox 2044 5652 2357 5724; x_wconf 80' lang='grc' dir='ltr'>κλεψιμαῖοι</span> <span class='ocrx_word' id='word_1_881' title='bbox 2401 5653 2433 5723; x_wconf 74' lang='grc' dir='ltr'>ἢ</span> <span class='ocrx_word' id='word_1_882' title='bbox 2476 5656 2769 5727; x_wconf 79' lang='grc' dir='ltr'>ἐμπορικοὶ</span> <span class='ocrx_word' id='word_1_883' title='bbox 2803 5659 2979 5715; x_wconf 86' lang='grc' dir='ltr'>είπεῖν</span> <span class='ocrx_word' id='word_1_884' title='bbox 3012 5663 3112 5717; x_wconf 88' lang='grc' dir='ltr'>ούκ</span> <span class='ocrx_word' id='word_1_885' title='bbox 3140 5663 3268 5735; x_wconf 75' lang='grc' dir='ltr'>ἔχω.</span> <span class='ocrx_word' id='word_1_886' title='bbox 3320 5667 3466 5743; x_wconf 81' lang='grc' dir='ltr'>Τιμῇ</span> 
     </span>
    </p>
   </div>
   <div class='ocr_carea' id='block_1_123' title="bbox 1903 5739 3471 5823">
    <p class='ocr_par' dir='ltr' id='par_1_123' title="bbox 1903 5739 3471 5823">
     <span class='ocr_line' id='line_1_123' title="bbox 1903 5739 3471 5823; baseline 0.011 -33"><span class='ocrx_word' id='word_1_887' title='bbox 1903 5740 2000 5809; x_wconf 87' lang='grc' dir='ltr'>οὐχ</span> <span class='ocrx_word' id='word_1_888' title='bbox 2046 5739 2457 5807; x_wconf 85' lang='grc' dir='ltr'>ὑποϐάλλονται,</span> <span class='ocrx_word' id='word_1_889' title='bbox 2512 5745 2653 5817; x_wconf 73' lang='grc' dir='ltr'>ὑπὲρ</span> <span class='ocrx_word' id='word_1_890' title='bbox 2682 5745 2998 5820; x_wconf 84' lang='grc' dir='ltr'>διατίμησιν</span> <span class='ocrx_word' id='word_1_891' title='bbox 3048 5749 3223 5817; x_wconf 84' lang='grc' dir='ltr'>δντες.</span> <span class='ocrx_word' id='word_1_892' title='bbox 3256 5739 3471 5823; x_wconf 52' lang='grc' dir='ltr'>Πιπράί</span> 
     </span>
    </p>
   </div>
   <div class='ocr_carea' id='block_1_124' title="bbox 1911 5823 3443 5909">
    <p class='ocr_par' dir='ltr' id='par_1_124' title="bbox 1911 5823 3443 5909">
     <span class='ocr_line' id='line_1_124' title="bbox 1911 5823 3443 5909; baseline 0.012 -34"><span class='ocrx_word' id='word_1_893' title='bbox 1911 5839 2027 5877; x_wconf 86' lang='grc' dir='ltr'>σκει</span> <span class='ocrx_word' id='word_1_894' title='bbox 2080 5823 2136 5878; x_wconf 75' lang='grc' dir='ltr'>δέ</span> <span class='ocrx_word' id='word_1_895' title='bbox 2189 5825 2350 5892; x_wconf 86' lang='lat'><strong>0616;</strong></span> <span class='ocrx_word' id='word_1_896' title='bbox 2410 5830 2780 5885; x_wconf 85' lang='grc' dir='ltr'>πεντακοσίων</span> <span class='ocrx_word' id='word_1_897' title='bbox 2836 5834 3184 5907; x_wconf 83' lang='grc' dir='ltr'>νομισμάτων</span> <span class='ocrx_word' id='word_1_898' title='bbox 3230 5838 3258 5890; x_wconf 87' lang='grc' dir='ltr'>ὀ</span> <span class='ocrx_word' id='word_1_899' title='bbox 3304 5839 3443 5909; x_wconf 72' lang='grc' dir='ltr'>ἔχων</span> 
     </span>
    </p>
   </div>
  </div>
