4258 6358
768 378 909 449 Ῑθίθ

2240 386 2596 451 PALLADII

3906 399 4047 466 1020

778 505 903 560 Ἐἀν
930 500 1023 559 οῦν
1049 502 1176 574 δόξῃ
1214 519 1298 556 σοι
1322 503 1519 568 αὐτοὺς
1545 502 1753 568 λαϐεῖν,
1782 502 1871 566 δὸς
1907 503 1978 557 τὰ
2008 504 2340 558 πεντακόσια
2369 504 2415 563 Α
2445 496 2514 574 Ὦ
2552 503 2669 574 ὄρει
2704 506 3037 577 παράκειται
3070 508 3102 578 ή
3142 509 3459 580 πανέρημος
3496 514 3903 582 παρατείνουσα
3931 516 4042 580 ἕως

765 596 1114 666 νομίσματα’
1170 596 1282 658 τοίς
1326 595 1384 649 δὲ
1417 596 1624 659 λοιποῖς
1676 598 1985 667 χρήσασθαι
2036 602 2117 661 εἰς
2168 618 2337 655 κατα·

765 686 966 759 σκευήν
994 688 1200 757 κόσμου
1238 689 1488 756 ποικίλην
1516 689 1616 753 τῆς
1648 691 1936 759 ἀδελφιδῆς
1957 711 2072 746 σου.
2112 695 2339 765 Ἑκκρε-

767 780 985 849 μαμένη
1028 779 1087 833 δὲ
1134 781 1167 849 ή
1219 780 1488 853 λεγομένη
1546 784 1816 853 παρθένος
1855 786 2007 859 πάσῃ
2060 786 2227 857 ψήφῳ
2276 789 2342 858 τῇ

764 871 925 943 κόρῃ,
959 872 1269 937 δελεάζεται
1299 878 1363 945 τῇ
1414 876 1743 948 φιλοκοσμίᾳ
1770 879 1995 949 ταύτης,
2026 881 2119 932 καὶ
2154 882 2343 936 πίπτει

764 962 933 1016 αὑτοῦ
965 964 1048 1027 εἰς
1076 965 1202 1028 τοὺς
1226 966 1414 1028 πόδας,
1446 967 1543 1020 καί
1576 966 1724 1034 λέγει
1756 968 1905 1040 αὐτῷ
1930 986 1941 999 ·
1973 970 2175 1041 Δέομαί
2222 990 2339 1033 σου,

766 1058 841 1127 μή
890 1074 974 1121 τις
1032 1057 1230 1123 αὐτοὺς
1285 1058 1449 1132 λάϐῃ.
1491 1060 1871 1131 Προτρέπεται
1921 1059 2015 1118 οῦν
2061 1066 2267 1138 ταύτην
2313 1067 2343 1121 6

763 1149 942 1216 ἇγιος,
974 1150 1169 1220 λέγων,
1202 1151 1283 1205 ὅτι
1306 1154 1625 1225 Παραγενοῦ
1649 1154 1751 1220 ἓως
1770 1156 1869 1225 τῆς
1893 1157 2073 1222 οἰκίας
2099 1176 2224 1227 μου,
2247 1159 2343 1213 καὶ

766 1241 931 1312 βλέπε
966 1243 1185 1309 αύτούς.
1232 1245 1295 1298 Ἦ
1324 1246 1378 1299 δὲ
1409 1246 1510 1300 οὐκ
1542 1248 1823 1318 ἠνέσχετο,
1851 1249 1987 1303 ἀλλά
2013 1252 2342 1322 προσρίπτει

761 1336 910 1408 αύτῷ
958 1337 1029 1391 τά
1066 1339 1396 1393 πεντακόσια
1450 1341 1786 1411 νομίσματα,
1834 1343 2089 1412 λέγουσα,
2140 1346 2342 1415 Δέομαί

764 1448 882 1495 σου,
939 1433 1014 1495 ὡς
1072 1434 1263 1499 θέλεις,
1310 1433 1441 1488 λάϐε
1497 1436 1713 1500 αύτούς.
1762 1439 1903 1505 Ἐγὼ
1954 1440 2061 1507 γὰρ
2099 1441 2160 1493 ού
2203 1440 2341 1493 θέλω

768 1523 898 1575 ἰδεῖν
927 1524 1017 1576 τὸν
1041 1524 1329 1594 ἄνθρωπον
1361 1525 1453 1578 τὸν
1485 1526 1866 1595 πιπράσκοντα
1897 1529 2115 1593 αὐτούς.
2144 1531 2339 1585 Λαϐὼν

760 1613 854 1666 οῦν
899 1615 966 1666 τὰ
1011 1616 1345 1669 πεντακόσια
1375 1616 1691 1688 νομίσματα
1740 1621 1871 1687 παρ’
1900 1620 2070 1689 αὐτῆς
2125 1623 2153 1673 6
2186 1622 2340 1688 ἆγιος

762 1706 1072 1775 Μακάριος,
1092 1707 1277 1761 δίδωσι
1304 1708 1473 1762 ταῦτα
1499 1710 1579 1771 εἰς
1609 1710 1707 1770 τὰς
1728 1710 1917 1779 χρείας
1932 1709 2026 1764 τοῦ
2046 1714 2334 1782 πτωχείου.

758 1798 967 1869 Χρόνου
999 1799 1055 1851 δὲ
1112 1800 1497 1867 παρελθόντος,
1552 1802 1740 1871 ἐπειδὴ
1776 1803 2018 1872 μεγάλην
2069 1805 2338 1875 ὑπόληψιν

757 1884 901 1959 εἶχεν
932 1891 960 1944 6
993 1889 1131 1960 ἀνὴρ
1181 1890 1239 1943 ὲν
1292 1890 1687 1961 Ἀλεξανδρείᾳ,
1741 1893 1821 1955 εἰς
1867 1894 2037 1964 ἀκρον
2088 1893 2335 1963 φιλόθεος

757 1981 833 2034 ὢν
863 1980 957 2033 καὶ
990 1980 1239 2049 ἐλεήμων
1270 1979 1583 2049 πρεσϐύτης
1616 1982 1885 2052 (ἤκμασεν
1910 1984 2019 2054 γάρ
2043 1982 2204 2055 μέχρι
2225 1983 2336 2037 τῶν

756 2072 951 2126 ἑκατὸν
983 2072 1143 2135 ἑτῶν,
1161 2065 1204 2139 ᾧ
1231 2072 1694 2142 συνεχρονίσαμεν
1713 2075 1803 2127 καὶ
1824 2075 2024 2145 ήμεῖς),
2045 2076 2336 2145 ηύλαϐεῖτο

756 2165 921 2219 αὑτὸν
972 2166 1309 2235 ὑπομνῆσαι.
1348 2164 1514 2229 Τέλος
1574 2166 1811 2237 εὑροῦσα
1837 2168 2000 2221 αὐτὸν
2034 2170 2093 2222 ὲν
2140 2173 2207 2241 τῇ
2240 2172 2335 2223 ἐκ·

757 2258 977 2328 κλησίᾳ.
1008 2257 1159 2324 λέγει
1188 2256 1361 2325 αὐτῷ,
1391 2256 1593 2325 Δέομαί
1626 2276 1741 2324 σου,
1774 2259 1830 2313 τί
1854 2260 2035 2329 λέγεις
2077 2262 2335 2332 περὶτῶν

755 2347 918 2401 λίθων
966 2347 1210 2409 ἐκείνων,
1265 2339 1339 2399 ὧν
1388 2345 1704 2417 δεδώκαμεν
1759 2346 1827 2403 τά
1860 2351 2193 2404 πεντακόσια
2248 2370 2336 2405 νο-

758 2438 1035 2507 μίσματα;
1081 2437 1140 2489 Ὀ
1183 2437 1238 2489 δὲ
1269 2438 1624 2506 ἀπεκρίνατο,
1673 2436 1851 2506 λέγων
1899 2440 2060 2510 αὐτῇ·
2109 2441 2229 2510 Ἀφ’
2266 2438 2337 2515 ἧς

757 2528 973 2598 ἡμέρας
1018 2528 1260 2590 δέδωκάς
1313 2546 1402 2598 μοι
1448 2528 1539 2581 τὸν
1567 2528 1789 2598 χρυσὸν,
1836 2531 2138 2586 κατέϐαλον
2168 2534 2333 2586 αὐτὸν

755 2622 835 2682 εἰς
865 2620 965 2690 τὴν
1000 2618 1164 2691 τιμὴν
1186 2619 1295 2672 τῶν
1323 2620 1505 2673 λίθων.
1530 2620 1637 2673 Καὶ
1673 2622 1720 2673 εἰ
1750 2620 1931 2689 βούλει
1967 2623 2094 2675 ἰδεῖν
2115 2624 2334 2690 αὐτοὺς,

757 2712 877 2768 ἐλθὲ
919 2714 976 2765 ὲν
1009 2712 1087 2781 τῷ
1117 2712 1350 2783 ὀσπιτίῳ
1388 2731 1490 2783 μου
1515 2730 1529 2745 ’
1571 2716 1687 2767 ἐκεῖ
1712 2715 1820 2784 γὰρ
1850 2718 2060 2770 κεῖνται
2098 2720 2147 2771 οἰ
2177 2718 2335 2785 λίθοι,

756 2805 853 2859 καὶ
884 2804 1048 2873 βλέπε
1097 2805 1191 2859 ὲάν
1240 2821 1323 2857 σοι
1374 2805 1668 2876 ἀρέσωσιν,
1726 2807 1849 2859 ἐπεὶ
1882 2807 2047 2880 αίρῃς
2097 2827 2193 2862 σου
2244 2815 2337 2863 τδν

758 2897 981 2967 χρυσόν.
1016 2893 1218 2949 Ἦλθεν
1247 2897 1304 2949 δὲ
1354 2898 1537 2966 ἐκείνη
1586 2899 1991 2968 ἀσμενεστάτη.
2039 2895 2145 2954 Ἶίν
2173 2901 2229 2955 δὲ
2276 2902 2337 2955 τὸ

756 2993 1047 3061 πτωχεῖον,
1090 2992 1171 3055 εἰς
1216 2990 1315 3059 μὲν
1366 2990 1435 3043 τά
1474 2991 1710 3057 ἀνάγαια
1755 2990 1877 3060 ἔχον
1914 2994 2013 3055 τὰς
2039 2995 2331 3061 γυναῖκας,

756 3084 838 3145 εἰς
874 3082 932 3135 δὲ
964 3082 1032 3135 τά
1055 3081 1353 3150 κατάγαια,
1378 3083 1503 3145 τοὺς
1530 3083 1747 3152 ἀνδρας.
1791 3084 2253 3153 Παραγενομένης
2278 3085 2337 3137 δὲ

2453 596 2748 661 Αἰθιοπίας
2776 598 2873 653 καί
2916 600 3025 654 τῶν
3057 602 3324 666 Μαζίκων
3364 603 3589 675 καὶτῆς
3631 606 4038 679 Μαυριτανίας.

2462 688 2550 741 Ἐν
2588 682 2632 756 ᾧ
2664 688 2783 759 δρει
2828 690 3067 746 οἰκοῦσιν
3118 693 3311 765 ἄνδρες
3341 696 3418 759 ὡς
3450 689 3905 768 πεντακισχίλιοι,
3958 702 4040 753 οῖ-

2450 796 2590 844 τινες
2619 780 2909 851 διαφόρους
2951 782 3134 855 έχουσι
3167 787 3464 852 πολιτείας,
3504 787 3735 853 ἕκαστος
3761 790 3838 853 ὡς
3868 790 4041 846 δύνα-

2446 889 2535 926 ται
2568 874 2661 927 καί
2687 874 2762 937 ὡς
2789 875 3041 943 βούλεται
3066 895 3079 909 ο
3107 877 3183 942 ὡς
3236 878 3443 944 ἐξεῖναι
3490 880 3585 934 καί
3617 883 3779 951 μόνον
3821 884 4036 953 μένειν,

2446 965 2542 1019 καὶ
2582 966 2856 1038 δεύτερον,
2920 970 3011 1022 καὶ
3064 969 3377 1025 πολλοστόν.
3430 971 3520 1026 Ἐν
3571 974 3744 1045 τούτῳ
3783 975 3861 1046 τῷ
3914 976 4042 1047 ὄρει

2446 1059 2779 1127 ἀρτοκοπείά
2844 1062 2994 1115 ἐστιν
3046 1062 3207 1127 ἑπτὰ,
3250 1063 3678 1135 ύπηρετούμενα
3725 1068 4037 1133 κάκείνοις,

2446 1153 2541 1206 καί
2573 1154 2687 1215 τοῖς
2719 1155 2797 1217 εἰς
2831 1153 2931 1224 τὴν
2970 1154 3290 1225 πανέρημον
3318 1156 3727 1228 ἀναχωρηταίς,
3765 1160 4039 1231 ἀνδράσιν

2444 1239 2593 1299 οὖσιν
2648 1244 2975 1311 ἑξακοσίοις.
3026 1248 3379 1318 Παροικήσας
3420 1244 3514 1302 οῦν
3548 1249 3659 1317 ἐγὼ
3691 1251 3750 1303 ὲν
3790 1252 3870 1322 τῷ
3914 1252 4038 1324 δρει

2443 1336 2617 1407 τούτῳ
2648 1338 2895 1392 ἐνιαυτὸν
2927 1339 3067 1403 ὅλον,
3102 1339 3195 1393 καὶ
3250 1340 3420 1394 πολλὰ
3448 1341 3753 1411 ὠφεληθεὶς
3781 1344 3893 1398 ἀπὺ
3923 1345 4040 1398 τῶν

2445 1430 2738 1499 μακαρίων
2778 1429 2871 1483 καὶ
2896 1429 3060 1484 ὁσίων
3091 1430 3377 1501 Πατέρων,
3426 1434 3699 1501 ’Δρσισίον
3730 1434 3828 1489 τοῦ
3863 1438 4039 1505 μεγὰ-

2442 1518 2559 1580 λου,
2590 1520 2686 1573 καὶ
2721 1520 3161 1585 Πουτουϐαστοῦ,
3198 1523 3294 1575 καί
3330 1521 3610 1591 ’Δγίωνος,
3643 1526 3738 1579 καὶ
3769 1527 4034 1596 Χρονίου,

2442 1613 2539 1664 καὶ
2561 1611 2930 1681 Σεραπίωνος,
2952 1612 3044 1666 καὶ
3066 1612 3283 1676 πολλοῖς
3298 1616 3631 1687 διηγήμασιν
3652 1615 4037 1686 ἀρχαιοτέρων

2442 1707 2831 1777 πνευματικῶν
2854 1706 3115 1779 Πατέρων
3139 1708 3272 1779 παρ’
3288 1710 3469 1763 αὐτῶν
3487 1708 3837 1781 κεντρωθεὶς,
3862 1704 4035 1779 ἦλθον

2444 1798 2524 1861 εἰς
2552 1797 2652 1869 τὴν
2678 1798 2883 1870 ἔρημον
2909 1800 3009 1869 τὴν
3038 1800 3329 1854 ἐνδοτάτω.
3372 1802 3462 1855 Ἐν
3483 1800 3561 1871 τῷ
3586 1801 3701 1872 ὄρει
3730 1799 3908 1869 τούτῳ
3930 1802 4034 1873 τῆς

2438 1890 2670 1961 Νιτρίας
2714 1891 2978 1960 ἐκκλησία
3014 1891 3114 1962 μία
3154 1892 3272 1946 ὲστί
3325 1894 3582 1962 μεγίστη.
3638 1895 3728 1947 Ἑν
3752 1894 3925 1967 ταύτῃ
3958 1898 4032 1965 τῇ

2438 1981 2709 2054 ἐκκλησίᾳ
2736 1984 2885 2052 τρεῖς
2924 1982 3168 2052 φοίνικες
3202 1985 3442 2047 ἑστᾶσιν,
3486 1984 3719 2049 ἰκαστος
3748 1985 3890 2055 ἔχων
3926 1987 4035 2055 μά-

2441 2091 2601 2142 στιγα
2627 2075 2712 2143 ἀφ’
2738 2074 2935 2129 ἑαυτοῦ
2984 2076 3367 2147 κρεμαμένην.
3396 2077 3509 2130 Καὶ
3542 2076 3571 2129 6
3603 2078 3706 2144 μέν
3752 2080 3902 2132 ἔστιν
3946 2080 4033 2143 εἰς

2439 2166 2779 2236 ἐπιστροφὴν
2806 2166 2916 2219 τῶν
2957 2166 3210 2237 μοναχῶν
3237 2166 3346 2221 τῶν
3381 2166 3687 2222 πταιόντων
3708 2184 3721 2197 '
3754 2168 3784 2221 6
3833 2168 3913 2232 δὲ,
3948 2172 4034 2233 εἰς

2436 2257 2712 2329 τιμωρίαν
2738 2257 2971 2329 λῃστῶν,
3006 2259 3103 2313 ἐάν
3132 2276 3197 2327 γε
3231 2257 3515 2327 ἔμπέσωσί
3564 2276 3696 2313 ποτε
3718 2275 3735 2291 ο
3778 2260 3808 2313 6
3833 2261 3911 2323 δὲ,
3950 2262 4034 2323 είς

2437 2348 2725 2419 διόρθωσιν
2750 2348 2859 2401 τῶν
2904 2351 3415 2421 περιτυγχανόντων
3458 2350 3553 2402 καί
3590 2350 4033 2403 ἐκπεπτωκότων

2437 2440 2780 2510 οἰοισδήποτε
2822 2441 3167 2509 σφάλμασιν·
3202 2440 3279 2503 ὼς
3310 2439 3521 2503 πάντας
3550 2442 3678 2503 τοὺς
3708 2441 4030 2503 πταίοντας,

2439 2530 2534 2582 καὶ
2578 2530 3060 2600 διελεγχομένους,
3098 2530 3194 2583 καὶ
3243 2529 3578 2594 ὑπευθύνους
3623 2532 3849 2601 πληγῶν
3891 2532 4035 2585 καθ-

2439 2624 2701 2689 εστῶτας,
2742 2622 3281 2693 περιλαμϐάνειντδν
3301 2624 3541 2693 φοίνικα,
3572 2624 4039 2695 καὶλαμϐἀνοντα

2439 2715 2582 2769 κατὰ
2626 2714 2795 2770 νώτου
2839 2717 3008 2787 ῥητὰς
3045 2716 3220 2780 οὕτως
3272 2716 3635 2771 ἀπολύεσθαι.
3684 2719 4037 2788 Πρόσκειται

2438 2806 2495 2858 δὲ
2518 2810 2583 2877 τῇ
2619 2807 2883 2878 ἐκκλησίᾳ.
2915 2807 3242 2878 ξενοδοχείον
3261 2809 3342 2871 εἰς
3370 2806 3399 2861 δ
3431 2808 3523 2860 τδν
3542 2808 3845 2862 ἀπελθόντα
3874 2810 4034 2873 ξένον

2438 2897 2737 2964 δεξιοῦνται
2788 2900 2966 2953 πάντα
3006 2902 3096 2954 τὸν
3143 2901 3358 2971 χρόνον,
3430 2901 3534 2954 κᾶν
3591 2903 3685 2955 ἐπὶ
3734 2902 3938 2955 διετίαν
3999 2902 4035 2973 ἦ

2440 2992 2683 3061 τριετίαν
2711 2993 2894 3060 μεῖναι
2926 2992 3152 3066 θελήσῃ,
3216 2991 3413 3062 μέχρις
3445 2984 3506 3044 οὗ
3544 2992 3866 3063 αὐθαίρετος
3896 2994 4038 3046 ἀνα-

2441 3081 2689 3150 χωρῆσαι
2712 3081 2935 3155 θελήσῃ,
2963 3083 3421 3152 συγχωρήσαντες
3453 3081 3604 3153 αύτῷ
3634 3084 3726 3136 ἐπὶ
3756 3084 4035 3153 ἑϐδομάδα

756 3172 952 3241 αὐτῆς,
1008 3171 1219 3241 εἰσάγει
1270 3172 1442 3241 αὐτὴν
1477 3174 1556 3237 εἰς
1609 3173 1703 3227 τὸν
1758 3174 2000 3237 πυλῶνα,
2048 3174 2145 3228 καί
2185 3174 2335 3243 λέγει
2365 3192 2411 3254 c
2446 3173 2577 3241 μίαν
2610 3174 2668 3226 ὲν
2696 3173 2867 3245 ἀργίᾳ
2902 3174 3118 3238 διάξαιο
3151 3173 3250 3237 τάς
3283 3174 3478 3238 λοιπὰς
3504 3175 3723 3246 ἡμέρας
3749 3176 4037 3246 περισπῶ-

755 3265 894 3336 αύτῇ
925 3267 953 3320 6
979 3265 1168 3333 ἀγιοςο
1206 3266 1273 3318 Τί
1304 3264 1480 3327 θέλεις
1524 3264 1743 3335 πρῶτον
1781 3265 1942 3333 ἰδείν;
1984 3267 2111 3328 τοὺς
2150 3266 2339 3319 ὑακίν-

757 3354 905 3419 θους,
932 3356 965 3427 ἢ
988 3355 1115 3419 τοὺς
1146 3355 1522 3426 σμαράγδους;
1560 3355 1722 3423 Λέγει
1750 3356 1919 3427 αὐτῷ,
1968 3359 2035 3411 Ὀ
2057 3358 2204 3411 δοκεῖ
2232 3376 2334 3418 σοι.

768 3447 858 3511 Ὦς
891 3447 948 3500 δὲ
975 3447 1165 3515 ἀνάγει
1208 3446 1376 3517 αὐτὴν
1412 3448 1491 3511 εἰς
1519 3448 1589 3500 τά
1631 3448 1892 3515 ἀνάγαια,
1938 3449 2035 3503 καὶ
2068 3450 2340 3503 δείκνυσιν

757 3538 893 3607 αὐτῇ
931 3538 1465 3607 ἠκρωτηριασμένας
1486 3536 1997 3606 γυναῖκας,λελωϐη
2007 3538 2173 3608 μένας
2189 3538 2341 3608 δψεις

758 3630 1020 3701 ἐχούσας*
1074 3630 1168 3683 καὶ
1204 3629 1354 3697 λέγει
1403 3629 1561 3699 αὐτῇ,
1622 3630 1754 3683 Ἰδοὺ
1793 3630 1843 3682 οἰ
1901 3629 2183 3683 ὑάκινθοι·
2220 3627 2339 3683 εἶτα

760 3721 994 3789 κατάγει
1024 3720 1195 3791 αὐτὴν
1228 3722 1309 3784 εἰς
1334 3722 1405 3775 τά
1442 3720 1742 3787 κατάγαια,
1777 3720 1871 3773 καὶ
1893 3720 2166 3774 δείκνυσιν
2199 3722 2336 3793 αὐτῇ

756 3816 885 3877 τοὺς
909 3814 1133 3887 ἀνδρας,
1165 3814 1336 3870 εἰπών
1361 3829 1377 3845 ⁶
1414 3815 1546 3868 Ἰδοὺ
1576 3815 1625 3867 οἰ
1658 3814 1966 3885 σμάραγδοι
1984 3831 1999 3850 ο
2022 3816 2115 3869 καὶ
2137 3815 2340 3885 νομίζω

759 3905 967 3960 τούτων
1017 3905 1380 3976 τιμιωτέρους
1434 3904 1509 3976 μὴ
1570 3904 1885 3975 εὑρεθῆναι.
1939 3905 2069 3959 Ἔάν
2118 3900 2213 3959 οῦν
2253 3922 2339 3958 σοι

762 3999 1097 4071 ἀρέσκωσιν,
1122 3998 1247 4051 ἐπεὶ
1274 3998 1407 4051 λάϐε
1434 4015 1525 4053 σου
1546 3997 1637 4051 τὸν
1668 3998 1891 4068 χρυσόν.
1920 3998 2139 4051 Τούτων
2160 3998 2340 4051 τοίνυν

757 4088 931 4153 οὕτως
962 4088 1267 4157 γεγονότων
1310 4089 1669 4158 διατραπεῐσα
1708 4090 1740 4159 ἡ
1792 4089 2062 4159 παρθένος
2095 4089 2335 4159 ἐξῆλθεν,

758 4181 853 4234 καὶ
875 4178 1190 4235 ἀπελθοῦσα
1219 4180 1277 4233 ὲν
1308 4182 1373 4251 τῇ
1396 4179 1543 4250 οἰκίᾳ
1566 4181 1765 4249 ἑαυτῆς
1788 4180 1898 4233 ἀπὸ
1928 4180 2129 4250 πολλῆς
2158 4180 2339 4250 λύπης

760 4271 1040 4340 ἐνόσησεν,
1101 4270 1184 4323 ὃτι
1242 4269 1303 4323 οὐ
1360 4268 1504 4323 κατά
1559 4269 1692 4322 Θεὸν
1752 4269 1913 4322 τοῦτο
1966 4270 2223 4338 ἐποίησεν
2277 4269 2339 4323 τὸ

759 4365 992 4432 πρᾶγμα
1014 4404 1028 4427 ,
1056 4361 1169 4415 ἀλλ’
1200 4361 1579 4429 ἀναγκαστῶς.
1629 4362 1723 4424 Εἰς
1763 4360 1987 4430 ὕστερον
2018 4361 2075 4414 δὲ
2114 4360 2340 4431 ηὐχαρί-

759 4472 957 4525 στησεν
999 4453 1078 4525 τῷ
1129 4452 1512 4524 πρεσϐυτέρῳ,
1561 4453 1657 4524 τῆς
1700 4455 1871 4524 κόρης
1902 4448 1968 4527 ἧς
2021 4454 2338 4525 ἐφρόντιζεν

2442 3280 2529 3316 σιν
2567 3263 2730 3317 αὐτὸν
2756 3264 2941 3318 λοιπὸν
2970 3266 3028 3318 ὲν
3055 3265 3262 3335 ἔργοις,
3292 3265 3325 3336 ἢ
3357 3266 3413 3317 ὲν
3437 3266 3617 3336 κήπῳ,
3650 3266 3683 3337 ἢ
3710 3267 3766 3318 ὲν
3796 3267 4034 3337 ἀρτοκο-

2440 3355 2603 3427 πείῳ,
2643 3354 2677 3425 ἢ
2713 3357 2770 3409 ἐν
2809 3357 3131 3428 μαγειρείῳ.
3166 3358 3229 3410 Εἰ
3276 3358 3333 3411 δὲ
3367 3358 3648 3426 ἀξιόλογός
3692 3376 3776 3421 τις
3806 3360 3916 3429 εἴη,
3947 3360 4033 3413 διο

2440 3446 2626 3501 δόασιν
2656 3448 2809 3519 αὐτῷ
2841 3448 3045 3519 βιϐλίον
3064 3448 3482 3517 ἀναγινώσκειν,
3512 3452 3590 3522 μὴ
3634 3452 4032 3522 συγχωρήσαν-

2440 3554 2533 3601 τες
2557 3537 2707 3609 αὒτῷ
2736 3538 2844 3602 ἕως
2884 3538 3053 3609 ἕκτης
3101 3538 3251 3609 ὥρας
3303 3539 3496 3609 μηδενὶ
3570 3544 3875 3610 συντυχεῖν.
3942 3541 4035 3594 Ἐν

2440 3630 2616 3702 τούτῳ
2656 3630 2733 3701 τῷ
2758 3630 2873 3702 ϐρει
2901 3631 2995 3684 καὶ
3028 3631 3205 3701 ἰατροί
3241 3632 3510 3700 διάγουσι,
3544 3633 3639 3685 καὶ
3685 3631 4033 3685 πλακουντά-

2446 3738 2570 3793 ριοι.
2600 3721 2917 3791 Κέχρηνται
2945 3720 3003 3773 δὲ
3028 3720 3123 3774 καί
3152 3723 3301 3791 οἴνῳ,
3332 3722 3429 3774 καὶ
3454 3722 3831 3791 πιπράσκεται
3863 3718 4031 3785 οἰνος.

2444 3811 2650 3875 Πάντες
2684 3812 2741 3864 δὲ
2769 3806 2915 3865 οῦτοι
2942 3812 3133 3881 ὀθόνην
3168 3811 3492 3881 ἐργάζονται
3523 3814 3641 3873 ταῖς
3672 3812 3861 3882 χερσὶν
3902 3813 4036 3866 έαυ-

2440 3904 2573 3970 τῶν,
2604 3903 2681 3965 ὡς
2709 3898 2849 3956 εἶναι
2875 3903 3003 3965 τοὺς
3032 3903 3245 3964 πάντας
3272 3903 3562 3965 ἀνενδεεϊς.
3597 3903 3707 3955 Καὶ
3738 3903 3835 3970 τῆς
3863 3903 4032 3955 ἐσπέ-

2445 4013 2546 4065 ρας
2598 3994 3018 4063 καταλαϐούσης
3056 3994 3205 4046 ἔστιν
3258 3994 3481 4048 ἑστάναι
3521 3996 3618 4048 καὶ
3674 3995 3898 4047 ἀκούειν
3940 3997 4033 4063 ἀφ’

2441 4086 2679 4156 ἑκάστης
2729 4086 2899 4155 μονῆς
2968 4086 3170 4155 ὕμνους
3221 4088 3317 4141 καὶ
3381 4087 3632 4156 ψαλμοὺς
3680 4088 3757 4156 τῷ
3809 4088 4035 4158 Χριστῷ

2442 4176 2758 4247 ᾀδομένους,
2800 4175 2894 4228 καὶ
2922 4175 3235 4245 προσευχάς
3281 4177 3364 4239 εἰς
3407 4176 3673 4245 οὐρανοὺς
3706 4178 4033 4247 ἀναπεμπο-

2449 4269 2641 4339 μένας,
2672 4267 2747 4331 ὡς
2770 4267 2989 4338 νομίσαι
3010 4268 3133 4325 τινὰ
3159 4268 3457 4337 μετάρσιον
3490 4270 3550 4322 ὲν
3576 4267 3653 4338 τῷ
3686 4268 3786 4337 τῆς
3815 4270 4036 4339 τρυφῆς

2443 4361 2759 4433 παραδείσῳ
2781 4360 3215 4430 μετοικισθῆναι.
3239 4362 3351 4431 Τὴν
3373 4361 3430 4414 δὲ
3448 4361 3747 4434 ἐκκλησίαν
3764 4363 4035 4433 Σαϐϐάτῳ

2452 4455 2549 4507 καὶ
2576 4455 2832 4524 κυριακῇ
2863 4452 3349 4522 καταλαμϐάνουσι
3394 4452 3575 4524 μόνον.
3613 4436 3797 4507 ’Ὀκτὼ
3818 4454 3875 4506 δέ
3895 4456 4035 4507 εἰσιν

761 4547 901 4617 μετά
972 4546 1149 4616 γάμον
1202 4546 1429 4599 ἀτέκνου
1490 4545 1893 4616 τελευτησάσης
1925 4585 1941 4609 ,
1996 4546 2091 4599 καὶ
2153 4544 2340 4599 λοιπὸν
2373 4536 2417 4591 Ι)
2448 4542 2811 4615 πρεσϐύτεροι
2838 4540 3215 4612 ἀφηγούμενοι
3241 4542 3446 4611 ταύτης
3474 4542 3573 4609 τῆς
3602 4540 3900 4612 ἐκκλησίας
3925 4556 3940 4571 ·
3976 4545 4035 4593 ἐν

760 4636 963 4710 ταύτης
994 4638 1073 4700 εἰς
1104 4635 1225 4691 δέον
1262 4637 1761 4708 καταχρησαμένης
1784 4635 1862 4707 τῷ
1904 4635 2024 4706 βίῳ.

1344 4762 1596 4817 ΚΕΦΑΛ.
1655 4763 1728 4814 Z'.

1183 4876 1323 4944 Περὶ
1356 4874 1477 4929 τῶν
1507 4874 1576 4928 ἐν
1608 4874 1682 4942 τῇ
1706 4876 1932 4942 Νιτρίᾳ.

835 5002 1255 5075 Συντετυχηκὼς
1297 5003 1392 5057 οῦν
1438 5002 1653 5065 πολλοῖς
1704 5002 1810 5057 τῶν
1843 5001 2015 5069 ἀγίων
2065 4999 2209 5067 ὲγὼ,
2248 5002 2341 5053 καὶ

763 5098 1107 5169 ἔνδιατρίψας
1149 5098 1263 5161 τοῖς
1311 5096 1440 5167 περί
1473 5094 1573 5165 τὴν
1629 5093 2037 5165 Ἀλεξάνδρειαν
2065 5109 2340 5163 μοναστη-

766 5190 900 5263 ρίοις
936 5192 1029 5245 ἐπὶ
1058 5189 1155 5260 ῐτη
1181 5189 1328 5260 τρία,
1361 5188 1455 5243 καὶ
1491 5186 1877 5258 συνδιατρίψας
1904 5184 2211 5250 καλλίστοις
2245 5185 2341 5240 καὶ

769 5281 1205 5344 σπουδαιοτάτοις
1261 5280 1521 5349 μεγάλοις
1572 5278 1833 5349 ἀνδράσιν
1904 5277 1980 5341 ὡς
2036 5277 2337 5345 δισχιλίοις,

768 5378 919 5449 πάσῃ
965 5376 1133 5446 ἀρετῇ
1196 5373 1667 5444 κεκοσμημένοις,
1722 5371 2085 5442 ἀναχωρήσας
2132 5368 2340 5421 ικείθεν

766 5464 929 5541 ἦλθον
957 5466 1051 5520 ἐπὶ
1074 5465 1136 5519 τὸ
1162 5465 1285 5537 δρος
1316 5465 1415 5535 τῆς
1440 5464 1691 5535 Νιτρίας.
1714 5463 1936 5527 Μεταξὺ
1968 5463 2023 5515 δὲ
2055 5462 2147 5514 τοῦ
2181 5460 2340 5532 ὅρους

765 5562 954 5618 τούτου
1005 5561 1100 5614 καὶ
1149 5560 1250 5630 τῆς
1291 5558 1697 5627 Ἀλεξανδρείας
1730 5559 1897 5628 λίμνη
1939 5558 2139 5616 κεῖται,
2170 5559 2202 5625 ἡ
2238 5574 2339 5610 κα-

766 5654 1001 5725 λουμένη
1028 5652 1236 5725 Μαρία.
1263 5653 1497 5723 Κατέχει
1526 5652 1583 5705 δὲ
1623 5650 1765 5720 αῦτη
1800 5650 1895 5702 ἐπὶ
1928 5650 2076 5720 μίλια
2111 5650 2341 5719 ἐϐδομή-

767 5766 951 5803 κοντα.
987 5748 1089 5802 Ἦν
1112 5744 1467 5810 διαπλεύσας,
1496 5745 1582 5799 διὰ
1616 5745 1751 5815 μιᾶς
1786 5744 1875 5796 καὶ
1902 5742 2160 5813 ἡμισείας
2199 5741 2338 5811 ήμέ·

766 5854 865 5907 ρας
894 5832 1058 5909 ἦλθον
1086 5840 1165 5902 εἰς
1201 5837 1259 5891 τὸ
1289 5836 1412 5907 ϐρος
1439 5837 1529 5889 ἐπὶ
1550 5834 1612 5888 τι
1648 5835 1809 5905 μέρος
1831 5834 1931 5904 τῆς
1962 5832 2333 5904 μεσημϐρίας.

2443 4630 2503 4710 ᾖς
2544 4634 2739 4705 μέχρις
2766 4626 2827 4687 οὗ
2854 4636 2919 4703 ζῇ
2950 4636 2977 4687 ὁ
3010 4633 3228 4705 πρῶτος
3252 4632 3646 4704 πρεσϐύτερος,
3675 4631 3794 4683 οὐδὲ
3816 4624 3897 4691 εἷς
3925 4631 4036 4682 τῶν

2443 4728 2620 4781 ἄλλων
2650 4726 2709 4779 οὐ
2746 4724 3070 4796 προσφέρει,
3108 4724 3167 4776 ού
3198 4723 3433 4788 δικάζει,
3457 4724 3556 4793 οὐχ
3582 4721 3781 4791 ὁμιλεῖ,
3819 4720 3937 4773 ἀλλ’
3977 4724 4035 4773 ἐν

2444 4817 2648 4889 ήσυχία
2683 4815 2831 4887 αὑτῷ
2861 4815 3291 4884 συγκαθέζονται
3317 4814 3496 4886 μόνον.

2515 4910 2651 4981 Περὶ
2691 4908 2989 4980 Ἀρσισίου.
3044 4904 3214 4971 Οὗτος
3262 4908 3290 4959 6
3346 4907 3525 4976 μέγας
3599 4906 3877 4977 Αρσίσιος,
3938 4906 4035 4961 καὶ

2443 5002 2594 5057 ἀλλοι
2634 5000 2821 5053 πολλοί
2850 5000 3107 5071 γέροντες
3140 4998 3248 5051 τῶν
3294 4997 3487 5067 ἁγίων,
3520 5000 3568 5051 οἰ
3600 5000 3697 5053 σὺν
3734 4998 3908 5069 αὐτῷ,
3941 4997 4035 5061 οὓς

2442 5094 2605 5165 ἡμεῖς
2659 5093 3006 5162 ἑωράκαμεν,
3053 5089 3343 5162 σύγχρονοι
3408 5084 3552 5160 ἦσαν
3605 5090 3700 5142 τοῦ
3757 5090 4035 5160 μακαρίου

2457 5182 2773 5238 Ἀντωνίου.
2830 5184 2918 5235 Ἐν
2966 5175 3050 5245 οἷς
3082 5181 3325 5250 διηγεῖτο
3372 5174 3527 5243 οὗτος
3582 5179 3743 5242 αὐτὸς
3794 5180 3823 5232 6
3856 5180 4035 5249 μέγας

2455 5277 2732 5346 Ἀρσίσιος
2756 5276 2851 5331 καὶ
2895 5278 2984 5329 τὸν
3016 5276 3218 5345 Ἀμοῦν
3260 5275 3459 5328 εἰδέναι
3488 5272 3580 5326 τὸν
3608 5272 3941 5342 Νιτριὼτην,
3973 5268 4034 5327 οῦ

2441 5370 2539 5441 τὴν
2584 5370 2763 5441 ψυχὴν
2806 5364 2945 5421 εἶδεν
2986 5365 3517 5437 ἀναλαμϐανομένην
3572 5364 3677 5417 ὑπὸ
3722 5364 3976 5432 ἀγγέλων
4007 5367 4033 5417 6

2448 5460 2626 5531 μέγας
2662 5458 2968 5520 Ἀντώνιος,
2995 5456 3092 5511 καὶ
3118 5458 3199 5519 εἰς
3221 5458 3348 5518 τοὺς
3369 5456 3634 5528 οὐρανοὺς
3657 5454 4031 5525 ἀναγομένην.

2448 5552 2673 5619 Ἔλεγεν
2695 5551 2749 5603 δὲ
2775 5567 2929 5613 ουτος
2958 5550 3053 5603 καὶ
3085 5549 3379 5621 Παχώμιον
3406 5552 3604 5604 εἰδέναι
3629 5551 3722 5603 τὸν
3747 5548 4031 5617 Ταϐεννη-

2446 5646 2666 5716 σιώτην,
2702 5646 2869 5719 ἀνδρα
2891 5646 3232 5717 προφητικὸν
3262 5649 3508 5717 χάρισμα
3532 5647 3824 5715 ἐσχηκότα,
3863 5646 4031 5715 ἀρχι-

2448 5738 2743 5810 μανδρίτην
2776 5740 3036 5807 γεγονότα
3066 5738 3275 5808 ἀνδρῶν
3304 5737 3653 5809 τρισχιλίων,
3680 5737 3808 5808 περί
3842 5731 3907 5791 οῦ
3947 5739 4027 5802 εἰς

2448 5831 2572 5885 ῦστε
2586 5849 2673 5901 ρον
2710 5831 2805 5893 τὰς
2831 5830 3030 5899 ἀρετὰς
3057 5829 3413 5898 διηγήσομαι.
