4258 6358
254 403 385 459 ίοῖι

1503 416 1814 472 HISTORIA
1860 418 2213 477 LAUSIACA.

3333 449 3470 508 £023

245 511 509 577 smaragdi
540 520 596 567 et
637 514 938 584 byacinth.,
989 532 1083 574 nec
1112 519 1224 575 scio
1251 536 1318 574 an
1353 523 1462 577 sint
1504 526 1703 592 furtivi,
1736 542 1802 582 an
1832 533 1878 589 Α
1908 528 2046 582 diem
2077 547 2236 585 unum
2264 544 2317 589 et
2345 535 2621 594 dimidium
2654 545 2770 598 veni
2813 545 2864 599 in
2896 559 3129 607 montem
3157 555 3223 611 ad
3261 570 3463 627 partem

239 602 467 671 alicujus
509 609 840 661 mercatoris.
870 608 983 663 Non
1012 611 1354 666 constituitur
1396 615 1537 669 enim
1569 619 1650 672 eis
1682 633 1802 686 pre-

242 695 397 758 tium,
425 710 544 750 cum
573 699 977 754 aestimationem
1001 711 1281 770 superent;
1305 706 1391 771 qui
1419 707 1577 762 habet
1602 718 1802 775 autem,

240 784 423 835 vendit
448 800 539 838 eas
576 787 872 857 quingentis
893 790 1094 844 solidis.
1128 792 1182 844 Si
1212 807 1338 859 ergo
1367 793 1460 849 tibi
1491 796 1659 850 visum
1693 799 1802 853 iue-

236 873 309 926 rit
330 888 421 928 eas
440 877 701 944 accipere,
728 878 794 931 da
823 879 1138 948 quingentos
1161 882 1386 949 solidos,
1416 895 1571 953 potes
1600 901 1665 941 ex
1698 904 1799 941 una

231 975 448 1031 gemma
484 965 727 1035 accipere
762 966 1097 1036 quingentos,
1136 971 1353 1041 reliquis
1394 981 1570 1029 autem
1621 977 1696 1031 uti
1734 978 1799 1032 ad

238 1052 548 1107 variandum
590 1056 845 1112 mundum
887 1058 1009 1112 lilia
1046 1068 1149 1115 tua:
1177 1064 1400 1117 sororis.
1443 1065 1577 1120 Cum
1624 1076 1799 1123 autem

235 1156 358 1212 qua
395 1142 668 1200 dicebatur
693 1146 842 1216 virgo
865 1155 970 1202 tota
1002 1149 1259 1218 penderet
1284 1166 1313 1206 a
1346 1154 1549 1222 puella,
1589 1155 1796 1213 inesca-

234 1240 327 1286 tur
349 1232 465 1300 ejus
488 1234 741 1290 ornanda:
768 1237 1085 1306 cupiditate;
1123 1250 1178 1296 et
1207 1244 1428 1310 procidit
1458 1246 1523 1299 ad
1552 1246 1669 1315 ejus
1700 1263 1797 1314 pe-

231 1319 354 1387 des,
380 1330 435 1377 et
461 1323 595 1378 dixit
619 1343 634 1381 :
664 1324 814 1395 Rogo
843 1336 895 1382 te
918 1344 984 1383 ne
1008 1331 1125 1397 quis
1144 1332 1277 1386 alius
1290 1349 1381 1389 eas
1400 1336 1643 1405 accipiat.
1670 1338 1796 1394 Eam

230 1423 362 1478 ergo
385 1410 698 1466 adhortatur
725 1427 967 1482 sanctus,
995 1418 1183 1475 dicens
1211 1438 1226 1476 :
1262 1422 1390 1478 Veni
1416 1440 1583 1495 usque
1611 1428 1676 1481 ad
1703 1429 1797 1484 do-

230 1514 378 1552 mum
398 1515 591 1566 meam,
623 1514 674 1557 et
696 1517 788 1559 eas
815 1508 1013 1574 aspice.
1052 1510 1143 1565 Illa
1170 1522 1345 1566 autem
1380 1515 1588 1581 noluit;
1626 1519 1718 1571 sed
1746 1520 1793 1574 ei

228 1588 438 1657 prabet
479 1592 797 1663 quingentos
840 1598 1074 1667 solidos,
1120 1602 1345 1656 dicens:
1378 1605 1525 1675 Rogo
1558 1615 1630 1673 te,
1681 1610 1793 1677 ipse

226 1692 322 1732 eas
348 1689 404 1731 ut
427 1680 504 1734 vis
532 1696 699 1750 cape;
743 1685 866 1739 uolo
890 1688 1033 1741 enim
1074 1690 1257 1745 videre
1287 1692 1554 1749 hominem
1582 1699 1668 1765 qui
1697 1712 1790 1752 eas

223 1769 431 1831 vendit.
463 1771 591 1827 Cum
635 1782 812 1829 autem
856 1779 1169 1847 quingentos
1218 1782 1418 1840 solidos
1447 1786 1514 1840 ab
1547 1802 1608 1841 ea
1640 1803 1792 1843 acce-

1908 618 2335 678 meridionalem.
2370 625 2423 680 In
2448 643 2551 698 quo
2572 643 2750 687 monte
2778 637 2875 691 sita
2899 650 2978 693 cst
3004 641 3184 710 ingens
3212 652 3464 725 solitudo,

1905 723 2023 777 qua
2072 712 2297 778 pertinet
2334 731 2502 786 usque
2543 721 2606 775 ad
2654 722 3001 795 Ethiopiam,
3044 742 3096 785 et
3139 736 3383 808 Mazicos,
3413 712 3467 799 et

1904 797 2293 857 Mauritaniam.
2336 805 2390 860 In
2420 822 2485 861 eo
2511 822 2685 867 autem
2729 816 2965 874 habitant
3001 824 3065 876 ad
3096 830 3325 898 quinque

1903 887 1969 941 lia
2016 891 2245 947 virorum
2289 896 2435 965 (l8),
2479 903 2565 967 qui
2618 915 2832 963 utuntur
2880 915 3027 969 vario
3078 919 3199 973 vita:
3246 938 3457 993 genere,

1903 981 2265 1050 unusquisque
2301 995 2360 1040 ut
2400 999 2569 1056 potest
2600 1003 2653 1047 et
2683 998 2821 1064 vult,
2864 1003 2997 1057 adeo
3028 1015 3084 1060 ut
3112 981 3274 1065 liceai
3294 1022 3350 1068 et
3375 981 3463 1069 In;

1899 1069 2005 1123 lum
2040 1088 2278 1141 manere,
2326 1087 2379 1132 et
2418 1094 2536 1135 cum
2567 1086 2789 1153 duobus,
2820 1100 2874 1145 et
2904 1095 3091 1165 tribus,
3134 1110 3330 1159 etcum
3358 1123 3464 1175 quo

1898 1157 2025 1212 velit
2054 1176 2295 1218 numero.
2337 1166 2391 1220 In
2426 1168 2523 1223 hoc
2567 1186 2748 1230 monte
2794 1191 2914 1234 sunt
2949 1195 3150 1253 septem
3202 1157 3459 1264 pistrin'm,

1896 1260 2015 1315 qua
2039 1258 2092 1304 et
2117 1250 2217 1306 illis
2237 1257 2492 1323 serviunt,
2525 1274 2578 1316 et
2617 1266 2947 1325 anachoretis
2972 1250 3059 1345 qui
3090 1250 3220 1334 sunt
3235 1282 3286 1337 in
3308 1250 3457 1342 vasta

1896 1338 2202 1407 solitudine,
2234 1345 2359 1401 viris
2407 1350 2673 1419 perfectis,
2721 1373 2940 1416 numero
2983 1338 3268 1425 sexcentis.
3320 1375 3455 1433 Cum

1894 1441 2021 1498 ergo
2059 1440 2172 1485 tnto
2198 1449 2339 1492 anno
2371 1438 2423 1493 in
2452 1454 2631 1497 monte
2664 1446 2983 1508 habitassem
3015 1460 3153 1523 apud
3186 1461 3368 1520 beatos
3404 1478 3458 1523 et

1893 1527 2108 1575 sanctos
2137 1520 2342 1590 Patres,
2406 1539 2662 1595 magnum
2730 1529 2993 1594 Arsisium
3053 1520 3121 1600 et
3190 1520 3457 1623 Putupha;

1894 1615 2055 1669 stum.
2084 1619 2136 1665 et
2166 1610 2448 1682 Hegionem
2471 1619 2607 1691 (l9),
2635 1632 2689 1678 et
2708 1626 2981 1699 Cronium,
3005 1645 3058 1689 et
3086 1610 3451 1712 Serapionem,

1894 1706 1947 1750 et
1976 1700 2160 1754 multis
2187 1704 2538 1773 antiquiorum
2580 1712 2796 1769 Patrum
2828 1723 3149 1787 spiritalibus
3193 1700 3454 1789 narratio;

1895 1788 2073 1856 nibus,
2118 1792 2186 1847 ab
2229 1795 2358 1862 ipsis
2394 1813 2566 1855 essem
2596 1805 2917 1876 stimulatus,
2963 1819 3079 1869 veni
3123 1820 3173 1873 in
3215 1820 3452 1882 intimam

224 1862 393 1925 pisset
418 1869 631 1915 sanctus
661 1864 939 1933 Macarius,
970 1868 1058 1923 dat
1085 1884 1179 1924 eos
1210 1871 1278 1926 ad
1307 1887 1458 1928 usum
1482 1876 1788 1944 ptochonro-
1822 1881 1866 1941 Β
1893 1875 2253 1935 solitudinem.
2301 1883 2358 1937 in
2400 1886 2498 1941 hoc
2543 1902 2723 1949 monte
2752 1896 2932 1955 Nitrize
2962 1917 3063 1957 una
3100 1918 3181 1961 est
3221 1914 3450 1970 maxima

220 1949 359 2017 phii.
389 1950 521 2005 Cum
547 1963 723 2007 autem
751 1957 975 2011 multum
1000 1968 1207 2030 tempus
1251 1965 1616 2031 prateriisset,
1657 1983 1788 2035 quo-

220 2036 369 2090 niam
398 2052 590 2109 magna
636 2050 751 2096 erat
779 2042 1169 2105 existimatione
1214 2052 1350 2119 apud
1399 2053 1788 2109 Alexandrinos

217 2123 303 2178 vir
331 2124 441 2191 ille,
492 2135 676 2195 utpote
696 2142 900 2186 summe
928 2134 1047 2201 pius
1076 2150 1139 2190 ac
1167 2138 1470 2195 misericors
1498 2141 1519 2213 (
1542 2144 1671 2196 vixit
1694 2158 1788 2199 au-

216 2221 327 2266 tem
348 2214 415 2268 ad
438 2227 648 2271 centum
672 2234 840 2289 usque
868 2236 1054 2289 annos,
1090 2227 1243 2295 cujus
1270 2237 1509 2299 tempore
1534 2247 1632 2287 nos
1652 2248 1785 2303 quo-

212 2317 321 2370 que
344 2304 582 2376 luimus),
615 2312 896 2365 verebatur
917 2328 1039 2369 eum
1067 2317 1375 2375 admonere.
1402 2320 1637 2377 Tandem
1662 2340 1781 2379 eum

212 2408 338 2447 eum
368 2396 659 2453 invenisset
705 2403 757 2455 in
787 2405 1033 2474 ecclesia,
1064 2405 1193 2463 dicit
1218 2411 1267 2464 ei
1305 2428 1319 2464 :
1352 2410 1500 2482 Rogo
1531 2422 1605 2479 te,
1655 2415 1781 2483 quid

209 2484 368 2551 iubes
386 2485 454 2541 de
480 2488 760 2557 lapidibus,
785 2508 880 2561 pro
906 2497 1097 2564 quibus
1118 2499 1363 2557 dedimus
1389 2503 1590 2558 solidos
1624 2506 1781 2574 quin-

209 2574 435 2643 gentos?
459 2575 550 2632 ille
576 2579 625 2633 ei
648 2582 941 2651 respondit,
961 2585 1144 2642 dicens
1173 2605 1188 2641 :
1214 2589 1258 2644 A
1285 2605 1392 2659 quo
1420 2592 1507 2647 die
1527 2593 1655 2647 mihi
1683 2594 1781 2649 de-

209 2660 338 2715 disti
365 2677 575 2732 aurum,
622 2682 715 2747 eos
742 2672 972 2740 impendi
1013 2674 1067 2729 in
1092 2680 1317 2746 pretium
1343 2695 1693 2750 gemmarum,
1724 2693 1780 2740 et

206 2750 253 2804 si
279 2751 414 2807 velis
457 2768 549 2810 eas
596 2756 801 2819 videre.
827 2763 949 2817 veni
996 2764 1049 2819 in
1093 2768 1378 2835 hospitium
1418 2787 1614 2827 meum.
1664 2775 1778 2831 Illic

208 2842 352 2897 enim
381 2844 496 2901 sita
540 2859 664 2903 sunt
687 2866 932 2923 gemmae,
980 2864 1031 2911 et
1076 2857 1235 2926 vide;
1265 2861 1405 2930 quod
1449 2863 1496 2918 si
1536 2865 1630 2920 tibi
1669 2880 1774 2922 non

205 2933 476 3004 placeant,
508 2938 633 2996 tolle
659 2957 848 3000 aurum
882 2953 1050 3002 tuum.
1081 2948 1241 3005 Venit
1265 2960 1443 3008 autem
1471 2954 1558 3009 illa
1587 2956 1775 3014 luben-

208 3022 428 3081 tissime.
463 3028 700 3088 Habebat
724 3047 902 3092 autem
933 3039 1400 3112 ptochotropbium
1430 3044 1483 3101 in
1509 3050 1769 3118 superiori

204 3117 419 3185 quidem
443 3131 591 3188 parte
611 3126 881 3193 mulieres,
903 3126 956 3183 in
978 3129 1217 3187 inferiori
1236 3141 1412 3190 autem
1434 3137 1602 3192 viros.
1634 3138 1769 3195 Cum

1893 1966 2139 2034 ecclesia,
2171 1979 2223 2025 et
2253 1972 2303 2026 in
2334 1974 2443 2044 ipsa
2466 1981 2688 2036 ecclesia
2720 1996 2843 2041 sunt
2867 1998 2974 2045 tres
3002 1999 3208 2064 palmzc,
3236 2016 3298 2055 ex
3336 2008 3453 2074 qui-

1893 2053 1994 2074 μ’
2025 2071 2114 2074 μω
2389 2066 2401 2074 _
2458 2067 2472 2074 _
2583 2070 2603 2074 _

1891 2053 1996 2108 bus
2025 2071 2352 2132 unaquaeque
2388 2066 2546 2123 habet
2574 2070 2835 2141 ﬂagellum
2864 2078 2978 2151 (20)
3004 2053 3452 2153 suspensumr‘blt

1888 2153 1971 2249 est
1998 2161 2157 2202 unum
2194 2153 2403 2220 quidem
2446 2160 2510 2213 ad
2546 2164 2879 2232 castigandos
2921 2176 3209 2233 monachos
3238 2183 3325 2249 qui
3354 2185 3450 2241 de-

1888 2232 2162 2304 linquunt;
2212 2243 2438 2300 alterum
2489 2264 2616 2305 vero
2653 2255 2717 2308 ad
2768 2260 3059 2326 puniendos
3104 2232 3358 2340 latrones,
3403 2278 3447 2330 si

1886 2326 2098 2428 quando
2127 2328 2446 2402 inciderint;
2481 2342 2689 2399 tertium
2725 2362 2851 2403 vero
2882 2350 2947 2406 ad
2990 2326 3449 2428 corrigendos'eos

1886 2414 1973 2482 qui
1996 2415 2131 2471 forte
2164 2424 2405 2494 veniunt,
2438 2437 2503 2483 et
2519 2431 2570 2484 in
2598 2434 2772 2503 aliqua
2803 2437 2988 2496 delicta
3021 2414 3449 2517 incidunt;adeu

1884 2511 1946 2555 ut
1968 2506 2269 2579 quicunque
2284 2513 2615 2587 delinquunt,
2631 2533 2686 2577 et
2701 2531 3083 2587 convincuntur
3112 2542 3366 2598 meruisse
3396 2554 3446 2603 ut

1880 2590 2240 2705 dentnprnnas,
2291 2606 2517 2673 palmam
2548 2614 2964 2691 amplectantur,
2989 2633 3044 2679 et
3072 2590 3439 2705 tergo

1880 2684 2173 2782 prallnitas
2199 2694 2483 2764 accipiant,
2515 2708 2569 2755 et
2591 2703 2668 2757 sic
2689 2684 3044 2767 dimittantur.
3074 2684 3245 2785 Prope

1880 2770 2211 2875 siam-autem
2230 2786 2454 2851 positum
2477 2800 2559 2845 est
2582 2793 2988 2867 xenodocbium,
3017 2804 3069 2858 in
3094 2770 3199 2875 quo
3225 2812 3440 2868 venien-

1880 2868 1986 2916 tem
2025 2862 2285 2956 hospitem
2318 2882 2427 2930 toto
2456 2886 2692 2951 tempore
2718 2862 3005 2960 acc'piuot,
3030 2862 3187 2950 enim
3217 2862 3442 2959 sibien-

1877 2954 2023 3008 nium
2051 2954 2140 3012 aut
2171 2962 2461 3019 triennium
2487 2971 2716 3028 voluerit
2743 2954 2974 3047 manere,
2991 2954 3165 3045 donec
3189 2954 3317 3046 velit
3340 2954 3436 3052 sua

1873 3056 2062 3112 sponte
2084 3053 2350 3119 recedere,
2377 3061 2740 3123 permittentes
2762 3071 2809 3123 ei
2838 3088 2939 3128 una
2972 3074 3294 3140 bebdomada
3321 3105 3433 3146 ma-

1872 3150 2003 3193 nere
2045 3139 2097 3193 in
2128 3144 2257 3197 otio.
2302 3146 2432 3203 Aliis
2458 3160 2636 3208 autem
2662 3156 2849 3215 diebus
2876 3164 3126 3237 deinceps
3170 3139 3433 3248 occupant

2885 3215 3060 3223 *“'-—'
3099 3215 3125 3225 -υ
3172 3215 3300 3231 νυνι.
3341 3215 3429 3237 cu.

204 3219 267 3258 ea
288 3215 463 3262 autem
478 3218 816 3281 accessisset,
834 3219 1245 3277 introduciteam
1274 3224 1326 3279 in
1342 3227 1683 3296 vestibulum,
1715 3242 1770 3287 et
1795 3234 1843 3296 ο
1872 3238 1994 3280 eum
2024 3229 2074 3283 in
2096 3233 2365 3302 operibus,
2397 3248 2489 3293 aut
2516 3242 2565 3296 in
2594 3242 2768 3312 horto,
2794 3262 2883 3307 aut
2907 3253 2958 3308 in
2985 3215 3226 3328 pisirino,
3257 3215 3346 3321 at;
3378 3271 3429 3325 in

206 3298 337 3328 a':n:l
370 3300 418 3328 Aa:
450 3310 663 3328 ρ--ιΑΙ--ῃ
696 3302 949 3328 ..-Δρ-ξ---
983 3322 997 3328 -
1031 3309 1163 3328 ιι--εΔ
1194 3312 1269 3328 ..9-
1313 3327 1330 3328 η
1376 3315 1386 3325 ο
1600 3318 1610 3328 ι
1636 3317 1649 3328 ι
2012 3320 2025 3328 .
2173 3323 2198 3328 Α
2298 3325 2308 3328 -

206 3298 341 3351 dicit
369 3300 419 3353 ei
448 3310 666 3377 sanctus
694 3302 952 3360 Macarius
982 3322 999 3361 :
1030 3309 1164 3375 Quid
1194 3312 1273 3366 vis
1309 3315 1537 3382 primum
1564 3317 1764 3385 videre,

203 3374 547 3455 hyacinthos,
577 3403 643 3443 an
670 3392 1018 3461 smaragdos?
1046 3374 1118 3450 Ea
1146 3413 1273 3453 vero
1309 3374 1390 3455 illi
1423 3403 1550 3459 dicit
1576 3422 1591 3461 :
1615 3374 1767 3475 Quod

203 3475 297 3529 tibi
319 3475 550 3532 videtur.
576 3478 665 3534 Ille
685 3496 814 3536 vero
829 3497 944 3538 eam
958 3485 1101 3541 ducit
1116 3488 1166 3541 iu
1188 3499 1389 3558 partem
1416 3497 1765 3567 superiorem,

202 3572 257 3616 et
281 3565 511 3620 ostendit
539 3567 585 3622 ei
615 3569 898 3626 conscissis
942 3574 1165 3630 feminas
1211 3581 1495 3647 membris,
1526 3593 1580 3639 et
1606 3565 1766 3642 vulti;

200 3651 301 3706 bus
346 3658 472 3709 totis
519 3658 660 3712 varia
704 3661 1049 3719 morbositate
1093 3666 1359 3735 laceratis,
1403 3683 1457 3728 et
1503 3675 1628 3730 dicit
1673 3678 1760 3734 ei:

201 3740 343 3797 Ecce
371 3742 661 3817 hyacinthi.
700 3749 898 3808 Deinde
925 3754 1139 3810 deducit
1165 3773 1279 3813 eam
1310 3761 1363 3816 in
1389 3776 1593 3833 partem
1625 3766 1762 3823 infe-

198 3831 421 3897 riorem,
448 3845 503 3889 et
534 3839 767 3893 ostendit
789 3842 838 3896 ei
861 3844 1021 3911 viros,
1052 3846 1272 3904 dicens:
1306 3831 1444 3908 Ecce
1469 3858 1759 3926 smaragdi;

197 3930 252 3975 et
278 3923 524 3981 existimo
569 3943 673 3982 non
725 3930 949 3989 inveniri
991 3937 1074 3991 bis
1117 3940 1494 4009 pretiosiores;
1539 3923 1679 4015 quod
1711 3949 1759 4003 si

196 4010 292 4065 tibi
323 4027 427 4067 non
454 4014 716 4087 placeant,
764 4022 946 4091 accipe
976 4038 1165 4080 aurum
1197 4035 1364 4084 tuum.
1397 4031 1489 4086 His
1517 4010 1644 4104 ergo
1684 4039 1761 4092 sic

194 4101 381 4166 gestis,
426 4104 625 4169 pudore
650 4106 836 4163 aﬂ'ecta
861 4110 1011 4181 virgo
1038 4116 1187 4181 exiit,
1226 4125 1281 4173 et
1308 4118 1520 4177 domum
1551 4101 1759 4181 reversa

197 4203 442 4259 magnum
487 4198 688 4261 accepit
717 4198 988 4270 dolorem,
1032 4206 1173 4273 quod
1217 4206 1355 4264 hanc
1399 4227 1510 4267 rem
1549 4230 1611 4268 ex
1657 4217 1761 4272 Dco

196 4292 301 4331 non
333 4280 564 4348 fecisset,
594 4284 687 4339 sed
716 4286 941 4344 adducta
983 4296 1326 4351 necessitate.
1365 4299 1553 4356 Postea
1583 4315 1756 4359 autem

194 4370 391 4437 gratias
419 4375 527 4442 egit
553 4376 886 4447 presbytero,
926 4395 1046 4436 cum
1075 4386 1247 4452 puella
1277 4389 1427 4457 cujus
1454 4405 1634 4446 curam
1665 4410 1755 4461 ge-

196 4462 367 4528 rebat,
416 4474 533 4529 post
568 4473 780 4537 nuptias
808 4480 1014 4527 mortua
1042 4483 1185 4530 esset
1211 4477 1327 4534 sine
1366 4480 1566 4548 liberis,
1611 4484 1754 4552 ipsa-

1870 3320 2116 3416 coquina.
2162 3323 2396 3416 Quodsi
2428 3329 2588 3386 fuerit
2615 3335 2875 3407 quispiam
2904 3320 3053 3414 cujus
3083 3352 3153 3404 sit
3192 3320 3427 3416 habenda

1869 3406 2031 3472 ratio,
2063 3409 2187 3463 dant
2216 3414 2265 3467 ei
2297 3414 2486 3471 librum
2517 3406 2816 3493 legendum,
2850 3406 3357 3503 non-permittentes-
3377 3406 3429 3505 ei

1868 3502 1924 3546 ut
1953 3508 2073 3550 cum
2100 3499 2210 3554 ullo
2234 3504 2564 3573 colloquatur
2594 3527 2761 3584 usque
2790 3518 2855 3573 ad
2899 3499 3082 3581 horam
3121 3499 3344 3589 sextam:

1868 3584 1971 3639 hoc
1991 3601 2170 3644 monte
2201 3592 2401 3662 degunt
2419 3599 2577 3654 etiam
2610 3606 2800 3661 medici
2826 3618 2879 3663 et
2908 3584 3427 3680 placentarli.—litun:

1866 3682 1952 3729 tur
1990 3677 2147 3733 etiam
2178 3682 2321 3751 vino,
2372 3694 2427 3740 ct
2472 3690 2647 3745 vinum
2689 3693 2795 3750 illic
2832 3677 3091 3759 venditur.
3143 3708 3203 3763 iii
3250 3677 3424 3773 autem

1865 3777 2052 3819 omnes
2090 3769 2203 3822 suis
2232 3772 2477 3828 manibus
2506 3776 2703 3835 faciunt
2734 3795 2927 3841 vestem
2959 3789 3171 3863 lineam,
3205 3799 3339 3855 adeo

1862 3851 1967 3905 sint
1995 3868 2182 3910 omnes
2210 3858 2426 3916 minime
2465 3876 2699 3933 egentes.
2731 3870 2880 3928 Circa
2910 3875 3094 3934 horam
3122 3851 3296 3941 autem
3328 3882 3421 3945 rin-

1862 3954 1983 3995 nam
2013 3943 2137 3999 licet
2160 3956 2335 4012 stare,
2379 3961 2433 4006 et
2462 3956 2643 4012 audire
2670 3958 2725 4014 in
2753 3975 3070 4038 unoquoque
3099 3943 3418 4035 monasterio

1862 4032 2085 4131 hymnos
2122 4042 2176 4089 et
2213 4039 2445 4103 psalmos
2477 4043 2685 4102 Christo
2712 4032 2999 4124 canentes,
3032 4068 3085 4114 et
3132 4032 3416 4131 precesvtad

1862 4116 2087 4187 hymnos
2126 4125 2451 4195 eminentes,
2482 4133 2615 4189 adeo
2645 4146 2700 4191 ut
2739 4116 3007 4199 existimet
3046 4116 3304 4220 quispiam
3349 4172 3416 4214 se

1857 4209 2089 4266 sublime
2135 4214 2332 4270 elatum
2360 4224 2761 4292 transmigrasse
2789 4230 2840 4284 in
2869 4209 3180 4299 paradisum.
3202 4209 3415 4299 delicia:

1857 4312 2005 4363 rum;
2037 4303 2253 4359 veniunt
2289 4317 2467 4363 autem
2496 4312 2561 4365 ad
2600 4317 2876 4373 ecclesiam
2910 4321 3139 4381 Sabbato
3166 4332 3333 4387 solum
3360 4347 3414 4391 et

1834 4384 2151 4443 ,Dominico.
2197 4393 2332 4448 Sunt
2360 4408 2533 4452 autem
2575 4413 2694 4457 octo
2725 4409 3020 4479 presbyteri
3057 4419 3143 4483 qui

1856 4473 1977 4530 huic
2004 4481 2267 4548 ecclesiae,
2300 4486 2349 4538 in
2378 4502 2478 4557 qua
2501 4494 2728 4559 quandiu
2758 4473 3107 4570 vivit'primuis
3138 4473 3411 4586 pennis}

2397 4554 2409 4557 -
2518 4554 2531 4559 -
2911 4554 2924 4570 ι
2949 4554 3106 4561 --ν----
3138 4554 3290 4577 r-vvv
3334 4554 3400 4572 Iw

193 4565 298 4619 quo
352 4554 605 4626 deinceps
653 4560 930 4618 facultate.
983 4579 1109 4621 ,ρης
1154 4568 1206 4621 in
1259 4580 1433 4627 recms
1480 4588 1606 4628 usus
1657 4590 1750 4630 ex-
1779 4594 1829 4652 Β
1859 4565 2013 4636 ltujus
2040 4574 2303 4641 εοοιθείω,
2348 4579 2523 4634 nullus
2563 4584 2699 4639 alius
2728 4588 2904 4655 οπετι,
2936 4608 3031 4650 nec
3056 4598 3275 4668 indicat,
3294 4554 3405 4664 ’nCC

196 4643 371 4668 ..-ωιτη
1861 4659 1872 4668 ⁵
1932 4661 1941 4668 ⁵

196 4643 396 4708 pendit.

789 4780 1014 4839 CAPUT
1048 4786 1155 4841 VII.

201 4904 319 4959 l’ita
348 4907 541 4963 abbatis
584 4908 766 4993 Διεξεξὶ
796 4914 907 4985 (17)
949 4927 1227 4993 et_gort_im-
1248 4924 1331 4993 qui
1369 4941 1485 4980 cum
1513 4944 1571 4983 eo
1605 4942 1746 4985 erant

726 4982 779 5034 in
807 4982 969 5039 mm
999 4984 1201 5043 Nitric.

254 5085 388 5139 Cum
418 5100 518 5156 ego
544 5102 666 5143 cum
698 5092 880 5147 multis
906 5098 1101 5151 sanctis
1128 5112 1298 5154 essem
1328 5112 1661 5176 congressus,
1688 5117 1743 5164 et

185 5187 428 5230 versatus
455 5187 562 5232 tres
600 5192 767 5234 annos
806 5183 858 5236 in
901 5190 1236 5242 monasteriis
1276 5206 1393 5260 qua:
1439 5208 1566 5251 sunt
1602 5200 1739 5256 circa

182 5270 579 5336 Alexandriam,
620 5281 673 5327 et
699 5276 1006 5332 mansissem
1030 5294 1147 5334 cum
1181 5286 1382 5352 magnis
1410 5290 1737 5346 studiosissi-

184 5360 389 5429 inisqne
417 5370 470 5414 et
500 5362 712 5429 Optimis
742 5365 867 5419 viris
907 5369 1118 5424 circiter
1146 5372 1226 5426 bis
1252 5375 1416 5441 mille,
1461 5380 1603 5433 omni
1632 5380 1737 5434 vir-

184 5458 294 5504 tute
335 5453 554 5516 ornatis,
585 5452 728 5508 illinc
755 5458 1006 5513 recedens
1034 5464 1152 5516 veni
1184 5464 1234 5517 in
1264 5476 1495 5522 montem
1531 5469 1733 5528 Nitrirc.

180 5538 320 5595 inter
362 5540 502 5596 hunc
541 5553 772 5600 montem
810 5557 983 5603 autem
1029 5562 1080 5606 et
1120 5553 1487 5614 Alexandriam
1534 5565 1734 5630 positus

178 5637 258 5681 cst
294 5629 463 5695 lacus,
494 5633 581 5700 qui
628 5634 817 5689 dicitur
862 5638 1023 5693 Maria
1055 5641 1141 5700 :is
1172 5653 1346 5700 autem
1386 5629 1623 5705 continet
1664 5654 1730 5707 ad

178 5717 337 5771 millia
386 5722 735 5791 septuaginta.
792 5725 956 5791 Quem
998 5745 1115 5789 cum
1164 5737 1589 5801 transmisissem,
1638 5757 1729 5809 per

1860 4659 2019 4715 habet
2075 4679 2393 4735 sermonem,
2437 4673 2529 4726 sed
2591 4679 2750 4733 tacite
2810 4683 2983 4739 solum
3046 4703 3166 4745 cum
3226 4710 3290 4752 eo
3320 4714 3405 4753 sc-

1925 4858 2018 4913 llic
2062 4876 2279 4932 magnus
2306 4867 2569 4937 Arsisius,
2599 4879 2654 4928 et
2679 4874 2767 4930 alii
2800 4881 2946 4936 multi
2974 4897 3091 4940 cum
3126 4904 3191 4944 eo
3218 4907 3394 4959 senes,

1850 4960 1983 5014 quos
2028 4964 2124 5004 nos
2172 4954 2416 5021 vidimus,
2450 4956 2663 5016 fuerunt
2690 4970 2918 5035 aequales
2950 4982 3185 5043 tempore
3213 4954 3401 5052 magno

1849 5036 2096 5094 Antonio.
2146 5044 2316 5112 Atque
2356 5047 2482 5101 mihi
2515 5053 2725 5118 quidem
2773 5063 3003 5116 narravit
3049 5036 3137 5121 hic
3178 5036 3400 5141 magnus

1846 5125 2075 5182 Arsisius
2114 5144 2173 5185 se
2217 5135 2384 5187 Amon
2430 5152 2639 5208 quoque
2680 5144 2878 5203 vidisse
2924 5150 3220 5223 Nitriotem,
3250 5125 3398 5229 cujus

1844 5216 2072 5271 animam
2102 5219 2231 5272 vidit
2259 5225 2457 5278 assumi
2487 5229 2745 5286 Antonius
2773 5234 2840 5288 ab
2865 5241 3093 5304 angelis,
3124 5254 3178 5298 et
3200 5216 3250 5301 in
3281 5216 3387 5305 c2»;

1842 5301 1948 5407 lum
1977 5305 2165 5363 deduci
2206 5309 2352 5378 (Vita
2381 5314 2606 5383 Antonii,
2638 5335 2685 5373 ε.
2714 5321 2816 5389 5i;
2850 5301 3015 5395 Ruf,
3044 5301 3089 5384 I.
3116 5347 3171 5398 ll,
3197 5352 3245 5390 c.
3278 5301 3394 5407 Fid).

1842 5388 1890 5445 is
1918 5392 2125 5449 dicebat
2152 5412 2210 5452 se
2238 5400 2393 5455 etiam
2442 5403 2778 5465 Pachumium
2804 5388 3014 5471 vidisse.
3039 5388 3394 5483 Tabennesio;

1844 5487 1973 5549 tem,
2004 5484 2173 5540 virum
2202 5490 2502 5558 prephetica
2532 5498 2695 5565 gratia
2723 5502 2943 5572 clarum,
2978 5517 3056 5563 ter
3084 5514 3226 5567 mille
3254 5515 3390 5570 viro-

1843 5585 1957 5624 rum
1986 5574 2479 5650 archimandritam;
2511 5586 2661 5657 cujus
2691 5594 2916 5650 narrabo
2962 5608 3138 5666 posteri
3170 5604 3389 5663 virtutes

1844 5661 2018 5731 (inira,
2051 5682 2092 5718 c.
2123 5667 2232 5739 58).
