4258 6358
825 392 960 449 I023

1388 508 1611 565 CAPUT
1656 508 1781 564 VIII.

1057 642 1127 695 De
1144 652 1316 697 sancto
1341 642 1500 695 Aman
1525 641 1638 712 (21)
1663 650 1712 695 et
1732 644 1843 712 ejus
1871 642 2101 711 conjuge.

875 774 1091 829 Dicebat
1108 782 1281 829 autem
1305 774 1471 827 Amon
1496 772 1594 826 hoc
1618 773 1773 826 modo
1797 772 2013 825 vixisse.
2039 771 2167 824 Cum
2190 781 2352 833 esset,

804 866 990 933 inquit,
1028 866 1329 933 parentibus
1354 865 1569 918 orbatus
1600 864 1909 918 adolescens
1939 866 2148 916 circiter
2172 864 2352 932 viginti

800 954 934 1008 duos
980 969 1145 1008 annos
1188 965 1341 1007 natus
1364 995 1379 1019 ,
1412 955 1513 1006 via
1542 970 1638 1006 suo
1674 964 1858 1020 patruo
1892 952 2095 1006 mulieri
2140 952 2355 1020 junctus

800 1052 879 1097 est
903 1044 1264 1106 matrimonio;
1293 1051 1344 1095 et
1375 1057 1492 1095 cum
1522 1058 1622 1094 non
1646 1051 1825 1108 posset
1846 1042 2102 1095 resistere
2126 1041 2355 1095 necessi-

802 1134 892 1186 tati
922 1148 1076 1202 quam
1108 1131 1153 1185 ei
1187 1132 1439 1185 afferebat
1481 1143 1696 1199 patruus
1721 1172 1736 1195 ,
1770 1131 1941 1183 visum
1974 1142 2054 1184 est
2083 1131 2154 1195 ei,
2185 1139 2239 1184 et
2264 1144 2355 1184 co-

800 1238 928 1275 rona
960 1224 1194 1275 redimiri
1223 1222 1357 1289 (‘22),
1388 1232 1440 1275 et
1490 1224 1677 1276 sedere
1724 1224 1775 1275 in
1820 1223 2071 1285 thalamo,
2099 1232 2151 1275 et
2180 1222 2353 1275 omnia

799 1314 1059 1369 Sustinere
1089 1330 1203 1381 qua:
1234 1314 1362 1365 litant
1407 1316 1455 1366 in
1488 1316 1843 1368 matrimonio.
1875 1313 2155 1381 Postquam
2182 1324 2353 1367 autem

798 1419 981 1459 omnes
1009 1414 1185 1457 essent
1214 1405 1430 1471 egressi,
1456 1406 1541 1473 qui
1574 1405 1623 1456 in
1654 1403 1885 1458 thalamo
1912 1413 1964 1457 et
1996 1405 2133 1457 lecto
2158 1404 2353 1456 dormi-

799 1505 944 1549 turos
968 1494 1371 1557 collocaverant,
1404 1496 1567 1562 surg't
1598 1495 1785 1548 beatus
1831 1497 1999 1548 Amon
2020 1536 2034 1558 ,
2070 1505 2124 1548 et
2164 1494 2356 1547 claudit

801 1585 972 1648 fores;
1000 1596 1051 1639 et
1080 1584 1270 1638 sedens
1318 1594 1467 1637 vocat
1518 1586 1718 1637 beatam
1765 1596 1815 1637 et
1861 1601 2161 1654 germanam
2206 1600 2352 1637 suam

798 1678 1094 1743 coniugem,
1111 1686 1164 1729 et
1184 1680 1230 1730 ei
1255 1678 1409 1730 dicit:
1432 1676 1715 1740 Adesdum,
1736 1677 1946 1730 domina
1974 1689 2025 1730 et
2048 1677 2350 1745 soror(23),

798 1766 988 1819 deinde
1035 1781 1145 1818 rem
1178 1766 1269 1818 tibi
1303 1766 1547 1817 narrabo.
1598 1766 1708 1817 Iloe
1735 1781 1838 1832 quo
1868 1765 2133 1833 conjuncti
2171 1780 2355 1819 sumus

2252 381 2570 439 PALLADII

2380 515 2429 567 Α
2459 507 2615 560 tionis
2647 505 2890 560 virtutem
2936 505 3298 570 exercuisset,
3331 508 3380 560 in
3412 506 3512 561 vita
3542 506 3672 563 obiit
3700 510 4029 575 monastica,

3900 386 4057 444 1026

2455 595 2539 649 vel
2568 595 2741 662 potius
2771 595 3059 648 translatus
3084 602 3167 649 est
3208 604 3421 649 sanctus
3452 595 3643 659 Amon,
3677 606 3830 651 natus
3856 614 4035 652 sexa-

2454 683 2598 753 ginta
2641 685 2773 738 duos
2817 698 3007 748 annos,
3036 684 3115 739 bis
3158 683 3214 739 in
3261 698 3401 739 anno
3438 686 3623 740 videns
3659 687 3864 741 beatam
3896 692 4037 743 vita:

2453 786 2563 825 Sua:
2591 782 2914 827 CODSOI’ICIII.

2523 861 2652 913 Cum
2684 864 2727 915 is
2756 876 2881 930 ergo
2911 862 3053 915 solus
3082 872 3225 917 e-set
3261 862 3313 915 in
3358 862 3561 925 Nitriis,
3597 863 3767 916 ferunt
3793 864 3860 916 ad
3891 880 4031 917 eum

2455 963 2673 1016 puerum
2726 951 2872 1003 rabie
2919 950 3235 1017 exagitatum
3264 992 3278 1013 ,
3309 954 3537 1004 vinctum
3586 954 3803 1006 catenis.
3858 954 4036 1006 Canis

2454 1040 2592 1093 enim
2616 1040 2857 1094 rabiosus
2878 1040 3166 1093 mordenda
3189 1040 3261 1093 illi
3289 1041 3487 1094 rabiem
3513 1041 3750 1094 dederat.
3770 1043 4032 1110 Scipsum

2454 1144 2581 1199 ergo
2633 1137 2798 1184 totum
2849 1132 3097 1197 laniabat,
3130 1138 3186 1183 ut
3228 1132 3313 1198 qui
3362 1132 3742 1186 intolerabilem
3774 1134 4031 1187 morbum

2455 1222 2593 1275 ferre
2622 1236 2723 1275 non
2752 1231 2951 1290 posset.
2981 1223 3261 1293 Postquam
3292 1239 3417 1292 ergo
3441 1225 3572 1277 vidit
3599 1226 3712 1291 ejus
3744 1238 4030 1292 parentes,

2454 1311 2519 1364 ad
2550 1306 2951 1379 supplicandum
2978 1314 3323 1381 procedentes
3352 1332 3363 1368 :
3390 1314 3525 1381 Quid
3558 1316 3708 1377 mihi,
3730 1316 3913 1383 inquit,
3943 1318 4032 1369 la-

2457 1402 2613 1455 bores
2655 1402 2934 1467 ethibetis,
2970 1419 3000 1455 ο
3045 1404 3304 1467 homines,
3335 1420 3394 1458 ea
3450 1414 3687 1473 petentes
3734 1422 3852 1473 quae
3901 1421 4030 1459 mea

2457 1495 2645 1545 merita
2698 1504 2967 1561 superant,
2996 1508 3115 1547 cum
3146 1496 3196 1547 in
3230 1497 3421 1549 vestris
3454 1497 3695 1549 manibus
3731 1510 3921 1563 praesto
3956 1498 4034 1550 sit

2456 1581 2741 1633 auxilium?
2761 1582 2981 1635 Reddite
2998 1583 3132 1634 enim
3155 1584 3322 1635 vidum.
3345 1585 3528 1638 bovem
3548 1601 3701 1653 quem
3721 1588 4031 1639 clanculum

2457 1669 2810 1734 occidistis,et
2834 1686 2990 1723 sanus
3018 1672 3262 1723 reddetur
3283 1673 3434 1725 vobis
3465 1689 3615 1739 puer.
3644 1674 3719 1726 Illi
3750 1690 3875 1727 vero
3897 1690 4030 1727 cum

2458 1759 2681 1811 coavicti
2715 1770 2926 1822 essent,
2961 1761 3063 1814 lmti
3095 1761 3332 1815 fecerunt
3376 1779 3490 1832 qua:
3516 1765 3662 1831 jussa
3707 1764 3935 1829 fuerant,
3976 1777 4034 1821 et

800 1856 1212 1917 matrimonium,
1246 1856 1371 1907 nihil
1418 1854 1575 1907 habet
1620 1855 1891 1907 eximium.
1937 1854 2095 1907 Recte
2122 1870 2245 1922 ergo
2276 1854 2352 1906 fa-
2385 1846 2430 1902 B
2457 1862 2520 1899 eo
2548 1857 2731 1902 orante
2763 1864 2891 1915 pne-r
2922 1864 3078 1901 sanus
3108 1853 3295 1904 evasit.

796 1948 1017 2005 ciemus.
1042 1948 1083 1997 si
1109 1945 1300 1997 abhinc
1323 1945 1677 2014 unusquisque
1700 1956 1935 1998 nostrum
1959 1959 2195 1997 seorsum
2225 1945 2352 1996 dor-

798 2036 991 2100 mierit,
1024 2044 1081 2088 ut
1108 2036 1320 2088 Christo
1351 2036 1669 2101 placeamus,
1695 2034 1941 2087 intactam
1968 2042 2200 2086 nostram
2230 2033 2350 2087 red-

797 2125 981 2179 dentcs
1033 2123 1398 2192 virginitatem.
1457 2124 1523 2177 Et
1567 2139 1685 2177 cum
1734 2139 1765 2178 e
1812 2124 1930 2176 sinu
1983 2138 2079 2176 suo
2134 2138 2351 2191 parvum

798 2215 1028 2267 libellum
1062 2215 1385 2281 protulisset,
1413 2225 1660 2280 tanquam
1691 2228 1755 2267 ex
1783 2227 2009 2280 persona
2038 2214 2275 2279 Apostoli
2301 2222 2355 2267 et

796 2304 1107 2365 Servatoris,
1139 2303 1346 2372 legebat
1392 2304 1598 2369 puellas,
1630 2319 1747 2371 qua:
1782 2314 1891 2357 erat
1934 2304 2110 2372 ignara
2156 2304 2354 2356 littera-

796 2406 933 2453 rum,
961 2392 1237 2460 plurimam
1284 2392 1525 2445 lectionis
1578 2404 1801 2459 partem,
1852 2393 2107 2461 adjciens
2146 2409 2211 2446 ex
2258 2407 2351 2445 sua

796 2482 1042 2535 divinitus
1073 2482 1322 2549 inspirata
1350 2483 1611 2546 doctrina,
1645 2492 1696 2534 et
1727 2484 1777 2535 in
1807 2485 1932 2546 vita,
1967 2485 2016 2535 iu
2048 2482 2349 2552 virginitate

795 2583 847 2627 et
873 2577 1114 2629 castitate
1143 2574 1380 2643 degenda
1407 2590 1523 2627 eam
1554 2574 1855 2627 instituens.
1906 2575 2019 2639 Quo
2052 2573 2245 2626 factum
2274 2582 2357 2627 est

796 2671 853 2715 ut
882 2662 965 2716 illa
1005 2662 1201 2716 Christi
1249 2664 1412 2733 gratia
1456 2663 1676 2732 repleta,
1708 2664 1945 2717 diceret:
1974 2664 2085 2731 Ego
2125 2679 2351 2733 quoque,

795 2752 1007 2806 domine
1037 2753 1125 2816 mi,
1172 2767 1479 2821 persuasum
1529 2753 1698 2807 habeo
1745 2752 1856 2806 fore
1883 2763 1938 2806 ut
1966 2762 2164 2806 castam
2196 2755 2353 2807 vitam

798 2842 1026 2896 libenter
1049 2856 1232 2912 agam;
1264 2844 1382 2897 etsi
1406 2842 1529 2910 quid
1547 2842 1721 2909 rubes,
1746 2842 1849 2896 hoc
1875 2842 2124 2910 deinceps
2148 2842 2352 2897 faciam.

796 2935 885 2990 Mc
912 2952 1063 3003 vero,
1098 2937 1229 3004 Ego,
1258 2935 1447 3005 inquit,
1470 2937 1637 3005 jubeo
1664 2946 1717 2990 et
1748 2952 1876 3004 rogo
1918 2946 1973 2989 ut
2001 2937 2356 3005 unusquisque

797 3038 1035 3083 nostrum
1060 3043 1297 3084 seorsum
1328 3038 1558 3085 maneat.
1594 3031 1666 3083 Ea
1690 3044 1817 3083 vero
1847 3028 1947 3081 hoc
1978 3043 2079 3081 non
2110 3027 2243 3090 tulit,
2274 3025 2356 3079 di-

795 3131 957 3173 cens:
985 3118 1289 3173 Maneamus
1332 3120 1385 3173 in
1433 3119 1619 3173 eadem
1670 3118 1861 3183 domo,
1894 3117 1985 3171 sed
2030 3116 2083 3169 in
2128 3116 2352 3170 diversis

2528 1935 2882 1990 Accesserunt
2902 1949 3074 1992 autem
3098 1940 3187 1991 alii
3211 1940 3325 2007 ejus
3354 1941 3555 1994 visendi
3578 1944 3757 2009 gratia.
3788 1944 3862 1996 Ad
3888 1960 4034 2012 quos

2456 2023 2587 2077 dixit
2627 2025 2707 2077 vir
2744 2035 2975 2089 sanctus,
3008 2029 3240 2081 tentandi
3281 2044 3461 2082 eorum
3501 2031 3657 2083 animi
3701 2032 3900 2099 gratia:
3928 2034 4035 2087 Af-

2457 2110 2591 2166 ferte
2619 2114 2683 2166 ad
2715 2128 2799 2167 me
2843 2114 3040 2168 dolium
3071 2131 3254 2180 unum,
3285 2126 3341 2170 ut
3367 2117 3587 2171 habeam
3615 2120 3741 2173 satis
3772 2136 3919 2188 aquze
3954 2122 4032 2175 ad

2455 2216 2547 2255 eos
2576 2204 2666 2271 qui
2698 2206 2912 2259 veniunt
2955 2207 3317 2274 excipiendos.
3373 2207 3413 2261 Ii
3440 2220 3612 2263 autem
3663 2213 4031 2279 promiserunt

2455 2292 2659 2360 seipsos
2688 2296 2960 2349 allaturos.
3007 2297 3138 2350 Cum
3170 2307 3344 2352 autem
3387 2300 3611 2353 alterum
3663 2303 4025 2371 pmnitnisset,

2456 2388 2542 2440 ubi
2572 2386 2623 2438 in
2651 2386 2823 2441 vicum
2854 2388 3105 2452 venisset,
3135 2388 3261 2442 dicit
3290 2390 3441 2442 alteri
3470 2408 3481 2443 :
3506 2390 3637 2445 Nolo
3665 2392 3904 2447 occidere
3928 2409 4030 2447 ca-

2456 2480 2669 2542 melum,
2701 2492 2871 2546 neque
2898 2479 2945 2532 ei
2974 2479 3170 2531 dolium
3199 2480 3491 2548 imponere,
3526 2496 3589 2535 ne
3618 2483 3895 2537 moriatur.
3924 2485 4029 2543 His

2455 2571 2664 2632 auditis,
2682 2570 2818 2624 alius
2844 2572 2956 2624 suis
2983 2572 3178 2638 junctis
3201 2573 3360 2625 asinis
3390 2587 3579 2640 magno
3607 2574 3783 2628 labore
3812 2575 4026 2631 dolium

2454 2674 2661 2712 sursum
2698 2660 2940 2726 portavit.
2988 2660 3321 2715 Praeveniens
3362 2670 3535 2715 autem
3568 2664 3736 2717 Amon
3766 2665 3813 2718 ei
3843 2665 3980 2720 dixit
4011 2682 4029 2719 :

2454 2749 2621 2814 Quid?
2652 2748 2792 2817 quod
2840 2749 2969 2804 socii
3015 2751 3086 2803 tui
3128 2751 3357 2805 camelus
3394 2761 3476 2805 est
3516 2762 3754 2807 mortuus
3804 2752 4025 2809 interim

2453 2837 2576 2891 dum
2611 2839 2714 2892 huc
2738 2840 2971 2894 venisti?
2994 2840 3041 2893 Is
3088 2850 3262 2894 autem
3312 2856 3561 2895 reversus
3608 2843 3804 2897 invenit
3834 2860 3956 2899 eum
3993 2864 4025 2899 a

2456 2926 2598 2994 lupis
2620 2926 2952 2982 devoratum.
2985 2928 3142 2981 Multa
3175 2943 3383 2997 quoque
3410 2930 3511 2983 alia
3546 2932 3630 2985 hic
3654 2934 3734 2984 vir
3765 2933 3907 2988 fecit.

2530 3016 2643 3071 Hoc
2670 3027 2846 3071 autem
2877 3019 3189 3072 miraculum
3216 3023 3449 3075 narravit
3476 3021 3662 3075 beatus
3694 3024 4027 3079 Athanasius

2454 3106 2786 3162 Alexandriae
2808 3109 3111 3178 episcopus,
3131 3111 3371 3165 scribens
3394 3113 3444 3165 in
3473 3112 3590 3165 Vita
3612 3114 3847 3181 Antonii,
3878 3119 4024 3184 quod

796 3207 960 3260 lectis.
1012 3206 1205 3260 Vivens
1232 3222 1358 3277 ergo
1387 3221 1508 3260 cum
1553 3221 1616 3261 ea
1641 3207 1823 3260 decem
1858 3215 1912 3258 et
1951 3215 2070 3257 octo
2107 3218 2274 3257 annos
2302 3205 2353 3257 in
2383 3190 2427 3251 C
2459 3212 2578 3253 cum
2631 3198 2914 3265 aliquando
2960 3200 3202 3253 monachi
3248 3200 3311 3255 ad
3358 3202 3527 3267 ipsum
3571 3206 3715 3257 missi
3745 3214 3925 3259 essent
3952 3209 4027 3259 ab

798 3294 981 3348 iisdem
1012 3296 1235 3362 mdibus,
1270 3304 1381 3349 toto
1411 3296 1496 3349 die
1527 3295 1748 3349 vacabat
1778 3295 1931 3349 horto
1958 3303 2011 3348 et
2042 3293 2351 3347 balsameto.

795 3380 1123 3449 Operabatnr
1169 3382 1309 3434 enim
1355 3383 1683 3445 balsamum;
1718 3397 1836 3450 quae
1880 3382 2143 3433 balsamns
2193 3379 2355 3433 instar

797 3470 917 3522 vitis
944 3470 1225 3537 plantatur,
1249 3477 1305 3522 ut
1328 3471 1377 3521 in
1409 3485 1507 3537 qua
1535 3470 1755 3523 colenda
1787 3478 1840 3522 et
1873 3468 2096 3535 putanda
2130 3468 2351 3520 multum

799 3559 991 3613 laboris
1020 3568 1264 3627 ponatur.
1298 3558 1523 3627 Vespere
1559 3573 1687 3627 ergo
1715 3559 1929 3612 domum
1958 3558 2278 3626 ingrediens,
2303 3566 2356 3611 et

799 3650 996 3703 fheiens
1028 3650 1294 3703 orationes
1318 3689 1334 3711 ,
1363 3663 1480 3701 cum
1508 3663 1571 3703 ea
1601 3649 1930 3704 comedebat.
1967 3648 2031 3701 Et
2052 3662 2233 3701 rursus
2262 3662 2357 3700 no-

797 3752 1009 3794 cturnas
1029 3755 1213 3809 preces
1240 3740 1482 3804 fundens,
1508 3748 1562 3794 et
1588 3740 1825 3810 synaxitn
1856 3751 2355 3806 peragens,summo

800 3843 954 3882 mane
984 3829 1095 3882 ibat
1122 3827 1174 3881 in
1207 3828 1435 3881 hortum.
1460 3827 1589 3881 Cum
1616 3829 1728 3881 haec
1758 3828 1835 3881 sic
1861 3828 2066 3890 flerent,
2091 3835 2143 3880 et
2169 3840 2354 3893 perve-

798 3919 965 3972 nisset
984 3928 1199 3985 uterque
1230 3917 1291 3968 ad
1324 3917 1762 3985 impatibilitatem
1792 3916 1971 3985 (Caute
1993 3915 2142 3983 lege),
2170 3915 2273 3967 vim
2302 3924 2356 3968 et

796 4007 1085 4061 efficaciam
1116 4006 1349 4059 habuere
1381 4020 1565 4073 preces
1596 4006 1834 4059 Amonis.
1870 4006 2145 4059 Postremo
2180 4015 2354 4057 autem

795 4099 848 4153 ei
874 4096 999 4151 dicit
1028 4096 1114 4149 illa
1143 4096 1295 4149 beata
1320 4112 1333 4149 :
1364 4097 1457 4149 Est
1472 4095 1675 4163 aliquid
1721 4094 1860 4163 quod
1908 4094 1999 4148 tibi
2041 4093 2236 4156 dicam,
2261 4094 2357 4146 do-

797 4188 941 4243 mine
985 4188 1078 4252 mi,
1109 4197 1165 4241 ut
1212 4188 1255 4241 si
1305 4201 1388 4241 me
1434 4186 1687 4252 audieris,
1716 4186 1843 4240 mihi
1892 4186 2046 4253 plane
2096 4186 2359 4239 constabit

795 4278 934 4349 quod
976 4292 1100 4331 vere
1147 4292 1213 4329 ex
1242 4276 1353 4329 Deo
1382 4290 1466 4329 me
1509 4275 1716 4345 diligas.
1766 4275 1814 4329 Is
1841 4290 1967 4329 vero
1994 4275 2040 4327 ei
2069 4276 2235 4329 dicit:
2265 4275 2357 4328 Dic

797 4368 935 4437 quod
964 4367 1112 4422 velis.
1145 4366 1219 4419 Ea
1260 4381 1389 4420 vero
1420 4365 1547 4420 dicit
1591 4366 1663 4419 illi
1690 4381 1703 4418 :
1729 4364 1961 4431 Equum
1998 4373 2079 4417 est
2105 4374 2160 4418 ut
2186 4373 2239 4418 tu
2268 4365 2356 4433 qui

798 4472 854 4511 es
883 4458 963 4511 vir
988 4458 1105 4525 pius
1129 4466 1183 4511 et
1209 4457 1510 4526 religiosus,
1550 4464 1604 4510 et
1633 4469 1851 4510 exerces
1877 4454 2134 4523 justitiam
2153 4494 2169 4520 ,
2199 4464 2253 4508 et
2279 4453 2355 4507 si-

2458 3289 2689 3343 Antonio
2714 3288 2850 3351 (erat
2875 3289 3012 3344 enim
3038 3292 3089 3343 in
3121 3291 3370 3346 interiore
3396 3292 3677 3347 solitudine
3707 3296 4026 3363 Antonius).

2458 3392 2576 3429 cum
2608 3377 2674 3431 ad
2704 3379 2873 3444 ipsum
2918 3380 3203 3442 venissent,
3232 3383 3459 3434 surrexit
3488 3397 3669 3448 senex,
3703 3392 3757 3437 et
3784 3387 4027 3439 ambula-

2457 3467 2545 3519 bat
2567 3482 2685 3520 cum
2710 3468 2809 3521 eis.
2840 3469 2904 3522 Et
2928 3482 3045 3521 cum
3071 3477 3211 3523 esset
3237 3471 3551 3524 transiturus
3574 3471 3768 3541 Lycum
3798 3475 4025 3529 fluvium

2455 3572 2573 3611 cum
2604 3558 2720 3626 ejus
2742 3558 2999 3627 discipulo
3025 3559 3328 3625 Theodoro,
3360 3562 3644 3616 verebatur
3667 3565 3815 3628 exui,
3844 3580 3910 3619 ne
3936 3580 4028 3621 se-

2454 3646 2624 3716 ipsunt
2654 3646 2857 3701 videret
2894 3647 3180 3716 aliquando
3211 3649 3407 3703 nudum
3441 3668 3453 3703 :
3481 3662 3533 3705 et
3559 3651 3757 3707 interea
3798 3654 3921 3709 dum
3952 3656 4027 3712 de

2454 3750 2515 3790 ea
2544 3751 2601 3790 re
2628 3736 2932 3802 dissereret,
2956 3740 3203 3794 inventus
3243 3749 3327 3795 est
3370 3750 3513 3795 trans
3544 3742 3788 3808 fluvium,
3837 3754 3896 3799 ut
3931 3747 4025 3814 qui

2454 3826 2653 3895 absque
2678 3828 2867 3897 cymba
2898 3829 2951 3882 in
2983 3829 3153 3884 extasi
3176 3829 3488 3900 trajecisset,
3523 3834 3805 3888 translatus
3834 3834 3904 3887 ab
3925 3850 4028 3889 an-

2455 3916 2611 3984 gelo:
2639 3917 2832 3972 lratres
2854 3928 3030 3973 autem
3062 3928 3240 3973 natatu
3271 3921 3692 3975 transmiserunt.
3736 3922 4025 3991 Postqmnt

2455 4015 2631 4061 autem
2675 4008 2903 4063 accessit
2925 4008 2991 4063 ad
3023 4010 3306 4063 Antonium
3332 4050 3347 4074 ,
3382 4010 3581 4079 primus
3616 4011 3663 4065 ei
3693 4012 3827 4065 dixit
3853 4014 4027 4066 Anto-

2457 4095 2573 4150 nius
2597 4112 2610 4149 :
2634 4095 2765 4150 Cum
2793 4098 2931 4153 Deus
2952 4098 3079 4151 mihi
3108 4100 3269 4152 multa
3293 4099 3357 4153 de
3386 4108 3438 4153 te
3460 4099 3765 4165 revelasset,
3791 4109 3845 4154 et
3872 4108 4021 4155 tuam

2457 4186 2851 4240 translationem
2899 4186 3027 4240 mihi
3058 4187 3427 4256 significasset,
3453 4195 3505 4241 te
3541 4188 3606 4241 ad
3649 4203 3735 4243 me
3762 4191 4022 4244 accersivi

2457 4277 2779 4341 necessario,
2806 4284 2863 4330 ut
2900 4290 3019 4330 cum
3068 4277 3220 4330 nobis
3261 4278 3481 4331 invicem
3513 4277 3612 4331 frui
3643 4278 3895 4344 licuisset,
3924 4295 4025 4348 pro

2456 4366 2606 4419 nobis
2635 4364 2859 4419 invicem
2889 4364 3361 4420 intercederemus.
3391 4365 3521 4419 Cum
3546 4376 3721 4420 autem
3752 4381 3872 4421 eum
3903 4369 4024 4421 col-

2460 4455 2686 4509 locasset
2717 4455 2771 4508 in
2797 4454 3023 4523 quodam
3055 4454 3171 4508 loco
3198 4454 3352 4524 longe
3378 4463 3644 4524 separato,
3672 4454 3912 4509 hortatus
3940 4468 4025 4511 est

800 4544 992 4598 militer
1028 4558 1125 4613 ego
1157 4544 1243 4612 qui
1279 4544 1520 4596 eamdem
1552 4542 1694 4596 viam
1736 4541 1957 4595 instituti
1997 4556 2113 4596 sum
2150 4550 2352 4607 secuta,
2383 4532 2433 4591 D
2459 4561 2524 4601 ηο
2563 4546 2835 4601 recederet
2882 4554 3003 4601 ante
3043 4546 3461 4601 translationem.
3506 4545 3639 4600 Cum
3686 4556 3863 4601 autem
3906 4546 4028 4616 ipse

799 4647 1035 4686 seorsum
1065 4647 1390 4696 maneamus,
1409 4640 1463 4685 et
1484 4631 1634 4684 multi
1655 4646 1721 4685 ex
1742 4645 1805 4685 eo
1831 4630 2038 4699 capiant
2056 4631 2352 4684 utilitatem.

801 4725 914 4779 Non
944 4739 1036 4792 par
1065 4733 1144 4778 est
1172 4723 1310 4777 enim
1341 4732 1397 4776 ut
1420 4731 1633 4791 propter
1660 4737 1744 4777 me
1773 4730 1913 4776 tanta
1949 4730 2002 4776 et
2030 4722 2152 4775 talis
2180 4722 2356 4776 occul-

803 4824 939 4867 tetur
983 4824 1067 4865 tua
1109 4813 1277 4866 virtus
1321 4811 1667 4881 philosophia
1697 4852 1713 4879 ,
1756 4812 1845 4881 qui
1892 4826 2097 4865 mecum
2145 4819 2357 4878 pr0pter

802 4905 1068 4959 Christum
1103 4904 1375 4958 cohabitas
1406 4905 1455 4957 in
1482 4905 1744 4957 castitate.
1789 4904 1835 4957 Is
1864 4918 1993 4957 vero
2018 4916 2134 4955 cum
2165 4902 2213 4954 ei
2238 4916 2356 4969 gra-

803 4999 901 5049 tias
926 4996 1139 5063 egisset,
1173 5002 1226 5047 et
1250 4994 1469 5060 gloriam
1507 4993 1615 5048 Deo
1646 4993 1893 5056 dedisset,
1922 4993 1968 5046 ei
2001 4990 2126 5045 dicit
2152 5010 2163 5043 :
2191 4991 2355 5044 Recte

802 5085 893 5139 tibi
922 5085 1089 5137 visum
1117 5092 1214 5145 est,
1243 5082 1452 5137 domina
1483 5091 1535 5135 et
1554 5096 1734 5147 soror;
1766 5092 1818 5137 et
1840 5082 1883 5136 si
1906 5082 2005 5136 hoc
2035 5082 2126 5134 tibi
2160 5081 2350 5149 placet,

804 5185 859 5228 tu
909 5174 1099 5227 habeto
1148 5171 1282 5223 hanc
1329 5170 1573 5236 domum;
1654 5187 1752 5244 ego
1819 5188 1947 5228 vero
2012 5171 2214 5236 abibo,
2303 5178 2355 5223 et

799 5265 954 5316 aliam
1002 5261 1130 5316 mihi
1170 5262 1380 5313 domum
1432 5260 1638 5315 faciam.
1686 5260 1782 5324 Qui
1828 5275 1948 5313 cum
1992 5259 2055 5313 ab
2101 5273 2163 5313 ea
2216 5269 2357 5313 esset

799 5364 1065 5417 egressus,
1106 5349 1375 5418 ingressus
1404 5357 1485 5401 est
1521 5350 1571 5402 in
1603 5349 1854 5402 interiora
1902 5348 2097 5401 montis
2140 5348 2353 5413 Nitriae;

801 5439 1030 5493 nonduin
1061 5440 1199 5493 enim
1231 5448 1354 5493 tunc
1385 5440 1490 5492 illic
1517 5449 1666 5493 erant
1691 5438 1979 5506 frequentia
2011 5438 2352 5503 monasteria,

801 5540 855 5584 et
882 5529 978 5583 sibi
1018 5529 1142 5584 fecit
1177 5529 1311 5582 duos
1358 5530 1607 5583 cellarum
1644 5529 1835 5583 tholos.
1880 5530 1945 5582 Et
1982 5544 2100 5583 cum
2140 5528 2354 5582 vixisset

801 5622 931 5674 alios
960 5618 1141 5688 viginti
1169 5621 1299 5673 duos
1326 5632 1513 5682 annos,
1544 5628 1598 5674 et
1630 5628 1770 5675 recte
1797 5635 2053 5675 summam
2092 5621 2349 5675 exercita-

875 5733 890 5761 '
922 5730 1018 5785 Ilic
1045 5734 1115 5785 Or
1146 5732 1239 5787 fuit
1268 5732 1580 5800 Origcnista.

2459 4650 2698 4689 seorsum
2744 4635 2928 4690 fuisset
2972 4644 3369 4690 consummatus
3396 4676 3413 4703 ,
3453 4635 3581 4689 vidit
3612 4637 3871 4690 Antonius
3903 4637 4026 4705 ejus

2462 4728 2692 4781 animam
2714 4726 2764 4781 in
2794 4725 2986 4781 ccelum
3009 4735 3329 4795 assumptam
3355 4728 3420 4781 ab
3441 4726 3658 4795 angelis.
3680 4726 3771 4780 Hic
3791 4738 3870 4780 est
3890 4741 4025 4796 ergo

2459 4818 2651 4882 Amon,
2675 4818 2760 4886 qui
2790 4818 2867 4871 sic
2894 4816 3045 4883 vixit,
3064 4825 3117 4871 et
3136 4817 3213 4871 sic
3236 4816 3385 4870 obiit.
3410 4816 3558 4870 Hunc
3580 4815 3773 4885 Lycum
3798 4814 4021 4870 fluvium

2462 4921 2559 4974 ego
2580 4922 2697 4960 cum
2728 4915 2869 4960 metu
2899 4916 3128 4974 pontone
3154 4905 3434 4973 aliquando
3456 4906 3749 4969 transmisi;
3772 4914 3856 4960 est
3875 4905 4023 4961 enim

2463 4998 2601 5051 fossa
2625 5004 2678 5052 et
2698 4996 2953 5051 derivatio
2982 4997 3153 5065 magni
3186 4995 3311 5049 Nili.

3058 5128 3281 5184 CAPUT
3320 5129 3409 5184 IX.

2915 5239 3028 5292 Vita
3056 5238 3247 5292 abbatis
3275 5240 3290 5270 ¹
3328 5238 3398 5291 0r
3436 5237 3573 5307 (Si).

2531 5350 2585 5402 ln
2616 5348 2715 5403 boc
2742 5357 2920 5404 monte
2942 5349 3123 5404 Nitriae
3149 5348 3239 5403 fuit
3269 5349 3350 5403 vir
3378 5346 3705 5402 admirabilis
3736 5345 3923 5412 abbas,
3949 5346 4022 5403 Or

2458 5440 2691 5506 nomine,
2719 5438 2919 5493 habens
2941 5438 3254 5493 monasteria
3278 5438 3419 5492 mille
3440 5436 3679 5504 fratrum,
3714 5435 3890 5491 habitu
3919 5452 4017 5491 an-

2455 5532 2623 5601 gelico
2652 5530 2901 5600 praeditus
2933 5530 3125 5601 (lium,
3160 5533 3196 5585 ι.
3230 5547 3288 5595 ιι,
3318 5546 3363 5584 c.
3391 5530 3483 5599 2);
3516 5539 3572 5584 ut
3599 5532 3687 5595 qui
3726 5545 3843 5585 cum
3874 5542 4023 5586 esset

2457 5621 2742 5691 nonaginta
2774 5635 2942 5677 annos
2974 5628 3127 5677 natus
3147 5662 3162 5689 ,
3194 5622 3325 5676 nihil
3358 5622 3625 5677 amisisset
3665 5624 3730 5677 de
3768 5636 4020 5691 corpore,
