4258 6358
276 397 427 466 1025

902 512 1153 569 ΚΕΦΑΛ.
1206 515 1287 569 H'.

280 607 423 669 Βιός
454 604 563 657 τοῦ
590 602 764 671 ἁγίου
804 601 1016 670 Ἀμοῦν
1041 602 1139 656 καὶ
1171 601 1282 670 τῆς
1313 602 1527 656 τούτου
1565 602 1863 671 συζύγου.

357 685 531 754 Οὗτος
562 690 749 758 έλεγεν
779 691 874 742 καὶ
905 690 999 743 τὸν
1046 690 1248 759 Ἀμοῦν
1294 689 1519 760 τοιούτῳ
1558 689 1745 757 τρόπῳ
1789 688 1870 757 βε-

279 778 543 833 ϐιωκέναι
564 794 577 807 ο
624 777 889 847 Ὀρφανὸς
915 820 930 844 ,
961 779 1145 848 φησιν,
1192 778 1453 847 ὑπάρχων
1486 778 1763 840 νεανίσκος
1794 776 1869 839 ὡς

281 872 421 923 ἐτῶν
446 870 619 921 είκοσι
654 868 779 933 δύο,
837 867 929 937 βίᾳ
961 868 1111 938 παρά
1146 868 1241 920 τοῦ
1290 868 1418 922 ἰδίου
1467 867 1612 920 θείου
1652 864 1870 934 γυναικὶ

282 955 642 1025 συνεζεῦχθη.
671 956 779 1006 Καὶ
804 954 878 1024 μή
903 953 1150 1023 δυνηθεὶς
1177 953 1497 1023 ἀντιστῆναι
1526 957 1591 1024 τῇ
1610 954 1705 1007 τοῦ
1726 952 1868 1005 θείου

285 1044 526 1114 ἀνάγκῃ,
588 1041 765 1105 ἔδοξεν
831 1040 927 1093 καὶ
976 1039 1396 1108 στεφανοῦσθαι,
1438 1042 1529 1093 καὶ
1582 1043 1641 1093 ἐν
1680 1038 1870 1109 παστῷ

286 1128 650 1193 καθέζεσθαι,
673 1130 766 1181 καί
790 1127 968 1180 πάντα
1002 1128 1372 1197 μεμενηκέναι
1396 1129 1538 1181 κατά
1561 1129 1651 1180 τὸν
1673 1129 1868 1197 γάμον.

286 1218 447 1274 Μετά
478 1218 536 1271 δὲ
568 1216 627 1269 τὸ
653 1215 888 1281 ἐξελθεῖν
922 1215 1130 1278 πάντας
1180 1218 1543 1286 κοιμήσοντας
1577 1217 1778 1278 αὐτοὺς
1815 1215 1872 1266 έν

285 1305 369 1373 τῷ
404 1302 596 1372 παστῷ
620 1306 716 1354 καὶ
736 1306 801 1372 τῇ
839 1301 1018 1370 κλίνῃ,
1044 1303 1282 1366 ἀναστὰς
1309 1304 1336 1354 ὁ
1366 1304 1634 1372 μακάριος
1676 1300 1871 1371 Ἀμοῦν

288 1391 577 1447 ἀποκλείει
598 1389 698 1459 τὴν
733 1388 925 1459 θύραν,
958 1391 1053 1441 καὶ
1091 1389 1320 1452 καθίσας
1352 1389 1741 1459 προσκαλεῖται
1777 1389 1874 1460 τήν

292 1478 572 1551 μακαρίαν
622 1476 789 1529 αὐτοῦ
842 1475 935 1528 καὶ
969 1476 1199 1546 γνησίαν
1256 1476 1527 1546 σύζυγον,
1580 1477 1675 1530 καὶ
1727 1476 1875 1543 λέγει

290 1568 431 1635 αὐτῇ
452 1581 467 1593 ·
495 1564 666 1632 Δεῦρο
694 1563 780 1631 δὴ,
812 1563 977 1632 κυρία
1017 1566 1112 1616 καὶ
1142 1563 1369 1635 ἀδελφή,
1406 1564 1593 1616 λοιπὸν
1621 1564 1877 1634 διηγήσο-

293 1655 395 1722 μαί
433 1667 514 1703 σοι
541 1649 601 1700 τὸ
624 1651 857 1718 πρᾶγμα
881 1664 894 1677 ο
934 1650 962 1700 6
992 1649 1164 1719 γάμος
1210 1649 1269 1701 δν
1311 1651 1672 1719 ἐγαμήσαμεν
1721 1645 1875 1711 οὗτός

293 1743 455 1793 ὲστιν
506 1741 765 1805 περισσὸν
814 1737 952 1805 ἔχων
983 1736 1159 1789 οὐδέν.
1202 1737 1399 1801 Καλῶς
1442 1735 1535 1791 οῦν
1578 1738 1876 1808 ποιήσομεν

288 1828 480 1896 ήμεῖς,
534 1825 629 1876 ἐὰν
668 1824 776 1876 ἀπὸ
821 1823 914 1876 τοῦ
964 1824 1059 1877 νῦν
1096 1823 1327 1889 ἕκαστος
1371 1826 1526 1896 ήμῶν
1578 1826 1696 1879 κατ’
1744 1826 1876 1878 ἰδίαν

294 1913 635 1981 καθευδήσῃ,
670 1911 759 1963 ἵνα
799 1912 893 1963 καὶ
934 1911 1012 1981 τῷ
1061 1912 1285 1983 Χριστῷ
1332 1912 1520 1967 λοιπὸν
1564 1914 1876 1986 ἀρέσωμεν,

291 2000 683 2060 ἐκτελέσαντες
734 1998 957 2050 ἄθικτον
1008 1999 1167 2069 ήμῶν
1227 2000 1328 2069 τήν
1381 2000 1699 2071 παρθενίαν.
1767 2000 1879 2057 Καὶ

292 2086 601 2155 ἐξενεγκὼν
632 2087 699 2138 ὲκ
741 2084 833 2137 τοῦ
876 2085 1080 2138 κόλπου
1123 2086 1326 2151 βιϐλίον
1366 2088 1773 2158 γεγραμμένον,
1804 2087 1880 2151 ώς

296 2177 367 2227 ἐκ
394 2172 691 2244 προσώπου
722 2171 818 2224 τοῦ
837 2173 1136 2225 ἀποστόλου
1167 2177 1261 2226 καὶ
1287 2173 1382 2226 τοῦ
1414 2175 1669 2245 Σωτῆρος
1690 2175 1878 2244 ἀνεγί-

295 2278 508 2315 νωσκεν
531 2264 597 2332 τῇ
633 2261 771 2331 κόρῃ
810 2259 1023 2330 ἀπείρῳ
1050 2258 1185 2331 οῦσῃ
1226 2260 1456 2332 Γραφῶν
1482 2277 1496 2291 ο
1539 2262 1601 2314 τὸ
1629 2261 1879 2315 πλεῖστον

298 2349 469 2421 μέρος
512 2347 613 2417 τῆς
649 2345 1012 2414 ἀναγνώσεως
1070 2347 1385 2417 προστιθεὶς
1432 2348 1542 2402 ἀπὸ
1595 2350 1695 2419 τῆς
1745 2349 1879 2413 ἰδίας

298 2435 665 2490 θεοπνεύστου
686 2435 949 2499 διανοίας,
967 2435 1059 2487 τὸν
1082 2436 1211 2504 περὶ
1232 2434 1526 2504 παρθενίας
1549 2436 1642 2488 καὶ
1660 2436 1879 2503 ἁγνείας

298 2523 697 2594 είσηγούμενος
724 2523 862 2593 αὐτῇ
889 2522 1031 2592 βίον·
1065 2523 1141 2586 ὡς
1180 2526 1247 2593 τῇ
1296 2523 1478 2593 χάριτι
1514 2523 1609 2575 τοῦ
1641 2523 1879 2594 Χριστοῦ

298 2609 815 2680 πληροφορηθεῖσαν
846 2609 1061 2678 ἐκείνην
1094 2611 1266 2661 εἰπεῖν
1293 2624 1307 2640 ⁶
1338 2608 1511 2676 Κάγὼ
1541 2609 1877 2678 πέπεισμαι,

299 2697 463 2769 κύριέ
498 2714 635 2766 μου,
669 2695 761 2747 τὸν
798 2696 961 2762 ἀγνὺν
998 2697 1111 2764 βίον
1140 2694 1307 2765 ήδέως
1356 2694 1544 2766 βιοῦσα
1572 2736 1586 2759 ,
1619 2695 1716 2748 καὶ
1744 2696 1796 2748 εί
1831 2714 1881 2749 τι

298 2783 570 2849 κελεύεις,
593 2783 751 2836 τοῦτο
768 2785 984 2853 ποιήσω
1010 2784 1222 2837 λοιπόν.
1261 2783 1319 2836 '0
1344 2784 1421 2851 δὲ,
1448 2783 1618 2837 Τοῦτο
1649 2783 1878 2852 κελεύω,

297 2876 459 2943 φησὶ,
496 2874 589 2925 καὶ
623 2872 953 2943 παρακαλῶ,
986 2872 1077 2924 ἵνα
1101 2870 1333 2934 ἕκαστος
1358 2873 1514 2942 ήμῶν
1538 2872 1647 2926 ἀπὸ
1673 2873 1767 2927 τοῦ
1790 2874 1883 2927 νῦν

297 2963 425 3016 κατ’
447 2961 582 3013 ἰδίαν
610 2962 767 3031 μένῃ.
805 2961 871 3013 'll
901 2961 958 3012 δὲ
982 2960 1081 3012 οὐκ
1110 2960 1368 3030 ήνέσχετο
1390 2962 1620 3014 εἰποῦσα
1649 2979 1678 3032 χ
1697 2961 1784 3015 Ἐν
1806 2962 1883 3033 τῷ

295 3048 449 3120 αὐτῷ
478 3050 613 3119 οἴκῳ
632 3048 925 3118 μείνωμεν,
957 3050 1013 3099 ἐν
1044 3048 1321 3117 διαφόροις
1343 3048 1400 3101 δὲ
1431 3048 1662 3111 κλίναις.
1698 3050 1879 3119 Ζήσας

296 3136 395 3192 οὖν
425 3140 540 3209 μετ’
573 3138 744 3208 αὐτῆς
775 3138 833 3189 ἐν
857 3137 934 3207 τῷ
964 3135 1112 3206 αὐτῷ
1137 3136 1272 3206 οἴκῳ
1299 3137 1394 3207 έτη
1431 3136 1562 3191 δέκα
1592 3136 1759 3201 ὀκτὼ,
1790 3139 1878 3192 διὰ

296 3228 483 3295 ⁶πάσης
510 3226 721 3296 ήμέρας
748 3224 1040 3293 ἐσχόλαζεν
1072 3225 1130 3275 ὲν
1152 3222 1231 3291 τῷ
1256 3224 1419 3293 κήπῳ
1456 3225 1550 3277 καὶ
1572 3224 1649 3294 τῷ
1674 3224 1875 3293 βαλσα-

302 3315 462 3385 μῶνι’
494 3314 907 3382 βαλσαμουργὸς
935 3312 1045 3381 γάρ
1069 3307 1155 3381 ἦν’
1184 3311 1305 3380 ήτις
1330 3310 1603 3379 βάλσαμος
1634 3314 1878 3381 ἀμπέλου

296 3404 455 3473 δίκην
485 3400 796 3470 φυτεύεται,
819 3401 1204 3470 γεωργουμένη
1242 3400 1335 3451 καὶ
1361 3400 1750 3469 κλαδευομένη,
1780 3418 1881 3453 110-

299 3492 399 3543 λὺν
426 3492 625 3559 ἐχουσα
648 3491 826 3541 πόνον.
866 3489 1137 3557 Ἐσπέρας
1158 3486 1251 3540 οὖν
1279 3488 1658 3557 εἰσερχόμενος
1692 3491 1771 3552 εἰς
1792 3490 1884 3543 τὸν

298 3578 471 3645 οίκον,
502 3584 594 3632 x1".
622 3582 789 3632 ποιών
812 3582 998 3649 εὐχάς,
1028 3580 1213 3649 ’ήσθιεν
1238 3581 1356 3649 μετ’
1386 3581 1579 3648 αὐτῆς,
1610 3581 1704 3632 καὶ
1724 3580 1885 3633 πάλιν

299 3669 620 3739 νυκτερινὰς
659 3668 827 3720 ποιῶν
856 3669 1022 3737 εὐχὰς
1068 3668 1161 3720 καὶ
1216 3666 1462 3730 συνάξεις
1495 3708 1509 3731 ,
1562 3666 1667 3719 ὐπὸ
1716 3666 1884 3735 βαθὺν

298 3760 500 3830 ὄρθρον
526 3759 675 3810 ἀπίει
700 3759 777 3819 εἰς
812 3758 899 3809 τὸν
926 3757 1121 3825 κῆπον.
1150 3755 1365 3807 Τούτων
1393 3754 1563 3817 οῦτως
1598 3757 1882 3807 ἐπιτελου-

312 3848 512 3915 μένων,
562 3847 652 3897 καὶ
698 3845 1024 3914 ἀμφοτέρων
1074 3845 1152 3905 είς
1196 3843 1467 3895 ἀπάθειαν
1521 3843 1881 3912 έληλακότων,

302 3937 614 4004 ἐνήργησαν
665 3934 722 3985 αἱ
774 3934 930 4001 εὐχαὶ
984 3930 1078 3982 τοῦ
1112 3930 1268 3997 ἁγίου
1313 3928 1535 3999 Ἀμοῦν,
1589 3932 1682 3983 καὶ
1736 3929 1885 3998 λέγει

302 4022 452 4091 αὐτῴ
481 4023 549 4072 τὰ
579 4021 864 4071 τελευταῖα
909 4020 941 4088 ή
978 4022 1268 4085 μακαρῖτις
1299 4018 1505 4087 ἐκείνη’
1539 4019 1686 4087 Ἐχω
1718 4017 1799 4070 σοί
1834 4036 1885 4070 τι

316 4112 511 4173 εἰπεῖν,
550 4108 704 4174 κύριέ
742 4120 880 4175 μου·
935 4106 1043 4168 ἵνα,
1077 4105 1141 4156 άν
1178 4121 1277 4173 μου
1310 4104 1568 4173 ἀκούσῃς,
1615 4108 1885 4173 πληροφο-

304 4197 457 4269 ρηθῶ
487 4196 567 4247 ὃτι
597 4196 765 4257 ὅντως
797 4192 938 4246 κατὰ
971 4193 1105 4245 Θεὸν
1145 4193 1364 4262 ἀγαπᾷς
1399 4210 1487 4261 με.
1527 4194 1688 4259 Λέγει
1723 4196 1884 4263 αὐτῇ,

304 4284 438 4335 Ειπὲ
488 4283 515 4334 ὃ
566 4282 771 4350 βούλει·
804 4281 951 4350 λέγει
977 4280 1122 4350 αὐτῷ
1158 4298 1169 4311 ο
1218 4280 1436 4331 Δίκαιόν
1484 4282 1599 4333 ἐστι
1656 4286 1886 4349 πρᾶγμα

308 4371 479 4441 ἄνδρα
529 4386 587 4420 σε
619 4369 747 4421 ὄντα
792 4369 1019 4438 θεοσεϐῆ
1062 4369 1155 4419 καὶ
1184 4366 1529 4437 δικαιοσύνην
1583 4369 1880 4433 ἀσκοῦντα,

302 4459 507 4529 ὁμοίως
545 4458 601 4509 δὲ
634 4456 726 4509 καὶ
760 4456 860 4527 ἐμὲ
904 4454 1244 4527 ἐζηλωκυῖαν
1288 4457 1386 4524 τὴν
1432 4456 1603 4525 αὐτήν
1636 4471 1718 4506 σοι
1769 4456 1885 4508 ὁδὸν

304 4546 429 4599 κατ’
462 4546 597 4598 ἰδίαν
630 4546 837 4616 μένειν,
869 4546 963 4598 καὶ
996 4546 1221 4609 πολλοὺς
1264 4544 1613 4613 ὠφελεῖσθαι.
1648 4544 1884 4597 Ἄτοπον

304 4636 416 4705 γάρ
442 4636 561 4686 ἐστι
589 4633 657 4685 δι’
695 4633 793 4703 ὲμὲ
836 4632 1177 4703 κρύπτεσθαί
1211 4648 1305 4683 σου
1358 4631 1457 4701 τὴν
1493 4632 1761 4702 τοσαύτην
1794 4635 1885 4686 καὶ

305 4721 566 4791 τοιαύτην
616 4722 819 4791 ἀρετὴν
867 4720 968 4789 τῆς
1003 4720 1341 4788 φιλοσοφίας,
1398 4719 1753 4773 συνοικοῦντά
1798 4739 1886 4789 μοι

305 4811 393 4864 διά
418 4811 509 4863 τὸν
542 4811 744 4881 Κύριον
771 4813 827 4862 εν
853 4811 1067 4880 ἁγνείᾳ..
1110 4808 1168 4861 Ὀ
1200 4810 1257 4861 δὲ
1296 4809 1695 4878 εὐχαριστήσας
1726 4811 1885 4879 αὐτῇ,

306 4905 404 4956 καὶ⁵
436 4901 682 4965 δεδωκὼς
718 4900 875 4963 δόξαν
918 4898 995 4970 τῷ
1026 4898 1167 4965 Θεῷ,
1197 4898 1344 4965 λέγει
1378 4900 1514 4968 αὐτῇ
1535 4913 1550 4928 ⁶
1580 4898 1773 4961 Καλῶς
1807 4917 1888 4951 σοι

306 4990 509 5054 ἔδοξεν,
540 4990 705 5059 κυρία
731 4989 824 5042 καί
850 4987 1078 5057 ἀδελφή.
1118 4986 1227 5039 Kal
1260 4986 1308 5037 εί
1342 4984 1497 5037 τοῦτό
1529 5002 1611 5037 σοι
1641 4987 1884 5056 ἀρέσκει,

309 5077 401 5145 ἔχε
427 5078 489 5128 σὺ
523 5076 713 5128 τοῦτον
744 5076 835 5127 τὸν
861 5070 1029 5138 οἷκον,
1055 5075 1166 5141 έγὼ
1192 5072 1249 5123 δὲ
1280 5070 1533 5125 ἀπελθὼν
1554 5076 1765 5143 ποιήσω
1798 5093 1888 5144 μοι

309 5166 502 5231 ἕτερον
533 5160 701 5216 οἷκον.
738 5163 847 5215 Kal
878 5160 1112 5225 ἐξελθὼν
1143 5161 1239 5212 ἀπ’
1268 5160 1436 5228 αὐτῆς
1461 5160 1711 5231 εἰσῆλθεν
1744 5164 1887 5214 ἐνδό-

309 5269 470 5324 τερον
490 5253 583 5305 τοῦ
613 5254 712 5323 τῆς
746 5252 976 5322 Νιτρίας
1000 5251 1180 5319 ὅρους.
1207 5248 1371 5301 Οὔπω
1393 5248 1501 5320 γὰρ
1532 5245 1599 5320 ἦν
1622 5253 1737 5302 ἐκεῖ
1764 5252 1886 5305 τότε

312 5344 511 5413 συνεχῆ
576 5342 935 5412 μοναστήρια.
987 5339 1277 5407 Οἰκοδομεῖ
1332 5337 1509 5408 έαυτῷ
1542 5338 1637 5390 δύο
1699 5339 1887 5405 θόλους

311 5432 563 5495 κελλίων,
594 5431 687 5483 καὶ
718 5430 918 5499 βιώσας
959 5427 1096 5481 ἀλλα
1140 5428 1310 5479 εἴκοσι
1359 5430 1452 5479 καὶ
1491 5427 1583 5479 δύο
1606 5428 1697 5500 ἐτη
1728 5434 1785 5483 ἐν
1819 5434 1885 5503 τῇ

313 5522 529 5592 ἐρήμῳ,
554 5520 649 5571 καί⁵
676 5518 1029 5586 κατορθώσας
1050 5518 1129 5579 είς
1158 5516 1325 5585 ἀκρον
1351 5516 1446 5586 τήν
1472 5516 1571 5585 τῆς
1598 5518 1887 5589 ἀσκήσεως

313 5612 534 5683 ἀρετήν,
586 5613 644 5662 ἐν
677 5611 754 5680 τῷ
789 5611 1012 5678 μονήρει
1062 5609 1160 5679 βίῳ
1194 5606 1508 5672 ἐτελεύτησε
1547 5624 1560 5637 ⁸
1598 5611 1790 5678 μᾶλλον
1830 5612 1886 5665 δὲ

316 5699 585 5770 ἐκοιμήθη
624 5702 650 5753 6
702 5699 854 5767 ἅγιος
911 5698 1109 5768 Ἀμοῦν
1133 5736 1148 5762 ,
1182 5700 1315 5752 ἐτῶν
1351 5699 1608 5769 ἐξήκοντα
1647 5703 1757 5771 δύο,
1807 5707 1886 5770 δίς

316 5790 410 5842 οῦτ
440 5789 591 5854 ἔτους
624 5792 764 5862 ὀρῶν
800 5792 898 5861 τὴν
928 5792 1205 5861 μακαρίαν
1233 5793 1459 5862 σύμϐιον
1489 5796 1675 5851 αὐτοῦ.

635 5891 903 5948 ΡΑτιιοι..
956 5890 1069 5949 Gn.
1116 5888 1383 5952 XXXIV.

1537 404 1895 465 HISTORIA
1933 402 2320 465 LAUSIACA.

1913 4534 1965 4593 D

3406 395 3543 462 1026

1899 521 1947 580 Α
2043 534 2223 587 Μόνου
2264 534 2357 587 οῦν
2396 529 2561 587 αὑτοῦ
2607 532 2664 586 έν
2712 534 2834 595 ταῖς
2881 530 3134 601 Νιτρίαις
3177 530 3537 601 ὑπάρχοντος,

1971 622 2227 691 φέρουσιν
2250 622 2414 674 παῖδα
2450 619 2733 672 λυσσῶντα
2764 620 2898 689 πρὸς
2932 618 3116 684 αὐτὸν,
3143 618 3367 672 ἁλύσεσι
3393 618 3540 669 δεδε-

1973 710 2134 778 μένον
2154 725 2168 737 '
2197 708 2405 761 λυσσῶν
2433 708 2540 777 γὰρ
2578 708 2740 776 δήξας
2768 706 2931 769 κύων,
2979 707 3171 777 ἐκείνῳ
3206 709 3305 775 τὴν
3339 706 3539 758 λύσσαν

1977 796 2299 863 μετέδωκεν.
2353 796 2727 864 Ἐσπάρασσεν
2751 791 2843 848 οὖν
2876 794 3067 846 ἑαυτὸν
3090 795 3230 859 ὅλον,
3254 795 3489 863 ἀφορήτι
3512 809 3540 856 ς

1971 880 2108 949 έχων
2134 882 2194 934 τὸ
2228 881 2419 944 πάθος.
2463 882 2547 944 Ὠς
2576 880 2705 949 γοῦν
2737 882 2842 933 ἴδεν
2865 880 3028 933 αὐτοῦ
3047 882 3171 943 τοὺς
3206 883 3382 949 γονεῖς
3405 881 3540 950 πρὸς

1970 968 2069 1038 τὴν
2126 971 2335 1022 ίκεσίαν
2379 968 2715 1040 χωροῦντας,
2746 969 2809 1020 Τί
2855 986 2943 1038 μοι
2992 968 3195 1031 κόπους
3249 968 3540 1037 παρέχετε,

1974 1059 2158 1126 φησὶν,
2191 1051 2236 1111 ὧ
2259 1056 2557 1128 ἄνθρωποι,
2586 1056 2653 1109 τά
2682 1055 2824 1126 ὑπὲρ
2856 1057 2954 1125 τὴν
2993 1056 3133 1127 ἐμὴν
3163 1056 3320 1120 ἀξίαν
3353 1053 3546 1123 ἐπιςη-

1971 1145 2188 1209 τοῦντες
2209 1186 2224 1212 ,
2256 1144 2471 1214 ἔχοντες
2507 1141 2601 1198 οῦν
2632 1147 2688 1198 έν
2716 1146 2871 1215 χερσί⁵
2913 1145 2973 1196 τὸ
3008 1144 3291 1214 βοήθημα;
3318 1143 3543 1197 ἀπόδοτε

1974 1233 2080 1302 γὰρ
2106 1235 2170 1302 τῇ
2206 1233 2349 1302 χήρᾳ
2375 1232 2465 1284 τὸν
2496 1231 2623 1301 βοῦν
2646 1231 2703 1283 ὂν
2738 1230 3010 1299 λαθραίως
3038 1231 3425 1293 ἀπεκτείνατε,
3453 1231 3545 1280 καὶ

1976 1318 2135 1390 ὑγιὴς
2165 1321 2290 1387 ὑμῖν
2317 1321 2344 1371 6
2372 1322 2499 1381 παῖς
2526 1318 2939 1389 ἀποδοθήσεται.
2982 1320 3043 1371 Ol
3083 1318 3137 1370 δέ
3169 1318 3245 1379 ὡς
3284 1316 3548 1386 ἠλέγχθη-

1977 1424 2095 1471 σαν,
2132 1406 2415 1477 χαίροντες
2439 1410 2658 1460 ἐποίουν
2680 1410 2747 1460 τὰ
2773 1405 3210 1476 προσταχθέντα,
3241 1403 3338 1457 τοῦ
3362 1404 3549 1466 παιδὸς

1976 1495 2297 1563 ὐγιάναντος
2325 1495 2626 1564 εὐξαμένου
2656 1494 2841 1549 αὐτοῦ.

2051 1583 2233 1635 ’Ἀλλοι
2265 1583 2320 1635 δὲ
2351 1584 2604 1653 παρῆσαν
2631 1584 2768 1653 πρὸς
2800 1581 2963 1635 αὐτὸν
2985 1580 3328 1647 ἐπισκέψεως
3351 1580 3516 1632 ἓνεκα
3534 1592 3547 1606 ’

1979 1669 2116 1739 πρὸς
2145 1666 2245 1730 οὒς
2272 1666 2584 1737 δοκιμάζων
2610 1668 2708 1739 τὴν
2737 1669 2963 1737 γνώμην
2987 1661 3172 1718 ἀὐτῶν
3205 1669 3232 1717 6
3265 1666 3403 1734 ἀνὴρ
3434 1666 3551 1717 ἔλε-

1979 1774 2073 1826 γεν
2097 1772 2110 1787 ⁶
2142 1758 2304 1811 Πίθον
2343 1777 2433 1828 μοι
2460 1758 2553 1811 ἕνα
2581 1758 2866 1827 κομίσατε,
2904 1757 2991 1809 ἵνα
3032 1755 3141 1824 ἔχω
3176 1754 3317 1823 ὕδωρ
3371 1754 3553 1806 ἰκανὸν

1907 1850 1951 1909 Β
1981 1846 2114 1916 πρὸς
2153 1847 2419 1916 ὑποδοχὴν
2452 1846 2559 1897 τῶν
2590 1846 2923 1914 ἐρχομένων.
2961 1844 3023 1894 Οἱ
3053 1843 3110 1894 δὲ
3152 1842 3449 1910 ὑπέσχοντο
3486 1841 3552 1892 δι’

1978 1935 2158 1988 αὐτῶν
2191 1938 2454 2004 ἐνεγκεῖν.
2489 1931 2901 2002 Μεταμεληθείς
2936 1931 2991 1983 δὲ
3020 1933 3047 1983 6
3088 1930 3273 1996 ἕτερος
3306 1946 3553 1997 παραγε-

1979 2024 2205 2093 νόμενος
2237 2024 2316 2086 εἰς
2346 2022 2445 2093 τὴν
2479 2021 2696 2091 κώμην,
2726 2019 2874 2085 λέγει
2929 2017 3004 2087 τῷ
3036 2018 3238 2088 έτέρῳ’
3270 2018 3385 2068 Οὐκ
3414 2017 3551 2067 ἀπο-

1978 2110 2155 2164 κτενῶ
2188 2127 2290 2181 μου
2339 2109 2437 2179 τὴν
2482 2108 2750 2178 κάμηλον,
2799 2107 2920 2159 οὐδὲ
2958 2104 3242 2174 ἐπιτίθημι
3273 2104 3362 2156 τὸν
3398 2104 3555 2156 πίθον

1980 2199 2069 2252 ἐπ’
2105 2197 2295 2269 αὐτὴν,
2328 2197 2416 2249 ἵνα
2450 2197 2525 2267 μὴ
2570 2195 2841 2265 ἀποθάνῃ.
2894 2192 3159 2255 Ἀκούσας
3212 2191 3269 2245 δὲ
3322 2191 3495 2244 ταῦτα
3526 2194 3555 2245 6

1977 2287 2158 2352 ἀλλος,
2191 2287 2290 2351 τὰς
2329 2286 2538 2347 οἰκείας
2568 2282 2869 2349 ὑποζεύξας
2896 2282 3074 2347 ὅνους,
3102 2279 3285 2351 πολλῷ
3323 2280 3555 2351 καμάτῳ

1977 2374 2069 2429 τὸν
2108 2375 2264 2428 πίθον
2295 2375 2629 2443 ἀπήνεγκεν.
2680 2369 2974 2442 Προλαϐὼν
3016 2370 3074 2423 δέ
3104 2368 3266 2422 αὐτὸν
3289 2371 3318 2420 6
3355 2367 3556 2437 Ἀμοῦν

1979 2460 2131 2516 εἶπεν
2157 2477 2172 2492 ⁹
2199 2462 2264 2515 Τί
2296 2462 2378 2514 ὃτι
2425 2462 2460 2531 ή
2498 2458 2745 2530 κάμηλος
2780 2456 2873 2510 τοῦ
2912 2456 3101 2527 ἐτέρου
3142 2473 3236 2508 σου
3269 2454 3552 2523 τέθνηκεν,

1979 2553 2081 2614 ἕως
2119 2552 2241 2603 ὅτου
2266 2550 2330 2601 σὺ
2366 2547 2599 2602 ἐνταῦθα
2642 2546 3062 2618 παραγέγονας;
3110 2544 3166 2597 Ὁ
3197 2544 3253 2597 δὲ
3288 2542 3556 2613 ὑποστρέ-

1979 2642 2111 2711 ψας,
2145 2636 2300 2710 εὗρεν
2320 2638 2490 2710 αὐτὴν
2513 2639 2621 2693 ἀπὸ
2658 2637 2839 2690 λύκων
2871 2634 3248 2707 βεϐρωμένην.
3292 2633 3472 2687 Πολλά
3493 2650 3555 2685 τε

1984 2728 2081 2784 καὶ
2102 2728 2238 2784 ἀλλα
2264 2728 2291 2779 6
2318 2720 2459 2799 ἀνὴρ
2484 2724 2833 2796 διεπράξατο.

2051 2816 2254 2871 Τούτου
2283 2816 2466 2886 θαῦμα
2494 2815 2796 2885 διηγήσατο
2822 2814 2851 2868 6
2874 2812 3145 2883 μακάριος
3187 2808 3503 2872 Ἀθανάσιος
3529 2810 3559 2861 6

1981 2906 2279 2969 ἐπίσκοπος
2354 2902 2793 2972 Ἀλεξανδρείας,
2874 2899 3093 2971 γράψας
3147 2899 3227 2961 εἰς
3276 2898 3368 2951 τὸν
3428 2897 3559 2967 περὶ

1994 2992 2282 3048 Ἀντωνίου
2318 2991 2454 3061 βίον,
2486 2991 2678 3059 ὃτιπέρ
2705 3004 2836 3041 ποτε
2859 2986 3106 3058 μοναχῶν
3138 2984 3559 3039 ἀποσταλέντων

1983 3083 2136 3152 παρά
2177 3080 2465 3134 Ἀντωνίου
2500 3079 2637 3148 πρὸς
2671 3077 2855 3140 αὐτὸν,
2902 3078 2998 3129 καὶ
3032 3074 3342 3143 φωνοῦντες
3374 3073 3557 3126 αὐτόν.

1904 3192 1946 3251 c
1983 3166 2090 3223 Ἦν
2112 3168 2220 3239 γὰρ
2252 3169 2311 3222 ἐν
2335 3170 2401 3238 τῇ
2452 3165 2701 3235 ἐσωτέρᾳ
2737 3164 2931 3235 ἐρήμῳ
2953 3166 2980 3215 ὁ
3022 3162 3328 3227 Ἀντώνιος.
3380 3159 3468 3223 Ὦς
3502 3160 3561 3213 δὲ

1982 3259 2218 3313 ἀπίεσαν
2253 3256 2390 3327 πρὸς
2423 3256 2605 3319 αὐτὸν,
2639 3255 2875 3315 ἀναστὰς
2902 3254 2930 3304 6
2958 3252 3137 3322 γέρων
3168 3247 3561 3319 συνεπορεύετο

1985 3349 2167 3408 αὐτοῖς
2197 3361 2209 3375 ’
2263 3346 2344 3397 ὅτι
2375 3340 2749 3413 παρέρχεσθαί
2798 3356 2930 3392 ποτε
3002 3338 3211 3409 μέλλων
3245 3338 3338 3389 τὸν
3383 3337 3562 3389 Λύκον

1985 3434 2229 3502 ποταμὸν
2274 3435 2390 3501 ἀμα
2437 3430 2698 3500 Θεοδώρῳ
2760 3429 2976 3500 μαθητῇ
3029 3426 3218 3492 αὐτοῦ,
3281 3423 3564 3477 εὐλαϐεῖτο

1986 3520 2379 3583 ἀποδύσασθαι,
2404 3519 2492 3570 ῐνα
2522 3519 2596 3587 μὴ
2620 3517 2825 3586 γυμνὸν
2852 3516 3044 3567 ἑαυτὸν
3080 3514 3166 3584 ίδῃ
3190 3512 3343 3567 ποτέ.
3375 3514 3482 3566 Kal
3503 3513 3563 3563 ὲν

1986 3613 2061 3682 τῷ
2083 3612 2363 3680 διαπορεῖν
2385 3609 2546 3660 αὐτὸν
2568 3608 2645 3669 εἰς
2673 3607 2733 3658 τὸ
2754 3605 2927 3675 πέραν
2951 3604 3151 3675 εὑρέθη
3175 3601 3267 3654 τοῦ
3289 3599 3563 3670 ποταμοῦ,

1986 3703 2060 3762 ὼς
2093 3702 2150 3751 ὲν
2180 3699 2434 3751 ἐκστάσει
2463 3696 2710 3764 περάσας
2746 3696 2869 3766 δίχα
2911 3693 3159 3766 πορθμοῦ
3188 3696 3291 3746 ὐπὸ
3313 3693 3564 3762 ἀγγέλων

1989 3787 2355 3857 μετενεχθείς.
2387 3787 2449 3838 Ol
2479 3786 2534 3837 δὲ
2566 3785 2787 3853 ἀδελφοὶ
2816 3784 3075 3854 κολύμϐῳ
3101 3781 3560 3853 διεπόρθμευσαν.

1998 3875 2086 3938 Ὠς
2115 3876 2171 3927 δὲ
2198 3874 2530 3945 παρεγένετο
2553 3874 2687 3942 πρὸς
2727 3872 3031 3933 Ἀντώνιον,
3057 3870 3271 3941 πρῶτος
3298 3870 3325 3921 ὁ
3363 3869 3564 3921 Ἀντώ-

1988 3981 2099 4026 νιος
2122 3961 2273 4016 εἶπεν
2304 3965 2441 4033 πρὸς
2479 3963 2662 4014 αὐτόν·
2690 3960 2798 4013 Τοῦ
2824 3960 2958 4012 Θεοῦ
2994 3959 3445 4028 ἀποκαλύψαντός
3472 3974 3563 4027 μοι

1988 4052 2159 4104 πολλὰ
2197 4052 2326 4121 περὶ
2363 4049 2480 4117 σοῦ,
2512 4054 2605 4102 καὶ
2634 4049 2734 4117 τὴν
2786 4047 3077 4117 μετάθεσίν
3101 4063 3193 4098 σου
3222 4046 3564 4116 δηλώσαντος

1993 4159 2106 4211 μοι,
2137 4140 2450 4207 ἀναγκαίως
2494 4155 2553 4191 σε
2589 4138 2727 4207 πρὸς
2759 4137 2999 4206 ἐμαυτὸν
3045 4137 3561 4207 προσεκαλεσάμην,

1990 4231 2079 4282 ἵνα
2106 4229 2351 4298 ἀλλήλων
2378 4226 2808 4290 ἀπολαύσαντες,
2844 4226 2982 4294 ὑπὲρ
3018 4224 3263 4293 ἀλλήλων
3293 4225 3565 4294 πρεσϐεύ⁹

1992 4332 2196 4384 σωμεν.
2236 4315 2414 4376 Ἰάξας
2446 4315 2489 4365 δ’
2534 4315 2695 4364 αὐτὸν
2740 4316 2797 4365 ἐν
2837 4314 2987 4381 τόπῳ
3032 4315 3138 4363 τινὶ
3168 4313 3564 4383 κεχωρισμένῳ

1992 4405 2230 4473 μακράν,
2276 4404 2351 4472 μὴ
2407 4404 2710 4470 ἀναχωρεῖν
2748 4399 2957 4452 ἐκεῖθεν
2989 4400 3155 4469 μέχρι
3193 4402 3291 4468 τῆς
3326 4400 3560 4469 μεταθέο

1992 4510 2129 4555 σεως
2155 4491 2551 4561 προετρέψατο.
2578 4490 2971 4552 Τελειωθέντος
3009 4490 3069 4541 δὲ
3096 4489 3262 4542 αὐτοῦ
3293 4492 3434 4542 κατὰ
3467 4492 3564 4559 μό·-

1990 4599 2106 4647 νας,
2150 4584 2256 4637 ῖδεν
2297 4582 2461 4635 αὐτοῦ
2507 4585 2603 4653 τὴν
2628 4580 2806 4650 ψυχὴν
2846 4579 2875 4629 6
2917 4578 3201 4641 Ἀντώνιος
3241 4578 3562 4647 ἀναλαμϐα-

1989 4674 2220 4743 νομένην
2251 4674 2333 4734 εἰς
2377 4672 2466 4725 τὸν
2496 4671 2722 4740 οὐρανὸν
2752 4670 2856 4722 ὐπὸ
2895 4669 3163 4737 ἀγγέλων.
3207 4661 3375 4731 Οὗτός
3414 4671 3564 4721 ἐστιν

1988 4766 2016 4815 6
2053 4759 2271 4829 Ἀμοῦν,
2308 4761 2338 4811 6
2385 4758 2559 4819 οὕτως
2596 4757 2818 4827 βιώσας,
2854 4758 2948 4810 καὶ
2992 4755 3167 4819 οὓτως
3207 4756 3560 4827 τελευτήσας.

1990 4854 2065 4915 ὡς
2112 4852 2203 4903 τὸν
2246 4850 2512 4920 μακάριον
2552 4848 2839 4901 Ἀντώνιον
2887 4847 2984 4917 τὴν
3016 4847 3193 4917 ψυχήν
3227 4848 3392 4901 αὐτοῦ
3435 4848 3565 4901 ίδεῖν

1990 4944 2095 4995 ὑπὸ
2144 4942 2394 5011 ἀγγέλων
2442 4941 2785 5011 ἀναγομένην
2817 4942 2896 5003 εἰς
2931 4940 3021 4993 τὸν
3070 4939 3321 5009 οὐρανόν.
3362 4938 3565 4991 Τοῦτον

1986 5032 2079 5084 τὸν
2112 5032 2290 5084 Λύκον
2332 5030 2575 5097 ποταμὸν
2608 5030 2747 5097 μετά
2784 5027 2986 5089 δειλίας
3024 5025 3137 5094 ἐγὼ
3160 5027 3393 5098 πορθμῷ
3416 5044 3565 5096 παρη

1989 5122 2150 5192 ᾖλθόν
2175 5137 2329 5172 ποτε.
2354 5117 2565 5187 Διώρυξ
2594 5117 2700 5187 γάρ
2732 5118 2848 5169 ἐστι
2872 5116 2968 5169 τοῦ
2992 5117 3233 5185 μεγάλου
3274 5116 3480 5173 Νείλου.

2579 5223 2827 5275 ΚΕΦΑΛ.
2886 5222 2962 5274 Θ’.

2449 5326 2591 5391 Βίος
2628 5326 2733 5378 τοῦ
2772 5323 2923 5379 ἀϐϐᾶ
2957 5325 3081 5391 "Dp.

2074 5438 2159 5492 ‘Ev
2186 5436 2265 5507 τῷ
2294 5436 2409 5506 ὄρει
2438 5435 2613 5505 τούτῳ
2641 5433 2737 5504 τῆς
2765 5432 2813 5486 Ν
2822 5432 2996 5505 ιτρίας
3025 5432 3250 5501 γέγονεν
3290 5430 3431 5499 ἀνήρ
3473 5441 3564 5490 τις

1990 5528 2315 5596 θαυμάσιος,
2351 5524 2500 5580 ἀϐϐἀ
2544 5524 2645 5595 Ὢρ
2679 5525 2852 5593 ὄνομα
2878 5521 2991 5592 (30)
3025 5519 3197 5590 αὐτῷ,
3225 5519 3423 5588 Πατὴρ
3457 5534 3557 5586 μοι

1990 5623 2085 5684 νάς
2113 5622 2249 5691 ἔχων
2274 5619 2517 5687 ἀδελφῶν
2542 5616 2749 5687 χιλίων,
2782 5615 2967 5684 σχῆμα
2997 5611 3218 5681 ἔχοντας
3249 5605 3559 5691 ἀγγελικδν.

1990 5688 2311 5780 ἐνενήκοντα
2343 5708 2437 5778 ἔτη
2467 5724 2568 5759 που
2593 5706 2874 5774 ὑπάρχων,
2924 5703 3021 5754 οὐκ
3049 5699 3353 5754 ἀπεϐάλετο
3376 5699 3440 5750 ἐκ
3468 5688 3562 5749 τοῦ

1991 5799 2231 5869 πλήθους
2273 5796 2368 5850 τοῦ
2414 5795 2685 5867 σώματος,
2730 5791 2977 5863 λαμπρὸς
3027 5791 3166 5856 ἄγαν
3202 5788 3295 5841 καὶ
3342 5783 3563 5856 φαιδρδς
