4258 6358
736 517 813 585 τῷ
846 515 1141 589 προσώπῳ,
1175 518 1251 580 ὡς
1277 516 1371 573 καί
1400 516 1674 589 ὁρώμενον
1708 516 1885 588 μόνον.
1915 516 2303 581 δυσωπήσιμον
2334 516 2380 573 Α

737 604 876 662 εἶναι
901 606 992 660 τὸν
1031 607 1218 677 ἄνδρα.
1269 602 1435 670 Οὗτος
1465 609 1633 661 πολλὰ
1666 608 1932 678 πρότερον
1959 606 2081 660 καθ’
2116 607 2307 661 ἑαυτὸν

736 695 981 761 ἀσκήσας
1006 698 1061 749 ἐν
1102 699 1166 766 τῇ
1212 696 1405 767 ἐρήμῳ
1430 699 1496 767 τῇ
1525 696 1871 766 πορρωτέρᾳ,
1900 694 2129 766 ὓστερον
2158 696 2216 746 ἐν
2246 697 2311 765 τῇ

736 783 964 854 πλησίον
1014 784 1204 854 ἐρήμῳ
1236 784 1305 837 τὰ
1351 785 1689 854 μοναστήρια
1732 782 2148 852 συνεκρότησεν,
2195 782 2314 845 ἕλος

736 870 1009 941 φυτεύσας
1051 872 1238 941 χερσὶν
1285 870 1544 934 οἰκείαις,
1596 869 1766 935 ξύλων
1796 870 1895 923 οὐκ
1939 871 2108 922 ὅντων
2152 871 2209 921 ἐν
2236 868 2314 939 τῷ

733 962 902 1031 τόπῳ,
953 960 1029 1024 ὡς
1070 958 1204 1027 ὑλην
1246 956 1383 1015 εἷναί
1431 977 1553 1012 τινα
1608 961 1665 1012 ἐν
1712 962 1777 1029 τῇ
1830 958 2024 1028 ἐρήμῳ
2074 959 2309 1029 πυκνήν.

739 1049 964 1115 Ἔλεγον
1007 1048 1116 1119 γάρ
1156 1050 1290 1118 ήμῖν
1328 1049 1377 1101 οί
1422 1047 1550 1117 περὶ
1575 1047 1738 1100 αὐτὸν
1786 1048 2048 1117 Πατέρες,
2072 1048 2155 1100 ὃτι
2189 1046 2313 1100 οὐδέ

737 1135 967 1204 βλαστὸς
995 1132 1063 1206 ἦν
1086 1128 1187 1190 ὧδέ
1213 1152 1365 1201 ποτε,
1393 1134 1482 1188 ὅτε
1516 1135 1645 1205 πρὶν
1671 1135 1699 1187 6
1728 1135 1866 1205 ἀνὴρ
1890 1136 1954 1188 ἐκ
1982 1136 2081 1206 τῆς
2105 1136 2311 1205 ἐρήμου

735 1227 1069 1297 παρεγένετο
1097 1243 1113 1261 ο
1154 1225 1448 1295 ἐφύτευσεν
1475 1223 1532 1278 δέ
1574 1225 1736 1286 αὐτὸ,
1792 1224 1878 1277 ῖνα
1929 1228 2003 1294 μὴ
2058 1226 2146 1279 διά
2189 1242 2310 1278 τινα

733 1316 924 1384 χρείαν
953 1316 1003 1367 οί
1034 1314 1419 1386 συνερχόμενοι
1448 1313 1584 1382 πρὸς
1614 1312 1775 1365 αὐτὸν
1810 1313 2031 1379 ἀδελφοί
2061 1313 2307 1381 ἀναγκα-

734 1402 934 1456 σθῶσιν
966 1472 967 1475 η
1000 1404 1321 1473 περιάγειν·
1384 1400 1520 1455 ἀλλὰ
1575 1402 1754 1454 πᾶσαν
1810 1400 2068 1469 πρόνοιαν
2128 1401 2310 1455 αὐτῶν

732 1492 985 1555 ἐποιεῖτο,
1018 1490 1309 1558 εὐχόμενος
1334 1488 1411 1557 τῷ
1454 1487 1594 1556 Θεῷ,
1628 1490 1720 1540 καὶ
1740 1488 1881 1557 ὑπὲρ
1908 1488 2008 1556 τῆς
2036 1488 2310 1559 σωτηρίας

730 1580 910 1635 αὐτων
938 1579 1356 1648 ἀγωνιζόμενος,
1401 1581 1488 1634 ῖνα
1529 1581 1587 1631 ἐν
1633 1581 1821 1651 μηδενὶ
1866 1579 2158 1632 λείπωνται
2200 1580 2308 1632 τῶν

726 1668 1063 1737 ἀνάγκαίων,
1094 1668 1188 1721 καὶ
1228 1669 1302 1738 μὴ
1332 1668 1605 1738 πρόφασις
1626 1666 1808 1729 αὐτοῖς
1842 1666 2113 1738 ῥᾳθυμίας
2144 1667 2306 1736 γένη-

726 1757 817 1810 ταί
843 1774 949 1821 τις.
996 1751 1165 1819 Οὗτος
1199 1758 1255 1809 ἐν
1289 1758 1354 1826 τῇ
1398 1758 1590 1827 ἐρήμῳ
1629 1756 1846 1824 πρῶτον
1871 1754 2093 1822 διάγων,
2120 1754 2304 1822 ἢσθιεν

730 1843 828 1913 μέν
862 1843 1089 1914 βοτάνας
1118 1844 1212 1896 καὶ
1238 1842 1393 1913 ῥίζας
1424 1843 1714 1911 γλυκείας,
1748 1842 1929 1894 ἔπινεν
1951 1840 2009 1893 δέ
2033 1844 2125 1894 καὶ
2160 1840 2304 1914 ὕδωρ
2333 1856 2381 1916 Β

725 1931 815 1984 ὅτε
845 1930 1137 2001 ηὐρισκεν,
1174 1932 1231 1982 ἐν
1279 1931 1464 1998 εὐχαῖς
1490 1930 1583 1983 καὶ
1614 1928 1801 1998 ὑμνοις
1833 1928 2095 1981 διατελῶν
2127 1930 2307 1983 πάντα

726 2021 819 2073 τὸν
856 2020 1069 2090 χρόνον.
1132 2019 1218 2082 Ὠς
1260 2020 1314 2071 δέ
1356 2019 1541 2072 λοιπὸν
1594 2018 1691 2088 τήν
1724 2012 1938 2070 τελείαν
1983 2017 2076 2071 τοῦ
2120 2019 2310 2088 γήρως

729 2109 965 2177 ἔφθασεν
1003 2108 1240 2178 ἠλικίαν,
1292 2107 1520 2176 ἀγγελος
1547 2106 1696 2177 αὐτῷ
1726 2106 1976 2176 φαίνεται
2019 2109 2140 2160 κατ’
2176 2106 2308 2176 ὄναρ

728 2198 786 2249 ἐν
825 2200 891 2268 τῇ
924 2198 1137 2268 ἐρήμῳ,
1180 2197 1376 2264 λέγων,
1426 2197 1506 2248 ὅτι
1549 2195 1693 2267 Ἔσῃ
1728 2195 1807 2257 είς
1835 2195 1985 2257 ἔθνος
2024 2194 2184 2263 μέγα,
2214 2196 2307 2246 καὶ

727 2286 897 2340 πολὺν
914 2285 1042 2339 λαὸν
1083 2283 1441 2354 πιστευθήσῃ,
1487 2283 1699 2335 ἔσονται
1724 2283 1779 2335 δὲ
1811 2283 1858 2334 οί
1890 2282 2189 2351 σωζόμενοι
2220 2283 2309 2336 διὰ

731 2372 827 2426 σοῦ
871 2372 1105 2442 χιλιάδες
1139 2372 1303 2425 δέκα·
1347 2371 1555 2441 οὕσπερ
1594 2371 1688 2424 ἐὰν
1743 2369 1975 2424 ἐνταῦθα
2015 2371 2305 2443 κερδήσῃς,

726 2460 1000 2513 τοσούτων
1031 2458 1198 2528 ἄρξῃς
1231 2460 1289 2510 ἐν
1316 2456 1392 2527 τῷ
1421 2457 1577 2509 αἰῶνι
1608 2455 1685 2526 τῷ
1710 2455 1970 2526 μέλλοντι.
2002 2455 2113 2509 Καὶ
2138 2456 2307 2525 μηδὲν

727 2548 1022 2610 διστάσεις,
1044 2547 1210 2617 φησὶν
1228 2549 1255 2599 6
1285 2546 1515 2614 ἄγγελος
1538 2546 1675 2615 πρὸς
1700 2544 1880 2599 αὐτόν.
1900 2545 2167 2598 Οὐδέποτε
2200 2546 2307 2617 γάρ

731 2653 815 2689 σοι
843 2636 1017 2704 λείψει
1050 2636 1158 2690 τῶν
1204 2636 1342 2705 πρὸς
1370 2635 1466 2705 τὴν
1501 2634 1714 2705 χρείαν,
1747 2635 1875 2705 ἄχρι
1914 2635 2012 2703 τῆς
2044 2634 2309 2703 τελευτῆς

731 2741 863 2789 σου,
906 2724 1097 2786 ὁσάκις
1137 2724 1203 2776 ἂν
1241 2722 1543 2795 ἐπικαλέσῃ
1588 2721 1680 2774 τὸν
1719 2721 1873 2775 Θεόν.
1924 2720 2110 2774 Ταῦτα
2141 2723 2310 2775 ἀκού-

733 2828 865 2875 σας,
912 2813 1005 2865 ἐπὶ
1038 2813 1137 2881 τὴν
1169 2810 1393 2880 πλησίον
1423 2809 1631 2880 ἔρημον
1656 2808 1939 2879 ῶρμησεν,
1994 2810 2308 2880 καταμόνας

732 2900 949 2970 πρῶτον
978 2899 1179 2966 διάγων
1202 2915 1213 2929 ’
1262 2896 1518 2951 καλύὸιον
1550 2896 1657 2967 γάρ
1689 2896 1884 2966 μικρόν
1920 2914 1971 2949 τι
2000 2897 2176 2967 ἐαυτῷ
2211 2915 2308 2950 κα-

729 2986 1076 3048 τασκευάσας
1097 3025 1110 3050 ,
1140 2984 1393 3053 λαχάνοις
1426 2983 1699 3046 συνθέτοις
1739 2984 1898 3054 μόνον
1931 2985 2270 3054 ἀρκούμενος
2290 3025 2304 3050 ,

729 3074 990 3135 πολλάκις
1018 3073 1074 3125 δὲ
1102 3072 1197 3125 καὶ
1227 3072 1293 3123 δι’
1321 3070 1616 3140 ἑϐδομάδος
1653 3071 1819 3141 μόνης
1848 3073 2303 3142 μεταλαμδάνων,

728 3162 1093 3231 ἀγράμματος
1134 3159 1230 3227 μὲν
1281 3158 1357 3211 ὢν
1412 3159 1473 3211 τὸ
1503 3159 1720 3228 πρῶτον
1743 3198 1758 3222 ,
1792 3160 1980 3231 ἐπειδὴ
2020 3161 2075 3214 δέ
2115 3163 2177 3213 ἐκ
2210 3162 2309 3230 τῆς
2338 3202 2375 3251 C

726 3249 939 3319 ἐρήμου
963 3248 1041 3310 εἰς
1062 3247 1157 3317 τὴν
1182 3246 1506 3317 οἰκουμένην
1531 3248 1751 3317 ἤρχετο,
1779 3250 1936 3317 χάρις
1958 3249 2104 3319 αὐτῷ
2126 3249 2308 3301 θεόθεν
2339 3237 2377 3253 ”

725 3335 948 3398 δίδοται,
986 3335 1077 3387 καλ⁸
1099 3333 1195 3396 τάς
1221 3334 1442 3403 Γραφάς
1472 3333 1670 3400 ἔξωθεν
1695 3334 2079 3404 ἀπεστήθιζεν.
2104 3334 2309 3388 Ἐπιδο-

726 3421 912 3485 θέντος
944 3422 1052 3492 γάρ
1087 3421 1235 3490 αὐτῷ
1260 3420 1466 3490 βιϐλίου
1503 3422 1651 3490 παρά
1681 3422 1790 3473 τῶν
1809 3422 2072 3489 ἀδελφῶν,
2106 3421 2181 3485 ὠς
2210 3421 2309 3493 ἔμ-

727 3527 914 3582 πειρος
939 3509 1050 3562 τῶν
1081 3510 1449 3579 γραμμάτων,
1480 3509 1652 3573 οὕτως
1683 3510 1869 3563 λοιπόν
1917 3511 2306 3579 ἀνεγίνωσκεν.

726 3599 953 3667 Είλήφει
990 3599 1046 3650 δέ
1086 3598 1181 3650 καὶ
1220 3598 1414 3666 ἑτέραν
1456 3598 1649 3667 χάριν,
1694 3597 1793 3667 τὴν
1845 3599 1986 3651 κατά
2041 3599 2312 3669 δαιμόνων

728 3690 953 3743 ἐλασίαν
972 3703 985 3718 °
1017 3689 1093 3751 ὼς
1122 3688 1351 3750 πολλοὺς
1383 3687 1493 3739 τῶν
1526 3687 1847 3757 πασχόντων
1877 3691 1972 3741 καὶ
2004 3687 2078 3759 μὴ
2124 3688 2312 3757 βουλο-

729 3777 925 3849 μένους
966 3777 1165 3839 αὐτοὺς
1209 3776 1487 3845 παριστᾷν
1528 3774 1769 3843 βοῶντας
1808 3776 1975 3829 αὑτοῦ
2027 3778 2126 3848 τὴν
2162 3776 2313 3830 πολι-

724 3864 878 3917 τείαν
920 3883 934 3896 ·
986 3863 1160 3925 ίάσεις
1203 3879 1262 3914 τε
1293 3864 1389 3926 τὰς
1410 3862 1575 3926 ἄλλας
1603 3863 1869 3916 ἐπιτελῶν
1907 3865 2007 3915 οὐκ
2039 3864 2273 3917 ἐπαύετο
2296 3904 2311 3929 ,

725 3954 803 4016 ὼς
838 3951 1172 4021 συναχθῆναι
1203 3950 1339 4020 πρὸς
1381 3953 1546 4005 αὐτὸν
1580 3952 1853 4021 μοναχούς
1881 3956 2027 4022 τρεῖς
2047 3952 2310 4021 χιλιάδας.

739 4039 886 4093 Ἰδὼν
936 4040 979 4093 δ’
1027 4040 1177 4110 ήμᾶς
1229 4041 1256 4090 6
1300 4038 1440 4108 ἀνὴρ
1469 4079 1482 4099 ,
1529 4039 1622 4090 καὶ
1662 4040 1965 4109 περιχαρὴς
2000 4040 2311 4109 γενόμενος,

727 4129 1017 4198 ἠσπάσατο
1056 4127 1149 4179 καὶ
1185 4125 1608 4195 περιεπτύξατο.
1662 4125 1841 4193 Νιψας
1880 4127 1936 4177 δὲ
1966 4129 2092 4188 τοὺς
2146 4129 2313 4192 πόδας

730 4215 886 4284 ήμῶν
922 4215 1110 4284 χερσὶν
1164 4214 1415 4275 οἰκείαις,
1450 4212 1587 4281 πρὸς
1633 4211 1985 4265 διδασκαλίαν
2030 4213 2309 4283 ἐτρέπετο.

734 4304 1035 4375 Ἐμπειρος
1056 4304 1166 4374 γάρ
1191 4300 1256 4372 ἦν
1277 4303 1397 4355 λίαν
1421 4302 1529 4353 τῶν
1546 4302 1797 4369 Γραφῶν,
1826 4301 2009 4354 θεόθεν
2034 4302 2131 4372 τὴν
2156 4303 2315 4372 χάριν

730 4391 933 4461 ταύτην
975 4391 1287 4461 δεξάμενος.
1343 4389 1522 4442 Πολλὰ
1575 4389 1632 4441 δὲ
1672 4389 1780 4444 τῶν
1842 4388 2076 4459 Γραφῶν
2147 4391 2315 4454 λύσας

729 4481 862 4549 ἡμῖν
896 4480 1189 4547 κεφάλαια,
1231 4480 1325 4531 καί
1352 4478 1451 4547 τὴν
1484 4476 1763 4548 όρθόδοξον
1794 4478 1978 4530 πίστιν
2012 4479 2308 4548 παραδοὺς.

729 4570 824 4621 ἐπὶ
848 4568 946 4631 τὰς
968 4568 1132 4636 εὐχάς
1161 4568 1550 4638 προετρέπετο.
1584 4567 1741 4627 Ἐθος
1760 4566 1866 4636 γάρ
1891 4569 2000 4628 τοῖς
2034 4568 2308 4636 μεγάλοις,

734 4655 808 4725 μὴ
845 4655 1126 4725 προῖεσθαί
1160 4671 1211 4707 τι
1244 4654 1342 4723 τῆς
1372 4654 1573 4724 σαρκὸς
1595 4694 1607 4715 ,
1644 4657 1773 4721 πρὶν
1809 4653 1906 4723 τὴν
1934 4657 2312 4727 πνευματικὴν

729 4744 940 4814 τροφὴν
959 4746 1026 4814 τῇ
1052 4745 1199 4814 ψυχῇ
1230 4743 1569 4813 παραδοῦναι
1587 4757 1600 4771 ’
1640 4742 1778 4813 αῦτη
1806 4744 1862 4795 δέ
1886 4746 2034 4796 ἐστιν
2060 4744 2151 4797 τοῦ
2176 4746 2311 4815 Χρι-

734 4831 862 4884 στοῦ
906 4832 1182 4885 κοινωνία.
1226 4831 1640 4894 Μεταλαϐόντες
1677 4830 1768 4884 οὖν
1789 4832 1991 4900 ταύτης
2031 4834 2312 4901 καὶεύχα-

734 4922 1111 4990 ριστήσαντες,
1163 4921 1255 4972 ἐπὶ
1301 4921 1398 4987 τὴν
1430 4920 1711 4990 τράπεζαν
1751 4911 2123 4991 προετρέπετο
2156 4918 2311 4985 αὖθις

733 5012 900 5080 ἡμᾶς,
938 5010 1098 5071 αὐτὸς
1127 5011 1213 5063 άεὶ
1235 5010 1343 5063 τῶν
1372 5010 1675 5063 σπουδαίων
1699 5010 2155 5082 ὑπομιμνήσκων,
2181 5014 2312 5065 καθ-

733 5100 934 5169 ήμενος
993 5098 1089 5152 καὶ
1133 5098 1307 5167 λέγων
1346 5099 1478 5168 ήμῖν
1532 5100 1600 5151 τά
1652 5100 1787 5167 πρὸς
1838 5098 2139 5170 σωτηρίαν.
2205 5094 2312 5155 Ἦν

736 5187 865 5254 γοῦν
894 5188 1135 5250 τοιοῦτος
1169 5190 1197 5240 6
1222 5188 1361 5257 ἀνὴρ
1395 5188 1637 5252 ἐπίδοξος
1665 5192 1720 5240 ἐν
1747 5189 1960 5252 πολλοῖς
1992 5189 2272 5259 Πατράσιν
2292 5210 2307 5223 ·

730 5277 804 5341 ὼς
846 5274 1058 5328 πολλῶν
1108 5275 1361 5346 μοναχῶν
1403 5277 1538 5346 πρὸς
1561 5275 1721 5329 αὐτὸν
1747 5277 2077 5347 ἐρχομένων,
2104 5278 2309 5340 πάντας

734 5365 863 5426 τοὺς
940 5362 1217 5435 παρόντας
1275 5363 1540 5432 ἀδελφοὺς
1586 5364 2049 5434 συγκαλούμενον,
2093 5365 2152 5416 ἐν
2211 5368 2311 5437 μιᾷ

732 5450 915 5522 ἡμέρα
944 5450 1012 5503 τὰ
1047 5451 1233 5503 κελλία
1268 5452 1452 5515 αὐτοῖς
1482 5455 1678 5515 ποιεῖν,
1715 5452 1807 5504 τοῦ
1842 5452 1939 5521 μὲν
1982 5452 2154 5521 πηλὸν
2185 5455 2306 5507 ἐπι-

731 5538 994 5604 διδόντος,
1025 5538 1119 5589 τοῦ
1146 5538 1202 5590 δέ
1232 5538 1471 5600 πλίνθον,
1514 5539 1675 5592 ἄλλου
1710 5538 1765 5591 δὲ
1795 5539 1937 5610 ὓδωρ
1969 5540 2305 5607 ἀντλοῦντος,

730 5624 891 5680 ἀλλου
934 5627 989 5679 δέ
1036 5624 1167 5692 ξύλα
1222 5626 1533 5690 κόπτοντος.
1571 5628 1680 5681 Καὶ
1716 5628 2186 5682 ἀποτελεσθέντων
2212 5630 2309 5682 αύ-

730 5716 843 5777 τοῖς
886 5715 992 5766 τῶν
1039 5713 1281 5779 κελλίων,
1325 5716 1485 5777 αὐτὸς
1531 5717 1631 5777 τάς
1682 5716 1869 5785 χρείῖς
1911 5717 2143 5786 ἐπήρκει
2194 5722 2306 5779 τοῖς

731 5802 1066 5871 ἐρχομένοις.
1116 5796 1283 5867 Οὗτος
1328 5802 1689 5873 ψευδάδελφόν
1742 5820 1870 5858 ποτε
1905 5805 2125 5858 ἐλθόντα
2172 5808 2306 5875 πρὸς

2184 405 2533 466 PALLADII

2346 4536 2388 4588 D

3867 412 3885 476 1
3910 412 4035 476 098

2410 518 2591 583 αὑτὸν,
2631 520 2725 573 καὶ
2746 520 2811 574 τά
2840 522 3030 591 ίμάτια
3060 521 3224 577 αὐτοῦ
3247 524 3725 595 ἀποκρυψάμενον,
3758 526 4009 595 ἐλέγξας

2417 607 2580 660 αὑτὸν
2611 609 2703 661 ἐπὶ
2736 609 2972 674 πάντων,
3006 612 3086 674 εἰς
3123 613 3289 682 μέσον
3322 614 3389 665 τὰ
3433 615 3548 683 εῖδη
3588 619 4023 684 προσήνεγκεν·

2417 695 2556 750 ὥστε
2589 700 2787 767 μηκέτι
2817 701 3027 771 τολμᾷν
3058 718 3179 757 τινα
3210 704 3303 755 ἐπὶ
3330 705 3495 756 αὐτοῦ
3519 704 3835 775 ψεύδεσθαι,
3870 722 4024 757 τοσ-

2416 784 2587 850 αύτην
2616 785 2778 855 χάριν
2807 788 3007 857 ἀρετῆς
3041 788 3277 858 ἔχοντος,
3319 791 3383 861 ἣν
3411 791 3498 843 διά
3528 795 3627 859 τῆς
3676 792 3873 861 πολλῆς
3908 792 4024 843 καὶ

2417 870 2587 940 καλῆς
2624 872 2899 936 πολιτείας
2942 875 3091 945 αὐτῷ
3132 876 3471 944 συνελέξατο.
3512 874 3621 930 Ἦν
3663 879 3721 931 δὲ
3758 879 3885 931 ἰδεῖν
3947 879 4020 929 τὸ

2417 959 2618 1027 πλῆθος
2648 959 2756 1014 τῶν
2787 963 2883 1015 σὺν
2913 962 3061 1033 αὑτῷ
3106 965 3356 1034 μοναχῶν
3384 966 3457 1018 ἐν⁶
3482 968 3545 1035 τῇ
3576 964 3845 1035 ἐκκλησίᾳ⁴
3869 1006 3883 1029 ,
3927 966 4018 1028 ὡς

2415 1046 2670 1117 ἀγγέλων
2701 1052 2898 1120 χοροὺς
2930 1052 3244 1117 ὑμνούντων
3276 1054 3366 1104 τὸν
3392 1052 3545 1106 Θεόν.

2482 1130 2556 1207 ⁷ῼ
2609 1137 2812 1207 πολλὴν
2860 1140 3305 1211 προσεμαρτύρει
3360 1140 3563 1210 ἀρετὴν
3617 1142 3767 1194 πᾶσα
3813 1141 3919 1210 μέν
3978 1141 4017 1210 ἠ

2414 1224 2733 1297 ἀδελφότης,
2775 1226 3065 1297 ἐξαιρέτως
3097 1229 3153 1281 δὲ
3195 1230 3228 1298 ή
3275 1228 3560 1299 ἄνθρωπος
3588 1228 3681 1281 τοῦ
3709 1227 3848 1281 Θεοῦ
3882 1230 4019 1282 Με-

2414 1314 2571 1384 λάνη,
2604 1315 2711 1384 1:96
2756 1314 2892 1384 ἐμοῦ
2923 1315 3242 1369 εἰσελθοῦσα
3280 1317 3359 1378 είς
3386 1314 3545 1368 τοῦτο
3572 1316 3632 1368 16
3664 1316 3807 1387 ὅρος.
3853 1317 3946 1383 Ἐκ
3966 1316 4018 1367 ὼ

2412 1403 2522 1474 γάρ
2555 1404 2719 1457 αὐτὸν
2747 1404 2809 1457 οὑ
2842 1404 3143 1476 κατείληφα
3175 1404 3373 1469 ζῶντα.
3407 1404 3595 1458 Ταῦτα
3627 1405 3684 1458 δὲ
3722 1406 3911 1473 ἔλεγεν
3949 1408 4020 1459 ἐν

2410 1494 2523 1551 τοῖς
2548 1490 2883 1561 διηγήμασιν
2904 1491 3372 1560 ἀνδραγαθήματα
3398 1492 3491 1544 τοῦ
3518 1492 3733 1561 ἀνδρὸς,
3758 1493 3841 1545 ὅτι
3872 1493 4017 1546 οὗτε

2411 1577 2676 1644 ἐψεύσατό
2712 1595 2863 1644 ποτε,
2892 1578 3013 1632 οὔτε
3048 1579 3261 1647 ὤμοσεν
3282 1618 3296 1642 ,
3322 1578 3445 1631 οὐτε
3477 1581 3823 1650 κατηράσατό
3852 1598 3943 1635 τιν
3962 1599 4015 1646 ι,

2408 1666 2530 1722 οὔτε
2562 1667 2718 1731 ἐκτὸς
2746 1668 2933 1739 χρείας
2962 1668 3221 1739 ἐλάλησέν
3247 1667 3299 1719 τί
3338 1684 3491 1721 ποτε.

3029 1788 3276 1842 ΚΕΦΑΛ.
3318 1788 3374 1843 I'.

3001 1900 3135 1966 Περὶ
3174 1898 3407 1968 Παμόώ.

2481 2005 2683 2060 Τούτου
2735 2005 2827 2060 τοῦ
2873 2006 3031 2078 ὅρους
3065 2009 3281 2076 ἐγένετο
3328 2010 3592 2082 πάροικος
3645 2011 3672 2062 6
3717 2009 4013 2079 μακάριος

2411 2095 2651 2164 Παμϐὼ,
2687 2096 3007 2160 διδάσκαλος
3058 2099 3350 2169 Διοσκόρου
3390 2099 3478 2152 τοῦ
3532 2100 3863 2162 ἐπισκόπου,
3900 2103 4017 2152 καὶ

2424 2185 2761 2255 Ἀμμωνίου,
2810 2186 2906 2239 καὶ
2940 2186 3225 2249 Εὑσεδίου,
3258 2188 3352 2240 καλ⁵
3392 2188 3669 2257 Εὐθυμίου
3697 2188 3802 2239 τῶν
3837 2189 4016 2240 ἀδελ-

2413 2273 2551 2343 φῶν,
2602 2274 2696 2326 καὶ
2736 2274 3043 2344 Ὦριγένους
3082 2275 3176 2328 τοῦ
3211 2276 3493 2345 ἀδελφιδοῦ
3535 2277 3857 2347 Δρακοντίου
3902 2280 4017 2329 ἁνι-

2409 2358 2532 2433 δρὸς
2558 2362 2769 2428 ἐνδόξου
2815 2364 2909 2415 καλ⁸
2945 2363 3281 2433 θαυμαστοῦ.
3321 2360 3490 2428 Οὗτος
3521 2366 3548 2418 6
3586 2364 3794 2434 Παμδὼ
3824 2365 4019 2420 πολὶὰ

2414 2452 2513 2521 μὲν
2550 2450 2647 2503 καὶΙ
2696 2450 2907 2520 μεγάλα
2958 2447 3102 2521 εἶχεν
3142 2452 3614 2522 άνδραγαθήματα
3653 2452 3748 2505 καὶ
3794 2470 4019 2523 προτε-

2408 2541 2479 2610 ρή
2490 2556 2635 2610 ματα
2658 2538 2883 2591 πλεῖστα
2900 2539 2993 2591 καὶ
3010 2539 3260 2609 διάφορα·
3286 2541 3341 2592 ἐν
3364 2534 3554 2602 οἷςνκαὶ
3572 2540 3729 2594 τοῦτο
3745 2542 3917 2594 αὑτοῦ
3936 2537 4018 2611 ἦν

2411 2628 2795 2696 πλεονέκτημα
2830 2628 2886 2678 ἐν
2916 2629 3028 2689 τοῖς
3062 2628 3317 2697 μεγάλοις
3347 2624 3512 2680 αὐτοῦ
3548 2628 4014 2700 κατορθώμασιν·

2411 2714 2668 2768 τοσοῦτον
2719 2712 2785 2786 ἦν
2826 2714 3141 2783 ὑπερόπτης
3175 2716 3401 2784 χρυσίου
3437 2717 3531 2768 καὶ
3558 2717 3844 2787 ἀργυρίου,
3876 2718 4019 2772 ὅσον

2413 2804 2613 2875 ἀπῄτει
2664 2806 2691 2857 6
2739 2802 3065 2866 Δεσποτικὸς
3108 2803 3285 2868 λόγος.
3337 2804 3421 2856 Ἐν
3454 2799 3533 2867 οἷς
3567 2804 3801 2873 διηγεῖτό
3828 2823 3929 2874 μοι
3978 2809 4018 2877 ἡ

2413 2894 2660 2965 μακαρία
2708 2892 2950 2961 Μελάνη,
2986 2892 3067 2943 ὃτι
3106 2891 3195 2945 Ἑν
3226 2892 3421 2960 ἀρχαῖς
3464 2895 3881 2962 παραγινομένη
3930 2898 4022 2959 είς

2409 2984 2505 3054 τήν
2549 2982 2957 3053 Ἀλεξάνδρειαν
3004 2981 3112 3034 άπδ
3152 2981 3253 3050 τῆς
3294 2980 3548 3052 Ῥώμης,
3587 2984 3681 3035 καὶ
3715 2983 4019 3039 ἀκούσασα

2412 3073 2541 3139 περὶ
2595 3072 2691 3140 τῆς
2722 3069 2913 3123 τούτου
2956 3070 3190 3140 ἀρετῆς,
3244 3070 3338 3123 τοῦ
3389 3072 3657 3140 μακαρίου
3727 3072 4019 3143 Ἰσιδώρου

2411 3160 2505 3214 τοῦ
2560 3159 2936 3230 πρεσϐυτέρου
2982 3161 3075 3211 καὶ
3127 3158 3407 3229 ξενοδόχου
3443 3161 3572 3230 περὶ
3604 3159 3767 3213 αὐτοῦ
3800 3179 3897 3230 μοι
3931 3164 4017 3215 6:-

2411 3249 2783 3318 ηγησαμένου,
2836 3247 2931 3299 καὶ
2974 3245 3340 3314 ὀδηγήσαντος
3369 3248 3505 3315 πρὸς
3565 3247 3725 3300 αὐτὸν
3780 3248 3863 3309 εἰς
3910 3250 4020 3317 τὴν

2412 3336 2637 3405 ἔρημον,
2685 3335 2767 3388 ὅτι
2799 3335 3154 3405 προσήνεγκα
3186 3333 3333 3402 αὐτῷ
3366 3334 3735 3404 άργενταρίαν
3780 3352 4020 3405 τριακο-

2414 3427 2545 3477 σίων
2586 3423 2787 3493 λιτρῶν
2817 3422 3085 3493 άργύρου,
3119 3422 3555 3491 παρακαλέσασα
3591 3421 3755 3475 αὑτὸν
3794 3424 3858 3474 ἐκ
3898 3427 4018 3476 τῶν

2414 3510 2756 3581 πραγμάτων
2800 3527 2900 3579 μου
2947 3512 3260 3578 μετασχεῖν.
3312 3509 3369 3563 Ὀ
3400 3509 3479 3572 δὲ,
3514 3511 3669 3579 φησὶ,
3700 3510 3985 3579 καθεζόμε

2414 3617 2524 3663 νος,
2563 3600 2653 3651 καὶ
2689 3596 2903 3649 πλέκων
2937 3596 3165 3659 θαλλοὺς
3189 3637 3203 3661 ,
3234 3596 3539 3667 ηὑλόγησέν
3582 3614 3646 3667 με
3678 3602 3825 3667 φωνῇ
3862 3603 4018 3672 μόνῃ

2414 3688 2615 3741 εἰπών’
2669 3688 2727 3740 '0
2760 3688 2891 3750 Θεὸς
2920 3686 3079 3739 δώσει
3108 3704 3189 3739 σοι
3220 3687 3311 3739 τὸν
3344 3688 3554 3757 μισθόν.
3600 3690 3706 3739 Καὶ⁸
3738 3689 3893 3756 λέγει
3931 3692 4020 3759 τῷ

2416 3778 2685 3847 οίκονόμῳ
2740 3776 2906 3829 αὐτοῦ
2968 3776 3234 3847 Ὠριγένει
3261 3794 3277 3811 ο
3308 3777 3468 3843 Δέξαι
3523 3780 3615 3830 καὶ
3642 3780 4019 3849 οἱκονόμησον

2416 3867 2557 3919 αὑτά
2586 3868 2720 3919 πᾶσι
2747 3868 2859 3927 τοῖς
2892 3865 3033 3918 κατά
3066 3864 3293 3932 Λιὸύην,
3326 3866 3555 3929 καὶτοῖς
3579 3869 3636 3920 ἐν
3667 3870 3785 3929 ταῖς
3816 3870 4019 3937 νήσοις

2416 3952 2661 4021 ἀδελφοῖς
2683 3969 2697 3983 ο
2746 3950 2918 4004 ταῦτα
2954 3952 3063 4021 γάρ
3099 3951 3165 4005 τά
3217 3956 3554 4024 μοναστήρια
3586 3954 3805 4009 πένεται
3840 3958 4019 4011 πλέον

2417 4040 2569 4111 παρὰ
2616 4040 2682 4093 τά
2722 4039 2894 4093 ἀλλα·
2948 4043 3329 4110 παραγγείλας
3380 4042 3528 4113 αὐτῷ
3565 4044 3754 4113 μηδενὶ
3798 4044 3911 4097 τῶν
3955 4049 4019 4098 ἐν

2416 4130 2677 4199 Αἰγύπτῳ
2701 4129 2882 4181 δοῦναι
2903 4130 2996 4181 ἀπ’
3020 4130 3230 4182 ἐκείνου
3252 4130 3345 4182 τοῦ
3378 4132 3677 4201 χρήματος,
3707 4133 3793 4185 διά
3827 4134 3891 4185 τὸ
3916 4136 4013 4186 εύ-

2420 4219 2744 4289 πορωτέραν
2773 4214 2909 4268 εἶναι
2936 4216 3033 4285 τὴν
3060 4219 3266 4286 χώραν.
3303 4218 3446 4285 Ἐγὼ
3467 4219 3544 4282 δὲ,
3571 4220 3755 4287 φησὶν,
3788 4221 4014 4274 ἑστῶσα

2416 4305 2739 4374 ἐξεδεχόμην
2786 4306 2914 4373 παρ’
2945 4304 3111 4357 αὐτοῦ
3146 4304 3419 4371 εὐλογίαις
3461 4306 3800 4375 τιμηθῆναι,
3826 4309 3859 4377 ἦ
3906 4309 4014 4361 κᾶν

2416 4392 2561 4463 λόγῳ
2594 4390 2921 4460 δοξασθῆναι
2954 4391 3045 4444 ἐπὶ
3090 4395 3155 4462 τῇ
3192 4392 3423 4463 τοσαύτῃ
3474 4392 3638 4446 δόσει.
3675 4394 3782 4445 Καὶ
3833 4397 4012 4464 μηδὲν

2417 4482 2551 4544 ὅλως
2586 4482 2714 4550 παρ’
2746 4478 2911 4532 αὐτοῦ
2935 4479 3250 4543 ἀκούσασα,
3277 4476 3429 4533 εἷπον
3460 4480 3609 4551 αὐτῷ
3631 4522 3644 4546 ,
3677 4483 3758 4535 ὅτι
3800 4483 4011 4553 Κύριε,

2419 4569 2504 4621 ἵνα
2525 4568 2640 4637 ίδης
2664 4566 2827 4618 πόσον
2849 4567 3015 4629 ἐστιν,
3045 4565 3353 4633 τριακόσιαι
3372 4564 3552 4635 λίτραι
3572 4564 3816 4636 ἀργύρου
3838 4570 4007 4620 εἰσίν.

2426 4660 2488 4711 Ὀ
2513 4658 2567 4710 δέ
2593 4657 2755 4710 πάλιν
2778 4656 2871 4709 καὶ
2898 4655 3178 4723 ἐπίτούτῳ
3205 4656 3328 4725 μηδ’
3350 4655 3485 4717 ὅλως
3503 4656 3822 4719 ἀνανεύσας,
3844 4658 3876 4727 ἦ
3900 4662 4012 4712 κᾶν

2414 4745 2699 4817 προσεχὼν
2721 4744 2797 4813 τῷ
2830 4742 3009 4795 σκεύει
3050 4744 3146 4812 τῆς
3184 4743 3379 4813 θήκης,
3423 4743 3755 4814 ἀπεκρίνατό
3794 4761 3906 4813 μοι,
3938 4740 4010 4816 ⁷ῼ

2416 4835 2671 4902 ἐνήνοχας
2696 4833 2846 4897 αὐτὸ,
2864 4831 3073 4893 τέκνον,
3095 4831 3244 4901 παρά
3275 4830 3369 4882 σοῦ
3396 4830 3584 4900 μαθεῖν
3610 4832 3709 4901 τὴν
3727 4833 4010 4901 ποσότητα

2413 4922 2507 4975 τοῦ
2538 4921 2777 4992 σταθμοῦ
2810 4922 2999 4991 χρείαν
3031 4920 3131 4971 οὐκ
3167 4920 3304 4988 ἔχει.
3337 4920 3395 4974 Ὀ
3417 4922 3523 4990 γὰρ
3552 4921 3618 4973 τά
3654 4922 3753 4991 ὅρη
3777 4925 4010 4993 σταθμῖς

2416 5028 2535 5077 σας,
2560 5012 2650 5062 καὶ
2677 5009 2773 5071 τὰς
2801 5010 2978 5070 νάπας
3011 5009 3211 5077 στήσας
3239 5006 3411 5077 ζυγῷ,
3450 5007 3634 5078 πολλῷ
3680 5009 3843 5062 πλέον
3884 5014 4010 5063 51:5-

2414 5116 2603 5152 σταται
2637 5097 2733 5166 τὴν
2760 5095 3033 5167 ποσότητα
3066 5095 3161 5149 τοῦ
3206 5097 3472 5167 ἀργύρου.
3518 5097 3580 5148 El
3610 5098 3708 5166 μέν
3739 5099 3847 5168 γὰρ
3876 5099 4006 5168 ἐμοὶ

2412 5188 2572 5240 αὐτόν
2597 5186 2800 5253 ἐδίδως,
2836 5186 3020 5249 καλῶς
3049 5172 3114 5239 ἀν
3147 5203 3236 5256 μοι
3264 5186 3359 5239 καί
3386 5186 3475 5239 τὸν
3508 5186 3750 5255 σταθμὸν
3778 5187 4002 5255 ἔλεγες·

2413 5279 2457 5331 εί
2476 5276 2529 5328 δέ
2552 5274 2628 5344 τῷ
2651 5274 2769 5345 Θεῷ
2794 5276 2929 5328 αὐτὰ
2960 5276 3360 5346 προσήνεγκας,
3386 5274 3461 5345 τῷ
3485 5275 3580 5327 καὶ
3609 5276 3735 5338 τούς
3759 5275 3853 5329 δύο
3885 5277 4006 5330 ὁσο-

2413 5367 2536 5429 λούς
2575 5365 2648 5435 μὴ
2671 5363 2976 5433 παριδόντι,
3002 5364 3136 5416 ἀλλὰ
3159 5362 3321 5418 πλέον
3348 5362 3566 5416 πάντων
3591 5362 3813 5426 τούτους
3837 5367 4004 5434 τιμή-

2413 5471 2586 5515 σαντι,
2608 5453 2808 5517 σιώπα,
2824 5449 3279 5521 ήσύχαζε.0’ὑτως
3303 5445 3395 5503 οὖν
3413 5450 3664 5521 ᾠκονόμη
3675 5466 3785 5513 σεν,
3806 5468 3879 5520 φη
3891 5457 4002 5517 σί·.-,

2416 5544 2448 5611 ή
2477 5543 2636 5612 χάρις
2669 5540 2761 5592 τοῦ
2795 5539 2999 5609 Κυρίου
3027 5541 3083 5592 ἐν
3118 5538 3195 5609 τῷ
3230 5539 3492 5591 είσελθεῖν
3535 5554 3600 5606 με
3648 5538 3727 5599 εἰς
3758 5533 4000 5608 16690;.

2412 5629 2545 5683 Μετ’
2574 5628 2750 5696 ὀλίγον
2790 5627 2981 5698 χρόνον
3010 5625 3335 5695 κεκοίμηται
3374 5626 3403 5677 6
3427 5624 3717 5695 ἄνθρωπος
3745 5625 3879 5678 Θεοῦ
3919 5631 3998 5698 μή

2411 5718 2664 5788 νοσήσας,
2710 5717 2784 5785 μὴ
2838 5715 3083 5785 ἀλγήσας
3132 5731 3183 5766 τι
3228 5714 3335 5767 τῶν
3368 5715 3460 5767 τοῦ
3505 5715 3756 5787 σώματος
3791 5715 3997 5784 μελῶν,

2411 5805 2546 5859 ἀλλὰ
2584 5804 2681 5874 τὴν
2708 5802 2941 5873 σπυρίδα
2972 5802 3339 5873 καταράπτων
3370 5803 3753 5871 μετεστείλατό
3783 5820 3871 5871 με,
3901 5808 3999 5857 καὶ
