4258 6358
308 297 454 355 1029

1591 315 1902 372 HISTORIA
1946 319 2292 376 LAUSIACA.

3402 345 3419 398 l
3438 342 3543 402 030

302 427 426 470 erat
457 418 594 472 enim
626 418 770 472 vultu
796 419 961 474 nitido
987 428 1040 475 et
1068 421 1258 486 alacri,
1285 420 1417 478 adeo
1444 432 1501 477 ut
1529 441 1648 480 cum
1682 430 1764 483 vel
1798 445 1878 481 so-
1907 436 1951 491 Λ
1982 444 2101 484 eum
2134 432 2418 502 aliquando
2448 446 2695 498 venerat,
2730 453 2781 494 et
2815 455 2986 500 vestes
3017 462 3140 504 suas
3166 455 3545 527 occultaverat,

306 509 420 560 tum
472 508 759 573 videretur,
795 511 876 562 vir
922 520 1062 565 esset
1110 513 1448 567 reverendus.
1494 514 1540 569 Is
1570 530 1689 571 cum
1728 520 1881 587 longe

303 608 437 651 ante
464 612 521 652 se
548 597 598 651 in
632 600 885 654 ulteriore
915 603 1242 656 exercuisset
1269 605 1572 670 solitudine,
1608 618 1793 677 postea
1827 612 1878 664 in

305 686 545 752 propiori
596 687 881 743 solitudine
923 693 1264 760 congregavit
1312 697 1663 761 monasteria,
1691 698 1879 763 palude

302 781 535 847 propriis
566 781 797 849 plantata
844 784 1107 847 manibus,
1140 800 1261 839 cum
1295 787 1433 857 ligna
1477 804 1582 843 non
1614 801 1791 845 essent
1826 794 1877 847 iu

300 885 372 922 eo
398 871 534 936 loco,
558 871 692 926 adeo
713 882 768 925 ut
793 882 933 927 esset
959 873 1124 928 densa
1147 877 1277 930 silva
1302 877 1355 931 in
1378 879 1683 935 solitudine.
1719 882 1879 936 Dixe-

301 969 428 1012 runt
458 959 600 1013 enim
628 962 781 1017 nobis
812 964 900 1031 qui
932 978 1051 1018 cum
1083 980 1149 1020 eo
1195 977 1349 1021 erant
1388 966 1592 1035 Patres,
1618 971 1759 1038 quod
1808 988 1876 1027 ne

298 1064 523 1119 germen
570 1052 789 1120 quidem
838 1055 946 1109 illic
992 1065 1127 1122 erat,
1152 1059 1363 1124 quando
1407 1061 1490 1115 vir
1529 1062 1615 1115 ille
1646 1063 1788 1117 venit
1809 1077 1873 1118 ex

299 1143 607 1199 solitudine.
642 1143 811 1213 Ipsam
837 1156 1011 1202 autem
1036 1148 1312 1217 plantavit,
1337 1165 1404 1206 ne
1430 1161 1647 1222 prepler
1673 1168 1759 1209 res
1780 1168 1875 1209 ne-

296 1235 582 1299 cessarias,
611 1237 698 1304 qui
734 1237 800 1290 ad
843 1239 1012 1305 ipsum
1054 1241 1444 1296 conveniebant
1475 1242 1685 1308 fratres,
1717 1260 1874 1312 coge-

294 1335 483 1379 rentur
508 1326 761 1391 circuire;
793 1329 886 1384 sed
928 1346 1112 1385 eorum
1152 1347 1365 1387 omnem
1412 1335 1634 1402 gerebat
1664 1350 1869 1400 curam,

296 1416 467 1470 Deum
498 1432 677 1480 orans,
706 1428 760 1472 et
782 1434 876 1487 pro
905 1427 1087 1475 eorum
1115 1423 1288 1477 salute
1330 1424 1631 1490 decertans,
1658 1435 1713 1480 ut
1738 1427 1869 1480 nihil

297 1507 377 1560 eis
410 1507 619 1561 deesset
646 1510 1025 1574 necessarium,
1057 1526 1154 1567 nec
1183 1522 1326 1567 esset
1348 1516 1428 1568 eis
1451 1515 1589 1569 ullus
1610 1518 1870 1572 socordia:

295 1605 609 1662 praetextas.
652 1597 698 1649 ls
738 1600 966 1666 primum
1010 1603 1221 1668 quidem
1252 1604 1451 1673 degens
1478 1606 1530 1657 in
1559 1604 1866 1670 solitudine,

297 1688 622 1741 vescebatur
651 1687 827 1741 herbis
853 1698 905 1741 et
930 1690 1173 1745 dulcibus
1199 1691 1459 1747 radicibus
1483 1710 1497 1744 :
1520 1708 1708 1763 aquam
1736 1710 1866 1764 quo-

289 1792 396 1845 que
420 1777 627 1831 bibebat
650 1779 863 1845 quando
886 1780 1209 1847 inveniebat,
1229 1782 1281 1835 in
1307 1786 1549 1851 precibus
1574 1795 1629 1839 et
1653 1787 1862 1855 hymnis
1895 1809 1939 1869 Β

290 1876 405 1919 toto
430 1879 665 1934 tempore
698 1884 1066 1937 perseverans.
1101 1871 1384 1942 Postquam
1416 1883 1592 1929 autem
1620 1876 1863 1943 pervenit

287 1956 354 2008 ad
388 1959 668 2023 perfectam
701 1969 910 2013 artatem
956 1964 1265 2025 senectutis,
1302 1966 1518 2030 angelus
1545 1968 1593 2018 el
1623 1968 1861 2034 apparuit

286 2049 341 2099 in
375 2047 595 2111 somnis,
629 2048 810 2103 dicens
838 2050 887 2103 in
928 2052 1213 2106 solitudine
1240 2070 1251 2104 :
1281 2052 1397 2106 Eris
1428 2054 1479 2107 in
1508 2062 1719 2123 gentem
1754 2070 1861 2110 ma-

284 2152 469 2204 gnam,
499 2146 551 2192 et
578 2153 798 2207 magnus
828 2151 927 2195 tua:
952 2142 1071 2197 fidei
1094 2145 1341 2198 credetur
1364 2147 1606 2214 populus.
1639 2148 1737 2216 Qui
1769 2165 1858 2217 per

289 2239 338 2281 te
369 2239 546 2283 autem
575 2232 705 2286 salvi
753 2233 899 2301 ﬂent,
924 2245 1082 2290 erunt
1111 2236 1287 2292 decies
1335 2240 1478 2294 mille
1505 2257 1516 2293 :
1541 2256 1673 2312 quos
1700 2242 1745 2295 si
1778 2243 1861 2296 hic

287 2323 615 2379 lurrifeceris
638 2368 651 2391 ,
678 2328 893 2382 totidem
942 2329 1035 2384 tibi
1067 2331 1325 2398 parebunt
1352 2333 1405 2386 in
1439 2334 1613 2389 futuro
1639 2338 1856 2392 saeculo.

286 2414 468 2485 Neque
513 2418 796 2487 quidquam
842 2419 1186 2485 dubitaveris,
1211 2424 1289 2477 ait
1330 2424 1379 2477 ei
1430 2425 1858 2495 Angelusznihil

284 2508 427 2561 enim
460 2508 554 2562 tibi
583 2510 794 2567 deficiet
822 2528 1004 2566 eorum
1035 2529 1152 2583 qua:
1183 2524 1309 2569 sunt
1335 2516 1401 2569 ad
1431 2530 1582 2571 nsum
1612 2533 1859 2574 necessa-

284 2600 384 2662 ria,
422 2616 585 2670 usque
606 2604 677 2657 ad
696 2614 919 2659 mortem
951 2616 1114 2673 tuam,
1145 2610 1351 2676 quoties
1379 2609 1543 2663 Deum
1578 2612 1857 2670 invocave-

285 2692 381 2745 ris.
408 2694 529 2749 llaec
556 2710 674 2749 cum
704 2698 961 2761 audisset,
989 2700 1128 2753 venit
1151 2701 1215 2753 ad
1242 2702 1591 2769 propinquam
1614 2706 1855 2759 solitudi-

286 2794 431 2845 nem,
463 2798 700 2839 seorsum
745 2787 970 2854 primum
1020 2790 1216 2857 degens
1237 2831 1253 2859 ,
1288 2792 1385 2845 sibi
1418 2794 1645 2861 quodam
1693 2811 1854 2864 parvo

280 2883 591 2928 constructo
639 2878 944 2947 tuguriolo,
990 2881 1160 2932 solum
1222 2883 1527 2949 compositis
1572 2895 1851 2941 contentus

280 2964 545 3027 oleribus;
573 2979 715 3033 smpe
741 2967 898 3020 etiam
931 2969 1095 3022 semel
1125 2968 1296 3023 solum
1320 2985 1544 3027 vesceris
1566 2974 1616 3027 in
1646 2975 1849 3029 hebdo-

282 3055 459 3108 mada.
496 3056 665 3123 Atque
691 3063 807 3109 erat
834 3055 1043 3122 quidem
1091 3058 1315 3126 primum
1347 3058 1678 3127 illitteratus;
1705 3073 1849 3129 post-

280 3159 439 3213 quam
471 3154 648 3199 autem
670 3146 813 3199 venit
841 3161 903 3200 ex
931 3148 1214 3202 solitudine
1237 3150 1286 3201 in
1312 3159 1507 3204 terram
1538 3150 1844 3219 habitatam,
1877 3172 1925 3235 ο

281 3234 333 3288 ei
357 3236 523 3303 gratia
565 3236 659 3289 fuit
702 3235 821 3289 data
854 3237 1126 3299 divinitus,
1160 3247 1213 3291 et
1239 3236 1539 3307 Scripturas
1566 3255 1845 3309 exprome-

282 3327 372 3380 bat
410 3328 736 3381 memoriter.
782 3326 840 3380 Ei
872 3331 1011 3381 enim
1064 3328 1196 3380 lihro
1244 3331 1367 3381 dato
1406 3345 1433 3381 a
1474 3331 1744 3397 fratribus,
1777 3334 1844 3386 ita

278 3417 535 3487 deinceps
562 3418 766 3487 legebat
808 3428 1053 3489 tanquam
1088 3420 1287 3487 peritus
1319 3421 1631 3475 litterarum.
1677 3426 1844 3476 Aliam

279 3526 490 3579 quoque
574 3520 859 3583 acceperat
932 3512 1209 3583 gratiam,
1312 3527 1502 3579 nempe
1542 3515 1843 3569 dzemonum

278 3601 711 3669 eXpellendorum
737 3642 752 3665 ,
784 3602 917 3654 adeo
946 3612 1000 3654 ut
1031 3602 1175 3653 multi
1205 3616 1267 3655 ex
1300 3602 1361 3656 iis
1392 3604 1480 3671 qui
1511 3604 1841 3669 laberaltant,

277 3696 438 3749 etiam
470 3708 533 3748 eo
555 3694 787 3757 uolente,
818 3693 1108 3747 clamantes
1146 3696 1260 3762 ejus
1290 3694 1449 3747 vitam
1478 3698 1842 3751 ostenderent.

278 3783 425 3836 Alias
450 3797 660 3851 quoque
686 3783 987 3836 curationes
1036 3797 1138 3836 non
1166 3783 1407 3837 cessabat
1430 3799 1701 3852 peragere.
1730 3786 1845 3851 Quo

277 3876 471 3925 factum
502 3882 583 3927 est
611 3882 668 3926 ut
695 3873 759 3925 ad
796 3888 914 3926 eum
945 3874 1288 3926 convenirent
1318 3874 1419 3926 tria
1450 3874 1611 3928 millia
1659 3890 1844 3927 mona-

274 3966 517 4018 chorum.
549 3964 680 4017 Cum
708 3978 803 4017 eos
827 3973 1004 4017 autem
1027 3964 1108 4016 vir
1138 3964 1224 4018 ille
1245 3963 1483 4025 vidisset,
1511 3965 1691 4018 laetitia
1722 3965 1842 4020 afl‘c-

271 4066 388 4109 ctus
420 4070 512 4109 eos
542 4055 811 4119 salutavit,
834 4062 889 4109 et
907 4054 1213 4124 complexus
1252 4062 1354 4108 est.
1385 4052 1518 4112 Cum
1561 4055 1723 4123 pedes
1749 4070 1841 4109 eo-

273 4162 389 4199 rum
447 4146 675 4213 propriis
720 4146 950 4199 lavasset
995 4146 1275 4209 manibus,
1321 4161 1610 4201 conversus
1648 4158 1727 4200 est
1774 4148 1839 4202 ad

270 4238 603 4301 doctrinam;
646 4247 760 4290 erat
805 4237 946 4290 enim
1000 4237 1153 4291 valde
1199 4239 1398 4305 peritus
1446 4238 1759 4302 litterarum,
1786 4249 1841 4291 ut

269 4331 358 4395 qui
407 4329 540 4380 hanc
582 4327 802 4396 gratiam
848 4326 1140 4393 accepisset
1167 4326 1437 4380 divinitus.
1487 4328 1615 4381 Cum
1661 4340 1836 4382 autem

268 4419 661 4483 Scripturarum
694 4417 853 4469 multa
888 4416 1133 4471 solvisset
1171 4416 1373 4480 capita,
1405 4428 1457 4471 et
1485 4417 1642 4471 fidem
1674 4419 1837 4473 tradi-

266 4507 435 4563 disset
469 4507 815 4560 orthodoxam
847 4549 859 4570 ,
905 4507 1216 4561 adhortatus
1243 4518 1323 4561 est
1350 4508 1413 4561 ad
1447 4524 1647 4577 preces.
1696 4510 1831 4563 Viris
1861 4533 1908 4591 ι)

267 4598 407 4651 enim
438 4599 643 4666 magnis
682 4611 794 4649 mos
826 4607 928 4661 est,
957 4597 1085 4650 nihil
1123 4600 1300 4651 carnis
1328 4598 1629 4663 admittere,
1664 4601 1829 4664 prius-

266 4705 423 4760 quam
473 4689 713 4755 spiritale
760 4690 1065 4743 alimentum
1097 4691 1285 4742 animas
1334 4691 1646 4744 tradulerint
1677 4712 1689 4755 ;
1722 4694 1833 4745 haec

264 4793 441 4835 autem
469 4790 552 4835 est
574 4779 771 4834 Christi
803 4782 1131 4834 communio.
1162 4780 1290 4834 Cum
1317 4780 1431 4849 ejus
1460 4797 1585 4851 ergo
1610 4783 1833 4836 fuissent

267 4873 570 4942 participes,
612 4882 668 4928 et
697 4873 931 4942 egissent
970 4874 1185 4942 gratias,
1219 4874 1457 4928 hortatus
1483 4887 1564 4928 est
1589 4877 1653 4929 ad
1686 4893 1831 4930 men-

263 4977 400 5027 sam,
432 4962 543 5031 ipse
571 4976 783 5031 semper
809 4963 947 5017 inter
971 4963 1260 5016 sedendmn
1290 4978 1383 5018 eos
1412 4966 1705 5020 admonens
1734 4982 1829 5019 eo-

262 5068 378 5106 rum
409 5068 527 5123 qua:
556 5062 680 5109 sunt
709 5054 845 5108 bona
875 5063 929 5109 et
960 5054 1203 5115 honesta,
1234 5063 1288 5108 et
1315 5055 1495 5108 dicens
1517 5057 1591 5110 eis
1622 5072 1682 5111 ea
1711 5073 1829 5124 quae

264 5144 529 5213 pertinent
554 5146 617 5198 ad
650 5143 896 5200 salutem.
951 5144 1072 5200 Fuit
1096 5160 1221 5215 ergo
1252 5146 1336 5199 hic
1367 5148 1444 5200 vir
1472 5149 1646 5201 clarus
1692 5149 1830 5203 inter

262 5238 458 5291 multos
486 5237 690 5303 Patres,
715 5238 848 5292 adeo
878 5247 934 5291 ut
978 5252 1097 5291 cum
1130 5238 1276 5291 multi
1319 5237 1382 5289 ad
1419 5253 1537 5290 eum
1585 5240 1829 5293 venirent

262 5329 730 5393 tnonachi,omues
758 5337 1044 5395 praesentes
1070 5327 1258 5382 fratres
1285 5343 1602 5394 convocans,
1636 5331 1685 5383 in
1720 5347 1825 5385 uno

258 5416 348 5472 die
386 5419 463 5473 eis
503 5420 664 5473 cellas
705 5418 901 5471 faceret
932 5437 944 5470 ε
971 5434 1077 5471 uno
1127 5419 1336 5487 quidem
1386 5418 1826 5475 subministrante

260 5508 451 5578 lutum,
498 5511 666 5564 altero
705 5526 831 5563 vero
882 5510 1137 5575 laterem,
1170 5510 1275 5563 alio
1319 5518 1493 5563 autem
1548 5510 1827 5566 hauriente

257 5613 469 5667 aquam.
500 5599 754 5655 Perfertis
782 5613 960 5653 autem
984 5600 1152 5664 cellis,
1180 5600 1292 5666 ipse
1320 5601 1589 5668 pratbeltat
1614 5603 1828 5656 venien-

260 5692 401 5747 tibus
423 5707 537 5747 oua:
563 5704 710 5747 erant
742 5692 1061 5747 necessaria.
1091 5692 1137 5746 Is
1164 5691 1347 5746 falsum
1380 5691 1617 5758 fratrem,
1646 5696 1731 5762 qui
1760 5697 1823 5750 ad

1989 536 2107 575 eum
2132 537 2309 577 coram
2340 528 2582 581 omnibus
2625 533 2907 600 argnisset,
2940 538 2988 589 iu
3017 543 3243 597 medium
3275 552 3543 614 produxit.

1985 611 2099 676 Quo
2133 613 2326 666 factum
2359 626 2438 668 est
2467 627 2521 668 ut
2548 635 2700 672 nemo
2731 625 2947 677 auderet
2978 628 3226 699 deinceps
3256 611 3391 702 apud
3423 655 3544 693 eum

1986 704 2219 769 mentiri,
2252 718 2368 757 eum
2398 717 2589 760 tantam
2623 711 2839 767 haberet
2868 720 3112 785 gratiam,
3146 738 3301 792 quam
3335 744 3425 795 per
3453 732 3545 784 ho-

1984 804 2185 846 nestam
2235 810 2384 849 suam
2436 801 2594 853 vitam
2642 803 2740 854 sibi
2782 811 3087 877 collegerat.
3124 815 3336 871 Licehat
3366 831 3542 877 autem

1981 882 2161 936 videre
2199 888 2583 944 multitudinem
2617 907 2801 947 eorum
2830 899 2919 965 qui
2951 916 3069 955 cum
3101 904 3214 971 ipso
3240 921 3392 964 erant
3424 928 3543 966 mo-

1981 974 2268 1030 nachorum
2318 979 2368 1032 in
2417 982 2674 1049 ecclesia,
2707 996 2953 1057 tanquam
2998 996 3304 1063 angelorum
3348 1001 3542 1058 choros

1982 1064 2146 1120 Deum
2172 1068 2519 1126 laudantium.

2051 1161 2287 1231 Magnam
2320 1164 2441 1221 huic
2470 1178 2675 1235 sancto,
2703 1187 2801 1226 suo
2822 1177 3126 1232 testimonio
3157 1182 3335 1236 tribuit
3374 1184 3534 1240 virtus

1979 1259 2083 1305 tem
2140 1255 2387 1308 universa
2434 1256 2736 1314 fraternitas
2767 1278 2781 1315 :
2812 1264 3076 1333 pracipue
3121 1278 3298 1324 autem
3346 1275 3535 1330 ancilla

1979 1340 2072 1395 Dei
2122 1342 2369 1409 Melania,
2418 1362 2535 1413 quae
2569 1350 2707 1402 hunc
2757 1365 2989 1407 montem
3020 1368 3145 1411 ante
3191 1375 3275 1415 me
3324 1370 3404 1416 est
3456 1367 3536 1418 iu-

1977 1447 2181 1501 gressa.
2214 1435 2322 1504 Ego
2350 1438 2492 1492 enim
2525 1454 2644 1493 eum
2686 1458 2787 1496 non
2818 1443 3012 1500 offendi
3043 1448 3242 1503 vivum.
3288 1454 3409 1506 llaec
3447 1470 3540 1509 au-

1976 1538 2080 1583 tem
2121 1532 2374 1599 praeclara
2424 1534 2490 1588 de
2532 1535 2633 1591 hoc
2669 1538 2782 1590 viro
2813 1542 3082 1606 narrabat,
3116 1546 3255 1610 quod
3303 1562 3401 1602 nec
3443 1565 3537 1602 un-

1976 1636 2130 1688 quam
2163 1623 2229 1676 sit
2254 1626 2525 1691 mentitus,
2567 1642 2737 1694 neque
2760 1630 3037 1696 juraverit,
3072 1648 3241 1703 neque
3279 1638 3367 1690 ulli
3397 1640 3535 1694 male

1973 1714 2040 1765 sit
2073 1724 2336 1780 precatus,
2380 1730 2548 1783 neque
2586 1716 2793 1772 locutus
2819 1721 2887 1773 sit
2909 1723 3011 1776 nisi
3040 1739 3172 1792 opus
3200 1739 3359 1781 esset.

2588 1825 2808 1881 CAPUT
2852 1827 2895 1881 Χ

2354 1936 2389 1989 ν’
2397 1938 2467 1990 ita
2494 1939 2688 1992 abbatis
2716 1939 2913 1996 Pambo
2940 1943 3078 2014 (25).

2039 2047 2203 2117 Hujus
2240 2050 2437 2105 montis
2467 2053 2643 2107 accola
2671 2053 2766 2108 fuit
2801 2056 2960 2109 etiam
2993 2059 3154 2113 abbas
3188 2061 3409 2126 Pamho,‘
3434 2069 3522 2133 qui

1965 2139 2063 2193 fuit
2093 2143 2342 2210 magister
2382 2143 2617 2199 Dioscuri
2654 2146 2887 2216 episcopi
2920 2152 3183 2205 Ammonii
3228 2165 3280 2207 et
3308 2156 3517 2211 Eusebii

1964 2244 2015 2285 et
2059 2232 2326 2302 Euthymii
2376 2233 2621 2303 fratrum,
2672 2244 2727 2290 et
2762 2237 3006 2308 Origenis
3055 2242 3146 2298 ﬁlii
3180 2244 3292 2314 (26)
3349 2249 3523 2304 fratris

1966 2325 2231 2379 Dracontii
2278 2328 2377 2383 viri
2428 2329 2646 2384 illustris
2693 2340 2747 2385 et
2784 2332 3128 2388 admirabilis.
3174 2336 3268 2392 llic
3319 2340 3516 2396 Pambu

1964 2416 2123 2470 multa
2158 2418 2370 2486 quidem
2403 2419 2629 2475 habebat
2655 2431 2708 2477 et
2739 2423 2879 2477 varia
2906 2426 3177 2497 privilegia
3206 2446 3218 2481 :
3248 2430 3382 2486 inter
3402 2449 3518 2487 cae-

1962 2518 2073 2562 tera
2116 2518 2293 2563 autem
2334 2526 2451 2579 qua:
2481 2522 2624 2567 recte
2653 2523 2707 2567 et
2732 2528 2797 2567 ex
2837 2514 3030 2569 virtute
3059 2518 3124 2569 ab
3162 2533 3227 2571 eo
3258 2522 3519 2589 gerebam

1961 2606 2065 2661 tur,
2109 2598 2209 2652 hoc
2249 2599 2477 2653 habebat
2529 2616 2633 2669 quo
2663 2612 2778 2655 erat
2824 2603 3039 2671 reliquis
3084 2611 3347 2676 Superior,
3375 2614 3516 2681 quod

1958 2691 2160 2743 scilicet
2212 2704 2399 2744 aurum
2457 2701 2512 2745 et
2552 2702 2825 2759 argenturm
2874 2695 3219 2767 despiciebat,
3259 2714 3512 2771 quantum

1959 2782 2191 2848 postulat
2235 2786 2371 2836 ratio
2419 2784 2705 2838 dominica.
2740 2784 2891 2839 Unde
2922 2788 3048 2839 mihi
3092 2792 3322 2846 narravit
3361 2794 3510 2850 beata

1958 2874 2174 2927 Melania
2201 2875 2341 2942 quod
2379 2890 2500 2929 cum
2545 2875 2615 2930 ab
2644 2876 2792 2931 initio
2821 2877 2985 2931 lloma
3022 2882 3253 2936 venisset
3287 2887 3513 2941 Alexano

1955 2968 2144 3032 driam,
2193 2978 2247 3021 et
2291 2967 2357 3021 de
2385 2968 2502 3037 ejus
2532 2970 2725 3023 virtute
2770 2969 3026 3023 audiisset
3056 2986 3085 3024 a
3118 2972 3269 3028 beato
3306 2976 3508 3033 Isidoro

1956 3059 2265 3129 presbytero
2292 3070 2346 3115 et
2375 3062 2703 3124 xcnodocho,
2736 3062 2825 3129 qui
2848 3062 2911 3115 de
2936 3076 2999 3114 eo
3027 3063 3152 3116 mihi
3177 3069 3430 3133 narravit,
3456 3080 3511 3125 et

1954 3150 2019 3203 ad
2050 3150 2219 3217 ipsum
2257 3152 2474 3205 deduxit
2510 3152 2563 3206 in
2607 3152 2965 3206 solitudinem.
3014 3156 3093 3210 Ad
3142 3172 3280 3220 cum,
3308 3160 3504 3221 aiebat.

1952 3239 2102 3292 attuli
2135 3253 2256 3293 vasa
2293 3251 2540 3311 argentea
2581 3249 2937 3300 trecentarum
2983 3248 3231 3303 librarum
3279 3252 3505 3320 argenti,

1952 3346 2140 3400 rogans
2171 3348 2291 3385 eum
2332 3342 2388 3385 ut
2418 3348 2592 3386 rerum
2640 3349 2875 3390 mearum
2913 3352 3053 3394 esset
3103 3341 3383 3408 particeps.
3416 3342 3508 3397 Ille

1950 3430 2145 3487 autem,
2177 3422 2366 3490 inquit,
2404 3434 2729 3490 operans,et
2768 3440 2943 3480 ramos
2989 3436 3170 3482 texens
3215 3429 3518 3487 mihibene--

1950 3512 2104 3571 dixit,
2136 3525 2264 3566 voce
2307 3528 2495 3581 magna
2525 3513 2707 3567 dicens
2734 3533 2744 3564 :
2774 3515 2909 3570 Deus
2937 3518 3026 3570 det
3053 3518 3143 3571 tibi
3183 3519 3501 3574 mercedem.

1952 3603 2018 3655 Et
2045 3603 2176 3656 dixit
2206 3617 2301 3656 suo
2328 3617 2607 3657 teconomo
2633 3605 2842 3671 Origeni
2867 3604 2995 3676 [Al.,
3028 3606 3329 3680 Theodoro]
3360 3627 3373 3662 :
3402 3613 3504 3663 Ac-

1948 3694 2086 3759 cipe,
2117 3702 2172 3745 et
2200 3707 2259 3745 ea
2290 3694 2530 3761 dispensa
2563 3694 2823 3749 universa
2853 3696 3164 3750 fraternitati
3195 3712 3313 3766 quas
3339 3710 3421 3753 est
3452 3701 3501 3753 in

1951 3781 2110 3850 Libya
2153 3790 2205 3835 et
2234 3781 2285 3835 in
2318 3782 2523 3835 insulis.
2558 3782 2682 3837 llaec
2709 3784 2847 3837 enim
2878 3786 3190 3839 monasteria
3222 3787 3387 3855 magis
3418 3787 3502 3841 in-

1946 3872 2240 3941 digent:ei
2272 3871 2583 3939 praecipiens
2638 3882 2694 3927 ut
2739 3885 2802 3927 ex
2858 3889 2923 3929 eo
2972 3874 3099 3929 nihil
3130 3876 3276 3930 daret
3323 3878 3389 3930 iis
3414 3877 3501 3943 qui

1945 3968 2099 4014 erant
2127 3961 2179 4014 in
2225 3960 2476 4031 Egypto,
2512 3973 2787 4030 propterea
2817 3964 2956 4031 quod
2988 3966 3054 4017 sit
3090 3967 3234 4034 regio
3263 3965 3419 4019 ditior
3446 3975 3503 4020 et

1946 4050 2315 4103 abundantior.
2354 4052 2461 4119 Ego
2504 4061 2701 4115 autem,
2736 4052 2925 4120 inquit,
2958 4063 3103 4107 stans
3129 4056 3499 4122 exspectabam

1945 4150 2003 4192 ut
2030 4141 2112 4193 vel
2160 4141 2618 4195 benedictionibus
2667 4142 2731 4195 ab
2773 4157 2837 4196 eo
2879 4144 3191 4207 honorarer,
3224 4144 3307 4198 vel
3339 4147 3501 4199 verbo

1942 4231 2130 4284 saltem
2170 4231 2412 4284 laudarer
2442 4232 2510 4285 ob
2541 4240 2740 4284 tantum
2785 4232 3001 4286 donum.
3034 4231 3164 4286 Cum
3199 4249 3323 4288 vero
3368 4235 3499 4288 nihil

1942 4321 2158 4372 omnino
2187 4322 2253 4373 ab
2282 4336 2345 4374 eo
2393 4322 2697 4383 audiiSsem,
2730 4323 2777 4374 ei
2817 4321 2922 4375 dixi
2950 4340 2959 4373 :
2990 4323 3227 4385 Domine,
3259 4334 3314 4377 ut
3359 4326 3499 4378 scias

1942 4420 2194 4478 quantum
2225 4414 2312 4473 sit,
2356 4422 2477 4463 sunt
2508 4422 2757 4465 trecenta:
2804 4412 2951 4465 libras
2981 4414 3203 4481 argenti.
3231 4415 3277 4468 ls
3321 4423 3495 4469 autem

1942 4518 2127 4555 rursus
2158 4515 2275 4555 eum
2309 4502 2373 4555 ad
2408 4504 2507 4555 hoc
2538 4518 2601 4555 ne
2632 4504 2847 4556 omnino
2878 4504 3088 4570 quidem
3120 4505 3414 4569 annuisset,
3446 4515 3501 4559 et

1941 4606 2037 4644 nec
2075 4593 2139 4643 ad
2172 4591 2310 4644 vasis
2340 4591 2551 4659 quidem
2585 4592 2791 4644 thecam
2823 4592 3154 4656 attendisset,
3186 4594 3455 4661 respondit
3484 4615 3496 4647 :

1938 4681 1987 4734 ls
2017 4684 2099 4737 cui
2132 4681 2245 4735 hazc
2285 4682 2527 4745 attulisti,
2573 4696 2606 4734 ο
2638 4681 2762 4745 ﬁlia,
2810 4697 2913 4735 non
2944 4699 3076 4751 opus
3120 4684 3277 4737 habet
3304 4694 3361 4738 ut
3388 4702 3417 4739 a
3451 4700 3499 4741 te

1937 4774 2107 4827 discat
2158 4773 2503 4842 quantitatem
2555 4772 2821 4841 ponderis.
2852 4773 2950 4839 Qui
2995 4776 3132 4826 enim
3166 4785 3371 4829 montes
3402 4791 3497 4844 ap-

1939 4864 2120 4932 pendit
2147 4873 2201 4919 et
2237 4863 2400 4918 saltus
2444 4872 2639 4917 statera
2670 4862 2803 4932 (lsa.
2838 4878 2923 4926 λι,
2954 4862 3063 4932 12),
3116 4865 3282 4918 multo
3329 4870 3493 4934 magis

1936 4961 2038 5013 scit
2070 4959 2415 5027 quantitatem
2450 4958 2521 5011 tui
2550 4959 2775 5027 argenti.
2816 4959 2868 5012 Si
2913 4961 3053 5012 enim
3088 4960 3199 5013 haec
3241 4962 3370 5014 mihi
3400 4963 3494 5015 da-

1936 5066 2041 5114 res,
2076 5060 2219 5105 recte
2248 5048 2374 5103 mihi
2405 5049 2610 5118 pondus
2636 5049 2892 5115 dixisses;
2926 5050 3017 5103 sed
3044 5051 3089 5103 si
3113 5050 3220 5105 Deo
3248 5065 3308 5105 ea
3339 5051 3494 5105 obtu-

1937 5142 2061 5207 IiSli,
2111 5141 2199 5210 qni
2230 5155 2297 5194 ne
2324 5140 2459 5194 duos
2487 5141 2698 5209 quidem
2742 5142 2930 5196 obolos
2963 5141 3079 5213 (27)
3104 5144 3363 5212 despexit,
3398 5144 3491 5197 sed

1935 5247 2025 5285 eos
2076 5234 2191 5300 plus
2245 5246 2401 5299 quant
2450 5232 2623 5286 omnia
2673 5234 2955 5286 aestimath
2998 5233 3191 5302 (Marci
3237 5251 3329 5300 xit,
3379 5233 3490 5300 ΑΩ),

1934 5336 2068 5379 tace.
2108 5325 2196 5379 Sic
2240 5340 2386 5395 ergo,
2440 5327 2630 5396 inquit,
2684 5326 3010 5395 dispensavit
3051 5328 3218 5394 gratia
3261 5327 3489 5393 Domini,

1931 5419 2053 5469 dum
2104 5418 2337 5486 ingressa
2387 5433 2503 5472 sum
2536 5419 2586 5471 in
2636 5417 2775 5471 hunc
2826 5428 3079 5470 montem.
3129 5418 3277 5472 Brevi
3315 5430 3490 5472 autem

1930 5517 2049 5576 post
2078 5516 2315 5578 tempore
2355 5511 2571 5565 dormiit
2602 5509 2760 5565 homo
2788 5509 2903 5573 Dei,
2934 5524 3032 5564 nec
3076 5523 3359 5581 rgmtans,
3395 5526 3492 5564 nec

1931 5600 1979 5650 iu
2012 5598 2119 5652 ulla
2150 5610 2297 5668 parte
2316 5598 2552 5667 corporis
2581 5598 2816 5652 dolorem
2844 5597 3098 5657 sentiens.
3132 5596 3226 5650 sed
3251 5609 3487 5665 sportatn

1928 5704 2216 5752 contexens
2248 5710 2332 5751 me
2362 5693 2625 5758 accersiit,
2676 5701 2730 5747 et
2766 5706 2884 5747 cum
2931 5691 3139 5748 adesset
3162 5688 3273 5759 jam
3316 5702 3488 5746 extre-
