4258 6358
779 395 908 452 1031

2231 390 2539 449 PALLADII

3866 405 4022 464 1059

777 525 897 564 mus
927 509 1198 574 stimulus,
1243 508 1371 562 dicit
1418 510 1547 564 mihi
1578 530 1589 565 :
1632 510 1776 580 Cape
1832 508 1970 563 hanc
2020 517 2259 578 sportam
2299 519 2326 558 a
2359 514 2403 573 Α
2434 523 2591 576 posse
2624 515 2806 584 egredi
2840 532 2868 572 e
2894 518 3205 575 solitudine.
3238 519 3335 575 Ubi
3359 531 3537 575 autem
3571 534 3680 575 non
3710 520 4018 585 cedebant,

774 594 912 648 meis
947 594 1215 656 manibus,
1247 604 1305 647 ut
1328 595 1427 647 uzei
1461 594 1790 647 memineris.
1828 592 2128 646 Nihilcnim
2158 594 2329 647 habeo

774 677 919 729 aliud
946 677 1087 744 quod
1122 677 1216 729 tibi
1247 677 1562 744 relinquam.
1598 676 1661 729 Et
1692 691 1813 729 cum
1846 677 1947 730 hoc
1974 677 2219 737 dixisset,
2246 694 2331 731 ex-

774 760 917 812 cedit
956 761 1071 812 sine
1108 760 1275 823 febre,
1308 776 1427 813 cum
1472 770 1614 815 esset
1652 776 1920 814 annorum
1967 764 2326 831 septuaginta,

774 842 1004 898 Domino
1026 845 1412 898 commendans
1442 844 1709 912 spiritum.
1745 848 1912 910 Quem
1946 861 2066 899 cum
2105 862 2203 917 ego
2234 865 2330 901 cu-

773 946 976 986 rassem
1009 931 1141 999 (28),
1176 940 1230 986 et
1263 932 1442 985 linteis
1476 933 1647 986 sancti
1677 949 1871 1001 corpus
1906 934 2250 987 involvisscm
2277 944 2330 990 et

772 1014 1169 1083 deposuissem,
1215 1016 1413 1069 recessi
1456 1031 1486 1069 a
1525 1016 1835 1081 solitudine,
1877 1033 2044 1085 usque
2084 1018 2148 1071 ad
2186 1019 2327 1072 diem

772 1102 962 1154 mortis
995 1116 1203 1155 mecum
1247 1103 1452 1155 habens
1492 1102 1634 1155 illam
1670 1110 1926 1170 sportam.
1964 1104 2061 1159 Hic
2092 1104 2327 1160 Pambon

771 1200 893 1237 cum
919 1194 1062 1237 esset
1093 1187 1409 1249 moriturus,
1440 1187 1495 1239 in
1546 1186 1659 1253 ipsa
1713 1186 1841 1241 hora
1886 1204 2162 1255 excessus,
2202 1205 2325 1243 eum

770 1269 1245 1322 circumstantibus
1260 1267 1488 1339 Origene
1500 1269 1810 1339 presbytero
1826 1286 1889 1325 ac
1901 1286 2182 1326 teconomo
2195 1274 2329 1339 (29),

770 1359 827 1402 et
856 1351 1142 1405 Ammonio
1169 1352 1300 1407 viris
1323 1354 1553 1422 inclytis,
1581 1364 1633 1408 et
1660 1354 1880 1423 reliquis
1903 1355 2176 1421 fratribus,
2196 1358 2329 1411 dici-

771 1443 859 1487 tur
888 1435 991 1489 hoc
1020 1435 1256 1489 dixisse:
1294 1436 1370 1489 Ex
1403 1452 1510 1505 quo
1531 1438 1651 1489 veni
1682 1437 1733 1489 in
1764 1438 1908 1492 hunc
1942 1439 2117 1493 locum
2148 1442 2332 1494 solitu-

769 1518 932 1582 dinis,
977 1528 1031 1571 et
1078 1534 1250 1572 meam
1290 1520 1547 1574 aedificavi
1583 1524 1794 1581 cellam.
1836 1530 1890 1575 et
1937 1522 2025 1576 hic
2068 1524 2326 1592 habitavi,

767 1602 948 1654 nullus
978 1601 1081 1655 fuit
1102 1602 1218 1655 dies
1240 1618 1346 1671 quo
1381 1618 1489 1657 non
1522 1605 1717 1673 aliquid
1746 1608 1925 1673 operis
1952 1608 2167 1662 fecerim
2193 1611 2328 1663 meis

766 1683 1057 1736 manibus:
1111 1699 1212 1737 nec
1240 1686 1457 1740 memini
1485 1701 1569 1740 me
1617 1687 1684 1740 ab
1713 1689 1892 1756 aliquo
1932 1705 2124 1758 panem
2164 1693 2328 1760 gratis

766 1766 952 1819 datum
985 1769 1327 1832 comedisse;
1358 1785 1458 1823 nec
1486 1785 1572 1823 me
1606 1770 1657 1823 in
1692 1772 1831 1827 hanc
1868 1774 2057 1827 horam
2101 1776 2327 1843 paenitet

2430 597 2561 664 ipsis
2586 600 2914 667 videntibus,
2937 616 3151 674 arrepto
3180 605 3361 660 forfice
3382 607 3659 661 sinistram
3688 621 3873 659 aurem
3892 607 4016 660 sibi

2429 680 2662 734 abscidit
2682 683 2747 737 ad
2766 684 2929 738 imum
2957 702 3147 756 usque.
3166 689 3246 743 eis
3273 690 3497 744 dicens:
3529 689 3685 742 Nunc
3712 688 4023 757 intelligito

2431 762 2544 816 fieri
2578 780 2685 819 non
2711 782 2867 835 posse
2890 779 2949 823 ut
2969 786 3068 840 ego
3091 772 3213 825 fiam
3242 774 3385 841 quod
3417 788 3502 826 me
3522 773 3734 841 cogitis.
3762 786 3887 825 cum
3915 770 4021 823 lex

2430 848 2715 913 prohibeat
2742 868 2811 904 ne
2836 854 2903 907 ad
2928 855 3291 909 sacerdotium
3322 857 3654 925 provehatur
3684 856 3729 909 is
3753 855 3841 910 cui
3870 863 4022 907 sunt.

2428 942 2587 983 aures
2615 943 2925 1002 amputatae.
2952 936 3086 990 Cum
3112 938 3189 993 sic
3213 954 3340 1009 ergo
3369 955 3492 992 eum
3523 938 3877 1000 dimisissent,
3914 952 4019 989 re-

2428 1028 2732 1083 cesserunt,
2760 1022 2899 1076 etad
2928 1025 3244 1092 episcopum
3269 1025 3551 1079 venientes
3574 1024 3687 1077 haec
3711 1023 3759 1077 ei
3789 1036 4015 1076 renun-

2428 1096 2649 1155 tiarunt.
2686 1102 2735 1156 ls
2758 1114 2937 1159 autem
2968 1107 3048 1162 eis
3076 1107 3237 1162 dicit:
3271 1106 3393 1161 Hmc
3426 1109 3510 1161 lex
3544 1108 3595 1161 in
3628 1122 3726 1161 usu
3750 1107 3818 1161 sit
3850 1106 4013 1173 apud

2427 1179 2661 1235 Iudaeos.
2696 1182 2826 1238 Mihi
2848 1195 3026 1240 autem
3058 1188 3100 1241 si
3128 1188 3212 1241 vel
3242 1198 3548 1242 truncatum
3582 1187 3801 1240 naribus
3823 1186 4013 1237 addu-

2429 1264 2620 1318 xeritis
2648 1268 2738 1334 qui
2775 1266 2844 1320 sit
2884 1268 3043 1324 bonis
3081 1270 3342 1332 moribus,
3395 1285 3495 1339 ego
3538 1286 3661 1324 eum
3706 1268 4009 1322 ordinabo.

2429 1344 2632 1401 Euntes
2663 1364 2789 1419 ergo
2823 1366 2946 1404 eum
2967 1367 3153 1405 rursus
3186 1353 3464 1423 rogabant.
3504 1353 3639 1407 Cum
3668 1354 3781 1421 ipse
3811 1363 4011 1404 autem

2428 1444 2535 1483 non
2569 1443 2802 1501 pareret,
2838 1437 3072 1504 aggressi
3101 1446 3229 1491 sunt
3255 1453 3378 1491 eum
3406 1438 3491 1491 vel
3532 1437 3583 1489 vi
3627 1438 3915 1490 adducere.
3952 1433 4015 1487 Is

2428 1523 2609 1568 autem
2639 1518 2715 1572 eis
2745 1519 2963 1587 juravil,
2995 1519 3220 1573 dicens:
3269 1520 3323 1574 Si
3358 1538 3444 1574 me
3482 1521 3796 1589 coegeritis,
3830 1518 4011 1572 etiam

2429 1595 2666 1667 linguam
2700 1615 2873 1653 meam
2908 1602 3236 1655 exscindam.
3280 1603 3354 1656 Eo
3381 1604 3561 1670 itaque
3594 1612 3717 1670 post
3762 1603 3878 1655 htec
3912 1603 4013 1656 (li-

2429 1680 2615 1742 misso,
2650 1695 3016 1740 recesserunt.
3060 1684 3231 1752 llujus
3258 1687 3526 1739 Ammonii
3560 1686 3732 1739 fertur
3758 1688 3863 1741 hoc
3899 1690 4015 1742 mi-

2430 1768 2690 1822 raculum.
2718 1768 3024 1838 Nunquam,
3046 1768 3313 1838 inquiunt,
3338 1770 3379 1822 si
3399 1770 3614 1837 quando
3638 1774 3808 1840 turpis
3840 1773 3973 1824 volu
3993 1802 4014 1814 -

768 1849 931 1919 716
970 1850 1196 1919 alicujus
1233 1855 1518 1917 sermonis,
1552 1870 1710 1923 quem
1754 1856 1977 1911 dixerim
2012 1877 2026 1923 ;
2053 1868 2108 1912 οι
2137 1860 2215 1912 sic
2260 1860 2324 1913 ad
2351 1860 2401 1920 Β
2430 1850 2592 1917 ptatis
2611 1854 2913 1907 caruncula:
2935 1853 3257 1907 insurrectio
3274 1854 3393 1920 ejus
3416 1869 3614 1921 corpus
3635 1855 3853 1921 invasit,
3876 1872 4015 1909 cor-

767 1933 936 1985 Deum
966 1935 1180 1998 recedo,
1211 1944 1269 1987 ut
1297 1937 1387 2005 qui
1419 1952 1519 1990 nec
1548 1939 1665 2006 pius
1700 1940 1915 2006 quidem
1950 1955 2013 1993 ac
2047 1942 2327 2011 religiosus

766 2030 884 2069 esse
915 2018 1195 2084 coeperim.
1230 2018 1341 2073 lloc
1374 2036 1588 2089 quoque
1626 2022 1691 2074 de
1722 2037 1788 2075 eo
1819 2022 2063 2076 ferebant
2091 2025 2328 2078 testimo-

766 2098 917 2152 nium
940 2099 1137 2155 Christi
1154 2102 1295 2155 servi
1319 2101 1578 2172 Origenes
1600 2112 1652 2156 et
1672 2106 2009 2166 Ammonius,
2030 2107 2171 2174 quod
2195 2122 2328 2159 ιιιιιι-

762 2198 923 2251 quam
954 2183 1023 2237 de
1052 2199 1109 2237 re
1146 2185 1324 2253 aliqua
1372 2187 1755 2257 interrogatus,
1806 2205 1927 2256 qua:
1962 2190 2042 2243 vel
2086 2190 2150 2243 ad
2180 2188 2325 2243 Scri-

764 2274 1002 2333 pturam,
1035 2268 1121 2320 vel
1152 2268 1217 2321 ad
1239 2267 1506 2322 actionem
1532 2272 1876 2340 negotiumve
1907 2272 2125 2341 aliquod
2159 2273 2325 2339 perti-

764 2358 941 2415 neret,
967 2350 1146 2404 statim
1180 2351 1539 2420 responderit,
1570 2356 1661 2408 sed
1689 2352 1924 2409 dixerit:
1958 2354 2205 2409 Nondum
2246 2357 2327 2408 in—

762 2434 886 2487 veni
901 2433 1042 2502 quod
1057 2436 1407 2502 respondeam
1433 2452 1447 2500 ;
1466 2451 1608 2505 saepe
1626 2447 1803 2491 autem
1829 2438 2201 2507 przeterierant
2219 2448 2326 2494 tres

764 2530 1001 2578 menses,
1026 2526 1079 2570 et
1105 2532 1210 2570 non
1236 2518 1395 2571 dabat
1423 2534 1767 2587 responsum,
1810 2520 1997 2575 dicens
2023 2540 2035 2576 :
2074 2520 2323 2576 Nondum

762 2600 1171 2666 comprehendi.
1216 2599 1346 2653 Tam
1378 2602 1717 2657 considerate
1750 2604 1964 2672 quidem
1995 2621 2057 2659 ex
2092 2606 2200 2659 Deo
2237 2610 2326 2658 da-

761 2680 852 2733 bat
877 2696 1157 2750 responsa,
1176 2693 1280 2736 uta
1307 2685 1414 2738 Deo
1437 2700 1557 2739 cum
1581 2688 1724 2738 omni
1749 2698 1893 2741 metu
1913 2704 2100 2741 omnes
2116 2690 2325 2758 accipe-

762 2772 904 2817 rent.
933 2765 1223 2818 Dicebatur
1244 2765 1387 2818 enim
1409 2766 1547 2820 hanc
1574 2768 1829 2822 virtutem
1849 2770 2010 2823 etiam
2032 2787 2191 2839 supra
2210 2787 2325 2825 ma-

760 2862 926 2915 gnum
947 2852 1262 2911 Antonium,
1286 2859 1339 2902 et
1358 2864 1521 2917 super
1546 2866 1735 2904 omnes
1762 2862 1977 2907 sanctos
2000 2856 2324 2919 exercuisse,

762 2944 960 2998 nempe
980 2940 1037 2984 ut
1060 2942 1205 2986 esset
1233 2932 1284 2984 in
1315 2932 1585 2999 loquendo
1616 2945 1902 2988 accuratus
1942 2945 1995 2990 et
2026 2936 2320 3005 perfectus.

1367 3052 1596 3109 CAPUT
1625 3054 1720 3108 Xl.

1219 3142 1336 3197 Vita
1359 3144 1566 3199 abbatis
1600 3147 1722 3200 Pior
1750 3148 1881 3218 (50).

831 3252 1023 3307 Fertur
1062 3267 1241 3310 autem
1274 3269 1472 3325 praeter
1486 3261 1588 3314 alia
1613 3260 1727 3314 haec
1756 3276 1968 3329 quoque
1991 3264 2130 3317 actio
2153 3269 2323 3323 sancti

760 3333 1022 3403 Pambon,
1059 3340 1200 3407 quod
1232 3339 1373 3407 Pior,
1405 3344 1494 3411 qui
1524 3359 1580 3397 se
1611 3345 1662 3397 in
1696 3345 1800 3398 vita
1828 3349 2111 3400 exercebat
2133 3366 2324 3405 mona-

758 3418 912 3482 stica,
945 3420 1009 3473 ad
1036 3423 1154 3489 ejus
1182 3424 1369 3477 cellam
1403 3426 1695 3495 aliquando
1726 3430 2006 3488 accedens.
2045 3434 2321 3500 proprium

759 3516 954 3568 panem
986 3504 1195 3559 detulit.
1229 3508 1363 3560 Cum
1391 3523 1513 3561 eum
1546 3520 1725 3563 autem
1764 3510 2002 3565 Pambon
2023 3517 2322 3582 reprehen-

757 3587 1185 3651 disset,dieens:
1219 3591 1327 3643 Cur
1359 3593 1460 3645 hoc
1487 3594 1660 3647 fecisti
1695 3595 1716 3647 ?
1749 3598 2027 3665 respondit
2054 3598 2211 3654 Pior:
2246 3599 2323 3656 Ne

757 3678 812 3723 te
844 3687 1141 3739 gravarem.
1177 3672 1357 3742 Itaque
1408 3677 1604 3731 tacitus
1634 3692 1758 3731 eum
1799 3680 2019 3734 dimisit.
2054 3683 2180 3737 Post
2218 3686 2321 3738 ali-

756 3763 1020 3822 quantum
1036 3765 1213 3809 autem
1242 3762 1500 3828 temporis
1532 3762 1795 3815 accedens
1826 3778 2051 3834 magnus
2081 3765 2319 3823 Pambon

757 3839 822 3891 ad
868 3840 1057 3892 cellam
1104 3840 1249 3904 Pior,
1283 3857 1477 3912 panem
1518 3860 1677 3898 suum
1722 3862 1905 3901 secum
1961 3851 2318 3905 madefactum

756 3924 957 3977 attulit.
985 3924 1066 3978 Ab
1095 3940 1161 3979 eo
1190 3936 1371 3980 autem
1404 3939 1641 3998 rogatus,
1675 3946 1907 3999 quanam
1944 3933 2012 3986 de
2039 3949 2197 3988 causa
2228 3952 2323 4005 pa-

755 4022 878 4061 nem
897 4009 1166 4063 attulisset
1185 4011 1566 4077 madefactum,
1599 4017 1880 4084 respondit
1901 4018 2171 4074 Pambon:
2199 4021 2321 4076 Ideo

756 4091 1041 4159 madefeci,
1073 4109 1142 4147 ne
1168 4110 1266 4165 ego
1294 4111 1508 4165 quoque
1540 4108 1593 4151 te
1622 4114 1919 4168 gravarem.

1342 4236 1572 4294 CAPUT
1618 4238 1732 4295 XII.

757 4325 874 4380 Vita
917 4328 1120 4382 abbatis
1165 4331 1431 4384 Ammonii
1479 4332 1590 4454 (5lg
1631 4340 1679 4384 et
1730 4334 1958 4401 fratrum
2002 4335 2160 4389 simul
2200 4352 2317 4389 cum

1389 4418 1556 4454 sorori
1598 4419 1676 4454 us.

1389 4418 1676 4455 εονοτιοιιε.

818 4509 1160 4575 Ammonius,
1199 4512 1287 4581 qui
1324 4511 1425 4565 fuit
1448 4514 1627 4584 magni
1664 4512 1868 4568 Pambo
1902 4514 2220 4585 discipulus,
2246 4519 2316 4573 si-
2339 4524 2391 4583 D

748 4594 861 4647 mul
890 4609 1011 4646 eum
1040 4595 1213 4648 tribus
1239 4595 1494 4649 fratribus
1528 4607 1579 4650 et
1617 4596 1827 4651 duabus
1856 4601 2153 4665 sororibus,
2192 4617 2315 4656 cum

748 4679 1211 4746 pervenissentad
1239 4695 1511 4733 summum
1548 4681 1762 4749 pietatis
1798 4698 1859 4735 ac
1890 4684 2187 4753 religionis,
2221 4703 2314 4741 ve-

746 4770 949 4814 nerunt
979 4761 1032 4813 in
1057 4761 1425 4825 solitudinem,
1457 4771 1511 4815 et
1539 4780 1784 4819 seorsum
1821 4765 2068 4820 fecerunt
2103 4778 2315 4822 utrum-

746 4861 853 4916 que
884 4847 1549 4911 monasterium,virorum
1580 4848 1791 4902 scilicet
1820 4858 1871 4902 et
1900 4851 2208 4917 mulierum,
2244 4854 2316 4907 ita

747 4939 806 4983 ut
842 4931 972 4984 satis
998 4946 1249 5000 magnum
1278 4932 1637 4986 intercederet
1662 4934 1913 4999 spatium.
1935 4936 2197 4999 Quoniam
2216 4952 2315 4990 au-

744 5022 852 5066 tem
892 5014 1176 5083 insigniter
1210 5015 1401 5069 doctus
1433 5026 1548 5069 erat
1580 5018 1817 5070 virorum
1836 5021 2074 5087 optimus
2096 5022 2315 5077 Ammo-

744 5097 888 5157 nius,
911 5098 1157 5164 quardam
1174 5098 1369 5152 civitas
1393 5098 1725 5153 desideravit
1745 5117 1867 5154 eum
1893 5102 2093 5157 habere
2113 5106 2315 5174 episco-

744 5193 893 5245 pum.
929 5178 1029 5242 Qui
1068 5194 1189 5233 cum
1218 5183 1581 5236 accessissent
1613 5184 1679 5237 ad
1718 5184 1936 5239 beatum
1966 5187 2310 5243 Timotheum

742 5263 1077 5331 episc0pum,
1099 5276 1358 5332 rogarunt
1379 5280 1500 5319 cum
1531 5276 1588 5319 ut
1605 5269 1683 5321 eis
1700 5270 2011 5339 episcopum
2038 5272 2314 5328 ordinaret

740 5346 1108 5401 Ammonium.
1142 5348 1234 5401 llle
1259 5359 1440 5402 autem
1469 5350 1630 5404 dicit:
1664 5351 1928 5407 Adducite
1958 5370 2082 5408 eum
2105 5357 2169 5411 ad
2204 5373 2309 5421 me,

740 5438 792 5480 et
811 5445 907 5499 ego
928 5445 1051 5483 eum
1072 5432 1223 5484 vobis
1248 5433 1530 5486 ordinabo.
1550 5432 1686 5487 Cum
1712 5449 1839 5503 ergo
1853 5451 1971 5487 cum
2002 5452 2196 5507 magno
2214 5456 2311 5494 au-

740 5514 869 5566 xilio
887 5513 1187 5569 ivissentad
1203 5532 1323 5569 eum
1340 5517 1932 5584 comprehendendum,
1955 5520 1999 5573 is
2016 5536 2312 5578 conversus

738 5598 893 5651 estin
918 5598 1117 5669 fugam.
1152 5600 1286 5654 Cum
1333 5600 1757 5654 vidissetautem
1798 5616 1855 5654 se
1879 5603 1987 5670 jam
2009 5620 2127 5659 esse
2159 5622 2313 5661 com-

737 5682 1088 5748 prehensum,
1106 5692 1256 5739 stans
1275 5699 1367 5737 eos
1399 5684 1640 5751 rogabat.
1662 5683 1795 5737 Cum
1818 5685 1849 5736 ii
1881 5696 2059 5741 autem
2086 5704 2193 5743 non
2219 5707 2313 5759 pa-

736 5775 942 5827 rerent,
966 5766 1168 5836 juravit
1196 5782 1360 5821 senes
1402 5782 1459 5820 se
1509 5781 1619 5820 rem
1656 5781 1764 5823 non
1809 5769 2103 5838 suscipere,
2137 5789 2310 5843 neque

2427 1931 2545 1998 pori
2568 1946 2667 1987 suo
2684 1936 2924 2003 pepercit
2952 1952 2966 2000 ;
3001 1936 3094 1989 sed
3113 1935 3315 1990 ferrum
3340 1936 3576 1989 candens
3606 1937 3718 1990 suis
3737 1938 4013 1992 membris

2426 2012 2764 2080 admovebat,
2784 2018 2919 2072 adeo
2942 2027 2999 2070 ut
3028 2027 3171 2071 esset
3197 2026 3340 2072 totus
3362 2021 3651 2076 ulceratus.
3672 2018 3797 2089 Ejus
3814 2031 4012 2075 autem

2428 2111 2611 2150 mensa
2640 2099 2767 2153 talis
2785 2099 2933 2154 fuita
2958 2102 3246 2171 juventute
3278 2118 3447 2171 usque
3464 2104 3529 2156 ad
3566 2113 3815 2166 mortem,
3851 2106 4014 2173 quod

2426 2179 2609 2234 crudis
2639 2182 3183 2239 scilicetvesceretur
3209 2203 3223 2250 ;
3254 2186 3389 2239 nihil
3426 2187 3574 2240 enim
3621 2204 3858 2258 unquam
3900 2204 4013 2243 co-

2426 2263 2674 2318 medebat
2706 2266 2849 2335 quod
2884 2267 2991 2338 igni
3023 2268 3213 2323 fuisset
3243 2270 3537 2331 admotum,
3565 2284 3760 2341 praeter
3778 2287 4011 2341 panem.

2427 2343 2593 2400 Vetus
2616 2356 2798 2401 autem
2830 2358 2885 2403 et
2929 2350 3137 2405 Novum
3173 2351 3585 2408 Testamentum
3632 2354 3846 2410 dicebat
3880 2372 4012 2409 me-

2426 2430 2649 2485 moriter
2676 2432 2786 2499 (32)
2815 2449 2829 2495 ;
2859 2441 2911 2486 et
2945 2433 2997 2487 in
3032 2435 3315 2491 doctorum
3357 2437 3597 2492 virorum
3653 2436 3905 2509 Origenis
3945 2452 4012 2496 et

2426 2511 2657 2584 Didymi,
2682 2524 2735 2569 et
2766 2513 2928 2570 Pierii
2951 2525 3006 2572 et
3035 2518 3298 2588 Stephani
3330 2522 3550 2592 scriptis
3598 2523 3671 2577 ita
3713 2535 3826 2579 erat
3866 2543 4012 2580 ver-

2427 2606 2593 2659 satus,
2626 2606 2685 2651 ut
2718 2600 2963 2669 sexagies
2988 2612 3219 2656 centena
3258 2604 3422 2657 millia
3478 2621 3733 2660 versuum
3766 2622 4012 2676 percur-

2427 2678 2576 2742 rerit,
2613 2688 2670 2733 ut
2698 2680 2765 2734 de
2795 2696 2861 2735 eo
2895 2682 3078 2737 ferunt
3128 2686 3496 2740 testimonium
3551 2691 3729 2759 magni
3774 2707 4011 2762 quoque

2426 2759 2613 2814 Patres
2649 2763 2701 2815 in
2740 2765 3052 2821 solitudine.
3093 2766 3264 2837 llujus
3300 2778 3479 2823 autem
3533 2759 3800 2827 feruntur,
3826 2759 4007 2831 etiam

2426 2845 2743 2913 prophetia.
2779 2846 3012 2903 Tantum
3045 2861 3225 2906 autem
3288 2854 3498 2908 valebat
3544 2856 3596 2909 in
3648 2860 4009 2917 consolandis

2427 2925 2682 2983 fratribus
2726 2930 2817 2998 qui
2850 2942 3005 2987 erant
3053 2934 3105 2988 in
3158 2936 3476 3000 solitudine,
3511 2950 3772 3008 quantum
3811 2944 4011 3000 nullus

2427 3010 2581 3065 alius.

2497 3101 2610 3158 Hoc
2637 3105 2685 3157 ei
2719 3121 2819 3160 suo
2851 3106 3103 3177 suffragio
3128 3109 3403 3164 tribuebat
3427 3111 3708 3181 Evagrius,
3744 3117 3832 3185 qui
3876 3131 4009 3173 erat

2344 3202 2389 3265 ρ
2426 3189 2507 3243 vir
2536 3189 2874 3245 discernendi
2900 3192 2947 3245 vi
2984 3194 3264 3261 praeditus,
3294 3210 3349 3248 se
3382 3195 3582 3248 nullum
3607 3198 3881 3255 hominem
3917 3206 4011 3256 vi-

2425 3273 2570 3327 disse
2598 3274 2686 3343 qui
2720 3286 2861 3329 esset
2884 3278 3053 3345 magis
3086 3279 3400 3345 impatihilis
3425 3280 3557 3348 (35),
3596 3293 3649 3335 et
3682 3285 3893 3340 alienus
3931 3291 4008 3344 ab

2424 3356 2677 3413 omnibus
2709 3358 2872 3411 animi
2904 3360 3408 3427 perturbationibus
3452 3362 3639 3435 (Caute
3672 3366 3821 3437 lege).

2496 3450 2615 3521 [llic
2649 3452 2785 3506 idem
2823 3456 3199 3510 sanctissimus
3239 3473 3361 3511 cum
3406 3473 3437 3512 a
3485 3458 3694 3514 Rullino
3733 3468 4007 3534 tetnpOris

2426 3532 2570 3587 illius
2603 3537 2859 3603 praefecto
2879 3539 3113 3605 praetorii
3154 3541 3441 3609 multiplici
3479 3532 3883 3612 supplicatione
3913 3568 4006 3602 ro-

2422 3623 2575 3684 gatus
2606 3616 2817 3682 fuisset,
2857 3627 2914 3671 ut
2954 3636 3148 3689 magno
3195 3622 3288 3677 illo
3348 3629 3635 3683 Ammonio
3674 3630 4005 3687 Constanti-

2422 3700 2656 3767 nopolim
2693 3702 2761 3755 ob
2790 3706 3125 3758 necessarias
3155 3708 3321 3761 eremi
3353 3710 3593 3765 actiones
3644 3716 4003 3784 adveniente,

2422 3781 2537 3851 ipse
2564 3800 2779 3853 quoque
2814 3788 3130 3856 dignaretur
3168 3792 3375 3855 venire,
3419 3795 3774 3852 vehementer
3798 3799 3853 3855 id
3879 3781 4011 3870 pre-

2420 3867 2666 3921 cantibus
2691 3870 2893 3923 sanctis
2920 3872 3252 3926 diversarum
3272 3876 3671 3942 provinciarum
3699 3867 4008 3954 episcopis,

2421 3948 2649 4019 aliisque
2679 3954 3088 4021 quampluribus
3102 3957 3347 4012 eremitis
3372 3959 3482 4029 (qui
3507 3962 3573 4015 ad
3591 3948 4006 4022 dedicationem

2419 4032 2674 4098 basilicae,
2704 4052 2863 4104 quam
2900 4038 3014 4106 ipse
3050 4039 3390 4105 condiderat,
3426 4049 3840 4116 convenerant),
3880 4067 4009 4106 me-

2419 4127 2690 4171 moratum
2729 4118 3000 4174 Bullinum
3042 4124 3277 4192 propriis
3297 4127 3548 4182 manibus
3578 4133 4007 4199 suscepitsacro

2418 4199 2569 4254 fonte
2600 4203 2939 4257 mandatum.
2978 4205 3150 4269 Quem
3182 4222 3293 4261 suae
3334 4214 3771 4268 conversationis
3796 4220 4004 4273 merito

2419 4283 2709 4352 plurimum
2742 4299 3029 4343 veneratus
3063 4299 3166 4353 est,
3203 4302 3390 4346 sancto
3427 4294 3714 4351 Ammonio
3764 4303 4003 4370 cupiens

2421 4364 2473 4419 in
2502 4370 2755 4423 omnibus
2804 4370 3027 4425 obedire
3065 4388 3076 4422 :
3112 4374 3203 4441 qui
3260 4376 3420 4442 paulo
3451 4385 3583 4445 post.
3621 4364 3879 4439 dormivit
3938 4390 4001 4444 in

2419 4446 2666 4515 Domino,
2699 4453 3049 4521 sepultusque
3080 4464 3163 4508 est
3198 4455 3249 4509 in
3275 4457 3491 4512 basilica
3527 4476 3645 4529 quae
3687 4468 4002 4534 appellatur

2418 4530 2753 4598 Ruﬂiniana;
2790 4536 2843 4588 in
2863 4537 3017 4601 cujus
3045 4538 3293 4606 sepulcro
3329 4543 3502 4595 curari
3537 4530 3788 4601 feruntur
3810 4556 3999 4609 cuncti

2417 4616 2645 4671 diversis
2680 4617 2922 4673 febribus
2945 4620 3273 4676 laborantes.
3315 4623 3397 4677 Ea:
3428 4627 3724 4696 Heraclide,
3758 4651 3877 4704 cup.
3909 4638 3996 4710 2.]

2999 4732 3228 4788 CAPUT
3258 4734 3400 4789 XIII.

2790 4833 2908 4888 Vita
2940 4836 3143 4889 abbatis
3179 4836 3458 4905 Benjamin
3492 4842 3627 4911 (51).

2488 4945 2544 4997 1η
2574 4945 2675 5000 hoc
2706 4956 2889 5002 monte
2919 4948 3105 5003 Nitriae
3135 4950 3235 5004 fuit
3262 4952 3342 5004 vir
3373 4953 3729 5021 admirabilis,
3765 4960 3857 5027 qui
3890 4977 3994 5015 vo-

2415 5030 2640 5083 cabatur
2669 5030 2970 5097 Benjamin,
3007 5032 3096 5099 qui
3121 5042 3266 5087 recte
3288 5043 3342 5087 et
3362 5050 3427 5088 ex
3461 5037 3661 5093 virtute
3692 5042 3857 5096 vitam
3880 5048 3998 5112 egit

2414 5114 2573 5166 annis
2603 5114 2897 5183 octoginta.
2930 5115 3166 5179 Quicum
3196 5132 3405 5172 summe
3428 5121 3683 5177 virtutem
3703 5132 3995 5183 exercuis-

2414 5206 2513 5259 set,
2534 5196 2784 5265 dignatus
2805 5198 2904 5251 fuit
2933 5200 3101 5268 gratia
3132 5202 3494 5269 curationum,
3521 5206 3655 5260 adeo
3675 5222 3732 5260 ut
3756 5212 3994 5264 cuicun-

2413 5295 2517 5350 que
2549 5296 2739 5334 manus
2760 5281 3125 5349 imposuisset,
3146 5295 3237 5338 aut
3265 5288 3407 5354 quod
3427 5288 3783 5347 benedixerat
3806 5295 3992 5349 oleum

2413 5363 2669 5425 dedisset.
2706 5364 2795 5433 qui
2826 5364 3103 5419 laborabat
3130 5367 3453 5424 liberaretur
3485 5372 3553 5426 ab
3590 5376 3739 5428 omni
3765 5378 3992 5445 aegritu-

2413 5445 2559 5500 dine.
2582 5443 2680 5499 Hie
2697 5446 2785 5514 qui
2818 5456 2962 5499 tanta
2982 5448 3149 5515 gratia
3178 5451 3373 5521 dignus
3396 5451 3572 5508 fuerat
3591 5443 3836 5522 habitus,
3855 5470 3991 5514 octo

2414 5528 2694 5583 mensibus
2730 5537 2857 5583 ante
2880 5530 3085 5584 obitum
3119 5533 3220 5586 fuit
3248 5534 3597 5606 hydrOpicus,
3628 5549 3682 5595 et
3713 5543 3833 5612 ejus
3858 5558 3991 5599 cor-

2415 5629 2515 5681 pus
2539 5627 2711 5679 usque
2728 5613 2862 5667 adeo
2886 5614 3161 5681 intumuit,
3183 5628 3247 5671 ut
3276 5630 3499 5689 propter
3527 5622 3742 5678 dolores
3761 5626 3990 5682 inveni-

2418 5707 2565 5752 retur
2594 5698 2732 5751 alitts
2756 5696 2858 5752 Job
2883 5700 3051 5752 nostri
3092 5702 3369 5771 temporis.
3399 5702 3533 5758 Cum
3558 5721 3657 5761 nos
3674 5716 3857 5762 autem
3896 5726 3991 5765 as-

2419 5783 2739 5850 sumpsisset
2774 5782 3063 5837 Dioscorus
3086 5785 3395 5855 episcopus,
3414 5789 3503 5858 qui
3528 5796 3656 5845 tunc
3679 5801 3799 5846 erat
3826 5807 3988 5862 pres-
