4258 6358
252 368 403 434 1033

1494 360 1860 424 HISTORIA
1899 362 2291 423 LAUSIACA.

3401 362 3539 427 1034

247 476 348 528 106
380 474 688 530 τελευταίου
726 475 1066 545 κεντήματος
1098 472 1234 543 πρὸς
1261 472 1609 540 ἀπαρτισμὸν
1655 470 1842 534 ὄντος,
1873 474 1916 529 Α
1949 471 2074 523 σθαι
2106 470 2167 523 τὸ
2189 470 2445 539 πρᾶγμα,
2476 469 2607 539 μηδὲ
2627 468 2888 522 δύνασθαι
2912 467 3142 531 ἐξελθεῖν
3164 472 3261 539 τῆς
3292 471 3523 539 ἐρήμου.

250 559 403 625 λέγει
446 577 558 629 μοι,
590 560 751 623 Δέξαι
779 561 982 628 ταύτην
1032 557 1131 628 τὴν
1164 555 1403 625 σπυρίδα
1439 556 1505 607 ἐκ
1552 554 1661 605 τῶν
1692 552 1843 621 ἐμῶν

252 644 480 715 χειρῶν,
515 645 601 696 ἵνα
630 643 908 713 μέμνησαί
940 660 1064 712 μου.
1094 642 1257 694 Ἀλλο
1285 642 1392 711 γάρ
1416 657 1497 694 σοι
1528 640 1629 693 οὐκ
1660 638 1769 709 ἐχω
1790 638 1843 693 τί

254 728 593 797 καταλείψω.
615 727 970 796 Ἐκλιμπάνει
982 724 1283 795 ἀπύρεττος
1297 723 1434 777 ἐτῶν
1449 723 1843 793 ἐϐδομήκοντα,

260 813 645 882 παραθέμενος
669 811 747 880 τῷ
777 810 967 880 Κυρίῳ
994 809 1055 861 10
1094 808 1310 877 πνεῦμα
1331 822 1345 837 ’
1378 806 1439 859 δν
1468 808 1846 875 ἐνταφιάσασα

258 896 392 961 ἐγὼ,
418 897 513 949 καὶ
534 894 748 956 ὀθόναις
767 894 827 946 τὸ
846 892 1007 960 σῶμα
1028 890 1123 944 106
1145 890 1301 958 ἁγίου
1326 888 1569 955 ἐλίξασα,
1600 891 1693 943 καὶ
1718 891 1847 943 ἀπο-

259 980 465 1049 θεμένη
486 1020 500 1042 ,
533 979 707 1042 οὕτως
745 978 1072 1047 ἀνεχώρησα
1114 977 1213 1045 τῆς
1242 977 1472 1045 ἐρήμου,
1500 973 1606 1038 ἕως
1637 974 1849 1045 ἡμέρας

262 1064 494 1118 θανάτου
539 1067 637 1134 τὴν
682 1063 918 1134 σπυρίδα
956 1064 1173 1133 ἐκείνην
1227 1060 1346 1131 μεθ’
1388 1060 1588 1130 ἑαυτῆς
1628 1058 1846 1129 ἔχουσα.

262 1144 435 1212 0610;
468 1152 497 1202 0
550 1148 763 1218 Παμὸὼ
810 1147 1070 1217 τελευτᾷν
1102 1144 1333 1215 μέλλων,
1379 1143 1503 1196 κατ’
1541 1142 1715 1212 αὐτὴν
1751 1142 1850 1210 τὴν

262 1233 419 1302 ῶραν
455 1234 547 1286 106
579 1232 936 1302 ἐκλιμπάνειν
965 1230 1147 1294 αὑτὸν,
1190 1228 1539 1299 παρεστῶσιν
1586 1227 1850 1297 Ὠριγένει

262 1316 345 1386 τῷ
378 1316 736 1387 πρεσϐυτέρῳ
779 1316 873 1367 καὶ
916 1314 1207 1383 οἰκονόμῳ,
1252 1314 1348 1366 καὶ
1408 1311 1728 1381 Ἀμμωνίῳ,
1759 1310 1853 1363 ἀν-

262 1402 426 1471 δράσι
475 1402 855 1471 περιὸοήτοις,
912 1398 1069 1452 τοῦτο
1128 1398 1345 1466 λέγεται
1396 1397 1709 1467 εἰρηκέναι,
1771 1397 1852 1449 ὅτι

278 1484 401 1555 Ἀφ’
431 1478 493 1537 o6
519 1481 681 1553 ἦλθον
711 1486 790 1546 είς
836 1483 927 1535 τὸν
955 1485 1124 1535 τόπον
1144 1480 1335 1534 τοῦτον
1370 1481 1469 1549 τῆς
1503 1482 1731 1550 ἐρήμου,
1759 1482 1854 1531 καὶ

262 1568 595 1638 ᾠκοδόμησά
623 1584 725 1636 μου
765 1567 864 1634 τὴν
898 1565 1118 1631 κέλλαν,
1148 1564 1243 1617 καὶ
1267 1561 1460 1634 ᾤκησα
1494 1564 1682 1617 ἐνθάδε
1702 1603 1717 1627 ,
1753 1563 1854 1615 οὐκ

267 1652 427 1713 ἐκτὸς
450 1652 611 1720 ἔργου
638 1650 743 1702 τῶν
765 1649 915 1717 ἐμῶν
937 1649 1137 1719 χειρῶν
1156 1647 1434 1716 πεποίηκα
1453 1648 1668 1717 ἡμέραν
1689 1648 1817 1715 μίαν
1839 1661 1850 1674 ·

264 1735 389 1787 οὺδέ
419 1738 705 1803 μέμνημαι
752 1732 961 1802 δωρεάν
998 1731 1164 1801 ἄρτον
1210 1730 1400 1799 φαγὼν
1448 1731 1555 1782 ἀπό
1587 1746 1761 1792 τινος·
1792 1729 1852 1781 o6

1970 552 2056 614 Ὠς
2105 553 2162 606 δὲ
2210 555 2273 606 06
2326 552 2667 623 συνεχώρουν
2720 550 2902 621 αὐτῷ,
2948 550 3254 621 βλεπόντων
3312 555 3532 609 πάντων

1947 649 2286 717 ἀφαρπάσας
2331 647 2550 717 ψαλίδα,
2598 649 2660 699 τὸ
2711 648 3001 717 ἀριστερὸν
3052 644 3144 708 οὖς
3195 649 3384 700 ἑαυτοῦ
3425 650 3531 712 ζέως

1947 730 2040 781 τοῦ
2072 731 2345 801 πυθμένος
2367 731 2642 801 ἐψάλισεν,
2680 732 2855 798 λέγων
2891 731 3096 794 αὐτοῖς,
3134 732 3251 784 Κάν
3288 732 3410 783 ἀπὸ.
3432 730 3530 783 τοῦ

1948 812 2043 865 νῦν
2076 814 2592 884 πεπληροφόρησθε,
2642 816 2723 865 ὅτι
2754 813 3013 865 ἀδύνατόν
3046 830 3112 881 με
3140 814 3391 881 γενέσθαι
3422 814 3533 878 λοι-

1950 895 2050 948 πὺν
2078 897 2214 966 ὅπερ
2242 899 2397 950 αὐτοὶ
2430 896 2790 963 ἀναγκάζετε,
2828 895 2921 947 τοῦ
2956 896 3121 963 νόμου
3161 896 3534 967 ἀπαγορεύον-

1949 994 2059 1044 τος,
2092 980 2404 1049 ώτότμητον
2429 982 2508 1042 εἰς
2540 979 2838 1049 ἱερωσύνην
2858 981 2933 1049 μὴ
2959 977 3319 1049 προάγεσθαι.
3343 977 3531 1041 Οὕτως

1950 1059 2043 1116 οὖν
2106 1062 2337 1130 ἀφέντες
2395 1063 2559 1117 αὐτὸν
2617 1063 2999 1133 ἀνεχώρησαν,
3058 1064 3151 1115 καὶ
3205 1062 3533 1126 ἀπελθόντες

1951 1145 2297 1216 ἀπήγγειλαν
2329 1147 2501 1200 10610
2522 1146 2598 1217 τῷ
2632 1147 2936 1217 ἐπισκόπῳ.
2978 1147 3037 1199 '0
3066 1147 3123 1199 δέ
3146 1147 3297 1214 λέγει
3330 1148 3533 1212 αὐτοῖς,

1953 1224 2122 1292 U610;
2168 1233 2195 1283 0
2229 1232 2389 1300 νόμος
2450 1232 2599 1301 παρά
2638 1229 2911 1292 Ἰουδαίοις
2964 1229 3362 1282 πολιτευέσθω·
3415 1231 3538 1299 ἐμοὶ

1954 1313 2009 1366 δὲ
2058 1316 2151 1367 καὶ
2185 1315 2529 1383 ρινότμητον,
2588 1314 2682 1365 ἐὰν
2734 1314 2995 1383 ἐνέγκητε
3035 1310 3194 1382 μόνον
3246 1314 3395 1380 ἀξιον
3424 1319 3539 1378 τοῖς

1954 1396 2177 1465 τρόποις
2230 1396 2381 1457 ὄντα,
2428 1395 2741 1466 χειροτονῶ.
2818 1397 3171 1459 ’Δπελθόντες
3221 1392 3316 1449 οὖν
3378 1398 3540 1451 πάλιν

1956 1480 2301 1550 παρεκάλουν
2332 1481 2513 1535 αὐτόν.
2550 1482 2641 1550 Μὴ
2677 1481 2997 1551 πειθομένου
3035 1485 3090 1535 δέ
3128 1483 3221 1535 τοῦ
3262 1483 3406 1535 ὁσίου
3441 1486 3539 1535 ἀν-

1953 1561 2097 1632 δρὸς,
2144 1563 2465 1632 ἐπεχείρουν
2511 1566 2604 1617 καὶ
2658 1564 2777 1633 βίαν
2821 1568 3117 1633 προσάγειν
3168 1566 3339 1633 αὐτῷ.
3395 1568 3452 1618 Ὀ
3482 1567 3540 1619 δέ

1955 1646 2257 1714 διωμόσατο
2296 1647 2477 1708 αὐτοῖς
2524 1648 2726 1711 εἰπὼν,
2763 1647 2842 1699 ὅτι
2901 1648 3025 1701 Ἐὰν
3063 1650 3410 1715 ἀναγκάσητέ
3448 1666 3538 1718 με,

1957 1732 2051 1783 καὶ
2083 1729 2181 1799 τὴν
2217 1730 2467 1797 γλῶσσάν
2504 1748 2605 1799 μου
2633 1732 2944 1800 ἀποτέμνω.
2992 1732 3116 1784 Ἐπὶ
3138 1732 3347 1793 τούτοις
3377 1732 3541 1799 ἀφέν-

269 1820 652 1889 μεταμέλομαι
676 1818 781 1881 ’έως
802 1816 902 1883 τῆς
928 1817 1055 1886 άρτι
1082 1815 1232 1886 ὥρας
1262 1816 1352 1869 ἐπὶ⁸
1381 1815 1457 1885 τῷ
1485 1814 1629 1885 λόγῳ
1655 1808 1699 1881 ᾧ
1731 1813 1854 1866 ἐλά·
1886 1814 1928 1869 Β
1957 1831 2047 1877 τες
2081 1815 2244 1868 αὑτὸν
2294 1814 2673 1884 ἀνεχώρησαν.
2728 1815 2929 1868 Τούτου
2982 1815 3073 1867 τοῦ
3112 1818 3267 1883 ἁγίου
3313 1816 3537 1885 Ἀμμω-

265 1903 429 1972 λησα.
458 1903 567 1956 Καὶ
596 1900 767 1964 οὕτως
794 1899 1106 1970 ἀπέρχομαι
1135 1899 1271 1970 πρὸς
1301 1898 1392 1951 τὸν
1423 1899 1576 1959 Θεὸν,
1612 1898 1688 1960 ώς
1717 1897 1849 1967 μηδέ

263 1986 576 2057 ἀρξάμενος
618 1986 713 2039 τοῦ
754 1986 1049 2040 θεοσεϐεῖν.
1077 1985 1575 2056 Προσεμαρτύρουν
1608 1984 1664 2035 δὲ
1704 1982 1850 2053 αὐτῷ

266 2073 366 2126 καὶ
395 2074 443 2125 οἱ
473 2072 650 2126 δοῦλοι
689 2072 783 2125 106
813 2071 1052 2141 Χριστοῦ
1091 2071 1376 2142 Ὠριγένης
1408 2070 1505 2123 καὶ
1545 2068 1852 2139 Ἀμμώνιος

267 2155 645 2225 ἀφηγούμενοι
705 2157 860 2225 ἡμῖν,
915 2157 997 2208 ὅτι
1050 2155 1308 2207 οὐδέποτε
1356 2151 1651 2225 ἐρωτηθεὶς
1695 2150 1853 2218 λόγον

267 2242 427 2310 παρά
460 2258 603 2304 τινος
649 2241 683 2311 ἢ
720 2242 995 2313 Γραφικὸν
1022 2242 1054 2312 ἢ
1086 2241 1245 2295 ἀλλον
1282 2239 1405 2292 τινά
1445 2237 1852 2310 πραγματικὸν,

268 2324 435 2389 εὐθὺς
477 2326 510 2397 ἢ
559 2327 816 2397 παραυτά
867 2327 1229 2397 ἀπεκρίνατο,
1263 2324 1377 2380 ἀλλ’
1412 2324 1598 2394 ἔλεγεν
1631 2324 1855 2395 μηδέπω

269 2410 372 2477 τὴν
407 2409 700 2479 ἀπόκρισιν
739 2411 1055 2481 εὑρηκέναι.
1094 2410 1363 2472 Πολλάκις
1390 2409 1446 2461 δέ
1490 2406 1739 2477 παρῆλθε
1761 2406 1857 2459 καὶ

270 2492 563 2563 τρίμηνον,
613 2492 709 2545 καὶ
745 2492 846 2545 οὐκ
892 2492 1063 2545 ἐδίδου
1115 2492 1429 2562 ἀπόκρισιν,
1482 2491 1657 2554 λέγων
1691 2490 1857 2560 μήπω

272 2579 683 2647 κατειληφέναι.
729 2581 886 2634 Ούτω
926 2581 1113 2649 μέντοι
1175 2579 1272 2642 τὰς
1336 2581 1643 2648 ἀποφάσεις
1684 2576 1857 2630 ἐδίδου

274 2665 766 2736 περιεσκεμμένως
796 2665 938 2720 κατά
965 2664 1120 2729 Θεὸν,
1148 2664 1223 2727 ώς
1266 2664 1363 2718 ἀπ’
1392 2661 1557 2716 06106
1588 2660 1682 2715 106
1721 2660 1858 2713 Θεοῦ

279 2750 422 2818 μετά
468 2750 670 2813 παντὸς
709 2750 875 2819 φόϐου
910 2752 1035 2813 τοὺς
1080 2750 1288 2813 πάντας
1336 2747 1585 2818 δέχεσθαι
1634 2747 1855 2809 ταύτας.

275 2832 501 2904 Ταύτην
530 2833 640 2905 γάρ
669 2834 768 2903 τὴν
790 2835 996 2904 ἀρετὴν
1030 2834 1248 2902 ἐλέγετο
1273 2832 1368 2886 καὶ
1398 2832 1538 2902 ὑπὲρ
1569 2831 1658 2884 τὸν
1687 2830 1861 2901 μέγαν

290 2915 598 2981 Ἀντώνιον,
641 2918 736 2971 καὶ
770 2918 910 2986 ὑπὲρ
951 2919 1156 2980 πάντας
1196 2916 1323 2979 τοὺς
1354 2914 1541 2983 ἁγίους
1570 2915 1861 2984 ἐσχηκέναι

276 2999 380 3071 τὴν
409 3000 489 3060 είς
514 3000 640 3062 τοὺς
666 3000 858 3067 λόγους
883 3001 1188 3071 ἀκρίϐειαν.

857 3120 1110 3175 ΚΕΦΔΛ.
1178 3119 1281 3173 IA'.

893 3228 1033 3297 Περὶ
1074 3228 1248 3295 Πίωρ.

350 3348 581 3418 Φέρεται
608 3348 665 3402 δέ
687 3348 823 3419 πρὸς
851 3350 966 3412 τοῖς
989 3348 1170 3413 ἀλλοις
1194 3349 1287 3403 καὶ
1313 3349 1454 3419 αὕτη
1478 3348 1511 3419 ή
1537 3345 1738 3418 πρᾶξις
1767 3343 1863 3399 106

278 3432 439 3499 ἀγίου
464 3432 675 3503 Παμδώ
694 3448 709 3463 ο
739 3434 823 3486 ὅτι
849 3434 877 3485 0
904 3436 1174 3507 μακάριος
1197 3436 1348 3505 Πίωρ
1365 3436 1393 3487 0
1421 3430 1666 3503 ἀσκητὴς
1686 3442 1865 3500 παρα-

279 3516 464 3570 ϐαλὼν
488 3516 655 3569 06106
696 3520 764 3589 τῇ
810 3518 977 3592 κέλλῃ
1007 3522 1156 3585 ποτὲ,
1189 3520 1319 3573 ίδιον
1348 3516 1625 3589 βαστάσας
1659 3515 1865 3585 ἀπήνε-

278 3615 416 3666 γκεν
442 3598 626 3669 ἄρτον.
666 3601 985 3671 Ἐγκληθεὶς
1016 3602 1073 3655 δέ
1104 3600 1231 3671 παρ’
1260 3599 1448 3661 06106,
1488 3598 1646 3661 Τίνος
1679 3597 1865 3649 ἐνεκεν

278 3684 441 3741 τοῦτο
491 3686 828 3756 πεποίηκας;
878 3687 1214 3757 ἀπεκρίνατο
1252 3688 1280 3739 0
1328 3686 1500 3753 Πίωρ,
1532 3684 1651 3735 Ἴνα
1692 3683 1765 3752 μή
1805 3698 1865 3732 σε

282 3769 532 3846 βαρήσω,
586 3769 646 3823 δν
673 3773 961 3846 σιωπήσας
994 3769 1168 3846 ούτως
1200 3770 1510 3846 ἀπέλυσενἐ
1545 3768 1701 3846 Μετά
1745 3782 1867 3846 τινα

282 3840 474 3910 χρόνον
511 3839 853 3910 παραϐάλλει
887 3844 915 3895 0
968 3841 1141 3910 μέγας
1199 3840 1411 3910 Παμδὼ
1449 3842 1515 3910 τῇ
1568 3839 1731 3909 κὲλλῃ
1770 3839 1864 3889 τοῦ

284 3924 329 3975 Π
338 3923 464 3992 ίωρο
494 3924 587 3977 καὶ
616 3922 813 3993 βρέξας
832 3924 925 3976 τὸν
947 3926 1111 3994 άρτον
1128 3924 1316 3989 06106,
1339 3923 1511 3985 οὕτως
1532 3923 1862 3991 ἀπήνεγκεν.

296 4006 624 4075 Ἐρωτηθεὶς
648 4007 706 4060 δὲ
734 4009 863 4078 παρ’
893 4009 1057 4062 06106
1102 4008 1167 4061 δι’
1195 4008 1263 4078 ἢν
1290 4009 1468 4062 αίτίαν
1498 4006 1868 4077 βεϐρεγμένοι)

282 4090 620 4158 ἀπήνεγκεν,
657 4091 984 4163 ἀπεκρίνετο
1016 4094 1044 4146 0
1074 4090 1305 4163 Παμδώ·
1332 4092 1451 4145 Ἵνα
1500 4091 1577 4162 μὴ
1619 4089 1774 4156 κάγώ
1809 4105 1867 4141 σε

286 4174 536 4245 βαρήσω,
571 4174 790 4245 έδρεξα.

871 4282 1123 4336 ΚΕΦΑΛ.
1158 4282 1259 4336 IB'.

811 4386 951 4455 Περὶ
992 4388 1347 4457 ’Δμμωνίοω

1954 1898 2069 1951 νίου
2098 1899 2320 1967 φέρεται
2348 1898 2505 1949 τοῦτο
2533 1897 2593 1949 τὸ
2616 1895 2817 1965 θαῦμα.
2843 1898 3131 1960 Οὐδέποτε,
3154 1900 3307 1967 φησὶ,
3335 1899 3409 1965 τῷ
3440 1915 3543 1950 σω-

1960 1981 2141 2051 ματίῳ
2172 1980 2338 2034 αὑτοῦ
2365 1980 2554 2049 ήδονῆς
2586 1982 2967 2049 ἐπαναστάοης
2994 1982 3195 2033 ἀτόπου
3235 1984 3540 2047 γεγονυίας,

1954 2064 2048 2118 τοῦ
2087 2064 2314 2135 σαρκίου
2364 2064 2528 2116 06106
2564 2063 2840 2133 ἐφείσατο,
2884 2064 3018 2117 ἀλλά
3053 2066 3268 2135 σίδηρον
3300 2068 3545 2135 ἐκπυρα-

1956 2146 2176 2211 κτώσας
2206 2146 2517 2216 προσετίθει
2550 2149 2662 2210 τοίς
2696 2147 2913 2218 μέλεσιν
2948 2150 3167 2213 ἐαυτοῦ,
3198 2149 3274 2212 ὡς
3311 2152 3545 2203 πάντοτε

1956 2233 2119 2286 αὑτὸν
2182 2232 2499 2301 ἡλκωμένον
2548 2227 2709 2286 εἶναι.
2756 2232 2819 2285 Ἡ
2857 2232 3040 2300 μέντοι
3075 2234 3322 2304 τράπεζα
3375 2235 3545 2287 αὑτοῦ

1956 2319 2180 2388 τοιαύτη
2201 2318 2425 2386 γέγονεν
2456 2318 2796 2387 ἐκ.νεότητος
2825 2317 2929 2380 ἕως
2964 2317 3196 2371 θανάτου
3227 2318 3543 2389 ώμοφαγία.

1958 2399 2126 2453 Ούδέν
2168 2402 2277 2470 γάρ
2312 2400 2341 2453 0
2383 2400 2469 2453 διὰ
2504 2402 2675 2470 πυρὸς
2693 2400 2816 2455 διίει
2850 2400 3060 2469 ἐφαγέν
3093 2418 3223 2453 ποτε
3256 2402 3413 2465 ἐκτὸς
3445 2402 3547 2473 ἀρ-

1956 2500 2073 2537 του.
2128 2483 2367 2537 Παλαιὰν
2408 2482 2465 2535 δέ
2515 2483 2610 2536 καὶ
2654 2483 2861 2552 Καινὴν
2892 2483 3114 2555 Γραφὴν
3143 2484 3545 2554 ἀπεστήθισεν·

1960 2573 2055 2625 καὶ
2080 2573 2136 2623 ἐν
2160 2572 2592 2641 συγγράμμασιν
2618 2571 2825 2641 ἀνδρῶν
2860 2572 3101 2639 λογάδων
3138 2572 3445 2642 Ὠριγένους
3487 2588 3549 2623 τε

1962 2656 2057 2708 καὶ
2087 2653 2343 2723 Διδύμου,
2380 2657 2474 2707 καὶ
2505 2655 2748 2724 Πιερίου,
2775 2658 2867 2708 καὶ
2896 2657 3170 2725 Στεφάνου
3199 2657 3414 2726 διῆλθεν
3444 2674 3549 2726 μυ-

1965 2739 2153 2809 ριάδας
2188 2740 2497 2804 ἑξακοσίας.
2534 2739 2718 2791 Ταῦτα
2746 2740 2803 2792 δὲ
2845 2741 3215 2811 μαρτυροῦσιν
3260 2740 3409 2811 αύτῷ
3455 2743 3550 2794 καὶ

1962 2823 2012 2874 οἱ
2055 2822 2281 2889 μεγάλοι
2327 2823 2427 2892 τῆς
2468 2823 2676 2893 ἐρήμου
2726 2823 2985 2893 Πατέρες.
3038 2822 3240 2876 Τούτου
3291 2828 3385 2876 καὶ
3414 2840 3550 2893 προ-

1965 2909 2182 2975 φητείαι
2238 2907 2521 2977 φέρονται.
2584 2906 3001 2977 Παρακλητικὸς
3054 2907 3110 2960 δὲ
3170 2902 3238 2977 ἦν
3296 2907 3553 2962 τοσοῦτον

1964 2992 2073 3053 τοῖς
2105 2991 2162 3043 ἐν
2191 2994 2257 3061 τῇ
2285 2994 2479 3063 ἐρήμῳ
2503 2992 2774 3060 ἀδελφοῖς,
2802 2994 2850 3045 εί
2881 2994 2974 3045 καί
3004 3008 3085 3055 τις
3119 2993 3300 3056 ἄλλος.

2042 3096 2239 3167 Τούτῳ
2266 3098 2484 3168 ψήφους
2533 3098 2701 3151 ἐδίδου
2729 3100 2758 3151 0
2798 3100 3069 3169 μακάριος
3103 3098 3373 3169 Εὑάγριος
3413 3098 3555 3169 ἀνὴρ

1972 3183 2420 3253 πνευματοφόρος
2468 3184 2568 3237 καὶ
2636 3184 2992 3254 διακριτικδς,
3030 3185 3228 3251 λέγων,
3277 3184 3359 3236 ὅτι
3418 3184 3557 3236 Οὺδέ

1978 3282 2110 3319 ποτε
2136 3265 2301 3317 06106
2340 3267 2717 3336 ἀπαθέστερον
2766 3268 2988 3337 ἑώρακα
3043 3268 3353 3337 ἄνθρωπον.
3387 3263 3559 3331 Οὗτος

1971 3352 1999 3402 ὁ
2024 3354 2292 3420 μακάριος
2322 3350 2544 3412 πολλαῖς
2601 3351 2835 3414 ἱκεσίαις
2889 3353 3373 3421 καταδυσωπηθεὶς
3404 3354 3557 3422 παρά

1984 3433 2265 3503 Ῥουφίνου
2321 3436 2416 3489 τοῦ
2466 3438 2589 3489 κατ’
2642 3437 2818 3491 ἐκεῖνο
2879 3437 3073 3507 καιροῦ
3143 3439 3388 3509 ἐπάρχου
3439 3439 3552 3492 τῶν

1973 3520 2347 3590 πραιτωρίων,
2383 3522 2461 3580 είς
2492 3520 2620 3583 τοὺς
2663 3522 2889 3591 καιροὺς
2914 3523 3159 3583 ἐκείνους
3189 3522 3437 3586 ἐλθόντος
3460 3524 3556 3577 τοῦ

1976 3602 2214 3673 μεγάλου
2294 3604 2609 3674 Ἀμμωνίου
2655 3609 2711 3658 ἐν
2781 3606 3199 3660 Κωνσταντίνου
3256 3608 3412 3661 πόλει
3468 3608 3558 3665 διὰ

1974 3687 2165 3755 χρείας
2194 3687 2302 3739 τῶν
2328 3688 2430 3756 τῆς
2473 3691 2681 3759 ἐρήμου
2708 3688 2965 3755 πολιτῶν,
3026 3689 3225 3752 ίκανῶς
3271 3691 3559 3761 παρακλη-

1983 3769 2117 3833 θεὶς,
2158 3775 2253 3823 καὶ
2293 3772 2447 3842 παρά
2476 3771 2586 3825 τῶν
2626 3772 2793 3841 ἁγίων
2824 3773 3161 3838 ἐπισκόπων,
3198 3776 3305 3827 τῶν
3340 3778 3403 3827 ἐκ
3437 3776 3547 3829 δια-

1975 3854 2156 3922 φόρων
2175 3854 2475 3924 ἐπαρχιῶν,
2498 3857 2591 3908 καὶ
2608 3857 2701 3908 ἀπ’
2716 3857 2885 3924 αὐτῆς
2909 3857 3007 3925 τῆς
3038 3858 3248 3927 ἐρήμου
3271 3859 3562 3929 συνεληλυ-

1976 3935 2169 3999 θότων,
2223 3939 2301 3999 είς
2340 3939 2407 3992 τὰ
2453 3940 2754 3992 καταθέσια
2802 3940 2913 3992 τῶν
2964 3942 3133 4009 ἀγίων
3166 3935 3338 4011 061159
3396 3944 3562 4007 0610;

1976 4017 2188 4070 ἔκτισεν
2217 4021 2519 4091 μαρτυρίου
2561 4022 2674 4093 (45)
2698 4064 2712 4088 ,
2743 4026 2801 4075 ἐν
2831 4026 3015 4088 αὐτοῖς
3043 4029 3158 4087 τοίς
3210 4025 3561 4089 καταθεσίοις

1975 4104 2297 4173 ἀποδέχεται
2327 4107 2417 4159 τὸν
2462 4107 2741 4175 Ῥουφῖνον
2770 4109 2798 4161 0
2827 4107 2981 4178 ἅγιος
3015 4110 3122 4162 ἀπὸ
3152 4108 3246 4161 τοῦ
3285 4112 3559 4179 ἀχράντου

1981 4187 2359 4255 βαπτίσματος
2419 4192 2571 4259 παρά
2626 4192 2733 4243 τῶν
2779 4193 3115 4255 ἐπισκόπων,
3167 4193 3227 4243 ὃν
3287 4192 3560 4264 ἐσεδάσθη

1978 4269 2144 4332 ἀξίως
2165 4269 2265 4338 τῆς
2318 4271 2480 4323 06106
2534 4272 2852 4338 πολιτείας,
2910 4276 2990 4338 εἰς
3027 4276 3203 4327 πάντα
3246 4274 3563 4338 ὑπακούσας

1978 4351 2057 4419 τῷ
2117 4353 2249 4421 ὁσίῳ
2289 4353 2446 4424 ἀνδρὶ
2495 4356 2808 4426 Ἀμμωνίῳ.
2867 4359 2964 4420 '0;
2999 4360 3115 4428 μετ’
3163 4357 3343 4425 ὀλίγον
3370 4359 3564 4429 χρόνον

1980 4437 2270 4505 κοιμᾶται,
2327 4438 2424 4490 καὶ⁸
2473 4438 2740 4492 θάπτεται
2772 4443 2829 4491 ἐν
2856 4440 2934 4510 τῷ
2976 4442 3263 4514 μαρτυρίῳ
3297 4442 3376 4513 τῷ
3404 4444 3557 4508 λεγο-

373 4508 451 4595 Ὁ⁸
470 4507 786 4595 ξΑμμώνιος
809 4502 964 4595 0610;
986 4508 1497 4595 900q1ﬁ;7570v€0;
1516 4508 1611 4562 106
1637 4510 1871 4580 μεγάλου
1906 4498 1949 4554 θ
1984 4498 2130 4589 μένῳ
2170 4498 2571 4589 Ῥουφινιαναῖς
2607 4524 2742 4592 (44).
2788 4518 2864 4576 06
2894 4498 2957 4576 τὸ
2976 4498 3191 4595 ’μνῆμά
3220 4498 3438 4591 λέγεται
3469 4498 3558 4578 θε-

288 4592 502 4661 Παμδὼ
536 4594 654 4663 ἅμα
679 4595 859 4664 τρισὶν
890 4593 1136 4663 ἀδελφοῖς
1161 4593 1391 4663 ἑτέροις,
1420 4594 1513 4648 καὶ
1538 4594 1691 4647 δυσὶν
1722 4595 1875 4649 ἀδελ-

290 4680 451 4745 φαῖς,
498 4680 577 4740 είς
606 4677 776 4747 ἀκρον
824 4677 1098 4746 φιλοθεῖας
1146 4678 1466 4743 ἐλάσαντες,
1513 4679 1875 4747 κατειλήφασι

287 4762 389 4833 τὴν
428 4764 654 4833 ἔρημον,
697 4762 791 4815 καὶ
840 4762 1158 4832 ἀμφοτέρας
1202 4763 1300 4824 τὰς
1356 4764 1523 4832 μονὰς
1575 4764 1695 4817 κατ’
1743 4765 1875 4817 ἰδίαν

288 4848 622 4917 ποιήσαντες
667 4846 778 4899 τῶν
829 4862 889 4898 τε
930 4846 1141 4917 ἀνδρῶν
1180 4850 1273 4901 καὶ
1322 4848 1428 4901 τῶν
1467 4850 1765 4917 γυναικῶν,
1802 4850 1876 4911 ὡς

293 4932 480 4985 ἱκανὸν
522 4930 749 5000 ἀπέχειν
797 4930 892 4986 ἀπ’
940 4931 1183 5002 ἀλλήλων
1236 4933 1533 5004 διάστημα.
1617 4937 1768 4988 Ἐπεὶ
1820 4936 1877 4987 δὲ

291 5015 416 5069 καθ’
459 5016 770 5087 ὑπερϐολὴν
810 5016 1089 5084 φιλόλογος
1119 5012 1185 5086 ἦν
1220 5018 1249 5068 0
1281 5019 1640 5087 ἀριστοςιτῶν
1669 5020 1878 5090 ἀνδρῶν

304 5100 639 5170 Ἀμμώνιος,
675 5102 831 5163 πόλις
868 5118 951 5164 τις
980 5102 1170 5153 τούτου
1200 5101 1415 5171 ἠράσθη
1465 5104 1545 5165 είς
1576 5104 1731 5171 λόγον
1761 5107 1878 5157 ἐπι-

295 5183 526 5253 σκοπῆς.
584 5183 694 5237 Καὶ
751 5184 1145 5254 προσελθόντες
1191 5186 1233 5236 Τ
1241 5186 1442 5256 ιμοθέῳ
1486 5186 1562 5256 τῷ
1622 5188 1879 5258 μακαρίῳ

294 5267 602 5337 ἐπισκόπῳ,
656 5268 1003 5337 παρεκάλουν
1056 5268 1218 5321 αὑτὸν
1265 5272 1643 5339 χειροτονῆσαι
1694 5273 1880 5336 αὐτοῖς

294 5351 593 5405 ἐπίσκοπον
635 5353 726 5405 τὸν
766 5352 1093 5423 Ἀμμώνιον.
1156 5357 1209 5407 '0
1236 5355 1291 5408 δὲ
1332 5356 1481 5425 λέγει
1522 5359 1737 5421 αὐτοῖς·
1778 5360 1877 5413 Φέ-

298 5437 418 5506 ρετέ
446 5455 535 5505 μοι
582 5438 744 5490 αὐτὸν
781 5440 877 5492 καὶ
919 5440 1210 5509 χειροτονεῖ)
1249 5441 1375 5511 ὑμῖν
1415 5443 1622 5498 τοῦτον.
1687 5444 1879 5497 Ἀπελο

298 5518 501 5573 θόντων
534 5517 628 5574 06v
658 5521 836 5574 αὐτῶν
871 5522 1008 5591 μετά
1043 5522 1293 5592 βοηθείας
1325 5526 1528 5595 πολλῆς
1562 5530 1639 5589 εἰς
1666 5527 1725 5579 τὸ
1752 5528 1877 5579 συλ-

298 5605 554 5661 λαδέσθαι
609 5607 794 5671 αὐτὸν,
828 5611 906 5669 είς
945 5612 1124 5679 φυγὴν
1163 5606 1316 5674 0610;
1360 5614 1594 5685 ἐτράπη.
1654 5614 1798 5667 Ἰδὼν
1826 5615 1882 5668 δὲ

302 5693 385 5743 ὅτι
422 5691 616 5743 λοιπὸν
640 5692 991 5761 κατελήφθη,
1026 5696 1156 5759 στάς
1199 5699 1498 5766 παρεκάλει
1542 5699 1756 5761 αὐτούς.
1793 5700 1881 5767 Μὴ

303 5773 640 5843 πειθομένων
684 5774 736 5826 δὲ
784 5777 983 5841 αὐτῶν,
1035 5780 1124 5829 καί
1159 5779 1427 5852 διώμνυτο
1457 5782 1529 5853 μὴ
1590 5785 1879 5852 καταδέχε-

1986 4602 2245 4674 ραπεύειν
2280 4605 2484 4668 πάντας
2510 4612 2634 4669 τοὺς
2668 4608 3106 4679 ριγιαζομένους.

2558 4716 2806 4769 ΚΕΦΑΛ.
2853 4716 2946 4769 II".

2514 4821 2655 4887 Περὶ
2696 4823 3035 4891 Βενιαμείν.

2071 4926 2158 4978 Ἐν
2185 4926 2357 4996 τούτῳ
2381 4927 2458 4997 τῷ
2480 4927 2596 4998 δρει
2636 4929 2736 4997 τῆς
2768 4930 2999 5001 Νιτρίας
3044 4932 3265 4998 γέγονεν
3310 4934 3448 5004 ἀνήρ
3477 4951 3564 4997 τις

1986 5009 2321 5079 θαυμαστὸς,
2374 5010 2600 5079 ὀνόματι
2658 5009 2948 5081 Βενιαμεὶν
2996 5013 3353 5085 καλούμενος,
3418 5016 3565 5088 ζωὴν

1988 5093 2193 5162 βιώνπας
2230 5095 2485 5166 ἐνάρετον
2512 5097 2710 5161 ἔτεσιν,
2736 5097 3090 5167 ὀγδοήκοντα.
3127 5100 3238 5151 Καὶ
3262 5101 3343 5163 είς
3395 5102 3565 5174 ἀκρον

1987 5181 2231 5251 ἀσκήσας
2259 5180 2358 5249 τὴν
2414 5182 2613 5251 ἀρετὴν
2645 5180 2960 5251 κατηξιώθη
3015 5182 3355 5255 χαρίσματος
3393 5187 3564 5255 ίαμά-

1986 5281 2115 5327 των,
2152 5264 2223 5326 ώς
2252 5265 2413 5317 παντὶ
2438 5258 2483 5331 ᾧ
2523 5265 2589 5318 ἂν
2621 5268 2806 5335 χεῖρας
2835 5264 3097 5328 ἐπετίθει,
3127 5266 3160 5334 ἢ
3198 5265 3377 5320 ἐλαιον
3410 5270 3563 5322 563.0-

1988 5348 2163 5417 γήσας
2198 5348 2391 5413 ἐδίδου,
2454 5349 2633 5418 πάσης
2700 5348 3076 5419 ἀπηλλάττετο
3160 5350 3472 5421 ἀρρωστίας
3538 5357 3565 5407 0

1990 5435 2389 5506 ἐνοχλούμενος.
2428 5429 2594 5498 0610;
2652 5437 2681 5487 0
2724 5436 2816 5488 106
2862 5436 3187 5504 τηλικούτου
3224 5439 3563 5509 χαρίσματος

1991 5521 2348 5589 καταξιωθεὶς
2387 5520 2490 5592 πρὸ
2520 5520 2662 5573 ὀκτὼ
2694 5520 2880 5591 μηνῶν
2913 5521 3009 5589 τῆς
3043 5521 3355 5591 κοιμήσεως
3389 5524 3559 5593 ὑδρω-

1991 5610 2204 5663 πίασεν.
2236 5610 2347 5662 Καὶ
2379 5609 2473 5660 ἐπὶ
2500 5607 2751 5661 τοσοῦτον
2780 5606 3043 5672 ῶγκωσεν
3070 5607 3129 5659 τὸ
3184 5607 3345 5677 σῶμα
3396 5608 3564 5662 06106

1990 5699 2055 5765 τῇ
2091 5696 2313 5764 οἰδήσει.
2352 5695 2423 5756 ob;
2456 5693 2613 5747 ἄλλον
2654 5691 2774 5743 ’1ώὸ
2808 5693 2927 5753 ταῖς
2951 5690 3241 5760 ἀλγηδόσιν
3276 5692 3563 5759 εὑρεθῆναι

1996 5784 2051 5834 ἐν
2084 5784 2192 5844 τοῖς
2254 5779 2540 5850 ἡμετέροις
2602 5779 2833 5847 καιροῖς.
2884 5772 3225 5843 Παραλαόὼν
3279 5774 3370 5828 οὖν
3424 5777 3566 5845 ἡμᾰ,
