4258 6358
770 368 913 438 1035

2213 369 2443 436 ΡΑιιΑ
2452 370 2558 432 DII

3889 374 3913 437 Ῑ
3924 378 4049 448 036

765 482 1060 549 Διόσκοροι
1086 479 1115 532 6
1145 477 1464 542 ἐπίσκοπος,
1497 478 1618 531 τότε
1657 479 1712 532 δέ
1750 480 2119 549 πρεσϐύτερος
2148 478 2224 531 ὢν
2248 479 2342 532 τοῦ
2371 481 2478 549 Λή
2520 481 2829 553 λῃστρικοῖς
2894 482 2927 551 ἢ
2993 482 3323 547 θαλαττίοις.
3395 482 3564 551 Δεῦρο
3617 478 3733 546 οῦν,
3788 483 4036 551 ἀδελφὴ

761 564 921 633 ὄρους
943 560 1045 630 τῆς
1075 562 1326 633 Νιτρίας,
1356 561 1458 631 ἐμέ
1510 578 1568 615 τε
1626 564 1721 617 καὶ
1779 563 1871 617 τὸν
1910 563 2180 634 μακάριον
2204 560 2335 615 Εὐά-

763 664 938 715 γριον,
994 644 1144 712 λέγει
1191 645 1569 716 ἡμῖνοΔεῦτε,
1629 646 1854 715 βλέπετε
1900 646 2022 699 νέον
2078 644 2218 709 Ἰὼϐ,
2277 646 2334 699 ἐν

761 730 990 798 τοιούτῳ
1045 728 1196 798 ὄγκῳ
1258 726 1533 798 σώματος,
1606 728 1771 786 ¹ιτάθει
1815 729 2040 798 ἀνιάτῳ,
2096 730 2336 799 ἄμετρον

764 812 1102 883 κεκτημένον
1144 813 1516 883 εὐχαριστίαν.
1558 813 1908 877 ’Δπελθόντες
1959 814 2053 867 οῦν
2107 812 2334 865 ἐθεασά-

770 896 913 963 μεθα
946 895 1203 948 τοσοῦτον
1241 894 1405 964 ὄγκον
1457 894 1551 948 τοῦ
1609 894 1859 967 σώματος
1903 894 2091 960 αὑτοῦ,
2133 895 2208 957 ῶς
2257 893 2332 964 μὴ

758 976 1021 1031 δύνασθαι
1080 978 1171 1031 τὸν
1235 976 1435 1049 μικρὸν
1488 978 1748 1033 δάκτυλον
1779 983 1879 1051 τῆς
1930 980 2111 1050 χειρὸς
2167 974 2331 1030 αὑτοῦ

758 1059 1191 1133 περιλαμϐάνειν
1215 1063 1337 1124 ταῖς
1384 1059 1478 1114 δύο
1532 1063 1690 1132 χερσὶ
1748 1062 1858 1116 τῶν
1899 1061 2201 1116 δακτύλων.
2238 1059 2332 1130 Μὴ

756 1144 1043 1216 δυνάμενοι
1073 1145 1131 1199 δέ
1158 1148 1320 1216 ἡμεῖς
1352 1147 1682 1211 ἐνατενίζειν
1714 1149 1779 1216 τῇ
1810 1147 1906 1200 τοῦ
1935 1145 2141 1207 πάθους
2165 1143 2335 1197 δεινό-

754 1247 899 1301 τητι,
926 1230 1056 1293 τοὺς
1081 1229 1396 1299 ὀφθαλμοὺς
1419 1230 1578 1301 ήμῶν
1611 1231 1705 1284 ἀπ’
1764 1231 1945 1285 αὐτῶν
1990 1230 2331 1300 ἀπεστρέφο-

759 1330 879 1381 μεν.
919 1312 1052 1366 Τότε
1076 1311 1226 1381 λέγει
1254 1314 1385 1384 ήμῖν
1413 1317 1441 1368 6
1472 1316 1745 1387 μακάριος
1783 1317 1990 1380 ἐκεῖνος
2021 1312 2330 1382 Βενιαμείν

760 1394 1230 1461 ί·.ῦξασθε,τέκνα,
1254 1397 1341 1449 ῖνα
1365 1398 1439 1467 μή
1465 1414 1567 1467 μου
1593 1400 1620 1451 6
1642 1397 1843 1451 ἔσωθεν
1860 1398 2143 1469 ἄνθρωπος
2163 1396 2332 1466 ὑδρωο

758 1478 951 1550 πιάσῃ.
996 1478 1169 1531 Τοῦτο
1210 1479 1320 1550 γάρ
1368 1480 1431 1532 τὸ
1469 1480 1629 1551 σῶμα
1676 1480 1803 1534 οῦτε
1858 1500 1928 1553 με
1990 1480 2333 1534 εὐπαθοῦντα

755 1562 986 1632 ὤνησεν,
1022 1561 1146 1615 οὗτε
1177 1562 1560 1618 δυσπαθοῦντα
1591 1564 1960 1633 παρέσλαψεν.
2008 1565 2148 1627 Τοὺς
2187 1562 2332 1617 ὀκτὼ

755 1646 846 1698 οὖν
874 1646 1049 1715 μῆνας
1080 1647 1324 1709 ἐκείνους
1357 1647 1549 1717 δίφρος
1603 1649 1753 1718 αὐτῷ
1799 1650 2137 1711 πλατύτατος
2170 1649 2329 1717 γέγοο

754 1745 865 1794 νεν,
894 1731 954 1781 ἐν
984 1722 1029 1793 ᾧ
1053 1728 1415 1792 ἀδιαλείπτως
1470 1730 1782 1794 ἐκαθέζετο,
1813 1731 2011 1802 μηκέτι
2064 1734 2125 1785 ἐν
2176 1732 2331 1802 κλίνῃ

2435 564 2529 617 ἐπὶ
2573 564 2666 618 τὸν
2694 570 2903 637 μονήρη
2934 566 3048 636 βίον
3099 566 3367 636 έλθωμεν,
3405 567 3491 620 [va
3516 569 3609 621 καλ⁸
3664 568 3733 621 τά
3779 567 3875 620 τοῦ
3912 586 4040 622 πα-

2437 648 2565 715 τρὸς
2619 650 2779 718 ἡμῶν
2811 649 3188 719 κερδήσωμεν,
3246 651 3343 701 καὶ
3394 648 3490 711 τάς
3526 649 3705 718 ψυχάς
3745 650 3907 718 ήμῶν
3950 651 4039 721 μὴ

2433 728 2809 802 ἀπολέσωμεν.
2861 734 3095 803 Ἤρεσεν
3130 729 3225 786 οὖν
3254 734 3586 802 ἀμφοτέροις
3612 733 3640 783 6
3676 733 3875 794 σκοπὸς
3927 735 4036 787 τοῦ

2444 815 2713 882 μονήρους
2752 815 2889 885 βίου.
2918 815 3239 885 Εὑρέθησαν
3275 810 3367 867 οὖν
3397 815 3554 877 ἀλλος
3584 816 3703 867 κατ’
3736 814 3861 869 ἀλλο
3892 816 4036 868 δια-

2434 896 2761 962 φωνοῦντες.
2816 898 3190 968 Μερισάμενοι
3231 898 3290 951 δέ
3336 900 3405 951 τά
3464 900 3745 970 χρήματα,
3800 900 3893 951 καὶ
3955 901 4036 955 τὰ

2432 976 2595 1032 λοιπά
2629 981 2829 1045 πάντα,
2861 980 2957 1034 τοῦ
3006 980 3104 1050 μέν
3137 982 3341 1034 σκοποῦ
3377 983 3587 1050 εἴχοντο
3632 981 3863 1044 ἐκαστος
3921 982 4034 1034 τοῦ

2432 1061 2634 1132 ἀρέσαι
2663 1062 2804 1134 Θεῷ,
2839 1062 3223 1136 ἐνηλλαγμένῃ
3265 1064 3323 1117 δέ
3364 1066 3433 1135 τῇ
3485 1064 3756 1134 πολιτείᾳ.
3822 1066 3879 1117 ’0
3917 1065 4035 1133 μέν

2434 1147 2542 1214 γὰρ
2583 1147 2764 1199 πάντα
2802 1147 3204 1217 διασκορπίσας
3249 1146 3450 1205 ἐδωκεν
3492 1146 3869 1216 ἀσκητηρίοις,
3927 1150 4034 1200 καί

2433 1229 2771 1299 ἐκκλησίαις,
2802 1230 2898 1282 καὶ
2944 1231 3257 1297 φυλακαῖς·
3307 1230 3403 1283 καὶ
3449 1230 3753 1299 τεχνίόριον
3810 1228 4034 1299 ἐμαθεν

2432 1312 2554 1368 ὅθεν
2581 1314 2673 1366 τὸν
2695 1314 2858 1383 ἄρτον
2885 1314 3202 1384 πορίσηται,
3220 1314 3316 1367 καὶ
3329 1314 3398 1383 τῇ
3418 1312 3653 1382 ἀσκήσει
3681 1312 4032 1383 προσέσχεν,

2433 1396 2528 1449 καὶ
2570 1399 2638 1467 τῇ
2682 1398 2979 1470 προσευχῇ.
3024 1396 3082 1449 '0
3130 1396 3185 1449 δέ
3229 1396 3413 1464 ἐτερος
3453 1394 3646 1447 τούτου
3683 1395 3853 1466 μηδὲν
3892 1395 4032 1448 δια-

2436 1480 2758 1549 σκορπίσας,
2801 1478 2938 1533 ἀλλά
2994 1480 3229 1549 ποιήσας
3260 1478 3439 1547 ἐαυτῷ
3487 1477 3869 1549 μοναστήριον,
3922 1478 4033 1544 καὶ

2434 1563 2879 1635 προσλαϐόμενος
2909 1562 3171 1630 ἀδελφοὺς
3194 1562 3409 1629 όλίγους
3432 1601 3447 1627 ,
3493 1562 3671 1614 πάντα
3726 1561 3877 1626 ξένον
3899 1562 4033 1613 ἐδε-

2435 1645 2633 1711 ξιοῦτο,
2659 1650 2837 1700 πάντα
2864 1647 3145 1717 ἀῤῥωστον
3177 1644 3535 1714 ἐθεράπευεν,
3578 1646 3757 1698 πάντα
3786 1645 4034 1713 γέροντα

2434 1730 2805 1798 περιεκράτει,
2846 1730 3010 1781 παντὶ
3036 1728 3229 1802 πένητι
3260 1729 3525 1796 παρεῖχεν
3558 1726 3697 1780 κατά
3735 1724 4035 1778 Σάσὸατον

754 1813 1046 1864 ἀναπεσεῖν
1093 1810 1425 1881 δυνάμενος,
1481 1812 1571 1865 διά
1607 1814 1706 1875 τάς
1750 1814 1943 1877 λοιπὰς
2000 1815 2189 1883 χρείας
2236 1814 2329 1867 τοῦ
2361 1824 2405 1879 Β
2433 1813 2524 1864 καὶ
2558 1812 2841 1884 Κυριακὴν
2892 1814 3041 1881 τρεῖς
3098 1810 3131 1883 ἢ
3201 1810 3474 1879 τέσσαρας
3518 1808 3797 1881 τραπέζας
3828 1808 4030 1861 ίστῶνο

755 1894 1025 1963 σώματος.
1064 1893 1175 1945 Καὶ
1213 1896 1271 1946 ἐν
1294 1894 1469 1965 τούτῳ
1499 1894 1575 1948 ῶν
1604 1897 1681 1966 τῷ
1707 1897 1910 1967 ἀνιάτῳ
1941 1896 2105 1951 πάθει
2136 1896 2329 1962 ἀλλους

758 1979 874 2028 ἰᾶτο
889 1977 1013 2036 τοὺς
1048 1979 1107 2028 ἐν
1129 1977 1467 2049 οίοισδήποτε
1491 1974 1585 2032 οῦν
1609 1983 1878 2050 νοσήμασι
1902 1982 2327 2052 κατεχομένους.

766 2062 1091 2127 Ἀναγκαῖον
1129 2059 1317 2113 τοίνυν
1372 2062 1667 2133 ἡγησάμην
1706 2063 2082 2135 ἐξηγήσασθαι
2136 2064 2327 2118 τούτου

751 2142 846 2195 τοῦ
905 2141 1062 2209 ἁγίου
1090 2141 1151 2193 τὸ
1209 2141 1399 2207 πάθος,
1436 2144 1522 2196 ἵνα
1577 2145 1651 2214 μὴ
1714 2144 2054 2213 ξενιζώμεθα
2096 2147 2225 2201 ὅταν
2274 2164 2327 2200 τι

755 2225 1139 2291 περιστατικὸν
1172 2224 1402 2291 δικαίοις
1442 2228 1669 2297 ἀνδράσι
1724 2229 2015 2301 συμϐαίνῃ.
2062 2230 2331 2301 Τελευτή-

756 2327 946 2371 σαντος
984 2310 1041 2362 δὲ
1065 2310 1160 2362 τοῦ
1181 2312 1433 2378 γενναίου
1467 2312 1698 2376 ἐκείνου,
1749 2313 1817 2366 τά
1856 2314 1983 2381 φλία
2028 2314 2126 2384 τῆς
2158 2314 2329 2387 θύρας

754 2392 969 2462 ἐπήρθη
995 2393 1088 2446 καὶ
1132 2394 1190 2445 al
1247 2394 1615 2464 παραστάδες,
1677 2396 1764 2449 ῐνα
1804 2396 2005 2466 δυνηθῇ
2064 2398 2126 2451 τὸ
2170 2398 2329 2468 σῶμα

753 2475 1098 2546 ἐξενεχθῆναι
1128 2477 1227 2547 τῆς
1267 2477 1485 2547 κέλλης.
1521 2478 1790 2542 Τοσοῦτος
1846 2474 1915 2549 ἦν
1958 2483 1986 2534 6
2022 2480 2186 2550 ὄγκος
2232 2481 2329 2535 τοῦ

756 2560 1003 2627 σώματος
1050 2559 1143 2612 τοῦ
1193 2562 1465 2631 μακαρίου
1510 2562 1605 2616 καὶ
1654 2562 1900 2633 ἀοιδίμου
1942 2566 2183 2636 Πατέρος
2231 2568 2329 2619 Βε-

753 2641 993 2710 νιαμείν.

1342 2733 1599 2793 ΚΕΟΔΔ.
1633 2731 1726 2785 1Δ⁸.

1236 2837 1372 2913 Περὶ
1417 2835 1854 2890 Ἀπολλωνίου.

840 2942 1194 3005 Ἀπολλώνιός
1219 2958 1303 3007 τις
1323 2940 1551 3011 ὀνόματι
1572 2940 1686 2993 ἀπὸ
1714 2940 2169 3012 πραγματευτῶν,
2192 2942 2331 2995 ἀπο-

754 3040 1055 3110 ταξάμενος
1085 3040 1177 3091 καὶ
1206 3038 1438 3107 οίκήσας
1469 3037 1534 3089 τὸ
1571 3036 1699 3106 ὄρος
1746 3038 1845 3106 τῆς
1892 3036 2142 3104 Νιτρίας,
2194 3041 2330 3109 μήτε

753 3124 950 3193 τέχνην
982 3122 1042 3174 τὸ
1074 3121 1261 3179 λοιπδν
1293 3119 1485 3190 μαθεῖν
1504 3119 1826 3188 δυνάμενος,
1863 3122 2000 3190 μήτε
2032 3120 2125 3173 ἐπὶ
2153 3120 2326 3191 ἀσκη-

756 3225 839 3267 οιν
916 3205 1219 3276 γραφικὴν,
1282 3202 1362 3273 τῷ
1420 3203 1869 3275 παραϐεϐηκέναι
1935 3207 2037 3275 τὴν
2090 3205 2327 3275 ἠλικίαν,

754 3288 924 3357 ζήσας
975 3288 1033 3341 ἐν
1090 3286 1169 3357 τῷ
1211 3285 1328 3357 ὄρει
1381 3285 1553 3339 εἴκοσι
1579 3286 1696 3355 ἐτη,
1753 3286 1958 3358 ταύτην
2020 3286 2179 3359 ἐσχεν
2231 3287 2331 3358 τὴν

752 3374 1009 3443 ἄσκησιν.
1055 3372 1149 3425 Ἐκ
1180 3371 1290 3424 τῶν
1336 3371 1484 3423 ίδίων
1514 3372 1815 3441 χρημάτων
1846 3374 1941 3426 καὶ
1969 3370 2079 3425 τῶν
2112 3373 2330 3429 οίκείων

752 3456 930 3509 πόνων
963 3457 1191 3508 παντοῖα
1219 3454 1440 3523 ίατρικά
1473 3455 1569 3509 καὶ
1606 3454 1907 3526 κελλαρικά
1954 3454 2241 3525 ἀγοράζων
2273 3458 2330 3509 ἐν

750 3540 817 3608 τῇ
857 3536 1255 3610 Ἀλεξανδρεία,
1287 3538 1437 3610 πάσῃ
1466 3540 1531 3608 τῇ
1559 3537 1880 3608 ἀδελφότητι
1906 3540 1986 3602 είς
2021 3543 2121 3604 τας
2142 3539 2330 3604 νόσους

752 3621 1005 3691 ἐπήρκει.
1069 3622 1179 3675 Καὶ
1234 3616 1303 3691 ἦν
1339 3621 1467 3675 ἰδεῖν
1516 3621 1678 3675 αὑτὸν
1724 3622 1943 3693 ὄρθριον
1998 3623 2161 3693 μέχρι
2230 3625 2327 3692 τῆς

752 3703 980 3775 ἐννάτης
1050 3702 1199 3775 ῶρας
1271 3704 1605 3759 κυκλεύοντα
1680 3706 1748 3760 τά
1831 3708 2167 3777 ἀσκητήρια,
2234 3712 2332 3765 καὶ

754 3789 1117 3857 μοναστήρια,
1146 3789 1240 3840 καὶ
1268 3788 1448 3851 πάσας
1484 3787 1690 3858 σκηνάς
1738 3790 1837 3852 τὰς
1884 3791 2024 3855 ἐκεῖ,
2058 3792 2200 3847 κατά
2240 3792 2332 3844 θύ-

754 3885 850 3939 ραν
877 3869 1260 3940 είσερχόμενον
1286 3871 1381 3925 καὶ
1431 3872 1856 3938 ἐπισκοποῦντα,
1890 3876 1965 3943 μή
1999 3891 2085 3936 τις
2108 3876 2331 3929 ἀνάκει-

750 3969 859 4005 ται.
918 3952 1248 4016 Ἐὄάσταζεν
1302 3954 1358 4010 Ct
1406 3955 1685 4024 σταφίδας,
1731 3957 1881 4025 ῥοάς,
1912 3957 2015 4020 ὠά,
2073 3957 2326 4025 σιλίγνια,

751 4028 826 4087 ὧν
894 4036 1199 4090 ἐπιδέονται
1260 4038 1310 4090 οί
1363 4040 1823 4113 ἀρρωστοῦντες,
1890 4040 2093 4111 ταύτην
2151 4042 2330 4111 ἐαυτῷ

750 4120 1133 4174 λυσιτελοῦσαν
1155 4121 1330 4193 εὑρὼν
1378 4123 1654 4176 πολιτείαν
1676 4126 1753 4187 είς
1772 4125 1833 4177 τὸ
1864 4126 2043 4195 γῆρας
2074 4124 2167 4179 τοῦ
2194 4128 2330 4196 Χρι-

752 4206 878 4255 στοῦ
910 4204 1093 4267 δοῦλος
1115 4222 1127 4236 ο
1169 4208 1316 4271 ὅστις
1345 4208 1603 4279 τελευτᾷν
1651 4208 1880 4279 μέλλων,
1928 4210 2102 4281 ὁμοίῳ
2131 4210 2327 4264 ἐαυτοῦ

751 4288 1155 4357 καταλιμπάνει
1210 4292 1279 4343 τά
1341 4292 1634 4361 γρυτάρια,
1704 4294 2091 4363 παρακαλέσας
2164 4296 2327 4347 αὐτὸν

749 4373 954 4442 ταύτην
978 4374 1217 4426 ἐκτελεῖν
1238 4376 1337 4445 τὴν
1367 4375 1664 4430 διακονίαν.
1698 4376 2165 4446 Πεντακισχιλίων
2218 4381 2326 4451 γὰρ

748 4455 1040 4508 οἰκούντων
1120 4458 1461 4527 μοναζόντων
1526 4462 1588 4512 τὸ
1662 4460 1787 4529 ὄρος
1868 4464 2081 4522 ἐκεῖνο,
2168 4464 2327 4531 χρεία

750 4539 845 4590 κιὶ
872 4539 973 4607 τῆς
1002 4541 1261 4611 τοιαύτης
1291 4543 1658 4611 ἐπισκέψεως,
1720 4542 1808 4602 διά
1850 4544 1911 4596 τὸ
1935 4542 2141 4614 ιρημον
2184 4540 2323 4598 εἷναι

748 4638 774 4672 τ
789 4622 842 4675 ὃν
868 4623 1056 4679 τόπον.

1247 4711 1497 4764 κεοΑΑ.
1545 4712 1645 4777 lE',
1698 4709 1813 4777 ις’.

986 4868 995 4877 ι
1093 4807 1231 4875 Περὶ
1262 4809 1535 4873 Παησιόυ
1582 4809 1679 4861 καὶ
1731 4808 1989 4862 Ἡσαΐου.

820 4908 1046 4979 Ἐτερός
1082 4927 1163 4971 τις
1203 4912 1441 4981 Παήσιος
1472 4912 1564 4965 καὶ
1602 4913 1831 4973 Ἡσαΐας
1881 4911 2023 4963 οῦτω
2053 4910 2319 4980 καλούμε-

748 5006 828 5045 νοι
848 4990 1068 5061 ἀδελφοὶ
1097 4994 1342 5063 ὑπῆρχον
1396 4994 1597 5067 πατρὸς
1642 4996 1886 5063 ἐμπόρου
1916 4994 2321 5064 Σπανοδρόμου.

748 5074 957 5137 οἵτινες
986 5075 1079 5127 τοῦ
1124 5077 1329 5143 πατρὸς
1350 5076 1528 5129 αὐτῶν
1554 5078 1980 5148 τελευτήσαντος
1998 5077 2323 5147 ἐμερίσαντο

746 5158 815 5207 τά
846 5157 1158 5227 ὑπάρχοντα
1186 5161 1242 5211 ἐν
1279 5163 1535 5229 κινητοῐς,
1568 5161 1602 5214 ἀ
1634 5160 1788 5231 ἔσχον
1819 5164 1875 5213 ἐν
1905 5162 2001 5228 μὲν
2026 5160 2323 5228 νομίσμασι

748 5242 1231 5310 πεντακισχιλίοις,
1273 5245 1330 5295 ἐν
1361 5246 1596 5313 ίματίοις
1643 5247 1699 5297 δέ
1732 5246 1829 5298 καὶ
1869 5248 2108 5308 οἰκέταις
2148 5246 2215 5296 τά
2238 5246 2325 5296 ει)⁸

750 5326 992 5395 ρεθέντα.
1013 5320 1171 5379 Οὗτοι
1205 5326 1322 5397 μετ’
1346 5327 1589 5397 ἀλλήλων
1622 5330 1947 5396 ὲσκέψαντο,
1970 5331 2063 5380 καὶ
2094 5346 2156 5381 συ
2166 5327 2325 5398 μὸουσ

748 5407 994 5471 λεύοντες
1034 5410 1244 5472 ἑαυτοῖς
1281 5410 1467 5479 ἔλεγον
1500 5412 1635 5481 προς
1665 5412 1948 5482 ἀλλήλους·
1993 5412 2115 5462 Ἐπὶ
2162 5410 2322 5465 ποίαν

750 5492 975 5559 μέθοδον
1004 5493 1248 5563 ἔλθωμεν
1301 5495 1439 5563 βίου,
1502 5498 1732 5565 ἀδελφέ;
1784 5496 1879 5550 ἐὰν
1935 5495 2177 5565 ἔλθωμεν
2229 5496 2323 5547 ἐπὶ

744 5578 843 5643 τὶυλν
901 5578 1191 5647 ἐμπορίαν,
1250 5580 1317 5649 ῆν
1368 5580 1630 5650 μετῆλθεν
1685 5582 1711 5632 6
1762 5579 1943 5649 πατὴρ
2000 5578 2175 5647 ἡμῶν,
2230 5580 2324 5632 καὶ

749 5662 910 5724 ἡμεῖς
996 5662 1201 5729 ἑτέροις
1262 5665 1459 5732 ἔχομεν
1527 5662 1849 5731 καταλεῖψαι
1930 5664 2053 5725 τοὺς
2127 5662 2319 5727 πόνους

743 5742 919 5817 ἡμῖν.
961 5744 1115 5806 Ἴσως
1144 5747 1193 5798 δὲ
1222 5750 1312 5799 καὶ
1341 5747 1603 5809 κινδύνοις
1640 5747 2080 5816 ττ;ρ;π;σούμεί)α
2106 5748 2319 5809 πάντως

2431 1898 2554 1957 τοὺς
2584 1895 2937 1963 λειπομένους
2982 1892 3271 1959 ἐδεξιοῦτο.
3331 1892 3521 1964 Τούτῳ
3570 1892 3649 1962 τῷ
3694 1894 3880 1963 τρόπῳ
3921 1892 4033 1945 τὸν

2432 1978 2627 2031 ἐαυτοῦ
2674 1978 2787 2047 βίον
2837 1978 3245 2047 κατηνάλωσεν.
3288 1975 3510 2029 Τούτων
3543 1972 3636 2029 οὖν
3687 1974 4033 2044 ἀμφοτέρων

2430 2062 2871 2131 τελευτησάντων
2892 2102 2906 2126 ,
2942 2062 3189 2130 διάφοροι
3222 2059 3568 2131 μακαρισμοὶ
3594 2059 3868 2128 ἑκατέρων
3896 2060 4034 2125 ἐγέ-

2431 2161 2584 2197 νοντο
2615 2145 2764 2216 παρά
2795 2144 2903 2196 τῶν
2956 2142 3224 2211 ἀδελφῶν,
3285 2142 3361 2200 ὡς
3416 2142 3745 2211 ἀμφοτέρων
3787 2140 4035 2195 τελείων

2432 2230 2490 2283 ἐν
2521 2230 2687 2299 ἀρετῇ
2735 2226 3087 2298 εὑρεθέντων.
3142 2226 3253 2279 Καὶ
3297 2228 3407 2287 τοῖς
3445 2224 3545 2293 μέν
3589 2226 3821 2294 ήρεσκεν
3858 2225 3887 2276 6
3916 2224 4031 2278 τσῦ

2431 2312 2578 2380 ἀπαξ
2610 2312 3027 2382 ἀποταξαμένου
3066 2311 3201 2381 βίος,
3236 2313 3350 2372 τοῖς
3386 2310 3442 2361 δέ
3471 2310 3502 2360 6
3537 2312 3852 2373 κοινωνικὸς
3874 2309 4033 2380 πρὸς

2432 2398 2641 2460 πάντας
2668 2400 2795 2459 τοὺς
2822 2396 3133 2465 δεομένους.
3160 2393 3496 2454 Φιλονεικίας
3539 2388 3633 2448 οὖν
3662 2393 4032 2464 ἐμπεσούσης

2432 2483 2526 2539 ἐπὶ
2546 2484 2612 2552 τῇ
2635 2481 2879 2550 διαφόρῳ
2919 2479 3167 2548 πολιτείίι⁵
3200 2476 3406 2530 τούτων
3447 2475 3559 2530 τῶν
3611 2476 3900 2549 μακαρίων
3946 2480 4032 2550 τῇ

2434 2565 2777 2634 ἀδελφότητι,
2847 2563 3083 2632 μάλιστα
3119 2561 3217 2613 ἐπὶ
3269 2564 3382 2624 τοῖς
3421 2560 3702 2631 διαφόροις
3748 2558 4028 2626 ἐπαίνοις,

2434 2648 2769 2719 ἀπέρχονται
2799 2646 2939 2716 πρὸς
2981 2644 3073 2697 τὸν
3112 2642 3384 2715 μακάριον
3430 2644 3525 2697 καὶ
3578 2644 3735 2711 ἀγιον
3774 2641 4028 2712 Παμὸὼ,

2436 2732 2532 2785 καὶ
2582 2730 2928 2785 ἀνατίθενται
2970 2729 3121 2800 αὐτῷ
3160 2729 3259 2799 τὴν
3304 2730 3431 2801 περὶ
3478 2729 3686 2782 τούτων
3710 2728 4029 2799 ἐπίκρισιν,

2435 2814 2714 2883 ἀξιοῦντες
2752 2814 2945 2885 μαθεῖν
2978 2813 3105 2884 παρ’
3134 2812 3302 2867 αὑτοῦ
3341 2814 3439 2885 τὴν
3478 2814 3689 2884 ἀμείνω
3710 2813 4027 2868 πολιτείαν.

2447 2902 2507 2953 '0
2537 2901 2593 2953 δέ
2620 2900 2770 2967 λέγει
2791 2899 2997 2962 αὐτοῖς·
3038 2898 3360 2969 ⁹Δμφότεροι
3390 2897 3588 2953 τέλειοί
3626 2900 3733 2952 είσι
3754 2900 3893 2969 πρὸς
3921 2898 4031 2952 τὸν

2436 2987 2659 3054 Κύριον.
2720 2985 2778 3038 Ὀ
2822 2985 2919 3054 μὲν
2948 2984 3058 3057 γὰρ
3110 2985 3464 3057 ’Δόραμιαῖον
3517 2984 3821 3048 ἐξετέλεσεν
3850 2983 4032 3052 έργον

2434 3069 2772 3135 δεξιούμενος
2796 3070 3024 3129 πάντας
3068 3070 3096 3120 6
3130 3068 3187 3120 δέ
3213 3066 3307 3120 τοῦ
3346 3069 3630 3137 προφήτου
3675 3066 3854 3119 Ἡλίου
3872 3066 3934 3119 τὸ
3956 3067 4032 3124 ἀ-

2360 3159 2403 3217 c
2437 3152 2655 3221 καμπὲς
2683 3150 2779 3203 τοῦ
2800 3152 2966 3220 ζήλου
2984 3150 3081 3220 τῆς
3101 3150 3235 3221 πρὸς
3247 3149 3379 3202 Θεὸν
3394 3150 3803 3220 εὑαρεστήσεως
3829 3149 4028 3207 ἐνεδέ-

2436 3235 2583 3299 ξατο.
2611 3235 2718 3287 Καὶ
2740 3234 2849 3287 τῶν
2891 3234 2989 3303 μὲν
3023 3231 3311 3301 λεγόντων,
3343 3232 3465 3284 Τῶν
3494 3232 3670 3284 ποδῶν
3709 3247 3801 3283 σου
3840 3232 4030 3285 ἀπτό-

2438 3318 2598 3387 μεθα,
2627 3317 2745 3381 πῶς
2768 3316 2997 3369 δυνατὸν
3023 3310 3163 3368 εἶναι
3186 3314 3408 3377 τούτους
3430 3315 3600 3377 ῖσους,
3620 3314 4030 3383 προτιμώντων

2432 3402 2596 3456 τινῶν
2624 3402 2715 3455 τὸν
2743 3400 3008 3471 ἀσκητὴν,
3030 3400 3126 3453 κα)⁸
3144 3399 3434 3467 λεγόντων,
3459 3398 3540 3451 ὅτι
3567 3392 3732 3461 Οὗτος
3758 3398 3818 3451 τὸ
3842 3400 4030 3469 εὐαγς-

2432 3484 2650 3551 γελικὺν
2682 3485 3048 3555 πεπλήρωκεν
3079 3483 3432 3552 πρόσταγμα,
3466 3483 3536 3536 τά
3583 3484 3761 3536 πάντα
3821 3482 4029 3554 πωλή-

2434 3584 2555 3632 σας,
2586 3568 2678 3619 καὶ
2720 3564 3059 3629 διαδεδωκὼς
3112 3566 3370 3634 πτωχοῖς,
3432 3566 3529 3618 καὶ
3586 3566 4029 3635 προσκαρτερῶν

2432 3655 2553 3717 ταῖς
2580 3654 2788 3724 εὐχαῖς,
2816 3652 2960 3706 κατά
2987 3654 3165 3704 πᾶσαν
3192 3650 3403 3720 ἡμέραν
3431 3650 3525 3701 κα)⁸
3550 3648 3698 3719 ῶραν
3726 3650 3819 3701 καὶ
3842 3651 4029 3717 νύκτα

2431 3739 2523 3789 τὸν
2562 3737 2794 3808 σταυρὸν
2820 3735 3126 3806 βαστάζων,
3161 3734 3257 3786 καὶ
3288 3730 3599 3786 ἀκολουθῶν
3648 3732 3725 3802 τῷ
3772 3733 4027 3804 Σωτῆρι,

2431 3819 2540 3878 τῶν
2577 3818 2633 3877 δὲ
2665 3820 2793 3888 περὶ
2824 3817 2917 3873 τοῦ
2940 3820 3128 3889 ἐτέρου
3168 3814 3766 3886 ἀντιφιλονεικούντων,
3792 3816 3876 3869 ὅτι
3905 3818 4028 3873 Καὶ

2431 3897 2606 3963 οὗτος,
2638 3900 2876 3971 δεόμεθά
2905 3918 3023 3967 σου,
3046 3899 3288 3954 τοσαῦτα
3317 3900 3411 3952 καὶ
3444 3897 3668 3953 τοιαῦτα
3728 3899 4028 3969 σπλάγχνα

2432 3983 2749 4049 ἐπεδείξατο
2785 3986 2866 4060 είς
2894 3986 3106 4047 πάντας
3150 3985 3279 4045 τοὺς
3322 3982 3633 4052 δεομένους,
3679 3980 3755 4045 ῶς
3788 3984 3883 4035 καὶ
3932 3989 4025 4047 εὶς

2432 4070 2601 4133 αὐτάς
2660 4068 2761 4133 τάς
2794 4069 3104 4140 λεωφόρους
3149 4066 3507 4138 ἐξερχόμενον
3563 4062 3861 4135 καθῆσθαι,
3921 4072 4026 4130 καὶ

2438 4152 2566 4217 τοὺς
2601 4152 2953 4222 θλισομένους
3008 4152 3262 4219 συνάγειν
3309 4149 3404 4203 καὶ
3452 4149 3749 4218 ἐπαρκεῖν
3810 4150 3906 4201 καὶ
3952 4152 4025 4204 οὐ

2436 4239 2597 4307 μόνον
2638 4240 2737 4307 τὴν
2780 4238 2915 4291 ίδίαν
2946 4235 3125 4308 ψυχὴν
3157 4235 3452 4295 ἀνέπαυεν,
3504 4232 3641 4287 ἀλλά
3700 4232 3799 4286 καὶ
3837 4232 4025 4292 ἀλλων

2438 4324 2669 4385 πολλῶν,
2701 4322 3033 4391 νοσοκομῶν,
3064 4320 3159 4373 καὶ
3186 4316 3496 4383 ἐπικουρῶν
3526 4331 3539 4347 ⁸
3573 4316 3721 4384 λέγει
3766 4319 3949 4380 αὐτοῖς
3991 4322 4025 4371 ὀ

2439 4408 2711 4477 μακάριος
2752 4404 2983 4475 Παμδὼ·
3012 4403 3181 4457 Πάλιν
3218 4403 3346 4472 ὑμῖν
3376 4398 3517 4471 ἐρῶσ
3549 4400 3851 4470 ἀμφότεροί
3877 4404 4026 4455 εἰσιν

2360 4506 2402 4560 ι)
2436 4492 2537 4543 ἶσοι
2593 4491 2726 4560 πρὸς
2774 4489 2867 4541 τὸν
2897 4488 3123 4558 Κύριον·
3170 4487 3401 4540 ἐκαστον
3442 4483 3502 4537 δέ
3541 4484 3697 4553 ὑμῶν
3740 4483 4023 4554 πληροφο-

2435 4576 2585 4644 ρήσω
2613 4573 2742 4643 περὶ
2767 4572 2969 4627 αὐτῶν.
3002 4566 3168 4634 Οὗτος
3201 4572 3250 4623 εί
3289 4568 3364 4639 μὴ
3393 4568 3551 4640 ήσκει
3578 4567 3817 4640 τοσαύτῃ
3840 4570 4020 4639 ἀκρό-

2431 4675 2573 4728 τητι.
2608 4659 2710 4711 οὐκ
2778 4657 2844 4710 ἂν
2874 4657 3093 4723 ἐγένετο
3142 4654 3292 4721 ἀξιος
3322 4655 3387 4723 τῇ
3420 4650 3515 4704 τοῦ
3545 4651 3802 4721 Σωτῆρος
3850 4654 4019 4723 ἡμῶν

2430 4741 2725 4811 ἀγαθότητι
2782 4740 3162 4809 συγκριθῆναι.
3212 4737 3449 4798 Ἐκεῖνος
3502 4734 3663 4788 πάλιν
3713 4735 4020 4790 ἀναπαύων

2431 4826 2555 4887 τοὺς
2592 4825 2798 4887 ξένους,
2834 4824 2926 4874 καὶ
2957 4824 3067 4881 τοῖς
3094 4820 3369 4889 δεομένοις
3386 4818 3675 4881 διακονῶν,
3698 4818 4018 4886 ίσόρῤοτεος,

2432 4904 2573 4956 κατά
2606 4902 2858 4969 δύναμιν,
2908 4901 3001 4953 τοῦ
3033 4900 3239 4973 Κυρίου
3272 4897 3668 4953 ἀναδέδεικται.
3700 4896 3873 4958 Αὐτὸς
3903 4898 4019 4969 γὰρ

2431 4986 2601 5055 λέγει’
2654 4985 2795 5053 Ἐγὼ
2828 4985 2928 5037 οὐκ
2952 4978 3113 5055 ἦλθον
3144 4982 3552 5052 διακονηθῆναι,
3579 4980 3718 5034 ἀλλά
3758 4980 4007 5051 διακονῆ-

2434 5087 2544 5122 σαι.
2580 5068 2835 5129 Διάκονος
2860 5068 2934 5120 ῶν
2970 5068 3063 5120 καὶ
3091 5060 3264 5129 οὗτος,
3293 5067 3339 5116 εί
3381 5064 3473 5116 καὶ
3512 5064 3661 5117 δοκεῖ
3704 5063 3764 5117 τὸ
3806 5065 3872 5116 ἐκ
3922 5066 4020 5117 τοῦ

2436 5154 2603 5206 κόπου
2626 5152 2768 5222 ἔχειν
2798 5153 3037 5221 φορτίον,
3090 5148 3224 5202 ἀλλά
3257 5149 3348 5201 καὶ
3398 5150 3497 5215 τὴν
3532 5145 3663 5218 παρ’
3683 5147 3824 5200 αύτά
3863 5142 4018 5218 εῖχεν

2434 5239 2761 5291 ἀνάπαυσιν.
2808 5234 3127 5299 Ἐκδέξασοε
3156 5232 3209 5285 δὲ
3238 5232 3458 5303 μικρὸν,
3497 5231 3587 5285 ῖνα
3610 5234 3703 5284 καὶ
3726 5232 3877 5302 παρά
3919 5233 4016 5284 τοῦ

2431 5324 2566 5376 Θεοῦ
2623 5321 2866 5392 δέξωμαι
2911 5319 3007 5389 τὴν
3058 5319 3185 5389 περὶ
3243 5316 3424 5371 αὐτῶν
3490 5317 3865 5385 ἀποκάλυψιν*
3917 5319 4017 5371 καὶ

2436 5408 2571 5476 μετὰ
2605 5405 2777 5458 ταῦτα
2827 5404 3069 5463 ἐλθόντες
3131 5400 3465 5471 μαθήσεσθε,
3517 5400 3864 5463 Διαλιπόντες
3918 5396 4016 5454 οὖν

2432 5489 2619 5557 ὀλίγας
2649 5490 2883 5559 ήμέρας,
2916 5482 3076 5557 ἦλθον
3104 5484 3268 5540 πάλιν
3296 5486 3425 5555 περὶ
3470 5484 3677 5538 τούτων
3714 5484 3805 5537 τὸν
3834 5484 4015 5553 μέγαν

2433 5572 2902 5643 παρακαλοῦντες.
2943 5569 3003 5621 'O
3029 5570 3085 5620 δὲ
3115 5571 3386 5640 μακάριος
3427 5570 3762 5640 ἀπεκρίνατο
3786 5606 3800 5629 ,
3832 5567 4015 5636 λέγων

2434 5662 2633 5724 αὐτοῖς,
2668 5658 2741 5719 ὼς
2788 5657 2912 5709 Ἐπὶ
2951 5655 3084 5707 Θεοῦ
3119 5656 3461 5725 ἀμφοτέρους
3507 5650 3646 5709 είδον
3686 5654 3802 5724 ἅμα
3844 5654 4013 5713 ἑστῶ-

2435 5760 2528 5806 τας
2564 5744 2618 5795 ἐν
2647 5740 2722 5810 τῷ
2766 5740 3093 5812 παραδείσῳ.
