4258 6358
324 406 464 462 ΙυὸἹ

1580 400 1895 461 HISTORIA
1934 400 2280 459 LAUSIAGA.

3405 414 3541 476 1038

314 521 470 588 byter
513 521 708 575 montis
751 522 947 587 Nitrizn,
990 537 1074 576 nte
1129 522 1341 591 inquam
1381 531 1437 575 et
1488 520 1697 577 beatum
1742 522 1871 576 Eva-
1906 517 2127 592 Aergo,
2154 523 2335 589 frater,
2365 525 2526 577 vitam
2557 524 2929 592 aggrediamur
2972 527 3346 589 monasticam,
3386 537 3443 579 ut
3492 536 3549 582 et

315 613 532 682 grium,
604 612 740 668 dicit
810 612 970 668 nobis
1028 628 1043 665 :
1098 614 1311 676 Adeste,
1349 613 1525 669 videte
1567 629 1758 669 novum
1779 613 1881 671 Job

314 701 407 766 qui
436 704 487 755 in
520 710 665 755 tanto
689 703 926 771 corporis
954 704 1139 758 morbo
1166 712 1219 757 et
1248 711 1393 757 tanto
1423 714 1627 759 tumore
1656 705 1881 757 immen-

314 806 430 845 sam
464 793 621 847 habet
650 794 952 859 patientiam
981 809 1098 847 cum
1130 796 1415 863 gratiarum
1445 794 1671 849 actione.
1712 795 1880 849 Acce-

312 880 504 936 dentes
532 895 661 949 ergo
688 881 911 936 vidimus
942 891 1139 937 tantam
1170 885 1362 938 molem
1389 882 1505 953 ejus
1532 882 1790 951 corporis,
1823 890 1881 937 ut

316 988 537 1041 parvum
567 972 682 1042 ejus
711 973 929 1042 digitum
966 990 1071 1029 non
1101 989 1373 1043 possemus
1398 974 1677 1043 complecti
1704 974 1881 1044 digitis

312 1064 537 1115 duarum
563 1078 834 1116 manuum.
870 1063 1001 1118 Cum
1031 1074 1207 1119 autem
1240 1065 1408 1120 morbi
1436 1067 1749 1134 gravitatem
1774 1078 1881 1119 non

316 1168 596 1219 possemus
622 1154 741 1207 lixis
783 1154 952 1209 oculis
982 1156 1191 1218 intueri,
1226 1166 1437 1210 nostros
1464 1158 1643 1211 oculos
1672 1166 1880 1213 averte-

315 1246 523 1299 bamus.
581 1245 732 1300 Tunc
760 1246 887 1301 dicit
974 1249 1129 1303 nobis
1193 1248 1383 1304 beatus
1429 1250 1516 1304 ille
1564 1250 1879 1319 Beniamin:

312 1334 495 1398 Orate,
529 1335 641 1401 lilii,
675 1351 743 1389 ne
789 1352 940 1391 meus
984 1338 1223 1393 internus
1254 1340 1412 1393 homo
1440 1340 1511 1394 sit
1538 1339 1879 1411 hydropicus.

313 1424 427 1477 Hoc
453 1424 593 1478 enim
644 1438 836 1492 corpus
864 1443 1035 1495 neque
1057 1444 1176 1482 cum
1220 1428 1354 1484 bene
1398 1444 1457 1484 se
1487 1430 1725 1493 haberet,
1756 1430 1883 1484 mihi

311 1513 603 1581 quidquam
638 1514 853 1583 profuit,
887 1532 1057 1584 neque
1101 1532 1221 1571 cum
1279 1520 1432 1583 male,
1480 1534 1564 1573 me
1591 1520 1742 1574 laesit.
1779 1521 1883 1575 ltlis

310 1617 444 1670 ergo
475 1612 596 1658 octo
624 1605 893 1659 mensibus
930 1608 1064 1660 facta
1088 1618 1171 1663 cst
1201 1608 1271 1662 illi
1299 1610 1427 1663 sella
1458 1610 1710 1665 latissima
1746 1610 1880 1681 (55),

314 1690 369 1743 iu
403 1708 504 1758 qua
551 1694 768 1747 sedebat
798 1697 1030 1761 assidue,
1077 1707 1134 1751 ut
1172 1699 1262 1766 qui
1306 1714 1411 1752 non
1445 1710 1619 1765 posset
1664 1702 1715 1755 in
1745 1702 1882 1757 lecto

309 1782 653 1845 accumbere,
698 1794 913 1853 propter
936 1801 997 1839 ea
1029 1802 1150 1855 quae
1178 1798 1298 1842 sunt
1320 1790 1526 1858 corpori
1555 1792 1876 1846 necessaria.

1984 613 2148 680 patris
2177 614 2341 667 nostri
2371 614 2634 667 lucremur
2662 613 2961 680 facultates,
3005 624 3059 669 et
3087 626 3295 671 nostras
3338 616 3548 671 animas

1984 716 2086 757 non
2121 704 2423 770 perdamus.
2455 704 2658 757 Placuit
2691 720 2818 773 ergo
2841 706 3075 775 utrisque
3097 721 3290 774 scopus
3320 706 3438 760 vitae
3458 722 3546 761 so—

1984 792 2193 859 litaria,
2225 795 2317 848 sed
2349 795 2550 847 inventi
2578 803 2700 847 sunt
2741 795 2876 850 alius
2908 795 2959 849 in
3013 796 3117 849 alio
3162 795 3546 865 discrepantes.

1982 880 2113 938 Cum
2149 884 2323 951 itaque
2363 886 2617 954 pecunias
2646 885 2969 951 divisissent,
3022 893 3077 939 et
3117 886 3317 954 reliqua
3347 889 3545 952 omnia,

1984 971 2125 1026 hunc
2154 973 2365 1041 quidem
2388 972 2487 1027 sibi
2526 988 2744 1041 scopum
2774 985 3185 1042 pr0posuerunt,
3208 984 3267 1029 ut
3297 975 3405 1029 Deo
3436 975 3548 1044 pla-

1984 1073 2185 1126 cerent,
2227 1062 2321 1115 sed
2352 1062 2561 1117 diverso
2592 1063 2713 1118 vitte
2736 1064 2995 1119 instituto.
3028 1064 3177 1120 Unus
3198 1064 3339 1119 enim
3369 1064 3544 1118 omnia

1984 1150 2316 1221 dispergens,
2360 1152 2956 1221 deditmonasteriis,et
3002 1155 3268 1218 ccclesiis,
3294 1164 3349 1210 et
3371 1169 3547 1209 custo-

1984 1242 2105 1307 diis,
2137 1254 2191 1297 et
2217 1258 2335 1297 cum
2367 1253 2532 1298 artem
2574 1244 2862 1307 didicisset,
2892 1262 2957 1301 ex
2983 1261 3080 1312 qua
3106 1246 3205 1301 sibi
3236 1261 3423 1314 panem
3455 1261 3547 1315 pa-

1987 1342 2148 1396 raret,
2190 1334 2557 1387 exercitationi
2589 1350 2803 1402 operam
2844 1336 3005 1388 dabat
3030 1346 3079 1388 et
3112 1335 3364 1391 orationi.
3403 1338 3548 1389 Alter

1983 1431 2158 1476 autem
2187 1422 2301 1490 ejus
2321 1424 2450 1477 nihil
2474 1425 2742 1493 dispersit,
2773 1426 2862 1478 sed
2896 1425 3036 1478 facto
3064 1427 3165 1479 sibi
3203 1426 3547 1488 monasterio,

1984 1521 2038 1563 et
2080 1509 2259 1575 paucis
2285 1515 2569 1579 assumptis
2618 1513 2885 1578 fratribus,
2914 1516 3205 1583 quemlibet
3254 1516 3550 1584 excipiebat

1986 1600 2267 1671 hospitem,
2297 1604 2586 1673 quemlibet
2632 1604 2853 1660 curabat
2879 1616 3155 1675 aegrotum,
3197 1608 3439 1677 quemvis
3464 1624 3549 1663 se-

1986 1706 2106 1745 nem
2160 1694 2449 1756 retinebat,
2483 1696 2651 1750 cuivis
2694 1695 2910 1763 pauperi
2952 1695 3154 1761 dabat;
3212 1697 3447 1751 Sabbato
3490 1707 3548 1753 et

1985 1782 2276 1845 Dominiea,
2303 1790 2412 1837 tres
2451 1792 2541 1837 aut
2569 1794 2795 1852 quatuor
2817 1801 3029 1839 mensas
3050 1796 3308 1853 statuens,
3335 1803 3430 1843 eos
3452 1790 3547 1857 qui

308 1869 446 1923 Cum
474 1880 653 1925 autem
685 1872 953 1928 laboraret
998 1876 1097 1931 hoc
1139 1878 1328 1931 morbo
1357 1880 1749 1945 immedicabili,
1780 1897 1882 1937 me-
1912 1878 1959 1938 B
1985 1894 1989 1919 ⁴

1865 1912 1882 1921 -
1912 1878 1959 1938 Β
1985 1881 2139 1925 erant
2181 1873 2337 1941 egeni
2368 1873 2683 1940 excipiebat.
2718 1875 2829 1930 Hoc
2858 1877 3015 1930 modo
3042 1878 3200 1931 vitam
3241 1892 3390 1931 suam
3419 1892 3546 1932 eon-

314 1960 542 2017 debatur
569 1964 687 2018 aliis
716 1967 802 2033 qui
828 1968 1143 2024 tenebantur
1168 1970 1440 2038 quibusvis
1461 1972 1877 2043 egritudinibus:

311 2054 681 2111 Necessarium
708 2059 886 2127 itaque
902 2060 1049 2127 duxi,
1076 2062 1315 2117 morbum
1339 2062 1493 2132 hujus
1520 2067 1686 2119 sancti
1718 2081 1882 2136 expo-

312 2161 465 2210 nere,
496 2162 563 2202 ne
603 2148 754 2203 nobis
784 2150 1015 2203 alienum
1044 2151 1303 2217 videatur,
1351 2154 1396 2208 si
1432 2154 1558 2209 viris
1583 2155 1739 2224 justis
1777 2157 1880 2210 ali-

311 2238 434 2305 quis
467 2252 623 2293 casus
665 2240 895 2294 accidat.
942 2241 1170 2311 Egregia
1215 2258 1341 2311 ergo
1369 2243 1461 2298 illo
1488 2243 1602 2299 viro
1648 2253 1874 2313 mortuo,

311 2330 582 2383 sublatum
610 2340 691 2385 est
730 2332 888 2387 limen
932 2332 1054 2387 ostii
1087 2342 1141 2388 et
1171 2344 1371 2402 postes,
1403 2344 1460 2389 ut
1482 2343 1661 2403 posset
1689 2351 1880 2404 corpus

314 2418 498 2474 et'erri
527 2436 590 2475 ex
622 2423 777 2476 cella.
811 2423 978 2477 Tanta
1028 2434 1146 2481 erat
1171 2426 1339 2482 moles
1374 2427 1614 2496 corporis
1659 2427 1797 2482 beati
1830 2438 1881 2483 et

313 2508 500 2579 inclyti
531 2511 695 2578 patris
727 2512 1023 2580 Benjamin.

900 2644 1125 2700 CAPUT
1158 2646 1295 2701 XIV.

321 2752 439 2805 Vita
465 2745 725 2825 Apollonii
748 2756 860 2823 (56)
892 2758 980 2834 qui
1022 2760 1475 2834 cognominabatur
1500 2762 1604 2817 ἀπὸ
1637 2781 1880 2834 πραγμαο

654 2836 860 2884 τιυτῶν.
886 2830 937 2879 id
967 2839 1041 2882 est
1071 2846 1102 2881 a
1145 2830 1559 2900 negotiatoribus.

382 2963 609 3031 Quidam
665 2966 975 3033 Apollonius
1018 2969 1233 3024 nomine
1288 2972 1388 3025 ἀπὸ
1455 2980 1879 3044 πραγματιυτῶν,

314 3056 369 3109 id
407 3065 508 3119 est,
558 3072 585 3107 a
617 3060 1049 3125 negotia'Otibus,
1096 3076 1217 3115 cum
1258 3063 1456 3118 mundo
1506 3066 1879 3129 renuntiasset,

313 3157 371 3201 et
401 3157 633 3202 montem
678 3148 860 3203 Nitria:
901 3150 1223 3216 habitasset,
1256 3162 1307 3207 et
1353 3169 1449 3208 nec
1480 3166 1647 3210 artem
1674 3156 1881 3212 discere

1981 1963 2229 2031 sumpsit.
2272 1964 2545 2019 Ambobus
2580 1974 2755 2020 autem
2784 1970 3029 2035 mortuis,
3062 1970 3286 2025 diversa
3316 1971 3545 2025 beatitu-

1982 2054 2133 2109 dines
2162 2057 2399 2123 utrisque
2426 2058 2690 2113 dabantur
2717 2075 2746 2113 a
2775 2060 3057 2126 fratribus,
3081 2071 3264 2131 utpote
3289 2064 3428 2133 quod
3456 2077 3545 2118 es-

1981 2154 2100 2197 sent
2140 2145 2336 2199 inventi
2368 2148 2522 2199 ambo
2566 2148 2759 2205 virtute
2813 2152 3028 2219 perfecti
3069 2169 3080 2204 :
3112 2162 3165 2207 et
3193 2153 3309 2207 aliis
3331 2154 3542 2222 quidem

1983 2235 2225 2302 placebat
2252 2237 2361 2292 vita
2387 2239 2521 2307 ejus,
2553 2240 2641 2305 qui
2681 2242 3110 2306 renuntiaverat;
3156 2244 3275 2297 aliis
3314 2260 3438 2297 vero
3482 2260 3541 2297 cu

1981 2340 2097 2392 qua:
2140 2328 2564 2382 communicabat
2610 2331 2855 2386 omnibus
2903 2333 3201 2401 egentibus.
3252 2332 3383 2385 Cum
3416 2348 3544 2403 ergo

1983 2416 2121 2469 inter
2179 2415 2369 2471 fratres
2435 2418 2705 2472 incidisset
2754 2422 3045 2487 contentio,
3095 2431 3317 2490 propter
3358 2421 3543 2475 borum

1982 2506 2253 2561 beatorum
2297 2508 2564 2563 diversum
2631 2509 2753 2564 vitxe
2820 2511 3116 2565 institutum
3147 2553 3160 2575 ,
3212 2522 3263 2565 et
3314 2512 3545 2567 maxime

1983 2610 2201 2667 promer
2223 2602 2409 2658 laudes
2448 2602 2709 2668 diversas,
2743 2604 2943 2658 vadunt
2977 2605 3041 2658 ad
3079 2605 3290 2659 beatum
3322 2601 3543 2669 Patubo,

1982 2700 2036 2744 et
2086 2690 2151 2743 ad
2199 2705 2318 2744 eum
2364 2691 2633 2755 referunt,
2700 2702 2756 2746 ut
2805 2692 2871 2747 de
2914 2692 3012 2746 hac
3067 2708 3125 2747 re
3187 2692 3543 2761 respondeat,

1983 2782 2219 2836 volentes
2249 2782 2386 2837 seire
2416 2792 2652 2837 utranam
2695 2786 2762 2838 sit
2808 2785 2997 2839 melior
3037 2785 3156 2838 vitre
3188 2786 3341 2837 ratio.
3374 2782 3421 2837 ls
3450 2797 3547 2837 au-

1986 2880 2090 2927 tem
2124 2872 2202 2927 eis
2227 2873 2393 2926 dicit:
2430 2872 2649 2941 Utrique
2674 2884 2799 2928 sunt
2826 2874 3042 2941 perfecti
3073 2874 3209 2940 apud
3248 2874 3433 2926 Deum.
3459 2872 3547 2927 Al~

1985 2971 2065 3017 ter
2086 2964 2299 3034 quidem
2346 2965 2556 3019 functus
2586 2974 2670 3020 est
2693 2981 2910 3021 munere
2957 2966 3203 3030 Abrahae,
3248 2966 3335 3035 qui
3363 2978 3549 3018 omnes

1984 3055 2320 3123 excipiebat;
2346 3055 2482 3109 alter
2522 3070 2646 3109 vero
2676 3058 2912 3124 suscepit
2956 3055 3313 3110 firmissimum
3344 3064 3399 3111 et
3426 3069 3548 3110 cono

1985 3144 2372 3197 Stantissimum
2398 3146 2566 3197 zelum
2601 3145 2727 3199 Elite
2758 3147 3050 3213 prophetae,
3079 3153 3136 3199 ut
3168 3146 3275 3199 Deo
3296 3146 3549 3213 placeret.

315 3248 517 3303 pusset,
550 3254 647 3291 nec
670 3240 891 3305 litteras,
923 3242 1062 3309 quod
1092 3252 1245 3297 aetate
1275 3254 1417 3299 esset
1458 3257 1758 3314 provectus,
1807 3250 1883 3303 vi-
1910 3240 1957 3303 C
1990 3233 1996 3286 1

1864 3279 1883 3290 .
1910 3240 1957 3303 C
1990 3233 2052 3287 Et
2079 3248 2196 3286 cum
2227 3234 2317 3287 alii
2348 3235 2559 3302 quidem
2589 3236 2637 3290 ei
2668 3236 2909 3289 dicerent
2940 3254 2951 3287 :
2984 3236 3259 3302 Quomodo
3291 3236 3404 3291 lieti
3454 3252 3545 3302 po-

311 3328 444 3395 ginti
473 3326 625 3380 annis
654 3328 845 3396 quibus
876 3330 1005 3384 vixit
1045 3331 1095 3385 in
1127 3340 1325 3397 monte,
1360 3334 1493 3388 hanc
1522 3334 1705 3390 habuit
1726 3352 1882 3391 exer-

315 3416 644 3471 citationem.
674 3419 796 3473 Suis
847 3423 1083 3487 pecuniis
1124 3434 1177 3476 et
1222 3426 1333 3479 suis
1378 3425 1645 3481 laboribus
1697 3444 1882 3485 emens

317 3507 650 3560 Alexandria
681 3523 802 3561 vasa
836 3510 1034 3563 medica
1068 3527 1223 3565 omne
1248 3528 1415 3579 genus
1458 3516 1595 3585 (57),
1620 3517 1883 3571 universae

316 3596 633 3649 fraternitati
688 3613 749 3652 ea
802 3599 1171 3667 suppeditabat
1221 3601 1285 3653 ad
1317 3605 1531 3658 morbos
1562 3619 1576 3657 :
1608 3614 1661 3659 et
1692 3606 1884 3660 licebat

312 3700 435 3738 eum
464 3686 645 3741 videre
668 3701 695 3739 a
729 3688 896 3751 prima
927 3688 1042 3741 luce
1072 3704 1235 3757 usque
1261 3691 1323 3743 ad
1358 3691 1540 3747 horam
1574 3711 1765 3749 nonam
1795 3697 1882 3750 di-

314 3786 644 3829 scurrentem
683 3777 928 3831 obeundo
977 3783 1317 3845 monasteria,
1364 3794 1420 3837 et
1467 3786 1659 3839 ostium
1706 3788 1883 3856 ingre-

313 3864 570 3931 dientem,
602 3876 655 3920 et
680 3868 939 3922 visentem
959 3885 1083 3922 num
1110 3872 1225 3939 quis
1246 3872 1608 3929 decumberet.
1634 3877 1883 3933 Portabat

312 3963 492 4007 autem
523 3970 675 4007 uvam
710 3972 941 4025 passam,
977 3960 1114 4012 mala
1139 3960 1342 4027 punica,
1378 3977 1497 4025 ova,
1549 3980 1736 4032 panem
1773 3967 1883 4019 sili-

311 4045 550 4111 gineum,
584 4054 636 4099 et
665 4061 727 4099 ea
755 4048 945 4114 quibus
977 4062 1111 4115 Opus
1134 4050 1331 4105 habent
1364 4055 1569 4120 aegroti.
1602 4055 1744 4108 llanc
1780 4056 1881 4110 sibi

312 4138 677 4190 conferentem
713 4141 914 4192 invenit
941 4140 1062 4194 vitae
1094 4146 1352 4197 rationem
1386 4162 1551 4213 usque
1577 4147 1640 4200 ad
1677 4150 1879 4201 senium

310 4226 508 4280 Christi
558 4241 763 4282 servus.
796 4232 891 4293 Qui
922 4247 1039 4285 cum
1072 4242 1216 4286 esset
1264 4237 1569 4299 moriturus,
1604 4237 1756 4290 alteri
1783 4238 1880 4291 sibi

310 4314 470 4367 simili
498 4328 591 4368 sua
614 4317 829 4385 reliquit
859 4318 1063 4385 frivola,
1092 4337 1284 4383 rogans
1312 4339 1430 4376 eum
1458 4335 1510 4377 ut
1538 4326 1679 4379 idem
1711 4326 1884 4380 obiret

313 4405 685 4459 tuiniSIerium.
721 4408 849 4460 Nam
874 4424 992 4462 cum
1021 4412 1256 4479 quinque
1303 4414 1469 4467 millia
1498 4417 1877 4468 monachorum

311 4496 461 4548 illum
518 4513 750 4552 montem
795 4501 1055 4567 habitent,
1102 4506 1191 4559 tali
1220 4521 1430 4576 quoque
1460 4522 1592 4577 Opus
1616 4518 1697 4564 est
1726 4524 1879 4565 cura-

312 4587 479 4653 tione,
501 4590 641 4659 quod
670 4592 741 4647 sit
767 4592 915 4648 locus
945 4593 1209 4649 desertus.

778 4704 1021 4761 CAPITA
1053 4706 1141 4760 XV
1178 4708 1262 4760 ET
1288 4708 1426 4761 XVI.

729 4816 843 4869 Vita
871 4816 1049 4869 Pwesii
1081 4829 1125 4871 et
1167 4817 1322 4872 Isaia:
1354 4818 1491 4887 (38).

382 4949 483 5001 Alii
510 4946 744 5003 Pzeesius
774 4961 827 5004 et
858 4949 1021 5005 Isaias
1052 4952 1267 5006 nomine
1298 4951 1508 5006 fuerunt
1544 4954 1757 5020 fratres,
1794 4970 1885 5023 pa-

309 5047 390 5091 tre
415 5048 712 5094 mercatore
744 5039 1025 5108 llispanico
1051 5041 1195 5110 (39),
1226 5042 1312 5107 qui
1340 5042 1549 5110 quidem
1592 5058 1710 5096 cum
1734 5055 1885 5112 pater

307 5144 495 5182 eorum
524 5138 664 5182 esset
689 5138 952 5191 mortuos,
997 5128 1290 5184 diviserunt
1319 5130 1597 5185 facultates
1626 5149 1757 5201 quas
1788 5134 1882 5187 ha—

311 5218 509 5271 bebant
566 5219 618 5271 itt
668 5218 986 5274 mobilibus:
1022 5222 1073 5274 in
1120 5223 1354 5277 nummis
1393 5224 1606 5291 quidem
1648 5226 1879 5292 quinque

309 5309 500 5373 millia,
532 5309 582 5362 in
607 5311 838 5364 vestibus
866 5322 1039 5364 autem
1070 5319 1125 5365 et
1153 5314 1319 5365 servis
1348 5328 1464 5379 qua:
1512 5313 1721 5366 iuventa
1768 5314 1881 5367 fue-

309 5410 447 5456 r.'tttl.
500 5400 536 5453 li
571 5401 710 5454 inter
751 5415 809 5456 se
848 5401 1239 5467 deliberarunt,
1272 5414 1325 5456 et
1360 5404 1458 5456 sibi
1510 5404 1870 5465 consulentes,

303 5490 551 5544 dicebant
581 5509 593 5543 :
619 5491 892 5556 Quodnam
926 5494 1044 5545 vitm
1076 5494 1175 5547 iter
1203 5494 1579 5563 ingredicmur,
1609 5510 1642 5548 ο
1672 5494 1875 5549 frater?

301 5583 356 5637 81
396 5598 742 5636 exerceamus
767 5594 1121 5638 mercaturam
1150 5601 1304 5651 quam
1336 5595 1486 5653 pater
1512 5596 1691 5639 HOSICI'
1714 5601 1868 5640 exer-

302 5676 432 5738 cuit,
468 5690 568 5729 nos
592 5675 951 5752 relinquemus
979 5676 1100 5729 aliis
1140 5685 1350 5729 nostros
1383 5675 1610 5742 labores,
1641 5687 1693 5731 et
1738 5677 1875 5731 forte

304 5766 599 5822 incidemus
644 5766 694 5821 in
738 5765 971 5835 pericula
1017 5766 1099 5821 vel
1135 5767 1397 5823 latronum
1431 5769 1510 5823 vel
1554 5769 1732 5824 maris.
1764 5772 1873 5839 Age

1989 3336 2121 3388 test,
2154 3328 2260 3389 dic,
2293 3341 2618 3393 qnasnmus,
2652 3326 2804 3379 nobis
2837 3325 2995 3393 pedes
3029 3335 3145 3380 tuos
3171 3326 3551 3395 attingentibus

1989 3413 2123 3484 (40),
2159 3427 2213 3467 ut
2245 3415 2295 3467 hi
2328 3416 2433 3467 sint
2458 3417 2708 3481 aequales.
2747 3414 2981 3484 Cumque
3014 3416 3102 3469 alii
3144 3417 3552 3472 exercitaturetn

1989 3506 2298 3572 praeferrent
2322 3516 2375 3559 et
2400 3506 2636 3559 dicerent
2661 3525 2671 3557 :
2701 3506 3028 3571 Praeceptum
3059 3508 3290 3573 implevit
3319 3523 3551 3579 evange-

1992 3592 2351 3662 licum,utqui
2376 3595 2550 3647 omnia
2581 3595 2871 3647 \endiderit
2904 3606 2955 3648 et
2976 3595 3183 3650 dederit
3212 3598 3550 3665 pauperibus,

1990 3696 2147 3737 noctu
2184 3692 2239 3738 et
2268 3686 2356 3737 diu
2388 3700 2732 3753 perseverans
2761 3685 2813 3739 in
2851 3686 3198 3751 orationibus,
3241 3703 3450 3743 crucem
3477 3688 3552 3741 fe-

1987 3790 2126 3837 rens,
2164 3784 2218 3826 et
2242 3789 2467 3843 sequens
2496 3774 2863 3839 Servatorem;
2895 3786 3077 3831 contra
3121 3787 3293 3829 autem
3344 3776 3432 3831 alii
3480 3777 3549 3833 de

1984 3866 2151 3919 altero
2177 3867 2576 3929 contenderent,
2620 3867 2857 3920 dicentes
2887 3880 2903 3920 :
2933 3867 3044 3929 llic,
3078 3866 3419 3920 obsecramus
3468 3876 3544 3928 te,

1988 3962 2063 4006 tot
2093 3962 2146 4007 et
2176 3954 2295 4006 talia
2342 3954 2546 4008 viscera
2578 3954 2812 4007 ostendit
2864 3954 2917 4007 in
2967 3969 3153 4008 omnes
3200 3966 3439 4025 egentes,
3498 3963 3551 4009 ut

1984 4042 2156 4096 exiret
2199 4053 2251 4097 et
2292 4042 2501 4097 sederet
2534 4045 2582 4096 in
2631 4045 2727 4096 viis
2757 4045 2933 4111 regiis,
2987 4052 3042 4097 et
3072 4046 3160 4113 qui
3192 4055 3343 4098 erant
3369 4044 3552 4100 afflicti

1985 4135 2287 4201 colligeret,
2357 4140 2415 4187 et
2486 4149 2645 4205 opem
2716 4132 2924 4200 ferret;
2998 4150 3169 4204 neque
3200 4136 3368 4189 solum
3396 4151 3543 4189 suam

1985 4222 2248 4276 recreavit
2280 4224 2530 4285 animam,
2562 4222 2654 4274 sed
2686 4223 2843 4276 etiam
2889 4223 3137 4290 aliorum,
3184 4235 3409 4293 aegrotos
3459 4240 3552 4280 cu-

1987 4322 2204 4377 rans,et
2234 4310 2311 4363 eis
2355 4311 2488 4362 dans
2517 4308 2792 4363 auxilium.
2828 4311 2888 4363 Et
2931 4310 3059 4363 dicit
3090 4312 3273 4365 beatus
3316 4313 3549 4367 Panibo:

1988 4401 2191 4455 Rursus
2222 4400 2371 4453 vobis
2410 4400 2618 4452 dicam:
2651 4398 2809 4453 ambo
2849 4409 2971 4454 sunt
3020 4415 3173 4467 pares
3202 4402 3338 4469 apud
3373 4403 3552 4458 Domi-

1987 4507 2135 4555 num,
2190 4489 2469 4559 unicuique
2500 4501 2677 4544 autem
2723 4499 2955 4543 vestrum
3000 4491 3069 4545 de
3109 4492 3169 4544 iis
3206 4490 3548 4548 satisfaciam.

1911 4600 1962 4659 ι)
1992 4582 2084 4635 llic
2111 4580 2155 4635 si
2205 4595 2307 4635 non
2341 4595 2508 4649 usque
2542 4581 2675 4634 adeo
2705 4594 2763 4634 se
2811 4582 3172 4646 exercuisset,
3226 4598 3331 4636 non
3368 4580 3554 4637 fuis.~ct

1989 4673 2178 4741 dignus
2204 4681 2260 4726 ut
2282 4673 2424 4725 illum
2458 4672 2676 4724 bonitati
2708 4671 2849 4725 illius
2889 4686 3276 4739 compararem.
3310 4674 3398 4729 Ille
3426 4690 3549 4727 rur-

1988 4776 2078 4817 sus
2101 4762 2187 4831 qui
2217 4761 2492 4816 recreabat
2540 4775 2600 4814 ac
2655 4760 2923 4814 reﬁciebat
2978 4760 3237 4828 hospites,
3276 4772 3330 4816 et
3372 4766 3555 4830 egenis

1991 4852 2346 4915 ministrabat,
2374 4861 2622 4905 ostensus
2651 4859 2733 4905 est
2777 4851 2999 4905 Domino
3026 4867 3121 4919 pro
3150 4854 3353 4909 viribus
3371 4870 3550 4925 aqua-

1991 4944 2077 4997 lis.
2104 4944 2217 5011 Ipse
2254 4944 2390 4997 enim
2421 4943 2552 4995 dixit
2586 4961 2596 4994 :
2634 4942 2743 5007 Ego
2794 4958 2897 4995 non
2948 4945 3066 4997 veni
3116 4946 3429 5011 ministrari,
3458 4951 3553 5003 sed

1990 5038 2294 5091 ministrare
2319 5034 2535 5101 (Matth.
2570 5036 2686 5103 xx).
2723 5035 2815 5089 llic
2841 5050 2967 5105 ergo
3007 5037 3245 5092 minister
3280 5039 3379 5093 etsi
3409 5040 3556 5095 vide-

1987 5129 2142 5181 batur
2173 5128 2366 5179 habere
2409 5141 2543 5178 onus
2589 5141 2652 5179 ex
2685 5126 2879 5188 labore,
2912 5136 3144 5180 attamen
3169 5142 3236 5181 ex
3272 5128 3390 5195 ipso
3419 5144 3552 5198 qun-

1984 5233 2090 5286 que
2123 5218 2309 5271 habuit
2361 5217 2765 5269 rccreationt-m.
2792 5216 3105 5281 Exspectate
3154 5227 3327 5271 autem
3370 5221 3555 5286 paulu-

1989 5310 2118 5373 lum,
2150 5321 2256 5363 uta
2289 5309 2395 5363 Deo
2420 5322 2631 5376 quoque
2663 5309 2727 5361 de
2775 5308 2853 5361 his
2881 5308 3101 5361 habeam
3151 5312 3551 5378 revelationem,

1986 5412 2036 5453 et
2069 5408 2248 5466 postea
2278 5397 2457 5451 scietis
2483 5413 2603 5450 cum
2633 5397 2905 5450 veneritis.
2943 5397 3261 5452 lntermissis
3290 5413 3417 5468 ergo
3444 5399 3549 5453 ali-

1985 5501 2113 5557 quot
2135 5491 2219 5545 die
2259 5504 2320 5543 us
2342 5490 2636 5550 redierunt,
2660 5490 2827 5542 dehis
2850 5489 3089 5557 Magnum
3109 5489 3256 5544 illum
3280 5500 3551 5560 rogantes.

1984 5583 2160 5637 Senex
2191 5591 2366 5634 autem
2394 5581 2667 5649 respondit
2694 5579 2820 5642 illis,
2844 5580 3025 5635 dicens
3051 5598 3063 5632 :
3091 5585 3226 5636 Ante
3248 5582 3408 5636 Deum
3436 5582 3552 5653 (Η)

1985 5676 2132 5727 vobis
2176 5676 2387 5745 loquor;
2442 5674 2541 5726 vid:
2605 5681 2855 5741 utrosque
2907 5673 3065 5728 simul
3116 5683 3316 5731 stantes
3361 5676 3411 5730 iu
3462 5694 3552 5746 pa.

1988 5766 2182 5822 radiso.
