4258 6358
805 358 939 421 1089

1375 489 1596 544 CAPUT
1651 489 1805 543 XVII.

1212 598 1325 651 Vita
1357 598 1571 653 Macarii
1591 603 1815 670 junioris
1848 600 1981 671 (42).

885 712 1104 778 Quidam
1130 722 1283 765 atate
1328 713 1525 783 junior,
1552 714 1762 768 nomine
1787 714 2042 767 Macarius
2060 754 2072 776 ,
2104 712 2287 768 decent
2314 723 2368 768 et

815 816 936 857 octo
961 821 1126 858 annos
1149 818 1319 867 natus,
1347 821 1468 859 cum
1495 805 1696 861 luderet
1720 822 1837 860 eum
1862 808 1969 859 suis
1990 807 2275 875 mqualibus
2302 807 2366 858 ad

818 899 987 951 lacum
1016 898 1103 965 qui
1136 898 1327 951 dicitur
1356 897 1537 960 Maria,
1566 912 1785 964 pascens
1807 912 1995 965 pecora
2020 899 2216 952 credem
2246 898 2370 951 fecit

817 988 1243 1040 invnluntariam.
1272 988 1317 1040 Is
1346 1002 1463 1040 cum
1497 989 1691 1041 nemini
1726 988 1825 1040 hoc
1852 987 2091 1051 dixisset,
2140 987 2285 1041 venit
2316 987 2366 1041 in

816 1077 1174 1139 solitudinem,
1199 1083 1253 1132 et
1281 1091 1345 1131 eo
1369 1078 1625 1144 processit
1647 1086 1784 1130 metu
1813 1086 1866 1131 et
1891 1078 1979 1130 Dei
2000 1086 2052 1129 et
2072 1075 2366 1142 hominum,

815 1178 873 1219 ut
904 1181 1007 1219 non
1034 1166 1262 1221 senserit
1290 1180 1347 1220 se
1380 1167 1543 1220 tribus
1594 1168 1747 1221 annis
1775 1167 2031 1221 mansisse
2066 1166 2179 1219 sine
2228 1176 2369 1219 tecto

815 1259 864 1307 in
918 1257 1217 1311 solitudine.
1280 1258 1371 1311 Est
1418 1266 1592 1312 autem
1642 1258 1729 1311 illa
1778 1267 1918 1313 terra
1970 1259 2153 1322 arida,
2206 1258 2363 1326 idque

814 1346 1220 1411 sciuntomnes,
1251 1355 1356 1400 tam
1400 1348 1487 1415 qui
1516 1347 1784 1401 auditione
1832 1359 2167 1415 acceperunt,
2210 1362 2364 1416 quam

811 1435 902 1503 qui
922 1450 983 1487 ex
1016 1438 1124 1503 ipsa
1153 1446 1349 1488 norunt
1370 1435 1714 1499 experientia.
1743 1435 1836 1488 llic
1856 1437 1965 1503 ipse
1990 1435 2243 1489 Macarius
2266 1434 2366 1489 sibi

813 1534 994 1593 postea
1023 1526 1303 1581 aedificavit
1325 1526 1599 1587 cellulam;
1627 1534 1815 1579 etcum
1839 1525 1889 1579 in
1913 1542 1972 1579 ea
2002 1526 2367 1579 vixissetalios

811 1615 994 1682 viginti
1024 1622 1079 1668 et
1102 1615 1330 1683 quinque
1356 1629 1543 1678 annos,
1581 1622 1719 1667 tanta
1748 1615 1911 1683 gratia
1943 1615 2131 1682 dignus
2168 1625 2248 1667 est
2269 1616 2364 1668 ha-

811 1704 977 1767 bitus,
1020 1712 1077 1756 ut
1121 1704 1403 1757 solitudine
1433 1702 1547 1773 (L3)
1579 1702 1871 1758 delectatus
1916 1705 2210 1771 despiceret
2252 1705 2365 1757 dae-

812 1808 1011 1847 mones.
1044 1793 1155 1862 Ego
1180 1808 1297 1847 cum
1325 1809 1390 1848 eo
1422 1804 1659 1847 versatus
1707 1795 1862 1860 longo
1891 1802 2149 1863 tempore,
2192 1796 2259 1848 ab
2297 1810 2363 1849 eo

808 1888 966 1941 didici
994 1887 1262 1953 quomodo
1299 1888 1485 1941 affecta
1514 1897 1655 1941 esset
1682 1888 1797 1955 ejus
1822 1889 1955 1941 ratio
1980 1887 2047 1941 ob
2089 1896 2361 1955 peccatum

806 1978 987 2031 eaadis.
1020 1977 1447 2040 Dicebitautem,
1484 1987 1684 2031 tantum
1731 1978 1915 2031 abesse
1964 1985 2020 2030 ut
2050 1978 2279 2039 doleret.
2309 1985 2365 2030 ut

804 2067 962 2120 etiam
1001 2067 1195 2135 gratias
1249 2072 1427 2133 ageret
1474 2063 1539 2119 de
1568 2063 1790 2117 crimine
1819 2062 2003 2116 czedis.
2055 2061 2173 2115 Fuit
2218 2060 2361 2114 enim

805 2157 977 2210 caedes
1008 2152 1355 2209 involuntaria
1378 2152 1509 2209 mihi
1530 2166 1684 2204 causa
1699 2152 1901 2204 salutis.
1924 2151 2135 2205 Dicebat
2157 2159 2359 2215 autem,

806 2261 867 2299 ex
914 2247 1197 2313 Scripturis
1248 2244 1472 2297 efferens
1519 2243 1877 2295 testimonium
1918 2241 2108 2305 caedis,
2159 2257 2276 2311 quze
2331 2256 2360 2294 a

805 2352 995 2407 magno
1016 2336 1107 2390 Dei
1140 2350 1298 2389 servo
1326 2334 1504 2401 Moyse
1549 2330 1681 2386 facta
1711 2335 1807 2385 fuit
1850 2332 1899 2385 in
1940 2331 2188 2402 A‘igypto,
2221 2331 2360 2399 quod

806 2428 904 2479 nisi
931 2434 1147 2495 propter
1170 2425 1387 2488 caedem,
1423 2437 1471 2479 et
1499 2434 1693 2476 metum
1709 2423 2017 2488 Pharaonis,
2046 2438 2149 2477 non
2171 2422 2362 2492 dignus

808 2518 1018 2572 habitus
1049 2517 1233 2571 fuisset
1264 2516 1471 2583 Moyses
1512 2515 1715 2569 visione
1746 2514 1972 2576 Domini,
2013 2524 2065 2569 et
2096 2523 2237 2567 tanto
2264 2514 2362 2568 do-

805 2625 892 2673 no,
926 2618 979 2664 et
1006 2610 1398 2675 conscriptione
1424 2617 1727 2662 sanctorum
1758 2608 2089 2677 eloquiorum
2110 2607 2357 2676 Spiritus.

802 2700 933 2755 Nam
962 2715 1082 2754 cum
1111 2698 1380 2769 eil‘ugisset
1399 2714 1463 2753 ex
1490 2698 1741 2768 Egypto,
1773 2700 2014 2767 pervenit
2043 2699 2092 2751 in
2125 2709 2357 2753 montem

800 2792 945 2847 Sina.
982 2792 1103 2846 llaec
1125 2800 1298 2845 autem
1330 2791 1448 2845 dico
1492 2804 1597 2844 non
1626 2790 1865 2846 muniens
1894 2790 2033 2844 viam
2058 2790 2121 2845 ad
2149 2789 2351 2844 cedem

799 2882 1061 2951 aliquam;
1110 2882 1203 2934 sed
1235 2880 1411 2947 potius
1448 2879 1732 2933 ostendens
1780 2894 1900 2935 esse
1936 2881 2094 2934 etiam
2140 2880 2359 2933 virtutes

799 2986 916 3040 quo
962 2971 1203 3025 oriuntur
1252 2986 1320 3026 ex
1353 2985 1502 3035 casu,
1546 2970 1757 3038 quando
1805 2985 1909 3023 non
1958 2971 2068 3023 vult
2117 2973 2235 3037 quis
2263 2984 2356 3023 sna

797 3070 985 3129 sponte
1010 3062 1077 3113 ad
1108 3062 1301 3115 bonum
1332 3061 1604 3115 accedere.
1648 3060 1728 3114 Ex
1760 3060 2041 3114 virtutibus
2068 3061 2209 3113 enim
2241 3060 2357 3113 alia:

796 3156 1009 3225 quidem
1067 3163 1189 3209 sunt
1232 3167 1352 3223 qua:
1399 3168 1467 3209 ex
1511 3154 1781 3207 voluntate
1832 3162 1887 3207 et
1930 3167 1995 3207 ex
2036 3164 2216 3206 nostro
2243 3150 2356 3205 ani-
2384 3184 2428 3245 ρ

794 3245 867 3299 mi
908 3246 1149 3299 instituto
1195 3243 1628 3314 proficiscuntur;
1677 3242 1795 3299 alia
1812 3257 1941 3299 vero
1976 3257 2094 3313 quae
2122 3257 2187 3297 ex
2230 3255 2355 3297 casu

796 3345 1105 3393 "nuntur.

1363 3446 1587 3503 CAPUT
1609 3445 1791 3502 XVIII.

1241 3556 1357 3613 Vita
1387 3558 1578 3613 abbatis
1608 3558 1916 3614 Nathanael.

867 3668 946 3728 Ex
1001 3668 1269 3724 veteribus
1307 3669 1504 3723 sanctis
1532 3667 1628 3722 fuit
1666 3668 1878 3737 quidam
1917 3668 2071 3731 alius,
2127 3666 2357 3737 optimu.

795 3759 990 3818 Christi
1015 3759 1237 3824 'atbleta,
1270 3759 1484 3813 nomine
1512 3758 1825 3813 Nathanael.
1860 3758 1992 3812 Eum
2020 3774 2118 3827 ego
2148 3774 2252 3813 non
2278 3760 2358 3811 of—

794 3852 935 3907 fendi
964 3852 1018 3905 in
1039 3865 1227 3915 carne;
1253 3851 1540 3906 dormierat
1566 3850 1706 3907 enim
1730 3849 2027 3913 quindecim
2054 3849 2209 3903 annis
2236 3858 2356 3905 ante

792 3957 967 3997 meum
998 3942 1282 3998 adventum
1313 3944 1364 3996 itt
1395 3950 1652 3997 montem.
1698 3940 1830 3993 Cum
1860 3950 2035 3993 autem
2069 3941 2119 3993 in
2149 3954 2244 3994 eos
2274 3940 2353 3993 in-

792 4033 1040 4087 cidissem
1070 4034 1157 4100 qui
1189 4046 1307 4086 cum
1341 4032 1440 4085 hoc
1469 4041 1654 4085 sancto
1684 4046 1743 4084 se
1770 4038 2136 4095 exercuerant,
2168 4038 2221 4085 et
2254 4030 2358 4088 fue-

792 4132 913 4179 rant
936 4126 983 4179 ei
1007 4132 1245 4192 tempore
1269 4122 1517 4191 mquales,
1548 4121 1615 4175 de
1634 4122 1730 4174 viri
1760 4121 1953 4176 virtute
1983 4122 2222 4175 lubenter
2240 4135 2355 4175 sum

792 4228 885 4268 eos
913 4216 1234 4269 sciscitatus.
1255 4214 1379 4267 Mihi
1410 4222 1581 4265 autem
1595 4212 1711 4277 ejus
1731 4226 1941 4279 quoque
1968 4211 2154 4265 cellam
2178 4220 2357 4264 osten-

790 4309 1016 4370 derunt,
1049 4308 1099 4359 in
1144 4322 1242 4374 qua
1275 4307 1448 4358 nullus
1483 4303 1655 4357 adhuc
1684 4303 1907 4367 habitat,
1939 4302 2075 4370 quod
2104 4303 2356 4365 εἰωθιή

794 4399 1044 4451 habitata:
1066 4395 1431 4465 prnpinqiiior.
1463 4395 1554 4447 Ille
1577 4396 1719 4447 enim
1748 4393 1932 4446 beatus
1956 4402 2076 4445 tunc
2096 4406 2215 4445 eam
2239 4406 2357 4445 con-

792 4492 943 4547 didit.
971 4488 1181 4555 quando
1207 4488 1308 4539 ruri
1344 4485 1553 4539 fuerant
1597 4485 1949 4539 anachoreta.
1980 4483 2220 4537 Narravit
2260 4498 2353 4535 au-

1077 4575 1338 4644 egregiam
1362 4576 1473 4642 ejus
1496 4575 1959 4635 exercitationem;
2005 4586 2194 4638 nempe
2215 4572 2351 4639 quod
2387 4539 2434 4596 Β

800 4675 1005 4722 tantam
1044 4666 1287 4719 habuerit
1336 4663 1387 4717 in
1442 4663 1570 4716 cella
1612 4663 1976 4724 tolerantiam,
2004 4668 2060 4715 ut
2090 4674 2355 4728 nunquam

794 4765 1030 4817 dimotus
1057 4761 1126 4814 sit
1153 4776 1182 4814 a
1210 4760 1497 4829 proposito.
1523 4758 1655 4812 Cum
1687 4759 1751 4811 ab
1779 4756 1928 4810 initio
1957 4754 2144 4810 fuisset
2172 4757 2358 4809 illusus

798 4871 828 4903 ω
858 4853 1123 4917 daemone,
1148 4850 1235 4919 qui
1256 4864 1439 4903 omnes
1472 4848 1661 4913 illudit,
1691 4848 1778 4913 qui
1803 4863 1921 4901 eum
1946 4846 2049 4900 labi
2084 4845 2277 4899 fecerat
2306 4845 2356 4899 in

798 4943 1101 4997 socordiam
1131 4950 1183 4993 et
1209 4940 1369 4993 animi
1401 4953 1707 5001 maerorem,
1732 4948 1782 4992 et
1806 4953 1925 4991 eum
1948 4952 1978 4992 e
2006 4939 2139 4991 cella
2165 4952 2357 5004 exege-

794 5042 876 5087 rat
903 5031 1073 5101 (visus
1100 5040 1179 5083 est
1209 5030 1346 5083 enim
1377 5042 1493 5081 esse
1524 5028 1689 5081 tristis
1721 5040 1771 5080 et
1806 5028 1984 5079 animo
2010 5026 2129 5095 angi
2162 5027 2212 5079 in
2244 5027 2355 5093 pri-

798 5140 881 5179 ma
896 5121 1075 5192 cella),
1097 5120 1240 5182 illinc
1260 5121 1435 5189 itaque
1460 5120 1734 5184 recedens,
1761 5119 2038 5172 aedificavit
2063 5118 2219 5171 aliam
2240 5133 2359 5185 pro-

799 5217 1125 5283 pinquiorem
1157 5226 1313 5281 pago.
1363 5212 1640 5280 Postquam
1672 5226 1797 5279 ergo
1827 5210 2046 5278 perfecit
2075 5208 2283 5273 cellam,
2307 5218 2361 5261 et

798 5308 850 5358 iu
877 5320 939 5358 ea
964 5303 1217 5357 habitavit
1238 5313 1345 5357 tres
1372 5302 1452 5355 vel
1474 5313 1698 5368 quatuor
1722 5314 1951 5363 menses,
1971 5298 2169 5353 accedit
2200 5309 2359 5353 noctu

797 5397 1007 5449 daemon
1037 5403 1274 5448 tauream
1309 5404 1495 5445 tenens
1535 5392 1670 5445 sicut
1700 5394 1931 5450 lictores.
1967 5406 2072 5458 pm
2098 5404 2156 5444 se
2186 5391 2360 5443 ferens

796 5486 1026 5550 Speciem
1074 5485 1257 5541 militis
1304 5486 1490 5551 pannis
1520 5484 1707 5545 induti,
1741 5490 1794 5535 et
1822 5490 2002 5534 taurea
2050 5479 2161 5548 (Η)
2194 5479 2361 5534 edens

797 5578 1072 5643 atri-pitus.
1116 5577 1210 5631 Cui
1256 5590 1582 5638 succensus,
1626 5575 1756 5627 dixit
1806 5561 2359 5631 bt'atus'Natlianael:

798 5667 926 5735 Quis
958 5676 1009 5719 tu
1055 5681 1112 5720 es
1158 5667 1244 5735 qni
1278 5665 1391 5719 haec
1439 5663 1565 5719 facis
1596 5663 1648 5718 in
1684 5678 1803 5717 meo
1852 5662 2115 5731 hospitio?
2149 5663 2359 5716 Daemon

802 5765 977 5817 I'llcm
1002 5755 1273 5824 respondit
1302 5773 1312 5806 :
1341 5755 1447 5825 Ego
1470 5769 1585 5809 sum
1614 5753 1701 5822 qui
1745 5763 1795 5807 te
1820 5767 1882 5806 ex
1918 5762 2002 5805 tua
2033 5750 2197 5820 prima
2230 5750 2361 5805 cella

2250 356 2570 414 PALLADII

3920 368 4049 427 1060

2399 495 2448 552 Α
2474 514 2647 581 exegi,
2675 522 2727 566 et
2757 528 2895 567 nunc
2924 515 3044 568 veni
3072 524 3126 567 ut
3156 523 3205 569 te
3236 528 3301 568 ex
3323 515 3422 569 hac
3443 529 3652 584 quoque
3681 514 3881 581 fugem.
3908 513 4041 569 Cum

2470 616 2599 670 ergo
2628 604 2963 671 cognovisset
2985 604 3167 657 beatus
3194 603 3483 657 Nathanael
3513 618 3571 657 se
3601 604 3763 657 fuisse
3794 604 4038 667 illusum,

2472 708 2714 746 reversus
2754 704 2835 747 est
2866 696 2931 747 ad
2958 698 3179 761 primam
3229 696 3453 757 cellam;
3504 705 3555 747 et
3604 693 3772 759 spatio
3824 694 4041 763 triginta

2468 796 2671 851 septem
2716 800 2972 839 annorum
3013 802 3116 840 non
3143 796 3224 841 est
3252 802 3500 855 egressus
3526 798 3674 842 extra
3708 788 3877 851 fures,
3907 802 4040 841 con-

2471 875 2691 929 tendens
2718 890 2836 929 eum
2866 875 3129 941 dmmone,
3160 877 3250 946 qui
3278 886 3352 930 tot
3389 884 3443 931 et
3492 886 3632 931 tanta
3655 878 3705 931 ei
3750 877 3957 931 fecerat
3987 889 4042 931 ut

2470 980 2593 1020 eum
2621 976 2911 1033 cogeretex
2936 967 3068 1019 cella
3098 968 3297 1034 egredi,
3326 976 3460 1020 utne
3483 981 3544 1021 ea
3578 982 3792 1021 narrare
3821 967 4040 1035 quidem

2467 1056 2644 1111 liceat.
2672 1057 2841 1120 Atque
2870 1055 3008 1109 inter
3034 1062 3225 1110 cetera
3247 1057 3457 1124 quidem
3484 1055 3582 1109 hoc
3598 1053 3934 1108 machinatus
3963 1064 4043 1108 est

2468 1146 2727 1199 bonorum
2774 1144 3041 1207 inimicus.
3080 1160 3273 1213 nempe
3317 1156 3374 1200 ut
3400 1162 3522 1200 eum
3566 1145 3761 1216 probro
3783 1160 3848 1199 ac
3878 1146 4046 1201 dedo-

2467 1249 2590 1289 core
2608 1235 2868 1298 afficeret,
2894 1233 2959 1287 ad
2986 1234 3099 1303 ejus
3124 1236 3539 1304 abrumpentium
3571 1237 3891 1291 institutum.

2537 1324 2667 1379 Cum
2695 1333 2897 1393 septem
2949 1326 3116 1379 sancti
3146 1326 3379 1394 episcopi
3409 1338 3651 1381 sanctum
3682 1328 3995 1381 invisis-sent
4014 1368 4031 1392 ,

2468 1424 2640 1469 autex
2669 1416 2757 1469 Dei
2794 1415 3145 1483 provndentia,
3176 1427 3266 1470 aut
3291 1434 3353 1472 ex
3386 1419 3719 1487 suggestione
3751 1419 3894 1472 illius
3928 1427 4045 1472 ten-

2467 1506 2704 1570 talionis,
2737 1521 2858 1560 eum
2903 1508 3287 1574 propemodum
3332 1509 3636 1563 deturbavit
3664 1524 3691 1561 a
3738 1512 4041 1579 proposito.

2467 1597 2597 1650 Cum
2625 1600 2766 1652 enim
2797 1599 3027 1666 episcopi
3071 1608 3346 1667 postquam
3376 1614 3497 1653 eum
3528 1600 3856 1667 invisissent,
3888 1616 4040 1654 oras-

2466 1698 2610 1751 sent,
2641 1696 2694 1741 et
2722 1695 2841 1753 post
2882 1687 3175 1740 orationem
3203 1687 3431 1751 exirent,
3466 1703 3531 1741 ne
3552 1702 3789 1755 gressum
3821 1688 4039 1753 quidem

2467 1794 2631 1831 unum
2663 1777 2810 1843 pedis
2838 1790 2933 1831 eos
2979 1778 3260 1831 comitatus
3290 1788 3368 1830 est
3399 1776 3477 1831 vir
3497 1780 3759 1845 egregius,
3788 1794 3859 1832 ne
3890 1779 4039 1833 daret

2396 1836 2437 1893 Β
2469 1868 2638 1919 locum
2681 1866 2895 1919 inimico
2932 1865 3213 1919 bonorum.
3244 1866 3303 1919 Ei
3328 1881 3455 1935 ergo
3483 1836 3667 1919 die.th
3688 1868 3899 1922 diaconi
3926 1870 4038 1935 epi-

2465 1968 2746 2024 scoporum
2778 1969 2793 2009 :
2822 1954 3058 2022 Superbe
3087 1965 3136 2009 te
3157 1954 3319 2023 geris,
3345 1970 3377 2007 o
3405 1954 3590 2018 abbas,
3613 1956 3701 2023 qui
3728 1970 3833 2008 non
3865 1956 4035 2008 dedu-

2464 2048 2543 2101 cis
2592 2047 2890 2114 episcopos.
2932 2046 2978 2100 ls
3029 2060 3157 2098 vero
3191 2046 3321 2099 dicit
3366 2047 3487 2099 eis:
3524 2045 3633 2113 Ego
3672 2055 3725 2101 et
3786 2044 4037 2099 dominos

2466 2154 2615 2193 meos
2633 2139 2916 2207 episcopos
2937 2139 3076 2203 colo,
3094 2147 3146 2191 et
3174 2152 3385 2191 omnem
3404 2138 3603 2191 clerum
3620 2138 3825 2190 honoro
3844 2154 3859 2201 ;
3892 2151 4035 2190 sum~

2462 2246 2565 2299 que
2593 2245 2691 2299 ego
2726 2240 2971 2296 peccator
2996 2231 3230 2283 omnium
3275 2228 3548 2284 hominum
3580 2230 3919 2297 peripsema:
3954 2228 4035 2282 his

2462 2334 2639 2383 autem
2672 2322 2919 2375 omnibus
2948 2330 3005 2379 et
3034 2323 3128 2375 tuti
3160 2320 3311 2385 vitae,
3338 2320 3480 2390 quod
3514 2320 3565 2375 in
3599 2336 3681 2374 me
3703 2330 3809 2387 est,
3838 2336 4034 2390 propo-

2461 2410 2565 2464 sito
2623 2423 2744 2463 sum
2817 2415 3089 2463 mortuus.
3153 2408 3269 2479 Ego
3329 2408 3469 2465 enim
3496 2409 3667 2463 habeo
3692 2423 3916 2479 scopum
3939 2424 4031 2466 occ

2462 2499 2683 2561 cultum,
2710 2513 2867 2568 quem
2888 2499 2989 2551 scit
3012 2498 3266 2553 Dominus
3282 2498 3367 2565 qui
3392 2500 3537 2554 novit
3564 2500 3772 2553 occulta
3796 2501 3902 2555 mei
3924 2515 4032 2555 cor-

2465 2592 2569 2656 dis,
2597 2606 2691 2645 cur
2720 2606 2815 2646 eos
2844 2606 2948 2644 non
2976 2605 3093 2645 sum
3118 2594 3421 2648 comitatus.

2529 2682 2659 2737 Cum
2690 2696 2817 2750 ergo
2843 2681 2928 2736 hic
2953 2697 3163 2751 quoque
3192 2693 3340 2736 actus
3376 2698 3481 2737 non
3521 2685 3871 2738 successisset
3916 2685 4033 2739 das-

2459 2772 2628 2834 moni.
2650 2786 2834 2826 rursus
2854 2772 3011 2827 talem
3034 2773 3253 2841 suscipit
3280 2772 3517 2841 figuram.
3538 2774 3734 2827 Novem
3759 2775 4035 2829 mensibus

2460 2874 2582 2917 ante
2608 2866 2981 2919 dormitionem
3012 2866 3223 2919 athleta
3249 2866 3652 2919 ti-anslormatus
3680 2877 3760 2922 est
3797 2866 3852 2920 in
3896 2881 4035 2934 pue-

2460 2969 2575 3007 rum
2618 2952 2898 3008 duodecim
2929 2968 3097 3008 annos
3127 2964 3335 3019 natum,
3370 2962 3617 3023 tanquam
3646 2965 3893 3025 agentem
3922 2957 4035 3012 asi-

2458 3058 2584 3097 num
2620 3058 2806 3110 panem
2836 3043 2890 3097 in
2914 3054 3094 3112 sporta
3126 3042 3402 3097 ferentem.
3434 3043 3535 3110 Qui
3583 3059 3713 3112 puer
3738 3060 3861 3100 cum
3910 3061 4036 3102 sero

2458 3147 2679 3199 vespere
2706 3140 2847 3187 esset
2875 3146 3040 3199 prope
3066 3131 3282 3198 cellam,
3314 3132 3594 3187 simulabat
3621 3133 3882 3190 cecidisse
3928 3137 4037 3192 asi-

2460 3238 2605 3286 num,
2636 3232 2690 3275 et
2717 3237 2774 3276 se
2795 3222 3027 3275 clamare
3054 3237 3069 3275 :
3095 3222 3241 3279 Abba
3274 3220 3587 3286 Natbanael,
3616 3223 3873 3280 miserere
3902 3226 4033 3291 mei,

2461 3319 2515 3364 et
2538 3310 2748 3380 porrige
2772 3311 2901 3365 mihi
2926 3324 3163 3365 manum.
3195 3310 3290 3365 Ille
3305 3321 3478 3365 autem
3502 3312 3703 3365 audivit
3728 3313 3915 3383 utique
3942 3330 4037 3370 vo-

2458 3414 2574 3455 cem
2600 3399 2783 3466 pueri;
2813 3408 2866 3455 et
2891 3410 3077 3469 aperto
3098 3399 3236 3453 ostio
3262 3400 3434 3465 cellas,
3466 3412 3612 3455 stans
3640 3403 3780 3456 intus
3806 3404 3855 3457 ei
3887 3405 4038 3458 dice~

2460 3493 2549 3551 bat
2581 3510 2593 3544 :
2629 3492 2757 3560 Quis
2787 3506 2845 3547 es
2869 3533 2884 3556 ,
2915 3504 2968 3547 et
3013 3492 3137 3561 quid
3185 3494 3263 3547 vis
3311 3492 3403 3548 tibi
3450 3494 3679 3548 faciam?
3725 3494 4039 3564 Respondet

2458 3581 2665 3636 damon
2698 3597 2712 3635 :
2750 3582 2859 3650 Ego
2886 3597 3003 3635 sum
3049 3582 3204 3651 hujus
3252 3584 3495 3637 monachi
3527 3584 3788 3653 minister,
3817 3595 3874 3640 et
3925 3587 4040 3642 fero

2462 3686 2653 3739 panes.
2686 3671 2934 3737 quoniam
2961 3680 3046 3726 est
3070 3688 3235 3741 agape
3263 3674 3334 3727 tui
3366 3675 3472 3729 noti
3505 3675 3711 3739 fratris;
3741 3687 3796 3733 et
3818 3692 3944 3732 cras
3973 3680 4037 3733 il-

2460 3762 2758 3817 lucescente
2788 3760 3021 3815 Sabbato
3050 3776 3182 3830 opus
3212 3772 3293 3817 est
3316 3765 3691 3819 oblationibus.
3726 3766 3875 3835 Rogo
3906 3784 4038 3837 ergo

2459 3860 2511 3906 te
2534 3866 2599 3905 ne
2623 3866 2707 3905 me
2730 3850 3012 3917 despicias,
3046 3867 3112 3905 ne
3138 3852 3360 3907 devorer
3389 3855 3456 3906 ab
3479 3856 3697 3925 hymnis.
3729 3858 3864 3911 Sunt
3887 3862 4033 3913 enim

2458 3940 2659 4009 bycus
2688 3940 2739 3994 in
2771 3942 2852 3995 his
2880 3942 3032 3997 locis.
3065 3942 3221 3997 Stans
3248 3958 3377 4014 ergo
3406 3955 3578 3999 mutus
3610 3947 3793 4001 beatus
3824 3947 4033 4001 Natha—

2459 4031 2599 4094 nael,
2630 4046 2735 4097 pra:
2770 4031 2965 4100 ingenti
2994 4031 3109 4102 ejus
3135 4034 3493 4089 misericordia
3523 4036 3784 4107 caligabat
3812 4050 4036 4093 contur-

2458 4126 2610 4179 batus
2637 4122 2945 4186 visceribus,
2992 4132 3044 4176 et
3076 4125 3353 4189 reputabat
3381 4125 3517 4191 apud
3560 4140 3618 4179 se
3646 4126 3771 4193 quid
3805 4126 4033 4196 faceret,

2457 4212 2639 4267 dicens
2670 4229 2683 4266 :
2718 4215 2822 4266 Aut
2854 4213 3081 4267 futurum
3112 4226 3189 4267 est
3218 4226 3271 4267 ut
3302 4217 3660 4284 transgrediar
3687 4218 4031 4280 mandatum,

2456 4310 2545 4354 aut
2572 4317 2600 4352 a
2632 4302 2900 4369 preposito
2921 4302 3182 4356 excidam.
3211 4302 3396 4357 Postea
3425 4306 3503 4369 pia
3528 4305 3663 4370 apud
3693 4319 3749 4357 se
3774 4317 4032 4371 reputans

2456 4396 2778 4463 cognitione,
2805 4394 2937 4447 dixit
2967 4410 2981 4447 :
3010 4394 3192 4447 Melius
3220 4404 3298 4447 est
3330 4411 3395 4448 ne
3423 4397 3730 4453 labefactent
3761 4405 3837 4451 tot
3862 4414 4031 4454 annn-

2458 4499 2572 4537 rum
2604 4486 2928 4551 pr0pnsitum
2960 4485 3023 4536 ad
3048 4484 3331 4553 ignominia
3362 4486 3698 4541 afficiendum
3722 4497 3775 4543 et
3806 4491 4029 4544 vincen-

2460 4576 2583 4629 dum
2614 4576 2894 4628 diabolum.
2924 4574 3057 4629 Cum
3098 4576 3273 4643 itaque
3302 4577 3577 4630 Dnminum
3612 4588 3870 4645 rogasset,
3903 4581 4031 4634 dicit

2462 4678 2626 4731 puero
2652 4665 2739 4732 qui
2770 4679 2889 4717 cum
2931 4679 2997 4717 eo
3026 4665 3339 4731 loquebatur
3367 4684 3381 4717 :
3412 4668 3566 4727 Audi,
3606 4683 3753 4735 puer,
3785 4680 3877 4723 aut
3907 4674 4029 4739 qui—

2461 4768 2668 4820 cunque
2688 4754 2779 4805 sis.
2804 4751 2976 4807 Credo
2999 4754 3049 4806 in
3077 4755 3239 4807 Deum
3272 4772 3423 4821 quem
3447 4760 3583 4823 colo,
3614 4760 3699 4827 qui
3726 4760 4032 4815 dominatur

2461 4844 2628 4895 cuivis
2656 4843 2880 4911 spiritui,
2914 4844 3051 4911 quod
3099 4845 3142 4898 si
3189 4846 3385 4897 auxilio
3430 4863 3616 4901 revera
3665 4864 3841 4918 egeas,
3893 4851 4032 4905 Dens

2464 4932 2558 4991 tibi
2588 4933 2755 4987 mittet
2786 4934 3071 4997 auxilium;
3097 4943 3150 4987 et
3180 4949 3347 5003 neque
3376 4936 3598 5004 hyrenar,
3634 4955 3799 5007 neque
3830 4942 4029 5009 aliquid

2463 5022 2602 5074 aliud
2631 5020 2722 5074 tibi
2747 5022 2884 5074 male
2911 5021 3095 5087 faciet;
3126 5025 3205 5075 sin
3228 5031 3401 5078 autem
3430 5039 3487 5077 es
3510 5029 3746 5089 tentatin,
3776 5029 3875 5082 hoc
3898 5047 4031 5096 quo-

2463 5126 2566 5179 que
2600 5110 2736 5164 Deus
2768 5111 2894 5163 mihi
2922 5112 3113 5164 exhinc
3135 5113 3242 5177 jam
3275 5112 3559 5178 revelabit,
3586 5125 3639 5167 et
3667 5116 3846 5169 clauso
3872 5120 4027 5173 cellz

2464 5202 2599 5255 ostio
2631 5210 2711 5254 est
2739 5202 3025 5268 ingressus.
3080 5200 3287 5257 Pudore
3332 5214 3505 5257 autem
3557 5205 3773 5260 allectus
3815 5208 4024 5264 damon

2461 5294 2599 5359 quod
2630 5293 2707 5345 sic
2736 5308 2943 5361 quoque
2982 5304 3121 5347 esset
3139 5295 3329 5358 victus,
3360 5297 3622 5350 resolutus
3650 5306 3729 5351 est
3772 5300 3822 5351 in
3854 5302 4026 5354 turbi-

2465 5396 2605 5444 nem,
2633 5382 2949 5451 onagrisque
2971 5383 3355 5437 exsultantibus
3385 5399 3445 5437 ac
3476 5384 3789 5452 fugientibus
3812 5398 3864 5441 et
3889 5399 4028 5444 stre-

2464 5472 2628 5541 pitum
2653 5473 2931 5527 edentibus
2957 5473 3307 5541 assimilatus,
3339 5477 3413 5529 sic
3438 5480 3670 5531 evanuit.

2537 5562 2645 5615 lluc
2672 5562 2766 5616 fuit
2793 5572 3058 5616 certamen
3088 5564 3225 5618 beati
3254 5565 3563 5628 Nathanael,
3590 5578 3641 5621 et
3668 5567 3749 5621 ha:
3773 5579 3897 5622 sunt
3926 5572 4031 5622 vir-

2465 5663 2604 5709 tutes
2633 5656 2747 5723 ejus
2787 5656 3209 5720 exercitationis,
3260 5667 3313 5710 et
3352 5673 3521 5727 pugna
3556 5659 3745 5713 invicta
3775 5662 4030 5720 adversus

2465 5747 2854 5812 adversarium;
2886 5755 2938 5801 et
2969 5745 3055 5801 hic
3086 5748 3199 5816 ejus
3226 5748 3448 5805 celebris
3472 5752 3594 5805 vitae
3628 5751 3767 5807 ﬁnis.
