  <div class='ocr_page' id='page_1' title='image "/cluster/home/n/w/nwhite01/storage/ocr_20150623/34/nnc1.0046978860/530.png"; bbox 0 0 4258 6358; ppageno 0'>
   <div class='ocr_carea' id='block_1_1' title="bbox 252 428 391 497">
    <p class='ocr_par' dir='ltr' id='par_1_1' title="bbox 252 428 391 497">
     <span class='ocr_line' id='line_1_1' title="bbox 252 428 391 497; baseline -0.014 0"><span class='ocrx_word' id='word_1_1' title='bbox 252 428 391 497; x_wconf 75' lang='grc'>1041</span> 
     </span>
    </p>
   </div>
   <div class='ocr_carea' id='block_1_2' title="bbox 863 534 1253 593">
    <p class='ocr_par' dir='ltr' id='par_1_2' title="bbox 863 534 1253 593">
     <span class='ocr_line' id='line_1_2' title="bbox 863 534 1253 593; baseline -0.013 0"><span class='ocrx_word' id='word_1_2' title='bbox 863 536 1113 593; x_wconf 70' lang='grc' dir='ltr'>ΚΕΦΑΛ.</span> <span class='ocrx_word' id='word_1_3' title='bbox 1156 534 1253 591; x_wconf 83' lang='grc' dir='ltr'>ΙΖ’.</span> 
     </span>
    </p>
   </div>
   <div class='ocr_carea' id='block_1_3' title="bbox 244 614 1833 692">
    <p class='ocr_par' dir='ltr' id='par_1_3' title="bbox 244 614 1833 692">
     <span class='ocr_line' id='line_1_3' title="bbox 244 614 1833 692; baseline 0.001 -17"><span class='ocrx_word' id='word_1_4' title='bbox 244 616 391 692; x_wconf 78' lang='grc' dir='ltr'>Περί</span> <span class='ocrx_word' id='word_1_5' title='bbox 430 623 735 692; x_wconf 75' lang='grc' dir='ltr'>Μακαρίου</span> <span class='ocrx_word' id='word_1_6' title='bbox 761 621 868 675; x_wconf 81' lang='grc' dir='ltr'>τοῦ</span> <span class='ocrx_word' id='word_1_7' title='bbox 900 621 1193 674; x_wconf 76' lang='grc' dir='ltr'>ἀκούσιον</span> <span class='ocrx_word' id='word_1_8' title='bbox 1218 618 1414 686; x_wconf 75' lang='grc' dir='ltr'>φόνον</span> <span class='ocrx_word' id='word_1_9' title='bbox 1436 614 1833 684; x_wconf 77' lang='grc' dir='ltr'>ποιήσαντος.</span> 
     </span>
    </p>
   </div>
   <div class='ocr_carea' id='block_1_4' title="bbox 326 702 1837 776">
    <p class='ocr_par' dir='ltr' id='par_1_4' title="bbox 326 702 1837 776">
     <span class='ocr_line' id='line_1_4' title="bbox 326 702 1837 776; baseline -0.003 -15"><span class='ocrx_word' id='word_1_10' title='bbox 326 708 609 776; x_wconf 84' lang='grc' dir='ltr'>Νεώτερός</span> <span class='ocrx_word' id='word_1_11' title='bbox 652 722 738 769; x_wconf 88' lang='grc' dir='ltr'>τις</span> <span class='ocrx_word' id='word_1_12' title='bbox 775 708 841 773; x_wconf 79' lang='grc' dir='ltr'>τῇ</span> <span class='ocrx_word' id='word_1_13' title='bbox 873 704 1061 774; x_wconf 78' lang='grc' dir='ltr'>ἡλικίᾳ</span> <span class='ocrx_word' id='word_1_14' title='bbox 1119 703 1342 771; x_wconf 80' lang='grc' dir='ltr'>ὀνόματι</span> <span class='ocrx_word' id='word_1_15' title='bbox 1407 702 1714 772; x_wconf 81' lang='grc' dir='ltr'>Μακάριος.</span> <span class='ocrx_word' id='word_1_16' title='bbox 1761 704 1837 769; x_wconf 78' lang='grc' dir='ltr'>ὡς</span> 
     </span>
    </p>
   </div>
   <div class='ocr_carea' id='block_1_5' title="bbox 250 783 1839 858">
    <p class='ocr_par' dir='ltr' id='par_1_5' title="bbox 250 783 1839 858">
     <span class='ocr_line' id='line_1_5' title="bbox 250 783 1839 858; baseline -0.007 -15"><span class='ocrx_word' id='word_1_17' title='bbox 250 790 394 843; x_wconf 82' lang='grc' dir='ltr'>ἐτῶν</span> <span class='ocrx_word' id='word_1_18' title='bbox 416 788 719 854; x_wconf 86' lang='grc' dir='ltr'>δεκαοκτὼ,</span> <span class='ocrx_word' id='word_1_19' title='bbox 756 790 814 841; x_wconf 89' lang='grc' dir='ltr'>ἐν</span> <span class='ocrx_word' id='word_1_20' title='bbox 839 787 916 858; x_wconf 84' lang='grc' dir='ltr'>τῷ</span> <span class='ocrx_word' id='word_1_21' title='bbox 944 787 1159 851; x_wconf 78' lang='grc' dir='ltr'>παίζειν</span> <span class='ocrx_word' id='word_1_22' title='bbox 1187 784 1350 838; x_wconf 79' lang='grc' dir='ltr'>αὑτὸν</span> <span class='ocrx_word' id='word_1_23' title='bbox 1378 783 1517 853; x_wconf 88' lang='grc' dir='ltr'>μετά</span> <span class='ocrx_word' id='word_1_24' title='bbox 1541 785 1648 838; x_wconf 90' lang='grc' dir='ltr'>τῶν</span> <span class='ocrx_word' id='word_1_25' title='bbox 1677 803 1839 856; x_wconf 85' lang='grc' dir='ltr'>συνη-</span> 
     </span>
    </p>
   </div>
   <div class='ocr_carea' id='block_1_6' title="bbox 249 869 1836 943">
    <p class='ocr_par' dir='ltr' id='par_1_6' title="bbox 249 869 1836 943">
     <span class='ocr_line' id='line_1_6' title="bbox 249 869 1836 943; baseline -0.003 -16"><span class='ocrx_word' id='word_1_26' title='bbox 249 874 423 928; x_wconf 86' lang='grc' dir='ltr'>λίκων</span> <span class='ocrx_word' id='word_1_27' title='bbox 477 872 631 943; x_wconf 84' lang='grc' dir='ltr'>παρὰ</span> <span class='ocrx_word' id='word_1_28' title='bbox 678 874 779 943; x_wconf 79' lang='grc' dir='ltr'>τὴν</span> <span class='ocrx_word' id='word_1_29' title='bbox 829 872 1027 943; x_wconf 87' lang='grc' dir='ltr'>λίμνην</span> <span class='ocrx_word' id='word_1_30' title='bbox 1077 870 1177 941; x_wconf 82' lang='grc' dir='ltr'>τὴν</span> <span class='ocrx_word' id='word_1_31' title='bbox 1230 869 1532 940; x_wconf 71' lang='grc' dir='ltr'>λεγομένην</span> <span class='ocrx_word' id='word_1_32' title='bbox 1594 870 1836 942; x_wconf 82' lang='grc' dir='ltr'>Μαρίαν,</span> 
     </span>
    </p>
   </div>
   <div class='ocr_carea' id='block_1_7' title="bbox 248 947 1839 1027">
    <p class='ocr_par' dir='ltr' id='par_1_7' title="bbox 248 947 1839 1027">
     <span class='ocr_line' id='line_1_7' title="bbox 248 947 1839 1027; baseline -0.003 -14"><span class='ocrx_word' id='word_1_33' title='bbox 248 956 563 1027; x_wconf 85' lang='grc' dir='ltr'>τετράποδα</span> <span class='ocrx_word' id='word_1_34' title='bbox 584 956 787 1026; x_wconf 80' lang='grc' dir='ltr'>νέμων,</span> <span class='ocrx_word' id='word_1_35' title='bbox 828 955 1084 1009; x_wconf 87' lang='grc' dir='ltr'>ἀκούσιον</span> <span class='ocrx_word' id='word_1_36' title='bbox 1113 953 1409 1025; x_wconf 77' lang='grc' dir='ltr'>εἰργάσατο</span> <span class='ocrx_word' id='word_1_37' title='bbox 1437 953 1618 1023; x_wconf 88' lang='grc' dir='ltr'>φόνον.</span> <span class='ocrx_word' id='word_1_38' title='bbox 1669 947 1839 1018; x_wconf 72' lang='grc' dir='ltr'>Οὗτος</span> 
     </span>
    </p>
   </div>
   <div class='ocr_carea' id='block_1_8' title="bbox 257 1034 1837 1113">
    <p class='ocr_par' dir='ltr' id='par_1_8' title="bbox 257 1034 1837 1113">
     <span class='ocr_line' id='line_1_8' title="bbox 257 1034 1837 1113; baseline -0.003 -19"><span class='ocrx_word' id='word_1_39' title='bbox 257 1041 452 1113; x_wconf 84' lang='grc' dir='ltr'>μηδενὶ</span> <span class='ocrx_word' id='word_1_40' title='bbox 503 1039 671 1112; x_wconf 87' lang='grc' dir='ltr'>μηδέν</span> <span class='ocrx_word' id='word_1_41' title='bbox 719 1037 958 1109; x_wconf 86' lang='grc' dir='ltr'>εἰρηκὼς</span> <span class='ocrx_word' id='word_1_42' title='bbox 1005 1036 1414 1106; x_wconf 88' lang='grc' dir='ltr'>καταλαμϐάνει</span> <span class='ocrx_word' id='word_1_43' title='bbox 1467 1034 1566 1106; x_wconf 68' lang='grc' dir='ltr'>τήν</span> <span class='ocrx_word' id='word_1_44' title='bbox 1608 1035 1837 1106; x_wconf 72' lang='grc' dir='ltr'>ἔρημον,</span> 
     </span>
    </p>
   </div>
   <div class='ocr_carea' id='block_1_9' title="bbox 252 1120 1836 1193">
    <p class='ocr_par' dir='ltr' id='par_1_9' title="bbox 252 1120 1836 1193">
     <span class='ocr_line' id='line_1_9' title="bbox 252 1120 1836 1193; baseline -0.004 -14"><span class='ocrx_word' id='word_1_45' title='bbox 252 1126 354 1179; x_wconf 61' lang='grc' dir='ltr'>κα.)⁸</span> <span class='ocrx_word' id='word_1_46' title='bbox 380 1126 460 1189; x_wconf 90' lang='grc' dir='ltr'>εἰς</span> <span class='ocrx_word' id='word_1_47' title='bbox 490 1123 746 1177; x_wconf 90' lang='grc' dir='ltr'>τοσοῦτον</span> <span class='ocrx_word' id='word_1_48' title='bbox 777 1122 978 1193; x_wconf 81' lang='grc' dir='ltr'>ῆλασεν</span> <span class='ocrx_word' id='word_1_49' title='bbox 1009 1120 1175 1190; x_wconf 87' lang='grc' dir='ltr'>φόϐον</span> <span class='ocrx_word' id='word_1_50' title='bbox 1206 1120 1349 1174; x_wconf 87' lang='grc' dir='ltr'>θεῖόν</span> <span class='ocrx_word' id='word_1_51' title='bbox 1381 1137 1441 1173; x_wconf 88' lang='grc' dir='ltr'>τε</span> <span class='ocrx_word' id='word_1_52' title='bbox 1494 1121 1588 1174; x_wconf 78' lang='grc' dir='ltr'>καὶ</span> <span class='ocrx_word' id='word_1_53' title='bbox 1624 1120 1836 1191; x_wconf 89' lang='grc' dir='ltr'>ἀνθρώ-</span> 
     </span>
    </p>
   </div>
   <div class='ocr_carea' id='block_1_10' title="bbox 255 1203 1837 1276">
    <p class='ocr_par' dir='ltr' id='par_1_10' title="bbox 255 1203 1837 1276">
     <span class='ocr_line' id='line_1_10' title="bbox 255 1203 1837 1276; baseline -0.004 -14"><span class='ocrx_word' id='word_1_54' title='bbox 255 1226 433 1271; x_wconf 85' lang='grc' dir='ltr'>πινον,</span> <span class='ocrx_word' id='word_1_55' title='bbox 460 1207 534 1270; x_wconf 82' lang='grc' dir='ltr'>ὡς</span> <span class='ocrx_word' id='word_1_56' title='bbox 556 1205 956 1276; x_wconf 89' lang='grc' dir='ltr'>ἀναισθητῆσαι</span> <span class='ocrx_word' id='word_1_57' title='bbox 988 1204 1152 1257; x_wconf 77' lang='grc' dir='ltr'>αὑτὸν</span> <span class='ocrx_word' id='word_1_58' title='bbox 1173 1204 1417 1275; x_wconf 80' lang='grc' dir='ltr'>τριετίαν</span> <span class='ocrx_word' id='word_1_59' title='bbox 1456 1203 1687 1273; x_wconf 85' lang='grc' dir='ltr'>ἀστεγον</span> <span class='ocrx_word' id='word_1_60' title='bbox 1717 1203 1837 1273; x_wconf 84' lang='grc' dir='ltr'>μεί-</span> 
     </span>
    </p>
   </div>
   <div class='ocr_carea' id='block_1_11' title="bbox 253 1286 1838 1361">
    <p class='ocr_par' dir='ltr' id='par_1_11' title="bbox 253 1286 1838 1361">
     <span class='ocr_line' id='line_1_11' title="bbox 253 1286 1838 1361; baseline -0.004 -15"><span class='ocrx_word' id='word_1_61' title='bbox 253 1309 425 1346; x_wconf 90' lang='grc' dir='ltr'>ναντα</span> <span class='ocrx_word' id='word_1_62' title='bbox 449 1294 508 1345; x_wconf 86' lang='grc' dir='ltr'>ἐν</span> <span class='ocrx_word' id='word_1_63' title='bbox 530 1292 597 1361; x_wconf 80' lang='grc' dir='ltr'>τῇ</span> <span class='ocrx_word' id='word_1_64' title='bbox 623 1291 837 1360; x_wconf 85' lang='grc' dir='ltr'>ἐρήμῳ.</span> <span class='ocrx_word' id='word_1_65' title='bbox 867 1286 1135 1358; x_wconf 82' lang='grc' dir='ltr'>Ἀϐροχος</span> <span class='ocrx_word' id='word_1_66' title='bbox 1162 1287 1269 1357; x_wconf 83' lang='grc' dir='ltr'>δὲή</span> <span class='ocrx_word' id='word_1_67' title='bbox 1309 1290 1380 1357; x_wconf 88' lang='grc' dir='ltr'>γῆ</span> <span class='ocrx_word' id='word_1_68' title='bbox 1427 1288 1611 1358; x_wconf 90' lang='grc' dir='ltr'>ἐκείνη</span> <span class='ocrx_word' id='word_1_69' title='bbox 1661 1286 1838 1356; x_wconf 89' lang='grc' dir='ltr'>ὑπάρ-</span> 
     </span>
    </p>
   </div>
   <div class='ocr_carea' id='block_1_12' title="bbox 252 1372 1839 1447">
    <p class='ocr_par' dir='ltr' id='par_1_12' title="bbox 252 1372 1839 1447">
     <span class='ocr_line' id='line_1_12' title="bbox 252 1372 1839 1447; baseline -0.003 -17"><span class='ocrx_word' id='word_1_70' title='bbox 252 1394 343 1447; x_wconf 90' lang='grc' dir='ltr'>χει</span> <span class='ocrx_word' id='word_1_71' title='bbox 369 1394 383 1408; x_wconf 74' lang='grc' dir='ltr'>ο</span> <span class='ocrx_word' id='word_1_72' title='bbox 415 1373 693 1430; x_wconf 74' lang='grc' dir='ltr'>καὶτοῦτο</span> <span class='ocrx_word' id='word_1_73' title='bbox 723 1375 872 1429; x_wconf 87' lang='grc' dir='ltr'>ῖσασι</span> <span class='ocrx_word' id='word_1_74' title='bbox 903 1375 1126 1437; x_wconf 88' lang='grc' dir='ltr'>πάντες,</span> <span class='ocrx_word' id='word_1_75' title='bbox 1154 1373 1251 1427; x_wconf 75' lang='grc' dir='ltr'>καὶ</span> <span class='ocrx_word' id='word_1_76' title='bbox 1279 1375 1326 1426; x_wconf 87' lang='grc' dir='ltr'>οἰ</span> <span class='ocrx_word' id='word_1_77' title='bbox 1347 1372 1435 1426; x_wconf 83' lang='grc' dir='ltr'>διὰ</span> <span class='ocrx_word' id='word_1_78' title='bbox 1476 1372 1650 1442; x_wconf 86' lang='grc' dir='ltr'>λόγων</span> <span class='ocrx_word' id='word_1_79' title='bbox 1682 1372 1839 1442; x_wconf 85' lang='grc' dir='ltr'>γενό-</span> 
     </span>
    </p>
   </div>
   <div class='ocr_carea' id='block_1_13' title="bbox 256 1449 1838 1531">
    <p class='ocr_par' dir='ltr' id='par_1_13' title="bbox 256 1449 1838 1531">
     <span class='ocr_line' id='line_1_13' title="bbox 256 1449 1838 1531; baseline -0.001 -20"><span class='ocrx_word' id='word_1_80' title='bbox 256 1476 436 1531; x_wconf 87' lang='grc' dir='ltr'>μενοι,</span> <span class='ocrx_word' id='word_1_81' title='bbox 470 1458 568 1511; x_wconf 81' lang='grc' dir='ltr'>καὶ</span> <span class='ocrx_word' id='word_1_82' title='bbox 594 1459 643 1510; x_wconf 90' lang='grc' dir='ltr'>οἰ</span> <span class='ocrx_word' id='word_1_83' title='bbox 672 1457 760 1510; x_wconf 89' lang='grc' dir='ltr'>διά</span> <span class='ocrx_word' id='word_1_84' title='bbox 790 1457 892 1526; x_wconf 91' lang='grc' dir='ltr'>τῆς</span> <span class='ocrx_word' id='word_1_85' title='bbox 921 1456 1117 1526; x_wconf 85' lang='grc' dir='ltr'>πείρας</span> <span class='ocrx_word' id='word_1_86' title='bbox 1142 1456 1333 1526; x_wconf 83' lang='grc' dir='ltr'>αὐτῆς.</span> <span class='ocrx_word' id='word_1_87' title='bbox 1380 1457 1439 1509; x_wconf 84' lang='lat'>&#39;0</span> <span class='ocrx_word' id='word_1_88' title='bbox 1473 1457 1638 1520; x_wconf 85' lang='grc' dir='ltr'>αὑτὸς</span> <span class='ocrx_word' id='word_1_89' title='bbox 1682 1449 1838 1520; x_wconf 74' lang='grc' dir='ltr'>οὗτος</span> 
     </span>
    </p>
   </div>
   <div class='ocr_carea' id='block_1_14' title="bbox 252 1538 1840 1613">
    <p class='ocr_par' dir='ltr' id='par_1_14' title="bbox 252 1538 1840 1613">
     <span class='ocr_line' id='line_1_14' title="bbox 252 1538 1840 1613; baseline -0.003 -17"><span class='ocrx_word' id='word_1_90' title='bbox 252 1542 545 1613; x_wconf 70' lang='grc' dir='ltr'>Μακάριος</span> <span class='ocrx_word' id='word_1_91' title='bbox 576 1539 804 1611; x_wconf 74' lang='grc' dir='ltr'>ὔστερον</span> <span class='ocrx_word' id='word_1_92' title='bbox 839 1538 1193 1609; x_wconf 78' lang='grc' dir='ltr'>ᾠκοδόμησεν</span> <span class='ocrx_word' id='word_1_93' title='bbox 1234 1539 1412 1610; x_wconf 82' lang='grc' dir='ltr'>ἐαυτῷ</span> <span class='ocrx_word' id='word_1_94' title='bbox 1458 1538 1696 1592; x_wconf 73' lang='grc' dir='ltr'>κελλίοψ</span> <span class='ocrx_word' id='word_1_95' title='bbox 1745 1538 1840 1593; x_wconf 81' lang='grc' dir='ltr'>καὶ</span> 
     </span>
    </p>
   </div>
   <div class='ocr_carea' id='block_1_15' title="bbox 257 1622 1839 1697">
    <p class='ocr_par' dir='ltr' id='par_1_15' title="bbox 257 1622 1839 1697">
     <span class='ocr_line' id='line_1_15' title="bbox 257 1622 1839 1697; baseline -0.002 -19"><span class='ocrx_word' id='word_1_96' title='bbox 257 1625 436 1697; x_wconf 78' lang='grc' dir='ltr'>ζήσας</span> <span class='ocrx_word' id='word_1_97' title='bbox 466 1626 525 1677; x_wconf 88' lang='grc' dir='ltr'>ἐν</span> <span class='ocrx_word' id='word_1_98' title='bbox 550 1623 699 1693; x_wconf 88' lang='grc' dir='ltr'>αὑτῷ</span> <span class='ocrx_word' id='word_1_99' title='bbox 717 1624 855 1677; x_wconf 82' lang='grc' dir='ltr'>ἀλλα</span> <span class='ocrx_word' id='word_1_100' title='bbox 890 1623 1233 1676; x_wconf 73' lang='grc' dir='ltr'>εἰκοσιπέντε</span> <span class='ocrx_word' id='word_1_101' title='bbox 1279 1624 1399 1693; x_wconf 73' lang='grc' dir='ltr'>ἔτη,</span> <span class='ocrx_word' id='word_1_102' title='bbox 1437 1622 1683 1676; x_wconf 87' lang='grc' dir='ltr'>τοιούτου</span> <span class='ocrx_word' id='word_1_103' title='bbox 1737 1640 1839 1693; x_wconf 84' lang='grc' dir='ltr'>χα-</span> 
     </span>
    </p>
   </div>
   <div class='ocr_carea' id='block_1_16' title="bbox 261 1704 1838 1778">
    <p class='ocr_par' dir='ltr' id='par_1_16' title="bbox 261 1704 1838 1778">
     <span class='ocr_line' id='line_1_16' title="bbox 261 1704 1838 1778; baseline -0.002 -18"><span class='ocrx_word' id='word_1_104' title='bbox 261 1710 531 1778; x_wconf 76' lang='grc' dir='ltr'>ρίσματος</span> <span class='ocrx_word' id='word_1_105' title='bbox 563 1705 793 1776; x_wconf 62' lang='grc' dir='ltr'>⁴ἠξιώθη,</span> <span class='ocrx_word' id='word_1_106' title='bbox 825 1704 903 1769; x_wconf 89' lang='grc' dir='ltr'>ώς</span> <span class='ocrx_word' id='word_1_107' title='bbox 930 1705 1268 1760; x_wconf 82' lang='grc' dir='ltr'>καταπτύειν</span> <span class='ocrx_word' id='word_1_108' title='bbox 1295 1705 1592 1775; x_wconf 80' lang='grc' dir='ltr'>δαιμόνων,</span> <span class='ocrx_word' id='word_1_109' title='bbox 1639 1707 1838 1774; x_wconf 79' lang='grc' dir='ltr'>ἐντρυ-</span> 
     </span>
    </p>
   </div>
   <div class='ocr_carea' id='block_1_17' title="bbox 257 1786 1840 1860">
    <p class='ocr_par' dir='ltr' id='par_1_17' title="bbox 257 1786 1840 1860">
     <span class='ocr_line' id='line_1_17' title="bbox 257 1786 1840 1860; baseline -0.002 -18"><span class='ocrx_word' id='word_1_110' title='bbox 257 1790 378 1860; x_wconf 87' lang='grc' dir='ltr'>φῶν</span> <span class='ocrx_word' id='word_1_111' title='bbox 420 1792 488 1860; x_wconf 78' lang='grc' dir='ltr'>τῇ</span> <span class='ocrx_word' id='word_1_112' title='bbox 536 1789 812 1859; x_wconf 89' lang='grc' dir='ltr'>μονότητι.</span> <span class='ocrx_word' id='word_1_113' title='bbox 854 1789 1045 1859; x_wconf 83' lang='grc' dir='ltr'>Τούτῳ</span> <span class='ocrx_word' id='word_1_114' title='bbox 1099 1788 1273 1842; x_wconf 87' lang='grc' dir='ltr'>πολλά</span> <span class='ocrx_word' id='word_1_115' title='bbox 1326 1788 1685 1859; x_wconf 83' lang='grc' dir='ltr'>συγχρονίσας</span> <span class='ocrx_word' id='word_1_116' title='bbox 1728 1786 1840 1855; x_wconf 79' lang='grc' dir='ltr'>ἐγὼ</span> 
     </span>
    </p>
   </div>
   <div class='ocr_carea' id='block_1_18' title="bbox 1571 420 2363 485">
    <p class='ocr_par' dir='ltr' id='par_1_18' title="bbox 1571 420 2363 485">
     <span class='ocr_line' id='line_1_18' title="bbox 1571 420 2363 485; baseline -0.001 0"><span class='ocrx_word' id='word_1_117' title='bbox 1571 420 1936 485; x_wconf 76' lang='lat' dir='ltr'>HISTORIA</span> <span class='ocrx_word' id='word_1_118' title='bbox 1974 422 2363 485; x_wconf 84' lang='lat' dir='ltr'>LAUSIACA.</span> 
     </span>
    </p>
   </div>
   <div class='ocr_carea' id='block_1_19' title="bbox 3390 424 3532 494">
    <p class='ocr_par' dir='ltr' id='par_1_19' title="bbox 3390 424 3532 494">
     <span class='ocr_line' id='line_1_19' title="bbox 3390 424 3532 494; baseline 0.035 -5"><span class='ocrx_word' id='word_1_119' title='bbox 3390 424 3532 494; x_wconf 72' lang='lat'>1042</span> 
     </span>
    </p>
   </div>
   <div class='ocr_carea' id='block_1_20' title="bbox 1882 526 3526 604">
    <p class='ocr_par' dir='ltr' id='par_1_20' title="bbox 1882 526 3526 604">
     <span class='ocr_line' id='line_1_20' title="bbox 1882 526 3526 604; baseline 0.003 -20"><span class='ocrx_word' id='word_1_120' title='bbox 1882 535 1928 595; x_wconf 78' lang='grc' dir='ltr'><strong>Α</strong></span> <span class='ocrx_word' id='word_1_121' title='bbox 1967 532 2283 604; x_wconf 84' lang='grc' dir='ltr'>ἐνεπαίχθη,</span> <span class='ocrx_word' id='word_1_122' title='bbox 2311 530 2638 602; x_wconf 85' lang='grc' dir='ltr'>ὑποστρέφει</span> <span class='ocrx_word' id='word_1_123' title='bbox 2668 526 2823 596; x_wconf 80' lang='grc' dir='ltr'>αὖθις</span> <span class='ocrx_word' id='word_1_124' title='bbox 2871 530 2951 595; x_wconf 88' lang='grc' dir='ltr'>εἰς</span> <span class='ocrx_word' id='word_1_125' title='bbox 2988 530 3088 602; x_wconf 80' lang='grc' dir='ltr'>τὴν</span> <span class='ocrx_word' id='word_1_126' title='bbox 3128 530 3354 604; x_wconf 79' lang='grc' dir='ltr'>πρώτην</span> <span class='ocrx_word' id='word_1_127' title='bbox 3397 536 3526 589; x_wconf 82' lang='grc' dir='ltr'>σκέ-</span> 
     </span>
    </p>
   </div>
   <div class='ocr_carea' id='block_1_21' title="bbox 1945 617 3525 690">
    <p class='ocr_par' dir='ltr' id='par_1_21' title="bbox 1945 617 3525 690">
     <span class='ocr_line' id='line_1_21' title="bbox 1945 617 3525 690; baseline 0.003 -21"><span class='ocrx_word' id='word_1_128' title='bbox 1945 634 2071 689; x_wconf 85' lang='grc' dir='ltr'>πην.</span> <span class='ocrx_word' id='word_1_129' title='bbox 2114 620 2225 673; x_wconf 76' lang='grc' dir='ltr'>Καὶ</span> <span class='ocrx_word' id='word_1_130' title='bbox 2268 617 2560 690; x_wconf 77' lang='grc' dir='ltr'>πληρώσας</span> <span class='ocrx_word' id='word_1_131' title='bbox 2599 620 2893 690; x_wconf 86' lang='grc' dir='ltr'>τριάκοντα</span> <span class='ocrx_word' id='word_1_132' title='bbox 2956 617 3051 670; x_wconf 70' lang='grc' dir='ltr'>καί⁵</span> <span class='ocrx_word' id='word_1_133' title='bbox 3093 617 3231 671; x_wconf 81' lang='grc' dir='ltr'>ἐπτά</span> <span class='ocrx_word' id='word_1_134' title='bbox 3273 618 3389 689; x_wconf 72' lang='grc' dir='ltr'>ἔτη,</span> <span class='ocrx_word' id='word_1_135' title='bbox 3426 621 3525 690; x_wconf 84' lang='grc' dir='ltr'>οὑχ</span> 
     </span>
    </p>
   </div>
   <div class='ocr_carea' id='block_1_22' title="bbox 1946 700 3527 777">
    <p class='ocr_par' dir='ltr' id='par_1_22' title="bbox 1946 700 3527 777">
     <span class='ocr_line' id='line_1_22' title="bbox 1946 700 3527 777; baseline 0.002 -23"><span class='ocrx_word' id='word_1_136' title='bbox 1946 702 2189 777; x_wconf 75' lang='grc' dir='ltr'>ὑπερέϐη</span> <span class='ocrx_word' id='word_1_137' title='bbox 2236 703 2328 755; x_wconf 72' lang='grc' dir='ltr'>τὸν</span> <span class='ocrx_word' id='word_1_138' title='bbox 2373 701 2555 767; x_wconf 79' lang='grc' dir='ltr'>οὐδὸν,</span> <span class='ocrx_word' id='word_1_139' title='bbox 2611 701 2997 771; x_wconf 82' lang='grc' dir='ltr'>φιλονεικήσας</span> <span class='ocrx_word' id='word_1_140' title='bbox 3045 700 3125 769; x_wconf 83' lang='grc' dir='ltr'>τῷ</span> <span class='ocrx_word' id='word_1_141' title='bbox 3174 702 3418 772; x_wconf 72' lang='grc' dir='ltr'>δαίμονιο</span> <span class='ocrx_word' id='word_1_142' title='bbox 3466 705 3527 768; x_wconf 86' lang='lat'><em>6;</em></span> 
     </span>
    </p>
   </div>
   <div class='ocr_carea' id='block_1_23' title="bbox 1949 782 3528 857">
    <p class='ocr_par' dir='ltr' id='par_1_23' title="bbox 1949 782 3528 857">
     <span class='ocr_line' id='line_1_23' title="bbox 1949 782 3528 857; baseline 0.003 -21"><span class='ocrx_word' id='word_1_143' title='bbox 1949 785 2185 839; x_wconf 89' lang='grc' dir='ltr'>τοσαῦτα</span> <span class='ocrx_word' id='word_1_144' title='bbox 2215 784 2365 854; x_wconf 88' lang='grc' dir='ltr'>αὑτῷ</span> <span class='ocrx_word' id='word_1_145' title='bbox 2401 782 2725 850; x_wconf 81' lang='grc' dir='ltr'>ἐνεδείξατο,</span> <span class='ocrx_word' id='word_1_146' title='bbox 2766 784 2851 837; x_wconf 84' lang='grc' dir='ltr'>ῖνα</span> <span class='ocrx_word' id='word_1_147' title='bbox 2875 784 3038 838; x_wconf 79' lang='grc' dir='ltr'>αὑτὸν</span> <span class='ocrx_word' id='word_1_148' title='bbox 3070 785 3355 857; x_wconf 76' lang='grc' dir='ltr'>ἀναγκάσῃ</span> <span class='ocrx_word' id='word_1_149' title='bbox 3383 786 3528 853; x_wconf 82' lang='grc' dir='ltr'>ἐξελ-</span> 
     </span>
    </p>
   </div>
   <div class='ocr_carea' id='block_1_24' title="bbox 1946 867 3528 942">
    <p class='ocr_par' dir='ltr' id='par_1_24' title="bbox 1946 867 3528 942">
     <span class='ocr_line' id='line_1_24' title="bbox 1946 867 3528 942; baseline 0.003 -22"><span class='ocrx_word' id='word_1_150' title='bbox 1946 867 2061 921; x_wconf 89' lang='grc' dir='ltr'>θεῖν</span> <span class='ocrx_word' id='word_1_151' title='bbox 2088 870 2151 922; x_wconf 84' lang='grc' dir='ltr'>ἐκ</span> <span class='ocrx_word' id='word_1_152' title='bbox 2179 870 2276 937; x_wconf 84' lang='grc' dir='ltr'>τῆς</span> <span class='ocrx_word' id='word_1_153' title='bbox 2306 868 2523 938; x_wconf 88' lang='grc' dir='ltr'>κέλλης,</span> <span class='ocrx_word' id='word_1_154' title='bbox 2556 869 2657 922; x_wconf 85' lang='grc' dir='ltr'>ὅσα</span> <span class='ocrx_word' id='word_1_155' title='bbox 2692 868 2814 923; x_wconf 77' lang='grc' dir='ltr'>οὔτε</span> <span class='ocrx_word' id='word_1_156' title='bbox 2847 869 2963 923; x_wconf 79' lang='grc' dir='ltr'>ἔστι</span> <span class='ocrx_word' id='word_1_157' title='bbox 3005 869 3389 942; x_wconf 84' lang='grc' dir='ltr'>διηγήσασθαι.</span> <span class='ocrx_word' id='word_1_158' title='bbox 3435 873 3528 928; x_wconf 81' lang='grc' dir='ltr'>Ἑν</span> 
     </span>
    </p>
   </div>
   <div class='ocr_carea' id='block_1_25' title="bbox 1945 945 3525 1025">
    <p class='ocr_par' dir='ltr' id='par_1_25' title="bbox 1945 945 3525 1025">
     <span class='ocr_line' id='line_1_25' title="bbox 1945 945 3525 1025; baseline 0.004 -21"><span class='ocrx_word' id='word_1_159' title='bbox 1945 945 2027 1013; x_wconf 75' lang='grc' dir='ltr'>οἷς</span> <span class='ocrx_word' id='word_1_160' title='bbox 2053 952 2146 1005; x_wconf 80' lang='grc' dir='ltr'>καὶ</span> <span class='ocrx_word' id='word_1_161' title='bbox 2176 951 2355 1005; x_wconf 77' lang='grc' dir='ltr'>τοῦτο’</span> <span class='ocrx_word' id='word_1_162' title='bbox 2402 952 2773 1022; x_wconf 77' lang='grc' dir='ltr'>Ἐπιτηρήσας</span> <span class='ocrx_word' id='word_1_163' title='bbox 2813 955 2839 1005; x_wconf 96' lang='lat'>6</span> <span class='ocrx_word' id='word_1_164' title='bbox 2888 952 3176 1022; x_wconf 89' lang='grc' dir='ltr'>μισόκαλος</span> <span class='ocrx_word' id='word_1_165' title='bbox 3219 955 3525 1025; x_wconf 70' lang='grc' dir='ltr'>ἐπηρεάσαι</span> 
     </span>
    </p>
   </div>
   <div class='ocr_carea' id='block_1_26' title="bbox 1944 1035 3524 1110">
    <p class='ocr_par' dir='ltr' id='par_1_26' title="bbox 1944 1035 3524 1110">
     <span class='ocr_line' id='line_1_26' title="bbox 1944 1035 3524 1110; baseline 0.005 -23"><span class='ocrx_word' id='word_1_166' title='bbox 1944 1035 2133 1089; x_wconf 89' lang='grc' dir='ltr'>τοῦτον</span> <span class='ocrx_word' id='word_1_167' title='bbox 2188 1035 2517 1089; x_wconf 70' lang='grc' dir='ltr'>ἐσπούδασεν</span> <span class='ocrx_word' id='word_1_168' title='bbox 2573 1038 2654 1100; x_wconf 86' lang='grc' dir='ltr'>εἰς</span> <span class='ocrx_word' id='word_1_169' title='bbox 2714 1036 2958 1107; x_wconf 78' lang='grc' dir='ltr'>ἐγκοπὴν</span> <span class='ocrx_word' id='word_1_170' title='bbox 3022 1038 3123 1107; x_wconf 84' lang='grc' dir='ltr'>τῆς</span> <span class='ocrx_word' id='word_1_171' title='bbox 3190 1040 3524 1110; x_wconf 87' lang='grc' dir='ltr'>προθέσεως.</span> 
     </span>
    </p>
   </div>
   <div class='ocr_carea' id='block_1_27' title="bbox 1957 1118 3525 1192">
    <p class='ocr_par' dir='ltr' id='par_1_27' title="bbox 1957 1118 3525 1192">
     <span class='ocr_line' id='line_1_27' title="bbox 1957 1118 3525 1192; baseline 0.003 -19"><span class='ocrx_word' id='word_1_172' title='bbox 1957 1119 2131 1175; x_wconf 83' lang='grc' dir='ltr'>Ἐπτά</span> <span class='ocrx_word' id='word_1_173' title='bbox 2158 1120 2471 1174; x_wconf 85' lang='grc' dir='ltr'>ἐπισκόπων</span> <span class='ocrx_word' id='word_1_174' title='bbox 2506 1121 2677 1190; x_wconf 82' lang='grc' dir='ltr'>ἁγίων</span> <span class='ocrx_word' id='word_1_175' title='bbox 2708 1118 3171 1190; x_wconf 78' lang='grc' dir='ltr'>ἐπισκεψαμένων</span> <span class='ocrx_word' id='word_1_176' title='bbox 3210 1123 3299 1176; x_wconf 73' lang='grc' dir='ltr'>τὸν</span> <span class='ocrx_word' id='word_1_177' title='bbox 3348 1125 3525 1192; x_wconf 76' lang='grc' dir='ltr'>ἅγιον,</span> 
     </span>
    </p>
   </div>
   <div class='ocr_carea' id='block_1_28' title="bbox 1946 1203 3526 1277">
    <p class='ocr_par' dir='ltr' id='par_1_28' title="bbox 1946 1203 3526 1277">
     <span class='ocr_line' id='line_1_28' title="bbox 1946 1203 3526 1277; baseline 0.002 -21"><span class='ocrx_word' id='word_1_178' title='bbox 1946 1203 1979 1275; x_wconf 84' lang='grc' dir='ltr'>ἢ</span> <span class='ocrx_word' id='word_1_179' title='bbox 2015 1205 2078 1257; x_wconf 91' lang='grc' dir='ltr'>ἐκ</span> <span class='ocrx_word' id='word_1_180' title='bbox 2110 1203 2245 1257; x_wconf 88' lang='grc' dir='ltr'>Θεοῦ</span> <span class='ocrx_word' id='word_1_181' title='bbox 2270 1205 2549 1275; x_wconf 81' lang='grc' dir='ltr'>προνοίας,</span> <span class='ocrx_word' id='word_1_182' title='bbox 2581 1204 2614 1275; x_wconf 83' lang='grc' dir='ltr'>ἢ</span> <span class='ocrx_word' id='word_1_183' title='bbox 2640 1205 2698 1269; x_wconf 85' lang='grc' dir='ltr'>ἐξ</span> <span class='ocrx_word' id='word_1_184' title='bbox 2718 1205 3027 1269; x_wconf 81' lang='grc' dir='ltr'>ὑποθέσεως</span> <span class='ocrx_word' id='word_1_185' title='bbox 3051 1204 3145 1258; x_wconf 89' lang='grc' dir='ltr'>τοῦ</span> <span class='ocrx_word' id='word_1_186' title='bbox 3192 1205 3526 1277; x_wconf 80' lang='grc' dir='ltr'>πειρασμοῦ,</span> 
     </span>
    </p>
   </div>
   <div class='ocr_carea' id='block_1_29' title="bbox 1946 1288 3528 1359">
    <p class='ocr_par' dir='ltr' id='par_1_29' title="bbox 1946 1288 3528 1359">
     <span class='ocr_line' id='line_1_29' title="bbox 1946 1288 3528 1359; baseline 0.001 -18"><span class='ocrx_word' id='word_1_187' title='bbox 1946 1288 2006 1352; x_wconf 84' lang='grc' dir='ltr'>ἐξ</span> <span class='ocrx_word' id='word_1_188' title='bbox 2026 1289 2236 1342; x_wconf 87' lang='grc' dir='ltr'>ἐκείνου</span> <span class='ocrx_word' id='word_1_189' title='bbox 2271 1288 2400 1357; x_wconf 83' lang='grc' dir='ltr'>παρ’</span> <span class='ocrx_word' id='word_1_190' title='bbox 2438 1288 2619 1356; x_wconf 84' lang='grc' dir='ltr'>ὀλίγον</span> <span class='ocrx_word' id='word_1_191' title='bbox 2653 1289 2816 1343; x_wconf 77' lang='grc' dir='ltr'>αὑτὸν</span> <span class='ocrx_word' id='word_1_192' title='bbox 2862 1288 3148 1353; x_wconf 77' lang='grc' dir='ltr'>ἐξώκειλεν</span> <span class='ocrx_word' id='word_1_193' title='bbox 3174 1289 3273 1359; x_wconf 89' lang='grc' dir='ltr'>τῆς</span> <span class='ocrx_word' id='word_1_194' title='bbox 3330 1291 3528 1359; x_wconf 79' lang='grc' dir='ltr'>προθέ-</span> 
     </span>
    </p>
   </div>
   <div class='ocr_carea' id='block_1_30' title="bbox 1950 1370 3525 1443">
    <p class='ocr_par' dir='ltr' id='par_1_30' title="bbox 1950 1370 3525 1443">
     <span class='ocr_line' id='line_1_30' title="bbox 1950 1370 3525 1443; baseline 0.002 -19"><span class='ocrx_word' id='word_1_195' title='bbox 1950 1388 2108 1433; x_wconf 91' lang='grc' dir='ltr'>σεως.</span> <span class='ocrx_word' id='word_1_196' title='bbox 2141 1370 2264 1423; x_wconf 85' lang='grc' dir='ltr'>Τῶν</span> <span class='ocrx_word' id='word_1_197' title='bbox 2285 1371 2395 1443; x_wconf 86' lang='grc' dir='ltr'>γάρ</span> <span class='ocrx_word' id='word_1_198' title='bbox 2435 1372 2750 1425; x_wconf 85' lang='grc' dir='ltr'>ἐπισκόπων</span> <span class='ocrx_word' id='word_1_199' title='bbox 2783 1372 2921 1443; x_wconf 80' lang='grc' dir='ltr'>μετά</span> <span class='ocrx_word' id='word_1_200' title='bbox 2953 1374 3055 1442; x_wconf 77' lang='grc' dir='ltr'>τὴν</span> <span class='ocrx_word' id='word_1_201' title='bbox 3105 1372 3395 1443; x_wconf 72' lang='grc' dir='ltr'>ἐπίσκεψιν</span> <span class='ocrx_word' id='word_1_202' title='bbox 3432 1374 3525 1427; x_wconf 91' lang='grc' dir='ltr'>εὑ-</span> 
     </span>
    </p>
   </div>
   <div class='ocr_carea' id='block_1_31' title="bbox 1949 1452 3527 1528">
    <p class='ocr_par' dir='ltr' id='par_1_31' title="bbox 1949 1452 3527 1528">
     <span class='ocr_line' id='line_1_31' title="bbox 1949 1452 3527 1528; baseline 0.003 -22"><span class='ocrx_word' id='word_1_203' title='bbox 1949 1452 2219 1522; x_wconf 85' lang='grc' dir='ltr'>ξαμένων.</span> <span class='ocrx_word' id='word_1_204' title='bbox 2244 1454 2341 1507; x_wconf 74' lang='grc' dir='ltr'>καὶ</span> <span class='ocrx_word' id='word_1_205' title='bbox 2367 1455 2505 1524; x_wconf 87' lang='grc' dir='ltr'>μετὰ</span> <span class='ocrx_word' id='word_1_206' title='bbox 2538 1455 2635 1525; x_wconf 79' lang='grc' dir='ltr'>τὴν</span> <span class='ocrx_word' id='word_1_207' title='bbox 2655 1454 2820 1525; x_wconf 78' lang='grc' dir='ltr'>εὐχὴν</span> <span class='ocrx_word' id='word_1_208' title='bbox 2856 1455 3131 1519; x_wconf 83' lang='grc' dir='ltr'>ἐξιόντων,</span> <span class='ocrx_word' id='word_1_209' title='bbox 3156 1456 3217 1509; x_wconf 94' lang='grc' dir='ltr'>οὑ</span> <span class='ocrx_word' id='word_1_210' title='bbox 3248 1457 3527 1528; x_wconf 88' lang='grc' dir='ltr'>προέπεμ-</span> 
     </span>
    </p>
   </div>
   <div class='ocr_carea' id='block_1_32' title="bbox 1945 1535 3529 1610">
    <p class='ocr_par' dir='ltr' id='par_1_32' title="bbox 1945 1535 3529 1610">
     <span class='ocr_line' id='line_1_32' title="bbox 1945 1535 3529 1610; baseline 0.003 -22"><span class='ocrx_word' id='word_1_211' title='bbox 1945 1535 2047 1605; x_wconf 79' lang='grc' dir='ltr'>ψεν</span> <span class='ocrx_word' id='word_1_212' title='bbox 2073 1537 2271 1599; x_wconf 83' lang='grc' dir='ltr'>αὐτοὺς</span> <span class='ocrx_word' id='word_1_213' title='bbox 2302 1537 2331 1589; x_wconf 90' lang='grc' dir='ltr'>ό</span> <span class='ocrx_word' id='word_1_214' title='bbox 2384 1539 2633 1605; x_wconf 78' lang='grc' dir='ltr'>γενναῖος</span> <span class='ocrx_word' id='word_1_215' title='bbox 2664 1536 2783 1589; x_wconf 74' lang='grc' dir='ltr'>οὑδὲ</span> <span class='ocrx_word' id='word_1_216' title='bbox 2821 1538 2973 1607; x_wconf 83' lang='grc' dir='ltr'>βῆμα</span> <span class='ocrx_word' id='word_1_217' title='bbox 3019 1537 3196 1601; x_wconf 75' lang='grc' dir='ltr'>ποδὸς,</span> <span class='ocrx_word' id='word_1_218' title='bbox 3231 1539 3317 1592; x_wconf 82' lang='grc' dir='ltr'>ῐνα</span> <span class='ocrx_word' id='word_1_219' title='bbox 3348 1539 3423 1609; x_wconf 79' lang='grc' dir='ltr'>μὴ</span> <span class='ocrx_word' id='word_1_220' title='bbox 3452 1539 3529 1610; x_wconf 88' lang='grc' dir='ltr'>δῷ</span> 
     </span>
    </p>
   </div>
   <div class='ocr_carea' id='block_1_33' title="bbox 1947 1619 3529 1691">
    <p class='ocr_par' dir='ltr' id='par_1_33' title="bbox 1947 1619 3529 1691">
     <span class='ocr_line' id='line_1_33' title="bbox 1947 1619 3529 1691; baseline 0.003 -20"><span class='ocrx_word' id='word_1_221' title='bbox 1947 1619 2128 1690; x_wconf 87' lang='grc' dir='ltr'>χώραν</span> <span class='ocrx_word' id='word_1_222' title='bbox 2154 1619 2231 1689; x_wconf 85' lang='grc' dir='ltr'>τῷ</span> <span class='ocrx_word' id='word_1_223' title='bbox 2268 1619 2567 1691; x_wconf 88' lang='grc' dir='ltr'>μισοκάλῳ.</span> <span class='ocrx_word' id='word_1_224' title='bbox 2602 1621 2870 1688; x_wconf 86' lang='grc' dir='ltr'>Λέγουσιν</span> <span class='ocrx_word' id='word_1_225' title='bbox 2897 1620 3046 1689; x_wconf 87' lang='grc' dir='ltr'>αὑτῷ</span> <span class='ocrx_word' id='word_1_226' title='bbox 3074 1622 3123 1673; x_wconf 87' lang='grc' dir='ltr'>οί</span> <span class='ocrx_word' id='word_1_227' title='bbox 3163 1621 3399 1675; x_wconf 88' lang='grc' dir='ltr'>διάκονοι</span> <span class='ocrx_word' id='word_1_228' title='bbox 3420 1623 3529 1676; x_wconf 90' lang='grc' dir='ltr'>τῶν</span> 
     </span>
    </p>
   </div>
   <div class='ocr_carea' id='block_1_34' title="bbox 1947 1703 3529 1776">
    <p class='ocr_par' dir='ltr' id='par_1_34' title="bbox 1947 1703 3529 1776">
     <span class='ocr_line' id='line_1_34' title="bbox 1947 1703 3529 1776; baseline 0.003 -21"><span class='ocrx_word' id='word_1_229' title='bbox 1947 1703 2283 1767; x_wconf 87' lang='grc' dir='ltr'>ἐπισκόπων,</span> <span class='ocrx_word' id='word_1_230' title='bbox 2332 1703 2712 1773; x_wconf 85' lang='grc' dir='ltr'>Ὑπερήφανον</span> <span class='ocrx_word' id='word_1_231' title='bbox 2744 1706 2975 1772; x_wconf 76' lang='grc' dir='ltr'>πρᾶγμα</span> <span class='ocrx_word' id='word_1_232' title='bbox 2998 1704 3230 1775; x_wconf 76' lang='grc' dir='ltr'>ἐργάζῃ,</span> <span class='ocrx_word' id='word_1_233' title='bbox 3255 1704 3419 1765; x_wconf 82' lang='grc' dir='ltr'>ἀϐϐᾶ.</span> <span class='ocrx_word' id='word_1_234' title='bbox 3453 1704 3529 1776; x_wconf 80' lang='grc' dir='ltr'>μὴ</span> 
     </span>
    </p>
   </div>
   <div class='ocr_carea' id='block_1_35' title="bbox 1948 1786 3525 1855">
    <p class='ocr_par' dir='ltr' id='par_1_35' title="bbox 1948 1786 3525 1855">
     <span class='ocr_line' id='line_1_35' title="bbox 1948 1786 3525 1855; baseline 0.001 -18"><span class='ocrx_word' id='word_1_235' title='bbox 1948 1786 2295 1855; x_wconf 76' lang='grc' dir='ltr'>προπέμπων</span> <span class='ocrx_word' id='word_1_236' title='bbox 2326 1787 2453 1850; x_wconf 80' lang='grc' dir='ltr'>τοὺς</span> <span class='ocrx_word' id='word_1_237' title='bbox 2506 1786 2861 1849; x_wconf 85' lang='grc' dir='ltr'>ἐπισκόπους.</span> <span class='ocrx_word' id='word_1_238' title='bbox 2918 1786 2975 1839; x_wconf 86' lang='lat'><strong>&#39;0</strong></span> <span class='ocrx_word' id='word_1_239' title='bbox 3027 1787 3083 1838; x_wconf 83' lang='grc' dir='ltr'>δέ</span> <span class='ocrx_word' id='word_1_240' title='bbox 3124 1787 3274 1855; x_wconf 87' lang='grc' dir='ltr'>λέγει</span> <span class='ocrx_word' id='word_1_241' title='bbox 3322 1788 3525 1847; x_wconf 75' lang='grc' dir='ltr'>αὑτοίςο</span> 
     </span>
    </p>
   </div>
   <div class='ocr_carea' id='block_1_36' title="bbox 254 1869 3526 1962">
    <p class='ocr_par' dir='ltr' id='par_1_36' title="bbox 254 1869 3526 1962">
     <span class='ocr_line' id='line_1_36' title="bbox 254 1869 3526 1962; baseline -0.002 -35"><span class='ocrx_word' id='word_1_242' title='bbox 254 1874 563 1944; x_wconf 81' lang='grc' dir='ltr'>ἐμάνθανον</span> <span class='ocrx_word' id='word_1_243' title='bbox 616 1874 747 1943; x_wconf 87' lang='grc' dir='ltr'>παρ’</span> <span class='ocrx_word' id='word_1_244' title='bbox 796 1872 964 1927; x_wconf 86' lang='grc' dir='ltr'>αὑτοῦ</span> <span class='ocrx_word' id='word_1_245' title='bbox 1017 1872 1134 1935; x_wconf 90' lang='grc' dir='ltr'>πῶς</span> <span class='ocrx_word' id='word_1_246' title='bbox 1190 1871 1361 1926; x_wconf 89' lang='grc' dir='ltr'>αὑτοῦ</span> <span class='ocrx_word' id='word_1_247' title='bbox 1409 1874 1437 1925; x_wconf 92' lang='lat'>6</span> <span class='ocrx_word' id='word_1_248' title='bbox 1489 1872 1839 1962; x_wconf 71' lang='grc' dir='ltr'>διαλογισμὸς</span> <span class='ocrx_word' id='word_1_249' title='bbox 1878 1904 1921 1962; x_wconf 72' lang='grc' dir='ltr'><strong><em>Β</em></strong></span> <span class='ocrx_word' id='word_1_250' title='bbox 1947 1869 2089 1962; x_wconf 81' lang='grc' dir='ltr'>Ἐγὼ</span> <span class='ocrx_word' id='word_1_251' title='bbox 2118 1870 2213 1962; x_wconf 77' lang='grc' dir='ltr'>καὶ</span> <span class='ocrx_word' id='word_1_252' title='bbox 2256 1871 2382 1962; x_wconf 80' lang='grc' dir='ltr'>τοὺς</span> <span class='ocrx_word' id='word_1_253' title='bbox 2416 1869 2637 1962; x_wconf 51' lang='grc' dir='ltr'>κῦρίους</span> <span class='ocrx_word' id='word_1_254' title='bbox 2684 1888 2787 1962; x_wconf 67' lang='grc' dir='ltr'>μου</span> <span class='ocrx_word' id='word_1_255' title='bbox 2829 1872 2957 1962; x_wconf 63' lang='grc' dir='ltr'>τοῦς</span> <span class='ocrx_word' id='word_1_256' title='bbox 3001 1870 3335 1962; x_wconf 39' lang='grc' dir='ltr'>ἐ-πισκόπουΔς</span> <span class='ocrx_word' id='word_1_257' title='bbox 3361 1869 3526 1962; x_wconf 77' lang='grc' dir='ltr'>σέϐω,</span> 
     </span>
    </p>
   </div>
   <div class='ocr_carea' id='block_1_37' title="bbox 253 1954 1843 2029">
    <p class='ocr_par' dir='ltr' id='par_1_37' title="bbox 253 1954 1843 2029">
     <span class='ocr_line' id='line_1_37' title="bbox 253 1954 1843 2029; baseline -0.001 -18"><span class='ocrx_word' id='word_1_258' title='bbox 253 1958 527 2012; x_wconf 86' lang='grc' dir='ltr'>διάκειται</span> <span class='ocrx_word' id='word_1_259' title='bbox 557 1958 652 2010; x_wconf 74' lang='grc' dir='ltr'>ἐπὶ</span> <span class='ocrx_word' id='word_1_260' title='bbox 682 1960 751 2028; x_wconf 79' lang='grc' dir='ltr'>τῇ</span> <span class='ocrx_word' id='word_1_261' title='bbox 781 1956 878 2011; x_wconf 89' lang='grc' dir='ltr'>τοῦ</span> <span class='ocrx_word' id='word_1_262' title='bbox 910 1956 1073 2026; x_wconf 90' lang='grc' dir='ltr'>φόνου</span> <span class='ocrx_word' id='word_1_263' title='bbox 1123 1957 1392 2029; x_wconf 76' lang='grc' dir='ltr'>ἀμαρτίᾳ.</span> <span class='ocrx_word' id='word_1_264' title='bbox 1442 1958 1539 2019; x_wconf 86' lang='grc' dir='ltr'>’ος</span> <span class='ocrx_word' id='word_1_265' title='bbox 1592 1954 1843 2009; x_wconf 87' lang='grc' dir='ltr'>τοσοῦτον</span> 
     </span>
    </p>
   </div>
   <div class='ocr_carea' id='block_1_38' title="bbox 254 2039 1843 2111">
    <p class='ocr_par' dir='ltr' id='par_1_38' title="bbox 254 2039 1843 2111">
     <span class='ocr_line' id='line_1_38' title="bbox 254 2039 1843 2111; baseline -0.003 -17"><span class='ocrx_word' id='word_1_266' title='bbox 254 2041 448 2109; x_wconf 75' lang='grc' dir='ltr'>ἔλεγεν</span> <span class='ocrx_word' id='word_1_267' title='bbox 475 2040 705 2110; x_wconf 82' lang='grc' dir='ltr'>ἀπέχειν</span> <span class='ocrx_word' id='word_1_268' title='bbox 759 2039 961 2109; x_wconf 83' lang='grc' dir='ltr'>λύπης,</span> <span class='ocrx_word' id='word_1_269' title='bbox 997 2039 1073 2103; x_wconf 84' lang='grc' dir='ltr'>ὡς</span> <span class='ocrx_word' id='word_1_270' title='bbox 1116 2040 1212 2093; x_wconf 71' lang='grc' dir='ltr'>καὶ</span> <span class='ocrx_word' id='word_1_271' title='bbox 1249 2040 1735 2109; x_wconf 85' lang='grc' dir='ltr'>προσευχαριστεῖν</span> <span class='ocrx_word' id='word_1_272' title='bbox 1775 2041 1843 2111; x_wconf 74' lang='grc' dir='ltr'>τῇ</span> 
     </span>
    </p>
   </div>
   <div class='ocr_carea' id='block_1_39' title="bbox 251 2121 1845 2195">
    <p class='ocr_par' dir='ltr' id='par_1_39' title="bbox 251 2121 1845 2195">
     <span class='ocr_line' id='line_1_39' title="bbox 251 2121 1845 2195; baseline -0.003 -18"><span class='ocrx_word' id='word_1_273' title='bbox 251 2122 353 2178; x_wconf 88' lang='grc' dir='ltr'>τοῦ</span> <span class='ocrx_word' id='word_1_274' title='bbox 384 2124 547 2193; x_wconf 87' lang='grc' dir='ltr'>φόνου</span> <span class='ocrx_word' id='word_1_275' title='bbox 575 2122 750 2195; x_wconf 75' lang='grc' dir='ltr'>αίτίᾳ.</span> <span class='ocrx_word' id='word_1_276' title='bbox 804 2123 1104 2193; x_wconf 87' lang='grc' dir='ltr'>Γεγένηται</span> <span class='ocrx_word' id='word_1_277' title='bbox 1144 2123 1254 2193; x_wconf 90' lang='grc' dir='ltr'>γάρ</span> <span class='ocrx_word' id='word_1_278' title='bbox 1318 2128 1431 2193; x_wconf 81' lang='grc' dir='ltr'>μοι,</span> <span class='ocrx_word' id='word_1_279' title='bbox 1485 2123 1672 2191; x_wconf 79' lang='grc' dir='ltr'>φησὶν,</span> <span class='ocrx_word' id='word_1_280' title='bbox 1713 2121 1845 2173; x_wconf 84' lang='grc' dir='ltr'>ὑπό-</span> 
     </span>
    </p>
   </div>
   <div class='ocr_carea' id='block_1_40' title="bbox 256 2204 1846 2276">
    <p class='ocr_par' dir='ltr' id='par_1_40' title="bbox 256 2204 1846 2276">
     <span class='ocr_line' id='line_1_40' title="bbox 256 2204 1846 2276; baseline 0 -18"><span class='ocrx_word' id='word_1_281' title='bbox 256 2206 413 2269; x_wconf 86' lang='grc' dir='ltr'>θεσις</span> <span class='ocrx_word' id='word_1_282' title='bbox 453 2206 732 2276; x_wconf 86' lang='grc' dir='ltr'>σωτηρίας</span> <span class='ocrx_word' id='word_1_283' title='bbox 779 2206 809 2259; x_wconf 93' lang='lat'>6</span> <span class='ocrx_word' id='word_1_284' title='bbox 841 2204 1098 2265; x_wconf 80' lang='grc' dir='ltr'>ἀκούσιος</span> <span class='ocrx_word' id='word_1_285' title='bbox 1132 2204 1315 2274; x_wconf 88' lang='grc' dir='ltr'>φόνος.</span> <span class='ocrx_word' id='word_1_286' title='bbox 1368 2204 1597 2273; x_wconf 82' lang='grc' dir='ltr'>Ἔλεγεν</span> <span class='ocrx_word' id='word_1_287' title='bbox 1625 2205 1679 2257; x_wconf 86' lang='grc' dir='ltr'>δέ</span> <span class='ocrx_word' id='word_1_288' title='bbox 1737 2205 1846 2258; x_wconf 80' lang='grc' dir='ltr'>ἀπὸ</span> 
     </span>
    </p>
   </div>
   <div class='ocr_carea' id='block_1_41' title="bbox 252 2288 1840 2361">
    <p class='ocr_par' dir='ltr' id='par_1_41' title="bbox 252 2288 1840 2361">
     <span class='ocr_line' id='line_1_41' title="bbox 252 2288 1840 2361; baseline -0.001 -17"><span class='ocrx_word' id='word_1_289' title='bbox 252 2289 489 2360; x_wconf 80' lang='grc' dir='ltr'>Γραφῶν</span> <span class='ocrx_word' id='word_1_290' title='bbox 522 2290 703 2361; x_wconf 80' lang='grc' dir='ltr'>φέρων</span> <span class='ocrx_word' id='word_1_291' title='bbox 734 2290 836 2361; x_wconf 79' lang='grc' dir='ltr'>τὴν</span> <span class='ocrx_word' id='word_1_292' title='bbox 870 2290 1182 2360; x_wconf 85' lang='grc' dir='ltr'>μαρτυρίαν</span> <span class='ocrx_word' id='word_1_293' title='bbox 1213 2288 1309 2342; x_wconf 93' lang='grc' dir='ltr'>τοῦ</span> <span class='ocrx_word' id='word_1_294' title='bbox 1354 2289 1496 2343; x_wconf 86' lang='grc' dir='ltr'>κατά</span> <span class='ocrx_word' id='word_1_295' title='bbox 1524 2289 1616 2342; x_wconf 80' lang='grc' dir='ltr'>τὸν</span> <span class='ocrx_word' id='word_1_296' title='bbox 1668 2288 1840 2359; x_wconf 82' lang='grc' dir='ltr'>μέγαν</span> 
     </span>
    </p>
   </div>
   <div class='ocr_carea' id='block_1_42' title="bbox 253 2373 1845 2446">
    <p class='ocr_par' dir='ltr' id='par_1_42' title="bbox 253 2373 1845 2446">
     <span class='ocr_line' id='line_1_42' title="bbox 253 2373 1845 2446; baseline 0.001 -20"><span class='ocrx_word' id='word_1_297' title='bbox 253 2374 567 2446; x_wconf 79' lang='grc' dir='ltr'>θεράποντα</span> <span class='ocrx_word' id='word_1_298' title='bbox 594 2374 689 2427; x_wconf 93' lang='grc' dir='ltr'>τοῦ</span> <span class='ocrx_word' id='word_1_299' title='bbox 720 2373 858 2427; x_wconf 89' lang='grc' dir='ltr'>Θεοῦ</span> <span class='ocrx_word' id='word_1_300' title='bbox 894 2374 1175 2438; x_wconf 87' lang='grc' dir='ltr'>Μωῦσέως</span> <span class='ocrx_word' id='word_1_301' title='bbox 1229 2374 1323 2427; x_wconf 91' lang='grc' dir='ltr'>τοῦ</span> <span class='ocrx_word' id='word_1_302' title='bbox 1355 2373 1495 2428; x_wconf 90' lang='grc' dir='ltr'>κατά</span> <span class='ocrx_word' id='word_1_303' title='bbox 1527 2374 1635 2446; x_wconf 81' lang='grc' dir='ltr'>τὴν</span> <span class='ocrx_word' id='word_1_304' title='bbox 1676 2374 1845 2442; x_wconf 80' lang='grc' dir='ltr'>Λίγυ-</span> 
     </span>
    </p>
   </div>
   <div class='ocr_carea' id='block_1_43' title="bbox 252 2457 1846 2528">
    <p class='ocr_par' dir='ltr' id='par_1_43' title="bbox 252 2457 1846 2528">
     <span class='ocr_line' id='line_1_43' title="bbox 252 2457 1846 2528; baseline 0.001 -19"><span class='ocrx_word' id='word_1_305' title='bbox 252 2475 391 2510; x_wconf 85' lang='grc' dir='ltr'>πτον</span> <span class='ocrx_word' id='word_1_306' title='bbox 413 2459 598 2527; x_wconf 85' lang='grc' dir='ltr'>φόνου,</span> <span class='ocrx_word' id='word_1_307' title='bbox 627 2459 711 2511; x_wconf 85' lang='grc' dir='ltr'>ὅτι</span> <span class='ocrx_word' id='word_1_308' title='bbox 736 2460 799 2511; x_wconf 89' lang='grc' dir='ltr'>Εί</span> <span class='ocrx_word' id='word_1_309' title='bbox 827 2458 904 2528; x_wconf 79' lang='grc' dir='ltr'>μὴ</span> <span class='ocrx_word' id='word_1_310' title='bbox 923 2458 1010 2511; x_wconf 87' lang='grc' dir='ltr'>διὰ</span> <span class='ocrx_word' id='word_1_311' title='bbox 1024 2458 1115 2511; x_wconf 85' lang='grc' dir='ltr'>τὸν</span> <span class='ocrx_word' id='word_1_312' title='bbox 1142 2457 1306 2526; x_wconf 86' lang='grc' dir='ltr'>φόϐον</span> <span class='ocrx_word' id='word_1_313' title='bbox 1322 2458 1417 2511; x_wconf 91' lang='grc' dir='ltr'>τοῦ</span> <span class='ocrx_word' id='word_1_314' title='bbox 1442 2459 1624 2527; x_wconf 84' lang='grc' dir='ltr'>φόνου,</span> <span class='ocrx_word' id='word_1_315' title='bbox 1655 2459 1755 2512; x_wconf 88' lang='grc' dir='ltr'>οὑκ</span> <span class='ocrx_word' id='word_1_316' title='bbox 1778 2458 1846 2511; x_wconf 81' lang='grc' dir='ltr'>ἂν</span> 
     </span>
    </p>
   </div>
   <div class='ocr_carea' id='block_1_44' title="bbox 252 2539 1847 2611">
    <p class='ocr_par' dir='ltr' id='par_1_44' title="bbox 252 2539 1847 2611">
     <span class='ocr_line' id='line_1_44' title="bbox 252 2539 1847 2611; baseline 0.003 -19"><span class='ocrx_word' id='word_1_317' title='bbox 252 2541 498 2610; x_wconf 80' lang='grc' dir='ltr'>Μωῦσῆς</span> <span class='ocrx_word' id='word_1_318' title='bbox 544 2539 751 2610; x_wconf 72' lang='grc' dir='ltr'>ἠξιώθη</span> <span class='ocrx_word' id='word_1_319' title='bbox 784 2540 886 2609; x_wconf 87' lang='grc' dir='ltr'>τῆς</span> <span class='ocrx_word' id='word_1_320' title='bbox 922 2543 1258 2611; x_wconf 88' lang='grc' dir='ltr'>Δεσποτικῆς</span> <span class='ocrx_word' id='word_1_321' title='bbox 1297 2539 1572 2605; x_wconf 87' lang='grc' dir='ltr'>θεοπτίας,</span> <span class='ocrx_word' id='word_1_322' title='bbox 1613 2543 1707 2595; x_wconf 78' lang='grc' dir='ltr'>καὶ</span> <span class='ocrx_word' id='word_1_323' title='bbox 1748 2542 1847 2611; x_wconf 81' lang='grc' dir='ltr'>τῆς</span> 
     </span>
    </p>
   </div>
   <div class='ocr_carea' id='block_1_45' title="bbox 252 2624 1847 2695">
    <p class='ocr_par' dir='ltr' id='par_1_45' title="bbox 252 2624 1847 2695">
     <span class='ocr_line' id='line_1_45' title="bbox 252 2624 1847 2695; baseline 0.003 -20"><span class='ocrx_word' id='word_1_324' title='bbox 252 2624 528 2692; x_wconf 86' lang='grc' dir='ltr'>τοσαύτης</span> <span class='ocrx_word' id='word_1_325' title='bbox 568 2624 799 2694; x_wconf 79' lang='grc' dir='ltr'>δωρεάς,</span> <span class='ocrx_word' id='word_1_326' title='bbox 854 2625 951 2677; x_wconf 78' lang='grc' dir='ltr'>καὶ</span> <span class='ocrx_word' id='word_1_327' title='bbox 1005 2624 1107 2694; x_wconf 89' lang='grc' dir='ltr'>τῆς</span> <span class='ocrx_word' id='word_1_328' title='bbox 1155 2626 1481 2695; x_wconf 83' lang='grc' dir='ltr'>συγγραφῆς</span> <span class='ocrx_word' id='word_1_329' title='bbox 1518 2626 1628 2678; x_wconf 87' lang='grc' dir='ltr'>τῶν</span> <span class='ocrx_word' id='word_1_330' title='bbox 1675 2625 1847 2693; x_wconf 88' lang='grc' dir='ltr'>ἀγίων</span> 
     </span>
    </p>
   </div>
   <div class='ocr_carea' id='block_1_46' title="bbox 252 2706 1844 2778">
    <p class='ocr_par' dir='ltr' id='par_1_46' title="bbox 252 2706 1844 2778">
     <span class='ocr_line' id='line_1_46' title="bbox 252 2706 1844 2778; baseline 0.003 -20"><span class='ocrx_word' id='word_1_331' title='bbox 252 2706 432 2773; x_wconf 90' lang='grc' dir='ltr'>λόγων</span> <span class='ocrx_word' id='word_1_332' title='bbox 458 2706 553 2759; x_wconf 93' lang='grc' dir='ltr'>τοῦ</span> <span class='ocrx_word' id='word_1_333' title='bbox 579 2706 918 2776; x_wconf 86' lang='grc' dir='ltr'>Πνεὺματος,</span> <span class='ocrx_word' id='word_1_334' title='bbox 952 2708 1001 2759; x_wconf 87' lang='grc' dir='ltr'>εί</span> <span class='ocrx_word' id='word_1_335' title='bbox 1040 2706 1119 2778; x_wconf 85' lang='grc' dir='ltr'>μὴ</span> <span class='ocrx_word' id='word_1_336' title='bbox 1144 2707 1221 2777; x_wconf 83' lang='grc' dir='ltr'>τῷ</span> <span class='ocrx_word' id='word_1_337' title='bbox 1253 2706 1363 2760; x_wconf 85' lang='grc' dir='ltr'>δέει</span> <span class='ocrx_word' id='word_1_338' title='bbox 1391 2706 1486 2760; x_wconf 86' lang='grc' dir='ltr'>τοῦ</span> <span class='ocrx_word' id='word_1_339' title='bbox 1503 2707 1705 2775; x_wconf 76' lang='grc' dir='ltr'>Φαραώ</span> <span class='ocrx_word' id='word_1_340' title='bbox 1729 2723 1743 2738; x_wconf 89' lang='grc'><strong>·</strong></span> <span class='ocrx_word' id='word_1_341' title='bbox 1774 2707 1844 2762; x_wconf 86' lang='grc' dir='ltr'>δι’</span> 
     </span>
    </p>
   </div>
   <div class='ocr_carea' id='block_1_47' title="bbox 252 2788 1843 2861">
    <p class='ocr_par' dir='ltr' id='par_1_47' title="bbox 252 2788 1843 2861">
     <span class='ocr_line' id='line_1_47' title="bbox 252 2788 1843 2861; baseline 0.002 -20"><span class='ocrx_word' id='word_1_342' title='bbox 252 2788 285 2841; x_wconf 83' lang='grc' dir='ltr'>δ</span> <span class='ocrx_word' id='word_1_343' title='bbox 308 2789 533 2859; x_wconf 74' lang='grc' dir='ltr'>ἔδρασεν</span> <span class='ocrx_word' id='word_1_344' title='bbox 558 2789 618 2857; x_wconf 84' lang='grc' dir='ltr'>ἐξ</span> <span class='ocrx_word' id='word_1_345' title='bbox 646 2788 945 2858; x_wconf 77' lang='grc' dir='ltr'>Αἰγύπτου,</span> <span class='ocrx_word' id='word_1_346' title='bbox 974 2790 1068 2841; x_wconf 77' lang='grc' dir='ltr'>καί</span> <span class='ocrx_word' id='word_1_347' title='bbox 1090 2788 1421 2859; x_wconf 82' lang='grc' dir='ltr'>κατείληφεν</span> <span class='ocrx_word' id='word_1_348' title='bbox 1440 2788 1501 2842; x_wconf 80' lang='grc' dir='ltr'>τὸ</span> <span class='ocrx_word' id='word_1_349' title='bbox 1521 2789 1649 2861; x_wconf 81' lang='grc' dir='ltr'>δρος</span> <span class='ocrx_word' id='word_1_350' title='bbox 1692 2791 1843 2845; x_wconf 80' lang='grc' dir='ltr'>Σινᾶ.</span> 
     </span>
    </p>
   </div>
   <div class='ocr_carea' id='block_1_48' title="bbox 254 2870 1843 2942">
    <p class='ocr_par' dir='ltr' id='par_1_48' title="bbox 254 2870 1843 2942">
     <span class='ocr_line' id='line_1_48' title="bbox 254 2870 1843 2942; baseline 0.003 -19"><span class='ocrx_word' id='word_1_351' title='bbox 254 2870 446 2934; x_wconf 80' lang='grc' dir='ltr'>Ταῦτα</span> <span class='ocrx_word' id='word_1_352' title='bbox 496 2872 554 2925; x_wconf 82' lang='grc' dir='ltr'>δέ</span> <span class='ocrx_word' id='word_1_353' title='bbox 583 2870 730 2939; x_wconf 91' lang='grc' dir='ltr'>λέγω</span> <span class='ocrx_word' id='word_1_354' title='bbox 792 2870 904 2939; x_wconf 88' lang='grc' dir='ltr'>ἐγὼ</span> <span class='ocrx_word' id='word_1_355' title='bbox 944 2872 1042 2942; x_wconf 87' lang='grc' dir='ltr'>οὑχ</span> <span class='ocrx_word' id='word_1_356' title='bbox 1078 2871 1339 2925; x_wconf 81' lang='grc' dir='ltr'>ὁδοποιῶν</span> <span class='ocrx_word' id='word_1_357' title='bbox 1371 2874 1453 2935; x_wconf 90' lang='grc' dir='ltr'>είς</span> <span class='ocrx_word' id='word_1_358' title='bbox 1487 2872 1647 2941; x_wconf 91' lang='grc' dir='ltr'>φόνον</span> <span class='ocrx_word' id='word_1_359' title='bbox 1700 2873 1843 2940; x_wconf 89' lang='grc' dir='ltr'>τινά,</span> 
     </span>
    </p>
   </div>
   <div class='ocr_carea' id='block_1_49' title="bbox 255 2953 1849 3025">
    <p class='ocr_par' dir='ltr' id='par_1_49' title="bbox 255 2953 1849 3025">
     <span class='ocr_line' id='line_1_49' title="bbox 255 2953 1849 3025; baseline 0.001 -17"><span class='ocrx_word' id='word_1_360' title='bbox 255 2953 395 3008; x_wconf 84' lang='grc' dir='ltr'>ἀλλά</span> <span class='ocrx_word' id='word_1_361' title='bbox 420 2953 621 3023; x_wconf 75' lang='grc' dir='ltr'>μᾶλλον</span> <span class='ocrx_word' id='word_1_362' title='bbox 644 2953 1037 3020; x_wconf 87' lang='grc' dir='ltr'>ὑποδεικνύων,</span> <span class='ocrx_word' id='word_1_363' title='bbox 1085 2955 1170 3009; x_wconf 89' lang='grc' dir='ltr'>ϐτι</span> <span class='ocrx_word' id='word_1_364' title='bbox 1200 2954 1311 3009; x_wconf 76' lang='grc' dir='ltr'>εἰσὶ</span> <span class='ocrx_word' id='word_1_365' title='bbox 1340 2956 1437 3009; x_wconf 84' lang='grc' dir='ltr'>καὶ</span> <span class='ocrx_word' id='word_1_366' title='bbox 1462 2956 1849 3025; x_wconf 87' lang='grc' dir='ltr'>περιστατικαί</span> 
     </span>
    </p>
   </div>
   <div class='ocr_carea' id='block_1_50' title="bbox 253 3036 1849 3113">
    <p class='ocr_par' dir='ltr' id='par_1_50' title="bbox 253 3036 1849 3113">
     <span class='ocr_line' id='line_1_50' title="bbox 253 3036 1849 3113; baseline -0.001 -20"><span class='ocrx_word' id='word_1_367' title='bbox 253 3036 479 3105; x_wconf 77' lang='grc' dir='ltr'>ἀρεταὶ,</span> <span class='ocrx_word' id='word_1_368' title='bbox 511 3037 642 3091; x_wconf 87' lang='grc' dir='ltr'>ϐταν</span> <span class='ocrx_word' id='word_1_369' title='bbox 698 3037 776 3109; x_wconf 77' lang='grc' dir='ltr'>μὴ</span> <span class='ocrx_word' id='word_1_370' title='bbox 831 3037 1062 3108; x_wconf 76' lang='grc' dir='ltr'>ἐκουσίᾳ</span> <span class='ocrx_word' id='word_1_371' title='bbox 1109 3037 1306 3113; x_wconf 77' lang='grc' dir='ltr'>γνώμῃ</span> <span class='ocrx_word' id='word_1_372' title='bbox 1379 3038 1460 3109; x_wconf 84' lang='grc' dir='ltr'>τῷ</span> <span class='ocrx_word' id='word_1_373' title='bbox 1525 3038 1715 3109; x_wconf 86' lang='grc' dir='ltr'>ἀγαθῷ</span> <span class='ocrx_word' id='word_1_374' title='bbox 1764 3056 1849 3102; x_wconf 88' lang='grc' dir='ltr'>τις</span> 
     </span>
    </p>
   </div>
   <div class='ocr_carea' id='block_1_51' title="bbox 257 3118 1849 3195">
    <p class='ocr_par' dir='ltr' id='par_1_51' title="bbox 257 3118 1849 3195">
     <span class='ocr_line' id='line_1_51' title="bbox 257 3118 1849 3195; baseline 0.003 -25"><span class='ocrx_word' id='word_1_375' title='bbox 257 3118 584 3190; x_wconf 78' lang='grc' dir='ltr'>προσελθεῖν</span> <span class='ocrx_word' id='word_1_376' title='bbox 635 3118 890 3193; x_wconf 80' lang='grc' dir='ltr'>βουληθῇ.</span> <span class='ocrx_word' id='word_1_377' title='bbox 927 3119 1051 3174; x_wconf 88' lang='grc' dir='ltr'>Τῶν</span> <span class='ocrx_word' id='word_1_378' title='bbox 1096 3120 1205 3190; x_wconf 81' lang='grc' dir='ltr'>γὰρ</span> <span class='ocrx_word' id='word_1_379' title='bbox 1254 3120 1467 3195; x_wconf 83' lang='grc' dir='ltr'>ἀρετῶν</span> <span class='ocrx_word' id='word_1_380' title='bbox 1514 3124 1571 3178; x_wconf 88' lang='grc' dir='ltr'>αἰ</span> <span class='ocrx_word' id='word_1_381' title='bbox 1602 3122 1711 3193; x_wconf 86' lang='grc' dir='ltr'>μέν</span> <span class='ocrx_word' id='word_1_382' title='bbox 1742 3123 1849 3176; x_wconf 90' lang='grc' dir='ltr'>εἰσι</span> 
     </span>
    </p>
   </div>
   <div class='ocr_carea' id='block_1_52' title="bbox 264 3203 1289 3277">
    <p class='ocr_par' dir='ltr' id='par_1_52' title="bbox 264 3203 1289 3277">
     <span class='ocr_line' id='line_1_52' title="bbox 264 3203 1289 3277; baseline 0.004 -22"><span class='ocrx_word' id='word_1_383' title='bbox 264 3204 679 3277; x_wconf 78' lang='grc' dir='ltr'>προαιρετικαὶ,</span> <span class='ocrx_word' id='word_1_384' title='bbox 711 3204 769 3259; x_wconf 87' lang='grc' dir='ltr'>αἰ</span> <span class='ocrx_word' id='word_1_385' title='bbox 793 3203 850 3258; x_wconf 83' lang='grc' dir='ltr'>δέ</span> <span class='ocrx_word' id='word_1_386' title='bbox 879 3203 1289 3276; x_wconf 86' lang='grc' dir='ltr'>περιστατικαί.</span> 
     </span>
    </p>
   </div>
   <div class='ocr_carea' id='block_1_53' title="bbox 856 3362 1261 3419">
    <p class='ocr_par' dir='ltr' id='par_1_53' title="bbox 856 3362 1261 3419">
     <span class='ocr_line' id='line_1_53' title="bbox 856 3362 1261 3419; baseline 0.002 -1"><span class='ocrx_word' id='word_1_387' title='bbox 856 3362 1110 3419; x_wconf 63' lang='grc' dir='ltr'>ΚΕΦΔΛ.</span> <span class='ocrx_word' id='word_1_388' title='bbox 1151 3364 1261 3419; x_wconf 76' lang='lat' dir='ltr'>IH&#39;.</span> 
     </span>
    </p>
   </div>
   <div class='ocr_carea' id='block_1_54' title="bbox 794 3470 1316 3542">
    <p class='ocr_par' dir='ltr' id='par_1_54' title="bbox 794 3470 1316 3542">
     <span class='ocr_line' id='line_1_54' title="bbox 794 3470 1316 3542; baseline 0.002 -15"><span class='ocrx_word' id='word_1_389' title='bbox 794 3470 934 3542; x_wconf 81' lang='grc' dir='ltr'>Περί</span> <span class='ocrx_word' id='word_1_390' title='bbox 964 3472 1316 3541; x_wconf 69' lang='grc' dir='ltr'>Ναθαναήλ.</span> 
     </span>
    </p>
   </div>
   <div class='ocr_carea' id='block_1_55' title="bbox 332 3613 1851 3685">
    <p class='ocr_par' dir='ltr' id='par_1_55' title="bbox 332 3613 1851 3685">
     <span class='ocr_line' id='line_1_55' title="bbox 332 3613 1851 3685; baseline -0.001 -17"><span class='ocrx_word' id='word_1_391' title='bbox 332 3614 560 3685; x_wconf 81' lang='grc' dir='ltr'>Ἕτερός</span> <span class='ocrx_word' id='word_1_392' title='bbox 604 3630 691 3677; x_wconf 84' lang='grc' dir='ltr'>τις</span> <span class='ocrx_word' id='word_1_393' title='bbox 724 3614 831 3666; x_wconf 88' lang='grc' dir='ltr'>τῶν</span> <span class='ocrx_word' id='word_1_394' title='bbox 867 3615 1039 3682; x_wconf 91' lang='grc' dir='ltr'>ἀγίων</span> <span class='ocrx_word' id='word_1_395' title='bbox 1062 3616 1286 3683; x_wconf 89' lang='grc' dir='ltr'>γέγονεν</span> <span class='ocrx_word' id='word_1_396' title='bbox 1313 3615 1422 3667; x_wconf 89' lang='grc' dir='ltr'>τῶν</span> <span class='ocrx_word' id='word_1_397' title='bbox 1465 3613 1713 3668; x_wconf 86' lang='grc' dir='ltr'>παλαιῶν</span> <span class='ocrx_word' id='word_1_398' title='bbox 1738 3614 1851 3683; x_wconf 58' lang='lat' dir='ltr'>ap;-</span> 
     </span>
    </p>
   </div>
   <div class='ocr_carea' id='block_1_56' title="bbox 264 3697 1839 3769">
    <p class='ocr_par' dir='ltr' id='par_1_56' title="bbox 264 3697 1839 3769">
     <span class='ocr_line' id='line_1_56' title="bbox 264 3697 1839 3769; baseline -0.001 -18"><span class='ocrx_word' id='word_1_399' title='bbox 264 3715 393 3761; x_wconf 77' lang='grc' dir='ltr'>στος</span> <span class='ocrx_word' id='word_1_400' title='bbox 417 3698 656 3769; x_wconf 79' lang='grc' dir='ltr'>ἀθλητὴς</span> <span class='ocrx_word' id='word_1_401' title='bbox 680 3698 776 3750; x_wconf 90' lang='grc' dir='ltr'>τοῦ</span> <span class='ocrx_word' id='word_1_402' title='bbox 806 3698 1068 3767; x_wconf 85' lang='grc' dir='ltr'>Χριστοῦ,</span> <span class='ocrx_word' id='word_1_403' title='bbox 1103 3699 1327 3768; x_wconf 89' lang='grc' dir='ltr'>όνόματι</span> <span class='ocrx_word' id='word_1_404' title='bbox 1357 3698 1673 3767; x_wconf 85' lang='grc' dir='ltr'>Ναθαναήλ.</span> <span class='ocrx_word' id='word_1_405' title='bbox 1703 3697 1839 3750; x_wconf 89' lang='grc' dir='ltr'>Τοῦ-</span> 
     </span>
    </p>
   </div>
   <div class='ocr_carea' id='block_1_57' title="bbox 259 3780 1846 3852">
    <p class='ocr_par' dir='ltr' id='par_1_57' title="bbox 259 3780 1846 3852">
     <span class='ocr_line' id='line_1_57' title="bbox 259 3780 1846 3852; baseline -0.003 -15"><span class='ocrx_word' id='word_1_406' title='bbox 259 3800 357 3838; x_wconf 82' lang='grc' dir='ltr'>τον</span> <span class='ocrx_word' id='word_1_407' title='bbox 409 3782 520 3849; x_wconf 88' lang='grc' dir='ltr'>ἐγὼ</span> <span class='ocrx_word' id='word_1_408' title='bbox 570 3782 629 3834; x_wconf 90' lang='grc' dir='ltr'>ἐν</span> <span class='ocrx_word' id='word_1_409' title='bbox 673 3781 836 3852; x_wconf 70' lang='grc' dir='ltr'>σαρκὶ</span> <span class='ocrx_word' id='word_1_410' title='bbox 884 3781 945 3833; x_wconf 89' lang='grc' dir='ltr'>οὑ</span> <span class='ocrx_word' id='word_1_411' title='bbox 991 3781 1335 3851; x_wconf 83' lang='grc' dir='ltr'>κατείληφα·</span> <span class='ocrx_word' id='word_1_412' title='bbox 1388 3781 1692 3851; x_wconf 88' lang='grc' dir='ltr'>κεκοίμητο</span> <span class='ocrx_word' id='word_1_413' title='bbox 1735 3780 1846 3851; x_wconf 78' lang='grc' dir='ltr'>γάρ</span> 
     </span>
    </p>
   </div>
   <div class='ocr_carea' id='block_1_58' title="bbox 261 3862 1849 3937">
    <p class='ocr_par' dir='ltr' id='par_1_58' title="bbox 261 3862 1849 3937">
     <span class='ocr_line' id='line_1_58' title="bbox 261 3862 1849 3937; baseline -0.003 -18"><span class='ocrx_word' id='word_1_414' title='bbox 261 3866 374 3937; x_wconf 82' lang='grc' dir='ltr'>πρὸ</span> <span class='ocrx_word' id='word_1_415' title='bbox 399 3865 496 3935; x_wconf 87' lang='grc' dir='ltr'>τῆς</span> <span class='ocrx_word' id='word_1_416' title='bbox 526 3865 667 3934; x_wconf 87' lang='grc' dir='ltr'>ἐμῆς</span> <span class='ocrx_word' id='word_1_417' title='bbox 720 3864 927 3916; x_wconf 88' lang='grc' dir='ltr'>εἰσόδου</span> <span class='ocrx_word' id='word_1_418' title='bbox 970 3865 1028 3916; x_wconf 89' lang='grc' dir='ltr'>ἐν</span> <span class='ocrx_word' id='word_1_419' title='bbox 1072 3863 1150 3934; x_wconf 86' lang='grc' dir='ltr'>τῷ</span> <span class='ocrx_word' id='word_1_420' title='bbox 1190 3863 1310 3929; x_wconf 74' lang='grc' dir='ltr'>ὅρει</span> <span class='ocrx_word' id='word_1_421' title='bbox 1364 3864 1473 3937; x_wconf 73' lang='grc' dir='ltr'>πρὸ</span> <span class='ocrx_word' id='word_1_422' title='bbox 1508 3863 1644 3916; x_wconf 89' lang='grc' dir='ltr'>ἐτῶν</span> <span class='ocrx_word' id='word_1_423' title='bbox 1696 3862 1849 3915; x_wconf 83' lang='grc' dir='ltr'>δεκα-</span> 
     </span>
    </p>
   </div>
   <div class='ocr_carea' id='block_1_59' title="bbox 260 3945 1850 4019">
    <p class='ocr_par' dir='ltr' id='par_1_59' title="bbox 260 3945 1850 4019">
     <span class='ocr_line' id='line_1_59' title="bbox 260 3945 1850 4019; baseline -0.003 -18"><span class='ocrx_word' id='word_1_424' title='bbox 260 3948 447 4001; x_wconf 83' lang='grc' dir='ltr'>πέντε.</span> <span class='ocrx_word' id='word_1_425' title='bbox 510 3947 638 4009; x_wconf 93' lang='grc' dir='ltr'>Τοῖς</span> <span class='ocrx_word' id='word_1_426' title='bbox 690 3946 747 3999; x_wconf 75' lang='grc' dir='ltr'>δὲ</span> <span class='ocrx_word' id='word_1_427' title='bbox 788 3947 1165 4017; x_wconf 81' lang='grc' dir='ltr'>συνασκήσασι</span> <span class='ocrx_word' id='word_1_428' title='bbox 1206 3946 1284 4019; x_wconf 87' lang='grc' dir='ltr'>τῷ</span> <span class='ocrx_word' id='word_1_429' title='bbox 1340 3948 1483 4018; x_wconf 84' lang='grc' dir='ltr'>ἁγίῳ</span> <span class='ocrx_word' id='word_1_430' title='bbox 1521 3946 1695 4017; x_wconf 83' lang='grc' dir='ltr'>τούτῳ</span> <span class='ocrx_word' id='word_1_431' title='bbox 1755 3945 1850 3998; x_wconf 80' lang='grc' dir='ltr'>καὶ</span> 
     </span>
    </p>
   </div>
   <div class='ocr_carea' id='block_1_60' title="bbox 264 4028 1849 4102">
    <p class='ocr_par' dir='ltr' id='par_1_60' title="bbox 264 4028 1849 4102">
     <span class='ocr_line' id='line_1_60' title="bbox 264 4028 1849 4102; baseline -0.004 -17"><span class='ocrx_word' id='word_1_432' title='bbox 264 4029 653 4102; x_wconf 82' lang='grc' dir='ltr'>συγχρονίσασι</span> <span class='ocrx_word' id='word_1_433' title='bbox 680 4028 1011 4099; x_wconf 80' lang='grc' dir='ltr'>περιτυχὼν,</span> <span class='ocrx_word' id='word_1_434' title='bbox 1058 4030 1401 4099; x_wconf 83' lang='grc' dir='ltr'>φιλοφρόνως</span> <span class='ocrx_word' id='word_1_435' title='bbox 1443 4028 1675 4099; x_wconf 72' lang='grc' dir='ltr'>ἠρώτων</span> <span class='ocrx_word' id='word_1_436' title='bbox 1719 4028 1849 4098; x_wconf 80' lang='grc' dir='ltr'>περὶ</span> 
     </span>
    </p>
   </div>
   <div class='ocr_carea' id='block_1_61' title="bbox 260 4110 1844 4187">
    <p class='ocr_par' dir='ltr' id='par_1_61' title="bbox 260 4110 1844 4187">
     <span class='ocr_line' id='line_1_61' title="bbox 260 4110 1844 4187; baseline -0.003 -21"><span class='ocrx_word' id='word_1_437' title='bbox 260 4114 363 4185; x_wconf 86' lang='grc' dir='ltr'>τῆς</span> <span class='ocrx_word' id='word_1_438' title='bbox 385 4112 479 4164; x_wconf 89' lang='grc' dir='ltr'>τοῦ</span> <span class='ocrx_word' id='word_1_439' title='bbox 512 4110 703 4187; x_wconf 81' lang='grc' dir='ltr'>ἀνδρὸς</span> <span class='ocrx_word' id='word_1_440' title='bbox 736 4113 959 4182; x_wconf 75' lang='grc' dir='ltr'>ἀρετῆς.</span> <span class='ocrx_word' id='word_1_441' title='bbox 994 4110 1244 4175; x_wconf 81' lang='grc' dir='ltr'>Ἕδειξαν</span> <span class='ocrx_word' id='word_1_442' title='bbox 1260 4111 1317 4163; x_wconf 87' lang='grc' dir='ltr'>δέ</span> <span class='ocrx_word' id='word_1_443' title='bbox 1337 4128 1428 4179; x_wconf 90' lang='grc' dir='ltr'>μοι</span> <span class='ocrx_word' id='word_1_444' title='bbox 1449 4110 1605 4165; x_wconf 73' lang='grc' dir='ltr'>αὐτοὶ</span> <span class='ocrx_word' id='word_1_445' title='bbox 1628 4112 1721 4164; x_wconf 78' lang='grc' dir='ltr'>καὶ</span> <span class='ocrx_word' id='word_1_446' title='bbox 1744 4112 1844 4178; x_wconf 79' lang='grc' dir='ltr'>τὴν</span> 
     </span>
    </p>
   </div>
   <div class='ocr_carea' id='block_1_62' title="bbox 265 4194 1847 4268">
    <p class='ocr_par' dir='ltr' id='par_1_62' title="bbox 265 4194 1847 4268">
     <span class='ocr_line' id='line_1_62' title="bbox 265 4194 1847 4268; baseline -0.003 -19"><span class='ocrx_word' id='word_1_447' title='bbox 265 4196 487 4259; x_wconf 84' lang='grc' dir='ltr'>κέλλαν,</span> <span class='ocrx_word' id='word_1_448' title='bbox 520 4196 598 4257; x_wconf 90' lang='grc' dir='ltr'>εἰς</span> <span class='ocrx_word' id='word_1_449' title='bbox 626 4195 693 4268; x_wconf 76' lang='grc' dir='ltr'>ήν</span> <span class='ocrx_word' id='word_1_450' title='bbox 718 4194 851 4265; x_wconf 73' lang='grc' dir='ltr'>ᾤκει</span> <span class='ocrx_word' id='word_1_451' title='bbox 885 4212 982 4265; x_wconf 81' lang='grc' dir='ltr'>μεν</span> <span class='ocrx_word' id='word_1_452' title='bbox 1003 4196 1186 4248; x_wconf 83' lang='grc' dir='ltr'>οὐκέτι</span> <span class='ocrx_word' id='word_1_453' title='bbox 1233 4195 1409 4257; x_wconf 83' lang='grc' dir='ltr'>οὑδείς</span> <span class='ocrx_word' id='word_1_454' title='bbox 1458 4194 1548 4247; x_wconf 85' lang='grc' dir='ltr'>διὰ</span> <span class='ocrx_word' id='word_1_455' title='bbox 1576 4195 1638 4246; x_wconf 82' lang='grc' dir='ltr'>τὸ</span> <span class='ocrx_word' id='word_1_456' title='bbox 1679 4196 1847 4261; x_wconf 64' lang='grc' dir='ltr'>ἐγγυς</span> 
     </span>
    </p>
   </div>
   <div class='ocr_carea' id='block_1_63' title="bbox 262 4274 1849 4349">
    <p class='ocr_par' dir='ltr' id='par_1_63' title="bbox 262 4274 1849 4349">
     <span class='ocr_line' id='line_1_63' title="bbox 262 4274 1849 4349; baseline -0.002 -18"><span class='ocrx_word' id='word_1_457' title='bbox 262 4281 410 4349; x_wconf 83' lang='grc' dir='ltr'>τέρω</span> <span class='ocrx_word' id='word_1_458' title='bbox 435 4274 577 4331; x_wconf 78' lang='grc' dir='ltr'>εἶναι</span> <span class='ocrx_word' id='word_1_459' title='bbox 609 4282 707 4349; x_wconf 82' lang='grc' dir='ltr'>τῆς</span> <span class='ocrx_word' id='word_1_460' title='bbox 731 4280 1076 4349; x_wconf 85' lang='grc' dir='ltr'>οἰκουμένης.</span> <span class='ocrx_word' id='word_1_461' title='bbox 1118 4279 1355 4341; x_wconf 88' lang='grc' dir='ltr'>Ἐκεῖνος</span> <span class='ocrx_word' id='word_1_462' title='bbox 1378 4277 1487 4348; x_wconf 82' lang='grc' dir='ltr'>γάρ</span> <span class='ocrx_word' id='word_1_463' title='bbox 1519 4279 1547 4330; x_wconf 92' lang='lat'>6</span> <span class='ocrx_word' id='word_1_464' title='bbox 1576 4278 1849 4346; x_wconf 75' lang='grc' dir='ltr'>μακάριος</span> 
     </span>
    </p>
   </div>
   <div class='ocr_carea' id='block_1_64' title="bbox 262 4358 1841 4433">
    <p class='ocr_par' dir='ltr' id='par_1_64' title="bbox 262 4358 1841 4433">
     <span class='ocr_line' id='line_1_64' title="bbox 262 4358 1841 4433; baseline -0.001 -19"><span class='ocrx_word' id='word_1_465' title='bbox 262 4363 386 4414; x_wconf 86' lang='grc' dir='ltr'>τότε</span> <span class='ocrx_word' id='word_1_466' title='bbox 410 4360 580 4430; x_wconf 83' lang='grc' dir='ltr'>αὑτὴν</span> <span class='ocrx_word' id='word_1_467' title='bbox 598 4360 811 4413; x_wconf 74' lang='grc' dir='ltr'>ἔκτισεν</span> <span class='ocrx_word' id='word_1_468' title='bbox 845 4362 935 4414; x_wconf 82' lang='grc' dir='ltr'>ὅτε</span> <span class='ocrx_word' id='word_1_469' title='bbox 963 4364 1181 4416; x_wconf 89' lang='grc' dir='ltr'>σπάνιοι</span> <span class='ocrx_word' id='word_1_470' title='bbox 1208 4358 1351 4433; x_wconf 79' lang='grc' dir='ltr'>ἦσαν</span> <span class='ocrx_word' id='word_1_471' title='bbox 1385 4362 1435 4413; x_wconf 87' lang='grc' dir='ltr'>οἰ</span> <span class='ocrx_word' id='word_1_472' title='bbox 1470 4362 1841 4431; x_wconf 83' lang='grc' dir='ltr'>ἀναχωρηταί.</span> 
     </span>
    </p>
   </div>
   <div class='ocr_carea' id='block_1_65' title="bbox 264 4442 1849 4518">
    <p class='ocr_par' dir='ltr' id='par_1_65' title="bbox 264 4442 1849 4518">
     <span class='ocr_line' id='line_1_65' title="bbox 264 4442 1849 4518; baseline -0.003 -20"><span class='ocrx_word' id='word_1_473' title='bbox 264 4443 565 4514; x_wconf 85' lang='grc' dir='ltr'>Διηγοῦντο</span> <span class='ocrx_word' id='word_1_474' title='bbox 599 4444 656 4497; x_wconf 80' lang='grc' dir='ltr'>δέ</span> <span class='ocrx_word' id='word_1_475' title='bbox 704 4462 792 4515; x_wconf 90' lang='grc' dir='ltr'>μοι</span> <span class='ocrx_word' id='word_1_476' title='bbox 839 4444 997 4498; x_wconf 85' lang='grc' dir='ltr'>τοῦτο</span> <span class='ocrx_word' id='word_1_477' title='bbox 1040 4446 1169 4518; x_wconf 76' lang='grc' dir='ltr'>περὶ</span> <span class='ocrx_word' id='word_1_478' title='bbox 1209 4442 1374 4499; x_wconf 79' lang='grc' dir='ltr'>αὑτοῦ</span> <span class='ocrx_word' id='word_1_479' title='bbox 1430 4443 1707 4515; x_wconf 75' lang='grc' dir='ltr'>ἐξαίρετον</span> <span class='ocrx_word' id='word_1_480' title='bbox 1749 4445 1849 4514; x_wconf 86' lang='grc' dir='ltr'>τῆς</span> 
     </span>
    </p>
   </div>
   <div class='ocr_carea' id='block_1_66' title="bbox 264 4527 1843 4600">
    <p class='ocr_par' dir='ltr' id='par_1_66' title="bbox 264 4527 1843 4600">
     <span class='ocr_line' id='line_1_66' title="bbox 264 4527 1843 4600; baseline -0.004 -17"><span class='ocrx_word' id='word_1_481' title='bbox 264 4530 577 4598; x_wconf 84' lang='grc' dir='ltr'>ἀσκήσεως·</span> <span class='ocrx_word' id='word_1_482' title='bbox 600 4529 961 4599; x_wconf 85' lang='grc' dir='ltr'>ὄτιτοσαύτην</span> <span class='ocrx_word' id='word_1_483' title='bbox 980 4529 1135 4600; x_wconf 70' lang='grc' dir='ltr'>ἔσχεν</span> <span class='ocrx_word' id='word_1_484' title='bbox 1153 4531 1363 4599; x_wconf 91' lang='grc' dir='ltr'>ὑπομον</span> <span class='ocrx_word' id='word_1_485' title='bbox 1374 4528 1431 4600; x_wconf 70' lang='grc' dir='ltr'>ὴν</span> <span class='ocrx_word' id='word_1_486' title='bbox 1454 4532 1510 4582; x_wconf 83' lang='grc' dir='ltr'>ἐν</span> <span class='ocrx_word' id='word_1_487' title='bbox 1532 4529 1608 4595; x_wconf 85' lang='grc' dir='ltr'>τῷ</span> <span class='ocrx_word' id='word_1_488' title='bbox 1627 4527 1843 4598; x_wconf 79' lang='grc' dir='ltr'>κελλίῳ,</span> 
     </span>
    </p>
   </div>
   <div class='ocr_carea' id='block_1_67' title="bbox 265 4582 1930 4683">
    <p class='ocr_par' dir='ltr' id='par_1_67' title="bbox 265 4582 1930 4683">
     <span class='ocr_line' id='line_1_67' title="bbox 265 4582 1930 4683; baseline -0.003 -16"><span class='ocrx_word' id='word_1_489' title='bbox 490 4582 822 4680; x_wconf 78' lang='grc' dir='ltr'>σάλευθῆναί</span> <span class='ocrx_word' id='word_1_490' title='bbox 857 4582 987 4665; x_wconf 81' lang='grc' dir='ltr'>πότε</span> <span class='ocrx_word' id='word_1_491' title='bbox 1015 4582 1207 4666; x_wconf 56' lang='grc' dir='ltr'>τ’όῦτον</span> <span class='ocrx_word' id='word_1_492' title='bbox 1228 4582 1337 4668; x_wconf 64' lang='grc' dir='ltr'>ἀπὸ</span> <span class='ocrx_word' id='word_1_493' title='bbox 1370 4582 1471 4683; x_wconf 69' lang='grc' dir='ltr'>τῆς</span> <span class='ocrx_word' id='word_1_494' title='bbox 1505 4582 1847 4683; x_wconf 58' lang='grc' dir='ltr'>προθέσεωςί</span> <span class='ocrx_word' id='word_1_495' title='bbox 1877 4586 1930 4645; x_wconf 80' lang='lat' dir='ltr'><strong>D</strong></span> 
     </span>
    </p>
   </div>
   <div class='ocr_carea' id='block_1_68' title="bbox 264 4689 1850 4767">
    <p class='ocr_par' dir='ltr' id='par_1_68' title="bbox 264 4689 1850 4767">
     <span class='ocr_line' id='line_1_68' title="bbox 264 4689 1850 4767; baseline -0.002 -18"><span class='ocrx_word' id='word_1_496' title='bbox 264 4697 324 4749; x_wconf 81' lang='grc' dir='ltr'>ἐν</span> <span class='ocrx_word' id='word_1_497' title='bbox 355 4689 437 4759; x_wconf 79' lang='grc' dir='ltr'>οἷς</span> <span class='ocrx_word' id='word_1_498' title='bbox 459 4695 784 4766; x_wconf 65' lang='grc' dir='ltr'>ἐμωιχθείς</span> <span class='ocrx_word' id='word_1_499' title='bbox 804 4698 927 4749; x_wconf 78' lang='grc' dir='ltr'>κατ’</span> <span class='ocrx_word' id='word_1_500' title='bbox 953 4698 1126 4767; x_wconf 82' lang='grc' dir='ltr'>ἀρχὰς</span> <span class='ocrx_word' id='word_1_501' title='bbox 1148 4698 1299 4767; x_wconf 89' lang='grc' dir='ltr'>παρά</span> <span class='ocrx_word' id='word_1_502' title='bbox 1322 4696 1417 4749; x_wconf 92' lang='grc' dir='ltr'>τοῦ</span> <span class='ocrx_word' id='word_1_503' title='bbox 1447 4697 1616 4747; x_wconf 77' lang='grc' dir='ltr'>πᾶσιν</span> <span class='ocrx_word' id='word_1_504' title='bbox 1645 4695 1850 4765; x_wconf 89' lang='grc' dir='ltr'>ἐμπαί-</span> 
     </span>
    </p>
   </div>
   <div class='ocr_carea' id='block_1_69' title="bbox 265 4778 1851 4848">
    <p class='ocr_par' dir='ltr' id='par_1_69' title="bbox 265 4778 1851 4848">
     <span class='ocr_line' id='line_1_69' title="bbox 265 4778 1851 4848; baseline -0.001 -17"><span class='ocrx_word' id='word_1_505' title='bbox 265 4779 450 4842; x_wconf 77' lang='grc' dir='ltr'>ζοντος</span> <span class='ocrx_word' id='word_1_506' title='bbox 464 4779 560 4831; x_wconf 72' lang='grc' dir='ltr'>καὶ</span> <span class='ocrx_word' id='word_1_507' title='bbox 576 4780 895 4841; x_wconf 81' lang='grc' dir='ltr'>ἀπατῶντος</span> <span class='ocrx_word' id='word_1_508' title='bbox 918 4779 1192 4847; x_wconf 86' lang='grc' dir='ltr'>δαίμονος,</span> <span class='ocrx_word' id='word_1_509' title='bbox 1207 4779 1301 4833; x_wconf 85' lang='grc' dir='ltr'>τοῦ</span> <span class='ocrx_word' id='word_1_510' title='bbox 1318 4781 1411 4832; x_wconf 78' lang='grc' dir='ltr'>καὶ</span> <span class='ocrx_word' id='word_1_511' title='bbox 1424 4778 1610 4832; x_wconf 91' lang='grc' dir='ltr'>τοῦτον</span> <span class='ocrx_word' id='word_1_512' title='bbox 1630 4781 1695 4848; x_wconf 82' lang='grc' dir='ltr'>τῇ</span> <span class='ocrx_word' id='word_1_513' title='bbox 1716 4780 1851 4848; x_wconf 86' lang='grc' dir='ltr'>ἀκη-</span> 
     </span>
    </p>
   </div>
   <div class='ocr_carea' id='block_1_70' title="bbox 262 4862 1851 4935">
    <p class='ocr_par' dir='ltr' id='par_1_70' title="bbox 262 4862 1851 4935">
     <span class='ocr_line' id='line_1_70' title="bbox 262 4862 1851 4935; baseline 0 -20"><span class='ocrx_word' id='word_1_514' title='bbox 262 4862 355 4933; x_wconf 74' lang='grc' dir='ltr'>δίᾳ</span> <span class='ocrx_word' id='word_1_515' title='bbox 380 4862 787 4931; x_wconf 81' lang='grc' dir='ltr'>περιϐαλόντος,</span> <span class='ocrx_word' id='word_1_516' title='bbox 818 4864 1026 4935; x_wconf 81' lang='grc' dir='ltr'>καὶτῆς</span> <span class='ocrx_word' id='word_1_517' title='bbox 1058 4864 1254 4935; x_wconf 84' lang='grc' dir='ltr'>κέλλης</span> <span class='ocrx_word' id='word_1_518' title='bbox 1288 4865 1449 4918; x_wconf 83' lang='grc' dir='ltr'>αὑτὸν</span> <span class='ocrx_word' id='word_1_519' title='bbox 1475 4863 1851 4929; x_wconf 79' lang='grc' dir='ltr'>ἐξελάσαντος.</span> 
     </span>
    </p>
   </div>
   <div class='ocr_carea' id='block_1_71' title="bbox 274 4946 1854 5021">
    <p class='ocr_par' dir='ltr' id='par_1_71' title="bbox 274 4946 1854 5021">
     <span class='ocr_line' id='line_1_71' title="bbox 274 4946 1854 5021; baseline 0 -22"><span class='ocrx_word' id='word_1_520' title='bbox 274 4946 498 5009; x_wconf 72' lang='grc' dir='ltr'>Ἐδοξεν</span> <span class='ocrx_word' id='word_1_521' title='bbox 530 4946 639 5018; x_wconf 86' lang='grc' dir='ltr'>γὰρ</span> <span class='ocrx_word' id='word_1_522' title='bbox 663 4947 897 5021; x_wconf 77' lang='grc' dir='ltr'>ἀκηδιᾷν</span> <span class='ocrx_word' id='word_1_523' title='bbox 920 4948 999 5010; x_wconf 88' lang='grc' dir='ltr'>είς</span> <span class='ocrx_word' id='word_1_524' title='bbox 1049 4948 1148 5018; x_wconf 79' lang='grc' dir='ltr'>τὴν</span> <span class='ocrx_word' id='word_1_525' title='bbox 1186 4946 1412 5017; x_wconf 74' lang='grc' dir='ltr'>πρώτην</span> <span class='ocrx_word' id='word_1_526' title='bbox 1438 4947 1654 4999; x_wconf 84' lang='grc' dir='ltr'>κέλλαν.</span> <span class='ocrx_word' id='word_1_527' title='bbox 1700 4948 1854 5003; x_wconf 71' lang='grc' dir='ltr'>Ἀνα-</span> 
     </span>
    </p>
   </div>
   <div class='ocr_carea' id='block_1_72' title="bbox 270 5027 1852 5104">
    <p class='ocr_par' dir='ltr' id='par_1_72' title="bbox 270 5027 1852 5104">
     <span class='ocr_line' id='line_1_72' title="bbox 270 5027 1852 5104; baseline -0.003 -21"><span class='ocrx_word' id='word_1_528' title='bbox 270 5031 525 5101; x_wconf 81' lang='grc' dir='ltr'>χωρήσας</span> <span class='ocrx_word' id='word_1_529' title='bbox 554 5030 769 5104; x_wconf 89' lang='grc' dir='ltr'>ἐκείνης</span> <span class='ocrx_word' id='word_1_530' title='bbox 807 5029 1059 5083; x_wconf 86' lang='grc' dir='ltr'>ἀπελθὼν</span> <span class='ocrx_word' id='word_1_531' title='bbox 1107 5031 1276 5099; x_wconf 87' lang='grc' dir='ltr'>ἀλλην</span> <span class='ocrx_word' id='word_1_532' title='bbox 1302 5033 1516 5083; x_wconf 74' lang='grc' dir='ltr'>ἔκτισεν</span> <span class='ocrx_word' id='word_1_533' title='bbox 1548 5027 1852 5098; x_wconf 86' lang='grc' dir='ltr'>πλησιώτε-</span> 
     </span>
    </p>
   </div>
   <div class='ocr_carea' id='block_1_73' title="bbox 271 5110 1855 5187">
    <p class='ocr_par' dir='ltr' id='par_1_73' title="bbox 271 5110 1855 5187">
     <span class='ocr_line' id='line_1_73' title="bbox 271 5110 1855 5187; baseline 0.001 -26"><span class='ocrx_word' id='word_1_534' title='bbox 271 5127 362 5187; x_wconf 76' lang='grc' dir='ltr'>ρον</span> <span class='ocrx_word' id='word_1_535' title='bbox 397 5112 612 5184; x_wconf 86' lang='grc' dir='ltr'>κώμης.</span> <span class='ocrx_word' id='word_1_536' title='bbox 639 5115 795 5169; x_wconf 85' lang='grc' dir='ltr'>Μετά</span> <span class='ocrx_word' id='word_1_537' title='bbox 822 5110 915 5168; x_wconf 86' lang='grc' dir='ltr'>οὗν</span> <span class='ocrx_word' id='word_1_538' title='bbox 942 5115 1005 5168; x_wconf 79' lang='grc' dir='ltr'>τὸ</span> <span class='ocrx_word' id='word_1_539' title='bbox 1034 5115 1386 5185; x_wconf 64' lang='grc' dir='ltr'>τελέσαιιτὴν</span> <span class='ocrx_word' id='word_1_540' title='bbox 1409 5114 1625 5175; x_wconf 68' lang='grc' dir='ltr'>κόλλαν,</span> <span class='ocrx_word' id='word_1_541' title='bbox 1662 5114 1757 5167; x_wconf 75' lang='grc' dir='ltr'>καὶ</span> <span class='ocrx_word' id='word_1_542' title='bbox 1795 5113 1855 5163; x_wconf 87' lang='grc' dir='ltr'>ἐν</span> 
     </span>
    </p>
   </div>
   <div class='ocr_carea' id='block_1_74' title="bbox 269 5196 1855 5269">
    <p class='ocr_par' dir='ltr' id='par_1_74' title="bbox 269 5196 1855 5269">
     <span class='ocr_line' id='line_1_74' title="bbox 269 5196 1855 5269; baseline -0.001 -21"><span class='ocrx_word' id='word_1_543' title='bbox 269 5197 407 5266; x_wconf 79' lang='grc' dir='ltr'>αὑτῇ</span> <span class='ocrx_word' id='word_1_544' title='bbox 443 5196 685 5265; x_wconf 80' lang='grc' dir='ltr'>οἰκῆσαι,</span> <span class='ocrx_word' id='word_1_545' title='bbox 718 5199 857 5266; x_wconf 88' lang='grc' dir='ltr'>μετά</span> <span class='ocrx_word' id='word_1_546' title='bbox 879 5200 1029 5269; x_wconf 84' lang='grc' dir='ltr'>τρεῖς</span> <span class='ocrx_word' id='word_1_547' title='bbox 1056 5198 1230 5269; x_wconf 89' lang='grc' dir='ltr'>μῆνας</span> <span class='ocrx_word' id='word_1_548' title='bbox 1264 5198 1296 5265; x_wconf 79' lang='grc' dir='ltr'>ἢ</span> <span class='ocrx_word' id='word_1_549' title='bbox 1346 5198 1641 5266; x_wconf 89' lang='grc' dir='ltr'>τέσσαρας,</span> <span class='ocrx_word' id='word_1_550' title='bbox 1677 5212 1855 5267; x_wconf 83' lang='grc' dir='ltr'>παρα-</span> 
     </span>
    </p>
   </div>
   <div class='ocr_carea' id='block_1_75' title="bbox 267 5280 1853 5353">
    <p class='ocr_par' dir='ltr' id='par_1_75' title="bbox 267 5280 1853 5353">
     <span class='ocr_line' id='line_1_75' title="bbox 267 5280 1853 5353; baseline 0.001 -22"><span class='ocrx_word' id='word_1_551' title='bbox 267 5281 477 5349; x_wconf 77' lang='grc' dir='ltr'>γίνεται</span> <span class='ocrx_word' id='word_1_552' title='bbox 506 5283 533 5333; x_wconf 92' lang='lat'>6</span> <span class='ocrx_word' id='word_1_553' title='bbox 553 5282 764 5353; x_wconf 90' lang='grc' dir='ltr'>δαίμων</span> <span class='ocrx_word' id='word_1_554' title='bbox 795 5285 852 5335; x_wconf 86' lang='grc' dir='ltr'>ἐν</span> <span class='ocrx_word' id='word_1_555' title='bbox 910 5285 1086 5349; x_wconf 79' lang='grc' dir='ltr'>νυκτὶ,</span> <span class='ocrx_word' id='word_1_556' title='bbox 1128 5283 1365 5353; x_wconf 91' lang='grc' dir='ltr'>ταυρέαν</span> <span class='ocrx_word' id='word_1_557' title='bbox 1389 5282 1632 5351; x_wconf 83' lang='grc' dir='ltr'>κατέχων</span> <span class='ocrx_word' id='word_1_558' title='bbox 1667 5280 1853 5351; x_wconf 83' lang='grc' dir='ltr'>ὥσπερ</span> 
     </span>
    </p>
   </div>
   <div class='ocr_carea' id='block_1_76' title="bbox 266 5365 1850 5439">
    <p class='ocr_par' dir='ltr' id='par_1_76' title="bbox 266 5365 1850 5439">
     <span class='ocr_line' id='line_1_76' title="bbox 266 5365 1850 5439; baseline 0.001 -22"><span class='ocrx_word' id='word_1_559' title='bbox 266 5366 318 5418; x_wconf 92' lang='grc' dir='ltr'>οί</span> <span class='ocrx_word' id='word_1_560' title='bbox 358 5365 564 5436; x_wconf 81' lang='grc' dir='ltr'>δήμιοι,</span> <span class='ocrx_word' id='word_1_561' title='bbox 611 5367 795 5435; x_wconf 87' lang='grc' dir='ltr'>σχῆμα</span> <span class='ocrx_word' id='word_1_562' title='bbox 832 5367 971 5437; x_wconf 74' lang='grc' dir='ltr'>ἔχων</span> <span class='ocrx_word' id='word_1_563' title='bbox 1012 5367 1343 5439; x_wconf 88' lang='grc' dir='ltr'>στρατιώτου</span> <span class='ocrx_word' id='word_1_564' title='bbox 1392 5366 1850 5436; x_wconf 80' lang='grc' dir='ltr'>ῥακοδυτοῦντος,</span> 
     </span>
    </p>
   </div>
   <div class='ocr_carea' id='block_1_77' title="bbox 267 5448 1856 5524">
    <p class='ocr_par' dir='ltr' id='par_1_77' title="bbox 267 5448 1856 5524">
     <span class='ocr_line' id='line_1_77' title="bbox 267 5448 1856 5524; baseline 0.001 -24"><span class='ocrx_word' id='word_1_565' title='bbox 267 5448 476 5518; x_wconf 81' lang='grc' dir='ltr'>ψόφους</span> <span class='ocrx_word' id='word_1_566' title='bbox 504 5450 868 5521; x_wconf 77' lang='grc' dir='ltr'>ἐργαζόμενος</span> <span class='ocrx_word' id='word_1_567' title='bbox 900 5454 964 5521; x_wconf 86' lang='grc' dir='ltr'>τῆ</span> <span class='ocrx_word' id='word_1_568' title='bbox 998 5452 1226 5524; x_wconf 77' lang='grc' dir='ltr'>ταυρέα.</span> <span class='ocrx_word' id='word_1_569' title='bbox 1263 5451 1403 5521; x_wconf 72' lang='grc' dir='ltr'>Πρὸς</span> <span class='ocrx_word' id='word_1_570' title='bbox 1444 5450 1504 5503; x_wconf 84' lang='grc' dir='ltr'>δν</span> <span class='ocrx_word' id='word_1_571' title='bbox 1556 5450 1856 5521; x_wconf 87' lang='grc' dir='ltr'>ἀχθόμενος</span> 
     </span>
    </p>
   </div>
   <div class='ocr_carea' id='block_1_78' title="bbox 271 5532 1855 5605">
    <p class='ocr_par' dir='ltr' id='par_1_78' title="bbox 271 5532 1855 5605">
     <span class='ocr_line' id='line_1_78' title="bbox 271 5532 1855 5605; baseline 0.002 -19"><span class='ocrx_word' id='word_1_572' title='bbox 271 5534 456 5601; x_wconf 76' lang='grc' dir='ltr'>ἐλεγεν</span> <span class='ocrx_word' id='word_1_573' title='bbox 486 5536 514 5585; x_wconf 91' lang='lat'>6</span> <span class='ocrx_word' id='word_1_574' title='bbox 541 5536 811 5603; x_wconf 88' lang='grc' dir='ltr'>μακάριος</span> <span class='ocrx_word' id='word_1_575' title='bbox 849 5535 1163 5604; x_wconf 79' lang='grc' dir='ltr'>Ναθαναὴλ,</span> <span class='ocrx_word' id='word_1_576' title='bbox 1213 5535 1387 5601; x_wconf 86' lang='grc' dir='ltr'>λέγων</span> <span class='ocrx_word' id='word_1_577' title='bbox 1438 5534 1586 5605; x_wconf 78' lang='grc' dir='ltr'>αύτῷ</span> <span class='ocrx_word' id='word_1_578' title='bbox 1615 5549 1628 5563; x_wconf 89' lang='grc'><strong>·</strong></span> <span class='ocrx_word' id='word_1_579' title='bbox 1658 5535 1754 5598; x_wconf 85' lang='grc' dir='ltr'>Τίς</span> <span class='ocrx_word' id='word_1_580' title='bbox 1807 5532 1855 5589; x_wconf 81' lang='grc' dir='ltr'>εί</span> 
     </span>
    </p>
   </div>
   <div class='ocr_carea' id='block_1_79' title="bbox 273 5618 1857 5690">
    <p class='ocr_par' dir='ltr' id='par_1_79' title="bbox 273 5618 1857 5690">
     <span class='ocr_line' id='line_1_79' title="bbox 273 5618 1857 5690; baseline 0.001 -19"><span class='ocrx_word' id='word_1_581' title='bbox 273 5620 361 5679; x_wconf 75' lang='grc' dir='ltr'>σὺ,</span> <span class='ocrx_word' id='word_1_582' title='bbox 388 5618 470 5669; x_wconf 82' lang='grc' dir='ltr'>ὅτι</span> <span class='ocrx_word' id='word_1_583' title='bbox 506 5618 679 5671; x_wconf 89' lang='grc' dir='ltr'>ταῦτα</span> <span class='ocrx_word' id='word_1_584' title='bbox 712 5618 844 5689; x_wconf 71' lang='grc' dir='ltr'>δρᾷς</span> <span class='ocrx_word' id='word_1_585' title='bbox 875 5620 933 5671; x_wconf 89' lang='grc' dir='ltr'>ἐν</span> <span class='ocrx_word' id='word_1_586' title='bbox 964 5622 1027 5689; x_wconf 76' lang='grc' dir='ltr'>τῇ</span> <span class='ocrx_word' id='word_1_587' title='bbox 1060 5620 1167 5690; x_wconf 79' lang='grc' dir='ltr'>ἐμῇ</span> <span class='ocrx_word' id='word_1_588' title='bbox 1208 5618 1392 5688; x_wconf 76' lang='grc' dir='ltr'>ξενίας</span> <span class='ocrx_word' id='word_1_589' title='bbox 1447 5619 1505 5671; x_wconf 89' lang='grc'>’0</span> <span class='ocrx_word' id='word_1_590' title='bbox 1555 5618 1611 5671; x_wconf 81' lang='grc' dir='ltr'>δέ</span> <span class='ocrx_word' id='word_1_591' title='bbox 1649 5618 1857 5690; x_wconf 87' lang='grc' dir='ltr'>δαίμων</span> 
     </span>
    </p>
   </div>
   <div class='ocr_carea' id='block_1_80' title="bbox 274 5700 1856 5772">
    <p class='ocr_par' dir='ltr' id='par_1_80' title="bbox 274 5700 1856 5772">
     <span class='ocr_line' id='line_1_80' title="bbox 274 5700 1856 5772; baseline 0.009 -19"><span class='ocrx_word' id='word_1_592' title='bbox 274 5700 641 5769; x_wconf 77' lang='grc' dir='ltr'>ἀπεκρίνετο·</span> <span class='ocrx_word' id='word_1_593' title='bbox 686 5702 827 5768; x_wconf 85' lang='grc' dir='ltr'>Ἐγώ</span> <span class='ocrx_word' id='word_1_594' title='bbox 857 5719 950 5772; x_wconf 86' lang='grc' dir='ltr'>εμι</span> <span class='ocrx_word' id='word_1_595' title='bbox 983 5704 1010 5755; x_wconf 93' lang='lat'>6</span> <span class='ocrx_word' id='word_1_596' title='bbox 1046 5704 1139 5754; x_wconf 72' lang='grc' dir='ltr'>καὶ</span> <span class='ocrx_word' id='word_1_597' title='bbox 1183 5702 1247 5753; x_wconf 79' lang='grc' dir='ltr'>ἐκ</span> <span class='ocrx_word' id='word_1_598' title='bbox 1277 5701 1375 5768; x_wconf 77' lang='grc' dir='ltr'>τῆς</span> <span class='ocrx_word' id='word_1_599' title='bbox 1404 5700 1627 5771; x_wconf 80' lang='grc' dir='ltr'>πρώτης</span> <span class='ocrx_word' id='word_1_600' title='bbox 1658 5701 1856 5772; x_wconf 76' lang='grc' dir='ltr'>κέλλης</span> 
     </span>
    </p>
   </div>
   <div class='ocr_carea' id='block_1_81' title="bbox 273 5782 1859 5855">
    <p class='ocr_par' dir='ltr' id='par_1_81' title="bbox 273 5782 1859 5855">
     <span class='ocr_line' id='line_1_81' title="bbox 273 5782 1859 5855; baseline 0.003 -20"><span class='ocrx_word' id='word_1_601' title='bbox 273 5784 471 5848; x_wconf 81' lang='grc' dir='ltr'>ἐλάσας</span> <span class='ocrx_word' id='word_1_602' title='bbox 502 5801 593 5849; x_wconf 90' lang='grc' dir='ltr'>σε,</span> <span class='ocrx_word' id='word_1_603' title='bbox 628 5786 722 5839; x_wconf 78' lang='grc' dir='ltr'>καὶ</span> <span class='ocrx_word' id='word_1_604' title='bbox 765 5785 857 5838; x_wconf 87' lang='grc' dir='ltr'>νῦν</span> <span class='ocrx_word' id='word_1_605' title='bbox 887 5782 1049 5855; x_wconf 81' lang='grc' dir='ltr'>ἦλθον</span> <span class='ocrx_word' id='word_1_606' title='bbox 1082 5785 1175 5837; x_wconf 75' lang='grc' dir='ltr'>καὶ</span> <span class='ocrx_word' id='word_1_607' title='bbox 1229 5787 1293 5838; x_wconf 82' lang='grc' dir='ltr'>ἐκ</span> <span class='ocrx_word' id='word_1_608' title='bbox 1345 5784 1549 5855; x_wconf 87' lang='grc' dir='ltr'>ταύτης</span> <span class='ocrx_word' id='word_1_609' title='bbox 1591 5786 1859 5853; x_wconf 76' lang='grc' dir='ltr'>φυγαδεῦ-</span> 
     </span>
    </p>
   </div>
   <div class='ocr_carea' id='block_1_82' title="bbox 277 5868 1855 5944">
    <p class='ocr_par' dir='ltr' id='par_1_82' title="bbox 277 5868 1855 5944">
     <span class='ocr_line' id='line_1_82' title="bbox 277 5868 1855 5944; baseline 0 -21"><span class='ocrx_word' id='word_1_610' title='bbox 277 5868 469 5926; x_wconf 69' lang='grc' dir='ltr'>σαίσε.</span> <span class='ocrx_word' id='word_1_611' title='bbox 527 5869 817 5938; x_wconf 84' lang='grc' dir='ltr'>Ἐγνωκὼς</span> <span class='ocrx_word' id='word_1_612' title='bbox 855 5870 948 5924; x_wconf 85' lang='grc' dir='ltr'>οὑν</span> <span class='ocrx_word' id='word_1_613' title='bbox 992 5873 1019 5925; x_wconf 98' lang='lat'>6</span> <span class='ocrx_word' id='word_1_614' title='bbox 1076 5870 1345 5944; x_wconf 80' lang='grc' dir='ltr'>μακάριος</span> <span class='ocrx_word' id='word_1_615' title='bbox 1398 5869 1715 5943; x_wconf 78' lang='grc' dir='ltr'>Ναθαναὴλ,</span> <span class='ocrx_word' id='word_1_616' title='bbox 1773 5870 1855 5923; x_wconf 75' lang='grc' dir='ltr'>ὅτι</span> 
     </span>
    </p>
   </div>
   <div class='ocr_carea' id='block_1_83' title="bbox 1947 1951 3530 2023">
    <p class='ocr_par' dir='ltr' id='par_1_83' title="bbox 1947 1951 3530 2023">
     <span class='ocr_line' id='line_1_83' title="bbox 1947 1951 3530 2023; baseline -0.001 -17"><span class='ocrx_word' id='word_1_617' title='bbox 1947 1955 2042 2008; x_wconf 75' lang='grc' dir='ltr'>καὶ</span> <span class='ocrx_word' id='word_1_618' title='bbox 2075 1954 2254 2007; x_wconf 84' lang='grc' dir='ltr'>πάντα</span> <span class='ocrx_word' id='word_1_619' title='bbox 2272 1952 2362 2005; x_wconf 72' lang='grc' dir='ltr'>τὸν</span> <span class='ocrx_word' id='word_1_620' title='bbox 2392 1951 2597 2023; x_wconf 87' lang='grc' dir='ltr'>κλῆρον</span> <span class='ocrx_word' id='word_1_621' title='bbox 2624 1951 2792 2022; x_wconf 86' lang='grc' dir='ltr'>τιμῶ,</span> <span class='ocrx_word' id='word_1_622' title='bbox 2832 1952 2927 2005; x_wconf 76' lang='grc' dir='ltr'>καὶ</span> <span class='ocrx_word' id='word_1_623' title='bbox 2967 1954 3186 2006; x_wconf 88' lang='grc' dir='ltr'>πάντων</span> <span class='ocrx_word' id='word_1_624' title='bbox 3225 1952 3530 2023; x_wconf 89' lang='grc' dir='ltr'>ἀνθρώπων</span> 
     </span>
    </p>
   </div>
   <div class='ocr_carea' id='block_1_84' title="bbox 1945 2034 3530 2106">
    <p class='ocr_par' dir='ltr' id='par_1_84' title="bbox 1945 2034 3530 2106">
     <span class='ocr_line' id='line_1_84' title="bbox 1945 2034 3530 2106; baseline 0.001 -19"><span class='ocrx_word' id='word_1_625' title='bbox 1945 2035 2058 2105; x_wconf 85' lang='grc' dir='ltr'>ἐγὼ</span> <span class='ocrx_word' id='word_1_626' title='bbox 2093 2038 2121 2089; x_wconf 87' lang='lat'>6</span> <span class='ocrx_word' id='word_1_627' title='bbox 2162 2035 2486 2106; x_wconf 83' lang='grc' dir='ltr'>ἁμαρτωλὸς</span> <span class='ocrx_word' id='word_1_628' title='bbox 2528 2034 2839 2105; x_wconf 75' lang='grc' dir='ltr'>περίψημα.</span> <span class='ocrx_word' id='word_1_629' title='bbox 2903 2036 3043 2088; x_wconf 67' lang='lat' dir='ltr'>nam</span> <span class='ocrx_word' id='word_1_630' title='bbox 3080 2036 3137 2087; x_wconf 85' lang='grc' dir='ltr'>δέ</span> <span class='ocrx_word' id='word_1_631' title='bbox 3183 2036 3395 2097; x_wconf 85' lang='grc' dir='ltr'>τούτοις</span> <span class='ocrx_word' id='word_1_632' title='bbox 3434 2038 3530 2090; x_wconf 82' lang='grc' dir='ltr'>καὶ</span> 
     </span>
    </p>
   </div>
   <div class='ocr_carea' id='block_1_85' title="bbox 1946 2118 3528 2191">
    <p class='ocr_par' dir='ltr' id='par_1_85' title="bbox 1946 2118 3528 2191">
     <span class='ocr_line' id='line_1_85' title="bbox 1946 2118 3528 2191; baseline 0 -18"><span class='ocrx_word' id='word_1_633' title='bbox 1946 2118 2053 2191; x_wconf 75' lang='grc' dir='ltr'>ὅλῳ</span> <span class='ocrx_word' id='word_1_634' title='bbox 2080 2120 2157 2189; x_wconf 84' lang='grc' dir='ltr'>τῷ</span> <span class='ocrx_word' id='word_1_635' title='bbox 2200 2119 2299 2191; x_wconf 86' lang='grc' dir='ltr'>βίῳ</span> <span class='ocrx_word' id='word_1_636' title='bbox 2328 2120 2451 2172; x_wconf 85' lang='grc' dir='ltr'>ὅσον</span> <span class='ocrx_word' id='word_1_637' title='bbox 2480 2118 2542 2171; x_wconf 87' lang='lat'>1:6</span> <span class='ocrx_word' id='word_1_638' title='bbox 2576 2118 2664 2171; x_wconf 83' lang='grc' dir='ltr'>ἐπ’</span> <span class='ocrx_word' id='word_1_639' title='bbox 2697 2120 2821 2188; x_wconf 77' lang='grc' dir='ltr'>ἐμοὶ</span> <span class='ocrx_word' id='word_1_640' title='bbox 2841 2120 2907 2189; x_wconf 82' lang='grc' dir='ltr'>τῇ</span> <span class='ocrx_word' id='word_1_641' title='bbox 2949 2118 3206 2188; x_wconf 83' lang='grc' dir='ltr'>προθέσει</span> <span class='ocrx_word' id='word_1_642' title='bbox 3234 2120 3528 2174; x_wconf 88' lang='grc' dir='ltr'>ἀπέθανον.</span> 
     </span>
    </p>
   </div>
   <div class='ocr_carea' id='block_1_86' title="bbox 1950 2198 3529 2278">
    <p class='ocr_par' dir='ltr' id='par_1_86' title="bbox 1950 2198 3529 2278">
     <span class='ocr_line' id='line_1_86' title="bbox 1950 2198 3529 2278; baseline 0.001 -21"><span class='ocrx_word' id='word_1_643' title='bbox 1950 2206 2101 2275; x_wconf 84' lang='grc' dir='ltr'>Ἐχω</span> <span class='ocrx_word' id='word_1_644' title='bbox 2132 2206 2240 2273; x_wconf 84' lang='grc' dir='ltr'>γάρ</span> <span class='ocrx_word' id='word_1_645' title='bbox 2273 2202 2656 2273; x_wconf 85' lang='grc' dir='ltr'>κεκρυμμένον</span> <span class='ocrx_word' id='word_1_646' title='bbox 2701 2202 2923 2265; x_wconf 77' lang='grc' dir='ltr'>σκοπὸν,</span> <span class='ocrx_word' id='word_1_647' title='bbox 2958 2202 3016 2255; x_wconf 83' lang='grc' dir='ltr'>ὃν</span> <span class='ocrx_word' id='word_1_648' title='bbox 3054 2198 3195 2256; x_wconf 83' lang='grc' dir='ltr'>οῐδεν</span> <span class='ocrx_word' id='word_1_649' title='bbox 3242 2206 3269 2256; x_wconf 94' lang='lat'>6</span> <span class='ocrx_word' id='word_1_650' title='bbox 3306 2206 3529 2278; x_wconf 84' lang='grc' dir='ltr'>Κύριος,</span> 
     </span>
    </p>
   </div>
   <div class='ocr_carea' id='block_1_87' title="bbox 1946 2285 3529 2359">
    <p class='ocr_par' dir='ltr' id='par_1_87' title="bbox 1946 2285 3529 2359">
     <span class='ocr_line' id='line_1_87' title="bbox 1946 2285 3529 2359; baseline 0.002 -18"><span class='ocrx_word' id='word_1_651' title='bbox 1946 2290 1974 2341; x_wconf 91' lang='lat'>6</span> <span class='ocrx_word' id='word_1_652' title='bbox 2003 2288 2186 2342; x_wconf 81' lang='grc' dir='ltr'>καὶτὰ</span> <span class='ocrx_word' id='word_1_653' title='bbox 2218 2290 2437 2359; x_wconf 89' lang='grc' dir='ltr'>κρυπτά</span> <span class='ocrx_word' id='word_1_654' title='bbox 2469 2287 2566 2358; x_wconf 84' lang='grc' dir='ltr'>τῆς</span> <span class='ocrx_word' id='word_1_655' title='bbox 2590 2285 2731 2357; x_wconf 83' lang='grc' dir='ltr'>ἐμῆς</span> <span class='ocrx_word' id='word_1_656' title='bbox 2758 2288 2987 2358; x_wconf 89' lang='grc' dir='ltr'>καρδίας</span> <span class='ocrx_word' id='word_1_657' title='bbox 3029 2289 3208 2355; x_wconf 85' lang='grc' dir='ltr'>εἰδὼς,</span> <span class='ocrx_word' id='word_1_658' title='bbox 3245 2290 3331 2344; x_wconf 70' lang='grc' dir='ltr'>διὰ</span> <span class='ocrx_word' id='word_1_659' title='bbox 3371 2291 3424 2343; x_wconf 87' lang='grc' dir='ltr'>τί</span> <span class='ocrx_word' id='word_1_660' title='bbox 3467 2290 3529 2344; x_wconf 86' lang='grc' dir='ltr'>ού</span> 
     </span>
    </p>
   </div>
   <div class='ocr_carea' id='block_1_88' title="bbox 1948 2373 2303 2444">
    <p class='ocr_par' dir='ltr' id='par_1_88' title="bbox 1948 2373 2303 2444">
     <span class='ocr_line' id='line_1_88' title="bbox 1948 2373 2303 2444; baseline 0.003 -19"><span class='ocrx_word' id='word_1_661' title='bbox 1948 2374 2156 2444; x_wconf 86' lang='grc' dir='ltr'>προέπε</span> <span class='ocrx_word' id='word_1_662' title='bbox 2166 2373 2303 2442; x_wconf 70' lang='grc' dir='ltr'>μψα.</span> 
     </span>
    </p>
   </div>
   <div class='ocr_carea' id='block_1_89' title="bbox 2032 2483 3531 2557">
    <p class='ocr_par' dir='ltr' id='par_1_89' title="bbox 2032 2483 3531 2557">
     <span class='ocr_line' id='line_1_89' title="bbox 2032 2483 3531 2557; baseline 0.003 -20"><span class='ocrx_word' id='word_1_663' title='bbox 2032 2484 2365 2554; x_wconf 76' lang='grc' dir='ltr'>Ἀστοχήσας</span> <span class='ocrx_word' id='word_1_664' title='bbox 2390 2483 2447 2537; x_wconf 80' lang='grc' dir='ltr'>δέ</span> <span class='ocrx_word' id='word_1_665' title='bbox 2473 2485 2501 2537; x_wconf 89' lang='lat'>6</span> <span class='ocrx_word' id='word_1_666' title='bbox 2523 2486 2734 2556; x_wconf 87' lang='grc' dir='ltr'>δαίμων</span> <span class='ocrx_word' id='word_1_667' title='bbox 2762 2485 2855 2539; x_wconf 74' lang='grc' dir='ltr'>καὶ</span> <span class='ocrx_word' id='word_1_668' title='bbox 2885 2487 2944 2539; x_wconf 93' lang='grc' dir='ltr'>ἐν</span> <span class='ocrx_word' id='word_1_669' title='bbox 2971 2486 3147 2557; x_wconf 82' lang='grc' dir='ltr'>τούτῳ</span> <span class='ocrx_word' id='word_1_670' title='bbox 3170 2485 3248 2557; x_wconf 81' lang='grc' dir='ltr'>τῷ</span> <span class='ocrx_word' id='word_1_671' title='bbox 3270 2486 3531 2557; x_wconf 88' lang='grc' dir='ltr'>δράματι,</span> 
     </span>
    </p>
   </div>
   <div class='ocr_carea' id='block_1_90' title="bbox 1950 2568 3531 2641">
    <p class='ocr_par' dir='ltr' id='par_1_90' title="bbox 1950 2568 3531 2641">
     <span class='ocr_line' id='line_1_90' title="bbox 1950 2568 3531 2641; baseline 0.003 -20"><span class='ocrx_word' id='word_1_672' title='bbox 1950 2571 2135 2639; x_wconf 83' lang='grc' dir='ltr'>σχῆμα</span> <span class='ocrx_word' id='word_1_673' title='bbox 2178 2568 2341 2622; x_wconf 85' lang='grc' dir='ltr'>πάλιν</span> <span class='ocrx_word' id='word_1_674' title='bbox 2370 2568 2610 2623; x_wconf 86' lang='grc' dir='ltr'>τοιοῦτον</span> <span class='ocrx_word' id='word_1_675' title='bbox 2645 2570 2963 2640; x_wconf 81' lang='grc' dir='ltr'>ὑπέρχεται·</span> <span class='ocrx_word' id='word_1_676' title='bbox 3004 2571 3117 2641; x_wconf 85' lang='grc' dir='ltr'>Πρδ</span> <span class='ocrx_word' id='word_1_677' title='bbox 3147 2572 3301 2625; x_wconf 84' lang='grc' dir='ltr'>ἐννέα</span> <span class='ocrx_word' id='word_1_678' title='bbox 3341 2573 3531 2641; x_wconf 82' lang='grc' dir='ltr'>μηνῶν</span> 
     </span>
    </p>
   </div>
   <div class='ocr_carea' id='block_1_91' title="bbox 1947 2652 3534 2724">
    <p class='ocr_par' dir='ltr' id='par_1_91' title="bbox 1947 2652 3534 2724">
     <span class='ocr_line' id='line_1_91' title="bbox 1947 2652 3534 2724; baseline 0.002 -20"><span class='ocrx_word' id='word_1_679' title='bbox 1947 2652 2049 2720; x_wconf 86' lang='grc' dir='ltr'>τῆς</span> <span class='ocrx_word' id='word_1_680' title='bbox 2080 2652 2391 2722; x_wconf 81' lang='grc' dir='ltr'>κοιμήσεως</span> <span class='ocrx_word' id='word_1_681' title='bbox 2414 2652 2508 2706; x_wconf 91' lang='grc' dir='ltr'>τοῦ</span> <span class='ocrx_word' id='word_1_682' title='bbox 2541 2652 2779 2723; x_wconf 79' lang='grc' dir='ltr'>ἀθλητοῦ</span> <span class='ocrx_word' id='word_1_683' title='bbox 2808 2653 3254 2724; x_wconf 86' lang='grc' dir='ltr'>μεταμορφοῦται</span> <span class='ocrx_word' id='word_1_684' title='bbox 3288 2656 3367 2716; x_wconf 90' lang='grc' dir='ltr'>είς</span> <span class='ocrx_word' id='word_1_685' title='bbox 3403 2671 3534 2707; x_wconf 88' lang='grc' dir='ltr'>παι-</span> 
     </span>
    </p>
   </div>
   <div class='ocr_carea' id='block_1_92' title="bbox 1948 2735 3534 2810">
    <p class='ocr_par' dir='ltr' id='par_1_92' title="bbox 1948 2735 3534 2810">
     <span class='ocr_line' id='line_1_92' title="bbox 1948 2735 3534 2810; baseline 0.002 -22"><span class='ocrx_word' id='word_1_686' title='bbox 1948 2735 2133 2805; x_wconf 83' lang='grc' dir='ltr'>δάριον</span> <span class='ocrx_word' id='word_1_687' title='bbox 2158 2737 2433 2800; x_wconf 85' lang='grc' dir='ltr'>δεκαετές,</span> <span class='ocrx_word' id='word_1_688' title='bbox 2462 2737 2537 2800; x_wconf 84' lang='grc' dir='ltr'>ὡς</span> <span class='ocrx_word' id='word_1_689' title='bbox 2561 2736 2785 2792; x_wconf 87' lang='grc' dir='ltr'>ἐλαῦνον</span> <span class='ocrx_word' id='word_1_690' title='bbox 2814 2738 2934 2792; x_wconf 77' lang='grc' dir='ltr'>ὄνον</span> <span class='ocrx_word' id='word_1_691' title='bbox 2964 2740 3160 2808; x_wconf 79' lang='grc' dir='ltr'>ἄρτους</span> <span class='ocrx_word' id='word_1_692' title='bbox 3189 2741 3249 2792; x_wconf 80' lang='grc' dir='ltr'>ἐν</span> <span class='ocrx_word' id='word_1_693' title='bbox 3284 2741 3534 2810; x_wconf 79' lang='grc' dir='ltr'>σαργάνῃ</span> 
     </span>
    </p>
   </div>
   <div class='ocr_carea' id='block_1_93' title="bbox 1950 2812 3534 2892">
    <p class='ocr_par' dir='ltr' id='par_1_93' title="bbox 1950 2812 3534 2892">
     <span class='ocr_line' id='line_1_93' title="bbox 1950 2812 3534 2892; baseline 0.003 -20"><span class='ocrx_word' id='word_1_694' title='bbox 1950 2818 2310 2889; x_wconf 80' lang='grc' dir='ltr'>βαστάζοντα.</span> <span class='ocrx_word' id='word_1_695' title='bbox 2336 2821 2443 2874; x_wconf 73' lang='grc' dir='ltr'>Καὶ</span> <span class='ocrx_word' id='word_1_696' title='bbox 2468 2823 2757 2891; x_wconf 84' lang='grc' dir='ltr'>γενόμενος</span> <span class='ocrx_word' id='word_1_697' title='bbox 2792 2822 3034 2892; x_wconf 71' lang='grc' dir='ltr'>ἑσπέρας</span> <span class='ocrx_word' id='word_1_698' title='bbox 3062 2822 3285 2891; x_wconf 86' lang='grc' dir='ltr'>βαθείας</span> <span class='ocrx_word' id='word_1_699' title='bbox 3306 2812 3534 2892; x_wconf 85' lang='grc' dir='ltr'>πλησίον</span> 
     </span>
    </p>
   </div>
   <div class='ocr_carea' id='block_1_94' title="bbox 1948 2901 3534 2975">
    <p class='ocr_par' dir='ltr' id='par_1_94' title="bbox 1948 2901 3534 2975">
     <span class='ocr_line' id='line_1_94' title="bbox 1948 2901 3534 2975; baseline 0.004 -22"><span class='ocrx_word' id='word_1_700' title='bbox 1948 2901 2049 2971; x_wconf 81' lang='grc' dir='ltr'>τῆς</span> <span class='ocrx_word' id='word_1_701' title='bbox 2100 2903 2290 2957; x_wconf 90' lang='grc' dir='ltr'>τούτου</span> <span class='ocrx_word' id='word_1_702' title='bbox 2342 2904 2573 2973; x_wconf 91' lang='grc' dir='ltr'>κέλλης,</span> <span class='ocrx_word' id='word_1_703' title='bbox 2626 2906 3033 2975; x_wconf 88' lang='grc' dir='ltr'>ἐσχηματίσατο</span> <span class='ocrx_word' id='word_1_704' title='bbox 3063 2906 3139 2968; x_wconf 87' lang='grc' dir='ltr'>ώς</span> <span class='ocrx_word' id='word_1_705' title='bbox 3186 2909 3534 2961; x_wconf 81' lang='grc' dir='ltr'>πεπτωκέναι</span> 
     </span>
    </p>
   </div>
   <div class='ocr_carea' id='block_1_95' title="bbox 1948 2985 3535 3062">
    <p class='ocr_par' dir='ltr' id='par_1_95' title="bbox 1948 2985 3535 3062">
     <span class='ocr_line' id='line_1_95' title="bbox 1948 2985 3535 3062; baseline 0.002 -23"><span class='ocrx_word' id='word_1_706' title='bbox 1948 2985 2038 3039; x_wconf 82' lang='grc' dir='ltr'>τὸν</span> <span class='ocrx_word' id='word_1_707' title='bbox 2072 2985 2210 3051; x_wconf 82' lang='grc' dir='ltr'>ϐνον,</span> <span class='ocrx_word' id='word_1_708' title='bbox 2247 2987 2341 3041; x_wconf 69' lang='grc' dir='ltr'>καὶ</span> <span class='ocrx_word' id='word_1_709' title='bbox 2368 2988 2571 3058; x_wconf 82' lang='grc' dir='ltr'>κράζον</span> <span class='ocrx_word' id='word_1_710' title='bbox 2612 2989 2674 3041; x_wconf 84' lang='grc' dir='ltr'>τδ</span> <span class='ocrx_word' id='word_1_711' title='bbox 2708 2988 2951 3053; x_wconf 87' lang='grc' dir='ltr'>παιδίον,</span> <span class='ocrx_word' id='word_1_712' title='bbox 2999 2989 3169 3043; x_wconf 77' lang='grc' dir='ltr'>’Δϐϐἀ</span> <span class='ocrx_word' id='word_1_713' title='bbox 3202 2990 3535 3062; x_wconf 76' lang='grc' dir='ltr'>Ναθαναήλ,</span> 
     </span>
    </p>
   </div>
   <div class='ocr_carea' id='block_1_96' title="bbox 1949 3068 3536 3144">
    <p class='ocr_par' dir='ltr' id='par_1_96' title="bbox 1949 3068 3536 3144">
     <span class='ocr_line' id='line_1_96' title="bbox 1949 3068 3536 3144; baseline 0.003 -24"><span class='ocrx_word' id='word_1_714' title='bbox 1949 3068 2171 3138; x_wconf 71' lang='grc' dir='ltr'>ιλέησόν</span> <span class='ocrx_word' id='word_1_715' title='bbox 2216 3087 2305 3139; x_wconf 88' lang='grc' dir='ltr'>με,</span> <span class='ocrx_word' id='word_1_716' title='bbox 2338 3072 2433 3124; x_wconf 73' lang='grc' dir='ltr'>καὶ</span> <span class='ocrx_word' id='word_1_717' title='bbox 2470 3071 2558 3133; x_wconf 89' lang='grc' dir='ltr'>δός</span> <span class='ocrx_word' id='word_1_718' title='bbox 2592 3088 2683 3141; x_wconf 92' lang='grc' dir='ltr'>μοι</span> <span class='ocrx_word' id='word_1_719' title='bbox 2712 3074 2892 3144; x_wconf 88' lang='grc' dir='ltr'>χεῖρα.</span> <span class='ocrx_word' id='word_1_720' title='bbox 2929 3074 3203 3125; x_wconf 83' lang='grc' dir='ltr'>Ἤκουσεν</span> <span class='ocrx_word' id='word_1_721' title='bbox 3241 3072 3298 3127; x_wconf 82' lang='grc' dir='ltr'>δέ</span> <span class='ocrx_word' id='word_1_722' title='bbox 3327 3075 3536 3139; x_wconf 84' lang='grc' dir='ltr'>ἐκεῖνος</span> 
     </span>
    </p>
   </div>
   <div class='ocr_carea' id='block_1_97' title="bbox 1949 3152 3537 3227">
    <p class='ocr_par' dir='ltr' id='par_1_97' title="bbox 1949 3152 3537 3227">
     <span class='ocr_line' id='line_1_97' title="bbox 1949 3152 3537 3227; baseline 0.005 -25"><span class='ocrx_word' id='word_1_723' title='bbox 1949 3152 2049 3220; x_wconf 89' lang='grc' dir='ltr'>τῆς</span> <span class='ocrx_word' id='word_1_724' title='bbox 2079 3152 2267 3223; x_wconf 84' lang='grc' dir='ltr'>φωνῆς</span> <span class='ocrx_word' id='word_1_725' title='bbox 2296 3153 2390 3207; x_wconf 88' lang='grc' dir='ltr'>τοῦ</span> <span class='ocrx_word' id='word_1_726' title='bbox 2417 3154 2632 3207; x_wconf 89' lang='grc' dir='ltr'>παιδίου</span> <span class='ocrx_word' id='word_1_727' title='bbox 2656 3154 2841 3225; x_wconf 80' lang='grc' dir='ltr'>δῆθεν,</span> <span class='ocrx_word' id='word_1_728' title='bbox 2866 3156 2962 3210; x_wconf 76' lang='grc' dir='ltr'>καὶ</span> <span class='ocrx_word' id='word_1_729' title='bbox 2990 3155 3209 3220; x_wconf 81' lang='grc' dir='ltr'>ἀνοίξας</span> <span class='ocrx_word' id='word_1_730' title='bbox 3235 3156 3339 3227; x_wconf 80' lang='grc' dir='ltr'>τὴν</span> <span class='ocrx_word' id='word_1_731' title='bbox 3362 3156 3537 3227; x_wconf 85' lang='grc' dir='ltr'>θύραν</span> 
     </span>
    </p>
   </div>
   <div class='ocr_carea' id='block_1_98' title="bbox 1875 3236 3537 3308">
    <p class='ocr_par' dir='ltr' id='par_1_98' title="bbox 1875 3236 3537 3308">
     <span class='ocr_line' id='line_1_98' title="bbox 1875 3236 3537 3308; baseline 0.003 -20"><span class='ocrx_word' id='word_1_732' title='bbox 1875 3244 1921 3305; x_wconf 83' lang='lat' dir='ltr'>c</span> <span class='ocrx_word' id='word_1_733' title='bbox 1951 3238 2050 3307; x_wconf 78' lang='grc' dir='ltr'>τῆς</span> <span class='ocrx_word' id='word_1_734' title='bbox 2082 3236 2301 3308; x_wconf 82' lang='grc' dir='ltr'>κέλλης,</span> <span class='ocrx_word' id='word_1_735' title='bbox 2347 3237 2455 3291; x_wconf 80' lang='grc' dir='ltr'>ἐσω</span> <span class='ocrx_word' id='word_1_736' title='bbox 2493 3238 2667 3302; x_wconf 87' lang='grc' dir='ltr'>ἐστὼς</span> <span class='ocrx_word' id='word_1_737' title='bbox 2695 3238 2875 3294; x_wconf 82' lang='grc' dir='ltr'>ἐλάλει</span> <span class='ocrx_word' id='word_1_738' title='bbox 2913 3240 3096 3308; x_wconf 80' lang='grc' dir='ltr'>αὑτῷο</span> <span class='ocrx_word' id='word_1_739' title='bbox 3124 3239 3221 3303; x_wconf 86' lang='grc' dir='ltr'>Τίς</span> <span class='ocrx_word' id='word_1_740' title='bbox 3252 3236 3324 3305; x_wconf 77' lang='grc' dir='ltr'>εἰ,</span> <span class='ocrx_word' id='word_1_741' title='bbox 3357 3242 3452 3294; x_wconf 75' lang='grc' dir='ltr'>καὶ</span> <span class='ocrx_word' id='word_1_742' title='bbox 3482 3240 3537 3295; x_wconf 85' lang='grc' dir='ltr'>τί</span> 
     </span>
    </p>
   </div>
   <div class='ocr_carea' id='block_1_99' title="bbox 1953 3317 3538 3394">
    <p class='ocr_par' dir='ltr' id='par_1_99' title="bbox 1953 3317 3538 3394">
     <span class='ocr_line' id='line_1_99' title="bbox 1953 3317 3538 3394; baseline 0.004 -22"><span class='ocrx_word' id='word_1_743' title='bbox 1953 3317 2127 3384; x_wconf 86' lang='grc' dir='ltr'>θέλεις</span> <span class='ocrx_word' id='word_1_744' title='bbox 2160 3323 2369 3392; x_wconf 87' lang='grc' dir='ltr'>ποιήσω</span> <span class='ocrx_word' id='word_1_745' title='bbox 2398 3338 2517 3387; x_wconf 74' lang='grc' dir='ltr'>σοις</span> <span class='ocrx_word' id='word_1_746' title='bbox 2554 3322 2939 3393; x_wconf 68' lang='grc' dir='ltr'>’ἀποκρίνεται</span> <span class='ocrx_word' id='word_1_747' title='bbox 2969 3326 2999 3377; x_wconf 91' lang='lat'>6</span> <span class='ocrx_word' id='word_1_748' title='bbox 3025 3322 3262 3394; x_wconf 68' lang='grc' dir='ltr'>δαίμωνε</span> <span class='ocrx_word' id='word_1_749' title='bbox 3304 3322 3446 3391; x_wconf 77' lang='grc' dir='ltr'>*Εγὼ</span> <span class='ocrx_word' id='word_1_750' title='bbox 3476 3322 3538 3379; x_wconf 65' lang='grc' dir='ltr'>δέ</span> 
     </span>
    </p>
   </div>
   <div class='ocr_carea' id='block_1_100' title="bbox 1952 3404 3537 3478">
    <p class='ocr_par' dir='ltr' id='par_1_100' title="bbox 1952 3404 3537 3478">
     <span class='ocr_line' id='line_1_100' title="bbox 1952 3404 3537 3478; baseline 0.001 -21"><span class='ocrx_word' id='word_1_751' title='bbox 1952 3405 2066 3473; x_wconf 88' lang='grc' dir='ltr'>εἰμι</span> <span class='ocrx_word' id='word_1_752' title='bbox 2100 3406 2255 3458; x_wconf 86' lang='grc' dir='ltr'>τοῦδε</span> <span class='ocrx_word' id='word_1_753' title='bbox 2288 3404 2383 3458; x_wconf 88' lang='grc' dir='ltr'>τοῦ</span> <span class='ocrx_word' id='word_1_754' title='bbox 2427 3406 2662 3475; x_wconf 91' lang='grc' dir='ltr'>μοναχοῦ</span> <span class='ocrx_word' id='word_1_755' title='bbox 2714 3407 2778 3461; x_wconf 78' lang='grc' dir='ltr'>τὸ</span> <span class='ocrx_word' id='word_1_756' title='bbox 2829 3406 3150 3478; x_wconf 88' lang='grc' dir='ltr'>μελλάκιον,</span> <span class='ocrx_word' id='word_1_757' title='bbox 3198 3408 3293 3461; x_wconf 77' lang='grc' dir='ltr'>καὶ</span> <span class='ocrx_word' id='word_1_758' title='bbox 3334 3408 3537 3478; x_wconf 83' lang='grc' dir='ltr'>ἀρτους</span> 
     </span>
    </p>
   </div>
   <div class='ocr_carea' id='block_1_101' title="bbox 1951 3488 3536 3562">
    <p class='ocr_par' dir='ltr' id='par_1_101' title="bbox 1951 3488 3536 3562">
     <span class='ocr_line' id='line_1_101' title="bbox 1951 3488 3536 3562; baseline 0 -18"><span class='ocrx_word' id='word_1_759' title='bbox 1951 3488 2232 3559; x_wconf 83' lang='grc' dir='ltr'>ἀποφέρω.</span> <span class='ocrx_word' id='word_1_760' title='bbox 2299 3490 2518 3561; x_wconf 84' lang='grc' dir='ltr'>Ἐπειδὴ</span> <span class='ocrx_word' id='word_1_761' title='bbox 2569 3492 2759 3559; x_wconf 84' lang='grc' dir='ltr'>ἀγάπη</span> <span class='ocrx_word' id='word_1_762' title='bbox 2802 3492 2949 3544; x_wconf 80' lang='grc' dir='ltr'>ἐστὶν</span> <span class='ocrx_word' id='word_1_763' title='bbox 2977 3490 3073 3544; x_wconf 92' lang='grc' dir='ltr'>τοῦ</span> <span class='ocrx_word' id='word_1_764' title='bbox 3117 3490 3213 3544; x_wconf 90' lang='grc' dir='ltr'>σοῦ</span> <span class='ocrx_word' id='word_1_765' title='bbox 3256 3492 3536 3562; x_wconf 82' lang='grc' dir='ltr'>γνωρίμου</span> 
     </span>
    </p>
   </div>
   <div class='ocr_carea' id='block_1_102' title="bbox 1950 3573 3537 3645">
    <p class='ocr_par' dir='ltr' id='par_1_102' title="bbox 1950 3573 3537 3645">
     <span class='ocr_line' id='line_1_102' title="bbox 1950 3573 3537 3645; baseline 0.001 -18"><span class='ocrx_word' id='word_1_766' title='bbox 1950 3574 2105 3628; x_wconf 80' lang='grc' dir='ltr'>τοῦδε</span> <span class='ocrx_word' id='word_1_767' title='bbox 2132 3573 2228 3627; x_wconf 88' lang='grc' dir='ltr'>τοῦ</span> <span class='ocrx_word' id='word_1_768' title='bbox 2255 3574 2510 3643; x_wconf 88' lang='grc' dir='ltr'>ἀδελφοῦ,</span> <span class='ocrx_word' id='word_1_769' title='bbox 2541 3574 2636 3627; x_wconf 78' lang='grc' dir='ltr'>καί</span> <span class='ocrx_word' id='word_1_770' title='bbox 2662 3573 2849 3645; x_wconf 77' lang='grc' dir='ltr'>αὔριον</span> <span class='ocrx_word' id='word_1_771' title='bbox 2870 3573 3151 3629; x_wconf 86' lang='grc' dir='ltr'>Σαϐϐάτου</span> <span class='ocrx_word' id='word_1_772' title='bbox 3180 3574 3537 3644; x_wconf 83' lang='grc' dir='ltr'>διαφαύοντος</span> 
     </span>
    </p>
   </div>
   <div class='ocr_carea' id='block_1_103' title="bbox 1951 3657 3533 3731">
    <p class='ocr_par' dir='ltr' id='par_1_103' title="bbox 1951 3657 3533 3731">
     <span class='ocr_line' id='line_1_103' title="bbox 1951 3657 3533 3731; baseline 0.003 -21"><span class='ocrx_word' id='word_1_773' title='bbox 1951 3657 2109 3729; x_wconf 89' lang='grc' dir='ltr'>χρεία</span> <span class='ocrx_word' id='word_1_774' title='bbox 2133 3657 2243 3711; x_wconf 87' lang='grc' dir='ltr'>τῶν</span> <span class='ocrx_word' id='word_1_775' title='bbox 2270 3657 2614 3729; x_wconf 70' lang='grc' dir='ltr'>προσφορῶν.</span> <span class='ocrx_word' id='word_1_776' title='bbox 2652 3658 2854 3726; x_wconf 86' lang='grc' dir='ltr'>Δέομαι</span> <span class='ocrx_word' id='word_1_777' title='bbox 2880 3657 2975 3713; x_wconf 84' lang='grc' dir='ltr'>οῦν</span> <span class='ocrx_word' id='word_1_778' title='bbox 3026 3675 3119 3712; x_wconf 90' lang='grc' dir='ltr'>σου</span> <span class='ocrx_word' id='word_1_779' title='bbox 3157 3660 3232 3729; x_wconf 86' lang='grc' dir='ltr'>μή</span> <span class='ocrx_word' id='word_1_780' title='bbox 3277 3675 3345 3729; x_wconf 87' lang='grc' dir='ltr'>με</span> <span class='ocrx_word' id='word_1_781' title='bbox 3388 3677 3533 3731; x_wconf 81' lang='grc' dir='ltr'>παρ-</span> 
     </span>
    </p>
   </div>
   <div class='ocr_carea' id='block_1_104' title="bbox 1955 3741 3537 3815">
    <p class='ocr_par' dir='ltr' id='par_1_104' title="bbox 1955 3741 3537 3815">
     <span class='ocr_line' id='line_1_104' title="bbox 1955 3741 3537 3815; baseline 0.001 -20"><span class='ocrx_word' id='word_1_782' title='bbox 1955 3742 2090 3813; x_wconf 81' lang='grc' dir='ltr'>ίδῃς,</span> <span class='ocrx_word' id='word_1_783' title='bbox 2130 3743 2204 3811; x_wconf 92' lang='grc' dir='ltr'>μή</span> <span class='ocrx_word' id='word_1_784' title='bbox 2245 3758 2370 3794; x_wconf 81' lang='grc' dir='ltr'>ποτε</span> <span class='ocrx_word' id='word_1_785' title='bbox 2419 3742 2513 3794; x_wconf 76' lang='grc' dir='ltr'>καὶ</span> <span class='ocrx_word' id='word_1_786' title='bbox 2545 3741 2649 3795; x_wconf 76' lang='grc' dir='ltr'>ὑπὸ</span> <span class='ocrx_word' id='word_1_787' title='bbox 2694 3742 2895 3796; x_wconf 82' lang='grc' dir='ltr'>ὑαινῶν</span> <span class='ocrx_word' id='word_1_788' title='bbox 2930 3742 3144 3814; x_wconf 66' lang='grc' dir='ltr'>βρωθιῖκ</span> <span class='ocrx_word' id='word_1_789' title='bbox 3185 3742 3387 3796; x_wconf 68' lang='grc' dir='ltr'>Πολλά).</span> <span class='ocrx_word' id='word_1_790' title='bbox 3427 3744 3537 3815; x_wconf 88' lang='grc' dir='ltr'>γάρ</span> 
     </span>
    </p>
   </div>
   <div class='ocr_carea' id='block_1_105' title="bbox 1952 3822 3537 3895">
    <p class='ocr_par' dir='ltr' id='par_1_105' title="bbox 1952 3822 3537 3895">
     <span class='ocr_line' id='line_1_105' title="bbox 1952 3822 3537 3895; baseline 0.001 -18"><span class='ocrx_word' id='word_1_791' title='bbox 1952 3822 2134 3879; x_wconf 86' lang='grc' dir='ltr'>ὑαιναί</span> <span class='ocrx_word' id='word_1_792' title='bbox 2171 3825 2311 3885; x_wconf 80' lang='grc' dir='ltr'>εισιν</span> <span class='ocrx_word' id='word_1_793' title='bbox 2353 3824 2409 3876; x_wconf 83' lang='grc' dir='ltr'>ἐν</span> <span class='ocrx_word' id='word_1_794' title='bbox 2443 3826 2557 3888; x_wconf 92' lang='grc' dir='ltr'>τοῖς</span> <span class='ocrx_word' id='word_1_795' title='bbox 2602 3824 2809 3889; x_wconf 86' lang='grc' dir='ltr'>τόποις.</span> <span class='ocrx_word' id='word_1_796' title='bbox 2874 3825 3052 3889; x_wconf 83' lang='grc' dir='ltr'>Ἐνεὺς</span> <span class='ocrx_word' id='word_1_797' title='bbox 3092 3824 3187 3879; x_wconf 82' lang='grc' dir='ltr'>οῦν</span> <span class='ocrx_word' id='word_1_798' title='bbox 3233 3824 3477 3895; x_wconf 82' lang='grc' dir='ltr'>ἑστηκὼς</span> <span class='ocrx_word' id='word_1_799' title='bbox 3505 3828 3537 3879; x_wconf 88' lang='lat'>6</span> 
     </span>
    </p>
   </div>
   <div class='ocr_carea' id='block_1_106' title="bbox 1954 3907 3535 3978">
    <p class='ocr_par' dir='ltr' id='par_1_106' title="bbox 1954 3907 3535 3978">
     <span class='ocr_line' id='line_1_106' title="bbox 1954 3907 3535 3978; baseline -0.001 -16"><span class='ocrx_word' id='word_1_800' title='bbox 1954 3908 2222 3978; x_wconf 85' lang='grc' dir='ltr'>μακάριος</span> <span class='ocrx_word' id='word_1_801' title='bbox 2252 3907 2578 3977; x_wconf 84' lang='grc' dir='ltr'>Ναθαναὴλ,</span> <span class='ocrx_word' id='word_1_802' title='bbox 2631 3907 2736 3960; x_wconf 80' lang='grc' dir='ltr'>ὑπὸ</span> <span class='ocrx_word' id='word_1_803' title='bbox 2768 3908 2971 3978; x_wconf 84' lang='grc' dir='ltr'>πολλῆς</span> <span class='ocrx_word' id='word_1_804' title='bbox 3024 3907 3368 3977; x_wconf 88' lang='grc' dir='ltr'>συμπαθείας</span> <span class='ocrx_word' id='word_1_805' title='bbox 3402 3907 3535 3977; x_wconf 84' lang='grc' dir='ltr'>σφό-</span> 
     </span>
    </p>
   </div>
   <div class='ocr_carea' id='block_1_107' title="bbox 1949 3988 3537 4061">
    <p class='ocr_par' dir='ltr' id='par_1_107' title="bbox 1949 3988 3537 4061">
     <span class='ocr_line' id='line_1_107' title="bbox 1949 3988 3537 4061; baseline 0.001 -19"><span class='ocrx_word' id='word_1_806' title='bbox 1949 3991 2051 4061; x_wconf 84' lang='grc' dir='ltr'>δρα</span> <span class='ocrx_word' id='word_1_807' title='bbox 2113 3988 2348 4057; x_wconf 88' lang='grc' dir='ltr'>ἰλιγγία,</span> <span class='ocrx_word' id='word_1_808' title='bbox 2401 3989 2804 4061; x_wconf 87' lang='grc' dir='ltr'>ταραττόμενος</span> <span class='ocrx_word' id='word_1_809' title='bbox 2852 3993 2965 4053; x_wconf 81' lang='grc' dir='ltr'>τοῖς</span> <span class='ocrx_word' id='word_1_810' title='bbox 3023 3990 3383 4060; x_wconf 76' lang='grc' dir='ltr'>σπλάγχνοις,</span> <span class='ocrx_word' id='word_1_811' title='bbox 3442 3991 3537 4044; x_wconf 76' lang='grc' dir='ltr'>καὶ</span> 
     </span>
    </p>
   </div>
   <div class='ocr_carea' id='block_1_108' title="bbox 1951 4058 3537 4143">
    <p class='ocr_par' dir='ltr' id='par_1_108' title="bbox 1951 4058 3537 4143">
     <span class='ocr_line' id='line_1_108' title="bbox 1951 4058 3537 4143; baseline 0.003 -21"><span class='ocrx_word' id='word_1_812' title='bbox 1951 4058 2228 4138; x_wconf 72' lang='grc' dir='ltr'>ἐλογίζετο</span> <span class='ocrx_word' id='word_1_813' title='bbox 2272 4071 2325 4124; x_wconf 92' lang='grc' dir='ltr'>τί</span> <span class='ocrx_word' id='word_1_814' title='bbox 2360 4058 2607 4141; x_wconf 84' lang='grc' dir='ltr'>ποιήσει,</span> <span class='ocrx_word' id='word_1_815' title='bbox 2648 4058 2853 4140; x_wconf 86' lang='grc' dir='ltr'>λέγων,</span> <span class='ocrx_word' id='word_1_816' title='bbox 2900 4074 2970 4125; x_wconf 86' lang='grc' dir='ltr'><em>Ἢ</em></span> <span class='ocrx_word' id='word_1_817' title='bbox 3013 4072 3116 4141; x_wconf 87' lang='grc' dir='ltr'>τῆς</span> <span class='ocrx_word' id='word_1_818' title='bbox 3160 4058 3381 4142; x_wconf 81' lang='grc' dir='ltr'>ἐντολῆς</span> <span class='ocrx_word' id='word_1_819' title='bbox 3428 4073 3537 4143; x_wconf 75' lang='grc' dir='ltr'>[χω</span> 
     </span>
    </p>
   </div>
   <div class='ocr_carea' id='block_1_109' title="bbox 1951 4154 3536 4225">
    <p class='ocr_par' dir='ltr' id='par_1_109' title="bbox 1951 4154 3536 4225">
     <span class='ocr_line' id='line_1_109' title="bbox 1951 4154 3536 4225; baseline -0.001 -15"><span class='ocrx_word' id='word_1_820' title='bbox 1951 4158 2226 4218; x_wconf 83' lang='grc' dir='ltr'>ἐκπεσεῖν,</span> <span class='ocrx_word' id='word_1_821' title='bbox 2262 4156 2294 4225; x_wconf 86' lang='grc' dir='ltr'>ἢ</span> <span class='ocrx_word' id='word_1_822' title='bbox 2335 4156 2433 4224; x_wconf 89' lang='grc' dir='ltr'>τῆς</span> <span class='ocrx_word' id='word_1_823' title='bbox 2487 4154 2799 4225; x_wconf 87' lang='grc' dir='ltr'>προθέσεως</span> <span class='ocrx_word' id='word_1_824' title='bbox 2844 4155 3212 4224; x_wconf 79' lang='grc' dir='ltr'>ἐξολισθῆσαι.</span> <span class='ocrx_word' id='word_1_825' title='bbox 3266 4156 3536 4224; x_wconf 80' lang='grc' dir='ltr'>’Υστερον</span> 
     </span>
    </p>
   </div>
   <div class='ocr_carea' id='block_1_110' title="bbox 1952 4233 3533 4308">
    <p class='ocr_par' dir='ltr' id='par_1_110' title="bbox 1952 4233 3533 4308">
     <span class='ocr_line' id='line_1_110' title="bbox 1952 4233 3533 4308; baseline -0.001 -17"><span class='ocrx_word' id='word_1_826' title='bbox 1952 4238 2407 4307; x_wconf 82' lang='grc' dir='ltr'>ἐπιλογισάμενος</span> <span class='ocrx_word' id='word_1_827' title='bbox 2431 4238 2509 4306; x_wconf 79' lang='grc' dir='ltr'>τῷ</span> <span class='ocrx_word' id='word_1_828' title='bbox 2530 4233 2745 4290; x_wconf 86' lang='grc' dir='ltr'>εὑσεϐεῖ</span> <span class='ocrx_word' id='word_1_829' title='bbox 2767 4236 3039 4308; x_wconf 86' lang='grc' dir='ltr'>λογισμῷ,</span> <span class='ocrx_word' id='word_1_830' title='bbox 3067 4234 3221 4290; x_wconf 83' lang='grc' dir='ltr'>είπεν</span> <span class='ocrx_word' id='word_1_831' title='bbox 3250 4239 3309 4291; x_wconf 90' lang='grc' dir='ltr'>ἐν</span> <span class='ocrx_word' id='word_1_832' title='bbox 3331 4238 3533 4307; x_wconf 77' lang='grc' dir='ltr'>ἐαυτῷο</span> 
     </span>
    </p>
   </div>
   <div class='ocr_carea' id='block_1_111' title="bbox 1956 4321 3533 4392">
    <p class='ocr_par' dir='ltr' id='par_1_111' title="bbox 1956 4321 3533 4392">
     <span class='ocr_line' id='line_1_111' title="bbox 1956 4321 3533 4392; baseline -0.002 -16"><span class='ocrx_word' id='word_1_833' title='bbox 1956 4323 2212 4392; x_wconf 76' lang='grc' dir='ltr'>’Δμεινόν</span> <span class='ocrx_word' id='word_1_834' title='bbox 2244 4324 2361 4373; x_wconf 87' lang='grc' dir='ltr'>ἐστι</span> <span class='ocrx_word' id='word_1_835' title='bbox 2415 4322 2475 4373; x_wconf 79' lang='grc' dir='ltr'>τὸ</span> <span class='ocrx_word' id='word_1_836' title='bbox 2510 4322 2586 4389; x_wconf 81' lang='grc' dir='ltr'>μὴ</span> <span class='ocrx_word' id='word_1_837' title='bbox 2622 4321 2885 4374; x_wconf 87' lang='grc' dir='ltr'>σαλεῦσαι</span> <span class='ocrx_word' id='word_1_838' title='bbox 2920 4322 3189 4375; x_wconf 86' lang='grc' dir='ltr'>τοσούτων</span> <span class='ocrx_word' id='word_1_839' title='bbox 3219 4321 3357 4375; x_wconf 82' lang='grc' dir='ltr'>ἐτῶν</span> <span class='ocrx_word' id='word_1_840' title='bbox 3395 4322 3533 4391; x_wconf 85' lang='grc' dir='ltr'>πρό-</span> 
     </span>
    </p>
   </div>
   <div class='ocr_carea' id='block_1_112' title="bbox 1953 4398 3539 4475">
    <p class='ocr_par' dir='ltr' id='par_1_112' title="bbox 1953 4398 3539 4475">
     <span class='ocr_line' id='line_1_112' title="bbox 1953 4398 3539 4475; baseline -0.001 -17"><span class='ocrx_word' id='word_1_841' title='bbox 1953 4405 2121 4468; x_wconf 86' lang='grc' dir='ltr'>θεσιν,</span> <span class='ocrx_word' id='word_1_842' title='bbox 2152 4406 2230 4465; x_wconf 90' lang='grc' dir='ltr'>εἰς</span> <span class='ocrx_word' id='word_1_843' title='bbox 2275 4402 2538 4473; x_wconf 86' lang='grc' dir='ltr'>αίσχύνην</span> <span class='ocrx_word' id='word_1_844' title='bbox 2574 4404 2669 4455; x_wconf 77' lang='grc' dir='ltr'>καὶ</span> <span class='ocrx_word' id='word_1_845' title='bbox 2700 4398 2872 4475; x_wconf 84' lang='grc' dir='ltr'>ἦτταν</span> <span class='ocrx_word' id='word_1_846' title='bbox 2917 4402 3011 4456; x_wconf 92' lang='grc' dir='ltr'>τοῦ</span> <span class='ocrx_word' id='word_1_847' title='bbox 3050 4403 3317 4456; x_wconf 90' lang='grc' dir='ltr'>διαϐόλου.</span> <span class='ocrx_word' id='word_1_848' title='bbox 3359 4405 3539 4474; x_wconf 86' lang='grc' dir='ltr'>Προσ-</span> 
     </span>
    </p>
   </div>
   <div class='ocr_carea' id='block_1_113' title="bbox 1954 4486 3530 4558">
    <p class='ocr_par' dir='ltr' id='par_1_113' title="bbox 1954 4486 3530 4558">
     <span class='ocr_line' id='line_1_113' title="bbox 1954 4486 3530 4558; baseline -0.001 -16"><span class='ocrx_word' id='word_1_849' title='bbox 1954 4490 2249 4558; x_wconf 84' lang='grc' dir='ltr'>ευξάμενος</span> <span class='ocrx_word' id='word_1_850' title='bbox 2272 4488 2452 4540; x_wconf 89' lang='grc' dir='ltr'>τοίνυν</span> <span class='ocrx_word' id='word_1_851' title='bbox 2475 4486 2553 4557; x_wconf 83' lang='grc' dir='ltr'>τῷ</span> <span class='ocrx_word' id='word_1_852' title='bbox 2584 4488 2795 4558; x_wconf 78' lang='grc' dir='ltr'>Κυρίῳ,</span> <span class='ocrx_word' id='word_1_853' title='bbox 2819 4489 2966 4554; x_wconf 84' lang='grc' dir='ltr'>λέγει</span> <span class='ocrx_word' id='word_1_854' title='bbox 3016 4489 3151 4557; x_wconf 76' lang='grc' dir='ltr'>πρὸς</span> <span class='ocrx_word' id='word_1_855' title='bbox 3180 4487 3254 4555; x_wconf 83' lang='grc' dir='ltr'>τῷ</span> <span class='ocrx_word' id='word_1_856' title='bbox 3279 4488 3530 4542; x_wconf 88' lang='grc' dir='ltr'>λαλοῦντι</span> 
     </span>
    </p>
   </div>
   <div class='ocr_carea' id='block_1_114' title="bbox 1955 4568 3535 4643">
    <p class='ocr_par' dir='ltr' id='par_1_114' title="bbox 1955 4568 3535 4643">
     <span class='ocr_line' id='line_1_114' title="bbox 1955 4568 3535 4643; baseline -0.002 -17"><span class='ocrx_word' id='word_1_857' title='bbox 1955 4573 2115 4642; x_wconf 81' lang='grc' dir='ltr'>δῆθεν</span> <span class='ocrx_word' id='word_1_858' title='bbox 2152 4571 2368 4641; x_wconf 79' lang='grc' dir='ltr'>παιδίῳ·</span> <span class='ocrx_word' id='word_1_859' title='bbox 2407 4573 2695 4637; x_wconf 80' lang='grc' dir='ltr'>Ἀκουσον,</span> <span class='ocrx_word' id='word_1_860' title='bbox 2726 4571 3009 4642; x_wconf 79' lang='grc' dir='ltr'>παιδίον,ή</span> <span class='ocrx_word' id='word_1_861' title='bbox 3039 4572 3184 4634; x_wconf 79' lang='grc' dir='ltr'>ὅστις</span> <span class='ocrx_word' id='word_1_862' title='bbox 3205 4572 3270 4643; x_wconf 85' lang='grc' dir='ltr'>δή</span> <span class='ocrx_word' id='word_1_863' title='bbox 3302 4588 3431 4626; x_wconf 89' lang='grc' dir='ltr'>ποτε</span> <span class='ocrx_word' id='word_1_864' title='bbox 3460 4568 3535 4639; x_wconf 79' lang='grc' dir='ltr'>εί,</span> 
     </span>
    </p>
   </div>
   <div class='ocr_carea' id='block_1_115' title="bbox 1956 4647 3538 4726">
    <p class='ocr_par' dir='ltr' id='par_1_115' title="bbox 1956 4647 3538 4726">
     <span class='ocr_line' id='line_1_115' title="bbox 1956 4647 3538 4726; baseline -0.001 -16"><span class='ocrx_word' id='word_1_865' title='bbox 1956 4654 2201 4710; x_wconf 87' lang='grc' dir='ltr'>πιστεύω</span> <span class='ocrx_word' id='word_1_866' title='bbox 2232 4655 2312 4717; x_wconf 89' lang='grc' dir='ltr'>εἰς</span> <span class='ocrx_word' id='word_1_867' title='bbox 2342 4656 2432 4707; x_wconf 78' lang='grc' dir='ltr'>τὸν</span> <span class='ocrx_word' id='word_1_868' title='bbox 2468 4654 2525 4719; x_wconf 86' lang='grc' dir='ltr'>ἐν</span> <span class='ocrx_word' id='word_1_869' title='bbox 2549 4647 2593 4721; x_wconf 84' lang='grc' dir='ltr'>ᾧ</span> <span class='ocrx_word' id='word_1_870' title='bbox 2627 4654 2873 4723; x_wconf 81' lang='grc' dir='ltr'>λατρεύω</span> <span class='ocrx_word' id='word_1_871' title='bbox 2901 4655 2979 4725; x_wconf 85' lang='grc' dir='ltr'>τῷ</span> <span class='ocrx_word' id='word_1_872' title='bbox 3012 4655 3327 4719; x_wconf 74' lang='grc' dir='ltr'>δεσπόζοντι</span> <span class='ocrx_word' id='word_1_873' title='bbox 3354 4656 3538 4726; x_wconf 83' lang='grc' dir='ltr'>πάσης</span> 
     </span>
    </p>
   </div>
   <div class='ocr_carea' id='block_1_116' title="bbox 1954 4735 3539 4808">
    <p class='ocr_par' dir='ltr' id='par_1_116' title="bbox 1954 4735 3539 4808">
     <span class='ocr_line' id='line_1_116' title="bbox 1954 4735 3539 4808; baseline 0.001 -17"><span class='ocrx_word' id='word_1_874' title='bbox 1954 4740 2152 4807; x_wconf 76' lang='grc' dir='ltr'>πνοῆςο</span> <span class='ocrx_word' id='word_1_875' title='bbox 2194 4738 2276 4790; x_wconf 83' lang='grc' dir='ltr'>ὅτι</span> <span class='ocrx_word' id='word_1_876' title='bbox 2301 4737 2350 4788; x_wconf 87' lang='grc' dir='ltr'>εί</span> <span class='ocrx_word' id='word_1_877' title='bbox 2381 4735 2602 4807; x_wconf 72' lang='grc' dir='ltr'>χρῄζεις</span> <span class='ocrx_word' id='word_1_878' title='bbox 2631 4738 2802 4799; x_wconf 84' lang='grc' dir='ltr'>ϐντως</span> <span class='ocrx_word' id='word_1_879' title='bbox 2841 4737 3114 4808; x_wconf 84' lang='grc' dir='ltr'>βοηθείας,</span> <span class='ocrx_word' id='word_1_880' title='bbox 3158 4740 3363 4807; x_wconf 85' lang='grc' dir='ltr'>πέμπει</span> <span class='ocrx_word' id='word_1_881' title='bbox 3394 4755 3477 4792; x_wconf 92' lang='grc' dir='ltr'>σοι</span> <span class='ocrx_word' id='word_1_882' title='bbox 3508 4740 3539 4793; x_wconf 90' lang='lat'>6</span> 
     </span>
    </p>
   </div>
   <div class='ocr_carea' id='block_1_117' title="bbox 1952 4818 3539 4890">
    <p class='ocr_par' dir='ltr' id='par_1_117' title="bbox 1952 4818 3539 4890">
     <span class='ocr_line' id='line_1_117' title="bbox 1952 4818 3539 4890; baseline 0.001 -16"><span class='ocrx_word' id='word_1_883' title='bbox 1952 4821 2085 4883; x_wconf 79' lang='grc' dir='ltr'>Θεός</span> <span class='ocrx_word' id='word_1_884' title='bbox 2120 4837 2222 4890; x_wconf 92' lang='grc' dir='ltr'>μου</span> <span class='ocrx_word' id='word_1_885' title='bbox 2268 4818 2540 4889; x_wconf 82' lang='grc' dir='ltr'>βοήθειαν,</span> <span class='ocrx_word' id='word_1_886' title='bbox 2570 4820 2664 4872; x_wconf 70' lang='grc' dir='ltr'>καὶ</span> <span class='ocrx_word' id='word_1_887' title='bbox 2690 4818 2814 4873; x_wconf 84' lang='grc' dir='ltr'>οῦτε</span> <span class='ocrx_word' id='word_1_888' title='bbox 2846 4836 2904 4873; x_wconf 89' lang='grc' dir='ltr'>σε</span> <span class='ocrx_word' id='word_1_889' title='bbox 2945 4820 3147 4886; x_wconf 84' lang='grc' dir='ltr'>ῦαιναι,</span> <span class='ocrx_word' id='word_1_890' title='bbox 3179 4821 3301 4875; x_wconf 76' lang='grc' dir='ltr'>οὗτε</span> <span class='ocrx_word' id='word_1_891' title='bbox 3328 4838 3381 4874; x_wconf 91' lang='grc' dir='ltr'>τι</span> <span class='ocrx_word' id='word_1_892' title='bbox 3408 4822 3539 4877; x_wconf 68' lang='grc' dir='ltr'>ἄλλο</span> 
     </span>
    </p>
   </div>
   <div class='ocr_carea' id='block_1_118' title="bbox 1953 4899 3539 4973">
    <p class='ocr_par' dir='ltr' id='par_1_118' title="bbox 1953 4899 3539 4973">
     <span class='ocr_line' id='line_1_118' title="bbox 1953 4899 3539 4973; baseline 0.001 -17"><span class='ocrx_word' id='word_1_893' title='bbox 1953 4905 2224 4973; x_wconf 86' lang='grc' dir='ltr'>ἀδικήσει.</span> <span class='ocrx_word' id='word_1_894' title='bbox 2273 4903 2336 4955; x_wconf 84' lang='grc' dir='ltr'>Εἰ</span> <span class='ocrx_word' id='word_1_895' title='bbox 2374 4904 2431 4954; x_wconf 87' lang='grc' dir='ltr'>δέ</span> <span class='ocrx_word' id='word_1_896' title='bbox 2467 4902 2775 4972; x_wconf 88' lang='grc' dir='ltr'>πειρασμός</span> <span class='ocrx_word' id='word_1_897' title='bbox 2806 4920 2890 4965; x_wconf 88' lang='grc' dir='ltr'>τις</span> <span class='ocrx_word' id='word_1_898' title='bbox 2921 4899 2991 4968; x_wconf 78' lang='grc' dir='ltr'>εἷ,</span> <span class='ocrx_word' id='word_1_899' title='bbox 3033 4904 3313 4958; x_wconf 74' lang='grc' dir='ltr'>καὶτοῦτο</span> <span class='ocrx_word' id='word_1_900' title='bbox 3338 4906 3367 4957; x_wconf 90' lang='lat'>6</span> <span class='ocrx_word' id='word_1_901' title='bbox 3403 4904 3539 4969; x_wconf 76' lang='grc' dir='ltr'>Θεός</span> 
     </span>
    </p>
   </div>
   <div class='ocr_carea' id='block_1_119' title="bbox 1956 4984 3539 5059">
    <p class='ocr_par' dir='ltr' id='par_1_119' title="bbox 1956 4984 3539 5059">
     <span class='ocr_line' id='line_1_119' title="bbox 1956 4984 3539 5059; baseline 0.001 -19"><span class='ocrx_word' id='word_1_902' title='bbox 1956 5006 2060 5059; x_wconf 88' lang='grc' dir='ltr'>μου</span> <span class='ocrx_word' id='word_1_903' title='bbox 2114 4984 2363 5039; x_wconf 83' lang='grc' dir='ltr'>ἐντεῦθεν</span> <span class='ocrx_word' id='word_1_904' title='bbox 2410 4984 2510 5055; x_wconf 75' lang='grc' dir='ltr'>ήδη</span> <span class='ocrx_word' id='word_1_905' title='bbox 2544 4984 2605 5037; x_wconf 83' lang='grc' dir='ltr'>τὸ</span> <span class='ocrx_word' id='word_1_906' title='bbox 2649 4986 2835 5055; x_wconf 82' lang='grc' dir='ltr'>δρᾶμα</span> <span class='ocrx_word' id='word_1_907' title='bbox 2884 4988 3226 5057; x_wconf 68' lang='grc' dir='ltr'>ἀποκαλύψει</span> <span class='ocrx_word' id='word_1_908' title='bbox 3278 5004 3405 5057; x_wconf 78' lang='grc' dir='ltr'>μοι’</span> <span class='ocrx_word' id='word_1_909' title='bbox 3444 4989 3539 5044; x_wconf 74' lang='grc' dir='ltr'>καὶ</span> 
     </span>
    </p>
   </div>
   <div class='ocr_carea' id='block_1_120' title="bbox 1955 5068 3537 5142">
    <p class='ocr_par' dir='ltr' id='par_1_120' title="bbox 1955 5068 3537 5142">
     <span class='ocr_line' id='line_1_120' title="bbox 1955 5068 3537 5142; baseline 0 -16"><span class='ocrx_word' id='word_1_910' title='bbox 1955 5073 2177 5132; x_wconf 84' lang='grc' dir='ltr'>κλείσας</span> <span class='ocrx_word' id='word_1_911' title='bbox 2226 5070 2326 5140; x_wconf 79' lang='grc' dir='ltr'>τὴν</span> <span class='ocrx_word' id='word_1_912' title='bbox 2376 5068 2545 5137; x_wconf 81' lang='grc' dir='ltr'>θύραν</span> <span class='ocrx_word' id='word_1_913' title='bbox 2592 5070 2690 5137; x_wconf 89' lang='grc' dir='ltr'>τῆς</span> <span class='ocrx_word' id='word_1_914' title='bbox 2727 5070 2920 5141; x_wconf 85' lang='grc' dir='ltr'>κέλλης</span> <span class='ocrx_word' id='word_1_915' title='bbox 2958 5072 3224 5142; x_wconf 81' lang='grc' dir='ltr'>ἐνδοτέρω</span> <span class='ocrx_word' id='word_1_916' title='bbox 3270 5071 3537 5142; x_wconf 82' lang='grc' dir='ltr'>ἀπῆλθεν.</span> 
     </span>
    </p>
   </div>
   <div class='ocr_carea' id='block_1_121' title="bbox 1956 5151 3539 5227">
    <p class='ocr_par' dir='ltr' id='par_1_121' title="bbox 1956 5151 3539 5227">
     <span class='ocr_line' id='line_1_121' title="bbox 1956 5151 3539 5227; baseline -0.011 -11"><span class='ocrx_word' id='word_1_917' title='bbox 1956 5155 2272 5226; x_wconf 77' lang='grc' dir='ltr'>Αἰσχυνθεὶς</span> <span class='ocrx_word' id='word_1_918' title='bbox 2322 5152 2378 5205; x_wconf 89' lang='grc' dir='ltr'>δέ</span> <span class='ocrx_word' id='word_1_919' title='bbox 2412 5154 2439 5203; x_wconf 89' lang='grc' dir='ltr'>ὁ</span> <span class='ocrx_word' id='word_1_920' title='bbox 2472 5151 2686 5221; x_wconf 73' lang='grc' dir='ltr'>δαίμων</span> <span class='ocrx_word' id='word_1_921' title='bbox 2724 5153 2820 5207; x_wconf 86' lang='grc' dir='ltr'>καὶ</span> <span class='ocrx_word' id='word_1_922' title='bbox 2852 5156 2945 5207; x_wconf 81' lang='grc' dir='ltr'>ἐπὶ</span> <span class='ocrx_word' id='word_1_923' title='bbox 2973 5156 3148 5227; x_wconf 75' lang='grc' dir='ltr'>ταύτῃ</span> <span class='ocrx_word' id='word_1_924' title='bbox 3173 5158 3240 5227; x_wconf 69' lang='grc' dir='ltr'>τῇ</span> <span class='ocrx_word' id='word_1_925' title='bbox 3268 5156 3409 5227; x_wconf 44' lang='lat' dir='ltr'>ﬁn?</span> <span class='ocrx_word' id='word_1_926' title='bbox 3439 5157 3539 5209; x_wconf 76' lang='grc' dir='ltr'>αὑ-</span> 
     </span>
    </p>
   </div>
   <div class='ocr_carea' id='block_1_122' title="bbox 1956 5237 3539 5313">
    <p class='ocr_par' dir='ltr' id='par_1_122' title="bbox 1956 5237 3539 5313">
     <span class='ocr_line' id='line_1_122' title="bbox 1956 5237 3539 5313; baseline 0 -19"><span class='ocrx_word' id='word_1_927' title='bbox 1956 5242 2076 5306; x_wconf 88' lang='grc' dir='ltr'>τοῦ,</span> <span class='ocrx_word' id='word_1_928' title='bbox 2126 5242 2207 5303; x_wconf 89' lang='grc' dir='ltr'>εἰς</span> <span class='ocrx_word' id='word_1_929' title='bbox 2245 5238 2484 5290; x_wconf 86' lang='grc' dir='ltr'>λαίλαπα</span> <span class='ocrx_word' id='word_1_930' title='bbox 2526 5237 2763 5308; x_wconf 89' lang='grc' dir='ltr'>ἀνελύθη</span> <span class='ocrx_word' id='word_1_931' title='bbox 2786 5279 2800 5302; x_wconf 94' lang='grc'>,</span> <span class='ocrx_word' id='word_1_932' title='bbox 2834 5242 2928 5293; x_wconf 85' lang='grc' dir='ltr'>καὶ</span> <span class='ocrx_word' id='word_1_933' title='bbox 2956 5242 3035 5303; x_wconf 90' lang='grc' dir='ltr'>εἰς</span> <span class='ocrx_word' id='word_1_934' title='bbox 3079 5240 3343 5312; x_wconf 85' lang='grc' dir='ltr'>όνάγρους</span> <span class='ocrx_word' id='word_1_935' title='bbox 3378 5257 3539 5313; x_wconf 82' lang='grc' dir='ltr'>σκιρ-</span> 
     </span>
    </p>
   </div>
   <div class='ocr_carea' id='block_1_123' title="bbox 1956 5320 3539 5393">
    <p class='ocr_par' dir='ltr' id='par_1_123' title="bbox 1956 5320 3539 5393">
     <span class='ocr_line' id='line_1_123' title="bbox 1956 5320 3539 5393; baseline -0.001 -14"><span class='ocrx_word' id='word_1_936' title='bbox 1956 5328 2165 5387; x_wconf 82' lang='grc' dir='ltr'>τῶντας</span> <span class='ocrx_word' id='word_1_937' title='bbox 2230 5321 2324 5375; x_wconf 78' lang='grc' dir='ltr'>καὶ</span> <span class='ocrx_word' id='word_1_938' title='bbox 2377 5320 2699 5388; x_wconf 84' lang='grc' dir='ltr'>φεύγοντας,</span> <span class='ocrx_word' id='word_1_939' title='bbox 2758 5324 2852 5375; x_wconf 78' lang='grc' dir='ltr'>καὶ</span> <span class='ocrx_word' id='word_1_940' title='bbox 2910 5322 3117 5393; x_wconf 77' lang='grc' dir='ltr'>ψόφους</span> <span class='ocrx_word' id='word_1_941' title='bbox 3173 5326 3267 5393; x_wconf 70' lang='grc' dir='ltr'>ἀφ’</span> <span class='ocrx_word' id='word_1_942' title='bbox 3330 5324 3539 5379; x_wconf 90' lang='grc' dir='ltr'>ἐαυτῶν</span> 
     </span>
    </p>
   </div>
   <div class='ocr_carea' id='block_1_124' title="bbox 1956 5402 3539 5479">
    <p class='ocr_par' dir='ltr' id='par_1_124' title="bbox 1956 5402 3539 5479">
     <span class='ocr_line' id='line_1_124' title="bbox 1956 5402 3539 5479; baseline 0 -17"><span class='ocrx_word' id='word_1_943' title='bbox 1956 5407 2291 5467; x_wconf 82' lang='grc' dir='ltr'>άπολύοντας</span> <span class='ocrx_word' id='word_1_944' title='bbox 2372 5402 2759 5475; x_wconf 67' lang='grc' dir='ltr'>ἐξομοωθείς,</span> <span class='ocrx_word' id='word_1_945' title='bbox 2834 5405 3019 5471; x_wconf 85' lang='grc' dir='ltr'>οὑτως</span> <span class='ocrx_word' id='word_1_946' title='bbox 3104 5408 3342 5477; x_wconf 78' lang='grc' dir='ltr'>ἀφαντος</span> <span class='ocrx_word' id='word_1_947' title='bbox 3411 5408 3539 5479; x_wconf 82' lang='grc' dir='ltr'>ἐγέ-</span> 
     </span>
    </p>
   </div>
   <div class='ocr_carea' id='block_1_125' title="bbox 1957 5512 2097 5549">
    <p class='ocr_par' dir='ltr' id='par_1_125' title="bbox 1957 5512 2097 5549">
     <span class='ocr_line' id='line_1_125' title="bbox 1957 5512 2097 5549; baseline -0.014 0"><span class='ocrx_word' id='word_1_948' title='bbox 1957 5512 2097 5549; x_wconf 85' lang='grc' dir='ltr'>νετο.</span> 
     </span>
    </p>
   </div>
   <div class='ocr_carea' id='block_1_126' title="bbox 2028 5607 3539 5685">
    <p class='ocr_par' dir='ltr' id='par_1_126' title="bbox 2028 5607 3539 5685">
     <span class='ocr_line' id='line_1_126' title="bbox 2028 5607 3539 5685; baseline -0.001 -16"><span class='ocrx_word' id='word_1_949' title='bbox 2028 5615 2199 5669; x_wconf 90' lang='grc' dir='ltr'>Τοῦτο</span> <span class='ocrx_word' id='word_1_950' title='bbox 2224 5614 2285 5668; x_wconf 79' lang='grc' dir='ltr'>τὸ</span> <span class='ocrx_word' id='word_1_951' title='bbox 2310 5610 2472 5669; x_wconf 78' lang='grc' dir='ltr'>ἆθλον</span> <span class='ocrx_word' id='word_1_952' title='bbox 2490 5612 2581 5667; x_wconf 87' lang='grc' dir='ltr'>τοῦ</span> <span class='ocrx_word' id='word_1_953' title='bbox 2613 5612 2890 5684; x_wconf 87' lang='grc' dir='ltr'>μακαρίου</span> <span class='ocrx_word' id='word_1_954' title='bbox 2915 5612 3235 5685; x_wconf 79' lang='grc' dir='ltr'>Ναθαναὴλ,</span> <span class='ocrx_word' id='word_1_955' title='bbox 3263 5612 3356 5668; x_wconf 79' lang='grc' dir='ltr'>καὶ</span> <span class='ocrx_word' id='word_1_956' title='bbox 3380 5607 3539 5669; x_wconf 70' lang='grc' dir='ltr'>αὗται</span> 
     </span>
    </p>
   </div>
   <div class='ocr_carea' id='block_1_127' title="bbox 1960 5697 3539 5769">
    <p class='ocr_par' dir='ltr' id='par_1_127' title="bbox 1960 5697 3539 5769">
     <span class='ocr_line' id='line_1_127' title="bbox 1960 5697 3539 5769; baseline -0.003 -16"><span class='ocrx_word' id='word_1_957' title='bbox 1960 5700 2125 5753; x_wconf 85' lang='grc' dir='ltr'>αὑτοῦ</span> <span class='ocrx_word' id='word_1_958' title='bbox 2179 5700 2235 5751; x_wconf 89' lang='grc' dir='ltr'>αί</span> <span class='ocrx_word' id='word_1_959' title='bbox 2292 5697 2487 5769; x_wconf 78' lang='grc' dir='ltr'>ἀρεταὶ</span> <span class='ocrx_word' id='word_1_960' title='bbox 2524 5698 2619 5767; x_wconf 83' lang='grc' dir='ltr'>τῆς</span> <span class='ocrx_word' id='word_1_961' title='bbox 2665 5697 2993 5768; x_wconf 87' lang='grc' dir='ltr'>ἀσκήσεως,</span> <span class='ocrx_word' id='word_1_962' title='bbox 3044 5698 3139 5750; x_wconf 75' lang='grc' dir='ltr'>καὶ</span> <span class='ocrx_word' id='word_1_963' title='bbox 3193 5698 3226 5766; x_wconf 81' lang='grc' dir='ltr'><strong>ἡ</strong></span> <span class='ocrx_word' id='word_1_964' title='bbox 3273 5698 3539 5766; x_wconf 87' lang='grc' dir='ltr'>ἀήττητος</span> 
     </span>
    </p>
   </div>
   <div class='ocr_carea' id='block_1_128' title="bbox 1965 5778 3537 5854">
    <p class='ocr_par' dir='ltr' id='par_1_128' title="bbox 1965 5778 3537 5854">
     <span class='ocr_line' id='line_1_128' title="bbox 1965 5778 3537 5854; baseline -0.003 -17"><span class='ocrx_word' id='word_1_965' title='bbox 1965 5787 2111 5854; x_wconf 87' lang='grc' dir='ltr'>μάχη</span> <span class='ocrx_word' id='word_1_966' title='bbox 2170 5781 2306 5852; x_wconf 87' lang='grc' dir='ltr'>πρὸς</span> <span class='ocrx_word' id='word_1_967' title='bbox 2344 5783 2435 5835; x_wconf 76' lang='grc' dir='ltr'>τὸν</span> <span class='ocrx_word' id='word_1_968' title='bbox 2473 5780 2801 5847; x_wconf 83' lang='grc' dir='ltr'>ἀντίπαλον,</span> <span class='ocrx_word' id='word_1_969' title='bbox 2852 5782 2947 5833; x_wconf 75' lang='grc' dir='ltr'>καὶ</span> <span class='ocrx_word' id='word_1_970' title='bbox 2997 5778 3138 5850; x_wconf 83' lang='grc' dir='ltr'>αῦτη</span> <span class='ocrx_word' id='word_1_971' title='bbox 3179 5779 3342 5833; x_wconf 87' lang='grc' dir='ltr'>αὑτοῦ</span> <span class='ocrx_word' id='word_1_972' title='bbox 3384 5781 3417 5849; x_wconf 85' lang='grc' dir='ltr'>ή</span> <span class='ocrx_word' id='word_1_973' title='bbox 3458 5780 3537 5832; x_wconf 80' lang='grc' dir='ltr'>δι-</span> 
     </span>
    </p>
   </div>
   <div class='ocr_carea' id='block_1_129' title="bbox 1963 5862 3483 5939">
    <p class='ocr_par' dir='ltr' id='par_1_129' title="bbox 1963 5862 3483 5939">
     <span class='ocr_line' id='line_1_129' title="bbox 1963 5862 3483 5939; baseline -0.001 -21"><span class='ocrx_word' id='word_1_974' title='bbox 1963 5867 2175 5939; x_wconf 77' lang='grc' dir='ltr'>αγωγὴ,</span> <span class='ocrx_word' id='word_1_975' title='bbox 2208 5867 2301 5923; x_wconf 71' lang='grc' dir='ltr'>καὶ</span> <span class='ocrx_word' id='word_1_976' title='bbox 2329 5865 2388 5919; x_wconf 74' lang='grc' dir='ltr'>τὸ</span> <span class='ocrx_word' id='word_1_977' title='bbox 2418 5883 2477 5918; x_wconf 79' lang='grc' dir='ltr'>πε</span> <span class='ocrx_word' id='word_1_978' title='bbox 2492 5864 2545 5937; x_wconf 63' lang='lat' dir='ltr'>pl</span> <span class='ocrx_word' id='word_1_979' title='bbox 2579 5865 2739 5919; x_wconf 71' lang='grc' dir='ltr'>αὑτὸν</span> <span class='ocrx_word' id='word_1_980' title='bbox 2766 5862 2857 5917; x_wconf 84' lang='grc' dir='ltr'>τοῦ</span> <span class='ocrx_word' id='word_1_981' title='bbox 2882 5862 3128 5933; x_wconf 85' lang='grc' dir='ltr'>ἀοιδίμου</span> <span class='ocrx_word' id='word_1_982' title='bbox 3166 5862 3281 5933; x_wconf 77' lang='grc' dir='ltr'>βίου</span> <span class='ocrx_word' id='word_1_983' title='bbox 3315 5862 3483 5923; x_wconf 73' lang='grc' dir='ltr'>τέλος.</span> 
     </span>
    </p>
   </div>
  </div>
