4258 6358
729 362 869 427 1043

1260 472 1509 528 ΚΕΦΛΛ..
1557 469 1659 534 ΙΘ⁹,
1690 473 1773 525 Κ¹.

1017 555 1154 626 Περὶ
1186 557 1493 625 Μακαρίου
1526 555 1629 607 τοῦ
1664 553 2011 622 Αἰγυπτίου.

793 643 873 696 Τά
908 641 1045 695 κατά
1078 642 1203 703 τοὺς
1228 641 1418 708 ἁγίους
1446 640 1540 692 καὶ
1574 638 1875 701 ἀθανάτους
1905 635 2156 705 Ματέρας
2184 636 2306 690 Μα-

724 727 912 797 κάριόν
953 726 1042 778 τὸν
1073 725 1394 793 Αἰγύπτιον,
1444 725 1538 776 καὶ
1579 724 1864 793 Μακάρων
1907 720 1996 772 τὸν
2055 720 2307 787 Ἀλεξαν-

722 812 888 880 δρέα,
927 810 1054 871 τοὺς
1103 810 1388 876 γενναίους
1438 808 1638 879 ἄνδρας
1684 807 1780 857 καὶ
1833 804 2309 871 ἀκαταγωνίστους

725 893 995 963 ἀθλητάς,
1057 891 1151 945 τοῦ
1182 891 1438 962 ἐναρέτου
1483 891 1599 959 βίου
1657 886 1793 943 ἆθλα
1830 888 1999 942 πολλά
2039 888 2165 941 ὄντα
2215 889 2309 942 καὶ

728 976 974 1046 μεγάλα,
1029 975 1127 1027 καὶ
1179 973 1377 1044 μικροῦ
1423 974 1532 1027 δεῖν
1559 973 1830 1025 δύσπιστα
1868 974 1981 1035 τοῖς
2026 972 2305 1037 ἀπίστοις,

724 1060 866 1112 ὀκνῶ
890 1057 1282 1129 διηγήσασθαι,
1315 1058 1409 1110 καὶ
1438 1058 1621 1126 γραφῇ
1660 1054 2015 1126 παραδοῦναι,
2064 1056 2137 1125 μή
2178 1071 2308 1108 ποτε

725 1145 819 1195 καὶ
850 1141 1083 1211 ψεύστου
1114 1142 1271 1205 δόξαν
1320 1140 1740 1209 ἀπενέγκωμαι.
1795 1139 1917 1190 Ὀτι
1950 1138 2007 1190 δὲ
2052 1138 2309 1192 ἀπολλύει

727 1225 930 1295 Κύριος
980 1228 1188 1287 πάντας
1236 1224 1364 1287 τοὺς
1409 1224 1705 1286 λαλοῦντας
1752 1222 1814 1276 τὸ
1854 1221 2086 1290 ψεῦδος,
2120 1220 2309 1291 σαφῶς

728 1310 873 1363 ἔστιν
900 1309 1025 1361 ἰδεῖν
1055 1307 1479 1377 ἀποφηνάμενον
1512 1306 1571 1358 τὸ
1598 1305 1823 1374 Πνεῦμα
1850 1305 1909 1357 τὸ
1938 1303 2114 1371 ἆγιον.

810 1391 976 1461 Ἐμοῦ
1024 1393 1203 1444 τοίνυν
1252 1392 1325 1461 μὴ
1372 1390 1705 1460 ψευδομένου
1752 1389 1838 1442 διά
1886 1390 1985 1459 τὴν
2020 1390 2179 1459 χάριν
2213 1385 2307 1441 τοῦ

728 1475 959 1545 Κυρίου,
1006 1473 1295 1525 πιστότατε
1349 1473 1459 1524 τῶν
1499 1472 1708 1543 ἀνδρῶν
1760 1471 1964 1531 Λαῦσε,
2017 1472 2110 1522 καὶ
2149 1469 2309 1532 αὐτὸς

733 1559 807 1626 μὴ
850 1556 1067 1611 ἀπίστει
1115 1560 1223 1618 τοῖς
1258 1555 1365 1608 τῶν
1407 1555 1578 1624 ἁγίων
1626 1556 1881 1624 Πατέρων
1921 1554 2125 1620 ἁθλοις,
2176 1553 2310 1606 ἀλλά

732 1639 934 1709 μᾶλλον
983 1638 1392 1706 ὲγκαλλωπίζου
1445 1637 1650 1690 τούτων
1703 1638 1808 1689 τῶν
1870 1636 2163 1703 ἀοιδίμων,
2215 1636 2309 1687 καὶ

728 1722 898 1785 ὅντως
930 1721 1248 1790 μακαρίων,
1292 1721 1398 1772 τῶν
1441 1719 1559 1771 κατ’
1597 1720 1757 1785 ἀξίαν
1788 1719 1893 1770 τῶν
1927 1718 2089 1770 ὁσίων
2133 1716 2309 1770 άθλων

728 1805 908 1857 αὑτῶν
934 1805 1033 1871 τῆς
1055 1804 1341 1870 ἀσκήσεως
1372 1803 1466 1856 καί
1490 1803 1558 1855 τὰ
1587 1804 1827 1870 ὀνόματα
1856 1801 2236 1870 κεκτημένων.

814 1888 872 1939 '0
914 1891 1011 1957 μὲν
1043 1885 1256 1955 πρῶτος
1296 1885 1534 1955 ἀθλητὴς
1567 1884 1662 1938 τοῦ
1706 1884 1978 1953 Χριστοῦ,
2020 1885 2308 1955 Μακάριος

728 1969 974 2039 ὀνόματι,
1000 1968 1295 2035 Αἰγύπτιος
1330 1967 1408 2037 τῷ
1437 1968 1583 2034 γένει
1608 1966 1853 2037 ὑπῆρχεν
1876 1983 1887 1995 ’
1921 1969 1947 2019 6
1974 1966 2030 2019 δὲ
2058 1965 2307 2036 δεύτερος

726 2056 795 2122 τῇ
821 2051 1041 2122 ήλικίᾳ,
1073 2050 1287 2118 πρῶτος
1317 2050 1372 2101 δὲ
1422 2052 1532 2113 τοῖς
1570 2050 1949 2120 προτερήμασι
1995 2048 2102 2101 τῶν
2144 2066 2307 2119 μονάς

728 2134 863 2204 χῶν,
912 2135 1008 2187 καὶ
1039 2133 1201 2195 αὑτὸς
1247 2133 1535 2202 Μακάριος
1576 2132 1912 2201 καλούμενος
1942 2131 2019 2201 τῷ
2058 2132 2304 2201 ὀνόματι,

744 2217 1140 2288 Ἀλεξανδρέων
1170 2215 1393 2285 πολίτης
1434 2215 1690 2285 γέγονεν,
1732 2216 2065 2287 τραγήματα
2102 2215 2310 2285 πιπρά-

732 2315 899 2354 σκων.

804 2382 915 2436 Καὶ
963 2382 1031 2435 τά
1085 2381 1188 2451 μὲν
1239 2380 1431 2451 πρῶτα
1482 2382 1817 2453 διηγήσομαι
1863 2380 1959 2433 τοῦ
2014 2381 2312 2449 Αἰγυπτίου

730 2465 1021 2536 Μακαρίου
1049 2467 1146 2527 τὰς
1190 2466 1418 2535 ἀρετάς,
1454 2465 1511 2527 ὃς
1544 2466 1740 2528 ἔζησεν
1769 2465 1836 2518 τὰ
1880 2465 2173 2534 σύμπαντα
2216 2464 2310 2535 έτη

733 2549 1077 2617 ἐνενήκοντα.
1142 2548 1275 2600 Ἀπὸ
1312 2548 1523 2601 τούτων
1574 2550 1632 2600 έν
1666 2551 1731 2617 τῇ
1791 2549 1978 2618 ἐρήμῳ
2014 2548 2314 2615 πεποίηκεν

733 2632 995 2702 ἑξήκοντα
1043 2632 1158 2701 ἐτη.
1190 2632 1631 2702 Τριακονταετὴς
1676 2630 1914 2683 ἀνελθὼν
1954 2632 2215 2701 νεώτερος
2247 2633 2313 2703 τῇ

733 2716 921 2786 ἡλικίᾳ
961 2715 1228 2786 σφριγῶν,
1272 2714 1513 2786 τοσαύτῃ
1555 2708 1709 2777 οὗτος
1739 2716 2011 2784 ἐχρήσατο
2048 2715 2316 2784 καρτερίᾳ

733 2801 913 2852 πόνων
954 2798 1272 2869 ἀσκητικῶν
1305 2800 1361 2851 έν
1392 2799 1533 2861 ὅλοις
1572 2798 1703 2851 δέκα
1742 2797 1945 2862 ἐτεσιν,
1994 2796 2070 2859 ώς
2116 2796 2316 2866 πολλῆς

736 2883 828 2936 καὶ
879 2881 1122 2950 μεγάλης
1171 2879 1362 2934 τοῦτον
1404 2880 1704 2950 ἀξιωθῆναι
1749 2880 2114 2949 διακρίσεως·
2173 2879 2315 2931 ὥστε

735 2966 1019 3019 καλεῖσθαι
1082 2964 1244 3017 αὑτὸν
1299 2963 1825 3035 παιδαριογέροντα,
1880 2963 2066 3033 ἐπειδὴ
2124 2964 2317 3017 θᾶττον

736 3048 833 3117 τῆς
880 3048 1098 3114 ήλικίας
1137 3046 1443 3117 προέκοψεν
1484 3049 1602 3109 ταῖς
1633 3048 1876 3117 ἀρεταῖς.
1932 3046 2314 3115 Τεσσαρακον-

2210 358 2559 420 PALLADII

2339 475 2384 531 Α
2414 473 2523 534 τοῖς
2558 471 2952 542 ῥᾳθυμοτέρως
3006 470 3116 524 τῶν
3156 470 3262 535 ἔξω
3298 469 3550 541 μοναχῶν
3593 471 3741 523 ἔστιν
3771 471 4047 541 εὑρεθῆ-

3859 353 4052 421 1044

2410 572 2497 606 ναι
2544 554 2890 623 ἀδηφαγίαν,
2941 555 2973 625 ή
3019 554 3174 624 παρὰ
3221 557 3335 616 τοῖς
3383 551 3535 607 οὖσιν
3566 555 3625 606 ὲν
3666 556 3777 616 τοῖς
3810 556 4044 617 τόποις

2412 638 2663 699 ἐκείνοις,
2695 640 2786 691 καὶ
2812 638 2899 691 διὰ
2923 639 3021 708 τὴν
3052 642 3249 692 σπάνιν
3281 640 3389 690 τῶν
3415 638 3637 709 χρειῶν,
3674 639 3767 690 καὶ
3792 638 3885 690 διὰ
3920 638 4042 690 τὸν

2409 721 2547 773 κατά
2592 720 2725 774 Θεὸν
2769 721 2930 791 ζῆλον
2966 722 3075 774 τῶν
3108 721 3507 773 κατοικούντων
3535 722 3651 773 ἐκεῖ
3678 762 3691 781 ,
3733 722 3822 772 ἀεὶ
3862 721 4039 791 πρὸς

2408 805 2672 876 ἀλλήλους
2713 808 2957 861 ἑκάστων
3005 805 3457 875 φιλονεικούντων
3509 804 3860 876 ὑπερϐαίνειν
3918 805 4035 858 τὸν

2410 891 2641 961 πλησίον
2673 893 2795 955 ταῖς
2828 890 3108 960 διαφόροις
3140 891 3461 952 πολιτείαις.

2482 975 2617 1045 Περὶ
2649 974 2705 1027 δὲ
2748 976 2845 1045 τῆς
2877 974 3045 1044 ἀλλης
3074 976 3362 1044 ἀσκήσεως
3387 972 3579 1025 τούτου
3608 970 3703 1024 τοῦ
3742 971 4031 1042 οὐρανίου

2410 1059 2623 1129 ἀνδρὸς,
2652 1060 2945 1130 Μακαρίου
2971 1060 3137 1128 λέγω,
3170 1058 3391 1126 ἐλέγετο
3418 1051 3578 1120 οὗτος
3603 1058 3631 1109 ὁ
3662 1055 3820 1123 ἆγιος
3844 1057 4031 1109 ἀδια-

2410 1143 2645 1206 λείπτως
2694 1143 3037 1208 ἐξίστασθαι,
3087 1143 3183 1195 καὶ
3230 1142 3433 1211 μᾶλλον
3461 1140 3542 1209 τῷ
3584 1140 3791 1191 πλείονι
3824 1142 4030 1209 χρόνῳ

2412 1226 2854 1296 προσδιατρίϐειν
2882 1226 3022 1296 Θεῷ,
3051 1227 3085 1297 ἢ
3117 1229 3230 1289 τοῖς
3272 1225 3365 1279 ὑπ’
3394 1224 3624 1293 οὐρανὸν
3653 1224 4024 1294 πράγμασιν.

2411 1307 2487 1367 Οῦ
2515 1310 2610 1363 καὶ
2628 1310 2863 1381 διάφορα
2893 1314 3153 1380 φέρονται
3184 1308 3465 1379 θαύματα.

2495 1394 2659 1464 ’Δνήρ
2707 1410 2792 1457 τις
2852 1393 3151 1461 Αἰγύπτιος
3194 1392 3407 1454 ἁσωτος
3443 1388 3698 1460 ἐρασθεὶς
3743 1387 4028 1457 γυναικὸς

2412 1475 2702 1545 ἐλευθέρας
2732 1475 3032 1546 ὑπάνδρου,
3060 1476 3157 1529 καὶ
3190 1476 3268 1545 μὴ
3292 1474 3595 1543 δυνάμενος
3623 1472 3795 1541 αὐτὴν
3820 1470 4027 1523 δελεά-

2413 1575 2539 1620 σαι,
2589 1558 2677 1611 διὰ
2706 1557 2805 1628 τὴν
2842 1557 3202 1629 σωφροσύνην
3243 1555 3451 1623 ταύτης
3486 1554 3624 1624 πρὸς
3670 1553 3764 1604 τὸν
3794 1553 4027 1621 παρθε-

2412 1640 2558 1692 νικὸν
2582 1640 2752 1709 αὐτῆς
2775 1639 2965 1709 ἄνδρα,
2998 1638 3421 1708 προσωμίλησεν
3448 1638 3603 1706 γόητι
3649 1638 3679 1688 6
3733 1636 4025 1705 κακόσχο-

2411 1724 2522 1788 λος,
2559 1722 2737 1789 λέγων
2776 1721 2947 1791 αὐτῷ,
2991 1723 3061 1775 Ἣ
3109 1722 3229 1775 έλον
3270 1721 3479 1790 ταύτην
3504 1722 3585 1782 είς
3628 1718 3688 1771 τὸ
3714 1716 4023 1787 ἀγαπῆσαί

2342 1810 2381 1863 Β
2414 1824 2501 1875 με,
2544 1805 2577 1876 ἢ
2625 1805 2858 1875 ἐργασαί
2900 1822 2950 1857 τι
2995 1807 3061 1872 τῇ
3109 1807 3276 1874 τέχνῃ
3324 1820 3443 1867 σου,
3480 1804 3566 1855 ἵνα
3595 1801 3730 1871 ῥίψῃ
3769 1801 3956 1869 αὐτὴν
3996 1802 4028 1852 ὁ

2413 1891 2551 1960 ἀνὴρ
2582 1889 2773 1957 αὑτῆς.
2803 1886 3000 1941 Λαϐὼν
3024 1883 3117 1942 οῦν
3137 1889 3167 1940 6
3188 1889 3321 1958 γόης
3340 1887 3401 1939 τὸ
3428 1886 3613 1939 ἰκανὸν
3645 1885 3777 1954 παρ’
3803 1882 4017 1951 αὑτοῦ,

2412 1974 2686 2043 ἐχρήσατο
2730 1974 2851 2034 ταῖς
2897 1970 3097 2025 ἑαυτοῦ
3144 1970 3426 2038 γοητείαις
3473 1968 3571 2021 καὶ
3616 1966 4020 2038 μαγγανείαις.

2414 2057 2526 2110 Καὶ
2583 2056 2659 2128 μὴ
2695 2056 2946 2125 δυνηθεὶς
3005 2055 3176 2125 αὐτῆς
3214 2055 3480 2123 ἐκστῆσαι
3513 2052 3606 2106 τὸν
3652 2050 3781 2104 νοῦν
3836 2052 3922 2112 εἰς
3956 2050 4023 2102 τὸ

2411 2140 2589 2210 τούτῳ
2636 2138 2963 2203 συνθέσθαι,
2998 2137 3417 2208 παρασκευάζει
3444 2136 3617 2206 αὑτὴν
3665 2134 3742 2199 ώς
3796 2132 4023 2204 φοράδα

2414 2224 2650 2293 φανῆναι
2676 2225 2790 2287 τοῖς
2818 2222 2991 2293 αὐτὴν
3017 2221 3337 2292 θεωμένοις.
3364 2220 3604 2285 Ἐξωθεν
3625 2221 3807 2272 τοίνυν
3835 2217 4021 2271 ἐλθὼν

2413 2309 2442 2361 6
2489 2306 2631 2377 ἀνὴρ
2672 2307 2865 2376 αὐτῆς,
2897 2308 2956 2359 έν
3004 2306 3246 2376 σχήματι
3287 2304 3520 2375 φοράδος
3556 2304 3657 2373 τὴν
3686 2300 4023 2369 έαυτοῦ,γυο

2414 2394 2577 2443 νιῖκα
2618 2389 2845 2443 ἔϐλεπεν
2866 2407 2879 2420 ·
2910 2391 3005 2443 καὶ
3038 2390 3134 2442 ἐπὶ
3160 2391 3258 2457 τῆς
3294 2387 3490 2441 ἑαυτοῦ
3520 2387 3709 2455 κοίτης
3744 2386 4022 2441 κατακλι-

2422 2472 2559 2536 θεὶς,
2612 2473 2886 2538 ἐξενίζετο
2934 2472 3018 2526 ὅτι
3056 2475 3139 2534 εἰς
3185 2475 3279 2524 τὸν
3303 2470 3582 2539 κράϐατον
3614 2469 3784 2523 αὑτοῦ
3834 2468 4024 2539 φοράς

2419 2555 2682 2608 ἀνέκειτο.
2735 2553 2929 2608 Κλαίει
2984 2550 3078 2608 οὖν
3116 2557 3145 2607 6
3176 2555 3318 2624 ἀνὴρ
3347 2553 3550 2622 αὐτῆς,
3592 2552 3691 2604 καὶ
3716 2549 4018 2621 ὀδύρεται,

2423 2639 2497 2710 μὴ
2520 2640 2790 2709 εὑρίσκων
2810 2638 2870 2691 τὸ
2894 2639 3164 2709 πρᾶγμαο
3194 2639 3289 2691 καὶ
3316 2638 3391 2701 ὡς
3419 2636 3657 2707 νομίζων
3686 2636 3813 2705 ζώῳ
3836 2653 4023 2706 προσο

2415 2724 2624 2791 ομιλεῖν
2649 2764 2664 2788 ,
2704 2723 3051 2795 ἀποκρίσεως
3100 2723 3202 2775 οὐκ
3265 2720 3560 2789 ἐτύγχανεν
3588 2761 3604 2781 ,
3645 2718 4023 2790 ὀργιζομένης

2420 2807 2520 2875 τῆς
2566 2798 2847 2873 γυναικός.
2890 2806 3016 2858 Ἐπὶ
3038 2804 3250 2868 τούτοις
3288 2802 3683 2872 παρακαλέσας
3712 2804 3841 2865 τοὺς
3874 2821 4021 2873 πρε-

2424 2890 2720 2959 σϐυτέρους
2762 2888 2861 2957 τῆς
2894 2888 3126 2958 κώμης,
3170 2888 3253 2949 εἰς
3296 2886 3388 2938 τὸν
3435 2880 3586 2938 οἷκον
3628 2884 3881 2951 εἰσάγει,
3922 2886 4024 2939 καὶ

2418 2972 2660 3026 δείκνυσι
2683 2970 2889 3042 ταύτην
2914 2971 3122 3034 αὐτοῖς.
3146 2971 3211 3022 Ol
3238 2968 3295 3021 δὲ
3317 2968 3428 3021 οὐδ’
3455 2967 3611 3023 αὑτοὶ
3640 2970 3889 3038 συνῆκαν
3914 2968 4022 3038 τὴν

2421 3056 2707 3124 συμφοράν
2758 3054 2857 3124 τὴν
2906 3051 3323 3107 καταλαϐοῦσαν
3382 3049 3603 3113 αὐτούς.
3677 3051 3801 3102 Ἐπὶ
3861 3055 4022 3121 τρεῖς

735 3129 935 3203 ταετὴς
966 3130 1077 3202 γὰρ
1107 3131 1399 3200 γενόμενος
1429 3129 1571 3184 κατά
1604 3130 1931 3199 πνευμάτων
1950 3128 2141 3183 ἐλαϐεν
2165 3129 2317 3194 ὲξου·
2343 3136 2391 3201 c
2418 3138 2599 3189 τοίνυν
2634 3137 2848 3205 ἡμέρας
2873 3134 2999 3188 οὕτε
3028 3135 3221 3205 χόρτου
3261 3133 3678 3204 μετελάμβανεν
3706 3132 3781 3194 ὡς
3812 3134 4021 3202 φορὰς.

738 3214 1025 3285 σιαστικὴν
1089 3214 1351 3283 δύναμιν,
1421 3213 1518 3266 καλ⁵
1568 3213 1814 3283 χάρισμα
1872 3215 2153 3281 ἰαμάτων,
2221 3214 2315 3267 καὶ

739 3297 958 3367 πνεῦμα
991 3297 1374 3367 προρρήσεων.
1412 3295 1742 3366 Κατηξιώθη
1767 3296 1823 3349 δὲ
1851 3298 1944 3349 καὶ
1967 3297 2066 3364 τῆς
2096 3296 2315 3367 ἐντίμου

740 3382 1060 3453 ἱερωσύνης.
1091 3381 1279 3450 Τούτῳ
1310 3382 1545 3450 συνῆσαν
1571 3379 1664 3432 δύο
1689 3380 1925 3449 μαθηταὶ
1956 3381 2035 3441 εἰς
2065 3378 2161 3449 τὴν
2192 3381 2319 3450 ἐρη-

743 3483 843 3534 μον
875 3465 974 3533 τὴν
1022 3462 1325 3527 ἐνδοτάτω,
1378 3464 1476 3531 τὴν
1511 3462 1854 3531 καλουμένην
1899 3463 2131 3531 Σκῆτιν·
2183 3456 2257 3515 ῶν
2289 3462 2319 3515 6

743 3548 844 3617 μὲν
872 3541 952 3608 εἷς
981 3545 1161 3598 αὑτῶν
1184 3541 1253 3614 ἦν
1274 3544 1424 3613 αὑτῷ
1448 3546 1748 3614 ὑπηρέτης,
1780 3545 2008 3616 πλησίον
2037 3544 2203 3599 αὑτοῦ
2231 3545 2321 3599 διὰ

744 3630 945 3690 παντὸς
1003 3628 1393 3699 εὑρισκόμενος
1445 3628 1531 3681 διὰ
1582 3629 1643 3680 τὸ
1705 3629 1833 3691 τοὺς
1905 3630 2319 3700 εἰσερχομένους

743 3710 1177 3785 θεραπεύεσθαι·
1236 3713 1267 3767 6
1315 3713 1373 3766 δὲ
1427 3707 1507 3775 εἷς
1560 3712 1829 3784 ἀνεχώρει
1888 3712 2011 3765 κατ’
2064 3715 2198 3767 ἰδίαν
2239 3716 2319 3777 εἰς

744 3804 802 3857 κέ
810 3800 954 3852 λλαν.

814 3887 1020 3955 Χρόνου
1066 3883 1125 3935 δὲ
1154 3880 1561 3951 προκόψαντος,
1594 3878 1889 3951 διορατικῷ
1930 3879 2136 3950 ὄμματι
2184 3896 2322 3950 προ-

745 3968 949 4037 ϐλέψας
978 3970 1006 4019 6
1038 3968 1190 4035 ἀγιος
1218 3964 1372 4032 λέγει
1410 3962 1488 4033 τῷ
1525 3962 1887 4034 ὑπηρετοῦντι
1918 3964 2068 4034 αὑτῷ
2100 3963 2321 4033 ὀνόματι

756 4054 1001 4122 Ἰωάννη,
1046 4052 1124 4113 εἰς
1158 4048 1386 4118 ὕστερον
1428 4049 1485 4101 δὲ
1531 4050 1810 4119 γενομένῳ
1844 4048 2199 4119 πρεσϐυτέρῳ
2244 4049 2325 4111 εἰς

742 4136 836 4189 τὸν
882 4136 1047 4187 τόπον
1086 4133 1182 4186 τοῦ
1217 4134 1372 4200 ἁγίου
1404 4132 1694 4201 Μακαρίου
1742 4132 2176 4202 (πρεσϐυτερίου
2214 4130 2324 4202 γὰρ

743 4219 951 4289 ἠξιώθη
1009 4219 1037 4270 6
1090 4217 1264 4286 μέγας
1313 4214 1682 4287 Μακάριος),
1739 4217 1821 4268 ὅτι
1873 4215 2142 4267 ’Λκουσόν
2186 4231 2323 4285 μου,

747 4302 946 4369 ἀδελφέ
988 4302 1233 4365 Ἰωάννη,
1259 4299 1355 4351 καὶ
1376 4299 1614 4366 ἀνάσχου
1644 4314 1747 4366 μου
1770 4298 1869 4365 τῆς
1894 4298 2196 4359 νουθεσίας,
2230 4297 2326 4349 καὶΙ

749 4382 1070 4450 συνενέγκαί
1096 4398 1176 4434 σοι
1200 4380 1334 4449 ἔχει.
1360 4380 1605 4451 Πειράζῃ
1624 4381 1753 4449 γὰρ,
1779 4381 1933 4450 φησὶ,
1963 4378 2054 4431 καὶ
2075 4380 2325 4448 πειράζει

2420 3220 2544 3273 οὕτε
2597 3219 2763 3284 ἁρτου
2805 3219 2882 3281 ώς
2923 3217 3248 3287 ἄνθρωπος,
3298 3216 3627 3286 ἀμφοτέρων
3666 3215 4019 3287 ἐστερημένη

2417 3307 2529 3358 τῶν
2570 3301 2811 3373 τροφῶν.
2845 3301 3013 3361 Τέλος
3038 3342 3052 3364 ,
3085 3302 3173 3353 ἵνα
3202 3300 3435 3370 δοξασθῃ
3467 3301 3495 3351 6
3525 3299 3658 3360 Θεὸς
3679 3338 3695 3362 ,
3738 3301 3833 3351 καὶ
3866 3304 4017 3370 φανῇ

2421 3391 2455 3459 ή
2480 3388 2647 3457 ἀρετὴ
2671 3386 2764 3439 τοῦ
2791 3386 2948 3453 ἁγίου
2985 3386 3300 3455 Μακαρίου,
3330 3383 3498 3454 ἀνέϐη
3528 3384 3622 3436 ἐπὶ
3644 3383 3744 3452 τήν
3778 3382 4019 3452 καρδίαν

2421 3471 2514 3525 τοῦ
2544 3470 2733 3538 ἀνδρὸς
2761 3470 2932 3537 αὐτῆς
2962 3469 3191 3536 ἀγαγεῖν
3214 3466 3382 3536 αὑτὴν
3406 3469 3486 3530 εἰς
3507 3468 3608 3535 τὴν
3632 3466 3839 3536 ἔρημον
3873 3466 4018 3534 πρὸς

2422 3553 2514 3605 τὸν
2567 3553 2714 3604 ὅσιον
2749 3551 2952 3620 ἁνδρα’
3008 3551 3104 3603 καὶ
3151 3552 3451 3621 φορτιάσας
3485 3550 3656 3617 αὑτὴν
3687 3548 3763 3609 ὼς
3808 3549 4015 3612 ἵππον,

2423 3635 2595 3697 οὔτως
2620 3634 2788 3704 αὑτὴν
2819 3634 3027 3705 ήγαγεν
3052 3636 3131 3697 εἰς
3161 3634 3263 3703 τὴν
3296 3633 3502 3703 ἔρημον
3538 3632 3668 3685 ἔνθα
3700 3632 3835 3701 ᾤκει
3866 3634 3897 3684 6
3920 3632 4014 3685 τοῦ

2421 3719 2557 3772 Θεοῦ
2608 3718 2916 3789 ἄνθρωπος.
2970 3718 3059 3771 Ἐν
3091 3718 3148 3770 δὲ
3186 3716 3265 3787 τῷ
3312 3717 3532 3785 ἐγγίσαι
3561 3717 3759 3779 αὐτοὺς
3784 3754 3801 3777 ,
3830 3718 4015 3787 εἰστή-

2423 3819 2612 3854 κεισαν
2635 3804 2685 3854 οἰ
2712 3801 2935 3871 ἀδελφοὶ
2963 3801 3191 3870 πλησίον
3214 3800 3314 3868 τῆς
3346 3799 3542 3868 κέλλης
3565 3799 3658 3850 τοῦ
3690 3798 3853 3865 ἁγίου
3888 3799 4012 3853 Μα-

2423 3885 2642 3954 καρίου,
2670 3886 3085 3954 ἀπομαχόμενοι
3113 3883 3191 3954 τῷ
3219 3884 3376 3953 ἀνδρὶ
3398 3883 3591 3950 αὑτῆς,
3617 3884 3711 3934 καὶ
3734 3881 4008 3948 λέγοντες,

2427 3971 2493 4023 Τί
2536 3971 2743 4039 ἤγαγες
2799 3962 2902 4022 ὧδε
2950 3968 3049 4039 τήν
3088 3968 3297 4036 φοράδα
3338 3966 3580 4037 ταύτηνς
3625 3966 4009 4034 ’Δποκρίνεται

2424 4054 2597 4122 λέγων
2633 4054 2815 4116 αὑτοῖς
2850 4055 3076 4118 ἐκεῖνος,
3112 4053 3231 4105 Ἵνα
3261 4052 3455 4122 έλεηθῇ
3488 4054 3553 4121 τῇ
3594 4054 3875 4121 προσευχῇ
3916 4052 4007 4104 τοῦ

2425 4138 2659 4191 δικαίου.
2685 4139 2746 4189 Οἰ
2781 4137 2839 4189 δὲ
2863 4136 3002 4203 πρὸς
3026 4133 3211 4189 αὑτόν·
3240 4135 3304 4187 Τί
3333 4136 3442 4203 γὰρ
3466 4136 3580 4203 ἔχει
3612 4136 3819 4199 κακόνς
3844 4134 4009 4202 Λέγει

2426 4221 2605 4282 αὑτοῖς
2643 4205 2868 4282 ἐκεῖνος,
2911 4220 3013 4271 Ἢν
3041 4220 3206 4286 ὁρᾶτε
3240 4218 3449 4287 φοράδα
3471 4218 3700 4285 ταύτην,
3733 4218 3873 4287 γυνή
3902 4234 4003 4287 μου

2424 4299 2493 4374 ἦν
2524 4304 2715 4366 ἀθλία,
2749 4304 2840 4357 καὶ
2881 4301 2985 4353 οὑκ
3015 4296 3132 4353 οἶδα
3180 4300 3297 4362 πῶς
3341 4298 3647 4370 μετεϐλήθη
3680 4300 3760 4360 εἰς
3796 4298 3965 4351 ἵππον
3987 4316 4001 4329 ·

2427 4386 2522 4438 καὶ
2555 4386 2790 4455 σήμερον
2824 4385 2936 4453 ἔχει
2966 4386 3115 4454 τρεῖς
3144 4384 3354 4454 ἡμέρας
3396 4381 3624 4451 μηδενὸς
3662 4380 4000 4452 γευσαμένη.

752 4482 812 4517 σε
867 4466 929 4517 τὸ
987 4464 1205 4533 πνεῦμα
1261 4464 1358 4532 τῆς
1416 4463 1804 4532 φιλαργυρίας.
1859 4464 2017 4517 Οὕτω
2064 4464 2173 4533 γὰρ
2213 4464 2323 4531 ἐγὼ
2358 4468 2398 4521 D
2429 4471 2491 4521 Οἰ
2532 4469 2587 4520 δὲ
2633 4468 2965 4528 ἀκούσαντες
2997 4466 3171 4519 ταῦτα
3211 4467 3547 4534 ἀναφέρουσι
3589 4464 3668 4532 τῷ
3714 4463 4004 4532 θεράποντι

751 4551 994 4620 ἑώρακα.
1039 4550 1149 4601 Καὶ
1175 4542 1311 4609 οἰδα,
1367 4549 1449 4600 ὅτι
1477 4548 1571 4601 ὲάν
1609 4566 1709 4619 μου
1740 4548 1983 4619 ἀνάσχῃς
2020 4550 2118 4617 τῆς
2148 4566 2327 4619 παρα-

752 4637 1029 4705 κλήσεως,
1071 4632 1405 4701 τελειωθήσῃ
1458 4634 1515 4684 έν
1553 4632 1629 4702 τῷ
1662 4633 1808 4703 ἔργῳ
1846 4633 1939 4685 τοῦ
1975 4633 2109 4686 Θεοῦ
2144 4636 2202 4686 ὲν
2251 4632 2328 4703 τῷ

751 4718 902 4786 τόπῳ
931 4716 1125 4784 τούτῳ,
1166 4716 1258 4767 καὶ
1286 4713 1613 4784 δοξασθήσῃ,
1652 4718 1746 4768 καὶ
1788 4714 1985 4785 μάστιξ
2016 4718 2116 4768 οὑκ
2155 4718 2329 4785 ἐγγιεῖ

752 4800 830 4873 τῷ
860 4796 1178 4870 σκηνώματί
1230 4812 1345 4848 σου.
1392 4797 1516 4848 Ἐάν
1556 4797 1613 4850 δέ
1664 4814 1763 4864 μου
1805 4799 2197 4870 παρακούσῃς,
2231 4799 2327 4851 τοῦ

756 4883 919 4952 1ἰεζῆ
946 4882 1066 4953 ἥξει
1096 4882 1187 4934 ἐπὶ
1215 4881 1273 4933 σὲ
1310 4881 1378 4932 τὰ
1415 4881 1566 4950 τέλη,
1599 4873 1659 4932 οῦ
1688 4882 1780 4933 καὶ
1812 4883 1911 4951 τὴν
1945 4884 2098 4935 νόσον
2129 4885 2324 4945 νοσεῖς.

753 4966 958 5039 Συνέϐη
990 4968 1048 5019 δὲ
1096 4968 1256 5019 αὑτὸν
1298 4965 1392 5017 τοῦ
1441 4966 1537 5034 μὲν
1569 4965 1720 5032 ἁγίου
1748 4965 1942 5018 τούτου
1982 4967 2328 5036 παρακοῦσαι

756 5052 897 5121 μετὰ
952 5052 1051 5121 τὴν
1096 5051 1355 5119 κοίμησιν
1398 5048 1493 5100 τοῦ
1538 5047 1806 5102 ἀθανάτου
1843 5050 2169 5119 Μακαρίου,
2223 5052 2329 5105 ὑπ-

755 5133 983 5187 ακοῦσαι
1032 5134 1090 5187 δὲ
1119 5133 1281 5186 αὐτὸν
1309 5134 1386 5201 τῷ
1414 5132 1503 5184 τὸν
1549 5131 1750 5184 Ἰούδαν
1774 5134 1838 5202 τῇ
1877 5132 2213 5203 φιλαργυρίᾳ
2258 5136 2324 5203 τῇ

756 5217 961 5286 ἀγχόνῃ
992 5216 1331 5286 προσάψαντι
1358 5230 1371 5243 ·
1406 5216 1500 5266 καὶ
1551 5214 1689 5284 μετὰ
1714 5214 1849 5268 ἀλλα
1887 5214 2181 5268 δεκαπέντε
2207 5215 2327 5285 ἐτη,

755 5304 924 5370 ἧγουν
954 5299 1147 5360 εἰκοσι,
1184 5297 1354 5359 οὕτως
1386 5297 1545 5348 αὑτὸν
1578 5297 1961 5365 ὲλεφαντιάσαι
1994 5300 2329 5368 νοσφισάμε-

758 5402 847 5436 νον
882 5383 951 5435 τά
978 5381 1087 5434 τῶν
1112 5380 1366 5449 πτωχῶν,
1396 5378 1471 5441 ώς
1510 5380 1582 5448 μὴ
1610 5381 1897 5449 εὑρεθῆναι
1926 5385 1981 5435 έν
2004 5382 2081 5451 τῷ
2117 5382 2327 5451 σώματι

758 5469 1015 5538 ἀκέραιον
1045 5466 1205 5517 τόπον
1239 5467 1294 5517 έν
1336 5458 1380 5531 ᾧ
1409 5481 1491 5525 τις
1528 5463 1787 5517 δάκτυλον
1821 5466 2003 5533 πήξοι.
2047 5466 2158 5519 Καὶ
2188 5465 2327 5535 αὕτη

756 5554 933 5608 τοίνυν
964 5552 1109 5605 εστὶν
1138 5554 1172 5620 ή
1204 5550 1507 5618 προφητεία
1534 5547 1626 5599 τοῦ
1663 5549 1815 5615 ἁγίου
1846 5550 2151 5622 Μακαρίου,

829 5637 964 5707 Περὶ
1015 5638 1110 5707 μὲν
1138 5635 1229 5689 οῦν
1264 5632 1519 5703 βρώσεως
1552 5630 1647 5682 καὶ
1674 5632 1882 5694 πόσεως
1924 5634 2176 5703 περιττόν
2211 5635 2325 5687 ἐστι

759 5720 851 5787 κιὶ
889 5720 946 5773 τὸ
978 5717 1337 5791 διηγήσασθαι
1373 5713 1501 5782 περὶ
1548 5713 1771 5777 τούτων,
1808 5718 1967 5769 ὁπότε
2015 5718 2131 5772 οὐδὲ
2172 5718 2321 5785 παρὰ

2428 4551 2522 4604 τοῦ
2555 4552 2794 4621 Χριστοῦ
2828 4551 3119 4620 Μακαρίῳ,
3153 4550 3285 4619 περὶ
3310 4550 3483 4617 αὐτῆς
3519 4548 3669 4601 ἔνδον
3699 4563 4000 4616 προσευχο-

2430 4635 2577 4704 μένῳ
2599 4651 2611 4663 ·
2646 4633 3008 4703 ἀπεκαλύφθη
3046 4633 3156 4703 γὰρ
3186 4633 3336 4702 αὑτῷ
3369 4632 3478 4685 άπὸ
3508 4630 3667 4693 Θεοῦ,
3698 4629 4005 4699 ἀπερχομέ-

2429 4736 2532 4772 νων
2577 4717 2756 4770 αὑτῶν
2790 4717 2924 4786 πρὸς
2954 4717 3137 4770 αὑτόν.
3180 4718 3289 4769 Καὶ
3334 4716 3424 4769 διὰ
3463 4715 3623 4769 τοῦτο
3667 4713 4004 4782 προσηύχετο

2432 4801 2815 4871 φανερωθῆναι
2847 4799 2994 4869 αὑτῴ
3024 4800 3122 4867 τὴν
3156 4799 3336 4854 αἰτίαν
3370 4800 3439 4853 δι’
3475 4801 3542 4871 ἢν
3580 4797 3737 4851 τοῦτο
3767 4796 4000 4864 ἐγένετο,

2430 4886 2575 4955 ἀπερ
2625 4883 2721 4936 καὶ
2766 4884 2998 4953 ἤκουσεν
3049 4884 3104 4935 έν
3156 4885 3223 4954 τῇ
3266 4885 3544 4954 προσευχῇ
3579 4883 3758 4934 πάντα
3794 4881 3871 4941 ὠς
3910 4880 4000 4932 καὶ

2430 4968 2667 5034 ἐγένετο.
2741 4967 3100 5036 Ἀπεκρίνατο
3146 4967 3203 5019 δὲ
3252 4968 3280 5019 6
3338 4967 3495 5034 ἅγιος
3553 4964 3843 5035 Μακάριος
3891 4965 3998 5026 τοῖς

2431 5050 2827 5117 ἀπαγγείλασιν
2869 5048 3017 5118 αὑτῷ
3060 5049 3346 5117 ἀδελφοῖς,
3378 5050 3461 5102 ὅτι
3490 5048 3701 5117 φοράδα
3736 5047 3823 5110 τίς
3874 5064 3997 5099 ποτε

2432 5134 2665 5187 ἐνταῦθα
2699 5134 2937 5203 ήγαγεν,
2972 5133 3145 5201 λέγων
3179 5133 3363 5195 αὐτοῖς
3384 5149 3398 5163 ·
3441 5132 3632 5203 Ὑμεῖς
3677 5133 3837 5185 ῖπποι
3883 5131 3997 5183 ἐστὶ

2431 5220 2480 5270 οἰ
2510 5217 2617 5270 τῶν
2669 5216 2851 5270 ἵππων
2898 5216 3110 5287 ἔχοντες
3149 5214 3277 5279 τοὺς
3322 5216 3673 5285 ὀφθαλμούςο
3723 5214 3907 5285 ἐκείνη
3945 5214 3997 5266 δδ

2431 5304 2567 5370 γυνή
2611 5302 2788 5367 ἐστιν,
2844 5302 2919 5365 ώς
2986 5303 3080 5354 καὶ
3145 5301 3406 5370 ἐκτίσθη,
3467 5301 3544 5371 μὴ
3595 5300 3999 5368 μετασχηματι-

2436 5388 2644 5454 σθεῖσα,
2672 5388 2808 5441 ἀλλὰ
2851 5389 3008 5457 μόνον
3042 5387 3201 5439 τοῦτο
3240 5387 3539 5456 φαινομένη
3569 5389 3682 5449 τοῖς
3709 5385 3996 5453 ὀφθαλμοῖς

2432 5468 2540 5519 τῶν
2571 5470 2956 5539 ἠπατημένων.
3008 5471 3114 5523 Καὶ
3139 5470 3542 5539 προσαχθείσης
3581 5467 3729 5537 αὑτῷ
3776 5467 3995 5535 ταύτης,

2433 5553 2733 5621 εύλογήσας
2793 5551 2964 5621 ὕδωρ,
3022 5553 3116 5605 καὶ
3168 5553 3276 5604 ἀπὸ
3330 5552 3573 5621 κορυφῆς
3627 5550 3824 5619 ἐκχέας
3868 5550 3992 5619 αὐτῇ

2433 5636 2633 5704 γυμνῇ,
2654 5634 2929 5703 ἐπηύξατο
2957 5637 3023 5704 τῇ
3049 5633 3253 5703 ταύτης
3276 5634 3506 5704 κεφαλῇ.
3537 5633 3649 5686 Καὶ
3666 5633 3999 5702 παραχρῆμα

2435 5718 2686 5789 εποίησεν
2730 5717 2897 5787 αὐτὴν
2946 5720 3071 5771 πᾶσι
3116 5720 3227 5779 τοῖς
3271 5717 3437 5787 δρῶσι
3470 5718 3705 5786 γυναῖκα
3747 5717 3989 5786 φανῆναι.
