4258 6358
807 372 945 429 1047

2246 375 2568 435 PALLADH

3912 396 4072 452 1M8

815 502 923 553 lum
963 514 1221 568 apparens
1262 501 1429 556 oculis
1458 516 1641 556 eorum
1678 502 1766 570 qui
1806 510 1930 556 sunt
1975 502 2202 571 decepti.
2249 504 2377 568 Quae
2405 502 2453 560 Δ
2551 501 2679 555 Dico
2698 513 2871 555 autem
2900 512 3139 558 sanctum
3170 507 3453 560 Maearium
3476 508 3915 577 Alexandmum,
3950 513 4054 579 qui

812 606 931 646 cum
953 602 1093 647 esset
1117 594 1362 660 adducta,
1382 608 1674 663 aquamque
1694 596 2073 659 benedixisset,
2104 606 2156 649 et
2178 596 2228 648 in
2252 596 2367 661 ejus

811 682 966 735 nudte
990 691 1146 750 caput
1171 684 1464 748 infudisset,
1491 700 1650 752 super
1668 686 1780 752 ejus
1805 694 1959 751 caput
1981 694 2060 738 est
2092 696 2362 751 precatus;

810 775 1094 842 statimque
1144 773 1316 827 effecit
1362 785 1417 827 ut
1465 777 1708 829 omnibus
1753 776 2049 829 videntibus
2099 777 2364 829 videretur

809 863 1022 917 femina.
1066 862 1196 917 Cum
1235 875 1407 918 autem
1433 866 1675 931 iussisset
1704 867 1749 918 ei
1781 867 1952 917 cibum
1998 866 2194 929 afferri,
2242 867 2365 919 fecit

807 961 866 1007 ut
892 954 1217 1017 comederet,
1251 962 1304 1007 et
1327 968 1442 1007 eam
1489 958 1563 1009 sic
1591 966 1823 1007 curatam
1866 956 2066 1008 dimisit
2103 971 2223 1009 cum
2266 970 2361 1009 suo

806 1045 1015 1112 marito,
1056 1043 1163 1099 Deo
1188 1053 1402 1113 agentes
1429 1046 1645 1115 gratias.
1690 1045 1817 1098 Eam
1867 1053 2038 1098 autem
2086 1045 2361 1098 admonuit

804 1134 883 1190 vir
928 1135 1043 1201 Dei,
1093 1137 1169 1189 sic
1216 1137 1395 1191 dicens
1427 1153 1439 1188 :
1468 1136 1738 1204 Nunquam
1787 1136 2063 1190 ecclesiam
2113 1137 2356 1201 deseras,

802 1240 1067 1291 nunquam
1094 1225 1363 1279 abstineas
1391 1241 1418 1278 a
1444 1228 1814 1280 communione
1840 1226 2033 1280 Christi
2056 1243 2358 1283 sacramen-

802 1324 993 1368 torum.
1024 1315 1146 1369 Haec
1172 1317 1312 1369 enim
1345 1319 1435 1369 tibi
1467 1318 1796 1380 acciderunt,
1830 1318 1964 1384 quod
1990 1317 2097 1385 jam
2128 1320 2356 1389 quinque

803 1405 1147 1460 hebdomadis
1172 1421 1274 1459 non
1299 1408 1566 1460 accessisti
1596 1407 1660 1459 ad
1686 1408 1995 1461 intemerata
2026 1410 2190 1464 nostri
2232 1410 2355 1464 Scr-

802 1500 999 1549 vatoris
1021 1507 1371 1551 sacramenta.

866 1590 979 1641 Alia
1011 1597 1090 1641 est
1126 1591 1264 1640 actio
1308 1603 1509 1655 magna:
1554 1588 1670 1656 ejus
1718 1589 2131 1644 exercitationis.
2165 1591 2353 1661 Magno

796 1678 915 1730 vita:
945 1693 1052 1730 sua:
1082 1690 1315 1746 tempore
1344 1693 1372 1731 a
1398 1679 1527 1731 cella
1557 1693 1648 1730 sua
1680 1678 1732 1731 in
1762 1678 2033 1732 dimidium
2056 1697 2218 1749 usque
2246 1693 2352 1735 sta-

794 1765 938 1819 dium
971 1767 1169 1819 totliens
1192 1767 1508 1831 cuniculum,
1535 1780 1792 1819 summam
1816 1767 1986 1821 eﬂ'ecit
2007 1771 2306 1835 speluncam
2332 1791 2345 1837 ;

2472 598 2586 642 erat
2611 591 2884 660 presbyter
2904 608 3083 647 earum
3111 610 3227 663 quae
3259 596 3503 649 dicuntur
3531 596 3811 651 Celtarum.
3840 599 3897 651 ln
3924 603 4056 668 qui-

2472 682 2569 731 bus
2594 679 2755 733 Cellis
2782 698 2881 749 ego
2907 698 3096 737 novem
3124 700 3290 738 annos
3322 686 3582 749 habitans,
3616 704 3679 741 ex
3712 687 3903 755 quibus
3929 700 4053 743 tres

2470 782 2639 822 annos
2665 786 2869 823 mecum
2900 774 3028 825 vixit
3066 774 3151 827 ille
3181 774 3472 838 Macarius,
3506 778 3555 828 in
3586 779 3760 843 quiete
3792 779 3997 830 sedens
4029 823 4044 838 ,

2465 859 2579 923 ejus
2616 860 2827 927 quidem
2876 864 3089 928 Optima;
3138 864 3344 916 vivendi
3395 867 3614 917 rationis
3657 866 3758 917 alia
3806 868 4035 932 quidem

2461 948 2565 1001 vidi
2594 964 2751 1016 opera
2780 962 2835 1005 et
2872 956 3017 1019 signa
3039 994 3055 1018 ,
3086 955 3186 1008 alia
3217 971 3345 1010 vero
3372 956 3531 1010 didici
3583 957 3648 1009 ab
3678 957 3744 1010 iis
3772 960 3860 1025 qui
3906 972 4040 1011 cum

2461 1050 2525 1089 eo
2554 1039 2821 1092 vixerunt.

2530 1125 2577 1179 ls
2608 1143 2726 1181 cum
2756 1132 2892 1196 apud
2923 1146 3168 1199 magnum
3214 1136 3381 1188 virum
3412 1143 3466 1189 et
3495 1136 3701 1191 Patrem
3732 1137 4039 1191 Antonium

2456 1217 2655 1273 electos
2689 1221 2875 1287 palma:
2897 1238 3071 1277 ramos
3101 1224 3339 1291 vidisset,
3370 1242 3502 1295 quos
3531 1228 3641 1295 ipse
3669 1228 4039 1291 laboraverat,

2457 1312 2605 1375 petiit
2630 1312 2696 1364 ab
2723 1297 2978 1367 equitum
3008 1317 3330 1382 manipulum
3354 1332 3622 1371 ramorum
3649 1318 3858 1385 palma.
3889 1320 4041 1373 Dixit

2453 1409 2627 1453 autem
2652 1402 2699 1454 ei
2731 1404 3026 1457 Antonius:
3058 1407 3320 1474 Scriptum
3368 1416 3485 1460 est:
3510 1408 3622 1460 Non
3676 1409 4039 1473 concupisces

2453 1506 2539 1545 res
2570 1493 2788 1558 proximi
2824 1498 2894 1548 tui
2928 1497 3101 1565 (Deut.
3134 1498 3249 1564 vn).
3287 1498 3351 1551 Et
3393 1514 3511 1551 cum
3544 1499 3593 1551 id
3626 1500 3795 1551 solum
3846 1499 4033 1551 dixis-

2450 1592 2568 1647 set,
2618 1587 2748 1638 rami
2778 1602 2961 1640 omnes
2991 1593 3167 1641 statim
3199 1600 3441 1657 tanquam
3478 1591 3544 1641 ab
3585 1590 3705 1659 igne
3752 1590 4031 1644 torrefacti

2449 1682 2591 1725 sunt.
2618 1676 2767 1740 Quod
2791 1677 3002 1743 quidem
3035 1694 3153 1730 cum
3186 1680 3400 1731 vidisset
3430 1682 3718 1743 Antonius,
3742 1681 3873 1732 dixit
3906 1682 4028 1733 bla-

2447 1766 2589 1817 cario
2635 1782 2650 1820 :
2700 1767 2835 1820 Ecce
2896 1770 3125 1835 Spiritus
3174 1782 3388 1825 sanctus
3433 1773 3689 1838 requievit
3735 1788 3898 1839 super
3926 1783 4022 1837 te,

792 1864 844 1909 et
869 1857 911 1908 si
960 1856 1170 1921 quando
1199 1856 1497 1923 complures
1526 1857 1574 1910 ei
1615 1866 1790 1910 essent
1824 1858 2056 1919 molesti,
2089 1862 2288 1912 occulte
2318 1876 2347 1914 e
2382 1858 2425 1915 Β
2451 1867 2473 1905 ε

2222 1862 2288 1912 lie
2318 1876 2347 1914 θ
2382 1858 2425 1915 Β
2451 1855 2659 1921 erisque
2710 1856 2837 1909 mihi
2870 1859 3117 1924 deinceps
3149 1860 3317 1912 bmres
3352 1874 3586 1913 mearum
3624 1863 3899 1915 virtutum.

791 1962 886 2001 sua
913 1946 1040 1999 cella
1076 1948 1351 2014 egrediens
1373 1988 1386 2011 ,
1420 1947 1528 2000 ibat
1573 1947 1625 1999 in
1656 1947 1981 2012 speluncam,
2014 1964 2183 2016 neque
2210 1951 2353 2015 quis-

790 2053 946 2105 quam
978 2053 1097 2091 eum
1128 2038 1448 2091 inveniebat.
1481 2037 1724 2090 Narravit
1753 2046 1926 2091 autem
1956 2038 2109 2092 nobis
2138 2040 2347 2105 quidam

789 2142 851 2181 ex
883 2128 1131 2181 studiosis
1160 2128 1273 2194 ejus
1305 2126 1594 2191 discipulis,
1639 2126 1777 2196 quod
1808 2127 2061 2181 recedens
2089 2144 2253 2197 usque
2281 2130 2346 2183 ad

787 2216 1091 2283 speluncam
1143 2231 1236 2284 per
1276 2216 1596 2280 cuniculum,
1642 2215 1856 2269 dicebat
1900 2217 2077 2285 viginti
2127 2229 2349 2287 quatuor

786 2310 1092 2372 orationes;
1121 2318 1173 2362 et
1204 2308 1432 2375 rediens,
1469 2307 1706 2361 totidem.

859 2400 933 2454 De
958 2415 1023 2455 eo
1046 2401 1173 2454 exiit
1211 2400 1367 2463 fama,
1396 2401 1535 2468 quod
1564 2412 1826 2455 mortuum
1852 2403 2124 2459 suscitavit
2148 2405 2342 2473 (ηυπη

785 2488 821 2541 l.
858 2505 915 2554 ll,
942 2506 985 2544 c.
1015 2489 1140 2557 28);
1173 2499 1229 2543 ut
1270 2492 1610 2558 persuaderet
1638 2490 1887 2545 lia-retice
1917 2494 2003 2561 qui
2035 2510 2138 2547 non
2178 2498 2344 2549 conﬂ-

786 2582 989 2632 lcbalttr
1015 2596 1133 2634 esse
1162 2583 1598 2635 resurrectionem
1630 2597 1932 2651 corporum.
1985 2584 2049 2637 Et
2078 2582 2174 2638 fuit
2214 2602 2342 2641 con-

783 2680 932 2725 stans
960 2670 1073 2725 haec
1103 2670 1235 2725 fama
1268 2672 1318 2725 in
1340 2673 1643 2726 solitudine.

853 2780 932 2833 Ad
969 2780 1109 2834 hunc
1133 2793 1371 2835 sanctum
1399 2782 1655 2836 adductus
1700 2794 1780 2837 est
1809 2785 2085 2852 aliquando
2112 2802 2141 2840 a
2171 2797 2339 2845 matre

782 2874 990 2941 propria
1024 2874 1342 2928 lamentanle
1371 2876 1679 2929 adolescens
1715 2879 1801 2943 qui
1827 2878 2112 2931 vexabatur
2156 2895 2183 2931 a
2231 2882 2340 2934 da:-

782 2977 960 3026 Iaone,
1009 2979 1037 3016 a
1081 2964 1285 3017 duobus
1332 2965 1757 3021 adulescentibus
1806 2984 1871 3021 ex
1923 2980 2142 3039 utraque
2191 2980 2339 3039 parte

780 3056 1117 3109 constrictus.
1151 3054 1301 3110 Hunc
1337 3065 1511 3111 autem
1539 3059 1611 3111 ita
1642 3058 1865 3113 vexabat
1892 3059 2121 3113 daemon.
2154 3062 2335 3116 Trium

778 3145 1075 3201 modiorum
1102 3158 1263 3215 panes
1293 3159 1569 3215 postquam
1598 3148 1948 3215 comedisset,
1978 3158 2035 3203 et
2062 3149 2330 3219 amphora:

2526 1942 2658 1996 Hinc
2687 1961 2866 1997 rursus
2896 1961 3016 1999 eum
3068 1950 3269 2001 invenit
3314 1949 3555 2002 diabolus
3600 1952 3648 2002 in
3680 1952 3972 2005 solitudine
3995 1992 4016 2017 ,

2452 2045 2671 2098 corpore
2703 2036 2852 2089 valde
2882 2037 3187 2107 defatigato,
3218 2048 3269 2092 et
3298 2040 3425 2092 dicit
3469 2040 3533 2092 ad
3565 2056 3683 2094 eum
3713 2058 3727 2094 :
3756 2042 3896 2095 Ecce
3923 2056 4017 2096 ac-

2450 2124 2629 2189 cepisti
2660 2127 2877 2193 gratiam
2921 2128 3163 2189 Antonii;
3194 2144 3287 2182 cur
3333 2145 3435 2182 non
3470 2130 3629 2182 uteris
3654 2132 3969 2184 auctoritate
3993 2170 4010 2195 ,

2447 2221 2500 2265 et
2526 2228 2553 2263 a
2584 2214 2690 2267 Deo
2718 2217 2852 2283 petis
2873 2218 3044 2270 cibum
3077 2226 3131 2271 et
3160 2220 3298 2272 vires
3328 2220 3389 2272 ad
3424 2221 3525 2273 iter
3558 2221 3959 2288 ingrediendum
3987 2220 4011 2271 τ

2447 2300 2498 2355 is
2527 2315 2701 2357 autem
2733 2306 2859 2359 dicit
2885 2308 2949 2361 ad
2984 2324 3140 2363 eum:
3174 2312 3350 2364 Virtus
3380 2326 3494 2366 mea
3525 2322 3578 2366 et
3603 2312 3717 2367 laus
3748 2330 3865 2367 mea
3900 2314 4009 2367 Do-

2445 2394 2638 2458 minus,
2673 2405 2726 2448 tu
2773 2407 2948 2452 autem
2996 2415 3062 2453 ne
3098 2404 3388 2456 tentaveris
3434 2418 3645 2457 servum
3697 2404 3808 2457 Dei.
3859 2405 4011 2458 Facit

2444 2494 2571 2546 ergo
2620 2481 2857 2538 diabolus
2904 2496 2958 2539 ut
3006 2490 3051 2541 ei
3085 2490 3392 2557 phantasma
3421 2503 3716 2559 appareat,
3766 2496 4008 2548 camelus

2443 2584 2601 2623 onera
2646 2573 2884 2639 bajulans
2932 2587 2982 2630 et
3024 2593 3207 2631 errans
3254 2595 3347 2647 per
3388 2581 3749 2647 solitudinem,
3804 2583 4009 2637 habens

2443 2662 2617 2713 omnia
2648 2662 2713 2715 ad
2744 2679 2892 2717 usum
2921 2669 3241 2723 necessaria.
3276 2670 3374 2735 Qui
3417 2684 3538 2725 cum
3581 2671 3798 2725 vidisset
3828 2674 4006 2725 Maca-

2441 2750 2597 2814 rinm,
2633 2768 2793 2819 prope
2822 2770 2943 2809 eum
2975 2758 3191 2811 assedit.
3227 2759 3273 2811 Is
3318 2773 3491 2813 autem
3540 2762 3837 2830 suspicatus
3888 2777 4008 2816 esse

2442 2840 2770 2906 phantasma,
2803 2846 2938 2899 sicut
2976 2858 3110 2912 erat,
3132 2851 3365 2904 Constitit
3390 2850 3456 2904 ad
3482 2852 3776 2917 orandum;
3807 2853 3851 2906 is
3882 2868 4009 2908 vero

2440 2933 2679 2999 protinus
2703 2949 2732 2988 a
2765 2946 2903 2989 terra
2946 2937 3043 2990 fuit
3066 2939 3363 3007 absorptus.

2506 3044 2801 3113 Aliquando
2831 3064 3010 3104 rursus
3040 3052 3181 3103 venit
3220 3052 3303 3105 hic
3325 3054 3581 3109 Macarius
3613 3057 4009 3112 Alexandrinus

2437 3133 2503 3186 ad
2529 3149 2773 3204 magnum
2798 3138 3082 3194 Macarium
3104 3142 3194 3211 qui
3216 3154 3328 3197 erat
3352 3145 3401 3199 in
3425 3145 3598 3201 Scete.
3623 3146 3826 3201 Etcum
3846 3149 4007 3202 ambo

778 3238 935 3292 unius
963 3234 1237 3292 Cllicenais
1284 3236 1401 3307 (58)
1428 3252 1614 3307 aquam
1660 3238 1911 3303 bibisset,
1954 3249 2178 3308 utraque
2215 3256 2338 3296 eru-
2361 3224 2406 3284 (ἶ
2438 3237 2459 3276 ε

2321 3271 2338 3284 ,
2361 3224 2406 3284 C
2438 3233 2620 3278 essent
2647 3225 2819 3279 Nilum
2850 3230 3215 3285 transmissuri
3235 3270 3251 3295 ,
3286 3233 3479 3287 accidit
3502 3243 3560 3287 ut
3587 3235 3684 3303 ipsi
3713 3236 4002 3289 maximum

776 3334 946 3391 etans,
976 3328 1125 3383 cibos
1156 3328 1449 3383 resolvebat
1476 3330 1527 3383 in
1552 3344 1818 3397 vaporem.
1844 3330 1924 3385 Ab
1950 3346 2014 3385 eo
2035 3332 2199 3397 enim,
2225 3347 2331 3387 nou

774 3429 927 3470 secus
953 3431 1015 3469 ac
1044 3418 1164 3485 igne
1191 3418 1636 3473 consumebantur
1663 3434 1781 3487 qua:
1819 3421 2120 3475 comederat
2145 3428 2198 3476 et
2248 3424 2329 3477 bi-

775 3508 943 3560 berat.
989 3506 1082 3561 Est
1111 3507 1251 3561 enim
1282 3508 1413 3562 ordo
1440 3524 1645 3578 quoque
1673 3510 1969 3564 daemonum
2007 3513 2094 3580 qui
2141 3512 2333 3568 dicitur

774 3596 974 3663 lgneus.
1005 3596 1139 3649 Sunt
1165 3597 1305 3650 enim
1334 3597 1368 3651 d
1387 3612 1631 3651 rmonum
1662 3614 1870 3668 quoque
1896 3600 2029 3654 sicut
2059 3601 2329 3657 hominum

771 3685 1119 3751 diﬂerentiaa,
1151 3702 1253 3741 non
1298 3698 1491 3742 mutata
1536 3692 1785 3758 essentia,
1838 3706 2018 3745 verum
2061 3694 2331 3748 voluntate

770 3778 1040 3832 distincta.
1074 3779 1166 3832 llic
1185 3794 1313 3847 ergo
1334 3780 1643 3836 adolescens
1662 3797 1781 3836 cum
1809 3783 1858 3837 ei
1888 3792 2057 3837 mater
2080 3799 2182 3838 non
2206 3800 2332 3853 sup-

771 3869 1048 3933 peditaret,
1077 3882 1218 3937 saepe
1240 3884 1332 3923 sua
1357 3871 1659 3926 comedebat
1686 3886 2041 3942 excrementa,
2069 3886 2123 3929 et
2145 3876 2327 3930 lotium

769 3957 995 4012 bibebat.
1033 3957 1216 4013 Flente
1246 3974 1373 4028 ergo
1418 3960 1534 4027 ejus
1564 3971 1748 4027 matre,
1779 3971 1833 4017 et
1860 3963 2083 4019 alienam
2124 3968 2204 4020 sui
2236 3967 2327 4021 filii

770 4057 1029 4103 mearente
1070 4049 1445 4113 calamitatem,
1475 4060 1527 4104 et
1554 4062 1792 4107 sanetum
1838 4055 1989 4110 valde
2032 4057 2328 4114 obtestante

764 4149 818 4192 et
846 4148 1082 4207 rogante.
1114 4141 1262 4195 illum
1309 4143 1571 4211 accipiens
1616 4145 1846 4199 invictus
1889 4146 2084 4203 Christi
2130 4150 2325 4205 athleta

766 4228 1041 4293 Macarius,
1070 4230 1289 4297 supplex
1328 4246 1423 4299 pro
1452 4246 1516 4285 eo
1564 4232 1727 4287 Deum
1757 4236 1942 4291 oravit.
1990 4239 2115 4293 Post
2162 4256 2324 4296 unum

765 4331 941 4373 autem
972 4330 1062 4375 aut
1082 4322 1305 4377 alterum
1327 4324 1488 4389 diem,
1510 4327 1714 4381 remisit
1734 4328 1940 4383 daemon
1966 4332 2321 4387 vexationem.

763 4408 909 4463 Tunc
934 4423 1062 4477 ergo
1094 4409 1222 4463 dicit
1238 4413 1390 4465 matri
1421 4412 1772 4468 adolescentis
1852 4426 2074 4474 sanctus
2144 4419 2319 4475 Maca-

763 4500 916 4554 rius:
945 4498 1209 4564 Quantum
1233 4502 1311 4554 vis
1333 4511 1389 4554 ut
1415 4502 1553 4557 illius
1583 4512 1701 4557 tuus
1727 4505 2005 4558 comedat?
2036 4506 2123 4558 Illa
2145 4515 2322 4560 autem

2442 3322 2733 3380 pontonem
2767 3316 3199 3386 ingrederentur;
3232 3321 3281 3375 in
3308 3337 3463 3390 quem
3497 3325 3716 3393 ingressi
3747 3335 3873 3378 sunt
3900 3326 4005 3379 duo

2437 3404 2632 3459 tribuni
2682 3420 2803 3461 cum
2846 3424 3035 3477 magno
3079 3410 3219 3465 fastu
3246 3422 3300 3466 et
3326 3424 3579 3482 apparatu
3604 3455 3618 3479 ,
3652 3424 3709 3469 ut
3738 3416 3827 3485 qui
3862 3417 4005 3472 intus

2436 3493 2695 3550 baberent
2720 3498 2939 3553 rhedam
2984 3510 3148 3556 totam
3180 3518 3405 3571 aeneam,
3436 3515 3487 3558 et
3517 3520 3679 3573 equos
3720 3506 3882 3561 frenis
3910 3522 4002 3561 au-

2434 3584 2558 3645 reis.
2589 3594 2645 3640 et
2672 3589 2928 3656 quosdam
2956 3605 3047 3645 eos
3077 3593 3335 3661 stipantes
3368 3596 3592 3658 milites,
3626 3598 3906 3661 satellites,
3941 3609 3999 3652 et

2436 3688 2626 3737 pueros
2659 3678 2932 3745 torquibus
2962 3690 3015 3734 et
3045 3684 3221 3737 aureis
3264 3686 3410 3738 zonis
3441 3696 3674 3740 ornatos.
3708 3687 3995 3756 Postquam

2432 3777 2559 3831 ergo
2582 3765 2774 3820 tribuni
2804 3770 3047 3825 viderunt
3076 3773 3216 3841 ipsos
3240 3777 3507 3830 veteribus
3534 3778 3723 3846 pannis
3757 3779 3998 3845 indutos,

2431 3863 2485 3907 et
2514 3857 2760 3911 sedentes
2788 3858 2839 3912 in
2868 3862 3061 3929 angulo
3089 3906 3101 3929 ,
3137 3866 3384 3920 humilem
3416 3868 3555 3921 illam
3586 3878 3640 3923 et
3669 3879 3882 3924 tenuem
3916 3875 3993 3925 vi-

2439 3946 2593 3999 vendi
2623 3949 2881 4003 rationem
2922 3952 3125 4007 beatam
3167 3955 3504 4025 judicabant;
3538 3974 3673 4013 unus
3715 3970 3892 4015 autem
3933 3978 3995 4017 ex

2430 4032 2561 4098 ipsis
2593 4038 2817 4092 tribunis
2840 4042 2969 4094 dixit
2996 4043 3059 4095 ad
3092 4045 3231 4110 ipsos
3261 4064 3273 4096 :
3302 4047 3446 4102 Beati
3470 4049 3597 4103 estis
3619 4065 3710 4103 vos
3731 4052 3819 4117 qui
3844 4067 3993 4105 mun-

2434 4123 2560 4175 dum
2594 4125 2835 4181 illuditis.
2868 4130 3212 4199 ltespondens
3240 4147 3411 4191 autem
3444 4138 3721 4207 Macarius,
3756 4143 3843 4209 qui
3879 4153 3991 4196 erat

2429 4214 2681 4280 urbanus,
2710 4217 2844 4273 dixit
2887 4221 2965 4274 eis
2990 4239 3001 4273 :
3029 4222 3133 4277 Nos
3162 4226 3372 4291 quidem
3405 4228 3656 4282 mundum
3686 4229 3949 4284 iilusimus
3972 4272 3989 4297 ,

2427 4320 2523 4360 vos
2550 4319 2727 4364 autem
2775 4313 2937 4367 illusit
2980 4317 3225 4371 mundus.
3258 4319 3405 4373 Scias
3448 4332 3623 4375 autem
3674 4330 3725 4375 te
3765 4338 3870 4375 non
3904 4333 3989 4377 tua

2426 4408 2615 4462 sponte
2642 4402 2742 4455 hoc
2766 4404 2983 4470 dixisse,
3008 4408 3099 4461 sed
3131 4410 3470 4475 prophetice:
3496 4413 3650 4466 ambo
3671 4413 3813 4466 enim
3836 4429 3989 4468 voea-

2427 4502 2544 4541 mur
2578 4492 2815 4560 Macarii,
2849 4496 2949 4550 hoc
2976 4508 3077 4562 est,
3112 4501 3270 4559 beati.
3303 4503 3349 4555 ls
3388 4513 3562 4558 autem
3594 4503 3709 4572 ejus
3734 4520 3987 4561 sermone

760 4587 1055 4652 respondit,
1085 4589 1267 4644 dicens
1300 4608 1313 4644 :
1348 4590 1495 4659 Rogo
1527 4603 1606 4659 te,
1634 4593 1763 4662 jube
1790 4609 1909 4647 eum
1936 4594 2107 4648 solum
2146 4610 2323 4650 come.
2353 4577 2401 4635 D
2428 4592 2798 4650 compunctus,
2831 4600 2951 4641 cum
2979 4590 3193 4644 domum
3223 4594 3486 4661 venisset,
3520 4604 3697 4649 vestes
3743 4611 3945 4651 exuens
3969 4634 3985 4660 ,

759 4676 883 4730 dere
910 4677 1092 4731 decem
1125 4678 1286 4733 libras
1317 4682 1484 4747 panis.
1518 4683 1646 4736 Eam
1695 4693 1868 4737 autem
1915 4683 2220 4753 increpans,
2267 4694 2325 4739 ut

758 4782 872 4835 quae
911 4768 1127 4822 nimium
1158 4770 1387 4835 dixerat,
1435 4772 1567 4825 dixit
1599 4790 1611 4825 :
1645 4773 1689 4827 Ο
1718 4774 1932 4838 mulier,
1966 4790 2060 4828 cur
2092 4775 2192 4829 hoc
2238 4775 2322 4828 di-

758 4860 917 4913 xisti?
942 4858 1179 4931 Cumque
1206 4872 1407 4930 septem
1435 4864 1550 4918 dies
1580 4874 1788 4919 orasset
1814 4880 1934 4919 cum
1955 4865 2181 4934 jejunio,
2223 4880 2320 4919 ex-

757 4950 909 5017 pulso
951 4951 1018 5005 ab
1044 4967 1109 5005 eo
1150 4952 1449 5020 pernicioso
1479 4955 1721 5008 damone
1748 4955 2019 5022 ingluviei,
2052 4956 2322 5010 constituit

754 5042 801 5099 ei
838 5042 1087 5096 vescendi
1116 5044 1373 5097 rationem
1395 5044 1459 5097 ad
1486 5054 1594 5098 tres
1616 5059 1781 5113 usque
1807 5046 1965 5098 libras
1995 5048 2160 5113 panis,
2186 5061 2316 5114 quas

754 5132 971 5186 deberet
993 5134 1105 5201 ipse
1132 5134 1413 5189 comedere
1442 5137 1484 5189 sl
1512 5147 1839 5203 Operaretur.
1867 5138 1996 5191 Cum
2029 5138 2129 5192 hoc
2160 5140 2317 5195 modo

753 5220 844 5274 Dei
875 5223 1041 5289 gratia
1073 5236 1289 5289 puerum
1322 5224 1678 5291 emundasset,
1712 5240 1832 5279 eum
1880 5228 2032 5280 matri
2063 5228 2311 5284 reddidit.

820 5308 923 5363 Has
973 5324 1059 5363 res
1106 5312 1439 5367 admirabiles
1485 5323 1538 5367 et
1585 5325 1775 5381 praeter
1820 5317 2124 5384 opinionem
2180 5318 2312 5373 fecit

751 5398 889 5453 Deus
922 5417 1015 5469 per
1034 5411 1273 5457 sanctum
1306 5404 1610 5469 Macarium,
1633 5408 1779 5474 cujus
1802 5408 2117 5464 immortalis
2138 5410 2311 5466 anima

748 5504 884 5544 nunc
913 5499 993 5544 est
1021 5506 1141 5545 cum
1172 5494 1388 5562 angelis.
1418 5494 1547 5548 Eum
1572 5511 1670 5566 ego
1700 5514 1800 5552 non
1824 5499 2075 5564 conveni,
2109 5501 2312 5555 obierat

748 5582 883 5633 enim
915 5596 1052 5635 anno
1081 5594 1359 5651 antequam
1390 5601 1489 5655 ego
1519 5588 1825 5656 ingrederer
1858 5590 1908 5644 in
1940 5593 2307 5647 solitudinem.

746 5669 981 5728 Conveni
1009 5685 1180 5727 autem
1210 5690 1331 5729 eum
1360 5677 1446 5744 qui
1479 5688 1591 5731 erat
1617 5680 1730 5747 ejus
1750 5681 1924 5735 socius
1948 5683 1999 5735 in
2034 5683 2153 5737 ﬁdei
2186 5698 2311 5751 ope-

748 5760 910 5826 ribus.
941 5772 995 5818 et
1024 5763 1162 5820 idem
1196 5767 1493 5823 venerabile
1522 5782 1712 5823 nomen
1744 5772 1883 5836 quod
1918 5775 2029 5836 ipse
2060 5772 2303 5828 habebat.

2426 4669 2620 4738 delegit
2648 4674 2804 4728 vitam
2853 4690 3010 4745 agere
3036 4680 3328 4736 solitariam
3349 4722 3365 4749 ,
3394 4683 3585 4738 multas
3615 4684 3813 4739 faciens
3842 4685 3979 4740 elee-

2427 4778 2696 4833 mosynss.

2498 4854 2701 4910 Rursus
2737 4872 2855 4911 cum
2882 4860 3167 4928 aliquando
3194 4867 3444 4934 eupiisset
3470 4868 3611 4922 vesci
3638 4868 3755 4924 uvis
3788 4884 3979 4925 recen-

2427 4942 2564 4996 tibus
2592 4947 2944 5017 perbeliisque
2970 4951 3035 5003 ad
3071 4968 3129 5007 se
3159 4956 3357 5019 missis,
3390 4958 3674 5012 ostendens
3704 4960 3979 5014 continen-

2426 5032 2571 5097 tiam,
2614 5050 2705 5089 eas
2750 5039 2891 5091 misit
2935 5041 3000 5093 ad
3051 5042 3207 5097 alium
3252 5043 3465 5099 fratrem
3497 5048 3859 5113 laborantem,
3891 5048 3976 5117 qui

2424 5123 2537 5191 ipse
2566 5140 2773 5195 quoque
2800 5144 2927 5183 uvas
2955 5132 3309 5189 desiderabat.
3342 5136 3439 5202 Qui
3470 5151 3588 5190 cum
3617 5150 3712 5191 eas
3740 5139 3975 5205 accepis-

2421 5224 2522 5279 set,
2552 5226 2603 5269 et
2630 5233 2815 5286 magna
2846 5221 3065 5274 affectus
3095 5234 3232 5278 esset
3260 5226 3464 5290 lmtitia,
3493 5241 3642 5280 suam
3683 5227 3859 5280 celare
3887 5241 3973 5280 vo—

2421 5304 2533 5358 lens
2565 5310 2956 5374 continentiam,
2990 5322 3080 5365 eas
3118 5313 3262 5368 misit
3289 5315 3354 5369 ad
3399 5316 3558 5368 alium
3588 5315 3803 5369 fratrem
3834 5315 3974 5369 labo-

2420 5404 2646 5459 rantem,
2679 5397 2767 5465 qui
2798 5400 2908 5465 ipse
2936 5416 3143 5471 quoque
3166 5419 3285 5458 eum
3310 5405 3483 5459 cibum
3514 5413 3815 5473 appeteret.
3840 5405 3969 5459 Cum

2420 5485 2509 5539 ille
2534 5502 2744 5556 quoque
2788 5494 3075 5559 accepisset
3102 5535 3117 5559 ,
3151 5510 3335 5549 rursus
3366 5496 3464 5550 hoc
3495 5497 3663 5563 ipsum
3695 5495 3848 5557 fecit,
3877 5495 3975 5549 etsi

2418 5580 2531 5644 ipse
2561 5582 2709 5634 valde
2741 5585 2878 5638 vesci
2908 5595 3143 5651 cuperet.
3175 5586 3458 5655 Postquam
3488 5597 3662 5641 autem
3687 5587 3749 5639 ad
3784 5585 3971 5639 multos

2418 5672 2607 5727 fratres
2636 5675 2823 5729 deinde
2854 5687 3109 5731 venerunt
3150 5694 3267 5732 uvze
3294 5720 3307 5743 ,
3338 5694 3456 5733 cum
3504 5678 3679 5733 nullus
3710 5678 3787 5731 eis
3832 5677 3969 5731 vesci

2417 5765 2694 5835 voluisset,
2729 5779 3025 5837 postremus
3056 5771 3139 5839 qui
3175 5786 3261 5825 eas
3315 5780 3592 5840 acceperat
3617 5812 3630 5836 ,
3659 5784 3746 5825 cas
3792 5783 3971 5824 rursus
