  <div class='ocr_page' id='page_1' title='image "/cluster/home/n/w/nwhite01/storage/ocr_20150623/34/nnc1.0046978860/534.png"; bbox 0 0 4258 6358; ppageno 0'>
   <div class='ocr_carea' id='block_1_1' title="bbox 226 408 3492 499">
    <p class='ocr_par' dir='ltr' id='par_1_1' title="bbox 226 408 3492 499">
     <span class='ocr_line' id='line_1_1' title="bbox 226 408 3492 499; baseline -0.007 -2"><span class='ocrx_word' id='word_1_1' title='bbox 226 431 373 499; x_wconf 67' lang='grc'>1049</span> <span class='ocrx_word' id='word_1_2' title='bbox 1482 418 1852 486; x_wconf 84' lang='lat' dir='ltr'>HISTORIA</span> <span class='ocrx_word' id='word_1_3' title='bbox 1889 414 2279 481; x_wconf 78' lang='lat' dir='ltr'>LAUSIACA.</span> <span class='ocrx_word' id='word_1_4' title='bbox 3351 408 3492 480; x_wconf 79' lang='lat'><strong>1050</strong></span> 
     </span>
    </p>
   </div>
   <div class='ocr_carea' id='block_1_2' title="bbox 224 531 3485 615">
    <p class='ocr_par' dir='ltr' id='par_1_2' title="bbox 224 531 3485 615">
     <span class='ocr_line' id='line_1_2' title="bbox 224 531 3485 615; baseline -0.001 -15"><span class='ocrx_word' id='word_1_5' title='bbox 224 545 514 608; x_wconf 79' lang='grc' dir='ltr'>Κελεύσας</span> <span class='ocrx_word' id='word_1_6' title='bbox 557 544 614 599; x_wconf 79' lang='grc' dir='ltr'>δέ</span> <span class='ocrx_word' id='word_1_7' title='bbox 642 543 781 615; x_wconf 79' lang='grc' dir='ltr'>αὐτῇ</span> <span class='ocrx_word' id='word_1_8' title='bbox 814 543 1244 614; x_wconf 83' lang='grc' dir='ltr'>προσενεχθῆναι</span> <span class='ocrx_word' id='word_1_9' title='bbox 1289 539 1527 614; x_wconf 79' lang='grc' dir='ltr'>τροφὰς,</span> <span class='ocrx_word' id='word_1_10' title='bbox 1560 539 1815 609; x_wconf 83' lang='grc' dir='ltr'>ἐποίησεν</span> <span class='ocrx_word' id='word_1_11' title='bbox 1843 536 1892 595; x_wconf 71' lang='grc' dir='ltr'><strong>Δ</strong></span> <span class='ocrx_word' id='word_1_12' title='bbox 1988 534 2080 605; x_wconf 83' lang='grc' dir='ltr'>Τῷ</span> <span class='ocrx_word' id='word_1_13' title='bbox 2110 534 2167 587; x_wconf 71' lang='grc' dir='ltr'>δὲ</span> <span class='ocrx_word' id='word_1_14' title='bbox 2200 532 2456 606; x_wconf 81' lang='grc' dir='ltr'>ὁμοζύγῳ</span> <span class='ocrx_word' id='word_1_15' title='bbox 2487 532 2680 588; x_wconf 82' lang='grc' dir='ltr'>τούτου</span> <span class='ocrx_word' id='word_1_16' title='bbox 2731 533 2844 597; x_wconf 77' lang='grc' dir='ltr'>τοῖς</span> <span class='ocrx_word' id='word_1_17' title='bbox 2888 532 3071 605; x_wconf 77' lang='grc' dir='ltr'>ἔργοις</span> <span class='ocrx_word' id='word_1_18' title='bbox 3094 533 3193 605; x_wconf 79' lang='grc' dir='ltr'>τῆς</span> <span class='ocrx_word' id='word_1_19' title='bbox 3228 531 3485 600; x_wconf 80' lang='grc' dir='ltr'>πίστεως.</span> 
     </span>
    </p>
   </div>
   <div class='ocr_carea' id='block_1_3' title="bbox 225 615 3487 698">
    <p class='ocr_par' dir='ltr' id='par_1_3' title="bbox 225 615 3487 698">
     <span class='ocr_line' id='line_1_3' title="bbox 225 615 3487 698; baseline -0.004 -15"><span class='ocrx_word' id='word_1_20' title='bbox 225 629 402 698; x_wconf 80' lang='grc' dir='ltr'>αὑτὴν</span> <span class='ocrx_word' id='word_1_21' title='bbox 431 630 628 698; x_wconf 80' lang='grc' dir='ltr'>φαγεῖν</span> <span class='ocrx_word' id='word_1_22' title='bbox 651 645 665 659; x_wconf 73' lang='grc' dir='ltr'><strong>ο</strong></span> <span class='ocrx_word' id='word_1_23' title='bbox 702 630 800 682; x_wconf 69' lang='grc' dir='ltr'>καὶ</span> <span class='ocrx_word' id='word_1_24' title='bbox 824 627 999 691; x_wconf 78' lang='grc' dir='ltr'>οὕτως</span> <span class='ocrx_word' id='word_1_25' title='bbox 1026 630 1318 697; x_wconf 70' lang='grc' dir='ltr'>ἰασάμενος</span> <span class='ocrx_word' id='word_1_26' title='bbox 1342 626 1514 697; x_wconf 84' lang='grc' dir='ltr'>αὐτὴν</span> <span class='ocrx_word' id='word_1_27' title='bbox 1541 626 1810 678; x_wconf 81' lang='grc' dir='ltr'>ἀπέλυσεν</span> <span class='ocrx_word' id='word_1_28' title='bbox 1914 616 2009 670; x_wconf 80' lang='grc' dir='ltr'>καὶ</span> <span class='ocrx_word' id='word_1_29' title='bbox 2061 617 2140 688; x_wconf 87' lang='grc' dir='ltr'>τῷ</span> <span class='ocrx_word' id='word_1_30' title='bbox 2185 618 2462 689; x_wconf 84' lang='grc' dir='ltr'>ὁμωνύμῳ</span> <span class='ocrx_word' id='word_1_31' title='bbox 2511 615 2607 670; x_wconf 90' lang='grc' dir='ltr'>τοῦ</span> <span class='ocrx_word' id='word_1_32' title='bbox 2662 616 2957 687; x_wconf 88' lang='grc' dir='ltr'>σεϐασμίου</span> <span class='ocrx_word' id='word_1_33' title='bbox 3012 616 3293 685; x_wconf 81' lang='grc' dir='ltr'>ὀνόματος,</span> <span class='ocrx_word' id='word_1_34' title='bbox 3342 617 3487 685; x_wconf 82' lang='grc' dir='ltr'>λέγω</span> 
     </span>
    </p>
   </div>
   <div class='ocr_carea' id='block_1_4' title="bbox 227 706 1805 783">
    <p class='ocr_par' dir='ltr' id='par_1_4' title="bbox 227 706 1805 783">
     <span class='ocr_line' id='line_1_4' title="bbox 227 706 1805 783; baseline -0.003 -18"><span class='ocrx_word' id='word_1_35' title='bbox 227 712 375 783; x_wconf 85' lang='grc' dir='ltr'>μετά</span> <span class='ocrx_word' id='word_1_36' title='bbox 424 712 519 765; x_wconf 84' lang='grc' dir='ltr'>τοῦ</span> <span class='ocrx_word' id='word_1_37' title='bbox 576 712 708 765; x_wconf 88' lang='grc' dir='ltr'>ἰδίου</span> <span class='ocrx_word' id='word_1_38' title='bbox 760 712 988 783; x_wconf 84' lang='grc' dir='ltr'>ἀνδρὸς,</span> <span class='ocrx_word' id='word_1_39' title='bbox 1039 711 1494 781; x_wconf 83' lang='grc' dir='ltr'>εὐχαριστοῦντας</span> <span class='ocrx_word' id='word_1_40' title='bbox 1541 708 1619 779; x_wconf 82' lang='grc' dir='ltr'>τῷ</span> <span class='ocrx_word' id='word_1_41' title='bbox 1666 706 1805 777; x_wconf 83' lang='grc' dir='ltr'>Θεῷ.</span> 
     </span>
    </p>
   </div>
   <div class='ocr_carea' id='block_1_5' title="bbox 241 790 1810 866">
    <p class='ocr_par' dir='ltr' id='par_1_5' title="bbox 241 790 1810 866">
     <span class='ocr_line' id='line_1_5' title="bbox 241 790 1810 866; baseline -0.004 -17"><span class='ocrx_word' id='word_1_42' title='bbox 241 796 509 849; x_wconf 85' lang='grc' dir='ltr'>Ύπέθετο</span> <span class='ocrx_word' id='word_1_43' title='bbox 550 797 607 848; x_wconf 82' lang='grc' dir='ltr'>δὲ</span> <span class='ocrx_word' id='word_1_44' title='bbox 656 796 796 866; x_wconf 83' lang='grc' dir='ltr'>αὐτῇ</span> <span class='ocrx_word' id='word_1_45' title='bbox 828 798 855 847; x_wconf 87' lang='lat'>0</span> <span class='ocrx_word' id='word_1_46' title='bbox 891 796 992 853; x_wconf 82' lang='grc' dir='ltr'>,τοῦ</span> <span class='ocrx_word' id='word_1_47' title='bbox 1020 794 1259 864; x_wconf 77' lang='grc' dir='ltr'>Χριστοῦ</span> <span class='ocrx_word' id='word_1_48' title='bbox 1292 793 1597 864; x_wconf 78' lang='grc' dir='ltr'>ἄνθρωπος,</span> <span class='ocrx_word' id='word_1_49' title='bbox 1640 790 1810 844; x_wconf 88' lang='grc' dir='ltr'>εἰπὼν</span> 
     </span>
    </p>
   </div>
   <div class='ocr_carea' id='block_1_6' title="bbox 228 876 1810 953">
    <p class='ocr_par' dir='ltr' id='par_1_6' title="bbox 228 876 1810 953">
     <span class='ocr_line' id='line_1_6' title="bbox 228 876 1810 953; baseline -0.005 -17"><span class='ocrx_word' id='word_1_50' title='bbox 228 882 393 953; x_wconf 76' lang='grc' dir='ltr'>αὑτῇ·</span> <span class='ocrx_word' id='word_1_51' title='bbox 427 882 711 950; x_wconf 83' lang='grc' dir='ltr'>Μηδέποτε</span> <span class='ocrx_word' id='word_1_52' title='bbox 740 880 1076 949; x_wconf 77' lang='grc' dir='ltr'>ἀπολειφοῇς</span> <span class='ocrx_word' id='word_1_53' title='bbox 1102 880 1202 942; x_wconf 80' lang='grc' dir='ltr'>τῆς</span> <span class='ocrx_word' id='word_1_54' title='bbox 1253 878 1601 949; x_wconf 87' lang='grc' dir='ltr'>Ἐκκλησίας,</span> <span class='ocrx_word' id='word_1_55' title='bbox 1645 876 1810 947; x_wconf 85' lang='grc' dir='ltr'>μηδέ-</span> 
     </span>
    </p>
   </div>
   <div class='ocr_carea' id='block_1_7' title="bbox 230 960 1808 1038">
    <p class='ocr_par' dir='ltr' id='par_1_7' title="bbox 230 960 1808 1038">
     <span class='ocr_line' id='line_1_7' title="bbox 230 960 1808 1038; baseline -0.005 -17"><span class='ocrx_word' id='word_1_56' title='bbox 230 985 367 1021; x_wconf 86' lang='grc' dir='ltr'>ποτε</span> <span class='ocrx_word' id='word_1_57' title='bbox 420 968 667 1038; x_wconf 86' lang='grc' dir='ltr'>ἀπόσχῃς</span> <span class='ocrx_word' id='word_1_58' title='bbox 724 967 824 1036; x_wconf 84' lang='grc' dir='ltr'>τῆς</span> <span class='ocrx_word' id='word_1_59' title='bbox 863 965 1150 1027; x_wconf 84' lang='grc' dir='ltr'>κοινωνίας</span> <span class='ocrx_word' id='word_1_60' title='bbox 1196 965 1305 1018; x_wconf 91' lang='grc' dir='ltr'>τῶν</span> <span class='ocrx_word' id='word_1_61' title='bbox 1350 963 1666 1033; x_wconf 79' lang='grc' dir='ltr'>μυστηρίων</span> <span class='ocrx_word' id='word_1_62' title='bbox 1715 960 1808 1014; x_wconf 90' lang='grc' dir='ltr'>τοῦ</span> 
     </span>
    </p>
   </div>
   <div class='ocr_carea' id='block_1_8' title="bbox 227 1046 1810 1122">
    <p class='ocr_par' dir='ltr' id='par_1_8' title="bbox 227 1046 1810 1122">
     <span class='ocr_line' id='line_1_8' title="bbox 227 1046 1810 1122; baseline -0.005 -17"><span class='ocrx_word' id='word_1_63' title='bbox 227 1052 493 1122; x_wconf 79' lang='grc' dir='ltr'>Χριστοῦ.</span> <span class='ocrx_word' id='word_1_64' title='bbox 530 1050 717 1106; x_wconf 86' lang='grc' dir='ltr'>Ταῦτα</span> <span class='ocrx_word' id='word_1_65' title='bbox 750 1051 862 1122; x_wconf 82' lang='grc' dir='ltr'>γάρ</span> <span class='ocrx_word' id='word_1_66' title='bbox 897 1068 978 1103; x_wconf 92' lang='grc' dir='ltr'>τοι</span> <span class='ocrx_word' id='word_1_67' title='bbox 1010 1049 1235 1118; x_wconf 80' lang='grc' dir='ltr'>συνέϐη,</span> <span class='ocrx_word' id='word_1_68' title='bbox 1263 1049 1323 1102; x_wconf 84' lang='grc' dir='ltr'>τὸ</span> <span class='ocrx_word' id='word_1_69' title='bbox 1350 1048 1441 1101; x_wconf 77' lang='grc' dir='ltr'>ἐπὶ</span> <span class='ocrx_word' id='word_1_70' title='bbox 1471 1047 1631 1101; x_wconf 81' lang='grc' dir='ltr'>πέντε</span> <span class='ocrx_word' id='word_1_71' title='bbox 1663 1046 1810 1099; x_wconf 83' lang='grc' dir='ltr'>ἐϐδο-</span> 
     </span>
    </p>
   </div>
   <div class='ocr_carea' id='block_1_9' title="bbox 231 1133 1810 1208">
    <p class='ocr_par' dir='ltr' id='par_1_9' title="bbox 231 1133 1810 1208">
     <span class='ocr_line' id='line_1_9' title="bbox 231 1133 1810 1208; baseline -0.004 -19"><span class='ocrx_word' id='word_1_72' title='bbox 231 1136 408 1207; x_wconf 83' lang='grc' dir='ltr'>μάδας</span> <span class='ocrx_word' id='word_1_73' title='bbox 449 1136 523 1206; x_wconf 72' lang='grc' dir='ltr'>μὴ</span> <span class='ocrx_word' id='word_1_74' title='bbox 554 1134 1015 1208; x_wconf 78' lang='grc' dir='ltr'>προσεληλυθέναι</span> <span class='ocrx_word' id='word_1_75' title='bbox 1048 1152 1107 1188; x_wconf 92' lang='grc' dir='ltr'>σε</span> <span class='ocrx_word' id='word_1_76' title='bbox 1145 1136 1255 1197; x_wconf 90' lang='grc' dir='ltr'>τοῖς</span> <span class='ocrx_word' id='word_1_77' title='bbox 1284 1133 1571 1204; x_wconf 84' lang='grc' dir='ltr'>ἀχράντοις</span> <span class='ocrx_word' id='word_1_78' title='bbox 1602 1147 1810 1202; x_wconf 87' lang='grc' dir='ltr'>μυστη-</span> 
     </span>
    </p>
   </div>
   <div class='ocr_carea' id='block_1_10' title="bbox 230 1219 996 1293">
    <p class='ocr_par' dir='ltr' id='par_1_10' title="bbox 230 1219 996 1293">
     <span class='ocr_line' id='line_1_10' title="bbox 230 1219 996 1293; baseline 0.001 -20"><span class='ocrx_word' id='word_1_79' title='bbox 230 1222 373 1291; x_wconf 86' lang='grc' dir='ltr'>ρίοις</span> <span class='ocrx_word' id='word_1_80' title='bbox 402 1220 498 1273; x_wconf 91' lang='grc' dir='ltr'>τοῦ</span> <span class='ocrx_word' id='word_1_81' title='bbox 530 1220 784 1293; x_wconf 76' lang='grc' dir='ltr'>Σωτῆρος</span> <span class='ocrx_word' id='word_1_82' title='bbox 816 1219 996 1291; x_wconf 75' lang='grc' dir='ltr'>ἡμῶν.</span> 
     </span>
    </p>
   </div>
   <div class='ocr_carea' id='block_1_11' title="bbox 308 1352 1808 1426">
    <p class='ocr_par' dir='ltr' id='par_1_11' title="bbox 308 1352 1808 1426">
     <span class='ocr_line' id='line_1_11' title="bbox 308 1352 1808 1426; baseline -0.002 -18"><span class='ocrx_word' id='word_1_83' title='bbox 308 1356 479 1426; x_wconf 81' lang='grc' dir='ltr'>Ἀλλη</span> <span class='ocrx_word' id='word_1_84' title='bbox 512 1356 675 1409; x_wconf 86' lang='grc' dir='ltr'>πάλιν</span> <span class='ocrx_word' id='word_1_85' title='bbox 700 1354 900 1426; x_wconf 81' lang='grc' dir='ltr'>πρᾶξις</span> <span class='ocrx_word' id='word_1_86' title='bbox 921 1358 1021 1425; x_wconf 80' lang='grc' dir='ltr'>τῆς</span> <span class='ocrx_word' id='word_1_87' title='bbox 1054 1355 1299 1424; x_wconf 83' lang='grc' dir='ltr'>μεγάλης</span> <span class='ocrx_word' id='word_1_88' title='bbox 1314 1352 1481 1407; x_wconf 86' lang='grc' dir='ltr'>αὑτοῦ</span> <span class='ocrx_word' id='word_1_89' title='bbox 1501 1354 1808 1422; x_wconf 80' lang='grc' dir='ltr'>ἀσκήσεως·</span> 
     </span>
    </p>
   </div>
   <div class='ocr_carea' id='block_1_12' title="bbox 243 1436 1813 1513">
    <p class='ocr_par' dir='ltr' id='par_1_12' title="bbox 243 1436 1813 1513">
     <span class='ocr_line' id='line_1_12' title="bbox 243 1436 1813 1513; baseline -0.004 -19"><span class='ocrx_word' id='word_1_90' title='bbox 243 1441 337 1494; x_wconf 82' lang='grc' dir='ltr'>Ἔν</span> <span class='ocrx_word' id='word_1_91' title='bbox 363 1442 444 1513; x_wconf 79' lang='grc' dir='ltr'>τῷ</span> <span class='ocrx_word' id='word_1_92' title='bbox 504 1441 699 1511; x_wconf 81' lang='grc' dir='ltr'>μακρῷ</span> <span class='ocrx_word' id='word_1_93' title='bbox 734 1442 832 1511; x_wconf 80' lang='grc' dir='ltr'>τῆς</span> <span class='ocrx_word' id='word_1_94' title='bbox 866 1439 1012 1510; x_wconf 80' lang='grc' dir='ltr'>ζωῆς</span> <span class='ocrx_word' id='word_1_95' title='bbox 1044 1440 1212 1493; x_wconf 86' lang='grc' dir='ltr'>αὑτοῦ</span> <span class='ocrx_word' id='word_1_96' title='bbox 1238 1440 1414 1509; x_wconf 86' lang='grc' dir='ltr'>χρόνῳ</span> <span class='ocrx_word' id='word_1_97' title='bbox 1445 1438 1552 1491; x_wconf 80' lang='grc' dir='ltr'>ὑπὸ</span> <span class='ocrx_word' id='word_1_98' title='bbox 1587 1438 1686 1506; x_wconf 73' lang='grc' dir='ltr'>τὴν</span> <span class='ocrx_word' id='word_1_99' title='bbox 1709 1436 1813 1505; x_wconf 84' lang='grc' dir='ltr'>γῆν</span> 
     </span>
    </p>
   </div>
   <div class='ocr_carea' id='block_1_13' title="bbox 231 1520 1811 1594">
    <p class='ocr_par' dir='ltr' id='par_1_13' title="bbox 231 1520 1811 1594">
     <span class='ocr_line' id='line_1_13' title="bbox 231 1520 1811 1594; baseline -0.003 -18"><span class='ocrx_word' id='word_1_100' title='bbox 231 1525 468 1592; x_wconf 83' lang='grc' dir='ltr'>ποιήσας</span> <span class='ocrx_word' id='word_1_101' title='bbox 498 1523 735 1594; x_wconf 78' lang='grc' dir='ltr'>σύριγγα</span> <span class='ocrx_word' id='word_1_102' title='bbox 757 1524 1070 1593; x_wconf 80' lang='grc' dir='ltr'>ὀρύγματος</span> <span class='ocrx_word' id='word_1_103' title='bbox 1099 1523 1208 1576; x_wconf 76' lang='grc' dir='ltr'>ἀπὸ</span> <span class='ocrx_word' id='word_1_104' title='bbox 1244 1524 1340 1593; x_wconf 84' lang='grc' dir='ltr'>τῆς</span> <span class='ocrx_word' id='word_1_105' title='bbox 1369 1522 1568 1592; x_wconf 86' lang='grc' dir='ltr'>κέλλης</span> <span class='ocrx_word' id='word_1_106' title='bbox 1618 1520 1811 1573; x_wconf 84' lang='grc' dir='ltr'>ἐαυτοῦ</span> 
     </span>
    </p>
   </div>
   <div class='ocr_carea' id='block_1_14' title="bbox 234 1605 1809 1677">
    <p class='ocr_par' dir='ltr' id='par_1_14' title="bbox 234 1605 1809 1677">
     <span class='ocr_line' id='line_1_14' title="bbox 234 1605 1809 1677; baseline -0.002 -19"><span class='ocrx_word' id='word_1_107' title='bbox 234 1606 433 1676; x_wconf 83' lang='grc' dir='ltr'>μέχρις</span> <span class='ocrx_word' id='word_1_108' title='bbox 457 1607 777 1675; x_wconf 79' lang='grc' dir='ltr'>ἡμισταδίου</span> <span class='ocrx_word' id='word_1_109' title='bbox 809 1607 886 1669; x_wconf 82' lang='grc' dir='ltr'>εἰς</span> <span class='ocrx_word' id='word_1_110' title='bbox 934 1606 994 1658; x_wconf 84' lang='grc' dir='ltr'>τὸ</span> <span class='ocrx_word' id='word_1_111' title='bbox 1028 1606 1195 1677; x_wconf 83' lang='grc' dir='ltr'>ἀκρον</span> <span class='ocrx_word' id='word_1_112' title='bbox 1230 1605 1496 1673; x_wconf 89' lang='grc' dir='ltr'>σπήλαιον</span> <span class='ocrx_word' id='word_1_113' title='bbox 1550 1605 1809 1657; x_wconf 84' lang='grc' dir='ltr'>ἀπετέλε-</span> 
     </span>
    </p>
   </div>
   <div class='ocr_carea' id='block_1_15' title="bbox 232 1686 1814 1758">
    <p class='ocr_par' dir='ltr' id='par_1_15' title="bbox 232 1686 1814 1758">
     <span class='ocr_line' id='line_1_15' title="bbox 232 1686 1814 1758; baseline -0.003 -16"><span class='ocrx_word' id='word_1_114' title='bbox 232 1708 348 1743; x_wconf 88' lang='grc' dir='ltr'>σεν.</span> <span class='ocrx_word' id='word_1_115' title='bbox 387 1692 497 1742; x_wconf 74' lang='grc' dir='ltr'>Καὶ</span> <span class='ocrx_word' id='word_1_116' title='bbox 554 1690 607 1741; x_wconf 73' lang='grc' dir='ltr'>εἴ</span> <span class='ocrx_word' id='word_1_117' title='bbox 641 1708 768 1742; x_wconf 87' lang='grc' dir='ltr'>ποτε</span> <span class='ocrx_word' id='word_1_118' title='bbox 830 1689 1074 1751; x_wconf 83' lang='grc' dir='ltr'>πλείονες</span> <span class='ocrx_word' id='word_1_119' title='bbox 1103 1689 1253 1758; x_wconf 79' lang='grc' dir='ltr'>αὐτῷ</span> <span class='ocrx_word' id='word_1_120' title='bbox 1300 1688 1525 1758; x_wconf 76' lang='grc' dir='ltr'>ῶχλουν,</span> <span class='ocrx_word' id='word_1_121' title='bbox 1558 1686 1814 1755; x_wconf 81' lang='grc' dir='ltr'>κρυπτῶς</span> 
     </span>
    </p>
   </div>
   <div class='ocr_carea' id='block_1_16' title="bbox 231 1773 1808 1843">
    <p class='ocr_par' dir='ltr' id='par_1_16' title="bbox 231 1773 1808 1843">
     <span class='ocr_line' id='line_1_16' title="bbox 231 1773 1808 1843; baseline -0.002 -17"><span class='ocrx_word' id='word_1_122' title='bbox 231 1776 300 1827; x_wconf 87' lang='grc' dir='ltr'>ἐκ</span> <span class='ocrx_word' id='word_1_123' title='bbox 326 1777 426 1842; x_wconf 84' lang='grc' dir='ltr'>τῆς</span> <span class='ocrx_word' id='word_1_124' title='bbox 456 1775 647 1843; x_wconf 88' lang='grc' dir='ltr'>κέλλης</span> <span class='ocrx_word' id='word_1_125' title='bbox 703 1774 867 1827; x_wconf 89' lang='grc' dir='ltr'>αὑτοῦ</span> <span class='ocrx_word' id='word_1_126' title='bbox 914 1774 1073 1839; x_wconf 84' lang='grc' dir='ltr'>ἐξιὼν</span> <span class='ocrx_word' id='word_1_127' title='bbox 1104 1774 1257 1828; x_wconf 86' lang='grc' dir='ltr'>ἀπίει</span> <span class='ocrx_word' id='word_1_128' title='bbox 1297 1774 1375 1835; x_wconf 85' lang='grc' dir='ltr'>είς</span> <span class='ocrx_word' id='word_1_129' title='bbox 1422 1773 1483 1825; x_wconf 79' lang='grc' dir='ltr'>τὸ</span> <span class='ocrx_word' id='word_1_130' title='bbox 1526 1773 1808 1843; x_wconf 77' lang='grc' dir='ltr'>σπήλαιον,</span> 
     </span>
    </p>
   </div>
   <div class='ocr_carea' id='block_1_17' title="bbox 1911 700 3486 775">
    <p class='ocr_par' dir='ltr' id='par_1_17' title="bbox 1911 700 3486 775">
     <span class='ocr_line' id='line_1_17' title="bbox 1911 700 3486 775; baseline 0.001 -23"><span class='ocrx_word' id='word_1_131' title='bbox 1911 700 1975 771; x_wconf 84' lang='grc' dir='ltr'>δὴ</span> <span class='ocrx_word' id='word_1_132' title='bbox 2029 702 2108 772; x_wconf 82' lang='grc' dir='ltr'>τῷ</span> <span class='ocrx_word' id='word_1_133' title='bbox 2149 704 2290 773; x_wconf 88' lang='grc' dir='ltr'>ἀγίῳ</span> <span class='ocrx_word' id='word_1_134' title='bbox 2335 704 2606 774; x_wconf 83' lang='grc' dir='ltr'>Μακαρίῳ</span> <span class='ocrx_word' id='word_1_135' title='bbox 2653 702 2731 775; x_wconf 85' lang='grc' dir='ltr'>τῷ</span> <span class='ocrx_word' id='word_1_136' title='bbox 2785 702 3129 771; x_wconf 81' lang='grc' dir='ltr'>Ἀλεξανδρεῖ</span> <span class='ocrx_word' id='word_1_137' title='bbox 3162 741 3177 767; x_wconf 88' lang='grc'>,</span> <span class='ocrx_word' id='word_1_138' title='bbox 3233 702 3486 755; x_wconf 88' lang='grc' dir='ltr'>συντετύ-</span> 
     </span>
    </p>
   </div>
   <div class='ocr_carea' id='block_1_18' title="bbox 1911 785 3482 856">
    <p class='ocr_par' dir='ltr' id='par_1_18' title="bbox 1911 785 3482 856">
     <span class='ocr_line' id='line_1_18' title="bbox 1911 785 3482 856; baseline -0.001 -18"><span class='ocrx_word' id='word_1_139' title='bbox 1911 800 2059 853; x_wconf 81' lang='grc' dir='ltr'>χηκα</span> <span class='ocrx_word' id='word_1_140' title='bbox 2128 786 2482 856; x_wconf 87' lang='grc' dir='ltr'>πρεσϐυτέρῳ</span> <span class='ocrx_word' id='word_1_141' title='bbox 2542 786 2656 840; x_wconf 83' lang='grc' dir='ltr'>δντι</span> <span class='ocrx_word' id='word_1_142' title='bbox 2718 786 2827 839; x_wconf 90' lang='grc' dir='ltr'>τῶν</span> <span class='ocrx_word' id='word_1_143' title='bbox 2877 785 3186 853; x_wconf 87' lang='grc' dir='ltr'>λεγομένων</span> <span class='ocrx_word' id='word_1_144' title='bbox 3232 785 3482 838; x_wconf 74' lang='grc' dir='ltr'>κελλίων.</span> 
     </span>
    </p>
   </div>
   <div class='ocr_carea' id='block_1_19' title="bbox 1920 863 3485 943">
    <p class='ocr_par' dir='ltr' id='par_1_19' title="bbox 1920 863 3485 943">
     <span class='ocr_line' id='line_1_19' title="bbox 1920 863 3485 943; baseline 0.001 -24"><span class='ocrx_word' id='word_1_145' title='bbox 1920 866 2015 930; x_wconf 75' lang='lat' dir='ltr'>El;</span> <span class='ocrx_word' id='word_1_146' title='bbox 2043 868 2077 922; x_wconf 79' lang='grc' dir='ltr'>ἃ</span> <span class='ocrx_word' id='word_1_147' title='bbox 2107 871 2294 922; x_wconf 86' lang='grc' dir='ltr'>κελλία</span> <span class='ocrx_word' id='word_1_148' title='bbox 2336 869 2644 943; x_wconf 80' lang='grc' dir='ltr'>παρῴκησα</span> <span class='ocrx_word' id='word_1_149' title='bbox 2682 870 2793 938; x_wconf 82' lang='grc' dir='ltr'>ἐγὼ</span> <span class='ocrx_word' id='word_1_150' title='bbox 2822 870 3101 923; x_wconf 88' lang='grc' dir='ltr'>ἐνναετίαν</span> <span class='ocrx_word' id='word_1_151' title='bbox 3122 885 3135 898; x_wconf 90' lang='grc'><strong>·</strong></span> <span class='ocrx_word' id='word_1_152' title='bbox 3165 871 3221 922; x_wconf 84' lang='grc' dir='ltr'>ἐν</span> <span class='ocrx_word' id='word_1_153' title='bbox 3253 863 3331 932; x_wconf 74' lang='grc' dir='ltr'>οἷς</span> <span class='ocrx_word' id='word_1_154' title='bbox 3358 870 3485 941; x_wconf 86' lang='grc' dir='ltr'>τρία</span> 
     </span>
    </p>
   </div>
   <div class='ocr_carea' id='block_1_20' title="bbox 1913 946 3483 1026">
    <p class='ocr_par' dir='ltr' id='par_1_20' title="bbox 1913 946 3483 1026">
     <span class='ocr_line' id='line_1_20' title="bbox 1913 946 3483 1026; baseline 0.002 -25"><span class='ocrx_word' id='word_1_155' title='bbox 1913 947 2008 1019; x_wconf 76' lang='grc' dir='ltr'>ἔτη</span> <span class='ocrx_word' id='word_1_156' title='bbox 2051 970 2140 1021; x_wconf 90' lang='grc' dir='ltr'>μοι</span> <span class='ocrx_word' id='word_1_157' title='bbox 2168 954 2438 1024; x_wconf 75' lang='grc' dir='ltr'>ἐπέζησεν</span> <span class='ocrx_word' id='word_1_158' title='bbox 2470 957 2497 1007; x_wconf 92' lang='lat'>0</span> <span class='ocrx_word' id='word_1_159' title='bbox 2552 954 2821 1026; x_wconf 83' lang='grc' dir='ltr'>μακάριος</span> <span class='ocrx_word' id='word_1_160' title='bbox 2846 946 3001 1017; x_wconf 74' lang='grc' dir='ltr'>οὗτος</span> <span class='ocrx_word' id='word_1_161' title='bbox 3032 953 3396 1023; x_wconf 80' lang='grc' dir='ltr'>καθεζόμενος</span> <span class='ocrx_word' id='word_1_162' title='bbox 3426 955 3483 1004; x_wconf 90' lang='grc' dir='ltr'>ἐν</span> 
     </span>
    </p>
   </div>
   <div class='ocr_carea' id='block_1_21' title="bbox 1910 1032 3483 1109">
    <p class='ocr_par' dir='ltr' id='par_1_21' title="bbox 1910 1032 3483 1109">
     <span class='ocr_line' id='line_1_21' title="bbox 1910 1032 3483 1109; baseline 0.001 -23"><span class='ocrx_word' id='word_1_163' title='bbox 1910 1032 2132 1107; x_wconf 76' lang='grc' dir='ltr'>ἡσυχίᾳ.</span> <span class='ocrx_word' id='word_1_164' title='bbox 2171 1038 2281 1090; x_wconf 73' lang='grc' dir='ltr'>Καὶ</span> <span class='ocrx_word' id='word_1_165' title='bbox 2304 1037 2370 1090; x_wconf 90' lang='grc' dir='ltr'>τά</span> <span class='ocrx_word' id='word_1_166' title='bbox 2408 1037 2506 1107; x_wconf 85' lang='grc' dir='ltr'>μὲν</span> <span class='ocrx_word' id='word_1_167' title='bbox 2536 1034 2673 1092; x_wconf 73' lang='grc' dir='ltr'>εἶδον</span> <span class='ocrx_word' id='word_1_168' title='bbox 2704 1036 2813 1106; x_wconf 86' lang='grc' dir='ltr'>ἐγὼ</span> <span class='ocrx_word' id='word_1_169' title='bbox 2859 1037 2989 1108; x_wconf 78' lang='grc' dir='ltr'>παρ’</span> <span class='ocrx_word' id='word_1_170' title='bbox 3026 1036 3189 1090; x_wconf 85' lang='grc' dir='ltr'>αὑτοῦ</span> <span class='ocrx_word' id='word_1_171' title='bbox 3222 1041 3321 1103; x_wconf 75' lang='grc' dir='ltr'>τῆς</span> <span class='ocrx_word' id='word_1_172' title='bbox 3359 1036 3483 1109; x_wconf 84' lang='grc' dir='ltr'>ἀρί-</span> 
     </span>
    </p>
   </div>
   <div class='ocr_carea' id='block_1_22' title="bbox 1915 1120 3485 1195">
    <p class='ocr_par' dir='ltr' id='par_1_22' title="bbox 1915 1120 3485 1195">
     <span class='ocr_line' id='line_1_22' title="bbox 1915 1120 3485 1195; baseline -0.003 -17"><span class='ocrx_word' id='word_1_173' title='bbox 1915 1142 2048 1195; x_wconf 90' lang='grc' dir='ltr'>στης</span> <span class='ocrx_word' id='word_1_174' title='bbox 2072 1121 2239 1176; x_wconf 90' lang='grc' dir='ltr'>αὑτοῦ</span> <span class='ocrx_word' id='word_1_175' title='bbox 2270 1121 2543 1186; x_wconf 85' lang='grc' dir='ltr'>πολιτείας</span> <span class='ocrx_word' id='word_1_176' title='bbox 2576 1122 2713 1193; x_wconf 78' lang='grc' dir='ltr'>ἔργα</span> <span class='ocrx_word' id='word_1_177' title='bbox 2744 1122 2836 1175; x_wconf 75' lang='grc' dir='ltr'>καὶ</span> <span class='ocrx_word' id='word_1_178' title='bbox 2873 1123 3096 1191; x_wconf 85' lang='grc' dir='ltr'>σημεῖα,</span> <span class='ocrx_word' id='word_1_179' title='bbox 3133 1120 3200 1175; x_wconf 90' lang='grc' dir='ltr'>τά</span> <span class='ocrx_word' id='word_1_180' title='bbox 3240 1121 3298 1173; x_wconf 85' lang='grc' dir='ltr'>δέ</span> <span class='ocrx_word' id='word_1_181' title='bbox 3333 1121 3485 1193; x_wconf 85' lang='grc' dir='ltr'>παρά</span> 
     </span>
    </p>
   </div>
   <div class='ocr_carea' id='block_1_23' title="bbox 1914 1204 3485 1279">
    <p class='ocr_par' dir='ltr' id='par_1_23' title="bbox 1914 1204 3485 1279">
     <span class='ocr_line' id='line_1_23' title="bbox 1914 1204 3485 1279; baseline -0.004 -15"><span class='ocrx_word' id='word_1_182' title='bbox 1914 1211 2017 1264; x_wconf 87' lang='grc' dir='ltr'>τῶν</span> <span class='ocrx_word' id='word_1_183' title='bbox 2045 1206 2218 1277; x_wconf 86' lang='grc' dir='ltr'>τούτῳ</span> <span class='ocrx_word' id='word_1_184' title='bbox 2247 1207 2672 1279; x_wconf 85' lang='grc' dir='ltr'>συμϐιωσάντων</span> <span class='ocrx_word' id='word_1_185' title='bbox 2696 1206 3013 1279; x_wconf 87' lang='grc' dir='ltr'>μεμάθηκα,</span> <span class='ocrx_word' id='word_1_186' title='bbox 3040 1204 3107 1258; x_wconf 82' lang='grc' dir='ltr'>τά</span> <span class='ocrx_word' id='word_1_187' title='bbox 3141 1205 3196 1257; x_wconf 80' lang='grc' dir='ltr'>δέ</span> <span class='ocrx_word' id='word_1_188' title='bbox 3230 1207 3321 1260; x_wconf 66' lang='grc' dir='ltr'>καὶ</span> <span class='ocrx_word' id='word_1_189' title='bbox 3354 1204 3485 1275; x_wconf 86' lang='grc' dir='ltr'>παρ’</span> 
     </span>
    </p>
   </div>
   <div class='ocr_carea' id='block_1_24' title="bbox 1912 1292 2671 1364">
    <p class='ocr_par' dir='ltr' id='par_1_24' title="bbox 1912 1292 2671 1364">
     <span class='ocr_line' id='line_1_24' title="bbox 1912 1292 2671 1364; baseline -0.005 -17"><span class='ocrx_word' id='word_1_190' title='bbox 1912 1294 2116 1364; x_wconf 87' lang='grc' dir='ltr'>ἐτέρων</span> <span class='ocrx_word' id='word_1_191' title='bbox 2148 1292 2407 1346; x_wconf 88' lang='grc' dir='ltr'>πλειόνων</span> <span class='ocrx_word' id='word_1_192' title='bbox 2437 1292 2671 1361; x_wconf 77' lang='grc' dir='ltr'>ἀκήκοα.</span> 
     </span>
    </p>
   </div>
   <div class='ocr_carea' id='block_1_25' title="bbox 1983 1412 3485 1488">
    <p class='ocr_par' dir='ltr' id='par_1_25' title="bbox 1983 1412 3485 1488">
     <span class='ocr_line' id='line_1_25' title="bbox 1983 1412 3485 1488; baseline -0.003 -16"><span class='ocrx_word' id='word_1_193' title='bbox 1983 1412 2153 1482; x_wconf 77' lang='grc' dir='ltr'>υῦτος</span> <span class='ocrx_word' id='word_1_194' title='bbox 2203 1417 2534 1488; x_wconf 88' lang='grc' dir='ltr'>θεασάμενός</span> <span class='ocrx_word' id='word_1_195' title='bbox 2567 1433 2699 1469; x_wconf 89' lang='grc' dir='ltr'>ποτε</span> <span class='ocrx_word' id='word_1_196' title='bbox 2744 1415 2895 1487; x_wconf 81' lang='grc' dir='ltr'>παρὰ</span> <span class='ocrx_word' id='word_1_197' title='bbox 2926 1414 3005 1486; x_wconf 85' lang='grc' dir='ltr'>τῷ</span> <span class='ocrx_word' id='word_1_198' title='bbox 3039 1414 3259 1486; x_wconf 84' lang='grc' dir='ltr'>μεγάλῳ</span> <span class='ocrx_word' id='word_1_199' title='bbox 3309 1414 3485 1484; x_wconf 75' lang='grc' dir='ltr'>Πατρὶ</span> 
     </span>
    </p>
   </div>
   <div class='ocr_carea' id='block_1_26' title="bbox 1925 1498 3484 1571">
    <p class='ocr_par' dir='ltr' id='par_1_26' title="bbox 1925 1498 3484 1571">
     <span class='ocr_line' id='line_1_26' title="bbox 1925 1498 3484 1571; baseline -0.004 -17"><span class='ocrx_word' id='word_1_200' title='bbox 1925 1502 2197 1571; x_wconf 83' lang='grc' dir='ltr'>’Δντωνίῳ</span> <span class='ocrx_word' id='word_1_201' title='bbox 2242 1501 2369 1570; x_wconf 78' lang='grc' dir='ltr'>βαΐα</span> <span class='ocrx_word' id='word_1_202' title='bbox 2417 1501 2671 1564; x_wconf 88' lang='grc' dir='ltr'>ἐκλεκτά,</span> <span class='ocrx_word' id='word_1_203' title='bbox 2714 1500 2876 1552; x_wconf 74' lang='grc' dir='ltr'>αὑτὸν</span> <span class='ocrx_word' id='word_1_204' title='bbox 2924 1499 3287 1568; x_wconf 75' lang='grc' dir='ltr'>ἐργαζόμενον</span> <span class='ocrx_word' id='word_1_205' title='bbox 3316 1498 3484 1568; x_wconf 72' lang='grc' dir='ltr'>ᾔτησε</span> 
     </span>
    </p>
   </div>
   <div class='ocr_carea' id='block_1_27' title="bbox 1912 1577 3484 1655">
    <p class='ocr_par' dir='ltr' id='par_1_27' title="bbox 1912 1577 3484 1655">
     <span class='ocr_line' id='line_1_27' title="bbox 1912 1577 3484 1655; baseline -0.003 -19"><span class='ocrx_word' id='word_1_206' title='bbox 1912 1584 2045 1653; x_wconf 77' lang='grc' dir='ltr'>παρ’</span> <span class='ocrx_word' id='word_1_207' title='bbox 2090 1584 2255 1637; x_wconf 89' lang='grc' dir='ltr'>αὑτοῦ</span> <span class='ocrx_word' id='word_1_208' title='bbox 2294 1585 2423 1655; x_wconf 89' lang='grc' dir='ltr'>μίαν</span> <span class='ocrx_word' id='word_1_209' title='bbox 2474 1585 2680 1652; x_wconf 84' lang='grc' dir='ltr'>δέσμην</span> <span class='ocrx_word' id='word_1_210' title='bbox 2719 1582 2826 1635; x_wconf 89' lang='grc' dir='ltr'>τῶν</span> <span class='ocrx_word' id='word_1_211' title='bbox 2858 1581 3047 1650; x_wconf 80' lang='grc' dir='ltr'>βαῖων.</span> <span class='ocrx_word' id='word_1_212' title='bbox 3079 1577 3214 1633; x_wconf 83' lang='grc' dir='ltr'>Εἷπε</span> <span class='ocrx_word' id='word_1_213' title='bbox 3247 1580 3303 1633; x_wconf 82' lang='grc' dir='ltr'>δὲ</span> <span class='ocrx_word' id='word_1_214' title='bbox 3348 1579 3484 1647; x_wconf 70' lang='grc' dir='ltr'>πρὸς</span> 
     </span>
    </p>
   </div>
   <div class='ocr_carea' id='block_1_28' title="bbox 1912 1665 3484 1737">
    <p class='ocr_par' dir='ltr' id='par_1_28' title="bbox 1912 1665 3484 1737">
     <span class='ocr_line' id='line_1_28' title="bbox 1912 1665 3484 1737; baseline -0.004 -15"><span class='ocrx_word' id='word_1_215' title='bbox 1912 1670 2077 1722; x_wconf 71' lang='grc' dir='ltr'>αὑτὸν</span> <span class='ocrx_word' id='word_1_216' title='bbox 2121 1672 2148 1720; x_wconf 87' lang='grc' dir='ltr'>ό</span> <span class='ocrx_word' id='word_1_217' title='bbox 2194 1670 2477 1731; x_wconf 77' lang='grc' dir='ltr'>Ἀντώνιος</span> <span class='ocrx_word' id='word_1_218' title='bbox 2504 1685 2517 1699; x_wconf 76' lang='grc' dir='ltr'><strong>ο</strong></span> <span class='ocrx_word' id='word_1_219' title='bbox 2557 1668 2906 1737; x_wconf 85' lang='grc' dir='ltr'>Γέγραπται,</span> <span class='ocrx_word' id='word_1_220' title='bbox 2965 1665 3079 1718; x_wconf 85' lang='grc' dir='ltr'>υὺκ</span> <span class='ocrx_word' id='word_1_221' title='bbox 3121 1666 3484 1734; x_wconf 76' lang='grc' dir='ltr'>ἐπιθυμήσεις</span> 
     </span>
    </p>
   </div>
   <div class='ocr_carea' id='block_1_29' title="bbox 1911 1746 3486 1821">
    <p class='ocr_par' dir='ltr' id='par_1_29' title="bbox 1911 1746 3486 1821">
     <span class='ocr_line' id='line_1_29' title="bbox 1911 1746 3486 1821; baseline -0.003 -18"><span class='ocrx_word' id='word_1_222' title='bbox 1911 1753 1980 1804; x_wconf 66' lang='grc' dir='ltr'>τὰ</span> <span class='ocrx_word' id='word_1_223' title='bbox 2009 1751 2102 1803; x_wconf 89' lang='grc' dir='ltr'>τοῦ</span> <span class='ocrx_word' id='word_1_224' title='bbox 2133 1751 2360 1821; x_wconf 81' lang='grc' dir='ltr'>πλησίον</span> <span class='ocrx_word' id='word_1_225' title='bbox 2396 1752 2527 1820; x_wconf 72' lang='grc' dir='ltr'>σούς·</span> <span class='ocrx_word' id='word_1_226' title='bbox 2562 1750 2655 1802; x_wconf 79' lang='grc' dir='ltr'>καὶ</span> <span class='ocrx_word' id='word_1_227' title='bbox 2690 1749 2850 1819; x_wconf 88' lang='grc' dir='ltr'>μόνον</span> <span class='ocrx_word' id='word_1_228' title='bbox 2880 1748 3147 1812; x_wconf 75' lang='grc' dir='ltr'>εἰπόντος,</span> <span class='ocrx_word' id='word_1_229' title='bbox 3180 1746 3383 1809; x_wconf 83' lang='grc' dir='ltr'>εὐθέως</span> <span class='ocrx_word' id='word_1_230' title='bbox 3414 1746 3486 1799; x_wconf 87' lang='grc' dir='ltr'>τά</span> 
     </span>
    </p>
   </div>
   <div class='ocr_carea' id='block_1_30' title="bbox 231 1832 3486 1940">
    <p class='ocr_par' dir='ltr' id='par_1_30' title="bbox 231 1832 3486 1940">
     <span class='ocr_line' id='line_1_30' title="bbox 231 1832 3486 1940; baseline -0.001 2"><span class='ocrx_word' id='word_1_231' title='bbox 231 1858 331 1913; x_wconf 57' lang='grc' dir='ltr'>καὶ</span> <span class='ocrx_word' id='word_1_232' title='bbox 361 1832 535 1921; x_wconf 51' lang='grc' dir='ltr'>άδδεὶς</span> <span class='ocrx_word' id='word_1_233' title='bbox 580 1832 741 1912; x_wconf 61' lang='grc' dir='ltr'>σίδτδν</span> <span class='ocrx_word' id='word_1_234' title='bbox 798 1832 1081 1928; x_wconf 65' lang='grc' dir='ltr'>ηὕριείκεν-</span> <span class='ocrx_word' id='word_1_235' title='bbox 1142 1832 1391 1925; x_wconf 61' lang='grc' dir='ltr'>Διηγετέο</span> <span class='ocrx_word' id='word_1_236' title='bbox 1438 1851 1528 1911; x_wconf 71' lang='grc' dir='ltr'>οὖν</span> <span class='ocrx_word' id='word_1_237' title='bbox 1559 1832 1688 1926; x_wconf 55' lang='lat' dir='ltr'>mi“</span> <span class='ocrx_word' id='word_1_238' title='bbox 1727 1873 1807 1940; x_wconf 59' lang='grc' dir='ltr'>τις</span> <span class='ocrx_word' id='word_1_239' title='bbox 1841 1885 1884 1940; x_wconf 75' lang='grc' dir='ltr'><strong>Β</strong></span> <span class='ocrx_word' id='word_1_240' title='bbox 1916 1832 3486 1940; x_wconf 44' lang='grc' dir='ltr'>ῗῖῖῖ,πάντα;θε-ἓπέἓέῗδὶ,έΐειῗϊη;,,ἶίίἰτὶἒ,ἐῗίῗ³“¹,ῗ</span> 
     </span>
    </p>
   </div>
   <div class='ocr_carea' id='block_1_31' title="bbox 228 1936 1811 2010">
    <p class='ocr_par' dir='ltr' id='par_1_31' title="bbox 228 1936 1811 2010">
     <span class='ocr_line' id='line_1_31' title="bbox 228 1936 1811 2010; baseline -0.004 -15"><span class='ocrx_word' id='word_1_241' title='bbox 228 1942 345 1995; x_wconf 85' lang='grc' dir='ltr'>τῶν</span> <span class='ocrx_word' id='word_1_242' title='bbox 375 1941 677 1995; x_wconf 80' lang='grc' dir='ltr'>σπουδαίων</span> <span class='ocrx_word' id='word_1_243' title='bbox 717 1940 881 1995; x_wconf 88' lang='grc' dir='ltr'>αὑτοῦ</span> <span class='ocrx_word' id='word_1_244' title='bbox 924 1940 1180 2010; x_wconf 79' lang='grc' dir='ltr'>μαθητῶν</span> <span class='ocrx_word' id='word_1_245' title='bbox 1230 1939 1435 2007; x_wconf 89' lang='grc' dir='ltr'>λέγων,</span> <span class='ocrx_word' id='word_1_246' title='bbox 1482 1940 1564 1992; x_wconf 83' lang='grc' dir='ltr'>ὅτι</span> <span class='ocrx_word' id='word_1_247' title='bbox 1608 1936 1811 1990; x_wconf 82' lang='grc' dir='ltr'>Ἀπιὼν</span> 
     </span>
    </p>
   </div>
   <div class='ocr_carea' id='block_1_32' title="bbox 231 2023 1812 2093">
    <p class='ocr_par' dir='ltr' id='par_1_32' title="bbox 231 2023 1812 2093">
     <span class='ocr_line' id='line_1_32' title="bbox 231 2023 1812 2093; baseline -0.003 -15"><span class='ocrx_word' id='word_1_248' title='bbox 231 2024 341 2087; x_wconf 74' lang='grc' dir='ltr'>ἕως</span> <span class='ocrx_word' id='word_1_249' title='bbox 385 2024 479 2077; x_wconf 91' lang='grc' dir='ltr'>τοῦ</span> <span class='ocrx_word' id='word_1_250' title='bbox 518 2024 781 2093; x_wconf 86' lang='grc' dir='ltr'>σπηλαίου</span> <span class='ocrx_word' id='word_1_251' title='bbox 814 2023 899 2076; x_wconf 83' lang='grc' dir='ltr'>διὰ</span> <span class='ocrx_word' id='word_1_252' title='bbox 932 2024 1032 2092; x_wconf 80' lang='grc' dir='ltr'>τῆς</span> <span class='ocrx_word' id='word_1_253' title='bbox 1074 2023 1332 2093; x_wconf 82' lang='grc' dir='ltr'>σύριγγος</span> <span class='ocrx_word' id='word_1_254' title='bbox 1362 2023 1812 2090; x_wconf 82' lang='grc' dir='ltr'>εἰκοσιτέσσαρας</span> 
     </span>
    </p>
   </div>
   <div class='ocr_carea' id='block_1_33' title="bbox 231 2104 1807 2177">
    <p class='ocr_par' dir='ltr' id='par_1_33' title="bbox 231 2104 1807 2177">
     <span class='ocr_line' id='line_1_33' title="bbox 231 2104 1807 2177; baseline -0.002 -17"><span class='ocrx_word' id='word_1_255' title='bbox 231 2106 411 2160; x_wconf 78' lang='grc' dir='ltr'>ἐποίει</span> <span class='ocrx_word' id='word_1_256' title='bbox 452 2106 783 2177; x_wconf 84' lang='grc' dir='ltr'>προσευχὰς,</span> <span class='ocrx_word' id='word_1_257' title='bbox 825 2107 921 2160; x_wconf 68' lang='grc' dir='ltr'>καλ⁵</span> <span class='ocrx_word' id='word_1_258' title='bbox 976 2108 1270 2176; x_wconf 78' lang='grc' dir='ltr'>ἐρχόμενος</span> <span class='ocrx_word' id='word_1_259' title='bbox 1310 2106 1470 2159; x_wconf 87' lang='grc' dir='ltr'>πάλιν</span> <span class='ocrx_word' id='word_1_260' title='bbox 1500 2105 1599 2167; x_wconf 87' lang='grc' dir='ltr'>τάς</span> <span class='ocrx_word' id='word_1_261' title='bbox 1618 2104 1807 2166; x_wconf 85' lang='grc' dir='ltr'>αὑτάς.</span> 
     </span>
    </p>
   </div>
   <div class='ocr_carea' id='block_1_34' title="bbox 308 2188 1808 2261">
    <p class='ocr_par' dir='ltr' id='par_1_34' title="bbox 308 2188 1808 2261">
     <span class='ocr_line' id='line_1_34' title="bbox 308 2188 1808 2261; baseline -0.003 -18"><span class='ocrx_word' id='word_1_262' title='bbox 308 2192 380 2243; x_wconf 81' lang='lat' dir='ltr'>ﬂe</span> <span class='ocrx_word' id='word_1_263' title='bbox 393 2193 445 2260; x_wconf 71' lang='grc' dir='ltr'>ρὶ</span> <span class='ocrx_word' id='word_1_264' title='bbox 470 2192 658 2244; x_wconf 88' lang='grc' dir='ltr'>τούτου</span> <span class='ocrx_word' id='word_1_265' title='bbox 686 2189 905 2260; x_wconf 79' lang='grc' dir='ltr'>ἐξῆλθεν</span> <span class='ocrx_word' id='word_1_266' title='bbox 935 2192 1006 2261; x_wconf 92' lang='grc' dir='ltr'>φή</span> <span class='ocrx_word' id='word_1_267' title='bbox 1017 2210 1113 2261; x_wconf 87' lang='grc' dir='ltr'>μη,</span> <span class='ocrx_word' id='word_1_268' title='bbox 1137 2192 1218 2243; x_wconf 88' lang='grc' dir='ltr'>ὄτι</span> <span class='ocrx_word' id='word_1_269' title='bbox 1242 2191 1335 2243; x_wconf 71' lang='grc' dir='ltr'>καὶ</span> <span class='ocrx_word' id='word_1_270' title='bbox 1355 2188 1546 2258; x_wconf 72' lang='grc' dir='ltr'>νεκρὸν</span> <span class='ocrx_word' id='word_1_271' title='bbox 1569 2188 1808 2258; x_wconf 71' lang='grc' dir='ltr'>ἤγειρεν,</span> 
     </span>
    </p>
   </div>
   <div class='ocr_carea' id='block_1_35' title="bbox 234 2271 1811 2345">
    <p class='ocr_par' dir='ltr' id='par_1_35' title="bbox 234 2271 1811 2345">
     <span class='ocr_line' id='line_1_35' title="bbox 234 2271 1811 2345; baseline -0.002 -19"><span class='ocrx_word' id='word_1_272' title='bbox 234 2274 327 2326; x_wconf 75' lang='grc' dir='ltr'>ἵνα</span> <span class='ocrx_word' id='word_1_273' title='bbox 357 2275 635 2345; x_wconf 75' lang='grc' dir='ltr'>αἱρετικὸν</span> <span class='ocrx_word' id='word_1_274' title='bbox 669 2274 831 2343; x_wconf 82' lang='grc' dir='ltr'>πείσῃ</span> <span class='ocrx_word' id='word_1_275' title='bbox 866 2275 958 2327; x_wconf 79' lang='grc' dir='ltr'>τὸν</span> <span class='ocrx_word' id='word_1_276' title='bbox 996 2273 1069 2344; x_wconf 82' lang='grc' dir='ltr'>μὴ</span> <span class='ocrx_word' id='word_1_277' title='bbox 1098 2271 1469 2343; x_wconf 84' lang='grc' dir='ltr'>ὁμολογοῦντα</span> <span class='ocrx_word' id='word_1_278' title='bbox 1515 2271 1811 2324; x_wconf 82' lang='grc' dir='ltr'>ἀνάστασιν</span> 
     </span>
    </p>
   </div>
   <div class='ocr_carea' id='block_1_36' title="bbox 234 2350 1810 2428">
    <p class='ocr_par' dir='ltr' id='par_1_36' title="bbox 234 2350 1810 2428">
     <span class='ocr_line' id='line_1_36' title="bbox 234 2350 1810 2428; baseline 0 -19"><span class='ocrx_word' id='word_1_279' title='bbox 234 2350 377 2410; x_wconf 75' lang='grc' dir='ltr'>εἶναι</span> <span class='ocrx_word' id='word_1_280' title='bbox 407 2360 695 2427; x_wconf 86' lang='grc' dir='ltr'>σωμάτων.</span> <span class='ocrx_word' id='word_1_281' title='bbox 742 2358 852 2412; x_wconf 63' lang='grc' dir='ltr'>Καὶ¹</span> <span class='ocrx_word' id='word_1_282' title='bbox 891 2358 1030 2427; x_wconf 81' lang='grc' dir='ltr'>αῦτη</span> <span class='ocrx_word' id='word_1_283' title='bbox 1060 2359 1093 2428; x_wconf 89' lang='grc' dir='ltr'>ή</span> <span class='ocrx_word' id='word_1_284' title='bbox 1124 2357 1282 2428; x_wconf 90' lang='grc' dir='ltr'>φήμη</span> <span class='ocrx_word' id='word_1_285' title='bbox 1312 2354 1533 2426; x_wconf 86' lang='grc' dir='ltr'>ἐκράτει</span> <span class='ocrx_word' id='word_1_286' title='bbox 1568 2356 1697 2427; x_wconf 70' lang='grc' dir='ltr'>περὶ</span> <span class='ocrx_word' id='word_1_287' title='bbox 1716 2356 1810 2409; x_wconf 86' lang='grc' dir='ltr'>αὑ-</span> 
     </span>
    </p>
   </div>
   <div class='ocr_carea' id='block_1_37' title="bbox 230 2439 757 2513">
    <p class='ocr_par' dir='ltr' id='par_1_37' title="bbox 230 2439 757 2513">
     <span class='ocr_line' id='line_1_37' title="bbox 230 2439 757 2513; baseline 0 -19"><span class='ocrx_word' id='word_1_288' title='bbox 230 2439 330 2494; x_wconf 82' lang='grc' dir='ltr'>τοῦ</span> <span class='ocrx_word' id='word_1_289' title='bbox 362 2442 423 2495; x_wconf 91' lang='grc' dir='ltr'>ἐν</span> <span class='ocrx_word' id='word_1_290' title='bbox 448 2445 511 2512; x_wconf 81' lang='grc' dir='ltr'>τῇ</span> <span class='ocrx_word' id='word_1_291' title='bbox 544 2442 757 2513; x_wconf 88' lang='grc' dir='ltr'>ἐρήμῳ.</span> 
     </span>
    </p>
   </div>
   <div class='ocr_carea' id='block_1_38' title="bbox 318 2594 1811 2667">
    <p class='ocr_par' dir='ltr' id='par_1_38' title="bbox 318 2594 1811 2667">
     <span class='ocr_line' id='line_1_38' title="bbox 318 2594 1811 2667; baseline -0.003 -17"><span class='ocrx_word' id='word_1_292' title='bbox 318 2596 508 2666; x_wconf 84' lang='grc' dir='ltr'>Τούτῳ</span> <span class='ocrx_word' id='word_1_293' title='bbox 533 2594 610 2663; x_wconf 79' lang='grc' dir='ltr'>τῷ</span> <span class='ocrx_word' id='word_1_294' title='bbox 630 2596 772 2666; x_wconf 79' lang='grc' dir='ltr'>ἁγίῳ</span> <span class='ocrx_word' id='word_1_295' title='bbox 802 2597 954 2667; x_wconf 82' lang='grc' dir='ltr'>ἀνδρὶ</span> <span class='ocrx_word' id='word_1_296' title='bbox 977 2595 1322 2667; x_wconf 82' lang='grc' dir='ltr'>προσηνέχθη</span> <span class='ocrx_word' id='word_1_297' title='bbox 1347 2595 1429 2658; x_wconf 90' lang='grc' dir='ltr'>τίς</span> <span class='ocrx_word' id='word_1_298' title='bbox 1460 2612 1591 2649; x_wconf 89' lang='grc' dir='ltr'>ποτε</span> <span class='ocrx_word' id='word_1_299' title='bbox 1636 2594 1811 2648; x_wconf 92' lang='grc' dir='ltr'>νεανί-</span> 
     </span>
    </p>
   </div>
   <div class='ocr_carea' id='block_1_39' title="bbox 235 2678 1813 2751">
    <p class='ocr_par' dir='ltr' id='par_1_39' title="bbox 235 2678 1813 2751">
     <span class='ocr_line' id='line_1_39' title="bbox 235 2678 1813 2751; baseline -0.001 -18"><span class='ocrx_word' id='word_1_300' title='bbox 235 2697 368 2743; x_wconf 86' lang='grc' dir='ltr'>σκος</span> <span class='ocrx_word' id='word_1_301' title='bbox 398 2678 716 2747; x_wconf 88' lang='grc' dir='ltr'>δαιμονιῶν,</span> <span class='ocrx_word' id='word_1_302' title='bbox 760 2679 913 2750; x_wconf 81' lang='grc' dir='ltr'>παρὰ</span> <span class='ocrx_word' id='word_1_303' title='bbox 946 2679 1045 2748; x_wconf 79' lang='grc' dir='ltr'>τῆς</span> <span class='ocrx_word' id='word_1_304' title='bbox 1090 2679 1225 2742; x_wconf 91' lang='grc' dir='ltr'>ἰδίας</span> <span class='ocrx_word' id='word_1_305' title='bbox 1263 2680 1468 2751; x_wconf 85' lang='grc' dir='ltr'>μητρὸς</span> <span class='ocrx_word' id='word_1_306' title='bbox 1490 2678 1813 2749; x_wconf 83' lang='grc' dir='ltr'>ὀλοφυρομέ-</span> 
     </span>
    </p>
   </div>
   <div class='ocr_carea' id='block_1_40' title="bbox 230 2762 1811 2834">
    <p class='ocr_par' dir='ltr' id='par_1_40' title="bbox 230 2762 1811 2834">
     <span class='ocr_line' id='line_1_40' title="bbox 230 2762 1811 2834; baseline 0 -19"><span class='ocrx_word' id='word_1_307' title='bbox 230 2781 332 2834; x_wconf 87' lang='grc' dir='ltr'>νης</span> <span class='ocrx_word' id='word_1_308' title='bbox 366 2763 494 2833; x_wconf 78' lang='grc' dir='ltr'>περὶ</span> <span class='ocrx_word' id='word_1_309' title='bbox 540 2762 724 2826; x_wconf 82' lang='grc' dir='ltr'>αὑτὸν,</span> <span class='ocrx_word' id='word_1_310' title='bbox 777 2763 898 2815; x_wconf 59' lang='grc' dir='ltr'>δυσὶ⁸</span> <span class='ocrx_word' id='word_1_311' title='bbox 953 2762 1256 2825; x_wconf 88' lang='grc' dir='ltr'>νεανίσκοις</span> <span class='ocrx_word' id='word_1_312' title='bbox 1318 2762 1698 2831; x_wconf 84' lang='grc' dir='ltr'>συνδεδεμένος</span> <span class='ocrx_word' id='word_1_313' title='bbox 1752 2763 1811 2829; x_wconf 91' lang='grc' dir='ltr'>ἐξ</span> 
     </span>
    </p>
   </div>
   <div class='ocr_carea' id='block_1_41' title="bbox 232 2844 1813 2916">
    <p class='ocr_par' dir='ltr' id='par_1_41' title="bbox 232 2844 1813 2916">
     <span class='ocr_line' id='line_1_41' title="bbox 232 2844 1813 2916; baseline 0 -17"><span class='ocrx_word' id='word_1_314' title='bbox 232 2846 514 2916; x_wconf 74' lang='grc' dir='ltr'>ἑκατέρων</span> <span class='ocrx_word' id='word_1_315' title='bbox 558 2845 666 2897; x_wconf 89' lang='grc' dir='ltr'>τῶν</span> <span class='ocrx_word' id='word_1_316' title='bbox 716 2847 914 2916; x_wconf 83' lang='grc' dir='ltr'>μερῶν.</span> <span class='ocrx_word' id='word_1_317' title='bbox 980 2846 1077 2907; x_wconf 89' lang='grc' dir='ltr'>Ὃς</span> <span class='ocrx_word' id='word_1_318' title='bbox 1120 2844 1326 2915; x_wconf 87' lang='grc' dir='ltr'>ταύτην</span> <span class='ocrx_word' id='word_1_319' title='bbox 1367 2845 1466 2915; x_wconf 80' lang='grc' dir='ltr'>τήν</span> <span class='ocrx_word' id='word_1_320' title='bbox 1532 2846 1813 2916; x_wconf 82' lang='grc' dir='ltr'>ἐνέργειαν</span> 
     </span>
    </p>
   </div>
   <div class='ocr_carea' id='block_1_42' title="bbox 235 2927 1810 2998">
    <p class='ocr_par' dir='ltr' id='par_1_42' title="bbox 235 2927 1810 2998">
     <span class='ocr_line' id='line_1_42' title="bbox 235 2927 1810 2998; baseline -0.004 -16"><span class='ocrx_word' id='word_1_321' title='bbox 235 2927 680 2998; x_wconf 81' lang='grc' dir='ltr'>εῖχενόδαίμων,</span> <span class='ocrx_word' id='word_1_322' title='bbox 710 2929 845 2998; x_wconf 90' lang='grc' dir='ltr'>μετά</span> <span class='ocrx_word' id='word_1_323' title='bbox 870 2928 931 2981; x_wconf 80' lang='grc' dir='ltr'>τὸ</span> <span class='ocrx_word' id='word_1_324' title='bbox 957 2929 1151 2997; x_wconf 82' lang='grc' dir='ltr'>φαγεῖν</span> <span class='ocrx_word' id='word_1_325' title='bbox 1180 2928 1348 2995; x_wconf 88' lang='grc' dir='ltr'>τριῶν</span> <span class='ocrx_word' id='word_1_326' title='bbox 1373 2928 1567 2998; x_wconf 89' lang='grc' dir='ltr'>μοδίων</span> <span class='ocrx_word' id='word_1_327' title='bbox 1594 2930 1810 2996; x_wconf 74' lang='grc' dir='ltr'>ἄρτους,</span> 
     </span>
    </p>
   </div>
   <div class='ocr_carea' id='block_1_43' title="bbox 237 3010 1809 3081">
    <p class='ocr_par' dir='ltr' id='par_1_43' title="bbox 237 3010 1809 3081">
     <span class='ocr_line' id='line_1_43' title="bbox 237 3010 1809 3081; baseline -0.002 -15"><span class='ocrx_word' id='word_1_328' title='bbox 237 3012 336 3066; x_wconf 61' lang='grc' dir='ltr'>καὶ</span> <span class='ocrx_word' id='word_1_329' title='bbox 372 3016 513 3067; x_wconf 85' lang='grc' dir='ltr'>πιεῖν</span> <span class='ocrx_word' id='word_1_330' title='bbox 544 3013 799 3081; x_wconf 83' lang='grc' dir='ltr'>ἀμφορέα</span> <span class='ocrx_word' id='word_1_331' title='bbox 819 3012 1123 3065; x_wconf 83' lang='grc' dir='ltr'>Κιλικίσιον</span> <span class='ocrx_word' id='word_1_332' title='bbox 1168 3010 1381 3075; x_wconf 78' lang='grc' dir='ltr'>ὓδατος,</span> <span class='ocrx_word' id='word_1_333' title='bbox 1413 3011 1556 3080; x_wconf 79' lang='grc' dir='ltr'>άπερ</span> <span class='ocrx_word' id='word_1_334' title='bbox 1585 3012 1809 3081; x_wconf 85' lang='grc' dir='ltr'>ἐρευγό-</span> 
     </span>
    </p>
   </div>
   <div class='ocr_carea' id='block_1_44' title="bbox 238 3092 1813 3165">
    <p class='ocr_par' dir='ltr' id='par_1_44' title="bbox 238 3092 1813 3165">
     <span class='ocr_line' id='line_1_44' title="bbox 238 3092 1813 3165; baseline -0.002 -17"><span class='ocrx_word' id='word_1_335' title='bbox 238 3114 401 3163; x_wconf 86' lang='grc' dir='ltr'>μενος</span> <span class='ocrx_word' id='word_1_336' title='bbox 431 3097 511 3159; x_wconf 86' lang='grc' dir='ltr'>εἰς</span> <span class='ocrx_word' id='word_1_337' title='bbox 541 3095 715 3163; x_wconf 81' lang='grc' dir='ltr'>ἀτμὸν</span> <span class='ocrx_word' id='word_1_338' title='bbox 774 3094 996 3147; x_wconf 88' lang='grc' dir='ltr'>ἀνέλυεν</span> <span class='ocrx_word' id='word_1_339' title='bbox 1042 3094 1110 3147; x_wconf 79' lang='grc' dir='ltr'>τά</span> <span class='ocrx_word' id='word_1_340' title='bbox 1158 3092 1442 3163; x_wconf 81' lang='grc' dir='ltr'>βρώματα.</span> <span class='ocrx_word' id='word_1_341' title='bbox 1489 3092 1672 3155; x_wconf 80' lang='grc' dir='ltr'>Οὕτως</span> <span class='ocrx_word' id='word_1_342' title='bbox 1706 3094 1813 3165; x_wconf 75' lang='grc' dir='ltr'>γάρ</span> 
     </span>
    </p>
   </div>
   <div class='ocr_carea' id='block_1_45' title="bbox 235 3175 1810 3248">
    <p class='ocr_par' dir='ltr' id='par_1_45' title="bbox 235 3175 1810 3248">
     <span class='ocr_line' id='line_1_45' title="bbox 235 3175 1810 3248; baseline -0.003 -16"><span class='ocrx_word' id='word_1_343' title='bbox 235 3179 591 3248; x_wconf 84' lang='grc' dir='ltr'>ἀνηλίσκοντο</span> <span class='ocrx_word' id='word_1_344' title='bbox 620 3178 689 3231; x_wconf 87' lang='grc' dir='ltr'>τά</span> <span class='ocrx_word' id='word_1_345' title='bbox 720 3177 998 3246; x_wconf 82' lang='grc' dir='ltr'>βρωθέντα</span> <span class='ocrx_word' id='word_1_346' title='bbox 1023 3177 1151 3246; x_wconf 86' lang='grc' dir='ltr'>παρ’</span> <span class='ocrx_word' id='word_1_347' title='bbox 1193 3176 1358 3229; x_wconf 88' lang='grc' dir='ltr'>αὑτοῦ</span> <span class='ocrx_word' id='word_1_348' title='bbox 1415 3176 1510 3229; x_wconf 76' lang='grc' dir='ltr'>καὶ</span> <span class='ocrx_word' id='word_1_349' title='bbox 1557 3175 1810 3241; x_wconf 86' lang='grc' dir='ltr'>ποθέντα,</span> 
     </span>
    </p>
   </div>
   <div class='ocr_carea' id='block_1_46' title="bbox 236 3235 1882 3331">
    <p class='ocr_par' dir='ltr' id='par_1_46' title="bbox 236 3235 1882 3331">
     <span class='ocr_line' id='line_1_46' title="bbox 236 3235 1882 3331; baseline -0.002 -17"><span class='ocrx_word' id='word_1_350' title='bbox 236 3235 452 3324; x_wconf 59' lang='grc' dir='ltr'>ὡς’ὑπὸ</span> <span class='ocrx_word' id='word_1_351' title='bbox 479 3262 669 3331; x_wconf 85' lang='grc' dir='ltr'>πυρός.</span> <span class='ocrx_word' id='word_1_352' title='bbox 707 3235 864 3312; x_wconf 55' lang='grc' dir='ltr'>δέστι</span> <span class='ocrx_word' id='word_1_353' title='bbox 912 3260 1020 3330; x_wconf 76' lang='grc' dir='ltr'>γὰρ</span> <span class='ocrx_word' id='word_1_354' title='bbox 1073 3235 1165 3313; x_wconf 71' lang='grc' dir='ltr'>καὶ</span> <span class='ocrx_word' id='word_1_355' title='bbox 1208 3260 1394 3328; x_wconf 85' lang='grc' dir='ltr'>τάγμα</span> <span class='ocrx_word' id='word_1_356' title='bbox 1441 3258 1733 3327; x_wconf 89' lang='grc' dir='ltr'>δαιμονίων</span> <span class='ocrx_word' id='word_1_357' title='bbox 1756 3235 1814 3311; x_wconf 80' lang='lat'>10</span> <span class='ocrx_word' id='word_1_358' title='bbox 1840 3235 1882 3293; x_wconf 63' lang='grc' dir='ltr'>α</span> 
     </span>
    </p>
   </div>
   <div class='ocr_carea' id='block_1_47' title="bbox 236 3342 1808 3414">
    <p class='ocr_par' dir='ltr' id='par_1_47' title="bbox 236 3342 1808 3414">
     <span class='ocr_line' id='line_1_47' title="bbox 236 3342 1808 3414; baseline -0.003 -17"><span class='ocrx_word' id='word_1_359' title='bbox 236 3344 533 3414; x_wconf 84' lang='grc' dir='ltr'>λεγόμενον</span> <span class='ocrx_word' id='word_1_360' title='bbox 552 3344 795 3413; x_wconf 91' lang='grc' dir='ltr'>πύρινον.</span> <span class='ocrx_word' id='word_1_361' title='bbox 828 3342 1089 3411; x_wconf 85' lang='grc' dir='ltr'>Διαφοραὶ</span> <span class='ocrx_word' id='word_1_362' title='bbox 1114 3344 1221 3413; x_wconf 89' lang='grc' dir='ltr'>γάρ</span> <span class='ocrx_word' id='word_1_363' title='bbox 1242 3344 1347 3394; x_wconf 89' lang='grc' dir='ltr'>είσι</span> <span class='ocrx_word' id='word_1_364' title='bbox 1371 3342 1478 3394; x_wconf 89' lang='grc' dir='ltr'>τῶν</span> <span class='ocrx_word' id='word_1_365' title='bbox 1498 3342 1808 3410; x_wconf 87' lang='grc' dir='ltr'>δαιμονίων,</span> 
     </span>
    </p>
   </div>
   <div class='ocr_carea' id='block_1_48' title="bbox 239 3425 1811 3497">
    <p class='ocr_par' dir='ltr' id='par_1_48' title="bbox 239 3425 1811 3497">
     <span class='ocr_line' id='line_1_48' title="bbox 239 3425 1811 3497; baseline -0.001 -18"><span class='ocrx_word' id='word_1_366' title='bbox 239 3426 433 3497; x_wconf 83' lang='grc' dir='ltr'>ὥσπερ</span> <span class='ocrx_word' id='word_1_367' title='bbox 457 3427 549 3480; x_wconf 69' lang='grc' dir='ltr'>καὶ</span> <span class='ocrx_word' id='word_1_368' title='bbox 573 3426 678 3478; x_wconf 91' lang='grc' dir='ltr'>τῶν</span> <span class='ocrx_word' id='word_1_369' title='bbox 700 3425 1025 3496; x_wconf 87' lang='grc' dir='ltr'>ἀνθρώπων,</span> <span class='ocrx_word' id='word_1_370' title='bbox 1047 3426 1145 3478; x_wconf 86' lang='grc' dir='ltr'>οὑκ</span> <span class='ocrx_word' id='word_1_371' title='bbox 1173 3425 1360 3486; x_wconf 81' lang='grc' dir='ltr'>οὐσίας</span> <span class='ocrx_word' id='word_1_372' title='bbox 1386 3425 1811 3493; x_wconf 86' lang='grc' dir='ltr'>ἀλλασσομένης,</span> 
     </span>
    </p>
   </div>
   <div class='ocr_carea' id='block_1_49' title="bbox 239 3502 1816 3576">
    <p class='ocr_par' dir='ltr' id='par_1_49' title="bbox 239 3502 1816 3576">
     <span class='ocr_line' id='line_1_49' title="bbox 239 3502 1816 3576; baseline -0.001 -16"><span class='ocrx_word' id='word_1_373' title='bbox 239 3507 381 3561; x_wconf 89' lang='grc' dir='ltr'>ἀλλά</span> <span class='ocrx_word' id='word_1_374' title='bbox 448 3509 546 3576; x_wconf 81' lang='grc' dir='ltr'>τῆς</span> <span class='ocrx_word' id='word_1_375' title='bbox 586 3507 809 3576; x_wconf 80' lang='grc' dir='ltr'>γνώμης</span> <span class='ocrx_word' id='word_1_376' title='bbox 870 3507 1277 3576; x_wconf 81' lang='grc' dir='ltr'>ἀλλοιουμένης.</span> <span class='ocrx_word' id='word_1_377' title='bbox 1340 3502 1508 3570; x_wconf 72' lang='grc' dir='ltr'>Οὗτος</span> <span class='ocrx_word' id='word_1_378' title='bbox 1554 3508 1731 3560; x_wconf 85' lang='grc' dir='ltr'>τοίνυν</span> <span class='ocrx_word' id='word_1_379' title='bbox 1788 3509 1816 3559; x_wconf 92' lang='grc' dir='ltr'>ό</span> 
     </span>
    </p>
   </div>
   <div class='ocr_carea' id='block_1_50' title="bbox 238 3590 1813 3662">
    <p class='ocr_par' dir='ltr' id='par_1_50' title="bbox 238 3590 1813 3662">
     <span class='ocr_line' id='line_1_50' title="bbox 238 3590 1813 3662; baseline 0.001 -20"><span class='ocrx_word' id='word_1_380' title='bbox 238 3590 525 3653; x_wconf 86' lang='grc' dir='ltr'>νεανίσκος</span> <span class='ocrx_word' id='word_1_381' title='bbox 559 3592 633 3661; x_wconf 77' lang='grc' dir='ltr'>μὴ</span> <span class='ocrx_word' id='word_1_382' title='bbox 664 3590 1078 3660; x_wconf 82' lang='grc' dir='ltr'>ἐπαρκούμενος</span> <span class='ocrx_word' id='word_1_383' title='bbox 1096 3590 1249 3660; x_wconf 84' lang='grc' dir='ltr'>παρά</span> <span class='ocrx_word' id='word_1_384' title='bbox 1270 3592 1371 3659; x_wconf 77' lang='grc' dir='ltr'>τῆς</span> <span class='ocrx_word' id='word_1_385' title='bbox 1417 3592 1552 3654; x_wconf 89' lang='grc' dir='ltr'>ἰδίας</span> <span class='ocrx_word' id='word_1_386' title='bbox 1584 3591 1813 3662; x_wconf 85' lang='grc' dir='ltr'>μητρὸς,</span> 
     </span>
    </p>
   </div>
   <div class='ocr_carea' id='block_1_51' title="bbox 238 3674 1815 3745">
    <p class='ocr_par' dir='ltr' id='par_1_51' title="bbox 238 3674 1815 3745">
     <span class='ocr_line' id='line_1_51' title="bbox 238 3674 1815 3745; baseline 0.001 -19"><span class='ocrx_word' id='word_1_387' title='bbox 238 3674 504 3736; x_wconf 81' lang='grc' dir='ltr'>πολλάκις</span> <span class='ocrx_word' id='word_1_388' title='bbox 542 3675 639 3742; x_wconf 83' lang='grc' dir='ltr'>τὴν</span> <span class='ocrx_word' id='word_1_389' title='bbox 671 3674 807 3726; x_wconf 87' lang='grc' dir='ltr'>ἰδίαν</span> <span class='ocrx_word' id='word_1_390' title='bbox 860 3674 1046 3745; x_wconf 71' lang='grc' dir='ltr'>ἢσθιεν</span> <span class='ocrx_word' id='word_1_391' title='bbox 1093 3676 1315 3744; x_wconf 85' lang='grc' dir='ltr'>κόπρον,</span> <span class='ocrx_word' id='word_1_392' title='bbox 1357 3676 1449 3729; x_wconf 77' lang='grc' dir='ltr'>καὶ</span> <span class='ocrx_word' id='word_1_393' title='bbox 1498 3676 1589 3729; x_wconf 78' lang='grc' dir='ltr'>τὸν</span> <span class='ocrx_word' id='word_1_394' title='bbox 1624 3675 1815 3730; x_wconf 79' lang='grc' dir='ltr'>ἑαυτοῦ</span> 
     </span>
    </p>
   </div>
   <div class='ocr_carea' id='block_1_52' title="bbox 240 3754 1817 3831">
    <p class='ocr_par' dir='ltr' id='par_1_52' title="bbox 240 3754 1817 3831">
     <span class='ocr_line' id='line_1_52' title="bbox 240 3754 1817 3831; baseline 0.001 -21"><span class='ocrx_word' id='word_1_395' title='bbox 240 3757 428 3810; x_wconf 72' lang='grc' dir='ltr'>ἔπινεν</span> <span class='ocrx_word' id='word_1_396' title='bbox 463 3758 644 3827; x_wconf 81' lang='grc' dir='ltr'>οὖρον.</span> <span class='ocrx_word' id='word_1_397' title='bbox 674 3758 981 3829; x_wconf 78' lang='grc' dir='ltr'>κλαιούσης</span> <span class='ocrx_word' id='word_1_398' title='bbox 1012 3754 1102 3811; x_wconf 74' lang='grc' dir='ltr'>οὖν</span> <span class='ocrx_word' id='word_1_399' title='bbox 1141 3760 1240 3828; x_wconf 83' lang='grc' dir='ltr'>τῆς</span> <span class='ocrx_word' id='word_1_400' title='bbox 1268 3759 1472 3831; x_wconf 80' lang='grc' dir='ltr'>μητρὸς</span> <span class='ocrx_word' id='word_1_401' title='bbox 1504 3758 1691 3825; x_wconf 86' lang='grc' dir='ltr'>αὑτοῦ,</span> <span class='ocrx_word' id='word_1_402' title='bbox 1723 3760 1817 3813; x_wconf 60' lang='grc' dir='ltr'>καὶ⁵</span> 
     </span>
    </p>
   </div>
   <div class='ocr_carea' id='block_1_53' title="bbox 243 3841 1815 3914">
    <p class='ocr_par' dir='ltr' id='par_1_53' title="bbox 243 3841 1815 3914">
     <span class='ocr_line' id='line_1_53' title="bbox 243 3841 1815 3914; baseline 0.001 -20"><span class='ocrx_word' id='word_1_403' title='bbox 243 3842 450 3911; x_wconf 80' lang='grc' dir='ltr'>σφόδρα</span> <span class='ocrx_word' id='word_1_404' title='bbox 486 3841 795 3911; x_wconf 86' lang='grc' dir='ltr'>ἀνιωμένης</span> <span class='ocrx_word' id='word_1_405' title='bbox 847 3842 939 3893; x_wconf 80' lang='grc' dir='ltr'>ἐπὶ</span> <span class='ocrx_word' id='word_1_406' title='bbox 979 3844 1047 3912; x_wconf 81' lang='grc' dir='ltr'>τῇ</span> <span class='ocrx_word' id='word_1_407' title='bbox 1086 3846 1341 3913; x_wconf 81' lang='grc' dir='ltr'>συμφορᾷ</span> <span class='ocrx_word' id='word_1_408' title='bbox 1394 3843 1692 3914; x_wconf 75' lang='grc' dir='ltr'>ἀπορρήτῳ</span> <span class='ocrx_word' id='word_1_409' title='bbox 1722 3842 1815 3895; x_wconf 87' lang='grc' dir='ltr'>τοῦ</span> 
     </span>
    </p>
   </div>
   <div class='ocr_carea' id='block_1_54' title="bbox 241 3923 1817 3995">
    <p class='ocr_par' dir='ltr' id='par_1_54' title="bbox 241 3923 1817 3995">
     <span class='ocr_line' id='line_1_54' title="bbox 241 3923 1817 3995; baseline -0.001 -19"><span class='ocrx_word' id='word_1_410' title='bbox 241 3923 362 3976; x_wconf 85' lang='grc' dir='ltr'>υίοῦ</span> <span class='ocrx_word' id='word_1_411' title='bbox 392 3924 584 3993; x_wconf 78' lang='grc' dir='ltr'>αὑτῆς,</span> <span class='ocrx_word' id='word_1_412' title='bbox 616 3925 709 3976; x_wconf 72' lang='grc' dir='ltr'>καί</span> <span class='ocrx_word' id='word_1_413' title='bbox 742 3924 913 3977; x_wconf 90' lang='grc' dir='ltr'>πολλά</span> <span class='ocrx_word' id='word_1_414' title='bbox 938 3925 1364 3995; x_wconf 81' lang='grc' dir='ltr'>παρακαλούσης</span> <span class='ocrx_word' id='word_1_415' title='bbox 1392 3925 1483 3977; x_wconf 79' lang='grc' dir='ltr'>τὸν</span> <span class='ocrx_word' id='word_1_416' title='bbox 1508 3927 1685 3991; x_wconf 79' lang='grc' dir='ltr'>ἆγιον,</span> <span class='ocrx_word' id='word_1_417' title='bbox 1720 3924 1817 3976; x_wconf 63' lang='grc' dir='ltr'>καὶ⁵</span> 
     </span>
    </p>
   </div>
   <div class='ocr_carea' id='block_1_55' title="bbox 242 4006 1816 4077">
    <p class='ocr_par' dir='ltr' id='par_1_55' title="bbox 242 4006 1816 4077">
     <span class='ocr_line' id='line_1_55' title="bbox 242 4006 1816 4077; baseline -0.001 -18"><span class='ocrx_word' id='word_1_418' title='bbox 242 4007 527 4076; x_wconf 88' lang='grc' dir='ltr'>δεομένης,</span> <span class='ocrx_word' id='word_1_419' title='bbox 574 4006 754 4060; x_wconf 85' lang='grc' dir='ltr'>λαϐὼν</span> <span class='ocrx_word' id='word_1_420' title='bbox 809 4010 1014 4061; x_wconf 89' lang='grc' dir='ltr'>ἐκεῖνον</span> <span class='ocrx_word' id='word_1_421' title='bbox 1053 4012 1082 4060; x_wconf 88' lang='grc' dir='ltr'><strong>ὁ</strong></span> <span class='ocrx_word' id='word_1_422' title='bbox 1134 4009 1401 4077; x_wconf 86' lang='grc' dir='ltr'>ἀήττητος</span> <span class='ocrx_word' id='word_1_423' title='bbox 1451 4008 1690 4075; x_wconf 75' lang='grc' dir='ltr'>ἀθλητὴς</span> <span class='ocrx_word' id='word_1_424' title='bbox 1722 4008 1816 4059; x_wconf 91' lang='grc' dir='ltr'>τοῦ</span> 
     </span>
    </p>
   </div>
   <div class='ocr_carea' id='block_1_56' title="bbox 244 4090 1819 4161">
    <p class='ocr_par' dir='ltr' id='par_1_56' title="bbox 244 4090 1819 4161">
     <span class='ocr_line' id='line_1_56' title="bbox 244 4090 1819 4161; baseline -0.001 -18"><span class='ocrx_word' id='word_1_425' title='bbox 244 4090 483 4161; x_wconf 83' lang='grc' dir='ltr'>Χριστοῦ</span> <span class='ocrx_word' id='word_1_426' title='bbox 523 4092 832 4160; x_wconf 78' lang='grc' dir='ltr'>Μακάριος.</span> <span class='ocrx_word' id='word_1_427' title='bbox 873 4092 1146 4161; x_wconf 76' lang='grc' dir='ltr'>ἐπηύξατο</span> <span class='ocrx_word' id='word_1_428' title='bbox 1200 4092 1352 4161; x_wconf 87' lang='grc' dir='ltr'>αὑτῷ</span> <span class='ocrx_word' id='word_1_429' title='bbox 1391 4092 1482 4143; x_wconf 72' lang='grc' dir='ltr'>τὸν</span> <span class='ocrx_word' id='word_1_430' title='bbox 1534 4092 1668 4143; x_wconf 72' lang='grc' dir='ltr'>Θεὸν</span> <span class='ocrx_word' id='word_1_431' title='bbox 1708 4094 1819 4143; x_wconf 90' lang='grc' dir='ltr'>ἱκε-</span> 
     </span>
    </p>
   </div>
   <div class='ocr_carea' id='block_1_57' title="bbox 240 4172 1818 4244">
    <p class='ocr_par' dir='ltr' id='par_1_57' title="bbox 240 4172 1818 4244">
     <span class='ocr_line' id='line_1_57' title="bbox 240 4172 1818 4244; baseline 0 -19"><span class='ocrx_word' id='word_1_432' title='bbox 240 4172 440 4226; x_wconf 86' lang='grc' dir='ltr'>τεύων.</span> <span class='ocrx_word' id='word_1_433' title='bbox 468 4174 577 4225; x_wconf 77' lang='grc' dir='ltr'>Καὶ</span> <span class='ocrx_word' id='word_1_434' title='bbox 616 4176 752 4241; x_wconf 88' lang='grc' dir='ltr'>μετὰ</span> <span class='ocrx_word' id='word_1_435' title='bbox 788 4174 912 4242; x_wconf 87' lang='grc' dir='ltr'>μίαν</span> <span class='ocrx_word' id='word_1_436' title='bbox 959 4176 1050 4227; x_wconf 77' lang='grc' dir='ltr'>καὶ</span> <span class='ocrx_word' id='word_1_437' title='bbox 1075 4175 1336 4244; x_wconf 85' lang='grc' dir='ltr'>δευτέραν</span> <span class='ocrx_word' id='word_1_438' title='bbox 1363 4175 1572 4243; x_wconf 75' lang='grc' dir='ltr'>ἡμέραν</span> <span class='ocrx_word' id='word_1_439' title='bbox 1608 4173 1818 4226; x_wconf 67' lang='grc' dir='ltr'>ὑπελὼο</span> 
     </span>
    </p>
   </div>
   <div class='ocr_carea' id='block_1_58' title="bbox 243 4253 1814 4326">
    <p class='ocr_par' dir='ltr' id='par_1_58' title="bbox 243 4253 1814 4326">
     <span class='ocr_line' id='line_1_58' title="bbox 243 4253 1814 4326; baseline 0.001 -21"><span class='ocrx_word' id='word_1_440' title='bbox 243 4271 419 4324; x_wconf 80' lang='grc' dir='ltr'>φησεν</span> <span class='ocrx_word' id='word_1_441' title='bbox 451 4254 538 4306; x_wconf 80' lang='grc' dir='ltr'>τοῦ</span> <span class='ocrx_word' id='word_1_442' title='bbox 574 4255 749 4308; x_wconf 80' lang='grc' dir='ltr'>δεινοῦ</span> <span class='ocrx_word' id='word_1_443' title='bbox 780 4256 984 4319; x_wconf 80' lang='grc' dir='ltr'>πάθους</span> <span class='ocrx_word' id='word_1_444' title='bbox 1006 4260 1033 4309; x_wconf 98' lang='lat'>0</span> <span class='ocrx_word' id='word_1_445' title='bbox 1055 4258 1280 4325; x_wconf 84' lang='grc' dir='ltr'>δαίμων.</span> <span class='ocrx_word' id='word_1_446' title='bbox 1309 4258 1469 4324; x_wconf 87' lang='grc' dir='ltr'>Λέγει</span> <span class='ocrx_word' id='word_1_447' title='bbox 1495 4253 1587 4309; x_wconf 80' lang='grc' dir='ltr'>οὖν</span> <span class='ocrx_word' id='word_1_448' title='bbox 1610 4257 1727 4308; x_wconf 89' lang='grc' dir='ltr'>τότε</span> <span class='ocrx_word' id='word_1_449' title='bbox 1750 4260 1814 4326; x_wconf 81' lang='grc' dir='ltr'>τῇ</span> 
     </span>
    </p>
   </div>
   <div class='ocr_carea' id='block_1_59' title="bbox 240 4337 1814 4407">
    <p class='ocr_par' dir='ltr' id='par_1_59' title="bbox 240 4337 1814 4407">
     <span class='ocr_line' id='line_1_59' title="bbox 240 4337 1814 4407; baseline 0.002 -18"><span class='ocrx_word' id='word_1_450' title='bbox 240 4337 338 4389; x_wconf 88' lang='grc' dir='ltr'>τοῦ</span> <span class='ocrx_word' id='word_1_451' title='bbox 379 4338 662 4389; x_wconf 81' lang='grc' dir='ltr'>νεανίσκου</span> <span class='ocrx_word' id='word_1_452' title='bbox 693 4340 889 4407; x_wconf 86' lang='grc' dir='ltr'>μητέρι</span> <span class='ocrx_word' id='word_1_453' title='bbox 914 4342 940 4391; x_wconf 88' lang='lat'>0</span> <span class='ocrx_word' id='word_1_454' title='bbox 968 4341 1120 4406; x_wconf 72' lang='grc' dir='ltr'>ἅγιος</span> <span class='ocrx_word' id='word_1_455' title='bbox 1152 4341 1460 4407; x_wconf 83' lang='grc' dir='ltr'>Μακάριος,</span> <span class='ocrx_word' id='word_1_456' title='bbox 1499 4341 1668 4392; x_wconf 82' lang='grc' dir='ltr'>Πόσον</span> <span class='ocrx_word' id='word_1_457' title='bbox 1697 4340 1814 4393; x_wconf 86' lang='grc' dir='ltr'>ἐθέ-</span> 
     </span>
    </p>
   </div>
   <div class='ocr_carea' id='block_1_60' title="bbox 243 4418 1813 4493">
    <p class='ocr_par' dir='ltr' id='par_1_60' title="bbox 243 4418 1813 4493">
     <span class='ocr_line' id='line_1_60' title="bbox 243 4418 1813 4493; baseline 0.003 -22"><span class='ocrx_word' id='word_1_458' title='bbox 243 4418 360 4481; x_wconf 86' lang='grc' dir='ltr'>λεις</span> <span class='ocrx_word' id='word_1_459' title='bbox 382 4419 582 4472; x_wconf 85' lang='grc' dir='ltr'>ἐσθίειν</span> <span class='ocrx_word' id='word_1_460' title='bbox 619 4438 714 4473; x_wconf 91' lang='grc' dir='ltr'>σου</span> <span class='ocrx_word' id='word_1_461' title='bbox 741 4422 829 4473; x_wconf 80' lang='grc' dir='ltr'>τὸν</span> <span class='ocrx_word' id='word_1_462' title='bbox 856 4422 997 4486; x_wconf 87' lang='grc' dir='ltr'>υίόν;</span> <span class='ocrx_word' id='word_1_463' title='bbox 1035 4423 1094 4473; x_wconf 81' lang='grc'>’11</span> <span class='ocrx_word' id='word_1_464' title='bbox 1117 4422 1173 4474; x_wconf 81' lang='grc' dir='ltr'>δὲ</span> <span class='ocrx_word' id='word_1_465' title='bbox 1198 4425 1533 4493; x_wconf 86' lang='grc' dir='ltr'>ἀπεκρίνατο</span> <span class='ocrx_word' id='word_1_466' title='bbox 1561 4423 1813 4490; x_wconf 75' lang='grc' dir='ltr'>λέγουσαο</span> 
     </span>
    </p>
   </div>
   <div class='ocr_carea' id='block_1_61' title="bbox 248 4504 1817 4577">
    <p class='ocr_par' dir='ltr' id='par_1_61' title="bbox 248 4504 1817 4577">
     <span class='ocr_line' id='line_1_61' title="bbox 248 4504 1817 4577; baseline 0.003 -22"><span class='ocrx_word' id='word_1_467' title='bbox 248 4504 456 4571; x_wconf 88' lang='grc' dir='ltr'>Δέομαί</span> <span class='ocrx_word' id='word_1_468' title='bbox 487 4521 601 4567; x_wconf 90' lang='grc' dir='ltr'>σου,</span> <span class='ocrx_word' id='word_1_469' title='bbox 636 4504 949 4574; x_wconf 87' lang='grc' dir='ltr'>δεκάλιτρον</span> <span class='ocrx_word' id='word_1_470' title='bbox 986 4506 1243 4559; x_wconf 84' lang='grc' dir='ltr'>κέλευσον</span> <span class='ocrx_word' id='word_1_471' title='bbox 1293 4509 1480 4576; x_wconf 84' lang='grc' dir='ltr'>ἄρτου.</span> <span class='ocrx_word' id='word_1_472' title='bbox 1529 4508 1817 4577; x_wconf 84' lang='grc' dir='ltr'>Ἐπιτιμή-</span> 
     </span>
    </p>
   </div>
   <div class='ocr_carea' id='block_1_62' title="bbox 1926 1916 3484 1991">
    <p class='ocr_par' dir='ltr' id='par_1_62' title="bbox 1926 1916 3484 1991">
     <span class='ocr_line' id='line_1_62' title="bbox 1926 1916 3484 1991; baseline -0.003 -19"><span class='ocrx_word' id='word_1_473' title='bbox 1926 1920 2225 1985; x_wconf 81' lang='grc' dir='ltr'>Ἀντώνιος,</span> <span class='ocrx_word' id='word_1_474' title='bbox 2260 1922 2363 1990; x_wconf 77' lang='grc' dir='ltr'>ἔφη</span> <span class='ocrx_word' id='word_1_475' title='bbox 2389 1920 2468 1991; x_wconf 86' lang='grc' dir='ltr'>τῷ</span> <span class='ocrx_word' id='word_1_476' title='bbox 2500 1919 2789 1986; x_wconf 85' lang='grc' dir='ltr'>Μακαρίῳ,</span> <span class='ocrx_word' id='word_1_477' title='bbox 2834 1918 2963 1971; x_wconf 77' lang='grc' dir='ltr'>Ἰδοὺ</span> <span class='ocrx_word' id='word_1_478' title='bbox 2998 1917 3381 1971; x_wconf 85' lang='grc' dir='ltr'>ἀναπέπαυται</span> <span class='ocrx_word' id='word_1_479' title='bbox 3421 1916 3484 1969; x_wconf 78' lang='grc' dir='ltr'>τὸ</span> 
     </span>
    </p>
   </div>
   <div class='ocr_carea' id='block_1_63' title="bbox 1912 2002 3483 2078">
    <p class='ocr_par' dir='ltr' id='par_1_63' title="bbox 1912 2002 3483 2078">
     <span class='ocr_line' id='line_1_63' title="bbox 1912 2002 3483 2078; baseline -0.001 -21"><span class='ocrx_word' id='word_1_480' title='bbox 1912 2005 2136 2075; x_wconf 87' lang='grc' dir='ltr'>Πνεῦμα</span> <span class='ocrx_word' id='word_1_481' title='bbox 2161 2007 2252 2057; x_wconf 82' lang='grc' dir='ltr'>ἐπὶ</span> <span class='ocrx_word' id='word_1_482' title='bbox 2280 2006 2358 2072; x_wconf 85' lang='grc' dir='ltr'>σὲ,</span> <span class='ocrx_word' id='word_1_483' title='bbox 2396 2007 2489 2058; x_wconf 84' lang='grc' dir='ltr'>καὶ</span> <span class='ocrx_word' id='word_1_484' title='bbox 2515 2005 2617 2078; x_wconf 69' lang='grc' dir='ltr'>ἐστι</span> <span class='ocrx_word' id='word_1_485' title='bbox 2646 2021 2737 2075; x_wconf 91' lang='grc' dir='ltr'>μοι</span> <span class='ocrx_word' id='word_1_486' title='bbox 2767 2004 2953 2057; x_wconf 82' lang='grc' dir='ltr'>λοιπὸν</span> <span class='ocrx_word' id='word_1_487' title='bbox 2979 2003 3085 2057; x_wconf 88' lang='grc' dir='ltr'>τῶν</span> <span class='ocrx_word' id='word_1_488' title='bbox 3102 2002 3251 2073; x_wconf 84' lang='grc' dir='ltr'>ἐμῶν</span> <span class='ocrx_word' id='word_1_489' title='bbox 3272 2002 3483 2073; x_wconf 84' lang='grc' dir='ltr'>ἀρετῶν</span> 
     </span>
    </p>
   </div>
   <div class='ocr_carea' id='block_1_64' title="bbox 1912 2089 2265 2161">
    <p class='ocr_par' dir='ltr' id='par_1_64' title="bbox 1912 2089 2265 2161">
     <span class='ocr_line' id='line_1_64' title="bbox 1912 2089 2265 2161; baseline 0.011 -19"><span class='ocrx_word' id='word_1_490' title='bbox 1912 2089 2265 2161; x_wconf 84' lang='grc' dir='ltr'>κληρονόμος.</span> 
     </span>
    </p>
   </div>
   <div class='ocr_carea' id='block_1_65' title="bbox 1994 2223 3484 2304">
    <p class='ocr_par' dir='ltr' id='par_1_65' title="bbox 1994 2223 3484 2304">
     <span class='ocr_line' id='line_1_65' title="bbox 1994 2223 3484 2304; baseline -0.003 -16"><span class='ocrx_word' id='word_1_491' title='bbox 1994 2234 2234 2288; x_wconf 83' lang='grc' dir='ltr'>Ἐκεῖθεν</span> <span class='ocrx_word' id='word_1_492' title='bbox 2273 2234 2434 2289; x_wconf 88' lang='grc' dir='ltr'>πάλιν</span> <span class='ocrx_word' id='word_1_493' title='bbox 2490 2235 2652 2289; x_wconf 81' lang='grc' dir='ltr'>αὑτὸν</span> <span class='ocrx_word' id='word_1_494' title='bbox 2699 2235 2728 2288; x_wconf 89' lang='lat'>0</span> <span class='ocrx_word' id='word_1_495' title='bbox 2780 2233 3027 2297; x_wconf 87' lang='grc' dir='ltr'>διάϐολος</span> <span class='ocrx_word' id='word_1_496' title='bbox 3085 2223 3247 2301; x_wconf 74' lang='grc' dir='ltr'>εὗρεν</span> <span class='ocrx_word' id='word_1_497' title='bbox 3294 2232 3353 2285; x_wconf 83' lang='grc' dir='ltr'>ἐν</span> <span class='ocrx_word' id='word_1_498' title='bbox 3415 2234 3484 2304; x_wconf 79' lang='grc' dir='ltr'>τῇ</span> 
     </span>
    </p>
   </div>
   <div class='ocr_carea' id='block_1_66' title="bbox 1912 2316 3486 2392">
    <p class='ocr_par' dir='ltr' id='par_1_66' title="bbox 1912 2316 3486 2392">
     <span class='ocr_line' id='line_1_66' title="bbox 1912 2316 3486 2392; baseline -0.003 -19"><span class='ocrx_word' id='word_1_499' title='bbox 1912 2320 2104 2391; x_wconf 86' lang='grc' dir='ltr'>ἐρήμῳ</span> <span class='ocrx_word' id='word_1_500' title='bbox 2130 2320 2250 2373; x_wconf 90' lang='grc' dir='ltr'>λίαν</span> <span class='ocrx_word' id='word_1_501' title='bbox 2298 2322 2619 2392; x_wconf 89' lang='grc' dir='ltr'>κεκμηκότα</span> <span class='ocrx_word' id='word_1_502' title='bbox 2644 2317 2722 2389; x_wconf 84' lang='grc' dir='ltr'>τῷ</span> <span class='ocrx_word' id='word_1_503' title='bbox 2774 2318 3009 2389; x_wconf 84' lang='grc' dir='ltr'>σώματι,</span> <span class='ocrx_word' id='word_1_504' title='bbox 3047 2317 3141 2370; x_wconf 91' lang='grc' dir='ltr'>καί</span> <span class='ocrx_word' id='word_1_505' title='bbox 3184 2333 3316 2389; x_wconf 91' lang='grc' dir='ltr'>φησι</span> <span class='ocrx_word' id='word_1_506' title='bbox 3351 2316 3486 2387; x_wconf 80' lang='grc' dir='ltr'>πρὸς</span> 
     </span>
    </p>
   </div>
   <div class='ocr_carea' id='block_1_67' title="bbox 1913 2401 3488 2475">
    <p class='ocr_par' dir='ltr' id='par_1_67' title="bbox 1913 2401 3488 2475">
     <span class='ocr_line' id='line_1_67' title="bbox 1913 2401 3488 2475; baseline -0.001 -20"><span class='ocrx_word' id='word_1_507' title='bbox 1913 2402 2094 2456; x_wconf 84' lang='grc' dir='ltr'>αὑτόν·</span> <span class='ocrx_word' id='word_1_508' title='bbox 2134 2403 2263 2456; x_wconf 84' lang='grc' dir='ltr'>Ἰδοὺ</span> <span class='ocrx_word' id='word_1_509' title='bbox 2294 2403 2391 2475; x_wconf 78' lang='grc' dir='ltr'>τὴν</span> <span class='ocrx_word' id='word_1_510' title='bbox 2430 2402 2587 2475; x_wconf 80' lang='grc' dir='ltr'>χάριν</span> <span class='ocrx_word' id='word_1_511' title='bbox 2613 2403 2840 2473; x_wconf 85' lang='grc' dir='ltr'>είληφας</span> <span class='ocrx_word' id='word_1_512' title='bbox 2892 2402 3199 2455; x_wconf 85' lang='grc' dir='ltr'>Ἀντωνίου.</span> <span class='ocrx_word' id='word_1_513' title='bbox 3242 2401 3306 2454; x_wconf 94' lang='grc' dir='ltr'>Τί</span> <span class='ocrx_word' id='word_1_514' title='bbox 3353 2401 3488 2471; x_wconf 81' lang='grc' dir='ltr'>δῆτα</span> 
     </span>
    </p>
   </div>
   <div class='ocr_carea' id='block_1_68' title="bbox 1919 2483 3484 2559">
    <p class='ocr_par' dir='ltr' id='par_1_68' title="bbox 1919 2483 3484 2559">
     <span class='ocr_line' id='line_1_68' title="bbox 1919 2483 3484 2559; baseline -0.001 -20"><span class='ocrx_word' id='word_1_515' title='bbox 1919 2487 1995 2558; x_wconf 83' lang='grc' dir='ltr'>μὴ</span> <span class='ocrx_word' id='word_1_516' title='bbox 2022 2488 2289 2559; x_wconf 84' lang='grc' dir='ltr'>κέχρησαι</span> <span class='ocrx_word' id='word_1_517' title='bbox 2317 2486 2394 2558; x_wconf 84' lang='grc' dir='ltr'>τῷ</span> <span class='ocrx_word' id='word_1_518' title='bbox 2440 2487 2749 2557; x_wconf 81' lang='grc' dir='ltr'>ἀξιώματι;</span> <span class='ocrx_word' id='word_1_519' title='bbox 2794 2483 2888 2538; x_wconf 76' lang='grc' dir='ltr'>καὶ</span> <span class='ocrx_word' id='word_1_520' title='bbox 2939 2485 3109 2548; x_wconf 86' lang='grc' dir='ltr'>αἰτεῖς</span> <span class='ocrx_word' id='word_1_521' title='bbox 3148 2484 3299 2555; x_wconf 82' lang='grc' dir='ltr'>παρὰ</span> <span class='ocrx_word' id='word_1_522' title='bbox 3348 2485 3484 2539; x_wconf 89' lang='grc' dir='ltr'>Θεοῦ</span> 
     </span>
    </p>
   </div>
   <div class='ocr_carea' id='block_1_69' title="bbox 1915 2569 3487 2643">
    <p class='ocr_par' dir='ltr' id='par_1_69' title="bbox 1915 2569 3487 2643">
     <span class='ocr_line' id='line_1_69' title="bbox 1915 2569 3487 2643; baseline 0 -20"><span class='ocrx_word' id='word_1_523' title='bbox 1915 2570 2176 2643; x_wconf 85' lang='grc' dir='ltr'>βρώματα</span> <span class='ocrx_word' id='word_1_524' title='bbox 2234 2575 2325 2626; x_wconf 74' lang='grc' dir='ltr'>καὶ</span> <span class='ocrx_word' id='word_1_525' title='bbox 2366 2574 2518 2642; x_wconf 85' lang='grc' dir='ltr'>ίσχὺν</span> <span class='ocrx_word' id='word_1_526' title='bbox 2576 2572 2710 2643; x_wconf 79' lang='grc' dir='ltr'>πρὸς</span> <span class='ocrx_word' id='word_1_527' title='bbox 2767 2570 2865 2641; x_wconf 87' lang='grc' dir='ltr'>τὴν</span> <span class='ocrx_word' id='word_1_528' title='bbox 2917 2569 3266 2641; x_wconf 86' lang='grc' dir='ltr'>ὁδοιπορίαν;</span> <span class='ocrx_word' id='word_1_529' title='bbox 3320 2570 3379 2623; x_wconf 86' lang='grc'>’0</span> <span class='ocrx_word' id='word_1_530' title='bbox 3430 2570 3487 2623; x_wconf 88' lang='grc' dir='ltr'>δέ</span> 
     </span>
    </p>
   </div>
   <div class='ocr_carea' id='block_1_70' title="bbox 1913 2655 3486 2729">
    <p class='ocr_par' dir='ltr' id='par_1_70' title="bbox 1913 2655 3486 2729">
     <span class='ocr_line' id='line_1_70' title="bbox 1913 2655 3486 2729; baseline -0.003 -19"><span class='ocrx_word' id='word_1_531' title='bbox 1913 2673 2047 2727; x_wconf 88' lang='grc' dir='ltr'>φησι</span> <span class='ocrx_word' id='word_1_532' title='bbox 2075 2658 2210 2729; x_wconf 83' lang='grc' dir='ltr'>πρὸς</span> <span class='ocrx_word' id='word_1_533' title='bbox 2239 2658 2435 2711; x_wconf 80' lang='grc' dir='ltr'>αὐτόν’</span> <span class='ocrx_word' id='word_1_534' title='bbox 2497 2657 2672 2726; x_wconf 73' lang='grc' dir='ltr'>Ἰσχύς</span> <span class='ocrx_word' id='word_1_535' title='bbox 2710 2674 2809 2728; x_wconf 91' lang='grc' dir='ltr'>μου</span> <span class='ocrx_word' id='word_1_536' title='bbox 2864 2658 2959 2710; x_wconf 71' lang='grc' dir='ltr'>καὶ</span> <span class='ocrx_word' id='word_1_537' title='bbox 3009 2655 3243 2728; x_wconf 79' lang='grc' dir='ltr'>ὕμνησίς</span> <span class='ocrx_word' id='word_1_538' title='bbox 3306 2671 3408 2726; x_wconf 91' lang='grc' dir='ltr'>μου</span> <span class='ocrx_word' id='word_1_539' title='bbox 3456 2655 3486 2707; x_wconf 81' lang='lat'>0</span> 
     </span>
    </p>
   </div>
   <div class='ocr_carea' id='block_1_71' title="bbox 1914 2739 3485 2812">
    <p class='ocr_par' dir='ltr' id='par_1_71' title="bbox 1914 2739 3485 2812">
     <span class='ocr_line' id='line_1_71' title="bbox 1914 2739 3485 2812; baseline -0.004 -13"><span class='ocrx_word' id='word_1_540' title='bbox 1914 2743 2115 2812; x_wconf 77' lang='grc' dir='ltr'>Κύριός</span> <span class='ocrx_word' id='word_1_541' title='bbox 2156 2745 2303 2795; x_wconf 90' lang='grc' dir='ltr'>ἐστιν</span> <span class='ocrx_word' id='word_1_542' title='bbox 2332 2758 2346 2773; x_wconf 88' lang='grc'><strong>·</strong></span> <span class='ocrx_word' id='word_1_543' title='bbox 2375 2743 2440 2795; x_wconf 83' lang='grc' dir='ltr'>σὺ</span> <span class='ocrx_word' id='word_1_544' title='bbox 2472 2743 2528 2796; x_wconf 84' lang='grc' dir='ltr'>δέ</span> <span class='ocrx_word' id='word_1_545' title='bbox 2559 2743 2658 2795; x_wconf 89' lang='grc' dir='ltr'>οὑκ</span> <span class='ocrx_word' id='word_1_546' title='bbox 2681 2743 3033 2812; x_wconf 85' lang='grc' dir='ltr'>ἐκπειράσεις</span> <span class='ocrx_word' id='word_1_547' title='bbox 3064 2742 3155 2795; x_wconf 83' lang='grc' dir='ltr'>τὸν</span> <span class='ocrx_word' id='word_1_548' title='bbox 3177 2740 3363 2795; x_wconf 87' lang='grc' dir='ltr'>δοῦλον</span> <span class='ocrx_word' id='word_1_549' title='bbox 3391 2739 3485 2794; x_wconf 87' lang='grc' dir='ltr'>τοῦ</span> 
     </span>
    </p>
   </div>
   <div class='ocr_carea' id='block_1_72' title="bbox 1912 2822 3488 2896">
    <p class='ocr_par' dir='ltr' id='par_1_72' title="bbox 1912 2822 3488 2896">
     <span class='ocr_line' id='line_1_72' title="bbox 1912 2822 3488 2896; baseline -0.004 -14"><span class='ocrx_word' id='word_1_550' title='bbox 1912 2827 2071 2882; x_wconf 87' lang='grc' dir='ltr'>Θεοῦ.</span> <span class='ocrx_word' id='word_1_551' title='bbox 2102 2829 2252 2880; x_wconf 87' lang='grc' dir='ltr'>Ποιεῖ</span> <span class='ocrx_word' id='word_1_552' title='bbox 2278 2822 2371 2881; x_wconf 83' lang='grc' dir='ltr'>οὖν</span> <span class='ocrx_word' id='word_1_553' title='bbox 2401 2827 2672 2896; x_wconf 70' lang='grc' dir='ltr'>φαντασίᾳ.</span> <span class='ocrx_word' id='word_1_554' title='bbox 2704 2828 2733 2880; x_wconf 91' lang='lat'>0</span> <span class='ocrx_word' id='word_1_555' title='bbox 2763 2826 3008 2888; x_wconf 90' lang='grc' dir='ltr'>διάϐολος</span> <span class='ocrx_word' id='word_1_556' title='bbox 3045 2826 3289 2896; x_wconf 87' lang='grc' dir='ltr'>κάμηλον</span> <span class='ocrx_word' id='word_1_557' title='bbox 3321 2822 3488 2893; x_wconf 85' lang='grc' dir='ltr'>ἀχθο-</span> 
     </span>
    </p>
   </div>
   <div class='ocr_carea' id='block_1_73' title="bbox 1914 2908 3487 2981">
    <p class='ocr_par' dir='ltr' id='par_1_73' title="bbox 1914 2908 3487 2981">
     <span class='ocr_line' id='line_1_73' title="bbox 1914 2908 3487 2981; baseline -0.003 -18"><span class='ocrx_word' id='word_1_558' title='bbox 1914 2911 2078 2980; x_wconf 87' lang='grc' dir='ltr'>φόρον</span> <span class='ocrx_word' id='word_1_559' title='bbox 2115 2910 2201 2964; x_wconf 82' lang='grc' dir='ltr'>διά</span> <span class='ocrx_word' id='word_1_560' title='bbox 2247 2909 2346 2981; x_wconf 82' lang='grc' dir='ltr'>τῆς</span> <span class='ocrx_word' id='word_1_561' title='bbox 2393 2910 2601 2980; x_wconf 86' lang='grc' dir='ltr'>ἐρήμου</span> <span class='ocrx_word' id='word_1_562' title='bbox 2646 2908 3015 2979; x_wconf 77' lang='grc' dir='ltr'>πλαζομένην,</span> <span class='ocrx_word' id='word_1_563' title='bbox 3046 2908 3275 2978; x_wconf 70' lang='grc' dir='ltr'>ἐχουσαν</span> <span class='ocrx_word' id='word_1_564' title='bbox 3309 2911 3487 2960; x_wconf 88' lang='grc' dir='ltr'>πάντα</span> 
     </span>
    </p>
   </div>
   <div class='ocr_carea' id='block_1_74' title="bbox 1912 2992 3484 3064">
    <p class='ocr_par' dir='ltr' id='par_1_74' title="bbox 1912 2992 3484 3064">
     <span class='ocr_line' id='line_1_74' title="bbox 1912 2992 3484 3064; baseline -0.003 -16"><span class='ocrx_word' id='word_1_565' title='bbox 1912 2995 1984 3048; x_wconf 91' lang='grc' dir='ltr'>τά</span> <span class='ocrx_word' id='word_1_566' title='bbox 2020 2993 2157 3063; x_wconf 81' lang='grc' dir='ltr'>πρὸς</span> <span class='ocrx_word' id='word_1_567' title='bbox 2195 2993 2292 3063; x_wconf 81' lang='grc' dir='ltr'>τὴν</span> <span class='ocrx_word' id='word_1_568' title='bbox 2327 2992 2516 3064; x_wconf 89' lang='grc' dir='ltr'>χρείαν</span> <span class='ocrx_word' id='word_1_569' title='bbox 2542 2993 2823 3062; x_wconf 85' lang='grc' dir='ltr'>ἐπιτήδεια</span> <span class='ocrx_word' id='word_1_570' title='bbox 2844 3009 2859 3024; x_wconf 76' lang='grc' dir='ltr'><strong>ο</strong></span> <span class='ocrx_word' id='word_1_571' title='bbox 2884 2992 3003 3062; x_wconf 79' lang='grc' dir='ltr'>ἥτις</span> <span class='ocrx_word' id='word_1_572' title='bbox 3033 2992 3215 3045; x_wconf 81' lang='grc' dir='ltr'>ίδοῦσα</span> <span class='ocrx_word' id='word_1_573' title='bbox 3238 2993 3332 3045; x_wconf 71' lang='grc' dir='ltr'>τὸν</span> <span class='ocrx_word' id='word_1_574' title='bbox 3361 2993 3484 3044; x_wconf 85' lang='grc' dir='ltr'>Μα-</span> 
     </span>
    </p>
   </div>
   <div class='ocr_carea' id='block_1_75' title="bbox 1915 3074 3481 3146">
    <p class='ocr_par' dir='ltr' id='par_1_75' title="bbox 1915 3074 3481 3146">
     <span class='ocr_line' id='line_1_75' title="bbox 1915 3074 3481 3146; baseline -0.001 -17"><span class='ocrx_word' id='word_1_575' title='bbox 1915 3078 2106 3146; x_wconf 84' lang='grc' dir='ltr'>κάριον</span> <span class='ocrx_word' id='word_1_576' title='bbox 2142 3076 2450 3146; x_wconf 81' lang='grc' dir='ltr'>ἔμπροσθεν</span> <span class='ocrx_word' id='word_1_577' title='bbox 2488 3076 2653 3128; x_wconf 84' lang='grc' dir='ltr'>αὑτοῦ</span> <span class='ocrx_word' id='word_1_578' title='bbox 2693 3075 2972 3129; x_wconf 85' lang='grc' dir='ltr'>ἐκάθισεν.</span> <span class='ocrx_word' id='word_1_579' title='bbox 3018 3074 3076 3127; x_wconf 86' lang='lat'>&#39;0</span> <span class='ocrx_word' id='word_1_580' title='bbox 3109 3075 3167 3127; x_wconf 86' lang='grc' dir='ltr'>δέ</span> <span class='ocrx_word' id='word_1_581' title='bbox 3195 3074 3481 3128; x_wconf 76' lang='grc' dir='ltr'>ὑπολαϐὼν</span> 
     </span>
    </p>
   </div>
   <div class='ocr_carea' id='block_1_76' title="bbox 1915 3155 3489 3231">
    <p class='ocr_par' dir='ltr' id='par_1_76' title="bbox 1915 3155 3489 3231">
     <span class='ocr_line' id='line_1_76' title="bbox 1915 3155 3489 3231; baseline 0 -19"><span class='ocrx_word' id='word_1_582' title='bbox 1915 3160 2043 3213; x_wconf 72' lang='grc' dir='ltr'>αὐτὸ</span> <span class='ocrx_word' id='word_1_583' title='bbox 2075 3161 2363 3229; x_wconf 86' lang='grc' dir='ltr'>φάντασμα</span> <span class='ocrx_word' id='word_1_584' title='bbox 2392 3156 2553 3223; x_wconf 77' lang='grc' dir='ltr'>εἶναι,</span> <span class='ocrx_word' id='word_1_585' title='bbox 2581 3161 2715 3229; x_wconf 83' lang='grc' dir='ltr'>ὅπερ</span> <span class='ocrx_word' id='word_1_586' title='bbox 2750 3160 2843 3212; x_wconf 78' lang='grc' dir='ltr'>καὶ</span> <span class='ocrx_word' id='word_1_587' title='bbox 2863 3155 2953 3229; x_wconf 80' lang='grc' dir='ltr'>ἦν,</span> <span class='ocrx_word' id='word_1_588' title='bbox 2978 3158 3108 3229; x_wconf 76' lang='grc' dir='ltr'>ἔστη</span> <span class='ocrx_word' id='word_1_589' title='bbox 3138 3161 3216 3223; x_wconf 89' lang='grc' dir='ltr'>είς</span> <span class='ocrx_word' id='word_1_590' title='bbox 3252 3174 3489 3231; x_wconf 78' lang='grc' dir='ltr'>προσευ-</span> 
     </span>
    </p>
   </div>
   <div class='ocr_carea' id='block_1_77' title="bbox 1916 3248 3105 3319">
    <p class='ocr_par' dir='ltr' id='par_1_77' title="bbox 1916 3248 3105 3319">
     <span class='ocr_line' id='line_1_77' title="bbox 1916 3248 3105 3319; baseline -0.001 -19"><span class='ocrx_word' id='word_1_591' title='bbox 1916 3251 2048 3319; x_wconf 86' lang='grc' dir='ltr'>χήν·</span> <span class='ocrx_word' id='word_1_592' title='bbox 2084 3249 2197 3318; x_wconf 77' lang='grc' dir='ltr'>ἡδὲ</span> <span class='ocrx_word' id='word_1_593' title='bbox 2232 3249 2392 3310; x_wconf 79' lang='grc' dir='ltr'>εὐθὺς</span> <span class='ocrx_word' id='word_1_594' title='bbox 2429 3249 2508 3310; x_wconf 89' lang='grc' dir='ltr'>εἰς</span> <span class='ocrx_word' id='word_1_595' title='bbox 2539 3250 2635 3317; x_wconf 81' lang='grc' dir='ltr'>τὴν</span> <span class='ocrx_word' id='word_1_596' title='bbox 2676 3249 2777 3317; x_wconf 86' lang='grc' dir='ltr'>γῆν</span> <span class='ocrx_word' id='word_1_597' title='bbox 2807 3248 3105 3317; x_wconf 83' lang='grc' dir='ltr'>κατεπόθη.</span> 
     </span>
    </p>
   </div>
   <div class='ocr_carea' id='block_1_78' title="bbox 1987 3326 3483 3405">
    <p class='ocr_par' dir='ltr' id='par_1_78' title="bbox 1987 3326 3483 3405">
     <span class='ocr_line' id='line_1_78' title="bbox 1987 3326 3483 3405; baseline 0 -20"><span class='ocrx_word' id='word_1_598' title='bbox 1987 3326 2155 3393; x_wconf 74' lang='grc' dir='ltr'>Οὗτος</span> <span class='ocrx_word' id='word_1_599' title='bbox 2194 3331 2333 3401; x_wconf 81' lang='grc' dir='ltr'>ἀνὴρ</span> <span class='ocrx_word' id='word_1_600' title='bbox 2356 3332 2635 3400; x_wconf 83' lang='grc' dir='ltr'>Μακάριος</span> <span class='ocrx_word' id='word_1_601' title='bbox 2656 3332 2928 3393; x_wconf 79' lang='grc' dir='ltr'>πολιτικὸς</span> <span class='ocrx_word' id='word_1_602' title='bbox 2951 3330 3210 3399; x_wconf 80' lang='grc' dir='ltr'>ὑπάρχων</span> <span class='ocrx_word' id='word_1_603' title='bbox 3233 3332 3483 3405; x_wconf 85' lang='grc' dir='ltr'>συνήφθη</span> 
     </span>
    </p>
   </div>
   <div class='ocr_carea' id='block_1_79' title="bbox 1916 3413 3486 3484">
    <p class='ocr_par' dir='ltr' id='par_1_79' title="bbox 1916 3413 3486 3484">
     <span class='ocr_line' id='line_1_79' title="bbox 1916 3413 3486 3484; baseline 0.001 -17"><span class='ocrx_word' id='word_1_604' title='bbox 1916 3414 2046 3467; x_wconf 85' lang='grc' dir='ltr'>ποτὲ</span> <span class='ocrx_word' id='word_1_605' title='bbox 2073 3413 2147 3483; x_wconf 78' lang='grc' dir='ltr'>τῷ</span> <span class='ocrx_word' id='word_1_606' title='bbox 2187 3414 2404 3483; x_wconf 84' lang='grc' dir='ltr'>μεγάλῳ</span> <span class='ocrx_word' id='word_1_607' title='bbox 2430 3414 2719 3484; x_wconf 86' lang='grc' dir='ltr'>Μακαρίῳ,</span> <span class='ocrx_word' id='word_1_608' title='bbox 2753 3415 2847 3467; x_wconf 77' lang='grc' dir='ltr'>καὶ</span> <span class='ocrx_word' id='word_1_609' title='bbox 2876 3413 2951 3477; x_wconf 84' lang='grc' dir='ltr'>ὼς</span> <span class='ocrx_word' id='word_1_610' title='bbox 3002 3413 3225 3483; x_wconf 81' lang='grc' dir='ltr'>ἔμελλον</span> <span class='ocrx_word' id='word_1_611' title='bbox 3262 3415 3486 3484; x_wconf 86' lang='grc' dir='ltr'>διαπορ-</span> 
     </span>
    </p>
   </div>
   <div class='ocr_carea' id='block_1_80' title="bbox 1916 3497 3491 3570">
    <p class='ocr_par' dir='ltr' id='par_1_80' title="bbox 1916 3497 3491 3570">
     <span class='ocr_line' id='line_1_80' title="bbox 1916 3497 3491 3570; baseline 0 -18"><span class='ocrx_word' id='word_1_612' title='bbox 1916 3498 2137 3570; x_wconf 87' lang='grc' dir='ltr'>θμεύειν</span> <span class='ocrx_word' id='word_1_613' title='bbox 2162 3497 2250 3549; x_wconf 83' lang='grc' dir='ltr'>τὸν</span> <span class='ocrx_word' id='word_1_614' title='bbox 2280 3498 2491 3560; x_wconf 85' lang='grc' dir='ltr'>Νεῖλον,</span> <span class='ocrx_word' id='word_1_615' title='bbox 2520 3497 2715 3567; x_wconf 84' lang='grc' dir='ltr'>συνέϐη</span> <span class='ocrx_word' id='word_1_616' title='bbox 2737 3497 2996 3549; x_wconf 79' lang='grc' dir='ltr'>εἰσελθεῖν</span> <span class='ocrx_word' id='word_1_617' title='bbox 3019 3497 3214 3560; x_wconf 80' lang='grc' dir='ltr'>αὑτοὺς</span> <span class='ocrx_word' id='word_1_618' title='bbox 3248 3501 3327 3559; x_wconf 90' lang='grc' dir='ltr'>εἰς</span> <span class='ocrx_word' id='word_1_619' title='bbox 3355 3516 3491 3569; x_wconf 82' lang='grc' dir='ltr'>πορ-</span> 
     </span>
    </p>
   </div>
   <div class='ocr_carea' id='block_1_81' title="bbox 1918 3574 3489 3653">
    <p class='ocr_par' dir='ltr' id='par_1_81' title="bbox 1918 3574 3489 3653">
     <span class='ocr_line' id='line_1_81' title="bbox 1918 3574 3489 3653; baseline -0.001 -15"><span class='ocrx_word' id='word_1_620' title='bbox 1918 3586 2103 3653; x_wconf 87' lang='grc' dir='ltr'>θμεῖον</span> <span class='ocrx_word' id='word_1_621' title='bbox 2140 3584 2411 3653; x_wconf 89' lang='grc' dir='ltr'>μέγιστον,</span> <span class='ocrx_word' id='word_1_622' title='bbox 2450 3584 2507 3633; x_wconf 82' lang='grc' dir='ltr'>ἐν</span> <span class='ocrx_word' id='word_1_623' title='bbox 2539 3574 2582 3648; x_wconf 83' lang='grc' dir='ltr'>ᾧ</span> <span class='ocrx_word' id='word_1_624' title='bbox 2608 3580 2881 3650; x_wconf 88' lang='grc' dir='ltr'>τριϐοῦνοί</span> <span class='ocrx_word' id='word_1_625' title='bbox 2927 3598 3069 3642; x_wconf 84' lang='grc' dir='ltr'>τινες</span> <span class='ocrx_word' id='word_1_626' title='bbox 3099 3580 3238 3650; x_wconf 88' lang='grc' dir='ltr'>μετά</span> <span class='ocrx_word' id='word_1_627' title='bbox 3290 3581 3489 3636; x_wconf 89' lang='grc' dir='ltr'>πολλοῦ</span> 
     </span>
    </p>
   </div>
   <div class='ocr_carea' id='block_1_82' title="bbox 1917 3664 3491 3736">
    <p class='ocr_par' dir='ltr' id='par_1_82' title="bbox 1917 3664 3491 3736">
     <span class='ocr_line' id='line_1_82' title="bbox 1917 3664 3491 3736; baseline 0 -16"><span class='ocrx_word' id='word_1_628' title='bbox 1917 3668 2129 3736; x_wconf 86' lang='grc' dir='ltr'>κόμπου</span> <span class='ocrx_word' id='word_1_629' title='bbox 2154 3665 2594 3736; x_wconf 89' lang='grc' dir='ltr'>είσεληλύθησαν,</span> <span class='ocrx_word' id='word_1_630' title='bbox 2625 3664 2795 3735; x_wconf 83' lang='grc' dir='ltr'>ῥέδιον</span> <span class='ocrx_word' id='word_1_631' title='bbox 2819 3664 3033 3733; x_wconf 80' lang='grc' dir='ltr'>ἔχοντες</span> <span class='ocrx_word' id='word_1_632' title='bbox 3061 3664 3372 3733; x_wconf 86' lang='grc' dir='ltr'>όλόχαλκον,</span> <span class='ocrx_word' id='word_1_633' title='bbox 3393 3666 3491 3720; x_wconf 65' lang='grc' dir='ltr'>καὶ⁵</span> 
     </span>
    </p>
   </div>
   <div class='ocr_carea' id='block_1_83' title="bbox 1916 3746 3491 3823">
    <p class='ocr_par' dir='ltr' id='par_1_83' title="bbox 1916 3746 3491 3823">
     <span class='ocr_line' id='line_1_83' title="bbox 1916 3746 3491 3823; baseline -0.01 -18"><span class='ocrx_word' id='word_1_634' title='bbox 1916 3751 2335 3823; x_wconf 86' lang='grc' dir='ltr'>χρυσοχαλίνους</span> <span class='ocrx_word' id='word_1_635' title='bbox 2386 3749 2605 3813; x_wconf 76' lang='grc' dir='ltr'>ἵππους,</span> <span class='ocrx_word' id='word_1_636' title='bbox 2643 3748 2737 3800; x_wconf 81' lang='grc' dir='ltr'>καὶ</span> <span class='ocrx_word' id='word_1_637' title='bbox 2766 3746 3099 3817; x_wconf 77' lang='grc' dir='ltr'>δορυφόρους</span> <span class='ocrx_word' id='word_1_638' title='bbox 3128 3750 3280 3812; x_wconf 83' lang='grc' dir='ltr'>τινὰς</span> <span class='ocrx_word' id='word_1_639' title='bbox 3324 3765 3491 3818; x_wconf 68' lang='grc' dir='ltr'>στρι-</span> 
     </span>
    </p>
   </div>
   <div class='ocr_carea' id='block_1_84' title="bbox 1914 3834 3487 3907">
    <p class='ocr_par' dir='ltr' id='par_1_84' title="bbox 1914 3834 3487 3907">
     <span class='ocr_line' id='line_1_84' title="bbox 1914 3834 3487 3907; baseline -0.002 -15"><span class='ocrx_word' id='word_1_640' title='bbox 1914 3839 2134 3902; x_wconf 83' lang='grc' dir='ltr'>τιώτας,</span> <span class='ocrx_word' id='word_1_641' title='bbox 2166 3840 2254 3891; x_wconf 71' lang='grc' dir='ltr'>καὶ</span> <span class='ocrx_word' id='word_1_642' title='bbox 2286 3837 2635 3907; x_wconf 87' lang='grc' dir='ltr'>κλοιοφόρους</span> <span class='ocrx_word' id='word_1_643' title='bbox 2682 3835 2878 3899; x_wconf 85' lang='grc' dir='ltr'>παῖδας</span> <span class='ocrx_word' id='word_1_644' title='bbox 2905 3834 3283 3906; x_wconf 72' lang='grc' dir='ltr'>χρυωζώνους</span> <span class='ocrx_word' id='word_1_645' title='bbox 3313 3836 3487 3898; x_wconf 88' lang='grc' dir='ltr'>τινάς.</span> 
     </span>
    </p>
   </div>
   <div class='ocr_carea' id='block_1_85' title="bbox 1928 3918 3491 3989">
    <p class='ocr_par' dir='ltr' id='par_1_85' title="bbox 1928 3918 3491 3989">
     <span class='ocr_line' id='line_1_85' title="bbox 1928 3918 3491 3989; baseline -0.003 -14"><span class='ocrx_word' id='word_1_646' title='bbox 1928 3922 2014 3984; x_wconf 84' lang='grc' dir='ltr'>ὀς</span> <span class='ocrx_word' id='word_1_647' title='bbox 2042 3918 2136 3975; x_wconf 82' lang='grc' dir='ltr'>οὖν</span> <span class='ocrx_word' id='word_1_648' title='bbox 2166 3921 2273 3974; x_wconf 84' lang='grc' dir='ltr'>ίόον</span> <span class='ocrx_word' id='word_1_649' title='bbox 2325 3924 2451 3983; x_wconf 82' lang='grc' dir='ltr'>τοὺς</span> <span class='ocrx_word' id='word_1_650' title='bbox 2489 3920 2755 3989; x_wconf 79' lang='grc' dir='ltr'>μοναχοῦς</span> <span class='ocrx_word' id='word_1_651' title='bbox 2799 3920 2849 3971; x_wconf 87' lang='grc' dir='ltr'>οἰ</span> <span class='ocrx_word' id='word_1_652' title='bbox 2881 3918 3151 3988; x_wconf 90' lang='grc' dir='ltr'>τριϐοῦνοι</span> <span class='ocrx_word' id='word_1_653' title='bbox 3188 3919 3330 3988; x_wconf 81' lang='grc' dir='ltr'>ῥάκη</span> <span class='ocrx_word' id='word_1_654' title='bbox 3381 3936 3491 3972; x_wconf 88' lang='grc' dir='ltr'>πα-</span> 
     </span>
    </p>
   </div>
   <div class='ocr_carea' id='block_1_86' title="bbox 1916 4001 3489 4074">
    <p class='ocr_par' dir='ltr' id='par_1_86' title="bbox 1916 4001 3489 4074">
     <span class='ocr_line' id='line_1_86' title="bbox 1916 4001 3489 4074; baseline -0.003 -17"><span class='ocrx_word' id='word_1_655' title='bbox 1916 4005 2043 4057; x_wconf 87' lang='grc' dir='ltr'>λαιά</span> <span class='ocrx_word' id='word_1_656' title='bbox 2070 4004 2469 4074; x_wconf 83' lang='grc' dir='ltr'>ἐνδεδυμένους,</span> <span class='ocrx_word' id='word_1_657' title='bbox 2503 4004 2600 4055; x_wconf 79' lang='grc' dir='ltr'>καὶ</span> <span class='ocrx_word' id='word_1_658' title='bbox 2621 4001 2965 4073; x_wconf 81' lang='grc' dir='ltr'>καθημένους</span> <span class='ocrx_word' id='word_1_659' title='bbox 3009 4002 3089 4064; x_wconf 87' lang='grc' dir='ltr'>είς</span> <span class='ocrx_word' id='word_1_660' title='bbox 3120 4002 3222 4070; x_wconf 85' lang='grc' dir='ltr'>τὴν</span> <span class='ocrx_word' id='word_1_661' title='bbox 3262 4002 3489 4069; x_wconf 85' lang='grc' dir='ltr'>γωνίαν,</span> 
     </span>
    </p>
   </div>
   <div class='ocr_carea' id='block_1_87' title="bbox 1917 4081 3487 4159">
    <p class='ocr_par' dir='ltr' id='par_1_87' title="bbox 1917 4081 3487 4159">
     <span class='ocr_line' id='line_1_87' title="bbox 1917 4081 3487 4159; baseline -0.001 -19"><span class='ocrx_word' id='word_1_662' title='bbox 1917 4089 2251 4159; x_wconf 81' lang='grc' dir='ltr'>ἐμακάριζον</span> <span class='ocrx_word' id='word_1_663' title='bbox 2287 4089 2468 4142; x_wconf 89' lang='grc' dir='ltr'>αὑτῶν</span> <span class='ocrx_word' id='word_1_664' title='bbox 2514 4087 2612 4157; x_wconf 82' lang='grc' dir='ltr'>τὴν</span> <span class='ocrx_word' id='word_1_665' title='bbox 2641 4086 2940 4139; x_wconf 85' lang='grc' dir='ltr'>εὐτέλειαν.</span> <span class='ocrx_word' id='word_1_666' title='bbox 2996 4081 3091 4147; x_wconf 78' lang='grc' dir='ltr'>Εἷς</span> <span class='ocrx_word' id='word_1_667' title='bbox 3118 4085 3175 4137; x_wconf 82' lang='grc' dir='ltr'>δέ</span> <span class='ocrx_word' id='word_1_668' title='bbox 3218 4084 3278 4149; x_wconf 77' lang='grc' dir='ltr'>ἐξ</span> <span class='ocrx_word' id='word_1_669' title='bbox 3307 4086 3487 4138; x_wconf 84' lang='grc' dir='ltr'>αὑτῶν</span> 
     </span>
    </p>
   </div>
   <div class='ocr_carea' id='block_1_88' title="bbox 1916 4166 3488 4242">
    <p class='ocr_par' dir='ltr' id='par_1_88' title="bbox 1916 4166 3488 4242">
     <span class='ocr_line' id='line_1_88' title="bbox 1916 4166 3488 4242; baseline -0.003 -19"><span class='ocrx_word' id='word_1_670' title='bbox 1916 4172 2024 4224; x_wconf 89' lang='grc' dir='ltr'>τῶν</span> <span class='ocrx_word' id='word_1_671' title='bbox 2071 4170 2365 4242; x_wconf 88' lang='grc' dir='ltr'>τριϐούνων</span> <span class='ocrx_word' id='word_1_672' title='bbox 2418 4170 2522 4240; x_wconf 84' lang='grc' dir='ltr'>ἐφη</span> <span class='ocrx_word' id='word_1_673' title='bbox 2568 4169 2707 4239; x_wconf 75' lang='grc' dir='ltr'>πρὸς</span> <span class='ocrx_word' id='word_1_674' title='bbox 2747 4168 2983 4231; x_wconf 84' lang='grc' dir='ltr'>αὑτοὺς,</span> <span class='ocrx_word' id='word_1_675' title='bbox 3038 4166 3319 4234; x_wconf 79' lang='grc' dir='ltr'>Μακάριοι</span> <span class='ocrx_word' id='word_1_676' title='bbox 3361 4166 3488 4219; x_wconf 80' lang='grc' dir='ltr'>ἐστε</span> 
     </span>
    </p>
   </div>
   <div class='ocr_carea' id='block_1_89' title="bbox 1918 4250 3489 4328">
    <p class='ocr_par' dir='ltr' id='par_1_89' title="bbox 1918 4250 3489 4328">
     <span class='ocr_line' id='line_1_89' title="bbox 1918 4250 3489 4328; baseline -0.004 -18"><span class='ocrx_word' id='word_1_677' title='bbox 1918 4259 2073 4328; x_wconf 83' lang='grc' dir='ltr'>ὑμεῖς</span> <span class='ocrx_word' id='word_1_678' title='bbox 2105 4257 2153 4308; x_wconf 93' lang='grc' dir='ltr'>οί</span> <span class='ocrx_word' id='word_1_679' title='bbox 2187 4255 2265 4324; x_wconf 84' lang='grc' dir='ltr'>τῷ</span> <span class='ocrx_word' id='word_1_680' title='bbox 2307 4254 2501 4323; x_wconf 87' lang='grc' dir='ltr'>κόσμῳ</span> <span class='ocrx_word' id='word_1_681' title='bbox 2548 4253 2933 4322; x_wconf 82' lang='grc' dir='ltr'>ἐμπαίξαντες.</span> <span class='ocrx_word' id='word_1_682' title='bbox 2980 4250 3323 4321; x_wconf 82' lang='grc' dir='ltr'>Ἀποκριθεὶς</span> <span class='ocrx_word' id='word_1_683' title='bbox 3363 4251 3420 4303; x_wconf 83' lang='grc' dir='ltr'>δέ</span> <span class='ocrx_word' id='word_1_684' title='bbox 3458 4252 3489 4304; x_wconf 92' lang='lat'>0</span> 
     </span>
    </p>
   </div>
   <div class='ocr_carea' id='block_1_90' title="bbox 1918 4332 3489 4407">
    <p class='ocr_par' dir='ltr' id='par_1_90' title="bbox 1918 4332 3489 4407">
     <span class='ocr_line' id='line_1_90' title="bbox 1918 4332 3489 4407; baseline -0.004 -14"><span class='ocrx_word' id='word_1_685' title='bbox 1918 4340 2189 4401; x_wconf 81' lang='grc' dir='ltr'>πολιτικὸς</span> <span class='ocrx_word' id='word_1_686' title='bbox 2224 4338 2528 4407; x_wconf 86' lang='grc' dir='ltr'>Μακάριος,</span> <span class='ocrx_word' id='word_1_687' title='bbox 2562 4332 2683 4387; x_wconf 85' lang='grc' dir='ltr'>εἷπε</span> <span class='ocrx_word' id='word_1_688' title='bbox 2718 4334 2855 4405; x_wconf 71' lang='grc' dir='ltr'>πρὸς</span> <span class='ocrx_word' id='word_1_689' title='bbox 2890 4333 3106 4396; x_wconf 77' lang='grc' dir='ltr'>αὐτούς’</span> <span class='ocrx_word' id='word_1_690' title='bbox 3158 4333 3352 4402; x_wconf 81' lang='grc' dir='ltr'>Ἡμεῖς</span> <span class='ocrx_word' id='word_1_691' title='bbox 3388 4334 3489 4403; x_wconf 86' lang='grc' dir='ltr'>μὲν</span> 
     </span>
    </p>
   </div>
   <div class='ocr_carea' id='block_1_91' title="bbox 1916 4415 3484 4494">
    <p class='ocr_par' dir='ltr' id='par_1_91' title="bbox 1916 4415 3484 4494">
     <span class='ocr_line' id='line_1_91' title="bbox 1916 4415 3484 4494; baseline -0.003 -17"><span class='ocrx_word' id='word_1_692' title='bbox 1916 4424 1992 4494; x_wconf 84' lang='grc' dir='ltr'>τῷ</span> <span class='ocrx_word' id='word_1_693' title='bbox 2031 4424 2219 4494; x_wconf 88' lang='grc' dir='ltr'>κόσμῳ</span> <span class='ocrx_word' id='word_1_694' title='bbox 2242 4419 2628 4489; x_wconf 84' lang='grc' dir='ltr'>ἐνεπαίξαμεν,</span> <span class='ocrx_word' id='word_1_695' title='bbox 2654 4419 2784 4487; x_wconf 86' lang='grc' dir='ltr'>ὑμῖν</span> <span class='ocrx_word' id='word_1_696' title='bbox 2813 4418 2869 4471; x_wconf 89' lang='grc' dir='ltr'>δέ</span> <span class='ocrx_word' id='word_1_697' title='bbox 2891 4420 2919 4471; x_wconf 86' lang='grc' dir='ltr'>ό</span> <span class='ocrx_word' id='word_1_698' title='bbox 2949 4418 3148 4487; x_wconf 91' lang='grc' dir='ltr'>κόσμος</span> <span class='ocrx_word' id='word_1_699' title='bbox 3178 4415 3484 4483; x_wconf 82' lang='grc' dir='ltr'>ἐνέπαιξεν.</span> 
     </span>
    </p>
   </div>
   <div class='ocr_carea' id='block_1_92' title="bbox 1921 4498 3489 4573">
    <p class='ocr_par' dir='ltr' id='par_1_92' title="bbox 1921 4498 3489 4573">
     <span class='ocr_line' id='line_1_92' title="bbox 1921 4498 3489 4573; baseline -0.003 -14"><span class='ocrx_word' id='word_1_700' title='bbox 1921 4508 1957 4559; x_wconf 85' lang='grc' dir='ltr'><strong>Γ</strong></span> <span class='ocrx_word' id='word_1_701' title='bbox 1967 4509 2159 4561; x_wconf 87' lang='grc' dir='ltr'>ίνωσκε</span> <span class='ocrx_word' id='word_1_702' title='bbox 2181 4507 2235 4559; x_wconf 81' lang='grc' dir='ltr'>δὲ</span> <span class='ocrx_word' id='word_1_703' title='bbox 2265 4507 2347 4559; x_wconf 85' lang='grc' dir='ltr'>ὅτι</span> <span class='ocrx_word' id='word_1_704' title='bbox 2393 4505 2490 4573; x_wconf 78' lang='grc' dir='ltr'>οὑχ</span> <span class='ocrx_word' id='word_1_705' title='bbox 2529 4502 2694 4569; x_wconf 75' lang='grc' dir='ltr'>ἑκὼν,</span> <span class='ocrx_word' id='word_1_706' title='bbox 2746 4500 2883 4554; x_wconf 87' lang='grc' dir='ltr'>ἀλλά</span> <span class='ocrx_word' id='word_1_707' title='bbox 2940 4498 3301 4571; x_wconf 83' lang='grc' dir='ltr'>προφητεύων</span> <span class='ocrx_word' id='word_1_708' title='bbox 3330 4499 3489 4555; x_wconf 89' lang='grc' dir='ltr'>τοῦτο</span> 
     </span>
    </p>
   </div>
   <div class='ocr_carea' id='block_1_93' title="bbox 246 4576 3489 4665">
    <p class='ocr_par' dir='ltr' id='par_1_93' title="bbox 246 4576 3489 4665">
     <span class='ocr_line' id='line_1_93' title="bbox 246 4576 3489 4665; baseline 0 -27"><span class='ocrx_word' id='word_1_709' title='bbox 246 4604 347 4649; x_wconf 92' lang='grc' dir='ltr'>σας</span> <span class='ocrx_word' id='word_1_710' title='bbox 377 4586 434 4639; x_wconf 88' lang='grc' dir='ltr'>δέ</span> <span class='ocrx_word' id='word_1_711' title='bbox 464 4587 601 4657; x_wconf 80' lang='grc' dir='ltr'>αὐτῇ</span> <span class='ocrx_word' id='word_1_712' title='bbox 638 4588 882 4657; x_wconf 81' lang='grc' dir='ltr'>σφοδρῶς</span> <span class='ocrx_word' id='word_1_713' title='bbox 917 4590 989 4651; x_wconf 88' lang='grc' dir='ltr'>ὼς</span> <span class='ocrx_word' id='word_1_714' title='bbox 1024 4590 1157 4641; x_wconf 82' lang='grc' dir='ltr'>πολὺ</span> <span class='ocrx_word' id='word_1_715' title='bbox 1188 4590 1473 4659; x_wconf 76' lang='grc' dir='ltr'>εἰρηκυίας</span> <span class='ocrx_word' id='word_1_716' title='bbox 1498 4631 1511 4651; x_wconf 90' lang='grc'>,</span> <span class='ocrx_word' id='word_1_717' title='bbox 1543 4576 1720 4653; x_wconf 64' lang='grc' dir='ltr'>εἶπεν,</span> <span class='ocrx_word' id='word_1_718' title='bbox 1748 4587 1818 4643; x_wconf 83' lang='grc' dir='ltr'><strong><em>Ὦ</em></strong></span> <span class='ocrx_word' id='word_1_719' title='bbox 1848 4576 1894 4633; x_wconf 77' lang='grc' dir='ltr'>Ῐ)</span> <span class='ocrx_word' id='word_1_720' title='bbox 1922 4596 2172 4665; x_wconf 75' lang='grc' dir='ltr'>εἴρηκας.</span> <span class='ocrx_word' id='word_1_721' title='bbox 2228 4589 2552 4659; x_wconf 84' lang='grc' dir='ltr'>Ἀμφότεροι</span> <span class='ocrx_word' id='word_1_722' title='bbox 2596 4586 2703 4657; x_wconf 91' lang='grc' dir='ltr'>γάρ</span> <span class='ocrx_word' id='word_1_723' title='bbox 2739 4587 3003 4657; x_wconf 87' lang='grc' dir='ltr'>μακάριοι</span> <span class='ocrx_word' id='word_1_724' title='bbox 3036 4585 3366 4654; x_wconf 84' lang='grc' dir='ltr'>καλούμεθα.</span> <span class='ocrx_word' id='word_1_725' title='bbox 3428 4585 3489 4639; x_wconf 86' lang='grc'>’0</span> 
     </span>
    </p>
   </div>
   <div class='ocr_carea' id='block_1_94' title="bbox 244 4669 1816 4743">
    <p class='ocr_par' dir='ltr' id='par_1_94' title="bbox 244 4669 1816 4743">
     <span class='ocr_line' id='line_1_94' title="bbox 244 4669 1816 4743; baseline 0.003 -22"><span class='ocrx_word' id='word_1_726' title='bbox 244 4670 431 4738; x_wconf 87' lang='grc' dir='ltr'>γύναι,</span> <span class='ocrx_word' id='word_1_727' title='bbox 475 4669 527 4721; x_wconf 87' lang='grc' dir='ltr'>τί</span> <span class='ocrx_word' id='word_1_728' title='bbox 609 4670 764 4722; x_wconf 83' lang='grc' dir='ltr'>τοῦτο</span> <span class='ocrx_word' id='word_1_729' title='bbox 816 4671 1115 4739; x_wconf 86' lang='grc' dir='ltr'>ἐλάλησας;</span> <span class='ocrx_word' id='word_1_730' title='bbox 1172 4673 1282 4724; x_wconf 75' lang='grc' dir='ltr'>Καὶ</span> <span class='ocrx_word' id='word_1_731' title='bbox 1316 4673 1687 4741; x_wconf 82' lang='grc' dir='ltr'>ἐπευξάμενος</span> <span class='ocrx_word' id='word_1_732' title='bbox 1740 4675 1816 4743; x_wconf 84' lang='grc' dir='ltr'>τῷ</span> 
     </span>
    </p>
   </div>
   <div class='ocr_carea' id='block_1_95' title="bbox 246 4753 1818 4824">
    <p class='ocr_par' dir='ltr' id='par_1_95' title="bbox 246 4753 1818 4824">
     <span class='ocr_line' id='line_1_95' title="bbox 246 4753 1818 4824; baseline 0.002 -18"><span class='ocrx_word' id='word_1_733' title='bbox 246 4754 518 4821; x_wconf 84' lang='grc' dir='ltr'>νεανίσκῳ</span> <span class='ocrx_word' id='word_1_734' title='bbox 552 4753 691 4806; x_wconf 76' lang='grc' dir='ltr'>ἑπτα</span> <span class='ocrx_word' id='word_1_735' title='bbox 713 4753 952 4824; x_wconf 87' lang='grc' dir='ltr'>ἡμέραις</span> <span class='ocrx_word' id='word_1_736' title='bbox 988 4755 1127 4823; x_wconf 89' lang='grc' dir='ltr'>μετά</span> <span class='ocrx_word' id='word_1_737' title='bbox 1150 4756 1423 4823; x_wconf 86' lang='grc' dir='ltr'>νηστείας,</span> <span class='ocrx_word' id='word_1_738' title='bbox 1448 4757 1541 4808; x_wconf 72' lang='grc' dir='ltr'>καὶ</span> <span class='ocrx_word' id='word_1_739' title='bbox 1560 4756 1818 4821; x_wconf 83' lang='grc' dir='ltr'>ἐξελάσας</span> 
     </span>
    </p>
   </div>
   <div class='ocr_carea' id='block_1_96' title="bbox 246 4834 1815 4907">
    <p class='ocr_par' dir='ltr' id='par_1_96' title="bbox 246 4834 1815 4907">
     <span class='ocr_line' id='line_1_96' title="bbox 246 4834 1815 4907; baseline 0.002 -19"><span class='ocrx_word' id='word_1_740' title='bbox 246 4837 335 4889; x_wconf 80' lang='grc' dir='ltr'>ἐπ’</span> <span class='ocrx_word' id='word_1_741' title='bbox 366 4834 534 4889; x_wconf 85' lang='grc' dir='ltr'>αὑτοῦ</span> <span class='ocrx_word' id='word_1_742' title='bbox 584 4836 676 4888; x_wconf 74' lang='grc' dir='ltr'>τὸν</span> <span class='ocrx_word' id='word_1_743' title='bbox 711 4836 983 4906; x_wconf 78' lang='grc' dir='ltr'>ἀλάστορα</span> <span class='ocrx_word' id='word_1_744' title='bbox 1030 4836 1258 4905; x_wconf 85' lang='grc' dir='ltr'>δαίμονα</span> <span class='ocrx_word' id='word_1_745' title='bbox 1316 4838 1415 4906; x_wconf 83' lang='grc' dir='ltr'>τῆς</span> <span class='ocrx_word' id='word_1_746' title='bbox 1452 4840 1815 4907; x_wconf 81' lang='grc' dir='ltr'>πολυφαγίας,</span> 
     </span>
    </p>
   </div>
   <div class='ocr_carea' id='block_1_97' title="bbox 250 4918 1819 4991">
    <p class='ocr_par' dir='ltr' id='par_1_97' title="bbox 250 4918 1819 4991">
     <span class='ocr_line' id='line_1_97' title="bbox 250 4918 1819 4991; baseline 0.002 -18"><span class='ocrx_word' id='word_1_747' title='bbox 250 4920 481 4989; x_wconf 78' lang='grc' dir='ltr'>ἔστησεν</span> <span class='ocrx_word' id='word_1_748' title='bbox 514 4918 661 4987; x_wconf 86' lang='grc' dir='ltr'>αὑτῷ</span> <span class='ocrx_word' id='word_1_749' title='bbox 695 4920 794 4987; x_wconf 82' lang='grc' dir='ltr'>τὴν</span> <span class='ocrx_word' id='word_1_750' title='bbox 824 4920 1033 4972; x_wconf 90' lang='grc' dir='ltr'>δίαιταν</span> <span class='ocrx_word' id='word_1_751' title='bbox 1066 4919 1166 4988; x_wconf 70' lang='grc' dir='ltr'>τῆς</span> <span class='ocrx_word' id='word_1_752' title='bbox 1194 4921 1404 4989; x_wconf 79' lang='grc' dir='ltr'>τροφῆς</span> <span class='ocrx_word' id='word_1_753' title='bbox 1433 4923 1510 4984; x_wconf 89' lang='grc' dir='ltr'>εἰς</span> <span class='ocrx_word' id='word_1_754' title='bbox 1544 4922 1819 4991; x_wconf 84' lang='grc' dir='ltr'>τρίλιτρον</span> 
     </span>
    </p>
   </div>
   <div class='ocr_carea' id='block_1_98' title="bbox 247 5001 1817 5073">
    <p class='ocr_par' dir='ltr' id='par_1_98' title="bbox 247 5001 1817 5073">
     <span class='ocr_line' id='line_1_98' title="bbox 247 5001 1817 5073; baseline 0.002 -17"><span class='ocrx_word' id='word_1_755' title='bbox 247 5003 436 5073; x_wconf 77' lang='grc' dir='ltr'>ἄρτου.</span> <span class='ocrx_word' id='word_1_756' title='bbox 470 5002 545 5064; x_wconf 85' lang='grc' dir='ltr'>ὠς</span> <span class='ocrx_word' id='word_1_757' title='bbox 566 5002 799 5068; x_wconf 72' lang='grc' dir='ltr'>ὀφείλειν</span> <span class='ocrx_word' id='word_1_758' title='bbox 825 5002 987 5055; x_wconf 77' lang='grc' dir='ltr'>αὑτὸν</span> <span class='ocrx_word' id='word_1_759' title='bbox 1020 5001 1387 5071; x_wconf 75' lang='grc' dir='ltr'>ἐργαζόμενον</span> <span class='ocrx_word' id='word_1_760' title='bbox 1416 5003 1571 5056; x_wconf 85' lang='grc' dir='ltr'>τοῦτο</span> <span class='ocrx_word' id='word_1_761' title='bbox 1597 5005 1817 5059; x_wconf 89' lang='grc' dir='ltr'>ἐσθίειν.</span> 
     </span>
    </p>
   </div>
   <div class='ocr_carea' id='block_1_99' title="bbox 248 5082 1817 5157">
    <p class='ocr_par' dir='ltr' id='par_1_99' title="bbox 248 5082 1817 5157">
     <span class='ocr_line' id='line_1_99' title="bbox 248 5082 1817 5157; baseline 0.001 -18"><span class='ocrx_word' id='word_1_762' title='bbox 248 5086 359 5139; x_wconf 74' lang='grc' dir='ltr'>Καὶ</span> <span class='ocrx_word' id='word_1_763' title='bbox 387 5084 557 5150; x_wconf 87' lang='grc' dir='ltr'>τούτῳ</span> <span class='ocrx_word' id='word_1_764' title='bbox 590 5084 667 5153; x_wconf 77' lang='grc' dir='ltr'>τῷ</span> <span class='ocrx_word' id='word_1_765' title='bbox 710 5082 896 5153; x_wconf 86' lang='grc' dir='ltr'>τρόπῳ</span> <span class='ocrx_word' id='word_1_766' title='bbox 943 5087 1007 5153; x_wconf 79' lang='grc' dir='ltr'>τῇ</span> <span class='ocrx_word' id='word_1_767' title='bbox 1060 5083 1151 5137; x_wconf 87' lang='grc' dir='ltr'>τοῦ</span> <span class='ocrx_word' id='word_1_768' title='bbox 1205 5085 1339 5137; x_wconf 83' lang='grc' dir='ltr'>Θεοῦ</span> <span class='ocrx_word' id='word_1_769' title='bbox 1388 5086 1570 5156; x_wconf 85' lang='grc' dir='ltr'>χάριτι</span> <span class='ocrx_word' id='word_1_770' title='bbox 1619 5089 1711 5139; x_wconf 66' lang='grc' dir='ltr'>καί⁵</span> <span class='ocrx_word' id='word_1_771' title='bbox 1752 5090 1817 5157; x_wconf 80' lang='grc' dir='ltr'>τῇ</span> 
     </span>
    </p>
   </div>
   <div class='ocr_carea' id='block_1_100' title="bbox 248 5167 1815 5240">
    <p class='ocr_par' dir='ltr' id='par_1_100' title="bbox 248 5167 1815 5240">
     <span class='ocr_line' id='line_1_100' title="bbox 248 5167 1815 5240; baseline 0 -18"><span class='ocrx_word' id='word_1_772' title='bbox 248 5170 567 5239; x_wconf 79' lang='grc' dir='ltr'>θεοφορήτῳ</span> <span class='ocrx_word' id='word_1_773' title='bbox 586 5167 750 5219; x_wconf 81' lang='grc' dir='ltr'>αὑτοῦ</span> <span class='ocrx_word' id='word_1_774' title='bbox 772 5167 1017 5238; x_wconf 78' lang='grc' dir='ltr'>πολιτεία</span> <span class='ocrx_word' id='word_1_775' title='bbox 1042 5169 1497 5240; x_wconf 81' lang='grc' dir='ltr'>ἀποθεραπεύσας</span> <span class='ocrx_word' id='word_1_776' title='bbox 1517 5170 1606 5223; x_wconf 69' lang='grc' dir='ltr'>τὸν</span> <span class='ocrx_word' id='word_1_777' title='bbox 1630 5170 1815 5235; x_wconf 80' lang='grc' dir='ltr'>παῖδα,</span> 
     </span>
    </p>
   </div>
   <div class='ocr_carea' id='block_1_101' title="bbox 249 5250 1819 5323">
    <p class='ocr_par' dir='ltr' id='par_1_101' title="bbox 249 5250 1819 5323">
     <span class='ocr_line' id='line_1_101' title="bbox 249 5250 1819 5323; baseline 0 -19"><span class='ocrx_word' id='word_1_778' title='bbox 249 5252 533 5305; x_wconf 81' lang='grc' dir='ltr'>ἀπέδωκεν</span> <span class='ocrx_word' id='word_1_779' title='bbox 561 5253 626 5319; x_wconf 83' lang='grc' dir='ltr'>τῇ</span> <span class='ocrx_word' id='word_1_780' title='bbox 664 5250 861 5320; x_wconf 88' lang='grc' dir='ltr'>μητέρι</span> <span class='ocrx_word' id='word_1_781' title='bbox 909 5252 936 5303; x_wconf 93' lang='lat'>0</span> <span class='ocrx_word' id='word_1_782' title='bbox 987 5252 1165 5322; x_wconf 91' lang='grc' dir='ltr'>πάσης</span> <span class='ocrx_word' id='word_1_783' title='bbox 1194 5252 1511 5323; x_wconf 83' lang='grc' dir='ltr'>δαιμονικῆς</span> <span class='ocrx_word' id='word_1_784' title='bbox 1540 5256 1819 5323; x_wconf 80' lang='grc' dir='ltr'>ἐνεργείας</span> 
     </span>
    </p>
   </div>
   <div class='ocr_carea' id='block_1_102' title="bbox 248 5330 1818 5407">
    <p class='ocr_par' dir='ltr' id='par_1_102' title="bbox 248 5330 1818 5407">
     <span class='ocr_line' id='line_1_102' title="bbox 248 5330 1818 5407; baseline 0.003 -21"><span class='ocrx_word' id='word_1_785' title='bbox 248 5330 720 5399; x_wconf 77' lang='grc' dir='ltr'>ἀνανταγώνιστος</span> <span class='ocrx_word' id='word_1_786' title='bbox 785 5332 879 5385; x_wconf 86' lang='grc' dir='ltr'>τοῦ</span> <span class='ocrx_word' id='word_1_787' title='bbox 930 5334 1167 5403; x_wconf 88' lang='grc' dir='ltr'>Χριστοῦ</span> <span class='ocrx_word' id='word_1_788' title='bbox 1224 5333 1460 5405; x_wconf 82' lang='grc' dir='ltr'>ἀθλητὴς</span> <span class='ocrx_word' id='word_1_789' title='bbox 1514 5337 1818 5407; x_wconf 80' lang='grc' dir='ltr'>Μακάριος.</span> 
     </span>
    </p>
   </div>
   <div class='ocr_carea' id='block_1_103' title="bbox 249 5414 1819 5487">
    <p class='ocr_par' dir='ltr' id='par_1_103' title="bbox 249 5414 1819 5487">
     <span class='ocr_line' id='line_1_103' title="bbox 249 5414 1819 5487; baseline 0.002 -19"><span class='ocrx_word' id='word_1_790' title='bbox 249 5414 436 5468; x_wconf 85' lang='grc' dir='ltr'>Ταῦτα</span> <span class='ocrx_word' id='word_1_791' title='bbox 462 5415 529 5466; x_wconf 76' lang='grc' dir='ltr'>τὰ</span> <span class='ocrx_word' id='word_1_792' title='bbox 552 5414 829 5484; x_wconf 83' lang='grc' dir='ltr'>παράδοξα</span> <span class='ocrx_word' id='word_1_793' title='bbox 849 5414 1101 5484; x_wconf 89' lang='grc' dir='ltr'>θαύματα</span> <span class='ocrx_word' id='word_1_794' title='bbox 1130 5419 1423 5487; x_wconf 88' lang='grc' dir='ltr'>πεποίηκεν</span> <span class='ocrx_word' id='word_1_795' title='bbox 1438 5419 1464 5471; x_wconf 88' lang='lat'>0</span> <span class='ocrx_word' id='word_1_796' title='bbox 1480 5418 1613 5481; x_wconf 81' lang='grc' dir='ltr'>Θεὸς</span> <span class='ocrx_word' id='word_1_797' title='bbox 1628 5418 1713 5471; x_wconf 87' lang='grc' dir='ltr'>διά</span> <span class='ocrx_word' id='word_1_798' title='bbox 1728 5418 1819 5471; x_wconf 90' lang='grc' dir='ltr'>τοῦ</span> 
     </span>
    </p>
   </div>
   <div class='ocr_carea' id='block_1_104' title="bbox 252 5494 1821 5571">
    <p class='ocr_par' dir='ltr' id='par_1_104' title="bbox 252 5494 1821 5571">
     <span class='ocr_line' id='line_1_104' title="bbox 252 5494 1821 5571; baseline 0.003 -21"><span class='ocrx_word' id='word_1_799' title='bbox 252 5496 446 5550; x_wconf 88' lang='grc' dir='ltr'>ἐαυτοῦ</span> <span class='ocrx_word' id='word_1_800' title='bbox 459 5495 682 5566; x_wconf 85' lang='grc' dir='ltr'>γνησίου</span> <span class='ocrx_word' id='word_1_801' title='bbox 715 5496 868 5564; x_wconf 83' lang='grc' dir='ltr'>φίλου</span> <span class='ocrx_word' id='word_1_802' title='bbox 897 5499 1205 5567; x_wconf 82' lang='grc' dir='ltr'>Μακαρίου,</span> <span class='ocrx_word' id='word_1_803' title='bbox 1240 5494 1354 5569; x_wconf 75' lang='grc' dir='ltr'>οῦή</span> <span class='ocrx_word' id='word_1_804' title='bbox 1386 5500 1648 5563; x_wconf 83' lang='grc' dir='ltr'>ἀθάνατος</span> <span class='ocrx_word' id='word_1_805' title='bbox 1678 5500 1821 5571; x_wconf 64' lang='grc' dir='ltr'>ψυχὴ</span> 
     </span>
    </p>
   </div>
   <div class='ocr_carea' id='block_1_105' title="bbox 250 5579 1821 5654">
    <p class='ocr_par' dir='ltr' id='par_1_105' title="bbox 250 5579 1821 5654">
     <span class='ocr_line' id='line_1_105' title="bbox 250 5579 1821 5654; baseline 0.001 -21"><span class='ocrx_word' id='word_1_806' title='bbox 250 5579 349 5633; x_wconf 90' lang='grc' dir='ltr'>νῦν</span> <span class='ocrx_word' id='word_1_807' title='bbox 380 5579 497 5649; x_wconf 84' lang='grc' dir='ltr'>μετ’</span> <span class='ocrx_word' id='word_1_808' title='bbox 524 5579 770 5647; x_wconf 87' lang='grc' dir='ltr'>ἀγγέλων</span> <span class='ocrx_word' id='word_1_809' title='bbox 801 5581 935 5634; x_wconf 83' lang='grc' dir='ltr'>ἐστί.</span> <span class='ocrx_word' id='word_1_810' title='bbox 958 5580 1049 5650; x_wconf 79' lang='grc' dir='ltr'>Τῷ</span> <span class='ocrx_word' id='word_1_811' title='bbox 1072 5582 1211 5652; x_wconf 84' lang='grc' dir='ltr'>ἁγίῳ</span> <span class='ocrx_word' id='word_1_812' title='bbox 1232 5584 1405 5654; x_wconf 78' lang='grc' dir='ltr'>τούτῳ</span> <span class='ocrx_word' id='word_1_813' title='bbox 1435 5582 1543 5651; x_wconf 80' lang='grc' dir='ltr'>ἐγὼ</span> <span class='ocrx_word' id='word_1_814' title='bbox 1563 5584 1622 5636; x_wconf 88' lang='grc' dir='ltr'>οὑ</span> <span class='ocrx_word' id='word_1_815' title='bbox 1644 5601 1821 5636; x_wconf 88' lang='grc' dir='ltr'>συντε-</span> 
     </span>
    </p>
   </div>
   <div class='ocr_carea' id='block_1_106' title="bbox 250 5661 1821 5738">
    <p class='ocr_par' dir='ltr' id='par_1_106' title="bbox 250 5661 1821 5738">
     <span class='ocr_line' id='line_1_106' title="bbox 250 5661 1821 5738; baseline 0.002 -22"><span class='ocrx_word' id='word_1_816' title='bbox 250 5662 469 5738; x_wconf 80' lang='grc' dir='ltr'>τύχηκα</span> <span class='ocrx_word' id='word_1_817' title='bbox 505 5677 521 5693; x_wconf 81' lang='grc'><em>’</em></span> <span class='ocrx_word' id='word_1_818' title='bbox 547 5661 653 5733; x_wconf 81' lang='grc' dir='ltr'>πρὸ</span> <span class='ocrx_word' id='word_1_819' title='bbox 697 5662 945 5716; x_wconf 88' lang='grc' dir='ltr'>ἐνιαυτοῦ</span> <span class='ocrx_word' id='word_1_820' title='bbox 991 5666 1098 5736; x_wconf 77' lang='grc' dir='ltr'>γάρ</span> <span class='ocrx_word' id='word_1_821' title='bbox 1124 5666 1218 5735; x_wconf 81' lang='grc' dir='ltr'>τῆς</span> <span class='ocrx_word' id='word_1_822' title='bbox 1265 5669 1342 5730; x_wconf 89' lang='grc' dir='ltr'>εἰς</span> <span class='ocrx_word' id='word_1_823' title='bbox 1382 5667 1584 5738; x_wconf 81' lang='grc' dir='ltr'>ἐρημον</span> <span class='ocrx_word' id='word_1_824' title='bbox 1618 5667 1821 5720; x_wconf 84' lang='grc' dir='ltr'>εἰσόδου</span> 
     </span>
    </p>
   </div>
   <div class='ocr_carea' id='block_1_107' title="bbox 252 5737 1822 5820">
    <p class='ocr_par' dir='ltr' id='par_1_107' title="bbox 252 5737 1822 5820">
     <span class='ocr_line' id='line_1_107' title="bbox 252 5737 1822 5820; baseline 0.003 -21"><span class='ocrx_word' id='word_1_825' title='bbox 252 5746 393 5815; x_wconf 72' lang='grc' dir='ltr'>ἐμῆς</span> <span class='ocrx_word' id='word_1_826' title='bbox 414 5737 569 5809; x_wconf 72' lang='grc' dir='ltr'>οὗτος</span> <span class='ocrx_word' id='word_1_827' title='bbox 594 5744 623 5797; x_wconf 89' lang='lat'>0</span> <span class='ocrx_word' id='word_1_828' title='bbox 662 5744 989 5817; x_wconf 81' lang='grc' dir='ltr'>πολεμιστὴς</span> <span class='ocrx_word' id='word_1_829' title='bbox 1023 5747 1129 5803; x_wconf 88' lang='grc' dir='ltr'>τῶν</span> <span class='ocrx_word' id='word_1_830' title='bbox 1158 5749 1367 5820; x_wconf 84' lang='grc' dir='ltr'>ἀλόγων</span> <span class='ocrx_word' id='word_1_831' title='bbox 1396 5737 1583 5806; x_wconf 83' lang='grc' dir='ltr'>παθῶν</span> <span class='ocrx_word' id='word_1_832' title='bbox 1616 5751 1822 5807; x_wconf 80' lang='grc' dir='ltr'>ἑκεκοί-</span> 
     </span>
    </p>
   </div>
   <div class='ocr_carea' id='block_1_108' title="bbox 258 5844 418 5899">
    <p class='ocr_par' dir='ltr' id='par_1_108' title="bbox 258 5844 418 5899">
     <span class='ocr_line' id='line_1_108' title="bbox 258 5844 418 5899; baseline 0.013 -19"><span class='ocrx_word' id='word_1_833' title='bbox 258 5844 418 5899; x_wconf 84' lang='grc' dir='ltr'>μητο.</span> 
     </span>
    </p>
   </div>
   <div class='ocr_carea' id='block_1_109' title="bbox 1917 4668 3487 4743">
    <p class='ocr_par' dir='ltr' id='par_1_109' title="bbox 1917 4668 3487 4743">
     <span class='ocr_line' id='line_1_109' title="bbox 1917 4668 3487 4743; baseline -0.007 -13"><span class='ocrx_word' id='word_1_834' title='bbox 1917 4678 1973 4731; x_wconf 81' lang='grc' dir='ltr'>δὲ</span> <span class='ocrx_word' id='word_1_835' title='bbox 2004 4673 2359 4743; x_wconf 80' lang='grc' dir='ltr'>κατανυχθεὶς</span> <span class='ocrx_word' id='word_1_836' title='bbox 2413 4672 2505 4724; x_wconf 68' lang='grc' dir='ltr'>ἐπὶ⁵</span> <span class='ocrx_word' id='word_1_837' title='bbox 2530 4668 2607 4741; x_wconf 79' lang='grc' dir='ltr'>τῷ</span> <span class='ocrx_word' id='word_1_838' title='bbox 2640 4669 2784 4739; x_wconf 88' lang='grc' dir='ltr'>λόγῳ</span> <span class='ocrx_word' id='word_1_839' title='bbox 2818 4669 3069 4723; x_wconf 89' lang='grc' dir='ltr'>ἀπελθὼν</span> <span class='ocrx_word' id='word_1_840' title='bbox 3117 4672 3255 4723; x_wconf 87' lang='grc' dir='ltr'>οίκοι</span> <span class='ocrx_word' id='word_1_841' title='bbox 3284 4668 3487 4721; x_wconf 69' lang='lat'><strong>01:153-</strong></span> 
     </span>
    </p>
   </div>
   <div class='ocr_carea' id='block_1_110' title="bbox 1922 4752 3489 4828">
    <p class='ocr_par' dir='ltr' id='par_1_110' title="bbox 1922 4752 3489 4828">
     <span class='ocr_line' id='line_1_110' title="bbox 1922 4752 3489 4828; baseline -0.006 -14"><span class='ocrx_word' id='word_1_842' title='bbox 1922 4778 2048 4814; x_wconf 87' lang='grc' dir='ltr'>σατο</span> <span class='ocrx_word' id='word_1_843' title='bbox 2072 4760 2139 4813; x_wconf 80' lang='grc' dir='ltr'>τὰ</span> <span class='ocrx_word' id='word_1_844' title='bbox 2162 4759 2370 4828; x_wconf 85' lang='grc' dir='ltr'>ἱμάτια,</span> <span class='ocrx_word' id='word_1_845' title='bbox 2397 4758 2491 4810; x_wconf 78' lang='grc' dir='ltr'>καὶ</span> <span class='ocrx_word' id='word_1_846' title='bbox 2517 4755 2769 4827; x_wconf 80' lang='grc' dir='ltr'>μονάζειν</span> <span class='ocrx_word' id='word_1_847' title='bbox 2798 4757 3069 4826; x_wconf 78' lang='grc' dir='ltr'>ᾑρήσατο,</span> <span class='ocrx_word' id='word_1_848' title='bbox 3095 4755 3328 4824; x_wconf 84' lang='grc' dir='ltr'>ποιήσας</span> <span class='ocrx_word' id='word_1_849' title='bbox 3357 4752 3489 4805; x_wconf 79' lang='grc' dir='ltr'>πολ·</span> 
     </span>
    </p>
   </div>
   <div class='ocr_carea' id='block_1_111' title="bbox 1918 4842 2429 4915">
    <p class='ocr_par' dir='ltr' id='par_1_111' title="bbox 1918 4842 2429 4915">
     <span class='ocr_line' id='line_1_111' title="bbox 1918 4842 2429 4915; baseline -0.006 -17"><span class='ocrx_word' id='word_1_850' title='bbox 1918 4847 2015 4909; x_wconf 84' lang='grc' dir='ltr'>λάς</span> <span class='ocrx_word' id='word_1_851' title='bbox 2043 4842 2429 4915; x_wconf 87' lang='grc' dir='ltr'>ἐλεημοσύνας.</span> 
     </span>
    </p>
   </div>
   <div class='ocr_carea' id='block_1_112' title="bbox 1994 4982 3489 5057">
    <p class='ocr_par' dir='ltr' id='par_1_112' title="bbox 1994 4982 3489 5057">
     <span class='ocr_line' id='line_1_112' title="bbox 1994 4982 3489 5057; baseline -0.002 -15"><span class='ocrx_word' id='word_1_852' title='bbox 1994 4990 2215 5043; x_wconf 79' lang='grc' dir='ltr'>Ἀλλοτε</span> <span class='ocrx_word' id='word_1_853' title='bbox 2266 4989 2323 5041; x_wconf 80' lang='grc' dir='ltr'>δὲ</span> <span class='ocrx_word' id='word_1_854' title='bbox 2383 4986 2656 5055; x_wconf 86' lang='grc' dir='ltr'>σταφυλῆς</span> <span class='ocrx_word' id='word_1_855' title='bbox 2704 4985 3049 5055; x_wconf 88' lang='grc' dir='ltr'>πεμφθείσης</span> <span class='ocrx_word' id='word_1_856' title='bbox 3092 4982 3241 5054; x_wconf 86' lang='grc' dir='ltr'>αὑτῷ</span> <span class='ocrx_word' id='word_1_857' title='bbox 3289 5001 3489 5057; x_wconf 82' lang='grc' dir='ltr'>νεαρας</span> 
     </span>
    </p>
   </div>
   <div class='ocr_carea' id='block_1_113' title="bbox 1921 5069 3487 5146">
    <p class='ocr_par' dir='ltr' id='par_1_113' title="bbox 1921 5069 3487 5146">
     <span class='ocr_line' id='line_1_113' title="bbox 1921 5069 3487 5146; baseline -0.004 -18"><span class='ocrx_word' id='word_1_858' title='bbox 1921 5076 2320 5146; x_wconf 85' lang='grc' dir='ltr'>ἐπιθυμήσαντι</span> <span class='ocrx_word' id='word_1_859' title='bbox 2350 5071 2697 5143; x_wconf 90' lang='grc' dir='ltr'>μεταλαϐεῖν,</span> <span class='ocrx_word' id='word_1_860' title='bbox 2727 5069 3135 5137; x_wconf 88' lang='grc' dir='ltr'>ἐνδεικνύμενος</span> <span class='ocrx_word' id='word_1_861' title='bbox 3153 5070 3251 5138; x_wconf 77' lang='grc' dir='ltr'>τὴν</span> <span class='ocrx_word' id='word_1_862' title='bbox 3281 5070 3487 5140; x_wconf 81' lang='grc' dir='ltr'>ἐγκρά-</span> 
     </span>
    </p>
   </div>
   <div class='ocr_carea' id='block_1_114' title="bbox 1922 5152 3489 5224">
    <p class='ocr_par' dir='ltr' id='par_1_114' title="bbox 1922 5152 3489 5224">
     <span class='ocr_line' id='line_1_114' title="bbox 1922 5152 3489 5224; baseline -0.004 -12"><span class='ocrx_word' id='word_1_863' title='bbox 1922 5176 2099 5223; x_wconf 88' lang='grc' dir='ltr'>τειαν,</span> <span class='ocrx_word' id='word_1_864' title='bbox 2162 5156 2486 5211; x_wconf 88' lang='grc' dir='ltr'>ἀπέστειλεν</span> <span class='ocrx_word' id='word_1_865' title='bbox 2544 5153 2714 5224; x_wconf 79' lang='grc' dir='ltr'>αὐτὴν</span> <span class='ocrx_word' id='word_1_866' title='bbox 2764 5153 2899 5223; x_wconf 85' lang='grc' dir='ltr'>πρὸς</span> <span class='ocrx_word' id='word_1_867' title='bbox 2948 5152 3175 5221; x_wconf 83' lang='grc' dir='ltr'>ἀδελφόν</span> <span class='ocrx_word' id='word_1_868' title='bbox 3229 5170 3349 5205; x_wconf 91' lang='grc' dir='ltr'>τινα</span> <span class='ocrx_word' id='word_1_869' title='bbox 3394 5153 3489 5206; x_wconf 82' lang='grc' dir='ltr'>κά-</span> 
     </span>
    </p>
   </div>
   <div class='ocr_carea' id='block_1_115' title="bbox 1926 5234 3487 5313">
    <p class='ocr_par' dir='ltr' id='par_1_115' title="bbox 1926 5234 3487 5313">
     <span class='ocr_line' id='line_1_115' title="bbox 1926 5234 3487 5313; baseline -0.005 -17"><span class='ocrx_word' id='word_1_870' title='bbox 1926 5261 2146 5313; x_wconf 88' lang='grc' dir='ltr'>μνοντα,</span> <span class='ocrx_word' id='word_1_871' title='bbox 2186 5243 2280 5294; x_wconf 73' lang='grc' dir='ltr'>καὶ</span> <span class='ocrx_word' id='word_1_872' title='bbox 2310 5240 2470 5293; x_wconf 84' lang='grc' dir='ltr'>αὑτὸν</span> <span class='ocrx_word' id='word_1_873' title='bbox 2504 5237 2780 5306; x_wconf 81' lang='grc' dir='ltr'>σταφυλὴν</span> <span class='ocrx_word' id='word_1_874' title='bbox 2810 5235 3210 5304; x_wconf 76' lang='grc' dir='ltr'>ἐπιθυμοῦντα⁸</span> <span class='ocrx_word' id='word_1_875' title='bbox 3244 5234 3300 5298; x_wconf 84' lang='lat'>0;</span> <span class='ocrx_word' id='word_1_876' title='bbox 3329 5235 3487 5299; x_wconf 78' lang='grc' dir='ltr'>δεξά-</span> 
     </span>
    </p>
   </div>
   <div class='ocr_carea' id='block_1_116' title="bbox 1926 5318 3491 5397">
    <p class='ocr_par' dir='ltr' id='par_1_116' title="bbox 1926 5318 3491 5397">
     <span class='ocr_line' id='line_1_116' title="bbox 1926 5318 3491 5397; baseline -0.005 -16"><span class='ocrx_word' id='word_1_877' title='bbox 1926 5346 2082 5397; x_wconf 82' lang='grc' dir='ltr'>μενος</span> <span class='ocrx_word' id='word_1_878' title='bbox 2140 5326 2231 5380; x_wconf 71' lang='grc' dir='ltr'>καὶ</span> <span class='ocrx_word' id='word_1_879' title='bbox 2286 5324 2405 5377; x_wconf 90' lang='grc' dir='ltr'>λίαν</span> <span class='ocrx_word' id='word_1_880' title='bbox 2471 5322 2779 5394; x_wconf 83' lang='grc' dir='ltr'>περιχαρὴς</span> <span class='ocrx_word' id='word_1_881' title='bbox 2834 5321 3163 5390; x_wconf 87' lang='grc' dir='ltr'>γενόμενος,</span> <span class='ocrx_word' id='word_1_882' title='bbox 3224 5318 3491 5390; x_wconf 87' lang='grc' dir='ltr'>κρύπτειν</span> 
     </span>
    </p>
   </div>
   <div class='ocr_carea' id='block_1_117' title="bbox 1922 5402 3490 5478">
    <p class='ocr_par' dir='ltr' id='par_1_117' title="bbox 1922 5402 3490 5478">
     <span class='ocr_line' id='line_1_117' title="bbox 1922 5402 3490 5478; baseline -0.005 -15"><span class='ocrx_word' id='word_1_883' title='bbox 1922 5411 2113 5464; x_wconf 84' lang='grc' dir='ltr'>ἐαυτοῦ</span> <span class='ocrx_word' id='word_1_884' title='bbox 2147 5409 2242 5478; x_wconf 83' lang='grc' dir='ltr'>τὴν</span> <span class='ocrx_word' id='word_1_885' title='bbox 2286 5407 2615 5476; x_wconf 85' lang='grc' dir='ltr'>ἐγκράτειαν</span> <span class='ocrx_word' id='word_1_886' title='bbox 2651 5405 2993 5474; x_wconf 85' lang='grc' dir='ltr'>βουλόμενος,</span> <span class='ocrx_word' id='word_1_887' title='bbox 3027 5404 3163 5473; x_wconf 87' lang='grc' dir='ltr'>πρὸς</span> <span class='ocrx_word' id='word_1_888' title='bbox 3203 5402 3359 5456; x_wconf 79' lang='grc' dir='ltr'>ἄλλον</span> <span class='ocrx_word' id='word_1_889' title='bbox 3389 5404 3490 5456; x_wconf 87' lang='grc' dir='ltr'>αὐ-</span> 
     </span>
    </p>
   </div>
   <div class='ocr_carea' id='block_1_118' title="bbox 1921 5479 3491 5565">
    <p class='ocr_par' dir='ltr' id='par_1_118' title="bbox 1921 5479 3491 5565">
     <span class='ocr_line' id='line_1_118' title="bbox 1921 5479 3491 5565; baseline -0.007 -18"><span class='ocrx_word' id='word_1_890' title='bbox 1921 5498 2017 5565; x_wconf 76' lang='grc' dir='ltr'>τὴν</span> <span class='ocrx_word' id='word_1_891' title='bbox 2043 5493 2268 5562; x_wconf 79' lang='grc' dir='ltr'>ἀδελφὸν</span> <span class='ocrx_word' id='word_1_892' title='bbox 2293 5490 2698 5555; x_wconf 80' lang='grc' dir='ltr'>ἐξαπέστειλεν,</span> <span class='ocrx_word' id='word_1_893' title='bbox 2718 5479 2792 5550; x_wconf 74' lang='grc' dir='ltr'>ὥς</span> <span class='ocrx_word' id='word_1_894' title='bbox 2821 5486 2983 5549; x_wconf 83' lang='grc' dir='ltr'>αὑτὸς</span> <span class='ocrx_word' id='word_1_895' title='bbox 3011 5488 3318 5557; x_wconf 89' lang='grc' dir='ltr'>ἀνορέκτως</span> <span class='ocrx_word' id='word_1_896' title='bbox 3351 5485 3491 5554; x_wconf 71' lang='grc' dir='ltr'>ἔχων</span> 
     </span>
    </p>
   </div>
   <div class='ocr_carea' id='block_1_119' title="bbox 1922 5568 3491 5651">
    <p class='ocr_par' dir='ltr' id='par_1_119' title="bbox 1922 5568 3491 5651">
     <span class='ocr_line' id='line_1_119' title="bbox 1922 5568 3491 5651; baseline -0.008 -17"><span class='ocrx_word' id='word_1_897' title='bbox 1922 5581 2052 5651; x_wconf 71' lang='grc' dir='ltr'>περὶ</span> <span class='ocrx_word' id='word_1_898' title='bbox 2080 5580 2139 5632; x_wconf 79' lang='grc' dir='ltr'>τὸ</span> <span class='ocrx_word' id='word_1_899' title='bbox 2170 5575 2381 5648; x_wconf 87' lang='grc' dir='ltr'>βρῶμα.</span> <span class='ocrx_word' id='word_1_900' title='bbox 2413 5574 2717 5645; x_wconf 83' lang='grc' dir='ltr'>Δεξάμενος</span> <span class='ocrx_word' id='word_1_901' title='bbox 2738 5571 2794 5623; x_wconf 81' lang='grc' dir='ltr'>δὲ</span> <span class='ocrx_word' id='word_1_902' title='bbox 2824 5571 2986 5625; x_wconf 86' lang='grc' dir='ltr'>πάλιν</span> <span class='ocrx_word' id='word_1_903' title='bbox 3013 5570 3263 5629; x_wconf 76' lang='grc' dir='ltr'>κακεῖνος</span> <span class='ocrx_word' id='word_1_904' title='bbox 3282 5568 3491 5623; x_wconf 79' lang='grc' dir='ltr'>τδαὺτδ</span> 
     </span>
    </p>
   </div>
   <div class='ocr_carea' id='block_1_120' title="bbox 1923 5654 3489 5732">
    <p class='ocr_par' dir='ltr' id='par_1_120' title="bbox 1923 5654 3489 5732">
     <span class='ocr_line' id='line_1_120' title="bbox 1923 5654 3489 5732; baseline -0.006 -14"><span class='ocrx_word' id='word_1_905' title='bbox 1923 5661 2210 5732; x_wconf 87' lang='grc' dir='ltr'>πεποίηκε,</span> <span class='ocrx_word' id='word_1_906' title='bbox 2251 5660 2371 5712; x_wconf 89' lang='grc' dir='ltr'>λίαν</span> <span class='ocrx_word' id='word_1_907' title='bbox 2404 5659 2585 5711; x_wconf 85' lang='grc' dir='ltr'>ποθῶν</span> <span class='ocrx_word' id='word_1_908' title='bbox 2628 5658 2719 5710; x_wconf 74' lang='grc' dir='ltr'>καὶ</span> <span class='ocrx_word' id='word_1_909' title='bbox 2757 5656 2917 5718; x_wconf 82' lang='grc' dir='ltr'>αὑτὸς</span> <span class='ocrx_word' id='word_1_910' title='bbox 2972 5655 3311 5725; x_wconf 86' lang='grc' dir='ltr'>μεταλαϐεῖν.</span> <span class='ocrx_word' id='word_1_911' title='bbox 3400 5654 3489 5717; x_wconf 84' lang='grc' dir='ltr'>Ὠς</span> 
     </span>
    </p>
   </div>
   <div class='ocr_carea' id='block_1_121' title="bbox 1921 5735 3489 5810">
    <p class='ocr_par' dir='ltr' id='par_1_121' title="bbox 1921 5735 3489 5810">
     <span class='ocr_line' id='line_1_121' title="bbox 1921 5735 3489 5810; baseline -0.007 -7"><span class='ocrx_word' id='word_1_912' title='bbox 1921 5749 1977 5803; x_wconf 83' lang='grc' dir='ltr'>δέ</span> <span class='ocrx_word' id='word_1_913' title='bbox 2009 5745 2193 5801; x_wconf 70' lang='grc' dir='ltr'>λοιπὸν</span> <span class='ocrx_word' id='word_1_914' title='bbox 2224 5745 2303 5807; x_wconf 87' lang='grc' dir='ltr'>εἰς</span> <span class='ocrx_word' id='word_1_915' title='bbox 2331 5742 2560 5805; x_wconf 82' lang='grc' dir='ltr'>πολλοὺς</span> <span class='ocrx_word' id='word_1_916' title='bbox 2594 5741 2855 5810; x_wconf 87' lang='grc' dir='ltr'>ἀδελφοὺς</span> <span class='ocrx_word' id='word_1_917' title='bbox 2886 5735 3047 5810; x_wconf 84' lang='grc' dir='ltr'>ἦλθον</span> <span class='ocrx_word' id='word_1_918' title='bbox 3075 5740 3132 5795; x_wconf 83' lang='grc' dir='ltr'>αἰ</span> <span class='ocrx_word' id='word_1_919' title='bbox 3178 5738 3449 5807; x_wconf 78' lang='grc' dir='ltr'>σταφυλαὶ</span> <span class='ocrx_word' id='word_1_920' title='bbox 3470 5776 3489 5802; x_wconf 85' lang='grc'>,</span> 
     </span>
    </p>
   </div>
   <div class='ocr_carea' id='block_1_122' title="bbox 1928 5823 3490 5903">
    <p class='ocr_par' dir='ltr' id='par_1_122' title="bbox 1928 5823 3490 5903">
     <span class='ocr_line' id='line_1_122' title="bbox 1928 5823 3490 5903; baseline -0.006 -19"><span class='ocrx_word' id='word_1_921' title='bbox 1928 5830 2152 5903; x_wconf 82' lang='grc' dir='ltr'>μηδενὸς</span> <span class='ocrx_word' id='word_1_922' title='bbox 2183 5826 2531 5899; x_wconf 76' lang='grc' dir='ltr'>βουληθέντος</span> <span class='ocrx_word' id='word_1_923' title='bbox 2559 5825 2736 5881; x_wconf 79' lang='grc' dir='ltr'>αὐτῶν</span> <span class='ocrx_word' id='word_1_924' title='bbox 2762 5824 3105 5898; x_wconf 79' lang='grc' dir='ltr'>μεταλαϐεῖν,</span> <span class='ocrx_word' id='word_1_925' title='bbox 3134 5824 3163 5877; x_wconf 87' lang='lat'>0</span> <span class='ocrx_word' id='word_1_926' title='bbox 3182 5823 3490 5888; x_wconf 74' lang='grc' dir='ltr'>τελευταῖος</span> 
     </span>
    </p>
   </div>
  </div>
