4258 6358
693 415 825 484 1051

2143 401 2495 463 PALLADII

3810 394 3946 459 1052

688 523 895 595 λαϐὼν,
934 528 1071 601 πρὸς
1096 527 1383 596 Μακάρων
1422 527 1581 581 πάλιν
1631 524 1972 587 ἀπέστειλεν,
2010 522 2086 586 ώς
2119 523 2259 592 μέγα
2292 526 2335 580 Α
2365 516 2672 587 ὑπερϐολὴν
2714 515 2809 585 τῆς
2856 515 3050 583 ἀτίμου
3114 516 3308 586 τέχνης
3350 514 3546 569 αὐτῶν.
3582 513 3751 567 Τοῦτο
3802 514 3857 567 δὲ
3885 518 3945 567 10

692 627 866 696 δῶρον
892 622 1040 693 αὐτῷ
1068 622 1447 694 χαριζόμενος.
1492 619 1778 686 Ἐπιγνοὺς
1803 618 1859 670 δὲ
1889 616 2059 679 αὐτὰς
2090 618 2116 667 0
2146 616 2265 668 Μα-

694 717 885 789 κάριος
902 717 995 767 καὶ
1014 714 1572 784 πολυπραγμονήσας,
1597 710 1906 780 ἐθαύμασεν
1928 708 2265 777 εὐχαριστῶν

693 808 773 879 τῷ
805 808 996 878 Κυρίῳ
1052 807 1144 858 ἐπὶ
1199 808 1263 875 τῇ
1305 803 1530 873 τοιαύτῃ
1575 802 1755 855 αὐτῶν
1810 799 2129 871 ἐγκρατείᾳ,
2172 799 2266 851 καὶ

693 899 815 953 οὐδὲ
851 899 1012 961 0010;
1041 896 1221 951 αὐτῶν
1255 897 1394 959 τέως
1428 896 1779 965 μετείληφεν.

792 991 857 1043 Ἢ
898 989 999 1059 μὲν
1024 985 1116 1042 οῦν
1149 988 1381 1057 ἄσκησις
1432 986 1525 1039 τοῦ
1586 985 1823 1056 μεγάλου
1851 984 2161 1055 Μακαρίου,
2198 983 2267 1053 ἢν

696 1079 809 1147 ἐγὼ
828 1080 922 1134 καὶ
955 1079 1140 1132 πολλοὶ
1182 1078 1312 1148 παρ’
1344 1077 1492 1148 αὐτῷ
1532 1078 1942 1148 ήκριϐώσαμεν,
1985 1072 2054 1145 ἦν
2104 1075 2264 1143 αῦτη.

697 1173 765 1226 Et
784 1190 835 1225 11
865 1173 1103 1241 ἀκήκοεν
1132 1171 1355 1224 πώποτέ
1384 1187 1505 1223 τινα
1538 1172 1878 1239 πεποιηκότα
1906 1169 2065 1237 ἔργον
2090 1168 2268 1238 ἀσκήο

698 1283 857 1329 σεως,
881 1263 1161 1334 διαπύρως
1181 1263 1396 1326 πάντως
1425 1262 1582 1315 τοῦτο
1610 1261 1994 1331 κατώρθωσεν.

783 1354 1043 1416 Ἀκούσας
1075 1353 1168 1406 οῦν
1220 1353 1370 1422 παρά
1400 1370 1561 1406 τινων
1593 1354 1676 1405 ὅτι
1723 1353 1773 1403 οἱ
1826 1349 2267 1418 Ἰάϐεννησιῶται

699 1447 787 1501 διά
834 1447 1016 1515 πάσης
1068 1446 1169 1514 τῆς
1214 1445 1671 1516 Τεσσαρακοστῆς
1720 1444 1988 1497 ἐσθίουσιν
2036 1445 2265 1511 ἄπυρον,

700 1539 914 1605 ἔκρινεν
942 1532 1097 1600 0010;
1127 1539 1155 1588 6
1181 1536 1334 1603 ἄγιος
1363 1537 1453 1587 ἐπὶ
1481 1537 1771 1589 ἑπταετίαν
1798 1536 1886 1588 διά
1924 1536 2091 1606 πυρὸς
2118 1537 2265 1603 διερ-

702 1628 930 1696 χόμενον
966 1628 1041 1695 μὴ
1076 1628 1270 1692 φαγεῖν
1291 1639 1306 1653 ·
1339 1624 1479 1694 πλὴν
1503 1624 1750 1695 λαχάνων
1774 1624 1961 1693 ώμῶν,
1988 1624 2041 1677 εί
2061 1642 2187 1676 ποτε
2212 1624 2267 1675 δὲ

701 1720 796 1771 καὶ
828 1717 1124 1787 παρεῦρεν,
1160 1716 1509 1786 ἢόσπριδίων
1544 1715 1810 1786 βρεκτῶν,
1853 1716 2078 1785 μηδενὸς
2107 1715 2266 1768 ἄλλου

704 1810 1041 1875 γευσάμενος
1072 1808 1128 1859 ἐν
1164 1808 1393 1869 ἐκείνοις
1436 1809 1549 1869 τοῖς
1578 1807 1716 1859 ἐπτά
1741 1808 1935 1859 ἐτεσιν.
1980 1805 2271 1877 Κατορθώ-

2370 610 2713 677 κηποτάφιον
2761 609 2986 674 γέγονεν
3036 609 3167 677 παρ’
3228 608 3391 660 αὑτοῦ
3447 608 3540 660 τοῦ
3593 608 3794 660 Ἰαννοῦ
3850 610 3948 660 καὶ

2378 698 2635 769 Ἰαμϐροῦ
2670 699 2782 750 τῶν
2824 699 3089 767 ἀδελφῶν,
3128 700 3196 751 δι’
3220 700 3526 769 ὑπερϐολὴν
3556 700 3652 769 τῆς
3701 700 3946 768 μαγικῆς

2366 792 2563 861 τέχνης
2599 790 2667 843 τὰ
2694 791 2885 857 πρῶτα
2920 791 3152 859 ἐχόντων
3195 791 3316 843 κατ’
3359 793 3537 843 ἐκεῖνο
3570 791 3761 859 καιροῦ
3796 791 3948 858 παρά

2366 883 2445 953 τῷ
2472 884 2691 953 Φαραώ.
2738 884 2826 944 Ὠς
2858 877 2951 935 οῦν
3000 882 3201 952 πολλὴν
3259 884 3585 951 κεκτημένοι
3637 884 3736 952 τὴν
3784 884 3946 934 δυνα-

2368 973 2553 1028 στείαν
2567 975 2667 1044 τὴν
2683 976 2740 1027 ἐν
2756 974 3015 1042 Αἰγύπτῳ
3032 976 3090 1027 ἐν
3104 976 3183 1045 τῷ
3198 975 3298 1043 τῆς
3313 975 3457 1044 ζωῆς
3475 977 3655 1029 αὐτῶν
3669 977 3862 1045 χρόνῳ,
3883 976 3948 1027 ἐκ

2366 1066 2713 1137 τετραπέδων
2741 1064 2904 1120 λίθων
2926 1067 3151 1120 ἔκτισαν
3194 1070 3255 1121 10
3280 1069 3442 1140 ἔργον
3487 1071 3683 1131 ἐκεῖνο,
3714 1072 3772 1121 ἐν
3795 1068 3948 1139 αὺτῷ

2370 1159 2562 1228 μνῆμα
2601 1160 2983 1231 πεποιηκότες,
3014 1160 3107 1212 καὶ
3130 1162 3331 1231 χρυσὸν
3381 1162 3549 1214 πολὺν
3590 1162 3944 1231 ἀποθέμενοι.

2380 1250 2717 1319 Ἐφύτευσαν
2740 1253 2797 1304 δέ
2831 1251 2927 1304 καὶ
2962 1251 3155 1321 δένδρα
3190 1256 3439 1317 παντοῖα,
3474 1255 3567 1306 καὶ
3595 1255 3775 1324 φρέαρ
3818 1254 3949 1306 001-

2368 1360 2458 1406 τος
2490 1343 2749 1413 μέγιστον
2776 1342 2996 1413 ὤρυξαν
3016 1359 3030 1375 ⁶
3063 1343 3305 1413 ῦπικμος
3335 1346 3443 1416 γάρ
3493 1345 3641 1397 ἐστιν
3682 1346 3711 1395 0
3762 1344 3948 1407 τόπος.

2370 1435 2554 1489 Ταῦτα
2577 1435 2634 1487 δὲ
2661 1436 2840 1488 πάντα
2867 1437 3152 1505 ἐποίησαν,
3193 1435 3505 1499 ἐλπίζοντες
3550 1438 3688 1504 μετά
3730 1436 3826 1505 τὴν
3862 1438 3952 1487 ἐν-

2372 1528 2565 1581 τεῦθεν
2588 1530 2766 1582 ἐκεῖσε
2793 1528 2977 1596 ἄφιξιν
3006 1533 3062 1581 ἐν
3086 1531 3258 1598 τούτῳ
3283 1528 3358 1599 τῷ
3378 1529 3694 1599 παραδείσῳ
3715 1528 3948 1598 τρυφᾷ-ι.

2370 1619 2536 1681 Τέλος
2560 1620 2653 1673 οὖν
2681 1621 2888 1688 ἀγνοῶν
2914 1620 3010 1690 τήν
3051 1621 3167 1673 000v
3207 1623 3445 1687 ἄγουσαν
3510 1620 3602 1674 ἐπί
3641 1619 3831 1672 τοῦτον
3862 1620 3954 1670 τὸν

2369 1710 2534 1762 τόπον
2581 1712 2609 1762 0
2658 1710 2752 1762 100
2800 1709 3035 1781 Χριστοῦ
3088 1711 3273 1773 δοῦλος
3309 1712 3614 1781 Μακάριος,
3656 1710 3955 1779 στοχασμῷ

2377 1801 2536 1870 μόνον
2562 1801 2851 1871 ἠκολούθει
2880 1804 2991 1865 τοῖς
3030 1803 3252 1873 ἄστροις
3272 1818 3284 1831 ·
3336 1802 3587 1869 καθάπερ
3632 1805 3679 1855 οῖ
3708 1806 3954 1855 ναυτικοὶ

705 1914 804 1959 σας
832 1892 925 1950 οὗν
968 1895 1126 1948 τοῦτο
1172 1896 1511 1948 κατέπτυσεν
1553 1894 1757 1964 ταύτης
1812 1895 1914 1963 τῆς
1974 1895 2266 1955 πολιτείας.
2304 1889 2342 1942 Β
2371 1892 2743 1956 διαϐαίνοντες
2777 1895 2845 1946 τὰ
2888 1895 3122 1965 πελάγη.
3158 1895 3344 1959 Οὕτως
3387 1890 3541 1957 0010;
3596 1897 3623 1948 0
3670 1897 3819 1963 ἀγιος
3852 1899 3954 1961 τὴν

707 1990 977 2042 Ἤκουσεν
1002 1988 1058 2040 δὲ
1088 1987 1214 2058 περί
1270 2004 1415 2050 τινος
1469 1986 1629 2040 ἄλλου
1656 1982 1808 2048 0010;
1856 1988 1884 2037 0
1910 1987 2128 2057 ἄριστος
2163 1987 2271 2039 τῶν

707 2081 957 2150 μοναχῶν
978 2080 1060 2132 ὅτι
1083 2078 1248 2149 ἄρτου
1277 2078 1466 2147 λίτραν
1496 2077 1685 2141 ἐσθίει,
1726 2078 1823 2129 καὶ
1871 2076 2059 2129 τοῦτον
2091 2076 2271 2146 ζηλώο

708 2192 827 2237 σας,
862 2173 1070 2235 κλάσας
1098 2175 1158 2225 τὸ
1190 2172 1561 2242 βουκελλάτον,
1588 2171 1617 2223 0
1650 2168 1811 2241 εἶχεν,
1850 2172 2159 2240 κατήγαγεν
2194 2171 2273 2235 είς

707 2267 974 2337 κεράμια,
1040 2265 1233 2335 κρίνας
1288 2264 1539 2317 τοσοῦτον
1570 2264 1729 2332 μόνον
1766 2264 1966 2316 ἐσθίειν
1990 2265 2113 2317 ὅσον
2140 2265 2205 2318 ἂν
2240 2267 2273 2335 ή

707 2361 825 2427 χεὶρ
858 2356 1144 2425 ἀνενέγκῃ.
1172 2354 1397 2425 Μεγάλη
1428 2355 1483 2408 δὲ
1515 2356 1609 2407 καὶ
1630 2354 1770 2425 αῦτη
1802 2353 2051 2425 σώματος
2076 2356 2275 2427 σκληρ-

706 2448 943 2516 αγωγία.
1004 2450 1254 2516 Διηγεῖτο
1303 2447 1412 2517 γὰρ
1473 2447 1606 2517 ήμῖν
1657 2448 2148 2517 χαριεντιζόμενος,
2196 2448 2276 2499 ὅτι

708 2538 1187 2610 Περιεδρασσόμην
1221 2538 1321 2609 μὲν
1371 2539 1629 2592 πλειόνων
1670 2540 2014 2609 κλασμάτων,
2051 2539 2110 2593 00
2154 2556 2278 2592 συν-

708 2633 1031 2702 εχωρούμην
1061 2630 1118 2682 δὲ
1169 2629 1474 2699 ἐξενεγκεῖν
1509 2630 1611 2683 ὑπὸ
1644 2631 1739 2684 τοῦ
1779 2632 1963 2684 στενοῦ
1991 2632 2087 2702 τῆς
2117 2632 2275 2702 ὀπῆς.

718 2723 781 2776 ὀ
810 2720 1046 2791 τελώνης
1078 2722 1185 2790 γάρ
1214 2739 1315 2791 μου
1348 2723 1411 2776 00
1438 2722 1754 2793 συνεχώρει,
1787 2724 1973 2792 φησὶν,
2000 2723 2060 2778 10
2081 2741 2279 2776 110015-

709 2814 818 2877 λῶς
848 2829 917 2880 με
943 2811 1167 2869 ἐσθίειν.
1206 2814 1329 2866 Ἐπὶ
1364 2815 1461 2866 ὅλα
1483 2811 1575 2867 οὖν
1608 2815 1733 2885 τρία
1753 2815 1847 2884 ἐτη
1874 2814 2079 2884 ταύτην
2111 2817 2281 2885 ήσκη-

711 2920 802 2956 σεν
814 2904 914 2970 τὴν
934 2905 1278 2974 ἐγκράτειαν,
1300 2905 1568 2977 τέσσαρας
1586 2907 1618 2977 ἢ
1645 2906 1803 2959 πέντε
1821 2907 2045 2971 οὺγκίας
2063 2907 2278 2971 ἐσθίων,

708 2990 805 3057 καλ⁵
826 2996 889 3046 10
924 2994 1251 3066 ἀντίρροπον
1304 2994 1511 3049 τούτων
1557 2996 1727 3048 πίνων
1763 2996 1925 3067 ὕδωρ.
1973 2996 2177 3067 Ξέστην
2224 2998 2282 3051 δὲ

713 3078 898 3135 ἰλαίου
934 3084 1015 3147 είς
1043 3084 1136 3137 τὸν
1157 3085 1403 3137 ἐνιαυτὸν
1424 3086 1606 3155 ἀνήλω
1633 3089 1713 3149 είς
1736 3088 1965 3157 τροφήν.

788 3173 955 3243 ’Δλλη
1010 3173 1247 3243 ἄσκησις
1299 3173 1394 3227 τοῦ
1426 3174 1683 3244 ἀθλητοῦ.
1729 3174 1983 3245 Ἐκρινεν
2044 3169 2199 3237 οὗτος
2254 3177 2282 3227 0

710 3265 926 3335 ἀδάμας
954 3264 1125 3318 ὕπνου
1165 3266 1571 3336 περιγενέσθαι.
1609 3267 1718 3319 Καὶ
1748 3267 1917 3319 ,τοῦτο
1963 3266 2277 3337 διηγήσατο,

710 3360 793 3411 ὅτι
822 3360 936 3412 Οὐκ
984 3358 1235 3428 εἰσῆλθον
1271 3359 1375 3412 ὑπὸ
1407 3360 1604 3428 στέγην
1654 3360 1710 3410 ἐν
1739 3359 1879 3421 ὅλοις
1926 3360 2095 3411 εῐκοσι
2124 3358 2282 3428 νυχθ-

712 3449 964 3519 ημέροις,
997 3449 1084 3501 ἵνα
1114 3450 1321 3520 νικήσω
1339 3449 1533 3501 ὕπνον·
1568 3453 1679 3512 τοῖς
1707 3450 1804 3518 μὲν
1832 3450 2075 3519 καύμασι
2093 3449 2284 3517 φλεγόα

714 3559 875 3612 μενος
890 3544 989 3612 τὴν
1008 3543 1113 3614 ήμέ
1123 3560 1241 3613 ραν,
1260 3544 1324 3613 τῇ
1351 3542 1405 3596 δὲ
1424 3545 1708 3613 νυκτερινῇ
1735 3542 2064 3611 στυφόμενος
2076 3541 2281 3613 100x00-

712 3652 857 3706 τητι.
875 3635 1067 3698 Καὶώς
1081 3635 1265 3703 ἔλεγεν
1284 3630 1459 3699 0010;,
1482 3635 1563 3689 011
1582 3636 1642 3688 Εί
1663 3637 1738 3705 μὴ
1758 3636 1944 3706 τάχιον
1964 3635 2066 3689 0110
2086 3635 2283 3703 στέγην

711 3726 985 3795 εἰσῆλθον,
1007 3728 1100 3780 καὶ
1112 3728 1429 3799 ἐχρησάμην
1449 3726 1805 3797 ῦπνῳ,οῦτως
1829 3726 2099 3795 ἐξηράνθη
2130 3743 2230 3794 μου
2256 3728 2284 3777 0

712 3817 1034 3887 ἐγκέφαλος,
1064 3819 1139 3881 ώς
1167 3819 1247 3881 είς
1277 3818 1534 3873 ἔκστασιν
1567 3836 1632 3889 με
1654 3818 2061 3872 ἐλάσαι).οιπόν.
2096 3816 2203 3869 Καὶ
2225 3819 2285 3868 10

713 3910 837 3963 ὅσον
857 3912 916 3962 ἐν
930 3910 1069 3979 ἐμοὶ,
1088 3912 1271 3979 φησὶν,
1286 3911 1479 3964 ἐνίκων
1497 3910 1588 3963 τὸν
1608 3910 1793 3962 ὕπνονο
1818 3909 1877 3962 10
1891 3909 1946 3960 δὲ
1966 3909 2088 3961 ὅσον
2108 3908 2199 3959 ἐπὶ
2222 3910 2281 3976 τῇ

714 4002 874 4070 φύσει
888 4004 953 4073 τῇ
970 4004 1156 4073 χρείαν
1170 4001 1365 4073 ἐχούσῃ
1381 4002 1476 4055 τοῦ
1502 4001 1689 4065 ὕπνου,
1711 4000 2077 4072 παρεχώρησα
2089 3998 2281 4070 ταύτῃ.

787 4096 895 4149 Τοῦ
942 4096 1101 4163 άγίου
1137 4096 1330 4149 τούτου
1384 4094 1747 4164 καθεζομένου
1774 4095 1877 4146 ὑπὸ
1927 4093 2069 4163 πρωῒ
2114 4096 2173 4144 ἐν
2207 4091 2286 4161 τῷ

717 4186 933 4255 κελλίῳ,
963 4186 1164 4257 κώνωψ
1186 4188 1316 4249 στάς
1342 4188 1431 4241 ἐπὶ
1462 4186 1556 4239 τοῦ
1592 4185 1748 4249 ποδὸς
1782 4185 1946 4238 00100
1970 4184 2282 4253 ἐκέντησεν.

731 4280 997 4351 ’Δλγήσας
1030 4281 1088 4333 δὲ
1110 4280 1378 4345 κατέαξεν
1424 4279 1610 4332 τοῦτον
1637 4282 1702 4350 τῇ
1752 4279 1896 4348 χειρὶ
1927 4278 2063 4349 μετὰ
2089 4277 2150 4329 10
2192 4294 2287 4329 κο-

720 4371 980 4442 ρεσθῆναι
1028 4374 1119 4422 τοῦ
1178 4370 1429 4440 αἵματος.
1479 4368 1855 4432 Κατεγνωκὼς
1915 4367 2007 4420 οῦν
2062 4367 2287 4437 ὕστερον

722 4462 920 4518 ἑαυτοῦ
955 4462 1028 4525 ώς
1058 4463 1250 4515 ἐαυτὶν
1274 4461 1671 4530 ἐκδικήσαντος,
1702 4458 2049 4525 καταδικάζει
2073 4461 2283 4525 ἐαυτὸν,

718 4554 857 4609 ὥστε
888 4556 968 4611 είς
997 4555 1058 4607 τὸ
1089 4555 1208 4616 ἕλος
1238 4553 1336 4621 τῆς
1391 4553 1662 4621 Σκήτεως,
1697 4554 1725 4605 ὅ
1768 4555 1913 4605 ἐστιν
1940 4554 1994 4603 ἐν
2033 4554 2098 4621 τῇ
2153 4568 2287 4603 παν-
2320 4558 2363 4613 D
2392 4549 2548 4619 ήμῶν
2602 4553 2714 4614 τοῖς
2754 4553 2973 4616 101101;;

719 4648 931 4718 ερήμῳ,
968 4646 1300 4715 καθεσθῆναι
1335 4645 1541 4715 γυμνὸν
1571 4645 1662 4697 ἐπὶ
1705 4644 1878 4714 μῆνας
1924 4643 2004 4710 ἐξ.
2045 4644 2213 4697 Ἔνθα
2238 4644 2285 4696 οἱ

720 4741 982 4801 κώνωπες
1003 4737 1257 4790 δύνανται
1295 4737 1391 4790 x01
1431 4738 1683 4806 συάγρων
1701 4722 1948 4806 ’δέρματα
1970 4737 2180 4806 τιτρᾷν,
2212 4736 2286 4798 ώς

724 4831 932 4901 σφῆκες
969 4832 1119 4893 ὅντες
1158 4830 1404 4898 μεγάλοι.
1453 4827 1637 4891 Οὕτως
1675 4828 1792 4892 ὅλος
1828 4828 1919 4881 ὑπ’
1945 4828 2125 4880 αὐτῶν
2157 4844 2287 4881 κατ-

720 4941 774 4977 ετ
787 4922 959 4994 ρώθη,
991 4924 1066 4987 ὼς
1094 4923 1189 4976 καὶ
1240 4922 1564 4985 σπονδύλους
1608 4921 1910 4989 ἐξενεγκεῖν
1942 4920 2009 4972 δι’
2038 4921 2155 4973 ὅλου
2193 4920 2286 4974 τοῦ

720 5015 994 5085 σώματος,
1021 5014 1097 5078 ώς
1129 5014 1222 5067 καί
1255 5031 1405 5076 τινας
1436 5014 1654 5083 νομίσαι
1681 5012 1760 5065 ὅτι
1802 5011 2089 5079 ἐλεφαντία
2119 5012 2284 5066 ἐστίν.

730 5106 1071 5161 Ἐπανελθὼν
1102 5105 1195 5160 οῦν
1227 5107 1306 5170 είς
1333 5105 1393 5159 10
1430 5105 1640 5159 κελλίον
1673 5104 1864 5157 ἐαυτοῦ
1902 5102 2039 5173 μετά
2071 5105 2191 5165 τοὺς
2230 5104 2288 5169 ἒξ

723 5196 897 5269 μῆνας
951 5197 1059 5251 ἀπὸ
1111 5198 1211 5267 τῆς
1253 5198 1434 5267 φωνῆς
1459 5194 1784 5268 ἐγνωρίζετο
1820 5196 1981 5266 μόνον
2016 5194 2095 5247 ὅτι
2128 5194 2290 5258 0010;

718 5291 865 5345 ἐστιν
901 5292 929 5342 0
959 5291 1145 5362 κύριος
1176 5290 1477 5361 Μακάριος.

805 5382 1180 5452 Ἐπεθύμησέν
1212 5398 1341 5433 ποτε
1369 5376 1523 5445 οῦτος
1564 5382 1592 5433 0
1623 5384 1803 5448 0010;,
1851 5384 1925 5447 ώς
1965 5383 2124 5445 0010;
2158 5382 2288 5451 ἡμῖν

720 5474 1042 5546 διηγήσατο,
1084 5477 1165 5538 είς
1208 5475 1263 5528 τὸ
1293 5476 1629 5546 κηποτάφιον
1669 5477 1933 5530 εἰσελθεῖν
1964 5475 2057 5529 τοῦ
2092 5473 2287 5529 Ἰαννοῦ

723 5570 817 5623 καὶ
854 5568 1110 5638 Ίαμϐροῦ
1143 5567 1255 5620 τῶν
1288 5569 1478 5639 μάγων
1500 5568 1608 5621 τῶν
1633 5570 1725 5622 ἐπὶ
1746 5568 1839 5622 τοῦ
1880 5568 2098 5639 Φαραὼ,
2129 5568 2289 5637 χάριν

724 5660 963 5728 ἱστορίας
989 5660 1022 5730 ἢ
1056 5661 1151 5712 καὶ
1176 5661 1466 5729 συντυχίας
1486 5661 1592 5713 τῶν
1620 5662 1797 5713 ἐκεῖσε
1820 5661 2109 5728 δαιμόνων.
2145 5660 2290 5712 Ἐλέ-

722 5766 848 5819 γετο
870 5752 977 5821 γάρ
1008 5752 1361 5821 παμπόλλους
1387 5753 1479 5806 καὶ
1504 5752 1772 5822 χαλεποὺς
1797 5749 2288 5822 άποκεκληρῶσθαι

724 5840 853 5911 παρ’
900 5842 1077 5897 αὐτῶν
1130 5842 1353 5897 ἐκείνων
1387 5841 1463 5914 τῷ
1497 5843 1647 5913 τόπῳ
1690 5843 1883 5911 ἐκείνῳ
1927 5842 2187 5912 δαίμονας
2220 5842 2288 5894 δι’

2373 1982 2579 2053 ἔρημον
2612 1985 2791 2037 πᾶσαν
2816 1984 3126 2050 διώδευσεν,
3154 1988 3247 2037 καὶ
3281 1985 3462 2039 λαϐὼν
3489 1985 3627 2055 δέμα
3669 1985 3953 2054 καλάμων,

2372 2072 2470 2128 ἐνα
2523 2076 2662 2129 κατά
2717 2078 2891 2146 μίλιον
2934 2078 3055 2130 τστα
3097 2078 3257 2148 χάριν
3303 2079 3554 2148 σημείου,
3603 2079 3690 2131 ἵνα
3719 2080 3855 2148 εὕρῃ
3889 2078 3956 2133 01'

2374 2167 2545 2238 αὐτῆς
2579 2168 2931 2239 ὑποστρέψαι.
2980 2169 3268 2234 Διοδεύσας
3305 2170 3396 2223 οῦν
3432 2172 3645 2242 ἐκείνην
3674 2171 3772 2239 τὴν
3824 2172 3957 2241 ἐρη·

2378 2276 2479 2329 μον
2519 2262 2697 2314 πᾶσαν
2724 2262 2871 2324 ἐντὸς
2906 2262 3127 2332 ήμερῶν
3164 2262 3340 2325 ἐννέα,
3367 2263 3459 2315 καὶ
3494 2263 3785 2332 γενόμενος
3815 2262 3960 2333 πλη-

2382 2350 2497 2403 σίον
2534 2352 2629 2404 τοῦ
2676 2354 2853 2421 κήπου
2897 2352 3130 2418 ἐκείνου,
3182 2353 3693 2424 ἐπικαταλαϐούσης
3730 2355 3827 2424 τῆς
3866 2372 3959 2407 νυ-

2377 2443 2504 2506 κτὸς
2529 2444 2726 2513 μικρὸν
2778 2442 3163 2515 ἐκαθεύδησεν.
3200 2447 3257 2497 Ὀ
3300 2440 3391 2498 οῦν
3434 2447 3624 2514 ἄγριος
3656 2446 3891 2515 δαίμων,
3932 2446 3961 2498 0

2379 2535 2467 2588 ἀεὶ
2521 2538 2634 2598 τοῖς
2663 2537 2925 2604 ἀθληταῖς
2976 2538 3069 2591 τοῦ
3105 2538 3343 2606 Χριστοῦ
3391 2540 3790 2609 ἀντιπράττων,
3838 2557 3967 2591 συν-

2381 2626 2608 2695 αγαγὼν
2642 2629 2796 2691 ὅλους
2829 2630 2952 2691 τοὺς
2980 2630 3259 2699 καλάμους
3290 2631 3528 2691 ἐκείνους
3554 2632 3646 2683 τοῦ
3671 2633 3963 2702 Μακαρίου

2380 2717 2733 2782 καθεύδοντος
2780 2719 2855 2783 ώς
2886 2720 2993 2773 ἀπὸ
3040 2722 3269 2789 σημείου
3327 2721 3443 2784 ἐνὸς
3473 2721 3568 2774 τοῦ
3612 2724 3961 2794 κηποταφίου

2380 2809 2517 2877 πρὸς
2542 2812 2607 2879 τῇ
2632 2810 2840 2881 κεφαλῇ
2870 2810 3034 2863 αὑτοῦ
3062 2811 3319 2875 τεθεικώς
3349 2813 3660 2883 ἀπηλλάγη.
3696 2814 3965 2875 Ἀναστὰς

2380 2892 2474 2949 οῦν
2508 2894 2665 2968 εὗρεν
2698 2901 2824 2963 τοὺς
2868 2901 3148 2971 καλάμους
3203 2901 3643 2971 συνδεδεμένους,
3674 2902 3768 2966 οὓς
3800 2904 3966 2967 αὐτὸς

2380 2988 2543 3059 χάριν
2580 2993 2808 3060 σημείου
2862 2992 3194 3062 κατέπηξεν.
3243 2992 3395 3061 Τάχα
3424 2994 3605 3046 δὲκαὶ
3651 2994 3811 3047 τοῦτο
3868 2995 3966 3047 τοῦ

2381 3080 2518 3133 Θεοῦ
2547 3084 3002 3152 συγχωρήσαντος
3025 3087 3105 3146 είς
3138 3085 3364 3153 μείζονα
3393 3086 3585 3138 τούτου
3624 3086 3962 3156 γυμνασίαν,

2385 3172 2471 3226 ἵνα
2507 3174 2581 3244 μὴ
2630 3174 2898 3244 καλάμοις
2939 3177 3213 3249 ἐπελπίζῃ
3261 3178 3518 3247 ὁδηγοῦσι
3567 3178 3779 3243 τοῦτον,
3824 3179 3965 3231 ἀλλά

2383 3266 2448 3335 τῇ
2479 3267 2660 3337 χάριτι
2692 3267 2787 3320 τοῦ
2821 3267 2955 3321 Θεοῦ
2987 3268 3081 3322 τοῦ
3118 3270 3204 3323 διὰ
3256 3271 3449 3321 στύλου
3490 3270 3722 3341 νεφέλης
3762 3271 3963 3340 ὁδηγή-

2385 3374 2577 3421 σαντος
2605 3360 2698 3412 τὸν
2752 3360 2965 3430 Ἰσραήλ
3000 3364 3409 3432 τεσσαράκοντα
3450 3365 3541 3435 ἔτη
3571 3367 3628 3419 ἐν
3655 3369 3717 3435 τῇ
3754 3366 3967 3436 φοϐερᾷ

2383 3449 2574 3520 ἐρήμῳ
2609 3452 2812 3522 ἐκείνῃ.
2851 3454 3077 3521 Ἔλεγεν
3101 3454 3156 3507 δὲ
3194 3457 3221 3507 0
3254 3455 3432 3524 ἅγιος,
3476 3457 3558 3509 ὅτι
3612 3457 3963 3525 Ἐγγίσαντὸς

2387 3558 2489 3611 μου
2540 3541 2698 3611 μόνον
2744 3543 2820 3613 τῷ
2857 3546 3205 3616 κηποταφίῳ,
3260 3548 3353 3599 ἀπ’
3396 3547 3561 3600 αὑτοῦ
3605 3548 3827 3617 ἐξῆλθον
3883 3552 3965 3612 εἰς

2386 3631 2708 3701 συνάντησίν
2744 3650 2846 3701 μου
2906 3634 3277 3705 ἐϐδομήκοντα
3317 3635 3569 3707 δαίμονες
3614 3639 3854 3709 παντοίῳ
3887 3641 3966 3705 τῷ

2386 3726 2646 3791 σχήματι,
2672 3724 2720 3775 οἱ
2754 3725 2851 3794 μὲν
2874 3724 3123 3794 βοῶντες,
3156 3728 3205 3780 οἱ
3235 3729 3289 3780 δὲ
3329 3729 3627 3799 πηδῶντες,
3662 3731 3711 3782 οἱ
3737 3730 3793 3782 δὲ
3822 3734 3964 3798 μετά

2388 3815 2626 3883 μεγάλου
2656 3814 2903 3885 βρυγμοῦ
2929 3818 3207 3887 τρίζοντες
3239 3820 3358 3872 κατ’
3391 3820 3527 3890 ἐμοῦ
3570 3824 3690 3884 τοὺς
3717 3822 3959 3883 ὀδόντας.

2388 3907 2605 3976 Ἕτεροι
2627 3908 2683 3960 δὲ
2711 3908 2786 3971 ώς
2825 3910 3058 3978 κόρακες
3090 3914 3517 3981 πτερυσσόμενοι
3542 3914 3785 3980 ἐτόλμων
3818 3916 3963 3966 κατὰ

2385 4001 2480 4067 τῆς
2502 3999 2677 4068 δψεώς
2706 4018 2828 4071 μου,
2880 4003 3151 4069 λέγοντες·
3188 4004 3252 4057 Τί
3299 4004 3490 4069 θέλεις,
3530 4007 3808 4075 Μακάριε,
3841 4024 3963 4059 πει-

2388 4092 2561 4160 ρασμὲ
2590 4092 2696 4143 τῶν
2727 4093 3007 4162 μοναχῶν;
3050 4095 3103 4146 τί
3147 4095 3283 4165 πρὸς
3329 4098 3475 4165 ήμᾶς
3507 4098 3839 4167 παρεγένου;
3888 4101 3964 4168 μὴ

2388 4182 2483 4233 καὶ
2516 4184 2677 4251 ἡμεῖς
2701 4185 2778 4247 είς
2810 4200 2965 4248 τινας
2991 4186 3097 4238 τῶν
3151 4188 3401 4257 μοναχῶν
3439 4189 3851 4259 ἐνεργήσαμεν;
3883 4191 3967 4243 Τὰ

2388 4271 2637 4342 ἡμέτερα
2664 4273 2811 4343 ἔχεις
2842 4277 2960 4328 ἐκεῖ
2996 4278 3133 4346 μετά
3168 4278 3275 4332 τῶν
3312 4296 3393 4331 σοι
3423 4281 3643 4349 ὁμοίων,
3695 4281 3793 4351 τὴν
3836 4282 3967 4354 ἐρη-

2390 4379 2527 4432 μον·
2564 4365 2819 4419 κάκεῖθεν
2869 4369 2997 4431 τοὺς
3057 4373 3341 4437 συγγενεῖς
3407 4372 3562 4441 ήμῶν
3619 4372 3962 4437 ἐξεδιώξατε.

2391 4456 2555 4508 Οὐδὲν
2589 4457 2767 4510 κοινὸν
2792 4459 2949 4528 ήμεῖς
2989 4460 3185 4530 ἔχομεν
3217 4460 3355 4530 μετά
3401 4463 3517 4516 σοῦ.
3554 4464 3620 4516 Τί
3660 4464 3965 4528 ἐπιϐαίνεις

3028 4552 3102 4615 ώς
3148 4553 3506 4624 ἀναχωρητὴς
3565 4555 3866 4626 άρκέσθητι
3896 4561 3963 4627 τῇ

2388 4644 2599 4713 ἐρήμῳ.
2633 4644 2794 4713 Ἡμῖν
2817 4644 3003 4697 τοῦτον
3029 4646 3120 4697 τὸν
3146 4645 3309 4697 τόπον
3336 4647 3383 4698 οί
3408 4646 3691 4707 κτίσαντες
3720 4648 3967 4718 ἀπεκλήο

2392 4751 2587 4804 ρωσαν.
2619 4737 2692 4789 Οὐ
2714 4736 3111 4800 δύνασαιαύτὸς
3135 4742 3313 4807 μεῖναι
3340 4737 3544 4791 ἐνθάδε.
3566 4739 3630 4790 Τί
3648 4740 3830 4806 ζητεῖς
3850 4743 3968 4792 εἰσ-

2389 4827 2562 4880 ελθεῖν
2592 4830 2672 4892 είς
2720 4829 2875 4883 τοῦτο
2902 4830 2961 4883 10
2990 4831 3193 4899 κτῆμα,
3225 4832 3303 4893 εἰς
3334 4830 3363 4883 0
3394 4830 3570 4893 οὐδεὶς
3598 4831 3705 4883 τῶν
3744 4831 3965 4902 ἀνθρώ-

2390 4936 2508 4972 πων
2530 4920 2638 4973 τῶν
2661 4920 2881 4985 ζώντων
2928 4922 3177 4991 εἰσῆλθεν
3224 4924 3318 4991 ἀφ’
3350 4914 3522 4991 οὗπερ
3559 4925 3607 4977 οἱ
3638 4923 3798 4976 τοῦτο
3842 4926 3965 4977 κτί-

2392 5028 2584 5074 σαντες
2627 5013 2845 5080 ἀδελφοὶ
2874 5014 2962 5081 ὑφ’
3012 5012 3169 5083 ήμῶν
3204 5014 3391 5067 ἐνθάδε
3436 5015 3962 5087 κατεκηδεύθησανς

2391 5103 2484 5155 καὶ
2506 5102 2583 5155 ἔτι
2612 5102 2781 5155 πολλά
2802 5105 3222 5174 ταραττομένων
3250 5106 3359 5158 τῶν
3387 5106 3661 5177 δαιμόνων
3710 5109 3805 5162 καὶ
3848 5108 3965 5161 01.0-

2391 5193 2732 5263 φυρομένων,
2771 5189 2923 5247 εἶπον
2948 5194 3153 5259 αὐτοῖς,
3202 5198 3368 5265 φησὶν
3423 5196 3451 5248 0
3500 5198 3824 5269 Μακάριος,
3882 5201 3963 5253 ὅτι

2390 5284 2629 5338 Εἰσέλθω
2684 5285 2864 5356 μόνον,
2900 5288 2992 5339 καὶ
3035 5287 3335 5357 ἱστορήσω,
3374 5288 3470 5340 καὶ
3520 5288 3837 5359 ἀπέρχομαι
3878 5293 3964 5344 ἐν-

2390 5374 2601 5429 τεῦθεν.
2637 5376 2701 5428 Οἱ
2749 5374 2805 5427 δὲ
2837 5376 3120 5445 δαίμονες·
3154 5375 3325 5430 Τοῦτο
3353 5379 3483 5448 ήμῖν
3507 5380 3843 5449 ὁμολόγησον
3870 5385 3965 5436 ἐπὶ

2389 5462 2487 5530 τῆς
2513 5463 2613 5532 σῆς
2642 5465 3000 5534 συνειδήσεώς
3036 5482 3150 5519 σου.
3195 5464 3251 5518 '0
3275 5466 3331 5519 δὲ
3356 5465 3449 5519 τοῦ
3475 5468 3715 5537 Χριστοῦ
3742 5470 3927 5532 00010;
3945 5486 3959 5502 ο

2391 5550 2559 5603 Τοῦτο
2591 5553 2823 5623 ποιήσω.
2855 5555 2917 5605 Οἱ
2945 5554 3000 5606 δὲ
3031 5554 3286 5624 δαίμονες
3307 5555 3536 5624 ἄφαντοι
3561 5560 3844 5626 γεγόνασι.
3872 5562 3888 5581 ‘
3912 5566 3927 5582 '
3950 5566 3964 5582 '

2392 5642 2662 5697 Εἰσελθὼν
2679 5643 2792 5711 οῦν,
2820 5647 3006 5716 φησὶν,
3026 5646 3339 5718 ἐθεασάμην
3367 5648 3437 5701 τά
3461 5648 3658 5715 πάντα,
3686 5653 3745 5702 ἐν
3767 5649 3849 5714 οἷς
3870 5645 3964 5704 εὗ-

2395 5759 2484 5812 ρον
2524 5742 2620 5795 καὶ
2663 5744 2824 5798 κάδον
2870 5742 3100 5813 χαλκοῦν
3126 5744 3314 5798 ἀλύσει
3378 5746 3573 5818 σιδηρᾷ
3615 5728 3967 5819 κρεμάμενον

2392 5843 2532 5895 κατά
2564 5842 2655 5895 τοῦ
2686 5844 2920 5915 φρέατος
2947 5841 3131 5897 λοιπὸν
3162 5841 3239 5912 τῷ
3257 5842 3433 5914 χρόνῳ
3456 5844 3806 5900 ἀναλωθέντα
3829 5864 3843 5877 ι
3870 5848 3961 5899 καὶ
