4258 6358
278 416 415 472 1055

1537 423 1847 483 ηιεγοιιιιι
1888 425 2090 486 ιΑυει
2105 430 2246 489 \CA.

3372 453 3508 520 1054

270 529 416 583 misit
442 528 506 581 ad
536 527 841 594 Macarium,
874 540 1122 600 tanquam
1150 549 1394 603 magnum
1422 538 1469 596 ei
1498 538 1696 593 donum
1728 541 1831 592 lar—
1861 540 1911 596 Α
1938 544 2075 610 apud
2105 544 2455 604 Pharaonem.
2492 548 2560 606 Ut
2589 552 2677 618 qui
2709 568 2836 626 ergo
2868 556 2956 613 illo
2985 560 3107 617 vita
3135 576 3245 619 sua:
3266 572 3505 636 tempore

270 620 441 689 giens.
473 618 571 686 Qui
597 636 716 674 cum
749 636 857 675 rem
894 624 1104 679 curiose
1134 625 1494 693 inquisiisset,
1526 630 1834 695 admiratus,

267 720 323 765 et
353 709 465 765 Deo
503 711 636 765 actis
665 714 848 781 gratiis
878 715 948 769 ob
992 724 1190 771 tantam
1219 733 1405 773 eorum
1433 722 1832 788 continentiam,

269 817 337 857 ne
362 803 476 872 ipse
503 804 720 873 quidem
749 821 812 861 ex
846 806 911 861 iis
935 808 1146 862 tandem
1170 812 1419 868 comedit.

338 914 511 982 Atque
539 913 653 969 haec
678 915 890 984 quidem
920 928 1001 974 est
1034 922 1205 989 magni
1238 921 1448 977 Macarii
1491 924 1829 992 exercitatio,

268 1017 423 1067 quam
449 1019 552 1074 ego
578 1015 632 1060 et
662 1008 810 1061 multi
854 1019 1098 1065 accurate
1146 1014 1282 1079 apud
1318 1013 1488 1082 ipsum
1520 1016 1807 1073 didicimus

266 1094 321 1149 Si
351 1096 489 1165 quod
519 1111 654 1165 opus
680 1101 1074 1155 exercitationis
1108 1102 1340 1173 aliquem
1369 1121 1599 1178 unquam
1642 1109 1832 1167 fecisse

263 1188 451 1253 audiit,
480 1191 700 1244 omnino
730 1191 781 1246 id
806 1192 1058 1249 ardenter
1082 1195 1274 1250 effecit.

332 1279 465 1334 Cum
496 1281 563 1336 ab
591 1282 850 1351 aliquibus
871 1284 1149 1353 audiisset,
1179 1288 1595 1347 Tabennesiotas
1622 1307 1715 1361 per
1738 1304 1821 1350 to-

262 1377 367 1422 tam
414 1370 869 1440 quadragesimam
898 1375 1037 1429 nulla
1088 1391 1148 1432 re
1177 1379 1315 1433 vesci
1362 1396 1482 1447 quae
1533 1383 1636 1451 igni
1684 1394 1827 1439 esset

258 1461 493 1526 admota,
525 1462 707 1516 statuit
754 1464 837 1519 hic
880 1476 1097 1521 sanctus
1143 1476 1346 1537 septem
1391 1473 1543 1527 annis
1573 1474 1699 1528 nihil
1731 1491 1826 1528 co-

258 1551 473 1606 medere
500 1553 638 1622 quod
666 1569 760 1621 per
804 1555 978 1625 ignem
1024 1559 1298 1615 transisset
1320 1603 1335 1626 ,
1367 1572 1419 1618 et
1465 1572 1577 1618 toto
1618 1564 1709 1620 illo
1734 1580 1823 1621 se-

258 1643 476 1707 ptennio
506 1644 633 1697 nihil
664 1648 895 1714 gustavit
936 1658 1128 1715 praeter
1151 1652 1314 1706 cruda
1338 1654 1484 1708 olera
1515 1656 1596 1709 vel
1625 1656 1668 1711 si
1696 1672 1816 1727 qua:

258 1732 397 1787 forte
427 1734 717 1791 invenisset
745 1737 1003 1805 legumina
1053 1741 1370 1798 humectata.
1400 1746 1527 1800 Cum
1560 1748 1661 1804 hoc
1692 1764 1819 1820 ergo

258 1834 408 1877 recte
431 1826 671 1891 vixisset,
696 1838 1008 1895 aspernatus
1034 1839 1116 1885 est
1146 1831 1281 1888 hanc
1305 1833 1515 1890 vivendi
1538 1837 1815 1893 rationem.

256 1914 442 1969 Audiit
470 1923 650 1969 autem
690 1917 757 1970 ab
788 1918 965 1985 aliquo
994 1919 1098 1975 alio
1135 1922 1221 1977 hic
1264 1924 1641 1981 monachorum
1683 1928 1821 1995 opti-

254 2019 399 2067 mus,
431 2008 570 2071 quod
599 2008 812 2077 quidam
842 2014 1136 2069 monachus
1166 2017 1476 2071 comedebat
1506 2019 1695 2073 libram
1726 2035 1823 2087 pa-

254 2096 359 2150 nis.
395 2097 559 2164 Quem
588 2102 865 2156 aemulatus
889 2144 904 2167 ,
936 2104 1086 2170 fregit
1119 2107 1257 2175 quod
1301 2109 1525 2164 habebat
1556 2110 1824 2167 buccella-

255 2196 387 2251 tutn,
433 2196 488 2241 et
537 2188 755 2244 immisit
798 2193 851 2247 in
896 2194 1157 2264 lagenam,
1206 2206 1440 2254 statuens
1488 2201 1821 2257 solummodo

255 2284 464 2330 tantum
495 2279 797 2345 comedere,
830 2292 1082 2351 quantum
1113 2301 1297 2340 manus
1325 2288 1440 2357 ejus
1468 2304 1677 2344 sursum
1712 2292 1818 2345 fer-

251 2371 357 2420 ret.
384 2364 568 2427 Maana
591 2377 672 2422 est
698 2378 875 2426 autem
898 2374 1010 2428 bmc
1040 2376 1091 2429 in
1122 2379 1398 2433 tractando
1423 2395 1649 2451 corpore
1669 2397 1820 2452 aspe-

252 2451 402 2505 ritas.
452 2454 663 2511 Festive
707 2460 847 2514 enim
880 2465 1032 2519 nobis
1080 2469 1367 2523 narrabat:
1401 2468 1559 2525 Plura
1604 2451 1818 2541 quidem

252 2542 415 2596 hista
437 2546 947 2620 apprehendebam;
1021 2552 1115 2609 sed
1177 2571 1287 2611 non
1354 2561 1562 2617 sinebat
1628 2563 1819 2620 efferre

247 2635 320 2689 ob
340 2642 631 2706 angustiam
658 2643 948 2700 foraminis.
975 2648 1290 2705 Publicanus
1312 2654 1453 2708 enim
1492 2671 1644 2710 meus
1682 2658 1812 2712 mihi

248 2741 354 2780 non
387 2732 724 2796 permittebat
767 2740 985 2791 omnino
1021 2742 1183 2796 vesci.
1217 2743 1379 2798 Totos
1416 2761 1544 2815 ergo
1577 2759 1683 2801 tres
1713 2764 1809 2801 an-

253 2832 352 2871 nos
384 2821 516 2875 hanc
545 2827 780 2880 exercuit
806 2831 1200 2895 continentiam,
1224 2845 1451 2901 quatuor
1474 2838 1553 2890 vel
1584 2838 1817 2907 quinque

246 2908 433 2964 tmcias
469 2913 752 2967 comedens
777 2955 792 2977 ,
824 2926 877 2970 et
921 2933 1110 2986 aquam
1140 2936 1257 2990 quze
1303 2924 1381 2977 eis
1427 2929 1811 2993 responderet;

244 3000 350 3055 olei
383 3012 558 3057 autem
606 3008 892 3061 sextarium
926 3018 1039 3064 toto
1071 3025 1212 3066 anno
1252 3016 1600 3071 consumebat
1629 3018 1679 3072 in
1718 3019 1785 3073 ali

244 3101 502 3145 ntetttum.

316 3183 429 3235 Alia
463 3184 675 3238 athletas
703 3190 1031 3243 exercitatio.
1060 3192 1252 3247 Statult
1287 3194 1576 3251 indomitus
1607 3198 1692 3253 hic
1722 3200 1804 3254 vir

241 3285 492 3325 somnum
535 3289 809 3340 superare.
843 3278 1049 3334 Etenim
1091 3285 1330 3338 utilitatis
1364 3288 1530 3352 gratia
1563 3287 1663 3344 hoc
1695 3292 1807 3357 ipse

244 3365 515 3419 narravit:
542 3367 687 3422 Totis
716 3369 901 3441 viginti
949 3372 1137 3428 diebus
1165 3385 1217 3430 et
1258 3380 1500 3434 noctibus
1546 3396 1648 3435 non
1691 3399 1808 3440 sunt

242 3463 440 3507 tectum
472 3456 767 3527 ingressus,
800 3471 856 3515 ut
905 3479 1148 3518 somnum
1180 3467 1466 3535 vincerem,
1497 3486 1614 3525 cum
1646 3474 1810 3530 inter-

242 3546 332 3598 ditt
362 3548 580 3615 quidem
625 3563 756 3604 metu
801 3555 1063 3615 arderem,
1110 3568 1264 3611 noctu
1296 3574 1421 3613 vero
1450 3563 1628 3626 algore
1672 3566 1808 3635 rige-

240 3648 379 3688 rem.
412 3636 561 3703 Quod
593 3638 731 3706 nisi,
762 3641 1048 3710 inquiebat,
1082 3655 1275 3701 ter-tum
1307 3663 1478 3704 essem
1509 3653 1803 3724 ingressus,

237 3731 295 3777 et
323 3739 512 3781 somno
542 3744 670 3783 usus
695 3745 894 3795 essem,
926 3735 994 3787 ita
1028 3737 1156 3789 mihi
1186 3749 1297 3791 erat
1338 3743 1624 3796 arefactum
1656 3760 1806 3799 cere-

242 3814 421 3881 brum,
455 3825 513 3871 nt
555 3818 811 3887 deinceps
860 3833 1041 3891 ageret
1088 3828 1137 3879 in
1170 3831 1418 3883 exslasim
1445 3848 1458 3895 ;
1490 3843 1542 3884 et
1568 3837 1706 3897 quod
1738 3836 1802 3890 ad

242 3920 329 3959 me
358 3906 568 3976 quidem
615 3914 842 3980 attinet,
874 3915 971 3967 viri
1020 3931 1301 3984 somnum;
1331 3922 1468 3989 quod
1517 3934 1693 3980 autem
1735 3927 1799 3980 ad

234 4006 475 4052 naturam
507 4012 640 4068 Opus
671 4003 974 4071 habentem,
1008 4008 1056 4063 ei
1092 4014 1227 4064 cessi
1254 4013 1293 4066 '.

305 4085 365 4138 Ei
395 4087 678 4157 aliquando
693 4094 988 4149 molestiam
1019 4098 1480 4170 exhibuitspiritus
1500 4105 1795 4162 fornicatio-

231 4176 318 4230 nis
340 4177 489 4245 (19);
513 4188 565 4233 et
589 4189 715 4236 tunc
739 4186 1111 4242 condemnavit
1132 4192 1362 4256 scipsum
1387 4197 1574 4251 sedere
1602 4200 1798 4255 nudum

230 4280 323 4319 sex
359 4283 567 4323 menses
599 4271 649 4323 itt
695 4273 886 4341 palude
915 4276 1120 4341 Scetes,
1153 4295 1268 4349 quae
1298 4290 1378 4336 est
1410 4284 1458 4337 in
1487 4294 1630 4339 vasta
1673 4289 1800 4341 soli-

233 4357 435 4420 tudine,
484 4361 534 4412 in
582 4376 683 4429 qua
724 4374 945 4430 possunt
992 4368 1186 4423 culices
1231 4371 1311 4426 vel
1342 4375 1584 4430 sauciare
1632 4379 1797 4445 pelles

232 4459 503 4513 aprorum,
535 4458 591 4503 ut
620 4453 705 4519 qui
736 4454 841 4507 sint
873 4471 1022 4524 teque
1052 4461 1224 4528 magni
1259 4470 1314 4513 ut
1342 4476 1540 4531 vespa,
1573 4465 1707 4519 adeo
1741 4476 1799 4522 ut

232 4536 283 4588 ln
313 4545 425 4590 toto
452 4538 569 4605 ejus
614 4554 839 4607 corpore
870 4546 1135 4601 inllxerint
1178 4552 1419 4617 aculeos;
1453 4563 1508 4607 ut
1554 4557 1791 4612 nonnulli

230 4626 661 4683 existimaverint
686 4647 805 4685 eum
834 4650 954 4690 esse
986 4637 1272 4704 leprosum.
1303 4642 1562 4699 Reversus
1588 4662 1715 4717 ergo
1742 4650 1790 4704 in

228 4732 379 4772 suam
408 4721 653 4777 cellulam
686 4735 803 4793 post
847 4742 936 4782 sex
971 4746 1181 4786 menses
1205 4778 1219 4799 ,
1250 4749 1319 4788 ex
1369 4750 1497 4792 voce
1527 4742 1793 4809 cognitum

227 4817 307 4862 est
335 4823 456 4862 enm
486 4826 603 4865 esse
633 4813 903 4869 dominum
935 4816 1247 4877 Macarium.

300 4899 347 4953 Is
372 4904 538 4969 cupiit
565 4904 868 4974 aliquando,
904 4919 959 4962 ιιι
989 4912 1102 4977 ipse
1150 4914 1302 4969 nobis
1348 4920 1580 4972 narravit
1606 4961 1620 4983 ,
1653 4924 1791 4989 quod

229 4988 282 5042 lu
323 4990 492 5047 hortis
520 5003 672 5060 erat,
720 4996 921 5065 ingredi
967 5005 1344 5059 monimentum
1372 5046 1387 5071 ,
1432 5011 1569 5075 quod
1602 4988 1794 5068 dicitur

223 5082 530 5150 γηποτάφιον
575 5081 742 5138 Janne
789 5094 842 5139 et
891 5087 1159 5157 Ilambre,
1210 5109 1477 5160 magorum
1506 5100 1593 5167 qui
1641 5111 1793 5158 erant

224 5180 465 5241 tempore
500 5174 811 5243 Pharaonis,
843 5188 901 5233 ut
942 5181 990 5235 id
1020 5182 1237 5249 videret,
1272 5188 1356 5240 vel
1393 5190 1547 5244 etiam
1579 5201 1634 5245 ut
1661 5209 1771 5250 con-

220 5264 430 5319 veniret
455 5279 551 5321 eos
588 5268 674 5335 qui
725 5268 833 5323 illic
864 5281 985 5324 sunt
1012 5272 1302 5329 dazmones.
1341 5277 1621 5335 Dicebatur
1644 5285 1786 5342 enim

222 5354 476 5421 plurimos
500 5396 515 5420 ,
545 5370 742 5426 eosque
790 5360 1142 5417 ferocissimos
1164 5405 1178 5426 ,
1214 5363 1265 5417 in
1292 5380 1356 5419 eo
1397 5368 1517 5423 loco
1559 5372 1628 5425 ab
1676 5375 1780 5431 illis

218 5443 507 5500 collocatos
553 5461 673 5502 esse
719 5448 989 5505 demones
1036 5466 1133 5521 per
1175 5454 1380 5508 infamis
1428 5460 1556 5513 artis
1595 5475 1781 5519 eorum

216 5536 608 5593 excellentiam.
642 5538 751 5593 Hoc
781 5549 954 5594 autem
987 5544 1365 5599 monimentum
1408 5546 1603 5603 factum
1645 5561 1727 5606 est
1752 5570 1781 5608 a

214 5623 386 5681 Janne
413 5636 468 5680 et
492 5624 728 5682 Iambre
756 5627 1026 5694 fratribus,
1050 5631 1137 5699 qui
1168 5644 1380 5701 propter
1408 5638 1624 5707 magicae
1648 5644 1781 5697 artis

213 5715 589 5769 excellentiam
619 5716 817 5785 primas
864 5726 1039 5784 partes
1092 5718 1351 5776 habebant
1398 5724 1492 5778 illo
1536 5736 1773 5796 tempore

1850 1886 1897 1946 B

1940 636 2221 691 maximam
2253 640 2304 693 in
2333 638 2560 712 Egypto
2592 644 2839 701 haberent
2872 659 3209 719 potestatem,
3243 670 3497 715 constru-

1937 735 2131 779 xerunt
2177 727 2307 783 illud
2352 743 2486 797 opus
2534 747 2597 787 ex
2649 735 2910 804 lapidibus
2939 744 3206 811 quadratis
3238 749 3351 816 (att;
3380 793 3394 814 ,
3449 764 3500 806 et

1934 827 2089 868 suum
2113 816 2219 872 illic
2249 818 2489 876 fecerunt
2518 829 2936 897 monimentum;
2967 841 3020 887 et
3044 849 3161 888 cum
3193 840 3369 893 multis
3394 842 3503 895 illic

1934 908 2047 961 auri
2076 908 2485 978 deposuissent,
2518 924 2573 969 et
2610 933 2767 974 omne
2795 936 2962 989 genus
3005 925 3221 981 arbores
3268 930 3501 996 plautas-

1934 1007 2077 1062 sent,
2112 1002 2405 1057 maximum
2435 1020 2647 1074 quoque
2685 1019 2900 1077 puteum
2930 1027 3081 1081 aqua
3112 1015 3390 1082 foderunt;
3419 1028 3503 1073 est

1933 1088 2077 1143 enim
2109 1090 2253 1146 locus
2282 1092 2528 1151 humidus
2559 1096 2694 1168 (5i).
2746 1099 2872 1156 Hace
2918 1112 3091 1158 autem
3135 1108 3312 1160 omnia
3359 1109 3502 1164 fece-

1932 1191 2077 1248 runt,
2108 1196 2385 1253 sperantes
2412 1200 2527 1255 post
2559 1206 2709 1244 suum
2742 1194 2863 1249 hinc
2891 1196 3182 1252 discessum
3229 1199 3328 1254 frui
3359 1202 3497 1256 deli-

1928 1273 2029 1328 ciis
2059 1276 2110 1329 in
2136 1276 2226 1330 illu
2254 1280 2517 1347 paradiso.
2548 1281 2781 1339 Tandem
2805 1301 2930 1356 ergo
2952 1292 3198 1358 quoniam
3225 1293 3497 1348 nesciebat

1928 1366 2068 1419 viam
2096 1383 2215 1435 quae
2231 1370 2295 1423 ad
2324 1386 2443 1424 eum
2471 1374 2615 1429 ducit
2637 1376 2871 1444 hortum,
2895 1379 2985 1433 Dei
3010 1394 3194 1436 servus
3216 1382 3493 1447 Macarius,

1926 1458 2230 1527 conjectura
2261 1463 2486 1528 quadam
2518 1468 2834 1535 sequebatur
2874 1478 3049 1537 astra,
3082 1484 3134 1528 et
3162 1473 3297 1529 sicut
3318 1484 3496 1530 nautas

1924 1549 2015 1616 qui
2045 1552 2406 1606 transmittunt
2437 1560 2621 1618 maria,
2653 1566 2814 1612 totam
2848 1563 3078 1628 pervasit
3105 1574 3321 1618 sanctus
3347 1567 3480 1621 soli-

1929 1640 2199 1705 tudinem;
2232 1651 2424 1697 etcum
2448 1646 2647 1713 aliquot
2674 1650 2831 1703 etiam
2860 1652 3157 1718 accepisset
3180 1654 3488 1721 arundines,

1925 1744 2079 1785 unam
2122 1734 2307 1785 statuit
2336 1734 2385 1787 in
2418 1749 2735 1806 unoquoque
2771 1740 2984 1794 mllliari
3003 1782 3016 1803 ,
3051 1752 3104 1795 ut
3135 1756 3228 1811 per
3253 1757 3316 1797 ea
3342 1744 3490 1813 signa

1926 1832 2208 1879 remearet.
2239 1822 2368 1877 Cum
2413 1841 2541 1895 ergo
2571 1827 2705 1881 intra
2736 1844 2924 1884 novem
2970 1832 3086 1885 (lies
3133 1842 3297 1887 totam
3346 1834 3490 1890 illam

1930 1914 2251 1980 pervasisset
2279 1916 2637 1983 solitudinem,
2665 1931 2718 1973 et
2737 1930 2879 1976 esset
2901 1937 3062 1990 prope
3086 1924 3231 1977 illum
3256 1924 3487 1991 hortum,

1923 2004 2243 2059 succedente
2274 2015 2429 2061 nocte
2457 2022 2641 2076 parum
2668 2010 2903 2066 dormiit.
2940 2012 3189 2068 Immanis
3220 2028 3346 2069 vero
3375 2016 3490 2070 dae-

1923 2113 2045 2151 mon
2094 2100 2181 2167 qui
2232 2113 2442 2169 semper
2471 2101 2784 2157 adversatur
2830 2103 3024 2160 Christi
3071 2106 3324 2174 athletis,
3367 2124 3488 2165 cum

1921 2188 2224 2257 collegisset
2271 2206 2456 2245 omnes
2512 2192 2631 2247 illas
2676 2195 2992 2261 arundines,
3043 2199 3338 2253 dormiente
3379 2201 3489 2256 Ma-

1918 2278 2067 2331 cario
2094 2320 2108 2344 ,
2155 2285 2209 2332 et
2243 2278 2457 2334 circiter
2505 2280 2569 2333 ad
2618 2296 2778 2335 unum
2826 2284 3052 2351 lapidem
3083 2298 3113 2338 a
3158 2288 3488 2342 monimento

1919 2368 1984 2424 ad
2026 2369 2139 2438 ejus
2190 2383 2347 2435 caput
2388 2373 2685 2438 posuisset,
2734 2377 2990 2437 recessit;
3039 2387 3314 2448 postquam
3358 2394 3489 2450 ergo

1919 2460 2187 2526 surrexit,
2259 2462 2462 2517 invenit
2519 2464 2793 2534 colligatus
2842 2469 3128 2525 arundines
3188 2486 3316 2538 quas
3373 2474 3487 2542 ipse

1922 2552 2105 2606 fixerat
2136 2552 2273 2620 signi
2303 2569 2483 2609 causa.
2514 2554 2763 2611 Fortasse
2792 2567 2965 2611 autem
3005 2558 3106 2614 hoc
3134 2576 3343 2631 quoque
3389 2562 3487 2617 fuit

1920 2643 2009 2697 Dei
2044 2646 2323 2712 permissio
2368 2646 2435 2700 ad
2484 2648 2738 2715 majorem
2769 2650 2882 2718 ejus
2922 2654 3355 2708 exercitationem
3378 2696 3393 2719 ,
3427 2664 3487 2712 ut

1919 2752 2023 2792 non
2054 2750 2294 2806 speraret
2323 2742 2374 2795 in
2400 2745 2772 2809 arundinibus,
2802 2746 2893 2799 sed
2925 2747 2975 2800 in
3008 2747 3098 2802 Dei
3140 2749 3328 2817 gratia,
3360 2760 3479 2818 quas

1921 2844 2017 2896 per
2044 2830 2346 2886 columnam
2395 2834 2549 2889 nubis
2580 2837 2799 2891 deduxit
2828 2838 2983 2893 Israel
3013 2840 3358 2910 quadraginta
3387 2857 3484 2895 an-

1918 2922 1999 2976 nis
2030 2924 2080 2977 in
2113 2925 2337 2979 terribili
2367 2926 2453 2981 illa
2484 2928 2793 2984 solitudine.
2840 2930 3055 2984 Dicebat
3078 2940 3252 2985 autem
3299 2933 3468 2987 Maca.

1918 3015 2025 3068 rius
2055 3016 2223 3071 :Cum
2255 3019 2473 3087 propius
2498 3023 2696 3075 accessi
2729 3023 2791 3074 ad
2818 3022 2946 3076 illud
2974 3026 3379 3089 monimentum,
3412 3041 3477 3080 ex

1913 3119 1979 3159 eo
2006 3107 2208 3173 egressi
2233 3108 2357 3161 mihi
2387 3123 2731 3165 occurrerunt
2755 3113 2817 3165 ad
2843 3117 3174 3184 septuaginta
3204 3115 3477 3171 daemones

1913 3199 2072 3253 variis
2111 3200 2293 3254 formis
2342 3202 2595 3269 praediti;
2642 3204 2727 3257 alii
2770 3204 2980 3274 quidem
3018 3207 3344 3273 clamantes,
3390 3211 3479 3265 alii

1913 3304 2041 3343 vero
2071 3290 2412 3357 exsilientes,
2440 3293 2527 3347 alii
2556 3310 2683 3348 vero
2711 3312 2828 3349 cum
2857 3312 3048 3366 magno
3070 3298 3280 3352 fremitu
3311 3300 3361 3352 in
3392 3315 3481 3354 me

1911 3378 2196 3433 stridentes
2225 3381 2492 3447 dentibus,
2529 3384 2612 3436 alii
2644 3400 2769 3438 vero
2797 3394 3048 3455 tanquam
3094 3389 3240 3441 corvi
3290 3389 3474 3443 volan-

1911 3477 2013 3534 tes,
2066 3470 2329 3525 audebant
2374 3486 2492 3525 meo
2531 3474 2695 3527 vultui
2727 3474 3014 3540 insultare,
3042 3476 3475 3546 dicentes:Qnid

1907 3562 2005 3625 vis,
2037 3562 2223 3615 Macari
2243 3604 2257 3627 ,
2291 3564 2507 3617 tentatio
2533 3566 2949 3620 monachorum?
2978 3569 3103 3635 quid
3135 3569 3201 3622 ad
3240 3583 3336 3622 nos
3384 3582 3473 3624 ac-

1908 3654 2156 3706 cessisti?
2183 3668 2249 3706 an
2297 3668 2398 3706 non
2445 3670 2540 3708 nos
2586 3671 2795 3725 quoque
2825 3657 3050 3723 aliquem
3080 3673 3143 3711 ex
3193 3660 3469 3713 monachis

1907 3743 2257 3797 vexavimusl
2286 3744 2415 3811 Qua:
2442 3754 2619 3798 nostra
2659 3754 2800 3812 sunt,
2848 3757 2901 3801 tu
2928 3764 3045 3801 tum
3077 3748 3184 3802 tuis
3212 3749 3473 3804 similibus

1908 3833 2013 3887 illic
2045 3834 2229 3900 habes,
2266 3850 2457 3902 nempe
2486 3836 2847 3903 solitudinem,
2878 3848 2931 3892 et
2962 3839 3107 3892 illinc
3132 3848 3343 3893 nostros
3368 3854 3466 3894 co-

1902 3932 2089 3988 gnatos
2113 3924 2402 3992 fugavistis.
2452 3924 2592 3979 Nihil
2637 3937 2720 3979 est
2763 3928 2913 3981 nobis
2957 3936 3129 3982 tecum
3160 3944 3467 3986 commune.

1900 4015 2035 4081 Quid
2061 4016 2171 4069 loca
2204 4024 2379 4069 nostra
2408 4016 2647 4070 invadisl
2672 4017 2941 4087 Tanquam
2971 4022 3311 4085 anachoreta,
3337 4035 3470 4076 con-

1902 4117 2076 4161 tentus
2115 4115 2231 4160 esto
2255 4108 2561 4162 solitudine.
2592 4109 2690 4175 Qui
2723 4108 2862 4165 hunc
2892 4111 3063 4165 locum
3095 4112 3424 4166 mdiflcarnnt
3446 4152 3465 4170 .

1902 4210 2021 4249 eum
2047 4197 2195 4251 nobis
2220 4198 2587 4268 assignarunt;
2621 4215 2724 4252 non
2758 4210 2907 4267 potes
2936 4199 3026 4254 hic
3059 4217 3295 4255 manere.
3321 4202 3459 4269 Qttitl

1901 4287 2098 4352 qumris
2128 4285 2327 4354 ingredi
2356 4289 2404 4341 in
2430 4288 2565 4341 hanc
2590 4289 3001 4354 possessionem,
3028 4292 3078 4345 in
3107 4306 3263 4357 quam
3288 4294 3467 4349 nullus

1899 4390 1961 4428 ex
2006 4376 2140 4429 vivis
2185 4377 2484 4431 hominibus
2515 4390 2596 4432 est
2629 4380 2897 4448 ingressus
2922 4422 2937 4445 ,
2983 4396 3046 4436 ex
3077 4397 3181 4449 quo
3213 4382 3468 4438 fratribus

1897 4466 1983 4533 qui
2014 4467 2112 4521 hoc
2134 4468 2486 4523 condiderunt
2512 4480 2633 4524 sunt
2655 4484 2682 4523 a
2709 4472 2859 4525 nobis
2886 4472 2969 4527 hic
2998 4470 3150 4527 factae
3169 4478 3461 4543 exsequiae.

1824 4594 1875 4652 Β
1900 4554 1965 4608 Et
1992 4572 2109 4609 cum
2138 4558 2296 4610 multa
2324 4558 2495 4612 adhuc
2527 4562 2799 4615 turbarent
2820 4572 2873 4616 et
2912 4565 3226 4620 insultarent
3264 4567 3464 4621 damo-

1900 4657 2013 4707 nea,
2039 4644 2169 4697 dixit
2194 4647 2271 4699 eis
2292 4656 2504 4701 sanctus
2536 4650 2789 4704 Maearius
2814 4668 2829 4704 :
2855 4652 3125 4721 Ingrediar
3161 4664 3383 4719 tantum,
3407 4666 3464 4713 et

1896 4732 2105 4798 videbo,
2138 4746 2191 4789 et
2220 4735 2340 4792 hinc
2366 4739 2628 4794 recedam.
2666 4740 2923 4797 Dixerunt
2944 4754 3117 4798 autem
3150 4746 3457 4802 daemones:

1898 4819 2009 4876 iloc
2039 4825 2190 4877 nobis
2224 4827 2473 4892 promitte
2500 4830 2551 4881 in
2601 4839 2685 4884 tua
2726 4834 3071 4889 conscientia.
3105 4835 3238 4890 Dicit
3281 4846 3460 4893 autem

1897 4909 2090 4964 Christi
2139 4925 2346 4979 servus,
2382 4914 2491 4970 lioc
2534 4914 2745 4973 faciam.
2790 4921 3064 4977 Damones
3109 4936 3285 4980 autem
3332 4940 3459 4981 eva-

1898 5013 2143 5059 nuerunt.
2176 5005 2507 5073 lngrediente
2546 5023 2721 5064 autem
2748 5027 2812 5066 eo
2842 5014 2891 5065 in
2922 5016 3221 5078 paradisum
3241 5057 3256 5081 ,
3287 5018 3334 5071 ei
3366 5032 3459 5072 oc-

1894 5099 2060 5148 currit
2087 5096 2333 5151 diabolus‘
2356 5113 2473 5151 cum
2502 5102 2688 5155 stricta
2728 5104 3057 5172 rhnmphara,
3084 5105 3132 5158 ei
3179 5108 3455 5162 minitans.

1892 5188 1971 5243 Ad
2000 5207 2159 5258 quem
2205 5192 2339 5249 hanc
2364 5209 2548 5250 vocem
2594 5199 2866 5265 respondit
2906 5208 3121 5256 sanctus
3151 5200 3453 5257 Macarius:

1890 5280 1967 5335 Tu
1997 5282 2145 5336 venis
2169 5282 2235 5337 ad
2263 5299 2347 5340 me
2378 5285 2429 5339 in
2456 5287 2639 5340 stricta
2673 5287 3010 5356 rhomphaa;
3039 5298 3092 5343 et
3129 5304 3228 5358 ego
3266 5300 3454 5345 contra

1891 5378 1939 5426 te
1966 5373 2225 5442 ingrediar
2251 5375 2301 5427 in
2331 5377 2543 5431 nomine
2585 5377 2793 5431 Domini
2834 5378 3076 5442 sahaotlt,
3111 5379 3162 5434 in
3203 5380 3315 5434 acie
3356 5379 3452 5435 Dei

1890 5460 2067 5515 Israel.
2096 5462 2365 5531 ingressus
2392 5474 2588 5530 autem,
2613 5469 3001 5535 contemplatus
3025 5484 3140 5522 sum
3166 5470 3365 5532 omnia,
3393 5471 3446 5523 in

1887 5554 2074 5621 quibus
2118 5555 2294 5610 inveni
2341 5559 2499 5610 etiam
2557 5559 2746 5612 cadum
2791 5575 2995 5613 mnenm
3042 5572 3228 5613 catena
3276 5559 3449 5616 ferrea

1886 5644 2199 5708 pendentem
2225 5659 2287 5701 ex
2316 5656 2472 5713 puteo
2497 5689 2512 5710 ,
2538 5646 2645 5716 jam
2694 5658 2930 5719 tempore
2953 5660 3322 5717 consumptum
3348 5691 3363 5714 ,
3391 5661 3447 5706 et

1883 5731 2110 5786 fructum
2139 5735 2394 5790 malorum
2420 5738 2730 5805 punieorum
2772 5751 2891 5807 qua:
2934 5739 3067 5794 nihil
3110 5741 3251 5797 intus
3280 5740 3447 5796 babe-

289 5822 310 5857 ⁸
334 5823 432 5880 llie
462 5824 815 5897 paragraphus
843 5826 1007 5881 variat
1030 5828 1079 5883 in
1102 5827 1306 5887 Grreco.
1338 5832 1433 5889 Est
1474 5843 1531 5890 ut
1560 5838 1612 5891 in
1658 5837 1957 5909 Heraclide,
1990 5859 2105 5911 cap.
2130 5844 2182 5900 6.
