4258 6358
797 430 937 487 1055

2256 420 2574 480 PALLADH

3911 405 4071 468 1056

810 548 959 613 bant,
989 549 1195 603 fuerant
1215 546 1356 600 enlm
1383 543 1612 598 arefacta
1636 559 1665 596 a
1695 544 1828 610 sole,
1854 551 1907 597 et
1948 542 2169 611 plurima
2208 556 2364 593 aurea
2392 542 2444 599 Α
2471 537 2838 607 quadringenti
2863 537 2957 591 viri
2980 551 3145 605 usque
3168 536 3219 590 in
3234 535 3547 591 hodiernum
3564 532 3727 588 diem.
3755 532 4051 601 Ingressus

813 640 1058 695 donaria.
1142 637 1278 692 Cum
1366 642 1585 691 sanctus
1675 649 1804 705 ergo
1868 636 2010 689 illinc
2060 637 2369 689 recessisset

814 734 1014 800 alisque
1043 730 1267 784 tumultu
1314 735 1368 782 et
1410 728 1538 781 citra
1571 727 1729 780 ullam
1775 726 2252 794 perturbationem.
2286 738 2371 777 re-

822 838 1011 878 versus
1038 829 1121 876 est
1147 836 1241 889 per
1269 817 1453 889 viginti
1480 819 1590 871 dies
1620 819 1672 871 in
1709 832 1855 871 suam
1883 818 2093 871 cellam.

885 914 1015 968 Cum
1030 923 1202 965 autem
1218 912 1534 965 defecissent
1558 924 1718 977 panes
1731 919 1781 962 et
1794 922 1927 975 aqua
1940 923 2092 975 quam
2108 906 2369 973 portabat,

823 1008 875 1061 in
906 1019 1093 1074 magna
1123 1014 1235 1058 erat
1264 1003 1565 1056 afﬂictione.
1597 1002 1787 1068 Viginti
1819 1002 1957 1053 enim
1986 999 2171 1053 diebus
2202 1001 2370 1065 ingre-

818 1096 970 1151 diens
999 1109 1093 1163 per
1120 1092 1477 1156 solitudinem,
1505 1101 1560 1146 ut
1588 1091 1854 1153 existimo,
1887 1089 2015 1143 nihil
2042 1089 2257 1143 omnino
2278 1101 2372 1155 gu-

816 1183 993 1248 stavit,
1027 1192 1082 1235 ut
1107 1183 1264 1236 etiam
1291 1196 1379 1234 res
1406 1180 1655 1234 Ostendit.
1701 1176 1948 1232 Fortasse
1978 1186 2152 1230 autem
2201 1185 2372 1227 tenta-

820 1272 972 1325 batur
992 1286 1200 1339 quoque
1224 1271 1578 1324 intolerantia.
1605 1270 1806 1323 Etcum
1828 1271 1932 1334 jam
1958 1282 2137 1335 parum
2162 1266 2371 1319 abesset

815 1363 943 1429 quin
975 1361 1344 1425 collaberetur,
1364 1362 1475 1412 visa
1499 1372 1576 1413 est
1605 1362 1650 1412 ei
1675 1360 1911 1425 qua-dam
1938 1359 2122 1426 puella:
2143 1359 2373 1425 speciem

818 1467 925 1521 prze
955 1468 1014 1507 se
1045 1453 1219 1507 ferens
1241 1493 1256 1516 ,
1288 1464 1344 1506 ut
1372 1454 1485 1520 ipse
1522 1454 1801 1517 narrabat,
1826 1454 2016 1507 munda
2054 1454 2191 1507 linea
2232 1465 2376 1506 veste

821 1545 1003 1597 induta
1032 1553 1085 1597 et
1106 1556 1289 1598 tenens
1315 1561 1497 1598 urnam
1529 1561 1660 1613 aqua
1691 1546 1979 1599 stillantem
2009 1561 2023 1597 :
2050 1560 2206 1614 quam
2235 1547 2377 1598 dice-

822 1636 914 1689 bat
954 1636 1210 1689 Macarius
1247 1636 1483 1689 abfuisse
1509 1637 1577 1688 ab
1606 1651 1669 1689 eo
1696 1638 1907 1689 circiter
1937 1652 2094 1689 unum
2126 1637 2371 1690 stadium.

820 1725 920 1791 Qui
952 1735 1056 1779 tres
1082 1725 1196 1778 dies
1222 1725 1487 1793 ingressus
1514 1735 1593 1779 eSt
1620 1742 1735 1779 eam
1766 1727 1947 1780 videns
1967 1741 2084 1779 cum
2110 1742 2236 1778 urna
2263 1737 2378 1779 tan-

820 1829 979 1882 quam
1010 1824 1268 1877 stantem,
1300 1823 1351 1867 et
1381 1829 1500 1867 eum
1536 1825 1907 1874 provocantem
1929 1857 1943 1879 ,
1978 1832 2081 1869 non
2116 1817 2375 1868 valentem

2470 639 2551 683 est
2576 644 2724 697 ergo.
2758 630 2891 682 Cum
2916 639 3087 681 autem
3114 627 3453 695 prmteriisset
3477 627 3800 694 aliquantum
3828 634 4054 690 tempo-

2468 718 2561 781 ris,
2609 718 2823 771 advenit
2870 718 3306 786 quadragesima;
3352 725 3404 771 et
3426 717 3556 771 vidit
3578 731 3741 770 senex
3771 717 4049 769 Macarius

2471 825 2892 878 unumquemque
2914 810 3209 877 suscepisse
3261 809 3497 863 diversas
3519 810 3723 862 vivendi
3757 810 4003 862 rationes
4036 828 4049 863 :

2468 898 2629 952 alium
2658 899 2867 966 quidem
2911 899 3193 953 comedere
3239 914 3490 965 vespere,
3534 899 3692 952 alium
3742 915 3871 953 vero
3919 913 4055 967 post

2470 987 2603 1041 duos
2628 989 2765 1054 dies,
2797 991 2960 1042 alium
3000 999 3120 1057 post
3146 991 3411 1057 quinque;
3441 991 3600 1042 alium
3644 998 3786 1042 stare
3836 1004 3931 1055 per
3966 1001 4057 1041 to-

2472 1088 2576 1133 tam
2610 1088 2844 1145 noctein,
2878 1081 3108 1135 interdiu
3136 1095 3263 1133 vero
3283 1081 3475 1134 sedere
3505 1082 3570 1133 ad
3598 1095 3752 1147 opus.
3798 1080 3914 1146 Ipse
3960 1095 4060 1133 au-

2475 1178 2579 1222 tem
2603 1184 2720 1223 cum
2750 1171 2952 1238 aliquot
2979 1173 3163 1238 palma:
3192 1184 3368 1223 ramos
3388 1172 3487 1224 sibi
3522 1170 3918 1233 madefecisset,
3943 1183 4060 1223 ste-

2474 1261 2536 1314 tit
2566 1261 2617 1312 in
2645 1275 2750 1313 uno
2781 1262 2991 1327 angulo,
3024 1272 3076 1312 et
3106 1262 3278 1313 donec
3317 1260 3666 1327 quadraginta
3694 1260 3809 1313 dies
3840 1260 4058 1326 impleti

2475 1359 2675 1411 essent,
2704 1358 2758 1401 et
2783 1348 3085 1401 advenisset
3114 1348 3313 1401 Pascha
3340 1387 3354 1413 ,
3385 1363 3488 1401 non
3538 1350 3768 1417 sumpsit
3818 1362 4022 1415 panem
4042 1390 4056 1410 ,

2475 1453 2579 1490 non
2610 1453 2820 1505 aquam,
2848 1454 2950 1491 non
2980 1453 3121 1505 genu
3152 1439 3321 1501 ﬂexit,
3345 1454 3449 1491 non
3469 1439 3625 1501 sedit,
3647 1453 3750 1492 non
3773 1439 4059 1500 accubuit,

2477 1527 2606 1579 nihil
2629 1527 2772 1579 aliud
2800 1527 3033 1594 gustavit
3062 1535 3254 1593 praster
3294 1541 3457 1593 pauca
3488 1527 3651 1580 cruda
3681 1527 3935 1581 crambes
3969 1526 4057 1579 fo-

2477 1618 2566 1682 lia,
2593 1633 2707 1684 quas
2733 1616 2976 1670 sumebat
3005 1617 3089 1669 die
3112 1616 3406 1681 Dominico,
3434 1625 3489 1668 ut
3511 1616 3782 1670 videretur
3804 1618 4063 1671 comede-

2481 1721 2560 1772 re,
2591 1714 2645 1758 et
2675 1720 2777 1758 non
2809 1706 3067 1758 incideret
3099 1706 3151 1757 in
3182 1713 3525 1771 arrogantem
3564 1705 3630 1758 de
3656 1719 3713 1758 se
3742 1710 4062 1771 persuasio-

2482 1810 2632 1858 nem;
2661 1804 2714 1848 et
2742 1796 2785 1848 si
2812 1794 3025 1863 quando
3065 1794 3437 1863 egrediebatur
3463 1794 3529 1847 ad
3554 1794 3752 1862 aliquid
3783 1809 4049 1847 necessa-

821 1919 939 1958 eam
969 1904 1176 1971 assequi
1204 1922 1216 1955 ε
1249 1918 1343 1973 spe
1366 1911 1541 1956 autem
1574 1904 1805 1969 bibendi,
1830 1906 1981 1958 "ium
2005 1906 2207 1960 dictum
2235 1908 2377 1959 mm,
2412 1883 2453 1939 Β
2484 1890 2642 1954 rium,
2676 1890 2783 1943 cito
2813 1902 2997 1942 rursus
3027 1888 3349 1956 ingrediens,
3382 1888 3557 1940 stabat
3588 1887 3651 1938 ad
3682 1901 3837 1954 opus,
3858 1901 3920 1939 os
3950 1903 4060 1939 nun

824 2009 937 2048 rem
971 1996 1173 2048 fortiter
1206 1997 1472 2050 sustinuit.
1508 1995 1786 2061 Postquam
1818 1998 2060 2065 apparuit
2101 1998 2380 2050 multitudo

822 2084 1155 2149 bubalarum,
1180 2084 1460 2163 exquibus
1497 2099 1600 2137 una
1627 2088 1774 2139 stetit
1793 2097 1858 2139 ex
1886 2086 2109 2138 adverso
2136 2084 2250 2153 ejus
2284 2087 2379 2137 ha-

823 2174 955 2229 bens
986 2175 1239 2236 vitulum;
1279 2186 1399 2228 sunt
1427 2176 1568 2229 enim
1616 2176 1797 2229 multa:
1824 2179 1875 2229 in
1906 2177 2012 2229 illis
2052 2177 2199 2229 locis.
2236 2178 2299 2230 Et
2328 2187 2383 2229 ut

820 2264 1028 2319 dicebat
1065 2264 1215 2319 nobis
1255 2264 1531 2329 Macarius,
1563 2267 1693 2319 uber
1731 2265 1845 2334 ejus
1886 2267 2021 2319 lacte
2059 2265 2286 2331 ﬂuebat,
2330 2276 2383 2319 et

825 2355 1055 2424 desuper
1079 2355 1258 2409 sonuit
1279 2370 1379 2410 vox
1414 2356 1464 2410 ei
1493 2357 1676 2411 dicens
1707 2372 1721 2409 :
1747 2357 1958 2423 Macari,
1988 2356 2179 2410 accede
2205 2357 2268 2410 ad
2297 2358 2385 2410 bu-

823 2444 995 2499 balam
1017 2484 1033 2510 ,
1063 2457 1116 2500 et
1146 2446 1363 2498 lactare.
1390 2446 1517 2499 Cum
1544 2460 1670 2515 ergo
1691 2486 1706 2511 ,
1736 2446 1937 2513 inquit,
1970 2445 2036 2499 ad
2062 2460 2176 2499 eam
2207 2460 2386 2499 acet-s-

824 2537 1017 2591 sissem
1062 2547 1114 2590 et
1157 2536 1381 2590 laetatus
1424 2552 1629 2602 essem,
1658 2537 1785 2590 mihi
1836 2536 2058 2590 suffecit.
2102 2535 2170 2591 Ut
2210 2547 2384 2591 autem

825 2625 1079 2692 majorem
1109 2626 1330 2694 gratiam
1360 2626 1662 2680 ostenderet
1684 2626 1956 2691 Dominus,
1984 2627 2181 2681 docens
2211 2641 2382 2680 meam

826 2715 1159 2783 parvitatem,
1174 2715 1327 2783 jubet
1349 2715 1591 2769 bubalam
1615 2731 1699 2771 me
1719 2716 1869 2785 sequi
1898 2732 2064 2785 usque
2084 2716 2150 2769 ad
2176 2718 2387 2770 cellam.

828 2803 918 2859 Illa
950 2819 1074 2858 vero
1106 2820 1292 2873 parens
1312 2805 1481 2874 jussui
1515 2814 1696 2860 secuta
1741 2815 1855 2872 est,
1892 2821 1977 2860 me
2020 2806 2232 2876 quidem
2278 2807 2390 2860 lac-

830 2903 984 2960 tans,
1014 2909 1165 2948 suum
1196 2904 1373 2949 autem
1416 2909 1519 2950 non
1549 2896 1828 2950 admittens
1865 2897 2107 2951 vitulum.

903 2983 1198 3051 Aliquando
1223 2999 1407 3038 rursus
1431 2999 1550 3037 cum
1582 2994 1791 3052 puteum
1825 2983 2028 3037 foderet
2059 2984 2146 3038 hic
2172 2984 2252 3037 vir
2283 2984 2390 3037 vir-

836 3082 947 3128 tute
984 3076 1236 3143 prasditus
1258 3118 1272 3141 ,
1312 3075 1378 3130 ad
1420 3077 1735 3131 recreandos
1774 3078 2058 3130 monachos
2095 3076 2180 3145 (is
2216 3086 2393 3130 autem

836 3173 951 3218 erat
977 3180 1140 3233 prope
1169 3166 1291 3218 folia
1323 3175 1375 3219 et
1404 3178 1666 3218 sarmenta
1712 3166 1820 3219 illic
1849 3165 2049 3233 posita)
2078 3179 2285 3218 morsus
2316 3173 2397 3219 est

2484 1981 2749 2048 aperiens,
2780 1980 2871 2034 sed
2896 1991 3044 2033 stans
3066 1979 3296 2044 silentio,
3332 1977 3459 2029 nihil
3500 1976 3642 2030 aliud
3672 1977 3873 2029 faciens
3918 1991 4060 2041 pne-

2484 2081 2720 2141 terquam
2749 2072 3019 2125 silentium
3051 2070 3101 2122 in
3134 2069 3294 2123 corde
3320 2082 3599 2129 exercens,
3624 2078 3677 2121 et
3705 2067 3905 2120 faciens
3936 2080 4062 2118 ora-

2486 2164 2710 2224 tionem,
2741 2170 2795 2214 et
2826 2174 3005 2213 ramos
3034 2159 3220 2227 palmae
3269 2172 3496 2227 operans
3542 2170 3677 2226 quos
3721 2156 3956 2209 habebat
4008 2157 4061 2207 in

2483 2252 2747 2307 manibus.
2780 2252 2908 2305 Cum
2944 2259 3120 2303 autem
3153 2251 3265 2304 haec
3292 2249 3549 2303 vidissent
3573 2262 3761 2301 omnes
3783 2246 4060 2302 exercita-

2486 2351 2628 2397 tores
2659 2343 2801 2395 illius
2829 2341 3157 2402 monasterii,
3184 2339 3499 2394 seditiOuem
3525 2340 3831 2392 excitarunt
3858 2338 4055 2391 adver-

2485 2448 2574 2487 sus
2601 2448 2752 2486 suum
2783 2430 3085 2501 praefectum
3109 2448 3121 2483 :
3148 2429 3420 2485 Undenam
3444 2429 3594 2483 nobis
3615 2428 3881 2481 adduxisti
3914 2428 4059 2482 hunc

2494 2525 2760 2579 hominem
2790 2524 2907 2578 sine
2932 2537 3093 2577 carne
3112 2521 3177 2574 ad
3202 2522 3367 2574 nostri
3389 2520 3922 2575 condemnationem?
3952 2522 4057 2573 Aut

2492 2631 2613 2671 eum
2642 2616 2766 2668 hinc
2792 2614 2948 2681 cjice,
2981 2624 3093 2678 aut,
3126 2623 3181 2666 ut
3206 2612 3365 2678 scias,
3396 2628 3492 2666 nos
3521 2628 3706 2666 omnes
3737 2612 3860 2665 hinc
3899 2626 4057 2666 rece-

2491 2708 2683 2761 dimus.
2715 2708 2845 2762 Cum
2879 2709 2991 2762 hate
3019 2718 3196 2762 autem
3218 2724 3244 2759 a
3272 2706 3526 2763 fratribus
3546 2708 3805 2762 audiisset
3834 2720 4063 2776 magnus

2493 2798 2839 2863 Pachomius,
2873 2798 2941 2853 de
2969 2813 3034 2853 eo
3054 2809 3135 2853 est
3166 2799 3485 2852 sciscitatus.
3519 2797 3585 2851 Et
3612 2812 3732 2851 cum
3782 2797 4062 2851 didicisset

2497 2891 2615 2961 ejus
2646 2893 2763 2946 vita:
2790 2890 3008 2959 agenda:
3050 2892 3330 2953 rationem,
3380 2890 3539 2943 Deum
3570 2889 3772 2958 rogavit
3796 2899 3853 2942 ut
3892 2890 3942 2943 ei
3977 2905 4061 2942 re-

2493 2984 2752 3037 velaretur
2784 2984 3021 3048 quisnam
3047 2984 3135 3037 sit.
3175 2981 3489 3035 Revelatum
3517 2989 3601 3035 est
3633 2991 3809 3034 autem
3844 2981 3894 3034 ei
3940 2995 4063 3034 eum

2494 3092 2612 3133 esse
2641 3078 2921 3131 Macarium
2972 3075 3311 3129 monachum.
3357 3074 3507 3128 Tunc
3538 3073 3653 3139 ejus
3694 3087 3908 3126 manum
3946 3087 4061 3139 pre-

2498 3166 2677 3225 hendit
2705 3180 2921 3235 magnus
2952 3165 3289 3227 Pachomius,
3324 3172 3378 3217 et
3420 3178 3540 3216 eum
3573 3164 3713 3216 foras
3758 3161 3970 3227 educit;
4016 3170 4064 3216 et

837 3254 902 3307 ab
932 3253 1113 3322 aspide
1143 3255 1262 3324 (est
1311 3265 1484 3310 autem
1517 3266 1830 3309 venenatum
1868 3266 1918 3309 et
1949 3257 2229 3309 exitiosum
2282 3245 2463 3307 ani—C
2495 3271 2614 3311 cum
2668 3256 2974 3309 deduxisset
3026 3255 3079 3308 in
3134 3253 3350 3306 domum
3414 3252 3635 3305 oratorii
3681 3252 3771 3305 ubi
3816 3261 3901 3307 cst
3949 3267 4063 3318 ara,

843 3346 1002 3413 mal),
1030 3348 1210 3400 ambas
1267 3344 1444 3400 fauces
1491 3347 1685 3415 aspidis
1739 3348 2141 3413 apprehendens
2183 3355 2395 3400 sanctus

840 3434 1095 3487 ambabus
1122 3434 1359 3488 manibus
1380 3477 1395 3501 ,
1428 3449 1544 3488 eam
1574 3435 1887 3502 discerp~it,
1920 3435 2101 3489 dicens
2136 3450 2149 3487 :
2183 3436 2314 3489 Cum
2347 3445 2397 3488 te

839 3536 943 3575 non
970 3524 1199 3576 misisset
1248 3523 1499 3578 Dominus
1529 3538 1707 3589 meus,
1738 3526 2000 3593 quomodo
2028 3524 2090 3578 ad
2128 3540 2212 3578 me
2240 3539 2399 3578 ausus

841 3626 901 3666 es
930 3614 1221 3667 accedere?

917 3702 1043 3757 Cum
1075 3704 1189 3771 ipse
1220 3719 1403 3757 rursus
1429 3718 1650 3773 magnus
1687 3704 1939 3758 audiisset
1967 3704 2220 3758 Macarius
2262 3705 2399 3774 quod

843 3792 1102 3848 haberent
1144 3794 1452 3863 praclarum
1487 3798 1606 3849 vit.e
1647 3796 1936 3849 institutum
1978 3796 2401 3862 Tabcnnesiotze,

843 3894 988 3939 veste
1007 3894 1223 3950 mutata,
1255 3894 1310 3939 et
1347 3895 1617 3952 assumpto
1650 3886 1914 3939 nmndauo
1944 3889 2121 3939 habitu
2152 3890 2401 3954 operarii,

845 3975 1014 4043 spatio
1051 3976 1354 4045 quindecim
1401 3978 1603 4031 dierum
1655 3979 1894 4046 pervenit
1936 3979 2290 4040 Thebaidem,
2326 3980 2403 4032 in-

844 4081 1053 4136 gressus
1081 4083 1171 4133 per
1191 4068 1551 4121 solitudinem.
1579 4069 1780 4121 Etcum
1806 4069 2042 4124 venisset
2068 4070 2119 4122 in
2148 4079 2401 4123 monaste-

844 4161 979 4209 rium
1012 4155 1538 4223 Tubemtesiularum,
1564 4161 1770 4225 quzesiit
1798 4173 1981 4212 eorum
2012 4159 2401 4212 archimandri-

845 4252 975 4305 tam,
1007 4249 1219 4297 nomine
1243 4245 1598 4308 Pachomium,
1629 4246 1800 4300 virum
1826 4248 2278 4313 probatissimum.
2308 4250 2401 4315 qui

845 4342 897 4385 et
922 4332 1143 4400 gratiam
1174 4334 1400 4387 habebat
1438 4336 1795 4401 pr0pheticam
1842 4334 1954 4405 (De
1988 4352 2044 4387 ιο
2083 4337 2252 4403 infra,
2287 4353 2403 4399 cap.

846 4420 989 4491 58),
1023 4425 1107 4477 cui
1138 4424 1346 4491 quidem
1393 4434 1576 4477 sancto
1615 4435 1739 4481 tunc
1779 4427 2040 4480 revelatus
2084 4442 2187 4479 non
2235 4425 2407 4480 fuerat

848 4526 1067 4579 magnus
1099 4511 1373 4565 Macarius.
1399 4511 1527 4565 Cum
1558 4528 1685 4581 ergo
1720 4529 1838 4567 eum
1882 4516 2253 4581 convenisset,
2284 4516 2408 4569 dicit

2498 3353 2551 3399 et
2572 3356 2712 3399 esset
2737 3348 3044 3413 amplexus,
3075 3346 3123 3399 ei
3170 3346 3299 3400 dicit
3336 3362 3350 3399 :
3404 3346 3667 3399 Adesdum
3693 3384 3709 3410 ,
3761 3346 4064 3400 venerande

2499 3452 2683 3492 senex.
2707 3439 2783 3491 Tu
2807 3453 2863 3491 es
2890 3440 3159 3501 Macarius,
3178 3446 3231 3493 et
3252 3454 3337 3491 me
3366 3438 3413 3491 id
3439 3438 3644 3493 celasti.
3674 3439 3848 3493 uultis
3873 3440 4066 3493 abhinc

2500 3533 2651 3583 annis
2680 3531 2815 3596 cupii
2849 3538 2902 3583 te
2930 3531 3110 3583 videre
3155 3543 3273 3582 cum
3314 3529 3381 3581 de
3419 3538 3469 3582 te
3515 3530 3773 3581 audirem.
3808 3531 3924 3595 Ago
3973 3528 4063 3584 tibi

2502 3623 2719 3689 gratias,
2752 3620 2891 3687 quod
2923 3620 3057 3673 ﬁlios
3088 3634 3238 3673 meos
3282 3620 3575 3685 subegeris,
3596 3634 3664 3672 ne
3705 3633 3763 3672 se
3786 3618 3990 3686 jactent
4021 3629 4067 3674 et

2505 3711 2779 3778 magnifice
2803 3710 3229 3772 circumspiciant
3279 3718 3492 3777 prol-ter
3538 3722 3684 3760 suam
3731 3709 4066 3761 exercitatio-

2506 3816 2646 3855 nem.
2684 3800 2829 3866 Rogo
2856 3815 2983 3867 ergo
3015 3811 3083 3865 te,
3108 3799 3300 3853 recede
3330 3802 3377 3850 in
3404 3801 3465 3852 lo
3488 3815 3573 3851 um
3601 3809 3768 3860 tuum,
3795 3812 3895 3852 nos
3923 3800 4063 3851 enim

2504 3895 2631 3945 satis
2659 3893 2951 3954 :edificasti,
2971 3903 3020 3943 et
3050 3906 3140 3943 ora
3172 3906 3267 3957 pro
3295 3891 3466 3943 nobis.
3502 3890 3651 3944 Tunc
3679 3891 3744 3942 ab
3774 3890 3891 3956 ipso
3919 3904 4065 3954 roga-

2509 3991 2607 4046 tus,
2634 3992 2686 4034 et
2714 3996 2833 4033 cum
2857 3981 3105 4033 omnibus
3133 3979 3382 4033 fratribus
3403 3980 3695 4042 orantibus,
3713 3979 3791 4032 sic
3822 3981 4063 4032 recessit.

2606 4070 2907 4139 Aliquando
3004 4083 3197 4123 rursus
3300 4067 3532 4120 narravit
3562 4068 3717 4120 nobis
3746 4066 3833 4119 hic
3863 4067 3945 4119 vir
3975 4068 4066 4119 im-

2507 4163 2741 4229 patibilis
2772 4180 2784 4213 :
2810 4160 3028 4225 Quando
3059 4169 3203 4213 recte
3231 4160 3514 4227 gessissem
3546 4173 3756 4211 omnem
3802 4160 3928 4211 vita-
3955 4174 4066 4210 mo-

2514 4251 2732 4304 nasticae
2785 4251 3001 4317 agenda:
3036 4249 3325 4309 rationem,
3358 4259 3480 4300 tunc
3507 4247 3624 4301 veni
3653 4247 3716 4299 ad
3746 4247 3889 4299 aliud
3918 4247 4066 4313 spiri-

2510 4342 2613 4393 tale
2662 4340 3005 4392 desiderium.
3053 4339 3219 4392 Statui
3274 4338 3415 4389 enim
3465 4337 3697 4402 quinque
3743 4335 3855 4387 dies
3903 4337 4066 4387 solum

2510 4438 2742 4483 mentem
2775 4444 2945 4480 meam
2979 4429 3045 4479 ita
3076 4438 3399 4491 componere
3423 4466 3437 4489 ,
3471 4436 3526 4477 ut
3556 4440 3582 4475 a
3627 4424 3734 4476 Deo
3773 4423 3927 4477 avelli
3969 4438 4065 4475 non

2510 4529 2708 4585 posset,
2733 4528 2785 4569 et
2815 4517 2941 4568 nihil
2982 4515 3122 4568 aliud
3166 4515 3383 4567 omnino
3424 4513 3699 4579 cogitaret.
3746 4510 3813 4563 Et
3851 4525 3970 4563 cum
4020 4512 4065 4564 id

847 4606 895 4659 ei
943 4607 1201 4663 Macarius
1258 4624 1272 4661 :
1321 4608 1426 4662 Oro
1456 4615 1525 4674 te,
1552 4610 1757 4675 suscipe
1793 4624 1897 4676 me,
1927 4624 2127 4677 quaiso,
2158 4611 2208 4663 in
2261 4620 2403 4662 tuum
2432 4601 2485 4662 Ι)
2509 4608 2643 4675 apud
2673 4622 2755 4660 me
2803 4607 3135 4666 statuissem,
3164 4602 3329 4656 clausi
3376 4616 3547 4655 meam
3594 4599 3781 4653 cellam
3809 4609 3862 4653 et
3903 4600 4065 4652 aulam

849 4698 1264 4763 monasterium,
1294 4707 1345 4750 ut
1392 4698 1510 4751 ﬂam
1542 4701 1852 4752 monachus.
1906 4699 2040 4754 Dicit
2096 4701 2143 4753 ei
2188 4714 2408 4767 magnus

851 4783 1164 4841 Pachomius
1194 4806 1205 4838 :
1239 4789 1350 4841 Non
1382 4798 1530 4856 potes
1557 4789 1808 4856 deinceps
1838 4789 1951 4843 fieri
1979 4792 2269 4843 monachus
2316 4792 2406 4858 qui

849 4879 923 4932 sis
950 4890 1052 4931 tam
1079 4889 1356 4946 provectus
1380 4889 1553 4942 aetate,
1582 4895 1683 4933 non
1712 4892 1859 4945 potes
1889 4888 1939 4933 te
1964 4895 2249 4935 exercere:
2284 4891 2411 4935 sunt

851 4968 1038 5022 fratres
1070 4970 1155 5034 qui
1185 4983 1243 5023 se
1269 4981 1514 5023 exercent
1542 4984 1569 5021 a
1594 4970 1869 5037 juventute
1891 5012 1904 5034 ,
1939 4980 1992 5025 et
2018 4970 2253 5025 laborem
2284 4972 2411 5023 tole-

852 5069 989 5111 rant.
1021 5059 1097 5112 Tu
1122 5067 1296 5113 autem
1328 5062 1378 5112 in
1408 5061 1503 5112 hac
1536 5069 1691 5112 :etate
1723 5074 1825 5111 non
1870 5069 2022 5127 potes
2051 5059 2188 5113 ferre
2233 5068 2407 5113 tenta-

854 5149 1028 5203 tiones
1057 5149 1465 5201 exercitationis.
1498 5150 1813 5212 Uffenderis,
1843 5157 1897 5202 et
1924 5149 2127 5215 exibis,
2158 5157 2212 5203 et
2257 5153 2410 5203 nobis

854 5240 1157 5294 maledices.
1184 5238 1361 5307 Neque
1382 5257 1501 5293 cum
1525 5242 1725 5308 accepit
1750 5255 1846 5294 nec
1878 5243 2049 5309 primo
2078 5242 2185 5305 die,
2209 5256 2307 5295 nec
2328 5256 2410 5295 se-

852 5330 1024 5383 cundo
1055 5344 1217 5399 usque
1245 5331 1307 5383 ad
1338 5339 1541 5397 septem
1566 5332 1693 5383 dies.
1730 5332 1820 5385 llle
1852 5345 1977 5384 vero
2004 5330 2100 5385 fuit
2122 5340 2370 5385 constans
2390 5371 2408 5397 ,

856 5434 1076 5473 manens
1118 5420 1343 5486 jejunus.
1380 5422 1563 5475 Postea
1593 5430 1767 5474 autem
1799 5420 1924 5474 dicit
1953 5421 1999 5475 ei
2029 5436 2190 5476 senex
2235 5421 2408 5475 Maca-

852 5512 964 5565 rius
1000 5528 1013 5565 :
1038 5510 1256 5578 Suscipe
1284 5527 1384 5576 me,
1413 5513 1576 5578 abba,
1608 5522 1663 5565 et
1690 5512 1790 5565 nisi
1816 5511 2124 5583 jejunavero
2153 5521 2206 5565 et
2237 5511 2412 5567 fecero

850 5617 913 5656 ea
934 5617 1049 5671 quae
1078 5604 1173 5669 ipsi
1204 5618 1386 5671 opera,
1412 5604 1541 5672 jube
1572 5618 1654 5657 me
1677 5604 1794 5670 ejici
1822 5619 1887 5657 ex
1917 5608 2259 5659 monasterio.
2286 5606 2415 5660 Per-

853 5695 1041 5750 suadet
1070 5695 1316 5749 fratribus
1345 5711 1565 5764 magnus
1592 5696 1908 5750 Pachomius
1951 5706 2005 5750 ut
2046 5714 2165 5751 eum
2212 5698 2406 5752 admit-

856 5794 984 5841 tant.
1020 5786 1111 5843 Est
1149 5798 1321 5843 autem
1362 5789 1514 5841 unius
1553 5787 1854 5842 monasterii
1895 5796 2186 5842 conventus
2211 5831 2226 5856 ,
2267 5788 2410 5844 mille

2512 4696 2869 4758 extrinsecus,
2902 4702 2957 4745 ut
2986 4691 3111 4744 nulli
3154 4690 3333 4743 darem
3368 4703 3699 4755 respou~um.
3735 4686 3801 4740 Et
3844 4689 3965 4741 steti
3992 4688 4067 4740 in-

2513 4786 2713 4852 cipiens
2755 4798 2782 4835 a
2821 4782 3053 4835 secunda
3117 4791 3170 4833 et
3199 4780 3361 4833 menti
3392 4794 3524 4832 mete
3566 4779 3881 4846 praecipiens
3901 4819 3914 4841 ,
3945 4789 3995 4832 et
4022 4780 4065 4832 ei

2514 4878 2696 4929 dicens
2725 4891 2741 4929 :
2776 4874 2906 4927 Vide
2930 4888 2993 4926 ne
3022 4870 3311 4925 descendas
3336 4869 3402 4922 de
3428 4868 3598 4922 ccelis.
3639 4867 3811 4921 Habes
3838 4868 4064 4936 angelos,

2515 4969 2880 5039 archangelos,
2908 4983 3093 5024 omnes
3119 4981 3374 5035 supernas
3397 4974 3701 5035 potestates,
3726 4964 3996 5017 cherubim
4018 4971 4065 5014 et

2513 5059 2813 5125 seraphim,
2866 5058 3026 5111 Deum
3075 5057 3260 5109 horum
3312 5055 3545 5110 omnium
3598 5052 3931 5107 effectorem.
3962 5051 4062 5104 Illic

2512 5166 2745 5213 versare,
2778 5165 2844 5205 ne
2887 5150 2985 5203 sub
3028 5150 3191 5203 ctelos
3221 5146 3579 5211 descenderis,
3613 5158 3679 5198 ne
3722 5142 3969 5197 incideris
4014 5142 4062 5194 in

2515 5244 2806 5296 mundanas
2832 5242 3193 5310 cogitationes.
3224 5238 3353 5292 Cum
3380 5239 3512 5291 duos
3535 5245 3733 5299 autem,
3752 5234 3939 5302 inquit.
3958 5235 4066 5286 dies

2514 5343 2567 5387 et
2588 5334 2717 5385 duas
2760 5344 2941 5384 noctes
2965 5340 3383 5398 perseverassem
3405 5368 3417 5387 ,
3439 5328 3507 5380 ita
3533 5324 3731 5378 irritavi
3754 5326 4061 5383 daemonem,

2519 5436 2573 5477 ut
2598 5425 2708 5493 ipse
2735 5426 2883 5477 fieret
2914 5422 3119 5474 ﬂamma
3146 5421 3300 5486 ignis,
3324 5427 3377 5469 et
3403 5417 3741 5469 combureret
3764 5413 3938 5466 omnia
3960 5426 4063 5477 quae

2522 5514 2779 5567 habebam
2812 5512 2861 5565 iu
2888 5511 3041 5572 cella,
3073 5510 3206 5562 adeo
3236 5516 3293 5561 ut
3328 5508 3486 5561 etiam
3515 5513 3717 5567 storea,
3741 5517 3895 5570 supra
3920 5516 4061 5568 quam

2517 5605 2741 5666 stabam,
2774 5604 2892 5670 igne
2920 5601 3156 5665 arderet,
3183 5608 3238 5653 et
3292 5598 3369 5651 sic
3413 5612 3499 5649 me
3546 5608 3757 5662 quoque
3808 5592 4059 5645 existima.

2518 5714 2630 5751 rem
2654 5706 2818 5750 totum
2840 5694 3183 5763 conﬂagrare.
3209 5691 3440 5745 Tandem
3466 5690 3655 5741 timore
3678 5687 3898 5739 affectus
3922 5684 4062 5738 tertio

2517 5790 2604 5845 die
2632 5787 2809 5845 destiti
2839 5788 2906 5843 ab
2936 5787 3037 5842 hoc
3069 5784 3339 5856 proposito
3360 5820 3376 5847 ,
3408 5794 3529 5835 cum
3570 5792 3673 5833 non
3716 5790 3924 5847 possem
3963 5790 4061 5827 am-
