4258 6358
232 385 375 451 1057

1460 367 1822 434 HISTORIA
1862 369 2254 433 LAUSIACA.

3355 359 3486 424 1058

226 499 445 571 καρπδν
469 496 608 570 ῥοῶν
629 495 731 550 οὒκ
764 491 1001 565 ἐχουσῶν
1038 490 1185 578 ενξον
1204 488 1388 578 ,οὐδέν’
1418 486 1811 578 ὲξ”ὶραντο-Υάρ
1838 491 1886 547 Α
1914 516 2011 568 γου
2041 504 2292 576 ἐπέστηὴ
2319 504 2361 560 Τ
2364 504 2760 578 εσσαρακοστή.
2793 499 2903 553 Kal
2922 498 3028 551 ῐδεν
3048 497 3077 550 6
3091 492 3272 578 γέρων
3292 493 3484 547 Μακάι

228 570 341 640 ὐπδ
368 583 461 638 τοῦ
489 582 660 653 ἡλίου.
718 578 1035 651 Ἀταράχως
1078 570 1172 629 οὖν
1200 573 1409 627 ἐκεῖθεν
1446 575 1806 644 ἀναχωρήσας

229 675 261 724 6
287 673 442 737 ἆγιος
482 669 569 719 διά
601 667 771 718 εἰκοσι
804 662 1026 733 ἡμερῶν
1061 658 1403 730 ὑπέστρεψεν
1442 659 1523 719 εἰς
1550 656 1646 726 τὴν
1677 656 1806 707 ἐαυ-

230 756 329 809 τοῦ
364 756 583 809 κέλλαν.

319 837 739 894 Ἐκλελοιπότων
783 835 839 886 δέ
876 832 985 886 τῶν
1022 833 1202 902 ἄρτων
1247 832 1337 883 καὶ
1382 830 1475 883 τοῦ
1508 829 1697 891 ὓδατος
1747 822 1808 881 οῦ

232 924 549 991 ἐπεφέρετο,
596 922 652 973 ἐν
705 918 872 988 πολλῇ
912 916 1230 985 περιστάσει
1283 915 1518 981 ἐγένετο.
1565 913 1652 964 Ἑν
1700 911 1807 980 γάρ

230 1010 354 1069 ταῖς
399 1008 631 1078 ἡμέραις
673 1002 908 1064 ἐκείναις
956 1000 1155 1053 ὁδεύων
1213 999 1308 1067 τὴν
1366 998 1588 1067 ἔρημον,
1626 995 1808 1065 σχεδὸν

229 1092 342 1145 οὐδ’
365 1092 501 1153 ὅλως
522 1088 801 1157 ἐγεύσατο.
852 1087 940 1147 Ὠς
966 1085 1023 1137 δέ
1056 1084 1116 1137 τὸ
1156 1085 1388 1154 πρᾶγμα
1417 1081 1638 1147 ἔδειξεν,
1669 1081 1809 1151 τάχα

232 1176 331 1228 καλ⁸
360 1175 437 1237 είς
460 1172 735 1241 ὑπομονὴν
770 1169 1111 1239 ἐπειράζετο.
1144 1168 1253 1219 Kal
1282 1166 1357 1228 ὠς
1386 1165 1552 1233 ἐγγὺς
1592 1164 1810 1231 ἐγένετο

230 1258 330 1312 τοῦ
364 1255 613 1317 ὀκλάσαι,
647 1254 801 1323 ῶφθη
826 1251 973 1322 αὐτῷ
1004 1267 1088 1312 τις
1140 1250 1198 1300 ἐν
1234 1249 1472 1319 σχήματι
1515 1248 1706 1317 κόρης,
1733 1247 1810 1308 ὡς

232 1342 398 1404 αὐτὸς
450 1340 769 1409 διηγήσατο,
836 1333 1082 1404 καθαράν
1128 1331 1320 1402 ὀθόνην
1374 1331 1652 1401 φέρουσα,
1715 1332 1809 1384 καὶ

234 1428 539 1495 κατέχουσα
582 1421 876 1475 καυκάλιον
922 1418 1106 1480 ὓδατος
1152 1416 1365 1479 στάζον.
1408 1416 1509 1467 Ἢν
1564 1415 1747 1483 ἔλεγεν
1784 1418 1813 1469 6

234 1510 523 1576 Μακάριος
572 1503 843 1576 μακρόθεν
887 1500 1051 1554 αὑτοῦ
1088 1494 1250 1561 εἷναι,
1280 1498 1356 1561 ὡς
1386 1498 1493 1551 ἀπὸ
1551 1499 1764 1551 σταδίου
1792 1515 1805 1531 θ

236 1593 332 1645 καὶ
362 1591 453 1643 ἐπί
494 1589 707 1658 ἡμέρας
754 1586 901 1656 τρεῖς
941 1583 1137 1636 ὥδευεν
1187 1581 1401 1651 βλέπων
1450 1582 1619 1651 αὐτὴν
1674 1581 1813 1651 μετὰ

236 1674 332 1727 τοῦ
362 1672 655 1726 καυκαλίου
702 1670 776 1732 ὡς
822 1668 1087 1733 ἑστῶσαν,
1113 1668 1207 1720 καὶ
1240 1664 1426 1718 τοῦτον
1477 1664 1812 1735 προσκαλου-

241 1758 412 1827 μένην
443 1773 456 1786 °
491 1752 823 1808 καταλαϐεῖν
849 1750 905 1803 δέ
935 1750 1121 1803 τοῦτον
1141 1748 1345 1818 ταύτην
1375 1748 1448 1818 μὴ
1477 1747 1771 1815 δυνάμενον
1793 1761 1810 1779 ’

1915 600 2029 654 ριος
2076 573 2302 641 ἕκαστον
2345 573 2631 659 διαφόρους
2672 584 2945 645 πολιτείας
2998 573 3355 643 ἀναλαϐόντα,
3398 578 3488 631 τὸν

1917 669 2015 737 μὲν
2062 670 2308 724 ἐσθίοντα
2358 671 2415 725 ἐν
2446 673 2673 743 ἑσπέρᾳ,
2727 668 2817 721 τὸν
2862 666 2919 719 δέ
2956 665 3043 718 διά
3076 664 3257 717 πέντε.
3294 661 3486 714 Ἀλλον

1915 754 2074 806 πάλιν
2106 754 2315 808 ἐστῶτα
2337 753 2423 809 διὰ
2452 756 2627 824 πάσης
2652 753 2843 815 νυκτός
2867 768 2878 781 ·
2908 750 3006 819 τὴν
3036 748 3091 800 δέ
3114 747 3325 816 ἡμέραν
3357 743 3489 797 καθ-

1914 835 2171 906 εζόμενον
2216 841 2294 903 είς
2342 839 2526 910 ἔργον.
2556 834 2722 900 Οῦτος
2769 834 2967 907 βρέξας
2996 832 3219 893 θαλλοὺς
3249 831 3373 892 τοὺς
3423 832 3486 882 ἐκ

1917 922 2173 988 φοινίκων
2200 925 2279 987 εἰς
2312 926 2533 993 πλῆθος,
2569 923 2698 993 έστη
2727 923 2784 974 ἐν
2814 921 2985 990 γωνίᾳ
3024 918 3123 987 μιᾷ
3174 914 3269 967 καὶ
3297 914 3488 983 μέχρις

1915 1001 1976 1059 οῦ
2024 1008 2079 1059 al
2133 1008 2539 1078 τεσσαράκοντα
2584 1006 2786 1077 ἡμέραι
2836 1000 3252 1073 ἐπληρώθησαν,
3298 999 3392 1050 καὶ
3429 999 3490 1049 τὸ

1916 1089 2108 1159 Πάσχα
2159 1093 2556 1160 παραγέγονεν,
2583 1092 2681 1143 οὑκ
2714 1091 2878 1161 ἄρτου
2903 1086 3115 1148 ἐλαϐεν,
3143 1083 3267 1137 οὔτε
3301 1082 3491 1143 ὓδατος

1915 1173 2110 1243 ἥψατο,
2139 1176 2200 1226 ού
2232 1175 2361 1241 γόνυ
2395 1175 2660 1246 ἔκαμψεν,
2689 1177 2788 1227 οὐκ
2817 1170 3108 1238 ἐκαθέσθη,
3142 1169 3241 1219 οὐκ
3292 1166 3493 1219 ἀνέπε-

1918 1273 2029 1321 σεν,
2055 1256 2267 1318 οὐδενὸς
2292 1257 2449 1310 ἄλλου
2478 1259 2759 1325 ἐγεύσατο,
2777 1253 3054 1325 παρεκτὸς
3080 1250 3294 1319 φύλλων
3313 1250 3494 1317 κράμ-

1918 1339 2017 1409 ϐης
2064 1339 2261 1407 ὀλίγων
2309 1340 2500 1410 ὠμῶν,
2533 1335 2607 1393 ὧν
2642 1339 2944 1409 ἐλάμϐανεν
3000 1336 3143 1388 κατά
3182 1333 3488 1403 Κυριακὴν,

1920 1426 2004 1476 ἵνα
2046 1422 2172 1493 δόξῃ
2220 1422 2442 1486 ἐσθίειν,
2480 1424 2574 1475 καὶ
2604 1422 2678 1493 μὴ
2703 1425 2782 1485 είς
2812 1421 2986 1491 οἴησιν
3028 1417 3265 1488 ἐμπέσῃ.
3297 1416 3405 1467 Kal
3443 1414 3497 1465 εἴ

1919 1523 2052 1560 ποτε
2083 1505 2359 1570 ἐξέϐαινεν
2390 1506 2468 1569 είς
2493 1506 2592 1575 τὴν
2614 1505 2802 1578 χρείαν
2836 1502 3051 1567 ἐαυτοῦ,
3090 1501 3283 1553 θᾶττον
3310 1496 3493 1549 εἰσιὼν

1919 1589 2104 1642 ἵστατο
2128 1590 2207 1650 είς
2238 1586 2415 1655 ἔργον,
2454 1588 2527 1658 μὴ
2556 1590 2787 1654 ἀνοίγων
2804 1586 2997 1655 στόμα,
3038 1584 3111 1653 μὴ
3130 1582 3367 1650 λαλήσα;
3414 1598 3491 1648 μη

1922 1670 2116 1740 μικρὸν
2144 1671 2220 1740 μὴ
2239 1670 2404 1739 μέγα,
2430 1670 2542 1722 ἀλλ’
2558 1668 2726 1731 ἐστὼς
2743 1668 2973 1731 ἐσιώπα,
3001 1666 3165 1735 μηδὲν
3180 1664 3306 1717 ἄλλο
3326 1658 3493 1713 ποιυῖν

1921 1754 2192 1822 παρεκτὸς
2222 1754 2319 1821 τῆς
2352 1755 2408 1805 ἐν
2430 1753 2625 1822 καρδίᾳ
2656 1751 2983 1823 προσευχῆς,
3016 1749 3109 1800 καὶ
3146 1746 3254 1798 τῶν
3285 1743 3494 1797 θαλλῶν

249 1840 343 1901 Ὦς
374 1839 466 1891 ἐπὶ
482 1838 589 1889 τῶν
623 1836 813 1905 ἱερέων
836 1834 930 1886 καὶ
961 1832 1069 1884 τῶν
1104 1831 1420 1901 μυστηρίων
1459 1832 1605 1882 ἐστιν
1638 1831 1764 1883 ἰδεῖν
1794 1847 1809 1861 ⁸
1846 1845 1889 1902 Β
1917 1832 1989 1891 ὧν
2004 1832 2153 1906 εῖχεν
2172 1836 2228 1888 ἐν
2256 1837 2374 1899 ταῖς
2398 1834 2603 1906 χερσίν.
2628 1833 2962 1902 Θεασάμενοι
2996 1829 3053 1882 δὲ
3082 1829 3269 1882 τοῦτον
3295 1829 3494 1889 πάντες

236 1925 307 1992 τῇ
338 1920 395 1973 δέ
422 1919 595 1972 ἐλπίδι
620 1915 715 1971 τοῦ
761 1918 904 1969 πιεῖν
943 1916 1033 1967 τὸν
1064 1916 1310 1984 κάματον
1344 1914 1451 1965 τῶν
1480 1913 1647 1983 τριῶν
1675 1915 1813 1983 ἡμε-

237 2006 353 2077 ρῶν
416 2001 806 2071 ὑπομείναντος
858 2002 923 2070 τῇ
961 1998 1211 2077 εὐτονίᾳ.
1277 1996 1409 2051 Μεθ’
1469 2000 1537 2068 ἣν
1572 1999 1812 2068 ἀνεφάνη

244 2075 451 2158 πλῆθος
498 2085 773 2156 βουδάλων
800 2100 814 2115 ο
865 2082 924 2148 ἐξ
949 2075 1022 2135 ὧν
1059 2081 1156 2150 μία
1204 2081 1403 2150 ἔχουσα
1436 2082 1633 2150 μόσχον
1683 2083 1813 2152 ἐστη

240 2174 533 2227 κατέναντι
581 2169 677 2223 τοῦ
708 2166 939 2239 μοναχοῦ
964 2166 1093 2236 (είσὶ
1126 2165 1234 2236 γάρ
1272 2167 1464 2220 πολλαὶ⁹
1498 2168 1558 2218 ἐν
1580 2167 1692 2228 τοῖς
1723 2165 1815 2218 τό-

242 2273 368 2319 ποις
399 2252 670 2315 ἐκείνοις).
708 2251 820 2305 Kal
860 2249 935 2313 ὡς
961 2249 1145 2317 ἔλεγεν
1175 2248 1203 2301 ό
1224 2245 1528 2319 Μακάριος,
1562 2248 1642 2301 ὅτι
1666 2246 1817 2320 ἔρρει

246 2341 418 2410 αὐτῆς
464 2338 524 2391 :6
579 2336 746 2406 οῦθαρ
785 2333 878 2388 τοῦ
910 2332 1199 2401 γάλακτος.
1335 2331 1697 2385 Ὑπεισελθὼν
1726 2327 1818 2387 οῦν

244 2423 379 2492 ἐγὼ,
432 2421 619 2492 φησὶν,
658 2419 753 2472 καὶ
796 2418 1056 2488 θηλάσας,
1114 2414 1411 2487 ἡρκέσθην.
1458 2416 1576 2471 Ἵνα
1629 2416 1687 2470 δὲ
1728 2417 1818 2470 ἐπὶ

246 2508 434 2561 πλεῖον
478 2505 625 2574 δείξῃ
656 2504 754 2572 τὴν
800 2500 992 2555 ἑαυτοῦ
1033 2501 1193 2571 χάριν
1234 2501 1263 2553 6
1298 2499 1519 2568 Κύριος,
1550 2502 1819 2554 παιδεύων

244 2594 346 2660 τὴν
372 2590 511 2659 ἐμὴν
541 2587 852 2656 ὀλιγότητα,
893 2583 1107 2636 κελεύει
1138 2583 1238 2653 τὴν
1279 2582 1535 2652 βούϐαλον
1564 2584 1669 2647 ἐως
1722 2585 1820 2653 τῆς

247 2674 445 2743 κέλλης
462 2668 819 2739 ἀκολουθῆσαί
841 2685 950 2738 μοι.
1000 2667 1065 2719 Ἢ
1091 2665 1147 2718 δέ
1168 2666 1243 2736 τῷ
1261 2667 1641 2737 προστάγματι
1670 2668 1822 2720 πειθ-

248 2759 541 2829 αρχήσασα
612 2753 895 2823 ἠκολούθει
945 2752 1046 2821 ἐμὲ
1118 2751 1216 2821 μὲν
1267 2751 1591 2822 θηλάζουσα,
1636 2751 1727 2805 τὸν
1765 2752 1821 2807 δέ

251 2842 455 2912 μόσχον
485 2838 654 2907 αὐτῆς
703 2836 777 2906 μὴ
814 2835 1100 2905 δεχομένη.

326 2922 549 2975 Ἀλλοτε
595 2919 757 2971 πάλιν
801 2918 1050 2986 ὀρύσσων
1093 2917 1270 2987 φρέαρ
1307 2915 1335 2968 6
1374 2915 1629 2986 ἐνάρετος
1670 2909 1823 2980 οὗτος

249 3010 333 3071 εἰς
365 3005 671 3059 ἀνάπαυσιν
703 3000 950 3072 μοναχῶν
982 2999 1160 3067 (τοῦτο
1194 3000 1250 3051 δὲ
1281 2994 1349 3069 ἦν
1384 2999 1611 3069 πλησίον
1645 2999 1824 3070 θρύων

252 3090 351 3144 καὶ
381 3086 675 3159 φρυγάνων
714 3086 830 3136 ἐκεῖ
859 3082 1171 3153 κειμένων),
1200 3081 1303 3134 ὑπὸ
1333 3083 1557 3145 ἀσπίδος
1602 3083 1821 3153 ἐδήχθη.

265 3166 634 3239 Ἀναιρετικὺν
667 3166 722 3219 δέ
751 3166 862 3235 ἔχει
892 3166 968 3219 ίὸν
1000 3164 1157 3218 τοῦτο
1189 3165 1249 3217 :6
1281 3165 1437 3228 ζῶον.
1477 3164 1823 3235 Δραξάμενος

249 3252 348 3308 οὖν
377 3254 474 3322 τῆς
498 3250 723 3313 ἀσπίδος
751 3251 778 3301 6
801 3249 955 3317 ἄγιος
972 3252 1094 3312 ταῖς
1139 3250 1478 3319 ἀμφοτέραις
1508 3250 1692 3321 χερσὶν
1720 3251 1827 3303 ἀπὸ

252 3337 366 3392 τῶν
410 3336 501 3388 δύο
548 3336 715 3406 αὐτῆς
759 3332 1016 3404 χελυνίων
1057 3333 1262 3403 ταύτην
1317 3334 1621 3404 διέρρηξεν,
1662 3336 1829 3389 εἰπὼν

255 3420 398 3490 πρὸς
435 3418 621 3487 αὐτήνο
664 3417 756 3485 Μὴ
796 3415 1209 3477 ἀποστείλαντός
1246 3433 1305 3468 σε
1343 3418 1437 3470 τοῦ
1471 3418 1678 3488 Κυρίου
1704 3435 1827 3485 μου,

256 3504 376 3565 πῶς
400 3502 708 3572 ἐτόλμησας
737 3500 911 3552 ἐλθεῖν
935 3500 1069 3571 πρὸς
1100 3501 1197 3569 ἐμέ
1220 3518 1235 3565 ;

326 3589 498 3649 Αύτος
542 3580 697 3648 οὗτος
728 3585 964 3647 ἀκούσας
1008 3588 1036 3637 6
1083 3587 1253 3655 μέγας
1306 3586 1586 3657 Μακάριος
1614 3587 1696 3641 ὅτι
1730 3604 1829 3659 με.

256 3672 433 3741 γάλην
471 3671 651 3739 έχουσι
700 3669 977 3721 πολιτείαν
1020 3670 1068 3721 οἱ
1119 3668 1579 3737 Ταὸεννησιῶται,
1616 3690 1829 3741 μεταμ-

258 3757 588 3826 φιεσάμενος
609 3755 702 3807 καὶ
730 3752 1014 3805 ἀναλαϐὼν
1044 3753 1305 3819 κοσμικὸν
1339 3754 1526 3822 σχῆμα
1559 3756 1793 3824 ἐργάτου
1816 3798 1829 3821 ,

255 3840 327 3893 δι’
358 3838 579 3909 ἡμερῶν
639 3835 935 3889 δεκαπέντε
966 3834 1198 3903 ἀνῆλθεν
1228 3838 1307 3897 εἰς
1349 3838 1447 3905 τὴν
1476 3838 1718 3907 Θηϐαΐδα
1744 3841 1833 3891 διά

256 3926 358 3992 τής
390 3923 598 3991 ἐρήμου
625 3921 869 3980 ὁδεύσας.
912 3918 1020 3971 Kal
1058 3918 1313 3971 εἰσελθὼν
1371 3921 1429 3973 ἐν
1480 3920 1557 3990 τῷ
1586 3922 1830 3993 άσκητη-

262 4009 365 4077 ρίῳ
416 4006 523 4057 τῶν
554 4002 1031 4071 Ταϐεννησιωτῶν,
1068 4002 1401 4074 ἐπεζήτησεν
1433 4004 1525 4056 τὸν
1573 4006 1834 4075 ἀρχιμαν-

256 4090 447 4159 δρίτην
464 4088 666 4139 τούτων
686 4086 999 4153 Παχώμιον,
1014 4086 1237 4155 ὀνόματι
1255 4086 1421 4156 ἄνδρα
1440 4088 1830 4157 δοκιμώτατον,

255 4176 362 4246 ικαὶ
427 4172 674 4239 χάρισμα
741 4169 931 4238 ἔχοντα
983 4169 1362 4239 προφητικόν·
1431 4165 1475 4238 ᾧ
1542 4172 1828 4242 ἀπεκρύϐη

260 4256 385 4308 τότε
414 4253 493 4323 τῷ
521 4253 659 4320 ἁγίῳ
698 4252 890 4321 ἐκείνῳ
924 4252 992 4303 τά
1022 4252 1163 4303 κατὰ
1190 4254 1280 4305 τὸν
1321 4254 1494 4321 μέγαν
1524 4256 1828 4327 Μακάριον.

262 4336 579 4406 Περιτυχὼν
606 4336 699 4388 οῦν
729 4334 875 4403 αύτῷ
901 4337 930 4386 6
962 4336 1244 4405 Μακάριος
1284 4332 1456 4388 εἶπενο
1486 4339 1684 4408 Δέομαί
1718 4357 1832 4407 σου,

263 4422 463 4490 κύριε,
497 4421 643 4487 δέξαι
698 4437 765 4489 με
819 4420 899 4481 εἰς
945 4420 1045 4490 τὴν
1096 4423 1265 4493 μονήν
1310 4439 1425 4485 σου,
1459 4424 1544 4475 ἴνα
1591 4426 1835 4496 γένωμαι

1915 1922 1963 1973 οἱ
1992 1920 2228 1991 ἀσκηταὶ
2262 1921 2357 1990 τῆς
2394 1920 2559 1989 μονῆς
2583 1916 2819 1985 ἐκείνης,
2853 1913 3181 1967 ἐστασίασαν
3226 1910 3367 1964 κατά
3395 1911 3492 1962 τοῦ

1917 2004 2224 2072 ἡγουμένου
2290 2002 2501 2064 αὐτῶν,
2564 1999 2830 2066 λέγοντες·
2889 1996 3060 2049 Πόθεν
3112 1997 3243 2064 ἡμῖν
3288 1994 3494 2064 ἠγαγες

1916 2085 2102 2138 τοῦτον
2130 2088 2219 2137 τ’,ν
2260 2085 2498 2153 ἀσαρκον
2528 2080 2813 2151 ἄνθρωπον
2865 2081 2945 2141 είς
2996 2080 3270 2148 ἡμετέραν
3322 2077 3494 2130 κατάο

1919 2182 2127 2237 κρισιν;
2183 2167 2216 2237 ἢ
2268 2155 2463 2220 ἔκϐαλε
2512 2164 2702 2218 τοῦτον
2756 2161 3095 2230 ἐντεῦθεν,ἢ
3146 2160 3235 2212 ἵνα
3296 2161 3493 2211 εἰδέναι

1919 2251 2082 2321 έχοις,
2114 2252 2194 2303 ὅτι
2226 2251 2427 2312 πάντες
2458 2251 2623 2319 ἡμεῖς
2674 2245 3066 2317 ἀναχωροῦμέν
3099 2261 3193 2296 σου
3229 2245 3490 2313 σήμερον.

1932 2334 2194 2396 Ἀκούσας
2222 2333 2280 2386 δὲ
2334 2332 2508 2385 ταῦτα
2540 2330 2692 2401 παρὰ
2715 2330 2824 2382 τῶν
2851 2328 3096 2397 ἀδελφῶν
3125 2329 3154 2379 6
3183 2328 3353 2397 μέγας
3388 2327 3498 2378 [la-

1921 2416 2146 2487 χώμιος,
2177 2416 2463 2487 ἠρώτησεν
2515 2414 2585 2468 τὰ
2633 2416 2753 2466 κατ’
2799 2412 2961 2466 αὐτόν
2994 2428 3007 2442 ο
3043 2413 3136 2464 καὶ
3188 2410 3376 2481 μαθὼν
3430 2411 3498 2463 τά

1920 2503 2049 2571 περὶ
2095 2503 2193 2571 τῆς
2238 2501 2404 2554 αὑτοῦ
2440 2499 2729 2563 πολιτείας,
2761 2496 3101 2567 προσηύξατο
3135 2496 3212 2566 τῷ
3262 2496 3380 2565 Θεῷ
3412 2497 3498 2549 ἵνα

1921 2583 2070 2652 αύτῷ
2102 2584 2429 2655 ἀποκαλύψῃ
2460 2584 2523 2634 τὸ
2571 2582 2653 2645 τίς
2696 2584 2845 2632 ἐστιν
2892 2574 3067 2643 οὗτος.
3111 2579 3497 2649 Ἀπεκαλύφθη

1920 2666 1977 2718 δέ
2002 2664 2149 2735 αύτῷ
2185 2666 2267 2718 ὃτι
2308 2662 2463 2727 οῦτός
2519 2666 2634 2717 ἐστι
2680 2664 2967 2734 Μακάριος
3004 2665 3032 2716 6
3080 2662 3328 2732 μοναχός.
3365 2664 3496 2714 Τότε

1923 2751 2112 2818 κρατεῖ
2142 2749 2307 2803 αὑτοῦ
2328 2750 2423 2819 τὴν
2456 2750 2614 2819 χεῖρα
2646 2749 2674 2801 ό
2723 2748 2911 2819 κύριος
2942 2746 3254 2817 Παχώμιος,
3285 2747 3376 2797 καὶ
3408 2747 3497 2809 ἐξ·

1924 2833 2048 2900 άγει
2078 2833 2237 2885 αὑτὸν
2278 2833 2403 2896 ἐξω.
2436 2834 2543 2886 Kal
2569 2831 2876 2899 εἰσαγαγὼν
2899 2831 3061 2883 αὐτὸν
3086 2832 3164 2891 εἰς
3187 2832 3278 2881 τὸν
3304 2830 3501 2899 εύκτὴ-

1928 2933 2043 2986 ριον
2100 2911 2267 2981 οἷκον,
2306 2915 2433 2969 ἔνθα
2481 2915 2728 2969 ἀνέκειτο
2777 2914 2956 2967 αὐτῶν
2994 2914 3054 2965 τὸ
3090 2912 3497 2983 θυσιαστήριον,

1924 3004 2013 3054 καὶ
2060 3001 2448 3070 ἀσπασάμενος
2489 3000 2673 3064 αὑτὸν,
2732 2999 2879 3069 λέγει
2937 2999 3106 3068 αὐτῷ·
3156 2998 3348 3068 Δεῦρο,
3398 3016 3498 3049 και

1924 3087 2123 3154 λόγηρε
2157 3101 2171 3113 ’
2235 3088 2298 3137 σὺ
2358 3081 2407 3135 el
2468 3085 2751 3153 Μακάριος
2782 3123 2797 3149 ,
2859 3085 2955 3135 καὶ
3025 3083 3349 3153 ἀπέκρυψας
3405 3082 3501 3133 ἀπ’

1928 3168 2084 3238 ἐμοῦ.
2132 3167 2225 3219 Ἐκ
2265 3166 2474 3220 πολλῶν
2511 3183 2569 3219 σε
2596 3168 2732 3220 ἐτῶν
2768 3165 3069 3220 ἐπεπόθουν
3096 3166 3241 3229 ίδεῖν,
3287 3164 3502 3219 ἀκούων

1935 3254 2007 3307 τὰ
2053 3255 2177 3323 περὶ
2216 3253 2329 3305 σοῦ.
2384 3251 2557 3322 Χάριν
2600 3268 2682 3304 σοι
2732 3251 2839 3321 ἔχω
2892 3251 2974 3303 ὅτι
3040 3249 3386 3314 ἐκονδύλισας
3435 3250 3505 3303 τά

1933 3336 2122 3390 παιδία.
2149 3353 2275 3404 μου,
2326 3335 2415 3389 ἴνα
2463 3336 2538 3406 μὴ
2564 3334 2709 3405 μέγα
2746 3334 3016 3404 φρονῶσιν
3050 3335 3142 3386 ἐπὶ
3179 3337 3245 3403 τῇ
3294 3334 3505 3389 ἑαυτῶν

1930 3423 2186 3493 ἀσκήσει.
2220 3420 2530 3493 Παρακαλῶ
2565 3436 2645 3485 σε,
2679 3419 2878 3471 ἄπελθε
2914 3420 2994 3481 είς
3040 3419 3132 3473 τὸν
3168 3421 3330 3473 τόπον
3382 3436 3503 3473 σου.

1932 3505 2231 3573 Αύτάρκως
2261 3506 2369 3574 γάρ
2409 3503 2759 3573 ᾠκοδόμησας
2813 3504 2980 3573 ἡμᾶς,
3017 3504 3111 3555 καὶ
3161 3502 3322 3571 εὔχου
3365 3504 3506 3571 ὑπὲρ

1931 3589 2112 3657 ἡμῶν.
2149 3588 2280 3640 Τότε
2327 3585 2577 3651 ἀξιωθεὶς
2626 3585 2714 3638 ὑπ’
2762 3584 2947 3649 αὑτοῦ,
2990 3585 3291 3655 δεηθέντων
3338 3587 3504 3639 αὑτοῦ

1932 3672 2151 3725 πάντων
2178 3670 2285 3723 τῶν
2321 3670 2586 3739 ἀδελφῶν,
2612 3670 2958 3739 ἀνεχώρησεν
2979 3669 3171 3731 οὕτως.

2008 3756 2229 3808 ’Λλλοτε
2252 3756 2413 3807 πάλιν
2439 3754 2678 3823 διηγεῖτο
2708 3756 2837 3823 ἡμῖν
2868 3749 3021 3816 οὗτος
3046 3756 3073 3807 6
3101 3754 3338 3823 άπαθής*
3377 3754 3506 3806 Ὀτι

1935 3842 2116 3892 πᾶσαν
2169 3838 2450 3890 πολιτείαν
2502 3841 2803 3906 ἀσκητικὴν
2832 3836 2899 3905 ἣν
2935 3835 3256 3905 ἐπεθύμησα
3290 3853 3508 3907 κάτωρ-

1936 3922 2135 3986 θώσας,
2166 3922 2287 3973 τότε
2317 3924 2393 3983 εἰς
2416 3920 2581 3992 ἄλλην
2611 3916 2773 3991 ἦλθον
2796 3921 3089 3990 ἐπιθυμίαν
3115 3920 3506 3989 πνευματικήν.

1948 4004 2038 4058 Ἐν
2071 4002 2152 4066 οἷς
2187 4004 2378 4073 ἔκρινά
2423 4021 2555 4055 ποτε
2587 4006 2664 4065 εἰς
2702 4002 2907 4072 ταύτην
2945 4002 3053 4053 τῶν
3094 4005 3269 4071 ἐργων
3322 4002 3509 4055 ἐπιθυ-

1938 4090 2066 4159 μίαν
2098 4090 2290 4141 ἐλθεῖν.
2327 4088 2432 4141 Kal
2468 4088 2744 4157 ἠθέλησα,
2775 4090 2927 4156 φησὶ,
2953 4088 3114 4140 πέντε
3139 4089 3363 4159 ἡμερῶν
3410 4088 3510 4159 μό-

1936 4191 2025 4226 νον
2087 4174 2179 4225 τὸν
2248 4171 2373 4224 νοῦν
2437 4188 2538 4240 μου
2596 4171 2701 4223 ἀπὸ
2753 4171 2845 4224 τοῦ
2905 4170 3040 4223 Θεοῦ
3093 4174 3511 4241 ἀπερίσπαστον

1937 4258 2183 4326 ποιῆσαι,
2241 4256 2335 4307 καὶ
2395 4256 2561 4323 μηδὲν
2609 4256 2745 4316 ὅλως
2811 4254 3094 4323 ἐννοῆσαι,
3140 4254 3276 4307 ἀλλά
3317 4255 3511 4326 ἐκείνῳ

1941 4343 2088 4411 μόνῳ
2135 4342 2552 4411 προσανασχεῖν.
2586 4340 2695 4391 Kal
2732 4339 2889 4391 τοῦτο
2925 4339 3118 4406 κρίνας
3169 4341 3227 4391 ἐν
3260 4341 3508 4411 ἐμαυτῷ,

1942 4425 2248 4479 άπέκλεισά
2290 4442 2389 4493 μου
2417 4425 2515 4491 τὴν
2562 4423 2757 4475 κέλλαν
2785 4424 2878 4475 καὶ
2930 4422 3129 4488 ἔξωθεν
3162 4424 3259 4494 τήν
3317 4424 3507 4495 αὐλὴν,

266 4506 519 4577 μοναχός.
577 4504 739 4573 Λέγει
785 4503 935 4573 αύτῷ
992 4506 1019 4557 6
1071 4500 1252 4574 μέγας’
1292 4505 1603 4577 Παχώμιος’
1636 4511 1914 4580 ΛοιπὸνῙ)
1941 4511 2081 4565 ῶ;τε
2129 4513 2201 4580 μὴ
2232 4508 2413 4561 δοῦναι
2467 4505 2738 4576 ἀνθρώπῳ
2778 4505 2987 4559 ἐλθόντι
3038 4508 3347 4577 ἀπόκρισιν.
3402 4509 3513 4562 Kal

264 4592 348 4651 είς
389 4589 567 4657 γῆρας
601 4589 827 4657 ἡλασας,
856 4589 1045 4641 ἀσκεῖν
1089 4588 1153 4640 σὺ
1207 4587 1322 4651 πῶς
1356 4590 1615 4657 δύνασαι;
1664 4594 1838 4648 Ἀδελ-

267 4674 359 4741 φοί
382 4674 519 4725 εἰσιν
546 4674 654 4726 ἀπὸ
682 4671 931 4740 νεότητος
980 4673 1339 4743 ἀσκήσαντες,
1373 4675 1467 4728 καὶ
1496 4680 1609 4741 τοῖς
1654 4681 1837 4746 πόνοις

269 4756 670 4827 συντραφέντες
696 4755 922 4825 φέρουσι
946 4756 1035 4807 τὸν
1069 4758 1312 4826 κάματον
1334 4774 1349 4789 σ
1388 4761 1451 4813 σὺ
1488 4761 1627 4815 δὲέν
1670 4766 1839 4837 ταύτῃ

266 4844 336 4911 τῇ
371 4840 557 4911 ἡλικία
595 4841 655 4891 οὐ
702 4839 927 4891 δύνασαι
961 4840 1201 4906 ἐνεγκεῖν
1230 4843 1355 4904 τοὺς
1410 4843 1511 4912 τῆς
1557 4848 1840 4916 ἀσκήσεως

264 4924 633 4995 ’πειρασμοὺς,
670 4923 763 4977 καὶ
787 4922 1134 4995 σκανδαλίζῃ,
1166 4927 1259 4977 καὶ
1292 4925 1509 4998 ἐξέρχη,
1545 4932 1637 4983 καὶ
1672 4949 1840 4986 καχο.

267 5008 450 5074 λογεῖς
486 5008 650 5076 ἡμᾶς.
684 5007 794 5059 Kal
825 5007 925 5059 οὐκ
949 5006 1165 5070 ἐδέξατο
1204 5009 1387 5074 αὑτὸν,
1421 5012 1544 5064 οὔτε
1573 5014 1670 5085 τὴν
1720 5017 1842 5071 δευ-

267 5092 454 5160 τέραν,
482 5090 672 5159 μέχρις
693 5090 914 5159 ἡμερῶν
950 5090 1110 5145 ἐπτά.
1162 5092 1218 5143 '0
1250 5094 1304 5146 δὲ
1336 5096 1628 5166 ηύτὸνησεν
1660 5118 1843 5172 παρα-

274 5173 462 5243 μείνας
484 5173 706 5260 νῆστις.Δ
749 5172 1015 5260 ’Ὕστερον
1068 5175 1123 5227 δὲ
1182 5176 1330 5244 λέγει
1378 5182 1525 5251 αύτῷ
1578 5187 1605 5237 ό
1664 5189 1843 5260 γέρων

268 5260 587 5344 Μακάριος·
621 5257 777 5323 Δέξαι
821 5275 911 5328 με,
948 5259 1113 5326 άδὸᾶ,
1156 5265 1247 5316 καὶ
1297 5266 1394 5319 ἐάν
1443 5269 1517 5340 μὴ
1565 5257 1844 5344 νηστεύσω

270 5346 393 5398 κατ’
444 5343 659 5406 αὐτοὺς,
720 5346 814 5396 καὶ
863 5346 1185 5417 ἐργάζωμαι
1222 5349 1259 5403 ἀ
1312 5343 1657 5425 ἐργάζονται,
1723 5364 1845 5425 τότε

273 5427 527 5482 κέλευσόν
554 5445 621 5499 με
650 5431 943 5502 ἐκριφῆναι
970 5432 1067 5501 τῆς
1096 5434 1284 5503 μονῆς.
1317 5439 1498 5493 Πείθει
1533 5424 1661 5507 τοὺς
1693 5424 1846 5500 ἀδέλ-

276 5512 411 5581 φοὺς
440 5513 468 5567 ὁ
499 5512 673 5582 μέγας
706 5514 997 5585 Παχώμιος
1026 5519 1366 5584 εἰσδέξασθαι
1398 5526 1577 5582 αὐτόν.
1616 5531 1845 5588 Ἐστιδέ

274 5597 337 5649 τὸ
370 5595 622 5685 σύστημα
652 5597 747 5685 τῆς
780 5600 909 5668 μιᾶς
927 5602 1111 5685 Αμονῆς
1157 5605 1373 5675 ἐκείνης
1402 5609 1561 5677 χίλιοι
1583 5618 1845 5685 τετρακό-

278 5695 385 5767 σιοι
441 5679 631 5767 ἄνδρες
676 5682 836 5755 μέχρι
890 5682 988 5753 τῆς
1035 5686 1291 5759 σήμερον.
1346 5692 1604 5764 Εἰσῆλθεν
1636 5679 1727 5753 οῦν
1768 5705 1847 5767 είς

274 5762 481 5835 ταύτην
504 5766 531 5818 6
550 5764 723 5835 μέγας
746 5769 1048 5838 Μακάριος.
1083 5776 1152 5826 Ile
1164 5776 1437 5856 ρελθόντος
1452 5762 1505 5834 δὲ
1538 5785 1729 5856 χρόνου
1747 5762 1846 5843 ὀλίξ

596 5862 865 5926 Ρλσιεοι.
915 5866 1033 5929 Gn.
1082 5870 1363 5937 XXXIV.

1939 4597 2101 4666 ἔστην
2151 4594 2453 4663 ἀρξάμενος
2502 4591 2611 4643 ἀπὸ
2659 4591 2758 4657 τῆς
2806 4591 3084 4660 δευτέρας,
3138 4592 3511 4660 παραγγείλας

1944 4698 2044 4750 μου
2075 4680 2151 4749 τῷ
2176 4680 2271 4747 mp.
2306 4677 2475 4729 εἰπὼν
2507 4676 2676 4745 αὐτῷ,
2707 4676 2879 4728 Βλέπε
2912 4677 2987 4746 μὴ
3018 4676 3283 4749 κατέλθῃς
3312 4681 3377 4731 ἐκ
3406 4677 3514 4731 τῶν

1940 4766 2205 4835 οὐρανῶν.
2231 4762 2413 4831 Ἔχεις
2443 4764 2556 4813 ἐκεῖ
2584 4760 2847 4829 ἀγγέλους
2869 4761 3265 4832 ἀρχαγγέλους,
3289 4762 3385 4826 τάς
3402 4764 3514 4818 ἄνω

1947 4852 2127 4909 πάσας
2181 4847 2455 4914 δυνάμεις,
2506 4845 2571 4896 τά
2624 4845 2926 4915 Χερουωμ,
2982 4844 3051 4896 τά
3102 4846 3375 4915 Σεραφὶμ,
3422 4848 3515 4901 τὸν

1943 4934 2075 4986 Θεὸν
2101 4933 2207 4984 τῶν
2237 4930 2448 4983 πάντων
2474 4930 2702 4999 ποιητήν
2724 4944 2737 4958 ·
2768 4930 2886 4983 ἐκεῖ
2911 4929 3190 4996 διάτριψον
3219 4947 3231 4959 ·
3262 4932 3339 5001 μὴ
3378 4949 3514 4985 κατ-

1945 5017 2103 5085 έλθῃς
2140 5016 2394 5068 ὑποκάτω
2419 5011 2513 5065 τοῦ
2557 5012 2787 5081 ούρανοῦ
2822 5031 2837 5046 ·
2875 5014 2951 5082 μὴ
2990 5013 3235 5084 ἐμπέσης
3268 5018 3345 5078 εις
3365 5015 3514 5086 λογι-

1948 5104 2116 5171 σμους
2160 5097 2440 5168 ψυχικούς.
2484 5096 2593 5149 Kal
2632 5096 2947 5167 διαρκέσας,
2973 5099 3156 5168 φησὶν,
3178 5099 3389 5169 ἡμέρας
3420 5101 3515 5153 δύο

1946 5188 2041 5239 καὶ
2076 5183 2172 5238 δύο
2213 5184 2413 5245 νύκτας
2458 5180 2629 5244 οὕτως
2691 5182 2982 5251 παρώξυνα
3021 5184 3111 5236 τὸν
3157 5184 3409 5253 δαίμονα,
3436 5185 3515 5247 ὡς

1947 5271 2120 5339 φλόγα
2160 5269 2329 5335 πυρὸς
2363 5266 2616 5334 γενέσθαι
2662 5265 2871 5331 τοῦτον,
2896 5268 2990 5319 καὶ
3020 5268 3361 5322 κατακαῦσαί
3412 5287 3515 5339 μου

1948 5355 2126 5407 πάντα
2152 5352 2219 5405 τά
2258 5352 2315 5403 ἐν
2348 5350 2426 5421 τῷ
2471 5348 2688 5419 κελλίῳ,
2727 5348 2802 5412 ὡς
2842 5351 2937 5402 καὶ
2979 5351 3073 5404 τὸν
3098 5351 3292 5422 ψίαθον
3320 5352 3407 5421 ἐφ’
3457 5354 3517 5406 ὃν

1949 5441 2217 5509 εἱστήκειν
2248 5437 2379 5506 πυρὶ
2403 5427 2830 5505 κάταφλεγῆναι.
2864 5436 2975 5489 Kal
2998 5436 3171 5501 οὕτως
3200 5439 3421 5506 νομίσαι
3448 5456 3518 5509 με

1946 5525 2029 5577 ὅτι
2087 5520 2197 5588 ἐγὼ
2264 5521 2384 5583 ὅλος
2426 5521 2805 5591 ἐμπίπραμαι.
2875 5518 3060 5584 Τέλος,
3121 5521 3349 5593 πληγεὶς
3406 5521 3519 5589 ἐγὼ

1950 5608 2099 5677 φόϐῳ
2168 5606 2413 5674 ἀπέστην
2477 5604 2577 5674 τῆς
2621 5604 2931 5672 προθέσεως
2971 5605 3187 5675 ταύτης
3240 5611 3304 5678 τῇ
3358 5608 3520 5679 τρίτῃ

1952 5694 2155 5765 ἡμέρα,
2191 5690 2265 5762 μὴ
2295 5690 2539 5761 δυνηθεὶς
2568 5688 2752 5742 λοιπὸν
2785 5692 3190 5761 ἀπερίσπαστόν
3225 5710 3327 5762 μου
3359 5692 3518 5757 ποιῆ-

1951 5805 2041 5842 σαι
2070 5786 2160 5840 τὸν
2182 5782 2327 5851 νοῦν,
2365 5782 2502 5839 ἀλλά
2539 5780 2803 5852 κατῆλθον
2832 5786 2911 5849 εἰς
2931 5782 3162 5855 θεωρίαν
3187 5784 3281 5839 τοῦ
3313 5787 3520 5857 κόσμου

3081 5880 3159 5940 35
