4258 6358
303 392 434 452 1061

1568 393 1879 451 HISTORIA
1918 395 2267 452 LAUSIACA.

3392 397 3529 457 4068

298 510 440 579 plius
466 513 696 563 mentem
726 521 897 564 meam
919 515 1103 564 tenere
1129 507 1467 572 indivulsam.
1490 508 1585 563 sed
1609 506 1856 561 descendi
1886 510 1931 563 A
1965 522 2084 562 cum
2114 509 2355 561 tinxisset
2376 508 2495 561 oleo
2517 519 2699 561 sancto
2766 518 2821 563 et
2850 524 2968 564 cum
3015 525 3203 580 aquam
3238 511 3521 572 infudisset

299 603 367 655 ad
399 599 555 668 hujus
582 600 763 655 mundi
794 599 1292 667 contemplationem
1320 615 1335 662 ;
1364 598 1472 652 Deo
1499 596 1727 651 fortasse
1752 610 1866 665 per-

297 692 572 758 mittente,
604 707 667 744 ne
700 693 801 745 hoc
832 693 959 745 mihi
990 700 1322 759 reputaretur
1352 691 1402 743 in
1434 688 1755 757 superbiam.

374 780 485 849 Ego
510 783 572 834 ad
602 796 721 836 eum
750 784 947 837 accessi
972 780 1273 848 aliquando,
1291 790 1345 835 et
1372 780 1545 834 inveni
1573 788 1721 834 extra
1749 776 1862 845 ejus

297 869 491 923 cellam
518 868 781 935 jacentem
812 868 1095 937 quemdam
1138 867 1409 936 cujusdam
1448 868 1545 921 vici
1592 864 1863 935 presbyte-

299 971 441 1016 rum,
469 957 621 1024 cujus
641 965 801 1025 caput
821 958 891 1010 ita
914 967 1024 1011 erat
1052 971 1269 1011 exesum
1292 971 1323 1010 a
1345 956 1530 1011 morbo
1555 954 1644 1024 qui
1668 955 1863 1009 dicitur

297 1061 506 1107 cancer.
540 1056 599 1101 ut
624 1050 780 1102 etiam
809 1046 981 1117 ipsum
1011 1062 1073 1102 os
1115 1056 1281 1101 totum
1321 1054 1599 1115 appareret
1638 1046 1692 1099 in
1746 1057 1866 1098 ver-

300 1141 427 1193 tice.
456 1138 503 1193 ls
526 1140 751 1193 accessit
778 1140 842 1194 ad
873 1140 1047 1208 ipsum
1076 1147 1132 1193 ut
1153 1146 1446 1202 curaretur,
1478 1149 1574 1190 nec
1616 1148 1739 1189 eum
1766 1128 1865 1187 ad-

301 1232 550 1285 mittebat
577 1230 643 1284 ad
674 1230 1017 1299 colloquium.
1051 1229 1250 1301 Rogavi
1278 1238 1453 1283 autem
1473 1241 1617 1292 eum,
1643 1224 1823 1279 dicens
1848 1241 1861 1277 :

298 1321 559 1375 Miserere
587 1318 744 1389 hujus
772 1321 985 1386 miseri,
1016 1329 1070 1374 et
1099 1319 1289 1373 saltem
1318 1317 1385 1371 da
1430 1317 1479 1371 ei
1528 1329 1861 1381 responsum.

298 1408 349 1461 Is
379 1423 509 1462 vero
543 1409 672 1463 mihi
718 1409 1013 1477 respondit,
1043 1407 1229 1462 dicens
1276 1422 1292 1460 :
1342 1405 1435 1461 Est
1482 1404 1728 1471 indiguus
1773 1402 1863 1468 qui

294 1510 539 1566 curetur,
570 1501 731 1555 missa
759 1509 841 1556 est
866 1502 1012 1555 enim
1037 1499 1105 1553 ad
1127 1513 1245 1553 eum
1272 1498 1385 1551 haec
1405 1510 1434 1550 a
1457 1494 1679 1549 Domino
1703 1492 1862 1545 disci-

300 1593 464 1656 plina.
493 1592 644 1658 Quod
671 1594 712 1644 si
736 1592 867 1645 velis
893 1604 1014 1645 eum
1042 1589 1238 1654 curari,
1260 1584 1521 1657 persuade
1549 1584 1597 1638 ei
1628 1589 1683 1636 ut
1714 1581 1862 1635 dein-

297 1696 427 1749 ceps
449 1684 710 1734 abstineat
739 1695 767 1733 a
812 1680 1110 1733 ministerio
1154 1686 1459 1731 sanctorum
1502 1680 1864 1727 sacramento-

297 1784 438 1821 rum.
471 1770 580 1837 Ego
606 1778 783 1823 autem
814 1768 866 1821 ei
911 1768 1031 1822 dico
1079 1782 1094 1821 :
1144 1763 1523 1832 Quamobrem,
1556 1757 1769 1830 quaso?
1816 1758 1865 1813 ls

1969 604 2218 667 praceplt
2239 614 2302 653 ne
2327 598 2667 668 quadraginta
2696 601 2883 658 diebus
2913 618 3100 661 carnes
3128 615 3364 676 gustaret
3382 650 3398 673 ,
3428 625 3527 671 nec

1968 688 2178 752 vinum;
2214 698 2266 743 et
2295 690 2369 742 sic
2396 703 2516 743 eum
2544 692 2763 744 curavit.

2039 777 2171 832 Eum
2189 780 2473 846 aliquando
2495 781 2763 835 subierunt
2782 786 3127 851 cogitationes
3151 803 3298 844 vanae
3320 792 3523 861 glorim,

1966 883 2085 938 quae
2112 885 2230 923 eum
2254 886 2285 923 e
2304 870 2436 923 cella
2458 871 2761 939 ejiciebant,
2787 876 3203 944 etsuggerebant
3225 888 3281 933 ut
3303 880 3527 936 honesto

1965 960 2184 1015 consilio
2212 970 2263 1015 et
2283 961 2423 1029 justa,
2443 960 2508 1015 de
2534 976 2690 1015 causa
2720 962 2937 1018 Romam
2965 978 3235 1035 pergeret.
3285 985 3382 1038 pro
3433 971 3529 1024 be-

1967 1051 2157 1107 neflcio
2197 1066 2380 1107 eorum
2421 1055 2506 1120 qui
2548 1054 2903 1122 mgrotabant;
2945 1058 3095 1112 valde
3135 1061 3274 1115 enim
3314 1060 3367 1116 in
3407 1076 3527 1118 eum

1964 1142 2281 1211 operabatur
2306 1144 2469 1213 gratia
2498 1146 2752 1200 adversus
2774 1146 3011 1215 spiritus.
3042 1149 3323 1219 Postquam
3349 1164 3526 1210 autem

1968 1230 2125 1301 longo
2154 1241 2391 1301 tempore
2420 1248 2524 1288 non
2553 1235 2772 1296 obediit,
2804 1236 2954 1290 valde
2977 1239 3287 1307 agitabatur.
3321 1243 3527 1297 Cadens

1966 1337 2094 1376 vero
2122 1322 2173 1375 in
2213 1322 2394 1377 limine
2428 1324 2608 1386 cellae,
2638 1324 2777 1377 foras
2807 1326 2969 1393 pedes
2997 1329 3205 1395 emisit,
3234 1341 3287 1385 et
3332 1332 3463 1387 dicit

1967 1411 2183 1466 Trahite
2211 1422 2260 1465 et
2291 1413 2488 1477 vellite,
2520 1429 2552 1466 ο
2581 1415 2873 1483 daemones,
2904 1417 2948 1470 si
2980 1421 3218 1486 potestis.
3251 1423 3360 1491 Ego
3382 1426 3525 1479 enim

1967 1515 2073 1554 non
2110 1502 2243 1556 abeo
2273 1503 2403 1557 meis
2433 1504 2673 1571 pedibus,
2701 1505 2883 1573 jurans
2920 1504 3036 1563 fore
3062 1518 3118 1563 ut
3143 1510 3319 1578 jaceat
3361 1530 3526 1582 usque

1967 1593 2031 1644 ad
2061 1606 2354 1659 vesperam,
2388 1602 2441 1647 et
2468 1595 2568 1647 nisi
2603 1609 2723 1649 eum
2753 1597 3042 1663 excutiant,
3076 1614 3178 1653 non
3209 1615 3326 1656 esse
3373 1607 3527 1659 audi-

1968 1688 2162 1733 turum.
2194 1681 2325 1734 Cum
2368 1691 2542 1736 autem
2575 1684 2665 1735 diu
2698 1687 3092 1751 procubuisset,
3121 1693 3380 1757 surrexit;
3405 1709 3523 1749 cum

1968 1783 2069 1823 nox
2092 1779 2266 1824 autem
2289 1771 2644 1837 adventasset,
2664 1776 2709 1827 ei
2731 1789 2912 1828 rursus
2934 1778 3222 1833 exhibuere
3238 1786 3528 1851 negotium.

296 1872 431 1911 vero
483 1858 612 1912 dicit
643 1876 655 1911 :
690 1857 981 1911 Fornicans
1011 1870 1221 1911 sacrum
1254 1852 1460 1923 peregit
1489 1849 1859 1913 ministerium,
1894 1853 1941 1913 Β
1970 1860 1977 1914 ι

1845 1889 1859 1913 ι
1894 1853 1941 1913 Β
1970 1860 2031 1914 Ει
2060 1875 2178 1916 cum
2210 1862 2433 1916 duorum
2463 1865 2758 1919 modiorum
2794 1878 3027 1934 sportam
3059 1849 3327 1939 implesset
3348 1890 3526 1943 arena,

293 1957 352 2000 et
375 1949 495 2003 ideo
519 1948 828 2018 castigatur.
860 1947 1008 2001 Nunc
1046 1959 1175 2014 ergo
1203 1944 1247 1997 si
1278 1954 1423 1997 metu
1450 1941 1667 1996 desistat
1702 1938 1770 1991 ab
1795 1950 1860 1990 eo

292 2039 436 2107 quod
465 2054 625 2092 ausus
651 2048 731 2093 est
758 2038 934 2093 facere
960 2052 1053 2107 per
1087 2043 1444 2103 contemptum
1465 2071 1481 2096 ,
1514 2031 1652 2085 Deus
1688 2030 1857 2097 ipsum

296 2129 525 2182 curabit.
564 2130 849 2197 Postquam
879 2142 1007 2196 ergo
1036 2126 1145 2180 dixi
1170 2125 1220 2179 ei
1249 2125 1335 2193 qui
1385 2120 1746 2191 afﬂigebatur,
1775 2116 1861 2186 ju-

292 2218 581 2284 rejurando
610 2226 692 2274 est
722 2218 988 2287 pollicitus
1033 2232 1091 2271 se
1141 2230 1247 2270 non
1293 2213 1520 2281 amplius
1566 2207 1859 2264 sacerdotis

295 2320 473 2379 partes
515 2312 803 2367 obiturum.
852 2308 1002 2365 Tunc
1048 2323 1170 2365 eum
1219 2306 1450 2373 accepit,
1479 2313 1534 2361 et
1575 2302 1707 2358 dixit
1750 2301 1796 2356 ei
1843 2317 1856 2352 :

291 2401 551 2456 Credisne
577 2416 698 2456 esse
745 2400 913 2456 Deum
957 2414 1115 2470 quem
1165 2397 1300 2451 nihil
1346 2395 1509 2449 latet?
1558 2390 1862 2459 Respondet

294 2490 385 2546 ille
416 2508 430 2544 :
458 2492 874 2561 Maxime,rogo
919 2501 991 2545 te.
1042 2490 1245 2544 Deinde
1291 2487 1339 2542 ei
1384 2486 1511 2542 dicit
1556 2484 1857 2537 Macarius:

296 2583 412 2637 Non
443 2583 659 2653 potuisti
692 2584 799 2639 Deo
826 2583 1083 2638 illudorel
1110 2583 1243 2636 Dicit
1274 2580 1361 2634 ille
1386 2598 1400 2633 :
1430 2579 1544 2634 Non
1574 2578 1743 2646 potui,
1768 2576 1862 2627 do-

294 2673 440 2727 ntine
466 2673 559 2727 mi.
585 2673 721 2730 Dicit
745 2674 793 2729 ei
822 2673 1080 2729 Macarius
1112 2688 1128 2729 :
1160 2672 1216 2727 Si
1247 2671 1493 2740 agnoscis
1512 2679 1658 2722 tuum
1674 2680 1862 2736 pecca-

294 2772 428 2829 tum,
458 2774 508 2817 et
536 2763 630 2817 Dei
660 2763 992 2831 disciplinam
1022 2771 1236 2832 prepter
1266 2776 1421 2831 quam
1467 2760 1579 2813 bzec
1618 2756 1859 2817 subiisti,

296 2853 579 2921 corrigitor
601 2854 651 2906 in
682 2863 972 2921 posterum.
1002 2854 1102 2920 Qui
1140 2852 1418 2907 confessus
1443 2858 1526 2905 est
1568 2856 1859 2916 peceatum,

294 2956 349 3001 et
375 2948 661 3013 Spopoudit
689 2960 747 3000 se
772 2962 876 3000 non
919 2947 1146 3013 amplius
1174 2952 1540 3012 peccaturum,
1572 2953 1745 3006 neque
1787 2937 1864 2988 al-

294 3036 397 3089 tari
425 3035 868 3100 ministraturum,
899 3035 992 3089 sed
1023 3046 1223 3088 sortem
1255 3033 1440 3087 laicam
1470 3029 1859 3097 amplexurum.

297 3126 497 3181 Deinde
523 3128 597 3181 sic
627 3138 841 3181 sanctus
874 3127 921 3181 ei
954 3140 1139 3180 manus
1164 3123 1434 3191 imposuit,
1462 3129 1514 3174 et
1544 3118 1724 3187 paucis
1750 3116 1861 3170 die-

1960 1958 2016 2005 et
2030 1951 2367 2019 imposuisset
2382 1952 2637 2017 humeris,
2652 1957 2967 2022 pervadebat
2988 1968 3147 2013 totam
3164 1964 3523 2022 solitudinem.

1966 2037 2099 2091 lluic
2139 2041 2371 2094 occurrit
2416 2040 2745 2096 Theosebius
2774 2042 3070 2111 Cosmetor,
3115 2063 3308 2116 genere
3342 2053 3528 2107 Antio-

1959 2130 2176 2196 cbenus,
2207 2142 2259 2186 et
2286 2133 2334 2187 ei
2362 2132 2495 2187 dicit
2535 2152 2549 2186 :
2591 2134 2724 2201 Quid
2767 2147 2966 2205 portas,
2997 2138 3165 2192 abba?
3212 2142 3355 2197 Cede
3399 2148 3529 2201 mihi

1958 2232 2116 2285 onus,
2141 2231 2195 2275 et
2224 2237 2291 2276 ne
2319 2224 2549 2278 vexeris.
2581 2224 2673 2279 ille
2701 2236 2876 2280 autem
2905 2226 3033 2281 dixit
3064 2246 3077 2281 :
3116 2230 3262 2285 Vexo
3290 2248 3408 2287 eum
3440 2241 3527 2305 qui

1961 2326 2045 2367 me
2116 2319 2312 2374 vexat;
2386 2326 2512 2366 nam
2583 2327 2706 2367 cum
2766 2317 2866 2371 sim
2910 2321 3161 2376 remissus
3189 2332 3242 2376 et
3270 2324 3522 2395 ignavus,

1961 2405 2193 2473 suggerit
2234 2406 2361 2460 mihi
2398 2409 2868 2477 peregrinationes.
2900 2408 3029 2464 Cum
3056 2425 3230 2467 autem
3264 2416 3353 2470 diu
3396 2436 3522 2487 pro-

1963 2498 2250 2560 movisset,
2285 2497 2551 2565 ingressus
2581 2513 2663 2553 est
2691 2500 2877 2553 cellam
2906 2503 3136 2557 contrito
3165 2519 3414 2575 corpore.

2036 2583 2321 2639 ‘Narravit
2380 2596 2555 2640 autem
2609 2589 2758 2641 nobis
2805 2590 2917 2660 (52)
2961 2589 3051 2646 Dei
3098 2609 3305 2662 quoque
3346 2613 3528 2654 servus

1964 2673 2307 2742 Paphnutius,
2346 2677 2583 2743 praeclari
2626 2676 2781 2746 hujus
2830 2681 2993 2734 sancti
3034 2681 3342 2751 discipulus,
3389 2691 3528 2755 quod

1963 2781 2082 2819 cum
2132 2766 2357 2832 quodam
2403 2764 2487 2818 die
2518 2767 2727 2820 sederet
2755 2768 2804 2819 in
2853 2770 2971 2821 aula
3012 2782 3223 2826 sanctus
3250 2774 3527 2841 Macarius.

1964 2870 2015 2909 et
2054 2856 2220 2911 Deum
2251 2856 2627 2933 alloqueretur,
2658 2858 2840 2927 hymna
2888 2872 3163 2929 acceptum
3195 2879 3343 2919 suum
3379 2878 3527 2923 catus

1966 2948 2093 3010 lum,
2137 2946 2224 3014 qui
2256 2956 2368 2999 erat
2412 2960 2603 3009 cmcus,
2635 2948 2806 3002 attulit
2856 2949 2920 3002 ad
2951 2962 3187 3005 sanctum
3214 2954 3529 3022 Macarium;

1962 3045 2161 3091 etcum
2204 3038 2378 3103 capite
2420 3038 2679 3102 pulsasset
2725 3038 2917 3092 ostium
2957 3042 3111 3105 aulas,
3158 3043 3391 3114 ingressa
3422 3057 3529 3111 est,

1964 3140 2030 3179 co
2058 3126 2229 3178 adhuc
2257 3124 2492 3187 sedente,
2523 3132 2577 3179 et
2607 3127 2824 3194 projecit
2853 3130 3082 3183 catulum
3112 3132 3177 3184 ad
3203 3134 3317 3200 ejus
3344 3133 3526 3203 pedes.

302 3217 401 3271 bus
430 3217 528 3270 Ῐυίῑ
547 3226 783 3281 ευτθιυει
815 3218 1096 3286 capi“qu
1117 3217 1167 3269 θί
1198 3219 1488 3270 εΐενετυηῑ
1512 3220 1563 3265 ει
1585 3224 1744 3262 επηυε
1772 3208 1861 3259 ἀο·
1892 3211 1937 3273 C
1967 3217 2094 3272 Cum
2119 3229 2292 3271 autem
2325 3218 2619 3284 accepisset
2667 3219 2896 3272 catulum
2928 3231 3142 3276 sanctus
3166 3224 3445 3294 Macarius,
3477 3235 3530 3279 et

297 3318 444 3360 mum
495 3306 654 3359 rediit
701 3306 864 3358 Deum
912 3305 1255 3374 glorilieans;
1316 3300 1425 3369 egit
1454 3310 1629 3353 autem
1676 3309 1864 3365 magno

295 3412 507 3468 quoque
553 3398 777 3451 Macario
805 3399 1023 3466 gratias.

367 3489 463 3542 Hic
487 3497 701 3541 sanctus
725 3487 950 3541 habebat
976 3486 1215 3539 diversas
1242 3481 1442 3543 cellas;
1470 3492 1628 3532 unam
1654 3474 1863 3543 quidem

297 3578 350 3630 in
378 3579 555 3641 Scete,
581 3592 696 3644 qua:
722 3585 804 3631 est
831 3576 1053 3630 interior
1084 3575 1137 3628 in
1181 3571 1485 3633 solitudine,
1519 3577 1573 3622 et
1609 3580 1766 3620 unam
1812 3564 1864 3617 in

297 3668 483 3735 Libya,
514 3678 567 3721 et
595 3682 753 3720 unam
782 3668 834 3720 in
863 3665 1065 3729 Celliis,
1100 3675 1154 3719 et
1181 3676 1337 3717 unam
1370 3662 1420 3714 in
1453 3667 1632 3712 monte
1661 3655 1862 3710 Nitriae.

300 3758 367 3811 Et
395 3758 511 3811 alia:
553 3758 768 3826 quidem
814 3756 1065 3811 carebant
1101 3754 1264 3816 ostio,
1296 3751 1349 3804 in
1380 3748 1571 3817 quibus
1596 3745 1868 3800 dicebatur

294 3848 483 3900 sedere
513 3847 564 3900 in
594 3845 997 3914 quadragesima
1025 3844 1079 3897 in
1125 3840 1380 3902 tenebris,
1411 3838 1514 3890 alia
1543 3843 1724 3889 autem
1752 3843 1867 3887 erat

296 3940 593 4006 angustior,
620 3937 672 3990 in
701 3951 803 4003 qua
825 3950 929 3989 non
954 3942 1159 4003 poterat
1191 3931 1379 3999 pedem
1408 3926 1729 3987 extendere;
1762 3923 1863 3975 alia

296 4041 471 4082 autem
503 4028 681 4091 latior,
718 4027 773 4080 in
802 4040 907 4093 qua
947 4022 1299 4079 conveniebat
1343 4033 1437 4073 eos
1480 4016 1569 4084 qui
1598 4013 1663 4067 ad
1693 4015 1863 4081 ipsum

296 4118 647 4171 ventitahant.

372 4211 466 4264 llic
494 4209 703 4263 curavit
734 4217 931 4262 tantam
965 4203 1353 4260 multitudinem
1380 4214 1561 4255 eorum
1592 4196 1678 4265 qui
1708 4206 1865 4247 vexa-

295 4301 489 4356 bantur
515 4315 543 4353 a
570 4299 933 4363 dremonibus,
966 4306 1021 4349 ut
1060 4309 1119 4349 ea
1155 4308 1255 4348 non
1284 4292 1441 4345 cadat
1483 4290 1534 4341 in
1565 4299 1857 4341 numerum.

294 4391 426 4444 Cum
469 4404 565 4444 nos
590 4398 764 4442 autem
796 4382 900 4441 illic
926 4401 1185 4449 essemus,
1220 4384 1366 4451 virgo
1396 4379 1587 4434 nobilis
1616 4383 1672 4430 et
1716 4375 1864 4428 dives

293 4483 519 4537 deducta
544 4491 620 4534 est
647 4480 711 4532 ad
736 4494 853 4533 eum
880 4492 909 4531 e
933 4476 1311 4531 Thessalonica
1334 4473 1385 4525 in
1416 4469 1605 4523 ﬁnibus
1629 4465 1860 4527 Achaiae,

1967 3311 2195 3378 spuisset
2233 3308 2284 3363 in
2323 3308 2438 3377 ejus
2477 3311 2680 3375 oculos,
2721 3313 2909 3378 oravit,
2953 3323 3005 3366 et
3043 3316 3216 3367 statim
3259 3316 3405 3369 vidit.
3468 3316 3537 3371 Et

1967 3417 2083 3454 cum
2136 3410 2303 3453 mater
2346 3415 2464 3452 cum
2512 3400 2760 3454 lactasset
2801 3412 2853 3455 et
2899 3406 3209 3471 accepisset,
3265 3408 3331 3458 ita
3382 3410 3532 3461 exiit.

1971 3491 2060 3543 Die
2096 3498 2270 3541 autem
2311 3488 2551 3555 sequenti
2595 3489 2781 3556 pellem
2823 3506 3024 3559 magnae
3076 3495 3193 3547 ovis
3244 3498 3420 3549 attulit
3466 3497 3529 3549 ad

1967 3587 2203 3632 sanctum
2236 3577 2553 3642 lllacarium;
2595 3587 2646 3630 et
2672 3592 2790 3631 eum
2830 3591 3042 3635 sanctus
3072 3583 3285 3636 vidisset
3318 3584 3531 3651 pellem,

1972 3673 2086 3726 haec
2132 3670 2265 3724 dixit
2297 3671 2496 3740 liyzenaa
2528 3688 2541 3722 ε
2577 3671 2847 3726 Undenam
2904 3675 3037 3727 hanc
3086 3674 3383 3741 habuisses,
3433 3678 3533 3731 nisi

1967 3779 2121 3819 ovem
2162 3763 2387 3831 alicujus
2434 3763 2781 3817 devorassesl
2831 3763 2981 3830 Quod
3027 3779 3153 3832 ergo
3182 3765 3533 3834 proficiscitur

1969 3853 2037 3905 ab
2066 3852 2278 3919 injuria,
2307 3865 2407 3919 ego
2432 3866 2461 3904 a
2488 3859 2541 3905 te
2570 3866 2674 3905 non
2699 3854 2920 3919 accipio.
2965 3853 3157 3922 llyaana
3184 3865 3358 3909 autem
3387 3856 3532 3911 humi

1969 3942 2221 3996 inclinato
2250 3942 2448 4009 capite,
2493 3957 2629 4011 genu
2680 3942 2921 3998 nectebat
2946 3944 3010 3998 ad
3058 3945 3218 4012 pedes
3263 3946 3449 4013 sancti,
3478 3956 3535 4001 et

1966 4034 2193 4102 ponebat
2222 4033 2428 4099 pellem.
2464 4032 2578 4100 Ipse
2608 4042 2784 4087 autem
2809 4034 2857 4088 ei
2888 4034 3099 4088 dicebat
3127 4052 3140 4091 :
3175 4035 3287 4089 Dixi
3318 4049 3403 4090 me
3428 4049 3533 4089 non

1968 4136 2331 4194 accepturum,
2372 4124 2477 4178 nisi
2512 4126 2775 4193 juraveris
2815 4135 2866 4178 te
2897 4142 2999 4179 non
3039 4127 3266 4195 amplius
3304 4126 3536 4182 oﬂ'ensu.

1969 4232 2080 4269 ram
2116 4230 2398 4284 pauperes,
2430 4216 2754 4270 comedenda
2796 4231 2975 4271 eorum
3006 4233 3152 4271 oves.
3194 4219 3286 4271 Illa
3314 4233 3439 4272 vero
3466 4217 3532 4271 ad

1972 4305 2071 4358 hoc
2098 4319 2306 4372 quoque
2334 4306 2506 4372 capite
2541 4321 2636 4359 suo
2676 4308 2878 4371 annuit,
2911 4317 2964 4361 ut
2992 4323 3108 4375 qua:
3140 4319 3321 4363 sancto
3350 4322 3535 4361 asseao

1970 4399 2153 4450 tiretur
2194 4394 2441 4450 Macario.
2510 4397 2658 4450 Tunc
2705 4400 2909 4466 accepit
2967 4400 3158 4467 pellem
3210 4399 3276 4453 ab
3322 4398 3533 4470 hyaena.

1972 4487 2128 4540 Beata
2177 4496 2351 4540 autem
2384 4485 2575 4539 Christi
2621 4488 2811 4540 ancilla
2853 4488 3073 4543 Melania
3122 4491 3256 4543 dixit
3298 4491 3442 4552 mihi,
3476 4505 3535 4544 se

294 4586 412 4637 qua:
438 4570 618 4625 multis
649 4570 802 4622 annis
835 4568 1101 4621 laborarat
1131 4564 1384 4632 paralysi.
1419 4561 1565 4614 llanc
1594 4565 1720 4651 ante
1745 4554 1863 4651 cel-‘-
1892 4576 1941 4637 υ
1971 4578 2112 4632 illam
2142 4578 2329 4641 penem
2370 4579 2636 4645 accepisse
2668 4593 2696 4630 a
2722 4579 2947 4634 Macario
2989 4582 3099 4645 illo,
3131 4583 3273 4651 quod
3302 4583 3536 4650 3Μηηηθ,

295 4659 398 4711 lam
426 4672 573 4711 suam
609 4657 921 4725 projeetam,
948 4651 1308 4706 misericordia
1332 4657 1648 4709 commotus,
1674 4645 1855 4711 viginti

294 4746 481 4800 diebus
531 4758 734 4811 ungens
771 4743 891 4798 oleo
935 4751 1118 4795 saneto
1160 4741 1271 4791 suis
1297 4737 1557 4798 manibus,
1592 4742 1648 4789 et
1674 4749 1853 4797 orans,

292 4850 477 4891 sanam
522 4835 723 4890 remisit
750 4834 801 4887 in
831 4848 980 4887 suam
1011 4831 1299 4886 civitatem.
1333 4829 1458 4895 Qua:
1488 4843 1606 4881 cum
1642 4826 1862 4893 pedibus

291 4926 403 4979 suis
418 4924 741 4988 recessisset,
759 4924 820 4975 ad
839 4930 1051 4976 sanctos
1068 4923 1332 4989 cepiosam
1353 4919 1492 4972 misit
1512 4918 1856 4972 oblationem.

367 5016 448 5069 He
475 5024 649 5068 autem
679 5023 942 5083 prazsente
968 5012 1227 5066 adductus
1256 5020 1336 5065 est
1372 5009 1435 5063 ad
1464 5024 1584 5064 eum
1618 5023 1744 5077 puer
1773 5006 1862 5075 qui

292 5108 581 5163 vexabatur
609 5121 636 5159 a
667 5106 877 5172 spiritu.
913 5104 972 5157 Ei
1022 5112 1198 5157 autem
1232 5117 1443 5157 manum
1490 5102 1765 5170 imponens
1808 5099 1860 5153 in

290 5200 486 5266 capite,
519 5208 572 5251 et
602 5197 871 5249 sinistram
900 5210 1057 5263 supra
1122 5209 1237 5259 cor,
1267 5194 1448 5247 tandiu
1496 5194 1660 5245 oravit
1694 5192 1860 5245 donec

292 5288 507 5341 Fecisset
538 5287 706 5355 ipsum
737 5285 969 5353 pendere
1000 5284 1051 5337 in
1082 5299 1227 5338 aere.
1275 5283 1549 5351 Tanquam
1592 5291 1709 5335 uter
1738 5293 1863 5348 ergo

292 5392 426 5446 puer
456 5376 694 5442 inﬂatus,
726 5378 859 5430 adeo
885 5376 1154 5442 intumuit,
1181 5384 1238 5429 ut
1258 5384 1398 5431 esset
1420 5374 1633 5428 maximi
1663 5373 1863 5443 ponde-

288 5471 383 5521 ris.
420 5466 485 5519 Et
511 5481 630 5520 eum
660 5475 877 5533 repente
915 5465 1285 5529 exclamasset,
1315 5480 1407 5533 per
1448 5478 1634 5519 omnes
1668 5476 1861 5518 sensus

286 5568 479 5624 aquam
508 5557 720 5621 emisit;
753 5565 807 5611 et
831 5571 949 5611 cum
972 5571 1158 5609 rursus
1180 5555 1443 5621 desiisset,
1467 5555 1621 5609 rediit
1648 5554 1712 5608 ad
1740 5568 1856 5608 eam

289 5650 344 5704 in
372 5662 472 5718 qua
506 5649 651 5718 prius
691 5655 809 5704 erat
844 5663 1170 5703 mensuram.
1206 5650 1267 5704 Et
1298 5648 1511 5705 tradidit
1535 5662 1656 5703 eum
1686 5647 1857 5717 patri,

365 5764 382 5795 ‘
416 5764 718 5820 Heraclides
741 5768 855 5821 lucc
874 5765 941 5820 de
963 5764 1151 5823 Marco.

1971 4669 2125 4723 batur
2148 4682 2335 4720 munus
2358 4668 2576 4738 bytenaz.
2602 4670 2735 4735 Quid
2759 4686 2886 4725 vero
2909 4674 3099 4727 mirum
3125 4684 3207 4728 est
3232 4676 3369 4742 apud
3393 4678 3535 4728 viros

1968 4760 2167 4812 mundo
2196 4757 2496 4822 cruciﬁxos,
2528 4758 2570 4810 si
2607 4758 2788 4827 hyaena
2823 4760 3080 4815 beneﬁcio
3108 4763 3318 4823 affecta,
3346 4765 3410 4816 ad
3442 4764 3532 4816 Del

1969 4845 2211 4914 gloriam,
2251 4854 2304 4899 et
2343 4844 2598 4909 honorem
2639 4860 2911 4901 servorum
2951 4850 3088 4919 ejus,
3119 4851 3169 4904 id
3208 4854 3440 4906 sentiens
3468 4853 3533 4905 ad

1970 4949 2089 4989 eum
2113 4948 2329 4987 munera
2355 4934 2628 4988 attulerit?
2664 4951 2783 4989 nam
2814 4939 2902 5005 qui
2954 4940 3006 4993 in
3040 4941 3252 4995 Daniele
3278 4944 3537 5010 propheta

1971 5021 2319 5077 mansuefecit
2348 5022 2552 5088 leones,
2585 5023 2705 5078 huic
2732 5040 2941 5095 quoque
2972 5028 3172 5099 hyaenae
3204 5030 3421 5098 largitus
3453 5042 3534 5085 est

1968 5115 2385 5183 intelligentiam.

2043 5210 2118 5264 De
2146 5224 2209 5264 eo
2239 5217 2414 5263 autem
2457 5210 2656 5263 dictum
2686 5220 2769 5265 est
2788 5212 2925 5279 quod
2956 5228 3018 5267 ex
3046 5230 3149 5282 quo
3184 5216 3279 5269 fuit
3302 5216 3535 5285 baptism

1967 5310 2072 5363 tus.
2099 5298 2243 5354 humi
2273 5314 2375 5354 non
2405 5300 2628 5367 spuerit,
2661 5316 2779 5355 cum
2810 5312 2987 5357 essent
3013 5306 3282 5375 sexaginta
3313 5306 3437 5361 anni
3467 5322 3534 5362 ex

1967 5407 2072 5462 quo
2099 5392 2267 5446 fuerat
2294 5391 2611 5461 baptizatus.
2641 5394 2823 5447 Annos
2844 5392 2985 5450 enim
3011 5404 3167 5450 natus
3188 5396 3530 5467 quadraginta

1967 5482 2284 5549 baptismum
2322 5492 2647 5550 susceperat.

2036 5570 2227 5624 Forma
2268 5578 2445 5625 autem
2492 5573 2608 5639 ejus
2634 5581 2746 5625 erat
2784 5572 3081 5643 hujusmodi
3109 5593 3120 5627 :
3152 5584 3361 5644 oportet
3386 5579 3526 5633 enim

1967 5673 2050 5713 me
2079 5673 2285 5729 quoque
2314 5659 2404 5714 tibi
2435 5660 2537 5716 hoc
2574 5660 2895 5729 significare.
2922 5664 3119 5720 Christi
3149 5680 3324 5735 serve,
3357 5674 3413 5721 ut
3441 5669 3531 5737 qui
