4258 6358
794 420 927 478 ιῦϐὅ

2253 406 2567 470 PALLADH

3903 406 4065 465 l0“

811 544 909 593 hoc
936 539 1096 591 sciam
1126 536 1345 603 optime,
1370 545 1490 588 cum
1530 550 1643 588 mea
1674 536 1900 602 parvitas
1938 537 1984 590 ei
2025 536 2177 590 fuerit
2218 547 2351 590 tetn-
2382 541 2429 595 Α
2456 550 2541 596 sto
2625 548 2681 593 et
2755 540 2996 595 vindicta
3041 541 3232 608 cupido
3265 542 3443 595 animo
3479 550 3595 596 erat
3627 544 3679 595 in
3720 552 4033 611 pastorem,

807 642 933 692 pore
958 625 1195 692 aqualis.
1232 625 1353 676 Erat
1378 635 1551 677 autem
1574 624 1686 691 ejus
1710 622 1877 677 forma
1907 628 2033 679 satis
2062 631 2262 680 minuta
2291 645 2352 683 ac

807 712 984 767 mutila
1017 722 1067 764 et
1111 728 1248 774 rara,
1276 714 1406 777 pilos
1446 714 1614 766 solum
1658 714 1853 768 habens
1883 717 1933 767 in
1975 717 2138 770 labro.
2188 719 2351 784 Quin-

806 805 965 855 etiam
1010 803 1057 853 in
1098 815 1342 867 suprema
1382 814 1529 869 parte
1568 802 1791 857 habebat
1822 820 2033 872 paucos.
2074 807 2203 861 Nam
2238 824 2354 871 pro.

809 901 927 959 pter
966 891 1200 956 ingentes
1233 891 1436 943 labores
1483 892 1891 958 exercitationis,
1925 894 2110 962 nc-pili
2141 897 2353 963 quidem

812 979 973 1033 menti
1003 980 1179 1031 barba
1207 979 1253 1032 ei
1282 978 1419 1031 enati
1448 987 1588 1030 sunt.

884 1069 959 1123 Ad
989 1070 1123 1122 hunc
1161 1079 1395 1121 sanctum
1427 1068 1707 1122 Macarium
1747 1082 1863 1123 cum
1903 1071 2125 1138 quodam
2164 1072 2251 1126 die
2274 1088 2359 1126 ve-

810 1160 1029 1224 nissem,
1062 1170 1115 1212 et
1141 1174 1311 1213 essem
1334 1160 1508 1213 animo
1530 1160 1680 1215 valde
1699 1162 1906 1228 anxius,
1930 1162 2048 1218 dico
2068 1164 2139 1218 illi
2172 1181 2185 1217 :
2212 1164 2359 1218 Abba

814 1246 1032 1310 Macari,
1064 1247 1184 1314 quid
1212 1248 1421 1311 faciam,
1450 1249 1690 1315 quoniam
1721 1264 1803 1303 me
1829 1251 2065 1320 afﬂigunt
2088 1253 2363 1321 cogitatio-

823 1348 939 1395 nes,
983 1334 1109 1387 mihi
1162 1335 1439 1388 dicentes:
1481 1335 1617 1389 Nihil
1665 1337 1810 1401 facis,
1845 1339 2029 1393 recede
2072 1340 2211 1393 hinc.
2257 1341 2362 1395 Re-

811 1426 1033 1492 spondet
1061 1425 1187 1477 mihi
1217 1425 1399 1479 dicens
1426 1437 1637 1479 sanctus
1667 1426 1822 1479 Pater
1851 1428 2107 1482 Macarius
2139 1447 2153 1485 z
2184 1431 2278 1484 Dic
2306 1440 2362 1485 tu

813 1516 914 1569 tuis
960 1516 1363 1584 cogitationibus
1395 1533 1407 1567 :
1441 1516 1659 1584 PrOpter
1685 1515 1951 1570 Christum
1992 1520 2232 1573 custodio
2271 1535 2364 1588 pa-

812 1606 991 1658 rietes.

885 1695 1024 1756 llae,
1070 1708 1101 1744 o
1129 1692 1361 1747 studiose
1395 1700 1448 1746 et
1496 1690 1851 1748 amantissime
1874 1694 2064 1749 Christi
2097 1710 2269 1761 serve,
2301 1713 2365 1753 ex

814 1782 992 1835 multis
1043 1792 1096 1835 et
1133 1783 1335 1847 magnis
1384 1782 1544 1848 signis
1581 1790 1633 1834 et
1668 1784 2046 1840 certaminibus
2094 1785 2274 1855 inclyti
2312 1797 2365 1840 et

814 1869 1004 1922 virtute
1032 1870 1232 1935 praditi
1256 1869 1463 1921 Macarii
1492 1867 1803 1937 significavi.

888 1959 982 2011 llic
1014 1957 1267 2012 Macarius
1296 1958 1449 2011 nobis
1478 1959 1707 2012 narravit
1735 1959 1867 2027 (erat
1897 1961 2035 2015 enim
2067 1963 2360 2035 presbyter)

813 2065 873 2106 se
901 2052 1213 2107 observasse
1257 2062 1491 2121 tempore
1534 2056 1918 2109 communionis
1948 2054 2142 2109 Christi
2191 2070 2364 2108 sacra-

813 2152 1141 2206 mentorum,
1170 2156 1228 2196 se
1256 2144 1432 2197 Marco
1479 2146 1810 2200 exercitatori
1856 2161 2119 2215 nunquam
2149 2146 2365 2201 dedisse

816 2230 1159 2294 oblationem,
1185 2232 1280 2286 sed
1320 2233 1368 2287 ei
1397 2234 1640 2302 angelum
1684 2234 1890 2290 dedisse
1935 2250 1999 2290 ex
2041 2251 2164 2299 ara;
2196 2237 2363 2290 solum

816 2331 991 2376 autem
1033 2336 1090 2378 se
1118 2322 1311 2378 vidisse
1335 2322 1552 2391 digitum
1582 2339 1767 2378 manus
1790 2325 1904 2393 ejus
1933 2325 2021 2394 qui
2046 2325 2219 2379 dabat.

1400 2431 1619 2489 CAPUT
1658 2432 1796 2488 XXI.

1250 2545 1365 2599 Vita
1403 2546 1593 2601 abbatis
1621 2546 1785 2601 Marci
1809 2547 1940 2619 (53).

886 2655 1013 2709 Cum
1059 2667 1199 2710 esset
1230 2666 1403 2711 autem
1434 2656 1520 2711 hic
1545 2658 1746 2711 Marcus
1786 2658 1983 2725 junior,
2015 2659 2227 2713 dicebat
2257 2673 2367 2713 me-

817 2745 1035 2798 moriter
1062 2744 1217 2798 Vetus
1244 2754 1296 2797 et
1320 2745 1521 2799 Novum
1552 2746 1967 2814 Testamentum,
1997 2759 2210 2816 eratque
2239 2749 2368 2802 insi-

818 2835 989 2900 gniter
1014 2834 1175 2898 mitis,
1206 2844 1261 2888 et
1293 2849 1497 2890 summe
1520 2846 1833 2905 temperans.
1865 2840 2099 2906 Quodam
2129 2856 2255 2909 ergo
2284 2840 2370 2894 die

817 2936 936 2975 cum
963 2924 1089 2976 satis
1112 2923 1203 2977 otii
1234 2924 1481 2979 haberem
1513 2928 1562 2978 in
1595 2928 1725 2981 cella
1756 2942 1894 2993 mea,
1925 2928 1977 2982 in
2008 2938 2238 2982 extrema
2262 2930 2369 2997 jam

816 3008 933 3080 ejus
977 3021 1246 3067 senectute
1288 3013 1354 3067 ad
1403 3029 1521 3069 eum
1568 3017 1744 3083 venio,
1791 3025 1845 3070 et
1890 3018 2024 3071 ostio
2071 3019 2185 3084 ejus
2225 3019 2371 3071 cella

819 3102 1049 3158 assideo.
1091 3103 1254 3169 Quem
1284 3118 1403 3172 ego,
1451 3111 1629 3173 utpote
1676 3106 1765 3173 qui
1796 3121 1966 3160 essem
2008 3107 2177 3160 adhuc
2206 3108 2368 3173 rudis,

818 3189 1179 3243 existimabam
1210 3206 1326 3245 esse
1354 3207 1509 3260 supra
1537 3193 1821 3259 hominem,
1852 3196 1986 3247 sicut
2029 3206 2170 3259 erat;
2202 3206 2253 3249 et
2278 3212 2369 3250 au-

818 3280 1106 3333 scultaham
1136 3282 1382 3349 quidnam
1413 3284 1612 3335 diceret
1639 3284 1717 3336 vel
1745 3280 1960 3337 faceret.
2009 3284 2055 3336 Is
2084 3295 2259 3339 autem
2292 3289 2370 3340 in-

819 3378 901 3421 tus
946 3370 1108 3435 solus,
1154 3385 1273 3425 cum
1316 3373 1422 3441 jam
1470 3382 1680 3427 centum
1719 3388 1882 3427 annos
1932 3378 2289 3446 transegisset,
2321 3389 2374 3433 et

819 3459 1005 3514 dentes
1052 3462 1333 3530 amisisset,
1366 3479 1543 3519 secum
1586 3467 1847 3535 pugnabat
1897 3476 1951 3521 et
1997 3482 2113 3522 cum
2141 3469 2368 3535 diabolo,

821 3562 871 3603 et
895 3551 1103 3605 dicebat
1127 3571 1138 3603 :
1165 3554 1298 3618 Quid
1329 3556 1411 3607 vis
1440 3556 1706 3623 deinceps,
1738 3558 2000 3632 κακόγηρε,
2036 3559 2084 3611 id
2112 3567 2213 3623 est,
2240 3560 2375 3614 male

818 3644 1014 3695 senex?
1037 3642 1168 3697 Ecce
1194 3646 1300 3711 jam
1330 3655 1380 3699 et
1410 3648 1592 3700 vinum
1621 3648 1819 3713 bibisti,
1858 3662 1909 3703 et
1938 3651 2107 3703 oleum
2140 3651 2373 3717 tetigisti.

818 3732 950 3797 Quid
979 3733 1053 3786 vis
1076 3734 1325 3803 deinceps
1350 3740 1633 3811 πολιοφαγε,
1666 3740 1716 3793 id
1747 3749 1846 3805 est,
1876 3756 2034 3794 vorax
2084 3743 2133 3795 in
2160 3744 2368 3808 Canitie,

817 3831 869 3876 et
897 3823 1212 3889 κοιλιὸδουλε,
1248 3828 1295 3879 id
1325 3836 1427 3891 est,
1458 3830 1626 3883 ventri
1660 3831 1911 3895 serviens,
1946 3832 2136 3897 probro
2166 3842 2219 3885 et
2248 3847 2373 3885 con-

817 3914 1028 3966 tumelia
1055 3924 1102 3967 te
1130 3918 1297 3983 ipsum
1319 3919 1589 3973 alliciens?
1614 3920 1677 3974 Et
1699 3921 1908 3973 diabolo
1930 3923 2139 3976 dicens:
2167 3924 2374 3979 Recede

817 4017 846 4054 a
880 4017 985 4067 me,
1012 4004 1236 4071 diabole,
1262 4010 1582 4063 consenuisti
1613 4024 1817 4063 mecum
1850 4009 1901 4063 in
1930 4011 2369 4081 dissensionibus,

817 4092 1047 4162 injecisti
1078 4096 1202 4149 mihi
1234 4097 1641 4152 imbecillitatem
1677 4100 1935 4168 corporis,
1980 4100 2143 4155 fecisti
2177 4119 2259 4157 me
2291 4104 2373 4157 bi-

818 4178 945 4237 bere
974 4186 1150 4239 vinum
1173 4228 1185 4251 ,
1218 4195 1270 4240 et
1309 4201 1516 4242 sumere
1557 4188 1747 4256 oleum,
1778 4204 1861 4244 me
1888 4189 2113 4244 reddens
2143 4192 2376 4259 volupta-

816 4272 973 4326 rium.
1018 4276 1270 4331 Adhucne
1310 4278 1401 4331 tibi
1445 4278 1639 4347 aliquid
1678 4278 1879 4333 debeo?
1926 4279 2077 4347 Apud
2118 4296 2202 4333 me
2248 4281 2375 4335 nihil

818 4362 1023 4417 invenis
1062 4366 1201 4433 quod
1233 4366 1362 4420 velis
1402 4368 1647 4435 diripere.
1698 4368 1902 4421 Recede
1931 4384 1959 4421 a
1996 4384 2078 4423 me
2107 4368 2374 4435 deinceps,

817 4456 1028 4510 inimice
1056 4456 1349 4512 hominum.
1374 4459 1449 4513 Ac
1474 4460 1632 4513 veluti
1662 4474 1719 4512 se
1742 4474 2033 4527 provocans
2061 4468 2114 4514 et
2142 4461 2372 4523 irritans,

819 4560 995 4598 secum
1041 4546 1373 4617 loquebatur,
1417 4549 1639 4603 dicendo
1667 4562 1681 4601 :
1708 4549 1997 4613 Abesdum,
2049 4565 2079 4601 o
2127 4560 2370 4648 nugator,
2399 4572 2452 4631 D
2476 4591 2507 4630 ο
2538 4577 2730 4641 frater;
2774 4590 2893 4631 sum
2924 4546 3199 4648 princ'ipia'

820 4634 873 4687 in
912 4636 1105 4690 canitie
1136 4647 1369 4705 vorator,
1403 4647 1455 4694 et
1496 4639 1668 4693 helluo
1714 4640 1765 4691 in
1794 4648 2082 4694 senecmte.
2134 4641 2373 4705 Quandiu

822 4741 913 4779 ero
943 4728 1149 4781 tecum?

1385 4794 1605 4851 CAPUT
1648 4798 1805 4851 XXII.

919 4908 1034 4961 Vita
1064 4909 1255 4963 abbatis
1278 4907 1472 4977 Moysis
1504 4909 1639 4979 (54),
1669 4910 1755 4979 qui
1780 4910 1877 4978 fuit
1906 4926 1967 4962 ex
1990 4909 2290 4963 latronibus.

894 5018 1014 5071 Fuit
1045 5018 1253 5087 quidam
1284 5018 1490 5088 Moyses
1521 5020 1751 5081 nomine.
1775 5017 2017 5085 Ethiops
2046 5032 2258 5085 genere,
2290 5018 2374 5070 ni-

824 5122 936 5177 ger,
951 5120 1133 5160 servus
1150 5106 1418 5175 cujusdam
1446 5110 1531 5176 qui
1558 5109 1773 5175 gerebat
1790 5108 2160 5176 rempublicam
2182 5124 2194 5171 ;
2221 5121 2375 5175 quem

827 5208 1038 5267 propter
1084 5211 1287 5250 morum
1336 5198 1721 5265 improbitatem
1768 5206 1821 5252 et
1868 5198 2130 5251 latrocinii
2176 5198 2374 5251 Crimen

831 5286 1054 5357 projecit
1079 5287 1193 5355 ejus
1242 5287 1503 5341 dominus.
1555 5288 1834 5342 Dicebatur
1862 5289 2000 5342 enim
2028 5287 2184 5341 etiam
2215 5300 2379 5354 nsque

831 5375 896 5429 ad
944 5376 1115 5429 cades
1166 5376 1440 5445 progredi;
1492 5392 1654 5445 cogor
1699 5378 1836 5431 enim
1865 5376 2042 5430 dicere
2086 5374 2219 5429 facta
2265 5376 2378 5443 ejus

831 5468 1200 5533 improbitatis,
1231 5478 1284 5521 ut
1315 5481 1489 5536 postea
1533 5470 1804 5523 ostendam
1838 5471 2082 5522 virtutem
2118 5469 2230 5536 ejus
2270 5484 2377 5536 pce-

830 5557 1082 5614 nitcntia.
1126 5560 1413 5614 Narrarunt
1454 5576 1579 5628 ergo
1624 5561 1782 5629 aliqui
1828 5577 1946 5614 eum
1995 5561 2153 5614 fuisse
2199 5561 2386 5629 prafe-

830 5655 970 5698 ctum
1013 5663 1215 5715 magna
1252 5659 1474 5703 caterva
1512 5651 1792 5702 latronum.
1833 5649 1990 5716 Cujus
2030 5651 2165 5703 inter
2195 5661 2385 5703 catera

826 5735 1165 5793 Iatroclnandi
1196 5753 1351 5806 opera
1399 5740 1497 5793 hoc
1546 5754 1751 5807 quoque
1799 5740 1981 5795 lertnr.
2031 5741 2166 5807 quod
2246 5736 2383 5791 infe-

2459 631 2548 696 qui
2577 630 2642 683 ad
2670 644 2777 684 rem
2806 630 3032 699 aliquam
3063 630 3367 697 patrandam
3396 632 3540 685 eunti
3569 631 3667 685 sibi
3697 633 3865 688 fuerat
3894 650 4033 688 cum

2453 718 2670 772 canibus
2700 719 2809 771 suis
2841 721 3236 786 impedimento.
3287 720 3453 785 Quem
3498 736 3617 775 cum
3662 723 3819 776 vellet
3866 727 4032 777 occi—

2456 808 2602 869 dere,
2633 810 2810 862 obibat
2852 812 3024 862 locum
3066 810 3116 862 in
3143 824 3246 877 quo
3284 813 3397 875 ejus
3427 824 3557 864 oves
3596 810 3863 864 habebant
3908 823 4036 865 sta-

2456 897 2673 961 tionem,
2716 896 2765 949 ei
2805 903 2978 949 autem
3024 896 3373 967 significatum
3399 906 3481 951 est
3522 900 3690 965 ipsum
3727 914 3844 952 esse
3877 910 4035 953 trans

2457 983 2650 1037 Nilum.
2683 984 2747 1038 Et
2784 999 2907 1040 cum
2929 987 3118 1039 fluvius
3146 986 3234 1039 illo
3278 996 3514 1052 tempore
3544 989 3843 1054 inundaret,
3876 998 3931 1043 et
3962 992 4035 1043 ad

2460 1071 2601 1125 mille
2630 1087 2813 1140 passus
2844 1083 3045 1140 pateret
3070 1074 3361 1137 latitudine,
3393 1090 3574 1130 ensem
3608 1088 3791 1132 tenens
3818 1081 4037 1132 mordi-

2459 1178 2575 1231 cus,
2599 1172 2651 1218 et
2680 1167 2908 1221 tunicam
2939 1183 3039 1236 qua
3074 1176 3186 1221 erat
3229 1169 3439 1221 indutus
3484 1169 3761 1237 imponens
3798 1186 3897 1225 suo
3927 1185 4032 1222 ca-

2461 1252 2577 1320 piti,
2612 1254 2839 1308 natando
2898 1257 2975 1311 sic
3027 1260 3316 1311 transmisit
3359 1257 3597 1312 ﬂuvium.
3666 1260 3797 1313 Dum
3842 1273 4037 1315 autem

2460 1349 2835 1408 transnataret,
2853 1347 3019 1411 potuit
3047 1355 3222 1412 pastor
3243 1361 3301 1400 se
3322 1348 3644 1403 abscondere
3660 1350 3855 1404 alicubi
3880 1350 4035 1405 inl'u-

2461 1430 2629 1484 diens.
2655 1430 2785 1485 Cum
2808 1446 2933 1501 ergo
2959 1433 3124 1503 Moysi
3153 1445 3383 1501 captum
3410 1449 3513 1489 non
3532 1438 3902 1503 successisset,
3936 1455 4040 1495 oc—

2462 1518 2586 1571 cisis
2630 1528 2853 1587 quatuor
2893 1521 3114 1589 egregiis
3161 1524 3433 1589 arietibus,
3479 1536 3533 1579 et
3584 1526 3705 1581 fune
3740 1530 4037 1598 colligatis,

2464 1608 2638 1663 Nilum
2673 1629 2857 1668 rursus
2887 1615 3152 1680 tranavit;
3182 1627 3235 1671 et
3270 1634 3388 1672 cum
3416 1622 3467 1673 in
3496 1636 3708 1690 parvam
3739 1622 4037 1689 quamdam

2466 1698 2643 1753 villam
2668 1704 2918 1767 venisset,
2946 1706 3233 1759 excoriavit
3259 1708 3481 1772 arietes;
3508 1721 3700 1764 etcum
3726 1725 3847 1778 qua
3877 1722 4041 1765 erant

2465 1787 2639 1841 carnis
2667 1790 2861 1857 optima
2904 1792 3244 1857 comedisset,
3279 1804 3333 1849 et
3360 1795 3526 1864 pelles
3567 1812 3661 1865 pro
3696 1800 3818 1852 vino
3848 1800 4041 1852 vendi-

2398 1871 2653 1943 Bdisset,
2703 1893 2821 1932 cum
2870 1881 3059 1935 saltem
3104 1881 3403 1939 Italicorum
3468 1885 3681 1941 circiter
3731 1889 4038 1943 octodecim

2468 1968 2582 2039 (55)
2632 1970 2903 2034 ehibisset,
2951 1972 3092 2026 illinc
3138 1975 3200 2026 ad
3248 1977 3621 2047 quinquaginta
3652 1978 3903 2034 milliaria
3955 1990 4041 2035 est

2468 2059 2751 2128 profectus,
2779 2059 2865 2114 ubi
2893 2060 3115 2115 habebat
3139 2064 3439 2134 collegium.

2536 2150 2631 2203 Hic
2671 2152 2911 2219 princeps
2956 2152 3215 2208 latronum
3261 2169 3381 2211 sero
3432 2158 3641 2213 tandem
3684 2174 3809 2214 casu
3854 2161 4041 2229 aliqua

2465 2240 2551 2306 qui
2590 2240 2636 2293 ei
2666 2239 2930 2295 acciderat
2972 2255 3315 2311 compunctus
3343 2285 3357 2310 ,
3383 2247 3595 2301 tradidit
3638 2250 3876 2316 seipsum
3908 2264 4030 2303 nte-

2466 2331 2722 2395 nasterio;
2754 2341 2805 2385 et
2832 2332 2896 2385 ad
2928 2340 3125 2387 tantam
3157 2338 3417 2403 processit
3446 2340 3827 2407 paenitentiam,
3860 2356 4041 2407 quan-

2468 2430 2572 2473 tam
2603 2435 2687 2475 res
2713 2422 2839 2490 ipsa
2865 2423 3183 2480 indicarunt.
3214 2425 3356 2480 lnter
3382 2436 3577 2483 catera
3606 2436 3781 2483 autem
3810 2431 4034 2497 dicitur,

2466 2510 2604 2577 quod
2633 2526 2752 2564 cum
2783 2523 3003 2581 quatuor
3029 2514 3256 2570 latrones
3294 2517 3344 2571 in
3368 2532 3489 2573 eum
3518 2519 3567 2573 in
3598 2521 3724 2573 cella
3757 2521 4039 2576 sedentem

2468 2600 2747 2655 irruissent
2777 2642 2791 2666 ,
2864 2604 3167 2669 ignorantes
3218 2621 3335 2660 eum
3375 2623 3492 2664 esse
3530 2610 3761 2679 Moysem
3790 2650 3806 2674 ,
3848 2612 4041 2665 beatus

2471 2688 2677 2759 Moyses
2701 2706 2791 2745 eos
2815 2700 3059 2761 tanquam
3087 2709 3294 2749 saccum
3318 2697 3484 2766 palea
3506 2698 3772 2765 ligatos,et
3798 2700 4040 2757 humeris

2470 2778 2737 2847 imposuit,
2779 2793 2832 2835 et
2877 2782 2939 2835 ad
2966 2783 3182 2837 fratrum
3212 2788 3437 2853 portavit
3466 2790 3765 2855 ecclesiam,
3798 2790 4020 2845 dicens:

2471 2868 2727 2931 Quoniam
2770 2885 2873 2924 non
2914 2871 3037 2925 licet
3075 2873 3201 2926 mihi
3239 2875 3393 2928 alicui
3429 2876 3604 2931 facere
3647 2878 3918 2944 injuriam,
3948 2883 4033 2934 in-

2472 2961 2590 3011 veni
2635 2969 2808 3013 autem
2849 2974 2941 3013 eos
2981 2975 3066 3015 me
3116 2974 3421 3030 aggressos,
3462 2966 3589 3033 quid
3629 2966 3696 3020 de
3735 2967 3799 3020 iis
3839 2968 4037 3035 jubetis

2474 3048 2623 3101 lteri?
2656 3048 2765 3103 Hoc
2790 3049 2948 3103 modo
2974 3059 3148 3105 autem
3172 3054 3537 3122 comprehensi
3568 3071 3596 3110 a
3624 3066 3809 3111 sancto
3830 3059 4037 3129 Moyse,

2477 3139 2589 3192 Deo
2630 3140 2858 3194 confessi
2904 3150 3047 3195 sunt.
3103 3142 3170 3196 Et
3196 3158 3314 3197 cum
3362 3148 3735 3215 cognovissent
3768 3164 3891 3203 eum
3921 3166 4037 3205 esse

2400 3232 2443 3293 C
2478 3227 2707 3297 Moysem
2746 3231 2833 3298 qui
2873 3228 2973 3284 fuit
3013 3232 3295 3300 aliquando
3336 3235 3553 3304 insignis
3592 3237 3835 3305 princeps
3877 3240 4039 3294 latro-

2476 3332 2621 3381 num,
2648 3316 2914 3372 Christum
2945 3334 3011 3374 eo
3052 3322 3264 3376 nomine
3311 3323 3688 3393 gloriﬁcantes,
3723 3327 3798 3381 illi
3826 3344 4039 3398 quoque

2477 3410 2671 3459 mundo
2711 3409 3080 3464 renuntiarunt
3127 3421 3340 3479 prOpter
3387 3413 3503 3482 ejus
3548 3415 3941 3483 paenitentiam,
3990 3430 4037 3473 et

2476 3507 2758 3551 evaserunt
2802 3502 3046 3553 monachi
3095 3502 3479 3569 probatissimi,
3509 3505 3585 3560 sic
3627 3508 3954 3575 cogitantes:
3986 3512 4036 3565 Si

2478 3587 2562 3641 hic
2591 3590 2677 3655 qui
2728 3599 2926 3643 tantum
2968 3592 3174 3646 valebat
3212 3593 3411 3649 viribtts
3458 3597 3728 3651 latrocinia
3772 3602 3924 3667 parvi
3967 3606 4038 3653 la-

2474 3678 2642 3744 ciens,
2668 3678 2742 3732 sic
2764 3678 2926 3733 Deum
2960 3682 3139 3747 timet;
3176 3685 3297 3753 quid
3328 3699 3425 3740 nos
3469 3686 3641 3743 adhuc
3686 3698 3921 3744 nostram
3949 3707 4035 3745 sa-

2478 3770 2639 3822 lutem
2672 3770 2993 3826 dilTerimus?

2548 3859 2759 3913 Beatum
2792 3873 2964 3915 autem
2999 3863 3229 3931 Moysem
3262 3865 3365 3935 (sic
3395 3866 3533 3919 enim
3563 3876 3770 3934 oportet
3798 3885 3918 3923 eum
3949 3887 4036 3924 ro-

2480 3947 2624 4016 care)
2656 3950 2903 4017 deinceps
2930 3952 3098 4004 adorti
3131 3964 3250 4005 sunt
3280 3954 3566 4019 damones,
3591 3958 3655 4010 ad
3688 3958 4035 4016 fornicatoria

2476 4036 2899 4105 intemperantia
2930 4039 3259 4107 impellentes
3299 4059 3418 4097 eum
3448 4049 3921 4112 consuetudinem;
3951 4056 4035 4115 qui

2478 4144 2640 4197 usque
2668 4130 2798 4183 adeo
2828 4132 2893 4184 ab
2923 4132 3047 4199 ipsis
3078 4136 3173 4185 t’uit
3205 4144 3450 4201 tentatus,
3478 4139 3611 4191 sicut
3640 4139 3749 4207 ipse
3778 4148 4029 4207 narravit,

2476 4227 2532 4271 ut
2558 4234 2738 4286 parum
2768 4218 2990 4274 abfuerit
3023 4223 3146 4290 quin
3178 4238 3295 4277 eum
3328 4226 3393 4279 ab
3424 4226 3663 4281 instituto
3689 4228 4033 4285 dimoverent.

2476 4307 2608 4360 Cum
2641 4316 2816 4361 autem
2869 4312 3172 4365 accessisset
3222 4314 3286 4367 ad
3336 4330 3581 4385 magnum
3632 4319 3908 4385 lsidorum,
3950 4325 4033 4391 qni

2478 4399 2690 4452 sedebat
2727 4400 2776 4452 in
2804 4400 2976 4464 Scete,
3007 4403 3160 4455 tertio
3193 4404 3257 4456 ad
3286 4420 3405 4459 eum
3446 4408 3623 4461 retulit
3664 4408 3729 4463 de
3758 4408 3899 4464 bello
3936 4411 4034 4465 for—

2481 4489 2776 4544 nicationis.
2825 4490 2919 4545 Cui
2976 4494 3245 4559 respondit
3290 4507 3542 4550 sanctus:
3574 4499 3647 4553 Ne
3685 4503 4032 4567 conturberis,

3227 4592 3279 4636 et
3322 4584 3441 4639 ideo
3484 4595 3534 4640 te
3558 4588 3920 4643 vehementius
3949 4592 4028 4645 in-

2480 4678 2750 4733 vaserunt,
2784 4668 3005 4733 priorem
3040 4673 3365 4737 requirentes
3408 4677 3865 4733 consuetudinem.
3894 4679 4033 4733 Sicut

2483 4758 2623 4812 enim
2647 4760 2792 4811 canis
2818 4774 2934 4812 cum
2959 4764 3256 4815 assueverit
3286 4764 3339 4817 in
3367 4768 3588 4821 macello
3613 4782 3801 4832 pernas
3830 4771 4032 4832 rodere.

2482 4861 2585 4899 non
2629 4847 2830 4900 recedit
2873 4862 2901 4900 a
2942 4850 3354 4917 crnsuetudine;
3396 4855 3488 4907 sed
3531 4856 3573 4908 si
3602 4853 3762 4910 fuerit
3806 4860 4031 4914 clausum

2482 4932 2779 4997 macellum,
2828 4942 2880 4987 et
2932 4950 3085 4989 nemo
3130 4938 3175 4991 ei
3218 4938 3439 5005 dederit,
3486 4940 3624 4997 fame
3671 4954 3889 4999 enectus
3934 4963 4030 5000 non

2485 5023 2708 5091 amplius
2750 5025 2981 5089 accedit;
3030 5028 3107 5079 sic
3153 5036 3205 5080 tu
3248 5044 3475 5098 quoque,
3524 5034 3566 5085 si
3592 5038 3945 5099 permanseris
3988 5042 4029 5092 in

2487 5124 2591 5168 tua
2638 5118 2975 5172 continentia
3020 5122 3414 5186 exercitatione,
3450 5125 3771 5179 mortificans
3802 5132 4027 5183 membra

2490 5215 2573 5257 tua
2621 5220 2738 5273 qua
2788 5216 2911 5261 sunt
2956 5225 3111 5277 supra
3145 5220 3336 5265 terram
3386 5211 3601 5281 (Colon.
3630 5218 3733 5285 ιιι),
3777 5228 3829 5273 et
3866 5224 4030 5273 exclu-

2488 5294 2622 5347 dcns
2663 5294 2729 5349 ab
2768 5296 3003 5365 ingressu
3046 5300 3325 5367 ingluviem
3365 5318 3479 5369 qua
3520 5305 3648 5369 parit
3690 5306 4030 5375 intemperan-

2488 5386 2635 5447 tiam,
2664 5400 2802 5454 agre
2833 5388 3005 5441 ferens
3037 5390 3267 5455 daemon,
3299 5402 3353 5443 ut
3381 5393 3467 5461 qui
3511 5394 3659 5448 cibos
3711 5411 3815 5450 non
3852 5398 4029 5453 habe.:t

2488 5475 2571 5541 qui
2620 5477 2927 5542 accendant,
2972 5489 3079 5531 ate
3109 5482 3342 5534 recedet.
3389 5481 3517 5534 Cum
3564 5498 3690 5551 ergo
3733 5492 4030 5543 secessisset

2488 5565 2683 5617 Christi
2714 5580 2896 5619 servus
2942 5569 3163 5639 Moyses,
3196 5579 3248 5622 et
3278 5571 3344 5623 ab
3393 5572 3475 5624 illa
3509 5578 3635 5626 hora
3684 5576 3919 5645 seipsum
3958 5579 4029 5632 in-

2489 5653 2737 5710 clusisset
2786 5656 2837 5709 in
2868 5657 3021 5721 cella,
3072 5659 3297 5712 maxima
3346 5660 3395 5714 in
3425 5661 3671 5715 omnibus
3698 5667 4028 5724 exercebatur

2495 5744 2787 5810 tolerantia,
2833 5750 3059 5802 maxime
3104 5760 3274 5803 autem
3324 5751 3376 5804 in
3440 5752 3752 5806 abstinentia
3799 5768 3830 5807 ι
3874 5755 4031 5819 οἱδὶ»)
