4258 6358
304 410 446 479 1065

1533 412 1895 474 HISTORIA
1933 412 2319 474 LAUSIACA.

3420 422 3555 488 1066

301 525 425 587 ιτος
450 525 588 595 ἔχων
609 525 701 593 ἀφ’
722 519 783 581 οὗ
812 524 1077 580 ὲόαπτίσθ
1123 565 1137 579 .
1165 524 1582 595 Τεσσαράκοντα
1611 525 1720 594 γὰρ
1740 523 1876 577 ἐτῶν
1906 526 1951 582 Α
1979 522 2234 586 ἀπιόντα,
2271 523 2410 593 μετά
2443 522 2550 578 τῶν
2584 524 2682 593 τῆς
2709 524 2946 595 ποίμνης
2979 528 3152 581 κυνῶν
3175 530 3233 582 tv
3276 533 3430 584 νυκτί
3453 551 3465 563 ·
3493 536 3552 587 δν

302 608 623 660 ἐτύγγανεν,
680 610 767 660 ὅτε
826 544 1131 660 tantulo-gl}
1170 610 1199 660 ὁ
1254 610 1475 660 γνήσιος
1507 606 1600 659 τοῦ
1633 607 1870 660 Χριστοῦ
1979 602 2298 657 ἀποκτεῖναι
2353 604 2590 660 θελήσας
2616 607 2954 660 περιενόστει
2988 609 3077 660 τὸν
3110 612 3274 660 τόπον
3300 612 3426 660 ἔνθα
3456 616 3552 660 τὶν

1100 627 1131 677 η

302 608 623 677 ἐτύγχανεν,
680 610 767 660 ὅτε
826 606 1131 677 ἐδαπτίσθη
1170 610 1199 661 6
1254 610 1475 677 γνήσιος
1507 606 1600 659 τοῦ
1633 607 1870 677 Χριστοῦ

302 690 511 753 δοῦλος,
548 692 643 744 καὶ
674 692 941 754 ἀθάνατος
978 692 1286 760 Μακάριος.

373 767 481 823 Ἦν
514 774 571 825 δὲ
625 774 686 825 τὸ
731 771 868 837 είδος
928 776 1197 844 ἀηττήτου
1244 775 1477 844 ἀθλητοῦ
1518 776 1611 829 τοῦ
1641 774 1878 844 Χριστοῦ

301 855 593 925 Μακαρίου
618 856 855 908 τοιοῦτον
885 857 981 926 τῆς
1012 859 1241 928 ήλικίας.
1276 861 1368 909 Δεῖ
1400 874 1469 927 με
1498 858 1607 928 γὰρ
1636 860 1728 911 καὶ
1752 859 1879 927 περὶ

300 936 494 990 τούτου
554 940 797 1008 σημᾶναι
836 957 940 1004 σοι,
991 941 1144 995 δοῦλε
1183 942 1278 995 τοῦ
1338 942 1600 1012 Χριστοῦ,
1635 940 1877 1012 ἀκριϐῶς

301 1018 438 1087 ἐμοῦ
473 1020 663 1073 τοῦτον
688 1021 1063 1088 γινώσκοντος,
1084 1024 1159 1087 ὡς
1184 1024 1278 1078 ᾶτε
1308 1025 1400 1077 καὶ
1436 1026 1551 1094 μετ’
1582 1024 1746 1079 αὐτοῦ
1780 1024 1878 1092 τὴν

300 1103 443 1173 ἐμὴν
469 1103 784 1175 βραχύτητα
815 1106 1267 1176 συγχρονίσασαν.
1286 1103 1395 1161 Ἦν
1414 1106 1506 1161 οῦν
1528 1107 1589 1161 τὸ
1622 1103 1757 1169 εἶδος
1780 1106 1878 1175 τῆς

300 1184 522 1252 ἡλικίας
551 1186 715 1239 αὑτοῦ
746 1188 1075 1241 ὑποκολοόδν
1097 1232 1111 1254 ,
1147 1191 1371 1253 σπανδν,
1404 1192 1495 1243 ἐπὶ
1527 1190 1622 1243 τοῦ
1668 1190 1878 1260 χείλους

303 1266 467 1334 μόνον
495 1267 620 1337 έχον
650 1270 874 1338 τρίχας·
901 1271 994 1323 καὶ
1029 1273 1109 1335 είς
1142 1272 1203 1325 τὸ
1227 1273 1396 1344 ἀκρον
1440 1274 1497 1327 δὲ
1544 1273 1640 1327 τοῦ
1663 1273 1874 1341 γενείου

298 1344 447 1417 εἶχεν
466 1349 676 1416 ὀλίγας.
713 1351 1016 1424 ’Υπερὸολῇ
1050 1353 1158 1424 γὰρ
1210 1356 1390 1409 πόνων
1432 1352 1721 1427 ἀσκήσεως
1756 1356 1876 1409 οὺδέ

300 1431 360 1482 αἱ
392 1431 577 1500 τρίχες
608 1434 707 1499 τῆς
736 1434 1009 1500 γενειάδος
1045 1436 1207 1488 αὑτοῦ
1234 1436 1523 1505 ἐξέφυσαν.

370 1514 560 1583 Τούτῳ
583 1514 661 1584 τῷ
688 1517 826 1587 ἁγίῳ
871 1518 981 1585 ἐγὼ
1010 1520 1314 1590 προσῆλθον
1358 1523 1458 1592 μιᾷ
1488 1522 1597 1574 τῶν
1629 1521 1873 1591 ἡμερῶν,

297 1599 473 1665 λέγων
502 1599 671 1669 αὐτῷ,
706 1602 761 1652 tv
789 1602 986 1673 ἀκηδίᾳ
1016 1620 1114 1672 μου
1141 1605 1346 1675 σφόδρα
1367 1605 1643 1671 διάγοντος
1664 1621 1677 1635 ⁸
1709 1604 1876 1657 Ἀϐδά

298 1682 574 1751 Μακάριε,
608 1682 658 1733 τί
691 1687 922 1753 ποιήσω,
946 1687 1027 1737 ὅτι
1058 1685 1300 1739 θλίϐουσι
1327 1705 1393 1753 με
1420 1689 1469 1739 οί
1503 1687 1753 1757 λογισμοὶ
1788 1688 1874 1739 λέ-

300 1764 487 1829 γοντές
532 1765 739 1832 μοι,ὃτι
763 1766 927 1818 Οὐδὲν
954 1771 1147 1829 ποιεῖς,
1176 1769 1374 1821 ἄπελθε
1405 1770 1652 1823 ἐντεῦθεν
1680 1788 1692 1833 ;
1719 1769 1873 1822 Ἀπο-

1979 602 2298 657 ἀποκτεῖναι
2353 604 2590 674 θελήσας
2616 607 2954 676 περιενόστει
2988 609 3077 660 τὸν
3110 612 3274 663 τόπον
3300 612 3426 666 ἔνθα
3456 616 3554 685 τὴν

1982 688 2167 739 στάσιν
2195 685 2340 757 εἶχεν
2367 687 2465 757 τὴν
2496 688 2600 739 τῶν
2627 690 2934 761 προϐάτων.
2976 692 3253 761 Ἐμηνύθη
3286 691 3376 748 οὖν
3406 698 3555 769 αὑτῷ

1980 769 2060 820 ὅτι
2088 771 2261 839 πέραν
2307 770 2400 821 τοῦ
2450 769 2647 822 Νείλου
2682 773 2862 824 ἐστίν·
2895 774 2991 826 καὶ
3037 777 3175 826 κατά
3217 776 3307 827 τὸν
3366 782 3554 849 καιρὸν

1981 852 2185 902 ἐκεῖνον
2209 851 2314 919 πλη
2324 851 2662 921 μμυροῦντος
2687 854 2779 905 τοῦ
2804 855 3072 923 ποταμοῦ,
3110 856 3202 907 καὶ
3229 860 3553 926 κρατοῦντος

1979 933 2069 983 ἐπὶ
2091 932 2148 983 ἓν
2182 936 2404 1002 σημεῖον
2437 934 2515 1002 τῷ
2547 935 2759 999 πλάτει,
2793 937 2971 989 δακών
3011 938 3109 1008 τὴν
3147 939 3427 1009 μάχαιραν
3456 945 3556 997 αύ-

1978 1013 2069 1065 τοῦ
2100 1016 2155 1065 ἐν
2171 1014 2248 1082 τῷ
2277 1015 2527 1084 στόματι,
2554 1018 2647 1068 καὶ
2676 1018 2767 1071 τὸν
2790 1020 3132 1085 χιτωνίσκον,
3166 1022 3224 1074 ὃν
3253 1024 3551 1089 ἐνεδέδυτο,

1979 1097 2187 1158 ἐπιθεὶς
2211 1099 2275 1166 τῇ
2303 1097 2494 1151 ἑαυτοῦ
2529 1099 2762 1169 κεφαλῇ,
2789 1100 3115 1171 διεπέρασεν
3150 1103 3325 1167 οὕτως
3359 1108 3557 1176 κολυμ⁹

1979 1178 2152 1247 δήσας
2184 1180 2273 1232 τὸν
2300 1180 2561 1251 ποταμόν.
2612 1182 2699 1232 Ἐν
2730 1182 2806 1251 τῷ
2846 1182 3036 1234 τοῦτον
3067 1183 3159 1237 οῦν
3188 1186 3555 1260 διακολυμὸᾷν

1978 1260 2213 1333 ἠδυνήθη
2244 1262 2426 1316 λαθεῖν
2458 1265 2486 1316 6
2535 1265 2759 1334 ποιμὴν,
2788 1268 2868 1329 είς
2896 1267 3126 1337 κρύφιον
3158 1271 3350 1322 ἑαυτὸν
3381 1289 3554 1326 κατα-

1978 1344 2181 1412 χώσας.
2250 1344 2562 1413 Ἀποτυχὼν
2592 1347 2761 1408 οῦτως
2817 1350 2949 1400 Μωῦ
2964 1350 3057 1417 σῆς
3091 1350 3187 1402 τοῦ
3219 1353 3555 1423 ἐγχειρήμα-

1976 1442 2089 1488 τος,
2122 1428 2246 1487 τοὺς
2270 1426 2328 1490 ἐξ
2366 1428 2627 1496 έπιλογῆς
2667 1430 2935 1497 τέσσαρας
2967 1433 3152 1499 κριοὺς
3204 1434 3429 1500 σφάξας,
3462 1436 3555 1486 καὶ

1977 1508 2143 1577 δήσας
2172 1509 2445 1579 σειράδην,
2495 1508 2870 1579 ἐκολύμδησεν
2902 1506 3058 1573 αὖθις
3086 1513 3175 1563 τὸν
3201 1513 3412 1566 Νεῖλον.
3448 1518 3555 1569 Καὶ

1978 1591 2147 1643 ἐλθὼν
2176 1594 2255 1653 είς
2280 1593 2472 1661 μικρὸν
2507 1592 2772 1653 ἐναύλιον,
2800 1593 3051 1661 ἀπέδειρε
3070 1596 3194 1656 τοὺς
3213 1597 3423 1665 κριούς.
3446 1600 3555 1651 Καὶ

1980 1672 2169 1739 φαγὼν
2186 1675 2253 1724 τὰ
2271 1672 2527 1726 κάλλιστα
2548 1673 2655 1724 τῶν
2684 1674 2878 1741 κρεῶν,
2906 1677 2996 1725 καὶ
3020 1676 3095 1736 είς
3124 1674 3265 1729 οἶνον
3280 1679 3551 1749 διαπωλή-

1982 1769 2076 1815 σας
2098 1754 2164 1806 τά
2194 1754 2380 1817 κώδια,
2423 1756 2612 1823 σαῖτην
2650 1755 2787 1807 πιὼν
2826 1758 2900 1817 ὡς
2942 1756 3218 1810 Ἰταλικῶν
3248 1759 3549 1825 δεκαοκτὼ,

299 1826 545 1915 κρίνεταί
567 1826 655 1915 μοι
674 1848 882 1917 λέγωνὸ
899 1852 1047 1919 άγιος
1066 1826 1253 1921 Πατὴρ
1276 1852 1577 1922 Μακάριος·
1596 1826 1760 1906 Είπόν
1780 1869 1872 1904 σου
1903 1870 1949 1929 Β
1980 1837 2143 1929 πεΪῖή
2154 1853 2312 1929 κονῖῆ
2327 1839 2540 1929 ,σημεῖα
2564 1836 2981 1929 afﬁxas-V1530”
2998 1840 3055 1890 τὸ
3074 1826 3358 1929 Puri???"
3382 1842 3547 1912 εἶχεν»

297 1931 409 1990 τοῖς
442 1928 740 1999 λογισμοῖς,
761 1932 841 1984 ὃτι
860 1933 957 1984 Διά
973 1936 1063 1987 τὸν
1084 1933 1317 2003 Χριστὸν
1334 1936 1455 1997 τοὺς
1469 1937 1674 2003 τοίχους
1693 1935 1863 2005 τηρῶ.

366 2009 555 2064 Ταῦτά
579 2029 681 2075 σοι,
731 2015 1041 2083 φιλόχριστε
1073 2019 1167 2069 καὶ
1194 2016 1495 2086 φιλομαθὴς
1528 2017 1679 2070 δοῦλε
1707 2017 1865 2080 Θεοῦ,

295 2093 362 2145 ἐκ
390 2094 598 2146 πολλῶν
623 2100 713 2148 καὶ
752 2099 1004 2164 μεγάλων
1033 2099 1273 2168 σημείων
1303 2098 1396 2151 καλ⁵
1430 2100 1604 2152 ἄθλων
1629 2099 1721 2151 τοῦ
1749 2102 1864 2151 ἀοια

292 2174 453 2242 δίμου
489 2179 583 2228 καὶ
614 2179 870 2247 ἐναρέτου
900 2180 1089 2249 ἀνδρὸς
1120 2182 1408 2251 Μακαρίου
1433 2185 1701 2251 ἐσήμανα.

367 2258 539 2311 Τοῦτο
566 2260 628 2311 τὸ
652 2262 950 2330 παράδοξον
971 2266 998 2316 6
1033 2263 1333 2333 θαυμάσιος
1381 2261 1532 2329 οὗτος
1586 2268 1725 2337 ἀνὴρ
1752 2270 1867 2322 Μα-

295 2340 490 2410 κάριος
516 2343 643 2412 ήμῖν
677 2343 976 2415 διηγήσατο
1022 2343 1109 2417 (ἦν
1149 2350 1259 2418 γάρ
1310 2351 1376 2419 τῇ
1407 2351 1711 2420 χειροτονίᾳ
1756 2352 1864 2403 τῶν

295 2424 611 2478 ἐπισκόπων
628 2429 895 2495 πρεσόύτε
907 2430 1039 2499 ρος),
1060 2431 1232 2499 λέγων
1249 2448 1261 2462 ·
1282 2432 1740 2503 Ἐπεσημηνάμην
1757 2436 1866 2501 ἐγὼ

298 2507 439 2559 κατά
464 2508 555 2559 τὸν
586 2512 778 2577 καιρὸν
802 2512 897 2581 τῆς
925 2512 1212 2575 διαδόσεως
1238 2512 1345 2566 τῶν
1374 2513 1466 2566 τοῦ
1489 2516 1725 2585 Χριστοῦ
1766 2534 1865 2585 μυ-

296 2590 537 2657 στηρίων
567 2592 649 2644 ὅτι
687 2594 959 2664 Μακαρίῳ
1010 2596 1086 2664 τῷ
1140 2598 1350 2667 ἀσκητῇ
1384 2598 1639 2650 οὐδέποτε
1691 2598 1866 2651 ἔδωκα

293 2670 408 2737 ἐγὼ
437 2676 777 2748 προσφορὰν,
808 2677 921 2728 ἀλλ’
945 2677 1174 2745 ἄγγελος
1200 2679 1347 2748 αὐτῷ
1370 2680 1612 2732 ἐπεδίδου
1640 2681 1749 2733 ἀπὸ
1771 2682 1864 2733 τοῦ

295 2746 1009 2827 θυσιαστηρίουλαμδάνων.
1037 2759 1209 2813 Μόνον
1226 2760 1280 2813 δὲ
1302 2746 1391 2814 τὸν
1409 2761 1749 2831 ἀστράγαλον
1769 2764 1865 2832 τῆς

294 2837 477 2908 χειρὸς
505 2838 771 2910 ἐθεώρουν
792 2841 883 2894 τοῦ
904 2843 1227 2904 ἐπιδιδόντος
1252 2842 1427 2913 τούτῳ
1446 2845 1541 2914 τὴν
1558 2850 1861 2902 κοινωνίαν.

869 2926 1122 2979 ΚΕΦΑΛ.
1160 2927 1288 2978 KA'.

630 3073 636 3084 .
745 3082 752 3084 Α
854 3009 996 3077 Περὶ
1034 3010 1299 3077 Μάρκου.

361 3088 592 3159 Μάρκος
620 3082 675 3143 δὲ
694 3082 851 3152 οὗτος
880 3094 1141 3162 νεώτερος
1162 3093 1236 3145 ὢν
1263 3094 1503 3146 Παλαιὰν
1533 3096 1629 3148 καὶ
1655 3096 1863 3167 Καινὴν

290 3174 518 3243 Γραφὴν
547 3174 933 3243 ἀπεστήθισεν·
952 3176 1125 3244 πρᾶος
1146 3174 1221 3227 ὢν
1246 3174 1365 3228 καθ’
1399 3177 1725 3248 ὑπερϐολὴν,
1759 3180 1862 3232 σώ-

291 3273 446 3327 φρων
472 3258 520 3309 εἰ
554 3256 647 3308 καί
700 3274 781 3319 τις
810 3257 985 3319 ἄλλος.
1019 3259 1135 3326 Μιᾷ
1173 3258 1280 3310 τῶν
1314 3260 1533 3329 ήμερῶν
1576 3262 1862 3334 εὐκαιρού-

293 3356 455 3409 μενος
481 3338 592 3407 ἐγὼ
621 3342 698 3402 είς
722 3341 783 3392 τὸ
819 3340 1045 3410 ἔσχατον
1080 3342 1246 3394 αὑτοῦ
1273 3344 1449 3413 γῆρας
1486 3346 1669 3401 λοιπὸν
1692 3348 1863 3417 ἀπέρ-

290 3441 457 3494 χομαι
484 3424 621 3493 πρὸς
650 3425 832 3488 αὑτὸν,
861 3424 955 3475 καὶ
984 3426 1435 3496 παρακαθέζομαι
1486 3432 1551 3499 τῇ
1583 3430 1725 3501 θύρᾳ
1766 3434 1862 3501 τῆς

290 3508 488 3577 κέλλης
516 3507 705 3573 αὑτοῦ,
746 3508 821 3568 ὡς
846 3509 941 3561 ἀτε
969 3507 1078 3575 ἐγὼ
1132 3510 1161 3561 6
1192 3511 1455 3581 ἀρχάριος
1508 3512 1584 3565 ὢν
1630 3515 1862 3583 νομίζων

288 3592 453 3646 αὑτὸν
476 3594 617 3663 ὑπὲρ
634 3594 938 3663 ἄνθρωπον,
966 3595 1153 3663 ὥσπερ
1176 3596 1271 3647 καὶ
1296 3590 1380 3664 ἦν.
1410 3596 1519 3649 Καὶ
1542 3600 1859 3669 ἠκροώμην,

290 3677 345 3730 τί
375 3679 483 3749 ἀρα
504 3677 676 3742 λαλεῖ,
707 3678 739 3747 ἢ
769 3678 820 3731 τί
853 3678 1267 3748 διαπράττεται.
1304 3681 1412 3735 Καὶ
1447 3682 1755 3750 μονώτατος
1786 3683 1862 3737 ὢν

289 3762 438 3816 ἔνδον
469 3765 598 3834 περὶ
619 3763 687 3815 τά
706 3762 900 3814 ἑκατὸν
930 3764 1025 3831 έτη
1065 3762 1262 3825 ἐλάσας
1294 3765 1416 3835 ήδη,
1452 3767 1697 3831 καὶτοὺς
1719 3768 1862 3822 ὀδόν-

288 3863 390 3907 τας
421 3846 714 3909 ἀπολέσας,
741 3846 919 3915 ἐαυτῷ
948 3846 1237 3915 διεμάχετο
1269 3850 1362 3900 καὶ
1380 3847 1456 3918 τῷ
1485 3849 1736 3920 διαϐόλῳ,
1768 3854 1861 3905 καὶ

291 3929 508 3996 ἔλεγεν·
540 3930 604 3982 Τί
634 3929 809 3991 Θέλεις
842 3930 1029 3983 λοιπὸν
1064 3931 1378 4001 κακόγηρε;
1419 3933 1548 3985 Ἰδοὺ
1596 3936 1688 3987 καὶ
1718 3938 1859 3990 οῖνου

290 4012 504 4078 ἔλαϐες,
560 4014 653 4067 καὶ
707 4014 885 4065 ἐλαίου
928 4014 1071 4082 ἥψω.
1106 4015 1308 4067 Λοιπὸν
1363 4016 1413 4067 τί
1449 4015 1621 4079 θέλεις
1654 4022 1860 4088 ποιήσω

291 4112 412 4159 σοι;
439 4095 756 4163 πολιοφάγε,
782 4096 1124 4159 κοιλιόδουλε,
1151 4098 1338 4149 ἐαυτὸν
1358 4099 1691 4169 ἐξυδρίζων,;
1730 4097 1859 4157 Εἶτα

290 4180 387 4231 καὶ
412 4177 489 4247 τῷ
518 4178 747 4249 διαϐόλῳ
768 4194 782 4210 '
817 4179 1072 4245 Ἀπελθε,
1108 4179 1303 4248 λέγων,
1338 4180 1523 4234 λοιπὸν
1574 4184 1667 4235 ἀπ’
1702 4186 1856 4254 ἐμοῦ,

290 4261 521 4325 διάϐολε,
555 4262 979 4332 συγγεγήρακάς
1028 4280 1117 4331 μοι
1156 4265 1212 4317 tv
1262 4266 1623 4335 ἀδιαφορίαις.
1670 4268 1857 4320 Ἀσθέ-

288 4343 436 4396 νειάν
468 4361 555 4412 μοι
588 4343 681 4395 τοῦ
727 4344 976 4412 σώματος
1031 4347 1359 4416 ἐπιγράψας,
1403 4350 1545 4400 οίνου
1602 4352 1857 4418 ἐποίησας

293 4424 619 4495 μεταλαϐεῖν
644 4426 735 4479 καὶ
758 4427 961 4490 ἐλαίου,
988 4427 1267 4497 φιλήδονόν
1292 4448 1357 4499 με
1380 4432 1483 4482 ἀπε
1494 4433 1667 4499 ργασά
1676 4450 1853 4500 μενος.

288 4509 381 4576 Μὴ
410 4507 596 4578 ἀκμήν
626 4511 706 4561 σοί
747 4527 797 4562 τι
822 4511 1116 4579 χρειι›στῶ;
1161 4512 1311 4565 οὐδὲν
1342 4514 1615 4581 εὑρίσκεις
1648 4518 1704 4567 tv
1735 4518 1856 4585 ἐμοὶ

287 4590 316 4642 ὂ
347 4590 521 4652 θέλεις
559 4592 807 4661 συλῆσαι.
845 4594 1081 4645 Ἀπελθε
1112 4595 1296 4645 λοιπὸν
1344 4597 1437 4647 ἀπ’
1468 4597 1621 4665 ἐμοῦ,
1670 4600 1858 4667 μισάν-
1886 4572 1937 4629 D

289 4674 495 4743 θρωπε.
526 4674 634 4725 Καὶ
672 4675 746 4737 ώς
784 4677 1074 4744 τερετίζων
1104 4677 1281 4746 ἐαυτῷ
1330 4678 1512 4746 ἔλεγεν
1543 4680 1856 4751 διαλεγόμε-

286 4772 408 4819 νος’
439 4756 611 4824 Δεῦρο
633 4756 838 4820 λοιπὴν,
877 4760 1030 4829 λῆρε,
1066 4761 1381 4829 πολιοφάγε,
1431 4764 1730 4832 φαγόγηρε,
1760 4767 1859 4827 ’ἐως

288 4841 421 4891 πότε
454 4838 647 4909 ἔσομαι
682 4843 820 4909 μετά
851 4843 981 4904 σοῦ;

875 4928 919 4978 Κ
929 4926 1126 4978 ΕΦΑΛ.
1161 4928 1203 4977 Κ
1213 4927 1283 4980 B'.

608 5008 745 5076 Περὶ
769 5009 1063 5073 Μωϋσέως
1104 5009 1209 5062 τοῦ
1244 5010 1540 5075 Αἰθίοπος.

358 5091 599 5161 Μωῦσῆς
626 5092 767 5146 οὕτω
802 5092 1135 5161 καλούμενός
1183 5110 1286 5155 τις,
1338 5093 1527 5161 Αίθίοψ
1562 5095 1639 5164 τῷ
1685 5098 1849 5163 γένει,

288 5177 479 5245 μέλας,
511 5176 725 5244 οἰκέτης
756 5176 1002 5245 ὑπῆρχεν
1040 5178 1459 5245 πολιτευομένου
1484 5178 1647 5239 τινὸςο
1676 5179 1735 5231 6v
1770 5179 1856 5232 διὰ

286 5261 490 5329 πολλὴν
538 5261 868 5326 δυστροπίαν
897 5261 991 5311 καὶ
1029 5260 1329 5330 λῃστρικὴν
1372 5262 1548 5313 αίτίαν
1576 5260 1799 5332 ἔρριψεν
1830 5265 1855 5315 ὁ

285 5345 416 5405 ἴδιος
452 5344 739 5411 δεσπότης.
784 5343 1030 5409 Ἐλέγετο
1060 5343 1169 5411 γὰρ
1200 5343 1291 5395 καὶ
1324 5346 1483 5412 μέχρι
1510 5346 1684 5411 φόνων
1720 5346 1850 5413 φοά.

282 5444 397 5480 νειν
427 5428 608 5480 αὐτόν.
656 5427 1056 5494 Ἀναγκάζομαι
1089 5426 1197 5493 γὰρ
1231 5427 1411 5493 λέγειν
1439 5427 1602 5479 αὐτοῦ
1628 5428 1694 5481 τὰ
1722 5430 1855 5495 ἔργα

282 5513 385 5579 τῆς
422 5511 706 5581 πονηρίας,
740 5511 826 5563 ῖνα
851 5508 1008 5572 δείξω
1039 5508 1202 5560 αὑτοῦ
1234 5509 1332 5579 τὴν
1365 5510 1501 5579 μετά
1526 5512 1696 5563 ταῦτα
1728 5513 1856 5581 ἀρε-

281 5594 384 5663 τὴν
410 5592 475 5645 ἐκ
510 5592 817 5663 μετανοίας.
844 5589 1137 5659 Διηγοῦντο
1170 5591 1299 5658 γοῦν
1327 5608 1467 5655 τινες
1510 5594 1593 5646 ὅτι
1624 5596 1717 5647 καὶ
1754 5598 1859 5665 ἀφ-

281 5677 605 5751 ἡγούμενος⁸
644 5672 714 5747 ἦν
772 5674 1062 5745 λῃστηρίου
1125 5676 1380 5743 μεγίστου
1404 5692 1418 5705 '
1476 5672 1536 5731 οῦ
1570 5681 1663 5732 καὶ
1700 5679 1857 5732 τοῦτο

283 5764 507 5830 φέρεται
536 5762 594 5813 tv
629 5762 739 5823 τοῖς
761 5759 943 5827 ἔργοις
975 5756 1309 5827 λῃστρικοῖς,
1367 5759 1447 5811 ὅτι
1504 5763 1717 5832 ποιμένι
1750 5765 1855 5816 τινί

283 5844 719 5916 ἐμνησικάκησεν
747 5840 1209 5912 παρεμποδίσαντι
1235 5841 1395 5895 αὐτὸν
1432 5844 1510 5907 εἰς
1533 5848 1761 5917 πρᾶγμά
1800 5866 1847 5901 τι

2045 1912 2212 1978 υῦτος
2243 1917 2339 1985 ὀψέ
2380 1934 2505 1970 ποτε
2537 1918 2631 1969 τοῦ
2665 1921 2857 1989 καιροῦ
2887 1923 2926 1987 ,ό
2962 1922 3199 1985 τοιοῦτος
3248 1924 3550 1995 λῄσταρχος

1976 1999 2331 2069 κατανυχθεὶς
2378 2002 2441 2052 ἐκ
2477 2003 2847 2071 περιστάσεώς
2878 2020 3017 2066 τινος
3067 2006 3389 2060 ἐπιδέδωκεν
3423 2010 3549 2060 ἑαυ-

1973 2084 2063 2135 τὸν
2094 2086 2473 2153 μοναστηρίῳ·
2500 2086 2593 2135 καὶ
2619 2085 2760 2136 οῦτω
2798 2087 3103 2155 προσῆλθεν
3153 2088 3230 2157 τῲ
3264 2091 3546 2160 πράγματι

1972 2168 2068 2235 τῆς
2096 2168 2408 2235 μετανοίας,
2452 2167 2524 2229 ὼς
2557 2172 2647 2220 καὶ
2670 2169 2829 2221 αὑτὸν
2870 2171 2959 2221 τὸν
2992 2174 3352 2243 συμπράκτην
3382 2174 3546 2230 αὐτοῦ

1975 2252 2063 2302 καὶ
2097 2248 2363 2301 ὑποϐολέα
2392 2250 2498 2302 τῶν
2545 2254 2729 2304 κακῶν
2777 2254 2839 2304 ἐκ
2875 2255 3123 2323 νεότητος
3179 2258 3427 2325 δαίμονα,
3455 2261 3545 2311 τὸν

1973 2335 2051 2395 είς
2084 2334 2260 2386 πάντα
2285 2334 2432 2404 αὺτῷ
2464 2336 2898 2405 σ’δναμαρτόνταν
2918 2338 3173 2408 ἄντικρυς
3206 2345 3283 2403 είς
3310 2330 3547 2411 .535va-

1976 2434 2057 2470 σιν
2082 2418 2310 2485 ἀγαγεῖν
2344 2418 2436 2469 τοῦ
2470 2419 2723 2488 Χριστοῦ.
2779 2421 2865 2471 Ἐν
2896 2416 2975 2483 οἷς
3024 2422 3263 2489 λέγεται,
3298 2425 3380 2476 ὃτι
3414 2428 3544 2479 ποτὲ

1974 2502 2146 2568 τούτῳ
2169 2501 2471 2569 ἐπέρριψαν
2503 2501 2693 2571 λῃσταὶ
2720 2503 2980 2570 τέσσαρες
3012 2504 3361 2577 καθεζομένῳ
3396 2512 3451 2561 tv
3469 2511 3547 2579 τῷ

1974 2584 2189 2651 κελλίῳ,
2224 2586 2585 2651 ἀγνοήσαντες
2611 2586 2691 2636 ὅτι
2722 2587 2957 2655 Μωῡσής
2984 2582 3051 2656 ἦν
3080 2582 3252 2651 οὗτος.
3304 2590 3410 2654 Οὓς
3452 2592 3548 2663 δή-

1974 2683 2070 2728 σας
2101 2669 2129 2718 ὸ
2184 2666 2452 2735 μακάριος
2507 2668 2772 2731 ἃπαντας,
2829 2671 3076 2739 καθάπερ
3108 2671 3309 2725 σάκκον
3360 2676 3545 2747 πλήρη

1972 2749 2209 2818 ἀχύρων,
2234 2753 2345 2811 τοῖς
2380 2748 2547 2818 ὤμοις
2576 2752 2769 2803 ἑαυτοῦ
2800 2751 3030 2817 ἐπιθεὶς,
3079 2755 3308 2823 ἤνεγκεν
3336 2761 3415 2819 είς
3447 2760 3545 2830 τὴν

1971 2833 2266 2902 ἐκκλησίαν
2320 2832 2428 2884 τῶν
2481 2832 2744 2899 ἀδελφῶν,
2771 2833 2958 2901 είπὼν,
2992 2838 3072 2888 ὅτι
3116 2839 3333 2910 Ἐπειδὴ
3359 2844 3546 2898 οὐκέτι

1970 2920 2148 2984 ἒξεστί
2176 2935 2263 2985 μοι
2298 2917 2505 2968 ἀδικεῖν
2537 2918 2745 2981 οὐδένα,
2770 2911 2930 2986 εὖρον
2958 2918 3013 2970 δὲ
3062 2921 3256 2986 αὐτοὺς
3291 2925 3546 2981 ἐπελθόν-

1970 3021 2067 3065 τας
2094 3020 2206 3072 μοι,
2237 3003 2288 3053 τί
2318 3001 2566 3052 κελεύετε
2595 3004 2722 3071 περί
2751 3003 2989 3070 τούτων;
3021 3006 3421 3077 Συλληφθέντες
3447 3008 3540 3067 οὖν

1970 3086 2111 3143 οῦτοι
2134 3087 2307 3156 τούτῳ
2327 3086 2403 3156 τῴ
2430 3087 2613 3155 τρόπῳ
2640 3086 2743 3139 ὑπὸ
2766 3087 2858 3139 τοῦ
2880 3090 3037 3156 ἁγίου
3061 3092 3340 3156 Μωῦσέως
3355 3097 3543 3167 ἐξομο.

1970 3174 2267 3242 λογήσαντο
2314 3172 2387 3240 τῷ
2441 3170 2578 3239 Θεῷ.
2640 3172 2750 3224 Καὶ
2812 3174 3173 3241 γνωρίσαντες
3235 3178 3424 3234 τοῦτον
3463 3183 3545 3237 ὅτι

1968 3258 2206 3327 Μωῦσῆς
2232 3259 2377 3308 ἐστιν
2395 3258 2421 3307 ὁ
2445 3254 2572 3307 ποτέ
2597 3256 2890 3323 ὀνομαστὸς
2923 3262 3014 3309 καὶ
3038 3274 3105 3311 πε
3115 3260 3358 3332 ριδόητος
3384 3263 3514 3334 ma:

1968 3359 2165 3413 αρχος,
2198 3340 2515 3405 δοξάσαντες
2562 3339 2647 3390 ἐπ’
2691 3337 2839 3407 αὐτῷ
2868 3340 2960 3393 τὸν
2995 3342 3247 3412 Χριστὸν,
3304 3350 3545 3403 κάκεῖνοι

1969 3426 2308 3489 ἀπετάξαντο
2332 3424 2418 3476 διὰ
2450 3424 2547 3493 τήν
2588 3421 2777 3472 τούτου
2812 3423 3136 3493 μεταϐολὴν,
3165 3430 3257 3479 καὶ
3287 3432 3544 3497 γεγόνασι

1973 3510 2196 3579 μοναχοὶ
2223 3506 2616 3576 δοκιμώτατοι·
2642 3504 2987 3573 λογισάμενοι
3016 3509 3191 3573 τοῦτο,
3214 3512 3295 3564 ὅτι
3322 3516 3371 3565 εί
3391 3511 3544 3578 οὗτος

1974 3593 2150 3653 ἱκανὸς
2174 3590 2484 3659 ἑνδυνάμει,
2502 3588 2596 3640 καὶ
2610 3590 2724 3641 κατ’
2741 3587 2914 3656 ἄκραν
2931 3595 3291 3661 πεποιημένος
3308 3598 3383 3665 τῷ
3398 3599 3545 3670 ἔργῳ

1968 3675 2048 3744 τῷ
2076 3671 2797 3744 λῃστρικῷ,οῦτωςκομψῶς
2830 3672 3136 3743 πεφόϐηται
3179 3677 3268 3729 τὸν
3306 3679 3458 3747 Θεὸν,
3491 3683 3544 3735 τί

1970 3763 2126 3829 ήμείς
2177 3755 2589 3826 ἀναδαλλὸμεθα
2641 3757 2737 3826 τὴν
2793 3757 3066 3827 σωτηρίαν
3120 3760 3228 3815 τῶν
3258 3763 3544 3837 ἡμετέρων

1968 3844 2155 3913 ψυχῶν
2173 3884 2187 3908 ν

2038 3925 2224 3996 Τούτῳ
2254 3925 2332 3996 τῷ
2366 3924 2619 3995 μακαρίῳ
2642 3924 2865 3977 Μωῦσεῖ
2895 3924 2996 3994 (δεῖ
3031 3927 3140 3997 γάρ
3168 3929 3331 3982 αὑτὸν
3358 3931 3542 3987 λοιπὸν

1966 4009 2108 4062 οὕτω
2162 4008 2685 4080 προσαγορεύεσθαι)
2740 4009 2996 4063 ἐπέθεντο
3045 4013 3093 4062 οί
3146 4012 3245 4081 τῆς
3276 4014 3540 4081 ἀσωτείας

1966 4094 2240 4163 δαίμονες,
2280 4096 2360 4155 είς
2389 4094 2486 4162 τὴν
2527 4091 2760 4162 ἀρχαίαν
2806 4093 3095 4163 συνήθειαν
3122 4097 3220 4163 τῆς
3248 4098 3541 4164 ἀκολασίας

1965 4182 2065 4248 τῆς
2088 4178 2348 4248 πορνικῆς
2373 4176 2533 4229 αὑτὸν
2560 4176 3001 4240 κατελαύνοντες.
3050 4179 3146 4240 Ὃς
3174 4180 3267 4231 ἐπὶ
3289 4183 3542 4237 τοσοῦτον

1968 4263 2058 4315 ὑπ’
2092 4262 2269 4315 αὐτῶν
2292 4260 2613 4331 ἐπειράσθη,
2649 4262 2723 4322 ώς
2764 4260 2923 4323 αὐτὸς
2970 4263 3288 4332 διηγήσατο,
3323 4266 3397 4327 ὡς
3453 4286 3541 4337 μι.

1967 4346 2099 4417 κροῦ
2130 4348 2239 4398 δεῖν
2272 4347 2370 4415 τῆς
2414 4343 2730 4413 προθέσεως
2761 4345 2923 4397 αὐτὸν
2966 4347 3252 4408 ἐξοκεῖλαι.
3289 4351 3540 4418 Παραγε-

1967 4431 2185 4499 νόμενος
2216 4426 2308 4480 οῦν
2344 4422 2499 4488 οὗτος
2532 4424 2665 4494 πρὸς
2698 4425 2791 4478 τὸν
2824 4427 2997 4496 μέγαν
3033 4428 3297 4498 Ἰσίδωρον
3340 4433 3430 4484 τὸν
3486 4436 3543 4487 έν

1964 4516 2028 4581 τῇ
2061 4512 2254 4581 Σκήτει
2282 4511 2617 4578 καθήμενον,
2656 4510 2953 4577 ἀνήνεγκεν
2982 4513 3155 4581 τούτῳ
3187 4513 3254 4565 τά
3288 4516 3414 4584 περὶ
3448 4515 3542 4568 τοῦ

1964 4596 2060 4663 τῆς
2094 4595 2347 4665 πορνείας
2382 4594 2643 4662 πολέμου.
2695 4593 2835 4661 Πρές
2864 4594 2922 4645 ὃν
2965 4596 3237 4666 ἀπεκρίθη
3291 4600 3319 4650 ό
3350 4599 3504 4667 ἅγιος
3528 4617 3541 4631 ο

1964 4678 2148 4749 Μηδὲν
2180 4678 2441 4748 θροηθῇς,
2479 4676 2696 4743 ἀδελφέ’
2733 4677 2899 4747 ἀρχαὶ
2932 4677 3039 4746 γάρ
3064 4681 3222 4731 εἰσιν.
3251 4680 3350 4732 Διά
3384 4681 3541 4733 τοῦτο

1966 4762 2318 4832 σφοδρότερόν
2349 4778 2429 4813 σοι
2461 4760 2736 4824 ἐπέθεντο,
2784 4762 2883 4829 τὴν
2918 4761 3191 4831 προτέραν
3221 4762 3541 4832 ἐπιζητοῦν-

1962 4862 2051 4907 τες
2091 4845 2399 4914 συνήθειαν.
2457 4843 2667 4911 Ὥσπερ
2715 4844 2823 4911 γάρ
2856 4844 2983 4895 ὅταν
3016 4844 3160 4896 κύων
3206 4846 3265 4897 tv
3290 4849 3541 4918 μακέλλῳ

1963 4927 2115 4997 ἐθίσῃ
2138 4928 2342 4989 κωλέας
2363 4925 2709 4994 περιτρύχειν
2730 4966 2743 4990 ,
2776 4926 2873 4993 τῆς
2899 4926 3186 4995 συνηθείας
3208 4930 3306 4979 οὐκ
3335 4931 3540 4999 ἀναχω-

1966 5014 2080 5077 ρεῖ·
2118 5011 2212 5062 ἐὰν
2269 5011 2324 5062 δέ
2373 5027 2457 5071 τις
2520 5010 2709 5079 κλείσῃ
2756 5010 2816 5062 τὸ
2853 5009 3193 5079 μακελλεῖον,
3225 5014 3319 5064 καὶ
3352 5015 3539 5082 μηδεὶς

1964 5093 2113 5161 αὑτῷ
2147 5094 2310 5161 μηδὲν
2336 5090 2523 5161 ἐπιδῷ,
2556 5092 2588 5161 ἢ
2625 5092 3066 5162 λιμαγχονηθεὶς,
3090 5095 3190 5146 οὐκ
3221 5095 3300 5146 ἐτι
3328 5097 3536 5163 ἐγγίζει

1960 5177 2076 5229 ἐκεῖ
2118 5176 2387 5245 μηδεμίαν
2415 5174 2551 5244 ἔχων
2580 5176 2744 5245 βοράν
2778 5192 2791 5204 ·
2841 5178 2981 5227 οὕτω
3009 5178 3103 5228 καὶ
3149 5177 3233 5242 σὺ,
3288 5178 3391 5229 ἐὰν
3417 5182 3537 5230 ἑπι-

1964 5261 2152 5330 μείνῃς
2190 5263 2259 5329 τῇ
2293 5276 2384 5311 σου
2423 5260 2652 5328 ἀσκήσει
2704 5261 2799 5327 τῆς
2858 5260 3203 5329 ἐγκρατείας,
3257 5261 3537 5331 νεκρώσσις

1964 5360 2057 5395 σου
2086 5348 2153 5395 τά
2179 5343 2315 5412 μέλη
2346 5343 2411 5394 τὰ
2438 5344 2530 5395 ἐπὶ
2556 5343 2654 5409 τῆς
2680 5343 2800 5410 γῆς,
2834 5343 3165 5405 ἀποκλείσας
3198 5344 3296 5415 τὴν
3334 5346 3536 5397 εἴσοδον

1960 5432 2026 5498 τῇ
2055 5429 2466 5497 γαστριμαργίᾳ
2516 5431 2581 5497 τῇ
2614 5426 2869 5496 τικτούσῃ
2902 5426 2997 5495 τὴν
3031 5427 3358 5494 ἀκολασίαν,
3390 5431 3531 5497 ἀκη-

1960 5512 2147 5572 διάσας
2178 5513 2205 5563 ὀ
2230 5512 2329 5578 τῆς
2356 5513 2611 5580 πορνείας
2640 5509 2867 5577 δαίμων,
2898 5509 2972 5578 μὴ
3003 5508 3140 5577 ἔχων
3172 5510 3241 5563 τὰ
3270 5511 3534 5581 βρώματα

1961 5594 2144 5646 τοῦτον
2178 5594 2499 5659 ἐξάπτον-τα,
2534 5594 2703 5654 οὕτως
2738 5610 2829 5645 σου
2866 5594 3257 5673 ἀποστήσεται.
3295 5596 3531 5663 Ἀναχω-

1964 5679 2136 5746 ρήσας
2176 5674 2268 5731 οὖν
2316 5678 2343 5728 6
2375 5678 2466 5730 τοῦ
2501 5676 2737 5747 Χριστοῦ
2792 5676 2975 5737 δοῦλος
3031 5677 3271 5747 Μωῦσῆς
3298 5680 3405 5730 ἀπὸ
3434 5679 3531 5746 τῆς

1960 5760 2106 5832 ὥρας
2129 5764 2364 5831 ἐκείνης,
2402 5764 2491 5815 καὶ
2532 5760 2887 5821 κατακλείσας
2930 5758 3120 5811 έαυτδν
3148 5762 3205 5811 tv
3233 5762 3298 5829 τῇ
3336 5761 3530 5814 ἑαυτοῦ

1969 5846 2146 5916 κέλλῃ,
2186 5849 2423 5915 ὕπερονιῇ
2450 5845 2779 5913 σφοδρττὲῖῃ
2807 5845 3023 5911 ἠσκεῖτο
3046 5843 3101 5896 ἐν
3134 5845 3263 5897 πᾶσι
3294 5846 3530 5908 μάλιστ]
