4258 6358
811 358 945 421 1067

2263 345 2613 407 PALLADII

3917 349 4063 413 1068

812 465 919 520 ἀπὸ
950 462 1273 535 βρωμάτων,
1306 461 1521 526 οὐδενὸς
1553 460 1713 515 ἀλλου
1760 458 2189 530 μεταλαμϐάνων
2233 455 2371 522 πλὴν
2397 455 2449 514 Α
2474 455 2661 509 τούτου
2689 456 2785 510 τοῦ
2831 459 3056 529 πάθους,
3090 463 3176 518 διὰ
3226 461 3386 516 τοῦτο
3436 460 3681 533 σφοδρῶς
3731 459 3824 514 ὑπ’
3879 460 4060 514 αὑτοῦ

810 545 976 615 ἀρτου
1012 544 1177 614 ξηροῦ
1206 544 1265 597 ἐν
1292 542 1538 610 οὑγκίαις
1564 543 1693 596 δέκα
1723 542 1845 596 δύο·
1873 542 2119 594 πλεῖστον
2146 538 2372 608 ἐργαζό-

812 643 971 702 μενος
1000 625 1178 696 ἔργον,
1211 627 1304 679 καὶ
1326 627 1663 697 πεντήκοντα
1687 623 1919 678 ἐκτελῶν
1944 624 2246 695 προσευχὰς
2277 622 2376 692 τὴν

811 712 1049 777 ἡμέραν·

854 710 1049 779 μέρανο

884 790 1205 859 Κατατήξας
1240 786 1331 845 οὖν
1385 789 1577 843 ἐαυτοῦ
1627 790 1688 842 τὸ
1726 789 1997 859 σωμάτιον
2051 788 2240 857 ἔμενεν
2296 786 2376 839 ἔτι

812 873 1171 945 πυρούμενος,
1210 871 1299 925 καὶ
1339 873 1643 942 ἀδιαφόρως
1686 871 2156 939 ἐνυπνιαζόμενος.
2209 869 2376 922 Πάλιν

811 950 966 1018 06:0;
996 954 1299 1025 παρέϐαλεν
1329 955 1471 1025 ἀλλῳ
1506 956 1609 1007 τινὶ
1645 953 1860 1024 μοναχῷ
1898 952 1999 1005 τῶν
2035 952 2203 1018 ἀγίων
2233 952 2375 1004 πάνυ

812 1040 1046 1109 δοκίμῳ,
1092 1041 1185 1093 καὶ
1230 1040 1379 1107 λέγει
1427 1038 1609 1108 αὑτῷ·
1653 1037 1716 1089 Τί
1769 1039 2009 1106 ποιήσω,
2048 1036 2229 1101 ἀϐϐἀ,
2294 1034 2377 1087 ὅτι

817 1122 1119 1186 σκοτίζουοί
1157 1141 1258 1194 μου
1286 1125 1375 1177 τὸν
1403 1122 1661 1191 λογισμὸν
1702 1122 1769 1175 τὰ
1806 1122 2032 1177 ἐνύπνια
2077 1123 2174 1191 τῆς
2202 1119 2379 1188 ψυχῆς

817 1205 954 1258 κατὰ
1000 1206 1098 1277 τὴν
1143 1207 1371 1277 ἀρχαίαν
1435 1205 1720 1275 συνήθειαν
1773 1205 2136 1273 συνηδομένης
2163 1204 2376 1266 αὑτοῖς;

817 1289 977 1354 Λέγει
1007 1287 1153 1358 αύτῷ
1181 1290 1387 1351 ἐκεῖνος
1418 1291 1445 1341 6
1480 1289 1655 1356 ἅγιος,
1712 1288 1795 1340 ὅτι
1843 1286 2060 1355 Ἐπειδὴ
2112 1287 2202 1339 τὸν
2255 1285 2378 1339 νοῦν

816 1387 909 1421 σου
939 1372 1039 1423 οὑκ
1070 1370 1386 1440 ἀπέστησας
1416 1372 1523 1424 τῶν
1551 1371 1674 1439 περὶ
1697 1370 1867 1422 ταῦτα
1898 1370 2228 1437 φαντασιῶν,
2257 1367 2380 1419 :06-

813 1467 907 1501 :06
943 1452 1103 1521 χάριν
1124 1452 1221 1521 τὴν
1251 1453 1497 1521 μυσαράν
1522 1451 1721 1519 ταύτην
1744 1452 2037 1518 ὑφίστασαι
2062 1451 2375 1519 ἐπιθυμίαν.

814 1534 1042 1602 Ποίησον
1073 1531 1166 1587 οὖν
1196 1537 1225 1588 6
1258 1552 1339 1587 σοι
1368 1536 1509 1601 λέγω
1530 1552 1543 1567 υ
1574 1534 1658 1596 δὸς
1690 1536 1912 1588 σεαυτὸν
1960 1537 2038 1597 είς
2075 1535 2379 1603 ἀγρυπνίαν

814 1615 951 1667 κατὰ
989 1616 1203 1685 μικρὸν,
1240 1617 1334 1670 καὶ
1372 1618 1671 1686 προσεύχου
1693 1616 1990 1684 νηφόντως,
2020 1619 2113 1669 καὶ
2160 1616 2378 1669 ἐλευθε-

816 1696 1035 1766 ρωθήσῃ
1057 1698 1164 1751 ἀπὸ
1186 1700 1388 1751 τούτων
1418 1701 1644 1766 ταχέως.
1688 1700 1950 1761 ’Δκούσας
1988 1700 2044 1752 δὲ
2077 1702 2104 1753 6
2135 1703 2379 1767 γενναῖος

2479 538 2970 613 κατεδυναστεύθης
2995 546 3131 614 πρὸς
3176 546 3238 599 τό
3276 562 3357 598 σοι
3391 545 3687 614 συμφέρον,
3720 544 3804 596 ῑνα
3842 543 3921 613 μὴ
3953 544 4063 595 61:6

2478 620 2759 689 ἐπάρσεως
2787 627 3117 699 καταπέσῃς.
3142 626 3326 681 Ταῦτα
3348 626 3587 688 ἀκούσας
3618 626 3859 695 ἀπῆλθεν
3890 626 4061 681 πάλιν

2478 705 2557 765 είς
2589 704 2687 773 τήν
2730 707 2941 774 κέλὶαν,
2997 710 3180 763 λοιπὸν
3227 712 3511 781 προσέχων
3544 710 3662 779 μεθ’
3720 710 3957 778 ἡσυχίας
3992 711 4060 779 τῇ

2477 786 2576 853 τῆς
2607 788 2892 857 ἀσκήσεως
2934 793 3177 864 πολιτείᾳ
3228 794 3286 845 ἐν
3346 793 3550 863 μέτρῳ.
3585 792 3736 845 Μετὰ
3777 792 3832 843 δὲ
3876 793 4060 860 μῆνας

2480 867 2571 921 δύο
2600 869 2632 938 ἢ
2662 874 2810 938 τρεῖς
2840 874 3136 943 ἐρωτηθεὶς
3170 874 3319 943 παρά
3347 873 3438 927 τοῦ
3469 874 3736 943 μακαρίου
3775 874 4057 941 Ἰσιδώρου

2477 950 2571 1004 τοῦ
2603 955 2974 1025 πρεσϐυτέρου
3014 957 3042 1006 6
3089 956 3332 1027 ἀσκητὴς
3380 958 3638 1025 Μωῦσῆς,
3685 953 3871 1026 μὴ’ἔτι
3902 956 4058 1025 αύτῷ

2478 1032 2720 1104 ὢχλησεν
2756 1037 2930 1090 ἐκεῖνο
2959 1039 3018 1090 τὸ
3046 1039 3282 1109 πνεῦμα,
3324 1037 3511 1104 εἶπεν,
3558 1041 3638 1092 ὅτι
3680 1039 3798 1091 Ἀπ’
3831 1041 4059 1108 ἐκείνης

2477 1118 2575 1186 τῆς
2603 1119 2769 1188 ὥρας,
2793 1114 2860 1189 ἦς
2891 1120 3109 1189 ἐπηύξω
3140 1139 3253 1191 μοι,
3276 1122 3304 1173 6
3332 1122 3424 1175 τοῦ
3449 1121 3581 1174 Θεοῦ
3613 1121 3818 1184 δοῦλος,
3846 1122 3950 1173 οὐκ
3979 1121 4060 1173 ἔτι

2478 1199 2629 1251 οὐδέν
2656 1218 2746 1270 μοι
2780 1202 3017 1255 τοιοῦτον
3051 1205 3420 1273 συμϐέϐηκεν.
3452 1203 3779 1273 Κατηξιώθη
3805 1204 3865 1255 δὲ
3899 1197 4060 1265 06:0;

2477 1283 2505 1333 6
2532 1282 2682 1348 ἅγιος
2704 1284 3042 1353 χαρίσματος
3076 1288 3216 1339 κατά
3241 1285 3509 1355 δαιμόνων
3529 1301 3543 1315 ⁸
3568 1285 3759 1348 οὓτως,
3792 1286 3868 1347 ὠς
3894 1287 4062 1352 ἡμεῖς

2479 1364 2585 1417 τῶν
2627 1366 2798 1432 μυιῶν
2830 1368 2885 1418 ἐν
2915 1368 2992 1437 τῷ
3028 1369 3259 1437 χειμῶνι
3295 1368 3765 1436 καταφρονοῦμεν,
3798 1366 4060 1420 τοσοῦτον

2480 1447 2571 1497 x01
2614 1446 2812 1515 μᾶλλον
2863 1443 3015 1510 06:0;
3041 1452 3069 1502 6
3114 1450 3288 1519 μέγας
3326 1450 3563 1519 Μωῡσῆς
3610 1450 3915 1518 παλαιστὴς
3945 1449 4057 1501 τῶν

2477 1528 2765 1597 δαιμόνων.
2792 1530 2939 1600 Αὕτη
2972 1532 3004 1600 ή
3040 1532 3220 1595 ἔνθεος
3249 1534 3345 1600 τῆς
3374 1534 3657 1602 ἀσκήσεως
3680 1533 3929 1584 πολιτεία
3960 1532 4055 1584 τοῦ

2478 1611 2921 1677 ἀκαταγωνίστου
2959 1612 3191 1680 ἀθλητοῦ
3227 1615 3506 1676 Μωῦσέως
3533 1614 3628 1666 τοῦ
3654 1614 3732 1683 τῷ
3778 1614 3927 1681 γένει
3963 1617 4057 1667 Al-

2480 1690 2686 1754 θίοπος,
2713 1694 2810 1760 τὴν
2832 1693 2889 1745 δὲ
2914 1694 3088 1763 ψυχὴν
3120 1694 3395 1757 ἐθίσαντος
3422 1695 3542 1765 θείᾳ
3580 1697 3784 1766 χάριτι.
3824 1698 3925 1758 ὐς
3962 1698 4057 1749 καὶ

814 1777 910 1831 καὶ
932 1778 1134 1848 ταύτης
1158 1780 1255 1847 τῆς
1284 1779 1563 1849 ὑποθήκης
1589 1780 1663 1841 ὡς
1701 1782 1847 1849 παρά
1886 1781 2127 1848 τεχνίτου
2160 1784 2225 1851 τῇ
2261 1782 2375 1833 πεί·
2405 1789 2447 1844 Β
2478 1773 2639 1835 αὐτὸς
2670 1771 2736 1845 ἦν
2772 1776 2831 1828 ὲν
2862 1778 2975 1838 τοῖς
3006 1777 3263 1845 μεγάλοις
3311 1778 3419 1831 τῶν
3455 1778 3713 1847 Πατέρων
3767 1777 4054 1846 κατορθώ-

816 1875 905 1929 ρᾳ,
942 1859 1190 1912 ἀπελθὼν
1214 1862 1272 1913 ἐν
1305 1863 1371 1931 τῇ
1407 1862 1590 1934 κέλλῃ,
1633 1862 1831 1915 ἔδωκεν
1867 1862 2021 1931 λόγον
2072 1864 2151 1935 τῷ
2184 1865 2373 1917 ἑαυτοῦ

815 1942 1073 1995 συνειδότι
1105 1944 1179 2013 μὴ
1207 1944 1535 2014 κοιμηθῆναι
1576 1946 1664 1998 διὰ
1691 1946 1868 2016 πάσης
1912 1950 2012 2016 τῆς
2044 1949 2234 2011 νυκτὸς
2256 1987 2271 2012 ,
2300 1952 2375 2018 μὴ

815 2026 994 2080 κλῖναι
1026 2027 1156 2095 γόνυ
1205 2027 1279 2089 ὼς
1332 2030 1423 2080 ἐπὶ
1462 2030 1734 2098 προφάσει
1785 2032 2117 2102 προσευχῆς,
2160 2032 2254 2085 ἐπὶ
2296 2034 2377 2103 τῷ

813 2112 1006 2179 φυγεῖν
1039 2112 1136 2181 τὴν
1156 2112 1449 2180 τυραννίδα
1474 2113 1569 2164 τοῦ
1604 2112 1795 2166 ὕπνου.

884 2194 1088 2257 Μείνας
1122 2190 1216 2247 οὖν
1245 2199 1335 2249 ἐπὶ
1362 2197 1437 2265 τῷ
1467 2196 1663 2267 κελλίῳ
1684 2197 1777 2267 έτη
1808 2197 1887 2262 ἐξ,
1917 2197 2017 2259 τὰς
2053 2199 2253 2265 νύκτας
2281 2201 2372 2252 πά-

816 2294 914 2339 σας
967 2279 1128 2345 μέσον
1181 2280 1279 2350 τῆς
1312 2280 1506 2350 κέλ).ης
1540 2281 1842 2348 ἱστάμενος,
1895 2281 1988 2332 καὶ
2018 2281 2376 2345 ἀδιαλείπτως

813 2358 890 2427 τῷ
920 2359 1038 2428 Θεῷ
1082 2363 1547 2432 προσευχόμενος,
1584 2362 1679 2415 καὶ
1723 2363 1796 2431 μὴ
1848 2362 2213 2431 ἐπικαμμύων
2249 2366 2375 2427 τοὺς

814 2441 1165 2511 ὀφθαλμούς’
1224 2446 1316 2496 καὶ
1373 2445 1543 2497 ταῦτα
1597 2443 1764 2496 ποιῶν
1813 2443 1906 2495 τοῦ
1940 2444 2257 2514 πράγματος
2278 2447 2375 2510 τῆς

815 2523 1110 2576 ἀκολάστου
1135 2523 1426 2594 ἐπιθυμίας
1459 2525 1839 2593 περιγενέσθαι
1861 2526 1959 2577 οὐκ
1982 2526 2241 2597 ἠδυνήθη.
2287 2527 2376 2596 Τῷ

813 2607 925 2660 δντι
952 2609 1059 2678 γὰρ
1088 2608 1299 2676 ἀληθῶς
1327 2607 1621 2670 ἀκόλαστος
1666 2608 1946 2677 ἐπιθυμία.
2001 2609 2223 2662 Ἑαυτὸν
2267 2612 2375 2681 γὰρ

813 2689 1046 2759 ἐκτήξας
1073 2694 1183 2751 τοῖς
1217 2690 1394 2752 πόνοις
1418 2692 1594 2742 ἐκεῖνο
1625 2690 1685 2742 τὸ
1720 2689 1942 2759 αἰσχρὸν
1975 2690 2142 2753 πάθος
2175 2692 2375 2746 ὑποτά-

817 2773 903 2836 ξαι
935 2773 1034 2825 οὐκ
1071 2774 1309 2841 ἴσχυσεν.

887 2856 1038 2908 Μετά
1062 2856 1235 2910 ταῦτα
1263 2856 1435 2907 πάντα
1464 2857 1639 2925 ἐαυτῷ
1672 2857 1831 2909 πάλιν
1883 2856 2046 2924 ἄλλην
2105 2858 2376 2911 πολιτείαν

816 2937 1231 3006 σκληραγωγίας
1257 2938 1499 2991 ὑπέθετο.
1543 2940 1919 3008 Ἐξερχόμενος
1944 2933 2094 3001 οὗτος
2115 2942 2141 2992 ό
2169 2942 2377 3011 πύκτης

815 3019 905 3071 τοῦ
935 3020 1146 3073 Σατανᾶ
1191 3020 1479 3089 (διαφόρως
1515 3020 1623 3088 γὰρ
1674 3021 1845 3089 τούτῳ
1882 3021 2233 3089 ὲπύκτευσεν)
2280 3025 2377 3085 τὰς

2480 1871 2643 1925 μασιν
2664 1856 3085 1927 ἀριθμούμενος.
3120 1860 3357 1931 Τελευτᾷ
3397 1860 3455 1913 δὲ
3475 1854 3628 1921 06:0;
3660 1859 3796 1912 ἐτῶν
3823 1859 4059 1930 ἐϐδομή-

2476 1955 2642 1991 κοντα
2667 1939 2826 1991 πέντε
2857 1942 2916 1992 ἐν
2945 1944 3011 2012 τῇ
3041 1942 3258 2011 Σκήτει,
3308 1942 3598 2012 γενόμενος
3653 1943 4053 2013 πρεσϐύτερος,

2479 2020 2794 2074 καταλιπὼν
2826 2023 3077 2094 μαθητάς
3107 2024 3499 2095 ἐϐδομήκοντα.

3044 2108 3295 2161 ΚΕΦΑΛ.
3352 2108 3481 2161 Kl".

2759 2190 2897 2257 Περὶ
2928 2191 3170 2245 Παύλου
3197 2192 3303 2245 τοῦ
3337 2192 3407 2246 ἐν
3435 2191 3509 2258 τῇ
3548 2191 3764 2261 Φέρμῃ.

2550 2272 2710 2341 Ὄρος
2741 2273 2797 2323 ἐν
2818 2274 2883 2341 τῇ
2906 2272 3164 2341 Δίγύπτῳ
3187 2273 3335 2326 ἐστὶν
3357 2275 3567 2340 ἀπάγον
3589 2275 3682 2326 ἐπὶ
3708 2272 3806 2342 τὴν
3852 2270 4053 2341 Σκῆτιν

2475 2354 2573 2421 τὴν
2603 2353 2827 2422 ἔρημον,
2852 2353 2881 2405 6
2918 2355 3162 2407 καλεῖται
3211 2356 3424 2423 Φέρμη.
3487 2353 3572 2406 Ἐν
3604 2354 3778 2424 τούτῳ
3823 2353 3903 2423 τῷ
3934 2353 4051 2422 δρει

2479 2437 2796 2499 καθέζονται
2825 2437 2897 2499 ὡς
2929 2438 3268 2492 πεντακόσιοι
3319 2439 3508 2508 ἀνδρες
3565 2438 3912 2507 ἀσκούμενοι.
3963 2436 4053 2490 Ἐν

2476 2513 2555 2582 οἷς
2580 2522 2671 2571 καὶ
2691 2520 2897 2581 Ηαῦλός
2920 2538 3000 2583 τις
3030 2522 3261 2589 μοναχὸς
3284 2521 3426 2574 οὑτω
3450 2520 3779 2589 καλούμενος
3806 2521 4052 2589 ἀριστος,

2476 2602 2535 2665 6;
2565 2605 2620 2654 ἐν
2650 2607 2813 2656 παντὶ
2847 2604 2923 2673 τῷ
2953 2603 3127 2673 χρόνῳ
3157 2604 3319 2657 αὑτοῦ
3357 2604 3561 2673 ταύτην
3601 2598 3747 2672 εἶχεν
3775 2603 3876 2671 τὴν
3902 2602 4055 2654 πολι-

2478 2687 2646 2739 τείαν.
2672 2688 2783 2739 Οὐκ
2804 2687 2964 2757 ἔργου
2989 2688 3165 2755 ἣψατό
3197 2704 3348 2751 ποτε,
3379 2689 3439 2740 οὑ
3469 2685 3853 2757 πραγματείας
3882 2684 4053 2747 τινὸς,

2478 2769 2575 2819 οὑκ
2601 2768 2788 2821 ἐλαϐέν
2824 2786 2879 2820 τι
2932 2770 3081 2837 παρά
3131 2781 3274 2832 τινος
3324 2771 3594 2833 παρεκτὸς
3621 2765 3681 2822 06
3736 2766 3963 2837 ἔμελλεν
3995 2769 4054 2819 ἐν

2478 2852 2615 2919 αὑτῇ
2637 2853 2704 2919 τῇ
2727 2850 2907 2919 ἡμέρᾳ
2931 2850 3149 2905 ἐσθίειν.
3179 2850 3377 2920 Ἔργον
3399 2852 3455 2902 δὲ
3479 2851 3622 2920 αὐτῷ
3638 2851 3738 2918 τῆς
3760 2851 4055 2919 ἀσκήσεως

2479 2933 2717 2998 γέγονεν,
2748 2932 2807 2982 τὸ
2831 2932 3187 2994 ἀδιαλείπτως
3216 2932 3632 3002 προσεύχεσθαι.
3681 2928 3849 2993 Οὗτος
3891 2947 4054 2983 τετυ-

2480 3018 2737 3085 πωμένας
2761 3014 2903 3087 εἶχεν
2942 3018 3041 3080 τὰς
3074 3019 3235 3086 εὑχάς
3271 3018 3609 3088 τριακοσίας,
3636 3017 3913 3079 ’τοσαύτας
3943 3016 4054 3086 ψή-

814 3103 1013 3165 νύκτας
1039 3103 1202 3172 ἀπῄει
1230 3104 1309 3164 είς
1349 3104 1446 3163 τὰς
1478 3102 1667 3163 κέλλας
1694 3103 1800 3155 τῶν
1829 3105 1939 3163 τοῖς
1970 3104 2149 3166 πόνοις
2178 3122 2372 3172 συγγε-
2406 3103 2449 3161 C
2483 3118 2613 3171 φους
2641 3102 2909 3166 συνάγων,
2937 3102 3028 3153 καὶ
3045 3104 3101 3152 ἐν
3130 3101 3206 3170 τῷ
3226 3101 3407 3170 κόλπῳ
3428 3101 3694 3170 κατέχων,
3726 3101 3818 3152 καὶ
3844 3099 4053 3168 ῥίπτων

815 3185 1136 3254 γηρακότων
1163 3188 1226 3255 τῇ
1258 3186 1488 3253 ἀσκήσει
1519 3186 1788 3254 μοναχῶν,
1848 3188 1939 3237 καὶ
1972 3186 2153 3238 λοιπὸν
2184 3189 2256 3256 μὴ
2282 3188 2373 3239 δυ·

813 3267 1059 3335 ναμένων
1084 3268 1182 3334 τὴν
1211 3265 1302 3318 τοῦ
1336 3266 1525 3328 ὓδατος
1559 3269 1745 3336 χρείαν
1777 3266 1843 3319 δι’
1868 3268 2075 3321 ἑαυτῶν
2104 3268 2371 3337 κομίζεινο

816 3350 907 3402 καὶ
927 3347 1215 3417 λαμϐάνων
1242 3348 1341 3408 τάς
1365 3349 1547 3417 ὑδρίας
1570 3348 1769 3414 αὐτῶν,
1791 3350 2127 3416 ἀγνοούντων
2154 3351 2376 3404 ἐκείνων

816 3429 1055 3498 ἐπλήρου
1087 3429 1178 3482 τοῦ
1216 3429 1425 3491 ὓδατος.
1490 3430 1620 3481 Ἀπὸ
1658 3432 1865 3499 μήκους
1917 3434 2023 3502 γὰρ
2060 3432 2272 3501 ἔχουσιν
2319 3436 2377 3486 ἐν

816 3514 1039 3574 ἐκείνοις
1075 3515 1205 3574 ,τοῖς
1234 3513 1416 3575 τόποις
1446 3513 1506 3566 τὸ
1542 3513 1706 3583 ὓδωρ,
1743 3516 1791 3566 οί
1826 3516 1921 3583 μὲν
1952 3517 2061 3568 ἀπὸ
2092 3517 2202 3580 δύο,
2238 3517 2285 3569 ο¹
2320 3519 2377 3571 δὲ

815 3595 922 3651 ἀπὸ
961 3596 1119 3646 πέντε
1171 3596 1432 3663 σημείων,
1475 3598 1521 3648 οί
1571 3596 1628 3648 δὲ
1674 3596 1779 3649 ἀπὸ
1810 3597 2067 3666 ήμίσεως.
2101 3601 2247 3663 Μιᾶς
2285 3598 2377 3655 οὖν

814 3676 922 3731 τῶν
947 3676 1153 3729 νυκτῶν
1178 3678 1234 3729 ἐν
1258 3670 1300 3744 ᾧ
1326 3677 1479 3731 τοῦτο
1510 3679 1701 3745 ἐποίει,
1726 3681 2060 3751 ἐπιτηρήσας
2091 3685 2118 3734 6
2146 3683 2375 3751 δαίμων,

819 3759 912 3809 καὶ
950 3759 1144 3827 μηκέτι
1166 3759 1344 3827 φέρων
1375 3760 1467 3813 τοῦ
1493 3761 1723 3830 ἀθλητοῦ
1752 3764 1848 3831 τὴν
1886 3766 2198 3832 καρτερίαν,
2218 3768 2379 3832 ἐγκύ-

816 3841 975 3909 ψαντι
1014 3841 1159 3911 αύτῷ
1198 3844 1276 3902 είς
1307 3843 1364 3893 τὸ
1391 3843 1565 3912 φρέαρ
1597 3847 1687 3896 ἐπὶ
1720 3846 1923 3914 τῷιτὴν
1952 3848 2137 3915 ὑδρίαν
2162 3850 2378 3919 πληρῶ-

819 3926 907 3975 σαί
964 3940 1104 3985 τινος
1144 3925 1399 3993 μοναχοῦ,
1459 3926 1687 3978 δέδωκεν
1714 3927 1859 3997 αύτῷ
1916 3931 2053 3981 κατά
2086 3931 2191 3983 τῶν
2230 3932 2379 4001 ψυῶν

818 4007 1035 4075 ῥοπάλῳ
1055 4006 1181 4066 τινὶ,
1219 4009 1311 4058 καὶ
1346 4008 1555 4074 ἀφῆκεν
1592 4010 1751 4061 αὑτὸν
1780 4010 1854 4077 τῷ
1885 4011 2032 4080 τόπῳ
2065 4013 2273 4066 κεῖσθαι
2299 4032 2380 4066 νε-

818 4088 966 4153 κρὸν,
1002 4088 1123 4155 μηδ’
1142 4087 1275 4149 ὅλως
1301 4089 1686 4158 αἰσθανόμενον
1714 4094 1849 4160 μήτε
1878 4092 1906 4143 ὃ
1934 4096 2217 4159 πέπονθεν,
2244 4099 2380 4166 μήτε

819 4173 967 4236 παρὰ
1012 4172 1153 4232 τίνος
1212 4171 1368 4223 τοῦτο
1406 4173 1633 4241 ὑπέστη.
1689 4176 1800 4243 Τὴν
1852 4175 1942 4227 οῦν
1980 4174 2143 4247 ἀῖλην
2172 4180 2381 4248 ἡμέραν

819 4251 988 4303 ἐλθών
1025 4270 1108 4314 τις
1142 4253 1248 4305 τῶν
1286 4256 1530 4322 μοναχῶν
1560 4257 1843 4326 ἀντλῆσαι,
1882 4255 2038 4327 εὗρεν
2083 4262 2242 4312 αὑτὸν
2268 4266 2383 4315 ἐκεῖ

817 4332 1066 4399 κείμενον
1097 4335 1191 4385 καὶ
1218 4335 1690 4407 ψυχορραγοῦντα.
1730 4341 1837 4390 Καὶ
1866 4339 2034 4392 ἐλθὼν
2062 4343 2380 4409 ἀνήγγειλεν

2477 3184 2599 3237 καθ’
2635 3184 2869 3253 ἑκάστην
2905 3184 3067 3252 εὑχὴν
3095 3186 3157 3236 ἐκ
3179 3182 3272 3235 τοῦ
3297 3184 3498 3235 κόλπου
3528 3184 3703 3253 ψῆφον
3745 3183 3895 3248 μίαν.
3949 3176 4052 3237 O6-

2477 3283 2568 3327 τος
2597 3266 2623 3315 ό
2651 3264 2828 3325 ἔνθεος
2857 3265 3140 3334 ἄνθρωπος
3192 3264 3523 3333 παραϐαλὼν
3548 3265 3833 3332 συντυχίας
3862 3264 4051 3317 ἐνεκεν

2478 3350 2573 3403 καὶ
2594 3346 2863 3415 ὠφελείας
2894 3348 3266 3415 πνευματικῆς
3287 3348 3363 3416 τῷ
3394 3347 3531 3417 ἀγίῳ
3558 3347 3830 3417 Μακαρίῳ
3854 3346 3931 3415 τῷ
3960 3346 4050 3399 λε-

2478 3431 2691 3500 γομένῳ
2714 3430 2991 3499 πολιτικῷ,
3014 3431 3159 3498 λέγει
3185 3431 3352 3500 αὐτῷ·
3373 3430 3539 3485 ’Δϐϐἀ
3565 3431 3837 3498 Μακάριε,
3870 3430 4048 3481 θλίϐο-

2482 3534 2577 3585 μαι
2596 3516 2816 3583 σφόδρα.
2855 3515 3190 3580 Ἠνάγκασεν
3210 3511 3300 3567 οὖν
3319 3514 3480 3567 αὑτὸν
3505 3516 3533 3565 6
3552 3512 3645 3565 τοῦ
3674 3513 3913 3582 Χριστοῦ
3937 3513 4054 3565 δοῦ·

2479 3599 2566 3661 λος
2586 3600 2757 3650 είπεῖν
2783 3596 2881 3665 τὴν
2913 3596 3089 3649 αἰτίαν
3113 3595 3179 3647 δι’
3209 3597 3274 3664 ἢν
3305 3596 3574 3649 λυπεῖταν
3594 3595 3691 3647 όδὲ
3706 3595 3857 3663 λέγει
3882 3595 4049 3664 αὐτῷ’

3050 3680 3298 3737 ΚΕΦΑΛ.
3343 3679 3463 3733 ΚΔ’.

2535 3763 2673 3831 Περὶ
2706 3762 3002 3830 παρθένου
3031 3762 3393 3825 ἑπτακοσίας
3417 3761 3601 3827 εὐχὰς
3621 3758 3996 3825 ποιησάσης.

2562 3848 2651 3900 Ἐν
2676 3848 2835 3919 κώμῃ
2866 3848 2975 3897 τινὶ
3003 3844 3267 3914 παρθένος
3305 3861 3389 3905 τις
3442 3845 3685 3896 κατοικεῖ
3728 3842 4052 3912 τριακοστὸν

2483 3931 2599 3993 έτος
2624 3932 2721 4000 ήδη
2765 3931 2960 3997 ἔχουσα
2996 3928 3336 3997 ἀσκουμένη·
3377 3928 3503 3995 περὶ
3535 3921 3601 3993 ἦς
3630 3925 3814 3977 πολλοί
3855 3943 3945 3995 μοι
3972 3926 4051 3977 δι-

2484 4016 2779 4082 ηγήσαντο,
2816 4014 2895 4064 ὅτι
2926 4011 3197 4081 παρεκτὸς
3222 4009 3558 4077 Σαϐϐάτουῆ
3589 4009 3873 4077 Κυριακῆς
3904 4008 4051 4061 οὐδέ-

2482 4112 2612 4148 ποτε
2634 4094 2851 4161 γεύεται
2879 4094 3043 4163 ἀλλην
3066 4094 3299 4163 ἡμέραν,
3323 4091 3461 4145 ἀλλά
3490 4092 3579 4143 τὸν
3604 4091 3896 4159 σύμπαντα
3928 4091 4053 4161 χρό-

2481 4196 2569 4231 νον
2615 4178 2845 4230 ἕλκουσα
2888 4178 2985 4237 τὰς
3035 4176 3354 4245 ἑϐδομάδας,
3412 4174 3505 4226 καὶ
3537 4174 3603 4227 δι’
3631 4172 3855 4245 ἡμερῶν
3892 4176 4050 4225 πέντε

2483 4261 2757 4323 ἐσθίουσα,
2798 4262 2941 4311 ποιεῖ
2967 4259 3129 4327 εὐχὰς
3162 4258 3511 4320 ἑπτακοσίας.
3565 4259 3671 4310 Καὶ
3699 4257 4052 4324 ἀπευδόκησα

2483 4344 2591 4412 ἐγὼ
2650 4342 2906 4412 ἐμαυτοῦ,
2961 4342 3119 4393 τοῦτο
3152 4341 3358 4411 μαθὼν,
3405 4342 3499 4395 x01
3552 4341 3929 4409 λογισάμενος,
3969 4342 4050 4391 ὃτι

816 4414 892 4498 τῷ
922 4418 1140 4498 μεγάλῳ
1190 4417 1438 4487 Ἰσιδώρῳ
1480 4418 1557 4488 τῷ
1593 4419 1943 4491 πρεσϐυτέρῳ
1967 4424 2063 4491 τῆς
2106 4425 2372 4493 Σκήτεως.
2411 4426 2452 4480 Ι)
2482 4428 2618 4498 ἀνὴρ
2656 4424 2777 4479 κατ’
2808 4425 3022 4495 ἐκείνην
3053 4427 3117 4495 τῇ
3155 4424 3313 4497 ῥώμῃ
3358 4424 3450 4478 τοῦ
3505 4424 3751 4493 σώματος
3785 4424 4050 4492 δημιουρ-

832 4495 1103 4550 ’Δπελθὼν
1131 4498 1188 4551 δὲ
1221 4499 1356 4568 μετά
1384 4517 1544 4553 τινων
1573 4501 1749 4553 λαϐὼν
1782 4503 1940 4554 αὑτὸν
1974 4504 2200 4572 ἤνεγκεν
2230 4508 2284 4557 ἐν
2311 4510 2377 4578 τῇ

831 4581 1144 4652 Ἐκκλησίᾳ,
1196 4582 1290 4635 καὶ
1335 4583 1426 4635 ἐπὶ
1453 4584 1899 4656 ἐνιαυτὸνπλήρη
1926 4578 2077 4649 οὗτος
2102 4588 2375 4658 ἐνόσησεν,

816 4665 893 4724 ὡς
924 4664 1075 4731 μόλις
1123 4665 1373 4729 γενέσθαι
1415 4666 1477 4718 τὸ
1506 4667 1660 4736 σῶμα
1691 4669 1854 4720 αὑτοῦ
1878 4670 1965 4721 καὶ
1987 4670 2086 4737 τὴν
2117 4671 2292 4741 ψυχὴν
2321 4673 2379 4724 ἐν

820 4744 983 4813 ίσχύϊ.
1019 4746 1149 4798 Τότε
1183 4747 1327 4811 λέγει
1357 4748 1504 4817 αύτῷ
1530 4750 1556 4801 ό
1579 4749 1749 4819 μέγας
1787 4750 1962 4819 ίερεὺς
2004 4751 2097 4804 τοῦ
2141 4753 2377 4821 Χριστοῦ

832 4826 1095 4896 Ἰσίδωρος
1120 4845 1134 4858 ο
1168 4828 1380 4881 Παῦσαι
1428 4830 1611 4882 λοιπὸν
1632 4834 1742 4893 τοῖς
1771 4832 1987 4901 δαίμοσι
2036 4834 2374 4901 φιλονεικῶν,

817 4910 1033 4976 ἀδελφὲ,
1061 4912 1155 4961 καὶ
1200 4913 1272 4979 μὴ
1300 4914 1483 4971 αὐτοῖς
1534 4914 1852 4982 ἐπέμϐαινε.
1892 4917 2086 4986 Μέτρα
2124 4919 2232 4987 γάρ
2272 4920 2377 4971 είσι

820 4992 1040 5059 καὶτῆς
1082 4993 1366 5061 ἀσκήσεως
1424 4995 1522 5064 τῆς
1568 4997 1703 5066 πρὸς
1759 4999 1883 5059 τοὺς
1934 4997 2189 5066 δαίμονας
2220 5004 2277 5052 ἐν
2310 5004 2375 5072 τῇ

818 5077 1069 5144 ἀσκήσει.
1115 5076 1173 5129 Ὀ
1200 5077 1255 5128 δὲ
1280 5077 1591 5145 ἀδάμαστος
1623 5081 1716 5131 τοῦ
1746 5081 1982 5151 Χριστοῦ
2023 5084 2263 5153 Μωῦσῆς
2291 5084 2375 5137 λέ-

819 5176 904 5210 γει
927 5158 1002 5227 τῷ
1034 5158 1251 5227 μεγάλῳ
1273 5176 1284 5189 ’
1312 5162 1385 5213 O6
1418 5161 1492 5229 μὴ
1526 5166 1818 5232 παύσωμαι
1847 5164 1939 5217 τοῦ
1966 5166 2231 5235 μάχεσθαι
2259 5170 2376 5236 μετ’

818 5243 1017 5305 ἀυτῶν,
1036 5243 1139 5305 ἕως
1156 5242 1505 5313 ἀν,παύσηταί
1522 5263 1625 5314 μου
1641 5249 1674 5316 ἡ
1689 5249 1954 5315 φαντασία
1968 5248 2073 5300 τῶν
2088 5250 2371 5306 ἐνυπνίων.

820 5325 951 5381 Τότε
977 5325 1122 5393 λέγει
1150 5327 1298 5397 αύτῷ
1332 5330 1360 5381 6
1399 5328 1491 5379 τοῦ
1551 5330 1785 5399 Χριστοῦ
1832 5332 2017 5393 δοῦλος
2053 5332 2321 5403 Ἰσίδωρος
2348 5336 2376 5388 6

819 5408 1221 5479 πρεσϐύτερος·
1271 5412 1359 5463 Ἐν
1397 5412 1476 5481 τῷ
1523 5414 1743 5482 ὀνόματι
1789 5414 1959 5483 Ἰησοῦ
1982 5415 2235 5485 Χριστοῦ,
2269 5418 2376 5471 ἀπὸ

817 5491 910 5544 τοῦ
946 5492 1040 5544 νῦν
1069 5493 1339 5547 πέπαυταί
1372 5512 1466 5547 σου
1493 5496 1561 5549 τά
1612 5498 1832 5567 ἀπρεπῆ
1883 5497 2129 5551 ἐνύπνια.
2177 5501 2374 5554 Λοιπὸν

822 5574 958 5640 μετά
981 5575 1293 5645 παρρησίας
1342 5581 1451 5641 τοῖς
1492 5579 1811 5650 μυστηρίοις
1867 5583 2209 5651 κοινώνησον.
2261 5582 2373 5638 ’Ίνα

819 5658 921 5734 γὰρ
950 5659 1022 5729 μὴ
1053 5661 1300 5732 καυχήσῃ
1323 5701 1335 5723 ,
1369 5662 1441 5725 ὡς
1474 5665 1538 5733 τῇ
1578 5667 1643 5733 σῇ
1695 5665 1923 5734 ἀσκήσει
1956 5669 2372 5738 περιγενόμενος

2480 4511 2665 4579 γηθεὶς
2700 4508 2840 4579 ὑπὲρ
2857 4509 2952 4570 τάς
2980 4508 3293 4577 τριακοσίας
3323 4507 3488 4577 εὑχάς
3534 4510 3756 4577 ποιήσαι
3787 4507 3890 4558 οὑκ
3919 4505 4047 4573 ήδυ-

2479 4593 2663 4662 νήθην.
2719 4592 3092 4661 Ἀποκρίνεται
3114 4592 3261 4661 αὐτῷ
3297 4594 3325 4644 6
3354 4591 3509 4657 ἅγιος
3528 4592 3832 4660 Μακάριος,
3852 4590 4045 4657 λέγων’

2490 4674 2629 4742 Ἐγὼ
2662 4673 2948 4743 ἑξηκοστὸν
2977 4672 3095 4736 ἔτος
3126 4673 3232 4742 ἔχω
3264 4675 3357 4741 ἀφ’
3386 4669 3447 4727 06
3478 4674 3669 4727 ἑκατὸν
3706 4672 4045 4740 τεταγμένας

2479 4758 2643 4825 εὑχάς
2673 4756 2811 4808 ποιῶ
2842 4756 2935 4806 x01
2987 4757 3054 4807 τὰ
3106 4756 3239 4822 πρὸς
3280 4755 3486 4825 τροφὴν
3525 4756 3895 4825 ἐργαζόμενος
3929 4755 4047 4815 ταῖς

2478 4840 2684 4908 χερσὶν,
2719 4839 2812 4890 καὶ
2840 4841 2951 4900 τοῖς
2971 4838 3215 4907 ἀδελφοῖς
3245 4839 3343 4907 τὴν
3372 4838 3587 4907 ὀφειλὴν
3617 4841 3714 4905 τῆς
3758 4836 4047 4905 συντυχίας

2477 4920 2759 4983 ἀποδιδούς
2781 4938 2794 4951 ·
2833 4922 2925 4975 καὶ
2976 4922 3035 4973 οὑ
3067 4921 3239 4989 κρίνει
3272 4939 3339 4991 με
3374 4925 3401 4974 ὸ
3432 4922 3687 4990 λογισμὸς
3730 4922 3806 4981 ὡς
3838 4921 4046 4989 ἀμελὴ-

2480 5022 2667 5059 σαντα.
2699 5006 2759 5056 Et
2796 5005 2851 5057 δὲ
2886 5004 2950 5056 σὺ
2982 5006 3297 5074 τριακοσίας
3342 5006 3505 5075 εὐχάς
3539 5004 3707 5057 ποιῶν
3754 5005 3916 5075 κρίνῃ
3944 5003 4044 5056 ὑπὸ

2475 5088 2568 5141 τοῦ
2593 5088 3076 5157 συνειδότοςιδῆλος
3100 5084 3151 5141 εἴ
3176 5090 3431 5164 καθαρῶς
3452 5092 3617 5153 αὑτάς
3640 5092 3713 5160 μὴ
3731 5091 4043 5159 εὐχόμενος,

2477 5172 2509 5243 ἢ
2540 5174 2829 5243 δυνάμενος
2859 5172 3109 5236 πλείονας
3142 5172 3397 5242 εῦχεσθαι
3430 5178 3524 5227 καὶ
3562 5174 3636 5244 μὴ
3666 5174 3982 5245 εὐχόμενος.

3047 5257 3296 5309 ΚΕΦΑΛ.
3338 5258 3465 5309 KE’.

2652 5340 2790 5406 Περὶ
2828 5339 3117 5407 Εὐλογίου
3159 5339 3256 5392 καί
3280 5339 3383 5393 τοῦ
3424 5340 3865 5408 λελωϐημένου.

2546 5422 2771 5491 Κρόνιός
2799 5439 2885 5490 μοι
2912 5421 3249 5491 διηγήσατοό
3267 5421 3633 5493 πρεσϐύτερος
3657 5427 3754 5493 τῆς
3789 5424 4037 5493 Νιτριας,

2475 5504 2557 5556 δτι
2585 5504 2846 5573 νεώτερος
2876 5503 2950 5556 ῶν
3002 5505 3063 5556 τὸ
3113 5504 3233 5557 κατ’
3259 5504 3452 5573 ἀρχὰς,
3492 5508 3587 5558 καὶ
3623 5506 3853 5575 ἀκηδίας
3886 5507 4040 5575 χάριν

2476 5585 2663 5657 φυγὼν
2690 5589 2753 5640 ἐκ
2783 5587 2882 5655 τῆς
2915 5588 3079 5656 μονῆς
3110 5586 3202 5639 τοῦ
3231 5588 3655 5659 ἀρχιμανδρίτου
3691 5607 3793 5658 μου
3828 5590 4040 5660 ἀλῶμα-

2476 5687 2560 5733 νος
2591 5670 2796 5740 ἔφθασα
2815 5672 2915 5735 ἕως
2937 5672 3029 5725 τοῦ
3060 5671 3216 5742 6906;
3248 5672 3337 5729 τοῦ
3355 5673 3511 5739 ἁγίου
3548 5674 4042 5740 Ἀντωνίου.⁹Εκαθ·
