4258 6358
312 416 452 473 1069

1589 419 1897 477 HISTORIA
1941 422 2292 483 LAUSIACA.

3400 440 3534 501 1070

304 533 364 576 ut
401 521 488 591 qul
518 522 653 577 nihil
680 522 822 577 aliud
852 532 1085 580 sumeret
1130 532 1322 594 praeter
1350 525 1499 593 panis
1528 528 1656 583 sicci
1684 529 1869 585 uncias
1897 536 1943 594 Α
1973 549 2037 590 ne
2059 535 2317 593 incidere:
2348 537 2398 593 in
2427 538 2589 594 animi
2614 540 2915 597 elationem.
2950 542 3041 599 His
3066 546 3259 604 auditis
3286 563 3530 607 reversus

302 614 620 680 duodecim,
660 616 943 683 plurimum
990 630 1240 685 operans,
1270 625 1325 673 et
1352 617 1729 689 quinquaginta
1754 637 1870 677 ora-

303 705 475 758 tiones
504 704 743 774 quotidie
776 720 1056 774 peragens.

376 794 542 847 Porro
570 803 745 848 autem
774 796 1018 865 quamvis
1049 811 1201 851 suum
1229 806 1554 853 macerasset
1580 814 1867 866 corpuscu-

303 885 435 949 lum,
466 887 757 952 permansit
798 893 971 939 tamen
1022 887 1398 954 inflammatus,
1428 897 1485 944 et
1516 891 1779 959 praecipue
1817 891 1870 946 in

298 976 524 1027 somnis.
560 974 690 1028 Cum
720 984 896 1029 autem
928 978 1267 1042 surrexisset,
1308 981 1555 1033 convenit
1589 980 1872 1049 quemdam

295 1061 461 1116 alium
493 1062 809 1117 monachum
840 1076 1080 1119 sanctum
1098 1066 1548 1135 probatissimum,
1570 1078 1623 1123 et
1642 1071 1689 1123 ei
1711 1069 1868 1125 dicit:

297 1150 438 1217 Quid
470 1153 682 1217 faciam,
711 1153 888 1207 abba?
918 1153 1125 1208 Rationi
1156 1170 1289 1209 meae
1315 1157 1561 1211 tenebras
1588 1159 1870 1213 olfundunt

296 1242 506 1296 somnia
534 1243 716 1306 animi,
756 1252 812 1296 ut
836 1244 927 1311 qui
952 1245 1031 1298 eis
1057 1260 1126 1299 ex
1153 1246 1323 1300 veteri
1368 1250 1749 1303 consuetudine
1776 1248 1872 1305 de-

296 1330 486 1387 lecter.
518 1332 657 1385 Dicit
684 1333 733 1386 ei
762 1334 848 1387 ille
887 1342 1104 1388 sanctus
1133 1351 1148 1388 :
1181 1336 1295 1389 Non
1322 1335 1608 1393 eohibuisti
1638 1349 1868 1395 mentem

296 1431 443 1474 tuam
489 1436 519 1475 a
548 1420 675 1474 visis
704 1436 821 1488 qua:
850 1422 905 1477 in
936 1424 1015 1477 eis
1057 1434 1358 1488 versantur,
1384 1440 1444 1479 ea
1473 1426 1540 1481 de
1570 1442 1727 1481 causa
1756 1427 1869 1485 haec

293 1511 550 1565 sustines.
584 1510 689 1564 Fac
718 1526 845 1580 ergo
870 1513 1008 1580 quod
1051 1513 1191 1567 dico.
1241 1513 1384 1568 Dede
1412 1522 1463 1568 te
1504 1517 1758 1584 paulatim
1790 1517 1869 1569 vi-

291 1600 453 1668 gilite,
481 1610 535 1655 et
560 1615 654 1654 ora
684 1601 921 1666 sobrius;
954 1611 1006 1656 et
1034 1602 1101 1655 ab
1126 1604 1207 1657 his
1236 1606 1341 1656 cito
1369 1603 1701 1659 liberaberis.
1734 1605 1866 1660 Cum

298 1691 401 1745 hoc
427 1702 604 1746 autem
633 1694 890 1747 monitum
919 1692 1263 1748 audiissetvir
1278 1697 1581 1763 praeclarus,
1618 1706 1866 1767 tanquam

292 1782 363 1835 ab
389 1797 455 1835 eo
482 1783 572 1851 qui
602 1790 721 1836 erat
763 1782 950 1837 artifex
997 1784 1346 1850 experientia,
1377 1784 1433 1837 in
1461 1786 1647 1839 cellam
1680 1801 1865 1841 rever-

1974 633 2057 679 est
2094 627 2146 679 in
2183 627 2393 695 cellam,
2434 628 2610 696 quiete
2649 631 2900 701 deinceps
2943 634 3219 691 attendens
3257 642 3531 697 moderato

1973 713 2215 771 instituto
2263 719 2677 776 exercitationis.
2722 722 2848 777 Post
2892 724 3026 779 duos
3065 737 3243 782 autem
3285 733 3369 786 vel
3423 742 3527 788 tres.

1972 821 2182 862 menses
2210 818 2422 878 rogatus
2450 825 2479 864 a
2509 810 2664 866 beato
2692 812 2897 870 lsidoro
2928 817 3239 887 presbytero
3265 824 3527 879 exercita-

1972 904 2056 952 tor
2088 899 2297 970 Moyses
2328 901 2559 969 nunquid
2588 905 2812 973 amplius
2857 907 2905 962 ei
2939 908 3230 964 molestiam
3260 914 3529 969 exhibuis-

1968 1000 2054 1045 set
2078 991 2312 1057 spiritus,
2342 994 2650 1060 respondit:
2694 996 2774 1051 Ab
2819 998 2905 1052 illa
2940 998 3066 1052 hora
3097 1016 3197 1070 qua
3247 1004 3374 1056 tnihi
3408 1021 3529 1071 pre-

1970 1091 2118 1138 catus
2145 1090 2227 1137 est
2251 1082 2445 1139 Christi
2476 1099 2677 1152 servus,
2712 1087 2840 1143 nihil
2871 1089 2996 1145 mihi
3023 1093 3215 1147 accidit
3245 1095 3525 1164 ejusmodi.

1970 1172 2225 1241 Dignatus
2258 1184 2339 1229 est
2371 1183 2547 1230 autem
2580 1176 2666 1231 hic
2701 1190 2916 1234 sanctus
2943 1182 3108 1249 gratia
3139 1184 3391 1239 adversus
3419 1186 3529 1242 dai-

1971 1278 2176 1329 mones,
2216 1264 2349 1320 adeo
2376 1267 2587 1322 utsicut
2627 1282 2723 1322 nos
2752 1284 2960 1323 muscas
3009 1270 3183 1327 hieme
3227 1277 3525 1328 contemni-

1969 1371 2118 1423 mus;
2169 1358 2273 1424 ita,
2306 1367 2463 1429 atque
2505 1361 2637 1415 adeo
2664 1362 2909 1429 amplius,
2941 1362 3026 1415 hic
3056 1370 3275 1431 m'agnus
3323 1367 3528 1434 Moyses

1968 1453 2334 1502 contemneret
2361 1447 2651 1502 daemones.
2710 1450 2833 1503 ll:ec
2860 1461 2939 1504 est
2973 1450 3217 1517 religiosa
3262 1461 3316 1507 et
3344 1463 3524 1507 sancta

1969 1534 2074 1587 vita
2098 1550 2256 1604 quam
2282 1542 2390 1605 egit
2432 1536 2656 1590 invictus
2680 1537 2876 1593 athleta
2909 1540 3117 1608 Moyses
3143 1539 3411 1609 EthiOps,
3437 1544 3526 1611 qui

1971 1622 2086 1689 Ipse
2111 1638 2323 1692 quoque
2367 1627 2744 1679 numerabatur
2790 1628 2927 1680 inter
2956 1641 3191 1695 magnos.
3240 1628 3381 1683 Obiit
3404 1641 3524 1684 ante

1971 1710 2060 1782 [F.
2086 1713 2185 1784 leg.
2218 1714 2418 1786 autem]
2447 1718 2772 1784 septuaginta
2815 1718 3043 1785 quinque
3064 1734 3229 1773 annos
3269 1728 3419 1775 natus
3471 1722 3524 1776 in

1968 1803 2144 1869 Scete,
2170 1821 2289 1860 curn
2332 1805 2503 1859 factus
2541 1815 2685 1861 esset
2726 1808 3016 1877 presbyter,
3070 1811 3267 1865 relictis
3314 1822 3523 1881 septuav

292 1886 408 1937 sus,
434 1873 565 1926 dixit
591 1871 674 1935 ei,
704 1873 842 1940 quod
869 1873 1078 1941 quidem
1108 1889 1199 1927 sua
1227 1876 1357 1928 sciat
1382 1876 1729 1942 conscientia,
1756 1884 1861 1933 tota
1893 1888 1940 1949 Β
1966 1898 2339 1965 ggmaquinque
2365 1898 2656 1966 discipulis,

292 1969 452 2014 nocte
483 1976 587 2014 non
616 1960 927 2025 dormiisse;
978 1977 1081 2015 non
1111 1962 1362 2018 orationis
1410 1974 1668 2032 praetextu
1696 1981 1863 2035 genu-

296 2051 533 2118 ﬂexisse,
568 2058 623 2103 ut
651 2054 820 2105 somni
853 2052 1054 2119 fugeret
1085 2054 1439 2123 tyrannidem.

363 2142 494 2196 Cum
539 2142 692 2195 annis
737 2157 865 2211 ergo
894 2157 985 2197 sex
1030 2146 1308 2198 mansisset
1336 2146 1388 2199 in
1415 2145 1567 2214 cella,
1601 2155 1736 2201 totas
1763 2162 1862 2201 no-

289 2242 405 2287 ctes
435 2241 583 2287 stans
629 2234 679 2287 in
729 2234 904 2287 medio
932 2237 1099 2298 cella),
1132 2245 1186 2290 et
1215 2237 1377 2292 Deum
1423 2253 1584 2292 orans
1624 2238 1856 2307 assidue,

288 2336 342 2378 et
379 2340 482 2379 non
514 2326 767 2380 claudens
796 2327 1011 2392 oculos,
1057 2343 1161 2382 non
1212 2330 1377 2396 potuit
1423 2330 1859 2398 intemperantem

289 2418 505 2471 vincere
553 2418 915 2486 cupiditatem.
964 2419 1165 2473 Ilevera
1212 2422 1485 2475 enimnon
1527 2431 1702 2489 potest
1732 2437 1859 2480 vere

293 2509 545 2576 castigari
590 2510 869 2577 cupiditas.
918 2512 1047 2563 Cum
1076 2512 1213 2565 enim
1260 2513 1489 2581 seipsum
1522 2512 1858 2568 tabefecisset

289 2599 581 2666 laboribus,
614 2610 819 2670 turpem
853 2601 995 2657 illam
1024 2602 1354 2658 affectionem
1383 2620 1487 2659 non
1516 2604 1681 2674 potuit
1714 2606 1855 2660 subi-

286 2705 437 2761 gere.

361 2783 487 2837 Post
533 2786 646 2837 haae
694 2783 850 2837 aliam
896 2784 999 2838 sibi
1033 2785 1294 2855 suggessit
1343 2787 1603 2842 rationem
1651 2803 1854 2855 asperae

286 2875 409 2927 vitae
436 2875 671 2944 agenda'.
701 2875 987 2943 Egrediens
1012 2876 1095 2930 hic
1121 2879 1259 2948 pugil
1286 2878 1493 2933 Satana:
1521 2880 1689 2947 (varie
1711 2882 1851 2935 enim

286 2980 407 3018 cum
438 2978 503 3018 eo
544 2964 855 3035 decertavit)
885 2969 1126 3022 noctibus
1154 2970 1332 3023 abibat
1381 2972 1444 3023 ad
1474 2974 1635 3025 cellas
1666 2990 1851 3027 mona-

284 3058 528 3116 chorum,
576 3055 664 3123 qui
716 3071 772 3109 se
799 3058 1095 3112 exercendo
1139 3070 1527 3115 consenuerant
1575 3063 1625 3115 in
1660 3064 1850 3119 labori-

285 3144 405 3209 bus,
434 3154 489 3197 et
517 3161 611 3213 per
640 3160 697 3198 se
727 3161 915 3214 aquam
949 3163 1049 3200 non
1097 3158 1337 3214 poterant
1380 3152 1604 3219 amplius
1649 3155 1848 3220 impor-

284 3242 440 3285 tare:
486 3242 540 3285 et
583 3234 846 3341 accipiens
900 3236 1113 3304 hydrias
1157 3240 1234 3291 eis
1283 3242 1640 3297 nescientibus
1669 3284 1683 3305 ,
1734 3245 1848 3298 illas
1876 3254 1917 3311 ί]
1954 3265 2237 3320 “nomium
2265 3234 3002 3341 quidiéilulrpomicils"51,;

281 3337 416 3389 aqua
438 3322 709 3389 implebat.
733 3322 937 3377 Ilabent
960 3328 1097 3378 enim
1127 3326 1179 3380 in
1203 3328 1306 3381 illis
1331 3329 1457 3383 locis
1479 3346 1671 3399 aquam
1702 3342 1845 3386 certa

282 3412 566 3464 distantem
610 3412 1013 3481 longinquitate,
1042 3415 1130 3468 alii
1174 3416 1385 3482 quidem
1426 3418 1492 3471 ad
1540 3420 1672 3474 duos
1720 3421 1851 3488 lapi-

283 3501 398 3563 des,
433 3501 520 3553 alii
563 3515 687 3554 vero
732 3502 798 3555 ad
842 3506 1095 3571 quinque,
1150 3506 1238 3558 alii
1291 3523 1414 3560 vero
1459 3509 1525 3562 ad
1555 3508 1846 3566 dimidium.

285 3590 399 3644 Una
427 3606 554 3659 ergo
600 3600 754 3646 nocte
801 3609 903 3659 qua
934 3594 1033 3648 hoc
1079 3594 1325 3661 faciebat,
1357 3599 1562 3653 daemon
1608 3603 1697 3668 qui
1726 3618 1846 3657 eum

280 3678 674 3747 observaverat,
708 3697 810 3736 non
839 3684 1063 3750 amplius
1101 3682 1279 3741 ferens
1324 3689 1539 3743 athleta:
1586 3690 1848 3747 fortitudi-

281 3788 425 3838 nem,
456 3787 577 3827 cum
609 3776 720 3841 ipse
760 3788 819 3829 se
862 3775 1168 3831 inclinasset
1213 3778 1265 3831 in
1315 3790 1552 3847 puteum,
1596 3792 1649 3837 ut
1693 3786 1844 3839 unius

279 3863 523 3915 tnunachi
564 3863 805 3931 impleret
830 3865 1094 3934 hydriam,
1121 3865 1324 3919 clavam
1357 3870 1640 3936 quamdam
1670 3873 1717 3925 ei
1750 3875 1846 3927 im-

279 3956 421 4022 pegit
449 3954 501 4007 in
534 3955 760 4019 lumbos,
792 3962 845 4008 et
874 3970 995 4009 eum
1025 3956 1078 4008 in
1108 3970 1172 4010 eo
1198 3957 1318 4013 loco
1344 3959 1557 4027 reliquit
1579 3962 1844 4029 jacentem

278 4054 565 4108 mortuum,
613 4043 739 4096 nihil
787 4044 1003 4098 omnino
1059 4047 1419 4113 sentientem,
1464 4064 1638 4118 neque
1687 4054 1841 4120 quid,

279 4149 449 4203 neque
511 4149 541 4187 a
585 4149 690 4203 quo
753 4135 804 4188 id
854 4149 1041 4202 passus
1095 4137 1183 4191 sit.
1274 4138 1410 4194 Cum
1507 4151 1635 4207 ergo
1730 4140 1838 4197 alio

282 4224 369 4279 die
460 4225 697 4280 venisset
743 4225 955 4293 quidam
1013 4226 1303 4281 monachus
1357 4229 1421 4282 ad
1478 4244 1664 4297 aquam
1716 4232 1843 4286 hau-

276 4314 534 4380 ricndam,
578 4330 700 4369 eum
749 4315 854 4369 illic
902 4315 1100 4369 invenit
1140 4317 1402 4385 jacentem
1452 4319 1612 4388 linqui
1645 4322 1839 4376 animo.

280 4410 327 4460 is
356 4418 534 4462 autem
583 4408 636 4461 id
678 4407 1003 4463 renuntiavit
1046 4423 1238 4477 magno
1284 4410 1487 4463 Isidoro
1535 4412 1843 4481 presbytero

278 4502 469 4556 Scetis.
498 4500 599 4567 Qui
623 4500 808 4554 abiens
835 4515 952 4555 cum
982 4501 1183 4569 aliquot
1207 4501 1344 4567 aliis,
1377 4517 1494 4555 eum
1523 4503 1754 4572 accepit,
1787 4512 1841 4557 et

2517 2005 2740 2059 CAPUT
2791 2005 2974 2061 XXIII.

2412 2091 2531 2147 Vita
2556 2094 2748 2147 abbatis
2778 2092 2934 2148 Pauli
2953 2095 3085 2169 (57).

2035 2186 2181 2239 Mons
2207 2195 2290 2239 est
2319 2187 2370 2239 In
2400 2185 2659 2256 Egypto,
2704 2188 2971 2242 abducens
3012 2188 3063 2243 in
3094 2198 3293 2244 vastam
3341 2191 3521 2248 Scetcs

1960 2275 2322 2339 solitudinem,
2353 2276 2441 2346 qui
2486 2277 2780 2347 appellatur
2823 2276 3067 2334 Pherme.
3099 2280 3155 2335 In
3200 2284 3299 2336 hoc
3343 2296 3521 2340 monte

1959 2364 2148 2419 sedent
2172 2367 2382 2420 circiter
2404 2367 2672 2436 quingenti
2702 2368 2942 2424 homines
2963 2370 3051 2438 qui
3075 2382 3413 2434 exercentur.
3437 2374 3521 2432 In-

1960 2464 2041 2510 ter
2068 2470 2201 2524 quos
2228 2454 2324 2509 fuit
2352 2458 2511 2511 etiam
2542 2457 2773 2527 quidam,
2807 2459 3020 2517 nomine
3049 2460 3240 2519 Paulus
3261 2507 3276 2530 ,
3325 2483 3519 2523 mona-

1958 2545 2086 2599 chus
2113 2548 2363 2616 optimus,
2395 2549 2483 2617 qui
2512 2557 2623 2604 toto
2652 2565 2749 2604 suo
2772 2560 3007 2620 tempore
3037 2554 3171 2609 hanc
3200 2559 3306 2624 egit
3335 2559 3519 2615 vitam.

1956 2635 2230 2706 Nunquam
2257 2653 2387 2707 opus
2413 2641 2613 2709 attigit,
2642 2655 2737 2694 nec
2766 2642 2931 2696 ullum
2956 2649 3186 2713 suscepit
3216 2651 3481 2716 negotium
3505 2693 3518 2714 ,

1956 2727 2028 2781 nil
2072 2745 2301 2795 unquam
2350 2732 2556 2799 accepit
2601 2732 2667 2785 ab
2706 2732 2920 2801 aliquo,
2970 2745 3318 2805 praeterquam
3378 2742 3519 2810 quod

1956 2825 2134 2884 posset
2180 2818 2231 2869 in
2261 2820 2373 2885 ipso
2418 2818 2504 2873 die
2532 2821 2832 2876 comedere.
2871 2822 2989 2877 Fuit
3036 2836 3209 2879 autem
3242 2843 3355 2897 ejus
3384 2846 3517 2898 opus

1954 2918 2007 2962 et
2035 2909 2363 2973 exercitatio,
2396 2924 2548 2964 orare
2590 2923 2865 2979 perpetuo.
2899 2914 2995 2968 llic
3044 2916 3269 2971 habebat
3315 2928 3516 2974 trecen-

1956 3012 2035 3055 tas
2076 3017 2262 3069 preces
2293 3017 2570 3070 expressas
2598 3013 2650 3057 et
2679 3008 3021 3073 praestitutas,
3062 3011 3276 3063 totidem
3316 3010 3516 3066 habens

1953 3089 2004 3142 in
2028 3092 2143 3143 sinu
2182 3091 2435 3155 calculos,
2488 3101 2539 3145 et
2578 3094 2628 3146 in
2678 3110 2987 3163 unaquaque
3035 3100 3273 3154 oratione
3316 3104 3516 3168 jaeiens

1956 3192 2113 3229 unum
2138 3178 2401 3233 calculum
2436 3180 2568 3249 (58).
2603 3181 2650 3235 Is
2677 3197 2796 3236 cum
2832 3186 3144 3241 arcessisset
3172 3189 3236 3241 ad
3276 3201 3514 3244 sanetum

3029 3280 3373 3333 conveniendi
3396 3296 3515 3351 gra-

1952 3356 2041 3417 tia,
2074 3364 2128 3408 et
2155 3367 2365 3423 propter
2411 3360 2703 3423 spiritalem
2754 3362 3052 3429 utilitatem,
3085 3365 3132 3417 ei
3163 3365 3291 3419 dicit
3319 3383 3331 3419 :
3364 3369 3512 3425 Abba

1950 3447 2162 3510 Maeari,
2196 3449 2345 3504 valde
2388 3448 2611 3519 affligor.
2646 3451 2832 3521 Coegit
2856 3466 2975 3506 eum
3005 3453 3198 3508 Christi
3221 3472 3406 3512 servus
3434 3461 3513 3512 di-

1946 3553 2066 3592 cere
2094 3554 2305 3594 causam
2346 3552 2559 3611 prepter
2590 3558 2744 3611 quam
2788 3544 3025 3599 molestia
3074 3548 3422 3605 afﬁciebatur.
3465 3551 3513 3608 Is

1948 3644 2075 3683 vero
2098 3632 2147 3685 ei
2174 3631 2330 3685 dicit:

2506 3704 2729 3760 CAPUT
2774 3702 2960 3763 XXIV.

2046 3788 2122 3843 De
2156 3790 2364 3861 Virgine
2388 3809 2500 3862 quas
2524 3796 2739 3863 faciebat
2763 3798 3104 3867 septingenti"
3133 3801 3402 3855 orationes.

2017 3880 2079 3939 In
2108 3884 2336 3949 quodam
2382 3885 2496 3939 vico
2541 3884 2743 3939 habitat
2780 3887 3019 3953 quaedam
3052 3889 3218 3959 virgo.
3243 3906 3361 3958 qua}
3413 3895 3511 3949 tri-

1945 3980 2199 4048 gesimum
2230 3992 2422 4029 annum
2465 3977 2572 4043 jam
2611 3985 2908 4031 exercetur.
2943 3978 3016 4034 De
3054 3994 3156 4048 qua
3190 3982 3336 4035 multi
3380 3983 3507 4038 tnihi

1946 4077 2265 4131 narrarunt,
2318 4065 2457 4132 quod
2509 4074 2697 4131 preter
2741 4065 3025 4120 Sabbatum
3076 4074 3132 4121 et
3184 4068 3507 4126 Dominieam

1945 4158 2090 4212 nullo
2139 4156 2246 4209 alio
2290 4155 2377 4209 die
2416 4155 2679 4219 vescitur;
2720 4155 2814 4208 sed
2862 4163 2974 4209 toto
3018 4164 3256 4225 tempore
3294 4161 3508 4217 trahens

1944 4246 2333 4311 hebdomadas,
2368 4253 2424 4300 et
2466 4253 2582 4312 post
2608 4246 2839 4313 quinque
2880 4248 2995 4301 dies
3039 4250 3353 4316 comedens,
3386 4251 3507 4307 facit

1944 4337 2306 4404 septingentas
2334 4336 2621 4388 orationes.
2653 4335 2762 4389 Hoc
2804 4352 2921 4390 cum
2969 4338 3270 4394 didicissem
3290 4382 3306 4406 ,
3337 4344 3506 4412 meip-

1942 4440 2059 4479 sum
2088 4424 2390 4492 reprohavi,
2409 4424 2549 4491 quod
2584 4426 2662 4476 vir
2690 4434 2899 4479 creatus
2927 4426 3007 4478 his
3029 4427 3226 4482 viribus
3246 4433 3504 4497 corporis,

1944 4531 2051 4569 non
2084 4514 2343 4584 potuerim
2376 4513 2551 4567 facere
2581 4514 2697 4579 plus
2736 4530 2891 4580 quam
2923 4525 3184 4570 trecentas
3214 4518 3505 4574 orationes.

276 4592 391 4643 tulit
420 4591 471 4643 in
500 4590 800 4644 ecclesiam.
852 4590 945 4644 Ille
971 4604 1099 4644 vero
1127 4603 1266 4643 anno
1301 4598 1411 4644 toto
1453 4593 1750 4659 aegrotavit,
1782 4602 1837 4646 ut
1867 4616 1918 4674 Ι)
1943 4607 1957 4661 ι

1820 4602 1837 4644 ί
1867 4616 1918 4674 Ῑ)
1943 4607 2001 4661 Ei
2038 4607 2319 4674 respondet
2344 4615 2557 4659 sanctus
2581 4604 2851 4672 Macarius,
2878 4606 3058 4660 dicens
3084 4625 3097 4659 :
3125 4609 3501 4679 Sexagesimus

274 4683 361 4735 vix
392 4694 584 4749 corpus
614 4680 731 4749 ejus
770 4688 824 4735 et
849 4681 1023 4733 anima
1053 4680 1398 4734 convaluerit.
1431 4681 1578 4734 Tunc
1608 4680 1735 4735 dicit
1763 4682 1840 4738 illi

276 4784 497 4836 magnus
533 4768 729 4823 Christi
774 4768 1022 4822 sacerdos
1062 4768 1329 4823 Isidorus:
1359 4768 1520 4823 Cessa
1569 4770 1838 4840 deinceps,

275 4863 443 4918 frater
469 4862 700 4931 Moyses,
751 4860 1075 4916 contendere
1120 4875 1240 4915 cum
1290 4861 1643 4925 dzemonibus,
1686 4873 1739 4919 et
1776 4877 1843 4917 ne

276 4956 352 5010 sic
390 4954 467 5009 eis
506 4950 864 5017 insultaveris,
894 4959 978 5006 est
1005 4951 1147 5006 enim
1178 4951 1362 5004 modus
1392 4966 1602 5019 quoque
1634 4952 1839 5006 fortitu-

278 5045 421 5099 dinis
448 5044 499 5095 in
528 5041 929 5096 exercitatione.
980 5041 1025 5093 Is
1051 5050 1227 5094 autem
1259 5041 1331 5093 illi
1362 5041 1490 5094 dicit
1518 5057 1533 5094 :
1563 5041 1675 5096 Non
1723 5057 1840 5095 ces-

274 5136 406 5192 sabo
439 5148 557 5187 cum
588 5131 666 5187 eis
697 5144 946 5199 pugnare,
976 5130 1147 5183 donec
1188 5130 1315 5182 mihi
1359 5133 1648 5184 cessaverit
1675 5131 1840 5197 phan-

276 5227 409 5282 tasia
438 5225 792 5279 somniorum.
824 5220 971 5275 'l'unc
1000 5222 1047 5276 ei
1076 5221 1203 5274 dicit
1233 5219 1426 5273 Christi
1453 5235 1637 5274 servus
1669 5219 1835 5274 lsido-

274 5334 365 5373 rus
396 5318 671 5385 presbyter
696 5330 710 5367 :
746 5313 800 5367 In
829 5312 1039 5366 nomine
1062 5309 1269 5365 Domini
1300 5309 1460 5365 nostri
1490 5310 1615 5364 .Iesu
1640 5309 1837 5364 Christi

270 5411 340 5465 ab
371 5408 470 5462 hoc
502 5407 755 5473 temporis
797 5403 1022 5458 articulo
1066 5405 1349 5457 cessabunt
1394 5405 1568 5473 turpia
1616 5413 1702 5456 tua
1745 5418 1833 5457 so-

275 5502 421 5557 mnia
456 5516 467 5550 :
502 5498 640 5551 bono
682 5496 936 5561 deinceps
985 5504 1039 5549 et
1068 5494 1248 5547 fidenti
1277 5492 1454 5547 animo
1501 5494 1829 5547 communica

271 5589 620 5644 sacramentis
664 5586 804 5658 (56).
846 5585 923 5639 Ne
962 5586 1101 5638 enim
1145 5584 1479 5652 gloriareris,
1526 5583 1694 5651 utqui
1744 5592 1831 5635 tua

269 5681 647 5738 exercitatione
691 5678 910 5733 vicisses
956 5675 1309 5740 atfecdonem,
1350 5674 1467 5729 ideo
1492 5674 1833 5729 vehementer

272 5774 323 5829 in
353 5781 405 5827 te
427 5786 574 5827 suam
603 5770 843 5825 exercuit
887 5774 1225 5835 potestatem,
1250 5764 1315 5821 ad
1348 5772 1490 5820 tuam
1532 5765 1829 5825 utilitatem,

1944 4712 2114 4752 annus
2143 4696 2334 4763 agitur,
2374 4712 2437 4750 ex
2467 4711 2571 4764 quo
2610 4706 2820 4749 centum
2850 4699 3162 4752 constitutas
3207 4700 3341 4755 facio
3384 4716 3503 4755 ora-

1945 4790 2135 4852 tiones,
2167 4796 2221 4841 et
2248 4786 2491 4841 laborans
2516 4787 2756 4839 manibus
2784 4801 2844 4839 ea
2877 4801 2994 4855 qua:
3035 4798 3157 4843 sunt
3186 4789 3252 4843 ad
3280 4790 3503 4846 alimen-

1944 4889 2053 4934 tum
2086 4876 2408 4941 necessaria,
2444 4884 2499 4929 et
2545 4875 2792 4929 fratribus
2826 4876 3060 4933 debitum
3104 4879 3332 4935 reddens
3376 4896 3503 4936 con-

1944 4968 2267 5037 gressionis,
2313 4981 2409 5020 nec
2453 4979 2568 5019 mea
2608 4981 2691 5020 me
2714 4965 2915 5035 judieat
2961 4970 3095 5022 ratio
3144 4971 3282 5037 quod
3313 4972 3501 5027 luerim

1942 5060 2231 5129 negligens.
2273 5058 2327 5112 Si
2368 5066 2420 5109 tu
2450 5066 2624 5109 autem
2662 5070 2781 5109 cum
2821 5065 3080 5112 trecentas
3109 5058 3268 5114 facias
3305 5062 3501 5114 oratiu-

1941 5166 2065 5214 nes,
2104 5148 2361 5217 judicaris
2389 5161 2417 5197 a
2446 5147 2793 5212 conscientia,
2825 5158 3006 5215 aperte
3047 5152 3283 5203 ostendis
3316 5159 3365 5204 te
3395 5165 3498 5205 non

1941 5256 2068 5306 pure
2096 5254 2269 5303 orare,
2300 5238 2380 5293 vel
2423 5252 2577 5307 posse
2608 5239 2785 5307 plures
2814 5239 3080 5293 orationes
3125 5242 3297 5297 facere
3339 5259 3499 5313 quant

1937 5329 2119 5384 facias.

2488 5396 2711 5451 CAPUT
2757 5396 2921 5451 XXV.

2323 5487 2396 5541 De
2424 5485 2606 5543 Cronio
2640 5486 2752 5557 (59)
2782 5486 3091 5557 presbytero.

2002 5580 2233 5635 Cronius
2276 5578 2487 5648 quidam
2536 5578 2665 5633 mihi
2714 5581 2947 5633 narravit
2993 5580 3268 5649 presbyter
3314 5580 3496 5637 Nitrizn

1932 5672 2148 5742 (Ruﬁn.
2175 5714 2187 5738 ,
2221 5670 2259 5724 ι.
2303 5686 2362 5736 ιι,
2389 5686 2504 5738 cap.
2527 5670 2619 5737 25,
2652 5670 2714 5725 ds
2741 5669 2928 5725 Cronio
2955 5669 3160 5723 Antonii
3183 5672 3491 5738 diminuta):

1934 5762 2066 5817 Cum
2096 5776 2288 5829 essem,
2314 5763 2501 5831 inquit,
2520 5761 2697 5831 junior
2722 5763 2789 5818 ab
2818 5761 2984 5828 initio,
3019 5770 3073 5818 et
3102 5776 3313 5833 propter
3332 5766 3493 5819 animi
