4258 6358
783 378 913 435 1071

2235 385 2563 448 PALLADII

3892 395 4024 454 1072

796 535 1046 589 angorem
1092 528 1146 575 et
1196 522 1456 577 tristitiam
1497 524 1729 592 fugerem
1777 537 1841 578 ex
1882 524 2203 579 monasterio
2252 525 2355 578 mei
2385 532 2714 593 Apraetextu
2760 524 2895 579 bene
2940 524 3168 579 faciendi
3200 541 3281 579 me
3326 524 3596 593 acceperis
3640 523 3691 577 in
3717 530 3862 577 tuum
3897 524 4024 579 llos-

793 613 1257 676 archimandritze,
1303 628 1486 667 errans
1530 616 1742 681 perveni
1791 615 1856 667 ad
1907 626 2136 669 montem
2186 617 2355 669 sancti

793 706 1027 759 Antonii.
1058 706 1283 759 Sedebat
1311 715 1483 758 autem
1518 708 1699 760 beatus
1740 707 1995 759 Antonius
2028 708 2163 760 inter
2187 707 2356 777 Baby-

794 796 969 849 louem
1003 795 1113 866 (60)
1144 804 1197 849 et
1245 796 1547 850 lleracleam
1597 798 1647 849 in
1680 806 1822 850 vasta
1871 798 2191 863 solitudine,
2237 814 2353 866 qua:

792 884 896 938 fert
924 886 986 938 ad
1019 901 1160 938 mare
1188 886 1445 950 Rubrum,
1474 888 1682 941 circiter
1730 889 1936 954 triginta
1984 888 2291 942 milliaribus
2322 904 2351 943 a

788 972 971 1030 ﬂuvio.
1000 974 1131 1028 Cum
1154 992 1278 1044 ergo
1300 979 1560 1031 venissem
1583 978 1645 1029 ad
1674 978 1785 1045 ejus
1811 979 2191 1031 monasterium
2215 982 2352 1045 quod

793 1074 876 1118 est
923 1080 1084 1133 prope
1132 1066 1379 1129 ﬂuvium,
1426 1067 1477 1119 in
1525 1080 1630 1134 quo
1659 1066 1911 1119 sedebant
1949 1066 2063 1134 ejus
2113 1067 2351 1134 discipuli

797 1154 1048 1209 Macarius
1076 1166 1127 1210 et
1156 1158 1370 1208 Amatas
1398 1155 1447 1208 in
1478 1170 1544 1209 eo
1570 1156 1655 1223 qui
1687 1156 1868 1224 Pisper
1895 1157 2185 1223 appellatur
2217 1161 2351 1223 loco,

789 1246 877 1316 qui
910 1260 1028 1299 eum
1059 1246 1216 1299 etiam
1246 1259 1362 1297 cum
1399 1246 1702 1299 dormiisset
1733 1246 2049 1314 sepelierunt
2080 1286 2095 1309 ,
2130 1261 2353 1314 exspec-

790 1337 896 1389 tavi
918 1337 1147 1404 quinque
1168 1337 1299 1397 dies,
1325 1346 1378 1389 ut
1401 1338 1737 1390 convenirem
1764 1346 2003 1388 sanctum
2041 1336 2351 1391 Antonium.

792 1428 1072 1481 Dicebatur
1097 1435 1273 1481 autem
1307 1428 1561 1482 accedere
1590 1426 1653 1480 ad
1685 1427 1783 1481 hoc
1813 1430 2226 1491 monasterium,
2255 1428 2353 1481 ali-

789 1516 1000 1581 quando
1023 1516 1235 1584 quidem
1265 1526 1378 1583 post
1399 1517 1579 1569 decem
1602 1516 1735 1577 dies,
1772 1516 2049 1584 aliquando
2080 1531 2205 1571 vero
2236 1524 2354 1585 post

786 1607 1006 1674 viginti,
1027 1606 1311 1673 aliquando
1341 1620 1464 1658 vero
1498 1616 1613 1673 post
1634 1607 1883 1674 quinque,
1914 1616 2070 1675 prout
2097 1606 2353 1674 expedie-

784 1697 874 1751 bat
902 1712 999 1767 pro
1030 1698 1283 1750 benelicio
1315 1711 1495 1749 eorum
1540 1697 1627 1764 qui
1663 1697 1939 1750 veniebant
1970 1697 2034 1749 ad
2078 1706 2354 1749 monaste-

783 1791 945 1843 rium.
970 1789 1398 1843 Conveneramus
1427 1802 1551 1854 ergo
1574 1788 1768 1839 diversi
1813 1787 2000 1841 fratres
2030 1787 2256 1841 diversis
2286 1787 2352 1840 de

2461 616 2720 683 pitiolum,
2741 626 2795 670 et
2825 626 3038 684 propter
3057 631 3140 670 me
3170 617 3243 668 vis
3271 631 3389 670 esse
3418 616 3617 669 salvus.
3648 614 3901 681 Eulogius
3927 629 4021 666 au-

2457 713 2561 757 tem
2590 719 2681 757 cor
2710 704 2825 772 ejus
2856 705 3102 769 leniebat,
3137 706 3318 757 dicens
3348 721 3363 759 ε
3395 703 3491 766 Ne,
3525 704 3769 766 domine,
3795 718 3864 757 ne
3912 704 4021 756 hzcc

2454 794 2691 856 dixeris;
2723 793 2815 847 sed
2846 794 2992 847 dicas
3019 808 3245 861 quanam
3292 795 3343 847 in
3375 810 3433 847 re
3464 793 3555 847 tibi
3601 793 3789 847 fuerim
3827 792 4025 847 moles-

2455 890 2555 943 tus,
2588 892 2641 937 et
2669 898 2785 937 eam
2831 885 3115 952 corrigam.
3158 884 3371 937 Mancus
3401 893 3577 937 autem
3624 882 3838 936 dicebat
3875 897 4024 936 arro-

2452 983 2636 1039 ganter
2665 989 2676 1024 :
2713 973 2823 1025 Non
2854 971 2969 1026 fero
2994 974 3087 1027 has
3114 974 3501 1027 assentationes
3526 990 3538 1037 ;
3580 972 3728 1026 aufer
3753 986 3837 1026 me
3866 973 4023 1034 hinc,

2451 1069 2505 1114 et
2536 1061 2733 1129 projice
2764 1062 2815 1114 in
2841 1061 2975 1125 furo,
3006 1076 3194 1115 recuso
3235 1070 3376 1115 tuam
3403 1062 3753 1115 curationem.
3798 1060 4024 1115 Diceth

2451 1166 2625 1206 autem
2656 1153 2903 1221 Eulogius
2929 1170 2942 1206 :
2978 1154 3123 1222 Rogo
3152 1162 3221 1219 te,
3254 1164 3434 1222 patere
3464 1153 3538 1208 tui
3579 1169 3759 1209 curam
3790 1156 3942 1223 geri,
3972 1164 4026 1209 et

2453 1243 2537 1296 dic
2565 1244 2611 1297 si
2638 1243 2763 1311 quid
2804 1244 2876 1296 sit
2907 1244 2999 1297 tibi
3031 1259 3211 1313 grave,
3240 1244 3455 1299 domine
3485 1246 3577 1297 mi.
3618 1244 3883 1300 Mutilatus
3924 1260 4022 1298 au-

2455 1338 2558 1384 tem
2604 1332 2769 1400 magis
2814 1332 3085 1397 incensus,
3118 1334 3167 1387 ei
3211 1333 3458 1387 dicebat:
3488 1333 3602 1386 Non
3648 1348 3859 1402 possum
3907 1349 4025 1388 sm-

2454 1423 2591 1490 plius
2620 1420 2761 1478 ferre
2792 1433 2930 1477 tuam
2952 1424 3233 1478 subdolam
3274 1433 3329 1478 et
3354 1425 3605 1478 ironicam
3638 1424 4023 1485 adulationem.

2452 1511 2565 1566 Non
2597 1513 2769 1581 placet
2800 1513 2927 1567 mihi
2958 1512 3071 1567 haec
3100 1516 3205 1567 vita
3236 1528 3393 1581 parca
3420 1523 3473 1568 et
3497 1513 3733 1576 sordida,
3765 1528 3867 1583 ego
3904 1515 4028 1569 volo

2454 1606 2596 1658 vesci
2641 1606 2911 1660 carnibus.
2956 1605 3169 1660 Patiens
3214 1614 3393 1659 autem
3438 1605 3686 1673 Eulogius
3724 1619 3917 1659 carnes
3960 1606 4027 1659 ad

2450 1711 2574 1750 eum
2598 1699 2795 1751 attulit.
2822 1696 2953 1751 Cum
2983 1712 3075 1752 eas
3102 1708 3275 1754 autem
3309 1698 3525 1753 vidisset
3554 1697 3831 1768 impatiens
3862 1715 3878 1751 :
3910 1697 4026 1751 Non

2452 1788 2580 1839 satis
2608 1797 2688 1841 est
2717 1787 2868 1853 mihi,
2900 1788 3090 1856 inquit,
3122 1796 3294 1842 tecum
3317 1803 3435 1843 esse
3462 1789 3651 1849 solum.
3684 1788 3869 1842 turbas
3903 1791 4027 1843 volo

783 1880 955 1931 causis
982 1894 997 1931 :
1028 1879 1161 1930 inter
1186 1892 1320 1944 quos
1348 1877 1442 1929 fuit
1481 1877 1637 1928 etiam
1674 1876 1923 1943 Eulogius
1962 1877 2348 1930 Alexandrinus
2380 1872 2426 1931 Β
2452 1890 2690 1932 cernere.
2740 1879 2799 1933 Ei
2849 1888 3027 1933 autem
3075 1878 3205 1933 dicit
3256 1879 3543 1947 Eulogius:
3576 1878 3685 1947 Ego
3714 1878 3781 1932 ad
3822 1887 3877 1933 te
3915 1878 4024 1948 jam

784 1968 1097 2030 monachus,
1143 1978 1197 2021 et
1240 1982 1358 2019 cum
1406 1982 1471 2020 eo
1526 1966 1657 2020 alius
1697 1968 1946 2020 membris
1990 1984 2227 2035 mancus,
2260 1968 2347 2038 qui

782 2059 992 2128 quidem
1024 2067 1235 2128 prepter
1274 2058 1430 2111 talem
1463 2071 1672 2111 causam
1722 2069 2078 2115 accesserunt.

1336 2169 1559 2224 CAPUT
1605 2168 1793 2225 XXVI.

784 2262 860 2317 De
888 2260 1110 2333 Eulogis
1130 2260 1241 2335 (61)
1287 2262 1631 2317 Alexandrino
1674 2269 1722 2314 et
1750 2276 1809 2315 eo
1846 2262 1930 2331 qui
1969 2270 2073 2313 erat
2116 2261 2348 2317 membris

1447 2367 1673 2405 mancus.

910 2462 1014 2518 Hic
1108 2462 1365 2534 Eulogius
1477 2462 1574 2517 fuit
1618 2462 2015 2531 disciplinarum
2053 2462 2345 2516 liberalium

778 2558 1124 2611 scholasticus
1169 2554 1392 2619 (Pasch.
1419 2572 1467 2609 ε.
1519 2557 1601 2618 19.
1634 2572 1685 2609 n.
1717 2554 1797 2622 5),
1828 2555 1915 2624 qui
1945 2554 2121 2607 divino
2166 2569 2348 2609 amore

778 2648 1071 2712 sauciatus,
1106 2658 1318 2716 prouter
1349 2647 1668 2700 desiderium
1702 2646 2113 2699 immortalitatis
2147 2662 2344 2699 renun-

778 2739 929 2794 tiavit
976 2738 1322 2801 tumultibus;
1369 2745 1421 2791 et
1465 2752 1583 2790 cum
1613 2750 1798 2789 omnes
1841 2750 1964 2789 suas
2008 2734 2347 2804 dispersisset

778 2829 1076 2894 facultates,
1123 2828 1223 2881 sibi
1266 2827 1478 2895 reliquit
1518 2841 1714 2894 paucos
1760 2840 2025 2891 nummos,
2072 2842 2189 2879 eum
2241 2841 2347 2880 non

776 2928 958 2990 posset
984 2919 1211 2987 Oper-ari.
1238 2916 1368 2972 Cum
1398 2934 1523 2987 ergo
1565 2934 1659 2985 per
1688 2932 1745 2972 se
1774 2928 2058 2985 angeretur
2087 2918 2265 2971 animo
2293 2927 2347 2971 et

775 3020 917 3067 esset
947 3011 1131 3075 tristis,
1165 3019 1219 3064 et
1261 3026 1427 3081 neque
1468 3010 1627 3063 vellet
1655 3024 1772 3063 cum
1803 3010 1918 3061 aliis
1948 3010 2220 3077 congredi,
2254 3022 2346 3062 ne-

776 3121 880 3172 que
924 3113 980 3158 ut
1026 3104 1171 3159 solus
1207 3113 1346 3158 esset
1386 3104 1517 3157 satis
1560 3104 1661 3157 sibi
1714 3102 2092 3170 persuaderet,
2146 3101 2346 3156 invenit

776 3196 1053 3262 quemdam
1087 3208 1329 3248 mancum
1358 3208 1419 3247 ac
1450 3193 1749 3248 mutilatum
1780 3193 1832 3247 in
1865 3193 1981 3248 foro
2013 3192 2304 3264 projectum

778 3287 862 3353 qui
893 3300 989 3341 nec
1024 3301 1210 3341 manus
1240 3287 1465 3340 habebat
1510 3301 1605 3340 nec
1635 3286 1831 3353 pedes:
1876 3288 1925 3341 ei
1968 3288 2137 3341 solum
2170 3289 2341 3357 lingua

776 3389 1106 3433 remanserat
1136 3380 1339 3449 integra
1374 3380 1439 3433 ad
1482 3380 1855 3449 alluquendum
1895 3397 1989 3436 eos
2019 3383 2106 3449 qui
2151 3385 2345 3439 incide-

773 3466 921 3523 bant.
952 3468 1201 3536 Eulogius
1237 3480 1412 3523 autem
1442 3480 1620 3531 stans,
1650 3485 1775 3524 eum
1809 3470 1922 3523 fixis
1954 3471 2187 3525 intuetur
2217 3489 2346 3527 ocu-

774 3556 862 3622 lis,
893 3571 943 3611 et
976 3559 1137 3612 Deum
1161 3568 1348 3628 rogat,
1376 3570 1567 3614 etcum
1595 3559 1701 3615 Deo
1726 3560 1827 3613 hoc
1856 3562 2013 3616 modo
2039 3564 2341 3631 paciscitur,

772 3646 956 3701 dicens
987 3666 1001 3703 :
1036 3647 1281 3713 Domine,
1311 3657 1527 3718 propter
1556 3663 1749 3706 nomen
1779 3662 1925 3705 tuum
1966 3652 2166 3718 accipio
2205 3653 2345 3709 hunc

775 3739 1100 3805 mutilatum,
1136 3749 1191 3794 et
1231 3754 1351 3795 eum
1382 3754 1469 3794 me
1508 3750 1872 3794 recreaturum
1917 3754 1980 3794 ac
2021 3742 2341 3796 reiecturum

777 3832 1017 3896 spondeo
1046 3844 1208 3899 usque
1237 3831 1301 3884 ad
1334 3831 1516 3885 horam
1549 3832 1734 3885 mortis
1763 3833 1898 3900 ejus,
1922 3842 1980 3886 ut
2008 3848 2107 3901 ego
2137 3850 2344 3903 quoque

775 3934 872 3987 per
900 3936 1020 3973 eum
1046 3921 1222 3975 salvus
1256 3921 1399 3975 fiam.
1429 3921 1641 3991 Largire
1665 3937 1789 3990 ergo
1818 3923 1969 3991 mihi,
1993 3923 2222 3993 Christe,
2248 3942 2343 3993 pa-

772 4012 1036 4076 tientiam,
1060 4021 1118 4067 ut
1140 4015 1190 4068 ei
1222 4014 1529 4069 inserviam.
1565 4014 1629 4068 Et
1654 4014 1719 4068 ad
1750 4030 1870 4071 eum
1899 4016 2188 4081 accedens,
2216 4018 2343 4073 dicit

772 4104 823 4158 ei
851 4120 865 4157 :
902 4096 988 4158 Vis
1016 4120 1114 4174 ego
1143 4116 1195 4159 te
1220 4105 1378 4159 domo
1403 4106 1657 4175 accipiam
1678 4145 1693 4170 ,
1742 4115 1798 4160 et
1826 4116 1877 4160 te
1906 4121 2140 4162 recreem
2170 4123 2231 4162 ac
2259 4124 2344 4163 re-

772 4194 989 4247 ficiam?
1016 4196 1106 4249 Ille
1133 4197 1181 4249 ei
1208 4196 1334 4250 dicit
1358 4214 1371 4248 :
1406 4196 1615 4251 Utinam
1643 4196 1956 4264 dignareris,
1981 4198 2072 4251 sed
2101 4214 2201 4269 ego
2224 4215 2339 4254 sum

771 4285 1039 4355 indignus.
1075 4287 1222 4341 Vado
1250 4302 1398 4356 ergo,
1434 4289 1622 4357 luquit,
1654 4300 1705 4343 et
1736 4288 1991 4341 adducam
2020 4291 2224 4344 asinum
2246 4333 2261 4356 ,
2290 4301 2343 4346 et

772 4382 828 4428 te
855 4372 978 4429 hinc
1018 4375 1272 4429 auferam.
1314 4376 1445 4430 Cum
1489 4393 1677 4447 magno
1699 4388 1873 4432 autem
1919 4379 2111 4446 gaudio
2145 4389 2225 4433 est
2252 4396 2341 4433 as-

771 4476 962 4518 sensus
1008 4465 1051 4518 is
1096 4467 1182 4534 qui
1227 4477 1343 4520 erat
1388 4469 1679 4524 mutilatus.
1714 4470 1849 4524 Eum
1894 4488 2019 4541 ergo
2047 4473 2258 4525 sustulit
2287 4481 2341 4525 et

2449 1967 2704 2022 adducam
2766 1969 3147 2023 monachorum
3208 1968 3644 2023 multitudinem..
3690 1968 3782 2022 Ille
3840 1981 4021 2022 autem

2451 2071 2634 2110 rursus
2664 2071 2805 2124 aegre
2834 2054 3013 2111 ferens
3037 2097 3051 2120 ,
3078 2057 3210 2111 dicit
3243 2074 3253 2109 :
3302 2056 3391 2111 Va
3436 2057 3564 2111 mihi
3591 2058 3787 2111 misero
3816 2073 3832 2111 :
3881 2067 4027 2111 tuum

2448 2154 2719 2211 aspectum
2752 2146 2891 2201 ferre
2920 2161 3023 2200 non
3050 2162 3257 2214 possum
3284 2164 3297 2211 ;
3331 2155 3386 2201 et
3411 2155 3465 2199 tu
3495 2146 3560 2199 ad
3593 2160 3678 2200 me
3698 2145 3921 2199 adducis
3951 2146 4025 2199 tui

2449 2236 2671 2302 similes,
2713 2237 2799 2304 qui
2831 2251 2950 2290 cum
2980 2236 3092 2290 sint
3114 2235 3294 2299 otiosi,
3328 2236 3635 2290 comedunt.
3670 2234 3736 2289 Et
3778 2235 4026 2289 insolenti

2449 2340 2579 2381 voce
2608 2326 2842 2395 seipsum
2874 2327 3099 2394 lanians,
3145 2326 3563 2391 vociferabatur,
3591 2326 3775 2381 dicens
3804 2343 3819 2378 :
3853 2324 3989 2380 Nolo
4009 2370 4025 2391 ,

2450 2417 2611 2481 nolo;
2641 2414 2691 2470 in
2724 2418 2894 2470 forum
2924 2416 3113 2471 deduci
3145 2415 3287 2469 volo.
3317 2414 3362 2469 0
3406 2414 3697 2469 violentia!
3738 2413 3913 2483 abjice
3940 2428 4028 2469 me

2450 2507 2536 2559 ubi
2574 2505 2847 2560 invenisti.
2881 2506 3008 2560 Dico
3037 2505 3176 2576 quod
3207 2504 3251 2560 si
3282 2504 3553 2559 habuisset
3582 2517 3789 2569 manus,
3826 2504 3881 2557 in
3911 2504 4027 2557 ani-

2451 2611 2592 2649 mum
2626 2596 2917 2651 induxisset
2940 2596 3022 2651 vel
3063 2611 3123 2650 se
3150 2594 3434 2660 suﬂocare,
3467 2594 3550 2649 vel
3594 2594 3696 2649 sibi
3731 2606 3861 2649 ense
3906 2608 4027 2648 ma-

2450 2701 2549 2739 nus
2595 2686 2812 2742 inferre.
2836 2686 2967 2741 Cum
2997 2685 3205 2741 dxemon
3242 2688 3332 2742 sic’
3358 2701 3479 2740 eum
3517 2685 3811 2751 eﬂerasset,
3842 2693 4025 2753 postea

2450 2792 2509 2831 se
2532 2779 2741 2831 confert
2764 2778 3015 2847 Eulogius
3041 2778 3109 2832 ad
3140 2779 3461 2847 propinquos
3494 2778 3800 2843 monachos,
3824 2787 3881 2830 et
3899 2778 4026 2831 dicit

2449 2869 2527 2922 eis
2567 2887 2581 2923 :
2627 2870 2760 2934 Quid
2808 2870 3038 2923 faciam?
3083 2870 3148 2921 ad
3192 2869 3621 2936 desperationem
3672 2881 3759 2921 me
3804 2865 4026 2921 deduxit

2452 2960 2742 3011 mutilatas.
2773 2960 2960 3012 Dicunt
2988 2959 3035 3011 ei
3069 2973 3085 3012 :
3116 2958 3521 3024 Quamobrem?
3550 2957 3639 3011 Ille
3663 2965 3840 3010 autem
3868 2972 3882 3011 :
3913 2957 4021 3024 lle,

2448 3050 2657 3118 inquit,
2687 3051 2924 3118 graviter
2952 3048 3115 3103 afficit
3144 3066 3159 3115 ;
3192 3064 3289 3103 nec
3329 3050 3441 3103 scio
3467 3048 3592 3116 quid
3633 3046 3842 3101 faciam.
3878 3048 4027 3115 Abji-

2448 3142 2581 3193 ciam
2613 3139 2827 3207 ipsum?
2856 3138 3102 3193 sed'Deo
3130 3138 3251 3191 dedi
3281 3138 3576 3201 dexteram,
3602 3144 3656 3190 et
3681 3136 3864 3190 timeo.
3908 3137 4024 3193 Non

2325 3235 2339 3259 '
2369 3227 2413 3287 C
2447 3228 2734 3297 abjiciam?
2763 3228 2855 3282 sed
2889 3243 2974 3281 me
2998 3227 3112 3282 dies
3140 3237 3425 3295 noctesque
3459 3228 3594 3281 male
3623 3226 3801 3286 habet.
3829 3226 4025 3283 Nescio

2447 3321 2570 3389 quid
2619 3320 2828 3373 faciam.
2882 3320 2941 3374 Ei
2986 3320 3169 3374 dicunt
3208 3318 3279 3372 illi
3329 3318 3613 3373 absolute:
3665 3319 3851 3373 Adhuc
3893 3320 4026 3375 vivit

2447 3424 2665 3478 magnus
2704 3410 2787 3462 ille
2819 3409 2917 3477 (sic
2943 3409 3087 3463 enim
3115 3408 3373 3463 vocabant
3400 3417 3641 3461 sanctum
3666 3408 3954 3463 Antonium
3979 3410 4023 3479 ),

2447 3500 2678 3554 ascende
2702 3499 2765 3553 ad
2790 3500 2984 3566 ipsum,
3010 3499 3302 3553 mutilatum
3335 3502 3611 3565 imponens
3640 3498 3692 3551 in
3718 3499 4019 3569 navigium;

2446 3602 2497 3645 et
2517 3591 2666 3646 defer
2690 3607 2810 3647 eum
2855 3592 2906 3645 in
2951 3593 3348 3656 monasterium,
3374 3599 3429 3644 et
3448 3599 3695 3659 exspecta
3719 3590 3891 3645 donec
3913 3607 4026 3646 ma-

2449 3698 2583 3753 guus
2608 3683 2814 3736 venerit
2834 3697 2864 3737 ο
2892 3683 3163 3750 spelunca,
3193 3690 3247 3734 et
3264 3682 3328 3735 ad
3353 3696 3475 3736 eum
3506 3680 3644 3734 refer
3663 3678 3943 3749 judicium,
3976 3692 4029 3737 et

2447 3773 2585 3841 quod
2631 3773 2723 3827 tibi
2770 3771 3001 3837 dixerit,
3044 3782 3124 3825 sta
3167 3771 3308 3826 illius
3349 3772 3645 3826 sententiae.
3693 3770 3834 3826 Deus
3880 3773 4028 3828 enim

2450 3865 2543 3919 tibi
2590 3865 2733 3919 dicet
2780 3880 2873 3932 per
2902 3865 3093 3933 ipsum.
3142 3863 3327 3917 Verbis
3377 3878 3563 3917 eorum
3612 3877 3812 3916 morem
3855 3866 4026 3932 gessit

2452 3954 2725 4023 Eulogius,
2756 3962 2809 4008 et
2840 3953 3082 4007 mutilato
3105 3952 3400 4019 blandiens,
3427 3966 3546 4007 cum
3569 3965 3689 4005 eum
3718 3952 4029 4008 immisisset

2446 4043 2498 4097 in
2525 4044 2767 4113 cymbam
2802 4043 3138 4112 pastoralem,
3172 4051 3331 4096 noctu
3358 4054 3606 4111 egressus
3645 4050 3726 4095 est
3754 4055 3818 4095 ex
3848 4044 3981 4096 urbe
4004 4082 4022 4108 ,

2443 4143 2498 4188 et
2529 4134 2646 4186 tulit
2671 4148 2789 4187 eum
2814 4134 2866 4186 in
2893 4134 3273 4186 monasterium
3299 4131 3678 4199 discipulorum
3715 4133 3891 4201 magni
3918 4132 4029 4185 An-

2446 4223 2597 4277 tonii.
2630 4223 2834 4277 Accidit
2856 4229 3030 4276 autem
3062 4230 3117 4274 ut
3140 4221 3245 4275 alio
3279 4220 3367 4275 die
3411 4221 3617 4274 veniret
3650 4235 3874 4288 magnus
3904 4236 4028 4274 sero

2448 4328 2688 4382 vespere,
2721 4322 2778 4365 ut
2806 4312 3042 4368 narravit
3067 4310 3325 4377 Cronius,
3353 4311 3577 4364 amictus
3606 4311 3887 4381 chlamyde
3915 4311 4027 4378 pel-

2446 4403 2597 4457 Iicca.
2635 4404 2911 4473 Ingressus
2941 4410 3023 4455 est
3051 4415 3180 4469 ergo
3206 4403 3259 4453 in
3289 4415 3441 4454 suum
3470 4401 3875 4465 monasterium,
3907 4412 4027 4455 erat

2444 4502 2620 4546 autem
2668 4493 2783 4545 hac
2823 4490 2939 4559 ejus
2980 4489 3333 4555 consuetudo,
3369 4498 3425 4543 ut
3461 4489 3822 4557 alloqueretur
3853 4490 4026 4543 Maca-

771 4554 1082 4648 portavitin
1112 4569 1264 4648 suum
1297 4557 1662 4648 hospitiolum,
1694 4560 1915 4630 ejusque
1956 4578 2136 4616 curam
2179 4565 2339 4634 gessit
2370 4588 2415 4645 η
2451 4585 2607 4645 rium,
2631 4591 2682 4636 ει
2711 4596 2830 4635 eum
2852 4554 3205 4648 ’ίηιθηομηι
3236 4597 3247 4631 ε
3284 4554 3469 4633 ιέηιει.
3497 4554 3707 4645 δεηθῇ,
3741 4591 4027 4633 venerum-

769 4641 824 4698 in
853 4644 1098 4698 omnibus
1117 4644 1305 4713 quibus
1332 4660 1463 4713 Opus
1494 4647 1696 4701 habuit.
1724 4650 1996 4717 Perpetuis
2026 4668 2155 4721 ergo
2183 4656 2335 4722 quin-

771 4733 940 4787 decim
972 4735 1146 4797 annia,
1196 4735 1240 4787 is
1295 4736 1383 4803 qui
1419 4748 1531 4807 erat
1562 4741 1829 4794 mutilatos
1876 4742 2129 4798 benevole
2175 4746 2242 4799 ab
2271 4762 2335 4801 eo

770 4824 1057 4877 curabatur
1084 4833 1330 4893 tanquam
1362 4836 1539 4892 pater,
1576 4837 1632 4881 ut
1665 4831 1751 4897 qui
1785 4831 2069 4899 lavaretur,
2115 4852 2336 4905 ungere-

770 4920 880 4975 tur,
933 4912 1230 4978 foveretnr,
1274 4922 1329 4967 et
1371 4924 1665 4983 portaretur
1716 4923 1957 4975 manibus
2000 4921 2241 4992 Eulogii,
2283 4934 2337 4979 et

770 5016 929 5068 supra
959 5018 1108 5057 suam
1139 5004 1447 5073 dignitatem
1496 5008 1708 5075 quidem
1746 5012 2120 5079 custodiretur,
2152 5016 2337 5067 morbo

772 5101 947 5145 autem
976 5095 1354 5147 convenienter
1383 5095 1706 5151 reficeretur.
1748 5099 1870 5153 Post
1909 5102 2206 5168 quindecim
2246 5120 2339 5157 au-

774 5191 878 5233 tem
926 5196 1091 5234 annos
1122 5182 1318 5235 invasit
1361 5185 1567 5237 daemon
1614 5201 1732 5239 eum
1764 5191 1849 5254 qui
1878 5200 1992 5242 erat
2043 5193 2332 5256 mutilatus,

772 5270 956 5321 volens
1005 5272 1210 5337 privare
1258 5271 1531 5340 Eulogium
1574 5277 1820 5328 mandato
1867 5288 1919 5329 et
1959 5281 2259 5347 proposito,
2286 5290 2340 5335 et

772 5361 1072 5415 mutilatum
1117 5377 1145 5414 a
1177 5363 1495 5431 refectione,
1525 5375 1578 5420 et
1618 5366 1711 5421 Dei
1762 5370 2044 5437 gratiarum
2096 5372 2333 5440 actione,

775 5452 1193 5520 seditionemque
1220 5456 1414 5509 excitat
1457 5456 1508 5510 in
1540 5458 1808 5526 Eulogium
1834 5477 1849 5525 ;
1900 5463 2182 5533 multisque
2211 5480 2332 5519 eum

774 5543 983 5608 probris
1008 5543 1166 5611 cmpit
1197 5546 1419 5615 insequi,
1453 5550 1582 5602 adeo
1613 5561 1662 5602 ut
1692 5567 1809 5605 eum
1858 5554 2015 5607 etiam
2065 5564 2336 5623 appeteret

771 5633 1085 5700 maledictis,
1116 5634 1299 5690 dicens
1325 5636 1571 5707 deinceps
1604 5656 1616 5691 :
1652 5641 1749 5693 Abi
1794 5642 1938 5708 hinc,
1969 5645 2225 5700 scelerate
2255 5645 2335 5702 fu-

771 5724 937 5791 gitive
965 5725 1095 5797 (62).
1132 5728 1424 5785 Suffuratus
1454 5746 1510 5785 es
1538 5732 1737 5787 alin-nas
1781 5738 2052 5803 pecunias,
2076 5748 2128 5792 et
2157 5741 2203 5792 ιι.
2230 5740 2329 5793 mi-

775 5832 896 5873 num
945 5816 1176 5891 Spoliasti
1203 5836 1215 5883 ;
1245 5830 1297 5875 et
1343 5836 1462 5876 meo
1513 5834 1765 5892 prmtextn
1809 5828 1884 5883 vis
1915 5828 2098 5893 latere,
2140 5842 2191 5885 ut
2244 5832 2332 5901 qui

2448 4690 2513 4728 ne
2562 4675 2663 4727 huc
2708 4672 2908 4741 aliqui’
2953 4672 3329 4738 Respondebat
3373 4670 3679 4725 Macarius:
3728 4671 4023 4727 Venerunt.

2448 4766 2669 4821 Dicebat
2696 4773 2872 4819 autem
2905 4777 3126 4831 magnus
3158 4762 3397 4816 :Suntne
3426 4761 3687 4831 Egyptii,
3718 4776 3785 4815 an
3808 4761 4027 4817 ιρι-οεο-

2444 4856 2718 4927 lymitani?
2745 4854 2973 4909 Dederat
2995 4863 3167 4906 autem
3201 4867 3421 4922 magnus
3447 4852 3497 4907 ei
3531 4854 3763 4919 signum,
3794 4853 3982 4907 dicens
4007 4870 4022 4905 :

2443 4948 2572 5001 Cum
2602 4943 2799 4999 videris
2823 4943 3032 4996 venisse
3057 4943 3265 5009 aliquos
3286 4942 3477 5010 quibus
3492 4950 3576 4996 est
3600 4942 3773 4995 minus
3796 4943 4026 5011 negotii,

2445 5036 2532 5091 dic
2560 5054 2571 5087 :
2605 5035 2814 5089 Adsunt
2839 5031 3094 5103 Egyptii.
3130 5032 3352 5098 Quando
3382 5042 3555 5086 autem
3584 5031 3778 5085 videris
3809 5034 4025 5089 venisse

2446 5130 2649 5197 aliquos
2690 5128 3049 5197 religiosiores
3084 5136 3137 5179 et
3177 5127 3331 5194 paulo
3359 5126 3805 5181 consideratiores
3828 5168 3843 5190 ,
3893 5127 4023 5182 die:

2449 5220 2582 5274 Stmt
2601 5216 3051 5285 Jernsolymitani.
3074 5215 3451 5283 Rogabatergo
3476 5229 3697 5283 magnus
3726 5231 3821 5283 pro
3850 5232 4025 5282 more,

2453 5310 2636 5364 dicens
2664 5308 2808 5361 fratri
2834 5307 3061 5361 Macario
3087 5325 3098 5359 :
3125 5307 3259 5362 Sunt
3281 5306 3511 5376 Egyptii
3536 5306 3747 5374 fratres,
3775 5322 3840 5361 an
3871 5309 4029 5362 Jero-

2447 5399 2751 5470 solymitani
2776 5398 2798 5449 τ
2828 5397 3131 5465 Respondet
3163 5396 3442 5463 Macarius,
3472 5397 3655 5452 dicens
3682 5416 3693 5449 :
3743 5398 3837 5452 Est
3884 5402 4029 5454 mix-

2442 5496 2579 5544 tura.
2614 5487 2833 5553 Quando
2859 5501 2986 5555 ergo
3012 5486 3217 5540 dicebat
3242 5486 3499 5540 Macarius
3531 5503 3545 5540 :
3578 5487 3715 5541 Sunt
3744 5487 3985 5558 Egyptii
4007 5530 4024 5555 ,

2440 5576 2650 5632 dicebat
2684 5576 2731 5629 ei
2766 5590 2988 5644 magnus
3024 5591 3037 5627 :
3071 5576 3205 5629 Para
3234 5575 3313 5629 eis
3336 5575 3556 5641 lentem,
3584 5584 3642 5630 et
3680 5577 3746 5631 ds
3774 5579 3855 5632 eis
3879 5580 4022 5647 quod

2439 5661 3089 5721 comedant.Etfaeiebat
3173 5668 3253 5723 eis
3326 5684 3491 5723 unam
3532 5667 3891 5735 orationem,
3969 5680 4027 5724 et

2438 5758 2730 5813 dimittebat
2752 5769 2866 5809 eos.
2888 5755 3108 5823 Quando
3130 5765 3303 5810 autem
3326 5756 3571 5811 dicebat:
3598 5758 3731 5814 Sunt
3746 5758 4024 5829 Jerosoly-

2442 5852 2645 5908 nataui.
2679 5849 2895 5906 sedebat
2925 5865 3016 5913 per
3050 5861 3209 5907 totam
3256 5860 3493 5919 noctem,
3535 5862 3590 5907 et
3613 5868 3690 5908 CIS
3720 5852 3928 5909 dicebat
3958 5866 4022 5908 ca
