4258 6358
254 372 397 441 1073

1487 385 1849 451 HISTORIA
1884 383 2273 448 LAUSIACA.

3370 370 3505 437 1074

256 488 413 554 έζετο
448 488 503 544 δέ
535 488 565 543 6
606 489 875 565 μακάριος
914 486 1068 560 οὗτος
1120 495 1324 568 μεταξὺ
1371 496 1690 563 Βαϐυλῶνος
1740 497 1833 553 καὶ
1858 497 1907 558 Α
1936 498 2166 569 μὴλέγε
2196 493 2442 552 τοιαῦτα.
2492 491 2631 549 Ἀλλ’
2660 490 2781 548 είπέ
2804 490 2859 546 τί
2878 507 2935 544 σε
2955 490 3222 561 ἐλύπησα,
3244 487 3338 541 καὶ
3359 487 3507 557 διορ-

270 575 601 645 Ὶῖρακλείας
639 580 720 643 είς
748 580 849 649 τὴν
872 584 1189 655 πανέρημον
1213 585 1315 654 τὴν
1366 586 1640 657 φέρουσαν
1691 584 1834 640 κατά

260 664 359 732 τὴν
400 664 668 739 Ἐρυθρὰν
700 668 974 724 θάλασσαν
1019 671 1095 736 ώς
1122 674 1231 727 ἀπὸ
1276 676 1569 745 τριάκοντα
1593 674 1835 746 σημείων

261 752 355 804 τοῦ
386 755 652 823 ποταμοῦ.
688 756 962 819 Ἐλθόντος
980 755 1073 813 οῦν
1098 760 1262 814 αὑτοῦ
1282 764 1362 825 είς
1384 762 1446 815 τὸ
1472 764 1835 833 μοναστήριον

261 839 327 890 τὸ
362 840 510 909 παρά
536 842 625 893 τὸν
644 843 909 912 ποταμὸν,
944 844 1073 899 ἔνθα
1100 848 1149 899 οί
1183 847 1371 901 τούτου
1400 847 1638 918 μαθηταὶ
1670 847 1835 901 ἐκαθ-

266 925 450 990 έζοντο
475 929 555 989 είς
580 927 640 980 τὺ
658 929 949 999 λεγόμενον
978 931 1202 1002 Πίσπιρ,
1225 932 1505 1002 Μακάριος
1532 932 1627 986 καὶ
1663 932 1832 1003 ’Λμά-

264 1030 387 1076 τας.
418 1015 467 1067 οῖ
496 1016 590 1067 καὶ
627 1015 833 1085 ἔθαψαν
878 1017 970 1069 τὸν
1026 1019 1293 1090 μακάριον
1335 1018 1616 1073 ’Λντώνιον
1638 1037 1837 1091 κοιμη-

267 1099 449 1164 θέντα,
500 1101 827 1175 ἐξεδεξάμην
879 1104 1091 1176 ἡμέρας
1120 1107 1306 1172 πέντε,
1333 1106 1419 1160 ἵνα
1468 1108 1713 1177 συντύχω
1759 1106 1838 1177 τῷ

267 1186 411 1258 ἁγίῳ
441 1190 727 1260 Ἀντωνίῳ.
782 1190 1027 1259 Ἐλέγετο
1061 1192 1119 1246 δέ
1171 1194 1539 1265 παραϐάλλειν
1564 1195 1724 1249 αὑτὸν
1760 1193 1840 1266 τῷ

272 1278 621 1348 μοναστηρίῳ
661 1276 841 1348 τούτῳ
863 1320 879 1345 ,
929 1280 1059 1334 ποτέ
1091 1280 1188 1351 μέν
1222 1281 1310 1335 διὰ
1336 1281 1489 1348 δέκα,
1516 1284 1646 1337 ποτὲ
1671 1283 1727 1336 δὲ
1751 1283 1840 1337 διὰ

266 1364 464 1428 εἴκοσι,
493 1365 625 1418 ποτέ
669 1365 726 1419 δέ
778 1366 867 1419 διά
895 1367 1059 1419 πέντε
1105 1368 1348 1438 ἡμερῶν,
1382 1368 1565 1433 καθὼς
1618 1368 1779 1424 αὑτὸν
1811 1370 1841 1422 6

266 1448 404 1512 Θεὸς
423 1444 557 1520 ἦγεν
577 1450 671 1503 ἐπὶ
697 1450 983 1524 εὐεργεσίᾳ
1005 1452 1112 1506 τῶν
1135 1455 1657 1526 παρατυγχανόντων
1684 1456 1743 1510 ἐν
1763 1456 1842 1527 τῷ

269 1536 641 1608 μοναστηρίῳ.
679 1538 937 1611 Διάφοροι
973 1534 1067 1594 οὖν
1098 1540 1443 1612 συνηχθημεν
1484 1541 1702 1612 ἀδελφοὶ
1730 1543 1842 1597 δια-

268 1622 469 1691 φόρους
489 1624 701 1692 ἔχοντες
733 1625 945 1695 χρείας,
980 1628 1037 1679 ἐν
1063 1622 1144 1690 οἷς
1168 1627 1263 1680 καὶ
1291 1627 1548 1696 Εὑλόγιός
1578 1646 1660 1692 τις
1686 1629 1840 1682 Ἀλε-

271 1707 529 1779 ξανδρεὺς
565 1711 835 1779 μονάζων,
863 1713 957 1764 κα)⁸
988 1715 1104 1783 μετ’
1149 1712 1314 1767 αὑτοῦ
1344 1715 1501 1779 ἀλλος
1527 1715 1841 1786 λελωϐημέ-

268 1812 361 1860 νος
382 1811 395 1827 ·
426 1797 622 1861 οῖτινες
650 1800 1014 1871 παρεγένοντο
1044 1800 1115 1854 δι’
1153 1801 1333 1855 αἰτίαν
1359 1803 1590 1858 τοιάνδε.

810 1889 1062 1942 ΚΕΦΔΛ.
1098 1891 1242 1957 κεῖν.

441 1972 584 2041 Περὶ
622 1974 943 2045 Εὑλογίου,
975 1976 1073 2029 καὶ
1100 1976 1206 2030 τοῦ
1232 1976 1674 2047 λελωϐημένου.

342 2053 511 2125 Οὗτος
545 2063 574 2115 6
605 2062 865 2130 Εὑλόγιος
918 2064 1269 2133 σχολαστικὸς
1330 2067 1572 2137 ὑπῆρχεν
1618 2068 1682 2120 ἐκ
1733 2066 1841 2118 τῶν

267 2146 575 2214 ἐγκυκλίων
605 2149 1007 2220 παιδευμάτων,
1037 2150 1095 2214 ὃς
1120 2152 1283 2222 έρωτι
1312 2152 1441 2223 θείῳ
1475 2154 1699 2224 πληγεὶς
1720 2154 1840 2205 ἐπι-

267 2235 440 2306 θυμίᾳ
464 2235 760 2299 ἀθανασίας
788 2237 1097 2302 ἀπετάξατο
1118 2239 1224 2291 τῶν
1245 2238 1508 2307 θορύϐων.
1534 2240 1641 2292 Kal
1665 2240 1841 2292 πάντα

264 2321 662 2393 διασκορπίσας
687 2324 757 2377 τὰ
778 2325 1088 2395 ὑπάρχοντα
1129 2326 1420 2379 κατέλιπεν
1440 2327 1614 2396 ἐαυτῷ
1638 2327 1844 2397 βραχέα

266 2400 962 2483 νομίσματα,’ἐργάζεσθαι
995 2414 1068 2483 μὴ
1101 2413 1415 2484 δυνάμενος.
1462 2414 1722 2483 Ἀκηδιῶν
1750 2412 1842 2468 οὖν

266 2495 394 2554 καθ’
409 2497 624 2563 ἐαυτὸν,
655 2499 749 2551 καὶ
777 2501 913 2570 μήτε
949 2501 1027 2561 είς
1057 2498 1299 2553 συνοδίαν
1327 2500 1643 2571 βουλόμενος
1669 2502 1843 2553 εἰσελ-

267 2584 407 2649 θεῖν,
440 2586 579 2653 μήτε
616 2584 672 2637 δὲ
722 2586 884 2647 μόνος
927 2586 1457 2658 πληροφορούμενος,
1519 2582 1676 2659 εὗρέν
1724 2605 1845 2641 τινα

263 2671 376 2726 ἀνὰ
401 2672 502 2741 τὴν
535 2672 1127 2743 ἀγοράννέῤῥιμμένον
1172 2673 1569 2744 λελωϐημένον,
1620 2674 1678 2738 δς
1722 2674 1844 2727 οὗτε

266 2761 461 2829 χεῖρας
492 2752 660 2828 εἶχεν,
707 2757 831 2811 οὔτε
885 2760 1070 2822 πόδας.
1109 2759 1296 2831 Τούτῳ
1345 2764 1481 2833 μόνη
1541 2765 1576 2832 η
1632 2764 1847 2830 γλῶττα

269 2845 519 2915 ὑπῆρχεν
540 2846 945 2917 ἀκατάτριπτος
971 2849 1107 2918 πρὸς
1124 2851 1411 2920 συμφορὰν
1435 2849 1543 2902 τῶν
1566 2867 1848 2921 παρατυγ-

268 2933 564 3004 χανόντων.
601 2931 659 2987 '0
687 2932 745 2986 δέ
778 2934 1032 3003 Εὑλόγιος
1061 2937 1191 2997 στάς
1220 2937 1515 3002 ἐνατενίζει
1551 2936 1722 3007 αὑτῷ,
1759 2943 1860 2991 καὶ·

272 3018 637 3089 προσεύχεται
663 3018 742 3089 τῷ
770 3019 910 3090 Θεῷ,
948 3024 1041 3073 καὶ
1066 3021 1272 3075 τίθεται
1299 3022 1563 3094 διαθήκην
1598 3025 1735 3095 μετὰ
1759 3025 1848 3076 τοῦ

272 3104 434 3172 Θεοῦ,
469 3105 658 3172 εἰπὼν,
682 3105 764 3158 ὅτι
810 3106 1001 3178 Κύριε,
1027 3109 1119 3160 ἐπὶ
1140 3108 1217 3178 τῷ
1244 3109 1321 3177 σῷ
1346 3110 1568 3179 ὀνόματι
1592 3110 1852 3181 λαμϐάνω

272 3194 467 3246 τοῦτον
496 3194 586 3247 16v
614 3192 1012 3263 λελωϐημένον,
1055 3196 1151 3250 καὶ
1177 3196 1491 3250 διαναπαύω
1542 3200 1704 3252 αὑτὸν
1746 3198 1850 3263 ἕως

275 3280 492 3352 ἡμέρας
544 3280 777 3339 θανάτου
809 3280 996 3345 αὑτοῦ,
1032 3282 1117 3335 ἴνα
1145 3282 1299 3351 κάγὼ
1322 3283 1409 3337 διά
1436 3284 1626 3337 τούτου
1673 3284 1850 3338 σωθῶ.

277 3366 517 3437 Χάρισαί
544 3382 635 3438 μοι
665 3362 779 3432 οὖν,
803 3368 1025 3437 Χριστέ,
1054 3368 1151 3439 τὴν
1172 3368 1447 3440 ὑπομονὴν
1470 3373 1567 3440 τῆς
1592 3373 1671 3434 είς
1692 3370 1855 3425 αὑτὸν

280 3455 609 3526 ὑπηρεσίας.
663 3456 770 3507 Kal
814 3454 1128 3525 προσελθὼν
1181 3456 1258 3525 τῷ
1288 3456 1670 3529 λελωϐημένῳ,
1704 3459 1856 3527 λέγει

279 3543 466 3613 αὑτῷ*
496 3543 704 3607 Θέλεις,
732 3546 761 3598 6
808 3545 1005 3615 μέγας,
1034 3544 1296 3614 λαμϐάνω
1339 3561 1398 3598 σε
1432 3548 1513 3609 είς
1538 3547 1636 3618 τὴν
1678 3549 1858 3601 οἰκίαν

281 3630 378 3688 καὶ
408 3629 715 3697 ἀναπαύω;
755 3630 916 3699 Λέγει
944 3630 1093 3701 αὑτῴ
1130 3632 1370 3695 ἐκεῖνος’
1404 3633 1529 3685 Εῐθε
1558 3635 1855 3703 κατηξίοις,

282 3720 534 3789 ἀλλ’ἐγὼ
571 3720 789 3786 ἀνάξιός
836 3722 973 3790 είμι.
1023 3721 1186 3787 Λέγει
1240 3723 1268 3773 6
1316 3721 1592 3790 Ιιὶὺλόγιος⁹
1649 3722 1858 3777 Οὑκοῦν

284 3809 621 3879 ἀπέρχομαι,
651 3808 802 3880 φέρω
829 3808 967 3872 όνον,
1001 3809 1095 3861 καὶ
1123 3807 1385 3878 λαμϐάνω
1421 3826 1481 3861 σε
1511 3808 1682 3865 ἐνθεν.
1710 3811 1860 3881 ,Συν-

284 3894 888 3966 έθετοόλελωϐημένος
928 3898 1067 3964 μετά
1112 3894 1313 3965 πολλῆς
1361 3897 1556 3967 χαρᾶς.
1595 3898 1862 3967 Ἐνεγκὼν

283 3982 379 4039 οὖν
407 3985 529 4038 ϐνον
552 3985 780 4048 ἐκεῖνος,
805 3984 1008 4055 ἐπῆρεν
1040 3985 1223 4053 αὑτὸν,
1249 3988 1341 4041 καὶ
1364 3988 1671 4058 ἀπήνεγκεν
1700 3990 1779 4051 είς
1800 3988 1863 4042 τὸ

286 4073 417 4126 ἴδιον
442 4072 684 4137 ξενίδιον.
716 4073 821 4125 Kal
847 4067 913 4141 ἦν
936 4071 1117 4139 αὑτοῦ,
1134 4073 1558 4144 ἐπιμελούμενος
1591 4076 1734 4128 κατὰ
1764 4078 1865 4129 πᾶ-

289 4178 391 4216 σαν
415 4160 580 4214 αὑτοῦ
620 4162 829 4231 χρείαν.
864 4163 1168 4231 Διαρκέσας
1186 4160 1279 4215 οὑν
1313 4165 1342 4216 6
1368 4163 1742 4234 λελωϐημένος
1771 4166 1864 4219 ἐπὶ

288 4250 384 4321 ιτη
410 4250 728 4313 δεκαπέντε,
754 4250 1131 4320 ἐνοσοκομείτο
1175 4254 1304 4321 παρ’
1344 4251 1507 4305 αὑτοῦ
1551 4254 1625 4315 ώς
1658 4253 1862 4324 πατὴρ,

288 4338 649 4408 φιλοφρόνως,
697 4337 1007 4407 λουόμενος,
1043 4339 1420 4407 ἀλειφόμενος,
1452 4342 1510 4393 ἐν
1538 4342 1670 4393 πᾶσι
1700 4342 1863 4410 θερα-

288 4425 606 4494 πευόμενος,
642 4424 735 4476 καὶ
755 4423 1250 4495 διαϐασταζόμενυς
1284 4429 1403 4489 ταῖς
1449 4428 1605 4497 χερσὶ
1632 4427 1725 4480 τοῦ
1756 4428 1860 4480 Εὑ-

288 4490 495 4580 λογίου,
519 4512 614 4564 καὶ
640 4512 782 4582 ὑπὲρ
813 4512 971 4577 ἀξίαν
1002 4490 1102 4581 μὲν
1125 4514 1332 4565 ἐκείνου
1379 4490 1859 4585 δορυφορούμενος,
1896 4490 1937 4543 D

287 4598 642 4669 καταλλήλως
697 4600 753 4651 δὲ
795 4600 890 4668 τῆς
926 4599 1082 4651 νόσου
1133 4601 1562 4667 ἀναπαυόμενος.
1624 4603 1777 4654 Μετά
1807 4602 1864 4654 δὲ

286 4686 683 4745 πεντεκαίδεκα
709 4686 801 4756 ἐτη
837 4690 865 4739 6
890 4687 1098 4757 δαίμων
1124 4688 1425 4757 ἐνέσκηψεν
1448 4689 1523 4758 τῷ
1556 4688 1864 4758 λελωϐημέ-

287 4793 384 4846 νῳ,
412 4775 579 4828 θέλων
603 4774 742 4844 τάχα
766 4777 861 4828 xal
885 4777 973 4828 τὸν
1004 4775 1260 4843 Εὑλόγιον
1284 4777 1383 4844 τῆς
1413 4777 1629 4846 ἐντολῆς
1652 4778 1744 4829 καὶ
1766 4778 1865 4846 τῆς

285 4864 601 4935 προθέσεως
638 4864 926 4934 στερῆσαι,
957 4865 1051 4916 καὶ
1082 4865 1169 4916 τὸν
1200 4864 1575 4933 λελωϐημένον
1606 4865 1702 4933 τῆς
1732 4866 1866 4919 ἀνα-

287 4954 544 5016 παύσεως
574 4954 667 5006 καὶ
696 4954 793 5020 τῆς
816 4956 1166 5023 εὐχαριστίας
1203 4956 1428 5021 Κυρίου.
1486 4954 1597 5007 Kal
1630 4956 1866 5008 ἀποστα-

288 5042 465 5105 σιάζει
496 5038 645 5103 οὗτος
675 5044 810 5111 πρὸς
852 5044 943 5093 τὸν
982 5043 1259 5110 Εὑλόγιον,
1304 5046 1398 5096 καὶ
1444 5043 1645 5113 ἦρξατο
1689 5044 1867 5113 λέγειν

285 5130 409 5187 κατ’
440 5130 608 5183 αὑτοῦ
638 5129 921 5201 δύσφημα,
950 5130 1025 5194 ώς
1069 5132 1163 5183 καὶ
1193 5130 1481 5199 λοιδορίαις
1530 5132 1713 5185 λοιπὸν
1742 5132 1868 5184 πλύ-

284 5234 398 5277 νειν
426 5218 517 5271 τὸν
564 5218 751 5289 ἀνδρα,
807 5218 1074 5288 ἐπιλέγων
1128 5218 1296 5288 αὑτῷ·
1338 5218 1539 5289 Σχάτα,
1575 5220 1864 5287 γλοὺττων,

287 5307 604 5377 φυγοκύρι,
646 5305 904 5375 ἀλλότρια
955 5308 1212 5378 χρήματα
1267 5307 1520 5376 ἔκλεψας.
1570 5307 1680 5361 Kal
1730 5308 1868 5377 τάχα

284 5394 471 5457 δοῦλος
497 5393 760 5463 ὑπάρχων
815 5395 907 5447 τὸν
941 5396 1071 5448 ῐδιον
1126 5396 1394 5466 δεσπότην
1421 5395 1689 5464 ἐσύλησας
1713 5412 1726 5426 ·
1775 5395 1869 5449 καὶ

285 5486 352 5551 τῇ
383 5484 490 5553 ἐμῇ
549 5484 819 5553 προφάσει
859 5482 1038 5553 βούλει
1090 5483 1293 5550 λαθεῖν,
1328 5486 1400 5547 ὼς
1455 5488 1547 5537 ἐπί
1599 5488 1869 5556 προφάσει

284 5570 449 5637 ὂηθεν
469 5570 713 5633 εὑποιίας
741 5574 820 5632 είς
854 5572 912 5623 τὸ
946 5572 1167 5636 ξενίδιόν
1201 5589 1294 5624 σου
1331 5574 1509 5627 λαϐών
1542 5591 1632 5642 με,
1670 5578 1762 5626 καὶ
1799 5573 1868 5626 δι’

286 5657 425 5727 ἐμοῦ
448 5657 627 5728 βούλει
653 5658 908 5728 σωθῆναι,
928 5659 985 5712 '0
1004 5661 1061 5713 δὲ
1085 5659 1335 5729 Εὑλόγιος
1361 5661 1658 5732 παρεκάλει
1682 5662 1865 5728 αὑτὸν,

288 5746 616 5825 θεραπεύων
671 5747 835 5802 αὑτοῦ
869 5748 965 5822 τὴν
1014 5749 1262 5825 καρδίαν,
1292 5748 1463 5819 λέγων
1493 5764 1506 5778 '
1545 5749 1656 5821 Μὴ,
1690 5748 1867 5821 κύριε,

1935 585 2156 656 θοῦμαι.
2202 585 2259 638 ’0
2286 582 2343 637 δέ
2374 582 2494 647 ὅλος
2545 579 2919 650 λελωϐημένος
2958 578 3144 647 έλεγεν
3191 575 3501 647 ἐμϐριθῶς·

1935 671 2008 724 Οὑ
2035 669 2173 723 θέλω
2190 686 2284 722 σου
2315 667 2519 731 ταύτας
2551 666 2649 730 τάς
2674 666 2985 727 κολακείας·
3024 662 3316 730 ἀπένεγκε,
3351 662 3504 732 ρίψον

1939 775 2005 827 με
2038 759 2093 810 ἐν
2123 761 2187 828 τῇ
2220 756 2394 828 ἀγορᾷ
2424 754 2576 826 παρὰ
2604 753 2702 824 τὴν
2735 751 2875 823 ἐμὴν
2920 749 3143 822 πρώτην
3176 749 3500 804 ἀνάπαυσιν.

1949 843 2006 898 '0
2021 844 2075 898 δὲ
2090 844 2364 912 Εὑλόγιος’
2382 840 2688 911 Παρακαλῶ
2705 856 2763 893 σε
2774 880 2786 903 ,
2800 837 3186 909 θεραπεύθητι,
3204 837 3255 889 εῖ
3265 853 3319 889 τι
3336 835 3503 905 λυπῇ,

1937 930 2113 1003 κῦριὸ
2147 930 2341 1000 μέγας.
2393 928 2533 981 ’0δέ
2590 926 2962 995 λελωϐημένος
3012 924 3309 993 ἀγριαίνων
3351 924 3506 996 θυμῷ

1939 1017 2072 1088 πρὸς
2100 1017 2263 1069 αὑτὸν
2291 1015 2492 1083 ἔλεγεν·
2520 1012 2717 1066 υὺκέτι
2743 1011 3004 1082 ἀνέχομαι
3027 1010 3129 1079 τῆς
3152 1008 3385 1063 ὑπούλου
3411 1024 3506 1061 σου

1940 1106 2031 1159 καὶ
2075 1102 2360 1176 είρωνικῆς
2419 1100 2730 1163 κολακείας.
2786 1099 2902 1153 Οὑκ
2958 1098 3265 1169 άρέσκομαι
3293 1099 3359 1167 τῇ
3392 1094 3506 1166 ζωῇ

1938 1190 2109 1264 ταύτῃ
2149 1193 2214 1261 τῇ
2261 1188 2689 1260 τεταριχευμένῃ
2730 1186 2825 1241 καὶ
2879 1186 3143 1256 φειδωλῷ.
3200 1184 3339 1253 Ἐγὼ
3371 1184 3509 1254 κρέα

1940 1280 2078 1337 θέλω
2099 1279 2320 1336 ἐσθίειν.
2354 1277 2414 1331 '0
2459 1277 2517 1330 δέ
2568 1276 2921 1348 μακρόθυμος
2976 1274 3232 1343 Εὑλόγιος
3279 1274 3509 1343 ἦνεγκεν

1939 1367 2088 1439 αὑτῷ
2110 1366 2268 1439 κρέα.
2306 1364 2452 1419 Ἰδὼν
2469 1363 2526 1416 δέ
2552 1363 2692 1417 αὑτά
2722 1363 2907 1428 πάλιν,
2928 1362 3223 1431 ἀωκράζει
3251 1364 3279 1415 6
3302 1363 3508 1415 δυσπα-

1941 1457 2059 1528 θής⁶
2088 1456 2162 1508 Οὑ
2180 1444 2790 1523 πληροφοροῦμαιεῐναι
2822 1448 2962 1520 μετά
2990 1448 3085 1502 σοῦ
3122 1448 3511 1518 μόνου,δχ).ους

1942 1542 2082 1596 θέλω
2133 1538 2371 1610 βλέπειν.
2439 1540 2607 1607 Λέγει
2640 1537 2788 1608 αὑτῷ
2819 1540 2848 1591 6
2885 1536 3141 1605 Εὑλόγιος
3167 1553 3181 1570 ο
3230 1535 3371 1605 Ἐγώ
3429 1552 3509 1588 σοι

1942 1629 2095 1699 φέρω
2126 1628 2252 1698 ἀρτι
2282 1626 2485 1695 πλῆθος
2514 1625 2778 1695 ἀδελφῶν.
2821 1625 2879 1677 Ὀ
2905 1624 2961 1676 δέ
3008 1622 3169 1677 πάλιν
3204 1622 3511 1676 ἀποδυσπε-

1941 1716 2048 1770 τῶν
2072 1715 2252 1783 λέγει·
2283 1714 2419 1768 Οὑαί
2451 1729 2540 1783 μοι
2568 1712 2643 1783 τῷ
2663 1710 3014 1781 ταλαιπώρῳ,
3046 1711 3144 1779 τὴν
3174 1709 3272 1780 σὴν
3296 1709 3419 1775 δψιν
3450 1709 3509 1761 οὑ

1876 1832 1919 1887 Β
1944 1800 2082 1855 θέλω
2116 1800 2266 1866 ἰδεῖν,
2307 1799 2402 1851 καὶ
2425 1798 2577 1866 ἄγεις
2606 1814 2696 1868 μοι
2726 1798 2853 1861 τοὺς
2885 1796 3105 1867 ὁμοίους
3143 1813 3237 1848 σου
3267 1796 3512 1887 ἀργοφά-

1944 1904 2104 1954 γους;
2142 1889 2250 1940 Kal
2276 1885 2560 1957 σπαράξας
2590 1885 2804 1950 ἐαυτὸν,
2855 1884 3077 1953 ἀτάκτῳ
3101 1886 3251 1952 φωνῇ
3281 1883 3514 1953 ἀνέκρα-

1946 1977 2057 2045 ξεν,
2087 1976 2281 2043 λέγων’
2312 1976 2387 2028 Οὑ
2421 1973 2579 2039 θέλω,
2611 1974 2671 2026 οὑ
2697 1972 2857 2037 θέλω,
2883 1973 2964 2035 είς
2998 1973 3097 2042 τὴν
3125 1970 3329 2041 ἀγορὰν
3355 1971 3511 2026 θέλω.

1945 2066 2008 2117 Ὢ
2039 2064 2160 2135 βίαί
2192 2063 2346 2132 (stem
2401 2078 2467 2132 με
2502 2063 2636 2115 ὅπου
2674 2079 2740 2132 με
2769 2054 2949 2132 εὗρες.
2982 2062 3139 2128 Λέγω
3171 2061 3252 2113 ὅτι
3278 2063 3326 2113 εί
3370 2057 3513 2129 εἶχεν

1944 2154 2152 2221 χεῖρας,
2179 2152 2239 2202 οὑ
2277 2152 2570 2223 παρῃτεῖτο
2602 2152 2693 2201 καὶ
2720 2150 2924 2219 ἀγχόνῃ
2955 2148 3281 2219 χρήσασθαι,
3308 2148 3341 2218 ἢ
3370 2145 3513 2216 ξίφει

1929 2239 2133 2291 ἐαυτὸν
2195 2236 2559 2308 χειρίσασοαι.
2623 2236 2807 2298 Οῦτως
2868 2235 3031 2289 αὑτὸν
3103 2233 3197 2286 τοῦ
3263 2233 3515 2303 δαίμονος

1946 2326 2378 2397 ἐξαγριώσαντος
2406 2364 2419 2389 ,
2458 2327 2593 2395 μετά
2634 2325 2805 2378 ταῦτα
2861 2325 3158 2395 ἀπέρχεται
3186 2325 3214 2377 6
3259 2323 3515 2391 Εὑλόγιος

1945 2416 2079 2487 πρὸς
2104 2417 2231 2479 τοὺς
2256 2417 2321 2467 ἐκ
2347 2414 2601 2483 γειτόνων
2634 2412 2797 2467 αὑτοῦ
2839 2412 3103 2482 ἀσκητάς,
3132 2411 3224 2463 καὶ
3254 2409 3401 2479 λέγει
3417 2402 3517 2464 0:6-

1943 2505 2092 2567 τοῖςο
2146 2502 2211 2556 Τί
2248 2503 2475 2571 ποιήσω,
2508 2502 2591 2554 ὅτι
2643 2502 2721 2564 είς
2772 2498 3113 2568 ἀπελπισμδν
3153 2499 3358 2570 ἢγαγέν
3395 2515 3461 2569 με
3488 2499 3519 2552 6

1947 2589 2320 2660 λελωϐημένος
2358 2584 2547 2653 οὑτος;
2582 2588 2845 2655 Λέγουσιν
2877 2588 3055 2657 αὐτῷ’
3082 2588 3180 2640 Διά
3215 2586 3300 2652 τίς
3338 2586 3396 2640 '0
3435 2588 3517 2641 δέ’

1942 2678 2107 2739 Δεινά
2136 2694 2226 2746 μοι
2259 2676 2576 2740 διατίθεται,
2613 2676 2706 2728 καὶ
2739 2674 2791 2727 τί
2820 2674 3033 2747 ποιήσω
3052 2675 3153 2728 οὑκ
3177 2671 3313 2729 οῖδα.
3351 2674 3521 2745 Ῥίψω

1943 2768 2130 2834 αὑτὸν,
2152 2766 2287 2821 ἀλλά
2315 2765 2392 2836 τῷ
2420 2764 2537 2835 Θεῷ
2564 2763 2740 2828 δεξιάς
2769 2763 2963 2829 ἔδωκα,
2989 2764 3083 2817 καὶ
3105 2763 3397 2835 φοϐοῦμαι.
3427 2764 3521 2834 Μὴ

1953 2856 2091 2927 ῥίψω
2130 2854 2289 2906 αὑτόν
2311 2870 2323 2883 ο
2349 2852 2486 2905 ἀλλά
2510 2852 2687 2915 κακὰς
2718 2852 2932 2922 ἡμέρας
2966 2868 3055 2922 μοι
3090 2854 3183 2905 καὶ
3216 2851 3415 2915 νύκτας
3443 2852 3522 2905 δί-

1950 2943 2269 2997 δωσιν.οὑκ
2297 2938 2418 2994 οῖδα
2451 2940 2502 2993 τί
2550 2940 2699 3010 αὑτῷ
2759 2943 2992 3011 ποιήσω.
3050 2940 3314 3009 Λέγουσιν
3372 2940 3523 3010 αὑτῷ

1953 3032 2169 3095 ἐκεῖνοι,
2219 3030 2293 3091 ώς
2335 3028 2415 3080 ἑτι
2468 3029 2533 3098 ζῇ
2559 3032 2586 3081 ὁ
2639 3030 2813 3099 μέγας
2845 3028 3008 3098 (οὑτω
3040 3030 3145 3097 γάρ
3176 3028 3404 3081 ἐκάλουν
3432 3030 3523 3081 τὸν

1953 3119 2106 3185 ἀγιον
2151 3115 2451 3185 Ἄντώνιον)
2475 3156 2490 3181 ,
2513 3116 2701 3170 ἀνελθε
2733 3115 2869 3186 πρὸς
2896 3114 3079 3180 αὑτὸν,
3114 3115 3290 3185 βαλὼν
3314 3117 3404 3169 16v
3433 3114 3524 3168 λε-

1954 3205 2264 3275 λωϐημένον
2286 3204 2364 3267 είς
2391 3204 2591 3267 πλοῖον,
2623 3204 2714 3256 καὶ
2736 3203 2994 3271 ἀνένεγκε
3034 3202 3194 3255 αὑτὸν
3221 3203 3301 3264 είς
3333 3201 3392 3255 τὸ
3422 3218 3523 3272 μο-

1954 3292 2263 3362 ναστήριον,
2289 3291 2382 3342 καὶ
2414 3288 2627 3353 ἐκδεξαι
2652 3290 2756 3352 ἕως
2787 3284 2847 3343 οὑ
2871 3288 3063 3360 ἐξέλθῃ
3090 3290 3119 3340 6
3154 3287 3324 3358 μέγας
3346 3291 3413 3340 ἐκ
3428 3287 3525 3340 τοῦ

1958 3378 2244 3449 σπηλαίου,
2275 3378 2374 3431 καὶ⁵
2417 3377 2676 3444 ἀνένεγκε
2731 3375 2881 3446 αὑτῷ
2930 3378 2994 3427 τὸ
3027 3377 3201 3446 κρῖμα
3220 3390 3235 3405 °
3265 3375 3405 3429 καὶδ
3430 3375 3527 3429 ἐάν

1958 3485 2040 3523 σοι
2070 3469 2199 3539 εἴπῃ
2228 3466 2408 3533 αὑτὸς,
2462 3467 2747 3536 στοίχησον
2779 3465 2942 3519 αὑτοῦ
2998 3467 3064 3535 τῇ
3112 3465 3409 3531 ἐπικρίσει.
3467 3467 3526 3518 ὐ

1958 3558 2065 3625 γὰρ
2097 3556 2230 3617 Θεός
2264 3570 2347 3607 σοι
2375 3554 2517 3621 λέγει
2553 3552 2620 3605 δι’
2654 3550 2841 3606 αὑτοῦ.
2892 3550 2950 3604 '0
2991 3551 3048 3603 δέ
3076 3551 3332 3622 εὐπειθὴς
3366 3550 3528 3603 Εὑλό-

1957 3660 2073 3713 γιος
2106 3643 2364 3713 ἠνέσχετο
2383 3640 2584 3704 αὑτῶν,
2616 3640 2710 3692 καὶ
2737 3638 3071 3702 κολακεύσας
3090 3639 3181 3691 τὸν
3209 3637 3526 3709 λελωϐημέο

1959 3746 2049 3782 νον
2076 3727 2327 3797 ἐμϐαλὼν
2350 3726 2513 3781 αὑτὸν
2568 3727 2648 3788 είς
2676 3728 2883 3795 σκάφος
2931 3725 3265 3797 βουκολικὸν,
3306 3725 3529 3796 ἐξῆλθεν

1960 3816 2057 3885 τῆς
2077 3816 2277 3877 πόλεως
2302 3816 2359 3867 ἐν
2372 3815 2545 3879 νυκτὶ,
2562 3815 2659 3866 καὶ
2682 3813 2979 3884 ἀνήνεγκεν
3001 3812 3161 3866 αὑτὸν
3176 3812 3256 3875 εις
3272 3811 3333 3865 τὸ
3354 3826 3528 3881 μονα-

1963 3906 2183 3974 στήριον
2237 3900 2332 3955 τοῦ
2397 3901 2629 3974 μεγάλου
2675 3899 2984 3956 Ἀντωνίου.
3039 3900 3246 3970 Συνέϐη
3306 3900 3364 3953 δέ
3427 3900 3530 3971 την

1960 3990 2125 4059 ἀλλην
2154 3990 2367 4059 ἡμέραν
2398 3988 2570 4040 ἐλθεῖν
2596 3986 2687 4040 τὸν
2713 3986 2886 4056 μέγαν
2915 3988 3154 4059 ἐσπέρας
3188 3986 3429 4058 βαθείας,
3452 3987 3531 4051 ώς

1963 4079 2188 4146 Κρόνιος
2214 4076 2527 4144 διηγήσατο,
2559 4072 3047 4145 ἐμπεφιϐλωμένον
3064 4075 3311 4145 χλαμύδα
3331 4077 3535 4145 δερμα-

1962 4164 2134 4232 τίνην.
2179 4164 2501 4233 Ἐρχόμενος
2548 4158 2642 4215 οὑν
2694 4163 2773 4226 είς
2810 4161 2871 4214 τὸ
2932 4164 3289 4233 μοναστήριον
3340 4162 3532 4221 ἐαυτοῦ

1966 4254 2270 4323 εἰσήρχετο.
2298 4251 2408 4303 Kal
2441 4248 2643 4319 ταύτην
2672 4244 2784 4319 εἷχε
2806 4250 2903 4319 τὴν
2926 4250 3210 4319 συνήθειαν
3237 4250 3420 4303 καλεῖν
3442 4252 3533 4307 τὸν

1965 4341 2273 4408 Μακάριον,
2322 4340 2415 4391 καὶ
2467 4340 2675 4408 ἐρωτᾷν
2714 4341 2914 4390 αὐτόν’
2985 4338 3205 4407 Ἀδελφέ
3257 4339 3529 4410 Μακάριε,

1964 4426 2128 4498 ἦλθόν
2178 4442 2322 4490 τινες
2379 4425 2597 4493 ἀδελφοὶ
2626 4424 2852 4490 ἐνθάδε;
2896 4424 3252 4495 Ἀπεκρίνατο
3289 4429 3318 4480 6
3345 4428 3535 4482 Μακά-

1971 4533 2100 4587 ριος·
2142 4512 2365 4567 Ἦλθον.
2396 4514 2505 4566 Kal
2533 4515 2561 4567 6
2595 4513 2786 4581 μέγας*
2820 4513 3105 4580 Δίγύπτιοί
3135 4516 3271 4567 εἰσιν
3301 4514 3335 4585 ἢ
3372 4517 3534 4586 Ἰερο-

1968 4605 2273 4674 άολυμῖται.
2312 4601 2593 4654 Ἐδεδώκει
2625 4600 2681 4653 δὲ
2708 4600 2854 4668 αὑτῷ
2898 4605 3120 4670 σημεῖον
3142 4601 3170 4653 6
3204 4602 3397 4671 μέγας,
3445 4604 3535 4657 λέ-

1965 4708 2095 4760 γων.
2139 4692 2306 4744 κυταν
2341 4688 2891 4758 ἀπραγμονεστέρους
2922 4691 3071 4751 τινάς
3099 4690 3214 4760 ῖόῃς
3259 4690 3533 4755 ἐλθόντας,

1965 4780 2088 4848 λέγε
2117 4779 2199 4832 ὅτι
2230 4775 2515 4845 Λίγύπτιοί
2547 4777 2683 4827 εἰσιν
2705 4790 2720 4805 ⁸
2748 4776 2878 4828 ὅταν
2924 4776 2981 4829 δέ
3024 4793 3174 4840 τινας
3218 4778 3537 4831 εὐλαϐεστέ-

1965 4886 2093 4939 ρους
2129 4871 2221 4921 καὶ
2251 4868 2624 4935 λογιωτέρους,
2648 4863 2773 4932 λέγε
2796 4865 2878 4917 ὅτι
2923 4866 3344 4937 Ίεροσολυμῖταί
3373 4869 3535 4922 είσιν.

1978 4957 2195 5026 Ἦρώτα
2227 4952 2319 5008 οὖν
2344 4957 2481 5007 κατά
2506 4954 2566 5005 τὸ
2592 4954 2779 5019 είωθδς
2810 4957 2839 5009 6
2864 4955 3055 5025 μέγας,
3092 4956 3265 5023 λέγων
3311 4955 3390 5027 τῷ
3429 4972 3534 5026 μα-

1968 5044 2103 5115 θητῇ
2138 5044 2408 5113 Μακαρίῳ
2428 5058 2440 5074 ·
2468 5041 2758 5109 Αίγύπτιοί
2790 5044 2927 5095 εἰσιν
2950 5043 3000 5095 οί
3038 5042 3332 5112 ἀδελφοὶ,ἢ
3378 5043 3538 5110 Ἱερο-

1970 5131 2256 5202 σολυμῖταί
2304 5132 2445 5194 εἰσι;
2515 5131 2870 5203 ’Λπεκρίνατο
2917 5132 2946 5183 6
3005 5130 3312 5199 Μακάριος,
3364 5129 3537 5197 λέγων

1968 5218 2137 5288 αὑτῷ,
2179 5218 2260 5268 ὃτι
2280 5217 2472 5286 Μίγμα
2502 5216 2660 5270 εἰσίν.
2688 5217 2856 5270 Ὅταν
2882 5214 2974 5268 οὖν
2999 5212 3149 5269 εἶπεν
3175 5218 3205 5268 6
3228 5216 3535 5286 Μακάριος,

1969 5308 2053 5359 ὅτι
2087 5305 2373 5373 Αίγύπτιοί
2415 5305 2571 5368 εἰσιν,
2612 5304 2795 5370 ἔλεγεν
2842 5303 2991 5372 αὑτῷ
3018 5305 3047 5356 6
3077 5301 3271 5371 μέγαςο
3305 5303 3537 5373 Ποίησον

1968 5396 2146 5454 αὑτοῖς
2178 5393 2369 5460 φακὸν,
2396 5391 2491 5443 καὶ
2513 5391 2600 5454 δὸς
2647 5391 2829 5451 αὐτοῖς
2873 5392 3066 5459 φαγεῖν
3085 5403 3099 5419 °
3128 5388 3224 5442 καὶ
3244 5390 3417 5443 ἐποίει
3440 5390 3540 5444 αὑ-

1970 5484 2080 5544 τοῖς
2120 5482 2284 5552 εὑχὴν
2317 5484 2467 5550 μίαν,
2494 5483 2589 5534 καὶ
2612 5481 2846 5534 ἀπέλυεν
2874 5479 3092 5543 αὑτούς.
3143 5479 3312 5532 Ὅταν
3336 5480 3393 5532 δὲ
3428 5479 3540 5533 ἐλε-

1968 5586 2085 5637 γεν,
2108 5572 2190 5623 δτι
2230 5570 2672 5640 Ἱεροσολυμῖται,
2697 5566 2983 5631 ἐκαθέζετο
3004 5567 3091 5620 διά
3111 5566 3290 5638 πάσης
3323 5566 3540 5633 νυκτὸς,

1970 5662 2064 5713 καὶ
2080 5660 2259 5714 ἐλάλει
2287 5658 2469 5722 αὐτοῖς
2498 5660 2567 5711 τά
2582 5660 2926 5730 προσήκοντα
2950 5658 3089 5727 πρὸς
3110 5657 3403 5728 σωτηρίην.
3450 5657 3542 5714 Ἑν

1971 5749 2157 5819 ἐκείνῃ
2190 5745 2281 5800 οῦν
2304 5749 2370 5826 τῇ
2403 5746 2610 5817 ἑσπέρα
2630 5745 2940 5812 καθεσθείς,
2964 5746 3122 5819 φησι,
3153 5744 3545 5819 προσκαλεῖται
