4258 6358
328 358 466 414 1077

1583 372 1895 432 HISTORIA
1932 370 2016 426 LA
2025 372 2288 430 USIACA.

3396 391 3523 455 l078

322 487 441 542 qua
485 474 751 541 pertinent
794 476 858 531 ad
888 477 1131 535 salutem.
1160 478 1365 537 Sedens
1392 495 1517 553 ergo
1547 481 1636 538 illo
1661 496 1882 551 vespere
1908 481 1956 539 A
1984 495 2192 551 quoque
2213 482 2267 536 in
2294 496 2482 539 manus
2510 486 2605 542 Del
2641 501 2794 545 suum
2834 493 3222 551 commendavit
3262 497 3526 566 spiritum.

315 576 503 616 omnes
544 566 769 619 accersit
811 582 1052 635 magnus.
1098 569 1334 639 Cumque
1362 573 1532 626 nullus
1575 573 1624 629 ei
1652 573 1878 627 dixisset

316 649 459 718 quod
486 666 674 704 nomen
706 652 925 708 haberet
969 656 1339 725 scholasticus,
1394 675 1511 713 cum
1542 676 1692 716 serus
1735 669 1878 716 esset

316 755 527 809 vesper,
554 753 704 795 vocat
724 758 843 796 eum
871 745 1051 798 dicens
1076 763 1087 797 :
1120 747 1321 816 Eulogi,
1356 748 1560 818 Eulogi,
1586 750 1794 820 Eulogi;
1821 759 1876 806 et

313 844 435 884 cum
471 840 551 883 ter
579 834 981 899 proclamasset,
1012 845 1068 890 et
1093 837 1438 892 scholasticus
1480 839 1727 909 Eulogius
1769 854 1872 894 non

311 921 693 988 respondisset,
727 932 915 989 putans
940 925 1166 993 aliquem
1211 927 1369 979 alium
1406 929 1585 982 vocari
1636 931 1734 983 hoc
1777 944 1873 982 no-

313 1008 478 1073 mine,
508 1009 635 1064 dicit
656 1011 703 1064 ei
730 1026 988 1080 magnus:
1021 1013 1136 1067 Tibi
1160 1015 1298 1079 dico,
1325 1016 1527 1086 Eulogi.
1559 1017 1647 1085 qui
1677 1018 1868 1073 venisti

310 1097 380 1151 ab
405 1098 745 1154 Alexandria.
779 1100 925 1155 Tunc
954 1100 1003 1155 ei
1042 1102 1171 1157 dicit
1200 1104 1449 1173 Eulogius
1478 1121 1492 1159 :
1520 1106 1654 1171 Quid
1680 1108 1867 1174 jubes,

307 1192 530 1256 quaeso?
559 1188 692 1241 Dicit
711 1191 758 1243 ei
787 1204 1041 1259 magnus:
1071 1192 1207 1256 Quid
1238 1192 1339 1247 huc
1366 1193 1594 1248 venisti?
1633 1194 1871 1265 Respon-

307 1276 389 1329 dit
416 1276 463 1331 ei
496 1275 776 1345 Eulogius,
829 1278 1049 1333 dicens:
1090 1280 1192 1343 Qui
1237 1281 1330 1336 tibi
1377 1283 1627 1338 revelavit
1675 1299 1868 1340 nomen

308 1379 512 1429 meum,
558 1380 671 1419 rem
720 1381 929 1435 quoque
958 1380 1173 1438 propter
1215 1386 1370 1440 quam
1418 1374 1536 1428 veni
1590 1374 1864 1430 revelavit.

308 1451 447 1505 Dicit
472 1452 519 1505 ei
557 1462 769 1507 sanctus
798 1456 1095 1511 Antonius:
1129 1458 1294 1513 Didici
1318 1474 1479 1530 quare
1519 1461 1744 1527 venisti;
1772 1463 1865 1518 sed

307 1541 394 1594 dic
442 1555 621 1596 coram
652 1541 935 1608 fratribus,
985 1554 1043 1599 ut
1085 1546 1182 1613 ipsi
1222 1562 1430 1617 quoque
1473 1551 1704 1605 audiant.
1737 1550 1866 1604 Ius-

304 1646 398 1684 sus
452 1640 627 1687 autem
679 1648 708 1688 a
763 1648 955 1703 magno
1003 1635 1282 1707 Eulogius,
1336 1638 1471 1693 dixit
1514 1653 1693 1695 coram
1744 1654 1862 1695 om-

304 1722 459 1775 nibus
487 1734 504 1774 :

2047 569 2176 624 Cum
2205 584 2332 639 ergo
2374 572 2643 639 aliquanto
2682 586 2920 647 tempore
2944 589 3184 636 versatus
3218 594 3361 639 esset
3386 584 3524 641 Cro-

1975 658 2094 713 nius
2123 660 2263 713 circa
2287 659 2400 715 loca
2430 661 2735 729 Thebaidis,
2756 665 3027 722 descendit
3054 670 3105 723 in
3137 676 3516 729 monasterium

1973 748 2306 803 Alexandria:
2326 791 2341 816 ,
2371 760 2424 805 et
2450 753 2638 807 accidit
2666 766 2724 809 ut
2752 756 2889 810 beati
2920 758 3133 826 quidem
3166 761 3367 829 Eulogii
3409 766 3523 818 obi-

1974 852 2056 897 tus
2085 858 2114 897 a
2145 843 2470 900 fraternitate
2508 849 2869 906 celebraretur
2916 856 3351 925 quadragesimus
3381 860 3514 926 dies,

1972 935 2143 987 manci
2172 944 2346 989 autem
2389 936 2592 992 tertius.
2643 939 2775 992 Cum
2808 941 2906 996 hoc
2932 958 3057 1014 ergo
3083 946 3357 1001 didicisset
3382 950 3518 1003 Cro-

1971 1024 2108 1089 nius,
2136 1024 2430 1095 obstupuit;
2461 1037 2514 1082 et
2553 1041 2827 1099 acceptum
2878 1034 3247 1105 Evangelium,
3281 1050 3336 1093 ut
3365 1040 3519 1097 fidem

1970 1111 2224 1168 baberent
2264 1114 2554 1182 audientes,
2582 1118 2757 1186 posuit
2797 1123 2847 1173 in
2882 1124 3052 1179 medio
3084 1125 3415 1194 fratrum;et
3442 1133 3521 1186 eis

1962 1200 2179 1271 juravit,
2206 1220 2425 1261 narrans
2455 1210 2629 1278 magni
2660 1212 2873 1266 Antonii
2900 1212 2969 1268 de
2998 1214 3076 1269 his
3110 1219 3517 1291 praescientiam,

1968 1303 2020 1345 et
2062 1293 2129 1348 de
2176 1294 2422 1350 omnibus
2463 1312 2581 1365 qum
2620 1300 2943 1367 acciderunt,
2971 1314 3025 1358 et
3069 1304 3290 1360 dicens:
3318 1308 3517 1365 Ilorum

1966 1391 2094 1446 ergo
2142 1380 2422 1435 verborum
2452 1383 2522 1437 fui
2551 1385 2840 1455 interpres,
2872 1404 2990 1443 cum
3035 1392 3221 1447 beatus
3258 1397 3517 1453 Antonius

1967 1466 2151 1524 Graece
2172 1473 2430 1535 nesciret;
2450 1488 2549 1543 ego
2571 1490 2697 1529 vero
2718 1478 2949 1532 sciebam
2973 1488 3246 1551 utramque
3264 1484 3515 1555 linguam,

1965 1566 2019 1611 et
2045 1560 2123 1613 eis
2153 1572 2268 1613 sum
2294 1559 2689 1629 interpretatus,
2717 1565 2884 1621 beatis
2912 1569 3126 1636 quidem
3150 1571 3399 1641 deinceps
3423 1590 3517 1643 per

1961 1645 2157 1701 Christi
2178 1650 2397 1717 gratiam
2424 1667 2437 1701 :
2467 1649 2686 1720 Eulogio
2711 1661 2765 1707 et
2792 1669 3016 1722 corpore
3041 1659 3278 1713 mutilato
3306 1660 3512 1728 Grece,

1962 1752 2081 1805 qua!
2105 1752 2130 1788 a
2158 1752 2352 1805 magno
2374 1738 2512 1793 dicta
2542 1750 2693 1805 sunt;
2736 1743 2833 1810 ipsi
2861 1753 3039 1800 autem
3068 1758 3252 1802 sancto
3280 1752 3513 1807 et'beato

373 1855 523 1910 Hunc
569 1855 867 1911 mutilatum
910 1858 1085 1913 inveni
1115 1873 1211 1929 ego
1241 1860 1293 1917 in
1335 1861 1451 1916 foro
1478 1864 1774 1935 projectum
1804 1876 1862 1920 et
1891 1822 1938 1881 Β
1964 1847 2054 1935 ΨΜ

1821 1876 1862 1920 η
1891 1822 1938 1881 Β
1964 1844 2257 1901 magnoque
2297 1832 2523 1888 Antonio
2563 1833 2892 1903 Egyptiace,
2919 1852 3035 1907 qua:
3080 1839 3219 1895 dicta
3265 1850 3387 1897 sunt
3434 1844 3502 1898 ab

301 1946 563 2013 neglectui
592 1944 848 2000 habitum.
886 1946 1012 2017 Ejus
1039 1956 1213 2003 autem
1240 1950 1514 2017 misertus,
1546 1952 1711 2007 Deum
1740 1967 1858 2008 sum

301 2042 548 2101 precatus
590 2042 649 2088 ut
676 2035 828 2090 daret
853 2037 982 2091 mihi
1012 2040 1233 2104 gratiam
1263 2041 1315 2093 in
1344 2040 1517 2109 ipsum
1546 2041 1857 2110 tolerantiae,

296 2132 355 2178 rt
380 2123 531 2178 illum
561 2127 844 2194 assumpsi.
872 2126 1151 2183 Dexteram
1182 2145 1393 2200 quoque
1412 2131 1531 2187 dedi
1567 2132 1694 2196 Deo,
1719 2134 1859 2201 quod

298 2214 350 2268 in
399 2216 586 2269 morbo
630 2216 747 2283 ejus
787 2231 968 2271 curam
1014 2234 1225 2287 geram,
1262 2231 1315 2274 ut
1345 2230 1399 2275 et
1423 2235 1522 2290 ego
1551 2237 1643 2291 per
1687 2224 1856 2292 ipsum

300 2303 479 2359 salvus
497 2303 641 2369 tiam,
663 2316 713 2357 et
739 2307 851 2375 ipse
873 2322 900 2359 a
921 2322 1006 2362 me
1027 2318 1316 2366 recreetur.
1345 2311 1475 2366 Sunt
1507 2322 1681 2368 autem
1705 2313 1859 2384 quin-

298 2396 468 2449 decim
498 2398 621 2449 anni
653 2411 717 2449 ex
749 2413 854 2463 quo
882 2398 1038 2453 simul
1089 2415 1381 2467 versamur,
1409 2403 1542 2458 sicut
1565 2406 1724 2459 etiam
1757 2415 1858 2462 tua

295 2485 564 2541 sanctitati
608 2490 835 2541 revelata
874 2499 998 2543 sunt
1034 2494 1231 2546 omnia.
1269 2492 1373 2549 Sed
1402 2496 1580 2550 nescio
1603 2497 1857 2565 quidnam

293 2574 422 2627 mali
449 2589 480 2628 a
509 2590 591 2628 me
622 2590 806 2642 passus
831 2618 847 2643 ,
879 2589 997 2647 post
1024 2589 1101 2635 tot
1130 2596 1297 2635 annos
1326 2599 1409 2637 me
1434 2601 1646 2640 summe
1679 2594 1855 2649 vexat,

294 2676 347 2721 et
378 2669 429 2721 in
459 2669 638 2721 animo
664 2670 821 2725 habui
854 2671 1021 2738 ipsum
1053 2672 1266 2741 ejicere,
1296 2674 1411 2742 ipso
1438 2690 1521 2730 me
1549 2677 1613 2729 ad
1642 2677 1742 2732 hoc
1767 2692 1857 2732 co-

293 2768 471 2827 gente.
494 2758 568 2812 Ea
600 2758 668 2813 de
688 2776 847 2815 causa
873 2764 993 2818 veni
1018 2765 1083 2819 ad
1105 2773 1249 2819 tuam
1270 2767 1626 2830 sanctitatem.
1649 2778 1704 2822 ut
1729 2769 1855 2822 mihi

293 2851 540 2903 consulas
581 2851 829 2919 quidnam
875 2851 1097 2908 debeam
1128 2852 1334 2922 facere,
1370 2866 1423 2911 et
1451 2873 1572 2913 ores
1602 2874 1699 2927 pro
1728 2874 1813 2913 me
1839 2875 1854 2924 ;

294 2954 380 2993 me
407 2940 548 2994 enim
576 2952 737 2995 vexat
763 2943 1018 3011 graviter.

368 3073 498 3126 Dicit
514 3074 559 3126 ei
577 3090 796 3142 magnus
812 3076 847 3127 Α
859 3076 1069 3130 ntouius
1084 3078 1226 3146 gravi
1246 3086 1516 3133 etaustera
1534 3095 1663 3135 voco
1683 3098 1695 3134 :
1716 3081 1858 3151 Abji-

1962 1930 2207 1991 umque'
2498 1992 2722 2049 CAPUT
2758 1992 2972 2048 xxvu.

2029 2081 2107 2136 Ds
2151 2082 2566 2150 contemplations
2608 2101 2758 2153 quam
2807 2086 2929 2139 vidit
2972 2086 3123 2141 abbas
3173 2088 3442 2144 Antonius.

2027 2172 2139 2228 Hoc
2185 2188 2393 2242 quoque
2422 2175 2655 2228 narravit
2696 2174 2921 2229 Cronius
2964 2177 3047 2230 illa
3076 2188 3227 2233 nocte
3266 2194 3513 2249 magnum

1957 2266 2034 2321 eis
2078 2281 2322 2321 narrasse
2369 2268 2651 2322 Antonium
2678 2286 2691 2321 :
2718 2270 2847 2338 Ego,
2874 2270 3068 2337 aiebat,
3115 2287 3255 2328 anno
3300 2275 3513 2345 integro

1958 2371 2229 2411 oraveram
2260 2366 2317 2410 ut
2337 2358 2666 2411 revelaretur
2694 2360 2819 2412 mihi
2854 2360 2998 2415 locus
3026 2363 3287 2429 justorum
3309 2374 3361 2419 et
3386 2382 3514 2433 pec-

1956 2454 2191 2500 catorum
2219 2445 2415 2516 (Supra
2432 2447 2467 2501 Ι.
2499 2449 2607 2512 t,in
2638 2446 2752 2501 Vita
2774 2448 2833 2505 S.
2855 2450 3078 2514 Antonii,
3102 2469 3144 2506 ε.
3172 2453 3267 2517 58ς
3296 2452 3513 2521 ΡαιεΙι..

1957 2552 1999 2589 c.
2028 2534 2115 2602 19,
2137 2552 2191 2589 η.
2215 2538 2293 2605 4).
2322 2536 2433 2592 Vidi
2457 2547 2630 2593 autem
2654 2541 2916 2607 gigantem
2941 2544 3145 2612 nigrum
3174 2546 3512 2614 altissimum,

1957 2627 2044 2695 qui
2075 2626 2140 2679 ad
2166 2626 2332 2681 nubes
2363 2643 2527 2697 usque
2558 2631 2911 2699 pertingebat,
2945 2632 3170 2685 habebat
3200 2647 3372 2688 au'em
3402 2651 3516 2689 ma-

1958 2730 2057 2770 nus
2102 2716 2169 2772 ad
2210 2719 2401 2771 caelum
2453 2733 2619 2787 usque
2666 2730 2947 2787 extensas;
3001 2721 3133 2775 infra
3182 2734 3354 2778 autem
3399 2737 3515 2781 erat

1960 2807 2105 2862 lacus
2134 2809 2223 2876 qui
2272 2824 2419 2862 mare
2460 2812 2702 2879 aquabat
2730 2814 3109 2882 magnitudine.
3150 2814 3264 2870 Vidi
3304 2833 3516 2887 quoque

1959 2899 2162 2953 animas
2211 2908 2455 2969 tauquam
2486 2915 2612 2953 aves
2641 2917 2850 2956 sursum
2885 2904 3151 2969 volantes;
3183 2915 3235 2958 et
3265 2921 3515 2973 quaecun-

1959 3006 2059 3057 que
2088 2992 2298 3057 quidem
2328 2991 2442 3060 ejus
2472 3007 2655 3047 manus
2680 3003 2734 3047 et
2762 3004 2920 3062 caput
2944 2997 3373 3065 supervolabant,
3399 3012 3515 3051 scr-

1959 3083 2217 3137 vabantur
2265 3085 2332 3138 ab
2375 3084 2600 3151 angelis;
2648 3102 2765 3155 quae
2807 3097 2983 3141 autem
3026 3103 3055 3141 a
3103 3088 3344 3143 manibus
3390 3089 3505 3158 ejus

296 3164 406 3217 tias
434 3173 486 3217 tu
508 3180 652 3229 eum,
672 3165 891 3235 Eulogii
916 3176 967 3219 at
988 3168 1074 3236 qui
1098 3182 1219 3222 eum
1241 3174 1439 3223 creavit
1465 3186 1567 3224 non
1590 3172 1856 3240 abjicit.Si
1887 3175 1931 3237 C
1963 3173 2373 3227 verberabantur
2396 3214 2411 3239 ,
2443 3175 2738 3230 incidebant
2769 3177 2822 3231 in
2854 3176 3045 3231 lacum.
3087 3178 3163 3231 Ad
3203 3193 3288 3233 me
3330 3180 3507 3247 itaque

296 3265 353 3310 tu
370 3272 490 3310 eum
520 3257 722 3324 abjicis,
742 3258 878 3312 Deus
894 3258 940 3311 ei
964 3259 1214 3313 excitabit
1238 3269 1288 3316 te
1317 3263 1586 3317 meliorem
1616 3263 1704 3329 qui
1731 3278 1851 3317 eum

294 3352 526 3418 colligat.
558 3350 822 3405 Conticuit
870 3351 1122 3420 Eulogius
1147 3392 1163 3418 ,
1193 3363 1249 3409 et
1290 3353 1537 3408 extimuit
1576 3370 1693 3409 cum
1741 3356 1853 3410 hate

294 3441 566 3493 audiisset.
601 3439 805 3494 Relicto
846 3452 1023 3494 autem
1072 3442 1316 3510 Eulogio,
1346 3458 1563 3511 magnus
1594 3445 1855 3498 Antonius

294 3529 484 3597 incipit
509 3529 682 3597 lingua
710 3528 979 3597 ﬂagellare
1008 3530 1329 3593 mutilatum,
1354 3541 1407 3585 et
1438 3531 1501 3584 ad
1530 3546 1649 3585 eum
1680 3532 1855 3586 excla-

294 3631 443 3671 mare
471 3634 483 3668 :
512 3616 1052 3679 Mutilate,macnlate
1081 3617 1375 3687 (63),terra
1395 3628 1447 3673 et
1466 3620 1599 3674 ctelo
1621 3620 1851 3689 indigne,

295 3722 403 3764 non
426 3722 605 3760 cessas
629 3721 747 3759 cum
786 3705 893 3760 Deo
937 3722 1169 3776 pugnare
1191 3748 1206 3771 ,
1236 3716 1288 3761 et
1317 3715 1465 3762 tuum
1495 3708 1709 3763 fratrem
1736 3712 1856 3763 irri-

294 3797 442 3852 tare?
474 3797 653 3851 Nescis
679 3812 795 3851 esse
838 3796 1110 3851 Christum
1139 3801 1227 3867 qui
1260 3799 1353 3852 tibi
1378 3800 1686 3854 ministrat?
1713 3801 1856 3867 Quo-

296 3886 455 3939 modo
482 3888 643 3941 audes
670 3886 782 3940 luec
812 3888 951 3955 loqui
978 3886 1229 3941 adversos
1257 3888 1562 3944 Christum?
1592 3889 1705 3944 Non
1736 3907 1857 3960 pro-

294 3987 410 4046 pter
439 3977 709 4030 Christum
739 3993 797 4031 se
824 3986 913 4030 tuo
944 3978 1263 4045 mancipavit
1290 3981 1537 4034 seruio?
1569 3982 1697 4036 Cum
1727 3998 1855 4053 ergo

293 4082 415 4123 eum
464 4081 672 4134 quoque
719 4066 895 4121 verbis
944 4069 1267 4123 coercuisset
1315 4071 1732 4138 increpantibus,
1761 4088 1853 4127 eos

292 4157 544 4221 dimittit;
588 4166 641 4210 et
691 4172 808 4210 cum
853 4156 1190 4213 disseruisset
1227 4174 1346 4213 cum
1396 4158 1644 4214 fratribus
1687 4161 1753 4214 de
1790 4160 1854 4214 iis

291 4262 412 4314 quae
455 4256 605 4299 erant
652 4247 932 4316 unicuique
978 4249 1271 4301 necessaria
1295 4289 1308 4310 ,
1340 4264 1522 4301 rursus
1552 4251 1755 4304 accedit
1784 4252 1850 4305 ad

292 4335 568 4406 Eulogium
599 4346 655 4392 et
682 4338 999 4403 mutilatum,
1030 4348 1084 4394 et
1112 4340 1237 4392 dicit
1262 4339 1340 4393 eis
1366 4358 1380 4395 :
1405 4339 1479 4395 Ne
1510 4355 1729 4410 usquam
1756 4340 1855 4395 im-

295 4428 597 4493 ruoremini,
626 4443 659 4483 ο
686 4429 895 4494 fratres,
914 4430 1007 4484 sed
1033 4430 1170 4483 abite
1195 4430 1247 4483 in
1270 4444 1423 4499 pace,
1447 4438 1501 4485 et
1528 4446 1593 4484 ne
1621 4429 1851 4486 invicem

292 4518 887 4588 separemini,deposita
918 4519 1060 4572 omni
1090 4520 1328 4573 molestia
1359 4535 1515 4589 quam
1547 4522 1695 4574 vobis
1721 4520 1851 4588 inje-
1882 4514 1932 4573 Ι)

295 4612 370 4665 cit
413 4610 652 4675 damon;
693 4618 747 4663 et
790 4624 910 4664 cum
965 4609 1101 4664 bona
1131 4609 1414 4664 dilectione
1442 4610 1767 4663 revertimini
1799 4611 1850 4664 in

293 4699 482 4754 cellam
512 4700 565 4753 in
597 4715 697 4768 qua
724 4700 879 4769 longo
911 4708 1150 4767 tempore
1177 4699 1369 4753 versati
1399 4700 1555 4763 estis;
1579 4697 1687 4766 jam
1711 4699 1850 4751 enim

300 4793 439 4846 Deus
472 4791 643 4846 mittet
671 4790 739 4845 ad
770 4805 884 4846 vos.
931 4791 1055 4845 Haec
1080 4791 1220 4845 enim
1251 4792 1470 4845 tentatio
1498 4791 1551 4844 in
1578 4806 1671 4844 vos
1698 4790 1852 4843 exci-

299 4890 407 4937 tata
434 4890 517 4935 est
544 4895 574 4934 a
605 4881 833 4947 Satana,
862 4882 1110 4950 quoniam
1161 4882 1260 4936 scit
1311 4896 1402 4934 vos
1427 4880 1534 4949 jam
1584 4880 1646 4931 ad
1694 4879 1850 4933 linem

298 4974 621 5043 pervenisse,
651 4983 703 5026 et
732 4973 963 5026 futurum
994 4987 1113 5027 esse
1144 4981 1199 5025 ut
1221 4986 1448 5026 coronas
1476 4987 1503 5022 a
1525 4970 1738 5024 Christo
1761 4985 1851 5023 ac-

294 5063 524 5131 cipiatis,
550 5064 718 5132 ipsum
740 5079 833 5131 per
856 5071 929 5129 te,
958 5071 1012 5117 et
1040 5069 1091 5116 te
1114 5077 1208 5130 per
1229 5077 1371 5117 eum.
1399 5059 1536 5116 Nihil
1564 5074 1690 5128 ergo
1715 5058 1855 5112 aliud

295 5153 676 5223 cogitaveritis.
708 5152 856 5220 Quod
888 5152 933 5207 si
960 5153 1179 5206 veniens
1212 5152 1431 5220 angelus
1462 5166 1566 5204 non
1596 5147 1858 5203 invenerit

297 5263 392 5303 vos
419 5249 471 5301 in
494 5249 681 5302 eodem
710 5247 847 5312 loco,
873 5246 1106 5301 futurum
1130 5255 1211 5301 est
1235 5256 1291 5300 ut
1317 5247 1526 5300 coronis
1546 5244 1851 5315 privemini.

295 5338 412 5393 Cito
448 5352 578 5407 ergo
625 5336 937 5391 festinantes
985 5335 1208 5405 ingressi
1254 5345 1407 5401 sunt,
1433 5346 1485 5389 et
1514 5342 1773 5389 venerunt
1800 5333 1853 5388 iu

294 5441 445 5482 suam
493 5427 681 5481 cellam
728 5426 985 5481 charitate
1013 5425 1126 5496 (64)
1162 5426 1413 5493 perfecta.
1466 5425 1529 5478 Et
1559 5424 1698 5477 intra
1726 5437 1853 5492 qua-

294 5518 540 5587 draginta
582 5518 730 5583 dies,
759 5518 867 5571 obit
898 5518 1082 5572 beatus
1113 5516 1359 5585 Eulogius
1387 5516 1621 5584 migrans
1649 5515 1714 5569 ad
1748 5516 1849 5569 Do-

296 5609 519 5671 minum,
544 5617 600 5663 et
630 5609 769 5661 intra
794 5618 902 5661 tres
949 5606 1080 5660 alios
1118 5607 1229 5662 obit
1262 5607 1307 5658 is
1338 5606 1427 5673 qui
1470 5615 1586 5660 erat
1627 5618 1853 5673 corpore

296 5700 589 5764 mutilatos,
622 5698 715 5758 sed
761 5699 935 5753 anima
983 5699 1167 5752 ﬁrmus
1215 5710 1277 5752 ac
1319 5697 1591 5765 robustus,
1619 5696 1706 5767 qui
1737 5696 1849 5766 ipse

1954 3278 2054 3316 vox
2102 3266 2362 3331 pervenit,
2392 3281 2508 3333 qua:
2552 3266 2761 3321 dicebat
2786 3283 2799 3321 :
2821 3268 2963 3333 Quas
3013 3268 3161 3323 vides
3189 3268 3391 3322 animas
3418 3284 3511 3322 su-

1953 3354 2257 3421 pervolasse
2308 3364 2467 3423 caput
2508 3356 2728 3425 gigantis
2768 3368 2823 3413 et
2866 3360 2985 3427 ejus
3034 3374 3241 3424 manus,
3269 3375 3345 3413 ea:
3389 3369 3516 3416 sunt

1953 3446 2141 3497 anima:
2167 3445 2455 3513 justorum,
2485 3462 2603 3513 qua:
2632 3446 2843 3515 quidem
2872 3449 2938 3502 ab
2987 3449 3189 3519 angelis
3234 3459 3515 3503 servantur

1953 3534 2005 3587 in
2038 3536 2278 3601 paradiso
2303 3552 2314 3587 :
2342 3550 2458 3602 qua:
2486 3546 2660 3589 autem
2690 3552 2721 3589 a
2746 3539 2989 3592 manibus
3040 3540 3173 3607 nigri
3205 3540 3511 3607 percutiun-

1956 3632 2061 3688 tur,
2092 3640 2169 3679 ete
2199 3625 2249 3677 in
2278 3623 2483 3679 inferno
2513 3624 2912 3694 demerguntur.
2945 3628 3072 3695 Qua:
3112 3630 3322 3698 quidem
3350 3640 3515 3683 attra-

1952 3724 2051 3769 ctaa
2074 3714 2282 3768 fuerunt
2301 3728 2330 3767 a
2358 3715 2623 3770 voluntate
2649 3718 2844 3786 carnis,
2870 3729 2925 3773 et
2946 3719 3123 3773 odium
3148 3731 3343 3774 secutae
3365 3728 3510 3788 sunt,

1954 3813 2007 3857 et
2035 3805 2327 3859 referenda:
2349 3805 2554 3875 injuria:
2581 3809 2942 3875 cupiditatem.

2482 3915 2708 3972 CAPUT
2748 3918 2987 3976 XXVIII.

2244 4004 2359 4059 Vita
2388 4008 2579 4061 abbatis
2615 4007 2769 4062 Pauli
2799 4010 3063 4076 Simplicis
3093 4009 3229 4079 (65).

2023 4092 2264 4147 Narravit
2301 4106 2475 4149 autem
2519 4108 2735 4150 sanctus
2771 4099 2966 4153 Christi
3006 4114 3191 4153 servus
3220 4099 3433 4163 Hierax.
3461 4109 3515 4155 et

1953 4185 2200 4252 Cronius,
2227 4196 2282 4240 et
2304 4188 2480 4255 plures
2505 4189 2594 4242 alii
2617 4203 2683 4243 ex
2705 4190 2955 4243 fratribus
2977 4207 3038 4243 ea
3065 4207 3181 4258 quae
3202 4207 3316 4246 sum
3344 4193 3515 4244 dictu-

1955 4288 2043 4328 rus
2072 4274 2329 4342 (Ra/71,1.
2357 4290 2417 4343 ιι,
2445 4290 2492 4329 c.
2526 4275 2615 4345 51)
2638 4316 2655 4341 ,
2750 4278 2895 4348 quod
2985 4280 3202 4347 quidam
3315 4278 3512 4334 Paulus

1952 4366 2179 4429 agrestis
2206 4366 2457 4435 agricola,
2482 4367 2757 4437 insigniter
2780 4367 3032 4421 innocens
3054 4376 3107 4420 et
3128 4368 3363 4423 moribus
3384 4368 3512 4421 sim-

1955 4458 2074 4524 plex
2103 4494 2121 4522 ,
2168 4472 2385 4510 uxorem
2433 4456 2657 4511 duxerat
2702 4457 2977 4511 mulierem
3024 4456 3456 4511 formosissimam
3484 4497 3503 4523 ,

1957 4547 2050 4601 sed
2098 4547 2333 4600 moribus
2384 4546 2700 4612 improbam,
2747 4559 2866 4613 quae
2910 4546 3216 4615 longissimo
3264 4554 3508 4613 tempore

1960 4650 2182 4707 peccans
2211 4650 2331 4689 eum
2364 4635 2535 4691 latuit.
2565 4635 2860 4705 Aliquando
2889 4645 3063 4689 autem
3110 4636 3177 4689 de
3223 4636 3509 4704 improviso

1958 4739 2230 4796 regressus
2260 4740 2326 4779 ex
2354 4740 2503 4793 agro,
2539 4732 2593 4778 et
2624 4726 2890 4792 ingressus
2928 4727 3138 4778 domum
3172 4738 3341 4794 suam,
3372 4726 3518 4779 inve-

1958 4818 2036 4870 nit
2066 4830 2158 4871 eos
2189 4817 2357 4886 turpia
2389 4824 2754 4885 perpetrantes
2774 4859 2789 4881 ,
2821 4817 3116 4872 deducente
3146 4818 3361 4873 Paulum
3395 4835 3517 4886 pro-

1957 4907 2189 4962 videntia
2219 4907 2283 4959 ad
2313 4906 2363 4960 id
2388 4906 2529 4975 quod
2573 4915 2689 4961 erat
2732 4907 2833 4962 sibi
2884 4908 3236 4962 conducibile.
3284 4908 3521 4974 Eamque

1956 5012 2076 5051 cum
2106 4997 2361 5061 vidisset,
2392 5012 2511 5050 cum
2540 5012 2605 5052 eo
2635 5012 2754 5051 cum
2785 5012 2891 5068 quo
2923 4998 3149 5052 habebat
3191 4998 3356 5066 stupri
3385 5012 3518 5051 con-

1956 5086 2312 5148 suetudinem,
2342 5087 2563 5139 honcste
2587 5101 2649 5140 ac
2676 5085 2871 5141 decore
2900 5086 3034 5153 risit,
3065 5096 3118 5140 et
3144 5089 3221 5140 eis
3249 5085 3521 5140 exclama-

1959 5179 2051 5242 vit,
2087 5177 2302 5231 dicens:
2328 5176 2469 5231 Bene
2497 5185 2600 5241 est,
2628 5176 2763 5231 bene
2786 5187 2888 5243 est,
2914 5191 3101 5232 revera
3141 5191 3245 5230 non
3276 5185 3359 5232 est
3386 5176 3516 5230 mihi

1955 5282 2115 5323 curat.
2149 5267 2250 5321 Per
2276 5265 2458 5321 Jesum
2484 5306 2501 5332 ,
2531 5280 2632 5337 ego
2670 5281 2786 5321 eam
2828 5281 2933 5320 non
2974 5266 3229 5334 accipiam
3272 5264 3521 5334 amplius,

1956 5358 2061 5425 abi,
2092 5374 2210 5413 eam
2240 5359 2333 5411 tibi
2367 5357 2503 5412 habe
2532 5368 2585 5412 et
2614 5357 2727 5425 ejus
2770 5355 2942 5421 ﬁlios;
2972 5372 3069 5424 ego
3112 5356 3256 5410 enim
3308 5356 3520 5420 recedo,

1954 5453 2005 5499 et
2033 5443 2234 5498 efficior
2260 5442 2575 5495 monachus.
2621 5440 2755 5494 Cum
2790 5441 2917 5494 nulli
2967 5448 3143 5493 autem
3173 5436 3395 5493 dixisset
3424 5437 3522 5491 alio

1954 5532 2102 5603 quid,
2132 5532 2417 5601 pertransit
2446 5540 2567 5585 octo
2594 5530 2894 5586 mansiones
2912 5527 3051 5599 (66),
3080 5539 3133 5584 et
3162 5528 3275 5583 abit
3300 5528 3364 5582 ad
3396 5540 3520 5581 san-

1954 5633 2095 5676 ctum
2136 5622 2420 5675 Antonium
2442 5661 2455 5683 .
2485 5630 2539 5675 et
2575 5620 2748 5688 pulsat
2790 5619 3005 5672 ostium.
3058 5618 3311 5687 Egressus
3339 5624 3517 5669 autem

1954 5721 2164 5767 sanctus
2198 5712 2478 5778 Antonius,
2511 5726 2631 5767 eum
2650 5711 2939 5782 interrogat
2972 5726 2987 5763 :
3025 5706 3157 5775 Quid
3184 5706 3283 5763 vis?
3302 5706 3369 5761 Et
3387 5704 3518 5760 dicit
