4258 6358
718 431 861 487 1079

2180 421 2496 478 PALLAD"

3826 402 3976 459 {080

752 568 1125 624 Pauluszvolo
1153 567 1265 621 fieri
1291 566 1594 621 monachus.
1612 561 1913 630 ReSpondet
1932 562 1982 615 ei
2008 560 2292 614 Antonius:
2326 563 2375 620 Α
2401 573 2562 613 unum
2609 553 2904 618 madefecit,
2934 558 3083 607 erant
3110 550 3253 606 enim
3292 542 3454 612 sicci;
3488 546 3561 601 illi
3591 552 3765 599 autem
3810 551 3945 598 tres.

746 658 920 712 Senex
948 655 1318 723 sexagenarius
1363 667 1464 705 non
1510 658 1683 720 potest
1707 650 1789 701 liic
1821 649 1931 702 fieri
1960 649 2249 701 monachus
2275 664 2291 711 ;

746 745 839 799 sed
871 745 1043 814 potius
1072 746 1153 797 abi
1184 744 1237 795 in
1266 742 1437 794 vicum
1464 783 1476 805 ,
1508 751 1559 793 et
1606 753 1846 805 cperare,
1874 746 1928 791 et
1972 740 2129 789 vitam
2160 736 2294 803 dege

746 835 1061 902 operariam,
1090 832 1197 885 Deo
1218 844 1377 898 agens
1406 828 1619 896 gratias.
1652 827 1761 879 Non
1793 835 1939 894 potes
1963 826 2101 877 enim
2133 827 2296 876 susti-

749 939 876 977 nere
901 923 1213 975 afflictiones
1238 919 1554 973 solitudinis.
1591 917 1893 984 Respondet
1922 930 2103 977 senex,
2134 925 2185 966 et
2213 914 2294 965 di-

749 1013 821 1068 cit
852 1030 865 1064 :
898 1013 950 1066 Si
983 1014 1105 1079 quid
1137 1025 1219 1063 me
1247 1008 1508 1071 docueris,
1543 1006 1667 1061 illud
1714 1006 1922 1057 faciam.
1958 1006 2085 1056 Dicit
2116 1006 2161 1057 ei
2191 1005 2299 1055 An-

753 1097 1102 1152 toniuszbixi
1144 1098 1234 1151 tibi
1266 1107 1314 1149 te
1343 1110 1462 1149 esse
1503 1109 1712 1156 senem,
1747 1101 1800 1145 et
1847 1107 1948 1145 non
1990 1107 2140 1158 posse
2180 1104 2299 1145 esse

754 1188 1097 1249 monachum;
1134 1187 1240 1238 abi.
1270 1184 1324 1238 Si
1354 1184 1497 1237 enim
1529 1183 1606 1233 vis
1647 1195 1762 1233 esse
1794 1180 2100 1237 monachus.
2131 1179 2299 1247 ingre-

752 1278 878 1331 dere
902 1276 1198 1330 cmitobiuui
1227 1275 1310 1325 nlii
1343 1281 1462 1325 sunt
1498 1272 1795 1336 complures
1840 1270 2027 1321 fratres
2058 1272 2142 1337 qui
2173 1283 2298 1337 pos—

754 1372 876 1417 sunt
900 1372 1041 1416 tuam
1082 1363 1220 1414 ferre
1248 1360 1676 1414 imbecillitatem.
1727 1359 1839 1427 Ego
1878 1360 2017 1409 enim
2048 1359 2189 1411 solus
2217 1358 2303 1410 hic

758 1455 939 1517 sedeo,
988 1453 1214 1520 quinque
1246 1453 1444 1503 dierum
1474 1447 1642 1515 spatio
1692 1447 1965 1515 inlerjecto
1994 1447 2300 1511 comedens,

760 1547 917 1614 idque
964 1544 1221 1597 esuriens.
1276 1541 1366 1593 llis
1415 1554 1539 1606 ergo
1588 1539 1758 1590 verbis
1798 1538 2011 1589 Paulum
2043 1536 2301 1603 abigebat.

759 1637 1042 1704 Postquam
1075 1645 1245 1686 autem
1276 1646 1393 1684 eum
1427 1644 1526 1681 non
1559 1628 1789 1689 admisit,
1820 1630 1996 1680 clauso
2024 1626 2159 1678 ostio
2195 1629 2304 1677 An-

763 1729 935 1780 tonius
961 1726 1125 1778 tribus
1158 1723 1343 1775 diebus
1372 1721 1510 1773 foras
1551 1734 1655 1771 non
1683 1728 1762 1770 est
1802 1730 2063 1783 egressus,
2097 1724 2307 1782 propter

761 1817 954 1883 ἱρειιηι,
981 1828 1043 1867 ne
1074 1811 1283 1879 quidem
1309 1809 1372 1861 ad
1401 1808 1741 1861 necessitates
1772 1819 1913 1857 suas.
1938 1804 2108 1857 Senex
2131 1812 2306 1855 autem

762 1904 1043 1973 permansit
1075 1916 1176 1955 non
1207 1898 1478 1952 recedens.
1527 1896 1719 1961 Quarto
1750 1908 1874 1947 vero
1913 1893 1998 1946 die
2027 1907 2144 1946 cum
2176 1907 2299 1945 eum

763 2002 1029 2061 premeret
1076 1990 1383 2050 necessitas,
1406 1997 1588 2053 aperto
1625 1984 1760 2036 ostio
1803 1997 2044 2048 egressus
2097 1990 2197 2034 est.
2245 1981 2312 2034 Et

765 2095 885 2134 cum
918 2094 1101 2132 rursus
1133 2077 1350 2129 vidisset
1390 2073 1606 2127 Paulum
1631 2113 1645 2135 ,
1676 2071 1722 2124 ei
1751 2071 1876 2122 dicit
1900 2086 1915 2123 :
1941 2070 2035 2123 Abi
2066 2072 2205 2133 hinc,
2233 2084 2316 2122 se-

764 2184 888 2225 nex.
920 2166 1055 2232 Quid
1087 2166 1213 2218 mihi
1243 2179 1301 2217 es
1332 2161 1615 2215 molestus?
1644 2176 1744 2212 non
1780 2168 1931 2228 putes
1964 2160 2047 2211 hic
2078 2172 2315 2211 manere.

766 2258 899 2312 Dicit
924 2258 971 2308 ei
1003 2255 1197 2307 Paulus
1223 2271 1233 2305 :
1261 2251 1403 2305 Fieri
1450 2264 1552 2303 non
1593 2258 1763 2317 potest
1792 2258 1844 2301 ut
1876 2262 1972 2315 ego
2002 2248 2123 2300 alibi
2162 2262 2315 2315 quam

768 2347 853 2401 hic
898 2345 1113 2399 moriar.
1146 2342 1277 2398 Cum
1308 2340 1600 2410 aspexisset
1646 2347 1819 2392 autem
1852 2339 2130 2402 Antonius,
2158 2348 2211 2392 et
2243 2338 2319 2391 vi-

769 2437 933 2492 disset
956 2448 1073 2488 eum
1102 2448 1205 2486 non
1228 2432 1365 2485 ferre
1389 2445 1449 2484 ea
1475 2444 1590 2497 qua:
1615 2440 1737 2481 sunt
1763 2429 1827 2480 ad
1856 2430 2049 2480 victum
2073 2442 2321 2482 necessa-

770 2525 872 2589 ria,
902 2539 1005 2578 non
1050 2536 1259 2593 panem,
1292 2535 1395 2574 nou
1438 2533 1650 2588 aquam,
1682 2532 1783 2571 non
1830 2517 2028 2585 aliquid
2074 2518 2239 2584 aliud,
2269 2526 2324 2573 et

771 2614 878 2685 iam
909 2622 1153 2683 quartum
1184 2612 1322 2665 diem
1374 2623 1741 2679 perseverasse
1786 2607 2045 2678 jejunum,
2076 2609 2326 2677 cogitavit

779 2704 919 2773 apud
936 2718 993 2757 se
1014 2720 1025 2754 :
1046 2703 1121 2757 Ne
1142 2703 1276 2755 forte
1297 2700 1570 2763 moriatur,
1592 2708 1647 2752 ut
1664 2698 1752 2764 qui
1775 2711 1878 2750 non
1899 2699 1967 2751 sit
1986 2709 2226 2752 assuetus
2248 2700 2328 2766 je-

775 2794 985 2864 junare,
1010 2800 1066 2845 et
1089 2805 1258 2845 meam
1275 2790 1498 2843 maculet
1515 2788 1766 2842 animam.
1785 2786 1917 2841 Eum
1934 2801 2061 2855 ergo
2078 2786 2324 2841 admittit.

782 2883 930 2938 Tunc
971 2884 1019 2937 ei
1048 2881 1171 2937 dicit
1204 2882 1465 2935 Antonius
1490 2898 1504 2933 :
1526 2878 1683 2933 Potes
1720 2892 1841 2932 esse
1867 2877 2039 2932 salvus
2063 2879 2109 2930 si
2138 2877 2331 2931 habeas

776 2972 1160 3038 obedientiam,
1185 2981 1240 3024 et
1259 2968 1397 3038 quod
1423 2984 1453 3022 a
1480 2983 1564 3022 me
1589 2969 1819 3022 audieris
1844 2967 1941 3020 hoc
1969 2966 2174 3020 feceris.
2200 2966 2334 3019 Pau-

779 3068 863 3124 lus
905 3074 1080 3119 autem
1127 3062 1495 3131 respondens,
1542 3060 1673 3115 dixit
1704 3074 1721 3112 :
1750 3058 1959 3113 Faciam
2006 3070 2335 3126 quaecunque

780 3155 1024 3227 iusseris.
1059 3153 1345 3217 Talemque
1375 3151 1493 3203 vitae
1521 3162 1724 3216 aspera:
1752 3147 1968 3215 agenda:
1998 3144 2251 3199 rationem
2282 3154 2336 3199 et

2394 650 2658 702 Psalmum
2705 646 2883 714 psallit
2929 642 3187 697 Antonius
3234 655 3390 710 quem
3440 648 3689 699 noverat;
3728 645 3783 690 et
3822 652 3946 690 cuni

2392 751 2512 791 eum
2542 735 2825 788 duodet-ies
2849 734 3150 792 cecinisset,
3180 728 3465 783 duodecies
3486 728 3653 778 oravit
3681 735 3736 777 ut
3766 727 3815 777 in
3846 726 3951 776 hoc

2395 839 2598 891 quoque
2632 825 2844 875 Paulum
2873 821 3136 889 probaret.
3167 819 3337 872 Senex
3370 826 3543 869 autem
3574 816 3727 867 simul
3764 829 3951 881 preca-

2396 924 2480 966 tus
2507 922 2587 965 est
2613 914 2726 979 ipso
2766 925 2954 979 magno
3000 909 3230 963 Antonio
3275 909 3568 974 promptius
3598 915 3650 957 et
3696 903 3951 956 alacrius.

2398 1001 2620 1054 Malebat
2661 1001 2823 1065 enim,
2857 1008 2911 1050 ut
2959 998 3205 1059 arbitror,
3238 1009 3455 1060 pascere
3500 993 3756 1058 scorpios,
3787 1005 3953 1059 quam

2400 1107 2501 1144 una
2528 1092 2704 1143 vivere
2732 1104 2850 1142 cum
2879 1089 3137 1141 adultera.
3163 1087 3288 1138 Post
3316 1083 3601 1137 duodecim
3630 1093 3804 1135 autem
3832 1097 3956 1133 ora.

2402 1181 2592 1242 tione,
2619 1179 2780 1231 Paulo
2819 1178 2947 1229 dicit
2991 1191 3209 1241 magnus
3237 1174 3498 1227 Antonius
3530 1190 3540 1222 :
3569 1172 3723 1233 Sede,
3758 1172 3955 1239 inquit,

2401 1282 2452 1324 et
2480 1285 2544 1323 ne
2567 1269 2812 1323 comedas
2835 1283 2997 1333 usque
3021 1267 3088 1318 ad
3111 1280 3416 1333 vesperam;
3440 1265 3530 1317 sed
3552 1264 3721 1316 solum
3741 1262 3959 1315 attende

2402 1360 2707 1413 esculentis.
2752 1356 2882 1410 Cum
2929 1369 3106 1409 autem
3155 1356 3342 1409 fuisset
3390 1367 3629 1421 vespera,
3662 1365 3717 1406 et
3764 1352 3960 1404 Paulus

2404 1463 2509 1501 non
2561 1446 2898 1509 comedisset,
2942 1445 3075 1497 dixit
3118 1443 3169 1497 ei
3206 1443 3466 1496 Antonius
3492 1459 3503 1492 :
3530 1442 3731 1508 Surge,
3762 1458 3877 1506 ora,
3904 1450 3962 1495 et

2405 1537 2596 1590 dormi.
2631 1535 2723 1590 Ille
2752 1547 2924 1588 autem
2967 1548 3148 1587 mensa
3180 1533 3360 1585 relicta
3391 1534 3467 1583 sic
3498 1533 3639 1585 fecit.
3673 1531 3839 1584 Media
3868 1547 3963 1583 au-

2409 1635 2511 1678 tem
2541 1634 2693 1677 nocte
2721 1624 2970 1677 excitavit
3009 1638 3128 1675 eum
3167 1622 3232 1674 ad
3262 1621 3578 1686 orationem,
3608 1632 3656 1672 et
3702 1635 3867 1686 ustlue
3894 1620 3965 1673 ad

2410 1719 2593 1767 lioram
2625 1728 2815 1766 nonani
2843 1712 3088 1778 produxit
3109 1713 3396 1763 orationes.
3434 1710 3608 1761 Mensa
3638 1719 3815 1759 autem
3847 1724 3965 1760 rur-

2410 1819 2499 1856 sus
2540 1802 2775 1870 apposita
2820 1815 2935 1853 cum
2980 1810 3031 1853 et
3079 1814 3258 1851 rursus
3309 1798 3592 1849 cecinisset
3637 1806 3690 1848 et
3732 1806 3964 1857 orasset,

2342 1896 2384 1954 Β
2410 1908 2527 1945 sero
2565 1905 2787 1957 vespere
2830 1889 3081 1943 sederunt
3120 1887 3184 1939 ad
3227 1885 3635 1939 comedendum.
3668 1884 3794 1936 Cum
3837 1898 3968 1951 ergo

2410 1980 2726 2035 comedisset
2744 1993 2961 2047 magnus
2984 1978 3240 2030 Antonius
3264 1990 3423 2027 unum
3452 1985 3803 2042 paxamatem,
3823 1974 3968 2029 aliud

2412 2086 2516 2124 non
2565 2070 2751 2137 tetigit.
2784 2071 2956 2122 Senex
3000 2076 3172 2119 autem
3221 2066 3507 2119 comedens
3552 2064 3771 2128 tardius,
3796 2062 3973 2116 adhuc

2415 2161 2629 2215 tenebat
2656 2159 3006 2225 paxamidinm
3038 2158 3174 2225 quod
3205 2165 3436 2224 ceperat.
3465 2154 3816 2222 Exspectabat
3844 2169 3976 2223 ergo

2415 2250 2674 2304 Antonius
2696 2249 2862 2300 donec
2894 2248 3216 2314 perfecisset,
3245 2254 3297 2300 et
3327 2245 3450 2298 dicit
3481 2245 3529 2297 ei
3554 2259 3569 2298 :
3593 2242 3840 2308 Comede,
3876 2258 3964 2310 pa-

2419 2340 2638 2403 tercule,
2670 2339 2827 2392 etiam
2850 2354 3009 2390 unum
3034 2338 3175 2391 aliud
3201 2337 3576 2405 paxamidium.
3604 2336 3739 2390 Dicit
3762 2337 3808 2389 ei
3839 2336 3977 2389 Pau-

2420 2430 2502 2483 lus
2553 2444 2568 2481 :
2609 2429 2662 2482 Si
2720 2438 2775 2481 tu
2823 2428 3100 2491 comedas,
3152 2443 3249 2495 ego
3298 2441 3509 2495 quoque
3555 2427 3874 2488 comedam;
3925 2436 3981 2479 te

2421 2532 2594 2577 autem
2624 2536 2725 2576 non
2767 2520 3094 2584 comedente,
3118 2534 3214 2573 nec
3252 2534 3352 2589 ego
3396 2519 3687 2573 comedam.
3738 2517 3871 2570 οἰιςὶι
3928 2520 3981 2572 ei

2425 2614 2685 2667 Antonius
2722 2629 2736 2667 :
2802 2611 2930 2666 Mihi
3002 2612 3202 2668 sufﬁcit
3230 2652 3246 2677 ,
3332 2626 3449 2665 sum
3482 2612 3619 2663 enim
3663 2611 3983 2663 monachus.

2428 2703 2495 2755 Et
2523 2702 2643 2756 ille:
2670 2701 2733 2754 Et
2771 2699 2896 2754 milii
2936 2700 3166 2762 sufficit;
3199 2714 3317 2753 nam
3358 2712 3455 2767 ego
3482 2713 3687 2765 quoque
3714 2699 3833 2751 volo
3866 2698 3984 2750 ficri

2427 2792 2737 2845 monachus.
2781 2788 2961 2857 Surgit
2988 2805 3191 2850 rursus,
3223 2798 3276 2842 et
3320 2788 3443 2840 facit
3471 2787 3743 2841 duodecim
3782 2788 3986 2839 oratio-

2430 2894 2545 2943 nea,
2576 2889 2628 2931 et
2659 2879 2835 2946 Psallit
2862 2879 3137 2931 duodecim
3175 2879 3427 2946 psalmos.
3482 2876 3548 2930 Et
3576 2886 3694 2944 post
3716 2878 3988 2929 orationes

2434 2969 2588 3037 primi
2608 2970 2779 3021 somni
2804 2983 2985 3036 parum
3011 2968 3302 3031 dormiunt;
3329 2977 3383 3021 et
3406 2981 3588 3021 rursus
3609 2968 3994 3035 expergiscan-

2436 3068 2518 3111 tur
2545 3059 2607 3111 ad
2641 3059 2961 3125 psallendum
2993 3072 3022 3110 a
3051 3058 3217 3110 media
3247 3067 3398 3109 nocte
3435 3056 3499 3109 ad
3526 3055 3664 3109 diem
3694 3069 3879 3123 usque.

2508 3147 2707 3201 Deinde
2737 3146 2875 3200 misit
2900 3160 3017 3197 eum
3061 3144 3124 3197 ad
3154 3145 3445 3197 obeundam
3492 3143 3851 3204 solitudinem,
3905 3142 3992 3194 di-

781 3246 890 3300 illis
929 3243 1115 3299 diebus
1154 3243 1385 3307 suscepit
1427 3239 1715 3302 Antonius,
1748 3237 1955 3306 qualem
1986 3236 2194 3304 quando
2221 3245 2333 3288 erat
2360 3239 2405 3300 C
2436 3254 2562 3295 cens
2590 3241 2676 3294 ei:
2710 3239 2837 3293 Veni
2888 3239 2987 3291 huc
3020 3245 3134 3302 post
3172 3245 3279 3290 tres
3326 3236 3457 3289 dies.
3504 3234 3635 3288 Cum
3684 3236 3784 3287 hoc
3814 3241 3992 3286 autem

787 3335 840 3387 in
872 3330 1127 3401 principio
1151 3325 1463 3399 iuventutis.
1509 3325 1638 3394 Ejus
1676 3340 1802 3394 ergo
1841 3335 2071 3377 mentem
2113 3322 2340 3391 probans

785 3425 1065 3487 Antonius,
1098 3424 1145 3475 ei
1175 3420 1488 3484 dixit:Sta,
1513 3427 1567 3472 et
1609 3432 1705 3471 ora
1748 3420 1800 3470 in
1850 3416 1949 3469 hoc
1994 3415 2131 3479 loco,
2172 3415 2342 3467 donec

786 3512 1072 3582 ingrediar,
1094 3518 1150 3566 et
1194 3509 1408 3564 afferam
1458 3509 1549 3562 tibi
1595 3506 1734 3574 quod
1780 3506 2035 3574 opereris.
2070 3503 2341 3571 ingressus

787 3614 963 3659 autem
997 3603 1326 3671 speluncam,
1363 3616 1455 3669 per
1497 3600 1781 3654 fenestram
1824 3596 2195 3650 animadvertit
2220 3607 2343 3647 eum

790 3695 847 3751 in
875 3708 940 3749 eo
983 3694 1097 3747 loco
1127 3700 1290 3745 totam
1322 3688 1703 3744 hebdomadam
1736 3701 1951 3741 manere
1994 3682 2340 3748 immobilem,

790 3798 911 3838 cum
932 3788 998 3836 ab
1026 3789 1159 3835 testu
1183 3788 1493 3833 torreretur.
1522 3776 1777 3845 Egressus
1800 3783 1972 3827 autem
2002 3779 2120 3841 post
2146 3769 2344 3823 hebdo-

794 3872 1026 3938 nitidam,
1049 3887 1169 3925 cum
1200 3886 1263 3924 ex
1298 3870 1483 3938 palmis
1513 3881 1688 3921 ramos
1717 3862 2340 3927 madefecisset,eidicit:

794 3964 1007 4032 Accipe,
1034 3972 1086 4015 et
1110 3972 1331 4015 contexo
1372 3958 1551 4013 funem
1594 3966 1651 4010 ut
1678 3972 1763 4009 me
1790 3955 1955 4008 vides.
1994 3953 2149 4007 Texit
2178 3966 2341 4006 senex

795 4054 862 4108 ad
891 4056 1074 4107 horam
1101 4065 1267 4118 usque
1313 4062 1504 4102 nonam
1541 4048 1837 4117 quindecim
1875 4047 2022 4101 ulnas
2058 4059 2245 4111 magno
2272 4045 2347 4097 la-

798 4149 949 4203 bore.
1000 4149 1127 4200 Cum
1177 4157 1348 4198 autem
1395 4144 1611 4197 vidisset
1640 4141 1896 4197 Antonius
1944 4141 1993 4193 id
2038 4144 2173 4207 quod
2221 4153 2348 4193 con-

799 4248 1058 4301 texuerat,
1091 4238 1141 4290 id
1172 4236 1389 4289 minime
1431 4236 1480 4288 ei
1524 4234 1735 4301 placuit,
1765 4242 1819 4286 et
1868 4232 1966 4299 ipsi
2013 4230 2140 4283 dit-it
2170 4246 2183 4281 :
2215 4229 2349 4282 Male

803 4330 1157 4393 contexuisti,
1190 4338 1408 4390 retexe,
1452 4335 1505 4378 et
1553 4326 1724 4378 denuo
1773 4332 2026 4383 contexe;
2077 4334 2194 4371 cum
2243 4319 2349 4385 jam

801 4420 1028 4489 septimo
1051 4417 1368 4486 diejejuuus
1396 4421 1576 4481 ageret
1595 4451 1610 4473 .
1640 4412 1793 4479 idque
1824 4424 1940 4463 cum
1969 4416 2107 4460 esset
2136 4407 2350 4473 grandis

802 4518 976 4567 atate.
1026 4510 1249 4563 Tantum
1292 4512 1466 4557 autem
1512 4518 1630 4556 eum
1661 4501 1757 4553 hac
1784 4500 1851 4553 de
1880 4512 2034 4551 causa
2062 4496 2265 4562 aftlixit,
2298 4504 2353 4549 ut

2439 3328 2631 3385 factum
2660 3337 2818 3394 esset,
2871 3337 2923 3383 et
2949 3328 3158 3395 quidam
3210 3324 3398 3380 fratres
3442 3325 3505 3378 ad
3554 3340 3671 3380 eum
3701 3325 3995 3386 venissent,

2441 3421 2755 3475 observabat
2784 3418 2972 3472 Paulus
3005 3417 3283 3470 Antonium
3311 3415 3557 3484 quidnam
3586 3414 3743 3467 vellet
3770 3427 3889 3463 eum
3921 3409 3995 3462 fa-

2442 3527 2581 3566 cere.
2615 3512 2663 3565 ls
2704 3521 2877 3563 autem
2918 3508 3052 3561 dixit
3090 3507 3179 3561 ei:
3209 3506 3415 3559 Tacens
3443 3504 3677 3558 ministra
3711 3501 3995 3563 fratribus;

2444 3616 2616 3669 neque
2636 3599 2829 3668 aliquid
2856 3597 3148 3667 gustaveris
3175 3595 3339 3648 donec
3366 3594 3554 3646 fratres
3582 3592 3770 3644 fuerint
3798 3593 3895 3641 iter
3918 3590 3998 3641 in-

2443 3690 2629 3761 gressi.
2660 3689 2941 3756 Postquam
2963 3697 3136 3739 autem
3160 3685 3308 3738 tertia
3331 3685 3433 3749 jam
3460 3682 3672 3748 impleta
3697 3688 3838 3732 esset
3870 3677 3998 3729 heb-

2442 3782 2669 3836 domada
2695 3796 2759 3834 ex
2788 3793 2892 3848 quo
2932 3792 3035 3831 non
3059 3774 3361 3829 comederat
3391 3773 3601 3834 Paulus,
3635 3769 3826 3821 fratres
3873 3782 3997 3819 eum

2446 3870 2737 3939 rogabant:
2765 3867 2875 3933 Qua
2898 3865 2965 3919 de
2992 3879 3145 3918 causa
3175 3871 3316 3915 taces
3335 3862 3356 3913 ?
3378 3862 3613 3925 Cumque
3635 3857 3722 3910 ille
3749 3871 3852 3907 non
3884 3868 3997 3907 res-

2448 3960 2725 4031 ponderet,
2759 3955 2885 4009 dicit
2911 3957 2957 4008 ei
2986 3953 3245 4007 Antonius
3277 3968 3289 4003 :
3322 3950 3455 4016 Quid
3485 3947 3667 4001 taces?
3695 3944 4004 4010 colloquere

2448 4065 2569 4104 cum
2618 4046 2887 4101 fratribus.
2948 4043 3036 4097 Ille
3077 4056 3205 4095 vero
3252 4050 3332 4093 est
3375 4039 3679 4092 collocutus.
3726 4034 3857 4087 Cum
3910 4033 4007 4084 ali-

2450 4140 2658 4210 quando
2700 4139 2747 4191 ei
2778 4135 2961 4188 fuisset
3001 4132 3155 4185 allata
3190 4144 3315 4182 urna
3348 4127 3535 4190 mellis,
3565 4124 3694 4178 dixit
3736 4138 3781 4175 ei
3834 4125 4004 4175 Anto-

2452 4208 2569 4281 nius
2605 4244 2616 4279 :
2652 4226 2854 4293 Frange
2885 4237 2999 4285 vas,
3030 4229 3082 4274 et
3112 4220 3214 4271 mel
3244 4217 3559 4271 effundatur.
3593 4214 3678 4268 Sic
3721 4221 3894 4263 autem
3923 4208 4007 4261 fe-

2452 4319 2541 4371 cit.
2578 4316 2641 4369 Et
2678 4314 2725 4368 ei
2766 4326 2949 4368 rursus
2996 4311 3120 4363 dicit
3154 4325 3166 4360 :
3201 4308 3400 4373 Collige
3448 4317 3627 4357 rursus
3656 4302 3754 4353 mel
3784 4301 4005 4361 conclia,

2456 4424 2520 4459 ne
2574 4408 2756 4458 sordes
2823 4404 3023 4467 aliquas
3072 4400 3287 4452 inferas.
3345 4396 3409 4447 Et
3454 4406 3634 4445 rursus
3680 4392 3834 4456 jussit
3887 4403 4009 4441 eum

2462 4510 2647 4564 aquam
2687 4494 2898 4547 haurire
2926 4499 3034 4543 toto
3060 4489 3164 4543 die.
3206 4487 3271 4540 Et
3309 4499 3488 4537 rursus
3513 4497 3629 4535 cum
3658 4490 3855 4533 vestem
3897 4479 4009 4544 ejus

804 4615 948 4672 agre
969 4601 1143 4655 ferens
1164 4612 1329 4651 senex
1360 4596 1560 4664 fugeret
1588 4592 1890 4653 Antonium,
1914 4599 1967 4642 et
1991 4590 2150 4641 vitam
2178 4601 2351 4639 mona-
2388 4596 2433 4654 ι)
2462 4584 2809 4646 dissolvisset,
2836 4581 2993 4649 jussit
3012 4592 3285 4633 consuere.
3314 4575 3532 4627 Tantam
3558 4572 3784 4637 denique
3816 4570 3899 4621 liic
3934 4572 4012 4621 vir

806 4693 1047 4746 chorum.
1077 4689 1123 4742 ls
1152 4697 1324 4741 autem
1354 4685 1568 4739 eosdem
1597 4697 1769 4736 ramos
1796 4690 1848 4733 et
1891 4680 2145 4745 retexuit,
2177 4688 2229 4731 et
2258 4679 2357 4731 ite-

808 4798 925 4837 rum
948 4779 1217 4835 contexuit
1240 4793 1357 4831 cum
1382 4790 1569 4843 magno
1597 4774 1796 4836 labore,
1811 4770 1949 4839 quod
1966 4784 2030 4822 ex
2052 4777 2359 4823 contextura

809 4876 984 4946 prima
1014 4873 1235 4926 fuissent
1261 4868 1543 4935 corrugati.
1592 4865 1721 4919 Cum
1750 4878 1875 4929 ergo
1903 4862 2115 4915 vidisset
2145 4874 2362 4927 magnus

812 4963 1074 5017 Antonius
1099 4976 1217 5013 eum
1250 4972 1346 5011 nec
1368 4970 1741 5029 murmurasse,
1767 4968 1933 5022 neque
1957 4953 2187 5005 animum
2218 4950 2363 5016 ahje-

812 5054 974 5119 cisse,
1000 5066 1168 5117 neque
1192 5050 1391 5101 vultum
1411 5062 1560 5099 suum
1588 5046 1801 5098 omnino
1828 5044 2103 5106 avertisse,
2127 5051 2179 5095 ct
2195 5053 2363 5109 neque

814 5144 901 5197 vel
933 5142 1191 5195 tantillum
1214 5141 1595 5202 succensuisse,
1628 5144 1837 5205 propter
1864 5149 1981 5187 eum
2012 5143 2091 5187 eat
2115 5146 2366 5198 compun-

814 5243 950 5286 ctus.
978 5231 1043 5285 Et
1070 5230 1180 5283 sole
1209 5228 1477 5283 occidente
1502 5227 1551 5279 ei
1580 5225 1708 5279 dicit
1731 5241 1742 5273 :
1768 5222 2061 5287 Patercule,
2085 5221 2163 5272 vis
2186 5232 2365 5272 come-

820 5326 1006 5378 damus
1051 5322 1403 5389 fragmentum
1449 5317 1631 5385 panis?
1684 5314 1817 5368 Dicit
1842 5314 1890 5367 ei
1924 5310 2245 5365 Paulus:Ut
2274 5308 2367 5363 tibi

820 5414 1049 5477 videtur,
1082 5411 1236 5466 abba.
1261 5408 1371 5462 Hoc
1395 5422 1600 5475 quoque
1622 5419 1801 5458 rursus
1832 5403 2034 5456 inflexit
2062 5400 2367 5465 Antonium,

819 5502 962 5575 quod
998 5517 1103 5556 non
1143 5501 1209 5553 ad
1248 5500 1350 5553 cibi
1387 5498 1625 5553 nuntium
1666 5494 1901 5565 protinus
1942 5492 2250 5556 accurrerit,
2274 5490 2367 5543 sed

824 5595 877 5651 ei
902 5604 1216 5664 patestatem
1238 5589 1556 5659 permiserit.
1582 5587 1712 5641 Para
1736 5598 1883 5653 ergo,
1898 5583 2365 5649 inquit,mensam;

826 5694 882 5739 et
907 5682 1126 5739 obediit.
1176 5680 1299 5734 Fert
1339 5693 1501 5747 panes
1529 5674 1806 5739 Antonius,
1833 5680 1887 5727 et
1929 5671 2149 5738 imponit
2176 5680 2371 5721 mensa:

834 5784 1054 5841 quatuor
1098 5780 1435 5841 paxamates,
1473 5782 1562 5821 sex
1612 5764 1910 5827 uuciarum;
1943 5769 1995 5816 et
2023 5760 2121 5815 sibi
2164 5758 2370 5825 quidem

2465 4675 2692 4743 possedit
2733 4672 3107 4731 obedientiam,
3142 4676 3197 4721 ut
3224 4667 3271 4720 ei
3297 4666 3455 4718 etiam
3482 4664 3597 4713 data
3628 4660 3696 4712 sit
3722 4658 3887 4725 gratia
3930 4658 4013 4709 di-

2466 4765 2685 4825 vinitus,
2718 4776 2908 4828 nempe
2939 4771 2992 4813 ut
3017 4759 3229 4825 ejiceret
3258 4756 3544 4808 daemones.
3576 4751 3859 4817 Postquam
3887 4762 4017 4816 ergo

2465 4854 2594 4906 vidit
2635 4866 2814 4906 senem
2847 4863 3066 4917 magnus
3097 4846 3372 4908 Antonius,
3399 4849 3639 4910 prompte
3667 4853 3785 4891 eum
3809 4852 3929 4891 esse
3951 4838 4019 4891 ad

2469 4944 2643 4996 omnia
2685 4950 2918 4995 secutum
2955 4940 3006 4991 in
3036 4939 3153 4990 vita:
3184 4933 3491 4989 exercendae
3514 4932 3738 4993 ratione,
3768 4933 3814 4983 ei
3846 4929 3973 4982 dicit
4004 4946 4019 4983 :

2471 5034 2624 5097 Vide,
2651 5031 2832 5095 frater,
2860 5030 2904 5083 si
2935 5031 3011 5082 sic
3049 5029 3098 5080 in
3128 5026 3239 5080 dies
3262 5034 3430 5094 potes,
3458 5036 3611 5076 mane
3635 5034 3857 5073 mecum.
3888 5020 4023 5072 Dicit

2471 5127 2516 5178 ci
2549 5124 2741 5177 Paulus
2772 5139 2785 5174 :
2815 5124 2894 5175 An
2941 5118 3063 5188 quid
3093 5118 3219 5170 mihi
3260 5116 3429 5183 possis
3461 5112 3686 5180 amplius
3715 5109 4022 5171 ostendere,

2473 5212 2673 5266 nescio.
2705 5210 2835 5264 Nam
2859 5224 2917 5263 ea
2948 5223 3065 5276 qua:
3090 5207 3195 5260 vidi
3234 5220 3263 5257 a
3294 5213 3344 5258 te
3372 5203 3504 5267 ﬁeri,
3533 5217 3630 5270 ego
3657 5213 3865 5268 quoque
3892 5198 4024 5251 facio

2473 5304 2623 5358 facile
2648 5313 2701 5357 et
2722 5304 2851 5357 citra
2883 5300 3141 5362 laborem,
3166 5296 3275 5351 Deo
3303 5295 3428 5349 milii
3451 5308 3602 5360 Opem
3632 5292 3851 5344 ferente.
3878 5288 4027 5341 Tunc

2474 5396 2519 5448 ei
2551 5394 2677 5447 dicit
2713 5392 2972 5446 Antonius
2994 5391 3094 5444 alio
3118 5389 3240 5443 die:
3274 5386 3326 5438 lu
3358 5384 3568 5439 nomine
3597 5383 3743 5443 Jesu,
3768 5393 3897 5433 ecce
3920 5378 4025 5431 fac-

2477 5494 2561 5536 tus
2588 5498 2647 5536 es
2675 5483 2983 5536 monachus.
3003 5480 3132 5534 Cum
3157 5484 3329 5531 autem
3350 5474 3478 5527 satis
3504 5483 3761 5539 superque
3781 5481 4025 5534 cumper-

2478 5584 2586 5627 tum
2619 5573 2835 5627 haberet
2862 5573 2917 5625 in
2944 5569 3187 5624 omnibus
3209 5579 3428 5635 magnus
3454 5573 3505 5617 et
3530 5561 3715 5615 beatus
3742 5556 4024 5615 Antonius,

2478 5682 2595 5721 esse
2622 5664 2899 5719 admodum
2927 5662 3208 5730 perfeCtam
3234 5662 3459 5712 animam
3486 5651 3681 5707 Christi
3710 5661 3945 5707 servum,
3973 5654 4030 5699 ut

2480 5755 2568 5823 qui
2610 5763 2749 5810 esset
2787 5753 3065 5808 admodum
3114 5750 3367 5815 simplex;
3421 5754 3535 5811 post
3581 5749 3752 5809 certos
3796 5748 4029 5794 metis-el.
