4258 6358
282 416 415 485 1081
1501 416 1863 481 HISTORIA
1896 410 2275 481 LAUSIACA.
3396 427 3531 498 1082

277 529 478 601 αὑτῷδ
510 530 813 611 ’Λντώνιοω
848 529 942 583 καὶ
960 527 1129 597 λέγει·
1177 526 1341 585 Ὲτῶν
1368 528 1632 611 ἐξήκοντα
1684 527 1860 611 γέρων
1888 532 1937 589 Λ
1964 526 2183 611 ξόρεξιν
2229 530 2326 583 ἕνα
2373 529 2552 601 (ξηροὶ
2602 531 2712 604 γὰρ
2752 527 2936 605 ἦσαν)ν
2968 536 3158 607 λκείνφ
3213 538 3271 591 δὲ
3329 547 3477 611 τρεῖς
3511 561 3528 578 ⁸

274 614 568 685 ἄνθρωπος
621 607 723 666 ὧδε
781 613 1013 683 μοναχδς
1045 611 1293 676 γενέσθαι
1323 612 1385 664 οὐ
1426 610 1650 664 δύνασαι
1674 628 1688 641 ο
1721 610 1856 663 ἀλλά
1966 609 2147 679 βάλλει
2179 611 2394 682 ψαλμὸν
2444 615 2473 665 6
2514 615 2794 679 Ἀντώνιος
2835 618 2893 669 δν
2937 618 3072 688 ᾔδει,
3108 622 3201 674 καὶ
3231 607 3531 680 δωδέκατον

280 697 483 766 μᾶλλον
534 697 735 749 ἄπελθε
782 696 862 759 είς
912 695 1127 765 κώμην,
1160 696 1255 747 καὶ
1304 696 1559 767 ἐργάζου,
1582 696 1675 747 καὶ
1729 692 1854 763 ζῆθι
1963 690 2126 779 αὑτὸν
2156 696 2351 765 ψάλας,
2378 697 2679 751 δωδέκατον
2724 699 2947 767 ηὔξατο,
2980 704 3064 755 ἴνα
3112 706 3207 757 xal
3250 709 3307 759 ἐν
3354 712 3529 779 τούτῳ

275 783 573 851 ἐργατικὸν
605 782 720 849 βίον
746 782 1087 851 εὐχαριστῶν
1114 782 1191 849 τῷ
1221 781 1359 849 Θεῷ.
1401 781 1854 850 ’Υπομεῖναιγάρ
1960 775 2228 849 δοκιμάσῃ
2284 779 2374 831 τὸν
2414 780 2640 838 Παῦλον.
2694 783 2753 837 Ὀ
2806 784 2862 836 δέ
2901 787 3083 855 γέρων
3121 775 3526 861 προθυμότερον

275 866 342 917 σὺ
373 865 471 927 τὰς
496 865 701 933 θλίψεις
759 866 859 932 τῆς
899 864 1103 933 ἐρήμου
1133 864 1192 915 ού
1221 862 1466 917 δύνασαι.
1542 862 1850 932 ’Λποκρίνε-

271 958 365 999 ται
396 947 557 1001 πάλιν
581 949 610 1000 6
654 947 853 1017 γέρων,
892 948 983 998 καὶ
1013 946 1178 1012 λέγει’
1218 946 1283 998 Εῖ
1305 963 1355 999 τι
1391 946 1456 999 ἀν
1489 963 1555 1016 με
1610 944 1844 1014 διδάξῃς,

272 1032 455 1085 ἐκεῖνο
478 1034 715 1102 ποιήσω.
741 1032 903 1100 Λέγει
934 1030 1083 1099 αύτῷ
1116 1032 1144 1082 6
1194 1032 1496 1095 ’Λντώνιος·
1524 1030 1737 1100 Εῖρηκά
1766 1047 1848 1083 σοι

270 1116 356 1168 ὃτι
379 1116 560 1186 γέρων
594 1111 665 1178 εί,
692 1115 785 1170 καὶ
824 1115 886 1167 ού
936 1114 1162 1167 δύνασαι
1211 1117 1462 1185 μονάσαι.
1498 1112 1752 1167 Ἀπελθε.
1784 1114 1846 1167 El

269 1199 384 1268 ἄρα
448 1197 623 1261 θέλεις
667 1197 899 1268 μοναχὸς
955 1195 1129 1260 εἶναι,
1187 1197 1395 1251 εἴσελθε
1455 1200 1534 1261 είς
1585 1198 1847 1251 κοινόϐιον

270 1282 539 1335 πλειόνων
597 1280 862 1350 ἀδελφῶν,
893 1283 1091 1346 οἵτινες
1131 1281 1380 1335 δύνανταί
1412 1299 1506 1336 σου
1544 1285 1644 1353 τῆς
1690 1283 1847 1335 ἀσθε-

277 1364 424 1428 νείας
452 1365 760 1435 ἀνέχεσθαι.
810 1364 951 1433 Ἐγὼ
993 1366 1102 1434 γὰρ
1140 1364 1299 1435 μόνος
1349 1366 1596 1436 κάθημαι
1628 1360 1728 1418 ὦδε
1760 1366 1845 1417 διὰ

268 1448 434 1499 πέντε
466 1448 690 1518 ἡμερῶν
724 1446 941 1515 ἐσθίων,
972 1448 1067 1500 καὶ
1099 1448 1255 1501 τοῦτο
1281 1448 1585 1518 λιμώττων.
1623 1450 1842 1512 Τούτοις

266 1534 368 1586 καὶ
387 1536 495 1597 τοῖς
549 1533 813 1596 τοιούτοις
870 1536 1111 1602 ῥήμασιν
1154 1534 1414 1587 ἀπεσόϐει
1467 1535 1559 1586 τὸν
1609 1534 1835 1588 Παῦλον.

266 1617 384 1669 Καὶ
416 1618 492 1681 ὡς
523 1618 623 1670 οὐκ
657 1618 915 1692 ἠνέσχετο
961 1618 1149 1681 αὐτοῦ,
1190 1618 1411 1682 κλείσας
1464 1618 1562 1688 τὴν
1615 1619 1784 1691 θύραν
1812 1620 1839 1671 6

280 1698 567 1761 Ἀντώνιος
605 1700 704 1751 οῦκ
730 1698 951 1767 ἐξῆλθεν
986 1702 1077 1753 ἐπί
1126 1703 1341 1771 ἡμέρας
1374 1704 1520 1769 τρεῖς
1556 1700 1624 1753 δι’
1658 1702 1838 1765 αὑτὸν,

264 1779 391 1831 οὐδὲ
426 1783 562 1849 πρὸς
590 1780 687 1851 τὴν
721 1780 857 1833 ἰδίαν
879 1783 1087 1850 χρείαν.
1130 1784 1190 1835 '0
1220 1782 1277 1834 δὲ
1307 1783 1483 1853 γέρων
1530 1782 1841 1851 παρέμενεν

1964 862 2263 931 συνηύξατο
2300 861 2377 931 τῷ
2404 864 2642 934 μεγάλῳ.
2673 867 2885 937 ’ῌρεῖτο
2909 871 3035 938 γάρ,
3059 870 3132 930 ὡς
3159 868 3333 939 οἶμαι,
3364 892 3526 945 σκορ-

1960 946 2115 1009 πίους
2162 947 2360 1014 μᾶλλον
2437 951 2730 1018 ποιμᾶναι,
2784 950 2816 1018 ἢ
2876 953 3139 1022 μοιχαλίδι
3198 954 3521 1025 συξῆσαι....

1956 1027 2113 1080 Μετὰ
2148 1029 2203 1082 δέ
2238 1031 2331 1094 τάς
2376 1032 2581 1086 δώδεκα
2630 1035 2953 1105 προσευχάς,
2988 1033 3106 1089 εἷπε
3144 1038 3279 1107 πρὸς
3322 1042 3522 1096 αὐτόν’

1957 1109 2167 1195 Δεῦρο,
2197 1115 2465 1195 μετάλαϐε
2524 1116 2623 1185 τῆς
2676 1118 2903 1186 τροφῆς.
2977 1119 3065 1182 Ὠς
3128 1120 3184 1173 δὲ
3242 1124 3523 1195 παρέθηκε

1955 1189 2256 1258 τράπεζαν,
2284 1195 2378 1246 καὶ
2407 1194 2475 1248 τὰ
2502 1196 2663 1260 σιτία,
2697 1196 2952 1263 Κάθισον,
2996 1200 3150 1269 φησὶ,
3185 1202 3278 1253 καὶ
3416 1189 3521 1271 φά-

1954 1288 2055 1345 γῃς
2082 1276 2183 1340 ἓως
2221 1278 2480 1347 ἐσπέρας,
2537 1280 2671 1333 ἀλλά
2710 1282 2942 1351 πρόσεχε
3012 1284 3172 1351 μόνον
3221 1289 3333 1350 τοῖς
3386 1289 3522 1343 ἐδωο

1952 1356 2146 1445 δίμοις.
2186 1360 2454 1445 ςΕσπέρας
2506 1362 2562 1414 δέ
2591 1366 2907 1433 γενομένης,
2946 1368 3037 1418 καὶ
3069 1368 3161 1420 τοῦ
3194 1370 3405 1426 Παύλου
3442 1377 3517 1445 μή

1952 1437 2310 1509 βεϐρωκότος,
2340 1444 2484 1510 λέγει
2516 1446 2651 1514 πρὸς
2677 1446 2835 1498 αὐτὸν
2859 1448 2885 1499 6
2913 1447 3214 1514 Ἀντώνιοςο
3254 1437 3514 1520 ’Λναστάς

1950 1520 2120 1587 εὖξαι,
2155 1525 2247 1576 καὶ
2273 1525 2518 1579 κάθευδε.
2563 1527 2619 1579 '0
2654 1527 2709 1580 δέ
2746 1529 3056 1581 καταλιπὼν
3084 1529 3181 1599 τὴν
3212 1533 3511 1601 τράπεζαν,

1949 1605 2202 1674 ἐποίησεν
2232 1607 2513 1673 ὡσαύτως.
2542 1609 2897 1679 Μεσαζούσης
2926 1611 2981 1662 δ⁴ε
3011 1611 3108 1680 τῆς
3141 1613 3330 1674 νυκτὸς
3364 1616 3513 1683 ἐγει-

1951 1704 2032 1757 ρει
2062 1691 2223 1743 αὑτὸν
2263 1693 2341 1754 είς
2371 1693 2677 1762 προσευχὴν
2702 1694 2859 1762 ἄχρις
2900 1693 3124 1762 ἐννάτης
3147 1694 3292 1764 ὥρας
3314 1697 3511 1766 ἡμερι-

1948 1774 2043 1841 νῆς
2075 1777 2407 1845 παρατείνας
2460 1777 2560 1839 τὰς
2615 1776 2795 1844 εὐχάς.
2824 1776 3097 1845 Παραθεὶς
3136 1778 3191 1830 δέ
3234 1780 3511 1850 τράπεζαν

264 1863 365 1913 οὐχ
397 1862 715 1932 ἀναχωρῶν,
758 1864 835 1931 Τῇ
869 1860 961 1916 οὖν
1007 1865 1243 1936 τετάρτῃ
1283 1867 1469 1935 ἡμέρᾳ
1510 1864 1695 1935 χρείας
1739 1865 1837 1915 αὺ-
1874 1866 1913 1920 B
1945 1858 2101 1910 πάλιν
2131 1857 2380 1909 ἐκέλευσε
2416 1858 2754 1925 μεταλαϐεῖν,
2787 1859 3265 1929 καὶέκαθέσθησαν
3292 1863 3386 1916 τοῦ
3409 1881 3511 1932 φα-

262 1943 359 1997 τὸν
427 1944 843 2016 ἀναγκαζούσης
928 1947 1143 2011 ἀνοίξας
1235 1946 1478 2018 ἐξῆλθεν.
1536 1948 1647 2000 Καὶ
1715 1947 1840 2000 ίδὼν

264 2027 428 2080 αὑτὸν
478 2029 640 2082 πάλιν
695 2027 845 2096 λέγει
894 2030 971 2100 τῷ
1030 2030 1225 2099 Παύλῳ
1257 2046 1271 2061 ·
1332 2029 1570 2084 ’Λπελθε
1636 2029 1787 2083 ἐνθεν
1822 2070 1838 2095 ,

265 2111 449 2179 γέρον,
485 2111 539 2163 τί
600 2127 667 2176 με
729 2111 1093 2181 ὑποπιάζειςς
1127 2114 1187 2167 οὐ
1219 2112 1444 2167 δύνασαι
1497 2107 1600 2165 ὦδε
1635 2115 1835 2183 μεῖναι.

262 2194 428 2262 Λέγει
489 2199 641 2269 αὐτῷ
709 2204 737 2256 6
830 2199 1058 2261 Παῦλος.
1133 2197 1438 2267 ’Δμήχανόν
1495 2197 1611 2250 ἐστι
1679 2195 1839 2249 ἀλλα-

265 2276 366 2346 χοῦ
434 2296 503 2349 με
574 2282 863 2338 ἀποθανεῖν
924 2283 957 2353 ἢ
1007 2275 1130 2337 ὦδε.
1188 2278 1664 2350 Περιϐλεψάμενος
1744 2278 1838 2333 οῦν

262 2360 294 2411 6
360 2360 683 2433 ’Δντώνιος,
736 2368 832 2421 καὶ
890 2365 1014 2420 ἰδὼν
1077 2366 1158 2419 ὅτι
1202 2366 1271 2419 τά
1331 2365 1470 2435 πρὸς
1523 2364 1728 2435 τροφήν
1772 2365 1834 2418 ού

264 2443 551 2514 βαστάζει,
584 2450 683 2503 οὐκ
730 2451 915 2522 ἄρτον,
946 2449 1046 2520 οὐχ
1076 2447 1239 2518 ὕδωρ,
1265 2447 1362 2517 οὐχ
1402 2446 1588 2517 ἐτερόν
1632 2463 1706 2510 τι,
1740 2447 1837 2499 καὶ

262 2530 538 2600 τετάρτην
563 2531 677 2601 ἔχει
730 2536 1075 2606 καρτερήσας
1104 2535 1310 2601 νῆστις,
1338 2531 1621 2599 ἐλογίσατο
1657 2533 1686 2584 6
1738 2531 1835 2602 μέ-

261 2629 366 2679 γας
430 2614 730 2678 Ἀντώνιος,
765 2618 846 2669 ὅτι
883 2619 972 2687 Μή
1024 2631 1154 2669 ποτε
1187 2616 1279 2667 καὶ⁵
1324 2614 1571 2686 ἀποθάνῃ
1609 2615 1835 2685 ἄπειρος

259 2696 337 2750 ὢν
381 2697 476 2751 τοῦ
529 2702 831 2770 νηστεύειν,
868 2700 961 2753 καὶ
1011 2698 1288 2771 κηλιδώσῃ
1340 2716 1441 2770 μου
1488 2699 1586 2769 τὴν
1630 2698 1832 2769 ψυχήν.

260 2781 575 2851 Είσδέχεται
607 2780 699 2835 οὖν
729 2782 891 2836 αὑτὸν
926 2784 1068 2837 τότε.
1103 2782 1249 2850 Ἔφη
1283 2782 1416 2850 πρὸς
1441 2782 1603 2837 αὐτὸν
1641 2782 1835 2835 ’Δντώ-

257 2876 393 2925 νιος⁶
422 2864 563 2936 Δύνῃ
594 2864 853 2933 σωθῆναι,
884 2865 978 2917 ἐάν
1007 2864 1137 2936 ἔχῃς
1174 2864 1440 2935 ὑπακοὴν,
1468 2865 1559 2917 καὶ
1590 2866 1725 2933 ὅπερ
1768 2863 1834 2918 ἂν

256 2945 391 3014 παρ’
442 2945 578 3013 ἐμοῦ
621 2946 882 3017 ἀκούσῃς,
911 2945 1069 2998 τοῦτο
1117 2946 1386 3018 ποιήσῃς;
1420 2945 1476 2998 '0
1522 2945 1579 2999 δέ
1622 2946 1833 3008 Παῦλος

254 3025 603 3096 ἀποκριθεὶς,
635 3022 777 3079 εῐπεο
814 3029 999 3080 Πάντα
1046 3028 1259 3097 ποιήσω
1309 3029 1517 3097 ὅσαπερ
1552 3028 1617 3081 ἂν
1659 3045 1829 3098 προσ-

252 3108 446 3180 τάξῃς.
498 3110 607 3162 Kal
656 3110 911 3180 τοιαύτην
944 3109 1208 3163 ἀνέλαϐεν
1248 3111 1277 3162 6
1338 3108 1620 3171 Ἀντώνιος
1671 3110 1827 3162 πολι-

1947 1944 2063 2009 γεῖν
2090 1941 2328 2009 ἑσπέρας
2350 1939 2515 2011 οὔσης
2537 1941 2776 2011 βαθείας.
2802 1943 2993 2009 Φαγὼν
3016 1939 3150 1997 οὖνὸ
3176 1946 3349 2013 μέγας
3387 1946 3509 2000 ’Λν-

1939 2024 2131 2087 τώνιος
2159 2025 2249 2077 16v
2289 2026 2545 2094 παξαμᾶν
2579 2025 2665 2078 τὸν
2694 2024 2809 2091 ἕνα,
2832 2025 2991 2079 ἀλλου
3014 2026 3111 2097 οὐχ
3140 2028 3334 2098 ἡψατο.
3370 2028 3427 2081 ’0
3451 2030 3512 2083 δέ

1939 2108 2117 2177 γέρων
2141 2108 2513 2177 σχολαιότερον
2546 2109 2759 2174 ἐσθίων,
2791 2110 2869 2162 ἐτι
2889 2103 3032 2179 εἶχεν
3047 2110 3141 2163 τοῦ
3166 2110 3509 2180 παξαμαδίου

1937 2186 1998 2245 οὗ
2020 2188 2217 2261 ἡρξατο
2238 2208 2250 2223 ·
2272 2190 2547 2254 ἐξεδέξατο
2569 2186 2661 2245 οὖν
2682 2193 2712 2244 6
2746 2193 3048 2256 Ἀντώνιος,
3070 2193 3173 2256 ἐως
3191 2189 3254 2247 οῦ
3271 2195 3464 2267 τελέσῃ
3488 2210 3505 2227 ’

1937 2277 2032 2328 καὶ
2053 2274 2200 2342 λέγει
2226 2273 2373 2343 αὐτῷ
2393 2292 2406 2305 ο
2446 2274 2610 2341 Φάγε,
2636 2275 2879 2340 παππία,
2910 2276 3004 2328 καὶ
3040 2276 3198 2330 ἀλλον
3226 2278 3503 2349 παξαμᾶν.

1936 2359 2099 2425 Λέγει
2144 2356 2290 2427 αὐτῷ
2319 2358 2348 2409 6
2374 2357 2605 2420 Παῦλος·
2650 2358 2775 2411 Ἐάν
2811 2360 2877 2412 σὺ
2935 2358 3142 2431 ἐσθίῃς,
3175 2361 3329 2429 κάγώ
3359 2379 3373 2393 ·
3410 2362 3506 2417 σοῦ

1935 2444 1992 2498 δέ
2044 2443 2117 2513 μὴ
2171 2441 2462 2508 ἐσθίοντος,
2491 2443 2589 2495 οὐκ
2621 2442 2806 2497 ἐσθίω.
2838 2442 2999 2513 Λέγει
3029 2444 3178 2516 αύτῷ
3208 2447 3238 2499 6
3301 2446 3504 2500 ’Λντώ-

1936 2544 2065 2592 νιος·
2125 2528 2279 2597 Ἐμοὶ
2317 2530 2564 2598 ἐπαρκεῖ·
2595 2530 2825 2599 μοναχὸς
2867 2532 2976 2600 γάρ
3014 2532 3149 2601 ειμι.
3196 2533 3507 2604 ’Λποκρίνε-

1933 2630 2024 2666 ται
2065 2611 2141 2681 τῷ
2187 2612 2405 2680 μεγάλῳ
2435 2613 2464 2664 6
2507 2611 2739 2675 Παῦλος.
2776 2614 2961 2683 Ἀρκεῖ
3006 2613 3103 2665 καὶ
3157 2616 3301 2683 ἐμοί.
3333 2615 3503 2683 Κάγὼ

1933 2699 2041 2769 γάρ
2073 2696 2213 2750 θέλω
2256 2697 2487 2766 μοναχὸς
2520 2697 2794 2764 γενέσθαι.
2839 2698 3172 2768 Ἐγείρονται
3203 2698 3385 2763 πάλιν,
3410 2700 3504 2755 καὶ

1934 2782 2077 2833 ποιεῖ
2119 2779 2325 2833 δώδεκα
2379 2782 2706 2851 προσευχὰς,
2740 2781 2833 2834 κα¹ι
2891 2779 3096 2833 δώδεκα
3130 2780 3323 2849 ψάλλει
3367 2782 3505 2852 ψαλ-

1937 2864 2089 2935 μούς.
2125 2866 2235 2917 Καὶ
2280 2864 2417 2936 μετὰ
2448 2864 2546 2928 τάς
2596 2864 2903 2935 προσευχάς
2938 2865 3255 2917 καθεύδουσι
3306 2868 3504 2935 μικρὸν

1932 2948 2025 3001 τοῦ
2063 2948 2279 3016 πρώτου
2312 2948 2500 3000 ὑπνίου
2535 2962 2550 2977 ⁸
2589 2948 2682 3000 καὶ
2738 2947 2899 3001 πάλιν
2931 2946 3232 3018 ἐγείρονται
3280 2948 3503 3016 ψάλλειν

1938 3031 2044 3085 ἀπὸ
2078 3030 2427 3100 μεσονυκτίου
2458 3031 2560 3093 ἓως
2590 3029 2819 3100 ἡμέρας.

2000 3109 2131 3166 Εἶτα
2154 3113 2399 3181 ἔπεμπεν
2440 3112 2599 3165 αὑτὸν
2626 3116 2702 3175 είς
2731 3112 2829 3182 τὴν
2852 3111 3056 3182 ἔρημον
3083 3115 3386 3183 περιάγειν,
3412 3115 3501 3170 λέ-

252 3192 409 3245 τείαν
440 3190 863 3263 σκληραγωγίας
897 3193 957 3246 ἐν
1003 3194 1125 3256 ταῖς
1162 3190 1397 3263 ἡμέραις
1425 3193 1682 3255 ἐκείναις,
1710 3193 1827 3247 οἵαν
1853 3201 1899 3263 α
1930 3214 2040 3266 γων
2062 3197 2231 3265 αὐτῷ’
2260 3194 2415 3249 Μετά
2440 3197 2587 3266 τρεῖς
2616 3196 2827 3265 ἡμέρας
2873 3190 2975 3267 ⁴ἧκε
3013 3197 3263 3253 ἐνταῦθα.
3293 3198 3499 3255 Τούτου

252 3273 378 3327 οὕτε
391 3274 450 3326 ἐν
466 3275 664 3344 ἀρχαῖς
691 3277 790 3345 τῆς
820 3275 1092 3345 νεότητος.
1122 3271 1443 3343 Δοκιμάζων
1460 3273 1515 3326 δέ
1538 3274 1701 3327 αὑτοῦ
1727 3275 1827 3347 τὴν

252 3354 482 3426 γνώμην
514 3362 542 3410 6
592 3356 898 3422 Ἀντώνιος,
934 3357 1037 3428 εφη
1098 3357 1237 3427 πρὸς
1266 3358 1429 3411 αὐτόν
1466 3374 1481 3392 ο
1518 3358 1681 3428 Στῆθι
1731 3362 1827 3413 xal

252 3440 554 3507 πρόσευξαι
579 3442 637 3493 ἐν
677 3439 756 3509 τῷ
795 3441 947 3511 τόπῳ
989 3439 1184 3509 τούτῳ,
1216 3440 1321 3503 ἐως
1367 3440 1599 3506 ἐξελθὼν
1650 3443 1827 3508 ἐξενέ-

252 3539 376 3589 γκω
430 3538 514 3575 σοι
554 3522 735 3593 ἔργον,
779 3523 920 3593 ὅπερ
972 3522 1203 3594 ἐργάσῃ.
1269 3522 1380 3576 Kal
1419 3523 1676 3578 είσελθὼν
1745 3526 1825 3589 είς

250 3608 313 3658 τὸ
354 3606 622 3674 σπήλαιον
663 3610 951 3678 προσεῖχεν
1005 3606 1155 3675 αὐτῷ
1199 3605 1287 3659 διὰ
1339 3607 1553 3679 θυρίδος
1586 3611 1826 3680 ἀκινήτῳ

254 3688 471 3757 μένοντι
503 3690 559 3740 ἐν
584 3688 663 3754 τῷ
678 3689 831 3759 τόπῳ
857 3689 987 3759 ὃλην
1006 3689 1104 3760 τὴν
1137 3689 1405 3757 ἑϐδομάδα
1427 3691 1530 3743 ὑπὸ
1548 3692 1827 3761 καύματος

250 3773 601 3840 φρυγομένῳ.
676 3772 784 3823 Καὶ
844 3771 1039 3840 βρέξας
1095 3771 1323 3833 θαλλοὺς
1376 3774 1439 3824 ἐκ
1513 3774 1771 3841 φοινίκων
1806 3818 1819 3841 ,

250 3853 403 3920 λέγει
433 3853 597 3922 αὐτῷ·
631 3854 810 3921 Δέξαι,
842 3855 1033 3919 πλέξον
1084 3856 1291 3925 σειρὰν,
1324 3855 1395 3917 ὼς
1439 3856 1657 3925 βλέπεις
1698 3862 1819 3929 ἐμέ.

250 3938 449 3991 Πλέκει
500 3938 529 3989 6
561 3938 737 4006 γέρων
795 3938 956 4007 μέχρι
993 3939 1218 4009 ὲννάτης
1256 3941 1480 4008 ὀργυιᾶς
1529 3942 1823 3998 δεκαπέντε

251 4020 439 4090 μόχθῳ
486 4020 680 4088 πολλῷ.
722 4019 1071 4089 Θεασάμενος
1106 4021 1163 4073 δέ
1188 4023 1216 4074 6
1244 4022 1414 4091 μέγας
1449 4023 1729 4089 Ἀντώνιος
1762 4030 1822 4081 τὸ

250 4102 473 4171 πλέγμα
546 4102 961 4173 δυο-ηρεστήθηο
1027 4104 1121 4155 καὶ
1185 4104 1621 4174 ἐπιφερόμενος,
1677 4110 1821 4176 λέγει

248 4186 421 4254 αὐτῷ·
450 4185 523 4237 Οὐ
582 4184 761 4247 καλῶς
802 4184 1053 4250 έπλεξας,
1083 4186 1411 4249 ἀπόπλεξον,
1467 4190 1563 4242 καὶ
1616 4191 1821 4247 ἄνωθεν

249 4268 466 4333 πλέξον.
497 4268 669 4338 Νήστι
703 4269 852 4338 αὐτῷ
884 4268 995 4320 δντι
1025 4269 1291 4338 τετάρτην
1340 4271 1553 4341 ἡμέραν
1607 4274 1818 4344 ἄγοντι,

249 4353 346 4406 xal
366 4351 649 4421 ἡλικιώτῃ,
674 4351 929 4403 τοσοῦτον
948 4351 1096 4421 αὐτῷ
1110 4353 1383 4421 ἐπήνεγκε
1400 4356 1491 4407 τὸν
1515 4357 1700 4425 κόπον,
1733 4362 1818 4416 ἵνα

248 4436 585 4505 δυσφορήσας
610 4436 638 4488 6
655 4434 832 4505 γέρων
854 4434 1000 4506 φύγῃ
1022 4436 1113 4487 τὸν
1149 4435 1449 4505 Ἀντώνιον,
1481 4443 1574 4494 καὶ
1596 4443 1687 4496 τὸν
1702 4444 1816 4514 βίον

1930 3284 1985 3336 δέ
2010 3282 2300 3351 γενομένου
2326 3281 2417 3333 καὶ
2445 3280 2687 3345 ἀδελφῶν
2710 3296 2872 3333 τινων
2903 3280 3037 3351 πρὸς
3067 3281 3229 3334 αὑτὸν
3245 3281 3501 3351 ἐληλυθό-

1928 3384 2035 3420 των
2078 3367 2363 3433 προσεῖχεν
2392 3364 2421 3415 6
2456 3362 2665 3425 Παῦλος
2710 3362 2787 3434 τῷ
2839 3364 3130 3431 ’Δντωνίῳ,
3180 3364 3233 3416 τί
3281 3364 3497 3419 κελεύοι

1927 3448 2090 3503 αὑτὸν
2127 3445 2481 3516 ἐργάσασθαι.
2508 3444 2642 3499 Είπε
2666 3448 2722 3500 δέ
2753 3448 2888 3517 πρὸς
2920 3448 3082 3501 αὑτὸν
3107 3450 3136 3502 ό
3186 3448 3492 3515 Ἀντώνιος⁹

1930 3532 2149 3587 σιωπῶν
2175 3531 2493 3600 διακόνησον
2510 3534 2619 3593 τοῖς
2641 3531 2910 3600 ἀδελφοῖς,
2935 3532 3029 3583 καὶ
3058 3531 3283 3602 μηδενὸς
3310 3533 3487 3607 γεύσῃ

1927 3618 2083 3686 ἄχρις
2118 3615 2182 3667 ἂν
2204 3617 2253 3667 οί
2276 3614 2491 3682 ἀδελφοὶ
2529 3614 2850 3668 όδεύσωσιν,
2893 3615 2982 3674 Ὠς
3011 3615 3069 3667 δὲ
3102 3615 3288 3668 λοιπὸν
3326 3617 3484 3687 τρίτη

1928 3699 2162 3769 ἐϐδομὰς
2216 3699 2506 3769 ἐπληρώθη
2538 3698 2633 3768 ιμὴ
2666 3697 3002 3768 βεϐρωκότος
3040 3700 3132 3753 τοῦ
3166 3701 3399 3767 Παύλου,
3435 3704 3485 3754 al

1925 3782 2142 3849 ἀδελφοὶ
2170 3782 2395 3851 ἠρώτων
2419 3781 2599 3843 αὐτὸν,
2629 3781 2782 3844 Τίνος
2809 3782 2993 3833 ἐνεκεν
3024 3784 3232 3854 σιωπᾷς
3259 3800 3273 3849 ;
3298 3784 3404 3837 Τοῦ
3426 3786 3483 3839 δὲ

1928 3864 2002 3934 μὴ
2042 3864 2470 3932 ἀποκρινομένου
2514 3864 2659 3931 λέγει
2716 3864 2848 3932 πρὸς
2899 3865 3061 3918 αὑτὸν
3110 3866 3138 3916 6
3187 3867 3487 3931 Ἀντώνιος·

1925 3949 1989 4000 Τί
2015 3949 2256 4018 σιωπᾷςς
2286 3947 2542 4017 ὀμίλησον
2576 3952 2685 4010 τοῖς
2712 3949 2977 4018 ἀδελφοῖς.
3025 3950 3084 4003 '0
3108 3950 3163 4002 δὲ
3191 3951 3485 4021 ὡμίλησεν.

1928 4032 2146 4083 Ἀλλοτε
2195 4030 2249 4083 δὲ
2286 4033 2521 4099 στάμνου
2551 4032 2763 4100 μέλιτος
2787 4034 2933 4103 αὐτῷ
2966 4035 3293 4103 ἐνεχθέντος,
3329 4032 3485 4089 εἶπεν

1935 4114 2213 4175 Ἀντώνιος
2245 4117 2378 4183 πρὸς
2430 4115 2609 4166 αὐτόν·
2640 4115 2851 4169 Κλᾶσον
2882 4116 2942 4168 16
2985 4119 3225 4184 ἀγγεῖον,
3261 4118 3353 4170 καὶ
3393 4120 3488 4172 ἐκ·

1923 4200 2137 4270 χυθήτω
2175 4199 2233 4250 16
2268 4198 2409 4267 μέλι.
2443 4197 2695 4268 Ἐποίησε
2727 4199 2782 4251 δέ
2819 4198 2990 4253 οὕτω*
3022 4204 3115 4256 καὶ
3149 4206 3483 4276 λέγειαύτῷ·

1923 4282 2153 4343 Σύναξον
2185 4281 2343 4333 πάλιν
2368 4280 2427 4331 16
2453 4281 2592 4349 μέλι.
2635 4279 2885 4350 Ἐποίησε
2906 4284 2963 4336 δέ
2990 4284 3131 4338 οὕτω
3156 4302 3171 4316 ο
3205 4290 3297 4340 καὶ
3338 4289 3485 4357 λέγει

1921 4365 2089 4434 αὐτῷ·
2109 4364 2336 4427 Σύναξον
2366 4362 2527 4415 πάλιν
2552 4363 2610 4414 τὸ
2632 4365 2752 4433 μέλι
2785 4368 2998 4437 μυακίῳ
3039 4369 3265 4435 ἀνωθεν,
3297 4371 3381 4424 ἵνα
3408 4373 3485 4445 μὴ

1924 4448 2195 4517 ῥυπαρίαν
2238 4447 2356 4499 τινὰ
2408 4445 2743 4517 εἰσενέγκῃς.
2775 4450 2886 4502 Kal
2916 4451 3077 4504 πάλιν
3099 4453 3308 4508 ἀντλεῖν
3338 4455 3485 4526 ὕδωρ

246 4517 360 4603 τών
388 4516 819 4603 μοναχῶν.-’(λδέ
832 4520 928 4603 καὶ
953 4516 1278 4603 ἀπέπλεξεν,
1297 4524 1390 4574 καὶ
1409 4523 1572 4576 πάλιν
1592 4524 1814 4593 ἐπλεξεν
1847 4537 1893 4596 ι)
1921 4531 2218 4601 προσέταξε
2272 4530 2450 4582 πᾶσαν
2495 4516 2727 4599 ἡμέραν.
2786 4534 2894 4584 Kal
2952 4536 3269 4603 παραλύσας
3319 4516 3483 4593 αὑτοῦ

249 4602 378 4663 τοὺς
417 4600 615 4661 αὐτοὺς
667 4598 896 4662 θαλλοὺς
950 4601 1092 4654 πάνυ
1130 4601 1587 4675 δυσχερεστέρους
1631 4608 1718 4663 διὰ
1757 4615 1819 4666 τὸ

247 4680 389 4739 εἶναι
419 4683 619 4745 αὐτοὺς
653 4684 717 4735 ἐκ
742 4682 839 4752 τῆς
870 4683 1092 4754 πρώτης
1124 4686 1332 4757 πλοκῆς
1364 4689 1817 4762 ἐρυσιδωμένους.

245 4766 593 4834 Θεασάμενος
635 4763 730 4818 οῦν
788 4767 816 4818 6
875 4766 1046 4835 μέγας
1118 4767 1441 4837 Ἀντώνιος,
1492 4773 1573 4826 ὅτι
1615 4774 1738 4830 οὔτε
1792 4781 1819 4831 6

247 4850 427 4920 γέρων
475 4846 762 4916 ἐγόγγυσε,
822 4845 947 4900 οὕτε
1007 4849 1480 4923 ἐμικροψύχησεν,
1533 4856 1655 4912 οὔτε
1715 4862 1818 4915 κᾶν

248 4934 391 5003 πρὸς
426 4930 598 5000 βραχὺ
647 4930 1050 4999 ἡγανάκτησεν,
1100 4934 1209 4987 οὐδ’
1250 4936 1386 5000 ὅλως
1424 4940 1484 4993 τὸ
1529 4944 1816 5012 πρόσωπον

246 5014 414 5069 αὑτοῦ
445 5013 774 5084 διέστρεψεν,
800 5016 1071 5087 κατενύγη
1108 5018 1193 5070 ἐπ’
1225 5020 1391 5091 αὐτῷ.
1426 5024 1536 5077 Καὶ
1571 5026 1816 5095 δύνοντος

246 5098 343 5153 τοῦ
376 5098 547 5169 ἡλίου,
581 5099 729 5166 λέγει
771 5099 918 5169 αὐτῷ
943 5103 969 5153 6
1024 5103 1322 5169 Ἀντώνιος·
1350 5109 1600 5177 Παππία,
1642 5114 1817 5181 θέλεις

250 5183 515 5253 φάγωμεν
564 5182 731 5251 ἄρτου
781 5182 1032 5253 κλάσμα;
1079 5186 1239 5255 Λέγει
1295 5191 1441 5261 αὐτῷ
1473 5196 1500 5243 ό
1562 5196 1767 5261 Παῦλος
1798 5216 1813 5230 ο

258 5265 349 5329 Ὠς
398 5266 546 5319 δοκεῖ
593 5283 691 5325 σοι,
740 5267 902 5322 άϐϐᾶ.
930 5270 1038 5323 Kal
1088 5272 1245 5324 τοῦτο
1290 5275 1450 5327 πάλιν
1499 5280 1589 5331 ἐπὶ
1636 5282 1816 5336 πλεῖον

252 5347 467 5436 ἔκαμψε
508 5348 599 5436 16v
654 5350 958 5436 Ἄντώνιον,
992 5356 1053 5407 16
1088 5355 1161 5426 μὴ
1194 5360 1559 5431 προσδραμεῖν
1613 5367 1815 5436 προθύ-

254 5448 382 5519 μως.
404 5435 473 5519 τῇ
501 5432 600 5519 τῆς
636 5434 843 5505 τροφῆς
878 5437 1128 5508 ἀγγελίᾳ,
1158 5439 1274 5493 ἀλλ’
1324 5444 1471 5516 αὐτῷ
1528 5432 1815 5519 ἐπιτρέψαι

252 5518 348 5607 τῂν
370 5516 636 5607 ἐξομσίαν.
662 5520 901 5607 Θὲςοῦν,
927 5525 1089 5592 φησὶν
1112 5526 1139 5577 6
1174 5525 1452 5594 ’Λντώνιος
1478 5532 1553 5603 τῷ
1574 5516 1813 5607 γέροντι,

253 5600 348 5685 τήν
376 5599 675 5685 τράπεζαν·
707 5606 801 5685 καὶ
835 5604 1167 5677 ὑπήκουσεν.
1207 5610 1366 5682 Φέρει
1394 5599 1597 5685 ἀρτουξ
1694 5599 1817 5676 ‘Av;

245 5679 584 5767 τώνιος,καὶ
615 5684 891 5757 ἐπιτίθησι
930 5690 996 5759 τῇ
1037 5679 1642 5767 τραπέζῃ-παξαμάτας
1689 5707 1814 5758 τέσ-

252 5777 425 5833 σαρας
455 5766 675 5838 ἔχοντας
695 5771 770 5834 ὡς
804 5772 910 5827 ἀπὸ
936 5772 995 5839 ἐξ
1027 5775 1282 5845 ούγκιῶν.
1319 5782 1427 5839 Kal
1468 5766 1655 5857 ἐαυτῷ
1718 5792 1813 5861 μὲν

1919 4613 1979 4665 τὸ
2006 4614 2220 4681 ἱμάτιον
2264 4612 2515 4665 ἐκέλευσε
2548 4616 2796 4683 ῥάπτειν,
2830 4619 2923 4669 καὶ
2966 4618 3127 4672 πάλιν
3153 4621 3359 4684 ἐκεῖνος
3390 4624 3484 4695 lp-

1921 4696 2113 4766 ραπτεν.
2169 4695 2277 4746 Kal
2324 4697 2587 4765 τοσαύτην
2643 4700 2670 4749 6
2712 4698 2848 4768 ἀνὴρ
2892 4703 3159 4770 ἐκτήσατο
3214 4706 3480 4776 ὑπακοὴν,

1917 4779 2056 4832 ὥστε
2090 4780 2186 4832 καὶ
2217 4780 2377 4851 χάριν
2402 4780 2550 4850 αύτῷ
2578 4781 2819 4836 δεδόσθαι
2858 4783 3062 4839 θειόθεν
3082 4788 3179 4857 τὴν
3199 4789 3339 4842 κατὰ
3370 4792 3482 4846 τῶν

1916 4866 2184 4935 δαιμόνων
2225 4864 2463 4918 ἐλασίαν.
2512 4866 2597 4928 Ὠς
2625 4862 2715 4918 οὖν
2764 4865 2837 4919 ῐδε
2865 4868 2955 4922 τὸν
2993 4870 3223 4935 γέροντα
3254 4874 3281 4923 6
3309 4874 3483 4942 μέγας

1930 4947 2214 5012 ’Λντώνιος
2250 4950 2327 5011 εἰς
2370 4949 2548 5001 πάντα
2593 4951 2886 5021 προθύμως
2932 4953 3079 5023 αύτῷ
3108 4955 3481 5028 ἐπακολουθή-

1919 5049 2088 5087 σαντα
2124 5034 2205 5094 είς
2253 5032 2349 5101 τὴν
2396 5033 2495 5101 τῆς
2530 5033 2811 5104 ἀσκήσεως
2847 5030 3119 5090 πολιτείαν
3150 5055 3165 5070 ·
3203 5040 3364 5094 πάλιν
3392 5042 3480 5096 λέ-

1916 5136 2002 5187 γει
2067 5117 2232 5188 αύτῷ·
2268 5116 2635 5186 Ἰδε,άδελφὲ,
2682 5119 2775 5172 ἐὰν
2823 5121 3044 5175 δύνασαι
3103 5125 3221 5176 καθ’
3268 5128 3481 5198 ἡμέραν

1918 5203 2109 5266 οὕτως,
2150 5204 2331 5269 μεῖνον
2384 5202 2501 5271 μετ’
2550 5203 2705 5273 ἐμοῦ.
2740 5205 2901 5272 Λέγει
2951 5206 3096 5276 αὐτῷ
3145 5209 3173 5261 ὁ
3223 5209 3429 5276 Παῦλος
3458 5232 3474 5248 .

1931 5291 2055 5343 Ἐάν
2114 5290 2209 5358 μέν
2244 5289 2404 5342 πλέον
2433 5289 2485 5342 τί
2530 5308 2657 5343 ποτε
2688 5291 2815 5363 ἔχῃς
2848 5310 2935 5363 μοι
2970 5294 3158 5359 δεῖξαι,
3191 5300 3291 5352 οὐκ
3337 5296 3475 5367 οῖδα,

1917 5375 2040 5428 ἐπεὶ
2067 5375 2236 5428 ταῦτα
2256 5373 2291 5427 ἃ
2321 5370 2457 5427 εἶδον
2491 5376 2746 5429 ποιοῦντά
2778 5393 2857 5439 σε,
2884 5378 3021 5430 ποιῶ
3041 5380 3195 5448 κάγὼ
3216 5384 3476 5455 εὐχερῶς.

1918 5461 2050 5513 Τότε
2076 5458 2218 5526 λέγει
2249 5458 2395 5528 αὐτῷ
2424 5460 2451 5512 6
2489 5458 2769 5522 ’Λντώνιος
2798 5461 2893 5529 τήν
2918 5462 3083 5533 ἀλλην
3112 5466 3344 5537 ἡμέραν.
3390 5470 3479 5525 Ἐν

1916 5544 2139 5613 ὀνόματι
2170 5541 2268 5626 τοῦ
2298 5544 2524 5613 Κυρίου,
2561 5545 2667 5600 ἰδοὺ
2712 5546 2938 5615 γέγονας
2980 5553 3227 5620 μοναχός.
3266 5554 3479 5626 Πληρο,

1917 5627 2171 5695 φορηθεὶς
2210 5621 2305 5679 οὖν
2342 5630 2462 5681 καθ’
2510 5630 2811 5701 ὑπερϐολὴν
2859 5636 2915 5685 ἐν
2970 5636 3133 5690 πᾶσιν
3185 5637 3264 5700 είς
3314 5621 3479 5693 αύτδν

1916 5714 1951 5763 6
1977 5711 2241 5778 μακάριος
2280 5713 2373 5764 καὶ
2427 5713 2599 5784 μέγας
2650 5714 2952 5781 Ἀντώνιος,
2984 5720 3067 5772 ὅτι
3111 5719 3315 5785 τέλειός
3360 5724 3475 5778 ἐστι

1919 5796 2055 5850 πάνυ
2084 5793 2261 5865 ψυχῆς
2282 5798 2310 5850 6
2339 5797 2431 5851 τοῦ
2458 5798 2691 5868 Χριστοῦ
2709 5799 2890 5864 δοῦλος
2920 5801 3127 5868 Παῦλος
3148 5805 3175 5858 6
3204 5807 3477 5873 ἀπλαστες
