4258 6358
774 370 910 442 1083

2221 389 2570 452 PALLADII

3882 389 4022 453 1084

771 489 892 542 λίαν
925 488 1125 552 ἁπλοῦς
1178 490 1272 554 ὦν.
1301 493 1438 561 μετὰ
1475 496 1647 565 μῆνας
1680 499 1875 567 ρητοὺς
1928 499 2029 567 τῆς
2078 500 2171 554 τοῦ
2204 499 2340 552 Θεοῦ
2372 507 2412 560 Λ
2444 503 2537 554 καὶ
2561 501 2662 553 ποῦ
2688 503 2907 555 ἀπέλθω
2929 504 3027 556 οὑκ
3064 500 3201 560 οἶδα.
3255 504 3364 559 Καὶ
3404 501 3745 571 παραχρῆμα
3788 500 4017 567 ἐξῆλθεν

772 576 995 645 χάριτος
1050 579 1415 647 συνεργούσης
1454 581 1720 651 Ἀντωνίῳ
1764 585 1841 653 τῷ
1889 586 2144 655 μακαρίῳ
2199 589 2342 639 ποιεῖ

770 664 923 731 αὐτῷ
954 664 1147 715 κέλλαν
1172 665 1355 717 λοιπὸν
1385 667 1459 729 ὡς
1482 668 1589 721 ἀπὺ
1622 672 1862 739 σημείων
1881 673 2047 740 τριῶν
2082 674 2114 741 ἢ
2150 673 2343 726 τεσσὰ-

776 768 887 823 ρων
910 753 1006 821 τῆς
1032 752 1223 806 ἑαυτοῦ
1274 754 1488 824 κέλλης,
1516 755 1624 807 Kal
1673 756 1819 823 λέγει
1850 759 2016 827 αὐτῷ·
2064 759 2215 821 Ἰδοὺ,
2243 762 2341 829 τῆς

774 839 1053 907 δυνάμεως
1084 841 1177 891 τοῦ
1206 842 1441 909 Χριστοῦ
1467 843 1833 911 συνεργούσης
1863 862 1943 897 σοι
1977 849 2202 913 γέγονας
2246 865 2342 915 μο-

775 926 953 994 ναχός.
985 926 1126 978 Μένε
1158 927 1277 978 κατ’
1310 928 1445 980 ἰδίαν
1467 929 1675 990 λοιπον,
1712 930 1797 981 ἴνα
1833 934 1926 983 καὶ
1953 935 2143 1001 πεῖραν
2174 934 2341 1003 λάϐῃς

775 1010 1066 1080 δαιμόνων.
1089 1014 1327 1083 Οἰκήσας
1352 1010 1444 1066 οὖν
1467 1014 1586 1067 καθ’
1620 1016 1813 1069 ἐαυτὸν
1842 1018 2052 1081 Παῦλος
2076 1020 2105 1071 6
2139 1020 2341 1081 ἁπλοῦς

778 1096 896 1159 ετος
930 1097 1007 1159 ἐν,
1029 1100 1361 1167 χαρίσματος
1394 1100 1595 1170 ήξιὼθη
1619 1104 1758 1155 κατά
1778 1104 2043 1174 δαιμόνων
2066 1108 2158 1159 καὶ
2186 1123 2344 1175 νοση-

782 1183 965 1251 μάτων
990 1184 1359 1250 παντοδαπῶν,
1394 1188 1741 1255 κατορθώσας
1771 1192 1850 1252 είς
1897 1191 2065 1260 ἄκρον
2100 1192 2196 1262 τὴν
2244 1193 2343 1261 τῆς

778 1275 1063 1341 ἀσκήσεως
1083 1275 1303 1342 ἀρετήν.

852 1361 965 1429 Μιᾷ
985 1361 1163 1412 τοίνυν
1189 1362 1297 1412 τῶν
1330 1362 1551 1431 ήμερῶν
1587 1364 1708 1415 καθ’
1754 1364 2057 1437 ὑπερϐολὴν
2103 1365 2342 1419 δεινοτά-

780 1464 889 1508 τως
912 1449 1200 1515 δαιμονιῶν
1233 1449 1375 1517 ἤχθη
1414 1452 1696 1513 νεανίσκος
1732 1454 1998 1524 ’Λντωνίῳ
2044 1455 2121 1523 τῷ
2163 1472 2343 1523 μακα-

786 1538 884 1606 ρίῳ
913 1538 1137 1606 ἀρχικὸν
1164 1537 1302 1605 ἔχων
1346 1538 1722 1607 χαλεπώτατον
1744 1542 1992 1611 δαίμονα,
2017 1543 2075 1605 ὃς
2103 1546 2193 1595 καὶ
2242 1543 2341 1595 αὑ-

782 1622 871 1673 τὸν
923 1622 1012 1673 τὸν
1071 1624 1295 1690 οὐρανὸν
1345 1624 1662 1693 ἐδυσφήμει.
1724 1627 2119 1696 Προσεσχηκὼς
2179 1627 2271 1679 οὗν
2317 1630 2344 1679 6

785 1712 957 1778 μέγας
1009 1709 1287 1774 ’Λντώνιος
1341 1710 1416 1779 τῷ
1460 1712 1746 1780 νεανίσκῳ,
1784 1712 2090 1780 λέγειιτοῖς
2120 1716 2344 1781 ἄγουσιν

782 1797 965 1848 αὑτόν·
997 1797 1111 1847 Οὑκ
1160 1796 1275 1847 ἐστι
1331 1797 1485 1848 τοῦτο
1530 1798 1658 1866 ἐμὸν
1704 1799 1763 1850 16
1824 1799 2002 1869 ἔργον.
2035 1803 2189 1855 Κατὰ
2236 1806 2345 1875 γάρ
2380 1824 2420 1879 Β

784 1881 975 1960 τούτομ
1021 1883 1114 1935 τοῦ
1152 1886 1427 1950 τάγματος
1483 1884 1590 1936 τῶν
1653 1886 1924 1954 δαιμόνων
1980 1887 2076 1939 τοῦ
2121 1890 2347 1959 ἀρχικοῦ

785 1968 939 2022 οὑπω
961 1970 1195 2039 ἠξιώθην
1241 1972 1596 2041 χαρίσματος,
1632 1975 1767 2027 ἀλλά
1798 1976 1955 2027 τοῦτό
2007 1978 2122 2029 ἐστι
2157 1978 2216 2030 16
2249 1979 2348 2046 χά-

790 2074 961 2127 ρισμα
993 2057 1205 2110 Παύλου
1234 2058 1325 2110 τοῦ
1346 2060 1541 2113 ἁπλοῦ.
1606 2061 1877 2115 Ἀπελθὼν
1913 2063 2005 2115 οῦν
2032 2065 2058 2115 6
2086 2065 2353 2134 μακάριος

802 2144 1083 2207 ’Λντώνιος
1130 2146 1265 2216 πρὸς
1306 2146 1396 2198 τὸν
1429 2146 1649 2213 δόκιμον
1682 2148 1890 2200 Παῦλον
1923 2151 2209 2219 ἀπήγαγεν
2258 2153 2353 2203 καὶ

788 2231 1006 2295 αὐτοὺς,
1043 2232 1135 2283 καὶ
1164 2232 1308 2297 λέγει
1351 2232 1517 2302 αὑτῷ·
1569 2233 1740 2285 ’Λϐϐἄ
1769 2234 1971 2297 Παῦλε,
2024 2235 2221 2288 ἐκϐαλε
2261 2236 2351 2289 τὸν

788 2318 1015 2386 δαίμονα
1066 2318 1252 2370 τοῦτον
1307 2320 1414 2379 ἀπὸ
1445 2320 1537 2371 τοῦ
1582 2320 1887 2389 ἀνθρώπου,
1946 2324 2030 2373 ἵνα
2096 2324 2351 2389 ὑγιαίνων

789 2404 999 2473 ἀπέλθῃ
1025 2406 1101 2465 εἰς
1145 2405 1213 2457 τὰ
1249 2406 1375 2467 ἴδια,
1423 2408 1515 2457 καὶ
1567 2406 1758 2477 δοξάζῃ
1810 2410 1901 2460 τὸν
1940 2408 2161 2479 Κύριον.
2192 2410 2352 2476 Λέγει

791 2492 940 2560 αὑτῷ
967 2494 994 2541 ὁ
1018 2491 1242 2552 Παῦλος·
1274 2493 1345 2542 Σὺ
1375 2496 1481 2561 γάρ
1504 2493 1555 2543 τί
1576 2511 1590 2557 ;
1612 2495 1772 2558 Λέγει
1800 2495 1945 2563 αὑτῲ
1975 2497 2002 2547 6
2036 2495 2315 2558 ’Λντώνιος
2335 2512 2349 2527 ·

790 2578 867 2630 Οὑ
910 2577 1152 2646 σχολάζω
1182 2578 1310 2645 ἐγὼ,
1339 2578 1465 2631 ἄλλο
1493 2580 1599 2647 ἐχω
1648 2581 1823 2648 ἔργον.
1860 2582 1967 2633 Καὶ
2022 2581 2352 2644 καταλείψας

793 2666 911 2718 ἐκεῖ
936 2666 1027 2719 τὸν
1048 2666 1209 2717 παῖδα
1238 2666 1265 2715 6
1289 2667 1459 2735 μέγας
1501 2666 1799 2729 Ἀντώνιος,
1837 2669 2174 2737 ὑπέστρεψεν
2194 2670 2352 2721 πάλιν

794 2756 872 2817 εἰς
902 2754 997 2823 τὴν
1024 2752 1156 2805 ἰδίαν
1189 2754 1403 2805 κέλλαν.
1452 2754 1713 2816 ’Λναστάς
1738 2754 1828 2806 οῦν
1859 2758 1886 2806 6
1908 2756 2111 2818 ἄκακος
2143 2757 2343 2823 γέρων,

795 2841 891 2893 καὶ
939 2839 1375 2908 προσευξάμενος
1420 2840 1613 2909 ἐνεργῆ
1666 2843 1990 2910 προσευχὴν,
2049 2844 2353 2909 προσκαλε.

796 2915 1029 2996 σάμενος
1078 2927 1166 2978 τὸν
1200 2927 1579 2994 δαιμονιῶντα,
1616 2928 1783 2993 λέγει·
1815 2930 2045 2996 Εἴρηκεν
2102 2931 2129 2981 6
2184 2929 2355 2990 ἀϐϐἄς

2442 589 2505 640 16
2546 590 2761 657 πνεῦμα
2807 592 2897 644 τοῦ
2952 592 3227 661 δαίμονος,
3282 594 3374 645 καὶ
3418 590 3720 660 μετεϐλήθη
3751 590 3828 650 εἰς
3885 589 4019 655 δράς-

2444 692 2606 728 κοντα
2636 678 2887 745 μέγιστον
2912 680 3039 731 ὡσεὶ
3081 680 3269 748 πηχῶν
3292 680 3679 748 ἐϐδομήκοντα.
3708 678 3815 729 Kal
3846 676 4018 743 ἀπῄει

2446 764 2737 831 συρόμενος
2802 768 2879 827 εξς
2931 768 3027 835 τὴν
3090 767 3361 817 θάλασσαν
3418 767 3514 833 τήν
3560 764 3862 831 Ἐρυθράν·
3927 763 4018 812 ἴνα

2446 850 2705 919 πληρωθῆ
2736 852 2793 901 τὸ
2825 852 2987 920 ῥηθὲν
3018 852 3119 903 ὑπὸ
3147 851 3238 903 τοῦ
3291 853 3443 916 ἁγίου
3481 851 3818 917 Πνεύματος·
3864 849 4019 899 Ἐπι-

2443 936 2801 1005 δεικνυμένην
2834 938 3013 989 πίστιν
3041 938 3330 1004 ἀναγγελεῖ
3360 937 3584 997 δίκαιος.
3624 936 3730 987 Kal
3759 934 3921 986 πάλιν
3956 934 4018 983 ἐν

2448 1022 2658 1091 ἐτέρῳ·
2717 1024 2838 1075 Ἐπὶ
2897 1024 3018 1075 τίνα
3063 1024 3359 1092 ἐπιϐλέψω,
3388 1025 3550 1090 φησὶν
3584 1022 3613 1072 6
3647 1020 3880 1091 Κύριος,
3920 1021 4020 1072 ἐπὶ

2445 1109 2537 1161 τὸν
2568 1109 2840 1171 ταπεινὸν,
2882 1110 2976 1161 καὶ
3030 1111 3272 1179 ἡσύχιον,
3310 1111 3402 1162 καὶ
3434 1109 3705 1177 τρέμοντά
3738 1124 3838 1177 μου
3887 1108 4020 1170 τοὺς

2443 1194 2657 1263 λόγους.
2705 1195 2875 1249 Εῖωθε
2913 1196 3021 1264 γὰρ
3066 1196 3131 1247 τά
3187 1196 3540 1263 ταπεινότερα
3582 1195 3689 1247 τῶν
3743 1194 4019 1261 δαιμόνων

2448 1281 2553 1332 ὑπὸ
2584 1282 2695 1333 τῶν
2724 1282 2966 1351 ἀρχικῶν
3010 1282 3313 1351 ἀνθρώπων
3338 1284 3395 1333 ἐν
3428 1284 3492 1350 τῇ
3529 1281 3708 1332 πίστει
3748 1280 4020 1331 ἐκϐάλλε-

2446 1369 2590 1420 σθαι·
2611 1371 2733 1430 τοὺς
2752 1369 2807 1420 δέ
2832 1371 3089 1438 ἀρχικοὺς
3110 1370 3270 1421 πάλιν
3291 1369 3547 1438 δαίμονας
3570 1366 3791 1420 ὑπὸτῶν
3824 1384 3961 1418 ταπε
3975 1386 4021 1415 ι-

2443 1455 2548 1506 νῶν
2564 1456 2972 1522 φυγαδεύεσθαι.
2997 1454 3309 1507 Ταῦτάέστι
3336 1454 3585 1523 θαύματα
3600 1452 3692 1504 τοῦ
3711 1450 3884 1503 ἁπλοῦ
3928 1451 4021 1501 καὶ

2446 1540 2885 1607 ταπεινόφρονος,
2912 1542 3003 1591 καὶ
3022 1541 3154 1593 ἄλλα
3180 1540 3397 1592 πλείονα
3424 1539 3518 1591 καὶ¹
3544 1538 3764 1607 μείζονα
3787 1535 4018 1589 τούτων.

2450 1627 2543 1688 Ὃς
2576 1626 2857 1696 άπεκλήθη
2893 1626 3117 1684 Ἀπλοῦς
3140 1627 3288 1695 παρά
3317 1628 3494 1695 πάσης
3518 1626 3611 1692 τῆς
3633 1623 4018 1691 ἀδελφότητος.

3018 1712 3265 1765 ΚΕΦΛΛ.
3309 1711 3437 1764 KG’.

3019 1799 3156 1865 Περί
3197 1796 3429 1865 Παχών.

2522 1882 2716 1952 Παχών
2762 1900 2845 1945 τις
2873 1884 3095 1952 ὀνόματι
3130 1886 3256 1953 περὶ
3288 1885 3354 1937 τὰ
3396 1884 3764 1951 ἐϐδομήκοντα
3816 1880 4023 1939 ἐλάσας

2450 1975 2544 2042 ἐτη
2597 1974 2889 2034 ἐκαθέζετο
2927 1975 2984 2024 ἐν
3020 1976 3086 2043 τῇ
3122 1974 3341 2041 Σκήτει.
3385 1972 3589 2037 Συνέϐη
3627 1968 3670 2020 δ’
3702 1967 3801 2035 ἐμὲ
3857 1967 4022 2035 ὀχλη-

2452 2060 2612 2112 θέντα
2642 2061 2745 2111 ὑτῶ
2795 2059 2887 2111 τοῦ
2923 2059 3173 2128 δαίμονος
3208 2059 3561 2128 συνεχόμενον
3620 2055 3883 2122 ἐπιθυμία
3914 2070 4019 2119 γυ-

2451 2149 2665 2216 ναικείᾳ
2690 2147 2973 2214 δυσφορεῖν
3001 2147 3093 2197 καὶ
3119 2145 3253 2214 πρὸς
3284 2146 3408 2203 τοὺς
3440 2144 3729 2210 λογισμοὺς
3762 2142 3856 2192 καὶ
3880 2139 4023 2207 πρὸς

2451 2233 2548 2295 τὰς
2582 2235 2878 2299 φαντασίας
2902 2232 2999 2293 τὰς
3029 2232 3366 2300 νυκτερινάς.
3400 2232 3509 2284 Kal
3543 2231 3705 2296 ἐγγυς
3730 2229 4023 2296 γενόμενος

2453 2321 2556 2373 6116
2604 2320 2791 2371 τούτου
2846 2320 2938 2372 τοῦ
2974 2320 3278 2389 πειρασμοῦ
3328 2318 3561 2384 ἐξελθεῖν
3621 2318 3718 2383 τῆς
3776 2317 4016 2384 ἐρήμου,

2454 2408 2766 2469 ἐλαύνοντός
2793 2425 2859 2476 με
2886 2408 3258 2477 σφοδροτάτως
3282 2406 3373 2457 τοῦ
3402 2406 3599 2467 πάθους
3630 2406 3759 2471 (τοῖς
3790 2404 3887 2470 μὲν
3909 2400 4023 2469 γὰρ

2455 2495 2661 2561 γείτοσι
2690 2496 2797 2547 τῶν
2826 2494 3083 2563 Πατέρων
3112 2494 3211 2545 οὑκ
3242 2493 3509 2562 ἀνεθέμην
3531 2492 3592 2543 τὸ
3624 2492 3875 2559 πρᾶγμα,
3901 2486 4022 2538 ἀλλ’

2456 2581 2576 2634 οὕτε
2607 2583 2684 2650 τῷ
2736 2582 3039 2649 διδασκάλῳ
3095 2597 3195 2648 μου
3246 2579 3557 2647 Εὑαγρίῳ)·
3612 2577 3909 2644 λεληθότως
3962 2573 4026 2624 δέ

2458 2668 2790 2737 παραϐαλὼν
2838 2671 2916 2729 εἰς
2950 2668 3049 2734 τὴν
3107 2665 3443 2733 πανέρημον,
3481 2662 3872 2728 συνετύγχανον
3928 2661 4025 2710 ἐπὶ

2458 2757 2668 2825 ἡμέρας
2701 2756 2997 2807 δεκαπέντε
3028 2756 3140 2815 τοῖς
3173 2753 3314 2805 κατά
3354 2752 3452 2819 τὴν
3498 2751 3696 2818 Σκῆτιν
3740 2748 4027 2817 Πατράτιν

2458 2844 2762 2911 γηράσασιν
2786 2845 2842 2892 ἐν
2873 2845 2937 2911 τῇ
2970 2842 3181 2910 ἐρήμῳ.
3226 2840 3312 2891 Ἐν
3342 2833 3420 2899 οἷς
3449 2838 3511 2905 δὴ
3554 2837 3875 2905 περιέτυχον
3926 2834 4028 2886 καὶ

2457 2932 2537 3000 τῷ
2599 2930 2815 2997 Παχών.
2879 2928 3065 2996 Εὑρὼν
3117 2927 3207 2978 οῦν
3273 2926 3432 2977 αὑτὸν
3493 2925 3873 2991 ἀκεραιότερον
3928 2924 4023 2973 καὶ

808 3015 1110 3077 Ἀντώνιος,
1127 3014 1209 3065 ὃτι
1234 3012 1454 3075 Ἔξελθε
1476 3015 1581 3066 ἀπὸ
1609 3013 1699 3066 τοῦ
1720 3014 2027 3084 ἀνθρώπου,
2053 3016 2139 3068 ἵνα
2158 3015 2355 3085 δοξάζῃ
2460 3017 2914 3086 ἀσκητικώτερον,
2949 3014 3225 3083 ἐθάρσησα
3278 3012 3426 3080 αὑτῷ
3466 3010 3758 3062 ἀναθέσθαι
3811 3027 3911 3076 μου
3956 3011 4030 3059 τὰ

796 3098 887 3151 τὸν
941 3097 1141 3167 Κύριον
1198 3099 1377 3168 ὑγιής.
1415 3098 1472 3150 ’0
1518 3098 1573 3149 δὲ
1617 3097 1826 3167 δαίμων
1876 3099 2011 3166 μετά
2049 3100 2358 3169 δυσφημίας
2391 3153 2427 3173 η
2464 3105 2557 3173 τῆς
2592 3102 2846 3162 διανοίας.
2882 3101 2990 3151 Kal
3026 3100 3174 3165 λέγει
3205 3115 3292 3165 μοι
3323 3100 3349 3149 6
3380 3099 3531 3164 ἅγιος
3565 3091 3751 3157 οὗτος·
3807 3096 3899 3164 Μὴ
3941 3096 4030 3157 ξε-

802 3184 1135 3254 ἀνέκραξεν·
1168 3184 1281 3237 Οὑκ
1309 3184 1620 3254 ἐξέρχομαι,
1652 3184 1957 3255 φαγόγηρε,
1986 3186 2137 3254 λῆρε.
2164 3185 2360 3238 Λαϐὼν
2388 3184 2428 3207 “⁶
2462 3192 2582 3259 νίσῃ
2627 3206 2685 3241 σε
2714 3189 2772 3240 16
2814 3191 3065 3257 πρᾶγμα.
3101 3186 3173 3237 U6
3208 3188 3313 3254 γὰρ
3356 3186 3488 3237 αὑτὸ
3524 3186 3749 3252 πάσχεις
3786 3184 3895 3235 ἀπὸ
3931 3186 4034 3251 ῥᾳ-

796 3273 892 3327 οὒν
919 3272 1016 3342 τὴν
1058 3272 1309 3342 μηλωτήν
1351 3272 1509 3323 αὑτοῦ
1537 3273 1673 3325 κατά
1701 3271 1791 3323 τοῦ
1837 3270 2005 3323 νώτου
2048 3272 2207 3324 αὑτὸν
2241 3272 2362 3323 £16—
2464 3276 2679 3345 θυμίας.
2713 3276 2995 3343 Μαρτυρεῖ
3015 3273 3120 3343 γάρ
3157 3285 3237 3323 σοι
3275 3272 3367 3323 καὶ
3395 3271 3422 3321 6
3446 3273 3606 3332 τόπος
3641 3274 3734 3322 καὶ
3764 3272 3795 3337 ἠ
3831 3271 4033 3330 σπάνις

801 3378 953 3423 πτεν,
980 3358 1175 3426 λέγων·
1202 3357 1444 3423 Ἔξελθε,
1467 3360 1684 3429 εἴρηκεν
1711 3360 1738 3410 6
1765 3358 1936 3419 ἀϐϐἇς
1969 3358 2268 3420 Ἀντώνιος.
2304 3360 2362 3411 '0
2462 3364 2571 3416 τῶν
2606 3361 2823 3431 χρειῶν,
2886 3360 2980 3412 καὶ
3010 3361 3071 3411 16
3123 3359 3199 3429 μὴ
3251 3355 3390 3411 εἶναι
3453 3357 3741 3425 συντυχίας
3800 3356 4036 3423 θηλειῶν

797 3447 855 3500 δὲ
885 3444 1091 3513 δαίμων
1122 3444 1379 3515 ἐλοιδόρει
1408 3446 1498 3496 καὶ
1530 3443 1808 3496 ’Λντώνιον
1845 3444 2197 3513 σφοδρότερον
2230 3445 2365 3512 μετά

800 3532 893 3585 τοῦ
916 3531 1151 3593 Παύλου,
1182 3531 1373 3597 λέγων·
1402 3532 1462 3581 Οἰ
1486 3530 1801 3597 πολιοφάγοι
1828 3525 1993 3595 οὑτοι,
2032 3534 2079 3583 οξ
2105 3530 2365 3600 λεληθαρ-

800 3621 1052 3691 γημένοι,
1090 3620 1139 3670 οἰ
1160 3618 1441 3687 ἄπληστοι,
1464 3618 1512 3669 οἰ
1544 3618 1808 3687 μηδέποτε
1839 3620 1951 3679 τοῖς
1986 3618 2138 3680 ἰδίοις
2168 3618 2366 3686 ἀρκούο

805 3726 981 3780 μενοι,
1009 3708 1063 3759 τί
1092 3708 1268 3759 κοινὸν
1312 3706 1462 3775 ἐχετε
1497 3705 1617 3775 μεθ’
1663 3706 1860 3774 ήμῶνς
1892 3705 1944 3756 τί
1974 3706 2121 3775 ἡμᾶς
2170 3724 2366 3775 τυραν-

803 3794 1163 3862 νείτε;Τέλος
1212 3792 1358 3860 λέγει
1408 3790 1555 3861 αὑτῷ
1593 3792 1621 3843 6
1673 3790 1902 3854 Παῦλος·
1974 3792 2362 3862 Ἐκϐαίνεις,ἢ

804 3884 1031 3949 ὑπάγων
1056 3882 1199 3948 λέγω
1234 3879 1309 3948 τῷ
1347 3877 1602 3947 Χριστῷ;
1634 3878 1709 3945 μά
1735 3878 1825 3928 τὸν
1868 3876 2094 3945 Ἰησοῦν,
2127 3879 2222 3930 ἐάν
2269 3880 2367 3929 οὐκ

806 3969 1085 4037 ἐκϐαίνῃς,
1102 3964 1211 4034 ἐγὼ
1238 3965 1362 4035 ἄρτι
1384 3964 1597 4029 ὑπάγω,
1616 3962 1757 4030 λέγω
1784 3962 1860 4032 τῷ
1878 3964 2113 4033 Χριστῷ,
2137 3966 2229 4016 καὶ
2250 3965 2368 4016 οὐαί

807 4072 892 4109 σοι
921 4056 1032 4123 ἔχει
1064 4055 1305 4121 ποιῆσαι.
1342 4050 1876 4120 Προσεδυσφήμησεν
1904 4051 1997 4101 καὶ
2030 4050 2119 4100 τὸν
2164 4051 2369 4118 Ἰησοῦν

806 4138 1121 4213 ὑάνήμερος
1143 4141 1369 4209 δαίμων,
1390 4141 1625 4207 κράζων,
1643 4142 1754 4192 Οὑκ
1777 4141 2091 4209 ἐξέρχομαι.
2111 4140 2230 4192 Ἐπὶ
2245 4143 2369 4192 τού-

807 4250 885 4301 τῳ
908 4232 1143 4300 χολώσας
1158 4232 1185 4281 ὁ
1209 4228 1359 4294 ἆγιος
1379 4226 1587 4287 Παῦλος
1603 4230 1741 4277 κατά
1772 4226 1861 4277 τοῦ
1891 4228 2159 4295 δαίμονος,
2181 4228 2368 4297 ἐξῆλθε

806 4318 904 4385 τῆς
926 4315 1117 4368 ἐαυτοῦ
1158 4313 1331 4377 ξενίας
1362 4313 1479 4364 κατ’
1506 4314 1671 4381 αὑτὴν
1698 4316 1794 4380 τὴν
1842 4312 2108 4381 σταθερὰν
2158 4330 2368 4382 μεσημε-

809 4404 989 4473 ϐρίαν.
1010 4402 1130 4453 Τῶν
1150 4401 1205 4453 δέ
1222 4400 1532 4467 Αἰγυπτίων
1552 4401 1611 4450 τὸ
1638 4398 1825 4466 καῦμα
1846 4398 2079 4467 μάλιστα
2100 4401 2158 4451 τὸ
2182 4402 2238 4451 ἐν
2259 4404 2370 4462 τοῖς

808 4464 993 4553 τόποις
1027 4490 1252 4553 ἐκείνοις
1286 4464 1541 4555 συγγενές
1584 4490 1698 4539 ἐστι
1725 4464 1863 4556 τάχα
1891 4490 1989 4557 τῆς
2026 4487 2365 4550 Βαϐυλωνίας
2397 4464 2447 4522 D

810 4580 1062 4645 καμίνου.
1085 4579 1220 4639 Στάς
1232 4573 1323 4629 οὖν
1351 4578 1425 4637 ὡς
1440 4577 1628 4638 στύλος
1658 4579 1684 4627 6
1704 4575 1793 4627 τοῦ
1810 4577 2037 4645 οὑρινοῦ
2068 4577 2257 4639 στύλος
2275 4580 2368 4629 ἐπὶ

810 4670 909 4737 τῆς
942 4668 1146 4736 πέτρας
1178 4660 1236 4718 εν
1268 4665 1345 4733 τῷ
1374 4665 1487 4735 δρει
1547 4666 1931 4734 προσεύχεται,
1952 4666 2124 4732 λέγων
2153 4665 2323 4727 οὑτως
2352 4683 2365 4696 ·

812 4756 884 4807 Σὺ
913 4754 1149 4824 βλέπεις,
1190 4751 1361 4822 Ἰησοῦ
1388 4752 1610 4820 Χριστέ,
1633 4753 2003 4820 όσταυρωθεὶς
2030 4752 2120 4803 ἐπὶ
2147 4753 2369 4806 Ποντίου

814 4843 1067 4907 Πιλάτου,
1094 4842 1175 4893 ὅτι
1198 4842 1257 4891 06
1288 4839 1508 4891 καταϐῶ
1537 4840 1642 4890 ἀπὸ
1688 4839 1782 4907 τῆς
1826 4839 2053 4907 πέτρας,
2080 4840 2140 4890 οὑ
2192 4841 2369 4906 φάγω,

810 4933 872 4984 οὑ
903 4930 1030 4992 πίω,
1061 4930 1163 4990 ἕως
1190 4919 1249 4979 06
1277 4926 1529 4979 ἀποθάνω
1556 4942 1569 4956 ·
1601 4927 1695 4976 ἐὰν
1738 4925 1811 4995 μὴ
1848 4928 1971 4993 ἄρτι
2004 4927 2239 4996 ἀκούσῃς
2280 4928 2373 4978 καὶ

816 5019 1049 5086 ἐκϐάλῃς
1077 5016 1264 5067 τοῦτον
1313 5015 1402 5065 τὸν
1425 5013 1652 5080 δαίμονα
1682 5012 1788 5063 ἀπὸ
1829 5011 1920 5062 τοῦ
1951 5012 2261 5078 ἀνθρώπου,
2284 5014 2376 5065 καὶ

814 5106 1095 5174 ἐλεύθερον
1121 5103 1278 5154 αὑτὸν
1309 5103 1539 5170 ποιήσῃς
1566 5100 1671 5153 ἀπὸ
1696 5100 1883 5151 τούτου
1934 5100 2026 5151 τοῦ
2071 5100 2375 5169 πνεύματος

814 5194 906 5247 τοῦ
942 5192 1270 5263 ἀκαθάρτου.
1311 5190 1429 5241 Ἔτι
1459 5190 1742 5248 λαλοῦντος
1785 5186 1877 5239 τοῦ
1908 5187 2081 5239 ἁπλοῦ
2130 5191 2224 5242 καὶ
2280 5206 2376 5241 ται·

815 5282 1162 5349 κεινόφρονος
1188 5277 1398 5330 Παύλου
1432 5276 1506 5344 τῷ
1566 5275 1761 5345 Ἰησοῦ,
1789 5274 1894 5345 πρὸ
1925 5275 2019 5327 τοῦ
2062 5276 2375 5347 τελεσθῆναι

816 5370 943 5430 τοὺς
997 5367 1183 5431 λόγους
1241 5363 1332 5415 τοῦ
1403 5364 1667 5429 στόματος
1742 5361 1906 5414 αὑτοῦ
1968 5363 2060 5413 τοῦ
2114 5363 2374 5433 καθαροῦ,

816 5454 1114 5523 ἀνέκραξεν
1169 5452 1321 5504 κάτω
1401 5450 1536 5518 πρὸς
1616 5448 1713 5517 τὴν
1792 5448 1984 5501 κέλλαν
2035 5450 2070 5501 '6
2144 5450 2373 5519 δαίμων·

822 5542 1075 5614 ’Υπάγω,
1104 5539 1319 5607 ὑπάγω,
1346 5540 1655 5608 ἐξέρχομαι,
1687 5537 1777 5607 βίᾳ
1804 5539 1895 5589 καὶ
1924 5538 2195 5607 τυραννίδι
2217 5538 2376 5592 ἐλαύ-

819 5646 997 5698 νομαι,
1038 5629 1302 5699 ἀναχωρῶ
1341 5630 1433 5679 τοῦ
1465 5628 1771 5698 ἀνθρώπου,
1803 5628 1980 5680 οὐκέτι
2023 5630 2244 5695 ἐγγίζω.
2306 5629 2379 5681 T6

821 5718 1069 5773 ταπεινὸν
1110 5719 1202 5771 καὶ
1236 5714 1435 5770 ἁπλοῦν
1463 5716 1671 5769 Παύλου
1712 5715 1921 5769 ἐλαύνει
1955 5732 2021 5784 με
2048 5717 2372 5785 φυγαδεῦον,

2466 3452 2672 3503 ἐνθάδε.
2716 3448 2873 3499 Ἀλλά
2900 3448 3098 3517 μᾶλλον
3135 3446 3241 3499 ἀπὸ
3276 3445 3508 3512 σπουδῆς
3546 3446 3643 3512 τῆς
3673 3443 3793 3496 κατ’
3827 3444 4033 3513 ἀρετὴν

2468 3536 2754 3603 συμϐαίνει
2809 3551 2889 3585 σοι
2936 3532 3092 3585 τοῦτο
3123 3534 3272 3601 παρὰ
3304 3531 3398 3583 τοῦ
3450 3532 3712 3582 ἐναντίου.
3754 3531 4035 3598 Τριπλοῦς

2466 3624 2573 3693 γάρ
2628 3625 2772 3674 ἐστιν
2798 3623 2824 3672 6
2875 3621 3107 3689 πόλεμος
3138 3620 3165 3671 6
3202 3618 3477 3686 πορνικός.
3529 3617 3665 3668 Ποτὲ
3724 3617 3822 3685 μὲν
3854 3619 3959 3685 γάρ
3997 3620 4033 3686 ἡ

2468 3711 2605 3778 σάρξ
2638 3712 2765 3778 ἡμῖν
2798 3707 3095 3759 ἐπιτίθεται
3141 3705 3201 3757 εὑ
3228 3704 3503 3756 παθοῦσα·
3537 3704 3663 3755 ποτέ
3688 3704 3741 3755 δὲ
3784 3704 3853 3755 τά
3882 3704 4035 3771 πάθη

2468 3799 2597 3867 ἡμῖν
2630 3795 3012 3847 ἐπανίστανται
3063 3792 3149 3843 διὰ
3177 3791 3283 3842 τῶν
3322 3791 3628 3858 λογισμῶν·
3668 3788 3800 3840 ποτὲ
3848 3789 3905 3839 δὲ
3939 3790 4035 3840 καὶ

2467 3872 2629 3947 αὑτὸς
2655 3888 2682 3937 6
2717 3884 2926 3953 δαίμων
2977 3882 3229 3950 τυραννεῖ
3259 3882 3407 3947 ἡμᾶς
3441 3880 3528 3931 διὰ
3578 3879 3674 3946 τῆς
3708 3878 4031 3945 βασκανίας.

2481 3974 2620 4043 Ἐγὼ
2635 3973 2741 4041 γὰρ
2771 3969 2939 4021 πολλά
2971 3968 3367 4037 παρατηρήσας
3410 3964 3626 4033 εῦρηκα
3651 3964 3825 4015 τοῦτο.
3871 3963 4031 4024 Ἰδοὺ,

2468 4062 2541 4123 ὡς
2564 4062 2694 4129 ὁρᾷς
2716 4076 2803 4127 με,
2826 4059 3057 4125 γέροντα
3089 4053 3373 4119 ἄνθρωπον
3400 4069 3411 4081 ·
3444 4050 3876 4119 τεσσαρακοστὸν
3909 4051 4034 4112 ἐτος

2472 4151 2578 4219 ἐχω
2598 4152 2654 4202 ἐν
2669 4151 2734 4217 τῇ
2760 4148 2923 4215 κέλλῃ
2943 4146 3115 4215 ταύτῃ
3142 4143 3443 4211 φροντίζων
3464 4144 3560 4209 τῆς
3592 4138 3827 4208 ἐμαυτοῦ
3857 4155 4037 4207 σωτηε

2476 4238 2616 4306 ρίας·
2645 4237 2738 4286 καὶ
2766 4234 2967 4303 ταύτην
2998 4234 3143 4298 ἄγων
3167 4228 3499 4295 τὴνὴλικίαν
3536 4227 3725 4295 μέχρις
3761 4227 3886 4293 ἄρτι
3908 4242 4037 4276 1:51-

2479 4322 2736 4391 ράζομαι.
2769 4321 2877 4371 Kal
2908 4318 3123 4385 ῶμνυτο
3156 4316 3349 4381 λέγων,
3380 4315 3460 4364 ὃτι
3493 4312 3709 4364 Δώδεκα
3739 4312 3855 4377 ἐτη,
3895 4313 4038 4380 μετά

2475 4413 2531 4462 16
2559 4408 2919 4476 πεντηκοστόν
2950 4422 3017 4474 με
3049 4404 3163 4465 ἔτος
3195 4404 3369 4468 ἄγειν,
3393 4403 3452 4452 οὑ
3478 4400 3647 4451 νύκτα
3670 4416 3758 4467 μοι
3791 4399 4037 4466 συνεχώ-

2476 4514 2657 4567 ρησεν,
2705 4497 2802 4564 οὑχ
2854 4494 3068 4563 ἡμέραν
3116 4488 3485 4556 ἐπιτιθέμενός
3543 4502 3653 4554 μοι.
3695 4486 4039 4555 ’Υπονοήσας

2474 4582 2566 4635 οὖν
2594 4586 2673 4635 δτι
2690 4583 2901 4649 ἀπέστη
2931 4596 3031 4648 μου
3052 4580 3078 4629 6
3105 4578 3257 4639 Θεὸς,
3283 4576 3362 4628 616
3380 4580 3475 4627 καὶ
3499 4574 4040 4640 καταδυναστεύομαι

2472 4672 2643 4733 οὑτως
2672 4687 2683 4697 ·
2713 4668 3005 4738 ᾑρησάμην
3034 4664 3325 4717 ἀποθανεῖν
3350 4663 3546 4732 μᾶλλον
3565 4662 3792 4728 ἀλόγως,
3815 4660 3847 4728 ἢ
3874 4660 4042 4713 πάθει

2476 4761 2723 4829 σώματος
2768 4753 3149 4825 ἀσχημονῆσαι
3206 4752 3463 4819 αἰσχρῶς.
3517 4751 3629 4803 Kal
3656 4750 3886 4815 ἐξελθών
3938 4766 4041 4817 μου

2476 4849 2572 4916 τῆς
2592 4847 2806 4914 κέλλης,
2837 4844 2929 4895 καὶ
2946 4840 3176 4911 περιιὼν
3204 4840 3303 4909 τὴν
3327 4841 3552 4909 ἔρημον,
3584 4839 3848 4907 σπήλαιον
3880 4832 4043 4905 εὗρον

2475 4937 2695 5003 ὑαίνης·
2725 4933 2805 4995 είς
2857 4931 2885 4981 ὃ
2916 4931 3175 5001 σπήλαιον
3234 4930 3406 4997 ἑΟηκα
3458 4928 3692 4996 ἐμαυτὸν
3738 4928 3795 4977 ἐν
3852 4926 4042 4994 ἡμέρα

2474 5022 2709 5091 γυμνόν·
2748 5022 2835 5071 ἵνα
2869 5019 3146 5081 ἐξελθόντα
3190 5034 3254 5085 με
3286 5017 3435 5086 φάγῃ
3480 5018 3547 5066 τά
3581 5014 3766 5084 θηρία.
3813 5014 3901 5075 Ὧς
3947 5008 4043 5065 οὖν

2478 5113 2692 5178 ἐγένετο
2747 5108 2977 5176 ἐσπέρα,
3010 5106 3147 5157 κατά
3207 5107 3265 5154 16
3314 5104 3722 5172 γεγραμμένον,
3773 5102 3831 5153 '0
3885 5103 4045 5171 ἥλιος

2477 5198 2616 5265 ἔγνω
2640 5198 2734 5265 τὴν
2775 5195 2924 5247 δύσιν
2970 5193 3154 5245 αὑτοῦ.
3216 5191 3377 5243 Ἕθου
3434 5192 3643 5254 σκότος,
3693 5189 3786 5241 καὶ
3820 5188 4045 5254 ἐγένετο

2477 5285 2591 5348 νύξ.
2640 5284 2727 5335 Ἑν
2786 5282 2919 5350 αὑτῇ
2976 5279 3335 5331 διελεύσονται
3394 5279 3570 5330 πάντα
3624 5276 3692 5328 τὰ
3744 5275 3910 5344 θηρία
3946 5275 4043 5326 τοῦ

2476 5368 2702 5439 δρυμοῦ.
2748 5368 2809 5419 Ol
2873 5368 3097 5439 σκύμνοι
3149 5367 3451 5435 ὠρυόμενοι
3504 5363 3597 5414 τοῦ
3647 5364 3895 5431 ἁρπάσαι
3947 5365 4045 5415 καὶ

2478 5434 2709 5527 ζητήσαι
2744 5455 2894 5523 παρά
2926 5434 3001 5522 τῶ
3030 5452 3149 5522 Θεῴ
3206 5434 3408 5521 βρῶσιν
3440 5452 3642 5511 αὐτοῖς.
3702 5449 4045 5513 Ἐξελθόντες

2477 5546 2568 5599 οὑν
2599 5546 2647 5596 οἰ
2694 5544 2855 5609 θῆρες
2904 5544 2959 5593 ἐν
2986 5540 3167 5609 ἐκείνῃ
3217 5542 3281 5607 τῇ
3315 5538 3433 5608 ὥρᾳ
3470 5541 3496 5590 ὂ
3545 5553 3601 5588 τε
3651 5540 3827 5606 ἄρσην
3882 5538 3979 5589 καὶ
4014 5548 4043 5606 η

2478 5632 2665 5703 θήλεια
2695 5629 3093 5698 ὼσφράνθησάν
3156 5642 3242 5696 με,
3280 5628 3387 5678 άπὸ
3421 5624 3593 5678 ποδῶν
3640 5626 3742 5688 ’ἕως
3801 5624 4047 5693 κεφαλής

2481 5717 2878 5791 περιλείξαντές
2910 5732 2997 5784 με.
3019 5714 3133 5771 Καὶ
3157 5714 3230 5777 ὡς
3261 5712 3480 5766 ἐδόκουν
3509 5712 3801 5781 βρωθῆναι.
3839 5713 4047 5779 ἀνεχά-
