4258 6358
210 394 350 455 1085

1470 381 1795 443 HISTORIA
1830 377 2185 438 LAUSIACA-

3296 369 3433 430 1086

209 518 302 573 Dei
330 517 503 586 gratia
530 528 686 583 opem
714 512 918 568 ferente
938 510 1094 566 beato
1122 504 1370 571 Antonio,
1396 502 1516 559 facit
1543 501 1592 556 ei
1620 499 1769 553 dein-
1796 491 1888 559 Ai

1751 525 1769 539 .
1796 495 1843 552 Α
1866 491 2040 559 justus
2056 486 2385 543 annuntiabit
2413 484 2592 554 (Prov.
2627 497 2747 581 xui.
2774 481 2841 536 Et
2866 495 3051 581 rursus
3070 478 3197 537 alibi
3222 496 3240 536 :
3263 481 3432 553 Super

206 622 332 673 ecps
358 607 549 663 cellam
576 605 641 659 ad
680 616 786 657 tres
810 602 897 655 vel
936 607 1163 668 quatuor
1189 596 1390 663 lapides
1434 608 1462 645 a
1491 605 1585 645 sua
1613 591 1767 644 cella.

214 700 278 751 Et
305 697 440 751 dicit
466 696 515 750 ci
543 712 561 749 :
594 694 730 749 Ecce
748 691 941 747 Christi
972 691 1163 743 virtute
1195 699 1348 753 opem
1385 683 1586 737 ferente
1611 688 1665 733 tu
1697 679 1772 731 fa-

221 799 339 840 ctus
363 801 423 839 es
451 785 759 845 monachus,
787 770 940 835 inane
960 779 1209 843 deinceps
1236 788 1496 835 seorsum,
1526 778 1584 825 ut
1610 770 1771 825 etiam

217 875 377 929 facias
431 873 721 940 periculum
768 872 1087 922 dentouum.
1137 864 1268 918 Cum
1312 876 1438 931 ergo
1489 875 1630 914 anno
1664 872 1772 912 uno

206 968 345 1038 apud
374 981 433 1022 se
458 966 749 1021 habitasset
792 962 987 1016 Paulus
1029 954 1484 1026 Simplicissimus,
1522 959 1578 1006 et
1604 950 1771 1021 gratia

208 1058 451 1126 dignatus
493 1065 576 1111 est
628 1056 880 1109 adversus
930 1052 1199 1106 daemones
1228 1057 1283 1102 et
1333 1046 1585 1100 adversus
1614 1056 1773 1097 omne

208 1162 377 1221 genus
403 1148 637 1215 morbos,
668 1161 727 1202 se
748 1144 982 1215 perfecte
1002 1154 1192 1213 gerens
1212 1140 1265 1194 in
1294 1139 1489 1192 virtute
1508 1136 1772 1194 exercita-

208 1238 389 1293 tionis.

277 1326 517 1392 Quodam
544 1338 670 1392 ergo
693 1322 781 1378 die
801 1319 1233 1377 adolescentulus
1262 1318 1352 1385 qui
1372 1331 1527 1386 supra
1557 1317 1772 1371 modum

208 1416 438 1484 graviter
464 1416 751 1469 vexabatur
776 1427 807 1466 a
833 1411 1095 1474 da-mone,
1124 1409 1319 1463 allatus
1347 1418 1430 1462 est
1455 1408 1521 1461 ad
1551 1409 1764 1461 beatum

208 1505 514 1568 Antonium,
568 1504 768 1557 habens
814 1502 1157 1569 principalem
1189 1499 1539 1553 savissituum
1569 1497 1773 1550 daemo-

209 1612 328 1651 nem
355 1595 496 1664 (67),
521 1595 607 1663 qui
635 1593 794 1647 etiam
819 1592 988 1662 ipsum
1015 1592 1208 1645 cmlum
1240 1589 1535 1643 maledictis
1560 1597 1614 1642 et
1643 1602 1771 1656 pro-

208 1687 318 1742 bris
354 1686 749 1755 insequebatur.
796 1684 930 1738 Cum
961 1684 1118 1751 igitur
1143 1683 1534 1736 adolescentem
1585 1679 1771 1734 obser-

208 1785 392 1832 vassct
415 1790 637 1844 magnus
665 1775 947 1841 Antonius,
974 1774 1102 1827 dicit
1126 1775 1191 1827 iis
1219 1773 1307 1841 qui
1330 1787 1448 1826 eum
1471 1771 1767 1825 ducebant:

1873 593 2030 648 quem
2052 578 2352 646 respiciam,
2381 574 2548 643 inquit
2580 571 2850 635 Dominus,
2877 570 2978 624 nisi
3002 586 3159 640 super
3189 584 3438 625 mansue-

1873 677 1986 722 tum
2008 677 2064 723 et
2089 668 2337 721 humilem
2366 675 2421 719 et
2442 674 2751 719 trementem
2779 663 2935 716 verba
2961 678 3075 716 mea
3101 660 3234 733 (Ira.
3267 665 3437 718 m1)?

1874 757 2059 815 Solent
2097 760 2241 813 enim
2282 756 2592 811 humiliores
2618 755 2886 809 damones
2910 753 3029 823 ejici
3048 755 3115 807 ab
3143 754 3443 809 hominibus

1875 850 1981 907 fide
2074 848 2465 919 principalibus
2489 889 2506 915 ,
2613 850 2933 919 principales
2959 864 3140 903 rursus
3169 850 3439 905 daemones

1874 940 2040 1009 fugari
2065 941 2134 995 ab
2160 940 2467 994 humilibus.
2514 939 2637 994 Haec
2663 949 2785 994 sunt
2813 940 3063 994 miracula
3092 942 3259 996 sancti
3290 941 3439 996 Pauli

1873 1030 2146 1100 Simplicis
2172 1039 2225 1086 et
2254 1030 2489 1095 humilis,
2519 1030 2725 1097 aliaque
2747 1031 2891 1097 plura
2915 1040 2969 1085 et
2991 1030 3072 1086 his
3101 1031 3319 1102 majora.
3346 1033 3443 1088 llic

1872 1132 2094 1179 vocatus
2122 1132 2203 1179 est
2222 1122 2457 1192 Simplex
2488 1136 2519 1176 a
2542 1132 2649 1175 tota
2679 1120 3029 1177 fraternitate.

2430 1292 2654 1349 CAPUT
2685 1294 2872 1349 XXIX.

2265 1443 2386 1500 Vita
2428 1446 2624 1501 abbatis
2664 1448 2874 1503 Ραεήοη
2902 1451 3039 1521 (70).

1942 1594 2163 1662 Quidam
2196 1596 2408 1651 Pachon
2453 1599 2685 1663 nomine,
2717 1614 2839 1654 cum
2887 1603 3216 1670 pervenisset
3247 1607 3310 1661 ad
3340 1623 3438 1662 an-

1872 1702 1999 1741 num
2030 1690 2502 1756 septuagesimum,
2528 1691 2743 1745 sedebat
2782 1692 2833 1745 in
2875 1693 3049 1748 Scete.
3094 1695 3301 1752 Accidit
3346 1715 3442 1753 auo

1874 1783 1978 1829 tem
2003 1788 2058 1829 ut
2085 1792 2182 1844 ego
2204 1786 2419 1831 vexatus
2445 1780 2514 1832 ab
2540 1780 2815 1836 atTectione
2842 1782 3081 1839 [eminere
3118 1788 3440 1855 cupiditatis,

209 1869 325 1922 Non
356 1879 438 1921 est
470 1843 571 1920 hoc
598 1880 771 1920 meum
800 1879 971 1933 opus;
1003 1878 1124 1918 nam
1149 1870 1331 1918 contra
1363 1862 1502 1917 hunc
1529 1862 1770 1917 ordinem
1802 1843 1850 1902 Β
1882 1843 2392 1938 cogitationibusque
2430 1880 2483 1923 et
2504 1872 2634 1924 visis
2662 1874 2953 1935 nocturnis,
2989 1843 3441 1932 ferrem'difﬁcili:

212 1959 536 2019 daemonum.
578 1969 766 2025 nempe
806 1955 1173 2025 principalem,
1200 1953 1433 2007 nondum
1476 1952 1773 2007 sumdona-

210 2058 293 2103 tus
322 2049 514 2118 gratia,
541 2047 633 2102 sed
662 2046 776 2101 hac
800 2054 884 2101 est
912 2045 1056 2100 Pauli
1080 2045 1243 2114 gratia
1268 2044 1550 2113 Simplicis.
1576 2043 1773 2097 Abiens

209 2156 335 2210 ergo
387 2156 606 2210 magnus
636 2140 899 2195 Antonius
943 2139 1008 2192 ad
1056 2140 1481 2205 probatissimum
1535 2138 1775 2202 Paulum,

209 2233 351 2301 ipsus
379 2247 592 2301 quoque
620 2232 857 2293 deduxit,
889 2239 945 2286 et
972 2231 1101 2285 dicit
1127 2231 1175 2285 ei
1207 2248 1220 2284 :
1250 2230 1399 2285 Abba
1432 2231 1610 2296 Paule,
1640 2232 1773 2300 ejice

210 2325 352 2377 hunc
380 2325 677 2377 demouem
705 2322 773 2377 ab
800 2321 902 2376 hoc
932 2321 1165 2383 homine,
1196 2330 1251 2373 ut
1286 2336 1448 2375 sanus
1472 2320 1538 2374 ad
1564 2336 1655 2375 sua
1685 2337 1773 2376 re-

210 2412 357 2481 deat,
380 2422 436 2467 et
458 2414 735 2466 Dominum
757 2409 1035 2481 glorificet.
1066 2409 1201 2464 Dicit
1222 2411 1269 2463 ei
1297 2409 1487 2464 Paulus
1510 2425 1524 2464 :
1547 2409 1624 2464 Tu
1649 2426 1776 2464 vero

210 2502 379 2571 quid?
428 2502 561 2555 Dicit
609 2502 658 2555 ei
690 2501 950 2555 Antonius
994 2515 1009 2552 :
1061 2498 1171 2552 Non
1212 2506 1295 2553 est
1321 2499 1447 2552 mihi
1477 2496 1663 2567 otium,
1696 2510 1776 2552 est

212 2591 351 2645 aliud
378 2590 519 2658 quod
554 2605 728 2659 agam.
762 2591 824 2643 Et
854 2591 1035 2643 relicto
1066 2590 1172 2643 illic
1201 2602 1382 2656 puero,
1425 2602 1669 2643 reversus
1697 2598 1778 2643 est

212 2695 438 2751 magnus
481 2681 742 2736 Antonius
788 2681 837 2733 in
866 2694 1015 2733 suam
1043 2680 1250 2733 cellam.
1283 2680 1412 2733 Cum
1439 2695 1565 2749 ergo
1593 2694 1773 2734 surre-

214 2775 388 2828 xisset.
420 2774 676 2829 innocens
704 2785 891 2837 senex,
926 2780 979 2826 et
1017 2770 1284 2824 efficacem
1329 2767 1549 2823 fudisset
1578 2771 1775 2823 oratio-

215 2881 362 2931 aem,
396 2866 526 2919 dicit
555 2879 843 2932 provocans
869 2862 1253 2917 daemoniacum
1282 2879 1294 2914 :
1327 2860 1645 2915 Dixitabbas
1669 2862 1779 2914 An-

212 2954 406 3017 tonius,
436 2955 702 3023 Egredere
720 2954 786 3007 ab
810 2952 1043 3007 homine.
1071 2952 1283 3006 Damon
1307 2961 1481 3004 autem
1509 2965 1629 3005 cum
1656 2966 1778 3017 pro-

212 3042 322 3101 bris
342 3059 406 3099 ac
427 3044 720 3098 maledictis
742 3042 1088 3105 exclamabat,
1118 3042 1298 3095 dicens
1332 3058 1346 3093 :
1374 3040 1489 3095 Non
1512 3039 1770 3109 egrediar,

214 3134 416 3201 belluo,
448 3149 607 3188 senex
641 3132 753 3202 (68)
781 3143 1018 3202 nugator.
1047 3133 1272 3199 Accepta
1306 3131 1478 3197 itaque
1506 3130 1642 3196 pelle
1670 3145 1765 3182 sua

1882 1964 1982 2010 ter.
2013 1957 2252 2025 Cumque
2284 1973 2468 2023 parum
2509 1959 2716 2013 abesset
2745 1961 2868 2028 quin
2900 1972 3113 2031 propter
3146 1964 3278 2019 hanc
3318 1978 3439 2021 teu-

1878 2043 2134 2097 tationem
2184 2043 2384 2099 exirem
2411 2061 2441 2099 e
2473 2046 2785 2109 “solitudine.
2820 2050 2958 2116 quod
3011 2067 3095 2104 me
3142 2052 3255 2107 lucc
3280 2057 3443 2111 animi

1878 2135 2209 2202 perturbatio
2251 2146 2433 2205 ageret
2476 2138 2958 2205 vehementissime,
3013 2142 3197 2196 vicinis
3226 2144 3438 2212 quidem

1878 2224 2011 2277 meis
2037 2239 2149 2278 rem
2174 2240 2277 2279 non
2304 2228 2552 2293 exposui:
2577 2228 2669 2282 sed
2697 2243 2867 2299 neque
2889 2245 3007 2285 meo
3033 2233 3282 2301 magistro
3310 2234 3443 2287 Eva-

1875 2313 1992 2382 grio
2021 2312 2153 2386 [Αι.,
2188 2314 2429 2387 Eulogio]
2462 2333 2473 2370 :
2507 2316 2599 2372 sed
2629 2318 2854 2374 latenter
2882 2321 3097 2376 veniens
3119 2323 3170 2376 in
3196 2324 3440 2379 solitudi-

1878 2416 1998 2457 nem
2029 2404 2328 2472 quindecim
2379 2406 2569 2460 diebus
2605 2420 2847 2462 versatus
2876 2424 2991 2463 sum
3037 2425 3156 2465 cum
3202 2413 3440 2481 patribus

1880 2495 2280 2550 senescentibus
2310 2496 2361 2549 in
2385 2496 2689 2563 solitudine,
2719 2499 2804 2567 qui
2829 2509 2982 2554 erant
3012 2500 3063 2555 in
3090 2500 3264 2556 Scete.
3297 2502 3442 2558 Inter

1879 2599 2010 2653 quos
2041 2584 2197 2639 incidi
2224 2584 2380 2639 etiam
2405 2586 2456 2639 iu
2488 2596 2725 2641 sanctum
2758 2588 2923 2642 virutn
2956 2589 3274 2645 Pachonem.
3306 2590 3438 2646 Cum

1885 2687 2013 2740 ergo
2040 2674 2358 2729 invenissem
2388 2690 2507 2729 eum
2536 2676 2880 2731 sinceriorem
2909 2690 2958 2731 et
2984 2680 3149 2747 magis
3180 2693 3443 2741 versatum

1882 2764 1934 2816 in
1957 2766 2353 2830 exercitatione,
2375 2782 2533 2820 ausus
2553 2783 2667 2821 sunt
2689 2769 2737 2823 ei
2760 2784 2935 2823 meum
2959 2770 3189 2825 animum
3215 2773 3442 2841 aperire.

1881 2852 2024 2907 Dixit
2054 2863 2227 2908 autem
2273 2857 2398 2908 tuihi
2446 2858 2538 2911 ille
2568 2870 2782 2912 sanctus
2816 2876 2829 2911 :
2862 2859 2937 2912 Ne
2966 2861 3056 2912 tibi
3089 2861 3326 2915 videatur
3355 2879 3442 2918 res

1878 2936 2008 2989 mira
2030 2938 2270 2993 etaliena
2298 2955 2312 3003 ;
2347 2939 2446 2993 huc
2473 2941 2611 2994 enim
2645 2956 2748 2995 non
2772 2942 2863 2995 tibi
2891 2944 3084 2998 accidit
3111 2947 3176 3001 ob
3203 2948 3442 3011 delicias,

1880 3026 2150 3095 otiumque
2172 3039 2225 3082 et
2255 3029 2648 3097 negligentiam.
2682 3031 2812 3083 Nam
2843 3040 2897 3085 et
2936 3048 3111 3087 mores
3154 3035 3243 3087 tibi
3268 3036 3444 3090 ferunt

1882 3116 2265 3181 testimonium,
2297 3128 2347 3169 et
2377 3121 2589 3185 penuria
2619 3135 2801 3172 eorum
2825 3136 2941 3190 qua:
2971 3132 3092 3175 sunt
3120 3126 3440 3190 necessaria,

214 3192 748 3289 ovilla,'ve,bera‘ba{
770 3192 889 3279 ε,υῶ
922 3224 975 3277 in
1007 3192 1434 3292 tergm'dicens';
1486 3192 1775 3292 Egredere,
1809 3192 1856 3257 C
1885 3214 1940 3259 et
1968 3206 2106 3272 quod
2152 3206 2290 3259 nulla
2323 3208 2387 3260 sit
2418 3208 2501 3261 hic
2549 3210 2638 3261 tibi
2669 3211 2997 3264 consuetudo
3040 3227 3157 3265 cum
3198 3212 3447 3282 feminis;

213 3317 344 3369 dixit
369 3315 534 3370 abbas
557 3314 836 3368 Antonius.
871 3314 1085 3368 Daemon
1113 3323 1284 3367 autem
1316 3311 1612 3367 maledictis
1639 3313 1781 3367 inse-

214 3406 478 3475 quebatur
517 3405 735 3458 Paulum
776 3413 829 3459 et
853 3404 1159 3458 Antonium.
1188 3403 1471 3456 Helluones
1504 3403 1587 3456 isti
1617 3404 1666 3456 in
1696 3419 1780 3457 se-

216 3505 430 3549 nectute
476 3492 616 3565 (69),
666 3493 951 3556 veternosi,
1008 3491 1359 3553 insatiabiles,
1414 3496 1500 3559 qui
1560 3492 1782 3560 propriis

214 3597 481 3653 nunquam
513 3592 637 3639 sunt
664 3583 919 3648 contenti,
951 3582 1075 3649 quid
1102 3592 1181 3635 est
1209 3583 1355 3634 vob.s
1378 3597 1658 3635 commune
1689 3598 1782 3634 nu-

215 3674 420 3729 biscum
445 3673 468 3725 τ
493 3674 615 3744 quid
648 3673 698 3725 in
730 3687 825 3726 nos
860 3672 1119 3726 exercetis
1150 3670 1478 3740 tyrannidem
1504 3672 1524 3722 ?
1548 3670 1781 3724 Tandem

215 3766 348 3820 dicit
392 3766 441 3819 ei
492 3764 684 3819 Paulus
717 3780 729 3816 :
763 3766 864 3817 Aut
893 3762 1082 3826 exibis,
1114 3773 1200 3816 aut
1245 3763 1378 3816 abeo
1426 3772 1480 3814 ut
1533 3763 1581 3816 id
1612 3764 1781 3817 dicam

213 3855 452 3919 Christo,
478 3855 627 3923 isque
666 3853 818 3907 faciet
839 3862 895 3906 ut
936 3853 1004 3905 sit
1033 3852 1125 3905 tibi
1154 3868 1251 3905 vai.
1286 3852 1349 3905 At
1377 3851 1555 3905 Iesum
1580 3867 1786 3920 quoque

220 3944 435 4013 probris
482 3952 536 3997 et
564 3941 859 3995 maledictis
904 3941 1259 3996 insectabatur
1303 3940 1518 3994 immitis
1561 3942 1647 3994 ille
1674 3942 1783 3995 da:-

213 4047 363 4096 mon,
404 4034 639 4085 clamans
672 4031 827 4085 :Non
870 4030 1046 4085 exibo.
1100 4030 1173 4083 Ea
1200 4030 1267 4085 de
1293 4045 1448 4085 causa
1482 4031 1784 4099 indignatus

213 4121 413 4175 Paulus
443 4120 694 4173 adversus
722 4121 1037 4179 daemonem,
1089 4133 1334 4186 egressus
1362 4130 1443 4172 est
1472 4135 1501 4173 e
1527 4135 1624 4173 suo
1655 4120 1780 4173 hos-

214 4211 346 4280 pitio
379 4212 430 4261 in
463 4211 575 4277 ipso
601 4218 792 4276 puncto
822 4207 1057 4261 meridiei
1078 4224 1092 4272 ;
1117 4208 1267 4261 aestui
1300 4217 1473 4261 autem
1508 4208 1785 4278 Egyptio-

214 4314 333 4353 rum
387 4298 665 4351 intercedit
722 4298 968 4367 cognatio
1022 4311 1139 4349 cum
1194 4300 1407 4351 turnace
1477 4298 1784 4367 Babylonia.

217 4387 381 4442 Stans
432 4402 560 4455 ergo
605 4400 819 4441 sanctus
869 4401 1029 4439 senex
1063 4396 1306 4454 tanquam
1338 4385 1584 4439 columna
1629 4403 1789 4453 super

216 4487 421 4545 petram
447 4515 460 4539 ,
501 4478 578 4529 sic
603 4485 720 4528 orat
756 4474 1045 4541 Christum,
1077 4474 1260 4528 dicens
1293 4493 1304 4525 :
1339 4474 1417 4527 'l‘u
1457 4475 1624 4540 vides,
1657 4477 1782 4531 Jesu

1882 3292 1975 3347 sed
2007 3295 2180 3362 potius
2225 3295 2324 3348 hoc
2357 3296 2444 3350 tibi
2476 3299 2666 3351 accidit
2694 3299 2760 3352 ab
2784 3300 3088 3355 adversario
3118 3302 3185 3356 ob
3210 3305 3443 3360 studiqu

1887 3383 2120 3436 virtutis.
2155 3383 2247 3436 Est
2274 3385 2415 3438 enim
2448 3386 2637 3452 triplex
2667 3386 2834 3441 hostis
2857 3391 2944 3456 qui
2989 3391 3211 3455 impellit
3236 3392 3301 3445 ad
3332 3393 3444 3446 for-

1888 3476 2222 3529 nicationem.
2253 3476 2549 3546 Aliquando
2588 3480 2729 3530 enim
2775 3492 2870 3530 nos
2908 3492 3035 3532 caro
3070 3478 3446 3536 iuvaditluxu—

1884 3568 2049 3632 rians,
2080 3578 2130 3621 et
2154 3583 2273 3637 qum
2303 3569 2459 3623 nimis
2490 3570 2625 3622 laute
2653 3580 2705 3622 et
2734 3570 2955 3623 delicate
2984 3578 3066 3623 est
3093 3581 3275 3625 curata
3301 3589 3315 3637 ;
3350 3576 3448 3626 ali.

1884 3658 2093 3723 quando
2115 3666 2291 3711 autem
2322 3658 2371 3710 iu
2403 3673 2501 3712 nos
2535 3658 2808 3727 insurgunt
2839 3669 3013 3713 tnotus
3044 3662 3202 3713 animi
3237 3676 3451 3730 prepter

1884 3750 2267 3815 cogitationes;
2313 3750 2596 3817 aliquando
2638 3762 2813 3803 autem
2863 3751 2972 3816 ipse
3002 3766 3214 3821 quoque
3241 3752 3452 3809 damon

1886 3837 1936 3891 in
1979 3853 2075 3893 nos
2114 3849 2327 3893 exercet
2375 3840 2706 3910 tyrannidem
2754 3849 2970 3908 pr0pter
3012 3842 3257 3894 iuvidiarn
3284 3859 3298 3907 ;
3330 3858 3453 3898 nam

1885 3942 1984 3994 ego
2013 3943 2227 3997 quoque
2268 3930 2429 3981 multa
2461 3930 2776 3995 observans,
2822 3931 2921 3982 hoc
2949 3930 3144 3983 inveni.
3175 3931 3314 3987 Ecce
3344 3948 3450 3997 me,

1889 4028 1943 4071 ut
1966 4020 2135 4083 vides,
2166 4020 2431 4074 hominem
2459 4036 2678 4087 senem;
2710 4037 2828 4076 cum
2854 4023 2962 4091 jam
2994 4025 3454 4092 quadragesimum

1887 4125 2081 4163 annum
2107 4111 2291 4177 degant
2326 4113 2376 4166 in
2406 4113 2502 4168 hac
2528 4114 2677 4177 cella,
2710 4129 2891 4168 curam
2930 4130 3120 4183 gerens
3150 4132 3280 4170 meae
3308 4119 3452 4171 salu-

1889 4199 1977 4263 tis,
2006 4210 2059 4254 et
2088 4203 2153 4255 ad
2195 4202 2329 4257 hanc
2366 4214 2575 4259 aetatem
2606 4208 2957 4273 pervenerim,
2989 4216 3161 4260 lentor
3202 4223 3368 4276 usque
3398 4212 3451 4264 in

1889 4290 2201 4346 hodiernum
2230 4294 2392 4348 diem.
2426 4296 2491 4349 Et
2533 4297 2730 4362 juravit
2769 4298 2950 4351 dicens
2980 4313 2995 4351 :
3027 4297 3143 4352 Jam
3172 4299 3452 4356 duodecim

1888 4382 2042 4434 annis
2089 4394 2361 4452 postquam
2415 4386 2642 4452 transegi
2684 4401 2876 4438 annum
2935 4387 3451 4455 quinquagesimum,

1890 4475 2085 4529 nullam
2108 4476 2248 4529 diem
2279 4492 2377 4529 nec
2402 4487 2609 4531 noctem
2632 4476 2914 4532 intermisit
2935 4494 3034 4547 qua
3065 4494 3147 4532 me
3175 4497 3277 4533 non
3309 4481 3453 4533 inva-

213 4541 449 4630 Christe,
482 4566 569 4632 qui
614 4566 754 4619 fuisti
785 4567 1067 4620 crucifixus
1114 4566 1210 4619 sub
1256 4565 1444 4620 Pontio
1476 4565 1667 4630 Pilato,
1700 4582 1785 4622 me
1814 4541 1866 4599 Β
1893 4567 2044 4618 serit.
2082 4565 2210 4619 Cum
2244 4567 2416 4635 itaque
2462 4568 2760 4635 suspicatus
2788 4541 2964 4621 essem.
3001 4567 3162 4621 Deum
3196 4584 3224 4621 a
3256 4586 3339 4623 me
3369 4586 3455 4624 re-

216 4673 323 4712 n0u
357 4659 735 4711 descensurum
781 4673 841 4710 ex
877 4658 974 4711 hac
1024 4666 1195 4725 Petra,
1252 4672 1422 4726 neque
1448 4674 1659 4711 esurutn
1690 4674 1789 4712 nec

218 4748 511 4802 bibiturum
538 4747 709 4801 donec
756 4748 968 4814 moriar,
1016 4748 1117 4801 nisi
1149 4763 1233 4802 me
1278 4765 1416 4801 nunc
1442 4751 1693 4815 audieris,
1735 4760 1790 4806 et

218 4837 365 4890 hunc
395 4838 691 4889 dmmortcm
720 4837 787 4889 ab
819 4837 1030 4891 homine
1061 4836 1301 4905 eieceris,
1332 4846 1381 4892 et
1414 4854 1443 4891 a
1471 4841 1656 4906 spiritu
1686 4840 1789 4893 im-

219 4927 425 4981 mundo
473 4927 639 4994 ipsum
676 4926 997 4981 liberaveris.
1030 4927 1214 4981 Adhuc
1242 4943 1362 4982 cum
1388 4928 1512 4982 Jesu
1543 4930 1790 4998 loquente

214 5019 443 5086 simplici
459 5030 509 5070 et
526 5018 704 5070 humili
726 5019 1217 5087 Paulo,priusquaui
1234 5020 1343 5087 ipse
1360 5034 1538 5086 preces
1554 5021 1791 5086 perfecis-

214 5116 319 5172 set,
335 5108 881 5172 exclamavitdtemon,
897 5110 1107 5163 d‘.cens:
1127 5110 1354 5173 Recedo,
1372 5112 1637 5178 recedo,vi
1652 5126 1791 5179 egre-

215 5201 358 5262 dior,
384 5210 435 5254 ct
460 5214 552 5267 per
576 5200 905 5271 tyrannidem
934 5214 997 5253 cx
1010 5200 1206 5268 pellor;
1231 5202 1443 5254 discedo
1463 5201 1528 5256 ab
1553 5200 1786 5269 homine,

216 5309 322 5347 non
354 5295 576 5359 amplius
604 5294 668 5347 ad
691 5309 811 5348 eum
852 5295 1065 5347 accedo.
1101 5291 1243 5346 Pauli
1278 5294 1582 5361 simplicitas
1611 5303 1665 5346 et
1692 5293 1791 5345 hu-

215 5382 415 5435 militas
440 5396 524 5435 me
549 5382 785 5450 expellit,
816 5397 986 5450 neque
1011 5383 1124 5436 scio
1150 5398 1255 5452 quo
1282 5384 1485 5437 abeam.
1515 5382 1788 5436 Protinus-

216 5486 322 5539 que
349 5471 480 5525 exiit
508 5470 737 5538 dazmon,
773 5482 826 5525 et
853 5480 1085 5526 mutatus
1136 5484 1217 5526 est
1246 5473 1299 5526 in
1348 5474 1633 5527 maximum
1664 5473 1789 5526 dra-

214 5574 406 5616 conem
433 5563 642 5616 circiter
662 5564 995 5631 septuaginta
1024 5563 1345 5631 cubitorum,
1380 5565 1683 5633 receditque
1706 5579 1790 5617 re-

216 5659 375 5719 ptans
406 5652 457 5705 in
489 5666 633 5705 mare
680 5652 913 5707 Rubrum
970 5664 1026 5708 ut
1054 5654 1362 5719 impleretur
1404 5656 1540 5719 quod
1590 5656 1786 5707 dictum

215 5753 304 5800 est
335 5759 426 5815 per
448 5755 687 5800 sanctum
717 5742 967 5813 Spiritum
998 5764 1011 5803 :
1045 5745 1226 5802 Fidem
1247 5762 1363 5817 qua:
1392 5746 1787 5803 demonStratur

1893 4657 2137 4720 cessisse,
2169 4657 2588 4726 quandoquidem
2622 4669 2762 4710 tanta
2786 4658 2836 4711 iu
2867 4674 2950 4712 me
2978 4659 3185 4711 daemon
3215 4670 3456 4715 uteretur

1896 4756 2174 4814 potestate,
2228 4749 2399 4815 potius
2428 4748 2596 4815 delegi
2632 4750 2761 4801 mori
2801 4749 2999 4817 absque
3031 4751 3251 4813 ratione,
3293 4768 3454 4819 quam

1898 4838 2022 4888 vitio
2067 4837 2451 4904 aﬂectioneque
2499 4838 2775 4904 corporis.
2825 4853 2909 4891 me
2964 4842 3186 4904 turpiter
3239 4855 3448 4907 gerere.

1896 4928 2254 4996 Egressusque
2294 4943 2321 4979 a
2352 4929 2484 4981 cella
2516 4942 2652 4993 mea,
2681 4938 2732 4982 et
2760 4931 2945 4983 obiens
2976 4932 3332 4997 solitudinem,
3368 4934 3450 4986 in-

1896 5020 2012 5070 veni
2045 5018 2345 5085 speluncam
2380 5018 2599 5088 hyaenai.
2647 5019 2699 5071 In
2728 5034 2883 5087 quam
2916 5025 3219 5087 speluncam
3250 5037 3335 5075 me
3359 5039 3455 5075 fill-

1895 5108 2019 5161 dum
2046 5109 2236 5162 immisi
2269 5116 2377 5161 toto
2403 5109 2508 5171 die,
2537 5117 2594 5161 ut
2612 5108 2735 5162 ferte
2760 5124 2986 5176 egressa:
3014 5126 3097 5164 me
3118 5111 3453 5165 deret-arent.

1897 5199 2177 5267 Postquam
2220 5210 2393 5253 autem
2432 5201 2529 5252 fuit
2573 5216 2823 5268 vespera,
2871 5214 3022 5265 prout
3051 5203 3304 5267 scriptum
3350 5215 3455 5268 est,

1895 5287 1984 5341 Sol
2008 5288 2256 5356 cognovit
2277 5303 2542 5343 occasum.
2578 5289 2801 5343 Posuisti
2835 5290 3098 5352 tenebras,
3132 5303 3183 5344 et
3216 5293 3349 5345 facta
3376 5300 3459 5345 est

1898 5394 2022 5431 nox.
2056 5378 2108 5432 In
2141 5378 2251 5445 ipsa
2284 5380 2577 5433 transibunt
2623 5394 2807 5433 omnes
2856 5380 3035 5433 bestia:
3086 5381 3254 5435 silvas.
3286 5381 3456 5437 Calui

1893 5469 2101 5523 leonum
2130 5470 2397 5538 rugientes
2424 5480 2479 5522 ut
2508 5470 2714 5536 rapiant
2740 5480 2792 5523 et
2823 5479 3061 5538 ψιιετιιιιι
3090 5487 3117 5524 a
3144 5472 3248 5525 Deo
3272 5486 3449 5524 eseam

1892 5560 1989 5613 sibi
2022 5558 2189 5629 (Paul.
2222 5563 2359 5629 cm).
2409 5560 2653 5631 Egi-essm
2695 5576 2822 5630 ergo
2852 5562 2975 5615 fera:
3018 5562 3069 5615 in
3100 5562 3182 5616 illa
3216 5562 3365 5627 liora,
3398 5573 3455 5617 ct

1893 5653 2159 5705 masculus
2199 5660 2251 5705 et
2296 5650 2511 5713 femina,
2560 5667 2644 5706 me
2672 5665 2701 5704 a
2732 5652 2951 5717 pedibus
2979 5653 3043 5707 ad
3085 5665 3240 5720 caput
3286 5668 3455 5721 usque

1894 5744 2097 5801 odorati
2127 5751 2267 5808 sunt,
2301 5744 2780 5813 circumiingeutes.
2826 5744 3064 5815 Cumque
3086 5754 3456 5814 exspectarem
