4258 6358
778 390 915 455 1087

2234 396 2549 455 PALLADII

3882 405 4019 464 1088

782 534 899 587 fore
937 538 994 585 ut
1019 527 1322 590 devorarer,
1355 539 1381 576 a
1410 537 1496 578 me
1533 528 1887 577 recesserunt.
1917 519 2049 573 Cum
2081 533 2208 585 ergo
2237 520 2340 571 illic
2369 524 2417 581 Α
2444 519 2894 583 rescinderentur,
2924 534 3027 573 non
3055 534 3207 575 secus
3234 534 3297 575 ac
3322 521 3365 574 si
3396 529 3575 575 essent
3608 519 3693 587 pili
3712 517 4017 581 insensites,

786 632 893 678 tota
921 629 1072 675 nocte
1096 618 1401 688 jacuissem,
1434 630 1540 669 non
1581 612 1658 668 fui
1683 614 1987 667 devoratus.
2021 611 2346 663 Existimans

784 731 909 784 ergo
936 712 1098 769 Deum
1127 711 1341 765 omnino
1364 708 1491 762 mihi
1514 706 1838 776 pepercisse,
1871 704 2097 758 surrexi.
2144 703 2346 755 Rursus

789 820 916 860 vero
946 803 997 857 in
1037 801 1225 856 cellam
1265 798 1420 853 redii.
1471 798 1599 850 Cum
1648 805 1822 849 autem
1868 810 1925 848 se
1955 794 2132 861 paucis
2163 792 2346 845 diehus

786 892 1129 951 continuisset
1174 892 1401 955 daemon,
1447 904 1531 942 me
1579 897 1657 941 est
1709 886 1925 938 adortus
1978 882 2347 937 vehementius

789 1002 947 1054 quam
976 993 1152 1049 antea,
1186 991 1245 1036 ut
1267 995 1453 1050 parum
1479 978 1704 1033 abfuerit
1743 978 1866 1045 quin
1898 976 2343 1039 blaSpbcmarem.

789 1078 1213 1134 Transformatus
1239 1074 1381 1127 enim
1410 1087 1529 1124 cum
1552 1079 1692 1123 esset
1719 1067 2024 1135 in'puellam
2058 1064 2350 1131 EthiOpis—

791 1183 924 1232 sam,
957 1180 1112 1231 quam
1144 1166 1194 1217 in
1225 1176 1341 1216 mea
1367 1163 1640 1229 iuventute
1670 1158 1899 1211 videram
1941 1165 2127 1211 testate
2177 1156 2350 1220 spicas

792 1258 1076 1324 legentem,
1107 1268 1168 1308 ea
1211 1252 1339 1304 mihi
1389 1253 1497 1302 visa
1540 1259 1620 1303 est
1650 1249 1781 1301 meis
1813 1247 2040 1300 insidere
2085 1248 2348 1314 genibus;

792 1360 979 1411 meque
1003 1360 1169 1412 usque
1198 1342 1330 1395 adeo
1360 1340 1645 1395 commovit
1673 1349 1728 1392 ut
1750 1350 1986 1406 putarem
2030 1352 2115 1392 me
2142 1352 2259 1388 cum
2288 1352 2347 1389 ea

789 1435 1039 1490 coivisse.
1070 1434 1268 1488 Furore
1296 1445 1421 1499 ergo
1461 1430 1693 1499 percitus
1744 1430 1931 1496 impegi
1962 1428 2007 1480 ei
2036 1427 2347 1492 colaphum;

791 1539 958 1592 eaque
986 1525 1065 1577 sic
1110 1523 1339 1577 evanuit.
1390 1520 1497 1574 Hoc
1538 1528 1713 1573 autem
1758 1518 2070 1572 mihicrede
2116 1517 2349 1570 dicenti:

794 1615 1006 1670 biennio
1034 1630 1134 1669 non
1166 1622 1400 1680 poteram
1435 1612 1571 1665 ferre
1596 1625 1779 1668 manus
1803 1626 1933 1664 meae
1954 1608 2195 1663 fetorem.
2225 1609 2350 1660 Cum

792 1720 920 1772 ergo
951 1705 1048 1757 hac
1076 1704 1140 1757 de
1168 1718 1325 1756 causa
1359 1702 1531 1770 pusilli
1553 1710 1604 1753 ct
1632 1698 1819 1765 abjecti
1850 1698 2008 1750 animi
2038 1701 2352 1761 evasisscm,

791 1804 843 1848 et
875 1794 940 1847 de
963 1808 1047 1848 me
1073 1808 1282 1846 omnem
1302 1806 1446 1856 spem
1474 1789 1804 1855 ahjecissem,
1834 1802 2079 1855 egressus
2100 1801 2214 1840 sum
2236 1801 2355 1853 per-

2447 610 2518 663 ita
2558 610 2751 663 mansit
2790 612 3168 677 immutabilis,
3209 623 3314 666 tam
3350 612 3624 680 insigniter
3650 621 3705 665 et
3733 612 4022 665 admirabi-

2447 698 2566 752 liter
2586 708 2700 753 erat
2725 714 2756 752 a
2788 701 2898 754 Deo
2942 701 3250 755 instructus.
3295 702 3429 756 Cum
3471 716 3568 755 nos
3595 710 3797 763 autem,
3824 702 4014 768 inquit.

2447 791 2635 858 partim
2691 806 3037 860 angercmur,
3070 796 3259 859 partim
3306 808 3430 848 vero
3484 803 3829 855 terreremur,
3877 794 4017 861 quod

2447 882 2577 933 tanti
2610 882 2707 935 viri
2740 882 2865 936 talis
2899 885 3005 935 vita
3035 885 3084 936 in
3118 892 3319 937 tantum
3353 885 3593 938 morbum
3638 885 3936 946 incidisset,
3968 894 4023 936 et

2450 972 2581 1025 tales
2609 972 2931 1026 medicorum
2961 976 3313 1041 exsectiones,
3345 983 3557 1029 nostras
3601 986 3780 1029 autem
3811 975 4021 1043 cogita-

2451 1061 2623 1115 tiones
2646 1063 2897 1115 sensisset
2928 1063 3113 1118 beatus
3140 1065 3438 1132 Stephanus
3476 1067 3683 1120 dicebat
3708 1068 3865 1120 nobis
3901 1086 3910 1117 :
3950 1067 4026 1120 Ne

2450 1163 2515 1204 ex
2544 1150 2642 1204 hac
2671 1166 2729 1203 re
2749 1151 3110 1212 offendamini.
3139 1169 3170 1206 o
3193 1154 3284 1206 lilii
3316 1169 3333 1220 ;
3380 1154 3509 1208 nihil
3538 1158 3677 1209 enim
3707 1155 3847 1222 quod
3883 1154 4025 1208 Deus

2452 1238 2600 1305 facit,
2632 1240 2697 1292 ad
2727 1226 2921 1293 malum
2956 1256 3182 1310 unquam
3219 1243 3359 1305 facit,
3395 1244 3488 1297 sed
3518 1245 3583 1297 ad
3615 1246 3807 1299 bonum
3842 1246 4023 1298 linem.

2456 1332 2704 1387 Fortasse
2746 1334 2889 1387 enim
2933 1335 3169 1387 membra
3213 1335 3553 1389 merebantur
3597 1337 3940 1404 supplicium,
3976 1350 4029 1391 et

2454 1426 2642 1479 melius
2663 1434 2744 1479 est
2772 1440 2834 1479 ea
2870 1426 2954 1478 hic
2982 1426 3109 1481 dare
3148 1442 3353 1495 ptenas,
3384 1442 3539 1496 quam
3590 1439 3708 1496 post
3736 1443 4027 1483 excessmn

2453 1532 2517 1570 ex
2548 1517 2646 1570 hoc
2673 1516 2863 1569 stadio.
2890 1516 3021 1569 Cum
3046 1532 3142 1570 nos
3165 1532 3292 1586 ergo
3315 1518 3393 1571 sic
3420 1526 3502 1573 est
3528 1519 3767 1572 hortatus
3787 1559 3802 1583 ,
3826 1530 3881 1572 et
3908 1534 4031 1571 ver-

2454 1606 2536 1659 bis
2565 1606 2898 1659 coufirmavit
2926 1605 2991 1658 ad
3025 1606 3381 1670 tolerantiam,
3423 1608 3704 1660 aedificavit
3726 1608 3790 1659 ad
3823 1608 4028 1660 fortiter

2457 1695 2700 1749 ferendas
2727 1694 3057 1749 afflictiones.
3088 1696 3208 1749 Haec
3235 1704 3411 1751 autem
3437 1698 3666 1759 narravi,
3694 1712 3761 1751 ne
3783 1697 4029 1751 videatur

2457 1784 2614 1838 nobis
2643 1785 2893 1849 alienum,
2918 1786 3127 1852 quando
3156 1786 3444 1843 viderimus
3473 1787 3677 1858 aliquos
3697 1798 3917 1843 sanctos
3948 1790 4031 1841 in-

793 1898 979 1938 errans
1027 1894 1223 1936 vastam
1265 1880 1624 1945 solitudinem,
1666 1888 1720 1932 et
1750 1879 1922 1933 inveni
1974 1892 2186 1943 parvam
2213 1879 2354 1943 aspi-
2390 1874 2431 1931 Β
2459 1876 2651 1931 cidisse
2678 1877 2728 1929 in
2752 1874 2885 1930 tales
2913 1877 3262 1931 calamitates.

788 1975 933 2030 dem.
965 1974 1131 2039 Quam
1152 1987 1270 2026 cum
1304 1972 1648 2039 accepissem,
1675 1984 1790 2022 eam
1814 1968 2075 2021 admoveo
2101 1967 2235 2020 meis
2259 1981 2349 2034 ge-

791 2068 1059 2128 nitalibus,
1091 2074 1147 2117 ut
1166 2063 1245 2117 vel
1274 2063 1349 2115 sic
1377 2076 1580 2115 morsus
1609 2074 1881 2122 morerer;
1915 2067 2109 2112 etcum
2150 2058 2227 2111 eis
2257 2071 2347 2109 ca-

793 2169 891 2228 put
913 2155 1148 2210 virilibus
1165 2154 1534 2221 applicassem,
1565 2160 1618 2203 ut
1646 2166 1762 2219 quae
1790 2150 1914 2203 mihi
1943 2148 2161 2202 fuissent
2192 2162 2349 2201 causa

790 2244 1112 2305 tentationis,
1164 2257 1232 2296 ne
1268 2243 1342 2295 sic
1382 2240 1594 2309 quidem
1649 2254 1853 2292 morsus
1883 2252 1997 2291 sum
2026 2238 2203 2305 gratia:
2234 2251 2351 2303 pro-

790 2334 1039 2391 videntia.
1092 2333 1215 2388 Post
1258 2332 1371 2385 haec
1416 2340 1589 2385 autem
1635 2330 1815 2383 audivi
1854 2344 2037 2383 vocem
2085 2328 2347 2381 dicentem

795 2428 922 2482 tuilti
968 2427 1021 2481 in
1067 2440 1181 2479 mea
1233 2424 1597 2492 cogitatione:
1640 2422 1758 2485 Abi,
1824 2421 2055 2487 Pachon,
2104 2418 2350 2477 decerta;

792 2518 915 2573 ideo
943 2516 1081 2571 enim
1124 2514 1337 2583 permisi
1366 2517 1415 2567 in
1445 2522 1495 2565 te
1524 2521 1718 2566 tantam
1754 2511 1986 2563 exerceri
2018 2518 2348 2575 potestatem,

794 2627 861 2665 ne
891 2610 982 2663 tibi
1017 2615 1155 2663 esset
1183 2607 1372 2660 elatior
1402 2612 1455 2658 et
1484 2603 1815 2672 arrogantior
1843 2602 2080 2669 spiritus,
2135 2598 2354 2668 perinde

793 2715 857 2754 ac
885 2700 995 2767 ipse
1023 2710 1204 2760 posses
1250 2695 1385 2747 hanc
1413 2706 1662 2759 superare
1684 2690 2013 2744 aXectiOuem
2050 2708 2062 2743 ε
2088 2690 2177 2742 scd
2212 2699 2351 2741 tuam

792 2801 1105 2857 agnosceres
1135 2784 1568 2845 imbecillitatem,
1610 2790 1666 2835 et
1711 2782 1761 2833 itt
1812 2789 1913 2833 tute
1949 2782 2067 2831 vitae
2113 2780 2351 2832 instituto

795 2892 1061 2945 nunquam
1094 2875 1315 2927 haberes
1365 2873 1641 2933 fiduciam,
1691 2870 1782 2923 sed
1832 2882 2137 2922 recurreres
2165 2867 2228 2919 ad
2262 2865 2353 2918 Dei

791 2970 1061 3024 auxilium.
1095 2966 1185 3020 Sic
1227 2973 1400 3018 autem
1454 2962 1757 3014 admonitus
1787 2970 1840 3013 et
1883 2959 2247 3022 confirmatus,
2288 2958 2353 3010 ad

794 3060 982 3115 cellam
1006 3072 1122 3111 sum
1149 3069 1413 3116 reversus,
1438 3061 1492 3106 et
1518 3052 1767 3119 deinceps
1790 3050 1981 3105 sedens
2004 3066 2122 3103 cum
2145 3049 2351 3113 fiducia,

790 3163 845 3210 et
894 3151 1089 3205 nullam
1138 3147 1261 3202 belli
1311 3160 1490 3199 curam
1521 3158 1729 3210 gerens,
1774 3144 2001 3209 reliquos
2039 3143 2148 3196 dies
2179 3141 2263 3211 egi
2297 3140 2350 3193 itt

796 3259 945 3315 pace.
994 3242 1211 3294 Daemon
1258 3246 1431 3291 autem
1480 3251 1597 3289 cum
1642 3234 1977 3303 cognovisset
2021 3248 2190 3287 meam
2239 3231 2355 3301 ejus
2384 3225 2429 3287 C

796 3334 1221 3403 despicientiam,
1271 3329 1469 3398 pudore
1499 3327 1749 3393 deinceps
1777 3324 2014 3388 affectus,
2044 3326 2107 3378 ad
2138 3339 2223 3378 me
2252 3339 2355 3376 non

798 3423 1021 3478 accessit
1042 3419 1288 3487 amplius.
1315 3417 1413 3470 llis
1436 3416 1610 3468 verbis
1637 3428 1756 3467 cum
1788 3415 1851 3466 ad
1884 3415 2075 3467 luctatn
2104 3414 2359 3466 adversus

798 3512 1049 3569 Satanam
1082 3527 1168 3563 me
1196 3510 1579 3570 confirmasset,
1606 3514 1660 3560 et
1680 3505 1745 3558 ad
1777 3504 1969 3558 bellum
1998 3504 2353 3565 instruxisset,

798 3618 852 3665 et
881 3609 1157 3663 adversum
1198 3606 1489 3658 dmmonem
1523 3598 1888 3655 fornicationis
1921 3612 2005 3651 me
2033 3605 2268 3664 parasset
2302 3611 2361 3648 ac

799 3701 1084 3762 docuisset,
1116 3696 1333 3759 dimisit,
1353 3694 1544 3763 jubens
1584 3699 1640 3744 ut
1669 3690 1787 3745 forti
1810 3692 1987 3744 animo
2008 3704 2092 3743 me
2121 3704 2357 3758 gererem

799 3788 851 3839 in
876 3787 1137 3840 omnibus.

1376 3871 1598 3927 CAPUT
1622 3871 1790 3924 XXX.

1188 3960 1307 4014 Vt'ta
1338 3961 1542 4013 Abbatis
1572 3960 1821 4026 Stephani
1846 3959 1980 4029 (7|).

866 4056 1163 4122 Stephanus
1210 4055 1421 4122 quidam
1474 4055 1595 4108 Libs
1646 4070 1858 4122 genere,
1909 4056 2045 4108 sedit
2086 4056 2355 4122 sexaginta

796 4160 962 4197 annos
992 4159 1055 4198 ex
1098 4145 1260 4198 latere
1287 4143 1398 4211 (72)
1427 4144 1748 4198 Marmaricae
1774 4154 1824 4197 et
1856 4145 2122 4197 Mat-core.
2166 4145 2211 4198 ls
2237 4162 2354 4199 cum

805 4234 992 4287 fuisset
1019 4247 1226 4287 summe
1247 4244 1483 4287 versatus
1509 4234 1560 4285 in
1583 4234 1976 4299 exercitatione,
2006 4246 2058 4287 et
2080 4245 2222 4289 esset
2245 4235 2358 4289 dis-

794 4323 1043 4377 cernendi
1070 4330 1327 4390 potestate
1356 4321 1641 4388 pt'azditus.
1719 4319 1858 4373 hanc
1944 4321 2173 4391 gratiam
2256 4331 2342 4376 est

793 4423 1127 4476 Consecutus,
1150 4423 1204 4466 ut
1229 4414 1524 4482 quicunque
1544 4428 1665 4466 eum
1693 4415 2015 4477 conveniret,
2059 4431 2085 4467 a
2126 4431 2361 4484 quacun-

794 4520 895 4572 que
922 4503 1249 4559 cruciaretur
1287 4504 1549 4568 molestia,
1584 4502 1628 4555 is
1662 4504 1900 4556 molestia
1935 4521 2128 4559 vacuus
2176 4508 2243 4559 ab
2289 4522 2354 4559 eo

3012 1986 3236 2042 CAPUT
3264 1986 3456 2043 XXXI.

2811 2075 2887 2131 De
2929 2076 3135 2130 Valente
3166 2079 3297 2146 (73)
3330 2080 3415 2148 qui
3455 2081 3665 2138 excidit.

2528 2166 2650 2222 Fuit
2689 2166 2901 2237 quidam
2934 2167 3166 2235 Valens,
3197 2184 3391 2238 genere
3419 2172 3632 2239 quidem
3665 2172 4018 2240 Palatinus,

2454 2270 2632 2315 mente
2682 2270 2860 2316 autem
2919 2261 3263 2327 Corinthius;
3313 2262 3604 2318 Corinthiis
3644 2266 3785 2319 enim
3839 2266 4029 2320 vitiutn

2454 2353 2741 2407 inflationis
2770 2352 2955 2407 tribuit
2976 2364 3191 2409 sanctus
3213 2353 3426 2420 Paulus,
3454 2353 3636 2409 dicens
3669 2373 3683 2410 :
3715 2355 3781 2410 Et
3814 2371 3911 2411 vos
3944 2360 4030 2411 iu-

2454 2447 2559 2500 ﬂati
2592 2449 2719 2500 estis
2743 2447 2788 2516 (Ι
2818 2446 2938 2501 Cor.
2959 2449 3038 2517 v).
3069 2447 3168 2513 Qui
3194 2463 3313 2502 cum
3338 2450 3567 2504 venisset
3589 2450 3640 2503 in
3664 2450 4028 2516 solitudinem,

2456 2542 2567 2606 ipse
2582 2554 2788 2607 quoque
2801 2540 2979 2606 plures
2992 2555 3158 2593 annos
3174 2540 3739 2600 habitavitfnobiscum.
3758 2542 3833 2595 Eo
3848 2553 4030 2596 autem

2466 2630 2720 2695 processit
2733 2628 3015 2696 superbiae,
3040 2638 3094 2682 ut
3106 2630 3358 2700 deceptus
3376 2631 3444 2685 sit
3456 2646 3487 2684 a
3502 2633 3856 2688 dtemonibus.
3877 2633 3952 2687 Ex
3968 2650 4033 2686 eo

2455 2721 2595 2771 enim
2643 2718 2781 2786 quod
2814 2718 2928 2787 ipse
2961 2721 3207 2787 paulatim
3239 2721 3604 2790 deciperetur,
3656 2722 3781 2777 fecit
3831 2733 3888 2776 ut
3916 2723 4033 2792 ipse

2456 2809 2523 2860 de
2552 2822 2609 2861 se
2639 2809 2915 2877 magnifice
2943 2824 3005 2864 ac
3035 2811 3287 2877 pra-clare
3314 2813 3557 2878 sentiret,
3612 2824 3859 2881 tanquam
3907 2829 4032 2868 cura

2456 2911 2519 2950 eo
2567 2908 2905 2952 versarentur
2933 2902 3132 2968 angeli,
3163 2903 3315 2969 eique
3347 2904 3398 2955 in
3447 2903 3669 2972 singulis
3719 2905 3982 2959 ministeri
4007 2922 4033 2959 s

2458 2991 2793 3044 inservirent.
2820 2991 3060 3056 Quodam
3084 3004 3229 3047 certe
3255 2995 3372 3058 die,
3423 3005 3477 3047 ut
3523 2997 3832 3061 narrabant,
3889 3011 4019 3050 cum

2457 3090 2767 3146 operaretur
2796 3082 2848 3134 in
2880 3083 3114 3137 tenebris
3133 3126 3147 3149 ,
3181 3099 3330 3138 acum
3356 3085 3564 3140 dimisit
3606 3102 3708 3155 qua
3738 3089 4034 3141 consuebat

2459 3178 2721 3236 sportam.
2755 3171 2921 3237 Quam
2965 3188 3084 3227 cum
3128 3176 3239 3241 ipse
3271 3190 3372 3227 non
3406 3176 3711 3243 invenisset,
3743 3177 3955 3231 dcenton
3985 3180 4033 3232 ei

2462 3260 2582 3312 fecit
2610 3261 2931 3327 lampadem,
2960 3271 3014 3315 et
3038 3264 3236 3317 invenit
3264 3279 3438 3318 acum.
3466 3265 3576 3319 Hoc
3600 3266 3816 3320 nomine
3842 3282 4035 3321 rursus

2460 3350 2695 3415 inflatus,
2730 3352 3064 3419 magnificam
3095 3353 3163 3407 de
3191 3368 3248 3407 se
3280 3355 3451 3409 induit
3478 3358 3782 3424 Opinionem
3808 3398 3825 3423 ,
3860 3366 3914 3411 et
3946 3372 4036 3414 us-

2458 3453 2561 3505 que
2605 3439 2738 3491 adeo
2784 3439 2951 3494 elatus
2982 3451 3083 3506 est,
3135 3451 3192 3495 ut
3237 3445 3394 3497 etiam
3442 3456 3807 3500 contemneret
3857 3446 4031 3514 ipsam

2459 3526 2922 3582 Sacramentorum
2951 3532 3398 3586 communionem.
3426 3532 3556 3586 Cum
3579 3546 3753 3587 autem
3781 3536 4033 3590 Christus

2466 3621 2719 3674 Dominus
2752 3622 2865 3689 ejus
2896 3630 3040 3676 esset
3087 3626 3354 3689 misertus,
3405 3628 3483 3679 sic
3530 3628 3761 3695 providit
3810 3639 3866 3679 ut
3914 3628 4034 3694 ejus

2461 3709 2838 3762 dettimenlum
2871 3711 2976 3763 cito
3024 3710 3173 3765 fieret
3222 3714 3559 3765 manifestum
3611 3716 3875 3769 universte
3926 3715 4033 3767 fra-

2464 3802 2717 3852 ternitati.
2769 3801 2973 3853 Accidit
3015 3811 3067 3853 ut
3108 3803 3318 3869 quidam
3374 3805 3643 3855 venientes
3689 3805 3923 3870 lt0$pites
3957 3805 4035 3857 af.

2466 3889 2751 3942 l'errcutad
2785 3889 3166 3940 fraternitatem
3200 3890 3417 3942 bellaria
3448 3906 3498 3941 tn
3530 3892 3829 3944 ecclesiam.
3865 3892 4035 3946 Porro

2461 3992 2634 4033 autem
2667 3996 2785 4033 cum
2827 3994 2916 4033 eas
2948 3982 3241 4047 accepisset
3269 3996 3322 4033 sa
3337 3992 3488 4035 nctus
3516 3979 3779 4037 Macarius
3810 3984 4036 4052 presby-

2463 4081 2542 4123 ter
2578 4080 2779 4132 noster,
2814 4071 2957 4122 misit
2984 4072 3046 4123 ad
3075 4087 3498 4140 unumquemque
3527 4074 3576 4125 in
3600 4075 3783 4127 cellam
3816 4076 4033 4129 circiter

2464 4160 2739 4228 pngillunt,
2773 4163 2907 4213 inter
2934 4174 3065 4227 quos
3089 4161 3246 4213 etiam
3274 4162 3339 4213 ad
3368 4162 3662 4215 Valentem.
3692 4164 3820 4216 Cum
3853 4175 4029 4218 autent

2465 4249 2759 4318 accepisset
2790 4249 3004 4313 Valens,
3041 4265 3160 4303 eum
3193 4250 3279 4318 qui
3309 4251 3558 4305 attulerat
3590 4254 3911 4306 contumelia
3953 4253 4039 4305 af.

2465 4339 2607 4404 fecit,
2640 4351 2691 4393 et
2723 4340 3043 4404 verberavit,
3064 4352 3116 4393 et
3138 4340 3183 4393 ei
3207 4340 3335 4393 dicit
3365 4356 3377 4392 :
3408 4342 3526 4405 Abi,
3558 4353 3611 4395 et
3659 4342 3743 4395 dic
3764 4342 4032 4401 Macario:

2466 4432 2578 4484 Non
2605 4446 2723 4485 sum
2758 4440 2809 4485 te
2837 4431 3091 4495 deterior,
3125 4440 3182 4484 ut
3212 4443 3264 4485 tu
3295 4432 3359 4485 ad
3390 4447 3475 4487 me
3502 4434 3677 4486 mittas
3705 4434 4036 4489 benedictio-

2466 4535 2581 4574 nes.
2614 4521 2742 4574 Cum
2793 4525 3134 4589 cognovisset
3178 4536 3303 4589 ergo
3350 4533 3563 4576 Sanctus
3606 4522 3864 4578 Macarius
3910 4540 4033 4579 eum

800 4593 1096 4649 recederet.
1143 4593 1263 4646 Fuit
1294 4602 1469 4647 autem
1500 4592 1543 4646 is
1576 4607 1788 4661 quoque
1817 4601 1971 4646 notus
2014 4596 2167 4648 beato
2198 4597 2359 4649 Anto-
2390 4590 2436 4648 Ι)
2463 4625 2481 4664 ε

2353 4627 2359 4636 ’
2390 4590 2436 4648 Ῑ)
2463 4625 2582 4664 esse
2613 4611 2910 4673 seductum,
2963 4611 3186 4663 accessit
3218 4626 3321 4663 uno
3365 4611 3449 4663 die
3482 4622 3661 4678 postea
3692 4613 3757 4665 ad
3788 4628 3907 4666 eum
3941 4630 4034 4667 ex-

793 4686 901 4739 nio.
932 4684 1175 4739 Pervenit
1204 4693 1378 4737 autem
1401 4684 1561 4736 etiam
1594 4683 1658 4735 ad
1692 4693 1870 4736 nostra
1894 4699 2057 4752 usque
2084 4696 2352 4752 tempora;

790 4784 945 4843 atque
970 4788 1068 4842 ego
1097 4774 1311 4841 quidem
1349 4788 1467 4825 cum
1512 4787 1574 4825 eo
1603 4787 1705 4825 non
1732 4788 1849 4826 sum
1877 4785 2114 4827 versatus
2138 4785 2355 4843 propter

789 4866 891 4917 vite
915 4864 1295 4931 longitudinem
1329 4877 1342 4914 :
1372 4873 1586 4915 sanctus
1614 4874 1787 4916 autem
1815 4864 2126 4921 Ammonius
2149 4878 2202 4920 et
2222 4867 2359 4920 Eva-

789 4952 958 5022 grius,
989 4954 1077 5021 qui
1108 4967 1225 5007 eum
1258 4962 1639 5018 convenerunt,
1671 4966 2015 5009 narraverunt
2037 4971 2094 5010 se
2122 4972 2241 5010 eum
2274 4957 2358 5011 in-

788 5044 998 5097 venisse
1026 5044 1077 5097 in
1108 5044 1266 5096 talem
1297 5041 1598 5109 prolapsum
1627 5044 1987 5109 aegritudinem
2022 5046 2073 5100 in
2123 5048 2252 5113 ipsis
2281 5049 2358 5101 lo-

788 5134 866 5189 cis
894 5132 1277 5195 testiculorum,
1326 5140 1380 5187 et
1432 5133 1580 5201 penis
1626 5148 1890 5189 summum
1921 5136 2188 5191 ulcerasse
2226 5154 2355 5192 can—

788 5241 959 5292 crum,
1011 5226 1099 5294 qui
1148 5224 1415 5300 φαγέδαινα
1467 5225 1676 5279 dicitur.
1734 5228 1885 5291 Eum,
1934 5230 2163 5295 aiebant,
2212 5233 2355 5288 inve-

789 5317 964 5371 nimus
992 5317 1115 5371 dum
1141 5332 1169 5369 a
1200 5316 1427 5383 quodam
1458 5316 1664 5370 medico
1687 5331 1979 5374 curaretur.
2019 5322 2081 5375 Et
2112 5324 2353 5377 manibus

786 5407 1000 5475 quidem
1030 5405 1347 5474 operabatur
1372 5422 1385 5469 ;
1410 5413 1463 5458 et
1489 5406 1676 5473 palmae
1718 5423 1896 5463 ramos
1928 5412 2270 5478 contexebat,
2298 5424 2351 5467 et

786 5498 1062 5551 nobiscum
1108 5499 1265 5549 etiam
1298 5497 1609 5565 loquebatur
1642 5517 1656 5553 :
1684 5500 1887 5570 reliquo
1918 5512 2095 5568 autem
2141 5508 2351 5574 corpori

787 5601 1000 5641 manum
1033 5586 1316 5639 adhibebat
1344 5586 1642 5655 chirurgus.
1676 5588 1803 5643 Erat
1828 5600 2002 5645 autem
2039 5592 2130 5646 Dei
2159 5595 2352 5662 gratia,

785 5690 848 5731 ea
896 5677 1145 5745 prteditus
1172 5677 1441 5746 patientia,
1475 5686 1533 5731 ut
1564 5678 1782 5745 perinde
1814 5680 2029 5735 aﬂ’ectus
2063 5685 2350 5750 videretur,

786 5784 847 5821 ac
869 5770 912 5822 si
943 5783 1133 5841 corpus
1158 5768 1377 5823 alterius
1407 5776 1712 5833 secaretur;
1748 5780 1802 5826 et
1827 5786 1944 5827 cum
1971 5773 2082 5842 ejus
2115 5776 2348 5831 membra

2464 4705 2803 4756 hortandum.
2839 4702 2904 4755 Et
2928 4702 2976 4755 ei
3007 4704 3174 4755 dicit:
3210 4702 3429 4767 Valens,
3463 4702 3649 4757 illusus
3680 4718 3769 4768 es,
3804 4705 4028 4771 desine,

2466 4793 2734 4859 Deumque
2778 4794 3084 4859 deprecare.
3122 4792 3404 4860 Postquam
3450 4805 3626 4846 autem
3680 4810 3785 4848 non
3817 4797 4033 4852 audivit

2462 4884 2576 4953 ejus
2622 4886 3029 4947 admonitiones,
3086 4887 3307 4938 recessit
3351 4886 3635 4939 admodum
3689 4889 3923 4943 alllictus
3974 4904 4029 4945 et

2466 4990 2696 5029 IIILBI'CIIS
2740 4976 2807 5029 ob
2863 4974 3095 5030 Valentis
3127 4978 3353 5030 ruinam.
3388 4978 3515 5030 Cum
3566 4994 3692 5047 ergo
3740 4990 3889 5034 certo
3934 4984 4035 5037 sibi

2466 5067 2815 5134 persuasisset
2852 5066 3091 5130 dmmon,
3126 5082 3245 5121 eum
3294 5069 3408 5135 ejus
3452 5069 3748 5137 deeeptioni
3804 5074 4039 5131 maxime

2466 5159 2618 5212 fidem
2651 5157 2921 5223 habuisse,
2951 5159 3088 5225 abit,
3122 5168 3174 5212 et
3219 5160 3439 5230 figuram
3489 5162 3786 5217 Servatoris
3820 5151 3991 5221 induit
4013 5209 4031 5232 ,

2461 5260 2513 5303 et
2543 5260 2699 5303 noctu
2750 5250 2951 5303 acctgdit
2979 5252 3030 5304 in
3080 5252 3465 5319 phantasmate,
3500 5256 3638 5308 mille
3670 5258 3871 5324 angelis
3900 5260 4036 5313 lant—

2464 5342 2621 5409 padas
2657 5344 2979 5407 tenentibus,
3004 5351 3059 5396 et
3086 5353 3254 5397 rotam
3288 5346 3517 5414 igneam,
3553 5348 3601 5398 in
3633 5362 3733 5415 qua
3767 5350 3911 5401 visus
3953 5362 4036 5406 est

2458 5434 2675 5502 figuram
2703 5436 3001 5502 exprimere
3021 5435 3337 5489 Servatoris.
3366 5436 3613 5506 Unusqne
3633 5455 3750 5491 cum
3774 5443 4035 5506 prxcedh

2454 5532 2508 5576 et
2534 5524 2662 5577 dicit
2692 5542 2702 5575 :
2752 5524 2993 5577 ChriStus
3022 5524 3206 5578 dilexit
3235 5536 3379 5581 tuum
3410 5529 3727 5593 institutum,
3780 5541 4037 5601 tuamque

2453 5614 2663 5667 vivendi
2689 5614 2987 5667 libertatem
3011 5625 3063 5668 et
3093 5616 3487 5686 conﬁdentiam,
3520 5630 3569 5672 et
3600 5622 3742 5672 venit
3771 5633 3825 5674 ttt
3867 5630 3919 5675 te
3954 5628 4021 5676 vi-

2452 5706 2517 5759 de
2536 5716 2602 5769 tt;
2630 5705 2883 5773 egredere
2910 5721 3031 5774 ergo
3051 5721 3082 5762 e
3107 5710 3260 5774 cella,
3286 5719 3339 5764 et
3363 5711 3489 5764 nihil
3518 5712 3656 5765 aliud
3680 5715 3895 5779 fecetis,
3929 5720 4030 5771 nisi

2452 5812 2569 5849 cum
2606 5795 2784 5861 procul
2818 5812 2934 5849 eum
2973 5798 3195 5863 videris,
3230 5806 3581 5864 pt'octitnht-ns
3612 5820 3729 5859 eum
3758 5806 3949 5870 adora.
3982 5820 4032 5863 et
