4258 6358
754 394 885 459 1091

2211 396 2560 455 PALIADH

3866 395 4003 459 1032

751 504 1071 574 ἐκκλησίαν,
1108 505 1200 558 καὶ
1226 505 1567 575 συνηγμένης
1599 506 1779 572 πάσης
1812 502 1910 571 τῆς
1937 502 2325 569 άδελφὸτητος,
2358 506 2403 563 Α
2436 501 2664 571 μαργῶν
2702 504 2795 555 καὶ
2828 505 3161 573 οἰνοφλυγῶν
3184 506 3437 559 ἐνέπεσεν
3469 508 3561 560 καὶ
3583 509 3661 569 εἰς
3690 506 3781 559 τὸν
3806 508 4005 576 βόρειον

753 589 959 640 εἰπεῖν’
1013 585 1153 655 Ἐγὼ
1200 586 1483 649 κοινωνίας
1519 586 1706 655 χρείαν
1752 586 1851 637 οὐκ
1880 584 2007 653 ἔχω.
2056 584 2159 635 Τὸν
2193 583 2324 651 Χρι-

757 672 881 723 στὸν
911 670 1132 740 ἐώρακα
1166 672 1426 739 σήμερον.
1460 670 1594 721 Τότε
1626 670 1885 738 δήσαντες
1913 666 2076 719 αὐτὸν
2097 665 2148 717 οἰ
2183 667 2327 731 ἆγιοι

757 753 999 821 Πατέρες
1022 755 1259 823 σιδήροις
1284 753 1377 804 ἐπὶ⁵
1402 752 1520 813 ἐτος
1551 750 1610 802 ἓν
1640 749 2112 819 ἁπεθεράπευσαν,
2145 747 2328 813 εὐχαίς

758 836 856 888 καὶ
915 837 1133 906 ποικίλῃ
1187 836 1542 904 ἀδιαφορήσει
1594 836 1689 885 καὶ
1730 832 2093 902 ἀπραγοτέρῳ
2136 830 2234 898 βίῳ
2268 828 2331 878 τὸ

755 919 926 987 οῐημα
959 919 1123 971 αὐτοῦ
1158 918 1499 981 καθελόντες,
1535 916 1716 978 καθὼς
1752 914 1991 981 λέγεται,
2021 916 2090 965 τὰ
2114 910 2330 964 ἐναντία

758 1004 871 1062 τοῖς
902 1003 1163 1063 ἐναντίοις
1197 1001 1428 1070 ἰάματα.

842 1084 1163 1151 ⁹Ἀναγκαῖον
1198 1085 1241 1136 δ’
1297 1085 1445 1137 ἐστὶν
1491 1083 1583 1135 καὶ
1628 1083 1753 1145 τοὺς
1809 1080 1916 1133 τῶν
1963 1075 2331 1147 ἠπατημένων

764 1164 911 1234 βίους
943 1166 1179 1220 ἐνθεῖναι
1208 1166 1284 1235 τῷ
1318 1164 1636 1235 βιδλιδαρίῳ
1664 1164 1840 1233 τούτῳ
1871 1161 2006 1232 πρὸς
2030 1161 2331 1227 ἀσφάλειαν

761 1249 871 1301 τῶν
907 1250 1364 1318 ἐντυγχανόντων,
1410 1249 1664 1318 καθάπερ
1713 1248 1807 1299 καὶ
1855 1248 1967 1305 τοῖς
2018 1244 2194 1310 ἁγίοις
2237 1241 2331 1293 τοῦ

763 1330 1096 1400 παραδείσου
1139 1334 1326 1399 φυτοῖς
1360 1331 1606 1398 συμφυές
1638 1332 1751 1381 ἐστι
1774 1327 1834 1379 τὸ
1866 1326 2020 1388 ξύλον
2049 1324 2143 1376 τοῦ
2169 1322 2334 1390 γινώ-

767 1431 919 1467 σκειν
946 1414 1109 1468 καλὸν
1141 1416 1235 1467 καὶ
1284 1413 1546 1482 πονηρόν’
1583 1411 1647 1464 ἶν’
1674 1410 1877 1462 εἴποτέ
1935 1426 2042 1461 τινι
2092 1406 2332 1476 συμϐαίη

767 1496 1102 1565 κατόρθωμά
1143 1514 1216 1559 τι,
1256 1496 1332 1563 μὴ
1393 1495 1534 1563 μέγα
1587 1494 1833 1562 φρονήσῃ
1892 1492 1983 1541 ἐπὶ
2016 1492 2081 1559 τῇ
2142 1490 2332 1558 ἀρετῇ.

766 1580 1035 1642 Πολλάκις
1058 1578 1166 1649 γὰρ
1197 1582 1289 1631 καὶ
1318 1581 1373 1633 αἰ
1392 1579 1583 1646 ἀρεταὶ
1612 1574 1896 1634 ὑποθέσεις
1926 1572 2162 1639 γίνονται
2188 1571 2334 1623 πτώ-

768 1682 927 1725 σεως,
964 1664 1094 1715 ὅταν
1125 1665 1204 1730 μὴ
1240 1663 1377 1729 μετὰ
1406 1658 1782 1729 πνευματίκῆς
1816 1655 2004 1723 σοφίας
2031 1654 2233 1715 ταύτας
2259 1670 2340 1715 τις

768 1744 1027 1814 κατορθοῖ
1054 1743 1131 1813 τῷ
1157 1744 1255 1809 τῆς
1287 1740 1570 1803 εὐσεϐείας
1604 1737 1813 1807 σκοπῷ,
1837 1737 1978 1788 κατὰ
2007 1736 2066 1787 τὸ
2094 1750 2341 1805 γεγραμ-

2432 600 2522 653 ρον
2570 587 2670 654 τῆς
2704 587 3017 651 γυναικείας
3047 589 3358 657 ἐπιθυμίας.
3417 590 3525 642 Kal
3573 590 3648 651 ώς
3698 590 4006 641 ἐσκέπτετο

2429 668 2766 737 ἁμαρτῆσαι,
2807 671 2998 738 μιμάδι
3044 674 3149 723 τινὶ
3198 673 3545 741 προσομιλῶν
3596 671 3861 739 συνεχῶς.
3930 676 4003 721 τὶ

2431 748 2566 816 πρὸς
2594 750 2655 801 τὸ
2680 751 2833 812 ἕλκος
2868 752 3061 803 ἐαυτοῦ
3104 754 3393 821 διελέγετο.
3439 752 3657 806 Τούτων
3696 753 3876 815 οὕτως
3908 752 4003 804 ὑπ’

2431 828 2598 882 αὐτοῦ
2655 832 3135 903 διαπραττομένων
3184 838 3408 904 γέγονεν
3466 837 3615 907 αὐτῷ
3672 839 3813 889 κατά
3877 854 4004 888 τινα

2431 914 2741 984 οἰκονομίαν
2770 916 2975 987 ἄνθραξ
2996 921 3135 972 κατὰ
3152 921 3251 988 τῆς
3278 920 3532 991 βαλάνου.
3559 921 3668 972 Καὶ
3692 922 3784 973 ἐπὶ
3812 920 4007 971 τοσοῦ-

2432 1011 2521 1047 τον
2570 998 2825 1064 ἐνόσησεν
2869 1000 3222 1071 ἑξαμηνιαῖον
3251 1002 3459 1071 χρόνον,
3491 1002 3566 1065 ὼς
3616 1004 4007 1069 κατασαπῆναι

2432 1075 2598 1129 αὑτοῦ
2627 1078 2693 1130 τὰ
2723 1080 2906 1150 μόρια,
2933 1084 3027 1133 καὶ
3052 1084 3371 1153 αὐτομάτως
3395 1086 3713 1136 ἀποπεσεῖν.
3736 1084 4008 1153 ’Υστερον

2434 1160 2490 1212 δέ
2531 1160 2775 1235 ὑγιάνας.
2799 1164 2892 1215 καὶ
2920 1165 3229 1217 ἐπανελθὼν
3268 1167 3395 1219 ἄνευ
3424 1166 3628 1217 τούτων
3657 1166 3767 1218 τῶν
3797 1166 4004 1235 μελῶν,

2437 1243 2530 1296 καὶ
2560 1245 2639 1307 εἰς
2684 1244 2938 1314 φρόνημα
2977 1247 3159 1300 θεῐκὺν
3185 1248 3375 1313 ἐλθὼν,
3402 1250 3495 1302 καὶ
3543 1252 3621 1311 εἰς
3654 1250 3875 1319 μνήμην
3906 1250 4009 1317 τῆς

2437 1326 2686 1394 οὐρανίου
2722 1327 3014 1392 πολιτείας,
3044 1332 3139 1382 καὶ
3168 1331 3703 1400 ἐξομολογησάμενος
3734 1332 3915 1383 πάντα
3944 1333 4012 1383 τά

2442 1408 2828 1479 συμὸεὸηκότα
2860 1411 3010 1479 αὐτῷ
3040 1415 3150 1475 τοῖς
3182 1415 3357 1482 ἁγίοις
3380 1415 3682 1484 Πατράσιν,
3715 1414 4015 1483 ἐνεργῆσαι

2443 1492 2517 1560 μὴ
2554 1491 2763 1557 φθάσας
2796 1494 3065 1563 ἐκοιμήθη
3104 1498 3221 1563 μετ’
3250 1496 3437 1563 όλίγας
3467 1496 3709 1566 ἡμέρας.

3008 1581 3260 1639 ΚΕΦᾹΛ.
3306 1586 3428 1639 ΔΡ.

2940 1666 3077 1730 Περί
3104 1668 3499 1735 Πτολεμαίου.

2518 1743 2707 1807 Ἀλλος
2738 1761 2824 1808 τις
2864 1747 3025 1799 πάλιν
3058 1750 3392 1818 Πτολεμαῖος
3422 1752 3682 1821 ὀνόματι,
3717 1753 4016 1822 δυσδιήγη·

771 1828 931 1897 μένον
958 1843 970 1856 ⁸
1000 1828 1138 1879 ¹Ἰδον
1169 1827 1377 1878 δίκαιον
1404 1823 1776 1892 ἀπολλύμενον
1809 1822 1867 1871 ἐν
1906 1819 2101 1887 δικαίῳ
2130 1816 2295 1870 αὐτοῦ
2318 1833 2330 1847 ⁸
2366 1840 2408 1894 Β
2436 1844 2561 1892 τον,
2598 1827 2800 1896 μᾶλλον
2846 1828 2903 1879 δέ
2948 1816 3338 1897 ἀνεκδιήγητον
3390 1816 3592 1904 ἀρετῆς
3646 1816 3759 1904 βίον
3807 1816 4018 1905 {vI-6505,

768 1912 863 1964 καί
886 1928 947 1980 γε
967 1909 1123 1964 τοῦτο
1156 1910 1477 1979 ματαιότης.

1351 1990 1605 2047 ΚΕΦΑΛ.
1640 1987 1763 2042 AB’.

1322 2074 1462 2141 Περί
1494 2076 1777 2140 Ἦρωνος.

848 2163 1035 2232 Ἥρων
1087 2160 1310 2228 γέγονεν
1359 2156 1611 2225 γειτνιῶν
1668 2173 1777 2224 μοι,
1836 2151 2219 2221 Ἀλεξανδρεὺς
2265 2151 2343 2222 τῷ

774 2248 945 2315 γένει,
977 2247 1212 2307 ἀστεῖος,
1246 2242 1533 2311 νεώτερος,
1580 2239 1789 2308 εὐφυὴς
1817 2238 1916 2305 τὴν
1948 2237 2209 2299 διάνοιαν,
2247 2253 2343 2288 κα-

770 2330 936 2399 θαρὸς
968 2330 1059 2380 τὸν
1092 2328 1225 2396 βίον,
1252 2327 1309 2389 ὃς
1338 2326 1433 2379 xal
1462 2324 1621 2384 αὐτὸς
1656 2322 1790 2390 μετὰ
1822 2321 2015 2382 πόνους
2049 2321 2342 2389 μεγάλους,

785 2414 872 2465 (αἱ
901 2411 1132 2479 ἱδρῶτας
1166 2409 1470 2476 γενναίους,
1505 2406 1599 2458 καὶ
1631 2402 1744 2473 βίον
1768 2404 1847 2464 εἰς
1872 2403 2039 2473 ἁκρον
2068 2403 2343 2472 ἐνάρετον,

774 2496 854 2566 τῷ
889 2496 1042 2563 τύφῳ
1092 2496 1190 2562 τῆς
1218 2490 1475 2551 ἀπονοίας
1530 2487 1717 2557 ἀρθεὶς
1764 2487 1843 2549 είς
1894 2485 2026 2555 ὕψος
2073 2486 2345 2554 μετέωρον

774 2578 1034 2631 κάκεῖθεν
1068 2574 1301 2628 ἐλεεινὸν
1327 2575 1459 2625 πᾶσι
1490 2571 1689 2637 πτῶμα
1716 2568 2086 2637 κατενεχθεὶς,
2122 2566 2347 2635 ἐξετρα-

778 2658 1031 2731 χηλίσθη.
1073 2659 1177 2709 Kal
1220 2657 1361 2708 κατὰ
1404 2653 1513 2705 τῶν
1548 2652 1717 2719 ἁγίων
1749 2651 2008 2720 Πατέρων
2034 2650 2211 2719 οἰήσει
2247 2664 2349 2731 μα·-

780 2730 910 2812 ταίᾳ
940 2740 1255 2810 κινούμενος
1285 2737 1585 2808 ἐφρόνησεν
1616 2735 1777 2804 μέγα,
1805 2734 1927 2795 τοὺς
1962 2733 2170 2794 πάντας
2194 2730 2349 2798 ὑδρί-

780 2842 902 2888 σας,
936 2824 1031 2875 καὶ
1056 2822 1171 2892 μετ’
1202 2821 1379 2873 αὐτῶν
1407 2820 1498 2871 τὸν
1537 2817 1805 2887 μακάριον
1832 2816 2118 2886 Εὐάγριον,
2155 2812 2349 2879 λέγων,

778 2907 862 2959 ὅτι
897 2908 959 2959 Οἱ
986 2903 1298 2974 πειθόμενοί
1337 2919 1429 2954 σου
1469 2904 1535 2971 τῇ
1569 2899 1887 2969 διδασκαλίᾳ
1917 2895 2251 2950 ἀπατῶνται.
2278 2894 2349 2946 Οὐ

780 2990 891 3060 γὰρ
924 2988 1051 3058 χρὴ,
1091 2989 1275 3057 φησὶν,
1318 2983 1658 3046 διδασκάλοις
1686 2984 1893 3051 ἐτέροις
1923 2980 2180 3051 χρῆσθαι⁹
2209 2994 2354 3060 παρ.

784 3059 943 3133 εκτδς
974 3071 1067 3123 τοῦ
1111 3068 1351 3140 Χριστοῦ
1381 3068 1565 3137 μόνου.
1616 3065 1994 3134 ’Δπεχρήσατο
2032 3061 2088 3113 δέ
2134 3063 2229 3113 καὶ
2256 3059 2354 3129 τὴν

2440 1911 2781 1979 τοκαταρχὰς
2836 1912 3056 1980 οἰκησεν
3127 1913 3383 1966 ἐπέκεινα
3442 1916 3543 1985 τῆς
3598 1918 3854 1985 Σκήτεως
3912 1918 4020 1983 τὴν

2442 1993 2782 2061 καλουμένην
2829 1993 3108 2063 Κλίμακα.
3146 1995 3321 2058 Τόπος
3352 1998 3411 2049 δέ
3441 2000 3589 2051 ἐστιν
3632 2000 3775 2051 οὕτω
3807 1998 4022 2051 κα.λού-

2448 2092 2627 2145 μενος,
2657 2078 2735 2136 είς
2761 2074 2819 2127 δν
2846 2075 3018 2137 οὐδεὶς
3040 2078 3277 2147 ἠδυνήθη
3308 2081 3525 2148 οἰκῆσαί
3551 2097 3682 2132 ποτε
3714 2081 3821 2133 τῶν
3851 2097 4027 2148 μονα-

2446 2158 2576 2227 χῶν,
2605 2158 2697 2209 τοῦ
2731 2158 2837 2209 ἀπὸ
2868 2160 3142 2212 δεκαοκτὼ
3182 2162 3423 2230 σημείων
3460 2158 3601 2215 εἰναι
3627 2165 3684 2215 :0
3715 2164 3893 2232 φρέαρ
3924 2160 4023 2213 τοῦ

2448 2241 2658 2301 ὓδατος.
2716 2239 2999 2305 Βαστάσας
3046 2238 3138 2295 οὖν
3186 2245 3391 2305 ἐκεῖνος
3452 2246 3695 2315 κεράμια
3738 2247 4026 2298 Κιλικίσια

2446 2323 2663 2375 πλείονα
2712 2326 2888 2376 ἐκεῖσε
2923 2326 3256 2393 ἀπήνεγκεν.
3293 2328 3402 2379 Kal
3436 2328 3514 2398 τῷ
3560 2329 3879 2398 Δεκεμϐρίῳ
3931 2333 4027 2379 καὶ

2460 2406 2773 2476 Ἰανουαρίῳ
2815 2408 2945 2476 μηνὶ
2991 2408 3311 2476 συναγαγὼν
3340 2412 3437 2481 τὴν
3468 2412 3656 2481 δρόσον
3689 2415 3752 2463 ἐκ
3780 2413 3891 2462 τῶν
3928 2429 4027 2462 πε-

2447 2490 2592 2557 τρῶν
2644 2490 2923 2559 (δροσίςει
2972 2491 3079 2558 γὰρ
3124 2495 3183 2543 ἐν
3234 2492 3459 2556 ἐκείνοις
3504 2498 3614 2556 τοῖς
3657 2494 3851 2563 μέρεσι
3900 2496 4028 2545 τότε

2451 2572 2657 2641 πολλὰ)
2694 2574 2785 2623 καὶ
2818 2573 2883 2623 τὰ
2915 2573 3153 2642 κεράμια
3196 2574 3492 2642 πληρώσας
3521 2577 3617 2643 τῆς
3645 2577 3836 2645 δρόσου
3872 2578 4031 2646 διήρ-

2451 2673 2612 2707 κεσεν
2641 2653 2819 2724 ἐαυτῷ
2848 2656 2936 2707 ἐπὶ
2966 2656 3261 2709 δεκαπέντε
3289 2658 3383 2727 ἐτη
3410 2661 3635 2727 οἰκήσας
3662 2663 3777 2712 ἐκεῖ
3797 2702 3811 2724 ,
3845 2661 4032 2711 πλείο-

2453 2757 2517 2791 να
2561 2741 2749 2809 χρόνον
2809 2738 2996 2808 μηδενί
3036 2740 3439 2809 συντυγχάνων.
3502 2745 3598 2806 ’ος
3658 2744 4032 2808 ἁποξενωθεὶς

2452 2823 2800 2885 διδασκαλίας
2860 2823 3266 2892 πνευματικῆς,
3326 2826 3423 2876 καὶ
3469 2827 3756 2894 συντυχίας
3812 2826 4032 2893 ἀνδρῶν

2454 2908 2635 2971 ὁσίων,
2671 2908 2764 2958 καὶ
2802 2905 3069 2973 ὠφελείας
3109 2906 3281 2973 ἁγίων
3315 2908 3597 2979 Πατέρων,
3632 2910 3724 2960 καὶ
3765 2907 4034 2976 συνεχοῦς

2456 2991 2738 3051 κοινωνίας
2757 2990 2865 3041 τῶν
2903 2990 3220 3059 μυστηρίων
3248 2990 3342 3043 τοῦ
3368 2992 3627 3058 Χριστοῦ,
3656 2992 3747 3043 ἐπὶ
3771 2991 4034 3043 τοσοῦτον

2457 3075 2657 3145 ἐμάνη,
2691 3074 2985 3142 ἐκτραπεὶς
3012 3073 3108 3141 τῆς
3133 3074 3349 3136 εὐθείας
3380 3075 3524 3139 ὁδοῦ,
3555 3075 3630 3137 ὡς
3652 3074 3713 3127 :0
3740 3074 3891 3143 παρά
3919 3092 4035 3126 τισι

787 3154 1097 3225 μαρτυρίαν
1140 3155 1276 3220 πρὸς
1326 3152 1417 3204 τδν
1477 3151 1964 3218 κατεστραμμένον
2018 3147 2218 3199 σκοπὸν
2259 3146 2355 3212 τῆς
2380 3163 2425 3223 C
2458 3157 2563 3209 τῶν
2592 3155 2803 3208 ἀσεϐῶν
2830 3155 3143 3223 λεγόμενον,
3173 3156 3584 3227 αὐτοματισμὸν
3606 3159 3696 3209 καὶ
3723 3157 3915 3209 τοῦτον
3942 3156 4037 3208 τὸν

784 3236 982 3289 ἐαυτοῦ
1013 3236 1244 3307 μωρίας,
1266 3236 1363 3287 καὶ
1384 3234 1588 3300 ἔλεγεν,
1613 3232 1695 3284 ὅτι
1712 3229 1885 3291 Αὐτὸς
1910 3232 1938 3282 ό
1965 3229 2155 3297 Σωτὴρ
2183 3227 2351 3294 λέγει·

788 3319 879 3387 Μὴ
905 3318 1174 3386 καλέσητε
1201 3315 1523 3370 διδάσκαλον
1564 3314 1659 3366 ἐπὶ
1690 3314 1790 3380 τῆς
1833 3313 1955 3381 γῆς.
1996 3313 2090 3374 ’ος
2122 3312 2217 3363 ἐπὶ
2270 3324 2357 3360 το-

789 3400 979 3453 σοῦτον
1028 3400 1124 3451 καὶ
1158 3398 1319 3460 αὐτὸς
1349 3394 1625 3466 ἐσκοτώθη
1671 3394 1761 3446 τὸν
1803 3394 2063 3463 λογισμὸν
2110 3395 2179 3462 τῇ
2227 3392 2356 3461 κενῇ

787 3484 917 3555 δόξῃ
952 3483 1051 3552 τῆς
1074 3483 1302 3550 οἰήσεως
1326 3479 1529 3532 ἀνωθεν
1571 3481 1722 3531 κάτω
1754 3477 1943 3540 ἐλθὼν,
1978 3477 2055 3538 ὡς
2080 3478 2173 3527 καὶ
2197 3475 2358 3526 αὐτὸν

792 3571 1020 3639 ὕστερον
1072 3568 1457 3637 σιδηρωθῆναι,
1504 3564 1579 3635 μὴ
1641 3564 1865 3616 θέλοντα
1891 3565 1956 3632 τῇ
1996 3563 2175 3629 οἰήσει
2225 3560 2359 3630 μηδὲ

788 3656 904 3715 τοῖς
958 3653 1277 3721 μυστηρίοις
1345 3652 1529 3711 αὐτοῖς
1596 3647 2013 3717 προσέρχεσθαι.
2055 3645 2188 3713 Φίλη
2240 3644 2357 3711 δὲή

797 3736 1045 3806 ἀλήθεια.
1085 3735 1221 3788 Καθ’
1250 3732 1559 3803 ὑπερϐολὴν
1585 3732 1779 3791 λεπτὸς
1806 3726 1875 3798 ἦν
1897 3732 1961 3797 τῇ
1991 3728 2256 3795 πολιτείᾳ,
2287 3727 2361 3786 ώς

796 3821 1025 3882 πολλοὺς
1077 3816 1381 3885 διηγεῖσθαι
1421 3816 1547 3877 τοὺς
1612 3815 1670 3865 ἐν
1725 3810 1984 3879 συνηθείᾳ
2034 3810 2207 3878 τούτῳ
2266 3808 2363 3878 τὴν

796 3905 969 3974 ἄκραν
1028 3900 1193 3955 αὐτοῦ
1253 3900 1351 3968 τῆς
1400 3899 1684 3966 ἀσκήσεως
1738 3894 2048 3956 πολιτείαν,
2102 3892 2364 3957 λεγόντων

794 3988 979 4052 τινῶν,
1010 3987 1091 4039 ὅτι
1134 3984 1393 4045 πολλάκις
1424 3982 1514 4033 διὰ
1542 3981 1709 4051 τριῶν
1744 3977 1927 4047 μηνῶν
1965 3976 2141 4046 ήσθιε,
2168 3978 2365 4045 ἀρκού-

800 4086 959 4140 μενος
991 4070 1126 4139 μόνῃ
1149 4068 1217 4135 τῇ
1252 4066 1505 4134 κοινωνίᾳ
1529 4063 1635 4113 τῶν
1674 4059 1987 4130 μυστηρίων
2009 4098 2023 4124 ,
2057 4058 2150 4109 καὶ
2182 4061 2233 4109 εί
2265 4074 2365 4109 που

797 4153 864 4207 ἂν
897 4154 1242 4219 παραφανείη
1303 4151 1467 4218 ἄγρια
1525 4146 1753 4214 λάχανα.
1813 4145 2012 4209 ιιεῖραν
2071 4141 2126 4191 δέ
2174 4140 2366 4192 τούτου

801 4236 997 4303 εἴληφα
1032 4232 1185 4299 κὰγὼ
1238 4234 1375 4301 μετὰ
1422 4228 1514 4281 τοῦ
1560 4226 1830 4297 μακαρίου
1882 4223 2146 4275 Ἀλϐινίου
2192 4223 2368 4275 ἀπιὼν

802 4320 898 4372 ἐπὶΙ
924 4319 1024 4387 τὴν
1056 4316 1274 4386 Σκῆτιν.
1321 4316 1569 4383 Ἀπεῖχεν
1591 4314 1646 4365 δὲ
1680 4312 1837 4381 ήμῶν
1870 4310 1903 4379 ή
1946 4308 2140 4378 Σκῆτις
2171 4324 2368 4361 τεσσα-

806 4402 1043 4473 ράκοντα
1095 4400 1361 4469 σημείοις.
1427 4398 1617 4466 Ἡμεῖς
1676 4395 1925 4464 δεύτερον
1990 4392 2368 4461 βεὸρώκαμεν,

2456 3238 2638 3291 ἄθλιον
2683 3236 2963 3306 ὁμολογεῖν
2988 3274 3003 3299 ,
3036 3235 3128 3288 τοῦ
3167 3238 3267 3305 τῆς
3318 3240 3527 3308 πλάνης
3570 3240 3825 3307 δαίμονος
3870 3238 4039 3290 αὐτὸν

2458 3320 2888 3391 στρατηγοῦντος
2937 3319 3144 3373 λοιπόν.
3194 3317 3363 3383 Οὗτος
3414 3324 3525 3392 γὰρ
3572 3323 3599 3373 δ
3653 3323 3927 3389 δυσμενὴς
3976 3322 4039 3372 τὸ

2458 3405 2642 3457 καινὸν
2676 3403 2831 3455 τοῦτο
2864 3404 3093 3456 ὑπέθετο
3126 3403 3325 3469 λέγειν,
3364 3407 3633 3474 μηδεμίαν
3663 3407 3853 3457 οὐσίαν
3888 3406 4041 3474 ἔχειν

2460 3488 2527 3539 τὰ
2574 3485 2898 3555 πράγματα,
2950 3485 3063 3536 ἀλλ’
3100 3485 3288 3547 ἁπλῶς
3338 3484 3477 3539 εἶναι
3511 3488 3577 3539 τὰ
3624 3490 3800 3541 πάντα
3842 3491 3907 3541 ἐκ
3942 3488 4040 3539 τοῦ

2460 3570 2551 3622 τὸν
2606 3570 2807 3636 κόσμον
2856 3567 3179 3633 αὐτομάτως
3235 3569 3514 3638 φέρεσθαι.
3578 3570 3881 3622 ’Υπέϐαλεν
3946 3570 4043 3621 οὖν

2462 3649 2610 3719 αὐτῷ
2640 3649 2897 3717 πολέμιος
2929 3649 3027 3716 τῆς
3052 3650 3269 3702 πάντων
3298 3650 3465 3719 ζωῆς,
3497 3653 3773 3720 ἐνσκήψας
3807 3653 3931 3713 ὅλος
3962 3653 4042 3711 εἰς

2462 3736 2561 3803 τὴν
2589 3732 2778 3784 τούτου
2806 3732 3002 3800 ψυχὴν,
3039 3733 3234 3799 λέγων’
3260 3734 3477 3786 Τούτων
3518 3734 3689 3797 οὕτως
3728 3735 3965 3803 ἐχόντων
3991 3735 4043 3782 τί

2469 3818 2644 3888 μάτην
2671 3814 2843 3877 οὓτως
2885 3814 3079 3867 σαυτὸν
3112 3816 3546 3885 καταδαμάζεις;
3583 3819 3671 3871 ἴνα
3711 3820 3789 3879 εἰς
3823 3817 3928 3868 ποῦ
3962 3834 4044 3868 σοι

2466 3902 2653 3970 ὀνήσῃ,
2692 3899 3013 3967 Πτολεμαῖε,
3053 3900 3126 3968 μὴ
3159 3898 3325 3966 οὕσης
3366 3902 3743 3969 ἁντιμισθίαςς
3785 3904 3939 3961 ποῖος
3987 3902 4044 3950 δέ

2469 4000 2550 4035 σοι
2582 3981 2770 4049 μισθὸς
2796 3982 2860 4032 ἂν
2898 3982 3195 4051 ἐξήρκεσεν
3231 3982 3435 4035 τούτων
3464 3984 3571 4036 τῶν
3621 3984 3821 4044 πόνων,
3868 3983 3916 4033 εἰ
3950 3982 4047 4033 καί

2469 4082 2547 4129 τις
2577 4063 2647 4135 ῆν
2686 4068 2713 4117 ό
2742 4064 3027 4125 ἀποδιδούς
3060 4081 3140 4115 σοι
3166 4081 3180 4125 ;
3214 4066 3344 4116 ποία
3368 4066 3423 4117 δέ
3452 4067 3546 4119 καὶ
3576 4068 3753 4137 κρίσις
3798 4066 3946 4118 ἐστὶν
3980 4067 4047 4133 ἦν

2469 4148 2784 4203 ἀπειλοῦσιν
2802 4149 2854 4199 αἰ
2879 4146 3091 4215 Γραφαὶ
3114 4149 3464 4216 ἁπρονοήτων
3488 4148 3844 4218 ὑπαρχόντων
3868 4148 4048 4199 ἁπαν-

2468 4248 2611 4296 των;
2645 4231 2867 4291 Τούτοις
2892 4233 3002 4291 τοῖς
3030 4232 3338 4291 σατανικοῖς
3381 4228 3561 4297 λόγοις
3587 4230 3990 4291 κατακλασθεὶς
4020 4231 4048 4279 ὁ

2472 4313 2762 4374 πανάθλιος
2804 4311 3135 4380 Πτολεμαῖος
3194 4312 3410 4378 λέγεται
3455 4313 3717 4382 φέρεσθαι
3771 4314 4048 4380 μετέωρος

2472 4394 2779 4465 ἐξεστηκὼς
2810 4394 2918 4445 τῶν
2948 4397 3088 4445 κατὰ
3128 4395 3289 4462 φύσιν
3319 4395 3531 4463 φρενῶν
3564 4396 3724 4465 μέχρι
3760 4396 3861 4463 τῆς
3888 4396 4049 4462 δευρο

806 4487 903 4539 καὶ
954 4486 1136 4553 τρίτον
1188 4483 1413 4552 ἐπίομεν
1468 4481 1633 4550 ὕδωρ.
1676 4480 1913 4541 Ἐκεῖνος
1962 4478 2019 4530 δὲ
2078 4477 2197 4547 μηδ’
2235 4478 2367 4539 ὅλως
2402 4486 2447 4542 υ
2477 4477 2750 4545 ἀλώμενος
2806 4478 2863 4527 ἐν
2919 4477 3214 4546 Αἰγύπτῳ,
3272 4478 3484 4530 ἔκδοτον
3540 4480 3732 4530 ἐαυτὸν
3792 4477 4046 4539 δεδωκὼς

808 4567 1143 4636 γευσάμενος
1195 4564 1358 4628 πεζὸς
1418 4563 1651 4633 βαδίζων
1708 4560 2070 4629 ἁπεστήθιζεν
2127 4559 2370 4628 ψαλμοὺς

808 4653 1123 4713 δεκαπέντε,
1141 4648 1330 4700 ἔπειτα
1359 4647 1447 4699 τὸν
1467 4646 1659 4715 μέγαν,
1678 4640 1795 4696 εἶτα
1815 4644 1909 4713 την
1932 4644 2065 4711 πρὸς
2094 4643 2373 4713 Ἐϐραίους

810 4732 1154 4799 Ἐπιστολὴν,
1193 4725 1310 4782 εἶτα
1355 4729 1579 4781 Ἡσαΐαν
1615 4727 1709 4780 καὶ
1740 4726 1904 4807 μέρος
1948 4724 2209 4796 Ἱερεμίου
2268 4726 2376 4776 τῶν

812 4816 1126 4886 προφητῶν,
1174 4808 1290 4866 εἶτα
1336 4813 1548 4865 Λουκᾶν
1580 4810 1670 4862 τὸν
1716 4809 2127 4881 εὐαγγελιστην,
2187 4810 2376 4861 ἔπειτα

808 4901 907 4961 τὰς
939 4896 1268 4967 Παροιμίας.
1302 4896 1412 4947 Καὶ
1459 4893 1664 4946 τούτων
1692 4892 1864 4955 οὓτως
1901 4895 2153 4961 ἐχόντων,
2204 4906 2375 4942 κατα-

809 4981 1109 5050 λαμϐάνειν
1145 4978 1307 5030 αὐτὸν
1357 4982 1456 5029 οὐκ
1490 4977 1803 5045 ἠδυνάμεθα
1852 4975 2155 5043 βαδίζοντα.
2208 4969 2375 5035 οὗτος

811 5066 1120 5121 τελευταῖον
1152 5066 1219 5133 τῇ
1263 5061 1356 5112 τοῦ
1400 5060 1637 5130 πονηροῦ
1689 5060 1939 5127 δαίμονος
1977 5058 2229 5127 ἐνεργείᾳ
2282 5058 2375 5125 λη-

814 5153 992 5219 φθεὶς,
1019 5149 1095 5211 ὠς
1129 5148 1235 5200 ὐπὸ
1278 5146 1637 5215 σφοδροτάτου
1688 5144 1857 5212 πυρὸς
1907 5142 2285 5210 ἐλαυνόμενος,
2321 5144 2378 5191 ἐν

814 5240 879 5304 τῇ
941 5234 1102 5303 κέλλῃ
1164 5233 1262 5301 μὲν
1321 5230 1483 5283 αὐτοῦ
1560 5228 1890 5297 καθεσθῆναι
1957 5228 2056 5280 οὐκ
2112 5226 2374 5296 ἠδυνήθη.

824 5305 1099 5370 Ἀπελθὼν
1126 5318 1181 5369 δὲ
1212 5317 1293 5377 είς
1326 5317 1423 5384 τὴν
1472 5312 1895 5383 Ἀλεξάνδρειαν,
1926 5314 2065 5381 τάχα
2097 5312 2193 5364 καὶ
2222 5310 2378 5363 τοῦτο

818 5404 960 5458 κατὰ
1007 5401 1156 5455 θείαν
1206 5400 1537 5470 οἰκονομίαν,
1567 5401 1628 5452 τὸ
1672 5400 1737 5469 δὴ
1764 5399 2075 5467 λεγόμενον,
2123 5398 2237 5467 ἥλῳ
2289 5396 2377 5448 τὸν

812 5484 942 5559 ⁴ῆλον
975 5490 1311 5558 ἐξέκρουσεν.
1343 5488 1679 5557 Περιέπεσεν
1709 5488 1815 5557 γὰρ
1844 5487 2104 5547 ἑκουσίως
2135 5488 2197 5554 τῇ
2227 5485 2375 5537 ἁδια-

816 5576 999 5644 φορίᾳ,
1052 5574 1131 5636 είς
1181 5571 1404 5641 ὕστερον
1443 5572 1695 5623 ἀκούσιον
1728 5566 2023 5640 εὑράμενος
2081 5568 2373 5637 σωτηρίαν.

818 5656 1135 5727 ιιαρέδαλεν
1170 5656 1276 5726 γὰρ
1300 5656 1392 5708 καὶ
1423 5654 1693 5724 θεάτροις,
1726 5655 1818 5705 καὶ
1849 5651 2252 5721 ἱπποδρομίαις,
2284 5651 2377 5702 καὶ

815 5742 915 5805 τὶς
942 5740 1219 5811 διατριϐὰς
1241 5736 1383 5810 εἶχεν
1414 5739 1470 5792 ἐν
1496 5736 1827 5807 καπηλείοις.
1858 5735 2040 5798 Οὕτως
2067 5734 2120 5786 δὲ
2152 5750 2374 5803 γαστρι-

2476 4560 2907 4631 γαστριμαργίᾳ,
2938 4560 3030 4610 καὶ
3052 4559 3388 4629 οἰνοφλυγίᾳ,
3415 4560 3605 4630 μηδενὶ
3636 4561 3798 4631 μηδὲν
3818 4560 4046 4629 ὁμιλῶι,

2475 4642 2610 4695 ἀλλὰ
2641 4644 2784 4701 ἐνεὺς
2808 4642 3181 4707 ἀνακάμπτων
3210 4645 3309 4710 τὴν
3341 4644 3568 4711 ἀγορὰν,
3600 4644 3830 4695 ἐλεεινὸν
3866 4644 4049 4713 θέαμα

2478 4727 2570 4777 καὶ
2592 4724 2793 4793 πλῆρες
2818 4721 3067 4792 δακρύων
3091 4725 3447 4793 προκείμενος
3470 4724 3811 4794 Χριστιανῶν
3840 4726 4048 4793 ὀφθαλ-

2480 4812 2615 4879 μοῖς.
2648 4808 2895 4875 παίγνιον
2920 4807 2977 4857 δέ
3000 4808 3091 4858 καὶ
3122 4806 3285 4877 χλεύη
3308 4810 3419 4868 τοίς
3442 4810 3697 4876 ἀγνοοῦσι
3721 4810 3811 4860 τὸν
3847 4810 4048 4878 ήμέτε-

2478 4910 2570 4963 ρον
2611 4890 2742 4960 βίον.
2780 4890 2889 4941 Καὶ
2917 4887 3056 4959 αὕτη
3087 4890 3145 4940 δε
3188 4892 3408 4952 ἁνίατος
3440 4894 3697 4961 συμφορὰ
3726 4892 4050 4961 κατειλήφει

2476 4978 2565 5029 τὸν
2595 4975 2822 5028 ἐλεεινὸν
2853 4972 3184 5041 Πτολεμαῖον
3213 4975 3277 5025 ἐκ
3311 4974 3409 5042 τῆς
3439 4975 3635 5041 ἀλόγου
3669 4977 3897 5043 οἰήσεως
3919 5016 3935 5038 ,
3973 4975 4051 5044 τῷ

2476 5060 2715 5130 νομίζειν
2758 5058 2920 5110 αὐτὸν
2959 5058 3359 5126 ἐμπαιζόμενον
3412 5060 3515 5111 ὑπὸ
3565 5058 3659 5111 τοῦ
3708 5059 3910 5111 πλάνου
3966 5060 4049 5112 ὅτι

2477 5146 2675 5215 γνῶσιν
2709 5144 2821 5211 ἔχει
2854 5142 2994 5210 ὑπὲρ
3027 5143 3232 5202 πάντας
3266 5144 3388 5204 τοὺς
3420 5142 3611 5209 ἁγίους
3660 5143 3941 5212 Πατέραςο
3982 5144 4051 5194 δι’

2475 5228 2541 5301 ἦς
2565 5230 2857 5299 φυσιωθεὶς
2892 5230 2920 5279 ό
2943 5225 3135 5278 ἑαυτοῦ
3170 5226 3420 5295 πολέμιος
3443 5229 3522 5289 είς
3547 5228 3636 5279 τὸν
3671 5226 3832 5295 βυθὸν
3857 5225 4050 5276 τοῦτον

2478 5309 2867 5377 κατεποντίσθη
2917 5310 3015 5377 τῆς
3053 5310 3346 5374 ἀπωλείας,
3388 5309 3656 5377 μηδέποτε
3694 5307 3883 5378 μηδενὶ
3923 5324 4050 5361 συν-

2476 5401 2653 5471 τυχὼν
2682 5399 2788 5450 τῶν
2828 5396 2997 5463 ἁγίων
3042 5397 3295 5465 Πατέρων
3324 5397 3432 5447 τῶν
3464 5396 3642 5463 σοφῶς
3674 5395 4046 5464 κυδερνησάν-

2476 5501 2606 5546 των,
2640 5484 2733 5535 καὶ
2764 5484 2828 5551 τῇ
2857 5478 3059 5531 τούτων
3082 5482 3423 5549 πνευματικῇ
3454 5477 3773 5545 διδασκαλίᾳ
3802 5477 4050 5545 τημελη-

2478 5578 2611 5637 θεὶς,
2642 5572 2755 5626 ἀλλ’
2782 5569 3150 5638 ἁκυὸέρνητος
3192 5565 3461 5635 εὑρεθεὶς,
3498 5568 3591 5619 καὶ
3635 5565 3738 5617 ὑπὸ
3776 5562 3878 5631 τῆς
3924 5580 4048 5616 σκετο

2478 5664 2659 5729 τεινῆς
2693 5658 2953 5720 λαίλαπος
3008 5653 3363 5727 χειμασθείς,
3412 5655 3490 5715 εἰς
3531 5651 3755 5720 ἔσχατον
3811 5649 4050 5704 θανάτου

2484 5745 2730 5815 πυθμένα
2772 5738 3077 5806 ἐξώκειλεν.
3110 5738 3181 5789 Ἢ
3215 5735 3400 5805 ῶσπερ
3429 5734 3641 5805 δένδρον
3679 5734 3927 5802 γενναῖον
3959 5733 4053 5785 καὶ
