4258 6358
261 421 280 472 l
291 417 396 473 095

1509 420 1827 480 HISTORIA
1866 419 2226 478 LAUSIACA.

3353 412 3487 471 1094

252 536 538 603 ingredere
560 534 617 588 in
646 541 792 587 tuam
818 532 1030 588 cellam.
1067 532 1328 600 Egressus
1357 547 1485 602 ergo
1509 547 1631 589 cum
1656 534 1821 588 vidis-
1848 541 1903 599 Α
1928 533 2171 589 Accessit
2195 532 2337 588 enim
2367 531 2433 585 ad
2467 531 2671 585 theatra
2699 538 2757 586 et
2794 530 3067 599 equestria
3091 531 3404 599 certamina,
3448 540 3509 590 et

244 634 329 679 set
357 635 675 694 apparatum
728 625 1055 693 lampadum,
1100 624 1317 679 circiter
1355 638 1387 678 a
1418 624 1591 680 stadio
1638 625 1827 695 procul

245 713 638 767 Antichristum
695 713 956 766 adoravit.
1005 713 1125 767 Alio
1177 714 1355 781 itaque
1398 714 1489 770 die
1536 716 1672 769 adeo
1727 715 1829 770 fuit

248 815 444 856 emota:
474 805 690 867 mentis,
724 812 779 855 ut
808 802 1179 871 ingrederetur
1207 804 1524 873 ecclesiam,
1556 815 1611 858 et
1639 804 1828 859 frater-

247 893 416 945 nitate
464 904 786 961 congregata
846 894 1094 948 diceret:
1128 894 1241 963 Ego
1295 909 1402 949 non
1460 896 1638 950 habeo
1693 911 1828 965 opus

245 984 649 1048 communione;
670 983 943 1038 Christum
962 985 1103 1038 enim
1125 985 1232 1038 vidi
1258 985 1434 1041 hodie.
1460 987 1609 1042 Tune
1629 988 1819 1043 Patres

246 1089 367 1125 eum
417 1088 559 1126 anno
607 1088 712 1126 uno
758 1072 1059 1138 vinxerunt,
1104 1083 1162 1129 et
1203 1074 1258 1129 in
1300 1075 1504 1131 ferreos
1530 1078 1826 1145 compedes

246 1154 612 1232 coniecerunt,
635 1176 690 1218 et
711 1174 1000 1231 curarunt;
1033 1168 1305 1233 precibus,
1329 1166 1551 1237 ejusque
1576 1179 1825 1226 contem-

251 1257 465 1324 ptione.
488 1256 705 1324 vitaque
748 1260 1043 1310 austeriore
1070 1256 1416 1313 detrahentes
1445 1262 1561 1328 ejus
1602 1275 1824 1330 persua-

250 1350 496 1410 sionem;
528 1361 653 1400 nam
676 1385 690 1410 ,
722 1358 777 1401 ut
821 1349 1037 1414 dicitur,
1083 1350 1353 1405 contraria
1383 1352 1665 1408 contrariis
1712 1368 1826 1409 me-

250 1438 571 1492 dicamentis
596 1446 865 1493 curantur.

320 1528 555 1583 Necesse
584 1540 670 1583 est
714 1539 891 1584 autem
922 1547 1107 1587 eorum
1156 1548 1368 1603 quoque
1411 1537 1502 1601 qui
1531 1548 1654 1593 sunt
1696 1541 1829 1596 tales

252 1621 413 1671 vitam
444 1621 496 1672 in
529 1620 630 1674 hoc
662 1621 800 1675 libro
851 1623 1121 1687 inserere,
1153 1625 1218 1678 ad
1248 1629 1590 1682 securitatem
1634 1645 1821 1684 eorum

251 1712 336 1777 qui
363 1712 541 1778 legunt
570 1727 585 1764 :
612 1713 745 1765 sicut
766 1714 927 1766 etiam
946 1716 1146 1767 sanctis
1168 1716 1356 1783 plantis
1377 1720 1603 1772 accessit
1624 1720 1825 1789 lignum

254 1802 509 1869 paradisi,
535 1818 727 1869 nempe
754 1804 983 1872 cognitio
1006 1804 1129 1859 boni
1157 1817 1212 1861 et
1240 1809 1364 1862 mali
1398 1806 1548 1877 (Gen.
1579 1814 1669 1877 tt);
1700 1820 1757 1864 ut
1781 1811 1827 1865 si

1933 623 2243 679 versabatur
2263 622 2317 676 in
2360 622 2644 690 cauponis;
2694 622 2740 675 is
2782 632 2964 676 autem
3006 636 3129 677 cum
3175 623 3315 692 gula
3352 637 3501 679 esset

1931 714 2146 767 deditus
2176 721 2228 766 et
2249 710 2518 777 ebrietati,
2551 712 2736 767 incidit
2759 714 2811 765 in
2842 726 3054 766 cmnum
3086 711 3329 769 feminea:
3350 715 3502 784 cupi-

1930 806 2145 869 ditatis;
2175 813 2227 856 et
2255 819 2374 856 cum
2406 818 2625 872 peccare
2654 804 3021 857 constituisset
3042 844 3055 866 ,
3109 818 3230 858 cum
3266 807 3496 873 quatiam

1933 897 2093 947 mima
2126 895 2336 949 assidue
2383 890 2699 960 collocutus,
2740 896 2892 947 ulcus
2922 909 3073 947 suum
3104 894 3331 961 aperuit.
3363 893 3495 949 Cum

1933 984 2045 1038 haec
2072 984 2150 1038 sic
2178 983 2396 1052 ﬁerent,
2429 985 2615 1039 divino
2667 984 2896 1051 quodam
2927 984 3148 1037 consilio
3197 992 3388 1038 enatus
3418 993 3503 1038 est

1930 1074 1981 1128 ei
2008 1072 2235 1127 anthrax
2283 1076 2336 1128 in
2378 1074 2598 1144 glande;
2648 1084 2701 1128 et
2750 1083 2988 1143 tempore
3034 1076 3281 1129 semestri
3331 1089 3501 1143 usque

1932 1164 2067 1219 adeo
2120 1165 2429 1233 aegrotavit,
2485 1174 2542 1217 ut
2590 1164 2707 1232 ejus
2758 1164 2929 1217 virilia
2991 1163 3228 1217 membra
3285 1177 3505 1232 compu-

1933 1251 2197 1318 truerint,
2252 1261 2307 1307 et
2353 1266 2449 1305 sua
2513 1265 2703 1318 sponte
2757 1252 3068 1307 ceciderint.
3127 1251 3259 1305 Cum
3320 1263 3503 1320 postea

1931 1352 2111 1398 autem
2142 1342 2525 1403 convaluisset.
2557 1358 2802 1398 reversus
2847 1353 2933 1398 est
2955 1345 3022 1398 ad
3072 1345 3173 1400 hoc
3201 1356 3260 1399 ut
3287 1360 3350 1400 ea
3381 1360 3503 1400 sen-

1934 1435 2059 1489 tiret
2086 1451 2206 1503 qua:
2234 1436 2330 1489 Det
2382 1446 2537 1500 sunt,
2592 1444 2648 1491 et
2698 1435 2841 1490 venit
2870 1434 2923 1488 in
2974 1435 3340 1501 solitudinem,
3389 1436 3505 1491 haec

1931 1527 2110 1578 omnia
2148 1525 2418 1579 conﬁtens
2447 1518 2715 1594 patribus;
2768 1533 2825 1581 et
2868 1540 2987 1580 eum
3019 1540 3125 1579 non
3166 1523 3503 1595 pervenisset

1934 1613 2001 1666 ad
2024 1614 2413 1682 operationem,
2450 1613 2630 1681 paucis
2662 1624 2781 1682 post
2809 1608 2999 1668 diebus
3024 1611 3329 1669 obdormilt.

2476 1722 2704 1776 CAPUT
2743 1720 2961 1775 XXXIII

2356 1813 2432 1867 De
2463 1811 2742 1867 Ptolemaeo
2766 1815 2851 1881 qui
2877 1814 3084 1868 excidit.

250 1888 465 1955 quando
493 1892 779 1959 contigerit
805 1906 898 1945 eos
927 1892 979 1945 in
1036 1894 1209 1963 aliqua
1256 1910 1314 1948 re
1343 1910 1400 1950 se
1431 1906 1574 1951 recte
1600 1913 1822 1967 gerere,
1857 1899 1904 1961 Β
1999 1901 2149 1955 Alius
2178 1898 2390 1969 quidam
2441 1914 2661 1964 rursus,
2712 1900 2931 1955 nomine
2976 1901 3324 1964 Ptolemaeus,
3375 1915 3497 1955 cum

254 1992 363 2030 non
393 1993 452 2031 se
494 1979 718 2033 elI'erant
747 1987 802 2033 et
829 1995 888 2035 se
920 1980 1123 2050 jactent
1149 1983 1218 2037 de
1257 1984 1471 2038 virtute.
1512 1987 1640 2040 Nam
1688 2002 1833 2058 smpe

252 2086 464 2141 quoque
497 2074 663 2127 virtus
692 2075 923 2129 efﬁcitur
947 2079 1158 2131 occasio
1189 2080 1573 2147 prolapsionis,
1620 2084 1834 2150 quando

252 2175 360 2214 non
407 2172 555 2215 recto
598 2178 762 2232 scopo
811 2163 948 2219 facta
992 2166 1171 2220 fuerit.
1221 2168 1486 2235 Scriptum
1517 2183 1600 2226 est
1647 2175 1829 2229 enim:

259 2249 377 2304 Vidi
426 2251 629 2320 justum
670 2264 983 2321 pereuntem
1015 2258 1065 2310 in
1097 2272 1190 2311 sua
1217 2259 1419 2328 justitia
1463 2261 1675 2332 (Eccle.
1707 2264 1829 2333 τη).

256 2341 313 2395 Id
341 2358 553 2413 quoque
579 2357 662 2399 est
686 2347 909 2400 vanitas.

806 2438 1032 2494 CAPUT
1071 2440 1283 2495 XXXII.

827 2526 904 2581 De
930 2528 1100 2582 Brom:
1128 2530 1263 2601 (74).

332 2615 449 2668 Fuit
478 2617 727 2684 quidam,
762 2618 868 2673 Ero
896 2628 1132 2685 nomine,
1164 2623 1290 2677 mihi
1338 2625 1565 2691 vicinus,
1597 2626 1829 2680 Alexan-

255 2708 443 2762 drinus
474 2726 703 2778 genere,
743 2712 977 2767 urbanus
1026 2715 1372 2780 adolescens,
1406 2718 1548 2771 bono
1578 2717 1791 2786 ingenio
1811 2760 1827 2785 ,

257 2801 365 2851 vita
420 2801 669 2854 mundus.
753 2803 857 2869 Qui
946 2805 1062 2875 ipse
1143 2817 1362 2875 quoque
1436 2816 1558 2875 post
1610 2821 1829 2876 magnos

256 2888 467 2942 !ahores
498 2901 550 2967 e_t
576 2891 860 2957 praeclaros
885 2895 1126 2959 sudores,
1159 2896 1227 2948 ab
1255 2898 1555 2965 arrogantia
1583 2910 1830 2965 arreptus

254 2986 308 3032 et
332 2978 601 3042 elatione,
653 2994 890 3047 praeceps
919 2984 1051 3045 ruit,
1103 2992 1157 3035 et
1204 2984 1461 3039 adversus
1509 2994 1691 3053 patres
1721 3002 1818 3041 su-

257 3067 452 3129 perbus
479 3068 649 3120 evasit
675 3079 730 3121 et
760 3071 1013 3133 insolens.
1041 3079 1096 3125 et
1123 3086 1243 3125 cum
1274 3072 1380 3127 illis
1406 3074 1620 3129 beatum
1658 3077 1820 3130 etiam

256 3156 542 3224 Evagrium
591 3158 713 3230 [ΑΙ.
747 3160 1037 3214 Macariqu
1068 3176 1283 3232 quoque
1319 3164 1723 3237 presbyterum]
1751 3168 1829 3221 afo

1935 2000 2148 2043 narratu
2174 1989 2461 2053 difﬁcilem,
2508 1991 2591 2044 vel
2637 1989 2809 2058 potius
2832 2006 2947 2060 quas
2977 1995 3180 2047 narrari
3202 2010 3307 2049 non
3328 2002 3502 2062 potest

1934 2080 2092 2132 vitam
2126 2078 2489 2146 transegisset,
2549 2078 2802 2133 habitavit
2840 2078 2991 2134 iditio
3022 2081 3159 2135 ultra
3187 2081 3400 2137 Seetem
3443 2083 3500 2136 in

1932 2182 1994 2223 ea
2020 2183 2137 2237 quae
2156 2168 2348 2221 dicitur
2373 2168 2576 2236 κλίμαξ,
2605 2167 2657 2221 id
2685 2176 2772 2221 est
2811 2171 2975 2223 scala.
3019 2170 3114 2223 Est
3150 2181 3324 2225 autem
3354 2172 3501 2226 locus

1934 2258 2024 2326 qui
2056 2258 2133 2311 sic
2159 2258 2358 2311 dicitur
2390 2259 2441 2311 in
2472 2272 2576 2326 quo
2605 2273 2762 2312 nemo
2792 2268 2965 2328 potest
2992 2262 3251 2326 habitare,
3286 2275 3500 2332 prome»

1931 2362 2023 2402 rea
2062 2347 2201 2416 quod
2235 2357 2423 2417 puteus
2450 2363 2703 2416 aquarum
2734 2348 2894 2403 distet
2913 2351 3100 2406 decem
3130 2361 3186 2406 et
3221 2364 3341 2407 octo
3371 2354 3495 2407 util-

1932 2440 2167 2495 liaribus.
2198 2440 2331 2495 Cum
2372 2440 2417 2495 is
2443 2455 2572 2509 ergo
2618 2440 2783 2495 multa
2822 2456 2944 2497 vasa
2993 2444 3175 2498 fictilia
3207 2453 3496 2515 portasset,

1929 2541 1984 2586 et
2026 2528 2304 2587 Decembri
2352 2541 2406 2587 et
2447 2526 2702 2587 Januario
2752 2549 2937 2591 mense
2981 2550 3155 2590 rorem
3199 2536 3502 2605 collegisset

1930 2623 2037 2691 (est
2067 2623 2209 2677 enim
2242 2625 2559 2692 permultum
2593 2629 2729 2681 roris
2756 2630 2807 2681 in
2840 2628 2945 2682 illis
2973 2625 3232 2699 partibus)
3260 2638 3315 2684 et
3341 2644 3501 2697 spon-

1930 2714 2016 2782 gia
2043 2729 2107 2768 ex
2136 2715 2402 2782 lapidibus
2455 2720 2833 2785 expressisset,
2865 2719 3096 2787 perstitit
3122 2720 3232 2775 illic
3255 2722 3501 2775 habitans

1931 2819 2097 2858 annos
2164 2806 2485 2873 quindecim.
2564 2808 2664 2874 Qui
2719 2811 3046 2865 abalienatus
3089 2826 3118 2864 a
3158 2812 3397 2866 doctrina
3450 2822 3501 2868 et

1930 2896 2313 2962 congressione
2378 2897 2619 2950 virorum
2675 2911 2977 2953 sanctorum
3047 2910 3101 2953 et
3156 2901 3381 2955 utilitate
3449 2913 3502 2957 et

1929 2985 2179 3039 continua
2230 2998 2685 3041 sacramentorum
2767 2991 3142 3046 communione
3176 3028 3194 3057 ,
3252 3006 3285 3045 a
3359 3002 3504 3047 recta

1933 3078 2015 3127 via
2071 3089 2239 3144 usque
2280 3076 2414 3129 adeo
2454 3077 2698 3142 recessit,
2750 3085 2807 3130 ut
2852 3078 2992 3146 quod
3043 3080 3281 3135 nonnulli
3325 3080 3504 3136 dicunt

1931 3165 2117 3233 impii,
2165 3178 2289 3218 casu
2320 3165 2495 3219 omnia
2551 3165 2691 3230 ﬁeri,
2747 3166 2792 3219 is
2840 3182 3047 3236 quoque
3075 3167 3251 3222 infelix
3277 3167 3329 3223 id
3362 3168 3501 3225 fato-

256 3249 385 3302 fecit
410 3251 769 3314 contumelia,
801 3252 986 3306 dicens
1011 3269 1026 3305 :
1048 3254 1147 3318 Qui
1178 3264 1277 3307 tua:
1320 3255 1576 3310 doctrinm
1607 3268 1825 3325 parent,
1855 3249 1903 3312 Ο
1933 3265 2099 3318 retur,
2147 3255 2390 3309 daemone
2443 3255 2645 3309 erroris
2690 3256 2941 3325 deinceps
2986 3258 3036 3311 in
3061 3274 3183 3313 eum
3224 3258 3502 3314 obtinente

256 3338 623 3407 decipiuntur;
662 3356 767 3394 non
788 3351 997 3410 oportet
1027 3343 1168 3397 enim
1191 3344 1324 3398 alios
1345 3348 1628 3414 magistros
1647 3359 1826 3403 atten-

257 3428 383 3483 dere
411 3441 604 3496 pneter
632 3430 927 3484 Christum.
958 3432 1169 3487 Abusus
1195 3442 1277 3487 est
1307 3445 1483 3489 autem
1511 3438 1814 3491 testimonio

257 3532 468 3586 quoque
492 3517 560 3571 ad
586 3536 889 3586 perversum
918 3536 1139 3589 scopum
1170 3538 1282 3577 sum
1302 3525 1535 3580 stultitim
1555 3568 1570 3592 ,
1602 3527 1788 3582 dicens
1812 3545 1826 3582 :

258 3608 335 3662 Ne
365 3608 679 3663 vocaveritis
705 3611 1014 3679 magistrum
1039 3627 1204 3681 super
1220 3623 1414 3668 terram
1446 3614 1657 3683 (Matth.
1685 3619 1829 3685 xxv).

260 3699 359 3764 Qui
390 3701 504 3767 ipse
533 3716 743 3769 quoque
789 3714 1023 3756 mentem
1054 3702 1189 3757 adeo
1218 3703 1400 3759 habuit
1427 3705 1829 3761 obtenebratam

263 3804 399 3842 vana
430 3792 771 3857 persuasione
800 3806 910 3845 sum
940 3793 1239 3861 Opinionis,
1272 3802 1330 3849 ut
1352 3793 1515 3849 fuerit
1544 3798 1703 3849 etiam
1730 3798 1831 3850 fer-

262 3898 325 3935 ro
376 3884 586 3935 vinctus
631 3898 751 3937 eum
803 3884 966 3937 nollet
1020 3886 1310 3939 convenire
1356 3890 1422 3939 ad
1466 3896 1829 3941 sacramenta.

265 3977 451 4027 Amica
478 3983 652 4028 autem
683 3977 897 4028 veritas.
932 3974 1111 4029 Fuitis
1132 3977 1254 4029 vitze
1276 3977 1513 4030 instituto
1535 3977 1824 4031 admodum

264 4065 440 4118 subtili
473 4074 526 4118 et
554 4073 827 4127 accurato,
857 4064 990 4118 adeo
1015 4076 1071 4118 ut
1090 4066 1246 4119 multi
1269 4067 1467 4131 dicant,
1489 4068 1684 4135 quibus
1710 4082 1833 4120 eum

261 4170 328 4208 eo
355 4153 661 4207 intercessit
694 4155 1068 4220 consuetudo,
1113 4156 1253 4223 quod
1281 4172 1422 4225 stupe
1452 4172 1557 4211 non
1585 4157 1685 4210 nisi
1717 4169 1836 4226 post

266 4254 375 4297 tres
404 4259 616 4298 menses
664 4244 999 4309 comedebat,
1029 4254 1308 4299 contentus
1336 4248 1711 4300 communione
1751 4261 1835 4299 sa-

263 4346 679 4399 cramentorum,
707 4345 763 4389 et
785 4336 951 4389 sicubi
992 4336 1040 4389 ei
1069 4338 1405 4405 apparuisset
1438 4338 1555 4390 olus
1600 4347 1831 4405 agreste.

266 4425 465 4493 Accepi
512 4435 689 4478 autem
739 4439 838 4493 ego
885 4440 1096 4493 quoque
1143 4427 1259 4490 ejus
1301 4425 1685 4493 experientiam
1715 4440 1835 4478 cum

273 4516 431 4569 beato
458 4516 675 4579 Albino,
720 4530 841 4569 cum
888 4516 1019 4568 irem
1068 4516 1122 4568 in
1152 4515 1611 4570 Scetemzabetat
1657 4524 1832 4568 autem

1932 3346 2236 3413 imperium.
2291 3346 2387 3398 llic
2444 3345 2586 3400 enim
2632 3346 2881 3402 inimicus
2933 3362 3071 3402 vano
3120 3348 3241 3403 huic
3297 3350 3499 3404 homini

1931 3437 2225 3503 suggessit,
2259 3442 2316 3487 ut
2343 3435 2543 3489 diceret
2570 3450 2655 3490 res
2685 3436 2884 3489 nullam
2925 3436 3121 3492 habere
3169 3439 3498 3502 essentiam;

1933 3529 2025 3579 sed
2068 3527 2285 3580 omnino
2338 3539 2459 3579 esse
2487 3526 2663 3578 omnia
2703 3540 2768 3580 ex
2799 3540 2865 3579 eo
2917 3526 3058 3593 quod
3112 3526 3342 3581 mundus
3391 3524 3495 3582 fer-

1934 3625 2083 3669 retur
2128 3630 2223 3668 sua
2254 3624 2463 3683 sponte.
2494 3614 2551 3667 In
2579 3613 2737 3681 hujus
2786 3629 2915 3683 ergo
2961 3616 3192 3670 animam
3243 3616 3358 3671 haec
3403 3618 3500 3668 im-

1935 3706 2080 3759 misit
2129 3706 2364 3758 omnium
2411 3706 2537 3758 vita:
2583 3704 2783 3765 hostis.
2826 3700 3251 3763 dicendo:Cum
3305 3724 3391 3764 res
3429 3711 3499 3762 ita

1934 3811 1993 3850 se
2044 3794 2303 3859 habeant,
2362 3795 2488 3863 quid
2539 3792 2739 3849 frustra
2795 3797 3019 3864 teipsum
3077 3798 3206 3854 foris
3274 3799 3497 3854 domas?

1934 3884 2194 3950 Quidnam
2236 3896 2287 3937 to
2340 3884 2573 3951 iuvabit,
2616 3884 2935 3953 Ptolemaee,
2965 3886 3011 3940 si
3063 3901 3170 3940 non
3207 3888 3278 3941 sit
3322 3902 3502 3943 remo--

1937 3974 2175 4029 neratio?
2204 3974 2457 4039 Quaenam
2507 3982 2681 4029 autem
2715 3968 2808 4027 tibi
2857 3974 3131 4031 sufﬁceret
3176 3986 3381 4031 merces
3427 3988 3505 4032 tot

1937 4072 1992 4117 ct
2043 4071 2305 4116 tantorum
2336 4062 2608 4125 laborum,
2639 4060 2849 4116 etiamsi
2894 4071 3039 4118 esset
3082 4065 3171 4133 qui
3221 4065 3506 4121 redderet?

1939 4154 2219 4220 Quodnam
2268 4164 2443 4207 autem
2490 4162 2576 4206 est
2597 4154 2853 4223 judicium
2884 4155 3025 4222 quod
3063 4156 3330 4210 minantur
3360 4158 3507 4212 Scri-

1940 4256 2128 4312 pturae,
2161 4244 2204 4298 si
2236 4246 2380 4296 nulla
2404 4244 2474 4297 sit
2500 4244 2869 4311 providentia?
2891 4237 2985 4297 llis
3004 4244 3256 4298 satanicis
3278 4245 3507 4299 circurn-

1938 4345 2120 4399 septus
2145 4331 2551 4401 cogitationibus
2580 4332 2912 4387 miserrimus
2942 4333 3282 4397 Ptolemaeus,
3306 4334 3507 4391 dicitur

1938 4438 2058 4477 esse
2081 4432 2270 4476 emotae
2300 4422 2493 4475 mentis
2512 4462 2528 4487 ,
2559 4430 2612 4475 et
2642 4421 2912 4491 hucusque
2938 4437 3119 4478 errare
3161 4422 3214 4477 in
3242 4423 3504 4494 Egypto,

1939 4526 1992 4569 et
2022 4518 2254 4583 seipsum
2282 4514 2551 4568 dedidisse
2578 4515 2716 4582 gula:
2744 4525 2798 4568 et
2838 4510 3113 4580 ebrietati,
3142 4530 3262 4570 cum
3295 4519 3507 4572 nemine

267 4606 427 4660 Scete
458 4620 487 4658 a
519 4607 671 4660 nobis
691 4607 1037 4674 quadraginta
1072 4607 1403 4660 milliarihus.
1433 4606 1489 4659 In
1514 4606 1594 4659 his
1616 4606 1836 4675 quadra-
1866 4605 1917 4663 D
1942 4604 2392 4669 conversans,sed
2410 4613 2584 4656 mutus
2607 4603 2777 4656 [orum
2800 4600 3007 4668 obiens,
3034 4604 3335 4660 miserabile
3359 4618 3412 4660 et
3439 4606 3509 4659 la-

263 4702 408 4767 ginta
440 4696 761 4750 tnilliarihus
791 4710 889 4748 nos
927 4695 1012 4747 bis
1040 4695 1390 4757 comedimus,
1438 4706 1491 4748 et
1538 4704 1618 4748 ter
1642 4708 1830 4761 aquam

268 4788 533 4849 bibimus;
567 4785 656 4839 ille
686 4800 810 4838 vero
840 4798 960 4838 cum
1009 4785 1135 4837 nihil
1178 4794 1437 4850 gustasset
1469 4785 1627 4851 pedes
1661 4786 1833 4851 ingre-

270 4879 453 4944 diens,
497 4876 863 4945 pronuntiavit
892 4874 1202 4945 memoriter
1241 4874 1539 4942 quindecim
1573 4873 1831 4941 psalmos,

266 4969 464 5023 deinde
507 4982 755 5036 magnum
792 4968 1074 5034 psalmum,
1104 4963 1297 5018 deinde
1324 4965 1600 5029 epistolam
1636 4962 1700 5015 ad
1736 4964 1837 5014 lle-

261 5052 456 5125 brmos,
484 5058 676 5113 deinde
716 5058 989 5123 Isaiam,et
1011 5068 1207 5125 partem
1232 5057 1661 5124 prepheticorum
1682 5054 1834 5108 Jere-

262 5154 402 5214 inim,
423 5151 618 5204 deinde
643 5150 836 5202 Lucam
867 5149 1281 5216 Evangelistam,
1309 5148 1501 5200 deinde
1524 5146 1707 5198 Provet
1724 5140 1830 5198 bin.

264 5242 595 5293 Eumautem
626 5240 984 5292 ambulantem
1017 5254 1119 5289 non
1152 5249 1453 5303 poteramus
1478 5235 1749 5301 consequi.
1788 5235 1833 5287 Is

264 5340 539 5399 postremo
565 5339 811 5396 arreptus
839 5344 869 5380 a
895 5330 1015 5379 tnali
1048 5327 1306 5379 daemonis
1326 5326 1654 5393 operatione,
1673 5325 1834 5391 utqui

263 5432 514 5493 ageretur
537 5420 602 5473 ab
628 5420 1250 5487 ignevehementissimo,
1271 5419 1319 5470 in
1349 5432 1441 5470 sua
1467 5417 1677 5484 quidem
1700 5417 1833 5468 colla

263 5513 453 5566 sedere
497 5524 601 5563 non
657 5519 861 5577 poterat
898 5528 911 5560 :
948 5508 1214 5576 profectus
1236 5517 1411 5562 autem
1436 5504 1834 5571 Alexandriam,

262 5602 445 5656 divino
507 5600 737 5668 quodam
806 5600 1031 5653 consilio
1092 5601 1296 5653 clavum
1366 5599 1511 5652 clavo
1588 5600 1835 5653 extrusit.

266 5693 373 5747 Sua
402 5700 592 5760 sponte
619 5692 761 5744 enim
788 5688 971 5743 incidit
997 5692 1047 5744 in
1071 5692 1427 5759 promiscuum
1455 5698 1510 5744 et
1531 5690 1837 5743 indifferen-

266 5794 373 5839 tetu
402 5796 583 5838 rerum
613 5795 787 5846 usum,
816 5780 1031 5836 inventa
1052 5790 1234 5851 postea
1263 5781 1433 5836 salute
1457 5780 1833 5837 involuntaria.

1936 4692 2225 4761 crymabile
2270 4691 2631 4758 spectaculum
2658 4690 3077 4745 Christianorum
3118 4693 3288 4747 oculis
3309 4733 3325 4759 ,
3359 4691 3498 4746 ludi-

1936 4783 2109 4837 brium
2154 4790 2327 4837 autem
2361 4781 2423 4835 iis
2452 4783 2539 4850 qui
2584 4781 2745 4836 vitam
2779 4795 3014 4837 nostram
3061 4785 3330 4839 nesciunt.
3377 4785 3505 4840 llaec

1938 4883 2115 4925 autem
2144 4869 2415 4926 calamitas
2439 4868 2842 4925 immedicabilis
2874 4872 3123 4926 miserum
3154 4874 3347 4927 invasit
3372 4874 3498 4929 Pto-

1940 4962 2205 5023 lemaeum,
2252 4976 2315 5014 ex
2366 4960 2591 5014 rationis
2639 4970 2858 5028 experte
2905 4964 3133 5027 quadam
3182 4965 3507 5033 arrogantia,

1942 5050 2082 5120 quod
2128 5066 2157 5103 ιι
2200 5050 2477 5105 seductore
2525 5050 2767 5104 das-mone
2815 5047 3027 5113 illusus,
3069 5052 3401 5107 existimaret
3450 5071 3511 5109 se

1944 5143 2167 5197 scientia
2219 5142 2419 5210 pollere
2464 5158 2622 5209 super
2670 5157 2856 5197 omnes
2895 5152 3105 5197 sanctos
3156 5142 3382 5197 Patres:
3418 5162 3511 5209 per

1941 5244 2097 5301 quam
2141 5232 2382 5295 inﬁatus,
2430 5233 2512 5285 sui
2544 5234 2710 5299 ipsius
2740 5228 2925 5295 hostis.
2961 5248 3199 5303 praeceps
3238 5235 3395 5289 datus
3423 5247 3511 5290 est

1942 5328 1994 5380 in
2021 5323 2337 5394 profundum
2362 5325 2628 5389 interitus,
2660 5338 2780 5379 cum
2812 5323 3010 5379 nullout
3040 5342 3268 5393 unquam
3300 5342 3498 5381 conve-

1944 5414 2109 5467 nisset
2133 5429 2199 5467 ex
2234 5413 2431 5466 sanctis
2461 5410 2708 5467 Patribus
2734 5413 2820 5481 qui
2864 5412 3131 5483 sapienter
3172 5415 3506 5483 gubernave-

1942 5511 2083 5568 rant,
2119 5517 2219 5556 nec
2248 5516 2431 5555 eorum
2483 5501 2641 5555 fuerit
2671 5502 2919 5556 fundatus
2966 5503 3189 5571 spiritali
3232 5503 3502 5568 doctrina;

1940 5596 2035 5650 sed
2064 5596 2311 5650 inventus
2335 5598 2536 5661 absque
2557 5595 2934 5663 gubernatore,
2966 5596 3020 5649 in
3040 5604 3335 5649 extremum
3364 5606 3509 5650 mor-

1943 5686 2012 5739 tis
2038 5686 2352 5753 profondum
2385 5685 2609 5751 cecidit,
2641 5693 2694 5739 et
2720 5685 2855 5739 sicut
2883 5684 3042 5740 arbor
3085 5683 3341 5739 viridibus
3367 5684 3508 5741 foliis

1941 5789 2172 5843 comata,
2206 5785 2261 5833 et
2290 5775 2553 5831 fructibus
2579 5782 2790 5841 ornata,
2818 5790 2938 5843 qua:
2966 5790 3076 5833 uno
3104 5775 3358 5846 temporis
3385 5789 3508 5831 mo-
