4258 6358
749 400 887 456 I095

2207 406 2292 461 PA
2301 405 2523 461 LLADII

3859 403 4006 464 I096

756 536 939 582 mento
962 529 1211 583 omnibus
1235 529 1391 583 simul
1425 539 1503 585 est
1535 534 1723 585 nudata
1743 572 1756 596 ,
1805 532 2008 588 reddita
2037 543 2123 588 est
2147 535 2317 590 arida.
2347 538 2395 594 Α
2425 534 2506 589 fer
2548 531 2906 593 aflectlonem,
2938 538 2994 582 ut
3022 543 3203 582 earum
3234 542 3414 582 curam
3445 540 3623 596 geram
3665 534 3729 581 ut
3769 528 4006 595 postulas

756 618 887 673 ham
916 629 973 674 ut
1000 622 1254 690 scriptum
1278 629 1361 676 est
1387 640 1399 675 :
1424 624 1626 689 Quibus
1653 638 1755 678 non
1787 634 1872 679 est
1892 626 2244 694 gubernatio,
2282 621 2317 679 ii

753 711 951 766 cadunt
975 723 1035 765 ιιι
1064 714 1184 766 folia
1214 711 1390 784 (Ριόυ.
1414 715 1510 783 at).

1295 825 1519 879 CAPUT
1557 826 1770 880 XXXV.

1298 914 1373 967 De
1402 916 1590 983 virgine
1615 919 1777 985 lapsa.

826 997 954 1050 Novi
985 1013 1169 1052 rursus
1197 1000 1476 1065 quamdam
1507 1006 1758 1071 virginem
1792 1003 2164 1072 Jerosolymis,
2199 1017 2315 1071 qute

754 1101 966 1140 saccum
1004 1087 1227 1153 gestavit
1272 1090 1529 1143 sexennio
1571 1132 1589 1159 ,
1684 1095 1737 1141 et
1833 1085 1931 1140 fuit
2049 1088 2251 1144 inclusa
2299 1107 2314 1154 ;

750 1194 846 1232 nec
865 1179 1059 1245 aliquid
1084 1180 1287 1247 accepit
1309 1196 1372 1233 ex
1398 1179 1463 1233 iis
1483 1194 1595 1246 quae
1622 1177 1845 1231 tendunt
1875 1177 1941 1232 ad
1966 1178 2310 1245 voluptatem,

750 1268 844 1321 sed
875 1284 1136 1322 summam
1179 1269 1564 1323 continentiam
1608 1267 1854 1323 exercuit
1883 1268 2023 1321 inter
2066 1266 2313 1320 feminas.

747 1356 936 1413 Postea
968 1369 1142 1412 autem
1176 1375 1201 1410 a
1238 1358 1419 1413 divino
1445 1359 1651 1412 deserta
1698 1358 1896 1411 auxilio
1926 1365 2140 1425 propter
2167 1370 2313 1409 sum-

749 1468 887 1504 mam
930 1447 1230 1520 superbiam
1261 1467 1377 1519 quae
1418 1453 1675 1504 malorum
1724 1449 1961 1503 omnium
1990 1456 2074 1501 est
2104 1448 2311 1512 nutrix,

745 1540 890 1607 lapsa
918 1552 1029 1605 est,
1061 1551 1111 1593 ct
1140 1552 1322 1607 aperta
1357 1540 1586 1593 fenesua
1635 1538 1849 1591 admisit
1879 1551 1999 1589 eum
2030 1538 2116 1604 qui
2148 1537 2195 1590 ei
2230 1536 2314 1590 in-

744 1633 1028 1696 seri-iebat,
1061 1644 1113 1685 ct
1153 1646 1272 1686 cum
1324 1647 1388 1685 eo
1418 1631 1515 1684 fuit
1544 1632 1866 1695 commixta;
1900 1646 1964 1684 eo
2014 1629 2154 1697 quod
2208 1645 2314 1683 non

745 1722 923 1775 divino
955 1725 1224 1791 proposito
1251 1734 1304 1777 et
1333 1739 1400 1777 ex
1427 1725 1689 1777 eharitate
1736 1738 1794 1776 se
1835 1730 2151 1777 exercuerat
2173 1765 2185 1789 ,
2218 1721 2313 1775 sed

744 1824 796 1866 ut
823 1813 1064 1867 humana:
1094 1830 1265 1867 scena:
1295 1816 1497 1868 servire
1527 1855 1540 1877 ,
1588 1816 1727 1883 quod
1776 1814 1989 1883 quidem
2037 1823 2119 1866 est
2163 1829 2312 1866 vanae

2424 622 2579 675 ratio.
2605 620 2736 675 Cum
2762 620 2941 674 fuisset
2969 632 3097 687 ergo
3124 632 3361 683 vespera,
3384 631 3506 671 eum
3528 631 3752 671 somnus
3770 631 3998 687 oppres-

2422 711 2490 763 sit
2521 711 2573 763 in
2599 710 2899 763 solitudine.
2937 710 3219 762 Venientes
3266 718 3443 761 autem
3490 709 3555 759 ad
3587 722 3709 761 eum
3741 717 3850 760 tres
3888 721 3998 759 anu

2420 801 2547 869 geli,
2576 810 2632 852 ιιι
2677 801 2791 867 ipse
2838 800 2967 851 mihi
3015 799 3266 856 narravit.
3299 812 3418 850 eum
3450 798 3766 860 retinentes,
3821 796 3872 849 ei
3916 795 3999 849 di-

2419 900 2547 943 cunt
2579 906 2594 942 :
2624 887 2732 943 Cur
2760 889 2933 943 exiisti
2992 903 3055 941 ex
3106 887 3427 941 monasterio
3474 884 3832 939 feminarum?
3865 886 4000 939 Rem

2422 977 2600 1045 itaque
2639 977 2715 1030 eis
2742 976 2994 1038 narravit,
3026 976 3207 1028 dicens
3242 991 3255 1025 :
3288 974 3463 1027 Timui
3495 988 3560 1026 ne
3586 984 3638 1025 et
3677 973 3793 1025 illas
3839 972 4000 1025 lede-

2419 1084 2531 1124 rem
2561 1078 2616 1122 et
2654 1069 2934 1136 meipsum.
2980 1068 3169 1121 Dicunt
3196 1066 3245 1120 ei
3289 1066 3497 1133 angeli:
3544 1065 3601 1119 Si
3633 1076 3684 1118 te
3712 1077 3840 1131 ergo
3869 1063 4003 1116 hbeo

2420 1162 2713 1216 raverimus
2742 1160 2809 1213 ab
2842 1160 2938 1213 hac
2968 1159 3270 1223 aﬂ‘ectione,
3314 1158 3531 1220 redibis,
3575 1167 3629 1209 et
3668 1170 3851 1209 earum
3901 1168 4000 1207 cu-

2420 1265 2533 1303 ram
2562 1239 2873 1319 geresYHis
2902 1264 3151 1303 assensus
3179 1257 3282 1302 est.
3327 1250 3407 1301 Ab
3428 1261 3492 1301 eo
3521 1257 3696 1300 autem
3724 1245 4002 1314 jusjuran-

2419 1341 2544 1394 dum
2575 1343 2830 1409 exigunt:
2886 1342 3137 1393 narrabat
3187 1348 3365 1392 autem
3416 1338 3814 1406 jusjurandum.
3864 1334 4000 1390 Iura

2420 1430 2572 1483 nobis
2596 1432 2695 1483 tale
2713 1430 3082 1499 jusjurandum
3118 1447 3131 1483 :
3164 1431 3264 1484 Per
3292 1444 3412 1482 eum
3440 1430 3527 1496 qui
3560 1429 3662 1481 mei
3694 1442 3878 1480 curam
3901 1442 4001 1493 ge—

2419 1521 2507 1582 rit,
2537 1534 2716 1573 earum
2744 1534 2924 1573 curam
2960 1534 3165 1587 geram.
3197 1519 3307 1572 Hoc
3336 1518 3415 1571 eis
3451 1517 3668 1585 jttravit.
3718 1515 3871 1568 Tunc
3898 1529 4002 1567 au-

2416 1610 2521 1679 geli
2550 1625 2671 1663 eum
2722 1620 3052 1663 tenuerunt:
3113 1624 3246 1661 unus
3298 1622 3505 1668 manus,
3547 1614 3601 1659 et
3633 1607 3767 1657 alter
3810 1604 4000 1671 pedes,

2420 1702 2607 1754 tertius
2644 1708 2819 1753 autem
2861 1710 3078 1765 accepta
3110 1698 3363 1751 novacula
3392 1694 3588 1749 excidit
3631 1694 3746 1760 ejus
3781 1691 4003 1744 testicu-

2415 1792 2497 1844 los
2519 1800 2765 1858 tauquam
2789 1791 2840 1843 in
2864 1791 3083 1854 exstasi,
3110 1805 3213 1841 non
3241 1802 3384 1849 vere,
3406 1786 3499 1839 sed
3521 1784 3745 1851 quadam
3768 1783 3999 1836 visione.

743 1904 922 1971 gloria:
952 1914 1007 1959 et
1036 1908 1180 1974 pravi
1224 1907 1467 1959 instituti.
1501 1872 1628 1959 Nam
1675 1872 1807 1959 cum.
1828 1907 1943 1973 ejus
1976 1906 2073 1972 pia:
2104 1906 2306 1971 cogita-
2344 1884 2391 1944 Β
2421 1882 2424 1890 ’

2344 1884 2391 1944 Β
2421 1882 2576 1935 Visus
2604 1888 2689 1934 est
2713 1895 2839 1947 ergo
2869 1880 2922 1932 in
2969 1879 3059 1932 illa
3087 1878 3285 1932 exstasi
3320 1877 3482 1931 veluti
3511 1876 3720 1929 excisus
3753 1872 3921 1924 fuisse
3948 1878 4002 1921 et

742 1995 914 2047 tiones
943 2005 1212 2060 occupatze
1239 2006 1421 2049 essent
1450 1997 1500 2049 in
1528 1996 1841 2049 damnandis
1872 1997 1987 2049 aliis
2008 2037 2023 2060 ,
2057 1996 2307 2049 incitare—

747 2096 836 2138 tur
875 2096 1050 2139 autem
1087 2086 1265 2141 furore
1296 2102 1323 2139 a
1355 2088 1597 2142 daemone
1628 2089 1910 2156 superbiae,
1944 2104 2114 2156 eoque
2161 2087 2311 2141 valde

743 2177 1117 2242 delectaretur,
1148 2179 1214 2231 ab
1243 2193 1304 2232 ea
1352 2180 1575 2233 recessit
1609 2189 1823 2233 sanctus
1867 2180 2085 2247 angelus
2130 2188 2311 2231 custos

742 2268 1121 2333 temperantia}.

816 2359 937 2412 Ideo
960 2369 1134 2414 autem
1163 2362 1491 2429 srr'psimus,
1529 2376 1560 2414 ο
1603 2364 1830 2415 virorum
1881 2361 2212 2425 fidelissime,
2256 2368 2313 2415 et

741 2449 899 2501 vitam
924 2465 1105 2503 eorum
1137 2453 1224 2521 qui
1255 2468 1312 2505 se
1347 2463 1487 2505 recte
1516 2461 1566 2505 et
1597 2468 1660 2507 ex
1686 2453 1878 2507 virtute
1918 2460 2217 2521 gesserunt,
2262 2461 2314 2504 et

742 2557 920 2595 eorum
953 2541 1039 2609 qui
1090 2550 1208 2609 post
1251 2542 1445 2595 multos
1476 2542 1681 2594 labores
1724 2557 1816 2609 per
1854 2543 2019 2595 otium
2052 2551 2105 2596 et
2134 2556 2315 2595 socor-

742 2633 879 2684 diam
908 2647 935 2682 a
964 2647 1172 2685 summo
1198 2642 1253 2685 et
1279 2632 1667 2698 perfectissimo
1689 2634 1809 2685 vita:
1834 2634 2075 2686 instituto
2097 2633 2315 2687 excide-

744 2732 890 2788 runt,
923 2724 1061 2791 capti
1091 2739 1120 2775 a
1163 2723 1376 2777 diabolo
1406 2738 1564 2777 omne
1594 2739 1757 2794 genus
1803 2724 2024 2793 laqueis,
2070 2732 2127 2777 ut
2155 2738 2316 2777 unus-

743 2815 962 2880 quisque
990 2828 1056 2866 ex
1091 2828 1201 2866 sum
1230 2814 1352 2866 vita:
1394 2815 1637 2866 instituto
1667 2815 1964 2883 intelligens
1992 2816 2200 2868 occulta
2234 2830 2317 2867 re-

743 2903 811 2956 tia
844 2904 1008 2955 hostis
1054 2904 1335 2966 bonorum,
1386 2903 1550 2971 fugiat
1599 2905 1713 2971 ejus
1740 2905 1977 2973 laqueos.
2034 2903 2165 2958 Cum
2213 2908 2321 2958 sint

737 3006 865 3061 ergo
888 2994 1058 3059 multi,
1087 2994 1226 3059 iique
1249 2996 1422 3059 magni
1451 2993 1546 3045 viri
1568 3002 1620 3045 et
1650 2994 1917 3056 mulieres,
1951 2995 2036 3062 qui
2066 2994 2133 3047 ab
2164 2992 2317 3046 initio

736 3098 797 3142 se
826 3094 969 3137 recte
993 3092 1274 3152 gesserunt
1303 3084 1352 3135 in
1378 3083 1603 3135 honesto
1628 3083 1865 3136 instituto
1894 3084 2317 3150 exercitationis,

744 3174 953 3229 tandem
981 3184 1155 3228 autem
1194 3173 1409 3227 fuerunt
1458 3173 1630 3227 eversi
1670 3174 1924 3228 radicitus
1979 3174 2047 3228 ab
2076 3177 2314 3230 omnium

741 3263 1012 3317 hominum
1039 3263 1373 3326 adversario;
1402 3278 1467 3316 ex
1500 3263 1681 3316 multis
1724 3267 1857 3318 facta
1885 3266 2152 3319 mentione
2183 3281 2313 3333 pau-

738 3368 942 3421 corum,
976 3357 1231 3423 plurimos
1261 3356 1546 3425 prmteribo
1571 3356 1803 3421 silentio,
1832 3365 1888 3409 ut
1923 3357 2011 3422 qui
2042 3372 2211 3425 neque
2238 3358 2312 3425 ip-

739 3458 833 3500 sos
860 3446 1084 3514 erigam,
1118 3460 1288 3514 neque
1319 3446 1447 3499 mihi
1492 3447 1710 3513 prosim,
1754 3446 1878 3499 dum
1913 3447 1963 3499 in
1996 3446 2061 3500 iis
2091 3446 2315 3501 multum

749 3536 1022 3600 immorer,
1054 3544 1107 3589 et
1145 3538 1370 3591 eximios
1399 3536 1595 3589 Christi
1646 3535 1871 3590 athletas
1926 3536 2157 3605 negligo,
2209 3551 2315 3591 non

744 3638 969 3680 narrans
988 3626 1211 3681 virtutes
1241 3627 1437 3681 divina:
1458 3642 1640 3679 eorum
1672 3628 2090 3681 exercitationis.

1284 3714 1510 3770 CAPUT
1554 3715 1767 3771 XXXV.

1255 3805 1370 3858 Vita
1418 3807 1614 3860 abbatis
1666 3804 1817 3860 Elite.

813 3894 958 3949 Elias
994 3895 1206 3963 quidam
1259 3898 1490 3964 optimus
1522 3898 1862 3961 exercitator,
1914 3895 2010 3950 fuit
2054 3894 2313 3965 virginum

743 3986 1159 4051 amantissimus,
1178 4000 1360 4040 curam
1383 4002 1570 4056 gerens
1594 3987 2151 4056 partisimbecillioris.
2178 3986 2313 4041 Sunt

745 4075 890 4129 enim
936 4077 1067 4130 tales
1117 4079 1328 4145 animae,
1369 4077 1560 4145 quibus
1606 4077 1708 4131 fert
1755 4077 1876 4130 finis
1927 4076 2312 4141 testimOnium,

744 4168 881 4236 quod
913 4167 963 4220 id
994 4166 1188 4221 faciant
1208 4182 1275 4222 ex
1298 4168 1513 4221 virtute.
1547 4167 1594 4220 Is
1622 4182 1741 4221 cum
1788 4167 2033 4220 misertus
2064 4177 2203 4219 esset
2229 4180 2314 4218 or-

745 4255 878 4309 diuis
901 4256 1210 4310 feminarum
1234 4272 1350 4325 qua:
1382 4270 1440 4310 se
1463 4265 1740 4323 exercent,
1771 4256 1984 4309 haberet
2014 4262 2190 4308 autem
2224 4254 2301 4307 fa-

745 4350 966 4403 cultates
995 4347 1049 4400 in
1080 4348 1300 4401 Athribe
1331 4346 1461 4418 [Αι.,
1490 4344 1737 4417 Athlebe]
1763 4345 1998 4408 civitate,
2031 4345 2315 4399 mdilicavit

745 4454 993 4508 maguum
1032 4438 1433 4505 monasterium,
1485 4443 1538 4490 et
1591 4436 1697 4490 illic
1742 4436 2079 4503 congregavit
2130 4450 2314 4490 omnes

745 4543 861 4595 qua:
890 4528 1143 4582 errabant
1171 4527 1421 4595 virgines,
1462 4534 1850 4594 consequenter
1903 4539 2086 4578 earnm
2117 4524 2170 4579 in
2201 4540 2313 4579 om-

2410 1980 2647 2024 curatus.
2678 1969 2805 2023 Post
2835 1969 2935 2021 hoc
2972 1968 3301 2035 interrogant
3344 1968 3512 2033 ipsum
3561 1964 3761 2032 angeli,
3803 1962 3999 2014 dicen-

2412 2068 2538 2113 tes:
2590 2058 2815 2113 Sensisti
2874 2059 3155 2111 utilitatem
3206 2054 3471 2123 aliquam?
3528 2054 3621 2107 Eis
3679 2052 3809 2104 dicit
3861 2050 3996 2100 ille:

2412 2146 2580 2201 Valde
2610 2161 2851 2215 magnam
2876 2145 3052 2212 accepi
3087 2146 3394 2208 utilitatem;
3426 2142 3579 2195 valde
3619 2142 3759 2195 enim
3788 2138 4003 2193 levatus

2415 2252 2557 2300 sum,
2588 2244 2642 2289 et
2674 2249 2980 2303 persuasum
3008 2236 3177 2287 habeo
3208 2247 3290 2286 mc
3319 2247 3436 2286 esse
3467 2232 3741 2283 liberatum
3764 2243 3794 2281 a
3818 2228 4001 2280 labore

2412 2335 2464 2379 et
2491 2323 2785 2377 affectione.
2835 2324 2982 2375 'I‘unc
3031 2323 3200 2389 angeli
3232 2324 3277 2374 ei
3320 2321 3540 2374 dicunt:
3592 2320 3690 2372 Abi
3743 2333 3875 2386 ergo
3932 2318 4000 2369 ad

2414 2425 2558 2469 tuum
2591 2414 2986 2467 monasterium.
3019 2412 3279 2466 Reversus
3301 2420 3382 2463 est
3406 2419 3581 2462 autem
3611 2417 3729 2476 pust
3754 2409 3997 2475 quinque

2416 2506 2551 2569 dies,
2582 2520 2701 2559 eum
2726 2506 2935 2573 lugente
2959 2512 3069 2557 toto
3100 2504 3443 2564 monasterio,
3468 2511 3521 2553 et
3547 2502 3689 2552 intus
3722 2500 3998 2566 ingressus

2419 2608 2529 2661 est;
2551 2606 2708 2663 atque
2730 2610 2794 2648 ex
2813 2609 2877 2648 eo
2908 2602 3143 2659 tempore
3162 2593 3355 2645 mansit
3379 2592 3427 2643 in
3451 2591 3580 2643 cella
3600 2590 3663 2641 ad
3685 2591 3853 2641 lactus
3880 2586 4003 2654 (sic)

2420 2683 2751 2747 monasterii,
2771 2682 3196 2751 quandoquidem
3215 2697 3330 2735 cum
3362 2692 3506 2734 esset
3525 2693 3705 2746 prope,
3728 2693 3818 2731 eas
3841 2675 4001 2730 corri-

2419 2774 2819 2844 gebatassidue,
2835 2781 3085 2842 quantum
3104 2772 3259 2825 inillo
3287 2780 3421 2823 erat.
3450 2770 3582 2823 Cum
3607 2780 3781 2821 autem
3813 2776 3998 2834 postea

2421 2870 2645 2923 vixisset
2670 2869 2800 2922 alios
2820 2868 3163 2936 quadraginta
3189 2877 3376 2927 annus,
3400 2861 3699 2915 affirmabat
3730 2860 4000 2921 Patribus,

2424 2957 2565 3024 quod
2595 2957 2660 3010 ab
2689 2972 2754 3010 eo
2793 2965 3031 3023 tempore
3064 2969 3166 3006 non
3209 2952 3525 3005 ascenderat
3570 2951 3619 3001 in
3652 2963 3745 3002 cor
3775 2946 3894 3013 ejus
3922 2946 4000 2997 ιτ-

2424 3050 2585 3105 fectio
2612 3049 2914 3119 cupiditatis
2943 3047 3197 3103 feminum.
3224 3047 3345 3100 Haec
3375 3054 3456 3100 est
3496 3044 3663 3112 gratia
3704 3042 3879 3095 sancti
3902 3040 4000 3098 visi

2428 3140 2578 3205 Elite,
2608 3150 2660 3194 et
2685 3140 2798 3193 haec
2829 3139 3168 3198 exercitatio,
3215 3145 3266 3190 et
3316 3133 3761 3203 quemadmodum
3808 3144 3998 3185 curant

2340 3238 2389 3301 ο
2419 3233 2587 3302 gessit
2605 3229 2913 3284 monasterii
2936 3228 3218 3295 virginum.

2960 3338 3185 3392 CAPUT
3230 3336 3463 3391 XXXVI.

2882 3428 3000 3482 Vita
3037 3429 3235 3480 abbatis
3268 3425 3526 3482 Dorothei.

2488 3524 2582 3578 Cui
2609 3522 2867 3577 successit
2890 3521 3188 3573 Dorotheus
3229 3518 3307 3569 vir
3338 3512 3761 3592 probatissimus,
3808 3512 3898 3580 qui
3939 3515 3995 3565 ira

2426 3615 2564 3667 bona
2593 3616 2716 3677 vita,
2752 3621 2807 3665 et
2826 3627 2944 3680 quae
2969 3611 3019 3662 i-i
3050 3608 3255 3677 agendo
3280 3616 3539 3667 versatur,
3574 3602 3873 3656 consenuit.
3898 3602 4000 3667 Qui

2418 3718 2537 3756 cum
2572 3720 2673 3755 non
2705 3711 2884 3768 posset
2907 3700 3117 3769 quidem
3144 3700 3219 3752 sic
3246 3712 3427 3751 curam
3456 3709 3642 3763 gerere
3680 3694 3997 3747 monasterii

2419 3804 2476 3849 ut
2509 3796 2592 3847 hic
2632 3796 2841 3857 beatus,
2869 3806 3039 3859 neque
3066 3791 3348 3843 mansisset
3385 3789 3437 3842 in
3471 3786 3560 3839 illa
3602 3787 3758 3849 cella,
3790 3786 3842 3838 in
3882 3786 4001 3851 ipso

2420 3885 2742 3936 monasterio
2774 3884 2825 3936 in
2857 3881 3117 3948 superiori
3164 3879 3441 3933 cenaculo
3487 3878 3725 3945 seipsum
3757 3876 4000 3939 inclusit,

2417 3982 2471 4027 et
2500 3973 2623 4027 fecit
2655 3972 2938 4027 fenestram
2968 3988 3084 4039 qua;
3117 3972 3391 4039 spectabat
3415 3968 3478 4021 ad
3502 3968 3884 4020 mnnasmrium
3918 3965 4001 4017 fc-

2420 4062 2704 4126 miuarnm,
2756 4078 2913 4131 quam
2962 4063 3242 4116 claudebat
3290 4071 3343 4115 et
3401 4061 3689 4128 aperiebat.
3738 4060 4002 4127 Perpetuo

2419 4169 2548 4221 ergo
2575 4155 2845 4207 assidebat
2881 4155 3143 4218 fenestrae,
3197 4166 3486 4221 procurans
3517 4161 3571 4203 ut
3617 4151 3752 4203 inter
3780 4164 3872 4203 eas
3899 4165 4001 4216 pu-

2417 4257 2536 4311 gnae
2565 4253 2855 4296 cessarent.
2885 4242 3076 4310 Sicque
3115 4242 3166 4294 in
3200 4240 3460 4307 superiori
3487 4240 3761 4293 caenaculo
3806 4251 4000 4290 conse-

2420 4335 2555 4397 nuit,
2588 4347 2707 4387 cum
2756 4348 2851 4386 nec
2880 4334 3018 4385 ullus
3049 4346 3291 4386 seorsum
3320 4331 3627 4391 ascendere,
3689 4342 3859 4395 neque
3908 4327 4001 4381 ille

2421 4433 2597 4492 posset
2625 4423 2963 4488 descendere,
2999 4436 3101 4475 non
3132 4422 3269 4474 enim
3302 4421 3512 4473 stabant
3549 4418 3728 4471 scala.
3762 4417 3887 4469 Hec
3915 4427 4001 4471 est

2420 4516 2561 4570 beati
2618 4516 2867 4568 Dorothei
2919 4516 3164 4583 religiosa
3217 4520 3270 4566 et
3298 4512 3579 4565 virtutibus
3631 4518 3819 4563 ornata
3867 4510 3999 4562 vita.

746 4592 899 4672 nibus
928 4632 1106 4673 curam
1136 4592 1349 4687 gere—ns,
1384 4592 1729 4685 suppeditans
1761 4617 1839 4668 eis
1882 4615 2058 4668 omnia
2103 4630 2219 4683 quae
2250 4615 2315 4669 ad
2351 4592 2400 4650 θ
2426 4610 2523 4663 Hic
2550 4609 2789 4677 ejusdem
2818 4608 2939 4660 vitae
2981 4606 3117 4659 finis.

746 4723 897 4763 usuin
943 4710 1210 4777 pertinent
1260 4706 1618 4761 necessarium
1653 4723 1665 4759 :
1709 4706 1914 4770 hortos,
1951 4714 2005 4759 et
2030 4705 2096 4757 ad
2128 4718 2314 4758 eorum

748 4802 1007 4857 culturam
1043 4802 1389 4855 instrumenta
1438 4797 1574 4866 (75),
1623 4805 1780 4865 atque
1828 4795 2075 4850 utsemel
2122 4796 2315 4862 dicam,

748 4892 925 4947 omnia
954 4905 1070 4960 qua:
1094 4888 1322 4958 postulat
1344 4888 1449 4940 vita
1477 4887 1890 4943 exercitationis.
1926 4885 2015 4939 Ere
2046 4896 2221 4939 autem
2250 4900 2314 4939 ex

749 4983 973 5038 diversis
999 4984 1120 5035 vitae
1150 4981 1399 5036 institutis
1427 4992 1479 5035 et
1524 4982 1726 5049 privata
1757 4981 1999 5035 deductas
2036 4992 2321 5035 consuetu-

747 5076 894 5140 dine,
920 5076 1057 5129 inter
1076 5089 1133 5129 se
1160 5074 1531 5143 depugnabant
1574 5072 1806 5127 assidue.
1840 5070 1973 5126 Cum
1996 5087 2123 5141 ergo
2162 5086 2320 5140 opor-

748 5174 884 5219 teret
914 5166 1053 5220 hunc
1075 5176 1316 5219 sanctum
1361 5174 1419 5219 et
1447 5178 1538 5218 eas
1567 5165 1769 5229 audire,
1802 5173 1856 5217 et
1884 5162 2098 5217 eflicere
2129 5171 2185 5216 ut
2226 5176 2317 5229 pa-

750 5270 865 5311 cem
893 5256 1030 5309 inter
1057 5270 1116 5308 se
1146 5264 1412 5310 servarent
1464 5256 1751 5325 collegerat
1779 5255 1919 5309 enim
1942 5253 2006 5306 ad
2033 5263 2318 5317 trecentas,

752 5355 806 5399 et
832 5360 1047 5401 necesse
1077 5346 1126 5401 ei
1156 5346 1327 5400 fuerat
1356 5361 1473 5399 esse
1513 5361 1693 5399 earum
1725 5344 2046 5399 intercessor
2078 5343 2314 5406 biennio,

752 5437 879 5493 licet
928 5446 1082 5491 mtate
1107 5438 1322 5506 juveni;
1371 5448 1485 5491 erat
1538 5437 1675 5492 enim
1716 5435 1927 5489 circiter
1975 5433 2185 5502 triginta
2234 5441 2324 5484 aut

748 5529 1095 5599 quadraginta
1122 5544 1288 5582 annos
1318 5539 1495 5592 natus,
1528 5526 1573 5581 is
1601 5535 1830 5580 tentatus
1860 5524 1955 5577 fuit
1978 5539 2007 5580 a
2031 5525 2319 5591 voluptate.

754 5621 797 5673 Α
824 5621 1146 5674 monasterio
1192 5631 1365 5674 autem
1412 5619 1665 5674 recedens
1705 5617 1936 5687 jejunus,
1986 5616 2199 5670 errabat
2231 5629 2322 5681 per

755 5716 1090 5769 solitudinem
1124 5716 1253 5769 duos
1285 5715 1419 5778 dies,
1452 5715 1551 5769 hoc
1593 5729 1807 5782 rogans,
1858 5723 1914 5768 et
1948 5714 2127 5766 dicens
2155 5730 2167 5763 :
2217 5714 2321 5763 Aut

757 5804 943 5859 occide
964 5819 1071 5875 me,
1102 5821 1167 5862 ne
1196 5809 1335 5873 ipsas
1370 5805 1573 5861 videam
1619 5804 1846 5859 afflictus
1865 5820 1878 5865 ;
1910 5814 1998 5860 attt
2025 5818 2195 5859 meam
2224 5818 2317 5856 au-

2934 4715 3160 4770 CAPUT
3198 4712 3464 4768 XXXVII.

2943 4804 3017 4858 De
3043 4808 3222 4857 Amma
3245 4802 3483 4854 Piamun.

2534 4900 2655 4954 Fuit
2744 4898 2987 4969 quaedam
3098 4895 3247 4961 virgo
3274 4891 3519 4955 Piamuu,
3544 4904 3662 4957 qum
3688 4904 3855 4941 annos
3880 4889 4002 4942 vitm

2425 5000 2534 5040 sua:
2566 4984 2691 5039 vixit
2722 4999 2839 5039 cum
2883 4992 3050 5037 matre
3082 4982 3317 5051 propria,
3350 4982 3464 5035 sola
3491 4996 3609 5033 cum
3642 4981 3750 5032 sola
3776 4995 4003 5048 vespere

2426 5076 2733 5137 comedens.
2759 5085 2811 5128 et
2835 5075 2998 5127 linum
3024 5088 3173 5127 nens.
3200 5072 3323 5125 Haec
3343 5072 3550 5140 dignata
3577 5080 3659 5125 est
3674 5070 3841 5139 gratia
3867 5086 4005 5137 prt-

2423 5167 2664 5219 dictionis
2694 5165 2987 5217 futurorum
3017 5164 3154 5215 inter
3185 5162 3449 5215 homines.
3477 5160 3681 5213 Accidit
3710 5159 4003 5224 aliquando

2424 5259 2477 5313 in
2504 5257 2753 5326 Egypto,
2784 5270 2903 5308 cum
2934 5255 3078 5307 Nilus
3103 5254 3437 5315 ascenderet,
3464 5260 3520 5303 ut
3541 5251 3685 5302 vicus
3708 5249 3886 5301 vicum
3914 5250 4001 5300 in-

2427 5350 2682 5412 vaderet;
2718 5356 2953 5415 pugnant
2982 5348 3123 5399 enim
3150 5361 3243 5412 pro
3273 5358 3533 5412 aquarum
3555 5341 3837 5403 divisione,
3868 5340 4005 5394 adeo

2426 5449 2483 5493 ut
2528 5455 2681 5507 sequr
2733 5449 2817 5491 tur
2859 5438 3029 5491 cmdcs
3059 5446 3113 5491 et
3155 5434 3531 5489 sauciationes.
3576 5432 3849 5486 Potentior
3872 5446 4005 5501 ergo

2422 5531 2567 5584 vicus
2591 5530 2702 5596 ejus
2732 5532 2903 5582 vicum
2936 5527 3146 5585 invasit.
3178 5536 3230 5581 et
3253 5525 3399 5579 venit
3428 5526 3663 5577 virorum
3710 5522 4002 5575 multitudo

2426 5634 2547 5673 Cum
2578 5619 2777 5671 lanceis
2818 5627 2872 5671 et
2916 5618 3099 5681 clavis,
3148 5625 3204 5669 ut
3250 5616 3365 5681 ejus
3418 5614 3593 5667 vicum
3639 5608 4006 5668 exscinderet.

2421 5706 2601 5762 Astitit
2630 5716 2805 5761 autem
2837 5708 2956 5760 huic
2986 5707 3153 5760 beata:
3184 5703 3400 5775 angelus
3428 5702 3671 5757 revelans
3701 5713 3891 5753 eorum
3918 5699 4007 5751 in-

2422 5795 2731 5858 vasiouem;
2774 5806 2825 5851 et
2873 5795 3145 5852 accersitis
3185 5792 3286 5850 vici
3316 5792 3659 5856 presbyteris,
3707 5790 3789 5847 eis
3822 5789 3956 5846 dicit
3988 5805 4009 5852 ;
