4258 6358
286 391 427 458 ῙθθἹ

1518 393 1879 455 HISTORIA
1918 394 2312 456 LAUSIACA.

3400 394 3537 459 1098

277 503 510 567 εὐθαλὲς
541 504 727 575 κομῶν
755 506 864 570 τοῖς
900 506 1119 576 φύλλοις
1146 508 1240 562 καὶ
1272 508 1384 571 τοῖς
1417 510 1650 578 καρποῖς
1674 510 1732 561 ἐν
1761 508 1862 579 μιᾷ
1889 516 1936 568 Α
1964 507 2309 579 θλιϐομένας,
2344 508 2377 577 ἢ
2409 506 2471 560 :6
2503 506 2673 570 πάθος
2707 522 2808 576 μου
2841 506 2993 569 λάϐε,
3030 506 3118 559 ἵνα
3163 504 3342 559 αὐτῶν
3373 525 3539 577 φροι-

273 586 473 656 καιροῦ
507 590 647 658 ροπῇ
686 590 907 642 πάντων
938 590 1136 659 ἀθρόον
1168 590 1453 661 γυμνωθέν
1481 591 1693 660 ἐδείχθη
1745 592 1855 659 ξη-

275 669 390 737 ρὸν,
418 669 559 722 κατά
585 670 645 722 τό
674 672 1079 740 γεγραμμένον,
1104 673 1278 743 τούτῳ
1299 673 1354 726 δέ
1385 673 1727 745 ἐφαρμόζον·
1758 673 1854 738 Οἷς

275 751 352 821 μὴ
364 752 601 822 ὑπάρχει
619 753 750 805 κυόέ
761 770 968 824 ρνησις,
986 748 1130 808 οὑτοι
1146 758 1435 812 πίπτουσιν
1455 756 1642 829 ὥσπερ
1656 759 1849 827 φύλλα.

859 838 1109 891 ΚΕΦΑΛ.
1144 840 1266 893 AA'.

446 917 588 985 Περὶ
621 916 732 985 τῆς
760 918 830 971 ἐν
874 918 1317 989 Ἰεροσολύμοις
1348 923 1673 992 παρθένου.

342 1008 620 1077 Παρθένον
664 1004 785 1064 οῖδα
813 1010 925 1078 ἐγὼ
964 1012 1125 1065 πάλιν
1162 1017 1221 1067 ἐν
1277 1016 1670 1087 Ἰεροσολύμοις
1716 1035 1851 1071 σακ-

267 1090 610 1157 κοφοροῦσαν
634 1092 729 1145 ἐπὶ
753 1094 1019 1159 ἑξαετίαν,
1050 1096 1145 1147 καὶ
1171 1097 1334 1168 κέλλῃ
1363 1098 1847 1171 ἐγκεκλεισμένην,

268 1172 501 1240 μηδενός
523 1191 651 1227 ποτε
680 1176 789 1227 τῶν
817 1176 896 1239 είς
928 1178 1122 1247 ἡδονὴν
1149 1182 1532 1235 συντεινόντων
1555 1183 1844 1248 λαϐοῦσαν,

263 1254 383 1335 ἀλλ’
408 1255 586 1325 άκραν
608 1257 889 1311 πολιτείαν
920 1261 1248 1331 ἐγκρατείας
1275 1264 1548 1318 ἀσκοῦσαν
1578 1268 1635 1319 ἐν
1665 1284 1850 1335 γυναι-

266 1334 351 1399 ξίν
375 1352 389 1365 ·
442 1339 565 1407 ἥτις
604 1341 684 1403 είς
733 1340 961 1411 ὕστερον
1000 1345 1423 1414 καταλειφθεῖσα
1467 1348 1572 1401 ὑπὸ
1609 1334 1708 1419 τῆς
1754 1349 1847 1404 τοῦ

262 1420 402 1472 Θεοῦ
439 1421 693 1493 βοηθείας
736 1424 804 1477 δι’
853 1426 1167 1498 ὑπερϐολὴν
1195 1430 1295 1499 τῆς
1339 1432 1720 1501 ὑπερηφανίας
1751 1436 1849 1504 τῆς

263 1503 489 1573 τιθηνοῦ
520 1506 631 1558 τῶν
672 1506 891 1560 πάντων
921 1511 1108 1564 κακῶν
1139 1512 1360 1582 ἐξαισίῳ
1396 1514 1649 1583 πτώματι
1691 1503 1847 1585 περι-

263 1586 482 1638 έπεσεν.
514 1588 795 1653 Ἀνοίξασα
818 1590 927 1660 γάρ
958 1592 1056 1662 τὴν
1077 1593 1267 1662 θυρίδα
1294 1596 1388 1665 τῆς
1423 1596 1619 1665 κέλλης
1643 1599 1842 1651 εἰσεδέ-

261 1668 395 1730 ξατο
417 1669 508 1719 τὸν
531 1670 973 1740 ὑπηρετούμενον
1002 1676 1167 1744 αὑτῇ,
1225 1678 1319 1729 καὶ
1349 1679 1522 1747 τούτῳ
1548 1679 1840 1749 συνεφύρη.

263 1749 436 1800 Τοῦτο
469 1750 526 1801 δὲ
564 1752 735 1823 ταύτῃ
785 1756 1021 1824 συνέόη,
1054 1756 1133 1825 τῷ
1170 1758 1244 1827 μὴ
1284 1760 1427 1812 κατά
1466 1762 1844 1830 πνευματικὴν

1960 589 2093 654 τίζω
2122 591 2258 644 κατά
2289 590 2465 657 λόγον.
2512 588 2782 659 Ἐσπέρας
2810 589 2989 642 τοίνυν
3021 587 3322 658 γενομένης
3359 590 3539 648 ὑπνω-

1963 689 2054 725 σεν
2082 675 2141 726 ἐν
2186 676 2251 743 τῇ
2284 674 2496 741 ἐρήμῳ.
2542 671 2816 733 Ἐλθόντες
2853 670 2910 723 δὲ
2940 671 3074 740 πρὸς
3119 672 3281 729 αὑτὸν
3316 672 3537 739 ἄγγελοι

1958 755 2126 823 τρεῖς,
2158 754 2233 816 ώς
2262 754 2421 816 αὑτὸς
2445 753 2699 823 διηγεῖτο,
2729 752 2914 805 λοιπὸν
2940 753 3203 821 κατέσχον
3230 754 3411 818 αὑτὸν,
3445 755 3540 807 καὶ

1960 834 2175 902 λέγουσι
2196 835 2390 904 τούτῳ’
2421 835 2484 886 Τί
2516 835 2739 901 ἐξῆλθες
2768 834 2877 886 ἀπὸ
2906 833 2999 886 τοῦ
3034 836 3395 905 μοναστηρίου
3427 837 3537 887 τῶν

1958 920 2268 985 γυναικῶν;
2299 920 2607 988 Διηγήσατο
2636 918 2690 970 δὲ
2722 919 2933 981 τούτοις
2972 918 3033 970 τὸ
3071 920 3303 988 πρᾶγμα
3342 918 3532 971 εἰπών·

1958 1001 2081 1055 Ὀτι
2112 1002 2390 1071 ἐφοῦήθην
2418 1002 2627 1071 μήποτε
2657 1003 2917 1063 κάκείνας
2942 1000 3130 1070 βλάψω
3154 1002 3245 1053 καὶ
3273 1003 3533 1071 ἐμαυτόν.

1956 1084 2223 1151 Λέγουσιν
2254 1083 2401 1152 αὑτῴ
2436 1088 2483 1137 οί
2514 1082 2734 1151 ἄγγελοι
2755 1098 2769 1112 ο
2822 1085 2946 1137 Ἐάν
2976 1084 3157 1137 τοίνυν
3188 1101 3248 1136 σε
3296 1083 3391 1138 τοῦ
3427 1087 3535 1139 πά-

1957 1162 2083 1226 θους
2115 1164 2304 1217 τούτου
2358 1165 2786 1233 ἀπαλλάξωμεν,
2825 1164 3043 1236 ἀπέρχῃ
3096 1165 3191 1218 καὶ
3225 1165 3535 1235 φροντίζεις

1954 1245 2164 1312 αὑτῶν;
2208 1248 2329 1300 Ἐπὶ
2361 1248 2572 1310 τούτοις
2605 1248 2877 1302 συνέθετο.
2904 1247 3333 1319 Είσπράττονται
3371 1250 3533 1304 αὑτὸν

1953 1330 2137 1397 ὅρκον.
2165 1329 2267 1384 Τὺν
2292 1330 2347 1383 δὲ
2377 1330 2537 1399 ὅρκον
2560 1329 2797 1399 διηγεῖτο
2825 1324 2967 1383 εἶναι
3000 1329 3261 1386 τοιοῦτον·
3294 1332 3531 1401 Ὀμοσον

1952 1413 2115 1479 ἡμῖν,
2143 1413 2335 1481 φησὶν,
2362 1413 2445 1464 ὅτι
2473 1413 2567 1466 Μὰ
2593 1414 2685 1465 τὸν
2717 1413 3070 1481 φροντίζοντά
3102 1431 3227 1483 μου,
3261 1416 3531 1486 φροντίζω

1952 1494 2151 1549 αὑτῶν.
2198 1495 2319 1547 Ἐπὶ
2360 1495 2532 1565 τούτῳ
2562 1494 2777 1565 ὤμοσεν
2816 1497 3020 1557 αὑτοῖς.
3053 1496 3187 1549 Τότε
3221 1499 3270 1549 οί
3298 1498 3523 1566 άγγελοι

1950 1577 2217 1646 κατέσχον
2247 1578 2410 1630 αὑτὸν
2439 1581 2467 1629 6
2501 1572 2580 1639 εἷς
2614 1578 2738 1639 τοὺς
2771 1578 2958 1640 πόδας,
3010 1579 3106 1630 καὶ
3142 1581 3171 1632 6
3212 1577 3530 1650 έτερος“τάς

1951 1660 2155 1728 χεῖρας,
2190 1662 2218 1712 6
2244 1660 2297 1711 δέ
2321 1660 2502 1729 τρίτος
2531 1659 2711 1713 λαϐὼν
2740 1660 2899 1729 ξυρὸν
2923 1661 3175 1731 ἐξέτεμεν
3206 1664 3372 1715 αὑτοῦ
3401 1664 3528 1726 τοὺς

1948 1740 2199 1810 διδύμους
2222 1784 2235 1804 ,
2268 1742 2343 1803 ὡς
2380 1743 2436 1793 ἐν
2479 1745 2765 1805 ἐκστάσει,
2802 1743 2915 1794 ἀλλ’
2948 1746 3006 1795 οὑ
3057 1748 3196 1798 κατά
3229 1747 3486 1814 ἀλήθειαν
3507 1784 3524 1810 ,

262 1830 523 1896 πρόθεσιν
564 1834 657 1885 καὶ
696 1822 918 1904 ἀγάπην
947 1822 1083 1889 Θεοῦ
1105 1822 1411 1907 ⁷ἐσχηκέναι
1441 1841 1541 1911 τὴν
1572 1822 1842 1912 ἄσκησιν,
1876 1843 1920 1898 Β
1950 1824 2087 1912 ἕατέι
2122 1825 2179 1876 δὲ
2203 1822 2516 1912 -φαξταῖίαν
2550 1839 2692 1875 τινα·
2729 1824 2947 1912 ’ἔδοξεν
2971 1823 3149 1912 οὖγξὲν
3176 1831 3241 1897 τῇ
3274 1831 3525 1912 ἐκστάςτει

259 1910 398 1963 ἀλλά
432 1914 570 1965 κατά
606 1918 815 1987 σκηνὴν
842 1917 1212 1990 ἀνθρωπίνην,
1241 1910 1842 1992 τουτέστιίκενοδοξίαν,

262 1992 473 2062 σαθρᾶς
500 1999 873 2067 προαιρέσεως
914 1999 1145 2071 εὕρεμα.
1178 2002 1300 2055 Τῶν
1329 2004 1437 2074 γὰρ
1480 2005 1719 2060 εὐσεϐῶν
1754 2008 1846 2060 λο-

259 2077 475 2161 γισμῶν
507 2079 677 2147 αὐτῆς
698 2082 1193 2152 ἁπασχοληθέντων
1221 2086 1326 2139 ὑπὸ
1346 2088 1440 2141 τοῦ
1467 2089 1720 2156 δαίμονος
1744 2092 1843 2161 τῆς

259 2159 566 2223 κενοδοξίας
590 2202 604 2227 ,
634 2163 940 2233 ἐνήσκησεν
977 2168 1179 2238 ταύτην
1209 2170 1290 2232 εἰς
1318 2169 1380 2222 :6
1409 2159 1843 2242 καταγινώσκειν

256 2242 369 2323 τῶν
428 2243 624 2296 ἀλλων.
686 2246 1201 2319 Ἐκῦακχευομένης
1249 2251 1306 2304 δὲ
1348 2253 1553 2323 ταύτης
1600 2256 1705 2309 ὑπὸ
1746 2257 1841 2310 τοῦ

255 2322 513 2391 δαίμονος
557 2326 656 2396 τῆς
692 2327 1095 2399 ὑπερηφανίας,
1138 2334 1231 2385 καὶ
1269 2336 1445 2405 τούτῳ
1480 2322 1682 2405 μᾶλλον
1711 2338 1843 2392 ταύ-

254 2422 356 2474 της
388 2408 777 2480 συνηδομένης,
806 2413 1018 2483 ἀπέστη
1045 2416 1140 2468 ἀπ’
1167 2416 1338 2488 αὐτῆς
1360 2421 1388 2471 6
1412 2418 1565 2487 ἅγιος
1588 2422 1838 2490 ἄγγελος,

254 2490 285 2540 ό
317 2490 491 2557 φύλαξ
515 2493 613 2561 τῆς
643 2495 1017 2564 σωφροσύνης.

326 2572 512 2657 Διάῌδέ
540 2573 701 2627 τοῦτο
736 2578 1115 2648 γεγράφαμεν,
1147 2581 1437 2635 πιστότατε
1471 2584 1581 2637 τῶν
1606 2585 1836 2657 ἀνδρῶν,

255 2656 352 2706 καὶ
382 2655 491 2706 τῶν
521 2656 580 2720 ἐξ
603 2660 803 2727 ἀρετῆς
838 2662 1282 2732 κατωρθωκότων
1306 2664 1398 2717 τὸν
1436 2666 1570 2735 βίον,
1617 2655 1715 2723 καί
1732 2670 1838 2723 τῶν

250 2735 367 2790 ἀπὸ
398 2738 668 2809 ῥᾳθυμίας
703 2742 760 2807 ἐξ
788 2742 965 2812 ἄκρας
991 2745 1265 2807 πολιτείας
1295 2749 1433 2816 μετά
1473 2749 1670 2815 πόνους
1705 2752 1838 2804 πολι·

254 2819 382 2882 λοὺς
417 2821 791 2891 χειρωθέντων
837 2826 943 2879 ὑπὸ
982 2827 1077 2879 τοῦ
1108 2828 1355 2882 διαϐόλου
1389 2833 1511 2895 ταῖς
1556 2834 1838 2898 παντοίαις

253 2903 450 2955 τούτου
478 2908 763 2975 σαγήναις,
789 2907 855 2961 ἵν’
874 2908 1108 2973 ἕκαστος
1136 2913 1201 2963 ἐκ
1224 2915 1323 2982 τῆς
1346 2914 1540 2966 ἐαυτοῦ
1564 2916 1837 2980 πολιτείας

252 2986 350 3039 τοῦ
378 2990 677 3055 μισοκάλου
700 2993 1138 3060 καταμανθάνων
1158 2994 1228 3047 τά
1248 2998 1610 3067 κεκρυμμένα
1622 2998 1833 3066 δίκτυα,

252 3068 435 3153 φεύγῃ
464 3071 561 3153 τάς
588 3071 776 3125 τούτου
809 3076 1064 3152 παγίδας.
1095 3077 1311 3129 Πολλῶν
1335 3080 1514 3131 τοίνυν
1540 3081 1711 3133 ὄντων
1740 3082 1835 3135 καὶ

255 3152 513 3221 μεγάλων
561 3154 773 3224 ἀνδρῶν
816 3172 873 3207 τε
920 3157 1014 3209 καὶ
1053 3160 1329 3225 γυναικῶν
1358 3160 1468 3212 τῶν
1497 3162 1616 3213 κατ’
1661 3164 1835 3232 ἀρχὰς
1862 3174 1904 3233 c

251 3233 354 3303 τὴν
380 3232 635 3302 ἐνάρετον
668 3235 770 3303 τῆς
807 3237 1094 3307 ἀσκήσεως
1128 3240 1407 3293 πολιτείαν
1448 3243 1833 3314 κατορθωσάν-

251 3330 386 3377 των,
412 3317 720 3368 τελευταϊον
738 3316 793 3369 δὲ
822 3318 925 3370 ὑπὸ
944 3318 1038 3371 τοῦ
1064 3321 1361 3375 ἀντιπάλου
1386 3324 1606 3378 πάντων
1627 3326 1836 3397 ἀνθρώ-

251 3416 374 3451 πων
399 3399 842 3468 ἐκριζωθέντων,
890 3402 999 3455 ἀπὸ
1053 3404 1162 3456 τῶν
1203 3405 1411 3458 πολλῶν
1451 3410 1832 3476 μνημονεύσας

249 3482 485 3549 ὀλίγων,
523 3483 899 3552 ἀποσιωπήσω
932 3487 1057 3549 τοὺς
1096 3487 1414 3556 πλείστους,
1460 3493 1597 3561 μήτε
1636 3493 1835 3556 αὑτοὺς

249 3565 487 3617 ἀνιστῶν
516 3604 529 3627 ,
570 3567 708 3634 μήτε
759 3567 994 3633 ἐμαυτὸν
1042 3569 1267 3638 ὠφελῶν
1309 3574 1402 3625 ἐπὶ
1456 3576 1591 3628 πολὺ
1624 3576 1835 3638 τούτοις

251 3648 712 3717 προσδιατρίϐων,
741 3650 832 3701 καὶ
856 3649 965 3701 τῶν
994 3650 1191 3720 ἐξόχων
1215 3654 1308 3707 τοῦ
1346 3656 1585 3725 Χριστοῦ
1615 3659 1833 3728 ἀμελῶν

250 3729 524 3798 ἀθλητῶν,
554 3729 648 3781 τοῦ
694 3729 770 3799 μὴ
810 3730 1116 3799 διηγεῖσθαί
1156 3753 1222 3805 με
1260 3738 1462 3805 μᾶλλον
1497 3743 1597 3803 τάς
1627 3742 1833 3795 τούτων

250 3813 455 3881 ἀρετάς
480 3812 576 3881 τῆς
602 3812 785 3865 ἐνθέου
808 3815 986 3867 αὐτῶν
1013 3819 1320 3887 ἀσκήσεως.

818 3906 1070 3960 ΚΕΦΑΛ.
1143 3909 1266 3961 AE’.

846 3989 988 4054 Περὶ
1040 3990 1233 4044 Ἠλία.

332 4081 520 4144 Ἠλίας
548 4097 632 4143 τις
676 4081 752 4151 τῷ
781 4080 1006 4147 ὀνόματι
1050 4080 1270 4151 ἄριστος
1304 4084 1554 4157 ἀσκητὴς
1577 4126 1591 4151 ,
1627 4092 1832 4162 σφόδρα

244 4166 472 4231 γέγονεν
536 4162 968 4231 φιλοπάρθενος,
1026 4163 1120 4216 τοῦ
1182 4165 1576 4239 ἀσθενεστέρου
1638 4173 1830 4241 μέλους

243 4247 573 4312 ποιούμενος
602 4246 879 4314 πρόνοιαν.
917 4246 1039 4299 Εἰσὶ
1068 4245 1176 4316 γὰρ
1219 4248 1466 4302 τοιαῦται
1507 4251 1705 4321 ψυχαὶ,
1742 4250 1832 4318 αἶς

246 4330 520 4398 μαρτυρεῖ
560 4329 621 4380 :6
648 4328 800 4390 τέλος
846 4329 928 4381 ὅτι
970 4329 1090 4380 κατ’
1124 4332 1327 4399 ἀρετὴν
1370 4332 1527 4385 τοῦτο
1563 4336 1826 4390 ποιοῦσιν.

244 4409 419 4473 ιιῦτος
446 4412 899 4483 κατοικτειρήσας
928 4412 988 4463 :6
1019 4414 1250 4484 πρᾶγμα
1274 4415 1381 4468 τῶν
1405 4417 1739 4491 άσκητριῶν,
1770 4421 1826 4474 ἐν

256 4494 486 4565 Ἀθρίδῃ
509 4497 574 4564 τῇ
611 4496 764 4547 πόλει
793 4496 933 4565 ἔχων
960 4496 1314 4567 ἀναλώματα,
1343 4499 1695 4573 ᾠκοδόμησεν
1724 4521 1821 4572 με-
1858 4502 1903 4555 ο

241 4579 419 4646 γαλην
463 4578 661 4646 μονὴν,
698 4579 791 4630 καὶ
844 4582 1151 4649 συνήγαγεν
1184 4584 1363 4645 πάσας
1394 4584 1493 4642 τὰς
1540 4585 1823 4656 ἀλωμένας

241 4664 301 4713 ἐν
334 4660 409 4729 τῷ
452 4660 829 4731 μοναστηρίῳ,
861 4662 1170 4725 ἀκολούθως
1204 4666 1383 4718 αὐτῶν
1413 4668 1713 4737 φροντίζων
1745 4672 1825 4734 είς

244 4747 458 4805 πάντα,
510 4745 744 4813 ποιήσας
783 4746 973 4808 αὑταῖς
1023 4748 1202 4799 πᾶσαν
1251 4749 1557 4803 ἀνάπαυσιν
1596 4753 1706 4805 τῶν
1744 4755 1823 4816 είς

241 4827 342 4895 τὴν
376 4826 561 4896 χρείαν
587 4867 600 4889 ,
632 4827 839 4895 κήπους
861 4866 874 4890 ,
912 4829 1004 4881 καὶ
1036 4829 1104 4879 τὰ
1134 4828 1340 4882 τούτων
1376 4836 1701 4903 χρηστήριαο
1728 4836 1822 4889 καὶ

240 4907 581 4971 ἁπαξαπλῶς
619 4908 840 4961 ἅπαντα
892 4910 994 4961 ὅσα
1050 4910 1270 4963 ἀπαιτεῖ
1314 4915 1342 4965 6
1392 4918 1488 4983 τῆς
1539 4917 1822 4986 ἀσκήσεως

242 4994 377 5062 βίος.
410 4983 581 5044 Λῦται
611 4992 667 5044 δὲ
692 4993 754 5045 ἐκ
783 4992 1058 5063 διαφόρων
1086 4993 1219 5063 βίων
1249 5000 1343 5050 καὶ
1366 4983 1821 5069 συνηθείας-ιδίας

238 5076 479 5145 ἠγμέναι
547 5077 789 5144 συνεχεῖς
856 5079 1037 5146 μάχας
1090 5078 1307 5133 ἐποίουν
1373 5081 1490 5149 μετ’
1554 5083 1815 5154 ἀλλήλων.

250 5158 453 5228 Ἐχρῆν
479 5158 536 5211 δέ
558 5159 745 5211 τοῦτον
775 5160 869 5213 τὸν
892 5160 1044 5226 ἆγιον
1072 5164 1165 5214 καὶ
1194 5164 1466 5219 διακούειν
1494 5167 1698 5221 τούτων
1728 5171 1819 5223 καὶ

239 5242 541 5312 εἰρηνεύειν
589 5242 779 5305 αὑτάς.
836 5244 1150 5314 Συνήγαγεν
1203 5249 1311 5317 γάρ
1358 5249 1432 5310 ὡς
1478 5253 1815 5319 τριακοσίας,

238 5328 336 5378 aut
389 5326 633 5394 ἀνάγκην
679 5326 835 5395 ἔσχεν
884 5329 1188 5397 μεσιτεύειν
1237 5334 1424 5395 αὑταῖς
1473 5336 1565 5386 ἐπὶ
1596 5336 1689 5388 δύο
1724 5337 1814 5409 ἐτη

239 5410 367 5463 νέαν
400 5410 550 5475 άγων
578 5409 675 5477 τὴν
699 5411 934 5481 ἠλικίαν.
964 5410 1073 5467 Ἶίν
1102 5415 1210 5485 γὰρ
1240 5417 1313 5477 ὼς
1341 5420 1637 5487 τριάκοντα
1659 5422 1813 5489 ἐτῶν,

240 5491 271 5561 ἢ
307 5494 736 5563 τεσσαράκοντα.
772 5490 937 5559 Οὑτος
972 5499 1273 5570 ἐπειράσθη
1308 5502 1428 5554 καθ’
1460 5502 1673 5573 ἡδονήν.
1711 5508 1816 5560 Καὶ

239 5576 271 5625 ἁ
309 5576 600 5644 αχωρήσας
627 5575 721 5630 τοῦ
754 5581 1116 5652 μοναστηρίου
1138 5622 1152 5647 ,
1188 5583 1373 5653 νῆστις
1409 5586 1677 5639 ἐπλανᾶτο
1711 5589 1815 5643 ἀνὰ

239 5654 336 5725 τὴν
366 5656 693 5727 ἑρημονέπὶ
735 5661 945 5731 ἡμέρας
974 5663 1086 5727 δύο,
1112 5666 1267 5719 τοῦτο
1297 5667 1572 5737 δεόμενος,
1606 5672 1697 5723 καὶ
1725 5671 1813 5724 λέ-

240 5750 373 5806 γων,
408 5739 493 5796 ὅτι
543 5740 740 5813 Κύριε,
774 5745 1095 5802 ἀπόκτεινόν
1131 5767 1218 5820 με,
1270 5751 1353 5805 ἵνα
1404 5752 1478 5823 μὴ
1521 5754 1614 5807 ἴδω
1644 5756 1811 5820 αὑτὰς

1948 1906 2154 1977 ἐκείνῃ,
2186 1907 2261 1967 ὡς
2286 1907 2350 1958 ἂν
2373 1908 2514 1957 εἴποι
2546 1922 2651 1968 τις,
2682 1907 2773 1958 καὶ
2803 1908 3183 1977 ἀποτμηθῆναι
3203 1911 3293 1960 καὶ
3327 1910 3525 1962 ἀποθε-

1948 1984 2302 2060 ραπεύέοθαι.
2339 1987 2491 2041 Μετὰ
2520 1988 2677 2039 τοῦτο
2705 1992 3054 2057 ἐπερωτῶσιν
3084 1990 3243 2043 άὺτον
3277 1993 3325 2043 οί
3353 1992 3522 2059 ἄγγε-

1947 2070 2025 2123 λοι
2048 2070 2316 2136 λέγοντες⁸
2356 2070 2631 2140 ᾘσθήθης
2654 2072 2920 2139 ὠφελείας
2948 2075 3123 2137 τινόςς
3149 2075 3314 2141 Λέγει
3342 2077 3523 2137 αὑτοῖς

1944 2153 2168 2214 ἐκεῖνος’
2205 2152 2412 2221 Σφόδρα
2457 2151 2763 2222 ὠφέλημαι.
2818 2155 3176 2225 Ἐκουφίσθην
3212 2157 3316 2227 γάρ
3358 2158 3520 2221 πάνυ,

1943 2235 2037 2288 καὶ
2086 2235 2388 2304 πέπεισμαι
2422 2236 2768 2306 ἀπηλλάχθαι
2816 2238 2911 2289 καὶ
2957 2239 3051 2291 τοῦ
3102 2241 3264 2293 πόνου
3301 2240 3521 2292 καὶτοῦ

1944 2316 2169 2380 πάθους.
2196 2319 2328 2370 Τότε
2354 2320 2403 2371 οἱ
2435 2318 2658 2388 ἀγγελοι
2690 2319 2940 2388 λέγουσιν
2965 2322 3132 2391 αὐτῷ’
3166 2323 3401 2376 Ἀπελθε
3427 2320 3521 2378 οὖν

1944 2403 2023 2461 είς
2062 2402 2123 2454 :6
2157 2402 2495 2472 ἀσκητήριόν
2540 2419 2655 2456 σου.
2703 2403 3071 2475 ’Υπέστρεψεν
3104 2406 3161 2459 δὲ
3195 2398 3350 2469 οὗτος
3383 2407 3521 2477 μετὰ

1943 2485 2102 2537 πέντε
2129 2486 2363 2554 ἡμέρας.
2392 2486 2723 2549 [ιενθοῦντος
2744 2485 2835 2540 οὑν
2859 2492 2985 2559 περὶ
3010 2490 3173 2541 αὑτοῦ
3198 2492 3400 2554 παντὸς
3425 2491 3517 2543 τοῦ

1943 2568 2305 2638 μοναστηρίου
2338 2570 2645 2640 είσέρχεται
2678 2570 2847 2635 ἔνδον,
2882 2574 2976 2624 καὶ
3002 2572 3187 2625 ἔκτοτε
3219 2572 3431 2642 ἔμεινεν
3462 2577 3518 2626 ἐν

1940 2654 2138 2726 κελλίῳ
2162 2658 2226 2709 ἐκ
2248 2656 2491 2723 πλαγίων
2516 2655 2607 2708 τοῦ
2635 2660 3021 2728 μοναστηρίου⁹
3048 2660 3106 2724 ἐξ
3130 2654 3189 2712 οὑ
3215 2658 3516 2731 ἐγγύτερος

1939 2737 2015 2792 ὢν
2044 2739 2283 2809 συνεχῶς
2310 2739 2479 2802 αὑτὰς
2512 2740 2841 2809 διωρθοῦτο,
2874 2742 2995 2793 ὅσον
3026 2744 3112 2794 ἐπ’
3136 2744 3360 2813 ἐκείνῳ·
3394 2745 3514 2795 ἐπι-

1941 2820 2115 2891 ζήσας
2142 2823 2331 2884 αὑταῖς
2360 2822 2496 2876 ἀλλα
2523 2824 2935 2891 τεσσαράκοντα
2959 2824 3075 2893 ἐτη,
3096 2825 3515 2894 διαϐεϐαιούμε-

1939 2922 2029 2968 νος
2059 2908 2169 2968 τοῖς
2196 2907 2493 2973 Πατράσιν,
2523 2908 2605 2959 ὅτι
2631 2910 2829 2961 Οὐκέτι
2855 2908 3025 2976 ἀνέϐη
3061 2913 3139 2971 είς
3174 2909 3269 2979 τὴν
3294 2910 3516 2979 καρδίαν

1942 3004 2044 3056 μου
2081 2989 2250 3050 πάθος
2293 2988 2550 3055 γυναικὸς
2591 2990 2911 3059 ἐπιθυμίας.
2960 2991 3129 3043 Τοῦτο
3171 2992 3231 3043 τὸ
3271 2993 3515 3061 χάρισμα

1938 3070 2030 3123 τοῦ
2064 3071 2220 3139 ἀγίου
2263 3072 2455 3142 ἀνδρὸς
2507 3074 2680 3136 Ἠλία,
2722 3075 2817 3125 καὶ
2857 3072 2999 3142 αῦτη
3032 3076 3064 3141 ἡ
3116 3075 3380 3143 ἄσκησιςο
3421 3076 3513 3127 καὶ

1937 3152 2107 3216 οὑτως
2133 3154 2450 3223 ἐφρόντισεν
2474 3156 2567 3208 τοῦ
2593 3156 2955 3227 μοναστηρίου
2984 3156 3012 3206 6
3037 3157 3303 3225 μακάριος
3333 3150 3509 3219 οὗτος.

2514 3237 2763 3290 κΕψΑΑ.
2806 3235 2946 3303 Acr.

2461 3320 2601 3385 Περὶ
2650 3318 2977 3386 Δωροθέου.

2012 3402 2106 3454 "Ov
2149 3400 2422 3466 διεδέξατο
2460 3401 2736 3471 Δωρόθεός
2766 3418 2870 3466 τις,
2910 3402 3053 3473 ἀνὴρ
3096 3400 3508 3471 δοκιμώτατος,

1934 3483 2183 3551 γηράσας
2206 3486 2263 3536 ἐν
2291 3486 2393 3554 βίῳ
2419 3483 2642 3554 χρηστῷ
2674 3484 2769 3538 καὶ
2797 3485 3120 3555 ἐμπράκτιεγ
3159 3485 3234 3554 μὴ
3261 3484 3510 3555 δυνηθεὶς

1937 3568 2035 3636 μὲν
2064 3565 2205 3619 οὕτω
2243 3569 2526 3635 φροντίσαι
2559 3567 2633 3627 ώς
2663 3570 2691 3620 6
2724 3569 2991 3637 μακάριος
3025 3564 3178 3630 οὗτος
3229 3568 3323 3620 τοῦ
3379 3585 3508 3638 μον-

1934 3649 2217 3719 αστηρίου,
2257 3652 2395 3719 μήτε
2430 3653 2607 3718 μεῖναι
2642 3652 2697 3703 ἐν
2730 3653 2794 3721 τῇ
2839 3650 3004 3723 κέλλη
3036 3652 3238 3723 ἐκείνῃ.
3270 3652 3359 3704 Ἐν
3379 3653 3510 3704 ἀνα-

1932 3731 2073 3802 γαίῳ
2104 3733 2160 3785 δὲ
2192 3734 2386 3802 κελλίῳ
2416 3733 2842 3802 ἀποκλειόμενος
2886 3733 3077 3803 θυρίδα.
3106 3736 3361 3804 ἐποίησεν
3402 3736 3510 3802 ἁφ-

1932 3816 2249 3884 ορῶσανέπὶ
2271 3819 2329 3868 :5
2344 3818 2450 3868 τῶν
2464 3817 2740 3882 γυναικῶν
2762 3820 3147 3885 μοναστήριον.
3176 3818 3284 3869 Καὶ
3308 3818 3509 3889 ταύτην

1933 3898 2139 3951 ἐκλειεν
2168 3900 2259 3949 καὶ
2288 3899 2522 3967 ἧνοιγεν.
2570 3899 2955 3961 Ἀδιαλεὶπτως
2981 3900 3034 3951 δὲ
3058 3900 3511 3971 παρακαθεζόμε-

1932 3995 2021 4040 νος
2051 3982 2115 4048 τῇ
2142 3979 2335 4049 θυρίδι,
2365 3980 2461 4050 τὴν
2482 3980 2722 4049 ἀμαχίαν
2739 3980 2966 4042 ταύταις
2988 3981 3505 4050 ἐπραγματεύσατο.

1932 4062 2117 4125 Οὕτως
2160 4063 2523 4131 ἀπροσκόπως
2555 4063 2898 4132 ἐπιγηράσας
2932 4068 2987 4114 ἐν
3030 4065 3228 4133 ἐκείνῳ
3257 4065 3335 4133 τῷ
3375 4066 3509 4117 ἀνα-

1932 4148 2073 4217 γαίῳ
2097 4189 2111 4212 ,
2144 4148 2267 4215 μηδ’
2300 4148 2433 4208 ὅλως
2466 4149 2594 4199 ποτέ
2621 4163 2766 4210 τινος
2791 4146 3108 4209 ἀνελθόντος
3135 4149 3270 4208 ἐκεῖ,
3300 4148 3424 4201 οὔτε
3452 4150 3508 4201 δὲ

1932 4230 2141 4282 ἐκείνου
2169 4230 2316 4280 κάτω
2349 4231 2478 4281 ποτὲ
2504 4231 2789 4283 κατελθεῖν
2818 4231 3143 4302 δυναμένου,
3177 4230 3267 4284 διὰ
3298 4232 3359 4284 :6
3389 4232 3506 4284 κλί-

1932 4330 2083 4381 μακα
2120 4314 2193 4382 μὴ
2228 4314 2469 4365 ἐστᾶναι.
2501 4312 2648 4382 Αὕτη
2680 4316 2713 4383 ὴ
2753 4314 2920 4385 ἀρετὴ
2954 4315 3053 4383 τῆς
3096 4318 3382 4387 ἀσκήσεως
3412 4316 3505 4367 τοῦ

1933 4398 2199 4466 μακαρίου
2230 4396 2526 4466 Δωροθέου,
2561 4398 2656 4449 καὶ
2679 4400 2735 4448 ἐν
2758 4398 2931 4468 ταύτῃ
2960 4400 3019 4453 :6
3051 4401 3219 4465 τέλος.

2496 4491 2745 4543 ΚΕΦΑΛ.
2808 4490 2928 4546 ΛΖ’.

2311 4574 2449 4642 Περὶ
2491 4571 2762 4640 Πιαμοῦν
2795 4574 3117 4643 παρθένου.

1997 4668 2246 4737 Πιαμοῦν
2274 4669 2335 4721 :6
2363 4670 2533 4739 ὄνομα
2564 4671 2785 4738 γέγονεν
2818 4673 3085 4743 παρθένος
3106 4714 3121 4737 ,
3172 4677 3292 4745 ἥτις
3324 4674 3503 4727 πάντα

1924 4751 1992 4803 τὰ
2019 4751 2112 4821 ἐτη
2144 4754 2239 4820 τῆς
2272 4753 2415 4820 ζωῆς
2449 4754 2620 4817 αὑτῆς
2644 4754 2837 4825 ἔζησεν
2860 4757 2995 4825 μετὰ
3018 4756 3117 4826 τῆς
3151 4758 3350 4828 μητρὸ;
3375 4760 3503 4810 ἐαυ-

1923 4836 2021 4903 τῆς
2073 4837 2172 4904 μία
2217 4837 2368 4905 παρὰ
2423 4838 2553 4905 μίαν
2589 4840 2844 4893 ἐσθίουσα
2886 4841 2973 4893 ἀεὶ
3012 4843 3069 4894 ἐν
3117 4844 3354 4913 ἑσπέρᾳ,
3406 4845 3501 4896 καὶ

1924 4921 2160 4991 νήθουσα
2184 4921 2346 4999 λίνον.
2375 4920 2523 4989 Αὕτη
2547 4923 2857 4994 κατηξιώθη
2884 4925 3221 4996 χαρίσματος
3253 4930 3499 4999 προρρή-

1925 5019 2081 5065 σεως.
2127 5004 2214 5055 Ἐν
2244 4997 2322 5065 οἷς
2370 5005 2566 5074 συνέϐη
2602 5008 2661 5058 ἐν
2692 5007 2952 5077 Αἰγύπτῳ
2992 5008 3123 5061 ποτέ
3163 5010 3259 5077 τῆς
3290 4997 3499 5064 ἀναϐάν

1925 5103 2061 5151 σεως
2083 5087 2248 5157 οὔσης
2277 5087 2370 5141 τοῦ
2398 5089 2593 5142 Νείλου
2628 5089 2820 5162 κώμην
2850 5093 3012 5163 κώμῃ
3048 5094 3351 5148 ἐπιθέσθαι.
3383 5096 3498 5149 Md-

1921 5188 2105 5241 χονται
2162 5172 2270 5243 γάρ
2327 5173 2408 5235 είς
2458 5174 2555 5237 τὰς
2614 5174 2971 5245 ὑδρημερίας,
3020 5177 3095 5240 ώς
3156 5178 3250 5230 καὶ
3305 5179 3498 5245 φόνους

1922 5256 2350 5326 παρακολουθεῖν
2368 5255 2645 5321 πολλάκις,
2668 5259 2761 5309 καὶ
2784 5262 3121 5322 κατακοπάς.
3144 5262 3498 5333 Δυνατωτέρα

1919 5335 2011 5391 οὖν
2044 5340 2204 5410 κώμη
2243 5338 2468 5393 ἐπέθετο
2497 5342 2559 5409 τῇ
2589 5340 2762 5408 αὑτῆς
2789 5341 2971 5412 κώμῃ.
3007 5343 3114 5395 Καὶ
3141 5343 3370 5413 ἦρχοντο
3409 5348 3495 5399 ἐπ’

1920 5422 2088 5491 αὑτὴν
2118 5422 2308 5491 ἄνδρες
2338 5423 2395 5475 ἐν
2428 5422 2621 5492 πλήθει
2655 5423 2793 5491 μετά
2824 5424 3063 5493 δοράτων
3091 5429 3183 5479 καὶ
3218 5427 3491 5497 ῥοπάλων,

1918 5504 2058 5557 ὥστε
2085 5504 2352 5572 συγκόψαι
2380 5504 2479 5575 τὴν
2503 5504 2697 5576 κώμην
2726 5506 2917 5574 αὐτῆς.
2953 5507 3204 5579 Παρέστη
3238 5510 3293 5563 δὲ
3320 5511 3494 5584 ταύτῃ

1917 5590 1981 5657 τῇ
2016 5588 2263 5659 μακαρίᾳ
2291 5588 2519 5654 ἄγγελος
2569 5588 2663 5640 τοῦ
2712 5588 2847 5641 Θεοῦ
2899 5589 3301 5644 ἀποκαλύπτων
3347 5594 3486 5663 αὑτῇ

1916 5674 2015 5741 τὴν
2049 5672 2291 5725 ἐπίθεσιν
2321 5671 2545 5725 τούτων.
2582 5673 3065 5743 Μεταστειλαμένη
3101 5674 3158 5725 δὲ
3193 5673 3333 5744 αῦτη
3364 5679 3490 5735 τοὺς

1918 5758 2319 5830 πρεσϐυτέρους
2347 5757 2442 5828 τῆς
2471 5756 2662 5827 κώμης
2687 5759 2875 5829 αὑτῆς,
2900 5758 3047 5826 λέγει
3079 5760 3281 5828 αὐτοῖς,
3317 5759 3490 5825 Ἐξέλ-
