4258 6358
756 393 893 459 1099

2190 389 2541 451 PALLADII

3884 395 4029 460 1100

751 505 873 556 θετε
924 504 1003 564 είς
1054 502 1372 570 συνάντησιν
1420 502 1531 565 τοῖς
1579 499 1893 571 ἐρχομένοις
1939 498 2022 566 ἐφ’
2071 500 2215 568 ὑμᾶς
2265 502 2330 550 ἑκ
2358 503 2404 556 Α
2432 496 2649 564 ἄμαλλα
2693 493 2771 558 ὡς
2835 498 3101 562 παιδίοιςο
3135 499 3194 551 ἓν
3238 496 3320 562 οἷς
3348 496 3443 552 καὶ
3489 500 3809 570 καυατῆράς
3868 520 4026 569 τινας

746 587 911 656 τῆσδε
938 586 1038 653 τῆς
1071 584 1297 654 κώμης,
1328 584 1414 636 ἵνα
1449 586 1523 654 μὴ
1568 584 1767 647 πάντες
1808 583 1899 653 ὑφ’
1927 584 1984 636 ἓν
2012 583 2328 635 συναπολὼ-

750 670 888 742 μεθα
916 670 965 720 οί
1000 668 1206 735 ταύτης
1250 669 1350 736 τῆς
1386 670 1599 737 κώμης.
1639 668 1747 720 Καὶ
1779 667 2197 737 παρακαλέσατε
2230 666 2324 719 αύ-

745 755 872 815 τοὺς
904 752 1153 819 λωφῆσαι
1189 752 1287 814 τῆς
1322 752 1442 804 καθ’
1470 753 1627 821 ὑμῶν
1652 752 1963 819 ἐπιϐουλῆς.
1994 752 2328 821 Φούηθέντες

743 838 800 890 δὲ
829 837 876 888 οἱ
906 834 1267 907 πρεσϐύτεροι
1300 836 1503 905 σφόδρα
1536 836 1828 889 πίπτουσιν
1859 836 2031 903 αὐτῆς
2079 838 2159 896 εἰς
2196 837 2328 898 τοὺς

747 921 933 983 πόδας,
974 920 1216 987 δεόμενοι
1252 919 1346 970 καί
1387 918 1837 987 παρακαλοῦντες
1880 920 2052 989 αὐτὴν
2098 922 2194 973 καὶ
2238 921 2330 971 λέ-

749 1020 935 1067 γοντες
986 1004 1070 1055 ὅτι
1117 1004 1309 1071 Ἡμεῖς
1340 1005 1401 1056 οὐ
1430 1004 1721 1071 τολμῶμεν
1758 1004 1943 1066 αὐτοῖς
1974 1005 2327 1073 συναντῆσαι.

746 1086 983 1155 οἴδαμεν
1020 1087 1130 1155 γὰρ
1169 1085 1352 1138 αὐτῶν
1383 1086 1482 1155 τὴν
1520 1085 1691 1155 μέθην
1719 1126 1734 1148 ,
1777 1087 1874 1138 καὶ
1904 1087 2004 1155 τὴν
2048 1088 2328 1143 ἀπόνοιαν.

758 1171 897 1222 Ἀλλ’
930 1172 979 1223 εί
1017 1173 1190 1232 ποιεῖς
1219 1169 1367 1232 ἐλεος
1410 1170 1505 1221 καὶ
1553 1172 1637 1237 ἐφ’
1663 1171 1814 1239 ἡμᾶς
1836 1210 1850 1231 ,
1894 1173 1988 1224 καὶ
2023 1172 2117 1223 ἐπὶ
2149 1173 2332 1225 πᾶσαν

747 1254 847 1322 τὴν
875 1254 1071 1320 κώμην
1095 1292 1111 1316 ,
1144 1254 1238 1305 καὶ
1268 1253 1364 1304 ἐπὶ
1405 1252 1498 1304 τὸν
1542 1249 1691 1304 οἷκον
1734 1253 1828 1304 τὸν
1880 1254 1971 1305 σὺν
1996 1247 2023 1317 ,'
2040 1253 2332 1317 ἐξελθοῦσα

749 1336 885 1404 αὐτὴ
925 1336 1110 1397 αὐτοῖς
1153 1335 1519 1400 συνάντησον,
1563 1335 1658 1386 καὶ
1710 1336 2075 1405 είρηνεύσασα
2110 1336 2332 1398 τούτους

748 1420 1109 1488 ἀπόστρεψον.
1148 1419 1211 1477 Ἦ
1235 1418 1290 1470 δὲ
1316 1419 1445 1486 ἁγία
1467 1418 1649 1488 ἐκείνη
1673 1419 1832 1472 τοῦτο
1856 1421 1954 1488 μὲν
1973 1421 2034 1473 οὐ
2057 1419 2328 1472 συνέθετο·

750 1502 1047 1554 ἀνελθοῦσα
1096 1502 1153 1554 δὲ
1194 1503 1274 1563 εἰς
1324 1502 1384 1553 τὸ
1428 1502 1702 1569 δωμάτιον
1739 1502 1799 1552 τὸ
1838 1502 2038 1570 ἑαυτῆς
2085 1502 2212 1569 ἔστη
2264 1501 2333 1553 δι’

748 1592 877 1656 ὅλης
916 1588 1107 1649 νυκτὸς
1138 1589 1405 1656 εὐχομένη
1429 1631 1442 1651 ,
1494 1590 1588 1640 καὶ
1629 1590 1703 1657 μὴ
1737 1588 1963 1647 κλίνασα
1999 1589 2127 1655 γόνυ
2150 1629 2162 1650 ,
2195 1588 2332 1640 ἀλλὰ

748 1672 977 1738 δεομένη
1008 1669 1101 1723 τοῦ
1141 1669 1295 1728 Θεοῦ,
1332 1672 1425 1722 καὶ
1458 1671 1713 1738 λέγουσα,
1744 1672 1823 1723 ὅτι
1855 1673 2046 1739 Κύριε,
2078 1673 2103 1723 ό
2132 1671 2332 1738 κρίνων

752 1756 933 1806 πᾶσαν
964 1754 1063 1820 τὴν
1108 1753 1234 1820 γῆν,
1341 1753 1491 1805 οὐδὲν
1518 1754 1626 1805 τῶν
1665 1754 1866 1806 ἀδίκων
1906 1754 2130 1822 ἀρέσκει
2161 1754 2328 1814 ποτὲ,

2436 578 2673 647 σταυροῦ
2710 578 3114 650 διαπορφυριόυ
3147 582 3404 634 ἐκέλευσε
3440 583 3654 644 τούτοις
3690 586 4023 639 ἐντίθεσθαι.

2444 662 2767 714 Ἐκέλευσεν
2828 662 2884 714 δὲ
2938 666 3355 733 εἰκοσιτέσσαρα
3404 666 3658 734 τάγματα
3724 665 3865 720 εἶναι
3916 672 4027 721 τῶν

2432 746 2699 813 ἀδελφῶν,
2756 747 2896 800 κατὰ
2960 749 3051 801 τὸν
3104 750 3340 818 ἀριθμὸν
3380 749 3490 801 τῶν
3557 751 4025 823 εἰκοσιτεσσάρων

2431 832 2798 899 γραμμάτων.
2862 833 2971 883 Καὶ
3015 833 3349 901 προσέταξεν
3402 833 3620 902 ἑκάστῳ
3664 838 3908 904 τάγματι
3963 838 4027 891 τὸ

2431 912 2601 981 ὄνομα
2657 913 2883 982 τεθῆναι
2922 917 3186 983 στοιχεῖον
3230 914 3563 983 Ἑλληνικὸν,
3602 917 3712 968 ἀπὸ
3754 918 3848 970 τοῦ
3882 921 4027 986 ἄλφα

2434 999 2529 1049 καὶ
2562 997 2702 1067 βῆτα
2735 999 2830 1051 καὶ
2852 998 2961 1049 τῶν
2990 997 3224 1066 καθεξῆς
3255 999 3358 1060 ἑως
3388 997 3484 1050 τοῦ
3512 1015 3558 1050 ω
3614 1002 3853 1068 μεγάλου
3878 1020 3891 1031 ·
3938 1006 4028 1055 ἶνα

2436 1083 2495 1134 ἐν
2529 1082 2606 1152 τῷ
2637 1082 2851 1152 ἐρωτᾷν
2887 1083 2983 1134 καὶ
3013 1084 3481 1151 φιλοπραγμονεῖν
3535 1082 3627 1136 τδν
3663 1086 4028 1156 ἀρχιμανδρί.

2434 1184 2534 1236 την
2575 1168 2866 1237 περίτινος
2900 1167 2979 1228 είς
3014 1164 3268 1217 τοσοῦτον
3300 1165 3528 1234 πλῆθος,
3561 1168 3747 1237 ἐρωτᾷ
3774 1170 3867 1219 τὸν
3901 1172 4026 1227 δειλ-

2430 1265 2590 1319 τερον
2623 1235 2821 1306 ἑαυτοῦ
2858 1248 2975 1310 πῶς
3013 1248 3128 1317 ἔχει
3175 1247 3271 1301 τοῦ
3322 1248 3488 1316 ἄλφα
3509 1250 3571 1301 τὸ
3597 1235 3811 1319 τάγμα,
3836 1252 3869 1320 ἦ
3904 1255 4026 1317 πῶς

2432 1335 2544 1406 ἔχει
2569 1335 2631 1388 τὸ
2650 1332 2814 1400 βῆτα
2834 1352 2845 1364 ·
2894 1336 3060 1388 πάλιν
3106 1334 3354 1389 ἄσπασαι
3397 1335 3460 1387 τὸ
3484 1334 3575 1402 ῥῶ
3600 1353 3611 1365 ·
3650 1337 3764 1407 ἰδίῳ
3796 1340 3903 1390 τινί
3930 1356 4031 1403 ση-

2437 1421 2576 1489 μείῳ
2610 1419 2875 1486 ὀνόματος
2919 1418 3266 1487 γραμμάτων
3292 1417 3737 1480 ἀκολουθοῦντος.
3776 1423 3881 1474 Καὶ
3908 1426 4028 1485 τοῖς

2437 1502 2536 1568 μὲν
2582 1501 2977 1569 ἁπλουστέροις
3037 1501 3130 1555 καὶ
3176 1501 3586 1570 ἀκεραιοτέροις
3643 1503 3922 1573 ἐπιθήσεις
3964 1506 4029 1556 τὸ

2436 1584 2606 1635 ίῶτα’
2643 1586 2755 1645 τοῖς
2787 1582 2844 1635 δὲ
2874 1583 3325 1652 δυσχερεστέροις
3351 1583 3445 1634 καὶ
3473 1583 3856 1653 σκολιωτέροις
3890 1603 4027 1653 προς

2433 1666 2616 1731 τάξεις
2649 1666 2708 1716 τὸ
2738 1665 2795 1728 ξ.
2820 1666 2928 1718 Καὶ
2954 1664 3128 1727 οὕτως
3153 1665 3271 1717 κατ’
3302 1666 3595 1733 ἀναλογίαν
3618 1667 3716 1734 τῆς
3748 1670 4031 1719 καταστά-

2436 1766 2576 1811 σεως
2626 1746 2736 1800 τῶν
2789 1748 3165 1817 προαιρέσεων
3210 1747 3307 1799 καλ⁵
3366 1747 3476 1799 τῶν
3511 1749 3731 1816 τρόπων
3781 1748 4030 1799 καὶτῶν

750 1838 851 1904 τῆς
895 1838 1203 1907 προσευχῆς
1246 1837 1451 1903 ταύτης
1499 1836 1761 1906 ἐλθούσης
1817 1838 1953 1905 πρὸς
1993 1835 2079 1898 δὲ,
2123 1838 2156 1904 ἠ
2199 1836 2330 1903 άγία
2363 1843 2405 1897 Β
2437 1832 2567 1901 βίων
2626 1832 2846 1901 ἑκάστῳ
2892 1831 3136 1897 τάγματι
3194 1831 3253 1881 τὸ
3284 1833 3549 1899 στοιχεῖον
3577 1831 3670 1882 τοῦ
3699 1832 4029 1899 γράμματος

751 1921 981 1988 δύναμις
1019 1919 1350 1986 στηλωσάτω
1397 1920 1594 1980 αὐτοὺς
1630 1922 1707 1981 είς
1738 1920 1829 1971 τὸν
1875 1921 2038 1972 τόπον
2084 1921 2217 1972 ὅπου
2266 1919 2333 1971 ἂν

753 2003 950 2063 αὐτοὺς
1010 2002 1313 2070 καταλάϐῃ.
1374 2001 1830 2073 Προσευξαμένης
1885 2004 1940 2055 δὲ
1989 2003 2195 2071 ταύτης
2234 2003 2333 2069 τῆς

755 2085 915 2151 ἁγίας
948 2085 1215 2153 παρθένου
1243 2085 1452 2151 γίνεταί
1480 2102 1531 2136 τι
1556 2084 1816 2138 τοιοῦτον·
1846 2086 1981 2155 Περὶ
2009 2086 2157 2153 ῶραν
2183 2087 2334 2156 πρώ-

752 2187 853 2239 την
885 2168 1189 2238 εὑρέθησαν
1235 2170 1281 2219 οἱ
1322 2167 1569 2235 πολέμιοι
1609 2168 1717 2221 ἀπὸ
1746 2170 1913 2239 τριῶν
1950 2169 2193 2238 σημείων
2235 2170 2334 2234 τῆς

757 2252 950 2322 κώμης
976 2291 991 2313 ,
1031 2253 1125 2304 καὶ
1163 2253 1220 2303 ἐν
1254 2251 1398 2319 αὐτῷ
1430 2251 1507 2319 τῷ
1547 2253 1698 2320 τόπῳ
1730 2252 2115 2322 ἐστηλώθησαν
2153 2252 2335 2316 καθὼς

756 2336 999 2408 ᾐτήσατο
1036 2337 1069 2403 ἠ
1102 2334 1263 2401 ἁγία,
1305 2333 1424 2403 μηδ’
1478 2334 1613 2395 ὅλως
1651 2335 1939 2404 δυνάμενοι
1987 2335 2333 2405 σαλευθῆναι.

770 2416 1159 2486 ’Λπεκαλύφθη
1204 2416 1259 2468 δὲ
1290 2418 1566 2477 κάκείνοις
1596 2419 1708 2478 τοῖς
1766 2418 2023 2486 μαχίμοις
2050 2459 2063 2481 ,
2096 2418 2177 2470 ὅτι
2210 2435 2338 2487 πρε-

759 2501 915 2571 σϐείᾳ
930 2500 1031 2568 τῆς
1048 2499 1241 2567 δούλης
1264 2498 1499 2567 Χριστοῦ
1531 2497 1777 2567 Πιαμοῦν
1799 2498 1955 2551 τοῦτο
1973 2500 2180 2561 τούτοις
2206 2516 2341 2565 συμ-

758 2583 1015 2651 ϐέϐηκεν.
1076 2581 1519 2643 Ἀποστείλαντες
1550 2579 1641 2632 οῦν
1689 2582 1767 2643 είς
1808 2581 1906 2649 τὴν
1936 2581 2132 2650 κώμην
2172 2581 2340 2649 αὐτῆς

758 2666 1034 2736 ⁴ᾐτήσαντο
1059 2666 1137 2724 εἰς
1167 2664 1412 2732 εἰρήνην,
1430 2664 1775 2731 δηλώσαντες
1803 2666 1914 2725 τοῖς
1939 2665 2238 2723 κατοίκοις,
2257 2663 2340 2714 ὅτι

760 2738 1203 2815 Εὐχαριστήσατε
1232 2745 1307 2814 τῷ
1327 2745 1444 2815 Θεῴ
1468 2745 1561 2799 καὶ
1582 2748 1701 2807 ταῖς
1721 2745 1987 2813 καθαραῖς
2014 2747 2343 2815 προσευχαῖς

761 2827 1005 2897 Πιαμοῦν
1029 2828 1128 2895 τῆς
1152 2827 1391 2891 δικαίας,
1438 2828 1643 2890 αἵτινες
1684 2830 1779 2879 καὶ
1809 2828 1953 2897 ὑμᾶς
1980 2827 2304 2894 διεφύλαξαν
2326 2865 2340 2888 ,

761 2911 856 2963 καὶ
879 2911 1027 2980 ἡμᾶς
1068 2910 1420 2962 συνεπόδισεν
1445 2911 1525 2971 είς
1550 2911 1860 2979 ἀνατροπὴν
1887 2910 2122 2979 μεγάλου
2147 2907 2338 2962 κακοῦ.

1331 3008 1582 3061 ΚΕΦΛΛ.
1636 3007 1763 3061 AH'.

1116 3090 1256 3158 Περὶ
1280 3088 1399 3142 τῶν
1427 3088 1983 3161 Ταΰεννη[σ·ιω]τῶν.

2438 1915 2802 1984 ἐφαρμόσεις,
2872 1914 3049 1982 μόνων
3095 1914 3202 1965 τῶν
3257 1916 3647 1982 πνευματικῶν
3688 1916 3909 1966 εἰδότων
3959 1918 4029 1968 τά

2439 1998 2833 2067 σημαινόμενα.
2898 1996 3239 2067 Ἐγέγραπτο
3280 1995 3336 2048 δέ
3383 1998 3439 2047 ἐν
3465 1999 3530 2065 τῇ
3564 1996 3730 2066 δέλτῳ
3760 1999 3841 2049 ὅτι
3873 1998 4028 2063 ξένος

2436 2080 2599 2133 ἄλλου
2629 2078 2997 2148 μοναστηρίου
3029 2079 3125 2129 ἐὰν
3182 2077 3337 2150 ἔλθῃ,
3390 2078 3548 2129 ἀλλον
3582 2078 3796 2146 ἔχοντος
3828 2080 4027 2141 τύπον,

2436 2161 2648 2223 τούτοις
2676 2161 2750 2231 μὴ
2788 2162 3075 2233 συμφάγῃ,
3108 2165 3182 2230 μὴ
3219 2161 3455 2233 συμπίῃ,
3495 2162 3569 2229 μὴ
3604 2162 3920 2231 πνεισέλοῃ
3950 2164 4031 2223 είς

2438 2244 2535 2312 τὴν
2564 2244 2751 2312 μονὴν,
2779 2244 2931 2304 ἐκτὸς
2958 2242 3024 2295 ἀν
3055 2245 3102 2294 εί
3137 2244 3212 2313 μὴ
3240 2248 3320 2305 είς
3348 2244 3466 2296 ὁδὸν
3505 2244 3724 2314 εὑρεθῇ.
3759 2246 3862 2296 Τὸν
3896 2247 4032 2313 μέν-

2439 2343 2520 2378 τοι
2580 2325 2891 2380 εἰσελθόντα
2957 2326 3192 2389 είσάπαξ
3254 2328 3552 2394 συμμεῖναι
3628 2329 3833 2389 αὐτοῖς.
3904 2327 4035 2378 Ἐπὶ

2440 2410 2684 2477 τριετίαν
2751 2409 2829 2468 είς
2889 2407 3076 2474 ἀγῶνα
3136 2408 3346 2463 ἀδύτων
3383 2408 3545 2460 αὑτὸν
3588 2410 3647 2460 ού
3702 2409 3871 2481 δέξῃ·
3912 2407 4034 2460 ἀλλ’

2442 2492 2851 2561 ἐργατικώτερα
2898 2492 3035 2559 ἑργα
3088 2492 3344 2559 ποιήσας,
3383 2491 3557 2552 οὕτως
3602 2493 3682 2553 είς
3719 2495 3779 2543 τὸ
3814 2492 4034 2544 στάδιον

2443 2573 2750 2643 ἐμϐαινέτω
2782 2574 2918 2642 μετὰ
2948 2573 3047 2641 τὴν
3075 2574 3339 2641 τριετίαν.
3381 2573 3684 2635 Ἑσθίοντες
3727 2574 3825 2636 τάς
3856 2591 4035 2640 κεφα-

2443 2656 2541 2719 λὰς
2564 2654 3028 2707 καλυπτέσθωσαν
3056 2658 3164 2717 τοῖς
3213 2656 3583 2717 κουκουλλίοις
3608 2677 3619 2689 ·
3649 2657 3735 2709 ἵνα
3764 2662 3839 2725 μὴ
3870 2656 4034 2708 ἁδελ-

2445 2738 2543 2805 φὸς
2583 2736 2811 2805 ἀδελφὸν
2867 2737 3228 2806 μασσῶμενον
3285 2739 3389 2808 ἴδῃ.
3456 2739 3570 2795 Οὐκ
3625 2738 3740 2794 ἐστι
3790 2739 4035 2807 λαλῆσαι

2445 2820 2717 2883 ἐσθίοντα,
2769 2820 2889 2871 οὐδὲ
2940 2819 3096 2882 ἐκτὸς
3145 2819 3240 2871 τοῦ
3276 2820 3567 2890 πίνακοςῆ
3615 2824 3713 2890 τῆς
3745 2823 4037 2890 τραπέζης

2444 2903 2677 2973 ἀλλαχοῦ
2719 2904 3010 2973 προσέχειν
3062 2903 3138 2972 τῷ
3170 2902 3461 2971 ὀφθαλμῷ.
3509 2905 3789 2957 Ἐτύπωσε
3830 2906 3888 2957 δὲ
3939 2906 4033 2957 διὰ

2447 2988 2629 3055 πάσης
2666 2987 2763 3054 τῆς
2804 2988 3020 3055 ἡμέρας
3052 2988 3227 3038 ποιεῖν
3250 2987 3452 3048 αὐτοὺς
3484 2988 3649 3055 εὐχάς
3674 2987 3904 3047 δώδεκα,
3932 2991 4034 3040 καὶ

2446 3072 2505 3121 ἐν
2526 3070 2604 3139 τῷ
2628 3070 2866 3139 λυχνικῷ
2888 3070 3115 3133 δώδεκα,
3138 3072 3234 3122 καὶ
3258 3072 3316 3121 ἐν
3338 3074 3456 3131 ταῖς
3491 3071 3779 3140 παννυχίσι
3796 3072 4033 3132 δώδεκα,

835 3153 1209 3255 Ταϐεννήσιός
1243 3189 1360 3238 ἐστι
1391 3185 1556 3248 τόπος
1606 3153 1761 3256 ἐν-τῇ
1800 3153 2026 3254 όηδαῖδι
2051 3184 2194 3238 οὕτω
2240 3202 2343 3238 κα-
2372 3168 2416 3225 c
2815 3153 3681 3256 κεῖ.
3704 3154 3766 3256 1?

765 3270 1047 3338 λούμενος.
1078 3272 1134 3320 ἐν
1157 3262 1198 3335 ᾧ
1224 3267 1519 3337 [ἰαχώμιος
1568 3267 1761 3335 γέγονέ
1792 3286 1877 3331 τις
1923 3268 2175 3339 μοναχδς,
2206 3268 2346 3339 ἀνὴρ

768 3352 874 3414 τῶν
909 3355 988 3411 είς
1020 3351 1197 3421 ἄκραν
1232 3349 1507 3401 πολιτείαν
1551 3350 1913 3419 βεϐιωκότων,
1963 3351 2037 3415 ὡς
2074 3351 2346 3417 καταξιωσ

771 3434 929 3499 θῆναι
964 3432 1153 3483 τοῦτον
1186 3433 1278 3483 καὶ
1311 3434 1695 3510 προρρήσεων,
1745 3434 1840 3485 καὶ
1868 3434 2145 3487 όπτασιῶν
2179 3434 2347 3501 ἀγγε-

769 3518 955 3570 λικῶν.
994 3511 1158 3575 Οῦτος
1182 3519 1258 3573 είς
1292 3516 1432 3581 ἄγαν
1455 3517 1673 3582 ἐγένετο
1703 3517 2063 3591 φιλόπτωχος,
2093 3518 2189 3569 καὶ
2226 3518 2347 3585 φιλ-

772 3598 1076 3667 ἅνθρωπος.
1120 3598 1485 3667 καθεζομένῳ
1530 3598 1622 3650 οῦν
1672 3598 1823 3668 αὐτῷ
1868 3601 1925 3650 ἐν
1980 3599 2057 3669 τῷ
2103 3600 2349 3670 σπηλαίῳ

770 3682 924 3750 ὦφθη
961 3680 1109 3749 αὐτῷ
1134 3681 1363 3748 ἄγγελος
1382 3681 1613 3751 Κυρίου,
1648 3683 1742 3734 καὶ
1768 3683 1916 3749 λέγει
1941 3683 2089 3752 αῦτῷ
2112 3698 2123 3712 ’
2154 3683 2346 3752 Παχώ-

775 3781 886 3832 μιε,
941 3765 1011 3816 τά
1068 3766 1208 3816 κατά
1264 3764 1458 3816 σαυτὸν
1490 3764 1900 3833 κατώρθωσας·
1950 3767 2219 3836 περιττῶς
2258 3766 2349 3819 οῦν

772 3848 979 3919 καθὲζῃ
1008 3851 1063 3901 ἐν
1093 3848 1170 3917 τῷ
1203 3848 1454 3918 σπηλαίῳ
1471 3848 1665 3918 τούτῳ.
1691 3850 1861 3919 Δεῦρο
1887 3854 2086 3913 τοίνυν,
2120 3851 2350 3917 ἐξελθὼν

774 3933 1048 3999 συνάγαγε
1075 3934 1285 3993 πάντας
1338 3932 1463 3994 τοὺς
1511 3933 1810 4001 νεωτέρους
1871 3934 2221 4004 μονάζοντας,
2256 3933 2350 3985 καὶ

772 4016 992 4084 οἷκησον
1023 4014 1140 4085 μετ’
1170 4016 1373 4078 αὐτῶν,
1427 4016 1520 4068 καὶ
1568 4017 1708 4078 κατὰ
1740 4017 1829 4075 τὸν
1864 4018 2034 4069 τύπον
2073 4018 2131 4069 ὃν
2160 4018 2349 4087 δίδωμί

774 4115 858 4149 σοι
889 4096 1061 4159 οῦτως
1089 4098 1270 4159 αὐτοῖς
1291 4098 1676 4168 νομοθέτησον.
1705 4100 1813 4157 Καὶ
1850 4099 2172 4157 ἐπιδέδωκεν
2201 4099 2350 4168 αύτῷ

771 4181 956 4232 δέλτον
986 4182 1196 4250 χαλκῆν
1224 4183 1281 4233 ἐν
1379 4183 1690 4251 ἐγέγραπτο
1714 4183 1885 4234 ταῦτα
1908 4199 1920 4211 ·
1966 4184 2350 4253 Συγχωρὴσεις

772 4266 989 4333 ἑκάστῳ
1016 4266 1155 4315 κατὰ
1178 4264 1275 4330 τὴν
1292 4264 1521 4332 δυνάμιν
1547 4268 1741 4331 φαγεῖν
1769 4268 1861 4317 καὶ
1890 4269 2052 4319 πιεῖν.
2079 4268 2197 4316 Καὶ⁸
2218 4266 2349 4333 πρὸς

770 4349 869 4410 τὰς
897 4347 1155 4417 δυνάμεις
1212 4348 1319 4398 τῶν
1360 4347 1649 4403 ἐσθιόντων
1694 4349 1933 4415 ἀνάλογα
1978 4352 2071 4405 καὶ
2114 4350 2181 4400 τὰ
2214 4348 2349 4418 ἔργα

774 4431 952 4483 αὐτῶν
1005 4431 1314 4500 ἐγχείρισον
1341 4471 1355 4495 ,
1404 4433 1497 4488 καὶ
1537 4433 1675 4500 μήτε
1715 4432 2011 4500 νηστεῦσαι
2076 4431 2345 4501 κωλύσῃς,

774 4515 912 4580 μήτε
945 4490 1552 4581 φαγείνίῡῦτωμέντοί
1581 4490 1647 4565 τὰ
1688 4490 1886 4589 ισχυρά
1915 4518 2024 4577 τοῖς
2065 4490 2345 4583 ἰσχυροτέλ
2380 4490 2423 4544 D

776 4612 893 4666 ροις
924 4597 1019 4647 καὶ
1055 4596 1327 4648 ἐσθίουσιν
1353 4597 1624 4665 ἐγχείριζε
1657 4596 1813 4667 ἔργα,
1847 4600 1914 4650 τά
1946 4600 2112 4651 άτονα
2151 4599 2208 4650 δὲ
2257 4599 2349 4650 καὶ⁵

770 4677 983 4746 ἐλαφρά
1013 4680 1125 4740 τοῖς
1173 4680 1712 4749 άνασκητικωτέροις
1770 4683 1863 4733 καὶ
1916 4682 2346 4760 ἀσθενεστέροις.

773 4761 1011 4828 Ποίησον
1046 4761 1100 4812 δὲ
1133 4760 1330 4824 κέλλας
1356 4762 1647 4833 διαφόρους
1678 4765 1736 4815 ἐν
1765 4768 1830 4833 τῇ
1863 4766 1999 4834 αὐτῇ
2030 4780 2046 4795 ⁶
2084 4766 2177 4817 καὶ
2200 4768 2350 4834 τρεῖς

772 4846 914 4907 κατὰ
941 4844 1139 4898 κέλλαν
1170 4846 1507 4913 μενέτωσαν.
1569 4849 1632 4899 'H
1669 4848 1722 4899 δὲ
1766 4851 1939 4918 τροφὴ
1990 4849 2205 4902 πάντων
2248 4849 2351 4901 ὑπὸ

772 4925 869 4979 ἕνα
901 4927 1049 4980 οἷκον
1081 4928 1419 4992 ἐξεταζέσθω
1443 4945 1455 4958 ·
1492 4929 1906 4983 καθευδέτωσαν
1940 4931 1994 4994 δὲ
2025 4931 2098 5001 μὴ
2129 4934 2351 5003 ἀνακρι-

772 5010 1005 5078 νόμενοι,
1038 5011 1173 5063 ἀλλὰ
1206 5012 1422 5079 θρόνους
1453 5013 1834 5081 οίκοδομητοῦς
1859 5015 2226 5085 ὑπτιωτέρους
2252 5032 2349 5067 πε·

775 5096 1080 5159 ποιηκότες,
1096 5096 1188 5146 καὶ
1202 5094 1444 5155 ἐνθέντες
1464 5098 1658 5146 ἐκεϊτά
1680 5096 1975 5166 στρώματα
1995 5099 2200 5151 ἑαυτῶν
2219 5099 2347 5151 καθ-

772 5175 1079 5229 ευδέτωσαν
1139 5175 1455 5245 καθήμενοι.
1510 5179 1853 5247 Φορείτωσαν
1879 5180 1935 5231 δὲ
1970 5183 2025 5232 ἐν
2076 5183 2195 5243 ταῖς
2232 5181 2350 5245 νυξὶ

772 5257 1068 5323 λεδιτῶνας
1107 5260 1284 5323 λινοῦς
1316 5260 1635 5330 ἐζωσμένοι.
1672 5263 1942 5325 Ἕκαστος
1976 5264 2153 5316 αὐτῶν
2181 5267 2350 5334 ἐχέτω

776 5345 1031 5418 μηλωτὴν
1055 5345 1272 5411 αίγείαν
1296 5347 1664 5415 εἰργασμένην
1687 5347 1905 5414 λευκήν.
1946 5342 2050 5412 Ἧς
2070 5351 2199 5403 ἄνευ
2216 5351 2348 5404 ταύ-

769 5448 867 5496 της
906 5430 1042 5497 μήτε
1068 5428 1415 5488 ἐσθιέτωσαν,
1446 5430 1582 5498 μήτὲ
1606 5428 2036 5485 καθευδέτωσαν.
2077 5434 2348 5497 Είσιόντες

770 5513 824 5563 δέ
850 5514 926 5573 είς
946 5510 1043 5579 τὴν
1062 5511 1343 5563 κοινωνίαν
1364 5510 1473 5561 τῶν
1493 5512 1808 5579 μυστηρίων
1835 5514 1926 5564 τοῦ
1952 5516 2187 5583 Χριστοῦ
2208 5518 2347 5569 κατὰ

773 5593 1050 5665 Σάϐϐα-εον
1084 5592 1176 5645 καὶ
1228 5594 1513 5661 Κυριακὴν
1554 5594 1651 5655 τὰς
1707 5594 1882 5657 ζώνας
1918 5595 2217 5663 λυέτωσαν,
2257 5602 2349 5652 καὶ

771 5675 870 5743 τὴν
903 5674 1155 5743 μηλωτὴν
1183 5675 1643 5739 άποτιθέσθωσαν,
1690 5677 1781 5729 καὶ
1832 5678 1966 5747 μετὰ
2003 5683 2347 5735 κουκουλλίου

776 5757 938 5836 μόνου
983 5758 1293 5815 είσίτωσαν.
1356 5758 1696 5814 Κουκούλλια
1747 5760 1802 5812 δέ
1846 5762 2027 5826 αὐτοῖς
2066 5766 2347 5821 ἐτύπωσεν

2448 3237 2673 3299 ἐσθίειν,
2700 3237 2917 3305 ἑκάστῳ
2932 3237 3173 3305 τάγματι
3203 3236 3323 3289 καθ’
3357 3237 3596 3307 ἑκάστην
3631 3238 3795 3307 εὐχὴν
3812 3240 4035 3308 ψαλμὸν

2449 3318 2779 3390 προᾲδεσθαι
2808 3320 3110 3372 ἐτύπωσεν.
3165 3320 3697 3389 Προσαντιλέγοντος
3715 3322 3770 3374 δὲ
3802 3322 3899 3374 τοῦ
3939 3340 4038 3391 με-

2448 3405 2615 3470 γάλου
2648 3402 2947 3470 Παχωμίου
2979 3400 3059 3469 τῷ
3090 3402 3310 3470 ἀγγέλῳ
3337 3404 3419 3454 ὅτι
3455 3402 3633 3470 ὀλίγαι
3669 3407 3806 3456 εἰσὶν
3858 3407 3915 3458 αί
3943 3408 4033 3457 εὑ-

2451 3489 2564 3556 χαὶ,
2603 3486 2753 3552 λέγει
2796 3485 2947 3553 αὑτῷ
2979 3487 3006 3537 ὀ
3056 3486 3317 3553 ἄγγελος,
3345 3489 3426 3539 ὅτι
3456 3487 3672 3550 Ταύτας
3696 3488 4031 3549 διετύπωσα,

2451 3570 2525 3631 ὡς
2554 3570 2793 3637 ὀφείλειν
2830 3568 3052 3636 φθάνειν
3081 3573 3174 3620 καὶ
3206 3572 3331 3631 τοὺς
3372 3572 3603 3639 μικροὺς
3636 3573 3906 3622 ἐπιτελεῖν
3940 3574 4037 3624 τὰν

2450 3654 2670 3715 κανόνα,
2709 3654 2802 3703 καὶ
2832 3651 2907 3720 μὴ
2928 3651 3236 3704 λυπεῖσθαι·
3278 3654 3326 3704 οἱ
3368 3655 3424 3706 δὲ
3459 3654 3672 3717 τέλειοι,
3707 3656 4037 3721 νομοθεσίας

2451 3736 2639 3803 χρείαν
2668 3735 2769 3786 οὐκ
2800 3736 3037 3802 ἐχουσιν.
3076 3734 3214 3786 Καθ’
3257 3736 3484 3798 ἐαυτοὺς
3517 3741 3627 3805 γάρ
3679 3739 3737 3787 ἐν
3761 3740 3883 3797 ταῖς
3908 3739 4038 3790 κέλ-

2450 3816 2569 3877 λαις
2591 3815 2743 3877 ὀντες
2791 3816 2910 3867 ὅλον
2939 3816 2998 3867 τὸ
3060 3816 3161 3885 ζῇν
3210 3817 3389 3869 αὐτῶν
3418 3822 3483 3887 τῇ
3519 3821 3613 3870 τοῦ
3658 3818 3793 3871 Θεοῦ
3826 3819 4039 3889 θεωρία⁵

2453 3898 2880 3967 παρεχώρησαν.
2934 3896 3159 3957 Τούτοις
3227 3898 3284 3950 δέ
3343 3900 3713 3968 ἐνομοθέτησα
3769 3902 3887 3952 ὅσοι
3933 3906 4035 3955 οῦκ

2449 3981 2631 4051 έχουσι
2662 3980 2786 4033 νοῦν
2829 3979 3178 4049 ἐπιγνώμονα
3204 3994 3217 4008 ⁸
3252 3981 3339 4033 ἵνα
3365 3982 3469 4035 κᾶν
3498 3983 3574 4045 ὡς
3603 3984 3811 4036 οἰκέται
3864 4004 4038 4038 κατα-

2452 4064 2740 4132 φρονηταὶ,
2772 4062 2851 4133 τῷ
2868 4063 3019 4132 φόῆῳ
3047 4064 3142 4115 τοῦ
3175 4064 3470 4125 Δεσπότου,
3497 4066 3596 4134 τὴν
3624 4067 3879 4133 σύνταξιν
3906 4071 4042 4137 πλη-

2456 4146 2673 4217 ροῦντες
2730 4146 2827 4214 τῆς
2903 4145 3181 4207 πολιτείας
3228 4146 3549 4201 διατεθῶσιν
3614 4150 3672 4199 ἑν
3727 4153 4038 4220 παρρησία.

2451 4229 2636 4287 Ταῦτα
2668 4227 3064 4294 διαταξάμενος
3094 4230 3122 4279 ὀ
3178 4228 3431 4297 ἄγγελος,
3479 4229 3573 4281 καὶ
3602 4231 3897 4300 πληρώσας
3939 4238 4041 4303 τὴν

2450 4312 2742 4376 διακονίαν,
2765 4312 2994 4380 ἀνῆλθεν
3008 4311 3115 4364 άπὸ
3131 4312 3223 4363 τοῦ
3245 4313 3485 4381 μεγάλου
3511 4315 3823 4382 Παχωμίου.
3848 4317 4042 4370 Ἔστιν

2451 4395 2542 4448 οῦν
2572 4395 2746 4447 ταῦτα
2767 4397 2837 4447 τὰ
2866 4397 3206 4466 μοναστήρια
3224 4397 3443 4448 πλείονα
3464 4400 3817 4467 κρατήσαντα
3846 4402 4041 4453 τοῦτον

2452 4477 2541 4531 τὸν
2571 4478 2759 4538 τύπον,
2790 4478 3134 4531 συντείνοντα
3185 4481 3265 4538 είς
3311 4480 3752 4548 ἑπτακισχιλίους
3810 4482 4039 4552 ἄνδρας.

2457 4560 2613 4613 Ἐστι
2635 4562 2689 4614 δὲ
2710 4563 2770 4613 τὸ
2793 4563 3011 4631 πρῶτον
3044 4563 3137 4614 καὶ
3162 4564 3307 4631 μέγα
3329 4566 3693 4633 μοναστήριον
3722 4565 3850 4617 ἔνθα
3872 4568 4042 4630 αὑτὴ

2452 4644 2478 4694 ὁ
2497 4643 2763 4715 μακάριος
2789 4643 3083 4714 Παχώμιος
3101 4644 3256 4715 ᾧκει,
3277 4646 3336 4697 τὸ
3358 4645 3451 4697 καὶ
3466 4644 3535 4696 τὰ
3557 4646 3692 4699 ἀλλα
3713 4649 4042 4717 άποκυῆσαν

2451 4727 2789 4798 ἀσκητήρια,
2821 4728 2944 4797 ἔχον
2972 4729 3185 4798 ἀνδρῶν
3210 4728 3442 4798 ἀριθμὸν
3464 4729 3652 4797 χιλίων
3682 4733 4037 4800 τριακοσίων.

3026 4827 3279 4880 ΚΕΦΔΛ.
3340 4828 3465 4879 ΛΘ⁹.

2809 4911 2945 4975 Βίος
2987 4909 3095 4964 τοῦ
3134 4910 3287 4964 ἁΰὸᾶ
3336 4912 3679 4980 Ἀφθονίου.

2536 5018 2623 5068 Ἕν
2654 5010 2733 5078 οἷς
2764 5017 2859 5069 καὶ
2887 5019 2914 5067 ὀ
2946 5016 3132 5079 δοῦλος
3159 5015 3253 5069 τοῦ
3298 5017 3430 5069 Θεοῦ
3464 5019 3798 5090 καλούμενος
3846 5023 4041 5090 Ἀφθό-

2452 5118 2583 5165 νιος,
2614 5100 2766 5168 φίλος
2804 5118 2904 5170 μου
2938 5100 3231 5170 γενόμενος
3272 5102 3520 5170 γνήσιος,
3572 5103 3665 5155 νῦν
3699 5105 4040 5174 δευτερεύων

2452 5186 2598 5236 ἐστὶν
2624 5186 2680 5236 ἐν
2702 5185 2781 5253 τῷ
2816 5184 3167 5253 μοναστηρίῳ
3200 5184 3414 5253 ἐκείνῳ.
3458 5188 3553 5238 Ὃν
3582 5186 3658 5249 ὡς
3709 5189 4040 5241 ἀσκσνδάλι-

2454 5284 2578 5320 στον
2612 5267 3034 5319 ἀποστέλλουσιν
3072 5269 3130 5317 ἐν
3169 5266 3545 5339 Ἀλεξανδρείᾳ
3575 5271 3666 5321 ἐπὶ
3696 5270 3794 5331 τὰς
3822 5272 4034 5338 χρείας,

2450 5350 2790 5420 διαπωλῆσαι
2853 5351 2950 5416 μὲν
2987 5351 3167 5402 αὐτῶν
3197 5350 3263 5402 τά
3311 5353 3469 5421 ἔργα,
3530 5355 3946 5421 συνωνησασθαι
3980 5357 4036 5408 δὲ

2450 5435 2547 5495 τὰς
2569 5435 2777 5504 χρείας.
2821 5434 2975 5503 Ἔστι
3014 5436 3106 5485 καὶ
3147 5434 3281 5486 ἄλλα
3341 5438 3681 5504 μοναστήρια
3716 5438 3824 5489 ἀπὸ
3854 5439 4039 5491 διακο-

2452 5519 2581 5570 σίων
2612 5520 2703 5569 καὶ
2751 5519 3080 5587 τριακοσίων
3128 5519 3337 5587 ψυχῶν,
3372 5522 3428 5571 ἐν
3466 5518 3547 5583 οἷς
3591 5521 3683 5573 καὶ
3738 5522 3817 5584 εἰς
3858 5524 4038 5587 Πανὸς

2448 5601 2547 5669 τὴν
2580 5600 2756 5661 πόλιν,
2804 5602 2883 5661 εἰς
2936 5600 2963 5652 ὂ
3020 5602 3267 5670 εἰσῆλθεν
3312 5603 3523 5675 ἀνδρῶν
3566 5606 3896 5673 τριακοσίων
3942 5611 4038 5658 σύ·-

2453 5700 2653 5753 στημα.
2695 5684 2785 5737 Ἐν
2816 5683 2994 5753 τούτῳ
3046 5684 3123 5755 τῷ
3174 5686 3525 5756 μοναστηρίῳ
3562 5686 3782 5757 ἑώρακα
3820 5689 4035 5753 ράπτας

2450 5769 2768 5833 δεκαπέντε,
2800 5770 3022 5837 χαλκεῖς
3048 5770 3206 5837 ἑπτά,
3233 5769 3492 5835 τέκτονας
3523 5772 3816 5842 τέσσαρας,
3850 5789 4038 5845 καμη-
