4258 6358
276 416 401 472 "ill

1518 414 1829 473 HISTORIA
1872 415 2225 473 ιΑυδιΑω.

3339 422 3474 485 1102

266 531 438 595 Exite,
462 539 513 582 et
539 541 602 581 es
627 527 726 582 hoe
754 527 870 582 vico
900 529 1158 585 occurrite
1178 530 1253 584 eis
1276 530 1364 599 qui
1393 531 1606 584 veniunt
1631 540 1814 585 contra
1846 537 1889 589 Δ
1924 539 2044 585 ιυοι·
2076 529 2289 583 ordines
2333 528 2574 595 fratrum,
2604 544 2666 584 ex
2700 545 2919 586 numero
2938 533 3124 603 viginti
3145 543 3367 605 quatuor
3391 539 3477 594 lito

263 634 380 681 vos,
410 634 479 673 ne
509 634 600 673 vos
628 635 835 689 quoque
870 634 972 673 una
991 637 1111 675 cum
1141 623 1257 676 vico
1280 624 1526 690 pereatis,
1553 630 1609 676 et
1636 633 1815 692 rogate

262 728 356 764 eos
380 723 436 763 ut
460 712 716 765 desistant
740 712 806 765 ab
834 712 1035 766 insidiis
1052 713 1304 769 adversus
1332 728 1425 768 vos
1447 715 1663 783 paratis.
1689 715 1818 769 Ter-

263 802 347 853 riti
376 810 551 854 autem
585 803 875 869 presbyteri
919 802 966 855 ei
1017 802 1081 855 ad
1111 803 1270 869 pedes
1301 804 1670 870 procumbunt.
1699 819 1817 858 eam

262 898 514 955 rogantes
553 900 605 942 et
629 890 903 945 dicentes:
936 893 1041 944 Nos
1085 906 1187 944 non
1217 892 1469 946 audemus
1488 892 1566 946 eis
1596 893 1673 946 ire
1718 893 1819 946 ob-

264 978 427 1040 viam;
458 978 652 1032 scimus
698 981 838 1033 enim
867 996 1048 1034 eorum
1094 980 1450 1035 temulentiam
1480 991 1534 1037 et
1580 984 1817 1050 petulan-

262 1068 418 1128 tiam;
450 1066 541 1121 sed
568 1067 611 1119 si
638 1066 769 1121 facis
811 1069 1219 1123 misericordiam
1266 1070 1318 1123 in
1366 1085 1463 1124 nos
1492 1079 1546 1124 et
1572 1072 1623 1124 in
1653 1080 1816 1125 totum

262 1158 458 1217 vicum,
489 1164 544 1207 et
569 1157 622 1209 in
642 1156 856 1211 domum
886 1166 1046 1222 tuam,
1076 1160 1187 1227 ipsa
1211 1159 1285 1213 eis
1305 1160 1558 1227 egredere
1584 1161 1816 1227 obviam,

263 1244 485 1313 illosque
515 1256 727 1313 pacatos
751 1257 949 1303 averte.
980 1249 1068 1302 IIIa
1107 1260 1283 1303 autem
1306 1264 1425 1304 cum
1456 1266 1558 1305 non
1600 1265 1817 1306 assensa

263 1344 426 1397 esset,
455 1334 673 1389 veniens
714 1337 766 1389 in
809 1351 956 1391 suam
992 1338 1386 1399 domttnculam.
1416 1339 1562 1393 stetit
1590 1348 1695 1393 tota
1723 1354 1820 1393 no-

261 1433 347 1477 cte
381 1439 540 1477 orans
561 1435 612 1477 et
658 1441 793 1492 genu
841 1426 1057 1481 minime
1084 1427 1325 1496 flectens,
1355 1430 1448 1485 sed
1493 1444 1701 1499 rogans,
1735 1431 1817 1485 di-

261 1517 434 1568 cendo
466 1534 478 1568 :
513 1517 732 1571 Domine
778 1518 870 1584 qui
897 1518 1102 1585 judicas
1131 1528 1348 1585 terram,
1380 1521 1465 1575 cui
1496 1522 1625 1576 nihil
1651 1524 1820 1590 placet

260 1605 398 1671 quod
423 1616 502 1657 est
528 1604 797 1671 injustum,
821 1621 937 1659 cum
962 1606 1073 1660 haec
1101 1608 1163 1660 ad
1196 1616 1247 1661 te
1273 1612 1472 1663 venerit
1494 1610 1679 1673 oratio,
1712 1611 1817 1664 vir-

263 1702 347 1745 tus
375 1702 461 1744 tua
516 1708 607 1746 eos
647 1695 796 1746 sistat
847 1694 1143 1748 immobiles
1200 1706 1445 1765 tanquam
1498 1698 1814 1764 columnam,

262 1782 559 1849 ubicunque
586 1798 677 1836 eos
709 1783 1132 1850 deprehenderit.
1164 1787 1291 1839 Cum
1325 1787 1436 1841 haec
1463 1798 1641 1842 sancta
1668 1789 1815 1857 virgo

261 1857 339 1925 sic
388 1883 610 1935 orasset,
642 1873 747 1927 tale
791 1874 913 1941 quid
943 1874 1152 1928 accidit.
1205 1876 1394 1930 Hostes
1446 1877 1584 1931 circa
1634 1877 1817 1932 horam

263 1966 508 2028 primam,
548 1978 577 2014 a
608 1964 771 2015 tribus
800 1964 1132 2026 milliaribus,
1174 1964 1227 2018 in
1277 1968 1393 2019 loco
1432 1967 1522 2021 fixi
1570 1976 1815 2036 tanquam

260 2050 523 2112 columna,
556 2049 855 2105 labefactari
880 2067 981 2104 non
1016 2062 1273 2119 poterant.
1307 2053 1414 2108 Illis
1435 2069 1645 2124 quoque
1668 2071 1817 2109 reve-

261 2138 425 2191 latum
469 2148 549 2192 est
572 2141 709 2207 quod
753 2152 919 2194 serva
948 2141 1139 2194 Christi
1171 2142 1387 2197 Piamuu
1417 2144 1813 2199 intercessioni-

260 2229 361 2281 bus
391 2228 583 2281 factum
611 2237 691 2282 est
735 2230 813 2283 eis
859 2230 1321 2297 impedimentum;
1370 2234 1509 2301 iique
1550 2234 1614 2288 ad
1642 2236 1813 2290 vicum

260 2317 525 2370 mittentes
555 2332 735 2384 pacem
766 2318 1047 2387 petierunt,
1070 2318 1305 2373 dicentes
1332 2336 1347 2374 :
1377 2323 1526 2390 Agite
1552 2322 1658 2376 Deo
1682 2338 1809 2393 gra-

261 2408 362 2459 tias
408 2416 462 2460 et
512 2407 756 2474 precibus
812 2406 1029 2461 Piamun
1057 2424 1175 2477 qua:
1204 2423 1299 2463 nos
1347 2410 1718 2479 impedierunt,
1748 2427 1814 2468 ne

260 2512 504 2566 magnum
536 2498 683 2553 vobis
709 2498 901 2551 malum
933 2498 1263 2553 inferremus.

766 2585 986 2640 CAPUT
1027 2586 1302 2641 XXXVIII.

274 2671 384 2725 i’t’ta
428 2674 621 2728 abbatis
668 2671 932 2727 Pachomii
979 2674 1114 2745 (7C),
1146 2684 1193 2727 et
1232 2690 1403 2728 eorum
1443 2676 1528 2745 qui
1563 2690 1678 2729 cum
1704 2677 1813 2745 ipso

955 2779 1115 2821 erant.

328 2854 652 2910 Tabennesis
684 2857 794 2926 (7‘7)
829 2868 910 2911 est
957 2859 1100 2911 Iocus
1126 2859 1203 2913 sic
1244 2858 1531 2927 appellatus
1582 2860 1632 2913 in
1676 2859 1813 2914 The-

260 2943 434 3007 baide,
486 2946 537 2997 in
581 2961 685 3012 quo
729 2945 827 2997 fuit
852 2945 1163 2999 Paehomius
1206 2948 1513 3013 monachus,
1544 2948 1623 3000 vir
1652 2946 1813 3001 exiis

258 3034 343 3099 qni
375 3033 621 3086 vixerunt
667 3034 718 3085 iu
769 3049 976 3086 summa
1016 3043 1071 3085 et
1120 3036 1353 3103 perfecto
1401 3038 1518 3090 vita:
1572 3035 1811 3090 instituto

261 3121 407 3189 (I'ita
436 3124 544 3189 ejus
570 3138 743 3188 supra,
776 3122 813 3176 ι.
848 3122 905 3190 i),
934 3125 1063 3177 adeo
1093 3134 1147 3176 ut
1188 3124 1231 3176 is
1267 3123 1422 3178 fuerit
1464 3124 1704 3192 dignatus
1757 3134 1812 3179 et

259 3212 548 3262 futurorum
590 3210 1014 3277 praedictionibus
1049 3221 1103 3264 et
1131 3214 1379 3280 angelicis
1408 3214 1712 3267 visionibus.
1763 3214 1809 3268 ls

263 3301 358 3351 luit
387 3300 534 3352 valde
571 3314 754 3352 amans
804 3314 1108 3368 pauperum,
1142 3312 1191 3354 et
1241 3318 1428 3370 magna
1459 3304 1711 3357 charitate
1759 3305 1809 3357 in

258 3383 522 3441 homines.
550 3388 624 3440 Eo
647 3403 772 3457 ergo
794 3390 1008 3443 sedente
1027 3394 1074 3441 in
1099 3393 1194 3445 hac
1216 3394 1479 3458 spelunca,
1512 3396 1650 3446 vi~us
1664 3403 1742 3446 est
1764 3395 1807 3447 ei

261 3477 478 3542 angelus
522 3477 743 3539 Domini,
792 3478 877 3545 qui
909 3479 953 3530 ei
986 3478 1111 3531 dicit
1154 3497 1164 3532 :
1200 3480 1465 3544 Pachorni,
1497 3497 1555 3534 ea
1601 3485 1809 3548 quidem

258 3581 375 3634 quae
407 3566 469 3617 ad
500 3572 549 3617 te
579 3568 856 3631 pertinent,
890 3578 1030 3620 recte
1058 3578 1109 3622 et
1151 3584 1211 3622 ex
1238 3569 1427 3623 virtute
1452 3573 1691 3639 gessisti;
1725 3589 1812 3625 su-

258 3668 579 3722 pervacanee
608 3670 735 3723 ergo
756 3656 908 3708 sedes
939 3655 989 3707 in
1030 3657 1129 3709 hoc
1173 3657 1315 3723 loco;
1350 3675 1444 3727 age
1484 3676 1627 3729 ergo,
1657 3677 1808 3731 egre-

257 3745 402 3806 dere,
429 3755 479 3796 et
512 3759 771 3811 congrega
819 3760 1001 3798 omnes
1026 3748 1259 3814 juniores
1297 3752 1601 3817 monachos,
1635 3764 1685 3805 et
1718 3754 1811 3805 ha-

256 3832 361 3884 bita
392 3848 507 3884 cum
537 3834 633 3896 eis,
661 3842 714 3886 et
740 3850 965 3901 sequens
997 3835 1213 3889 formam
1244 3854 1396 3906 quam
1421 3840 1556 3895 dabo
1595 3843 1703 3902 tibi,
1731 3846 1807 3897 eis

256 3924 395 3989 leges
425 3925 703 3976 constitue.
744 3926 906 3991 Eique
929 3928 1069 3979 dedit
1110 3929 1333 3982 tabulam
1366 3948 1584 3996 arneam,
1614 3936 1666 3989 in
1706 3952 1805 4004 qua

256 4011 371 4064 haec
399 4014 591 4080 scripta
620 4012 823 4067 fuerant
854 4032 866 4067 :
908 4017 1151 4070 Concede
1188 4020 1465 4091 unicuique
1488 4034 1541 4077 ut
1569 4028 1811 4081 comedat

254 4111 307 4155 et
335 4102 476 4155 bibat
506 4120 596 4170 pro
627 4106 823 4158 viribus
847 4108 1233 4163 comedentium
1256 4128 1267 4175 ;
1288 4112 1362 4165 eis
1392 4129 1595 4183 quoque
1619 4117 1806 4170 manda

253 4207 411 4257 opera
443 4208 559 4261 quae
597 4196 933 4261 proportione
962 4201 1276 4254 conveniant
1319 4217 1381 4256 ac
1432 4206 1805 4273 respondeant,

252 4290 307 4335 et
333 4298 501 4351 neque
521 4284 759 4351 jejunare
791 4288 1005 4353 prohibe
1036 4304 1130 4343 nec
1160 4294 1457 4348 comedere.
1482 4296 1569 4351 Sic
1596 4299 1806 4365 quidem

252 4370 476 4423 fortibus
508 4373 653 4424 lortia
684 4376 872 4427 manda
900 4392 1081 4443 opera,
1116 4380 1371 4434 imbecilla
1402 4395 1572 4437 autem
1597 4396 1649 4439 et
1676 4388 1807 4441 levia

250 4460 315 4513 iis
346 4460 429 4526 qui
460 4474 517 4513 se
548 4463 713 4528 magis
736 4476 1002 4530 exere-nt,
1047 4477 1099 4520 et
1129 4479 1249 4521 sunt
1279 4471 1669 4530 imbecilliores.
1704 4476 1806 4531 Fac

1922 628 2183 682 terarum;
2212 620 2561 689 pra-cepitque
2583 621 2862 691 unicuique
2886 625 3057 677 ordini
3084 625 3352 693 imponere
3386 646 3479 681 nn-

1920 724 2040 763 men
2068 711 2389 765 elementum
2420 708 2680 775 Graecum,
2728 711 2795 765 ab
2822 735 2876 775 α.
2910 714 2965 783 β.
2994 722 3048 767 et
3084 730 3201 782 qua:
3228 716 3477 786 deinceps

1917 809 2225 863 sequuntur,
2257 815 2423 867 usque
2454 799 2517 852 ad
2541 825 2599 865 ω,
2626 811 2682 853 ut
2706 803 2830 854 dum
2862 802 3146 869 interrogat
3174 806 3477 862 archiman-

1918 889 2051 942 drita
2080 889 2146 944 de
2175 891 2349 956 aliquo
2380 891 2430 943 in
2463 900 2602 943 tanta
2630 893 2986 958 multitudine,
3018 895 3313 951 sciscitetur
3353 913 3472 950 eum

1917 977 2005 1047 qui
2035 989 2113 1032 est
2142 980 2206 1032 ab
2252 992 2317 1031 eo
2353 979 2637 1043 secundus,
2679 981 2943 1047 quomodo
2972 996 3030 1036 se
3061 983 3217 1037 habet
3259 985 3391 1039 ordo
3419 1008 3472 1049 α,

1917 1075 2005 1121 ant
2030 1069 2293 1137 quomodo
2337 1083 2396 1122 se
2443 1069 2602 1123 habet
2628 1069 2758 1123 ordo
2788 1071 2839 1140 β.
2872 1070 3070 1127 Rursus
3098 1074 3261 1128 saluta
3305 1098 3355 1153 ρ,
3387 1090 3473 1130 se-

1918 1157 2126 1223 quendo
2176 1157 2434 1222 quoddam
2480 1160 2746 1225 proprium
2800 1173 2989 1215 nomen
3039 1161 3377 1218 litterarum:
3423 1176 3476 1219 et

1918 1243 2325 1311 simplicioribus
2351 1247 2558 1312 quidem
2585 1257 2637 1301 et
2677 1248 3053 1305 sincerioribus
3106 1254 3346 1321 impones
3375 1271 3470 1309 no-

1918 1347 2038 1387 men
2067 1349 2103 1397 t;
2131 1333 2509 1388 difﬁcilioribus
2530 1347 2701 1389 autem
2732 1340 2758 1401 ξ
2787 1355 2799 1389 :
2824 1348 2874 1392 et
2902 1340 2978 1393 sic
2999 1344 3371 1398 convenienter
3394 1346 3473 1399 in-

1917 1422 2118 1475 stitutis
2162 1436 2343 1475 eorum
2375 1432 2428 1477 et
2457 1424 2576 1477 vita:
2609 1435 2665 1478 et
2702 1428 2955 1492 moribus,
2989 1431 3266 1500 unicuique
3296 1436 3469 1489 ordini

1917 1510 2235 1564 elementum
2290 1512 2472 1565 littera:
2503 1515 2958 1581 accommodabis;
2995 1519 3121 1573 solis
3150 1520 3473 1588 spiritalibus

1918 1599 2326 1666 intelligentibus
2349 1615 2409 1655 ea
2440 1616 2555 1669 qua:
2582 1603 2961 1670 significantur.
3006 1607 3269 1676 Scriptum
3297 1622 3470 1667 autem

1916 1697 2030 1741 erat
2060 1689 2110 1740 in
2140 1689 2310 1742 tabula
2337 1706 2352 1742 :
2402 1690 2457 1745 Si
2493 1694 2697 1745 venerit
2738 1698 2928 1761 hospes
2964 1699 3179 1753 alterius
3210 1713 3472 1756 monaste-

1918 1777 2000 1839 rii,
2029 1779 2166 1845 quod
2199 1779 2355 1833 habet
2391 1782 2545 1833 aliam
2576 1781 2817 1845 formam,
2851 1800 2967 1838 cum
2998 1791 3075 1841 eis
3109 1805 3204 1841 nec
3228 1794 3471 1845 comedat

1848 1860 1896 1919 Β
1924 1881 2018 1921 nec
2051 1868 2213 1929 bibat,
2254 1877 2309 1922 et
2354 1884 2449 1923 nec
2479 1872 2801 1937 ingrediatur
2847 1876 2897 1926 in
2945 1880 3340 1941 monasterium,
3374 1882 3472 1935 nisi

1918 1954 2075 2007 fuerit
2102 1955 2345 2009 inventus
2370 1957 2419 2009 in
2450 1957 2553 2011 via.
2584 1958 2745 2011 Porro
2776 1976 2897 2014 eum
2928 1965 3013 2030 qui
3057 1967 3217 2019 semel
3247 1968 3471 2035 ingredi-

1920 2052 2023 2101 tur.
2049 2060 2148 2098 nec
2191 2054 2361 2112 potest
2387 2061 2504 2098 cum
2536 2049 2614 2100 eis
2642 2050 2707 2101 ad
2739 2051 3021 2105 triennium
3067 2056 3329 2108 suStinere
3358 2072 3471 2110 cer-

1920 2140 2114 2197 tamen,
2148 2134 2547 2197 nonadmlttes;
2574 2136 2668 2188 sed
2710 2153 2827 2191 cum
2877 2155 3035 2205 opera
3084 2142 3469 2198 feceritdiffici-

1918 2222 2065 2285 liora,
2101 2224 2179 2277 sic
2211 2223 2428 2291 prodeat
2473 2226 2523 2278 in
2551 2227 2773 2279 stadium
2809 2238 2925 2297 post
2955 2230 3251 2285 triennium.
3284 2233 3470 2289 Come-

1916 2312 2101 2366 dentes
2127 2322 2299 2368 autem
2330 2314 2506 2368 velent
2551 2320 2718 2379 capita
2761 2321 2999 2383 Cttt'tt'lis,
3048 2338 3112 2374 ne
3166 2322 3329 2378 frater
3368 2324 3469 2377 fra-

1916 2412 2047 2456 trem
2082 2401 2257 2455 videat
2285 2404 2642 2458 mandentem.
2672 2406 2977 2461 Comedenti
3022 2427 3123 2463 nm
3155 2411 3273 2467 licet
3303 2413 3465 2483 loqui,

1914 2506 2010 2547 nec
2030 2502 2174 2546 extra
2204 2495 2457 2561 quadram
2488 2505 2541 2548 et
2586 2512 2820 2552 mensam
2869 2516 3086 2569 usquam
3136 2506 3239 2557 alio
3286 2507 3467 2560 oculos

1911 2591 2238 2635 convertere.
2270 2581 2549 2637 Constituit
2576 2596 2747 2639 autem
2774 2598 2828 2640 ut
2860 2604 2951 2656 per
2974 2599 3135 2646 totum
3158 2594 3297 2649 diem
3328 2596 3467 2651 face-

1914 2678 2032 2724 rent
2061 2670 2340 2723 duodecim
2380 2673 2663 2739 orationes,
2697 2686 2891 2730 etcum
2923 2679 2987 2732 ad
3014 2688 3367 2749 vespertinum
3394 2690 3443 2742 lu

1912 2773 2032 2812 men
2059 2758 2171 2827 (79)
2196 2754 2455 2823 venirent,
2488 2772 2537 2815 et
2568 2763 2618 2816 in
2660 2766 2929 2819 nocturnis
2960 2770 3144 2837 vigiliis
3168 2774 3463 2843 duodecim,

1913 2856 1968 2900 et
2058 2850 2192 2905 liora
2278 2862 2420 2905 nona
2510 2860 2638 2907 tres.
2724 2854 2943 2921 Quando
2993 2868 3164 2923 autem
3200 2864 3464 2919 videretur

1912 2935 2290 2990 comedendum
2319 2952 2437 2992 esse
2483 2940 2826 3010 multitudini,
2881 2948 3154 3002 conSIituit
3203 2959 3256 3004 ut
3307 2968 3468 3007 unus-

1912 3023 2134 3091 quisque
2162 3026 2292 3078 ordo
2322 3028 2372 3079 in
2403 3043 2713 3097 unaquaque
2750 3034 2989 3088 oratione
3030 3039 3285 3105 psalmum
3317 3044 3461 3108 prius

1912 3122 2145 3166 caneret.
2175 3111 2303 3166 Cum
2344 3124 2517 3169 autem
2549 3132 2767 3187 magnus
2812 3121 3121 3179 Pachomius
3150 3140 3329 3183 contra
3372 3148 3464 3184 an-

1837 3196 1881 3259 C
1909 3201 2080 3268 gelum
2111 3202 2306 3255 diceret
2345 3219 2462 3259 esse
2502 3222 2690 3273 paucas
2712 3213 3005 3281 orationes,
3037 3216 3084 3269 ei
3136 3219 3259 3272 dicit
3302 3236 3465 3292 ange-

1912 3290 2027 3342 lus:
2064 3290 2165 3342 llas
2197 3294 2465 3357 consului,
2501 3304 2555 3347 ut
2588 3300 2729 3361 parvi
2777 3316 2987 3369 quoque
3032 3308 3229 3373 possint
3282 3290 3463 3376 proce-

1910 3378 2036 3431 dere
2057 3380 2120 3431 ad
2151 3382 2519 3445 perliciendum
2552 3388 2803 3454 regulam,
2834 3406 2927 3444 nec
2956 3395 3033 3447 eis
3054 3397 3123 3448 sit
3143 3400 3421 3454 molestum
3446 3420 3461 3465 ;

1909 3470 1995 3537 qui
2026 3483 2202 3522 autem
2233 3482 2352 3523 sunt
2383 3473 2621 3541 perfecti,
2672 3493 2702 3529 n
2728 3495 2774 3531 in
2806 3496 2935 3547 opus
2985 3484 3175 3539 habent
3218 3499 3273 3541 ut
3322 3490 3465 3558 leges

1910 3562 1987 3615 eis
2018 3562 2283 3626 ferantur;
2333 3580 2452 3616 nam
2494 3580 2612 3618 cum
2656 3583 2747 3634 per
2776 3584 2834 3623 se
2876 3584 2995 3625 sunt
3028 3576 3077 3627 in
3108 3578 3277 3639 cellis,
3306 3590 3477 3635 totam-

1913 3662 2060 3701 suam
2095 3651 2251 3703 vitam
2282 3652 2576 3707 attribuunt
2591 3660 3039 3725 contemplationi.
3076 3664 3167 3717 llis
3193 3678 3365 3722 autem
3390 3670 3465 3724 le-

1910 3755 2026 3808 gem
2060 3743 2172 3804 tuli,
2201 3743 2287 3809 qui
2320 3754 2547 3797 mentem
2578 3748 2793 3801 minime
2832 3750 3022 3803 habent
3063 3755 3464 3822 intelligentem.

1912 3833 2124 3885 utsicut
2160 3833 2295 3886 servi
2326 3844 2681 3900 contumaces,
2712 3850 2851 3891 metu
2898 3842 3095 3895 domini
3144 3856 3313 3899 totum
3350 3849 3469 3904 vita:

1912 3922 2205 3975 institutum
2244 3923 2543 3993 implentes,
2576 3943 2761 3982 secure
2800 3939 2855 3983 et
2890 3933 3051 3986 libere
3082 3935 3292 4002 degant.
3326 3939 3458 3994 Cum

1911 4010 2025 4065 haec
2053 4012 2350 4067 ordinasset
2396 4017 2635 4083 angelus,
2680 4027 2732 4072 et
2778 4021 3048 4089 implesset
3089 4028 3464 4095 ministerium,

1910 4103 2125 4157 recessit
2154 4120 2180 4156 a
2210 4121 2397 4172 magno
2437 4108 2736 4163 Pachomio.
2778 4110 2913 4165 Sunt
2938 4124 3109 4169 autem
3145 4120 3255 4172 hzec
3286 4136 3468 4175 mona-

1909 4192 2069 4245 steria
2102 4208 2217 4260 quae
2250 4195 2467 4247 formam
2497 4197 2629 4250 hanc
2657 4200 3018 4264 obtinuerunt,
3051 4206 3292 4261 habentia
3324 4213 3468 4263 viro-

1911 4294 2025 4333 rum
2058 4280 2267 4331 circiter
2297 4292 2499 4348 septem
2548 4286 2731 4337 millia.
2786 4287 2879 4342 Est
2922 4302 3095 4346 autem
3142 4294 3363 4361 primum
3413 4308 3467 4352 et

1911 4382 2154 4436 magnum
2191 4371 2589 4436 monasterium,
2644 4375 2829 4444 inquo
2878 4378 2991 4446 ipse
3035 4383 3235 4437 habitat
3281 4386 3466 4443 beatus

1911 4454 2241 4521 Pachomius,
2276 4458 2414 4526 quod
2442 4460 2542 4513 alia
2584 4464 2781 4530 peperit
2814 4473 3150 4533 monasteria.
3183 4476 3463 4532 continens

252 4560 428 4602 amem
452 4549 684 4602 diversas
714 4552 876 4605 cenas
908 4554 957 4606 ίη
989 4557 1172 4609 eadem
1207 4559 1349 4624 aula,
1384 4569 1436 4613 ει
1460 4571 1563 4614 "es
1592 4565 1644 4616 in
1675 4566 1807 4619 cena
1837 4551 1887 4610 ι)
1912 4558 2187 4599 numerum
2230 4547 2442 4601 circiter
2486 4551 2631 4603 mille
2669 4554 3167 4623 quadringentorum
3199 4564 3449 4620 virorum.

251 4650 516 4694 maneant.
549 4640 803 4696 Omnibus
818 4653 992 4698 autem
1016 4647 1166 4700 cibus
1192 4649 1245 4701 in
1269 4664 1369 4702 una
1395 4650 1549 4709 domo
1572 4666 1805 4723 paretur.

252 4730 522 4783 Dormiant
576 4742 747 4785 autem
805 4748 908 4786 non
956 4738 1341 4807 recumbentes,
1386 4743 1478 4795 sed
1528 4748 1806 4801 exstructis

249 4820 348 4872 sibi
378 4820 588 4872 sedibus
621 4821 776 4887 paulo
804 4823 1176 4889 supinioribus,
1202 4837 1254 4881 et
1278 4828 1387 4883 illic
1413 4832 1521 4885 suis
1550 4833 1803 4901 impositis

251 4911 495 4976 stragulis
523 4910 783 4963 dormiant
808 4915 1072 4968 sedentes.
1106 4918 1268 4971 Noctu
1293 4930 1467 4974 autem
1496 4934 1701 4991 gestent
1729 4926 1803 4979 le-

238 5000 455 5055 bitones
486 5001 674 5063 Iineos,
706 5004 977 5057 succincti.
1012 5005 1211 5060 llabeat
1240 5013 1597 5080 unusquisque
1629 5030 1692 5067 ex
1724 5016 1803 5069 his

249 5088 438 5154 pellem
462 5088 668 5140 ovillam
692 5091 862 5142 albam
888 5092 1195 5157 laboratam,
1220 5097 1416 5164 absque
1438 5115 1496 5152 ea
1524 5116 1691 5171 neque
1714 5118 1803 5157 co-

245 5175 481 5239 medaut,
507 5192 674 5245 neque
696 5179 973 5234 dormiant.
992 5183 1344 5251 lngredicntcs
1366 5198 1537 5243 autem
1561 5195 1624 5245 ad
1650 5194 1801 5248 ειη-ἰν

244 5268 311 5321 sti
341 5270 763 5323 communionem
804 5272 1035 5327 Sabbato
1078 5286 1131 5329 et
1179 5278 1466 5344 Dominfca,
1502 5296 1659 5336 zonas
1697 5286 1801 5339 sol-

245 5366 387 5420 vant,
413 5366 463 5410 et
486 5360 673 5426 pellem
699 5363 905 5415 ovillam
930 5364 1215 5430 deponant,
1250 5380 1300 5421 et
1330 5385 1446 5422 cum
1466 5373 1572 5424 sola
1598 5375 1799 5427 cuculla

244 5445 623 5515 ingrediantur.
659 5449 801 5504 Fecit
832 5464 1003 5505 autem
1029 5456 1105 5507 eis
1127 5459 1361 5510 cucullus
1390 5461 1503 5514 sine
1528 5462 1663 5515 villis
1687 5461 1800 5533 (78)

246 5546 489 5602 tanquam
524 5539 715 5604 pueris,
750 5541 798 5593 in
832 5544 1021 5610 quibus
1061 5546 1216 5599 etiam
1244 5548 1400 5615 jussit
1426 5550 1624 5617 imponi
1672 5554 1799 5623 ligu-

244 5640 353 5680 tam
386 5628 559 5683 crucis
597 5645 887 5696 purpurea}.
921 5632 1081 5688 .Iussit
1111 5646 1285 5691 autem
1313 5654 1431 5695 esse
1457 5643 1637 5711 viginti
1666 5660 1795 5712 qua-

2430 4657 2655 4714 CAPUT
2698 4662 2933 4720 XXXIX.

2278 4746 2393 4799 Vila
2422 4749 2611 4803 abbatis
2646 4753 2921 4821 Aplttltont'i
2964 4759 3096 4827 (80).

1982 4835 2121 4890 Inter
2136 4851 2267 4905 quos
2294 4850 2375 4892 est
2394 4840 2549 4894 etiam
2573 4859 2756 4897 servus
2781 4846 2869 4900 Dei
2885 4850 2972 4916 qui
2991 4862 3205 4907 vocatur
3222 4855 3463 4924 Aphtho-

1905 4932 2043 4995 nius,
2084 4936 2172 5000 qui
2204 4944 2283 4987 est
2307 4934 2434 4987 mihi
2456 4951 2738 5002 germanus
2768 4954 2828 4993 ac
2853 4941 3095 4996 sincerus
3124 4947 3345 5011 amicus,
3372 4949 3462 5017 q-ii

1904 5034 2043 5074 nunc
2072 5022 2273 5075 obtinet
2316 5025 2604 5079 secundum
2648 5028 2817 5081 locum
2868 5030 2918 5083 in
2969 5032 3055 5084 illo
3116 5040 3463 5094 tuouasteriu.

1906 5110 2072 5175 Quem
2106 5121 2160 5165 ut
2181 5114 2266 5178 qui
2298 5114 2363 5165 sit
2394 5125 2575 5180 potens
2605 5116 2656 5169 in
2687 5118 2917 5183 Christo,
2950 5123 3232 5191 firmusque
3262 5140 3322 5179 ac
3351 5139 3461 5181 sta-

1906 5199 2044 5266 bilis,
2075 5215 2171 5253 uec
2196 5199 2347 5255 facile
2373 5203 2563 5257 offendi
2597 5208 2780 5273 possit,
2814 5210 3026 5265 mittunt
3071 5216 3134 5265 ad
3179 5229 3304 5269 suos
3337 5232 3464 5273 usus

1905 5291 2298 5355 Alexandriam,
2348 5305 2401 5346 ut
2448 5298 2635 5349 vendat
2664 5300 2872 5363 quidem
2905 5316 3085 5355 eorum
3109 5320 3287 5372 opera.
3317 5320 3461 5363 emat

1902 5388 2073 5431 autem
2110 5395 2223 5445 qua:
2254 5393 2373 5433 sunt
2396 5383 2471 5436 eis
2498 5388 2812 5440 necessaria.
2843 5388 2973 5441 Sunt
2997 5402 3171 5445 autem
3200 5394 3300 5445 alia
3321 5411 3454 5463 quo-

1900 5482 2002 5533 que
2033 5471 2347 5521 monasteria
2375 5487 2487 5536 qua:
2513 5484 2755 5527 constant
2780 5493 2844 5529 ex
2866 5479 3104 5532 ducentis
3127 5492 3180 5535 et
3204 5488 3457 5538 trecentis

1901 5558 2175 5611 animabus
2229 5562 2265 5612 ¹.
2311 5564 2479 5630 Atque
2521 5564 2570 5616 in
2615 5564 2773 5620 l'auis
2800 5569 3007 5636 quidem
3041 5572 3308 5643 ingressus
3336 5588 3454 5629 sum

1900 5646 2163 5701 civitatem
2196 5648 2333 5719 (8|),
2367 5651 2416 5703 in
2464 5667 2561 5720 qua
2594 5654 2967 5713 monasterium
2995 5671 3199 5716 constat
3224 5677 3287 5717 ex
3320 5664 3447 5717 viris

317 5736 333 5766 ⁸
366 5734 464 5792 llic
508 5740 746 5806 quadam
777 5742 828 5797 in
871 5744 1075 5811 Gnaeo,
1122 5761 1239 5815 qua:
1289 5749 1447 5804 habet
1495 5751 1796 5811 Heraclides
1834 5770 1950 5822 cap.
1980 5759 2059 5813 I9.
