4258 6358
778 388 802 441 1
817 392 920 447 105

790 630 911 683 quae
936 622 1239 683 supersunt,
1269 612 1526 667 mdificant
1548 611 1660 683 (82)
1685 616 1841 667 etiam
1867 616 2144 668 mulierum
2166 631 2345 669 mona-

791 707 973 766 steria,
1014 713 1069 758 et
1114 703 1402 757 custodias.
1447 703 1596 756 Mane
1626 717 1751 771 ergo
1794 714 2069 769 surgentes
2098 705 2130 757 ii
2160 707 2348 772 quibus

788 812 883 849 sua
915 796 1031 849 vice
1060 794 1159 846 hoc
1190 808 1379 846 munus
1405 792 1646 859 obtingit,
1678 792 1763 844 alii
1796 794 2004 859 quidem
2044 805 2165 847 sunt
2192 809 2349 847 occu-

800 890 903 956 pati
927 890 977 942 in
999 891 1192 953 culina,
1217 889 1305 941 alii
1336 903 1460 941 vero
1483 896 1758 940 versantur
1782 887 1831 939 in
1857 890 2053 940 mensis
2078 889 2343 953 parandis,

790 992 989 1031 mensa:
1012 980 1338 1046 imponentes
1368 990 1528 1044 panes
1548 986 1599 1029 et
1616 976 1756 1028 olera
1785 976 2031 1046 agrestia,
2050 976 2233 1039 olivas,
2259 990 2347 1029 ca-

791 1083 935 1132 seos,
962 1078 1015 1121 et
1041 1079 1304 1122 extremas
1330 1066 1566 1120 carnium
1597 1074 1791 1133 partes.
1817 1073 1871 1117 et
1895 1065 2215 1118 comminuta
2238 1065 2347 1119 ole-

791 1173 869 1211 ra.
902 1161 1069 1227 Atque
1091 1158 1455 1225 ingrediuntur
1475 1157 1706 1224 quidem,
1736 1154 1822 1224 qui
1850 1155 2022 1208 minus
2048 1164 2169 1207 sunt
2190 1157 2346 1208 robu-

789 1251 875 1311 sti,
907 1250 1030 1301 hora
1060 1251 1305 1315 septima,
1336 1258 1387 1303 et
1416 1249 1719 1309 comedunt,
1751 1254 1807 1298 ut
1834 1246 1919 1313 qui
1960 1245 2066 1298 sint
2110 1245 2345 1297 imbecil-

788 1336 977 1400 liores;
1011 1338 1095 1389 alii
1138 1351 1296 1399 nona,
1329 1335 1415 1389 alii
1456 1334 1680 1400 decima,
1713 1332 1800 1385 alii
1840 1346 1960 1385 sero
1990 1345 2228 1397 vespere,
2258 1330 2343 1382 alii

787 1438 909 1496 post
938 1428 1173 1492 biduum,
1206 1426 1294 1480 alii
1326 1434 1443 1493 post
1467 1425 1720 1487 triduum,
1746 1424 1830 1477 alii
1856 1432 1971 1490 post
1991 1422 2341 1490 quatriduum,

786 1517 874 1569 alii
900 1524 1017 1583 post
1044 1517 1275 1585 quinque
1295 1516 1430 1579 dies,
1456 1513 1588 1566 adeo
1607 1521 1664 1566 ut
1689 1512 2098 1581 unumquodque
2118 1512 2346 1565 elemen-

786 1614 895 1659 tum
922 1608 1101 1658 horam
1134 1605 1395 1673 propriam
1435 1602 1715 1673 significet.
1757 1602 1847 1655 Sic
1876 1611 2050 1653 autem
2080 1609 2231 1652 erant
2256 1615 2345 1652 eo-

782 1710 901 1749 rum
933 1710 1142 1763 quoque
1169 1710 1327 1763 opera
1361 1710 1377 1748 :
1408 1694 1543 1747 alius
1570 1693 1778 1760 quidem
1805 1692 2005 1743 laborat
2034 1692 2085 1743 in
2108 1706 2235 1759 agro
2255 1705 2346 1743 co-

783 1783 965 1849 lendo,
1006 1786 1140 1838 alius
1179 1786 1231 1838 in
1257 1785 1429 1846 horto,
1461 1783 1592 1835 alius
1621 1783 1673 1835 in
1704 1781 1944 1849 pistrino.
1977 1782 2111 1833 alius
2141 1782 2191 1833 in
2221 1780 2344 1833 reris

2230 394 2548 451 PALLADII

790 524 1061 579 trecentis.
1118 523 1377 577 Exercent
1411 533 1591 576 autem
1640 537 1851 576 omnem
1882 532 2072 584 artem.
2103 532 2160 579 et
2188 539 2249 580 ex
2284 526 2345 580 iis
2374 526 2425 585 Α

3888 399 4030 453 HN

3030 534 3254 590 CAPUT
3291 528 3429 589 XLI.

2592 618 2667 671 De
2717 618 2924 692 Virgine
2974 622 3085 692 (86)
3126 639 3241 693 qme
3276 622 3551 676 simulabat
3586 622 3873 674 stultitiam.

2519 706 2571 760 In
2604 712 2702 763 hoc
2727 716 3048 767 monasterio
3070 714 3166 767 fuit
3187 715 3284 766 a‘iia
3310 716 3454 780 virgo
3477 727 3596 779 quae
3623 724 3836 780 propter
3863 711 4021 765 Chri-

2446 805 2583 850 stum
2607 801 2887 854 simulabat
2915 805 3188 857 stultitiam
3211 804 3440 872 (Pelag.,
3459 804 3617 856 libell.
3643 819 3792 864 xvm,
3822 822 3874 854 ri.
3908 805 4019 865 l9).

2446 903 2501 943 et
2572 904 2629 942 se
2704 905 2731 942 a
2808 890 3052 945 daemone
3144 895 3408 959 occupari,
3440 893 3765 957 persuadens
3789 893 3887 945 sibi
3926 908 4021 958 per

2448 973 2566 1028 lucc
2587 976 2835 1031 virtutem
2864 982 3063 1043 optimo
3091 996 3367 1046 exercere,
3401 998 3460 1035 se
3484 984 3534 1034 in
3562 998 3622 1035 ea
3651 985 3905 1049 przeclare
3925 999 4015 1050 ge-

2447 1079 2591 1133 rens,
2623 1082 2783 1133 seque
2815 1072 3041 1124 reddens
3064 1072 3320 1138 abjectam
3351 1082 3404 1125 et
3448 1074 3717 1126 humilem.
3755 1074 3899 1125 lianc
3929 1090 4019 1126 us-

2444 1170 2547 1221 que
2595 1157 2728 1209 adeo
2770 1160 2992 1233 reliquae
3036 1170 3159 1213 sunt
3206 1172 3521 1228 aspernatae,
3574 1171 3630 1215 ut
3676 1177 3771 1214 nec
3803 1177 3920 1213 cum
3952 1177 4015 1215 ea

2446 1244 2654 1309 quidem
2683 1258 3046 1312 vescerentur,
3086 1250 3134 1301 id
3170 1251 3257 1301 illa
3301 1251 3595 1317 excipiente
3642 1266 3762 1304 cum
3810 1252 4012 1305 Iretitia.

2451 1332 2759 1388 Discurrens
2791 1338 2966 1404 itaque
2996 1338 3044 1390 in
3076 1340 3327 1403 culinam,
3374 1340 3657 1392 exhibebat
3700 1341 3818 1391 aliis
3856 1354 4019 1393 omne

2445 1437 2613 1490 genus
2636 1426 3007 1489 ministerium,
3029 1428 3160 1480 adeo
3190 1436 3249 1480 ut
3276 1442 3373 1481 nec
3404 1430 3585 1481 horam
3613 1429 3825 1493 quidem
3852 1444 4012 1483 unam

2447 1510 2841 1579 intermitteret,
2872 1517 2964 1569 sed
2996 1524 3245 1585 tanquam
3277 1518 3467 1571 ancilla
3498 1518 3717 1570 serviret
3748 1536 3762 1571 :
3793 1528 4017 1586 eratque

2445 1598 2558 1652 inec
2588 1602 2758 1665 beata,
2790 1612 2845 1655 ut
2870 1604 3079 1666 dicitur,
3108 1607 3327 1673 spongia
3354 1608 3681 1668 monasterii,
3705 1622 3889 1659 revera
3915 1609 4018 1659 im-

2446 1690 2596 1754 plens
2625 1692 2674 1743 id
2707 1693 2845 1759 σμιοά
2894 1694 3145 1760 scriptum
3193 1704 3275 1747 est
3314 1697 3367 1748 in
3416 1696 3740 1764 Evangelio:
3771 1698 3870 1761 Qui
3904 1700 4017 1751 vult

2446 1778 2585 1832 inter
2607 1795 2699 1833 vos
2726 1796 2843 1833 esse
2866 1797 3104 1850 magnus,
3128 1784 3194 1835 sit
3222 1785 3453 1837 omnium
3478 1798 3679 1849 servus,
3702 1794 3754 1838 et
3773 1788 4015 1839 omnium

782 1876 1017 1941 officina,
1049 1877 1181 1930 alius
1209 1877 1260 1930 iii
1304 1873 1631 1938 fabricando,
1671 1874 1805 1926 alius
1848 1874 1900 1925 in
1940 1881 2054 1925 arte
2098 1871 2329 1936 fullonia,
2372 1878 2419 1935 Β
2447 1870 2684 1923 minister
2715 1871 2925 1936 (illatua.
2962 1889 3064 1934 xx;
3100 1872 3263 1926 Marc.
3297 1874 3375 1940 x).
3417 1874 3481 1926 Et
3524 1888 3705 1927 rursus
3754 1875 3876 1926 alibi
3916 1876 4017 1929 :Si

781 1969 915 2021 alius
939 1969 988 2021 in
1019 1967 1266 2034 parandis
1293 1967 1449 2021 coriis
1476 1966 1610 2035 (83),
1643 1966 1774 2018 alius
1806 1966 1855 2017 in
1884 1965 2201 2018 consuendis
2228 1965 2343 2017 cal-

780 2058 912 2121 ceis,
937 2058 1068 2111 alius
1099 2057 1150 2109 iu
1174 2056 1389 2124 pulchre
1412 2054 1709 2115 scribendo,
1736 2052 1869 2106 alius
1890 2052 2204 2106 contexebat
2230 2067 2343 2105 ma-

780 2161 911 2212 gnas
941 2155 1169 2213 sportas,
1201 2146 1334 2199 alius
1359 2145 1616 2198 canistros
1645 2153 1699 2198 et
1727 2143 2014 2209 sportulas.
2040 2142 2343 2196 Memoriter

781 2250 954 2293 autem
986 2253 1170 2292 omnes
1192 2247 1505 2305 expromunt
1535 2236 1853 2303 Scripturas.

857 2330 1055 2381 llorum
1083 2340 1164 2381 est
1194 2328 1470 2380 mulierum
1493 2340 1701 2393 quoque
1724 2325 2101 2378 monasterium
2131 2324 2343 2379 circiter

782 2419 1303 2487 quadringentarum,
1335 2416 1473 2485 quod
1506 2418 1665 2470 habet
1708 2416 1945 2469 eamdem
1978 2415 2184 2469 vivendi
2236 2416 2345 2469 for-

782 2524 922 2562 tnam
950 2519 1001 2561 et
1030 2508 1171 2562 idem
1205 2506 1520 2567 institutum,
1555 2514 1745 2572 praeter
1768 2504 1952 2571 pellem
1984 2504 2218 2556 ovillam.
2275 2503 2341 2557 Et

782 2608 905 2652 sunt
933 2598 1142 2666 quidem
1174 2597 1423 2649 mulieres
1465 2603 1610 2648 trans
1638 2595 1850 2646 ﬂuvium
1882 2592 2085 2657 Nilum;
2117 2593 2213 2645 viri
2244 2607 2339 2646 au-

786 2699 892 2743 tem
914 2703 977 2741 ex
1008 2687 1231 2741 adverso
1264 2700 1465 2739 earum.
1499 2684 1556 2738 Si
1586 2685 1733 2753 virgo
1761 2692 1932 2736 autem
1963 2682 2171 2747 obierit,
2216 2683 2339 2736 reli-

782 2796 901 2849 qua:
919 2782 1147 2849 virgines
1176 2794 1294 2833 cum
1313 2793 1427 2832 eam
1453 2778 1514 2830 ad
1537 2777 1857 2844 sepulturam
1882 2776 2336 2838 concinnaverint,

781 2869 1026 2928 efferunt.
1060 2878 1113 2923 et
1138 2883 1251 2922 eam
1276 2876 1477 2936 ponunt
1508 2868 1573 2919 ad
1602 2866 1769 2935 ripam
1802 2866 1963 2920 ﬂuvii.
1995 2866 2340 2934 Trajicientcs

780 2967 956 3012 autem
990 2957 1179 3010 fratres
1198 2971 1317 3009 cum
1351 2956 1536 3022 palmis
1561 2964 1613 3008 et
1642 2956 1801 3007 ramis
1830 2954 1981 3006 oliva:
2025 2964 2076 3007 et
2111 2956 2339 3020 psalmo-

780 3047 889 3111 dia,
940 3060 1057 3099 eam
1089 3046 1468 3107 transmittunt,
1500 3046 1627 3097 etin
1672 3044 1781 3096 suis
1820 3047 2149 3097 monimentis
2190 3059 2339 3110 sepe-

783 3137 935 3189 liuut.
971 3136 1171 3189 Praeter
1193 3135 1554 3204 presbyterum
1578 3144 1749 3186 autem
1772 3143 1822 3185 et
1848 3134 2125 3185 diaconum
2167 3133 2337 3185 nullus

784 3224 977 3278 transit
1003 3224 1066 3276 ad
1100 3223 1473 3277 monasterium
1504 3220 1837 3283 feminarum,
1870 3220 2022 3288 idque
2050 3221 2133 3273 die
2163 3220 2337 3273 Domi-
2365 3236 2410 3296 ς

778 3315 918 3368 nico.

1373 3402 1594 3458 CAPUT
1632 3403 1737 3457 XL.

780 3514 855 3569 De
905 3514 1114 3585 Virgine
1170 3513 1306 3585 (ει),
1348 3516 1411 3568 de
1452 3532 1551 3596 qua
1592 3515 1765 3594 fuerat
1812 3514 2001 3566 dictum
2043 3516 2228 3583 falsum
2272 3525 2342 3569 te-

1404 3596 1711 3638 alimonium.

850 3698 904 3750 In
936 3696 1037 3749 hoc
1064 3697 1387 3750 monasterio
1422 3694 1731 3747 feminarum
1765 3694 1876 3745 haec
1899 3707 1981 3745 res
2008 3692 2215 3745 accidit.
2240 3694 2340 3746 Su-

773 3799 856 3842 tor
883 3787 1154 3842 szccularis
1175 3801 1294 3841 cum
1326 3786 1621 3853 traiecisset
1659 3798 1750 3852 per
1781 3784 2152 3851 ignorantiam,
2192 3798 2337 3849 qure-

771 3876 1076 3943 rebatOpus
1107 3891 1122 3930 :
1153 3889 1365 3943 egressa
1396 3884 1569 3926 autem
1604 3888 1703 3925 una
1729 3872 1904 3937 junior
1930 3886 2083 3938 quam
2105 3873 2219 3937 ejus
2247 3886 2340 3939 po-

771 3967 994 4021 stularet
1020 3967 1153 4020 ratio
1184 3966 1286 4034 (est
1326 3964 1468 4018 enim
1516 3962 1664 4015 locus
1708 3961 1969 4029 desertus)
2016 3960 2176 4012 invita
2216 3974 2337 4013 eum

773 4060 1040 4120 convenit,
1082 4058 1332 4123 deditque
1361 4056 1407 4109 ei
1434 4068 1743 4120 responsura
1777 4070 1789 4104 :
1819 4052 1923 4105 Nos
1946 4051 2206 4104 habemus
2237 4064 2336 4103 no-

771 4158 911 4201 stros
932 4158 1161 4201 sutores.
1184 4147 1298 4200 Alia
1320 4154 1491 4197 autem
1508 4157 1623 4211 quae
1642 4141 1755 4209 ejus
1779 4140 2337 4207 videratcolloquium,

771 4253 891 4291 cum
924 4252 1174 4303 processu
1207 4236 1462 4304 temporis
1505 4233 1643 4286 inter
1676 4246 1767 4285 eas
1800 4241 1982 4283 exorta
2023 4240 2163 4284 esset
2210 4244 2336 4282 con-

772 4327 963 4390 tentio,
986 4342 1050 4379 ex
1079 4326 1281 4379 diaboli
1312 4326 1669 4390 suggestione,
1692 4337 1798 4390 prie
1826 4335 2027 4373 summa
2059 4319 2255 4372 malitia
2284 4328 2338 4373 et

773 4415 935 4469 animi
969 4413 1405 4468 excandescentia
1434 4426 1551 4464 eam
1578 4410 1894 4463 calumniata
1932 4418 2015 4463 est
2048 4407 2182 4473 apud
2228 4406 2334 4458 fra-

773 4504 1075 4558 ternitatem
1104 4510 1321 4570 propter
1348 4500 1398 4553 id
1424 4497 1765 4567 colloquium.
1810 4497 1941 4550 Cum
1983 4511 2083 4563 qua
2112 4509 2335 4549 concur-

2448 1962 2565 2027 quis
2584 1960 2791 2013 videtur
2820 1976 2937 2015 esse
2966 1963 3100 2015 inter
3128 1978 3220 2015 vos
3246 1965 3459 2032 sapiens
3487 1965 3537 2018 iu
3568 1964 3664 2016 hoc
3692 1968 3910 2031 szeculo,
3946 1968 4017 2021 sit

2445 2052 2635 2103 stultus
2668 2063 2719 2103 ut
2749 2054 2836 2104 fiat
2866 2054 3077 2121 sapiens
3104 2054 3152 2122 (Ι
3179 2054 3299 2109 Cor.
3330 2055 3431 2123 ut).
3456 2058 3626 2124 Atque
3653 2058 3874 2111 aliarum
3901 2062 4018 2125 qui-

2445 2142 2563 2195 dem
2587 2143 2842 2212 virginum
2863 2155 2978 2197 erat
3006 2145 3262 2212 ejusmodi
3292 2147 3517 2210 habitus,
3550 2157 3800 2200 utessmt
3824 2159 4016 2213 tonsae,

2443 2240 2495 2283 et
2520 2232 2775 2286 haberent
2802 2236 3033 2287 cucullos
3061 2234 3111 2286 iti
3138 2235 3342 2302 capite;
3372 2237 3479 2302 ipsa
3504 2251 3629 2289 vero
3652 2251 3824 2303 panno
3853 2250 4015 2305 caput

2444 2321 2690 2376 obvoluta
2722 2324 2897 2376 obibat
2940 2339 3120 2378 earnm
3171 2327 3406 2379 omnium
3462 2328 3833 2381 ministerium.
3883 2331 4012 2382 Eam

2444 2412 2586 2464 nulla
2615 2426 2677 2465 ex
2702 2414 3097 2482 quadringentis
3128 2414 3253 2467 vidit
3279 2414 3610 2469 mandentem
3634 2421 3880 2471 omnibus
3906 2434 4006 2471 au-

2446 2501 2525 2553 nis
2548 2503 2665 2555 vine
2690 2517 2818 2556 sum.
2843 2504 2894 2556 In
2921 2520 3097 2557 mensa
3129 2519 3389 2573 nunquam
3409 2506 3563 2571 sedit,
3592 2522 3760 2577 neque
3776 2524 4013 2577 unquam

2443 2592 2792 2659 fragmentum
2843 2596 2993 2663 panis
3041 2595 3290 2660 comedit,
3349 2598 3442 2651 sed
3493 2598 3655 2651 micas
3704 2614 4013 2653 mensarum

2443 2686 2658 2752 spongia
2689 2685 2964 2752 colligens,
2999 2694 3051 2739 et
3073 2685 3203 2739 ollas
3231 2686 3429 2751 lavans,
3465 2688 3543 2740 his
3582 2697 3693 2741 erat
3732 2700 4008 2744 contenta.

2442 2775 2621 2843 Neque
2644 2791 2771 2830 vero
2794 2791 2855 2829 ea
2881 2792 3106 2845 unquam
3131 2778 3301 2830 induit
3324 2778 3549 2837 calceos,
3580 2794 3747 2846 neque
3776 2781 4011 2847 aliquem

2442 2866 2614 2919 affecit
2646 2868 2981 2928 contumelia,
3014 2882 3115 2919 non
3149 2868 3517 2933 murmuravit,
3550 2882 3651 2919 non
3684 2883 3907 2935 parvum
3931 2871 4013 2923 vel

2444 2972 2685 3025 magnum
2716 2957 2839 3025 quid
2863 2967 2942 3009 est
2973 2958 3163 3019 locuta,
3208 2957 3307 3011 etsi
3344 2957 3658 3009 contumelia
3685 2956 4012 3021 afﬁceretur,

2442 3057 2489 3098 et
2526 3050 2710 3114 pugnis
2738 3047 3065 3111 tunderetur,
3114 3056 3168 3100 et
3214 3046 3509 3100 maledictis
3564 3056 3926 3115 appeteretur,
3960 3060 4015 3102 et

2444 3137 2650 3205 plurimi
2671 3151 2785 3191 eam
2802 3136 3256 3190 abominarentur.

3015 3246 3238 3300 CAPUT
3278 3246 3429 3300 XL".

2943 3337 3016 3391 De
3059 3348 3231 3391 sancto
3278 3337 3517 3390 Pitirum.

2519 3431 2589 3483 De
2622 3432 2715 3483 hac
2744 3441 2945 3497 sancta,
2974 3441 3155 3483 sancto
3186 3430 3405 3483 Pitirum
3433 3430 3787 3492 anachoreta),
3813 3430 3905 3495 qui
3931 3445 4015 3482 se-

2445 3518 2595 3571 debat
2625 3520 2673 3571 in
2700 3520 3029 3589 Porpliyrite,
3052 3520 3165 3571 viro
3188 3519 3555 3587 probatissimo
3573 3518 3623 3570 in
3643 3519 3835 3571 virtute
3858 3534 4016 3571 exer-

2444 3609 2725 3674 citationis,
2756 3610 2920 3661 astitit
2938 3609 3175 3661 revelans
3199 3608 3415 3675 angelus
3434 3606 3663 3677 (Pelag.,
3682 3608 3843 3659 libell.
3864 3623 4013 3670 xviii,

2444 3716 2581 3750 unm.
2620 3700 2703 3760 l9,
2736 3700 2818 3750 ubi
2840 3700 3023 3750 dicitur
3048 3696 3357 3766 Pyolerius),
3386 3698 3471 3764 qui
3502 3699 3546 3749 ei
3578 3696 3745 3748 dixit:
3781 3694 3890 3747 Cur
3923 3698 4012 3748 tibi

2444 3791 2642 3855 places,
2676 3798 2729 3841 et
2771 3799 2819 3841 te
2851 3788 3123 3854 magnifice
3169 3786 3527 3853 circumspicis
3550 3786 3616 3838 ob
3645 3800 3703 3838 ea
3753 3801 3871 3853 qua:
3905 3802 3934 3837 ει
3968 3770 4015 3838 te

2444 3890 2587 3933 recte
2632 3887 2684 3933 et
2708 3893 2772 3931 ex
2804 3879 2995 3929 virtute
3027 3887 3276 3944 geruntur
3300 3916 3315 3938 ,
3348 3886 3403 3928 ut
3434 3876 3518 3942 qui
3550 3876 3621 3928 sis
3653 3876 3764 3939 pius
3806 3886 3857 3927 et
3890 3873 4016 3926 reli-

2442 3970 2641 4037 giosus,
2668 3977 2719 4020 et
2741 3967 2922 4020 sedeas
2956 3968 3005 4019 in
3037 3967 3134 4019 hoc
3166 3966 3315 4017 loco?
3340 3965 3422 4018 Vis
3448 3964 3626 4017 videre
3656 3964 3933 4015 muliereni
3964 3973 4014 4015 te

2442 4039 2611 4125 magis
2636 4057 2772 4123 piam
2797 4069 2855 4109 ac
2883 4055 3219 4123 religiosam?
3250 4054 3347 4106 Abi
3376 4056 3424 4105 in
3451 4054 3826 4105 monasterium
3856 4051 4011 4103 femi-

2442 4159 2625 4198 narum
2658 4145 3184 4211 Tabennesiotarum,
3228 4151 3283 4196 et
3311 4143 3544 4195 invenies
3575 4143 3677 4194 illic
3705 4156 3862 4193 unam
3892 4154 4015 4208 qua:

2444 4236 2601 4289 habet
2631 4236 2994 4289 redimiculum
3030 4233 3144 4303 (87)
3177 4235 3225 4285 in
3256 4234 3425 4300 capite
3453 4250 3467 4295 ;
3501 4246 3560 4284 ea
3588 4240 3665 4284 est
3696 4242 3744 4283 te
3772 4229 3964 4281 melior
3994 4243 4011 4280 :

2442 4343 2557 4395 qua:
2587 4342 2706 4378 cum
2739 4336 2880 4380 tanta
2910 4325 3056 4379 turba
3081 4325 3378 4383 decertans,
3420 4330 3475 4374 et
3500 4321 3744 4372 omnibus
3766 4318 4014 4371 indiscri-

2441 4415 2675 4467 minatim
2710 4416 2965 4479 serviens,
2999 4428 3092 4466 cor
3123 4426 3389 4479 nunquam
3431 4409 3646 4461 abduxit
3675 4423 3701 4459 a
3746 4407 3877 4471 Deo,
3911 4406 4014 4459 etsi

2440 4506 2505 4557 ab
2536 4506 2781 4558 omnibus
2801 4505 3026 4571 superbe
3055 4509 3439 4556 contemnatur.
3472 4498 3547 4550 Tu
3576 4507 3748 4549 autem
3798 4496 4011 4549 etiamsi

773 4602 956 4647 τετυηι
986 4607 1185 4660 Ρθυεαὲ.
1216 4605 1333 4659 qua
1371 4605 1477 4642 "00
1519 4590 1652 4643 ideo
1686 4602 1868 4654 magna
1900 4588 2204 4639 ferebamur
2234 4602 2337 4637 ma-
2368 4574 2414 4631 υ
2443 4594 2525 4646 hic
2554 4594 2760 4656 sedeas,
2790 4610 2885 4660 per
2912 4594 3072 4645 urbes
3095 4603 3269 4645 tamen
3312 4590 3517 4656 vagaris
3553 4589 3886 4655 cogitatione.
3921 4591 4010 4655 qui

776 4682 906 4735 litia.
926 4682 1018 4735 illa
1035 4690 1209 4735 autem
1227 4681 1407 4733 dolore
1428 4680 1682 4739 confecta,
1706 4686 1762 4729 ut
1778 4693 1892 4745 quae
1912 4677 2066 4729 talem
2085 4676 2333 4729 subiisset

776 4772 1117 4835 calumniam,
1140 4786 1257 4840 quae
1282 4786 1347 4824 ne
1370 4772 1419 4821 in
1448 4770 1560 4836 ejus
1590 4768 1800 4835 quidem
1832 4777 2060 4821 mentem
2090 4780 2324 4835 venerat,

776 4876 873 4916 nec
898 4877 1009 4916 rem
1038 4863 1293 4928 p0tuisset
1324 4860 1569 4922 tolerare,
1600 4874 1658 4913 se
1686 4859 1819 4911 clam
1858 4858 1983 4923 jecit
2011 4860 2061 4910 in
2094 4858 2327 4927 ﬂuvium,

776 4952 932 5005 et'sic
966 4950 1114 5005 obiit.
1158 4949 1285 5003 Cum
1329 4962 1501 5003 autem
1550 4948 1599 5003 id
1644 4952 1892 5003 sensisset
1930 4966 1990 5003 ea
2022 4965 2137 5017 qua:
2164 4951 2328 5016 ipsam

775 5041 949 5097 fuerat
969 5044 1303 5105 calumniata,
1336 5050 1389 5095 et
1410 5041 1625 5096 vidisset
1654 5057 1710 5094 se
1741 5042 2000 5095 malitiose
2029 5055 2142 5094 eam
2174 5041 2333 5094 fuisse

774 5132 1173 5193 calumniatam,
1205 5139 1258 5183 et
1284 5129 1382 5182 hoc
1408 5132 1577 5183 scelus
1604 5129 1715 5199 (85)
1747 5145 1775 5181 a
1799 5144 1855 5183 se
1876 5132 2239 5188 commissum.
2284 5138 2335 5183 et

777 5219 891 5287 ipsa
914 5234 1121 5288 quoque
1142 5234 1199 5271 se
1229 5217 1361 5271 clam
1391 5219 1683 5280 suﬂ'ocavit,
1708 5233 1825 5271 cum
1851 5218 2038 5271 factum
2064 5233 2203 5288 agre
2232 5217 2332 5271 fcr-

774 5319 878 5365 ret.
909 5310 1039 5363 Cum
1069 5319 1242 5362 autem
1273 5308 1502 5362 venisset
1533 5307 1827 5375 presbyter,
1872 5308 2081 5374 reliqua:
2108 5307 2335 5375 virgines

770 5404 821 5457 ei
846 5417 959 5457 rem
980 5402 1419 5456 renuntiaverunt
1450 5397 1635 5466 :juss'tt
1657 5399 1827 5467 itaque
1856 5413 1947 5465 pro
1982 5398 2120 5451 nulla
2150 5397 2333 5450 harum

775 5494 887 5547 fieri
925 5494 1270 5547 oblationem.
1318 5490 1567 5560 Reliquas
1595 5500 1770 5543 autem
1802 5499 2045 5557 tanquam
2078 5490 2335 5550 conscias,

771 5594 968 5646 ctqum
1014 5583 1425 5639 calumniantem
1470 5595 1573 5635 non
1622 5568 2075 5648 compescuerant,
2123 5586 2177 5631 et
2222 5592 2338 5646 qua:

772 5675 910 5728 dicta
941 5685 1063 5728 sunt
1105 5675 1458 5741 crediderant,
1507 5672 1836 5742 septennium
1885 5668 2202 5740 segregavit,
2246 5683 2337 5723 eas

772 5768 1255 5822 excomtuunicans.

2441 4680 2621 4734 orbem
2642 4681 2981 4732 habitabilem
2999 4695 3261 4744 nunquam
3281 4677 3491 4729 calcasti
3516 4677 3754 4743 pedibus.
3769 4674 4012 4741 Surgens

2441 4777 2614 4821 autem
2644 4784 2859 4836 magnus
2886 4766 3124 4834 Pitirum,
3158 4768 3294 4820 venit
3322 4781 3487 4832 usque
3510 4765 3575 4817 ad
3618 4765 4003 4816 monasterium

2438 4860 2963 4919 Tabeunesiotarum,
2991 4866 3043 4911 et
3065 4867 3211 4926 rogat
3234 4856 3508 4921 magistros
3532 4862 3587 4905 ut
3609 4854 3758 4905 liceat
3787 4853 3833 4903 ei
3858 4860 4009 4903 trauo

2439 4948 2541 5001 sire
2574 4963 2738 5015 usque
2768 4948 2829 4999 ad
2868 4950 3241 4999 monasterium
3274 4945 3621 5006 feminarum;
3674 4952 3728 4993 ut
3754 4942 3840 5008 qui
3866 4952 4013 4995 esset

2438 5052 2564 5107 ergo
2610 5037 2746 5090 inter
2792 5036 2972 5089 Patres
3012 5051 3211 5103 magnae
3264 5031 3685 5092 existimationis,
3733 5039 3786 5082 et
3817 5044 4009 5082 consea

2441 5128 2639 5180 nuisset
2666 5128 2715 5179 in
2735 5124 3130 5179 exercitatione.
3166 5124 3304 5175 bono
3333 5137 3392 5174 ac
3423 5121 3599 5174 fidenti
3629 5120 4006 5172 animotrans-

2440 5218 2601 5269 misso
2616 5217 2770 5269 ﬂuvio
2794 5230 2911 5269 eum
2935 5212 3353 5266 introduxerunt.
3384 5209 3511 5261 Cum
3538 5216 3710 5260 autem
3742 5218 4008 5269 orassent,

2441 5307 2588 5373 petiit
2616 5321 2834 5373 magnus
2880 5302 3097 5357 Pitirum
3129 5309 3185 5352 ut
3214 5300 3440 5367 virgines
3481 5312 3665 5350 omnes
3706 5311 3885 5349 coram
3942 5311 4004 5349 ex

2442 5394 2575 5448 facie
2600 5394 2824 5447 videret.
2872 5392 3000 5446 Cum
3028 5405 3213 5444 omnes
3244 5405 3367 5457 ergo
3395 5391 3445 5441 in
3476 5388 3703 5441 medium
3746 5386 4009 5439 accessis-

2443 5493 2579 5546 sent,
2612 5484 2695 5535 illa
2726 5498 2827 5535 non
2853 5482 3115 5549 apparuit.
3146 5480 3377 5533 Tandem
3402 5479 3532 5531 dicit
3568 5479 3644 5532 eis
3684 5485 3900 5529 sanctus
3924 5476 4012 5529 Pi-

2445 5575 2599 5626 tirum
2622 5573 2874 5626 :Cunctas
2896 5573 2958 5624 ad
2982 5586 3063 5624 me
3094 5570 3355 5623 adducite.
3379 5566 3509 5622 Cum
3528 5576 3699 5621 autem
3726 5566 4006 5621 dicerent:

2442 5662 2707 5717 Adsumus
2732 5675 2934 5723 omnes,
2958 5660 3084 5712 dicit
3113 5660 3191 5712 eis
3223 5676 3233 5709 :
3267 5657 3423 5712 Deest
3450 5672 3551 5710 una
3589 5670 3743 5723 quam
3774 5656 4011 5709 ostendit

2442 5753 2567 5808 mihi
2598 5751 2836 5820 angelus.
2869 5750 2959 5803 Eae
2990 5762 3114 5803 vero
3141 5749 3322 5802 dicunt
3353 5765 3364 5799 :
3422 5746 3589 5802 Unam
3621 5745 3882 5800 habemus
3909 5744 4008 5799 Sa-
