4258 6358
262 377 402 441 1105

1477 369 1843 435 HISTORIA
1876 369 2267 437 LAUSIACA.

3370 382 3508 450 1106

257 490 481 559 λαρίους
512 486 742 549 δώδεκα,
770 485 997 553 κναφεις
1025 482 1339 537 δεκαπέντε.
1381 482 1736 552 Ἑργάζονται
1761 479 1820 531 δὲ
1848 478 1897 538 Α
1925 478 2131 534 τούτων
2167 483 2411 552 μηδεμιᾷ
2461 484 2778 557 προσφορὰν
2832 486 3270 558 ἐπιτελεσθῆναι.
3314 491 3426 554 Τάς
3452 494 3510 546 δέ

254 576 436 626 πᾶσαν
472 571 692 638 τέχνην,
723 569 788 621 ἐκ
817 568 922 620 τῶν
950 566 1402 634 περισσευμάτων
1426 564 1835 633 οἰκονομοῦντες

253 657 349 708 καὶ
414 654 485 706 τά
532 652 643 704 τῶν
689 651 969 719 γυναικῶν
1020 653 1377 720 μοναστήρια.
1420 651 1514 702 καὶ
1566 649 1831 716 φυλακάς.

251 740 528 808 Τρέφουσι
581 734 637 787 δέ
687 736 782 787 καὶ
846 734 1084 804 χοίρους.
1143 733 1309 803 Ἐμοῦ
1360 734 1419 788 δίι
1459 734 1720 803 ψέγοντος
1775 733 1837 786 τὸ

253 823 511 888 πρᾶγμα.
546 818 767 885 λέγουσί
800 835 911 887 μοι·
955 817 1042 870 Ἐν
1072 821 1138 888 τῇ
1170 819 1463 889 παραδόσει
1492 820 1835 891 παρειλήφα-

250 922 374 970 μεν,
401 905 483 954 ὅτι
516 902 915 972 Τρεφέσθωσαν
949 904 1046 973 μὲν
1074 902 1161 955 διὰ
1183 902 1251 955 τά
1278 903 1629 973 σινιάσματα,
1654 903 1742 957 διὰ
1768 902 1837 956 τὰ

246 986 747 1056 ἅποκαθαρίσματα
780 988 891 1039 τῶν
932 988 1203 1058 λαχάνων,
1261 988 1350 1042 διὰ
1399 990 1467 1042 τὰ
1526 986 1834 1058 ῥιπτόμενα

247 1072 342 1137 ἀφ’
369 1070 602 1122 ἑκάστου
635 1069 1051 1140 περιττώματα,
1095 1072 1183 1125 ἵνα
1215 1071 1287 1141 μὴ
1334 1071 1687 1142 ζημιοῦνται.
1718 1069 1834 1124 Καὶ

248 1153 570 1206 θυέσθωσαν
624 1153 672 1203 οἱ
703 1155 897 1223 χοῖροι,
947 1156 1041 1208 καὶ
1070 1156 1131 1208 τδ
1171 1156 1338 1225 κρέας
1393 1157 1490 1226 μὲν
1524 1154 1835 1225 πιπρασκέ-

252 1238 391 1300 σθω,
413 1237 480 1289 τὰ
506 1236 561 1288 δέ
594 1236 740 1305 ἄκρα
766 1238 879 1297 τοῖς
903 1238 1150 1291 νοσοῦσιν
1172 1241 1397 1303 καὶτοῖς
1426 1240 1679 1312 γέρουσιν
1702 1242 1832 1293 άνα-

250 1319 655 1385 λισκέσθωσαν,
686 1318 764 1388 τῷ
802 1317 941 1374 εἶναι
990 1324 1217 1395 μετρίαν
1247 1325 1345 1393 τὴν
1384 1325 1566 1396 χώραν
1604 1326 1700 1379 καλ.
1740 1342 1837 1379 πο-

248 1402 631 1472 λυάνθρωπον.
694 1402 768 1456 Τὸ
817 1405 925 1473 γάρ
965 1407 1115 1470 ἐθνος
1155 1409 1263 1461 τῶν
1309 1410 1612 1479 Βλεμμύων
1654 1408 1837 1472 αὐτοῖς

254 1486 535 1553 παροικεῖ.
576 1486 935 1551 Ἀναστάντες
954 1484 1046 1541 οὖν
1069 1492 1118 1541 οἰ
1144 1492 1577 1561 ἐφημερεύοντες
1605 1490 1832 1561 δρθριοι·

252 1566 305 1617 οἰ
342 1566 443 1633 μέν
478 1567 607 1636 περί
641 1568 704 1620 τὸ
736 1574 1054 1643 μαγειρεῖον
1104 1573 1458 1641 ἀσχολοῦνται
1481 1590 1494 1603 ’
1527 1575 1577 1626 οί
1608 1572 1665 1625 δέ
1705 1573 1832 1643 περί

254 1648 353 1708 τὰς
381 1648 658 1717 τραπέζας
700 1650 962 1717 γίνονται.
1024 1653 1262 1707 Ἰστῶσιν
1310 1655 1401 1708 οὖν
1449 1656 1621 1717 αὐτάς
1674 1655 1834 1725 μέχρι

253 1730 445 1798 τρίτης
477 1730 624 1797 ῶρας
651 1734 1088 1804 άπαρτήσαντες,
1142 1739 1423 1801 ἐπιθέντες
1456 1739 1599 1791 κατὰ
1632 1738 1836 1807 τράπε-

1936 561 2125 626 λοιπάς
2152 565 2228 628 ὡς
2269 573 2572 629 συνειδυίας
2607 570 2702 622 καὶ
2753 568 2827 640 μὴ
2860 571 3255 639 είρηνευσάσας
3284 572 3383 642 τὴν
3416 591 3509 626 συ-

1935 662 2313 715 κοφαντωσαν,
2345 654 2479 706 ἀλλὰ
2514 648 2711 720 μᾶλλον
2741 655 3109 719 πιστευσάσας
3130 656 3200 710 τά
3219 659 3507 729 εἰρημένα,

1936 729 2231 786 ἑπταετίαν
2260 737 2534 806 ἀφώρισεν
2565 739 2963 808 ἀκοινωνήτους
2993 741 3245 811 ποιήσας.

2521 822 2768 876 ΚΕΦΛΛ.
2803 824 2939 877 MA'.

2200 903 2339 970 Περί
2366 904 2475 971 τῆς
2495 904 2971 973 ὑποκρινομένης
2989 906 3238 974 μωρίαν.

2019 984 2107 1037 Ἐν
2134 984 2308 1053 τούτῳ
2338 986 2416 1055 τῷ
2460 986 2803 1056 μοναστηρίῳ
2854 988 3122 1057 παρθένος
3177 1005 3262 1051 τις
3313 984 3383 1059 ἦν
3410 989 3508 1058 μία

1949 1065 2190 1138 Ἰσιδώρα
2214 1069 2545 1139 καλουμένη,
2576 1069 2665 1122 διὰ
2714 1072 2803 1122 τὸν
2837 1070 3070 1140 Χριστὸν
3103 1072 3507 1142 ὑποκρινομένη

1939 1148 2150 1218 μωρίαν
2176 1150 2269 1203 καί
2301 1150 2580 1222 δαιμονᾷν,
2626 1152 2938 1222 προθεμένη
2972 1152 3039 1205 δι’
3073 1154 3253 1207 αὐτῶν
3315 1171 3508 1225 κατορ·

1937 1229 2110 1284 θῶσαι
2139 1236 2237 1303 τὴν
2268 1234 2485 1302 ἀρετὴν,
2527 1238 2605 1295 εἰς
2635 1234 2802 1304 ἄκρον
2837 1237 3035 1303 ἑαυτὴν
3060 1235 3389 1288 ταπεινοῦσα
3419 1238 3510 1290 καὶ

1936 1315 2410 1379 κατευτελίζουσα.
2461 1316 2677 1385 Ταύτην
2717 1318 2809 1368 ἐπὶ
2858 1316 3111 1369 τοσοῦτον
3160 1317 3510 1384 ἐϐδελύξαντο

1936 1394 1991 1447 αἰ
2024 1396 2230 1460 λοιπαὶ,
2265 1398 2405 1450 ὥστε
2462 1399 2597 1469 μηδὲ
2640 1398 2943 1450 συνεσθίειν
2995 1400 3130 1467 αὐτῇ
3156 1440 3170 1460 ,
3207 1401 3301 1451 καὶ
3352 1401 3510 1454 τοῦτο

1937 1477 2151 1547 ἐκείνης
2188 1480 2327 1548 μετά
2373 1484 2547 1550 χαρᾶς
2590 1480 3054 1550 καταδεξαμένης.
3100 1481 3377 1553 Ἀλωμένη
3416 1481 3509 1537 οῦν

1936 1560 2067 1628 περί
2095 1560 2155 1612 τὸ
2176 1617 2188 1629 ,
2210 1567 2525 1632 μαγειρεῑον
2556 1561 2738 1629 ἐκείνη
2782 1563 2963 1614 πᾶσαν
3004 1565 3179 1615 ἐποίει
3209 1565 3512 1634 ὑπηρεσίαν

1937 1644 2137 1705 πάσαις
2183 1646 2392 1708 αὐταῖς,
2452 1646 2527 1706 ὡς
2582 1645 2741 1715 δούλη
2806 1646 3152 1697 ὖπακούουσα
3199 1649 3278 1710 εἰς
3330 1650 3510 1700 πᾶσαν

1940 1724 2206 1797 ὑπακοήν.
2238 1728 2346 1778 Καὶ
2374 1722 2442 1795 ἦν
2468 1725 2612 1795 αὕτη
2644 1729 2675 1797 η
2713 1730 3006 1795 μακαρῖτις
3061 1728 3141 1796 (τὸ
3180 1727 3244 1798 δὴ
3282 1727 3510 1798 λεγόμε-

254 1811 355 1873 ζαν
380 1812 603 1879 ἄρτους,
634 1813 901 1882 λαψάνας,
934 1817 1194 1881 συνθετὰς
1226 1819 1438 1883 ἐλαίας,
1480 1821 1641 1890 τυρὸν
1675 1820 1835 1889 βοῶν,
1867 1829 1909 1883 Β
1937 1813 2045 1877 νον)
2087 1810 2325 1877 σπόγγος
2354 1812 2453 1878 τῆς
2508 1811 2771 1871 συνοδίας*
2805 1810 2950 1877 ἔργῳ
2988 1811 3268 1880 πληροῦσα
3319 1813 3383 1864 τδ
3411 1830 3508 1880 γε·

251 1894 322 1945 τὰ
352 1894 495 1963 ἄκρα
520 1896 629 1948 τῶν
668 1898 865 1967 κρεῶν,
896 1900 987 1950 καὶ
1015 1901 1406 1970 λεπτολάχανα.
1458 1904 1612 1956 Εἰσὶν
1649 1899 1743 1956 οὖν
1782 1903 1831 1955 οἰ

252 1977 624 2045 εἰσερχόμενοι
655 1980 832 2031 άτονοι
868 1981 1034 2050 ἐκτην
1072 1983 1242 2049 ὥραν,
1293 1986 1388 2037 καὶ
1439 1986 1733 2047 ἐσθίοντες.
1767 1985 1830 2037 Ol

253 2058 542 2111 άσθενέστε
553 2078 632 2129 ροι
653 2063 991 2131 εἰσέρχονται
1008 2065 1158 2133 ὥραν
1176 2067 1429 2137 ἑϐδόμην,
1448 2068 1595 2122 ἄλλοι
1614 2068 1828 2139 ὀγδόην,

254 2141 403 2194 ἄλλοι
445 2144 691 2213 ἐννάτην,
752 2146 931 2213 ἐτεροι
960 2148 1222 2217 δεκάτην,
1272 2151 1421 2205 ἄλλοι
1460 2151 1698 2221 ἑσπέραν
1732 2151 1831 2220 βα-

259 2225 433 2277 θεῖαν.
476 2225 658 2279 Ἀλλοι
681 2228 769 2280 διὰ
801 2228 893 2282 δύο
916 2246 930 2260 '
981 2229 1155 2300 ἕτεροι
1209 2232 1297 2285 διά
1340 2233 1506 2303 τριῶν
1529 2250 1543 2265 ·
1572 2233 1720 2286 ἄλλοι
1743 2234 1831 2288 διὰ

254 2308 417 2359 πέντε
436 2324 447 2337 ·
481 2308 559 2369 ῶς
585 2307 817 2363 ἕκαστον
854 2318 1113 2384 στοιχεῖον
1137 2316 1236 2386 τὴν
1268 2316 1402 2369 ἰδίαν
1453 2316 1603 2387 ῶραν
1632 2317 1831 2386 γνωρί-

253 2391 360 2452 ζει.
388 2390 573 2454 Οῦτως
608 2388 676 2463 ἦν
710 2394 885 2447 αὐτῶν
914 2398 1007 2449 καὶ
1044 2397 1114 2450 τά
1143 2397 1299 2468 ἔργα.
1369 2400 1427 2453 '0
1470 2401 1568 2469 μὲν
1603 2400 1830 2468 ἐργάζε-

253 2488 343 2525 ται
404 2474 509 2541 γῆν
562 2477 860 2543 γεωργῶν,
910 2478 1069 2543 ἄλλος
1115 2482 1311 2550 κῆπον,
1360 2482 1519 2547 ἄλλος
1556 2484 1827 2553 χαλκεῖον,

252 2557 412 2619 ἄλλος
437 2558 813 2627 ἁρτοκοπεῖον,
834 2562 990 2625 ἄλλος
1019 2568 1338 2628 τεκτονεῖον,
1364 2566 1523 2630 ἄλλος
1546 2567 1826 2635 γναφεῖον,

251 2639 412 2702 ἄλλος
442 2640 709 2712 βυρσεῖον,
727 2644 886 2707 ἄλλος
910 2646 1125 2700 πλέκων
1153 2648 1414 2719 σπυρίδας
1434 2650 1532 2713 τὰς
1564 2653 1826 2721 μεγάλας,

251 2722 516 2808 άλλοςῗτά
566 2725 833 2796 λεγόμενα
862 2730 1128 2799 μαλάκια,
1163 2732 1230 2785 τὰ
1261 2735 1586 2803 σπυριδάλια
1633 2738 1705 2790 τά
1742 2756 1829 2808 μι-

254 2806 384 2876 κρά.
419 2807 869 2878 ’Δποστηθίζουσι
890 2813 947 2865 δὲ
980 2815 1159 2877 πάσας
1187 2814 1283 2878 τὰς
1317 2817 1562 2886 Γραφάς.

323 2890 545 2943 Τούτων
570 2894 690 2944 ἐστὶ
750 2896 846 2947 καὶ
907 2899 1271 2967 μοναστήριον
1329 2903 1608 2967 γυναικῶν
1637 2903 1713 2967 ὡς
1737 2921 1827 2958 τε-

247 2973 593 3042 τρακοσίων,
641 2975 738 3045 τὴν
776 2977 944 3046 αὐτὴν
978 2977 1101 3047 ἔχον
1143 2980 1494 3045 διατύπωσιν,
1528 2985 1627 3053 τὴν
1656 2986 1825 3058 αὐτὴν

250 3052 532 3105 πολιτείαν
552 3057 707 3118 ἐκτὸς
728 3058 831 3126 τῆς
865 3058 1141 3129 μηλωτῆς.
1174 3063 1285 3114 Καὶ
1336 3065 1393 3116 αἰ
1427 3066 1525 3135 μὲν
1568 3052 1825 3135 γυναῖκές

1940 1896 2255 1962 γραμμένον
2284 1895 2341 1945 ἐν
2374 1895 2451 1963 τῷ
2480 1895 2618 1964 ἁγίῳ
2673 1894 3007 1961 Εὑαγγελίῳ,
3038 1897 3118 1957 τὸ,
3160 1895 3217 1945 ὐ
3252 1894 3421 1948 θέλων
3452 1899 3510 1949 ἐν

1940 1975 2069 2044 ὑμῖν
2096 1976 2233 2028 εἶναι
2271 1978 2463 2045 μέγας,
2514 1978 2654 2029 ἔστω
2706 1976 2921 2027 πάντων
2954 1976 3140 2038 δοῦλος
3166 1978 3259 2027 καὶ
3290 1978 3509 2031 πάντων

1937 2057 2201 2119 διάκονος.
2241 2060 2348 2110 Καὶ
2379 2059 2532 2121 είτις
2562 2060 2707 2111 δοκεῖ
2747 2058 2906 2126 σοφὸς
2950 2053 3112 2119 εἶναι,
3156 2061 3211 2110 ἐν
3248 2059 3327 2126 τῷ
3351 2060 3509 2112 αἰῶνι

1935 2141 2109 2210 τούτῳ
2151 2142 2329 2211 μωρὸς
2364 2141 2623 2205 γενέσθω,
2654 2142 2739 2192 ἵνα
2780 2143 3004 2207 γένηται
3046 2142 3226 2207 σοφός.
3270 2142 3390 2192 Τῶν
3416 2138 3509 2195 οὖν

1936 2225 2110 2277 ἄλλων
2139 2226 2419 2293 παρθένων
2448 2224 2507 2275 τὸ
2530 2226 2717 2293 σχῆμα
2756 2219 2822 2293 ἦν
2852 2225 3228 2292 κεκαρμένων,
3268 2226 3510 2294 ἐχουσῶν

1938 2306 2264 2359 κουκούλλια
2287 2306 2380 2358 ἐπὶ
2419 2305 2526 2361 τῶν
2552 2307 2821 2373 κεφαλῶν.
2854 2304 3008 2375 Αὕτη
3036 2307 3092 2357 δὲ
3123 2307 3287 2375 ῥάκος
3312 2308 3509 2378 ἀναδή-

1939 2405 2077 2441 σασα
2104 2390 2203 2455 τὴν
2255 2389 2513 2458 κεφαλὴν,
2569 2388 2740 2450 οὕτως
2771 2391 2945 2442 ἐποίει
2977 2392 3155 2442 πᾶσαν
3181 2390 3360 2442 αὐτῶν
3410 2392 3508 2461 τὴν

1938 2471 2261 2540 ὑπηρεσίαν.
2286 2471 2502 2540 Ταύτην
2536 2472 2899 2542 μασσωμένην
2928 2473 3031 2523 οὐκ
3057 2472 3160 2523 ἴδεν
3182 2473 3241 2524 οὐ
3275 2474 3370 2541 μία
3398 2476 3508 2525 τῶν

1935 2555 2302 2624 τετρακοσίων
2339 2555 2405 2607 τά
2454 2555 2550 2622 ἔτη
2579 2554 2673 2622 τῆς
2706 2555 2849 2623 ζωῆς
2900 2555 3106 2623 αὐτῆς.
3151 2556 3271 2607 Ἐπὶ
3301 2558 3509 2623 τραπέ·

1936 2638 2037 2709 ζης
2066 2638 2186 2692 οὐδέ
2224 2654 2353 2690 ποτε
2384 2637 2676 2706 ἐκαθέσθη,
2709 2638 2827 2689 οὐδὲ
2853 2637 3159 2705 κλάσματος
3188 2639 3353 2708 ἄρτου
3379 2657 3507 2708 μετ-

1935 2720 2126 2772 έλαϐέν
2175 2736 2328 2785 ποτε,
2381 2720 2515 2771 ἀλλά
2557 2720 2653 2781 τάς
2698 2720 2865 2789 ψίχας
2913 2720 3352 2787 σπογγολογοῦσα
3398 2723 3507 2775 τῶν

1934 2802 2245 2873 τραπεζῶν,
2308 2804 2401 2854 καὶ
2436 2803 2531 2865 τὰς
2562 2803 2765 2873 χύτρας
2815 2804 3243 2871 περιπλύνουσα,
3296 2804 3506 2869 τούτοις

1934 2889 2179 2956 ἠρκεῖτο,
2216 2885 2290 2955 μὴ
2325 2886 2710 2955 ὑποδησαμένη
2744 2887 2896 2948 ποτὲ,
2934 2890 3008 2958 μὴ
3062 2888 3334 2957 ὑϐρίσασά
3361 2907 3503 2954 τινα,

1935 2972 2012 3039 μὴ
2039 2969 2356 3037 γογγύσασα
2384 2970 2577 3038 μικρὸν
2611 2970 2643 3038 ἢ
2678 2971 2819 3038 μέγα
2873 2969 3047 3038 ῥῆμα,
3101 2973 3305 3041 καίπερ
3346 2973 3503 3042 ὑδρι-

1932 3053 2159 3123 ζομένη,
2212 3054 2307 3103 καὶ
2353 3054 2753 3121 καταρωμένη,
2792 3056 2886 3104 καὶ
2934 3053 3037 3104 ὑπὸ
3080 3054 3189 3106 τῶν
3244 3055 3503 3109 πλειόνων

249 3136 359 3187 είσὶ
391 3136 565 3227 πέραν
586 3138 679 3190 τοῦ
712 3140 903 3192 Νείλου
955 3142 1231 3211 ποταμοῦ·
1261 3145 1309 3197 οἰ
1334 3146 1390 3197 δὲ
1430 3133 1632 3216 ἄνδρες
1674 3152 1823 3203 ἁντι-
1852 3169 1896 3227 c
1935 3133 2333 3204 μυσαττομένη-

254 3217 400 3285 τέρα
421 3218 652 3296 τούτων.
699 3222 824 3274 Ἐὰν
845 3223 1143 3296 τελευτήσῃ
1175 3227 1463 3294 παρθένος,
1495 3231 1826 3298 ἐνταφιάσα-

252 3315 345 3350 σαι
387 3290 559 3368 αὐτὴν
579 3304 634 3353 αἰ
663 3302 849 3356 λοιπαὶ
875 3290 1143 3375 παρθένοι*
1170 3290 1402 3378 ιφέρουσι
1426 3290 1534 3363 καὶ
1586 3290 1827 3367 τιθέασιν

249 3381 426 3449 αὐτὴν
456 3385 536 3445 εἰς
566 3385 667 3455 τὴν
705 3385 872 3455 δχθην
900 3388 995 3439 τοῦ
1031 3392 1295 3460 ποταμοῦ.
1326 3393 1671 3463 Περάσαντες
1694 3397 1750 3449 δὲ
1777 3399 1827 3451 οἱ

250 3463 473 3531 ἀδελφοὶ
514 3468 649 3535 μετὰ
691 3469 964 3537 πορθμοῦ,
1001 3472 1138 3539 μετὰ
1166 3472 1332 3542 βατων
1368 3476 1578 3529 κλάδων
1608 3478 1826 3543 ἐλαιῶν,

253 3546 398 3630 μετά
418 3546 758 3630 ψαλμῳδίας,
795 3552 1114 3622 διαφέρουσι
1169 3556 1374 3626 ταύτην
1414 3560 1492 3620 εἰς
1541 3560 1602 3611 τὸ
1632 3561 1825 3630 πέραν,

252 3628 347 3712 καὶ
379 3628 675 3682 θάπτουσιν
720 3634 800 3694 εἰς
827 3634 896 3685 τά
959 3636 1217 3704 μνήματα
1276 3638 1502 3694 ἐαυτῶν.
1549 3628 1829 3712 Παρεκτὺς

254 3711 440 3777 μέντοι
479 3714 573 3765 τοῦ
601 3715 973 3785 πρεσϐυτέρου
1000 3719 1091 3769 καὶ
1113 3720 1207 3771 τοῦ
1226 3720 1469 3774 διακόνου
1491 3711 1663 3787 οὐδεὶς
1684 3729 1829 3797 περᾷ

249 3795 330 3851 εἰς
363 3794 424 3844 τὸ
465 3797 830 3867 μοναστήριον
866 3798 974 3852 τῶν
1002 3801 1277 3867 γυναικῶν
1303 3820 1316 3833 ο
1355 3805 1450 3857 καὶ
1494 3808 1657 3860 τοῦτο
1688 3794 1829 3862 κατά

248 3875 557 3946 Κυριακήν,

838 3978 1091 4033 ΚΕΦᾹΛ.
1147 3980 1238 4037 Μ’.

334 4090 425 4143 Ἕν
475 4090 649 4162 τούτῳ
680 4092 759 4162 τῷ
810 4097 1156 4167 μοναστηρίῳ
1190 4099 1297 4151 τῶν
1326 4102 1599 4167 γυναικῶν
1627 4106 1825 4175 συνέϐη

249 4174 485 4240 πρᾶγμα
515 4173 779 4227 τοιοῦτον·
835 4176 1073 4245 Ῥάπτης
1106 4183 1366 4249 κοσμικδς
1413 4187 1657 4253 περάσας
1705 4173 1827 4241 κατδ

248 4256 475 4339 ἄγνδιαν
514 4255 699 4339 ἐζήτει
731 4257 913 4327 ἔργον.
961 4260 1282 4325 Ἐξελθοῦσα
1325 4264 1382 4317 δέ
1433 4268 1531 4335 μία
1586 4271 1827 4339 νεωτέρα

246 4336 361 4387 τῶν
390 4337 677 4406 παρθένων
704 4340 848 4409 λόγῳ
885 4344 1082 4412 ἑαυτῆς
1115 4346 1342 4414 (ἔρημος
1367 4349 1473 4417 γάρ
1506 4352 1653 4403 ἐστιν
1682 4356 1708 4404 6
1737 4336 1828 4405 τό·

247 4420 394 4484 πος),
427 4419 718 4489 συνέτυχεν
748 4422 897 4491 αὑτῷ
944 4425 1235 4492 ἀκουσίως,
1269 4430 1363 4481 καὶ
1410 4431 1637 4484 δέδωκεν
1673 4435 1824 4503 αὐτῷ

2499 3232 2751 3285 ΚΕΦΑΔ.
2800 3233 2934 3287 MB’.

2398 3330 2536 3396 Περὶ
2573 3330 2678 3382 τοῦ
2713 3333 3031 3401 Πιτηρούμ.

2002 3425 2136 3496 Περὶ
2159 3424 2360 3493 ταύτης
2384 3426 2479 3494 τῆς
2503 3427 2654 3487 ὁσίας
2679 3426 2755 3495 τῷ
2785 3428 2923 3497 άγίῳ
2946 3428 3232 3499 Πιτηροὺμ
3255 3431 3499 3501 παρέστη

1929 3509 1959 3562 ὁ
1987 3510 2214 3576 ἄγγελος
2240 3510 2297 3560 ἐν
2321 3508 2397 3577 τῷ
2426 3509 2740 3582 Πορφυρίτῃ
2767 3510 3117 3581 καθεζομένῳ
3151 3512 3497 3584 ἀναχωρητῇ,

1930 3593 2085 3662 ἀνδρὶ
2138 3594 2494 3661 δοκιμωτάτῳ
2542 3596 2621 3656 εἰς
2661 3595 2758 3663 τὴν
2808 3594 2908 3662 τῆς
2938 3595 3223 3663 ἀσκήσεως
3275 3600 3500 3668 ἀρετήν.

1933 3677 2040 3729 Καὶ
2080 3675 2227 3741 λέγει
2258 3675 2424 3744 αὐτῷ·
2458 3677 2553 3727 Διὰ
2595 3678 2646 3727 τί
2678 3679 2818 3746 μέγα
2845 3682 3060 3746 φρονεῖς
3096 3682 3185 3731 ἐπὶ
3210 3686 3333 3743 τοῖς
3369 3701 3501 3734 σαυ-

1932 3761 2024 3813 τοῦ
2053 3760 2473 3830 κατορθώμασιν
2501 3762 2576 3821 ὼς
2608 3763 2862 3830 εὐλαϐὴς,
2910 3764 3000 3815 καὶ
3035 3766 3092 3815 ἐν
3120 3767 3341 3835 τοιούτῳ
3372 3768 3504 3820 καθ-

1929 3843 2186 3910 εζόμενος
2212 3845 2399 3911 τόπῳ;
2434 3842 2621 3905 Θέλεις
2664 3844 2791 3895 ἰδεῖν
2819 3862 2912 3896 σου
2958 3846 3353 3916 εὑλαδεστέραν
3398 3866 3500 3917 γυ-

1929 3928 2127 3989 ναῖκα;
2175 3926 2373 3978 ἄπελθε
2426 3929 2503 3988 εἰς
2544 3928 2606 3978 τὸ
2660 3930 3023 3999 μοναστήριον
3068 3932 3177 3982 τῶν
3226 3933 3500 3998 γυναικῶν

1928 4011 2037 4063 τῶν
2069 4010 2558 4081 Ταϐεννησιωτῶν,
2600 4015 2694 4064 καὶ
2735 4013 2989 4083 εὑρήσεις
3035 4018 3149 4066 ἐκεῖ
3183 4016 3342 4084 μίαν,
3389 4017 3502 4069 διά-

1929 4094 2077 4161 δημα
2125 4094 2351 4162 ἔχουσαν
2393 4096 2485 4147 ἐπὶ
2520 4095 2617 4163 τῆς
2651 4094 2888 4163 κεφαλῆς
2929 4097 3133 4165 αὐτῆς·
3175 4099 3359 4165 ἐκείνη
3404 4116 3500 4153 σου

1929 4178 2168 4245 ἀμείνων
2210 4179 2346 4230 ἐστί.
2381 4178 2629 4247 Τοσούτῳ
2664 4180 2771 4248 γὰρ
2806 4180 2949 4248 ὄχλῳ
2980 4181 3324 4233 πυκτεύουσα
3347 4221 3361 4246 ,
3404 4186 3501 4235 καὶ

1928 4260 2198 4328 διαφόρως
2250 4263 2447 4324 πάσαις
2482 4262 2839 4326 δουλεύουσα,
2889 4264 2985 4331 τὴν
3025 4265 3222 4331 ἑαυτῆς
3272 4266 3501 4333 καρδίαν

1928 4342 2181 4394 οὐδέποτε
2210 4345 2519 4412 ἀπέστησεν
2551 4344 2643 4397 τοῦ
2683 4344 2839 4405 Θεοῦ,
2885 4345 3088 4413 καίπερ
3120 4346 3268 4415 παρά
3308 4350 3499 4399 πασῶν

1929 4427 2439 4495 καταφρονουμένη.
2488 4428 2559 4480 Σὺ
2592 4428 2648 4480 δὲ
2698 4427 3062 4495 καθεζόμενος
3108 4424 3205 4484 ὧδε
3257 4434 3358 4484 ἀνά
3401 4435 3499 4496 τὰς

246 4503 349 4569 τὴν
401 4503 723 4571 ἀπόκρισιν,
772 4507 855 4560 ὅτι
896 4507 1088 4577 Ἡμεῖς
1137 4512 1331 4579 ἔχομεν
1389 4516 1599 4583 ρἀτας
1624 4518 1821 4587 ἡμετέ-
1853 4514 1897 4568 D
1929 4507 2112 4569 πόλεις
2156 4508 2424 4562 πλανᾶσαι
2454 4514 2520 4580 τῇ
2549 4512 2777 4581 διανοίᾳ,
2809 4514 2836 4563 6
2874 4513 3144 4581 μηδέποτε
3174 4516 3498 4584 οἰκουμένην

250 4600 397 4651 ρους.
438 4584 605 4669 ’Δλλη
632 4588 933 4669 ,ἑωρακυῖα
962 4590 1059 4659 τὴν
1111 4596 1397 4663 συντυχίαν
1429 4584 1820 4669 ταύτηνξχρό-

245 4680 340 4751 νου
383 4666 765 4751 παρελθόντος
825 4673 1122 4741 γενομένης
1179 4676 1375 4744 μάχης,
1432 4680 1490 4743 ἐξ
1552 4666 1823 4751 ὑποϐολῆς

246 4747 342 4797 τοῦ
378 4746 649 4809 διαϐόλου,
700 4751 807 4802 άπὸ
837 4752 1035 4820 πολλῆς
1067 4758 1331 4825 πονηρίας
1374 4762 1469 4813 καὶ
1497 4762 1697 4826 ζέσεως
1729 4746 1823 4817 θυ-

251 4828 353 4895 μοῦ
386 4832 821 4915 ἐσυκοφάντησεν
864 4835 1063 4905 ταύτην
1104 4840 1193 4891 ἐπὶ
1227 4840 1327 4907 τῆς
1355 4842 1823 4915 άδελφότητοςιδιά

245 4913 346 4977 τὴν
401 4913 714 4979 συντυχίαν.
776 4909 851 4985 ’ῃ
909 4919 1244 4988 συνέδραμον
1287 4924 1465 4990 ὀλίγαι
1495 4909 1617 4979 ἰοὺ.
1653 4930 1818 5000 πολλῇ

247 4994 419 5082 κακίᾳ
455 4999 779 5082 φερόμεναι.
828 4999 1265 5071 Ἀπολυπηθεῖσα
1307 5007 1363 5059 δὲ
1410 5009 1591 5082 ἐκείνη
1618 5012 1691 5073 ὡς
1718 4994 1823 5065 τοιλ

245 5075 420 5141 αύτην
447 5078 727 5131 ὑποστᾶσα
760 5085 1144 5149 συκοφαντίαν,
1182 5089 1281 5157 τὴν
1337 5091 1469 5158 μηδὲ
1496 5075 1590 5156 εἰς’
1614 5096 1822 5149 ἔννοιαν

247 5160 421 5245 αύτῇς
452 5161 820 5245 άνελθοῦσαν,
880 5167 973 5218 καὶ
1009 5168 1082 5237 μὴ
1118 5172 1412 5236 ἐνεγκοῦσα
1458 5175 1517 5226 τ’)
1569 5180 1817 5245 πρᾶγμα,

246 5241 444 5331 ἔϐαλεν
469 5243 666 5313 ἑαυτὴν
701 5248 782 5309 εἰς
805 5248 895 5300 τὸν
922 5250 1165 5318 ποταμὸν
1194 5251 1389 5323 λάθρα,
1414 5258 1507 5310 καὶ
1536 5241 1820 5331 ἐτελεύτηέ-

250 5340 342 5376 σεν
389 5325 578 5389 οὕτως.
614 5329 704 5392 Είς
754 5331 1104 5401 συναίσθησιν
1134 5334 1191 5386 δὲ
1227 5336 1453 5390 ἐλθοῦσα
1483 5342 1514 5409 ὴ
1548 5325 1817 5413 συκοφαν-

248 5410 483 5475 τήσασα,
522 5410 615 5493 καὶ
644 5411 939 5493 ἐωρακυῖα,
970 5415 1051 5466 δτι
1085 5416 1193 5467 άπὸ
1220 5419 1481 5489 πονηρίας
1523 5410 1820 5493 ἐσυκοφάν-

249 5506 435 5579 τησεν,
468 5492 563 5543 καὶ
590 5492 749 5545 τοῦτο
765 5497 1059 5579 εἰργάσατο
1080 5498 1141 5550 τὸ
1162 5499 1291 5566 ἄγος
1312 5503 1408 5570 τῆς
1437 5492 1816 5579 ἀδελφότητος,

250 5569 487 5656 λαϐοῦσα
522 5574 720 5642 έαδτὴν
775 5578 1057 5647 ἀπήγξατο
1092 5580 1187 5633 καὶ
1234 5569 1373 5651 αῦτη
1415 5586 1487 5653 μὴ
1524 5569 1818 5656 ἐνεγκοῦσα

247 5655 309 5706 τὸ
335 5657 607 5743 πρᾶγμα...
627 5658 962 5724 Ἐξελθόντος
1005 5662 1060 5716 δὲ
1084 5664 1175 5717 τοῦ
1224 5667 1622 5739 πρεσϐυτέρου,
1650 5675 1817 5743 ἀνήγ-

249 5737 439 5806 γειλαν
481 5730 653 5795 ταῦτα
707 5744 764 5796 αί
797 5742 981 5797 λοιπαὶ
1026 5730 1304 5815 παρθένοι.
1366 5730 1684 5809 Ἑκέλευσεν

1926 4591 2197 4660 πατήσας.
2248 4593 2511 4654 ’Λναστάς
2540 4592 2596 4643 δέ
2624 4596 2686 4646 ἐκ
2720 4593 2909 4646 τούτου
2939 4594 3031 4646 τοῦ
3068 4600 3232 4648 τόπου
3262 4599 3289 4648 6
3327 4600 3497 4667 μέγας

1926 4671 2209 4744 Πιτηροὺμ
2229 4716 2245 4739 ,
2273 4669 2435 4742 ἦλθεν
2466 4678 2570 4738 ἕως
2600 4676 2695 4728 τοῦ
2734 4679 3096 4749 μοναστηρίου
3148 4681 3253 4731 τῶν
3290 4681 3498 4732 Ταϐεν-

1923 4764 2223 4834 νησιωτῶν,
2255 4765 2349 4817 καὶ
2380 4763 2688 4833 παρακαλεῖ
2711 4764 2835 4824 τοὺς
2855 4763 3209 4825 διδασκάλους
3241 4764 3497 4817 διαϐειιαι

1924 4848 2003 4906 εἰς
2031 4849 2093 4898 τὸ
2125 4849 2484 4916 μοναστήριον
2524 4847 2635 4898 τῶν
2662 4847 2958 4914 γυναικῶν.
3016 4848 3101 4911 ὀς
3128 4844 3221 4900 οὖν
3252 4851 3299 4900 ὲς

1921 4930 2029 4982 τῶν
2062 4932 2320 5000 Πατέρων
2370 4933 2461 4983 καὶ
2504 4933 2560 4982 ὲν
2609 4934 2674 5000 τῇ
2707 4932 2935 4999 ἀσκήσει
2974 4934 3323 5000 γεγηρακότα
3368 4937 3498 5005 θαρ-

1925 5012 2145 5082 ροῦντες
2175 5017 2467 5082 εἰσήγαγον
2511 5013 2693 5076 αὑτὸν,
2739 5013 3167 5081 διαπεράσαντες
3199 5014 3289 5065 τὸν
3325 5033 3494 5067 ποτα·-

1926 5097 2047 5165 μόν.
2096 5100 2201 5149 Καὶ
2240 5097 2377 5165 μετὰ
2426 5097 2486 5148 τὸ
2537 5096 2793 5161 εὔξασθαι
2828 5099 3041 5156 αὐτοὺς,
3091 5095 3425 5165 ἐπεζήτησεν
3467 5103 3497 5150 6

1925 5182 2100 5247 μέγας
2130 5182 2307 5239 πάσας
2350 5180 2449 5241 τὰς
2480 5181 2783 5249 παρθένους
2818 5181 2944 5231 ἰδεῖν
2986 5180 3127 5233 κατὰ
3178 5183 3493 5250 πρόσωπον.

1923 5262 2118 5315 Πασῶν
2138 5258 2230 5314 οῦν
2260 5261 2529 5314 ἐλΘουσῶν
2562 5267 2620 5314 ὲν
2644 5262 2721 5331 τῷ
2756 5263 2903 5330 μέσῳ
2925 5263 3105 5330 ἐκείνη
3140 5264 3199 5314 οὐ
3228 5265 3497 5331 παρεφαί-

1921 5362 2059 5398 νετο.
2095 5345 2259 5407 Τέλος
2303 5345 2448 5411 λέγει
2483 5348 2671 5407 αύταῖς
2699 5349 2726 5397 6
2765 5347 2916 5411 ἆγιος
2958 5346 3264 5415 ΙΙιτηρούμ⁸
3295 5348 3497 5417 Φέρετέ

1924 5444 2013 5495 μοι
2063 5431 2263 5491 πάσας.
2320 5429 2440 5481 Τῶν
2489 5432 2543 5483 δὲ
2595 5431 2899 5497 λεγουσῶν,
2939 5432 3228 5500 Πάρεσμεν
3284 5435 3491 5485 πᾶσαι·

1922 5510 2072 5575 λέγει
2102 5511 2313 5571 αὑταῖς,
2356 5512 2547 5564 Λείπει
2577 5512 2696 5580 μία,
2732 5514 2796 5582 ἣν
2822 5514 3021 5575 ἔδειξέν
3055 5531 3146 5582 μοι
3178 5515 3207 5565 ὁ
3241 5514 3491 5580 ἄγγελος.

1920 5594 2181 5660 Λέγουσιν
2229 5594 2397 5661 αὐτῷ·
2439 5595 2581 5647 Μίαν
2624 5595 2817 5664 ἔχομεν
2856 5597 3023 5665 σαλήν
3048 5612 3061 5625 ο
3092 5598 3147 5648 ἐν
3179 5597 3254 5666 τῷ
3299 5614 3489 5665 μαγειέ

1925 5677 2023 5747 ρίῳ
2050 5677 2213 5729 ἐστίν.
2254 5676 2410 5729 Οῦτω
2456 5679 2564 5746 γὰρ
2608 5681 2722 5732 ἐκεῖ
2768 5678 2993 5735 καλοῦσι
3022 5682 3119 5744 τὰς
3155 5680 3489 5750 πασχούσας.

1920 5761 2085 5827 Λέγει
2124 5762 2150 5813 ὁ
2194 5760 2388 5829 μέγας·
2434 5763 2692 5829 ’Λγάγετε
2739 5765 3015 5835 κάκείνην,
3054 5765 3217 5834 ἄφετε
3257 5764 3353 5820 ῖδω
3389 5765 3491 5821 αὖ·
