4258 6358
251 421 388 475 H09

1509 408 1829 467 HISTORIA
1867 408 2220 466 LAUSIACA.

3326 411 3463 469 “I0

241 529 344 581 lem
376 528 515 598 (88),
540 542 658 597 qua:
679 537 761 582 est
789 528 839 582 in
864 530 1059 583 culina.
1083 529 1173 584 Sic
1195 529 1335 583 enim
1362 538 1550 582 vocant
1578 528 1686 580 illic
1712 539 1802 580 eas
1831 528 1882 586 Α
1907 532 1961 578 et
2006 536 2193 579 rursus
2220 524 2455 579 velocem
2493 538 2677 578 eorum
2723 525 3015 592 interitum,
3043 530 3099 578 et
3122 537 3240 592 quae
3268 524 3320 584 in
3349 540 3473 580 eum

239 632 356 684 quae
390 632 493 670 non
519 628 642 670 sunt
669 633 811 671 sanae
841 622 1051 673 mentis.
1093 619 1224 672 Dicit
1250 618 1328 674 eis
1356 630 1577 686 magnus
1610 633 1624 667 :
1660 615 1803 668 lllam

239 722 451 775 quoque
478 708 743 771 adducite,
776 710 933 762 sinite
969 717 1025 761 ut
1052 722 1167 762 eam
1206 707 1437 760 videam.
1469 705 1678 758 [verunt
1706 703 1805 756 ita-

239 810 342 864 que
369 796 435 848 ad
465 810 580 849 eam
612 796 919 849 vocandam.
952 797 1040 849 Illa
1073 811 1199 849 vero
1226 808 1554 863 nequaquam
1584 793 1802 854 obediit,

241 900 296 944 ut
323 907 445 960 qua
475 907 585 947 rem
623 894 865 955 sentiret,
900 907 1020 946 nam
1070 893 1206 947 forte
1247 890 1344 959 ipsi
1382 903 1589 958 quoque
1634 886 1806 941 fuerat

240 982 557 1037 revelatum.
591 982 719 1037 Eam
749 996 875 1051 ergo
895 984 943 1035 vi
968 982 1200 1047 trahunt,
1236 981 1335 1049 ipsi
1362 981 1598 1035 dicentes
1628 994 1641 1029 :
1666 977 1803 1031 San-

239 1082 358 1125 ctus
385 1071 609 1129 Pitirum
638 1073 750 1126 vult
784 1082 838 1128 te
866 1072 1068 1138 videre,
1111 1082 1224 1126 erat
1268 1072 1408 1126 enim
1437 1071 1482 1125 is
1511 1069 1682 1137 magni
1711 1082 1803 1122 no-

241 1162 423 1218 minis.
449 1162 522 1215 Ea
552 1177 682 1230 ergo
702 1162 945 1226 adducta,
969 1164 1099 1217 vidit
1124 1175 1345 1229 magnus
1371 1161 1487 1228 ejus
1512 1159 1723 1222 faciem,
1751 1166 1806 1212 et

241 1265 472 1317 pannum
496 1251 547 1304 in
577 1249 748 1318 capite
777 1258 833 1304 et
860 1251 1033 1306 fronte
1057 1250 1195 1319 ejus,
1238 1258 1295 1305 et
1328 1248 1524 1303 cadens
1551 1246 1616 1301 ad
1645 1247 1806 1314 pedes

238 1341 375 1403 ejus,
401 1340 525 1392 dicit
540 1341 588 1393 ei
613 1357 628 1392 :
657 1340 884 1394 Benedic
902 1342 1108 1393 Amma.
1128 1341 1336 1396 Cadens
1360 1350 1534 1393 autem
1555 1339 1621 1392 ad
1646 1337 1807 1406 pedes

240 1429 359 1497 ejus
391 1430 504 1496 ipsa
534 1444 741 1498 quoque
769 1430 979 1484 dicebat
1010 1447 1024 1481 :
1054 1431 1132 1483 Tu
1163 1432 1288 1483 mihi
1320 1429 1560 1493 benedic,
1591 1427 1807 1481 domine

240 1521 334 1572 mi.
376 1518 508 1573 Cum
545 1521 641 1573 boc
667 1529 841 1573 autem
869 1532 1071 1574 cunctas
1093 1521 1366 1584 vidissent,
1401 1521 1803 1586 obstupuerunt,

240 1608 367 1666 etei
396 1608 642 1661 dixerunt
674 1626 687 1660 :
722 1609 799 1662 Ne
828 1609 919 1662 tibi
970 1610 1055 1661 ﬁat
1095 1610 1343 1677 probrum
1374 1623 1436 1661 ac
1471 1607 1805 1672 vituperium,

243 1709 318 1753 εει
352 1698 491 1750 enim
523 1697 663 1750 Sale.
701 1697 788 1750 Eis
835 1699 962 1751 dicit
989 1708 1202 1751 sant-tus
1243 1699 1460 1750 Pitirum
1492 1713 1507 1749 :
1539 1696 1645 1749 Vos
1678 1696 1808 1749 estis

244 1785 390 1849 Sale,
416 1785 527 1837 haec
554 1787 693 1841 enim
723 1794 777 1840 et
801 1802 884 1839 me
906 1797 957 1839 et
988 1789 1134 1839 vobis
1159 1796 1241 1840 est
1268 1786 1483 1849 melior;
1510 1793 1592 1839 est
1621 1788 1805 1836 Amma

1907 614 2184 669 irruebant
2218 616 2453 682 gentium
2480 614 2797 669 delationem
2832 631 2845 665 :
2868 613 3000 668 adeo
3025 622 3083 668 ut
3110 628 3230 669 cum
3258 616 3469 679 quidam

1906 706 2009 759 dux
2041 708 2305 761 exercitus
2333 707 2396 759 ad
2422 721 2543 759 eum
2575 707 2810 759 venisset
2829 706 3147 760 sciscitatum
3175 720 3241 759 an
3262 705 3477 760 Ethio-

1908 810 2000 863 pes
2028 797 2115 863 qui
2146 806 2267 849 sunt
2289 796 2340 849 in
2361 796 2533 863 Syene
2560 806 2699 847 esset
2723 804 3088 860 superaturus,
3111 808 3228 861 quae
3255 796 3471 861 quidem

1905 896 1984 941 est
2019 887 2329 954 principium
2358 885 2674 950 Thebaidis;
2723 887 2756 938 ii
2799 894 2973 941 autem
3001 895 3125 940 tunc
3155 887 3472 953 irruperant,

1903 990 1958 1036 et
1999 996 2181 1035 eorum
2225 981 2498 1033 finitimam
2536 982 2801 1049 regionem
2825 986 3192 1045 vastaverant;
3221 980 3269 1033 ei
3296 992 3470 1034 autem

1905 1071 2035 1125 dixit
2088 1070 2318 1125 Joannes
2374 1089 2387 1124 :
2434 1071 2491 1126 Si
2545 1072 2871 1136 ascenderis,
2901 1086 2994 1126 eos
3024 1072 3468 1140 comprehendere,

1906 1162 2128 1227 vincies,
2150 1168 2206 1215 et
2224 1161 2531 1231 subjunges,
2551 1171 2604 1215 et
2624 1163 2798 1218 clarus
2820 1163 2927 1216 eris
2949 1163 3086 1229 apud
3106 1164 3474 1230 imperatores.

1905 1249 1958 1303 Id
1980 1251 2138 1304 etiam
2167 1250 2360 1304 factum
2389 1262 2488 1317 est,
2532 1262 2585 1305 et
2619 1267 2737 1319 qua:
2762 1252 3068 1306 acciderunt
3091 1252 3479 1307 confirmarunt

1906 1339 2025 1407 ejus
2053 1342 2474 1408 praedictionem.
2502 1340 2720 1395 Dicebat
2764 1352 2939 1395 autem
2965 1341 3473 1396 Christianissimutn

1909 1429 2281 1497 imperatorem
2308 1430 2655 1484 Theodosium
2683 1446 2803 1484 esse
2825 1441 2994 1484 morte
3020 1444 3111 1483 sua
3140 1432 3475 1485 moriturum.

1910 1519 2100 1571 Habuit
2127 1530 2301 1572 autem
2356 1520 2440 1573 hic
2469 1521 2550 1573 vir
2593 1521 2955 1575 admirabilem
2984 1536 3213 1588 quoque,
3267 1531 3320 1574 et
3356 1538 3477 1589 qua:

1912 1611 2129 1662 modum
2160 1612 2462 1676 superabat,
2496 1614 2846 1678 prophetiam,
2878 1622 2933 1664 ut
2960 1614 3253 1665 audivimus
3281 1629 3344 1666 ex
3376 1614 3476 1666 Pa-

1910 1700 2079 1751 tribus
2107 1699 2195 1767 qui
2224 1714 2344 1752 cum
2372 1715 2435 1752 eo
2466 1700 2833 1764 versabantur,
2856 1716 3078 1766 quorum
3110 1702 3213 1752 vita
3236 1698 3332 1752 fuit
3360 1716 3479 1767 pro-

1912 1787 2033 1840 bata
2065 1788 2200 1853 apud
2229 1800 2413 1839 omnes
2446 1786 2533 1854 qui
2564 1787 2665 1840 illic
2694 1798 2864 1841 erant.
2895 1788 3044 1851 Quod
3090 1797 3264 1841 autem
3306 1789 3373 1842 de
3415 1801 3482 1840 eo.

243 1875 345 1940 (sic
373 1875 511 1927 enim
547 1885 733 1929 vocant
777 1876 971 1931 Matres
996 1876 1306 1945 spiritales),
1358 1885 1411 1928 et
1455 1889 1634 1942 quaeso
1663 1882 1718 1926 ut
1745 1887 1808 1927 ea
1841 1864 1885 1923 B
1914 1875 2040 1928 nihil
2068 1876 2334 1927 narrarint
2359 1875 2421 1927 ad
2454 1877 2699 1944 gratiam,
2735 1877 2827 1929 sed
2859 1879 3030 1931 minus
3061 1893 3216 1944 quam
3247 1891 3478 1930 merere-

241 1966 430 2031 dignus
458 1963 696 2018 inveniar
722 1966 772 2017 in
801 1966 927 2019 hora
954 1966 1161 2035 judicii.
1213 1967 1301 2019 Eae
1345 1975 1520 2019 autem
1556 1979 1675 2018 cum
1708 1978 1802 2018 au—

243 2055 486 2119 diisaent,
530 2054 836 2108 ceciderunt
871 2056 936 2109 ad
970 2056 1128 2123 pedes
1165 2056 1280 2123 ejus
1321 2054 1529 2121 fientes,
1559 2064 1611 2107 et
1640 2054 1816 2133 confli

245 2152 417 2199 tentes
456 2158 640 2198 omnes
670 2145 805 2211 quod
834 2147 1038 2200 beatam
1067 2147 1292 2200 diversis
1322 2146 1493 2200 modis
1533 2145 1809 2200 alticerent

243 2238 585 2291 contumelia.
618 2238 730 2291 Alia
772 2238 983 2305 quidem
1015 2238 1196 2291 dicens
1238 2255 1251 2289 :
1288 2238 1394 2305 Ego
1426 2238 1562 2290 hanc
1600 2251 1809 2302 semper

242 2326 667 2391 subsannabam;
716 2327 837 2391 alia,
869 2328 981 2396 Ego
1005 2328 1119 2394 ejus
1145 2327 1395 2382 humilem
1427 2325 1661 2381 habitum
1688 2325 1809 2378 irri-

244 2414 465 2479 debam;
496 2424 551 2470 et
575 2417 697 2482 alia,
725 2417 832 2483 Ego
861 2432 975 2471 eam
1007 2426 1264 2473 tacentem
1294 2416 1589 2470 alliciebam
1620 2425 1810 2469 contu-

244 2506 435 2571 melia;
468 2515 519 2559 et
540 2521 721 2560 rursus
758 2506 881 2570 alia,
924 2506 1034 2573 Ego
1060 2507 1273 2576 quadra:
1317 2505 1544 2560 eluviem
1575 2518 1715 2573 saepe
1755 2504 1810 2558 iu

244 2610 360 2648 eam
392 2594 585 2659 effudi;
636 2597 759 2658 alia,
784 2596 892 2665 Ego
928 2598 978 2650 ei
1018 2596 1199 2667 plagas
1239 2595 1435 2661 innixi;
1474 2595 1574 2646 alia
1603 2607 1808 2658 rursus,

246 2686 359 2758 Ego
384 2700 445 2738 ea
469 2700 585 2738 sum
609 2700 729 2753 qua:
753 2688 802 2739 ei
834 2700 1036 2753 pugnos
1064 2684 1289 2749 incussi;
1322 2684 1421 2737 alia
1451 2697 1651 2747 rursus,
1698 2682 1812 2751 Ego

246 2774 451 2840 sinapio
480 2774 592 2841 ejus
623 2788 779 2827 nares
806 2775 1026 2840 aspersi.
1062 2774 1123 2827 Et
1154 2781 1209 2826 ut
1236 2774 1402 2827 semel
1430 2774 1623 2835 dicam,
1647 2772 1813 2839 signi-

247 2862 476 2919 ficabant
518 2876 701 2915 omnes
727 2877 785 2916 se
814 2878 933 2917 eam
963 2864 1127 2917 variis
1169 2862 1408 2916 aﬂecisse
1455 2862 1809 2916 contumeliis.

246 2951 380 3013 Cum
412 2954 597 3006 barum
621 2966 752 3020 ergo
779 2952 1161 3008 confessionem
1185 2951 1478 3020 accepisset
1500 2958 1712 3005 sanctus
1733 2949 1813 3003 Pi—

248 3040 429 3103 tirum,
462 3051 512 3091 et
536 3055 629 3106 pro
658 3040 736 3093 eis
762 3040 916 3093 simul
946 3055 1066 3095 cum
1091 3041 1201 3108 ipsa
1225 3049 1452 3107 orasset,
1483 3049 1536 3093 et
1560 3040 1648 3092 diu
1669 3048 1812 3093 esset

248 3131 545 3184 consolatus
562 3131 911 3185 venerandam
933 3131 1128 3186 Christi
1156 3145 1383 3196 servam,
1408 3130 1486 3185 sic
1502 3131 1655 3185 exiit.
1681 3130 1815 3184 Pau-

248 3225 323 3276 cis
356 3230 531 3275 autem
562 3230 677 3288 post
704 3222 892 3275 diebus
922 3236 1039 3276 cum
1062 3223 1129 3276 ab
1150 3222 1392 3277 omnibus
1414 3221 1564 3277 valde
1587 3221 1809 3276 honorae
1842 3207 1887 3268 C

251 3320 416 3379 retur,
449 3319 502 3366 et
532 3314 597 3364 ah
632 3313 876 3365 omnibus
906 3314 1294 3381 observaretur,
1324 3328 1428 3366 non
1459 3312 1632 3366 ferens
1662 3312 1813 3366 beata

252 3402 469 3470 gloriam
500 3412 552 3455 et
582 3401 833 3455 honorem
861 3418 963 3471 quo
990 3402 1316 3459 afficiebatur
1352 3403 1417 3457 ab
1446 3402 1588 3455 omni
1628 3402 1816 3454 frater-

253 3494 437 3557 nitate,
466 3503 519 3547 et
545 3494 917 3547 excusationes
935 3508 1069 3548 onus
1086 3508 1205 3548 esse
1227 3494 1509 3557 arbitrans,
1531 3495 1665 3547 clam
1689 3494 1819 3546 exiit

253 3598 312 3636 ex
352 3584 708 3643 monasterio;
740 3591 793 3635 et
817 3597 1046 3650 quonam
1094 3584 1266 3643 iverit,
1315 3592 1405 3635 aut
1443 3598 1599 3650 quem
1644 3584 1815 3635 locum

253 3672 492 3734 subierit,
519 3683 607 3725 aut
629 3674 714 3726 ubi
736 3674 944 3738 abierit,
978 3688 1131 3727 nemo
1152 3674 1402 3740 cognovit
1430 3672 1481 3725 in
1506 3672 1815 3726 hodiernum

253 3764 411 3817 diem.
444 3764 567 3817 Haec
595 3773 719 3817 sunt
744 3780 1016 3833 generosae
1061 3774 1113 3818 et
1160 3765 1373 3820 humilis
1403 3764 1620 3833 virginis
1662 3762 1819 3831 hujus

254 3870 315 3909 ac
344 3855 512 3910 beata:
540 3865 684 3911 recte
713 3855 851 3911 facta
877 3864 933 3910 et
959 3870 1140 3924 opera.

818 3966 1041 4021 CAPUT
1080 3966 1259 4021 XLIII.

495 4054 571 4109 De
612 4055 789 4108 abbate
826 4057 1028 4109 Joanne
1079 4056 1193 4125 (80)
1248 4055 1385 4107 urbis
1435 4054 1587 4123 Lyco.

328 4142 448 4200 Fuit
491 4145 704 4214 quidam
748 4145 978 4200 Joannes
1019 4148 1068 4199 in
1111 4146 1241 4199 urbe
1272 4145 1431 4213 Lyco,
1472 4145 1563 4212 qui
1596 4158 1624 4195 a
1658 4155 1821 4210 puero

256 4235 471 4304 quidem
499 4234 684 4289 didicit
709 4246 873 4289 artem
904 4235 1165 4295 fabrilem,
1193 4236 1275 4288 cui
1305 4232 1407 4287 fuit
1436 4233 1600 4287 frater
1630 4235 1823 4287 tinctor

259 4324 456 4392 (lium,
480 4325 570 4380 lib.
604 4338 661 4389 tt,
686 4340 800 4391 cap.
830 4325 909 4393 l).
939 4326 1125 4379 Postea
1154 4335 1326 4377 autem
1354 4338 1471 4375 cum
1502 4332 1643 4376 esset
1670 4321 1825 4376 circi-

260 4424 339 4468 ter
360 4413 794 4483 vigintiquinque
855 4430 1027 4470 annos
1098 4423 1286 4479 natus,
1362 4411 1562 4469 saeculo
1628 4424 1824 4464 renun-

259 4505 447 4565 tiavit;
496 4511 550 4556 et
594 4517 711 4555 cum
740 4501 971 4570 quinque
995 4515 1165 4554 annos
1189 4507 1428 4553 versatus
1456 4506 1598 4552 esset
1627 4497 1678 4550 in
1706 4510 1824 4549 mo-

260 4594 517 4659 nasterio,
543 4594 766 4649 secessit
794 4593 938 4647 solus
963 4594 1012 4645 in
1042 4602 1275 4647 montem
1307 4592 1470 4661 Lyco,
1509 4598 1561 4643 et
1592 4591 1642 4641 in
1669 4604 1824 4643 cacu-

263 4685 405 4739 mine
449 4685 646 4736 montis
694 4682 845 4737 factis
896 4682 997 4735 sibi
1049 4684 1216 4736 tribus
1272 4682 1465 4747 tholis,
1516 4680 1821 4747 ingressus,

262 4774 494 4840 seipsum
524 4772 874 4826 ina'dificavit.
908 4775 1079 4840 Atque
1109 4780 1221 4825 erat
1248 4773 1460 4839 quidem
1486 4785 1620 4823 unus
1651 4770 1823 4821 tholus

265 4863 330 4915 ad
358 4860 595 4927 corporis
626 4860 988 4925 necessitates,
1018 4874 1151 4913 unus
1173 4867 1345 4913 autem
1372 4860 1457 4911 ubi
1484 4858 1820 4925 operabatur,

268 4953 402 5005 alius
433 4966 557 5005 vero
579 4951 666 5004 ubi
691 4951 897 5004 orabat.
927 4950 974 5003 Is
1002 4964 1121 5003 cum
1149 4952 1465 5017 complesset
1492 4948 1699 5016 triginta
1730 4962 1823 4999 an.

263 5056 387 5105 nos,
426 5040 679 5101 inclusus,
715 5049 769 5092 et
798 5040 864 5091 ab
891 5054 954 5091 eo
981 5041 1066 5107 qni
1096 5041 1143 5093 ei
1173 5039 1498 5092 ministrabat
1548 5053 1641 5103 per
1686 5039 1829 5090 fene-

264 5141 427 5183 stram
456 5130 718 5195 aecipiens
755 5143 872 5194 quae
913 5136 1066 5181 erant
1095 5130 1161 5181 ad
1190 5144 1339 5181 usum
1384 5128 1702 5188 necessaria,
1751 5126 1832 5177 di-

266 5233 403 5287 gnus
429 5229 509 5272 est
532 5218 741 5271 habitus
761 5216 929 5285 gratia
950 5220 1241 5271 futurorum
1274 5218 1649 5285 praedictionis,
1674 5230 1829 5283 quem

267 5311 465 5365 donum
490 5309 683 5362 habere
725 5308 1011 5375 pr0phetite
1041 5309 1251 5375 planum
1288 5309 1479 5362 factum
1507 5319 1587 5361 est
1614 5324 1673 5360 ex
1706 5320 1836 5374 ope-

268 5402 437 5455 ribus.
472 5400 677 5452 Etenim
708 5408 897 5453 cuncta
926 5414 1043 5466 quas
1072 5415 1100 5452 a
1146 5400 1253 5453 Deo
1293 5400 1342 5452 in
1374 5401 1623 5452 mundum
1656 5400 1835 5451 venie-

270 5490 417 5554 bant,
448 5489 497 5540 in
528 5487 709 5554 primis
737 5488 819 5554 pio
842 5486 1146 5555 imperatori
1178 5488 1472 5541 Theodosio
1503 5490 1644 5555 prius
1674 5489 1835 5555 signi-

269 5577 469 5642 ﬁcavit,
490 5586 543 5629 et
564 5590 681 5643 qua:
702 5592 885 5630 rursus
910 5586 1160 5631 eventura
1188 5586 1356 5639 erant,
1382 5577 1524 5643 prius
1548 5579 1831 5630 annuntia-

268 5667 372 5732 vit;
396 5680 588 5745 nempe
600 5677 653 5721 et
670 5676 1010 5734 tyrannorum
1029 5669 1141 5734 (90)
1158 5668 1208 5721 iu
1226 5683 1346 5722 eum
1372 5669 1829 5733 insurrectiuncm,

1912 1975 2016 2029 tur,
2050 1965 2171 2018 hinc
2194 1964 2346 2017 facile
2367 1966 2486 2018 sciri
2512 1976 2702 2033 potest.
2729 1966 2855 2019 Nam
2878 1982 2997 2021 cum
3021 1968 3084 2019 ad
3110 1981 3227 2019 emn
3251 1968 3479 2020 venisset

1916 2056 2131 2124 quidam
2163 2055 2421 2115 tribunus,
2462 2064 2514 2109 et
2556 2058 2773 2122 supplex
2803 2066 3004 2124 peteret
3048 2067 3107 2109 ut
3156 2057 3481 2123 permitteret

1911 2159 2127 2198 uxorem
2150 2159 2296 2196 suam
2322 2145 2385 2197 ad
2406 2160 2525 2198 eum
2552 2147 2751 2210 venire,
2775 2162 2891 2215 quae
2914 2148 3073 2199 multa
3098 2162 3251 2214 passa
3283 2147 3479 2210 fuerat,

1909 2242 1963 2287 et
1992 2232 2197 2285 volebat
2226 2248 2345 2286 eum
2375 2234 2576 2299 videre,
2623 2249 2841 2287 ventura
2873 2236 3098 2307 Syenem
3144 2247 3196 2287 ut
3236 2250 3331 2302 pro
3363 2236 3476 2302 ipsa

1912 2320 2060 2390 prius
2089 2330 2287 2382 oraret,
2318 2331 2372 2375 et
2400 2336 2515 2375 eam
2546 2322 2668 2375 data
2700 2324 3062 2377 benedictione
3082 2324 3401 2387 dimitteret;
3434 2324 3480 2377 is

1912 2418 2088 2463 autem
2118 2409 2206 2477 qui
2232 2409 2341 2476 jam
2373 2411 2717 2479 quadraginta
2749 2414 2901 2464 annis
2931 2427 3032 2464 non
3065 2414 3265 2465 viderat
3288 2414 3478 2465 mulie-

1911 2513 2023 2552 rem
2048 2499 2099 2555 in
2123 2500 2396 2566 Spelunca,
2424 2515 2542 2553 cum
2560 2510 2702 2553 esset
2723 2503 3127 2571 nonagenarius,
3151 2512 3206 2557 et
3239 2518 3335 2557 nec
3365 2504 3479 2573 ipse

1913 2605 2143 2658 unquam
2175 2598 2321 2645 esset
2365 2605 2633 2658 egressus,
2683 2607 2781 2646 nec
2816 2594 2913 2647 sibi
2945 2596 3272 2662 permitteret
3301 2595 3483 2648 videre

1914 2681 2212 2745 mulierem,
2242 2681 2519 2738 recusabat
2540 2681 2717 2735 videre
2740 2683 2855 2751 ejus
2878 2697 3114 2737 uxorem.
3139 2684 3242 2737 Sed
3274 2698 3371 2737 nec
3400 2684 3481 2736 vir

1918 2771 2056 2824 ullus
2088 2770 2154 2823 ad
2178 2784 2298 2824 eum
2330 2785 2559 2837 unquam
2599 2779 2682 2824 est
2703 2772 2987 2839 ingressus.
3011 2774 3190 2827 Solum
3217 2775 3357 2826 enim
3388 2774 3482 2827 be-

1916 2860 2194 2915 nedicebat
2234 2874 2329 2927 per
2370 2860 2680 2926 fenestram,
2724 2869 2777 2915 et
2812 2862 3067 2915 salutabat
3096 2877 3188 2916 eos
3213 2862 3300 2930 qui
3328 2877 3485 2917 acce-

1915 2949 2133 3011 debant,
2160 2962 2279 3002 cum
2312 2962 2627 3016 unoquoque
2672 2950 2941 3004 disserens
2965 2950 3034 3005 de
3070 2966 3135 3005 eo
3162 2953 3299 3019 quod
3333 2953 3480 3006 vole-

1914 3042 2007 3097 bat
2037 3043 2075 3093 ¹.
2108 3040 2239 3094 Cum
2273 3055 2398 3108 ergo
2428 3043 2645 3095 Instaret
2670 3040 2932 3107 tribunus,
2966 3058 3156 3111 rogans
3180 3058 3245 3095 an
3268 3044 3483 3110 juberet

1920 3148 2068 3187 suam
2100 3133 2281 3186 venire
2308 3133 2586 3203 conjugem
2627 3133 2874 3202 (degebat
2914 3136 3055 3187 enim
3097 3137 3149 3188 in
3196 3136 3480 3192 solitudine

1920 3225 2102 3290 quinto
2125 3222 2193 3276 ab
2216 3224 2345 3275 urbe
2370 3222 2563 3289 lapide)
2590 3222 2634 3275 is
2658 3231 2831 3276 autem
2856 3240 2961 3280 non
2983 3230 3274 3286 annuisset,
3298 3226 3483 3279 dicens

1919 3313 1970 3368 id
2004 3327 2107 3367 non
2138 3326 2292 3381 posse
2323 3312 2456 3374 fleri,
2502 3314 2704 3366 tristem
2754 3312 2956 3367 dimisit
2997 3314 3290 3369 hominem.
3339 3315 3482 3370 Uxor

1919 3412 2093 3456 autem
2122 3418 2223 3455 non
2250 3404 2487 3455 ce~sabat
2510 3402 2595 3455 die
2617 3412 2670 3455 et
2694 3412 2845 3455 nocte
2874 3403 3061 3455 marito
3079 3404 3341 3457 exhibere
3366 3419 3482 3457 mo-

1921 3492 2147 3553 lestiam,
2177 3500 2230 3543 et
2260 3489 2607 3559 jurejurando
2636 3490 2901 3544 alfirmare
2934 3505 2993 3544 se
3032 3506 3286 3560 nusquam
3315 3493 3484 3544 abitu-

1921 3598 2030 3635 ram
2075 3566 2171 3635 nisi
2200 3583 2402 3636 videret
2429 3584 2764 3648 prophetam.
2797 3581 3079 3649 Postquam
3124 3593 3299 3635 autem
3330 3583 3483 3635 beato

1919 3675 2108 3729 Joanni
2139 3691 2166 3727 a
2198 3676 2387 3729 marito
2412 3677 2764 3728 renuntiatum
2793 3673 3252 3743 estjusjurandum
3285 3675 3487 3739 uxoris,

1919 3768 2033 3833 ejus
2060 3766 2162 3819 lide
2198 3766 2482 3830 intellecta,
2506 3764 2635 3818 dicit
2663 3764 2727 3817 ad
2758 3766 2927 3831 ipsum
2959 3780 2972 3815 :
3015 3764 3123 3817 Hac
3151 3772 3305 3816 nocte
3326 3764 3392 3815 ab
3420 3778 3481 3816 ea

1927 3854 2143 3908 videbor
2176 3856 2226 3907 in
2255 3855 2455 3907 somnis
2480 3870 2494 3918 ;
2547 3868 2644 3907 nec
2670 3854 2897 3919 amplius
2927 3863 3105 3920 pergat
3134 3854 3183 3904 in
3212 3866 3372 3905 carne
3403 3853 3483 3903 vi-

1920 3946 2047 3998 dere
2078 3960 2247 3996 meam
2276 3945 2482 3997 faciem.
2513 3942 2675 3998 Uxori
2707 3952 2881 3997 autem
2910 3944 3227 3995 renuntiavit
3267 3943 3486 3996 maritus

1922 4051 1980 4088 ea
2010 4050 2125 4104 quae
2158 4036 2313 4088 Pater
2340 4036 2568 4088 dixerat.
2598 4034 2819 4087 Videbat
2844 4046 3022 4089 autem
3047 4034 3232 4087 mulier
3253 4035 3305 4086 in
3335 4049 3489 4087 sum-

1923 4125 2004 4178 nis
2034 4125 2341 4192 prophetam
2371 4124 2436 4177 ad
2467 4125 2631 4190 ipsam
2661 4124 2981 4177 venientem.
3011 4123 3106 4177 Cui
3152 4123 3278 4176 dicit
3307 4141 3321 4175 :
3350 4124 3486 4190 Quid

1924 4213 2017 4267 tibi
2050 4228 2252 4266 mecum
2282 4229 2358 4267 ret
2382 4224 2460 4267 est
2485 4212 2710 4265 mul:er?
2740 4213 2862 4280 quid
2890 4227 3058 4266 meam
3081 4213 3289 4279 cupiisti
3310 4213 3491 4267 videre

1926 4304 2160 4357 faciem?
2189 4304 2423 4372 nunquid
2452 4306 2592 4358 enim
2632 4303 2884 4372 propheta
2915 4319 3013 4372 ego
3038 4317 3180 4366 sum,
3218 4316 3307 4356 aut
3356 4304 3488 4373 justi

1926 4393 2099 4448 locum
2123 4394 2373 4447 obtineo?
2402 4394 2561 4445 homo
2583 4409 2697 4444 sum
2756 4403 2986 4459 eccator,
3008 4402 3060 4446 et
3080 4393 3319 4446 similiter
3337 4403 3495 4459 atque

1928 4499 2025 4539 vos
2055 4483 2285 4553 patibilis
2320 4501 2333 4535 :
2359 4484 2502 4535 oravi
2530 4494 2702 4535 tamen
2736 4498 2828 4549 pro
2851 4491 2901 4536 te
2930 4494 2983 4536 et
3008 4482 3169 4536 domo
3200 4482 3370 4535 mariti
3396 4483 3490 4547 tui,

1855 4543 1905 4608 D
1930 4588 1983 4628 ut
2001 4543 2088 4627 fia't
2100 4575 2251 4627 vobis
2267 4574 2557 4627 secundum
2584 4575 2738 4626 Iidem
2754 4583 3000 4626 vestram.
3028 4572 3103 4626 Ite
3118 4587 3244 4641 ergo
3266 4574 3316 4625 in
3341 4587 3491 4641 pace.

1934 4667 2139 4720 Etcum
2172 4668 2283 4718 haec
2313 4666 2556 4730 dixisset,
2600 4666 2842 4718 recessit.
2888 4664 3018 4717 Cum
3066 4672 3240 4717 autem
3269 4663 3493 4717 excitata

1932 4757 2116 4810 fuisset
2147 4756 2358 4818 mulier,
2387 4756 2708 4809 renuntiavit
2735 4755 2926 4807 marito
2947 4754 3102 4807 verba
3129 4754 3418 4820 propheta,
3443 4762 3496 4805 et

1932 4847 2167 4900 narravit
2198 4847 2411 4913 ﬁguram
2442 4855 2495 4898 et
2522 4844 2781 4910 habitum,
2813 4853 2867 4898 et
2888 4860 2980 4911 per
3009 4845 3251 4897 maritum
3275 4844 3323 4897 ei
3351 4844 3497 4896 misit

1932 4939 2161 5007 agendas
2205 4938 2421 5007 gratias.
2470 4935 2599 4989 Cum
2648 4952 2767 4990 eum
2818 4946 2992 4991 autem
3043 4936 3262 4990 vidisset
3310 4935 3496 4988 beatus

1930 5028 2182 5089 Joannes,
2212 5040 2475 5087 occupans
2502 5027 2549 5078 ei
2580 5024 2713 5078 dixit
2746 5043 2758 5076 :
2794 5024 2929 5077 Ecce
2959 5024 3172 5091 implevi
3218 5023 3356 5091 quod
3404 5038 3498 5090 po-

1932 5117 2258 5173 stulaveras;
2300 5129 2413 5167 eam
2456 5114 2597 5167 enim
2632 5115 2834 5178 videns,
2868 5114 3047 5168 monui
3092 5128 3158 5167 ne
3188 5128 3272 5167 me
3294 5114 3498 5168 videret

1933 5206 2179 5271 amplius,
2208 5202 2325 5266 sed,
2349 5202 2423 5255 Ite
2450 5203 2499 5255 in
2536 5218 2681 5270 pace.

2006 5316 2234 5369 Alterius
2263 5323 2435 5368 autem
2470 5314 2733 5381 prmpnsiti
2778 5330 2939 5380 uxor,
2990 5314 3209 5367 absente
3254 5313 3445 5365 marito
3472 5355 3486 5380 ,

1938 5407 2141 5460 ferebat
2185 5416 2413 5458 uterum.
2444 5406 2573 5458 Cum
2605 5413 2778 5457 autem
2804 5406 3147 5472 peperisset,
3180 5418 3244 5457 eo
3274 5403 3387 5469 ipso
3414 5402 3500 5453 the

1937 5509 2041 5563 quo
2068 5494 2184 5560 ejus
2215 5495 2435 5547 maritus
2464 5494 2712 5547 convenit
2750 5492 2958 5545 Patiem
2988 5490 3243 5545 Joannem
3269 5532 3285 5555 ,
3335 5491 3497 5543 animi

1935 5585 2164 5650 deliquio
2188 5582 2333 5636 venit
2360 5584 2409 5635 in
2441 5582 2749 5650 periculum.
2777 5581 2837 5634 Ei
2859 5589 3033 5635 autem
3055 5588 3269 5633 sanctus
3293 5593 3499 5631 annun-

1938 5672 2105 5735 tiat-it,
2134 5673 2313 5725 dicens
2340 5688 2353 5723 :
2377 5671 2433 5725 Si
2466 5672 2629 5725 scires
2655 5670 2851 5727 donum
2886 5672 2976 5727 Dei
3019 5669 3246 5741 (Joann.
3272 5684 3323 5725 tv
3346 5667 3402 5737 ).
3440 5673 3501 5724 ct

339 5779 358 5813 ⁸
388 5778 488 5837 Hic
512 5781 753 5851 quaedam
782 5784 995 5839 Graecus
1018 5789 1189 5838 textus
1211 5783 1494 5850 interserit,
1520 5798 1636 5852 qua:
1658 5784 1819 5841 babes
1858 5784 1996 5851 apud
2023 5782 2373 5847 Heraclidem,
2395 5797 2514 5853 cap.
2544 5782 2631 5839 2%.
