4258 6358
763 409 894 464 Hll

2207 409 2430 465 PALIA
2439 407 2524 463 Dll

3866 410 4013 463 illi

759 541 899 607 quod
928 538 1020 594 tibi
1050 547 1202 593 natus
1239 539 1308 593 sit
1350 538 1506 592 hodie
1546 538 1681 591 ﬁlius
1704 576 1720 603 ,
1759 538 1921 592 Deum
1953 536 2314 607 glorificares;
2346 538 2393 593 A
2422 541 2651 592 eminus.
2679 540 2809 593 Cum
2841 547 3022 596 essent
3047 551 3223 596 autem
3264 542 3508 595 collocuti
3538 542 3752 607 diutius,
3782 545 4001 599 tristitia

760 633 854 686 sed
883 642 1048 685 mater
1072 631 1188 699 ejus
1211 632 1590 699 propemodum
1614 630 1759 683 venit
1779 630 1828 681 in
1852 628 2161 697 periculum.
2186 628 2317 681 Cum

760 723 973 776 veneris
1000 724 1177 790 igitur,
1205 722 1441 774 invenies
1463 717 1714 773 infantem
1737 729 1935 785 septeni
1958 716 2072 769 dies
2096 717 2319 767 natum:

762 814 809 867 ei
852 816 1059 879 impone
1088 827 1278 866 nomen
1306 812 1553 864 Joannes.
1585 810 1823 877 Cumque
1862 822 1981 861 eum
2012 816 2155 859 recte
2193 806 2322 857 edu-

761 905 990 967 caveris,
1032 912 1085 956 et
1121 903 1186 955 ad
1215 916 1407 954 annum
1436 902 1720 965 septimum
1752 900 1954 950 venerit
1980 938 1995 961 ,
2026 898 2174 949 mitte
2200 910 2319 948 eum

762 1000 826 1051 ad
854 997 1139 1050 monachos
1166 998 1253 1066 qui
1284 1006 1407 1048 sunt
1446 996 1496 1048 iu
1528 994 1830 1047 solitudine.
1865 993 1928 1044 Et
1958 992 2069 1043 haec
2109 989 2321 1056 quidem

763 1089 1079 1143 ostendebat
1125 1089 1375 1141 miracula
1422 1088 1486 1141 iis
1530 1088 1617 1154 qui
1668 1084 1946 1137 veniebant
1988 1082 2054 1133 ab
2097 1080 2323 1142 exteris;

763 1178 876 1231 suis
921 1186 1095 1231 autem
1134 1176 1337 1231 civibus
1376 1184 1589 1243 propter
1626 1189 1776 1228 suum
1808 1187 1959 1225 usum
2005 1170 2217 1223 assidue
2257 1170 2322 1222 ad

765 1269 936 1334 ipsum
955 1267 1284 1320 venientibus
1304 1275 1358 1320 et
1381 1266 1687 1332 pra-sciebat
1708 1262 2091 1329 etprazdicebat
2118 1259 2284 1311 futura
2306 1275 2322 1322 ;

764 1368 818 1413 et
860 1373 979 1427 quae
1018 1358 1087 1411 ab
1123 1371 1437 1426 unoquoque
1472 1356 1678 1409 occulte
1717 1354 1849 1407 facta
1883 1354 2123 1417 fuerant,
2165 1358 2220 1404 et
2260 1350 2327 1405 de

766 1450 907 1514 Nilo,
938 1461 992 1503 et
1018 1452 1087 1504 de
1118 1450 1291 1503 futura
1321 1448 1445 1503 anui
1476 1448 1742 1500 fertilitate
1770 1447 1846 1499 eis
1874 1443 2219 1510 significabat.
2245 1442 2328 1495 Si-

768 1542 961 1594 militer
1008 1550 1185 1594 autem
1230 1540 1321 1594 Dei
1361 1552 1565 1606 quoque
1608 1539 1776 1589 minas
1814 1536 1877 1588 ad
1922 1548 2014 1587 eos
2052 1535 2329 1586 venientes

769 1631 915 1697 prius
941 1630 1319 1691 annuntiabat,
1354 1637 1408 1679 et
1433 1630 1548 1694 ejus
1572 1636 1812 1679 auctores
1851 1624 2123 1692 arguebat.
2158 1624 2333 1689 Atque

770 1722 880 1787 ipse
919 1718 1128 1787 quidem
1177 1719 1358 1770 beatus
1406 1719 1638 1772 Joannes
1684 1730 1786 1767 non
1830 1714 2114 1782 peragebat
2152 1721 2332 1779 aperte

766 1808 1097 1867 curationes;
1127 1807 1258 1859 dans
1287 1816 1461 1859 autem
1492 1807 1691 1867 oleum,
1722 1804 1925 1857 curavit
1956 1802 2149 1855 multos
2177 1816 2239 1854 ex
2270 1800 2332 1852 iis

767 1896 854 1963 qui
883 1895 1204 1947 laborabant.

837 1980 1097 2035 Senatorii
1139 1983 1277 2034 enim
1326 1981 1596 2050 cujusdam
1637 1981 1734 2034 viri
1777 1995 1940 2047 uxor,
1989 1994 2105 2046 qua».
2148 1976 2330 2031 oculos

768 2072 1037 2134 amiserat,
1067 2080 1121 2125 et
1147 2070 1369 2123 habebat
1402 2070 1621 2135 pupillas
1648 2071 1901 2123 obductas
1932 2068 2197 2135 albugine,
2240 2082 2329 2120 ro-

767 2166 912 2229 gavit
952 2166 1197 2217 maritum
1239 2179 1389 2217 suum
1420 2174 1475 2216 nt
1505 2165 1567 2216 ad
1598 2166 1765 2226 ipsum
1796 2164 2167 2216 deduceretur.
2198 2160 2329 2213 Cum

769 2253 813 2305 is
842 2261 1016 2306 autem
1058 2253 1279 2313 diceret.
1325 2266 1443 2306 eum
1486 2267 1750 2319 nunquam
1798 2250 2107 2306 convenisse
2148 2251 2335 2303 mulie-

771 2357 905 2405 rem,
947 2355 1007 2394 ea
1037 2351 1210 2394 autem
1243 2351 1450 2410 rogaret
1488 2351 1545 2394 ut
1586 2342 1683 2409 ipsi
1709 2343 1878 2394 solum
1910 2340 2331 2410 significaretur,

772 2443 824 2484 et
852 2446 949 2500 pro
979 2432 1090 2497 ipsa
1123 2430 1172 2482 id
1202 2428 1457 2494 efficeret,
1489 2431 1575 2483 ille
1601 2432 1678 2484 sic
1708 2430 1854 2493 fecit,
1886 2440 1939 2483 et
1969 2431 2109 2482 misit
2137 2432 2332 2483 oleum.

771 2521 903 2573 Cum
936 2529 1041 2571 tres
1069 2528 1242 2572 autem
1270 2519 1383 2572 dies
1407 2520 1575 2572 solum
1606 2519 1898 2572 inuuxisset
1924 2517 2128 2581 oculos,
2159 2531 2335 2583 τρεμο-

772 2611 868 2673 xit,
898 2618 950 2662 et
978 2608 1087 2661 Deo
1110 2618 1290 2675 aperte
1321 2608 1428 2676 egit
1454 2609 1669 2676 gratias.

849 2698 914 2753 Et
934 2698 1059 2767 quid
1081 2712 1212 2768 opus
1233 2696 1513 2751 estdicere
1577 2695 1643 2751 de
1707 2694 1827 2750 aliis
1898 2692 2016 2765 ejus
2085 2694 2337 2765 operibus

778 2804 897 2856 qua:
939 2790 1066 2857 ipsis
1110 2788 1275 2840 oculis
1313 2786 1649 2856 accepimus?
1681 2786 1905 2839 Eramus
1947 2784 2085 2837 enim
2132 2792 2337 2853 septem

776 2879 969 2934 fratres
1011 2877 1274 2949 peregrini
1306 2892 1492 2931 omnes
1522 2876 1571 2930 in
1604 2876 1889 2930 solitudine
1914 2874 2118 2940 Nitrite,
2160 2890 2259 2944 ego
2287 2884 2341 2929 et

778 2970 967 3024 beatus
1001 2969 1274 3038 Evagrius,
1315 2977 1369 3022 et
1397 2967 1619 3022 Albinus
1640 3007 1655 3033 ,
1683 2974 1739 3020 et
1766 2966 2093 3019 Ammonius.
2121 2966 2342 3031 Quaere-

779 3061 966 3116 bamus
995 3070 1169 3113 autem
1193 3059 1330 3114 scire
1355 3067 1598 3113 accurate
1623 3072 1863 3126 quaenam
1891 3066 2035 3110 esset
2064 3056 2216 3123 hujus
2245 3057 2341 3111 viri

780 3150 974 3203 virtus.
1000 3149 1142 3203 Dixit
1168 3158 1342 3202 autem
1371 3162 1591 3215 magnus
1621 3146 1874 3215 Evagrius
1903 3163 1916 3197 :
1944 3146 2211 3200 Lubenier
2241 3144 2345 3199 sci-

782 3258 895 3297 rem
928 3241 994 3295 ab
1049 3240 1226 3309 aliquo
1266 3240 1356 3308 qui
1400 3237 1539 3291 norit
1582 3236 1884 3291 examinare
1927 3246 1981 3289 et
2019 3245 2245 3289 mentem
2282 3235 2406 3294 etC

784 3332 1099 3393 orationem,
1140 3327 1414 3396 cujusnam
1443 3326 1582 3381 modi
1609 3326 1677 3379 sit
1708 3326 1817 3389 vir;
1848 3325 1892 3378 si
1923 3325 2063 3378 enim
2092 3339 2191 3391 ego
2219 3338 2338 3377 eum

787 3435 890 3474 non
921 3428 1138 3487 potuero
1164 3418 1363 3482 videre,
1405 3417 1519 3485 ejus
1556 3426 1731 3470 autem
1773 3417 1893 3468 vita:
1922 3416 2219 3469 institutum
2250 3430 2342 3469 ac-

786 3518 968 3562 curate
995 3508 1177 3562 audire
1206 3515 1425 3573 potuero
1450 3506 1554 3559 alio
1583 3513 1833 3558 narrante
1852 3544 1866 3567 ,
1911 3504 2107 3557 discam
2141 3515 2197 3556 ut
2222 3520 2342 3558 eum

786 3601 1126 3663 conveniam;
1159 3598 1297 3667 quod
1327 3597 1370 3649 si
1402 3609 1505 3649 non
1533 3596 1800 3661 didicero,
1832 3608 1934 3649 non
1969 3597 2055 3649 ibo
2085 3610 2250 3664 usque
2278 3596 2342 3648 ad

789 3703 1041 3747 montem.
1066 3689 1196 3743 Cum
1224 3688 1323 3741 hoc
1349 3698 1525 3743 autem
1556 3688 1859 3749 audiissem,
1887 3696 1941 3740 et
1971 3686 2165 3739 nemini
2192 3685 2344 3754 quid-

787 3796 943 3849 quam
975 3780 1222 3833 dixissem
1245 3821 1258 3841 ,
1301 3778 1471 3845 quievi
1501 3792 1660 3831 unum
1700 3776 1837 3829 diem
1864 3816 1877 3836 .
1920 3776 2025 3829 alio
2055 3786 2227 3827 autem
2257 3789 2345 3829 oc-

786 3871 915 3924 clusi
947 3870 1164 3931 cellam;
1197 3877 1392 3921 etcum
1419 3882 1504 3921 me
1539 3874 1595 3919 et
1635 3867 1801 3934 ipsam
1840 3865 1948 3919 Deo
1978 3865 2345 3917 commendas-

787 3974 932 4022 sem,
982 3957 1248 4025 profectus
1288 3971 1403 4009 sum
1446 3970 1611 4024 usque
1648 3955 1712 4008 ad
1745 3954 2089 4008 Thebaidem.
2123 3954 2251 4006 (lum
2281 3968 2347 4007 eo

785 4059 960 4100 autem
1010 4046 1191 4100 decem
1237 4054 1290 4099 et
1330 4056 1452 4099 octo
1497 4045 1698 4099 dierum
1742 4044 1913 4112 spatio
1952 4044 2343 4111 pervenissem.

788 4138 976 4205 partim
1010 4136 1219 4205 quidem
1254 4136 1471 4203 pedibus
1496 4176 1511 4200 ,
1559 4136 1747 4202 partim
1791 4150 1916 4189 vero
1957 4135 2251 4202 navigando
2294 4139 2344 4189 in

784 4228 1037 4281 flumine:
1065 4235 1178 4280 erat
1217 4239 1388 4279 autem
1429 4235 1637 4293 tempus
1674 4239 1925 4278 ascensus
1964 4224 2110 4295 (9!).
2152 4226 2204 4277 in
2243 4240 2348 4291 quo

787 4317 937 4370 lﬁulti
969 4326 1240 4384 aegrotant,
1272 4316 1407 4382 quod
1438 4316 1563 4368 mihi
1605 4331 1815 4383 quoque
1857 4317 2069 4369 accidit.
2101 4315 2231 4368 Cum
2260 4332 2350 4369 ve-

787 4405 984 4459 nissem
1038 4415 1251 4468 autem,
1304 4404 1477 4457 iuveni
1532 4406 1765 4458 clausum
1820 4405 1935 4474 ejus
1982 4406 2344 4472 vestibulum;

783 4494 977 4549 fratres
1001 4501 1141 4547 enim
1169 4496 1431 4560 posterius
1452 4496 1779 4549 nidificarunt
1808 4496 2090 4548 maximum
2114 4499 2349 4550 vestibu—

2423 644 2539 682 sum
2569 630 2805 693 affectus,
2853 641 2908 685 et
2957 632 3280 685 murmuravi
3328 634 3582 686 adversus
3630 634 3997 689 venerabilem

2422 734 2602 771 senem
2632 720 2745 787 (ΟΞ)
2773 761 2787 781 ,
2819 721 2957 787 quod
3002 737 3085 775 me
3115 724 3326 789 quidem
3359 726 3768 791 contempsisset
3795 762 3809 785 ,
3841 724 3994 775 illum

2422 818 2595 861 autem
2645 808 2985 873 honorassct;
3017 819 3069 862 et
3113 812 3181 863 ob
3228 812 3275 863 id
3318 812 3494 864 animo
3540 812 3908 877 Conturbatus,
3944 814 4001 865 in

2422 897 2601 949 animo
2628 898 2885 950 habebam
2912 913 2977 951 eo
3004 910 3308 965 contempto
3351 901 3623 955 recedere.
3659 901 3864 955 Vocato
3898 918 4000 953 au—

2422 994 2527 1039 tem
2576 990 2884 1056 interprete,
2932 990 3211 1045 Theodoro
3261 992 3492 1053 nomine,
3534 991 3663 1044 dicit
3711 991 3759 1045 ei
3793 1010 3804 1042 :
3833 992 4002 1059 Vade,

2423 1078 2507 1131 dic
2534 1078 2606 1132 illi
2638 1080 2781 1132 fratri
2807 1090 2859 1134 ut
2883 1096 2949 1134 ne
2970 1096 3111 1149 aegre
3133 1081 3295 1147 ferat;
3324 1083 3432 1150 jam
3463 1084 3673 1135 dimitto
3696 1083 4003 1149 prresidem,

2424 1178 2478 1222 et
2518 1186 2637 1223 eum
2691 1172 2944 1237 alloquar.
3002 1173 3180 1226 Visum
3231 1184 3311 1227 cst
3355 1189 3483 1243 ergo
3535 1174 3661 1226 mihi
3707 1174 4003 1227 toleranter

2427 1259 2588 1322 ferre,
2620 1269 2679 1312 ut
2707 1262 2791 1327 qui
2822 1264 3343 1329 animadvertissem,
3376 1278 3495 1317 eum
3526 1278 3646 1317 esse
3684 1263 4003 1329 spiritalem.

2426 1349 2554 1403 Cum
2581 1352 2797 1405 exiisset
2818 1362 2994 1405 autem
3024 1369 3243 1418 praeses,
3262 1369 3345 1406 me
3367 1354 3647 1412 arcersito.
3676 1354 3805 1406 dicit
3835 1353 3963 1404 niihi
3991 1371 4002 1400 :

2427 1442 2532 1494 Cur
2559 1453 2743 1495 contra
2772 1459 2856 1496 me
2886 1443 3026 1496 fuisti
3056 1445 3394 1513 indignatus?
3421 1443 3555 1509 Quid
3586 1443 3831 1496 invenisti
3861 1443 4005 1510 quod

2431 1539 2482 1584 te
2521 1531 2640 1598 jure
2680 1532 3007 1595 offenderet,
3040 1534 3179 1599 quod
3230 1534 3316 1585 illa
3366 1534 3544 1586 animo
3588 1533 3840 1598 reputasti
3888 1548 4007 1601 qua

2432 1636 2601 1687 neque
2629 1621 2753 1673 mibi
2779 1623 2993 1686 adsunt,
3028 1638 3197 1691 neque
3225 1634 3274 1675 te
3303 1623 3525 1675 decent?
3554 1625 3631 1674 An
3656 1624 3830 1673 nescis
3864 1623 4005 1673 scri-

2433 1720 2577 1777 ptum
2608 1726 2725 1764 esse
2751 1729 2761 1761 :
2787 1712 2899 1763 Non
2930 1726 3065 1777 opus
3099 1711 3290 1763 habent
3317 1713 3428 1762 sini
3462 1712 3686 1771 medico,
3722 1711 3813 1762 sed
3863 1710 4006 1763 male

2439 1799 2691 1851 habentes
2722 1798 2931 1865 (Matth.
2962 1815 3043 1859 ix;
3074 1799 3236 1851 Marc.
3263 1815 3292 1850 κ
3318 1815 3331 1861 ;
3360 1798 3508 1850 Luca:
3544 1796 3617 1863 ν).
3651 1798 3745 1857 Te,
3791 1800 4006 1863 quando

2360 1878 2407 1937 B
2436 1889 2574 1952 volo,
2608 1891 2839 1953 invenio,
2884 1899 2938 1942 et
2967 1897 3019 1941 tu
3050 1906 3163 1953 me;
3207 1897 3261 1941 et
3289 1891 3331 1940 si
3363 1899 3411 1941 te
3442 1904 3543 1941 non
3578 1890 3725 1941 fuero
3754 1890 4008 1940 consola-

2435 1985 2542 2041 tus,
2570 1978 2657 2029 alii
2688 1987 2737 2029 te
2767 1978 3108 2030 con~olantur
3134 1976 3342 2041 fratres,
3368 1988 3420 2030 et
3444 1978 3527 2029 alii
3562 1977 3758 2031 Patres.
3792 1977 3891 2029 llic
3922 1993 4010 2029 au-

2436 2076 2539 2120 tem
2570 2068 2657 2132 qui
2705 2083 2797 2134 per
2840 2069 3101 2120 mundana
3135 2070 3341 2136 negotia
3373 2080 3486 2121 erat
3516 2068 3724 2121 deditus
3765 2068 4012 2133 diabolo,

2435 2168 2490 2212 et
2527 2172 2645 2211 eum
2686 2159 2832 2211 brevi
2867 2160 3117 2224 temporis
3161 2161 3331 2225 spatio
3378 2161 3690 2226 respirasset
3734 2170 3787 2210 ut
3819 2171 4015 2211 servus

2434 2246 2522 2312 qui
2561 2245 2763 2313 aufugit
2804 2245 2871 2298 ab
2909 2256 3121 2300 austero
3160 2248 3398 2312 domino,
3432 2248 3657 2300 accessit
3687 2255 3743 2298 ut
3774 2249 4014 2313 aliquam

2434 2348 2645 2404 Caperet
2674 2337 2974 2391 utilitatem.
3010 2340 3307 2392 Absurdum
3348 2353 3476 2407 ergo
3516 2338 3698 2393 fuisset
3728 2348 3784 2391 ut
3821 2354 3887 2391 eo
3929 2353 4016 2392 re-

2440 2426 2566 2481 licto
2595 2435 2769 2481 tecum
2815 2443 3090 2493 versarer,
3122 2444 3241 2483 eum
3284 2440 3335 2482 tu
3377 2431 3588 2484 assidue
3630 2446 3786 2485 vaces
3833 2432 4015 2484 saluti.

2438 2519 2569 2573 Cum
2599 2535 2720 2572 eum
2753 2535 2879 2589 ergo
2911 2534 3176 2587 rogassem
3210 2531 3267 2574 ut
3294 2536 3391 2588 pro
3418 2537 3502 2574 me
3530 2532 3729 2583 oraret,
3761 2522 4017 2589 explora-

2441 2621 2549 2664 tum
2579 2610 2737 2663 habui
2769 2625 2887 2663 eum
2918 2624 3037 2663 esse
3067 2610 3233 2663 virum
3276 2611 3587 2679 spiritalem.
3631 2611 3779 2663 Tunc
3807 2612 4015 2663 urbane

2441 2713 2648 2752 mecum
2673 2698 2880 2766 jocans,
2912 2713 3030 2753 cum
3060 2700 3326 2753 sinistram
3360 2700 3625 2752 maxillam
3660 2700 3784 2751 milii
3812 2701 4018 2753 sensim

2441 2789 2726 2857 pulsasset,
2753 2789 2878 2843 dicit
2902 2806 2915 2842 :
2943 2790 3115 2842 Multae
3144 2800 3193 2843 te
3222 2801 3431 2843 manent
3460 2789 3797 2849 afﬂictiones.
3825 2801 3878 2843 et
3907 2806 4024 2857 gra-

2442 2880 2525 2933 via
2557 2878 2693 2932 bells
2730 2892 2913 2945 passus
2941 2894 2998 2931 es
3030 2886 3088 2931 ut
3116 2878 3289 2931 exires
3317 2893 3347 2932 e
3377 2877 3678 2942 solitudine,
3712 2878 4017 2946 timoreque

2442 2966 2664 3021 allectus
2706 2980 2787 3029 es.
2837 2976 2890 3020 et
2937 2967 3364 3035 distulisti:pios
3405 2978 3579 3021 autem
3630 2978 3921 3034 praetextus
3968 2978 4018 3022 et

2443 3056 2634 3108 rationi
2680 3065 3061 3109 consentaneus
3105 3056 3331 3110 alferens
3369 3058 3575 3109 damon
3604 3101 3617 3123 ,
3662 3067 3711 3110 te
3751 3059 4017 3123 exagitat.

2444 3145 2561 3198 Tibi
2591 3145 2730 3197 enim
2758 3147 3018 3215 suggessit
3044 3156 3094 3199 et
3118 3147 3280 3214 patris
3303 3150 3372 3199 tui
3395 3148 3737 3209 desiderium,
3764 3159 3811 3201 cl
3840 3149 4023 3203 fratris

2446 3236 2517 3286 tui
2559 3243 2613 3288 et
2650 3236 2853 3287 sororis
2892 3245 2994 3287 tute
3036 3237 3088 3288 in
3132 3238 3237 3289 vita
3285 3239 3569 3290 monastica
3614 3238 4023 3293 institutioni-in.

2445 3324 2582 3375 Ecce
2628 3338 2754 3391 ergo
2802 3322 2997 3376 bonum
3040 3325 3133 3377 tibi
3179 3325 3342 3378 affero
3380 3327 3619 3379 nuntium
3655 3344 3666 3378 :
3696 3328 3852 3380 ambo
3893 3324 4023 3380 salvi

2442 3422 2593 3479 sunt,
2647 3412 2844 3467 mundo
2882 3414 3020 3465 enim
3071 3415 3475 3477 renuntiarunt,
3512 3425 3562 3468 et
3600 3425 3746 3483 pater
3788 3428 3914 3468 tuus
3946 3430 4023 3471 est

2444 3503 2616 3556 adhuc
2664 3504 2899 3555 victurus
2952 3514 3154 3569 septem
3205 3518 3394 3556 annos.
3452 3505 3579 3557 Esto
3634 3520 3758 3571 ergo
3800 3505 3927 3558 forti
3978 3524 4023 3556 t‘!

2444 3592 2706 3644 constanti
2735 3594 2911 3646 animo
2938 3594 2989 3645 in
3018 3594 3327 3663 solitudine,
3361 3610 3457 3648 nec
3484 3611 3665 3648 eorum
3696 3609 3855 3649 causa
3892 3600 4023 3647 γτνῖῑς

2446 3682 2593 3735 abire
2644 3683 2693 3733 iu
2744 3685 2985 3750 patriam.
3036 3683 3302 3751 Scriptum
3359 3694 3447 3737 cst
3494 3689 3633 3738 enim
3670 3705 3681 3737 :
3714 3688 3881 3741 Nemo
3933 3695 4022 3755 qui

2448 3785 2659 3824 manum
2691 3773 2921 3824 admovit
2951 3783 3156 3835 aratro,
3211 3784 3372 3826 etest
3402 3789 3721 3837 conversus.
3756 3789 3833 3829 est
3870 3794 4023 3844 οριιις

2446 3876 2611 3928 regno
2644 3863 2735 3914 Dei
2768 3862 2944 3925 (Luca:
2976 3864 3075 3929 Ix).
3122 3865 3196 3917 Ex
3237 3865 3317 3917 his
3348 3879 3472 3932 ergo
3511 3868 3684 3918 verbis
3730 3870 3946 3935 adjutus
3974 3880 4024 3922 cl

2447 3952 2574 4003 satis
2612 3952 2924 4016 roboratus,
2971 3952 3081 4005 Deo
3112 3955 3192 4022 egi
3225 3956 3442 4021 gratias,
3478 3971 3596 4009 cum
3630 3958 3898 4022 intellexi,
3933 3975 4024 4013 eos

2446 4040 2533 4107 qui
2578 4055 2661 4093 me
2708 4045 2965 4109 urgebant
3011 4052 3297 4111 prmtextus
3343 4058 3463 4098 esse
3514 4058 3773 4112 peractos.
3820 4049 4025 4104 Deinde

2448 4143 2632 4181 rursus
2672 4129 2799 4181 mihi
2839 4128 2986 4194 dicit,
3030 4132 3226 4184 urbane
3266 4147 3469 4184 mecum
3507 4135 3695 4200 jocans
3729 4152 3741 4187 :
3781 4137 3868 4189 Vis
3913 4140 4024 4193 fieri

2448 4218 2761 4284 episcopus?
2802 4218 2915 4271 Dixi
2953 4228 3127 4271 autem
3157 4236 3169 4271 :
3196 4221 3568 4289 Nequaquam;
3606 4240 3720 4277 sum
3769 4232 3935 4280 enim.
3981 4230 4026 4281 ls

2449 4317 2625 4359 autem
2650 4307 2776 4358 mibi
2801 4309 2961 4360 dicit:
2986 4308 3358 4378 UbiiDixiego
3378 4328 3392 4364 :
3416 4313 3467 4365 lo
3491 4314 3744 4379 coquinis,
3775 4315 3825 4365 in
3854 4330 4017 4379 penu,

2450 4397 2503 4450 in
2536 4399 2752 4461 mensis,
2787 4400 2837 4451 in
2865 4399 3019 4452 doliis
3046 4417 3058 4452 :
3085 4416 3144 4453 ea
3175 4402 3455 4470 diligenter
3486 4405 3741 4469 inspicio,
3782 4418 3832 4458 et
3864 4408 3909 4458 si
3945 4409 4026 4460 vi.

2452 4504 2574 4541 num
2601 4491 2819 4552 acuerit,
2837 4490 2885 4541 id
2904 4504 3155 4559 segrego;
3180 4493 3372 4545 bonum
3393 4496 3703 4550 autembabo
3733 4514 3745 4560 ;
3777 4499 4026 4553 similiter

785 4585 913 4647 lum,
940 4583 1075 4650 quod
1098 4584 1338 4650 capiebat
1369 4586 1507 4637 viros
1533 4586 1747 4639 circiter
1766 4597 1975 4638 centum
2001 4586 2170 4653 :quod
2197 4588 2345 4642 clave
2374 4576 2426 4635 D
2450 4579 2606 4631 ollam
2636 4594 2845 4648 Quoque
2875 4580 3150 4649 diligenter
3188 4583 3442 4648 inspicio,
3484 4594 3538 4637 et
3583 4588 3624 4636 si
3665 4587 3739 4638 sal
3793 4588 4027 4642 defuerit

781 4674 1110 4739 claudentes,
1140 4675 1448 4741 aperiebant
1476 4684 1673 4728 tantum
1706 4678 1937 4731 Sabbato
1966 4687 2021 4731 et
2047 4678 2340 4734 Dominica.

780 4763 912 4816 Cum
938 4777 1064 4831 ergo
1089 4763 1392 4817 didicissem
1417 4778 1626 4817 causam
1652 4776 1866 4833 propter
1883 4781 2036 4831 quam
2056 4777 2173 4820 erat
2199 4769 2344 4821 clau-

781 4866 920 4914 sum,
962 4852 1227 4905 silentium
1258 4853 1339 4919 egi
1369 4867 1533 4920 usque
1562 4854 1623 4906 ad
1667 4854 1975 4907 Sabbatum.
2012 4856 2075 4907 Et
2104 4871 2224 4909 cum
2258 4872 2347 4911 vc—

780 4942 976 4995 nissem
1018 4943 1143 4995 liora
1190 4943 1460 5007 secunda,
1510 4943 1560 4996 in
1590 4944 1961 5011 cuiigressione
2008 4960 2127 4998 eum
2172 4948 2343 5003 inveni

778 5032 1095 5086 assidentem
1133 5030 1185 5085 in
1220 5032 1480 5095 fenestra,
1516 5047 1609 5099 per
1656 5048 1810 5100 quam
1842 5032 2117 5087 videbatur
2152 5050 2344 5089 conso-

777 5122 872 5174 lari
903 5136 995 5175 eos
1024 5123 1111 5189 qui
1137 5121 1480 5175 accedebant.
1523 5121 1651 5176 Cum
1698 5139 1781 5177 me
1817 5136 1988 5177 autem
2022 5127 2337 5194 salutasset,

776 5211 909 5263 dixit
938 5226 1028 5278 per
1056 5212 1394 5277 interpretem
1425 5212 1743 5283 :anasnam
1774 5230 1832 5269 es
1863 5217 2122 5287 regionis,
2168 5229 2221 5273 ct
2248 5235 2345 5275 cur

775 5302 1003 5355 venisti?
1030 5300 1258 5368 conjicio
1294 5304 1436 5356 enim
1477 5312 1526 5355 te
1563 5318 1682 5357 esse
1721 5320 1782 5359 ex
1819 5317 2081 5360 conventu
2113 5307 2336 5377 Evagrii.

778 5390 894 5444 Dixi
924 5402 1096 5445 autem
1124 5407 1207 5446 me
1232 5407 1351 5447 esse
1379 5394 1641 5460 hospitem
1674 5411 1737 5448 ex
1769 5397 2002 5465 Galatia,
2047 5410 2099 5453 et
2127 5401 2339 5455 confes-

774 5494 864 5534 sus
894 5496 1009 5535 sunt
1039 5496 1120 5533 me
1143 5496 1259 5536 esse
1284 5499 1348 5538 ex
1371 5482 1649 5537 sodalitate
1674 5486 1899 5554 Evagrii.
1926 5488 2137 5542 Interim
2160 5500 2335 5545 autem

774 5573 900 5627 dum
961 5573 1319 5641 loqueremur,
1382 5575 1653 5641 ingressus
1691 5586 1771 5629 est
1810 5593 2007 5645 praises
2067 5582 2335 5649 regionis,

774 5665 995 5734 Alypius
1024 5666 1271 5727 nomine;
1303 5681 1405 5733 quo
1436 5679 1776 5735 accurrente,
1811 5670 1961 5724 desiit
1994 5687 2196 5727 mecum
2229 5675 2337 5727 col-

774 5752 937 5818 loqui.
969 5753 1099 5810 Cum
1126 5771 1255 5826 ergo
1282 5771 1467 5826 parum
1499 5760 1864 5827 scccssissem,
1905 5761 2025 5816 dedi
2052 5762 2131 5817 eis
2160 5762 2333 5818 locum

2450 4674 2533 4727 vel
2560 4673 2882 4727 condimenti
2913 4675 3106 4743 aliquid
3126 4716 3140 4738 ,
3181 4690 3298 4729 eam
3331 4677 3522 4728 condio
3542 4718 3555 4741 ,
3593 4689 3645 4729 et
3674 4678 3748 4729 sic
3777 4694 3896 4730 eam
3930 4695 4026 4733 co-

2452 4766 2627 4818 medo.
2672 4765 2766 4818 llic
2811 4776 2892 4817 est
2932 4780 3081 4818 meus
3122 4767 3453 4832 episcopatus
3478 4809 3493 4833 ,
3543 4783 3657 4819 mea
3692 4770 3906 4833 inquam
3944 4774 4027 4823 ie-

2450 4855 2684 4919 spectio,
2721 4870 2803 4907 me
2833 4856 2973 4908 enim
3004 4857 3069 4907 ad
3100 4871 3218 4908 eum
3252 4857 3451 4925 delegit
3480 4858 3618 4923 gula.
3655 4861 3699 4911 Is
3733 4876 3857 4911 vero
3891 4864 4027 4916 di\il

2452 4942 2943 4997 subridenszhlitte
2992 4944 3238 5009 ridicula;
3298 4946 3525 4999 futurum
3573 4958 3656 5000 est
3701 4959 3753 5001 ut
3807 4951 4028 5019 cligaris

2451 5034 2755 5100 episcopus,
2799 5045 2851 5088 et
2880 5037 3100 5088 multum
3131 5037 3371 5101 labores,
3413 5049 3464 5091 et
3504 5039 3782 5108 at‘ﬂigaris;
3818 5043 3862 5094 si
3898 5060 4026 5111 ergo

2448 5123 2584 5192 fugis
2609 5125 2944 5186 alﬂirtienes.
2973 5141 3039 5179 ne
3066 5142 3222 5179 exeas
3253 5143 3282 5180 e
3310 5129 3612 5188 solitudine.
3650 5132 3698 5182 in
3727 5134 4025 5188 solitudine

2445 5214 2586 5266 enim
2617 5228 2774 5267 nemo
2802 5222 2850 5265 te
2877 5226 3045 5282 potest
3070 5216 3317 5270 ordinare
3345 5224 3671 5287 episcopum.
3701 5220 3810 5288 Ego
3841 5234 4021 5277 autem

2445 5301 2560 5368 ejus
2591 5303 2868 5355 verborum
2914 5320 3029 5356 sum
3064 5305 3286 5371 oblitus,
3334 5308 3502 5360 tribus
3538 5311 3677 5362 enim
3712 5319 3829 5375 post
3865 5314 4023 5367 annis

2444 5400 2497 5445 et
2532 5394 2716 5459 sp'ene
2748 5399 2802 5446 et
2830 5393 3105 5447 stomacho
3144 5394 3398 5449 laboravi.
3445 5397 3596 5451 Illinc
3642 5407 3815 5453 autem
3843 5415 3874 5453 a
3907 5402 4020 5457 ira-

2447 5481 2617 5534 tribus
2658 5482 2851 5535 missus
2881 5497 2997 5536 sum
3029 5484 3428 5549 Alexandriam,
3463 5488 3674 5541 morbus
3715 5490 3858 5543 enim
3904 5492 4022 5565 (93)

2445 5569 2508 5622 ad
2538 5570 2840 5639 liydropisin
2876 5575 3143 5641 vergebat,
3176 5573 3245 5627 ab
3269 5576 3586 5630 Alexandria
3612 5588 3787 5631 autem
3811 5596 4009 5637 consu-

2446 5666 2658 5719 luerunt
2688 5668 2875 5721 medici
2908 5678 2964 5721 ut
3005 5671 3141 5723 aeris
3183 5671 3349 5738 gratia
3382 5673 3511 5726 irent
3551 5674 3602 5727 in
3642 5674 4014 5748 Palmsrinsm;

2444 5765 2604 5820 habet
2630 5765 2766 5821 enim
2796 5767 2931 5831 quod
2948 5766 3012 5821 ad
3032 5782 3203 5823 meam
3220 5770 3403 5825 attinet
3432 5782 3861 5833 temperaturam.
3886 5779 4016 5832 sub-
