4258 6358
756 406 900 472 1115⁴

2220 392 2569 460 PALLADII

3890 391 4030 457 1116

754 518 1012 573 Βιθυνίαν
1032 531 1048 547 ⁸
1071 516 1165 570 καὶ
1191 517 1248 569 ἐν
1274 514 1471 587 ταύτῃ,
1499 515 1599 567 οὐκ
1623 510 1739 567 οίδα
1776 515 1892 578 πῶς
1926 514 2087 581 εἴπω,
2115 514 2224 567 εἴτε
2244 512 2337 565 καὶ
2370 517 2411 569 Α
2439 507 2497 559 δὲ
2520 504 2757 571 εἴπαμεν
2807 504 2906 573 τὴν
2953 502 3207 587 πατρίδα,
3251 504 3345 556 καὶ
3382 504 3464 556 δτι
3508 502 3788 571 Ὢφελείας
3834 506 4032 574 ψυχῶν

751 602 810 668 ἐξ
826 599 1175 672 ἀνθρωπίνης
1190 598 1445 667 σπουδῆς,
1463 598 1572 649 εἴτε
1592 599 1684 649 καὶ
1707 598 1765 663 ἐξ
1783 598 2032 660 εὐδοκίας
2048 598 2139 651 τοῦ
2161 596 2337 666 κρείτ-

750 703 923 748 τονος,
959 683 1115 752 μόνος
1149 682 1177 732 ό
1204 680 1334 742 Θεὸς
1367 680 1432 733 ἂν
1460 680 1650 749 είδείη,
1688 680 2034 750 κατηξιώθην
2066 682 2164 749 τῆς
2198 681 2336 747 ὑπὲρ

751 772 849 839 ἐμὲ
880 765 1234 837 χειροτονίας,
1271 767 1610 835 κοινωνήσας
1636 768 1701 835 τῇ
1732 768 2051 833 περιστάσει
2096 769 2163 835 τῇ
2195 765 2337 818 κατά

752 857 842 907 τὸν
876 851 1142 922 μακάριον
1194 850 1469 917 Ἰωάννην.
1538 851 1646 902 Καὶ
1675 852 1767 903 ἐπί
1810 850 2004 903 ἕνδεκα
2055 852 2229 918 μῆνας
2280 851 2337 903 ἐν

753 935 967 1004 ζοφερῷ
999 933 1195 1000 κελλίῳ
1222 933 1596 1000 κρυπτόμενος
1626 933 1908 1001 ἐμνήσθην
1936 934 2030 985 τοῦ
2066 931 2337 1001 μακαρίου

753 1022 847 1074 καὶ
869 1016 1174 1085 θαυμασίου
1209 1017 1395 1083 ἀνδρὸς
1420 1017 1654 1080 ἐκείνου,
1692 1019 1775 1069 δτι
1811 1016 1984 1070 ταῦτά
2017 1033 2106 1088 μοι
2148 1016 2339 1082 προεί-

759 1118 924 1171 ρηκεν
954 1102 1097 1167 άπερ
1129 1098 1221 1150 νῦν
1245 1100 1505 1167 ὑπέστην.

826 1182 1133 1253 Διηγήσατό
1151 1182 1305 1251 μοιδέ
1322 1183 1415 1234 καὶ
1430 1182 1587 1235 τοῦτο
1601 1185 1628 1235 ό
1650 1184 1825 1253 μέγας
1845 1183 2085 1253 ἀθλητὴς
2100 1181 2193 1235 τοῦ
2206 1184 2342 1253 Χρι-

760 1267 910 1331 στοῦ,
928 1268 1001 1329 ὡς
1024 1266 1255 1334 ὀφείλων
1282 1283 1347 1333 με
1371 1265 1457 1316 διὰ
1481 1265 1575 1317 τοῦ
1610 1265 1949 1335 διηγήματος
1979 1269 2058 1327 εἰς
2085 1266 2184 1335 τὴν
2206 1268 2337 1317 ύπο-

763 1352 932 1418 μονὴν
957 1351 1183 1415 ἀγαγεῖν
1202 1349 1298 1415 τῆς
1344 1348 1554 1417 ἐρήμου
1597 1350 1735 1417 πρὸς
1760 1350 1819 1401 τὸ
1849 1350 2121 1419 μηδέποτε
2173 1352 2343 1417 αὐτῆς

760 1432 1127 1501 χωρισθῆναι·
1148 1432 1322 1498 λέγων
1360 1431 1647 1499 μοιτοῦτο,
1666 1434 1747 1484 ὅτι
1773 1430 2343 1501 Τεσσαρακονταοκτὼ

762 1519 857 1587 ἐτη
893 1518 999 1585 ἔχω
1027 1522 1081 1567 ἐν
1112 1520 1178 1585 τῇ
1208 1517 1371 1585 κέλ).ῃ
1398 1516 1573 1586 ταύτῃ
1598 1533 1612 1545 ·
1652 1517 1712 1567 ού
1750 1517 2008 1581 γυναικὸς
2052 1518 2344 1584 πρόσωπον

766 1602 894 1664 ίδον,
930 1602 989 1652 οὺ
1020 1603 1349 1669 νομίσματος
1368 1618 1380 1629 ο
1411 1600 1470 1650 ού
1498 1600 1855 1669 μασσώμενόν
1889 1600 1955 1667 μέ
1984 1616 2065 1660 τις
2094 1600 2222 1662 ίδεν,
2246 1600 2345 1651 οὐκ

762 1685 1030 1747 ἐσθίοντα,
1060 1684 1119 1732 ού
1156 1684 1376 1734 πίνοντά
1414 1700 1479 1750 με
1526 1683 1632 1733 ἴδεν
1659 1700 1743 1743 τις
1773 1685 2009 1737 πώποτε.

849 1780 1233 1849 Ἀναχωρήσας
1266 1780 1357 1831 οῦν
1391 1779 1554 1831 αὑτοῦ
1582 1776 1744 1849 ἦλθον
1784 1781 1865 1841 εἰς
1894 1781 1992 1850 τήν
2024 1780 2229 1851 ἔρημον
2264 1782 2344 1843 είς

2439 590 2600 641 ἕνεκα
2637 588 2747 639 ἀπὸ
2788 586 3175 656 Ἰεροσολύμων
3206 587 3622 655 παρεγενόμεθα
3654 589 3788 655 πρὸς
3818 590 3902 652 σε,
3938 590 4029 654 ἵν’,

2442 672 2587 738 ἆπερ
2622 669 2688 721 δι’
2736 669 2906 737 ἀκοῆς
2956 668 3397 737 παρειλήφαμεν,
3437 669 3609 721 ταῦτα
3639 669 3796 738 ὄψεσι
3842 686 4033 737 παραο

2442 752 2695 823 λάϐωμεν
2723 744 2858 820 (ὦτα
2888 752 2995 819 γὰρ
3019 752 3260 817 πέφυκεν
3275 754 3608 819 ἀπίστοτερα
3638 748 3784 804 εἶναι
3815 754 4029 819 ὀφθαλ-

2446 837 2582 905 μῶν,
2651 835 2745 887 καὶ
2791 835 2871 885 δτι
2912 836 2977 901 τῇ
3014 836 3147 903 ἀκοῇ
3197 834 3455 895 πολλάκις
3489 834 3623 904 λήθη
3679 852 3761 897 τις
3806 835 4030 893 ἕπεται,

2440 920 2539 985 τῆς
2571 918 2625 970 δέ
2656 916 2897 987 ὁράσεως
2938 918 2971 985 ἡ
3014 918 3202 987 μνήμη
3235 920 3333 970 οὐκ
3381 906 3745 985 άπαλείῲεται
3776 936 3790 949 ·
3840 918 3959 970 ἀλλ’
3995 922 4030 986 ἡ

2445 1001 2655 1072 ἱστορία
2706 1003 2773 1070 τῇ
2824 999 3033 1067 διανοίᾳ
3087 1001 3251 1051 οἱονεὶ
3304 1000 3699 1069 ἐντετύπωται)
3733 1016 3745 1029 ·
3792 996 3917 1053 εἷπε
3966 1002 4033 1069 δὴ

2442 1086 2579 1155 πρὸς
2605 1085 2749 1152 ἡμᾶς
2790 1082 3111 1151 ἀποκριθεὶς
3160 1082 3188 1133 ό
3242 1084 3531 1152 μακάριος·
3560 1085 3671 1136 Καὶ
3711 1084 3764 1135 τί
3810 1084 4034 1151 θαυμα-

2445 1170 2569 1221 στὸν
2598 1166 2877 1237 ὀψόμενοι,
2931 1160 2975 1219 ὦ
3008 1165 3464 1235 προσφιλέστατοι
3513 1167 3723 1230 παῖδες,
3761 1168 4033 1235 τοσαύτην

2444 1253 2561 1306 ὁδὸν
2604 1251 2697 1303 καὶ
2732 1250 2979 1319 κάματον
3018 1249 3332 1318 ὑπήλθατε;
3369 1249 3692 1319 ἀνθρώπους
3732 1252 4035 1312 ταπεινοὺς

2446 1337 2539 1389 καὶ
2580 1334 2817 1399 εὐτελεῖς
2854 1334 2987 1402 όρᾷν
3033 1332 3446 1400 ἐπιθυμήσατε,
3488 1332 3641 1384 οὐδὲν
3689 1333 3840 1397 ἀξιον
3896 1334 4037 1386 θεω·

2448 1417 2593 1487 ρίας,
2618 1416 2739 1469 οὐδὲ
2762 1415 3039 1484 θαύματος
3064 1414 3308 1483 ἔχοντας.
3335 1414 3619 1482 Πανταχοῦ
3640 1414 3695 1467 δέ
3726 1418 3865 1467 εἰσιν
3892 1416 4037 1479 ἄξιοι

2446 1500 2722 1567 θαύματος
2770 1500 2863 1551 καὶ
2902 1496 3150 1558 ἐπαίνου,
3205 1496 3338 1547 ὅπου
3369 1494 3506 1547 Θεοῦ
3539 1498 3816 1567 προφῆταί
3847 1515 3909 1550 τε
3943 1499 4037 1550 καὶ

2447 1583 2735 1635 ἀπόστολοι
2768 1585 2824 1633 ἐν
2854 1584 2973 1641 ταῖς
3004 1579 3325 1646 ἐκκλησίαις
3377 1579 3846 1645 ἀναγινώσκονται
3878 1620 3894 1643 ,
3942 1580 4036 1641 οῦς

2446 1666 2526 1717 δεῖ
2561 1663 2867 1732 μιμεῖσθαι.
2918 1661 3195 1730 Θαυμάζω
3224 1662 3315 1720 δὲ,
3348 1664 3537 1730 φησὶν,
3582 1661 3703 1713 λίαν
3733 1665 3903 1729 ὑμᾶς,
3941 1664 4037 1713 καὶ

2447 1748 2546 1815 τὴν
2579 1746 2729 1815 ὑμῶν
2762 1744 3017 1812 σπουδήν,
3050 1742 3167 1804 πῶς
3212 1742 3488 1803 τοιούτους
3528 1744 3879 1813 ὑπεριδόντες
3922 1763 4040 1795 xw-

765 1825 2341 1934 ezw18;?»33133383«366135;;élséi'éﬁﬁéézl;
2376 1852 2417 1907 B
2452 1826 3059 1934 ξὶἷουξῖξῗὶδῖέέἷίῗζ¹
3081 1825 3401 1934 Ῑέἶὲἡὶίῇἲ
3436 1826 4039 1934 ῗλέἔέἷδὲἷειίῖΐῖἒξὲῗ

767 1952 855 2009 νός
878 1949 985 2006 τοῖς
1018 1947 1191 2011 ἁγίοις
1215 1945 1460 2016 Πατράσι
1478 1948 1544 1997 τά
1566 1947 1693 2014 περὶ
1711 1947 1805 1998 τοῦ
1828 1947 2116 1998 θεσπεσίου
2135 1948 2343 2016 ἀνδρός·

766 2028 977 2088 οἵτινες
1009 2026 1147 2093 μετά
1184 2026 1275 2076 δύο
1310 2030 1484 2095 μῆνας
1521 2027 1993 2095 μεταπλεύσαντες
2031 2022 2221 2097 ῆλθον,
2252 2028 2349 2080 καὶ

772 2112 1060 2177 συνέτυχον
1093 2108 1238 2177 αὐτῷ
1262 2149 1275 2171 ,
1316 2111 1410 2160 καὶ
1446 2110 1603 2161 αὐτοὶ
1644 2112 1777 2179 ἡμῖν
1815 2111 2165 2181 διηγήσαντο.
2205 2111 2349 2180 Πρὸς

772 2194 932 2247 αὐτὸν
948 2193 1003 2245 δὲ
1025 2192 1351 2253 ἀπελθόντας
1370 2192 1653 2260 ἠσπάσατο
1671 2195 1837 2262 ἡμᾶς,
1856 2194 2061 2264 φαιδρῷ
2078 2196 2155 2265 τῷ
2178 2211 2347 2260 προσ·

772 2277 907 2343 ώπῳ
947 2276 1158 2344 ἑκάστῳ
1191 2275 1734 2345 προσιλαρευόμενος.
1761 2279 1869 2329 Καὶ
1893 2276 2154 2346 ἠξιοῦμεν
2186 2277 2347 2330 αὑτὸν

774 2360 935 2422 εὐθὺς
968 2359 1131 2427 εὐχὴν
1169 2359 1382 2410 τελέσαι
1418 2358 1631 2426 πρῶτον
1669 2358 1809 2427 ὑπὲρ
1838 2360 1994 2429 ὴμῶν
2027 2360 2203 2429 (τοῦτο
2243 2360 2351 2430 γάρ

774 2442 894 2505 ἔθος
910 2446 1020 2505 τοῖς
1054 2443 1329 2511 Πατράσιν
1360 2442 1473 2493 ἐστὶ
1498 2444 1630 2494 πᾶσι
1657 2444 1767 2506 τοῖς
1791 2446 1848 2495 ἐν
1884 2443 2185 2513 Αἰγύπτῳ).
2219 2443 2277 2494 Ὀ
2296 2444 2352 2495 δὲ

776 2527 1005 2579 ἐπύθετο
1031 2527 1103 2597 μὴ
1128 2527 1233 2593 ἀρα
1258 2544 1339 2587 τις
1370 2526 1628 2595 κληρικὺς
1656 2528 1712 2578 ἐν
1734 2526 1865 2594 ἡμῖν
1891 2526 1996 2595 εἴη.
2037 2526 2121 2588 Ὠς
2140 2526 2194 2577 δὲ
2216 2526 2351 2595 ἐφη-

780 2627 879 2678 μεν
896 2612 1094 2669 πάντες
1116 2610 1189 2678 μὴ
1208 2602 1854 2677 είναι,-περι6λεψάμενος
1874 2608 2120 2670 ἅπαντας
2140 2610 2355 2674 ἐπέγνω

780 2694 873 2745 τὸν
901 2693 1279 2761 κεκρυμμένον
1303 2686 1389 2760 (ἦν
1414 2691 1470 2742 δὲ
1486 2691 1591 2760 ἀρα
1613 2686 1691 2752 είς
1709 2692 1768 2755 ἐξ
1791 2692 1945 2760 ήμῶν
1962 2692 2060 2759 τῆς
2082 2690 2356 2753 διακονίας

780 2778 1109 2845 ἠξιωμένος,
1126 2774 1242 2837 ἐνὸς
1260 2773 1487 2842 ἀδελφοῦ
1512 2775 1641 2827 αὐτὸ
1659 2775 1819 2827 τοῦτο
1852 2776 2145 2838 ξυνειδότος
2171 2776 2355 2845 μόνου,

780 2852 825 2923 ᾧ
855 2861 945 2911 καὶ
980 2857 1315 2927 παρήγγειλε
1366 2857 1556 2927 μηδενὶ
1583 2858 1833 2926 φράζειν,
1862 2858 2357 2928 ταπεινοφροσύνης

782 2942 968 3005 ἓνεκα,
1004 2944 1097 2994 καὶ
1122 2942 1203 2992 δτι
1233 2943 1290 2991 ἐν
1326 2940 1607 3008 συγκρίσει
1637 2942 1894 2993 τοιούτων
1930 2942 2097 3007 ἁγίων
2130 2943 2224 2993 καὶ
2259 2944 2359 3010 τῆς

785 3024 1156 3093 προσηγορίας
1199 3022 1306 3074 τῶν
1348 3022 1704 3091 Χριστιανῶν
1763 3022 1915 3091 μόλις
1967 3022 2157 3074 ἐαυτὸν
2212 3022 2360 3086 ἄξιον

786 3112 991 3175 ἠγεῖτο,
1036 3109 1232 3176 μήτιγε
1269 3106 1364 3159 τοῦ
1400 3106 1765 3177 ἀξιώματος).
1801 3106 1878 3175 Τῇ
1920 3107 2064 3174 χειρὶ
2117 3102 2211 3159 οὖν
2239 3109 2360 3158 ἐπι·

786 3194 999 3251 δεικνὺς
1037 3191 1222 3253 αὑτὸν,
1258 3190 1423 3241 πᾶσιν
1466 3188 1649 3254 ἔλεγεν
1672 3228 1686 3251 ,
1721 3182 1890 3249 Οὗτος
1934 3188 2178 3253 διάκονός
2218 3192 2358 3243 ἐστι.

789 3277 832 3328 Τ
836 3276 897 3328 οῦ
932 3275 987 3327 δέ
1016 3274 1253 3342 συνεχῶς
1274 3272 1632 3343 ἀρνουμένου,
1667 3272 1760 3322 καὶ
1781 3270 1964 3322 λαθεῖν
1997 3273 2362 3343 πειρωμένου,

790 3360 1087 3427 λαϐόμενος
1114 3355 1281 3408 αὐτοῦ
1322 3356 1420 3423 τῆς
1463 3353 1663 3424 χειρὸς,
1693 3356 1756 3407 ἐκ
1786 3354 1885 3421 τῆς
1923 3355 2135 3423 θυρίδος
2166 3357 2363 3425 ἐφίλει,

796 3446 885 3497 καὶ
912 3440 1178 3493 νουθετῶν
1197 3438 1517 3508 παρεκάλει,
1545 3438 1737 3503 λέγων,
1755 3438 1845 3509 Μὴ
1874 3439 2052 3491 ἀθέτει
2080 3439 2178 3509 τὴν
2206 3441 2365 3510 χάριν

794 3525 886 3579 τοῦ
918 3522 1076 3587 Θεοῦ,
1101 3526 1321 3575 τέκνον·
1362 3520 1496 3588 μηδὲ
1530 3521 1708 3593 ψεύσῃ
1751 3521 2091 3591 ἀρνούμενος
2124 3525 2223 3593 τὴν
2260 3524 2363 3576 δω.

798 3608 926 3678 ρεάν
952 3605 1117 3660 αὑτοῦ
1140 3604 1399 3674 Χριστοῦ.
1438 3604 1511 3655 Τὸ
1543 3605 1651 3672 γὰρ
1676 3604 1868 3672 ψεῦδός
1898 3606 2045 3655 ἐστιν
2090 3605 2365 3676 ἀλλότριον

794 3704 889 3755 τοῦ
933 3700 1192 3771 Χριστοῦ,
1230 3700 1320 3751 καὶ
1341 3697 1450 3751 τῶν
1495 3699 1862 3769 Χριστιανῶν,
1907 3698 2009 3752 κᾶν
2042 3702 2133 3752 ἐπὶ
2160 3701 2362 3771 μικρῷ,

796 3786 901 3840 κᾶν
933 3788 1026 3838 ἐπὶ
1084 3783 1303 3853 μεγάλῳ
1333 3782 1557 3851 γένηται
1612 3782 1895 3851 πράγματι
1916 3799 1930 3812 ·
1991 3782 2091 3835 κᾶν
2130 3784 2217 3838 διά
2250 3786 2367 3838 τόδε

797 3867 1066 3937 χρήσιμον
1109 3867 1354 3933 γένηται,
1413 3864 1562 3932 ὅμως
1594 3864 1713 3915 οὐδέ
1750 3868 1897 3917 ἐστιν
1935 3867 2242 3929 ἐπαινετὸν,
2272 3867 2367 3920 τοῦ

799 3951 1050 4018 Σωτῆρος
1072 3948 1333 4009 εἰπόντος,
1358 3946 1517 3998 ὅτιτὸ
1535 3942 1726 4014 ψεῦδος
1752 3948 1916 4000 αὑτοῦ
1941 3949 2176 4018 πονηροῦ
2201 3952 2366 4005 ἐστιν.

815 4029 873 4084 Ὀ
902 4032 959 4083 δέ
998 4029 1277 4098 ἐλεγχθεὶς
1300 4028 1596 4098 ἡσύχασεν,
1624 4030 2055 4099 καταδεξάμενος
2083 4034 2248 4085 αὑτοῦ
2273 4033 2371 4103 τὴν

803 4116 1034 4184 πραεῖαν
1078 4114 1416 4181 ἐπιτίμησιν.
1459 4112 1785 4181 Εὑξαμένων
1825 4112 1883 4165 δὲ
1930 4114 2087 4183 ήμῶν
2129 4117 2224 4168 καὶ
2276 4117 2373 4186 τὴν

804 4197 969 4265 εὐχὴν
1014 4195 1442 4264 πληρωσάντων,
1476 4191 1555 4257 εἷς
1593 4196 1650 4261 ἐξ
1700 4196 1858 4266 ήμῶν
1884 4198 2111 4266 ἀδελφὸς
2150 4201 2376 4269 τριταίῳ

806 4278 908 4349 ἤδη
944 4279 1165 4349 πυρετῷ
1210 4279 1398 4341 δεινῶς
1428 4281 1802 4347 συνεχόμενος,
1831 4280 1981 4349 ἠξίου
2032 4281 2377 4351 θεραπευθῆ-

808 4381 917 4415 ναι.
954 4363 1286 4423 Εἰπόντοςδέ
1319 4361 1411 4413 τοῦ
1443 4362 1682 4431 Πατέρος
1710 4365 1845 4431 πρὸς
1880 4364 2040 4415 αὐτὸν
2080 4367 2379 4435 συμφέρειν

2454 1911 2556 1963 ὑπὸ
2597 1909 2856 1977 όκνηρίας
2912 1908 3045 1977 μηδὲ
3078 1906 3241 1959 αὑτοῦ
3294 1907 3387 1959 τοῦ
3447 1908 3711 1977 σπηλαίου
3750 1910 4039 1976 προελθεῖν

2451 1992 2814 2063 βουλομένων.
2865 1990 3027 2041 Ἀλλά
3066 2006 3129 2056 γε
3180 1989 3296 2055 νῦν,
3350 1991 3537 2059 φησὶν,
3588 1994 3635 2042 εί
3688 1993 3780 2043 καὶ
3812 1992 4040 2042 ἔπαινον

2450 2076 2603 2146 ὑμῶν
2638 2075 2749 2143 ἔχει
2778 2074 2839 2126 τὸ
2871 2075 3101 2143 πρᾶγμα
3140 2073 3216 2135 ῶς
3246 2072 3409 2125 καλὸν
3440 2073 3893 2142 κατορθώσαντες
3923 2074 4042 2125 ίκα-

2451 2160 2555 2222 νῶς
2585 2159 2727 2228 ἔχειν
2758 2156 2945 2225 δόξητε
2970 2198 2984 2219 ,
3022 2155 3156 2207 ἀλλά
3200 2154 3457 2224 μιμεῖσθε
3509 2159 3606 2217 τὰς
3643 2159 3845 2225 ἀρετάς
3893 2158 3963 2219 ἃς
3994 2156 4041 2207 οἱ

2452 2244 2688 2311 πατέρες
2718 2241 2873 2309 ὑμῶν
2908 2239 3285 2309 μετέρχονται.
3325 2239 3469 2291 Εἰδέ
3526 2241 3617 2291 καὶ
3676 2240 3857 2300 πάσας
3900 2241 4041 2305 κτή-

2454 2325 2631 2385 σεσθε,
2690 2324 2826 2392 ὅπερ
2888 2321 3133 2386 σπάνιον,
3202 2322 3338 2389 μηδέ
3388 2321 3562 2384 οὕτως
3606 2324 3821 2383 ἑαυτοῖς
3870 2339 4045 2373 κατα-

2453 2406 2805 2476 πιστεύσητε.
2847 2404 3003 2466 Τινὲς
3042 2404 3150 2473 γὰρ
3177 2403 3320 2456 οὕτω
3350 2404 3749 2473 θαρρήσαντες,
3774 2405 3868 2455 καὶ
3908 2404 4046 2472 πρὸς

2454 2490 2586 2542 αὐτὸ
2631 2488 2690 2540 τὸ
2749 2486 2883 2554 ῦψος
2938 2486 3045 2538 τῶν
3108 2487 3319 2555 ἀρετῶν
3380 2487 3689 2553 γεγονότες,
3742 2488 3897 2550 τέλος
3954 2488 4047 2554 ἀφ’

2455 2570 2661 2639 ὑψηλοῦ
2685 2567 3135 2621 ἐκπεπτώκασιν.
3178 2568 3315 2621 Ἀλλ’
3351 2570 3516 2635 ὁρᾶτε
3567 2571 3615 2620 εί
3660 2568 3719 2620 εῦ
3765 2568 3880 2637 ἔχει
3916 2570 4048 2637 ὑμῖν

2458 2656 2515 2705 ἐν
2543 2654 2663 2714 ταῖς
2691 2653 3025 2719 προσευχαῖς
3046 2667 3057 2679 ⁸
3084 2652 3130 2702 εί
3170 2651 3247 2720 μὴ
3280 2651 3340 2702 τὸ
3370 2649 3615 2719 καθαρὸν
3666 2652 3763 2719 τῆς
3804 2651 4049 2715 διανοίας

2457 2736 2611 2805 ὑμῶν
2646 2733 2977 2785 τεθόλωται·
3009 2735 3057 2784 εί
3117 2732 3193 2803 μὴ
3223 2736 3251 2785 ὁ
3309 2733 3433 2795 νοῦς
3485 2734 3638 2801 ὑμῶν
3688 2734 4051 2804 ρεμδασμοῦς

2459 2819 2656 2886 πάσχει
2680 2817 2833 2877 τινάς
2863 2818 2945 2877 είς
2972 2816 3145 2891 εὐχὴν.
3191 2815 3269 2884 τῷ
3321 2815 3440 2883 Θεῷ
3484 2817 3896 2885 παριστάμενος
3926 2834 3939 2847 ·
3979 2818 4051 2887 μή

2458 2900 2643 2971 ἕτερός
2685 2916 2766 2961 τις
2815 2897 3188 2966 παρεισελθὼν
3219 2899 3479 2966 λογισμὸς
3509 2900 3601 2950 τὸν
3631 2899 3755 2951 νοῦν
3802 2902 3890 2951 ἐπ’
3924 2900 4053 2953 ἄλλο

2457 3001 2510 3037 τι
2538 2983 2763 3053 στρέφει
2784 2996 2798 3011 ⁶
2837 2982 2911 3050 μὴ
2942 2983 3128 3050 μνήμη
3156 2997 3240 3043 τις
3263 2980 3370 3032 τῶν
3400 2982 3617 3033 ἀτόπων
3645 2981 4054 3051 ἐνθυμημάτων

2462 3065 2785 3135 παρενοχλεῖ
2813 3066 2877 3133 τῇ
2917 3064 3145 3133 διανοίᾳ.
3191 3064 3387 3131 Ὁρᾶτε
3421 3066 3470 3115 εί
3502 3063 3643 3115 κατά
3683 3063 3950 3133 ἀλήθειαν
3978 3064 4053 3133 τῷ

2385 3173 2433 3238 C
2464 3150 2651 3238 10600-19
2687 3146 3030 3238 ἀπετάξασθε
3050 3163 3063 3176 ·
3108 3146 3156 3197 εί
3298 3144 3373 3238 ιῖζς
3408 3148 3932 3238 κατασκοπήσοντες
3959 3147 4055 3216 τὴν

2468 3229 2781 3299 ἐλευθερίαν
2820 3229 2978 3296 ἡμῶν
3014 3226 3450 3297 προσεληλύθατε
3478 3243 3491 3255 ·
3525 3230 3574 3279 εί
3609 3228 3682 3297 μή
3726 3228 3864 3297 πρὸς
3905 3246 4056 3280 κενοι

2464 3310 2645 3376 δοξίαν
2671 3311 2769 3373 τάς
2801 3310 3074 3379 ὑμετέρας
3109 3309 3311 3379 ἀρετάς
3340 3308 3568 3379 θηρᾶτε,
3604 3309 3688 3362 ἶνα
3727 3309 3799 3379 δή
3822 3310 3903 3371 ώς
3945 3312 4057 3362 ἐπι-

2465 3393 2801 3454 δεικνύοντες
2830 3393 3133 3461 φανήσεσθε
3154 3396 3267 3453 τοῖς
3297 3390 3607 3462 ἀνθρώποις
3637 3393 3705 3445 τά
3728 3393 3888 3460 ἡμῶν
3918 3393 4057 3462 ἔργα

2470 3476 2813 3547 μιμούμενοι.
2862 3476 3057 3545 Ὀρᾶτε
3112 3474 3187 3544 μὴ
3245 3474 3417 3537 πάθος
3462 3476 3589 3543 ὑμῖν
3629 3476 3939 3545 ἐνοχλήσει,
3984 3480 4056 3545 μὴ

2466 3561 2599 3628 τιμὴ
2635 3560 2725 3610 καὶ
2774 3557 2922 3619 δόξα,
2972 3559 3065 3609 καὶ
3113 3556 3355 3618 ἔπαινος,
3390 3556 3753 3625 ἀνθρώπινος,
3792 3559 3870 3627 μὴ
3908 3560 4055 3627 ἱερα-

2464 3643 2616 3703 τείας
2649 3641 2936 3708 ὑπόκρισις
2979 3640 3071 3690 καὶ
3097 3640 3379 3705 φιλαυτίας
3401 3655 3413 3667 ’
3460 3638 3534 3708 μὴ
3567 3639 3886 3709 νομίζοντες
3920 3637 4056 3692 εἶναι

2467 3724 2733 3787 δικαίους,
2786 3723 2878 3773 ἐπὶ
2934 3720 3249 3791 δικαιοσύνῃ
3307 3722 3672 3790 καυχήσεσθε.
3731 3723 3825 3791 Μὴ
3861 3726 4055 3793 μνήμῃ

2480 3802 2818 3872 συγγενειῶν
2878 3804 2972 3853 ἐπὶ
3028 3806 3097 3873 τῇ
3145 3802 3353 3855 διανοία
3422 3806 3918 3873 προσευχομένων.
3984 3809 4058 3874 μὴ

2476 3891 2663 3959 μνήμῃ
2714 3884 3096 3954 εὐπαθείας,ἢ
3148 3886 3315 3953 ἄλλης
3363 3886 3503 3947 τινὸς
3541 3886 3863 3949 διαϐασεως,
3923 3888 4057 3956 μηδὲ

2472 3971 2637 4023 αὐτοῦ
2676 3970 2797 4020 ὅλου
2844 3968 2937 4019 τοῦ
2988 3968 3217 4036 κόσμου.
3264 3969 3324 4019 El
3380 3968 3437 4019 δέ
3482 3968 3578 4038 μὴ,
3639 3972 3945 4039 ματαιότης
4003 3972 4061 4022 τὸ

2478 4054 2711 4122 πρᾶγμα
2730 4052 2971 4117 γίνεται·
2998 4050 3126 4101 ὅταν
3163 4066 3246 4111 τις
3276 4050 3483 4119 όμιλῶν
3534 4050 3611 4119 τῷ
3664 4054 3919 4123 Δεσπότῃ
3956 4054 4061 4106 ὑπὸ

2474 4136 2580 4185 τῶν
2630 4134 3014 4185 ἀντισπώντων
3070 4131 3346 4200 λογισμῶν
3396 4134 3795 4203 καταφέρηται.
3848 4136 4060 4205 Πάσχει

2476 4218 2532 4267 δὲ
2555 4215 2644 4265 τὸν
2668 4214 2879 4264 ὄλισθον
2922 4212 3110 4265 τοῦτον
3139 4214 3234 4281 τῆς
3268 4214 3504 4276 διανοίας
3534 4216 3763 4278 ἕκαστος
3808 4218 3885 4287 μὴ
3916 4235 4060 4271 παν-

2476 4298 2644 4359 τελῶς
2678 4297 2768 4348 τὸν
2808 4297 3009 4362 κόσμον
3037 4298 3513 4365 ἀπαρνησάμενοςς
3560 4297 3697 4350 ἀλλά
3736 4299 4063 4368 θηρώμενος

2480 4378 2644 4431 αὐτοῦ
2678 4378 2774 4447 τὴν
2799 4378 3109 4446 ἀρέσκειαν.
3147 4378 3245 4428 Διά
3273 4378 3383 4447 γάρ
3412 4380 3511 4441 τὰς
3546 4380 3747 4441 πολλὰς
3796 4383 4060 4450 ἐγχειρή-

806 4444 956 4513 αὖτῷ
984 4443 1121 4553 Τέως
1146 4444 1244 4553 τέὶν
1275 4444 1517 4553 κάκωσις
1550 4443 1615 4495 δι’
1639 4445 2011 4553 ὀζιξγοπιστίαν
2034 4446 2183 4517 αὑτῷ
2206 4466 2376 4516 προτ-
2411 4496 2455 4553 D
2483 4476 2595 4521 σεις
2650 4443 2965 4528 μερίζονται
3008 4458 3174 4510 αὑτοῦ
3225 4460 3323 4527 τὴν
3354 4443 3617 4513 ’διάνοιαν
3664 4463 3720 4513 αί
3773 4443 4061 4531 φροντίδες

808 4544 971 4553 -,-..-.-
1010 4543 1105 4553 ...μμ
1213 4544 1324 4553 ιι..-
1381 4529 1467 4553 ἦ-.
1507 4527 1597 4553 Αξιλ
1729 4544 1844 4553 _.-..
1890 4529 2168 4553 1--1\--.--_.
2218 4533 2270 4553 ___‘
2288 4532 2373 4553 _X,.
2768 4542 2780 4553 ι
2881 4536 2905 4553 τ
3123 4542 3134 4553 ι
3242 4543 3287 4553 ι..
3514 4545 3523 4553 ι
3578 4544 3592 4553 ι
3708 4544 3718 4553 ι
3885 4546 3897 4553 .
4042 4550 4050 4553 .

808 4528 1126 4614 Υξνίξμένῖὶνν
1176 4526 1324 4614 δμῳς
1359 4527 1597 4614 -ὲπιᾷοὺς
1646 4526 1844 4614 fut?"
1885 4529 2169 4614 ἐκέλευσεν
2213 4532 2374 4583 αὑτὸν
2411 4526 2455 4553 υ
2483 4526 2790 4609 σωματικαὶ
2848 4536 3004 4592 οὖσαι
3052 4542 3146 4591 καὶ
3194 4526 3413 4610 γήῖναι⁶
3440 4545 3535 4594 καὶ
3578 4526 3943 4614 λοιπδνῗπρὸς
3995 4550 4065 4599 τά

811 4609 1148 4676 ἀλείφεσθαι.
1199 4608 1587 4675 Ἀλειψαμένου
1640 4608 1697 4660 δέ
1749 4610 1912 4661 αὑτοῦ
1952 4613 2061 4663 πᾶν
2106 4610 2155 4673 δ,
2186 4631 2239 4664 τι
2288 4617 2379 4665 καὶ

811 4689 953 4762 εἶχεν
989 4690 1200 4743 ἔνδοθεν
1246 4691 1333 4742 διὰ
1380 4692 1473 4743 τοῦ
1528 4693 1792 4760 στόματος
1837 4695 2101 4762 ῆνεγκεν,
2150 4698 2377 4748 καθόλου

810 4777 903 4827 τοῦ
935 4772 1167 4844 πυρετοῦ
1198 4772 1551 4839 ἀπαλλαγεὶς,
1584 4776 1675 4826 καὶ
1708 4774 1928 4837 οἰκείοις
1971 4779 2128 4828 ποσὶν
2161 4779 2254 4829 ἐπὶ
2283 4780 2380 4846 τὴν

814 4860 987 4925 ξενίαν
1030 4857 1394 4925 ἀνεχώρησεν.
1422 4852 1531 4909 Ἦν
1574 4856 1629 4908 δὲ
1658 4858 1783 4909 ἰδεῖν
1819 4859 1981 4911 αὐτὸν
2033 4862 2383 4927 ἐνενηκοστὸν

814 4946 930 5004 ἔτος
951 4942 1053 5012 ήδη
1073 4940 1297 5007 ἄγοντα,
1324 4939 1657 5007 τετηγμένον
1694 4939 1799 5010 ὃλῳ
1839 4940 1916 5010 τῷ
1943 4940 2155 5008 σώματι
2179 4943 2253 5005 ὼς
2279 4944 2383 4995 ὐπὸ

814 5028 1097 5095 ἀσκήσεως
1136 5023 1268 5091 μηδὲ
1297 5023 1387 5073 τὸν
1427 5028 1664 5089 πώγωνα
1692 5024 1854 5091 φῦναι
1885 5026 1963 5087 εἰς
1990 5026 2049 5077 τὸ
2070 5028 2381 5096 πρόσωπον.

819 5096 1011 5163 ’ΪΙσθιε
1054 5108 1162 5177 γὰρ
1207 5106 1360 5159 οὐδὲν
1396 5104 1584 5177 ἕτερον
1622 5107 1763 5178 πλήν
1801 5107 2045 5179 ὀπώρας,
2092 5112 2185 5161 καὶ
2229 5110 2386 5163 τοῦτο

821 5196 957 5264 μετά
1000 5192 1097 5263 τὴν
1124 5190 1275 5260 ήλίου
1312 5190 1483 5255 δύσιν,
1510 5193 1567 5242 ἐν
1612 5191 1838 5261 τοιούτῳ
1869 5194 2016 5262 γήρᾳ
2050 5195 2218 5246 πολλά
2252 5212 2385 5264 προ-

816 5277 1061 5345 ασκήσας
1088 5274 1375 5343 πρότερον,
1398 5273 1491 5323 καὶ
1516 5273 1649 5343 μήτε
1676 5273 1840 5341 ἄρτου
1873 5274 2212 5343 μετειληφὼς
2247 5278 2383 5346 μήτε

816 5361 917 5412 ὅσα
947 5358 1033 5410 διὰ
1065 5358 1235 5425 πυρὸς
1268 5356 1381 5425 ἐχει
1416 5356 1513 5425 τήν
1542 5357 1749 5425 χρείαν.
1801 5357 2171 5420 Κελεύσαντος
2201 5360 2255 5413 δὲ
2287 5363 2386 5414 αὐ-

817 5440 911 5493 τοῦ
970 5439 1319 5507 καθεσθῆναι,
1360 5438 1797 5507 ηὑχαριστοῦμεν
1841 5439 1917 5509 τῷ
1946 5441 2061 5510 Θεῷ
2117 5443 2387 5515 ὑπὲρ.τῆς

820 5522 985 5576 αὑτοῦ
1015 5521 1323 5591 συντυχίας.
1362 5522 1420 5574 '0
1454 5522 1509 5574 δὲ
1547 5521 1621 5585 ὼς
1654 5524 1748 5575 ἆτε
1794 5526 1991 5594 γνήσια
2022 5524 2219 5577 ἑαυτοῦ
2253 5527 2388 5578 ὑπο·

818 5606 1131 5674 δεξάμενος,
1156 5603 1428 5674 μειδιῶντι
1458 5605 1733 5674 προσώπῳ
1776 5607 1911 5675 πρὸς
1944 5609 2090 5677 ήμᾶς
2118 5610 2389 5673 τοιούτους

820 5691 1196 5759 ἀπεφθέγγετο
1222 5688 1431 5756 λόγους·
1468 5690 1660 5753 Πόθεν,
1690 5683 1735 5742 ὦ
1778 5692 1965 5755 τέκνα,
2000 5694 2093 5743 καὶ
2132 5694 2196 5745 ἐκ
2232 5694 2389 5758 ποίας

822 5772 1004 5840 χώρας
1048 5773 1184 5842 πρὸς
1235 5769 1522 5840 ἄνθρωπον
1564 5773 1816 5827 ταπεινθν
1843 5774 2249 5843 παρεγένεσθες
2297 5777 2355 5829 ὐ

2484 4624 2632 4692 πάθη
2658 4624 3079 4690 διαμαχόμενος,
3117 4624 3176 4675 ού
3210 4624 3433 4677 δύναται
3455 4628 3585 4695 ὁρᾶν
3624 4627 3716 4678 τὸν
3754 4627 3910 4692 Θεὸν,
3949 4630 4063 4681 ἀλλ’

2480 4705 2598 4757 οὐδὲ
2621 4706 2698 4763 είς
2732 4706 2896 4772 αὐτὴν
2924 4704 3021 4773 τὴν
3059 4704 3259 4771 γνῶσιν
3282 4707 3487 4774 ὀφείλει
3516 4726 3597 4769 τις
3620 4709 3863 4779 ἀκριϐῶς
3893 4729 4066 4765 κατα-

2482 4786 2749 4855 γίνεσθαι,
2784 4790 2981 4855 μήπως
3015 4786 3232 4850 ἀνάξιος
3259 4786 3334 4840 ῶν
3372 4789 3466 4842 τοῦ
3497 4790 3739 4843 τοιούτου
3783 4796 4065 4861 κτήματος

2484 4871 2575 4923 καὶ
2601 4868 2797 4938 μικροῦ
2830 4884 2973 4929 τινος
3006 4870 3362 4932 καταξιωθεὶς
3392 4874 3589 4943 νομίσῃ
3616 4875 3676 4925 τὸ
3721 4876 3827 4927 πᾶν
3878 4894 4071 4930 κατει-

2483 4954 2733 5022 ληφέναι,
2778 4952 2870 5003 καὶ
2926 4952 3201 5014 παντελῶς
3244 4954 3451 5026 ἐκπέσῃ
3495 4960 3633 5024 πρὸς
3679 4960 3778 5026 τὴν
3832 4961 4067 5030 φθοράν.

2498 5036 2659 5088 Ἀλλά
2691 5035 2794 5104 χρὴ
2828 5035 3064 5103 μετρίως
3104 5035 3191 5086 ἀεὶ
3216 5038 3307 5087 καὶ
3338 5037 3581 5100 εὐλαϐῶς
3630 5040 3707 5109 τῷ
3740 5042 3857 5111 Θεῷ
3900 5061 4073 5113 προσ-

2489 5120 2647 5182 ιέναι,
2672 5118 2795 5168 δσον
2822 5116 3053 5178 ἕκαστος
3080 5116 3327 5183 δύναται,
3356 5120 3434 5190 τῷ
3463 5122 3544 5172 νοῖ
3572 5124 3939 5191 προσοδεύων,
3979 5130 4073 5178 καὶ

2489 5202 2613 5253 ὅσον
2657 5198 2931 5268 ἀνθρώπῳ
2979 5201 3125 5251 ἐστὶν
3167 5201 3407 5268 ἐφικτόν.
3463 5207 3553 5256 Δεῖ
3590 5202 3683 5257 οῦν
3731 5206 3839 5257 τῶν
3888 5209 4072 5262 ἄλλων

2487 5284 2741 5337 ἁπάντων
2764 5282 3137 5351 σχολάσαιτήν
3158 5284 3382 5355 γνώμην
3420 5286 3530 5338 τῶν
3565 5289 3655 5339 τὸν
3697 5289 3828 5341 Θεὸν
3871 5292 4073 5360 ἐπιζη·

2486 5367 2744 5418 τούντων.
2774 5366 3076 5435 Σχολάσατε
3102 5368 3233 5435 γὰρ,
3260 5370 3415 5437 φησὶ,
3451 5372 3547 5421 καὶ
3590 5371 3785 5437 γνῶτε,
3823 5374 3910 5425 δτι
3952 5375 4067 5442 ἐγώ

2488 5451 2602 5518 εἰμι
2629 5452 2656 5501 ό
2688 5449 2839 5510 Θεός.
2898 5449 2954 5499 ὐ
2985 5446 3078 5500 οὖν
3114 5450 3367 5516 γνώσεως
3400 5453 3534 5504 Θεοῦ
3574 5456 3637 5506 ἐκ
3682 5456 3883 5524 μέρους
3934 5474 4072 5510 κατ-

2488 5532 2740 5594 αξιωθεὶς
2773 5532 2891 5600 (τὴν
2918 5533 3096 5583 πᾶσαν
3126 5534 3234 5603 γάρ
3288 5534 3461 5586 οὐδενὶ
3497 5535 3718 5588 δυνατόν
3750 5538 3901 5589 ἐστιν
3944 5540 4074 5591 ὐπο-

2489 5613 2761 5682 δέξασθαι)
2790 5615 3049 5684 τυγχάνει
3085 5617 3176 5667 καὶ
3198 5616 3295 5683 τῆς
3320 5618 3425 5669 τῶν
3450 5619 3625 5671 ἄλλων
3650 5620 3909 5672 ἁπάντων
3931 5623 4072 5689 γνώ-

2492 5715 2648 5759 σεως,
2689 5702 2781 5749 καὶ
2821 5699 2921 5768 ὁρᾷ
2948 5702 3221 5767 μυστήρια
3246 5702 3381 5754 Θεοῦ
3426 5703 3735 5766 δεικνύντος
3768 5706 3941 5773 αὐτῷ,
3978 5710 4072 5759 καὶ

2494 5778 2783 5849 προόλέπει
2812 5782 2879 5834 τά
2910 5782 3195 5852 μέλλοντα,
3224 5787 3316 5838 καὶ
3358 5786 3554 5856 θεωρεῖ
3589 5788 3968 5856 ἀποκαλύψεις
4006 5792 4070 5850 ἀς
