4258 6358
276 418 411 473 ΗΠ

1531 418 1843 477 HISTORIA
1882 419 2234 477 LAUSIACA.

3350 435 3490 503 Hi8

265 542 496 594 tiliorem
537 553 737 591 aerem.
782 538 822 590 Α
867 536 1143 590 Ρειιωειίιηι
1190 548 1365 590 autem
1402 536 1517 589 veni
1557 539 1610 590 in
1653 535 1835 604 Bitby-
1864 538 1907 594 Λ
1934 550 2161 603 quanam
2200 537 2416 600 regione
2445 538 2510 591 ad
2544 536 2814 593 hominem
2845 540 3109 608 abjectum
3152 552 3208 598 οι
3246 544 3499 604 humilem

265 634 410 682 niam
431 670 444 692 ,
474 641 530 681 et
560 642 613 679 in
640 642 703 680 ea
736 631 917 681 nescio
944 627 1242 693 quomodo.
1274 641 1340 678 an
1371 626 1601 679 bumano
1626 624 1831 687 studio,

261 734 330 771 an
358 719 539 771 divina
574 718 845 771 voluntate
876 717 1023 785 (9i),
1057 716 1197 770 Deus
1225 717 1357 781 scit,
1401 716 1591 783 dignus
1627 714 1835 768 habitus

261 825 379 860 sum
423 808 761 861 Ordinatione
805 822 923 875 quae
966 821 1112 860 meas
1149 808 1288 861 vires
1331 814 1573 873 superat,
1612 806 1669 858 in
1710 818 1831 858 eum

263 915 446 951 casum
478 899 718 951 incidens
749 912 906 965 quem
1004 892 1242 952 Joannes
1337 897 1679 966 praedixerat.
1769 895 1835 948 Et

264 991 511 1044 undecim
550 989 821 1042 mensibus
861 988 1030 1041 latens
1061 988 1111 1038 in
1140 986 1271 1041 cella
1304 986 1611 1049 tenebrosa,
1651 999 1834 1039 recor-

264 1081 419 1135 datus
447 1094 567 1133 sum
594 1078 735 1132 illius
766 1076 905 1131 beati
934 1078 1024 1146 qui
1056 1077 1184 1129 mihi
1211 1072 1457 1145 pradixit
1480 1089 1541 1129 ea
1568 1088 1685 1143 qua
1716 1087 1833 1143 pas-

263 1186 359 1224 8118
386 1186 524 1224 sum.

336 1260 504 1314 Porro
530 1268 705 1312 autem
734 1259 834 1312 hoc
866 1272 1073 1326 quoque
1099 1256 1229 1310 mihi
1270 1257 1548 1321 narrabat,
1580 1267 1829 1327 tanquam

265 1350 575 1420 profuturus
598 1349 661 1401 ad
688 1349 807 1413 hoc,
832 1356 889 1400 ut
919 1362 1012 1414 per
1042 1348 1397 1401 narrationem
1430 1361 1514 1399 me
1540 1346 1832 1400 deduceret

262 1441 328 1494 ad
385 1441 645 1507 patienter
699 1436 971 1491 ferendam
1022 1436 1364 1491 solitudinem
1408 1453 1420 1488 :
1474 1434 1833 1502 Quadraginta

259 1546 431 1586 annos
460 1545 647 1583 versor
677 1530 729 1581 in
762 1529 858 1581 hac
884 1528 1049 1591 cella;
1086 1541 1190 1580 non
1227 1526 1335 1578 vidi
1368 1523 1553 1579 faciem
1583 1522 1827 1589 femiine,

264 1639 368 1676 non
395 1623 556 1674 ullum
592 1633 895 1682 nummum,
924 1632 1025 1669 non
1059 1616 1166 1669 vidi
1196 1616 1425 1683 aliquem
1474 1614 1831 1677 mandentem,

261 1728 368 1765 non
400 1711 763 1764 comedentem
793 1723 891 1761 nec
918 1708 1183 1760 bibentem
1214 1720 1297 1757 me
1333 1704 1462 1756 vidit
1486 1704 1699 1770 aliquis.

336 1801 466 1852 Cum
496 1813 623 1865 ergo
647 1800 715 1849 ab
742 1811 806 1849 eo
836 1796 1205 1856 recessissem,
1251 1794 1368 1847 veni
1400 1793 1449 1844 in
1479 1789 1814 1843 solitudinem

1932 624 2267 678 accessistis?
2304 624 2586 693 Postquam
2635 636 2811 681 autem
2859 627 3096 683 diximus
3146 634 3391 702 patriam,
3439 650 3489 691 et

1934 715 2225 784 adjecimus
2252 734 2262 768 :
2298 717 2399 771 Pro
2429 718 2657 772 utilitate
2683 718 2976 773 animarum
3006 737 3103 776 nos
3129 738 3304 778 rarum
3343 729 3406 779 ad
3438 738 3491 781 te

1933 806 2173 860 venimus
2198 807 2264 861 ab
2288 807 2582 862 Jerusalem
2604 849 2619 873 ,
2649 822 2703 862 ut
2732 811 2872 878 quod
2905 812 3171 868 auditione
3209 830 3495 883 accepera-

1935 912 2083 961 mus,
2113 897 2163 950 id
2194 913 2530 952 cerneremus
2559 900 2754 963 oculis;
2786 910 2909 953 sunt
2951 903 3092 955 enim
3136 919 3291 957 aures
3321 907 3495 960 minus

1934 986 2113 1040 fideles
2138 989 2304 1041 oculis
2329 1005 2342 1042 :
2370 999 2426 1043 et
2456 990 2777 1044 auditionem
2804 992 3017 1059 quidem
3049 1008 3190 1060 saepe
3210 998 3493 1063 consequi-

1933 1086 2018 1129 tur
2044 1078 2259 1142 oblivio,
2292 1080 2364 1132 rei
2405 1088 2580 1133 autem
2621 1082 2743 1133 visa
2790 1096 2895 1133 non
2946 1081 3155 1136 deletur
3204 1085 3488 1149 memoria,

1931 1166 2025 1219 scd
2052 1168 2214 1221 menti
2243 1169 2628 1236 quodammodo
2659 1171 2974 1239 imprimitur
3000 1174 3237 1228 historia.
3282 1176 3361 1231 Ad
3396 1193 3493 1231 nos

1931 1272 2057 1326 ergo
2078 1257 2212 1311 dixit
2243 1260 2423 1313 beatus
2445 1260 2674 1316 Joannes
2698 1275 2710 1313 :
2740 1263 2801 1316 Et
2823 1262 2947 1331 quid
2974 1265 3266 1319 mirandum
3298 1269 3481 1335 visuri,

1930 1360 1963 1398 ο
1994 1346 2083 1400 filii
2112 1347 2425 1409 charissimi,
2460 1359 2659 1403 tantum
2692 1351 2897 1405 itineris
2926 1363 2979 1406 et
3010 1354 3205 1410 laboris
3249 1358 3485 1411 toleran-

1934 1445 2011 1488 tes
2040 1438 2138 1489 lmc
2168 1438 2404 1502 venistis,
2436 1440 2675 1494 homines
2705 1442 2941 1508 abjectos
2970 1452 3025 1497 et
3056 1444 3283 1500 humiles
3311 1449 3491 1504 videre

1930 1524 2223 1590 cupientes,
2248 1527 2337 1593 qui
2367 1528 2494 1581 nihil
2521 1529 2713 1584 habent
2744 1541 2983 1595 spectaui
3019 1534 3236 1601 dignum
3268 1552 3364 1589 nec
3394 1539 3489 1590 ad.

1933 1613 2156 1665 miratu?
2185 1614 2385 1683 Ubique
2412 1626 2741 1675 auteni,sunt
2768 1620 3061 1675 admirandi
3087 1634 3141 1677 et
3168 1626 3321 1678 laude
3344 1626 3485 1695 digni

1933 1698 2023 1751 Dei
2054 1702 2321 1769 praphetm
2350 1713 2402 1756 et
2431 1707 2693 1771 apostoli,
2724 1708 2811 1775 qui
2848 1708 3090 1775 leguntur
3123 1712 3172 1763 in
3210 1714 3480 1779 ecclesiis,

1930 1802 2062 1853 quos
2100 1800 2311 1856 oportet
2357 1792 2569 1846 imitari.
2615 1795 2775 1849 Valde
2820 1807 2995 1852 autem
3048 1800 3227 1865 miror,
3282 1803 3481 1869 inquit,

256 1892 311 1944 in
343 1889 460 1943 loco
488 1896 763 1953 consueto,
795 1887 908 1940 bznc
935 1887 1110 1939 omnia
1141 1899 1364 1939 narrans
1392 1884 1555 1937 beatis
1582 1881 1822 1935 Patribus
1856 1882 1901 1940 Β
1928 1886 2158 1930 vestrum
2184 1881 2435 1945 studium,
2470 1884 2909 1949 quemadmodum
2939 1896 3013 1940 tot
3036 1892 3353 1956 contemptis
3386 1910 3479 1960 pe-

254 1977 346 2044 qui
380 1986 496 2045 post
520 1977 653 2031 duos
679 1990 888 2030 menses
912 1984 1171 2030 venerunt
1189 1984 1243 2029 et
1267 1982 1389 2026 sunt
1417 1987 1534 2025 cum
1563 1987 1628 2026 eo
1655 1972 1820 2025 collo-

254 2066 387 2130 cuti,
419 2068 559 2134 iique
590 2064 705 2119 haec
733 2066 836 2118 nob
861 2081 886 2119 s
916 2071 1216 2119 narrarunt.
1244 2062 1373 2116 Cum
1405 2064 1471 2115 ad
1500 2076 1619 2115 eum
1643 2061 1820 2117 venis-

256 2170 459 2219 semus,
490 2156 609 2207 lmto
644 2151 782 2207 vultu
814 2172 911 2209 nos
940 2157 1146 2220 excepit
1173 2164 1226 2210 et
1254 2154 1505 2210 salutavit
1528 2194 1543 2217 ,
1586 2168 1645 2208 se
1686 2152 1819 2207 hila-

255 2259 371 2296 rem
399 2242 683 2306 unicuique
713 2242 1022 2297 ostendens.
1057 2244 1390 2314 llogabamus
1413 2251 1587 2296 autem
1619 2257 1737 2295 eum
1762 2250 1818 2297 ut

252 2329 430 2383 statim
462 2344 556 2396 pro
583 2330 736 2385 nobis
767 2342 1039 2402 perageret
1070 2334 1393 2393 orationem.
1438 2342 1519 2385 est
1558 2333 1698 2385 enim
1732 2332 1815 2386 bic

253 2433 372 2473 mos
399 2418 643 2474 Patribus
672 2421 761 2489 qui
790 2432 912 2475 sunt
954 2422 1006 2475 in
1048 2418 1297 2490 Egypto.
1328 2422 1374 2474 is
1399 2431 1572 2474 autem
1602 2436 1698 2475 nos
1736 2423 1817 2475 in-

252 2510 544 2578 terrogavit
565 2527 689 2565 num
719 2512 857 2566 inter
884 2526 979 2565 nos
1004 2523 1146 2565 esset
1173 2513 1398 2565 clericus
1423 2510 1633 2581 aliquis.
1663 2514 1815 2568 Post-

250 2614 408 2666 quam
439 2609 614 2654 auteni
663 2615 851 2655 omnes
896 2615 1001 2654 non
1046 2614 1165 2655 esse
1209 2601 1479 2667 diximus,
1512 2616 1608 2655 nos
1630 2618 1814 2659 omnes

249 2690 708 2757 circumspiciens,
739 2692 954 2761 agnovit
981 2705 1104 2745 eum
1132 2691 1224 2759 qui
1254 2701 1370 2745 erat
1397 2693 1635 2746 occultus
1662 2711 1674 2745 :
1700 2702 1814 2747 erat

248 2790 426 2833 autem
457 2796 594 2835 unus
621 2796 687 2836 ex
715 2783 868 2835 nobis
896 2782 985 2851 qui
1016 2781 1207 2852 dignus
1252 2784 1423 2837 fuerat
1453 2785 1660 2839 habitus
1697 2784 1812 2839 dia-

248 2880 467 2935 conatu,
498 2887 617 2925 cum
649 2882 794 2926 esset
822 2888 957 2927 unus
986 2873 1147 2927 frater
1170 2873 1287 2941 ejus
1310 2876 1385 2928 rei
1412 2874 1657 2929 conscius
1681 2916 1695 2940 ,
1726 2877 1813 2929 cui

248 2960 411 3013 etiam
445 2962 696 3030 prmeepit
720 2970 779 3015 ut
808 2964 1009 3016 nemini
1038 2962 1260 3017 diceret.
1289 2964 1390 3030 Qui
1419 2979 1575 3018 causa
1606 2968 1817 3019 humili-

248 3050 410 3114 tatis,
462 3058 518 3104 et
561 3052 611 3105 in
660 3051 839 3105 talium
896 3052 1108 3106 Patrum
1154 3054 1578 3123 comparatione,
1628 3056 1715 3107 vix
1756 3070 1815 3109 se

246 3141 467 3211 dignum
519 3143 768 3196 censebat
820 3144 1106 3197 Christiani
1157 3144 1556 3211 appellatione,
1610 3156 1811 3200 tantum

1922 1963 2131 2030 riculis,
2160 1968 2224 2019 ad
2258 1983 2351 2021 nos
2380 1970 2598 2024 veuiSIis
2626 1982 2839 2038 propter
2864 1974 3143 2030 utilitatem
3162 2022 3176 2045 ,
3218 1994 3335 2031 cum
3386 1997 3481 2034 nos

1923 2066 2029 2118 pra:
2055 2057 2295 2109 socordia
2345 2073 2412 2111 ne
2460 2073 2524 2113 ex
2567 2062 2676 2127 ipsa
2707 2062 2915 2128 quidem
2965 2066 3215 2132 spelunca
3258 2068 3483 2123 velimus

1922 2144 2181 2208 progredi.
2206 2144 2309 2199 Sed
2334 2161 2429 2215 age
2461 2163 2622 2210 nunc,
2647 2150 2833 2219 inquit,
2861 2154 3069 2208 etiamsi
3095 2170 3179 2209 res
3210 2170 3388 2211 veStra
3412 2160 3482 2211 sit

1919 2228 2071 2285 laude
2099 2234 2252 2301 digna
2276 2275 2292 2298 ,
2325 2252 2392 2289 ne
2422 2245 2669 2305 tanquam
2704 2254 2760 2293 re
2786 2241 2961 2309 aliqua
3004 2246 3254 2311 praeclare
3300 2259 3444 2316 gesta
3465 2291 3479 2313 ,

1918 2322 2067 2378 vobis
2110 2327 2354 2382 sufﬁcere
2386 2328 2578 2397 putetis
2600 2367 2617 2396 ,
2648 2331 2741 2385 sed
2788 2332 3063 2388 imitemini
3098 2338 3320 2393 virtutes
3349 2354 3480 2409 quas

1919 2424 2090 2481 patres
2135 2420 2294 2472 vestri
2348 2432 2755 2490 persequuntur.
2803 2425 2952 2492 Quod
3004 2428 3048 2480 si
3096 2431 3256 2483 etiam
3295 2446 3479 2486 omnes

1917 2505 2277 2571 possederitis,
2307 2510 2445 2577 quod
2474 2512 2691 2579 quidem
2724 2522 2805 2567 est
2832 2531 3008 2569 rarum
3029 2558 3043 2580 ,
3074 2532 3140 2571 ne
3163 2519 3241 2572 sic
3264 2520 3478 2589 quidem

1916 2594 2065 2647 vobis
2094 2593 2223 2661 ipsis
2249 2598 2602 2657 credideritis.
2637 2603 2861 2665 Quidam
2892 2605 3034 2657 enim
3076 2608 3164 2674 qui
3202 2607 3279 2660 sic
3308 2608 3478 2663 conﬁ-

1914 2683 2126 2749 deruut,
2162 2696 2211 2737 et
2233 2688 2296 2738 ad
2323 2687 2492 2749 ipsum
2521 2691 2770 2757 virtutum
2800 2692 3067 2759 fastigium
3100 2710 3476 2764 pervenerunt,

1916 2774 2127 2829 tandem
2170 2792 2233 2830 ex
2266 2781 2374 2831 alto
2414 2780 2741 2835 ceciderunt.
2788 2784 2893 2839 Sed
2939 2786 3112 2840 videte
3142 2803 3264 2841 num
3298 2806 3480 2857 preces

1918 2874 2107 2918 vestra:
2133 2881 2189 2920 se
2215 2879 2359 2922 recte
2387 2869 2650 2948 habeant;
2692 2889 2817 2927 num
2859 2876 3168 2949 conturbata
3198 2877 3267 2933 sit
3297 2883 3473 2935 cordis

1918 2955 2075 3007 vestri
2128 2958 2356 3022 puritas;
2388 2974 2512 3012 nqu
2558 2976 2710 3015 mens
2745 2972 2929 3017 vestra
2960 2966 3097 3019 inter
3126 2970 3383 3021 orandum
3414 2971 3479 3025 sit

1915 3053 2168 3111 occupata
2214 3047 2332 3100 aliis
2381 3051 2637 3117 negotiis,
2686 3068 2811 3105 eum
2860 3055 3033 3124 aliqua
3082 3056 3182 3112 alia
3239 3068 3473 3113 mentem

1917 3132 2135 3187 subiens
2167 3135 2419 3203 cogitatio
2449 3148 2657 3193 avertat
2684 3140 2750 3194 ad
2780 3144 2978 3211 aliquid
3007 3144 3182 3211 aliud;
3227 3163 3350 3201 num
3378 3151 3477 3203 ali-

246 3231 401 3284 εδοει
443 3238 501 3284 ut
539 3232 760 3301 alicujus
807 3231 1097 3301 ἀίεηίιειίε,
1138 3232 1291 3285 Manu
1321 3249 1447 3301 ergo
1476 3249 1595 3288 eum
1628 3246 1803 3291 om".
1839 3226 1883 3289 ε
1914 3238 2015 3290 qua
2037 3224 2385 3290 cogitatorum
2410 3231 2667 3282 memoria
2688 3233 2865 3285 animo
2887 3233 3134 3289 exhibeat
3154 3238 3473 3294 molestiam.

247 3323 418 3388 deus,
469 3322 677 3376 dicebat
723 3323 1007 3378 omnibus:
1038 3322 1131 3376 Hic
1172 3333 1255 3378 est
1294 3324 1564 3377 disco-ius.
1600 3323 1731 3377 Cum
1773 3326 1815 3378 is

250 3422 426 3464 autem
454 3412 664 3465 assidue
687 3422 921 3479 negaret,
943 3422 999 3467 et
1026 3413 1191 3466 latere
1205 3420 1503 3475 conaretur,
1528 3428 1559 3467 e
1584 3414 1813 3467 fenestra

247 3502 361 3567 ejus
390 3514 600 3554 manum
618 3504 1002 3569 apprehensam
1028 3503 1295 3556 osculatus
1317 3511 1420 3565 est,
1442 3513 1496 3555 et
1520 3502 1812 3556 admonens

246 3603 367 3640 eum
399 3588 639 3641 hortatus
666 3600 768 3650 est,
793 3589 975 3643 dicens
1005 3606 1019 3641 :
1051 3588 1129 3643 Ne
1164 3590 1363 3643 irritam
1397 3590 1557 3643 facias
1581 3591 1802 3657 gratiam

250 3675 375 3741 Dei,
405 3675 505 3741 fili,
534 3691 599 3729 ne
630 3678 901 3730 mentiaris
930 3677 1129 3730 donum
1163 3676 1255 3731 Dei
1295 3678 1561 3731 inliciaus.
1596 3679 1811 3732 Menda—

246 3767 384 3818 cium
412 3766 549 3818 enim
572 3766 800 3819 ahenum
828 3776 908 3820 est
935 3781 962 3818 a
989 3768 1325 3829 Christianis,
1358 3778 1411 3820 et
1434 3766 1544 3819 sive
1573 3769 1644 3819 sit
1679 3770 1729 3821 in
1754 3784 1812 3822 re

247 3870 457 3925 magna,
490 3857 601 3909 sive
632 3858 680 3908 iu
712 3871 892 3922 parva,
918 3872 1024 3909 non
1053 3865 1135 3909 est
1174 3867 1346 3909 tamen
1380 3856 1658 3920 laudabile,
1684 3870 1805 3909 cum

246 3946 389 3999 dicat
412 3946 699 4002 Servator:
733 3947 1059 3999 Mendacium
1093 3954 1224 3999 esta
1248 3947 1385 3999 maio
1414 3944 1628 4015 (Joann.
1664 3948 1807 4014 vui).

249 4038 294 4090 Is
318 4052 445 4090 vero
471 4038 742 4090 convictus
770 4038 950 4100 tacuit,
982 4036 1248 4104 accipiens
1274 4046 1547 4104 paternam
1577 4037 1693 4104 ejus
1724 4052 1811 4091 re-

247 4128 674 4195 prehensionem.
704 4127 831 4180 Cum
880 4142 1062 4193 preces
1090 4138 1262 4179 autem
1294 4126 1799 4195 complevissemus,

245 4234 379 4272 unus
408 4218 567 4272 frater
594 4232 660 4271 ex
690 4218 860 4279 nobis,
883 4231 1038 4284 quem
1063 4219 1171 4283 jam
1197 4217 1420 4270 tertiana
1448 4216 1609 4271 febris
1638 4217 1803 4271 vehe-

245 4324 393 4363 mens
441 4310 685 4370 tenebat,
736 4307 956 4377 rogabat
1006 4317 1061 4360 ut
1106 4315 1399 4360 curaretur.
1456 4306 1590 4361 Cum
1629 4316 1806 4360 autem

242 4399 461 4452 dixisset
507 4397 670 4450 frater
707 4398 754 4451 ei
790 4396 1033 4450 conferre
1062 4396 1402 4450 afilictionem
1444 4404 1661 4463 prepter
1690 4397 1806 4449 exi-

240 4500 397 4554 guam
427 4500 544 4553 quae
566 4486 614 4539 ei
643 4486 778 4539 inest
806 4484 985 4549 fidem,
1010 4484 1224 4539 tradens
1249 4494 1423 4538 tamen
1452 4484 1626 4538 oleum
1648 4485 1807 4554 jussit

1923 3312 2106 3367 Videte
2137 3330 2258 3367 num
2287 3318 2483 3370 mundo
2510 3334 2633 3372 vere
2664 3324 3041 3389 renuntiastis;
3088 3342 3211 3380 num
3246 3329 3473 3399 ingressi

1916 3402 2043 3454 estis
2074 3412 2316 3471 tanquam
2351 3417 2581 3460 nostram
2606 3411 2941 3475 speculantes
2981 3413 3313 3481 libertatem;
3348 3433 3471 3472 num

1916 3490 1979 3543 ad
2011 3508 2196 3545 vanam
2227 3496 2447 3561 gloriam
2478 3506 2678 3551 vestras
2710 3500 2933 3556 virtutes
2964 3508 3261 3571 vettamini,
3305 3519 3358 3561 ut
3402 3512 3466 3562 ad

1915 3584 2321 3636 ostentationem
2378 3587 2661 3640 videamini
2720 3589 3023 3646 hominibus
3076 3605 3255 3649 nostra
3313 3612 3473 3665 opera

1916 3670 2201 3724 imitantes.
2232 3672 2419 3726 Videte
2446 3690 2510 3727 ne
2553 3678 2697 3730 vobis
2743 3682 2967 3733 facessat
3010 3684 3277 3750 negotium
3306 3684 3467 3738 animi

1916 3762 2267 3826 perturbatio,
2317 3779 2382 3816 ne
2419 3766 2587 3819 honor
2614 3776 2668 3819 et
2693 3768 2859 3836 gloria
2888 3782 2939 3824 et
2973 3772 3083 3824 laus
3116 3776 3373 3838 humana,
3405 3789 3473 3829 ne

1915 3864 2088 3903 rerum
2118 3866 2390 3905 sat-rarum
2416 3869 2558 3909 cura
2587 3858 2879 3921 simulatio,
2912 3871 3001 3913 aut
3026 3877 3177 3915 amor
3202 3865 3464 3930 proprius;

1914 3958 1981 3995 ne
2007 3944 2198 4007 putetis
2230 3960 2327 3999 vos
2353 3962 2474 4001 esse
2496 3948 2704 4016 justos;
2738 3967 2907 4019 neque
2943 3952 3011 4006 de
3035 3955 3243 4021 justitia
3282 3957 3475 4024 glorie-

1913 4030 2073 4096 mini,
2120 4047 2185 4084 ne
2216 4044 2431 4100 propter
2459 4037 2679 4092 virtutes
2716 4038 3037 4107 ell‘eramtni;
3085 4056 3153 4096 ne
3193 4043 3470 4096 orantibus

1912 4121 2237 4188 cognationis
2285 4124 2535 4177 memoria
2581 4127 2760 4178 animo
2803 4127 3057 4192 insideat;
3107 4143 3174 4183 ne
3219 4130 3473 4182 llit'mftl'izt

1911 4209 2383 4263 commiserationis
2399 4219 2489 4264 aut
2507 4212 2728 4281 alicujus
2751 4216 2969 4269 alterius
2991 4217 3090 4279 rei,
3117 4234 3283 4286 neque
3304 4220 3469 4285 ipsius

1914 4297 2145 4350 universi
2242 4301 2423 4357 mundi
2524 4304 2676 4360 vobis
2790 4318 3080 4360 succurrat.
3127 4306 3218 4360 Sin
3262 4309 3470 4373 minus;

1912 4402 1995 4441 res
2020 4388 2249 4440 efficitur
2271 4394 2719 4458 vanitas,quaudo
2740 4395 2857 4461 quis
2882 4396 3156 4448 Dominum
3178 4397 3471 4467 alloquens,

1910 4475 2156 4529 deorsum
2201 4477 2485 4544 impellitur
2528 4481 2595 4531 ab
2635 4480 2699 4533 iis
2728 4496 2847 4549 qua:
2889 4496 2951 4536 ex
2985 4484 3210 4537 adverso
3251 4486 3469 4539 trahunt

240 4593 359 4630 eum
409 4577 612 4642 inungi.
644 4575 772 4627 Cum
824 4576 868 4627 is
916 4585 1088 4627 autem
1142 4589 1198 4628 se
1243 4574 1500 4639 unxisset,
1546 4575 1801 4643 quidquid
1835 4575 1885 4635 ι)
1910 4567 2333 4634 cogitationibus.
2364 4568 2488 4622 llaec
2516 4578 2688 4623 autem
2718 4572 2909 4625 mentis
2957 4573 3226 4640 prolapsio
3258 4575 3462 4627 unicui-

242 4667 382 4719 intus
412 4664 640 4718 habebat
670 4679 763 4731 per
792 4677 851 4716 os
876 4666 1075 4728 emisit,
1104 4673 1156 4716 ct
1189 4678 1218 4716 a
1249 4663 1393 4717 febre
1420 4666 1638 4717 omnino
1674 4664 1805 4717 hbe-

242 4768 387 4810 ratus
410 4795 424 4818 ,
457 4755 683 4823 propriis
712 4756 929 4821 pedibus
968 4756 1186 4808 recessit
1217 4754 1282 4806 ad
1315 4753 1621 4823 hospitium.
1653 4755 1807 4808 Lice-

241 4848 333 4901 bat
372 4858 547 4899 autem
579 4843 758 4897 videre
789 4845 1058 4897 hominem
1108 4845 1522 4912 nonagenarium
1557 4854 1667 4897 tato
1695 4860 1805 4898 cor-

241 4950 369 5004 pore
414 4935 482 4986 ita
525 4932 810 4993 afﬂictum,
863 4941 919 4985 ut
967 4947 1075 4999 prae
1123 4932 1502 4985 exercitatione
1533 4949 1599 4986 ne
1639 4932 1803 4986 barba

239 5026 452 5096 quidem
477 5037 593 5078 nata
622 5035 761 5078 esset
790 5025 841 5076 in
874 5025 1028 5077 facie.
1060 5024 1200 5076 Nihil
1224 5028 1365 5077 enim
1389 5024 1529 5077 aliud
1558 5027 1802 5078 comede-

240 5118 331 5171 bat
353 5131 508 5183 quam
538 5117 785 5168 arborum
817 5114 1037 5177 fructus,
1071 5114 1229 5182 idque
1256 5125 1371 5177 post
1392 5115 1522 5167 solis
1550 5130 1799 5169 occasum

240 5210 291 5262 in
325 5223 529 5261 summa
561 5216 852 5273 senectute,
878 5223 997 5261 cum
1030 5224 1088 5262 se
1119 5208 1263 5275 prius
1286 5210 1503 5261 multum
1535 5210 1802 5262 exercuis-

238 5306 339 5359 set,
363 5306 416 5350 et
444 5311 612 5365 neque
641 5312 826 5363 panem
856 5297 1191 5359 sumpsisset,
1222 5311 1390 5364 neque
1422 5296 1617 5365 aliquid
1650 5314 1713 5351 ex
1740 5299 1801 5351 iis

237 5403 356 5457 qum
386 5390 490 5456 igni
519 5387 727 5442 admota
759 5389 976 5441 veniunt
1014 5388 1068 5441 in
1109 5404 1285 5441 usum.
1318 5388 1447 5441 Cum
1481 5390 1595 5456 ipse
1626 5399 1799 5443 autem

237 5490 336 5529 nos
361 5477 604 5543 jussisset
631 5478 819 5529 sedere
844 5516 859 5541 ,
901 5475 1009 5529 Deo
1040 5476 1247 5545 egimus
1283 5477 1479 5541 gratias
1506 5477 1645 5543 quod
1689 5478 1803 5544 ejus

238 5567 533 5620 {tueremur
575 5566 965 5634 congressione.
998 5564 1046 5617 Is
1076 5575 1251 5619 autem
1288 5580 1408 5619 cum
1442 5576 1691 5635 tanquam
1724 5568 1805 5621 di-

237 5658 405 5711 lectos
433 5669 561 5711 suos
590 5656 726 5710 filios
765 5657 920 5724 longo
966 5666 1205 5725 tempore
1251 5657 1570 5723 accepisset,
1612 5658 1801 5710 ridenti

239 5748 380 5802 vultu
413 5746 524 5803 haec
545 5744 704 5803 "nobis
730 5757 810 5803 est
838 5738 1041 5803 locutus
1068 5762 1082 5801 :
1113 5744 1411 5812 Uudenam,
1442 5760 1474 5801 ο
1503 5745 1619 5811 lilii,
1652 5756 1705 5800 ct
1737 5763 1800 5803 ex

1908 4671 2009 4723 que
2030 4657 2222 4709 accidit
2246 4659 2332 4724 qui
2358 4658 2495 4711 hunc
2522 4660 2775 4713 mundum
2808 4677 2910 4713 non
2935 4664 3148 4715 oumino
3169 4665 3470 4734 abnegavit,

1908 4744 2001 4795 sed
2048 4756 2330 4797 veneratur
2375 4756 2429 4797 ut
2476 4748 2524 4797 ei
2579 4748 2802 4814 placeat.
2854 4750 2936 4802 Ob
2978 4754 3138 4803 multa
3182 4756 3324 4806 enim
3357 4770 3474 4823 qua:

1906 4835 2225 4900 aggreditur,
2257 4834 2372 4903 ejus
2407 4848 2634 4889 mentem
2673 4838 2911 4894 dividunt
2946 4855 3086 4895 cura:
3115 4858 3385 4909 corporeae
3415 4858 3468 4899 et

1908 4935 2215 4989 terrestres;
2247 4935 2299 4980 et
2325 4928 2450 4980 dum
2475 4928 2724 4996 deinceps
2748 4930 2979 4997 disputat
3004 4948 3124 4985 cum
3152 4936 3313 4987 animi
3348 4951 3468 5003 per-

1909 5016 2291 5069 turbationibus
2316 5056 2331 5082 ,
2376 5032 2481 5069 non
2525 5028 2697 5085 potest
2725 5018 2886 5073 Deum
2922 5020 3122 5075 videre.
3161 5024 3263 5076 Sed
3296 5039 3468 5093 neque

1907 5108 2073 5173 ipsam
2099 5110 2454 5177 cognitionem
2479 5111 2635 5164 debet
2665 5124 2911 5165 accurate
2939 5126 2990 5166 et
3020 5123 3205 5167 exacte
3226 5124 3470 5169 contem-

1906 5199 2062 5265 plari,
2090 5214 2155 5251 ne
2187 5200 2230 5251 si
2262 5198 2398 5253 forte
2431 5200 2586 5255 fuerit
2618 5203 2865 5269 indignus
2898 5204 2986 5255 tali
3014 5204 3381 5269 possessione,
3413 5218 3464 5258 et

1905 5290 2019 5357 ejus
2041 5290 2269 5357 aliquant
2302 5300 2503 5355 partem
2530 5292 2684 5344 fuerit
2715 5302 3028 5346 consecutus
3047 5335 3060 5355 ,
3106 5294 3379 5347 existimet
3407 5308 3465 5347 sc

1909 5392 2075 5437 totum
2115 5386 2584 5451 comprehendisse
2610 5427 2625 5449 ,
2651 5396 2705 5440 et
2728 5386 2943 5439 omnino
2974 5388 3174 5440 labatur
3201 5388 3251 5439 iii
3276 5388 3464 5440 interi-

1910 5480 2038 5524 tum.
2069 5472 2170 5525 Sed
2202 5483 2412 5539 Oportet
2440 5489 2650 5541 semper
2680 5475 2950 5528 moderate
2992 5486 3045 5528 et
3087 5475 3171 5543 pie
3198 5474 3263 5528 ad
3306 5474 3471 5528 Deum

1907 5566 2162 5620 sccl-dere
2188 5608 2203 5630 ,
2247 5575 2497 5635 quantum
2532 5576 2705 5634 potest
2738 5570 3099 5637 unusquisque
3142 5579 3318 5623 mente
3346 5584 3473 5637 pro-

1906 5656 2073 5723 gredi,
2105 5666 2158 5709 et
2186 5664 2439 5724 quantum
2474 5667 2689 5723 possunt
2724 5656 2964 5711 homines
2991 5660 3269 5725 consequi.
3298 5658 3469 5723 Opor-

1908 5754 1981 5802 tet
2006 5760 2132 5814 ergo
2174 5756 2401 5801 tuentem
2435 5759 2617 5797 eorum
2649 5747 2736 5811 qui
2785 5746 2948 5801 Deum
2981 5752 3269 5813 quaerunt,
3299 5750 3468 5803 otium
