4258 6358
756 412 893 468 illi)

2213 401 2529 458 PALLADII

3866 384 4005 449 “20

755 553 914 607 agere
936 537 1002 591 ab
1030 537 1145 591 aliis
1171 535 1436 591 omnibus,
1465 535 1661 589 vacate
1703 536 1843 589 enim
1889 543 1942 589 et
1972 531 2272 601 cognoscite
2292 570 2307 593 ,
2339 529 2391 585 Α
2415 533 2468 577 et
2525 526 2736 579 tandem
2800 523 3206 579 exercitatorem
3274 523 3474 591 redegit
3533 523 3585 575 in
3650 523 3989 575 servitutem.

760 631 950 699 inquit.
978 629 1117 697 quod
1147 643 1244 695 ego
1272 643 1389 681 sum
1422 629 1561 680 Deus
1582 624 1751 693 (Psat.
1777 624 1923 691 ην).
1952 624 2054 689 Qui
2078 635 2204 689 ergo
2229 619 2319 673 Dei

758 718 1110 785 cognitionem
1133 732 1197 770 ex
1221 727 1367 785 parte
1385 724 1469 771 est
1488 725 1822 779 consecutus,
1852 714 2150 768 universam
2175 713 2318 765 enim

761 820 918 861 nemo
945 814 1118 875 potest
1159 806 1431 874 accipere,
1480 807 1820 874 consequitur
1849 819 2059 873 quoque
2093 804 2317 855 aliorum

759 900 994 953 omnium
1025 896 1377 966 cognitionem
1404 939 1419 961 ,
1451 908 1503 950 et
1533 896 1676 951 videt
1722 895 1970 965 mysteria
2015 893 2111 947 Dei
2152 893 2238 945 illa
2269 892 2319 945 ei

761 986 1112 1050 ostendentis,
1139 997 1192 1039 et
1223 986 1473 1052 prtevidet
1504 985 1699 1047 futura,
1727 997 1779 1037 et
1810 983 2204 1047 contemplatur
2236 995 2319 1033 re-

762 1080 1051 1134 velationes
1081 1079 1264 1146 quales
1287 1080 1479 1142 sancti,
1504 1089 1557 1132 et
1586 1076 1749 1131 efﬁcit
1780 1078 2020 1138 virtutes,
2047 1084 2097 1127 et
2120 1072 2325 1127 obtinet

764 1188 793 1225 a
818 1172 927 1224 Deo
955 1185 1165 1224 omnem
1197 1170 1526 1237 petitionem.

838 1260 948 1313 Aha
979 1275 1187 1327 quoque
1215 1259 1380 1312 multa
1403 1258 1537 1311 dixit
1564 1257 1632 1310 de
1658 1255 2073 1314 exercitatione;
2098 1261 2150 1307 et
2183 1251 2325 1321 quod

765 1358 971 1418 oportet
1017 1359 1327 1417 exspectare
1382 1357 1607 1402 mortem
1657 1357 1905 1417 tanquam
1956 1350 2115 1399 vitam
2173 1346 2326 1400 bona:

769 1440 1164 1507 translationis,
1215 1451 1270 1493 et
1317 1454 1419 1492 non
1468 1440 1886 1493 imbecillitatem
1918 1439 2109 1491 intueri
2140 1452 2328 1504 corpo-

768 1544 947 1593 ream;
972 1537 1027 1582 et
1051 1544 1148 1581 nec
1173 1530 1253 1582 vel
1275 1528 1597 1595 quibuslibet
1621 1527 1791 1582 obviis
1814 1529 2035 1595 implere
2057 1537 2326 1580 ventrem:

769 1618 899 1671 Nam
930 1619 1038 1684 qui,
1062 1618 1251 1687 inquit,
1286 1620 1442 1672 fuerit
1467 1620 1710 1683 satiatus,
1744 1620 1929 1673 eadem
1959 1629 2115 1683 caput
2149 1617 2333 1670 consi-

775 1706 843 1760 lia
877 1722 992 1774 qua:
1022 1706 1055 1758 ii
1088 1707 1179 1773 qui
1208 1705 1389 1758 vivunt
1428 1707 1478 1759 in
1510 1708 1741 1771 deliciis;
1767 1708 1862 1761 sed
1894 1717 2099 1760 tentare
2127 1712 2334 1772 oportet

772 1809 867 1862 per
898 1795 1327 1847 exercitationem
1359 1794 1515 1849 etiam
1544 1797 1921 1863 appetitionum
1956 1809 2139 1862 parare
2170 1795 2333 1855 impa-

2418 615 2547 670 Cum
2578 628 2753 670 autem
2800 617 2889 670 ille
2938 617 3162 670 internis
3191 626 3493 669 versaretur
3543 614 3994 679 cogitationibus,

2417 705 2607 760 deinde
2635 716 2693 759 ut
2720 705 2808 775 qui
2832 706 2941 773 jam
2973 720 3083 758 rem
3111 704 3335 757 haberet
3362 706 3413 756 in
3444 703 3709 763 manilius,
3735 712 3997 768 reputans

2418 796 2861 862 opportunitatem
2888 803 2941 847 et
2968 794 3255 862 voluptatis
3284 792 3562 860 explendae
3601 790 3951 843 securitatem
3978 832 3990 851 ,

2419 885 2719 951 cogitationi
2749 886 3056 948 assentitur,
3082 894 3136 938 et
3164 892 3333 937 tentat
3364 897 3485 935 cum
3530 895 3593 933 ea
3625 880 3823 932 habere
3865 895 3999 933 cou-

2422 976 2772 1039 suetudinetn,
2804 984 2862 1029 ut
2898 975 2983 1043 qui
3029 974 3138 1043 jam
3171 973 3432 1027 evasisset
3462 970 3717 1035 insipiens
3745 980 3798 1021 et
3828 983 4000 1033 equus

2423 1064 2476 1117 iu
2508 1065 2728 1117 feminas
2768 1064 3056 1118 insaniens.
3092 1064 3180 1115 Illa
3211 1077 3337 1116 vero
3374 1074 3498 1114 cum
3531 1065 3756 1127 repente
3798 1072 3994 1125 magna

2424 1170 2553 1209 voce
2575 1156 2942 1219 exclamasset,
2969 1154 3137 1208 evasit
3164 1166 3490 1207 evanescens
3513 1165 3575 1204 ex
3598 1151 3715 1217 ejus
3743 1150 4001 1202 manibus

2428 1261 2532 1299 nou
2579 1242 2841 1297 secus'ac
2887 1244 3073 1297 umbra
3112 1243 3308 1309 aliqua.
3339 1240 3497 1293 Risus
3544 1248 3718 1292 autem
3773 1238 3824 1290 in
3880 1252 4003 1289 aere

2426 1335 2639 1389 auditur
2664 1334 2950 1387 multorum
2978 1333 3276 1385 damonum
3305 1333 3392 1399 qui
3427 1332 3597 1397 ipsum
3621 1328 3996 1395 increpabant,

2430 1423 2559 1478 etin
2592 1422 2825 1477 fraudem
2875 1422 3220 1488 induxerant,
3268 1428 3325 1474 et
3353 1435 3540 1489 magna
3574 1434 3702 1472 voce
3730 1419 3794 1471 ad
3828 1420 4003 1486 ipsum

2429 1512 2725 1565 clamabant
2751 1529 2764 1563 :
2795 1512 2893 1577 Qui
2922 1525 2981 1564 se
3007 1509 3227 1573 euitat,
3257 1508 3622 1563 humiliabitur
3650 1505 3832 1575 (Luce
3867 1507 4003 1575 xu).

2432 1601 2509 1653 Tu
2540 1612 2712 1655 autem
2743 1615 2908 1668 usque
2936 1600 2999 1652 ad
3027 1600 3193 1654 caelos
3221 1600 3433 1666 quidem
3476 1613 3535 1651 es
3562 1598 3829 1652 exaltatus
3852 1638 3870 1661 ,
3904 1597 4006 1649 hu-

2434 1689 2665 1743 miliatus
2704 1703 2830 1742 vero
2868 1705 2928 1742 es
2972 1704 3137 1756 usque
3181 1689 3247 1741 ad
3293 1688 3534 1756 abyssos.
3582 1687 3785 1741 Exinde
3836 1686 4009 1753 surgit

2436 1794 2589 1833 mane
2635 1790 2948 1832 nocturnum
2981 1778 3180 1831 luctum
3219 1778 3525 1840 attrahens;
3568 1787 3621 1831 et
3666 1792 3785 1828 cum
3835 1785 4006 1828 totum

772 1882 1088 1936 tibilitateui.
1112 1885 1218 1937 Nec
1248 1898 1450 1951 quzerat
1475 1885 1669 1951 aliquis
1699 1902 1757 1939 ea
1790 1901 1908 1953 quae
1949 1894 2074 1937 sunt
2119 1894 2329 1949 parata,
2367 1865 2409 1923 Β
2435 1884 2453 1921 ί

2323 1865 2571 1945 ,Βάἰειη
2623 1870 2959 1934 transegisset
3009 1869 3058 1921 in
3108 1868 3521 1931 lamentatione,
3574 1881 3667 1920 sua
3715 1868 4004 1933 desperata

771 1987 825 2029 et
850 1975 1009 2027 animi
1044 1975 1454 2039 relaxationem;
1486 1976 1576 2028 sed
1606 1991 1749 2030 nunc
1778 1977 1846 2028 sit
1879 1976 2172 2029 imbecillus
2200 1974 2335 2027 aftli-

771 2078 992 2133 etusque
1019 2076 1070 2118 et
1100 2080 1399 2131 oppressus,
1431 2077 1486 2118 ut
1519 2068 1665 2133 regni
1701 2068 1792 2121 Dei
1836 2067 2125 2121 latitudinis
2170 2067 2335 2131 possi-

772 2157 899 2207 deat
954 2154 1338 2209 hznreditatoui.
1386 2156 1604 2223 Oportet
1657 2156 1800 2210 enim
1849 2172 1944 2208 nos
1989 2172 2081 2225 per
2142 2157 2336 2209 multas

773 2244 1083 2298 afﬂicziones
1130 2245 1325 2297 intrare
1370 2246 1423 2298 in
1473 2261 1689 2311 regnum
1742 2246 1834 2299 Dei
1880 2247 2016 2315 (Act.
2066 2249 2201 2311 xtv).
2244 2247 2338 2299 Est

777 2335 941 2397 enim,
968 2333 1155 2401 inquit,
1186 2345 1405 2403 augusta
1437 2350 1616 2402 porta,
1664 2346 1717 2389 et
1748 2347 1891 2389 arcta
1920 2338 2001 2390 via
2045 2352 2162 2403 qua:
2194 2337 2337 2391 ducit

774 2423 839 2477 ad
868 2427 1051 2484 vitam.
1081 2433 1134 2477 et
1175 2425 1324 2492 pauci
1353 2436 1472 2477 sunt
1499 2426 1586 2493 qui
1618 2440 1734 2478 eam
1762 2427 2051 2479 inveniant.
2081 2426 2145 2477 Et
2171 2443 2182 2476 :
2210 2426 2334 2478 Lata

774 2524 855 2567 est
884 2515 964 2566 via
992 2530 1107 2578 quae
1136 2514 1278 2567 ducit
1308 2516 1370 2567 ad
1407 2518 1777 2582 perditionem,
1808 2526 1856 2569 et
1891 2517 2037 2569 multi
2080 2526 2203 2569 sunt
2247 2515 2338 2583 qui

775 2602 1141 2665 ingrediuntur
1165 2619 1258 2669 per
1279 2620 1395 2657 eam
1420 2603 1630 2668 (Matth.
1659 2610 1772 2674 vn).
1806 2606 1868 2657 Et
1891 2613 2118 2672 Oportet,
2150 2606 2337 2670 inquit,

778 2707 873 2744 nos
905 2692 989 2745 hic
1016 2702 1380 2752 contemnere.
1411 2710 1530 2747 cum
1565 2694 1717 2761 paulo
1745 2704 1857 2761 post
1880 2710 2060 2747 eamus
2085 2696 2150 2747 ad
2183 2696 2338 2747 vitam

781 2792 1054 2837 reteruaiu.
1099 2784 1205 2837 Nec
1250 2795 1457 2850 oportet
1512 2786 1739 2852 aliquem
1785 2785 1962 2839 efferri
2011 2787 2079 2839 ob
2124 2800 2185 2838 ea
2225 2800 2342 2853 qua":

779 2881 922 2927 recte
950 2889 978 2926 a
1004 2888 1061 2927 se
1090 2882 1232 2940 gesta
1265 2886 1407 2936 sunt,
1441 2876 1533 2928 sed
1570 2890 1778 2942 semper
1820 2889 1940 2928 esse
1978 2875 2256 2937 humilem,
2290 2884 2345 2928 et

780 2961 1045 3031 longiores
1091 2965 1332 3031 persequi
1365 2965 1705 3028 solitudines,
1754 2965 1965 3032 quando
2013 2965 2241 3017 senserit
2282 2977 2343 3017 se

782 3051 979 3104 clTet'ri.
1017 3052 1280 3104 Ilabilalio
1311 3055 1451 3106 enim
1488 3056 1777 3121 propinqua
1823 3053 1985 3116 vicis,
2034 3068 2128 3106 eos
2181 3054 2341 3106 etiam

782 3139 866 3205 qui
907 3148 1058 3193 erant
1087 3140 1303 3206 perfecti
1335 3155 1475 3209 saepe
1514 3139 1751 3193 oﬂ'eudit.
1797 3139 1945 3205 Quod
1972 3142 2131 3194 etiam
2171 3141 2345 3208 psallit

2435 1959 2602 2012 salute
2625 1998 2639 2022 ,
2670 1958 2807 2025 quod
2840 1973 2942 2010 non
2974 1957 3192 2021 debuit,
3222 1958 3274 2011 in
3308 1958 3560 2011 mundum
3611 1972 3863 2010 reversus
3902 1966 4005 2011 est.

2439 2050 2546 2102 lloc
2574 2057 2655 2103 est
2682 2050 2822 2102 enim
2855 2050 3071 2117 maligni
3096 2050 3327 2102 studium
3347 2090 3360 2110 ,
3386 2060 3441 2102 ut
3462 2048 3674 2116 quando
3700 2048 4006 2116 quempiam

2438 2140 2685 2203 inriserit,
2711 2156 2828 2194 eum
2855 2142 3057 2209 redigat
3100 2143 3165 2195 ad
3198 2142 3574 2207 insipientiam,
3610 2154 3667 2193 ut
3699 2156 3804 2193 non
3839 2140 4010 2207 possit

2436 2228 2682 2297 deinceps
2710 2246 2945 2298 surgere.
2985 2229 3152 2295 Unde,
3179 2246 3211 2283 o
3242 2231 3353 2296 ltlii,
3383 2247 3486 2284 nou
3518 2242 3599 2284 est
3623 2230 3773 2282 nobis
3800 2229 4009 2282 condu-

2436 2317 2608 2370 cibilis
2658 2320 2948 2386 propinqua
2990 2319 3119 2373 vicis
3161 2320 3451 2385 habitatio,
3508 2335 3676 2385 neque
3719 2320 4010 2372 mulierum

2437 2407 2747 2467 collocutio,
2782 2416 2836 2459 ut
2864 2423 2929 2460 ex
2958 2409 3148 2473 quibus
3178 2410 3376 2462 oriatur
3406 2412 3663 2462 memoria
3690 2450 3703 2472 ,
3736 2406 3858 2477 qua:
3906 2422 4011 2461 non

2440 2501 2613 2559 potest
2650 2493 3033 2558 deleri,quam
3100 2509 3165 2548 ex
3228 2494 3342 2547 visu
3408 2494 3727 2550 attrahiuius
3786 2508 3843 2552 et
3906 2500 4011 2550 col«

2441 2580 2722 2634 locutione.
2750 2581 2853 2635 Sed
2884 2596 3052 2648 neque
3082 2582 3338 2637 debemus
3361 2585 3596 2637 animum
3628 2585 3966 2649 despondere
3988 2626 4001 2648 ,

2439 2678 2492 2721 et
2513 2682 2606 2720 nos
2636 2668 2779 2737 ipsos
2818 2668 3097 2723 detrudere
3124 2671 3189 2723 ad
3230 2673 3675 2737 desperationem.
3710 2671 3831 2723 iam
3862 2672 4011 2724 enirn

2444 2760 2476 2811 ii
2507 2775 2714 2825 quoque
2736 2760 2825 2826 qui
2858 2776 2963 2813 non
2984 2776 3131 2827 spem
3161 2761 3492 2830 abjecerunt,
3524 2777 3627 2815 nou
3660 2761 3883 2815 fuerunt
3905 2760 4013 2829 pri-

2443 2850 2545 2901 vati
2580 2849 2669 2903 Dei
2699 2850 3053 2904 misericordis
3083 2851 3388 2905 clementia.

3020 2961 3241 3017 CAPUT
3279 2962 3437 3015 XLV.

2445 3070 2521 3124 De
2550 3074 2705 3139 fratre
2731 3072 2817 3139 qui
2851 3072 3030 3140 ductus
3070 3073 3167 3139 fuit
3196 3072 3488 3139 pauitentia
3507 3112 3521 3133 ,
3553 3070 3782 3140 ejusdem
3824 3069 4017 3123 abbatis

2991 3139 3207 3193 Joannis
3235 3143 3481 3192 narratio.

784 3229 948 3281 David
976 3229 1057 3282 cui
1085 3231 1187 3283 tale
1210 3230 1333 3298 quid
1355 3230 1619 3283 acciderat
1647 3246 1659 3281 :
1694 3230 1827 3283 Ecce
1849 3228 2088 3298 elongavi
2111 3228 2341 3296 fugiens,
2372 3215 2417 3276 C
2520 3230 2649 3283 Erat
2674 3230 2815 3282 enim
2835 3269 2850 3294 ,
2878 3230 3074 3297 inquit,
3106 3229 3239 3281 alius
3260 3230 3569 3282 adolescens
3596 3230 3645 3281 in
3676 3226 3911 3293 civitate,
3936 3228 4018 3294 qui

783 3329 833 3370 et
864 3319 1094 3371 habitavi
1126 3319 1178 3373 in
1207 3320 1510 3374 solitudine.
1546 3320 1924 3387 Exspectabam
1956 3334 2078 3373 eum
2119 3321 2205 3387 qui
2232 3321 2343 3374 sal-

786 3428 904 3465 vum
932 3429 1015 3467 me
1041 3414 1167 3467 facit
1196 3430 1225 3467 a
1258 3415 1689 3481 pusillauitnitate
1732 3423 1787 3467 et
1834 3422 2144 3477 tempestate
2175 3412 2343 3482 (I’sal.

788 3505 914 3570 uv).
957 3505 1067 3559 lloc
1107 3515 1284 3560 autem
1330 3506 1520 3560 accidit
1564 3505 1740 3559 multis
1785 3519 1995 3574 quoque
2040 3521 2105 3558 ex
2155 3505 2347 3559 nostris

793 3592 1083 3659 fratribus,
1152 3604 1205 3649 et
1262 3603 1480 3663 propter
1527 3594 1882 3662 arrogantiam
1946 3592 2259 3648 exciderunt
2319 3608 2349 3647 a

788 3694 971 3748 scapo.

1357 3752 1580 3808 CAPUT
1611 3752 1794 3807 XLIV.

920 3859 1163 3913 Narratio
1191 3862 1384 3915 abbatis
1411 3861 1626 3917 Joannis
1651 3864 1713 3916 de
1740 3881 1796 3917 eo
1822 3864 1909 3933 qui
1937 3863 2109 3931 lapsus
2133 3873 2225 3917 est.

864 3950 992 4004 Erat
1020 3952 1190 4017 enim,
1220 3954 1426 4022 inquit,
1462 3955 1674 4023 quidam
1706 3955 1995 4009 monachus
2033 3956 2121 4023 qui
2150 3955 2203 4007 in
2235 3969 2355 4021 pro-

793 4042 987 4108 pinqua
1032 4043 1318 4095 solitudine
1364 4044 1587 4111 degebat
1634 4044 1688 4097 in
1740 4045 2029 4111 spelunca,
2059 4053 2111 4097 et
2139 4059 2351 4099 omnem

791 4130 1094 4183 ostenderat
1121 4134 1555 4185 exercitationem
1583 4174 1598 4198 ,
1634 4141 1690 4187 et
1722 4134 1948 4201 propriis
1986 4134 2229 4187 manibus
2261 4149 2354 4200 pa-

792 4230 911 4269 nem
941 4217 1040 4269 sibi
1071 4219 1339 4285 quaerebat
1359 4218 1549 4286 (Ra/7‘.,
1581 4222 1666 4274 lib.
1694 4237 1763 4286 ιι,
1801 4238 1918 4289 cap.
1953 4222 2027 4284 l).
2072 4222 2352 4291 Postqua

795 4315 970 4357 autem
1002 4310 1289 4373 permansit
1319 4310 1368 4362 in
1395 4312 1721 4365 orationibus
1746 4353 1760 4373 .
1792 4323 1844 4365 et
1894 4312 2116 4380 profecit
2145 4315 2351 4366 virtuti-

794 4392 911 4459 bus,
945 4396 995 4447 in
1023 4397 1199 4461 seipse
1227 4398 1473 4465 deinceps
1507 4401 1691 4454 habuit
1735 4401 1975 4455 ﬁduciam
2001 4444 2017 4467 ,
2048 4401 2211 4456 fretus
2241 4403 2355 4469 pul-

792 4484 921 4537 chro
951 4500 1058 4536 suat
1089 4488 1209 4540 vita:
1238 4489 1497 4541 instituto.
1523 4490 1622 4554 Qui
1649 4503 1823 4543 autem
1854 4501 2043 4554 teutat,
2074 4507 2192 4545 eum
2223 4507 2351 4559 quo-

2452 3320 2615 3373 multa
2639 3319 2772 3371 mala
2796 3318 3021 3380 fecerat,
3046 3328 3098 3372 et
3119 3321 3347 3388 graviter
3371 3327 3680 3386 peccaverat
3705 3318 3903 3385 (lic/72,
3933 3320 4017 3370 lib.

2451 3425 2518 3474 ll,
2548 3426 2663 3478 cap.
2694 3409 2779 3479 1).
2822 3410 2926 3478 Qui
2973 3412 3063 3465 Dei
3112 3420 3272 3472 nutu,
3326 3423 3543 3478 propter
3593 3410 3753 3461 multa
3807 3421 4019 3475 peccata

2450 3510 2820 3568 compunctus,
2850 3500 3071 3555 veniens
3098 3500 3164 3553 ad
3204 3501 3463 3567 sepulcra,
3501 3501 3730 3565 priorem
3758 3514 3913 3552 suam
3950 3502 4021 3553 vi-

2456 3603 2558 3645 tam
2589 3590 2828 3655 deﬂevit;
2876 3606 3069 3659 pronus
3111 3592 3305 3645 cadens
3335 3593 3385 3643 in
3427 3588 3613 3643 faciem
3638 3632 3651 3653 ,
3682 3600 3735 3643 et
3784 3608 3892 3646 non
3934 3607 4022 3644 au-

2452 3681 2584 3735 dens
2630 3695 2807 3733 vocem
2857 3682 3123 3743 emittere,
3173 3695 3271 3733 nec
3308 3680 3469 3733 Deum
3519 3683 3813 3743 nominare,
3853 3696 4023 3748 neque

2450 3770 2769 3836 supplicare,
2803 3768 2917 3835 ipsa
2949 3784 3159 3838 quoque
3188 3771 3289 3821 vita
3329 3771 3558 3835 seipsum
3606 3769 3882 3836 indignum
3918 3774 4022 3824 exi-

2453 3860 2695 3911 stimans.
2721 3860 2928 3912 Etcum
2960 3872 3082 3912 ante
3112 3870 3333 3912 mortem
3362 3876 3421 3912 se
3446 3860 3743 3912 inclusisSet
3775 3861 3827 3913 in
3859 3863 4024 3929 sepul:

2452 3950 2558 4004 cris
2581 3959 2905 4002 mortuorum
2926 3988 2941 4013 ,
2971 3958 3025 4002 et
3060 3964 3209 4002 suam
3238 3950 3395 4002 vitam
3424 3948 3655 4013 diceret,
3682 3952 3935 4015 gemebat
3962 3966 4023 4003 ex

2454 4038 2714 4106 profundo
2738 4037 2936 4092 cordis.
2962 4039 3093 4091 Cum
3118 4039 3227 4105 jam
3254 4048 3427 4091 autem
3451 4040 3519 4091 ab
3542 4054 3607 4092 eo
3628 4050 3872 4107 tempore
3904 4054 4026 4107 pne-

2458 4129 2695 4183 teriisset
2738 4130 3091 4193 hebdomada,
3132 4140 3290 4183 noctu
3331 4130 3378 4182 ei
3428 4131 3685 4184 assistunt
3727 4131 4021 4194 damones,

2454 4218 2543 4285 qui
2566 4218 2682 4287 ejus
2712 4220 2827 4271 vitae
2859 4220 3002 4285 prius
3027 4218 3275 4271 damnum
3304 4221 3619 4283 attulerant,
3647 4219 3948 4273 clamantes
3976 4232 4024 4273 et

2453 4310 2692 4364 dicentes
2717 4326 2730 4361 :
2760 4309 2859 4363 Ubi
2886 4319 2965 4363 est
2992 4310 3081 4363 ille
3108 4311 3365 4364 scelestus
3393 4320 3448 4364 et
3478 4310 3748 4378 profanus,
3784 4313 3876 4377 qui
3911 4313 4023 4365 libi-

2454 4399 2665 4453 dinibus
2694 4411 2745 4453 et
2793 4398 3017 4452 lasciviis
3056 4401 3365 4465 exsatiatus,
3394 4414 3535 4453 nunc
3564 4400 3715 4452 nobis
3758 4398 4026 4468 intempe-

2456 4488 2651 4550 Stivus,
2684 4495 2986 4553 temperans
3013 4494 3066 4539 et
3110 4487 3362 4539 honestus
3402 4498 3617 4553 repente
3648 4487 3930 4553 apparuit;
3978 4498 4027 4541 et

794 4590 915 4640 que,
945 4576 1081 4629 sicut
1106 4574 1225 4641 Job,
1253 4577 1468 4644 expetiit
1498 4581 1559 4632 ad
1593 4581 1898 4633 tentandum
1926 4620 1941 4645 ,
1974 4591 2025 4632 ει
2054 4583 2100 4634 ei
2130 4597 2351 4649 vespere
2384 4566 2436 4624 D
2458 4576 2670 4642 quando
2700 4589 2801 4627 non
2836 4584 3008 4642 potest
3050 4576 3295 4642 amplius,
3323 4584 3448 4629 tunc
3476 4577 3581 4628 vult
3620 4592 3739 4629 esse
3769 4575 4029 4630 Christia-

798 4664 995 4727 prtebet
1044 4663 1368 4730 phantasiam
1417 4666 1661 4721 formosa:
1707 4669 1942 4721 mulieris
1988 4670 2211 4722 errantis
2263 4686 2355 4738 per

796 4751 1156 4805 solitudinem.
1198 4754 1327 4816 Quas
1362 4769 1479 4807 cum
1518 4760 1710 4808 ost‘um
1760 4757 2046 4810 invenisset
2076 4770 2313 4824 apertum
2338 4800 2352 4824 ,

797 4842 1030 4910 ingressa
1056 4853 1135 4896 est
1162 4845 1499 4911 speluncam;
1546 4858 1599 4899 et
1642 4847 1996 4913 procumbens
2043 4848 2107 4901 ad
2141 4850 2238 4901 viri
2270 4864 2359 4918 ge-

798 4948 923 4998 nua,
952 4934 1098 5001 petiit
1126 4942 1181 4987 ut
1209 4936 1307 4987 sibi
1338 4936 1444 4989 illic
1475 4938 1656 4990 liceret
1682 4938 1979 5005 quiescere,
2011 4949 2191 5005 utpote
2212 4941 2352 5007 quod

798 5039 901 5077 nox
928 5040 1064 5096 eam
1107 5027 1562 5093 apprehendisset.
1595 5028 1683 5081 llle
1711 5038 1885 5081 autem
1925 5042 2043 5081 cum
2073 5028 2188 5095 ejus
2216 5041 2357 5084 esset

798 5116 1080 5180 misertus,
1112 5118 1253 5183 quod
1294 5118 1507 5184 quidem
1541 5132 1644 5169 non
1672 5116 1887 5180 debuit,
1920 5132 2035 5170 eam
2063 5118 2270 5169 admisit
2304 5116 2355 5170 in

800 5207 1121 5268 speluncam,
1149 5215 1202 5260 et
1239 5210 1306 5261 de
1335 5222 1516 5260 errore
1555 5208 1697 5259 illam
1747 5218 1827 5260 est
1874 5216 2233 5274 percontatus.
2268 5208 2355 5260 Illa

801 5309 925 5347 vero
946 5307 996 5346 et
1020 5296 1269 5362 narravit,
1295 5304 1348 5349 et
1371 5296 1555 5348 blanda
1584 5310 1644 5348 ac
1670 5293 1873 5348 fallacia
1902 5296 2059 5348 verba
2088 5297 2355 5362 inspersit,

798 5393 853 5436 et
880 5398 1176 5436 sermonem
1203 5385 1289 5436 diu
1318 5400 1434 5437 eum
1465 5399 1528 5436 eo
1556 5385 1831 5452 protraxit.
1865 5384 1997 5438 E-tm
2023 5394 2198 5439 autem
2230 5399 2355 5439 sen-

802 5475 899 5525 sim
933 5476 1109 5527 nescio
1130 5475 1391 5544 quomodo
1410 5474 1704 5543 pellieiebat
1724 5475 1787 5527 ad
1813 5488 2075 5538 amorem;
2102 5477 2358 5544 pluraque

801 5564 1052 5634 deinceps
1078 5567 1233 5619 verba
1259 5569 1391 5619 inter
1421 5581 1479 5621 se
1500 5574 1785 5620 conserunt
1802 5603 1819 5629 ,
1850 5565 2123 5634 ridentque
2149 5582 2209 5621 ac
2232 5568 2359 5621 sub-

806 5656 1014 5721 rideut,
1066 5672 1290 5721 cumque
1335 5657 1446 5723 ipsa
1506 5657 1672 5710 multo
1719 5671 1962 5709 sermone
2016 5658 2258 5723 seduxit,
2309 5666 2363 5712 et

808 5744 1000 5801 deinde
1044 5748 1460 5800 contreetationc
1508 5760 1693 5799 manus
1722 5756 1773 5799 et
1802 5746 1980 5799 barbae
2010 5756 2062 5801 et
2100 5749 2357 5806 cervicis:

2459 4679 2577 4723 nus,
2610 4674 2661 4717 et
2706 4663 2885 4732 probis
2931 4664 3341 4732 compositisque
3389 4666 3664 4718 meribus?
3694 4667 4026 4731 Ecquidnam

2460 4751 2550 4805 tibi
2582 4752 2701 4805 boni
2733 4755 2959 4818 amplius
2988 4752 3219 4806 futurum
3250 4766 3547 4821 exspectas,
3578 4771 3695 4808 cum
3726 4759 3798 4809 sis
3830 4761 4032 4816 nostris

2460 4843 2612 4895 malis
2641 4842 2921 4909 impletus?
2955 4843 3067 4895 Non
3100 4844 3221 4897 hinc
3247 4845 3352 4896 cito
3378 4847 3671 4913 exsto-ges?
3698 4846 3811 4897 Non
3846 4849 4030 4901 venies

2460 4934 2525 4987 ad
2547 4948 2606 4988 ea
2633 4949 2750 4999 qua:
2774 4943 2897 4987 sunt
2924 4934 3193 4989 nobiscum
3223 4938 3505 4988 consueta?
3534 4949 3583 4989 te
3610 4950 3823 4991 manent
3851 4952 4029 4993 scorta

2461 5032 2513 5075 et
2538 5037 2823 5090 caupones.
2855 5024 2966 5075 Non
2998 5027 3197 5089 venies,
3223 5037 3276 5079 et
3303 5026 3489 5080 frueris
3520 5030 3879 5096 cupidinibus,
3910 5048 4027 5085 cum

2460 5111 2528 5164 sit
2548 5121 2735 5166 cuncta
2758 5112 2859 5165 alia
2886 5113 2978 5167 tibi
3005 5128 3125 5182 Spes
3146 5117 3402 5169 exstincta
3417 5116 3439 5155 ν
3466 5119 3621 5170 Velox
3650 5118 3711 5171 ad
3742 5127 3792 5171 te
3813 5137 4027 5173 omniuo

2464 5205 2635 5257 veniet
2658 5204 2942 5271 judicium,
2974 5206 3061 5273 qui
3092 5207 3167 5260 sic
3198 5208 3419 5273 teipsum
3452 5209 3687 5274 periuris.
3714 5210 3780 5263 Et
3807 5225 3908 5265 cur
3935 5214 4028 5265 mi-

2464 5308 2555 5349 ser
2585 5295 2805 5347 festinas
2835 5296 2897 5347 ad
2927 5296 3283 5363 supplicium?
3306 5313 3400 5350 cur
3423 5306 3596 5350 autem
3625 5300 3907 5353 contendis
3940 5304 4025 5356 tibi

2467 5400 2649 5455 pmnas
2689 5386 2842 5439 citius
2881 5385 3148 5454 inﬂigere?
3176 5387 3435 5454 Multaque
3476 5389 3573 5439 alia
3615 5388 3897 5447 dicentes:
3932 5393 4030 5445 Νυη

2466 5485 2573 5528 ster
2598 5489 2676 5539 es,
2719 5476 2769 5526 iu
2815 5483 3051 5528 nostrum
3094 5478 3330 5529 ordinem
3371 5492 3429 5531 es
3474 5480 3689 5545 relatus,
3737 5485 4032 5538 exercuisti

2465 5580 2673 5619 omnem
2714 5564 3069 5633 iniquitatem.
3098 5566 3173 5620 Tu
3199 5581 3257 5620 es
3288 5569 3441 5621 uobis
3469 5569 3711 5624 omnibus
3739 5574 4029 5643 obnoxius,

2466 5663 2520 5708 et
2560 5654 2723 5708 audes
2754 5654 2963 5722 fugere?
2994 5670 3099 5709 non
3135 5657 3474 5712 asseutierisl
3512 5674 3616 5712 non
3650 5664 4033 5730 respondebis?

2470 5760 2574 5799 non
2602 5745 2756 5798 simul
2787 5745 3110 5812 egredieris?
3139 5746 3419 5814 Postquam
3451 5758 3624 5803 autem
3654 5750 3742 5805 ille
3777 5764 4032 5809 constans
