4258 6358
330 392 468 460 1121

1553 383 1913 451 HISTORIA
1957 391 2350 453 LAUSIACA.

3446 398 3503 463 Η
3513 397 3586 465 22

324 511 374 561 οἱ
396 508 576 575 ἀγιοι⁹
602 504 699 559 καὶ
722 501 980 575 δυνάμεις
1034 500 1295 565 ἐπιτελεῖ,
1353 501 1446 553 καὶ
1490 499 1643 569 φίλος
1694 501 1907 568 γίνεται
1934 505 1980 563 Α
2009 501 2191 556 ἄδειαν
2230 502 2325 556 τοῦ
2372 502 2629 567 ὲκτελεῖν,
2681 503 2781 575 τὴν
2811 504 3005 574 ἡδονὴν
3040 503 3405 575 λογιζόμενος,
3455 525 3582 563 συν-

326 597 488 663 Θεοῦ,
531 597 626 651 καὶ
661 596 768 649 πᾶν
794 594 1003 664 αἴτημα
1036 592 1189 663 παρά
1214 588 1350 645 Θεοῦ
1384 590 1688 661 κομίζεται.

398 776 533 834 Εἷπέ
565 794 628 829 τε
675 776 809 830 ἀλλα
844 773 1013 827 πολλά
1057 772 1149 825 καὶ
1185 772 1315 842 περὶ
1354 771 1662 840 ἀσκήσεως,
1698 770 1792 823 καὶ
1821 771 1904 823 ὅτι

321 875 402 926 δεῖ
422 872 510 922 τὸν
534 868 763 921 θάνατον
791 867 979 936 ὥσπερ
1002 864 1215 933 ἀγαθῆς
1248 862 1395 933 ζωῆς
1427 861 1714 933 μετάθεσιν
1744 878 1901 933 περι-

327 964 533 1034 μένειν,
578 961 672 1013 καὶ
719 958 793 1030 μὴ
832 959 1082 1030 προορᾷν
1109 956 1391 1010 ἀσθένειαν
1420 953 1755 1024 σωματικὴν,
1810 954 1903 1007 καὶ

326 1056 403 1125 μὴ
439 1052 718 1123 ὲμπιπλᾷν
759 1050 864 1103 κάν
895 1048 1002 1102 τῶν
1037 1049 1311 1117 τυχόντων
1346 1044 1477 1113 γοῦν
1506 1046 1604 1115 τὴν
1637 1045 1899 1116 γαστέρα.

325 1145 709 1216 Κορεσάμενος
739 1146 848 1214 γάρ
891 1159 993 1206 τις,
1028 1141 1211 1210 φησὶν,
1243 1138 1313 1192 τὰ
1342 1138 1482 1191 αὐτά
1512 1140 1623 1200 τοῖς
1652 1136 1902 1209 τρυφῶσι

324 1241 526 1308 πάσχει
561 1236 924 1308 βουλεύματα,
955 1233 1089 1286 ἀλλὰ
1124 1230 1418 1304 πειρᾶσθαι
1464 1229 1544 1283 δεῖ
1592 1229 1900 1299 ἀσκήσεως,

325 1333 419 1384 καὶ
453 1330 551 1400 τὴν
583 1329 688 1380 τῶν
715 1326 948 1398 ὀρέξεων
990 1323 1257 1378 ἀπάθειαν
1290 1320 1613 1391 κτήσασθαι.
1650 1321 1760 1373 Kal
1793 1337 1901 1390 μη-

322 1423 433 1484 δεὶς
458 1422 522 1473 τά
551 1421 746 1490 ἕτοιμα
780 1419 871 1471 καὶ
915 1416 1014 1487 τὴν
1044 1417 1227 1471 ἄνεσιν
1250 1413 1581 1482 ἐπιζητήτω,
1610 1410 1747 1464 ἀλλά
1776 1428 1900 1464 στε-

322 1512 533 1565 νούσθω
566 1509 665 1564 νῦν
712 1508 808 1563 καὶ
852 1509 1140 1573 θλιϐέσθω,
1182 1509 1268 1563 ἴνα
1292 1508 1390 1579 τὴν
1433 1506 1775 1577 εὐρυχωρίαν
1801 1504 1902 1573 τῆς

319 1603 415 1655 τοῦ
466 1602 600 1655 Θεοῦ
647 1600 922 1672 βασιλείας
972 1601 1380 1670 κληρονομήση.
1442 1599 1536 1651 Δεῖ
1582 1597 1690 1668 γάρ
1727 1595 1896 1666 ἡμᾶς.

323 1694 479 1760 φησὶ,
526 1692 611 1743 διὰ
663 1691 871 1743 πολλῶν
922 1690 1153 1758 θλίψεων
1188 1692 1268 1751 εἰς
1335 1691 1433 1760 τὴν
1471 1686 1743 1759 βασιλείαν
1789 1688 1900 1737 είσ-

320 1782 515 1838 ελθεῖν.
546 1783 641 1849 Τίς
667 1784 827 1851 στενὴ
855 1784 984 1853 γὰρ,
1015 1783 1199 1851 φησὶν,
1225 1783 1257 1851 ἡ
1285 1781 1424 1852 πύλη
1443 1780 1537 1833 καὶ
1560 1777 1893 1849 τεθλιμμένη

2008 589 2299 644 εκατέθετο
2344 589 2531 645 λοιπῑν
2554 595 2619 662 τῇ
2676 592 2907 663 διανοίᾳ,
2966 593 3059 647 καὶ
3116 593 3389 648 συνελθεῖν
3444 598 3583 669 αὐτῇ

2009 683 2285 750 ἐπειρᾶτο,
2317 680 2506 751 ἄφρων
2542 683 2641 754 ήδη
2676 684 2770 738 καὶ
2807 684 3124 756 θηλυμανὴς
3162 687 3255 739 καὶ
3288 687 3454 751 ἵππος
3489 706 3585 757 γε·

2004 772 2247 842 νόμενος.
2293 773 2355 825 Ἢ
2382 775 2437 826 δὲ
2465 773 2723 844 ἐξαίφνης
2762 775 2908 845 μέγα
2934 776 3312 847 ἀναϐοήσασα,
3346 780 3585 847 ἄφαντος

2004 864 2068 915 ἐκ
2091 864 2197 915 τῶν
2224 864 2420 934 χειρῶν
2466 865 2633 917 αὐτοῦ
2673 866 2914 933 γέγονεν,
2956 866 3144 939 ῶσπερ
3177 871 3304 923 σκιά
3333 888 3415 934 τις
3446 873 3582 924 ἀποο

2002 955 2307 1025 δραμοῦσα.
2351 956 2532 1019 Γέλως
2583 956 2640 1009 δὲ
2699 958 2847 1029 αὐτῷ
2893 960 3014 1031 ἀέρι
3060 962 3274 1013 πολλῶν
3324 962 3582 1017 ἀκούεται

2001 1046 2272 1116 δαιμόνων
2329 1046 2661 1117 ἐλεγχόντων
2710 1049 2873 1103 αὐτὸν
2904 1093 2918 1117 ,
2978 1057 3073 1105 καὶ
3099 1055 3164 1123 τῇ
3215 1054 3400 1126 ἀπάτῃ
3443 1072 3585 1122 παρ-

2003 1136 2243 1203 αγόντων
2268 1136 2364 1190 καὶ
2397 1137 2607 1207 μεγάλῃ
2646 1141 2796 1209 φωνῇ
2830 1140 2965 1211 πρὸς
2987 1141 3147 1195 αὐτὸν
3169 1141 3440 1213 βοώντων·
3470 1140 3584 1209 Πᾶς

2001 1227 2028 1279 ὁ
2054 1224 2203 1294 ὑψῶν
2246 1225 2438 1279 ἑαυτὸν
2476 1228 2965 1299 ταπεινωθήσεται.
3006 1232 3078 1284 Σὺ
3122 1232 3179 1283 δὲ
3231 1231 3451 1305 ὐψώθης
3478 1234 3585 1298 ἕως

1999 1323 2109 1375 τῶν
2154 1322 2419 1393 οὐρανῶν,
2465 1324 2835 1397 ἐταπεινώθης
2880 1326 2938 1379 δὲ
2984 1325 3106 1390 ἓωςι
3139 1327 3247 1380 τῶν
3304 1329 3580 1384 ἀϐύσσων.

2013 1412 2293 1466 Ἐντεῦθεν
2338 1414 2622 1468 ἀνίσταται
2651 1415 2713 1468 τὸ
2756 1416 2902 1488 πρωῖ
2942 1417 3004 1470 τὸ
3035 1420 3349 1490 νυκτερινὸν
3388 1420 3585 1485 πένθος

2000 1504 2416 1574 ἐπισυρόμενος,
2450 1506 2542 1557 καὶ
2561 1506 2926 1576 διημερεύσας
2957 1511 3014 1560 ἐν
3036 1512 3145 1571 τοῖς
3171 1510 3412 1579 θρήνοις,
3444 1511 3581 1564 ἀπο-

1998 1596 2159 1663 γνοὺς
2177 1595 2372 1648 ἑαυτοῦ
2395 1596 2491 1666 τῆς
2514 1598 2808 1667 σωτηρίας,
2830 1598 2967 1668 ὅπερ
2998 1599 3095 1651 οὐκ
3116 1598 3370 1668 ὤφειλεν,
3393 1602 3471 1661 είς
3491 1600 3583 1653 τὸν

2000 1682 2200 1753 κόσμον
2219 1684 2377 1736 πάλιν
2394 1684 2751 1753 ὑπέστρεψεν.
2774 1686 2943 1739 Τοῦτο
2965 1690 3072 1758 γάρ
3093 1690 3207 1741 ἐστι
3226 1689 3318 1742 τοῦ
3345 1690 3581 1759 πονηροῦ

1997 1773 2056 1825 τὸ
2081 1775 2582 1844 ἐπιτήδευμα,ὁταν
2602 1775 2725 1827 τινὰ
2746 1776 3151 1847 καταπαλαίσῃ,
3171 1778 3250 1840 είς
3273 1777 3582 1848 ἀφροσύνην

319 1877 353 1946 ἠ
385 1877 499 1940 ὁδὸς
525 1878 556 1947 η
591 1876 879 1943 ἀπάγουσα
915 1879 993 1937 εἰς
1023 1877 1121 1945 τὴν
1146 1873 1292 1943 ζωήν
1311 1888 1328 1906 ⁸
1356 1873 1452 1928 καὶ
1475 1860 1646 1941 ὁλίγοι
1679 1872 1817 1925 εισὶν
1844 1871 1892 1923 οί
1926 1873 1968 1928 Β
1996 1864 2156 1917 αὐτὸν
2183 1864 2525 1935 καθίστησιν,
2549 1867 2635 1920 ’ίνα
2664 1866 2757 1919 τοῦ
2776 1867 2966 1920 λοιποῦ
2993 1867 3187 1936 μηκέτι
3209 1868 3429 1938 δύνηται
3450 1870 3583 1923 ἀνα-

319 1969 666 2039 εὑρίσκοντες
707 1970 899 2038 αὐτήν.
940 1970 1035 2035 Τί;
1072 1968 1302 2021 πλατεῖα
1336 1969 1370 2038 ἡ
1406 1967 1569 2035 πύλη,
1605 1966 1702 2021 καὶ
1732 1964 1893 2035 εὐρύ-

318 2076 493 2131 χωρος
533 2061 566 2131 ή
610 2061 727 2122 ὁδὸς
768 2062 800 2129 ή
854 2060 1141 2127 ἀπάγουσα
1195 2061 1274 2121 είς
1314 2059 1411 2128 τὴν
1460 2056 1768 2111 ἀπώλειαν·
1801 2055 1894 2109 καὶ

318 2149 502 2203 πολλοί
533 2150 669 2201 εἰσιν
713 2149 763 2201 οί
803 2150 1157 2218 πορευόμενοι
1185 2148 1250 2200 δι’
1282 2148 1469 2216 αὐτῆς,
1500 2147 1610 2200 Kal
1663 2145 1755 2211 τί;
1790 2144 1890 2211 δεῖ,

317 2242 502 2311 φησὶν,
527 2241 809 2310 ὀλιγωρεῖν
837 2239 1067 2293 ἐνταῦθα
1099 2239 1278 2307 ὀλίγον
1306 2238 1532 2307 ὕστερον
1564 2239 1644 2302 είς
1669 2236 1894 2290 αἰωνίαν

316 2333 626 2386 ἀνάπαυσιν
665 2333 944 2395 ἀπιόντας.
981 2332 1089 2386 Kal
1118 2334 1200 2386 ὅτι
1226 2332 1287 2385 οὐ
1316 2332 1396 2385 δεῖ
1424 2332 1747 2403 ἐπαίρεσθαί
1775 2350 1894 2385 τινα

318 2422 415 2474 ἐπὶ
470 2424 580 2483 τοῖς
623 2419 788 2474 αὐτοῦ
832 2421 1268 2492 κατορθώμασιν,
1319 2421 1452 2475 ἀλλά
1511 2420 1893 2475 ταπεινοῦσθαι

316 2511 573 2576 πάντοτε,
598 2512 692 2563 καὶ
720 2510 816 2573 τάς
841 2510 1211 2580 μακροτέρους
1242 2512 1483 2581 ἐρήμους
1514 2511 1891 2581 μεταδιώκειν,

315 2604 481 2672 ἡνίκα
509 2618 591 2663 τις
616 2599 941 2669 αἰσθάνηται
972 2601 1164 2653 ἑαυτὸν
1195 2602 1647 2672 ὐπεραιρόμενον.
1692 2604 1755 2655 Ἢ
1785 2604 1891 2674 γὰρ

315 2693 548 2761 πλησίον
584 2692 691 2744 τῶν
725 2691 918 2761 χωρῶν
946 2692 1189 2761 διαγωγὴ
1234 2692 1493 2756 πολλάκις
1528 2694 1620 2747 καὶ
1648 2695 1775 2757 τούς
1805 2712 1890 2747 τε-

315 2784 494 2845 λείους
538 2782 760 2851 εϐλαψε.
807 2782 1007 2852 Διόπερ
1052 2783 1147 2835 xal
1175 2785 1203 2836 ὁ
1242 2782 1405 2835 Δαϐἱδ
1433 2783 1625 2852 ψάλλει
1658 2783 1895 2837 τοιοῦτόν

314 2894 370 2929 τι
406 2874 718 2943 πεπονθώςιο
769 2874 901 2929 Ἰδοὺ
936 2873 1221 2945 ἐμάκρυνα
1244 2874 1581 2942 φυγαδεύων,
1617 2878 1711 2929 καὶ
1741 2876 1894 2945 ηὐλί-

318 2968 453 3037 σθην
490 2970 546 3021 ἐν
580 2970 646 3038 τῇ
691 2967 905 3038 ἐρήμῳ.
945 2964 1358 3035 Προσεδεχόμην
1391 2965 1482 3017 τὸν
1510 2966 1639 3018 Θεὸν
1672 2966 1761 3018 τὸν
1788 2966 1894 3018 σώ-

316 3058 485 3121 ζοντά
524 3073 590 3126 με
630 3057 738 3108 ἀπὸ
790 3053 1139 3122 ὁλιγοψυχίας
1197 3055 1292 3106 καὶ
1335 3054 1661 3121 καταιγίδος.
1709 3054 1896 3106 Πολλοὶ

1998 1958 2210 2027 στῆναι.
2245 1956 2428 2023 Ὅθεν,
2454 1952 2499 2009 ῶ
2519 1957 2706 2024 τέκνα,
2736 1959 2798 2011 οὐ
2824 1959 3190 2027 συμϐάλλεται
3221 1961 3351 2029 ἡμῖν
3382 1964 3413 2031 η
3442 1960 3580 2030 πλη-

1997 2049 2109 2102 σίον
2133 2049 2243 2103 τῶν
2275 2050 2464 2120 χωρῶν
2483 2051 2719 2121 οἴκησις,
2743 2051 2864 2104 οὐδὲ
2888 2051 2995 2103 τῶν
3024 2052 3298 2118 γυναικῶν
3324 2054 3581 2123 συντυχία

1994 2138 2379 2204 ἀνεξάλειπτον
2417 2138 2652 2209 ὀχλοῦσα
2686 2142 2928 2212 μνήμην,
2968 2142 3034 2211 ἢν
3068 2143 3132 2195 ἐκ
3156 2143 3253 2213 τῆς
3283 2142 3459 2211 ὄψεως
3485 2145 3580 2197 καὶ

1993 2229 2209 2300 ὁμιλίας
2232 2229 2610 2300 ὲπισπώμεθα.
2637 2231 2775 2284 Οὐτε
2805 2232 2862 2284 δὲ
2895 2233 3180 2304 ὀφείλομεν
3207 2234 3418 2287 ἑαυτῶν
3440 2236 3577 2288 ἀπο-

1994 2324 2217 2390 γνῶναι,
2236 2322 2331 2375 καὶ
2353 2324 2429 2385 εἰς
2448 2322 2796 2378 ἀνελπιστίαν
2817 2326 3040 2388 ἑαυτοὺς
3062 2329 3412 2395 καταγαγεῖν.
3438 2326 3577 2397 Ἤδη

1994 2416 2102 2484 γὰρ
2144 2414 2327 2467 πολλοὶ
2365 2417 2459 2469 καὶ
2486 2416 2593 2468 τῶν
2626 2418 2700 2486 μὴ
2726 2416 3071 2485 ἀπογνόντων
3100 2416 3251 2488 παρὰ
3283 2417 3375 2471 τοῦ
3422 2417 3576 2487 ἐλεή-

1999 2522 2154 2575 μονος
2187 2504 2321 2558 Θεοῦ
2352 2505 2757 2577 φιλανθρωπίας
2785 2507 2883 2559 οὐκ
2912 2506 3307 2577 ἐστερήθησαν.

2590 2687 2839 2740 ΚΕΦΔΛ.
2877 2688 2929 2740 Μ
2938 2688 3010 2740 Ε’.

1999 2814 2136 2885 Περὶ
2174 2816 2281 2872 τοῦ
2319 2816 2595 2889 ἀδελφοῦ
2627 2821 2974 2887 κινηθέντος
3002 2823 3289 2889 μετανοίᾳ
3324 2822 3434 2879 τοῦ
3470 2824 3575 2877 αὺ-

2326 2888 2432 2942 τοῦ
2456 2888 2606 2943 ἀὸϐᾱ
2644 2891 2915 2944 Ἰωάννου
2944 2890 3243 2960 διήγησις.

2052 3040 2175 3095 -Ἶιν
2220 3044 2329 3115 γάρ
2377 3062 2459 3107 τις
2502 3046 2717 3115 ἕτερος,
2757 3048 2924 3116 φησὶ,
2959 3047 3175 3112 νεανίας
3207 3049 3266 3102 ἐν
3315 3054 3381 3123 τῇ
3421 3054 3571 3110 πόλει

313 3149 375 3202 δὲ
396 3149 490 3201 καὶ
509 3147 616 3200 τῶν
641 3146 929 3218 ἡμετέρων
950 3144 1192 3213 ἀδελφῶν
1218 3143 1516 3198 πεπόνθασι
1545 3145 1774 3209 τοιοῦτο,
1802 3146 1896 3199 καὶ
1926 3203 1963 3218 Α
2000 3135 2140 3186 πάνυ
2168 3136 2461 3206 πάμπολλα
2486 3138 2882 3207 ἐργασάμενος.
2912 3140 3004 3190 καὶ
3034 3140 3287 3208 χαλεπῶς
3317 3145 3570 3216 ἡμαρτη-

314 3241 386 3294 δι⁹
417 3240 735 3304 ἀλαζονείαν
764 3237 858 3291 τοῦ
896 3236 1098 3291 σκοποῦ
1120 3236 1564 3289 ἐκπεπτώκασιν.

898 3393 1151 3447 ΚΕΦΑΛ.
1194 3394 1325 3447 MA'.

704 3553 843 3619 Περὶ
886 3548 1165 3605 Ἰωάννου
1198 3548 1302 3601 τοῦ
1335 3548 1504 3603 ἁϐϐᾶ.

389 3710 495 3765 *ίίν
529 3712 636 3782 γάρ
681 3729 763 3774 τις
798 3710 907 3763 τῶν
940 3709 1212 3780 μοναχῶν,
1265 3707 1451 3778 φησιν,
1483 3708 1541 3759 ἐν
1569 3709 1635 3778 τῇ
1670 3706 1894 3779 πλησίον

314 3806 530 3874 ἐρήμῳ,
572 3804 628 3853 ἐν
660 3801 735 3870 τῷ
772 3800 1021 3871 σπηλαίῳ
1056 3799 1282 3865 διάγων,
1313 3800 1493 3850 πᾶσαν
1525 3798 1757 3868 ἄσκησιν
1804 3801 1895 3850 ἐν·

312 3898 646 3964 δειξάμενος,
696 3895 787 3947 καὶ
841 3891 1030 3962 χερσὶν
1088 3890 1316 3952 οἰκείαις
1350 3889 1439 3940 τὸν
1482 3889 1675 3941 ἑαυτοῦ
1731 3890 1894 3959 ἄρτον

313 3986 696 4058 ποριζόμενος.
756 3984 843 4046 Ὡς
894 3983 949 4035 δὲ
998 3981 1301 4051 προσέμενε
1348 3982 1468 4042 ταῖς
1516 3978 1769 4047 δεήσεσι,
1800 3979 1895 4032 καὶ

312 4079 653 4146 προσέκοπτε
671 4077 787 4137 ταῖς
809 4076 1048 4144 ἀρεταῖς,
1072 4073 1155 4141 ἐφ’
1180 4070 1356 4141 ἑαυτῷ
1378 4071 1562 4123 λοιπὸν
1591 4070 1888 4143 ἐπεποιήθη

312 4163 532 4234 θαρσῶν
554 4164 646 4216 ἐπὶ
673 4166 738 4234 τῇ
768 4162 904 4233 καλῇ
934 4161 1196 4231 πολιτείᾳ.
1237 4160 1292 4213 '0
1320 4161 1374 4212 δὲ
1403 4160 1678 4230 πειράζων
1701 4162 1887 4226 αὐτὸν,

309 4256 386 4318 ὡς
436 4256 525 4308 τὸν
572 4255 692 4308 Ἰὼϐ
740 4256 1060 4327 ἐξῃτήσατο.
1111 4255 1219 4306 Kal
1264 4251 1328 4323 δή
1386 4254 1689 4320 φαντασίαν
1741 4253 1891 4323 αὐτῷ

312 4350 560 4419 παρέσχε
610 4350 746 4418 πρὸς
788 4349 1025 4417 ἑσπέραν
1066 4345 1319 4414 γυναικὸς
1366 4346 1639 4415 εὐμόρφου
1674 4346 1889 4398 πλανω⁹

312 4439 485 4509 μένης
536 4438 676 4491 κατὰ
720 4436 818 4506 τὴν
865 4436 1092 4506 ἔρημον,
1154 4435 1275 4505 ἥτις
1322 4432 1557 4505 εὑροῦσα
1588 4435 1688 4502 τὴν
1718 4432 1888 4503 θύραν

308 4530 663 4598 ἀνεῳγμένην
693 4527 1049 4597 εἰσεπήδησεν
1082 4526 1161 4589 είς
1192 4526 1252 4577 τὸ
1281 4525 1568 4595 σπήλαιον,
1598 4525 1690 4578 καὶ
1719 4542 1888 4595 προσ·
1919 4554 1963 4609 D

311 4620 556 4673 πεσοῦσα
585 4622 696 4681 τοῖς
727 4620 916 4686 γόνασι
946 4617 1041 4669 τοῦ
1072 4617 1261 4686 ἀνδρὸς
1288 4616 1407 4686 ᾔτει
1441 4618 1571 4685 παρ’
1602 4616 1766 4668 αὐτοῦ
1790 4617 1888 4686 τὴν

309 4715 638 4777 ἀνάπαυσιν,
670 4712 744 4775 ώς
776 4710 1015 4781 ἑσπέρας
1054 4711 1223 4780 αὐτὴν
1255 4707 1691 4776 καταλαϐούσης.
1739 4709 1795 4761 Ὀ
1831 4709 1889 4760 δὲ

309 4805 389 4866 ῶς
429 4804 658 4875 ἠλέησεν
699 4804 891 4871 αὐτὴν,
948 4804 1085 4871 ὅπερ
1114 4801 1214 4853 οὐκ
1246 4799 1499 4867 ὤφειλεν,
1540 4800 1632 4852 καὶ
1668 4800 1890 4866 ἐδέξατο

309 4898 484 4964 αὐτὴν
514 4898 571 4948 ἐν
590 4894 669 4967 τῷ
700 4893 972 4965 σπηλαίῳ,
1001 4893 1093 4946 καί
1116 4910 1197 4945 τοι
1240 4890 1564 4945 ἐπυνθάνετο
1593 4892 1761 4962 αὐτῆς
1791 4892 1888 4963 τὴν

310 4988 553 5056 πλάνην
596 4988 629 5056 ή
677 4987 734 5039 δὲ
782 4987 856 5049 ὡς
902 4985 1223 5055 ἀπήγειλλε,
1257 4987 1351 5037 καὶ
1385 4983 1575 5051 λόγους
1604 4983 1751 5054 αὐτῴ
1798 5001 1890 5037 κο·

309 5078 507 5142 λακίας
541 5079 635 5131 καὶ
679 5078 894 5149 ἀπάτης
949 5079 1272 5147 ὑπέσπειρε,
1322 5078 1415 5130 καὶ
1450 5078 1765 5146 παρέτεινεν
1796 5078 1889 5130 ἐπὶ

312 5171 451 5221 πολὺ
497 5169 676 5223 αὐτῶν
723 5170 823 5239 τὴν
876 5170 1112 5239 ὁμιλίαν,
1144 5169 1328 5237 ἠρέμα
1370 5170 1425 5221 δέ
1458 5186 1572 5231 πως
1602 5169 1763 5221 αὐτὸν
1795 5171 1889 5222 καὶ

309 5262 404 5314 ἐπὶ
461 5259 639 5331 ἔρωτα
692 5262 1076 5332 προεκαλεῖτο⁶
1112 5262 1206 5314 καὶ
1251 5260 1395 5328 λόγοι
1446 5260 1663 5323 πλείους
1705 5260 1887 5313 λοιπὸν

311 5354 451 5424 πρὸς
478 5354 745 5422 ἀλλήλους
777 5354 956 5415 αὐτοῖς
987 5354 1248 5420 γίνονται,
1282 5354 1375 5403 καὶ
1409 5352 1611 5418 γέλως,
1645 5353 1738 5404 καὶ
1767 5369 1886 5421 μει-

308 5447 503 5514 δίαμα.
554 5445 935 5515 Ἀπεπλάνησε
977 5445 1033 5497 δὲ
1067 5445 1229 5498 αὐτὸν
1272 5445 1439 5514 πολλὴ
1475 5445 1682 5513 ὁμιλία,
1710 5446 1888 5498 καὶτὸ

310 5537 562 5590 ἐντεῦθεν
604 5537 811 5601 λοιπὸν,
849 5538 960 5607 ἀφῇ
1007 5537 1185 5606 χειρὸς
1239 5539 1330 5590 καὶ
1379 5537 1609 5604 γενείου,
1648 5536 1743 5588 καὶ
1790 5537 1889 5589 αὐ·

306 5631 489 5702 χένος,
527 5631 620 5683 καὶ
663 5631 1055 5701 ῂχμαλώτευσε
1101 5631 1238 5693 τέως
1282 5630 1371 5684 τὸν
1406 5631 1671 5700 ἀσκητήν.
1718 5630 1805 5693 Ὠς
1831 5629 1887 5683 δὲ

310 5723 615 5792 ἐστρέφετο
665 5724 767 5793 μὲν
811 5725 1015 5785 ἐκεῖνος
1045 5722 1254 5775 ἔνδοθεν
1293 5726 1403 5786 τοῖς
1456 5723 1755 5791 λογισμοῖς,
1790 5723 1884 5777 ἀτε

306 5816 373 5885 δή
403 5815 460 5866 ἐν
481 5815 667 5886 χερσὶν
695 5814 832 5884 έχων
864 5814 923 5867 τὸ
952 5816 1203 5884 πρᾶγμα,
1230 5815 1327 5885 τὴν
1352 5816 1637 5887 εὐκαιρίαν
1668 5816 1760 5869 xal
1786 5815 1883 5887 τὴν

629 5909 901 5971 PATROL.
931 5910 1047 5971 Gn.
1082 5912 1367 5972 XXXIV.

1922 3203 1964 3259 C
2000 3226 2129 3291 κὼς,
2160 3227 2217 3291 ὃς
2247 3230 2475 3297 νεύματι
2511 3229 2604 3282 τοῦ
2634 3230 2767 3282 Θεοῦ
2808 3231 3132 3299 κατανυγεὶς
3177 3235 3269 3286 ἐπὶ
3294 3238 3413 3299 ταῖς
3439 3238 3569 3290 ϊεολ⁸

1998 3319 2115 3381 λαῖς
2160 3321 2492 3390 ἁμαρτίαις,
2540 3322 2635 3375 καὶ
2682 3326 2806 3385 τοὺς
2839 3324 3041 3391 τάφους
3078 3326 3423 3394 καταλαϐὼν,
3472 3332 3571 3402 τὴν

1998 3412 2269 3481 προτέραν
2316 3412 2510 3465 ἑαυτοῦ
2559 3412 2703 3483 ζωήν
2737 3415 3084 3487 ἀπωδύρετο,
3136 3419 3228 3471 ἐπὶ
3280 3422 3570 3491 πρόσωπον

1997 3504 2189 3556 ἐαυτὸν
2226 3505 2571 3571 καταϐαλὼν,
2620 3508 2695 3577 μὴ
2736 3509 2829 3559 καὶ
2868 3508 3083 3578 τολμῶν
3115 3510 3334 3579 ἀφιέναι
3363 3517 3568 3586 φωνὴν,

1998 3595 2121 3664 μηδ’
2156 3595 2439 3664 ὀνομάζειν
2466 3596 2618 3662 Θεὸν,
2650 3599 2784 3669 μηδὲ
2818 3600 3102 3669 ἱκετεύειν,
3135 3604 3351 3671 ἀνάξιον
3376 3607 3569 3661 ἐαυτὸν

1993 3685 2294 3755 ἡγούμενος
2327 3688 2420 3739 καὶ
2458 3688 2627 3758 αὐτῆς
2661 3689 2759 3757 τῆς
2798 3691 2962 3760 ζωῆς,
2998 3694 3088 3746 καὶ
3119 3693 3225 3765 πρὸ
3251 3696 3479 3751 θανάτου
3510 3686 3568 3752 ἓν

1994 3781 2104 3840 τοῖς
2131 3780 2485 3848 νεκροτάφοις
2535 3782 2727 3832 ἐαυτδιν
2760 3785 3121 3847 κατακλείσας
3143 3803 3155 3816 ·
3194 3791 3285 3841 καὶ
3320 3789 3568 3844 ἀπειπὼν

1993 3868 2185 3919 ἑαυτοῦ
2221 3870 2321 3936 τὴν
2365 3870 2532 3938 ζωὴν,
2565 3872 2743 3923 ἔστενε
2780 3874 2939 3941 μόνον
2975 3875 3218 3929 κάτωθεν
3243 3881 3305 3931 ἐκ
3340 3879 3432 3932 τοῦ
3467 3880 3567 3949 βά-

1994 3959 2121 4023 θους
2156 3960 2254 4028 τῆς
2297 3962 2545 4030 καρδίας.
2613 3962 2935 4033 Ἐϐδομάδος
2968 3967 3025 4018 δὲ
3064 3970 3149 4020 ἐπ’
3190 3971 3337 4041 αὐτῷ
3364 3974 3567 4044 παρελε-

1993 4054 2224 4123 θούσης,
2267 4054 2482 4126 νύκτωρ
2512 4055 2660 4126 αὐτῴ
2694 4058 3007 4125 ἐφίστανται
3046 4061 3095 4112 οἱ
3140 4062 3393 4134 δαίμονες
3423 4068 3469 4118 οἱ
3507 4069 3567 4119 τὸ

1994 4147 2122 4215 πρὶν
2156 4146 2321 4198 αὐτοῦ
2363 4148 2464 4217 τὴν
2511 4146 2657 4218 ζωὴν
2710 4148 3186 4219 καταϐλάψαντες·
3236 4157 3568 4225 κεκραγότες

1990 4238 2085 4289 καὶ
2118 4238 2397 4306 λέγοντες·
2450 4239 2561 4292 Ποῦ
2606 4242 2634 4292 ὁ
2688 4242 2883 4312 μιαρός
2932 4246 3079 4297 ἐστιν
3126 4248 3355 4311 ἐκεῖνος.
3388 4251 3415 4299 ὁ
3447 4253 3569 4312 ταῖς

1989 4332 2263 4399 λαγνείαις
2306 4332 2504 4396 ἱκανῶς
2545 4335 2861 4405 κορεσθεὶς,
2889 4336 2986 4389 νῦν
3015 4340 3148 4408 ἡμῖν
3193 4340 3421 4411 ἄκαιρος
3461 4343 3567 4395 σώ-

1991 4442 2141 4495 φρων
2170 4426 2262 4478 καὶ
2312 4428 2475 4491 καλὸς
2519 4429 2783 4498 ἀνεφάνη,
2820 4431 2915 4482 καὶ
2962 4431 3050 4483 ὅτε
3090 4433 3275 4486 οὐκέτι
3303 4434 3561 4504 δύναται,

1991 4520 2112 4571 τότε
2156 4521 2478 4590 Χριστιανὸς
2546 4523 2638 4575 καὶ
2679 4520 2939 4586 εὐτακτος
2990 4519 3130 4578 εἶναι
3158 4526 3441 4596 βούλεται;
3473 4532 3568 4583 καὶ

1992 4610 2044 4664 τί
2082 4613 2246 4665 καλὸν
2291 4612 2369 4665 ἑτι
2402 4613 2622 4665 ἔσεσθαι
2656 4614 2869 4685 σεαυτῴ
2900 4617 3203 4689 προσδοκᾷς
3231 4622 3566 4692 ἐμφορηθεὶς

1992 4707 2098 4759 τῶν
2128 4707 2412 4777 ἡμετέρων
2458 4708 2675 4774 κακῶν;
2714 4710 2814 4760 οὐκ
2844 4709 3124 4781 ἀναστήσῃ
3168 4714 3304 4781 ταχὺ
3335 4716 3563 4781 ἐκεῖθεν,

1991 4800 2091 4852 οὐκ
2145 4802 2238 4853 ἐπὶ
2287 4802 2356 4854 τὰ
2396 4803 2596 4871 συνήθη
2651 4803 2770 4872 μεθ’
2820 4803 2977 4873 ήμῶν
3023 4805 3204 4874 ἧξειςς
3254 4807 3473 4875 μένουσί
3506 4826 3567 4861 σε

1992 4892 2189 4961 πόρναι
2218 4894 2311 4945 καὶ
2340 4894 2605 4961 κάπηλοςο
2637 4895 2738 4947 οὐκ
2767 4894 2961 4967 ἐλεύσῃ
2996 4897 3223 4950 καὶτῶν
3260 4898 3567 4968 ἐπιθυμιῶν

1992 4984 2355 5049 ἀπολαύσεις,
2388 4985 2563 5054 πάσης
2598 5003 2691 5037 σου
2726 4987 2820 5055 τῆς
2854 4988 3021 5058 άλλης
3053 4989 3269 5052 ἐλπίδος
3299 4993 3567 5044 κατασϐε-

1993 5076 2239 5147 σθείσηςς
2291 5075 2408 5146 ἥξει
2442 5095 2524 5130 σοι
2581 5079 2797 5141 πάντως
2851 5083 3045 5149 ταχεῖα
3094 5083 3127 5151 ή
3180 5082 3361 5149 κρίσις
3394 5083 3568 5147 οὕτως

1991 5168 2181 5221 ἐαυτὸν
2232 5168 2567 5238 ἀναιροῦντι.
2627 5172 2737 5223 Kal
2788 5173 2839 5224 τί
2895 5172 3145 5236 σπεύδεις
3177 5174 3313 5244 πρὸς
3345 5175 3444 5245 τὴν
3488 5194 3569 5229 τι·

1993 5261 2226 5330 μωρίαν,
2262 5254 2306 5313 ὦ
2337 5260 2525 5329 dem;
2554 5261 2605 5315 τί
2634 5262 2689 5315 δὲ
2720 5262 3064 5330 φιλονεικεῖς,
3093 5264 3286 5319 θᾶττον
3318 5266 3566 5320 ἐπελθεῖν

1992 5369 2073 5404 σοι
2106 5353 2203 5423 τὴν
2230 5354 2414 5423 δίκην;
2443 5354 2577 5408 ἀλλα
2604 5372 2663 5407 τε
2693 5355 3147 5425 πολλάξλέγοντες,
3165 5358 3463 5428 Ἦμέτερος
3494 5355 3564 5426 εἶ,

1990 5443 2119 5511 ἡμῖν
2160 5444 2467 5509 συνετάξω*
2523 5442 2749 5513 ἀνομίαν
2798 5444 3040 5514 ἡσκησας
3100 5448 3301 5511 πᾶσαν,
3347 5448 3565 5501 πάντων

1990 5535 2121 5604 ἡμῖν
2153 5534 2451 5598 ὑπεύθυνος
2494 5536 2749 5604 γέγονας,
2799 5538 2894 5589 καὶ
2936 5536 3290 5607 δραπετεύειν
3323 5537 3560 5610 τολμᾷςς

1990 5627 2102 5681 Οὐκ
2144 5627 2446 5700 ἀποκρίνῃς
2494 5628 2555 5680 οὐ
2587 5629 2897 5702 συντάσσῃς
2942 5629 3003 5682 οὐ
3035 5630 3427 5702 συνεξελεύσῃς
3473 5634 3563 5695 Ὠς

1988 5720 2045 5773 δὲ
2090 5721 2295 5784 ἐκεῖνος
2350 5722 2483 5790 πρὸς
2532 5723 2653 5784 ταῖς
2681 5723 2946 5791 οίμωγαῐς
2996 5723 3278 5794 καρτερῶν
3308 5724 3427 5777 οὐδὲ
3463 5723 3562 5795 τήν

1989 5813 2157 5882 ἀκοήν
2187 5814 2407 5884 ὑπεῖχεν
2432 5813 2633 5879 αὐτοῖς,
2661 5814 2781 5867 οὐδὲ
2813 5814 3149 5886 ἀπεκρίνατο
3173 5815 3358 5879 αὐτοῖς
3378 5813 3557 5885 λόγον,

3229 5906 3305 5967 36
