4258 6358
773 390 915 459 1123

2224 384 2574 447 PALLADII

3895 379 4037 446 1124

772 512 868 566 ἐπὶ
905 509 1040 565 πολύ
1086 506 1458 579 ἐπιμενόντων
1492 504 1644 576 αὐτῷ
1690 506 1800 559 τῶν
1834 503 2106 573 δαιμόνων
2128 516 2141 531 ³
2190 500 2265 564 ὡς
2291 500 2348 553 δὲ
2377 504 2423 561 Α
2449 500 2612 571 ήνίκα
2640 500 2907 573 ᾐσθάνετο
2946 501 3204 572 δεομένου
3246 501 3343 556 τοῦ
3396 501 3672 572 σώματος,
3707 499 3935 571 εὕρισκέ
3978 514 4036 554 τε

772 598 927 651 οὐδὲν
953 598 1158 667 ήνυσαν
1202 594 1464 658 πολλάκις
1497 592 1669 647 ταῦτα
1703 592 1975 660 λέγοντες,
1998 586 2354 649 ’διαλαϐόντες

772 680 937 736 αὐτόν
974 680 1024 734 οί
1056 680 1285 748 πονηροὶ
1313 678 1408 731 καὶ
1435 677 1653 747 αἰσχροὶ
1675 675 1951 746 δαίμονες,
1974 673 2167 744 ᾔκιζον
2189 670 2355 741 χαλε-

773 771 891 834 πῶς
922 769 1063 837 ἄγαν
1082 810 1099 835 ,
1141 769 1288 823 ἆπαν
1314 768 1374 821 τὸ
1406 767 1568 837 σῶμα
1596 764 1761 820 αὐτοῦ
1790 762 2230 830 καταξαίνοντες,
2261 760 2354 814 καὶ

775 858 1168 929 βασανίσαντες
1198 856 1359 910 αὐτὸν
1386 854 1659 925 χαλεπῶς,
1689 853 1929 923 ἡμιθανῆ
1959 850 2354 911 καταλιπόντες

772 945 997 1016 ᾣχοντο.
1044 946 1103 997 '0
1148 944 1204 997 δέ
1238 943 1391 996 οὐδὲν
1415 938 1579 1015 ἦττον
1623 941 1880 1009 ἀκίνητος
1920 938 2159 1005 ἔνθαπερ
2190 936 2352 989 αὐτὸν

774 1030 1084 1093 κατέλιπον,
1135 1029 1313 1080 ἔκειτο
1371 1027 1571 1080 στένων
1621 1021 1798 1088 αὖθις,
1833 1024 2023 1095 ἐπειδὴ
2084 1025 2149 1092 τῇ
2205 1022 2353 1093 ψυχῇ

776 1117 1113 1184 συνελέξατο.
1142 1116 1263 1169 Τῶν
1288 1116 1345 1168 δέ
1376 1114 1591 1169 οἰκείων
1612 1113 1773 1167 αὐτοῦ
1810 1113 1928 1165 κατ’
1967 1113 2111 1182 ίχνος
2152 1110 2356 1177 ἀναζη-

774 1204 1011 1257 τούντων
1039 1202 1223 1267 αὐτὸν,
1272 1204 1367 1256 καὶ
1417 1202 1707 1272 εὑρόντων,
1743 1201 1837 1253 καὶ
1878 1198 1979 1270 τὴν
2036 1199 2217 1251 αἰτίαν
2256 1199 2356 1265 τῆς

774 1290 867 1344 τοῦ
918 1290 1167 1362 σώματος
1226 1290 1510 1359 συμφορᾶς
1570 1288 1887 1358 μαθόντων,
1951 1285 2136 1355 ήξίουν
2192 1284 2354 1337 αὐτὸν

774 1380 1005 1446 ἀγαγεῖν
1055 1379 1267 1431 οῐκαδε.
1313 1377 1370 1429 Ὀ
1413 1376 1469 1429 δὲ
1517 1376 1638 1428 ἐπεὶ
1694 1374 1955 1437 πολλάκις
2006 1372 2355 1444 βιασαμένων

774 1468 1003 1535 ἀντέσχε
1021 1482 1033 1495 ·
1067 1466 1162 1519 καὶ
1189 1466 1352 1517 πάλιν
1376 1462 1536 1516 αὐτὸν
1562 1462 1658 1533 τήν
1692 1464 1955 1515 ἐπιοῦσαν
1984 1459 2155 1513 νύκτα
2184 1459 2354 1528 χείρω

774 1553 881 1606 τῶν
930 1554 1237 1624 ἔμπροσθεν
1287 1553 1335 1605 οἱ
1391 1550 1643 1621 δαίμονες
1676 1550 1770 1601 ἐπὶ
1814 1550 1929 1610 τοῖς
1957 1548 2143 1609 αὐτοῖς
2183 1547 2353 1598 διατί-

775 1642 979 1694 θενται.
1014 1642 1123 1693 Καὶ
1150 1639 1271 1692 οὐδέ
1298 1637 1472 1701 οὕτως
1500 1637 1661 1691 πάλιν
1703 1636 1868 1689 αὐτὸν
1895 1637 1945 1686 οί
1980 1634 2354 1703 προσήκοντες

776 1726 1022 1782 πείθουσι
1067 1726 1398 1797 μεταστῆναι
1423 1724 1517 1777 τοῦ
1551 1723 1741 1787 τόπου,
1785 1726 2030 1792 κρεῖττον
2082 1716 2219 1772 εἷναι
2261 1735 2351 1771 τε-

2454 590 2554 659 τὴν
2576 590 2811 661 τροφὴν,
2839 590 2935 643 καὶ
2962 590 3369 660 προσκυνήσας,
3399 591 3494 643 καὶ
3522 587 3824 660 εὐωχηθεὶς
3846 589 4035 653 πάλιν,

2454 677 2563 731 τῶν
2594 678 2779 747 ῦμνων
2819 678 3121 747 ἀπήλαυεν,
3154 678 3433 747 ὲπιμόνως
3465 678 3566 747 τῆς
3609 678 3775 747 εὐχῆς
3812 678 3907 729 καὶ
3936 678 4038 746 τῆς

2455 764 2690 835 θεωρίας
2730 766 3009 835 ἐχόμενος,
3045 765 3255 819 θάλλων
3302 765 3602 835 ὁσημέραι,
3634 765 3730 817 καὶ
3761 763 4038 826 ἐπιδιδοὺς

2453 851 2531 920 τῷ
2572 852 2820 923 παρόντι,
2868 852 2961 905 καὶ
3010 852 3086 921 τῷ
3141 852 3389 921 μέλλοντι
3428 852 3534 919 κτῆς
3578 850 3792 913 ἐλπίδος
3840 852 3938 903 ἐπὶ
3980 851 4039 901 τὸ

2457 940 2643 1010 μεῖζον
2680 941 2990 1011 προϐαίνων
3021 941 3130 1005 ἀεὶ,
3167 942 3259 993 καὶ
3295 940 3478 1010 σχεδὸν
3505 939 3725 1009 ἐθάρσει
3762 940 3893 1007 περὶ
3938 938 4035 1007 τῆς

2455 1028 2737 1097 ἀμείνονος
2779 1028 2945 1081 αὐτοῦ
2993 1028 3214 1093 λέξεως,
3251 1028 3326 1090 ὡς
3382 1028 3519 1095 ἔχων
3544 1026 3714 1097 αὐτὴν
3755 1026 3816 1077 ἐν
3848 1026 4040 1094 χερσὶν

2454 1118 2578 1185 ήδη,
2608 1114 2752 1169 δκαὶ
2796 1116 3022 1184 γέγονεν
3060 1115 3234 1185 αὐτῷ,
3281 1116 3481 1185 μικροῦ
3519 1115 3629 1167 δεῖν
3664 1114 4042 1177 ἀποπεσόντος

2455 1203 2519 1255 ὲκ
2552 1204 2647 1256 τοῦ
2672 1204 2810 1274 μετά
2838 1202 3010 1256 ταῦτα
3038 1202 3187 1272 αὐτῷ
3214 1201 3547 1273 πειρασμοῦ.
3571 1202 3637 1253 Τί
3658 1201 3767 1271 γὰρ
3797 1200 3859 1253 οὐ
3886 1198 4042 1265 λέγο-

2459 1307 2559 1361 μεν
2591 1290 2755 1344 αὐτοῦ
2802 1291 2901 1362 τὴν
2947 1290 3079 1359 παρ’
3126 1290 3284 1357 ὀλίγα
3336 1290 3581 1353 πτῶσιν;
3610 1288 3687 1351 ὡς
3716 1289 3824 1355 γάρ
3864 1289 3949 1349 εἰς
3984 1286 4071 1338 τδ-

2456 1380 2714 1449 φρόνημα
2758 1379 2914 1433 τοῦτο
2959 1378 3247 1448 προῆλθεν,
3297 1377 3488 1431 ἔλαθεν
3541 1377 3733 1429 ἐαυτὸν
3791 1376 4042 1444 οἰόμενος

2457 1468 2618 1520 πλέον
2642 1462 2782 1522 εἶναί
2812 1486 2866 1520 τι
2888 1468 2995 1521 τῶν
3028 1466 3260 1529 πολλῶν,
3292 1466 3385 1517 καὶ
3408 1466 3482 1527 ὼς
3509 1466 3625 1535 ᾔδει
3656 1481 3707 1516 τι
3732 1464 3889 1531 παρὰ
3917 1463 4043 1524 τοὺς

2456 1555 2647 1619 ἄλλους
2666 1556 2987 1625 ἀνθρώπους
3005 1557 3190 1625 μεῖζόν
3219 1572 3270 1607 τι
3293 1554 3649 1623 κεκτημένος·
3675 1553 3769 1604 καὶ
3794 1550 4041 1612 τοιοῦτος

2456 1641 2529 1695 ῶν
2558 1642 2741 1695 λοιπὸν
2764 1642 2941 1713 έαυτῷ
2964 1644 3267 1699 ἐπεποίθει.
3299 1643 3559 1695 Γεννᾶται
3588 1640 3680 1693 οῦν
3703 1640 3807 1691 οὐκ
3830 1640 3914 1700 εἰς
3943 1656 4041 1706 μα-

2457 1727 2596 1797 κράν
2640 1727 2789 1799 αὐτῷ
2828 1729 3045 1799 πρῶτόν
3082 1746 3168 1793 τις
3222 1730 3397 1800 μικρά
3433 1727 3698 1799 ῥᾳθυμία,
3732 1726 3857 1778 ὅσον
3904 1724 4040 1794 μηδὲ

776 1815 969 1907 ρξ’-ἅναξ
1003 1814 1229 1907 λέγονται
1244 1811 1294 1907 -ἢ
1342 1813 1399 1907 ἦ]
1426 1810 1703 1907 τοιαύταις
1729 1807 1981 1907 τοῖχβίου.
2015 1806 2197 1907 κηλῖσιι
2225 1802 2349 1907 ζῇν·
2384 1848 2429 1907 Β
2456 1809 2596 1907 εἶναι
2624 1816 2896 1885 ρᾳθυμίαν
2924 1816 3099 1869 δοκεῖν
3118 1834 3132 1847 ·
3170 1812 3287 1870 εἶτα
3328 1816 3524 1884 φύεται
3551 1815 3753 1883 μείζων
3781 1812 4038 1883 ἀμέλεια,

786 1903 851 1956 Ἦ
883 1902 1036 1972 τρίτη
1075 1904 1170 1968 νὺξ
1202 1900 1308 1953 τῶν
1357 1899 1629 1969 δαιμόνων
1664 1895 1860 1967 μικροῦ
1912 1895 2091 1965 πάντη
2138 1894 2230 1946 τὸν
2255 1894 2353 1946 ἀν’
2386 1894 2429 1907 ”
2456 1896 2574 1954 εἶτα
2594 1902 2716 1955 ὅσον
2731 1903 3088 1973 καὶαίσθησιν
3105 1900 3382 1958 εἷναι.Καὶ
3406 1904 3513 1973 γάρ
3533 1902 3624 1954 καὶ
3646 1903 3708 1953 ἐκ
3733 1900 3837 1952 τῶν
3853 1899 4040 1951 ῦπνων

777 1988 995 2059 θρωπον
1025 1989 1122 2058 τῆς
1170 1986 1317 2056 ζωῆς
1361 1984 1673 2054 ἀπήλλαξεν
1704 1982 1947 2051 ἀνηλεῶς
1980 1981 2354 2033 ἐπιπεσόντων

777 2074 928 2144 αὐτῷ
942 2078 1059 2135 ταῖς
1081 2073 1357 2143 βασάνοις.
1394 2072 1481 2134 Ὠς
1502 2071 1557 2124 δὲ
1576 2072 1678 2124 οὐκ
1700 2067 1837 2122 εἶδον
1860 2068 2098 2131 ἐνδόντα,
2128 2066 2353 2138 ᾤχοντο,

776 2162 981 2217 ἄπνουν
1006 2162 1105 2232 μέν
1128 2159 1521 2222 καταλιπόντες
1549 2158 1642 2211 τδν
1665 2158 1971 2227 ἄνθρωπον.
2020 2155 2357 2225 Ἀπερχόμε-

778 2269 859 2306 νοι
896 2250 1030 2318 γοῦν
1049 2240 1385 2320 ἐ’κεκράγασι
1408 2246 1679 2315 λέγοντες·
1726 2244 2018 2315 Ἐνίκησας
2035 2286 2051 2312 ,
2074 2242 2154 2296 ἐνί
2163 2258 2351 2313 κησας.

778 2339 894 2393 Καὶ
919 2338 1101 2392 οὐκέτι
1133 2336 1280 2407 αὐτῷ
1303 2337 1635 2406 συνήντησεν
1667 2333 1817 2387 οὐδὲν
1847 2331 2038 2396 δεινὸν,
2084 2330 2199 2384 ἀλλ’
2220 2328 2358 2398 ἀφό-

777 2426 891 2489 ϐως
916 2425 1006 2479 τδν
1024 2424 1196 2493 τάφον
1215 2423 1431 2495 ᾤκησεν
1456 2423 1560 2485 ἕως
1582 2423 1700 2490 ἐζη,
1725 2421 1975 2491 ἀσκήσας
1991 2417 2238 2491 καθαρὰν
2257 2416 2356 2488 τήν

780 2516 1020 2587 ἀρετήν·
1066 2512 1241 2578 οὕτως
1284 2514 1379 2566 καὶ
1419 2511 1540 2581 Θεῷ
1569 2512 1748 2580 τίμιος
1780 2510 2073 2581 γενόμενος
2110 2509 2169 2561 ἐν
2194 2507 2359 2562 δυνά·-

786 2619 913 2673 μεσι
965 2603 1058 2657 καὶ
1089 2601 1385 2673 θαυμάτων
1419 2600 1763 2665 ἐπιδείξεσιν,
1815 2596 1955 2651 ὥστε
1997 2597 2215 2660 πολλοῖς
2263 2596 2360 2650 καὶ

784 2690 972 2761 θαῦμα
1008 2690 1103 2744 καὶ
1133 2688 1292 2756 ζῆλον
1324 2686 1505 2742 καλῶν
1540 2686 1989 2756 ἐπιτηδευμάτων
2028 2687 2356 2755 παρασχεῖν.

795 2780 887 2833 Ἐν
914 2778 1122 2842 τούτοις
1159 2779 1405 2831 πλεῖστοι
1443 2778 1537 2832 καὶ
1568 2776 1677 2829 τῶν
1717 2774 1922 2845 σφόδρα
1958 2774 2361 2843 ἀπεγνωκότων

786 2868 995 2923 ἑαυτῶν
1039 2858 1302 2939 μετῆλθον
1350 2866 1447 2929 τάς
1493 2866 1663 2927 καλάς
1694 2864 1921 2935 πράξεις
1954 2864 2049 2916 καὶ
2078 2862 2361 2932 κατορθώ-

788 2973 924 3021 σεις.
967 2956 1074 3009 Καὶ
1129 2954 1350 3023 γέγονεν
1383 2955 1565 3014 αὐτοῖς
1596 2953 1655 3006 τὸ
1693 2956 1791 3023 τῆς
1818 2952 2042 3025 Γραφῆς
2075 2950 2360 3022 λεγούσης,

784 3043 906 3106 na;
942 3045 971 3096 ὀ
1000 3042 1271 3096 ταπεινῶν
1300 3041 1499 3095 ιαυτόν
1526 3040 1895 3112 ὑψωθήσεται.
1929 3039 2364 3112 Προηγουμένως

787 3127 902 3195 οὖν,
937 3131 1126 3194 τέκνα,
1178 3128 1684 3199 ταπεινο;ροσύνην
1736 3130 2086 3197 ἀσκήσωμεν,
2120 3126 2363 3199 κρηπῖδα

2454 1989 2813 2064 ὀκνηρότερον
2836 1991 3140 2044 διανίστατο
3159 1991 3293 2063 πρὸς
3322 1992 3448 2054 τοὺς
3477 1990 3699 2060 ὕμνους,
3723 1989 3815 2040 καὶ
3845 1988 3909 2039 τὸ
3936 1988 4040 2038 τῶν

2456 2078 2631 2149 εὐχῶν
2654 2078 2756 2149 ῆδη
2776 2080 3089 2149 ἀργότερον,
3109 2082 3201 2133 καί
3228 2080 3255 2133 ὀ
3287 2078 3454 2149 ῦμνος
3482 2078 3581 2147 οὐχ
3611 2074 3782 2149 οὕτως
3808 2076 4040 2128 ἐκτετα-

2459 2147 2650 2238 μένοςο
2681 2147 2779 2221 καὶ
2874 2147 3020 2239 ψυχὴ
3052 2147 3371 2237 βουλομένη,
3406 2166 3592 2235 φησὶν,
3628 2147 4038 2223 ἀναπαύεσθαι,

2456 2254 2552 2311 καὶ
2584 2258 2611 2310 ὀ
2639 2254 2763 2318 νοῦς
2786 2254 2949 2308 ἐπεσε
2996 2254 3166 2317 κάτω,
3198 2253 3291 2308 καὶ
3314 2255 3363 2307 οί
3400 2253 3650 2321 λογισμοὶ
3681 2250 4040 2323 ρεμδασμούς

2461 2359 2611 2405 τινας
2665 2342 2937 2413 ἔπασχοψ
2976 2342 3069 2395 καί
3119 2342 3222 2395 πού
3269 2360 3354 2405 τις
3396 2343 3453 2395 ἐν
3484 2344 3597 2403 τοῖς
3648 2339 3904 2411 κρυφίοις
3950 2339 4042 2389 καὶ

2458 2430 2687 2501 ἀμέλεια
2720 2432 3035 2501 ἐμελετᾶτο,
3070 2431 3208 2501 πλὴν
3242 2429 3360 2483 ἀλλ’
3381 2431 3409 2482 ὀ
3440 2429 3664 2499 ἐθισμὸς
3694 2431 3756 2481 ὲκ
3784 2427 3897 2479 τῶν
3942 2427 4041 2494 έμ-

2460 2520 2695 2591 προσθεν
2724 2520 2937 2590 ἀπῆγέν
2970 2538 3087 2584 πως
3119 2521 3212 2574 ἐπὶ
3246 2520 3337 2573 τόν
3365 2518 3630 2588 ἀσκητήν,
3663 2516 3852 2585 ὥσπερ
3892 2515 4041 2587 ῥύμη

2459 2626 2543 2673 τις
2584 2610 2649 2661 ἐκ
2701 2609 2800 2678 τῆς
2841 2609 3015 2679 ὀρμῆς
3046 2608 3291 2679 ἐκείνης·
3327 2607 3418 2660 καὶ
3449 2606 3671 2669 διέσωζε
3722 2604 3881 2666 τέως.
3937 2602 4043 2655 Καί

2462 2713 2593 2751 ποτε
2624 2696 2878 2749 είσελθὼν
2919 2698 3056 2766 μετά
3094 2698 3193 2759 τάς
3234 2694 3480 2763 συνήθεις
3516 2692 3680 2761 εὐχὰς
3710 2691 3844 2760 πρὸς
3879 2690 4045 2742 ἐσπέ-

2465 2801 2586 2855 ραν,
2614 2779 2771 2855 εῦρεν
2805 2783 2895 2837 τὸν
2922 2784 3085 2854 ἄρτον
3113 2784 3204 2836 ἐπὶ
3223 2782 3322 2851 τῆς
3359 2780 3638 2853 τραπέζης
3672 2776 3856 2830 θεόθεν
3894 2775 4047 2845 αὐτῴ

2462 2873 2887 2945 χορηγούμενον,
2922 2872 3015 2925 καὶ
3054 2871 3391 2939 ἀνεκτήσατο
3410 2887 3425 2903 ο
3459 2870 3516 2920 ἐν
3555 2866 3632 2938 νῷ
3664 2866 3720 2918 δὲ
3747 2865 3848 2927 τὰς
3880 2865 4049 2933 μειὼ-

2466 2978 2580 3024 σεις
2625 2962 2837 3024 ἐκείνας
2876 2960 2976 3013 οὐκ
3023 2958 3355 3013 ἀπεσάλετοο
3384 2957 3504 3009 οὐδὲ
3535 2954 3818 3023 ἐλογίσατο
3862 2952 3953 3005 ὅτι
3980 2951 4047 3003 τὲ

2465 3048 2833 3120 παροράματα
2878 3046 2978 3116 τὴν
3031 3045 3267 3114 σπουδὴν
3317 3043 3577 3114 βλάπτει,
3634 3042 3753 3095 οὐδὲ
3802 3038 3903 3093 ἐπὶ
3950 3040 4049 3109 τὴν

2471 3135 2611 3189 ίασιν
2636 3135 2895 3206 ἐτρέπετο
2917 3134 3010 3187 τοῦ
3040 3131 3213 3187 κακοῦ
3233 3145 3249 3163 ⁸
3279 3131 3416 3186 ἀλλά
3441 3129 3635 3201 μικρὸν
3653 3127 3808 3200 ᾠήθη
3831 3127 3898 3181 τὸ
3918 3126 4047 3196 παρ’

788 3220 980 3272 πᾶσων
1003 3216 1168 3271 οὖσαν
1189 3217 1295 3270 τῶν
1322 3181 1553 3288 ἀρετῶν.
1578 3181 1724 3270 Πάνυ
1747 3216 1804 3269 δὲ
1835 3181 2363 3286 σῦμέάλλετάιῆμῖν
2390 3181 2440 3246 c
3755 3181 3899 3285 [ῥως
3928 3181 4048 3269 δπξ-

789 3307 885 3361 καὶ
910 3309 943 3374 ή
987 3306 1305 3378 μακροτέρα
1338 3304 1545 3376 ἐρημος
1574 3304 1709 3375 πρὸς
1732 3305 1831 3374 τὴν
1860 3304 2116 3374 ἄσκησιν.
2140 3356 2143 3359 .

1365 3414 1617 3467 ΚΕΦΑΛ.
1651 3413 1804 3481 Μετ’.

790 3507 1077 3577 Animam
1118 3505 1232 3560 τοῦ
1283 3504 1433 3577 ἀσϐᾶ
1492 3506 1773 3577 Ἰωάννου
1817 3505 1948 3574 περὶ
2001 3504 2366 3571 ἐκπεσόντος

1267 3576 1366 3629 καί
1396 3575 1904 3645 μετανοήσειν-τος.

865 3684 1059 3753 Γέγονε
1107 3682 1217 3753 γάρ
1266 3700 1350 3746 τις
1399 3682 1495 3736 καὶ⁸
1538 3683 1724 3753 ἕτερος
1778 3682 2010 3754 μοναχός
2043 3682 2142 3752 τὴν
2179 3682 2370 3752 πόρῤω

794 3772 1000 3845 ἔρημον
1026 3769 1390 3840 κατειληφὼς,
1420 3771 1513 3823 καὶ
1539 3772 1597 3824 ἐν
1628 3770 1840 3834 πολλοῖς
1872 3771 2015 3823 ἔτεσι
2044 3770 2143 3832 τὰς
2168 3768 2370 3840 ἀρετάς

794 3857 1172 3928 κατορθώσας.
1222 3858 1311 3912 Ἐν
1373 3860 1533 3929 γήρει
1566 3857 1753 3911 λοιπδν
1800 3857 2086 3926 τυγχάνων
2113 3856 2212 3925 τῆς
2262 3855 2371 3910 τῶν

793 3948 1063 4017 δαιμόνων
1104 3945 1399 4015 ἐπιδουλῆς
1430 3946 1709 4014 ἐπειρᾶτο.
1739 3940 1848 3996 Ἦν
1882 3948 1993 4013 γάρ
2022 3942 2162 3994 πάνυ
2194 3943 2371 4012 ἀσκηο

793 4035 892 4107 τὴς
920 4034 1017 4104 τὴν
1058 4033 1285 4105 ἡσυχίαν
1311 4032 1707 4102 ἀσπαζόμενος,
1745 4031 1839 4083 καὶ
1874 4032 1929 4083 ἐν
1963 4031 2150 4099 εὐχαῖς
2179 4032 2273 4081 καὶ
2313 4033 2371 4083 ἐν

797 4124 986 4195 ῦμνοις
1004 4124 1100 4177 καὶ
1120 4122 1377 4193 θεωρίαις
1402 4123 1619 4183 πολλαῖς
1646 4121 2010 4191 διημερεύων,
2036 4120 2129 4171 καὶ
2153 4119 2373 4188 όράσεις

798 4212 1072 4282 θειοτέρας
1117 4212 1269 4272 τινας
1300 4210 1537 4279 ἐναργὴς
1572 4206 1817 4277 ἐθεώρει.
1853 4205 2022 4260 Τοῦτο
2058 4206 2155 4276 μὲν
2203 4208 2371 4275 ἐγρη-

796 4302 994 4373 γόρως,
1023 4301 1179 4354 τοῦτο
1210 4301 1266 4354 δέ
1297 4301 1418 4353 καθ’
1452 4299 1674 4366 ὐπνους,
1704 4300 1797 4352 καὶ
1828 4298 2013 4367 σχεδὸν
2049 4298 2193 4367 ῐχνος
2220 4298 2373 4349 ἐπεί-

795 4390 970 4458 ληπτο
1006 4391 1107 4459 τῆς
1145 4388 1439 4457 ἀσωμάτου
1472 4386 1650 4456 ζωῆς,
1704 4387 1764 4438 οὐ
1798 4386 1902 4455 γῆν
1953 4384 2217 4451 φυτεύων,
2252 4384 2373 4437 οὐδὲ

798 4476 1099 4545 φροντίζων
1142 4474 1381 4544 διαίτης,
1424 4474 1546 4526 οὐδέ
1588 4476 1647 4527 ἐν
1674 4475 1785 4535 τοῖς
1813 4475 2000 4540 φυτοῖς
2028 4471 2227 4541 ζητῶν,
2261 4472 2289 4523 ὅ
2318 4489 2369 4525 τι
2397 4512 2450 4572 D

796 4563 1027 4633 παρέχοι
1052 4561 1131 4631 τῷ
1158 4560 1370 4631 σώματι
1402 4560 1661 4630 δεομένῳ,
1697 4559 1809 4613 ἀλλ’
1840 4559 1961 4612 οὐδὲ
1987 4561 2049 4611 ἐκ
2079 4558 2177 4627 τῆς
2210 4558 2373 4628 χλόης

796 4650 916 4702 οὐδὲ
938 4650 1112 4721 ἄγραν
1136 4648 1361 4719 ὀρνίθων
1382 4648 1503 4701 οὐδὲ
1526 4647 1686 4701 ἄλλου
1709 4646 1852 4709 τινὸς
1878 4646 2181 4715 μετήρχετο
2211 4645 2370 4709 ζώου.

810 4738 973 4792 Ἀλλά
997 4736 1376 4807 πεποιθήσεως
1422 4736 1606 4804 γέμων
1652 4736 1733 4797 είς
1784 4734 1917 4787 Θεὸν
1960 4733 2142 4797 ὲξάτου
2178 4734 2241 4801 ἐκ
2277 4733 2376 4802 τῆς

799 4826 1122 4895 οἰκουμένης
1176 4823 1437 4894 μετῆλθεν
1482 4824 1617 4887 ἐκεῖ,
1674 4822 1769 4876 καὶ
1801 4822 1959 4890 λόγον
1988 4821 2198 4883 οὐδενὸς
2232 4814 2377 4889 εἶχεν

800 4914 949 4975 ὅπως
980 4910 1129 4980 αὐτῷ
1170 4910 1503 4980 τρεφόμενον
1541 4908 1785 4979 διαμένοι
1819 4908 1879 4961 τὸ
1910 4906 2089 4976 σῶμα.
2140 4905 2279 4958 Ἀλλ’
2320 4906 2377 4958 ἐν

802 5000 941 5070 λήθῃ
966 4998 1181 5051 πάντων
1206 4997 1348 5050 ἐκὼν
1375 4998 1586 5067 ἀνεῖχεν
1610 4997 1822 5061 ἑαυτὸν,
1850 4995 2042 5065 τελείῳ
2072 4993 2223 5063 πόθῳ
2242 4992 2380 5062 πρὸς

802 5086 935 5139 Θεὸν
964 5085 1297 5154 παραμένων
1329 5085 1421 5138 καὶ
1446 5083 1757 5154 περιμένων
1786 5082 1883 5152 τὴν
1914 5081 2129 5149 κλῆσιν,
2165 5080 2261 5133 καὶ
2284 5080 2381 5149 τὴν

805 5172 870 5224 ἑκ
911 5170 1004 5223 τοῦ
1054 5171 1261 5239 κόσμου
1313 5170 1623 5239 μετάθεσιν,
1661 5169 1755 5221 καὶ
1795 5166 1873 5236 τῷ
1914 5165 2153 5235 πλείστῳ
2185 5180 2272 5232 γε,
2312 5166 2379 5233 τῇ

806 5258 993 5329 τέρψει
1028 5256 1137 5309 τῶν
1162 5257 1501 5326 φαινομένων
1534 5258 1628 5309 καὶ
1676 5254 2048 5323 ἐλπιζομένων
2100 5254 2379 5323 ἐτρέφετο,

807 5347 901 5395 καὶ
941 5342 1063 5395 οῦτε
1108 5344 1168 5396 τὸ
1200 5342 1361 5412 σῶμα
1393 5344 1731 5411 κατετήκατο
1758 5340 1905 5411 αὐτῷ
1936 5344 2002 5411 τῇ
2053 5339 2378 5409 παρατάσει,

806 5430 930 5484 οὔτε
956 5431 1159 5500 ἄθυμος
1189 5427 1257 5501 ἧν
1290 5432 1323 5501 ή
1352 5428 1522 5499 ψυχὴ,
1548 5428 1661 5482 ἀλλ’
1689 5432 1746 5482 ἐν
1776 5431 1947 5497 σεμνῇ
1976 5445 2083 5480 τινι
2110 5426 2385 5478 καταστά-

812 5539 893 5574 σει
919 5522 1018 5590 τὴν
1050 5520 1219 5589 καλὴν
1255 5520 1368 5585 ἕξιν
1412 5518 1537 5588 εσχε
1557 5534 1569 5545 ’
1607 5518 1747 5587 πλὴν
1794 5516 1928 5569 άλλά
1962 5514 2138 5584 τιμῶν
2169 5514 2330 5566 αὐτὸν
2357 5516 2386 5566 ὀ

810 5609 940 5670 Θεὸς
965 5608 1053 5660 διά
1081 5626 1223 5671 τινος
1256 5606 1589 5675 τεταγμένου
1624 5606 1838 5675 χρόνου,
1867 5604 1959 5656 δύο
1990 5603 2022 5673 ἢ
2050 5601 2214 5672 τριῶν
2244 5603 2386 5671 ἠμε⁴

814 5696 922 5766 ρῶν
952 5694 1113 5765 ἄρτον
1160 5696 1252 5747 ἐπὶ
1298 5697 1394 5762 τῆς
1439 5692 1719 5762 τραπέζης
1773 5690 1968 5755 ἐδίδου,
2010 5687 2296 5756 φαίνεσθαί
2326 5704 2385 5737 τε

2472 3312 2667 3383 θυμίας
2706 3311 2961 3383 ἀρπάσας
3004 3310 3083 3371 είς
3116 3308 3209 3361 τὸν
3254 3307 3459 3377 κόσμον
3487 3306 3775 3375 ἀπήγαγεν
3814 3306 3933 3365 τοῖς
3960 3302 4048 3354 λο-

2470 3402 2719 3471 γισμοῖς·
2753 3400 2902 3468 ὅμως
2950 3397 3190 3467 ἐπισχὼν
3221 3395 3413 3449 ἑαυτὸν
3452 3394 3594 3457 τέως
3640 3392 3739 3463 τήν
3786 3390 4049 3443 ἐπιοῦσαν

2470 3489 2681 3559 ἡμέραν
2732 3488 2824 3539 ἐπὶ
2858 3486 2956 3558 τήν
2996 3484 3202 3555 συνήθη
3256 3482 3589 3555 τρεπόμενος
3639 3480 3900 3548 ἄσκησιν,
3958 3478 4051 3530 καὶ

2470 3575 2785 3643 εὐξάμενος,
2836 3574 2929 3625 καὶ
2970 3574 3215 3642 ὑμνήσας
3248 3569 3507 3623 είσελθὼν
3554 3570 3611 3621 ἐν
3651 3568 3729 3636 τῷ
3760 3567 4051 3635 σπηλαίῳ,

2471 3664 2561 3718 τὸν
2586 3664 2685 3735 μὲν
2710 3662 2874 3733 ἄρτον
2892 3654 3051 3731 εῦρεν
3080 3659 3228 3729 αὐτῷ
3259 3659 3681 3728 παρακείμενον·
3701 3656 3799 3725 οὐχ
3821 3654 3971 3707 οῦτω
3998 3654 4052 3705 δὲ

2472 3754 2709 3823 ἐπιμελῆ
2752 3754 2846 3806 καὶ
2893 3752 3155 3822 καθαρὸν,
3190 3749 3324 3802 ἀλλὰ
3358 3747 3750 3819 ρερυπωμένον
3779 3763 3899 3808 πως
3929 3746 4048 3815 ῆδη.

2474 3846 2584 3897 Καὶ⁸
2625 3842 2914 3911 θαυμάσας
2966 3842 3059 3893 καὶ
3108 3838 3358 3909 κατηφής
3399 3854 3513 3900 πως
3552 3836 3871 3904 γενόμενος,
3906 3834 4053 3901 ὅμως

2476 3932 2705 4002 μετέσχε
2753 3931 2845 3983 καὶ
2892 3931 3250 3997 ἀνεκτήσατο.
3312 3927 3480 3996 Τρίτη
3532 3924 3628 3989 νὺξ
3676 3924 3895 3993 γέγονε,
3965 3925 4055 3974 καὶ

2472 4018 2793 4089 τριπλάσιον
2822 4018 2882 4071 τὸ
2920 4017 3088 4070 κακὸν
3118 4016 3489 4087 προσετίθετο.
3523 4013 3635 4067 Καὶ
3669 4013 3775 4081 γὰρ
3799 4013 3998 4063 θᾶττον
4028 4012 4053 4061 6

2473 4106 2598 4169 νοῦς
2630 4106 2781 4177 αὐτῷ
2810 4107 2920 4168 τοῖς
2956 4104 3237 4171 λογισμοῖς
3274 4099 3711 4171 ἐγκατέσκηψεν.
3762 4100 3825 4150 Ἦ
3859 4099 4054 4167 μνήμη

2472 4194 2528 4247 δέ
2564 4194 2712 4265 αὐτῷ
2752 4195 2826 4257 ὼς
2855 4194 2919 4246 ἀν
2956 4192 3239 4263 παρούσης
3277 4190 3535 4259 γυναικὸς
3581 4190 3677 4241 καὶ
3725 4204 4053 4239 συνανακει-

2477 4282 2644 4353 μένης
2673 4281 3049 4335 συνδιετίθετο.
3103 4280 3215 4331 Καὶ
3270 4278 3330 4329 τὸ
3371 4281 3605 4347 πρᾶγμα
3654 4276 3713 4327 ἐν
3750 4273 4052 4341 ὀφθαλμοῖς

2476 4363 2641 4439 εῖχεν,
2692 4368 2784 4421 καλ⁸
2818 4369 2890 4431 ὡς
2937 4368 3190 4436 πράττων
3225 4365 3354 4417 αὐτὸ
3393 4364 3639 4417 διετέλει.
3712 4361 3938 4428 Ἐξῆλθε
3997 4360 4054 4411 δὲ

2474 4458 2623 4527 ὅμως
2661 4457 2752 4508 καὶ
2791 4456 2889 4525 τήν
2918 4455 3107 4523 τρίτην
3138 4453 3354 4523 ἡμέραν
3388 4451 3480 4504 ἐπὶ
3509 4450 3568 4503 τὸ
3609 4450 3791 4519 ἔργον,
3827 4451 3925 4500 καὶ
3957 4449 4055 4515 τὴν

2477 4544 2637 4616 εὐχὴν
2661 4546 2752 4597 καὶ
2769 4546 2891 4605 τοὺς
2920 4542 3143 4611 ὕμνους,
3175 4540 3357 4593 οὐκέτι
3386 4539 3630 4608 καθαρὰς
3662 4539 3801 4606 ἔχων
3828 4540 3932 4598 τὰς
3974 4539 4058 4589 ἐν-

2477 4634 2738 4703 θυμήσεις
2756 4647 2767 4659 ·
2799 4630 2933 4683 άλλά
2960 4630 3138 4682 πυκνά
3162 4627 3667 4699 μεταστρεφόμενος
3692 4624 4059 4694 μετεωρίζετο

2476 4721 2598 4781 τοὺς
2628 4718 2938 4787 ὀφθαλμοὺς
2964 4711 3064 4769 ὧδε
3091 4718 3251 4768 κάκεῖ
3278 4715 3595 4778 ἀκοντίζων,
3628 4713 3926 4779 Διέτεμνον
3950 4713 4061 4781 γὰρ

2478 4805 2643 4859 αὐτοῦ
2674 4806 2735 4857 τὸ
2770 4804 2931 4858 καλὸν
2965 4804 3125 4875 ἔργον
3152 4803 3211 4855 αί
3242 4802 3453 4871 μνῆμαι
3484 4800 3593 4852 τῶν
3628 4797 4059 4867 ἐνθυμημάτων.

2490 4894 2759 4964 Ἑσπέρας
2785 4892 2876 4946 οῦν
2902 4892 3205 4961 ἐπανῆλθεν
3229 4892 3392 4962 ἄρτον
3418 4889 3689 4960 δεόμενος,
3724 4888 3815 4939 τὸν
3838 4888 3897 4939 δὲ
3933 4881 4061 4956 εῦρε

2484 4985 2580 5055 μιν
2596 4986 2652 5037 ἐν
2668 4985 2731 5050 τῇ
2748 4981 2993 5051 τραπέζῃ
3010 4975 3120 5034 οἷον
3134 4979 3240 5032 ὐπὸ
3254 4979 3427 5049 μυιῶν
3443 4978 3475 5048 ἢ
3492 4975 3671 5030 κυνῶν
3683 4974 4062 5045 βεόρωμένον,

2484 5073 2574 5126 καὶ
2595 5070 2845 5139 λείψανόν
2859 5087 2910 5121 τι
2927 5070 3035 5120 τῶν
3053 5067 3233 5137 ξηρῶν
3250 5066 3475 5131 ἔξωθεν.
3488 5063 3620 5117 Τότε
3642 5062 3817 5115 στένει
3844 5064 3946 5132 μέν
3970 5066 4065 5115 καὶ

2480 5158 2734 5231 δακρύει,
2771 5158 2885 5211 ἀλλ’
2918 5158 3015 5227 οὐχ
3058 5158 3181 5209 ὅσον
3208 5155 3412 5220 ἱκανὸν,
3444 5152 3566 5207 οὐδὲ
3588 5154 3710 5206 ὅσον
3752 5151 4064 5204 ἐπιστεῖλαι

2481 5247 2579 5317 τὴν
2610 5246 2860 5309 ἀτοπίαν,
2902 5247 2994 5299 καὶ
3022 5245 3281 5315 στραφεὶς
3304 5243 3403 5312 οὐχ
3431 5242 3555 5295 ὅσον
3597 5241 3808 5311 ήθελεν,
3841 5239 4065 5308 ἕτοιμος

2483 5330 2551 5405 ῆν
2585 5334 3023 5389 ἀναπαύσασθαι.
3095 5333 3360 5399 Ἐπῆλθον
3415 5331 3472 5384 δὲ
3515 5330 3663 5398 αὐτῷ
3704 5330 3753 5381 οι
3808 5328 4067 5394 λόγισμτὶ

2487 5421 2696 5489 ἀθρόως
2724 5418 2987 5473 πάντοθεν
3018 5418 3180 5469 αὐτὸν
3212 5414 3580 5486 περιέχοντες,
3615 5412 3707 5465 καὶ¹
3735 5410 4067 5479 πολεμοῦσιν

2487 5506 2653 5563 αὐτοῦ
2690 5507 2786 5577 τὴν
2810 5506 3070 5569 διάνοιαν,
3114 5506 3207 5557 καὶ
3242 5504 3401 5566 εὐθὺς
3434 5502 3783 5572 αἰχμάλωτον
3818 5500 4068 5567 αἴρουσιν

2488 5598 2564 5659 εἰς
2609 5596 2696 5648 τὸν
2731 5595 2951 5663 κόσμον.
3008 5591 3269 5652 Ἀναστὰς
3318 5589 3373 5641 δὲ
3404 5588 3579 5659 ᾤχετο
3628 5586 3720 5638 ἐπὶ
3756 5586 3861 5655 τὴν
3888 5587 4069 5636 οίκου-

2494 5686 2659 5753 μένην
2692 5681 2780 5733 διὰ
2818 5684 2913 5749 τῆς
2949 5680 3157 5749 ἐρήμου
3204 5675 3583 5756 ,νυκτοπορῶψ
3634 5672 4070 5735 Καταλαβούσης

814 5758 909 5838 καὶ
942 5758 1099 5851 εἶναι,
1150 5783 1243 5834 καὶ
1291 5758 1554 5850 χρῆσθαι·
1592 5758 1687 5830 καῖ
1727 5776 1909 5830 είσιῶν
1946 5778 2001 5829 ἐν
2034 5774 2110 5845 τῷ
2141 5772 2389 5842 σπηλαίῳ
2491 5771 2545 5823 δὲ
2576 5770 2735 5823 αὐτὸν
2758 5770 2853 5839 τῆς
2880 5766 3111 5837 ἡμέρας,
3136 5767 3229 5820 καὶ
3256 5763 3355 5833 τῆς
3379 5760 3702 5832 οίκούμενης
3736 5760 3821 5813 ἐτι
3857 5758 4072 5829 μακράν
