4258 6358
307 383 446 449 1⁸125

1577 384 1895 443 HISTORIA
1936 384 2294 442 LAUSIACA.

3400 385 3540 449 1126

300 505 353 561 in
392 504 622 570 ﬂetibus,
654 518 720 557 ne
767 516 920 559 aures
958 500 1168 572 quidem
1214 501 1293 555 eis
1342 497 1637 565 praebebat,
1666 506 1722 552 et
1765 510 1864 551 nec
1892 498 1944 557 Α
1970 512 2087 567 quas
2117 512 2222 552 non
2251 506 2538 553 cernuntur
2561 505 2617 554 et
2643 508 2941 567 sperantur,
2974 506 3029 554 et
3071 512 3239 565 neque
3277 497 3537 554 diuturni-

303 596 521 650 verbum
547 593 898 664 respondebat
918 607 1035 646 eum
1057 590 1144 644 diu
1175 590 1479 659 urgentibus
1501 587 1865 652 damonibus;

303 698 604 754 postquam,
654 685 901 753 inquam,
953 680 1084 736 nihil
1129 680 1450 746 ell'ecerunt,
1500 679 1684 733 eadem
1724 692 1867 747 saepe

299 773 374 829 illi
406 777 663 843 dicentes,
693 780 1011 841 acceperunt
1048 787 1169 827 eum
1201 771 1325 825 mali
1355 779 1411 825 et
1452 782 1633 837 turpes
1671 770 1869 825 daemo-

303 880 420 931 nes,
464 874 518 918 et
564 873 731 917 totum
775 865 889 932 eius
935 877 1128 930 corpus
1178 862 1316 916 male
1375 863 1693 925 multarunt,
1743 876 1865 915 eum

303 956 535 1023 graviter
571 954 749 1023 ﬂagris
777 954 1077 1017 caedentes;
1110 962 1163 1006 et
1192 966 1312 1006 cum
1342 966 1465 1006 eum
1494 953 1723 1021 graviter
1755 962 1863 1005 toro

302 1044 532 1107 sissent,
563 1044 804 1099 abierunt
843 1056 908 1096 eo
939 1041 1126 1096 relicto
1166 1042 1528 1095 semimortua.
1562 1040 1654 1094 Ille
1690 1050 1864 1094 autem

305 1131 472 1184 nihilo
518 1133 690 1185 secius
742 1131 1025 1184 immobilis
1073 1128 1283 1200 jacebat
1329 1130 1416 1184 ubi
1463 1144 1583 1183 eum
1632 1129 1863 1199 relique-

300 1229 457 1283 runt,
504 1236 688 1273 rursus
741 1234 959 1290 gemens
1008 1226 1287 1290 postquam
1339 1219 1573 1273 animum
1632 1220 1864 1290 college-

301 1315 405 1360 rat.
435 1305 566 1362 Cum
612 1318 785 1361 autem
814 1307 928 1377 ejus
967 1307 1249 1361 necessarii
1293 1322 1414 1361 eum
1460 1307 1868 1377 investigassent

301 1408 357 1451 et
396 1399 753 1467 invenissent,
782 1408 837 1454 et
866 1415 1077 1453 causam
1122 1399 1236 1467 ejus
1274 1399 1415 1467 quod
1445 1401 1611 1469 ipsius
1652 1400 1862 1468 cerpori

297 1490 561 1545 acciderat
584 1491 925 1556 didicissent,
954 1492 1210 1560 rogabant
1248 1505 1367 1547 eum
1397 1498 1456 1545 ut
1481 1490 1695 1545 domum
1726 1493 1865 1547 redi-

297 1594 383 1639 ret
406 1601 421 1640 :
448 1586 493 1640 is
531 1596 704 1639 autem
746 1599 868 1639 cum
896 1584 999 1638 vim
1028 1585 1076 1639 ei
1104 1598 1245 1652 saepe
1276 1584 1610 1648 attulissent,
1647 1585 1861 1639 restitit.

299 1672 506 1727 Rursus
550 1682 721 1727 autem
767 1672 1010 1741 sequenti
1043 1681 1199 1728 nocte
1226 1688 1345 1728 eum
1376 1672 1565 1727 iisdem
1591 1674 1657 1728 de
1686 1674 1863 1729 causis

296 1764 448 1830 pejus
474 1779 629 1831 quant
662 1764 803 1831 prius
832 1763 1122 1817 all'ecerunt
1145 1763 1444 1828 da-tnones;
1474 1773 1528 1819 et
1553 1778 1619 1819 ne
1642 1764 1718 1818 sic
1745 1766 1865 1833 qui-

1973 596 2077 644 tate
2096 590 2145 643 ei
2187 602 2381 659 corpus
2400 588 2787 654 macerabatur,
2808 601 2977 656 neque
2995 588 3251 643 maerebat
3272 586 3537 657 tristisque

1968 687 2085 735 erat
2105 679 2304 742 anima,
2322 678 2415 732 sed
2439 678 2489 732 in
2512 678 2739 748 quodam
2762 679 2985 732 honesto
3002 693 3060 731 ac
3079 678 3378 733 venerando
3396 687 3537 734 statu

1971 770 2167 826 bonum
2195 768 2421 823 habebat
2444 769 2701 823 habitum.
2728 768 2923 824 Verum
2952 768 3223 823 enimvero
3252 770 3391 824 Deus
3414 787 3534 824 eum

1970 860 2273 921 honorans,
2324 870 2442 928 post
2494 861 2807 929 pra-ﬁnitum
2858 861 3111 927 temporis
3159 859 3521 915 intervallum.

1967 949 2126 1005 dabat
2147 950 2195 1003 ei
2219 964 2379 1016 super
2405 964 2639 1003 mensam
2668 964 2856 1019 panem
2883 948 3106 1003 duorum
3135 948 3214 1002 vel
3243 949 3397 1002 trium
3427 949 3537 1005 die.

1966 1057 2105 1106 rum,
2134 1049 2191 1095 ut
2215 1049 2269 1094 et
2298 1040 2585 1103 videretur,
2611 1050 2665 1094 et
2692 1050 2862 1103 esset,
2893 1050 2947 1093 et
2973 1054 3038 1094 eo
3068 1049 3321 1094 uteretur.
3354 1040 3417 1093 Et
3448 1039 3533 1093 in-

1965 1132 2209 1201 grediens
2238 1132 2288 1184 in
2319 1131 2628 1199 speluncam
2650 1170 2664 1193 ,
2696 1130 2904 1199 quando
2932 1130 3195 1184 sentiebat
3231 1146 3426 1198 corpus
3454 1130 3535 1185 in-

1964 1230 2166 1298 digere,
2207 1227 2507 1282 inveniebat
2552 1230 2950 1280 nutrimentum.
2994 1226 3063 1280 Et
3104 1240 3223 1279 cum
3258 1226 3534 1282 adorasset

1963 1330 2018 1376 et
2042 1321 2216 1377 cibum
2246 1328 2594 1386 sumpsisset,
2626 1318 2834 1388 hymnis
2875 1332 3058 1372 rursus
3084 1316 3380 1383 lrnelntnr,
3411 1332 3532 1385 per-

1964 1426 2218 1467 severans
2249 1412 2300 1464 in
2334 1410 2580 1478 precibus
2608 1420 2661 1463 et
2688 1409 3155 1476 contemplatione,
3184 1408 3237 1462 in
3274 1409 3388 1463 dies
3414 1423 3534 1479 ger-

1964 1505 2193 1570 minans,
2215 1511 2271 1557 et
2298 1518 2357 1558 se
2381 1504 2592 1557 tradens
2620 1502 2867 1572 prmsenti
2900 1501 3077 1554 virtuti
3102 1510 3153 1554 et
3180 1500 3370 1554 futura:
3392 1501 3529 1568 spei,

1963 1608 2174 1661 semper
2204 1595 2367 1662 magis
2396 1595 2664 1662 magisque
2696 1595 3035 1662 progrediens
3060 1612 3073 1660 ;
3104 1604 3158 1649 et
3187 1593 3299 1649 fere
3326 1596 3432 1662 jam
3460 1595 3527 1648 de

1964 1683 2172 1738 meliori
2202 1699 2295 1737 sua
2326 1694 2470 1738 sorte
2496 1685 2829 1752 conﬁdebat,
2871 1694 3115 1752 tanquam
3142 1687 3249 1753 jam
3281 1700 3398 1740 eam
3433 1687 3528 1737 ha—

1964 1774 2116 1829 beret
2145 1776 2197 1831 in
2229 1777 2471 1831 manibus
2497 1793 2510 1829 :
2538 1777 2676 1843 quod
2720 1778 2876 1831 etiam
2920 1776 3017 1831 fuit
3048 1778 3095 1831 ei
3137 1792 3294 1831 causa
3326 1778 3525 1844 lapsus,

293 1854 413 1907 dem
463 1856 577 1921 ejus
619 1853 993 1923 consanguinei
1036 1854 1084 1908 ei
1134 1854 1451 1922 persuadent
1493 1863 1552 1909 ut
1596 1856 1820 1923 emigret
1840 1900 1855 1922 ,
1888 1847 1939 1907 Β
1963 1878 2083 1918 cum
2115 1866 2496 1933 propemodum
2526 1866 2791 1920 excidere;
2820 1882 2915 1935 ρει-
2943 1882 3057 1921 eam
3087 1882 3203 1935 quae
3232 1868 3401 1934 ipsum
3434 1882 3528 1933 ρο-

292 1941 477 1996 dicens
506 1947 669 1996 satius
710 1957 829 1997 esse
856 1944 986 1997 mori
1014 1960 1169 2011 quam
1198 1946 1379 1999 vivere
1420 1945 1470 1998 in
1511 1946 1699 2000 talibus
1733 1946 1856 1999 vitae

291 2034 535 2086 maculis.
567 2033 742 2086 Tertia
772 2048 874 2087 nox
911 2034 1289 2102 propemodum
1332 2036 1453 2089 fecit
1492 2044 1550 2089 ut
1576 2035 1857 2091 excederet

289 2124 359 2177 ab
380 2123 702 2191 hominibus,
722 2138 841 2179 cum
863 2124 1159 2179 crudelibus
1187 2126 1460 2179 tormentis
1482 2126 1534 2182 in
1560 2141 1680 2181 eum
1704 2125 1852 2180 inva-

289 2214 485 2267 sissent
513 2213 804 2276 dtemones,
833 2221 888 2269 et
925 2229 1045 2269 eum
1076 2226 1354 2270 vexassent
1396 2230 1562 2285 usque
1589 2216 1654 2270 ad
1679 2225 1853 2272 extre-

290 2318 436 2356 mum
481 2304 742 2372 spiritum.
788 2303 1072 2375 Postquam
1104 2314 1279 2359 autem
1310 2307 1552 2361 viderunt
1580 2321 1702 2362 eum
1749 2323 1851 2363 non

287 2391 643 2458 concessisse,
690 2405 1060 2458 recesserunt,
1107 2394 1320 2450 homine
1364 2396 1553 2450 relicto
1595 2396 1850 2452 exanimi.

287 2479 616 2535 Recedentes
644 2484 819 2552 itaque
842 2483 1223 2551 exclamarunt,
1248 2486 1485 2539 dicentes
1508 2502 1525 2541 ε
1553 2487 1753 2550 Vicisti,
1778 2487 1855 2542 vi-

286 2567 435 2633 eisti,
463 2569 659 2624 vicisti.
685 2572 862 2641 Neque
886 2574 933 2627 ei
964 2575 1186 2644 amplius
1213 2574 1411 2643 aliquid
1436 2577 1559 2630 mali
1582 2578 1848 2642 occurrit;

286 2658 379 2713 sed
408 2659 461 2713 in
495 2662 776 2737 purissimo
804 2664 1048 2733 sepulcro
1079 2680 1209 2731 pure
1240 2666 1490 2722 habitavit
1527 2668 1652 2722 dum
1684 2668 1849 2732 vixit,

288 2765 472 2819 puram
500 2767 756 2809 exercens
784 2754 1053 2810 virtutem.
1086 2756 1134 2810 is
1164 2757 1270 2811 Deo
1303 2772 1510 2827 quoque
1538 2755 1636 2813 fuit
1665 2757 1855 2829 pretio-

286 2858 400 2909 sus,
437 2856 490 2899 et
529 2845 830 2912 virtutibus,
875 2849 1241 2905 miraculorum
1280 2850 1676 2914 eEectionibus;
1715 2851 1848 2906 adeo

286 2945 344 2989 ut
375 2945 427 2988 rt
458 2937 648 2991 multos
678 2939 730 2993 in
752 2938 1151 2995 admirationem
1181 2940 1477 3008 induxerit,
1506 2951 1558 2996 et
1588 2943 1650 2995 ad
1678 2945 1847 2996 zelum

286 3027 573 3082 adduxerit
600 3038 654 3083 et
679 3030 1063 3084 mmulationem
1095 3031 1433 3086 honestorum
1466 3034 1845 3087 institutorum.

286 3117 416 3172 llinc
450 3119 639 3173 factum
684 3130 765 3175 est
809 3131 867 3176 ut
912 3123 1059 3177 multi
1105 3138 1310 3192 quoque
1347 3139 1414 3178 ex
1462 3124 1526 3178 iis
1563 3125 1649 3193 qui
1680 3126 1745 3177 de
1787 3141 1846 3179 se

1960 1960 2073 2007 stea
2101 1953 2290 2007 invasit
2316 1953 2674 2008 tentationem.
2704 1955 2835 2021 Quid
2858 1956 2996 2009 enim
3029 1970 3132 2009 non
3160 1956 3384 2009 dicimus
3405 1956 3522 2023 eius

1958 2057 2078 2099 eum
2118 2045 2205 2113 qui
2244 2058 2411 2113 prope
2442 2045 2537 2099 fuit
2563 2046 2783 2099 casum?
2813 2046 3093 2115 Postquam
3120 2046 3261 2100 enim
3290 2046 3355 2100 ad
3386 2048 3519 2100 hanc

1957 2135 2217 2202 processit
2244 2136 2650 2203 cogitationem,
2694 2136 2941 2205 paulatim
2977 2137 3282 2206 imprudens
3320 2153 3385 2193 eo
3425 2137 3522 2193 de-

1956 2226 2136 2289 venit,
2166 2234 2221 2278 ut
2263 2224 2593 2280 existimaret
2632 2239 2691 2281 se
2719 2241 2838 2281 esse
2869 2227 3028 2295 pluris
3071 2242 3227 2297 quam
3272 2228 3427 2297 alios,
3468 2235 3525 2283 et

1951 2314 2061 2385 jam
2090 2317 2259 2384 majus
2291 2316 2412 2387 quid
2440 2317 2710 2385 possidere
2732 2334 2888 2388 quam
2916 2319 3002 2373 alii
3032 2319 3302 2383 homines;
3325 2330 3521 2377 etcum

1958 2408 2075 2462 talis
2102 2416 2274 2472 esset,
2299 2407 2407 2476 jam
2439 2407 2688 2475 deinceps
2719 2407 2771 2461 in
2808 2407 2987 2477 seipse
3029 2407 3209 2461 habuit
3248 2407 3519 2462 fiduciam.

1956 2498 2017 2555 Ei
2067 2514 2193 2569 ergo
2229 2498 2462 2568 gignitur
2500 2498 2636 2552 haud
2680 2498 2749 2552 ita
2800 2498 2886 2552 diu
2936 2508 3053 2566 post
3099 2501 3323 2567 primum
3358 2513 3517 2566 parva

1953 2590 2193 2659 quaedam
2222 2591 2381 2644 animi
2410 2591 2679 2657 remissio,
2706 2600 2852 2645 utne
2872 2590 3138 2644 videretur
3160 2590 3373 2658 quidem
3399 2604 3520 2645 esse

1955 2679 2219 2734 remissio.
2251 2679 2452 2735 Deinde
2489 2683 2656 2735 oritur
2701 2682 2869 2749 major
2912 2682 3250 2753 negligentia,
3279 2695 3397 2749 quze
3424 2680 3520 2735 de-

1953 2769 2078 2826 inde
2115 2785 2347 2839 eousque
2378 2786 2653 2840 progressa
2680 2780 2760 2825 est
2788 2782 2844 2827 ut
2871 2773 3188 2835 sentiretur;
3219 2786 3338 2825 nam
3365 2779 3423 2825 et
3448 2784 3516 2825 ex

1953 2875 2141 2915 somno
2181 2861 2379 2915 tardius
2409 2861 2657 2930 surgebat
2684 2864 2749 2915 ad
2798 2862 3043 2932 hymnos,
3073 2870 3127 2916 et
3153 2869 3304 2916 erant
3333 2874 3520 2932 preces

1954 2953 2109 3019 paulo
2137 2952 2435 3018 otiosiores,
2470 2965 2567 3005 nec
2598 2952 2821 3022 hymnus
2849 2953 2983 3006 adeo
3015 2953 3278 3021 prolixus,
3310 2962 3365 3005 et
3392 2950 3520 3007 dicit

1952 3044 1998 3096 ei
2029 3043 2202 3096 anima
2230 3058 2288 3097 se
2321 3044 2458 3097 velle
2488 3042 2840 3113 requiescere,
2868 3052 2922 3099 et
2951 3059 3101 3099 mens
3131 3047 3180 3099 ei
3212 3046 3431 3109 annuit;
3461 3052 3518 3099 et

1953 3135 2277 3190 ﬂuctuabant
2300 3145 2354 3190 et
2393 3139 2717 3204 vagabantur
2745 3136 2798 3192 ei
2825 3138 3191 3206 cogitationes,
3218 3127 3273 3192 et
3292 3136 3401 3205 jam
3427 3150 3520 3191 oc-

282 3208 435 3263 valrlc
464 3209 889 3281 desperaverant,
921 3213 1084 3267 bonas
1116 3213 1353 3267 actiones
1380 3215 1609 3281 aggressi
1638 3213 1765 3277 sint,
1792 3222 1846 3267 et
1874 3208 1919 3269 C
1948 3243 1963 3279 ι

1836 3222 1846 3267 ι
1874 3208 1919 3269 (ἶ
1948 3226 2089 3281 culte
2114 3226 2311 3297 aliquid
2352 3228 2571 3282 absurdi
2614 3228 2983 3283 meditabatur.
3025 3228 3131 3283 Sed
3164 3229 3307 3297 prior
3333 3241 3517 3282 assue-

284 3310 345 3350 se
374 3309 519 3352 recte
561 3302 857 3367 gesserint,
889 3301 1068 3370 eisque
1116 3301 1306 3355 factum
1338 3313 1419 3356 est
1445 3303 1496 3357 id
1536 3303 1673 3373 quod
1718 3303 1846 3359 dicit

284 3388 553 3457 Scriptura
588 3406 601 3442 :
633 3388 820 3445 Omnis
848 3392 938 3461 qui
982 3392 1213 3461 seipsum
1254 3393 1494 3447 bumiliat
1530 3394 1847 3449 exaltabitur

285 3476 461 3545 (Luce
488 3480 617 3548 xlv).
644 3480 914 3550 Praecipue
936 3498 1080 3553 ergo,
1104 3497 1137 3537 ο
1164 3484 1275 3550 lilii,
1305 3498 1646 3540 exerceamus
1677 3484 1846 3539 humi-

285 3567 485 3623 litazcm
504 3609 519 3633 ,
548 3584 665 3639 quas
691 3580 775 3625 est
802 3572 1194 3627 lunatamentum
1226 3574 1450 3643 primum
1480 3575 1715 3629 omnium
1742 3576 1848 3630 vir-

286 3668 475 3713 tutum.
510 3660 669 3716 Nobis
696 3672 870 3717 autem
900 3664 1121 3718 multum
1151 3678 1360 3734 quoque
1384 3664 1593 3720 confert
1618 3665 1847 3721 solitudo

285 3748 489 3816 longior
514 3763 568 3805 et
591 3752 863 3807 remotior.

844 3865 1064 3921 CAPUT
1104 3866 1313 3933 XLVI.
1350 3908 1353 3909 ν

283 3975 400 4027 Alia
431 3976 659 4029 narratio
687 3977 878 4031 abbatis
904 3979 1140 4043 Joannis,
1168 3980 1229 4031 de
1248 3996 1304 4033 eo
1329 3982 1414 4047 qui
1445 3982 1635 4049 lapsus,
1667 3981 1846 4034 ductus

860 4060 931 4102 est
959 4050 1272 4118 paenitentia.

355 4135 476 4191 Fuit
500 4139 640 4191 enim
671 4138 806 4192 alius
849 4154 1057 4208 quoque
1090 4140 1379 4195 monachus
1408 4141 1496 4209 qui
1543 4141 1844 4195 ulteriorem

282 4237 565 4295 occuparat
611 4229 984 4294 solitudinem,
1028 4242 1078 4283 et
1120 4231 1297 4285 multis
1337 4233 1492 4286 annis
1530 4248 1590 4288 se
1630 4243 1771 4288 recte
1797 4244 1851 4288 et

281 4333 348 4372 ex
392 4320 583 4373 virtute
627 4329 864 4387 gesserat
911 4320 1105 4390 (lium,
1132 4322 1219 4375 lib.
1248 4338 1314 4388 tt,
1341 4338 1454 4392 cap.
1486 4323 1563 4391 l).
1593 4324 1691 4391 Qui
1722 4340 1842 4377 cum

281 4420 425 4464 esset
461 4409 712 4481 deinceps
754 4414 904 4466 senio
946 4413 1237 4478 conlectus,
1270 4415 1567 4468 tentabatur
1594 4430 1622 4467 a
1651 4416 1850 4468 demo-

285 4517 409 4554 nnm
456 4502 678 4557 insidiis.
725 4504 1006 4558 Silentium
1054 4506 1197 4559 enim
1240 4506 1391 4559 valde
1436 4506 1848 4575 amplectebatur

1950 3316 2110 3370 [actio
2140 3317 2311 3371 adhuc
2335 3318 2739 3373 exercitatorem
2769 3318 3161 3388 quodammodo
3190 3317 3517 3384 abducebat,

1946 3406 2106 3460 veluti
2130 3407 2340 3475 quidam
2366 3417 2539 3461 motus
2561 3421 2627 3462 ex
2658 3408 2817 3477 priori
2844 3406 2935 3462 illa
2960 3406 3287 3473 incitatione,
3312 3414 3367 3462 et
3388 3420 3511 3463 eum

1949 3494 2160 3549 interim
2188 3496 2554 3551 conservabat.
2581 3496 2647 3551 Et
2668 3496 2951 3567 aliquando
2975 3507 3097 3568 post
3120 3498 3306 3552 solitas
3332 3511 3520 3568 preces

1948 3587 2218 3658 ingressus
2238 3602 2479 3656 vespere,
2511 3588 2709 3643 invenit
2738 3603 2926 3657 panem
2951 3602 3113 3657 super
3138 3601 3397 3652 mensam,
3420 3587 3511 3656 qui

1949 3678 1997 3731 ei
2040 3676 2470 3745 suppeditabatur
2510 3676 2785 3741 divinitus,
2814 3685 2869 3732 et
2894 3691 2954 3731 se
2996 3676 3199 3731 refecit.
3231 3675 3354 3743 Quo
3382 3683 3516 3731 tem-

1952 3784 2079 3835 pore
2104 3782 2201 3822 nec
2226 3768 2342 3821 illas
2363 3768 2717 3822 exsecrabiles
2738 3768 2931 3837 abiecit
2949 3766 3315 3836 cogitationes,
3340 3780 3514 3832 neque

1953 3858 2215 3926 reputavit
2256 3858 2484 3911 animam
2518 3858 2640 3911 lmdi
2670 3872 2700 3910 a
2728 3857 3143 3923 contemptione,
3176 3870 3348 3924 neque
3385 3869 3517 3909 cor:-

1953 3963 2136 4002 varsus
2161 3960 2242 4001 est
2270 3948 2335 4001 ad
2381 3950 2717 4017 quaerendam
2750 3948 2873 4001 mali
2916 3948 3269 4010 curationem;
3302 3946 3392 4001 sed
3424 3960 3518 4013 pa-

1950 4057 2066 4095 rum
2108 4041 2261 4094 duxit
2307 4054 2488 4109 parum
2516 4042 2701 4094 abesse
2732 4040 3011 4106 quominus
3057 4037 3324 4093 excideret
3351 4036 3418 4090 ab
3449 4034 3514 4089 iis

1950 4150 2067 4204 quas
2094 4134 2247 4189 decet
2291 4134 2483 4188 lacere.
2530 4135 2697 4188 Amor
2732 4134 2906 4202 itaque
2934 4131 3232 4201 cupiditatis
3271 4144 3391 4184 eum
3432 4143 3518 4182 ra-

1952 4234 2100 4294 ptum
2132 4225 2452 4294 cogitatione
2480 4224 2532 4276 in
2582 4225 2847 4291 regionem
2888 4223 3110 4276 abduxit
3154 4221 3515 4275 habitabilem.

1951 4314 2086 4369 Cum
2112 4331 2171 4369 se
2201 4323 2376 4369 tamen
2408 4315 2616 4367 interim
2660 4314 2988 4368 cohibuisset
3022 4312 3073 4366 in
3103 4312 3243 4367 diem
3283 4325 3516 4378 sequen-

1954 4414 2092 4471 tem,
2126 4404 2188 4457 ad
2220 4413 2525 4457 consuetam
2573 4417 2860 4456 conversus
2902 4400 3367 4466 exercitationem,
3398 4413 3517 4453 cum

1953 4503 2159 4548 orasset
2203 4504 2256 4548 et
2300 4494 2525 4563 hymnos
2569 4493 2825 4557 dixisset,
2864 4492 3131 4560 ingressus
3176 4492 3518 4558 speluncam,

286 4592 626 4655 exercitator,
658 4601 712 4646 et
756 4594 810 4647 in
859 4594 1185 4648 orationibus
1220 4604 1275 4649 et
1323 4596 1533 4664 hymnis
1576 4606 1629 4651 et
1670 4598 1847 4651 multis
1876 4570 1967 4639 Di

1837 4615 1847 4651 ε
1876 4570 1928 4630 Ι)
1955 4586 2152 4639 invenit
2182 4585 2392 4654 quidem
2424 4600 2611 4653 panem
2642 4584 2742 4639 sibi
2768 4584 3100 4653 appositum,
3132 4584 3223 4637 sed
3268 4598 3370 4635 non
3413 4591 3518 4635 tam

287 4683 819 4750 eontemplationibns
844 4684 984 4738 diem
1010 4685 1350 4754 transigebat,
1375 4694 1429 4740 et
1451 4686 1678 4740 visiones
1702 4702 1852 4755 quas-

287 4772 408 4825 dam
437 4772 643 4827 divinas
680 4774 822 4827 clare
851 4774 1090 4838 videbat,
1125 4776 1315 4843 partim
1359 4776 1571 4844 quidem
1603 4779 1845 4846 vigilans,

288 4864 475 4929 partim
505 4878 630 4918 vero
656 4865 812 4917 etiam
843 4865 895 4917 in
923 4866 1153 4930 somnis;
1187 4876 1238 4919 et
1263 4868 1434 4920 somni
1470 4868 1848 4935 propemodum

286 4966 479 5021 expers
509 4954 783 5007 tenebatur
803 4970 832 5007 a
858 4954 959 5007 vita
990 4957 1319 5024 incorporea,
1349 4974 1452 5010 non
1478 4966 1671 5011 terram
1704 4960 1849 5025 plan-

293 5053 430 5103 tans,
473 5056 641 5110 neque
687 5044 853 5095 victus
893 5044 1047 5096 ullam
1090 5060 1268 5099 curam
1313 5061 1526 5114 gerens,
1578 5062 1749 5114 neque
1794 5046 1850 5100 in

293 5130 483 5195 plantis
513 5146 754 5198 qumrens
783 5133 922 5199 quod
964 5135 1140 5201 egenti
1186 5135 1443 5201 praeberet
1483 5137 1711 5203 corpori.
1746 5136 1850 5190 Sed

289 5234 463 5287 neque
490 5222 669 5272 avium
710 5222 988 5288 aucupium
1008 5262 1021 5286 ,
1054 5237 1225 5290 neque
1256 5222 1418 5276 ullum
1448 5223 1643 5276 animal
1676 5238 1854 5291 perse-

288 5310 578 5376 quebatur;
612 5310 704 5361 sed
737 5308 926 5363 ﬁducia
957 5312 1161 5378 plenus,
1196 5326 1261 5365 ex
1291 5328 1394 5381 quo
1425 5327 1486 5365 ex
1518 5312 1734 5381 regione
1763 5313 1855 5366 ba-

288 5400 491 5454 bitabili
524 5401 646 5454 illuc
687 5402 965 5469 migrarat,
1008 5402 1207 5465 nullam
1246 5402 1471 5469 habebat
1510 5402 1766 5458 rationem
1797 5413 1854 5458 ut

286 5491 338 5547 ei
371 5500 705 5558 permaneret
725 5506 917 5560 corpus
938 5493 1191 5545 nutritum
1212 5532 1228 5555 ,
1254 5493 1347 5546 sed
1374 5494 1610 5547 omnium
1636 5494 1850 5561 oblitus,

289 5597 348 5635 se
380 5582 612 5651 perfecto
636 5582 927 5635 sustinebat
955 5584 1004 5635 in
1042 5583 1205 5635 Deum
1232 5581 1514 5647 desiderio,
1542 5596 1856 5651 exspectans

292 5672 658 5735 vocationem,
687 5682 740 5725 et
783 5687 845 5724 ex
892 5670 992 5725 hcc
1032 5672 1228 5725 mundo
1273 5672 1674 5741 migrationem;
1705 5682 1758 5728 et
1802 5682 1858 5726 ut

291 5763 579 5827 plurimum
663 5760 880 5832 quidem
976 5761 1221 5817 alebatur
1295 5761 1646 5817 delectatione
1672 5776 1852 5817 eorum

1955 4678 2241 4746 diligenter
2259 4677 2577 4741 confectum,
2611 4691 2708 4730 nec
2745 4682 2851 4729 tam
2884 4691 3097 4742 purmn,
3124 4676 3215 4729 sed
3249 4675 3519 4728 sordidum

1956 4780 2008 4823 et
2033 4768 2377 4836 inquinatum.
2402 4767 2499 4833 Qui
2524 4767 2621 4821 etsi
2643 4775 2784 4820 esset
2812 4766 2862 4818 id
2890 4764 3201 4829 admiratus,
3226 4774 3280 4819 et
3306 4763 3518 4816 tristitia

1957 4860 2196 4927 affectus,
2220 4858 2443 4925 sumpsit
2469 4868 2644 4913 tamen
2661 4899 2675 4924 ,
2698 4866 2753 4911 et
2771 4872 2828 4912 se
2851 4857 3055 4912 refecit.
3080 4856 3345 4911 Successit
3369 4854 3520 4909 tertia

1960 4964 2097 5013 nox,
2129 4961 2183 5002 et
2230 4948 2417 5015 triplex
2466 4950 2662 5000 malum
2710 4946 2930 4999 addidit.
2968 4947 3172 4999 Etenim
3212 4960 3363 4998 mens
3405 4946 3521 5009 ejus

1958 5040 2064 5092 cito
2094 5040 2279 5105 irrupit
2307 5042 2359 5091 in
2399 5038 2766 5107 cogitationes.
2809 5038 2881 5090 Ita
2913 5046 3086 5091 autem
3115 5046 3230 5091 erat
3260 5036 3309 5090 ei
3334 5036 3521 5090 an’ecta

1962 5130 2233 5197 memoria,
2260 5138 2317 5184 ut
2342 5129 2609 5185 videretur
2639 5146 2746 5184 una
2769 5145 2888 5184 cum
2931 5143 2997 5184 eo
3036 5128 3225 5183 adesse
3253 5129 3441 5181 femina
3468 5136 3523 5181 et

1960 5222 2117 5276 simul
2157 5222 2492 5284 accumbere,
2521 5230 2578 5276 et
2602 5237 2719 5276 eam
2748 5235 2860 5275 rem
2892 5219 3120 5273 habebat
3145 5220 3197 5272 iu
3244 5218 3430 5283 oculis,
3464 5226 3520 5272 et

1959 5327 2077 5367 eam
2108 5313 2267 5365 veluti
2296 5310 2471 5367 facere
2513 5312 2905 5380 perseverabat.
2937 5310 3195 5381 Egressus
3235 5321 3410 5365 tamen
3440 5319 3525 5367 est

1962 5402 2117 5457 tertio
2143 5416 2352 5470 quoque
2374 5402 2460 5456 die
2486 5402 2553 5455 ad
2579 5418 2733 5471 opus,
2763 5410 2817 5456 et
2843 5416 3048 5469 preces,
3071 5410 3125 5455 et
3153 5401 3399 5471 hymnos,
3427 5400 3521 5453 sed

1960 5506 2067 5573 non
2102 5491 2301 5545 habens
2340 5494 2567 5562 amplius
2611 5492 2833 5546 mandas
2875 5493 3245 5559 cogitationes,
3272 5490 3367 5543 sed
3415 5491 3523 5544 irc-

1915 5608 1919 5611 -
1959 5590 2186 5648 quenter
2208 5595 2522 5647 conversus,
2550 5582 2601 5635 in
2633 5581 2799 5636 altum
2828 5582 3045 5636 tollebat
3069 5582 3272 5646 oculos,
3295 5596 3389 5635 eos
3420 5581 3521 5635 huc

1957 5682 2008 5725 et
2036 5671 2162 5723 illnc
2205 5679 2485 5739 torquens;
2518 5672 2633 5741 ejus
2662 5672 2804 5728 enim
2852 5672 3129 5742 pulchrum
3175 5686 3310 5740 opus
3355 5672 3523 5726 inter-

1959 5761 2271 5832 rumpebant
2302 5763 2569 5818 memoriai
2594 5765 2988 5834 cogitationum.
3017 5762 3251 5833 Vespere
3276 5776 3405 5830 ergo
3432 5774 3520 5817 re-
