4258 6358
766 394 901 451 Ηῖτ

2216 382 2437 438 PALLA
2450 383 2539 440 Dll

3870 381 4002 441 1498

762 531 948 572 versus
975 531 1107 585 pane
1131 515 1389 587 indigens,
1416 515 1561 572 illum
1585 516 1795 585 quidem
1821 514 2021 570 invenit
2050 516 2100 567 in
2128 526 2332 574 mensa,
2364 512 2414 569 Δ
2442 526 2535 565 nes
2564 519 2657 565 aut
2685 510 2949 575 homines,
2974 512 3124 565 vobis
3152 518 3566 565 assentantes‘et
3609 506 3907 571 laudantes,
3942 522 4008 563 ne

763 608 923 662 veluti
952 620 1223 660 corrosum
1256 621 1283 656 a
1317 606 1553 660 muribus
1583 614 1673 659 aut
1701 605 1941 666 canibus,
1975 614 2029 657 et
2059 602 2185 656 foris
2227 603 2329 655 sic-

763 714 854 752 cas
892 697 1145 767 quasdam
1194 698 1462 763 reliquias.
1497 698 1646 750 Tunc
1694 697 1990 765 ingemiscit
2036 694 2247 762 quidem
2278 702 2332 745 et

766 786 1103 853 lacrymatur,
1133 784 1224 838 sed
1250 800 1352 836 non
1383 796 1634 851 quantum
1668 785 1795 836 satis
1818 793 1957 836 esset
1988 782 2051 834 ad
2077 794 2329 834 coercen-

766 875 883 926 dam
910 874 1214 942 nequitiam.
1240 874 1576 940 Nutritusque
1601 889 1703 925 non
1730 884 1978 941 quantum
2011 870 2241 932 volebat.
2271 884 2329 925 se

767 964 983 1028 parabat
1022 964 1084 1018 ad
1116 964 1367 1034 quietem.
1414 964 1547 1017 Eum
1590 976 1762 1019 autem
1797 964 2081 1017 acervatim
2117 964 2325 1015 invase-

766 1064 887 1108 runt
915 1055 1275 1124 cogitatioaes,
1302 1071 1421 1109 eum
1446 1056 1673 1124 undique
1697 1055 2112 1115 circumdantcs;
2141 1063 2193 1105 ct
2214 1051 2329 1119 ejus

764 1154 993 1198 mentem
1023 1154 1328 1215 Oppugnant
1350 1187 1363 1209 ,
1396 1156 1447 1201 et
1474 1148 1737 1214 captivum
1770 1146 1943 1197 statim
1990 1144 2042 1196 in
2075 1141 2326 1195 mundum

766 1236 1051 1291 abducunt.
1083 1236 1315 1306 Surgens
1344 1246 1519 1290 autem
1565 1237 1659 1290 ivit
1686 1250 1867 1289 versus
1912 1234 2179 1302 regionem
2209 1246 2328 1300 qua:

776 1326 1059 1390 habitatur,
1086 1327 1380 1396 ingrediens
1405 1338 1561 1380 noctu
1591 1341 1682 1394 per
1700 1325 2059 1379 solitudinem.
2083 1321 2211 1376 Cum
2236 1336 2327 1375 au-

768 1428 871 1468 tem
895 1417 1005 1470 dies
1029 1432 1146 1470 eum
1168 1416 1629 1485 apprehendisset,
1662 1423 1714 1468 et
1736 1430 1852 1481 qua:
1883 1413 2147 1467 habitatur
2181 1412 2327 1480 regio

766 1507 937 1560 adhuc
967 1508 1146 1577 procul
1176 1508 1405 1570 abesset,
1432 1516 1485 1560 et
1513 1521 1631 1560 eum
1658 1514 1816 1557 trstus
1842 1502 2117 1571 afﬂigeret,
2144 1500 2329 1555 delatio

768 1604 922 1663 gatus
966 1606 1066 1649 est.
1101 1596 1460 1664 Undequaquc
1488 1605 1661 1648 autem
1686 1595 1737 1646 in
1768 1594 1948 1647 orbem
1988 1593 2327 1647 considerans

767 1689 1152 1758 circumspicit,
1185 1704 1248 1741 an
1281 1688 1471 1740 alicubi
1511 1692 1789 1755 appareret
1832 1685 2239 1747 monasterium,
2274 1684 2325 1738 in

768 1778 907 1846 quod
930 1780 1197 1845 ingressus
1221 1778 1595 1845 requiesceret.
1620 1776 1769 1843 Quod
1794 1775 1949 1828 etiam
1972 1774 2180 1839 accidit,
2206 1789 2326 1829 eum

2430 603 2508 655 eis
2533 604 2783 671 parcatis,
2810 617 2908 657 nec
2935 611 3116 657 mente
3145 601 3437 657 cfferamini
3474 619 3485 653 :
3525 617 3645 653 nam
3670 615 3755 654 me
3794 615 4007 668 quoque

2432 709 2575 762 stupe
2602 705 2759 748 noctu
2801 696 2879 748 sic
2919 693 3244 762 deceperunt
3269 692 3570 757 dmmones;
3615 705 3669 747 et
3705 707 3880 759 neque
3925 707 4008 745 me

2431 785 2673 838 sinebant
2696 800 2871 847 orare,
2905 799 3002 839 nec
3026 785 3325 853 quiescere,
3378 784 3632 853 quasdam
3664 785 3793 836 mihi
3828 783 3998 850 phan-

2434 875 2600 927 tasias
2632 875 2928 943 praebentes
2954 882 3058 927 tota
3084 884 3257 936 nocte,
3277 886 3329 928 ct
3358 890 3513 927 mane
3555 872 3835 927 iiludentes
3862 872 4006 925 humi

2438 965 2882 1033 procumbebant,
2919 964 3187 1019 dicentes:
3215 963 3465 1017 Condona
3485 960 3655 1027 nobis,
3684 963 3843 1026 abba,
3864 966 4005 1030 quod

2435 1056 2531 1108 tibi
2564 1054 2771 1109 labores
2798 1054 3119 1121 przebuimus
3150 1062 3257 1108 tota
3286 1064 3464 1109 nocte.
3522 1054 3629 1122 Ego
3658 1061 3833 1106 autem
3866 1052 4008 1105 dicc-

2432 1146 2550 1200 bam
2584 1145 2732 1200 illis:
2764 1145 3033 1199 Discedite
3054 1160 3081 1197 a
3108 1160 3192 1199 me
3217 1160 3404 1200 omnes
3453 1146 3543 1214 qui
3584 1145 3878 1212 operamini
3912 1142 4008 1196 ini.

2431 1237 2682 1305 quitatem
2726 1224 2902 1305 (βίαι.
2925 1235 3031 1306 vn);
3062 1251 3127 1289 ne
3156 1235 3366 1289 tentetis
3395 1249 3605 1288 srrvum
3636 1233 3861 1287 Domini.

2500 1328 2677 1393 Quare
2706 1342 2800 1381 vos
2834 1342 3066 1395 quoque,
3098 1340 3130 1380 ο
3177 1325 3291 1389 filii,
3326 1326 3557 1393 quietem
3590 1322 4007 1391 persequamini,

2433 1432 2526 1471 vos
2556 1433 2771 1484 semper
2800 1427 3117 1472 exercentes
3150 1418 3213 1470 ad
3270 1416 3797 1484 contemplationem,
3829 1424 3888 1467 ut
3917 1430 4009 1481 pn-

2446 1522 2557 1559 ram
2608 1506 2923 1573 possiuleatis
2954 1515 3209 1569 mentem,
3244 1506 3407 1560 Deum
3458 1515 3726 1573 rogantes.
3759 1504 3889 1558 Nam
3922 1504 4008 1558 ille

2430 1614 2642 1668 quoque
2672 1612 2749 1655 est
2779 1600 2948 1653 bonus
2972 1602 3309 1665 exercitator,
3343 1598 3431 1668 qui
3480 1598 3692 1651 assidue
3724 1600 3775 1651 in
3808 1597 4008 1651 mundo

2432 1701 2741 1758 exercetur,
2774 1700 2827 1745 et
2849 1692 2902 1744 in
2937 1693 3177 1745 honestis
3223 1702 3511 1758 occupatur
3542 1692 3838 1744 artinnibus
3867 1708 3880 1741 :
3920 1691 4006 1758 qui

2436 1780 2825 1834 humanitatem
2857 1780 3085 1835 ostendit
3105 1789 3158 1834 et
3180 1780 3539 1843 clementiam,
3570 1779 4007 1848 hospitalitatem-

767 1868 1477 1936 excipientlbusquibusdam
1504 1866 1599 1934 piis
1617 1880 1667 1921 et
1690 1866 1933 1920 fidelibus
1952 1866 2218 1928 fratribus,
2239 1864 2329 1932 qui
2363 1878 2407 1937 Β
2435 1886 2536 1940 que
2564 1879 2619 1924 et
2638 1870 2975 1933 rharitatem,
3002 1880 3055 1923 et
3088 1870 3208 1923 fecit
3234 1871 3621 1939 eleemosynas,
3646 1878 3696 1922 et
3719 1869 3854 1922 bene
3882 1868 4007 1923 facit

767 1974 886 2010 cum
936 1972 1052 2010 eum
1094 1966 1341 2025 tanquam
1383 1966 1585 2025 patrem
1615 1970 1922 2023 germanum
1968 1956 2328 2021 aspexissent,

768 2052 967 2101 vultum
998 2049 1112 2116 ejus
1131 2058 1184 2102 et
1208 2050 1362 2116 pedes
1394 2050 1657 2111 laverunt;
1686 2059 1734 2102 et
1758 2062 1877 2101 cum
1898 2055 2157 2110 orassent,
2184 2061 2331 2099 men-

768 2156 878 2196 smn
908 2145 1291 2207 apposuerunt,
1320 2147 1375 2191 et
1417 2150 1665 2205 rogarunt
1696 2146 1751 2189 ut
1777 2151 1894 2205 qua:
1917 2145 2066 2189 erant
2093 2138 2327 2203 appositi

767 2242 1000 2286 sumeret
1024 2244 1141 2283 cum
1170 2229 1444 2283 cliaritate.
1479 2227 1755 2297 Postquam
1802 2236 1975 2280 autem
2008 2240 2064 2279 sc
2114 2224 2325 2288 refecit,

772 2321 1101 2382 postularunt
1122 2318 1307 2373 fratres
1324 2326 1382 2372 ut
1403 2318 1616 2373 verbum
1639 2317 1818 2369 salutis
1842 2317 1906 2369 ab
1920 2330 1985 2369 eo
2007 2316 2325 2383 acciperent,

767 2424 821 2468 ct
852 2427 1077 2481 quanam
1117 2412 1320 2466 ratione
1352 2418 1561 2475 possent
1590 2410 1787 2463 servari
1818 2425 1845 2461 a
1875 2408 2074 2475 laqueis
2102 2405 2325 2467 diaboli,

770 2514 823 2558 et
858 2503 1296 2573 quemadmodum
1335 2511 1646 2571 superarent
1676 2514 1856 2568 turpes
1884 2498 2248 2568 cogitationes.
2281 2495 2329 2549 ls

769 2607 943 2651 autem
966 2596 1106 2665 ipsos
1122 2605 1367 2665 tanquam
1387 2602 1532 2663 pater
1549 2594 1685 2647 filios
1697 2592 2010 2653 admonens,
2027 2589 2329 2642 hortabatur

769 2698 825 2741 ut
852 2700 1029 2744 essent
1052 2690 1212 2746 fortes
1238 2699 1291 2745 et
1316 2697 1623 2743 constantes
1653 2688 1704 2741 in
1738 2686 2024 2750 laboribus,
2051 2693 2107 2738 ut
2132 2684 2221 2751 qui
2245 2697 2330 2737 es-

772 2789 889 2833 sent
922 2780 1075 2845 paulo
1114 2790 1231 2849 post
1270 2781 1321 2833 in
1371 2793 1573 2832 summa
1622 2779 1796 2847 quiete
1827 2776 2139 2831 collocandi.
2170 2775 2327 2828 Multa

771 2884 978 2937 quoque
1016 2871 1114 2924 alia
1146 2886 1263 2924 cum
1297 2872 1373 2923 eis
1418 2871 1687 2924 disserens
1715 2869 1780 2922 de
1808 2866 2211 2929 exercitatione,
2238 2878 2331 2921 eos

775 2960 929 3014 valde
954 2960 1108 3027 juvit.
1137 2960 1264 3013 Cum
1293 2969 1465 3013 autem
1495 2965 1758 3012 cessasset
1779 2957 1844 3009 ab
1865 2955 2243 3019 admonitione,
2276 2963 2332 3007 et

772 3064 829 3103 se
860 3064 1042 3117 parum
1073 3048 1456 3118 recollegisset,
1490 3047 1855 3101 considerabat
1886 3042 2327 3112 quemadmodum

774 3143 905 3195 alios
934 3142 1243 3205 admonens,
1276 3156 1333 3196 se
1363 3156 1465 3194 non
1498 3138 1745 3193 monebat
1790 3151 1886 3191 nec
1915 3135 2243 3202 corrigebat;
2276 3143 2328 3187 et

2438 1958 2869 2024 advenientibus,
2903 1970 2953 2013 et
2985 1974 3137 2027 opem
3173 1958 3275 2013 fcrt
3301 1959 3682 2025 laborantibus,
3715 1968 3767 2011 et
3792 1973 3985 2027 penua-

2438 2058 2530 2102 nct
2551 2052 2683 2104 citra
2714 2051 2871 2103 ullam
2904 2050 3271 2104 oﬂens‘onetn.
3316 2050 3408 2104 Est
3438 2049 3648 2116 quidem
3679 2049 3763 2103 hic
3786 2060 4005 2118 quoque

2433 2142 2587 2194 valde
2639 2140 2839 2205 bonus;
2888 2150 3127 2194 versatur
3166 2141 3307 2195 enim
3354 2141 3405 2193 in
3427 2142 3633 2194 actione
3661 2150 3714 2194 et
3741 2148 4004 2209 praecepta

2436 2230 2779 2299 exsequitur;
2813 2231 2905 2285 sed
2930 2233 2980 2284 in
3007 2231 3163 2285 rebus
3188 2230 3412 2284 terrenis
3438 2239 3740 2299 occupatur.
3776 2231 3867 2283 llis
3888 2232 4005 2299 qui-

2434 2320 2553 2373 dcm
2605 2330 2749 2374 certe
2795 2321 3131 2389 prazstantior
3158 2330 3240 2374 cst
3263 2331 3316 2374 et
3355 2321 3522 2388 major
3552 2321 3640 2386 qui
3674 2331 3920 2395 versatur
3950 2320 4003 2374 in

2431 2414 2903 2482 contemplatione,
2939 2416 3025 2484 qui
3058 2430 3086 2467 a
3117 2415 3274 2469 rebus
3300 2416 3516 2483 agendis
3552 2430 3609 2470 sc
3658 2415 3911 2469 transfert
3938 2417 4002 2469 ad

2435 2504 2863 2573 intelligentiam,
2894 2520 2985 2560 eas
3014 2522 3096 2559 res
3125 2506 3244 2561 aliis
3289 2507 3595 2575 relinquens
3622 2506 4001 2574 providendas,

2431 2595 2543 2660 ipse
2575 2608 2751 2649 autem
2783 2605 2834 2649 et
2855 2596 3033 2664 seipso
3057 2598 3338 2665 abnegato,
3366 2606 3418 2650 et
3448 2598 3525 2649 sui
3554 2595 3765 2657 oblitus,
3796 2605 4002 2649 scruta-

2431 2695 2515 2739 tur
2535 2686 2793 2753 cmlestia,
2820 2686 2927 2740 Deo
2951 2687 3184 2739 omnium
3208 2688 3411 2740 solutus
3444 2694 3498 2739 et
3521 2685 3800 2754 expeditus
3837 2686 4001 2737 assis-

2432 2786 2567 2839 tens,
2597 2791 2625 2829 a
2657 2776 2799 2829 nulla
2830 2790 3007 2830 autem
3037 2777 3135 2829 alia
3165 2790 3290 2829 cura
3342 2785 3486 2829 retro
3516 2776 3747 2829 avulsus.
3791 2776 3891 2841 Qui
3919 2787 4002 2828 est

2429 2871 2572 2923 enim
2620 2870 2939 2936 hujusmodi,
2984 2885 3087 2923 una
3117 2886 3235 2923 cum
3285 2872 3393 2923 Deo
3416 2869 3579 2938 degit,
3608 2886 3709 2922 una
3738 2884 3858 2922 cum
3894 2868 4003 2922 Deo

2432 2970 2697 3026 versatur,
2716 2961 2944 3015 assiduis
2976 2960 3185 3030 hymnis
3222 2960 3383 3013 Deum
3410 2973 3621 3026 semper
3660 2959 3961 3011 celebrans.

2502 3050 2633 3105 Novi
2666 3051 2805 3105 enim
2838 3066 2936 3120 ego
2962 3050 3229 3104 hominem
3258 3050 3310 3103 in
3339 3049 3648 3111 solitudine,
3676 3049 3763 3119 qui
3813 3048 4001 3101 decem

2433 3156 2602 3195 annos
2624 3142 2724 3194 cibi
2751 3140 2945 3194 terreni
2973 3140 3102 3194 nihil
3127 3139 3377 3209 gustavit,
3406 3140 3498 3195 sed
3526 3140 3571 3194 ei
3597 3141 3814 3208 angelus
3842 3151 3915 3193 te:
3933 3141 4005 3192 lio

775 3245 833 3284 se
861 3244 979 3285 esse
1006 3233 1196 3286 victum
1226 3230 1540 3299 intelligens,
1566 3244 1720 3283 cursu
1743 3240 1926 3281 rursus
1953 3225 2107 3280 rediit
2134 3225 2184 3278 in
2214 3224 2329 3279 soli—
2355 3228 2400 3288 C
2434 3246 2644 3301 quoque
2666 3230 2751 3285 die
2774 3232 3045 3285 unlestcm
3092 3230 3267 3284 cibum
3298 3230 3366 3284 ad
3414 3245 3533 3285 eum
3567 3229 3831 3284 afferebat
3873 3241 3929 3285 et
3958 3232 4005 3283 ei

773 3319 1033 3385 tudinem,
1060 3312 1288 3389 seipsu'm
1336 3320 1557 3387 deﬂens,
1586 3329 1638 3373 et
1666 3319 1887 3373 dicens:
1918 3316 2027 3370 Nisi
2063 3315 2183 3383 quia
2229 3314 2328 3367 Do-

774 3411 945 3465 minus
983 3412 1109 3465 milii
1138 3426 1290 3478 opem
1340 3411 1574 3476 tulisset,
1611 3409 1985 3479 prOpemodum
2024 3408 2075 3460 iit
2118 3406 2328 3461 inferno

776 3502 1059 3555 habitasset
1087 3502 1261 3555 anima
1293 3516 1406 3555 mea
1428 3500 1595 3570 (Psal.
1624 3502 1786 3568 xmx).
1841 3498 2225 3567 Propemodum
2276 3496 2329 3550 in

776 3603 933 3641 omne
955 3588 1145 3642 malum
1167 3604 1282 3643 sum
1307 3589 1570 3651 redactus,
1596 3587 1976 3657 propemodum
2003 3600 2088 3639 me
2112 3586 2163 3639 in
2190 3594 2333 3639 terra

778 3675 1570 3733 oonfecerunt.Etineofactum
1618 3683 1704 3733 est
1761 3676 1903 3747 quod
1962 3674 2165 3730 dictum
2220 3683 2330 3731 est:

780 3765 962 3820 Frater
989 3768 1074 3835 qui
1103 3783 1133 3821 a
1166 3767 1326 3821 fratre
1354 3766 1652 3836 adjuvatur,
1680 3773 1762 3820 est
1790 3774 2037 3833 tanquam
2066 3763 2191 3816 urbs
2217 3778 2333 3816 mu-

776 3860 879 3913 nita
912 3869 965 3911 et
1006 3860 1235 3923 excelsa,
1277 3871 1330 3914 et
1378 3869 1624 3929 tanquam
1680 3873 1863 3912 murus
1903 3858 1991 3924 qui
2031 3872 2134 3911 non
2165 3864 2335 3925 potest

776 3967 1022 4006 corruere
1072 3952 1251 4021 (Prov.
1284 3954 1458 4023 xvm).
1501 3954 1805 4021 Quanquam
1839 3952 2032 4005 abhinc
2073 3958 2185 4004 toto
2216 3952 2334 4005 vita:

777 4052 1012 4110 tempore
1053 4043 1182 4097 luxit
1214 4053 1485 4112 perpetuo,
1521 4045 1754 4111 privatus
1798 4056 1979 4095 mensa
2022 4056 2139 4109 qua:
2170 4041 2217 4094 ei
2244 4041 2336 4093 da-

776 4134 927 4186 batur
952 4133 1222 4201 divinitus,
1252 4144 1306 4187 et
1336 4148 1519 4201 panem
1546 4147 1698 4187 suum
1724 4145 1966 4198 quaerens
1988 4144 2104 4183 eum
2132 4130 2329 4183 labore.

777 4222 904 4276 Nam
935 4237 1052 4277 cum
1084 4237 1141 4279 se
1170 4223 1219 4277 in
1260 4224 1507 4292 spelunca
1541 4222 1871 4283 inclusisset,
1903 4230 1956 4274 et
1994 4220 2091 4274 sibi
2123 4233 2334 4272 saccum

777 4324 830 4365 tl
856 4313 1088 4367 cinerem
1119 4314 1521 4379 substravisset,
1552 4330 1655 4367 non
1686 4314 1829 4381 prius
1851 4330 1879 4365 e
1909 4322 2045 4367 terra
2076 4312 2335 4375 surrexit,

777 4417 875 4458 nec
913 4407 1139 4459 cessavit
1184 4404 1333 4475 ﬂere,
1362 4421 1514 4475 quam
1549 4420 1731 4459 vocem
1777 4404 1948 4471 angeli
1997 4405 2254 4459 audiisset
2287 4404 2335 4457 ei

774 4496 1035 4549 dicentem
1078 4496 1129 4550 in
1171 4497 1413 4551 somnis:
1451 4498 1664 4565 Accepit
1704 4497 1957 4550 Dominus
1987 4503 2129 4550 tuam
2172 4497 2336 4565 paeni-

774 4583 1024 4649 tentiam,
1061 4596 1111 4639 et
1137 4589 1207 4639 tui
1234 4594 1313 4640 est
1338 4586 1610 4650 misertus;
1640 4586 1888 4653 deinceps
1918 4594 2091 4639 autem
2120 4588 2238 4639 vide
2271 4603 2334 4640 ne

777 4674 1073 4741 decipiaris.
1107 4676 1185 4729 Ad
1235 4686 1285 4729 te
1321 4676 1461 4731 enim
1507 4676 1719 4730 venient
1763 4676 1952 4729 fratres
1995 4688 2126 4742 quos
2157 4676 2336 4729 admo-

776 4765 932 4818 nuisti
955 4805 968 4827 ,
1001 4775 1051 4817 et
1082 4766 1302 4819 afferent
1341 4765 1405 4819 ad
1436 4776 1486 4819 te
1515 4766 1769 4835 eulogias,
1801 4778 1932 4833 quas
1964 4778 2081 4817 cum
2120 4778 2337 4829 accepe-

775 4856 869 4916 ris,
898 4857 1127 4909 vesceris
1157 4870 1274 4909 cum
1308 4856 1451 4924 ipsis,
1473 4866 1524 4909 et
1548 4865 1801 4925 perpetuo
1832 4855 1942 4909 Deo
1970 4869 2092 4924 ages
2119 4857 2334 4925 gratias.

847 4945 967 4999 llzec
996 4959 1121 5014 ergo
1150 4946 1296 5000 vobis
1344 4944 1572 5010 narravi,
1624 4961 1656 4999 ο
1714 4945 1827 5009 filii,
1875 4954 1931 4998 ut
1980 4944 2333 4999 humilitatem

775 5034 1093 5101 exerceatis,
1126 5050 1219 5090 seu
1254 5038 1304 5089 in
1349 5036 1543 5103 parvis,
1571 5050 1661 5090 seu
1690 5034 1741 5089 in
1774 5035 1978 5105 magnis
2003 5050 2123 5091 esse
2153 5036 2340 5090 videa-

781 5127 927 5178 mini.
961 5126 1068 5179 lloc
1097 5134 1179 5179 est
1230 5130 1371 5180 enim
1406 5127 1630 5193 primum
1664 5135 1987 5195 prmceptum
2019 5125 2336 5189 Servatoris,

786 5217 872 5281 qui
903 5215 1028 5269 dicit
1055 5234 1068 5267 :
1102 5216 1245 5270 Beati
1277 5231 1531 5284 pauperes
1561 5216 1772 5284 spiritu,
1815 5216 2065 5283 quoniam
2100 5216 2333 5283 ipsorum

784 5318 864 5358 est
891 5321 1106 5375 regnum
1131 5308 1384 5362 caelorum
1418 5308 1630 5374 (Matth.
1670 5308 1764 5377 vi).
1814 5306 1881 5361 Et
1910 5322 1975 5360 ne
2003 5307 2336 5374 decipiamini

790 5414 817 5451 a
842 5398 1190 5461 dazmonibus,
1216 5402 1302 5469 qui
1338 5402 1484 5454 vobis
1516 5399 1625 5453 visa
1656 5408 1710 5453 et
1734 5400 2036 5468 phantasias
2069 5402 2338 5467 excitant;

785 5490 876 5543 sed
899 5489 943 5545 si
968 5492 1082 5556 quis
1104 5491 1169 5547 ad
1195 5508 1287 5547 vos
1316 5494 1540 5559 venerit,
1572 5501 1665 5547 aut
1689 5494 1869 5557 frater,
1894 5503 1980 5545 aut
2002 5496 2223 5559 amicus,
2248 5505 2336 5549 aut

786 5582 995 5647 mulier,
1024 5592 1115 5637 aut
1143 5592 1313 5652 pater,
1349 5592 1440 5638 aut
1463 5586 1738 5654 magister,
1778 5593 1866 5638 aut
1915 5592 2103 5648 mater,
2134 5594 2225 5639 aut
2251 5599 2338 5640 so-

782 5686 894 5738 ror,
926 5672 1151 5739 primum
1173 5673 1443 5727 ostendite
1472 5688 1661 5729 manus
1691 5674 1756 5728 ad
1776 5676 2103 5739 orationem;
2132 5682 2186 5727 et
2206 5674 2248 5726 si
2270 5674 2338 5727 sit

782 5760 1115 5832 phantasma,
1137 5759 1298 5830 fugiet
1328 5777 1355 5813 a
1385 5760 1556 5815 vobis.
1586 5762 1648 5815 Et
1673 5763 1719 5815 si
1737 5775 1829 5817 vos
1849 5762 2117 5832 decipiant
2141 5761 2335 5816 daemo-

2437 3322 2489 3374 in
2521 3335 2579 3373 os
2611 3321 2902 3389 injiciebat,
2927 3321 3075 3389 isque
3098 3329 3209 3373 erat
3230 3318 3281 3373 ei
3313 3320 3483 3373 instar
3499 3320 3599 3371 cibi
3619 3328 3671 3372 et
3692 3337 3701 3384 |
3723 3332 3861 3371 otns.
3884 3320 4009 3372 Scio

2433 3426 2643 3481 quoque
2671 3413 2735 3464 ad
2782 3411 2921 3464 hunc
2947 3411 3214 3465 hominem
3265 3411 3315 3463 in
3349 3410 3623 3478 phantasia
3655 3412 3866 3463 venisse
3898 3410 4007 3463 da:-

2437 3516 2641 3566 tnones,
2675 3502 3019 3555 ostendentes
3065 3503 3334 3570 angelicos
3392 3499 3680 3562 exercitus,
3725 3510 3779 3555 et
3818 3516 4008 3555 currus

2435 3592 2598 3661 ignis,
2628 3603 2682 3648 et
2714 3596 2904 3646 multos
2935 3594 3210 3658 satellites,
3238 3605 3484 3662 tanquam
3510 3592 3729 3659 alicizjus
3755 3594 3898 3660 regis
3921 3608 4009 3646 vc-

2434 3683 2650 3749 nientis,
2681 3693 2732 3737 et
2754 3684 2801 3737 ei
2826 3684 3065 3737 dicentes
3094 3701 3105 3735 :
3141 3684 3193 3737 ln
3224 3683 3471 3737 omnibus
3499 3691 3548 3736 te
3574 3693 3715 3735 recte
3734 3690 3787 3735 et
3811 3696 3878 3734 ex
3903 3682 4010 3735 vir-

2437 3782 2547 3827 tute
2571 3773 2805 3841 gessisti,
2837 3789 2869 3826 o
2912 3774 3105 3836 homo;
3135 3775 3200 3828 de
3229 3787 3424 3829 caetero
3459 3788 3545 3828 me
3571 3773 3755 3836 adora,
3802 3780 3858 3826 et
3889 3782 4009 3825 tan-

2435 3880 2591 3932 quam
2616 3865 2779 3917 Eliam
2811 3875 2863 3919 te
2886 3880 3178 3919 assumam.
3197 3866 3414 3918 Dicehat
3439 3874 3614 3919 autem
3647 3864 3784 3930 apud
3810 3878 3869 3916 se
3894 3880 4009 3916 mo-

2436 3952 2673 4005 nachus:
2705 3952 2882 4007 Adoro
2933 3954 3170 4021 quotidie
3223 3952 3417 4024 Regem
3479 3968 3653 4007 meum
3678 3962 3731 4006 et
3757 3953 4009 4007 Servato-

2440 4058 2582 4105 rem;
2630 4050 2684 4095 et
2738 4043 2780 4096 si
2827 4042 2910 4096 hic
2957 4054 3099 4097 esset
3150 4045 3258 4109 ille,
3319 4059 3421 4096 non
3476 4042 3574 4096 hoc
3605 4058 3632 4095 a
3665 4057 3748 4096 me
3781 4053 4009 4109 peteret.

2438 4131 2721 4199 Postquam
2772 4142 2948 4185 autem
2991 4134 3037 4186 ei
3066 4132 3198 4185 dixit
3225 4132 3364 4201 quod
3411 4132 3640 4187 habebat
3685 4133 3736 4185 in
3784 4134 4008 4198 animo;

2441 4222 2721 4275 Dominum
2754 4239 2927 4276 meum
2960 4233 3012 4276 et
3040 4223 3235 4291 Regem
3264 4223 3433 4276 habeo
3463 4222 3651 4284 Deum,
3685 4237 3838 4290 quem
3866 4238 4011 4275 sem-

2438 4329 2532 4382 per
2562 4314 2749 4376 adoro,
2790 4325 2843 4366 tu
2876 4322 3050 4366 autem
3084 4328 3187 4365 non
3220 4325 3277 4366 es
3324 4327 3415 4366 rex
3447 4326 3618 4374 meus,
3650 4313 3736 4366 ille
3769 4313 4011 4379 pr0tinus

2437 4407 2670 4459 evanuit.
2700 4403 2825 4459 Haec
2858 4414 3031 4457 autem
3054 4413 3300 4470 tanquam
3324 4401 3391 4456 de
3412 4403 3518 4455 alio
3535 4402 3828 4468 disserens,
3858 4400 4012 4455 iusti.

2441 4505 2548 4550 tuta
2575 4495 2700 4548 vita:
2727 4509 2861 4559 suae,
2894 4503 2946 4547 et
2974 4509 3060 4547 res
3089 4500 3269 4560 gestas
3320 4490 3531 4546 volebat
3557 4491 3751 4547 celare.
3782 4491 3881 4556 Qui
3912 4508 4010 4545 an—

2440 4596 2542 4640 tem
2574 4600 2676 4637 una
2708 4598 2827 4638 cum
2877 4598 2940 4637 eo
2988 4593 3139 4637 erant
3171 4590 3369 4650 patres,
3421 4597 3542 4635 eum
3597 4581 3845 4636 dicebant
3894 4584 4011 4636 lucc

2445 4676 2653 4728 vidisse.

2513 4765 2636 4817 llaec
2664 4772 2721 4817 et
2744 4763 2842 4816 alia
2876 4764 3038 4817 multa
3072 4763 3224 4818 nobis
3271 4776 3491 4817 narrans
3542 4762 3725 4816 beatus
3753 4761 4009 4825 Joannes.

2439 4863 2633 4909 eLtres
2662 4854 2776 4909 dies
2808 4854 2873 4908 ad
2899 4868 3093 4907 nonam
3124 4867 3289 4922 usque
3314 4853 3605 4919 disserens,
3660 4862 3871 4906 nostras
3912 4866 4011 4907 cu-

2445 4947 2577 5000 ravit
2602 4948 2822 4999 animas.
2846 4946 2973 5000 Cum
3005 4957 3180 5001 autem
3205 4946 3435 5001 dedisset
3466 4946 3615 5000 nobis
3658 4946 4001 5000 benedictio-

2446 5052 2561 5101 nes,
2592 5037 2747 5105 jussit
2775 5037 2851 5091 ire
2879 5038 2931 5091 in
2961 5053 3109 5105 pace,
3160 5039 3311 5093 nobis
3361 5053 3571 5107 quoque
3615 5037 3752 5091 dicta
3784 5038 4012 5106 quadam

2447 5128 2721 5195 prephetla
2753 5144 2767 5180 :
2802 5127 2988 5191 llodie,
3013 5128 3205 5192 aiebat,
3242 5128 3475 5181 nuntiata
3506 5137 3589 5182 est
3632 5125 3746 5199 (95)
3779 5128 4014 5183 Alexan-

2444 5219 2577 5271 driae
2604 5218 2821 5271 victoria
2858 5218 3091 5273 maxime
3116 5220 3186 5285 pii
3218 5218 3523 5285 Theodosii,
3575 5227 3788 5287 propter
3810 5220 3880 5273 de
3904 5236 4016 5275 me-

2440 5311 2529 5364 dio
2552 5310 2817 5365 sublatum
2849 5319 3130 5381 tyrannum
3172 5311 3488 5379 Eugenium,
3522 5321 3573 5367 et
3603 5322 3809 5379 oportet
3842 5313 4017 5380 impe-

2442 5409 2673 5456 ratorem
2707 5400 2841 5456 mori
2867 5409 3040 5455 morte
3080 5401 3313 5469 propria,
3360 5401 3499 5470 quod
3554 5402 3767 5468 quidem
3823 5417 4017 5455 revera

2449 5492 2520 5545 ita
2552 5491 2665 5546 fleri
2692 5490 2934 5560 contigit.
2991 5491 3206 5546 Licebat
3259 5500 3435 5544 autem
3465 5505 3681 5544 cernere
3713 5492 4015 5545 multitudi-

2445 5596 2565 5635 nem
2587 5595 2770 5636 eorum
2794 5582 2883 5649 qui
2912 5595 3031 5635 cum
3061 5582 3177 5649 ipso
3199 5589 3350 5635 erant
3366 5582 3741 5634 monachorum
3765 5582 3815 5633 in
3838 5583 4019 5636 eccle-

2445 5672 2545 5736 sia,
2571 5670 2735 5725 veluti
2764 5670 3019 5740 quosdam
3039 5671 3300 5739 justorum
3322 5670 3537 5731 choros,
3560 5668 3747 5722 lucidis
3773 5672 4014 5727 vestibus

2445 5758 2681 5829 indutos,
2709 5769 2763 5816 et
2794 5760 3002 5831 hymnis
3032 5759 3259 5815 assiduis
3285 5757 3450 5815 Deum
3481 5758 3865 5827 gloriﬁcantes.
