4258 6358
298 394 438 461 1129

294 506 628 579 ἀπεχούσης,
659 506 756 561 καὶ
786 504 879 561 τοῦ
916 506 1197 578 καύματος
1236 503 1400 560 αὐτὸν
1435 502 1711 570 θλίϐοντος
1747 505 1871 560 ἐκο-
1903 510 1947 565 Λ

296 600 494 655 πίασεο
546 597 791 653 κατενόει
839 596 903 649 δὲ
953 595 1215 651 πάντοθεν
1247 594 1440 650 ἐαυτοῦ
1484 594 1671 665 κύκλῳ
1712 612 1873 667 περι-

296 690 517 745 σκοπῶν
548 689 703 742 εῖπου
737 687 1099 760 μοναστήριον
1140 686 1465 757 ἀναφανείη,
1491 687 1586 740 καὶ
1616 686 1870 739 είσελθών

293 784 677 852 ἀναπαύσηται
698 796 714 814 ο
744 781 880 851 ὅπερ
916 778 1010 833 καὶ
1038 778 1261 849 γέγονεν
1280 796 1293 810 ·
1329 776 1745 849 ὑποδεξαμένων
1771 778 1873 831 αὐ-

292 879 387 932 τόν
421 892 583 930 τινων
612 871 858 927 εὐλαϐῶν
892 871 986 925 καὶ
1017 869 1225 924 πιστῶν
1253 868 1500 940 ἀδελφῶν
1524 886 1537 900 ·
1569 869 1618 923 οἳ
1656 870 1731 933 ώς
1765 869 1876 923 [Ια-

291 970 429 1039 τέρα
474 967 697 1038 γνήσιον
722 962 1049 1032 θεασάμενοι
1078 960 1270 1031 ινιψαν
1298 959 1399 1032 τὴν
1426 958 1547 1029 δψιν
1583 958 1750 1014 αὐτοῦ
1779 958 1876 1012 καὶ

290 1061 420 1123 τοὺς
454 1058 640 1121 πόδας,
688 1056 784 1110 καὶ
829 1055 1118 1125 εὐξάμενοι
1169 1054 1448 1124 τράπεζαν
1499 1050 1870 1123 παραθέντες,

292 1150 405 1204 τῶν
455 1148 785 1221 εὑρεθέντων
833 1146 1018 1217 ήξίουν
1070 1147 1210 1218 μετά
1245 1144 1467 1213 ἀγάπης
1525 1142 1870 1215 μεταλαϐεῖν.

304 1241 395 1304 Ὧς
421 1240 480 1293 δὲ
514 1240 854 1309 ἀνεκτήσατο
874 1280 889 1304 ,
926 1238 1086 1309 ᾔτουν
1122 1236 1396 1307 σωτηρίας
1430 1234 1586 1303 λόγον
1614 1234 1744 1305 παρ’
1775 1233 1874 1288 αὐ-

289 1330 388 1384 τοῦ
418 1332 465 1383 οἱ
492 1329 713 1398 ἀδελφοὶ
740 1328 1013 1395 λέγεσθαι,
1041 1328 1136 1380 καὶ
1162 1327 1303 1389 οἵαις
1325 1326 1600 1397 μεθοδίαις
1629 1325 1876 1379 δύναιντο

297 1421 537 1490 σωθῆναι
570 1422 634 1473 ἐκ
660 1420 761 1487 τῆς
790 1418 884 1472 τοῦ
912 1419 1160 1471 διαϐόλου
1201 1417 1448 1485 παγίδος,
1485 1417 1582 1470 καὶ
1610 1415 1728 1478 πῶς
1760 1414 1872 1469 τῶν

290 1511 536 1582 αίσχρῶν
583 1510 857 1580 λογισμῶν
910 1508 1328 1578 περιγένωνται.
1395 1507 1452 1561 '0
1480 1507 1539 1560 δέ
1580 1506 1765 1568 αὐτοῖς
1798 1505 1872 1571 ὡς

290 1606 479 1674 πατὴρ
527 1604 692 1657 τέκνα
739 1602 1005 1656 νουθετῶν
1056 1601 1291 1672 παρῄνει
1335 1602 1767 1671 προσκαρτερεῖν
1815 1601 1873 1653 ἐν

288 1699 405 1759 τοῖς
448 1697 631 1757 πόνοις
680 1694 859 1761 ὀλίγον
904 1691 1133 1763 ὕστερον
1177 1695 1257 1755 είς
1306 1691 1614 1745 ἀνάπαυσιν
1671 1689 1873 1759 πολλὴν

293 1786 745 1859 μεθισταμένοιςο
799 1785 893 1837 καὶ
948 1782 1119 1836 πολλά
1178 1782 1343 1853 ῑτερα
1399 1781 1528 1851 περὶ
1586 1782 1874 1850 ἀσκήσεως

289 1850 476 1940 αὐτοῖς
522 1850 903 1946 διαλεγόμενος
949 1873 1072 1926 λίαν
1101 1850 1372 1942 ὠφέλησε.
1420 1850 1777 1942 Παυσάμενος
1812 1868 1871 1922 δὲ
1903 1850 1943 1904 Β

289 1972 391 2039 τῆς
416 1969 717 2032 νουθεσίας,
748 1968 840 2021 καὶ
866 1968 1061 2039 μικρὸν
1080 1963 1137 2020 ἐν
1164 1965 1341 2035 ἐαυτῷ
1371 1964 1673 2035 γινόμενος,
1703 1961 1874 2015 διελο-

291 2063 477 2131 γίζετο
535 2060 650 2123 πῶς
713 2059 907 2123 ἄλλους
960 2057 1226 2113 νουθετῶν
1284 2056 1447 2119 αὐτὸς
1511 2052 1869 2121 ἀνουθέτητος

289 2154 526 2223 ἔμεινεν.
586 2153 695 2205 Καὶ
725 2150 955 2205 συνιδὼν
1002 2149 1196 2205 ἐαυτοῦ
1236 2148 1336 2219 τὴν
1376 2142 1569 2219 ἧτταν,
1614 2144 1872 2216 δρομαῖος

289 2246 453 2300 πάλιν
477 2244 571 2298 ἐπὶ
603 2244 703 2311 τὴν
733 2243 939 2314 ἔρημον
966 2242 1183 2314 ἐχώρει,
1223 2238 1624 2310 ἀποδυρόμενος
1654 2236 1867 2302 ἐαυτὸν,

286 2338 385 2391 καὶ
427 2337 624 2406 λέγων,
683 2336 744 2389 El
778 2336 853 2406 μὴ
902 2335 983 2389 ὃτι
1022 2333 1228 2404 Κύριος
1266 2331 1531 2403 ἐϐοήθησέ
1577 2347 1687 2400 μοι,
1722 2327 1872 2397 παρὰ

290 2429 467 2499 βραχύ
518 2427 819 2497 παρῴκησε
871 2425 949 2495 τῷ
998 2424 1101 2497 ᾅδῃ
1135 2424 1170 2493 ή
1221 2422 1367 2492 ψυχή
1400 2436 1535 2491 μου·
1576 2420 1703 2487 καὶ,
1738 2420 1870 2489 παρ’

285 2522 470 2590 ὀλίγον
492 2521 763 2590 ἐγενόμην
788 2522 846 2572 ἐν
883 2518 1048 2572 παντὶ
1091 2514 1279 2586 κακιῖν
1313 2514 1466 2585 παρὰ
1508 2513 1705 2584 μικρὸν
1746 2528 1871 2565 συν-

287 2614 544 2667 ετέλεσάν
576 2630 642 2683 με
666 2614 723 2664 ἐν
743 2614 807 2681 τῇ
843 2613 945 2681 γῇ,
980 2608 1075 2663 καὶ
1100 2608 1322 2677 γέγονεν
1354 2608 1441 2659 ἐπ’
1455 2605 1603 2676 αὐτῷ
1631 2605 1691 2658 τὸ
1716 2604 1869 2675 είρη-

290 2707 475 2774 μένον,
513 2703 764 2771 Ἀδελφὸς
815 2702 918 2755 ὐπὸ
953 2699 1186 2769 ἀδελφοῦ
1215 2697 1574 2770 βοηθούμενος
1603 2696 1678 2760 ώς
1716 2696 1871 2759 πόλις

291 2797 513 2866 ίσχυρὰ,
556 2797 651 2848 καὶ
700 2793 776 2857 ώς
823 2795 1001 2863 τεῖχος
1039 2791 1310 2845 ἄπτωτον.
1365 2789 1475 2843 Καὶ
1523 2788 1645 2841 τότε
1692 2786 1869 2840 ἐκεῖθε

285 2890 473 2944 λοιπὸν
505 2888 718 2943 πενθῶν
762 2885 987 2940 διετέλει
1036 2884 1217 2939 πάντα
1242 2883 1332 2937 τὸν
1370 2882 1508 2953 βίον,
1548 2880 1648 2952 τὴν
1683 2879 1869 2933 θεόθεν

285 2980 571 3051 τράπεζαν
600 2976 932 3049 ζημιωθεὶς,
979 2975 1076 3030 καὶ
1111 2974 1249 3046 μετὰ
1295 2974 1545 3043 καμάτου
1574 2972 1668 3025 τὸν
1704 2973 1868 3041 ἄρτον

286 3072 457 3127 αὐτοῦ
501 3070 880 3142 ποριζόμενος.
926 3066 1232 3138 Καθείρξας
1284 3066 1394 3136 γάρ
1444 3064 1635 3119 ἐαυτὸν
1682 3064 1742 3117 ἐν
1788 3062 1867 3135 τῷ

1530 388 1899 451 HISTORIA
1933 386 2324 451 LAUSIACA.

2053 503 2217 558 Ὥστε
2260 500 2358 558 οὖν
2413 500 2508 556 καὶ
2554 504 2712 575 ὐμεῖς
2758 503 2858 576 τὴν
2918 504 3145 576 ἡσυχίαν
3186 504 3551 577 μεταδιώξατε

1976 597 2112 668 πρὸς
2155 597 2255 670 τὴν
2283 596 2521 669 θεωρίαν
2568 598 2657 651 ἀεὶ
2704 597 3133 670 γυμναζόμενοι,
3170 599 3255 654 ῖνα
3316 601 3556 673 καθαρὶν

1978 689 2101 743 νοῦν
2168 688 2447 761 κτήσησθε
2519 690 2599 759 τῷ
2665 690 2786 761 Θεῷ
2857 692 3302 762 προσευχόμενοι.
3373 694 3554 755 Καλὸς

1978 782 2077 853 μὲν
2107 784 2216 853 γάρ
2238 782 2489 845 κάκεῖνος
2517 784 2545 836 6
2576 782 2824 853 ἀσκητὴς
2845 783 2873 835 6
2903 783 3145 854 συνεχῶς
3177 786 3234 838 ἐν
3254 784 3333 853 τῷ
3365 786 3538 855 κόσμι,

1974 872 2405 944 γυμναζόμενος,
2462 876 2556 928 καὶ
2623 876 2754 946 περὶ
2799 875 2897 938 τὰς
2948 874 3117 939 καλάς
3170 876 3396 947 πράξεις
3457 879 3549 929 ἐπα

1976 966 2395 1038 ασχολούμενος,
2444 967 2473 1019 6
2530 967 2630 1037 τὴν
2660 966 3023 1035 φιλαδελφίαν
3058 967 3504 1038 ἐπιδεικνύμενος
3538 1015 3548 1033 ,

1976 1058 2070 1113 καὶ
2115 1057 2214 1128 τήν
2261 1055 2585 1125 φιλοξενίαν,
2630 1058 2727 1110 καὶ
2773 1057 3015 1127 ἀγάπην,
3048 1058 3143 1110 καὶ
3187 1054 3555 1128 ἐλεημοσύνας

1974 1146 2457 1218 διαπραττόμενος,
2488 1146 2582 1199 καὶ
2627 1143 2934 1216 εὐεργετῶν
2978 1146 3103 1208 τοὺς
3140 1147 3414 1217 παρόντας
3461 1149 3554 1201 καὶ

1977 1240 2089 1301 τοῖς
2122 1237 2388 1307 κάμνουσι
2415 1236 2646 1308 βοηθῶν,
2682 1238 2774 1290 καὶ
2798 1236 3231 1301 άσκασδάλιστος
3255 1237 3547 1307 διαμένων.

1976 1329 2156 1392 Καλὸς
2191 1329 2291 1399 μιν
2318 1322 2473 1391 οὗτος
2517 1330 2610 1382 καὶ
2649 1330 2789 1382 πάνυ
2844 1328 3007 1388 καλός
3041 1345 3054 1359 ο
3090 1331 3390 1399 πρακτικὸς
3441 1333 3551 1404 γάρ

1974 1414 2130 1483 οὗτος
2159 1419 2251 1472 καὶ
2280 1419 2519 1491 ἐργάτης
2560 1420 2677 1473 ἐστὶ
2729 1420 2839 1473 τῶν
2884 1419 3135 1485 ἐντολῶν,
3167 1419 3301 1473 ἀλλά
3331 1422 3459 1491 περὶ
3486 1424 3551 1475 τὰ

1974 1510 2138 1581 γήϊνα
2172 1511 2505 1581 ἀσχολεῖται,
2542 1511 2821 1583 Κρείττων
2854 1528 2916 1579 γε
2958 1512 3064 1582 μὴν
3091 1510 3281 1565 τούτου
3313 1514 3406 1566 καὶ
3440 1514 3554 1583 μεε-

1975 1602 2085 1667 ζων
2116 1606 2143 1657 6
2170 1602 2504 1675 θεωρητικὸς
2538 1606 2744 1667 ἐκεῖνος
2766 1606 2793 1657 6
2842 1605 2949 1657 ἀπὸ
2976 1604 3081 1657 τῶν
3124 1605 3438 1676 πρακτικῶν
3460 1607 3553 1659 ἐπὶ

1973 1696 2071 1766 τὴν
2100 1694 2281 1765 νόησιν
2308 1696 2657 1765 ἀναδραμὼν,
2680 1696 2875 1766 παρεὶς
2909 1696 3115 1765 ἑτέροις
3146 1695 3317 1749 ταῦτα
3338 1699 3526 1766 φροντί

1976 1789 2126 1853 ζειν,
2184 1788 2346 1851 αὐτὸς
2407 1787 2462 1840 δὲ
2514 1788 2606 1840 καὶ
2654 1788 2846 1840 ἑαυτὸν
2904 1788 3400 1858 ἀπαρνησάμενος,
3459 1790 3549 1841 καί

1974 1878 2168 1933 ἑαυτοῦ
2219 1878 2393 1949 λήθην
2452 1878 2590 1948 ἔχων
2647 1878 3095 1948 πολυπραγμονεῖ
3147 1877 3215 1930 τὰ
3279 1880 3546 1947 οὐράνια,

1974 1970 2195 2034 εῦλυτος
2217 1971 2434 2027 πάντων
2457 1969 2536 2039 τῷ
2561 1968 2679 2039 Θεῷ
2705 1970 3139 2039 παριστάμενος,
3174 1969 3263 2021 ὐπ’
3293 1969 3548 2038 οὐδεμιᾶς

1976 2062 2255 2133 φροντίδος
2291 2062 2487 2132 ἐτέρας
2524 2060 2747 2113 ὄπισθεν
2782 2063 3234 2129 κατασπώμενος.
3273 2060 3332 2115 ’0
3378 2060 3552 2116 τοιοῦ-

1972 2172 2059 2218 τος
2094 2154 2202 2225 γάρ
2233 2152 2355 2223 Θεῷ
2402 2154 2646 2220 συνάγει,
2668 2151 2787 2222 Θεῷ
2827 2152 3317 2221 συμπολιτεύεται,
3368 2153 3548 2208 ἀπαύ-

1975 2259 2119 2308 στοις
2162 2241 2357 2314 ὕμνοις
2395 2243 2483 2296 ἀεὶ
2526 2240 2709 2313 ὐμνῶν
2740 2240 2892 2296 Θεόν.

2043 2440 2174 2499 υἷδα
2201 2444 2309 2516 γάρ
2332 2444 2444 2513 ἐγὼ
2470 2444 2758 2515 ἀνθρωπον
2787 2445 2845 2499 ἐν
2882 2447 2948 2517 τῇ
2980 2446 3193 2517 ἐρήμῳ,
3230 2446 3396 2515 μηδὲν
3426 2451 3550 2516 -ιήί-

1971 2553 2059 2590 νον
2096 2534 2291 2605 βρῶμα
2320 2535 2416 2587 ἐπὶ
2446 2534 2580 2587 δέκα
2610 2534 2703 2604 ἔτη
2746 2536 3083 2605 γευσαμένον
3106 2552 3119 2566 ·
3162 2535 3279 2588 ἀλλ’
3313 2535 3549 2603 ἄγγελος

1970 2626 2119 2696 αὐτῷ
2156 2625 2300 2679 κατὰ
2326 2628 2475 2695 τρεῖς
2517 2626 2726 2696 ἡμέρας
2754 2627 3005 2697 οὐράνιον
3042 2624 3239 2698 βρῶμα
3269 2624 3547 2695 ἐκόμιζεν.

1970 2718 2063 2771 καὶ
2110 2715 2337 2770 ἔϐαλλεν
2366 2715 2534 2770 αὐτοῦ
2594 2717 2675 2779 είς
2721 2716 2783 2769 τὸ
2824 2718 3021 2786 στόμα,
3069 2716 3355 2770 καὶτοῦτο
3400 2716 3550 2786 αὐτῷ

1969 2809 2091 2862 ἀντὶ
2122 2808 2330 2880 τροφῆς
2357 2806 2454 2860 καὶ
2496 2806 2660 2859 πότου
2694 2807 2923 2875 ἐγίνετο.
2949 2808 3060 2861 Καὶ
3092 2803 3210 2861 οἶδα
3239 2808 3328 2861 τὸν
3371 2807 3517 2862 τοιοῦ

1968 2915 2060 2952 τον
2124 2898 2435 2969 ἄνθρωπον,
2470 2898 2551 2951 ὅτι
2603 2893 2768 2969 ἦλθον
2818 2900 2956 2969 πρὸς
3017 2899 3181 2953 αὐτὸν
3224 2901 3283 2955 ἐν
3340 2915 3548 2970 φαντα-

1969 2988 2110 3052 σίαις
2172 2991 2221 3043 οί
2276 2990 2567 3060 δαίμονες,
2644 2990 2940 3059 ἀγγελικάς
3020 2992 3280 3062 στρατιὰς
3348 2992 3550 3044 ἐπιδεί-

1967 3097 2209 3146 κνυντες,
2235 3080 2328 3135 καὶ
2354 3080 2575 3154 ἀρματα
2594 3082 2782 3149 πυρὸς,
2807 3081 2902 3136 καὶ
2933 3082 3226 3153 δορυφορία
3245 3080 3412 3154 πολλή
3445 3081 3545 3155 [σί.

288 3162 564 3233 σπηλαίῳ,
609 3162 704 3215 καὶ
747 3160 952 3215 σάκκον
1004 3158 1100 3211 καὶ
1145 3156 1339 3211 σποδὸν
1384 3155 1763 3227 ὑποστρώσας.
1799 3156 1860 3209 οὗ
1889 3182 1932 3241 c
1965 3172 2291 3244 δορυφορίαν
2317 3172 2564 3245 πολλήν],
2586 3170 2674 3227 οἷά
2694 3191 2751 3227 τε
2770 3173 3030 3242 βασιλέως
3056 3172 3199 3236 τινὸς
3222 3172 3548 3244 ἐπιδημοῦν-

286 3255 553 3324 πρότερον
583 3251 784 3320 ἀνέστη
833 3249 1093 3321 χαμόθεν,
1134 3250 1257 3303 οὐδὲ
1286 3249 1561 3303 ἐπαύσατο
1593 3247 1858 3318 ἀποδυρό-

290 3359 473 3412 μενος,
517 3341 622 3404 ἒως
661 3340 845 3410 φωνῆς
888 3340 1119 3393 ἀκοῦσαι
1165 3340 1403 3407 ἀγγέλου
1439 3340 1689 3407 λέγοντος
1722 3338 1859 3409 πρὸς

286 3433 449 3487 αὐτὸν
479 3432 596 3484 κατ’
628 3430 780 3501 ὄναρο
808 3428 1105 3494 Ἐδέξατοό
1126 3428 1257 3491 Θεὸς
1285 3429 1381 3498 τὴν
1415 3428 1703 3498 μετάνοιάν
1740 3444 1856 3492 σου,

287 3525 383 3577 καὶ
411 3522 608 3592 ῆλέησέ
636 3538 752 3588 σου,
799 3521 896 3575 καὶ⁹
930 3520 1025 3574 τοῦ
1065 3520 1275 3585 λοιποῦ,
1309 3522 1409 3591 ὅρα
1442 3519 1517 3591 μὴ
1553 3519 1857 3589 ἀπατηθῇς.

300 3612 640 3665 Ἐλεύσονται
659 3612 715 3665 δὲ
730 3612 782 3664 οί
812 3611 1032 3681 ἀδελφοὶ
1053 3612 1186 3679 πρὸς
1210 3611 1289 3674 σὲ,
1312 3610 1747 3682 παρακαλοῦντές
1776 3625 1855 3674 σε,

285 3703 382 3766 οὓς
428 3702 492 3755 σύ
538 3703 918 3771 ἐνουθέτησας,
955 3702 1049 3755 καὶ
1078 3699 1330 3771 κομιοῦσι
1362 3718 1443 3753 σοι
1488 3700 1763 3769 εὐλογίας,
1792 3699 1859 3763 ἃς

288 3794 687 3865 ὑποδεξάμενος
740 3792 1027 3864 μεταλήψῃ
1084 3793 1181 3845 σὺν
1228 3792 1429 3858 αὐτοῖς,
1464 3792 1559 3844 καὶ
1612 3790 1691 3861 τῷ
1740 3790 1860 3860 Θεῷ

286 3885 582 3946 διαπαντὸς
603 3885 1045 3953 εὐχαριστήσεις.
1082 3883 1267 3938 Ταῦτα
1287 3884 1400 3949 οῦν,
1433 3878 1477 3936 ὧ
1511 3882 1696 3948 τέκνα,
1730 3882 1860 3952 ύμῖν

287 3978 678 4048 ὑφηγησάμην,
740 3976 825 4030 ἵνα
889 3976 988 4045 τὴν
1054 3976 1559 4045 ταπεινοφροσύνην
1634 3975 1859 4046 πρώτην

287 4071 587 4139 ἀσκήσητε,
636 4069 736 4122 κάν
767 4072 824 4121 ἐν
864 4068 1118 4137 μεγάλοις
1148 4067 1339 4137 δόξητε
1382 4066 1541 4121 εἶναι.
1574 4066 1721 4137 Αῦτη
1752 4067 1859 4137 γάρ

286 4166 435 4216 ἐστιν
463 4164 498 4233 ή
546 4162 733 4232 πρώτη
778 4160 872 4214 τοῦ
904 4160 1157 4229 Σωτῆρος
1182 4161 1391 4231 ἐντολὴ,
1422 4161 1671 4229 λέγοντος
1696 4175 1710 4189 ⁸
1740 4161 1861 4214 Ma.-

286 4254 471 4323 κάριοι
516 4253 567 4305 οί
611 4252 817 4322 πτωχοὶ
860 4251 939 4322 τῷ
991 4252 1284 4323 πνεύματι,
1324 4254 1405 4306 ὅτι
1435 4252 1617 4306 αὐτῶν
1648 4254 1856 4324 ἐστινὴ

287 4342 538 4413 βασιλεία
575 4343 683 4395 τῶν
730 4344 978 4409 οὐρανῶν
998 4357 1016 4375 ⁶
1046 4342 1142 4396 καὶ
1173 4342 1259 4396 ῐνα
1292 4343 1368 4412 μὴ
1410 4343 1727 4412 ἀπατηθῆτε
1756 4344 1860 4396 ὐπὸ

282 4434 395 4487 τῶν
423 4435 711 4503 δαιμόνων,
740 4434 840 4496 τάς
862 4434 1168 4503 φαντασίας
1196 4435 1325 4505 ύμῖν
1355 4435 1676 4505 ἐγειρόντων
1697 4451 1712 4467 ο
1743 4436 1857 4490 ἀλλ’

285 4526 383 4578 ὲάν
413 4542 495 4586 τις
526 4524 656 4596 έλθῃ
686 4526 821 4593 πρὸς
851 4526 995 4593 ὑμᾶς
1024 4524 1273 4594 ἀδελφὸς,
1300 4526 1334 4596 ἢ
1370 4526 1542 4593 φίλος,
1571 4525 1604 4595 ἢ
1640 4525 1798 4597 γυνὴ.
1824 4526 1856 4597 ἢ
1894 4537 1933 4591 Β

286 4613 490 4683 πατὴρ,
518 4614 551 4683 ἢ
587 4614 790 4683 μήτηρ,
822 4612 855 4682 ἢ
882 4613 1128 4680 ἀδελφὸς.
1153 4614 1186 4684 ἢ
1222 4614 1562 4679 διδάσκαλος,
1590 4615 1622 4684 ἢ
1648 4617 1796 4678 παῖς.
1828 4616 1861 4685 ἢ

285 4702 533 4770 οἰκέτης,
561 4701 775 4771 πρῶτον
799 4702 877 4764 είς
900 4702 1204 4773 προσευχὴν
1226 4702 1324 4765 τὰς
1348 4706 1537 4773 χεῖρας
1565 4706 1859 4768 ἐκτείνατε,

287 4794 383 4847 καὶ
409 4789 553 4865 ἐάνῇ
578 4794 891 4862 φάντασμα,
921 4794 1178 4863 φεύξεται
1194 4796 1287 4864 ἀφ’
1320 4795 1491 4866 ὑμῶν·
1521 4796 1623 4850 κᾶν
1643 4797 1863 4851 ἀπατῶ-

288 4903 375 4938 σιν
404 4886 548 4955 ύμᾶς
577 4886 625 4937 οἱ
644 4885 896 4954 δαίμονες
923 4885 955 4955 ἢ
989 4885 1268 4955 ἄνθρωποι
1300 4887 1688 4949 κολακεύοντες
1718 4889 1863 4958 ὑμᾶς

286 4976 383 5037 καὶ
408 4974 777 5041 ἐπαινοῦντες,
810 4974 885 5044 μὴ
911 4975 1163 5028 πείθεσθε
1195 4976 1381 5040 αὐτοῖς
1406 4978 1542 5049 μηδὲ
1568 4976 1861 5047 ἐπαίρεσθε

284 5070 353 5138 τῇ
392 5064 620 5137 διανοίᾳ.
655 5066 815 5137 Κάμέ
845 5066 955 5137 γὰρ
989 5066 1163 5131 οὕτως
1195 5067 1456 5133 πολλάκις
1490 5069 1779 5138 ἠπάτησαν
1810 5070 1861 5121 οί

286 5158 540 5227 δαίμονες
588 5159 646 5212 ἐν
676 5158 859 5224 νυκτὶ,
899 5159 994 5212 καὶ
1016 5157 1139 5212 οὔτε
1170 5158 1429 5225 εὔξασθαί
1461 5176 1545 5228 με,
1574 5159 1697 5213 οὔτε
1732 5161 1860 5214 ἀνα.

288 5248 603 5303 παύσασθαι
647 5248 1007 5319 συνεχώρουν,
1062 5250 1369 5318 φαντασίας
1398 5251 1491 5321 μοί
1538 5267 1689 5313 τινας
1720 5267 1861 5321 παρ-

293 5340 513 5411 έχοντες
537 5340 663 5409 ὅλην
688 5339 785 5410 τὴν
812 5339 1002 5394 νύκτα³
1028 5342 1122 5395 καὶ
1146 5341 1291 5413 πρωῒ
1321 5342 1676 5414 ἐμπαίζοντες
1693 5358 1862 5413 προσ-

286 5430 494 5484 ἐπεσάν
536 5448 626 5501 μοι
658 5431 908 5499 λέγοντες
932 5446 946 5461 ·
974 5431 1335 5504 Συγχώρησον
1364 5435 1518 5505 ήμίν,
1563 5432 1740 5498 ἀϐϐᾶ,
1778 5435 1861 5488 ὅτι

286 5523 489 5585 κόπους
525 5538 606 5575 σοι
650 5521 1000 5593 παρέσχομεν
1044 5522 1173 5595 ὅλην
1222 5524 1324 5595 τὴν
1358 5523 1550 5580 νύκτα.
1613 5523 1757 5594 Ἐγὼ
1803 5525 1862 5580 δέ

286 5611 443 5670 εἶπον
484 5614 621 5685 πρὸς
663 5614 893 5677 αὐτούς·
940 5616 1239 5686 Ἀπόστητε
1281 5618 1379 5671 ἀπ’
1408 5616 1545 5687 ἐμοῦ
1579 5617 1780 5681 πάντες
1810 5618 1861 5671 οί

287 5704 649 5773 ἐργαζόμενοι
679 5705 779 5776 τὴν
821 5707 1069 5778 ἀνομίαν.
1118 5708 1192 5761 Οὐ
1226 5709 1335 5779 γάρ
1368 5708 1441 5782 μή
1493 5707 1861 5781 ἐκπειράσητε

285 5794 470 5858 δοῦλον
502 5796 728 5867 Κυρίου.

1965 3282 2077 3333 τος,
2108 3266 2204 3320 καὶ
2231 3265 2482 3337 λέγοντες
2512 3265 2608 3339 [αι.
2646 3263 2920 3336 λέγουτος]
2962 3264 3129 3335 αὐτῷ’
3163 3264 3549 3335 Κατώρθωσας

1968 3357 2161 3423 πάντα,
2184 3357 2455 3429 ἄνθρωπε,
2475 3356 2658 3411 λοιπὸν
2672 3356 3012 3428 προκύνησόν
3036 3373 3125 3427 με,
3148 3357 3239 3409 καὶ
3258 3356 3331 3418 ὡς
3362 3358 3549 3411 Ἠλίαν

1968 3463 2029 3500 σε
2078 3448 2442 3517 ἀναλήψομαι.
2490 3446 2683 3515 Ἔλεγε
2728 3446 2786 3500 δὲ
2829 3448 2858 3500 6
2902 3445 3131 3515 μοναχὸς
3170 3446 3227 3498 ἐν
3270 3448 3337 3517 τῇ
3380 3447 3544 3500 αὐτοῦ

1964 3539 2192 3609 διανοίᾳ·
2222 3538 2559 3609 Καθημέραν
2617 3536 2907 3609 προσκυνῶ
2945 3536 3023 3608 τῷ
3052 3535 3169 3605 ἐμῷ
3216 3536 3429 3605 βασιλεῖ
3467 3535 3545 3605 τῷ

1967 3631 2199 3701 Σωτῆρι,
2236 3633 2328 3685 καὶ
2365 3633 2413 3685 εί
2457 3628 2526 3701 ἦν
2565 3624 2720 3693 οὗτος
2754 3629 2981 3696 ἐκεῖνος,
3011 3628 3112 3681 οὐκ
3141 3628 3207 3682 ἂν
3236 3630 3365 3699 παρ’
3406 3628 3541 3699 ἐμοῦ

1964 3723 2122 3776 τοῦτο
2162 3726 2304 3795 ᾔτει.
2346 3725 2434 3787 Ὠς
2459 3723 2515 3776 δὲ
2542 3726 2703 3794 μόνον
2734 3716 2887 3776 εἶπεν
2919 3724 2977 3773 ὲν
2997 3720 3172 3791 ἐαυτῷ
3199 3720 3268 3774 τά
3294 3722 3390 3791 τῆς
3424 3721 3543 3774 δια-

1965 3813 2134 3879 νοίας,
2160 3815 2240 3867 ὅτι
2267 3813 2415 3883 Ἔχω
2442 3814 2553 3882 ἐγὼ
2582 3812 2671 3865 τὸν
2700 3811 2830 3881 ἐμὸν
2855 3810 3076 3881 βασιλέα
3105 3809 3242 3884 [καὶ]
3266 3811 3355 3864 τὸν
3386 3810 3539 3877 Θεὸν,

1966 3902 2023 3954 δν
2062 3904 2149 3957 ἀεὶ
2177 3902 2485 3973 προσκυνῶ,
2527 3903 2590 3955 σύ
2626 3902 2681 3954 δέ
2714 3902 2813 3955 οὐκ
2841 3894 2896 3953 ετ
2916 3901 3046 3969 ἐμὸς
3075 3901 3346 3971 βασιλεὺς,
3380 3902 3542 3966 εὐθὺς

1965 3994 2218 4063 ἄφαντος,
2243 3995 2482 4063 γέγονεν.
2523 3992 2708 4048 Ταῦτα
2739 3992 2795 4045 δέ
2849 3992 2925 4057 ώς
2954 3991 3082 4063 περὶ
3111 3992 3271 4045 ἄλλον
3300 3991 3541 4061 διαλεγό-

1968 4104 2149 4157 μενος,
2191 4086 2288 4149 τὰς
2321 4085 2515 4139 ἑαυτοῦ
2554 4085 2830 4148 πολιτείας
2869 4084 3133 4155 κρύπτειν
3167 4084 3442 4155 ἠϐούλετο.
3478 4086 3541 4139 Οί

1964 4180 2022 4233 δέ
2080 4180 2327 4243 συνόντες
2386 4178 2535 4249 αύτῷ
2584 4177 2858 4248 Πατέρες,
2919 4175 3081 4229 αὐτὸν
3139 4175 3324 4244 ελεγον
3374 4178 3543 4231 ταῦτα

1965 4271 2287 4342 ἑωρακέναι.

2036 4494 2223 4548 Ταῦτα
2241 4495 2335 4548 καὶ
2362 4493 2497 4548 ἀλλα
2525 4494 2823 4565 πάμπολλα
2844 4496 2977 4565 ἡμῖν
2999 4491 3353 4563 διηγούμενος
3372 4493 3401 4545 6
3431 4507 3535 4559 μα-

1966 4588 2156 4657 κάριος
2195 4587 2447 4655 Ἰωάννης
2469 4586 2563 4638 ἐπὶ
2587 4587 2736 4655 τρεῖς
2774 4584 2986 4655 ἡμέρας
3010 4584 3115 4646 ἕως
3140 4582 3366 4650 ἐννάτης
3391 4580 3540 4652 ὥρας

1962 4676 2364 4747 διαλεγόμενος,
2394 4676 2490 4739 τὰς
2515 4676 2693 4746 ψυχὰς
2731 4675 2891 4745 ήμῶν
2936 4674 3259 4743 ἐθεράπευε.
3294 4674 3429 4734 Δοὺς
3481 4671 3537 4725 δέ

1964 4772 2097 4841 ήμῖν
2120 4769 2393 4838 εὐλογίας,
2434 4768 2493 4822 ἐν
2553 4769 2743 4839 είρήνῃ
2798 4766 3135 4837 πορευθῆναι
3166 4761 3497 4834 προσέταξεν
3521 4778 3532 4789 ·

1964 4862 2131 4913 εἰπὼν
2169 4863 2302 4931 ἡμῖν
2342 4858 2437 4913 καὶ
2486 4858 2827 4929 προφητείαν
2857 4858 2977 4911 τινά
3001 4873 3016 4889 ·
3046 4858 3128 4911 δτι
3182 4856 3423 4925 σήμερον
3468 4852 3537 4905 τὰ

1962 4951 2205 5005 ἐπινίκια
2277 4950 2371 5003 τοῦ
2432 4949 2693 5013 εὐσεϐοῦς
2774 4949 3035 5020 βασιλέως
3100 4944 3383 5000 Θεοδοσίου
3452 4946 3532 5007 είς

1960 5043 2061 5113 τὴν
2091 5040 2498 5110 Ἀλεξάνδρειαν
2532 5038 2961 5109 εἰσεληλύθασιν,
3005 5037 3148 5091 κατὰ
3174 5036 3271 5105 τῆς
3300 5032 3396 5086 τοῦ
3441 5050 3537 5085 τυ-

1964 5136 2159 5208 ράννου
2236 5132 2498 5201 Εὐγενίου
2559 5134 2893 5203 ἀναιρέσεως
2929 5147 2944 5162 ο
3010 5130 3106 5184 καὶ
3165 5128 3250 5181 ὅτι
3310 5125 3388 5179 δεῖ
3440 5124 3533 5176 τὸν

1965 5229 2187 5298 βασιλέα
2235 5225 2423 5295 οἰκείῳ
2492 5224 2705 5295 θανάτῳ
2762 5223 3086 5294 τελευτῆσαι
3113 5238 3127 5252 ·
3157 5221 3300 5288 άπερ
3332 5214 3530 5288 συνέϐη

1962 5318 2103 5373 κατά
2127 5316 2383 5389 ἀλήθειαν
2417 5316 2589 5378 οὕτως
2613 5315 2889 5386 γενέσθαι.

2029 5518 2138 5578 Ἦν
2157 5524 2214 5578 δέ
2244 5523 2373 5577 ίδεῖν
2420 5522 2481 5576 τὸ
2510 5520 2714 5593 πλῆθος
2743 5521 2853 5575 τῶν
2886 5520 3153 5575 συνόντων
3182 5521 3331 5592 αὐτῷ
3364 5539 3523 5593 μοναί

1958 5615 2069 5686 χῶν
2092 5618 2149 5669 ἐν
2173 5618 2236 5687 τῇ
2268 5615 2551 5687 ἐκκλησίᾳ,
2580 5614 2740 5668 οίονεί
2760 5612 2953 5684 χορούς
2971 5630 3126 5677 τινας
3149 5613 3372 5667 δικαίων
3388 5615 3527 5684 λαμ·-

1960 5706 2387 5779 προφοροῦντας,
2424 5706 2519 5761 καὶ
2574 5703 2875 5767 ἀπαύστοις
2914 5703 3103 5773 ὕμνοις
3147 5704 3239 5762 τὸν
3280 5704 3413 5758 Θεὸν
3441 5704 3521 5756 δο-

1963 5797 2241 5865 ξάξοντας.
