4258 6358
742 436 875 508 1131

2179 440 2533 501 ΡΛΙᾸΑΟῙΙ

3846 428 3986 497 1132

838 552 908 613 Ως
930 550 987 604 δέ
1019 547 1244 613 πολλοὺς
1280 547 1377 602 καὶ
1421 548 1616 612 ἀλλους
1647 546 1898 620 Πατέρας
1941 548 2305 617 ἐθεασάμεθα,
2334 561 2383 619 Α
2411 546 2873 620 παρακαλουντων
2901 547 3075 601 εἰπεῖν
3099 544 3235 616 πρδς
3261 544 3410 616 ἡμᾶς
3445 542 3847 618 προτρεπτικόν
3862 560 3988 598 τινα

738 644 940 713 ἥκασιν
996 640 1216 709 ἀδελφοὶ
1252 640 1683 708 ἀπαγγέλλοντες
1737 641 1870 710 ἡμῖν
1925 640 2306 695 τετελειῶσθαι

743 736 835 789 τὸν
864 734 1133 806 μακάριον
1174 732 1427 801 Ἰωάννην
1459 731 1768 801 θαυμαστόν
1798 749 1921 786 τινα
1949 732 2169 801 τρόπον’
2216 734 2307 786 ἐν-

742 829 1059 898 τειλάμενος
1109 825 1219 897 γάρ
1274 826 1367 879 ἐπὶ
1407 827 1555 895 τρεῖς
1604 825 1816 895 ἡμέρας
1855 827 2058 897 μηδένα
2098 844 2310 897 συγχω-

745 920 858 987 μεῖν
885 920 1021 990 πρὸς
1051 919 1210 971 αὑτὸν
1239 918 1464 982 ἀνιέναι,
1500 916 1687 979 κλίνας
1713 917 1783 969 τά
1812 919 2013 985 γόνατα
2034 920 2117 982 είς
2145 935 2312 990 προσ-

744 1008 906 1080 ευχὴν
956 1008 1276 1079 ἐτελειώθη,
1328 1006 1579 1061 ἀπελθὼν
1618 1009 1755 1080 πρὸς
1799 1009 1953 1066 Θεόν.
1989 1004 2061 1082 Ὦ
2119 1013 2155 1083 ή
2184 1010 2313 1078 δόξά

743 1102 822 1164 είς
855 1100 980 1164 τοὺς
1004 1098 1226 1163 αἰῶνας.
1262 1100 1452 1170 ’Δμήν.

1320 1208 1568 1262 ΚΕΦΑΔ.
1602 1209 1733 1263 MZ'.

1268 1321 1407 1390 Περὶ
1444 1324 1780 1398 Homer/Inc.

817 1404 984 1475 Οὗτος
1017 1411 1113 1463 καὶ
1139 1412 1204 1482 τῇ
1232 1410 1396 1483 δούλῃ
1422 1411 1514 1488 τοῦ
1548 1412 1782 1482 Χριστοῦ
1816 1413 2083 1486 Ποιμενίῃ
2129 1433 2311 1488 παρα-

747 1504 983 1576 ϐαλούσῃ
1018 1503 1165 1573 αὑτῷ
1206 1486 1446 1573 ἱστορίας
1488 1503 1667 1574 χάριν,
1699 1503 1760 1556 οὐ
1797 1505 2162 1576 συντετύχηκε
2211 1486 2313 1577 μὲν

748 1596 882 1664 αὑτῇ
932 1594 1074 1647 κατά
1122 1594 1433 1664 πρόσωπον,
1471 1594 1737 1665 ἐδήλωσεν
1765 1594 1821 1647 δὲ
1867 1596 2003 1666 αὑτῇ
2031 1614 2186 1661 τινα,
2221 1602 2315 1651 καὶ

748 1687 855 1736 τῶν
885 1686 1234 1755 ἀπορρήτων,
1284 1685 1652 1755 παρήγγειλεν
1683 1684 1739 1737 δὲ
1768 1686 1901 1755 αὑτῇ
1937 1688 2313 1761 κατερχομένη

750 1775 858 1827 ἀπὸ
888 1774 1149 1844 Θηϐαΐδος
1182 1774 1257 1845 μὴ
1301 1766 1554 1827 ἐκνεῦσαι
1610 1775 1701 1827 ἐπὶ
1740 1775 2166 1847 Ἀλεξάνδρειαν,
2192 1780 2313 1831 ἐπεὶ

754 1869 1084 1969 πειρασμοῖς
1116 1862 1227 1935 ἔχει
1274 1869 1609 1935 περιπεσεῖν.
1655 1866 1720 1919 Ἦ
1752 1867 1828 1931 δὲ,
1865 1869 1897 1938 ἢ
1936 1870 2310 1939 παραλογισα-
2341 1894 2388 1953 Β
2417 1862 2759 1969 έέξίμξναξ
2788 1899 2813 1951 ι

754 1957 891 2026 μένη
928 1956 1020 2010 τοῦ
1056 1958 1289 2026 μεγάλου
1340 1960 1440 2027 τὴν
1489 1958 1874 2029 πρόῤῥησιν,ἢ
1924 1961 2311 2031 ἐπιλαθομένη,

750 2047 1027 2111 ἐξένευσεν
1086 2050 1176 2101 ἐπὶ
1231 2050 1330 2118 τὴν
1395 2043 1795 2120 Ἀλεξάνδρειαν
1843 2050 2083 2121 ἱστορίας
2126 2052 2308 2122 χάριν,

752 2139 893 2207 τάχα
936 2138 1163 2193 θέλουσα
1208 2142 1335 2195 ἰδεῖν
1374 2141 1471 2212 τὴν
1532 2143 1707 2197 πόλιν.
1735 2144 1891 2196 Κατά
1945 2145 2001 2197 δέ
2046 2146 2142 2215 τὴν
2200 2147 2317 2199 ὁδὸν

754 2229 981 2298 πλησίον
1033 2229 1257 2294 Νικιοῦς
1300 2232 1399 2302 τῆς
1442 2233 1645 2296 πόλεως
1677 2234 1981 2303 παρέλαϐεν
2037 2237 2208 2306 αὑτῆς
2250 2238 2318 2291 τά

753 2322 915 2376 πλοῖα
956 2324 1315 2386 ἀναπαύσεως
1341 2325 1520 2394 χάριν.
1566 2325 1902 2389 Ἐξελθόντες
1940 2326 2029 2379 οῦν
2052 2328 2101 2380 οί
2133 2329 2319 2391 παῖδες

755 2414 815 2479 ἐξ
836 2414 1056 2479 ἀταξίας
1083 2415 1224 2479 τινὸς
1265 2416 1553 2469 συειένλλον
1586 2417 1763 2488 μάχην
1796 2417 1934 2486 μετά
1964 2419 2071 2471 τῶν
2114 2421 2321 2490 ἐπιχω-

758 2509 889 2579 ρίων
919 2510 1127 2580 ἀνδρῶν
1178 2511 1622 2581 ἀπονενοημένων
1648 2528 1661 2543 ·
1690 2512 1743 2564 οἵ
1775 2529 1920 2575 τινες
1956 2513 2073 2576 ἑνὸς
2106 2514 2203 2582 μὲν
2234 2514 2322 2568 εὑ·

757 2599 947 2670 νούχου
1005 2600 1264 2655 δάκτυλον
1324 2602 1633 2672 ἀπέκοψαν,
1679 2602 1834 2656 ἄλλον
1882 2603 1939 2655 δὲ
1998 2603 2317 2673 ἐφόνευσανο

758 2692 1029 2744 Διονύσιον
1049 2692 1104 2745 δὲ
1132 2693 1221 2746 τὸν
1252 2695 1403 2763 ἀγιον
1421 2694 1715 2747 ἐπίσκοπον
1734 2694 1828 2749 καὶ
1848 2696 1925 2758 εἰς
1965 2695 2056 2748 τὸν
2084 2697 2325 2766 ποταμὸν

759 2782 969 2852 ἔϐαψαν
996 2784 1143 2851 ὅμως
1162 2786 1556 2857 ἀγνοήσαντες·
1594 2786 1854 2855 κάκείνην
1891 2787 2060 2859 αὑτὴν
2092 2787 2327 2843 ἔπλυναν

759 2871 1043 2944 λοιδορίαις
1094 2877 1189 2928 καὶ
1247 2876 1523 2946 ἐφόϐησαν
1596 2877 1882 2943 ἀπειλαῖς,
1933 2879 2060 2943 τοὺς
2108 2878 2327 2943 λοιποὺς

760 2964 959 3028 παῖδας
990 2966 1197 3029 πάντας
1222 2967 1711 3037 τραυματίσαντες.

1318 3082 1611 3137 ΚΕΦΑΛΔ.
1658 3080 1796 3137 MH’.

1215 3173 1353 3242 Περὶ
1403 3173 1552 3229 ἀϐϐᾶ
1594 3172 1873 3244 Ἄμμωνᾶ.

844 3262 1220 3333 Ἐθεασάμεθα
1258 3264 1317 3316 ἐν
1364 3263 1591 3332 Θηϐαΐδι
1640 3264 1733 3316 καὶ
1777 3264 1960 3333 ἕτερον
2002 3262 2171 3332 ἀώρα
2208 3263 2329 3316 όνό-

764 3370 895 3423 ματι
930 3355 1241 3425 ’Δμμωνᾶν,
1279 3355 1498 3426 Πατέρα
1534 3354 1784 3425 μοναχῶν
1818 3355 1950 3407 ὡσεὶ
1974 3357 2124 3426 τρεῖς
2161 3354 2332 3424 χιλιά-

761 3447 860 3510 δας
889 3464 903 3476 θ
939 3446 1031 3509 οὓς
1077 3446 1172 3499 καὶ
1228 3444 1673 3517 Ταϐεννησίωτας
1727 3446 2029 3517 ὠνόμαζον,
2090 3446 2331 3516 μεγάλην

762 3537 984 3608 ἔχοντας
1035 3538 1331 3600 πολιτείαν,
1362 3539 1455 3591 καὶ
1487 3537 1741 3608 μηλωτάς
1768 3537 2090 3609 φοροῦντας,
2117 3537 2213 3591 καὶ
2239 3552 2331 3588 κε-

764 3627 1099 3697 καλυμμένῳ
1148 3627 1426 3699 προσώπῳ
1495 3628 1791 3691 ἐσθίοντας,
1849 3628 1997 3680 κάτω
2046 3627 2331 3691 νεύοντας,

765 3719 927 3789 μήτις
961 3720 1050 3773 τὸν
1102 3720 1325 3789 πλησίον
1352 3721 1615 3791 θεάσηται
1665 3720 1938 3785 ἐσθίοντα,
1979 3720 2077 3772 καὶ
2121 3719 2332 3788 σιωπὴν

763 3793 1309 3882 ἀσκοῦνταςπολλὴν,
1336 3811 1409 3875 ὼς
1439 3811 1585 3864 δοκεῖ
1625 3812 1682 3863 ἐν
1722 3812 1979 3882 ἐρημίαις
2007 3805 2168 3871 εἶναι,
2201 3810 2332 3862 txi-

766 3916 894 3953 στου
917 3901 1015 3970 τὴν
1045 3900 1239 3953 ἑαυτοῦ
1270 3900 1541 3954 πολιτείαν
1568 3900 1753 3971 κρύφα
1782 3898 2145 3961 ἐκτελοῦντος,
2174 3898 2334 3969 μόνον

764 3992 821 4045 δὲ
860 3992 1101 4064 σχήματι
1141 3992 1485 4062 καθημένους
1515 3993 1607 4045 ἐπὶ
1646 3993 1745 4063 τὴν
1785 3991 2086 4061 τράπεζαν,
2116 3992 2211 4043 καὶ
2252 3990 2337 4042 διο-

752 4085 882 4135 κεῖν
913 4084 1134 4149 ἐσθίειν,
1164 4084 1534 4154 πειρωμένους
1561 4083 1616 4135 δὲ
1647 4082 1931 4137 λανθάνειν
1959 4082 2237 4154 ἀλλήλους.
2271 4082 2335 4135 Ol

768 4174 867 4242 μὲν
911 4172 1019 4244 γάρ
1061 4174 1239 4226 αὑτῶν
1277 4173 1426 4237 ἅπαξ
1469 4174 1502 4243 ἢ
1543 4172 1793 4243 δεύτερον
1841 4173 1919 4245 τῷ
1957 4173 2183 4243 στόματι
2237 4173 2337 4242 τὴν

766 4266 919 4333 χεῖρα
946 4268 1313 4334 προσήγαγον,
1371 4265 1535 4335 ἀρτου
1561 4263 1593 4334 ἢ
1623 4264 1839 4329 ἐλαίων,
1868 4264 1902 4332 ἢ
1928 4280 2074 4326 τινος
2106 4263 2213 4315 τῶν
2236 4280 2338 4315 πα-

770 4356 1112 4425 ρακειμένων
1130 4357 1419 4425 ἁψάμενοι,
1442 4358 1532 4408 καὶ
1570 4356 1797 4408 ἑκάστου
1834 4355 2171 4425 προσφαγίω
2192 4354 2339 4419 ἀπαξ

769 4445 1072 4513 γευόμενοι,
1094 4445 1359 4513 ἠρκοῦντο
1384 4446 1450 4513 τῇ
1479 4446 1650 4513 τροφῇ
1705 4442 1894 4515 ταύτῃ.
1926 4444 2116 4495 Ἀλλοι
2164 4443 2220 4495 δὲ
2246 4443 2337 4494 τὸν

2411 642 2588 710 λόγον,
2611 640 2762 711 μόλις
2809 640 3068 710 ἠνέσχετο
3118 637 3248 707 περὶ
3297 635 3604 707 πραότητος
3652 638 3784 706 ἡμῖν
3824 636 3987 705 μένον

2410 732 2565 799 όλίγα
2588 730 2955 801 διαλεχθῆναι.
2985 724 3157 790 Οὗτος
3176 727 3557 797 ίπποποτάμου
3583 726 3714 779 ποτέ
3742 726 3990 795 λυμηνα-

2416 823 2577 893 μένου
2609 821 2706 892 τὴν
2738 820 2955 890 γείτονα
2972 819 3175 891 χώραν,
3209 818 3438 883 ἐπιστάς
3465 816 3545 887 τῷ
3578 818 3731 887 τόπῳ
3759 816 3988 871 ὑπὺτῶν

2412 912 2676 982 γεωργῶν
2705 910 3104 983 παρακληθεὶς,
3134 910 3230 964 καὶ
3258 909 3385 962 ἰδὼν
3409 908 3471 962 τδ
3514 907 3702 979 θηρίον
3748 906 3986 971 ἐξαίσιον

2416 1006 2644 1076 μέγεθος
2673 1004 2816 1075 ἕχον,
2842 1004 3046 1074 πραείᾳ
3074 1003 3226 1072 φωνῇ
3266 1000 3574 1054 ἐνετέλλετο
3597 999 3747 1070 αὑτῷ
3777 996 3984 1067 λέγων’

2415 1094 2787 1166 Παραγγέλλω
2819 1110 2901 1147 σοι
2929 1093 3155 1163 ὀνόματι
3176 1091 3271 1145 τοῦ
3293 1089 3531 1161 Χριστοῦ
3572 1089 3771 1160 μηκέτι
3809 1088 3988 1158 λυμη..

2413 1188 2602 1241 νασθαι
2631 1187 2729 1254 τὴν
2751 1186 2962 1257 χώραν.
2999 1184 3151 1251 ’(ιδι,
3177 1184 3253 1248 ὡς
3276 1182 3382 1237 ὑπδ
3403 1182 3639 1250 ἀγγέλου
3664 1179 3991 1243 ἀπελασθεὶς

2416 1278 2505 1331 τοῦ
2540 1279 2727 1344 τόπου,
2754 1277 3099 1331 παντάπασιν
3148 1275 3362 1346 ἀφανὴς
3409 1272 3654 1343 γέγονεν.
3680 1271 3839 1327 Οὕτω
3897 1270 3992 1323 καὶ

2415 1371 2753 1441 κροκόδειλον
2798 1370 3096 1436 ἀπεδίωξεν
3129 1369 3337 1424 ἄλλοτε.

3029 1510 3277 1563 ΚΕΦΑΔ.
3306 1509 3391 1561 N'.

2842 1624 2976 1691 Περὶ
3003 1622 3109 1677 τοῦ
3129 1622 3279 1677 ἁϐϐᾶ
3315 1621 3563 1685 Θέωνος.

2488 1721 2701 1789 Ι’ἰδομεν
2728 1717 2783 1771 δέ
2824 1715 2919 1768 καὶ
2963 1712 3121 1775 ἀλλον
3148 1714 3207 1765 οὑ
3237 1710 3455 1782 μακράν
3498 1710 3597 1779 τῆς
3644 1707 3853 1770 πόλεως
3905 1707 3998 1759 ἐπὶ

2416 1814 2513 1879 τὴν
2536 1811 2759 1881 ἔρημον,
2776 1807 3000 1876 ὀνόματι
3027 1804 3263 1869 Θεωνάν,
3292 1805 3462 1872 ἀνδρα
3480 1802 3658 1869 ἅγιον,
3676 1802 3732 1853 ἐν
3767 1801 3998 1869 οἰκίσκῳ

2818 1894 3264 1966 γκεκλεισμένον,
3310 1893 3403 1946 ἐπὶ
3435 1891 3830 1963 τριακονταετῆ
3873 1890 4001 1962 χρό-

2416 2009 2504 2045 νον
2535 1990 2742 2060 σιωπήν
2801 1990 3121 2059 ἀσκήσαντα
3153 2001 3167 2017 ο
3200 1984 3260 2048 ὃς
3289 1984 3549 2045 πλείστας
3591 1982 3852 2051 δυνάμεις
3883 1984 4001 2034 ἐπι·

2416 2082 2609 2146 τελῶν,
2633 2081 2709 2144 ὡς
2732 2081 3017 2152 προφήτης
3050 2078 3181 2149 παρ’
3234 2077 3422 2139 αὑτοῖς
3460 2075 3761 2145 ἐνομίζετο,
3800 2073 4001 2142 Ἐξήρο

2417 2189 2542 2241 χετο
2593 2170 2702 2240 γὰρ
2773 2169 2911 2241 πρὸς
2976 2168 3139 2222 αὑτὸν
3203 2166 3430 2236 ήμέριον
3500 2165 3561 2216 τὸ
3622 2163 3825 2232 πλῆθος
3894 2162 4002 2215 τῶν

2420 2262 2816 2316 ἀσθενούντων.
2850 2259 2961 2315 Καὶ
2998 2258 3087 2312 διὰ
3131 2257 3346 2327 θυρίδος
3377 2255 3647 2317 ἐπιτεθεὶς
3690 2256 3876 2317 αὑτοῖς
3904 2254 4005 2317 τάς

2420 2355 2608 2425 χεῖρας
2648 2355 2817 2421 ὑγιεῖς
2845 2350 3191 2421 ἀπέπεμπεν.
3214 2344 3323 2401 Ἦν
3372 2347 3429 2401 δέ
3469 2347 3597 2400 ἰδεῖν
3630 2346 3793 2402 αὑτὸν
3828 2345 4003 2415 πρόσ-

2420 2464 2567 2499 ωπον
2624 2444 2856 2514 ἀγγέλου
2898 2443 3107 2513 ἔχοντα,
3157 2440 3449 2511 χαροποιὸν
3510 2440 3623 2502 τοῖς
3672 2437 4001 2508 ὀφθαλμοῖς,

2423 2537 2516 2589 καὶ
2547 2536 2745 2604 πολλῆς
2780 2534 2999 2604 χάριτος
3049 2533 3170 2585 ὅλον
3214 2531 3432 2602 μεστόν.
3482 2531 3577 2592 ’ος
3611 2529 3671 2581 οὑ
3721 2529 3829 2599 πρδ
3874 2526 4007 2580 πολ-

2423 2628 2516 2682 λοῦ
2565 2645 2708 2691 τινος
2744 2628 2933 2698 χρόνου
2968 2626 3179 2699 λῃστῶν
3224 2624 3377 2696 αὑτῷ
3434 2623 3769 2677 ἐπελθόντων
3810 2623 4009 2686 νυκτὸς

2437 2719 2731 2796 μακρόθεν,
2771 2718 3062 2789 οἰηθέντων
3113 2718 3335 2789 χρυσίον
3380 2716 3509 2787 παρ’
3533 2714 3683 2787 αύτῷ
3728 2716 4008 2786 εὑρήσειν,

2428 2812 2520 2865 καὶ
2542 2811 2881 2880 βουλομένων
2921 2810 3082 2863 αὑτὸν
3132 2810 3398 2880 ἀναιρεῖν,
3427 2806 3652 2880 ηὔξατο,
3682 2808 3777 2860 καὶ
3812 2807 4013 2877 ἀκίνη-

2434 2919 2517 2955 τοι
2542 2902 2692 2972 παρά
2732 2901 2831 2965 τάς
2865 2901 3036 2972 θύρας
3066 2900 3194 2971 ἀχρι
3236 2899 3381 2972 πρωϊ
3409 2899 3653 2969 εμειναν.
3688 2898 4012 2969 ῙῙαραγενο⁴

2434 2994 2613 3062 μένων
2643 2994 2700 3047 δέ
2745 2992 2881 3062 πρὸς
2917 2993 3082 3046 αὑτὸν
3139 2992 3249 3045 τῶν
3299 2991 3494 3061 ὄχλων,
3521 2991 3619 3045 καὶ
3647 2990 3782 3062 πυρὶ
3829 3006 4015 3058 παρα·

2430 3083 2611 3138 δοῦναι
2642 3084 2949 3154 νοουμένων
2974 3124 2989 3149 ,
3040 3084 3409 3152 ἀναγκασθεὶς
3458 3082 3556 3137 ενα
3611 3082 3749 3153 πρὸς
3808 3083 4012 3145 αὑτοὺς

2432 3176 2813 3245 ἀπεφθέγξατο
2830 3174 2991 3243 λόγον
3010 3192 3022 3206 ·
3044 3174 3247 3243 ’Δφετε
3277 3175 3500 3238 τούτους
3518 3174 3692 3243 ὑγιεῖς
3716 3172 3982 3227 ἀπελθεῖν
3996 3191 4011 3205 ·

2432 3265 2480 3316 εί
2508 3264 2562 3317 δὲ
2604 3264 2700 3335 μὴ,
2729 3266 2763 3334 ή
2804 3264 2964 3334 χάρις
3001 3281 3109 3317 των
3139 3265 3385 3334 ἰαμάτων
3412 3263 3507 3318 ἀπ’
3553 3262 3689 3333 ἐμοῦ
3724 3262 4012 3331 φεύξεται.

2432 3356 2495 3408 Οί
2520 3354 2576 3407 δέ
2620 3354 2866 3425 ἥκουσαν
2895 3354 3083 3408 αὑτοῦ.
3111 3354 3247 3409 Οὑδέ
3282 3354 3390 3425 γὰρ
3432 3342 4014 3423 ἀντειπεῖνέτόλμων.

2432 3446 2540 3499 Καὶ
2568 3440 2707 3515 ἦσαν
2769 3444 2931 3509 εὐθὺς
2966 3447 3016 3497 οἰ
3063 3444 3258 3517 λῃσταὶ
3286 3447 3344 3499 ἐν
3376 3448 3488 3508 τοῖς
3530 3444 3692 3515 πέριξ
3738 3461 4016 3515 μοναστη-

2435 3540 2571 3610 ρίοις
2594 3541 2692 3593 σὺν
2717 3542 2831 3595 τοῖς
2880 3543 3133 3610 μοναχοῖς
3193 3541 3593 3611 μεταϐαλόντες
3640 3540 3732 3593 τὸν
3782 3541 4015 3610 τρόπον,

2432 3633 2527 3683 καὶ
2557 3630 2651 3684 ἐπὶ
2666 3633 2777 3693 τοῖς
2806 3633 3215 3701 πεπραγμένοις
3242 3630 3649 3701 μετανοοῦντες.
3673 3630 4016 3686 Πεπαίδευτο

2435 3722 2492 3776 δὲ
2523 3724 2549 3776 ὁ
2586 3723 2723 3793 ἀνὴρ
2754 3724 2955 3793 τριπλῇ
2985 3723 3094 3776 τῶν
3122 3723 3321 3788 λέξεων
3350 3724 3535 3793 χάριτι
3569 3723 3627 3776 ἐν
3668 3740 3728 3776 τε
3767 3723 4018 3793 Ἐλληνι-

2436 3816 2571 3877 κοῖς,
2594 3815 2689 3867 καὶ
2712 3814 3063 3882 Ῥωμαϊκοῖς,
3083 3814 3176 3867 καὶ
3194 3814 3583 3881 Αἰγυπτιακοῖς
3600 3813 4017 3884 ἀναγνώσμασι,

2435 3900 2616 3965 καθὼς
2649 3902 2797 3971 παρά
2824 3902 3033 3955 πολλῶν
3075 3904 3169 3956 καὶ
3207 3901 3339 3973 παρ’
3386 3901 3555 3955 αὑτοῦ
3604 3902 3818 3954 ἐκείνου
3880 3902 4019 3973 ἐμάς-

2437 3993 2620 4062 θομεν.
2684 3994 2968 4062 Ἐπιγνοὺς
3006 3992 3113 4063 γὰρ
3152 3993 3301 4061 ἡμᾶς
3343 3990 3528 4056 ξένους
3591 3992 3769 4057 ϐντας,
3794 3992 4019 4062 γράψας

2437 4084 2496 4136 ἐν
2544 4082 2830 4152 πινακιδίῳ
2894 4082 2973 4153 τῷ
3028 4082 3146 4152 Θεῷ
3215 4083 3301 4150 ἐφ’
3384 4084 3517 4151 ήμῖν
3594 4082 4016 4153 εὐχαρίστησεν.

2442 4172 2665 4225 Ἤσθιεν
2688 4172 2743 4225 δὲ
2756 4171 2863 4225 τῶν
2894 4173 3225 4242 σπερμάτων
3254 4172 3323 4225 τά
3346 4171 3576 4239 ἀνεφθα.
3620 4171 3799 4241 Ἑξῄει
3829 4172 3911 4237 δὲ,
3937 4172 4014 4238 ὦς

2439 4282 2593 4333 φασι,
2616 4264 2833 4336 νύκτωρ
2872 4262 2965 4316 τοῦ
2990 4264 3225 4328 κελλίου,
3262 4266 3357 4317 καὶ
3384 4265 3598 4335 ἀγρίοις
3649 4264 3861 4335 θηρίοις
3894 4283 4021 4320 συν-

2438 4355 2750 4425 ηγελάζετο,
2781 4357 2873 4409 καὶ
2899 4356 2959 4420 ἐξ
2987 4347 3048 4408 οὗ
3074 4351 3218 4426 εἶχεν
3249 4355 3439 4418 ὓδατος
3462 4357 3602 4410 αὑτά
3620 4357 3887 4421 ἐπότιζεν.
3908 4353 4019 4411 Ἦν

2440 4444 2546 4515 γὰρ
2578 4445 2704 4496 ἰδεῖν
2737 4444 2859 4514 ίχνη
2892 4444 3171 4515 βουϐάλων
3206 4446 3301 4499 καὶ
3344 4445 3591 4515 ὀνάγρων
3620 4445 3716 4499 καὶ
3740 4447 4019 4517 δορκάδων

768 4534 930 4601 ἄρτον
957 4533 1139 4601 ἡρέμα
1160 4533 1936 4603 μασσὼμενοιάπροσποιήτως
1956 4551 2014 4586 τε
2035 4533 2142 4585 τῶν
2163 4533 2337 4586 ἀλλων
2373 4556 2413 4610 D
2441 4536 2602 4589 τινῶν
2633 4536 2761 4606 περὶ
2792 4536 2893 4607 τήν
2921 4536 3091 4607 μονήν
3152 4536 3316 4589 αὑτοῦ
3343 4530 3425 4599 οἷς
3454 4537 3543 4590 ἀεὶ
3590 4536 4017 4609 προσετέρπετο.

770 4622 1002 4692 ἔχοντες,
1030 4624 1200 4687 οὕτως
1226 4624 1639 4695 ένεκαρτέρουν.
1677 4624 1861 4676 Ἀλλοι
1912 4624 1968 4676 δὲ
2014 4622 2107 4676 τοῦ
2153 4623 2336 4695 ζωμοῦ

772 4716 933 4784 μόνου
962 4715 1142 4785 τρίτον
1166 4717 1435 4784 ἐγεύοντο,
1466 4714 1882 4787 ἐνεκρατεύοντο
1910 4715 1968 4768 δέ
2004 4716 2112 4768 τῶν
2141 4715 2335 4769 ἀλλων.

771 4804 950 4873 ’Ἀπερ
986 4804 1161 4857 πάντα
1202 4804 1341 4858 κατά
1373 4806 1528 4873 λόγον
1556 4805 1841 4875 θαυμάσας
1864 4808 1926 4858 οὑ
1968 4806 2191 4875 παρῆκα
2243 4806 2341 4876 τὴν

770 4898 837 4949 ἐκ
856 4896 1060 4952 τούτων
1088 4896 1374 4966 ὠφέλειαν.

1316 5007 1546 5061 ΚΕΦΑΛ
1559 5043 1573 5057 .
1622 5008 1719 5059 ΜΘ

1229 5099 1368 5165 Περι
1412 5098 1519 5152 τοῦ
1578 5096 1728 5153 ἀσοά
1774 5100 1883 5165 οη.

847 5193 1059 5262 Ἰδομεν
1089 5192 1145 5243 δὲ
1178 5193 1271 5245 καὶ
1299 5192 1458 5244 ἄλλον
1489 5190 1801 5263 πρεσϐύτην
1826 5190 2093 5260 πραότητι
2133 5193 2342 5255 πάντας

774 5283 1091 5353 ἀνθρώπους
1144 5280 1635 5353 ὑπερϐαλλόμενον,
1661 5280 1806 5334 ἀϐϐᾶ
1851 5282 1927 5352 Βῆ
1962 5281 2209 5352 ὀνόματι.
2248 5284 2344 5335 Ὃν

774 5370 1167 5423 διεϐεϐαιοῦντο
1199 5371 1246 5421 οί
1282 5369 1411 5439 περὶ
1436 5369 1600 5421 αὑτὸν
1619 5368 1858 5438 ἀδελφοὶ,
1882 5368 2018 5439 μηδέ
2062 5387 2191 5423 ποτε
2221 5372 2347 5437 ὀμό-

778 5480 887 5525 σαι,
950 5460 1083 5531 μηδὲ
1126 5460 1451 5529 ψεύσασθαι,
1494 5460 1627 5529 μηδὲ
1659 5459 1979 5530 ὀργισθῆναι
2008 5462 2149 5515 κατά
2181 5479 2344 5526 τινος,

781 5552 913 5622 μηδὲ
944 5550 1239 5619 ἐπιπλῆξαι
1278 5549 1423 5618 λόγῳ
1474 5549 1583 5601 τινὶ
1610 5548 1854 5602 πώποτε.
1881 5546 1989 5601 Ἦν
2028 5549 2135 5620 γάρ
2180 5554 2208 5603 ὁ
2235 5549 2347 5619 βίος

779 5642 944 5695 αὑτοῦ
992 5642 1112 5694 λίαν
1136 5640 1379 5713 ήσύχιος,
1416 5640 1510 5693 καὶ
1551 5641 1579 5691 ό
1626 5641 1827 5709 τρόπος
1872 5641 2141 5709 ἐπιεικὴς,
2182 5643 2347 5709 ἀγγε-

781 5736 937 5805 λικὴν
1005 5735 1339 5793 κατάστασιν
1388 5734 1624 5803 ἔχοντος.
1666 5730 1772 5786 Ἦν
1831 5734 1927 5785 καὶ
1972 5735 2350 5804 ταπεινὸφρων

786 5828 945 5893 ἄγαν,
972 5829 1063 5881 καὶ
1082 5828 1272 5883 ἑαυτὸν
1294 5827 1602 5891 εὑτελίςων.
1636 5824 1810 5879 Πολλὰ
1837 5826 1942 5895 γὰρ
1978 5826 2140 5884 αύτδν
2192 5828 2348 5897 ἡμῶν

3027 4646 3274 4700 ΚΕΦΔΛ.
3312 4644 3440 4699 NA'.

2899 4736 3035 4805 Περὶ
3058 4736 3164 4790 τοῦ
3183 4735 3333 4791 ἀϐϐᾶ
3376 4736 3568 4791 Ἠλία.

2516 4829 2725 4900 Ἴδομεν
2745 4827 2801 4881 δὲ
2832 4828 2927 4881 καὶ
2952 4827 3139 4898 ἕτερον
3183 4825 3557 4897 πρεσϐύτερον
3598 4826 3700 4894 τῆς
3742 4826 4018 4881 ’Δντινόου

2445 4920 2831 4991 μητροπόλεως
2865 4918 2963 4985 τῆς
2992 4916 3259 4986 Θηϐαΐδος
3287 4915 3481 4969 ἑκατὸν
3506 4916 3639 4969 δέκα
3661 4917 3798 4970 ἐτῶν
3830 4916 4020 4971 λοιπὸν

2442 5012 2601 5065 ὅντα*
2637 5009 2721 5079 ἐφ’
2754 5008 2814 5060 ὃν
2862 5007 3079 5075 ἐλέγετο
3100 5004 3195 5059 τοῦ
3236 5007 3516 5076 προφήτου
3557 5006 3738 5058 Ἠλίου
3801 5008 4023 5077 πνεῦμα

2444 5099 2877 5156 ἀναπεπαῦσθαι.
2925 5097 3219 5166 Διαϐόητος
3254 5098 3364 5165 γάρ
3403 5092 3472 5167 ἦν
3526 5089 3703 5163 οὗτος,
3740 5098 3797 5150 ἐν
3822 5102 3892 5170 τῇ
3922 5116 4022 5168 φο-

2445 5191 2580 5262 ϐερᾷ
2630 5189 2811 5259 ἐκείνῃ
2846 5190 3040 5257 ἐρήμῳ
3098 5187 3469 5256 ἐϐδομήκοντα
3507 5186 3602 5257 έτη
3657 5190 3914 5256 ποιήσας.
3944 5190 4021 5243 Οὑ

2444 5282 2668 5336 δύναται
2727 5280 2783 5333 δὲ
2840 5281 2999 5348 λόγος
3062 5279 3284 5344 ἐπάξιος
3336 5278 3436 5349 τήν
3490 5283 3745 5350 τραχεῖαν
3803 5282 4024 5351 έκείνην

2446 5370 2649 5441 ἔρημον
2680 5369 3040 5439 διηγήσασθαι
3091 5372 3191 5438 τῆς
3230 5370 3287 5420 ἐν
3339 5368 3418 5434 τῷ
3460 5369 3595 5438 ὄρει,
3625 5371 3683 5422 ἐν
3711 5362 3755 5437 ᾧ
3813 5371 4024 5436 ἐκεῖνος

2448 5462 2773 5525 ἐκαθέζετο,
2840 5462 3109 5531 μηδέποτε
3170 5461 3448 5513 κατελθὼν
3503 5464 3583 5525 είς
3624 5462 3723 5530 τὴν
3774 5465 4025 5536 οίκουμέ-

2448 5571 2565 5622 νην.
2617 5554 2891 5621 Ἀτραπος
2948 5551 3004 5602 δὲ
3055 5552 3212 5620 στενή
3260 5568 3344 5614 τις
3372 5548 3453 5621 ’ἦν
3503 5554 3614 5606 τῶν
3666 5555 3800 5627 πρὸς
3858 5557 4023 5611 αὑτὸν

2448 5642 2713 5697 ἀπιόντων
2749 5682 2763 5705 ,
2805 5640 2881 5702 ὡς
2930 5638 3086 5707 μόλις
3143 5637 3444 5691 ἐπιϐαίνειν
3491 5641 3605 5703 τοῖς
3665 5640 3834 5710 ῖχνεσι
3884 5642 4015 5703 τοὺς

2452 5731 3071 5803 ἀφικνουμένους,ἐνθεν
3106 5730 3361 5785 κάκεῖθεν
3408 5731 3572 5785 λίθων
3605 5733 3812 5803 ἀγρίων
3838 5751 4028 5803 παρα-

2452 5819 2873 5897 κειμέ“ίων.Ἦν
2903 5822 2960 5876 δέ
3014 5823 3319 5894 καθήμενος
3353 5825 3458 5877 ὑπὸ
3511 5824 3716 5896 πέτραν
3762 5824 3887 5879 τινὰ
3944 5828 4025 5889 εἰς
