4258 6358
239 424 385 485 I133

1514 428 1838 490 HISTORIA
1874 425 2233 484 LAUSiACA.

3350 434 3486 503 I154

312 547 611 617 Postquam
639 555 816 601 autem
849 545 1047 601 multos
1074 558 1285 614 quoque
1304 543 1437 599 alios
1464 543 1649 601 Patres
1675 543 1814 599 vidi-
1844 546 1893 602 A
1919 546 1974 597 et
1998 539 2231 609 seipsum
2262 538 2618 611 vilipendens.
2648 540 2783 600 Cum
2810 557 2908 600 nos
2932 553 3111 601 autem
3153 546 3374 603 multum
3408 566 3495 604 re-

240 654 385 704 mus,
415 647 676 692 venerunt
719 637 909 690 fratres
964 636 1118 690 nobis
1158 636 1535 689 annuntiantes
1560 648 1813 689 consum-
1915 645 2189 701 garemus,
2219 639 2278 686 ut
2312 631 2730 688 adhortatorium
2761 635 2913 690 nobis
2950 650 3248 691 sermonem
3270 637 3495 703 diceret,

243 738 445 781 rnatum
468 743 590 782 esse
615 726 826 782 beatum
852 726 1109 781 Joannem
1140 726 1299 779 modo
1325 725 1552 794 quodam
1582 723 1814 778 admira-

244 818 339 871 bili
373 835 388 871 :
418 831 540 870 nam
569 831 691 871 cum
716 817 970 883 jussisset
1012 823 1071 869 ut
1102 825 1207 868 tres
1233 815 1347 869 dies
1378 816 1643 869 neminem
1668 814 1815 869 sine-

245 916 371 962 rent
395 907 463 960 ad
484 922 543 961 se
572 907 773 971 venire,
798 904 1025 975 genibus
1047 905 1201 960 ﬂexis
1239 904 1307 959 ad
1335 907 1653 969 orationem,
1681 917 1814 957 con-

242 1005 542 1053 summatus
569 1005 691 1062 est,
730 995 797 1050 ad
826 995 991 1051 Deum
1029 996 1285 1059 veniens,
1315 994 1400 1050 cui
1428 993 1597 1065 gloria
1625 992 1680 1048 in
1712 1007 1815 1048 ste-

244 1089 384 1144 cula.

799 1176 1025 1233 CAPUT
1064 1176 1273 1232 XLVII.

846 1266 925 1319 De
956 1265 1233 1322 Pwmem'a.

323 1356 373 1411 Is
412 1370 623 1426 quoque
648 1371 772 1411 cum
821 1357 1018 1411 Christi
1048 1357 1247 1412 ancilla
1278 1356 1576 1424 Pmmenia,
1606 1370 1724 1425 quae
1751 1353 1819 1410 ad

248 1462 376 1503 eum
416 1446 701 1500 videndum
750 1456 1073 1514 accesserat,
1102 1462 1209 1502 non
1234 1459 1315 1503 est
1354 1447 1567 1517 quidem
1590 1447 1818 1501 collocu-

259 1547 369 1603 tus,
399 1537 719 1604 signiﬁcavit
748 1548 922 1595 autem
948 1539 1002 1594 ei
1030 1555 1239 1609 quoque
1258 1538 1498 1610 quaedam
1525 1553 1742 1594 arcana.
1760 1539 1823 1593 Ei

251 1637 434 1683 autem
483 1632 754 1696 przrcepit,
812 1629 997 1685 dicens
1039 1648 1056 1686 :
1096 1631 1436 1686 Descendens
1472 1646 1501 1685 a
1530 1630 1820 1697 Thebaide,

256 1732 325 1771 ne
347 1718 601 1770 deﬂectas
624 1718 1017 1786 Alexandriam,
1043 1720 1467 1790 quandoquidem
1492 1720 1719 1772 futurum
1741 1727 1824 1773 est

252 1815 312 1862 ut
336 1807 498 1861 cadas
527 1806 577 1860 in
601 1807 941 1861 tentationes.
966 1808 1040 1862 Ea
1055 1816 1232 1863 autem
1251 1808 1427 1878 magni
1450 1807 1666 1861 Joannis
1686 1823 1821 1876 pra:-

1914 721 2003 774 vix
2032 720 2084 774 in
2110 721 2349 776 animum
2380 721 2583 775 induxit
2609 731 2665 777 ut
2692 724 2844 778 nobis
2884 739 3049 793 pauca
3092 726 3380 782 dissereret
3425 730 3495 782 de

1916 811 2345 867 mansuetudine.
2380 810 2450 876 Is,
2485 827 2606 867 cum
2638 812 3045 884 hippopotamos
3082 817 3368 885 aliquando
3399 834 3492 873 va-

1922 906 2094 955 staret
2121 902 2347 954 vicinam
2375 902 2669 969 regionem,
2696 914 2847 959 stans
2874 919 3037 975 prope
3063 905 3297 970 ﬂuvium,
3338 924 3490 972 roga-

1921 1000 2008 1047 tus
2029 989 2097 1044 ab
2124 989 2393 1059 agricolis,
2425 990 2533 1045 visa
2560 991 2735 1048 bellua
2760 995 2985 1063 ingentis
3014 998 3415 1064 magnitudinis,
3438 1000 3487 1053 ei

1920 1084 2199 1154 praecepit,
2249 1084 2434 1139 dicens
2487 1102 2500 1137 :
2549 1085 2815 1142 Denuntio
2864 1088 2955 1142 tibi
3012 1089 3065 1145 in
3120 1090 3332 1146 nomine
3373 1091 3497 1146 .Iesn

1918 1174 2144 1241 Christi,
2178 1189 2247 1229 ne
2272 1176 2500 1244 amplius
2530 1186 2706 1231 vastes
2730 1177 2866 1233 hanc
2889 1180 3181 1249 regionem.
3204 1181 3295 1237 [lla
3320 1194 3495 1237 autem

1927 1274 2177 1333 tanquam
2209 1264 2277 1318 ab
2298 1265 2484 1334 angelo
2513 1265 2633 1321 loco
2665 1266 2835 1334 pulsa,
2863 1269 3079 1323 omnino
3108 1271 3343 1325 evanuit.
3398 1271 3488 1326 Sic

1920 1357 2079 1412 etiam
2102 1357 2385 1428 aliquando
2413 1358 2589 1429 abegit
2611 1359 2957 1415 crocodilum.

2547 1470 2773 1528 CAPUT
2810 1472 2870 1528 L.

2350 1560 2430 1614 De
2480 1560 2658 1614 abbate
2700 1560 2907 1616 Theatra
2930 1561 3071 1634 (98).

2002 1652 2236 1708 Vidimus
2266 1652 2423 1706 etiam
2456 1652 2616 1705 alium
2644 1667 2749 1708 non
2800 1656 2983 1724 procul
3009 1670 3039 1709 a
3068 1656 3302 1723 civitate,
3330 1658 3379 1713 in
3405 1673 3495 1714 so-

1928 1743 2175 1809 litudine,
2205 1746 2419 1798 nomine
2444 1744 2685 1811 'l'heona,
2716 1746 2889 1800 virum
2916 1758 3179 1815 sanctum,
3200 1750 3251 1804 in
3273 1751 3490 1806 domun-

1924 1832 2040 1887 cula
2073 1847 2318 1888 seorsum
2346 1833 2631 1899 inclusum,
2659 1833 2750 1902 qui
2806 1843 3046 1903 tempore
3095 1838 3309 1908 triginta
3335 1855 3497 1895 anno~

255 1897 559 1997 dictionem
574 1897 659 1950 vel
705 1896 857 1997 nihili
911 1897 1111 1997 ducens
1138 1939 1154 1963 ,
1193 1996 1197 1997 γ
1246 1898 1332 1997 Ve!
1408 1895 1528 1966 eius
1550 1987 1567 1997 _
1604 1896 1771 1997 (ξδξίῑι
1805 1936 1821 1959 ι
1853 1900 1901 1961 Β
1930 1934 2049 1975 rum
2083 1921 2352 1975 silentium
2384 1895 2696 1977 exercuerat
2728 1895 2931 1991 (nam,
2956 1925 3043 1977 lib.
3074 1940 3130 1990 ιι,
3164 1895 3291 1994 cap.
3342 1927 3421 1997 6).
3454 1929 3498 1982 Is

250 1988 472 2042 deﬂexit
498 1990 894 2053 Alexandriam,
916 1998 975 2042 ut
998 1988 1205 2043 videret
1231 1987 1522 2043 civitatem.
1548 1987 1607 2043 In
1629 1989 1821 2043 itinere

254 2090 436 2139 autem
460 2099 623 2152 prope
646 2085 829 2139 urbem
854 2083 1036 2146 Nicias,
1066 2082 1131 2135 ad
1154 2095 1273 2136 eam
1302 2089 1643 2136 accesserunt
1661 2094 1827 2135 naves

252 2175 371 2245 ejus
394 2174 705 2244 quiescendi
736 2173 926 2243 gratia.
954 2172 1165 2241 Egressi
1186 2179 1365 2226 autem
1397 2171 1575 2226 famuli
1597 2186 1661 2226 ex
1691 2185 1821 2239 qua-

249 2269 371 2323 darn
400 2267 682 2321 insolentia
713 2281 835 2321 cum
878 2266 1023 2321 illius
1072 2264 1174 2320 loci
1202 2265 1605 2331 habitatoribus,
1638 2280 1823 2321 amen-

252 2357 392 2413 tibus
419 2365 472 2411 et
496 2357 785 2427 proﬂigatis
809 2355 1133 2420 hominibus,
1163 2370 1353 2410 manus
1396 2363 1820 2410 conseruerant:

256 2448 349 2518 qui
378 2448 595 2519 quidem
616 2449 773 2503 unius
788 2447 1000 2515 quidem
1021 2446 1252 2501 eunuchi
1274 2446 1493 2516 digitum
1515 2452 1823 2506 secuerunt,

255 2536 417 2591 alium
444 2545 621 2591 autem
646 2536 978 2599 occiderunt,
1005 2534 1310 2605 Dionysium
1338 2544 1514 2590 autem
1556 2535 1827 2589 sanctissi-

256 2642 401 2681 mum
431 2627 736 2695 episcopum
768 2627 821 2680 in
851 2626 1067 2680 ﬂuvium
1117 2627 1421 2704 ignorantes
1465 2625 1823 2694 projecerunt,

254 2725 312 2772 et
336 2717 481 2770 illam
506 2716 676 2787 ipsam
703 2717 963 2772 conviciis
985 2723 1043 2771 et
1068 2714 1363 2771 maledictis
1384 2717 1749 2786 impetierunt,
1772 2724 1827 2773 et

258 2806 495 2879 reliquos
515 2821 704 2863 omnes
731 2821 916 2863 servos
944 2805 1262 2863 sauciarunt.

797 2916 1026 2973 CAPUT
1064 2914 1289 2971 XLVIII.

260 3028 385 3086 Vita
412 3028 610 3084 abbatis
651 3028 913 3083 Ammona:
937 3026 1165 3151 (23%“
1210 3040 1385 3080 eorum
1427 3024 1515 3091 qui
1555 3038 1670 3077 cum
1715 3023 1827 3094 ipso

1929 2026 2050 2067 cum
2084 2011 2339 2081 plurimas
2382 2014 2608 2068 virtutes
2636 2025 2933 2083 perageret,
2967 2014 3260 2070 habebatur
3312 2018 3378 2073 ab
3421 2019 3499 2072 eis

1928 2116 2024 2171 pro
2054 2103 2336 2172 propheta.
2366 2102 2553 2157 Exibat
2572 2102 2717 2158 enim
2747 2105 2811 2158 ad
2843 2105 3011 2173 ipsum
3051 2121 3144 2175 per
3172 2106 3287 2161 dies
3312 2108 3497 2177 singu-

1926 2194 2008 2247 los
2027 2194 2312 2248 multitudo
2332 2194 2728 2263 mgrotantium,
2785 2196 2976 2265 quibus
3006 2211 3193 2250 manus
3222 2197 3498 2267 imponens

1928 2299 2026 2353 per
2055 2282 2367 2349 fenestram,
2416 2282 2715 2339 dimittebat
2741 2298 2835 2340 eos
2864 2285 3013 2342 abire
3049 2286 3246 2341 salvos.
3280 2286 3501 2342 Licebat

1924 2375 2065 2430 enim
2096 2373 2279 2432 videre
2315 2372 2490 2444 ipsum
2531 2374 2817 2430 habentem
2870 2376 3074 2432 vultum
3120 2377 3315 2448 angeli,
3382 2378 3500 2433 anis

1928 2466 2121 2533 oculis,
2168 2473 2224 2520 et
2277 2475 2444 2520 totum
2498 2465 2719 2534 plenum
2766 2467 2997 2522 maxima
3047 2469 3239 2538 gratia.
3283 2468 3351 2535 Is,
3380 2483 3499 2523 cum

1926 2570 2029 2610 non
2057 2555 2224 2610 multo
2248 2563 2376 2609 ante
2398 2563 2640 2625 tempore
2669 2557 2901 2611 latrones
2929 2572 3051 2611 eum
3082 2564 3241 2613 noctu
3270 2560 3501 2613 invasis-

1928 2658 2071 2712 sent,
2103 2645 2472 2703 existimantes
2499 2661 2558 2702 se
2579 2648 2804 2701 multum
2841 2648 2956 2703 auri
3000 2648 3137 2719 apud
3167 2663 3287 2704 eum
3316 2650 3501 2706 inven-

1932 2747 2103 2803 turos,
2134 2747 2188 2792 et
2209 2737 2408 2792 vellent
2433 2752 2554 2793 eum
2582 2738 2846 2805 occidere,
2872 2748 3117 2808 precatus
3142 2749 3246 2806 est,
3272 2749 3326 2796 et
3350 2757 3499 2796 man-

1930 2834 2120 2880 serunt
2148 2826 2451 2883 immobiles
2470 2828 2535 2883 ad
2565 2838 2747 2898 portas
2764 2830 2878 2900 ejus
2898 2845 3067 2899 usque
3081 2830 3146 2885 ad
3163 2831 3499 2888 matutinum.

1925 2914 2057 2971 Cum
2088 2918 2257 2972 turba
2285 2928 2463 2972 autem
2492 2932 2647 2973 mane
2676 2921 2743 2973 ad
2783 2934 2906 2974 eum
2936 2919 3305 2988 accessissent,
3328 2927 3383 2974 et
3408 2934 3501 2975 eos

1932 3005 2041 3076 igni
2075 3007 2334 3061 mandare
2360 3007 2414 3061 in
2445 3007 2625 3063 animo
2652 3007 2929 3075 haberent,
2963 3024 3126 3063 unum
3156 3017 3355 3064 tantum
3380 3025 3501 3064 ver-

1929 3096 2055 3150 bum
2084 3097 2153 3150 ad
2180 3111 2275 3152 eos
2301 3107 2383 3151 est
2403 3098 2614 3153 locutus
2644 3116 2658 3153 :
2688 3098 2861 3156 Sinite
2900 3114 2994 3154 eos
3020 3100 3167 3155 abire
3192 3115 3383 3167 sanos;
3414 3102 3498 3155 sin

331 3195 576 3251 Vidimus
603 3202 780 3250 autem
806 3192 969 3247 alium
992 3203 1203 3261 quoque
1220 3190 1392 3245 virum
1419 3186 1711 3251 Thebaide.
1732 3200 1821 3241 no-
1871 3259 1896 3261 _
1928 3184 2127 3251 minus,
2159 3199 2187 3239 a
2213 3199 2300 3240 me
2328 3184 2495 3255 fugiet
2524 3186 2690 3256 gratia
2713 3188 3067 3243 curationum.
3108 3187 3150 3244 Ii
3175 3204 3303 3244 vero
3326 3189 3498 3261 ipsum

257 3287 405 3343 mine
433 3288 750 3341 Ammonam
780 3281 976 3354 (Itum,
1007 3259 1046 3336 λ.
1092 3259 1155 3347 ιι,
1199 3296 1317 3350 cap.
1356 3278 1437 3350 5),
1487 3277 1696 3333 Patrem
1747 3286 1827 3333 ter
1853 3259 1901 3322 C
1931 3275 2243 3339 audierunt;
2272 3290 2377 3329 non
2400 3275 2667 3331 audebant
2691 3276 2833 3331 enim
2856 3286 3045 3333 contra
3066 3292 3187 3333 eum
3217 3259 3419 3345 dicere,
3448 3289 3502 3333 et

258 3377 403 3432 mille
430 3375 811 3431 monachorum
842 3390 859 3429 :
891 3387 1026 3443 quos
1072 3376 1231 3427 etiam
1288 3371 1592 3425 nominabat
1618 3368 1827 3424 Taben-

259 3468 516 3530 nesiotas,
543 3466 630 3535 qui
662 3464 924 3518 habebant
946 3476 1191 3531 magnum
1217 3461 1336 3514 vitae
1364 3459 1584 3529 agenda:
1614 3458 1827 3512 institu-

259 3567 393 3621 turn,
426 3556 601 3624 utqui
629 3564 685 3609 et
723 3552 913 3608 ovillas
951 3552 1118 3621 pelles
1170 3548 1392 3613 ferrent,
1429 3557 1485 3605 et
1514 3549 1659 3603 vultu
1689 3558 1827 3603 tecto

258 3647 632 3710 comederent,
646 3653 700 3700 et
722 3659 780 3699 se
802 3643 1050 3697 deorsum
1074 3640 1494 3706 inclinantes,ne
1513 3638 1631 3708 quis
1650 3638 1827 3707 proxi-

259 3754 403 3793 mum
434 3737 802 3791 comedentem
835 3733 1126 3801 aspiceret;
1171 3740 1225 3786 et
1265 3739 1467 3784 tantum
1516 3736 1829 3784 exercerent

258 3827 557 3890 silentium,
585 3833 642 3878 ut
690 3824 998 3877 viderentur
1031 3835 1150 3875 esse
1176 3821 1226 3874 in
1257 3819 1562 3883 solitudine,
1593 3834 1829 3888 unoquo-

258 3932 362 3987 qne
394 3916 604 3969 occulte
630 3922 921 3982 peragente
944 3925 1096 3966 suum
1127 3912 1250 3965 vita:
1293 3911 1624 3975 institutum;
1656 3912 1827 3965 solum

258 4015 437 4060 autem
484 4003 663 4073 specie
711 4001 937 4071 quadam
974 4000 1025 4054 in
1057 4014 1240 4054 mensa
1280 3999 1549 4065 sederent,
1574 4009 1828 4055 conantes

260 4109 322 4151 se
350 4095 580 4149 invicem
610 4094 797 4147 latere.
828 4090 1006 4160 Aliqui
1052 4090 1192 4144 enim
1222 4105 1286 4144 ex
1320 4089 1403 4144 his
1429 4089 1595 4144 semel
1637 4088 1722 4143 vel
1748 4088 1830 4143 bis

263 4198 479 4239 manum
512 4183 593 4237 ori
625 4179 959 4243 admovebat,
987 4186 1264 4249 tangentes
1298 4192 1488 4247 panem
1516 4178 1601 4233 vel
1628 4179 1827 4244 oleum,

268 4275 357 4330 vel
382 4273 578 4342 aliquid
606 4286 672 4326 ex
700 4271 765 4325 iis
787 4284 905 4339 qua:
930 4277 1083 4323 erant
1104 4268 1364 4337 apposita,
1395 4275 1588 4323 etcum
1611 4265 1679 4322 de
1699 4281 1830 4321 uno—

261 4379 474 4434 quoque
495 4363 723 4417 obsonio
745 4359 919 4415 semel
940 4366 1264 4427 gustassent,
1285 4358 1520 4412 contenti
1546 4369 1697 4413 erant
1731 4357 1833 4411 hoc

269 4454 561 4517 alimento;
597 4450 684 4504 alii
715 4457 889 4503 autem
916 4461 1105 4515 panem
1133 4444 1332 4500 sensim
1359 4446 1690 4510 mandentes,
1727 4444 1830 4500 alia

267 4555 446 4599 autem
471 4542 793 4610 accipientes
818 4540 948 4595 citra
976 4537 1395 4606 simulationem,
1423 4537 1503 4592 sic
1525 4552 1829 4607 persevera-

276 4636 437 4697 bant;
466 4632 554 4686 alii
577 4608 751 4685 autem
780 4630 1043 4699 jusculum
1076 4637 1154 4681 ter
1175 4636 1377 4682 tantum
1402 4628 1769 4697 degustabant,
1793 4644 1827 4686 ει
1854 4608 1908 4667 Ῑ)

273 4722 496 4791 reliquis
523 4728 699 4775 autem
730 4717 1084 4774 abstinebant.
1121 4720 1250 4785 Quae
1274 4732 1418 4781 cum,
1460 4726 1519 4771 ut
1545 4727 1662 4772 erat
1698 4731 1829 4772 eon-

266 4828 604 4880 sentaneum,
635 4826 807 4867 essem
856 4808 1170 4873 admiratus,
1200 4823 1304 4862 non
1352 4808 1667 4877 pratermisi
1710 4823 1828 4864 eam

260 4920 382 4976 quae
406 4920 472 4961 ex
496 4907 575 4961 eis
600 4904 806 4972 capitur
830 4900 1131 4954 utilitatem.

823 4989 1047 5044 CAPUT
1079 4988 1265 5044 XLIX.

776 5079 854 5134 De
880 5080 1056 5133 abbate
1080 5078 1153 5133 Bc
1180 5079 1318 5151 (97).

340 5177 583 5233 Vidimus
630 5181 806 5227 autem
850 5172 1014 5225 alium
1041 5185 1248 5239 quoque
1273 5186 1480 5237 senem,
1510 5172 1599 5241 qui
1620 5171 1835 5229 lenitate

264 5265 560 5335 superabat
588 5276 774 5317 omnes
793 5260 1059 5323 homines,
1080 5262 1291 5314 nomine
1316 5261 1559 5315 abbatem
1585 5260 1658 5315 Be
1678 5262 1837 5331 (Ruf.

264 5357 386 5424 ﬁn.,
422 5352 461 5405 ι.
512 5367 570 5417 ιι,
619 5366 734 5418 cap.
779 5348 837 5417 4)
872 5365 884 5400 :
918 5347 983 5401 de
1010 5362 1114 5415 quo
1141 5348 1475 5402 aﬂirmabant
1521 5351 1708 5404 fratres
1746 5350 1836 5418 qui

263 5442 407 5512 apud
433 5443 603 5511 ipsum
627 5438 1130 5504 versabantur,eum
1153 5454 1417 5508 nunquam
1442 5438 1670 5507 iurasse,
1692 5455 1829 5495 nun-

270 5547 434 5602 quam
465 5532 531 5586 de
559 5530 737 5598 aliquo
758 5528 1035 5583 mentitum
1082 5542 1225 5594 esse,
1256 5544 1430 5597 neque
1464 5531 1641 5599 aliquo
1670 5532 1831 5587 verbo

271 5622 603 5690 increpasse,
637 5632 808 5687 neque
835 5618 1028 5671 iratum
1054 5616 1246 5683 fuisse;
1279 5626 1394 5672 erat
1414 5619 1555 5673 enim
1579 5618 1695 5688 ejus
1727 5621 1832 5673 vita

266 5710 423 5765 valde
445 5709 646 5778 quieta,
669 5715 723 5761 et
751 5719 926 5761 mores
955 5707 1238 5770 mansueti,
1294 5714 1349 5760 ut
1393 5707 1483 5777 qui
1516 5715 1708 5761 statum
1740 5708 1834 5761 ha-

276 5804 428 5860 beret
448 5800 781 5871 angelicum;
810 5807 927 5854 erat
952 5807 1129 5857 autem
1159 5799 1311 5854 valde
1342 5812 1553 5869 quoque
1597 5799 1827 5866 humilis,

1929 3363 2170 3431 protinus
2196 3363 2384 3418 abiere
2411 3364 2649 3419 latrones
2674 3363 2741 3419 ad
2762 3380 2824 3420 ea
2845 3380 2963 3435 qua
2978 3376 3132 3421 erant
3158 3366 3500 3423 circumcirca

1928 3452 2274 3517 monasteria,
2308 3453 2498 3507 mutati
2528 3452 2782 3519 moribus,
2814 3464 2869 3510 et
2911 3455 2978 3511 de
3021 3454 3084 3511 iis
3113 3470 3231 3525 qua
3260 3457 3501 3511 fecerant

1930 3543 2075 3598 ducti
2107 3543 2440 3611 pmnitentia.
2468 3544 2596 3599 Erat
2619 3552 2795 3600 autem
2819 3544 2901 3600 vir
2927 3545 3168 3600 eruditus
3214 3545 3269 3599 in
3299 3546 3499 3615 triplici

1927 3631 2096 3697 gratia
2144 3645 2477 3700 sermonum,
2532 3632 2587 3686 in
2640 3632 2854 3701 scriptis
2900 3632 3176 3699 Romanis,
3203 3633 3421 3699 Graecis,
3446 3643 3500 3688 et

1928 3722 2277 3794 Egyptiacis,
2305 3724 2438 3778 sicut
2467 3740 2497 3778 a
2545 3724 2722 3779 multis
2749 3732 2803 3780 et
2832 3724 2898 3780 ab
2928 3726 3019 3779 illo
3063 3726 3177 3794 ipso
3228 3726 3495 3780 audimus.

1934 3812 2069 3867 Cum
2096 3816 2237 3867 enim
2268 3829 2365 3868 nos
2386 3816 2697 3885 agnovisset
2734 3831 2853 3871 esse
2890 3817 3150 3886 hospites,
3179 3819 3419 3872 scribens
3446 3822 3497 3872 iu

1930 3905 2147 3969 tabella,
2178 3906 2284 3960 Deo
2308 3917 2523 3975 propter
2560 3921 2657 3960 nos
2683 3907 2787 3975 egit
2807 3906 3025 3977 gratias.
3059 3908 3380 3963 Comedebat
3401 3924 3498 3961 au-

1930 4003 2034 4050 tem
2059 3998 2261 4051 semina
2285 4011 2391 4051 non
2420 4008 2589 4052 cocta.
2639 3996 2807 4053 Noctu
2830 4006 3027 4065 autem,
3058 4010 3117 4054 ut
3145 4000 3314 4065 aiunt,
3338 4016 3492 4069 egre-

1938 4092 2180 4147 diebatur
2199 4107 2229 4147 e
2261 4093 2415 4158 cella,
2446 4103 2497 4147 et
2526 4094 2944 4163 congregabatur
2969 4108 3086 4146 cum
3117 4093 3262 4161 feris,
3306 4106 3358 4148 et
3401 4110 3494 4149 eas

1939 4184 2149 4253 putabat
2184 4197 2249 4236 ex
2284 4197 2344 4237 ea
2374 4198 2529 4250 quam
2562 4183 2789 4237 habebat
2816 4198 2971 4253 aqua.
2998 4184 3126 4238 Erat
3149 4185 3290 4238 enim
3312 4186 3492 4241 videre

1936 4274 2153 4341 vestigia
2186 4272 2517 4339 bubalorum,
2578 4281 2633 4328 et
2672 4287 3012 4343 onagrorum,
3061 4282 3115 4327 et
3144 4277 3492 4343 quarumdam

1931 4380 2271 4433 caprearum,
2298 4366 2439 4420 circa
2488 4364 2605 4434 ejus
2642 4363 3041 4431 monasterium,
3071 4366 3261 4435 quibus
3285 4381 3496 4438 semper

1931 4455 2313 4511 delectabatur.

2533 4525 2755 4580 CAPUT
2813 4525 2903 4581 LI.

2418 4634 2496 4689 De
2523 4636 2701 4690 abbate
2726 4633 2849 4691 Elia
2882 4636 3016 4709 (99).

2009 4722 2250 4777 Vidimus
2279 4730 2453 4775 autem
2502 4724 2664 4777 alium
2690 4739 2898 4793 quoque
2922 4740 3103 4781 senem
3135 4726 3187 4782 in
3215 4728 3498 4783 solitudine

1934 4809 2173 4877 Antinoi,
2190 4824 2307 4879 quae
2324 4822 2404 4864 est
2421 4811 2729 4880 metropolis
2746 4812 3055 4879 Thebaidis,
3075 4816 3241 4871 Eliam
3260 4820 3494 4886 nomine,

1934 4901 2022 4969 qui
2056 4909 2209 4954 natus
2233 4908 2350 4953 erat
2376 4910 2586 4953 centum
2617 4901 2874 4958 etdrcem
2904 4919 3069 4959 annos
3099 4906 3290 4975 (Ila/7.,
3318 4908 3407 4961 tib.
3438 4926 3495 4973 ιι,

1934 5004 2047 5059 cap.
2065 4989 2355 5057 12).Snper
2374 5004 2495 5042 enm
2521 4990 2765 5045 dicebant
2785 4993 3025 5059 Spiritum
3054 4996 3180 5049 Elia:
3225 5000 3492 5066 propheta:

1935 5079 2289 5147 requievisse;
2344 5085 2460 5133 erat
2510 5080 2650 5133 enim
2711 5081 2862 5136 valde
2887 5084 3207 5151 celebratus,
3239 5098 3295 5139 ut
3325 5090 3411 5156 qui
3445 5090 3493 5142 in

1939 5168 2162 5223 terribili
2184 5169 2272 5222 illa
2299 5170 2587 5223 solitudine
2609 5172 3152 5243 egissetseptuaginta
3176 5192 3361 5232 annos.
3385 5179 3498 5236 Non

1936 5269 2110 5329 p0test
2138 5268 2313 5314 antem
2338 5263 2512 5315 oratio
2545 5278 2641 5331 pro
2688 5264 2947 5333 dignitate
3000 5282 3217 5322 narrare
3259 5285 3496 5340 asperam

1938 5350 2082 5403 illam
2146 5346 2533 5418 solitudinem,
2598 5367 2720 5423 quas
2781 5359 2865 5407 est
2925 5355 2975 5410 in
3003 5367 3181 5410 monte
3213 5358 3265 5412 in
3286 5357 3498 5426 qnoille

1940 5435 2183 5501 sedebat,
2216 5451 2484 5503 nunquam
2515 5438 2848 5494 descendens
2878 5444 2929 5495 in
2959 5457 3074 5498 eam
3098 5461 3215 5515 quas
3237 5447 3503 5504 habitatur

1934 5528 2226 5593 regionem.
2275 5524 2373 5581 Est
2424 5530 2564 5583 enim
2609 5532 2847 5599 quaedam
2896 5545 3082 5590 semita
3106 5553 3287 5591 eorum
3318 5540 3405 5606 qui
3433 5540 3499 5595 ad

1933 5618 2103 5686 ipsum
2153 5618 2410 5673 accedunt
2455 5621 2740 5689 ejusmodi,
2789 5633 2845 5679 ut
2884 5626 2969 5681 vix
3028 5629 3229 5695 possint
3259 5630 3501 5685 insistere

1937 5709 2171 5777 vestigiis
2193 5708 2229 5762 ii
2252 5710 2339 5777 qui
2372 5711 2652 5777 accedunt,
2681 5714 2801 5769 hinc
2828 5724 2881 5769 et
2908 5718 3029 5771 inde
3062 5719 3322 5787 lapidibus
3347 5736 3498 5788 aspe-

1934 5798 2009 5854 ris
2035 5798 2318 5853 obvallata.
2362 5798 2487 5854 Erat
2526 5809 2704 5859 autern
2745 5806 2936 5861 sedens
2964 5808 3064 5864 sub
3092 5812 3316 5879 quadam
3344 5820 3493 5879 petra
