4258 6358
814 399 951 454 1135

2265 391 2583 450 PALLADII

3904 378 4053 435 H36

826 528 879 583 in
905 526 1175 595 spelunca,
1203 525 1337 581 adeo
1365 530 1424 580 ut
1466 525 1640 593 ipsum
1666 534 1875 592 quoque
1904 520 2083 577 videre
2108 528 2248 576 esset
2280 520 2387 576 ἴοι·-
2410 520 2460 580 A
2491 525 2681 588 praeter
2724 518 3026 587 opinionem
3077 520 3281 577 ratione
3315 535 3343 575 a
3394 520 3503 575 Deo
3552 520 3945 591 suppeditatur.
4000 519 4064 579 Ei

829 616 1096 672 midahile.
1148 615 1429 669 Tremebat
1458 622 1634 670 autem
1661 614 1769 682 jam
1803 621 1964 678 totus,
2015 622 2072 667 ut
2109 628 2267 682 quem
2301 629 2387 669 se-

836 716 1023 761 nectus
1050 707 1393 774 opprimeret.
1423 704 1581 757 Multa
1603 713 1779 756 autem
1801 702 1948 770 signa
1974 701 2210 770 quotidie
2235 715 2387 767 pera-

826 796 999 867 gebat,
1032 810 1129 849 nec
1172 795 1416 849 cessabat
1464 792 1663 847 mederi
1695 792 2095 862 mgrountibus.
2129 790 2387 845 Dicebant

826 892 1010 939 autem
1034 884 1123 953 qui
1151 882 1289 951 apud
1319 882 1486 950 ipsttm
1517 890 1668 935 erant
1716 880 1917 945 Patres,
1970 881 2233 933 neminem
2275 894 2385 934 mc-

829 976 1046 1031 minisse
1070 975 1187 1044 ejus
1217 988 1469 1028 ascensus
1502 972 1555 1026 in
1586 980 1841 1026 montem.
1863 970 2186 1025 Comedebat
2205 979 2383 1028 autem

824 1068 877 1121 in
910 1075 1184 1120 senectute
1206 1073 1314 1119 tres
1348 1064 1529 1117 uncias
1560 1062 1733 1131 panis,
1763 1071 1816 1116 et
1839 1071 1945 1116 tres
1968 1062 2113 1115 oleas
2140 1075 2379 1129 vespere.

820 1155 880 1209 in
906 1155 1187 1225 juventute
1216 1165 1389 1209 autem
1414 1168 1627 1222 semper
1647 1153 1813 1207 semel
1838 1152 2148 1207 comedebat
2175 1152 2227 1206 in
2254 1150 2383 1207 heb-

823 1248 1075 1303 domada.

1416 1314 1638 1371 CAPUT
1667 1314 1775 1368 LII.

1226 1406 1344 1459 Vita
1370 1405 1562 1457 abbatis
1590 1402 1775 1471 Apollo
1803 1402 1969 1473 (100).

890 1498 1137 1552 Vidimus
1180 1505 1357 1551 autem
1397 1496 1557 1549 alium
1610 1508 1821 1564 quoque
1863 1496 2030 1547 virum
2057 1502 2298 1548 sanctum
2328 1496 2378 1548 in

815 1587 1110 1652 Thebaide,
1136 1587 1187 1639 in
1218 1586 1411 1640 finibus
1434 1585 1765 1654 Hermupolis
1792 1585 1987 1656 (Imm,
2007 1586 2043 1639 Ι.
2070 1601 2125 1650 ιι,
2150 1584 2332 1653 cap.7)
2360 1600 2374 1638 :

815 1681 871 1737 in
898 1696 1055 1749 quam
1079 1680 1331 1734 Servatur
1358 1678 1503 1730 venit
1524 1692 1642 1730 cum
1672 1685 1852 1730 sancta
1884 1677 2043 1729 Maria
2083 1685 2135 1729 et
2157 1676 2371 1744 Josepb,

817 1769 1049 1837 implens
1076 1767 1404 1836 prophetiam
1435 1765 1605 1829 Isaias,
1634 1780 1752 1834 quae
1772 1764 1933 1819 dicit:
1968 1765 2101 1818 Ecce
2122 1765 2376 1821 Dominus

2489 609 2630 663 enim
2666 608 2717 663 in
2735 610 3017 664 solitudine
3038 626 3134 680 per
3151 612 3392 683 angelum
3421 612 3743 666 aﬂerebatur
3762 612 4063 665 nutrimen-

2490 709 2620 753 tum.
2673 699 2798 768 Ejus
2854 710 3029 754 autem
3071 701 3436 757 indumentum
3484 712 3600 756 erat
3637 702 3857 766 lebiton,
3916 701 4061 769 quod

2488 790 2725 844 nonnulli
2775 791 3037 846 colobium
3086 793 3370 861 appellant,
3440 800 3497 846 et
3550 807 3769 862 parvum
3835 793 4060 847 linteum

2487 884 2540 936 in
2592 882 2707 951 ejus
2759 886 2948 952 capite.
2992 884 3115 939 [late
3170 886 3310 940 enim
3349 886 3398 940 ei
3446 886 3730 940 manebant
3774 886 3824 939 in
3865 886 4059 939 solitu-

2486 971 2629 1036 dine,
2682 987 2781 1027 nec
2829 975 3243 1029 veterascebant.
3294 975 3419 1029 Erat
3445 984 3623 1028 autem
3674 974 3728 1028 in
3766 974 4058 1029 solitudine

2486 1064 2776 1134 propinqua
2810 1074 2965 1119 terrm
3004 1080 3121 1134 quat
3157 1066 3441 1131 habitatur,
3467 1065 3665 1119 faciens
3692 1066 3841 1135 signa
3872 1076 3928 1119 et
3954 1067 4057 1119 viro

2485 1162 2623 1207 tutes
2648 1154 2989 1209 admirabiles
3018 1156 3069 1208 in
3104 1156 3300 1210 virtute
3327 1155 3556 1225 Spiritus
3589 1172 3603 1209 :
3646 1170 3781 1225 quas
3834 1162 4056 1224 propter

2481 1243 2721 1297 miraculi
2748 1231 3004 1313 insignem
3029 1246 3441 1313 magnitudinem
3483 1260 3640 1301 nemo
3670 1253 3842 1315 potest
3864 1257 4053 1298 omnes

2480 1333 2679 1399 dicere,
2709 1335 2843 1390 sicut
2870 1335 3171 1390 audivimus
3196 1350 3227 1391 a
3249 1336 3464 1392 senibus
3504 1334 3739 1405 quicum
3764 1348 3831 1389 eo
3854 1347 4046 1387 versa-

2481 1423 2691 1490 bantur,
2718 1428 2807 1495 qui
2839 1426 2937 1496 ipsi
2974 1442 3186 1496 quoqne
3208 1436 3361 1482 erant
3405 1427 3500 1480 viri
3531 1425 3773 1495 perfecti,
3800 1433 3856 1479 et
3879 1437 4051 1492 prme-

2478 1524 2599 1568 rant
2624 1515 2800 1570 multis
2830 1516 3100 1571 fratribus.
3131 1517 3253 1571 Fuit
3282 1518 3458 1584 itaque
3501 1516 3740 1585 protinus
3778 1514 3961 1567 clarus
3986 1527 4046 1567 ac

2478 1603 2803 1675 celebratus,
2839 1617 3084 1676 tanquam
3113 1621 3285 1661 novus
3306 1607 3497 1675 aliquis
3534 1605 3787 1674 propheta
3818 1604 3902 1656 vel
3928 1616 4047 1668 apo-

2477 1698 2665 1764 stolus,
2693 1698 2782 1766 qui
2812 1701 3042 1753 venisset
3057 1707 3240 1751 nostro
3264 1696 3488 1760 saculo;
3517 1703 3709 1749 etcum
3739 1707 3937 1760 magna
3967 1690 4043 1743 fa—

2476 1805 2561 1844 ma
2595 1790 2661 1844 de
2714 1804 2781 1844 eo
2810 1803 2990 1856 sparsa
3044 1797 3205 1855 esset,
3228 1802 3415 1843 omnes
3443 1787 3531 1857 qui
3568 1786 3917 1840 circumcirca
3936 1785 4043 1839 dis-

812 1854 963 1948 se“?
985 1866 1147 1919 super
1170 1853 1359 1948 nubet"
1384 1849 1576 1948 levefl'
1600 1849 1936 1948 “fenje'ﬂin
1965 1847 2287 1948 {Egypmm}
2318 1859 2373 1904 θι
2403 1882 2447 1941 Β
2476 1879 2617 1948 persi
2647 1847 2954 1933 habitabant
2972 1847 3239 1942 monachi,
3268 1847 3478 1945 semper
3507 1876 3571 1929 ad
3598 1890 3717 1929 eunt
3735 1874 4039 1938 veniebant,

811 1946 1113 2011 quatiuntur
1143 1941 1441 1994 manufacta
1471 1938 1683 2009 Egypti
1712 1956 1739 1991 a
1773 1939 1907 1993 facie
1935 1941 2070 2007 ejus,
2106 1950 2161 1994 et
2180 1941 2372 1995 cadent

811 2038 862 2088 in
896 2046 1088 2088 terram
1139 2030 1320 2101 (Isat'ie
1346 2034 1477 2095 xix).
1538 2031 1775 2085 Vidimus
1821 2033 1962 2084 enim
2009 2032 2119 2086 illic
2163 2048 2371 2101 quoque

812 2128 1091 2195 templum,
1116 2124 1169 2177 in
1192 2138 1314 2192 quo,
1342 2124 1580 2192 ingresso
1609 2125 1791 2177 urbem
1829 2123 2136 2190 Servatore,
2164 2139 2243 2178 cet
2262 2124 2372 2180 ide-

810 2226 933 2273 runt
957 2216 1129 2271 omnia
1162 2212 1441 2267 simulacra
1469 2214 1519 2265 in
1542 2212 1729 2267 faciem
1761 2229 1921 2281 super
1953 2224 2170 2267 terram.
2228 2213 2370 2268 Vidi-

808 2325 927 2365 mus
945 2317 1120 2362 autem
1150 2306 1255 2359 illic
1280 2305 1333 2359 in
1354 2306 1636 2360 solitudine
1658 2307 1825 2360 virum
1852 2347 1866 2371 ,
1914 2305 2104 2374 Apollo
2130 2307 2366 2372 nomine,

808 2402 898 2471 qui
927 2397 1248 2453 monasteria
1276 2394 1502 2449 habebat
1531 2412 1688 2466 super
1744 2404 2001 2451 montem.
2059 2396 2182 2450 Erat
2230 2397 2369 2451 enim

810 2502 959 2558 pater
984 2492 1361 2546 monachorum
1389 2490 1596 2544 circiter
1634 2487 2041 2555 quingentorum
2068 2526 2082 2549 ,
2139 2486 2228 2555 qui
2257 2496 2371 2541 erat

809 2584 961 2636 valde
990 2584 1164 2637 clarus
1189 2593 1247 2637 et
1269 2582 1565 2637 celebratus
1585 2580 1636 2633 in
1650 2577 1949 2642 Thebaide;
1978 2588 2233 2648 erantque
2255 2580 2371 2647 ejus

810 2688 1002 2742 magna
1024 2688 1207 2739 opera,
1248 2684 1301 2727 et
1329 2686 1545 2739 magnas
1585 2670 1809 2723 virtutes
1850 2684 1942 2737 per
1988 2684 2109 2723 eum
2146 2668 2371 2725 facirbat

809 2767 1083 2829 Dominus,
1114 2778 1168 2821 et
1198 2768 1426 2835 plurima
1450 2768 1598 2835 signa
1633 2774 1687 2819 et
1732 2766 2061 2820 admirabilia
2109 2781 2203 2835 per
2250 2782 2370 2823 eum

807 2857 1199 2913 efficiebantur.
1234 2858 1326 2912 llic
1342 2858 1484 2913 enim
1501 2871 1620 2910 cum
1649 2871 1677 2909 a
1709 2856 1930 2923 pueritia
1954 2856 2172 2910 multam
2190 2867 2372 2912 osten-

807 2948 1460 3011 dissetexercitationem,
1510 2947 1562 2999 in
1614 2946 1845 3014 perfecta
1873 2956 2026 3001 :etate
2079 2947 2238 3002 talem
2290 2956 2373 3004 est

806 3048 1125 3095 consecutus
1152 3038 1398 3107 gratiam.
1455 3035 1587 3091 Cum
1617 3036 1759 3092 enim
1797 3045 1939 3090 esset
1981 3037 2369 3105 octogenarius,

808 3128 911 3184 sibi
933 3143 1179 3197 magnum
1203 3127 1544 3196 congregavit
1566 3127 1954 3181 monasterium
1986 3128 2219 3181 virorum
2248 3141 2369 3195 [er—

806 3218 1092 3283 fectorum,
1119 3219 1207 3287 qui
1240 3227 1484 3286 poterant
1508 3230 1697 3271 omnes
1724 3215 1838 3271 fere
1866 3218 2017 3286 signa
2043 3216 2275 3271 efficere.
2322 3216 2368 3273 Is
2400 3244 2442 3304 ρ

805 3323 925 3363 cum
954 3308 1258 3377 quindecim
1283 3323 1451 3361 annos
1474 3316 1627 3362 natus
1654 3320 1685 3360 a
1711 3306 1907 3361 mundo
1934 3308 2265 3375 secessisset,
2314 3317 2368 3362 et

806 3399 1153 3468 quadraginta
1177 3414 1343 3452 annos
1374 3400 1426 3452 in
1450 3397 1739 3452 solitudine
1764 3398 2126 3463 transegisset,
2158 3408 2211 3450 et
2233 3398 2285 3449 in
2308 3410 2368 3450 ca

807 3505 1020 3545 omnem
1054 3498 1298 3543 virtutem
1322 3490 1645 3543 exercuisset
1673 3504 1685 3541 :
1708 3489 1852 3541 visus
1870 3496 1951 3542 est
1975 3498 2157 3556 postea
2184 3488 2370 3543 audire

805 3580 901 3635 Dei
923 3595 1129 3643 vocem,
1162 3578 1388 3634 dicentis
1418 3579 1466 3631 ei
1498 3594 1512 3630 :
1541 3577 1752 3645 Apollo,
1794 3576 2005 3645 Apollo,
2048 3590 2142 3643 per
2190 3586 2239 3629 te
2278 3590 2365 3630 sa-

805 3670 1057 3738 pientium
1093 3672 1143 3722 in
1168 3668 1422 3738 Egypto,
1443 3676 1495 3720 et
1526 3665 1858 3734 prudentiam
1881 3667 2115 3734 gentium
2137 3666 2367 3735 pruden-

802 3761 929 3816 tium
954 3761 1196 3813 abolebo.
1247 3758 1443 3812 Perdes
1484 3767 1657 3811 autem
1692 3755 1819 3808 mihi
1848 3770 1966 3809 cum
1992 3755 2072 3809 eis
2093 3758 2251 3808 etiam
2276 3768 2360 3807 sa-

803 3855 1011 3920 pientes
1064 3850 1364 3920 Babylonis,
1395 3847 1535 3902 etde
1562 3848 1735 3901 medio
1755 3849 1905 3900 tolles
1933 3859 2141 3898 omnem
2167 3845 2362 3898 cultum

803 3939 1217 4003 daemoniacum;
1252 3948 1308 3991 et
1346 3951 1486 3990 nunc
1518 3936 1649 3989 vade
1692 3935 1743 3987 in
1785 3949 1899 3988 eam
1951 3949 2069 4002 qua:
2098 3933 2365 3988 habitatur

800 4031 1103 4097 regionem;
1149 4028 1427 4097 gcnerabis
1458 4025 1598 4079 enim
1654 4024 1781 4077 mitti
1836 4023 2085 4092 populum
2135 4023 2365 4092 peculia-

802 4133 939 4181 rem,
994 4119 1354 4170 aemulatorem
1386 4116 1644 4169 bonorum
1684 4128 1921 4182 operum.
1968 4112 2016 4167 is
2065 4124 2239 4167 autem
2280 4128 2362 4169 re-

801 4209 1084 4275 spondens,
1123 4206 1251 4259 dixit
1278 4219 1291 4258 :
1324 4202 1494 4259 Aufer
1517 4218 1546 4255 a
1574 4218 1679 4271 me,
1709 4202 1949 4268 Domine,
1986 4206 2361 4272 arrogantiam,

803 4313 868 4351 ne
908 4298 1039 4350 forte
1061 4298 1229 4350 elatus
1246 4308 1401 4361 supra
1427 4293 1833 4356 fraternitatem,
1855 4292 2033 4359 priver
2053 4292 2195 4345 omni
2224 4293 2362 4346 bono

799 4402 958 4455 opere
985 4386 1110 4457 (Tit.
1138 4385 1221 4455 ιι).
1263 4386 1323 4437 Ei
1351 4394 1526 4437 autem
1575 4397 1759 4435 rursus
1804 4384 1933 4435 dixit
1984 4396 2081 4434 vox
2122 4381 2296 4434 divina
2345 4398 2357 4433 :

796 4478 944 4531 Mitte
988 4491 1201 4529 manum
1254 4483 1395 4527 tuam
1448 4487 1607 4541 super
1648 4471 1839 4525 collum
1878 4480 2045 4535 tuum,
2088 4481 2140 4524 et
2168 4469 2360 4523 deinde

798 4563 1237 4632 comprehendes,
1279 4574 1332 4617 et
1368 4560 1594 4615 infodies
1631 4575 1811 4616 arena.
1846 4560 1892 4613 ls
1917 4569 2093 4613 autem
2118 4575 2236 4613 cum
2252 4569 2358 4613 sta-
2386 4597 2437 4656 Β

797 4672 890 4717 tun
914 4673 1126 4713 manum
1167 4659 1395 4712 misisset
1423 4670 1588 4724 super
1617 4654 1832 4721 collum,
1858 4654 2205 4723 apprehendit
2230 4668 2353 4723 par-

796 4769 919 4807 vum
943 4750 1269 4820 .Ethiopem,
1308 4757 1362 4803 et
1398 4762 1519 4802 eum
1548 4744 1737 4800 infodit
1765 4746 1819 4799 in
1852 4759 2010 4798 arena
2042 4747 2355 4799 clamantem

796 4857 849 4899 ut
875 4844 1141 4898 dicentem
1167 4858 1181 4894 :
1238 4841 1347 4908 Ego
1374 4854 1489 4894 sum
1520 4837 1728 4891 dmmon
1776 4836 2057 4900 superbiat.
2088 4836 2154 4889 Et
2174 4850 2356 4890 rursus

793 4935 929 4988 facta
958 4942 1039 4988 est
1067 4945 1167 4986 vox
1188 4929 1254 4983 ad
1280 4944 1421 4993 eum,
1454 4928 1636 4981 dicens
1661 4945 1670 4977 :
1714 4925 1878 4993 Vade,
1944 4924 2190 4994 quoniam
2218 4926 2356 4992 quod

794 5039 825 5077 a
855 5028 965 5077 Deo
988 5021 1219 5091 petieris,
1269 5004 1519 5085 accipies.
1572 5018 1617 5070 ls
1647 5025 1819 5069 autem
1846 5030 1963 5069 cum
1990 5016 2215 5082 primum
2256 5016 2355 5069 hoc

794 5115 1051 5179 audisset,
1078 5111 1342 5182 prolectus
1365 5120 1447 5163 est
1482 5107 1535 5161 in
1579 5122 1694 5161 eam
1724 5122 1841 5175 quae
1880 5107 2146 5161 habitatur
2182 5106 2356 5175 regio-

797 5221 943 5271 ncm,
990 5214 1228 5274 tempore
1254 5200 1448 5257 Juliani
1480 5198 1709 5268 tyranni,
1735 5206 1790 5252 et
1819 5207 1943 5253 tunc
1966 5197 2113 5252 venit
2144 5197 2199 5252 in
2224 5211 2351 5268 pro-

793 5298 1041 5366 pinquam
1062 5294 1421 5349 solitudinem.

859 5387 993 5441 Cum
1020 5384 1299 5455 quamdam
1345 5392 1520 5436 autem
1553 5393 1766 5450 parvam
1808 5387 2117 5447 occupasset
2140 5375 2350 5447 spelun-

788 5496 927 5542 cam,
975 5477 1222 5533 manebat
1240 5476 1423 5529 subter
1439 5480 1695 5527 montem.
1717 5472 1843 5541 Ejus
1864 5481 2039 5525 autem
2062 5485 2193 5538 upus
2213 5479 2346 5531 erat.

788 5580 899 5624 toto
922 5571 1116 5624 diurno
1142 5568 1313 5636 spatio
1339 5579 1519 5634 preces
1543 5564 1729 5628 edere;
1782 5571 1940 5615 noctu
1980 5562 2193 5625 quidem
2224 5574 2348 5613 cen-

787 5662 908 5725 ties,
934 5659 1161 5715 interdiu
1190 5666 1363 5712 autem
1390 5655 1569 5719 toties,
1592 5652 1740 5708 ﬂexis
1758 5652 2000 5724 genibus.
2021 5651 2148 5719 Ejus
2174 5658 2348 5703 autem

784 5750 1095 5808 alimentum
1141 5759 1266 5805 tunc
1314 5761 1521 5817 quoque
1570 5747 1703 5802 sicut
1744 5746 1908 5811 prius,
1965 5740 2261 5798 admirabili
2300 5752 2352 5797 et

2473 1978 2527 2022 et
2556 1978 2802 2039 tanquam
2828 1970 2956 2037 patri
2982 1983 3254 2037 germano,
3276 1967 3414 2021 dona
3446 1981 3569 2021 suas
3606 1965 3907 2020 oﬂerebant
3929 1978 4042 2017 ant-

2473 2076 2605 2116 mas.
2632 2062 2678 2115 ls
2706 2070 2883 2115 autem
2931 2062 3067 2116 alios
3108 2060 3323 2131 quidem
3367 2060 3675 2114 hortabatur
3702 2057 3769 2112 ad
3796 2064 4039 2111 euntem.

2474 2151 2789 2220 plationem;
2818 2150 2953 2206 alios
2976 2166 3102 2206 veru
3131 2150 3457 2218 instituebat,
3506 2159 3565 2204 ut
3590 2155 4040 2219 persequerentur

2473 2241 2743 2307 virtutem,
2802 2256 2919 2310 quae
2945 2251 3186 2297 versatur
3224 2242 3274 2296 itt
3305 2242 3531 2306 actione,
3586 2241 3817 2307 primunt
3857 2248 4042 2293 osten-

2472 2332 2603 2387 dens
2632 2346 2794 2403 opere
2819 2347 2882 2388 ea
2910 2349 3027 2403 qua:
3051 2334 3193 2402 ipsos
3223 2333 3394 2388 facere
3422 2332 3737 2386 admouebat
3762 2344 4036 2395 sermone.

2471 2421 2622 2489 Saepe
2650 2423 2789 2477 enim
2830 2423 2907 2477 eis
2948 2425 3234 2479 ostendens
3260 2423 3717 2486 exercitationem,
3759 2421 4039 2476 Dominica

2471 2512 2639 2567 solum
2670 2528 2792 2569 cum
2820 2513 2897 2568 eis
2917 2515 3265 2570 versabatur:
3298 2517 3408 2583 ipse
3438 2515 3649 2582 quidem
3681 2527 3788 2566 non
3811 2513 4041 2579 amplius

2471 2617 2709 2668 sumens,
2767 2620 2923 2673 quam
2955 2606 3097 2660 olera
3124 2621 3238 2675 qua:
3285 2620 3379 2659 sua
3436 2614 3625 2672 sponte
3662 2610 3960 2657 nascuntur
3988 2603 4039 2655 itt

2475 2702 2648 2757 terra;
2680 2710 2784 2748 non
2816 2709 3009 2764 panem
3035 2696 3245 2749 interim
3267 2696 3350 2749 vel
3383 2695 3646 2764 legumen,
3679 2708 3782 2748 non
3826 2707 3898 2747 ex
3930 2694 4041 2747 tru-

2473 2786 2647 2841 etibus
2695 2788 2945 2841 arborum
2983 2786 3184 2853 aliquid
3226 2785 3536 2850 comedens,
3578 2798 3679 2840 nec
3703 2796 4039 2854 quacunque

2474 2876 2581 2944 igni
2603 2875 2813 2931 admota
2834 2876 3052 2931 veniunt
3071 2876 3123 2929 in
3149 2890 3273 2931 usus
3302 2876 3592 2930 hominum.

2542 2990 2672 3045 Cum
2699 3001 2877 3045 autem
2924 2998 3164 3058 tempore
3222 2988 3416 3044 Juliani
3466 2987 3749 3058 aliquando
3778 2985 4037 3044 andiisset

2474 3084 2687 3138 fratrem
2718 3084 2768 3138 in
2794 3086 3031 3137 exercitu
3061 3090 3271 3152 captum
3293 3081 3528 3137 vinctum
3560 3080 3725 3135 teneri
3756 3080 3809 3134 in
3857 3088 4037 3134 custo-

2472 3175 2577 3243 dia,
2602 3175 2824 3230 accessit
2854 3176 2921 3229 ad
2950 3189 3071 3229 eum
3102 3189 3222 3229 cum
3245 3173 3599 3241 fraternitate,
3622 3187 3815 3243 rogans
3836 3187 3963 3228 eum
3988 3183 4037 3229 et

2472 3269 2786 3333 admonens,
2819 3274 2877 3321 ut
2903 3264 3213 3322 essetfortis
3238 3272 3293 3320 et
3312 3274 3560 3320 constans
3587 3266 3640 3319 in
3670 3263 3966 3329 laboribus,
3988 3272 4037 3319 et

2471 3358 2768 3426 despiceret
2798 3355 3029 3425 pericula
3059 3353 3161 3409 sibi
3199 3353 3550 3409 imminentia.
3582 3352 3715 3408 Dicit
3740 3336 3888 3407 enim
3918 3366 4037 3407 esse

2469 3447 2569 3502 sibi
2597 3456 2803 3515 tempus
2823 3444 3212 3511 certaminum,
3278 3452 3339 3498 ut
3400 3451 3530 3498 tunc
3585 3455 3802 3513 quoque
3884 3456 4037 3495 mens

2468 3536 2583 3605 ejus
2610 3537 2861 3605 probetur
2903 3534 3100 3589 insultu
3129 3534 3496 3588 tentationum.
3546 3531 3829 3602 Postquam
3853 3541 4033 3584 autem

2470 3629 2552 3683 bis
2580 3629 2757 3683 verbis
2777 3629 2890 3696 eius
2918 3625 3152 3680 animum
3170 3623 3521 3690 conﬁrmavit,
3545 3622 3834 3677 adveniens
3860 3620 4033 3677 tribu—

2468 3735 2587 3785 nus,
2614 3720 2704 3788 qui
2735 3718 2961 3788 quodam
2987 3716 3204 3771 sceleris
3228 3714 3497 3770 ferebatur
3513 3715 3731 3782 impetu,
3758 3726 3881 3766 cum
3913 3712 4032 3779 qui-

2467 3812 2587 3865 dam
2618 3811 2666 3865 ei
2689 3810 2758 3864 de
2786 3809 2913 3879 ipsis
2943 3808 3311 3877 signiﬁcasset,
3346 3804 3543 3859 clausis
3566 3803 3730 3872 portis
3753 3800 4032 3865 custodis,

2467 3909 2521 3955 et
2543 3901 2713 3969 ipsum
2738 3908 2789 3953 et
2820 3911 3004 3952 omnes
3032 3897 3119 3965 qui
3147 3910 3266 3949 cum
3285 3908 3347 3947 eo
3368 3900 3521 3946 erant
3542 3890 3831 3945 monachos
3865 3890 4033 3943 inclu-

2465 3993 2555 4057 sit,
2587 4001 2832 4059 tanquam
2864 3990 3067 4042 futuros
3105 3996 3258 4053 aptos
3294 3984 3360 4040 ad
3385 3984 3659 4048 militiam;
3705 3992 3910 4037 etcum
3954 3983 4031 4035 eis

2465 4091 2594 4152 quot
2619 4081 2747 4136 satis
2782 4089 2960 4134 essent
2997 4077 3246 4131 custodes
3279 4073 3661 4140 constituisset,
3703 4071 3923 4126 domum
3945 4086 4030 4124 re-

2464 4174 2585 4236 diit,
2617 4185 2716 4225 nec
2755 4170 3022 4223 auditione
3047 4166 3258 4236 quidem
3296 4166 3363 4220 ab
3406 4165 3483 4219 eis
3522 4162 3695 4233 rogari
3732 4162 4028 4217 sustinens.

2465 4262 2635 4318 Media
2663 4268 2837 4315 autem
2868 4269 3042 4323 nocte,
3076 4256 3367 4326 lampadem
3421 4252 3847 4321 ferens-angelus
3869 4266 4027 4320 appa-

2464 4361 2547 4407 ret
2572 4351 2899 4416 custodibus,
2931 4351 3129 4404 lumine
3156 4349 3426 4402 illustrans
3462 4359 3648 4400 omnes
3674 4344 3763 4413 qui
3793 4351 3949 4398 erant
3976 4344 4027 4397 in

2462 4457 2697 4507 carcere,
2742 4442 2876 4497 adeo
2922 4449 2977 4495 ut
2997 4456 3104 4510 prze
3134 4449 3352 4508 stupore
3377 4438 3583 4492 hiantes
3620 4427 3821 4491 starent
3844 4446 4028 4490 custo-

2463 4535 2577 4589 des.
2616 4533 2718 4601 Qui
2763 4549 2881 4588 cum
2909 4532 3285 4599 surrexissent,
3334 4545 3429 4586 eos
3458 4538 3708 4599 rogarunt
3734 4538 3795 4583 ut
3838 4543 4026 4583 omnes

2465 4625 2693 4691 abirent,
2723 4626 2800 4678 eis
2831 4624 3029 4692 apertis
3052 4623 3261 4693 januis;
3304 4620 3605 4677 fatebantur
3628 4622 3768 4675 enim
3794 4635 3917 4675 esse
3938 4632 4024 4673 sa-

2464 4715 2565 4768 tius
2588 4730 2683 4782 pro
2721 4714 2788 4768 iis
2818 4715 2970 4779 mori,
3003 4728 3159 4781 quam
3193 4728 3309 4781 qua:
3338 4713 3402 4765 ad
3426 4725 3518 4766 eos
3548 4711 3797 4765 divinitus
3851 4710 4026 4765 venis-

2462 4812 2543 4858 set
2574 4805 2870 4858 libertatem
2893 4804 2981 4871 qui
3004 4805 3136 4856 citra
3169 4803 3427 4856 rationem
3453 4801 3821 4855 detinebantur
3848 4800 4025 4870 despi-

2463 4907 2607 4947 cure.
2642 4894 2908 4947 Tribunus
2938 4893 3113 4961 itaque
3140 4905 3261 4945 cum
3311 4892 3702 4959 magistratibus
3733 4903 3892 4944 mane
3929 4904 4026 4944 ve-

2462 4982 2614 5037 niens
2633 4983 2681 5038 itt
2712 4983 3026 5046 custodiam,
3056 4981 3409 5036 conmndebat
3436 4990 3492 5034 ut
3520 4983 3614 5035 viri
3645 4980 4026 5050 egrederentur

2456 5090 2487 5129 e
2508 5074 2751 5140 civitate;
2777 5075 2984 5129 dicebat
3011 5074 3152 5128 enim
3178 5074 3393 5128 domum
3416 5089 3562 5129 suam
3582 5072 3838 5129 cecidisse
3868 5082 4025 5128 terra:

2458 5176 2628 5230 motu,
2667 5174 2721 5219 et
2750 5180 2781 5219 e
2821 5166 2928 5219 suis
2979 5165 3149 5219 servis
3177 5166 3407 5232 optimos
3429 5177 3710 5233 oppressos
3739 5162 3924 5217 fuisse.
3984 5160 4024 5215 li

2458 5268 2635 5314 autem
2665 5257 2780 5313 haec
2805 5258 3096 5320 audientes,
3129 5256 3237 5311 Deo
3272 5258 3472 5327 gratias
3500 5262 3737 5324 agentes,
3776 5252 4024 5307 abierunt

2456 5352 2509 5406 in
2566 5351 2936 5415 solitudinem,
2993 5358 3251 5417 erantque
3300 5362 3487 5402 omnes
3549 5345 3745 5408 simul,
3791 5352 3852 5397 ut.
3891 5344 4025 5398 dicit

2455 5440 2766 5511 Apostolus,
2816 5440 3069 5497 habentes
3117 5453 3210 5494 cor
3259 5452 3421 5493 unum
3473 5445 3529 5493 et
3580 5450 3734 5491 unam
3788 5435 4023 5488 animam

2458 5534 2593 5603 (Act.
2628 5531 2724 5593 tv).

2529 5644 2762 5699 Docebat
2791 5652 2967 5699 autem
3004 5641 3237 5712 quotidie
3268 5638 3445 5694 ornari
3468 5634 3771 5703 virtutibus,
3826 5642 3882 5689 et
3908 5646 4027 5687 ma-

2450 5736 2638 5793 chinas
2669 5735 2861 5791 diaboli
2886 5735 2938 5791 in
2976 5732 3383 5806 cogitationibus
3412 5730 3467 5787 in
3492 5725 3755 5799 principio
3779 5728 4027 5799 ιιι-αλιυδ
