4258 6358
328 371 461 440 1137

1548 360 1917 426 HISTORIA
1952 358 2340 421 LAUSIACA.

3432 349 3570 416 1138

322 480 606 552 σπήλαιον,
631 476 771 529 ὥστε
807 472 904 529 καὶ
918 472 978 526 τδ
1007 471 1136 527 ἰδεῖν
1164 468 1327 525 αὐτὸν
1360 466 1482 523 λίαν
1518 461 1588 539 ἦν
1638 466 1892 541 φοϐερόν.
1920 473 1974 536 Α
1996 464 2325 528 τοσαυτάκις
2356 461 2414 516 δέ
2442 462 2505 552 ἐν
2531 462 2598 532 τῇ
2624 460 2835 533 ἡμέρα,
2876 460 3219 531 κάμπτοντος
3247 461 3315 515 τὰ
3345 462 3566 532 γόνατα.

323 574 565 641 Ἐτρεμε
583 568 639 622 δέ
670 565 860 620 λοιπὸν
896 562 1015 627 δλος
1043 560 1148 616 ὑπὸ
1172 558 1268 614 τοῦ
1291 560 1480 631 γήρως
1506 559 1886 630 συνεχόμενος.

317 663 501 719 Πολλά
542 662 599 715 δέ
648 658 770 714 καθ’
794 657 1035 728 έκάστην
1086 653 1299 725 ἡμέραν
1356 653 1559 722 σημεῖα
1600 650 1889 717 ἐπιτελῶν,

318 758 416 811 καὶ
455 754 683 826 ἰώμενος
712 751 839 814 τοὺς
872 750 1182 819 κάμνοντας
1211 744 1313 800 οὐκ
1360 742 1621 800 ἐπαύετο.
1659 742 1890 812 Ἔλεγον

316 852 375 905 δέ
421 850 550 919 περὶ
602 845 769 902 αὐτοῦ
794 845 845 898 οί
902 842 1148 912 Πατέρες
1184 880 1199 904 ,
1251 839 1335 893 ὅτι
1383 837 1561 901 οὐδεὶς
1613 835 1886 908 μέμνηται

314 945 417 1014 τήν
446 940 613 996 αὐτοῦ
647 942 706 994 ἐν
728 937 805 1009 τῷ
863 936 979 1007 ὄρει
1007 931 1380 1006 γεγενημένην
1417 928 1624 987 ἄνοδον.
1655 928 1884 982 ¹Ἤσθιεν

312 1038 373 1091 δὲ
408 1037 468 1090 ἐν
502 1033 583 1104 τῷ
620 1033 781 1103 γήρει
818 1030 969 1100 τρεῖς
995 1026 1227 1096 οὐγγίας
1274 1026 1439 1096 ἄρτου
1496 1024 1577 1086 εἰς
1627 1020 1888 1091 ἐσπέραν,

316 1128 412 1180 καὶ
462 1125 613 1195 τρεῖς
649 1121 859 1185 ἐλαίας.
897 1120 988 1174 Ἐν
1029 1119 1245 1188 νεότητι
1270 1116 1329 1171 δὲ
1354 1113 1444 1170 ἀεὶ
1492 1112 1562 1169 δι’
1595 1110 1890 1184 ἐϐδομάδος

312 1214 511 1269 ἐσθίων
536 1210 686 1277 ἀπαξ
708 1210 953 1264 διετέλει.

910 1365 1165 1421 ΚΕΦΔΛ.
1199 1364 1326 1418 NB'.

696 1499 839 1570 Περὶ
874 1498 981 1553 τοῦ
1031 1494 1181 1553 ἀϐϐᾶ
1220 1492 1501 1551 Ἄπολλῶ.

393 1655 775 1727 Ἐθεασάμεθα
801 1655 857 1708 δέ
882 1654 975 1708 καὶ
1003 1654 1190 1723 ἕτερον
1243 1650 1415 1722 ἀνδρα
1463 1650 1617 1718 ἅγιον
1663 1646 1891 1716 ὀνόματι

324 1751 590 1818 ’.ὶπολλῶ,
618 1753 676 1804 ἐν
706 1749 956 1816 Θηϐαΐδι,
984 1749 1043 1799 ἐν
1074 1745 1243 1815 ὁρίοις
1283 1742 1700 1813 Ἐρμονπόλεως
1720 1755 1734 1768 ·
1762 1740 1820 1791 ἐν
1856 1731 1890 1811 ᾖ

2006 554 2073 610 Ἦ
2104 554 2280 625 τροφὴ
2330 552 2389 608 δέ
2450 551 2617 606 αὐτοῦ
2662 551 2801 616 τέως
2849 551 3101 622 καθάπερ
3153 553 3369 624 πρῶτον
3420 557 3569 625 παρὰ

1992 644 2129 700 Θεοῦ
2176 646 2236 711 ἐξ
2262 643 2573 715 ἀμηχανίας
2611 645 2948 715 ἐχορηγεῖτο.
3002 644 3091 697 Ἐν
3138 647 3204 716 τῇ
3240 646 3434 718 ἐρήμῳ
3462 648 3572 719 γὰρ

1991 736 2141 809 αὐτῷ
2170 739 2204 806 ή
2229 734 2404 807 τροφή
2435 736 2566 807 παρ’
2598 736 2831 803 ἀγγέλου
2857 734 3165 807 ἐκομίζετο.
3186 737 3261 789 Τὸ
3284 735 3341 791 δέ
3369 738 3572 807 ἔνδυμα

1991 824 2060 902 ἦν
2088 828 2237 900 αὐτῷ
2265 831 2294 883 ὀ
2325 829 2574 895 λεϐιτὼν,
2618 830 2787 901 ὅνπερ
2816 828 2963 893 τινές
3005 829 3247 883 κολόϐιον
3295 847 3571 900 προσαγο-

1998 923 2236 995 ρεύουσι,
2262 923 2358 977 καὶ
2384 922 2587 976 λέντιον
2618 921 2813 993 μικρὸν
2835 922 2928 976 ἐπὶ
2957 924 3059 994 τήν
3107 922 3350 993 κεφαλὴν
3382 923 3567 977 αὐτοῦ.

1992 1014 2182 1069 Ταῦτα
2207 1015 2316 1085 γάρ
2354 1013 2503 1084 αὐτῷ
2533 1014 2591 1067 ἐν
2615 1014 2681 1084 τῇ
2708 1014 2900 1085 ἐρήμῳ
2930 1012 3154 1084 ἔμειναν
3202 1013 3279 1085 μὴ
3314 1013 3568 1067 παλαιου-

2000 1100 2287 1178 μέναῙΗν
2306 1105 2436 1175 γοῦν
2464 1106 2522 1160 ἐν
2548 1106 2614 1177 τῇ
2637 1105 2865 1175 πλησίον
2883 1105 2980 1176 τῆς
3000 1105 3325 1177 οἰκουμένης
3353 1106 3568 1178 ἐρήμῳ,

1994 1200 2051 1251 ἐν
2074 1200 2141 1270 τῇ
2177 1197 2404 1270 δυνάμει
2431 1197 2633 1267 διάγων
2659 1195 2753 1250 τοῦ
2788 1196 3129 1269 Πνεύματος,
3167 1200 3367 1268 σημεῖα
3395 1197 3452 1250 δέ
3474 1197 3571 1250 καὶ

1997 1291 2165 1353 ἰάσεις
2205 1287 2465 1343 ἐπιτελῶν
2494 1287 2832 1357 θαυμαστάς,
2861 1286 2927 1350 ἃς
2960 1287 3060 1339 οὐκ
3094 1286 3158 1347 ἄν
3187 1302 3272 1349 τις
3305 1284 3370 1339 δι’
3402 1284 3570 1353 ὑπερ-

1994 1380 2154 1453 ϐολὴν
2180 1380 2454 1451 θαύματος
2479 1379 2657 1441 πάσας
2682 1377 2916 1443 ἐξειπεῖν
2941 1376 3184 1441 δύναται,
3206 1375 3388 1439 καθὼς
3417 1373 3571 1446 παρά

1992 1475 2103 1527 τῶν
2146 1473 2413 1526 συνόντων
2452 1468 2601 1541 αὐτῷ
2658 1469 3043 1541 πρεσϐυτέρων
3087 1466 3424 1538 ἠκούσαμεν,
3474 1466 3569 1519 καὶ

1994 1562 2175 1617 αὐτῶν
2196 1560 2416 1613 τελείων
2440 1560 2607 1613 ὅντων
2630 1560 2723 1612 καὶ
2758 1559 3076 1629 ἡγουμένων
3113 1556 3313 1626 πολλῆς
3353 1554 3570 1623 ἀδελφό-

1990 1672 2174 1724 τητος.
2215 1654 2442 1721 Γέγονεν
2480 1652 2574 1705 οῦν
2604 1651 2765 1714 εὐθὺς
2812 1648 3095 1719 διαϐόητος
3126 1652 3155 1702 ὁ
3194 1650 3353 1719 ἀνὴρ,
3389 1647 3465 1711 ὠς
3504 1648 3569 1701 ἂν

1994 1746 2112 1810 νέος
2145 1763 2229 1809 τις
2264 1745 2548 1814 προφήτης
2573 1744 2664 1796 καὶ
2694 1741 2991 1805 ἀπόστολος
3037 1744 3102 1811 τῇ
3136 1740 3379 1810 ἡμετέρᾳ
3408 1740 3571 1809 γενεᾷ

307 1847 339 1899 6
366 1846 557 1917 Σωτὴρ
586 1843 725 1916 μετὰ
744 1842 845 1912 τῆς
874 1840 1144 1912 παρθένου
1177 1836 1395 1908 Μαρίας
1430 1834 1523 1889 καὶ
1551 1832 1645 1886 τοῦ
1677 1832 1889 1887 δικαίου
1922 1821 1963 1876 Β
1996 1838 2378 1907 ἐπιφοιτήσας.
2426 1836 2620 1905 Φήμης
2663 1834 2720 1887 δέ
2758 1833 2961 1901 πολλῆς
2996 1833 3125 1903 περὶ
3156 1830 3319 1884 αὐτοῦ
3353 1830 3571 1901 διαδρασ-

321 1938 523 2009 Ἰωσὴφ
554 1935 904 2005 παρεγένετο,
952 1930 1175 1984 Ἡσαΐου
1227 1928 1327 1999 τήν
1377 1923 1710 1997 προφητείαν
1759 1924 1889 1977 ἀνα-

308 2030 555 2102 πληρῶν,
581 2028 866 2098 λέγοντος’
910 2024 1039 2079 Ἰδοὺ
1086 2022 1288 2093 Κύριος
1324 2019 1554 2091 κάθηται
1593 2016 1686 2071 ἐπὶ
1726 2013 1888 2085 νεφέ-

304 2125 405 2193 λης
432 2121 664 2192 κούφης,
699 2119 794 2173 καὶ
817 2117 938 2187 ήξει
962 2118 1041 2180 εἰς
1064 2117 1363 2183 Αἴγυπτον,
1393 2112 1489 2165 καὶ
1513 2109 1887 2180 σεισθήσονται

305 2215 661 2287 χειροποίητα
689 2209 966 2279 Αἰγύπτου
988 2207 1095 2261 ἀπὸ
1128 2204 1420 2278 προσώπου
1448 2201 1635 2267 αὐτοῦ,
1665 2200 1761 2254 καὶ
1786 2216 1847 2253 πε
1865 2230 1886 2243 ο

307 2305 531 2360 σοῦνται
562 2305 656 2358 ἐπὶ
677 2302 774 2374 τήν
795 2301 920 2370 γῆν.
963 2299 1175 2368 ’ἰδομεν
1214 2296 1330 2350 ἐκεῖ
1355 2294 1449 2349 καὶ
1477 2294 1568 2346 τὸν
1588 2291 1713 2345 ναὸν
1735 2288 1882 2355 ἔνθα,

306 2395 639 2458 εἰσελθόντος
654 2392 749 2447 τοῦ
774 2392 1026 2463 Σωτῆρος
1048 2390 1104 2442 ἐν
1124 2389 1191 2460 τῇ
1209 2387 1386 2453 πόλει,
1400 2386 1471 2439 τά
1494 2383 1687 2439 εἴδωλα
1710 2381 1887 2437 πάντα

306 2487 611 2543 κατέπεσεν
654 2484 747 2537 ἐπὶ
782 2482 1074 2555 πρόσωπον
1134 2480 1215 2542 είς
1248 2478 1347 2550 τὴν
1372 2476 1498 2548 γῆν.
1530 2476 1740 2547 Ἰδομεν
1793 2471 1886 2528 οῦν

306 2581 402 2635 τὸν
440 2579 610 2650 ἀνδρα
658 2576 845 2631 τοῦτον
875 2575 933 2628 ἐν
959 2577 1025 2646 τῇ
1056 2574 1248 2645 ἐρήμῳ
1296 2571 1399 2624 ὑπὸ
1426 2569 1487 2623 τὸ
1535 2568 1660 2639 ὄρος
1693 2567 1886 2639 έχοντα

312 2672 713 2743 μοναστήριονν
734 2668 956 2738 Πατέρα
980 2667 1055 2730 ώς
1089 2663 1461 2718 πεντακοσίων
1488 2660 1739 2733 μοναχῶν
1762 2675 1777 2691 ’
1827 2657 1885 2722 ὃς

305 2766 593 2835 διαϐόητος
624 2764 684 2817 ἐν
720 2760 983 2832 Θηϐαΐδιο
1017 2759 1114 2813 καὶ
1157 2758 1295 2828 ἔργα
1331 2755 1542 2826 μεγάλα
1588 2748 1657 2823 ἦν
1714 2749 1884 2821 αὐτῷ,

305 2857 404 2911 καὶ
450 2855 709 2923 δυνάμεις
763 2852 1007 2924 μεγάλας
1056 2849 1233 2903 ἐποίει
1269 2848 1336 2901 δι’
1387 2844 1552 2901 αὐτοῦ
1586 2845 1615 2897 ὁ
1658 2841 1883 2912 Κύριος.

306 2947 518 3017 Σημεῖα
544 2944 603 2998 δέ
630 2944 772 2998 πάνυ
801 2941 973 2996 πολλὰ
1005 2940 1073 2995 δι’
1109 2937 1275 2994 αὐτοῦ
1311 2934 1681 2991 ἐπετελοῦντο.
1720 2928 1887 2996 Οὗτος

306 3035 419 3106 γάρ
446 3036 514 3089 ἐκ
533 3032 786 3088 παιδόθεν
817 3030 1018 3103 πολλὴν
1049 3030 1282 3101 ἄσκησιν
1305 3026 1700 3095 ἐνδειξάμενος,
1718 3024 1775 3077 ἐν
1806 3020 1886 3093 τῷ

304 3128 449 3183 τέλει
472 3127 571 3199 τῆς
597 3125 809 3197 ήλικίας
837 3123 1105 3193 τοσαύτης
1126 3121 1281 3191 ἔτυχε
1315 3120 1556 3191 χάριτος.
1595 3116 1885 3186 Ὀγδοηκς-

308 3220 438 3274 στοῦ
462 3220 571 3291 γάρ
600 3216 677 3271 ὣν
700 3215 855 3280 ἐτους
882 3214 1027 3286 μέγα
1050 3215 1407 3285 μοναστήριον
1434 3207 1613 3281 ἐαυτῷ
1632 3206 1888 3278 συνεκρό-

303 3321 474 3375 τησεν
509 3304 731 3358 τελείων
786 3301 996 3372 ἀνδρῶν
1020 3299 1391 3356 πεντακοσίων
1418 3296 1731 3369 δυναμένων
1757 3311 1886 3369 σχε-

304 3398 397 3452 δην
421 3396 640 3450 πάντων
678 3398 879 3466 σημεῖα
911 3393 1200 3458 ἐπιτελεῖν.
1224 3384 1392 3454 οὗτος
1426 3388 1721 3444 δεκαπέντε
1750 3388 1887 3441 ἐτῶν

305 3486 673 3556 ἀναχωρήσας
701 3483 793 3537 τοῦ
816 3484 1022 3553 κόσμου
1059 3480 1156 3535 καὶ
1179 3481 1585 3552 τεσσαράκοντα
1613 3478 1708 3549 έτη
1737 3478 1794 3531 ἐν
1820 3479 1887 3549 τῇ

305 3576 502 3647 ἐρήμῳ
528 3574 861 3638 διατελέσας,
899 3574 1081 3626 πᾶσαν
1112 3572 1314 3643 ἀρετὴν
1354 3569 1596 3641 ἀκριϐῶς
1652 3568 1886 3638 ἐξασκή-

306 3679 430 3727 σας,
467 3660 695 3732 ὕστερον
751 3661 935 3731 φωνῆς
974 3660 1195 3715 ἀκούειν
1222 3658 1367 3726 εδοξε
1408 3658 1500 3711 τοῦ
1532 3658 1691 3723 Θεοῦ,
1753 3658 1888 3730 πρὸς

306 3754 474 3809 αὑτὸν
531 3754 817 3823 λέγοντοςσ
888 3751 1151 3818 ’Δπολλῶ,
1204 3750 1466 3817 Ἀπολλώ,
1509 3751 1598 3804 διά
1659 3749 1754 3803 σοῦ
1792 3750 1887 3820 τὴν

308 3846 504 3917 σοφίαν
536 3846 644 3899 τῶν
667 3844 982 3913 Δίγυπτίων
1026 3845 1117 3898 καλ⁸
1142 3844 1242 3913 τὴν
1269 3842 1482 3897 σύνεσιν
1512 3842 1621 3895 τῶν
1651 3842 1889 3896 συνετῶν

306 3938 481 3994 ἐθνῶν
500 3939 772 4008 ἀθετήσω.
824 3935 1067 3999 ’Δπολεῖς
1087 3936 1144 3989 δέ
1177 3950 1268 4005 μοι
1301 3936 1399 3987 σὺν
1432 3935 1615 3998 αὐτοῖς
1641 3934 1732 3987 καὶ
1760 3934 1890 3998 τοὺς

309 4032 512 4099 σοφοὺς
545 4030 883 4097 Βαϐυλῶνος,
939 4031 1038 4084 καὶ
1072 4031 1255 4084 πᾶσαν
1292 4029 1388 4099 τὴν
1441 4028 1760 4099 δαιμονικὴν
1787 4028 1887 4081 λα-

305 4124 498 4191 τρείαν
520 4122 888 4191 ἐξαφανίσεις.
950 4120 1059 4173 Καὶ
1088 4120 1183 4173 νῦν
1210 4118 1440 4189 πορεύου
1478 4120 1557 4183 εἰς
1579 4119 1679 4189 τὴν
1707 4120 1888 4171 οἰκου-

310 4216 505 4287 μένην.
527 4215 811 4284 Γεννήσεις
839 4215 947 4283 γάρ
980 4230 1068 4283 μοι
1125 4212 1252 4265 λαὸν
1282 4210 1591 4281 περιούσιον
1643 4209 1889 4280 ζηλωτὴν

309 4308 495 4361 καλῶν
542 4307 741 4377 ἔργων.
788 4306 847 4358 '0
879 4305 937 4359 δὲ
969 4303 1286 4375 ἀποκριθεὶς
1324 4296 1499 4368 εἶπεν,
1536 4302 1738 4371 Ἀφελε
1791 4302 1886 4355 ἀπ’

307 4397 467 4467 ἐμοῦ,
503 4398 779 4465 Δέσποτα,
808 4397 905 4468 τήν
926 4395 1231 4461 ἀλαζονίαν,
1280 4395 1356 4466 μή
1393 4411 1509 4457 πως
1564 4392 1888 4465 ὑπεραρθεὶς

1999 1931 2229 2001 μούσης,
2262 1929 2463 1991 πάντες
2484 1928 2534 1981 οἰ
2565 1926 2722 1997 πέριξ
2754 1926 3026 1998 σποράδην
3052 1925 3303 1996 μένοντες
3344 1924 3569 1993 μοναχοὶ

1996 2022 2132 2093 πρὸς
2159 2021 2321 2074 αὐτὸν
2342 2020 2429 2074 ἀεὶ
2450 2018 2699 2088 ἔφθανον,
2723 2018 2798 2081 ὼς
2815 2017 2986 2086 πατρὶ
3007 2015 3216 2089 γνησίῳ
3236 2015 3332 2079 τὰς
3362 2013 3569 2068 ἑαυτῶν

1993 2114 2168 2185 ψυχάς
2197 2113 2344 2184 δῶρα
2372 2112 2790 2185 προσφέροντες.
2836 2110 2894 2164 Ὀ
2917 2111 2972 2162 δὲ
3003 2109 3095 2173 οὒς
3130 2110 3228 2179 μέν
3262 2112 3397 2180 πρὸς
3430 2108 3561 2161 θεω-

1997 2207 2119 2278 ρίαν
2146 2204 2533 2275 προσεκαλεῖτο
2551 2245 2566 2269 ,
2600 2200 2691 2265 οὓς
2720 2202 2893 2273 δὲτὴν
2916 2201 3224 2272 πρακτικὴν
3250 2198 3567 2262 συνεϐίϐαζε

1996 2297 2272 2369 μετελθεῖν
2302 2296 2531 2367 ἀρετήν·
2563 2293 2778 2364 πρῶτον
2807 2293 3019 2355 δεικνὺς
3048 2292 3215 2363 ἔργῳ,
3255 2293 3398 2363 ἀπερ
3426 2290 3571 2362 λόγῳ

1996 2390 2169 2441 ποιεῖν
2197 2386 2390 2449 ἀλλους
2428 2384 2718 2439 ἐνουθέτει.
2754 2383 3021 2447 Πολλάκις
3068 2383 3175 2456 γὰρ
3214 2381 3570 2437 ἐπιδεικνύων

1994 2480 2177 2542 αὐτοῖς
2198 2478 2295 2549 τήν
2320 2478 2573 2547 ἄσκησιν,
2606 2474 2746 2528 κατὰ
2768 2474 3049 2545 Κυριακὴν
3068 2474 3229 2543 μόνον
3257 2472 3372 2545 μετ’
3388 2472 3569 2526 αὐτῶν

1998 2569 2411 2640 μετελάμϐανεν
2432 2585 2446 2598 ·
2479 2566 2640 2630 αὐτὸς
2670 2567 2789 2635 μὲν,
2822 2567 2853 2636 ἢ
2891 2568 3013 2619 ὅσον
3043 2582 3149 2636 περ
3178 2565 3287 2618 τῶν
3318 2564 3569 2636 λαχάνων

1994 2661 2312 2732 αὐτομάτως
2368 2662 2433 2714 ἐκ
2482 2659 2583 2730 τῆς
2618 2659 2724 2730 γῆς
2768 2658 3051 2727 ἀνεφύετο,
3104 2658 3204 2711 οὐκ
3232 2656 3418 2728 ἀρτον,
3465 2657 3569 2709 οὐκ

1992 2756 2241 2827 ὄσπριον,
2270 2756 2331 2809 οὐ
2362 2754 2471 2808 τῶν
2502 2755 2559 2807 ἐν
2582 2755 2694 2816 τοῖς
2724 2755 2911 2821 φυτοῖς
2939 2750 3170 2817 όπώρων
3200 2767 3252 2824 τι
3280 2745 3569 2818 διαιτώμε-

1992 2865 2101 2912 νος,
2130 2847 2241 2900 οὐδ⁵
2270 2848 2370 2900 ὅσα
2397 2844 2485 2899 διά
2513 2844 2604 2899 τοῦ
2638 2844 2810 2913 πυρὸς
2834 2843 2947 2913 ἔχει
2977 2844 3075 2913 τὴν
3104 2834 3321 2911 χρῆσιν.

2074 2938 2339 3001 Ἀκούσας
2375 2937 2433 2990 δέ
2475 2953 2603 2990 ποτε
2651 2939 2709 2990 ἐν
2737 2938 2846 2997 τοῖς
2894 2933 3175 2989 Ἰουλιανοῦ
3219 2935 3450 3004 καιροῖς,
3484 2935 3567 2988 ὅτι

1992 3028 2220 3099 ἀδελφὸς
2251 3029 2332 3092 εἰς
2377 3026 2667 3098 στρατείαν
2710 3025 3007 3098 κρατηθεὶς
3033 3026 3092 3078 ἐν
3115 3024 3328 3095 φυλακῇ
3355 3022 3569 3093 δεσμώ-

1990 3139 2089 3192 της
2118 3120 2377 3192 κάθηται,
2411 3118 2742 3189 παρεγένετο
2764 3116 2901 3188 πρὸς
2931 3117 3093 3171 αὐτὸν
3125 3116 3264 3187 μετά
3286 3115 3385 3185 τῆς
3412 3114 3568 3169 ἀδελ-

1990 3205 2243 3282 φότητος,
2278 3208 2611 3281 παρακαλῶν
2634 3207 2796 3263 αὐτὸν
2844 3207 2937 3261 καὶ
2971 3206 3238 3262 νουθετῶν
3277 3208 3567 3277 καρτερεῖν

1990 3302 2048 3355 ἐν
2069 3304 2182 3364 τοῖς
2197 3301 2396 3364 πόνοις,
2426 3299 2519 3354 καὶ
2543 3300 2668 3361 τοὺς
2697 3297 3097 3369 ἐπερχομένους
3118 3296 3266 3367 αὐτῷ
3285 3295 3567 3359 κινδύνους

1990 3394 2265 3465 ὑπερορᾷν
2342 3391 2548 3464 Καιρὸν
2596 3392 2706 3462 γάρ
2742 3407 2906 3461 φησιν
2959 3388 3095 3443 εἶναι
3134 3388 3363 3459 ἀγώνων
3393 3387 3563 3459 αὐτῷ,

1986 3484 2109 3537 τότε
2142 3483 2236 3537 καὶ
2265 3481 2363 3553 τήν
2396 3482 2623 3552 γνώμην
2649 3478 2814 3535 αὐτοῦ
2831 3482 2899 3551 τῇ
2922 3480 3029 3532 τῶν
3055 3478 3372 3551 πειρασμῶν
3395 3495 3568 3550 προσ-

1989 3574 2120 3646 ϐολῇ
2142 3574 2551 3644 δοκιμάζεσθαι.
2621 3572 2709 3637 Ὠς
2757 3572 2813 3626 δέ
2854 3570 3207 3644 ἐπεστήριξεν
3254 3570 3420 3627 αὐτοῦ
3467 3570 3567 3642 τὴν

1988 3666 2189 3737 ψυχὴν,
2225 3670 2338 3731 τοῖς
2368 3667 2548 3735 λόγοις
2574 3666 2787 3731 τούτοις
2812 3666 3042 3730 ἐπιστάς
3072 3668 3099 3719 ό
3124 3665 3400 3735 χιλίαρχος
3419 3666 3563 3736 ὁρμῇ

1988 3761 2085 3831 τῆς
2130 3759 2329 3823 κακίας
2362 3761 2691 3830 φερόμενος,
2749 3760 3173 3827 ἐπαγγείλαντος
3210 3758 3359 3827 αὐτῷ
3416 3774 3566 3821 τινος

1990 3866 2117 3924 περι
2136 3851 2561 3917 αὑτῶν,ἐπιθε“ις
2578 3850 2803 3921 κλεῖθρα
2818 3853 2937 3915 ταῖς
2958 3850 3149 3921 θύραις
3172 3853 3272 3920 τῆς
3293 3849 3563 3919 φυλακῆς,

1990 3941 2154 3995 αὐτόν
2189 3958 2246 3993 τε
2272 3940 2364 3993 καὶ
2390 3942 2515 4003 τοὺς
2541 3940 2659 4011 μετ’
2692 3941 2858 3995 αὐτοῦ
2886 3941 3153 4011 μοναχοὺς
3193 3940 3401 4003 πάντας
3430 3955 3567 3992 κατ-

1990 4032 2254 4097 έκλεισεν,
2284 4032 2360 4096 ώς
2391 4032 2731 4101 ἐπιτηδείους
2760 4032 3053 4102 ἐσομένους
3091 4032 3225 4103 πρὸς
3264 4032 3363 4100 τήν
3403 4044 3566 4101 στρα-

1989 4126 2159 4190 τείαν,
2187 4126 2282 4178 καὶ
2314 4124 2561 4193 φύλακας
2587 4124 2806 4186 ίκανοὺς
2840 4123 3023 4186 αὐτοῖς
3059 4123 3431 4193 καταστήσας,
3472 4122 3565 4175 ἐπὶ

1990 4217 2090 4287 τὴν
2115 4214 2310 4268 ἐαυτοῦ
2342 4214 2517 4268 οἰκίαν
2541 4213 2877 4285 ἀνεχώρησε,
2920 4213 3054 4284 μηδέ
3094 4214 3222 4284 ἄχρι
3255 4214 3425 4281 ἀκοῆς
3458 4231 3565 4267 πα-

1994 4305 2328 4377 ρακληθῆναι
2386 4302 2476 4356 ὑπ’
2533 4302 2710 4357 αὐτῶν
2767 4303 3156 4373 ἀνασχόμενος.
3208 4301 3362 4355 Κατά
3411 4300 3468 4355 δέ
3502 4304 3565 4354 τὸ

1995 4400 2343 4472 μεσονύκτιον
2360 4398 2785 4470 λαμπαδηφόρος
2809 4398 3037 4467 ἄγγελος
3061 4396 3307 4467 φαίνεται
3328 4398 3441 4460 τοῖς
3465 4414 3565 4465 φυ-

307 4492 451 4560 ὑπὲρ
484 4489 581 4561 τὴν
603 4490 960 4560 ἀδελφότητα.
990 4488 1048 4541 τὸ
1082 4490 1189 4542 πᾶν
1213 4486 1414 4553 ἀγαθὸν
1446 4484 1725 4555 ζημιωθῶ.
1754 4479 1886 4538 Εἷπε
1912 4514 1966 4573 D
1990 4492 2263 4558 λάττουσι,
2304 4490 2445 4560 φωτί⁵
2496 4490 2928 4560 καταστράπτων
2958 4490 3168 4553 πάντας
3218 4490 3274 4543 ἐν
3307 4491 3386 4561 τῷ
3413 4492 3566 4561 οἰκή-

304 4584 364 4636 δὲ
388 4581 549 4634 πάλιν
594 4580 777 4649 ήθεία
832 4579 981 4648 φωνὴ
1042 4578 1177 4649 πρὸς
1230 4578 1409 4631 αὐτόν·
1446 4576 1733 4630 Ἐπίϐαλον
1789 4577 1888 4647 τὴν

305 4675 471 4747 χεῖρά
504 4690 597 4727 σου
648 4674 739 4726 ἐπὶ
782 4671 871 4725 τὸν
930 4670 1133 4743 αὐχένα
1168 4687 1293 4724 σου’
1327 4670 1420 4723 καὶ
1471 4669 1741 4736 καθέξεις,
1794 4668 1889 4724 καὶ

307 4767 631 4838 κατορύξεις
676 4765 846 4835 αὐτὴν
903 4765 960 4818 ἐν
1014 4766 1081 4835 τῇ
1112 4764 1305 4833 άμμῳ.
1352 4762 1412 4815 '0
1445 4762 1501 4815 δέ
1550 4764 1757 4832 ταχέως
1789 4762 1889 4832 τὴν

306 4862 468 4931 χεῖρα
496 4859 590 4912 ἐπὶ
626 4860 716 4913 τὸν
748 4857 949 4928 αὐχένα
973 4856 1247 4911 ἐπιϐαλὼν
1271 4896 1285 4921 ,
1328 4855 1589 4925 ἐδράξατο
1631 4854 1888 4917 Αἰθίοπος

312 4949 535 5022 μικροῦ’
572 4952 666 5003 καὶ
711 4950 1024 5018 κατέχωσεν
1056 4947 1220 5000 αὐτὸν
1272 4949 1329 5001 ἐν
1360 4950 1426 5018 τῇ
1455 4946 1647 5016 ἀμμῳ,
1680 4945 1888 5015 βοῶντα

310 5043 406 5095 καὶ
432 5041 682 5109 λέγονταο
728 5040 871 5107 Ἐγώ
896 5041 1012 5109 εἰμι
1056 5038 1085 5090 ό
1108 5039 1211 5107 τῆς
1246 5037 1626 5108 ὑπερηφανίας
1655 5037 1885 5105 δαίμων.

308 5134 420 5187 Καὶ
445 5133 609 5186 πάλιν
635 5130 785 5202 φωνή
817 5130 1034 5199 ἐγένετο
1073 5128 1209 5199 πρὸς
1260 5127 1442 5193 αὐτὸν,
1478 5126 1741 5195 λέγουσα·
1780 5128 1889 5181 llo-

310 5224 500 5298 ρεύου,
531 5225 611 5277 ὅτι
642 5225 748 5277 πᾶν
781 5222 809 5276 δ
852 5224 947 5277 ἐάν
996 5222 1197 5293 αἰτήσῃ
1227 5218 1379 5291 παρά
1407 5218 1500 5273 τοῦ
1534 5217 1667 5273 Θεοῦ
1719 5218 1884 5293 λήψῃ.

326 5318 387 5369 ’0
422 5316 478 5369 δέ
510 5315 669 5378 εὐθὺς
713 5314 951 5379 ἀκούσας
986 5316 1065 5377 εἰς
1088 5313 1189 5384 τὴν
1224 5311 1548 5383 οἰκουμένην
1577 5308 1884 5381 ἐξώρμησε,

312 5406 458 5462 κατὰ
482 5406 573 5460 τὸν
596 5406 787 5479 καιρόν
837 5404 1125 5461 Ἰουλιανοῦ
1143 5403 1237 5460 τοῦ
1265 5404 1555 5477 τυράννου,
1581 5404 1676 5459 καὶ
1703 5420 1886 5475 παρα-

311 5499 499 5555 ϐάλλει
524 5500 662 5563 τέως
691 5501 748 5554 ἐν
776 5502 843 5571 τῇ
872 5498 1095 5570 πλησίον
1122 5499 1333 5571 ἐρήμῳ.

381 5592 655 5663 Σπήλαιον
676 5592 805 5647 δέτι
846 5590 1042 5664 μικρὸν
1070 5591 1413 5659 καταλαϐὼν,
1446 5592 1565 5647 ἐκεῖ
1589 5593 1888 5665 κατέμενεν

308 5683 417 5738 ὑπὸ
448 5685 509 5738 τὸ
530 5686 676 5755 690;.-
708 5684 783 5737 Τὸ
814 5683 871 5737 δέ
894 5683 1054 5755 ἔργον
1078 5682 1245 5739 αὐτοῦ
1277 5679 1346 5755 ἦν
1373 5684 1435 5739 τὺ
1461 5686 1592 5752 πᾶν,
1626 5686 1888 5758 ήμερίους

306 5776 472 5847 εὐχὰς
497 5775 791 5831 ἀποδοῦναι
824 5776 899 5849 τῷ
918 5776 1060 5849 Θεῷ,
1092 5778 1443 5845 έκατοντάκις
1473 5777 1572 5851 μὲν
1608 5778 1669 5836 ἐν
1698 5781 1874 5851 νυκτὶ,

1993 4602 2122 4655 ματι
2141 4601 2155 4615 ο
2186 4583 2261 4646 ώς
2285 4584 2375 4637 ὑπ’
2401 4580 2714 4653 ἐκπλήξεως
2740 4582 2956 4652 ἀχανεῖς
2973 4581 3225 4652 γενέσθαι
3245 4585 3369 4647 τοὺς
3393 4583 3565 4653 φύλα-

1991 4693 2091 4740 κας
2107 4717 2121 4740 ,
2144 4676 2193 4729 οῖ
2214 4677 2307 4729 καὶ
2329 4674 2657 4737 ἀναστάντες
2685 4674 2869 4743 ἠξίουν
2892 4675 3088 4738 αὐτοὺς
3112 4674 3366 4730 ἀπελθεῖν
3389 4677 3568 4730 ἀπανι-

1989 4784 2109 4833 τας,
2150 4767 2259 4820 τῶν
2302 4766 2480 4837 θυρῶν
2521 4765 2704 4828 αὐτοῖς
2751 4764 3122 4834 ἀνοιχθεισῶν.
3170 4766 3427 4835 ¹Ἄμεινον
3455 4767 3567 4838 γὰρ

1990 4855 2128 4911 εἶναι
2158 4860 2341 4921 αὐτοῖς
2365 4857 2617 4910 τεθνάναι
2648 4856 2787 4925 ὐπέρ
2831 4856 3010 4909 αὐτῶν
3044 4857 3431 4928 ώμολόγουν,ή
3465 4859 3567 4929 τὴν

1990 4948 2172 5001 θεόθεν
2194 4948 2451 5000 ἐλθοῦσαν
2475 4950 2587 5010 τοῖς
2608 4948 2818 5015 ἀλόγως
2845 4949 3225 5019 κατεχομένοις
3249 4948 3569 5019 ἐλευθερίαν

1989 5041 2257 5112 παριδεῖν.
2322 5040 2380 5093 ὐ
2434 5038 2612 5093 τοίνυν
2668 5039 2967 5111 χιλίαρχος,
3015 5042 3112 5094 σὺν
3140 5044 3251 5104 τοῖς
3299 5042 3568 5112 ἄρχουσιν

1988 5134 2157 5188 ἐωθεν
2182 5136 2247 5203 τῇ
2290 5132 2504 5205 φυλακῇ
2553 5133 2801 5200 ἐπιστάς,
2853 5132 3185 5197 ἐσπούδαζεν
3218 5135 3314 5205 τῆς
3360 5135 3564 5199 πόλεως

1987 5227 2115 5291 τοὺς
2156 5225 2355 5297 ἄνδρας
2402 5225 2635 5290 ἐξελθεῖν
2658 5242 2672 5255 ·
2704 5225 2914 5296 σεισμῷ
2960 5225 3068 5297 γάρ
3095 5227 3185 5279 τὸν
3225 5222 3371 5279 οἷκον
3397 5225 3563 5279 αὐτοῦ

1990 5318 2196 5388 ἔφασκε
2224 5317 2593 5381 πεπτωκέναι,
2618 5318 2714 5371 καὶ
2746 5319 2871 5379 τοὺς
2896 5316 3216 5388 ⁴βελτίστους
3260 5318 3370 5371 τῶν
3401 5319 3565 5390 θερα-

1990 5411 2198 5467 πόντων
2221 5408 2384 5464 αὐτοῦ
2409 5409 2812 5478 κατειληφέναι.
2831 5410 2971 5463 Οἱδέ
2997 5409 3073 5473 ώς
3092 5411 3355 5481 ήκουσαν,
3379 5412 3563 5478 φωνάς

1988 5502 2443 5575 εὐχαριστηρίους
2487 5501 2705 5566 ᾅδοντες
2748 5501 2825 5572 τῷ
2858 5502 3000 5573 Θεῷ,
3056 5504 3306 5575 ἀπῄεσαν
3333 5504 3429 5556 ἐπὶ
3461 5506 3561 5575 τὴν

1988 5596 2087 5668 έρη
2096 5613 2215 5667 μον,
2248 5595 2341 5649 καὶ
2368 5588 2509 5665 ἦσαν
2536 5593 2721 5647 λοιπὸν
2744 5594 2877 5664 ὁμοῦ
2908 5595 3107 5659 πάντες
3132 5596 3274 5650 κατὰ
3312 5596 3403 5651 τὸν
3426 5599 3563 5651 ἀπο·

1991 5686 2234 5739 στολικδν
2259 5684 2417 5752 λόγον
2439 5683 2656 5754 ἔχοντες
2690 5684 2919 5756 καρδίαν
2941 5686 3034 5739 καὶ
3059 5684 3236 5757 ψυχὴν
3266 5688 3417 5759 μίαν.

2087 5777 2346 5835 [ἐδίδασκέ
2381 5795 2440 5833 τε
2474 5777 2667 5843 αὐτοὺς
2697 5777 2820 5833 καθ’
2842 5778 3051 5852 ἡμέραν
3084 5779 3406 5850 διαπρέπειν
3440 5783 3561 5845 ταῖς
