4258 6358
732 417 870 483 1139

2177 406 2533 471 PALLADII

3852 415 3987 483 mo

720 538 970 608 ἀρεταῖς,
1006 532 1101 588 καὶ
1126 531 1225 595 τὰς
1263 529 1508 602 μηχανὰς
1534 526 1629 583 τοῦ
1652 526 1901 581 διαϐόλου
1952 524 2052 589 τάς
2095 524 2155 608 ἐν
2184 524 2294 587 τοῖς
2325 523 2377 581 Δ
2400 526 2521 579 τινὰ
2549 526 2884 598 ἐθεράπευον
2906 546 2921 561 ·
2978 529 3072 584 καὶ
3108 529 3360 601 σκόροδα,
3416 532 3513 587 καὶ
3572 532 3834 606 κρόμμυα
3887 536 3987 589 καὶ

719 605 997 688 λογισμοῖς
1014 616 1165 687 παρά
1185 616 1280 685 τὴν
1305 612 1477 683 ἀρχὴν
1499 613 1657 674 εὐθὺς
1673 608 2101 677 ἀποκρούεσθαι.
2116 605 2294 675 Θραυ-

722 704 941 775 σθείσης
970 702 1099 773 γάρ,
1125 699 1279 770 φησὶ,
1320 700 1417 767 τῆς
1456 696 1697 765 κεφαλῆς
1718 694 1813 747 τοῦ
1841 694 2038 761 δφεως,
2064 692 2209 775 ἀπαν
2232 691 2295 743 τὸ

722 790 880 857 σῶμα
900 774 1092 855 νεκρόν
1122 787 1258 836 ἐστι.
1282 782 1483 850 Τηρεῖν
1514 779 1622 849 γαρ
1642 780 1795 847 ήμῖν,
1828 776 2013 844 φησὶν,
2036 778 2065 827 ὁ
2096 774 2297 844 Κύριος

723 870 1029 924 ἐντέλλεται
1080 866 1178 936 τὴν
1231 864 1468 933 κεφαλὴν
1490 861 1585 915 τοῦ
1616 863 1814 929 ὄφεως.
1840 858 2011 911 Τοῦτο
2037 858 2094 910 δέ
2122 860 2295 919 ἐστιν,

723 953 811 1007 ῐνα
844 952 977 1023 μηδέ
1010 951 1158 1019 παρά
1205 950 1305 1017 τὴν
1333 946 1505 1016 ἀρχὴν
1540 944 1665 1007 τοὺς
1698 941 1934 1010 φαύλους
1978 942 2073 993 καὶ
2120 941 2297 1023 ἀπρεξ

723 1021 854 1101 πεῖς
881 1021 1172 1104 λογισμοὺς
1205 1031 1530 1085 διανοεῖσθαι
1564 1024 2008 1095 καταδεξώμεθα,
2049 1024 2189 1093 μήτε
2238 1021 2297 1072 δὲ

722 1122 817 1174 καὶ
842 1103 1207 1189 τήνγαίσχράν
1241 1113 1543 1184 φαντασίαν
1568 1111 1663 1164 τοῦ
1693 1110 1811 1172 νοὸς
1865 1107 2025 1179 ήμῶν
2064 1103 2295 1159 ἀπαλεῖ-

722 1205 844 1275 ψαι,
869 1201 1162 1273 πειρᾶσθαι
1188 1199 1245 1252 δέ
1265 1196 1526 1267 ἀλλήλους
1543 1192 1900 1261 ὑπερϐάλλειν
1920 1193 2037 1275 ταῖς
2052 1190 2295 1275 ἀρεταῖς,

727 1272 801 1359 μή
834 1304 919 1348 τις
948 1284 1187 1337 ἐλάττων
1215 1284 1271 1335 ἐν
1291 1283 1411 1343 ταῖς
1437 1278 1825 1348 εύδοκιμήσεσι
1851 1274 2081 1359 ταύταις
2102 1272 2296 1359 φανείη

723 1356 818 1425 τοῦ
845 1372 1055 1440 ἐτέρου.
1087 1368 1401 1437 Τεκμήριον
1429 1363 1506 1429 δὲ,
1540 1362 1727 1432 φησὶν,
1762 1356 1915 1429 ὑμῶν
1944 1358 2084 1410 ἔστω
2126 1357 2162 1426 ή
2191 1356 2301 1408 τῶν

724 1456 935 1526 ἀρετῶν
958 1451 1231 1524 προκοπὴ.
1266 1450 1393 1502 ὅταν
1411 1446 1508 1516 τήν
1531 1444 1799 1497 ἀπάθειαν
1829 1442 1925 1526 v.01
1966 1441 2067 1509 τὴν
2107 1441 2303 1526 ἀνορε-

728 1522 848 1602 ξίαν
871 1522 1166 1605 κτήσησθε.
1196 1531 1365 1603 Ἀρχὴ
1396 1529 1505 1598 γὰρ
1534 1528 1641 1580 τῶν
1662 1526 1756 1578 τοῦ
1782 1522 1919 1577 Θεοῦ
1945 1523 2301 1605 χαρισμάτων

725 1620 845 1672 ἐστὶ
870 1602 1063 1670 10610.
1094 1617 1263 1668 Ὅταν
1296 1614 1353 1667 δὲ
1403 1614 1496 1665 καὶ
1550 1608 1659 1661 τῶν
1703 1606 1999 1675 θαυμάτων
2044 1602 2303 1665 ἐπίδειξιν

726 1703 879 1769 παρά
900 1700 1036 1753 Θεοῦ
1066 1697 1335 1768 κτήσηταί
1362 1712 1467 1757 τις,
1512 1693 1645 1762 μηδέ
1670 1690 1746 1751 ὡς
1791 1686 2009 1769 ἱκανῶςγ
2031 1686 2171 1769 ἔχων
2204 1702 2305 1753 φυ-

728 1768 982 1845 σιούσθω,
1010 1782 1143 1849 μηδέ
1176 1778 1540 1850 ὑπεραρθήτω
1564 1774 1642 1845 τῷ
1669 1770 1948 1840 λογισμῷ,
1982 1768 2059 1831 ὡς
2097 1768 2198 1838 ήδη
2248 1784 2303 1820 τι

2404 608 2577 663 πολλὰ
2604 610 2715 663 τῶν
2744 612 2979 665 εὐτελῶν
3000 613 3270 682 λαχάνων,
3303 614 3458 678 θεοὺς
3480 616 3728 688 ἐνόμιζον
3746 636 3759 648 ο
3793 618 3870 680 ὡς
3893 619 3987 670 αύ-

2400 694 2498 747 τοῦ
2550 694 2644 748 τοῦ
2669 695 2829 762 ἁγίου
2866 696 3139 759 Ἀπολλῶς
3185 697 3396 767 ήκουσα
3446 699 3804 769 διηγουμένου
3852 704 3983 770 περὶ

2402 778 2600 843 αὐτῶν,
2624 780 2718 832 καί
2746 783 2841 849 τῆς
2861 780 3131 850 προτέρας
3151 781 3443 844 πολυθεῖας
3465 782 3566 853 τὴν
3594 785 3774 836 αἰτίαν
3800 786 3983 852 ἀπαγ-

2401 863 2703 932 γέλλοντος.
2736 865 2839 916 Τὸν
2862 865 2961 933 μὲν
2990 864 3101 933 γὰρ
3129 863 3277 930 βοῦν,
3301 866 3486 933 φασὶν,
3524 866 3901 921 ἐθεοποιοῦντο
3925 870 3975 921 οἰ

2400 945 2463 999 τὸ
2489 947 2619 1015 πρὶν
2641 948 3033 1017 παροικοῦντες
3058 949 3191 1015 ήμῖν
3219 947 3482 1019 Ἕλληνες
3504 989 3520 1011 ,
3558 950 3745 1020 ἐπειδὴ
3776 949 3843 1001 δι’
3876 952 3982 1003 06~

2400 1028 2496 1081 106
2529 1030 2630 1099 τὴν
2683 1030 2959 1099 γεωργίαν
3011 1030 3388 1093 ἐπιτελοῦντες
3437 1033 3536 1102 τὴν
3559 1033 3766 1102 τροφὴν
3790 1032 3987 1102 ἐκομί-

2402 1108 2585 1179 ζοντο,
2617 1113 2678 1166 τὸ
2703 1114 2760 1166 δὲ
2806 1113 2951 1182 ὕδωρ
2983 1114 3076 1166 τοῦ
3125 1113 3344 1175 Νείλου,
3373 1114 3433 1177 6;
3463 1116 3561 1177 τὰς
3583 1116 3766 1183 χώρας
3802 1115 3983 1178 πάσας

2401 1194 2651 1263 ῆρδευεν.
2680 1195 2965 1249 Ἐσέϐοντο
2988 1196 3046 1249 δὲ
3086 1197 3179 1249 καὶ
3217 1195 3315 1264 τὴν
3339 1196 3443 1265 γῆν
3483 1196 3559 1259 ὡς
3590 1198 3983 1267 εύφορωτάτην

2401 1277 2566 1332 οὖσαν
2588 1282 2738 1349 παρὰ
2760 1280 2859 1343 τὰς
2883 1279 3048 1343 ἄλλας
3080 1278 3267 1349 χώρας
3292 1296 3304 1308 ·
3362 1280 3432 1332 τά
3477 1297 3537 1332 τε
3568 1281 3731 1333 λοιπὰ
3795 1280 3985 1349 βδελύ-

2401 1378 2606 1431 γματα,
2640 1362 2809 1425 κύνας
2839 1380 2899 1415 τε
2922 1363 3018 1415 καί⁸
3040 1363 3304 1432 πιθήκους
3327 1361 3422 1416 καὶ
3443 1364 3627 1415 πᾶσαν
3660 1363 3759 1430 τὴν
3796 1363 3995 1433 λοιπὴν

2402 1446 2712 1515 ἀπρέπειαν
2758 1446 2869 1500 τῶν
2929 1446 3083 1509 ζώων
3114 1462 3173 1499 τε
3208 1446 3304 1498 καὶ
3359 1446 3607 1514 λαχάνων
3650 1445 3991 1518 ἐθεράπευον

2404 1532 2525 1584 καθ’
2555 1533 2637 1585 ὅτι
2668 1532 2941 1602 πρόφασις
2969 1532 3150 1593 0610?;
3180 1530 3273 1582 καὶ⁵
3306 1531 3432 1599 περὶ
3458 1529 3629 1583 ταῦτα
3659 1532 3850 1597 γέγονε
3881 1547 3995 1584 σωο

2404 1615 2601 1684 τηρίας
2643 1617 2701 1665 ἐν
2754 1615 2835 1684 τῷ
2879 1613 3075 1682 καιρῷζ
3102 1612 3197 1665 τοῦ
3238 1612 3440 1681 Φαραὼ
3493 1614 3617 1675 τοὺς
3668 1611 3996 1683 ἀνθρώπους

2405 1697 2803 1767 ἀπασχολῆσαι,
2834 1697 2994 1765 ήνίκα
3016 1699 3221 1758 ἐκεῖνος
3256 1696 3470 1766 Ἰσραὴλ
3495 1696 3706 1747 διώκων
3724 1712 3997 1749 κατεπονο

2405 1780 2584 1848 τίσθη.
2620 1780 2889 1839 Ἕκαστος
2909 1777 3018 1847 γὰρ
3046 1779 3175 1848 περὶ
3203 1772 3264 1830 οῦ
3288 1778 3566 1847 ήσχολήθη
3596 1778 3671 1847 μὴ
3702 1779 3997 1844 150110106-

727 1866 889 1919 πλέον
923 1864 1068 1933 παρὰ
1089 1865 1212 1925 τοὺς
1239 1862 1429 1923 ἄλλους
1454 1856 1841 1927 τετιμημένος.
1889 1852 2022 1921 μηδὲ
2064 1853 2139 1914 ὼς
2183 1854 2303 1904 ἐπι·
2332 1862 2374 1917 Β
2404 1862 2573 1932 θήσας
2622 1861 2700 1930 τῷ
2749 1860 2970 1931 Φαραὼ,
2998 1861 3159 1913 τοῦτο
3190 1862 3531 1930 ἐθεοποίησε,
3573 1861 3745 1927 λέγων
3765 1902 3780 1923 ,
3822 1861 4000 1913 Τοῦτό

725 1950 1076 2018 δεικνύμενος
1132 1948 1297 1997 πᾶσιν
1324 1945 1405 1995 ὅτι
1452 1940 1709 2010 τοιαύτης
1741 1939 1932 2005 ἔλαχεν
1967 1936 2206 2006 χάριτος.
2241 1935 2304 1987 Εἰ

725 2032 782 2084 δὲ
819 2032 917 2101 μὴ,
950 2030 1268 2100 φρεναπατᾷ
1301 2025 1512 2086 ἐαυτὸν,
1550 2022 1799 2092 συληθεὶς
1826 2022 1925 2083 τὰς
1954 2020 2181 2101 φρένας.
2212 2018 2307 2071 καὶ

727 2115 826 2185 τῆς
861 2100 1080 2184 χάριτος
1109 2108 1427 2182 ζημιωθείς.
1468 2102 1636 2185 Εἴχεν
1672 2104 1763 2158 οῦν
1797 2103 2009 2174 μεγάλα
2040 2100 2213 2185 ταῦτα
2246 2103 2305 2154 ἐν

729 2182 1178 2265 τοῖςνλογισμοῖς
1215 2194 1548 2263 διδάγματα·
1602 2182 1677 2243 ὧν
1704 2189 1797 2241 καὶ
1828 2188 1989 2257 ήμεῖς
2043 2184 2303 2248 πολλάκις

731 2284 863 2352 παρ’
896 2281 1063 2335 06106
1095 2280 1321 2351 ὕστερον
1355 2276 1696 2346 ἀκηκόαμεν.
1752 2274 1840 2326 Ἐν
1868 2271 1926 2325 δέ
1977 2272 2090 2333 τοῖς
2122 2268 2306 2339 ἔργοις

736 2365 958 2437 μείζονα
981 2366 1245 2419 ἐπετέλει.
1280 2365 1395 2418 Πᾶν
1421 2363 1530 2432 γάρ
1570 2360 1779 2427 αἴτημα
1827 2354 1975 2427 αύτῷ
2002 2353 2165 2417 εὐθὺς
2199 2354 2310 2409 ἐδί-

731 2452 851 2503 δοτο
880 2448 1032 2521 παρὰ
1068 2449 1159 2501 τοῦ
1187 2447 1321 2501 Θεοῦ
1348 2444 1677 2514 αἰτουμένῳ.

805 2534 915 2587 K01
952 2518 1323 2600 ἀποκαλύψεις
1374 2528 1432 2581 δέ
1464 2527 1611 2598 ἐώρα
1659 2524 1832 2587 τινάς.
1893 2518 2021 2577 Εῐδε
2071 2522 2181 2593 γάρ
2220 2521 2313 2575 τὸν

735 2615 932 2671 ἐαυτοῦ
966 2615 1338 2687 πρεσϐύτατον
1368 2612 1596 2680 ἀδελφὸν
1625 2610 1717 2663 καὶ
1743 2608 1905 2661 αὑτὸν
1934 2610 1993 2660 ἐν
2020 2611 2087 2678 τῇ
2117 2609 2313 2678 ἐρήμῳ

734 2700 1109 2758 τελειωθέντα,
1128 2698 1221 2749 καὶ
1250 2696 1476 2765 μείζονα
1508 2692 1784 2746 πολιτείαν
1812 2691 1846 2761 ἢ
1884 2690 2046 2752 0616;
2077 2690 2313 2757 ἐνδειξά-

741 2800 923 2853 μενον.
946 2775 990 2849 ᾧ
1018 2781 1111 2833 καὶ
1148 2779 1308 2845 0616;
1355 2780 1414 2832 ἐν
1435 2780 1503 2849 τῇ
1534 2778 1726 2849 ἐρήμῳ
1756 2776 1922 2829 πολὺν
1959 2774 2152 2847 χρόνον
2182 2792 2313 2829 συν-

739 2866 923 2937 έζησε.
958 2866 1282 2919 Καθ’ῦπνον
1326 2859 1421 2917 οῦν
1451 2860 1781 2930 ἐφαντάζετο
1823 2859 2112 2929 σύνθρονον
2152 2860 2315 2914 0616v

738 2950 850 3004 τῶν
877 2948 1187 3002 ἀποστόλων
1216 2947 1523 3017 γινόμενον,
1562 2945 1657 2999 καὶ
1684 2944 1783 3014 τὴν
1815 2946 2182 3014 κληρονομίαν
2208 2944 2317 2998 τῶν

742 3030 953 3101 ἀρετῶν
986 3029 1133 3100 αὐτῷ
1162 3029 1584 3096 καταλείψαντα,
1616 3028 1709 3079 καὶ
1728 3027 1803 3089 ὡς
1823 3024 2152 3096 ἐπρέσϐευεν
2178 3028 2317 3100 ὑπὲρ

741 3113 906 3167 06106
936 3114 1027 3166 τὸν
1067 3113 1197 3165 Θεὸν
1228 3110 1483 3164 ἱκετεύων
1509 3111 1731 3181 ταχεῖαν
1764 3110 1929 3162 αὑτοῦ
1957 3109 2056 3179 τὴν
2094 3110 2321 3177 μετάθε-

2412 1964 2501 2016 μοι
2532 1947 2663 2008 Θεὸς
2690 1946 2880 2012 γέγονε
2920 1947 3182 2015 σήμερον,
3235 1945 3316 1997 διὸ
3362 1946 3424 1997 06
3464 1947 3865 2016 συναπωλόμην
3914 1946 3994 2015 τῷ

2406 2028 2628 2100 Φαραώ.
2676 2028 2863 2083 Ταῦτα
2914 2028 3010 2098 μὲν
3042 2030 3100 2081 ἐν
3141 2028 3321 2096 λόγοις
3359 2022 3505 2099 εἶχεν
3546 2031 3575 2082 6
3615 2031 3768 2098 ἅγιος
3801 2031 3997 2083 ’Λπολ⁴

2409 2130 2531 2175 λως.

2482 2195 2596 2266 [Ιρὸ
2624 2195 2682 2249 δὲ
2708 2196 2817 2250 τῶν
2840 2196 3037 2266 λόγων,
3070 2195 3215 2265 ἅπερ
3252 2194 3311 2247 ἐν
3352 2197 3465 2260 τοῖς
3506 2194 3689 2266 ἔργοις
3730 2196 4001 2266 ἐκέκτητο

2410 2279 2516 2351 χρὴ
2549 2280 2779 2350 γράψαι.
2804 2275 2987 2333 Ἦσαν
3016 2280 3125 2350 γὰρ
3152 2277 3301 2350 αύτῷ
3332 2295 3461 2331 ποτε
3510 2279 3770 2349 ’Έλληνες
3805 2298 4001 2351 παροι-

2410 2363 2637 2427 κοῦντες
2694 2362 2835 2417 κατά
2894 2363 3103 2425 πάντας
3140 2362 3266 2425 τοὺς
3314 2362 3535 2426 τόπους,
3569 2364 3663 2416 καί
3702 2364 3889 2433 κῶμαι
3941 2364 3999 2416 δὲ

2416 2448 2617 2518 μᾶλλον
2663 2448 2720 2501 αί
2768 2448 2997 2517 πλησίον
3047 2446 3211 2499 06106
3266 2445 3364 2517 τὴν
3423 2446 3742 2516 δαιμονικὴν
3790 2448 4002 2519 πλάνην

2413 2531 2684 2584 ἐσέϐοντο.
2735 2530 2881 2594 Ναὸς
2909 2530 2964 2583 δὲ
2988 2526 3053 2600 ἦν
3092 2531 3347 2599 μέγιστος
3382 2532 3439 2581 ἐν
3474 2532 3574 2600 μιᾷ
3618 2530 3729 2581 τῶν
3771 2531 4000 2599 κωμῶν,

2415 2617 2507 2669 καὶ
2543 2615 2759 2668 εἴδωλον
2785 2616 2842 2667 ἐν
2872 2615 3023 2684 αὐτῷ
3049 2615 3499 2682 ἐπιφανέστατον.
3537 2612 3759 2665 Ξύλινον
3797 2614 3855 2665 δέ
3893 2615 4005 2682 ἄρα

2413 2698 2476 2753 τὸ
2499 2698 2685 2765 ξόανον
2702 2697 2861 2751 τοῦτο
2878 2694 2967 2769 ἦν.
3000 2699 3341 2768 Ἐπόμπευον
3371 2697 3427 2750 δέ
3455 2697 3846 2767 περιφέροντες
3870 2699 4007 2750 0616

2416 2786 2555 2839 κατά
2574 2784 2675 2848 τὰς
2709 2785 2902 2854 κώμας
2928 2785 2977 2837 οἰ
3008 2783 3196 2854 μιαροὶ
3236 2784 3426 2852 ἰερεῖς,
3461 2783 3821 2854 βακχεύοντες
3864 2785 4008 2850 μετά

2415 2866 2511 2921 106
2537 2867 2775 2938 πλήθους
2792 2886 2805 2899 ·
2829 2866 2905 2931 ὡς
2932 2868 3027 2920 καὶ
3050 2866 3191 2935 ὑπὲρ
3212 2866 3307 2919 τοῦ
3328 2868 3661 2936 ποταμιαίου
3686 2866 3881 2929 66010;
3904 2866 4006 2935 τήν

2416 2952 2537 3006 τελε
2548 2954 2641 3025 τὴν
2666 2952 2975 3015 ἀποδόντες.
3010 2950 3214 3021 Συνέϐη
3240 2950 3296 3003 δέ
3320 2950 3440 3003 κατ’
3462 2951 3671 3003 ἐκεῖνον
3690 2950 3784 3003 τὸν
3811 2951 4013 3019 καιρὸκ

2419 3036 2629 3090 ἐκεῖθεν
2654 3036 2909 3106 παριέναι
2935 3034 3024 3088 τὸν
3056 3034 3212 3101 ἀγιον
3256 3032 3521 3099 ’Δπολλῶ,
3573 3033 3689 3102 ἅμα
3722 3034 3867 3085 τισὶν
3896 3033 4009 3085 ὀλί-

2420 3136 2537 3187 γοις
2569 3119 2836 3186 ἀδελφοῖς.
2894 3116 2980 3181 Ὠς
3011 3117 3069 3169 δέ
3101 3116 3176 3169 ῖδε
3198 3116 3257 3169 τὸ
3282 3116 3489 3183 πλῆθος
3518 3115 3779 3183 ἐξαίφνης
3809 3115 4010 3183 δαιμο-

746 3214 831 3249 σιν
853 3196 1142 3261 ποιεῖσθαι,
1175 3198 1267 3249 x01
1294 3197 1391 3249 σὺν
1416 3195 1564 3265 αὐτῷ
1592 3196 1671 3257 εἰς
1716 3195 1843 3255 106;
1888 3193 2151 3262 οὐρανοὺς
2184 3196 2313 3249 ἀνα-
2336 3200 2383 3262 C
2419 3205 2623 3267 νιωδῷς
2653 3203 2796 3257 κατὰ
2824 3203 2922 3274 τὴν
2945 3200 3128 3271 χώραν
3165 3200 3512 3271 μαινόμενον,
3559 3202 3786 3269 κάμψας
3810 3203 3883 3253 τὰ
3912 3202 4008 3267 γά..

744 3278 1053 3342 παύεσθαι,
1084 3278 1330 3341 εἰπόντος
1356 3277 1413 3330 δέ
1444 3277 1580 3348 πρὸς
1610 3275 1771 3329 αὑτὸν
1801 3274 1893 3328 τοῦ
1937 3276 2211 3347 Σωτῆρος,
2240 3278 2321 3330 ἔτι

751 3363 947 3435 μικρὸν
971 3362 1133 3417 0616v
1161 3364 1459 3432 χρεωστεῖν
1506 3360 1655 3431 αὐτῷ
1703 3360 1895 3430 χρόιον
1953 3362 2046 3412 ἐπί
2094 3362 2192 3430 τῆς
2220 3362 2322 3432 γῆς

748 3446 886 3518 πρὸς
910 3445 1007 3517 τήν
1062 3445 1339 3498 τελείωσιν
1362 3484 1378 3509 ,
1426 3442 1584 3514 ἄχρις
1609 3443 1676 3495 ἂν
1704 3443 1805 3511 τῆς
1855 3441 2131 3506 πολιτείας
2156 3442 2321 3496 06106

747 3530 935 3583 πολλοὶ
963 3529 1203 3600 ζηλωταὶ
1228 3528 1460 3581 ἔσονται.
1485 3526 1627 3587 Λαὸς
1664 3527 1775 3598 γὰρ
1816 3525 1969 3595 αύτῷ
2002 3526 2178 3596 μέγας
2214 3524 2325 3581 τῶν

752 3615 999 3686 μοναχῶν
1021 3612 1171 3683 αύτῷ
1204 3609 1735 3683 ἐμπιστευθήσεσθαι
1780 3610 1982 3681 μέλλει,
2016 3611 2110 3662 καὶ
2162 3625 2327 3680 στρα-

748 3698 867 3751 τεία
894 3714 975 3761 τις
1032 3697 1281 3765 εὐσεϐὴς,
1318 3695 1403 3747 ἴνα
1429 3694 1587 3758 ἀξίαν
1607 3692 1716 3745 τῶν
1755 3692 2021 3760 καμάτων
2051 3693 2151 3762 τὴν
2178 3692 2327 3744 εὐδο-

750 3783 981 3852 κίμησιν
1010 3782 1151 3836 οῦτω
1171 3780 1323 3848 σχοίη
1357 3777 1507 3847 παρά
1532 3777 1611 3847 τῷ
1637 3775 1928 3846 κρείττονι.
1945 3774 2130 3827 Ταῦτα
2156 3776 2325 3845 ἐώρα,

751 3866 899 3937 ἀπερ
932 3866 1024 3918 καὶ
1052 3866 1262 3933 γέγονε.
1290 3862 1658 3915 Συνελθόντων
1688 3860 1798 3929 γὰρ
1823 3858 2032 3912 πολλῶν
2063 3858 2327 3913 πάντοθεν

752 3952 812 4017 ἐξ
842 3950 1012 4019 ἀκοῆς
1049 3947 1317 4017 μοναχῶν,
1352 3947 1445 3998 καὶ
1497 3944 1589 3997 διά
1631 3945 1730 4015 τῆς
1763 3944 1985 4013 διδαχῆς
2036 3942 2203 3996 αὐτοῦ
2234 3944 2328 3997 καὶ

750 4032 1098 4102 ἀναστροφῆς
1139 4029 1405 4086 πλείστων
1461 4026 1741 4089 παντελῶς
1783 4025 2212 4095 ἀποταξαμένων
2249 4024 2327 4095 τῷ

754 4115 967 4184 κόσμῳ,
994 4113 1210 4180 ἐγένετο
1230 4110 1474 4164 συνοικία
1498 4108 1608 4161 τῶν
1629 4107 1874 4177 ἀδελφῶν
1898 4108 2033 4177 ὁμοῦ
2064 4108 2199 4179 πρὸς
2227 4108 2329 4159 06-

752 4199 844 4252 16v
870 4202 927 4251 ἐν
960 4198 1037 4267 τῷ
1069 4197 1184 4267 δρει
1245 4196 1371 4265 ἀχρι
1421 4191 1811 4255 πεντακοσίων,
1854 4189 2031 4243 κοινὸν
2082 4191 2190 4243 τῶν
2215 4190 2329 4259 βίον

754 4280 987 4349 ἐχόντων
1014 4282 1107 4331 καὶ
1128 4278 1405 4348 τράπεζαν
1427 4276 1555 4345 μίαν
1575 4274 1963 4344 διαιτωμένων.
1989 4273 2099 4326 K01
2112 4268 2179 4343 ἦν
2202 4274 2330 4327 ίδεῖν

754 4366 955 4426 αὐτοὺς
1006 4362 1304 4432 ἀγγελικήν
1353 4377 1474 4412 τινα
1529 4360 1818 4428 στρατείαν
1877 4358 2327 4426 κεκοσμημένων,

755 4450 948 4519 κόσμῳ
981 4446 1146 4498 παντὶ
1174 4443 1692 4513 ηλευκοφορούντων,
1734 4442 1825 4494 καὶ
1863 4441 1920 4492 τὸ
1958 4440 2057 4510 τῆς
2109 4441 2147 4491 Γ
2153 4442 2330 4511 ραφῆς

2419 3306 2557 3343 νατα
2576 3287 2653 3358 τῷ
2682 3288 2893 3355 Σωτῆρι
2920 3286 3125 3347 πάντας
3152 3284 3409 3353 ἐξαίφνης
3433 3284 3561 3347 106;
3587 3284 3858 3352 Ἕλληνας
3886 3285 4011 3336 ἀκι-

2422 3374 2616 3444 νήτους
2638 3371 2907 3440 ἐποίησεν.
2948 3368 3032 3431 Ὠς
3060 3367 3117 3419 δέ
3148 3366 3432 3435 προελθεῖν
3465 3368 3673 3419 ἐκείνου
3706 3365 3801 3418 τοῦ
3836 3367 4009 3419 τόπου

2424 3457 2524 3510 οὐκ
2550 3453 2829 3525 ήδύναντο,
2869 3451 3027 3513 ἀλλος
3048 3450 3139 3504 τὸν
3170 3450 3329 3503 ἀλλον
3361 3450 3659 3514 ὠθοῦντες,
3705 3449 4011 3518 ἐφρύγοντο

2423 3541 2503 3612 τῷ
2537 3537 2781 3606 καύματι
2811 3534 3162 3605 πανημέριοι,
3188 3534 3249 3586 τὸ
3280 3532 3495 3602 συμϐὰν
3525 3533 3709 3595 αὐτοῖς
3736 3532 4010 3602 ἀποροῦνο

2425 3640 2516 3685 τες
2553 3620 2716 3674 πόθεν
2747 3618 3060 3688 γεγένηται.
3078 3616 3211 3669 Τότε
3243 3616 3293 3669 οἱ
3334 3617 3501 3686 ἱερεῖς
3536 3615 3714 3668 αὐτῶν
3744 3614 4008 3683 ἔφασκον,

2425 3704 2753 3773 Χριστιανόν
2779 3720 2897 3755 τινα
2918 3696 3058 3753 εἶναι
3097 3700 3155 3753 ἐν
3185 3700 3297 3761 τοῖς
3328 3699 3497 3768 ὁρίοις
3544 3697 3721 3751 αὐτῶν
3761 3700 4012 3768 καταμέ-

2427 3805 2589 3842 νοντα
2612 3789 2691 3849 εἰς
2728 3785 2826 3855 τὴν
2862 3786 3088 3855 ἐρημον,
3126 3783 3221 3836 καὶ
3248 3782 3421 3835 ταῦτα
3444 3783 3629 3845 0610?;
3654 3782 4006 3851 ἐνεργοῦντα.

2430 3872 2537 3925 Τὸν
2570 3869 2812 3924 ’Δπολλῶ
2843 3869 3101 3935 ἔφασκον,
3129 3867 3223 3919 καὶ
3253 3866 3361 3918 δεῖν
3400 3865 3563 3917 αὐτὸν
3605 3864 3894 3928 ἱκετεύειν,
3924 3866 4011 3917 ἴνα

2432 3954 2507 4024 μὴ
2538 3951 2951 4006 κινδυνεύσωσιν
2975 3966 2987 3979 ·
3017 3950 3092 4011 ὡς
3117 3949 3172 4001 δέ
3194 3950 3243 4001 οἱ
3275 3947 3556 4018 πόρρωθεν
3590 3949 4013 4016 προσοικοῦντες

2427 4037 2525 4099 τάς
2561 4035 2743 4103 φωνὰς
2766 4035 2859 4087 καὶ
2891 4033 2982 4085 τὸν
3006 4030 3231 4099 θρύλλον
3252 4028 3586 4092 ἀκούσαντες
3615 4032 4008 4099 παρεγένοντο,

2430 4120 2542 4183 καὶ,
2560 4118 2647 4183 Τί,
2668 4116 2822 4185 φασὶ,
2838 4117 2898 4169 τὸ
2923 4114 3135 4184 συμϐἀν
3165 4114 3194 4167 6
3204 4117 3293 4184 μῖν
3314 4114 3597 4181 ἐξαπίνης,
3615 4114 3648 4183 ῆ
3667 4114 3831 4167 πόθεν
3850 4115 4014 4181 γέγοο

2428 4219 2553 4268 νεν;
2578 4202 2643 4255 Οἱ
2674 4202 2731 4255 δὲ
2779 4201 2881 4252 οὐκ
2914 4200 3113 4252 εἰδέναι
3155 4197 3395 4267 ἔφασκον
3421 4238 3435 4260 ,
3468 4198 3607 4266 πλὴν
3651 4198 3710 4251 ἐν
3751 4198 4015 4267 ὑποψίαις

2430 4284 2569 4339 εἶναι
2612 4284 2741 4355 περὶ
2788 4282 2881 4337 τοῦ
2926 4280 3117 4351 ἀνδρὸς
3143 4280 3389 4348 λέγοντος
3438 4280 3513 4343 ὡς
3559 4280 3640 4332 δεῖ
3672 4279 4014 4344 ἐξιλεοῦσθαι

2430 4372 2660 4423 ἐκεῖνον.
2698 4368 2759 4420 Οί
2790 4366 2849 4419 δέ
2879 4367 2970 4418 καὶ
2994 4364 3359 4436 ἐμαρτύρουν,
3384 4365 3457 4427 ὡς
3488 4364 3816 4433 θεασάμενοι
3849 4365 4017 4418 0616v

2432 4453 2700 4524 παριόντα
2726 4467 2741 4483 ο
2777 4450 2873 4503 καὶ
2929 4449 3003 4512 ὡς
3039 4448 3222 4517 ήξίουν
3275 4448 3456 4510 0610?;
3483 4450 3706 4518 ταχεῖαν
3754 4448 4015 4516 γενέσθαι

755 4532 848 4583 ἰπὶ
871 4530 1077 4591 τούτοις
1094 4527 1510 4597 πεπληρῶαθαιν
1531 4526 1789 4594 λεγούσης
1799 4524 2185 4593 ,Εὐφράνθητιν
2204 4525 2327 4594 ἐρη·
2362 4538 2405 4593 D
2433 4538 2532 4606 τὴν
2564 4533 2837 4605 βοήθειαν,
2877 4532 3001 4602 βόας
3025 4531 3324 4599 ἀγαγόντες
3366 4532 3677 4599 μετακινεῖν
3706 4530 3765 4583 τὸ
3793 4531 4015 4584 εἴδωλον

758 4632 858 4685 9.0;
886 4612 1120 4682 διψῶσα,
1156 4611 1317 4682 ῥῆξον
1376 4611 1467 4665 καὶ
1499 4610 1693 4681 βόησον
1740 4612 1773 4679 ή
1802 4610 1902 4661 ούκ
1938 4608 2223 4671 ὠδίνουσα,
2248 4609 2331 4661 ὅτι

757 4698 925 4749 πολλά
947 4696 1014 4749 τά
1041 4696 1207 4748 τέκνα
1228 4698 1325 4764 τῆς
1350 4694 1562 4763 ἐρήμου
1596 4692 1795 4763 μᾶλλον
1818 4690 1850 4760 ῆ
1873 4692 1964 4761 τῆς
1990 4691 2218 4759 ἐχούσης
2240 4692 2331 4744 τὸν

756 4781 947 4850 ἀνδρα.
983 4777 1317 4847 ῐιεπλήρωτο
1359 4778 1459 4847 μὲν
1506 4775 1614 4846 γάρ
1661 4776 1755 4829 καὶ
1790 4776 1883 4827 ἐπὶ
1916 4776 2015 4844 τῆς
2067 4773 2125 4837 ἐξ
2159 4773 2332 4827 ἐθνῶν

772 4863 1099 4933 Ἑκκλησίας
1126 4863 1187 4915 τὸ
1216 4861 1554 4932 προφητικὸν
1576 4859 1731 4914 τοῦτο
1762 4858 1943 4925 λόγιον
1962 4872 1978 4887 ⁸
2021 4856 2335 4910 τετελείωτο

758 4948 815 5000 δὲ
844 4950 937 5000 καὶ
980 4950 1071 5001 ἐπί
1120 4950 1219 5018 τῆς
1244 4948 1623 5017 Αἰγυπτιακῆς
1654 4946 1883 5016 ἐρήμου,
1915 4943 2135 4997 πλείονα
2170 4943 2334 4997 τέκνα

759 5033 838 5104 τῷ
864 5032 982 5103 Θεῷ
1013 5032 1363 5104 παρ.στὼσης
1391 5032 1530 5100 ύπέρ
1559 5030 1658 5101 τὴν
1699 5029 2024 5099 οἰκουμένην
2069 5027 2191 5097 γῆν.
2224 5026 2334 5079 Ποῦ

762 5118 870 5187 γὰρ
891 5115 1148 5168 τοσαῦται
1181 5118 1239 5167 ἐν
1268 5119 1388 5177 ταῖς
1430 5115 1619 5166 πόλεσι
1646 5112 1755 5166 τῶν
1789 5112 2112 5180 σωζομένων
2143 5111 2335 5179 ἀγέλαι

768 5201 1037 5271 μοναχῶν,
1068 5198 1253 5270 ῶσπερ
1302 5199 1423 5252 ὅσαι
1452 5200 1508 5251 αἱ
1560 5197 1683 5251 κατ’
1718 5196 2097 5266 Αἰγυπτιακὴν
2132 5195 2335 5266 ἔρημον

764 5286 841 5355 τῷ
880 5284 997 5354 Θεῷ
1022 5282 1395 5353 παριστῶσιν;
1422 5283 1534 5334 ὅσοι
1562 5281 1671 5353 γάρ
1699 5282 1930 5335 ἐνταῦθα
1972 5280 2113 5344 1001,
2148 5280 2337 5332 τοσοῦ-

764 5388 848 5425 τοι
882 5373 940 5424 ἐν
973 5374 1091 5433 ταῖς
1127 5372 1354 5440 ἐρήμοις
1408 5370 1525 5421 ἐκεῖ
1586 5368 1831 5439 μοναχοί.
1889 5370 2073 5439 Κάμοὶ
2106 5369 2251 5422 δοκεῖ
2279 5371 2339 5424 τὸ

766 5456 861 5510 τοῦ
902 5455 1227 5511 Ἀποστόλου
1260 5455 1422 5525 ῥητὸν
1468 5454 1561 5507 καί
1595 5454 1683 5505 ἐπ’
1741 5454 1924 5515 αὐτοῖς
1976 5452 2335 5521 πληροῦσθαι,

768 5541 1037 5608 λέγοντος·
1083 5540 1255 5591 Ὀπου
1278 5538 1603 5591 ἐπλεόνασεν
1632 5538 1664 5606 ή
1701 5536 1966 5606 ἁμαρτία,
1998 5538 2113 5589 ἐκεῖ
2168 5539 2338 5609 61119-

768 5624 1157 5692 επερίσσευσεν
1205 5624 1239 5692 ή
1271 5624 1452 5692 χάρις.
1495 5620 1819 5674 Ἐπλεόνασε
1875 5621 1983 5690 γάρ
2024 5637 2153 5673 ποτε
2186 5623 2243 5675 ἐν
2271 5624 2337 5691 τῇ

770 5706 1031 5777 Λίγύπτῳ
1066 5707 1231 5778 πολλή
1287 5723 1369 5769 τες
1402 5706 1491 5759 καὶ
1522 5705 1753 5775 ἄσεμνος
1799 5703 2229 5775 είδωλολατρεία,
2266 5704 2341 5769 ὡς

772 5796 831 5847 ἰν
860 5796 1031 5852 οὐδενὶ
1079 5798 1235 5855 ἔθνει.
1276 5798 1458 5862 Κύνας
1513 5798 1619 5871 γὰρ
1654 5799 1745 5854 καὶ
1776 5800 2058 5870 πιθήκους,
2092 5798 2185 5851 καὶ
2208 5798 2342 5853 ἄλλα

2433 4618 2771 4688 ἐπειρῶντο·
2801 4616 2860 4668 τὸ
2906 4615 2962 4667 δέ
3006 4613 3264 4684 ἀκίνητον
3305 4614 3403 4665 σὺν
3445 4614 3627 4676 0610?;
3654 4615 3769 4676 10?;
3804 4612 4016 4683 ἱερεῦσι

2431 4700 2702 4770 διέμενεν.
2738 4698 2849 4751 K01
2885 4696 3156 4767 μηδεμίαν
3195 4695 3385 4765 ἐτέραν
3418 4695 3669 4765 μηχανῆς
3690 4696 4017 4764 ἐφευρόντες

2433 4781 2736 4854 πρεσϐείαν
2760 4781 2849 4834 διά
2871 4781 2978 4833 τῶν
3022 4779 3451 4849 παροικούντων,
3484 4779 3620 4849 πρὸς
3643 4779 3734 4833 τὸν
3768 4779 4017 4833 ’Δπολλῶ

2435 4868 2705 4938 ἔπεμπον,
2740 4864 2881 4918 ὥστε
2913 4863 3322 4931 ἀπαλλαγέντας
3356 4864 3567 4917 ἐκεῖθεν
3590 4864 3892 4931 ἀποστῆναι
3913 4866 4019 4932 τῆς

2436 4954 2667 5021 πλάνης.
2702 4948 2921 5001 Τούτων
2968 4947 3025 5000 δὲ
3044 4948 3121 5017 τῷ
3150 4947 3303 5017 ἀνδρὶ
3334 4947 3707 5017 δηλωθέντων,
3746 4946 4017 5015 κατῆλθεν

2433 5037 2509 5102 ὡς
2541 5037 2771 5109 τάχιστα
2809 5040 2838 5090 6
2857 5035 2952 5089 106
2976 5034 3111 5088 Θεοῦ
3144 5032 3431 5102 ἄνθρωπος
3480 5031 3615 5101 πρὸς
3644 5030 3844 5091 αὐτοὺς
3865 5068 3880 5091 ,
3919 5028 4019 5082 καὶ

2438 5121 2878 5193 προσευξάμενος
2900 5119 3107 5180 πάντας
3138 5116 3297 5169 ἐλυσε
3334 5114 3429 5168 τοῦ
3456 5112 3679 5183 δεσμοῦ.
3710 5114 3774 5166 Οἱ
3798 5113 3855 5165 δὲ
3881 5114 4016 5180 ὁμο·

2439 5205 2675 5276 θυμαδὸν
2730 5203 2929 5265 πάντες
2978 5202 3114 5271 πρὸς
3163 5200 3326 5253 αὑτὸν
3370 5197 3657 5268 ὥρμησαν,
3690 5196 3768 5264 τῷ
3798 5196 4018 5265 Σωτῆρι

2436 5291 2547 5345 τῶν
2568 5291 2702 5344 ὅλων
2744 5289 2837 5343 καὶ
2879 5284 3292 5356 παραδοξοποιῷ
3346 5282 3464 5352 Θεῷ
3514 5279 3928 5342 πιστεύσαντες,
3956 5280 4020 5332 τὸ

2440 5375 2655 5430 εἴδωλον
2710 5373 2872 5434 εὐθὺς
2921 5370 2998 5439 τῷ
3052 5369 3187 5437 πυρὶ
3242 5365 3585 5437 παρέδωκαν,
3626 5362 3719 5425 06;
3768 5362 4020 5422 ἅπαντας

2439 5464 2777 5532 κατηχήσας,
2827 5462 2946 5521 ταῖς
3001 5453 3320 5525 ἐκκλησίαις
3364 5450 3697 5521 προσέθηκε.
3735 5447 3931 5532 Πολλοί
3960 5447 4019 5500 δὲ

2440 5529 2835 5615 αύτῶνὝμέχρι
2887 5541 2982 5595 νῦν
3038 5541 3094 5591 ἐν
3124 5540 3235 5599 τοῖς
3273 5532 3655 5606 μοναστηρίοις
3712 5529 4017 5615 διάγουσιν.

2440 5630 2705 5699 Διέδραμε
2736 5626 2793 5679 δέ
2819 5622 3069 5691 πανταχῆ
3094 5622 3129 5691 ή
3155 5619 3313 5689 φήμη
3363 5617 3493 5688 περὶ
3520 5616 3705 5671 06106.
3743 5614 3856 5667 K01
3885 5614 4019 5665 πολ-

2440 5716 2522 5769 101
2553 5716 2879 5768 ἐπίστευσαν
2925 5711 3015 5761 ἐπὶ
3046 5708 3139 5761 τὸν
3192 5705 3397 5775 Κύριον
3418 5744 3433 5765 ,
3463 5702 3537 5764 ὡς
3589 5699 3787 5772 μηκέτι
3823 5700 3882 5751 ἐν
3909 5699 4021 5759 τοῖς

2443 5802 2611 5871 ὁρίοις
2644 5796 2807 5851 06106
2850 5794 3116 5863 Ἐλληνπς
3138 5785 3516 5859 ὀνομάζεσθαι.
