4258 6358
324 372 458 432 HM

1569 389 1887 449 HISTORIA
1921 392 2288 456 LAUSIACA.

3407 419 3543 479 41η

308 491 638 561 propulsare.
667 490 909 549 Contrito
945 496 1088 552 enim
1139 495 1314 568 capite
1362 499 1649 569 serpentis,
1701 510 1871 558 totum
1899 505 1951 567 Α
1978 506 2092 564 lucc
2114 520 2419 571 narrantem
2440 517 2829 585 aud.rimus,et
2853 522 3159 579 reddentem
3172 536 3385 581 causam
3399 528 3539 596 priu-

306 594 503 647 corpus
548 591 629 634 est
652 589 944 639 mortuum.
974 585 1133 642 lubet
1158 588 1300 642 enim
1329 588 1583 645 Dominus
1610 600 1669 645 ut
1690 592 1877 648 obser-

1976 599 2049 652 ris
2069 600 2433 669 ignorationis.
2463 606 2594 662 Nam
2622 610 2812 664 bovem
2834 609 3069 675 quidem,
3102 614 3300 678 aiebat,
3325 615 3379 669 in
3403 615 3537 671 deos

305 681 492 723 vemus
510 677 669 737 caput
692 674 957 741 serpentis
986 692 1003 730 :
1032 674 1083 729 id
1106 686 1282 732 autem
1309 686 1412 747 est,
1436 694 1505 735 ne
1533 679 1586 735 in
1614 681 1875 753 principio
1969 686 2270 745 referebant
2298 695 2520 762 gentiles
2548 701 2635 765 qui
2679 701 2826 768 prius
2874 702 3015 770 apud
3056 674 3163 758 nos
3202 674 3533 774 habitabant,

302 758 839 818 admittamusmalas
866 774 921 818 et
946 775 1127 835 turpes
1162 770 1530 839 cogitationes,
1559 787 1666 829 non
1694 774 1867 830 solum

304 857 359 900 ut
387 850 664 905 ohscmnas
702 854 864 907 animi
901 857 1065 910 nostri
1093 857 1398 926 phantasias
1422 860 1739 919 deleamus:
1768 878 1865 920 co-

300 942 417 995 nari
459 952 635 998 autem
664 959 763 999 nos
808 946 1033 1002 invicem
1064 962 1318 1018 superare
1367 953 1668 1021 virtutibus,
1715 964 1866 1015 etne

296 1031 417 1098 quis
439 1033 491 1085 in
522 1033 603 1087 his
635 1033 878 1090 laudibus
905 1039 1074 1093 altero
1099 1040 1339 1097 videatur
1360 1044 1600 1101 inferior.
1629 1047 1741 1103 Hoc
1768 1064 1865 1105 au-

297 1130 426 1189 tem,
460 1123 648 1193 inquit,
705 1127 775 1180 sit
805 1128 957 1183 vobis
999 1143 1371 1200 argumentum
1402 1136 1670 1205 profectus
1699 1138 1862 1195 virtu-

295 1220 432 1278 tum,
455 1215 673 1282 quando
711 1216 921 1273 fueritis
948 1222 1097 1276 vacui
1123 1221 1490 1281 affectionibus
1517 1230 1863 1298 etappetitio-

292 1302 469 1367 nibus,
500 1302 613 1357 hinc
654 1307 796 1361 enim
822 1318 948 1364 sunt
992 1310 1193 1367 Christi
1232 1314 1493 1370 donorum
1523 1317 1856 1388 principium.

290 1392 515 1460 Quando
560 1401 735 1452 autem
782 1412 812 1452 a
850 1398 961 1454 Deo
990 1400 1233 1457 habuerit
1279 1405 1467 1472 aliquis
1495 1410 1855 1466 ostensionem

291 1482 686 1550 miraculorum,
728 1501 794 1545 ne
813 1487 1030 1543 nimium
1054 1489 1390 1562 intumescat,
1410 1500 1560 1564 quasi
1589 1499 1855 1556 suflicien-

290 1582 373 1626 ter
408 1575 693 1643 profecerit
723 1592 825 1631 nec
846 1578 1096 1636 eil'eratur
1132 1585 1473 1653 cogitatione,
1515 1598 1763 1659 tanquam
1784 1593 1856 1647 sit

285 1664 394 1730 jam
425 1667 594 1734 magis
622 1668 913 1723 honoratus
941 1687 1095 1739 quam
1127 1675 1236 1739 alii,
1296 1692 1466 1746 neque
1496 1688 1554 1734 ut
1580 1690 1851 1738 ostentans

285 1760 428 1822 quod
477 1756 631 1810 talem
659 1758 884 1826 gratiam
928 1762 1221 1829 acceperit;
1262 1764 1344 1818 sin
1377 1766 1571 1832 minus,
1612 1771 1844 1836 seipsum

1967 778 2215 845 quoniam
2242 795 2336 850 per
2364 784 2534 853 ipsum
2559 800 2873 846 exercentes
2899 795 3295 863 agriculturam,
3338 800 3535 852 victum

1964 864 2067 921 sibi
2109 869 2401 937 parabant;
2440 889 2633 944 aquam
2662 890 2837 935 autem
2884 881 3009 947 Nili,
3065 886 3315 953 quoniam
3356 887 3538 957 irrigat

1963 969 2153 1048 omnes
2174 974 2361 1030 agros;
2393 974 2592 1023 terram
2630 984 2842 1040 quoque
2864 974 3135 1042 colebant,
3166 985 3223 1031 ut
3241 992 3363 1048 qua
3391 988 3535 1036 esset

1961 1043 2079 1134 aliis
2118 1051 2364 1107 omnibus
2406 1056 2714 1122 regionibus
2758 1060 3000 1117 fertilior.
3067 1043 3318 1134 Reliquas
3355 1080 3530 1124 autem

1959 1131 2397 1225 abotuinationes,
2428 1157 2590 1200 canes
2623 1156 2679 1202 et
2703 1148 2904 1217 simias,
2949 1160 3005 1207 et
3030 1131 3291 1225 reliquam
3317 1171 3530 1214 omnem

1956 1222 2305 1282 animantium
2353 1241 2405 1283 et
2435 1232 2640 1288 olerum
2667 1237 2911 1293 colebant
2966 1222 3367 1312 turpitudinem,
3398 1260 3534 1316 qua-

1958 1318 2111 1367 tenus
2134 1330 2318 1372 eorum
2348 1336 2476 1376 usus
2499 1325 2593 1379 luit
2620 1326 2700 1382 eis
2714 1330 2926 1385 occasio
2946 1331 3154 1399 salutis,
3182 1333 3271 1402 qui
3294 1346 3532 1403 tempore

1956 1400 2247 1493 Pharaonis
2292 1409 2534 1467 homines
2582 1427 2871 1486 occupatos
2927 1422 3114 1489 tenuit,
3166 1400 3529 1493 quando-ille

1953 1489 2206 1588 lsraelem
2256 1515 2606 1573 persequens,
2662 1510 2971 1567 submersus
3016 1525 3119 1569 est.
3161 1489 3534 1588 limusquisque

1952 1585 2098 1640 enim
2124 1586 2179 1643 id
2206 1588 2261 1643 in
2285 1605 2390 1660 quo
2408 1593 2515 1649 fuit
2536 1609 2849 1666 occupatus,
2878 1616 3000 1656 cum
3051 1585 3379 1662 Pharaonem
3425 1585 3529 1663 non

1950 1684 2095 1729 esset
2137 1690 2388 1748 secutus,
2481 1683 2582 1737 hoc
2664 1680 2718 1736 in
2787 1685 2918 1743 deos
2997 1693 3226 1759 retulit,
3284 1695 3526 1752 dicens:

1949 1761 2064 1817 Hoc
2093 1765 2185 1819 fuit
2201 1768 2327 1822 mihi
2350 1770 2482 1826 deus
2505 1772 2659 1830 hodie
2694 1791 2789 1845 per
2806 1779 2947 1848 quod
2967 1782 3213 1837 ell'ectutn
3235 1795 3318 1840 est
3341 1797 3523 1840 utnon

284 1845 475 1913 decipit
502 1855 676 1899 mente
691 1857 896 1914 captus,
916 1852 1149 1919 etgratia
1174 1852 1498 1908 mul'abitur.
1525 1856 1850 1928 Habuitergo
1881 1848 1928 1907 Β
1955 1855 2182 1920 Perire"!
2230 1872 2333 1911 una
2362 1874 2480 1914 cum
2510 1862 2807 1921 Pharaone.
2824 1845 2979 1925 tum
3001 1873 3215 1940 quidem
3241 1876 3296 1929 in
3321 1890 3516 1932 Setinos

286 1932 426 1986 hanc
458 1947 704 2001 magnam
749 1938 1044 1992 doctrinam
1092 1939 1143 1992 iu
1188 1942 1540 2010 sermonibus,
1569 1959 1725 2012 quam
1753 1962 1850 2002 nos

282 2035 494 2091 quoque
520 2037 662 2091 srpe
693 2034 872 2091 postea
901 2028 969 2081 ah
988 2027 1103 2097 ipso
1144 2030 1467 2087 audivimus:
1512 2035 1567 2087 in
1595 2036 1847 2102 operibus

282 2118 461 2163 autem
487 2109 751 2167 efﬁciebat
781 2115 1009 2184 majora,
1064 2118 1238 2171 omnis
1288 2122 1428 2174 enim
1452 2122 1634 2189 petitio
1660 2123 1709 2178 ei
1736 2134 1847 2178 sta-

281 2203 376 2257 tim
398 2204 620 2259 dabatur
644 2221 674 2259 δ
707 2207 832 2263 Deo.

353 2293 487 2359 Quin
516 2294 673 2349 ctiam
698 2296 912 2351 videbat
958 2299 1213 2367 quasdam
1266 2302 1622 2357 revelationes
1656 2320 1670 2358 :
1717 2304 1847 2361 vidit

277 2384 422 2435 enim
452 2399 603 2438 suum
633 2385 846 2441 fratrem
889 2401 1010 2443 natu
1038 2390 1347 2457 maximum,
1378 2395 1465 2461 qui
1493 2396 1603 2463 ipse
1632 2411 1845 2466 quoque

278 2473 453 2527 fuerat
479 2488 878 2535 coitsttmmatus
924 2479 1302 2549 lnsolitudine,
1362 2495 1415 2541 et
1462 2487 1578 2556 ipso
1620 2490 1844 2557 pulchro

278 2575 404 2620 vtae
434 2568 670 2625 instituto
686 2586 806 2626 eum
835 2585 1332 2643 superaverat,cum
1358 2594 1463 2648 quo
1492 2584 1605 2649 ipse
1633 2598 1843 2653 quoque

278 2656 440 2726 longo
484 2667 720 2727 tempore
767 2663 896 2717 vixit
938 2665 989 2718 in
1037 2666 1345 2723 solitudine.
1398 2669 1689 2726 Videbatur
1715 2690 1841 2744 evgo

274 2762 400 2803 eum
425 2750 601 2806 videre
612 2752 883 2809 sedentem
910 2756 961 2811 in
986 2759 1175 2813 eodem
1198 2760 1391 2816 throno
1415 2776 1533 2817 cum
1564 2768 1838 2834 apostolis,

276 2855 398 2894 cum
427 2842 475 2896 ei
501 2842 802 2913 reliquisset
832 2862 1044 2903 suarum
1076 2852 1330 2907 virtutum
1363 2856 1755 2920 bmreditatem;
1786 2869 1840 2915 et

274 2932 353 2984 sic
382 2945 476 2999 pro
502 2947 563 2987 se
590 2934 705 2998 ipso
749 2936 1128 3005 intercedebat,
1159 2941 1322 2995 Deum
1354 2958 1563 3011 rogans,
1621 2957 1675 3000 ut
1696 2957 1839 3004 esset

273 3021 429 3073 velox
458 3020 572 3088 ejus
600 3024 895 3089 translatio,
940 3034 996 3080 et
1025 3042 1144 3082 cum
1174 3030 1287 3097 ipso
1306 3032 1405 3086 sthi
1431 3034 1664 3101 requiem
1695 3050 1835 3105 prae-

271 3116 443 3164 staret
471 3111 522 3166 in
552 3112 725 3167 caelis.
753 3114 907 3169 Visus
927 3127 1008 3170 est
1035 3127 1211 3173 autem
1235 3122 1282 3174 ei
1323 3121 1521 3178 dixisse
1558 3123 1832 3191 Servator,

1951 1944 2107 1999 uibus
2151 1946 2333 2003 habuit
2360 1963 2573 2008 sanctus
2593 1955 2808 2024 Apollo.

2019 2077 2153 2133 Ante
2178 2092 2451 2138 sermunes
2477 2092 2652 2139 autem
2686 2086 3020 2144 scribendum
3050 2101 3134 2147 est
3174 2108 3292 2162 qua
3335 2108 3523 2164 posse-

1947 2165 2027 2222 dit
2081 2169 2133 2223 in
2182 2173 2454 2239 cperibus.
2504 2175 2740 2232 Fuerunt
2782 2182 2921 2235 enim
2971 2183 3252 2253 aliquando
3297 2190 3521 2259 gentiles

1947 2272 2111 2328 prope
2138 2264 2437 2318 accolentes
2468 2265 2520 2319 in
2569 2267 2699 2323 locis
2740 2271 3007 2339 omnibus,
3053 2284 3109 2328 et
3159 2274 3346 2333 decem
3396 2280 3518 2349 pagi

1944 2353 2028 2420 qui
2059 2362 2207 2407 erant
2228 2356 2276 2409 ei
2307 2358 2708 2428 propinquiores
2752 2365 2923 2432 magis
2952 2366 3193 2421 colebant
3222 2370 3514 2429 damones.

1946 2441 2077 2497 Erat
2101 2454 2273 2500 autem
2301 2449 2552 2518 templum
2602 2454 2884 2509 maximum
2916 2455 2969 2510 in
3017 2472 3121 2511 uno
3167 2459 3303 2527 vico,
3346 2472 3401 2517 et
3444 2463 3516 2518 sl-

1944 2536 2233 2591 mulacrum
2269 2540 2497 2596 maxime
2545 2542 2769 2613 insigne,
2803 2546 2970 2618 lignea
3016 2560 3194 2605 autem
3240 2561 3353 2608 erat
3397 2555 3514 2611 hac

1942 2632 2134 2682 statua.
2166 2628 2417 2700 Pompam
2443 2641 2617 2687 autem
2640 2634 2922 2704 ducebant,
2950 2654 3065 2693 eam
3117 2654 3211 2710 per
3242 2643 3385 2697 vicos
3412 2645 3514 2700 cir-

1940 2718 2294 2776 cumferentes
2360 2724 2546 2779 nefarii
2600 2729 2931 2794 sacerdotes,
2993 2733 3079 2802 qui
3124 2733 3513 2795 bacchabantur

1940 2823 2057 2865 cum
2084 2812 2439 2885 multitudine,
2461 2820 2620 2875 veluti
2648 2838 2740 2891 pro
2761 2839 2895 2893 aqua
2918 2825 3153 2883 ﬂuviatili
3183 2831 3511 2891 ceiebrautea

1940 2904 2212 2973 mysteria.
2244 2907 2447 2963 Accidit
2476 2920 2651 2966 autem
2681 2920 2738 2967 ut
2769 2914 2858 2969 illo
2881 2924 3114 2985 tempore
3151 2919 3261 2974 illic
3300 2922 3512 2981 adesset

1938 2993 2130 3062 Apollo
2169 3009 2290 3051 cum
2321 3000 2504 3067 paucis
2546 3001 2858 3070 quibusdam
2910 3003 3160 3062 fratribus
3188 3025 3203 3063 :
3235 3017 3511 3080 postquam

1940 3090 2117 3139 autem
2144 3084 2279 3140 vidit
2319 3088 2710 3145 multitudinem
2740 3104 2956 3160 repente
2984 3095 3309 3154 daemoniace
3334 3098 3510 3157 furen-

268 3210 520 3268 0portere
546 3216 664 3255 eum
687 3204 859 3259 adhuc
884 3221 1046 3274 parvo
1076 3216 1313 3277 tempore
1340 3176 1539 3268 essein
1861 3201 1905 3263 (ἶ
1938 3180 2042 3277 ΨΒ
2073 3176 2476 3277 perffgionem’
2500 3178 2649 3277 ﬂexis
2669 3180 2936 3277 suam“
2967 3187 3206 3277 ζωδυῆ
3237 3188 3361 3244 tam
3387 3207 3505 3244 om.

276 3289 565 3344 multorum
599 3292 997 3361 perfectionem,
1038 3296 1209 3353 donec
1246 3301 1393 3356 multi
1423 3301 1554 3357 ﬂant
1580 3306 1695 3375 ejus
1724 3308 1832 3363 vir-

269 3380 396 3435 tutis
411 3382 765 3439 emulatores.
796 3386 1011 3456 Magnus
1033 3388 1174 3443 enim
1205 3392 1581 3449 monachorum
1606 3401 1830 3466 populus

266 3472 517 3528 credetur
538 3474 653 3544 ejus
680 3468 825 3542 fidei,
848 3487 902 3532 et
932 3481 1051 3549 pius
1087 3483 1383 3552 exercitus,
1415 3496 1473 3543 ut
1500 3490 1721 3559 gloriam
1748 3493 1831 3548 di-

265 3577 425 3632 gnam
456 3564 726 3621 laboribus
750 3578 1107 3638 consequatur
1135 3574 1273 3641 apud
1301 3574 1490 3631 Deum.
1521 3578 1645 3633 Hac
1675 3582 1825 3647 vidit,

262 3668 383 3720 qua
426 3654 585 3708 etiam
630 3667 943 3712 evenerunt.
994 3660 1123 3715 Nam
1162 3676 1283 3717 cum
1322 3666 1475 3720 multi
1498 3668 1731 3739 undique
1760 3686 1827 3727 ex

261 3744 535 3799 auditione
562 3744 627 3799 ad
650 3761 771 3801 eum
806 3752 1182 3808 convenissent
1209 3759 1474 3823 monachi,
1498 3769 1552 3814 et
1582 3776 1677 3829 per
1702 3764 1823 3831 ejus

261 3834 557 3889 doctrinam
583 3848 637 3890 et
663 3843 1120 3897 conversationem
1146 3845 1359 3913 plurimi
1387 3852 1607 3904 omnino
1629 3854 1825 3909 mundo

268 3924 685 3989 renuntiassent,
711 3926 842 3980 facta
861 3937 942 3981 est
977 3929 1198 3985 fratrum
1228 3934 1567 4001 cohabitatio,
1606 3955 1727 3994 cum
1755 3944 1819 3996 ad

256 4011 573 4080 quingentos
604 4013 793 4069 fratres
818 4018 973 4072 simul
996 4021 1135 4088 apud
1167 4022 1339 4090 ipsum
1363 4040 1699 4084 communem
1736 4034 1819 4085 vi-

257 4108 366 4152 tam
398 4099 675 4166 haberent,
699 4113 925 4157 ctunam
955 4122 1212 4175 mensam,
1238 4120 1342 4165 tota
1360 4125 1509 4169 vc-ste
1521 4120 1816 4185 candidati;

250 4200 309 4243 et
332 4189 384 4244 in
422 4191 500 4245 eis
528 4192 741 4260 impleta
786 4204 869 4249 est
910 4196 1203 4264 Scriptura,
1258 4216 1379 4269 qua:
1405 4203 1535 4258 dicit
1569 4223 1581 4258 :
1616 4206 1819 4263 Lmtare

251 4278 521 4332 desertum
547 4282 749 4348 sitiens,
778 4297 997 4350 erumpe
1017 4295 1071 4338 et
1097 4288 1263 4341 clama
1291 4306 1407 4357 qua:
1430 4308 1530 4346 non
1549 4299 1774 4361 parturis
1799 4316 1814 4364 ;

251 4369 502 4433 quoniam
525 4372 673 4423 multi
712 4382 834 4425 sunt
859 4374 950 4427 filii
972 4375 1215 4438 deserta.
1262 4382 1427 4448 magis
1458 4398 1612 4449 quam
1644 4387 1813 4440 virum

250 4453 499 4509 habentis
530 4455 706 4526 (Isaia
734 4462 863 4529 uv).
889 4460 1017 4515 Nam
1049 4464 1322 4532 impletum
1360 4471 1574 4536 quidem
1605 4483 1685 4527 est
1712 4474 1815 4530 hoc

1935 3275 2030 3316 nes
2066 3264 2292 3333 gentiles
2338 3276 2559 3337 repente
2601 3269 2916 3327 immobiles.
2971 3274 3104 3328 Cum
3154 3286 3331 3332 autem
3394 3295 3502 3336 non

1931 3365 2147 3422 possent
2171 3371 2234 3411 ex
2266 3357 2357 3411 illo
2384 3358 2500 3413 loco
2532 3362 2795 3431 progredi,
2827 3362 2962 3419 alius
2984 3365 3152 3421 alium
3199 3370 3495 3437 trudentes,

1931 3452 1985 3494 et
2022 3450 2152 3497 astu
2182 3452 2296 3500 toto
2316 3445 2401 3502 die
2429 3457 2775 3519 torrerentur,
2799 3450 3101 3521 ignorantes
3130 3457 3267 3513 unde
3303 3458 3403 3515 hoc
3424 3466 3504 3517 eis

1929 3538 2212 3606 evenisset,
2244 3543 2553 3597 sacerdotes
2578 3558 2761 3599 eorum
2787 3546 3043 3602 dixerunt
3076 3564 3191 3605 esse
3220 3554 3502 3621 quemdam

1926 3626 2283 3686 Christianum
2311 3632 2634 3690 habitantem
2664 3636 2714 3690 in
2742 3651 2927 3693 eorum
2962 3638 3153 3697 ilnibus
3183 3643 3282 3698 sub
3305 3646 3499 3700 solitu-

1928 3720 2073 3789 dine,
2104 3723 2193 3792 qui
2218 3724 2331 3779 haac
2375 3724 2593 3792 faceret,
2622 3726 2861 3784 dicentes
2896 3728 2961 3784 de
3007 3731 3231 3800 Apollo;
3262 3743 3317 3787 et
3344 3750 3502 3804 opor-

1926 3818 2039 3866 tere
2059 3812 2108 3867 ei
2139 3813 2453 3883 supplicare,
2483 3817 2567 3871 sin
2591 3818 2763 3871 minus
2799 3818 2910 3873 fore
2940 3827 2996 3873 ut
3025 3821 3238 3877 veniant
3276 3822 3327 3877 in
3356 3825 3499 3893 peri-

1923 3902 2121 3957 culum.
2182 3903 2466 3973 Postquam
2528 3913 2707 3959 autem
2776 3909 2863 3975 qui
2915 3911 3094 3976 procul
3150 3911 3497 3980 habitabant,

1922 3994 2112 4047 auditis
2140 3995 2464 4049 clamoribus
2509 4007 2561 4050 et
2604 3998 3087 4067 lamentationibus,
3122 4014 3488 4073 accesserunt,

1920 4093 1973 4135 et
2002 4099 2094 4138 eos
2124 4097 2407 4153 rogarunt:
2444 4090 2703 4155 Quidnam
2750 4099 2853 4158 est,
2883 4091 3138 4157 dicentes,
3172 4093 3314 4162 quod
3347 4096 3495 4152 vobis

1922 4183 2145 4239 repente
2172 4176 2409 4228 accidit?
2454 4193 2558 4245 quo
2589 4188 2740 4244 pacto
2783 4179 2883 4234 hoc
2913 4181 3105 4235 factum
3133 4184 3258 4237 esti
3289 4184 3365 4237 Illi
3390 4200 3492 4239 au-

1923 4266 2027 4311 tem
2059 4262 2304 4315 dixerunt
2356 4279 2413 4317 se
2447 4268 2683 4332 nescire,
2716 4267 2815 4321 nisi
2846 4269 2987 4337 quod
3028 4270 3199 4325 virum
3229 4271 3495 4328 habebant

1918 4361 2241 4416 suspectum,
2275 4353 2511 4409 dicentes
2540 4368 2787 4424 oportere
2813 4359 2954 4413 illum
2975 4362 3202 4429 placare.
3234 4363 3333 4416 Alii
3363 4378 3493 4418 vero

1922 4441 2253 4497 testabantur
2273 4458 2331 4498 se
2363 4460 2482 4498 eum
2517 4445 2707 4503 vidisse
2747 4459 3185 4517 praetereuntem;
3216 4460 3270 4507 et
3298 4453 3374 4506 sic
3405 4468 3487 4506 ro-

245 4544 514 4611 eloquium
568 4550 933 4615 prapheticum
977 4569 1039 4608 ex
1072 4555 1304 4610 Ecclesia
1329 4534 1447 4627 qua:
1493 4576 1806 4633 congregata
1839 4557 1888 4615 D
1916 4540 2104 4633 {imm
2128 4546 2220 4633 θίῖῗ
2245 4542 2302 4588 ut
2330 4534 2407 4588 eis
2430 4536 2534 4590 Cito
2569 4537 2782 4633 daret.”
2808 4540 3057 4633 iuriam
3122 4541 3365 4633 “dum,
3394 4543 3488 4596 bo-

246 4646 330 4688 est
360 4652 425 4689 es
448 4639 693 4706 gentibus
726 4658 740 4694 :
785 4642 1077 4707 perfectum
1109 4658 1192 4699 est
1228 4657 1405 4703 autem
1439 4652 1490 4704 in
1516 4654 1613 4707 hac
1651 4656 1811 4711 etiam

244 4722 554 4793 Egyptiaca
582 4729 888 4799 solitudine,
919 4748 1033 4802 qua:
1064 4736 1242 4803 plures
1270 4738 1409 4793 lilios
1436 4741 1544 4795 Deo
1574 4744 1811 4813 exhibet,

243 4830 401 4882 quam
425 4826 561 4872 terra
583 4836 701 4887 quae
726 4830 807 4875 est
833 4825 1082 4879 habitata.
1106 4827 1200 4882 Ubi
1223 4833 1362 4883 enim
1381 4834 1580 4887 suntin
1597 4837 1811 4894 urbibus

247 4915 328 4961 tot
360 4924 548 4979 greges
568 4927 753 4966 eorum
775 4916 864 4982 qui
902 4918 1032 4971 salvi
1061 4920 1208 4985 ﬁunt,
1258 4932 1387 4992 quot
1416 4925 1526 4980 Deo
1552 4931 1810 4985 exhibent

241 5012 361 5066 qum
390 5001 584 5053 suntin
609 5001 836 5074 Egypto
855 5006 1207 5062 soritudines?
1236 5011 1375 5076 Quot
1403 5024 1526 5069 sunt
1550 5019 1689 5071 enim
1714 5019 1803 5073 hic

243 5088 445 5157 populi,
499 5097 577 5145 tot
626 5102 747 5146 sunt
786 5093 897 5149 illic
920 5096 973 5150 in
1010 5097 1233 5153 desertis
1256 5104 1521 5158 monachi.
1562 5108 1639 5163 Ac
1668 5109 1801 5164 mihi

242 5179 457 5235 videtur
489 5180 687 5236 dictum
716 5184 989 5253 Apostoli,‘
1015 5189 1175 5243 etiam
1204 5191 1257 5244 in
1288 5192 1418 5259 ipsis
1447 5209 1568 5251 esse
1609 5198 1799 5266 imple-

237 5277 349 5324 tum
381 5285 397 5324 :
436 5269 532 5326 Ubi
564 5274 704 5327 enim
725 5274 1012 5330 abundavit
1032 5290 1325 5347 peccatum,
1350 5285 1798 5352 superabundavit

234 5369 289 5415 et
328 5360 494 5429 gratia
538 5361 731 5431 (Rom.
775 5363 851 5433 v).
902 5367 1201 5423 Abundavit
1249 5372 1388 5426 enim
1418 5377 1687 5443 quondam
1740 5379 1793 5434 in

232 5449 469 5519 Egypto
511 5453 712 5507 multus
758 5463 814 5509 et
850 5457 1043 5525 impius
1086 5460 1348 5517 idolorum
1367 5467 1557 5531 cultus,
1584 5469 1713 5523 adeo
1736 5479 1794 5525 ut

1916 4619 2014 4673 bus
2042 4622 2216 4675 conati
2245 4632 2368 4676 sunt
2415 4640 2633 4681 movere
2680 4628 3051 4696 simulacrum;
3085 4629 3137 4684 id
3168 4641 3341 4686 autem
3367 4648 3484 4687 ma-

1920 4712 2081 4765 nebat
2138 4720 2383 4782 tanquam
2430 4713 2702 4770 immobile
2751 4731 2870 4770 cum
2925 4717 3052 4785 ipsis
3098 4721 3480 4776 sacerdOtihus.

1912 4800 2040 4854 Cum
2084 4802 2279 4855 nullam
2335 4817 2463 4871 ergo
2512 4804 2769 4859 evadendi
2820 4808 3077 4863 rationem
3130 4809 3480 4877 invenissent,

1912 4892 2168 4945 miserunt
2195 4906 2287 4960 per
2316 4893 2521 4947 accolas
2554 4894 2868 4963 legationem
2900 4898 2962 4949 ad
2995 4899 3217 4967 Apollo,
3248 4908 3307 4952 ut
3337 4901 3479 4953 illinc

1910 4978 2115 5034 liberati
2138 4980 2205 5033 ab
2223 4994 2404 5035 errore
2434 4982 2761 5039 recederent.
2795 4984 2884 5038 His
2902 4995 3076 5041 autem
3106 4989 3293 5057 Apollo
3321 4990 3479 5060 signi-

1910 5070 2099 5138 ﬁcatis,
2132 5070 2408 5127 celerrime
2428 5073 2705 5129 descendit
2746 5076 2907 5132 homo
2937 5078 3063 5144 Dei;
3094 5090 3147 5135 et
3173 5094 3292 5134 cum
3330 5096 3478 5135 oras-

1905 5169 2009 5224 set,
2039 5175 2222 5214 omnes
2250 5162 2407 5214 solvit
2451 5177 2479 5215 a
2522 5164 2754 5219 vinculo.
2797 5166 2860 5221 lli
2906 5179 3081 5223 autem
3131 5184 3318 5225 omnes
3370 5188 3477 5227 uno

1906 5250 2085 5305 animo
2111 5251 2177 5305 ad
2200 5252 2371 5320 ipsum
2405 5267 2772 5321 processerunt
2792 5300 2806 5321 ,
2838 5258 3201 5314 universorum
3232 5261 3476 5317 Servato-

1905 5348 1949 5403 ri
1978 5350 2276 5414 credentes,
2308 5359 2363 5406 et
2394 5351 2500 5406 Deo
2528 5353 2614 5422 qui
2646 5354 2766 5407 facit
2794 5356 3144 5428 admirabilia,
3170 5359 3313 5414 idolo
3343 5376 3468 5430 pro-

1904 5448 2046 5504 tinus
2066 5448 2168 5519 igni
2201 5451 2465 5506 mandato.
2492 5452 2635 5518 Quos
2678 5467 2865 5511 omnes
2913 5457 3172 5515 catechesi
3205 5461 3470 5518 institutos

232 5543 287 5595 in
315 5544 460 5597 nulla
489 5553 646 5611 gente
678 5548 876 5616 magis;
915 5563 1078 5607 canes
1104 5554 1246 5607 enim
1277 5564 1331 5609 et
1352 5557 1532 5611 simias
1578 5561 1790 5629 quidam
1898 5550 2093 5620 adjecit
2116 5550 2379 5607 ecclesiis.
2410 5555 2555 5608 uniti
2599 5567 2776 5611 autem
2826 5574 2889 5615 ex
2926 5561 3003 5616 his
3051 5562 3101 5616 in
3150 5562 3464 5620 hodiernum

229 5632 511 5699 colebant;
544 5634 631 5688 alii
672 5637 791 5690 allia
819 5648 874 5693 et
900 5650 1079 5710 cape;
1132 5650 1188 5697 et
1222 5659 1286 5699 ex
1340 5646 1530 5703 vilibus
1556 5650 1790 5709 oleribus
1897 5666 2061 5720 usque
2084 5650 2222 5706 diem
2253 5651 2451 5721 degunt
2474 5654 2528 5709 in
2571 5659 2922 5714 monasteriis.
2970 5660 3137 5731 Hujus
3175 5674 3352 5719 autem
3384 5666 3462 5721 rei

230 5727 397 5780 multa
443 5718 571 5782 deos
591 5729 985 5798 existimabant,
1019 5746 1074 5792 ut
1105 5736 1274 5801 ipsum
1301 5751 1542 5798 sanctum
1576 5744 1785 5803 Patrem
1896 5718 2034 5806 fama
2062 5752 2286 5817 pervasit
2318 5751 2370 5807 in
2409 5768 2592 5811 omnes
2622 5764 2818 5826 partes,
2850 5766 2903 5816 et
2930 5761 3079 5817 multi
3123 5762 3462 5821 crediderunt
