4258 6358
820 377 957 437 1N3

2274 368 2587 425 PALLADII

3918 358 4055 417 υιι

811 499 866 553 ln
898 495 1211 562 Dominum;
1239 496 1371 551 adeo
1410 503 1470 551 ut
1494 496 1670 553 nullus
1696 496 1919 564 amplius
1944 496 2159 567 gentilis
2202 497 2376 551 nomi-
2406 500 2449 556 A
2482 496 2810 563 miraculum,
2844 506 2897 553 et
2943 504 3187 553 eventum
3234 498 3349 568 ejus
3393 499 3534 568 quod
3585 500 3812 564 dixerat,
3862 518 4050 559 omnes

810 600 966 644 netur
990 589 1040 642 in
1070 590 1184 656 ejus
1202 588 1408 643 ﬁnibus.

881 681 993 736 Non
1025 680 1191 734 multo
1214 687 1333 747 post
1361 687 1537 731 autem
1567 687 1826 746 tempore,
1866 679 1970 731 duo
2000 679 2114 746 pagi
2149 678 2288 732 inter
2319 692 2377 732 se

808 770 1006 825 bellum
1034 770 1289 837 incipiunt
1313 769 1660 833 committere,
1710 783 1804 836 pro
1844 768 1987 837 agris
2015 768 2371 822 decertantes.

809 863 1092 926 Postquam
1121 870 1294 917 autem
1322 871 1401 915 est
1442 858 1630 929 Apollo
1680 863 2057 927 renuntiatum,
2090 862 2263 913 statim
2310 861 2374 913 ad

804 967 899 1007 eos
918 952 1209 1019 descendit,
1262 952 1397 1005 inter
1440 966 1533 1005 eos
1586 966 1769 1019 pacem
1825 952 2227 1005 conciliaturus.
2272 951 2373 1014 Qui

804 1057 959 1101 erant
987 1053 1161 1098 autem
1190 1059 1253 1098 ex
1281 1051 1426 1109 parte
1454 1043 1672 1097 adversa
1696 1058 1802 1096 non
1835 1044 2107 1110 parebant,
2130 1042 2221 1097 sed
2250 1057 2349 1096 con

806 1134 1131 1187 tradicehant
1156 1173 1171 1197 ,
1204 1131 1320 1185 freti
1354 1147 1457 1185 uno
1485 1131 1743 1185 latronum
1778 1132 2033 1199 principe,
2079 1139 2136 1184 ut
2164 1132 2279 1184 viro
2308 1129 2371 1183 ad

809 1222 1003 1278 bellum
1032 1225 1487 1291 praestantissimo.
1505 1222 1637 1276 Cum
1659 1237 1779 1277 sum
1802 1238 1929 1289 ergo
1951 1223 2137 1291 Apollo
2158 1222 2375 1275 vidisset

802 1317 1272 1383 contradicentem,
1304 1314 1433 1368 dixit
1461 1315 1507 1367 ei
1535 1330 1547 1365 :
1578 1315 1631 1368 Si
1677 1314 1940 1381 parueris,
1996 1328 2029 1368 o
2070 1315 2259 1377 amice,
2288 1328 2373 1367 ro-

805 1406 939 1472 gabo
968 1404 1243 1457 Dominum
1278 1418 1471 1465 meum,
1505 1412 1562 1457 ut
1618 1413 1703 1457 tua
1747 1412 1959 1471 peccata
2015 1405 2368 1458 remittantur.

804 1496 852 1549 Is
881 1506 1054 1549 autem
1086 1495 1169 1547 ubi
1198 1494 1297 1547 hoc
1326 1494 1545 1561 audiv't,
1597 1508 1698 1547 non
1727 1502 2018 1557 cunctatus,
2046 1492 2264 1563 abjectis
2286 1509 2371 1547 ar-

803 1590 939 1653 mis,
998 1588 1111 1655 ejus
1160 1587 1386 1652 genibus
1425 1586 1702 1639 advolutus
1749 1585 2091 1653 supplicavit;
2143 1597 2195 1639 et
2244 1600 2370 1651 pace

803 1678 935 1731 facta
984 1676 1099 1744 ejus
1139 1678 1540 1738 intercessmne,
1593 1690 1716 1727 suos
1769 1675 1970 1727 remisit
2019 1676 2084 1727 ad
2137 1675 2366 1740 prnpria.

802 1765 932 1820 Cum
978 1765 1013 1818 ii
1043 1773 1219 1816 autem
1257 1778 1436 1831 pacem
1467 1763 1717 1829 egissent,
1747 1772 1802 1815 ct
1847 1762 2119 1823 ahiissent,
2153 1761 2368 1829 insignis

2478 587 2750 642 Servatori
2773 588 3051 643 credentes
3080 604 3201 642 eum
3238 590 3591 657 praedicabant
3636 595 3975 659 prophetam.

2551 676 2677 729 Erat
2699 684 2876 730 autem
2904 676 3076 731 adhuc
3122 688 3278 732 antea
3328 679 3380 731 in
3412 683 3605 733 montis
3641 684 3893 749 spelunca
3927 700 4048 737 san-

2479 774 2597 818 ctus
2628 765 2837 835 Apollo,
2881 780 2999 820 cum
3028 768 3260 836 quinque
3289 768 3408 821 aliis
3438 768 3709 832 fratribus.
3760 775 3847 839 qui
3892 777 4047 840 primi

2477 854 2685 906 fuerunt
2711 853 2827 921 ejus
2855 853 3116 923 discipuli,
3148 870 3268 910 cum
3313 866 3555 911 recenter
3585 859 3816 913 venisset
3840 877 3874 915 e
3918 865 4046 915 soli-

2477 942 2677 994 tudine.
2707 940 2838 995 Cum
2866 951 3041 996 autem
3088 945 3428 998 adventasset
3464 946 3579 999 dies
3609 945 3773 1000 festus
3803 949 4045 1013 Pascliar,

2472 1044 2525 1085 et
2558 1032 2651 1087 Dei
2691 1034 2889 1087 cultum
2923 1034 3251 1104 implessent,
3281 1044 3433 1089 erant
3470 1038 3611 1090 esuri
3640 1052 3702 1090 ea
3744 1054 3861 1104 qua
3894 1043 4041 1093 inve-

2474 1120 2752 1173 niebantur
2779 1138 2791 1173 :
2825 1130 2978 1175 erant
3010 1130 3184 1175 autem
3215 1123 3263 1175 al
3286 1132 3415 1191 quot
3458 1124 3582 1178 sicci
3610 1141 3794 1192 panes,
3815 1137 3869 1182 et
3898 1144 4046 1195 qum-

2474 1212 2595 1263 dam
2627 1210 2769 1263 olera
2795 1212 3045 1279 reposita.
3078 1212 3169 1265 Eis
3198 1225 3372 1269 autem
3417 1213 3551 1267 dixit
3601 1218 3827 1283 Apollo:
3859 1219 3919 1272 Si
3948 1235 4041 1273 su-

2475 1317 2589 1355 mus
2621 1301 2827 1368 ﬁdeles,
2860 1316 2893 1355 o
2942 1303 3057 1369 lilii,
3110 1312 3165 1356 et
3211 1305 3449 1371 germani
3492 1302 3689 1359 Christi
3740 1308 3855 1373 ﬁlii,
3899 1322 4044 1376 petat

2474 1391 2835 1459 unusquisque
2859 1402 3092 1444 vestrum
3116 1406 3143 1443 a
3172 1393 3277 1445 Deo
3306 1392 3356 1445 id
3386 1393 3523 1461 quod
3567 1393 3685 1462 ejus
3712 1398 3892 1450 animo
3918 1414 4042 1465 gra-

2474 1490 2580 1533 tum
2612 1490 2696 1535 est
2724 1481 2789 1534 ad
2819 1482 3157 1534 vescendum.
3206 1481 3283 1535 Illi
3330 1499 3456 1538 vero
3484 1498 3533 1538 et
3587 1487 3892 1541 universum
3927 1504 4042 1556 per-

2472 1572 2753 1637 miserunt,
2782 1571 3148 1626 existimantes
3195 1586 3255 1625 se
3299 1586 3419 1626 esse
3450 1573 3691 1642 indignos
3720 1576 3809 1629 tali
3850 1580 4040 1644 gratia.

2478 1662 2610 1716 Cum
2644 1663 2763 1715 lazto
2810 1672 2984 1714 autem
3035 1662 3182 1715 vultu
3210 1672 3437 1729 orasset,
3470 1675 3523 1718 et
3549 1679 3735 1718 omnes
3781 1667 4041 1722 dixissent

2470 1751 2662 1814 Amen,
2688 1748 2928 1817 protinus
2956 1757 3111 1801 noctu
3143 1758 3398 1802 venerunt
3421 1749 3474 1802 in
3497 1751 3800 1817 speluncam
3825 1754 4040 1820 quidam

802 1871 985 1912 eorum
1015 1865 1389 1924 propugnator,
1444 1854 1633 1921 Apollo
1677 1854 1744 1907 de
1782 1864 1977 1907 caztero
2022 1854 2363 1921 sequebatur,
2397 1846 2483 1906 B‘

2357 1893 2363 1916 ν
2397 1846 2443 1906 Β
2471 1839 2564 1892 viri
2598 1839 2804 1903 penitus
2835 1838 3110 1907 incogniti,
3158 1838 3246 1907 qui
3275 1839 3522 1894 dicebant
3548 1855 3605 1894 se
3634 1844 3811 1897 venire
3836 1859 3864 1895 a
3923 1846 4038 1898 lon-

803 1949 1117 2016 promissum
1144 1956 1325 2014 aperte
1368 1947 1607 2012 exigens.
1638 1944 1804 2010 Quem
1838 1959 1955 1998 cum
2001 1946 2370 2013 assump~iscct

808 2042 991 2094 beatus
1014 2039 1199 2107 Apollo
1244 2039 1294 2091 in
1337 2038 1627 2106 propinqua
1674 2036 1986 2099 solitudine,
2015 2035 2288 2089 admonu't
2315 2046 2369 2090 et

803 2129 1041 2184 hortatus
1069 2139 1148 2182 est
1196 2136 1251 2181 ut
1301 2127 1514 2195 patienti
1559 2134 1615 2179 et
1660 2126 1923 2179 constanti
1974 2134 2117 2179 esset
2168 2126 2364 2192 animo,

806 2234 962 2288 posse
990 2220 1128 2273 enim
1159 2217 1320 2271 Deum
1359 2217 1408 2271 ei
1439 2216 1760 2269 condonare.
1797 2216 1889 2270 Ubi
1928 2226 2101 2269 autem
2131 2230 2230 2269 nox
2272 2216 2364 2270 ad-

804 2308 971 2372 venit,
995 2307 1153 2360 atnbo
1178 2306 1421 2359 viderunt
1451 2304 1504 2358 in
1528 2306 1726 2359 somnis
1755 2320 1813 2359 se
1844 2316 2017 2359 astare
2047 2315 2168 2359 ante
2199 2306 2366 2359 tribu-

806 2400 893 2451 Ital
925 2396 1117 2451 Christi
1146 2412 1160 2449 :
1194 2397 1399 2461 utrique
1431 2403 1607 2447 autem
1638 2394 2126 2463 contemplabantur
2156 2398 2369 2465 angelus

804 2488 969 2543 Deum
1002 2501 1103 2540 una
1149 2500 1268 2539 cum
1310 2484 1464 2551 justis
1503 2483 1803 2537 adorantes.
1847 2483 2085 2552 Cumque
2117 2484 2214 2552 ipsi
2266 2498 2367 2537 una

803 2593 922 2631 cum
953 2576 1032 2630 eis
1064 2576 1487 2644 procubuissent,
1518 2572 1727 2627 Patrem
1763 2572 2149 2638 adoraverunt;
2183 2582 2237 2627 et
2266 2589 2365 2627 vox

805 2666 870 2719 ad
897 2680 991 2721 eos
1023 2666 1155 2718 [acta
1184 2673 1264 2719 est
1296 2663 1387 2717 Del
1411 2663 1635 2716 dicentis
1666 2679 1679 2715 :
1709 2663 1836 2729 Quae
1864 2670 1946 2717 est
1989 2664 2213 2717 soi-ictas
2262 2664 2367 2717 luci

814 2774 932 2813 cum
965 2756 1235 2811 tenebris?
1266 2763 1355 2807 aut
1398 2771 1515 2823 quae
1556 2769 1677 2823 pars
1702 2764 1783 2809 est
1814 2754 1982 2809 ﬁdelis
2011 2770 2128 2810 cum
2158 2756 2361 2810 inﬁdeli

811 2848 895 2918 (11
926 2847 1046 2901 Cor.
1073 2847 1129 2915 ιι)
1153 2848 1174 2897 ?
1205 2846 1335 2911 Quid
1364 2859 1489 2899 vero
1512 2854 1611 2898 stat
1643 2859 1760 2898 cum
1778 2845 1921 2912 justo
1942 2845 2220 2910 homicida,
2247 2860 2367 2900 cum

807 2939 878 2991 sit
908 2937 1151 3005 indignus
1182 2936 1271 2989 tali
1324 2935 1771 3003 contemplatione
1800 2936 1822 2989 τ
1860 2935 1939 2989 Tu
1988 2946 2163 2990 autem
2195 2938 2302 3004 abi,
2335 2951 2369 2992 o

808 3026 986 3091 homo,
1013 3027 1104 3080 tibi
1131 3025 1273 3080 enim
1300 3032 1381 3078 est
1406 3037 1689 3078 concessus
1712 3023 1797 3078 hic
1826 3024 1975 3078 tarde
2011 3034 2164 3079 natus
2186 3028 2367 3093 ρει-[υς

801 3133 884 3187 ga.
917 3117 1015 3184 Qui
1046 3130 1165 3169 cum
1195 3114 1295 3167 alia
1327 3114 1485 3167 multa
1510 3113 1771 3167 vidissent
1795 3122 1848 3166 et
1876 3114 2161 3168 audiissent
2201 3114 2367 3167 admi-

2470 1931 2661 1997 ginqua
2690 1928 2932 1995 regione;
2954 1936 3007 1982 et
3037 1929 3213 1980 omnia
3243 1928 3511 1994 ferebant,
3543 1944 3603 1984 ea
3634 1934 3794 1985 etiam
3824 1933 3893 1987 de
3922 1936 4039 2003 qui-

2467 2019 2565 2073 bus
2594 2034 2660 2073 ne
2681 2019 2949 2072 auditione
2976 2017 3185 2085 quidem
3224 2031 3557 2087 acceperant,
3586 2033 3635 2075 et
3658 2038 3774 2091 que
3799 2040 3905 2077 non
3932 2041 4027 2077 na-

2469 2119 2689 2163 scuntur
2740 2109 2791 2162 in
2836 2108 3093 2177 Egypto,
3144 2108 3279 2163 horti
3330 2109 3537 2164 fructus
3583 2114 3758 2167 omnis
3800 2116 4039 2183 generis,

2470 2214 2597 2252 uvas
2626 2207 2678 2253 et
2702 2200 2833 2253 mala
2860 2201 3067 2266 punica,
3093 2207 3147 2252 et
3169 2201 3296 2253 ﬁcus
3321 2211 3375 2253 et
3421 2214 3607 2266 nuces,
3635 2203 3811 2257 omnia
3838 2204 4037 2259 intem-

2479 2292 2722 2356 pestlve:
2756 2288 2883 2356 quin
2910 2290 3069 2341 etiam
3109 2288 3363 2356 quosdam
3405 2290 3644 2345 inventos
3665 2291 3839 2346 mellis
3872 2292 4038 2357 favos,

2469 2387 2523 2433 et
2546 2393 2729 2431 urnam
2780 2381 3009 2432 recentis
3041 2380 3219 2443 Iactis,
3266 2388 3320 2433 et
3364 2380 3599 2433 nicolaos
3644 2382 3929 2448 maximos,
3988 2397 4038 2437 et

2471 2482 2633 2535 panes
2654 2468 2877 2520 mundos
2902 2477 2954 2521 et
2984 2468 3182 2521 calidos
3228 2468 3377 2537 (IOl)
3401 2483 3430 2521 e
3459 2470 3673 2537 regione
3700 2480 3941 2525 externa.
4000 2474 4035 2527 li

2468 2568 2643 2613 autem
2670 2559 2758 2624 qui
2786 2572 2847 2611 ea
2899 2558 3205 2623 attulerant,
3245 2574 3365 2611 cum
3414 2560 3749 2615 solummodo
3794 2562 4037 2615 tradidis-

2470 2658 2611 2711 sent,
2646 2656 2894 2715 tanquam
2924 2646 3073 2700 missi
3093 2661 3121 2699 a
3153 2650 3264 2699 viro
3286 2661 3477 2715 magno
3499 2658 3553 2701 ct
3584 2648 3765 2711 divite,
3798 2650 4038 2717 protinus

2471 2751 2692 2805 propere
2726 2743 3080 2790 recesserunt.
3125 2732 3256 2787 Cum
3287 2744 3462 2788 autem
3517 2751 3637 2803 qua:
3688 2748 3841 2791 erant
3889 2754 4037 2793 escu-

2470 2827 2607 2881 lenta
2642 2827 3023 2894 percepissent,
3051 2840 3112 2879 ea
3142 2826 3249 2879 illis
3271 2825 3594 2881 sull‘ecerunt
3617 2843 3781 2897 usque
3804 2830 3872 2883 ad
3899 2830 4037 2884 Pen-

2473 2924 2749 2981 tecosten;
2779 2916 2912 2969 adeo
2938 2924 2994 2969 ut
3024 2915 3122 2983 ipsi
3152 2930 3362 2985 quoque
3392 2918 3733 2985 mirarentur,
3788 2929 3843 2974 et
3893 2922 4036 2975 dice-

2472 3016 2592 3061 rent
2621 3005 2784 3060 fuisse
2812 3019 2875 3059 ea
2904 3020 3035 3060 vere
3062 3020 3093 3059 a
3122 3004 3232 3059 Deo
3264 3007 3445 3060 missa.

2541 3116 2761 3183 Quidam
2782 3124 2956 3169 autem
2982 3131 3046 3170 ex
3078 3116 3351 3170 monachis
3372 3118 3588 3184 rogabat
3610 3116 3817 3172 Patrem
3849 3128 3907 3173 ut
3932 3128 4043 3173 sta-

803 3210 1006 3273 rabilis,
1037 3224 1154 3278 quae
1181 3221 1349 3275 neque
1379 3205 1534 3259 audet
1559 3205 1729 3259 oratio
1781 3205 1985 3270 (licere,
2019 3220 2192 3275 neque
2221 3206 2364 3259 auris
2392 3195 2438 3255 C
2474 3208 2564 3261 tim
2595 3207 2758 3261 Deum
2790 3221 2882 3273 pro
2913 3208 3027 3274 ipso
3048 3213 3245 3269 oraret,
3274 3214 3328 3258 ut
3350 3206 3574 3273 gratiam
3623 3206 3850 3275 aliq'tatn
3908 3223 4037 3261 con-

803 3302 1001 3364 audire,
1033 3298 1241 3353 excitati
1269 3297 1645 3351 annuntiarunt
1669 3296 1732 3349 iis
1762 3297 1849 3364 qui
1882 3311 1999 3351 cum
2027 3298 2107 3351 eis
2150 3312 2370 3351 conver-

810 3393 1086 3447 sahantur.
1115 3392 1313 3443 Omnes
1356 3397 1531 3441 autem
1583 3386 1809 3445 maxima
1848 3386 2044 3441 invasit
2069 3387 2367 3441 admiratio.

808 3485 1047 3553 utrisque
1081 3498 1236 3537 unam
1266 3482 1597 3535 narrantibus
1625 3480 1900 3535 visionem.
1942 3478 2238 3534 Permansit
2278 3494 2370 3532 au-

806 3588 911 3631 tem
940 3591 1058 3631 cum
1090 3573 1547 3637 exercitatoribus,
1594 3573 1638 3626 is
1692 3572 1780 3640 qui
1836 3586 1940 3624 non
1986 3579 2101 3625 erat
2145 3571 2370 3639 amplius

806 3668 1086 3733 homicida,
1121 3681 1285 3735 usque
1307 3666 1370 3718 ad
1402 3675 1623 3719 mortem
1665 3664 1825 3717 vitam
1877 3676 2023 3715 suam
2072 3660 2365 3729 corrigens,

803 3777 865 3816 ex
898 3761 1021 3830 lupo
1050 3761 1101 3813 in
1132 3758 1426 3825 simplicem
1455 3765 1508 3811 et
1538 3757 1870 3809 innocentem
1894 3768 2079 3819 agnum
2112 3760 2367 3805 mutatus.

804 3852 863 3905 In
886 3867 949 3905 eo
974 3865 1180 3918 quoque
1212 3849 1423 3915 impleta
1451 3856 1533 3901 est
1580 3845 1727 3901 Isaia:
1774 3840 2068 3914 prophetia,
2106 3843 2366 3897 dicentis:

806 3941 934 4007 Lupi
963 3948 1017 3995 et
1045 3939 1161 4008 agni
1210 3938 1362 3991 simul
1396 3944 1692 4005 pascentur,
1739 3942 1792 3987 et
1821 3934 1905 3987 leo
1954 3941 2007 3988 et
2060 3932 2153 3987 bos
2209 3934 2367 3987 simul

807 4027 1088 4082 comedent
1118 4028 1294 4095 paleas
1326 4024 1503 4096 (Isaiae
1528 4024 1670 4094 uv).
1698 4022 1910 4077 Licehat
1936 4023 2073 4076 enim
2106 4022 2211 4076 illic
2238 4038 2367 4091 quo-

806 4134 909 4186 que
937 4120 1117 4173 videre
1160 4116 1436 4185 Ethiopes
1482 4130 1602 4170 cum
1650 4114 1923 4167 monachis
1954 4127 2011 4167 se
2042 4122 2368 4175 exercen:es,

808 4220 861 4266 et
907 4209 1105 4265 multos
1144 4207 1425 4261 virtutibus
1478 4212 1825 4274 superantes,
1858 4213 1912 4257 et
1962 4203 2285 4271 Scripturam
2318 4204 2368 4256 in

805 4301 884 4354 eis
914 4300 1204 4367 impletam,
1226 4311 1343 4364 quae
1368 4296 1489 4349 dicit
1516 4313 1529 4349 :
1554 4293 1824 4359 Ethiopia
1850 4292 2135 4362 praveniet
2158 4306 2367 4345 manum

806 4389 920 4458 ejus
951 4389 1059 4443 Deo
1086 4386 1257 4457 (Psal.
1289 4386 1467 4455 van).

882 4478 1180 4547 Aliquando
1236 4487 1413 4530 autem
1469 4475 1812 4529 decertabant
1862 4473 2086 4543 gentiles
2115 4472 2369 4525 adversus

2471 3308 2802 3367 sequeretur.
2827 3298 2957 3351 Cum
2982 3298 3093 3365 ipse
3118 3305 3295 3349 autem
3318 3306 3543 3360 orasset,
3566 3296 3613 3349 ei
3633 3296 3856 3350 dabatur
3873 3302 4037 3367 giatsa

2472 3391 2783 3445 humilitatis
2812 3398 2864 3443 et
2887 3390 3327 3455 mansuetudinis,
3353 3388 3488 3443 adeo
3510 3398 3566 3441 ut
3584 3391 3902 3444 mirarentur
3926 3406 4038 3443 om~

2472 3496 2567 3535 nes
2590 3496 2709 3535 eum
2732 3496 2851 3537 esse
2871 3489 2979 3534 tam
3008 3492 3361 3535 mansuetum.
3397 3479 3501 3532 Has
3523 3489 3695 3533 autem
3726 3481 3843 3549 ejus
3874 3486 4038 3535 virtu-

2474 3581 2554 3625 tes
2578 3586 2856 3628 narrarunt
2886 3576 3041 3630 nobis
3064 3577 3289 3646 quicum
3335 3580 3453 3646 ipso
3488 3587 3637 3633 erant
3680 3579 3895 3642 fratres,
3930 3580 4039 3635 haec

2474 3665 2655 3719 multis
2678 3682 2884 3736 quoque
2908 3670 3280 3724 attestantibus
3311 3670 3577 3725 fratribus.

2547 3757 2751 3811 Etenim
2780 3772 2898 3811 cum
2930 3772 3033 3811 non
3084 3758 3252 3811 multo
3296 3768 3418 3812 ante
3449 3768 3687 3828 tempore
3726 3759 3914 3815 fuisset
3940 3760 4037 3814 ali-

2472 3848 2680 3917 quando
2707 3847 2873 3901 famcs
2900 3848 2950 3901 in
2973 3848 3264 3914 Thebaide,
3320 3850 3407 3917 qui
3438 3860 3613 3903 autem
3637 3864 3697 3903 ea
3731 3853 3841 3903 lora
3888 3866 4040 3904 acco-

2475 3940 2651 3993 lebaut
2678 3939 2857 4008 populi
2880 3940 3153 3993 audissent
3194 3940 3333 4008 quod
3386 3940 3474 4008 qui
3521 3948 3675 3993 erant
3722 3940 3859 4007 apud
3914 3955 4038 3995 eum

2473 4030 2716 4083 monachi
2740 4040 2930 4099 praeter
2957 4047 3103 4100 spem
3134 4047 3343 4084 omnem
3386 4042 3438 4086 et
3465 4032 3770 4100 Opinionem
3799 4033 4039 4099 quotidie

2474 4118 2767 4184 alerentur,
2794 4134 2898 4173 uno
2920 4121 3095 4173 animo
3144 4120 3281 4189 apud
3314 4122 3483 4187 ipsum
3534 4130 3871 4174 accesserant
3918 4135 4039 4175 cum

2475 4209 2727 4263 uxoribus
2757 4216 2813 4263 et
2833 4208 3037 4269 liberis.
3067 4209 3222 4262 simul
3249 4210 3671 4264 benedictionem
3719 4219 3964 4277 petentes
3991 4221 4041 4265 et

2479 4298 2806 4350 alimentum.
2835 4295 2884 4351 ls
2913 4308 3089 4351 autem
3118 4298 3252 4351 nihil
3300 4299 3519 4365 veritus,
3552 4315 3619 4354 ne
3669 4301 3816 4354 cibus
3845 4302 3895 4355 ei
3943 4304 4043 4357 ali-

2475 4386 2687 4455 quando
2711 4386 2941 4450 deesset,
2973 4387 3130 4440 dabat
3168 4388 3415 4441 omnibus
3445 4389 3799 4455 venientibus,
3833 4392 4038 4446 unicui-

2476 4488 2579 4543 que
2605 4476 2743 4543 quod
2788 4475 2839 4527 in
2892 4476 3031 4527 diem
3081 4476 3365 4529 sufﬁceret.
3401 4476 3619 4530 Relictis
3650 4486 3826 4530 autem
3871 4480 4043 4533 tribus

804 4568 1133 4622 Christianos
1178 4567 1404 4621 rusticos
1445 4580 1542 4635 pro
1596 4565 1706 4618 suis
1760 4564 1985 4617 ﬁnibus:
2026 4572 2142 4616 erat
2192 4570 2366 4615 autem
2397 4550 2447 4610 Ι)
2483 4565 2611 4617 solis
2638 4566 2841 4633 magnis
2871 4566 3063 4631 sportis
3093 4578 3212 4618 cum
3260 4566 3504 4633 panibus,
3550 4576 3601 4620 et
3641 4566 3781 4621 fame
3840 4570 4045 4624 invale-

808 4658 1089 4711 multitudo
1146 4666 1490 4724 utrorumque
1540 4664 1905 4716 armatorum,
1971 4653 2160 4722 quibus
2208 4651 2373 4705 astitit

808 4749 996 4815 Apollo
1031 4763 1211 4815 pacem
1236 4746 1376 4800 inter
1407 4760 1500 4799 eos
1540 4744 1854 4799 concilians.
1888 4741 1948 4795 Ei
1979 4750 2153 4793 autem
2183 4740 2374 4793 restitit

806 4840 1079 4907 gentilium
1111 4839 1162 4893 itt
1194 4852 1367 4907 pugna
1398 4836 1808 4905 antesignanus,
1858 4835 1946 4903 qui
1977 4842 2091 4886 erat
2137 4834 2216 4884 vir
2255 4845 2375 4900 gra-

810 4936 889 4987 vis
916 4941 973 4987 et
998 4946 1197 4996 smvus;
1230 4930 1523 4983 afﬁrmabat
1544 4936 1717 4982 autem
1746 4937 1798 4982 et
1819 4926 2098 4980 dtcebatse
2122 4938 2225 4975 non
2254 4936 2376 4977 esse

813 5023 1058 5076 daturum
1092 5036 1270 5091 pacem
1302 5034 1464 5088 usque
1490 5020 1554 5072 ad
1588 5028 1835 5072 mortem.
1868 5017 1915 5070 ls
1942 5023 2116 5069 autem
2139 5013 2188 5066 ei
2210 5013 2334 5066 dicit
2360 5028 2371 5063 :

810 5119 980 5188 Atque
1006 5117 1141 5171 adeo
1172 5116 1261 5171 tibi
1286 5115 1377 5169 ﬁat
1403 5112 1539 5183 quod
1568 5112 1793 5181 elegisti,
1820 5109 1991 5163 nullus
2014 5107 2153 5162 enim
2187 5116 2378 5174 prmter

814 5220 862 5259 te
890 5208 1178 5262 occidetur.
1212 5205 1331 5261 Tibi
1360 5213 1537 5259 autem
1566 5212 1773 5257 mortuo
1803 5215 1907 5255 non
1952 5199 2054 5254 erit
2095 5210 2235 5251 terra
2287 5211 2375 5251 se-

811 5299 1089 5367 pulcrum,
1178 5296 1272 5351 sed
1344 5303 1562 5351 ventres
1652 5292 1881 5348 ferarum
1917 5300 1970 5343 et
2015 5292 2279 5342 vulturum
2326 5297 2375 5340 te

810 5389 1190 5455 implebuutur.
1249 5386 1419 5454 Atque
1468 5386 1601 5438 adeo
1631 5383 1798 5437 oratio
1846 5381 2089 5435 effectum
2140 5379 2377 5448 protinus

814 5488 896 5533 est
925 5481 1133 5545 sortita,
1178 5490 1295 5529 cum
1330 5489 1391 5528 ex
1446 5486 1667 5542 utraque
1700 5483 1847 5541 parte
1898 5469 2073 5523 nullus
2120 5470 2189 5522 sit
2220 5469 2379 5521 inter-

816 5572 978 5625 fectus
1026 5580 1217 5637 preter
1268 5566 1690 5634 antesignanum.
1749 5562 1914 5628 Quem
1965 5558 2123 5613 etiam
2172 5572 2289 5610 cum
2323 5557 2374 5611 in

812 5674 971 5714 arena
1000 5658 1372 5721 tumulassent,
1399 5670 1552 5709 mane
1575 5655 1890 5708 invenerunt
1912 5648 2153 5704 membra
2182 5647 2376 5700 laniata

812 5754 879 5807 ab
932 5750 1136 5820 hymnis
1165 5758 1220 5804 et
1258 5747 1577 5805 vulturibus.
1612 5745 1691 5801 llli
1741 5754 1915 5801 autent
1958 5757 2077 5799 cunt
2120 5742 2376 5799 vidissent

2473 4664 2683 4717 seente,
2710 4653 2861 4721 jubet
2899 4662 3103 4720 sportas
3138 4653 3311 4706 afferri
3363 4655 3414 4707 in
3447 4654 3702 4720 medium,
3751 4672 3882 4725 quas
3931 4659 4046 4726 ipso

2476 4739 2562 4795 die
2590 4748 2741 4794 erant
2793 4742 2933 4795 esuri
2984 4741 3261 4806 monachi;
3312 4751 3366 4793 et
3413 4742 3748 4798 audientibus
3796 4746 4045 4800 omnibus

2479 4830 2730 4884 fratribus
2758 4841 2813 4885 et
2842 4832 3017 4899 populi
3062 4832 3424 4897 multitudine,
3470 4833 3604 4886 dixit
3632 4850 3816 4905 magna
3867 4852 3997 4891 voce
4028 4856 4041 4889 :

2478 4920 2592 4975 Non
2627 4934 2813 4990 potens
2853 4931 2935 4975 est
2967 4937 3153 4975 manus
3197 4923 3402 4976 Domini
3448 4924 3564 4977 hmc
3610 4926 3875 4992 implere?
3921 4928 4047 4982 llmc

2480 5022 2655 5067 autem
2700 5014 2828 5068 dicit
2860 5012 3088 5081 Spiritus
3114 5022 3329 5066 sanctus
3355 5030 3369 5065 :
3401 5012 3514 5067 Non
3542 5015 3753 5068 deﬁciet
3784 5018 3937 5083 panis
3980 5033 4044 5071 ex

2482 5105 2565 5161 his
2596 5107 2815 5173 sportis,
2849 5106 3017 5159 donec
3053 5120 3189 5158 novo
3235 5104 3498 5159 frumento
3544 5106 3793 5161 fuerimus
3843 5111 4043 5163 satiati.

2482 5196 2550 5250 Et
2593 5197 2925 5249 afﬁrmarunt
2953 5210 3137 5249 omnes
3179 5196 3269 5263 qui
3318 5206 3441 5249 tunc
3488 5197 3706 5251 aderant
3749 5197 3829 5250 eis
3883 5214 4046 5266 panes

2480 5286 2754 5340 suffecisse
2808 5294 3034 5353 quatuor
3086 5299 3313 5338 nienses.
3355 5284 3609 5339 Similiter
3656 5298 3831 5340 autem
3890 5298 3945 5341 et
3996 5291 4045 5342 in

2478 5378 2597 5432 oleo
2624 5386 2679 5433 et
2708 5377 3009 5441 frumento;
3044 5376 3177 5429 adeo
3205 5384 3259 5429 ut
3290 5376 3496 5429 veniret
3529 5388 3759 5443 satanas,
3790 5387 3845 5430 et
3887 5381 3935 5432 ei
3970 5380 4045 5434 di-

2480 5476 2663 5523 ceret:
2696 5467 2831 5522 Num
2865 5477 2923 5521 tu
2946 5481 3003 5521 es
3023 5466 3185 5526 Elias.
3236 5474 3326 5518 aut
3373 5465 3509 5521 alius
3555 5481 3617 5519 ex
3668 5466 3945 5534 prophetis
3996 5479 4045 5523 et

2479 5557 2757 5626 apostolis,
2791 5557 2931 5624 quod
2955 5554 3069 5609 haec
3117 5553 3325 5607 facias?
3375 5553 3422 5606 Is
3477 5564 3653 5607 autem
3705 5554 3839 5608 dixit
3897 5557 4042 5624 ipsi:

2480 5648 2615 5713 Quid
2646 5648 2826 5703 enim!
2853 5661 2956 5701 non
2989 5646 3230 5699 homines
3260 5647 3426 5699 sancti
3471 5646 3680 5699 fuerunt
3722 5649 3947 5715 apostoli
3992 5660 4043 5704 et

2481 5738 2772 5808 propheta,
2804 5737 2893 5807 qui
2924 5736 3039 5793 haec
3061 5735 3210 5792 nobis
3239 5735 3615 5792 tradiderunt?
3646 5737 3726 5791 An
3776 5745 3905 5793 tunc
3925 5740 4034 5804 qui-
