4258 6358
267 380 409 448 1145

1486 378 1851 443 HISTORIA
1892 378 2280 441 LAUSIACA.

3369 374 3503 441 1146

336 498 468 553 Μετ’
496 498 559 551 οὑ
586 496 720 551 πολὺ
757 498 817 551 δέ
848 495 944 551 τοῦ
980 496 1198 568 χρόνου,
1232 493 1327 548 δύο
1366 492 1551 565 κῶμαι
1580 493 1718 563 πρὸς
1746 490 1840 545 ἀλα
1869 494 1915 551 Α
1945 493 2081 562 πρὸς
2116 493 2279 548 αὑτὸν
2308 493 2735 565 ἐμαθητεύοντο,
2766 496 2960 550 νεωστί
2986 495 3084 564 τῆς
3127 494 3335 567 ἐρήμου
3374 496 3501 566 ἐλη-

266 588 434 659 λήλας
461 584 825 657 ἐμϐάλλουσιν
870 585 950 647 εἰς
988 581 1225 650 πόλεμον
1255 579 1398 651 ὑπὲρ
1430 578 1681 651 ἀρουρῶν
1721 577 1837 632 δια-

269 674 599 747 μαχόμεναι.
639 672 726 735 Ὠς
756 671 813 726 δέ
844 671 1133 742 ἀπηγγέλη
1163 668 1241 740 τῷ
1263 668 1436 737 ἀνδρὶ,
1456 668 1621 733 εὐθὺς
1644 668 1837 738 κατῄει

264 765 403 835 πρὸς
430 762 652 825 αὐτοὺς,
681 761 1016 816 διαλλάσσων
1039 759 1236 822 αὑτοὺς
1264 757 1398 825 πρὸς
1423 756 1666 829 εἰρήνην.
1692 757 1755 810 Οἱ
1780 755 1839 809 δέ

264 852 323 919 ἐξ
354 851 603 911 ἐναντίας
631 849 732 902 οὐκ
765 850 1042 901 ἐπείθοντο
1066 888 1081 912 ,
1114 847 1228 900 ἀλλ’
1269 843 1407 920 ἦσαν
1434 846 1583 920 αὐτῷ
1626 845 1837 900 ἀντιλέ-

264 955 476 1006 γοντες,
496 937 582 1007 ἐφ’
610 936 688 990 ἐνί
724 954 829 990 τινι
870 936 1171 1007 ἀρχιλῃστῇ
1218 934 1568 1000 πεποιθότες,
1605 932 1681 997 ώς
1713 948 1839 1001 γενο

262 1027 533 1096 ναιοτάτιρ
558 1026 694 1096 πρὸς
724 1026 981 1095 πόλεμον.
1028 1024 1169 1078 Ἰδὼν
1208 1025 1266 1079 δέ
1306 1024 1468 1078 αὑτὸν
1494 1023 1523 1075 6
1565 1019 1840 1084 Ἀπολλὼς

264 1114 636 1181 ἀντιλέγοντα,
664 1109 786 1168 εἷπε
819 1114 954 1185 πρὸς
983 1112 1166 1167 αὐτόν·
1194 1113 1257 1167 Εἰ
1285 1111 1514 1182 πεισθῇς
1537 1126 1648 1181 μοι,
1678 1102 1722 1161 ὦ
1749 1107 1839 1177 φί-

262 1202 354 1265 λος
376 1243 393 1267 ,
433 1202 696 1272 ἐρωτήσω
726 1218 827 1268 μου
867 1202 958 1255 τὸν
1006 1201 1286 1269 Δεσπότην
1312 1197 1579 1269 ἀφεθῆναί
1624 1214 1705 1251 σοι
1742 1195 1842 1260 τὰς

261 1290 565 1360 ἁμαρτίας.
613 1290 670 1343 ’0
713 1289 771 1343 δὲ
810 1289 888 1353 ὡς
924 1290 1186 1360 ἤκουσεν,
1216 1290 1317 1343 οὑκ
1346 1288 1643 1358 ἐμέλλησεν
1668 1303 1683 1319 ο
1705 1283 1843 1339 ἀλλά

264 1375 431 1445 ῥίψας
452 1375 521 1429 τὰ
540 1375 701 1441 ὅπλα,
717 1378 828 1441 τοῖς
845 1374 1062 1443 γόνασιν
1088 1375 1252 1431 αὑτοῦ
1278 1373 1722 1446 προσικέτευσεν,
1748 1371 1841 1426 καὶ

265 1463 497 1533 μεσίτης
531 1462 754 1534 εἰρήνης
798 1461 1089 1533 γενόμενος
1121 1463 1246 1526 τοὺς
1287 1462 1453 1526 ἰδίους
1494 1463 1575 1524 εἰς
1616 1459 1687 1514 τὰ
1733 1459 1840 1515 ῖδια

261 1548 598 1620 ἀπέστρεψε.
629 1550 847 1604 Τούτων
882 1550 1313 1621 εἰρηνευσάντων
1345 1549 1442 1603 καί
1473 1547 1835 1615 ἀπελθόντων,

260 1640 383 1691 τότε
413 1638 441 1689 6
471 1637 756 1708 διαϐόητος
803 1637 983 1692 αὐτῶν
1016 1638 1295 1708 πρόμαχος
1328 1638 1515 1691 εἵπετο
1546 1635 1733 1690 λοιπὸν
1762 1636 1841 1706 τῷ

260 1726 438 1795 ἀνδρὶ,
466 1726 563 1793 τὴν
600 1726 893 1795 ὑπόσχεσιν
917 1724 1171 1795 φανερῶς
1219 1722 1491 1779 ἀπαιτῶν.
1522 1724 1620 1777 Ὃν
1670 1739 1841 1794 προσ-

1939 580 2181 644 λυθότος.
2222 580 2455 651 Ἐπῆλθε
2498 581 2556 636 δέ
2594 583 2627 652 ή
2678 582 2839 654 ἐορτὴ
2872 582 2966 636 τοῦ
3002 583 3224 654 Πάσχα,
3250 584 3367 638 οιαὶ
3407 585 3506 656 τὴν

1937 671 2190 742 λατρείαν
2217 672 2293 744 τῷ
2323 670 2443 743 Θεῷ
2475 673 2533 725 ἐν
2566 671 2644 743 τῷ
2680 672 2932 743 σπηλαίῳ
2970 670 3464 743 ἀποπληρώσαντες
3487 712 3503 737 ,

1938 758 2160 829 ἔμελλον
2198 760 2265 812 τὰ
2308 758 2673 830 εὑρισκόμενα
2724 757 3053 814 διαιτᾶσθαι.
3102 754 3281 813 Ἦσαν
3311 759 3369 811 δέ
3411 760 3507 811 καὶ

1938 849 2096 918 ἄρτοι
2133 848 2303 915 ὀλίγοι
2340 847 2527 917 ξηροὶ,
2564 847 2658 900 καί
2693 847 2922 900 συνθετά
2962 863 3082 899 τινα
3122 846 3346 916 λάχανα.
3396 846 3508 899 Καὶ

1937 936 2002 1005 δὴ
2042 937 2175 1005 πρὸς
2206 937 2401 997 αὐτοὺς
2429 940 2457 988 6
2500 936 2771 999 Ἀπολλὼς
2803 935 2905 1007 ἐφη
2928 950 2941 964 ·
2979 935 3040 987 Et
3092 934 3272 986 πιστοί
3303 934 3470 1004 ἐσμεν
3490 975 3507 999 ,

1939 1022 1983 1082 ὦ
2014 1028 2200 1092 τέκνα,
2236 1027 2328 1081 καί
2359 1028 2568 1095 γνήσιοι
2602 1026 2695 1080 τοῦ
2716 1024 2949 1097 Χριστοῦ
2973 1025 3181 1090 παῖδες,
3209 1025 3507 1095 αἰτήσασθε

1939 1116 2168 1176 ἕκαστος
2206 1116 2359 1185 ὑμῶν
2413 1117 2563 1189 παρά
2607 1115 2743 1169 Θεοῦ
2773 1115 2801 1168 6
2833 1114 3171 1184 καταθύμιον
3209 1114 3323 1184 ἐχει
3372 1114 3510 1185 πρὸς

1939 1205 2037 1276 τὴν
2071 1204 2390 1276 μετάληψιν.
2428 1207 2491 1259 Οἰ
2530 1205 2585 1258 δὲ
2619 1203 2766 1270 αὑτῷ
2803 1201 2865 1256 τὸ
2906 1202 3014 1255 πᾶν
3055 1199 3380 1268 ἐπέτρεψαν,
3418 1199 3511 1252 ἀν-

1941 1293 2122 1357 αξίους
2146 1294 2369 1357 ἐαυτοὺς
2392 1293 2525 1364 ήγού
2536 1308 2683 1361 μενοι
2700 1289 2900 1361 ταύτης
2924 1291 3021 1359 τῆς
3038 1287 3278 1365 χάριτος.
3298 1283 3512 1357 Φαιδρῷ

1940 1382 1997 1435 δέ
2042 1380 2120 1450 τῷ
2169 1380 2445 1451 προσώπῳ
2478 1378 2920 1450 προσευξαμένου
2954 1374 3119 1429 αὑτοῦ
3166 1374 3261 1428 καὶ
3291 1373 3513 1427 πάντων

1940 1470 2002 1524 τὸ
2045 1470 2193 1540 ἀμὴν
2222 1469 2548 1540 εἰρηκότων,
2595 1468 2757 1531 εὐθὺς
2787 1465 3095 1536 ἐπέστησαν
3136 1462 3214 1532 τῷ
3263 1463 3512 1534 σπηλαίῳ

1940 1557 2083 1620 τινές
2109 1558 2298 1628 ἀνδρες
2331 1557 2630 1625 ἄγνωστοι,
2660 1552 2939 1617 παντελῶς
2967 1552 3063 1607 καί⁸
3106 1551 3387 1624 πόρρωθεν
3418 1550 3513 1604 καὶ

1942 1644 2139 1707 αὑτοὺς
2188 1646 2343 1715 ἥκειν
2377 1645 2705 1712 φάσκοντες,
2752 1641 2928 1700 πάντα
2974 1640 3233 1710 φέροντες
3261 1640 3361 1693 ὅσα
3392 1637 3513 1691 οὐδὲ

1942 1734 2023 1796 εἰς
2069 1735 2237 1803 ἀκοὴν
2268 1732 2445 1786 αὑτῶν
2477 1729 2765 1802 ἐληλύθει,
2800 1730 2895 1783 καὶ
2936 1730 3036 1783 ὅσα
3079 1728 3135 1780 ἐν
3162 1725 3424 1797 Αἰγύπτῳ
3451 1726 3511 1777 o6

262 1813 561 1885 λαῦόμενος
579 1815 607 1867 ὁ
638 1814 909 1884 μακάριος
918 1812 1208 1901 ,Ἄπολλῶς
1239 1814 1297 1866 ἰν
1314 1814 1380 1883 τῇ
1405 1811 1840 1901 πλησίον-ἐρήμῳ
1872 1841 1915 1901 Β
1942 1820 2179 1885 γίνονται
2199 1860 2214 1884 ,
2262 1818 2511 1891 καρποὺς
2561 1817 2937 1879 παντοδαποὺς
2988 1813 3315 1901 παραδείσου
3334 1854 3347 1877 ,
3388 1830 3515 1901 στα-

262 1902 536 1955 ἐνουθέτει
574 1902 667 1955 καὶ
696 1900 993 1972 παρεκάλει
1030 1901 1426 1970 μακροθυμεῖν,
1468 1899 1694 1953 δυνατὸν
1730 1899 1840 1968 γὰρ
1875 1898 1903 1901 ’ί
1924 1907 2136 1976 θφυλάς,
2168 1907 2261 1961 καί
2292 1906 2440 1977 ῥοάς,
2476 1906 2570 1959 καὶ
2599 1904 2773 1968 σῦκα,
2804 1905 2898 1955 καί
2930 1900 3113 1972 κάρυα
3140 1900 3291 1969 παρὰ
3324 1898 3514 1968 καιρὸν

261 1984 402 2042 εἶναι
430 1988 588 2042 τοῦτο
616 1987 789 2056 λέγων
823 1990 912 2041 τὸν
945 1987 1077 2041 Θεὸν
1111 1989 1435 2057 παρασχεῖν.
1473 1987 1562 2050 Ὠς
1593 1987 1650 2042 δέ
1683 1988 1716 2057 ή
1744 1986 1840 2053 νὺξ

262 2076 467 2145 ἐπέστη
504 2076 599 2129 καί
627 2075 690 2147 δὴ
721 2076 888 2145 ἄμφω
919 2075 1036 2128 κατ’
1078 2075 1212 2145 δναρ
1239 2070 1402 2145 ἦσαν,
1437 2076 1495 2129 ἐν
1519 2073 1733 2145 ούρανῷ
1764 2072 1841 2143 τῷ

264 2163 471 2234 βήματι
500 2162 593 2217 τοῦ
627 2162 865 2231 Χριστοῦ
900 2163 1271 2234 παρεστῶτες,
1303 2162 1573 2234 ἐθεώρουν
1602 2161 1841 2233 ἀμφότε-

264 2269 348 2323 ροι
378 2252 502 2313 τοὺς
529 2250 793 2318 ἀγγέλους
830 2252 925 2304 σὺν
948 2252 1057 2314 τοῖς
1087 2251 1316 2315 δικαίοις
1345 2250 1421 2322 τῷ
1451 2250 1572 2320 Θεῷ
1604 2266 1842 2320 προσκυ-

262 2340 508 2402 νοῦντας.
556 2339 643 2402 Ὠς
682 2339 739 2391 δὲ
780 2340 875 2391 καὶ
910 2333 1056 2392 οὗτοι
1096 2340 1353 2404 πεσόντες
1398 2337 1534 2410 ὁμοῦ
1568 2338 1838 2409 προσεκύ-

262 2447 432 2495 νησαν
472 2427 551 2499 τῷ
592 2429 836 2496 Σωτῆρι,
871 2427 1022 2497 φωνὴ
1072 2429 1206 2498 πρὸς
1256 2428 1453 2491 αὐτοὺς
1484 2427 1674 2495 γέγονε
1696 2466 1712 2493 ,
1746 2427 1839 2482 τοῦ

262 2516 397 2569 Θεοῦ
422 2516 692 2583 λέγοντος·
727 2516 822 2579 Τίς
852 2515 1106 2568 κοινωνία
1143 2518 1285 2585 φωτί
1318 2514 1455 2585 πρὸς
1490 2514 1711 2581 σκότος;
1758 2514 1842 2578 τίς

266 2607 425 2677 μερὶς
455 2604 629 2673 πιστῷ
661 2604 799 2674 μετά
841 2604 1107 2669 ἀπίστους
1142 2604 1193 2656 τί
1237 2603 1293 2657 δέ
1337 2604 1431 2657 καὶ
1462 2604 1490 2655 6
1518 2603 1841 2674 ἀνδροφόνος

265 2693 363 2745 σὺν
388 2690 467 2761 τῷ
492 2691 683 2762 δικαίῳ
711 2690 1082 2761 παρέστηκεν,
1114 2690 1332 2757 ἀνάξιος
1357 2692 1432 2745 ὣν
1460 2690 1557 2760 τῆς
1587 2690 1844 2761 τοιαύτης

265 2780 536 2849 θεωρίαςς
579 2779 743 2832 Ἀλλά
766 2780 965 2833 ἄπελθε
1003 2781 1091 2845 σὺ,
1122 2774 1167 2833 ὧ
1207 2779 1484 2850 ἄνθρωπε,
1525 2779 1843 2851 κεχάρισταί

266 2885 348 2920 σοι
390 2868 498 2938 γὰρ
539 2868 567 2920 6
611 2866 859 2936 ὀψίγονος
900 2859 1055 2930 οὗτος
1085 2866 1356 2937 πρόσφυξ.
1399 2866 1569 2920 Ἀλλα
1605 2884 1666 2921 τε
1690 2866 1844 2936 πάμ-

265 2954 437 3006 πολλα
469 2953 721 3023 θαύματα
754 2953 953 3014 ἰδόντες
997 2971 1057 3006 τε
1103 2954 1196 3006 καί
1227 2953 1585 3019 ἀκούσαντες,
1640 2953 1675 3007 ἃ
1716 2952 1841 3008 οὔτε

264 3042 424 3108 λόγος
464 3040 638 3110 τολμᾷ
678 3041 917 3110 φράσαι,
964 3038 1087 3093 οὔτε
1140 3035 1231 3103 οῦς
1294 3040 1554 3101 ἀκοῦσαι,
1626 3040 1842 3105 ἐξυπνοι

1940 1998 2155 2053 ἅπαντα
2194 1994 2504 2066 εὑρημένα,
2556 1992 2653 2045 καὶ
2700 1990 2823 2061 μέλι
2846 2030 2861 2055 ,
2893 1990 2987 2042 καὶ
3029 1987 3199 2058 κηρία
3224 1987 3377 2050 τινὰ,
3420 1985 3514 2039 κεί

1939 2086 2207 2155 γάλακτος
2236 2080 2434 2151 νεαροῦ
2468 2078 2709 2149 στάμνον
2730 2119 2744 2142 ,
2781 2077 2877 2131 καί
2906 2075 3187 2137 νικολάους
3224 2074 3513 2143 παμμεγέ-

1941 2175 2055 2237 θεις
2099 2174 2294 2243 ἄρτους
2336 2171 2467 2224 δέκα
2511 2169 2785 2238 καθαροὺς
2821 2168 2913 2219 καί
2966 2165 3202 2235 θερμοὺς
3250 2164 3406 2233 ξένης
3455 2179 3515 2215 τε

1939 2263 2123 2332 χώρας
2153 2262 2334 2322 αὐτοῖς
2372 2257 2762 2327 κομιζομένης.
2813 2257 2877 2308 Οἰ
2920 2254 2975 2307 δέ
3019 2253 3345 2322 κομίσαντες
3377 2250 3515 2304 αύτά

1941 2351 2130 2418 ἄνδρες
2161 2347 2434 2409 ἐπιδόντες
2471 2345 2628 2415 μόνον
2674 2344 2748 2404 ὡς
2791 2342 2942 2411 παρά
2969 2357 3115 2406 τινος
3152 2338 3391 2411 μεγάλου
3421 2340 3519 2393 ἀν-

1940 2438 2064 2508 δρὸς
2092 2438 2185 2489 καί
2223 2434 2481 2489 πλουσίου
2518 2430 2891 2485 ἀποσταλέντα
2920 2429 3081 2492 εὐθὺς
3117 2429 3253 2499 μετά
3285 2426 3519 2495 σπουδῆς

1942 2524 2313 2594 ἀνεχώρησαν.
2363 2517 2777 2581 Μεταλαϐόντες
2815 2516 2870 2570 δὲ
2916 2516 3026 2569 τῶν
3069 2514 3345 2584 ἐδωδίμων
3390 2514 3519 2581 ἄχρι

1944 2610 2313 2682 πεντηκοστῆς
2344 2609 2403 2673 ἐξ
2426 2606 2606 2660 αὐτῶν
2632 2603 3073 2674 ἐπηρκέσθησαν,
3110 2601 3251 2654 ὥστε
3309 2598 3518 2670 θαυμά-

1943 2699 2055 2765 ζειν
2082 2699 2279 2761 αὐτοὺς
2308 2697 2401 2750 καὶ
2425 2695 2723 2764 λέγειν,ὃτι
2766 2690 3004 2760 Ἀληθῶς
3018 2689 3189 2745 ταῦτα
3210 2688 3361 2760 παρά
3382 2684 3518 2740 Θεοῦ

1943 2789 2347 2859 ἀπεστάλησαν.

2014 2874 2108 2941 Εἰς
2142 2880 2199 2933 δέ
2247 2896 2329 2942 τις
2365 2878 2475 2932 τῶν
2530 2876 2779 2948 μοναχῶν
2828 2872 2980 2943 ῆξίου
3036 2869 3377 2942 παραχρῆμα
3425 2866 3519 2921 τὸν

1944 2967 2164 3037 Πατέρα
2201 2965 2459 3035 δεηθῆναι
2500 2964 2643 3034 ὑπὲρ
2672 2960 2835 3016 αὐτοῦ
2856 3002 2870 3026 ,
2900 2958 3119 3030 χάριτός
3163 2973 3306 3019 τινος
3340 2953 3521 3021 ἀξιοῦ-

1945 3054 2091 3110 σθαι.
2136 3053 2585 3122 Προσευξαμένου
2615 3052 2671 3105 δὲ
2723 3049 2909 3114 αὑτοῦ,
2957 3050 2990 3118 ή
3022 3048 3121 3117 τῆς
3153 3061 3517 3114 ταπεινοφρο-

264 3130 511 3230 γίνονται
533 3129 651 3231 ’καὶ
690 3131 819 3235 ιτοῖς
873 3128 1095 3235 συνοῦσι
1149 3128 1483 3235 ἀπήγγελονὶ.
1535 3128 1730 3235 Θαῦμα
1781 3129 1841 3181 δὲ
1866 3170 1913 3235 C
1948 3142 2109 3212 σύνης
2138 3142 2287 3211 αὐτῷ
2330 3141 2526 3194 δίδοται
2562 3140 2754 3211 χάρις⁹
2789 3137 2883 3190 καὶ
2925 3135 3024 3205 τῆς
3067 3133 3402 3205 πραότητος.
3442 3130 3519 3193 ὡς

264 3217 475 3279 πάντας
504 3212 649 3284 εἶχεν
687 3214 922 3279 ἐξαίσιον
964 3216 1022 3268 τὸ
1051 3216 1233 3285 ὅραμα
1265 3215 1591 3285 ἀμφοτέρων
1625 3216 1843 3285 διηγου-

266 3304 466 3373 μένων.
506 3303 731 3373 Διέμενε
776 3302 907 3370 γοῦν
944 3303 1043 3356 σὺν
1084 3306 1195 3366 τοῖς
1232 3303 1499 3373 ἀσκηταῖς
1545 3304 1573 3356 6
1618 3303 1718 3357 οὐκ
1761 3302 1842 3357 ἐτι

263 3389 625 3459 ἀνδροφόνος,
666 3389 794 3460 ἀχρι
832 3389 933 3458 τῆς
966 3389 1225 3458 τελευτῆς
1271 3390 1362 3443 τὸν
1399 3389 1593 3443 ἐαυτοῦ
1642 3390 1843 3461 τρόπον

262 3479 717 3549 διορθωσάμενος,
747 3473 856 3532 οἷον
886 3479 1071 3550 ἀρνίον
1098 3497 1148 3533 τι
1178 3478 1383 3533 ἄκακον
1410 3481 1473 3533 ἐκ
1494 3478 1656 3533 λύκου
1682 3495 1845 3549 μετα-

264 3566 508 3637 ϐληθείς.
552 3564 887 3635 Ἐπληροῦτο
930 3566 986 3617 δὲ
1028 3567 1122 3618 καὶ
1152 3566 1242 3618 ἐπ’
1270 3566 1423 3637 αὑτῷ
1464 3568 1497 3635 ή
1532 3566 1843 3637 προφητεία

277 3655 502 3707 Ἡσαΐου
537 3653 825 3721 λέγοντος·
869 3651 1039 3706 Δύκοι
1082 3654 1177 3706 καί
1220 3653 1383 3722 ἄρνες
1411 3652 1528 3724 ἄμα
1568 3653 1841 3725 βοσκηθή-

266 3758 471 3803 σονται,
505 3740 599 3793 καὶ
626 3739 763 3792 λέων
786 3740 883 3792 καί
910 3738 1037 3809 βοῦς
1066 3740 1097 3793 ἆ
1107 3755 1184 3810 μα
1206 3741 1472 3809 φάγονται
1499 3741 1702 3813 ἄχυρα.
1731 3736 1840 3795 Ἦν

264 3830 373 3898 γὰρ
434 3828 560 3880 ἰδεῖν
616 3828 734 3879 ἐκεῖ
785 3827 880 3880 καὶ
932 3826 1199 3889 Αἰθίοπας
1262 3826 1359 3879 σὺν
1410 3828 1524 3890 τοῖς
1586 3830 1842 3898 μοναχοῖς

264 3914 591 3977 ἀσκοῦντας,
624 3914 719 3965 καὶ
745 3912 971 3976 πολλοὺς
999 3913 1437 3985 ὑπερϐάλλοντας
1472 3916 1530 3968 ἐν
1556 3915 1678 3977 ταῖς
1709 3915 1843 3985 ἀρε-

264 4005 421 4065 ταῖς·
468 4002 562 4055 καὶ
613 3998 1052 4071 πεπληρωμένην
1100 3999 1188 4053 ἐπ’
1225 4001 1406 4063 αὐτοῖς
1448 4000 1549 4070 τὴν
1582 4001 1839 4073 Γραφὴν,

263 4090 547 4157 λέγουσαν·
608 4088 864 4141 Αἰθιοπία
940 4086 1242 4157 προφθάσει
1320 4090 1477 4158 χεῖρα
1538 4088 1706 4159 αὐτῆς
1763 4087 1841 4159 τῷ

264 4179 405 4250 Θεῷ.

340 4283 567 4337 ’Δλλοτε
604 4282 660 4336 δὲ
687 4277 827 4352 ἦσαν
861 4280 1123 4352 ’Έλληνες
1169 4282 1305 4353 πρὸς
1335 4283 1698 4352 Χριστιανοὺς
1728 4301 1838 4336 κω-

267 4374 449 4443 μήτας
489 4372 880 4441 διαμαχόμενοι
910 4369 1052 4439 ὑπὲρ
1080 4369 1245 4439 όρίων
1285 4370 1483 4424 αὐτῶν.
1530 4370 1740 4440 Πλῆθος
1783 4372 1840 4424 δέ

262 4457 334 4530 ἦν
370 4458 646 4528 ἐκατέρων
677 4456 937 4521 ἐνόπλων,
975 4451 1056 4518 οἷς
1090 4456 1296 4525 ἐπέστη
1329 4458 1356 4510 6
1396 4456 1669 4522 ’Δπολλὼς
1692 4459 1843 4529 εἰρη-

264 4547 457 4601 νεύων.
475 4544 787 4599 Ἀνθίστατο
801 4543 857 4596 δέ
879 4542 1028 4614 αύτῷ
1050 4542 1078 4595 6
1100 4543 1208 4596 τῶν
1244 4543 1513 4612 Ἑλλήνων
1533 4545 1835 4615 πρόμαχος,

263 4634 437 4696 δεινός
464 4650 545 4695 τις
572 4632 664 4685 καί
690 4630 878 4701 ἄγριος
903 4628 999 4694 ὣν,
1024 4628 1502 4699 διαϐεϐαιούμενος
1524 4632 1618 4683 καί
1642 4631 1836 4700 λέγων,

264 4721 361 4792 Μὴ
399 4718 555 4773 δώσω
590 4718 813 4789 εἰρήνην
855 4716 984 4788 ἄχρι
1010 4715 1269 4769 θανάτου.
1333 4713 1391 4767 ’0
1431 4714 1487 4767 δέ
1525 4732 1658 4785 φησι
1703 4716 1839 4786 πρὸς

263 4809 451 4865 αὐτόν·
478 4808 589 4861 Καὶ
609 4805 671 4877 δὴ
698 4804 938 4874 γενέσθω
967 4804 1103 4873 ὅπερ
1132 4802 1277 4860 εῖλω.
1306 4801 1497 4865 Οὐδεὶς
1525 4804 1633 4873 γὰρ
1657 4803 1841 4874 ἐτερος

266 4896 689 4968 ἀναιρεθήσεται
727 4891 867 4963 πλὴν
900 4891 989 4945 σύ.
1025 4892 1220 4944 Ἔσται
1251 4890 1308 4943 δέ
1333 4890 1415 4943 σοί
1444 4889 1658 4945 θανόντι
1687 4892 1839 4965 οὺχή

262 4985 340 5053 γῆ
368 4982 562 5050 τάφος,
589 4979 725 5033 ἀλλά
749 4977 1016 5048 γαστέρες
1039 4976 1243 5046 θηρίων
1266 4975 1362 5030 καί
1387 4976 1577 5045 γυπῶν
1600 4978 1842 5048 πλησθή-

266 5087 454 5126 σονται
486 5069 593 5123 ἀπὸ
627 5066 742 5121 σοῦ.
783 5065 893 5120 Καὶ
922 5064 983 5133 δὴ
1016 5064 1045 5116 6
1068 5064 1225 5132 λόγος
1253 5064 1416 5127 εὐθὺς
1444 5065 1524 5126 εἰς
1553 5064 1713 5135 ἔργον
1744 5066 1841 5134 γέ-

264 5174 462 5229 γονεν,
509 5155 722 5219 οὐδενὸς
775 5153 837 5219 ἐξ
889 5151 1150 5222 ἐκατέρου
1212 5151 1413 5222 μέρους
1463 5152 1840 5223 ἀναιρεθέντος

265 5249 409 5318 πλὴν
447 5243 543 5299 τοῦ
573 5244 879 5317 προμάχου·
917 5241 976 5295 δν
1006 5243 1099 5293 καί
1129 5240 1405 5310 χώσαντες
1439 5242 1497 5295 ἐν
1530 5243 1595 5312 τῇ
1638 5242 1836 5312 ἄμμῳ,

266 5332 415 5404 πρωϊ
440 5325 598 5402 εῦρον
631 5332 707 5392 εἰς
744 5328 880 5398 μέλη
923 5326 1343 5397 ἐσπαραγμένον
1379 5327 1483 5379 ὑπὸ
1523 5328 1714 5395 γυπῶν
1745 5330 1840 5382 καί

266 5421 488 5475 ὑαίνων.
518 5417 582 5471 Ol
614 5417 671 5471 δὲ
717 5414 792 5477 ώς
818 5409 931 5467 ἴδον
973 5413 1034 5466 τὸ
1077 5412 1260 5482 θαῦμα
1297 5413 1392 5466 καὶ
1430 5412 1528 5482 τὴν
1556 5414 1647 5466 τοῦ
1682 5414 1838 5483 λόγου

265 5508 515 5567 ἑκϐασιν,
550 5505 749 5565 πάντες
776 5500 853 5569 τῷ
877 5499 1091 5571 Σωτῆρι
1122 5497 1531 5564 πιστεύσαντες,
1557 5502 1840 5572 προφήτην

264 5596 432 5650 αὑτὸν
468 5592 853 5661 ἀνεκήρυττόν.

334 5680 447 5734 Ἦν
475 5679 533 5732 δι
568 5678 649 5739 ιτι
675 5676 781 5745 πρὸ
808 5674 998 5727 τούτου
1030 5674 1088 5725 ἐν
1118 5671 1196 5741 τῷ
1228 5671 1475 5742 σπηλαίῳ
1503 5671 1594 5726 τοῦ
1629 5672 1787 5742 ὅρους
1812 5676 1840 5728 ό

265 5768 424 5835 ἅγιος
468 5762 743 5826 Ἀπολλῶς
772 5763 870 5815 σὺν
902 5760 1062 5815 πέντε
1090 5763 1228 5814 τισὶν
1257 5758 1526 5829 ἀδελφοῖς,
1562 5760 1610 5814 οἳ
1632 5759 1836 5832 πρῶτοι

1947 3231 2249 3301 θαυμάζειν
2283 3231 2492 3293 πάντας
2528 3229 2667 3297 ὑπὲρ
2714 3225 2879 3279 αὑτοῦ
2926 3222 3231 3293 ὑπερϐολὴν
3273 3221 3516 3292 πραότη-

1943 3338 2033 3383 τος
2064 3319 2433 3390 κτησαμένου.
2483 3316 2806 3385 Ἐξηγοῦντο
2839 3314 2894 3366 δέ
2929 3315 3061 3382 ἡμῖν
3094 3311 3141 3363 οἰ
3189 3310 3318 3379 περί
3354 3308 3518 3360 αὑτὸν

1946 3406 2192 3474 Πατέρες
2220 3406 2424 3467 ταύτας
2454 3403 2620 3456 αὑτοῦ
2660 3403 2757 3463 τὰς
2786 3400 3062 3469 δυνάμεις,
3094 3394 3517 3467 μαρτυρούντων

1944 3492 2093 3563 αὐτῷ
2123 3492 2297 3546 ταῦτα
2317 3493 2412 3546 καὶ
2441 3490 2652 3544 πολλῶν
2682 3487 2949 3556 ἀδελφῶν.

2015 3580 2124 3632 Καὶ
2151 3578 2259 3649 γάρ
2292 3578 2451 3647 λιμοῦ
2491 3594 2620 3630 ποτε
2660 3577 2721 3628 οὑ
2769 3575 2873 3644 πρὸ
2910 3570 3106 3624 πολλοῦ
3148 3584 3290 3631 τινος
3323 3566 3515 3638 χρόνου

1945 3666 2087 3719 κατὰ
2116 3665 2213 3737 τὴν
2236 3664 2477 3736 Θηόαἳδα
2507 3663 2822 3733 γενομένου,
2843 3658 3178 3720 ἀκούσαντες
3204 3657 3253 3709 οἰ
3296 3670 3517 3726 προσοι-

1945 3754 2167 3816 κοῦντες
2200 3754 2296 3817 τάς
2326 3753 2509 3815 πόλεις
2534 3751 2652 3803 λαοὶ
2679 3751 2761 3803 ὅτι
2793 3765 2901 3819 περ
2928 3749 2977 3800 οἰ
3011 3746 3137 3815 περί
3163 3742 3324 3798 αὑτὸν
3356 3760 3519 3812 μονα-

1944 3845 2027 3911 χοί
2056 3841 2317 3903 πολλάκις
2350 3840 2409 3904 ἐξ
2438 3839 2732 3908 ἀμηχάνων
2760 3835 3067 3908 ἐτρέφοντο,
3100 3832 3353 3900 παρῆσαν
3384 3831 3513 3898 δμο-

1944 3929 2179 3999 θυμαδὸν
2212 3927 2346 3997 πρὸς
2386 3926 2547 3978 αὑτὸν
2590 3925 2686 3977 σὺν
2718 3921 2933 3990 γυναιξὶ
2964 3922 3058 3974 καί
3088 3918 3329 3981 τέκνοις,
3361 3915 3513 3969 εύλοο

1942 4019 2065 4085 γίας
2095 4017 2209 4085 ἄμα
2243 4015 2336 4067 καί
2366 4014 2570 4083 τροφὴν
2600 4010 2896 4072 αἰτοῦντες.
2947 4008 3009 4060 '0
3041 4006 3097 4059 δέ
3130 4005 3294 4076 μηδὲν
3322 4003 3513 4067 δεδιὼς

1946 4108 2019 4175 μή
2060 4120 2191 4156 ποτε
2236 4102 2381 4173 λήψῃ
2425 4100 2535 4152 τῶν
2582 4096 2921 4168 βρωμάτων,
2965 4092 3135 4147 ἐδίδου
3185 4094 3351 4145 πᾶσιν
3401 4092 3513 4154 τοῖς

1943 4190 2254 4263 ἐρχομένοις
2300 4190 2516 4257 ἐκάστῳ
2553 4186 2614 4237 τὸ
2655 4184 2925 4253 αὕταρκες
2967 4181 3216 4252 ἡμέριον.
3261 4177 3513 4263 ’Υπολει-

1943 4279 2183 4348 φθέντων
2225 4276 2281 4329 δὲ
2323 4275 2489 4343 τριῶν
2536 4272 2809 4341 σπυρίδων
2865 4269 3115 4339 μεγάλων
3166 4266 3323 4335 μόνον
3374 4262 3512 4348 μετά

1939 4346 2048 4417 τῶν
2077 4362 2276 4430 ἄρτων,
2305 4356 2505 4411 καὶτοῦ
2530 4354 2690 4425 λιμοῦ
2710 4350 3157 4421 ἐπικρατοῦντος,
3177 4346 3510 4419 προστάσσει

1944 4451 2023 4511 εἰς
2059 4447 2222 4517 μέσον
2253 4443 2517 4515 φέρεσθαι
2541 4442 2639 4506 τὰς
2663 4440 2948 4509 σπυρίδας,
2981 4437 3046 4500 ἃς
3070 4436 3121 4489 οἰ
3147 4438 3367 4505 μοναχοί
3389 4431 3511 4487 κατ’

1945 4535 2115 4606 αὑτὴν
2147 4533 2245 4604 τὴν
2274 4532 2487 4603 ἡμέραν
2518 4529 2719 4583 ἐσθίειν
2750 4526 2977 4598 ἐμελλον
2998 4564 3015 4590 ,
3042 4526 3137 4576 καὶ
3165 4524 3243 4587 εἰς
3274 4522 3509 4591 ὑπήκοον

1941 4624 2159 4678 πάντων
2188 4620 2293 4674 τῶν
2326 4619 2569 4685 ἀδελφῶν
2588 4660 2603 4683 ,
2630 4615 2726 4670 καὶ
2771 4614 2879 4667 τῶν
2907 4613 3101 4682 δχλων,
3138 4606 3257 4662 εἰπε
3298 4607 3510 4679 μεγάλῃ

1940 4713 2005 4780 τῇ
2059 4710 2235 4779 φωνῇ’
2277 4707 2368 4776 Μὴ
2402 4707 2499 4773 οὐχ
2538 4702 2710 4771 ἰσχύει
2754 4702 2787 4769 ή
2836 4702 2959 4768 χεὶρ
2989 4695 3194 4765 Κυρίου
3242 4692 3508 4780 πληθῦναι

1941 4779 2144 4862 ταῦτα;
2175 4795 2271 4849 καί
2310 4792 2436 4846 τάδε
2464 4791 2613 4858 λέγει
2642 4788 2705 4841 τὸ
2732 4788 2954 4856 Πνεῦμα
2986 4784 3046 4837 τὸ
3092 4783 3265 4851 ἀγιον⁹
3314 4782 3388 4834 O6
3434 4779 3510 4850 μὴ

1942 4882 2183 4951 ἐκλείψει
2226 4882 2388 4950 ἄρτος
2439 4878 2503 4930 ἐκ
2531 4875 2641 4929 τῶν
2688 4874 2961 4944 σπυρίδων
3009 4868 3230 4931 τούτων,
3264 4867 3421 4938 ἄχρις
3444 4868 3509 4921 ἂν

1942 4974 2277 5046 κορεσθῶσιν
2309 4971 2546 5031 ἅπαντες
2570 4966 2663 5020 τοῦ
2691 4966 2812 5019 νέου
2841 4964 3010 5017 σίτου.
3048 4962 3158 5016 Kal
3191 4958 3511 5014 διαϐεϐαιώ-

1946 5078 2107 5116 σαντο
2138 5062 2335 5121 πάντες
2358 5060 2407 5110 οἰ
2436 5053 2870 5125 παραγενόμενοι
2896 5052 3015 5104 τότε
3039 5049 3377 5119 τετράμηνον
3407 5047 3511 5099 πᾶ-

1945 5167 2029 5203 σιν
2066 5145 2365 5217 ἐπαρκέσαι
2419 5145 2546 5205 τοὺς
2600 5142 2818 5213 ἄρτους.
2891 5137 3121 5207 Ὁμοίως
3171 5136 3229 5188 δὲ
3276 5134 3371 5187 καί
3418 5134 3512 5187 ἐπὶ

1944 5236 2124 5291 ἐλαίου
2149 5238 2244 5289 καὶ
2284 5234 2430 5286 σίτου
2468 5232 2785 5299 πεποίηκεν·
2822 5228 2896 5291 ὡς
2926 5226 3184 5296 παρεῖναι
3208 5224 3299 5276 τὸν
3336 5224 3512 5275 Σατα-

1944 5325 2064 5388 νᾶν,
2094 5322 2186 5375 καὶ
2216 5322 2390 5373 εἰπεῖν
2420 5319 2596 5388 αύτῷ,
2626 5318 2718 5385 Μὴ
2756 5315 2939 5375 Ἠλίας
2959 5309 3009 5365 εἶ
3039 5313 3125 5375 σὺ,
3153 5310 3186 5380 ἢ
3213 5309 3395 5377 ἕτερός
3427 5327 3512 5372 τις

1942 5414 2049 5466 τῶν
2082 5409 2374 5481 προφητῶν
2404 5411 2495 5462 καὶ
2520 5405 2850 5467 ἀποστόλων,
2882 5403 2964 5456 ὅτι
2993 5401 3163 5454 ταῦτα
3177 5401 3414 5469 τολμᾷς;
3454 5399 3511 5453 Ὀ

1943 5502 2000 5553 δὲ
2034 5499 2167 5570 πρὸς
2212 5498 2375 5550 αὑτὸν
2410 5496 2533 5565 ἐφη·
2582 5493 2646 5546 Τί
2672 5492 2817 5565 γάρ;
2850 5491 2949 5543 ούκ
2983 5489 3258 5556 ἄνθρωποι
3286 5482 3428 5557 ἦσαν
3460 5488 3509 5540 οἰ

1945 5589 2091 5655 ἀγιοι
2121 5585 2397 5656 προφῆται
2439 5583 2531 5635 καὶ
2559 5578 2846 5634 ἀπόστολοι
2875 5578 2925 5631 οἰ
2955 5574 3123 5629 ταῦτα
3155 5576 3285 5645 ήμῖν
3336 5576 3509 5627 ποιεῖν

1944 5672 2409 5744 παραδώσαντεςς
2457 5669 2490 5738 ἢ
2533 5668 2655 5719 τότε
2698 5666 2880 5735 παρῆν
2932 5664 3030 5734 μέν
3076 5662 3105 5713 6
3133 5660 3298 5726 Θεὸς,
3330 5660 3509 5714 νῦνδέ

1943 5761 2330 5833 ἀπεδήμησεν;
2359 5756 2581 5811 δύναται
2616 5756 2643 5810 6
2678 5754 2810 5817 Θεὸς
2842 5753 2929 5807 ἀεὶ
2979 5752 3153 5805 ποιεῖν
3185 5748 3379 5814 ταῦτα,
3412 5748 3506 5801 καὶ
