4258 6358
748 386 891 453 1147

2180 386 2532 450 PALLADII

3865 389 4004 455 1148

743 500 897 555 οὐδὲν
921 500 1243 571 ἀδυνατήσει
1272 501 1445 572 αὐτῷ.
1474 500 1655 556 Εἰεοῦν
1687 503 1715 555 ό
1743 500 2120 569 Θεδςάγαθδς,
2148 502 2212 553 σὺ
2231 500 2317 553 διά
2344 496 2397 557 Α
2424 514 2595 567 ματος
2629 501 3018 575 ἐσιωπήσαμεν
3057 505 3315 560 ἑκάστοτε
3335 546 3349 572 ,
3398 504 3527 579 παρ’
3558 504 3725 560 αὐτου
3760 506 3856 558 καὶ
3890 507 4005 559 τῶν

744 593 800 644 τί
846 590 1114 661 πονηρός;
1156 591 1209 642 τί
1240 590 1383 661 γάρ;
1426 594 1499 645 Οὐ
1553 591 1634 644 δεῖ
1671 592 1885 659 λέγειν,
1930 590 2025 645 καὶ
2072 589 2108 644 ά
2156 591 2319 659 ἡμεῖς

749 677 1112 749 ἑωράκαμεν,
1144 679 1226 730 ὅτι
1284 679 1489 746 μεστὰς
1532 680 1796 749 σπυρίδας
1830 679 2050 747 εἰσῆγον
2095 680 2174 740 είς
2220 677 2319 739 τὰς

746 767 1028 837 τραπέζας
1056 765 1164 818 τῶν
1197 766 1441 834 ἀδελφῶν
1483 766 1531 819 οἰ
1552 766 1678 831 τοὺς
1708 767 1907 836 ἄρτους
1950 765 2316 836 εἰσφέροντες,

752 856 845 906 καὶ
897 853 1184 907 ἐσθιόντων
1239 854 1612 909 πεντακοσίων
1662 854 1907 923 ἀδελφῶν
1949 853 2078 923 ἄχρι
2125 852 2318 924 καιροῦ

755 943 960 1013 μεστὰς
983 942 1143 995 πάλιν
1160 943 1329 1004 αὐτάς
1350 940 1754 1010 ἀπελάμόανονς

833 1033 921 1093 Ὠς
959 1031 1014 1084 δὲ
1057 1032 1150 1084 καὶ
1191 1031 1379 1100 ἕτερον
1428 1030 1610 1099 θαῦμα
1659 1030 1858 1093 ἰδόντες
1906 1029 2318 1099 ἐξεπλάγημεν,

750 1120 956 1173 δίκαιόν
986 1119 1135 1173 ἐστιν
1163 1120 1357 1175 εἰπεῖν.
1398 1119 1674 1183 Ἐλθόντες
1703 1120 1814 1190 γὰρ
1837 1120 1972 1189 πρὸς
1992 1120 2153 1172 αὐτὸν
2172 1122 2323 1191 τρεῖς

752 1208 914 1277 ἡμεῖς
963 1209 1184 1276 ἀδελφοὶ
1236 1207 1652 1278 ἐγνωρίσθημεν
1698 1206 1983 1277 πόρρωθεν
2026 1208 2164 1277 ὑπὲρ
2213 1207 2323 1259 τῶν

754 1295 997 1363 ἀδελφῶν
1022 1296 1333 1365 ὁραθέντες,
1362 1294 1471 1347 τῶν
1496 1297 1956 1365 προακουσάντων
1995 1297 2127 1366 παρ’
2155 1295 2321 1349 αὐτοῦ

754 1385 882 1453 περί
911 1387 1006 1453 τῆς
1035 1382 1190 1453 ἡμῶν
1220 1383 1357 1448 πρὸς
1396 1381 1558 1435 αὐτὸν
1592 1383 1827 1449 ἀφίξεως
1851 1400 1865 1415 ·
1909 1385 1958 1436 οῖ
1992 1385 2128 1451 μετά
2159 1403 2324 1439 σπου-

753 1470 849 1537 δῆς
926 1469 1361 1539 προσδραμόντες
1434 1468 1752 1539 ὑπήντησαν
1815 1472 1946 1538 ἡμῖν
2030 1469 2324 1539 ψάλλοντες

755 1556 953 1628 (τοῦτο
983 1557 1092 1625 γάρ
1124 1558 1305 1617 αὐτοῖς
1343 1554 1461 1618 ἔθος
1496 1556 1642 1608 ἐστὶν
1673 1555 1808 1626 πρὸς
1833 1558 2041 1618 πάντας
2070 1558 2195 1618 τοὺς
2227 1575 2323 1627 μο-

753 1645 996 1714 ναχούς),
1032 1645 1127 1697 xal
1154 1645 1636 1714 προσκυνήσαντες
1665 1644 1757 1697 ἐπὶ
1789 1647 2081 1712 πρόσωπον
2108 1648 2202 1698 ἐπὶ
2227 1646 2326 1715 τὴν

754 1736 880 1801 γῆν,
915 1731 1130 1799 ἐφίλουν
1174 1732 1320 1799 ἡμᾶς
1346 1771 1359 1794 ,
1391 1730 1643 1799 ἀλλήλοις
1688 1731 2141 1795 ἐπιδεικνύοντες·
2194 1733 2325 1785 Ἰδοὺ

2419 586 2595 641 ἄλλων
2622 590 2939 657 ἀκούοντες;

2492 676 2668 731 [Ιολλά
2696 679 2752 731 δέ
2784 684 2913 752 περὶ
2944 683 3231 752 ἀσκήσεως
3270 684 3364 736 καὶ
3405 683 3680 746 πολιτείας
3708 683 3845 752 ἡμῖν
3887 683 4009 733 δια,

2420 762 2632 834 λεχθεὶς
2660 768 2801 819 κατά
2832 768 2997 838 μόνας
3024 770 3307 833 πολλάκις,
3335 771 3430 824 καὶ
3460 770 3707 838 περὶτῆς
3732 768 4007 836 ὐπώοῂς

2418 854 2528 906 τῶν
2560 854 2825 925 ἀδελφῶν,
2858 855 3064 925 ἔλεγεν,
3089 858 3180 911 ,ὅτι
3205 859 3286 909 δεῖ
3314 857 3645 926 ἐρχομένους
3681 857 3808 918 τοὺς
3841 856 4005 907 ἀδελ-

2420 940 2555 1009 φοὺς
2600 945 2948 1009 προσκυνεῖν.
2999 942 3077 997 Οὐ
3134 945 3243 1015 γάρ
3289 946 3517 1007 αὐτοὺς,
3563 942 3702 998 ἀλλά
3742 944 3837 995 τὸν
3871 942 4009 995 Θεὸν

2421 1030 2855 1099 προσεκύνησας’
2888 1030 2994 1093 ῖδες
3022 1032 3149 1101 γάρ,
3180 1033 3336 1101 φησὶ,
3371 1032 3464 1084 τὸν
3489 1032 3715 1099 ἀδελφόν
3748 1048 3867 1095 σου,
3897 1031 4008 1094 ῐδες

2422 1118 2625 1188 Κύριον
2663 1118 2755 1171 τὸν
2796 1118 2929 1171 Θεόν
2962 1136 3057 1171 σου
3085 1134 3097 1147 '
3132 1121 3286 1189 παρά
3315 1122 3408 1173 τοῦ
3457 1121 3706 1191 Ἀϐραάμ
3742 1120 4009 1189 παρειλή-

2423 1223 2637 1276 φαμεν,
2683 1208 2732 1259 εἰ
2778 1209 2872 1260 καὶ
2901 1209 2982 1261 δτι
3020 1208 3101 1261 δεῖ
3134 1208 3245 1261 ἐσθ’
3280 1209 3368 1261 δτε
3409 1210 3535 1271 τούς
3570 1208 3832 1276 ἀδελφοὺς
3869 1210 4009 1278 πρὸς

2422 1293 2729 1351 ἀνάπαυσιν
2755 1294 3217 1367 παραϐιάζεσθαι,
3239 1296 3391 1364 παρά
3407 1296 3502 1347 τοῦ
3534 1295 3655 1347 Λὼτ
3691 1296 4012 1365 μεμαθήκα-

2427 1397 2546 1449 μεν,
2582 1379 3065 1451 παραὸιασαμένου
3098 1384 3224 1445 τούς
3264 1382 3550 1449 ἀγγέλους,
3592 1384 3685 1434 καὶ
3725 1384 3806 1436 ὅτι
3851 1383 3935 1435 δεῖ
3960 1383 4009 1435 εἰ

2424 1466 2647 1520 δυνατὸν
2696 1469 2822 1532 τοὺς
2871 1472 3137 1538 μοναχοὺς
3186 1469 3310 1522 καθ’
3360 1470 3597 1539 ἑκάστην
3640 1472 3856 1539 ἡμέραν
3898 1471 4010 1523 τῶν

2429 1557 2744 1626 μυστηρίων
2772 1562 3065 1611 κοινωνεῖν.
3109 1558 3167 1610 '0
3200 1560 3317 1634 γὰρ
3339 1558 3632 1627 μακρύνων
3671 1559 3870 1610 ἐαυτοῦ
3902 1559 4012 1611 ἀπὸ

2426 1644 2653 1705 τούτων,
2702 1643 3040 1713 μακρύνεται
3084 1645 3192 1697 ἀπὸ
3231 1630 3325 1696 τοῦ
3365 1644 3519 1696 Θεοῦ.
3579 1645 3637 1697 '0
3679 1644 3734 1696 δὲ
3767 1644 4012 1713 συνεχῶς

2429 1731 2587 1784 τοῦτο
2631 1731 2802 1783 ποιῶν
2847 1731 2938 1783 τὸν
2982 1732 3212 1801 Σωτῆρα
3253 1733 3491 1800 συνεχῶς
3540 1731 3879 1799 ὑποδέχεται.
3945 1730 4011 1781 Ἡ

755 1821 953 1890 ήκασιν
975 1820 1025 1871 οί
1045 1818 1260 1886 ἀδελφοὶ
1284 1822 1407 1887 περὶ
1435 1810 1509 1869 ὧν
1529 1819 1562 1869 ό
1584 1818 1770 1887 Πατήρ
1790 1820 1895 1889 πρὸ
1917 1819 2080 1889 τριῶν
2105 1820 2327 1889 ἡμερῶν
2357 1845 2405 1904 Β
2432 1821 2536 1890 γὰρ
2571 1820 2834 1888 σωτήριος
2863 1820 3013 1889 φωνὴ
3026 1834 3218 1904 φησιν,
3238 1820 3297 1871 '0
3321 1818 3515 1872 ἐσθίων
3551 1834 3651 1886 μου
3677 1822 3776 1886 τὴν
3806 1818 4008 1883 σάρκα,

755 1907 1083 1977 προείρηκεν
1115 1909 1264 1975 ἡμῖν,
1282 1906 1363 1959 ὅτι
1390 1905 1544 1965 Μετά
1569 1909 1718 1975 τρεῖς
1744 1907 1957 1976 ἡμέρας
1978 1908 2166 1977 ἥξουσι
2194 1909 2330 1978 πρὸς
2358 1902 2387 1904 ⁷
2432 1910 2526 1962 καὶ
2560 1909 2731 1961 πίνων
2766 1926 2868 1977 μου
2894 1909 2955 1960 τὸ
2984 1902 3145 1977 αἷμα,
3182 1912 3334 1977 μένει
3363 1909 3422 1960 ἐν
3453 1908 3598 1975 ἐμοὶ,
3635 1906 3791 1973 κάγὼ
3820 1908 3879 1958 ἐν
3916 1905 4014 1959 a6-

757 2000 904 2069 ἡμᾶς
946 1998 1093 2064 τρεῖς
1141 1995 1361 2063 ἁδελφοί
1413 1995 1523 2049 ἀπὸ
1580 1995 1969 2064 Ἱεροσολύμων
2022 1997 2327 2067 ἐρχόμενοι.

757 2087 868 2140 Kal
893 2087 942 2139 οῖ
981 2086 1078 2155 μὲν
1118 2086 1356 2154 προῆγον
1388 2085 1556 2154 ἡμᾶς,
1590 2085 1638 2137 οί
1671 2084 1727 2137 δὲ
1753 2082 2080 2153 ἠκολούθουν
2111 2083 2332 2137 ὐπισθεν

761 2173 918 2245 ἡμῶν
938 2174 1251 2242 ψάλλοντες,
1274 2172 1433 2243 ἄχρις
1455 2166 1515 2224 οῦ
1539 2171 1767 2241 πλησίον
1791 2171 1971 2224 αὐτῶν
1993 2172 2329 2242 ἐφθάσαμεν.

773 2261 1032 2323 ’Δκούσας
1074 2261 1131 2314 δὲ
1187 2263 1216 2313 ό
1266 2261 1448 2331 πατὴρ
1505 2258 1775 2322 Ἀπολλὼς
1826 2259 1922 2329 τῆς
1984 2260 2167 2328 φωνῆς
2223 2259 2335 2312 τῶν

758 2350 1090 2421 ψαλλόντων,
1133 2350 1442 2420 ὑπήντησεν
1470 2351 1617 2419 ἡμῖν
1662 2348 1802 2401 κατά
1823 2348 1885 2400 τὸ
1930 2347 2048 2410 ἔθος
2079 2347 2243 2400 αὐτοῦ
2272 2348 2335 2403 τὸ

761 2440 900 2509 πρὸς
938 2440 1146 2501 πάντας
1184 2439 1309 2501 τούς
1338 2436 1621 2505 ἀδελφούς.
1668 2438 1776 2491 Kal
1827 2436 1951 2490 ίδὼν
1988 2438 2134 2505 ἡμᾶς
2163 2453 2335 2507 προσ-

762 2530 991 2596 now-.05
1017 2526 1251 2595 πρῶτος,
1277 2526 1368 2577 ἐπὶ
1395 2526 1494 2594 τὴν
1519 2526 1622 2593 γῆν
1648 2524 1841 2577 ἐαυτὸν
1863 2523 2178 2585 ἐναπλῶσας
2196 2537 2210 2551 ⁸
2243 2524 2337 2577 καὶ

764 2615 999 2675 ἀναστὰς
1046 2614 1294 2684 ἐφίλησε.
1334 2614 1443 2666 Kal
1477 2613 1784 2681 εἰσαγαγὼν
1831 2610 2193 2683 ὐπερηύξατο.
2228 2612 2339 2663 Kal

761 2702 892 2765 τούς
928 2702 1094 2765 πόδας
1132 2702 1293 2771 ἡμῶν
1334 2699 1496 2770 νίψας
1552 2702 1738 2771 χερσὶν
1781 2699 2035 2764 οἰκείαις,
2074 2699 2210 2770 πρὸς
2238 2699 2339 2768 τὴν

764 2790 1075 2844 ἀνάπαυσιν
1108 2788 1506 2861 προετρέψατο.
1545 2788 1716 2840 Τοῦτο
1743 2787 1798 2840 δέ
1831 2790 1996 2841 πᾶσιν
2029 2788 2199 2840 ἐποίει
2231 2790 2339 2851 τοῖς

765 2879 1080 2948 ἐρχομένοις
1107 2877 1247 2949 πρὸς
1287 2876 1449 2929 αὐτὸν
1497 2875 1766 2944 ἀδελφοῖς.
1799 2878 1859 2930 Ol
1905 2876 2012 2945 γάρ
2044 2875 2141 2926 σύν
2192 2875 2340 2944 αὐτῷ

766 2966 985 3037 ἀδελφοὶ
1036 2966 1095 3023 οὐ
1144 2964 1408 3036 πρότερον
1462 2964 1564 3033 τῆς
1615 2964 1826 3032 τροφῆς
1891 2961 2337 3031 μετελάμϐανον,

766 3057 935 3127 πρινὴ
976 3054 1076 3125 τῆς
1122 3051 1473 3123 εὐχαριστίας
1523 3052 1617 3104 τοῦ
1665 3050 1899 3120 Χριστοῦ
1948 3052 2338 3119 κοινωνήσωσι.

768 3143 940 3199 Τοῦτο
976 3144 1033 3195 δὲ
1063 3141 1280 3194 ἐποίουν
1328 3138 1472 3192 κατά
1500 3137 1597 3209 τὴν
1640 3139 1866 3208 ἐννάτην
1896 3137 2044 3208 ὥραν
2070 3136 2299 3207 ἡμέριον
2323 3153 2337 3168 ·

768 3227 870 3284 εἷθ’
909 3229 1079 3292 οὕτως
1115 3226 1487 3298 διαιτηθέντες
1533 3225 1824 3296 ἐκάθηντο,
1848 3224 2137 3288 ἀκούοντες
2176 3224 2342 3277 αὐτοῦ

767 3320 1112 3381 διδάσκοντος
1138 3318 1317 3380 πάσας
1335 3316 1434 3378 τάς
1458 3313 1677 3379 ἐντολὰς
1696 3315 1826 3385 ἄχρι
1846 3313 1941 3367 τοῦ
1969 3313 2344 3384 πρωθυπνίου.

782 3405 1021 3459 Ἐκεῖθεν
1058 3405 1123 3475 δὴ
1150 3406 1200 3457 οἱ
1232 3402 1332 3476 μὲν
1357 3402 1449 3455 ἐπὶ
1480 3401 1577 3474 τὴν
1604 3401 1809 3472 ιρημον
1834 3398 1895 3465 ἐξ
1926 3400 2108 3454 αὐτῶν
2144 3398 2350 3470 ἀνεχώ-

772 3514 901 3568 ρουν
945 3493 1402 3565 ἀποστηθίςοντες
1447 3490 1545 3555 τὰς
1595 3491 1818 3562 Γραφάς
1850 3491 1979 3562 ὃλην
2009 3490 2113 3561 τὴν
2144 3490 2345 3545 νύκτα’

770 3587 821 3638 οἰ
867 3583 926 3637 δέ
975 3583 1092 3637 ἐκεῖ
1122 3580 1599 3652 προσεκαρτέρουν
1654 3578 1956 3641 ἀπαύστοις
2020 3577 2209 3647 ὐμνοις
2258 3577 2351 3630 τὸν

770 3670 906 3724 Θεὸν
930 3667 1306 3739 εὐφημοῦντες
1332 3668 1494 3737 ἄχρις
1515 3666 1748 3737 ἡμέρας,
1769 3665 1863 3729 οὒς
1896 3664 2006 3734 ἐγὼ
2033 3664 2194 3727 αὐτὸς
2224 3666 2353 3718 αὐτο

776 3757 871 3827 οψὶ
929 3755 1264 3826 ἐθεασάμην,
1313 3755 1551 3824 ἐσπέρας
1598 3753 1943 3823 ἀρξαμένους
1990 3753 2098 3806 τῶν
2132 3752 2352 3822 ὓμνων,

775 3845 873 3900 καὶ
923 3844 1086 3913 μέχρι
1124 3839 1275 3912 πρωῒ
1303 3840 1366 3894 οὐ
1415 3843 1795 3910 παυσαμένους
1824 3844 1924 3911 τῆς
1952 3840 2116 3910 ᾠδῆς.
2162 3839 2355 3894 Πολλοὶ

776 3932 908 4000 γοῦν
944 3930 1125 3991 αὐτῶν
1175 3927 1316 3982 κατά
1358 3928 1455 3999 τὴν
1488 3928 1715 3997 ἐννάτην
1757 3926 1906 3998 ὥραν
1953 3928 2112 3996 μόνον
2146 3930 2355 3997 κατήρ-

778 4019 1024 4091 χοντοξέκ
1053 4016 1146 4070 τοῦ
1189 4016 1382 4086 ὅρους,
1418 4015 1637 4083 καὶτῆς
1678 4014 2029 4084 εὐχαριστίας
2082 4013 2357 4084 μετελάμ-

778 4108 963 4171 ϐανον,
992 4106 1087 4159 καὶ
1110 4105 1269 4158 πάλιν
1296 4103 1535 4174 ἀνῄεσαν
1560 4102 1890 4172 ἀρκούμενοι
1920 4105 1982 4171 τῇ
2011 4103 2355 4172 πνευματικῇ

790 4194 927 4263 μόνῃ
960 4194 1135 4263 τροφῇ
1164 4193 1323 4262 άχρις
1364 4191 1530 4261 άλλης
1575 4189 1823 4259 ἐννάτης.
1856 4190 2026 4242 Τοῦτο
2055 4189 2110 4241 δέ
2141 4189 2358 4241 ἐποίουν

780 4281 967 4335 πολλοὶ
999 4281 1060 4345 ἐξ
1102 4280 1281 4333 αὐτῶν
1324 4280 1419 4333 ἐπὶ
1467 4278 1668 4341 πολλὰς
1708 4277 1941 4347 ἡμέρας.
1982 4274 2093 4329 Ἦν
2126 4276 2182 4328 δὲ
2232 4275 2359 4328 ἰδεῖν

782 4370 978 4432 αὐτοὺς
1006 4367 1450 4437 ἀγαλλιωμένους
1482 4366 1623 4418 κατά
1651 4363 1749 4434 τὴν
1778 4364 2005 4433 ἔρημον.
2038 4362 2152 4415 Οὐκ
2182 4362 2247 4414 ἀν
2278 4378 2361 4424 τις

783 4460 926 4512 εῖποι
984 4460 1075 4512 ἐπὶ
1132 4456 1233 4526 τὴν
1284 4456 1387 4524 γῆν
1436 4454 1639 4523 ταύτην
1701 4452 1955 4521 τοιαύτην
2004 4452 2360 4520 ἀγαλλίασιν,

2429 1997 2527 2067 τῷ.
2574 1997 2746 2049 Τοῦτο
2776 1996 2871 2049 οὖν
2908 1997 3177 2065 συμφέρει
3218 1998 3332 2058 τοῖς
3379 1997 3664 2065 μοναχοῖς,
3700 1995 4013 2063 ὑπόμνησιν

2429 2085 2523 2139 τοῦ
2558 2085 2826 2156 σωτηρίου
2862 2084 3069 2147 πάθους
3100 2085 3337 2153 συνεχῶς
3367 2083 3732 2151 ποιουμένοις,
3762 2084 3858 2134 καὶ
3891 2080 4012 2151 μεθ’

2432 2177 2644 2247 ἡμέραν
2674 2178 2921 2247 ἐτοίμους
2952 2170 3089 2229 εἶναι
3120 2174 3559 2246 παρασκευάζειν
3590 2174 3813 2233 ἐαυτούς
3837 2171 4014 2224 τοιού-

2432 2284 2579 2332 τους,
2612 2266 2687 2329 ὡς
2708 2264 2891 2331 ἀξίους
2934 2261 3073 2318 εῖναι
3114 2263 3344 2318 πάντοτε
3377 2263 3512 2332 πρὸς
3554 2262 3651 2331 τὴν
3689 2262 3797 2314 τῶν
3841 2262 4015 2328 ἀγίων

2435 2356 2531 2408 καὶ
2553 2353 2823 2425 οὐρανίων
2852 2352 3165 2423 μυστηρίων
3188 2351 3477 2420 ὑποδοχήν,
3503 2350 3625 2402 ἐπεὶ
3645 2349 3737 2401 καὶ
3765 2350 4016 2415 ἀφέσεως

2435 2440 2722 2512 ἁμαρτιῶν
2771 2439 2912 2493 οὕτω
2972 2438 3396 2507 καταξιούμεθα.
3449 2437 3559 2501 Τάς
3612 2437 3668 2490 δὲ
3720 2437 4016 2500 καθολικάς

2437 2529 2712 2599 νηστείας,
2750 2528 2903 2597 φησί,
2944 2527 3017 2598 μὴ
3048 2526 3167 2590 ἐξὸν
3197 2526 3347 2579 λύειν
3373 2526 3500 2580 ἀνευ
3532 2526 3715 2596 πάσης
3746 2526 4015 2595 ἀνάγκης.

2450 2617 2539 2669 Ἑν
2579 2616 2690 2684 γὰρ
2731 2613 2945 2683 τετράδι
2993 2615 3021 2665 ὁ
3065 2612 3255 2683 Σωτὴρ
3300 2612 3685 2682 παραδίδοται,
3734 2614 3791 2665 ἐν
3846 2612 3905 2664 δέ
3951 2614 4020 2681 τῇ

2442 2704 2766 2773 παρασκευῇ
2804 2700 3150 2771 σταυροῦται.
3201 2701 3258 2753 '0
3295 2696 3387 2755 οὖν
3422 2701 3624 2763 ταύτας
3653 2700 3831 2766 λύων,
3879 2717 4023 2768 συμ-

2440 2790 2775 2860 παραδίδωσι
2827 2792 2919 2841 τὸν
2974 2789 3202 2857 Σωτῆρα
3238 2781 3351 2841 ’καὶ
3412 2790 3724 2858 συσταυροῖ.
3786 2787 3913 2839 Ἐἀν
3969 2787 4027 2839 δὲ

2440 2882 2565 2950 ἥκει
2599 2880 2733 2949 πρὸς
2756 2879 2903 2946 ἡμᾶς
2928 2877 3186 2946 ἀδελφὸς,
3217 2878 3579 2940 ἀναπαύσεως
3613 2877 3865 2946 δεόμενος
3889 2917 3902 2939 ,
3931 2894 4029 2945 νηο

2443 2968 2628 3030 στείας
2656 2967 2843 3036 οὐσης.
2872 2965 3215 3037 παραθήσεις
3247 2966 3395 3036 αὐτῷ
3427 2966 3573 3035 μόνῳ
3594 2966 3692 3034 τὴν
3723 2964 4027 3034 τράπεζαν.

2443 3059 2506 3110 Εἰ
2536 3057 2592 3109 δὲ
2630 3056 2704 3126 μὴ
2736 3055 3004 3124 βούλεται,
3041 3054 3115 3123 μή
3152 3055 3492 3125 ἀναγκάσῃς.
3530 3054 3733 3121 Κοινὴν
3766 3053 3881 3123 γάρ
3912 3052 4033 3121 ἐχο-

2449 3163 2545 3215 μεν
2576 3145 2776 3206 πάντες
2805 3146 2905 3212 τὴν
2928 3142 3247 3212 παράδοσιν.
3290 3141 3603 3210 Ἑμέμφετο
3624 3141 3680 3193 δέ
3704 3139 3877 3192 πολλὰ
3906 3140 4033 3200 τοὺς

2445 3233 2513 3286 τὰ
2544 3232 2743 3302 σιδηρᾶ
2772 3230 3069 3302 φέροντας,
3100 3230 3197 3282 καὶ
3225 3228 3353 3291 τούς
3388 3227 3698 3296 κομῶντας.
3731 3220 3893 3280 Οὗτοι
3925 3226 4036 3294 γὰρ

2446 3319 2849 3383 ἐνδεικνύουσι,
2882 3318 3051 3386 φησὶ,
3097 3317 3190 3369 καὶ
3227 3315 3326 3385 τὴν
3367 3314 3892 3385 ἀνθῳπαρὲσκειαν
3940 3311 4039 3379 θηο

2451 3408 2621 3481 ρῶσι·
2677 3406 2797 3458 δέον
2857 3406 3057 3467 αὐτοὺς
3126 3404 3327 3472 μᾶλλον
3374 3402 3654 3472 νηστείαις
3708 3400 3923 3452 ἐκλύειν
3978 3398 4040 3451 τδ

2451 3496 2631 3567 σῶμα,
2662 3496 2759 3547 καὶ
2808 3496 2869 3547 ἐν
2899 3491 3130 3564 κρυπτῷ
3172 3491 3239 3544 τὸ
3272 3491 3435 3545 καλὸν
3480 3492 3763 3562 πράττειν.
3796 3490 3861 3542 Ui
3892 3488 3949 3541 δὲ
3979 3489 4038 3539 οὐ

2449 3584 2627 3647 τοῦτο,
2658 3582 2798 3635 ἀλλά
2830 3583 2999 3634 πᾶσιν
3021 3580 3248 3641 ἐαυτούς
3276 3579 3543 3649 φανεροὺς
3573 3577 3895 3630 καθιστῶσι.
3932 3576 4043 3629 Kal

2458 3672 2513 3725 τί
2544 3672 2614 3725 ἀν
2645 3687 2729 3733 τις
2764 3668 2910 3721 εῖποι
2939 3668 3038 3730 τὰς
3091 3666 3311 3735 διδαχάς
3342 3665 3507 3719 αὐτοῦ
3540 3666 3719 3728 πάσας
3751 3666 4045 3735 παραπλη-

2457 3759 2587 3821 σίως
2618 3757 2786 3819 οὔσας
2815 3755 2977 3809 αὐτοῦ
3028 3758 3095 3825 τῇ
3132 3755 3400 3824 πολιτείᾳ,
3450 3755 3513 3816 ἃς
3557 3754 3679 3805 οὐδέ
3724 3757 3935 3822 φράσαι
3967 3770 4046 3815 τις

2455 3848 2580 3901 οὐδὲ
2608 3847 2819 3916 γράψαι
2851 3845 2972 3898 κατ’
3003 3844 3162 3908 ἀξίαν
3196 3844 3507 3911 δυνήσεται;
3535 3842 3771 3893 Πλεῖστα
3798 3838 3892 3893 οὖν
3921 3840 4047 3892 πολ-

2458 3936 2614 3998 λάκις
2646 3935 2777 4003 ἡμῖν
2816 3949 2955 3984 κατα
2968 3933 3131 4001 μόνας
3157 3931 3284 4000 ὅλην
3304 3932 3403 3999 τὴν
3429 3929 3700 3998 ἑϐδομάδα
3726 3928 4047 3997 διαλεγόμε-

2458 4042 2571 4089 νος,
2596 4024 2692 4078 καὶ
2714 4021 3242 4093 πῳπέμπωνὴμᾶς,
3270 4018 3471 4086 ἔλεγεν·
3499 4016 3735 4086 Εἰρήνην
3753 4016 3905 4085 ἔχετε
3934 4016 4047 4085 μετ’

2461 4112 2741 4183 ἀλλήλων,
2776 4111 2869 4164 καὶ
2897 4109 2972 4180 μὴ
3013 4108 3107 4162 ἀπ’
3151 4108 3395 4175 ἀλλήλων
3446 4108 3524 4169 είς
3563 4106 3681 4158 όδδν
3722 4103 4047 4173 χωρίζεσθε.

2534 4200 2792 4260 Εἰπόντος
2821 4198 2877 4250 δὲ
2907 4199 3019 4258 τοῖς
3060 4196 3157 4248 σὺν
3196 4193 3345 4263 αὐτῴ
3381 4192 3651 4260 ἀδελφοῖς,
3689 4192 3771 4252 τίς
3806 4191 3874 4243 ἂν
3908 4189 4049 4242 ἐκὼν

2469 4287 2711 4358 βούλοιτο
2739 4285 2797 4349 ἐξ
2822 4284 3004 4338 αὐτῶν
3025 4280 3459 4352 συμπροπέμψαι
3484 4280 3631 4350 ἡμᾶς
3660 4279 3789 4347 άχρι
3814 4277 3927 4329 τῶν
3960 4278 4051 4329 άλ-

2467 4378 2575 4430 λων
2602 4376 2881 4445 Πατέρων,
2907 4372 3095 4441 σχεδὸν
3116 4372 3354 4445 ἅπαντες
3379 4369 3726 4439 παρεκάλουν
3754 4366 4053 4437 προθύμως

2470 4462 2903 4535 συμπροπέμψαι
2933 4462 3099 4529 ἡμᾶς.
3144 4458 3203 4510 '0
3228 4458 3284 4510 δὲ
3316 4458 3469 4523 ἅγιος
3513 4456 3786 4517 Ἀπολλὼς
3815 4457 3969 4523 τρεῖς
3996 4452 4055 4515 ἐξ

784 4547 905 4599 οὐδὲ
935 4544 1277 4613 εὐφροσύνην
1313 4544 1650 4611 σωματικήν·
1685 4540 1820 4595 Οὐδὲ
1856 4540 2078 4608 στυγνὸς
2117 4540 2149 4610 ἦ
2193 4556 2365 4607 κατη·
2396 4534 2439 4590 Β
2469 4534 2648 4609 αὐτῶν
2698 4551 3121 4619 ἐπιλεξάμενος,
3169 4544 3367 4617 ἄνδρας
3412 4548 3630 4607 ἱκανοὺς
3674 4548 3732 4598 ἐν
3774 4545 3915 4612 λόγῳ
3961 4546 4055 4597 καὶ

786 4635 894 4705 φής
926 4651 1011 4695 τις
1039 4630 1106 4703 ἦν
1134 4634 1191 4684 ἐν
1218 4632 1399 4694 αὐτοῖς
1419 4647 1433 4661 ο
1465 4630 1579 4682 ἀλλ’
1604 4631 1754 4692 εῖτίς
1786 4646 1887 4682 που
1923 4631 2017 4683 καὶ
2052 4630 2368 4696 στυγνάζων

787 4724 981 4791 ἐφάνη,
1012 4720 1172 4781 εὐθὺς
1210 4717 1441 4771 ἐπύθετο
1477 4716 1607 4786 παρ’
1647 4717 1811 4769 αὐτοῦ
1842 4718 1871 4768 ό
1905 4718 2085 4786 πατὴρ
2127 4716 2368 4770 Ἀπολλὼ

788 4812 888 4877 τὴν
919 4808 1120 4871 αἰτίαν,
1158 4806 1253 4859 καὶ
1281 4806 1351 4857 τὰ
1384 4808 1440 4857 ἐν
1480 4805 1557 4874 τῷ
1586 4804 1813 4870 κρυπτῷ
1840 4804 1939 4873 τῆς
1976 4805 2199 4874 καρδίας
2238 4805 2368 4857 ἐκά-

794 4913 917 4949 στου
958 4894 1288 4963 ἀπήγγελεν.
1329 4892 1523 4959 Ἔλεγε
1552 4892 1627 4943 δέ·
1666 4892 1739 4943 Οὐ
1772 4892 1878 4961 χρὴ
1929 4892 2246 4958 στυγνάζειν
2279 4893 2371 4945 ἐπὶ⁵

792 4988 861 5055 τῇ
897 4984 1140 5054 σωτηρίᾳ.
1190 4982 1483 5053 μέλλοντας
1524 4982 1804 5051 βασιλείαν
1836 4984 2079 5052 οὐρανῶν
2114 4982 2371 5053 κληρονο-

798 5077 941 5144 μεῖν.
970 5073 1343 5142 Στυγνάζουσι
1376 5073 1505 5141 μὲν,
1537 5072 1722 5141 φησὶν,
1762 5071 2043 5141 Ἕλληνες,
2078 5072 2372 5126 κλαύσουσι

796 5163 853 5216 δέ
892 5162 1153 5226 Ἰουδαῖοι,
1191 5160 1520 5229 πενθήσουσι
1554 5160 1610 5212 δὲ
1644 5160 1993 5231 ἁμαρτωλοὶ,
2018 5161 2067 5212 οί
2091 5160 2147 5212 δέ
2174 5160 2372 5213 δίκαιοι

799 5252 1309 5322 εὐφρανθήσονται,
1352 5250 1447 5303 καὶ
1488 5252 1535 5300 οἰ
1585 5252 1650 5304 τὰ
1690 5252 1854 5320 γήϊνα
1902 5251 1999 5320 μέν
2050 5248 2371 5321 φρονοῦντες

798 5340 892 5391 ἐπί
910 5341 1021 5401 τοῖς
1046 5340 1255 5408 γητνοις
1279 5338 1681 5408 εὐφραίνονται,
1709 5340 1867 5406 ἡμεῖς
1891 5338 1946 5391 δέ
1968 5340 2016 5390 οἰ
2042 5337 2377 5408 τηλικαύτης

797 5427 1011 5491 ἐλπίδος
1034 5428 1459 5493 καταξιωθέντες
1483 5467 1497 5491 ,
1530 5428 1645 5490 πῶς
1674 5430 1795 5497 οὐχὶ
1825 5427 2119 5491 διαπαντὸς
2150 5428 2377 5497 εὐφραι-

800 5514 1039 5583 νώμεθα,
1072 5514 1167 5567 τοῦ
1205 5516 1526 5568 ’Δποστόλου
1553 5513 2120 5585 ἡμᾶςπαρορμῶντος
2146 5515 2377 5567 πάντοτε

802 5602 1012 5672 χαίρειν
1034 5642 1046 5666 ,
1081 5603 1439 5667 ἀδιαλείπτως
1470 5604 1903 5674 προσεύχεσθαι,
1933 5606 1990 5656 ἐν
2024 5605 2187 5657 παντὶ
2217 5605 2381 5673 εὐχαο

804 5692 1040 5759 ριστεῖν;
1069 5691 1132 5741 Τί
1158 5693 1201 5743 δ’
1225 5692 1290 5745 ἀν
1313 5710 1397 5755 τις
1428 5694 1570 5745 εῖποι
1599 5692 1698 5763 τὴν
1722 5695 1778 5745 ἐν
1802 5693 1981 5761 λόγοις
2002 5694 2167 5747 αὐτοῦ
2194 5696 2375 5765 χάριν,

805 5775 899 5829 καὶ
928 5775 1027 5841 τὰς
1052 5775 1244 5841 λοιπάς
1276 5778 1441 5834 αὐτοῦ
1464 5779 1688 5849 ἀρετάς,
1731 5780 1797 5844 ἃς
1831 5782 1879 5834 δι
1914 5780 2220 5851 ὐπερῦολήν
2250 5782 2379 5836 θαύ-

2470 4642 2737 4711 πολιτείᾳ,
2786 4640 2881 4693 καὶ
2926 4637 3227 4707 ἐμπείρους
3264 4637 3367 4704 τῆς
3412 4635 3732 4705 Ἑλληνικῆς
3767 4634 3862 4685 καὶ
3924 4633 4058 4685 Ῥω-

2473 4731 2678 4800 μαῖκῆς
2710 4728 2806 4781 καὶ
2844 4724 3228 4800 Αἰγυπτιακῆς
3260 4722 3569 4785 διαλέκτου,
3598 4719 4057 4789 συμπροπέμπων

2469 4820 2616 4889 ἡμᾶς
2654 4816 2836 4876 αὐτοῖς
2868 4811 3175 4865 ἐνετέλλετο
3217 4810 3293 4879 μὴ
3340 4808 3609 4877 πρότερον
3648 4806 3865 4872 ἀφιέναι
3912 4807 4059 4873 ἡμᾶς

2472 4907 2602 4976 πρὶν
2632 4904 2697 4958 ἂν
2728 4900 2930 4961 ἱκανῶς
2960 4899 3178 4968 ἔχοιμεν
3214 4898 3340 4959 τοὺς
3386 4894 3636 4965 ῐίατέρας
3664 4894 3816 4955 δλους
3852 4892 4061 4960 θεωρή-

2475 5008 2684 5053 σαντες.
2720 4988 2827 5051 Οὒς
2868 4986 2961 5039 ἐὰν
2998 4984 3252 5055 βούληταί
3282 5000 3366 5045 τις
3403 4982 3529 5033 ἰδεῖν
3556 4980 3819 5041 ἅπαντας,
3851 4978 3953 5030 οὐκ
3998 4978 4062 5031 ἂν

2474 5080 2665 5149 φθάνοι
2699 5079 2787 5132 διὰ
2818 5076 3018 5139 παντὸς
3055 5074 3149 5127 τοῦ
3202 5072 3319 5141 βίου
3371 5069 3689 5124 θεάσασθαι.
3744 5068 4062 5136 Εὐλογήσας

2474 5164 2569 5221 οὖν
2604 5168 2753 5237 ἡμᾶς
2788 5163 3159 5229 ἐξαπέστειλε,
3195 5161 3393 5227 λέγων,
3421 5158 3732 5226 Εὐλογήσαι
3766 5156 3910 5222 ὑμᾶς
3948 5152 4060 5205 Κύ-

2480 5273 2592 5326 ριος
2625 5256 2691 5307 ἐκ
2718 5252 2880 5314 Σιὼν,
2916 5251 3009 5304 καὶ
3054 5248 3216 5301 ἴδοιτε
3246 5247 3315 5299 τά
3346 5245 3531 5312 ἀγαθά
3568 5241 3929 5313 Ἰερουσαλὴμ
3961 5241 4061 5293 πά-

2479 5362 2577 5405 σας
2605 5343 2705 5405 τὰς
2742 5341 2958 5409 ἡμέρας
2987 5338 3085 5407 τῆς
3116 5334 3262 5404 ζωῆς
3292 5333 3469 5403 ὐμῶν.

2551 5430 2939 5500 Πορευομένων
2980 5427 3037 5479 δὲ
3073 5425 3234 5495 ἡμῶν
3273 5422 3415 5477 κατά
3443 5422 3544 5491 τὴν
3587 5419 3793 5491 ἔρημον
3829 5418 3887 5469 ἐν
3930 5433 4062 5485 μεσ-

2479 5521 2722 5591 ημϐρίᾳ,
2764 5518 3023 5586 ἐξαίφνης
3058 5514 3275 5584 ὁρῶμεν
3306 5511 3493 5581 σύρμα
3538 5507 3778 5578 μεγάλου
3831 5505 4060 5573 δράκον-

2478 5627 2569 5672 τος
2619 5604 2767 5661 οἷάτε
2802 5604 2961 5658 δοκοῦ
3010 5603 3097 5655 διὰ
3128 5600 3227 5670 τῆς
3262 5600 3491 5669 ψάμμου
3526 5593 3881 5657 ἑλκυσθείσης
3905 5635 3921 5657 ,
3972 5592 4059 5645 καὶ

2484 5698 2683 5756 ἰδόντες
2714 5694 2864 5763 φόϐῳ
2895 5690 3074 5759 πολλῷ
3103 5686 3531 5757 συνεσχέθημεν.
3563 5685 3627 5736 Ol
3652 5682 3707 5733 δέ
3734 5678 4059 5749 ὁδηγοῦ-,τες

2481 5784 2628 5854 ἡμᾶς
2659 5780 2881 5847 ἀδελφοὶ
2923 5776 3270 5848 παρεκάλουν
3314 5775 3465 5843 ἡμᾶς
3517 5773 3591 5844 μὴ
3630 5770 3883 5837 δεδιέναι,
3932 5768 4065 5822 αλλά
