4258 6358
297 379 437 433 1149

1566 384 1884 446 HISTORIA
1928 386 2286 447 ωυδιΑεΑ.

3370 408 3515 466 1150

287 507 408 557 dem
468 500 649 555 aderat
678 500 839 561 Deus.
880 515 1017 556 nunc
1067 509 1246 558 autem
1291 516 1512 573 peregre
1549 512 1634 557 est
1683 502 1858 573 profe—
1884 503 1933 560 Α
1963 502 2013 557 in
2041 518 2287 561 sermone
2320 503 2563 575 gratiam,
2595 514 2652 560 et
2698 505 2929 575 reliquas
2954 504 3070 576 ejus
3096 505 3338 573 virtutes,
3388 522 3519 577 quas

297 606 414 652 etus
432 592 459 648 τ
485 594 665 648 Potest
692 602 867 646 autem
901 592 1038 647 Deus
1068 594 1180 647 haec
1209 608 1421 660 semper
1455 591 1651 659 facere,
1689 600 1746 647 et
1772 591 1853 645 ni-

295 683 374 739 hil
410 682 511 738 erit
561 683 703 752 quod
745 684 857 752 ipse
902 697 1008 736 non
1062 683 1247 751 possit.
1303 683 1358 739 Si
1404 698 1531 752 ergo
1586 683 1726 738 Deus
1771 690 1854 737 est

291 773 485 838 bonus,
508 787 601 827 cur
627 782 681 827 tu
704 774 918 827 malus?
961 772 1095 838 Quid
1147 787 1275 827 vero
1330 787 1437 827 non
1488 780 1700 837 oportet
1753 784 1852 824 nos

288 881 503 936 quoque
532 866 712 920 dicere
735 881 795 919 ea
822 881 938 935 quas
964 866 1199 919 vidimus
1219 904 1234 928 ,
1261 879 1451 931 nempe
1491 863 1631 931 quod
1662 863 1851 917 fratres

291 957 728 1027 ingrediebantur
756 972 876 1011 cum
925 956 1141 1025 sportis,
1174 955 1240 1009 ad
1273 969 1483 1010 mensas
1531 969 1694 1024 panes
1723 953 1851 1009 alle-

289 1055 490 1111 rentes,
520 1054 716 1101 etcum
744 1046 1084 1102 comederent
1113 1044 1381 1115 quingenti
1434 1044 1623 1100 fratres
1668 1043 1736 1099 ad
1763 1058 1851 1099 sa-

285 1138 547 1201 tiezatem,
575 1149 667 1191 eas
694 1150 878 1191 rursus
918 1136 1100 1205 plenas
1121 1134 1495 1204 accipiebant?

360 1224 517 1279 Aliud
543 1241 754 1295 quoque
782 1226 1114 1291 miraculum,
1146 1226 1286 1293 quod
1315 1224 1553 1279 videntes
1574 1225 1849 1294 obstupui-

284 1328 426 1378 mus,
454 1330 547 1383 par
572 1325 651 1369 est
674 1316 871 1371 dicere.
900 1317 1029 1370 Cum
1063 1315 1203 1371 enim
1257 1316 1323 1368 ad
1374 1330 1468 1370 eos
1520 1317 1848 1373 venissemus

281 1404 458 1474 spatio
491 1408 650 1460 trium
681 1407 907 1473 dierum,
949 1408 1146 1475 cogniti
1177 1424 1379 1473 sumus,
1434 1410 1615 1474 procul
1662 1409 1762 1463 visi
1816 1426 1846 1464 a

280 1495 557 1562 fratribus,
581 1496 669 1565 qui
688 1512 753 1549 ex
779 1512 845 1551 eo
873 1495 1149 1551 audierant
1178 1498 1243 1552 de
1274 1508 1456 1551 nostro
1494 1498 1561 1551 ad
1605 1513 1725 1553 eum
1753 1499 1847 1553 ad-

278 1595 440 1640 ventu
471 1602 484 1636 :
510 1586 597 1653 qui
621 1586 831 1654 quidem
857 1600 1082 1654 propere
1111 1596 1453 1642 accurrentes
1502 1589 1656 1643 nobis
1686 1604 1847 1644 vene-

280 1685 405 1728 runt
433 1675 638 1727 obviam
671 1676 981 1743 psallentes,
1010 1686 1093 1730 est
1116 1677 1256 1731 enim
1288 1679 1370 1732 hic
1399 1692 1516 1731 mos
1544 1678 1683 1747 apud
1729 1695 1845 1734 out-

278 1777 376 1817 ncs
398 1763 711 1818 monachos.
753 1763 962 1817 Etcum
994 1766 1140 1832 proni
1173 1765 1225 1819 in
1272 1775 1466 1821 terram
1507 1768 1839 1833 adorassent,

1958 608 2170 663 pr0pter
2197 610 2461 650 summum
2491 596 2799 652 miraculum
2819 596 3083 662 siluimus,
3108 596 3314 653 auditas
3335 598 3517 669 utique

1954 696 2017 737 ex
2048 687 2161 750 Ipso
2190 692 2244 739 et
2270 699 2335 739 ex
2374 685 2535 738 aliis?

2023 771 2153 826 Cum
2183 785 2357 827 autem
2390 773 2456 827 dc
2485 775 2860 830 exercitatione
2889 786 2941 830 et
2984 777 3103 830 vita:
3143 776 3381 832 instituto
3420 794 3516 832 no-

1955 862 2154 917 biscum
2186 880 2326 933 saepe
2357 880 2596 919 seorsum
2628 867 2996 932 disseruisset,
3026 882 3169 936 stupe
3194 870 3352 923 etiam
3382 871 3513 924 dixit

1952 952 2019 1007 de
2044 955 2394 1022 suscipiendis
2418 957 2720 1021 monachis,
2750 958 2888 1026 quod
2920 968 3130 1027 oportet
3154 959 3379 1015 adorare
3402 961 3507 1014 fra-

1952 1052 2063 1103 tres
2090 1047 2431 1101 advenientes
2455 1063 2471 1102 :
2504 1048 2616 1103 Non
2640 1051 2779 1104 cnim
2810 1052 2980 1119 ipsos,
3006 1052 3198 1117 aiebat,
3223 1054 3316 1106 sed
3346 1053 3510 1107 Deum

1950 1136 2206 1191 adorasti.
2262 1136 2446 1192 Vidisti
2499 1139 2641 1192 enim
2678 1178 2693 1204 ,
2756 1139 2975 1208 inquit,
3044 1142 3257 1195 fratr-ent
3324 1147 3512 1197 tuum?

1949 1226 2128 1281 vidisti
2188 1228 2462 1281 Dominum
2516 1230 2678 1282 Deum
2713 1240 2894 1295 tuum;
2935 1240 2983 1285 el
3029 1232 3159 1297 huc,
3204 1232 3408 1297 inquit,
3440 1234 3508 1285 ab

1949 1317 2217 1371 Abraham
2247 1318 2545 1385 accepimus
2575 1318 2729 1383 (Gen.
2760 1319 2912 1388 xvnt)
2938 1336 2952 1383 ;
2982 1330 3033 1373 et
3063 1321 3200 1389 quod
3232 1332 3507 1388 oporteat,

1949 1407 2115 1472 inquit
2140 1449 2155 1473 ,
2190 1422 2565 1475 nonnunquam
2592 1423 2784 1477 cogere
2815 1409 3007 1462 fratres
3031 1410 3094 1463 ad
3126 1410 3466 1465 refectionem
3492 1450 3508 1474 ,

1946 1512 1975 1549 a
2006 1497 2104 1550 Lut
2134 1497 2465 1563 accepimus,
2500 1497 2590 1565 qui
2623 1500 2796 1566 coegit
2825 1500 3041 1568 angelos
3074 1498 3237 1566 (Gen.
3264 1502 3375 1571 xtx)
3402 1518 3417 1567 ;
3453 1510 3506 1556 et

1946 1587 2087 1655 quod
2134 1595 2378 1653 Oportet.
2434 1587 2478 1641 si
2529 1587 2640 1640 fieri
2682 1599 2892 1655 potest,
2944 1589 3230 1642 monachos
3270 1590 3506 1658 quotidie

1946 1678 2337 1730 communicare
2369 1678 2737 1730 sacramentis.
2771 1677 2869 1740 Qui
2903 1678 3041 1729 enim
3072 1692 3130 1731 Se
3156 1677 3222 1730 ab
3260 1679 3337 1731 eis
3382 1693 3506 1745 pro-

1945 1764 2029 1818 cul
2059 1774 2298 1828 amovet,
2333 1765 2472 1817 Deus
2499 1779 2708 1832 quoque
2740 1765 2920 1833 procul
2949 1766 3015 1817 ab
3045 1780 3109 1820 eo
3146 1767 3362 1819 recedit.
3403 1767 3504 1833 Qui

280 1866 380 1904 nos
407 1849 694 1904 deosculati
742 1860 886 1912 sunt,
918 1866 1015 1906 nos
1060 1852 1158 1907 sibi
1189 1853 1411 1909 invicem
1454 1857 1798 1913 ostendentes
1823 1899 1839 1918 ,
1873 1863 1921 1922 Β
1947 1864 2121 1907 autem
2168 1855 2265 1907 hoc
2312 1853 2434 1906 facit
2474 1854 2719 1916 assidue,
2763 1855 2973 1908 as:idue
3001 1856 3220 1923 suscipit
3249 1856 3500 1911 Servato-

275 1949 331 1995 et
351 1939 624 1994 dicentes:
655 1939 793 1995 Ecce
823 1951 1079 1995 venerunt
1125 1943 1338 2009 fratres,
1366 1944 1432 1998 de
1473 1945 1664 2014 quibus
1689 1958 1840 2015 pater

273 2040 457 2084 noster
477 2030 613 2083 dixit
642 2031 807 2085 tribus
834 2042 955 2085 ante
991 2032 1199 2097 diebus,
1230 2032 1452 2088 dicendo
1483 2052 1496 2087 :
1551 2033 1679 2089 Post
1725 2046 1839 2090 tres

273 2126 389 2180 dies
417 2124 631 2179 venient
665 2123 729 2177 ad
776 2137 874 2177 nos
905 2133 1012 2178 tres
1045 2122 1256 2189 fratres,
1297 2124 1571 2180 venientes
1615 2124 1837 2181 Jeroso-

271 2214 449 2285 lymis.
482 2216 548 2271 Et
572 2213 661 2269 alii
689 2213 904 2283 quidem
935 2226 1031 2267 nos
1060 2211 1411 2277 deducebant.
1448 2213 1541 2269 alii
1580 2230 1709 2269 vero
1740 2230 1836 2271 nos

270 2315 415 2362 retro
462 2307 843 2377 sequebantur,
890 2302 1201 2373 psallentes,
1246 2303 1416 2359 donec
1458 2319 1623 2376 prope
1663 2305 1833 2375 ipsum

270 2401 531 2455 venimus.
559 2396 691 2451 Cum
719 2405 894 2449 autem
927 2394 1187 2451 audiisset
1235 2403 1388 2465 pater
1414 2396 1607 2467 Apollo
1646 2412 1831 2453 vocem

271 2488 633 2559 psallentium,
667 2488 809 2539 venit
835 2485 985 2539 nobis
1005 2484 1237 2550 obviam,
1272 2495 1325 2539 ut
1350 2499 1465 2539 mos
1492 2486 1543 2541 ei
1568 2494 1685 2541 erat
1707 2501 1831 2557 erga

276 2592 464 2633 omnes
489 2578 712 2640 fratres;
743 2583 933 2629 etcum
962 2589 1059 2630 nos
1088 2574 1337 2641 vidisset,
1367 2575 1606 2632 adoravit
1635 2578 1834 2647 primus

268 2683 330 2722 se
360 2669 412 2722 in
440 2679 577 2721 terra
608 2664 937 2737 extendens;
971 2673 1165 2720 etcum
1200 2666 1540 2734 surrexisset,
1567 2675 1651 2722 est
1676 2682 1833 2723 oscu-

269 2759 520 2824 latus;et
545 2767 825 2828 postquam
876 2754 1273 2819 introduxisset,
1320 2758 1513 2823 oravit,
1561 2768 1617 2813 et
1668 2761 1832 2830 pedes

270 2859 485 2904 nostros
509 2847 750 2902 manibus
774 2844 900 2901 lavit
928 2846 1179 2915 propriis,
1207 2855 1261 2901 et
1281 2845 1522 2901 hortatus
1549 2858 1632 2904 est
1658 2850 1724 2905 ad
1748 2867 1834 2907 re-

273 2939 578 2993 fectionem.
608 2936 720 2990 lloc
740 2944 913 2990 autem
940 2934 1172 2992 faciebat
1200 2936 1445 2991 omnibus
1473 2939 1718 2995 fratribus
1741 2942 1831 3011 qui

270 3026 340 3080 ad
363 3027 532 3096 ipsum
557 3027 857 3082 veniebant.
880 3026 978 3094 Qui
997 3026 1138 3082 enim
1158 3040 1279 3082 cum
1301 3027 1416 3096 ipso
1440 3039 1590 3083 erant
1612 3028 1827 3098 fratres,

265 3117 575 3172 alimentum
603 3131 708 3170 non
738 3115 885 3186 prius
908 3116 1261 3186 accipiebant,
1289 3131 1447 3187 quam
1480 3117 1826 3175 Eucharistize

1946 1957 2079 1995 rem.
2113 1942 2204 1994 Est
2231 1943 2401 2005 enim,
2436 1942 2645 2011 inquit,
2675 1956 2773 1995 vox
2803 1943 3085 1997 salutaris:
3128 1945 3227 2010 Qui
3266 1947 3497 2001 comedit

1939 2048 2151 2087 carnem
2214 2048 2421 2097 meam,
2466 2043 2519 2087 et
2572 2034 2701 2087 bibit
2765 2050 2937 2088 meum
2991 2037 3333 2105 sanguinem,
3389 2056 3501 2093 ma-

1938 2133 2030 2177 net
2076 2122 2129 2177 itt
2172 2140 2278 2189 me,
2310 2136 2364 2179 et
2403 2140 2501 2193 ego
2552 2124 2601 2178 in
2653 2140 2716 2179 eo
2746 2124 2931 2194 (Joan.
2977 2126 3086 2195 γι).
3141 2128 3250 2182 Hoc
3296 2130 3502 2185 confert

1937 2213 2210 2267 monachis
2235 2214 2480 2269 salutaris
2504 2216 2765 2284 passionis
2787 2220 3344 2274 commemorationem
3368 2234 3499 2275 con-

1937 2304 2168 2358 tinenter
2200 2302 2532 2363 facientibus.
2561 2306 2795 2375 quotidie
2816 2306 2973 2360 etiam
3001 2321 3061 2362 se
3088 2323 3410 2377 prmparare,
3438 2318 3499 2363 ut

1938 2395 2084 2447 omni
2121 2403 2358 2464 tempore
2386 2395 2527 2462 digni
2559 2397 2666 2449 sint
2692 2397 2777 2465 qui
2810 2397 3102 2465 suscipiant
3129 2399 3364 2453 cmlestia
3404 2414 3497 2454 sa-

1934 2495 2239 2548 cramenta,
2292 2484 2717 2553 quandoquidem
2773 2486 2850 2538 sic
2901 2500 3111 2556 quoque
3154 2488 3497 2557 consequitur

1935 2574 2310 2629 remissionem
2353 2587 2715 2644 peccatorum.
2747 2574 3015 2631 Catholica
3047 2587 3219 2631 autem
3248 2587 3299 2633 et
3328 2593 3493 2651 gene-

1936 2665 2068 2720 ralia
2093 2664 2294 2735 jejunia
2327 2680 2432 2719 non
2464 2666 2586 2719 licet
2614 2667 2824 2720 solvere
2863 2668 2978 2721 sine
3018 2666 3216 2737 ingenti
3259 2669 3496 2723 necessi-

1933 2762 2041 2808 tate
2070 2771 2083 2819 ;
2119 2757 2170 2807 in
2202 2765 2389 2823 quarta
2420 2754 2562 2808 enim
2594 2752 2723 2807 feria
2766 2754 2993 2809 traditur
3020 2756 3291 2824 Servator,
3335 2764 3391 2812 et
3436 2756 3491 2813 itt

1931 2857 2218 2914 parasceve
2245 2843 2607 2912 crucifigitur;
2638 2845 2726 2913 qui
2757 2860 2817 2899 ea
2846 2861 2973 2914 ergo
3011 2847 3206 2912 solvit,
3237 2847 3492 2905 Servato-

1934 2949 2046 2988 rem
2080 2950 2183 2988 ttna
2214 2935 2406 3000 tradit,
2436 2944 2493 2989 et
2523 2951 2624 2989 una
2652 2936 2932 3005 crucifigit.
2963 2937 3065 2991 Sed
3100 2937 3144 2992 si
3183 2939 3248 2993 ad
3278 2954 3374 2996 vos
3400 2956 3496 2997 ve-

1932 3025 2047 3078 niat
2073 3024 2240 3079 frater
2270 3025 2359 3094 qui
2390 3040 2521 3094 opus
2553 3025 2712 3083 habet
2741 3036 2797 3079 ut
2823 3027 3091 3081 rellciatur
3117 3043 3236 3082 cutn
3262 3030 3329 3083 sit
3351 3029 3495 3100 jeju-

1930 3113 2076 3167 nium
2097 3155 2112 3178 ,
2144 3114 2245 3182 ipsi
2274 3116 2373 3168 soli
2406 3129 2641 3168 mensam
2668 3117 2923 3184 apponite
2949 3134 2963 3181 ;
2996 3116 3077 3171 sin
3105 3128 3282 3173 autem
3327 3120 3491 3183 nolit.

269 3208 469 3265 Christi
496 3207 1016 3263 communicassent:
1067 3208 1167 3262 huc
1204 3221 1377 3261 autem
1405 3208 1669 3263 faciebant
1697 3210 1823 3265 hora
1853 3220 1900 3284 ο
1931 3220 1997 3257 Im
2027 3204 2263 3271 cogatis,
2297 3203 2555 3258 habemus
2588 3205 2729 3260 enim
2758 3220 3098 3262 communem
3127 3210 3493 3268 tradito-om.

267 3315 408 3354 nona
435 3299 560 3353 diei.
586 3297 784 3353 Deinde
806 3311 927 3351 cum
950 3298 1027 3353 sic
1053 3298 1429 3362 comedissent,
1458 3298 1712 3354 sedebant
1726 3312 1823 3355 au-

264 3390 471 3445 dientes
515 3405 636 3445 eum
667 3389 948 3445 docentem
995 3389 1175 3443 omnia
1218 3398 1508 3459 precepts,
1561 3404 1728 3460 usque
1756 3390 1822 3445 ad

261 3483 487 3551 primum
514 3496 782 3536 somnum.
831 3480 979 3535 illinc
1028 3481 1113 3535 alii
1161 3480 1372 3549 quidem
1412 3495 1480 3536 ex
1508 3480 1635 3551 ipsis
1676 3496 1826 3539 sece-

260 3572 453 3626 dobant
483 3572 533 3625 in
575 3570 942 3631 solitudinem.
1056 3564 1363 3639 Scripturas
1465 3581 1573 3627 tota
1670 3578 1827 3625 nocte

261 3662 570 3717 memoriter
611 3670 1021 3731 expromentes;
1069 3661 1156 3715 alii
1205 3675 1329 3715 vero
1376 3662 1484 3716 illic
1512 3676 1824 3731 persevcra-

261 3752 429 3820 bant,
472 3752 700 3806 assiduis
744 3752 953 3819 ltymnis
1004 3750 1168 3805 Deum
1221 3751 1516 3817 laudantes,
1571 3752 1637 3805 ad
1683 3753 1823 3807 diem

262 3858 432 3912 usque
466 3860 479 3896 :
511 3858 644 3913 quos
672 3857 771 3912 ego
804 3840 910 3895 vidi
945 3839 1027 3895 his
1049 3842 1237 3907 oculis,
1268 3856 1388 3895 cum
1419 3855 1639 3909 vespere
1669 3842 1826 3913 hym-

265 3948 363 3988 nos
390 3934 700 4000 ctepissent,
735 3946 903 4000 usque
945 3930 1009 3984 ad
1041 3931 1354 3985 matutinum
1397 3944 1501 3984 non
1531 3944 1769 3987 cessasse
1794 3946 1825 3986 a

262 4033 446 4079 cantu.
480 4023 626 4078 Multi
658 4032 803 4077 certe
832 4038 896 4075 ex
930 4022 993 4075 iis
1015 4020 1142 4075 hora
1173 4036 1311 4074 nona
1340 4020 1509 4075 solum
1539 4020 1827 4077 descende-

262 4118 389 4168 bant
419 4114 485 4166 de
506 4124 707 4176 monte,
734 4124 786 4165 et
810 4109 1191 4163 Eucharistiam
1214 4120 1503 4177 sumentes,
1533 4125 1713 4163 rursus
1731 4108 1825 4164 ad-

262 4207 613 4266 scendebant.
644 4201 1125 4271 contentispiritali
1174 4204 1495 4257 nutrimento
1543 4215 1711 4269 usque
1756 4201 1824 4256 ad

257 4297 421 4350 aliam
476 4311 691 4351 nonam.
744 4296 855 4350 lloc
908 4306 1083 4349 autem
1128 4295 1277 4349 multi
1326 4310 1390 4348 ex
1449 4294 1512 4348 iis
1562 4292 1827 4349 faciebant

257 4388 459 4444 multos
486 4387 623 4441 dies.
675 4386 892 4440 Licebat
918 4393 1093 4440 autem
1132 4399 1225 4440 eos
1277 4386 1456 4439 videre
1498 4386 1827 4439 exsultantes

258 4481 316 4533 in
346 4478 651 4542 solitudine,
683 4480 817 4531 adeo
838 4485 895 4531 ut
917 4477 1112 4530 nullam
1142 4475 1400 4545 ejusmodi
1431 4475 1588 4529 aliam
1617 4475 1824 4530 exulta-

1931 3290 2151 3344 llultum
2180 3302 2357 3345 autem
2390 3293 2818 3359 reprehendebat
2843 3310 2936 3349 eos
2964 3296 3051 3362 qui
3084 3296 3278 3352 ferrum
3318 3308 3495 3369 gesta-

1930 3380 2091 3447 bant,
2133 3390 2185 3436 et
2229 3396 2436 3436 comam
2480 3384 2806 3439 nutriebant.
2856 3386 2919 3440 Hi
2963 3388 3140 3454 enim,
3185 3387 3385 3458 inquit,
3434 3404 3494 3447 se

1926 3480 2203 3527 ostentant
2228 3482 2284 3527 et
2311 3483 2553 3542 quaerunt
2582 3475 2790 3544 placere
2821 3477 3158 3545 hominibus,
3188 3494 3307 3535 cum
3335 3495 3495 3551 opor-

1929 3573 2039 3620 teat
2081 3565 2224 3633 ipsos
2264 3566 2441 3632 potius
2481 3579 2676 3633 corpus
2717 3566 2928 3622 solvere
2964 3566 3219 3636 jejttniis,
3257 3576 3315 3624 et
3349 3571 3491 3639 quod

1930 3658 2127 3713 bonum
2172 3666 2255 3712 est
2294 3656 2469 3711 facere
2510 3661 2561 3711 in
2593 3658 2841 3723 occulto;
2874 3659 2907 3711 ii
2942 3673 3068 3713 vero
3120 3672 3225 3713 non
3253 3660 3364 3726 sic,
3394 3660 3489 3716 sed

1928 3762 1988 3802 sc
2022 3748 2299 3815 propalant
2330 3748 2597 3801 omnibus.
2631 3747 2695 3801 Et
2724 3746 2849 3815 quid
2881 3762 3017 3816 opus
3054 3749 3325 3815 pluribus?
3365 3750 3495 3804 Om-

1932 3839 2014 3891 nis
2040 3838 2181 3891 enim
2211 3837 2328 3907 ejus
2355 3838 2594 3891 doctrina
2623 3847 2704 3890 est
2729 3837 2844 3903 ejus
2870 3838 2990 3891 vita:
3015 3837 3257 3893 instituto
3282 3839 3493 3907 similis,

1928 3940 2085 3994 quam
2117 3940 2214 3978 nec
2243 3925 2360 3993 quis
2386 3925 2618 3978 scribere
2647 3926 2876 3993 potuerit
2905 3940 3004 3979 nec
3033 3926 3231 3980 dicere.
3261 3926 3492 3984 Plurima

1929 4030 2058 4084 ergo
2089 4014 2369 4069 nobiscum
2402 4029 2644 4069 seorsum
2665 4054 2681 4079 ,
2715 4024 2822 4069 tota
2853 4029 2995 4083 saepe
3026 4016 3350 4071 hebdomada
3376 4020 3495 4072 dis-

1932 4105 2195 4168 serendo,
2249 4105 2461 4157 tandem
2514 4103 2789 4159 dimittens
2838 4105 3009 4158 dixit:
3057 4105 3256 4159 llahete
3303 4120 3487 4173 pacem

1932 4193 2075 4249 inter
2100 4207 2224 4256 vos,
2257 4208 2426 4260 neque
2454 4194 2775 4262 separemini
2806 4195 2856 4247 in
2890 4194 2991 4247 via.

2002 4281 2135 4336 Cum
2169 4293 2347 4335 autem
2379 4281 2604 4336 dixisset
2634 4282 2701 4335 iis
2729 4284 2817 4351 qui
2848 4297 2965 4335 cum
3000 4284 3115 4350 ipso
3140 4294 3291 4337 erant
3320 4284 3495 4339 fratri-

1930 4371 2064 4435 bus,
2093 4374 2337 4440 quisnam
2371 4389 2432 4426 ex
2468 4374 2594 4441 ipsis
2622 4374 2783 4427 vellet
2825 4390 2921 4427 nos
2951 4375 3212 4428 deducere
3255 4375 3320 4428 ad
3366 4376 3492 4429 visi-

1933 4463 2123 4515 tandos
2172 4462 2306 4516 alios
2354 4462 2578 4527 Patres,
2626 4473 2840 4517 sumtus
2892 4464 3107 4531 Apollo,
3156 4465 3322 4519 tribus
3366 4463 3493 4521 viris

259 4569 462 4623 ιίοηεω
499 4568 551 4621 in
582 4577 718 4621 terra
746 4566 927 4621 videre
968 4564 1146 4631 ιίοεει,
1178 4580 1275 4620 nec
1304 4564 1540 4619 ιωιίιίαω
1570 4578 1824 4635 corpora-
1854 4579 1907 4641 η
1934 4552 2157 4604 delectis
2183 4552 2271 4619 qui
2302 4551 2541 4604 valerent
2584 4564 2637 4605 et
2678 4566 2923 4606 sernnne
2962 4562 3016 4605 et
3060 4554 3177 4606 vita:
3216 4554 3491 4621 instituto,

262 4659 392 4713 lem.
422 4657 603 4725 Neque
646 4657 785 4711 enim
820 4664 936 4710 erat
967 4656 1104 4709 inter
1132 4668 1224 4709 eos
1262 4653 1450 4722 aliquis
1487 4665 1707 4708 maestus
1735 4663 1827 4709 aut

258 4752 465 4816 tristis;
498 4750 591 4803 sed
621 4750 663 4802 si
694 4748 812 4815 quis
836 4747 1113 4801 videbatur
1139 4761 1247 4816 pra:
1282 4761 1339 4799 se
1370 4746 1506 4799 ferre
1536 4746 1823 4812 tristitiam,

258 4840 440 4893 statim
473 4846 625 4906 pater
670 4836 858 4903 Apollo
900 4850 964 4889 ex
1008 4850 1075 4889 eo
1103 4835 1321 4903 rogtbat
1358 4848 1595 4899 causam,
1626 4844 1681 4890 et
1706 4850 1825 4903 qua:

256 4936 416 4983 erant
438 4928 488 4981 in
540 4926 750 4981 occulto
784 4924 1194 4995 uniuscujusque
1229 4924 1433 4989 cordis,
1466 4925 1822 4979 renuntiabat.

262 5017 482 5072 Dicebat
510 5025 683 5069 autem
710 5032 722 5067 :
754 5014 869 5069 Non
890 5022 1102 5083 oportet
1128 5028 1247 5068 esse
1280 5016 1459 5068 tristes
1487 5023 1701 5082 prepter
1730 5028 1817 5068 sa-

258 5106 446 5171 lutem,
477 5120 597 5160 cum
646 5104 804 5158 ftttttri
851 5103 1016 5158 simus
1062 5104 1300 5157 lttcredes
1345 5104 1491 5173 regni
1544 5105 1821 5157 caelorum.

255 5194 464 5249 TriStes
490 5204 685 5255 autem,
718 5192 907 5262 inquit,
949 5201 1105 5246 erunt
1131 5192 1372 5261 gentiles,
1404 5193 1602 5248 flebunt
1630 5192 1819 5258 .lndmi,

254 5283 512 5350 lugebant
543 5288 880 5351 peccatores;
901 5278 1027 5349 justi
1071 5290 1246 5335 autem
1276 5281 1624 5335 laetabuntur:
1654 5291 1708 5335 et
1733 5282 1822 5350 qui

260 5381 475 5425 terrena
505 5371 717 5439 quidem
766 5369 943 5422 animo
989 5370 1206 5439 agitant,
1264 5370 1509 5424 lzetantur
1552 5372 1604 5424 in
1663 5372 1819 5425 rebus

264 5463 527 5526 terrenis;
554 5476 648 5515 nos
676 5471 850 5516 autem
878 5461 967 5530 qui
999 5470 1141 5515 tanta
1181 5476 1275 5530 spe
1302 5462 1444 5531 digni
1472 5476 1655 5517 sumus
1683 5462 1830 5516 habi-

258 5553 321 5620 ti,
351 5552 617 5622 quomodo
646 5566 752 5605 non
775 5552 1015 5605 lmtamur
1037 5552 1334 5619 perpetuo?
1361 5566 1479 5606 cum
1513 5553 1664 5607 nobis
1687 5554 1827 5621 Apo-

254 5645 425 5698 stolus
451 5642 691 5703 suadeat,
739 5651 795 5695 ut
822 5656 1039 5711 semper
1084 5642 1346 5708 lmtemur,
1397 5650 1451 5697 et
1479 5642 1531 5696 in
1578 5642 1825 5697 omnibus

255 5734 453 5804 gratias
481 5746 696 5799 agamus
720 5730 772 5796 (1
805 5730 957 5784 Tltm
1010 5731 1087 5785 vl.
1132 5732 1261 5798 Quis
1288 5740 1460 5787 autem
1492 5730 1685 5786 dixerit
1710 5730 1827 5799 ejus

1930 4650 2187 4709 erantque
2217 4643 2369 4708 periti
2402 4643 2589 4709 lingua:
2621 4642 2817 4695 Graeca:
2850 4653 2903 4696 et
2934 4641 3183 4695 Romana:
3210 4653 3263 4697 et
3292 4644 3493 4715 Egyp-

1927 4732 2116 4797 tiacas,
2170 4746 2291 4783 cum
2341 4732 2417 4785 eis
2467 4747 2562 4785 nos
2608 4732 2878 4786 dimittens
2906 4773 2921 4796 ,
2965 4733 3121 4800 Ῑυετίι
3163 4738 3242 4787 eis
3284 4752 3350 4789 ne
3395 4753 3492 4791 nos

1928 4822 2074 4890 prius
2128 4820 2493 4889 relinquerent
2542 4835 2698 4887 quam
2744 4824 3070 4878 satisfactum
3116 4838 3257 4881 esset
3306 4838 3491 4883 ηομιτο

1926 4916 2275 4968 videndorum
2317 4914 2532 4967 Patrum
2574 4914 2879 4969 desiderio:
2922 4931 3053 4984 quos
3091 4918 3133 4970 si
3174 4919 3293 4987 quis
3330 4921 3491 4975 vellet

1927 5021 2113 5059 omnes
2141 5006 2341 5071 videre,
2370 5004 2435 5057 ad
2464 5018 2557 5059 eos
2583 5005 2917 5072 aspiciendas
2941 5014 3045 5060 tcta
3075 5008 3177 5061 vita
3206 5023 3309 5084 non
3336 5009 3490 5062 suffl—

1923 5103 2087 5149 ceret.
2116 5095 2247 5148 Cum
2280 5094 2434 5148 nobis
2470 5108 2596 5160 ergo
2625 5094 3016 5161 benedixisset,
3049 5099 3379 5161 amandavit,
3407 5099 3491 5154 di-

1922 5197 2079 5238 cens:
2106 5181 2386 5236 Benedicat
2407 5197 2501 5235 vos
2530 5182 2780 5237 Dominus
2793 5199 2857 5237 ex
2880 5183 3028 5250 Sion,
3044 5196 3095 5239 et
3110 5187 3227 5240 vide
3264 5188 3327 5240 tis
3350 5187 3486 5243 bona

1920 5274 2211 5332 Jerusalem
2241 5274 2485 5330 omnibus
2510 5273 2692 5327 diebus
2713 5276 2835 5329 vita
2863 5286 3052 5330 vestra:
3069 5276 3237 5348 (Prol.
3258 5278 3487 5351 cxxvtt).

1999 5367 2159 5421 Nobis
2198 5374 2372 5418 autem
2420 5367 2813 5420 ambulantibus
2853 5368 3074 5421 meridie
3113 5384 3208 5437 per
3246 5371 3488 5425 solitudi-

1929 5473 2084 5521 nem,
2130 5457 2374 5510 videmus
2422 5464 2645 5510 tractum
2693 5457 2865 5525 magni
2911 5457 3193 5522 draconis.
3238 5459 3329 5527 qui
3375 5468 3491 5515 tan.

1924 5564 2081 5619 quam
2112 5548 2289 5603 trabes
2315 5558 2429 5603 erat
2459 5555 2757 5616 protractus
2782 5562 2877 5616 per
2898 5563 3116 5603 arenam
3144 5566 3158 5603 :
3184 5564 3339 5619 quem
3361 5565 3483 5605 cum

1926 5635 2277 5702 vidisscinus,
2316 5651 2416 5692 nos
2454 5651 2673 5706 magnus
2715 5637 2875 5692 timor
2914 5638 3120 5691 invasit.
3164 5638 3264 5705 Qui
3302 5649 3483 5697 autem

1927 5744 2024 5784 nos
2063 5729 2326 5784 ducebant
2367 5731 2593 5797 fratres,
2638 5727 2832 5783 hortati
2874 5736 2999 5782 sunt
3039 5738 3103 5781 ne
3144 5730 3487 5793 timeremus.
