4258 6360
801 393 928 449 1151

2254 394 2567 453 ΡΑιιΔυυ

3903 392 4042 450 HS!

822 533 913 587 sed
952 546 1189 587 essemus
1224 531 1365 587 bono
1402 543 1609 596 animo,
1649 538 1703 585 et
1742 542 2089 597 sequeremur
2124 526 2370 579 draconis
2399 526 2451 585 Α
2475 526 2702 589 dimisit,
2750 534 2804 581 ut
2849 531 2937 599 qui
2984 532 3059 583 eis
3105 532 3315 584 tristitia
3360 530 3558 587 θαρρεῖς
3599 534 3726 589 nihil
3762 538 4021 606 prodesse

825 626 1100 693 vestigium
1130 641 1143 676 :
1176 621 1434 677 Videbitis
1461 622 1598 675 enim
1632 621 1785 674 fidem
1818 628 2048 671 nostram
2071 659 2085 681 ,
2116 631 2233 669 cum
2273 616 2370 683 ipsi

822 717 989 772 simus
1028 730 1147 769 eum
1188 731 1345 768 manu
1387 724 1562 766 nostra
1605 712 1920 780 superaturi.
1968 712 2155 764 Multos
2197 709 2365 774 euitn,

832 808 1106 874 inquiunt,
1147 814 1199 856 et
1238 804 1493 857 dracones
1533 810 1586 856 et
1624 811 1857 855 cerastas
1901 816 2054 853 manu
2097 798 2367 852 interfeci-

830 911 948 948 mus
969 935 985 959 ,
1021 895 1155 947 sicut
1184 895 1429 961 scriptum
1462 901 1562 944 est.
1594 891 1645 944 ln
1675 892 1753 944 eis
1781 892 1918 943 enim
1964 880 2276 956 iuiplebatur
2306 886 2341 940 il

824 988 961 1040 iud:
1005 985 1133 1039 Dedi
1178 985 1323 1036 vobis
1363 992 1673 1051 potestatem
1716 982 2013 1035 ambulandi
2057 994 2217 1047 super
2250 993 2367 1031 ser-

825 1088 1010 1146 pentes
1049 1087 1101 1129 et
1140 1077 1478 1143 scorpiones,
1522 1083 1574 1129 et
1616 1090 1773 1141 super
1802 1088 2011 1125 omnem
2054 1079 2367 1141 potestatem

823 1168 1019 1220 :nimici
1052 1165 1244 1236 (Luae
1280 1182 1308 1217 x
1336 1165 1374 1234 ).
1406 1164 1509 1218 Nos
1538 1173 1711 1217 autem
1752 1164 1837 1228 qui
1872 1162 2167 1214 ferebamur
2198 1161 2371 1215 incre-

819 1257 1073 1318 dulitate,
1114 1267 1165 1309 et
1222 1257 1308 1323 qui
1352 1256 1533 1319 majori
1576 1268 1785 1306 eramus
1826 1251 1997 1305 affecti
2046 1251 2365 1314 formidine,

822 1344 1132 1410 rogabamus
1161 1358 1252 1397 eos
1286 1359 1348 1396 ne
1380 1346 1572 1395 iremus
1603 1357 1696 1410 per
1726 1342 1937 1410 testigia
1967 1342 2208 1395 draconis
2228 1386 2241 1405 ,
2272 1342 2364 1394 sed

820 1443 960 1489 recta
990 1434 1093 1486 via.
1128 1431 1273 1485 Unus
1302 1444 1473 1484 autent
1506 1431 1666 1483 frater
1694 1446 1757 1484 ex
1802 1433 1928 1497 ipsis
1950 1471 1962 1490 ,
1994 1445 2175 1496 magna
2206 1430 2362 1481 animi

818 1523 1117 1585 alacritate,
1150 1536 1267 1575 cum
1302 1536 1397 1574 nos
1426 1536 1490 1574 eo
1520 1521 1569 1573 in
1603 1521 1721 1574 loco
1748 1520 2063 1579 dimisisset,
2102 1518 2363 1585 profectus

816 1622 896 1665 est
924 1614 975 1665 in
1002 1611 1334 1665 solitudinem
1364 1625 1606 1679 quaerens
1648 1610 1900 1663 belluam.
1936 1608 2100 1673 Quam
2132 1622 2249 1659 eum
2280 1609 2359 1659 in-

820 1703 1091 1764 venisset,
1125 1717 1226 1755 noa
1260 1703 1440 1770 procul
1473 1703 1538 1754 ab
1570 1710 1752 1763 antro,
1797 1714 1982 1767 magna
2022 1714 2152 1751 voce
2192 1699 2363 1751 excla-

818 1793 993 1845 mabat
1018 1791 1297 1844 draconem
1326 1806 1442 1844 esse
1470 1791 1520 1843 in
1550 1792 1801 1858 spelunca
1833 1807 1845 1852 ;
1875 1800 1926 1841 et
1950 1788 2169 1841 vocabat
2197 1789 2358 1855 ipSos,

2474 630 2665 682 posset.
2700 618 2849 672 Mane
2888 632 3060 674 auiem
3102 635 3356 690 surgens,
3397 624 3543 675 venit
3585 625 3635 679 in
3675 645 3793 681 eum
3841 632 4019 684 locum

2470 719 2573 771 quo
2623 709 2903 760 transitura
2947 718 3065 761 erat
3116 710 3338 763 bellua:
3390 719 3891 780 postquam‘autem
3944 733 4025 771 ter

2470 794 2611 847 flexit
2644 811 2810 866 genua
2843 799 2906 851 ad
2944 801 3271 866 orationem,
3318 804 3368 855 in
3414 806 3582 871 ipsum
3627 809 3874 861 veniebat
3916 810 4024 864 hei-

2470 884 2586 949 lua,
2623 902 2811 955 magno
2844 902 2959 941 cum
2998 891 3222 944 stridore
3262 907 3473 960 gravem
3517 897 3767 949 etnittens
3808 898 4023 952 anheli-

2470 981 2609 1035 tum,
2652 984 2705 1027 et
2746 976 3097 1030 intumescens
3138 993 3198 1031 ac
3229 980 3481 1043 silnlans,
3526 995 3821 1051 tetrumque
3861 986 4028 1039 edens

2472 1063 2733 1131 spiritum.
2771 1065 2815 1117 Is
2847 1076 3020 1119 autem
3054 1066 3179 1119 nihil
3209 1071 3455 1133 territus,
3484 1072 3547 1123 ad
3578 1072 3860 1125 draconem
3892 1088 4026 1126 con-

2473 1165 2687 1213 versus,
2720 1154 2894 1231 dixit:
2930 1154 3117 1208 Vincet
3156 1166 3206 1209 te
3245 1156 3395 1211 Jesus
3434 1157 3701 1225 Christus,
3729 1160 3892 1213 Filius
3936 1163 4025 1215 Dei

2478 1241 2617 1303 vivi,
2664 1243 2747 1303 qui
2792 1252 2873 1295 est
2918 1260 3159 1313 magnum
3201 1258 3373 1300 cetum
3419 1250 3669 1303 victurus.
3714 1251 3874 1319 quue
3905 1269 4025 1307 cum

2476 1330 2728 1396 dixisset,
2766 1335 3001 1396 protinus
3029 1335 3295 1403 disruptus
3328 1346 3407 1390 est
3436 1338 3625 1405 draco,
3659 1355 3750 1407 per
3780 1357 3838 1393 os
3866 1356 4027 1395 omne

2465 1419 2609 1471 virus
2639 1435 2889 1474 evomens
2922 1438 3037 1474 tum
3069 1426 3341 1491 sanguine.
3386 1425 3512 1477 Cum
3556 1440 3726 1479 autem
3756 1430 4027 1483 venissent

2472 1510 2654 1560 rustici
2698 1511 2980 1576 postridie,
3024 1522 3074 1565 et
3117 1513 3239 1564 illud
3287 1530 3531 1581 magnum
3575 1516 3829 1569 vidissent
3861 1520 4022 1570 mira-

2470 1598 2683 1661 culum,
2734 1608 2787 1652 et
2831 1616 2933 1653 non
2988 1601 3185 1654 ferrent
3228 1606 3503 1667 Spiritum,
3552 1607 3601 1657 in
3649 1608 3844 1661 animal
3892 1610 4028 1662 mul-

2466 1693 2572 1737 tam
2601 1700 2807 1739 nrenam
2836 1704 3030 1757 conges
3062 1703 3234 1756 erunt,
3271 1693 3422 1746 l‘atre
3460 1695 3562 1748 illic
3591 1695 3665 1749 eis
3700 1706 3927 1760 astante,
3962 1697 4027 1751 ad

2463 1777 2744 1829 draconem
2759 1779 2897 1831 enim
2916 1779 3036 1832 lcet
3053 1793 3312 1833 montium
3337 1797 3437 1835 non
3468 1784 3728 1838 audebant
3745 1786 4025 1839 accedere.

816 1891 872 1934 ut
900 1882 963 1933 ad
992 1896 1049 1935 se
1091 1884 1329 1935 venirent
1370 1881 1533 1933 visuri
1573 1881 1695 1947 quid
1740 1889 1877 1931 esset
1916 1891 2224 1931 eventurum
2253 1893 2267 1940 ;
2310 1886 2364 1930 et
2397 1880 2439 1937 Β
2536 1865 2670 1919 PU"
2694 1876 2867 1920 autem
2890 1908 2906 1933 ν
2936 1867 3103 1933 ἰηαυίι
3126 1911 3140 1932 ι
3172 1885 3393 1937 Ρθδεεηε
3420 1887 3537 1925 cum
3568 1882 3782 1940 repente
3809 1874 4027 1928 vidisset

814 1971 1144 2024 hortantibus
1194 1984 1290 2022 nos
1328 1970 1441 2021 aliis
1484 1968 1729 2021 fratribus
1769 1983 1832 2019 ne
1871 1968 2203 2030 timeremus,
2244 1982 2363 2019 cum

812 2076 1002 2130 magno
1040 2071 1181 2113 metu
1224 2059 1447 2111 abiimus
1490 2058 1652 2110 visuri
1696 2058 1943 2110 belluam.
1985 2056 2146 2110 Nobis
2186 2066 2361 2109 autem

812 2158 1029 2217 repente
1079 2161 1367 2200 occurrens
1419 2144 1579 2196 frater
1610 2160 1791 2207 unus,
1860 2158 2020 2197 manu
2084 2159 2185 2198 nos
2250 2152 2361 2197 tra-

818 2240 894 2293 xit
965 2239 1019 2293 in
1086 2251 1236 2290 suum
1269 2235 1685 2293 monasterium,
1728 2236 1906 2287 dicens
1950 2248 2046 2285 nos
2077 2248 2177 2283 non
2212 2246 2363 2298 posse

812 2324 948 2381 ferre
977 2327 1229 2393 impetum
1261 2325 1487 2387 belluas,
1521 2335 1567 2377 et
1602 2324 1830 2375 maxime
1861 2325 1995 2388 quod
2027 2322 2254 2375 nondum
2284 2324 2363 2372 vi-

812 2415 1070 2469 dissemus
1101 2416 1255 2468 ta'em
1276 2454 1290 2478 ,
1321 2428 1379 2467 se
1404 2428 1529 2467 vero
1556 2428 1697 2480 smpe
1720 2413 1912 2467 vidisse
1941 2414 2104 2480 ipsam
2137 2413 2361 2465 bellnam

814 2516 921 2559 tam
956 2517 1101 2558 vasta
1135 2504 1526 2572 magnitudine,
1562 2514 1615 2557 ut
1644 2517 1758 2571 qua:
1787 2504 1851 2555 sit
1886 2504 1999 2571 plus
2028 2518 2181 2570 quam
2212 2502 2365 2569 quin-

812 2596 981 2649 decim
1010 2596 1328 2651 enbitorum.
1360 2595 1486 2648 Cum
1516 2608 1613 2647 nos
1640 2608 1765 2661 ergo
1792 2594 2037 2660 jussisset
2066 2606 2277 2643 manere
2312 2591 2361 2642 in

813 2684 959 2748 loco,
992 2685 1118 2737 abiit
1163 2684 1226 2737 ad
1262 2684 1478 2738 fratrem
1499 2725 1513 2748 ,
1546 2684 1728 2737 dicens
1759 2684 1805 2736 t-i
1837 2695 1892 2735 ut
1923 2684 2191 2737 recederet
2222 2697 2246 2731 a
2279 2698 2365 2735 ca-

814 2789 1012 2839 verna;
1058 2775 1348 2828 conabatur
1394 2774 1535 2829 enim
1580 2775 1667 2827 ille
1708 2789 1736 2826 a
1783 2775 1897 2826 lo.~o
1943 2789 2045 2825 non
2085 2773 2357 2836 recedere,

818 2869 1122 2931 priusquam
1158 2864 1514 2919 interfecisset
1542 2865 1847 2917 draconem.
1876 2866 1971 2916 Cui
2005 2879 2121 2915 eum
2154 2878 2355 2926 iersua-

813 2955 1008 3016 sisset,
1041 2970 1158 3006 eum
1191 2954 1336 3006 ducit
1362 2954 1426 3006 ad
1457 2969 1554 3007 nos
1586 2956 1939 3021 increpantem
1980 2953 2239 3004 modicam
2268 2968 2354 3004 nuc

812 3052 976 3094 stram
1006 3043 1179 3096 fidem.
1210 3044 1552 3109 Quiescentes
1578 3053 1749 3096 autem
1772 3044 1908 3110 apud
1940 3043 2082 3095 illum
2113 3041 2357 3106 fratrem,

812 3132 901 3197 qui
931 3132 1141 3184 circiter
1172 3147 1330 3185 unum
1360 3132 1584 3185 milliarc
1612 3142 1866 3186 remotum
1914 3132 2140 3187 habebat
2179 3147 2352 3187 mona-

810 3220 1024 3273 sterium
1047 3260 1061 3282 ,
1090 3221 1219 3275 satis
1249 3221 1429 3276 refecti
1459 3236 1661 3276 sumus.

1392 3310 1615 3365 CAPUT
1656 3311 1782 3366 Llll.

1303 3400 1420 3454 Vita
1460 3404 1650 3456 abbatis
1689 3407 1872 3458 Aman.

883 3484 976 3542 Ille
1002 3497 1174 3542 autem
1202 3490 1352 3543 nobis
1380 3492 1659 3556 narrabat,
1689 3493 1741 3545 in
1772 3494 1861 3546 illo
1891 3493 2008 3547 loco
2035 3496 2086 3549 in
2116 3511 2223 3563 quo
2252 3496 2367 3563 ipse

812 3579 1061 3642 sedebat,
1105 3579 1265 3633 fuisse
1314 3582 1481 3633 virum
1520 3593 1757 3634 sanctum
1780 3622 1795 3647 ,
1837 3585 1988 3651 cujus
2019 3586 2131 3654 ipse
2164 3587 2259 3640 fuit
2288 3589 2367 3639 di-

820 3668 1085 3734 scipulus,
1116 3671 1327 3723 nomine
1356 3671 1526 3724 Amun
1558 3672 1575 3738 (
1603 3672 1745 3738 [iu/7'.
1769 3712 1783 3736 ,
1814 3675 1852 3726 Ι.
1885 3689 1921 3726 ll
1942 3715 1956 3735 ,
1987 3692 2096 3741 cap.
2133 3675 2193 3743 8,
2227 3688 2365 3731 rocat

814 3759 1267 3828 Ammonem),qui
1284 3762 1437 3815 inillo
1456 3761 1572 3815 loco
1588 3763 1838 3829 plurimas
1866 3764 1985 3819 fecit
2016 3768 2270 3833 virtutes;
2303 3770 2366 3823 ad

816 3864 972 3913 quem
1002 3864 1145 3916 sepe
1184 3850 1417 3904 latrones
1442 3854 1715 3905 venientes
1737 3894 1749 3913 ,
1782 3856 2105 3921 accipiebant
2133 3858 2246 3925 ejus
2278 3874 2369 3925 pa-

817 3955 935 3991 nem
966 3950 1016 3992 et
1057 3940 1326 3995 alimenta.
1374 3941 1496 3995 Πωο
1534 3957 1660 4009 ergo
1699 3958 1838 4011 agre
1870 3946 2071 4009 ferens,
2102 3965 2219 4001 eum
2262 3964 2368 4003 uno

813 4026 896 4079 tlie
938 4043 1181 4095 egressus
1224 4038 1366 4083 esset
1411 4033 1459 4082 in
1506 4032 1880 4099 solitudinem,
1927 4037 2147 4091 adduxit
2189 4054 2365 4092 secum

814 4117 946 4169 duos
985 4130 1201 4184 magnos
1239 4118 1526 4184 dracones,
1569 4132 1621 4173 et
1654 4122 1811 4189 jussit
1849 4126 1926 4177 eis
1967 4134 2022 4177 ut
2065 4128 2117 4179 in
2160 4142 2222 4181 eo
2252 4128 2368 4182 loco

814 4216 1128 4268 manerent,
1160 4218 1211 4259 et
1244 4216 1443 4274 portam
1474 4212 1817 4265 custodirent.
1866 4213 2153 4269 Homicida:
2192 4228 2364 4270 autem

810 4310 929 4348 cum
964 4310 1059 4362 pro
1099 4311 1243 4349 more
1289 4299 1586 4362 venissent,
1627 4312 1677 4353 et
1719 4302 1973 4357 vidissent
2018 4308 2361 4375 miraculum,

815 4398 924 4450 pra:
955 4393 1167 4451 stupore
1201 4384 1405 4437 hiantes
1435 4386 1738 4441 ceciderunt
1779 4390 1832 4446 in
1867 4392 2077 4447 faciem.
2110 4394 2367 4463 Egressus

812 4482 986 4525 autent
1018 4472 1218 4525 invenit
1246 4488 1337 4526 ευε
1368 4484 1538 4528 mutes
1559 4516 1573 4535 .
1617 4485 1669 4529 et
1716 4477 1825 4533 fere
1865 4482 2240 4535 εεπιίιηοῐιυοε
2267 4501 2278 4544 ;
2314 4494 2365 4536 ει

2466 1956 2639 2011 adhuc
2687 1958 2863 2010 vivum
2912 1959 3237 2023 draconem,
3285 1964 3460 2013 statim
3503 1973 3674 2015 emota
3707 1974 3883 2017 mente
3930 1962 4026 2016 fuit

2464 2047 2834 2113 exanimatus;
2862 2047 3028 2116 jacuit
3063 2050 3237 2117 itaque
3270 2066 3397 2119 puer
3426 2052 3551 2105 nihil
3583 2052 3789 2120 spirans
3822 2055 3875 2105 in
3908 2052 4025 2107 loco

2466 2142 2573 2186 tota
2604 2136 2687 2188 die
2718 2138 2767 2189 in
2799 2138 3101 2193 solitudine.
3134 2140 3262 2195 Cum
3296 2158 3413 2196 cum
3452 2152 3626 2197 autem
3668 2145 3749 2197 sui
3795 2159 4022 2213 vespere

2466 2223 2791 2280 invenissent
2842 2242 3025 2295 parum
3080 2232 3401 2299 Spirantem,
3451 2243 3612 2288 totum
3669 2235 3906 2288 inflatum
3959 2251 4025 2289 ex

2466 2316 2693 2381 ecstasi,
2746 2317 3016 2373 deducunt
3066 2324 3129 2375 ad
3182 2334 3421 2390 patrem,
3471 2326 3769 2393 ignorantes
3810 2340 4026 2378 e-usam

2467 2403 2582 2470 ejus
2620 2406 2757 2471 quod
2792 2408 3081 2463 acciderat.
3115 2411 3245 2463 Cum
3277 2412 3321 2465 is
3350 2423 3523 2467 autem
3552 2426 3787 2477 orasset,
3818 2426 3871 2466 et
3904 2430 4027 2467 eum

2467 2500 2703 2553 unxisset
2730 2499 2878 2564 oleo,
2911 2502 3139 2555 surrexit
3170 2519 3298 2571 puer
3326 2518 3546 2557 narrans
3577 2504 3627 2558 id
3672 2506 3811 2573 quod
3859 2504 4027 2559 fuerat

2464 2584 2879 2653 deprehensum.
2913 2589 3024 2655 Qua
3056 2605 3111 2643 re
3145 2592 3223 2642 vir
3255 2595 3483 2645 maxime
3522 2605 3722 2657 motus,
3755 2594 3819 2646 ad
3851 2592 4028 2646 interi-

2468 2678 2719 2731 mendum
2752 2676 3035 2734 draconem
3070 2690 3152 2733 est
3180 2695 3493 2737 conversus.

3050 2766 3275 2825 CAPUT
3315 2771 3445 2825 LIV.
3508 2832 3511 2835 _

2710 2856 2830 2911 Vita
2866 2860 3059 2911 abbatis
3100 2860 3262 2926 Copre
3302 2860 3451 2931 (109.)
3492 2863 3783 2932 presbyteri.

2542 2946 2667 3000 Erat
2694 2959 2867 3001 autem
2904 2950 3015 3003 illic
3052 2949 3262 3018 quidam
3295 2960 3585 3019 presbyter,
3631 2955 3717 3020 qui
3763 2964 4025 3006 monaSIe-

2468 3036 2603 3088 rium
2644 3052 2807 3104 prope
2850 3038 3077 3092 habebat
3124 3041 3175 3092 in
3215 3041 3530 3105 solitudine,
3573 3042 3771 3109 Copres
3814 3044 4028 3095 nomine

2468 3125 2674 3195 (Ilum,
2708 3129 2796 3181 tib.
2829 3144 2867 3183 ιι
2887 3172 2900 3193 ,
2930 3145 3043 3197 cap.
3073 3132 3141 3197 9)
3174 3148 3188 3182 :
3221 3132 3300 3186 vir
3328 3143 3575 3196 sanctus,
3605 3149 3767 3203 prepe
3798 3150 4027 3203 nonage-

2388 3224 2433 3286 ε
2466 3220 2675 3284 narius,
2709 3222 3025 3287 prmpositus
3070 3222 3293 3276 fratrum
3335 3225 3743 3294 quinquaginta,
3784 3228 3873 3294 qui
3915 3230 4028 3294 ipse

2470 3322 2681 3375 quoque
2713 3309 2889 3375 plures
2918 3310 3143 3364 faciebat
3174 3312 3425 3379 virtutes,
3461 3316 3661 3369 morbis
3692 3316 3911 3369 medens
3932 3358 3947 3382 ,
3980 3327 4029 3370 et

2466 3400 2661 3452 multas
2691 3400 2891 3453 faciens
2930 3403 3264 3467 curationes,
3315 3414 3368 3457 et
3410 3405 3679 3459 dtemones
3723 3409 4030 3474 expellens,

2472 3499 2522 3543 et
2552 3506 2637 3543 res
2666 3493 2864 3544 multas
2892 3492 3134 3547 efficiens
3155 3532 3169 3557 ,
3202 3502 3359 3562 atque
3388 3496 3518 3551 adeo
3556 3501 3807 3565 qna-dam
3850 3501 3901 3552 in
3940 3516 4031 3552 no-

2467 3580 2597 3631 stris
2626 3583 2813 3633 oculis.
2844 3582 2891 3633 Is
2920 3596 3047 3649 ergo
3073 3593 3348 3652 postquam
3383 3600 3478 3638 nos
3506 3586 3637 3639 vidit
3667 3590 3945 3649 salutavit,
3978 3601 4031 3643 et

2469 3682 2563 3734 pro
2609 3670 2759 3721 nobis
2789 3672 2992 3732 oravit,
3025 3680 3079 3725 et
3113 3680 3387 3739 postquam
3421 3674 3582 3740 pedes
3615 3688 3821 3729 nostros
3866 3678 4030 3732 lavis-

2467 3767 2583 3823 set,
2616 3761 2914 3815 sciscitatus
2942 3772 3022 3815 est
3052 3777 3080 3814 a
3114 3764 3297 3827 nobis,
3331 3779 3570 3832 quaenam
3617 3766 3668 3818 in
3708 3767 3909 3819 mundo
3942 3768 4030 3821 fie-

2470 3856 2629 3911 rent;
2664 3863 2761 3902 nos
2788 3860 2964 3901 autem
3013 3854 3349 3919 rogavimus,
3398 3862 3455 3905 ut
3506 3854 3616 3921 ipse
3660 3856 3807 3907 nobis
3857 3856 4029 3921 potius

2468 3945 2758 4003 exponeret
2796 3937 2877 3990 sui
2912 3940 3033 3991 vita:
3080 3940 3301 3993 instituti
3348 3940 3602 4005 virtutes,
3645 3952 3696 3994 et
3735 3958 3838 4008 quo
3872 3946 4028 3997 modo

2466 4033 2610 4076 esset
2638 4023 2777 4078 Deus
2805 4024 2854 4078 ei
2881 4024 3017 4079 dona
3051 4026 3299 4096 largitus,
3331 4038 3383 4082 et
3415 4043 3641 4095 quanam
3672 4030 3876 4085 ratione
3903 4033 4028 4085 fuis-

2467 4128 2548 4169 set
2577 4118 2844 4185 puticeps
2870 4119 2983 4187 ejus
3009 4122 3214 4188 gratiae.
3249 4120 3295 4174 Is
3322 4131 3497 4174 autem
3528 4124 3671 4174 nulla
3703 4138 3768 4175 eo
3808 4126 4027 4177 nomine

2466 4206 2637 4259 elatus
2664 4207 2910 4273 superbia
2930 4252 2944 4275 ,
2976 4209 3130 4261 nobis
3161 4224 3313 4262 suam
3342 4212 3499 4262 vitam
3533 4213 3763 4263 narravit
3788 4252 3803 4275 ,
3835 4221 3889 4264 et
3919 4228 4027 4265 ina-

2462 4297 2635 4363 jornm
2664 4311 2880 4350 suorum
2912 4299 2997 4367 qui
3038 4298 3209 4364 ipsum
3253 4310 3603 4365 superarunt,
3644 4316 3872 4367 quorum
3914 4302 4028 4364 ipso

2464 4390 2584 4441 vita:
2612 4389 2905 4441 institutum
2932 4398 3012 4441 est
3035 4390 3267 4441 imitatus
3298 4406 3310 4440 :
3342 4388 3453 4441 Non
3481 4396 3589 4452 est,
3618 4389 3815 4457 inquit,
3849 4404 3881 4441 ο
3910 4389 4026 4454 filii,

2464 4479 2603 4545 quod
2633 4494 2662 4532 a
2692 4495 2777 4533 me
2806 4480 2862 4532 flt
2890 4480 3202 4533 admirabile
3221 4521 3234 4543 ,
3261 4483 3309 4533 si
3332 4480 3635 4534 conferatur
3663 4496 3781 4534 cum
3818 4483 3882 4534 iis
3910 4500 4025 4551 qure

809 4576 926 4613 cum
979 4575 1071 4613 eos
1118 4562 1440 4627 excitasset,
1489 4566 1695 4627 probris
1746 4584 1837 4622 eos
1882 4569 2088 4633 affecit,
2135 4571 2315 4624 dicens
2346 4615 2355 4624 .
2390 4568 2519 4626 Din
2554 4572 2658 4623 vita
2688 4579 2834 4638 gesta
2866 4578 2990 4625 sunt
3018 4586 3046 4623 a
3077 4570 3324 4625 Patribus
3353 4574 3570 4625 nostris.
3605 4573 3811 4625 Etcum
3843 4589 4028 4627 narra-

815 4648 995 4701 Videte
1021 4657 1269 4714 Quantum
1298 4658 1423 4700 estis
1467 4650 1652 4709 bestiis
1693 4660 2044 4724 agrestiores;
2086 4674 2203 4711 nam
2252 4659 2363 4712 ista:

813 4740 1018 4805 quidem
1054 4747 1267 4805 propter
1306 4738 1473 4797 Deum
1508 4755 1701 4798 nostra!
1732 4754 1917 4812 parent
1954 4748 2239 4810 voluntati,
2274 4764 2366 4801 vos

808 4836 986 4880 autem
1032 4843 1209 4901 neque
1237 4833 1398 4886 Deum
1428 4834 1678 4887 timuistis
1704 4878 1718 4901 ,
1752 4850 1921 4903 neque
1950 4837 2364 4891 Christianorum

808 4917 939 4976 Sitis
990 4921 1208 4974 reveriti
1258 4920 1581 4987 religionem.
1626 4924 1941 4977 Introductis
1982 4934 2153 4977 autem
2196 4924 2270 4978 eis
2316 4927 2365 4978 in

811 5010 999 5062 cellam
1023 5049 1037 5073 ,
1070 5024 1309 5063 mensam
1341 5012 1616 5077 apposuit,
1650 5022 1703 5064 et
1732 5032 1759 5064 n
1786 5015 1934 5066 onuit
1960 5023 2015 5068 ut
2046 5030 2218 5068 mores
2250 5031 2363 5067 mu-

811 5107 1001 5150 tarent.
1054 5099 1130 5151 llli
1177 5107 1352 5152 autem
1404 5110 1713 5166 surgentes,
1764 5105 2001 5169 protinus
2045 5104 2223 5159 multis
2264 5106 2361 5158 visi

812 5196 933 5241 sunt
976 5190 1256 5252 meliores;
1304 5204 1405 5242 non
1443 5191 1604 5242 multo
1648 5199 1767 5257 post
1802 5201 1974 5245 autem
2015 5192 2111 5261 ipsi
2154 5207 2363 5263 quoque

814 5276 915 5329 visi
945 5284 1068 5330 sunt
1095 5277 1277 5331 eadem
1308 5278 1453 5346 signa
1485 5278 1682 5332 facere.

882 5366 1177 5432 Aliquando
1201 5377 1372 5419 autem
1395 5409 1409 5432 ,
1440 5368 1633 5435 inquit,
1657 5382 1775 5422 eum
1803 5385 1937 5422 unus
1962 5386 2177 5438 magnus
2203 5372 2361 5427 draco

812 5455 1153 5521 propinquam
1188 5464 1417 5508 vastaret
1461 5458 1761 5525 regionem,
1808 5468 1861 5510 et
1901 5462 2060 5511 multa
2098 5463 2361 5515 occideret

812 5544 1092 5605 animalia,
1123 5545 1418 5611 quicunque
1457 5546 1759 5599 hahitabant
1795 5547 1943 5615 juxta
1986 5550 2317 5606 solitudinem
2344 5594 2359 5615 ,

814 5643 1001 5683 omnes
1028 5632 1182 5684 simul
1218 5642 1476 5685 venerunt
1506 5635 1568 5686 ad
1605 5634 1812 5687 Patrem
1836 5678 1848 5698 ,
1888 5648 2129 5703 rogantes
2172 5651 2226 5691 ut
2271 5639 2363 5693 de-

824 5718 1013 5776 leretur
1053 5721 1217 5774 bellua
1260 5738 1321 5775 ex
1365 5738 1543 5775 eorum
1586 5726 1819 5793 regione.
1869 5726 1913 5777 ls
1953 5737 2125 5781 autem
2170 5744 2258 5783 cos
2292 5730 2360 5783 ita

2466 4668 2546 4713 ret
2575 4662 2727 4713 nobis
2758 4662 2953 4727 Copres
2984 4661 3265 4730 presbyter
3293 4676 3408 4727 quae
3445 4672 3593 4716 recte
3628 4672 3681 4715 et
3721 4678 3785 4717 ex
3829 4665 4029 4717 virtute

2462 4758 2605 4817 gesta
2638 4750 2849 4803 fuerant
2879 4764 2905 4801 a
2938 4750 3184 4803 Patribus
3207 4791 3221 4811 ,
3256 4764 3389 4802 unus
3433 4765 3496 4802 ex
3537 4749 3785 4803 fratribus
3829 4754 4027 4805 nostris

2463 4843 2785 4904 dorniitans,
2819 4852 2875 4893 ut
2906 4842 2994 4909 qui
3027 4843 3089 4894 iis
3118 4857 3234 4909 qua
3265 4842 3579 4895 dicebantur
3615 4841 3771 4893 fidem
3818 4858 4029 4907 nequa-

2463 4946 2617 4999 quam
2651 4930 2901 4991 haberet,
2938 4928 3077 4981 videt
3111 4928 3162 4980 in
3189 4928 3303 4995 ejus
3344 4928 3593 4979 manibus
3633 4928 3821 4980 librum
3859 4930 4028 4981 admi-

2468 5020 2719 5080 rabilem,
2753 5019 3003 5085 scriptum
3040 5017 3229 5069 litteris
3275 5018 3484 5077 aureis,
3528 5026 3581 5069 et
3622 5031 3806 5068 canum
3851 5021 4027 5071 virum

2469 5116 2729 5159 astantem
2751 5151 2763 5171 ,
2800 5117 2851 5159 et
2881 5107 3154 5158 minaciter
3183 5105 3229 5158 ei
3259 5104 3521 5157 dicentem
3548 5121 3560 5155 :
3601 5104 3709 5157 Non
3754 5104 3902 5157 audis
3944 5115 4026 5156 at-

2469 5202 2609 5247 tente
2640 5194 2917 5254 lecturam,
2946 5192 3036 5245 sed
3070 5193 3368 5245 dormitas?
3400 5193 3442 5243 ls
3462 5202 3633 5245 autem
3655 5194 4020 5253 conturbatus,

2472 5282 2615 5335 nobis
2644 5296 2764 5335 eum
2796 5280 3160 5344 audientibus,
3203 5282 3381 5335 statim
3422 5282 3559 5349 quod
3600 5282 3836 5333 audierat
3862 5293 3916 5334 et
3948 5285 4023 5333 vi-

2462 5373 2613 5425 derat
2657 5373 2895 5424 Romane
2922 5372 3186 5439 exposuit.
3218 5372 3293 5424 Eo
3321 5381 3494 5425 autem
3528 5371 3640 5424 hare
3669 5371 3820 5423 nobis
3850 5372 4024 5439 adhuc

2464 5462 2713 5521 dicente,
2770 5463 2913 5513 venit
2965 5438 3175 5527 quidam
3230 5460 3455 5512 rusticus
3507 5459 3704 5513 habens
3752 5438 4023 5514 ealaibum

2465 5566 2660 5609 arenzn.
2687 5550 2773 5617 qni
2798 5550 3134 5615 exspectabat
3163 5549 3327 5603 donec
3349 5550 3982 5618 implessetnarrationem
4006 5566 4018 5603 :

2463 5640 2761 5707 rogavimus
2792 5649 2964 5690 autem
2998 5652 3093 5691 nos
3136 5638 3547 5709 presbyterum:
3595 5638 3726 5703 Quid
3767 5640 3869 5693 sibi
3910 5639 4018 5693 vult

2467 5732 2693 5783 rusticus
2717 5744 2834 5781 cum
2869 5743 3024 5783 arena
3055 5729 3079 5782 τ
3110 5730 3257 5783 nobis
3289 5731 3559 5799 reapondit
3589 5729 3759 5798 Pater,
3796 5730 4015 5786 dicens:
