4258 6360
293 398 438 462 1153

1531 396 1894 463 HISTORIA
1935 394 2330 462 LAUSIACA.

3422 397 3560 464 ιιδι

294 508 495 579 μᾶλλην
519 510 1169 582 θαρῤεῖνυκαίἐπέχεσθαι
1190 510 1268 580 τῷ
1292 511 1427 581 ῐχνει
1454 510 1544 564 τοῦ
1564 512 1875 583 δράκοντος.
1910 508 1955 564 Α
1984 510 2181 575 06106;
2210 509 2457 580 ὠφελεῖν,
2488 510 2865 583 λυπουμένους
2888 512 3016 577 τοὺς
3043 512 3244 586 ἄνδρας
3270 511 3556 567 ἀπέλυσεν.

296 601 536 671 Ὄψωοε
563 604 690 672 γὰρ,
719 605 874 672 φησι,
904 605 1002 673 τὴν
1030 604 1210 656 πίστιν
1238 601 1414 672 ἡμῶν,
1448 602 1748 668 μελλόντων
1774 600 1874 653 06-

290 698 403 748 τῶν
432 695 766 764 χειροῦσθαι.
802 695 1039 758 Πολλοὺς
1072 697 1201 763 γάρ,
1239 694 1394 765 φησί,
1431 693 1525 746 καί
1553 692 1875 762 δράκοντας,

292 792 390 840 xiv.
419 788 684 849 ἀσπίδας,
719 789 810 840 καὶ
846 789 1119 857 κεραστὰς
1163 787 1228 839 ἐκ
1271 787 1454 856 χειρὸς
1496 787 1875 855 ἀνῃρήκαμεν.

296 881 409 934 Κιὶ
447 882 508 933 16
548 881 935 951 γεγραμμένον
965 880 1050 933 ἐπ’
1082 880 1266 941 αὑτοῖς
1296 877 1624 949 ἐπληροῦτο·
1659 876 1881 931 Δέδωκα

297 973 429 1042 ὑμῖν
458 973 706 1037 ἐξουσίαν
751 972 847 1025 τοῦ
890 976 1081 1026 πατεῖν
1112 975 1296 1029 ἐπάνω
1343 974 1542 1043 ὄφεων,
1586 975 1681 1027 καί
1718 991 1881 1045 σκορ-

295 1068 459 1127 πίων,
486 1066 581 1119 καὶ
604 1066 695 1118 ἐπὶ.
725 1067 908 1119 πᾶσαν
931 1066 1030 1137 τήν
1054 1066 1281 1137 δύναμιν
1314 1066 1404 1120 τοῦ
1430 1066 1646 1137 ἐχθροῦ.
1690 1066 1882 1137 Ἡμεῖς

295 1159 396 1212 06v
447 1159 674 1229 ἀπιστίᾳ
724 1158 1051 1227 φερόμενοι,
1105 1160 1197 1212 καὶ
1251 1161 1343 1213 ἐπὶ
1402 1160 1601 1227 μᾶλλον
1653 1160 1883 1230 ἔμφοϐοι

300 1252 610 1319 γένόμενοι,
662 1250 735 1320 μὴ
771 1251 891 1303 κατ’
927 1252 1071 1320 ἰχνος
1111 1252 1204 1304 τοῦ
1247 1252 1568 1323 δράκοντος,
1601 1253 1735 1306 ἀλλά
1786 1254 1884 1321 τὴν

301 1346 521 1397 εὐθεῖαν
552 1342 790 1411 βαδίζειν
822 1342 1085 1413 ἠξιοῦμεν
1132 1344 1347 1407 αὐτούς.
1385 1342 1476 1407 Εἷς
1506 1344 1562 1398 δὲ
1606 1344 1664 1410 ἐξ
1704 1344 1886 1398 αὑτῶν

302 1435 551 1504 ἀδελφὸς,
572 1435 682 1487 ἀπὸ
710 1435 912 1505 πολλῆς
936 1436 1243 1505 προθυμίας
1272 1437 1588 1490 καταλιπὼν
1615 1439 1765 1506 ἡμᾶς
1796 1438 1886 1490 ἐπὶ

302 1526 397 1581 τοῦ
432 1527 619 1588 τόπου,
662 1527 755 1578 ἐπὶ
801 1527 901 1597 τήν
946 1526 1151 1596 ἔρημον
1201 1528 1461 1600 ὥρμησεν
1496 1528 1796 1598 ἀνιχνεύων
1829 1528 1889 1581 16

303 1618 514 1687 θηρίον,
544 1618 638 1669 καὶ
668 1617 845 1685 εὑρὼν
869 1618 966 1669 οὐκ
995 1619 1073 1680 εἰς
1104 1620 1321 1687 μακράν
1345 1619 1434 1671 τόν
1472 1618 1700 1687 φωλεὸν,
1735 1620 1884 1687 φωνῇ

303 1712 437 1762 ἐϐόα
467 1712 621 1778 ἡμῖν,
653 1711 711 1761 ἐν
745 1708 821 1775 τῷ
871 1708 1123 1778 σπηλαίῳ
1152 1704 1292 1762 εἶναι
1328 1710 1418 1761 τὸν
1446 1710 1744 1779 δράκοντα,
1795 1710 1888 1762 καὶ

305 1802 492 1853 ἐκάλει
526 1801 659 1870 πρὸς
688 1800 851 1852 αὑτὸν
880 1800 1110 1869 ὄψεσθαι
1139 1801 1199 1853 τὸ
1230 1800 1619 1870 ἐκϐησόμενον,
1657 1818 1887 1873 προτρε-

1987 603 2197 657 ’Έωθεν
2228 602 2283 655 δέ
2317 602 2554 665 ἀναστὰς
2597 604 2691 656 ἐπὶ
2720 603 2823 674 τὴν
2868 603 2985 658 ὁδὸν
3014 604 3109 658 τοῦ
3161 604 3352 677 θηρίου
3380 604 3562 677 ἀπήρ-

1949 715 2127 768 πχετο.
2174 696 2265 758 Ὠς
2313 694 2369 748 δὲ
2428 695 2603 749 ἔκλινε
2634 697 2700 749 τά
2734 695 2940 764 γόνατα
2998 697 3079 762 εἰς
3129 699 3437 770 προσευχὴν
3471 699 3562 752 ἐτι-ἰ⁵

1986 790 2191 861 τρίτον,
2225 789 2423 860 ἦρχετο
2452 789 2586 858 πρὸς
2618 789 2783 843 αὐτὸν
2809 789 2868 842 16
2898 788 3105 861 θηρίον,
3139 789 3431 862 ῥοιζήματι
3465 809 3563 863 με·

1984 880 2137 950 γάλῳ
2161 875 2345 949 ἆσθμα
2378 878 2548 932 δεινὸν
2576 879 2924 950 προπέμπον,
2958 879 3053 933 καὶ
3087 879 3313 949 φυσοῦν,
3344 882 3439 935 καὶ
3468 899 3559 935 συ-

1992 972 2159 1043 ρίζον,
2192 973 2286 1024 καὶ
2318 970 2487 1040 πνοὴν
2538 971 2779 1039 πονηρὰν
2830 971 3181 1041 ἀποπέμπον.
3240 970 3299 1024 '0
3325 971 3382 1025 66
3412 971 3565 1025 οὐδὲν

1990 1064 2270 1136 φοϐηθεὶς,
2296 1064 2655 1135 ἐπιστραφεὶς
2672 1064 2763 1116 16v
2781 1063 3069 1133 δράκοντα,
3095 1060 3269 1129 εἴπεν,
3286 1063 3562 1136 Χειρώσε-

1986 1157 2077 1211 ταί
2114 1174 2170 1209 σε
2192 1157 2220 1209 6
2244 1156 2477 1226 Χριστὸς
2507 1156 2535 1207 6
2575 1155 2703 1219 Υἰὸς
2734 1155 2826 1209 τοῦ
2850 1156 2986 1209 Θεοῦ
3014 1156 3108 1210 τοῦ
3135 1157 3353 1221 ζῶντος,
3379 1159 3407 1210 6
3436 1157 3566 1228 μέλ-

1990 1251 2094 1303 λων
2132 1251 2190 1303 τὸ
2234 1252 2375 1320 μέγα
2428 1249 2594 1317 κῆτος
2630 1248 3111 1319 διαχειρὼσασθαι.
3160 1250 3270 1302 Καὶ
3310 1250 3465 1303 τοῦτο
3492 1250 3569 1302 εἰ·

1991 1343 2181 1404 πόντος
2213 1339 2374 1402 εὐθὺς
2410 1342 2437 1392 6
2470 1340 2686 1408 δράκων
2713 1341 2947 1411 ἐρράγη.
2980 1323 3157 1393 πάντα
3193 1340 3284 1393 τὸν
3318 1341 3395 1395 ἰὸν
3429 1341 3566 1411 μετά

1989 1434 2082 1486 τοῦ
2108 1434 2339 1503 αἵματος
2365 1432 2450 1485 διὰ
2476 1431 2565 1484 τοῦ
2592 1433 2857 1501 στόματος
2885 1429 2970 1495 ἐξε
2979 1433 3169 1501 μέσας.
3215 1431 3490 1494 Ἐλθόντες
3510 1432 3566 1485 66

1991 1526 2040 1577 οἱ
2082 1526 2329 1595 ἄγροικοι
2364 1523 2481 1594 μεθ’
2512 1524 2746 1595 ἡμέρας,
2781 1524 2874 1576 καί
2905 1524 2964 1576 16
3002 1523 3145 1592 μέγα
3177 1523 3364 1592 θαῦμα
3392 1525 3569 1577 ἐκεῖνο

1994 1616 2345 1683 θεασάμενοι,
2380 1616 2472 1668 καί
2493 1616 2591 1683 τὴν
2624 1615 2791 1685 πνοὴν
2820 1616 2893 1684 μὴ
2927 1614 3205 1684 φέροντες,
3242 1616 3425 1685 ἄμμον
3470 1633 3567 1668 πο-

1992 1708 2086 1761 λὺν
2115 1708 2206 1759 ἐπὶ
2244 1709 2304 1758 τὸ
2331 1707 2468 1770 ζῶον
2502 1706 2833 1775 ἐσώρευσαν,
2879 1706 3231 1776 παρεστῶτος
3252 1708 3436 1768 αὑτοῖς
3455 1708 3571 1760 ἐκεῖ

1994 1800 2088 1852 τοῦ
2122 1799 2385 1869 Πατέρος,
2428 1800 2503 1851 O6
2535 1798 2642 1868 γὰρ
2661 1799 2903 1868 ἐτόλμων
2931 1800 3213 1868 προσιέναι
3260 1799 3436 1852 καίτοι
3481 1816 3569 1851 νε-

305 1892 559 1962 πομένων
594 1894 744 1961 ἡμᾶς
784 1891 959 1945 ἄλλων
985 1891 1079 1943 καί
1114 1893 1186 1961 μὴ
1215 1892 1465 1947 δεδιέναι.
1513 1891 1600 1953 Ὠς
1638 1892 1694 1946 δὲ
1727 1895 1884 1963 ἡμεῖς
1916 1874 1962 1931 Β
1990 1891 2125 1963 κροῦ
2152 1891 2303 1953 ὄντος
2348 1891 2442 1942 τοῦ
2472 1890 2785 1959 δράκοντος.
2821 1890 2975 1953 Παῖς,
3016 1890 3199 1958 φησὶν,
3224 1889 3408 1943 ἄλλοτε
3449 1906 3569 1941 ποι-

309 1982 448 2051 μετά
490 1980 687 2034 πολλοῦ
740 1980 906 2050 φόϐου
960 1982 1233 2052 ἀπῄειμεν
1274 1980 1531 2051 ὀψόμενοι
1573 1982 1632 2035 16
1668 1983 1886 2056 θηρίον,

307 2076 643 2144 συνήντησεν
676 2076 805 2145 ἡμῖν
837 2073 1096 2142 ἐξαίφνης
1124 2067 1205 2137 εἷς
1238 2075 1465 2144 ἀδελφὸς
1492 2076 1556 2129 ἐκ
1587 2076 1767 2146 χειρὸς
1791 2076 1890 2129 αὑ-

306 2165 401 2219 τοῦ
436 2167 612 2220 ἐλκων
647 2170 725 2230 εἰς
771 2168 831 2220 τὸ
873 2166 1069 2220 ἐαυτοῦ
1125 2171 1520 2239 μοναστήριον,
1558 2170 1784 2237 φάσκων
1814 2168 1890 2239 μὴ

306 2262 569 2324 δυνατοὺς
610 2264 754 2330 ἡμᾶς
804 2256 940 2313 εἶναι
984 2260 1305 2328 ὑπενεγκεῖν
1338 2261 1437 2328 τὴν
1464 2261 1640 2330 ὁρμήν
1664 2259 1757 2312 τοῦ
1789 2260 1888 2331 θη-

312 2354 451 2424 ρίου,
486 2356 580 2407 καὶ
611 2355 845 2421 μάλιστα
875 2355 956 2405 ὅτι
984 2352 1234 2405 οὐδέποτε
1265 2348 1405 2422 ἦμεν
1433 2352 1670 2406 τοιοῦτόν
1704 2370 1755 2405 τι
1787 2353 1886 2406 ἐωο

312 2446 561 2514 ρακότες·
606 2446 865 2507 πολλάκις
908 2445 1018 2514 γάρ
1058 2444 1221 2497 αὑτὸν
1266 2445 1452 2512 ἔλεγεν
1498 2445 1801 2515 ἑωρακέναι
1830 2447 1891 2497 16

310 2539 471 2602 ζῶον,
506 2539 883 2607 ὑπερμέγεθες
916 2538 1161 2607 ὑπάρχον
1191 2538 1285 2589 καὶ
1313 2536 1751 2607 ὑπερδεκαπέντε
1786 2539 1892 2607 πή-

309 2649 425 2701 χεις
452 2631 596 2700 ἔχον.
637 2630 835 2683 Μένειν
864 2625 955 2682 οὖν
990 2631 1135 2699 ἡμᾶς
1173 2630 1433 2692 κελεύσας
1464 2631 1629 2700 ἀπῄει
1663 2631 1757 2683 ἐπὶ
1795 2631 1890 2684 τοῦ

310 2722 477 2774 τόπου
508 2722 642 2789 πρὸς
665 2721 752 2773 16v
780 2720 1029 2787 ἀδελφὸν,
1060 2719 1262 2771 πείθων
1292 2723 1629 2789 μεταστῆναι
1658 2719 1753 2773 τοῦ
1781 2739 1892 2789 φω-

311 2813 458 2867 λεοῦ.
499 2814 791 2882 Ἐπειρᾶτο
818 2814 926 2883 γάρ
956 2814 1161 2874 ἐκεῖνος
1205 2810 1279 2880 μὴ
1313 2813 1646 2881 μεταστῆναι
1674 2811 1767 2865 τοῦ
1801 2813 1892 2866 τό-

312 2923 419 2957 που
480 2908 610 2974 πρὶν
644 2905 852 2957 ἀνελεῖν
901 2905 992 2957 τὸν
1056 2903 1348 2973 δράκοντα.
1413 2905 1524 2957 Καὶ
1573 2904 1637 2975 δὴ
1695 2905 1891 2970 πείσας

309 2996 475 3049 αὑτὸν
508 2999 631 3064 ἄγει
669 2997 804 3065 πρὸς
829 2997 997 3065 ἡμᾶς,
1030 2995 1126 3064 τὴν
1157 2995 1528 3063 ὀλιγοπιστίαν
1558 2996 1713 3066 ήμῶν
1747 3014 1889 3066 μεμ-

309 3084 573 3151 ψάμενον.
609 3084 1079 3153 Ἀναπαυσάμενοι
1108 3083 1164 3135 δὲ
1188 3086 1317 3151 παρ’
1348 3084 1541 3153 ἐκείνῳ
1569 3083 1646 3153 τῷ
1674 3084 1890 3153 ἀδελφῷ

1994 1983 2221 2053 μαίνων,
2256 1982 2468 2053 ἀθρόως
2493 1982 2572 2034 ἔτι
2601 1980 2778 2044 ζῶντα
2806 1982 2896 2033 τὸν
2914 1980 3182 2050 δράκοντα
3209 1981 3565 2052 θεασάμενος,

1990 2077 2047 2129 ἐν
2079 2076 2334 2129 ἐκστάσει
2389 2073 2678 2142 γενόμενος
2727 2072 3175 2143 ἐλειποψύχησεν.
3231 2072 3449 2127 Ἐκειτο
3476 2074 3569 2127 οὖν

1989 2169 2193 2230 ἄπνους
2222 2170 2250 2220 6
2283 2169 2409 2229 παῖς
2435 2168 2490 2217 ἐν
2520 2166 2596 2235 τῷ
2621 2166 2805 2237 χωρίῳ
2837 2166 2987 2235 παρὰ
3018 2165 3115 2237 τήν
3150 2165 3357 2236 ἔρημον
3391 2167 3569 2219 πᾶσαν

1987 2264 2226 2335 ἡμέραν.
2289 2263 2554 2333 Εὑρόντες
2612 2261 2669 2313 δέ
2702 2261 2863 2314 αὑτὸν
2898 2261 3033 2331 πρὸς
3080 2261 3320 2330 ἑσπέραν
3365 2261 3414 2313 οἰ
3450 2260 3568 2314 ἴδιοι

1993 2357 2189 2427 μικρὸν
2225 2357 2548 2427 ἐμπνέοντα,
2581 2354 2965 2423 πεφυσημένον
3003 2352 3122 2406 ὅλον
3152 2355 3215 2406 ἐκ
3236 2354 3334 2422 τῆς
3368 2352 3566 2406 ἐκστά-

1992 2466 2149 2513 σεως,
2172 2449 2363 2516 ἄγουσι
2387 2447 2522 2517 πρὸς
2549 2448 2639 2500 τὸν
2664 2447 2905 2517 Ιῐατέρα,
2927 2446 3248 2515 ἀγνοοῦντες
3268 2446 3367 2516 τὴν
3391 2446 3569 2498 αἰτίαν

1989 2541 2082 2595 τοῦ
2121 2543 2425 2612 συμϐάντος
2458 2542 2627 2610 αὐτῷ.
2660 2540 2972 2609 Εὑξαμένου
3006 2538 3063 2592 δέ
3088 2539 3253 2593 αὑτοῦ
3286 2540 3377 2593 καὶ
3405 2540 3572 2610 ἐλαίῳ

1993 2634 2158 2688 αὑτὸν
2185 2634 2492 2705 χρίσαντος,
2527 2634 2726 2703 ἀνέστη
2751 2635 2779 2685 6
2814 2635 2940 2694 παῖς
2971 2632 3326 2702 διηγούμενος
3350 2632 3410 2686 16
3438 2635 3568 2701 ὀρα-

1992 2727 2085 2780 θέν
2113 2742 2127 2756 '
2162 2727 2283 2781 ὅθεν
2328 2727 2563 2797 μάλιστα
2593 2725 2833 2796 κινηθεὶς
2861 2726 3066 2798 όάνήρ,
3102 2725 3238 2797 πρὸς
3274 2725 3374 2797 τὴν
3414 2725 3570 2780 ἀναί-

1998 2836 2147 2889 ρεσιν
2175 2819 2387 2890 ἐτράπη
2418 2819 2513 2871 τοῦ
2536 2818 2847 2889 δράκοντος.

2577 2910 2827 2963 ΚΕΦΑΛ.
2868 2909 2992 2962 ΝΔ’.

2272 3001 2411 3070 Περί
2436 2999 2585 3057 ἀϐϐᾶ
2611 3002 2814 3069 Κόπρη
2859 3000 3287 3068 πρεσϐυτέρου.

2059 3091 2169 3148 Ἦν
2208 3096 2264 3148 δέ
2297 3112 2379 3157 τις
2404 3094 2773 3164 πρεσϐύτερος
2824 3093 2964 3163 ἔχων
2997 3094 3228 3162 πλησίον
3261 3092 3379 3146 ἐκεῖ
3408 3108 3572 3162 μονα*

311 3175 388 3276 ῶς
420 3176 528 3227 ἀπὸ
568 3175 698 3276 ,ἐνὸς
740 3175 917 3245 μιλίου
964 3175 1025 3227 τὸ
1067 3176 1428 3245 μοναστήριον
1463 3174 1637 3244 ἔχοντι
1689 3176 1889 3239 ἰκανῶς
1913 3216 1960 3276 c
1995 3188 2216 3257 πήριον
2241 3188 2297 3239 ὲν
2315 3189 2379 3256 τῇ
2400 3186 2611 3255 ἐρήμῳ,
2640 3186 2866 3255 Κόπρης
2889 3184 3201 3254 λεγόμενος,
3224 3182 3364 3254 ἀνὴρ
3392 3183 3570 3252 ἅγιος,

310 3265 754 3337 άιιεκτησάμεθα.

905 3360 1156 3413 ΚΕΦΔΛ.
1193 3360 1319 3415 Nl".

718 3449 858 3515 Περί
890 3448 995 3502 τοῦ
1023 3448 1175 3505 ἀϐϐᾶ
1220 3452 1492 3521 Ὰμμοῦν.

384 3541 635 3605 Διηγεῖτο
664 3539 720 3591 δὲ
752 3542 883 3610 ἡμῖν
917 3542 1121 3604 ἐκεῖνος
1155 3544 1488 3613 γεγενῆσθαι
1520 3545 1643 3599 κατ’
1681 3547 1890 3599 ἐκεῖνον

309 3631 406 3684 16v
434 3631 619 3696 τόποι,
652 3630 890 3703 ἔνθαπερ
924 3633 1084 3695 0616;
1116 3633 1429 3700 ἐκαθέζετο,
1464 3636 1633 3709 ἀνδρα
1666 3637 1820 3707 ἆγιον
1851 3631 1895 3705 ᾧ

313 3722 478 3785 0616;
540 3722 929 3793 ἐμαθητεύθη,
1005 3724 1251 3794 Ἀμμοῦν
1313 3725 1576 3795 ὀνόματι,
1637 3728 1896 3792 πλείστας

312 3815 573 3882 δυνάμεις
603 3816 667 3866 ἐκ
705 3815 897 3884 ἐκείνῳ
950 3814 1029 3884 τῷ
1081 3815 1231 3886 τόπῳ
1270 3819 1597 3887 ποιήσαντα.
1647 3820 1792 3888 Πρὸς
1837 3819 1897 3872 ὃν

315 3907 577 3969 πολλάκις
609 3906 854 3968 ἐλθόντες
886 3907 935 3958 οἰ
962 3908 1267 3961 λωποδύται
1298 3911 1425 3971 106;
1455 3910 1653 3979 ἄρτους
1683 3910 1897 3972 καὶτὰς

315 4000 519 4071 τροφὰς
546 4001 712 4053 αὑτοῦ
744 4002 1067 4071 ἐλάμϐανον.
1106 4002 1363 4066 Ἐξελθῶν
1387 4004 1442 4057 66
1469 4006 1597 4074 μιᾶς
1624 4004 1732 4057 τῶν
1762 4007 1899 4075 ήμε-

318 4093 429 4162 ρῶν
464 4093 556 4146 δύο
589 4092 891 4164 δράκοντας
933 4096 1204 4165 μεγάλους
1242 4098 1305 4149 ἐκ
1345 4097 1447 4165 τῆς
1500 4098 1708 4167 ἐρήμου
1760 4100 1898 4169 πρὸς

313 4183 480 4236 αὑτὸν
510 4184 848 4255 συνηγάγετο
878 4224 893 4249 ,
926 4186 1190 4249 κελεύσας
1223 4187 1404 4248 αὐτοῖς
1432 4188 1771 4259 παραμένειν
1804 4191 1899 4243 καὶ

315 4274 615 4340 φυλάσσειν
642 4274 741 4347 τὴν
775 4275 964 4345 θύραν.
1015 4278 1078 4331 Οἱ
1124 4278 1180 4330 δὲ
1221 4278 1538 4348 ἀνδροφόνοι
1578 4280 1898 4345 ἐπελθόντες

316 4368 459 4420 κατά
491 4368 550 4420 16
601 4367 743 4431 ἔθος,
798 4369 893 4421 καὶ
938 4370 1264 4438 θεασάμενοι
1316 4370 1377 4421 16
1424 4369 1640 4440 θαῦμα,
1679 4373 1895 4441 ἀχανεῖς

314 4460 598 4528 γενόμενοι
657 4459 750 4512 ὑπ’
806 4460 1123 4530 ἐκπλήξεως
1178 4460 1381 4513 ἔπεσαν
1439 4462 1532 4514 ἐπὶ
1587 4464 1892 4533 πρόσωπον.

1997 3280 2135 3333 ἐτῶν
2168 3279 2355 3348 σχεδὸν
2405 3280 2749 3348 ἐνενήκοντα,
2798 3277 3103 3347 ἡγούμενος
3157 3277 3399 3345 ἀδελφῶν
3441 3293 3571 3331 πεν-

1997 3373 2266 3441 τήκοντα·
2303 3370 2362 3432 ὃς
2414 3372 2507 3423 καί
2554 3370 2717 3432 0616;
2775 3369 3035 3433 πλείστας
3083 3370 3343 3439 δυνάμεις
3373 3370 3570 3432 ἐποίει,

1998 3463 2318 3533 θεραπεύων
2347 3463 2446 3525 τὰς
2475 3463 2686 3526 νόσους,
2722 3463 2819 3516 καὶ
2854 3464 3023 3525 ἰάσεις
3054 3462 3257 3524 πολλὰς
3280 3461 3571 3526 ἐπιτελῶν,

2001 3556 2095 3609 καὶ
2126 3553 2387 3623 δαίμονας
2419 3552 2758 3617 ἀπελαύνων,
2803 3554 2897 3607 καὶ
2940 3553 3109 3605 πολλά
3153 3552 3405 3622 θαύματα
3440 3554 3573 3605 ἀπο-

1999 3645 2397 3717 πραττόμενος,
2420 3645 2541 3697 τινὰ
2575 3645 2673 3713 μὲν
2695 3645 2789 3697 καὶ
2829 3645 2886 3697 ἐν
2911 3644 3100 3713 ὕψεσιν
3128 3643 3445 3714 ἡμετέραις.
3487 3644 3575 3707 Ὠς

1999 3735 2130 3803 γοῦν
2154 3736 2300 3804 ἡμᾶς
2328 3734 2608 3798 ἐθεάσατο,
2642 3732 2735 3785 καὶ
2763 3730 3119 3802 ὑπερεύξατο,
3149 3730 3242 3782 καὶ
3264 3729 3389 3792 τοὺς
3406 3728 3575 3790 πόδας

2001 3825 2159 3895 ἡμῶν
2200 3823 2378 3893 νίψας,
2411 3824 2600 3893 ἠρώτα
2633 3823 2781 3891 ἡμᾶς
2806 3822 2877 3874 τά
2916 3822 2974 3873 ἐν
3011 3820 3089 3891 τῷ
3123 3821 3313 3890 κόσμῳ
3344 3818 3575 3890 πραττό-

2004 3934 2142 3988 μενα
2167 3936 2182 3950 ·
2230 3918 2389 3985 ἡμεῖς
2427 3916 2483 3967 66
2536 3912 2797 3983 ἠξιοῦμεν
2844 3912 3007 3965 αὑτὸν
3066 3910 3266 3980 μᾶλλον
3300 3911 3432 3980 ἡμῖν
3472 3909 3576 3979 τῆς

1999 4010 2207 4071 οἰκείας
2240 4006 2404 4060 06106
2440 4005 2712 4067 πολιτείας
2757 4005 2857 4068 τὰς
2901 4003 3106 4073 ἀρετάς
3150 4001 3574 4072 ὑφηγήσασθαι·

2000 4103 2095 4156 καὶ
2130 4102 2247 4163 πῶς
2280 4099 2428 4166 αὑτῷ
2462 4098 2531 4151 τά
2561 4098 2877 4169 χαρίσματα
2900 4098 2928 4150 6
2952 4096 3085 4159 Θεὸς
3116 4096 3446 4167 ἐδωρήσατο,
3482 4096 3577 4147 καὶ

1998 4194 2064 4246 ἐκ
2092 4193 2251 4254 ποίας
2305 4191 2529 4261 μεθόδου
2560 4189 2763 4258 ταύτης
2788 4188 3001 4258 εἰλήφει
3026 4188 3126 4258 τῆς
3155 4188 3396 4257 χάριτος.
3433 4186 3490 4239 '0
3518 4185 3577 4239 δὲ

2004 4282 2172 4353 μηδὲν
2208 4282 2556 4351 ὑπερήφανον
2585 4280 2967 4349 λογισάμενος,
3036 4278 3297 4348 ὑφηγεῖτο
3319 4279 3450 4347 ἡμῖν
3486 4277 3577 4329 τὸν

2000 4372 2196 4424 ἐαυτοῦ
2228 4372 2361 4440 βίον,
2392 4373 2485 4423 καὶ
2521 4370 2629 4422 τῶν
2670 4370 2834 4422 αὑτοῦ
2886 4370 3330 4439 προγενεστέρων
3368 4369 3461 4419 καί
3484 4385 3580 4438 με·

2002 4462 2185 4528 γάλων
2216 4462 2311 4513 καὶ
2358 4460 2569 4511 πολλῶν
2625 4458 2888 4529 μειζόνων
2932 4458 3097 4512 αὑτοῦ
3146 4459 3469 4527 γεγονότων,
3502 4446 3578 4511 ὧν

329 4549 590 4613 Ἐξελθὼν
611 4551 667 4603 δέ
698 4552 805 4603 ἴδεν
832 4552 1027 4614 06106;
1050 4554 1261 4615 6wso6;
1283 4554 1626 4622 γενομένους,
1656 4555 1748 4607 καὶ
1776 4572 1897 4624 σχε-
1924 4559 1977 4618 D
2004 4552 2102 4623 τὴν
2144 4551 2418 4606 πολιτείαν
2474 4550 2633 4613 αὐτὸς
2675 4552 2951 4620 ἐμιμεῖτο.
3001 4550 3169 4603 Οὑδέν
3211 4552 3340 4621 γὰρ,
3391 4550 3577 4620 φησὶν,

312 4643 404 4694 66v
429 4643 731 4711 ἡμιθανεῖς
762 4643 855 4697 καὶ
882 4646 1190 4712 ἀναστήσας
1213 4644 1411 4708 αὐτοὺς
1436 4645 1677 4709 ὠνείδιζε
1701 4645 1894 4714 λέγων’

332 4730 525 4800 Ὁρᾶτε
560 4732 725 4784 πόσον
757 4733 913 4801 ὑμεῖς
943 4734 1268 4803 ἀγριώτεροι
1308 4734 1417 4787 τῶν
1450 4736 1651 4806 θηρίων
1676 4752 1689 4765 ⁸
1719 4738 1769 4789 οἱ
1800 4740 1898 4808 μὲν

316 4823 428 4895 γάρ
459 4824 615 4895 ἡμῶν
642 4824 731 4877 διὰ
761 4825 894 4878 Θεὸν
923 4829 1035 4887 τοῖς
1067 4824 1371 4895 βουλήμασι
1407 4827 1707 4892 πείθονται,
1738 4830 1898 4897 ὑμεῖς

316 4916 372 4970 δὲ
398 4918 518 4969 οὑδέ
539 4917 628 4970 τὸν
653 4917 783 4969 Θεὸν
814 4917 1141 4987 ἐφοϐήθητε,
1167 4919 1286 4971 οὺδέ
1304 4919 1401 4989 τὴν
1428 4919 1535 4973 τῶν
1559 4920 1899 4992 Χριστιανῶν

318 5006 608 5063 εὐλάϐειαν
633 5008 1049 5077 ἐδυσωπήθητε.
1082 5008 1405 5076 Εἰσαγαγὼν
1444 5009 1499 5061 δὲ
1528 5012 1724 5074 06106;
1754 5012 1901 5083 αὑτῷ

319 5097 516 5168 κελλίῳ
552 5100 835 5169 παρέθηκε
875 5100 1153 5170 τράπεζαν
1179 5139 1193 5163 ,
1228 5101 1324 5152 καὶ
1359 5102 1625 5155 ἐνουθέτει
1663 5104 1902 5173 μεταϐα-

317 5192 431 5243 λεῖν
473 5190 568 5244 τοῦ
610 5193 836 5262 τρόπου.
879 5195 943 5245 υἱ
978 5193 1035 5245 66
1080 5195 1205 5263 παρ’
1245 5195 1422 5248 αὑτῶν
1467 5199 1902 5266 μεταναστάντες

320 5281 602 5351 κρείττους
636 5281 843 5336 πολλῶν
872 5283 1218 5353 ἀνεφάνησαν
1244 5301 1256 5314 ·
1294 5284 1409 5352 μετ’
1447 5286 1508 5337 οὑ
1544 5286 1677 5338 πολὺ
1711 5286 1767 5338 66
1809 5290 1903 5339 καὶ

320 5378 477 5431 αὑτοί
510 5378 578 5431 τὰ
610 5379 750 5431 αὑτά
786 5382 987 5448 σημεῖα
1022 5382 1399 5445 ἐπιτελοῦντες
1440 5383 1721 5452 ῶφθησαν.

398 5470 621 5523 ΙἈλλοτε
642 5472 721 5537 δὲ,
763 5474 918 5543 φησὶ,
955 5474 1194 5544 μεγάλου
1230 5475 1517 5543 δράκοντος
1547 5478 1644 5547 τὴν
1673 5479 1901 5550 πλησίον

324 5562 510 5634 χώραν
539 5565 963 5635 λυμαινομένου,
994 5568 1088 5620 καὶ
1118 5568 1185 5619 τά
1215 5569 1383 5621 πολλά
1415 5569 1522 5621 τῶν
1570 5571 1724 5634 ζώων
1751 5574 1903 5627 ἀναι-

328 5653 572 5723 ροῦντος,
600 5652 763 5728 ἦλθον
788 5659 835 5709 οἱ
870 5661 1291 5727 προσοικοῦντες
1322 5664 1420 5732 τὴν
1466 5665 1672 5735 ἔρημον
1706 5666 1907 5728 πάντες

328 5747 463 5814 ὁμοῦ
500 5742 641 5819 πρὸς
667 5751 758 5803 τὸν
796 5751 1037 5819 Πατέρα,
1067 5752 1307 5821 δεόμενοι
1336 5758 1699 5827 ἀφανισθῆναι
1723 5763 1785 5813 ἐκ
1812 5763 1907 5831 τῆς

330 5835 513 5906 χώρας
564 5839 740 5895 αὐτῶν
776 5841 829 5891 :6
859 5840 1065 5911 θηρίον.
1099 5843 1157 5893 Ὅ
1196 5844 1250 5893 δὲ
1284 5845 1358 5907 ὡς
1400 5848 1565 5915 μηδὲν
1608 5851 1905 5922 δυνάμενος

693 5941 960 5999 ΡΑτιιοῐ..
1006 5943 1096 6000 Gn
1168 5943 1451 6003 XXXIV.

2002 4643 2325 4713 θαυμαστὸν
2374 4641 2434 4693 16
2486 4642 2619 4710 ἐμὸν
2671 4641 2851 4712 ἔργον,
2888 4635 2933 4695 ὧ
2982 4642 3169 4707 τέκνα,
3218 4644 3352 4713 πρὸς
3378 4642 3438 4695 τὸ
3472 4641 3580 4695 τῶν

2003 4738 2263 4806 Πατέρων
2316 4734 2472 4805 ἡμῶν
2513 4736 2832 4803 πολίτευμα.
2875 4734 2985 4787 Καὶ
3045 4734 3121 4798 ῶς
3163 4729 3233 4805 ἦν
3286 4736 3369 4791 ἔτι
3407 4734 3580 4788 ταῦτα

2000 4828 2355 4898 διηγούμενος
2403 4827 2629 4897 Κόπρης
2667 4829 2695 4879 6
2746 4826 3138 4897 πρεσϐύτερος,
3174 4826 3579 4890 ἀπονυστάξας,

2002 4916 2081 4983 εἷς
2107 4924 2165 4988 ἐξ
2218 4921 2369 4990 ὑμῶν
2408 4920 2633 4987 ἀδελφὸς
2681 4920 2909 4990 ἀπιστία
2944 4920 3073 4991 περί
3116 4920 3224 4973 τῶν
3274 4918 3581 4988 λεγομένων

2006 5014 2322 5085 φερόμενος,
2348 5014 2451 5083 δρᾷ
2479 5012 2659 5082 βίϐλον
2688 5010 3008 5081 θαυμαστὴν
3052 5012 3111 5063 ἐν
3139 5014 3260 5073 ταῖς
3286 5011 3443 5081 χερσὶ
3483 5009 3579 5062 τοῦ

2005 5105 2194 5174 ἀνδρὸς
2220 5106 2575 5173 ἐπικειμένην
2597 5106 2815 5174 χρυσοῖς
2835 5104 3127 5173 γράμμασι
3160 5101 3577 5173 γεγραμμένην,

2006 5196 2102 5249 καὶ
2128 5196 2410 5264 ἐφεστῶτα
2438 5198 2605 5264 ἄνδρα
2628 5195 2748 5247 τινὰ
2781 5196 2963 5248 πολιὸν
2995 5196 3132 5265 μετά
3167 5194 3393 5264 ἀπειλῆς
3432 5195 3583 5263 αὑτῷ

2005 5291 2256 5358 λέγοντα·
2293 5292 2408 5342 Οὑκ
2443 5289 2663 5351 ἀκούεις
2704 5288 2987 5359 προσεχῶς
3017 5289 3109 5341 τοῦ
3134 5286 3580 5357 ἀναγνῶσματος,

2006 5386 2141 5439 ἀλλά
2188 5383 2510 5447 νυστάζειςς
2570 5383 2625 5435 Ὀ
2680 5382 2736 5433 δέ
2779 5381 3073 5452 ταραχθεὶς
3131 5382 3290 5445 660-6;
3348 5371 3477 5451 ἡμῖν
3522 5381 3584 5432 16

2007 5477 2353 5549 ἀκροώμενον
2400 5478 2492 5528 καὶ
2522 5476 2686 5544 όφθέν
2730 5475 3028 5544 Ῥωμαϊστί
3064 5476 3341 5543 ἐξέφηνεν.
3378 5474 3495 5526 Ἔτι
3528 5474 3583 5526 δὲ

2007 5573 2197 5625 τούτου
2255 5569 2538 5632 λαλοῦντος
2587 5570 2724 5638 πρὸς
2785 5570 2931 5639 ἡμᾶς
2985 5568 3179 5629 ταῦτα,
3241 5566 3445 5635 ἐπῆλθέ
3501 5583 3585 5626 τις

2009 5666 2265 5734 ἀγροῖκος
2305 5663 2538 5715 κάλαθον
2565 5662 2704 5732 ἔχων
2735 5663 2936 5731 μεστὴν
2978 5662 3239 5731 ψάμμουο
3268 5662 3361 5713 καὶ
3389 5676 3583 5727 παρει-

2011 5756 2203 5824 στήκει
2245 5754 2596 5822 ἐκδεχόμενος
2647 5752 2933 5821 πληρῶσαι
2982 5750 3145 5804 αὑτὸν
3174 5754 3274 5820 τὴν
3310 5751 3581 5819 διήγησιν.

2026 5848 2472 5915 Ἐπυνθανόμεθα
2500 5846 2554 5897 66
2593 5848 2751 5915 ἡμεῖς
2777 5843 2938 5896 αὑτοῦ
2964 5842 3056 5897 τοῦ
3093 5843 3483 5914 πρεσϐυτέρου,
3520 5842 3584 5892 Τί

3142 5944 3217 6003 37
