4258 6360
766 387 901 455 1155

2218 399 2300 458 ΡΑ
2309 395 2447 457 LLA
2456 389 2564 451 DII

3876 369 4011 435 1158

765 502 872 570 ἀρα
895 499 1036 553 θέλει
1063 500 1362 570 όάγροῖκος
1396 499 1532 568 μετά
1561 498 1940 569 τῆςψάμμους
1981 503 2339 573 Ἀπεκρίνατο
2364 511 2412 567 Α
2444 494 2578 565 πρὸς
2632 492 2779 562 ἡμᾶς
2833 487 3162 555 διεκόμισεν,
3210 482 3541 553 παρακαλῶν
3592 482 4010 551 συγχωρηθῆναι

766 594 821 643 δὲ
854 592 988 660 πρὸς
1024 591 1221 661 ἡμᾶςίδ
1254 590 1439 661 Πατὴρ
1466 590 1660 657 λέγων·
1694 592 1894 657 Τέκνα,
1924 594 2020 647 οὐκ
2049 595 2213 665 ἐχρῆν
2239 595 2337 664 μὲν

768 686 912 753 ἡμᾶς
944 682 1249 753 καυχᾶσθαι
1284 682 1418 751 πρὸς
1472 683 1635 751 ὑμᾶς,
1664 683 1785 735 οὐδέ
1820 684 2056 747 ἐξειπεῖν
2103 687 2174 739 τά
2230 687 2337 738 τῶν

770 775 1028 844 Πατέρων
1086 773 1509 843 κατορθώματα,
1567 772 1653 825 ἵνα
1698 773 1773 844 μὴ
1821 776 2151 846 ἐπαρθέντες
2197 776 2336 829 κατὰ

765 865 1022 929 διάνοιαν,
1078 865 1167 917 τὸν
1204 865 1392 934 μισθὸν
1422 864 1795 933 ἀπολέσωμεν.
1844 868 1941 920 Διά
1962 868 2018 920 δὲ
2056 869 2154 939 τὴν
2185 869 2338 938 ὑμῶν

768 956 1001 1025 σπουδὴν
1029 956 1122 1009 καὶ
1148 955 1435 1023 ὠφέλειαν,
1459 957 1541 1009 ὅτι
1566 959 1630 1010 ἐκ
1660 958 1915 1011 τοσούτου
1944 962 2169 1029 μήκους.
2202 961 2336 1030 πρὸς

767 1045 911 1113 ὑμᾶς
960 1044 1279 1115 ἐληλύθατε,
1315 1044 1374 1097 οὐ
1409 1042 1701 1115 ξημειώσω
1735 1047 1876 1115 ὑμᾶς
1917 1047 2015 1114 τῆς
2047 1048 2333 1115 ὠφελείας,

767 1135 882 1189 ἀλλ’
915 1137 1059 1206 άπερ
1104 1136 1171 1189 δι’
1210 1137 1365 1208 ἡμῶν
1423 1138 1450 1189 6
1499 1138 1630 1201 Θεὸς
1660 1138 1997 1209 ᾠκονόμησε,
2058 1140 2337 1211 παρόντων

766 1228 874 1281 τῶν
902 1229 1147 1296 ἀδελφῶν
1173 1228 1527 1299 διηγήσομαι.

839 1322 1120 1389 ’Δκαρπος
1148 1316 1215 1389 ἦν
1240 1322 1272 1389 ή
1305 1320 1530 1390 πλησίον
1564 1320 1719 1390 ήμῶν
1753 1320 1927 1390 χώρα,
1952 1322 2043 1373 καὶ
2064 1322 2113 1373 οἰ
2136 1338 2331 1389 κεκτη-

772 1410 921 1478 μένοι
960 1412 1130 1478 αὐτὴν
1167 1412 1413 1481 ἀγροῖκοι
1448 1413 1771 1482 σπείραντες
1822 1413 1966 1465 σίτον
1997 1414 2144 1483 μόλις
2175 1414 2335 1485 ἐνδι-

770 1501 886 1570 πλῷ
914 1502 973 1554 τὸ
1000 1504 1218 1571 σπέρμα
1234 1504 1494 1572 ἐθέριζον.
1529 1503 1750 1573 Σκώληξ
1778 1505 1885 1574 γὰρ
1913 1505 2256 1573 γεννώμενος
2282 1508 2339 1559 ἐν

770 1591 846 1659 τῷ
878 1593 1072 1660 στάχυϊ
1101 1594 1220 1645 ὅλον
1251 1594 1341 1645 τὸν
1393 1595 1602 1662 ἀμητὸν
1652 1594 1983 1663 διέφθειρεν.
2015 1597 2076 1647 Οἰ
2114 1596 2169 1649 δὲ
2204 1613 2334 1647 κατ-

767 1683 1062 1750 ηχηθέντες
1093 1685 1328 1754 γεωργοὶ
1357 1684 1486 1753 παρ’
1516 1686 1677 1754 ⁴ἡμῶν
1702 1687 1791 1737 καὶ
1830 1687 2143 1755 Χριστιανοὶ
2182 1702 2340 1753 γεγο-

769 1775 942 1839 νότες,
975 1775 1160 1844 ἠξίουν
1216 1776 1363 1845 ἡμᾶς
1414 1776 1669 1845 εὔχεσθαι
1722 1778 1862 1847 ὑπὲρ
1913 1777 2005 1830 τοῦ
2049 1778 2334 1848 θερισμοῦ.

2438 584 2583 653 αὐτῷ
2634 582 2694 634 τὸ
2747 578 3157 650 πλημμέλημα,
3210 577 3303 627 καὶ
3354 575 3605 640 γενέσθαι
3664 574 4010 641 Χριστιανός.

2441 675 2618 742 Ὅπερ
2671 671 2763 724 καὶ
2825 671 3067 736 γέγονεν.
3122 666 3302 719 Ἦσαν
3367 664 3473 733 γάρ
3524 664 3643 716 κατ’
3698 663 3870 732 αὐτὴν
3916 663 4015 732 τὴν

2438 764 2588 833 ὥραν
2627 764 2763 827 ξένοι
2795 760 2929 829 πρὸς
2960 759 3105 827 ἡμᾶς
3137 755 3381 816 ἐλθόντες
3426 754 3665 821 ἀδελφοὶ,
3688 753 3755 805 δι’
3786 753 3882 815 οὒς
3909 753 4015 821 μά·

2438 856 2591 907 λιστα
2620 850 2938 920 ἐπιτηδείως
2961 850 3091 918 ἡμῖν
3119 847 3189 900 τὰ
3219 847 3423 915 λάχανα
3441 845 3803 914 προσηνέχθη.
3826 846 4011 898 Μετα-

2440 944 2693 1003 λαϐόντες
2735 936 2829 993 οῦν
2882 938 2941 1005 ἐξ
2989 935 3190 997 αὐτῶν,
3232 934 3706 1005 εὐχαριστήσαμεν
3745 934 3823 1002 τῷ
3857 934 4004 1003 Θεῷ,

2438 1035 2634 1103 διπλῆν
2668 1030 3012 1102 εὐφροσύνην
3051 1028 3430 1098 ποιησάμενοι,
3460 1026 3560 1096 τήν
3589 1042 3645 1078 τε
3679 1025 3774 1077 τοῦ
3805 1025 4018 1096 ἀνθρώ-

2439 1146 2542 1182 που
2576 1124 2852 1195 σωτηρίαν
2874 1124 2968 1176 καὶ
2990 1124 3090 1192 τὴν
3122 1121 3231 1174 τῶν
3269 1119 3515 1187 ἀδελφῶν
3546 1120 3872 1173 ἀνάπαυσιν.

3010 1211 3260 1265 ΚΕΦΑΛ.
3312 1209 3441 1261 ΝΕ’.

2862 1305 2999 1372 Περί
3046 1301 3195 1358 ὰϐϐᾶ
3242 1302 3525 1367 Σούρους.

2523 1400 2691 1454 Ἀϐϐά
2720 1399 2953 1467 Σούρους
3005 1394 3061 1447 δέ
3109 1410 3239 1446 ποτε
3289 1392 3382 1445 καὶ
3423 1389 3568 1443 ἀϐϐά
3626 1388 3877 1453 Ἡσαΐας,
3922 1391 4019 1440 καὶ

2438 1492 2584 1545 ἀϐϐἄ
2643 1490 2856 1552 Παῦλος
2897 1487 3187 1553 συνέτυχον
3234 1483 3506 1550 ἀλλήλοις,
3543 1480 3733 1549 ἄνδρες
3767 1479 4017 1540 εὐλαϐεῖς

2442 1584 2535 1637 καὶ⁵
2564 1583 2821 1651 ἀσκηταὶ,
2876 1580 2967 1633 τὸν
3016 1578 3188 1645 μέγαν
3230 1572 3568 1643 ὁμολογητὴν
3623 1571 3766 1624 ἀϐϐᾶ
3823 1570 4019 1622 Ἀνοίιϐ

2442 1672 2889 1740 ἐπισκεψόμενοι.
2952 1670 3201 1735 Ἀπεῖχεν
3243 1665 3299 1716 δὲ
3341 1662 3518 1715 αὐτῶν
3554 1663 3701 1729 τρεῖς
3748 1660 3918 1727 μονάς
3958 1657 4019 1708 τὸ

2443 1764 2740 1832 διάστημα.
2806 1760 2913 1815 Καί
2946 1776 3077 1827 φασι
3136 1758 3272 1827 πρὸς
3319 1756 3613 1823 ἀλλήλους·
3666 1750 4020 1815 Ἐπιδειξάτω

769 1862 935 1919 Εἶπον
966 1866 1061 1919 οὖν
1117 1844 1251 1938 πρὸς
1285 1844 1515 1923 αὐτούς·
1564 1869 1625 1920 Εἰ
1665 1869 1815 1940 ἔχετε
1834 1844 2029 1921 -πίστιν
2076 1844 2224 1939 πρδξ
2244 1870 2335 1921 τὸν
2370 1849 2411 1901 Β
2440 1855 2666 1915 ἕκαστος
2700 1852 2857 1922 ἡμῶν
2888 1853 2987 1921 τὴν
3020 1849 3214 1902 ἑαυτοῦ
3246 1846 3544 1940 πολιτείαγῤ
3566 1844 3842 1940 ﬁcii?“
3865 1844 4020 1940 πτξξίι

766 1959 898 2011 Θεὸν
933 1959 1024 2010 καὶ
1055 1960 1088 2027 ἡ
1136 1959 1375 2028 ἐρημικὴ
1400 1959 1536 2028 αῦτη
1560 1959 1784 2027 ψάμμος
1820 1960 1947 2028 ὐμῖν
1978 1963 2334 2031 καρποφορή-

766 2065 851 2100 σει
874 2065 887 2076 ·
917 2050 965 2102 οἰ
999 2049 1053 2102 δέ
1081 2049 1232 2101 οὐδὲν
1281 2050 1731 2119 ἀναϐαλλόμενοι,
1756 2051 1853 2119 τῆς
1874 2051 2102 2120 ψάμμου
2130 2052 2332 2120 ταύτης

764 2143 863 2213 τῆς
894 2144 1025 2212 παρ’
1056 2142 1213 2213 ἡμῶν
1264 2144 1613 2213 πατουμένης
1659 2148 1784 2207 τοὺς
1843 2144 2051 2197 ἑαυτῶν
2103 2146 2333 2207 κόλπους

763 2231 1174 2301 πληρώσαντες.
1221 2231 1461 2300 εὐλογεῖν
1492 2234 1831 2306 προσέφερον
1870 2232 2161 2299 ἀξιοῦντες.
2192 2235 2334 2304 Ἐγὼ

762 2324 819 2376 δέ
847 2324 922 2388 ὠς
956 2325 1209 2395 ηὐξάμην
1259 2328 1439 2390 αὐτοῖς
1473 2326 1615 2379 κατὰ
1644 2329 1743 2397 τὴν
1777 2328 1955 2380 πίστιν
1981 2328 2162 2381 αὐτῶν
2185 2327 2333 2396 γενέ-

765 2414 911 2475 σθαι,
939 2414 1198 2485 ἐσπειραν
1241 2415 1409 2485 αὐτὴν
1440 2417 1537 2468 σὺν
1567 2416 1646 2485 τῷ
1679 2416 1811 2485 σίτῳ
1839 2416 1897 2467 ἐν
1939 2418 2057 2479 ταῖς
2089 2415 2295 2485 χώραις
2316 2432 2332 2448 °

766 2506 859 2559 καὶ
895 2506 1151 2576 ἐξαίφνης
1181 2506 1531 2575 πολύκαρπος
1568 2506 1747 2560 αὐτῶν
1776 2509 1808 2578 ἠ
1848 2506 2002 2578 χώρα
2045 2508 2335 2577 γεγένηται

769 2597 918 2665 παρά
958 2600 1140 2651 πᾶσαν
1168 2600 1271 2669 γῆν
1326 2599 1622 2667 Αἰγύπτου.
1654 2598 1827 2652 Τοῦτο
1858 2594 1951 2653 οῦν
1994 2602 2167 2653 ποιεῖν
2216 2599 2334 2661 ἐθος

765 2688 1002 2757 ἔχοντες,
1045 2689 1167 2742 κατ’
1208 2689 1453 2743 ἐνιαυτὸν
1484 2690 1615 2759 ἡμῖν
1647 2689 1974 2759 ἐνοχλοῦσιν.
2030 2691 2124 2743 Ἐν
2148 2690 2205 2743 δέ
2246 2707 2335 2758 μοι

771 2779 934 2847 μέγα,
966 2779 1153 2848 φησιν,
1188 2781 1215 2832 6
1248 2778 1379 2843 Θεὸς
1410 2780 1622 2833 πολλῶν
1653 2783 1935 2851 παρόντων
1967 2780 2149 2851 θαῦμα
2192 2798 2332 2850 παρ-

769 2871 946 2939 έσχεν.
980 2870 1269 2923 Κατελθὼν
1314 2872 1421 2942 γὰρ
1453 2870 1562 2939 ἐγώ
1612 2890 1739 2924 ποτε
1768 2873 1826 2924 ἐν
1866 2875 1931 2942 τῇ
1977 2873 2148 2935 πόλει,
2180 2864 2337 2941 εῦρον

767 2960 935 3029 ἀνδρα
965 2960 1086 3013 τινὰ
1112 2962 1430 3030 Μανιχαῖον,
1464 2962 1589 3024 τοὺς
1615 2962 1819 3031 δήμους
1851 2962 2333 3031 ἀποπλανήσαντα·

768 3052 843 3115 ὡς
868 3053 926 3105 δέ
952 3052 1159 3105 πείθειν
1181 3053 1342 3105 αὐτὸν
1366 3052 1599 3124 δημοσίᾳ
1620 3054 1720 3107 οὐκ
1745 3055 2047 3124 ἠδυνάμην,
2078 3055 2336 3124 στραφεὶς

769 3141 907 3213 πρὸς
943 3142 1003 3194 τὸ
1028 3141 1255 3211 πλῆθος,
1281 3139 1453 3206 εἷπον,
1491 3144 1674 3214 Πυράν
1703 3144 1945 3213 μεγάλην
1968 3146 2047 3206 εἰς
2072 3144 2170 3214 τὴν
2199 3144 2338 3196 πλα-

2441 1946 2575 1999 Θεοῦ
2608 1947 2665 1997 ἐν
2694 1945 2773 2015 τῷ
2810 1944 2909 2013 βίῳ
2938 1942 3110 2007 τούτῳ
3143 1940 3449 2008 τετίμηται.
3493 1935 3662 1988 Ἀϐϐά
3689 1933 3927 2001 Σούρους
3961 1930 4020 1984 δὲ

2440 2038 2575 2108 πρὸς
2602 2037 2799 2098 αὐτοὺς
2834 2034 2961 2101 ἐφη·
3012 2030 3281 2099 Αἰτοῦμαι
3338 2028 3490 2097 παρὰ
3518 2027 3612 2078 τοῦ
3639 2024 3772 2078 Θεοῦ
3815 2024 4018 2093 δῶρον,

2439 2126 2759 2194 ἀκαμάτους
2804 2123 2953 2192 ἡμᾶς
2986 2121 3188 2189 φθάσαι
3252 2118 3342 2169 ἐπὶ
3371 2115 3464 2169 τοῦ
3484 2116 3649 2168 τόπου
3691 2116 3747 2165 ἐν
3786 2113 4018 2180 δυνάμει

2438 2217 2533 2271 τοῦ
2566 2211 2914 2286 Πνεύματος·
2943 2214 3037 2267 καὶ
3066 2212 3224 2283 μόνον
3262 2210 3559 2280 εὐξαμένου
3602 2205 3790 2269 αὐτοῦ,
3832 2206 4019 2256 πλοῖον

2439 2310 2658 2379 ἕτοιμον
2689 2306 2886 2378 εὑρέθη
2919 2307 3278 2375 παραχρῆμα,
3306 2302 3400 2355 καλ⁵
3444 2301 3643 2367 ἀνεμος
3683 2297 4015 2367 ἐπιτήδειος,

2441 2402 2535 2455 καὶ
2575 2403 2632 2454 ἐν
2660 2402 2799 2471 ῥοπῇ
2844 2398 3147 2469 εὑρέθησαν
3194 2395 3289 2448 ἐπὶ
3345 2392 3437 2446 τοῦ
3490 2394 3655 2444 τόπου
3699 2388 4019 2448 ἀνελθόντες

2441 2493 2581 2547 κατὰ
2604 2492 2698 2548 τοῦ
2719 2492 3007 2561 ῥεύματος.

3001 2580 3249 2634 κΕοΑΛ.
3284 2578 3427 2644 Νςν.

2817 2672 2955 2741 Περί
2994 2672 3091 2725 καί
3135 2668 3311 2725 ’Λόσᾱ
3364 2669 3631 2722 Ἡσαΐου.

2523 2766 2752 2828 Ἡσαΐας
2786 2764 2843 2817 δέ
2872 2780 3004 2833 φησι
3036 2763 3173 2831 πρὸς
3200 2760 3420 2821 αὐτοὺς,
3453 2759 3562 2810 Καὶ
3580 2756 3633 2809 τί
3668 2755 4013 2824 θαυμαστὸν,

2442 2855 2487 2914 ὦ
2517 2858 2684 2927 φίλοι,
2721 2857 2815 2909 ἐὰν
2859 2854 3171 2926 συναντήσῃ
3214 2854 3345 2923 ἡμῖν
3390 2853 3418 2904 ὁ
3462 2848 3603 2918 ἀνὴρ
3631 2847 3865 2901 ἐκάστου
3918 2845 4020 2907 τὰς

2443 2950 2713 3011 πολιτείας
2738 2945 3100 3015 διαγορεύων;

3035 3034 3283 3088 ΚΕΦΑΛ.
3333 3034 3453 3086 NZ'.

2833 3131 2972 3197 Περί
3020 3129 3116 3181 καί
3166 3124 3315 3181 ἀϐὅὰ
3362 3125 3628 3177 Παύλου.

769 3193 917 3285 τέῖαν
2368 3193 2415 3255 c
2518 3226 2729 3288 Παῦλος
2755 3224 2812 3277 δέ
2841 3193 2975 3293 φησι
3019 3222 3155 3291 πρὸς
3208 3217 3426 3278 αὐτούς·
3460 3218 3522 3270 Εἰ
3566 3212 3898 3306 ἀπεκάλυψέ
3932 3212 4026 3263 καὶ

771 3325 879 3378 Καὶ
902 3324 955 3377 εῐ
976 3342 1061 3388 τις
1095 3324 1248 3395 ήμῶν
1276 3324 1603 3394 ἀφλόγιστος
1625 3325 1893 3395 διαμείνῃ,
1926 3319 2079 3385 οὗτος
2107 3322 2217 3393 ἔχει
2243 3323 2341 3391 τὴν

769 3414 941 3485 καλὴν
993 3415 1196 3468 πίστιν.
1244 3417 1332 3479 Ὠς
1363 3415 1417 3468 δὲ
1448 3416 1638 3484 γέγονε
1673 3415 1859 3480 τοῦτο,
1902 3415 1994 3468 καὶ
2020 3416 2068 3467 οἰ
2111 3414 2256 3483 ὄχλοι
2283 3414 2342 3465 ἐν

771 3507 973 3576 σπουδῇ
1008 3507 1107 3577 τὴν
1158 3508 1335 3575 πυρὰν
1367 3507 1601 3575 ἀνῆψαν,
1638 3501 1819 3559 εἷλκον
1869 3507 2029 3559 αὐτὸν
2069 3506 2185 3577 μετ’
2208 3506 2341 3575 ἐμοῦ

772 3601 851 3661 εἰς
874 3598 934 3651 τὸ
964 3598 1095 3669 πῦρ.
1146 3599 1204 3651 '0
1233 3598 1289 3651 δέ
1318 3616 1503 3666 φησιν,
1532 3599 1802 3661 Ἕκαστος
1831 3600 1986 3668 ἡμῶν
2004 3597 2142 3651 κατά
2176 3598 2341 3668 μόνας

774 3691 1085 3757 εἰσελθέτω,
1145 3692 1240 3745 καὶ
1286 3693 1501 3763 πρῶτος
1544 3692 1806 3745 εἰσελθεῖν
1833 3692 2068 3761 ὀφείλεις
2110 3693 2270 3755 αὐτὸς
2317 3694 2345 3744 6

774 3783 1103 3853 προστάξας.
1152 3782 1237 3845 Ὠς
1291 3782 1347 3835 δὲ
1393 3784 1449 3835 ἐν
1489 3784 1715 3854 ὀνόματι
1765 3784 1859 3837 τοῦ
1899 3784 2137 3855 Χριστοῦ
2178 3802 2342 3839 κατα-

774 3877 1217 3945 σφραγισάμενος
1249 3874 1590 3945 εἰσελήλυθα.
1619 3877 1652 3947 ἡ
1685 3876 1816 3945 φλὸξ
1852 3871 1952 3928 ὧδε
2015 3878 2175 3928 κάκεῖ
2228 3877 2345 3929 δια-

781 3965 1106 4035 μερισθεῖσα
1138 3965 1199 4019 οὐ
1252 3966 1633 4035 παρηνόχλησέ
1685 3984 1794 4033 μοι,
1830 3966 2097 4037 ήμιώριον
2128 3967 2184 4019 ἐν
2209 3967 2343 4036 αὐτῇ

770 4056 1133 4127 διατρίψαντι,
1180 4058 1399 4121 Ἰδόντες
1452 4059 1509 4111 δέ
1539 4060 1586 4110 οἰ
1624 4058 1771 4127 δχλοι
1804 4060 1864 4111 τὸ
1898 4059 2081 4129 θαῦμα
2118 4059 2344 4127 ἀνεϐόη-

774 4166 892 4211 σαν,
921 4150 1014 4201 καὶ
1058 4150 1368 4218 ἠνάγκαζον
1422 4149 1582 4201 πάλιν
1614 4150 1864 4201 κάκεῖνον
1895 4151 1973 4211 εἰς
2021 4151 2120 4219 τὴν
2168 4150 2346 4217 πυράν

775 4241 1057 4293 εἰσελθεῖν.
1102 4240 1160 4292 '0
1186 4240 1240 4293 δέ
1264 4239 1339 4302 ώς
1357 4241 1454 4292 οὐκ
1485 4240 1641 4310 ἤθελε
1674 4239 1879 4304 δεδιὼς,
1910 4238 2163 4298 λαϐόντες
2184 4240 2346 4291 αὐτὸν

774 4334 822 4386 οἰ
856 4332 1019 4400 δῆμοι
1045 4332 1123 4393 εἰς
1153 4332 1316 4400 μέσον
1341 4329 1581 4400 ὥθησαν,
1608 4330 1700 4383 καὶ
1721 4329 2162 4398 περιφλογισθεὶς
2188 4330 2343 4392 ὅλως,

775 4421 983 4491 ἀτίμως
1004 4422 1102 4490 τῆς
1130 4421 1335 4483 πόλεως
1362 4420 1645 4491 ἐξερρίφη,
1675 4420 1780 4471 τῶν
1802 4420 1864 4488 δή
1876 4437 1987 4489 μων
2012 4420 2341 4489 κραζόντων,

2444 3322 2579 3391 ἡμῖν
2624 3320 2653 3370 6
2683 3318 2836 3382 Θεὸς,
2887 3318 2967 3370 ὅτι
3016 3313 3155 3384 μετά
3204 3313 3352 3381 τρεῖς
3391 3309 3604 3379 ἡμέρας
3645 3304 4025 3373 ἀναλαμϐάνει

2442 3413 2533 3464 τὸν
2562 3410 2867 3478 ἀνθρωπον;
2903 3407 2991 3470 Ὠς
3012 3405 3069 3458 δέ
3096 3403 3365 3474 προῆλθον
3390 3399 3696 3471 ἔμπροσθεν
3712 3396 3806 3449 τοῦ
3831 3396 4023 3456 τόπου,

2445 3505 2473 3555 6
2504 3500 2642 3570 ἀνὴρ
2673 3498 2855 3561 αὐτοῖς
2904 3496 3223 3564 ἀπαντήσας
3256 3492 3552 3563 ἠσπάζετο.
3597 3489 3653 3542 Ὀ
3696 3488 3754 3540 δέ
3808 3486 4025 3548 Παῦλός

2446 3609 2578 3662 φησι
2614 3589 2750 3660 πρὸς
2783 3586 2981 3640 αὐτόν·
3025 3584 3239 3656 Φράσον
3270 3585 3403 3652 ἡμῖν
3434 3584 3502 3633 τὰ
3554 3578 3783 3631 σεαυτοῦ
3820 3593 4022 3645 κατορ-

2446 3685 2676 3753 θώματα
2699 3698 2711 3711 ·
2752 3680 3053 3750 μεθαύριον
3074 3680 3181 3748 γὰρ
3214 3676 3349 3747 πρὸς
3366 3674 3500 3727 Θεὸν
3530 3670 3829 3742 ἀπελεύσῃ.

3012 3770 3260 3822 ΚΕΦΑΛ.
3324 3768 3455 3819 NH'.

2872 3864 3005 3930 Περί
3037 3861 3133 3914 καὶ
3162 3857 3310 3914 άϐϐἇ
3361 3858 3592 3912 ’Δνούό.

2518 3956 2651 4010 Εἰπε
2703 3955 2759 4008 δὲ
2800 3954 2943 4007 ἀϐϐἆ
2983 3952 3173 4007 Ἀνοὺϐ
3217 3950 3351 4019 πρὸς
3402 3946 3618 4008 αὐτούς·
3654 3941 3965 4011 Εὐλογητὸς
3998 3941 4026 3993 ό

2448 4047 2581 4109 Θεὸς
2612 4049 2638 4099 6
2666 4047 2833 4116 κάμοὶ
2861 4045 3029 4097 ταῦτα
3054 4042 3354 4111 γνωρίσας,
3380 4039 3475 4091 καὶ
3506 4037 3603 4106 τὴν
3632 4036 3786 4105 ὑμῶν
3810 4050 4026 4103 παρου-

2449 4140 2568 4195 σίαν
2606 4138 2699 4191 καὶ
2727 4137 3027 4190 πολιτείαν.
3068 4132 3254 4187 Εἰπὼν
3283 4133 3339 4184 δὲ
3364 4132 3597 4185 ἑκάστου
3628 4128 3695 4180 τὰ
3736 4125 4024 4195 κατορθώ-

2452 4249 2619 4301 ματα,
2654 4233 2747 4283 καὶ
2782 4231 2847 4282 τὰ
2870 4227 3063 4281 ἑαυτοῦ
3087 4227 3275 4279 λοιπὸν
3297 4226 3564 4294 ἐξηγεῖτο,
3591 4221 3765 4288 λέγων
3785 4237 3798 4251 ·
3847 4218 3936 4284 Ἐξ
3965 4212 4025 4270 οῦ

2446 4324 2507 4373 τὸ
2530 4321 2782 4390 Σωτῆρος
2798 4319 2968 4389 όνομα
2992 4319 3084 4370 ἐπὶ
3101 4318 3199 4387 τῆς
3218 4317 3320 4385 γῆς
3342 4313 3688 4383 ὡμολόγησα,
3704 4311 3766 4363 οὐ
3786 4306 4026 4378 προῆλθε

2445 4412 2642 4481 ψεῦδος
2674 4413 2737 4463 ἐκ
2768 4411 2859 4463 τοῦ
2889 4409 3153 4479 στόματός
3183 4425 3305 4478 μου,
3333 4408 3520 4476 γήϊνον
3550 4405 3701 4458 οὐδὲν
3735 4402 4025 4475 διῃτήθην,

773 4512 876 4564 Τὸν
898 4514 1099 4565 πλάνον
1113 4510 1288 4575 ζῶντα
1306 4511 1567 4565 καύσατε·
1596 4512 1696 4583 ἐμὲ
1710 4512 1763 4564 δὲ
1778 4512 2131 4574 ἀναλαϐόντες
2148 4516 2175 4564 6
2190 4513 2342 4582 δχλος
2376 4535 2419 4590 D
2448 4502 2541 4555 τοῦ
2569 4502 2801 4569 ἀγγέλου
2835 4517 2902 4570 με
2928 4501 3155 4570 ἡμέριον
3182 4498 3473 4590 τρέφοντος
3500 4494 3879 4590 τῆνλούΑράνιον
3898 4510 4027 4590 τρο-

774 4604 867 4658 καὶ
901 4603 1293 4675 εὐφημοῦντες,
1326 4606 1404 4667 εἰς
1431 4603 1527 4674 τὴν
1562 4604 1855 4672 ἐκκλησίαν
1891 4603 2270 4673 προέπεμψαν.

845 4694 1068 4749 Ἀλλοτε
1096 4695 1152 4747 δέ
1180 4712 1281 4765 μου
1314 4695 1603 4763 παριόντος
1633 4694 1719 4749 διὰ
1752 4694 1881 4747 ναοῦ
1900 4713 2063 4756 τινος,
2086 4696 2225 4758 τινές
2240 4696 2345 4747 τῶν

772 4784 941 4837 ἐθνῶν
965 4786 1076 4848 τοῖς
1102 4784 1342 4847 εἰδώλοις
1374 4785 1552 4837 αὐτῶν
1585 4783 1866 4847 ἐθυσίαζον
1894 4800 1909 4815 ⁸
1957 4782 2109 4837 εἷπον
2158 4785 2213 4837 δέ
2248 4786 2343 4839 αὐ-

770 4879 903 4939 τοῖς·
922 4876 980 4928 Εἰ
1003 4875 1208 4943 λογικοὶ
1232 4876 1403 4940 ὄντες,
1423 4876 1637 4943 ἀλόγοις
1663 4874 1713 4926 τί
1738 4875 1923 4939 θύετε;
1953 4876 2043 4926 καὶ
2074 4876 2228 4943 ὑμεῖς
2250 4876 2344 4928 αὐ-

773 4968 879 5018 τῶν
902 4967 1022 5018 ἐστε
1048 4966 1231 5019 λοιπόν
1262 4965 1609 5035 ἁλογώτεροι.
1636 4968 1697 5017 Οἱ
1724 4966 1776 5018 δὲ
1811 4967 1883 5027 ὡς
1909 4965 2089 5028 καλῶς
2135 4967 2344 5018 εἰπόντι

774 5057 975 5119 εὐθέως
1005 5076 1093 5127 μοι
1126 5059 1521 5129 ἠκολούθησαν,
1565 5058 1642 5127 τῷ
1685 5059 1901 5128 Σωτῆρι
1933 5058 2342 5120 πιστεύσαντες.

846 5150 1037 5218 Κήπου
1068 5150 1125 5202 δέ
1152 5149 1241 5217 μοί
1274 5166 1402 5201 ποτε
1440 5152 1495 5201 ἐν
1530 5153 1594 5218 τῇ
1626 5150 1850 5218 πλησίον
1876 5150 2031 5220 χώρᾳ
2071 5150 2345 5220 ὑπάρχον-

776 5257 864 5301 τος
896 5241 983 5292 διά
1022 5241 1118 5311 τὴν
1155 5242 1455 5311 ἐρχομένην
1498 5241 1631 5307 πρὸς
1667 5243 1813 5310 ἡμᾶς
1842 5242 2198 5309 ἀδελφότητα,
2254 5249 2345 5293 καί

775 5334 891 5394 έιός
916 5350 1057 5394 τινος
1094 5334 1255 5385 αὐτὸν
1288 5332 1517 5401 πένητος
1570 5332 1962 5403 ἐργαζομένου,
2009 5333 2221 5401 εἰσῆλθέ
2265 5351 2347 5393 τις

775 5440 880 5477 τηεν
921 5425 1191 5494 Ἑλλήνων
1223 5425 1446 5495 συλῆσαι
1498 5426 1565 5479 τά
1619 5425 1844 5494 λάχανα.
1892 5426 1975 5485 Ὠς
2018 5424 2073 5476 δὲ
2112 5425 2344 5493 συλήσας

779 5515 1161 5584 ἀπῆλθεν,έως
1209 5516 1307 5584 τῆς
1351 5517 1539 5585 τρίτης
1597 5517 1810 5585 ἡμέρας
1870 5514 2027 5582 ἐψείν,
2058 5514 2195 5566 αὐτὰ
2248 5515 2346 5567 οὐκ

778 5607 1013 5671 ἐδυνάτο,
1047 5610 1160 5663 ἀλλ’
1184 5609 1405 5677 ἔμειναν
1438 5611 1495 5661 ἐν
1522 5608 1594 5675 τῷ
1626 5608 1811 5676 λέϐητι
1837 5602 1923 5659 οἷά
1956 5623 2059 5674 περ
2090 5607 2181 5658 καὶ
2218 5605 2343 5674 ἐλή-

777 5697 1009 5766 φθησαν,
1067 5701 1139 5768 μὴ
1195 5699 1622 5769 θερμαινομένου
1664 5698 1798 5759 ὅλως
1843 5697 1935 5748 τοῦ
1982 5696 2189 5758 ὓδατος.
2258 5697 2345 5748 Ἰ-ἶν

774 5791 949 5859 ἑαυτῷ
986 5792 1040 5845 δὲ
1072 5793 1360 5860 γενόμενος
1416 5794 1440 5844 ὁ
1477 5792 1635 5861 ἀνὴρ,
1680 5791 1958 5844 ἀναλαϐὼν
2000 5793 2065 5843 τά
2107 5791 2334 5860 λάχανα,

2450 4598 2555 4666 φήν
2585 4611 2599 4626 ⁸
2649 4594 2766 4647 οὐδέ
2824 4593 3010 4661 ἐτέρου
3042 4590 3188 4652 τινὸς
3242 4588 3505 4658 ἐπιθυμία
3538 4585 3765 4656 ἀνῆλθεν
3816 4587 3898 4646 εἷς
3932 4583 4029 4652 τὴν

2450 4687 2677 4757 καρδίαν
2710 4702 2831 4751 μου,
2866 4683 3003 4751 πλὴν
3032 4682 3064 4751 ἢ
3100 4681 3193 4733 τοῦ
3256 4679 3416 4733 Θεοῦ.
3468 4678 3601 4731 Οὐδέ
3654 4676 3977 4745 ἀπέκρυψεν
4003 4676 4030 4725 6

2447 4780 2579 4840 Θεός
2606 4796 2657 4829 τι
2693 4776 2800 4828 τῶν
2819 4773 3100 4841 ἐπιγείων,
3130 4772 3158 4825 ὃ
3181 4773 3278 4823 οὐκ
3303 4768 3571 4839 ἐγνώρισέ
3597 4785 3706 4838 μοι.
3732 4767 3847 4819 Οὐκ
3870 4764 4029 4833 ἔληξε

2450 4870 2563 4938 φῶς
2594 4872 2705 4930 τοῖς
2743 4866 3037 4935 ὀφθαλμοῖς
3073 4880 3211 4932 μου·
3266 4863 3366 4915 οὐκ
3428 4864 3484 4913 ἐν
3532 4860 3719 4930 ἡμέρᾳ
3773 4858 4028 4923 ῦπνωσα,

2447 4963 2545 5013 οὐκ
2574 4962 2628 5012 ἐν
2665 4960 2816 5011 νυκτὶ
2860 4955 3274 5025 ἀνεπαυσάμην,
3302 4954 3393 5005 τὸν
3428 4951 3560 5004 Θεὸν
3589 4950 3853 5021 ἐκζητῶν,
3890 4948 4030 5002 ἀλλὰ

2447 5052 2675 5120 ἄγγελός
2702 5068 2789 5121 μοι
2814 5050 2992 5120 παρῆν
3009 5049 3124 5113 ἀεὶ,
3142 5047 3238 5108 τάς
3265 5046 3356 5097 τοῦ
3384 5043 3591 5113 κόσμου
3618 5042 3879 5109 δυνάμεις
3903 5043 4028 5093 ἐπι-

2446 5144 2703 5197 δ;ικνύων
2731 5160 2742 5171 ·
2794 5142 2854 5194 τὸ
2892 5141 3007 5209 φῶς
3039 5138 3137 5205 τῆς
3176 5137 3414 5197 διανοίας
3466 5152 3564 5204 μου
3603 5135 3701 5185 οὐκ
3742 5132 3983 5201 ἐσϐέσθη
4011 5151 4025 5163 ·

2448 5237 2556 5285 πᾶν
2591 5236 2799 5301 αἴτημα
2834 5230 2985 5301 παρὰ
3018 5228 3150 5282 Θεοῦ
3192 5245 3293 5296 μου
3330 5227 3490 5289 εὐθὺς
3525 5222 3852 5294 ἐλάμϐανον.
3885 5224 4029 5277 Ἰδον

2453 5326 2708 5388 πολλάκις
2743 5324 3008 5395 μυριάδας
3060 5322 3307 5389 ἀγγέλων
3339 5318 3418 5389 τῷ
3455 5319 3575 5389 Θεῷ
3623 5314 4023 5386 παρεστώσας·

2450 5422 2556 5471 ἴδον
2604 5419 2795 5487 χοροὺς
2836 5416 3087 5469 δικαίων·
3130 5414 3238 5466 ἴδον
3286 5412 3579 5483 μαρτύρων
3636 5408 4021 5477 ἀθροίσματι·

2449 5514 2554 5565 ἴδον
2595 5512 2813 5563 πάντων
2841 5491 2903 5560 τὸ
2938 5508 3098 5577 ἔργον
3135 5506 3243 5559 τῶν
3275 5504 3366 5556 τὸν
3410 5502 3542 5555 Θεὸν
3594 5499 4021 5569 εὐφημούντων·

2450 5606 2557 5658 ἴδον
2598 5604 2689 5657 τὸν
2720 5603 2964 5656 Σατανᾶν
3014 5600 3145 5668 πυρὶ
3200 5596 3671 5665 παραδιδόμενον·
3731 5589 3843 5644 ἰδὸν
3897 5593 4024 5655 τοὺς

2446 5698 2708 5765 ἀγγέλους
2758 5692 2921 5747 αὐτοῦ
2977 5689 3409 5759 κολαζομένους·

2447 5788 2676 5850 αἰωνίως
2738 5783 3220 5854 εὐφραινομένους.
3267 5777 3449 5832 Ταῦτα
3483 5777 3536 5831 δὲ
3590 5778 3681 5830 καὶ
3712 5776 3847 5831 ἄλλα
3886 5774 4017 5828 πολ·

3445 5684 3565 5738 ῖδον⁶
3597 5686 3722 5746 τοὺς
3778 5684 4021 5743 δικαίους
