4258 6360
282 397 422 453 H57

272 518 449 575 Filloli
487 521 589 574 mei
617 565 631 587 ,
680 538 783 575 non
826 520 1102 589 oportebat
1141 531 1224 568 me

272 628 448 678 lie-.Ile
474 628 535 665 ea
568 614 844 666 enuntiare
874 627 987 673 qua-
1020 616 1164 674 gesta
1204 611 1328 657 sunt
1362 615 1391 652 a
1432 597 1671 651 Patribus
1699 610 1713 655 ;
1758 604 1823 642 ne

271 712 451 754 tuente
573 698 702 752 elati
800 699 1113 751 amittamus
1219 689 1561 744 intercedet“:
1612 688 1827 750 omni"

269 788 504 839 studium
557 798 731 837 autem
785 794 1014 835 vestrum
1065 793 1117 834 et
1166 780 1473 837 utilitatem,
1526 772 1663 840 quod
1718 779 1822 821 tam

276 875 461 942 procul
490 875 556 925 ad
590 887 686 925 nos
716 872 934 925 venistis
954 910 968 932 ,
1002 884 1105 921 non
1139 866 1385 919 fraudabo
1428 876 1524 914 vos
1553 859 1780 913 utilitate
1806 872 1821 915 ;

269 962 364 1015 sed
397 977 515 1029 qua:
548 976 640 1028 per
672 975 767 1013 nos
794 959 1044 1013 Servator
1072 956 1268 1023 gessit,
1316 950 1540 1004 narrabo
1591 959 1825 1016 praesen-

269 1051 412 1102 tibus
442 1049 710 1101 fratribus.

341 1137 544 1190 Sterilis
579 1144 693 1190 erat
721 1150 844 1203 ager
865 1137 955 1203 qui
986 1141 1069 1187 est
1092 1148 1252 1200 prope
1278 1146 1393 1195 nos,
1425 1138 1482 1183 et
1507 1125 1687 1181 rustici
1736 1124 1825 1191 qui

270 1225 443 1290 ipsum
472 1224 829 1289 possidebant,
878 1224 1220 1285 seminantes,
1254 1221 1342 1271 vix
1383 1232 1562 1270 semen
1590 1214 1826 1281 duplica-

270 1327 379 1367 tum
414 1314 703 1376 metebant;
736 1314 931 1365 vermis
968 1313 1109 1365 enim
1140 1323 1361 1364 nascens
1389 1310 1439 1361 in
1468 1309 1632 1374 spica,
1661 1313 1823 1357 totam

268 1423 495 1462 messem
526 1406 913 1472 corrumpebat.
946 1404 1201 1471 Agricola:
1230 1411 1406 1454 autem
1443 1396 1769 1452 catechisnto
1796 1411 1824 1449 a

269 1497 423 1549 nobis
454 1496 694 1559 instituti,
725 1505 777 1548 et
805 1494 975 1547 effecti
1007 1493 1316 1555 Christiani,
1348 1497 1599 1557 rogarunt
1628 1503 1723 1541 nos
1766 1494 1822 1539 ut

266 1601 541 1639 oraremus
569 1601 660 1649 pro
688 1600 878 1637 messe.
911 1584 1030 1635 Dixi
1060 1593 1236 1635 autem
1267 1583 1344 1634 eis
1375 1597 1388 1633 :
1423 1579 1476 1633 Si
1504 1578 1710 1630 habetis
1753 1577 1825 1628 fi-

268 1675 389 1726 dem
423 1676 471 1725 in
507 1675 689 1734 Deum,
730 1674 811 1724 vel
843 1687 997 1724 arena
1031 1672 1223 1722 de~erti
1253 1669 1478 1720 fructum
1511 1668 1657 1719 vobis
1696 1665 1826 1717 alie-

270 1774 371 1817 ret.
408 1763 440 1816 li
471 1772 641 1814 autem
676 1762 801 1814 nihil
832 1761 1086 1820 cunctati,
1139 1774 1257 1811 cum
1292 1759 1389 1810 hac
1419 1772 1597 1819 arena,
1642 1770 1760 1823 qua:
1795 1767 1823 1805 a

270 1852 420 1904 nobis
463 1851 715 1913 calcatur,
746 1851 891 1902 sinus
937 1850 1263 1916 implessent,
1297 1847 1600 1909 attulerunt,
1635 1858 1822 1913 rogan-

270 1950 349 1992 tes
390 1950 446 1992 ut
476 1940 924 1993 benediceri-mus.
960 1938 1236 2005 l’ostquim
1278 1944 1452 1988 autem
1494 1949 1610 1987 sum
1640 1948 1823 2001 preca-

269 2038 355 2081 tus
386 2038 439 2080 ut
470 2028 571 2080 illis
599 2027 749 2081 fieret
775 2027 1060 2079 secundum
1092 2028 1322 2091 ipsorum
1368 2022 1545 2087 fidem,
1578 2022 1674 2089 ipsi
1704 2035 1819 2074 eam

267 2132 387 2171 cum
420 2115 679 2169 frumento
706 2114 1028 2167 seminartmt
1070 2114 1121 2165 itt
1152 2113 1290 2164 arvis
1334 2112 1476 2175 suis;
1507 2121 1558 2164 et
1601 2118 1822 2176 repente

268 2220 451 2258 eorum
484 2220 604 2273 ager
635 2206 703 2257 ita
741 2204 1100 2269 multiplicavit
1130 2203 1375 2266 fructum,
1410 2212 1463 2253 ut
1493 2214 1701 2252 omnem
1732 2213 1821 2251 su-

270 2304 482 2361 peraret
535 2293 839 2361 AEgyptum.
889 2292 997 2345 Hoc
1042 2307 1169 2361 ergo
1222 2289 1397 2344 facere
1455 2289 1618 2354 soliti,
1674 2289 1823 2342 nobis

266 2384 550 2454 quotannis
588 2385 839 2438 exhibent
869 2384 1179 2437 molestiam.
1218 2382 1384 2437 Unum
1412 2392 1606 2444 autem,
1634 2382 1822 2450 inquit,

270 2490 515 2543 magnum
545 2474 851 2527 miraculum
883 2474 1106 2543 praebuit
1150 2475 1275 2527 mihi
1308 2474 1442 2528 Deus
1470 2475 1649 2529 multis
1688 2489 1825 2543 prte—

268 2566 528 2619 sentibus.
558 2565 691 2618 Cum
736 2568 874 2618 enim
902 2565 952 2618 in
998 2566 1259 2620 civitatem
1289 2566 1569 2634 aliquando
1598 2567 1816 2620 descen-

267 2654 487 2717 dissem,
522 2654 694 2731 inveni
728 2656 1002 2723 quemdam
1033 2656 1202 2708 virum
1230 2656 1567 2709 ilanichmum
1593 2658 1680 2725 qui
1721 2673 1823 2726 po-

268 2746 421 2812 pulos
451 2743 758 2810 seduxerat;
789 2762 904 2799 cum
942 2755 1116 2798 autem
1150 2762 1251 2798 non
1287 2762 1498 2814 possem
1539 2749 1586 2801 ei
1618 2748 1827 2816 publica

272 2836 613 2901 persuadere,
662 2836 764 2889 dixi
797 2850 1080 2889 conversus
1129 2836 1190 2888 ad
1225 2836 1611 2889 multitudinem
1657 2854 1671 2890 :
1718 2837 1827 2890 Ma-

269 2942 428 2993 gnum
454 2941 635 2992 rogum
664 2927 713 2979 in
747 2927 912 2993 platea
945 2926 1231 2992 accendite,
1267 2937 1319 2980 et
1370 2927 1729 2996 ingrediamur
1773 2928 1824 2979 in

268 3018 567 3081 ﬂammam;
594 3028 645 3070 et
670 3020 753 3085 qui
778 3032 839 3070 ex
864 3019 1012 3070 nobis
1034 3018 1227 3071 illmsus
1256 3034 1281 3069 a
1312 3018 1521 3070 ﬂamma
1548 3018 1824 3083 manserit,

269 3108 316 3157 is
360 3106 517 3157 habet
541 3107 729 3157 bonam
758 3108 935 3160 fidem.
974 3108 1253 3175 Postquam
1290 3121 1464 3160 autem
1496 3110 1597 3160 hoc
1631 3107 1823 3160 factum

1495 387 1763 448 IIISTURI
1782 395 1805 435 \
1851 383 1929 436 LA
1940 382 2194 439 USIACA.

1262 509 1479 581 simi";
1518 507 1654 571 apud
1697 512 1790 554 νιιε
1809 534 1823 554 .
1858 498 1903 552 Λ
1929 492 2315 545 condonaretur
2344 498 2595 549 erralttm,
2630 495 2679 539 et
2706 496 2760 539 ut
2786 486 2931 539 fleret
2957 483 3318 549 Christianus,
3339 488 3478 551 quod

3346 378 3479 437 I158

1930 586 2089 637 etiam
2122 582 2311 634 factum
2338 586 2441 633 est.
2477 578 2636 631 Erant
2677 586 2850 628 autem
2885 575 2981 627 hac
3011 575 3120 642 ipsa
3149 574 3278 627 hora
3305 574 3482 640 hospi-

1929 682 2008 726 tes
2041 672 2228 723 fratres
2258 670 2344 736 qui
2395 668 2458 721 ad
2491 683 2586 719 nos
2625 673 2880 718 venerant
2908 681 2920 713 :
2955 674 3165 731 prepter
3191 678 3322 730 quos
3353 672 3483 715 lem-

1928 763 2129 829 pestive
2156 759 2435 812 admodum
2463 758 2524 809 ad
2558 772 2651 808 nos
2681 755 2834 807 allata
2865 766 2988 806 sunt
3016 753 3177 806 olera.
3213 757 3338 817 Quae
3361 766 3481 804 cum

1925 852 2362 912 comedisseutus,
2408 851 2610 912 egimus
2656 847 2879 899 Domino
2907 844 3120 912 gratias,
3149 844 3341 909 duplici
3386 857 3476 895 ac-

1924 953 2075 1009 cepta
2104 943 2302 1007 laetitia,
2328 951 2382 995 et
2426 957 2490 995 ex
2520 941 2687 992 salute
2716 937 2966 999 hominis,
3014 943 3067 989 et
3094 950 3158 988 ex
3190 934 3482 987 reiectione

1925 1034 2171 1089 fratrum.

2508 1097 2727 1153 CAPUT
2770 1096 2874 1152 LV.

2449 1189 2567 1242 Vita
2595 1188 2782 1240 abbatis
2816 1187 2955 1240 Suri.

1998 1283 2176 1338 Abbas
2202 1290 2377 1333 autem
2404 1280 2589 1337 Surus.
2626 1276 2813 1343 inquit,
2842 1285 2895 1327 et
2924 1274 3083 1330 Isaias
3122 1271 3318 1341 (Ra/7.,
3350 1269 3389 1322 ι.
3425 1284 3483 1333 tt,

1925 1391 2039 1441 cap.
2078 1375 2183 1440 I0),
2211 1381 2265 1425 et
2292 1370 2484 1423 Paulus
2524 1370 2620 1421 sibi
2652 1368 2873 1420 invicem
2901 1376 3119 1432 repente
3138 1371 3483 1416 occurrerunt

1925 1469 1989 1519 ad
2021 1466 2258 1528 fluvium,
2289 1463 2382 1515 viri
2411 1464 2477 1527 pii
2508 1469 2560 1513 et
2585 1458 2783 1527 egregii
2826 1458 3225 1515 exercitatores,
3258 1450 3480 1505 invisuri

1926 1569 2168 1621 magnum
2214 1553 2454 1604 abbatem
2509 1547 2716 1615 Anuph.
2788 1548 3024 1599 Distabat
3066 1555 3237 1595 autem
3297 1558 3479 1594 eorum

1926 1644 2257 1697 intervallum
2315 1643 2477 1693 tribus
2530 1640 2923 1699 mansionibus;
2972 1645 3025 1687 et
3077 1636 3260 1687 dicunt
3311 1634 3374 1685 ad
3424 1647 3481 1685 se

1926 1732 2148 1786 invicem
2194 1747 2209 1784 :
2241 1728 2494 1783 Ostendat
2524 1728 2880 1795 unusquisque
2911 1735 3145 1777 nostrum
3185 1739 3336 1774 suum
3361 1723 3481 1772 vita:

1858 1829 1902 1888 Β
1930 1821 2244 1881 institutum,
2280 1828 2331 1871 et
2372 1815 2813 1883 quemadmodum
2843 1813 2937 1866 fuit
2970 1814 3019 1865 in
3054 1813 3149 1864 hac
3181 1814 3281 1862 vita
3318 1827 3344 1861 a
3372 1809 3480 1863 Deo

1924 1912 2231 1963 honoratus.
2264 1909 2438 1963 Abbas
2461 1917 2635 1959 autem
2666 1906 2831 1958 Surus
2862 1904 2993 1955 dixit
3016 1903 3090 1954 eis
3118 1918 3129 1953 :
3163 1901 3290 1954 Peto
3314 1915 3342 1951 a
3373 1900 3479 1952 Deo

1922 2001 2140 2066 donum,
2190 2010 2247 2052 ut
2294 2013 2391 2052 nos
2439 1999 2633 2051 virtute
2677 1995 2891 2061 spiritus
2919 1991 3169 2046 indefessi
3214 1990 3276 2043 ad
3308 1990 3477 2042 locum

1923 2093 2321 2162 perveniamus;
2354 2101 2408 2145 et
2434 2104 2551 2143 cum
2598 2089 2708 2155 ipse
2738 2088 2907 2139 solum
2936 2094 3159 2144 orasset,
3208 2083 3475 2134 inventum

1924 2192 2005 2240 est
2047 2184 2283 2253 protinus
2315 2192 2547 2250 paratum
2577 2180 2869 2248 navigium,
2902 2186 2953 2230 et
2979 2186 3165 2229 ventus
3191 2171 3477 2233 secundus,

1923 2286 1977 2330 et
2006 2284 2271 2329 momento
2298 2271 2552 2339 temporis
2579 2270 2779 2325 inventi
2809 2277 2935 2324 sunt
2975 2268 3029 2321 in
3060 2268 3195 2330 loco,
3240 2278 3360 2319 cum
3389 2264 3479 2315 ad-

1925 2382 2080 2422 verso
2107 2366 2321 2420 flumine
2346 2364 2702 2433 navigassent.

2501 2454 2727 2509 CAPUT
2766 2452 2899 2509 LVI.

2447 2544 2557 2597 Vita
2582 2546 2776 2597 abbatis
2809 2544 2982 2597 Isaia.

1998 2638 2160 2693 Isaias
2185 2647 2359 2690 autem
2389 2637 2516 2690 dicit
2538 2638 2616 2689 eis
2641 2652 2654 2689 :
2694 2637 2754 2688 Et
2780 2636 2903 2703 quid
2932 2635 3142 2695 mirum,
3172 2646 3205 2685 o
3231 2629 3410 2693 amici,
3438 2628 3482 2682 si

1928 2732 2007 2783 vir
2034 2731 2186 2783 nobis
2213 2728 2521 2791 occurrerit,
2551 2729 2640 2795 qui
2669 2727 2825 2780 vitam
2873 2736 3049 2780 narret
3077 2724 3486 2793 uniuscujusque

1928 2819 2119 2890 (nam,
2140 2821 2228 2873 tib.
2261 2834 2318 2883 n,
2342 2835 2455 2887 cap.
2486 2818 2613 2886 ιον

2508 2910 2728 2965 CAPUT
2768 2909 2921 2964 LVII.

2445 2999 2559 3055 Vita
2589 3002 2782 3053 abbatis
2816 2998 2994 3052 Pauli.

2000 3092 2190 3145 Paulus
2219 3102 2391 3147 autem
2424 3093 2549 3147 dicit
2570 3092 2649 3146 eis
2676 3108 2690 3148 :
2717 3091 2771 3147 SI
2818 3092 2959 3145 Deus
2988 3091 3140 3145 nobis
3169 3090 3489 3147 revelaverit

270 3205 370 3255 est.
398 3205 452 3247 et
479 3197 643 3248 turba:
673 3212 854 3264 rogum
886 3199 992 3249 cito
1021 3198 1395 3259 accenderunt,
1428 3200 1594 3265 ipsum
1622 3213 1825 3250 mecum
1851 3181 1903 3245 C
1934 3198 1951 3233 ί

1814 3217 1825 3249 ,
1851 3181 1903 3245 c
1934 3182 2071 3249 quod
2104 3191 2224 3248 post
2248 3190 2354 3235 tres
2380 3182 2498 3235 dies
2541 3182 2763 3235 assumit
2811 3182 3117 3234 hominem?
3144 3182 3276 3235 Cum
3315 3191 3490 3236 autem

270 3284 551 3338 trahebant
593 3286 643 3335 in
697 3285 889 3353 ignem.
942 3287 988 3338 Is
1023 3298 1197 3339 autem
1238 3286 1402 3339 dicit:
1459 3287 1827 3353 Unusquisque

271 3388 513 3426 seorsum
563 3375 902 3443 ingrediatur,
935 3375 1203 3444 debe~qne
1251 3378 1448 3443 primus
1498 3378 1697 3444 ingredi
1740 3379 1828 3445 qui

271 3465 495 3533 iussisti.
526 3466 655 3519 Cum
682 3477 857 3520 autem
887 3468 936 3519 in
989 3470 1199 3520 nomine
1244 3468 1441 3520 Christi
1467 3471 1704 3533 signatus
1745 3484 1829 3522 es-

272 3572 386 3611 sem
418 3560 702 3627 ingressus,
736 3558 941 3611 ﬂamma
972 3560 1024 3611 in
1054 3561 1189 3610 bant:
1220 3568 1275 3612 et
1322 3560 1463 3610 illam
1500 3569 1696 3624 partem
1744 3560 1821 3611 di-

275 3649 410 3708 visa,
438 3663 522 3701 me
547 3648 681 3699 nulla
707 3647 877 3700 aﬂ‘ecit
902 3649 1164 3713 lliOlCSlia,
1189 3663 1311 3700 cum
1344 3650 1664 3701 semihoram
1693 3650 1743 3701 in
1768 3663 1829 3701 ea

275 3752 450 3791 essein
483 3746 734 3790 moratus.
781 3737 973 3791 Turba:
1018 3747 1193 3791 autem
1226 3738 1338 3791 viso
1378 3739 1629 3791 miraculo
1659 3739 1833 3793 excla-

274 3838 505 3890 tnarunt,
532 3838 586 3881 et
612 3828 870 3896 cogebant
914 3828 1058 3881 illum
1092 3844 1275 3897 pyram
1313 3830 1624 3897 pervadere,
1655 3831 1698 3883 is
1739 3846 1829 3883 au-

273 3926 380 3969 tent
412 3918 645 3979 nolebat,
680 3918 866 3970 timore
892 3916 1128 3971 affectus.
1159 3918 1289 3972 Cum
1318 3935 1436 3973 eum
1468 3928 1641 3973 autem
1680 3935 1831 3974 acce-

276 4010 479 4076 pissent
533 4010 731 4075 populi,
779 4012 829 4062 in
881 4012 1107 4063 medium
1149 4020 1547 4076 protruserunt;
1600 4021 1655 4066 et
1694 4023 1833 4066 totus

277 4098 487 4150 ﬂamma
516 4100 809 4162 ambustus,
839 4098 1036 4166 eiectus
1068 4112 1197 4153 este
1224 4102 1457 4165 civitate,
1483 4104 1833 4155 clamantibus

278 4190 485 4255 populis
518 4205 531 4241 :
570 4190 785 4243 Planum
818 4193 1081 4245 viventem
1115 4194 1337 4246 exurite.
1370 4193 1447 4246 Me
1470 4206 1643 4247 autem
1669 4195 1833 4246 turba:

276 4281 622 4346 accipientes,
652 4293 708 4333 et
738 4282 976 4335 laudibus
1001 4294 1394 4349 prosequentes,
1428 4283 1757 4336 deduxerunt
1782 4284 1833 4335 in

275 4372 577 4425 ecclesiam.

348 4461 478 4515 Cum
508 4471 682 4515 autem
711 4478 808 4533 ego
852 4463 1131 4531 aliquando
1163 4478 1255 4531 per
1282 4464 1545 4531 quoddam
1583 4465 1833 4529 templum

1932 3271 2086 3339 paulo
2112 3271 2329 3323 ulti-rius
2348 3272 2749 3341 processissent,
2777 3271 2855 3323 vir
2876 3273 2954 3324 eis
2975 3271 3183 3323 obviam
3212 3271 3378 3324 factus
3398 3285 3491 3323 eos

1931 3363 2152 3422 salutat;
2188 3361 2378 3415 Paulus
2420 3370 2595 3416 autem
2625 3363 2675 3415 ei
2701 3362 2828 3416 dicit
2854 3380 2866 3414 :
2904 3362 2997 3416 Dic
3027 3362 3180 3415 nobis
3208 3376 3324 3430 quas
3351 3370 3495 3415 recte

1929 3452 2175 3521 gessisti;
2210 3468 2329 3507 nam
2358 3461 2476 3521 post
2501 3454 2791 3508 crastinum
2832 3452 2972 3508 diem
3016 3452 3187 3507 abibis
3228 3451 3296 3505 ad
3326 3451 3491 3506 Deum

1933 3542 2168 3609 (Ra/lim,
2202 3545 2240 3597 ι.
2273 3556 2331 3605 tt,
2360 3559 2472 3612 cap.
2506 3541 2617 3609 I0).

2489 3651 2714 3707 CAPUT
2755 3650 2931 3707 LVIII.

2347 3740 2462 3794 Vita
2487 3744 2680 3795 abbatis
2710 3744 2891 3809 Ληκρή
2932 3742 3102 3811 (105).

2007 3831 2143 3885 Dixit
2166 3840 2341 3883 autem
2370 3833 2444 3885 eis
2470 3832 2657 3899 Anuph
2685 3849 2697 3883 :
2731 3832 3042 3885 Benedictus
3066 3833 3223 3894 Deus,
3251 3832 3339 3900 qui
3368 3831 3493 3885 mihi

1936 3923 2046 3975 iliBC
2073 3937 2279 3991 quoque
2325 3923 2570 3991 signavit,
2604 3931 2655 3975 et
2686 3933 2917 3975 vestrum
2951 3926 3069 3974 vita:
3112 3922 3407 3974 institutum
3440 3932 3494 3975 ct

1934 4012 2217 4065 adventum
2244 4012 2481 4081 (Ru/ﬁn.,
2515 4014 2551 4064 I.
2604 4027 2661 4075 tt,
2688 4028 2802 4081 cap.
2834 4012 2941 4079 Ill).
2976 4014 3108 4065 Cum
3136 4022 3309 4065 autem
3332 4013 3496 4066 dixis-

1935 4112 2015 4154 set
2042 4115 2158 4168 qua:
2190 4102 2545 4167 unusquisque
2571 4116 2753 4155 eorum
2795 4102 2935 4154 recte
2963 4118 2995 4171 g
3014 4112 3222 4165 -sserat,
3254 4108 3498 4171 exposuit

1937 4194 2204 4257 deinceps.
2236 4208 2349 4259 quze
2378 4192 2491 4255 ipse
2518 4191 2734 4253 fecerat,
2760 4191 2939 4244 dicens
2966 4208 2978 4243 :
3012 4192 3084 4244 Ex
3114 4206 3218 4259 quo
3249 4192 3495 4246 Servato-

1939 4284 2009 4330 ris
2040 4295 2232 4331 natnen
2280 4278 2545 4343 professus
2587 4293 2702 4330 sum
2736 4281 2788 4329 in
2819 4288 2978 4344 terra,
3027 4294 3094 4332 ex
3124 4294 3215 4333 ore
3244 4294 3362 4332 meo
3392 4294 3497 4335 non

1937 4380 2017 4421 est
2044 4384 2312 4435 egressum
2336 4369 2701 4423 mendacium:
2737 4370 2950 4422 humani
2978 4370 3079 4423 cibi
3106 4372 3235 4424 nihil
3266 4372 3490 4439 sumpsi,

1941 4476 2024 4513 me
2048 4460 2247 4513 cmlesti
2291 4462 2540 4514 alimento
2623 4462 2803 4517 alente
2899 4464 3138 4532 quotidie
3256 4464 3492 4530 angelo:

278 4553 580 4613 transirem,
624 4553 834 4618 quidam
862 4569 923 4604 ex
969 4553 1213 4620 gentibus
1248 4557 1356 4606 suis
1398 4557 1549 4607 idolis
1579 4556 1839 4607 Sacrifica-
1871 4536 1922 4598 υ
1948 4553 2137 4604 nullius
2162 4552 2377 4604 alterius
2423 4551 2497 4604 rei
2529 4551 2788 4614 cupiditas
2814 4551 2865 4603 in
2906 4566 3001 4605 cor
3032 4568 3204 4604 meum
3234 4554 3493 4618 ascendit,

282 4641 428 4691 bant.
465 4640 577 4693 Dixi
606 4653 778 4693 autem
806 4642 919 4694 eis:
951 4644 1056 4694 Cur
1082 4657 1199 4694 eum
1223 4645 1338 4695 sitis
1364 4647 1642 4712 participes
1673 4647 1834 4699 ratio-

281 4730 385 4794 nis,
417 4731 725 4784 sacrificatis
752 4732 815 4783 its
845 4748 961 4798 qu:e
990 4744 1177 4785 carent
1207 4738 1407 4787 ratione
1432 4754 1444 4785 :
1480 4752 1677 4803 vosque
1707 4742 1835 4791 estis

279 4821 347 4871 de
368 4832 563 4872 caetero
592 4822 654 4871 iis
684 4821 845 4886 magis
876 4832 1117 4887 expertes
1148 4823 1403 4876 rationis?
1430 4824 1501 4875 Illi
1531 4837 1703 4878 autem
1728 4868 1740 4885 ,
1783 4837 1838 4879 ut

280 4910 367 4974 qui
400 4919 543 4960 recte
570 4908 842 4974 dixissem,
872 4927 956 4965 me
984 4914 1157 4964 statim
1200 4922 1321 4965 sunt
1346 4917 1531 4978 secuti,
1560 4916 1837 4969 credentes

279 4999 574 5052 Servatori.

350 5089 483 5141 Cum
526 5097 701 5141 autem
731 5098 872 5141 esset
916 5090 1043 5142 mibi
1073 5092 1349 5159 aliquando
1396 5094 1579 5145 hortus
1620 5094 1671 5146 in
1708 5108 1836 5162 agro

284 5181 598 5248 propinquo,
635 5190 848 5248 propter
872 5195 987 5234 eam
1011 5197 1125 5249 qua:
1153 5182 1217 5235 ad
1250 5199 1344 5236 nos
1373 5185 1613 5237 veniebat
1647 5184 1839 5239 frater-

281 5271 522 5333 nitatem,
552 5280 603 5323 et
632 5272 841 5339 quidam
872 5287 1072 5340 pauper
1096 5289 1215 5326 eum
1258 5285 1583 5341 operaretur,
1619 5292 1836 5341 ingres-

282 5378 372 5414 sus
402 5370 483 5414 est
510 5364 719 5430 quidam
750 5365 976 5431 gentilis,
1010 5374 1067 5417 ut
1092 5365 1350 5421 iuraretur
1380 5368 1521 5420 olera
1553 5384 1566 5419 :
1601 5369 1687 5421 ubi
1712 5384 1837 5422 vero

283 5467 345 5505 ea
392 5452 675 5506 suffuratus
729 5456 1055 5522 recessisset,
1112 5472 1278 5523 eaque
1333 5458 1497 5510 tribus
1548 5458 1689 5510 horis
1735 5474 1836 5512 non

287 5550 541 5610 potuisset
587 5560 833 5608 coquere,
876 5546 967 5599 sed
1015 5547 1333 5599 mansissent
1365 5549 1413 5600 in
1459 5549 1629 5602 lebete
1670 5551 1837 5615 qualia

284 5644 583 5701 acceperat,
614 5644 793 5701 utpote
824 5638 959 5703 quod
985 5654 1115 5705 aqua
1136 5639 1350 5691 minime
1377 5640 1659 5701 ralefieret,
1681 5643 1760 5691 vir
1783 5655 1840 5691 se

284 5726 564 5797 colligens.
594 5738 807 5795 accepta
831 5729 973 5782 olera
998 5728 1061 5783 ad
1093 5743 1190 5783 nos
1211 5729 1420 5793 detulit,
1447 5744 1639 5797 rogans
1662 5739 1717 5781 ut
1742 5731 1839 5782 sibi

1948 4650 2293 4707 prmterquam
2321 4639 2441 4701 Dei;
2494 4639 2619 4691 nihil
2659 4655 2721 4691 ex
2767 4640 2923 4692 rebus
2954 4640 3179 4692 terrenis
3222 4643 3500 4694 occultavit

1947 4729 2076 4781 mihi
2130 4728 2284 4791 Deus,
2341 4728 2475 4795 quod
2526 4743 2627 4780 non
2682 4728 3065 4796 significaverit
3108 4740 3162 4782 et
3205 4730 3499 4782 ostenderit.

1946 4819 2093 4871 mihi.
2122 4819 2233 4871 Non
2263 4818 2486 4871 interdiu
2511 4833 2751 4870 somnum
2780 4819 2913 4884 cepi,
2940 4834 3043 4871 non
3065 4830 3216 4872 noctu
3240 4822 3493 4887 requievi,

1950 4912 2113 4965 Deum
2164 4926 2439 4976 quaerens:
2488 4908 2598 4964 Una
2650 4909 2773 4961 mihi
2821 4924 3029 4975 semper
3060 4910 3226 4961 adfuit
3256 4912 3494 4978 angelus,

1949 5002 2129 5055 mundi
2160 5001 2442 5055 ostendens
2467 5010 2780 5068 potestates;
2808 5001 2981 5053 lumen
3008 5002 3342 5069 cogitationis
3370 5017 3500 5055 mea:

1949 5108 2211 5163 nunquam
2245 5092 2338 5145 fuit
2365 5093 2713 5154 exstinctum;
2744 5106 2955 5143 omnem
2986 5093 3291 5158 petitionem
3317 5094 3495 5159 accepi

1948 5202 1977 5239 a
2016 5188 2123 5240 Deo
2154 5185 2409 5252 protinus.
2445 5182 2560 5236 Vidi
2602 5197 2967 5247 Saepenumero
3030 5182 3134 5234 Deo
3176 5182 3489 5236 assistentes

1949 5278 2211 5346 myriades
2231 5276 2558 5340 angelorum,
2585 5272 2689 5325 vidi
2712 5272 2904 5325 choros
2924 5272 3209 5342 iustorum,
3236 5272 3336 5324 vidi
3361 5288 3501 5326 mar-

1951 5378 2121 5436 tyrum
2163 5366 2481 5432 congeriem,
2516 5362 2617 5415 vidi
2650 5361 3025 5415 monachorum
3058 5363 3175 5414 vita:
3214 5362 3498 5415 institutio-

1945 5473 2091 5519 nem;
2127 5456 2235 5507 vidi
2278 5469 2411 5521 opus
2454 5463 2626 5505 autem
2668 5454 2902 5505 omnium
2955 5452 3115 5505 Deum
3150 5452 3497 5505 laudantium.

1946 5548 2059 5601 Vidi
2088 5548 2336 5599 Satanam
2369 5546 2471 5613 igni
2498 5543 2740 5595 traditum
2760 5582 2773 5605 ,
2824 5542 2927 5594 vidi
2956 5543 3169 5610 angelos
3200 5542 3313 5609 ejus
3346 5541 3499 5608 puni-

1947 5646 2047 5699 tos,
2074 5636 2175 5688 vidi
2204 5634 2375 5702 justus
2420 5635 2656 5685 halantes
2699 5632 2751 5684 in
2778 5639 3053 5685 arternum.
3104 5631 3225 5683 llaec
3251 5642 3303 5685 et
3334 5631 3493 5685 multa

1946 5730 2042 5781 alia
2080 5740 2319 5779 narrans.
2356 5723 2510 5776 tertio
2539 5724 2623 5776 die
2656 5722 2812 5776 tradit
2842 5722 3095 5785 animant;
3128 5736 3348 5785 eantque
3387 5733 3485 5774 sta~
