4258 6360
774 366 911 426 Η59

2218 384 2535 441 PALLADII

3875 394 4020 448 “60

794 498 887 546 tim
912 492 1259 556 suscipientes
1288 491 1459 559 angeli
1490 501 1542 548 et
1570 493 1717 547 chori
1751 504 2062 564 martyrum,
2096 510 2147 549 tn
2180 499 2346 551 cmlos
2378 523 2425 567 Α
2459 500 2723 564 galitatem
2756 502 3063 567 admiratus,
3092 520 3214 561 eum
3243 520 3455 563 secutus
3489 522 3569 565 est
3613 514 3899 569 abeuntem
3942 520 4006 573 ad

793 581 1135 649 sustulerunt,
1164 582 1287 651 ipsis
1316 583 1611 637 videntibus
1663 592 1715 635 et
1745 584 1969 652 hymnos
1991 585 2344 640 audientibus.

1383 672 1602 725 CAPUT
1643 672 1772 725 LIX.

1187 760 1297 814 Vita
1320 762 1510 814 abbatis
1543 760 1768 813 iterum.
1798 762 1967 831 (iOi).

858 853 1078 918 Quidam
1126 863 1298 904 autem
1344 851 1475 903 alius
1521 860 1687 917 pater,
1735 854 1819 917 qui
1852 852 2136 905 vocabatur
2182 853 2345 905 abbas

789 945 969 999 Hellen
1011 941 1247 1012 (Ruﬁn,
1296 942 1383 993 lib.
1438 955 1494 1001 tt,
1548 955 1662 1007 cap.
1692 941 1796 1008 ii),
1853 957 1971 993 cum
2012 944 2080 996 ab
2130 942 2346 997 ineunte

785 1044 940 1087 :etate
969 1049 1027 1087 se
1051 1033 1257 1085 fortiter
1286 1032 1632 1092 exercuisset,
1663 1045 2028 1098 smpenumero
2053 1032 2224 1101 ignem
2252 1047 2344 1101 ge-

781 1127 956 1181 stabat
1000 1126 1049 1178 in
1080 1126 1216 1187 sinu,
1251 1124 1473 1177 incitans
1519 1138 1609 1175 eos
1638 1124 1725 1190 qui
1759 1138 1921 1190 prepe
1951 1137 2105 1178 erant
2147 1123 2341 1179 fratres

779 1218 844 1269 ad
873 1216 1197 1270 ostendenda
1250 1217 1419 1283 signa,
1452 1215 1631 1267 dicens
1659 1215 1733 1266 eis
1760 1233 1770 1265 :
1805 1214 1859 1269 Si
1909 1230 2000 1268 vos
2030 1231 2155 1269 vere
2182 1231 2337 1270 exer-

780 1308 934 1374 cetis,
969 1306 1173 1358 virtutis
1221 1305 1369 1371 signa
1396 1303 1463 1356 de
1504 1314 1697 1355 cattero
1729 1303 2009 1358 ostendite.
2045 1305 2338 1371 Aliquando

778 1410 952 1451 autem
981 1412 1098 1448 cum
1134 1409 1228 1462 per
1256 1410 1313 1447 se
1344 1402 1485 1446 esset
1513 1394 1567 1445 in
1610 1393 1891 1445 solitudine
1913 1435 1926 1458 ,
1960 1392 2174 1447 incessit
2220 1409 2337 1448 eum

779 1490 948 1541 mellis
976 1485 1323 1550 desiderium;
1358 1498 1475 1536 cum
1518 1499 1645 1537 vero
1675 1482 1817 1536 illico
1868 1485 2018 1537 favos
2050 1486 2340 1539 invenisset

776 1579 875 1631 sub
908 1588 1072 1645 petra,
1122 1578 1255 1629 ditit
1298 1593 1309 1627 :
1345 1575 1549 1629 Recede
1578 1590 1603 1626 a
1637 1590 1720 1628 me
1752 1576 2107 1641 intemperans
2137 1576 2338 1643 cupidi-

778 1680 886 1731 tas;
916 1670 1164 1734 scriptum
1195 1674 1275 1718 est.
1297 1665 1433 1719 enim
1461 1683 1473 1717 :
1506 1666 1704 1732 Spiritu
1738 1666 2027 1729 ambulate,
2055 1674 2108 1719 et
2130 1666 2334 1719 deside-

778 1762 910 1813 f'itttn
954 1758 1129 1812 carnis
1175 1772 1278 1810 non
1317 1756 1602 1825 perficietis
1627 1752 1769 1823 (Gal.
1805 1757 1881 1823 v),
1926 1758 2109 1823 eisque
2140 1755 2335 1810 relictis

2450 586 2691 642 fluvium.
2730 591 2862 644 Cum
2902 604 3079 647 autem
3118 611 3218 664 qua
3264 602 3729 661 transveherentur
3754 611 4003 677 cymbam

2449 690 2551 730 non
2603 681 2947 746 invenissent,
2996 699 3178 738 vocem
3226 690 3399 742 emisit
3428 692 3592 744 abbas
3616 694 3818 761 Hellen,
3848 702 4015 757 advo-

2446 783 2572 820 cans
2597 770 2943 825 crocodilum.
2979 774 3023 826 ls
3048 788 3221 828 autem
3250 779 3298 831 ei
3321 788 3498 832 statim
3525 785 3779 837 obedienc
3800 787 4013 851 aderat,

2448 870 2649 927 tergum
2677 863 3025 919 substernens
3052 882 3066 917 :
3112 872 3314 936 rogavit
3342 883 3518 925 autem
3551 875 3923 942 presbyterum
3954 891 4013 932 ut

2443 962 2560 1000 cum
2591 964 2655 1001 eo
2684 951 3025 1016 ascenderet;
3060 958 3102 1007 is
3126 972 3251 1010 vero
3282 960 3471 1014 timore
3497 962 3734 1027 aﬂ‘ectus,
3766 979 3895 1019 cum
3936 970 4015 1018 vi-

2443 1036 2602 1091 disset
2632 1038 2881 1103 belluam,
2911 1046 3235 1097 retrocessit.
3284 1045 3414 1100 Cum
3446 1061 3618 1104 autem
3644 1066 3767 1105 eum
3801 1062 4013 1109 teneret

2442 1127 2741 1191 admiratio,
2793 1139 2848 1183 et
2875 1145 2966 1184 eos
2995 1134 3085 1201 qui
3118 1143 3260 1189 trans
3304 1139 3517 1193 fluvium
3550 1140 3859 1197 habitabant
3895 1144 4011 1198 frao

2444 1227 2571 1283 tres,
2609 1219 2851 1275 videntes
2892 1238 3015 1276 eum
3060 1238 3183 1279 cum
3224 1228 3398 1281 bellua
3448 1235 3895 1289 transmittentem
3926 1236 4012 1289 al-

2444 1321 2631 1375 \eum,
2675 1312 2761 1365 ille
2800 1317 3091 1368 ascendens
3118 1317 3170 1369 in
3201 1329 3417 1388 terram,
3450 1338 3551 1375 una
3576 1338 3757 1377 secum
3790 1329 4011 1380 attraxit

2443 1401 2688 1464 belluam,
2722 1404 2931 1471 dicens,
2962 1408 3149 1463 melius
3175 1424 3294 1465 esse
3320 1412 3366 1465 ei
3398 1425 3454 1466 ut
3485 1428 3812 1483 moreretur,
3845 1433 4007 1485 quam

2440 1492 2876 1561 interempturum
2910 1501 3206 1553 animarum
3229 1504 3527 1569 acquireret
3554 1505 3895 1573 supplicium.
3922 1509 3998 1563 Ea

2438 1592 2612 1635 autem
2639 1586 2854 1649 cadens,
2884 1589 3122 1655 protinus
3146 1600 3224 1644 est
3252 1607 3481 1646 mortua.

2508 1695 2637 1750 Tres
2665 1710 2838 1751 autem
2870 1700 2983 1753 dies
3008 1717 3322 1768 permanens
3347 1705 3483 1768 a;-ud
3509 1704 3721 1769 fratres,
3755 1708 4003 1775 sedebat,

2437 1784 2630 1839 d0cens
2666 1802 2755 1840 eos
2785 1801 3068 1857 praecepta,
3098 1802 3151 1844 et
3201 1808 3315 1860 qua:
3357 1806 3513 1847 erant
3562 1796 3766 1848 occulta
3821 1800 4003 1852 unius-

780 1848 927 1954 ab'i'it.
951 1846 1087 1954 Eum
1107 1852 1298 1947 autem.
1318 1845 1566 1954 jamotres
1590 1844 1944 1954 hebdomadas
1962 1844 2326 1954 ,ἱξξξιυηίιεξξῖῑξη
2367 1875 2413 1935 Β
2440 1875 2691 1944 cujusque
2720 1844 2939 1931 consilia
2960 1844 3155 1945 ’θυέτω
3184 1844 3895 1954 conminuashune—qmdem
3918 1844 3999 1940 div

778 1937 1077 2000 solitudine,
1105 1937 1331 1989 inventis
1356 1936 1443 2003 qui
1472 1934 1676 2001 disjecti
1699 1942 1847 1987 erant
1872 1934 2149 1999 fructibus,
2168 1935 2330 1987 dixit:

772 2027 882 2081 Non
933 2027 1229 2090 comedam,
1274 2038 1442 2093 neque
1488 2024 1740 2091 attingam
1789 2023 1984 2091 aliquid
2014 2037 2079 2076 ex
2129 2025 2213 2088 iis,
2268 2038 2335 2079 ne

773 2118 986 2171 fratrem
1030 2131 1204 2169 meum
1232 2114 1601 2177 scandalizem,
1638 2127 1825 2180 nempe
1858 2128 2027 2166 meam
2060 2112 2287 2165 animam
2317 2128 2329 2175 ;

771 2206 1025 2273 scriptum
1059 2212 1142 2257 est
1184 2203 1323 2256 euint
1370 2220 1382 2255 :
1432 2202 1543 2255 Non
1594 2202 1646 2255 in
1689 2202 1941 2256 alimento
1987 2202 2156 2255 solum
2204 2202 2335 2254 vivit

773 2294 932 2348 ltotno
960 2293 1169 2361 (Matth.
1198 2307 1276 2357 tv;
1312 2292 1459 2344 Luca:
1482 2290 1573 2360 tv).
1602 2291 1733 2345 Cum
1764 2301 1939 2345 autem
1976 2292 2148 2346 adhuc
2178 2293 2333 2346 aliam

770 2384 1060 2454 jejunasset
1106 2382 1511 2447 hebdomadam,
1564 2392 1744 2451 postea
1773 2382 2107 2448 dormitavit;
2153 2392 2205 2437 et
2247 2397 2335 2437 ve-

774 2474 926 2526 niens
952 2472 1171 2541 angelus
1196 2471 1248 2524 in
1280 2471 1478 2525 somnis
1498 2513 1512 2538 ,
1542 2470 1590 2525 ei
1620 2470 1754 2526 dixit
1781 2488 1795 2525 :
1826 2471 1997 2540 Surge
2023 2481 2078 2528 et
2122 2474 2246 2526 tolle
2272 2488 2333 2527 ea

771 2582 886 2634 qum
916 2565 1273 2632 inueniuntur,
1327 2572 1379 2617 et
1410 2564 1647 2618 comede.
1683 2563 1729 2618 Is
1769 2574 1942 2618 autem
1988 2568 2235 2629 surrexit,
2282 2572 2336 2618 et

770 2654 1181 2721 circumquaque
1204 2652 1485 2721 aspiciens,
1514 2654 1654 2707 videt
1687 2651 1887 2707 fontem
1928 2654 1978 2707 itt
2004 2653 2185 2707 orbem
2216 2654 2334 2707 her-

773 2746 867 2796 bas
895 2742 977 2797 dcl
1002 2752 1146 2798 calas
1173 2743 1518 2811 germinasse.
1549 2742 1679 2797 Cum
1710 2754 1884 2797 autem
1907 2752 1959 2798 et
1987 2755 2164 2811 potum
2189 2758 2333 2797 sum-

774 2835 984 2901 psisset,
1014 2842 1066 2887 et
1090 2833 1407 2888 comedisset
1432 2834 1593 2902 olera,
1620 2833 1915 2887 affirmabat
1943 2833 2073 2888 nihil
2105 2848 2333 2902 unquam

770 2922 868 2977 sibi
894 2922 1053 2976 fuisse
1077 2921 1376 2991 jucundius.
1406 2920 1536 2976 Cum
1568 2937 1779 2989 parvam
1811 2930 1987 2976 autem
2025 2923 2332 2990 speluncam

772 3015 822 3066 in
853 3013 968 3067 loco
995 3012 1301 3076 invenisset,
1333 3014 1526 3067 mansit
1570 3013 1682 3068 illic
1729 3027 1924 3081 paucos
1954 3013 2071 3068 dies
2096 3014 2328 3082 jejunus.

775 3102 871 3156 Ubi
898 3113 1071 3156 autem
1110 3106 1297 3171 egebat
1337 3101 1611 3166 alimento,
1660 3104 1844 3157 orabat
1887 3102 2039 3157 flexis
2067 3103 2329 3171 genibus:

771 3195 820 3247 ei
845 3204 1017 3247 autem
1051 3194 1286 3260 protinus
1314 3194 1709 3261 apponebantur
1736 3194 2004 3249 esculenta
2033 3194 2233 3260 omnia,

773 3285 921 3351 panis
948 3285 1168 3347 calidus,
1202 3294 1253 3338 et
1278 3286 1451 3347 olivae.
1480 3295 1533 3339 et
1560 3286 1691 3339 varii
1716 3286 1937 3342 fructus.

845 3375 1144 3443 Aliquando
1168 3384 1342 3429 autem
1367 3376 1548 3431 invisit
1577 3376 1770 3431 fratres
1798 3391 1955 3443 suos;
1988 3387 2043 3432 et
2076 3393 2194 3432 cum
2238 3393 2330 3434 eos

773 3468 995 3520 multum
1026 3467 1335 3530 monuisset,
1361 3467 1711 3521 contendebat
1758 3468 1809 3521 in
1861 3468 2155 3534 desertum,
2202 3469 2327 3523 affe-

776 3573 896 3612 rens
924 3560 1164 3627 qumdam
1202 3559 1266 3610 ad
1308 3572 1458 3610 usum
1510 3558 1828 3612 necessaria.
1857 3559 1989 3612 Cum
2040 3569 2213 3613 autem
2248 3560 2328 3613 vi-

772 3647 936 3700 disset
965 3647 1220 3714 quosdam
1252 3660 1476 3715 onagros
1505 3655 1799 3713 pascentes,
1821 3653 1893 3701 ait
1924 3648 2051 3716 ipsis
2080 3666 2089 3699 :
2135 3648 2188 3701 ltt
2233 3665 2327 3702 no-

778 3738 920 3791 mine
945 3737 1066 3791 Jesu
1091 3736 1309 3802 Christi,
1334 3737 1509 3790 veniat
1533 3754 1665 3792 unus
1695 3754 1759 3793 ex
1790 3739 1959 3803 vobis,
2002 3748 2054 3793 et
2075 3740 2329 3807 suscipiat

773 3842 907 3881 onus
931 3844 1125 3882 meum.
1160 3828 1206 3881 Is
1222 3838 1396 3883 autem
1419 3830 1595 3884 statim
1644 3832 1708 3885 ad
1738 3832 1905 3900 ipsum
1935 3834 2176 3887 accessit.
2200 3833 2327 3887 Cum

775 3931 948 3971 autem
1003 3920 1380 3986 supellectilem
1425 3919 1474 3973 ei
1516 3922 1937 3988 imposuisset,et
1959 3920 2006 3975 ei
2029 3922 2325 3988 insedisset,

776 4025 878 4061 uno
906 4009 990 4062 die
1021 4010 1257 4076 pervenit
1301 4013 1366 4062 ad
1397 4012 1719 4079 speluncam.
1764 4012 1817 4065 ltt
1862 4014 1972 4066 sole
2003 4027 2126 4065 vero
2169 4013 2232 4065 ab
2264 4028 2328 4066 eo

775 4099 955 4164 positis
986 4100 1207 4165 panibus
1252 4109 1306 4151 et
1360 4099 1644 4162 fluctibus.
1701 4116 1819 4155 cum
1868 4102 1929 4155 ad
1953 4116 2014 4155 ea
2062 4101 2330 4155 venissent

774 4186 919 4251 forte,
948 4198 1002 4238 ut
1021 4188 1196 4239 solent
1219 4188 1284 4241 ad
1314 4188 1531 4255 fontem,
1558 4200 1607 4243 et
1633 4204 1791 4257 panes
1813 4191 1982 4243 solum
2011 4190 2323 4259 tetigissent,

773 4287 993 4327 mortua:
1019 4284 1162 4329 sunt.

843 4366 1082 4418 Accessit
1110 4374 1286 4419 autent
1318 4365 1599 4434 aliquando
1626 4366 1689 4420 ad
1714 4368 1965 4434 quosdam
2016 4368 2325 4431 monachos,

770 4465 889 4504 cum
917 4461 1061 4506 esset
1082 4453 1195 4506 dies
1216 4453 1535 4518 Dominicus,
1563 4464 1617 4510 et
1638 4456 1773 4510 dixit
1793 4456 1897 4511 eis:
1921 4458 2027 4510 (iur
2049 4458 2204 4511 hodie
2226 4473 2326 4510 non

772 4544 951 4612 egistis
978 4545 1248 4613 synaxim?
1272 4546 1402 4599 Cum
1442 4546 1479 4599 ii
1529 4558 1702 4600 autem
1729 4558 1909 4614 aperte
1937 4549 2173 4603 dicerent
2196 4565 2210 4600 :
2247 4550 2322 4602 Bo

772 4634 909 4699 quod
960 4649 1063 4688 non
1122 4636 1324 4689 venerit
1369 4635 1680 4706 presbyter,
1738 4638 1871 4690 dixit
1912 4638 1990 4690 eis
2045 4654 2056 4688 ε
2094 4638 2202 4706 Ego
2239 4639 2325 4693 ibo

772 4738 827 4779 et
875 4740 996 4779 eum
1044 4728 1259 4781 voeabo.
1294 4727 1331 4780 ii
1380 4738 1555 4781 autem
1586 4729 1851 4791 dixerunt,
1884 4744 1985 4780 lion
2027 4743 2181 4794 posse
2226 4729 2321 4781 ali-

774 4834 926 4885 quem
994 4823 1349 4873 transtnitlere
1414 4821 1621 4871 alveunt
1691 4827 1902 4885 propter
1971 4818 2321 4871 altitudinem.

772 4913 1068 4977 Quinetiam
1114 4912 1357 4965 dicebant
1385 4926 1450 4964 eo
1480 4912 1529 4963 itt
1564 4911 1678 4963 loco
1718 4925 1836 4963 esse
1892 4911 2119 4963 belluam
2163 4914 2328 4963 maxi-

776 5019 935 5068 mam,
972 5018 1161 5069 nempe
1206 5003 1547 5066 crocodilum,
1580 5004 1667 5069 qui
1690 5005 1882 5055 multos
1921 5003 2161 5054 homines
2201 5016 2327 5055 con-

775 5103 1088 5161 sumpserat.
1124 5094 1170 5146 is
1198 5104 1370 5147 autem
1406 5108 1510 5145 non
1542 5101 1835 5155 cunctatus,
1885 5095 2059 5144 statim
2108 5106 2330 5159 surgens

780 5187 1043 5252 profectus
1070 5195 1151 5241 est
1186 5186 1251 5238 ad
1294 5188 1479 5240 vadum
1512 5202 1523 5236 :
1556 5201 1711 5252 quem
1766 5201 1886 5239 cum
1932 5187 2098 5239 bellua
2152 5186 2329 5239 statim

780 5286 928 5344 tergo
978 5277 1293 5343 excepisset,
1327 5276 1393 5330 ad
1446 5286 1643 5341 partem
1697 5277 1823 5343 ripa:
1856 5276 2120 5328 ulterioris
2164 5285 2333 5328 trans-

778 5370 937 5418 vexit.
984 5362 1112 5417 Cum
1138 5377 1309 5418 autem
1359 5366 1411 5419 in
1461 5380 1588 5434 agro
1618 5365 1909 5419 invenisset
1941 5366 2328 5433 presbyterum,

782 5457 983 5524 rogavit
1011 5472 1076 5510 ne
1110 5456 1403 5523 despiceret
1432 5455 1839 5510 fraternizatem.
1872 5456 1962 5508 ille
1998 5464 2170 5509 autem
2205 5470 2325 5508 eum

783 5548 963 5600 videns
989 5548 1165 5601 multis
1189 5549 1419 5601 consutis
1457 5549 1643 5614 pannis
1670 5549 1920 5611 obsitum,
1944 5543 2145 5615 rogavit
2171 5549 2331 5600 unde-

782 5652 901 5689 nant
931 5653 1152 5705 pannum
1179 5639 1465 5702 habuisset,
1490 5640 1669 5693 dicens
1694 5657 1704 5691 :
1730 5640 1898 5691 Habes
1923 5654 2119 5694 ve5tem
2143 5642 2332 5691 animae

785 5731 1208 5794 pulcherrimam.
1238 5747 1269 5786 ο
1300 5731 1490 5787 frater'
1524 5733 1743 5794 eiusque
1773 5731 2121 5785 humilitatem
2152 5740 2205 5786 et
2228 5730 2334 5784 fru-

2438 1980 2564 2019 ceus
2588 1969 2769 2021 vexari
2800 1983 2828 2021 a
2859 1969 3228 2035 fornicatione,
3263 1974 3408 2025 illum
3439 1988 3566 2027 vero
3592 1988 3618 2025 a
3649 1989 3780 2027 vana
3807 1974 4000 2045 gloria,

2436 2056 2593 2110 alium
2625 2073 2652 2111 a
2678 2059 2905 2125 deliciis,
2938 2063 3097 2114 alium
3121 2062 3188 2115 ab
3219 2063 3316 2131 ira,
3351 2074 3405 2119 et
3429 2066 3591 2118 alium
3624 2068 3842 2133 quidem
3880 2082 3976 2135 pro

2443 2150 2719 2203 nuntiabat
2749 2166 2867 2205 esse
2890 2154 3265 2219 mitem,alium
3294 2172 3421 2210 vero
3445 2160 3721 2223 pacificum
3749 2176 3763 2211 :
3787 2158 4000 2215 illorum

2434 2239 2644 2307 quidem
2675 2243 2819 2307 vitia,
2855 2240 3040 2296 horum
3077 2258 3205 2298 vero
3235 2246 3455 2300 virtutes
3473 2261 3719 2315 arguens.
3754 2249 3881 2303 Haec
3903 2264 3997 2303 att-

2436 2336 2539 2380 tem
2570 2329 2862 2393 audientes,
2909 2333 3233 2386 mirabantur
3260 2334 3485 2387 dicendo
3525 2350 3711 2388 revera
3740 2335 3812 2387 ita
3857 2350 3997 2391 esse.

2436 2415 2523 2469 Eis
2548 2430 2722 2471 autem
2751 2419 2881 2473 dixit
2907 2436 2919 2472 :
2948 2420 3137 2476 Parate
3178 2421 3329 2477 nobis
3357 2423 3522 2489 olera,
3571 2424 3729 2478 hodie
3758 2424 3900 2478 enim
3934 2426 3999 2481 ad

2435 2517 2533 2557 nos
2555 2506 2770 2559 venient
2799 2509 2975 2573 plures
2998 2508 3207 2563 fratres.
3240 2510 3371 2564 Cum
3401 2512 3473 2565 illi
3503 2524 3677 2566 autent
3700 2512 3876 2567 adhuc
3906 2528 3999 2582 pa-

2436 2603 2636 2659 rarent,
2681 2597 3116 2663 supervenientes
3166 2598 3359 2655 fratres
3416 2616 3477 2657 se
3528 2603 3756 2657 invicem
3799 2604 3998 2658 saluta-

2436 2694 2577 2738 ΙῚΙΠΙ.

2506 2798 2726 2867 Rogavit
2747 2811 2919 2855 autem
2932 2816 3053 2856 eum
3072 2800 3284 2866 quidam
3301 2818 3364 2857 ex
3384 2801 3656 2871 fratribus,
3680 2803 3867 2859 volens
3890 2820 3996 2859 una

2432 2900 2641 2941 cumeo
2672 2889 2865 2955 degere
2892 2890 2973 2955 in_
3028 2886 3267 2943 deserto.
3342 2889 3422 2944 Eo
3495 2901 3678 2947 autem
3779 2893 3997 2949 dicente

2436 2991 2541 3029 non
2570 2992 2725 3044 posse
2754 2979 2897 3033 illum
2920 2979 3185 3035 sustinere
3216 2982 3538 3036 tentationes
3579 2981 3911 3050 dtemonum,
3952 2985 4000 3040 is

2433 3068 2812 3121 contentiosius
2835 3083 2894 3123 se
2922 3070 3101 3123 omnia
3125 3070 3471 3125 toleraturum
3495 3074 3838 3126 asseveravit.
3862 3075 3998 3127 Cum

2435 3170 2555 3210 eum
2604 3169 2781 3212 autem
2813 3160 3133 3226 excepisset,
3174 3160 3332 3228 jussit
3359 3161 3598 3215 habitare
3643 3162 3698 3216 in
3724 3164 3832 3215 alia
3872 3176 4000 3231 ψει

2272 3210 2327 3250 ﬂ
2354 3223 2401 3285 (ἶ
2432 3244 2605 3300 lunca.
2638 3247 2716 3301 Ad
2746 3261 2868 3301 eum
2907 3210 3082 3303 autem
3116 3210 3275 3304 2.ch
3323 3253 3669 3306 adventantes
3696 3210 3994 3323 daemones,

2430 3351 2549 3390 eum
2569 3336 2829 3391 suffocare
2848 3338 3312 3407 aggrediebantur,
3334 3354 3454 3395 cum
3476 3356 3595 3396 eum
3621 3341 3852 3409 primum
3880 3352 4000 3395 tur-

2429 3428 2583 3495 pibus
2624 3430 3019 3495 perturbassent
3065 3431 3495 3499 cogitationibus.
3540 3430 3637 3485 ille
3685 3442 3866 3486 autem
3895 3446 3994 3487 ex-

2428 3531 2645 3571 currens
2692 3519 3010 3572 renuntiavit
3060 3521 3234 3573 abbati
3286 3521 3486 3575 Helleni
3524 3536 3643 3590 qua:
3683 3535 3999 3580 evenerant.

2431 3604 2545 3671 ipse
2567 3613 2739 3658 autem
2764 3619 2881 3658 cum
2909 3606 3025 3661 loco
3048 3608 3266 3676 figuram
3292 3610 3668 3677 impressisset,
3691 3609 3853 3679 jussit
3872 3626 3997 3666 eum

2428 3694 2616 3748 deinde
2644 3710 2856 3749 manere
2878 3711 3086 3749 secure.
3129 3698 3260 3750 Cum
3291 3709 3462 3752 autem
3512 3696 3796 3766 aliquando
3834 3716 3999 3769 panes

2428 3784 2478 3840 ei
2502 3786 2817 3841 defecissent
2846 3787 2900 3841 in
2942 3789 3214 3855 spelunca,
3248 3790 3542 3845 adventans
3583 3793 3809 3861 angelus
3840 3794 3896 3849 in
3934 3795 3996 3846 fi-

2428 3892 2555 3945 gura
2587 3877 2762 3931 fratris
2783 3877 2831 3932 ei
2853 3880 3026 3932 attulit
3054 3880 3436 3935 nutrimentum

2500 3989 2699 4042 Rursus
2726 4000 2901 4044 autem
2930 3992 3104 4059 ipsum
3134 3992 3416 4060 aliquando
3444 4003 3742 4060 quzerentes
3785 3994 3984 4050 fratres

2428 4080 2614 4133 decem
2663 4096 2905 4145 numero,
2938 4083 3189 4135 errabant
3241 4098 3335 4150 per
3374 4084 3741 4150 solitudinem,
3765 4090 3998 4156 septimo

2426 4170 2533 4236 jam
2557 4171 2640 4223 die
2664 4169 2828 4238 jejuni
2863 4185 3263 4239 permanentes;
3292 4188 3411 4225 cum
3432 4188 3555 4227 vero
3573 4190 3664 4227 eos
3684 4175 3995 4241 inveniaset,

2424 4260 2652 4327 jttssitin
2678 4261 2929 4326 spelunca
2959 4262 3253 4329 quiescere,
3287 4263 3360 4315 illi
3390 4278 3515 4317 vero
3541 4279 3660 4317 eum
3697 4266 3868 4320 victus
3896 4269 3997 4321 ad-

2430 4358 2767 4403 monuerunt.
2790 4348 2879 4403 Ille
2901 4352 2988 4419 qui
3014 4352 3101 4402 nili
3128 4352 3140 4403 Ι
3170 4352 3395 4405 habebat
3420 4353 3560 4419 quod
3583 4355 3659 4406 eis
3681 4355 3997 4424 apponeret,

2430 4438 2564 4491 dixit
2586 4438 2665 4492 eis
2699 4454 2713 4493 :
2746 4439 2939 4495 Potens
2963 4449 3045 4492 est
3070 4440 3210 4493 Deus
3230 4456 3462 4494 mensam
3488 4458 3669 4510 parare
3686 4444 3737 4497 in
3759 4445 3996 4501 desert".

2431 4528 2616 4581 Statim
2672 4539 2846 4581 autem
2897 4529 3110 4596 quidam
3163 4529 3474 4583 adolescens
3514 4532 3581 4585 de
3613 4547 3843 4597 pontone
3869 4534 3998 4603 ipsis

2434 4620 2705 4673 orantibus
2734 4618 2963 4687 pulsavit
3004 4618 3164 4671 fores.
3192 4616 3326 4673 Cum
3368 4628 3542 4673 autem
3568 4622 3889 4687 aperuisset,
3924 4624 3997 4674 vi-

2432 4709 2624 4761 derunt
2684 4710 3072 4762 adolescentem
3122 4708 3401 4761 habentem
3457 4723 3699 4776 magnam
3759 4725 3999 4779 apertam

2436 4801 2583 4868 panis
2608 4810 2659 4853 et
2684 4800 2960 4852 olivarum.
2989 4798 3055 4852 iis
3094 4808 3269 4852 autem
3313 4801 3595 4869 susceptis,
3629 4802 3995 4867 comederunt,

2438 4891 2541 4942 Deo
2557 4898 2771 4957 agentes
2785 4888 3001 4956 gratias,
3018 4903 3135 4941 cum
3157 4889 3463 4943 adolescens
3479 4901 3657 4944 statim
3672 4894 3998 4949 evanuisset.

2436 4980 2557 5033 "me
2580 4990 2632 5034 et
2654 4982 2753 5032 alia
2778 4980 2937 5033 multa
2962 4981 3211 5034 miracula
3233 4996 3354 5034 cum
3384 4981 3535 5036 nobis
3557 4993 3824 5038 narrasset
3842 4985 4002 5041 Pater

2439 5072 2663 5138 Copres,
2695 5085 2892 5135 nosque
2918 5070 3144 5138 benigne
3180 5082 3233 5124 et
3262 5071 3559 5125 humaniter
3589 5082 3888 5141 tractasset,
3921 5074 4002 5127 in.

2440 5162 2587 5214 duxit
2638 5162 2689 5213 in
2732 5176 2883 5213 suum
2915 5160 3142 5225 hortum,
3172 5162 3455 5214 ostendens
3484 5162 3637 5214 nobis
3684 5161 3925 5228 palmas,
3949 5177 4003 5219 et

2435 5252 2563 5303 alias
2592 5251 2807 5303 arbores
2850 5249 3125 5318 frugiferas
3153 5266 3283 5317 quas
3315 5251 3424 5318 ipse
3452 5252 3702 5318 plantavit
3733 5254 3783 5306 in
3812 5255 4002 5308 solitu~

2436 5341 2575 5404 diue,
2600 5342 2897 5393 adttmnitus
2919 5355 2947 5391 a
2980 5342 3083 5393 fide
3106 5343 3443 5404 rusticorum,
3476 5342 3666 5408 quibus
3688 5342 3819 5395 dixit
3852 5360 3868 5395 :
3901 5343 4001 5398 Po-

2436 5443 2538 5487 test
2568 5434 2829 5487 desertum
2860 5433 3060 5489 fructus
3088 5434 3378 5501 producere
3404 5434 3467 5486 iis
3495 5433 3583 5501 qui
3614 5436 3770 5489 fidem
3803 5435 4003 5491 habent

2435 5526 2485 5576 in
2523 5525 2702 5577 Deum.
2732 5524 3011 5590 Postquam
3036 5525 3175 5577 enim
3200 5524 3327 5589 vidi,
3347 5524 3521 5577 aiebat
3542 5539 3634 5579 eos
3660 5526 3747 5591 qni
3780 5540 4000 5581 arenam

2435 5616 2840 5679 seminaverant,
2871 5624 2925 5668 et
2962 5630 3145 5669 eorum
3172 5630 3356 5684 agrum
3399 5617 3621 5669 fructum
3652 5618 3858 5684 tulisse,
3883 5618 4005 5689 ipse

2436 5722 2643 5777 queque
2674 5707 2811 5763 idem
2835 5722 3132 5777 aggressus,
3163 5707 3300 5762 idem
3323 5721 3439 5763 sum
3473 5719 3811 5764 consecutus.
