4258 6360
362 394 492 460 1161

1571 403 1936 466 HISTORIA
1974 407 2362 474 LAUSIACA.

3454 415 3585 479 1162

356 512 513 572 λάκις
563 510 864 599 ἡγούμενος
901 511 993 599 ἐπὶ
1023 513 1173 582 τρεῖς
1219 514 1433 583 ἡμέρας
1476 517 1805 586 παραδίδωσι
1830 520 1930 590 τήν
1956 518 2530 594 Δταπεινοφροσύνην
2575 525 2742 581 αὐτοῦ
2788 526 3075 599 Θαυμάσας
3132 528 3226 581 καὶ
3288 527 3584 597 εὐτέλειαν,

357 600 557 666 ψυχήν.
607 599 719 667 Τήν
753 598 807 649 δὲ
838 598 998 662 εὐθὺς
1026 600 1245 666 ἄγγελοι
1277 600 1663 669 ὑποδεξάμενοι
1709 606 1803 657 καὶ
1837 624 1928 674 χο.

361 687 443 754 pol
475 686 789 756 μαρτύρων,
823 688 903 749 είς
946 686 1208 757 οὐρανοὺς
1234 689 1435 758 ἀνῆγον
1468 674 1645 743 αὐτῶν
1673 690 1925 761 ὁρώντων

360 774 453 827 καὶ
476 774 781 827 ἀκουόντων
812 774 937 837 τοὺς
968 774 1189 842 ὕμνους.

943 863 1190 916 ΚΕΦΑΛ.
1248 862 1375 916 ΝΘ’.

806 950 945 1016 Περὶ
1003 947 1177 1005 Ἀϐϐἆ
1222 949 1468 1019 Ἐλιῆνκ

430 1038 622 1101 Ἀλλος
649 1036 706 1090 δέ
738 1054 819 1100 τις
848 1038 1037 1108 Πατὴρ
1090 1037 1277 1103 Ἀϐϐά,
1342 1039 1533 1111 Ἐλλῆν
1567 1042 1918 1113 καλούμενος,

356 1126 612 1180 παιδόθεν
644 1125 744 1193 τὴν
766 1124 966 1196 ἀρετὴν
1005 1123 1335 1192 ἐξασκήσας,
1366 1130 1478 1189 τοῖς
1501 1128 1725 1197 πλησίον
1756 1134 1919 1186 αὐτοῦ

356 1215 601 1281 ἀδελφοῖς
631 1214 891 1274 πολλάκις
928 1210 1039 1281 πῦρ
1086 1213 1145 1264 ἐν
1179 1212 1366 1281 κόλπῳ
1399 1213 1715 1281 ἐϐάσταζεν,
1744 1220 1921 1288 ἐρεθί-

352 1301 463 1363 ζων
490 1301 689 1363 αὐτοὺς
716 1299 1029 1368 προϐαίνειν
1071 1298 1151 1360 είς
1187 1298 1442 1362 ἐπίδειξιν
1484 1301 1594 1355 τῶν
1646 1305 1914 1374 σημείων,

351 1391 527 1457 λέγων
545 1389 750 1452 αὐτοῖς,
781 1390 842 1442 El
870 1388 1013 1441 κατὰ
1057 1386 1314 1456 ἀλήθειαν
1344 1390 1585 1455 ἀσκεῖτε,
1614 1392 1682 1444 τά
1717 1397 1917 1464 σημεῖα

351 1479 536 1533 λοιπὸν
555 1479 655 1549 τῆς
679 1480 883 1548 ἀρετῆς
909 1477 1270 1543 ἐπιδείξασθε.
1296 1478 1518 1532 Ἀλλοτε
1541 1481 1597 1534 δὲ
1616 1482 1765 1552 αὐτῷ
1795 1486 1916 1539 καθ’

352 1567 544 1620 ἐαυτὸν
564 1566 861 1635 γενομένῳ,
890 1566 948 1618 ἐν
970 1567 1035 1634 τῇ
1062 1565 1283 1634 ἐρήμῳ,
1310 1567 1366 1618 ἐν
1386 1566 1648 1639 ἐπιθυμίᾳ
1679 1570 1912 1639 μέλιτος,

348 1655 512 1716 εὐθὺς
572 1654 627 1706 δὲ
690 1654 792 1705 ὑπὸ
847 1654 1053 1723 πέτραν
1110 1653 1280 1722 κηρία
1335 1653 1673 1723 εὑράμενος,
1724 1661 1909 1728 φησὶν,

355 1742 591 1795 ’Δπελθε
618 1742 714 1794 ἀπ’
753 1739 913 1810 ἐμοῦ,
947 1742 979 1810 ή
1033 1740 1332 1805 ἀκόλαστος
1379 1743 1644 1812 ἐπιθυμία
1666 1760 1679 1773 ·
1713 1748 1913 1816 γέγρα-

2028 607 2211 661 εῖπετο
2243 608 2392 679 αὐτῷ
2441 610 2654 666 ἀπιόντι
2688 615 2767 678 εἰς
2810 614 2901 669 τὸν
2932 616 3195 685 ποταμόν.
3235 615 3323 680 Ὦς
3370 618 3425 669 δὲ
3455 618 3588 688 πόρ-

2026 692 2188 763 θμιον
2228 696 2325 766 οὐχ
2371 689 2551 766 εὖρον,
2600 701 2782 771 φωνὴν
2819 701 3043 771 ἀφίησιν
3091 704 3119 755 ὀ
3148 702 3321 766 ἀϐϐάς
3377 697 3591 770 Ἐλλῆν,

2026 784 2501 854 προσκαλούμενος
2547 788 2638 840 τὸν
2685 788 3041 859 κροκόδειλον.
3091 789 3153 845 Ὀ
3179 791 3237 844 δὲ
3283 793 3443 855 εὐθὺς
3478 794 3584 847 ὐπ-

2024 870 2259 935 ακούσας
2290 872 2478 941 αὐτοῦ,
2510 875 2693 945 παρῆν
2750 877 2840 930 τὸν
2874 877 3041 931 νῶτον
3074 878 3579 949 ὀποστρωσάμενος.

2034 958 2215 1023 Ἦξίου
2238 961 2294 1014 δὲ
2322 961 2412 1014 τὸν
2433 964 2800 1034 πρεσϐύτερον
2825 966 3178 1035 συνεπιϐῆναι
3194 968 3361 1037 αὐτῷ.
3380 969 3584 1040 Ἔμφοο

2022 1046 2116 1111 6ος
2142 1048 2200 1102 δέ
2219 1049 2508 1119 γενόμενος
2537 1051 2741 1114 ἐκεῖνος
2775 1053 3131 1123 συνεωρακὼς
3160 1055 3223 1107 τὺ
3249 1055 3454 1127 θηρίον,
3490 1057 3583 1109 ἐπὶ

2020 1137 2088 1189 τὰ
2135 1135 2358 1190 δπισθεν
2387 1137 2678 1207 ὑπεχώρει.
2724 1139 2810 1201 Ὠς
2841 1140 2898 1192 δὲ
2948 1140 3153 1209 θάμϐος
3190 1142 3344 1211 ἔσχεν
3396 1144 3580 1207 αὐτὸν,

2019 1225 2115 1277 καὶ
2137 1224 2263 1286 τοὺς
2294 1225 2589 1294 ἀντιπέραν
2606 1224 2887 1288 οἰκοῦντας
2907 1226 3192 1293 ἀδελφοὺς,
3214 1228 3579 1298 θεασαμένους

2016 1312 2215 1371 αὐτοὺς
2244 1313 2341 1363 σὺν
2368 1312 2445 1380 τῷ
2500 1313 2673 1381 θηρίῳ
2705 1313 2797 1365 τὸν
2827 1314 2992 1380 πόρον
3048 1314 3577 1383 διαπορθμεύσαντα,

2016 1396 2254 1451 ἀνελθὼν
2300 1400 2379 1461 είς
2419 1399 2519 1468 τὴν
2560 1399 2729 1469 ξηρὰν
2776 1402 3223 1455 συνεπεσπάσατο
3255 1403 3316 1455 τδ
3359 1402 3577 1472 θηρίον’

2016 1485 2270 1539 τεθνάναι
2306 1485 2478 1554 λέγων
2533 1478 2682 1543 αὐτῶ
2739 1487 2979 1554 ἄμεινον,
3028 1488 3122 1540 καὶ
3170 1490 3429 1559 κερδάναι
3473 1490 3581 1543 τῶν

2015 1571 2402 1642 ἀναιρεθεισῶν
2439 1572 2629 1643 ψυχῶν
2672 1574 2770 1642 τὴν
2800 1573 2973 1643 δίκην.
3017 1574 3090 1626 Τὸ
3143 1575 3197 1628 δὲ
3243 1577 3580 1647 παραχρῆμα

2016 1661 2178 1713 πεσὸν
2209 1662 2453 1730 ἐξέψυξε.

2086 1750 2582 1819 Προσκαρτερήσας
2640 1748 2698 1800 δέ
2735 1749 2946 1817 ἡμέρας
3003 1751 3151 1817 τρεῖς
3188 1752 3301 1813 τοῖς
3334 1751 3579 1819 ἀδελφοῖς

349 1850 481 1886 πται
525 1832 654 1902 γὰρ,
683 1831 986 1899 ,Πνεύματι
1032 1833 1421 1899 περιπατεῖτε,
1466 1833 1561 1884 καὶ
1620 1834 1915 1904 ἐπιθυμίαν
1948 1851 1987 1905 Β
2017 1836 2250 1907 ἐκάθητο
2278 1836 2546 1889 διδάσκων
2596 1836 2793 1896 αὐτοὺς
2825 1836 2921 1897 τὰς
2951 1835 3190 1897 ἐντολὰς,
3227 1837 3319 1889 καὶ
3351 1837 3418 1890 τὰ
3449 1840 3577 1892 ἑκά-

348 1922 551 1991 σαρκὸς
576 1924 635 1971 οὐ
676 1918 749 1989 μὴ
777 1917 1052 1987 τελέσητε,
1085 1919 1178 1971 καὶ
1215 1919 1528 1972 καταλιπὼν
1575 1921 1713 1973 αὐτά
1739 1922 1911 1992 ἀπηλ-

345 2010 507 2079 λάγη.
547 2009 686 2077 Ἤδη
717 2007 771 2060 δὲ
810 2006 976 2059 αὐτοῦ
1027 2008 1084 2060 ἐν
1118 2008 1183 2076 τῇ
1207 2007 1400 2077 ἐρήμῳ
1432 2009 1581 2077 τρεῖς
1610 2008 1911 2078 ἑϐδομάδας

345 2096 715 2166 νηστεύοντος.
755 2094 977 2163 ὀπώρας
1022 2093 1197 2163 εὑρὼν
1230 2095 1587 2165 ἐρριμμένας,
1632 2092 1804 2150 εἶπενο
1832 2100 1907 2151 Οὐ

346 2186 421 2255 μὴ
461 2185 642 2252 φάγω,
688 2182 809 2234 οὐδὲ
840 2181 1066 2250 άψωμαί
1094 2197 1239 2243 τινος
1270 2181 1327 2246 ἐξ
1366 2182 1565 2245 αὐτῶν,
1597 2182 1681 2235 ἵνα
1711 2183 1784 2255 μὴ
1812 2187 1906 2237 τὸν

341 2272 571 2341 ἀδελφόν
635 2286 737 2338 μου
770 2268 1135 2329 σκανδαλίσω.
1189 2268 1430 2320 τουτέστι
1464 2268 1559 2337 τὴν
1588 2267 1784 2339 ψυχήν.
1816 2272 1908 2324 Γέ-

341 2377 584 2429 γραπται
617 2358 745 2427 γὰρ,
776 2356 889 2408 Οὐκ
918 2355 1009 2408 ἐπὶ
1054 2356 1227 2425 τροφῇ
1274 2354 1406 2425 μόνῃ
1445 2355 1666 2424 ζήσεται
1701 2358 1908 2426 ἀνθρω-

342 2465 463 2509 πος.
487 2446 808 2517 Νηστεύσας
828 2444 887 2498 δὲ
913 2444 1005 2502 καὶ
1032 2443 1199 2513 ἄλλην
1241 2444 1534 2513 ἑϐδομάδα,
1556 2446 1781 2517 ’ὕστερον
1804 2437 1909 2500 ἀπ-

340 2534 602 2599 ενύσταξε
620 2548 640 2567 ο
662 2532 755 2586 καὶ
771 2530 947 2601 εὑρὼν
978 2532 1008 2584 ὀ
1032 2531 1264 2599 ἄγγελος
1286 2532 1404 2584 κατ’
1428 2532 1583 2602 ὄναρ,
1618 2535 1753 2603 φησὶ
1776 2538 1910 2603 πρὸς

339 2621 524 2688 αὐτὸν,
573 2618 835 2681 Ἀναστὰς
882 2616 953 2671 τὰ
975 2618 1339 2688 εὑρισκόμενα
1370 2619 1530 2686 φάγε.
1568 2619 1627 2672 ⁸0
1662 2620 1718 2673 δέ
1759 2622 1911 2688 ἐξαν-

339 2709 493 2778 έστη,
522 2708 615 2762 καὶ⁵
647 2705 831 2777 κύκλῳ
868 2704 1328 2776 περιϐλεπόμενος
1352 2707 1452 2777 ὁρᾷ
1470 2706 1656 2777 πηγὴν
1684 2708 1909 2779 βοτάνας

337 2795 616 2867 τρυφερᾶς
664 2793 849 2862 κύκλῳ
898 2793 1297 2863 βλαστήσασαν.
1346 2794 1702 2865 Μετειληφὼς
1732 2798 1789 2851 δὲ
1816 2800 1909 2853 τοῦ

340 2884 507 2937 πότου
534 2884 628 2935 καὶ
673 2882 775 2948 τῆς
832 2881 1038 2950 τροφῆς
1071 2881 1183 2933 τῶν
1237 2880 1507 2949 λαχάνων,
1545 2882 1911 2940 διεϐεϐαιοῦτο

341 2968 509 3037 μηδὲν
538 2964 794 3036 ήδύτερον
824 2964 1003 3017 αὐτῶν
1033 2964 1254 3017 πώποτε
1289 2964 1609 3032 γεύσασθαι.
1640 2969 1911 3039 Σπήλαιον

336 3056 395 3108 δὲ
426 3052 602 3123 εὑρὼν
635 3052 832 3122 μικρὸν
885 3052 945 3105 ἐν
986 3050 1064 3120 τῷ
1096 3051 1266 3120 τόπῳ,
1313 3051 1529 3119 ἔμεινεν
1560 3055 1677 3107 ἐκεῖ
1722 3057 1910 3125 ὀλίγας

336 3143 552 3233 ἡμέρας
581 3143 786 3233 ἀσιτο-ς.
825 3140 913 3203 Ὠς
935 3139 1435 3233 δξλοιπδνλτροφῆς
1475 3143 1672 3209 ἐδέετο,
1711 3145 1900 3211 κλίνας
1933 3178 1974 3233 C

337 3232 405 3284 τά
431 3230 635 3298 γόνατα
683 3228 904 3298 ηὔχετο.
975 3228 1149 3292 Εὐθὺς
1195 3227 1251 3280 δέ
1287 3230 1437 3298 αὐτῷ
1482 3233 1659 3287 πάντα
1692 3236 1759 3288 τὰ
1796 3236 1905 3290 τῶν

339 3317 638 3386 βρωσίμων
668 3317 1019 3386 παρέκειντο,
1050 3316 1143 3369 καὶ
1170 3315 1325 3386 ἄρτοι
1350 3316 1560 3387 θερμοὶ,
1590 3320 1684 3373 καὶ
1704 3322 1903 3391 ἐλαῖαι,

338 3406 433 3458 καὶ
460 3405 653 3475 ὀπώρα
679 3422 765 3466 τις
801 3404 1074 3474 διάφορος.

420 3490 792 3559 Ἐπεσκέψατο
829 3490 886 3542 δέ
914 3505 1043 3543 ποτε
1081 3489 1206 3552 τοὺς
1266 3489 1462 3543 ἑαυτοῦ
1502 3492 1784 3563 ἀδελφοὺς,
1815 3495 1908 3559 οὒς

338 3578 437 3630 καὶ
493 3577 665 3631 πολλὰ
699 3576 1027 3645 νουθετήσας
1080 3575 1175 3630 ἐπὶ⁷
1224 3576 1323 3645 τὴν
1376 3577 1580 3648 ἑρημον
1629 3579 1904 3647 ἔσπευδεν,

336 3652 799 3734 ἐπικομιζόμενός
828 3681 949 3717 τινα
965 3664 1072 3716 τῶν
1114 3665 1195 3727 είς
1227 3664 1325 3727 τὰς
1356 3666 1540 3735 χρείας
1567 3667 1903 3737 ἐπιτηδείων.

348 3755 495 3807 Ἰδὼν
537 3754 593 3807 δὲ
655 3755 919 3821 ὀνάγρους
970 3753 1123 3815 τινὰς
1176 3752 1532 3823 βοσκομένας,
1584 3757 1716 3825 φησὶ
1772 3759 1909 3826 πρὸς

335 3844 504 3904 αὐτάς
528 3858 544 3874 ο
579 3842 668 3894 Ἐν
706 3842 933 3911 ὀνόματι
962 3841 1057 3893 τοῦ
1085 3841 1320 3911 Χριστοῦ
1344 3843 1524 3910 ἡκέτω
1560 3845 1655 3913 μία
1678 3844 1736 3908 ἐξ
1757 3845 1908 3914 ὑμῶν

336 3929 710 3998 ὑποδεξαμένη
750 3946 849 3996 μου
878 3928 940 3979 τὸ
981 3928 1166 3997 βάρος.
1214 3926 1277 3981 Ἦ
1307 3928 1364 3980 δὲ
1409 3929 1569 3992 εὐθὺς
1619 3933 1707 3983 ἐπ’
1748 3934 1909 3987 αὐτὸν

334 4020 617 4088 ὥρμησεν.
681 4015 922 4077 Ἐπιθεὶς
959 4014 1015 4067 δὲ
1052 4015 1285 4084 αὐτῇτά
1318 4016 1508 4085 σκεύη,
1543 4019 1636 4071 καὶ
1663 4021 1908 4075 ἐπικαθίο

338 4118 460 4165 σας,
490 4101 549 4151 ἐν
583 4098 879 4166 μονημέρῳ
901 4098 993 4149 ἐπὶ
1015 4097 1075 4149 τὸ
1101 4096 1363 4166 σπήλαιον
1382 4098 1601 4166 ἔφθασε.
1627 4102 1911 4165 Διαθέντος

333 4188 391 4241 δὲ
421 4184 587 4239 αὐτοῦ
618 4184 745 4246 τούς
770 4184 969 4251 ἄρτους
998 4185 1093 4236 καὶ
1122 4184 1220 4246 τὰς
1273 4184 1492 4253 ὀπώρας
1524 4188 1581 4240 ἐν
1628 4188 1706 4257 τῷ
1752 4190 1906 4259 ἡλίῳ,

333 4273 498 4347 ἦλθεν
524 4276 608 4328 ἐπ’
633 4274 791 4336 αὐτὰ,
821 4274 894 4336 ὡς
926 4273 1045 4335 ἐθος
1074 4269 1162 4343 ἦν,
1192 4274 1260 4326 τὰ
1285 4274 1446 4342 θηρία
1473 4276 1563 4327 ἐπὶ
1587 4275 1683 4346 τὴν
1706 4277 1906 4347 πηγὴν,

335 4365 431 4417 καὶ
462 4362 716 4431 ἁψάμενα
752 4363 910 4429 μόνον
928 4361 1034 4411 τῶν
1067 4359 1247 4427 ἀρτων
1267 4358 1566 4427 ἀπέψυξαν.

408 4448 746 4519 Παραϐαλὼν
795 4448 849 4500 δὲ
906 4448 1043 4517 πρός
1099 4462 1252 4507 τινας
1304 4448 1569 4517 μοναχοὺς
1620 4449 1903 4519 Κυριακῆς

332 4534 522 4605 οῦσης,
558 4535 709 4601 ἐλεγε
746 4534 879 4603 πρὸς
914 4531 1107 4595 αὐτούς
1132 4549 1145 4564 ο
1178 4531 1242 4583 Τί
1278 4530 1341 4601 δὴ
1372 4534 1611 4603 σήμερον
1651 4536 1748 4604 τὴν
1778 4538 1901 4590 σύν-

333 4624 456 4687 αξιν
501 4625 601 4677 οὐκ
642 4623 1031 4687 ἐπιτελέσατε;
1065 4620 1185 4672 Τῶν
1218 4620 1275 4672 δὲ
1300 4622 1617 4688 φασκόντων
1664 4624 1737 4694 μὴ
1782 4626 1905 4695 ἐλη-

332 4710 552 4763 λυθέναι
570 4710 804 4781 πέρηθεν
828 4709 918 4762 τὸν
940 4708 1307 4779 πρεσϐύτερον
1322 4726 1335 4739 ·
1364 4710 1516 4777 ἔλεγε
1536 4711 1670 4781 πρὸς
1692 4712 1903 4775 αὐτούς·

345 4796 626 4853 Ἀπελθὼν
656 4797 869 4850 καλέσω
895 4797 1078 4851 αὐτόν.
1112 4798 1173 4849 Ol
1196 4795 1250 4849 δέ
1283 4796 1522 4865 ἔφασκον
1550 4798 1623 4868 μὴ
1652 4798 1907 4852 δύνασθαί

334 4903 462 4938 τινα
502 4885 805 4938 διαϐαίνειν
846 4886 935 4938 τὸν
972 4888 1137 4955 πόρον
1170 4884 1257 4937 διὰ
1286 4884 1344 4936 τὸ
1385 4884 1567 4954 βάθος.
1614 4886 1770 4938 Ἀλλὰ
1800 4889 1906 4958 γάρ

332 4973 431 5025 καὶ
463 4970 652 5042 θηρίον
698 4973 956 5042 μέγιστον
994 4970 1181 5037 ελεγον
1211 4966 1349 5022 εἶναι
1394 4972 1451 5023 ἐν
1494 4969 1571 5040 τῷ
1602 4970 1749 5041 τόπῳ
1778 4989 1907 5040 κρο-

334 5060 580 5112 κόδειλόν
620 5078 765 5124 τινα,
813 5058 1043 5121 πολλοὺς
1073 5057 1393 5129 ἀνθρώπους
1426 5058 1905 5111 καταναλώσαντα.

345 5145 405 5198 Ὀ
436 5145 493 5198 δὲ
528 5145 602 5215 μὴ
636 5145 930 5214 μελλήσας,
960 5145 1120 5208 εὐθὺς
1153 5146 1388 5207 ἀναστὰς
1412 5145 1669 5215 ὥρμησεν
1700 5147 1792 5198 ἐπὶ
1818 5146 1909 5198 τὸν

334 5232 529 5299 πόρον,
580 5234 672 5285 καὶ
724 5232 885 5295 εὐθὺς
933 5232 1093 5285 αὐτὸν
1139 5232 1198 5284 τὸ
1238 5232 1423 5301 θηρίον
1469 5233 1560 5283 ἐπὶ
1609 5231 1702 5283 τοῦ
1739 5233 1907 5285 νώτου

340 5321 743 5391 ὑποδεξάμενον
796 5324 874 5382 εἰς
919 5320 978 5371 τό
1020 5321 1191 5389 πέραν
1230 5320 1689 5388 ἀποκατέστησεν,
1721 5320 1907 5390 Εὐρὼν

336 5407 395 5461 δὲ
418 5408 509 5459 τὸν
532 5409 901 5478 πρεσϐύτερον
933 5410 989 5461 ἐν
1006 5407 1081 5479 τῷ
1104 5407 1309 5478 χωρίῳ,
1336 5408 1633 5478 παρεκάλει
1659 5406 1734 5478 μή
1763 5425 1909 5478 περιο

338 5495 470 5547 ιδεῖν
541 5498 639 5563 τὴν
711 5497 1067 5566 ἀδελφότητα.
1128 5496 1273 5548 Ἰδὼν
1342 5494 1398 5549 δὲ
1462 5496 1624 5549 αὐτὸν
1706 5498 1908 5557 ἐκεῖνος

340 5581 509 5654 ῥάκος
534 5582 879 5653 ἐνδεδυμένον
909 5584 1273 5654 πολύῤῥαφον,
1310 5585 1442 5654 παρ’
1473 5584 1639 5636 αὐτοῦ
1673 5583 1907 5635 ἐπυνθά-

336 5686 482 5732 νετο,
512 5671 675 5724 πόθεν
704 5671 809 5742 ἄρα
836 5672 893 5725 τὸ
928 5673 1093 5743 ῥάκος
1126 5671 1416 5741 ἐκέκτητο⁶
1444 5669 1707 5734 ἐπειπὼν,
1762 5672 1907 5723 Κάλ-

337 5756 521 5811 λιστον
573 5746 719 5830 ἔχεις
754 5760 967 5829 ἱμάτιον
1021 5761 1118 5830 τῆς
1169 5760 1364 5829 ψυχῆς,
1420 5760 1635 5828 ἀδελφέ.
1694 5760 1805 5829 Τὴν
1851 5761 1904 5813 δὲ

2011 1942 2137 1977 στου
2193 1925 2250 1976 ἐν
2281 1921 2511 1992 κρυπτῷ
2554 1922 2898 1991 βουλεύματα
2941 1923 3187 1991 φανερῶς
3219 1924 3574 1991 ἐξαγγέλλων.

2011 2012 2114 2063 Τὸν
2165 2011 2277 2081 μὲν⁸
2320 2010 2423 2061 ὑπὸ
2480 2008 2736 2073 πορνείας
2785 2008 3114 2077 ἐνοχλεῖσθαι
3154 2011 3345 2077 λέγων,
3383 2012 3471 2064 τὸν
3523 2015 3575 2065 δὲ

2010 2098 2113 2152 ὑπὸ
2162 2097 2487 2161 κενοδοξίας,
2536 2096 2693 2150 ἄλλον
2742 2096 2844 2148 ὑπὸ
2892 2097 3125 2165 τρυφῆς,
3162 2097 3348 2167 ἕτερον
3378 2098 3430 2150 δὲ
3475 2099 3580 2151 ὑπὸ

2009 2187 2201 2256 ὀργῆς,
2228 2187 2321 2239 καὶ
2349 2186 2409 2238 ὃν
2435 2186 2532 2255 μὲν
2558 2185 2754 2254 πρᾶον,
2781 2184 2839 2236 ὃν
2862 2184 2916 2237 δέ
2946 2186 3218 2254 εἰρηνικὸν
3241 2187 3576 2254 ἀπεφήνατο,

2010 2273 2105 2325 καὶ
2127 2272 2218 2324 τοῦ
2252 2271 2350 2340 μὲν
2367 2270 2464 2339 τὴν
2495 2270 2714 2333 κακίαν,
2740 2269 2834 2323 τοῦ
2851 2271 2906 2323 δὲ
2929 2272 3027 2333 τὰς
3045 2272 3575 2342 άρετὰςέξελέγχων.

2022 2360 2333 2422 Ἀκούοντες
2388 2359 2444 2412 δέ
2489 2358 2661 2412 ταῦτα
2718 2356 3029 2427 ἐθαύμαζον
3076 2360 3320 2427 λέγοντες
3364 2361 3578 2431 ἀληθῶς

2008 2447 2180 2508 οὕτως
2235 2442 2398 2499 εἰναι.
2460 2443 2595 2499 Εἷπε
2640 2445 2697 2498 δὲ
2755 2446 2892 2515 πρὸς
2944 2446 3176 2509 αὐτούς’
3224 2448 3578 2517 Ἑτοιμάσατε

2010 2537 2139 2603 ἡμῖν
2185 2534 2427 2603 λάχανα⁶
2500 2533 2808 2586 ἐλεύσονται
2862 2534 2971 2603 γὰρ
3044 2536 3283 2605 σήμερον
3335 2536 3577 2601 πλείονες

2010 2620 2230 2689 ἀδελφοὶ
2280 2621 2417 2691 πρὸς
2444 2622 2615 2689 ἡμᾶς.
2668 2622 2731 2673 Ol
2763 2620 2819 2672 δὲ
2875 2622 2949 2683 ὡς
2980 2620 3058 2674 ἑτι
3089 2622 3416 2691 ηὐτρέπιζον
3454 2624 3576 2676 ἐπι-

2012 2711 2254 2765 στάντων
2278 2708 2385 2762 τῶν
2413 2709 2687 2777 ἀδελφῶν,
2717 2709 2980 2779 ἀλλήλους
3011 2710 3338 2778 ἠσπάζοντο.

2092 2797 2273 2861 Ἦξίου
2289 2797 2347 2849 δέ
2366 2814 2451 2859 τις
2477 2798 2657 2851 αὐτῶν
2681 2797 2791 2850 τῶν
2816 2799 3081 2867 ἀδελφῶν,
3106 2800 3411 2867 συνδιάγειν
3430 2800 3578 2870 αὐτῷ

2009 2885 2070 2936 ἐν
2101 2885 2167 2953 τῇ
2221 2884 2417 2952 ἐρήμῳ
2470 2882 2816 2951 βουλόμενος.
2869 2884 3133 2952 Λέγοντος
3170 2885 3225 2937 δέ
3281 2884 3447 2938 αὐτοῦ
3502 2887 3577 2957 μή

2010 2971 2270 3027 δύνασθαι
2294 2972 2618 3040 ὑπενεγκεῖν
2638 2972 2765 3035 τοὺς
2785 2975 3127 3044 πειρασμοὺς
3149 2973 3259 3028 τῶν
3283 2974 3576 3044 δαιμόνων,

2026 3060 2460 3129 φιλονεικότερον
2490 3061 2696 3123 ἐκεῖνος
2723 3060 3013 3125 διατεθεὶς,
3045 3063 3225 3114 πάντα
3259 3062 3580 3129 ὑπενεγκεῖν

2012 3146 2402 3215 ἐπηγγέλλετο.
2428 3146 2541 3199 Καὶ
2569 3146 2632 3217 δὴ
2666 3146 3063 3216 ὑποδεξάμενος
3096 3148 3261 3202 αὐτὸν
3283 3150 3365 3211 είς
3393 3148 3579 3218 ἓτερον

2010 3235 2275 3300 σπήλαιον
2292 3234 2465 3285 οἰκεῖν
2484 3232 2897 3301 παρεκελεύετο.
2929 3236 3345 3299 Ἐπιστάντεςδέ
3365 3236 3580 3305 νύκτωρ

2007 3325 2056 3375 οἰ
2104 3320 2357 3387 δαίμονες
2411 3318 2626 3386 πνίγειν
2656 3320 2819 3373 αὐτὸν
2877 3321 3217 3391 ἐπεχείρουν,
3257 3323 3320 3375 τὸ
3361 3322 3579 3392 πρῶτον

2008 3408 2253 3475 αἰσχροῖς
2294 3405 2578 3473 λογισμοῖς
2629 3405 2828 3466 ἱκανῶς
2859 3406 3306 3477 διαταράξαντες.
3351 3409 3580 3477 Ἐκδρα-

2012 3494 2127 3562 μὼν
2179 3492 2236 3544 δέ
2292 3493 2501 3553 ἐκεῖνος
2544 3489 2613 3543 τὰ
2662 3491 2947 3559 συμϐάντα
3000 3493 3271 3563 ἐπήγγελε
3318 3492 3396 3563 τῷ
3435 3492 3578 3547 ἀϐϐἄ

2024 3578 2257 3645 Ἑλλῆνι.
2288 3579 2360 3629 [ιε
2371 3576 2668 3646 ριχαράξας
2692 3579 2749 3630 δέ
2768 3580 2975 3641 ἐκεῖνος
2993 3578 3085 3631 τὸν
3111 3579 3299 3644 τόπον,
3324 3580 3577 3635 ἐκέλευσε

2006 3667 2068 3721 τὸ
2105 3666 2292 3718 λοιπὸν
2324 3664 2463 3733 μετά
2482 3663 2667 3725 ἀδείας
2703 3665 2887 3734 μένειν
2912 3666 3097 3721 αὐτόν.

2083 3755 2298 3824 Ἀρτων
2332 3751 2388 3803 δέ
2434 3750 2631 3813 αὐτούς
2682 3769 2813 3805 ποτε
2844 3753 3204 3806 ἐπιλιπόντων
3242 3754 3300 3807 ἐν
3324 3752 3404 3824 τῷ
3435 3769 3577 3823 σπη-

2008 3841 2167 3909 λαίῳ,
2200 3837 2429 3899 ἐπιστὰς
2461 3837 2695 3905 ἄγγελος
2720 3841 2779 3891 ἐν
2798 3838 3030 3908 ἀδελφοῦ
3060 3841 3299 3909 σχήματι
3324 3840 3577 3911 ἐκόμιζεν

2009 3928 2192 3987 αὐτοῖς
2212 3926 2312 3993 τὴν
2333 3923 2562 3993 τροφήν.
2594 3923 2818 3977 Ἀλλοτε
2845 3925 2900 3977 δέ
2921 3926 3303 3995 ἐπιζητοῦντες
3331 3927 3495 3981 αὐτὸν
3522 3929 3574 3979 οἰ

2008 4013 2229 4081 ἀδελφοὶ
2260 4011 2393 4063 δέκα
2422 4010 2512 4063 τὸν
2540 4011 2793 4081 ἀριθμὸν,
2827 4011 3123 4076 ἐπλάζοντο
3150 4013 3289 4066 κατά
3326 4013 3423 4084 τὴν
3451 4013 3578 4084 ἐρη-

2014 4118 2112 4170 μον
2141 4100 2372 4168 ἑϐδόμην
2406 4097 2619 4168 ἡμέραν
2668 4098 2842 4153 ἄσιτοι
2886 4098 3277 4164 διατελοῦντες.
3311 4099 3500 4172 Εὐρὼν
3520 4101 3575 4153 δέ

2010 4188 2207 4247 αὐτοὺς
2233 4187 2481 4237 ἐκέλευεν
2512 4184 2890 4237 ἀναπαύεσθαι
2922 4185 2980 4236 ἐν
3014 4185 3089 4254 τῷ
3123 4186 3389 4255 σπηλαίῳ.
3430 4187 3493 4237 Ut
3521 4186 3585 4239 δὲ’

2014 4274 2088 4337 ὡς
2146 4271 2465 4341 ὐπέμνησαν
2515 4271 2644 4341 περὶ
2689 4269 2921 4337 διαίτης,
2978 4271 3183 4333 ἐκεῖνος
3230 4273 3394 4341 μηδὲν
3439 4270 3575 4342 ἔχων

2012 4360 2353 4428 παραθεῖναι,
2416 4358 2569 4423 ἔλεγε
2621 4356 2758 4427 πρὸς
2803 4357 3020 4419 αὐτοὺς,
3076 4358 3310 4419 Δυνατός
3375 4360 3575 4411 ἐστινό

2012 4445 2142 4505 Θεὸς
2191 4444 2478 4513 ἑτοιμάσαι
2519 4441 2799 4513 τράπεζαν
2827 4445 2884 4497 ἐν
2908 4444 3121 4515 ἐρήμῳ.
3176 4440 3348 4509 Εὐθὺς
3382 4444 3438 4498 δέ
3471 4445 3577 4515 πρὸ

2007 4532 2183 4602 θυρῶν
2234 4534 2365 4595 παῖς
2423 4548 2506 4595 τις
2558 4531 2723 4593 καλὸς
2774 4531 2986 4593 νεανίας
3034 4531 3303 4602 ἐπέμενε,
3366 4532 3577 4603 κρούων

2012 4620 2327 4688 εὐχομένων
2358 4618 2558 4671 αὐτῶν.
2608 4617 2940 4682 Ἀνοίξαντες
2971 4618 3028 4670 δέ
3057 4611 3195 4670 είδον
3223 4619 3314 4671 τὸν
3336 4618 3572 4683 νεανίαν,

2008 4708 2238 4777 σπυρίδα
2311 4705 2551 4775 μεγάλην
2615 4705 2817 4774 μεστὴν
2872 4704 3051 4775 ἄρτων
3124 4722 3181 4757 τε
3236 4706 3330 4759 καὶ
3381 4699 3575 4760 ἐλαιῶν

2007 4779 2229 4863 ἔχοντα’·
2276 4790 2661 4859 ὑποδεξάμενοι
2694 4791 2749 4843 δέ
2782 4792 2923 4845 αὐτὰ
2954 4791 3384 4861 μετελάμϐανον,
3416 4793 3578 4861 εὐχα-

2011 4879 2316 4951 ριστοῦντες
2365 4878 2441 4948 τῷ
2483 4878 2691 4947 Κυρίῳ,
2738 4879 2831 4931 τοῦ
2893 4878 3081 4941 παιδὸς
3129 4877 3289 4941 εὐθὺς
3340 4879 3577 4949 ἀφανοῦς

2006 4970 2315 5039 γενομένου.
2359 4966 2543 5019 Ταῦτά
2574 4982 2632 5018 τε
2665 4966 2758 5018 καὶ
2802 4965 2935 5019 ἄλλα
2980 4966 3201 5019 πλείονα
3236 4966 3524 5037 θαυμαστά
3550 4970 3577 5020 ὀ

2008 5056 2188 5125 πατὴρ
2224 5055 2448 5125 Κοπρῆς
2490 5056 2622 5123 ἠμῖν
2656 5053 3077 5123 ὐφηγησάμενος
3109 5055 3204 5108 καὶ
3248 5054 3575 5125 φιλοφρονη-

2010 5144 2242 5211 σάμενος
2291 5143 2438 5211 ἡμᾶς
2495 5139 2639 5193 κατά
2680 5140 2899 5210 τρόπον,
2934 5142 3012 5203 εἰς
3055 5142 3147 5194 τὸν
3178 5141 3368 5195 ἐαυτοῦ
3401 5142 3578 5211 κῆπον

2007 5231 2288 5298 εἰσήγαγε,
2327 5228 2585 5281 δεικνύων
2631 5228 2763 5296 ἡμῖν
2809 5227 3077 5294 φοίνικας,
3112 5227 3206 5279 καὶ
3249 5227 3383 5281 ἄλλα
3426 5228 3546 5282 ὀπω

2010 5319 2155 5387 ρικά,
2193 5318 2335 5386 άπερ
2386 5317 2548 5378 αὐτὸς
2584 5318 2640 5367 ἐν
2684 5317 2749 5383 τῇ
2781 5317 2969 5385 ἐρήμῳ
3020 5315 3313 5382 ἐφύτευσεν
3342 5316 3447 5369 ὑπὸ
3478 5320 3575 5388 τῆς

2005 5405 2112 5456 τῶν
2139 5405 2413 5473 ἀγροίκων
2436 5406 2671 5464 πίστεως
2704 5402 3090 5473 ὑπομνησθείς.
3121 5402 3261 5472 Πρὸς
3277 5402 3369 5466 οὒς
3398 5400 3574 5469 εἶπεν,

2006 5493 2085 5543 ὄτι
2117 5492 2348 5544 Δύναται
2381 5491 2475 5543 καί⁸
2502 5492 2533 5559 ή
2567 5488 2769 5559 ἔρημος
2802 5488 3218 5558 καρποφορῆσαι
3252 5491 3363 5552 τοῖς
3395 5490 3574 5559 ἔχουσι

2008 5579 2189 5632 πίστιν
2244 5581 2323 5640 εἰς
2354 5578 2445 5631 τὸν
2476 5576 2626 5630 Θεόν.
2678 5577 2764 5638 Ὠς
2803 5575 2908 5646 γὰρ
2939 5570 3101 5639 εἶδον,
3158 5577 3343 5645 φησὶν,
3380 5577 3575 5640 αὐτοὺς

2008 5668 2105 5734 τὴν
2134 5665 2361 5735 ψάμμον
2398 5664 2749 5734 σπείραντας,
2774 5664 2867 5716 καὶ
2910 5663 3008 5732 τὴν
3030 5660 3212 5731 χώραν
3233 5663 3411 5717 αὐτῶν
3441 5682 3564 5735 καρσ

2011 5758 2370 5828 ποφοροῦσαν,
2400 5754 2553 5825 κάγὼ
2577 5756 2635 5809 τὸ
2659 5755 2789 5809 αὐτὸ
2815 5755 3172 5823 ἐπιχειρήσας
3197 5756 3474 5825 ἐπέτυχον.
