4258 6360
721 412 856 476 “63

1246 524 1639 580 ΚΕΦᾹΛᾹΙΟΝ
1684 519 1761 575 ε’.

806 615 947 684 Περί
978 615 1082 668 τοῦ
1124 613 1272 668 άόὄᾶ.
1318 612 1578 679 Ἀπέλλη
1608 610 1715 663 τοῦ
1744 606 2176 677 πρεσϐυτέρου.

793 705 999 775 Ἰδομεν
1033 705 1088 756 δὲ
1112 704 1207 757 καὶ
1235 703 1423 773 ἓτερον
1449 701 1824 772 πρεσϐύτερον
1870 699 1927 750 ἐν
1954 699 2065 756 τοῖς
2100 693 2292 763 μέρεσι

717 798 830 856 τοῖς
864 792 1177 862 ἀνωτέροις,
1225 792 1452 860 ὀνόματι
1499 788 1787 856 Ἀπέλλην,
1843 785 2010 854 ἄνδρα
2060 784 2289 843 δίκαιον,

717 884 818 953 τὴν
873 879 1239 952 χαλκευτικὴν
1283 880 1481 949 τέχνην
1535 876 1753 947 πρῶτον
1806 873 2152 943 μετελθόντα,
2199 872 2291 923 καὶ

718 970 932 1025 ἐκεῖθεν
965 971 1045 1032 είς
1078 971 1310 1036 ἄσκησιν
1330 967 1609 1037 τραπέντα
1632 982 1646 994 ·
1674 964 1732 1027 ὃς
1758 962 2006 1022 ἐλθόντος
2036 959 2168 1012 ποτέ
2195 958 2291 1011 τοῦ

717 1060 965 1114 διαϐόλου
1010 1058 1147 1128 πρὸς
1176 1058 1340 1110 αὑτὸν
1371 1058 1427 1108 ἐν
1453 1053 1752 1123 γυναικείῳ
1792 1054 2060 1122 σχήματι,
2092 1050 2166 1112 ὡς
2192 1049 2292 1113 τὰς

721 1149 910 1219 χρείας
938 1148 1046 1199 τῶν
1081 1145 1329 1217 μοναχῶν
1368 1144 1651 1215 χαλκεύων
1680 1142 1999 1210 ἐτύγχανεν,
2037 1139 2293 1210 ἁρπάσας

720 1241 785 1291 ἐκ
814 1237 910 1290 τοῦ
955 1236 1129 1306 πυρὸς
1181 1233 1578 1305 πεπυρωμένον
1618 1234 1679 1286 τὸ
1720 1233 1967 1301 σιδήριον
2014 1235 2078 1301 τῇ
2125 1230 2290 1299 χειρὶ,

720 1326 808 1379 διὰ
844 1324 1079 1392 σπουδῆς
1113 1324 1174 1376 τὸ
1223 1323 1513 1392 πρόσωπον
1546 1322 1716 1390 αὐτῆς
1752 1323 1871 1375 ὅλον
1896 1321 1992 1374 καὶ
2024 1319 2086 1373 τὸ
2132 1318 2292 1386 σῶμα

721 1414 1077 1467 κατέκαυσεν.
1109 1412 1218 1464 Καὶ
1236 1414 1434 1482 ἢκουον
1462 1410 1665 1482 ταύτης
1688 1413 1735 1486 οξ
1763 1410 1980 1477 ἀδελφοὶ
2009 1405 2292 1469 ὀλολυςού-

724 1518 823 1569 σης
857 1502 914 1552 ἐν
942 1498 1020 1569 τῷ
1045 1499 1239 1567 κελλίῳ
1260 1516 1273 1529 ο
1306 1499 1366 1562 ἐξ
1391 1498 1600 1552 ἐκείνου
1625 1498 1810 1550 λοιπὸν
1838 1498 1865 1548 6
1895 1498 2034 1565 ἀνὴρ
2062 1494 2291 1547 πάντοτε

720 1588 782 1638 τὸ
813 1587 1053 1657 σιδήριον
1086 1589 1152 1656 τῇ
1198 1586 1339 1656 χειρὶ
1390 1590 1584 1656 κρατεῖ
1625 1584 2147 1653 πεπυρακτωμένον,
2197 1580 2293 1633 καὶ

726 1675 799 1744 μὴ
828 1674 1199 1743 βλαπτόμενος
1225 1692 1235 1703 ·
1264 1675 1321 1738 ὃς
1350 1677 1497 1743 ἡμᾶς
1512 1675 1847 1743 φιλοφρόνως
1870 1672 2287 1738 ὑποδεξάμενος.

722 1760 851 1827 περὶ
914 1760 1024 1812 τῶν
1060 1762 1156 1812 σὺν
1217 1760 1365 1828 αύτῷ
1420 1761 1727 1830 γενομένων
1776 1759 2036 1826 ἀξιοθέων
2081 1757 2292 1828 ἀνδρῶν

722 1848 1003 1917 ὑφηγεῖτο,
1036 1846 1117 1900 ὅτι
1146 1845 1244 1899 νῦν
1268 1848 1589 1915 περιόντων.

1270 1934 1522 1986 ΚΕΦΑΛ.
1575 1932 1695 1986 ΞΝ.

1145 2020 1284 2087 Περὶ
1316 2019 1463 2074 άόσᾶ
1516 2019 1817 2073 Ἰωάννου.

796 2109 975 2171 Ἔστι,
1010 2108 1197 2177 φησὶν,
1228 2111 1285 2161 ἐν
1317 2111 1383 2178 τῇ
1417 2109 1609 2177 ἐρήμῳ
1636 2106 1807 2176 ταύτῃ
1837 2105 2065 2174 ἀδελφὸς
2095 2103 2296 2174 ἡμέτε-

725 2215 818 2268 ρος
861 2199 1138 2265 Ἰωάννης.
1171 2198 1337 2266 ἄλλης
1374 2197 1472 2265 μὲν
1494 2197 1680 2249 λοιπὸν
1708 2197 1923 2265 ἡλικίας
1962 2197 2169 2256 πάντας
2199 2194 2298 2263 μὲν

722 2288 849 2348 τοὺς
901 2285 997 2337 νῦν
1049 2287 1316 2353 μοναχοὺς
1360 2287 1479 2347 ταῖς
1534 2285 1755 2352 ἀρεταῖς
1824 2283 2199 2353 ὑπερϐάλλων,
2238 2283 2297 2336 ὃν

725 2374 899 2434 οὐδεὶς
922 2373 1129 2440 ταχέως
1161 2372 1343 2441 εὑρεῖν
1369 2372 1613 2433 δύναται,
1632 2371 1720 2423 διὰ
1742 2371 1801 2423 τδ
1830 2372 1916 2422 ἀεὶ
1950 2371 2297 2439 μεταϐαίνειν

725 2461 889 2514 αὑτὸν
913 2460 1079 2512 τόπον
1105 2462 1167 2511 ἐκ
1192 2460 1359 2512 τόπου
1386 2460 1444 2511 ἐν
1473 2462 1541 2528 τῇ
1575 2460 1785 2527 ἐρήμῳ.
1814 2454 1980 2519 Οὑτος
1994 2458 2058 2509 τὸ
2082 2460 2299 2528 πρῶτον

726 2546 902 2610 ἐστὼς
934 2548 1025 2600 ἐπὶ
1061 2547 1237 2616 τρισὶν
1280 2546 1456 2599 ἐτεσιν
1496 2546 1600 2597 ὑπὸ
1625 2547 1832 2613 πέτραν
1875 2546 1997 2599 τινά
2044 2546 2295 2612 πάντοτε,

726 2634 1186 2704 προσευχόμενος,
1217 2634 1484 2685 διετέλεσε
1518 2632 1591 2701 μὴ
1636 2633 1865 2694 καθίσας
1898 2633 2038 2694 ὅλος,
2083 2633 2157 2702 μὴ
2186 2649 2297 2683 κοι-

731 2722 947 2793 μηθεὶς,
976 2721 1091 2774 ἀλλ’
1126 2724 1248 2774 ὅσον
1275 2721 1445 2784 ἑστὼς
1467 2720 1563 2773 τοῦ
1594 2719 1765 2773 ὕπνου
1794 2719 1953 2787 μόνον
1982 2718 2295 2788 ἀφήρπαζε,

728 2812 794 2880 τῇ
839 2811 1092 2880 Κυριακῇ
1138 2810 1295 2879 μόνον
1330 2810 1428 2878 τῆς
1458 2808 1809 2878 εὐχαριστίας
1842 2806 2296 2875 μεταλαμϐάνων,

727 2900 822 2952 τοῦ
879 2899 1251 2970 πρεσϐυτέρου
1310 2897 1459 2967 αύτῷ
1516 2895 1906 2965 ἀποφέροντος,
1966 2896 2093 2949 άλλο
2148 2896 2299 2948 ούδέν

727 2990 967 3059 διῃτᾶτο.
994 2988 1103 3041 Καὶ
1129 2989 1194 3058 δὴ
1218 2988 1346 3055 μιᾶς
1369 2986 1476 3039 τῶν
1492 2986 1717 3055 ἡμερῶν
1742 3001 1986 3053 μετασχη
1997 2985 2301 3053 ματισάμε-

728 3094 817 3139 νος
848 3077 1038 3128 ἑαυτὸν
1066 3076 1095 3126 ὀ
1127 3075 1369 3135 Σατανᾶς
1402 3074 1482 3133 είς
1510 3073 1601 3124 τὸν
1626 3072 1997 3141 πρεσϐύτερον
2018 3072 2299 3140 ταχυτέρω

729 3165 867 3233 πρὸς
894 3164 1054 3217 αὐτὸν
1090 3164 1300 3224 ἄπεισι,
1352 3160 1819 3231 προσποιούμενος
1850 3158 1998 3230 αύτῷ
2044 3159 2142 3227 τὴν
2181 3176 2297 3211 κοι-
2326 3194 2369 3253 c

730 3255 926 3302 νωνίαν
956 3249 1271 3303 ἐπιδιδόναι.
1318 3248 1604 3315 Ἐπιγνοὺς
1647 3248 1705 3298 δέ
1734 3247 1899 3299 αὐτὸν
1946 3249 1977 3298 ὀ
2029 3247 2297 3314 μακάριος

742 3337 997 3406 Ἰωάννης
1021 3331 1140 3390 εἷπε
1160 3335 1296 3406 πρὸς
1322 3330 1582 3397 αὑτὸνῘΩ
1605 3334 1805 3398 παντὸς
1826 3334 1978 3386 δόλου
2004 3335 2097 3385 καὶ
2120 3335 2299 3402 πάσης

732 3425 1081 3497 ῥᾳδιουργίας
1120 3424 1318 3494 πάτερ,
1366 3424 1528 3493 ἐχθρέ
1576 3423 1756 3491 πάσης
1811 3422 2181 3492 δικαιοσύνης,
2237 3422 2298 3473 οὐ

729 3514 891 3567 παύει
937 3513 1163 3568 ἀπατῶν
1195 3514 1294 3575 τὰς
1349 3512 1457 3565 τῶν
1504 3511 1847 3581 Χριστιανῶν
1901 3511 2113 3580 ψυχάς,
2167 3509 2301 3563 ἀλλά

727 3601 932 3670 τολμᾷς
967 3602 1061 3652 καὶ
1091 3602 1274 3662 αὐτοῖς
1304 3599 1561 3668 ἐπιϐῆναι
1607 3600 1721 3661 τοῖς
1767 3599 2055 3668 ἀχράντοις
2090 3614 2299 3666 μυστη-

732 3689 903 3757 ρίοις;
953 3692 1011 3743 '0
1040 3691 1097 3743 δὲ
1146 3690 1280 3758 πρὸς
1311 3688 1473 3741 αὑτὸν
1517 3688 1872 3757 ἀπεκρίνατο’
1908 3689 2063 3757 Παρὰ
2110 3688 2302 3757 μικρὸν

728 3778 996 3847 ἐκέρδησα
1028 3778 1092 3831 άν
1128 3794 1188 3829 σε
1220 3776 1563 3830 καταλαϐών.
1592 3776 1749 3829 υῦτω
1781 3778 1887 3844 γάρ
1926 3776 2019 3829 καί
2047 3794 2168 3828 τινα
2194 3777 2301 3828 τῶν

731 3865 839 3917 σῶν
871 3863 1119 3933 ἀδελφῶν
1159 3864 1539 3932 ἀπεπλάνησα,
1596 3866 1690 3916 καὶ
1738 3863 1973 3931 ἔκφρονα
2013 3865 2305 3931 γενόμενον

728 3958 808 4017 είς
841 3955 1036 4023 μανίαν
1064 3954 1364 4020 ἐπήγαγον.
1408 3952 1580 4023 ’Υπὲρ
1602 3948 1662 4005 οὗ
1688 3952 1870 4004 πολλοὶ
1904 3952 2103 4003 δίκαιοι
2134 3950 2303 4005 πολλά

730 4041 1161 4110 προσευξάμενοι
1211 4039 1363 4107 μόλις
1410 4040 1638 4107 ίσχυσαν
1700 4038 1861 4090 αὑτὸν
1918 4040 1996 4099 είς
2043 4037 2303 4107 φρόνησιν

727 4133 973 4198 ἀγαγεῖν.
1032 4130 1141 4179 Καὶ
1191 4126 1365 4179 ταῦτα
1426 4126 1597 4179 εἰπὼν
1647 4128 1675 4180 6
1736 4127 1945 4195 δαίμων
1992 4127 2086 4180 ἀπ’
2136 4125 2301 4179 αὑτοῦ

726 4216 1016 4287 ἀπηλλάγη
1028 4256 1040 4269 .

797 4306 1215 4375 Διαρῤαγέντων
1250 4303 1304 4355 δέ
1335 4302 1499 4356 αὑτοῦ
1526 4304 1631 4356 τῶν
1662 4303 1839 4358 ποδῶν
1886 4313 1948 4357 ἐκ
1978 4304 2077 4373 τῆς
2108 4305 2303 4373 ἀκινη-

730 4394 848 4455 σίας
874 4392 968 4443 τοῦ
1006 4391 1201 4443 πολλοῦ
1226 4392 1439 4459 χρόνου,
1476 4391 1567 4441 καὶ
1598 4391 1705 4442 τῶν
1726 4391 1937 4460 ἰχώρων
1966 4392 2303 4460 προερχομέ-

2168 396 2254 455 PA
2266 392 2519 452 LLADII

2324 510 2371 566 Δ
2405 510 2806 579 μοναστηρίων,
2831 512 2914 565 δτι
2943 515 3089 579 τινές
3116 516 3301 570 αὐτῶν
3332 516 3432 571 οὐκ
3465 519 3631 589 ὀρθήν
3660 517 3847 589 ἔχουσι
3875 538 3979 573 πο-

3833 394 3973 463 ιιθι

2404 599 2612 650 λιτείαν
2640 618 2651 628 ·
2682 602 2775 653 καὶ⁸
2815 605 3021 672 γράφει
3066 610 3234 660 πᾶσιν
3263 610 3554 679 ἐπιστολὴν
3583 610 3674 662 διὰ
3705 609 3802 662 τοῦ
3844 628 3985 680 πρε-

2394 689 2683 762 σϐυτέρου,
2722 694 2803 746 ὃτι
2834 696 2884 746 οἱ
2927 697 3027 765 μέν
3052 714 3205 761 τινες
3232 700 3592 769 ρᾳθυμοῦσιν,
3622 703 3671 752 οί
3704 701 3762 754 δὲ
3810 702 3986 753 σπεύ-

2392 778 2541 831 δουσι
2602 781 2740 849 πρὸς
2790 786 3014 853 ἀρετήν.
3083 787 3193 839 Καὶ
3264 788 3463 857 εὑρέθη
3522 788 3752 857 ἀλήθεια
3804 787 3985 850 οὕτως

2392 867 2610 936 ἔχουσα.
2651 869 2855 937 Γράφει
2905 872 2964 925 δέ
3001 873 3094 926 καὶ
3132 878 3249 939 τοῖς
3278 876 3581 945 Πατράσιν,
3612 876 3694 928 ὅτι
3745 876 3891 937 τινές
3920 875 3984 940 ἐξ

2391 956 2571 1008 αὐτῶν
2596 956 2922 1027 ὀλιγωροῦσι
2948 962 3079 1032 περὶ
3109 965 3207 1033 τῆς
3242 963 3355 1016 τῶν
3377 964 3624 1033 ἀδελφῶν
3658 964 3943 1033 σωτηρίας
3963 977 3980 991 ⁸

2392 1044 2543 1097 ἄλλοι
2584 1046 2641 1097 δὲ
2683 1046 2889 1110 ἱκανῶς
2944 1051 3366 1119 παρακαλοῦσι·
3412 1053 3509 1105 καὶ
3543 1051 3829 1121 ἑκατέρων
3878 1051 3984 1114 τὰς

2390 1133 2557 1201 τιμάς
2584 1135 2676 1186 καὶ
2716 1135 2816 1198 τὰς
2842 1136 3097 1202 κολάσεις
3138 1140 3499 1210 ἀπήγγειλεν.
3534 1140 3647 1194 Καὶ
3685 1139 3852 1194 πάλιν
3880 1138 3984 1192 άλ-

2392 1221 2519 1285 λους
2562 1222 2701 1290 πρὸς
2735 1224 2837 1293 τὴν
2877 1226 3222 1297 τελειοτέραν
3267 1230 3604 1289 κατάστασιν
3638 1225 3984 1299 προσκαλούο

2396 1326 2578 1377 μενος,
2629 1311 3083 1381 ὑπεμίμνησκεν,
3132 1314 3242 1367 άπό
3293 1316 3402 1368 τῶν
3445 1315 3727 1386 αἰσθητῶν
3762 1316 3844 1377 είς
3879 1314 3985 1385 τὴν

2392 1398 2579 1465 νόησιν
2612 1397 2938 1469 ἀναχωρεῖν.
2974 1401 3181 1470 Καιρδς
3213 1405 3323 1471 γάρ
3367 1402 3554 1455 λοιπὸν
3575 1404 3676 1474 τὴν
3717 1402 3986 1473 τοιαύτην

2392 1486 2732 1549 ἐνδείξασθαι
2772 1488 3071 1544 πολιτείαν.
3129 1490 3205 1542 Οὐ
3249 1490 3359 1559 γὰρ
3396 1492 3621 1555 παῖδες,
3670 1492 3829 1561 φησι,
3886 1491 3987 1543 καὶ

2392 1576 2576 1642 νήπιοι
2603 1577 2695 1629 τὸν
2722 1577 2902 1630 πάντα
2937 1578 3129 1647 χρόνον
3170 1578 3461 1649 ὀφείλομεν
3502 1580 3801 1647 διαμένειν,
3861 1578 3984 1632 ἀλλ’

2393 1664 2494 1731 ἤδη
2522 1666 2633 1725 τοῖς
2676 1664 3039 1734 τελειοτέροις
3087 1665 3391 1720 ἐπιϐαίνειν
3428 1667 3703 1736 νοήμασι,
3742 1666 3838 1719 καὶ
3878 1666 3983 1733 τῆς

2393 1750 2647 1820 ἀνδρείας
2721 1751 3034 1821 ἐφάψασθαι
3084 1754 3179 1806 καὶ
3231 1756 3351 1816 ταῖς
3424 1753 3715 1821 μεγίσταις
3752 1755 3982 1824 ἀρεταῖς

2324 1862 2367 1917 Β
2398 1842 2674 1910 ἐπιϐῆναι.
2716 1840 2903 1893 Ταῦτα
2948 1841 3045 1893 καὶ
3074 1844 3279 1893 τούτων
3314 1841 3534 1892 πλείονα
3557 1842 3587 1892 6
3624 1841 3816 1910 Πατὴρ
3848 1840 3983 1909 περὶ

2398 1927 2490 1979 τοῦ
2522 1927 2711 1996 ἀνδρός
2736 1928 3011 1995 διηγεῖτο·
3052 1927 3198 1998 άπερ
3226 1927 3295 1979 δι’
3342 1927 3652 1997 ὑπερϐολὴν
3702 1927 3983 1996 θαύματος

2398 2014 2614 2066 ᾶπαντα
2644 2015 2745 2066 οὐκ
2779 2015 3099 2083 ἐγράψαμεν
3124 2028 3139 2043 ο
3165 2014 3265 2083 οὑχ
3290 2014 3371 2065 ὅτι
3400 2014 3502 2066 οὐκ
3522 2009 3592 2083 ἦν
3620 2012 3821 2082 ἀληθῆ,
3844 2011 3985 2066 ἀλλά

2394 2100 2482 2153 διὰ
2511 2103 2612 2172 τήν
2644 2118 2805 2153 τινων
2831 2102 3113 2155 ἀπιστίαν.
3151 2100 3343 2171 Ἦμεῖς
3375 2101 3433 2153 δέ
3471 2101 3671 2163 ἱκανῶς
3701 2101 3983 2169 πεπληρο-

2396 2190 2683 2259 φορήμεθα
2723 2190 2935 2243 πολλῶν
2964 2191 3060 2243 καὶ
3100 2190 3353 2261 μεγάλων
3405 2190 3476 2244 τά
3534 2191 3677 2245 αὑτά
3712 2191 3848 2261 ἡμῖν
3896 2190 3983 2243 δι-

2396 2276 2735 2347 ηγουμένων,
2768 2277 2861 2330 καὶ
2888 2278 3077 2341 αὐταῖς
3106 2278 3292 2347 ὂψεσιν
3319 2279 3668 2349 ἑωρακότων.

2941 2366 3192 2420 ΚΕΦΑΔ.
3239 2365 3358 2420 EB’.

2775 2453 2915 2522 Περὶ
2942 2452 3094 2508 ἁϐϐᾶ
3135 2456 3539 2523 Παφνουτιου.

2480 2540 2861 2608 Ἐθεασάμεθα
2889 2542 2946 2593 δέ
2978 2542 3073 2596 καὶ
3098 2542 3288 2613 ἕτερον
3314 2543 3480 2596 τόπον
3508 2542 3853 2612 Παφνουτίου
3883 2542 3984 2596 τοῦ

2396 2628 2783 2698 ἀναχωρητοῦ,
2824 2629 3016 2700 ἀνδρὸς
3062 2632 3302 2699 μεγάλου
3351 2632 3446 2684 καὶ
3490 2632 3748 2701 ἐναρέτου
3773 2648 3789 2663 ·
3834 2630 3893 2692 ὀς
3918 2630 3985 2683 οὐ

2398 2717 2507 2787 πρὸ
2535 2716 2735 2769 πολλοῦ
2761 2733 2908 2780 τινος
2938 2718 3133 2788 χρόνου
3168 2719 3463 2790 ἐτελειώθη
3494 2722 3553 2774 ἐν
3581 2724 3650 2792 τῇ
3684 2720 3985 2791 περιχώρῳ

2410 2804 2723 2873 Ἡρακλέως
2776 2806 2878 2876 τῆς
2933 2806 3234 2875 Θηϐάῖδος·
3285 2809 3415 2878 περὶ
3470 2800 3532 2861 οὗ
3586 2809 3776 2862 πολλοὶ
3808 2808 3988 2861 πολλά

2398 2892 2743 2963 διηγήσαντο.

2954 2980 3209 3036 ΚΕΦΑΔ.
3266 2984 3383 3039 ΞΓ.

2895 3072 3037 3138 Περὶ
3061 3073 3463 3142 σαλπιγκτοῦ.

2473 3150 2644 3219 Οὗτος
2678 3156 2820 3227 μετὰ
2856 3158 3059 3228 πολλὴν
3093 3160 3329 3230 ἄσκησιν
3363 3161 3543 3215 δέεται
3581 3162 3677 3215 τοῦ
3714 3161 3851 3216 Θεοῦ
3875 3163 3989 3217 τίνι

2401 3242 2511 3296 τῶν
2546 3245 3011 3315 κατορθωσάντων
3033 3249 3203 3315 ἁγίων
3228 3251 3338 3319 ἀρα
3360 3251 3445 3317 είη
3480 3252 3683 3317 ὅμοιος.
3713 3253 3986 3319 Ἀγγελος

2401 3335 2459 3387 δὲ
2496 3337 2684 3405 ὀφθεὶς
2716 3334 2874 3391 εἶπεν
2934 3341 3085 3411 αύτῷ
3106 3358 3121 3371 ο
3155 3342 3379 3411 Ὄμοιος
3414 3336 3464 3393 εἷ
3490 3340 3626 3409 τῷδε
3662 3340 3740 3409 τῷ
3768 3342 3984 3412 αὐλητῇ

2402 3424 2479 3495 τῷ
2503 3428 2560 3478 ὲν
2608 3428 2735 3496 τῇδε
2788 3430 2854 3499 τῇ
2892 3430 3045 3482 πόλει
3091 3430 3357 3497 διάγοντι.
3392 3429 3452 3482 Ὀ
3481 3431 3537 3483 δὲ
3578 3430 3715 3498 μετὰ
3744 3432 3987 3500 σπουδῆς

2403 3514 2654 3580 ὁρμήσας
2698 3514 2834 3583 πρὸς
2855 3516 3041 3581 αὑτὸν,
3068 3517 3297 3570 ἐπύθετο
3333 3518 3468 3587 παρ’
3496 3517 3662 3570 αὐτοῦ
3686 3518 3785 3587 τὴν
3816 3518 3989 3571 αὑτοῦ

2407 3598 2676 3662 πολιτίαν,
2714 3602 2809 3653 καὶ
2848 3603 2947 3664 τάς
2980 3606 3213 3673 πράξεις
3256 3606 3421 3657 αὐτοῦ
3463 3606 3799 3674 διερευνᾶτο.
3846 3606 3906 3657 '0
3930 3607 3989 3658 δέ

2405 3687 2539 3754 φησὶ
2564 3688 2698 3756 πρὸς
2742 3690 2927 3754 αὑτὸν,
2960 3692 3097 3761 ὅπερ
3131 3694 3226 3745 καὶ
3272 3689 3337 3763 ἧν
3393 3693 3612 3759 ἀληθὲς,
3654 3695 3991 3763 ἁμαρτωλὸν

2405 3775 2601 3826 ἐαυτὸν
2624 3773 2762 3827 εἶναι
2792 3778 2887 3829 καὶ
2926 3779 3181 3846 μέθυσον,
3219 3784 3314 3833 καὶ
3338 3782 3556 3851 πόρνον,
3579 3784 3640 3834 ού
3661 3783 3765 3850 πρὸ
3783 3782 3990 3835 πολλοῦ

2402 3878 2546 3922 τινος
2574 3864 2767 3930 χρόνου
2792 3868 2855 3917 ἐκ
2875 3865 2972 3933 τῆς
2993 3866 3292 3935 λῃστρικῆς
3320 3870 3396 3929 είς
3416 3868 3573 3920 τοῦτο
3598 3867 3985 3937 μεταϐληθείς.

2420 3947 2506 4009 Ὠς
2550 3949 2605 4000 δὲ
2636 3951 2959 4019 ἠκριϐεύετο
3000 3955 3130 4020 παρ’
3156 3954 3344 4017 αὑτοῦ,
3384 3955 3435 4005 τί
3478 3955 3584 4007 τῶν
3616 3955 3797 4007 καλῶν
3836 3956 3991 4025 αὐτῷ

2406 4035 2740 4105 κατώρθωτό
2769 4038 3011 4103 πώποτε,
3036 4040 3205 4109 ἔφησε
3240 4041 3375 4111 πρὸς
3407 4042 3568 4093 αὑτὸν
3599 4044 3765 4112 μηδὲν
3796 4043 3989 4111 ἕτερον

2404 4128 2580 4197 ἐαυτῷ
2618 4129 2780 4180 καλὸν
2826 4130 3146 4191 συνειδέναι,
3195 4129 3333 4199 πλὴν
3366 4131 3446 4181 ὃτι
3494 4131 3623 4181 ποτὲ
3675 4133 3732 4182 ἐν
3776 4132 3855 4200 τῷ
3889 4131 3989 4203 λη⁸

2406 4236 2465 4269 στ
2479 4220 2617 4289 ρικῷ
2643 4222 2793 4289 τόπῳ
2825 4220 3085 4287 ὑπάρχων
3114 4220 3383 4288 παρθένον
3419 4220 3655 4288 Χριστοῦ
3682 4221 3990 4289 μέλλουσαν

2405 4308 2510 4360 ὑπὸ
2540 4309 2751 4377 λῃστῶν
2784 4308 3174 4377 διαφθαρῆναι,
3219 4308 3460 4371 ἐξείλατο
3487 4310 3699 4371 νυκτὸς,
3728 4310 3822 4361 καὶ
3853 4312 3986 4379 ἄχρι

2403 4397 2502 4465 τῆς
2528 4397 2718 4465 κώμης
2741 4394 3207 4463 ἀποκατέστησεν.
3232 4396 3454 4447 ’Λλλοτε
3484 4395 3539 4447 δέ
3566 4395 3726 4448 πάλιν
3746 4401 3986 4462 γυναῖκα

729 4499 853 4544 νων,
892 4479 1119 4541 ἐπιστάς
1151 4478 1378 4545 ἅγγελος
1426 4480 1603 4547 ἥψατο
1654 4480 1746 4531 τοῦ
1809 4482 2092 4547 στόματος,
2154 4479 2301 4548 αύτῷ
2336 4522 2378 4575 υ
2410 4484 2684 4552 εὔμορφον
2738 4481 2913 4551 εὑρὼν
2983 4482 3344 4551 πλανωμένην
3398 4482 3539 4533 κατά
3590 4483 3688 4549 τὴν
3752 4482 3983 4553 ἔρημον,

729 4568 921 4634 λέγων,
971 4567 1026 4619 Ὀ
1059 4566 1265 4635 Κύριος
1300 4565 1450 4616 ἔσται
1487 4583 1565 4617 σοι
1608 4566 1813 4635 ἀληθὴς
1862 4567 2084 4635 βρῶσις,
2115 4568 2206 4617 καὶ
2236 4567 2295 4617 τὸ

731 4656 956 4725 Πνεῦμα
999 4656 1060 4707 τὸ
1094 4655 1247 4721 ἅγιον
1282 4654 1476 4722 ἀληθὲς
1515 4656 1685 4723 πόμα.
1714 4657 1820 4707 Καὶ
1856 4657 2017 4723 ἀρκεῖ
2054 4674 2132 4705 σοι
2162 4654 2297 4714 τέως

729 4746 761 4811 ἡ
784 4743 1125 4812 πνευματικὴ
1143 4744 1295 4804 πόσις
1313 4743 1402 4793 καὶ
1420 4743 1613 4811 τροφὴ,
1640 4745 1724 4794 ἵνα
1744 4744 1815 4811 μὴ
1836 4744 2092 4815 πλησθεὶς
2115 4741 2300 4808 ἐξεμέ-

731 4847 864 4903 σῃς·
914 4833 1006 4883 καὶ
1038 4829 1387 4899 θεραπεύσας
1416 4831 1576 4881 αὑτὸν
1613 4832 1941 4903 μετέστησεν
1974 4834 2033 4881 ἐκ
2076 4831 2168 4881 τοῦ
2209 4830 2297 4880 τό-

730 4937 853 4971 που.
902 4920 1066 4987 Διῆγε
1108 4918 1331 4970 δὲκατά
1365 4917 1463 4985 τὴν
1511 4917 1713 4986 ἔρημον
1761 4916 1943 4968 λοιπὸν
1998 4920 2295 4986 περιάγων,

731 5008 823 5059 καὶ
854 5006 1049 5059 ἐσθίων
1081 5006 1331 5074 βοτάνας.
1365 5003 1441 5073 Τῇ
1475 5007 1727 5073 Κυριακῇ
1780 5006 1833 5056 δέ
1867 5009 1944 5067 είς
2002 5007 2093 5056 τὸν
2138 5006 2299 5057 αὑτὸν

730 5095 890 5145 τόπον
959 5094 1253 5161 ηὑρίσκετο
1329 5093 1427 5159 τῆς
1483 5093 1767 5153 κοινωνίας
1842 5092 2298 5161 μεταλαμϐάνων,

730 5182 869 5232 Baio.
906 5180 961 5232 δέ
1000 5180 1153 5245 ὀλίγα
1201 5179 1349 5248 παρά
1380 5178 1471 5229 τοῦ
1512 5179 1879 5248 πρεσϐυτέρου
1916 5181 2296 5249 αίτησάμενος,

732 5266 904 5333 ζώνας
936 5269 1044 5327 τοῖς
1074 5265 1231 5329 ζώοις
1254 5265 1555 5334 εἰργάζετο.
1590 5266 1944 5335 Βουληθέντος
1963 5268 2017 5318 δὲ
2047 5267 2301 5319 ἀπελθεῖν

734 5354 866 5422 πρδς
898 5352 1057 5403 αὑτὸν
1100 5351 1275 5422 χωλοῦ
1316 5368 1458 5413 τινος
1509 5351 1804 5419 θεραπείας
1834 5354 2017 5418 ἓνεκα,
2057 5358 2148 5405 καὶ
2178 5356 2301 5406 ἐπι-

734 5443 923 5501 ϐάντος
964 5440 1120 5509 μόνον
1158 5441 1235 5507 τῷ
1265 5440 1390 5510 ὀνῳ,
1423 5439 1497 5503 ὡς
1541 5442 1587 5491 οι
1617 5441 1772 5501 πόδες
1804 5441 1967 5493 αὑτοῦ
2013 5444 2173 5510 μόνον
2205 5446 2301 5513 τῆς

732 5530 907 5601 ζώνης
931 5532 1137 5599 ἥψαντο
1161 5531 1255 5597 τῆς
1288 5530 1431 5598 παρὰ
1462 5530 1555 5581 τοῦ
1592 5531 1746 5594 ἀγίου
1765 5531 1956 5598 ἀνδρὸς
1980 5533 2299 5600 γενομένης,

735 5621 1075 5689 παραχρῆμα
1148 5620 1519 5687 ἐθερχπεύθη·
1603 5619 1788 5671 ἄλλοτε
1874 5620 2121 5685 εὐλογίας
2194 5624 2301 5682 τοῖς

733 5711 1035 5779 ἀρρώστοις
1064 5693 1374 5770 ἀπξστειλε,
1412 5707 1504 5759 καὶ
1540 5708 1935 5775 ἀπηλλάγησαν
1967 5709 2168 5769 εὐθέως
2207 5712 2301 5775 τῆς

734 5800 907 5855 νόσον.
972 5797 1436 5855 Ἀποκαλύπτεται
1489 5797 1545 5850 δέ
1599 5799 1745 5869 αύτῷ
1798 5799 1923 5871 περὶ
1979 5799 2086 5851 τῶν
2138 5800 2300 5851 αὑτοῦ

2410 4570 2841 4637 φυγαδευθεῖσαν
2872 4568 2977 4620 ὑπὸ
3008 4568 3115 4621 τῶν
3138 4567 3424 4632 ταξεωτῶν
3455 4568 3548 4620 τοῦ
3578 4570 3839 4636 ἄρχοντος
3892 4571 3988 4622 καὶ

2412 4658 2523 4707 τῶν
2578 4656 2880 4723 βουλευτῶν
2925 4656 3011 4707 διὰ
3060 4657 3218 4724 χρέος
3259 4656 3520 4724 δημόσιον
3568 4656 3841 4724 ἀνδρικὸν,
3891 4657 3991 4707 καὶ

2414 4746 2825 4813 ἀποδυρομένην
2849 4744 2944 4813 τὴν
2966 4745 3192 4814 πλάνην,
3224 4744 3503 4813 ἐπυθόμην
3534 4744 3661 4813 παρ’
3686 4745 3859 4811 αὐτῆς
3889 4744 3989 4796 τοῦ

2411 4834 2644 4901 ὀδυρμοῦ
2694 4833 2788 4902 τὴν
2830 4834 3027 4885 αἰτίαν.
3080 4834 3141 4885 '11
3170 4834 3225 4884 δὲ
3258 4828 3397 4884 εἶπε·
3436 4833 3618 4901 Μηδέν
3670 4850 3734 4901 με
3784 4832 3989 4904 ἐρώτα,

2412 4922 2667 4983 δέσποτα,
2727 4921 2860 4987 μηδέ
2909 4920 3126 4983 ἐξέταζε
3155 4920 3253 4987 τὴν
3295 4919 3510 4980 ἀθλίαν,
3552 4919 3665 4970 ἀλλ’
3715 4920 3787 4981 ὼς
3825 4921 3992 4990 θερα-

2416 5010 2633 5061 παινίδα
2670 5010 2790 5075 σὴν,
2813 5008 2946 5060 ὅπου
2987 5008 3187 5077 βούλει,
3218 5000 3497 5071 ἀπάγαγε.
3522 5006 3629 5057 Τοῦ
3661 5008 3770 5074 γάρ
3793 5008 3989 5077 ἀνδρός

2417 5113 2517 5163 μου
2563 5095 2821 5155 πολλάκις
2856 5095 3246 5164 μαστιχθέντος
3284 5096 3376 5147 ἐπὶ
3413 5095 3561 5163 διετῆ
3600 5093 3791 5162 χρόνον
3844 5094 3991 5165 ὑπὲρ

2411 5183 2600 5251 χρέους
2649 5182 2911 5249 δημοσίου
2955 5182 3227 5250 χρυσίνων
3258 5182 3607 5248 τριακοσίων.
3651 5183 3745 5235 καὶ
3774 5184 3833 5234 ἐν
3880 5200 3990 5249 φυ-

2410 5271 2547 5340 λακῇ
2583 5270 3007 5339 καθειργμένου,
3060 5274 3153 5322 καὶ
3183 5272 3293 5324 τῶν
3332 5272 3606 5338 φιλτάτων
3642 5289 3743 5340 μου
3776 5272 3990 5324 παίδων

2409 5361 2577 5430 τριῶν
2621 5361 3051 5429 διαπραθέντων,
3097 5362 3207 5428 ἐγὼ
3235 5361 3412 5429 φυγάς
3446 5361 3689 5431 οἴχομαι,
3720 5362 3887 5413 τόπον
3924 5364 3991 5416 ἐκ

2404 5449 2577 5499 ,τόπου
2631 5449 3054 5518 περιερχομένη.
3092 5449 3206 5501 Νῦν
3256 5449 3315 5500 δὲ
3356 5449 3622 5501 καὶκατὰ
3655 5449 3750 5518 τὴν
3778 5451 3993 5519 ἐρημον

2415 5537 2726 5606 πλανῶμαι,
2752 5539 3009 5600 πολλάκις
3042 5538 3348 5607 εὑρεθεῖσα,
3380 5539 3468 5590 καὶ
3505 5537 3741 5606 συνεχῶς
3790 5555 3991 5603 μαστι-

2404 5625 2677 5691 νγωθεῖσα·
2713 5626 2807 5677 καὶ
2841 5625 3031 5693 τρίτην
3066 5625 3174 5693 ἔχω
3221 5627 3278 5675 ἐν
3316 5629 3380 5694 τῇ
3420 5626 3610 5695 ἐρήμῳ
3642 5626 3825 5686 ἄσιτος
3873 5626 3991 5678 δια-

2417 5711 2668 5778 μείνασα.
2721 5711 2864 5777 Ἐγὼ
2890 5712 2945 5763 δὲ
2971 5712 3197 5779 ἐλεήσας
3226 5711 3418 5781 αὐτὴν,
3452 5714 3542 5764 καὶ
3572 5712 3880 5779 ἀπαγαγὼν
3911 5716 3989 5776 είς

2416 5801 2473 5852 τὸ
2498 5800 2782 5869 σπήλαιον,
2801 5800 2921 5866 δούς
2949 5816 3009 5852 τε
3032 5799 3168 5870 αὐτῇ
3192 5799 3317 5863 τοὺς
3336 5816 3679 5871 τριακοσιους
3698 5804 3991 5871 χρυσίνους
