4258 6360
274 414 407 467 1185

851 520 1071 578 CAPUT
1093 519 1203 573 LX.

646 614 761 665 Vita
789 614 978 665 abbatis
1008 607 1218 677 Appcflc
1245 603 1415 676 (105).

332 702 568 759 Vidimus
588 712 765 756 autem
782 702 942 754 alium
969 711 1178 767 quoque
1216 691 1577 762 presbyterum
1609 690 1659 743 in
1688 703 1807 757 par-

256 798 397 850 tibus
411 791 695 862 superioris
709 789 957 858 regionis,
975 785 1249 855 Appellem
1264 784 1474 838 nomine
1486 779 1677 852 (Rulli.
1693 780 1729 832 t.
1746 794 1806 843 ιι,

253 902 366 953 cep.
397 883 706 953 I5),virum
751 879 975 949 justum,
1006 877 1094 946 qui
1139 874 1351 930 fabricae
1395 872 1599 927 aerarias
1638 877 1806 924 artcm

257 977 483 1044 primum
529 972 793 1035 tractavit,
828 976 884 1023 et
919 966 1113 1022 exinde
1145 976 1433 1020 conversus
1460 972 1543 1017 est
1568 959 1635 1014 ad
1657 974 1809 1015 exer-

254 1065 583 1120 citationem.
612 1062 662 1117 ls
688 1076 808 1116 cum
832 1060 898 1114 ad
924 1073 1043 1115 eum
1054 1056 1284 1112 venisset
1304 1053 1544 1109 diabolus
1566 1052 1624 1122 in
1646 1052 1807 1121 ﬁgura

258 1156 521 1219 muliebri,
552 1168 658 1222 quo
696 1162 935 1219 tempore
960 1149 1027 1203 ad
1076 1162 1226 1202 usum
1259 1145 1634 1201 monachorum
1660 1157 1809 1212 qu.e-

258 1249 381 1299 dam
426 1244 685 1298 tractabat
712 1241 949 1305 fabrilia;
972 1241 1136 1295 ferrea
1171 1237 1363 1292 lamina
1388 1250 1454 1291 ex
1480 1236 1600 1304 igne
1634 1240 1805 1302 rapta,

259 1336 417 1403 idque
430 1348 586 1387 manu
614 1341 828 1399 prepter
848 1328 1257 1390 festinationem,
1291 1334 1456 1379 totum
1475 1324 1591 1391 ejus
1607 1322 1805 1375 vultum

256 1433 313 1478 et
338 1436 533 1491 corpus
576 1419 885 1483 combussit,
913 1430 1135 1485 eamque
1165 1413 1445 1469 audierunt
1470 1410 1662 1466 fratres
1691 1410 1809 1465 ulu-

258 1514 455 1569 Iantem
480 1512 533 1566 in
573 1512 727 1565 cella.
753 1510 836 1564 Ab
860 1523 926 1563 eo
947 1518 1185 1575 tempore
1202 1506 1283 1559 vir
1304 1505 1395 1559 ille
1422 1517 1633 1570 semper
1654 1516 1810 1555 manu

258 1602 470 1658 tenebat
518 1600 713 1654 ferrum
745 1600 987 1667 ignitum,
1016 1611 1115 1651 nec
1145 1595 1451 1650 laudabatur.
1479 1592 1527 1646 ls
1570 1606 1689 1645 cum
1715 1606 1812 1647 nos

259 1689 487 1759 benigne
532 1701 585 1743 et
615 1689 911 1742 humaniter
960 1686 1269 1753 accepisset,
1300 1683 1529 1738 narravit
1559 1682 1709 1735 nobis
1744 1680 1811 1735 de

258 1782 386 1833 viris
430 1778 699 1846 praeclaris
726 1786 779 1829 et
808 1778 912 1829 Deo
940 1776 1109 1843 dignis
1141 1774 1229 1842 qui
1264 1787 1385 1827 cum
1412 1786 1478 1825 eo
1507 1769 1732 1836 fuerant,
1757 1776 1812 1822 et

256 1878 405 1922 erant
425 1867 599 1919 adhuc
625 1867 954 1934 superstites.

853 1953 1072 2007 CAPUT
1095 1952 1228 2005 LXI.

657 2040 772 2093 Vita
793 2042 1002 2094 alterius
1028 2040 1248 2092 Joannis
1272 2036 1443 2104 (I06).

334 2130 448 2193 Est,
471 2130 657 2197 inquit,
682 2130 732 2183 in
762 2130 861 2183 hac
894 2130 1173 2182 solitudine
1196 2125 1360 2181 frater
1384 2133 1583 2190 noster,
1604 2123 1815 2179 nomine

258 2219 490 2274 Joannes
529 2218 726 2291 (Rulli,
767 2220 804 2271 ι.
838 2234 895 2282 ιι,
925 2235 972 2273 c.
1029 2218 1138 2286 15),
1193 2215 1409 2271 alterius
1451 2214 1664 2282 quidem
1706 2212 1813 2281 jam

260 2311 455 2373 aetatis,
483 2324 667 2362 omnes
694 2322 867 2361 autem
908 2308 1193 2360 monachos
1213 2317 1466 2373 superans
1494 2302 1773 2356 virtutibus
1796 2317 1810 2352 :

260 2412 422 2466 quem
450 2412 606 2450 nemo
630 2406 799 2462 potest
838 2397 945 2448 cito
973 2394 1231 2458 invenire,
1261 2393 1398 2461 quod
1423 2405 1632 2459 semper
1655 2390 1705 2443 in
1728 2404 1817 2443 so-

266 2487 572 2541 litudinibus
618 2485 790 2538 locum
822 2485 937 2538 loco
984 2492 1288 2538 commutet.
1321 2482 1368 2537 ls
1414 2482 1638 2550 primum
1672 2487 1818 2533 stans

264 2587 374 2630 tres
403 2590 569 2629 annos
612 2573 710 2629 sub
759 2576 985 2643 quadam
1036 2588 1183 2640 rupe,
1215 2585 1371 2626 orans
1406 2578 1682 2638 perpetuo,
1715 2584 1818 2622 non

265 2668 461 2722 sedens
484 2668 717 2730 omnino,
743 2682 846 2720 non
894 2666 1179 2728 dormiens,
1216 2665 1317 2717 nisi
1345 2672 1596 2731 quantum
1644 2660 1818 2715 somni

266 2770 417 2813 stans
460 2740 833 2823 suifurabatur,
861 2769 914 2812 et
965 2756 1231 2810 Dominica
1279 2755 1447 2810 solum
1473 2765 1685 2807 sumens
1717 2752 1820 2805 Eu-

267 2852 856 2915 charistiam,aﬁerente
895 2850 944 2903 ei
972 2849 1301 2918 presbytero,
1324 2846 1455 2901 nihil
1480 2845 1621 2899 aliud
1648 2858 1823 2899 come-

268 2941 441 2995 debat.
460 2945 627 3008 Atque
655 2940 786 2994 adeo
813 2953 931 2994 cum
948 2938 1173 3007 quodam
1193 2938 1279 2992 die
1304 2951 1364 2991 se
1390 2937 1613 2991 Satanas
1640 2942 1803 2987 trans-

271 3034 547 3101 figurasset
597 3032 650 3084 in
702 3032 1085 3099 presbyterum,
1112 3030 1177 3082 ad
1218 3044 1336 3084 eum
1360 3028 1536 3082 abibat
1577 3026 1819 3091 celerius,

272 3134 383 3185 prie
437 3134 494 3173 se
523 3120 697 3174 ferens
738 3133 796 3173 se
822 3120 870 3173 ei
903 3119 1034 3173 velle
1088 3119 1210 3172 dare
1264 3114 1662 3171 Eucharistiam.
1694 3114 1823 3169 Cum

271 3227 393 3265 eum
424 3219 599 3263 autem
652 3212 949 3277 agnovisset
996 3210 1178 3263 beatus
1206 3208 1455 3270 Joannes,
1487 3206 1619 3259 dixit
1667 3204 1717 3259 ei
1744 3221 1756 3256 :
1786 3203 1831 3259 Ο
1856 3193 1900 3254 C

272 3306 447 3361 omnis
475 3304 673 3358 fraudis
696 3314 749 3359 et
778 3304 991 3357 malitiae
1018 3311 1187 3372 pater,
1216 3300 1426 3354 inimice
1455 3299 1627 3355 omnis
1672 3297 1827 3366 justi-

276 3402 383 3459 tiae,
417 3412 519 3449 non
542 3394 773 3448 cessabis
789 3394 1033 3460 decipere
1061 3394 1264 3445 animas
1283 3390 1718 3453 Christianorum,
1740 3389 1834 3442 sed

276 3484 441 3538 audes
472 3484 664 3537 sanctis
712 3483 961 3536 insultare
1012 3478 1475 3534 Sacramentisils
1512 3490 1686 3531 autem
1733 3477 1833 3545 ipsi

277 3572 549 3640 respondit
581 3588 594 3623 :
627 3571 815 3625 Parum
853 3570 1017 3623 abfuit
1062 3569 1184 3636 quin
1234 3575 1283 3621 te
1334 3567 1592 3635 dejectum
1623 3564 1832 3620 lucrife-

281 3662 478 3724 cerim;
514 3675 635 3712 nam
663 3662 739 3713 sic
766 3672 973 3726 quoque
994 3656 1176 3710 seduxi
1204 3655 1480 3723 quemdam
1508 3670 1570 3708 ex
1604 3655 1707 3707 tuis
1726 3652 1833 3706 fra-

282 3750 563 3811 tribus,et
616 3759 793 3801 mente
841 3758 1037 3799 motum
1086 3743 1279 3798 deduxi
1306 3744 1372 3796 ad
1422 3744 1700 3798 insaniam.
1734 3742 1835 3794 Pro

283 3852 386 3905 quo
414 3852 534 3890 eum
567 3837 713 3891 multi
746 3835 869 3904 jnsti
889 3837 1104 3887 multum
1134 3840 1424 3901 rogassent,
1444 3831 1529 3884 vix
1559 3838 1839 3899 potuerunt

283 3926 494 3980 efﬁcere
519 3936 737 3979 utesset
766 3940 904 3979 satu
937 3926 1146 3978 mentis.
1181 3924 1408 3990 Haecque
1454 3936 1572 3975 cum
1618 3920 1840 3974 dixisset

286 4018 515 4080 damon,
530 4017 596 4068 ab
615 4030 678 4069 eo
708 4014 943 4067 recessit.

355 4105 487 4159 Cum
515 4113 689 4157 autem
736 4111 915 4157 essent
941 4100 1161 4169 disrupti
1184 4100 1300 4170 ejus
1331 4100 1490 4169 pedes
1518 4114 1583 4155 ex
1611 4114 1675 4155 eo
1698 4100 1838 4169 quod

286 4204 436 4251 tanto
465 4205 701 4261 tempore
747 4193 977 4246 stetisset
1006 4191 1309 4257 immobilis,
1336 4200 1391 4244 et
1443 4192 1613 4243 exiret
1641 4191 1835 4255 sanies,

288 4286 575 4340 adveniens
598 4282 834 4352 angelus,
868 4282 1037 4351 tetigit
1067 4283 1182 4348 ejus
1203 4296 1416 4347 corpus,
1439 4281 1622 4334 dicens
1654 4298 1666 4332 :
1696 4278 1843 4334 Chri-

288 4387 402 4427 stus
430 4376 529 4428 erit
568 4374 657 4425 tibi
689 4389 843 4427 verus
870 4373 1038 4434 cibus,
1070 4383 1120 4424 et
1163 4381 1375 4424 sanctus
1431 4370 1658 4437 Spiritus
1686 4384 1842 4422 verus

290 4475 467 4531 potus,
501 4466 708 4515 interim
749 4472 922 4515 autem
955 4462 1043 4514 tibi
1070 4460 1262 4514 sufﬁcit
1290 4460 1524 4527 spiritale
1552 4460 1843 4511 nutrimen-

1476 403 1778 461 HISTORIA
1822 401 2178 463 LAUSIACA.

1827 516 1877 573 Δ
1904 514 2112 583 quidem
2139 524 2262 571 sunt
2289 515 2398 571 otio
2427 514 2609 581 dediti,
2639 515 2689 569 hi
2716 528 2841 569 vero
2864 515 3183 570 contendunt
3206 517 3272 570 ad
3300 519 3457 572 virtu-

3309 403 3440 461 H66

1906 616 2033 670 tem,
2055 613 2110 660 et
2132 606 2341 660 inventa
2388 614 2471 659 est
2502 607 2579 660 sic
2599 619 2657 659 se
2678 605 2871 660 habere
2897 605 3112 660 veritas.
3140 605 3334 661 Scribit
3360 623 3454 660 au-

1905 702 2009 747 tem
2037 693 2103 747 ad
2147 709 2329 750 eorum
2359 708 2566 762 quoque
2612 694 2812 759 Patres,
2842 694 2980 763 quod
3023 695 3232 764 quidam
3261 710 3325 748 ex
3373 696 3456 749 his

1904 796 2024 838 sunt
2056 784 2125 840 de
2171 784 2393 839 fratrum
2421 787 2588 840 salute
2623 786 2791 840 minus
2818 785 3050 853 solliciti,
3081 784 3171 839 alii
3193 800 3322 840 vero
3363 799 3456 838 eos

1904 886 2157 945 quantum
2206 879 2335 932 satis
2386 886 2469 931 est
2498 877 2790 945 hortantur,
2821 876 3256 945 annuntiavitque
3304 884 3453 930 utro-

1905 980 2128 1034 rumque
2152 964 2381 1021 honores
2408 973 2465 1021 et
2489 965 2766 1035 supplicia.
2786 965 2854 1019 Et
2880 980 3062 1019 rursus
3090 965 3223 1019 alios
3252 978 3461 1033 quoque

1908 1069 2201 1124 provocans
2251 1056 2316 1110 ad
2347 1064 2539 1110 statum
2584 1056 2971 1124 perfectiorem,
2996 1055 3313 1112 admonebat
3345 1065 3400 1109 ut
3431 1069 3459 1108 a

1906 1148 2186 1204 sensilibus
2250 1162 2311 1204 se
2365 1146 2724 1203 transferrent
2771 1146 2839 1202 ad
2894 1161 2959 1202 ea
3018 1164 3135 1219 quae
3157 1149 3455 1218 percipiun-

1908 1250 1993 1297 tur
2016 1241 2375 1309 intelligentia.
2400 1240 2630 1309 Tempns
2678 1248 2760 1295 est
2812 1239 2974 1303 enim,
3000 1239 3186 1308 inquit,
3214 1240 3461 1307 deinceps

1909 1333 2015 1388 tale
2037 1334 2155 1387 vitae
2184 1334 2465 1388 ostendere
2509 1333 2826 1387 institutum.
2850 1332 2963 1385 Non
2995 1328 3248 1386 debemus
3297 1330 3458 1391 enim.

1910 1423 2096 1489 inquit,
2119 1426 2260 1478 omni
2291 1432 2529 1490 tempore
2573 1435 2882 1490 permanere
2929 1420 3076 1489 pueri
3119 1429 3173 1473 et
3213 1416 3462 1480 infantes,

1910 1516 2002 1569 sed
2029 1515 2136 1583 jam
2169 1529 2263 1569 nos
2292 1513 2698 1581 perfectioribus
2748 1512 3011 1579 applicare
3040 1508 3460 1578 cogitationibus,

1911 1614 1964 1657 et
1996 1603 2171 1674 magni
2198 1612 2249 1656 et
2278 1602 2477 1657 excelsi
2507 1601 2665 1655 animi
2696 1602 2938 1653 virtutem
2969 1600 3244 1666 attingere,
3275 1606 3328 1650 et
3355 1611 3461 1650 ca:-

1912 1699 2052 1745 teras
2080 1690 2333 1743 maximas
2353 1690 2573 1741 virtutes
2602 1686 2831 1755 aggredi.
2855 1685 2973 1738 "3:0
3002 1692 3055 1737 et
3079 1684 3344 1751 complura
3364 1681 3463 1732 alia

1912 1781 2062 1833 nobis
2092 1780 2245 1833 Pater
2277 1779 2346 1832 de
2392 1778 2546 1831 Patre
2568 1778 2840 1839 narrabat,
2868 1791 2984 1844 quae
3010 1776 3223 1844 quidem
3256 1813 3269 1836 ,
3302 1788 3461 1840 prop-

1846 1852 1891 1911 Β
1919 1880 2057 1923 terea
2106 1866 2246 1936 quod
2300 1866 2555 1921 excedant
2606 1865 2836 1919 miraculi
2866 1864 3075 1917 modum
3098 1904 3112 1927 ,
3158 1864 3330 1916 omnia
3361 1876 3463 1913 non

1913 1957 2247 2024 scripsimus;
2272 1969 2377 2006 non
2407 1954 2543 2022 quod
2576 1970 2677 2007 non
2705 1955 2812 2007 sint
2834 1969 2976 2019 vera,
3008 1954 3100 2008 sed
3146 1962 3358 2021 propter
3388 1955 3463 2005 in-

1912 2047 2274 2100 credulitatem
2305 2045 2619 2113 aliquorum.
2643 2042 2747 2097 Nos
2768 2052 2941 2097 autem
2988 2044 3115 2096 satis
3140 2044 3205 2095 de
3246 2043 3327 2095 his
3351 2057 3465 2096 ccr-

1914 2140 2074 2189 tiores
2103 2133 2222 2187 facti
2264 2148 2463 2197 sumus,
2492 2146 2611 2186 cum
2637 2131 2786 2185 multi
2815 2140 2869 2187 et
2896 2131 3069 2202 magni
3102 2130 3198 2185 viri
3228 2145 3290 2185 ea
3316 2131 3466 2187 nobis

1916 2224 2266 2287 narraverint,
2295 2220 2383 2291 qui
2410 2220 2521 2276 suis
2543 2219 2781 2275 viderunt
2812 2220 2997 2275 oculis.

2465 2310 2636 2366 (ΖΑΡο
2658 2314 2685 2364 ι·
2732 2310 2883 2365 LXII.

2298 2399 2374 2455 De
2402 2401 2576 2454 abbate
2598 2400 2886 2471 Paphnutio
2917 2399 3082 2469 (108).

1990 2492 2224 2545 Vidimus
2277 2500 2452 2545 autem
2502 2491 2674 2545 locum
2704 2504 2911 2559 quoque
2931 2487 3460 2558 Paphnutiianacho-

1918 2589 2065 2644 retas.
2087 2580 2187 2635 viri
2200 2581 2371 2650 magni
2397 2588 2451 2634 et
2474 2579 2666 2634 virtute
2682 2580 2905 2645 prsiditi,
2929 2581 3015 2648 qui
3039 2580 3175 2633 haud
3208 2579 3276 2632 ita
3306 2579 3470 2635 multo

1919 2670 2110 2724 abhinc
2139 2680 2375 2737 tempore
2402 2677 2795 2723 consummatus
2840 2677 2923 2723 est
2950 2670 3001 2722 in
3022 2670 3236 2737 regione
3256 2676 3466 2738 quaeest

1920 2760 2060 2813 circa
2086 2759 2423 2813 Heracleotes
2453 2758 2768 2823 Thebaidis;
2792 2758 2857 2813 de
2876 2772 2980 2828 quo
2995 2760 3147 2814 multi
3166 2759 3322 2813 multa
3347 2772 3465 2810 nar-

1923 2858 2101 2904 rarunt
2126 2848 2319 2918 (καθ’,
2348 2849 2435 2901 lib.
2458 2862 2515 2915 ιι,
2541 2864 2654 2916 cap.
2683 2848 2789 2915 16).

2482 2954 2708 3013 CAPUT
2738 2955 2919 3011 LXIII.

2532 3047 2606 3100 De
2633 3046 2880 3100 Tibicina.

2000 3138 2046 3193 Is
2075 3139 2215 3193 enim
2245 3145 2365 3206 post
2392 3138 2603 3191 multam
2632 3134 3059 3191 exercitationem
3086 3133 3251 3188 Deum
3279 3134 3480 3203 rogavit

1932 3238 1988 3281 ut
2012 3228 2058 3281 ei
2089 3227 2466 3296 signiﬁcaretur
2483 3225 2693 3281 cuinam
2722 3239 2789 3277 ex
2818 3224 2883 3277 iis
2901 3223 3095 3277 sanctis
3122 3222 3212 3291 qui
3246 3236 3305 3278 se
3333 3231 3480 3277 recte

1931 3327 2210 3388 gesserunt
2233 3328 2376 3373 esset
2403 3321 2591 3374 similis
2614 3317 2807 3389 (Ra/ﬂ,
2831 3318 2867 3372 f.
2901 3332 2959 3381 ιι,
2995 3333 3107 3384 cap.
3128 3314 3485 3385 16).Angelus

1932 3419 2106 3464 autem
2129 3424 2389 3482 apparens
2408 3411 2456 3463 ei
2487 3410 2620 3463 dixit
2644 3426 2657 3460 :
2692 3410 2759 3462 Es
2785 3407 2974 3462 similis
2999 3405 3198 3460 tibicini
3226 3405 3314 3472 qui
3338 3404 3483 3472 degit

1936 3498 1989 3552 in
2039 3500 2136 3552 hac
2164 3498 2393 3553 civitate.
2426 3498 2473 3553 Is
2494 3507 2666 3553 autem
2695 3496 2934 3552 studiose
2955 3495 3018 3550 ad
3050 3509 3168 3549 eum
3193 3492 3485 3563 profectus,

1935 3589 2050 3656 ejus
2086 3589 2207 3642 vita:
2237 3591 2531 3642 institutum
2579 3588 2645 3643 ab
2670 3602 2735 3642 eo
2770 3595 2852 3643 est
2881 3586 3207 3649 sciscitatus,
3237 3594 3288 3638 et
3313 3582 3489 3637 omnia

1938 3681 2053 3749 ejus
2080 3682 2199 3734 vitae
2228 3679 2362 3733 facta
2387 3690 2468 3734 est
2496 3687 2872 3748 perscrutatus.
2901 3677 2948 3732 Is
2981 3684 3154 3729 autem
3183 3676 3232 3731 ei
3262 3674 3393 3729 dixit
3438 3673 3488 3728 Id

1938 3771 2075 3839 quod
2097 3772 2252 3825 etiam
2284 3781 2398 3825 erat
2426 3786 2629 3836 verum,
2654 3785 2711 3823 se
2731 3785 2848 3825 esse
2872 3780 3221 3838 peccatorem,
3240 3776 3292 3822 et
3319 3768 3491 3821 ebrio-

1938 3877 2075 3925 sum,
2109 3872 2161 3915 et
2192 3870 2565 3925 scortatorem;
2600 3862 2735 3915 haud
2780 3862 2851 3915 ita
2884 3862 3040 3929 longo
3080 3868 3253 3912 autem
3301 3858 3491 3912 abhinc

1940 3962 2197 4020 tempore,
2223 3967 2280 4007 se
2301 3968 2364 4005 ex
2395 3966 2510 4006 arte
2539 3952 2884 4006 latrocinandi
2925 3966 2991 4005 eo
3027 3950 3335 4004 contulisse.
3356 3949 3486 4003 Cum

1939 4051 2113 4095 autem
2140 4052 2382 4095 accurate
2404 4043 2792 4096 examinaretur
2814 4041 3061 4109 quidnam
3088 4052 3316 4108 unquam
3348 4047 3494 4095 recte

1938 4131 2006 4183 ab
2034 4144 2099 4182 eo
2135 4139 2339 4197 gestum
2370 4138 2531 4195 esset,
2554 4130 2683 4183 dixit
2704 4145 2761 4184 se
2797 4129 2989 4183 nullius
3016 4128 3091 4182 rei
3130 4127 3364 4181 honestae
3393 4126 3490 4180 sibi

1942 4232 2059 4270 esse
2088 4218 2380 4281 conscium,
2405 4218 2505 4270 nisi
2535 4218 2674 4283 quod
2700 4233 2817 4270 cum
2863 4217 2999 4283 aliqu
3020 4216 3141 4268 Indo
3166 4216 3386 4269 latronis
3416 4215 3492 4268 vi-

1944 4314 2047 4357 tam
2097 4313 2297 4373 ageret,
2328 4304 2522 4358 Christi
2568 4306 2841 4373 virginem,
2875 4305 2957 4357 cui
2992 4313 3105 4356 erat
3134 4318 3161 4354 a
3209 4303 3495 4356 latronibus

1947 4394 2130 4444 vitium
2180 4392 2524 4455 afferendum,
2558 4392 2881 4457 liberaverit,
2904 4402 2957 4445 et
3006 4400 3163 4445 noctu
3216 4390 3287 4444 ad
3323 4391 3493 4447 vicum

1950 4494 2115 4547 usque
2172 4480 2461 4534 reduxerit.
2510 4480 2706 4535 Rursus
2746 4479 3158 4547 autem,inquit,
3180 4478 3352 4532 inveni
3401 4480 3497 4531 ali-

291 4568 423 4616 tum,
457 4569 523 4606 ne
553 4553 780 4621 repletus
830 4565 1063 4605 evomas.
1088 4548 1294 4603 Etcum
1333 4563 1450 4601 eum
1476 4556 1733 4611 curasset,
1758 4548 1842 4599 di-
1880 4537 1900 4593 Ι

1836 4576 1842 4586 '
1880 4537 1925 4593 D
1951 4567 2159 4632 quando
2194 4566 2474 4620 formosam
2515 4569 2785 4621 mulierem
2814 4578 3077 4621 errantem
3108 4568 3159 4619 in
3190 4568 3493 4628 solitudine.

291 4643 457 4697 movit
480 4658 507 4693 a
537 4641 674 4694 loco.
695 4640 949 4706 Deinceps
967 4649 1137 4692 autem
1164 4640 1319 4691 vitam
1342 4640 1446 4705 egit
1469 4639 1518 4690 in
1542 4636 1841 4701 solitudine,

292 4732 631 4795 circumiens,
662 4740 716 4782 et
751 4729 928 4782 herbis
952 4743 1169 4781 vescens
1200 4743 1217 4781 :
1253 4728 1516 4779 Dominica
1562 4738 1734 4779 autem
1767 4729 1845 4778 in—

293 4822 602 4873 veniebatur
615 4820 665 4871 in
684 4817 865 4873 eodem
880 4819 992 4871 loco
1013 4831 1224 4870 sumens
1243 4817 1694 4870 Communionetn.
1713 4816 1842 4867 Cum

296 4922 491 4975 paucos
542 4915 713 4959 autem
768 4906 949 4972 palmis
996 4919 1169 4957 ramos
1210 4906 1480 4969 petisseta
1515 4904 1840 4971 presbytero,

296 4998 565 5050 efﬁciebat
600 4996 805 5061 cingula
836 4996 1167 5046 animalibus.
1200 4994 1327 5045 Cum
1359 5008 1480 5045 vero
1532 4994 1686 5046 vellet
1728 4992 1842 5057 qui—

296 5088 418 5139 dam
448 5084 663 5137 claudus
716 5084 781 5136 ad
808 5099 926 5137 eum
958 5085 1132 5135 venire
1170 5094 1224 5135 ut
1251 5093 1542 5146 curaretur,
1565 5090 1619 5135 et
1645 5084 1845 5135 asinum

298 5177 633 5231 solummodo
687 5177 1057 5236 inscendisset,
1085 5179 1168 5228 ubi
1208 5178 1427 5243 primum
1448 5176 1564 5245 ejus
1597 5176 1752 5241 pedes
1775 5186 1853 5229 te-

304 5268 468 5333 tigere
508 5265 769 5333 cingulum
817 5266 955 5333 quod
1004 5265 1169 5319 fuerat
1196 5282 1224 5318 a
1274 5277 1457 5321 sancto
1487 5268 1597 5319 viro
1634 5266 1848 5329 factum,

303 5356 400 5407 fuit
428 5354 567 5407 illico
586 5362 818 5408 curatus.
852 5355 991 5407 Alias
1016 5362 1189 5405 autem
1214 5356 1425 5420 aegrotis
1448 5356 1680 5408 mittebat
1706 5356 1851 5408 eulo-

304 5446 417 5513 gias
449 5445 617 5511 (ΜΠ),
647 5454 702 5499 et
727 5460 756 5497 a
794 5446 990 5499 morbis
1032 5446 1380 5498 liberabantur
1406 5448 1659 5513 protinus.
1690 5447 1852 5499 Porro

306 5544 482 5586 autem
515 5535 838 5587 revelahatur
863 5536 929 5589 de
958 5535 1074 5602 ejus
1096 5536 1445 5601 monasteriis,
1474 5538 1608 5604 quod
1640 5538 1849 5605 quidam

306 5640 369 5676 ex
404 5622 469 5674 iis
497 5626 583 5690 qui
614 5634 733 5676 sunt
753 5624 802 5675 in
822 5625 964 5693 ipsis,
994 5626 1150 5677 vitam
1180 5642 1281 5677 non
1313 5635 1456 5679 recte
1484 5627 1781 5689 instituunt,
1801 5638 1855 5681 et

311 5729 404 5784 per
436 5712 792 5781 presbyterum
817 5715 879 5767 ad
902 5726 1116 5769 cunctos
1140 5718 1323 5770 scribit
1343 5718 1608 5784 epistolas,
1625 5718 1759 5786 quod
1780 5719 1847 5770 illi

1948 4656 2175 4723 fugatam
2201 4658 2268 4712 ab
2318 4660 2701 4724 apparitoribus
2748 4671 2797 4712 et
2848 4658 3133 4712 curialibus
3183 4658 3497 4726 prmsidiset

1948 4758 2270 4810 senatorum,
2298 4756 2509 4813 propter
2538 4747 2798 4812 publicum
2836 4746 3011 4799 mariti
3054 4746 3282 4799 debitum
3301 4787 3315 4810 ,
3343 4754 3499 4799 eter-

1948 4848 2118 4887 rorem
2148 4848 2295 4885 suum
2340 4833 2641 4886 deﬂentem.
2671 4833 2975 4888 Sciscitatus
3000 4848 3115 4887 sum
3148 4844 3320 4886 autem
3346 4847 3409 4886 ex
3440 4848 3502 4887 ea

1948 4938 2156 4975 causam
2179 4922 2349 4974 ﬂetus.
2376 4922 2463 4974 Illa
2481 4932 2653 4976 autem
2681 4923 2844 4975 dixit:
2870 4922 2944 4976 Ne
2967 4937 3051 4975 me
3080 4921 3497 4989 roges,domine.

1955 5026 2051 5065 nec
2071 5013 2314 5064 miseram
2340 5012 2641 5076 examines;
2672 5012 2764 5066 sed
2793 5020 3038 5080 tanquam
3078 5011 3321 5063 ancillam
3362 5020 3499 5063 tuam

1956 5100 2181 5153 abducas
2227 5113 2330 5167 quo
2355 5101 2506 5153 velis.
2534 5100 2659 5153 Nam
2689 5116 2807 5153 eum
2849 5100 3066 5155 maritus
3096 5110 3330 5169 tempore
3359 5101 3501 5154 bien-

1957 5188 2027 5240 nii
2080 5188 2149 5239 ob
2196 5186 2427 5239 debitum
2481 5187 2741 5254 publicum
2809 5197 3160 5242 trecentorum
3225 5203 3499 5242 aureorum

1956 5289 2096 5341 saepe
2124 5273 2281 5327 fuerit
2310 5274 2615 5341 ﬁagellatns,
2649 5275 2770 5329 etin
2800 5291 3013 5330 carcere
3044 5277 3292 5343 inclusus,
3322 5287 3374 5331 et
3396 5285 3502 5330 tres

1960 5365 2085 5417 mihi
2116 5364 2411 5418 charissimi
2461 5366 2549 5419 ﬁlii
2584 5368 2781 5421 venditi
2832 5368 3044 5432 fuerint,
3079 5384 3176 5439 ego
3207 5370 3399 5423 recedo
3425 5368 3503 5420 fu»

1957 5453 2136 5520 gitiva,
2168 5456 2336 5506 locum
2361 5454 2475 5508 loco
2496 5468 2853 5509 commutatis:
2879 5471 3016 5510 nunc
3034 5468 3204 5511 autem
3236 5461 3394 5511 etiam
3418 5473 3505 5511 er—

1960 5555 2082 5593 rans
2111 5556 2201 5609 per
2249 5543 2602 5608 solitudinem,
2629 5559 2769 5611 saepe
2814 5545 3054 5611 inventa,
3079 5555 3131 5599 et
3170 5545 3379 5599 assidue
3410 5546 3501 5599 ﬁa-

1960 5632 2166 5697 gellata,
2193 5630 2301 5698 jam
2328 5641 2436 5685 tres
2462 5634 2573 5685 dies
2604 5636 2869 5701 permansi
2899 5634 3074 5703 jejuna
3107 5638 3157 5689 in
3198 5635 3495 5692 solitudine.

1964 5721 2072 5788 Ego
2120 5732 2289 5773 autem
2317 5723 2429 5790 ejus
2459 5737 2573 5776 sum
2618 5724 2883 5789 misertus,
2916 5725 3085 5793 inquit
3118 5725 3283 5789 latro;
3310 5735 3362 5782 et
3381 5740 3499 5780 cum
