4258 6360
752 407 890 463 H67

2192 405 2510 460 PALLADII

3849 398 3987 457 “68

767 541 883 584 eam
915 527 1246 582 deduxlssem
1279 530 1329 581 in
1362 528 1687 595 speluncam,
1716 526 1833 580 dedi
1859 527 1908 580 ei
1938 534 2205 578 trecentos
2224 538 2316 575 au-
2349 525 2398 579 Α
2430 524 2526 575 viri
2560 526 2777 579 virtutes
2796 526 3047 579 audilsset
3077 525 3423 593 Paphnutius,
3450 528 3564 595 ejus
3592 537 3748 595 caput
3774 538 3984 582 oscula-

769 630 909 680 reos,
936 624 991 669 et
1014 614 1204 668 deduxi
1243 630 1358 668 eam
1394 629 1558 682 usque
1578 614 1642 667 ad
1674 616 1960 675 civitatem,
1982 623 2036 665 et
2063 627 2180 678 ejus
2212 626 2323 664 ma-

769 706 923 757 ritum
966 704 1181 757 libe.‘avi
1208 718 1325 755 cum
1367 703 1574 762 liberis,
1610 704 1741 755 citra
1770 703 1931 755 ullum
1977 702 2224 767 probrum
2270 708 2324 751 et

765 793 1156 847 contumeliam.
1184 792 1279 845 Cui
1308 793 1579 858 respondit
1610 791 2086 859 Paphnutius:Ego
2109 789 2320 853 quidem

768 883 962 936 nullius
998 884 1073 936 rei
1114 882 1233 933 talis
1263 883 1388 935 mihi
1414 897 1526 933 sum
1550 884 1813 943 conscius,
1838 882 1889 933 in
1946 881 2323 932 exercitatione

765 980 937 1025 autem
969 974 1186 1026 omnino
1231 971 1440 1024 audiisti
1472 986 1553 1023 me
1578 986 1698 1023 esse
1721 970 2018 1032 celebrem;
2051 985 2153 1022 non
2181 968 2319 1021 enim

767 1062 927 1114 vitam
947 1061 1147 1114 traduxi
1175 1061 1227 1113 in
1251 1061 1379 1113 otio.
1404 1060 1528 1112 Mihi
1555 1075 1681 1126 ergo
1704 1059 1846 1113 Deus
1871 1058 1937 1111 de
1964 1067 2015 1111 te
2044 1058 2319 1121 revelavit,

768 1161 820 1206 te
866 1154 1022 1205 rebus
1047 1152 1209 1218 gestis
1258 1151 1421 1204 nihilo
1449 1164 1533 1203 me
1562 1164 1681 1203 esse
1729 1151 2056 1213 interiorem;
2086 1152 2129 1202 si
2173 1163 2321 1218 ergo,

766 1255 800 1293 ο
829 1240 1011 1303 frater,
1046 1256 1153 1293 non
1179 1254 1335 1308 parva
1390 1255 1419 1292 a
1472 1240 1669 1293 Deitate
1710 1241 1779 1292 tui
1807 1240 2031 1292 habetur
2074 1240 2228 1300 ratio,
2258 1255 2324 1291 ne

771 1340 910 1383 tuam
940 1329 1165 1382 animam
1192 1337 1390 1382 temere
1410 1329 1724 1393 neglexeris.
1751 1329 1986 1380 lsautem
2014 1327 2188 1379 statim
2214 1342 2324 1393 pro-

766 1420 929 1487 jectis
948 1435 1081 1486 quos
1114 1420 1294 1471 habuit
1317 1420 1365 1470 in
1399 1419 1639 1471 manibus
1662 1417 1822 1479 tibiis,
1849 1428 1902 1469 et
1951 1417 2079 1484 lyra:
2109 1430 2323 1469 muscae

771 1512 1040 1562 harmonia
1066 1510 1117 1561 in
1142 1508 1426 1574 spiritalem
1453 1508 1687 1560 traducta
1712 1508 2009 1568 melodiain,
2041 1510 2212 1559 virum
2241 1519 2325 1558 sc-

767 1608 919 1651 cutus
949 1606 1029 1651 cst
1071 1599 1120 1650 in
1171 1601 1457 1651 desertum.
1492 1595 1622 1650 Cum
1667 1605 1843 1648 autem
1879 1596 2040 1649 tribus
2070 1598 2222 1647 annis
2268 1610 2326 1647 se

768 1703 862 1754 pro
884 1688 1079 1741 viribus
1114 1690 1458 1750 exercuisset,
1491 1697 1544 1739 et
1573 1689 1623 1740 in
1657 1688 1862 1755 hymnis
1902 1696 1954 1738 et
1999 1687 2323 1739 orationibus

768 1780 886 1831 vita:
910 1793 1019 1830 sua:
1047 1788 1253 1844 tempus
1287 1778 1594 1846 peregisset.
1621 1778 1673 1830 in
1698 1778 1891 1830 caelum
1918 1778 2017 1828 iter
2033 1776 2244 1835 direxit,
2267 1784 2320 1828 et

2425 623 2505 667 tus
2557 626 2656 677 est,
2690 618 2868 669 dicens
2900 636 2910 669 :
2942 619 3215 671 bcnedicat
3264 629 3315 673 te
3356 620 3607 673 Dominus
3636 637 3699 674 ex
3747 623 3905 687 Sion;
3933 634 3984 677 et

2425 703 2599 755 videas
2614 705 2746 755 bona
2774 706 3061 759 Jerusalem
3085 709 3328 761 omnibus
3349 709 3531 761 diebus
3553 710 3673 761 vitae
3691 720 3795 762 tua:
3811 709 3982 766 (Psal.

2423 793 2644 857 cxxvtt).
2673 791 2725 843 In
2774 794 2836 846 iis
2869 796 3007 846 enim
3040 804 3092 848 te
3135 807 3279 849 recte
3323 796 3528 865 gessisti
3556 814 3570 849 :
3601 813 3761 849 unum
3806 809 3983 849 autem

2425 882 2521 933 tibi
2549 892 2712 935 restat
2741 886 2876 945 quod
2918 894 2999 938 est
3028 898 3182 952 caput
3207 888 3480 950 virtutum,
3509 902 3696 953 nempe
3719 890 3812 939 Dei
3838 903 3981 941 omni

2423 985 2491 1022 ex
2519 980 2665 1035 parte
2693 974 2904 1038 sapiens
2939 975 3193 1043 cognitio,
3227 991 3380 1042 quam
3413 992 3515 1029 non
3552 976 3743 1043 poteris
3766 978 3883 1029 sine
3904 977 3983 1027 la-

2423 1058 2554 1112 bore
2572 1063 2843 1127 consequi,
2875 1064 2972 1115 nisi
3002 1078 3120 1115 cum
3146 1065 3366 1129 teipsum
3397 1080 3425 1117 a
3454 1066 3651 1119 mundo
3680 1068 3983 1133 ahuegaris,

2423 1160 2633 1199 crucem
2666 1150 2929 1214 accipias,
2952 1161 3006 1203 et
3054 1153 3292 1219 sequaris
3314 1153 3678 1207 Servatorem.
3704 1154 3754 1207 is
3806 1165 3985 1209 autem

2422 1240 2509 1291 ubi
2539 1238 2651 1293 hate
2677 1232 2860 1305 audiit,
2887 1246 3064 1297 statim
3101 1260 3198 1297 nec
3224 1246 3334 1299 suis
3359 1248 3567 1315 quidem
3597 1250 3773 1302 valere
3799 1250 3986 1316 jussis,

2422 1332 2591 1382 virum
2638 1344 2849 1386 SCCUIUS
2875 1344 2956 1387 est
3006 1336 3058 1389 in
3090 1347 3342 1390 montem.
3376 1339 3441 1390 El
3469 1354 3585 1391 cum
3620 1342 3893 1393 venissent
3923 1346 3988 1393 id

2427 1417 2662 1483 ﬂuvium,
2696 1424 2889 1489 scapha
2931 1440 3031 1477 non
3067 1425 3271 1479 inventa
3317 1425 3476 1494 jussit
3531 1427 3819 1492 Paphutins
3869 1444 3989 1482 eum

2423 1509 2615 1563 ﬂumen
2648 1516 2889 1578 trajicere
2932 1516 3173 1581 pedibus,
3199 1519 3333 1581 quod
3390 1528 3603 1583 propter
3647 1519 3987 1571 altitudinem

2425 1613 2578 1652 nemo
2622 1603 2709 1653 illo
2755 1613 2990 1669 tempore
3042 1606 3261 1671 pedibus
3301 1609 3598 1673 trajecerat.
3630 1607 3758 1660 Cum
3812 1623 3990 1661 autem

2425 1689 2776 1751 transiissent,
2806 1700 2859 1742 et
2886 1693 2963 1745 eis
2987 1695 3307 1759 pervenisset
3337 1709 3469 1761 aqua
3512 1710 3678 1760 usque
3707 1697 3770 1748 ad
3798 1698 3988 1765 cingu-

2426 1776 2551 1839 lum,
2587 1778 2862 1831 conStituit
2885 1795 3004 1832 eum
3050 1782 3102 1833 in
3134 1783 3355 1845 quodam
3401 1784 3535 1837 loco.
3566 1784 3697 1837 Cum
3728 1801 3783 1839 se
3816 1798 3990 1839 autem

768 1882 884 1919 cum
909 1866 1084 1919 eboris
1127 1868 1434 1935 angelorum
1463 1876 1513 1921 et
1536 1866 1799 1934 justorum
1833 1863 2104 1918 ordinibus
2126 1878 2325 1915 tonnu-
2360 1850 2399 1906 Β
2429 1875 2740 1928 separasset,
2770 1866 2931 1918 Deum
2976 1870 3180 1933 rogavit
3220 1878 3275 1922 ut
3308 1870 3563 1936 ejusmodi
3595 1872 3897 1925 hominibus
3912 1876 3989 1925 vi-

770 1966 1020 2024 meratus,
1038 1957 1309 2025 requievit.

1325 2045 1552 2102 CAPUT
1588 2046 1767 2102 LXIV.

1315 2136 1389 2190 De
1419 2136 1773 2190 Protocomite.

839 2225 937 2282 Ubi
965 2241 1091 2296 ergo
1120 2227 1264 2281 illum
1295 2229 1385 2295 qui
1416 2242 1473 2282 se
1497 2235 1811 2282 exercuerat
1846 2225 2151 2287 virtutibus,
2182 2224 2325 2291 prius

769 2317 833 2370 ad
858 2318 1021 2371 Deum
1082 2320 1243 2383 misit,
1268 2319 1454 2385 majori
1482 2326 1536 2373 et
1572 2317 1886 2371 accuratiori
1911 2316 2029 2369 vita:
2065 2315 2323 2380 instituto,

770 2422 927 2472 quam
978 2408 1124 2475 prius
1165 2418 1324 2471 esset,
1355 2407 1453 2461 sibi
1506 2409 1769 2473 imposito,
1798 2408 1999 2475 rogavit
2056 2406 2219 2458 Deum
2269 2416 2327 2459 ut

771 2499 871 2551 sibi
894 2498 1273 2566 significaretur
1300 2499 1505 2550 cuinam
1536 2512 1601 2551 ex
1623 2498 1821 2550 sanctis
1850 2505 1989 2549 esset
2020 2494 2207 2548 similis
2228 2537 2241 2558 ,
2273 2505 2328 2548 et

774 2604 959 2641 rursus
988 2602 1090 2640 vox
1124 2589 1298 2641 divina
1347 2588 1410 2641 ad
1459 2604 1579 2641 eum
1611 2587 1743 2640 l-cta
1793 2596 1890 2650 est,
1918 2588 2128 2641 dicens:
2163 2587 2231 2638 Es
2257 2589 2330 2638 si-

775 2678 914 2731 milis
935 2680 1087 2732 vicini
1131 2680 1245 2748 pagi
1279 2681 1605 2746 protocomiti
1639 2677 1830 2747 (Ra/7.,
1855 2678 1892 2729 ι.
1922 2693 1980 2742 ιι,
2009 2695 2120 2747 cap.
2149 2676 2256 2747 lli).
2283 2678 2330 2730 ls

774 2777 947 2821 autem
974 2766 1038 2820 ad
1068 2781 1186 2820 eum
1218 2767 1350 2821 abiit
1367 2767 1673 2832 celerrime;
1702 2778 1757 2821 et
1785 2782 1904 2821 cum
1928 2767 2040 2835 ipse
2068 2767 2332 2833 pulsasset

774 2858 989 2922 ostium,
1014 2859 1270 2925 processit
1294 2858 1402 2920 ille,
1419 2864 1477 2909 ut
1506 2857 1553 2909 ei
1585 2871 1698 2909 mos
1726 2867 1863 2923 erat,
1884 2858 1947 2908 ad
1965 2856 2328 2922 accipiendum

776 2946 1053 3012 hospitem.
1089 2947 1151 2999 Et
1179 2961 1295 2999 cum
1327 2947 1487 3014 pedes
1512 2946 1627 3013 ejus
1654 2947 1888 3008 lavisset,
1911 2956 1964 3000 et
1994 2960 2330 3009 mensamap-

776 3036 1057 3102 posuisset,
1103 3035 1338 3088 hortatus
1389 3045 1471 3089 est
1514 3047 1569 3089 ut
1617 3047 1944 3091 vesceretur.
1976 3037 2108 3087 Cum
2153 3043 2329 3087 autem

776 3125 908 3177 facta
935 3127 1050 3189 ejus
1090 3125 1470 3190 sciscitaretur,
1497 3136 1551 3179 et
1578 3126 1624 3178 ei
1651 3128 1851 3180 diceret
1882 3143 1894 3177 :
1928 3125 2090 3178 Narra
2122 3124 2269 3184 mihi,
2296 3138 2329 3177 ο

2427 1950 2639 2003 deretur
2662 1958 3012 2017 pratstantior.
3037 1956 3149 2009 Non
3174 1960 3335 2011 multo
3363 1971 3535 2013 autem
3566 1962 3841 2028 interjecto
3860 1976 3990 2015 tein-

2427 2053 2576 2105 pore,
2609 2041 2731 2094 vidit
2760 2044 2856 2095 viri
2879 2044 3103 2098 animam
3127 2050 3319 2100 assumi
3345 2050 3409 2100 ab
3438 2051 3638 2115 angelis
3685 2051 3853 2105 Deum
3879 2054 3988 2104 lan-

2426 2128 2673 2183 dantibus
2695 2142 2753 2185 et
2798 2134 3131 2189 dicentibus:
3158 2137 3347 2191 Beatus
3374 2154 3528 2207 quem
3574 2142 3779 2207 elegisti
3813 2152 3866 2195 et
3899 2159 3985 2195 nso

2426 2220 2693 2287 sumpsisti
2726 2237 2737 2272 :
2768 2223 3017 2277 habitabit
3070 2226 3122 2277 in
3174 2228 3321 2280 atriis
3371 2230 3474 2281 tuis
3526 2228 3878 2297 (Psal.t.xtv).
3922 2231 3987 2282 Et

2426 2326 2608 2364 rursus
2662 2312 2816 2379 justis
2870 2318 3305 2383 respondentibus
3377 2333 3430 2373 et
3479 2320 3827 2374 dicentibus:
3878 2321 3980 2374 Pax

2428 2402 2584 2453 multa
2615 2401 2947 2470 diligentibus
2970 2406 3132 2475 legem
3163 2416 3325 2472 tuam,
3348 2416 3402 2462 et
3428 2424 3531 2462 non
3562 2420 3641 2462 est
3661 2411 3737 2464 eis
3767 2411 3986 2463 scanda-

2428 2489 2533 2542 lum
2558 2489 2730 2559 (Paul.
2759 2494 2963 2561 cxviu).
2996 2495 3061 2550 Et
3084 2505 3204 2552 tunc
3228 2502 3473 2568 cognovit
3492 2501 3661 2555 virum
3688 2514 3811 2557 esse
3850 2516 3991 2557 mor-

2429 2584 2595 2631 tuum.

2984 2652 3206 2711 CAPUT
3246 2656 3402 2710 LXV.

2918 2762 2994 2816 De
3023 2762 3305 2817 Mercatore
3332 2767 3350 2833 (
3362 2763 3499 2835 l09).

2498 2848 2629 2901 Cum
2658 2858 2831 2903 autem
2863 2863 3225 2917 perseveraret
3271 2856 3435 2909 abbas
3462 2855 3788 2925 Paphnutius
3822 2858 3989 2912 Deum

2431 2940 2666 2993 venerari
2695 2942 2956 3005 precibus,
2980 2953 3032 2996 et
3044 2945 3398 3011 multiplicare
3415 2946 3637 3014 jejunis,
3666 2962 3850 3000 rursus
3871 2963 3994 3001 ora—

2432 3031 2506 3082 vit
2530 3037 2587 3082 ut
2612 3030 2714 3084 sibi
2760 3033 3130 3089 ostenderetur
3158 3037 3366 3089 cuinam
3394 3046 3533 3089 esset
3561 3038 3749 3090 similis
3793 3038 3989 3107 (Ra/7.,

2432 3120 2470 3173 ι.
2501 3135 2569 3186 ιι,
2603 3138 2717 3188 cap.
2747 3122 2822 3190 6).
2860 3122 2991 3175 Dicit
3020 3125 3066 3176 ei
3094 3138 3276 3177 rursus
3308 3139 3403 3177 vox
3434 3125 3608 3179 divina
3640 3143 3652 3178 :
3685 3126 3889 3179 Similis
3937 3142 3995 3179 cs

777 3217 965 3278 homo,
1001 3216 1291 3268 institutum
1317 3216 1439 3269 vim
1484 3225 1616 3281 tua;
1650 3218 1827 3270 munis
1866 3218 2007 3270 enim
2030 3215 2326 3282 umnachis,
2358 3198 2403 3260 C
2433 3211 2711 3265 mercatori
2731 3213 2984 3279 quaerenti
3007 3214 3169 3266 bonas
3192 3216 3527 3282 margaritas;
3552 3216 3643 3269 sed
3664 3229 3821 3283 surge
3842 3216 3994 3268 dein-

776 3311 834 3356 ut
860 3303 987 3357 mihi
1015 3303 1148 3357 Deus
1176 3306 1425 3368 ostendit,
1459 3306 1669 3359 evasisti
1699 3306 1957 3373 superior,
1986 3306 2073 3359 ille
2099 3306 2231 3359 dixit
2274 3320 2335 3359 se

777 3406 892 3445 esse
937 3402 1262 3459 peccatorem
1306 3403 1359 3446 et
1382 3394 1647 3463 indignum
1678 3393 1889 3447 nniuine
1929 3395 2329 3447 monachorum.

776 3483 907 3534 Cum
939 3492 1112 3535 autem
1158 3483 1374 3537 inStaret
1404 3484 1730 3552 percontari,
1763 3486 1920 3538 homo
1941 3485 2231 3553 respondit,
2254 3485 2334 3538 di-

778 3586 898 3622 cens
926 3587 937 3620 :
970 3570 1080 3622 Non
1114 3570 1279 3623 habeo
1316 3573 1527 3636 quidem
1561 3587 1780 3627 necesse
1824 3588 2038 3628 narrare
2068 3589 2126 3627 ea
2157 3588 2273 3641 qua:
2301 3589 2332 3626 a

778 3673 861 3717 the
904 3660 1037 3716 facta
1067 3671 1214 3725 sunt;
1246 3662 1339 3717 sed
1369 3659 1617 3731 quoniam
1647 3661 1777 3715 dicis
1810 3671 1859 3715 te
1888 3678 1916 3715 a
1949 3662 2055 3715 Deo
2099 3664 2330 3730 venisse,

778 3766 891 3818 qua:
919 3752 1042 3803 mihi
1091 3756 1284 3804 adsunt
1304 3752 1547 3805 referam.
1572 3752 1686 3806 .Iam
1713 3752 1884 3820 agitur
1910 3751 2208 3819 trigesimus
2232 3768 2330 3805 an-

780 3856 897 3904 uus,
920 3856 984 3894 ex
1021 3857 1122 3909 quo
1154 3858 1237 3895 me
1264 3857 1291 3894 a
1324 3858 1438 3895 mea
1491 3860 1652 3897 uxore
1704 3843 1963 3912 separavi,
1996 3857 2114 3896 cum
2166 3844 2331 3897 tribus

781 3934 931 3984 annis
984 3932 1151 3983 solum
1182 3948 1298 3985 cum
1349 3948 1413 3986 ea
1465 3933 1761 3987 habuissem
1789 3932 2247 3996 consuetudinem,
2280 3944 2332 3985 et

784 4034 889 4073 trcs
918 4036 978 4073 ex
1010 4036 1067 4073 ea
1101 4022 1235 4074 lilios
1264 4023 1735 4090 suscepissetn,qui
1768 4023 1917 4076 etiam
1940 4024 2068 4075 mihi
2094 4024 2158 4074 ad
2188 4038 2332 4075 meos

785 4126 907 4163 usus
933 4112 1255 4174 inserviunt;
1297 4112 1705 4176 hospitalitatem
1741 4124 1912 4164 autem
1944 4126 2210 4179 nunquam
2252 4112 2331 4164 in-

784 4199 983 4253 termisi
1008 4215 1170 4267 usque
1193 4200 1243 4251 in
1274 4200 1581 4254 hodiernum
1621 4202 1755 4255 diem
1790 4219 1802 4253 :
1836 4218 1936 4254 non
1963 4204 2213 4269 gloriatur
2239 4201 2334 4253 ali-

784 4289 901 4354 quis
943 4304 1005 4341 ex
1052 4289 1329 4342 comitibus
1356 4304 1414 4344 se
1453 4292 1709 4358 hospitem
1757 4300 1877 4344 ante
1925 4306 2008 4344 me
2036 4292 2331 4359 excepisse.

787 4379 899 4431 Non
952 4394 1195 4447 egressus
1232 4391 1311 4434 est
1346 4396 1541 4449 pauper
1591 4399 1687 4434 nec
1735 4383 1924 4450 hospes
1952 4397 2014 4435 ex
2063 4397 2174 4435 mea
2216 4384 2334 4435 aula

787 4471 962 4523 vacuis
1005 4473 1266 4536 manibus,
1295 4472 1381 4539 qui
1428 4489 1530 4526 non
1578 4474 1719 4539 prius
1761 4473 1949 4525 rationi
1988 4476 2335 4527 conveniente

787 4571 922 4613 esset
960 4562 1150 4614 viatico
1201 4572 1539 4615 sustentatus.
1583 4564 1694 4616 Non
1751 4563 1972 4631 adspexi
2029 4566 2335 4629 praeteriens

790 4663 1071 4716 pauperem
1118 4649 1400 4702 infortunio
1429 4652 1691 4713 allectum,
1715 4654 1796 4704 cui
1828 4668 1929 4704 non
1956 4653 2333 4719 suppeditarim

787 4738 925 4805 quod
956 4739 1080 4791 satis
1117 4739 1212 4790 luit
1243 4739 1435 4791 solatii.
1475 4739 1587 4792 Non
1615 4741 1793 4807 accepi
1823 4755 2099 4807 personam
2129 4740 2218 4794 tllii
2233 4741 2336 4794 mei

789 4828 840 4879 in
883 4827 1101 4896 judicio,
1127 4844 1227 4881 non
1258 4828 1477 4897 ingressi
1520 4839 1641 4883 sunt
1712 4829 1770 4883 in
1842 4826 2065 4882 domum
2158 4843 2331 4882 meam

791 4915 986 4968 fructus
1039 4917 1217 4980 alieni,
1244 4933 1343 4969 non
1377 4918 1469 4969 fuit
1500 4918 1563 4970 lis
1590 4917 1760 4983 aliqua
1788 4932 1940 4985 quain
1970 4934 2074 4969 non
2123 4934 2339 4984 compo-

788 5008 983 5059 suerim
1014 5017 1067 5059 et
1097 5007 1497 5070 paciﬁcaverim,
1531 5022 1630 5059 non
1659 5007 1942 5071 increpavit
1970 5008 2160 5074 aliquis
2188 5023 2335 5061 meos

792 5097 925 5149 lilios
965 5096 1104 5165 quod
1155 5112 1213 5151 se
1261 5098 1534 5151 inhoneste
1585 5107 1852 5165 gererent,
1907 5112 2011 5150 non
2059 5098 2338 5165 tetigerunt

792 5185 993 5240 fructus
1035 5187 1234 5242 alienos
1282 5189 1383 5242 mei
1434 5204 1649 5258 greges,
1684 5203 1785 5240 non
1837 5190 2087 5241 seminari
2141 5194 2338 5255 primus

791 5291 942 5342 agros
999 5293 1179 5343 meos,
1224 5279 1315 5330 sed
1346 5293 1463 5331 cum
1515 5293 1606 5331 eos
1656 5278 1899 5332 omnibus
1950 5281 2335 5345 proposuissem

792 5382 1120 5430 Communes,
1167 5368 1474 5436 colligebam
1522 5382 1580 5419 ea
1617 5382 1731 5433 qua:
1782 5372 1933 5419 erant
1975 5367 2194 5432 reliqua.
2223 5368 2337 5421 Non

792 5458 1026 5509 concessi
1060 5466 1114 5508 ut
1158 5472 1351 5524 pauper
1392 5458 1775 5523 opprimeretur
1820 5472 1847 5507 a
1882 5456 2110 5522 potentia
2138 5456 2334 5517 divitis,

792 5563 895 5600 non
944 5546 1091 5600 εἰπτεί
1122 5549 1347 5615 aliquem
1401 5549 1634 5602 molestia
1680 5549 1853 5600 invita
1904 5562 2040 5609 mea,
2073 5562 2336 5614 nunquam

795 5639 989 5690 malum
1025 5640 1277 5705 judicium
1310 5640 1499 5707 protuli
1544 5638 1593 5691 in
1622 5640 1870 5705 aliquem.
1906 5639 2025 5690 Ilac
2054 5653 2082 5688 a
2116 5654 2199 5689 me
2224 5653 2340 5691 esse

794 5719 929 5782 farta
978 5727 1086 5783 Deo
1110 5731 1317 5785 volente
1356 5728 1480 5783 mihi
1534 5743 1648 5781 sum
1696 5729 1956 5783 conscius.
1986 5727 2118 5781 Cum
2166 5739 2339 5781 autem

2435 3316 2578 3369 ceps,
2607 3310 2664 3355 et
2702 3317 2769 3356 ne
2791 3314 3071 3369 cunctare;
3104 3306 3192 3357 tibi
3233 3305 3374 3359 enim
3404 3317 3646 3361 occurret
3688 3308 3771 3360 vir
3799 3309 3883 3361 cui
3933 3326 3992 3363 es

2436 3390 2774 3443 assimilatas.
2803 3389 2932 3443 Cum
2958 3390 3043 3444 ille
3064 3400 3235 3445 autem
3258 3395 3635 3459 descendisset,
3667 3397 3795 3449 vidit
3820 3398 3991 3450 virum

2431 3480 2712 3546 quemdam
2735 3490 3079 3535 mercatorem
3104 3481 3539 3548 Alexandrinum,
3561 3484 3700 3551 pium
3722 3495 3775 3538 et
3795 3485 3991 3540 ChriSti

2432 3578 2720 3630 amantem,
2746 3571 2909 3623 vicies
2939 3570 3080 3623 mille
3108 3572 3283 3624 aureis
3311 3574 3681 3638 negodantem,
3708 3588 3829 3625 cum
3860 3589 3985 3626 cen-

2433 3668 2541 3711 tum
2570 3658 2790 3712 navibus
2831 3660 3238 3713 descendentem
3267 3675 3330 3714 ex
3374 3662 3647 3727 superiore
3694 3661 3989 3725 Thebaide,

2432 3752 2519 3817 qui
2546 3766 2729 3804 omnes
2753 3765 2874 3805 suas
2896 3749 3166 3804 facultates
3196 3760 3249 3805 et
3271 3767 3475 3806 merces
3496 3754 3840 3808 distribuerat
3861 3768 3993 3822 pau-

2435 3845 2665 3910 peribus.
2701 3843 2746 3895 ls
2772 3858 2891 3895 cum
2922 3842 3032 3895 suis
3062 3842 3181 3895 [iliis
3226 3842 3407 3896 decem
3438 3857 3625 3896 saccos
3670 3843 3995 3910 leguminum

2432 3934 2497 3985 ad
2527 3947 2645 3985 eum
2671 3931 2939 3984 afferebat.
2972 3932 3035 3983 Et
3060 3932 3182 3998 quid
3212 3930 3341 3991 haec.
3365 3932 3615 3985 oamice?
3645 3930 3695 3986 ei
3727 3932 3858 3986 dixit
3891 3933 3994 3986 Pa-

2433 4022 2700 4089 phnutius.
2728 4020 2775 4071 ls
2804 4030 2976 4072 autem
3005 4020 3136 4071 dixit
3165 4020 3261 4085 ipsi
3286 4037 3299 4073 :
3323 4020 3453 4073 Sunt
3480 4022 3675 4075 fructus
3697 4037 3829 4075 mea
3853 4038 3995 4077 mer-

2434 4120 2658 4173 caturae,
2691 4110 2777 4176 qui
2812 4108 2919 4162 Deo
2960 4107 3249 4161 offeruntur
3277 4108 3340 4162 ad
3382 4109 3575 4177 justam
3622 4110 3995 4165 refectionem.

2434 4200 2565 4263 Quid
2596 4209 2771 4251 autem
2803 4200 2936 4259 haec,
2964 4199 3133 4265 inquit
3164 4199 3261 4265 ipsi
3292 4200 3634 4265 Paphnutius,
3656 4210 3710 4253 et
3736 4208 3789 4253 tu
3811 4211 3996 4254 nostro

2437 4290 2647 4342 nomine
2697 4304 2799 4340 non
2835 4288 3062 4341 frueris?
3086 4288 3130 4342 Is
3158 4300 3331 4342 autem
3360 4291 3627 4344 confessus
3654 4303 3735 4344 est
3758 4306 3817 4345 se
3844 4292 3909 4343 ad
3943 4291 3997 4345 id

2436 4381 2670 4433 studiose
2692 4380 3027 4432 contendere.
3052 4379 3109 4431 Ei
3129 4379 3395 4444 respond:t
3412 4378 3733 4446 Paphnutius
3757 4379 3986 4443 :Quous-

2436 4484 2539 4537 que
2566 4484 2694 4535 ergo
2742 4479 2795 4520 tu
2848 4478 3104 4521 terrenam
3151 4482 3368 4521 exerces
3414 4469 3843 4536 negouationem,
3897 4481 3996 4521 nec

2437 4559 2671 4611 caelestia
2720 4559 2931 4624 attingis
2979 4558 3355 4610 mercimonia?
3384 4558 3486 4611 Sed
3519 4557 3629 4610 haec
3672 4558 3885 4625 quidem
3934 4572 3996 4611 cs

2437 4647 2555 4700 aliis
2578 4647 2927 4708 dimissurus;
2954 4654 3008 4698 tu
3041 4660 3167 4699 vero
3213 4647 3274 4698 iis
3304 4657 3354 4698 te
3395 4646 3681 4713 adjuugens
3709 4660 3826 4713 qua:
3870 4656 3992 4698 sunt

2438 4739 2673 4789 maxime
2710 4743 3039 4802 opportuna,
3070 4750 3290 4803 sequere
3340 4734 3668 4787 Servatorem
3697 4776 3710 4798 ,
3759 4734 3824 4786 ad
3870 4748 3993 4785 eum

2438 4834 2691 4879 venturus
2721 4825 2875 4890 paulo
2898 4835 3031 4892 post.
3069 4824 3114 4876 Is
3138 4840 3261 4877 vero
3292 4825 3416 4876 nihil
3448 4823 3726 4885 differens,
3748 4822 3909 4891 jussit
3934 4825 3994 4873 li-

2438 4918 2536 4971 lios
2556 4932 2679 4970 suos
2701 4917 2895 4983 reliqua
2920 4916 3152 4969 dividere
3175 4916 3486 4982 pauperibus
3508 4932 3522 4977 ;
3547 4917 3656 4978 ipse
3678 4925 3847 4965 autem
3870 4928 3992 4967 cum

2442 5007 2493 5057 in
2524 5014 2753 5057 montem
2781 5006 3126 5067 ascendisset,
3158 5012 3209 5056 et
3237 5005 3463 5071 seipsum
3496 5003 3546 5055 in
3572 5018 3637 5057 eo
3676 5004 3790 5055 loco
3819 5002 3992 5055 inclu-

2441 5097 2618 5155 sisset.
2649 5096 2735 5147 ubi
2765 5095 2871 5147 duo
2903 5094 3101 5158 priores
3122 5094 3468 5146 consummati
3492 5093 3713 5155 fuerant,
3743 5106 3996 5159 perseve-

2442 5185 2591 5237 rabat
2614 5184 2665 5234 in
2694 5182 3033 5235 orationibus.
3084 5181 3253 5233 Parvo
3297 5189 3469 5233 autem
3516 5181 3695 5246 elapso
3733 5190 3993 5247 tempore,

2444 5272 2630 5325 relicto
2657 5286 2909 5337 corpore,
2942 5270 3109 5323 factus
3136 5282 3217 5323 est
3245 5271 3375 5323 civis
3406 5271 3654 5324 cmlestis.
3709 5270 3994 5338 Postquam

2443 5369 2616 5413 autem
2642 5375 2760 5413 eum
2782 5375 2989 5428 quoque
3017 5360 3266 5427 praemisit
3291 5358 3340 5412 in
3371 5360 3552 5421 caelos,
3582 5360 3692 5427 ipse
3716 5359 3873 5411 etiam
3904 5360 3997 5411 de-

2442 5452 2653 5519 spondit
2678 5452 2910 5504 animum
2933 5493 2945 5515 ,
2976 5461 3034 5503 ut
3060 5454 3147 5519 qui
3176 5465 3233 5503 se
3260 5465 3363 5503 non
3393 5461 3562 5517 posset
3589 5446 3808 5516 amplius
3834 5462 3993 5503 exer-

2444 5558 2585 5596 cere.
2608 5543 2877 5597 Assistens
2897 5552 3071 5598 autem
3099 5543 3314 5611 angelus
3340 5544 3385 5596 ei
3414 5543 3578 5595 dixit:
3607 5542 3717 5594 Huc
3741 5540 3997 5605 deinceps

2446 5632 2655 5697 accede,
2686 5634 2801 5686 veni
2829 5644 2880 5685 tu
2900 5648 3126 5699 quoque,
3158 5648 3188 5683 ο
3218 5633 3387 5694 beate,
3416 5633 3466 5683 in
3486 5641 3679 5684 aeterna
3706 5630 3794 5683 Dei
3820 5632 3996 5682 taber-

2446 5724 2649 5790 nacula,
2681 5734 2934 5776 venerunt
2962 5724 3099 5775 enim
3148 5720 3415 5791 prophetat
3452 5729 3503 5774 te
3548 5722 3597 5774 in
3637 5734 3758 5775 suos
3802 5720 3995 5777 chorus
