4258 6360
256 414 393 479 1169

1477 407 1846 471 HISTORIA
1885 409 2281 474 LAUSIACA.

3368 404 3504 471 1170

254 530 380 597 ἀχρι
422 525 525 595 τῆς
587 521 796 585 πόλεως
852 521 1144 590 ώδήγησα·
1201 516 1579 587 ἐλευθερώσας
1656 518 1828 587 αὐτὴν
1858 539 1901 594 Α
1932 520 2267 591 Παφνούτιος
2317 518 2420 582 τάς
2454 515 2551 572 τοῦ
2596 516 2791 588 ἀνδρὸς
2827 514 3049 588 ἀρετάς,
3104 514 3204 586 τήν
3262 518 3505 585 κεφαλὴν

260 618 395 688 μετά
419 618 529 671 τῶν
556 616 784 678 τέκνων,
814 614 908 665 καὶ
928 613 1020 664 τὸν
1042 611 1233 681 ἄνδρα.
1254 610 1395 681 Πρὸς
1419 609 1479 663 ὃν
1499 610 1828 679 ἀπεκρίνατο

256 711 284 762 6
311 710 674 777 Παφνούτιος⁴
720 704 863 772 Ἐγὼ
909 704 1008 771 μέν
1043 701 1193 756 οὐδὲν
1229 700 1454 770 ἐμαυτῷ
1484 701 1696 753 σύνοιδα
1720 700 1830 752 τῶν

256 800 509 854 τοιούτων
560 795 973 863 κατορθωκότιο
1008 797 1066 847 ἐν
1120 794 1176 846 δὲ
1205 794 1270 863 τῇ
1323 792 1555 863 ἀσκήσει
1612 792 1830 855 πάντως

257 894 494 962 ἀκήκοάς
534 908 601 959 με
648 885 791 941 εἶναι
832 886 1139 956 διαϐόητον.
1172 884 1247 937 Οὐ
1279 884 1388 954 γὰρ
1423 881 1686 953 ῥᾳθύμως
1731 881 1830 951 τὴν

256 982 490 1053 ἐμαυτοῦ
519 981 663 1052 ζωήν
690 978 997 1049 διελήλυθα.
1044 977 1200 1047 'Epol
1229 973 1323 1029 οὖν
1357 976 1385 1028 6
1416 975 1551 1037 Θεὸς
1582 973 1711 1045 περὶ
1739 972 1831 1026 σοῦ

256 1073 624 1143 ἀπεκάλυψεν,
654 1072 741 1125 ὅτι
770 1070 920 1123 οὐδὲν
972 1068 1194 1122 ἔλαττον
1248 1066 1375 1137 ἐμοὶ
1411 1066 1555 1135 ἐχεις
1607 1066 1665 1117 ἐν
1722 1066 1833 1126 τοῖς

260 1166 697 1237 κατορθώμασιν.
723 1164 785 1216 El
810 1163 904 1217 οὖν
923 1163 1023 1216 οὐκ
1044 1161 1224 1229 ὀλίγος
1251 1160 1432 1227 λόγος,
1457 1158 1674 1226 άδελφέ,
1706 1156 1834 1227 περὶ

261 1257 352 1311 σοῦ
386 1260 453 1327 τῇ
502 1256 719 1325 θεότητι
749 1256 982 1323 γίνεται,
1028 1252 1105 1324 μὴ
1137 1252 1237 1320 τῆς
1275 1250 1473 1304 ἐαυτοῦ
1521 1249 1723 1320 ψυχῆς,
1759 1248 1834 1312 ὡς

258 1349 467 1417 ἔτυχεν,
497 1348 945 1417 καταφρονήσῃς.
1002 1346 1063 1398 '0
1093 1346 1149 1397 δὲ
1188 1344 1351 1416 ῥίψας
1385 1342 1546 1405 εὐθὺς
1584 1342 1657 1403 ώς
1689 1334 1834 1408 εἶχεν

259 1444 318 1494 ἐν
344 1443 463 1503 ταῖς
507 1441 666 1510 χερσὶ
694 1439 821 1501 τοὺς
854 1436 1072 1501 αὐλοὺς,
1110 1438 1205 1491 καὶ
1234 1436 1340 1505 τὴν
1389 1432 1706 1502 ἐναρμόνιον
1736 1430 1831 1501 τῆς

262 1532 526 1602 μουσικῆς
554 1530 699 1601 ᾠδῆς
745 1530 826 1593 είς
871 1529 1251 1599 πνευματικὴν
1286 1524 1605 1597 μεταϐαλὼν
1656 1524 1835 1594 μελῳ-

258 1622 395 1685 δίαν,
436 1621 511 1691 τῷ
554 1623 709 1691 ἀνδρὶ
750 1623 829 1683 είς
875 1621 978 1691 τὴν
1028 1620 1234 1690 ἔρημον
1297 1616 1684 1689 ἠκολούθησεν.
1745 1614 1833 1666 Ἐν

260 1718 406 1785 τρισὶ
446 1715 501 1767 δὲ
532 1714 707 1766 ἐτεσιν
754 1714 894 1775 ὅλοις
926 1714 1067 1766 κατὰ
1098 1711 1296 1784 κράτος
1342 1711 1615 1781 ἀσκήσας,
1655 1708 1750 1760 καὶ
1776 1708 1834 1759 ἐν

261 1806 446 1875 ὕμνοις
488 1806 582 1858 καὶ
627 1808 685 1858 ἐν
735 1805 1067 1875 προσευχαῖς
1122 1804 1214 1856 τὸν
1258 1803 1455 1856 ἐαυτοῦ
1498 1801 1690 1872 χρόνον
1734 1802 1834 1869 τῆς

1930 613 2100 664 αὑτοῦ
2127 610 2327 680 ἐφίλει,
2361 609 2538 678 λέγων
2556 623 2569 639 ·
2592 608 2889 676 Εὐλογήσει
2918 623 2978 658 σε
3004 606 3209 676 Κύριος
3243 606 3307 657 ἐκ
3340 606 3499 665 Σιὼν,

1930 704 2024 754 καὶ
2053 701 2184 765 ῐδοις
2222 700 2293 754 τά
2327 698 2510 769 ἀγαθά
2573 698 2955 770 Ἰερουσαλήμ.
3000 696 3262 750 Λείπετκι
3310 695 3368 749 δέ
3424 712 3505 748 σοι

1929 791 2037 844 τῶν
2082 789 2296 863 ἀρετῶν
2338 790 2398 841 τὸ
2443 789 2758 857 κεφάλαιον,
2792 788 2824 857 ή
2862 785 3135 850 πάνσοφος
3180 782 3308 851 περ)⁵
3369 780 3505 835 Θεοῦ

1930 884 2149 952 γνῶσις,
2198 884 2265 954 ήν
2297 883 2398 935 οὐκ
2446 883 2510 936 ἂν
2542 882 2674 953 δύνῃ
2722 880 2936 942 ἀπόνως
2971 876 3297 947 κτήσασθαι,
3335 877 3384 929 εί
3431 875 3507 945 μὴ

1934 978 2130 1031 σαυτὸν
2160 976 2239 1048 τῷ
2278 977 2467 1047 κόσμῳ
2517 974 2997 1043 ἀπαρνησάμενος,
3047 972 3143 1023 καὶ
3192 966 3371 1021 λαὸὼν
3416 967 3507 1018 τὸν

1935 1066 2168 1138 σταυρὸν
2206 1066 2285 1137 τῷ
2318 1067 2530 1137 Σωτῆρι
2564 1064 2957 1133 ἀκολουθήσῃς.
3005 1060 3062 1114 '0
3101 1060 3158 1112 δὲ
3201 1059 3277 1120 ώς
3307 1058 3506 1126 ήκουσε

1932 1160 2125 1223 ταῦτα,
2150 1160 2283 1231 μηδὲ
2307 1161 2419 1222 τοῖς
2448 1156 2643 1211 ἐαυτοῦ
2674 1154 3103 1221 ἀποταξάμενος,
3128 1151 3289 1213 εὐθὺς
3320 1150 3507 1202 εἵπετο

1933 1252 2009 1323 τῷ
2040 1252 2193 1322 ἀνδρὶ
2220 1252 2311 1304 ἐπὶ⁵
2338 1252 2397 1303 τὸ
2429 1249 2578 1320 ὅρος.
2612 1249 2720 1300 Kal
2764 1246 2827 1315 δὴ
2861 1244 3122 1297 ἐλθόντων
3152 1242 3246 1295 ἐπὶ
3272 1240 3364 1294 τὸν
3409 1256 3508 1293 πο-

1933 1343 2128 1414 ταμὸν,
2172 1342 2424 1411 μηδαμοῦ
2453 1341 2695 1407 σκάφους
2731 1336 3170 1407 παραφανέντος,
3204 1331 3507 1403 προσέτατ-

1934 1451 2025 1487 τεν
2054 1436 2083 1486 ό
2133 1433 2466 1503 Παφνούτιος
2500 1431 2752 1495 πεζεύειν
2781 1430 2873 1483 τὸν
2913 1427 3175 1495 ποταμὸν,
3227 1425 3285 1478 δν
3336 1422 3508 1483 οὐδεὶς

1937 1523 2155 1577 πώποτε
2208 1525 2329 1577 κατ’
2376 1525 2582 1576 ἐκεῖνον
2625 1522 2714 1574 τὸν
2769 1521 2931 1572 τόπον
2964 1518 3259 1580 ἐπέζευσεν
3313 1513 3399 1566 διά
3449 1512 3511 1563 τὺ

1939 1615 2118 1684 βάθος.
2156 1615 2540 1684 Παρελθόντων
2561 1613 2616 1665 δέ
2650 1611 2830 1665 αὐτῶν
2863 1609 3074 1662 καὶτοῦ
3110 1607 3298 1669 ὓδατος
3325 1605 3507 1665 αὐτοῖς

1936 1706 2040 1769 ἕως
2069 1706 2165 1777 τῆς
2200 1705 2375 1776 ζώνης
2408 1704 2720 1774 γενομένου,
2772 1702 3106 1769 κατέστησεν
3132 1698 3294 1751 αὐτὸν
3321 1696 3377 1749 ἓν
3405 1713 3511 1747 τινι

1935 1800 2104 1869 τόπῳ.
2136 1798 2307 1860 Αὐτὸς
2335 1797 2392 1850 δέ
2441 1796 2601 1849 αὑτὸν
2629 1795 2978 1866 διαχωρίσας,
3012 1792 3180 1845 ἐδεῖτο
3228 1788 3323 1843 τοῦ
3374 1788 3512 1841 Θεοῦ

262 1895 404 1964 ζωῆς
432 1894 769 1959 διατελέσας,
798 1893 933 1965 πρὸς
966 1896 1063 1963 τὴν
1091 1894 1341 1964 οὐράνιον
1389 1893 1613 1961 πορείαν
1650 1890 1834 1943 ἐστέλς-
1868 1883 1907 1938 Β
1938 1890 2203 1960 κρείττων
2235 1888 2472 1959 φανῆναι
2512 1886 2619 1942 τῶν
2652 1886 2934 1941 τοιούτων.
2974 1884 3111 1939 Μετ’
3143 1883 3204 1936 οὑ
3256 1879 3423 1934 πολὺν
3453 1880 3511 1933 δὲ

261 1987 401 2047 λετο,
452 1987 551 2040 σὺν
577 1988 757 2055 χοροῖς
788 1987 959 2054 ἀγίων
994 1987 1089 2040 καὶ
1136 1986 1383 2055 τάγμασι
1427 1983 1651 2037 δικαίων
1676 1981 1834 2055 ἀριθ-

262 2078 455 2150 μηθεὶς
475 2078 841 2133 ἀνεπαύσατο.

839 2171 1098 2225 ΚΕΦΔΔ.
1139 2169 1256 2225 ΞΔ’.

720 2262 859 2331 Περὶ
889 2264 1371 2331 προποκόμητος.

333 2354 423 2417 Ὠς
455 2352 589 2422 γοῦν
608 2352 817 2406 ἐκεῖνον
848 2352 1226 2419 ἐνασκήσαντα
1256 2347 1440 2413 καλῶς
1467 2349 1589 2412 ταῖς
1613 2349 1835 2419 ἀρεταῖς

262 2448 399 2517 πρὸς
429 2445 563 2499 Θεὸν
595 2442 934 2504 ἀπέστειλεν,
967 2441 1175 2505 ἐπιθεὶς
1220 2440 1398 2511 ἐαυτῷ
1433 2441 1656 2512 μείζονα
1684 2441 1835 2494 πολι-

260 2539 409 2593 τείαν
441 2540 542 2608 τῆς
591 2535 920 2608 ἔμπροσθεν,
957 2534 1147 2605 ἠρώτα
1175 2534 1264 2587 τὸν
1290 2533 1423 2587 Θεὸν
1470 2534 1633 2588 πάλιν
1664 2532 1838 2599 δηλω-

260 2630 425 2701 θῆναι
453 2629 602 2698 αὐτῷ
627 2628 734 2681 τίνι
763 2626 872 2681 τῶν
910 2626 1082 2695 ἁγίων
1102 2625 1212 2697 ἀρα
1263 2626 1349 2697 εῐη
1374 2626 1579 2696 ὅμοιος·
1613 2626 1705 2679 καὶ
1736 2626 1832 2679 πά-

260 2724 344 2777 λιν
391 2722 545 2794 φωνή
590 2738 676 2785 τις
727 2720 920 2790 γέγονε
978 2718 1119 2783 θεία,
1176 2718 1311 2789 πρὸς
1362 2717 1524 2772 αὑτὸν
1581 2716 1835 2785 λέγουσα·

265 2817 490 2877 Ἔοικας
531 2813 610 2883 τῷ
639 2812 740 2882 τῆς
786 2811 1015 2883 πλησίον
1052 2808 1245 2880 κώμης
1295 2811 1736 2880 πρωτοκωμήτῃ.
1781 2808 1839 2860 Ὀ

260 2907 317 2959 δὲ
342 2906 419 2968 ώς
449 2905 681 2973 τάχιστα
712 2903 849 2975 πρὸς
891 2902 1055 2957 αὑτὸν
1084 2897 1210 2971 ἧκε.
1245 2902 1355 2955 Καὶ
1398 2900 1463 2972 δὴ
1512 2900 1837 2971 κρούσαντος

262 2994 428 3049 αὐτοῦ
464 2995 556 3048 τὸν
598 2994 842 3060 πυλῶνα,
876 2992 1186 3063 προσῆλθεν
1219 2993 1446 3056 ἐκεῖνος,
1470 2991 1612 3044 κατά
1638 2990 1699 3043 τὸ
1718 2989 1839 3050 ἐθος

260 3086 351 3139 τὸν
379 3085 530 3150 ξένον
557 3084 974 3153 ὑποδεξάμενος.
1004 3082 1183 3152 Νίψας
1209 3082 1265 3134 δὲ
1292 3082 1418 3145 τοὺς
1460 3082 1625 3144 πόδας
1648 3080 1834 3144 αὐτοῦ,

1937 1983 2126 2053 χρόνον
2163 1981 2235 2034 ῐδε
2268 1982 2366 2050 τήν
2405 1980 2583 2051 ψυχὴ)
2616 1981 2712 2033 τοῦ
2750 1979 2943 2049 ἀνδρὸς
2974 1977 3079 2029 ὑπὸ
3104 1974 3350 2043 ἀγγέλων
3378 1973 3508 2025 ἀναο

1937 2072 2379 2144 λαμὸανομένην,
2430 2072 2753 2140 ύμιουντων
2782 2069 2873 2122 τὸν
2905 2066 3037 2121 Θεὸν
3082 2066 3179 2120 καὶ
3208 2064 3475 2132 λεγόντων
3496 2078 3508 2091 ’

1938 2165 2221 2234 Μακάριος
2245 2164 2303 2218 δν
2335 2163 2567 2228 ἐξελέξω
2597 2162 2689 2215 καὶ
2711 2159 3071 2232 προσελάϐου,
3096 2156 3509 2227 κατασκηνώσει

1937 2258 1996 2309 ἐν
2028 2259 2148 2320 ταῖς
2174 2256 2366 2320 αὐλαῖς
2407 2272 2498 2307 σου
2526 2269 2541 2284 ’
2571 2254 2665 2307 καὶ
2693 2253 2853 2305 πάλιν
2884 2252 2991 2304 τῶν
3026 2250 3251 2303 δικαίων
3284 2251 3514 2319 ἀποκρι-

1938 2349 2178 2418 νομένων
2212 2346 2304 2400 καὶ
2339 2346 2628 2413 λεγόντων,
2664 2345 2869 2414 Εἰρήνη
2916 2341 3085 2411 πολλή
3111 2342 3225 2403 τοῖς
3254 2338 3511 2406 ἀγαπῶσι

1937 2443 1999 2495 τὸ
2027 2442 2199 2512 δνομά
2232 2458 2346 2495 σου.
2384 2440 2496 2494 Καὶ
2521 2438 2663 2506 ἔγνω
2691 2438 2772 2491 ὅτι
2807 2439 2835 2490 ό
2864 2437 3001 2508 ἀνὴρ
3025 2434 3393 2489 τετελείωται.

2518 2532 2769 2586 ΚΕΦΑΛ.
2814 2530 2932 2584 ΞΕ’.

2494 2623 2634 2691 Περὶ
2670 2623 2953 2691 ἐμπόρου.

2022 2718 2106 2781 Ὠς
2161 2718 2217 2771 δέ
2275 2716 2542 2787 ἐπέμενεν
2603 2717 2632 2768 6
2685 2713 3022 2783 Παφνούτιος
3077 2711 3345 2787 δυσωπῶν
3395 2710 3515 2771 ταῖς

1939 2813 2126 2880 εὐχαῖς
2150 2810 2242 2862 τὸν
2271 2786 2427 2868 Θεὸν.
2457 2808 2551 2861 καὶ
2583 2806 2683 2874 τὴν
2712 2804 2969 2875 νηστείαν
3001 2786 3369 2873 παρατείνων,
3404 2796 3513 2852 πά-

1938 2903 2020 2954 λιν
2045 2902 2198 2971 ήξίου
2218 2900 2521 2972 δηλωθῆναι
2549 2899 2722 2968 αὐτῷ,
2764 2899 2869 2949 τίνι
2905 2897 2972 2949 ἂν
3011 2894 3097 2964 εἴη
3124 2896 3329 2964 ὅμοιος.
3366 2893 3515 2961 Ἔφη

1937 2992 1995 3046 δὲ
2043 2991 2207 3045 πάλιν
2251 2992 2285 3061 ή
2333 2990 2451 3042 θεία
2495 2988 2682 3057 φωνή·
2741 2987 3001 3057 Ἐμπόρῳ
3049 2982 3228 3045 ἔοικας
3262 2978 3516 3051 ζητοῦντι

1939 3084 2139 3147 καλοὺς
2172 3084 2535 3155 μαργαρίτας.
2583 3080 2743 3135 Ἀλλά
2775 3078 3037 3148 ἀνάστηθι
3066 3076 3275 3138 λοιπὸν,
3314 3072 3405 3126 καὶ
3440 3072 3515 3142 μὴ

264 3179 357 3231 καὶ
404 3178 671 3247 παραθεὶς
728 3174 1029 3244 τράπεζαν,
1093 3174 1467 3244 προετρέπετο
1513 3172 1837 3242 μεταλαϐεῖν
1863 3216 1907 3275 C
1943 3177 2124 3245 μέλλε,
2157 3177 2576 3248 Προαπαντήσει
2608 3173 2717 3244 γάρ
2751 3190 2831 3224 σοι
2861 3175 2888 3225 ὀ
2915 3173 3053 3242 ἀνὴρ
3078 3165 3121 3238 ᾧ
3149 3163 3512 3234 ἀπεικάσθης.

260 3269 370 3320 τῶν
420 3268 719 3335 ἐδωδίμων.
769 3267 1083 3336 Πυθομένου
1116 3266 1172 3318 δὲ
1218 3265 1316 3325 τάς
1364 3264 1591 3335 πράξεις
1644 3264 1834 3331 αὐτοῦ,

263 3359 358 3411 καὶ
411 3356 693 3424 λέγοντος·
723 3352 796 3407 Ἤ
854 3354 1128 3425 ἀνθρωπε,
1178 3354 1275 3417 τὰς
1320 3355 1521 3407 σαυτοῦ
1564 3354 1840 3418 πολιτείας

265 3446 477 3514 φράσον
503 3462 517 3474 ·
559 3444 787 3507 πολλοὺς
817 3446 926 3515 γάρ
962 3445 1245 3513 μοναχοὺς,
1272 3443 1347 3507 ὥς
1384 3460 1474 3513 μοι
1504 3446 1531 3497 6
1559 3444 1692 3508 Θεὸς
1718 3445 1842 3516 ἐδή-

260 3537 458 3605 λωσεν,
490 3536 897 3608 ύπερῆέὸηκας.
941 3535 1003 3589 Ὀ
1046 3534 1103 3587 δὲ
1148 3534 1334 3601 ἔλεγεν
1364 3534 1555 3587 ἐαυτὸν
1584 3534 1841 3605 ἀμαρτω-

261 3631 352 3683 λδν
380 3626 545 3691 εἷναι,
580 3631 673 3682 καὶ
717 3629 936 3693 ἀνάξιον
970 3627 1065 3680 τοῦ
1107 3626 1373 3696 ὀνόματος
1412 3626 1521 3678 τῶν
1568 3626 1836 3696 μοναχῶν.

275 3723 365 3786 Ὣς
405 3725 465 3776 δὲ
493 3725 760 3791 ἐπέμενεν
810 3721 1053 3793 ἐρωτῶν,
1081 3720 1418 3790 ἀπεκρίνατο
1455 3720 1483 3771 6
1533 3719 1839 3789 ἄνθρωπος,

261 3816 479 3883 λέγων·
534 3814 676 3881 Ἐγὼ
724 3814 822 3884 μὲν
869 3813 968 3867 οὐκ
1002 3808 1147 3881 εἷχον
1192 3811 1436 3879 ἀνάγκην
1476 3810 1548 3864 τὰ
1601 3809 1840 3879 ἐμαυτοῦ

258 3909 519 3978 δράματα
548 3906 933 3974 ἐξαγορεῦσαι.
980 3903 1199 3973 Ἐπειδὴ
1228 3904 1284 3955 δέ
1320 3902 1470 3972 παρά
1496 3902 1630 3953 Θεοῦ
1663 3902 1841 3969 λέγεις

261 3996 609 4068 ἐληλυθέναι,
656 3995 724 4048 τά
769 3995 1041 4063 προσόντα
1077 4011 1166 4063 μοι
1204 3992 1503 4061 ἀπαγγελῶ
1540 4010 1641 4044 σοι.
1688 3994 1843 4061 Ἐμοὶ

259 4088 588 4158 τριακοστὸν
618 4087 719 4156 ήδη
749 4085 894 4139 τοῦτ’
922 4086 1068 4137 ἔστιν
1109 4085 1249 4147 έτος,
1278 4085 1336 4150 ἐξ
1371 4080 1432 4139 οὗ
1479 4086 1713 4153 ἐμαυτὸν
1743 4089 1841 4152 τῆς

260 4177 513 4248 γαμετῆς
551 4193 653 4246 μου
686 4176 947 4246 ἐχώρισα,
981 4176 1106 4244 τρία
1135 4176 1272 4245 αὐτῇ
1302 4176 1464 4245 μόνον
1509 4175 1836 4246 προσομιλή·

262 4290 361 4335 σας
392 4272 512 4340 ἐτη,
540 4273 633 4322 καὶ
663 4273 811 4339 τρεῖς
842 4271 989 4331 υἱοὺς
1013 4270 1070 4335 ἐξ
1101 4271 1271 4339 αὐτῆς
1296 4272 1548 4341 ποιήσας,
1583 4272 1631 4324 οἳ
1660 4272 1723 4340 δὴ
1749 4272 1841 4324 καὶ

258 4364 380 4424 ταῖς
408 4361 622 4431 χρείαις
663 4378 763 4428 μου
799 4360 1196 4429 ὑπηρετοῦσιν·
1241 4361 1339 4413 οὐκ
1381 4363 1708 4430 ἐπαυσάμην
1745 4364 1842 4427 τῆς

260 4454 572 4521 φιλοξενίας
607 4454 770 4523 μέχρι
798 4453 895 4521 τῆς
918 4455 1175 4521 σήμερον.
1215 4454 1290 4505 Ού
1325 4454 1595 4521 καυχᾶταί
1625 4472 1707 4517 τις
1735 4454 1841 4505 τῶν

1941 3268 2231 3323 Κατελθὼν
2256 3269 2311 3321 δέ
2338 3269 2544 3329 ἐκεῖνος
2578 3267 2687 3320 ῐδεν
2711 3266 2879 3335 ἀνδρα
2909 3265 3030 3317 τινὰ
3061 3263 3324 3334 ἔμπορον,
3365 3257 3516 3311 Ἀλε-

1941 3363 2199 3433 ξανδρέα,
2229 3361 2398 3431 ἀνδρα
2438 3359 2641 3428 εύλαὸῆ
2673 3359 2768 3412 καὶ
2813 3358 3156 3427 φιλόχριστον
3189 3355 3283 3408 δύο
3319 3356 3518 3423 μυριά-

1938 3447 2030 3510 δας
2055 3446 2327 3517 χρυσίνων
2358 3447 2882 3518 πραγματευόμενον
2915 3450 3052 3516 μετά
3074 3444 3269 3498 ἑκατὸν
3294 3443 3476 3496 πλοίω·
3499 3483 3517 3508 ,

1939 3540 2005 3593 ἐκ
2051 3544 2148 3609 τῆς
2202 3540 2481 3611 ἀνωτέρας
2531 3540 2794 3608 Θηϐαΐδος
2852 3539 3141 3603 κατιόντα,
3192 3538 3374 3589 πᾶσαν
3417 3536 3518 3604 τὴν

1938 3632 2128 3688 οὐσίαν
2162 3632 2326 3687 αὑτοῦ
2376 3632 2473 3685 καὶ⁵
2505 3630 2775 3702 ἐμπορίαν
2803 3632 2915 3692 τοῖς
2957 3631 3194 3699 πτωχοῖς
3223 3628 3319 3682 καὶ
3346 3636 3519 3697 μονα·-

1939 3730 2054 3797 χοῖς
2087 3728 2461 3795 διανείμαντα.
2506 3727 2602 3787 ⁸ος
2639 3724 2778 3793 μετά
2805 3724 2914 3776 τῶν
2949 3723 3114 3776 αὐτοῦ
3146 3721 3353 3776 παίδων
3385 3721 3519 3774 δέκα

1941 3820 2181 3881 σάκκους
2204 3818 2445 3888 ὀσπρίων
2468 3817 2732 3885 ἀνέφερεν
2754 3816 2888 3885 πρὸς
2912 3815 3093 3867 αὐτόν.
3121 3814 3228 3867 Καὶ
3244 3813 3294 3865 τί
3322 3812 3515 3877 ταῦτα,

1940 3906 1984 3964 ὦ
2028 3912 2182 3979 φίλε;
2215 3910 2320 3979 ἔφη
2374 3910 2510 3979 πρὸς
2557 3909 2718 3962 αὐτὸν
2752 3910 2780 3961 6
2814 3909 3172 3977 Παφνούτιος.
3224 3907 3285 3959 Ὀ
3320 3907 3379 3960 δὲ
3412 3906 3517 3975 ἔφη

1940 4002 2076 4070 πρὸς
2114 4001 2276 4055 αὐτόν
2302 4016 2315 4030 '
2351 4001 2473 4054 Οἵδε
2521 4002 2571 4052 οί
2610 4000 2814 4068 καρποὶ
2840 4002 2938 4068 τῆς
2965 3999 3236 4069 ἐμπορίας
3268 3999 3407 4051 είσὶν
3438 4000 3519 4057 είς

1939 4091 2161 4142 δικαίων
2195 4089 2506 4143 ἀνάπαυσιν
2540 4088 2617 4157 τῷ
2664 4087 2783 4158 Θεῷ
2817 4089 3274 4158 προσφερόμενοι.
3320 4087 3385 4140 Τί
3422 4087 3518 4154 δέ;

1942 4180 2106 4249 φησὶν
2130 4180 2267 4250 πρὸς
2297 4179 2459 4234 αὑτὸν
2485 4181 2513 4232 6
2537 4177 2893 4248 Παφνούτιος,
2922 4179 3017 4231 καὶ
3040 4180 3103 4232 σὺ
3133 4178 3228 4232 τοῦ
3255 4179 3518 4248 ὀνόματος

1940 4274 2038 4325 οὐκ
2086 4272 2381 4336 ἀπολαύεις
2436 4272 2530 4324 τοῦ
2577 4273 2884 4341 ἡμετέρους
2921 4272 2979 4325 '0
3010 4273 3065 4325 δὲ
3115 4272 3189 4336 ὼς
3229 4273 3320 4327 ἐπὶ
3361 4273 3519 4339 τοῦτο

1942 4363 2194 4416 σπεύδειν
2246 4362 2383 4431 πρὸς
2430 4364 2594 4415 αὑτὸν
2635 4362 2942 4432 ὡμολόγει.
3000 4364 3334 4433 ἀπεκρίνατο
3380 4366 3518 4433 πρ⁵ς

1942 4454 2126 4506 αὐτόν.
2159 4454 2338 4524 Μέχρι
2371 4455 2515 4515 τίνος
2548 4453 2639 4506 οὖν
2672 4454 2738 4507 τά
2772 4456 2932 4523 γήϊνα
2967 4455 3375 4523 πρά-(ματεύει,
3409 4456 3519 4508 τῶν

260 4546 522 4614 κομήτων
576 4544 686 4613 πρὸ
727 4543 864 4613 ἐμοῦ
914 4546 1006 4597 τὸν
1056 4545 1204 4608 ξένον
1252 4545 1671 4613 ὑποδεξάμενος.
1726 4546 1838 4597 υύκ
1872 4545 1914 4599 D
1943 4545 2209 4614 οὐρανίων
2241 4546 2676 4615 ὲμπορευμάτων
2709 4546 2783 4615 μὴ
2811 4547 3152 4614 ἀπτόμενος;
3184 4546 3319 4599 ἀλλά
3345 4546 3515 4599 ταῦτα

258 4636 455 4707 ἐξῆλθε
486 4635 659 4705 πένης
686 4636 718 4705 ἢ
745 4634 895 4699 ξένος
940 4637 1123 4697 κεναῖς
1146 4635 1304 4705 χερσὶ
1346 4636 1445 4707 τὴν
1474 4637 1612 4707 ἐμὴν
1644 4635 1836 4707 αὐλὴν,

260 4727 338 4797 μὴ
393 4727 663 4797 πρότερον
708 4724 1046 4793 ἐφοδιασθεὶς
1091 4728 1232 4777 κατὰ
1265 4726 1453 4791 λόγον·
1499 4727 1558 4779 οὐ
1613 4726 1837 4797 παρίδον

257 4820 473 4888 πένητα
503 4817 938 4885 δυστυχήσαντα,
972 4815 1047 4884 μή
1075 4815 1265 4886 ίκανὴν
1298 4817 1653 4885 παραμυθίαν
1688 4815 1836 4886 αὐτῷ

256 4908 580 4979 χορηγήσας
608 4923 620 4936 ·
658 4907 757 4959 οὐκ
783 4906 975 4959 ἐλαδον
1009 4906 1296 4975 πρόσωπον
1319 4906 1511 4959 τέκνου
1542 4910 1599 4960 ἐν
1621 4909 1829 4979 κρίσει“

256 5003 359 5054 οὐκ
384 4998 640 5068 εἰσῆλθον
680 5000 761 5060 είς
816 4998 905 5050 τὸν
953 4994 1099 5051 οἶκόν
1137 5016 1237 5067 μου
1272 4999 1477 5069 καρποὶ
1522 5000 1831 5069 ἀλλότριον

254 5092 357 5146 οὐκ
383 5092 606 5159 ἐγένετο
653 5090 826 5160 μάχη,
863 5090 929 5159 ἣν
966 5088 1040 5159 μὴ
1063 5090 1382 5159 είρήνευσα*
1416 5091 1516 5144 οὐκ
1550 5092 1835 5161 ἐμέμψατό

253 5201 338 5246 τις
370 5180 462 5235 ἐπ’
495 5182 695 5251 ἀτοπίᾳ
725 5181 850 5244 τοὺς
899 5180 1061 5250 ἐμοὺς
1090 5181 1283 5243 παῖδας
1305 5197 1318 5212 ο
1360 5181 1458 5252 οὐχ
1488 5182 1693 5251 ἥψαντο
1727 5184 1836 5236 τῶν

254 5272 560 5343 ἀλλοτρίων
584 5272 813 5343 καρπῶν
837 5272 894 5324 αί
925 5271 1115 5338 ἀγέλαι
1137 5289 1237 5341 μου
1256 5288 1270 5301 ·
1300 5273 1401 5324 οὐκ
1431 5272 1659 5343 ἔσπειρα
1688 5273 1837 5343 πρῶ-

252 5383 345 5427 τος
375 5368 479 5428 τὰς
504 5364 645 5433 ἐμὰς
678 5364 885 5433 χώρας,
912 5363 1047 5415 ἀλλά
1081 5364 1247 5417 πᾶσιν
1280 5363 1452 5427 αὑτὰς
1486 5366 1671 5428 κοινάς
1704 5382 1836 5437 προ-

254 5456 513 5528 θέμενος,
558 5456 656 5516 τάς
685 5454 1109 5524 ὑπολειφθείσας
1151 5456 1566 5529 ἐκαρπωσάμην
1586 5472 1599 5488 °
1628 5457 1689 5511 οὐ
1716 5474 1837 5510 συν.

250 5550 513 5619 εχώρησα
543 5547 1105 5616 καταδυναστευθῆναι
1134 5549 1345 5618 πένητα
1377 5548 1482 5601 ὑπὸ
1532 5548 1792 5603 πλουσίου
1816 5566 1832 5582 ⁸

251 5642 312 5693 ού
346 5638 718 5709 παρελύπησά
750 5657 868 5692 τινα
898 5643 957 5692 ἐν
983 5640 1060 5706 τῷ
1094 5640 1192 5710 βίῳ
1216 5656 1349 5708 μου·
1378 5639 1560 5709 κρίσιν
1590 5641 1836 5711 πονηρὰν

255 5734 378 5785 κατ’
410 5730 629 5794 οὐδενός
653 5749 782 5784 ποτε
808 5732 907 5785 ούκ
941 5732 1230 5800 ἐξενήνοχα
1248 5748 1261 5762 ο
1287 5732 1460 5786 ταῦτα
1491 5731 1626 5785 Θεοῦ
1657 5732 1835 5786 θέλον-

254 5841 345 5891 τος
388 5822 609 5885 σύνοιδα
653 5824 875 5894 ἐμαυτῷ
922 5823 1308 5897 πεπραγμένα.
1376 5823 1641 5888 Ἀκούσας
1696 5825 1750 5878 δὲ
1804 5827 1831 5878 6

1948 4635 2047 4703 μὲν
2077 4635 2283 4705 ἐτέροις
2311 4635 2520 4704 μέλλων
2548 4637 2788 4703 ἀφεῖναι,
2816 4638 2879 4690 σὺ
2912 4637 2969 4689 δὲ
3003 4636 3110 4689 τῶν
3142 4639 3519 4707 καιριωτάτων

1945 4723 2223 4792 ἐχόμενος,
2256 4722 2622 4792 ἀκολούθησον
2671 4722 2749 4793 τῷ
2798 4725 3033 4794 Σωτῆρι,
3066 4726 3244 4792 ὀλίγον
3294 4725 3519 4796 ὕστερον

1945 4815 2081 4884 πρὸς
2124 4814 2285 4866 αὑτὸν
2322 4814 2669 4883 ἀφιξόμενος.
2717 4816 2781 4868 'U
2821 4816 2878 4868 δὲ
2911 4816 3077 4885 μηδὲν
3113 4815 3516 4887 ὑπερθέμενος,

1941 4911 2054 4971 τοῖς
2084 4906 2277 4960 ἐαυτοῦ
2304 4908 2491 4959 παισὶν
2515 4908 2831 4961 ἀνετέλλετο
2861 4909 2929 4963 τά
2953 4909 3116 4963 λοιπά
3139 4911 3255 4973 τοῖς
3286 4916 3519 4981 πτωχοῖς

1942 5000 2241 5069 διανεῖμαι,
2275 5000 2437 5061 αὐτὸς
2465 4999 2522 5052 δέ
2552 4999 2791 5053 ἀνελθὼν
2824 5002 2907 5062 είς
2936 5000 2996 5053 τὸ
3018 5003 3162 5071 ὅρος,
3200 5002 3294 5054 καὶ
3329 5002 3523 5054 ἐαυτὸν

1944 5089 2001 5140 ἐν
2036 5091 2226 5159 ἐκείνῳ
2259 5089 2338 5160 τῷ
2366 5090 2515 5160 τόπῳ
2542 5090 2836 5160 καθείρξας
2870 5091 2997 5144 ἔνθα
3020 5094 3069 5144 οἱ
3099 5092 3201 5163 πρὸ
3235 5093 3399 5146 αὑτοῦ
3428 5094 3522 5147 δύο

1942 5178 2332 5249 ἐτελειώθησαν
2356 5221 2370 5245 ,
2405 5182 2838 5252 προσεκαρτέρει
2872 5182 2952 5252 τῷ
2981 5181 3100 5253 Θεῷ
3145 5184 3519 5254 προσευχόμε-

1942 5290 2050 5333 νος.
2096 5272 2305 5339 Ὀλίγου
2336 5274 2391 5325 δὲ
2413 5274 2833 5339 διιππεύσαντος
2863 5276 3079 5345 χρόνον,
3115 5277 3427 5329 καταλιπὼν
3459 5280 3521 5329 τὸ

1944 5365 2101 5434 σῶμα
2123 5365 2549 5435 οὐρανοπολίτης
2572 5367 2806 5434 ἐγένετο.
2851 5366 2936 5429 Ὠς
2964 5367 3017 5419 δὲ
3041 5368 3133 5419 καὶ
3163 5365 3351 5420 τοῦτον
3384 5383 3519 5434 προσ

1944 5456 2167 5525 πέμψας
2210 5458 2288 5518 είς
2330 5458 2627 5527 οὐρανοὺς,
2659 5458 2845 5511 λοιπὸν
2884 5460 2977 5511 καὶ
3006 5459 3167 5522 αὐτὸς
3208 5461 3306 5528 τὴν
3340 5458 3520 5529 ψυχὴν

1942 5546 2292 5605 ἀπελείπετο,
2330 5546 2527 5615 μηκέτι
2561 5546 2723 5597 πλέον
2758 5546 2998 5614 ἀσκῆσαι
3030 5545 3347 5613 δυνάμενος.
3388 5546 3522 5611 Ἀγ-

1945 5638 2095 5705 γελος
2127 5637 2181 5689 δὲ
2215 5639 2498 5706 παραστὰς
2533 5634 2685 5691 εἶπεν
2728 5638 2896 5707 αὐτῷ·
2939 5636 3106 5707 Δεῦρο
3141 5638 3205 5707 δὴ
3238 5638 3445 5699 λοιπὸν,
3476 5632 3521 5689 ὦ

1948 5729 2219 5799 μακάριε,
2263 5731 2355 5781 καὶ
2395 5730 2458 5781 σὺ
2494 5730 2573 5792 είς
2604 5730 2705 5793 τὰς
2741 5730 2995 5792 αἰωνίους
3042 5729 3266 5799 σκηνάς.
3315 5731 3522 5783 Ἤκαει

1945 5825 2050 5894 γᾶρ
2078 5826 2123 5876 οἱ
2168 5824 2440 5895 προφῆται
2494 5826 2570 5886 εἰς
2618 5825 2741 5888 τοὺς
2786 5822 2995 5877 ἑαυτῶν
3046 5822 3239 5892 χορούς
3284 5841 3339 5875 σε
3392 5824 3514 5876 ὑκοτ
