4258 6360
746 388 875 452 1171

2192 388 2274 450 ΡΑ
2284 388 2539 450 LLADII

3867 397 4004 460 H72

746 502 1050 570 δεξάμενοι.
1080 500 1252 554 Τοῦτο
1281 500 1337 553 δέ
1365 500 1421 553 ἐν
1450 502 1530 554 σο“ι
1568 501 1629 555 τὸ
1659 502 1787 570 πρὶν
1816 504 1914 556 οὑκ
1949 501 2202 569 ἐξεφάνη,
2236 501 2323 550 ῐνα
2353 503 2396 557 Δ
2427 501 2723 570 Φιλήμονα.
2763 503 2966 569 Ίῐγετο
2993 495 3085 555 οῦν
3118 502 3215 554 σὺν
3244 502 3423 566 αὑτοῖς
3454 506 3482 557 6
3518 504 3873 569 Ἀπολλώνιος
3904 514 4003 559 καὶ

750 589 823 656 μὴ
872 585 1129 655 ἐπαρθεὶς
1182 584 1470 655 ζημιωθῇς
1525 586 1625 654 τῆς
1682 586 1859 650 ἀξίας.
1921 585 2217 651 Ἐπιζήντας
2262 584 2317 635 δὲ

748 670 877 740 μίαν
908 669 1120 738 ἡμέραν
1163 668 1343 737 μόνον,
1390 668 1775 737 πρεσϐυτέρων
1804 668 1964 721 τινῶν
2005 667 2147 720 κατά
2182 668 2318 719 ἀπο-

745 752 975 819 κάλυψιν
1011 752 1147 818 πρὸς
1194 751 1356 803 αὑτὸν
1387 751 1741 820 ἐληλυθότων,
1784 753 1961 804 πάντα
2005 752 2187 812 αὑτοῖς
2218 751 2319 818 ὑφ-

747 836 1112 906 ηγησάμενος,
1137 835 1419 905 παρέδωκε
1438 837 1534 908 τὴν
1550 837 1747 907 ψυχήν.
1768 837 2053 906 Ἑμφανῶς
2076 838 2131 887 δὲ
2158 836 2317 887 αὑτὸν

749 920 800 971 οἰ
844 918 1205 991 πρεσϐύτεροι
1244 919 1538 974 ἐθεάσαντο
1588 922 1686 975 σὺν
1733 926 1913 992 χοροῖς
1954 924 2178 975 δικαίων
2226 922 2318 973 καὶ

751 1002 999 1070 ἀγγέλων
1023 1002 1559 1074 ἀναλαμϐανόμενον,
1587 1006 1682 1059 καὶ
1708 1006 2017 1075 ὑμνούντων
2044 1007 2135 1058 τὸν
2160 1005 2312 1059 Θεόν.

1329 1136 1581 1191 ΚΕΦΑΛ.
1620 1137 1753 1203 ΞΕΓ.

1061 1227 1200 1295 Περί
1255 1228 1652 1281 Ἀπολλωνίου
1687 1228 2002 1297 μάρτυρος.

816 1336 1012 1404 Γέγονε
1037 1335 1095 1389 δέ
1122 1352 1208 1395 τις
1235 1336 1374 1389 κατά
1401 1338 1500 1405 τὴν
1523 1336 1764 1406 Θηϐαΐδα
1807 1338 2061 1407 μοναχὸς,
2092 1336 2317 1406 ὀνόματι

758 1418 1131 1481 ’Δπολλὼνιος.
1158 1412 1324 1482 Οὗτος
1353 1420 1613 1491 πλείστας
1639 1422 1899 1491 δυνάμεις
1919 1424 2020 1491 τῆς
2046 1422 2318 1483 πολιτείας

746 1502 910 1555 αὑτοῦ
946 1501 1258 1567 ἐπεδείξατο
1280 1516 1294 1531 ·
1328 1489 1399 1572 ﬁ;
1427 1503 1481 1555 δὲ
1518 1506 1611 1557 καὶ
1638 1505 1731 1557 τοῦ
1765 1489 2027 1574 όνόματος
2068 1507 2165 1575 τῆς
2202 1506 2318 1557 δια-

746 1586 928 1648 κονίας
956 1585 1276 1656 ἠξιωμένος.
1323 1587 1712 1657 ’Υπερϐάλλων
1759 1589 1816 1640 δέ
1851 1589 2053 1652 πάσαις
2098 1591 2317 1657 ἀρεταῖς

745 1671 869 1731 τοὺς
893 1669 1111 1722 πώποτε
1141 1671 1604 1739 εὐδοκιμήσαντας
1642 1673 1699 1723 ἐν
1727 1672 1805 1740 τῷ
1834 1672 2009 1743 καιρῷ
2035 1671 2128 1724 τοῦ
2153 1672 2317 1737 διωγ·

752 1751 874 1816 μοῦ,
910 1751 1344 1823 παραθαρσύνων
1377 1754 1500 1814 τοὺς
1526 1754 1764 1822 Χριστοῦ
1794 1755 2154 1823 δμολογητάς,
2189 1753 2317 1805 πολ-

2421 584 2569 636 ἀλλοι
2591 585 2732 647 τινές
2752 584 3240 654 ὁμολογησάμενοι.
3268 587 3654 655 Πορευομένων
3679 587 3736 640 δὲ
3755 590 4000 655 πάντων,

2422 668 2561 721 κατά
2594 669 2692 737 τὴν
2722 668 2840 723 ὁδὸν
2867 669 3068 739 ἐπῆλθε
3100 670 3257 739 χάρις
3304 671 3393 721 ἐπ’
3427 671 3587 723 αὑτὸν
3608 712 3624 736 ,
3661 674 3756 725 καὶ
3792 674 4003 742 ήρξατο

2418 753 2689 807 διδάσκειν
2722 755 2846 817 τοὺς
2887 756 3240 823 στρατιώτας.
3296 754 3385 817 Ὠς
3417 754 3473 805 δὲ
3507 756 3603 807 καὶ
3632 757 3789 809 αὐτοὶ
3826 776 4003 810 κατα-

2419 836 2670 903 νυγέντες
2700 837 3030 889 ἐπίστευσαν
3076 836 3156 906 τῷ
3188 838 3433 907 Σωτῆρι,
3476 838 3677 902 πάντες
3717 841 4004 909 ὁμοθυμα-

2418 917 2505 970 δὸν
2527 920 2619 971 ἐπὶ
2651 918 2713 971 τὸ
2746 920 2897 990 βῆμα
2931 920 3141 989 δέσμιοι
3171 914 3333 989 ἦσαν.
3363 919 3469 983 Οὒς
3502 920 3749 985 ἅπαντας
3777 925 3806 975 6
3828 922 4005 995 ἐπαρ-

2418 1017 2512 1070 χος
2552 1001 2920 1071 θεασάμενος,
2952 1003 3027 1064 ὡς
3056 1002 3163 1055 ῐδεν
3198 1002 3566 1072 ἀμεταθέτους
3589 1004 3687 1074 τῆς
3722 1005 3962 1069 πίστεως
3982 1046 4001 1072 ,

2417 1083 2497 1155 τῷ
2528 1083 2675 1154 βυθῷ
2707 1085 2805 1155 τῆς
2842 1085 3120 1155 θαλάσσης
3150 1085 3362 1138 κελεύει
3400 1086 3795 1157 παραδοθῆναι.
3827 1089 4004 1142 Τοῦτο

2418 1166 2475 1219 δὲ
2506 1166 2773 1237 σύμϐολον
2796 1169 2978 1231 αὐτοῖς
3003 1170 3221 1236 ἐγένετο
3244 1168 3339 1221 τοῦ
3366 1168 3743 1239 βαπτίσματος
3766 1187 3779 1199 ·
3805 1173 3867 1224 εὑ
3877 1172 4002 1239 ράν-

2418 1265 2510 1313 τες
2547 1249 2604 1303 δέ
2637 1250 2836 1313 αὑτοὺς
2872 1251 2923 1302 οἰ
2961 1254 3150 1305 οἰκεῖοι
3194 1253 3334 1320 πρὸς
3385 1252 3486 1315 τάς
3514 1253 3685 1323 δχθας
3723 1255 4003 1325 ἐρριμμέ-

2419 1348 2563 1398 νους,
2600 1333 2765 1384 πᾶσιν
2788 1332 2924 1403 ὁμοῦ
2948 1334 3175 1403 τέμενος
3207 1335 3625 1390 κατεσκεύασαν
3646 1353 3663 1368 ·
3684 1336 3815 1390 ἔνθα
3835 1339 4004 1393 δυνά-

2422 1431 2543 1483 μεις
2574 1414 2767 1467 πολλαί
2794 1431 2853 1468 τε
2878 1415 3277 1472 ἐπιτελοῦνται.
3307 1417 3561 1489 Τοσαύτη
3585 1420 3693 1489 γάρ
3718 1437 3803 1483 τις
3835 1422 4004 1491 χάρις

2418 1500 2609 1566 γέγονε
2641 1499 2736 1553 τοῦ
2774 1500 2990 1570 ἀνδρὸς,
3023 1500 3162 1553 ὥστε
3198 1500 3295 1555 καὶ
3333 1500 3471 1572 ὑπὲρ
3498 1496 3575 1557 ὧν
3604 1502 3809 1571 ηὔξατο
3834 1504 4003 1568 εὐθὺς

2419 1583 2860 1652 εἰσακουσθῆναι,
2909 1584 3003 1637 τοῦ
3040 1584 3293 1654 Σωτῆρος
3340 1586 3503 1639 αὑτὸν
3544 1586 3687 1639 οὕτω
3730 1589 4003 1659 τιμήσαν-

2418 1683 2535 1727 τος·
2575 1667 2634 1719 δν
2666 1668 2761 1719 καὶ
2796 1667 2958 1737 ήμεῖς
2995 1669 3052 1720 ἐν
3088 1668 3165 1737 τῷ
3198 1668 3488 1739 μαρτυρίῳ
3514 1669 3806 1739 εὐξάμενοι
3835 1672 4003 1726 ἐθεα-

2422 1749 2634 1817 σάμεθα
2696 1752 2812 1820 ἅμα
2869 1754 2981 1814 τοῖς
3036 1752 3132 1805 σὺν
3187 1751 3337 1816 αὑτῷ
3388 1754 3828 1823 μαρτυρήσασιν.
3885 1758 4000 1809 Καὶ

748 1836 874 1898 λοὺς
904 1838 1181 1906 μάρτυρας
1207 1837 1521 1889 ἀπετέλεσε.
1556 1837 1667 1890 Καὶ
1695 1838 1857 1898 αὑτὸς
1894 1838 1951 1892 δὲ
1994 1837 2317 1906 συλληφθεὶς
2350 1836 2389 1890 Β
2420 1835 2896 1903 προσκυνήσαντες
2926 1834 3003 1903 τῷ
3024 1834 3141 1905 Θεῷ
3166 1836 3535 1906 ήσπασάμεθα
3564 1836 3743 1890 αὑτῶν
3770 1838 3839 1891 τά
3859 1855 3998 1908 σκη-

745 1920 802 1968 ἐν
857 1920 924 1987 τῇ
972 1920 1162 1987 εἱρκτῇ
1226 1919 1583 1985 ἐφυλάττετοο
1639 1921 1775 1989 πρὸς
1822 1921 1879 1972 ὃν
1927 1922 2158 1991 ήρχοντο
2209 1921 2317 1972 τῶν

760 1998 1023 2068 Ἑλλήνων
1066 2002 1113 2051 οἰ
1156 2003 1496 2071 φαυλότεροι,
1528 2003 1620 2055 καὶ
1662 2002 1854 2071 λόγους
1881 2004 2031 2057 αὑτῶ
2065 2002 2315 2074 παρωξυ-

746 2083 881 2151 σμοῦ
914 2086 1005 2136 καὶ
1036 2084 1383 2154 βλασφημίας
1418 2088 1781 2156 προσεπῆγον.

1322 2215 1571 2269 ΚΕΦΔΛ.
1609 2216 1724 2276 ΞΖ’.

746 2307 883 2376 Περί
903 2307 1238 2376 Φιλήμονος
1259 2307 1559 2376 μάρτυρος
1584 2310 1680 2362 καὶ
1710 2308 1841 2377 περί
1872 2310 1993 2364 τῶν
2006 2310 2133 2379 μετ’
2159 2308 2318 2373 αὐτῷ

1342 2380 1676 2446 μαρτύρων.

811 2465 921 2521 Ἦν
960 2469 1015 2522 δέ
1051 2487 1133 2533 τις
1156 2470 1214 2533 ἐξ
1240 2470 1419 2523 αὑτῶν
1453 2470 1722 2539 χοραύλης
1755 2471 1916 2541 ἀνὴρ,
1951 2472 2231 2542 διαϐόητος
2262 2474 2317 2526 ἐν

744 2553 855 2611 τοῖς
907 2552 1290 2621 ἀτοπήμασιν,
1353 2551 1411 2615 ὃς
1463 2552 1772 2622 προσελθὼν
1837 2555 1999 2607 αὑτὸν
2051 2555 2315 2625 ὕϐριζεν,

745 2632 955 2685 ἀνόσιον
1001 2633 1192 2700 λέγων.
1240 2636 1333 2686 καὶ
1360 2634 1635 2703 ἐπιθέτην,
1665 2639 1758 2689 καὶ
1787 2637 2006 2701 πλάνον,
2035 2641 2128 2691 καὶ
2166 2642 2317 2709 παρά

750 2718 955 2782 πάντας
981 2719 1107 2781 τοὺς
1143 2718 1463 2787 ἀνθρώπους
1504 2720 1865 2791 μισούμενον,
1898 2723 1992 2776 καὶ
2035 2722 2318 2790 ὀφείλοντα

746 2798 939 2852 θάττον
985 2799 1297 2855 ἀποθανεῖν.
1353 2802 1497 2871 Πρὸς
1534 2804 1592 2855 ὃν
1635 2820 1801 2871 φησιν
1851 2806 1881 2856 6
1935 2803 2314 2867 ’Δπολλώνιος’

760 2881 1013 2953 Ἐλεήσαι
1045 2902 1103 2937 σε
1144 2884 1369 2954 Κύριος,
1422 2886 1709 2952 ἄνθρωπε,
1747 2890 1841 2941 καλ⁸
1875 2888 2043 2959 μηδέν
2085 2906 2166 2941 σοι
2204 2888 2316 2940 τῶν

746 2964 897 3035 παρά
933 2965 1025 3017 σοῦ
1061 2966 1368 3036 εἰρημένων
1395 2970 1472 3031 εἰς
1503 2969 1777 3039 ἁμαρτίαν
1798 2971 2099 3041 λογίσηται.
2131 2970 2317 3024 Ταῦτα

744 3046 801 3099 δέ
843 3048 1080 3110 ἀκούσας
1114 3050 1141 3100 6
1172 3048 1445 3118 χοραύλης
1494 3052 1731 3116 ἐκεῖνος,
1772 3054 2027 3123 Φιλήμων
2058 3053 2313 3123 ὀνόματι,

745 3132 997 3185 ἐδάκνετο
1020 3135 1138 3195 ταῖς
1168 3134 1359 3202 φρεσὶν
1397 3134 1497 3185 ὑπὸ
1527 3135 1633 3187 τῶν
1658 3136 1830 3203 λόγων
1857 3137 1949 3189 τοῦ
1986 3137 2177 3208 ἀνδρὸς
2212 3156 2313 3191 κα-

743 3215 1015 3281 τανυγείς.
1058 3184 1338 3284 Ὀρμήσας
1386 3184 2316 3290 "61—
2342 3184 2390 3247 C

743 3300 917 3367 διαστῇ
948 3300 1340 3367 παρειστήκει.
1372 3300 1464 3351 καί
1498 3317 1661 3369 φησιν
1690 3301 1838 3371 αὑτῷ
1867 3302 1958 3355 ἐπὶ
2000 3301 2090 3355 τοῦ
2120 3303 2313 3373 δήμου“

747 3381 941 3434 Ἄδικα
968 3383 1250 3450 πράττεις,
1284 3378 1328 3434 ὣ
1347 3382 1599 3446 δικαστά,
1627 3383 1894 3453 θεοφιλεῖς
1920 3386 2016 3438 καὶ
2042 3387 2320 3449 ἀναιτίους

742 3465 943 3534 ἄνδρας
980 3464 1245 3528 κολάζων.
1300 3466 1469 3519 Οὑδέν
1516 3467 1624 3537 γὰρ
1675 3466 1879 3536 φαῦλον
1912 3469 1963 3521 οἰ
2000 3470 2321 3539 Χριστιανοὶ

743 3547 1013 3610 ποιοῦσιν,
1036 3548 1157 3599 οὑδὲ
1178 3548 1443 3615 λέγουσιν,
1471 3550 1606 3602 ἀλλά
1623 3552 1717 3603 καὶ
1742 3554 1865 3615 τοὺς
1888 3551 2114 3623 ἐχθροὺς
2141 3553 2320 3605 αὑτῶν

742 3630 1071 3697 εὐλογοῦσιν.
1118 3631 1177 3681 '0
1204 3630 1281 3691 δὲ.
1318 3630 1488 3683 ταῦτα
1518 3632 1685 3684 αὑτοῦ
1716 3633 1985 3699 λὴοντος.
2027 3635 2093 3687 τὰ
2129 3635 2319 3704 πρῶτα

746 3713 847 3781 μὲν
878 3712 1014 3783 ᾤετο
1042 3714 1204 3766 αὑτὸν
1245 3714 1626 3784 εἰρωνεύεσθαι
1656 3717 1749 3769 καὶ
1780 3717 2103 3783 γελοιάζειν,
2134 3718 2209 3780 ὼς
2258 3718 2317 3769 δὲ

744 3798 1073 3866 ἐπιμένοντα
1107 3792 1279 3849 εἶδεν*
1334 3798 1635 3867 Μέμηνας,
1692 3802 1887 3870 φησὶν,
1938 3796 1983 3855 ὧ
2030 3802 2315 3869 ἄνθρωπε,

745 3879 881 3949 πρὸς
910 3879 1093 3940 αὑτὸν,
1127 3881 1222 3932 καὶ
1250 3881 1312 3931 ἐκ
1344 3881 1560 3950 φρενῶν
1594 3882 1822 3949 γέγονας
1854 3885 2105 3948 ἐξάπινα.
2150 3884 2207 3936 '0
2238 3884 2315 3949 δὲ,

744 3961 819 4012 Οὑ
857 3960 1137 4033 μαίνομαι,
1171 3962 1355 4029 φησὶν,
1390 3963 1687 4017 ἀδικώτατε
1717 3966 1967 4019 δικαστά.
1994 3965 2318 4036 Χριστιανὸς

742 4043 849 4112 γάρ
888 4046 1023 4113 εἰμι.
1084 4044 1144 4095 'U
1190 4044 1245 4095 δὲ
1294 4046 1516 4108 πολλαῖς
1571 4048 1877 4111 κολακείαις
1921 4049 2036 4118 ἀμα
2070 4050 2147 4120 τῷ
2176 4050 2319 4119 ὄχλῳ

745 4126 953 4179 πείθειν
984 4124 1145 4179 αὑτὸν
1174 4129 1451 4197 ἐπειρᾶτο.
1470 4130 1557 4191 Ὠς
1576 4130 1632 4182 δὲ
1659 4132 1993 4199 ἀμετάθετον
2024 4128 2153 4191 εἶδε.
2185 4150 2318 4186 παν-

742 4209 891 4271 τοίας
929 4208 1191 4278 βασάνους
1219 4210 1367 4278 αὑτῷ
1405 4214 1700 4281 προσῆγεν.
1733 4214 1839 4266 Τὸν
1868 4215 1922 4266 δὲ
1960 4215 2317 4268 Ἀπολλώνιον

742 4290 1088 4361 ἀνάρπαστον
1116 4293 1504 4361 ποιησάμενος,
1541 4297 1637 4346 καὶ
1665 4295 1885 4359 πολλαῖς
1916 4298 2123 4360 αἰκίαις
2158 4314 2315 4365 περι-

745 4372 961 4435 ϐαλὼν,
992 4374 1067 4437 ὡς
1113 4374 1312 4427 πλάνον
1348 4377 1509 4428 αὑτὸν
1549 4378 1887 4441 ἐϐάσανιζεν.
1932 4380 1991 4430 ’0
2030 4380 2085 4431 δὲ
2129 4380 2312 4431 Ἀπολ-

745 4454 931 4517 λώνιος
954 4457 1090 4525 πρὸς
1111 4457 1271 4509 αὑτὸν
1296 4458 1421 4528 ἔφη’
1447 4460 1726 4530 Εὐξαίμην
1750 4462 1815 4514 ἀν
1840 4462 1931 4513 καὶ
1956 4461 2036 4523 σέ,
2061 4461 2310 4525 δικαστά,

744 4541 839 4592 καί⁵
875 4539 1055 4592 πάντα
1086 4543 1210 4603 τοὺς
1248 4546 1635 4612 συμπαρόντας
1680 4562 1769 4613 μοι
1818 4545 1988 4615 ταύτῃ
2027 4548 2091 4615 τῇ
2135 4546 2308 4614 πλάνῃ

747 4638 850 4690 μου
886 4621 1328 4691 ἐξακολουθῆσαι.
1376 4624 1432 4677 ’0
1466 4626 1520 4677 δὲ
1543 4626 1634 4678 τοῦ
1662 4626 1832 4679 ταῦτα
1856 4627 2103 4694 λέγοντος
2132 4630 2310 4697 ἀμφοο

742 4703 933 4773 τέρους
964 4705 1097 4773 πυρὶ
1129 4705 1498 4773 παραδοθῆναι
1534 4710 1860 4776 προστάττει
1900 4710 1957 4761 ἐν
1991 4710 2145 4777 ὄψεσι
2178 4728 2311 4761 παν-

743 4785 832 4848 τὸς
865 4786 959 4838 τοῦ
988 4786 1243 4852 πλήθους.
1292 4788 1377 4849 Ὠς
1408 4788 1463 4840 δὲ
1488 4791 1546 4841 ἐν
1576 4792 1638 4859 τῇ
1672 4791 1830 4858 φλογὶ
1854 4787 2013 4862 ἦσαν,
2044 4792 2309 4859 παρόντος

744 4868 836 4920 τοῦ
876 4868 1147 4927 δικαστοῦ,
1182 4869 1361 4939 φωνὴν
1393 4871 1581 4939 ἀφίησι
1622 4874 1757 4943 πρὸς
1788 4876 1877 4925 τὸν
1913 4875 2045 4925 Θεὸν
2076 4877 2102 4927 6
2136 4876 2311 4944 μακά-

747 4968 860 5019 ριος
905 4951 1256 5015 Ἀπολλώνιος
1284 4956 1361 5009 εἰς
1388 4955 1626 5020 ὑπήκοον
1660 4956 1858 5019 παντὸς
1888 4956 1981 5008 τοῦ
2013 4958 2181 5027 δήμου
2219 4960 2309 5009 καὶ

744 5034 836 5085 τοῦ
869 5034 1121 5086 δικαστοῦ
1145 5052 1157 5064 ·
1190 5036 1283 5105 Μὴ
1323 5037 1610 5106 παραδῷς,
1657 5040 1897 5091 Δέσποτα
1917 5080 1930 5101 ,
1962 5043 2073 5103 τοῖς
2105 5041 2311 5109 θηρίοις

742 5116 918 5185 ψυχάς
960 5116 1455 5184 ἐξομολογουμένας
1500 5136 1601 5180 σοι,
1645 5120 1776 5173 ἀλλά
1826 5122 2019 5173 σαυτὸν
2054 5124 2311 5192 ἐμφανῶς

746 5201 875 5268 ἡμῖν
894 5200 1174 5263 ἐπῖδειξον.
1204 5202 1310 5252 Καὶ
1332 5202 1393 5269 δὴ
1414 5204 1609 5269 νεφέλη
1635 5204 1937 5271 δροσοειδὴς
1958 5209 2051 5258 καί
2076 5206 2309 5275 φωτεινὴ

744 5281 1043 5335 ἐπελθοῦσα
1090 5284 1324 5352 ἐκάλυψε
1382 5286 1507 5343 τοὺς
1559 5286 1790 5354 ἀνδρας,
1839 5290 1897 5339 τὸ
1928 5288 2037 5357 πῦρ
2078 5289 2311 5341 ἀποσϐέ-

746 5381 903 5416 σασα.
965 5366 1353 5433 Θαυμάσαντες
1392 5366 1448 5417 δὲ
1496 5369 1545 5418 οἱ
1592 5368 1750 5436 δῆμοι
1803 5372 1896 5422 καὶ
1944 5373 1970 5422 6
2021 5372 2305 5439 δικαστὴς,

744 5448 931 5509 ὲϐὀων,
964 5442 1055 5509 Εἷς
1084 5449 1112 5499 6
1158 5448 1287 5509 Θεὸς
1316 5450 1423 5500 τῶν
1467 5452 1825 5519 Χριστιανῶν.
1874 5454 2217 5519 Ἀναγγέλλει
2252 5454 2308 5505 δέ

742 5548 825 5591 τις
878 5528 1047 5581 ταῦτα
1098 5530 1205 5581 τῶν
1251 5532 1573 5601 κακούργων
1622 5534 1699 5603 τῷ
1742 5536 1839 5602 τῆς
1904 5536 2308 5607 Ἀλεξανδρείας

742 5615 993 5680 ἐπάρχῳ·
1025 5613 1080 5672 ὃς
1128 5612 1311 5681 ὠμούς
1345 5632 1494 5679 τινας
1539 5619 1631 5668 καὶ
1670 5620 1893 5688 ἀγρίους
1944 5621 2309 5689 προτέκτορας

745 5695 839 5745 καὶ
888 5694 1162 5756 ταξεώτας
1220 5696 1626 5767 ἐπιλεξάμενος,
1666 5701 2010 5763 ἐξαπέστειλε
2059 5704 2192 5771 πρὸς
2251 5704 2309 5754 τὸ

743 5780 992 5852 δεσμίους
1030 5780 1231 5841 πάντας
1263 5781 1487 5851 ἀχθῆναι
1514 5786 1634 5843 τοὺς
1660 5789 1783 5854 περὶ
1818 5789 1864 5837 τ’.
1880 5807 1901 5837 ν
1930 5786 2184 5855 δικαστὴν
2221 5789 2307 5838 καὶ

2418 1920 2642 1985 νώματα
2672 1919 2730 1969 ἐν
2759 1920 2825 1987 τῇ
2858 1918 3105 1988 Θηϐαΐδι.

3002 2041 3255 2095 ΚΕΦΑΔ.
3292 2042 3419 2095 ΞΗ’.

2608 2134 2742 2201 Περί
2794 2132 2972 2189 Ἀὅϐᾶ
3010 2136 3335 2203 Διοσκόρου
3374 2134 3801 2203 πρεσϐυτέρου.

2489 2240 2682 2293 Ἀλλον
2712 2242 2767 2294 δέ
2797 2242 3167 2313 πρεσϐύτερον
3198 2244 3381 2312 ἴδομεν
3421 2246 3479 2296 ἐν
3507 2243 3734 2312 Θηϐαΐδι
3768 2245 3999 2299 Διόσκο-

2420 2342 2515 2396 ρον
2544 2326 2791 2395 ὀνόματι,
2824 2327 3045 2396 Πατέρα
3076 2327 3325 2395 μοναχῶν
3354 2327 3571 2390 ἑκατὸν,
3610 2328 3668 2389 δς
3703 2328 4002 2396 μέλλοντας

2417 2410 2614 2471 αὑτοὺς
2663 2410 2981 2479 προσελθεῖν
3015 2413 3080 2479 τῇ
3118 2409 3301 2479 χάριτι
3341 2409 3435 2463 τοῦ
3479 2409 3637 2475 Θεοῦ,
3668 2411 3821 2479 ἔλεγε
3859 2414 4002 2481 πρὸς

2417 2493 2633 2556 αὐτούς’
2685 2494 2881 2562 Ὀρᾶτε
2929 2496 3003 2565 μή
3049 2511 3133 2556 τις
3166 2497 3223 2546 ἐν
3258 2494 3526 2565 φαντασία
3554 2498 3811 2563 γυναικὸς
3841 2498 4003 2563 γενό-

2422 2594 2601 2646 μενος,
2639 2578 2697 2629 ἐν
2747 2578 2901 2629 νυκτὶ
2946 2578 3237 2647 τολμήσειε
3284 2578 3606 2643 προσελθεῖν
3654 2581 3767 2640 τοῖς
3818 2580 4002 2646 ἁγίοις

2422 2660 2774 2730 μυστηρίοις,
2840 2661 2913 2729 μή
2965 2677 3047 2722 τις
3093 2660 3153 2723 ἐξ
3221 2659 3377 2729 ὑμῶν
3442 2662 3853 2729 φανταζόμενος
3911 2664 3995 2713 ἐνο

2418 2744 2709 2811 υπνιασθῇ.
2742 2744 2805 2796 Δί
2835 2744 2942 2812 γάρ
2972 2744 3098 2796 ἀνευ
3130 2743 3237 2795 τῶν
3301 2744 3617 2811 φαντασιῶν
3682 2745 3999 2815 γονόρροιαι

2418 2820 2741 2895 αὐτομάτως
2774 2826 3080 2895 γινόμεναι,
3108 2826 3209 2878 οὑκ
3236 2826 3301 2878 ἐκ
3327 2827 3703 2895 προαιρέσεως
3736 2828 4000 2890 ἑκάστου,

2416 2909 2532 2961 ἀλλ’
2570 2909 2883 2978 ἀϐουλήτως
2924 2908 3211 2978 γενόμεναί
3252 2910 3411 2961 εἰσιν.
3480 2910 3574 2961 Ἐκ
3620 2910 3838 2975 φύσεως
3890 2912 4004 2982 γὰρ

2417 2993 2799 3061 προέρχονται,
2837 2992 2932 3044 καὶ
2976 2992 3040 3043 ἐκ
3092 2991 3411 3059 περιουσίας
3449 2988 3585 3061 ὑλης
3631 2991 4002 3060 ἐκκρίνονται.

2419 3075 2511 3126 Διὸ
2529 3075 2649 3125 οὑδέ
2676 3073 2963 3125 ὑπεύθυνοί
2992 3074 3098 3125 εἰσι
3124 3076 3191 3142 τῇ
3220 3072 3486 3142 ἀμαρτία.
3519 3073 3586 3123 Αἰ
3616 3070 3673 3123 δὲ
3700 3075 4001 3139 φαντασίαι

2422 3157 2486 3209 ἐκ
2540 3156 2911 3226 προαιρέσεως
2967 3156 3237 3223 ἔρχονται,
3280 3155 3375 3206 καὶ
3416 3154 3517 3222 τῆς
3550 3154 3727 3221 κακῆς
3771 3158 4002 3225 γνώμης

2420 3240 2537 3292 ἐστὶ
2559 3240 2882 3309 τεκμήριον.
2907 3240 2997 3290 Δεῖ
3021 3234 3115 3290 οὖν
3142 3238 3235 3289 τὸν
3270 3237 3503 3306 μοναχὸν
3530 3236 3625 3289 καὶ
3648 3236 3749 3305 τῆς
3780 3237 4001 3305 φύσεως

2419 3321 2771 3391 ὑπερϐαίνειν
2821 3321 2929 3374 τὸν
2965 3322 3160 3390 νόμον,
3198 3321 3291 3373 καὶ
3340 3320 3476 3389 μηδὲ
3509 3321 3589 3382 εἰς
3630 3336 3752 3372 τινα
3798 3320 4002 3389 μικρὸν

2422 3406 2696 3476 μολυσμὸν
2762 3405 2963 3474 σαρκὸς
3030 3405 3353 3474 εὑρεθῆναι·
3418 3403 3554 3455 ἀλλά
3646 3404 3838 3469 τήκειν
3898 3403 4002 3471 τὴν

2422 3489 2619 3558 σάρκα,
2669 3488 2760 3541 καὶ
2797 3488 2870 3558 μή
2902 3490 3205 3557 συγχωρεῖν
3254 3488 3312 3539 ἐν
3342 3485 3481 3555 αὑτῇ
3513 3484 3863 3555 περισσεύειν
3897 3486 4001 3553 τὴν

2421 3570 2573 3639 ὓλην.
2628 3571 2896 3641 Πειρᾶσθε
2947 3566 3040 3623 οῦν
3075 3570 3308 3622 κενῶσαι
3346 3569 3444 3639 τὴν
3476 3568 3609 3637 ὓλην
3655 3570 3721 3637 τῇ
3761 3567 3866 3634 τῆς
3898 3584 4001 3635 νη-

2422 3654 2599 3713 στείας
2654 3654 2808 3722 ἰκανῇ
2862 3656 3199 3720 παρατάσει’
3243 3654 3290 3703 εἰ
3333 3652 3390 3704 δὲ
3428 3651 3538 3721 μὴ,
3588 3651 3682 3703 καὶ
3730 3650 3869 3718 πρὸς
3898 3650 4003 3712 τάς

2418 3736 2619 3804 ὀρέξεις
2653 3738 2799 3805 ἡμᾶς
2848 3734 3097 3803 ἐρεθίζει.
3152 3737 3227 3787 υὺ
3276 3734 3441 3786 δεῖδέ
3485 3734 3576 3785 τὸν
3611 3733 3844 3801 μοναχὸν
3887 3732 4004 3784 τῶν

2418 3820 2649 3889 ὀρέξεων
2691 3820 2826 3880 ὅλως
2856 3818 3191 3883 ἐφάπτεσθαι
3219 3834 3232 3847 ο
3280 3818 3399 3868 ἐπεὶ
3437 3817 3493 3867 ἐν
3532 3817 3638 3867 τίνι
3673 3815 3863 3867 διοίσει
3889 3814 4004 3866 τῶν

2420 3902 2726 3970 κοσμικῶν;
2778 3901 2868 3962 οὓς
2904 3901 3163 3961 πολλάκις
3210 3899 3424 3967 δρῶμεν
3462 3899 3554 3950 καὶ
3601 3899 3709 3950 τῶν
3750 3898 4005 3967 τέρψεων

2419 3984 2787 4052 ἀπεχομένους
2830 3983 2896 4034 δι’
2930 3984 3115 4049 ὑγείαν
3159 3981 3438 4050 σώματος,
3465 3982 3498 4050 ἢ
3543 3979 3611 4032 δι’
3652 3980 3818 4041 ἀλλας
3844 3980 4005 4042 τινάς

2417 4069 2516 4120 οὑκ
2558 4068 2783 4133 ἀλόγους
2824 4066 3035 4129 αἰτίας;
3074 4067 3223 4132 πόσῳ
3262 4064 3325 4132 δὴ
3366 4063 3458 4116 οῦν
3502 4064 3701 4132 μᾶλλον
3730 4064 4007 4132 ἐπιμελῆ⁹

2417 4152 2536 4204 τέον
2567 4152 2644 4219 τῷ
2680 4150 2896 4219 μοναχῷ
2942 4150 3037 4217 τῆς
3082 4146 3261 4216 ψυχῆς
3289 4149 3387 4215 τὴν
3420 4148 3598 4201 αἰτίαν
3628 4148 3725 4201 καὶ
3765 4148 3961 4213 ὑγείαν
3984 4189 4001 4213 ,

2418 4235 2513 4286 καὶ
2544 4233 2635 4285 τοῦ
2672 4232 2762 4283 νοῦ
2784 4272 2799 4296 ,
2833 4234 2924 4284 καὶ
2957 4232 3050 4282 τοῦ
3083 4230 3423 4299 πνεύματος;

3004 4358 3249 4410 ΚΕΦᾹΛ.
3292 4357 3410 4409 ΞΘ’.

2676 4449 2811 4515 Περί
2844 4448 2959 4500 τῶν
2990 4448 3059 4499 ἐν
3092 4446 3163 4514 τῇ
3196 4447 3397 4512 Νιτρίᾳ
3426 4443 3731 4513 μοναχῶς.

2486 4540 2853 4609 Κατήχθημεν
2878 4539 2933 4591 δέ
2961 4540 3054 4589 καὶ
3084 4539 3161 4599 εἰς
3192 4537 3442 4604 Νιτρίαν,
3473 4536 3601 4587 ἔνθα
3634 4534 3868 4598 πολλοὺς
3901 4538 4004 4589 καὶ

2419 4625 2687 4695 μεγάλους
2721 4620 3077 4690 ἀναχωρητάς
3107 4622 3433 4689 ἑωράκαμεν
3454 4636 3467 4648 ⁶
3500 4620 3658 4671 τοῦτο
3686 4620 3785 4687 μὲν
3817 4620 4002 4687 ἐγχω-

2420 4710 2564 4775 ρίους
2586 4749 2597 4764 ,
2638 4705 2795 4756 τοῦτο
2843 4704 2897 4755 δὲ
2944 4705 3035 4754 καὶ
3064 4703 3245 4765 ξένους
3265 4743 3280 4765 ,
3312 4701 3579 4771 ἀλλήλους
3609 4704 3729 4762 ταῖς
3770 4703 4002 4769 ἀρεταῖς

2416 4790 2871 4859 ὑπερϐάλλοντας,
2895 4786 2983 4836 καὶ
3010 4783 3455 4853 φιλονεικώτερον
3479 4783 3615 4851 πρὸς
3638 4784 3735 4852 τήν
3756 4785 4002 4853 ἄσκησιν

2417 4874 2792 4941 διακειμένους
2812 4914 2825 4933 ,
2858 4870 3035 4921 πᾶσάν
3066 4886 3124 4919 τε
3157 4868 3355 4937 ἀρετὴν
3386 4866 3866 4935 ἐνδεικνυμένους,
3900 4871 4003 4920 καὶ

2417 4959 2473 5009 ἐν
2522 4958 2585 5025 τῇ
2644 4952 2886 5021 πολιτεία
2926 4951 3189 5019 ἀλλήλους
3236 4949 3635 5017 ὑπερϐάλλειν
3682 4949 3776 5000 καὶ
3801 4951 3849 5001 οἰ
3894 4950 4001 5017 μὲν

2418 5038 2594 5091 αὑτῶν
2625 5036 2751 5104 περὶ
2793 5036 2889 5103 τὴν
2930 5033 3185 5101 θεωρίαν,
3230 5033 3278 5083 οἰ
3307 5031 3361 5083 δέ
3390 5032 3519 5100 περὶ
3548 5032 3645 5100 τὴν
3683 5034 4005 5103 πρακτικὴν

2416 5120 2752 5190 ἠσχολοῦντο·
2772 5119 2993 5179 Ἰδόντες
3022 5117 3129 5185 γάρ
3150 5116 3297 5184 ἡμᾶς
3319 5131 3463 5176 τινες
3490 5114 3547 5179 ἐξ
3576 5114 3754 5167 αὑτῶν
3779 5115 4005 5185 πόρρω-

2419 5204 2507 5255 θεν
2548 5202 2871 5271 ἐρχομένους
2900 5200 2987 5252 διά
3023 5202 3119 5267 τῆς
3147 5198 3386 5267 ἐρήμουο
3418 5198 3466 5248 οἰ
3500 5196 3598 5265 μέν
3629 5195 3765 5265 μετά
3800 5195 4004 5259 ὓδατος

2418 5288 2548 5355 ήμῖν
2574 5285 3014 5353 προῡπήντησαν,
3052 5282 3101 5333 οἰ
3131 5281 3187 5333 δὲ
3212 5281 3339 5340 τοὺς
3372 5280 3539 5342 πόδας
3564 5280 3719 5347 ήμῶν
3748 5279 3997 5337 ἔνιπτον.

2415 5370 2463 5419 οί
2490 5368 2545 5418 δὲ
2564 5367 2629 5418 τά
2652 5367 2841 5433 ἱμάτια
2860 5365 3103 5427 ἔπλυνον,
3124 5365 3172 5414 οἰ
3188 5364 3242 5414 δὲ
3262 5364 3352 5415 ἐπὶ
3374 5364 3581 5433 τροφὴν
3604 5362 3954 5431 παρεκάλουν
3980 5380 3995 5393 ο

2416 5450 2567 5505 ἄλλοι
2582 5449 2636 5500 δὲ
2661 5448 2749 5499 ἐπὶ
2769 5450 2864 5517 τὴν
2891 5447 3099 5515 ἀρετῶν
3120 5445 3375 5516 μάθησιν,
3394 5446 3609 5499 ἀλλοιδὲ
3634 5445 3725 5497 ἐπὶ
3739 5445 3838 5513 τὴν
3852 5446 3991 5498 θεω-

2420 5535 2539 5604 ρίαν
2559 5534 2650 5584 καὶ
2665 5532 2761 5600 τὴν
2778 5531 2869 5581 τοῦ
2889 5530 3023 5581 Θεοῦ
3049 5529 3267 5595 γνῶσινο
3286 5530 3380 5580 καί
3399 5530 3535 5597 ὅπερ
3552 5528 3783 5589 ἕκαστος
3806 5528 3998 5581 αὑτῶν

2416 5620 2678 5687 ήδύνατο,
2716 5614 2873 5665 τοῦτο
2903 5613 3161 5663 ἔσπευδεν
3208 5613 3354 5680 ήμᾶς
3387 5612 3636 5679 ὠφελεῖν.
3674 5611 3784 5663 Καὶ
3826 5612 3884 5663 τί
3926 5611 3997 5665 ἂν

2415 5720 2496 5764 τις
2530 5702 2671 5751 εἴποι
2715 5698 2893 5757 πάσας
2934 5695 3112 5746 αὑτῶν
3154 5696 3252 5757 τὰς
3279 5695 3501 5762 ἀρετὰς,
3536 5694 3704 5762 μηδὲν
3751 5693 3996 5755 ἐπαξίως

2416 5786 2594 5851 λέγειν
2642 5780 2971 5849 δυνάμενος;
3005 5779 3248 5849 Ἔρημον
3297 5775 3387 5831 οὖν
3417 5780 3622 5831 οἱκοίςι
3669 5777 3760 5829 τὸν
3791 5777 3994 5831 τόπον*
