4258 6360
253 410 385 465 1173

1470 404 1789 464 HISTORIA
1834 404 2196 463 LAUSIACA.

3357 426 3493 486 H75

238 527 520 592 accepturi.
555 522 667 581 [ioc
695 535 869 579 autem
901 541 1004 578 non
1030 526 1121 578 tibi
1170 524 1316 593 prius
1343 522 1635 587 declaravi,
1665 537 1732 577 ne
1761 521 1806 576 si
1838 520 1891 581 Α
1913 532 2028 573 cem
2058 528 2112 573 et
2144 519 2528 578 Philemonem.
2578 522 2879 578 Ducebatur
2924 538 3051 594 ergo
3099 540 3200 580 una
3244 541 3365 581 eum
3415 534 3493 584 ni:

237 615 422 668 biisses
447 616 641 679 elatus,
668 614 736 670 de
759 614 863 668 tuis
888 614 1256 668 detraheretur
1281 612 1502 666 meritis.
1528 612 1658 667 Cum
1682 625 1809 678 ergo

238 719 341 758 uno
358 704 476 759 solo
502 706 589 758 die
613 705 1020 773 supervixisset,
1040 714 1088 758 et
1111 719 1204 773 per
1219 703 1592 757 revelationem
1608 703 1672 756 ad
1687 718 1807 757 eum

243 795 512 850 venissent
538 796 755 864 quidam
789 796 1119 864 presbyteri,
1150 794 1395 848 omnibus
1425 794 1527 847 illis
1558 794 1803 858 narratis,

238 886 453 940 tradidit
498 887 752 940 animam.
801 888 995 955 Aperte
1021 894 1194 939 autem
1226 884 1467 939 videntes
1510 883 1807 953 presbyteri

235 990 352 1030 eum
380 978 578 1030 assumi
609 977 661 1031 in
689 976 870 1031 choris
895 976 1156 1045 justorum
1184 984 1239 1030 et
1267 978 1606 1046 angelorum,
1641 975 1807 1032 Deum

235 1069 535 1125 laudabant.

794 1137 1022 1194 CAPUT
1051 1138 1236 1194 LXVI.

607 1226 723 1282 Vita
747 1228 942 1282 abbatis
970 1228 1231 1299 Apollonii
1257 1226 1433 1296 (HO).

302 1316 424 1375 Fuit
453 1320 504 1374 in
524 1320 799 1374 Thebaide
822 1319 1038 1388 quidam
1063 1318 1375 1382 monachus,
1403 1316 1619 1372 nomine
1648 1317 1811 1385 Apol-

236 1411 408 1465 Ionius
436 1410 633 1478 (Rulli,
658 1411 696 1464 ι.
719 1427 778 1477 ιι,
805 1428 921 1479 cap.
959 1410 1067 1479 19).
1092 1410 1142 1465 Is
1162 1411 1416 1479 plurimas
1446 1412 1677 1465 ostendit
1702 1411 1809 1465 vir-

236 1510 375 1555 tutes
415 1510 468 1554 et
500 1501 637 1555 facta
680 1502 913 1569 egregia,
963 1500 1154 1570 dignus
1200 1515 1411 1569 quoque
1453 1501 1550 1554 fuit
1599 1502 1809 1555 habitus

235 1594 375 1646 dono
402 1593 656 1647 doctrina:
691 1607 849 1660 supra
882 1592 1077 1647 multos
1110 1591 1200 1660 qui
1231 1601 1355 1646 tunc
1385 1594 1531 1645 tuere
1576 1591 1808 1661 insignes

236 1684 536 1736 virtutibus.
586 1684 633 1735 Is
665 1684 714 1735 in
746 1692 984 1750 tempore
1023 1682 1410 1749 persecutionis
1452 1682 1653 1736 addens
1696 1683 1808 1735 ani-

237 1787 379 1825 mum
420 1770 613 1824 Christi
652 1770 1068 1835 confessoribus,
1099 1772 1293 1825 multos
1320 1770 1494 1824 ell'ecit
1524 1781 1803 1840 martyres.

237 1860 399 1915 Porro
427 1871 602 1915 autem
635 1862 748 1930 ipse
793 1875 1003 1929 quoque
1028 1862 1447 1927 comprehensus
1473 1860 1807 1914 custodieba-

237 1962 321 2005 tur
350 1952 402 2005 in
430 1966 682 2012 carcere;
724 1950 790 2003 ad
817 1965 973 2018 quem
1002 1950 1283 2002 veniebant
1333 1950 1421 2018 qui
1451 1963 1518 2002 ex
1562 1950 1809 2019 gentibus

236 2050 389 2096 erant
410 2042 711 2109 nequiores.
738 2050 789 2093 et
820 2055 939 2094 cum
962 2054 1027 2093 eo
1058 2037 1415 2109 disputabant,
1450 2037 1813 2094 incessebant-

236 2149 339 2202 que
367 2133 682 2197 maledictis,
712 2139 765 2185 et
793 2129 1105 2184 irridebant.

802 2245 1023 2302 CAPUT
1061 2245 1241 2301 LXVI.

238 2361 315 2419 De
348 2362 645 2417 Philemone
672 2362 821 2430 (111)
846 2373 1067 2430 martyre
1093 2371 1136 2414 et
1166 2361 1228 2415 iis
1258 2362 1342 2431 qui
1380 2375 1495 2415 cum
1524 2361 1632 2428 ipso
1676 2361 1813 2431 {uere

860 2432 1186 2500 martyribus.

304 2521 436 2578 Erat
461 2532 634 2577 autem
666 2523 880 2591 quidam
910 2538 973 2576 ex
1007 2524 1135 2590 ipsis
1162 2521 1469 2588 choraules,
1504 2522 1583 2575 vir
1624 2523 1811 2590 nequi-

241 2617 326 2671 tiis
357 2616 614 2679 Iamosus,
646 2614 733 2682 qni
775 2612 1033 2667 accedens
1054 2628 1173 2666 eum
1221 2615 1502 2681 appetebat
1544 2623 1815 2667 contume-

239 2708 363 2775 liis,
390 2705 573 2759 dicens
602 2720 722 2757 eum
752 2704 972 2773 impium
1002 2713 1057 2758 et
1084 2703 1448 2771 impostorem,
1479 2713 1533 2758 et
1574 2705 1812 2773 planum,

237 2809 291 2854 et
319 2799 406 2867 qui
438 2800 506 2851 ab
558 2798 802 2851 omnibus
836 2797 1125 2851 habebatur
1153 2797 1307 2863 odio,
1354 2806 1408 2851 et
1450 2798 1542 2865 qui
1589 2796 1819 2851 debebat

240 2889 374 2944 mori
416 2888 572 2942 citius
606 2887 796 2958 (παθη,
825 2889 861 2941 l.
894 2902 962 2952 tt,
993 2905 1106 2954 cap.
1140 2886 1247 2958 l9).
1280 2888 1375 2941 Cui
1420 2888 1545 2942 dicit
1596 2888 1815 2957 Apollo-

240 2979 362 3033 nius
394 2994 410 3032 :
440 2977 772 3032 Miserebitur
820 2978 895 3031 tui
927 2978 1211 3043 Dominus,
1250 2993 1283 3033 ο
1313 2977 1502 3045 homo,
1539 2986 1594 3033 et
1634 2993 1815 3032 eorum

243 3084 361 3139 qua:
386 3069 528 3124 dicta
556 3078 678 3123 sunt
706 3069 835 3122 nihil
862 3069 953 3122 tibi
980 3077 1251 3136 reputetur
1276 3068 1341 3121 ad
1370 3077 1661 3134 peccatum.
1692 3070 1818 3123 Hac

243 3170 424 3216 autem
453 3175 572 3214 cum
601 3160 849 3213 audiisset
879 3158 971 3213 ille
1006 3158 1308 3224 choraules,
1343 3158 1617 3213 Philemon
1650 3160 1823 3212 nomi-

1912 610 2252 677 Apollonius,
2298 622 2351 667 et
2380 612 2594 681 quidam
2626 615 2714 668 alii
2744 612 3100 671 confessorcs.
3132 618 3262 672 Cum
3308 634 3493 673 Olttttea

1911 708 2086 752 autem
2116 700 2215 754 iter
2261 702 2689 769 ingrederentur,
2718 719 2838 759 eum
2873 705 3059 760 invasit
3089 707 3275 774 gratia,
3303 719 3359 763 et
3385 724 3495 764 cm-

1913 790 1987 856 pit
2009 790 2203 845 docere
2234 792 2452 846 milites.
2488 792 2585 848 libi
2616 805 2791 851 autem
2823 796 2922 863 ipsi
2942 811 3154 864 quoque
3181 798 3491 868 compuncti

1914 880 2260 935 crediderunt
2285 881 2579 947 Servatori,
2603 892 2751 939 erant
2774 900 2957 939 onmes
2981 900 3085 939 uno
3105 887 3285 940 animo
3305 889 3487 943 vincti.

1908 969 2053 1035 Quos
2078 986 2264 1025 omnes
2295 987 2414 1025 cum
2445 973 2668 1028 vidisset
2699 974 2979 1042 [traiectus
3008 991 3038 1028 a
3070 974 3173 1031 ilde
3200 992 3305 1031 non
3334 991 3496 1045 posse

1908 1062 2191 1127 dimoveri,
2216 1063 2377 1130 jussit
2403 1064 2589 1135 projici
2615 1066 2670 1120 in
2700 1066 3016 1135 profundum
3042 1068 3205 1123 maris
3229 1085 3242 1121 :
3269 1067 3371 1124 hoc
3395 1082 3495 1122 au-

1910 1169 2015 1213 tem
2054 1158 2151 1213 fuit
2181 1161 2259 1215 eis
2286 1161 2491 1229 signum
2522 1161 2878 1230 baptismatis.
2908 1160 3040 1218 Cum
3082 1178 3175 1219 eos
3204 1173 3379 1218 autem
3409 1163 3493 1219 sui

1909 1251 2239 1305 invenissent
2290 1253 2541 1321 disjectos
2590 1252 2643 1306 in
2692 1252 2910 1318 littore,
2957 1253 3199 1308 fecerunt
3241 1254 3492 1308 omnibus

1909 1343 2077 1397 aedem
2109 1358 2301 1408 unam,
2333 1343 2421 1396 ubi
2466 1358 2607 1397 nunc
2653 1342 2831 1397 multa
2875 1344 3098 1399 virtut'es
3147 1353 3492 1413 peraguntur.

1910 1432 2075 1486 Tanta
2105 1440 2281 1486 autem
2311 1432 2407 1485 fuit
2435 1434 2532 1486 viri
2560 1435 2748 1501 gratia,
2778 1442 2836 1487 ut
2861 1434 2930 1489 de
2960 1434 3024 1487 iis
3052 1447 3175 1503 qum
3201 1444 3343 1488 esset
3368 1448 3489 1503 pre-

1910 1532 2080 1588 catus,
2113 1522 2289 1575 statim
2321 1522 2682 1588 exaudiretur,
2713 1537 2834 1579 eum
2865 1526 2941 1578 sic
2976 1525 3270 1578 honorante
3300 1523 3492 1580 Serva-

1909 1622 2045 1667 tore.
2094 1616 2259 1679 Quem
2306 1618 2464 1669 etiam
2510 1630 2607 1669 nos
2652 1616 2703 1669 in
2750 1616 3005 1683 martyrio
3048 1614 3201 1684 (“2)
3247 1615 3443 1682 precati
3470 1654 3487 1680 ,

1908 1709 2136 1762 vidimus
2156 1724 2275 1764 cum
2300 1711 2363 1764 iis
2382 1712 2474 1780 qui
2498 1725 2616 1763 cum
2644 1710 2758 1777 ipso
2783 1713 2993 1763 luerunt
3013 1709 3269 1778 martyrio
3292 1707 3492 1774 aﬂecti,

1909 1809 1964 1855 et
1996 1802 2159 1854 Deum
2191 1802 2493 1867 adorantes,
2520 1816 2704 1857 eorum
2739 1800 3083 1856 tabernacula
3115 1799 3265 1870 (115)
3296 1800 3491 1854 saluta-

1841 1884 1882 1941 Β
1915 1894 2084 1948 vimus
2110 1894 2160 1947 in
2187 1893 2481 1949 Thebaide.

2455 1980 2682 2037 CAPUT
2722 1981 2951 2037 LXVIII.

2138 2074 2252 2129 Vita
2294 2075 2488 2129 abbatis
2537 2074 2768 2129 Dioscuri
2799 2076 2947 2146 (114)
2981 2076 3281 2144 presbyteri.

1983 2166 2219 2220 Vidimus
2243 2176 2420 2220 autem
2445 2168 2600 2219 alium
2629 2182 2837 2235 quoque
2869 2167 3235 2236 presbyterum
3266 2166 3315 2217 in
3342 2163 3488 2219 The—

1912 2260 2086 2324 baide,
2117 2258 2327 2312 nomine
2356 2258 2692 2321 Dioscurum,
2725 2258 2935 2312 Patrem
2960 2269 3171 2311 centum
3200 2256 3489 2310 monacho-

1911 2363 2025 2403 rum
2060 2348 2252 2419 (llum,
2284 2349 2319 2401 Ι.
2351 2363 2417 2412 ll,
2466 2363 2582 2417 cap.
2614 2348 2729 2415 20).
2762 2348 2859 2414 Qui
2900 2363 3020 2401 cum
3054 2347 3115 2399 ad
3152 2346 3240 2400 Dei
3269 2345 3491 2416 gratiam

1911 2446 2093 2491 essent
2134 2439 2429 2501 accessnri,
2463 2438 2672 2491 dicebat
2700 2437 2777 2491 eis
2810 2454 2825 2492 :
2858 2438 3045 2492 Videte
3093 2453 3159 2491 ne
3197 2441 3285 2506 qui
3332 2446 3491 2491 noctu

1914 2532 2243 2600 phantasiam
2268 2527 2448 2582 habuit
2476 2528 2731 2590 mulieris,
2763 2527 2955 2582 audeat
2984 2527 3243 2582 accedere
3270 2527 3336 2580 ad
3365 2540 3489 2580 sano

1914 2631 1996 2676 cta
2025 2622 2387 2676 Sacramenta.
2418 2620 2494 2673 Ne
2534 2622 2651 2690 quis
2678 2636 2741 2674 ex
2787 2622 2934 2675 vobis
2967 2621 3092 2675 visis
3121 2631 3172 2676 et
3201 2622 3493 2691 phantasiis

1923 2712 2112 2781 pulsus
2138 2711 2502 2765 sumniaverit.
2536 2710 2664 2764 Nam
2695 2710 2780 2778 qui
2812 2713 3012 2781 absque
3044 2712 3333 2778 phantasiis
3365 2709 3495 2764 liunt

1917 2801 2094 2854 ﬂuxus
2122 2800 2342 2853 seminis
2364 2839 2378 2862 ,
2407 2814 2531 2853 casu
2564 2799 2728 2866 liunt;
2764 2815 2861 2855 nec
2888 2816 2953 2855 ex
2991 2802 3405 2871 uniuscujusque
3434 2800 3497 2855 li-

1918 2892 2049 2946 bero
2098 2891 2257 2943 animi
2290 2890 2511 2944 arbitrio
2546 2892 2747 2958 insunt,
2797 2892 2889 2946 sed
2940 2893 3141 2961 absque
3189 2894 3497 2958 voluntate;

1920 2981 2214 3052 procedunt
2244 2980 2383 3033 enim
2416 2997 2480 3034 cx
2522 2989 2728 3046 natura,
2764 2990 2817 3038 et
2842 2994 2909 3038 ex
2934 2981 3250 3038 redundanti
3282 2984 3500 3039 materia

1917 3078 2292 3133 excernuntur,
2326 3072 2573 3139 quocirca
2606 3086 2704 3126 nec
2733 3081 2855 3125 sunt
2876 3083 3095 3140 peccato
3123 3074 3334 3127 obnoxii
3367 3091 3380 3127 :
3415 3073 3496 3125 vi-

1919 3175 1975 3215 sa
2022 3170 2197 3214 autem
2229 3175 2288 3213 ac
2318 3161 2611 3228 phantasite
2644 3164 2939 3231 procedunt
2982 3180 3045 3218 ex
3081 3164 3244 3219 libera
3273 3164 3500 3234 eligendi

244 3267 335 3316 ne,
366 3250 715 3305 mordebatnr
740 3250 949 3316 animo,
996 3263 1025 3302 a
1072 3250 1249 3304 verbis
1286 3250 1401 3317 ejus
1448 3260 1814 3318 compunctus.
1845 3243 1889 3302 C
1919 3252 2211 3315 voluntate,
2264 3262 2315 3304 et
2346 3260 2467 3305 sunt
2498 3262 2868 3320 argumentum
2903 3255 3024 3306 mali
3065 3253 3245 3308 animi.
3279 3254 3500 3322 Oportet

245 3343 438 3398 Statim
468 3351 642 3394 autem
674 3340 737 3393 ad
772 3339 999 3394 tribunal
1034 3339 1321 3408 profectus,
1355 3354 1531 3393 coram
1556 3338 1733 3409 judice
1760 3353 1820 3394 se

246 3434 409 3498 sistit,
444 3442 497 3487 ct
525 3434 570 3487 ei
613 3432 759 3496 dicit,
794 3431 988 3501 populo
1018 3438 1276 3500 praesente
1305 3447 1318 3485 :
1352 3429 1549 3499 Injuste
1595 3429 1758 3494 fucis,
1788 3444 1822 3484 o

245 3523 436 3593 judex,
507 3524 599 3593 qui
654 3526 801 3581 viros
864 3523 982 3594 pios
1047 3530 1101 3576 et
1164 3520 1290 3574 nulli
1318 3519 1488 3588 culpat
1517 3519 1702 3574 amnes
1731 3534 1826 3588 pu-

248 3621 374 3683 nis;
410 3618 538 3671 nihil
584 3618 722 3670 enim
755 3617 874 3668 mult
920 3616 1118 3667 faciunt
1150 3628 1247 3667 nec
1285 3612 1468 3667 dicunt
1512 3613 1819 3667 Christiani.

249 3708 343 3761 llle
372 3720 549 3760 autem
580 3722 697 3758 cum
728 3707 836 3770 ipse
869 3705 982 3758 haec
1007 3705 1228 3765 diceret,
1255 3704 1304 3755 in
1333 3703 1591 3771 principio
1613 3703 1822 3770 quidem

249 3798 592 3852 existimabat
618 3812 735 3851 eum
764 3797 901 3864 loqui
930 3796 1128 3849 ironiee
1156 3805 1210 3848 et
1240 3794 1524 3856 ludiﬁcari;
1550 3805 1823 3864 postquam

248 3904 430 3943 autem
462 3905 579 3943 eum
606 3889 737 3942 vidit
767 3890 1048 3956 persistere
1082 3906 1094 3939 :
1128 3887 1343 3951 Insanis,
1380 3886 1565 3956 inquit,
1590 3902 1622 3942 o
1645 3889 1825 3955 homo,

249 3994 303 4035 et
336 3995 491 4035 mens
522 3982 610 4035 tibi
641 3991 855 4049 repente
898 3988 980 4032 est
1012 3991 1205 4032 emota.
1238 3978 1327 4031 lllc
1356 3990 1529 4031 autem
1562 3995 1575 4031 :
1603 3981 1714 4032 Non
1746 3981 1827 4032 in-

247 4072 427 4135 sanio,
461 4071 659 4136 inquit,
691 4085 724 4122 ο
749 4069 913 4138 judex
959 4067 1319 4135 injustissime,
1348 4082 1462 4121 sum
1491 4068 1631 4122 enim
1676 4068 1828 4122 Chri-

248 4164 480 4214 stianus.
532 4162 577 4214 Is
606 4171 780 4214 autem
814 4159 990 4213 multis
1023 4160 1288 4213 blanditiis
1317 4174 1419 4213 una
1448 4174 1567 4213 cum
1600 4161 1747 4212 turba
1778 4160 1825 4213 ei

250 4250 548 4303 conabatur
590 4252 906 4317 persuadere
934 4268 944 4301 :
978 4262 1249 4319 postquam
1280 4260 1453 4303 atttem
1483 4252 1612 4304 vidit
1640 4252 1827 4305 immo-

249 4341 441 4401 bilem,
465 4340 512 4393 ei
537 4354 694 4394 omne
723 4355 889 4407 genus
920 4349 1180 4392 tormenta
1209 4339 1467 4393 adhibuit.
1496 4340 1626 4393 Cum
1650 4349 1824 4393 autem

249 4433 521 4496 rapuisset
544 4429 902 4497 Apollonium,
931 4440 983 4484 et
1020 4430 1196 4482 multis
1225 4443 1345 4481 eum
1396 4428 1655 4483 all‘ecisset
1702 4446 1825 4485 con-

252 4521 513 4584 tumeliis,
559 4522 726 4587 ipsum
760 4521 1037 4589 torquebat
1068 4531 1314 4588 tanquam
1348 4522 1579 4588 planum.
1617 4524 1829 4590 Apollo-

1922 3352 2120 3405 autem,
2155 3340 2352 3406 inquit,
2382 3342 2696 3395 monachum
2730 3342 2994 3395 transilire
3023 3343 3183 3395 etiam
3209 3342 3378 3411 legem
3406 3358 3499 3398 na-

1923 3439 2089 3497 turae;
2126 3446 2318 3500 corpus
2354 3442 2529 3486 autem
2568 3431 2792 3500 liquare,
2821 3449 2919 3488 nec
2946 3433 3167 3489 inveniri
3199 3434 3252 3489 in
3283 3435 3387 3489 ullo
3418 3435 3501 3489 in-

1924 3524 2264 3589 quinantento
2313 3525 2518 3589 carnis,
2552 3523 2645 3577 sed
2692 3537 2905 3579 carnem
2954 3539 3244 3590 macerare,
3295 3534 3351 3579 et
3394 3542 3500 3579 non

1925 3616 2219 3668 concedere
2243 3614 2370 3667 utin
2395 3615 2505 3680 ipsa
2528 3613 2788 3668 redundet
2812 3616 3052 3668 materia.
3077 3614 3349 3669 Conamini
3372 3631 3502 3685 ergo

1927 3706 2069 3760 illam
2098 3707 2375 3760 exhaurire
2408 3707 2771 3774 frequentibus
2798 3716 2850 3759 et
2883 3706 3102 3776 prolixis
3140 3706 3387 3775 jejuniis;
3416 3708 3499 3761 sin

1930 3798 2104 3851 minus
2125 3806 2326 3862 autem,
2360 3811 2455 3849 nos
2486 3797 2551 3849 ad
2582 3797 2934 3865 appetitiones
2963 3805 3016 3851 et
3062 3796 3322 3850 desideria
3367 3797 3499 3851 inci-

1929 3896 2058 3940 tant.
2092 3886 2204 3939 Non
2234 3896 2442 3954 oportet
2472 3897 2646 3942 autem
2688 3885 3007 3941 monachum
3036 3888 3295 3957 attingere
3338 3903 3500 3955 appe-

1930 3980 2142 4033 titiones
2188 3979 2368 4032 animi.
2419 3979 2474 4031 In
2518 3993 2622 4047 quo
2669 3979 2807 4033 enim
2856 3978 3062 4031 differet
3110 3992 3139 4031 a
3193 3979 3493 4044 mundanis,

1927 4084 2059 4137 quos
2090 4085 2232 4137 saepe
2259 4068 2498 4122 videmus
2529 4069 2794 4122 abstinere
2822 4084 2852 4122 a
2884 4068 3239 4133 voluptatibus
3280 4080 3498 4137 propter

1930 4162 2210 4214 sanitatem
2254 4162 2513 4227 corporis,
2544 4170 2634 4213 aut
2668 4169 2880 4226 propter
2909 4159 3110 4228 aliquas
3141 4160 3273 4212 alias
3316 4174 3500 4212 causas

1930 4265 1956 4302 a
1988 4250 2191 4302 ratione
2233 4249 2451 4301 minime
2480 4248 2528 4300 al
2554 4248 2717 4301 enas?
2741 4259 2937 4315 quanto
2969 4257 3147 4302 autem
3181 4249 3366 4317 magis,
3419 4249 3499 4301 in-

1929 4341 2061 4411 quit,
2086 4340 2344 4395 monacho
2374 4339 2601 4393 cnranda
2627 4349 2707 4392 est
2734 4340 2926 4393 anima:
2952 4342 3149 4395 sanitas
3168 4348 3222 4394 et
3250 4340 3497 4409 spiritus!

2492 4427 2711 4483 CAPUT
2750 4428 2933 4482 LXIX.

2302 4517 2350 4570 Ν
2359 4518 2584 4570 itrienses
2614 4520 2660 4587 (1
2682 4518 2761 4579 15)
2786 4519 3130 4572 ΑηαεΙιονριω.

250 4615 372 4668 nius
405 4624 580 4667 autem
612 4614 659 4667 ei
690 4613 828 4666 dixit
858 4629 869 4665 :
904 4614 1173 4681 Optaretn,
1201 4629 1231 4665 ο
1256 4613 1436 4681 judex,
1468 4624 1522 4667 ut
1556 4625 1607 4668 tu
1635 4626 1686 4669 et
1715 4632 1827 4670 om-
1862 4604 1908 4663 υ
2006 4610 2318 4664 Devenimus
2362 4623 2569 4676 quoque
2600 4608 2663 4660 ad
2712 4608 3036 4675 Nitrienses,
3082 4611 3168 4664 ubi
3212 4612 3406 4666 multos
3444 4621 3497 4668 et

249 4724 345 4762 nes
376 4715 669 4775 praesentes
713 4705 849 4758 hunc
882 4722 1054 4759 meum
1086 4722 1320 4759 errorem
1369 4710 1747 4775 sequeremini.
1782 4709 1828 4763 Is

249 4804 433 4849 autem
461 4810 527 4848 co
570 4795 681 4847 haec
711 4795 939 4857 dicente,
966 4795 1123 4864 Ῑιιεμὶι
1164 4797 1349 4851 ambos
1382 4799 1485 4868 igni
1530 4800 1686 4864 tradi,
1720 4810 1829 4854 toto

253 4885 572 4952 inspiciente
594 4886 807 4953 p0pulo.
833 4887 959 4938 Cum
987 4898 1159 4938 autem
1188 4887 1237 4939 in
1265 4887 1469 4939 llamma
1493 4898 1671 4943 essent
1694 4906 1829 4958 prte-

251 4988 408 5031 scnte
436 4976 644 5043 judice,
678 4991 859 5029 vocent
894 4977 955 5029 ad
992 4977 1153 5029 Deum
1211 4980 1407 5031 emittit
1445 4979 1627 5033 beatus
1668 4983 1829 5046 Apol-

251 5069 455 5130 lonius,
490 5075 599 5118 toto
646 5068 840 5134 pupula
886 5067 1129 5120 audiente
1163 5077 1215 5121 et
1256 5068 1433 5135 judice
1466 5087 1479 5122 :
1508 5070 1581 5123 Ne
1628 5070 1824 5129 tradas.

251 5158 509 5219 Domine,
535 5156 715 5210 bestiis
736 5158 963 5209 animam
988 5158 1321 5211 conlitentem
1352 5160 1462 5223 tibi,
1490 5160 1578 5211 sed
1605 5162 1825 5227 teipsttm

252 5248 411 5302 nobis
440 5256 621 5311 aperte
642 5248 859 5300 OStende
883 5246 1053 5311 (Psal.
1090 5248 1301 5317 Lxxnt).
1328 5248 1503 5302 Nubes
1532 5259 1704 5301 autem
1737 5264 1825 5302 ro-

246 5340 396 5393 scida
422 5347 477 5391 et
510 5336 680 5389 lucida
708 5337 1017 5402 adveniens,
1041 5340 1183 5390 viros
1216 5338 1365 5403 texit,
1397 5340 1513 5407 igne
1539 5340 1823 5393 exstincto.

248 5427 549 5480 Admiratus
588 5435 759 5479 autem
792 5426 957 5478 turba:
1000 5435 1053 5479 et
1090 5426 1204 5493 ipse
1246 5426 1429 5495 judex,
1478 5428 1772 5480 clamabant
1808 5445 1820 5479 :

250 5516 401 5571 bnus
435 5523 519 5567 cst
561 5514 695 5568 Deus
724 5515 1171 5581 Christianorum;
1205 5516 1472 5570 maleficus
1519 5532 1646 5571 vero
1677 5520 1822 5587 quis-

246 5611 392 5677 piam
444 5605 557 5659 haec
585 5607 851 5660 renuntiat
890 5609 1133 5673 praelecto
1179 5606 1531 5660 Alexandriae.
1575 5606 1672 5673 Qui
1702 5624 1821 5661 cum

245 5699 500 5755 Crudeles
528 5700 780 5769 quosdam
814 5708 865 5751 et
911 5701 1165 5751 immanes
1209 5698 1458 5764 elegisset
1501 5710 1823 5767 protectores

243 5797 298 5848 ct
324 5790 661 5861 apparitores
682 5830 695 5855 ,
730 5803 817 5842 eos
849 5789 985 5842 misit
1017 5799 1068 5842 ut
1098 5792 1296 5843 vinctos
1328 5789 1646 5845 adducerent
1681 5790 1820 5857 judi-

1933 4713 2149 4766 tnagnos
2181 4699 2406 4749 vidimus
2437 4698 2814 4761 anachoretas;
2848 4700 3036 4764 partim
3061 4701 3271 4768 quidem
3296 4702 3493 4772 indige-

1932 4806 2047 4856 nas,
2082 4790 2268 4857 pattim
2296 4802 2422 4842 vero
2460 4788 2616 4840 etiam
2650 4787 2907 4854 hospites,
2938 4791 3023 4854 qui
3054 4805 3112 4844 se
3156 4792 3379 4845 invicem
3407 4809 3495 4847 suo

1933 4880 2184 4947 perabant
2214 4878 2348 4930 virtu
2376 4876 2513 4941 ibus,
2547 4884 2601 4929 et
2631 4892 2820 4945 magno
2849 4878 3026 4932 studio
3056 4895 3113 4933 se
3153 4881 3495 4947 exercebant,

1931 4983 1982 5025 et
2024 4973 2075 5025 in
2111 4972 2215 5025 vita
2246 4984 2304 5022 se
2340 4970 2562 5023 invicem
2596 4971 2983 5025 contendebant
3016 4987 3266 5038 superare
3295 4973 3492 5041 (Ra/7.,

1927 5064 1965 5115 Ι.
2002 5078 2059 5128 tt,
2089 5077 2203 5129 cap.
2226 5059 2340 5128 2t).
2376 5060 2438 5112 Et
2464 5059 2548 5113 alii
2580 5059 2789 5127 quidem
2822 5076 2882 5113 ex
2916 5061 3041 5130 ipsis
3067 5061 3410 5117 versabantur
3440 5065 3492 5119 in

1928 5151 2398 5217 contemplatione,
2426 5149 2513 5202 alii
2545 5164 2668 5203 vero
2714 5152 2763 5203 in
2794 5152 3021 5204 actione.
3052 5150 3181 5205 Cum
3232 5152 3494 5207 vidissent

1928 5252 2099 5295 autem
2132 5243 2293 5310 aliqui
2334 5257 2399 5297 ex
2445 5242 2571 5306 ipsis
2617 5257 2713 5295 nos
2760 5242 2939 5308 procul
2988 5244 3280 5308 venientes,
3326 5245 3491 5313 aliqui

1927 5334 2136 5399 quidem
2167 5335 2318 5387 nobis
2346 5350 2466 5389 cum
2507 5346 2641 5402 aqua
2672 5341 3050 5395 occurrerunt;
3081 5342 3134 5386 et
3161 5334 3246 5385 alii
3275 5334 3488 5402 quidem

1928 5425 2088 5493 pedes
2111 5435 2317 5480 nostros
2345 5427 2605 5486 Iavabaut.
2636 5424 2728 5477 alii
2762 5438 2885 5476 vero
2928 5434 3101 5478 vestes
3145 5424 3492 5487 tnundabant,

1926 5520 2012 5571 alii
2041 5533 2165 5572 vero
2192 5519 2255 5570 ad
2298 5519 2470 5571 cibum
2502 5516 2808 5578 invitabant,
2842 5516 2929 5569 alii
2961 5526 3132 5569 autem
3157 5515 3221 5567 ad
3250 5525 3487 5569 contem-

1927 5610 2207 5677 plationem
2237 5617 2290 5661 et
2322 5608 2410 5662 Dei
2442 5608 2795 5675 cognitionem
2817 5649 2830 5671 ,
2864 5615 2919 5660 et
2945 5606 3080 5674 quod
3127 5606 3488 5674 unusquisque

1925 5714 1987 5752 ex
2018 5698 2077 5750 iis
2104 5706 2327 5765 poterat,
2358 5698 2407 5750 in
2437 5712 2500 5749 eo
2530 5696 2773 5750 studebat
2800 5712 2894 5750 nos
2922 5698 3122 5764 jnvare.
3157 5695 3221 5748 Et
3253 5696 3375 5764 quid
3407 5697 3487 5749 di-

1924 5790 2060 5845 xerit
2092 5788 2349 5854 quispiam
2380 5804 2559 5843 omncs
2588 5804 2768 5843 eorum
2802 5790 3037 5852 virtutes,
3072 5802 3189 5842 cum
3217 5786 3347 5843 nihil
3371 5801 3486 5851 μυι-
