4258 6360
796 384 933 439 H75

2248 380 2562 438 PALLADII

3893 373 4032 434 H76

813 498 886 551 sit
911 496 1089 551 dicere
1119 509 1210 563 pro
1238 496 1530 567 dignitate?
1561 497 1807 553 Ilabitant
1850 498 2025 568 itaque
2070 499 2242 555 locum
2270 500 2368 553 de-
2393 499 2444 558 Α
2468 496 2681 565 quando
2712 496 3115 567 uniuscujusque
3136 498 3369 552 venisset
3387 498 3678 563 translatio,
3700 498 3753 554 id
3776 500 4028 554 omnibus

810 594 1034 652 sertum,
1065 595 1119 639 et
1148 585 1341 639 habent
1374 588 1535 640 cellas
1566 603 1756 657 magno
1805 590 1942 642 inter
1986 605 2045 643 se
2088 590 2369 644 intervallo

811 675 1135 743 disjunctas,
1166 684 1220 728 ut
1251 677 1422 730 nullus
1454 678 1615 744 possit
1646 679 1822 745 procul
1850 681 2059 746 agnosci
2088 679 2154 733 ab
2179 680 2366 745 altero,

811 778 981 839 neque
1019 765 1123 819 cito
1164 766 1351 829 videri,
1404 782 1499 821 nec
1546 783 1646 821 vox
1686 770 1886 833 audiri;
1928 771 2021 823 sed
2068 772 2264 838 degunt
2313 772 2366 825 in

810 857 976 909 multa
1005 857 1210 925 quiete,
1253 858 1610 929 unusquisque
1652 874 1747 926 per
1783 875 1843 913 se
1884 862 2137 914 inclusus.
2185 862 2365 915 Solum

807 961 984 1004 autem
1008 950 1240 1006 Sabbato
1259 960 1313 1006 et
1336 953 1606 1006 Dominieo
1625 966 2008 1021 congregantur
2028 955 2079 1007 itt
2104 957 2365 1016 ecclesiis.

806 1050 863 1095 et
894 1055 952 1095 se
996 1042 1218 1096 invicem
1258 1045 1547 1112 excipiunt.
1593 1044 1733 1098 Ilulti
1781 1056 1956 1099 autem
2000 1060 2064 1101 ex
2116 1048 2181 1100 iis
2225 1062 2367 1113 saepe

804 1132 964 1185 etiam
994 1142 1217 1197 quatuor
1238 1134 1353 1188 dies
1386 1138 1723 1191 inveniuntur
1760 1139 1812 1189 in
1838 1139 2005 1203 cellis,
2048 1153 2113 1192 eo
2139 1138 2276 1206 quod
2308 1152 2368 1192 se

806 1219 1031 1275 invicem
1060 1239 1163 1276 non
1193 1224 1423 1288 videant,
1459 1235 1803 1293 praeterquam
1834 1228 1885 1279 in
1909 1228 2146 1281 collecta.
2186 1227 2249 1281 Et
2274 1228 2363 1281 alii

805 1310 1017 1377 quidem
1056 1328 1124 1365 ex
1171 1313 1249 1365 bis
1298 1315 1581 1367 veniebant
1620 1316 1683 1368 ad
1723 1317 1995 1370 collectam
2037 1332 2068 1369 a
2115 1322 2270 1371 tertio
2312 1328 2366 1372 et

804 1412 992 1470 quarto
1033 1403 1234 1472 lapide,
1265 1414 1367 1457 tam
1395 1408 1548 1474 longe
1587 1417 1709 1461 sunt
1750 1410 1937 1462 remoti
1970 1423 1998 1460 a
2028 1424 2086 1462 se
2117 1409 2363 1463 invicem.

803 1491 1023 1545 Tantam
1042 1500 1221 1547 autem
1253 1494 1447 1548 habent
1477 1496 1614 1549 inter
1641 1512 1701 1553 se
1726 1499 2058 1562 charitatem,
2091 1500 2251 1551 etiam
2276 1513 2367 1551 su-

805 1598 898 1650 pra
926 1584 1182 1652 reliquam
1209 1586 1613 1651 fraternitatem,
1689 1597 1747 1642 ut
1817 1587 2004 1643 multis
2075 1587 2167 1657 qui
2245 1604 2363 1642 cum

804 1674 933 1740 ipsis
956 1676 1084 1729 salvi
1118 1690 1234 1731 esse
1267 1677 1546 1741 voluerint,
1582 1677 1940 1745 unusquisque
1966 1678 2177 1731 studeat
2215 1691 2363 1731 suam

803 1763 991 1817 cellam
1025 1766 1102 1819 eis
1137 1765 1267 1821 dare
1291 1765 1359 1819 ad
1396 1781 1455 1819 se
1484 1766 1826 1820 reficiendum

1366 1854 1589 1909 CAPUT
1626 1856 1788 1909 LXX.

840 1940 916 1994 De
941 1942 1127 1994 Abbate
1148 1944 1412 1995 Ammonio
1440 1944 1590 2003 (116)
1616 1956 1661 1998 et
1690 1947 1754 1998 iis
1777 1947 1866 2005 qui
1891 1957 2035 1998 erant
2062 1962 2172 1999 cum
2199 1947 2327 2015 ipso.

873 2031 1114 2087 Vidimus
1159 2043 1332 2087 autem
1384 2036 1589 2089 Patrem
1636 2051 1844 2105 quoque
1889 2052 2072 2091 eorum
2120 2038 2209 2105 qui
2258 2038 2367 2090 illic

800 2134 979 2188 erant,
1004 2124 1216 2177 nomine
1236 2126 1597 2190 Ammoniutn,
1622 2127 1902 2181 habentem
1926 2128 2149 2180 eximias
2178 2128 2361 2191 cellas,

802 2221 858 2267 et
876 2213 1091 2276 atrium,
1120 2224 1169 2268 et
1193 2224 1429 2282 puteum,
1476 2225 1531 2269 et
1554 2217 1752 2285 reliqua
1776 2219 2093 2271 necessaria.
2120 2218 2249 2271 Cum
2272 2234 2365 2271 au-

804 2313 907 2357 tem
952 2303 1017 2357 ad
1045 2319 1163 2358 eum
1188 2308 1415 2360 venisset
1435 2310 1645 2374 quidam
1670 2308 1829 2361 frater
1850 2308 1934 2375 qui
1961 2310 2165 2362 volebat
2188 2309 2366 2364 salvus

800 2397 936 2461 fieri,
959 2408 1012 2451 et
1039 2398 1087 2451 ei
1112 2399 1310 2453 diceret
1339 2409 1393 2452 ut
1415 2401 1513 2468 ipsi
1542 2401 1799 2454 inveniret
1821 2402 2007 2455 cellam
2030 2402 2093 2454 ad
2127 2402 2364 2454 habitan-

801 2489 950 2553 dum,
982 2490 1124 2545 illico
1179 2506 1444 2559 egressus,
1500 2496 1750 2560 praecepit
1776 2494 1825 2546 ei
1866 2509 1933 2547 ne
1967 2493 2306 2558 egrederetur
2336 2508 2365 2546 e

802 2578 971 2644 cellis,
1002 2580 1174 2634 donec
1220 2579 1317 2647 ipsi
1350 2580 1636 2635 invenisset
1660 2591 1837 2649 aptum
1894 2582 2281 2645 habitaculum;
2314 2590 2365 2635 et

803 2683 922 2724 eum
945 2669 1043 2736 ipsi
1072 2670 1368 2738 reliquisset
1396 2671 1571 2725 omnia
1620 2687 1737 2740 qua:
1787 2671 2029 2736 habebat,
2076 2686 2194 2725 cum
2241 2672 2368 2740 ipsis

804 2760 977 2825 cellis.
1005 2761 1239 2829 seipsum
1288 2761 1496 2813 inclusit
1547 2762 1599 2814 in
1628 2776 1842 2830 parvam
1889 2762 2097 2814 cellam.
2143 2760 2295 2826 Quod
2321 2760 2367 2813 si

804 2849 987 2919 plures
1014 2859 1164 2903 erant
1206 2850 1295 2917 qui
1346 2850 1734 2903 conveniebant
1782 2849 2016 2903 volentes
2040 2848 2172 2902 salvi
2230 2842 2365 2915 fieri,

806 2938 1165 3007 congregabat
1188 2939 1489 2992 universam
1520 2939 1928 3003 fraternitatem,
1953 2947 2005 2992 et
2030 2939 2124 2991 illo
2150 2937 2367 3005 quidem

808 3030 1048 3084 tradente
1102 3030 1317 3093 lateres,
1365 3029 1466 3083 hoc
1513 3044 1640 3083 vero
1693 3043 1905 3096 aquam,
1963 3025 2370 3095 perficiebantur

807 3118 957 3171 cellae
986 3120 1035 3171 in
1059 3134 1162 3172 uno
1190 3119 1296 3171 die.
1331 3120 1434 3174 Eos
1482 3127 1659 3172 autem
1689 3119 1775 3186 qui
1805 3127 1954 3169 erant
1999 3116 2281 3168 habitaturi
2315 3116 2366 3167 in

2472 589 2617 657 prius
2645 588 3027 656 significantem
3055 601 3110 642 et
3139 604 3198 643 se
3228 591 3602 655 reclinantcm,
3631 591 3887 649 dormire.

3008 679 3231 733 CAPUT
3272 679 3477 731 LXXII.

2701 767 2816 820 Vita
2843 768 3033 821 abbatis
3062 770 3308 820 Ammona
3341 770 3489 841 (118)
3517 774 3790 837 presbyteri

2538 858 2631 913 Est
2667 868 2843 913 autem
2874 860 2974 912 alia
3004 875 3213 927 quoque
3242 860 3468 913 solitudo
3498 862 3547 913 in
3580 859 3831 929 AEgypto,
3868 859 4033 911 mari-

2469 950 2591 1002 tima
2618 952 2853 1017 quidem,
2883 950 2975 1002 sed
3005 950 3339 1011 difficillima,
3371 951 3422 1003 in
3452 965 3554 1016 qua
3598 951 3747 1003 multi
3775 959 3831 1003 et
3856 949 4034 1018 magni

2468 1038 2706 1093 habitant
2732 1040 3091 1103 anachoreta,
3116 1056 3232 1109 qua:
3261 1051 3527 1109 estprote
3571 1043 3753 1094 urbem
3813 1040 4035 1093 Diolemt

2470 1131 2663 1199 (Rat/IT,
2692 1130 2731 1184 ι.
2763 1148 2821 1198 Il,
2876 1149 2985 1200 cap.
3016 1130 3103 1192 32,
3137 1133 3215 1183 cui
3238 1132 3419 1184 dicitur
3453 1132 3760 1198 Piammon).
3795 1132 4037 1183 Vidimus

2466 1230 2636 1273 autem
2667 1220 2773 1274 illic
2801 1221 3163 1287 presbyterum
3195 1221 3361 1273 virum
3390 1231 3629 1274 sanctum
3669 1230 3722 1273 et
3751 1220 3905 1272 valde
3939 1219 4034 1271 Itu-

2465 1310 2665 1370 milem,
2686 1318 2743 1362 et
2763 1309 2975 1362 assidue
2998 1309 3264 1363 videntem
3289 1310 3541 1374 visiones,
3576 1312 3789 1361 nomine
3813 1312 4035 1360 Ammo-

2467 1412 2609 1455 nam.
2653 1398 2701 1451 Is
2749 1398 3032 1467 aliquando
3079 1399 3310 1452 offerens
3339 1399 3447 1452 Deo
3480 1397 3796 1452 sacrificium
3857 1395 4033 1463 (H9),

2465 1488 2607 1542 videt
2627 1488 2868 1556 angelum
2896 1497 3123 1542 stantem
3148 1503 3176 1540 a
3204 1490 3410 1542 dextris
3432 1488 3639 1544 altaris.
3674 1495 3730 1540 et
3754 1496 4031 1539 notantem

2466 1574 2655 1631 fratres
2681 1579 2994 1631 accedentes
3024 1578 3086 1630 ad
3116 1580 3363 1644 gratiam,
3392 1587 3443 1630 et
3471 1576 3786 1630 scribentem
3814 1576 3865 1627 in
3896 1574 4035 1627 libro

2464 1681 2649 1719 eorum
2680 1670 2914 1724 nomina.
2940 1666 3072 1719 Cum
3104 1678 3277 1719 autent
3308 1681 3411 1718 non
3441 1665 3733 1717 adfuissent
3779 1663 3943 1731 aliqui
3977 1663 4032 1715 in

2465 1760 2673 1827 synaxi,
2707 1759 2839 1811 vidit
2885 1759 3050 1811 deleri
3099 1771 3285 1812 eorum
3340 1756 3574 1819 nomina,
3618 1758 3707 1822 qui
3756 1764 3877 1820 post
3927 1766 4035 1807 tres

2394 1845 2440 1904 B
2466 1849 2578 1902 dies
2600 1855 2722 1901 sunt
2750 1847 2963 1901 mortui.
3016 1846 3145 1900 Eum
3174 1861 3315 1913 smpe
3342 1854 3644 1913 torquentes
3673 1844 3946 1897 daemones
3976 1844 4031 1895 in

2469 1950 2665 1990 tantam
2693 1937 3024 1991 adduxerunt
3044 1936 3481 1999 imbecillitatem,
3511 1943 3567 1988 ut
3595 1950 3697 1989 non
3722 1946 3902 2001 posset
3924 1934 4035 2001 ipse

2466 2036 2607 2081 stare
2634 2027 2700 2081 ad
2730 2042 2898 2092 aram,
2928 2041 3024 2079 nec
3052 2025 3246 2080 offerre
3278 2041 3293 2078 :
3338 2025 3556 2094 angelus
3583 2033 3759 2078 autem
3790 2023 4034 2087 veniens,

2467 2118 2584 2185 ejus
2609 2132 2763 2169 manu
2814 2117 3167 2183 apprehensa,
3211 2116 3447 2183 protinus
3505 2130 3626 2168 eum
3677 2113 4032 2171 confirmavit.

2467 2218 2519 2260 et
2547 2220 2729 2259 sanum
2754 2206 2817 2258 ad
2836 2220 2978 2257 aram
3003 2206 3203 2257 statuit.
3236 2202 3397 2272 Cujus
3428 2212 3687 2256 tormenta
3719 2216 3841 2255 cum
3869 2198 4037 2255 vidis—

2466 2311 2584 2355 sent
2606 2298 2821 2363 fratres,
2850 2298 3257 2366 obstupuerunt.

3007 2408 3232 2463 CAPUT
3272 2404 3504 2461 LXXIII.

2897 2498 2974 2553 De
3001 2500 3178 2551 abbate
3202 2499 3403 2551 Joanne
3432 2495 3611 2564 (I20).

2544 2589 2790 2645 Vidimus
2816 2598 2991 2643 autem
3034 2588 3193 2640 alium
3224 2600 3435 2653 quoque
3465 2585 3516 2636 in
3542 2582 3745 2644 Diolco,
3776 2580 4035 2635 Joannem

2465 2681 2678 2733 nomine
2706 2677 2898 2748 (Rem,
2918 2678 2952 2730 ι.
2981 2691 3037 2743 II,
3068 2692 3181 2744 cap.
3209 2675 3321 2741 53),
3350 2681 3548 2740 patrem
3572 2672 4036 2729 monasteriorum,

2469 2771 2555 2837 qui
2586 2769 2700 2836 ipse
2730 2783 2939 2838 quoque
2962 2766 3178 2820 multam
3203 2763 3431 2817 habebat
3452 2762 3697 2832 gratiam,
3728 2769 3783 2814 et
3808 2759 4035 2813 Abrahae

2469 2858 2725 2925 habitum,
2756 2868 2810 2912 et
2836 2857 3053 2911 barbam
3088 2858 3286 2910 Aaron.
3316 2851 3592 2924 Efficiebat
3612 2858 3787 2903 autem
3815 2848 4036 2902 virtutes

2467 2961 2626 3017 atque
2654 2949 2976 3011 curationes,
2999 2956 3055 3000 ut
3075 2948 3163 3014 qui
3193 2943 3390 2999 multos
3415 2943 3619 2997 curavit
3644 2940 3966 3011 paralyticos
3985 2950 4037 2993 et

2470 3039 2695 3107 podagra
2728 3038 3049 3092 laborantes.

2989 3124 3212 3179 CAPUT
3278 3121 3512 3177 LXXIV.

805 3207 972 3273 cellis,
986 3208 1039 3261 in
1054 3208 1331 3262 ecclesiam
1346 3208 1601 3261 vocabant
1614 3208 1676 3260 ad
1690 3205 1931 3259 convivia
1948 3221 1963 3269 ;
1978 3206 2208 3272 dumque
2221 3204 2291 3257 illi
2307 3219 2363 3256 se
2393 3204 2438 3267 C

2356 3221 2363 3256 ι
2393 3204 2438 3267 C
2546 3216 2663 3271 Vita
2688 3217 2879 3270 abbatis
2911 3212 3189 3283 Pityriouia
3213 3221 3258 3264 et
3284 3212 3432 3281 (121)
3462 3225 3637 3264 eorum
3663 3209 3749 3279 qui
3773 3223 3888 3262 cum
3927 3208 4037 3277 ipso

807 3306 1051 3350 recreant
1084 3304 1139 3351 et
1168 3297 1482 3361 exhilarant,
1516 3297 1876 3365 unusquisque
1901 3312 2021 3350 cum
2054 3311 2084 3350 e
2109 3309 2200 3347 sua
2229 3295 2362 3348 cella

805 3387 1015 3441 ovillam
1038 3402 1186 3442 suam
1220 3390 1410 3457 pellem
1451 3399 1542 3443 aut
1571 3400 1807 3457 sportam
1856 3404 1989 3456 pane
2032 3390 2115 3443 vel
2157 3404 2215 3440 ca
2237 3388 2365 3442 teris

804 3479 1072 3544 implesset
1102 3480 1436 3543 necessariis,
1465 3479 1771 3533 deferebant
1813 3479 1879 3532 ad
1909 3494 2072 3532 novas
2097 3479 2280 3543 cellas,
2308 3485 2366 3530 ut

806 3567 935 3619 nulli
964 3576 1082 3618 nota
1110 3576 1251 3618 esset
1284 3568 1691 3635 uniuscujusque
1733 3568 1948 3619 oblatio.
1976 3566 2144 3620 Noctu
2189 3579 2363 3618 autem

805 3657 1081 3710 venientes
1110 3656 1392 3710 habitaturi
1421 3672 1543 3710 suas
1570 3659 1755 3722 cellas,
1786 3666 2002 3722 repente
2027 3657 2364 3710 inveniebant

805 3749 974 3801 omnia
1000 3751 1320 3802 necessaria.
1348 3749 1492 3801 Multi
1518 3757 1693 3801 autem
1722 3764 1788 3802 ex
1818 3750 1943 3816 ipsis
1970 3764 2142 3815 neque
2171 3764 2359 3813 panem

804 3838 1147 3892 cometlebant
1182 3853 1275 3892 nec
1323 3839 1543 3902 fructus,
1576 3839 1667 3890 sed
1708 3838 1874 3889 solum
1908 3837 2085 3906 intyba
2110 3838 2357 3904 agrestia.

804 3928 1024 3992 Quidam
1071 3940 1245 3979 autem
1272 3942 1335 3979 ex
1368 3928 1493 3993 ipsis
1526 3937 1631 3979 tota
1679 3938 1831 3980 noete
1861 3944 1963 3978 non
1995 3927 2360 3991 dormiebant;

804 4018 893 4070 sed
923 4017 1166 4071 sedentes
1196 4021 1278 4073 vel
1320 4029 1519 4073 stantes
1568 4034 1731 4086 usque
1760 4020 1823 4073 ad
1856 4034 2027 4087 tuane,
2053 4033 2364 4087 persevera-

806 4110 929 4163 bant
958 4110 1009 4161 itt
1039 4112 1300 4163 oratione.

1359 4202 1582 4257 CAPUT
1622 4200 1806 4255 LXXI.

810 4289 925 4343 Vita
950 4289 1142 4342 abbatis
1166 4286 1354 4342 Isidori
1376 4292 1424 4359 (I
1445 4292 1523 4358 I7)
1545 4302 1588 4342 et
1616 4306 1787 4342 comm
1812 4290 1899 4357 qui
1925 4297 2065 4341 erant
2092 4303 2203 4338 cum
2228 4293 2357 4353 ipso.

875 4381 1110 4434 Vidimus
1133 4390 1304 4433 autem
1330 4382 1380 4433 iu
1400 4381 1666 4433 Thebaide
1688 4380 2062 4432 monasterium
2088 4379 2359 4443 cujusdam

805 4471 979 4538 magni
1013 4469 1217 4532 Isidori,
1273 4470 1410 4536 quod
1463 4470 1601 4521 intus
1633 4469 1854 4519 habebat
1884 4468 2026 4521 mille
2072 4466 2357 4518 monachos

3172 3290 3333 3334 erant.

2538 3376 2774 3430 Vidimus
2802 3385 2975 3427 autem
3008 3372 3060 3425 in
3091 3370 3365 3425 Thebaide
3411 3369 3575 3423 altum
3616 3378 3847 3423 montem
3874 3365 4039 3420 ﬂuvio

2466 3469 2850 3531 imminentem,
2878 3462 3029 3518 valde
3059 3462 3345 3516 terribilem
3374 3470 3427 3513 et
3456 3460 3805 3527 praecipitem,
3828 3465 3881 3510 et
3912 3472 4026 3509 mo-

2466 3559 2661 3612 nachos
2680 3556 2787 3610 illic
2806 3556 3044 3608 viventes
3072 3555 3120 3605 in
3143 3549 3611 3619 speluncis(Ru/7‘.,
3640 3551 3677 3602 ι.
3706 3563 3761 3612 Il,
3779 3563 3895 3615 cap.
3917 3546 3977 3599 3i
3994 3549 4039 3614 ).

2469 3647 2663 3698 Eorum
2710 3651 2884 3697 autem
2919 3650 3067 3711 pater
3103 3649 3218 3693 erat
3262 3640 3478 3693 nomine
3521 3638 3773 3707 Pityrion,
3804 3637 3896 3705 qui
3937 3634 4037 3689 fuit

2466 3749 2599 3788 unus
2621 3750 2685 3788 ex
2706 3732 2978 3799 discipulis
2998 3731 3234 3794 Antonii,
3262 3740 3313 3782 et
3339 3730 3527 3782 tertius
3551 3728 3641 3795 qui
3672 3728 3817 3779 illum
3853 3726 4032 3778 locum

2464 3826 2705 3891 excepit;
2735 3824 2821 3890 qui
2850 3822 3060 3891 quidem
3088 3821 3278 3872 multas
3300 3820 3522 3871 virtutes
3546 3816 3827 3880 efficiebat,
3850 3817 4039 3869 etefli—

2464 3919 2660 3969 caciter
2688 3916 2903 3982 spiritus
2959 3910 3275 3978 expellebat.
3325 3908 3459 3961 Cum
3497 3908 3638 3962 enim
3688 3907 4039 3959 successisset

2465 4008 2694 4062 Antonio
2742 4020 2795 4060 et
2842 4006 2955 4074 ejus
3002 4002 3263 4068 discipulo
3306 4000 3603 4065 Ammonae,
3652 3999 3841 4052 merito
3870 4000 4037 4051 etiam

2465 4097 2723 4150 successit
2762 4092 3053 4147 ltmreditati
3104 4091 3359 4143 donorum
3406 4106 3417 4141 :
3452 4088 3540 4155 qui
3591 4089 3784 4140 multos
3815 4086 4039 4155 quidem

2470 4190 2603 4241 alios
2625 4202 2830 4255 quoque
2852 4187 2991 4254 apud
3012 4198 3109 4237 nos
3127 4182 3760 4250 habnitsermones,qnin
3780 4181 3939 4233 etiam
3966 4181 4039 4235 de

2467 4279 2788 4332 discretiOne
2818 4276 3095 4340 Spirituum
3126 4283 3370 4326 accurate
3400 4272 3670 4335 disseruit,
3702 4273 3884 4324 dicens
3911 4287 4042 4326 che

2465 4370 2666 4436 aliquos
2692 4369 2960 4420 daemones
2992 4363 3078 4431 qui
3104 4370 3391 4429 sequuntur
3414 4361 3573 4413 animi
3599 4374 3787 4419 m0tus,
3817 4368 3871 4412 et
3899 4374 4039 4413 nos-

2474 4469 2583 4511 tras
2616 4456 2919 4509 affectiones
2949 4454 3012 4505 ad
3041 4454 3232 4505 malum
3258 4464 3398 4519 sirpe
3418 4459 3748 4503 convertunt.
3780 4451 4040 4517 Quisquis

801 4562 991 4627 (lin/II,
1022 4564 1058 4615 ι.
1084 4578 1140 4623 ll,
1169 4578 1283 4624 cap.
1322 4561 1428 4628 l7).
1464 4560 1694 4613 Habebat
1724 4569 1896 4612 autem
1929 4560 2069 4613 intus
2097 4568 2282 4625 puteos
2313 4567 2362 4608 et
2398 4548 2444 4606 Ι)
2470 4564 2614 4613 ergo,
2646 4563 2676 4600 o
2705 4547 2816 4609 filii,
2850 4546 3060 4599 dicebat
3082 4544 3126 4596 is
3158 4543 3329 4604 nobis,
3355 4544 3464 4594 vult
3491 4542 3701 4608 exigere
3726 4541 4026 4603 dwtnones,

804 4654 1003 4713 hortos,
1023 4664 1069 4705 et
1089 4666 1413 4719 quaecunque
1430 4652 1621 4703 suntad
1643 4666 1789 4703 usum
1809 4651 2126 4713 necessaria,
2150 4648 2360 4700 nemine

806 4743 1107 4810 egrediente
1137 4754 1281 4794 extra
1343 4743 1719 4794 monasterium
1752 4758 1764 4790 :
1803 4744 1895 4791 sed
1946 4751 2059 4792 erat
2090 4740 2363 4806 presbyter

799 4832 1020 4901 janitor,
1050 4834 1135 4901 qui
1164 4832 1362 4884 nullum
1393 4832 1723 4897 permittebat
1751 4832 1951 4897 egredi,
1984 4844 2151 4896 neque
2199 4831 2360 4881 alium

804 4920 1031 4986 ingredi,
1063 4929 1411 4986 praeterquam
1442 4918 1484 4970 si
1512 4924 1629 4986 quis
1658 4920 1809 4971 vellet
1845 4932 2011 4984 usque
2042 4917 2105 4969 ad
2132 4927 2360 4969 mortem

802 5010 908 5061 illic
945 5023 1255 5077 permanere
1287 5024 1540 5075 nusquam
1574 5006 1936 5075 progrediens.
1994 5007 2157 5059 Porro
2185 5015 2359 5058 autem

801 5112 893 5149 eos
913 5099 1001 5165 qui
1028 5108 1232 5165 portam
1260 5096 1748 5162 ingrediebanturin
1773 5110 1933 5161 parvo
1958 5093 2258 5146 habitacula
2280 5106 2360 5146 ex-

799 5187 1028 5253 cipiebat
1054 5186 1311 5253 hospitio;
1340 5196 1393 5238 ct
1421 5201 1537 5238 cum
1569 5201 1722 5238 mane
1751 5185 1985 5238 dedisset
2004 5184 2258 5251 eulogias,
2307 5182 2358 5234 in

804 5290 932 5340 pace
955 5276 1269 5329 deducebat.
1292 5275 1404 5328 Duo
1434 5287 1607 5327 autem
1640 5291 1702 5328 ex
1724 5275 1849 5342 ipsis
1882 5274 2173 5341 presbyteri
2193 5275 2358 5325 solum

801 5366 1013 5418 exibant
1063 5382 1221 5432 opera
1250 5364 1466 5418 fratrmn
1500 5364 1951 5427 administrantes,
1982 5372 2033 5415 et
2065 5363 2362 5416 referebant

798 5470 859 5508 ea
886 5470 1000 5521 qme
1029 5468 1177 5507 erant
1212 5455 1339 5522 ipsis
1371 5456 1435 5507 ad
1487 5471 1635 5508 usum
1669 5456 1986 5507 necessaria.
2019 5453 2157 5504 Dixit
2186 5462 2359 5503 autem

804 5544 927 5596 mihi
954 5545 996 5595 is
1018 5545 1104 5611 qui
1127 5557 1326 5611 portam
1346 5546 1675 5597 custodiebat
1694 5546 1987 5610 presbyter,
2003 5557 2093 5594 eos
2110 5542 2197 5609 qui
2222 5543 2361 5594 intus

801 5641 925 5685 amnt
939 5644 1145 5685 sanctos
1158 5648 1276 5686 esse
1293 5634 1443 5696 tales,
1463 5644 1519 5686 ttt
1538 5635 1733 5700 possint
1751 5647 1934 5684 Olltttcs
1951 5631 2097 5699 signa
2116 5630 2357 5691 efficere;

800 5732 853 5777 et
892 5724 1152 5776 neminem
1178 5733 1297 5778 ante
1331 5725 1604 5777 decessum
1626 5724 1676 5777 in
1711 5723 1950 5776 morbum
1978 5720 2238 5783 incidere;
2268 5721 2358 5773 scd

2467 4641 2611 4709 prius
2642 4641 2691 4691 in
2717 4638 3021 4691 servitutem
3046 4634 3245 4700 redigat
3268 4632 3568 4685 affectiones
3596 4633 3785 4695 animi;
3814 4634 4038 4698 qualem

2468 4733 2604 4783 enim
2632 4730 2747 4795 quis
2769 4727 3029 4792 superarit
3054 4723 3405 4783 affectionem,
3432 4721 3545 4789 ejus
3575 4736 3782 4789 quoque
3810 4721 4040 4780 expellit

2468 4822 2780 4872 daemonem.
2804 4817 3022 4883 Op'xrtet
3047 4824 3217 4867 autem
3240 4828 3332 4866 vos
3352 4812 3600 4879 paulatim
3632 4813 3837 4864 vincere
3865 4812 4039 4865 affec-

2472 4912 2662 4971 tiones,
2695 4918 2743 4960 ut
2774 4903 3249 4970 earumexpellatis
3268 4902 3555 4954 dat-mones.
3575 4903 3816 4967 Sequitur
3846 4905 4039 4966 gulam

2467 5001 2694 5053 daemon.
2752 4998 2807 5052 Si
2854 4998 2971 5063 quis
3009 5009 3135 5061 ergo
3187 4992 3362 5058 gulam
3409 4991 3750 5057 superaverit,
3828 4990 4041 5057 expel-

2468 5088 2529 5141 lit
2603 5086 2721 5156 ejus
2838 5089 3153 5141 daemonem.
3202 5088 3249 5140 Is
3300 5095 3473 5139 autem
3520 5083 3823 5137 comedebat
3859 5078 3938 5133 bis
3974 5080 4037 5135 in

2469 5179 2815 5243 hebdomade,
2843 5178 3108 5230 Dominiea
3133 5185 3185 5229 et
3207 5175 3388 5243 quinta
3416 5174 3481 5227 fet
3498 5174 3565 5237 ia,
3590 5185 3798 5240 parvam
3821 5170 4033 5237 pultem

2464 5286 2528 5323 ex
2563 5270 2723 5322 farina
2756 5268 2937 5338 (I92);
2980 5282 3074 5320 nec
3121 5273 3322 5332 poterat
3352 5262 3547 5330 aliquid
3596 5261 3734 5315 aliud
3783 5272 4030 5321 sumere,

2466 5371 2739 5427 propterea
2763 5360 2898 5426 quod
2924 5372 3075 5409 suum
3105 5354 3335 5406 habitum
3366 5353 3431 5404 ita
3456 5355 3750 5406 formasset.

2998 5444 3220 5501 CAPUT
3262 5443 3469 5497 LXXV.

2828 5536 2938 5588 Vita
2970 5535 3174 5603 Eulogii
3206 5534 3353 5604 (125)
3385 5533 3673 5602 presbyteri.

2539 5628 2774 5680 Vidimus
2798 5638 2968 5680 autem
2990 5630 3145 5678 alium
3170 5641 3374 5693 quoque
3403 5624 3781 5691 presbyterum,
3806 5614 4035 5674 nomine

2472 5720 2771 5784 Eulogium,
2796 5718 2879 5784 qui
2904 5719 2952 5771 in
2976 5717 3258 5773 efferendis
3283 5715 3389 5771 Deo
3422 5714 3571 5769 donis
3603 5721 3795 5767 tantam
3820 5712 4034 5779 acet-pit
