4258 6360
724 382 859 449 1179

2175 374 2528 435 PALLADII

3836 381 3973 448 1180

723 498 884 567 χάριν
906 493 1208 564 ἐλάμϐανεν
1232 492 1506 563 γνώσεως,
1532 494 1607 555 ώς
1655 490 1885 543 ἐκάστου
1920 486 2027 567 τῶν
2055 501 2293 555 προσερ-
2324 485 2373 541 Α
2396 483 2489 567 τοῦ
2516 488 2827 558 πνεύματος
2850 494 3020 565 αὐτὴν
3053 497 3452 565 συντρίϐοντος.
3508 496 3977 566 Δαιμονιζομὲνης

721 564 965 648 χομένων
996 578 1243 645 μοναχῶν
1302 580 1397 639 τὰς
1430 574 1655 645 γνώμας
1687 574 1908 626 εἰδέναι.
1961 564 2129 631 Οὗτος
2166 569 2292 620 ἰδὼν

722 662 981 723 πολλάκις
1037 660 1325 728 μέλλοντας
1374 659 1640 728 μοναχούς
1683 674 1835 718 τινας
1881 654 2165 721 προσιέναι
2219 650 2296 719 τῷ

720 743 1112 814 θυσιαστηρίῳ,
1145 743 1386 812 ἐπισχὼν
1411 742 1629 803 αὐτούς,
1665 740 1838 805 ἐλεγει
1868 738 1989 799 Πῶς
2026 735 2293 787 κατατολ-

724 830 862 897 pnite
912 831 1023 889 τοῖς
1070 828 1247 895 ἁγίοις
1296 825 1612 894 προσελθεῖν
1662 824 2001 893 μυστηρίοις,
2051 820 2295 887 πονηρὰς

720 911 819 973 τὰς
840 911 1077 973 διανοίας
1115 911 1369 980 ἔχοντεςς
1418 910 1508 963 καὶ
1548 910 1610 961 σὺ
1678 908 1777 975 μὲν
1830 905 2063 969 ἐλογίσω
2120 902 2293 973 ταύτῃ

720 993 820 1063 τὴν
849 995 1069 1063 ἀπρεπῆ
1100 996 1196 1064 τῆς
1232 994 1484 1063 πορνείας
1529 992 1843 1061 ἐνθύμησιν.
1886 990 1943 1039 '0
1991 988 2045 1039 δὲ
2084 986 2291 1054 ἕτερος,

722 1076 908 1145 φησὶν,
936 1076 1219 1144 ἐλογίσατο
1252 1079 1307 1130 ἐν
1334 1081 1400 1147 τῇ
1438 1075 1633 1128 ἑαυτοῦ
1666 1074 1875 1142 διανοίᾳ
1902 1072 2053 1123 οὐδὲν
2102 1068 2287 1138 διαφέ-

726 1177 839 1229 ρειν
861 1159 959 1213 κᾶν
980 1162 1299 1230 άμαρτωλδν
1330 1161 1432 1213 κᾶν
1486 1160 1696 1213 δίκαιον
1736 1155 2057 1226 προσελθεῖν
2103 1156 2167 1223 τῇ
2200 1151 2293 1205 τοῦ

722 1243 858 1296 Θεοῦ
881 1244 1081 1314 χάριτι.
1129 1246 1187 1297 Ὀ
1222 1245 1277 1298 δέ
1309 1245 1469 1305 ἄλλος
1511 1242 1762 1313 διεκρίθη
1813 1240 1949 1309 πρὸς
1992 1237 2051 1289 τὸ
2086 1238 2292 1308 δῶρον’

724 1320 870 1395 Ἆρα
905 1328 1120 1393 άγιάσει
1162 1345 1227 1396 με
1278 1326 1677 1398 προσελθόντα;
1718 1323 2139 1391 ’Υποχωρήσατε
2204 1315 2298 1373 οῦν

726 1411 919 1480 μικρὸν
943 1411 1050 1463 τῶν
1080 1412 1248 1479 ἁγίων
1296 1410 1631 1481 μυστηρίων,
1670 1410 1763 1461 καὶ
1818 1408 2183 1477 μετανοήσατε
2233 1407 2298 1456 ἐκ

720 1494 922 1562 ψυχῆς,
952 1496 1037 1546 ἵνα
1056 1494 1248 1563 ἄφεσις
1289 1495 1416 1563 ὑμῖν
1462 1494 1688 1561 γένηται
1729 1491 1835 1543 τῶν
1870 1490 2173 1559 ἁμαρτιῶν,
2204 1488 2300 1541 καὶ

723 1578 862 1639 ἄξιοι
889 1578 1116 1647 γένησθε
1145 1580 1245 1646 τῆς
1284 1580 1379 1629 τοῦ
1429 1576 1667 1646 Χριστοῦ
1715 1573 2021 1635 κοινωνίας.
2060 1572 2185 1624 Ὲάν
2241 1572 2299 1625 δὲ

724 1662 800 1730 μὴ
832 1662 1044 1729 πρῶτον
1072 1661 1170 1723 τὰς
1209 1660 1535 1729 ἐνθυμήσεις
1565 1659 1865 1725 καθάρητε,
1919 1656 1978 1706 ού
2008 1654 2082 1725 μὴ
2134 1655 2299 1725 δυνή-

724 1745 883 1797 σεσθε
916 1744 1235 1814 προσελθεῖν
1264 1747 1327 1813 τῇ
1367 1744 1549 1812 χάριτι
1579 1740 1673 1795 τοῦ
1704 1738 1965 1809 Χριστοῦ.

1288 1842 1540 1894 ΚΕΦΑΛ.
1572 1841 1711 1905 οςν.

828 1927 965 1993 Περί
1002 1924 1150 1980 ἁϐϐᾶ
1185 1926 1561 1991 Σεραπίωνος
1588 1923 1692 1975 τοῦ
1735 1921 2167 1988 πρεσϐυτέρου.

794 2022 1079 2091 Ἰδομενδέ
1109 2023 1166 2073 ἐν
1190 2023 1301 2083 τοῖς
1326 2019 1520 2090 μέρεσι
1552 2018 1644 2072 τοῦ
1684 2019 2024 2088 ’Λρσενοῖτου
2056 2016 2296 2088 πρεσϐύ-

717 2106 876 2175 τερόν
913 2124 1055 2169 τινα,
1104 2104 1327 2175 ὀνόματι
1381 2104 1725 2172 Σεραπίωνα,
1794 2102 2006 2171 πατέρα
2082 2098 2296 2153 πολλῶν

724 2190 1121 2259 μοναστηρίων,
1167 2189 1261 2240 καὶ
1304 2186 1610 2257 ἡγούμενον
1666 2185 1868 2254 πολλῆς
1904 2184 2292 2255 ἀδελφότητος,

720 2273 795 2335 ὼς
832 2274 959 2343 μιᾶς
992 2272 1251 2342 μυριάδος
1273 2271 1444 2323 ὄντων
1469 2270 1558 2323 τὸν
1582 2269 1841 2339 ἀριθμόν·
1869 2269 2070 2339 πολλήν
2104 2286 2161 2321 τε
2207 2268 2296 2321 διὰ

720 2358 820 2426 τῆς
863 2357 1221 2426 ἀδελφότητος
1285 2353 1610 2408 ἐκτελοῦντα
1662 2353 2019 2422 οἰκονομίαν,
2080 2354 2298 2406 πάντων

721 2439 857 2511 ὁμοῦ
883 2442 943 2493 ἐν
974 2440 1149 2510 καιρῷ
1176 2437 1439 2509 θερισμοῦ
1466 2436 1905 2506 συγκομιζόντων
1929 2438 2056 2498 τοὺς
2088 2436 2300 2489 ἐαυτῶν

724 2526 970 2595 καρποὺς
992 2524 1128 2595 πρὸς
1157 2524 1341 2585 αὑτὸν,
1392 2521 1483 2585 οὒς
1530 2520 1623 2573 ἐπὶ
1662 2520 1837 2591 μισθῷ
1877 2521 2070 2590 θέρους
2113 2522 2298 2591 ἐκομίο

732 2609 889 2673 ζοντο
932 2609 1164 2670 ἕκαστος
1195 2607 1532 2669 ἐνιαυσιαίας
1566 2604 1713 2658 σίτου
1750 2605 1993 2675 ἀρτάϐας
2045 2605 2297 2672 δεκαδύο,

722 2691 800 2755 ὼς
827 2692 1236 2764 τεσσαράκοντα
1282 2690 1407 2751 τοὺς
1450 2688 1581 2758 παρ’
1629 2689 1761 2758 ἡμῖν
1811 2686 2026 2755 μοδίους
2072 2688 2301 2760 λεγομέ-

724 2789 883 2838 νους⁶
930 2776 1024 2827 καὶ
1072 2774 1247 2826 ταῦτα
1297 2775 1377 2836 είς
1407 2773 1683 2825 διακονίαν
1717 2771 1950 2839 πτωχῶν
1987 2771 2056 2823 δι’
2106 2774 2298 2827 ἐαυτοῦ

732 2856 1097 2927 χορηγοῦντα,
1131 2855 1205 2918 ώς
1239 2856 1439 2925 μηδένα
1467 2854 1726 2907 πένεσθαι
1750 2853 1935 2906 λοιπὸν
1957 2856 2013 2906 ἐν
2042 2858 2108 2925 τῇ
2141 2874 2297 2925 περι-

728 2940 912 3009 χώρῳ,
982 2940 1122 2991 ἀλλὰ
1169 2938 1263 2991 καὶ
1313 2941 1425 3001 τοῖς
1475 2940 1555 2999 είς
1616 2936 2024 3005 Ἀλεξάνδρειαν
2067 2943 2301 3009 πτωχοῖς

726 3021 1155 3092 διαπέμπεσθαι.
1180 3022 1252 3073 Οὐ
1296 3022 1402 3089 μὴν
1434 3020 1555 3073 οὐδὲ
1606 3021 1655 3072 οἰ
1694 3020 2096 3090 προῤῥηθέντες
2127 3024 2300 3076 Πατέ-

732 3124 846 3175 ρες,
879 3106 1018 3159 κατὰ
1045 3106 1224 3157 πᾶσαν
1245 3107 1344 3170 τὴν
1377 3103 1651 3170 Δίγυπτον
1674 3104 1958 3173 ἠμέλησάν
2006 3122 2136 3157 ποτε
2171 3106 2302 3158 ταύ-

727 3207 828 3279 της
856 3188 952 3257 τῆς
981 3188 1324 3279 διοικήσεως,
1355 3186 1472 3279 ἀλλ’
1498 3188 1561 3279 ἐκ
1593 3184 1701 3238 τῶν
1732 3188 2125 3279 καμάτωνιτῆς
2148 3188 2301 3279 ἀδελ-
2329 3200 2375 3260 c
2478 3224 2589 3279 Καὶ

729 3272 961 3341 φότητος
1012 3270 1189 3339 μεστά
1252 3269 1415 3321 πλοῖα
1488 3270 1640 3320 σίτου
1695 3269 1791 3321 καὶ
1846 3268 2171 3338 ἀμφιάσεως
2222 3272 2304 3334 εἰς

741 3353 1150 3423 ’Δλεξάνδρειαν
1193 3354 1305 3414 τοῖς
1357 3353 1596 3421 πτωχοῖς
1646 3352 2061 3416 ἀποστέλλουσι,
2109 3352 2198 3407 διὰ
2242 3354 2305 3406 τὸ

732 3437 992 3501 σπανίους
1018 3434 1157 3490 εἰναι
1187 3434 1315 3506 παρ’
1340 3435 1522 3496 αὐτοῖς
1548 3435 1673 3497 τοὺς
1694 3434 1885 3505 χρείαν
1916 3435 2162 3506 ἔχοντας.

1309 3527 1561 3580 ΚΕΦΑΛ.
1618 3528 1740 3580 ΟΖ’.

1205 3618 1343 3684 Περὶ
1373 3615 1798 3671 Ποσειδωνίου.

804 3710 886 3763 Ta
918 3710 1059 3763 κατά
1083 3709 1434 3761 Ποσειδώνιον
1457 3710 1548 3761 τὸν
1569 3709 1805 3777 Θηϐαῖον
1847 3712 2015 3781 ἄνδρα
2064 3710 2303 3782 δοκιμώ-

732 3812 891 3849 τατον
924 3796 1016 3846 καὶ
1040 3791 1536 3863 καρτερικώτατον,
1572 3792 1740 3844 πολλά
1764 3794 1863 3861 μὲν
1892 3796 1986 3845 καὶ
2012 3797 2301 3866 ἀδιήγητα,

734 3878 852 3938 πῶς
906 3894 965 3928 τε
1023 3872 1089 3944 ἦν
1121 3878 1313 3946 πρᾶος,
1370 3877 1462 3928 καὶ
1507 3878 1655 3937 ὅπως
1702 3878 2171 3947 ἀσκητικώτατος,
2210 3883 2306 3935 καὶ

735 3966 907 4032 πόσην
936 3958 1058 4011 τινὰ
1086 3960 1144 4009 ἐν
1169 3956 1342 4025 ἐαυτῷ
1365 3954 1508 4027 εἶχεν
1541 3959 1640 4029 τὴν
1674 3960 1927 4023 ἀκακίαν,
1964 3954 2064 4013 Οὔκ
2103 3958 2216 4015 Οἶδα
2258 3966 2306 4016 εἰ

738 4041 1113 4111 συντετύχηκά
1136 4058 1239 4092 τινι
1267 4040 1508 4093 πώποτε.
1539 4041 1817 4110 Συνέξησα
1852 4045 1960 4111 γὰρ
1995 4042 2103 4110 ἐγὼ
2131 4046 2304 4115 τούτῳ

737 4134 829 4183 ἐπὶ
863 4129 979 4190 ἔτος
1002 4126 1060 4177 ἐν
1090 4129 1146 4178 ἐν
1178 4124 1442 4193 Βηθλεέμ.
1473 4126 1707 4193 ὁπηνίκα
1727 4125 2017 4188 ἐκαθέζετο
2049 4128 2308 4181 ἐπέκεινα

733 4212 829 4267 τοῦ
856 4209 1166 4278 Ποιμενίου.
1204 4208 1312 4259 Καὶ
1347 4206 1547 4269 πολλὰς
1592 4207 1781 4259 τούτου
1829 4209 2045 4260 κατίδον
2087 4212 2306 4281 ἀρετάς,

738 4299 796 4350 ἐν
833 4291 913 4358 οἷς
944 4312 1031 4363 μοι
1068 4296 1123 4343 ἐν
1156 4290 1256 4360 μιᾷ
1296 4289 1402 4341 τῶν
1434 4289 1659 4359 ἡμερῶν
1694 4291 1855 4353 αὐτὸς
1909 4292 2170 4361 διηγεῖτο,
2199 4296 2309 4347 ὅτι-

737 4398 843 4449 περ
903 4381 994 4439 Εἰς
1029 4379 1119 4427 τὴν
1170 4373 1519 4443 Πορφυρίτην
1572 4373 1735 4424 τόπον
1768 4374 1996 4440 οἰκήσας
2053 4375 2171 4437 ἔτος
2226 4376 2308 4439 ἒν,

736 4460 1007 4530 ἀνθρώπῳ
1027 4460 1085 4510 οὐ
1109 4458 1477 4524 συντετύχηκα
1505 4456 1563 4507 ἐν
1588 4457 1693 4525 ὅλῳ
1720 4457 1795 4524 τῷ
1817 4457 1948 4519 ἔτει,
1975 4458 2072 4526 οὐχ
2096 4459 2310 4527 ὁμιλίας

2398 563 2492 619 οὖν
2521 574 2619 639 τῆς
2648 577 2927 641 γυναικὸς,
2954 563 2986 631 δ
3015 580 3153 649 ἀνὴρ
3182 563 3386 649 ταύτης
3444 563 3670 649 ἐπέστη,
3700 563 3977 650 καὶ-παρ-

2398 653 2582 705 εκάλει
2634 657 2726 709 τὸν
2771 660 2926 724 ἅγιον
2966 663 3319 715 Ποσειδώνιον
3384 665 3478 715 τοῦ
3540 660 3972 731 παραγενέσθαι.

2398 734 2762 793 Είσελθόντων
2783 742 2877 795 οὖν
2900 745 3061 812 «ἡμῶν
3090 746 3206 813 άμα
3224 747 3500 810 εὔξασθαι.
3529 751 3659 809 στὰς
3678 750 3771 798 καὶ
3802 764 3977 816 προσ-

2398 816 2694 887 ευξάμενος
2740 828 2879 893 μετά
2920 828 3179 896 δευτέραν
3216 831 3567 898 γονυκλισίαν
3615 832 3870 895 ἐξέϐαλεν
3916 832 3977 882 τδ

2398 902 2638 971 πνεῦμα.
2677 908 2809 961 Τότε
2841 912 3079 973 ἀναστὰς
3109 914 3257 979 λέγει
3292 917 3442 983 ἡμῖν·
3500 914 3764 980 Εὖξασθε,
3805 931 3980 982 παρα-

2400 986 2568 1050 καλῶ,
2628 988 2774 1060 άρτι.
2840 995 2932 1057 Ὠς
2993 998 3100 1065 γάρ
3172 998 3458 1050 ἐλαύνεται
3523 998 3585 1049 τὸ
3659 997 3979 1065 ἀκάθαρτον

2375 1071 2637 1141 βινεῦμα,
2670 1077 2895 1144 σημεῖον
2927 1080 3060 1145 ἡμῖν
3096 1080 3210 1149 ἔχει
3252 1099 3304 1133 τι
3343 1080 3607 1150 ὑπάρξαι,
3642 1081 3729 1132 ἵνα
3769 1080 3971 1150 πληρο-

2399 1156 2725 1225 φορηθῶμεν
2751 1160 2830 1211 ὅτι
2879 1162 3037 1215 τοῦτο
3081 1165 3252 1228 οὕτως
3287 1166 3422 1234 ἔχει.
3456 1168 3566 1218 Καὶ
3620 1164 3781 1228 εὐθὺς
3828 1164 3983 1233 ἐξερ-

2398 1237 2627 1306 χόμενος
2676 1243 2704 1292 ὁ
2740 1240 2952 1310 δαίμων
3003 1246 3111 1297 ἀπὸ
3151 1246 3420 1313 θεμελίων
3476 1248 3597 1299 ὃλον
3655 1246 3750 1297 τὸν
3797 1248 3980 1313 τοῖχον

2398 1321 2497 1385 τῆς
2552 1322 2719 1391 αὐλῆς
2756 1324 2948 1377 ἔϐαλεν
3000 1329 3169 1381 κάτω.
3198 1324 3304 1380 Ἦν
3348 1330 3405 1381 δὲ
3462 1330 3619 1381 τοῦτο
3646 1330 3705 1381 τὸ
3754 1329 3982 1396 γύναιον

2401 1401 2649 1465 ἑξαετίαν
2682 1405 2756 1475 μὴ
2785 1406 3047 1475 λαλῆσαν.
3086 1411 3239 1462 Μετά
3262 1412 3317 1463 δὲ
3352 1414 3413 1463 τὸ
3461 1413 3702 1475 ἐξελθεῖν
3733 1415 3825 1465 τὸν
3862 1412 3982 1465 δαί-

2404 1501 2563 1555 μονα,
2594 1487 2780 1541 ἔτεκεν
2810 1489 2870 1542 τὸ
2896 1491 3136 1558 γύναιον,
3164 1496 3257 1548 καὶ
3288 1496 3537 1565 ἐλάλησε.

2978 1575 3226 1629 ΚΕΦΑΛ.
3266 1578 3391 1631 ΟΗ’.

2910 1658 3046 1723 Περί
3091 1659 3462 1727 Ἱερωνύμου.

2473 1736 2676 1789 Τούτου
2711 1737 2802 1790 τοῦ
2827 1739 3038 1809 ἀνδρὸς,
3062 1741 3201 1807 λέγω
3230 1742 3313 1812 δὴ,
3342 1743 3694 1797 Ποσειδωνίου
3741 1746 3837 1797 τοῦ
3864 1746 3984 1798 ἀοι-

2322 1846 2371 1905 Β
2402 1818 2579 1888 δίμου,
2624 1821 2717 1905 καί
2757 1824 3094 1905 προφητείαν
3127 1824 3295 1892 ἐγνων
3319 1826 3449 1893 ἐγώ.
3499 1828 3825 1896 Ἱερώνυμος
3872 1830 3984 1897 γάρ

2400 1918 2485 1963 τις
2510 1902 2879 1973 πρεσϐύτερος
2912 1904 3045 1974 ᾣκει
3072 1908 3151 1970 εἰς
3185 1908 3308 1971 τοὺς
3326 1910 3526 1972 τόπους
3557 1911 3819 1973 ἐκείνους,
3851 1912 3984 1978 ἀρε-

2397 1988 2463 2053 τῇ
2495 1984 2669 2053 λόγων
2701 1988 3023 2057 Ῥωμαϊκῶν
3053 1991 3221 2061 πολλῇ
3244 1994 3677 2063 κεκοσμημένος,
3696 1996 3788 2047 καὶ
3819 1995 3982 2065 ἰκανῇ

2400 2070 2617 2140 εὐφυΐᾳ.
2657 2072 2937 2141 Τοσαύτην
2968 2074 3023 2126 δὲ
3056 2074 3214 2143 ἔσχεν
3240 2076 3562 2145 βασκανίαν,
3610 2079 3686 2141 ὡς
3717 2079 3821 2131 ὑπὸ
3848 2081 3977 2131 ταύ-

2399 2169 2499 2222 της
2540 2153 2910 2207 καλύπτεσθαι
2942 2158 3051 2209 τῶν
3094 2157 3266 2225 λόγων
3312 2159 3409 2230 τὴν
3436 2161 3659 2231 ἀρετήν.
3697 2162 3987 2232 Συγχρονί-

2403 2252 2501 2299 σας
2529 2233 2621 2291 οὖν
2656 2238 2827 2308 τούτῳ
2855 2239 2883 2289 ὀ
2910 2240 3061 2308 ᾶγιος
3087 2241 3439 2307 Ποσειδώνιος
3487 2245 3699 2315 ἡμέρας
3740 2246 3983 2311 πλείους,

2401 2319 2549 2389 λέγει
2579 2338 2672 2391 μοι
2707 2322 2842 2392 πρὸς
2864 2323 2927 2375 τὸ
2946 2319 3061 2387 οὖς.

2995 2408 3245 2464 ΚΕΦΔΛ.
3277 2410 3397 2465 ΟΘ’.

2958 2491 3095 2558 Περί
3134 2493 3398 2559 Παύλης.

2474 2570 2599 2623 Ὀτι
2628 2570 2662 2641 ἠ
2694 2573 2793 2641 μὲν
2821 2571 3083 2642 ἐλευθέρα
3111 2573 3317 2637 Παῦλα,
3346 2575 3760 2645 ήφροντίξουσα
3794 2578 3985 2642 αὑτοῦ,

2402 2654 2847 2722 προτελευτήσει,
2884 2656 3263 2723 ἀπαλλαγεῖσα
3307 2659 3471 2711 αὑτοῦ
3509 2661 3607 2729 τῆς
3638 2661 3939 2729 βασκανίας
3971 2704 3986 2723 ,

2401 2737 2476 2798 ώς
2499 2731 2674 2806 οἶμαι.
2725 2738 2901 2808 Χάριν
2949 2738 3005 2791 δὲ
3034 2740 3227 2793 τούτου
3273 2740 3368 2793 τοῦ
3404 2741 3595 2813 ἀνδρὸς
3621 2746 3681 2795 ού
3715 2745 3790 2814 μὴ
3831 2746 3991 2813 ἆγιος

2401 2820 2540 2890 ἀνὴρ
2580 2822 2659 2883 εἰς
2697 2820 2821 2883 τοὺς
2863 2822 3061 2883 τόπους
3095 2824 3327 2892 οἰκήσει,
3357 2825 3493 2880 ἀλλὰ
3530 2826 3727 2893 φθάσει
3757 2829 3926 2882 αὑτοῦ
3962 2832 3992 2882 ὁ

2404 2903 2597 2970 φθόνος
2630 2904 2723 2955 καί¹
2747 2904 2907 2974 μέχρι
2935 2906 3029 2958 τοῦ
3060 2906 3189 2959 ἰδίου
3212 2908 3463 2976 ἀδελφοῦ.
3509 2909 3598 2962 'Ev
3627 2904 3708 2973 οἷς
3741 2912 3836 2963 καὶ
3863 2929 3992 2966 συν-

2402 2987 2501 3058 έϐη
2532 2986 2594 3040 τὸ
2632 2988 2861 3058 πρᾶγμα
2876 3027 2891 3041 .

3011 3059 3261 3113 ΚΕΦΑΔ.
3300 3061 3381 3114 Π’.

2863 3142 3003 3211 Περὶ
3042 3143 3525 3211 Ὀξυπερεντιόυ.

2610 3223 2719 3296 γὰρ
2768 3226 2865 3280 καὶ
2901 3227 3315 3297 Ὀξυπερέντιον
3342 3228 3435 3283 τὸν
3489 3234 3766 3305 μακάριον
3790 3236 3997 3307 ῆλασεν

2405 3300 2561 3373 οὗτος
2585 3307 2739 3362 ενθεν
2774 3309 2865 3363 τὸν
2890 3310 3117 3365 Ἰταλόν.

2984 3403 3239 3459 ΚΕΦΑΛ.
3279 3406 3407 3461 ΠΜ.

2994 3488 3136 3555 Περί
3168 3488 3421 3557 Πέτρου.

2479 3578 2589 3631 Καὶ
2608 3578 2815 3649 Πέτρον
2838 3577 2999 3632 ἀλλον
3027 3580 3146 3632 τινὰ
3172 3581 3493 3648 Αίγύπτιον.

2987 3676 3237 3731 ΚΕΦΑΛ.
3279 3679 3402 3732 HB'.

2968 3760 3106 3827 Περί
3136 3762 3473 3830 Συμεῶνος.

2477 3843 2589 3897 Καὶ
2627 3844 2909 3914 Συμεῶνα,
2940 3844 3277 3926 θαυμασίους
3311 3850 3534 3917 ἄνδρας,
3572 3850 3669 3914 οὓς
3710 3855 3851 3920 τέως
3884 3860 3996 3926 ἐγὼ

2408 3928 2865 3998 ἐπεσημηνάμην.
2896 3922 3063 3989 Οὗτός
3095 3947 3183 3998 μοι
3232 3930 3471 3999 διηγεῖτο
3515 3922 3993 4007 ἐγκρατικώτατος

2408 4015 2505 4075 τῆς
2533 4013 2735 4081 ἀρετῆς
2763 4014 3005 4082 ἀσκητὴς
3044 4013 3418 4080 Ποσειδώνιος,
3470 4018 3545 4079 ὡς
3576 4018 3745 4089 ἄρτου
3790 4027 3992 4094 πεῖραν

2413 4097 2487 4166 μὴ
2514 4098 2652 4165 ἔχων
2673 4096 2780 4148 ἀπὸ
2805 4096 3243 4165 τεσσαρακοστοῦ
3276 4099 3428 4160 ἔτους
3450 4114 3463 4128 ·
3489 4102 3627 4170 μήτε
3656 4103 3761 4175 μὴν
3792 4124 3994 4179 μνησι-

2410 4183 2661 4250 κακήσας
2681 4181 2803 4233 τινὰ
2828 4182 2931 4241 ἓως
2963 4182 3177 4251 ἡμέρας
3202 4185 3462 4251 ἡμισείας
3495 4186 3684 4240 ταῦτα.

2483 4265 2563 4319 Ta
2591 4260 2727 4317 ἆθλα
2771 4265 2863 4317 καὶ
2892 4267 2959 4317 τά
2986 4269 3187 4333 σημεῖα
3214 4266 3308 4317 τοῦ
3338 4270 3586 4333 γενναίου
3626 4270 3720 4324 τοῦ
3751 4274 3992 4344 Χριστοῦ

2411 4349 2643 4418 ἀθλητοῦ
2680 4349 3057 4411 Ποσειδωνίου,
3095 4350 3131 4401 ἃ
3182 4350 3499 4422 προμηθείᾳ
3532 4356 3632 4423 τῆς
3660 4357 3855 4408 πασῶν
3886 4361 3994 4413 τῶν

2411 4433 2692 4502 δυνάμεων
2720 4434 2959 4501 μείζονος
2984 4432 3277 4503 εἰργάσατο
3314 4436 3506 4489 ταῦτα.
3547 4437 3658 4490 Καὶ
3694 4441 3752 4491 ἐν
3778 4443 3995 4509 τούτοις

739 4516 1098 4615 ἀκὴικοαίούκ
1128 4543 1295 4611 ἀρτου
1329 4516 1577 4609 ἧῴάμην,
1610 4516 1725 4592 ω’
1766 4516 1798 4608 ἦ
1853 4516 2081 4611 βράχέᾶὶ
2128 4516 2309 4611 ὶροινιζ
2344 4536 2387 4592 D
2414 4518 2475 4570 τδ
2503 4518 2745 4587 ἀοίδιμον
2766 4516 2859 4568 τοῦ
2887 4517 3160 4615 μακξίῇίξν
3188 4518 3494 4615 πέρθε,τοῦ
3521 4520 3658 4589 βίουο

740 4630 878 4689 κίοις
912 4627 1241 4694 διεγινόμην,
1273 4625 1367 4676 καὶ
1397 4620 1550 4674 εἶπον
1588 4622 1817 4691 βοτάνας
1862 4619 2029 4692 ηὗρον
2076 4626 2274 4694 ἀγρίας
2296 4642 2310 4658 ο

740 4715 797 4765 ἐν
818 4706 897 4773 οἷς
915 4724 1042 4760 ποτε
1073 4706 1401 4759 ἐκλιπόντων
1447 4722 1548 4773 μου
1583 4705 1690 4755 τῶν
1721 4706 2049 4772 βρωμάτων,
2087 4707 2311 4776 ἐξῆλθον

740 4794 834 4848 τοῦ
869 4792 1134 4859 σπηλαίου
1174 4790 1347 4842 ἐλθεῖν
1376 4792 1455 4849 είς
1484 4789 1581 4857 τὴν
1611 4789 1960 4857 οἰκουμένην.
2012 4791 2118 4843 Καὶ
2153 4809 2313 4860 περι-

743 4879 991 4946 πατήσας
1043 4875 1130 4927 διά
1190 4874 1370 4941 πάσης
1424 4873 1522 4941 τῆς
1584 4874 1826 4941 ἡμέρας,
1870 4874 2024 4941 μόλις
2073 4876 2312 4944 ἀπέσχον

741 4961 836 5014 τοῦ
864 4958 1128 5029 σπηλαίου
1188 4956 1342 5025 μίλια
1397 4955 1510 5007 δύο.
1564 4955 2045 5024 Περιὸλεψάμενος
2098 4959 2153 5009 δὲ
2198 4961 2308 5028 ὁρῶ

745 5045 913 5098 ίππέα
946 5039 1274 5111 στρατιώτου
1309 5040 1501 5108 ἔχοντα
1532 5037 1739 5107 σχῆμα,
1760 5040 2085 5109 τιαροφόρον
2112 5043 2312 5110 κράνος

743 5129 834 5182 ἐπὶ
861 5126 959 5195 τῆς
989 5123 1228 5191 κεφαλῆς
1293 5122 1503 5192 ἔχοντα.
1567 5122 1677 5173 Καὶ
1728 5123 2108 5192 προσδοκήσας
2150 5127 2313 5178 αὑτὸν

744 5207 882 5264 εἶναι
916 5209 1275 5279 στρατιώτην,
1308 5206 1544 5276 ὥρμησα
1572 5206 1733 5258 πάλιν
1761 5205 1864 5266 ’ἕως
1891 5207 1983 5257 τοῦ
2022 5209 2309 5275 σπηλαίου.

744 5295 855 5349 Καὶ
887 5293 1161 5355 εἰσελθὼν,
1195 5287 1352 5362 εὗρον
1376 5290 1675 5361 κάρταλλον
1706 5291 1991 5356 σταφυλῶν
2018 5292 2110 5343 καὶ
2138 5295 2313 5344 συκῶν

743 5379 1090 5447 νεοτμήτωνο
1148 5376 1185 5429 ἃ
1240 5375 1441 5437 λαϐὼν,
1515 5375 1611 5426 καὶ
1650 5374 1958 5443 περιχαρὴς
2007 5377 2310 5443 γενόμενος

745 5461 1001 5514 εἰσελθὼν
1042 5461 1098 5511 ἐν
1144 5458 1221 5526 τῷ
1267 5458 1517 5528 σπηλαίῳ
1548 5458 1802 5525 ἐνοίκησα
1837 5459 1928 5508 ἐπὶ
1967 5458 2142 5525 μῆνας
2198 5462 2311 5522 δύο,

746 5547 885 5613 ἔχων
926 5544 995 5596 τά
1030 5543 1291 5612 βρώματα
1331 5543 1512 5594 ἐκεῖνα
1564 5540 1993 5611 παραμύθημα.’
2036 5542 2204 5594 Τοῦτο
2259 5544 2314 5595 δὲ

746 5630 1046 5697 πεποίηκεν
1084 5627 1269 5695 θαῦμα
1321 5629 1379 5679 ἐν
1436 5626 1682 5694 Βηθλεὲμ
1724 5626 1751 5675 ὁ
1788 5625 2088 5692 θαυμάσιος
2135 5627 2317 5678 Ποσει-

746 5710 952 5771 δώνιος·
989 5712 1125 5780 Γυνή
1161 5727 1243 5773 τις
1283 5708 1540 5777 ἐγκύμων
1566 5702 1711 5777 εἶχεν
1737 5706 1951 5776 πνεῦμα
1979 5708 2311 5777 ἀκάθαρτον,

746 5795 839 5845 καὶ
876 5795 931 5847 ἐν
965 5793 1111 5867 αὐτῷ
1146 5793 1223 5863 τῷ
1266 5792 1478 5863 μέλλειν
1530 5791 1735 5845 τίκτειν
1788 5791 1957 5862 αὐτὴν
2007 5791 2306 5860 ἐδυστόκει,

2994 4608 3245 4662 ΚΕΦΛΛ.
3279 4608 3403 4664 Πιν.

2930 4698 3070 4765 Περὶ
3099 4697 3495 4768 Σεραπίωνος.

2485 4789 2769 4860 Σεραπίων
2815 4807 2900 4851 τις
2954 4791 3180 4858 ὀνόματι
3232 4791 3478 4859 γέγονεν,
3536 4794 3613 4864 τῷ
3644 4797 3790 4864 γένει
3820 4800 3995 4867 Αίγύ-

2415 4891 2591 4938 πτιος,
2618 4874 2907 4941 ἐπίκλητος
2936 4874 3202 4937 Σινδόνιος
3235 4878 3530 4945 (παρεκτὸς
3569 4880 3677 4948 γὰρ
3730 4883 3996 4938 σινδονίου

2412 4960 2534 5011 οὐδέ
2554 4976 2682 5011 ποτε
2700 4959 2852 5011 οὐδὲν
2872 4958 2999 5012 ἄλλο
3020 4975 3084 5009 πε
3094 4957 3413 5023 ριεὸάλετο)·
3438 4960 3498 5022 ὃς
3526 4964 3727 5032 πολλὴν
3760 4967 3968 5037 ἐξήσκη
3985 5000 3998 5009 -

2416 5061 2506 5095 σεν
2528 5044 2666 5110 άκτη
2676 5043 2930 5109 μοσύνην·
2950 5042 3027 5093 διὸ
3044 5043 3138 5094 καὶ
3156 5043 3391 5111 Ἀπαθὴς
3406 5044 3715 5110 ἐπελέγετο.
3735 5050 4001 5123 Εύγράμ-

2419 5144 2586 5195 ματος
2610 5127 2665 5179 δὲ
2697 5126 2772 5178 ὣν
2804 5127 3163 5191 ἁπεστήθιζεν
3192 5130 3369 5192 πάσας
3408 5132 3507 5192 τὰς
3543 5132 3693 5193 θείας
3726 5133 3952 5202 Γραφάς
3980 5153 3996 5166 ·

2414 5211 2472 5273 ὃς
2504 5211 2610 5264 ἀπὸ
2660 5211 2861 5279 πολλῆς
2897 5212 3283 5281 άκτημοσύνης
3318 5217 3409 5264 καί
3438 5214 3665 5283 μελέτης
3702 5216 3863 5269 θείων
3898 5221 4004 5272 Aa-

2416 5295 2548 5359 γίων
2569 5294 2661 5345 τοῦ
2687 5294 2823 5346 Πνεύ
2833 5312 2998 5363 ματος
3016 5297 3134 5348 οὐδὲ
3157 5297 3432 5366 ἠρεμῆσαι
3455 5299 3671 5365 ἴσχυσεν
3693 5299 3750 5349 ἐν
3777 5302 3999 5372 κελλίῳ,

2417 5378 2481 5428 ἶν’
2506 5380 2563 5428 ἐν
2594 5377 2690 5451 ὕλῃ
2728 5378 2801 5447 μὴ
2833 5382 3188 5447 περισπᾶται.
3240 5379 3380 5431 Ἀλλ’
3426 5381 3784 5433 άποστολικὺν
3827 5384 4004 5451 ἡδέως

2421 5462 2607 5531 μετῄει
2644 5463 2775 5529 βίον.
2809 5462 3239 5531 Περιερχόμενος
3270 5463 3366 5532 τὴν
3390 5464 3737 5533 οἰκουμένην,
3771 5465 3872 5535 τῆν
3899 5469 4004 5537 τῆς

2416 5546 2592 5615 ἄκρας
2622 5547 2758 5613 ἁκτη
2770 5544 3005 5612 μοσύνης
3025 5545 3386 5614 κατώρθωσεν
3409 5548 3629 5615 ἀρετήν’
3650 5548 3724 5609 ὼς
3756 5552 4001 5619 παντελῆ

2418 5628 2689 5681 ἀπάθειαν
2712 5628 2900 5680 τοῦτον
2928 5628 3247 5696 κεκτῆσθαι.
3276 5630 3490 5699 Ταύτης
3509 5632 3617 5700 γάρ
3638 5633 3883 5699 ἐγεγόνει
3907 5639 4004 5687 καὶ

2416 5711 2515 5780 τῆς
2554 5710 2739 5774 ἕξεως.
2790 5711 3053 5780 Διαφοραὶ
3090 5712 3198 5781 γάρ
3239 5714 3375 5764 εἰσιν
3411 5714 3597 5777 ἕξεων,
3648 5717 3747 5767 οὐκ
3775 5716 4001 5769 οὐσιῶν.

2418 5792 2707 5865 Διηγοῦντο
2735 5794 2789 5847 δὲ
2814 5796 2862 5847 οἱ
2896 5794 3159 5865 ΙΙατέρες,
3193 5795 3274 5849 ὅτι
3298 5794 3473 5850 λαὸών
3506 5814 3622 5852 τινα
3646 5799 4002 5867 συμπαίκτην
