4258 6360
1532 411 1841 468 HISTORIA
1890 415 1971 471 LA
1983 417 2220 476 USIACA

3380 444 3516 501 “82

302 518 524 589 gratiam
549 517 885 587 cognitionis,
904 528 961 573 ut
1003 521 1392 589 unuscujusque
1414 536 1476 575 es
1523 522 1586 576 iis
1610 524 1697 591 qui
1718 538 1867 579 acce-
1893 535 1940 591 Α
2042 532 2149 585 floc
2200 543 2373 588 autent
2405 542 2716 595 mtraculum
2746 542 2867 598 fecit
2912 546 3097 601 beatus
3119 548 3427 606 Posidonius
3469 556 3523 609 in

301 611 496 664 debent
517 611 789 662 monachis
801 619 1027 663 mentem
1042 625 1315 678 cognoscet
1328 622 1379 665 et
1402 611 1558 681 (Re/1'
1557 651 1594 675 .,
1618 613 1657 666 ι.
1677 629 1735 678 tr,
1748 630 1858 680 cap.

303 698 414 765 ιι).
446 696 496 751 Is
521 711 641 751 cum
673 712 815 763 saepe
843 699 1060 751 vidisset
1079 699 1283 768 aliquos
1306 702 1593 754 monachos
1618 702 1681 754 ad
1717 718 1862 755 aram

298 806 627 855 accessuros,
661 805 754 844 eos
785 792 1021 856 retinnit,
1052 792 1235 846 dicens
1285 809 1300 845 :

297 888 362 940 ad
378 898 570 941 sancta
600 887 856 941 accedere
885 897 1236 950 sacramenta,
1264 899 1383 939 cum
1432 885 1667 939 habeatis
1696 886 1860 939 malas

295 975 681 1045 cogitationes?
708 974 771 1027 Et
801 983 854 1026 tu
883 972 1097 1041 quidem
1123 973 1220 1027 hac
1250 983 1406 1027 nocte
1426 975 1608 1027 animo
1637 976 1856 1027 versasti

297 1073 504 1134 turpem
555 1063 916 1118 fornicationis
958 1062 1361 1131 cogitationem;
1408 1062 1542 1117 alius
1580 1075 1754 1118 autem
1802 1066 1856 1119 in

292 1158 473 1211 animo
492 1170 594 1211 suo
622 1153 902 1223 reputavit,
923 1153 1106 1208 dicens
1139 1153 1269 1207 nihil
1297 1152 1501 1208 referre
1522 1168 1588 1207 an
1613 1164 1856 1223 peccator

289 1261 357 1301 an
384 1246 559 1315 justus
587 1245 806 1299 accedat
833 1244 900 1297 ad
929 1244 1024 1298 Dei
1067 1244 1325 1312 gratiam;
1376 1244 1510 1300 alius
1560 1255 1733 1299 autem
1788 1246 1856 1298 de

287 1337 430 1391 dono
458 1336 740 1398 dubitavit,
791 1334 978 1388 dicens
1032 1349 1047 1386 :
1099 1333 1342 1401 Nunquid
1381 1349 1467 1388 me
1514 1334 1852 1388 accedentem

286 1424 679 1481 sanctificabiti
710 1425 899 1478 Parum
930 1438 1056 1493 ergo
1083 1425 1315 1479 secedite
1358 1437 1388 1476 a
1435 1424 1632 1477 sanctis
1683 1436 1855 1476 sacra-

288 1519 502 1585 mentis,
543 1528 599 1573 et
624 1534 689 1573 ex
717 1520 895 1571 animo
922 1519 1061 1588 agite
1091 1517 1479 1585 pmnitentiam,
1512 1526 1568 1571 ut
1612 1519 1683 1571 sit
1706 1516 1853 1571 vobis

284 1609 528 1664 remissio
576 1618 937 1676 peccatorum,
965 1616 1020 1661 et
1057 1608 1174 1661 sitis
1198 1606 1342 1676 digni
1392 1608 1583 1662 Christi
1613 1622 1852 1662 commu-

284 1701 466 1753 nione.
492 1699 601 1751 Nisi
631 1699 772 1751 enim
820 1699 1045 1765 primum
1076 1697 1456 1752 mundaveritis
1485 1699 1845 1768 cogitationes,

282 1803 387 1843 nou
409 1790 651 1855 poteritis
670 1789 732 1843 ad
755 1788 947 1843 Christi
969 1790 1191 1855 gratiam
1214 1789 1488 1845 accedere.

798 1876 1022 1933 CAPUT
1063 1878 1291 1932 LXXVI.

586 1968 703 2022 Vita
734 1968 1027 2036 Serapionis
1051 1969 1201 2039 (I‘ﬁ‘)
1223 1970 1519 2039 presbyteri.

353 2061 591 2117 Vidimus
614 2077 742 2115 vero
770 2063 930 2116 etiam
961 2078 1013 2115 tn
1045 2063 1278 2129 partibus
1302 2064 1593 2117 Arsenoitat
1626 2063 1844 2134 presby-

275 2161 445 2207 terum
474 2152 777 2220 quemdam,
832 2156 1046 2208 nomine
1095 2154 1436 2223 Scrapionem
1493 2155 1746 2223 (ΠηιΤηι.
1778 2172 1839 2221 tt,

275 2259 392 2314 cap.
426 2244 541 2313 18),
573 2244 784 2299 Patrem
837 2244 1117 2297 multorum
1178 2245 1640 2308 monastetiorum,
1673 2256 1725 2299 et
1752 2248 1839 2313 qui

276 2346 469 2401 praest
520 2333 696 2387 multa:
752 2334 1088 2395 fraternitati,
1120 2343 1177 2386 ut
1223 2338 1311 2402 qui
1355 2334 1461 2387 sint
1487 2333 1666 2389 decies
1695 2336 1840 2390 mille

275 2439 518 2491 numero,
569 2439 918 2493 magnamque
948 2441 1039 2492 per
1066 2425 1256 2479 fratres
1283 2426 1587 2494 exsequitur
1628 2426 1838 2495 dispen-

274 2515 557 2579 sationem,
577 2531 698 2570 cum
721 2530 906 2569 omnes
929 2517 1106 2582 simul,
1138 2527 1372 2586 tempore
1408 2520 1620 2584 messis,
1651 2533 1837 2573 omnes

274 2620 399 2659 suos
422 2606 620 2660 fructus
648 2608 714 2661 ad
742 2606 915 2675 ipsum
947 2606 1186 2671 aﬂ‘erant,
1211 2623 1344 2677 quos
1376 2624 1468 2676 pro
1488 2610 1672 2664 messis
1698 2624 1837 2665 mer-

274 2697 403 2749 rede
428 2706 769 2764 acceperunt,
797 2698 1158 2767 unusquisque
1186 2698 1434 2753 frumenti
1469 2714 1673 2753 annuas
1697 2701 1835 2754 duo-

274 2785 447 2839 decim
472 2787 684 2840 artabas
714 2785 887 2854 (ηδ),
912 2788 999 2853 qui
1024 2797 1147 2839 sunt
1174 2788 1342 2842 veluti
1372 2788 1713 2857 quadraginta
1744 2790 1832 2857 qui

273 2871 411 2939 apud
441 2886 539 2925 nos
565 2872 816 2927 dicuntur
834 2874 1030 2938 modii;
1064 2886 1116 2929 et
1143 2888 1205 2929 ea
1234 2877 1297 2927 ad
1321 2876 1672 2930 ministerium
1702 2892 1831 2946 pau-

274 2975 459 3028 perum
493 2977 585 3028 per
613 2977 673 3017 se
693 2962 983 3030 dispensat,
1015 2965 1146 3019 adeo
1172 2974 1230 3019 ut
1257 2966 1509 3034 deinceps
1545 2969 1595 3021 in
1624 2982 1683 3021 ea
1715 2985 1831 3036 qua:

271 3061 350 3105 est
377 3054 717 3107 circumcirca
754 3054 965 3123 regione
997 3054 1168 3108 nullus
1196 3055 1263 3108 sit
1304 3071 1521 3124 pauper,
1551 3057 1643 3111 sed
1669 3059 1827 3112 etiam

271 3141 445 3195 mittat
464 3142 528 3195 ad
550 3157 644 3196 eos
672 3144 759 3211 qui
787 3150 912 3197 sunt
939 3142 1274 3198 AIerandrize
1298 3160 1577 3211 pauperes.
1609 3148 1710 3201 Sed
1736 3164 1829 3201 ne-

272 3247 375 3299 que
419 3230 657 3300 praedicti
703 3232 887 3286 Patres
939 3248 1032 3300 per
1062 3242 1223 3286 totam
1273 3233 1554 3304 [Egyptum
1602 3253 1827 3305 unquam
1858 3225 1901 3288 C

274 3322 619 3390 neglexerunt
634 3323 769 3375 hanc
788 3322 1302 3379 administrationem
1322 3341 1337 3389 ;
1354 3326 1445 3378 sed
1467 3340 1533 3379 ex
1560 3326 1829 3383 laboribus

272 3408 641 3475 fraternitatis,
671 3410 873 3478 navigia
906 3410 1055 3478 plena
1085 3412 1353 3466 frumento
1411 3423 1463 3469 et
1503 3416 1830 3473 vestimentis

270 3502 590 3568 pauperibus
636 3503 893 3556 miserunt
940 3503 1336 3569 Alexandriam,
1388 3516 1663 3575 propterea
1688 3509 1829 3576 quod

270 3593 374 3647 rari
396 3602 573 3647 essent
602 3594 744 3663 apud
770 3595 914 3661 ipsos
939 3596 1026 3661 qui
1064 3607 1299 3664 egeieut.

794 3684 1015 3739 CAPUT
1057 3686 1309 3741 LXXVII.

734 3773 850 3828 Vita
872 3777 1061 3829 abbatis
1084 3776 1367 3834 Posidonii.

340 3866 603 3922 Posidonii
636 3867 871 3922 Thebani
919 3871 1077 3922 multa
1108 3872 1319 3938 quidem
1345 3880 1487 3936 sunt,
1512 3886 1681 3939 eaque
1706 3888 1828 3926 nar-

268 3972 383 4011 ratu
426 3957 677 4025 difﬁcilia,
712 3960 1151 4027 quemadmodum
1193 3970 1307 4013 erat
1365 3965 1530 4024 ruitis,
1585 3971 1639 4015 et
1669 3964 1720 4014 in
1770 3976 1827 4017 se

268 4048 567 4102 exercendo
605 4049 913 4111 acerrimus,
964 4060 1017 4102 et
1045 4059 1237 4117 quanta
1288 4051 1443 4103 fuerit
1490 4051 1539 4103 in
1572 4066 1636 4103 eo
1676 4052 1827 4105 inno-

267 4142 462 4193 centia.
484 4139 672 4192 Nescio
697 4154 761 4190 an
786 4140 946 4191 ullum
973 4140 1126 4192 talem
1153 4140 1511 4191 convenerim.
1541 4139 1659 4192 Vixi
1684 4144 1824 4193 enim

262 4227 386 4282 'cum
408 4244 475 4283 eo
527 4243 667 4281 anno
694 4244 801 4281 uno
832 4228 885 4279 in
941 4228 1231 4293 Bethleem,
1288 4229 1499 4296 quando
1525 4230 1661 4283 sedit
1693 4232 1824 4284 ultra

272 4320 600 4375 Ptemenium
634 4319 804 4389 (liti),
828 4328 882 4372 ct
909 4320 1097 4372 multas
1121 4318 1223 4370 vidi
1254 4318 1367 4387 ejus
1396 4320 1643 4385 virtutes;
1670 4332 1826 4387 atque

267 4413 407 4464 inter
452 4418 647 4464 cetera
696 4410 808 4477 ipse
839 4409 963 4462 mihi
995 4410 1217 4478 quodam
1245 4410 1329 4463 die
1359 4412 1594 4463 narravit
1620 4427 1633 4461 :
1690 4410 1821 4463 Cum

270 4501 582 4564 habitarem,
616 4501 805 4567 inquit,
836 4503 887 4553 in
918 4500 1033 4554 loco
1055 4499 1365 4568 Porphyrite
1395 4514 1537 4551 anno
1553 4515 1677 4562 uno,
1712 4510 1823 4553 toto

1880 1876 1927 1935 B

1972 617 2262 706 Bethleem.
2288 621 2537 688 Qttzedam
2569 630 2755 684 mulier
2774 634 2987 699 gravida
3011 635 3236 690 habebat
3277 639 3518 706 spiritum

1966 704 2314 795 immundum.
2344 721 2398 765 et
2450 714 2500 767 in
2532 715 2647 783 ipso
2679 726 2918 788 tempore
2966 737 3069 790 quo
3099 735 3213 779 erat
3264 704 3515 795 paritura,

1352 791 1629 858 Quomodo
1656 794 1862 847 audetis
1963 793 2234 849 laborabat
2277 797 2329 851 in
2374 811 2547 868 partu,
2581 805 2744 871 ipsam
2793 818 3099 863 conterente
3142 791 3344 880 spiritu.
3375 791 3508 869 Cum

1960 898 2087 949 ergo
2115 900 2141 935 a
2165 886 2405 943 daemone
2436 906 2711 948 vexaretur
2742 900 2951 964 mulier,
2979 900 3191 954 advenit
3219 903 3331 972 ejus
3358 906 3519 959 mari-

1961 981 2064 1037 tus,
2089 985 2142 1028 et
2191 980 2393 1046 rogavit
2438 994 2675 1037 sanctum
2720 987 2865 1041 illum
2898 999 2954 1042 ut
2982 990 3192 1047 adesset
3226 1009 3238 1044 :
3267 1003 3321 1047 et
3367 997 3517 1049 nobis

1960 1064 2209 1131 ingressis
2262 1071 2327 1124 ad
2368 1076 2659 1141 orantium,
2721 1093 2840 1134 cum
2897 1084 3130 1137 stetisset
3174 1096 3227 1139 et
3274 1098 3518 1155 pret-atus

1959 1164 2119 1219 esset,
2155 1169 2273 1226 post
2298 1162 2582 1217 secundam
2606 1168 3053 1237 genuflexionem,
3074 1175 3227 1242 ejccit
3249 1176 3513 1244 spiritum.

1958 1247 2191 1315 Surgens
2216 1260 2390 1305 autem
2421 1254 2549 1306 dixit
2578 1257 2731 1311 nobis
2784 1275 2796 1310 :
2854 1261 3035 1325 Orate,
3064 1264 3221 1318 modo
3243 1267 3387 1319 enim
3416 1280 3513 1319 ex-

1957 1336 2165 1402 pellitur
2189 1340 2491 1395 immundus
2518 1346 2757 1410 Spiritus.
2791 1348 3013 1415 Oportet
3052 1357 3227 1406 a‘utetn
3254 1369 3375 1409 esse
3404 1355 3505 1409 ali-

1952 1427 2091 1494 quod
2144 1429 2351 1494 signum
2398 1443 2454 1485 ut
2484 1433 2551 1488 de
2602 1451 2667 1489 eo
2696 1436 2882 1494 ﬁamus
2911 1441 3189 1499 certiores.
3224 1444 3514 1512 Egrediens

1952 1527 2126 1571 autem
2158 1520 2386 1588 daemon,
2417 1524 2577 1580 diruit
2598 1542 2627 1580 a
2650 1528 2993 1587 fundamento
3020 1544 3184 1588 totum
3236 1537 3370 1591 aulas
3415 1552 3511 1606 pa—

1951 1611 2159 1667 rietem.
2206 1611 2395 1670 Mulier
2444 1627 2620 1672 autem
2656 1625 2913 1676 sexennio
2944 1640 3048 1679 non
3105 1625 3275 1681 fuerat
3303 1628 3509 1692 locuta;

1950 1716 2224 1770 postquam
2251 1717 2425 1761 autem
2470 1722 2713 1778 egressus
2744 1722 2825 1767 est
2864 1713 3094 1781 dzemon,
3121 1724 3175 1771 et
3204 1718 3426 1785 peperit,
3456 1727 3511 1773 et

1948 1793 2119 1849 Iucuta
2142 1805 2243 1850 est.

2476 1868 2698 1944 canor
2730 1871 3008 1928 Lxxvut.

2419 1956 2491 2009 De
2517 1956 2821 2028 Hieronymo
2848 1960 2866 2030 (
2876 1961 3013 2030 l27).

2018 2043 2182 2113 Hujus
2206 2058 2374 2101 sancti
2400 2051 2520 2101 novi
2555 2049 2687 2103 hanc
2730 2066 2939 2119 quoque
2991 2054 3504 2122 prophetiam;liic—

1942 2147 2195 2202 ronymus
2220 2136 2360 2189 enim
2411 2138 2622 2205 quidam
2675 2143 2946 2209 presbyter
2978 2142 3249 2198 habitabat
3294 2148 3345 2200 iu
3399 2148 3500 2201 illis

1942 2223 2093 2289 locis,
2123 2226 2208 2293 qui
2259 2228 2309 2278 in
2362 2242 2608 2282 sermone
2642 2229 2881 2285 Romano
2932 2248 3116 2301 magna
3144 2244 3257 2289 erat
3304 2237 3500 2291 virtute

1942 2333 2181 2387 ornatus,
2211 2333 2263 2376 et
2294 2326 2551 2391 pra-claro
2595 2330 2833 2396 ingenio;
2864 2330 2958 2387 sed
2988 2341 3128 2387 tanta
3161 2336 3256 2389 fuit
3283 2336 3396 2404 ejus
3418 2337 3499 2391 in-

1943 2414 2102 2476 vidia,
2136 2424 2191 2468 ut
2219 2417 2284 2470 ab
2314 2432 2373 2470 ea
2398 2420 2709 2476 obrueretur
2730 2424 2897 2479 virtus
2918 2425 3192 2480 doctrinae.
3214 2426 3345 2481 Cum
3368 2442 3494 2496 ergo

1939 2506 2112 2558 multis
2134 2507 2319 2562 diebus
2349 2523 2466 2563 cum
2498 2525 2563 2564 eo
2594 2522 2833 2568 versatus
2870 2523 3015 2570 esset
3042 2525 3251 2569 sanctus
3280 2515 3497 2572 Posido-

1937 2598 2077 2663 nius,
2107 2597 2234 2652 dicit
2262 2601 2389 2653 mihi
2423 2602 2473 2654 in
2502 2617 2683 2657 aurem
2714 2620 2726 2659 :

2456 2713 2680 2767 CAPUT
2712 2714 2945 2771 LXXIX.

2472 2823 2546 2875 De
2577 2824 2744 2878 Paula
2773 2828 2944 2895 (l28).

2006 2910 2235 2975 lugentia
2265 2913 2475 2980 quidem
2502 2915 2681 2981 Paula,
2700 2932 2816 2985 qua:
2835 2919 2947 2986 ejus
2969 2931 3144 2973 curam
3166 2922 3318 2990 gerit,
3348 2934 3485 2988 prte-

1933 3001 2186 3054 niorietur
2211 3002 2425 3056 liberata
2453 3005 2519 3057 ab
2540 3005 2653 3073 ejus
2676 3007 2892 3059 invidia.
2925 3008 2991 3061 Ut
3017 3019 3191 3063 autem
3222 3012 3451 3064 arbitrer
3471 3051 3487 3075 ,

1931 3100 2143 3157 propter
2174 3091 2315 3146 hunc
2362 3094 2530 3146 virum
2581 3110 2686 3148 non
2748 3096 2999 3151 habitabit
3051 3103 3131 3152 vir
3174 3109 3386 3153 sanctus
3432 3100 3484 3154 in

1934 3179 2013 3232 his
2064 3180 2213 3243 locis,
2267 3181 2361 3235 sed
2411 3182 2526 3252 ejus
2578 3187 2827 3252 pervadet
2878 3188 3066 3242 invidia
3100 3190 3179 3245 vel
3212 3204 3377 3259 usque
3414 3192 3483 3245 ad

1932 3274 2201 3339 proprium
2254 3272 2489 3327 fratrem.
2537 3275 2743 3345 Resque
2772 3279 2838 3330 ita
2868 3280 3075 3333 accidit.

2476 3388 2695 3445 CAPUT
2733 3389 2923 3444 LXXX

2472 3499 2549 3552 De
2574 3501 2932 3569 Oxyperentio.

2004 3584 2207 3638 Etenim
2238 3586 2447 3640 beatum
2496 3589 2907 3658 Oxyperentium
2957 3594 3137 3649 ltstum
3161 3596 3205 3651 is
3240 3597 3361 3652 hinc
3388 3613 3481 3653 es-

1931 3677 2079 3742 pulit.

2452 3746 2674 3803 CAPUT
2734 3750 2967 3807 LXXXI.

2559 3839 2634 3892 De
2688 3838 2835 3894 Petro

1984 3926 2051 3979 Et
2079 3924 2290 3981 Petrum
2320 3926 2478 3981 alium
2509 3929 2785 3995 quemdam
2814 3928 3140 3999 Egyptium.

2452 4037 2673 4089 CAPUT
2703 4038 2957 4092 LXXXII.

2524 4125 2600 4179 De
2626 4127 2877 4180 Simeone.

1991 4209 2052 4263 Et
2074 4210 2405 4278 Simeonem,
2421 4214 2559 4267 viros
2575 4217 2930 4280 admirabiles,
2945 4234 3076 4286 quos
3094 4233 3189 4287 ego
3210 4220 3479 4275 adnotavi.

1999 4299 2240 4353 Narravit
2270 4304 2395 4355 mihi
2450 4304 2535 4357 hic
2584 4305 2893 4360 Posidonius
2916 4310 3397 4367 continentissimus
3429 4323 3482 4369 et

1928 4393 2137 4446 virtutis
2184 4393 2679 4448 observantissimus
2698 4437 2710 4457 ,
2732 4396 2871 4464 quod
2919 4400 3259 4470 quadraginta
3285 4402 3478 4457 abhinc

1928 4483 2079 4535 annis
2123 4498 2307 4549 panem
2338 4500 2440 4535 non
2474 4494 2757 4553 gustasset,
2787 4501 2958 4555 neque
3004 4500 3233 4557 accepta:
3274 4492 3481 4560 injurim

268 4604 410 4643 anno
438 4590 635 4643 nullum
668 4588 937 4641 hominem
957 4590 1201 4652 cooveni,
1233 4603 1336 4641 non
1360 4588 1533 4643 audivi
1563 4592 1816 4643 sermoci-
1852 4594 1903 4652 D
1928 4575 1995 4627 δίι
2019 4575 2319 4629 τθεοτάθῑυε
2342 4591 2505 4644 usque
2532 4576 2594 4630 ad
2623 4579 2726 4632 diei
2750 4579 3044 4633 dimidium-

272 4685 559 4748 nationem,
592 4696 697 4735 non
727 4696 917 4752 panem
946 4682 1168 4748 gustavi,
1203 4680 1303 4732 nisi
1334 4682 1376 4733 si
1405 4682 1617 4747 quando
1647 4685 1826 4750 paucis

270 4784 450 4826 uterer
477 4771 721 4839 dactylis,
754 4779 808 4823 et
835 4770 999 4823 sicubi
1032 4769 1221 4823 herbas
1239 4770 1536 4823 invenirem
1567 4780 1822 4839 agrestes.

267 4867 384 4930 Quo
422 4864 635 4933 quidem
668 4874 905 4930 tempore
933 4875 1051 4915 cum
1097 4861 1197 4915 mei
1238 4875 1401 4929 panes
1427 4861 1707 4930 aliquando
1734 4864 1825 4918 de-

270 4958 542 5022 fecissent,
573 4970 815 5024 egressus
865 4972 979 5009 sum
1007 4960 1331 5023 espelunca,
1376 4967 1434 5011 ut
1486 4960 1721 5012 venirem
1770 4960 1823 5012 in

267 5047 454 5104 orbem
486 5057 640 5102 terra:
669 5046 1027 5109 habitabilem,
1058 5055 1256 5101 etcum
1284 5056 1394 5101 toto
1438 5049 1526 5102 die
1552 5048 1819 5103 ambulas-

274 5154 413 5203 sem,
442 5140 529 5192 vix
555 5138 767 5191 aberam
802 5153 830 5190 a
858 5140 1104 5205 spelunca
1126 5137 1232 5191 duo
1250 5138 1510 5192 milliaria.
1535 5140 1662 5191 Cum
1694 5154 1823 5208 ergo

273 5230 791 5299 circumspexissem,
812 5229 968 5284 video
989 5230 1215 5298 equitem
1243 5231 1423 5283 militis
1453 5231 1683 5283 habitum
1716 5246 1823 5298 prre

270 5339 330 5378 se
352 5322 628 5385 ferentem,
656 5320 937 5373 habentem
983 5336 1034 5373 tn
1062 5321 1232 5387 capite
1264 5320 1465 5389 galeam
1503 5319 1817 5384 tiariferam;

266 5423 469 5469 etcum
498 5410 877 5478 conjectsssem
925 5424 1046 5462 eum
1086 5422 1204 5461 esse
1260 5408 1501 5473 militem,
1559 5410 1821 5476 profectus

265 5518 383 5558 sum
427 5516 589 5571 usque
617 5500 680 5553 ad
717 5501 1043 5569 speluncam,
1074 5507 1127 5552 et
1156 5498 1334 5553 inveni
1382 5498 1665 5551 canistrum
1699 5513 1819 5551 uva.

268 5609 385 5649 rum
411 5601 465 5647 et
494 5592 685 5646 ficuum
714 5606 879 5660 nuper
900 5591 1267 5659 decerptarum
1301 5606 1494 5658 :quem
1525 5605 1643 5643 cum
1671 5604 1811 5643 acce-

269 5685 488 5753 pissem,
520 5683 672 5742 lmtus
703 5682 819 5735 veni
864 5680 928 5734 ad
974 5680 1301 5748 speluncam,
1357 5680 1561 5735 habens
1613 5680 1819 5735 duobus

265 5771 537 5829 mensibus
565 5774 711 5827 cibos
741 5772 857 5826 illos
887 5773 950 5824 ad
974 5786 1140 5825 meatu
1172 5771 1533 5827 refectionem.

1996 4666 2120 4719 Hth
2146 4675 2269 4719 sunt
2287 4670 2576 4721 certamina
2602 4681 2654 4723 et
2677 4673 2821 4738 signa
2843 4672 3078 4737 przeclari
3094 4670 3283 4727 Christi
3308 4674 3480 4729 athle-

1922 4762 1989 4808 ιε
2016 4754 2301 4822 Posidonii,
2330 4772 2443 4826 quae
2474 4757 2592 4812 fecit
2620 4760 2945 4828 providentia
2971 4762 3086 4828 ejus
3105 4778 3221 4831 qua!
3250 4773 3336 4818 est
3357 4779 3476 4819 om-

1922 4846 2065 4899 nium
2112 4846 2356 4899 vir-tutum
2405 4849 2656 4912 maxima;
2690 4858 2745 4903 et
2799 4849 2851 4903 iu
2880 4851 2960 4905 his
2992 4860 3073 4905 est
3101 4851 3322 4922 insignis
3353 4854 3471 4909 ﬁnis

1931 4932 2049 4986 vita!
2080 4932 2233 5002 hujus
2264 4934 2420 4987 beati.

2436 5044 2657 5100 CAPUT
2684 5046 2964 5101 LXXXIII.

2236 5132 2345 5185 Vita
2376 5134 2665 5203 Serapionis
2696 5136 2843 5204 (1‘29)
2876 5138 3181 5193 Sindouittz.

2002 5220 2119 5273 Fuit
2147 5221 2277 5274 alius
2305 5220 2517 5289 quidam
2545 5224 2797 5291 Serapion
2827 5225 3127 5280 Sindonites
3164 5227 3306 5293 (nam
3346 5242 3454 5297 prre

1929 5323 2008 5363 ter
2043 5311 2312 5364 sindonem
2355 5312 2484 5366 nihil
2534 5329 2757 5383 unquam
2791 5316 3083 5386 induebat),
3115 5319 3201 5384 qui
3241 5319 3479 5374 exercuit

1932 5417 2170 5469 magnam
2221 5405 2609 5470 possessionum
2664 5414 2717 5457 et
2766 5406 3065 5459 facultatum
3116 5409 3477 5463 vacuitatem:

1928 5508 2082 5559 quam
2111 5493 2179 5547 ob
2205 5508 2415 5549 causam
2449 5505 2503 5549 et
2533 5497 2872 5563 impa~sibilis
2897 5498 3198 5553 vocabatur.
3227 5499 3357 5553 Cum
3385 5514 3476 5553 es-

1928 5596 2007 5639 set
2050 5594 2221 5636 autcm
2272 5586 2542 5653 imperitus
2589 5586 2901 5650 litterarum,
2944 5587 3249 5641 memoriter
3273 5585 3479 5640 dicebat

1925 5690 2108 5730 omnes
2137 5676 2454 5743 Scripturas.
2490 5676 2552 5729 Et
2571 5690 2739 5743 neque
2759 5675 2827 5729 ob
2857 5679 3240 5743 possessionum
3269 5686 3477 5745 egesta-

1926 5774 2031 5821 tem
2061 5775 2113 5821 et
2158 5765 2543 5835 Scripturarum
2592 5764 2982 5822 meditationem
3031 5765 3199 5833 potuit
3240 5766 3297 5819 in
3343 5767 3479 5821 cella
