4258 6360
795 384 932 441 “83

2250 392 2563 452 PALLADII

3897 397 4040 452 H84

797 515 1093 578 quiescere,
1146 531 1247 567 non
1275 514 1413 583 quod
1441 516 1741 571 traheretur
1784 530 1812 569 a
1858 526 2068 569 ‘ennna
2108 519 2349 581 mater‘a,
2383 511 2429 568 A
2456 513 2524 565 de
2554 514 2943 569 feneratoribus
2968 524 3021 569 ut
3040 516 3119 571 eis
3137 517 3525 579 satisfacerem,
3548 516 4039 584 ipsumrogabant:

796 603 889 655 sed
919 605 1057 671 quod
1085 608 1426 672 apostolicam
1456 610 1611 660 vitam
1637 611 1956 670 sectabatur,
1990 610 2177 661 orbem
2207 619 2361 661 terrm

798 692 985 746 obiens
1033 697 1421 749 exactissimam
1454 699 1779 765 paupertatis
1825 699 2065 749 virtutem
2117 698 2362 751 praeele-

798 785 964 848 rebat,
998 787 1074 839 sic
1102 798 1155 840 ut
1184 790 1465 855 perlectam
1510 791 1985 856 impassibilitatem
2012 790 2093 842 hic
2123 792 2193 843 sit
2220 806 2362 842 asse-

796 884 969 929 cutus.
1005 877 1165 931 Natus
1190 881 1330 931 enim
1356 889 1465 932 erat
1508 881 1604 933 hac
1634 892 1849 946 natura;
1883 892 2002 933 sunt
2031 883 2170 935 enim
2202 889 2361 934 nato-

794 977 996 1027 rarum,
1030 983 1133 1019 non
1183 969 1595 1021 substantiarum
1629 971 1941 1024 differentire
1978 971 2161 1039 (Caute
2208 973 2359 1041 lege).

802 1053 1094 1107 Narrabant
1148 1057 1320 1122 itaque
1354 1058 1567 1122 Patres,
1603 1061 1739 1127 quod
1772 1076 1889 1113 cum
1912 1062 2196 1127 quemdam
2223 1076 2363 1115 acce-

794 1145 961 1211 pisset
993 1150 1394 1202 exercitatorein
1425 1152 1513 1219 qui
1555 1167 1673 1203 com
1703 1168 1765 1203 eo
1799 1152 2023 1213 luderet,
2070 1168 2125 1205 se
2152 1154 2201 1205 in
2234 1168 2361 1220 qua-

792 1238 914 1288 dam
944 1240 1072 1291 urbe
1094 1241 1377 1307 gentilibus
1396 1243 1631 1293 vendidit
1661 1244 1999 1295 histrionibus
2027 1244 2207 1311 viginti
2232 1245 2328 1297 soli
2348 1275 2360 1283 -

798 1328 878 1379 dis
913 1327 1079 1396 (I50),
1115 1338 1167 1381 et
1206 1345 1325 1383 cum
1369 1332 1751 1384 recondidisset
1780 1334 1978 1385 solidos
2027 1347 2126 1387 sua
2162 1333 2358 1402 sigillo,

794 1433 888 1469 eos
936 1419 1071 1484 apud
1127 1433 1184 1470 se
1238 1422 1725 1474 servabat.Tandiu
1779 1435 1951 1476 autem
1996 1426 2360 1490 pet-mansitet

794 1510 975 1561 servm
1007 1510 1181 1563 mimis
1209 1512 1291 1576 qui
1337 1528 1457 1565 eum
1485 1525 1741 1572 emerant,
1770 1516 1937 1568 donec
1951 1530 2042 1569 eos
2067 1515 2188 1569 fecit
2212 1517 2361 1570 Chr?-

795 1597 1019 1658 Stiauos,
1070 1611 1121 1651 et
1150 1616 1244 1652 eos
1283 1604 1475 1655 avulsit
1508 1622 1533 1652 ει
1575 1606 1780 1655 theatro
1814 1622 1825 1655 :
1861 1616 2048 1671 prater
2088 1622 2275 1672 panem
2309 1617 2360 1659 et

790 1701 979 1751 aquam
1012 1690 1136 1740 nihil
1161 1706 1395 1749 sumens,
1419 1708 1588 1757 neque
1616 1709 1721 1757 pra:
1756 1695 2095 1746 meditatione
2124 1695 2359 1761 S'riptu—

792 1789 965 1825 rarum
998 1790 1087 1828 ore
1115 1778 1278 1829 silens
1308 1795 1321 1833 :
1356 1780 1511 1847 longo
1532 1794 1703 1833 autem
1722 1791 1957 1846 tempore
1983 1784 2184 1850 primus
2213 1798 2359 1835 com-

2467 605 2562 659 υἱιί
2593 607 2746 658 sunt"
2773 607 2889 673 quis
2907 616 2987 660 est
3019 609 3105 676 qui
3132 607 3223 661 tibi
3245 608 3463 661 exhibet
3491 608 3790 661 molestiam
3811 609 3834 658 ἵ
3852 620 4041 662 osten-

2462 700 2529 749 de
2556 698 2705 748 nohis
2730 712 2851 750 eum
2871 740 2883 755 .
2914 706 2969 749 ut
2992 699 3084 750 tibi
3115 698 3341 751 feramus
3368 700 3641 752 auxilium.
3672 698 3819 751 Tunc
3849 702 3930 751 eis
3962 700 4042 751 di-

2462 785 2571 838 cit:
2602 787 2899 839 Molestiam
2948 786 3073 838 mihi
3119 787 3361 841 exhibuit
3400 787 3643 851 avaritia,
3695 798 3747 839 et
3797 790 3952 855 gula,
3988 799 4043 839 et

2461 874 2773 941 famicatio;
2806 886 2858 928 et
2879 892 2906 928 a
2934 878 3140 930 duobus
3160 879 3371 946 quidem
3400 893 3518 931 sum
3554 879 3826 943 liberatus,
3853 883 4041 932 avari-

2462 966 2530 1016 tia
2554 968 2823 1021 scilicetet
2856 968 3233 1028 fornicatione;
3263 983 3435 1033 neque
3455 974 3596 1023 enim
3628 984 3814 1022 aurum
3841 972 4039 1031 habeo,

2461 1071 2635 1126 neque
2656 1060 2855 1126 aliquid
2894 1060 3031 1113 aliud
3067 1060 3343 1124 possideo;
3375 1077 3479 1115 non
3527 1061 3671 1115 fruor
3689 1062 3897 1115 deliciis
3918 1077 4041 1130 qua:

2461 1158 2579 1200 sunt
2605 1148 2836 1203 nutrices
2867 1149 3020 1217 hujus
3052 1149 3223 1202 morbi
3254 1166 3266 1201 :
3296 1151 3543 1219 quocirca
3572 1150 3700 1203 nihil
3724 1152 3851 1203 mihi
3873 1152 4003 1205 exhi

2460 1240 2586 1292 bent.
2614 1236 2843 1305 amplius
2892 1242 3171 1295 molestiae.
3221 1244 3263 1295 Α
3307 1243 3425 1311 gula
3457 1252 3633 1295 autem
3675 1258 3778 1295 non
3810 1257 4035 1309 possunt

2462 1330 2744 1391 recedere;
2766 1331 2873 1397 jam
2909 1332 3049 1383 enim
3077 1342 3299 1398 quatuor
3325 1332 3512 1383 diebus
3542 1332 3674 1384 nihil
3717 1332 3953 1392 comedi,
3980 1342 4035 1385 et

2462 1422 2587 1473 mihi
2624 1426 2788 1489 pergit
2812 1433 2997 1475 veu'er
3020 1424 3314 1475 molestiam
3340 1428 3611 1483 exhibere.
3636 1438 3885 1490 quaerens
3905 1440 4036 1478 coo-

2462 1522 2669 1564 suetum
2711 1512 2970 1575 debitum,
3004 1512 3247 1579 sinequo
3279 1529 3380 1564 non
3415 1526 3627 1578 possum
3656 1515 3856 1566 vivere.
3881 1514 4036 1566 Tuuc

2461 1602 2674 1661 quidam
2706 1601 3007 1669 philosOphi
3042 1604 3291 1668 suspicati
3317 1617 3437 1655 eum
3464 1603 3755 1669 composita
3786 1602 4035 1669 quadam

2462 1702 2512 1745 et
2542 1695 2587 1745 li.
2610 1704 2659 1745 ta
2692 1708 2933 1757 narrare,
2988 1693 3115 1745 dant
3157 1695 3208 1747 ei
3252 1694 3480 1747 solidum
3518 1712 3529 1745 :
3562 1709 3717 1761 quem
3750 1706 4033 1761 acceptum

2464 1788 2638 1851 puniit
2664 1786 2712 1835 in
2750 1785 2955 1835 oflh-ina
2983 1789 3215 1849 panaria,
3247 1796 3300 1838 et
3340 1796 3559 1849 accepto
3606 1800 3741 1853 pane
3772 1788 4031 1849 recessit;

798 1876 1022 1929 punctus
1050 1876 1128 1919 est
1159 1872 1368 1931 inimus,
1403 1871 1591 1924 deinde
1646 1873 1825 1933 mima,
1876 1872 2069 1927 deinde
2113 1877 2353 1927 universa
2390 1860 2431 1916 Β
2463 1876 2640 1925 statim
2671 1874 2933 1937 prolectus
2976 1888 3003 1923 a
3034 1873 3269 1937 civitate,
3299 1886 3350 1927 et
3379 1876 3429 1928 in
3454 1890 3569 1927 eam
3628 1890 3733 1927 non
3783 1890 4035 1928 reversus

788 1971 974 2008 eorum
1011 1958 1228 2012 lamilia.
1265 1962 1464 2014 llictum
1498 1974 1579 2016 est
1624 1966 1964 2033 autemquod
1991 1982 2094 2035 quo
2120 1978 2356 2033 tempore

786 2060 909 2098 eum
942 2047 1270 2113 ignorabant,
1305 2052 1689 2120 lavabatpedes
1712 2057 2009 2109 amborum.
2043 2058 2208 2111 Ambo
2230 2075 2357 2128 ergo

795 2143 1067 2209 liaptizati,
1107 2158 1134 2194 a
1188 2145 1392 2201 theatro
1423 2161 1788 2215 recesserunt;
1840 2160 1895 2205 et
1928 2167 2046 2205 cum
2098 2155 2162 2206 ad
2196 2154 2353 2207 vitam

791 2232 1065 2285 honestam
1095 2245 1147 2287 et
1179 2236 1314 2302 piam
1348 2241 1750 2306 processissent,
1778 2243 1946 2295 virum
1975 2244 2127 2297 valde
2155 2260 2357 2298 revere-

790 2323 999 2377 bantur.
1034 2326 1090 2379 Ei
1143 2329 1313 2395 itaque
1336 2332 1513 2384 dicunt
1548 2349 1560 2384 :
1594 2334 1886 2399 Adesdum,
1921 2336 2102 2397 'i-ater,
2158 2354 2255 2391 nos
2303 2348 2354 2392 te

792 2412 1147 2479 liberabimus,
1170 2422 1379 2485 quando
1403 2422 1615 2488 quidem
1649 2424 1759 2490 ipse
1783 2441 1879 2477 nos
1906 2426 2135 2479 liberasti
2164 2444 2191 2477 a
2217 2430 2352 2493 turpi

788 2506 1063 2558 servitute.
1099 2502 1231 2560 Dcit
1270 2525 1391 2577 ergo
1423 2513 1502 2564 eis
1531 2528 1543 2562 :
1576 2512 2010 2581 Quandoquidem
2038 2515 2177 2567 Deus
2208 2531 2355 2569 meus

790 2602 872 2645 est
896 2608 1163 2660 operatm,
1196 2609 1250 2651 et
1284 2616 1377 2651 vos
1402 2605 1671 2669 eooperati
1700 2606 1847 2667 estis,
1870 2615 1921 2657 ct.
1943 2608 2081 2658 salva
2111 2604 2246 2660 facta
2274 2617 2357 2661 est.

786 2692 960 2737 vestra
991 2687 1185 2751 anima,
1219 2690 1367 2743 vobis
1397 2692 1565 2746 dicam
1595 2695 1903 2764 mysterium
1934 2708 2103 2751 satis.

861 2778 971 2847 Ego
999 2791 1187 2835 vestra:
1208 2784 1398 2837 anima:
1430 2786 1679 2840 misertus
1708 2803 1824 2855 qua
1878 2791 1929 2842 in
1976 2792 2141 2844 multo
2181 2806 2353 2845 ‘rrore

790 2870 1119 2931 versabatur,
1135 2888 1253 2924 cum
1269 2888 1440 2927 essem
1458 2875 1591 2928 liber
1615 2876 1953 2941 exercitator,
1970 2895 2164 2946 genere
2188 2879 2355 2948 Egy-

789 2959 947 3023 ptius,
977 2977 1036 3013 ea
1066 2963 1131 3016 de
1151 2978 1309 3017 causa
1338 2967 1595 3033 Ineipsum
1612 2969 1846 3035 vendidi,
1864 2980 1919 3023 ut
1942 2986 2036 3023 vos
2061 2986 2347 3025 servarem.

788 3050 1045 3114 Quoniam
1072 3062 1244 3107 autem
1278 3056 1376 3109 hoc
1404 3056 1526 3110 fecit
1558 3058 1716 3121 Deus,
1742 3068 1795 3112 et
1823 3075 1915 3126 per
1936 3075 2105 3113 meam
2139 3062 2352 3115 humili-

786 3150 947 3195 tatem
975 3145 1124 3197 salva
1153 3150 1319 3200 evasit
1345 3150 1517 3201 anima
1567 3160 1763 3216 vestra,
1794 3152 2015 3219 accipite
2048 3169 2230 3207 aurum
2263 3171 2349 3209 ve-

2460 1965 2706 2029 amplius.
2722 1964 2868 2015 Tunc
2889 1972 3246 2029 cognoverunt
3264 1965 3560 2032 philosophi
3584 1980 3703 2016 eum
3720 1980 3845 2017 vere
3864 1964 4033 2018 fuisse

2460 2054 2654 2107 "irtute
2680 2056 2992 2121 praeditum;
3033 2064 3231 2109 etcum
3276 2056 3458 2123 pistori
3485 2054 3761 2107 dedissent
3802 2057 4031 2122 pretium

2462 2144 2628 2211 penis,
2660 2153 2981 2211 acceperunt
3001 2146 3251 2199 solidum.

2528 2236 2660 2289 Cum
2680 2250 2853 2290 autem
2882 2238 3112 2291 venisset
3131 2239 3181 2289 in
3198 2238 3307 2289 loca
3335 2236 3732 2289 Lacedaemonis
3756 2233 4027 2301 proxima,

2458 2328 2657 2381 audivit
2681 2330 2959 2396 quemdam
2982 2344 3048 2381 ex
3111 2325 3300 2394 primis
3370 2324 3603 2380 civitatis
3676 2340 3798 2379 esse
3858 2327 4027 2381 Mani-

2457 2421 2664 2472 chamm
2691 2420 2846 2472 simul
2875 2434 2993 2473 cum
3021 2428 3125 2472 tota
3156 2420 3335 2482 domo,
3367 2420 3559 2487 alioqui
3585 2418 3757 2471 virum
3799 2416 4019 2471 bonum.

2462 2509 2554 2561 llic
2585 2509 2815 2575 Optimus
2843 2510 3133 2561 monachus
3174 2509 3294 2562 huic
3326 2524 3505 2561 rursus
3526 2509 3761 2573 seipsum
3785 2507 4025 2561 vendidit

2458 2602 2585 2651 s‘cui
2618 2600 2667 2650 in
2711 2600 2878 2665 primo
2908 2609 3049 2651 actu.
3082 2600 3146 2651 Et
3184 2614 3301 2652 cum
3331 2601 3464 2651 intra
3495 2601 3629 2653 duos
3649 2614 3816 2652 annos
3852 2600 4027 2665 ipsum

2458 2690 2762 2742 abduxisset
2796 2690 2861 2742 ab
2888 2690 3078 2759 ha‘resi
3101 2700 3151 2742 et
3182 2692 3295 2756 ejus
3326 2706 3544 2743 uxorem
3574 2705 3697 2744 cum
3735 2700 3844 2743 tcta
3876 2690 4026 2743 fami~

2460 2781 2494 2833 li
2514 2802 2549 2844 ι,
2574 2782 2799 2833 adduxit
2838 2782 2889 2833 in
2940 2781 3251 2834 Ecclesiam.
3282 2778 3429 2833 Tunc
3455 2795 3578 2833 eum
3606 2789 3869 2841 amantes,
3916 2795 4023 2833 non

2457 2872 2683 2939 amplius
2714 2872 2981 2925 habebant
3018 2883 3265 2939 tanquam
3310 2886 3546 2934 servum,
3595 2872 3691 2926 sed
3740 2871 4022 2939 plusquam

2458 2976 2765 3028 germanum
2817 2963 3029 3015 fratrem
3060 2971 3113 3016 et
3142 2972 3425 3029 patrem,et
3451 2977 3646 3032 magno
3685 2962 3888 3016 honore
3910 2959 4024 3013 afﬂ-

2457 3052 2687 3115 ciebant,
2712 3063 2764 3106 et
2792 3068 2909 3106 cum
2941 3069 3006 3107 eo
3030 3053 3193 3107 Deum
3224 3054 3527 3108 laudabant.

2530 3143 2693 3196 Paulo
2722 3152 2841 3211 post
2873 3144 2960 3196 tibi
2988 3157 3080 3197 eos
3110 3144 3347 3210 pluribus
3376 3147 3686 3199 cohortatus
3714 3154 3854 3198 esset
3874 3185 3889 3207 ,
3922 3144 4027 3198 illis

787 3241 975 3296 struin,
1002 3237 1233 3289 utetiam
1256 3238 1370 3290 aliis
1386 3256 1537 3304 opem
1562 3238 1745 3294 feram.
1775 3241 1849 3296 Illi
1875 3254 2048 3298 autem
2072 3260 2191 3299 cum
2216 3247 2347 3299 mttl-
2376 3228 2422 3289 (ἶ
2455 3235 2653 3290 relic“!
2693 3235 2982 3303 ερίτίιυειίε
3014 3238 3096 3290 hic
3141 3237 3357 3289 adamas
3393 3236 3682 3301 Seral'i‘m.
3715 3251 3834 3288 cum
3876 3236 4021 3290 ’παῖε

785 3332 893 3375 tum
926 3338 1197 3391 rogassent
1220 3337 1273 3380 et
1298 3328 1670 3395 alﬁrmassent,
1699 3331 1961 3386 dicendo:
1994 3335 2071 3389 Te
2097 3345 2345 3402 tanquam

785 3422 987 3479 patrem
1030 3424 1083 3469 et
1112 3418 1383 3471 dominum
1418 3419 1745 3486 habebimus,
1776 3423 1947 3475 Solum
1982 3440 2136 3477 mane
2178 3426 2349 3478 nobis-

784 3519 937 3571 cum;
969 3522 1070 3558 non
1104 3519 1383 3575 potuerunt
1416 3514 1463 3565 ei
1510 3516 1849 3578 persuadere.
1884 3517 2031 3570 Tunc
2056 3518 2237 3571 dicunt
2258 3520 2304 3571 ei
2331 3537 2344 3571 :

790 3593 863 3644 [la
916 3605 969 3645 tu
1016 3612 1205 3650 aurum
1256 3603 1571 3667 pauperibus
1594 3644 1607 3665 ,
1656 3620 1774 3656 nam
1807 3607 1855 3658 id
1884 3607 2039 3659 nobis
2070 3608 2162 3659 fuit
2190 3623 2347 3661 causa

780 3686 986 3738 salutis.
1021 3688 1107 3740 Ait
1136 3689 1240 3742 illis
1272 3708 1285 3742 :
1316 3691 1445 3745 Date
1489 3708 1580 3745 vos
1621 3694 1769 3760 illud,
1818 3698 1937 3762 quia
1975 3709 2205 3750 vestrum
2237 3713 2345 3764 est;

780 3791 882 3839 ego
917 3778 1056 3830 enim
1088 3779 1288 3834 alienas
1335 3785 1581 3847 pecunias
1614 3801 1715 3838 non
1745 3787 1811 3837 do
1836 3791 2171 3854 pauperibus.
2210 3791 2342 3843 Tum

781 3870 853 3918 Illi
870 3870 1211 3924 cohortantur
1229 3887 1370 3936 eum,
1388 3876 1651 3930 dicentes:
1678 3878 1780 3933 Sed
1804 3882 1990 3934 saltem
2016 3892 2131 3947 post
2151 3898 2347 3938 annum

781 3970 879 4007 nos
904 3958 1117 4011 invisas.
1154 3961 1217 4013 Et
1242 3963 1318 4015 sic
1344 3967 1409 4016 ab
1440 3966 1501 4017 iis
1532 3967 1678 4020 abiit.

857 4045 903 4097 Is
927 4046 1290 4114 frequentibus
1320 4054 1825 4120 peregrinationibus
1856 4058 2095 4124 pervenit
2122 4060 2171 4113 in
2195 4062 2347 4115 ϐηρ-

778 4140 954 4203 ciam;
982 4153 1034 4195 et
1077 4157 1194 4195 eum
1242 4146 1409 4199 tribus
1439 4148 1625 4201 diebus
1658 4162 1889 4202 moratus
1916 4163 2059 4207 es<et
2101 4155 2344 4219 Athenis,

777 4244 884 4282 non
915 4232 1010 4285 fuit
1034 4234 1120 4299 qui
1146 4233 1192 4285 ei
1226 4249 1411 4301 panem
1440 4235 1733 4301 prmberet;
1766 4254 1884 4290 nam
1908 4255 2075 4307 neque
2109 4258 2181 4295 aes
2214 4244 2349 4297 fere-

782 4327 893 4388 bat,
925 4342 1095 4392 neque
1124 4343 1324 4391 peram,
1358 4344 1461 4380 non
1495 4330 1679 4394 pellem
1710 4333 1945 4395 ovillam,
1981 4350 2083 4386 non
2119 4337 2342 4404 virgam,

777 4416 907 4469 nihil
951 4417 1173 4479 horum,
1226 4418 1318 4471 sed
1368 4420 1477 4471 sola
1526 4420 1746 4472 sindone
1778 4421 2002 4474 amictus
2042 4433 2178 4475 erat.
2212 4426 2341 4479 Cum

778 4517 953 4559 autem
982 4508 1211 4560 vertisset
1236 4518 1451 4575 quartus
1481 4512 1613 4570 dies.
1636 4510 1785 4565 valde
1810 4512 2022 4575 esuriit;
2045 4514 2172 4567 nihil
2204 4518 2342 4569 enim

2455 3326 2570 3380 istis
2600 3328 2824 3393 pretium
2849 3343 2999 3379 suum
3030 3327 3393 3394 persolvisset,
3425 3328 3656 3394 seipsum
3702 3324 3934 3394 conjecit
3966 3325 4019 3378 in

2455 3432 2641 3469 navem
2676 3426 2923 3483 tanquam
2958 3416 3181 3469 Romam
3212 3418 3604 3484 navigaturum.
3636 3415 3817 3469 Nauta:
3840 3424 4019 3468 autem

2452 3507 2801 3573 conjicientes
2836 3522 2954 3560 eum
3001 3508 3081 3560 vel
3113 3508 3358 3561 intulisse
3384 3516 3658 3573 sumptus,
3697 3507 3780 3561 vel
3810 3508 3862 3559 in
3892 3519 4024 3559 auro

2456 3597 2654 3650 habere
2679 3598 2817 3663 quod
2842 3597 3184 3661 expenderet,
3211 3598 3341 3650 nihil
3385 3597 3525 3649 aliud
3573 3597 3864 3662 percontati
3903 3610 4024 3648 eum

2453 3697 2805 3754 exceperunt,
2847 3690 2979 3741 alius
3028 3688 3188 3742 alium
3235 3687 3318 3741 exi
3356 3690 3548 3741 limans
3599 3689 3868 3756 accepisse
3908 3688 4023 3757 ejus

2454 3783 2720 3835 utensilia.
2768 3781 2896 3833 Cum
2924 3789 3099 3833 autem
3138 3782 3235 3845 ipsi
3263 3780 3629 3845 enavigasseot
3649 3822 3663 3843 ,
3689 3789 3734 3833 et
3768 3782 4017 3832 abessent

2452 3875 2753 3940 quingentis
2788 3874 2970 3924 stadiis
3007 3873 3073 3925 ab
3097 3872 3437 3933 Alexandria,
3468 3879 3747 3937 cmperunt
3777 3881 4019 3923 vectores

2453 3964 2594 4015 vesci
2620 3962 2759 4013 circa
2790 3976 3033 4013 occasum
3062 3962 3208 4025 solis,
3239 3977 3356 4014 cum
3390 3973 3561 4015 nauta:
3592 3964 3735 4026 prius
3756 3962 4017 4015 comedis-

2452 4062 2590 4105 sent.
2630 4053 2881 4104 Viderunt
2908 4065 3081 4105 autem
3113 4066 3233 4105 eum
3260 4055 3427 4119 primo
3450 4052 3532 4103 die
3564 4067 3667 4105 non
3698 4053 4012 4117 comedere;

2452 4154 2505 4197 et
2536 4152 2851 4211 putaverunt
2881 4156 3090 4195 causam
3121 4156 3240 4195 esse
3265 4144 3675 4210 navigationem,
3698 4142 3947 4195 similiter
3966 4152 4018 4196 et

2452 4236 2706 4295 secundo,
2746 4244 2798 4287 et
2822 4235 2998 4301 tertio,
3029 4243 3082 4287 et
3111 4244 3299 4298 quarto
3341 4232 3667 4297 die;quinto
3705 4243 3884 4285 autem
3934 4230 4019 4285 die

2457 4328 2637 4380 vident
2666 4327 2835 4394 ipsum
2868 4327 3139 4380 sedentem
3170 4329 3439 4393 quietum,
3473 4324 3597 4377 dum
3624 4340 3810 4378 omnes
3842 4340 4017 4378 come-

2451 4418 2639 4471 derent
2664 4461 2677 4482 ,
2726 4428 2779 4470 et
2827 4420 3009 4471 dicunt
3035 4418 3124 4470 ei:
3160 4417 3351 4482 Homo,
3392 4430 3484 4468 cur
3514 4430 3630 4468 non
3661 4415 3935 4467 comedis?
3974 4414 4018 4467 Is

2454 4525 2580 4562 vero
2602 4509 2727 4561 dicit
2754 4513 2831 4561 eis
2860 4527 2871 4560 :
2903 4510 3159 4574 Quoniam
3188 4522 3290 4559 non
3318 4508 3489 4559 habeo
3510 4505 3647 4573 quod
3679 4507 3854 4558 edant.
3884 4505 4013 4558 Cum

776 4598 869 4649 5""
908 4607 1144 4660 lCllltlore
1170 4610 1492 4666 gustaverat.
1528 4600 1629 4655 Res
1671 4613 1752 4654 est
1798 4604 1937 4656 enim
1970 4606 2148 4672 gravis
2182 4608 2343 4661 fames
2374 4586 2423 4645 θ
2451 4616 2573 4667 ergo
2607 4600 2743 4653 inter
2770 4613 2829 4652 se
2858 4599 3228 4667 qua‘sivissent
3258 4598 3375 4664 quis
3402 4598 3519 4665 ejus
3544 4599 3838 4662 accepisset
3865 4606 4018 4649 uten-

772 4688 1154 4751 involuntaria,
1194 4705 1309 4755 quae
1354 4690 1667 4756 adjutricem
1714 4691 1874 4745 habet
1899 4694 2339 4749 incredulitatem.

776 4780 844 4830 Et
868 4788 1015 4831 stans
1044 4794 1204 4845 super
1235 4781 1491 4832 tumulum
1535 4782 1783 4845 civitatis,
1812 4782 1863 4834 iu
1897 4799 2001 4850 quo
2048 4800 2340 4853 congrega—

783 4868 973 4919 bantur
992 4870 1079 4934 qui
1110 4879 1261 4921 erant
1292 4869 1342 4922 in
1372 4870 1624 4937 dignitate
1655 4872 1807 4937 (I721)
1838 4874 2102 4927 constituti
2135 4876 2185 4928 in
2218 4878 2343 4931 civi-

775 4968 904 5021 tatc,
938 4961 1098 5024 etepit
1125 4962 1465 5014 vehementer
1488 4972 1540 5014 et
1563 4978 1680 5016 cum
1715 4965 1924 5029 planetu
1960 4968 2257 5029 lamentari,
2290 4980 2343 5021 et

770 5050 1009 5101 clamare
1042 5064 1055 5101 :
1087 5050 1192 5103 Viri
1219 5052 1582 5114 Athenienses,
1612 5052 1744 5106 ferte
1765 5069 1940 5120 opem.
1977 5058 2054 5109 Ad
2083 5073 2238 5125 quem
2258 5075 2338 5113 ac-

777 5150 1050 5192 curreutes
1065 5156 1247 5194 omnes
1260 5143 1344 5209 qui
1367 5145 1574 5208 pallium
1591 5150 1864 5212 gestabant
1882 5161 1933 5202 et
1949 5149 2184 5221 byrrttni(
2199 5152 2337 5216 I3‘2‘,

776 5231 957 5283 dicunt
1005 5232 1053 5285 ci
1109 5249 1124 5285 :
1189 5232 1323 5297 Quid
1376 5236 1574 5297 habes,
1628 5238 1893 5291 ttndennm
1951 5256 2041 5303 es,
2105 5254 2157 5295 et
2211 5245 2337 5309 quid

776 5325 1004 5387 pateris?
1060 5326 1105 5377 Is
1149 5340 1277 5378 vero
1320 5325 1448 5378 dicit
1496 5327 1622 5389 ipsis
1668 5347 1678 5379 :
1714 5330 1919 5383 Genere
1949 5333 2162 5401 quidem
2222 5351 2337 5388 sum

775 5414 1078 5483 Egyptius,
1110 5416 1399 5467 monachus
1427 5416 1571 5478 prole
1603 5422 1783 5482 sione;
1808 5436 1868 5472 ex
1896 5436 1998 5487 quo
2034 5434 2206 5475 autem
2240 5427 2333 5476 ab-

774 5523 889 5558 sum
928 5523 954 5556 a
1004 5522 1125 5560 vera
1175 5523 1289 5560 mea
1323 5509 1510 5576 patria,
1544 5511 1701 5564 incidi
1738 5513 1786 5563 in
1815 5523 1920 5565 tres
1959 5512 2287 5571 feneratores
2318 5536 2329 5569 :

777 5607 830 5648 et
858 5598 965 5650 dno
984 5597 1196 5665 quidem
1229 5611 1256 5649 a
1284 5615 1366 5653 me
1387 5612 1723 5652 receSSerunt
1754 5604 1997 5655 exsoluto
2024 5606 2101 5658 eis
2133 5608 2331 5671 debito,

776 5703 896 5739 eum
928 5705 1029 5741 non
1060 5688 1315 5743 baberent
1342 5689 1405 5743 de
1428 5705 1529 5757 quo
1562 5706 1644 5744 me
1673 5704 2008 5747 accerserent
2036 5713 2048 5759 ;
2082 5712 2215 5749 unus
2242 5714 2335 5751 au-

774 5792 879 5831 tem
916 5794 942 5831 a
973 5796 1056 5834 me
1101 5796 1203 5834 non
1244 5782 1485 5835 discedit.
1519 5782 1593 5835 Illi
1625 5798 1750 5853 ergo
1777 5786 2013 5845 studiose
2034 5800 2329 5854 qua-rentes

2448 4692 2564 4743 sdia
2594 4690 2672 4743 \e!
2711 4690 3009 4756 impensas,
3035 4689 3297 4740 vidissent
3324 4698 3499 4740 autem
3547 4690 3815 4740 nemiuem
3863 4701 4016 4739 acce-

2451 4784 2591 4850 pisse
2620 4782 2813 4850 (neque
2835 4781 2975 4833 enim
3008 4779 3233 4832 habebat
3254 4780 3475 4846 aliquid)
3505 4788 3787 4845 ceperunt
3812 4791 3933 4830 cum
3953 4792 4017 4830 eo

2448 4874 2771 4926 contendere
2800 4890 2809 4923 :
2836 4871 3112 4937 Quomodo
3153 4872 3229 4924 sic
3279 4871 3547 4939 ingressus
3572 4884 3631 4921 es
3662 4872 3862 4935 alisque
3913 4868 4004 4921 itu-

2450 4964 2668 5029 pensis?
2696 4979 2776 5030 qu-
2804 4962 2961 5013 modo
2991 4962 3150 5013 dabis
3187 4960 3338 5012 nobis
3387 4959 3642 5011 naulum?
3665 4973 3892 5025 quonam
3923 4972 4016 5009 au-

2454 5065 2557 5106 tem
2588 5054 2791 5107 aleris?
2820 5058 2865 5106 Is
2888 5071 3013 5107 vero
3042 5055 3119 5107 eis
3148 5054 3275 5106 dicit
3310 5070 3323 5105 :
3356 5053 3465 5121 Ego
3513 5054 3641 5105 nihil
3685 5053 3884 5113 habeo;
3920 5066 4015 5104 att-

2449 5145 2582 5199 ferte
2639 5161 2739 5208 me,
2792 5156 2839 5197 et
2873 5146 3084 5212 abjicite
3137 5148 3223 5198 ubi
3257 5147 3548 5201 invenistis.
3584 5145 3661 5198 Illi
3705 5160 3828 5196 vero
3866 5160 3878 5195 :
3909 5143 4015 5196 Cur

2448 5239 2726 5292 irasceris?
2760 5256 2821 5290 ne
2849 5240 2889 5289 si
2922 5249 3135 5291 centum
3170 5239 3382 5306 quidem
3428 5252 3619 5289 aureos
3650 5235 3801 5287 nobis
3832 5236 4007 5287 dares.

2449 5332 2692 5383 lubenter
2721 5332 2817 5381 hoc
2854 5331 3146 5382 faceremus
3167 5370 3181 5392 ,
3215 5344 3333 5381 cum
3376 5328 3442 5382 sit
3472 5330 3622 5381 nobis
3653 5336 3842 5381 ventus
3883 5329 4012 5381 adeo

2449 5420 2753 5473 Secundus:
2793 5434 3008 5485 scopum
3057 5436 3185 5486 ergo
3227 5435 3526 5489 urgeamus,
3563 5428 4009 5487 peraguntesmm

2446 5520 2567 5562 sunt
2601 5512 2751 5563 nobis
2797 5512 3084 5576 proposita.
3118 5511 3207 5563 Sic
3239 5512 3331 5564 fuit
3374 5513 3423 5563 in
3460 5511 3597 5572 navi,
3622 5519 3677 5561 et
3705 5526 3824 5561 eum
3857 5510 4004 5561 alui»

2444 5609 2569 5653 runt
2598 5599 2815 5652 Romam
2851 5616 3036 5669 nsque.
3068 5600 3199 5654 Cum
3247 5612 3421 5653 autem
3473 5601 3693 5653 Romam
3739 5602 4005 5651 venisset.

2444 5690 2655 5744 curiose
2681 5692 2944 5757 indagavit
2968 5692 3083 5760 quis
3107 5701 3248 5745 esset
3272 5692 3323 5745 iu
3355 5692 3565 5746 civitate
3597 5705 3817 5760 mag-ius
3843 5704 4000 5743 exer-

2444 5787 2630 5841 citator
2658 5792 2748 5836 aut
2778 5785 3131 5838 exercitatrix.
