4258 6360
300 399 435 464 1185
1521 403 1881 467 HISTORIA
1920 403 1981 461 L1

1920 403 2302 469 LAUSIACA.
3430 404 3562 470 1186

295 519 563 588 ἀσκητὴν,
588 520 870 587 πέπρακεν
900 522 1089 573 ἑαυτὸν
1110 520 1165 573 ἐν
1191 538 1295 574 τινι
1322 521 1473 573 πόλει
1504 520 1711 590 μίμοις,
1745 517 1875 568 Ἒλ-
1906 518 1953 573 Α
1981 519 2173 587 γυρίας
2201 522 2295 573 καὶ
2352 522 2626 591 πορνείας.
2686 523 2822 575 Οὔτε
2853 522 2961 592 γὰρ
3002 519 3202 592 χρυσὸν
3254 520 3384 589 ιχω,
3436 522 3557 575 οὗτε

296 604 453 670 λησιν
480 599 654 664 οὖσιν,
687 602 856 654 εἴκοσι
882 605 1255 671 νομισμάτων.
1282 606 1391 657 Καὶ
1438 603 1877 673 σφραγισάμενος
1980 599 2107 652 ἄλλο
2135 619 2187 653 τι
2212 604 2485 673 κέκτημαι
2510 622 2523 633 ·
2559 607 2619 656 οὑ
2647 603 2863 673 τρυφῆς
2922 602 3197 665 ἀπολαύω,
3235 601 3334 671 τῆς
3364 604 3555 672 τροφί-

294 686 365 737 τά
398 686 726 753 νομίσματα,
754 685 1049 752 ἐφύλαττεν
1082 690 1211 756 παρ’
1243 688 1440 757 ἐαυτῷ.
1484 688 1604 739 Ἐπί
1626 686 1877 739 τοσοῦτον
1980 700 2082 751 μου
2119 685 2321 755 ταύτης
2348 688 2445 754 τῆς
2471 689 2626 740 νόσου
2647 704 2659 716 °
2701 689 2781 739 διὸ
2814 687 2997 739 οὑκέτι
3034 704 3101 754 με
3148 685 3416 755 ὀχλοῦσιν.
3448 689 3554 739 Γα-

293 769 351 821 δέ
385 770 737 839 παρέμεινεν,
777 769 969 837 μέχρις
1031 765 1092 822 οὑ
1149 773 1241 822 καὶ
1274 773 1632 840 Χριστιανοὺς
1679 772 1877 833 αὑτοὺς
1978 771 2347 838 στριμαργίας
2377 771 2433 823 δὲ
2480 770 2857 838 ἀπαλλαγῆναι
2897 771 2958 821 οὑ
2990 769 3243 838 δύναμαι.
3272 770 3554 838 Τετάρτην

296 856 519 921 ποιήσῃ,
552 852 644 903 καὶ
672 852 763 902 τοῦ
797 852 1026 922 θεάτρου
1050 854 1243 915 αὑτοὺς
1275 855 1581 925 ἀποστήσῃ,
1605 853 1872 921 παρεκτὸς
1977 853 2085 919 γάρ
2112 852 2325 921 ἡμέραν
2357 854 2463 923 ἔχω
2500 856 2737 923 σήμερον
2764 854 2837 923 μὴ
2871 853 3083 921 φαγὼν,
3124 854 3216 905 καὶ
3246 855 3554 922 παραμένει

293 936 461 1001 ἄρτου
486 936 579 985 καὶ
601 933 790 995 ὓδατος
814 933 1039 1002 μηδενὸς
1060 935 1219 987 ἄλλου
1247 936 1558 1005 λαμϐάνων,
1586 936 1718 1005 μηδὲ
1746 937 1876 1003 ἡσυ-

292 1016 476 1082 χάζων
496 1015 573 1083 τῷ
595 1016 824 1084 στόματι
846 1017 952 1068 ἀπὸ
986 1018 1216 1086 μελέτης
1236 1018 1396 1071 θείων
1420 1019 1671 1088 Γραφῶν.
1689 1017 1873 1078 Οὑτως

290 1100 347 1151 δὲ
375 1100 583 1161 τούτοις
608 1101 635 1150 6
667 1100 940 1169 μακάριος
969 1103 1315 1171 παραμείνας
1344 1104 1422 1172 τῷ
1449 1102 1643 1172 μακρῷ
1676 1102 1870 1171 χρόνῳ,

293 1185 509 1251 πρῶτον
530 1184 824 1249 κατένυξεν
855 1185 945 1237 τὸν
972 1188 1157 1254 μῖμον,
1204 1182 1323 1236 εἶτα
1349 1187 1447 1252 τὴν
1495 1184 1723 1254 μιμάδα,
1755 1179 1872 1235 εἶτα

290 1266 381 1317 τὴν
437 1267 727 1334 σύμπαντα
780 1264 927 1318 οἶκον
977 1269 1177 1320 αὑτῶν.
1245 1269 1491 1336 Ἐλέγετο
1546 1270 1601 1320 δὲ
1666 1270 1720 1319 ἐν
1764 1269 1870 1334 ὅσῳ

288 1351 517 1417 ἠγνόουν
551 1351 712 1401 αὑτὸν
738 1351 1064 1419 ἀμφοτέρων
1090 1352 1299 1405 νίπτειν
1331 1354 1455 1415 τοὺς
1482 1353 1666 1413 πόδας.
1708 1352 1867 1403 Ἐκάσ

286 1451 436 1498 τεροι
466 1429 559 1485 οὑν
596 1432 984 1503 βαπτισθέντες
1033 1436 1353 1503 ἀπέστησαν
1401 1438 1494 1488 καὶ
1526 1437 1619 1487 τοῦ
1654 1436 1870 1502 θεατρί-

288 1516 403 1575 ζειν
429 1514 633 1577 λοιπὸν,
661 1516 754 1567 καὶ
775 1517 866 1566 ἐπὶ
894 1518 985 1567 τὸν
1010 1534 1065 1568 σε
1076 1518 1205 1585 μνὸν
1227 1521 1317 1569 καὶ
1340 1518 1559 1585 θεοφιλῆ
1585 1517 1869 1578 ἐλάσαντες

289 1596 401 1663 βίον
442 1598 644 1665 σφόδρα
674 1598 897 1667 ᾐδοῦντο
927 1600 1016 1650 τὸν
1058 1599 1246 1669 ἄνδρα,
1295 1601 1389 1651 καὶ
1423 1601 1670 1665 λέγουσιν
1700 1601 1865 1667 αὐτῷ’

287 1680 477 1748 Δεῦρο,
498 1681 714 1746 ἀδελφὲ,
751 1682 1190 1750 ὲλευθερώσομέν
1216 1699 1275 1733 σε
1305 1682 1510 1744 λοιπὸν,
1542 1684 1726 1751 ἐπειδὴ
1764 1684 1869 1733 ἀπὸ

286 1764 519 1830 αἰσχρᾶς
550 1765 695 1831 ἡμᾶς
724 1763 965 1825 δουλείας
998 1766 1156 1826 αὑτὸς
1195 1764 1594 1832 ἠλευθέρωσας.
1625 1766 1754 1817 Τότε
1780 1766 1869 1817 λέ-

1978 950 2067 1001 μοι
2098 934 2171 995 ὡς
2197 936 2466 1005 αὑστηρὸς
2495 937 2777 1004 δανειστὴς
2810 938 2841 1001 ἡ
2878 935 3112 1005 γαστὴρ,
3159 936 3420 1004 ἄγχουσα,
3459 938 3555 989 καὶ

1974 1016 2279 1070 ἀπαιτοῦσα
2323 1018 2383 1069 τὸ
2438 1018 2665 1086 σύνηθες
2723 1021 2897 1086 χρέος,
2930 1020 3068 1087 ὅπερ
3114 1019 3207 1070 ὲάν
3236 1018 3309 1087 μὴ
3340 1018 3546 1080 ἀποδῶ,

1974 1096 2133 1164 ζῆσαι
2184 1100 2243 1151 οὑ
2300 1105 2572 1170 συγχωρεῖ
2620 1119 2731 1170 μοι.
2762 1102 2893 1153 Τότε
2938 1102 3082 1164 τινὲς
3110 1102 3217 1150 των
3242 1100 3547 1168 φιλοσόφων

1974 1181 2227 1249 ἐνόμισαν
2250 1184 2453 1253 σκηνὴν
2472 1181 2689 1237 εἶναιτὸ
2712 1184 3122 1253 πρᾶγμα,ὅμως
3141 1183 3376 1235 διδόασιν
3399 1184 3547 1251 αὑτῷ

1973 1266 2212 1333 νόμισμα
2242 1268 2319 1318 ἓν.
2366 1268 2422 1319 '0
2453 1269 2507 1321 δέ
2546 1268 2700 1321 τοῦτο
2740 1268 3030 1336 δεξάμενος
3058 1267 3253 1334 έθηκεν
3283 1270 3341 1317 ἐν
3390 1269 3549 1336 ἀρτο-

1973 1349 2207 1418 πωλείῳ,
2234 1350 2325 1401 καὶ
2357 1352 2531 1403 λαϐὼν
2563 1352 2657 1405 ἕνα
2686 1353 2847 1422 ἄρτον
2880 1337 3228 1420 ἀνεχώρησεν
3261 1354 3549 1419 παραχρῆ-

1974 1450 2048 1498 μα
2082 1433 2305 1493 ὁδεύσας
2339 1435 2439 1503 τῆς
2479 1436 2703 1498 πόλεως,
2738 1438 2830 1488 καὶ
2882 1436 3079 1503 μηκέτι
3106 1437 3183 1494 εἰς
3211 1435 3376 1502 αὑτὴν
3414 1436 3547 1487 ὑπο-

1972 1517 2226 1585 στρέψας.
2258 1519 2389 1571 Τότε
2420 1519 2661 1584 ἔγνωσαν
2694 1521 2741 1571 οἱ
2773 1519 3048 1586 φιλόσοφοι
3074 1520 3155 1570 ὅτι
3207 1518 3418 1585 ἀληθῶς
3456 1521 3546 1571 ἐν-

1970 1598 2164 1667 άρετον
2192 1600 2303 1666 βίον
2320 1601 2583 1669 κέκτηται
2608 1603 2635 1651 6
2663 1603 2944 1670 ἄνθρωπος
2976 1596 3149 1661 οὗτος.
3167 1601 3277 1652 Καὶ
3307 1600 3547 1653 δεδωκό-

1968 1696 2058 1741 τες
2087 1682 2284 1733 ἐκεῖνοι
2309 1682 2400 1733 τοῦ
2432 1684 2598 1751 ἄρτου
2625 1684 2684 1735 τὸ
2715 1684 2951 1751 τίμημα,
2980 1683 3171 1734 ἔλαϐον
3203 1682 3261 1732 τὸ
3280 1683 3542 1751 νόμισμα.

2052 1763 2251 1816 Ἐλθὼν
2283 1764 2376 1816 οὖν
2405 1768 2433 1818 6
2471 1769 2740 1836 μακάριος
2766 1767 2975 1818 ἐκεῖθεν
3009 1768 3088 1827 είς
3124 1768 3245 1828 τοὺς
3272 1768 3399 1836 περί⁵
3438 1770 3549 1819 Λα-

284 1862 372 1911 γει
408 1848 590 1909 αὑτοῖς
619 1849 646 1898 6
674 1848 846 1915 μέγας
881 1848 1196 1914 Σεραπίων·
1254 1848 1472 1913 Ἐπειδὴ
1506 1849 1807 1917 ἐνήργησεν
1844 1850 1870 1897 ὁ
1903 1860 1945 1915 Β
1974 1847 2264 1916 κεδαίμονα
2293 1850 2512 1911 τόπους,
2539 1850 2769 1918 ἡκουσέν
2792 1866 2913 1900 τινα
2938 1849 3044 1900 τῶν
3067 1849 3298 1917 πρώτων
3322 1850 3419 1916 τῆς
3447 1850 3547 1901 πό-

283 1928 419 1989 Θεός
450 1947 574 1996 μου,
598 1930 691 1982 καὶ
713 1931 867 1997 ὑμεῖς
899 1932 1304 1999 συνηργήσατε,
1326 1932 1418 1982 καί
1440 1928 1617 1998 ἐσώθη
1642 1930 1709 1981 δι’
1737 1929 1870 1998 ἐμοῦ

284 2016 318 2081 ἡ
521 2013 673 2081 ὑμῶν
694 2052 707 2073 ,
746 2013 929 2063 λοιπὸν
967 2016 1106 2064 εἴπω
1139 2014 1265 2081 ὑμῖν
1308 2013 1452 2064 ἆπαν
1483 2014 1543 2063 τὸ
1576 2016 1873 2081 μυστήριον

280 2095 378 2148 τόῦ
410 2098 683 2164 δράματος
709 2111 721 2123 ’

368 2178 507 2245 Ἐγὼ
540 2181 998 2249 κατοικτει.ρήσας
1029 2181 1125 2249 τὴν
1177 2180 1353 2249 ψυχὴν
1405 2180 1559 2248 ὑμῶν
1590 2182 1647 2231 ἐν
1696 2179 1863 2249 πολλῇ

283 2262 459 2332 πλάνη
494 2263 805 2329 διάγουσαν,
864 2264 1147 2334 ἐλεύθερος
1203 2263 1277 2316 ὢν
1316 2264 1579 2332 ἀσκητὴς,
1615 2263 1692 2333 τῷ
1725 2265 1868 2330 γένει

280 2345 600 2412 Αἰγύπτιος,
634 2348 794 2415 χάριν
826 2347 919 2399 τοῦ
957 2347 1195 2414 σωθῆναι
1220 2348 1384 2416 ὑμᾶς,
1420 2348 1677 2414 πέπρακα
1699 2348 1871 2413 ἐμαυ-

284 2429 395 2493 τὸν,
423 2429 508 2481 ἵνα
532 2432 689 2499 ὑμεῖς
718 2430 1119 2499 ἐλευθερωθῆτε
1141 2433 1247 2482 ἀπδ
1274 2432 1521 2499 μεγάλων
1556 2431 1862 2500 ἁμαρτιῶν.

294 2512 514 2581 Ἐπειδὴ
544 2512 597 2563 δὲ
625 2511 783 2564 τοῦτο
814 2513 1114 2580 πεποίηκεν
1144 2516 1170 2565 ὁ
1198 2514 1330 2575 Θεὸς
1362 2514 1449 2565 διά
1480 2514 1577 2579 τῆς
1606 2515 1742 2582 ἐμῆς
1774 2531 1867 2565 τα-

282 2594 615 2656 πεινώσεως,
644 2594 837 2663 χαίρω.
872 2595 1079 2648 Λὰὀετε
1114 2592 1205 2647 οὖν
1233 2596 1385 2663 ὑμῶν
1415 2596 1477 2647 τὸ
1509 2596 1752 2664 χρυσίον,
1781 2596 1866 2646 ἵνα

283 2678 378 2729 καὶ
403 2678 582 2739 ἄλλοις
618 2678 870 2752 ἀπελθὼν
907 2676 1178 2746 βοηθήσω.
1210 2679 1271 2729 Οἱ
1304 2678 1359 2729 δὲ
1386 2680 1729 2747 παρεκάλουν
1771 2681 1867 2730 αὑ-

280 2762 393 2819 τὸν,
427 2760 688 2828 δεόμενοι,
727 2762 819 2812 καὶ
865 2758 1364 2828 διαϐεϐαιούμενοι,
1403 2761 1483 2811 ὃτι
1526 2761 1613 2821 Ὠς
1654 2761 1864 2829 πατέρα

283 2861 344 2895 σε
374 2844 569 2911 ἕξομεν
600 2843 691 2895 τοῦ
740 2842 947 2907 λοιποῦ,
1000 2844 1090 2894 καὶ
1130 2843 1395 2911 δεσπότην
1428 2843 1534 2895 τῶν
1581 2844 1864 2912 ἡμετέρων

279 2927 489 2995 ψυχῶν,
538 2928 698 2995 μόνον
739 2929 919 2995 μεῖνον
953 2926 1070 2993 μεθ’
1100 2927 1278 2993 ἡμῶν.
1311 2929 1424 2979 Οὑκ
1457 2926 1773 2994 ἰσχύσαντες
1807 2925 1863 2978 δὲ

280 3011 446 3063 αὑτὸν
500 3012 703 3071 πεῖσαι,
765 3011 1014 3075 λέγουσιν
1060 3010 1241 3079 αὐτῷ’
1280 3011 1379 3071 Δὸς
1433 3027 1496 3061 συ
1547 3010 1607 3060 τὸ
1640 3010 1862 3078 χρυσίον

282 3095 538 3159 πτωχοῖς,
570 3094 693 3144 ἐπεὶ
727 3094 983 3162 ἀρραϐὼν
1016 3096 1147 3163 ἡμῖν
1169 3094 1384 3157 ἐγένετο
1432 3093 1703 3161 σωτηρίας
1727 3104 1740 3118 ⁸
1774 3092 1861 3143 λέ-

282 3192 368 3240 γει
401 3176 585 3237 αὑτοῖς
611 3190 623 3203 '
656 3175 785 3227 Δότε
809 3175 969 3228 τοῦτο
1003 3177 1160 3245 ὑμεῖς
1181 3191 1193 3205 ⁸
1243 3177 1507 3245 ὑμέτερον
1552 3175 1855 3261 γάρᾼέστιν·
1886 3202 1928 3261 C

281 3258 395 3321 ἐγὼ
425 3258 535 3327 γάρ
592 3258 849 3328 ἀλλότρια
882 3261 1141 3327 χρήματα
1173 3260 1232 3311 οὑ
1287 3259 1582 3327 χαρίζομαι
1610 3259 1855 3325 πένησιν.

297 3340 424 3391 Ἐπὶ
457 3340 668 3402 τούτοις
720 3342 1060 3410 παρεκάλουν
1092 3342 1272 3405 αὑτὸν,
1311 3342 1555 3407 λέγοντες
1577 3356 1589 3368 ·
1628 3338 1745 3390 Κάν
1772 3338 1859 3390 διὰ

280 3424 532 3476 ἐνιαυτοῦ
558 3426 703 3493 ἡμᾶς
732 3426 854 3495 ὅρα.

351 3502 518 3569 Οὗτος
553 3510 580 3559 6
611 3510 755 3571 ὅσιος
778 3508 962 3570 δοῦλος
990 3511 1223 3579 Χριστου
1251 3513 1369 3572 ταῖς
1404 3514 1679 3577 συνεχέσιν
1724 3513 1856 3564 ἀπο-

276 3589 502 3658 δημίαις
530 3592 870 3660 κατήντησέν
904 3610 1033 3645 ποτε
1066 3597 1160 3645 καὶ
1200 3595 1279 3655 εἰς
1319 3598 1415 3663 τὴν
1463 3596 1711 3655 Ἐλλάδα,
1764 3595 1857 3647 καὶ

275 3673 566 3744 διατρίψας
620 3678 770 3745 τρεῖς
816 3678 1027 3747 ἡμέρας
1081 3681 1136 3730 ἐν
1180 3678 1451 3747 Ἀθήναις,
1500 3679 1600 3731 οὑκ
1648 3678 1852 3748 ἠξιώθη

279 3760 431 3827 παρά
457 3755 595 3820 τινός
627 3760 814 3829 ἄρτου,
845 3761 965 3811 οὑδὲ
1000 3761 1179 3829 κέρμα
1225 3761 1541 3823 ἐϐάσταζεν.
1581 3763 1715 3814 Οὐδὲ
1746 3762 1853 3829 γὰρ

275 3836 421 3908 εῖχεν
461 3844 488 3893 ὁ
523 3842 673 3903 άϐιος
715 3836 867 3905 οὗτος
913 3844 973 3893 οὑ
1008 3845 1207 3913 πήραν,
1245 3846 1305 3895 οὑ
1342 3844 1615 3913 μηλωτὴν,
1667 3844 1724 3894 οὑ
1755 3844 1848 3912 ρά-

277 3925 419 3981 ϐδον,
451 3926 555 3977 οὐδ’
592 3928 728 3986 ὅλως
780 3943 830 3977 τι
860 3928 965 3977 τῶν
1007 3926 1279 3990 τοιούτων,
1314 3929 1344 3995 ἢ
1381 3928 1542 3991 μόνον
1571 3928 1630 3979 τὸ
1676 3927 1850 3978 σινδό-

277 4026 407 4070 νιον,
436 4009 463 4059 ὃ
497 4010 903 4078 περιεϐέϐλητο.
960 4011 1236 4079 Τετάρτης
1275 4006 1366 4062 οὖν
1412 4010 1847 4079 ἐπιλαμϐανομέ-

277 4111 373 4159 νης
420 4092 592 4163 τούτῳ
646 4096 878 4163 ἡμέρας,
918 4094 1118 4161 σφόδρα
1169 4096 1475 4159 ἐπείνασεν,
1533 4095 1757 4164 μηδενὸς
1794 4097 1851 4146 ὲν

275 4178 499 4239 ταύταις
548 4178 898 4245 γευσάμενος.
943 4178 1097 4246 Δεινὴ
1124 4179 1228 4246 γάρ
1279 4180 1425 4231 ἐστιν
1452 4179 1701 4239 ἀκούσιος
1754 4197 1849 4246 νη-

278 4264 452 4323 στεία,
486 4260 771 4328 σύμμαχον
804 4260 997 4328 ἔχουσα
1020 4262 1115 4327 τὴν
1142 4261 1417 4314 ἀπιστίαν.
1457 4261 1564 4312 Καὶ
1595 4262 1725 4323 στὰς
1758 4263 1849 4313 ἐπί

274 4361 419 4404 τινος
443 4342 719 4410 γεωλόφου
745 4344 839 4411 τῆς
866 4343 1093 4404 πόλεως,
1124 4342 1248 4394 ἔνθα
1275 4345 1322 4393 οἰ
1350 4346 1406 4395 ἐν
1434 4344 1578 4396 τέλει
1606 4345 1713 4396 τῶν
1735 4346 1851 4395 ἐκεῖ

274 4421 413 4494 ἦσαν
443 4425 935 4495 συναθροιζόμενοι,
962 4426 1163 4495 ἡρξατο
1188 4427 1409 4493 κράζειν
1448 4427 1541 4477 καὶ
1581 4427 1846 4493 ἀποδύρε-

1977 1928 2108 1991 λεως
2170 1932 2465 1999 Μανιχαῖον
2516 1928 2654 1984 εἶναι
2689 1933 2766 2001 τῷ
2824 1932 3071 1999 δόγματι,
3108 1932 3223 1998 ἅμα
3280 1931 3547 1999 παντίτῷ

1973 2012 2104 2080 οἴκῳ
2130 2013 2316 2076 αὑτοῦ,
2344 2014 2595 2083 ἐνάρετον
2611 2014 2779 2083 ἄνδρα
2802 2016 2868 2065 τὰ
2894 2015 3046 2067 ἄλλα.
3069 2007 3239 2076 Οὗτος
3268 2016 3295 2066 6
3321 2014 3543 2084 ἄριστος

1971 2094 2078 2145 τῶν
2109 2096 2354 2164 μοναχῶν
2380 2098 2553 2166 τούτῳ
2584 2098 2743 2149 πάλιν
2775 2099 3056 2167 πέπρακεν
3082 2100 3273 2151 ἐαυτὸν
3310 2100 3449 2150 κατά
3480 2098 3539 2149 τὸ

1972 2178 2186 2246 πρῶτον
2216 2180 2418 2248 δρᾶμα,
2461 2184 2552 2231 καὶ
2580 2181 2727 2243 ἐντὸς
2763 2180 2854 2232 δύο
2878 2182 3012 2232 ἐτῶν
3041 2183 3352 2249 ἀποστήσας
3384 2182 3546 2233 αὑτὸν

1968 2262 2067 2330 τῆς
2096 2262 2379 2332 αἱρέσεως.
2438 2266 2531 2315 καὶ
2560 2263 2657 2333 τὴν
2684 2263 2871 2315 τούτου
2900 2264 3192 2333 ἐλευθέραν
3228 2265 3343 2331 ἃμα
3392 2266 3541 2334 πάσῃ

1969 2347 2032 2412 τῇ
2065 2346 2209 2415 οἰκίᾳ.
2238 2345 2423 2407 αὑτοῦ,
2479 2347 2829 2416 προσήγαγεν
2869 2346 3091 2409 τούτους
3122 2351 3186 2415 τῇ
3222 2348 3540 2419 Ἐκκλησία.

1970 2429 2177 2489 υἴτινες
2232 2429 2417 2481 τοῦτον
2460 2430 2753 2497 ἠγάπησαν
2809 2429 2992 2481 οὐκέτι
3041 2430 3116 2492 ὼς
3146 2431 3387 2497 οἰκέτην,
3423 2431 3538 2482 ἀλλ’

1970 2512 2107 2580 ὑπὲρ
2139 2513 2355 2581 γνήσιον
2394 2513 2620 2579 ἀδελφὸν
2655 2516 2748 2566 καὶ
2782 2514 3011 2580 πατέρα,
3042 2514 3254 2581 ἔχοντες
3284 2516 3445 2566 αὑτὸν
3484 2516 3543 2568 ἐν

1970 2597 2180 2666 μεγάλῃ
2211 2600 2368 2665 τιμῇ,
2402 2598 2494 2648 καὶ
2521 2597 2835 2662 δοξάζοντες
2867 2596 2981 2665 μετ’
3018 2597 3183 2649 αὑτοῦ
3215 2598 3304 2651 τὸν
3332 2599 3484 2652 Θεόν.

2036 2680 2166 2731 Μετ’
2196 2680 2374 2745 ὀλίγον
2403 2680 2562 2731 πάλιν
2592 2682 2780 2749 χρόνον
2805 2680 3193 2748 παρακαλέσας
3227 2681 3397 2733 πολλὰ
3422 2682 3541 2734 τού-

1965 2779 2109 2823 τους,
2143 2763 2237 2813 κα“ι
2264 2764 2621 2832 ἀναχωρήσας
2657 2764 2683 2813 6
2718 2764 3085 2830 πνευματικὸς
3116 2764 3325 2831 ἀδάμας
3362 2766 3535 2834 Σερα-

1967 2844 2124 2909 πίων,
2164 2845 2351 2897 ἐϐαλεν
2380 2846 2567 2898 ἑαυτὸν
2610 2849 2685 2907 εἰς
2740 2848 2941 2908 πλοῖον,
2998 2848 3392 2916 ἀπεμπολήσας
3444 2850 3540 2901 καὶ⁵

1965 2929 2173 2989 τούτοις
2206 2929 2405 2996 ὁμοίως
2430 2931 2539 2988 τοῖς
2574 2929 2857 2988 δεσπόταις
2884 2930 2944 2981 τὸ
2978 2930 3212 2999 τίμημα,
3243 2933 3363 3000 μηδ’
3403 2932 3539 2995 ὅλως

1963 3028 2015 3062 τι
2073 3011 2545 3080 ἐπικομιζόμενος,
2603 3012 2678 3073 ώς
2736 3012 2966 3077 ὀφείλων
3019 3014 3109 3065 ἐπὶ
3158 3014 3255 3081 τὴν
3315 3014 3537 3083 Ῥώμην

1965 3093 2216 3145 πλεῦσαι.
2256 3096 2316 3145 Οἱ
2356 3093 2448 3145 οῦν
2473 3093 2716 3146 ναυτικοὶ
2768 3093 2956 3145 τοῦτον
3018 3095 3215 3155 ἰδόντες
3276 3096 3537 3149 ὑπενόουν

1966 3174 2125 3224 αὑτίν
2161 3173 2301 3240 ἔχειν
2322 3174 2587 3235 δαπάνας,
2613 3175 2706 3225 καὶ
2728 3175 2785 3225 ἐν
2813 3173 2888 3242 τῷ
2914 3173 3086 3242 πλοίῳ
3118 3177 3535 3244 εἰσενηνοχέναι,

1962 3257 1993 3326 ἢ
2028 3260 2118 3309 καὶ
2142 3259 2199 3308 ἐν
2231 3258 2416 3327 χρυσῷ
2449 3257 2744 3327 κεκτῆσθαι
2771 3258 2941 3311 πολλά
2968 3258 3299 3327 ἀναλώματα
3328 3260 3533 3315 τοῦτον,

1961 3342 2050 3390 Διὸ
2079 3341 2170 3390 καὶ
2221 3340 2567 3409 ἀπεριέργως
2596 3341 2756 3392 αὑτὸν
2803 3340 3149 3404 ὑπεδέξαντο,
3184 3342 3341 3403 ἄλλος
3377 3342 3536 3395 ἄλλον

1962 3425 2187 3491 νομίσας
2217 3424 2496 3493 εἰληφέναι
2534 3424 2698 3477 αὑτοῦ
2736 3424 2804 3475 τά
2834 3425 3026 3493 σκεύη.
3062 3425 3149 3477 Ἐν
3178 3425 3253 3493 τῷ
3277 3422 3369 3478 οὖν
3400 3428 3537 3479 ἀπο-

1960 3506 2189 3559 πλεῦσαι
2222 3507 2439 3568 αὑτοὺς,
2468 3508 2560 3559 καὶ
2586 3507 2838 3573 γενέσθαι
2870 3508 2944 3568 ώς
2984 3508 3091 3560 ἀπὸ
3130 3509 3358 3561 σταδίων
3406 3527 3537 3563 πεν-

1960 3591 2225 3643 τακοσίων
2253 3590 2351 3658 τῆς
2394 3591 2821 3658 Ἀλεξανδρείας,
2859 3591 3043 3643 λοιπὸν
3071 3592 3301 3661 ἦρξαντο
3328 3595 3374 3645 οἱ
3414 3595 3536 3646 ἐπι-

1960 3672 2118 3727 ϐάται
2147 3674 2274 3742 περί
2302 3673 2507 3741 δυσμὰς
2536 3674 2685 3742 ἡλίου
2724 3674 2922 3725 ἐσθίειν
2956 3674 3183 3735 ἕκαστος
3205 3714 3219 3737 ,
3272 3676 3378 3727 τῶν
3408 3693 3535 3730 ναυο

1958 3756 2122 3807 τικῶν
2152 3756 2565 3824 προφαγόντων.
2599 3756 2820 3814 Ἰδόντες
2848 3757 2904 3807 δὲ
2934 3757 3095 3808 αὑτὸν
3123 3757 3203 3826 ὅτι
3226 3758 3324 3809 οὑκ
3347 3758 3536 3827 ἤσθιεν

1957 3839 2053 3906 τὴν
2108 3839 2331 3907 πρώτην
2366 3839 2598 3907 ἡμέραν,
2634 3840 3044 3907 προσεδόκησαν
3097 3840 3287 3907 ἀηδίαν
3314 3842 3434 3892 τινά
3470 3845 3535 3894 ἐκ

1956 3922 2047 3974 τοῦ
2092 3922 2251 3985 πλοὸς
2286 3923 2433 3991 αὑτῷ
2476 3923 2982 3991 προσγεγενῆσθαι’
3042 3922 3245 3990 ὁμοίιος
3294 3925 3386 3975 καὶ
3436 3928 3534 3994 τὴν

1955 4005 2209 4073 δευτέραν
2234 4021 2246 4033 ’
2281 4008 2373 4057 καὶ
2398 4005 2555 4057 πάλιν
2594 4006 2691 4075 τὴν
2714 4007 2923 4075 τρίτην.
2946 4000 3064 4057 εἶτα
3096 4005 3189 4057 καὶ
3217 4005 3312 4074 τὴν
3340 4008 3532 4076 τετάρ-

1954 4105 2070 4155 την.
2108 4090 2183 4157 Τῇ
2216 4084 2307 4139 οὖν
2341 4089 2565 4156 πέμπτη
2603 4089 2784 4157 ἡμέρᾳ
2824 4090 3041 4141 πάντων
3085 4088 3373 4140 ἐσθιόντων
3409 4089 3530 4158 βλέ-

1957 4187 2115 4223 πουσι
2150 4173 2311 4223 πάλιν
2340 4172 2529 4224 τοῦτον
2570 4171 2933 4240 καθεζόμενον
2967 4173 3176 4242 ἡσυχῆ·
3215 4174 3308 4225 καὶ
3342 4174 3531 4240 λέγου-

1956 4270 2039 4303 σιν
2071 4254 2219 4321 αὑτῷ
2242 4271 2252 4281 ·
2280 4255 2378 4306 Διά
2407 4258 2458 4305 τί
2480 4255 2577 4305 οὑκ
2596 4255 2816 4319 ἐσθίεις,
2837 4254 3089 4321 ἄνθρωπε
3112 4273 3126 4319 ;
3152 4254 3299 4320 λέγει
3322 4257 3527 4313 αὐτοῖς’

1960 4337 2077 4387 ’Ὁτι
2103 4338 2202 4388 οὑκ
2231 4338 2360 4406 ἐχω.
2380 4337 2736 4398 Ἀκούσαντες
2759 4337 2813 4388 δὲ
2836 4337 2992 4388 τοῦτο
3012 4337 3062 4387 οἱ
3083 4339 3344 4403 ναυτικοὶ,
3372 4355 3530 4407 περι-

1954 4419 2271 4486 ειργάζοντο
2309 4420 2595 4489 ἀλλήλους,
2630 4420 2710 4481 τίς
2759 4419 2924 4470 αὑτοῦ
2960 4419 3067 4488 ἄρα
3110 4420 3301 4472 ἐλαϐεν
3340 4422 3395 4473 ἐν
3445 4421 3527 4489 τῷ

275 4508 400 4561 σθαι
429 4508 548 4561 λίαν
570 4509 708 4577 μετά
738 4510 932 4578 κρότου
957 4508 1173 4576 χειρῶν,
1209 4510 1400 4575 λέγων·
1433 4510 1654 4577 ’Ἄνδρες
1684 4510 1843 4577 Ἀθη·
1874 4526 1926 4585 D
1954 4501 2218 4585 πλοίῳ-τά
2251 4502 2601 4570 ἀναλώματα.
2646 4503 2732 4563 Ὠς
2769 4502 2825 4553 δέ
2855 4496 3009 4569 εὖρον
3055 4502 3137 4553 ὃτι
3180 4503 3354 4585 οὐδεὶς
3386 4503 3526 4571 (οὑδὲ

274 4596 432 4653 ναῖοι,
460 4592 726 4659 βοηθεῖτε.
761 4593 1159 4660 Συνδραμόντες
1190 4593 1246 4643 δὲ
1287 4593 1484 4654 πάντες
1511 4594 1600 4660 ὑφ’
1639 4594 1695 4645 ἓν
1725 4611 1843 4662 τρι-

274 4676 571 4743 ὕωνοφόροι
605 4693 663 4726 τε
718 4676 811 4727 καὶΙ
870 4676 1217 4744 βυρροφόροι,
1278 4676 1525 4741 λέγουσιν
1562 4676 1729 4743 αὑτῷσ
1780 4676 1843 4727 Τί

270 4758 438 4825 ἕχεις,
475 4756 765 4826 ἄνθρωπε;
825 4760 857 4826 ἢ
902 4759 1063 4811 πόθεν
1090 4756 1170 4824 εἰ,
1202 4760 1231 4827 ἢ
1289 4761 1339 4811 τί
1392 4763 1652 4828 πάσχεις;
1685 4760 1843 4825 Λέγει

269 4844 481 4905 αὑτοῖς·
526 4842 667 4907 Ἐγὼ
704 4842 800 4910 μέν
836 4846 949 4911 εἰμι
982 4844 1058 4912 τῷ
1083 4846 1230 4908 γένει
1262 4846 1576 4912 Αἰγύπτιος,
1598 4848 1844 4915 ’μοναχδς

268 4926 325 4977 δὲ
356 4929 421 4993 τῇ
453 4924 719 4994 πολιτεία.
764 4925 878 4992 ’Λφ⁹
908 4922 968 4979 οὗ
994 4926 1051 4978 δὲ
1082 4928 1182 4994 τῆς
1210 4930 1477 4998 σαρκικῆς
1508 4948 1608 4997 μου
1646 4931 1843 4998 πατρί-

269 5010 357 5070 δος
383 5010 650 5078 ἀπέστην,
678 5009 824 5078 τρισὶ
849 5010 1151 5071 δανεισταῖς
1184 5013 1487 5080 περιέπεσα
1508 5029 1520 5041 ’
1549 5014 1641 5065 καὶ
1668 5014 1713 5063 οἰ
1742 5014 1842 5081 μὲν

266 5094 358 5148 δύο
380 5092 515 5160 ὁμοῦ
542 5093 953 5162 ἀπηλλάγησαν,
991 5095 1366 5164 πληρωθέντος
1390 5096 1481 5147 τοῦ
1510 5098 1721 5165 χρέους,
1745 5098 1841 5149 οὑκ

267 5177 480 5244 ἔχοντες
510 5176 537 5227 ὃ
565 5178 899 5242 ἐγκάλεσωσί
923 5196 1010 5245 με.
1042 5177 1097 5229 '0
1120 5180 1175 5229 δὲ
1203 5180 1377 5246 τρίτος
1413 5197 1510 5246 μου
1540 5181 1637 5231 οὑκ
1662 5182 1837 5232 ἀπαλ-

266 5261 537 5324 λλιττεται,
572 5261 664 5310 καὶ
690 5259 789 5311 οὑκ
820 5260 924 5327 ἔχω
958 5261 1078 5311 ὅθεν
1111 5261 1299 5313 τοῦτον
1339 5261 1833 5332 πληροφορήσαιμι.

263 5342 833 5410 Φιλοπραγμονοῦντες
882 5342 937 5393 δὲ
987 5346 1182 5395 ἐκεῖνοι
1232 5344 1357 5405 τοὺς
1410 5344 1710 5408 δανειστὰς,
1750 5348 1835 5399 ἵνα

264 5427 455 5486 αὐτοὺς
504 5425 1010 5494 πληροφορήσωσιν,
1050 5426 1275 5493 ἠρώτων
1321 5428 1501 5489 αὑτὸν,
1554 5430 1833 5495 λέγοντες’

265 5508 370 5561 Ποῦ
428 5509 533 5560 είσι
589 5511 681 5560 καὶ
741 5509 884 5569 τίνες
922 5511 969 5560 οἱ
1019 5511 1346 5579 διοχλοῦντές
1379 5530 1472 5574 σε;
1507 5512 1674 5575 δεῖξον
1708 5515 1836 5581 ἡμῖν

263 5592 483 5653 αὐτοὺς,
545 5592 628 5641 ἵνα
676 5608 757 5642 σοι
814 5590 1189 5661 βοηθήσωμεν.
1248 5596 1378 5645 Τότε
1432 5596 1571 5661 λέγει
1612 5597 1831 5658 αὑτοῖς·

266 5674 530 5741 Ἥχλησέν
565 5691 653 5737 μοι
685 5676 747 5724 ἐκ
778 5675 1027 5742 νεότητος
1060 5676 1415 5745 φιλαργυρία,
1448 5682 1540 5729 καὶ
1578 5682 1829 5747 πορνεία,

266 5761 352 5808 καὶ
380 5746 825 5824 γαστριμαργία·
864 5758 969 5808 τῶν
997 5756 1086 5808 οῦν
1130 5758 1221 5809 δύο
1256 5759 1597 5829 ἀπηλλάγην,
1642 5764 1831 5832 φιλαρ-

892 5875 927 5896 (Ἴ

576 5873 841 5931 ΡΑΤῐιΟι..
890 5875 1001 5932 Gn.
1056 5876 1347 5935 XXXIV.

1952 4584 2059 4651 γάρ
2100 4581 2243 4651 εἶχέν
2278 4586 2351 4651 τι)
2386 4586 2620 4652 ’ἡρξαντο
2664 4585 2827 4636 αὑτοῦ
2854 4585 3214 4652 διαμάχεσθαι
3250 4584 3522 4649 λέγοντες,

1951 4668 2021 4717 Σὺ
2060 4667 2176 4728 πῶς
2216 4667 2461 4735 εἰσῆλθες
2502 4667 2685 4719 ἐνθάδε
2730 4666 2859 4718 ἄνευ
2896 4667 3300 4733 ἀναλωμάτων;
3330 4667 3521 4719 τοσοῦ-

1947 4769 2035 4802 τον
2059 4750 2113 4801 δὲ
2135 4749 2304 4801 πλοῦν
2339 4751 2499 4801 πόθεν
2526 4749 2667 4817 ἔχεις
2703 4748 3121 4817 οίκονομηθῆναι
3143 4788 3156 4810 ,
3200 4748 3294 4799 καὶ
3348 4750 3523 4813 ἄλλως

1947 4836 2078 4902 ἡμῖν
2106 4835 2164 4887 τὸ
2196 4832 2390 4884 ναῦλον
2424 4832 2585 4884 πόθεν
2612 4832 2753 4899 ἔχεις
2783 4832 3066 4901 πληρῶσαι
3092 4848 3105 4895 ;
3151 4830 3207 4882 Ὀ
3229 4832 3283 4882 δὲ
3314 4833 3523 4902 μακρό-

1948 4919 2118 4984 θυμος
2174 4918 2320 4984 λέγει
2348 4918 2559 4977 αὑτοῖςο
2621 4914 2760 4981 Ἐγὼ
2816 4916 3049 4983 πρᾶγμα
3094 4916 3191 4965 οὑκ
3219 4916 3344 4981 ἔχω.
3389 4915 3520 4965 Ἀπ-

1948 5003 2206 5067 ενέγκατέ
2247 5018 2335 5069 με.
2366 5001 2459 5051 καὶ
2484 5000 2673 5069 ῥίψατε
2704 5000 2835 5049 ὅπου
2871 5016 2935 5065 με
2968 4998 3178 5065 εὕρετε.
3214 5000 3275 5049 Οἰ
3306 4998 3361 5048 δέ
3396 5017 3523 5049 ναυ-

1944 5086 2085 5136 τικοὶ
2108 5085 2278 5152 τούτῳ
2308 5083 2524 5149 λέγουσι
2550 5100 2563 5111 '
2605 5082 2779 5142 Χολᾶς
2805 5082 2855 5131 τί
2890 5097 3055 5143 ποτε;
3086 5079 3212 5132 οὔτε
3244 5082 3291 5131 εἰ
3327 5081 3521 5133 ἑκατὸν

1944 5173 2127 5230 ἐδίδως
2183 5168 2432 5237 χρύσινα,
2481 5167 2639 5217 τοῦτο
2687 5164 2980 5228 ἐποιοῦμεν
3034 5164 3224 5233 ἡδέως,
3254 5163 3521 5233 τοσαύτης

1944 5258 2077 5325 ἡμῖν
2126 5253 2211 5305 διά
2268 5250 2361 5303 τοῦ
2400 5250 2532 5301 Θεοῦ
2586 5248 2749 5314 οῦσης
2786 5248 3059 5308 εὐπλοίας.
3102 5248 3387 5315 Ἐχώμεθα
3425 5246 3517 5299 οὑν

1940 5338 2034 5390 τοῦ
2076 5334 2301 5395 σκοποῦ,
2338 5334 2405 5384 τά
2441 5331 2773 5400 προκείμενα
2806 5332 2935 5399 ἡμῖν
2970 5330 3306 5392 ἐξανύοντες.
3328 5330 3516 5392 Οὕτως

1940 5418 2031 5473 οὖν
2073 5417 2137 5490 ἦν
2168 5422 2223 5471 ἐν
2248 5417 2324 5485 τῷ
2361 5414 2525 5483 πλοίῳ
2566 5415 2890 5481 ἀμέριμνος,
2924 5414 3017 5465 καὶ
3065 5414 3111 5464 οἰ
3146 5415 3387 5465 ναυτικοὶ
3428 5415 3518 5466 εὑ-

1944 5505 2180 5574 ρέθησαν
2242 5501 2345 5561 ἓως
2408 5498 2619 5565 Ῥώμης
2673 5497 2986 5565 τρέφοντες.
3034 5496 3299 5548 Εἰσελθὼν
3356 5496 3447 5548 οῦν
3488 5498 3516 5548 6

1939 5588 2180 5657 ἀθλητὴς
2234 5584 2327 5636 τοῦ
2368 5581 2603 5652 Χριστοῦ
2652 5583 2707 5631 ἐν
2760 5580 2945 5649 Ῥώμη
3012 5581 3426 5649 περιειργάζετο
3457 5581 3516 5631 ἐν

1938 5676 2098 5741 agt-ﬁ,
2134 5671 2214 5730 τίς
2256 5670 2364 5736 ἄρα
2419 5668 2563 5717 ἐστίν
2593 5664 2813 5731 ἄριστος
2834 5664 2940 5717 τῶν
2974 5664 3230 5733 ἀσκητῶν
3261 5664 3431 5733 μέγας
3475 5661 3510 5731 ἢ

1938 5762 2031 5812 καὶ
2056 5756 2328 5823 ἀσκὴτρια
2359 5755 2415 5804 εν
2447 5753 2510 5819 τῇ
2542 5751 2712 5804 πόλει.

3159 5863 3237 5922 38
