4258 6360
756 364 887 430 1187

1352 475 1605 529 ΚΕΦΛΛ.
1649 477 1769 528 ΠΝ.

1306 561 1446 628 Περὶ
1476 561 1789 627 Δομνίνου.

835 646 924 699 Ἐν
954 640 1032 707 οἷς
1060 644 1304 713 Δομνίνῳ
1328 645 1437 695 τινὶ
1459 642 1692 713 γενναίῳ
1725 644 1783 693 ἐν
1803 645 1869 709 τῇ
1892 641 2119 708 ἀσκήσει
2155 635 2329 704 ἀνδρὶ,

755 728 969 799 μαθητῇ
1025 726 1332 796 Ὠριγένους
1360 724 1918 794 περιέτυχε,.μεγάλῃ
1969 722 2199 790 ἀσκήσει
2230 736 2330 770 πε-

752 810 1041 878 πονημένῳ
1062 825 1075 839 ·
1110 808 1239 877 περὶ
1275 801 1356 861 ’οὖ
1389 809 1545 876 φήμη
1577 807 1819 875 διέτρεχε
1873 804 2046 856 πολλά
2075 801 2329 869 θαύματα

752 892 1131 959 πεποιηκέναι.
1171 883 1245 943 Οὖ
1278 892 1309 959 ή
1341 890 1495 959 κλίνη
1528 890 1621 942 καὶ
1654 889 1790 959 μετά
1825 890 1915 939 τὸν
1954 888 2181 940 θάνατον
2202 884 2329 936 τού-

752 993 843 1028 του
877 974 1095 1041 ἐλέγετο
1118 974 1308 1035 νόσους
1340 974 1547 1025 ἰᾶσθαι.

1336 1070 1591 1124 ΚΕΦΑΛ.
1631 1070 1755 1122 ΠΕ’.

1041 1154 1180 1225 Περὶ
1215 1154 1325 1222 τῆς
1357 1155 1426 1206 ἐν
1463 1155 1652 1223 Ῥώμῃ
1686 1152 2011 1221 παρθένου.

821 1238 1135 1308 Περιτυχὼν
1163 1235 1254 1292 οὖν
1281 1239 1450 1308 αὐτῷ,
1484 1241 1577 1291 καὶ
1600 1236 1978 1306 οἰκοδομηθεὶς
2008 1237 2139 1305 παρ’
2163 1232 2328 1288 αὑτοῦ

754 1324 913 1393 (ἀνὴρ
944 1323 1053 1391 γὰρ
1103 1318 1171 1391 ἦν
1211 1322 1625 1391 τετορνευμένος
1661 1322 1717 1373 έν
1744 1338 1800 1373 τε
1828 1320 1948 1389 ήθει
1982 1322 2074 1373 καὶ
2105 1318 2329 1385 γνώσει,

753 1408 845 1459 καὶ
872 1406 1016 1473 λόγῳ
1038 1406 1130 1457 καὶ
1168 1406 1287 1474 βίῳ)
1310 1406 1528 1475 ἐρωτῶν
1566 1423 1623 1457 τε
1658 1405 1848 1473 μαθεῖν
1877 1406 2005 1474 παρ’
2051 1403 2215 1456 αὑτοῦ
2246 1402 2329 1464 τίς

751 1491 859 1559 ἄρα
892 1491 974 1560 εῖη
1003 1492 1118 1541 ἐκεῖ
1151 1490 1309 1551 ἄλλος
1339 1491 1583 1559 ἀσκητὴς
1617 1490 1649 1558 ἢ
1676 1490 1949 1555 ἀσκήτρια
1973 1530 1986 1551 ,
2027 1487 2168 1554 ἔγνω
2199 1484 2328 1554 παρ’

751 1572 915 1624 αὑτοῦ
940 1574 1066 1641 περὶ
1101 1572 1478 1641 ήσυχαζούσης
1506 1573 1649 1633 τινὸς
1672 1572 1968 1638 παρθένου,
1994 1571 2067 1632 ὡς
2090 1572 2173 1636 εἴη
2193 1569 2331 1638 αὑτὴ

750 1655 993 1707 εἰκοστὸν
1010 1654 1257 1723 πέμπτον
1288 1656 1494 1720 ἄγουσα
1521 1655 1637 1715 ἔτος
1664 1652 2242 1721 ἐγκατακεκλεισμένη
2273 1654 2330 1703 ἐν

749 1735 913 1805 κέλλη
942 1737 1210 1806 μηδέποτε
1243 1738 1433 1805 μηδενὶ
1484 1738 1942 1805 συντυγχάνουσα.
1983 1736 2184 1788 Μαθὼν
2239 1734 2332 1785 οῦν

2232 357 2584 419 PALLADII

2365 468 2415 526 Α
2445 470 2599 521 ποιῶ·
2629 472 2705 531 εἰς
2738 470 2899 522 τοῦτο
2930 471 3036 538 γὰρ
3059 470 3119 522 τὸ
3151 470 3347 539 μέτρον
3366 471 3464 521 οὐκ
3496 464 3660 538 ἦλθον
3692 470 3903 538 ἀκμὴν,
3931 472 4024 523 εῦ-

3896 358 4030 429 1188

2440 568 2607 621 χομαι
2637 552 2694 604 δὲ
2717 554 2913 605 ἐλθεῖν.
2953 552 3085 605 Τότε
3122 552 3275 620 λέγει
3301 552 3439 620 υιῦτῇ
3474 554 3503 604 6
3543 552 3730 613 δοῦλος
3763 551 3860 604 τοῦ
3886 552 4021 604 Θεοῦ

2437 634 2722 702 Σεραπίων
2748 637 2775 687 6
2793 633 3179 703 ἀπροσπαθής·
3214 633 3387 686 Βλέπε
3414 632 3527 695 οῦν,
3557 635 3782 702 ἀδελφὴ,
3822 635 4026 701 μηκέτι

2440 717 2834 787 μεγαλοφρόνει
2860 718 2952 770 ἐπὶ
2977 719 3177 787 σεαυτῇ
3207 717 3281 779 ὡς
3304 718 3522 771 πάντων
3549 717 3683 769 οὖσα
3719 718 4023 785 ἀγιωτέρα,

2436 801 2531 851 καὶΙ
2570 800 2896 868 καυχωμένη
2944 803 3019 862 ὡς
3055 799 3133 868 τῷ
3174 802 3364 869 κόσμῳ
3401 800 3576 868 τούτῳ
3630 798 3984 851 ἀποθανοῦσα
4008 815 4021 826 ⁸

2434 882 2635 950 ἔμαθες
2657 884 2765 951 γὰρ
2793 884 2875 936 ὅτι
2911 882 3029 951 ζῇς,
3067 884 3161 936 καὶ
3184 882 3368 951 ἀκμὴν
3404 882 3713 952 ἀνθρώποις
3735 884 4018 951 ἀρέσκεις,

2447 963 2587 1031 Ἐγὼ
2618 966 2724 1035 γάρ
2751 983 2842 1019 σου
2867 966 3101 1033 δύναμαι
3128 968 3446 1034 νεκρότερος
3480 962 3640 1027 εἶναι,
3679 967 3827 1033 ἔργῳ
3860 967 4023 1018 δυνά·

2438 1065 2593 1115 μενος
2623 1048 2795 1112 δεῖξαι
2846 1050 2927 1101 ὅτι
2978 1049 3055 1119 τῷ
3084 1050 3275 1118 κόσμῳ
3304 1048 3598 1111 ἀπέθανον,
3644 1049 4020 1117 ἀπροσπαθῶς

2433 1134 2570 1202 ἔχων
2603 1134 2672 1183 τά
2704 1134 2839 1202 πρὸς
2874 1132 3057 1185 αὐτόν.
3118 1132 3587 1201 Ἀνεπαισχύντως
3644 1134 3753 1202 γὰρ
3780 1133 4019 1199 δύναμαι

2436 1217 2531 1269 καὶ
2559 1215 2999 1278 ἀσκανδαλίστως
3022 1214 3180 1267 τοῦτο
3212 1217 3434 1283 ποιῆσαι
3463 1218 3599 1285 ὅπερ
3639 1216 3883 1280 ἐπέταξά
3913 1233 4017 1270 σοι.

2448 1303 2580 1353 Ἀπὸ
2611 1301 2814 1354 τούτων
2848 1301 2956 1353 τῶν
2982 1300 3154 1368 λόγων
3185 1301 3485 1365 παιδεύσας
3520 1302 3691 1371 αὐτὴν
3733 1307 3790 1354 ἐν
3825 1320 4015 1355 ταπει-

2434 1385 2761 1456 νοφροσύνῃ,
2793 1387 2913 1438 τότε
2947 1386 3239 1439 κατέλιπεν
3273 1385 3476 1457 ταύτην
3502 1386 3735 1449 τελείαν,
3763 1389 3858 1439 καὶ
3887 1386 4019 1438 κλά-

2433 1486 2529 1531 σας
2561 1470 2728 1538 αὐτῆς
2757 1468 2819 1520 τὸ
2842 1470 3069 1537 φύσημα
3092 1470 3185 1521 τοῦ
3220 1468 3412 1536 τύφου,
3455 1468 3625 1532 οὓτως
3652 1469 3823 1536 αὐτῆς
3854 1470 3883 1520 6
3915 1486 4022 1538 μα-

2434 1554 2625 1621 κάριος
2676 1552 3041 1621 ἀνεχώρησεν.
3101 1548 3322 1614 Οὗτοςὸ
3359 1552 3469 1620 βίος
3518 1552 3869 1621 Σεραπίωνος
3925 1552 4019 1603 τοῦ

2433 1635 2677 1697 ἀπαθοῦς
2703 1638 2797 1688 καὶ
2826 1638 3126 1703 ἀκροτάτου
3167 1638 3496 1703 ἀκτήμονος.

2506 1718 2683 1769 Πολλά
2712 1719 2767 1771 δὲ
2792 1720 2885 1772 καὶ
2914 1720 3143 1787 λαμπρά
3176 1718 3211 1770 ἃ
3239 1719 3541 1788 πεποίηκεν
3565 1718 3850 1785 θαυμάσια
3878 1719 4019 1786 πρά-

750 1801 921 1887 αύτῆς
944 1801 979 1871 ’ό
1004 1801 1254 1887 ἀοίδιμος
1288 1801 1440 1881 όῦτος
1500 1819 1590 1871 τὸν
1623 1801 1792 1882 οἷκον,
1814 1819 2055 1888 ἀπῆλθεν
2078 1820 2211 1879 ἐκεῖ,
2239 1818 2328 1870 καὶ
2364 1818 2401 1871 Β
2431 1817 2616 1868 Υματα
2649 1804 2677 1853 ὁ
2712 1805 2966 1888 ἐνάρεῖοἶ
3002 1801 3099 1854 τοῦ
3125 1802 3364 1888 δριστοῖδ
3411 1801 3671 1888 ετοφεᾳξτὴς
3801 1803 4016 1888 συντείο

747 1901 895 1969 λέγει
915 1905 977 1970 τῇ
1002 1903 1418 1973 ὑπηρετουμένῃ
1445 1904 1581 1971 αὐτῇ
1610 1904 1790 1972 γραῖδι
1811 1920 1823 1932 ·
1847 1902 2009 1954 Εἰπὸν
2031 1904 2097 1971 τῇ
2125 1900 2331 1968 παρθέ-

750 2002 844 2053 νῳ,
886 1986 967 2035 ὅτι
993 1985 1258 2047 Μονάζων
1289 2001 1371 2047 τις
1398 1987 1706 2052 ἀναγκαίως
1734 2003 1813 2037 σοι
1847 1985 1991 2037 θέλει
2027 1986 2328 2051 συντυχεῖν.

750 2066 979 2117 Δεδώκει
1018 2068 1071 2117 δὲ
1103 2067 1250 2135 αύτῷ
1283 2070 1573 2137 ἀπόκρισιν
1628 2070 1659 2138 ή
1687 2068 1881 2137 γραῦς,
1913 2070 1992 2120 ὅτι
2026 2069 2089 2120 ἐκ
2121 2066 2330 2119 πολλῶν

749 2150 883 2201 ἐτῶν
906 2152 1079 2202 οὐδενὶ
1109 2152 1527 2222 συντετύχηκεν.
1552 2152 1713 2218 Λέγει
1744 2153 1902 2220 αὐτῆ·
1943 2146 2111 2203 Εἶπον
2164 2150 2325 2218 αὐτῇ,

748 2235 830 2286 ὅτι
856 2234 941 2286 ἵνα
969 2251 1046 2286 σοι
1075 2235 1321 2303 συντύχω
1345 2253 1357 2265 ·
1387 2238 1414 2286 6
1436 2236 1567 2298 Θεὸς
1615 2236 1722 2303 γάρ
1751 2252 1813 2302 με
1847 2234 2165 2287 ἀπέστειλεν
2194 2234 2331 2301 πρὸς

751 2315 830 2369 σέ.
866 2314 927 2367 Ἠ
960 2316 1013 2367 δὲ
1044 2319 1161 2368 οὐδὲ
1193 2319 1365 2379 οὔτως
1391 2320 1669 2387 ἠνέσχετο.
1715 2317 2068 2387 ΙΙαραμείνας
2097 2317 2151 2368 δὲ
2182 2318 2329 2386 τρεῖς

747 2398 958 2467 ἡμέρας
986 2402 1049 2469 τῇ
1085 2401 1301 2469 εὐτονίᾳ
1335 2401 1558 2470 ὕστερον
1590 2402 1726 2469 αὐτῇ
1766 2402 2076 2467 συνέτυχεν,
2100 2402 2191 2451 καί
2208 2396 2330 2449 ἰδὼν

748 2483 939 2553 αὐτὴν,
1002 2484 1169 2552 λέγει·
1233 2485 1297 2536 Τί
1362 2483 1571 2554 καθέζῃ
1635 2484 1903 2549 ἐνταῦθας
1951 2482 2328 2553 Ἀποκρίνεται

750 2567 899 2637 αύτῷ
934 2571 1113 2639 ἐκείνη
1152 2570 1417 2636 λέγουσα·
1455 2571 1530 2621 Ού
1584 2569 1909 2638 καθέζομαι,
1962 2569 2096 2621 ἀλλὰ
2138 2568 2326 2620 όδεύω.

750 2653 913 2719 Λέγει
936 2657 1072 2723 αὐτῇ
1099 2656 1323 2717 ἐκεῖνος,
1349 2654 1457 2706 Ποῦ
1488 2654 1688 2714 ὁδεύεις
1717 2670 1729 2718 ;
1758 2654 1919 2720 Λέγει
1964 2652 2110 2720 αὐτῷ
2137 2653 2169 2721 ή
2195 2669 2331 2721 παρ-

751 2735 933 2799 θένος·
974 2738 1116 2807 Πρὸς
1148 2738 1237 2790 τὸν
1264 2738 1395 2791 Θεόν
1434 2756 1556 2809 μου.
1591 2738 1755 2804 Λέγει
1798 2739 1935 2806 αὐτῇ
1968 2738 1995 2788 6
2024 2736 2205 2796 δοῦλος
2235 2736 2328 2789 τοῦ

749 2822 918 2873 Θεοῦ*
974 2824 1098 2891 Ζῇς,
1154 2822 1186 2892 ἢ
1221 2822 1528 2889 ἀπέθανες;
1586 2822 1747 2889 Λέγει
1788 2821 1936 2890 αύτῷ
1983 2821 2165 2891 ἐκείνη
2191 2838 2204 2850 ·
2234 2824 2329 2874 Πι-

751 2904 927 2955 στεύω
950 2906 1026 2963 εἰς
1064 2904 1153 2955 τὸν
1178 2905 1309 2957 Θεόν
1336 2923 1435 2975 μου
1459 2907 1540 2958 ὅτι
1561 2905 1831 2958 ἀπέθανον
1868 2904 1942 2973 τῷ
1966 2904 2177 2972 κόσμῳ.
2216 2904 2332 2957 Ζῶν

751 2986 859 3057 γὰρ
888 2989 953 3056 τῇ
979 2989 1138 3054 σαρκὶ
1166 2987 1226 3039 ού
1262 2989 1335 3057 μὴ
1371 2987 1565 3057 όδεύσῃ
1590 2988 1724 3057 πρὸς
1751 2987 1843 3039 τὸν
1870 2986 2022 3039 Θεόν.
2068 2986 2331 3047 Ἀκούσας

750 3067 1001 3119 δὲταῦτα
1033 3071 1058 3117 6
1087 3072 1352 3139 μακάριος
1380 3071 1685 3140 Σεραπίων,
1718 3069 1865 3137 λέγει
1892 3071 2029 3139 αὐτῇ
2052 3085 2065 3100 ⁶
2099 3068 2328 3131 Οὐκοῦν,

2434 1901 2591 1936 νοντα
2638 1888 2717 1947 είς
2760 1886 3052 1949 ἀπάθειαν,
3119 1886 3278 1939 ἅτινα
3329 1885 3436 1937 ἀπὸ
3472 1886 3685 1938 πολλῶν
3728 1886 3888 1952 ὀλίγα
3923 1903 4018 1952 γε-

2434 1966 2743 2035 γράφαμεν,
2775 1968 2837 2020 τὸ
2878 1968 3117 2039 καθαρὸν
3146 1968 3239 2021 τοῦ
3284 1968 3398 2036 βίου
3427 1968 3617 2020 τούτου
3650 1968 4015 2036 δηλώσαντες.

2433 2046 2602 2113 Οὗτος
2652 2052 2680 2103 6
2733 2052 2998 2112 ἀθάνατος
3050 2052 3274 2116 τελευτᾷ
3304 2052 3452 2117 ἄγων
3497 2052 3595 2119 τῆς
3638 2051 3858 2119 ήλικίας
3898 2052 4017 2115 lto;

2432 2132 2742 2202 ἑξηκοστὸν,
2774 2135 2831 2185 ἐν
2870 2135 3007 2204 αὐτῇ
3042 2138 3104 2205 τῇ
3140 2137 3330 2205 ἐρήμῳ
3354 2136 3568 2203 ταφείς.

2994 2234 3243 2287 ΚΕΦΑΛ.
3310 2236 3446 2299 ΟΕΓ.

2963 2316 3103 2383 Περὶ
3137 2317 3455 2385 Εὺαγρίου.

2502 2398 2583 2451 Τά
2615 2399 2752 2451 κατὰ
2785 2397 3056 2469 Εὖάγριον
3090 2399 3181 2452 τὸν
3204 2401 3445 2469 ἀοίδιμον
3475 2400 3724 2453 διάκονον
3756 2401 3849 2453 τοῦ
3882 2404 4014 2472 Χρι-

2433 2482 2590 2545 στοῦ,
2642 2483 2809 2552 ἀνδρα
2846 2483 3145 2551 βεϐιωκότα
3193 2483 3333 2537 κατά
3368 2486 3493 2547 τοὺς
3526 2486 3859 2549 ἀποστόλους
3886 2526 3898 2547 ,
3955 2489 4016 2539 οὐ

2429 2565 2638 2619 δίκαιον
2683 2567 2989 2636 ήσυχάσαι,
3043 2568 3180 2620 ἀλλά
3219 2568 3392 2621 ταῦτα
3438 2572 3624 2639 γραφῇ
3676 2570 4018 2638 παραδοῦναι

2430 2652 2509 2713 είς
2548 2650 2835 2721 οἰκοδομήν
2881 2650 2990 2703 τῶν
3042 2654 3498 2721 ἐντυγχανόντων,
3550 2656 3645 2706 καὶ
3703 2653 3863 2717 δόξαν
3914 2656 4019 2725 τῆς

2431 2732 2766 2801 ἀγαθότητος
2794 2732 2887 2785 τοῦ
2921 2734 3170 2803 Σωτῆρος
3196 2734 3374 2803 ἡμῶν,
3401 2735 3608 2787 δίκαιον
3637 2738 4017 2805 ἡγησάμενος,

2431 2816 2637 2869 ἀνωθεν
2676 2816 2991 2885 ἐκτίθεμαι,
3040 2818 3156 2879 πῶς
3206 2834 3263 2869 τε
3311 2814 3476 2887 ἦλθεν
3526 2821 3617 2870 ἐπὶ
3669 2823 3761 2871 τὸν
3798 2824 4016 2890 μονήρη

2434 2900 2654 2964 σκοπὸν,
2689 2900 2782 2952 καὶ
2831 2902 2977 2961 ὅπως
3030 2902 3193 2963 ἀξίως
3240 2901 3335 2953 τοῦ
3385 2902 3801 2969 ἐπαγγέλματος
3854 2904 4021 2957 αὑτὸν

2432 2984 2741 3054 ἐξασκήσας
2770 2986 2997 3055 τελευτᾷ
3049 2986 3185 3037 ἐτῶν
3218 2988 3561 3054 πεντήκοντα
3606 2989 3914 3055 τεσσάρων,
3964 2991 4021 3039 ἐν

2430 3071 2497 3137 τῇ
2547 3070 2771 3138 ἐρήμῳ,
2824 3070 2965 3121 κατά
3019 3068 3079 3120 τὸ
3118 3068 3542 3138 γεγραμμένον·
3583 3070 3908 3130 Τελειωθεὶς
3964 3073 4021 3122 ἐν

753 3150 838 3202 ἵνα
874 3168 940 3219 με
974 3153 1396 3223 πληροφορήσῃς
1429 3155 1508 3205 ὅτι
1543 3153 1811 3215 ἀπέθανες
1841 3153 1917 3222 τῷ
1941 3155 2152 3222 κόσμῳ,
2176 3152 2333 3222 ποίη·
2362 3155 2408 3216 C
2439 3152 2603 3222 ὀλίγῳ
2635 3155 2920 3223 ἐπλήρωσε
2950 3154 3174 3221 χρόνους
3216 3151 3479 3220 μακρούς.
3526 3152 3752 3221 Ἀρεστὴ
3790 3154 3902 3220 γὰρ
3930 3154 4021 3205 δν-

754 3250 843 3285 σον
871 3235 898 3285 ὃ
921 3234 1029 3302 ἐγὼ
1055 3237 1213 3290 ποιῶ.
1240 3238 1401 3304 Λέγει
1420 3238 1569 3307 αύτῷ
1597 3238 1797 3306 ἐκείνη·
1818 3236 2027 3288 Δυνατά
2057 3253 2146 3304 μοι
2174 3232 2332 3303 μόνον

748 3311 1021 3383 ἐπίταξον,
1042 3322 1135 3371 καὶ
1166 3319 1321 3373 ποιῶ.
1343 3320 1698 3389 Ἀπεκρίνατο
1723 3321 1855 3389 αὐτῇ
1883 3321 2105 3380 ἐκεῖνος·
2138 3318 2333 3389 Νεκρῴ

748 3401 947 3453 δυνατά
973 3405 1087 3455 ἐστι
1124 3403 1303 3457 πάντα
1326 3403 1402 3473 τῷ
1428 3405 1565 3456 κατά
1592 3404 1674 3468 σὲ,
1704 3404 1973 3473 παρεκτὸς
2001 3402 2095 3455 τοῦ
2131 3403 2331 3472 ἀσεϐῆ-

751 3504 861 3539 σαι.
894 3482 1023 3538 Εἶτα
1053 3486 1198 3552 λέγει
1224 3487 1381 3557 αὐτῇ·
1414 3486 1657 3540 Κάτελθε
1683 3491 1776 3539 καὶ
1803 3487 2049 3555 πρόελθε.
2078 3488 2332 3556 Ἀπεκρί-

749 3586 876 3621 νατο
908 3568 1054 3637 αὐτῷ
1084 3570 1289 3637 ἐκείνη·
1325 3571 1583 3621 Είκοστὸν
1621 3570 1866 3639 πέμπτον
1896 3570 2012 3631 ἔτος
2037 3570 2140 3638 έχω
2173 3570 2333 3637 μηδέ-

749 3670 877 3704 ποτε
901 3651 1258 3722 προελθοῦσα,
1284 3654 1375 3705 καὶ
1400 3653 1484 3703 ἵνα
1512 3653 1562 3704 τί
1584 3654 1821 3722 σήμερον
1855 3653 2131 3720 προέλθω;
2172 3653 2329 3718 Λέγει

748 3735 884 3805 αὐτῇ
915 3737 1118 3798 ἐκεῖνος
1142 3752 1153 3763 ·
1203 3737 1357 3797 Οὐαὶ,
1389 3737 1486 3787 οὐκ
1514 3733 1685 3800 εἶπες,
1723 3737 1802 3787 ὃτι
1845 3735 1984 3802 Ἐγὼ
2014 3736 2090 3804 τῷ
2145 3737 2331 3804 κόσμῳ

746 3820 922 3887 τούτῳ
942 3819 1246 3882 ἀπέθανον;
1272 3819 1432 3888 δῆλον
1469 3820 1686 3883 πάιτως
1716 3821 1796 3872 ὅτι
1838 3822 1930 3872 καὶ
1953 3821 2034 3871 σοὶ
2068 3821 2095 3870 6
2126 3820 2329 3887 κόσμος

747 3902 847 3953 οὐκ
896 3900 1060 3953 εστιν.
1096 3901 1156 3952 Εἰ
1186 3901 1278 3953 οὖν
1306 3901 1462 3953 τοῦτό
1493 3905 1641 3955 ἐστιν
1663 3943 1677 3965 ,
1704 3903 1895 3972 νεκρὸς
1923 3903 2136 3964 οὐδενὸς
2172 3905 2329 3953 ἐπαι-

749 3983 1024 4035 σθάνεται.
1057 3984 1263 4035 Ταυτόν
1300 4001 1380 4036 σοι
1405 3982 1495 4036 οὖν
1527 3987 1671 4036 ἐστιν
1695 3985 1786 4037 καὶ
1814 3984 2095 4053 προελθεῖν
2130 3985 2222 4036 καὶ
2252 3983 2327 4052 μὴ

748 4065 1050 4135 προελθεῖν.
1096 4067 1401 4119 Ἀκούσασα
1439 4068 1496 4119 δὲ
1527 4067 1700 4119 ταῦτα
1734 4069 1766 4134 ὴ
1810 4068 2097 4137 παρθένος,
2128 4068 2327 4138 προῆλ-

750 4147 862 4199 θεν·
896 4151 1035 4218 μετά
1063 4148 1119 4200 δὲ
1150 4151 1206 4201 τὸ
1241 4149 1526 4219 προελθεῖν
1559 4151 1727 4218 αὐτὴν
1756 4150 1879 4214 ἔξω,
1906 4150 2001 4202 καὶ
2021 4149 2195 4201 ἐλθεῖν
2223 4150 2328 4213 ἐως

748 4230 1043 4296 ἐκκλησίας
1096 4232 1264 4297 τινὸς,
1326 4230 1493 4285 ἐλθὼν
1516 4236 1543 4284 6
1569 4234 1837 4303 μακάριος
1874 4227 2030 4302 εὗρεν
2069 4232 2237 4302 αὐτὴν
2272 4235 2328 4285 ἐν

747 4314 813 4379 τῇ
862 4314 1144 4384 ἐκκλησίᾳ,
1192 4317 1285 4367 καὶ
1339 4316 1484 4383 λέγει
1537 4318 1673 4386 αὐτῇ
1702 4335 1715 4347 ·
1744 4316 1803 4366 Εἰ
1836 4317 2003 4376 ὅντως
2047 4316 2219 4375 θέλεις
2250 4332 2327 4366 εε-

748 4395 906 4459 λείως
937 4396 1347 4473 πληροφορῆσαί
1376 4414 1443 4466 με
1469 4399 1551 4450 ὅτι
1573 4399 1860 4460 ἀπέθανες,
1892 4399 1985 4450 καὶ
2022 4398 2202 4449 οὐκέτι
2228 4398 2325 4466 ζῇς

2432 3255 2541 3301 τως
2569 3237 2792 3305 γέγονεν
2815 3240 2847 3306 ή
2878 3238 3021 3305 ψυχὴ
3057 3235 3221 3287 αὑτοῦ
3245 3236 3323 3304 τῷ
3356 3237 3561 3303 Κυρίῳ.
3600 3231 3768 3297 υῦτος
3804 3238 3885 3304 τῷ
3921 3237 4023 3303 μὲν

2435 3324 2580 3390 γένει
2604 3322 2793 3389 γέγονε
2819 3321 3094 3379 Ποντικὸς,
3122 3320 3329 3379 πόλεως
3368 3318 3612 3387 Ἰϐήρων,
3636 3320 3749 3380 υίὸς
3778 3320 4023 3387 πρεσϐυ-

2433 3407 2614 3475 τέρου,
2648 3405 2999 3472 ἀναγνώστης
3025 3403 3321 3471 προαχθεὶς
3354 3404 3502 3470 παρά
3525 3401 3619 3454 τοῦ
3651 3402 3808 3469 ἀγίου
3852 3403 4023 3456 Βασι-

2434 3489 2578 3540 λείου
2606 3488 2699 3541 τοῦ
2732 3489 3032 3540 ἐπισκόπου
3060 3487 3160 3553 τῆς
3196 3486 3521 3555 Ἑκκλησίας
3550 3487 3894 3555 Καισαρείας
3927 3490 4023 3554 τῆς

2434 3573 2571 3642 πρὸς
2610 3574 2670 3624 τὸ
2704 3573 2940 3640 Ἀργεω.
2982 3570 3137 3624 Μετά
3168 3571 3225 3622 δὲ
3274 3570 3371 3637 τὴν
3416 3570 3673 3637 κοίμησιν
3715 3570 3808 3621 τοῦ
3862 3573 4021 3637 ἁγίου

2433 3658 2732 3709 ἐπισκόπου
2750 3656 2940 3708 Βασιλε
2953 3656 3030 3706 ίου
3054 3655 3336 3722 προσέχων
3354 3653 3520 3705 αὐτοῦ
3535 3657 3599 3721 τῇ
3617 3654 4019 3723 ἐπιτηδειότητι

2432 3742 2459 3791 6
2484 3740 2811 3807 σοφώτατος,
2838 3741 2931 3789 καὶ
2952 3737 3326 3797 ἀπαθέστατος
3352 3738 3444 3788 καὶ
3466 3738 3614 3808 πάσῃ
3641 3737 3858 3805 παιδεία
3879 3740 4020 3805 λάμ-

2434 3841 2550 3876 πων
2568 3825 2595 3876 ό
2616 3824 2773 3890 ἅγιος
2794 3823 3093 3891 Γρηγόριος
3118 3823 3144 3873 6
3164 3822 3446 3883 Νυσσαεὺς
3468 3823 3766 3882 ἐπίσκοπος
3785 3822 4021 3887 ἀδελφὸς

2430 3908 2523 3961 τοῦ
2566 3908 2623 3959 ἐν
2660 3909 2793 3975 τιμῇ
2829 3906 2935 3957 τῶν
2965 3906 3279 3958 ἀποστόλων
3312 3905 3594 3956 Βασιλείου
3644 3904 3737 3955 τοῦ
3787 3906 4017 3956 ἐπισκό-

2433 4007 2558 4054 που,
2597 3991 2999 4060 προχειρίζεται
3027 3988 3216 4041 τοῦτον
3265 3989 3533 4042 διάκονον.
3576 3988 3818 4040 Ἐκεῖθεν
3847 3988 4017 4039 ἐλθὼν

2431 4074 2459 4124 6
2492 4073 2644 4139 ἆγιος
2668 4073 2963 4143 Γρηγόριος
2988 4074 3015 4123 6
3039 4073 3354 4135 ἐπίσκοπος,
3390 4074 3446 4123 ἐν
3473 4074 3540 4140 τῇ
3574 4072 3783 4143 μεγάλῃ
3813 4072 4015 4139 συνόδῳ

2430 4158 2495 4226 τῇ
2534 4156 2673 4208 κατά
2716 4156 3311 4216 Κωνσταντινούπολιν,
3366 4155 3769 4221 καταλιμπάνει
3814 4156 4012 4216 αὑτὸν,

2431 4238 2718 4308 Νεκταρίῳ
2751 4237 2827 4307 τῷ
2876 4240 3129 4309 μακαρίῳ
3175 4239 3479 4308 ὲπισκόπῳ,
3516 4238 4013 4291 διαλεκτικώτατον

2433 4323 2559 4375 ὄντα
2589 4324 2731 4376 κατά
2768 4324 2957 4375 πασῶν
2993 4322 3100 4373 τῶν
3146 4323 3430 4389 αἱρέσεων.
3470 4322 3659 4373 Ἤνθει
3693 4321 3826 4387 γοῦν
3857 4322 3915 4373 ἐν
3946 4326 4011 4391 τῇ

2437 4406 2646 4477 μεγάλῃ
2681 4406 2852 4467 πόλει,
2882 4406 3060 4471 λόγοις
3084 4406 3490 4473 νεανιευόμενος
3529 4404 3669 4456 κατά
3712 4405 3894 4473 πάσης
3930 4406 4014 4455 αἱ-

747 4479 1055 4548 ἁνθρώποις
1079 4483 1410 4549 ἀρέσκ>υσση
1446 4482 1671 4551 ποίησον
1698 4482 1725 4533 6
1759 4481 1869 4547 ἐγὼ
1890 4482 2123 4549 δύναμαι
2169 4482 2325 4549 ποιῆ-
2360 4492 2402 4547 ο
2434 4492 2656 4559 ρέσεως,
2713 4489 2919 4559 Συνέϐη
2966 4485 3059 4541 οὖν
3085 4488 3271 4540 τοῦτον
3318 4487 3591 4557 ὑπερδολῇ
3629 4488 3847 4551 τρόπων
3876 4505 4013 4557 χρη-

751 4578 862 4625 σαι,
886 4564 979 4615 καὶ
997 4564 1116 4615 τότε
1137 4564 1573 4634 πληροφορήσεις
1600 4580 1667 4632 με
1691 4565 1769 4616 ὅτι
1796 4564 2010 4632 ἀληθῶς
2032 4564 2110 4630 τῷ
2134 4564 2324 4633 κόσμῳ

747 4644 922 4715 τούτῳ
962 4646 1250 4707 ἀπέθανες.
1314 4649 1419 4699 Καὶ
1450 4649 1481 4716 ή
1533 4646 1798 4716 παρθένος
1828 4647 2032 4711 λοιπὸν,
2059 4646 2120 4698 Τί
2148 4646 2321 4707 θέλεις

748 4731 958 4797 ποιήσω
981 4742 996 4792 ;
1019 4730 1179 4794 Λέγει
1218 4729 1355 4798 αὐτῇ
1385 4731 1622 4790 ἐκεῖνος·
1661 4729 2035 4798 Ἑκδυσαμένη
2062 4730 2234 4781 πάντα
2256 4727 2323 4780 τὰ

750 4810 943 4878 ῖμάτιά
970 4826 1084 4875 σου,
1108 4811 1180 4873 ὡς
1214 4811 1345 4877 ἐγὼ,
1376 4813 1467 4862 ἐπί
1494 4812 1603 4863 τῶν
1641 4812 1805 4880 ῶμων
1833 4829 1925 4863 σου
1964 4811 2072 4875 θές,
2098 4812 2193 4864 καὶ
2232 4828 2323 4862 πε-

750 4895 927 4961 ρίελθε
961 4896 1133 4963 μέσην
1162 4896 1257 4964 τὴν
1279 4896 1601 4965 πόλιν,ἐμοῦ
1623 4897 1919 4965 δυναμένου
1950 4898 2321 4965 ἀναισχύντως

746 4978 1154 5049 προλαμόάνειν
1212 4994 1269 5030 σε
1299 4978 1376 5049 τῷ
1423 4984 1664 5050 σχήματι
1716 4982 1912 5049 τούτῳ.
1954 4980 2115 5047 Λέγει
2173 4981 2319 5049 αὑτῴ

745 5064 930 5132 ἐκείνη
949 5078 961 5091 °
1007 5062 1146 5113 Ἀλλ’
1168 5064 1278 5130 ἐγὼ
1296 5063 1361 5116 ἂν
1392 5064 1546 5116 τοῦτο
1568 5065 1797 5132 ποιήσω,
1830 5062 2165 5125 σκανδαλίζω
2190 5063 2319 5114 πολ-

744 5147 869 5211 λοὺς
899 5147 989 5200 ἐπὶ
1021 5148 1096 5219 τῷ
1123 5150 1355 5221 ἀσχήμῳ
1389 5150 1480 5202 τοῦ
1510 5153 1832 5220 πράγματος
1856 5166 1869 5177 ·
1903 5151 1995 5203 καὶ
2019 5148 2201 5217 έχουσι
2233 5146 2317 5199 λέ-

743 5247 862 5295 γειν
881 5233 1044 5296 τινές,
1062 5233 1144 5285 ὅτι
1164 5232 1387 5302 Ἐξέστη
1408 5235 1500 5286 καὶ
1525 5234 1858 5304 δαιμονιῶσά
1880 5236 2046 5285 ἐστιν.
2062 5232 2320 5303 Ἀποκρί-

742 5330 893 5367 νεται
922 5316 949 5366 6
978 5317 1245 5383 μακάριος
1274 5316 1582 5385 Σεραπίων,
1603 5316 1696 5369 καὶ
1724 5318 1870 5385 λέγει
1899 5318 2033 5386 αὐτῇ
2056 5333 2070 5348 ·
2099 5316 2205 5368 Καί
2235 5332 2315 5368 σοι

742 5399 794 5450 τί
841 5397 993 5467 μέλει
1040 5400 1134 5452 ἐάν
1167 5399 1325 5452 τοῦτο
1360 5402 1623 5466 εῖπωσιν;
1678 5405 1741 5455 σὺ
1770 5402 1877 5472 γάρ
1909 5405 2112 5469 αὐτοῖς,
2136 5404 2210 5465 ὡς
2232 5404 2317 5456 λέ-

742 5496 883 5548 γεις,
919 5484 1209 5546 ἀπέθανες.
1234 5485 1430 5556 Νεκρῷ
1456 5487 1512 5540 δὲ
1536 5486 1787 5539 οὐδέποτε
1823 5488 1971 5556 μέλει
1997 5488 2049 5539 εἴ
2080 5505 2163 5549 τις
2190 5488 2314 5541 τοῦ·

742 5584 832 5619 τον
855 5568 1136 5639 λοιδορεῖῆ
1173 5573 1471 5641 καταγελᾷ·
1514 5573 1838 5642 ἀναίσθητος
1862 5576 1969 5644 γὰρ
2004 5560 2115 5636 τοῖς
2149 5577 2314 5628 πᾶσίν

744 5653 909 5704 ἐστιν.
933 5654 1067 5706 Τότε
1097 5653 1241 5722 λέγει
1278 5656 1425 5725 αύτῷ
1458 5660 1491 5725 ή
1546 5659 1813 5727 παρθένος
1863 5660 2068 5729 ἐκείνη·
2115 5662 2315 5729 Δέομαί

746 5753 861 5801 σου,
890 5739 939 5789 εἴ
971 5755 1019 5788 τι
1068 5739 1194 5791 ἀλλο
1250 5739 1423 5801 θέλεις
1452 5743 1509 5793 ἐν
1560 5746 1625 5812 τῇ
1662 5744 1912 5813 ἀσκήσει,
1940 5745 2191 5798 κέλευσον
2218 5748 2313 5798 καὶ

2434 4573 2689 4641 στότητος
2718 4572 3025 4640 τιμώμενον
3059 4572 3211 4641 παρὰ
3252 4572 3430 4638 πάσης
3467 4570 3566 4637 τῆς
3611 4572 3817 4632 πόλεως
3855 4587 4012 4637 περι-

2433 4660 2674 4726 παγῆναι
2732 4656 2934 4725 εἰδώλῳ
2984 4654 3309 4723 γυναικικῆς
3362 4653 3679 4721 ἐπιθυμίας,
3715 4655 3788 4715 ὡς
3846 4656 4011 4715 αὐτὸς

2430 4741 2562 4809 ήμῖν
2620 4740 2859 4809 διηγεῖτο
2906 4738 3132 4807 ὕστερον
3182 4736 3567 4806 ἐλευθερωθεὶς
3627 4739 3687 4789 τὸ
3749 4737 4007 4804 φρονοῦν.

2442 4822 2775 4892 Ἀντεράσθη
2828 4823 2881 4874 δὲ
2925 4822 3114 4874 τούτου
3149 4821 3309 4871 πάλιν
3358 4820 3419 4872 τὸ
3469 4821 3690 4887 γύναιον
3713 4836 3727 4849 ·
3761 4816 3828 4888 ἦν
3857 4820 3914 4872 δὲ
3950 4822 4009 4872 ἓν

2427 4905 2584 4958 τοῦτο
2612 4906 2720 4957 τῶν
2756 4906 3111 4973 μεγιστάνων.
3158 4904 3216 4955 '0
3240 4903 3294 4955 δέ
3324 4903 3594 4973 Εὑάγριος
3627 4902 3722 4954 καὶ
3749 4903 3839 4953 τὸν
3869 4903 4008 4955 Θεὸν

2428 4988 2785 5056 φοϐούμενος,
2828 4989 2920 5039 καὶ
2949 4988 3010 5038 τὸ
3043 4986 3238 5038 ἐαυτοῦ
3272 4986 3511 5047 συνειδὸς
3542 4985 3879 5053 αἰδούμενος,
3909 4987 4006 5037 καὶ

2427 5072 2534 5140 πρὸ
2573 5072 2867 5140 ὀφθαλμῶν
2894 5072 2954 5123 τὸ
2996 5071 3194 5133 ὄνειδος
3230 5070 3329 5139 τῆς
3354 5067 3740 5137 ἀσχημοσύνης
3774 5067 4004 5135 θέμενος

2426 5156 2519 5207 καὶ
2559 5159 2619 5210 τὸ
2653 5161 2983 5227 χαιρέκακον
3033 5158 3141 5207 τῶν
3185 5154 3467 5223 αἱρέσεων,
3504 5150 3705 5221 ηῦξατο
3742 5151 3832 5202 τὸν
3867 5152 4006 5203 Θεὸν

2429 5244 2708 5306 ἱκετεύσας
2738 5244 3130 5314 ἐμπδισθῆναι
3162 5238 3290 5307 παρ’
3319 5236 3615 5296 αὐτοῦ,τοῦ
3636 5236 4003 5302 προκειμένου

2432 5328 2638 5380 σκώλου
2663 5332 2762 5397 τῆς
2786 5327 3043 5396 γυναικὸς
3070 5322 3421 5393 ἐπικειμένης
3445 5320 3592 5389 αὑτῷ
3625 5321 4005 5389 συμπράττειν

2425 5415 2489 5483 τῇ
2517 5414 2799 5483 ἐπιθυμίᾳ,
2826 5414 2920 5464 καὶ
2949 5410 3230 5478 λυττὼσης
3249 5405 3327 5476 τῷ
3353 5404 3535 5467 πάθει,
3559 5403 3725 5456 θέλων
3742 5422 3801 5457 τε
3830 5404 4005 5471 αὐτῆς

2428 5497 2861 5567 ὑπαναχωρῆσαι
2904 5496 3003 5547 οὐκ
3056 5495 3261 5563 ἴσχυεν,
3304 5491 3521 5558 δεσμοῖς
3568 5489 3665 5558 τῆς
3701 5488 4004 5558 θεραπείας

2427 5582 2593 5648 αὐτῆς
2624 5581 3003 5649 κατεχόμενος.
3044 5578 3177 5631 Μετ’
3209 5578 3270 5629 οὐ
3300 5575 3434 5629 πολὺ
3465 5575 3522 5628 δὲ
3550 5575 3647 5644 τῆς
3688 5573 4003 5643 προσευχῆς

2424 5664 2588 5715 αὑτοῦ
2623 5664 2972 5732 προκοψάσης
3012 5664 3119 5731 πρὸ
3165 5662 3267 5727 τῆς
3294 5660 3388 5713 τοῦ
3430 5662 3752 5727 πράγματος
3799 5655 4001 5723 πείρας

2425 5748 2628 5815 ἐπέστη
2680 5747 2829 5816 αύτῷ
2880 5746 3144 5814 ἀγγελικὴ
3188 5744 3419 5799 ὀπτασία
3451 5746 3508 5795 ἐν
3556 5744 3792 5811 σχήματι
3831 5755 3999 5807 στρα-
