4258 6360
304 394 442 455 1189

802 520 1027 575 CAPUT
1067 520 1345 576 LXXXIV.

731 607 849 661 Vita
889 610 1084 662 abbatis
1121 607 1440 662 Domnionis.

374 693 516 751 Inter
542 711 677 766 quos
705 697 891 751 incidit
923 700 975 751 in
1011 701 1288 765 quemdam
1322 699 1666 752 Domnionem
1686 697 1862 751 fortis-

305 789 500 840 simum
522 796 681 854 atque
704 787 1234 851 abstinentissimum,
1258 788 1497 855 Origenis
1523 786 1859 854 discipulum,

302 891 460 944 quem
483 892 664 929 rumor
690 886 805 932 erat
836 879 999 931 multa
1032 879 1281 931 miracula
1331 877 1592 943 edidisse,
1624 886 1677 930 et
1704 876 1857 944 cujus

304 966 473 1019 lectus
495 969 696 1019 curavit
715 977 942 1035 egrotos
974 974 1089 1033 post
1111 977 1354 1021 mortem.

817 1055 1040 1111 CAPUT
1079 1056 1336 1110 LXXXV.

819 1146 891 1198 De
914 1146 1124 1216 Virgine
1148 1147 1342 1199 silente.

373 1237 503 1292 Cum
534 1252 661 1306 ergo
699 1238 748 1291 in
780 1254 899 1293 eum
940 1239 1245 1303 incidisset,
1289 1248 1343 1291 et
1388 1254 1451 1292 ex
1480 1252 1544 1293 eo
1574 1237 1858 1291 utilitatem

302 1330 596 1395 accepisset
626 1330 762 1396 (erat
785 1330 925 1383 enim
958 1330 1038 1383 vir
1056 1338 1110 1383 et
1140 1331 1375 1384 moribus
1396 1344 1632 1399 ornatus,
1665 1342 1718 1385 et
1740 1348 1861 1386 eru-

301 1419 504 1473 ditione
539 1429 592 1472 et
618 1434 863 1473 sermone
891 1429 943 1473 et
976 1420 1126 1488 vita),
1158 1430 1210 1472 et
1234 1422 1300 1473 ab
1328 1436 1393 1473 eo
1412 1421 1684 1474 didicisset
1710 1422 1857 1488 quis-

302 1524 423 1562 uam
453 1518 622 1563 .esset
657 1510 763 1564 illic
817 1511 947 1563 alius
985 1512 1303 1564 exercitator
1354 1521 1442 1563 aut
1487 1512 1854 1573 cxercitatrix,

302 1600 549 1665 cognovit
580 1613 699 1653 esse
721 1601 1001 1668 quamdam
1035 1601 1290 1667 virginem
1325 1600 1591 1653 silentium
1616 1610 1855 1667 agentem

300 1695 356 1739 et
384 1688 764 1754 quiescentem,
789 1705 906 1755 quze
923 1691 1029 1756 jam
1054 1690 1230 1758 viginti
1254 1691 1483 1757 quinque
1502 1692 1653 1743 anuis
1680 1692 1730 1743 in
1752 1692 1858 1744 cel-

302 1778 350 1828 la
377 1785 485 1828 erat
521 1777 718 1828 inclusa
739 1817 751 1838 ,
786 1788 838 1829 et
867 1793 985 1830 cum
1018 1782 1225 1833 nemine
1254 1796 1484 1847 unquam
1516 1783 1848 1850 colloqueha-

303 1878 403 1918 tur.
438 1867 567 1919 Cum
600 1878 773 1919 autem
822 1869 936 1936 ejus
977 1869 1191 1923 domum
1240 1871 1546 1936 didicisset,
1597 1872 1773 1937 venit,
1805 1888 1857 1928 et
1890 1870 1936 1928 B
1962 1892 2024 1943 ad
2067 1893 2313 1945 υοηίιειίε
2355 1893 2653 1949 servatoris

300 1957 429 2009 dicit
476 1958 665 2011 vetula:
694 1974 811 2026 quae
839 1959 886 2012 ei
919 1961 1234 2014 inserviebat
1263 1977 1276 2011 :
1312 1961 1404 2016 Dic
1431 1962 1619 2031 virgini
1658 1979 1742 2017 me
1769 1981 1854 2019 ne-

300 2063 447 2101 cesse
479 2050 673 2103 habere
718 2065 833 2102 cam
869 2052 1173 2105 convenire.
1212 2054 1359 2106 Anus
1383 2069 1510 2107 vero
1543 2069 1852 2121 responsum

301 2137 525 2190 reddidit
573 2137 711 2190 illam
752 2153 815 2191 ex
849 2141 1025 2194 multis
1054 2142 1204 2193 anuis
1238 2146 1501 2195 neminem
1524 2148 1852 2200 convenisse.

298 2228 428 2282 Tum
458 2229 532 2281 ait
565 2229 637 2282 illi
675 2248 686 2280 :
722 2230 812 2283 Dic
841 2230 887 2283 ei
925 2240 984 2283 ut
1013 2233 1318 2284 conveniam
1348 2232 1512 2297 illam,
1539 2232 1676 2286 Deus
1714 2234 1851 2287 enim

305 2335 389 2373 me
421 2321 579 2375 misit.
614 2322 680 2373 At
712 2321 795 2372 illa
826 2336 891 2375 ne
918 2322 993 2375 sic
1028 2323 1239 2388 quidem
1277 2323 1559 2391 acquievit.
1602 2324 1733 2379 Cum
1760 2342 1852 2379 au-

308 2422 411 2463 tem
455 2411 586 2465 duos
622 2412 704 2464 vel
755 2422 861 2464 tres
900 2412 1017 2465 dies
1059 2413 1455 2476 intermisisset,
1505 2430 1621 2469 eam
1658 2431 1855 2471 conve-

299 2504 374 2555 nit
416 2512 615 2568 p05tea.
668 2502 728 2555 Et
767 2504 813 2555 ei
854 2502 1025 2555 dixit:
1058 2505 1180 2572 quid
1226 2504 1417 2559 sedes?
1450 2507 1519 2558 Ea
1567 2522 1693 2564 vero
1729 2507 1855 2566 dicit

298 2594 431 2661 ipsi:
463 2594 576 2646 Non
628 2595 808 2656 sedeo,
852 2596 942 2646 sed
991 2596 1223 2652 ambulo.
1284 2597 1331 2654 Is
1382 2612 1506 2654 vero
1532 2600 1703 2655 dicit:
1738 2604 1853 2667 Quo

295 2684 567 2736 ambulas?
601 2684 697 2757 Illa
719 2701 842 2738 vera
875 2686 1001 2739 dicit
1035 2705 1047 2739 :
1077 2688 1153 2740 Ad
1181 2690 1363 2742 Deum.
1406 2691 1452 2744 ls
1483 2701 1656 2745 autem
1685 2692 1850 2745 dicit:

298 2773 538 2840 Vivisne,
588 2789 652 2826 an
684 2790 742 2829 es
790 2778 1035 2829 mortua?
1065 2779 1153 2831 Illa
1176 2795 1300 2832 vero
1316 2783 1362 2833 ei
1386 2780 1512 2833 dicit
1546 2800 1558 2834 :
1589 2783 1760 2835 Credo
1801 2784 1852 2837 iu

297 2866 457 2918 Deum
484 2882 567 2919 me
582 2882 702 2922 esse
724 2879 980 2922 mortuam
1008 2872 1232 2925 mundo:
1252 2872 1348 2936 Qui
1366 2875 1507 2925 enim
1532 2889 1690 2928 carne
1703 2876 1851 2941 vivit,

296 2971 397 3007 non
428 2965 601 3022 potest
621 2957 685 3010 ad
724 2957 885 3013 Deum
914 2961 1204 3014 ambulare.
1231 2962 1279 3015 Is
1319 2973 1493 3016 autem
1516 2964 1644 3016 dicit
1665 2965 1712 3017 ei
1739 2980 1752 3014 :
1786 2965 1853 3019 Ut

295 3063 378 3101 me
399 3063 524 3113 ergo
553 3050 832 3102 certiorem
876 3049 1063 3102 reddas
1095 3061 1147 3104 te
1188 3066 1306 3105 esse
1335 3061 1595 3105 mortuam
1630 3054 1849 3119 mundo,

299 3138 381 3190 iac
409 3138 548 3201 quod
579 3138 731 3193 facio.
762 3139 832 3191 Ea
864 3138 939 3192 illi
971 3140 1096 3194 dicit
1123 3158 1136 3193 :
1170 3142 1372 3207 Impera
1418 3143 1544 3196 mihi
1587 3160 1704 3212 quae
1728 3159 1851 3214 pos-

1531 408 1844 464 HISTORIA
1885 409 2219 466 LAIJSIACA

1889 518 2076 585 Aipsa
2102 519 2324 573 ostendo
2352 536 2435 575 me
2486 538 2607 579 esse
2654 536 2918 583 mortuum
2948 531 3165 599 mundo,
3222 544 3342 585 nam
3392 537 3525 590 citra

3392 426 3526 488 H90

1966 608 2122 661 ullam
2153 609 2310 660 animi
2360 614 2803 677 perturbationem
2842 626 2894 671 et
2938 620 3192 686 pudorem
3220 620 3323 673 hoc
3360 621 3514 675 facio.

1964 696 2111 751 Tunc
2132 712 2249 751 cum
2264 713 2378 753 eam
2408 702 2470 755 ad
2490 703 2838 761 humilitatem
2860 709 3190 773 instituisset,
3214 722 3266 765 et
3284 711 3398 779 ejus
3421 716 3522 766 ire-

1963 790 2518 862 gissetarroganliam,
2554 801 2795 852 recessit.

2032 878 2163 933 Sunt
2190 893 2364 934 autem
2398 884 2563 936 multa
2591 902 2799 953 quoque
2829 888 2931 943 alia
2963 904 3151 957 magna
3194 900 3250 945 et
3298 890 3521 945 illustria

1963 968 2094 1022 facta
2125 969 2277 1023 istius
2307 969 2504 1025 Christi
2597 973 2880 1042 doctoris,
2984 977 3182 1035 virtute
3293 982 3521 1052 praediti,

1962 1073 2080 1127 qua:
2127 1059 2394 1128 pertinent
2449 1062 2513 1114 ad
2561 1062 3026 1131 impatihilitatem,
3068 1083 3185 1136 quin
3231 1085 3297 1123 ex
3344 1073 3523 1125 multis

1964 1160 2126 1212 pauca
2155 1148 2346 1201 selecta
2394 1151 2830 1218 perscripsimus,
2885 1166 2936 1207 ut
2968 1171 3030 1209 ex
3064 1160 3127 1210 lis
3170 1160 3368 1227 puritas
3407 1162 3523 1230 ejus

1963 1240 2081 1291 vita:
2105 1242 2394 1307 pateiieret.
2424 1242 2470 1293 ls
2498 1244 2727 1297 decessit
2750 1262 2911 1314 agens
2942 1263 3131 1323 annum
3162 1255 3331 1307 atatis
3362 1268 3517 1307 sexa-

1962 1330 2244 1396 gesimum,
2278 1334 2328 1385 in
2357 1333 2484 1387 locis
2515 1335 2737 1390 desertis
2768 1341 3006 1405 sepultus
3038 1353 3141 1398 est.

2470 1445 2693 1501 CAPUT
2731 1448 3007 1504 LXXXVI.

2226 1529 2299 1583 De
2325 1533 2342 1561 ’
2370 1531 2586 1602 Evagrio
2615 1536 2763 1604 (155)
2791 1538 2969 1591 celebri
3005 1541 3237 1595 diacono.

2034 1618 2106 1671 De
2139 1620 2361 1689 Evagrio
2404 1623 2545 1677 claro
2573 1622 2766 1678 Christi
2796 1627 3035 1693 diacono,
3073 1634 3157 1693 qui
3188 1630 3309 1685 vixit
3354 1634 3517 1688 instar

1960 1712 2338 1777 apostolorum.
2392 1729 2493 1767 non
2534 1724 2614 1769 est
2644 1732 2848 1784 mquum
2886 1728 3088 1781 tacere;
3118 1722 3209 1775 sed
3242 1739 3298 1774 ea
3330 1724 3517 1777 litteris

1964 1804 2210 1853 mandare
2234 1804 2295 1856 ad
2329 1804 2729 1859 aedificationem
2756 1824 2933 1861 eorum
2959 1814 3045 1879 qui
3084 1824 3203 1865 sunt
3242 1816 3444 1871 lecturi.
3468 1824 3518 1868 et

2694 1900 2855 1950 nostri
2902 1900 3117 1965 gloriam
3149 1917 3352 1974 sequam
3384 1904 3518 1962 ιιι-θῇ.

1962 1992 2147 2043 tratus,
2178 1982 2244 2032 ah
2269 1984 2373 2034 alto
2401 1998 2628 2049 expono,
2678 1994 2731 2039 et
2759 1988 3199 2059 qI_teI.t'tadnti3dutu
3227 2000 3425 2052 venerit
3452 2001 3515 2051 ad

1959 2069 2251 2121 institutum
2299 2073 2675 2143 monasticam,
2723 2092 2774 2133 et
2812 2085 3077 2149 quomodo
3114 2102 3230 2139 cum
3276 2103 3332 2141 se
3360 2088 3517 2155 digno

1957 2159 2308 2225 exercui-set,
2337 2168 2557 2220 moritur
2586 2171 2957 2238 quinquaginta
2981 2185 3202 2241 quatuor
3231 2192 3395 2230 annos
3427 2194 3516 2231 ua-

1957 2254 2059 2309 tuS,
2115 2246 2166 2298 in
2209 2253 2489 2309 Solitudine
2524 2257 2674 2324 :qui,
2710 2268 2765 2311 ut
2812 2261 3063 2327 scriptum
3111 2276 3210 2327 est,
3267 2265 3319 2317 In
3369 2265 3515 2321 brevi

1956 2349 2369 2407 consummatus,
2396 2345 2627 2412 implevit
2652 2348 2804 2415 longa
2827 2359 3064 2416 tempora
3088 2353 3240 2422 (Sap.
3271 2358 3366 2421 iv).
3395 2356 3513 2410 Fuit

1956 2436 2095 2490 enim
2127 2453 2309 2518 revera
2333 2440 2447 2508 ejus
2476 2444 2644 2495 anima
2671 2453 2813 2512 grata
2848 2446 3084 2500 Domino.
3110 2447 3153 2500 ls
3176 2464 3367 2518 genere
3390 2450 3508 2517 qui-

1955 2526 2075 2578 dem
2095 2528 2185 2578 fuit
2210 2509 2455 2582 Ponticus
2478 2509 2702 2585 civitatis
2723 2534 2986 2588 lberormu
3005 2509 3337 2607 (l34),vﬁlius
3360 2509 3512 2605 pres-

1956 2615 2158 2683 byteri,
2207 2618 2370 2670 lector
2418 2628 2688 2687 promotus
2737 2638 2766 2675 a
2798 2633 2979 2677 sancto
3029 2625 3220 2679 Basilio
3270 2630 3512 2695 episcopo

1955 2707 2193 2757 ecclesia:
2234 2705 2491 2762 Caesarem
2518 2712 2579 2762 ad
2611 2713 2832 2779 Argeum
2863 2713 3030 2781 (I55).
3084 2714 3207 2768 Post
3234 2716 3510 2771 decessum

1957 2806 2130 2849 autem
2157 2801 2322 2850 sancti
2357 2799 2531 2853 Basilii
2562 2802 2817 2867 episc0pi,
2850 2807 3123 2858 attendens
3163 2808 3276 2872 ejus
3315 2810 3507 2875 aptitu-

1956 2886 2150 2951 dinem,
2201 2890 2657 2955 sapientissimus,
2686 2901 2739 2944 et
2770 2907 2798 2945 a
2830 2896 3312 2960 perturbationibus
3352 2899 3513 2952 animi

1957 2975 2196 3041 alienus,
2240 2987 2294 3029 et
2326 2979 2467 3031 omni
2497 2980 2737 3033 doctrina
2775 2982 2949 3033 clarus
2985 2982 3272 3051 Gregorius
3310 2987 3513 3052 episco-

1958 3078 2055 3127 pus
2085 3062 2352 3130 Nysseuus
2381 3066 2552 3133 (136),
2606 3066 2767 3120 frater
2795 3070 3024 3136 episcopi
3054 3072 3134 3124 cui
3166 3073 3317 3125 datur
3347 3074 3512 3128 honor

1958 3155 2095 3207 inter
2138 3155 2421 3223 apostolos.
2473 3172 2590 3209 eum
2622 3159 2827 3211 ordinat
2869 3161 3169 3216 diaeooum.
3207 3165 3350 3218 Illinc
3396 3180 3513 3221 cum

295 3237 416 3279 sunt
442 3228 575 3291 ﬁeri,
608 3238 659 3282 et
690 3228 897 3283 faciam.
922 3230 969 3283 Is
994 3241 1167 3284 autem
1183 3232 1312 3285 dicit
1338 3231 1382 3286 ei
1407 3251 1421 3289 :
1447 3233 1582 3286 Nihil
1602 3244 1682 3288 est
1711 3234 1847 3301 quod
1880 3227 1923 3288 C
1956 3246 2182 3296 venisset
2211 3259 2419 3297 sanctus
2445 3245 2728 3314 Gregorius
2751 3251 3031 3317 episcopus
3055 3253 3104 3304 in
3119 3268 3357 3321 magnam
3382 3270 3511 3326 syn-

295 3334 399 3370 non
426 3320 592 3383 possit
621 3330 883 3385 mortuus,
917 3322 1113 3391 absque
1144 3339 1207 3377 eo
1233 3324 1371 3392 quod
1404 3341 1505 3377 non
1535 3334 1705 3392 potest
1730 3340 1851 3380 esse

295 3410 505 3476 impius.
535 3410 682 3463 Tunc
714 3410 844 3466 dicit
870 3414 918 3466 ei
952 3430 963 3465 :
1001 3415 1291 3481 Des'ende,
1326 3427 1376 3469 et
1405 3419 1739 3487 progredere.
1779 3421 1848 3472 Ea

296 3515 426 3553 vero
450 3502 761 3565 respondit:
795 3503 909 3556 .Iam
935 3504 1109 3571 agitur
1136 3505 1421 3573 vigesimus
1450 3510 1663 3574 quintus
1683 3525 1853 3563 annus

294 3606 353 3642 ex
379 3606 484 3657 quo
514 3605 616 3643 non
646 3606 758 3643 sum
791 3608 1086 3661 progressa,
1114 3607 1164 3647 et
1192 3611 1284 3648 cur
1302 3599 1645 3665 progrediar?
1674 3600 1729 3651 Ei
1758 3616 1853 3651 au-

297 3690 398 3733 tem
431 3680 558 3732 dicit
586 3696 602 3735 :
636 3680 747 3733 Vah
773 3683 786 3734 ε
813 3698 987 3734 nonne
1034 3692 1087 3735 tu
1110 3683 1309 3750 dixisti,
1335 3694 1542 3738 m0rtua
1565 3701 1683 3739 sum
1734 3688 1849 3740 litic

297 3770 677 3823 mundohmde
693 3780 743 3823 et
770 3772 1102 3824 manifestum
1120 3782 1201 3825 est
1226 3784 1277 3827 et
1302 3776 1555 3828 mundum
1589 3777 1680 3829 tibi
1710 3793 1849 3830 mor-

298 3872 441 3913 tuum
462 3876 601 3915 esse.
636 3862 692 3914 Si
726 3862 825 3915 hoc
867 3863 1079 3929 quidem
1130 3879 1314 3918 verum
1359 3874 1462 3927 est,
1510 3876 1562 3919 et
1614 3877 1852 3921 mortuus

299 3951 427 4002 nihil
456 3952 651 4013 sentit,
698 3950 832 4004 idem
861 3961 942 4004 est
971 3952 1061 4005 tibi
1093 3954 1335 4021 progredi
1364 3964 1415 4007 et
1437 3970 1540 4007 non
1578 3957 1848 4024 progredi;

295 4054 421 4107 ergo
439 4039 779 4107 progredere.
798 4039 885 4093 Illa
905 4056 1030 4094 vero
1052 4056 1323 4110 progressa
1337 4053 1438 4096 est.
1465 4044 1532 4097 Et
1573 4058 1849 4113 postquam

297 4148 572 4201 progressa
598 4133 693 4186 fuit
723 4148 888 4201 usque
915 4134 980 4187 ad
1009 4135 1287 4203 quamdam
1318 4138 1619 4203 ecclesiam,
1648 4141 1694 4193 ci
1725 4141 1851 4194 dicit

300 4228 353 4277 in
384 4226 613 4278 ecclesia
639 4242 651 4275 :
681 4224 734 4277 Si
766 4227 846 4277 vis
877 4240 1005 4293 ergo
1042 4241 1124 4279 ne
1148 4227 1427 4280 certiorem
1467 4229 1688 4282 reddere
1712 4230 1848 4297 quod

296 4329 422 4368 vere
450 4314 521 4366 sis
550 4323 778 4376 mortua,
812 4324 866 4367 et
894 4330 997 4368 non
1028 4313 1253 4383 amplius
1282 4315 1411 4369 vivis
1434 4318 1647 4384 placens
1677 4319 1850 4371 homi-

297 4404 481 4463 nibus,
515 4401 595 4455 fac
617 4403 755 4470 quod
785 4401 937 4468 facio,
975 4411 1029 4456 et
1068 4404 1229 4456 sciam
1265 4413 1313 4457 te
1340 4418 1456 4458 esse
1486 4416 1769 4460 mortuam.
1792 4408 1851 4460 Ei

297 4494 365 4544 ita
406 4507 474 4544 ue
503 4490 626 4544 dicit
654 4509 665 4544 :
694 4492 905 4544 Exuens
935 4493 1070 4545 sicut
1093 4508 1191 4561 ego
1212 4496 1386 4546 omnia
1421 4498 1753 4559 vestimenta,
1790 4513 1849 4551 ea

1956 3334 2113 3385 odum
2180 3334 2835 3403 Constantinopolitanam,
2907 3342 3153 3409 relinquit
3190 3359 3308 3398 eum
3360 3346 3512 3399 beato

1958 3425 2196 3477 Nectario
2219 3426 2485 3492 episcopo,
2507 3443 2625 3479 cum
2654 3439 2792 3482 esset
2817 3431 3049 3485 omnium
3072 3433 3362 3488 disserendi
3388 3438 3513 3489 artis

1956 3504 2327 3582 peritissimus.
2363 3514 2563 3567 Floruit
2593 3533 2718 3583 ergo
2750 3518 2800 3571 in
2837 3535 3018 3587 magna
3049 3522 3286 3590 civitate,
3322 3524 3372 3577 in
3405 3526 3511 3577 dis-

1956 3605 2316 3667 putationibus
2359 3605 2660 3667 juveniliter
2709 3609 2979 3663 exsultans
3009 3612 3257 3666 adversus
3305 3630 3513 3668 omnem

1955 3692 2217 3746 haeresim.
2271 3694 2474 3746 Accidit
2495 3704 2667 3748 autem
2693 3707 2747 3748 ut
2778 3696 2822 3750 is
2844 3699 2930 3765 qui
2958 3711 3169 3768 propter
3194 3718 3395 3756 morum
3426 3705 3509 3758 iu-

1956 3785 2157 3852 sigoem
2186 3784 2471 3837 bonitatem
2497 3787 2891 3841 lionorahatura
2911 3798 3017 3844 tota
3031 3792 3258 3857 civitate,
3283 3795 3512 3863 conlige-

1957 3884 2102 3928 relur
2128 3890 2153 3925 a
2186 3875 2467 3928 simulacro
2495 3877 2765 3930 muliebris
2802 3882 3238 3946 concupiscentia:
3258 3924 3272 3940 .
3315 3894 3372 3937 ut
3400 3885 3513 3953 ipse

1957 3964 2105 4016 nobis
2156 3966 2394 4016 narravit
2422 3978 2624 4031 postea,
2666 3982 2786 4021 cum
2830 3980 2969 4023 esset
2997 3988 3147 4026 mens
3176 3974 3290 4041 ejus
3320 3976 3506 4030 libera.

1958 4054 2087 4105 Eum
2137 4067 2311 4107 autem
2340 4057 2567 4109 vicissim
2593 4062 2784 4111 amavit
2816 4060 3143 4117 muliercula.
3190 4064 3316 4117 Erat
3341 4080 3512 4122 autem

1954 4158 2013 4197 ea
2057 4158 2153 4194 una
2186 4159 2247 4195 ex
2273 4146 2473 4210 primis.
2519 4146 2771 4213 Evagrius
2797 4160 2971 4202 autem
3019 4161 3068 4202 et
3099 4152 3260 4204 Deum
3296 4154 3507 4217 timens,

1954 4242 2007 4285 et
2041 4248 2187 4285 suam
2215 4237 2407 4285 veritus
2429 4236 2827 4297 conscientiam,
2874 4249 2926 4290 et
2957 4240 3152 4292 habens
3182 4250 3303 4295 ante
3325 4244 3512 4299 ooulos

1954 4323 2182 4375 dedecus
2232 4324 2590 4389 turpitudinis,
2643 4337 2695 4378 et
2732 4342 2886 4393 quam
2934 4329 3162 4383 haereses
3210 4332 3277 4384 de
3323 4333 3510 4387 alienis

1956 4412 2105 4465 malis
2128 4414 2431 4478 concipiunt
2468 4414 2724 4479 laetitiam,
2757 4417 2917 4469 Deum
2963 4421 3180 4485 supplex
3228 4424 3427 4488 rogavit
3455 4434 3512 4476 ut

1957 4502 2023 4553 ab
2068 4503 2183 4568 ipso
2223 4502 2571 4567 impediretur
2613 4519 2801 4571 scopas
2830 4521 2982 4569 quem
3023 4507 3121 4560 sibi
3169 4523 3511 4577 pr0posuerat

297 4586 509 4651 impone
534 4584 791 4650 humeris,
826 4596 879 4636 et
909 4585 1074 4637 transi
1106 4584 1331 4638 mediam
1360 4588 1648 4651 civitatem,
1682 4605 1764 4643 me
1797 4591 1849 4643 in
1882 4583 1932 4639 D
1960 4590 2163 4650 mulier,
2189 4604 2306 4655 qua),
2336 4605 2454 4642 eum
2493 4593 2709 4659 urgebat
2754 4595 3058 4661 cupiditate,
3093 4607 3144 4650 et
3173 4602 3285 4666 ejus
3325 4603 3509 4656 insano

300 4675 400 4726 Hoc
418 4675 596 4726 habitu
624 4687 889 4740 praeeunte
921 4676 961 4727 '.
983 4675 1073 4726 Illa
1092 4689 1217 4727 vero
1242 4676 1289 4727 ei
1320 4675 1449 4728 dicit
1474 4693 1487 4727 :
1524 4676 1630 4730 Hac
1657 4694 1716 4731 re
1752 4682 1851 4730 mi-

297 4767 439 4817 nime
471 4765 689 4816 honesta
742 4764 936 4815 multos
976 4763 1260 4826 offendam,
1297 4774 1348 4817 et
1395 4773 1640 4832 poterunt
1676 4766 1851 4820 dicere

298 4869 384 4909 me
411 4861 743 4907 esseemota:
769 4852 957 4904 mentis
982 4865 1033 4905 et
1053 4855 1455 4907 daemoniacam.
1491 4856 1536 4907 ls
1564 4866 1738 4909 autem
1768 4857 1850 4909 di-

295 4945 368 4998 cit
394 4944 444 4996 ei
477 4959 491 4994 :
520 4944 721 5010 thuid
742 4944 829 4994 tibi
853 4954 931 4995 est
959 4957 1119 5005 cum,
1142 4944 1185 4995 si
1215 4944 1445 4996 dixerint
1479 4955 1528 4998 te
1558 4960 1676 4999 esse
1705 4961 1850 4999 emo-

276 5044 363 5087 ta:
393 5032 587 5086 mentis
610 5042 662 5086 et
691 5032 1105 5084 dmmoniacam?
1133 5040 1188 5084 tu
1220 5034 1360 5084 enim
1409 5047 1467 5085 es
1506 5035 1583 5087 eis
1616 5044 1847 5099 mortua;

295 5137 508 5177 mortuo
555 5138 685 5175 vero
717 5138 819 5173 nou
862 5132 943 5173 est
973 5137 1121 5185 cura,
1162 5124 1202 5173 si
1229 5124 1345 5189 quis
1371 5125 1418 5175 ei
1452 5123 1532 5176 vel
1563 5123 1851 5176 detraxerit

295 5216 373 5267 vel
404 5228 523 5265 eum
555 5211 811 5273 irriserit;
839 5209 967 5262 nihil
997 5212 1137 5262 enim
1164 5218 1333 5276 potest
1364 5213 1849 5267 sentire.1‘uncilla

295 5308 341 5359 ei
372 5306 536 5359 dicit:
569 5303 661 5357 Dic
692 5304 735 5355 si
777 5303 900 5369 quid
922 5303 1059 5355 aliud
1093 5305 1243 5367 velis,
1270 5319 1439 5371 neque
1465 5306 1602 5357 enim
1628 5307 1690 5357 ad
1718 5308 1855 5359 hunc

295 5408 464 5460 usque
484 5391 696 5447 modum
726 5406 817 5443 me
852 5392 1057 5443 venisse
1087 5391 1306 5460 glorior.
1336 5394 1481 5445 'I‘unc
1510 5395 1558 5447 ei
1590 5394 1717 5448 dicit
1762 5396 1856 5448 Se-

298 5485 484 5554 rapion
512 5482 852 5550 impassibilis
885 5500 895 5531 :
934 5483 1068 5534 Ecce
1103 5495 1251 5548 ergo,
1277 5498 1341 5535 ne
1364 5484 1590 5549 amplius
1614 5494 1664 5537 te
1690 5487 1856 5551 jactes

298 5586 354 5629 et
385 5576 476 5628 tibi
512 5574 742 5639 placeas,
767 5582 1015 5638 tanquam
1040 5573 1287 5625 omnibus
1315 5573 1476 5640 magis
1508 5574 1589 5638 pia
1620 5583 1673 5627 et
1702 5590 1854 5628 mun-

295 5670 365 5720 do
395 5672 619 5720 mortua.
656 5666 765 5733 Ego
791 5664 931 5717 enim
971 5678 1084 5715 sum
1116 5672 1166 5715 te
1206 5666 1371 5731 magis
1415 5673 1682 5720 mortuus:
1716 5675 1770 5719 et
1800 5683 1855 5721 re

371 5780 385 5809 ³
418 5750 709 5829 Mirandum
742 5775 858 5836 hoc,
895 5786 997 5825 non
1032 5770 1361 5825 imitandum.

1959 4678 2238 4730 tenebatur
2286 4679 2570 4732 desiderio.
2600 4680 2836 4747 Cumque
2862 4685 3019 4736 vellet
3047 4686 3111 4738 ab
3150 4701 3208 4738 ea
3242 4692 3510 4753 recedere,

1958 4782 2061 4819 non
2093 4776 2316 4832 poterat,
2350 4770 2505 4834 utqui
2535 4769 2649 4836 ejus
2679 4770 2918 4837 obsequii
2961 4773 3160 4826 blandis
3183 4776 3511 4831 detineretur

1958 4856 2196 4907 vinculis.
2226 4855 2370 4907 Haud
2405 4858 2568 4909 multo
2593 4870 2707 4924 post
2737 4870 2909 4913 autem
2941 4877 3057 4914 eam
3104 4880 3217 4929 qua?
3243 4869 3513 4932 praecessit

1955 4947 2267 5008 orationem,
2309 4955 2588 5012 antequam
2616 4963 2723 4998 rem
2772 4958 2912 5001 esset
2962 4967 3233 5017 expertus,
3273 4955 3436 5009 astitit
3465 4957 3513 5009 ei

1956 5036 2091 5087 visio
2120 5036 2375 5103 angelica,
2407 5051 2514 5103 prae
2554 5051 2613 5089 se
2651 5037 2823 5090 ferens
2854 5042 3081 5105 speciem
3114 5044 3335 5095 militum
3379 5061 3513 5113 pric-

1958 5124 2098 5185 l'ecti,
2132 5138 2248 5191 quas
2277 5138 2395 5176 eum
2426 5128 2580 5191 rapit,
2626 5134 2680 5178 et
2707 5127 2849 5179 ducit
2879 5140 3120 5196 tauquam
3154 5134 3204 5184 in
3228 5133 3505 5199 judicium,

1960 5224 2014 5267 et
2032 5214 2243 5280 conjicit
2265 5228 2385 5267 eum
2416 5216 2464 5265 in
2493 5230 2607 5267 eam
2637 5230 2751 5282 qua
2776 5218 2969 5270 dicitur
2989 5221 3301 5284 custodiam,
3329 5223 3510 5277 collari

1963 5305 2136 5358 ferreo
2166 5303 2282 5371 ejus
2323 5305 2458 5357 collo
2501 5306 2710 5372 injecto,
2759 5317 2810 5359 et
2845 5317 3031 5361 catena
3082 5306 3250 5364 ferrea
3289 5312 3515 5382 alligatis

1963 5396 2221 5459 manibus,
2256 5396 2320 5448 iis
2353 5395 2599 5449 videlicet
2623 5399 2708 5462 qui
2733 5398 2794 5449 ad
2824 5398 2993 5467 ipsum
3026 5412 3295 5463 venerant,
3318 5407 3365 5455 ei
3388 5418 3512 5455 cau-

1961 5502 2073 5541 sam
2122 5488 2338 5539 minime
2358 5485 2672 5539 dicentibus.
2708 5486 2821 5553 Ipse
2857 5497 3040 5540 autem
3070 5488 3158 5556 qui
3186 5491 3514 5558 pungebatur

1962 5577 2306 5636 conscientia,
2339 5576 2674 5629 existimabat
2699 5592 2757 5630 se
2781 5591 2841 5629 ea
2870 5578 3045 5631 subire
3070 5578 3183 5645 ejus
3212 5582 3397 5647 gratia,
3426 5595 3512 5632 ar-

1966 5670 2165 5721 bitrans
2197 5669 2437 5719 maritum
2471 5668 2707 5721 mulieris
2736 5668 2800 5721 dc
2831 5668 2928 5719 hac
2970 5684 3026 5723 re
3063 5669 3291 5737 judicent
3320 5684 3511 5723 come.

2031 5780 2049 5807 ’
2064 5775 2371 5843 .Urigenista
2402 5774 2485 5827 hic
2512 5774 2629 5829 fuit.
