4258 6360
712 423 842 476 H91

723 545 885 596 uisse.

721 634 884 702 grius,
918 631 1042 683 dum
1070 626 1136 679 de
1158 625 1258 677 alia
1282 633 1437 674 causa
1460 624 1723 685 ageretur,
1754 619 1807 665 et
1833 610 1899 665 de
1926 609 2038 661 aliis
2070 614 2281 673 propter

725 726 827 776 tale
854 722 1054 776 crimen
1106 717 1388 769 haberetur
1426 709 1666 777 quaestio.
1702 705 1825 757 Post
1864 715 2109 767 magnum
2155 710 2282 763 ergo

727 813 873 864 illum
924 812 1198 860 metumet
1238 814 1499 855 summum
1555 794 1715 847 animi
1765 804 2032 858 angorem,
2066 788 2282 853 angelus

726 904 813 970 qui
841 902 906 954 ab
936 899 1081 952 initio
1114 872 1408 962 prtcbuerat
1435 890 1709 951 visionem,
1758 886 1824 937 ita
1860 882 2279 938 transiormatur,

726 1001 784 1044 ut
828 990 1092 1043 videretur
1146 986 1331 1037 adesse
1376 993 1657 1050 germanus
1696 992 1747 1027 et
1801 976 2041 1025 sincerus
2081 971 2283 1021 amicus

730 1082 959 1154 Evagrii,
987 1079 1139 1134 valde
1181 1074 1597 1141 obstupefactus,
1642 1076 1696 1121 et
1727 1065 1931 1118 tristitia
1962 1062 2175 1154 aliectus
2208 1058 2284 1154 .ob

730 1148 926 1227 tantam
950 1168 1273 1223 vinculorum
1312 1163 1601 1224 infamiam,
1644 1166 1696 1211 et
1732 1156 1911 1209 dicens
1937 1155 1984 1206 ei
2011 1153 2185 1204 vincto
2208 1148 2276 1200 in-

732 1273 809 1315 ter
861 1266 1070 1310 catenas
1123 1253 1465 1321 quadraginta
1524 1263 1731 1302 reorum
1766 1245 1913 1297 :Cur
1972 1256 2091 1295 cum
2144 1248 2282 1292 tanta

733 1350 1010 1420 ignominia
1045 1348 1293 1399 detineris
1334 1358 1450 1395 cum
1486 1341 1609 1402 reis,
1645 1338 1856 1391 domine
1906 1333 2165 1387 diacono?
2198 1332 2282 1383 ille

730 1442 778 1493 ei
808 1440 932 1493 dicit
961 1456 971 1490 :
1009 1439 1206 1490 Revera
1240 1434 1448 1502 quidem
1479 1431 1681 1489 nescio;
1735 1426 1972 1492 suspicor
2000 1434 2172 1475 autem
2198 1421 2283 1482 Ν..

732 1532 918 1596 quiest
943 1544 1003 1581 ex
1040 1526 1329 1593 prm‘ectis,
1379 1540 1463 1576 me
1492 1521 1772 1578 detulisse,
1808 1524 2003 1568 motum
2033 1512 2287 1577 zelotypia

731 1621 861 1672 citra
892 1619 1046 1670 ullam
1083 1615 1337 1669 rationein
1364 1630 1376 1675 ;
1411 1623 1462 1664 et
1494 1625 1677 1664 vereor
1708 1622 1771 1659 ne
1802 1606 2135 1670 magistratus
2180 1601 2289 1651 l‘ue-

732 1711 799 1762 rit
819 1709 884 1761 ab
910 1723 974 1759 eo
1015 1714 1293 1770 corruptus
1327 1702 1567 1768 pecunia,
1602 1708 1655 1751 et
1699 1711 1780 1749 me
1826 1694 2055 1747 maximo
2094 1690 2291 1741 alliciat

729 1798 1005 1867 supplicio.
1042 1796 1170 1848 l‘icit
1209 1794 1254 1845 ei
1292 1796 1334 1846 is
1364 1793 1449 1859 qui
1499 1790 1649 1842 amici
1693 1789 1910 1853 figuram
1940 1792 2244 1848 su-eeperat
2275 1797 2287 1831 :

2173 399 2487 459 PALLADII

920 539 1090 593 Animi
1141 536 1317 601 itaque
1342 527 1623 584 admodum
1666 522 1853 576 anxius
1879 518 2112 573 constitit
2143 515 2281 568 Eva-
2314 514 2358 568 Α
2387 510 2517 564 Cum
2550 511 2724 601 itaque
2766 511 2982 566 vixisset
3017 509 3416 601 quatuordeeiiu
3447 509 3611 601 anuis
3640 507 3803 601 inpiis
3836 522 3961 601 quae

3813 377 3960 435 “92

2385 601 2630 654 dicuntur
2658 600 2859 667 Celliis,
2892 602 3201 655 comedebat
3251 599 3463 668 quidem
3494 598 3646 667 panis
3678 599 3870 651 librant
3907 600 3960 650 in

2384 691 2503 754 die;
2562 693 2809 745 trimestri
2858 704 3033 746 autem
3064 702 3297 757 tempore
3341 691 3444 743 olei
3501 688 3816 752 sextarium,
3870 704 3960 740 v-r

2384 781 2472 846 qui
2514 782 2561 832 in
2602 782 2744 834 molli
2785 782 3009 835 delicata
3045 791 3100 835 et
3141 781 3276 832 lauta
3317 780 3421 831 vita
3462 780 3634 833 fuerat
3668 781 3957 832 educatus.

2387 871 2635 925 Faciebat
2659 883 2832 926 autem
2858 888 3067 927 Centum
3098 872 3385 933 orationes,
3414 871 3654 925 scribens
3680 870 3961 921 annuatim

2389 964 2609 1029 pretium
2662 964 2831 1015 solum
2886 979 3068 1016 eorum
3127 978 3243 1030 qua:
3293 961 3638 1023 comedebat;
3683 962 3965 1028 eleganter

2389 1053 2528 1105 enim
2556 1053 2817 1105 scribebat
2864 1053 3093 1106 celerem
3134 1053 3519 1105 characterem.
3558 1050 3687 1104 Cum
3719 1065 3848 1119 ergo
3880 1052 3966 1103 iu-

2390 1152 2466 1195 tra
2495 1143 2789 1209 quindecim
2822 1157 3079 1197 annorum
3121 1149 3347 1211 spatium
3392 1154 3621 1197 mentem
3665 1140 3965 1208 expiasset,

2388 1234 2577 1301 dignus
2607 1244 2689 1287 est
2717 1235 2923 1288 habitus
2949 1236 3089 1287 dono
3132 1235 3451 1302 cognitionis
3496 1244 3548 1286 et
3577 1233 3873 1301 sapienti-.2,
3910 1244 3968 1285 et

2390 1326 2720 1379 discretionis
2762 1327 3061 1393 spirituum.
3108 1326 3153 1378 ls
3190 1326 3491 1392 composuit
3536 1335 3643 1377 tres
3678 1338 3864 1377 sacros
3898 1324 3970 1375 li—

2391 1416 2517 1469 bros
2547 1418 2920 1471 monachorum
2940 1459 2952 1480 ,
2998 1418 3086 1484 qui
3128 1418 3315 1470 dicitur
3337 1417 3712 1488 ‘Avrnip'rirtn,
3745 1414 3846 1467 hoc
3878 1424 3970 1467 est

2392 1504 2836 1567 Contradictoria,
2886 1507 3229 1574 suppeditans
3283 1519 3423 1559 artes
3470 1509 3656 1574 quibus
3699 1504 3764 1558 sit
3810 1514 3968 1557 uten—

2392 1594 2517 1645 dum
2563 1594 2811 1648 adversus
2840 1596 3128 1650 daemones.
3170 1597 3226 1649 Ei
3254 1598 3537 1662 aliquando
3563 1612 3774 1662 gravem
3805 1597 3967 1648 exhi-

2395 1684 2504 1736 buit
2544 1685 2834 1737 molestiam
2876 1686 3085 1739 daamon
3124 1686 3511 1740 fornicatione.
3558 1694 3610 1736 ιιι
3648 1686 3763 1751 ipse
3804 1683 3967 1736 nobis

2397 1776 2653 1837 narravit;
2704 1784 2757 1828 et
2806 1784 2911 1828 tota
2963 1785 3115 1829 nocte
3145 1778 3292 1828 stetit
3344 1776 3391 1827 iu
3446 1787 3599 1839 puteo
3650 1789 3768 1827 cum
3816 1784 3966 1827 esset

729 1860 992 1942 Si'a-udias
1016 1888 1260 1949 amicum,
1303 1883 1393 1937 tibi
1419 1881 1671 1940 consulo;
1706 1893 1809 1930 non
1840 1875 1930 1928 tibi
1958 1873 2167 1939 expedit
2199 1872 2287 1924 de-
2317 1860 2365 1917 Β
2395 1868 2585 1928 hiems,
2630 1867 2764 1919 adeo
2814 1875 2873 1919 ιιι
2908 1866 3021 1934 eius
3059 1880 3246 1920 carues
3286 1866 3405 1933 gelu
3449 1866 3963 1931 constringerentur.

730 1998 855 2050 gere
882 1981 932 2033 in
972 1979 1067 2031 hac
1109 1977 1338 2030 civitate.
1379 1974 1510 2026 Dicit
1536 1973 1581 2025 ei
1615 1970 1865 2036 Evagrius
1895 1986 1904 2019 :
1943 1968 1995 2019 Si
2026 1966 2164 2017 Deus
2206 1979 2288 2015 me

730 2068 1031 2123 liberaverit
1052 2068 1117 2119 ab
1148 2066 1242 2117 hac
1268 2062 1583 2123 calamitate,
1616 2071 1666 2113 et
1690 2074 1772 2111 me
1802 2058 1996 2111 videris
2029 2056 2288 2108 Constan-

734 2160 972 2225 tinopoli,
1005 2159 1139 2209 scias
1168 2170 1248 2227 me
1275 2155 1391 2223 jure
1418 2151 1596 2204 subire
1620 2152 1717 2202 hoc
1737 2146 2071 2213 supplicium,
2101 2154 2152 2195 ct
2174 2158 2290 2195 esse

732 2254 943 2319 iiiguum
972 2249 1074 2301 alio
1106 2246 1324 2315 majore.
1376 2243 1509 2295 Dicit
1556 2242 1600 2293 ei
1633 2240 1833 2292 amicus
1863 2256 1873 2287 :
1905 2236 1958 2287 Si
1996 2236 2061 2286 ita
2112 2235 2288 2293 habet,

732 2343 845 2394 iero
867 2340 929 2391 ad
951 2349 999 2391 te
1027 2346 1262 2391 sanctum
1288 2334 1649 2401 evangelium;
1680 2331 1797 2397 jura
1828 2326 1952 2379 mihi
1986 2328 2033 2376 in
2063 2340 2124 2378 eo
2151 2324 2286 2392 quod

733 2432 950 2485 recedes
974 2433 1039 2483 ab
1069 2430 1166 2482 bac
1193 2431 1404 2482 civitate
1423 2468 1437 2489 ,
1471 2436 1523 2480 et
1546 2436 1647 2477 ture
1692 2425 1881 2476 anima:
1907 2435 2086 2473 curam
2111 2432 2289 2483 geres;

735 2532 788 2573 et
822 2531 869 2573 te
899 2521 949 2573 li!
971 2521 1131 2571 erabo
1170 2518 1235 2571 ab
1272 2517 1366 2570 huc
1399 2518 1731 2569 necessitate.
1785 2510 2039 2577 I‘Zvagrius
2068 2520 2241 2562 autem
2276 2525 2287 2558 :

738 2612 883 2679 Itogo
915 2620 983 2672 te,
1017 2610 1205 2678 inquit,
1234 2609 1423 2673 jnrabo
1455 2617 1507 2658 ut
1550 2606 1810 2666 volueris;
1845 2618 1928 2654 me
1959 2598 2292 2654 solummodo

742 2702 901 2756 libera
928 2702 992 2754 ab
1017 2700 1111 2752 hac
1136 2700 1271 2751 nube
1303 2698 1498 2752 tenebri
1523 2711 1599 2747 sa.
1626 2696 1837 2748 Interim
1868 2702 2039 2743 autem
2063 2690 2109 2741 ei
2142 2686 2292 2739 alicit

731 2802 968 2844 sanctum
992 2789 1343 2855 evangc'inm,
1368 2797 1415 2840 et
1446 2787 1604 2849 exigit
1624 2782 2006 2849 jusjurandum.
2034 2777 2291 2847 Evagrius

731 2889 903 2933 autem
931 2881 977 2932 ei
1009 2881 1142 2943 iurat
1184 2894 1272 2944 per
1302 2876 1632 2942 evangelium
1665 2872 1839 2925 verbis
1868 2871 1943 2923 sic
1970 2867 2238 2933 conceptis
2276 2886 2286 2928 ;

732 2970 847 3024 Non
876 2968 1100 3022 manebo
1132 2968 1213 3019 hic
1259 2976 1445 3033 prmter
1475 2981 1635 3017 unum
1666 2962 1827 3023 diem,
1873 2960 2029 3027 idque
2064 2966 2119 3010 ut
2150 2972 2291 3009 meas

738 3067 916 3113 vestes
948 3059 996 3110 in
1023 3071 1207 3110 navem
1240 3055 1533 3106 inuuittim.
1586 3050 1713 3104 Cum
1744 3061 1917 3103 autem
1952 3049 2293 3115 processisset

732 3147 1113 3218 jusjurandum,
1160 3147 1223 3198 ad
1265 3160 1318 3197 se
1349 3145 1501 3196 rediit
1542 3143 1609 3195 ab
1651 3142 1841 3195 ecstasi
1892 3155 2008 3207 qua:
2050 3140 2098 3191 ei
2135 3148 2290 3189 noctu

2395 1957 2688 2022 Aliquando
2730 1964 2906 2009 autem
2940 1971 3121 2009 rursus
3163 1957 3211 2009 ei
3242 1958 3533 2009 molestiam
3563 1956 3803 2009 exhibuit
3853 1954 3969 2021 spi-

2392 2046 2522 2097 ritus
2577 2045 2945 2112 blasphemiie;
2998 2054 3051 2099 et
3090 2047 3432 2114 quadraginta
3480 2048 3668 2099 diebus
3720 2061 3823 2098 non
3874 2054 3965 2100 est

2392 2143 2586 2187 tectum
2637 2136 2922 2204 ingressus,
2980 2145 3035 2188 ut
3082 2135 3196 2201 ipse
3238 2138 3389 2190 nobis
3435 2137 3686 2200 narravit,
3735 2137 3871 2189 adeo
3904 2148 3961 2190 ut

2391 2238 2582 2292 corpus
2610 2228 2748 2294 ejus,
2788 2241 2890 2279 non
2921 2241 3076 2280 secus
3111 2240 3172 2279 ac
3213 2240 3406 2293 corpus
3442 2226 3671 2279 ferarum
3718 2228 3966 2279 animan-

2393 2316 2546 2379 tium,
2577 2316 2756 2369 ricinis
2782 2326 3007 2370 seateret
3040 2318 3209 2384 (I57).
3247 2316 3303 2368 Ei
3334 2325 3441 2368 tres
3470 2326 3830 2382 apparueiunt
3855 2318 3966 2369 the.

2397 2418 2581 2457 manes
2612 2405 2661 2457 in
2693 2406 2871 2459 habitu
2916 2406 3262 2469 clericorum,
3305 2406 3372 2459 de
3402 2407 3502 2459 lide
3538 2423 3657 2459 cum
3694 2422 3757 2459 eo
3789 2407 3967 2474 inqui-

2395 2504 2599 2554 rentes;
2633 2505 2687 2547 et
2720 2510 2851 2547 unus
2876 2495 3085 2562 quidem
3118 2495 3328 2549 diccbat
3367 2511 3488 2550 eum
3519 2510 3637 2550 esse
3670 2500 3960 2562 Arianuui,

2394 2587 2529 2639 alter
2584 2602 2708 2640 vero
2764 2588 3170 2652 Eunomianum,
3224 2589 3415 2642 tertius
3462 2601 3635 2643 autem
3689 2592 3968 2655 Apollina-

2397 2675 2611 2741 ristam,
2644 2687 2698 2731 et
2753 2693 2844 2731 eos
2887 2678 3068 2744 paucis
3117 2679 3389 2745 superavit
3429 2681 3615 2743 spiritu
3665 2682 3965 2747 sapientizc.

2399 2765 2596 2819 liursus
2643 2782 2762 2819 eum
2807 2769 3036 2834 quodam
3071 2767 3158 2821 die
3200 2771 3441 2833 periisset
3488 2769 3652 2822 clavis
3696 2771 3965 2834 ecclesiae,

2396 2870 2512 2908 sera
2536 2872 2692 2910 cruce
2717 2858 2938 2924 signata,
2966 2872 3125 2910 manu
3151 2858 3368 2909 trudens
3396 2873 3511 2911 eam
3543 2862 3767 2924 aperuit,
3803 2858 3963 2910 Chri—

2396 2963 2478 3000 sto
2510 2952 2770 3003 invocato.
2825 2950 2868 3002 Is
2902 2965 2930 3001 a
2959 2951 3289 3003 daemonibus
3318 2952 3462 3005 adeo
3508 2950 3603 3003 fuit
3642 2951 3966 3016 ﬂagellatus,

2397 3051 2448 3092 et
2489 3038 2754 3092 variorum
2794 3040 3089 3094 daemonum
3135 3052 3332 3097 tantam
3385 3044 3511 3095 fecit
3552 3044 3968 3108 experientiam,

2398 3138 2455 3179 ut
2478 3128 2510 3178 ii
2543 3142 2646 3180 uou
2678 3128 2887 3195 possint
2923 3128 3079 3183 facile
3107 3133 3426 3183 enumerari.
3463 3131 3562 3185 Uni
3585 3146 3650 3184 ex
3684 3131 3971 3197 discipulis

731 3206 999 3291 evenerat.
1029 3235 1263 3303 Cumque
1309 3234 1641 3298 surrexisset,
1692 3230 1939 3298 cogitavit
1973 3247 1985 3281 :
2024 3230 2131 3281 Etsi
2167 3230 2290 3280 mibi
2317 3206 2364 3268 Ο
2397 3218 2525 3282 δαῖε.
2556 3234 2672 3286 quae
2705 3231 2815 3286 P08!
2860 3220 3043 3273 decem
3086 3230 3137 3273 et
3178 3232 3299 3274 octo
3328 3238 3495 3275 annos
3525 3233 3677 3275 erant
3707 3232 3965 3276 eventura

735 3328 1026 3383 luit'datum
1050 3326 1419 3394 jusjurandum
1453 3324 1501 3377 in
1522 3324 1736 3385 ecstasi,
1764 3322 1935 3389 juravi
1962 3332 2154 3373 tamen.
2178 3325 2293 3371 (lm-

738 3420 892 3473 nibus
911 3433 1036 3488 ergo
1063 3433 1180 3485 quae
1207 3417 1430 3469 habebat
1466 3417 1515 3467 in
1558 3429 1690 3466 nave
1719 3411 1992 3480 roujeCIis,
2034 3411 2179 3462 venit
2210 3409 2290 3461 Je-

735 3510 1018 3578 rosolyma,
1055 3518 1106 3563 et
1137 3508 1242 3562 illic
1272 3507 1530 3574 excipitur
1550 3522 1577 3557 a
1607 3505 1756 3559 beata
1784 3502 2002 3556 Melania
2036 3500 2293 3553 Romana.

736 3601 937 3655 Rursus
974 3615 1094 3653 cum
1133 3599 1370 3652 diabolus
1414 3598 1529 3665 ejus
1582 3611 1677 3650 cor
1722 3605 1968 3662 tanquam
2014 3592 2297 3644 Pharaonis

739 3696 1053 3757 iudurasset,
1081 3699 1261 3761 utpote
1306 3689 1653 3744 adolescentis
1686 3697 1738 3741 et
1772 3694 1929 3739 aetate
1957 3683 2291 3742 luxuriantis,

736 3798 856 3837 eum
881 3797 1060 3837 rursus
1086 3782 1303 3836 incessit
1327 3780 1600 3842 dubitat'o,
1632 3786 1685 3829 et
1711 3777 1871 3828 animi
1905 3773 2001 3826 fuit
2027 3774 2293 3838 ancipitis,

738 3891 855 3927 cum
895 3883 1069 3927 tamen
1107 3872 1301 3926 nemini
1336 3871 1618 3939 quidquam
1658 3868 1901 3921 dixisset.
1939 3866 2054 3930 Quo
2103 3866 2317 3918 factum

738 3976 819 4019 est
846 3973 903 4017 ut
946 3971 1000 4016 et
1030 3972 1201 4016 vestes
1252 3976 1431 4013 rursus
1476 3968 1719 4019 mutaret,
1753 3968 1799 4010 et
1836 3956 1886 4008 in
1932 3955 2223 4007 differendo
2249 3955 2296 4008 ei

741 4069 1012 4111 veternum
1038 4054 1250 4107 alTeiret
1277 4067 1406 4104 vana
1430 4050 1594 4118 gloria
1626 4066 1639 4101 :
1668 4049 1758 4101 sed
1795 4048 1932 4098 Deus
1961 4047 2046 4112 qui
2082 4046 2300 4111 impedit

743 4150 978 4201 omnium
1004 4157 1239 4199 nosuum
1270 4143 1560 4204 interitum,
1592 4140 1638 4191 ei
1666 4153 1845 4190 rur-us
1871 4136 2044 4188 attulit
2070 4135 2295 4187 calami-

745 4250 928 4299 tatem,
953 4249 1135 4288 rursus
1165 4236 1211 4284 in
1230 4232 1428 4286 febrem
1455 4229 1761 4297 conjiciens,
1790 4238 1841 4279 et
1872 4226 2061 4279 deinde
2092 4226 2141 4277 in
2174 4225 2298 4277 lon-

739 4344 860 4395 gum
887 4325 1126 4379 morbum
1153 4363 1165 4385 ,
1197 4332 1429 4388 tempore
1471 4320 1710 4371 semestri
1742 4318 1853 4380 ejus
1880 4330 2094 4369 carnem
2128 4330 2300 4369 inacc-

742 4431 887 4479 rans,
932 4429 1049 4484 qua:
1087 4413 1133 4465 ci
1172 4412 1421 4464 allerebat
1462 4409 1887 4475 impedimentum
1937 4406 1998 4458 ad
2028 4408 2296 4466 virtutem,

744 4508 958 4561 medicis
990 4504 1370 4561 dubitantibus,
1424 4511 1476 4553 et
1524 4517 1626 4552 non
1661 4499 2049 4551 invenientibus
2083 4498 2293 4550 modum

2399 3308 2468 3368 ei,
2495 3308 2646 3373 dixit,
2689 3310 2864 3362 omnia
2894 3310 2939 3363 ei
2972 3312 3259 3377 prmdicens
3303 3312 3352 3364 in
3389 3313 3588 3378 specie.
3621 3313 3839 3365 Dicebat
3871 3329 3967 3366 au-

2402 3406 2503 3449 tem
2537 3398 2620 3451 hic
2647 3397 2833 3452 beatus
2860 3418 2869 3450 :
2899 3400 2973 3453 Ex
3004 3416 3107 3466 quo
3132 3402 3245 3453 veni
3279 3404 3328 3453 in
3354 3402 3713 3465 solitudinem,
3746 3420 3848 3456 non
3882 3417 3966 3457 te-

2400 3488 2489 3552 tigi
2514 3486 2788 3551 lactucam,
2824 3504 2927 3541 non
2957 3492 3215 3541 minutum
3244 3491 3383 3553 olus,
3416 3506 3520 3543 non
3550 3491 3743 3558 aliquid
3772 3493 3965 3555 viride,

2400 3593 2503 3629 nun
2535 3576 2783 3647 fructum,
2816 3592 2918 3630 non
2938 3594 3111 3641 uvam,
3146 3594 3249 3631 non
3279 3580 3567 3645 lavacrum,
3599 3598 3700 3632 non
3722 3596 3963 3646 carnem,

2402 3683 2505 3720 non
2535 3684 2744 3735 panem,
2777 3684 2881 3723 non
2914 3670 3111 3733 vinum,
3149 3686 3317 3739 neque
3343 3673 3559 3724 omnfno
3588 3674 3781 3737 aliquid
3812 3689 3879 3725 ex
3904 3676 3966 3727 iis

2400 3778 2516 3830 quae
2572 3778 2663 3830 per
2711 3764 2882 3833 ignem
2939 3773 3228 3829 transeunt,
3282 3778 3472 3832 prater
3526 3768 3765 3831 quaedam
3818 3767 3964 3819 olera

2400 3854 2584 3918 cruda,
2632 3864 2684 3907 et
2716 3854 2977 3906 modicum
3019 3869 3188 3921 aqua}.
3235 3854 3421 3908 Postea
3458 3865 3634 3907 autem
3677 3867 3830 3907 sexto
3870 3858 3966 3909 de-

2400 3946 2539 4000 cimo
2568 3960 2707 3997 anno
2736 3944 2962 3997 instituti
2989 3945 3108 3997 vita:
3137 3958 3245 3997 suae
3275 3953 3406 3997 acta:
3428 3944 3623 4012 absque
3648 3945 3967 3999 decoctimie

2403 4036 2556 4105 ignis,
2604 4050 2722 4087 cum
2754 4050 2904 4099 caro,
2950 4047 3163 4102 propter
3194 4035 3608 4087 imbecillitatem
3647 4036 3889 4102 corporis
3917 4047 3968 4089 et

2402 4126 2682 4187 stomachi,
2727 4140 2860 4191 opus
2889 4126 3107 4178 haberet
3132 4134 3188 4177 ut
3215 4124 3409 4192 aliquid
3436 4134 3672 4177 sumeret
3699 4124 3839 4191 quod
3874 4139 3967 4191 per

2404 4218 2575 4282 ignem
2606 4215 2918 4277 transiisset,
2955 4231 3141 4282 panem
3175 4216 3383 4277 quidem
3412 4216 3599 4282 tetigit,
3635 4230 3965 4283 nequaquam

2402 4316 2575 4357 autem
2627 4306 2850 4368 sumpsit
2893 4316 3039 4357 cocta
3082 4306 3260 4368 olera;
3314 4311 3404 4357 sed
3450 4305 3527 4357 vel
3576 4310 3855 4369 ptisanam,
3882 4307 3963 4357 vel

2406 4396 2663 4461 legumina
2696 4395 2828 4446 duos
2858 4408 3043 4446 annos.
3081 4394 3132 4447 In
3168 4394 3247 4447 bis
3287 4408 3479 4461 corpus
3507 4396 3853 4450 consumebat
3880 4395 3965 4447 hic

2404 4483 2608 4545 beatus,
2648 4483 2913 4535 vivificans
2968 4484 3197 4535 animant
3239 4493 3424 4536 sancto
3473 4484 3694 4549 Spiritu,
3738 4485 3792 4537 in
3839 4485 3967 4553 Epi-

741 4595 1045 4649 curationis.
1079 4593 1211 4645 Dicit
1237 4606 1359 4657 ergo
1389 4592 1435 4643 ei
1469 4591 1619 4642 beata
1651 4589 1959 4641 Melanium:
1988 4587 2101 4640 Non
2131 4588 2301 4651 placet
2330 4579 2383 4637 D
2409 4573 2612 4641 phaniis
2645 4576 2695 4626 in
2727 4574 2947 4627 ecclesia
2979 4573 3395 4625 cnmmuuicans.
3446 4573 3605 4626 Nobis
3645 4586 3818 4627 autem
3850 4590 3970 4629 nar-

742 4686 892 4748 mihi,
919 4684 1011 4746 ﬁli,
1038 4684 1252 4735 morbus
1278 4690 1395 4733 tuus
1423 4679 1736 4738 diuturnus;
1762 4677 1845 4730 dic
1866 4692 1993 4745 ergo
2018 4677 2143 4729 mihi
2173 4693 2292 4744 qua:

747 4780 910 4831 habes
935 4775 984 4826 in
1008 4776 1205 4834 animo,
1233 4786 1335 4823 non
1359 4778 1437 4821 est
1459 4769 1594 4819 enim
1625 4782 1781 4820 verus
1807 4768 1888 4819 hic
1914 4776 2030 4818 tuus
2061 4767 2296 4820 morbus.

742 4871 1026 4921 Ceii'essus
1053 4872 1134 4915 est
1160 4876 1285 4929 ergo
1310 4860 1357 4911 ei
1380 4873 1488 4911 rem
1516 4872 1629 4923 qua:
1651 4857 1747 4908 sibi
1772 4863 2021 4908 evenerat
2046 4856 2301 4907 Constan-

744 4945 980 5024 tinopoli.
1064 4952 1198 5007 Dicit
1288 4953 1336 5007 ei
1438 4949 1591 5002 beata
1636 4960 1647 4995 :
1695 4946 1953 4998 Promitte
1996 4945 2120 4997 mibi
2172 4957 2303 4997 teste

744 5048 990 5109 Domino,
1018 5055 1067 5095 te
1096 5044 1212 5094 vita:
1243 5040 1545 5092 monastica:
1571 5051 1785 5103 scopum
1814 5051 1932 5088 esse
1970 5045 2299 5099 secuturum,

742 5150 792 5188 et
814 5137 1052 5204 egolicet
1076 5116 1363 5200 peccatrix,
1394 5128 1558 5179 orabo
1580 5126 1763 5189 Deum,
1794 5133 1847 5177 ut
1873 5124 2027 5177 detur
2058 5125 2148 5178 tibi
2176 5136 2305 5177 tem-

747 5241 841 5291 pus
869 5233 1218 5282 commeatus,
1265 5228 1317 5273 et
1348 5218 1465 5270 vita:
1490 5215 1765 5269 terminus.
1820 5215 1865 5268 Is
1904 5224 2075 5268 autem
2112 5226 2195 5268 est
2225 5231 2307 5267 as-

746 5327 954 5367 sensus.
1004 5312 1135 5364 Cum
1176 5324 1236 5362 ea
1282 5314 1456 5359 autem
1505 5314 1727 5368 orasset,
1782 5305 1914 5357 intra
1958 5319 2151 5370 paucos
2193 5306 2307 5357 dies

745 5400 1046 5461 convaluit;
1098 5410 1321 5462 cumque
1367 5396 1409 5446 is
1454 5394 1789 5454 surrexisset,
1830 5393 1896 5446 ab
1944 5393 2029 5445 illa
2075 5394 2184 5459 ipsa
2229 5402 2308 5445 est

746 5493 940 5549 amictu
971 5487 1263 5543 monastico
1293 5485 1524 5545 indutus,
1577 5494 1629 5537 et
1684 5498 1901 5551 peregre
1956 5483 2308 5549 proﬁciscitur

753 5587 803 5637 in
831 5590 1058 5636 montem
1100 5579 1300 5643 Nitriae,
1344 5578 1432 5647 qui
1469 5577 1625 5631 estin
1658 5576 1885 5644 Egypto
1920 5592 1929 5625 :
1971 5577 2018 5627 iu
2045 5590 2147 5643 quo
2180 5592 2298 5629 cum

756 5673 1041 5728 habitasset
1088 5668 1341 5732 biennio,
1397 5666 1552 5720 tertio
1606 5665 1895 5731 ingreditur
1942 5664 2303 5720 solitudinem.

823 5762 841 5797 ⁸
864 5762 1046 5818 Simile
1076 5776 1252 5827 supra,
1285 5762 1333 5813 in
1370 5759 1566 5826 Pelag,
1602 5757 1761 5811 Iibell.
1794 5771 1826 5819 l,
1862 5770 2004 5808 nam.
2042 5755 2093 5808 5.

2409 4666 2555 4717 rabat
2583 4664 2667 4717 hic
2688 4677 2974 4731 generosus
2999 4669 3017 4714 t
3040 4663 3191 4715 hristi
3222 4664 3414 4715 athleta
3438 4664 3579 4717 circa
3606 4674 3812 4731 tempus
3840 4680 3969 4720 mor-

2410 4756 2517 4806 tis:
2561 4754 2673 4805 Jam
2720 4763 2843 4806 sunt
2892 4763 2998 4805 tres
3027 4754 3149 4805 anni
3192 4768 3253 4806 ex
3295 4768 3399 4819 quo
3447 4769 3547 4805 uou
3588 4770 3702 4808 sum
3744 4756 3971 4823 amplius

2406 4852 2626 4896 vexatus
2653 4857 2681 4894 a
2714 4843 2998 4909 cupiditate
3026 4842 3223 4895 carnis.
3272 4843 3326 4896 Si
3360 4855 3535 4896 autem
3570 4855 3686 4912 post
3710 4846 3867 4899 vitam
3900 4847 3971 4899 ita

2409 4952 2473 4989 ex
2508 4936 2701 4988 virtute
2750 4945 2942 4997 actam,
2992 4945 3044 4987 et
3084 4936 3398 4989 immensum
3433 4937 3665 4989 laborem
3715 4938 3969 4990 exercita-

2412 5029 2587 5088 tionis,
2630 5043 2856 5093 eumque
2885 5029 2963 5079 vel
2996 5027 3223 5081 maxime
3255 5026 3616 5090 inﬂexibilettt,
3646 5037 3699 5081 et
3741 5028 3968 5082 sobriam

2412 5127 2664 5184 perpetuo
2693 5121 3007 5180 oratimiem,
3041 5118 3179 5170 hunc
3223 5119 3574 5172 immortalem
3615 5120 3747 5172 adeo
3777 5121 3969 5174 invasit

2410 5210 2561 5264 bimis
2589 5210 2806 5262 iniustus
2830 5221 2879 5262 et
2914 5211 3167 5262 exitiosus
3193 5211 3398 5263 daemon
3422 5228 3435 5274 ;
3476 5212 3597 5279 quid
3626 5213 3691 5263 ab
3717 5220 3963 5266 exsecra‘-

2411 5301 2499 5356 bili
2538 5303 2777 5354 dmmone
2812 5302 2915 5367 pati
2960 5312 3203 5367 putamus
3230 5318 3320 5355 eos
3347 5305 3431 5369 qui
3460 5315 3577 5355 sunt
3609 5303 3961 5369 socordiores,

2415 5405 2628 5461 propter
2656 5408 2801 5445 suam
2846 5394 3248 5462 negligentiam?
3292 5394 3422 5447 Huic
3449 5405 3636 5447 sancto
3673 5394 3966 5461 signiﬁcata

2409 5493 2491 5537 est
2519 5484 2799 5551 aliquando
2833 5500 2973 5537 mors
3006 5486 3167 5551 patris
3195 5487 3270 5537 sui
3296 5526 3309 5547 ,
3344 5495 3395 5537 et
3427 5486 3557 5537 dicit
3586 5487 3631 5540 ei
3665 5487 3746 5554 qui
3776 5500 3971 5539 renun-

2412 5580 2557 5631 tiavit
2584 5597 2596 5630 :
2628 5579 2813 5631 Desine
2839 5579 3224 5645 blaSphemare,
3252 5594 3397 5631 tueus
3424 5580 3562 5631 enim
3595 5578 3748 5631 Pater
3772 5586 3852 5632 est
3873 5579 3971 5630 im-

2410 5673 2645 5724 mortalis
2672 5674 2709 5726 ‘.
2745 5672 2904 5723 Deum
2938 5681 3112 5723 autem
3142 5671 3367 5725 dicebat.
3406 5671 3685 5738 ilucusque
3705 5684 3785 5723 est
3809 5683 3968 5723 exac-
