4258 6360
295 394 431 461 1193

1512 394 1878 455 HISTORIA
1917 394 2281 456 LAUSIACA
2294 444 2307 457 .

3414 393 3551 458 1194

293 505 492 558 τιὼτου
521 507 616 559 τοῦ
648 506 923 576 ἐπάρχου·
975 505 1069 558 καὶ
1116 505 1353 575 ἁρπάζει
1396 506 1579 567 αὐτὸν,
1618 506 1712 559 καὶ
1749 506 1871 573 ἀγει
1901 508 1948 565 Α
1974 504 2130 572 λόγον
2158 506 2252 558 ἐπὶ
2283 504 2487 574 Κυρίου
2512 504 2593 556 ὃτι
2628 503 2727 574 ἔχῃ
2761 501 2859 555 τοῦ
2893 500 3098 556 σκοποῦ
3118 502 3309 557 τούτου
3353 503 3431 567 είς
3460 508 3550 557 τὸν

286 591 361 652 ὼς
385 593 443 643 ἐν
471 589 828 659 δικαστηρίῳ,
866 588 959 641 καὶ
986 588 1168 659 βάλλει
1197 588 1359 642 αὐτὸν
1388 590 1471 653 είς
1498 588 1598 659 τὴν
1633 588 1869 659 λεγομέ-

288 690 386 740 νην
414 672 745 724 κουστωδίαν
773 672 985 733 κλοιοὺς
1009 671 1261 741 σιδηροῦς
1283 672 1407 724 κατ’
1427 671 1631 741 αὐχένα
1662 670 1862 741 βαλὼν,

287 757 382 809 καὶ
428 757 615 809 ἁλύσει
658 757 852 827 σιδηρᾷ
897 755 1317 825 καταδησάντων
1373 755 1471 818 τάς
1514 759 1720 826 χεῖρας,
1756 757 1863 810 τῶν

288 839 375 889 ἐπ’
409 840 572 892 αὐτὸν
617 840 774 909 δῆθεν
829 840 1113 901 ἐλθόντων,
1150 840 1249 910 τὴν
1285 839 1464 893 αίτίαν
1494 838 1643 909 αὐτῷ
1684 840 1747 891 οὐ
1779 840 1866 892 λεη-

288 922 496 986 γόντων
517 939 531 954 ο
566 922 729 985 αὐτὸς
752 922 808 974 δὲ
833 925 898 993 τῇ
936 924 1240 993 συνειδήσει
1263 923 1623 993 κεντούμενος
1654 923 1871 992 ἐνόμιζε

285 1005 460 1057 ταῦτα
509 1006 668 1074 χάριν
721 1006 821 1074 τῆς
869 1009 1199 1075 προφάσεως
1248 1007 1465 1072 ἐκείνης
1522 1007 1869 1074 ὑφίστασθαι,

286 1089 665 1160 προσδοκήσας
702 1090 793 1142 τὸν
847 1089 943 1143 τοῦ
988 1090 1209 1157 γυναίου
1252 1090 1422 1160 ἄνδρα
1461 1092 1873 1160 ἐντετυχηκέναι

291 1174 418 1243 περὶ
460 1173 559 1242 τῆς
595 1173 904 1235 ὑποθέσεως
946 1175 1149 1244 ταύτης
1196 1173 1275 1244 τῷ
1306 1173 1553 1243 δικαστῇ.
1598 1174 1685 1225 Ἐν
1713 1174 1768 1226 δὲ
1796 1176 1873 1243 τῷ

287 1257 511 1310 ἑστάναι
548 1256 711 1309 αὐτὸν
751 1257 873 1309 λίαν
927 1258 1243 1324 ἀγωνιῶντα
1266 1297 1280 1321 ,
1317 1256 1482 1327 ἄλλης
1521 1258 1680 1328 δίκης
1712 1258 1871 1327 δῆθεν

286 1340 695 1409 πραττομένης,
720 1342 812 1392 καὶ
835 1340 1278 1410 βασανιζομένων
1301 1340 1507 1409 ἐτέρων
1535 1341 1628 1392 ἐπὶ
1646 1339 1873 1409 τοιούτῳ

284 1420 629 1491 ἐγκλήματι,
682 1422 875 1492 ἐμενεν
925 1425 954 1476 6
1007 1424 1274 1493 Εὐάγριος
1327 1422 1534 1493 σφόδρα
1589 1423 1863 1489 ἀγωνιῶν.

286 1506 443 1558 Πετά
490 1505 546 1557 δὲ
577 1505 666 1557 τὸν
725 1506 894 1559 πολὺν
927 1505 1091 1574 φόϐον
1130 1507 1339 1559 ἐκεῖνον
1383 1507 1477 1559 καὶ
1500 1506 1597 1577 τήν
1628 1508 1867 1575 ἄμετρον

285 1588 528 1656 ἀγωνίαν
562 1590 1102 1659 μετασχηματίζεται
1135 1591 1163 1643 ὀ
1193 1589 1425 1658 ἄγγελος
1480 1592 1507 1642 6
1553 1591 1644 1643 τὸν
1704 1592 1870 1645 πολὺν

288 1669 437 1739 αὐτῴ
468 1670 632 1739 φόϐον
664 1674 721 1723 ἐν
764 1675 830 1741 τῇ
872 1672 1111 1743 ὀπτασίᾳ
1160 1673 1482 1742 παρασχὼν,
1532 1676 1611 1735 είς
1661 1691 1867 1744 παρου-

287 1754 412 1805 σίαν
461 1754 686 1823 γνησίου
735 1755 891 1822 φίλου
930 1756 1066 1825 πρὸς
1114 1755 1404 1825 ἐπίσκεψιν
1452 1757 1677 1826 ἥκοντος
1730 1760 1867 1829 πρὸς

1980 588 2186 658 μονήρη
2212 586 2353 657 βίον,
2386 587 2499 648 καὶ,
2534 587 2582 640 εί
2608 588 2702 640 καὶ
2731 586 3055 656 ἁμαρτωλός
3082 587 3221 657 είμι,
3256 587 3553 655 προσεύξο-

1980 688 2077 740 μαι
2114 673 2251 741 πρός
2278 671 2369 723 τὸν
2398 670 2601 742 Κύριον
2639 672 2728 722 ἶνα
2758 686 2840 722 σοι
2867 668 2993 740 δοθῇ
3027 670 3219 739 καιρὸς
3256 672 3543 737 κομιάτου,

1977 757 2071 809 καὶ
2102 755 2407 825 προθεσμία
2449 753 2613 823 ζωῆς.
2657 756 2716 805 '0
2747 755 2801 806 δέ
2833 754 3104 808 συνέθετο.
3142 755 3461 825 Εὐξαμένης
3494 758 3548 809 δέ

1975 841 2163 910 αὐτῆς,
2195 840 2344 901 ἐντὸς
2371 840 2568 905 ὀλίγων
2596 840 2818 909 ἡμερῶν
2852 838 3092 905 ὐγίανεν.
3128 839 3236 891 Καὶ
3280 841 3514 901 αναστὰς
3534 879 3548 903 ,

1977 924 2106 991 παρ’
2146 923 2319 990 αὐτῆς
2368 922 2582 990 ἐκείνης
2638 922 3050 991 μετημφιάσοη,
3111 922 3205 974 καὶ
3266 922 3548 992 ἐξέρχεται

1974 1006 2291 1077 ἐκδημήσας
2323 1008 2402 1067 είς
2435 1007 2493 1058 τὸ
2531 1005 2655 1074 ὀρος
2688 1005 2785 1073 τῆς
2820 1006 3047 1075 Νιτρίας
3086 1006 3146 1057 τὸ
3174 1007 3229 1056 ἐν
3265 1006 3545 1075 Αἰγύπτῳ,

1976 1090 2032 1141 ἐν
2059 1084 2102 1155 ᾦ
2135 1090 2362 1158 οίκήσας
2386 1087 2638 1157 δεύτερον
2670 1086 2813 1149 ἔτος,
2854 1087 2930 1157 τῷ
2964 1087 3135 1156 τρίτῳ
3169 1089 3440 1142 εἰσϐάλλει
3469 1092 3549 1150 είς

1973 1173 2071 1243 τὴν
2097 1173 2322 1242 ἔρημον.
2356 1174 2533 1241 Ζήσας
2560 1168 2650 1224 οὖν
2677 1171 3049 1241 δεκατέσσαρα
3094 1173 3186 1241 ἐτη
3221 1175 3277 1225 ἐν
3304 1174 3416 1234 τοῖς
3462 1174 3549 1226 λε-

1974 1258 2225 1327 γομένοις
2260 1256 2509 1319 κελλίοις,
2544 1256 2698 1325 ῆσθιε
2732 1256 2828 1323 μὲν
2858 1256 3025 1325 ἄρτου
3053 1257 3253 1325 λύτραν
3281 1259 3377 1326 τὴν
3410 1261 3548 1327 ἠμέ-

1976 1358 2107 1411 ραν⁹
2160 1343 2217 1392 ἐν
2246 1339 2579 1409 τριμηνιαίιρ
2623 1340 2679 1390 6t
2718 1340 2895 1407 χρόνῳ
2924 1339 3120 1407 ξέστην
3165 1340 3345 1393 ἐλαίου
3367 1358 3379 1371 ⁸
3410 1343 3547 1410 ἀνὴρ

1974 1424 2079 1476 ἀπὸ
2126 1422 2467 1492 ἀϐροδιαίτου
2511 1423 2603 1473 καὶ
2643 1421 2917 1491 τρυφηλοῦ
2964 1421 3081 1491 βίου
3122 1424 3214 1474 καὶ
3245 1424 3544 1491 ὑγροτάτου

1971 1508 2226 1576 ἠγμένος.
2270 1506 2472 1557 Ἑποίει
2500 1504 2555 1554 δέ
2586 1504 2748 1571 εὐχὰς
2773 1505 2965 1555 ἐκατδν
2986 1542 3000 1565 ,
3028 1505 3253 1572 γράφων
3274 1507 3365 1557 τοῦ
3392 1508 3547 1568 ἔτους

1970 1592 2070 1661 τὴν
2110 1588 2274 1657 τιμὴν
2308 1587 2467 1657 μόνον
2516 1579 2590 1639 ὦν
2621 1586 2843 1657 ἤσθιεν·
2900 1587 3112 1654 εὐφυῶς
3144 1588 3252 1656 γὰρ
3305 1590 3545 1659 ἔγραφεν

1969 1674 2061 1726 τὸν
2095 1672 2393 1740 ὀξύρυγχον
2426 1671 2768 1739 χαρακτῆρα.
2802 1662 2980 1731 Ἐντὸς
3014 1668 3105 1721 οῦν
3157 1675 3543 1727 πεντεκαίδεκα

1971 1758 2106 1810 ἐτῶν
2149 1753 2494 1823 καθαρεύσας
2526 1754 2615 1804 τὸν
2661 1753 2807 1814 νοῦν,
2856 1756 3165 1822 κατηξιώθη
3205 1757 3545 1826 χαρίσματος

284 1838 577 1899 αὐτόν.“ος
606 1840 700 1891 καὶ
730 1840 937 1907 σφόδρα
961 1839 1132 1909 δῆθεν
1153 1840 1452 1906 ἐκπλαγεὶς
1468 1841 1562 1892 καὶ
1584 1842 1871 1911 γενόμενος
1905 1848 1946 1903 B
1975 1842 2227 1910 γνώσεως
2248 1842 2340 1893 καὶ
2364 1839 2552 1906 σοφίας
2580 1838 2670 1889 καὶ
2689 1838 3010 1906 διακρίσεως
3041 1841 3383 1907 πνευμάτων.
3411 1842 3542 1892 Συν-

283 1920 535 1990 κατηφὴς
552 1922 617 1991 τῇ
645 1919 883 1991 τοσαύτῃ
907 1922 1103 1991 ἀτιμίᾳ
1130 1921 1238 1974 τῶν
1268 1922 1485 1991 δεσμῶν
1517 1922 1614 1975 τοῦ
1638 1925 1859 1992 γνησίου

284 2002 463 2069 φίλου,
488 2003 635 2071 λέγει
659 2002 811 2073 αὐτῷ
831 2004 1107 2073 δεδεμένῳ
1145 2004 1349 2074 μεταξύ
1382 2008 1571 2074 σειρᾶς
1596 2008 1862 2075 τεσσαρά-

284 2102 451 2138 κοντα
495 2086 822 2139 καταδίκων·
861 2086 927 2138 Τί
973 2086 1145 2148 οὑτως
1186 2087 1396 2157 ἀτίμως
1435 2089 1574 2157 μετά
1620 2088 1727 2141 τῶν
1762 2108 1861 2142 κα-

281 2170 517 2222 ταδίκων
544 2170 772 2241 κατέχῃ,
810 2170 965 2239 κύριε
993 2170 1241 2235 διάκονε;
1270 2172 1431 2237 Λέγει
1459 2172 1608 2241 αὐτῷ
1632 2173 1858 2236 ἐκείνοςο

287 2254 444 2307 Κατὰ
488 2253 584 2323 μὲν
610 2254 869 2320 ἀλήθειαν
914 2254 1014 2307 οὐκ
1059 2255 1395 2324 ἐπίσταμαι·
1447 2254 1669 2308 ὑπόνοια
1702 2257 1758 2309 δέ
1792 2276 1859 2328 με

284 2336 399 2405 ἔχει
436 2338 517 2389 ὅτι
550 2338 578 2389 6
607 2337 757 2390 δεῖνα
800 2338 828 2389 6
866 2338 975 2389 άπὸ
1005 2339 1260 2409 ἐπάρχων
1309 2339 1527 2407 ἐνέτυχε
1560 2340 1679 2392 κατ’
1722 2341 1856 2409 ἐμοῦ

284 2419 465 2489 ἀλόγῳ
516 2419 820 2491 ζηλοτυπίᾳ
874 2421 1124 2490 πληγεὶς,
1173 2422 1266 2473 καὶ
1324 2421 1539 2474 δέδοικα
1581 2424 1790 2493 μήποτε
1833 2427 1860 2477 6

284 2504 468 2573 ἄρχων
524 2505 800 2574 χρήμασιν
849 2504 940 2556 ὑπ’
968 2502 1133 2556 αὐτοῦ
1172 2504 1462 2574 διαφθαρῇ,
1496 2507 1587 2557 καὶ
1621 2509 1862 2577 τιμωρία

290 2606 355 2656 με
387 2588 658 2660 περιϐάλῃ
696 2589 949 2661 μεγίστη.
988 2588 1152 2654 Λέγει
1186 2588 1333 2657 αὐτῷ
1368 2592 1394 2641 6
1428 2589 1579 2657 φίλος
1610 2592 1685 2660 τῷ
1728 2594 1859 2663 σχή-

289 2689 417 2739 ματι
438 2688 451 2701 ·
498 2673 564 2727 Εί
608 2672 826 2734 ἀκούεις
854 2672 947 2723 τοῦ
974 2672 1128 2739 φίλου
1171 2689 1288 2729 σου,
1322 2674 1711 2741 συμϐουλεύσω
1743 2691 1857 2727 σοι·

282 2755 344 2806 οὐ
378 2755 646 2824 συμφέρει
687 2742 768 2807 σοι
804 2757 861 2807 ἐν
900 2757 967 2824 τῇ
1017 2755 1169 2807 πόλει
1212 2756 1385 2828 ταύτῃ
1419 2759 1645 2827 διάγειν,
1696 2760 1858 2827 Λέγει

286 2837 433 2905 αὐτῷ
461 2840 489 2890 6
532 2838 802 2907 Εὐάγριος
822 2855 836 2868 ·
883 2838 1006 2889 Ἐὰν
1050 2841 1078 2891 6
1110 2838 1243 2901 Θεός
1272 2857 1337 2908 με
1367 2840 1572 2911 ταύτης
1593 2843 1693 2911 τῆς
1724 2860 1861 2911 συμ-

292 2922 464 2988 φορᾶς
484 2920 790 2990 ἀπαλλάξῃ,
828 2922 921 2972 καὶ
948 2920 1063 2990 ἴδῃς
1091 2938 1157 2990 με
1186 2923 1244 2975 ἐν
1273 2924 1859 2990 Κωνσταντινουπόλει,

286 3003 454 3064 γνῶθι
487 3003 571 3053 ὅτι
606 3002 843 3069 εὐλόγως
881 3003 1185 3071 ὑφίσταμαι
1212 3004 1418 3074 ταύτην
1446 3007 1543 3075 τὴν
1570 3008 1859 3075 τιμωρίαν,

287 3086 379 3136 καὶ
418 3086 613 3155 ἐτέρας
654 3086 897 3154 μείζονος
940 3086 1086 3147 ἄξιος
1119 3084 1214 3139 ὧν.
1245 3088 1406 3155 Λέγει
1440 3090 1587 3159 αὐτῷ
1614 3094 1641 3141 6
1672 3092 1823 3159 φίλος
1844 3108 1857 3121 ⁸

1963 1927 2143 1980 τάττει
2176 1923 2267 1977 οὖν
2295 1916 2447 1984 οὗτος
2472 1921 2597 1991 τρία
2626 1919 2802 1989 βιϐλία
2827 1958 2840 1981 ,
2863 1920 3022 1987 Ἱερὰ,
3052 1922 3317 1990 Μοναχῦν,
3338 1925 3543 1995 Ἀντιρ-

1967 2009 2187 2078 ρητικὸν
2210 2006 2395 2083 ,θοὺτω
2424 2003 2731 2070 καλούμενα
2752 2017 2764 2031 ·
2800 2002 2898 2063 τὰς
2932 2004 3064 2070 πρὸς
3113 2006 3237 2067 τοὺς
3285 2006 3543 2073 δαίμονας

1965 2091 2298 2158 ὑποθέμενος
2330 2089 2541 2157 τέχνας.
2578 2087 2764 2155 Τούτῳ
2788 2086 3000 2155 ὦχλησέ
3050 2105 3178 2139 ποτε
3206 2090 3285 2150 είς
3320 2090 3482 2160 βάρος
3515 2099 3543 2145 6

1963 2174 2062 2242 τῆς
2098 2172 2353 2239 πορνείας
2391 2172 2619 2240 δαίμων,
2655 2173 2728 2231 ὡς
2772 2172 2933 2233 αὐτὸς
2986 2173 3117 2240 ἡμῖν
3151 2174 3409 2240 διηγεῖτο,
3447 2180 3541 2227 καὶ

1962 2256 2049 2309 διὰ
2079 2256 2257 2325 πάσης
2291 2258 2481 2316 νυκτὸς
2512 2254 2713 2323 γυμνὸς
2745 2258 2873 2325 ἔστη
2900 2257 2956 2307 ἐν
2984 2254 3061 2325 τῷ
3090 2256 3303 2324 φρέατι,
3339 2261 3539 2328 χειμῶ-

1964 2359 2051 2404 νος
2084 2341 2253 2404 ὄντος,
2286 2341 2359 2401 ὡς
2400 2340 2643 2407 παγῆναι
2699 2338 2862 2391 αὐτοῦ
2897 2340 2994 2402 τάς
3042 2340 3272 2409 σάρκας.
3314 2343 3536 2397 ’Λλλοτε

1966 2423 2123 2477 πάλιν
2164 2423 2408 2493 ὤχλησεν
2462 2422 2612 2490 αὐτῷ
2666 2422 2883 2489 πνεῦμα
2937 2422 3450 2492 βλασφημίας,⁷καὶ
3482 2431 3539 2481 tv

1960 2508 2368 2577 τεσσαράκοντα
2399 2506 2633 2576 ἡμέραις
2661 2506 2763 2557 ὑπὸ
2798 2507 2997 2574 στέγην
3037 2508 3135 2559 οὐκ
3163 2510 3429 2579 εἰσῆλθεν,
3464 2514 3537 2572 ὡς

1962 2592 2055 2643 καὶ
2076 2593 2133 2644 τὸ
2152 2592 2310 2659 σῶμα
2342 2591 2530 2653 αὐτοῦ,
2558 2591 2809 2658 καθάπερ
2833 2592 2940 2641 τῶν
2966 2593 3174 2660 ἀγρίων
3206 2592 3379 2659 ζώων,
3406 2600 3535 2667 κρή-

1960 2691 2136 2737 τωνας
2181 2674 2465 2744 ἐκϐράσαι.
2519 2674 2704 2741 Τούτῳ
2757 2677 2902 2741 τρεῖς
2935 2676 3239 2745 ἐπέστησαν
3273 2680 3329 2729 ἐν
3356 2680 3537 2750 ἡμέρᾳ

1961 2756 2243 2826 δαίμονες,
2276 2761 2333 2808 ἐν
2384 2758 2623 2825 σχήματι
2658 2758 2955 2825 κληρικῶν,
2995 2761 3121 2826 περὶ
3171 2760 3406 2823 πίστεως
3443 2780 3537 2815 συο

1963 2841 2251 2910 ζητοῦντες
2282 2840 2457 2909 αὐτῷ’
2491 2842 2580 2891 καὶ
2610 2843 2637 2891 ὀ
2665 2842 2760 2909 μὲν
2794 2841 2977 2909 ἔλεγεν
3007 2844 3201 2896 ἐαυτὸν
3240 2846 3536 2914 Ἀρειανὺν,

1960 2928 1988 2978 6
2016 2927 2069 2977 6t
2105 2927 2455 2994 Εὐνομιανὸν,
2492 2926 2518 2976 ὀ
2548 2925 2603 2977 δὲ
2648 2925 3146 2998 Ἀπολλιναριστήν.
3197 2930 3308 2980 Καὶ
3337 2930 3541 2983 τούτων

1962 3010 2306 3077 περιεγένετο
2336 3009 2422 3061 διά
2454 3010 2699 3079 βραχέων
2729 3013 2792 3079 τῇ
2829 3014 3170 3080 πνευματικῇ
3209 3014 3390 3082 σοφίᾳ.
3430 3018 3539 3067 Πά-

1961 3092 2043 3143 λιν
2092 3095 2219 3159 μιᾶς
2266 3091 2373 3143 τῶν
2430 3092 2651 3160 ἡμερῶν
2678 3092 2775 3159 τῆς
2826 3094 3030 3154 κλειδὸς
3059 3096 3401 3164 ἀπολομένης
3436 3100 3542 3166 τῆς

289 3170 348 3220 Εἰ
374 3168 704 3264 οὐτωςκέχει,
736 3170 887 3236 φέρω
918 3169 979 3219 τὸ
1012 3170 1364 3261 ΕΞύαγγέλιον·
1398 3174 1492 3225 κει)⁸
1524 3173 1737 3243 ῶμοσόν
1770 3192 1861 3244 μοι
1892 3208 1933 3264 C
1979 3171 2325 3239 Ἐκκλησίαςν
2357 3173 2663 3241 σφραγίσας
2688 3172 2746 3222 τὸ
2776 3173 3064 3239 πρόσωπον
3089 3173 3183 3225 τοῦ
3209 3175 3536 3246 ήλωταρίον.

286 3253 343 3301 tv
376 3250 525 3320 αὐτῷ
552 3252 635 3304 ὅτι
664 3253 970 3320 ἀναχωρεῖς
992 3252 1090 3320 τῆς
1114 3253 1322 3315 πόλεως
1344 3254 1566 3324 ταύτης,
1594 3258 1685 3308 καὶ
1705 3275 1865 3326 φρον-

287 3336 458 3399 τίζεις
489 3356 583 3389 σου
606 3338 706 3405 τῆς
733 3339 931 3407 ψυχῆς,
966 3338 1059 3389 καὶ
1081 3337 1412 3392 ἀπαλλάσσω
1440 3357 1497 3391 σε
1530 3339 1640 3407 ἐγὼ
1665 3342 1865 3411 ταύτης

286 3422 385 3489 τῆς
417 3421 683 3491 ἀνάγκης.
716 3422 773 3475 Ὀ
800 3422 855 3473 6t
874 3422 1171 3490 Εὐάγριος’
1208 3422 1408 3491 Δέομαί
1428 3424 1765 3493 σου,ὀμνυμί
1788 3443 1867 3479 σοι

285 3506 358 3567 ὡς
391 3506 583 3569 θέλεις,
618 3508 777 3575 μόνον
807 3523 873 3575 με
901 3506 1207 3571 ἀπάλλαξον
1245 3506 1437 3559 τούτου
1469 3508 1562 3560 τοῦ
1589 3511 1865 3562 σκοτεινοῦ

286 3589 501 3654 νέφους.
532 3590 637 3640 Καὶ
668 3591 723 3641 ἐν
750 3588 961 3650 τούτοις
993 3590 1208 3657 κομίζει
1240 3590 1387 3658 αὑτῷ
1418 3591 1476 3642 τὸ
1510 3592 1862 3658 Εὐαγγέλιον,

288 3674 380 3722 καὶ
404 3672 631 3723 ἀπαιτεῖ
664 3673 751 3723 τὸν
780 3673 963 3741 ὅρκον.
1006 3672 1062 3723 '0
1088 3672 1144 3723 δὲ
1173 3672 1442 3741 Εὐάγριος
1464 3674 1689 3742 ὄμνυσιν
1718 3676 1865 3745 αὐτῷ

289 3756 429 3806 κατὰ
458 3755 547 3807 τοῦ
586 3756 917 3822 Εὐαγγελίου
940 3795 953 3819 ,
985 3756 1066 3807 ὅτι
1098 3757 1373 3825 Παρεκτὺς
1413 3758 1538 3825 μιᾶς
1568 3758 1778 3827 ἡμέρας
1804 3761 1863 3811 οὐ

292 3840 365 3906 μὴ
416 3841 587 3908 μείνω
619 3840 836 3903 ἐνθάδε,
886 3840 979 3891 καὶ
1010 3838 1233 3909 ταύτης,
1266 3840 1352 3891 ἶνα
1391 3838 1578 3907 φθάσω
1606 3842 1863 3908 ἐμϐαλεῖν

291 3939 393 3988 μου
417 3924 484 3974 τά
517 3923 707 3990 ίμάτια
735 3924 791 3975 tv
817 3922 895 3991 τῷ
924 3922 1113 3990 πλοίῳ.
1138 3923 1243 3975 Τοῦ
1267 3923 1431 3991 ὅρκου
1456 3920 1547 3976 οῦν
1573 3928 1862 3994 προχωρή-

289 4023 505 4067 σαντος,
536 4005 828 4072 ἐναγώνιος
858 4005 933 4057 ὢν
953 4006 1255 4074 ἐπανῆλθεν
1289 4007 1396 4058 ἀπὸ
1425 4007 1523 4075 τῆς
1556 4010 1863 4071 ἐκστάσεως

284 4089 386 4156 τῆς
418 4090 714 4157 γενομένης
743 4090 891 4159 αὐτῷ
925 4092 983 4141 ἐν
1012 4092 1078 4159 τῇ
1114 4090 1288 4144 νυκτί.
1337 4090 1443 4141 Καὶ
1478 4092 1717 4153 ἀναστάς
1748 4094 1861 4144 ἐλο-

288 4174 499 4239 γίσατο,
528 4174 609 4225 ὅτι
662 4174 722 4225 Εί
762 4174 856 4224 καὶ
888 4173 1143 4225 ἐκστάσει
1184 4174 1404 4239 γέγονεν
1456 4173 1483 4223 6
1512 4174 1695 4241 ὅρκος,
1748 4177 1859 4226 ἀλλ’

285 4258 437 4325 ὅμως
475 4256 685 4324 ὤμοσα.
736 4256 925 4308 Βαλὼν
974 4251 1067 4309 οὖν
1098 4258 1272 4308 πάντα
1305 4258 1338 4309 ἃ
1374 4252 1517 4325 εἶχεν
1546 4260 1624 4319 εἰς
1659 4258 1860 4319 πλοῖον,

287 4340 506 4408 ἔρχεται
536 4341 614 4401 είς
647 4340 1016 4407 Ἰεροσόλυμα,
1038 4340 1130 4391 καλ⁵
1150 4341 1265 4390 ἐκεῖ
1292 4340 1561 4403 δεξιοῦται
1588 4343 1737 4410 παρὰ
1766 4344 1863 4409 τῆς

291 4422 565 4490 μακαρίας
594 4423 847 4491 Μελάνης
874 4424 972 4491 τῆς
1016 4422 1318 4492 Ῥωμαίας.
1347 4424 1520 4476 Πάλιν
1554 4424 1645 4475 τοῦ
1684 4425 1864 4477 διαϐό-

1968 3255 2061 3306 καὶ
2118 3258 2182 3323 τῇ
2249 3257 2391 3323 χειρὶ
2439 3254 2608 3315 ὦσας,
2667 3256 2898 3322 ἤνοιξεν,
2950 3257 3411 3325 ἐπικαλεσάμενος
3452 3262 3542 3311 τον

1968 3337 2219 3405 Χριστόν.
2270 3338 2519 3390 Τοσαῦτα
2550 3338 2900 3405 ἐμαστιγώθη
2932 3336 3084 3401 οὗτος
3111 3341 3214 3392 ὑπὸ
3247 3341 3539 3411 δαιμόνων.

1967 3422 2061 3471 καὶ
2106 3420 2354 3471 τοσοῦτον
2389 3420 2547 3471 ἔλαϐε
2600 3426 2794 3487 πεῖραν
2841 3421 3109 3489 δαιμόνων
3140 3424 3432 3484 ποικίλων,
3466 3427 3541 3484 ὡς

1971 3504 2042 3572 μὴ
2080 3503 2275 3573 ῥαδίως
2304 3503 2527 3565 τούτους
2560 3504 2951 3573 ἀριθμηθῆναι.
2988 3506 3100 3557 Ἑνὶ
3129 3506 3184 3557 δὲ
3216 3507 3324 3559 τῶν
3347 3509 3539 3560 ἐαυτοῦ

1970 3588 2224 3653 μαθητῶν
2252 3587 2319 3637 τὰ
2346 3588 2482 3655 μετὰ
2508 3589 2639 3639 δέκα
2664 3587 2806 3638 ὀκτὼ
2837 3588 2929 3657 ἐτη
2958 3590 3345 3659 συμϐησόμενα
3368 3593 3539 3657 τούτῳ

1969 3675 2193 3739 προεῖπε
2230 3672 2423 3730 πάντα.
2456 3672 2573 3723 κατ’
2602 3667 2738 3732 εἶδος
2770 3672 3151 3741 προφητεύσας
3184 3674 3351 3742 αὐτῷ.
3388 3676 3537 3725 712).:-

1965 3771 2058 3819 γεν
2082 3755 2133 3805 δὲ
2170 3756 2196 3805 ὀ
2235 3756 2502 3822 μακάριος
2540 3750 2715 3815 οὗτος,
2753 3756 2834 3806 ὅτι
2869 3754 2985 3822 Ἀφ’
3021 3748 3081 3807 οῦ
3112 3756 3407 3809 κατέλαϐον
3436 3758 3535 3826 τὴν

1966 3837 2188 3903 ἔρημον,
2226 3839 2283 3888 οὐ
2322 3838 2598 3906 θριδακίου
2631 3838 2877 3905 ἡψάμην,
2908 3838 2967 3888 οὐ
3000 3838 3421 3906 λεπτολαχάνου,
3477 3844 3534 3893 οὐ

1966 3918 2171 3989 χλωροῦ
2200 3937 2365 3983 τινος,
2391 3922 2489 3971 οὐκ
2518 3920 2761 3987 ὀπώρας,
2784 3921 2844 3971 οὐ
2872 3921 3168 3987 σταφυλῆς,
3202 3925 3260 3973 οὔ
3288 3924 3536 3993 λουτροῦ,

1963 4008 2022 4056 οὐ
2050 4007 2248 4073 κρεῶν.
2276 4008 2374 4058 οὐκ
2399 4007 2585 4074 ἄρτου,
2619 4008 2719 4057 οὐκ
2759 4007 2921 4071 οἴνου,
2953 4007 3061 4058 οὐδ’
3094 4008 3227 4069 ὅλως
3254 4009 3399 4069 τινὸς
3428 4012 3537 4061 τῶν

1964 4089 2051 4140 διὰ
2083 4091 2249 4157 πυρὸς
2280 4090 2662 4157 διερχομένων,
2699 4088 2834 4156 πλὴν
2870 4091 3047 4158 ῥητῶν
3076 4091 3321 4159 λαχάνων
3346 4094 3534 4161 ὠμῶν,

1963 4175 2055 4225 καὶ
2078 4173 2351 4239 ἐμμέτρου
2381 4172 2591 4234 ὓδατος.
2618 4174 2710 4234 Εἰς
2738 4172 2964 4241 ὕστερον
2988 4172 3043 4223 δὲ
3063 4172 3140 4241 τῷ
3170 4175 3537 4245 ἑκκαιδεκάτῳ

1964 4256 2072 4307 ἐτει
2100 4255 2199 4322 τῆς
2233 4256 2523 4315 πολιτείας,
2552 4258 2647 4322 τῆς
2675 4256 2801 4306 ἄνευ
2826 4256 2995 4323 πυρὸς
3025 4255 3321 4324 ἑψήματος,
3354 4256 3536 4309 λοιπὸν

1966 4339 2153 4407 χρείαν
2180 4339 2405 4404 ἐχούσης
2436 4336 2598 4388 αὐτοῦ
2631 4337 2727 4401 τῆς
2760 4338 2960 4406 σαρκὸς
2989 4338 3075 4390 διά
3105 4339 3200 4409 τὴν
3229 4340 3534 4405 ἀσθένειαν,

1967 4422 2058 4472 καὶ
2083 4421 2178 4488 τὴν
2204 4419 2295 4471 τοῦ
2323 4420 2589 4487 στομάχου
2617 4421 2950 4486 ἀνωμαλίαν,
2978 4422 3069 4473 τοῦ
3103 4424 3537 4492 μεταλαμϐάνειν

287 4506 376 4559 λου
411 4507 810 4577 σκληρύναντος
848 4508 1009 4560 αὑτοῦ
1060 4508 1158 4577 τὴν
1193 4508 1443 4578 καρδίαν,
1484 4508 1734 4579 καθάπερ
1766 4510 1857 4562 τοῦ
1891 4566 1929 4579 “
1966 4505 2050 4556 διάι
2102 4503 2290 4572 πυρὸς,
2336 4501 2501 4571 ἄρτου
2560 4504 2656 4570 μὲν
2718 4503 2913 4571 ἥψατο,
2963 4503 3145 4555 οὐκέτι
3190 4506 3247 4557 δὲ
3292 4506 3537 4575 λαχάνων

285 4589 513 4659 Φαραὼ,
646 4590 749 4661 νέῳ
780 4566 874 4643 καὶ
914 4566 1217 4660 σφριγῶντι
1264 4566 1362 4661 τὴν
1392 4566 1629 4661 ἡλικίαν,
1666 4566 1857 4660 γέγονε
1891 4566 1935 4619 D
1970 4566 2679 4657 μετελάμϐανενέψημένων
2702 4605 2713 4619 ⁸
2742 4566 2917 4657 ὼεΥῆ
2948 4590 3266 4660 πτισάνηςῆ
3295 4566 3538 4661 ὀσπρίων

286 4675 449 4727 πάλιν
479 4674 776 4742 ἐνδυασμὸς
796 4714 809 4736 ,
841 4677 935 4726 καὶ
970 4673 1311 4743 ἐδυσψύχησε
1358 4675 1546 4743 μηδεν).
1586 4676 1754 4743 μηδὲν
1785 4677 1861 4727 εί-

289 4754 473 4825 ρηκώς
492 4772 506 4786 ’
539 4756 760 4808 κάκεῖσε
784 4756 945 4808 πάλιν
973 4754 1318 4819 ἐξαλλάσσων
1340 4758 1453 4818 τοῖς
1484 4756 1738 4825 ἱματίοις,
1766 4755 1861 4809 καί⁵

287 4844 345 4891 ἐν
382 4843 448 4908 τῇ
496 4839 760 4908 διαλέκτῳ
816 4840 1157 4909 καρούμενος
1213 4840 1318 4891 ὑπὸ
1374 4840 1472 4907 τῆς
1531 4839 1854 4903 κενοδοξίας.

298 4923 438 4975 Ἀλλ’
485 4926 514 4975 6
568 4924 897 4993 ἐμποδιστὴς
948 4926 1046 4992 τῆς
1104 4926 1321 4977 πάντων
1376 4924 1532 4991 ἡμῶν
1586 4924 1858 4984 ἀπωλείας

286 5008 449 5071 Θεὸς,
474 5007 729 5061 ἐνέϐαλεν
759 5008 921 5059 αὐτὸν
956 5012 1050 5059 καὶ
1080 5008 1314 5059 ἐνταῦθα
1353 5011 1432 5068 εἰς
1471 5008 1663 5074 ἐτέραν
1700 5009 1857 5077 περί»

290 5110 502 5155 στασιν,
538 5090 815 5143 ἐπιϐαλὼν
844 5090 994 5160 αὐτῷ
1023 5092 1277 5159 πυρετὸν,
1311 5091 1564 5142 κάκεῖθεν
1596 5091 1677 5152 είς
1707 5090 1859 5142 νόσον

292 5176 509 5246 μακρὰν
542 5178 599 5229 ἐν
647 5175 986 5243 ἐξαμηνιαίῳ
1020 5174 1197 5244 χρόνῳ
1245 5174 1571 5243 ταριχεύσας
1604 5174 1767 5226 αὐτοῦ
1801 5175 1860 5225 τὸ

291 5259 535 5328 σαρκίον,
587 5258 650 5310 δι’
707 5252 768 5311 οὗ
814 5256 1152 5319 δνεποδίζετο
1212 5258 1287 5318 είς
1340 5257 1562 5325 ἀρετήν.
1615 5256 1733 5307 Τῶν
1769 5252 1859 5308 οὖν

293 5341 492 5409 ίκτρῶν
521 5339 891 5410 ἀπορούντων,
927 5340 1021 5392 καὶ
1050 5340 1251 5407 τρόπον
1281 5339 1581 5406 θεραπείας
1606 5340 1679 5407 μὴ
1709 5340 1860 5409 εὑρι-

292 5425 551 5488 σκόντων,
602 5424 745 5490 λέγει
780 5424 814 5493 ή
870 5421 1117 5492 μακαρία
1162 5422 1456 5474 Μελάνιον·
1495 5422 1609 5474 Οὐκ
1636 5422 1861 5489 ἀρέσκει

296 5523 405 5573 μοι,
451 5507 555 5570 υἱὲ,
608 5509 640 5577 ὴ
675 5508 741 5576 σὴ
796 5505 1161 5575 μακρονοσία·
1200 5506 1319 5557 είπέ
1348 5502 1441 5558 οὖν
1473 5522 1561 5573 μοι
1598 5506 1665 5557 τά
1711 5507 1767 5555 ἐν
1794 5509 1857 5575 τῇ

292 5590 500 5659 διανοίᾳ
550 5607 666 5642 σου.
721 5590 835 5642 Οὐκ
885 5590 999 5641 ἐστι
1050 5587 1156 5657 γὰρ
1190 5588 1416 5659 ἀληθεία
1450 5588 1586 5658 αὐτη
1621 5590 1651 5657 ὴ
1688 5589 1859 5651 νόσος.

309 5673 669 5745 Ὡμολόγησεν
701 5670 793 5727 οὖν
824 5673 963 5743 αὐτῇ
1008 5672 1069 5724 τὸ
1100 5674 1244 5725 κατά
1292 5670 1863 5723 Κωνσταντινούπολιν

299 5758 444 5827 αὐτῷ
491 5743 721 5829 συμϐάν.
763 5758 923 5825 Λέγει
966 5755 1114 5825 αὐτῷ
1168 5759 1199 5824 ἡ
1262 5759 1581 5826 μακαρῖτις’
1642 5756 1739 5818 Δός
1776 5774 1862 5825 μοι

1967 4671 2059 4722 ἐπὶ
2088 4668 2180 4720 δύο
2208 4669 2321 4736 ἐτη.
2370 4667 2457 4718 Ἐν
2492 4668 2699 4731 τούτοις
2746 4671 2973 4740 τελευτᾷ
3004 4672 3065 4723 τὸ
3106 4674 3264 4741 σῶμα
3294 4677 3321 4726 6
3358 4680 3537 4743 μακά-

1966 4770 2099 4822 ριος,
2151 4751 2248 4820 τὴν
2289 4750 2463 4819 ψυχὴν
2518 4753 2858 4820 ζωοποιήσας
2906 4752 2983 4821 τῷ
3031 4754 3173 4825 ἀγίῳ
3221 4759 3493 4826 Πνεύματι
3522 4778 3534 4790 ’

1962 4836 2294 4903 κοινωνήσας
2325 4836 2389 4903 τῇ
2423 4835 2583 4903 ἐορτῇ
2616 4832 2723 4886 τῶν
2768 4835 3102 4904 Ἐπιφανίων
3125 4840 3182 4890 ἐν
3210 4843 3275 4908 τῇ
3308 4841 3539 4910 Ἐκκλη-

1964 4922 2073 4989 σία.
2137 4918 2425 4984 Ἀφηγεῖτο
2488 4916 2579 4969 οῦν
2638 4920 2767 4987 ήμῖν
2808 4920 2836 4969 ὀ
2870 4924 3116 4985 γενναῖος
3168 4921 3262 4973 τοῦ
3299 4924 3537 4993 Χριστοῦ

1963 5001 2197 5071 ἀθλητὴς
2226 5004 2354 5069 περὶ
2376 5004 2464 5053 τὸν
2486 5001 2736 5060 θάνατον,
2763 5003 2843 5053 ὅτι
2871 5003 3065 5071 Τρίτον
3093 5003 3208 5065 ἔτος
3234 5006 3340 5073 ἔχω
3368 5009 3460 5073 ἀφ’
3477 5004 3537 5059 οὗ

1962 5086 2143 5137 οὐκέτι
2193 5083 2443 5152 ὼχλήθην
2496 5083 2602 5135 ὑπὸ
2649 5083 2946 5153 ἐπιθυμίας
2986 5091 3272 5157 σαρκικῆς.
3309 5089 3369 5140 Εἰ
3401 5094 3540 5157 μετὰ

1963 5170 2215 5222 τοσοῦτον
2247 5168 2449 5234 αρετῆς
2483 5167 2594 5237 βίον
2639 5170 2735 5221 καὶ
2764 5170 3048 5238 ἀσκήσεως
3092 5172 3250 5226 πόνον
3280 5175 3535 5243 ἄμετρον,

1965 5254 2058 5306 καὶ
2101 5253 2267 5305 κόπον
2305 5252 2750 5320 ἀκαμπέστατον,
2802 5254 2894 5304 καὶ
2920 5255 3230 5324 προσευχὴν
3264 5258 3539 5325 νήφουσαν

1972 5337 2339 5398 ἀδιάλειπτον,
2384 5336 2477 5387 καὶ
2507 5337 2597 5386 ἐπὶ
2639 5334 2892 5387 τοσοῦτον
2926 5338 2954 5387 ὀ
2989 5339 3279 5405 μισόκαλος
3316 5342 3407 5393 καὶ
3456 5342 3537 5392 δι-

1971 5420 2311 5489 εφθαρμένος
2342 5420 2551 5488 δαίμων
2582 5418 2757 5489 τούτῳ
2783 5420 2859 5487 τῷ
2882 5421 3013 5489 ὀσίῳ
3044 5422 3343 5486 ἐπέθετο,τί
3362 5425 3541 5477 τοίνυν

1972 5505 2202 5572 πάσχειν
2232 5504 2356 5565 τοὺς
2388 5502 2792 5572 ρᾳθυμοτέρους
2814 5502 3039 5571 οἰόμεθα
3060 5504 3162 5555 ὑπὸ
3179 5504 3271 5555 τοῦ
3294 5509 3539 5576 μυσαροῦ

1968 5587 2241 5655 δαίμονος,
2269 5586 2300 5651 ἢ
2333 5586 2437 5636 ὑπὸ
2464 5585 2561 5652 τῆς
2602 5584 2795 5637 ἐαυτοῦ
2856 5586 3146 5653 ἀμελείαςς
3184 5587 3426 5657 ἐμηνύθη
3461 5590 3540 5657 τῷ

1970 5669 2109 5737 ἁγίῳ
2141 5668 2316 5735 τούτῳ
2340 5668 2468 5718 ποτὲ
2502 5667 2777 5734 ήτελευτὴ
2811 5667 2901 5718 τοῦ
2931 5668 3121 5719 ἑαυτοῦ
3142 5670 3393 5738 πατέρος.
3431 5672 3540 5721 Καὶ

1970 5754 2113 5818 λέγει
2141 5752 2217 5820 τῷ
2254 5751 2656 5817 ἀναγγείλαντι,
2698 5750 2907 5804 Παῦσαι
2938 5751 3272 5821 βλασφημῶν
3295 5769 3306 5779 ·
3357 5756 3385 5805 ὀ
3428 5756 3534 5826 γὰρ
