  <div class='ocr_page' id='page_1' title='image "/cluster/home/n/w/nwhite01/storage/ocr_20150623/34/nnc1.0046978860/608.png"; bbox 0 0 4258 6360; ppageno 0'>
   <div class='ocr_carea' id='block_1_1' title="bbox 317 360 450 416">
    <p class='ocr_par' dir='ltr' id='par_1_1' title="bbox 317 360 450 416">
     <span class='ocr_line' id='line_1_1' title="bbox 317 360 450 416; baseline 0.008 -4"><span class='ocrx_word' id='word_1_1' title='bbox 317 360 450 416; x_wconf 78' lang='grc'><strong>1197</strong></span> 
     </span>
    </p>
   </div>
   <div class='ocr_carea' id='block_1_2' title="bbox 1530 373 2237 429">
    <p class='ocr_par' dir='ltr' id='par_1_2' title="bbox 1530 373 2237 429">
     <span class='ocr_line' id='line_1_2' title="bbox 1530 373 2237 429; baseline -0.001 -1"><span class='ocrx_word' id='word_1_2' title='bbox 1530 374 1845 428; x_wconf 81' lang='lat' dir='ltr'><strong>HISTORIA</strong></span> <span class='ocrx_word' id='word_1_3' title='bbox 1887 373 2237 429; x_wconf 79' lang='lat' dir='ltr'><strong>LAUSIACA.</strong></span> 
     </span>
    </p>
   </div>
   <div class='ocr_carea' id='block_1_3' title="bbox 3415 399 3546 453">
    <p class='ocr_par' dir='ltr' id='par_1_3' title="bbox 3415 399 3546 453">
     <span class='ocr_line' id='line_1_3' title="bbox 3415 399 3546 453; baseline 0.015 -2"><span class='ocrx_word' id='word_1_4' title='bbox 3415 399 3546 453; x_wconf 90' lang='lat' dir='ltr'><strong>II98</strong></span> 
     </span>
    </p>
   </div>
   <div class='ocr_carea' id='block_1_4' title="bbox 315 481 3544 560">
    <p class='ocr_par' dir='ltr' id='par_1_4' title="bbox 315 481 3544 560">
     <span class='ocr_line' id='line_1_4' title="bbox 315 481 3544 560; baseline 0.006 -29"><span class='ocrx_word' id='word_1_5' title='bbox 315 481 577 534; x_wconf 81' lang='lat' dir='ltr'><strong>tisstmnm</strong></span> <span class='ocrx_word' id='word_1_6' title='bbox 607 489 659 536; x_wconf 93' lang='lat' dir='ltr'><strong>et</strong></span> <span class='ocrx_word' id='word_1_7' title='bbox 694 482 1135 550; x_wconf 86' lang='lat' dir='ltr'><strong>perfectissimum</strong></span> <span class='ocrx_word' id='word_1_8' title='bbox 1175 486 1294 537; x_wconf 65' lang='lat' dir='ltr'><strong>vitae</strong></span> <span class='ocrx_word' id='word_1_9' title='bbox 1324 485 1621 539; x_wconf 87' lang='lat' dir='ltr'><strong>institutum</strong></span> <span class='ocrx_word' id='word_1_10' title='bbox 1654 485 1876 554; x_wconf 74' lang='lat' dir='ltr'><strong>insignis</strong></span> <span class='ocrx_word' id='word_1_11' title='bbox 1904 487 1953 543; x_wconf 85' lang='lat' dir='ltr'><strong>A</strong></span> <span class='ocrx_word' id='word_1_12' title='bbox 1985 485 2059 537; x_wconf 89' lang='lat' dir='ltr'><strong>illi</strong></span> <span class='ocrx_word' id='word_1_13' title='bbox 2102 486 2205 538; x_wconf 91' lang='lat' dir='ltr'><strong>vim</strong></span> <span class='ocrx_word' id='word_1_14' title='bbox 2256 484 2490 539; x_wconf 81' lang='lat' dir='ltr'><strong>facerent</strong></span> <span class='ocrx_word' id='word_1_15' title='bbox 2540 496 2597 540; x_wconf 93' lang='lat' dir='ltr'><strong>ut</strong></span> <span class='ocrx_word' id='word_1_16' title='bbox 2634 488 2740 541; x_wconf 92' lang='lat' dir='ltr'><strong>illic</strong></span> <span class='ocrx_word' id='word_1_17' title='bbox 2782 491 3118 557; x_wconf 89' lang='lat' dir='ltr'><strong>comederet,</strong></span> <span class='ocrx_word' id='word_1_18' title='bbox 3155 506 3259 545; x_wconf 94' lang='lat' dir='ltr'><strong>non</strong></span> <span class='ocrx_word' id='word_1_19' title='bbox 3294 494 3463 560; x_wconf 85' lang='lat' dir='ltr'><strong>potuit</strong></span> <span class='ocrx_word' id='word_1_20' title='bbox 3494 497 3544 549; x_wconf 88' lang='lat' dir='ltr'><strong>iu</strong></span> 
     </span>
    </p>
   </div>
   <div class='ocr_carea' id='block_1_5' title="bbox 314 568 537 631">
    <p class='ocr_par' dir='ltr' id='par_1_5' title="bbox 314 568 537 631">
     <span class='ocr_line' id='line_1_5' title="bbox 314 568 537 631; baseline 0 -10"><span class='ocrx_word' id='word_1_21' title='bbox 314 568 537 631; x_wconf 78' lang='lat' dir='ltr'><strong>Evagrii.</strong></span> 
     </span>
    </p>
   </div>
   <div class='ocr_carea' id='block_1_6' title="bbox 804 640 1387 697">
    <p class='ocr_par' dir='ltr' id='par_1_6' title="bbox 804 640 1387 697">
     <span class='ocr_line' id='line_1_6' title="bbox 804 640 1387 697; baseline 0.005 -3"><span class='ocrx_word' id='word_1_22' title='bbox 804 640 1026 695; x_wconf 89' lang='lat' dir='ltr'><strong>CAPUT</strong></span> <span class='ocrx_word' id='word_1_23' title='bbox 1086 641 1387 697; x_wconf 78' lang='lat' dir='ltr'><strong>LXXXVII.</strong></span> 
     </span>
    </p>
   </div>
   <div class='ocr_carea' id='block_1_7' title="bbox 750 750 1446 821">
    <p class='ocr_par' dir='ltr' id='par_1_7' title="bbox 750 750 1446 821">
     <span class='ocr_line' id='line_1_7' title="bbox 750 750 1446 821; baseline 0.007 -20"><span class='ocrx_word' id='word_1_24' title='bbox 750 750 867 802; x_wconf 88' lang='lat' dir='ltr'><strong>Vita</strong></span> <span class='ocrx_word' id='word_1_25' title='bbox 892 751 1084 804; x_wconf 82' lang='lat' dir='ltr'><strong>abbatis</strong></span> <span class='ocrx_word' id='word_1_26' title='bbox 1114 751 1240 804; x_wconf 87' lang='lat' dir='ltr'><strong>Pior</strong></span> <span class='ocrx_word' id='word_1_27' title='bbox 1274 751 1446 821; x_wconf 79' lang='lat' dir='ltr'><strong>H58).</strong></span> 
     </span>
    </p>
   </div>
   <div class='ocr_carea' id='block_1_8' title="bbox 384 837 1872 914">
    <p class='ocr_par' dir='ltr' id='par_1_8' title="bbox 384 837 1872 914">
     <span class='ocr_line' id='line_1_8' title="bbox 384 837 1872 914; baseline 0.005 -24"><span class='ocrx_word' id='word_1_28' title='bbox 384 837 605 904; x_wconf 84' lang='lat' dir='ltr'><strong>Quidam</strong></span> <span class='ocrx_word' id='word_1_29' title='bbox 634 838 756 892; x_wconf 91' lang='lat' dir='ltr'><strong>Pior</strong></span> <span class='ocrx_word' id='word_1_30' title='bbox 778 844 993 895; x_wconf 85' lang='lat' dir='ltr'><strong>nomine</strong></span> <span class='ocrx_word' id='word_1_31' title='bbox 1028 841 1220 912; x_wconf 59' lang='lat' dir='ltr'><strong>(Ruﬁl,</strong></span> <span class='ocrx_word' id='word_1_32' title='bbox 1256 844 1294 896; x_wconf 85' lang='grc' dir='ltr'><strong>Ι.</strong></span> <span class='ocrx_word' id='word_1_33' title='bbox 1329 858 1407 907; x_wconf 90' lang='lat' dir='ltr'><strong>ttt,</strong></span> <span class='ocrx_word' id='word_1_34' title='bbox 1441 860 1493 895; x_wconf 81' lang='grc' dir='ltr'><strong>η.</strong></span> <span class='ocrx_word' id='word_1_35' title='bbox 1525 843 1626 908; x_wconf 77' lang='lat' dir='ltr'><strong>5i;</strong></span> <span class='ocrx_word' id='word_1_36' title='bbox 1660 843 1872 914; x_wconf 79' lang='lat' dir='ltr'><strong>Pelag.,</strong></span> 
     </span>
    </p>
   </div>
   <div class='ocr_carea' id='block_1_9' title="bbox 311 928 1872 1005">
    <p class='ocr_par' dir='ltr' id='par_1_9' title="bbox 311 928 1872 1005">
     <span class='ocr_line' id='line_1_9' title="bbox 311 928 1872 1005; baseline 0.006 -24"><span class='ocrx_word' id='word_1_37' title='bbox 311 928 471 983; x_wconf 72' lang='lat' dir='ltr'><strong>libefl.</strong></span> <span class='ocrx_word' id='word_1_38' title='bbox 516 944 586 994; x_wconf 86' lang='lat' dir='ltr'><strong>tv,</strong></span> <span class='ocrx_word' id='word_1_39' title='bbox 630 947 684 985; x_wconf 72' lang='grc' dir='ltr'><strong>τι.</strong></span> <span class='ocrx_word' id='word_1_40' title='bbox 717 930 830 1000; x_wconf 70' lang='grc'><strong>⁸54).</strong></span> <span class='ocrx_word' id='word_1_41' title='bbox 872 932 1152 1001; x_wconf 67' lang='lat' dir='ltr'><strong>Egyptius</strong></span> <span class='ocrx_word' id='word_1_42' title='bbox 1180 949 1399 1003; x_wconf 87' lang='lat' dir='ltr'><strong>genere,</strong></span> <span class='ocrx_word' id='word_1_43' title='bbox 1445 944 1600 990; x_wconf 69' lang='lat' dir='ltr'><strong>aetate</strong></span> <span class='ocrx_word' id='word_1_44' title='bbox 1643 936 1872 1005; x_wconf 82' lang='lat' dir='ltr'><strong>juvenis,</strong></span> 
     </span>
    </p>
   </div>
   <div class='ocr_carea' id='block_1_10' title="bbox 308 1023 1873 1095">
    <p class='ocr_par' dir='ltr' id='par_1_10' title="bbox 308 1023 1873 1095">
     <span class='ocr_line' id='line_1_10' title="bbox 308 1023 1873 1095; baseline 0.006 -21"><span class='ocrx_word' id='word_1_45' title='bbox 308 1036 429 1074; x_wconf 86' lang='lat' dir='ltr'><strong>cum</strong></span> <span class='ocrx_word' id='word_1_46' title='bbox 462 1023 659 1076; x_wconf 88' lang='lat' dir='ltr'><strong>mundo</strong></span> <span class='ocrx_word' id='word_1_47' title='bbox 689 1025 1066 1089; x_wconf 87' lang='lat' dir='ltr'><strong>renuntiasset,</strong></span> <span class='ocrx_word' id='word_1_48' title='bbox 1108 1027 1240 1081; x_wconf 86' lang='lat' dir='ltr'><strong>exiit</strong></span> <span class='ocrx_word' id='word_1_49' title='bbox 1264 1041 1296 1081; x_wconf 92' lang='lat' dir='ltr'><strong>e</strong></span> <span class='ocrx_word' id='word_1_50' title='bbox 1324 1026 1483 1080; x_wconf 92' lang='lat' dir='ltr'><strong>domo</strong></span> <span class='ocrx_word' id='word_1_51' title='bbox 1514 1037 1775 1095; x_wconf 85' lang='lat' dir='ltr'><strong>paterna;</strong></span> <span class='ocrx_word' id='word_1_52' title='bbox 1820 1040 1873 1084; x_wconf 91' lang='lat' dir='ltr'><strong>et</strong></span> 
     </span>
    </p>
   </div>
   <div class='ocr_carea' id='block_1_11' title="bbox 311 1113 1874 1189">
    <p class='ocr_par' dir='ltr' id='par_1_11' title="bbox 311 1113 1874 1189">
     <span class='ocr_line' id='line_1_11' title="bbox 311 1113 1874 1189; baseline 0.007 -26"><span class='ocrx_word' id='word_1_53' title='bbox 311 1120 530 1180; x_wconf 78' lang='lat' dir='ltr'><strong>propter</strong></span> <span class='ocrx_word' id='word_1_54' title='bbox 560 1113 820 1181; x_wconf 78' lang='lat' dir='ltr'><strong>insignem</strong></span> <span class='ocrx_word' id='word_1_55' title='bbox 863 1130 1095 1171; x_wconf 85' lang='lat' dir='ltr'><strong>amorem</strong></span> <span class='ocrx_word' id='word_1_56' title='bbox 1142 1118 1454 1186; x_wconf 77' lang='lat' dir='ltr'><strong>spiritalem,</strong></span> <span class='ocrx_word' id='word_1_57' title='bbox 1507 1120 1617 1174; x_wconf 89' lang='lat' dir='ltr'><strong>Deo</strong></span> <span class='ocrx_word' id='word_1_58' title='bbox 1647 1130 1731 1174; x_wconf 90' lang='lat' dir='ltr'><strong>est</strong></span> <span class='ocrx_word' id='word_1_59' title='bbox 1753 1136 1874 1189; x_wconf 90' lang='lat' dir='ltr'><strong>pro-</strong></span> 
     </span>
    </p>
   </div>
   <div class='ocr_carea' id='block_1_12' title="bbox 314 1205 1870 1282">
    <p class='ocr_par' dir='ltr' id='par_1_12' title="bbox 314 1205 1870 1282">
     <span class='ocr_line' id='line_1_12' title="bbox 314 1205 1870 1282; baseline 0.008 -27"><span class='ocrx_word' id='word_1_60' title='bbox 314 1205 485 1259; x_wconf 84' lang='lat' dir='ltr'><strong>fessus</strong></span> <span class='ocrx_word' id='word_1_61' title='bbox 511 1220 569 1258; x_wconf 86' lang='lat' dir='ltr'><strong>se</strong></span> <span class='ocrx_word' id='word_1_62' title='bbox 602 1206 801 1259; x_wconf 91' lang='lat' dir='ltr'><strong>nullum</strong></span> <span class='ocrx_word' id='word_1_63' title='bbox 832 1224 900 1262; x_wconf 91' lang='lat' dir='ltr'><strong>ex</strong></span> <span class='ocrx_word' id='word_1_64' title='bbox 924 1208 1034 1262; x_wconf 86' lang='lat' dir='ltr'><strong>suis</strong></span> <span class='ocrx_word' id='word_1_65' title='bbox 1053 1209 1290 1263; x_wconf 87' lang='lat' dir='ltr'><strong>visurum</strong></span> <span class='ocrx_word' id='word_1_66' title='bbox 1319 1210 1565 1278; x_wconf 81' lang='lat' dir='ltr'><strong>amplius.</strong></span> <span class='ocrx_word' id='word_1_67' title='bbox 1598 1212 1870 1282; x_wconf 87' lang='lat' dir='ltr'><strong>Quinqua-</strong></span> 
     </span>
    </p>
   </div>
   <div class='ocr_carea' id='block_1_13' title="bbox 307 1296 1867 1370">
    <p class='ocr_par' dir='ltr' id='par_1_13' title="bbox 307 1296 1867 1370">
     <span class='ocr_line' id='line_1_13' title="bbox 307 1296 1867 1370; baseline 0.008 -28"><span class='ocrx_word' id='word_1_68' title='bbox 307 1296 450 1360; x_wconf 74' lang='lat' dir='ltr'><strong>ginta</strong></span> <span class='ocrx_word' id='word_1_69' title='bbox 493 1308 623 1362; x_wconf 89' lang='lat' dir='ltr'><strong>ergo</strong></span> <span class='ocrx_word' id='word_1_70' title='bbox 653 1304 772 1362; x_wconf 87' lang='lat' dir='ltr'><strong>post</strong></span> <span class='ocrx_word' id='word_1_71' title='bbox 802 1298 973 1363; x_wconf 87' lang='lat' dir='ltr'><strong>anuis_</strong></span> <span class='ocrx_word' id='word_1_72' title='bbox 1008 1313 1163 1353; x_wconf 92' lang='lat' dir='ltr'><strong>soror</strong></span> <span class='ocrx_word' id='word_1_73' title='bbox 1190 1300 1304 1367; x_wconf 90' lang='lat' dir='ltr'><strong>ejus</strong></span> <span class='ocrx_word' id='word_1_74' title='bbox 1336 1316 1455 1369; x_wconf 74' lang='lat' dir='ltr'><strong>qua:</strong></span> <span class='ocrx_word' id='word_1_75' title='bbox 1492 1313 1867 1370; x_wconf 76' lang='lat' dir='ltr'><strong>consenuerat,</strong></span> 
     </span>
    </p>
   </div>
   <div class='ocr_carea' id='block_1_14' title="bbox 307 1382 1867 1457">
    <p class='ocr_par' dir='ltr' id='par_1_14' title="bbox 307 1382 1867 1457">
     <span class='ocr_line' id='line_1_14' title="bbox 307 1382 1867 1457; baseline 0.01 -26"><span class='ocrx_word' id='word_1_76' title='bbox 307 1390 361 1432; x_wconf 81' lang='lat' dir='ltr'><strong>et</strong></span> <span class='ocrx_word' id='word_1_77' title='bbox 390 1382 456 1434; x_wconf 93' lang='lat' dir='ltr'><strong>ab</strong></span> <span class='ocrx_word' id='word_1_78' title='bbox 496 1382 674 1451; x_wconf 84' lang='lat' dir='ltr'><strong>aliquo</strong></span> <span class='ocrx_word' id='word_1_79' title='bbox 705 1386 993 1439; x_wconf 90' lang='lat' dir='ltr'><strong>resciverat</strong></span> <span class='ocrx_word' id='word_1_80' title='bbox 1032 1386 1247 1440; x_wconf 75' lang='lat' dir='ltr'><strong>fratrem</strong></span> <span class='ocrx_word' id='word_1_81' title='bbox 1278 1404 1428 1441; x_wconf 90' lang='lat' dir='ltr'><strong>suum</strong></span> <span class='ocrx_word' id='word_1_82' title='bbox 1456 1389 1663 1457; x_wconf 86' lang='lat' dir='ltr'><strong>vivere,</strong></span> <span class='ocrx_word' id='word_1_83' title='bbox 1693 1392 1867 1446; x_wconf 84' lang='lat' dir='ltr'><strong>venie-</strong></span> 
     </span>
    </p>
   </div>
   <div class='ocr_carea' id='block_1_15' title="bbox 307 1471 1866 1547">
    <p class='ocr_par' dir='ltr' id='par_1_15' title="bbox 307 1471 1866 1547">
     <span class='ocr_line' id='line_1_15' title="bbox 307 1471 1866 1547; baseline 0.008 -25"><span class='ocrx_word' id='word_1_84' title='bbox 307 1471 398 1523; x_wconf 91' lang='lat' dir='ltr'><strong>bat</strong></span> <span class='ocrx_word' id='word_1_85' title='bbox 422 1471 474 1523; x_wconf 94' lang='lat' dir='ltr'><strong>in</strong></span> <span class='ocrx_word' id='word_1_86' title='bbox 507 1472 700 1526; x_wconf 89' lang='lat' dir='ltr'><strong>mentis</strong></span> <span class='ocrx_word' id='word_1_87' title='bbox 732 1484 922 1527; x_wconf 66' lang='lat' dir='ltr'><strong>emotae</strong></span> <span class='ocrx_word' id='word_1_88' title='bbox 952 1477 1277 1545; x_wconf 81' lang='lat' dir='ltr'><strong>periculum,</strong></span> <span class='ocrx_word' id='word_1_89' title='bbox 1310 1479 1411 1533; x_wconf 89' lang='lat' dir='ltr'><strong>nisi</strong></span> <span class='ocrx_word' id='word_1_90' title='bbox 1445 1480 1613 1547; x_wconf 92' lang='lat' dir='ltr'><strong>ipsum</strong></span> <span class='ocrx_word' id='word_1_91' title='bbox 1643 1482 1866 1536; x_wconf 90' lang='lat' dir='ltr'><strong>videret.</strong></span> 
     </span>
    </p>
   </div>
   <div class='ocr_carea' id='block_1_16' title="bbox 304 1559 1867 1637">
    <p class='ocr_par' dir='ltr' id='par_1_16' title="bbox 304 1559 1867 1637">
     <span class='ocr_line' id='line_1_16' title="bbox 304 1559 1867 1637; baseline 0.008 -26"><span class='ocrx_word' id='word_1_92' title='bbox 304 1559 436 1611; x_wconf 86' lang='lat' dir='ltr'><strong>Cum</strong></span> <span class='ocrx_word' id='word_1_93' title='bbox 465 1570 641 1613; x_wconf 81' lang='lat' dir='ltr'><strong>autem</strong></span> <span class='ocrx_word' id='word_1_94' title='bbox 675 1576 779 1615; x_wconf 91' lang='lat' dir='ltr'><strong>non</strong></span> <span class='ocrx_word' id='word_1_95' title='bbox 814 1574 993 1630; x_wconf 77' lang='lat' dir='ltr'><strong>posset</strong></span> <span class='ocrx_word' id='word_1_96' title='bbox 1026 1567 1211 1621; x_wconf 87' lang='lat' dir='ltr'><strong>venire</strong></span> <span class='ocrx_word' id='word_1_97' title='bbox 1253 1569 1303 1621; x_wconf 92' lang='lat' dir='ltr'><strong>in</strong></span> <span class='ocrx_word' id='word_1_98' title='bbox 1340 1580 1544 1623; x_wconf 90' lang='lat' dir='ltr'><strong>vastum</strong></span> <span class='ocrx_word' id='word_1_99' title='bbox 1578 1570 1867 1637; x_wconf 91' lang='lat' dir='ltr'><strong>desertum,</strong></span> 
     </span>
    </p>
   </div>
   <div class='ocr_carea' id='block_1_17' title="bbox 304 1649 1869 1723">
    <p class='ocr_par' dir='ltr' id='par_1_17' title="bbox 304 1649 1869 1723">
     <span class='ocr_line' id='line_1_17' title="bbox 304 1649 1869 1723; baseline 0.011 -24"><span class='ocrx_word' id='word_1_100' title='bbox 304 1649 508 1711; x_wconf 83' lang='lat' dir='ltr'><strong>rogavit</strong></span> <span class='ocrx_word' id='word_1_101' title='bbox 551 1650 691 1702; x_wconf 90' lang='lat' dir='ltr'><strong>illius</strong></span> <span class='ocrx_word' id='word_1_102' title='bbox 719 1652 817 1705; x_wconf 93' lang='lat' dir='ltr'><strong>loci</strong></span> <span class='ocrx_word' id='word_1_103' title='bbox 851 1655 1155 1723; x_wconf 86' lang='lat' dir='ltr'><strong>episcopum</strong></span> <span class='ocrx_word' id='word_1_104' title='bbox 1188 1667 1244 1711; x_wconf 93' lang='lat' dir='ltr'><strong>ut</strong></span> <span class='ocrx_word' id='word_1_105' title='bbox 1272 1658 1529 1713; x_wconf 90' lang='lat' dir='ltr'><strong>scriberet</strong></span> <span class='ocrx_word' id='word_1_106' title='bbox 1558 1660 1624 1714; x_wconf 89' lang='lat' dir='ltr'><strong>ad</strong></span> <span class='ocrx_word' id='word_1_107' title='bbox 1654 1672 1869 1716; x_wconf 86' lang='lat' dir='ltr'><strong>sanctos</strong></span> 
     </span>
    </p>
   </div>
   <div class='ocr_carea' id='block_1_18' title="bbox 306 1733 1871 1815">
    <p class='ocr_par' dir='ltr' id='par_1_18' title="bbox 306 1733 1871 1815">
     <span class='ocr_line' id='line_1_18' title="bbox 306 1733 1871 1815; baseline 0.012 -30"><span class='ocrx_word' id='word_1_108' title='bbox 306 1733 488 1787; x_wconf 83' lang='lat' dir='ltr'><strong>Patres</strong></span> <span class='ocrx_word' id='word_1_109' title='bbox 513 1739 600 1803; x_wconf 92' lang='lat' dir='ltr'><strong>qui</strong></span> <span class='ocrx_word' id='word_1_110' title='bbox 629 1749 785 1792; x_wconf 88' lang='lat' dir='ltr'><strong>erant</strong></span> <span class='ocrx_word' id='word_1_111' title='bbox 810 1742 861 1794; x_wconf 82' lang='lat' dir='ltr'><strong>in</strong></span> <span class='ocrx_word' id='word_1_112' title='bbox 887 1742 1190 1810; x_wconf 85' lang='lat' dir='ltr'><strong>solitudine,</strong></span> <span class='ocrx_word' id='word_1_113' title='bbox 1220 1753 1278 1797; x_wconf 92' lang='lat' dir='ltr'><strong>ut</strong></span> <span class='ocrx_word' id='word_1_114' title='bbox 1306 1746 1474 1813; x_wconf 89' lang='lat' dir='ltr'><strong>ipsum</strong></span> <span class='ocrx_word' id='word_1_115' title='bbox 1503 1748 1790 1815; x_wconf 89' lang='lat' dir='ltr'><strong>mitterent,</strong></span> <span class='ocrx_word' id='word_1_116' title='bbox 1815 1758 1871 1803; x_wconf 89' lang='lat' dir='ltr'><strong>et</strong></span> 
     </span>
    </p>
   </div>
   <div class='ocr_carea' id='block_1_19' title="bbox 297 1828 1869 1904">
    <p class='ocr_par' dir='ltr' id='par_1_19' title="bbox 297 1828 1869 1904">
     <span class='ocr_line' id='line_1_19' title="bbox 297 1828 1869 1904; baseline 0.009 -26"><span class='ocrx_word' id='word_1_117' title='bbox 297 1838 419 1878; x_wconf 87' lang='lat' dir='ltr'><strong>eum</strong></span> <span class='ocrx_word' id='word_1_118' title='bbox 451 1828 670 1882; x_wconf 92' lang='lat' dir='ltr'><strong>videret.</strong></span> <span class='ocrx_word' id='word_1_119' title='bbox 716 1829 846 1883; x_wconf 91' lang='lat' dir='ltr'><strong>Cum</strong></span> <span class='ocrx_word' id='word_1_120' title='bbox 876 1847 1006 1900; x_wconf 91' lang='lat' dir='ltr'><strong>ergo</strong></span> <span class='ocrx_word' id='word_1_121' title='bbox 1035 1835 1082 1887; x_wconf 92' lang='lat' dir='ltr'><strong>ei</strong></span> <span class='ocrx_word' id='word_1_122' title='bbox 1110 1836 1190 1888; x_wconf 88' lang='lat' dir='ltr'><strong>vis</strong></span> <span class='ocrx_word' id='word_1_123' title='bbox 1220 1850 1407 1904; x_wconf 90' lang='lat' dir='ltr'><strong>magna</strong></span> <span class='ocrx_word' id='word_1_124' title='bbox 1438 1836 1736 1902; x_wconf 72' lang='lat' dir='ltr'><strong>efferretur,</strong></span> <span class='ocrx_word' id='word_1_125' title='bbox 1764 1839 1869 1892; x_wconf 90' lang='lat' dir='ltr'><strong>Pa-</strong></span> 
     </span>
    </p>
   </div>
   <div class='ocr_carea' id='block_1_20' title="bbox 302 1916 1871 1995">
    <p class='ocr_par' dir='ltr' id='par_1_20' title="bbox 302 1916 1871 1995">
     <span class='ocr_line' id='line_1_20' title="bbox 302 1916 1871 1995; baseline 0.011 -29"><span class='ocrx_word' id='word_1_126' title='bbox 302 1916 469 1968; x_wconf 89' lang='lat' dir='ltr'><strong>tribus</strong></span> <span class='ocrx_word' id='word_1_127' title='bbox 500 1919 775 1984; x_wconf 67' lang='lat' dir='ltr'><strong>obediens,</strong></span> <span class='ocrx_word' id='word_1_128' title='bbox 801 1923 983 1975; x_wconf 81' lang='lat' dir='ltr'><strong>statuit</strong></span> <span class='ocrx_word' id='word_1_129' title='bbox 1016 1940 1121 1977; x_wconf 92' lang='lat' dir='ltr'><strong>uno</strong></span> <span class='ocrx_word' id='word_1_130' title='bbox 1143 1926 1248 1978; x_wconf 91' lang='lat' dir='ltr'><strong>alio</strong></span> <span class='ocrx_word' id='word_1_131' title='bbox 1277 1935 1573 1995; x_wconf 84' lang='lat' dir='ltr'><strong>assumpto,</strong></span> <span class='ocrx_word' id='word_1_132' title='bbox 1607 1929 1783 1994; x_wconf 90' lang='lat' dir='ltr'><strong>abire;</strong></span> <span class='ocrx_word' id='word_1_133' title='bbox 1818 1940 1871 1984; x_wconf 92' lang='lat' dir='ltr'><strong>et</strong></span> 
     </span>
    </p>
   </div>
   <div class='ocr_carea' id='block_1_21' title="bbox 303 2006 1871 2074">
    <p class='ocr_par' dir='ltr' id='par_1_21' title="bbox 303 2006 1871 2074">
     <span class='ocr_line' id='line_1_21' title="bbox 303 2006 1871 2074; baseline 0.011 -17"><span class='ocrx_word' id='word_1_134' title='bbox 303 2006 621 2074; x_wconf 83' lang='lat' dir='ltr'><strong>significavit</strong></span> <span class='ocrx_word' id='word_1_135' title='bbox 662 2010 837 2066; x_wconf 91' lang='lat' dir='ltr'><strong>domui</strong></span> <span class='ocrx_word' id='word_1_136' title='bbox 871 2014 1073 2068; x_wconf 86' lang='lat' dir='ltr'><strong>sororis</strong></span> <span class='ocrx_word' id='word_1_137' title='bbox 1107 2015 1321 2068; x_wconf 90' lang='lat' dir='ltr'><strong>fratrem</strong></span> <span class='ocrx_word' id='word_1_138' title='bbox 1364 2030 1514 2070; x_wconf 90' lang='lat' dir='ltr'><strong>suum</strong></span> <span class='ocrx_word' id='word_1_139' title='bbox 1552 2018 1676 2071; x_wconf 91' lang='lat' dir='ltr'><strong>Pior</strong></span> <span class='ocrx_word' id='word_1_140' title='bbox 1709 2019 1871 2074; x_wconf 81' lang='lat' dir='ltr'><strong>adve-</strong></span> 
     </span>
    </p>
   </div>
   <div class='ocr_carea' id='block_1_22' title="bbox 310 2098 1866 2177">
    <p class='ocr_par' dir='ltr' id='par_1_22' title="bbox 310 2098 1866 2177">
     <span class='ocr_line' id='line_1_22' title="bbox 310 2098 1866 2177; baseline 0.009 -28"><span class='ocrx_word' id='word_1_141' title='bbox 310 2099 442 2160; x_wconf 86' lang='lat' dir='ltr'><strong>nire,</strong></span> <span class='ocrx_word' id='word_1_142' title='bbox 479 2108 534 2153; x_wconf 91' lang='lat' dir='ltr'><strong>et</strong></span> <span class='ocrx_word' id='word_1_143' title='bbox 568 2098 698 2155; x_wconf 92' lang='lat' dir='ltr'><strong>foris</strong></span> <span class='ocrx_word' id='word_1_144' title='bbox 724 2113 885 2157; x_wconf 89' lang='lat' dir='ltr'><strong>stare.</strong></span> <span class='ocrx_word' id='word_1_145' title='bbox 928 2104 1059 2158; x_wconf 90' lang='lat' dir='ltr'><strong>Cum</strong></span> <span class='ocrx_word' id='word_1_146' title='bbox 1091 2117 1264 2159; x_wconf 87' lang='lat' dir='ltr'><strong>autem</strong></span> <span class='ocrx_word' id='word_1_147' title='bbox 1297 2108 1555 2161; x_wconf 87' lang='lat' dir='ltr'><strong>sensisset</strong></span> <span class='ocrx_word' id='word_1_148' title='bbox 1591 2111 1866 2177; x_wconf 84' lang='lat' dir='ltr'><strong>strepitum</strong></span> 
     </span>
    </p>
   </div>
   <div class='ocr_carea' id='block_1_23' title="bbox 303 2188 1869 2265">
    <p class='ocr_par' dir='ltr' id='par_1_23' title="bbox 303 2188 1869 2265">
     <span class='ocr_line' id='line_1_23' title="bbox 303 2188 1869 2265; baseline 0.008 -26"><span class='ocrx_word' id='word_1_149' title='bbox 303 2188 449 2254; x_wconf 91' lang='lat' dir='ltr'><strong>ostii,</strong></span> <span class='ocrx_word' id='word_1_150' title='bbox 468 2196 523 2243; x_wconf 91' lang='lat' dir='ltr'><strong>et</strong></span> <span class='ocrx_word' id='word_1_151' title='bbox 545 2192 683 2256; x_wconf 81' lang='lat' dir='ltr'><strong>quod</strong></span> <span class='ocrx_word' id='word_1_152' title='bbox 706 2191 820 2259; x_wconf 91' lang='lat' dir='ltr'><strong>ejus</strong></span> <span class='ocrx_word' id='word_1_153' title='bbox 846 2207 997 2247; x_wconf 91' lang='lat' dir='ltr'><strong>soror</strong></span> <span class='ocrx_word' id='word_1_154' title='bbox 1013 2194 1060 2247; x_wconf 92' lang='lat' dir='ltr'><strong>ei</strong></span> <span class='ocrx_word' id='word_1_155' title='bbox 1082 2197 1281 2249; x_wconf 89' lang='lat' dir='ltr'><strong>veniret</strong></span> <span class='ocrx_word' id='word_1_156' title='bbox 1302 2197 1533 2263; x_wconf 84' lang='lat' dir='ltr'><strong>obviam,</strong></span> <span class='ocrx_word' id='word_1_157' title='bbox 1558 2198 1700 2265; x_wconf 88' lang='lat' dir='ltr'><strong>Pior,</strong></span> <span class='ocrx_word' id='word_1_158' title='bbox 1725 2200 1869 2253; x_wconf 86' lang='lat' dir='ltr'><strong>clau-</strong></span> 
     </span>
    </p>
   </div>
   <div class='ocr_carea' id='block_1_24' title="bbox 294 2276 1863 2355">
    <p class='ocr_par' dir='ltr' id='par_1_24' title="bbox 294 2276 1863 2355">
     <span class='ocr_line' id='line_1_24' title="bbox 294 2276 1863 2355; baseline 0.008 -26"><span class='ocrx_word' id='word_1_159' title='bbox 294 2276 374 2330; x_wconf 88' lang='lat' dir='ltr'><strong>sis</strong></span> <span class='ocrx_word' id='word_1_160' title='bbox 402 2276 601 2340; x_wconf 90' lang='lat' dir='ltr'><strong>oculis,</strong></span> <span class='ocrx_word' id='word_1_161' title='bbox 644 2280 888 2335; x_wconf 79' lang='lat' dir='ltr'><strong>clamavit</strong></span> <span class='ocrx_word' id='word_1_162' title='bbox 918 2281 982 2335; x_wconf 91' lang='lat' dir='ltr'><strong>ad</strong></span> <span class='ocrx_word' id='word_1_163' title='bbox 1011 2283 1176 2351; x_wconf 82' lang='lat' dir='ltr'><strong>ipsam</strong></span> <span class='ocrx_word' id='word_1_164' title='bbox 1201 2300 1215 2338; x_wconf 89' lang='lat'><strong>:</strong></span> <span class='ocrx_word' id='word_1_165' title='bbox 1240 2286 1283 2339; x_wconf 89' lang='grc'>0</span> <span class='ocrx_word' id='word_1_166' title='bbox 1313 2299 1466 2339; x_wconf 88' lang='lat' dir='ltr'><strong>soror</strong></span> <span class='ocrx_word' id='word_1_167' title='bbox 1492 2288 1581 2350; x_wconf 85' lang='lat' dir='ltr'><strong>N.,</strong></span> <span class='ocrx_word' id='word_1_168' title='bbox 1623 2302 1721 2355; x_wconf 89' lang='lat' dir='ltr'><strong>ego</strong></span> <span class='ocrx_word' id='word_1_169' title='bbox 1749 2302 1863 2341; x_wconf 92' lang='lat' dir='ltr'><strong>sum</strong></span> 
     </span>
    </p>
   </div>
   <div class='ocr_carea' id='block_1_25' title="bbox 300 2367 1862 2448">
    <p class='ocr_par' dir='ltr' id='par_1_25' title="bbox 300 2367 1862 2448">
     <span class='ocr_line' id='line_1_25' title="bbox 300 2367 1862 2448; baseline 0.009 -29"><span class='ocrx_word' id='word_1_170' title='bbox 300 2367 425 2421; x_wconf 92' lang='lat' dir='ltr'><strong>Pior</strong></span> <span class='ocrx_word' id='word_1_171' title='bbox 458 2367 620 2424; x_wconf 80' lang='lat' dir='ltr'><strong>frater</strong></span> <span class='ocrx_word' id='word_1_172' title='bbox 648 2381 790 2437; x_wconf 93' lang='lat' dir='ltr'><strong>tuus,</strong></span> <span class='ocrx_word' id='word_1_173' title='bbox 819 2389 917 2443; x_wconf 87' lang='lat' dir='ltr'><strong>ego</strong></span> <span class='ocrx_word' id='word_1_174' title='bbox 942 2389 1057 2428; x_wconf 91' lang='lat' dir='ltr'><strong>sum</strong></span> <span class='ocrx_word' id='word_1_175' title='bbox 1086 2393 1099 2428; x_wconf 86' lang='lat'><strong>:</strong></span> <span class='ocrx_word' id='word_1_176' title='bbox 1132 2391 1277 2439; x_wconf 88' lang='lat' dir='ltr'><strong>ecce,</strong></span> <span class='ocrx_word' id='word_1_177' title='bbox 1317 2378 1467 2442; x_wconf 90' lang='lat' dir='ltr'><strong>vide,</strong></span> <span class='ocrx_word' id='word_1_178' title='bbox 1497 2381 1674 2446; x_wconf 88' lang='lat' dir='ltr'><strong>aspice</strong></span> <span class='ocrx_word' id='word_1_179' title='bbox 1696 2395 1862 2448; x_wconf 87' lang='lat' dir='ltr'><strong>quan-</strong></span> 
     </span>
    </p>
   </div>
   <div class='ocr_carea' id='block_1_26' title="bbox 296 2462 1861 2539">
    <p class='ocr_par' dir='ltr' id='par_1_26' title="bbox 296 2462 1861 2539">
     <span class='ocr_line' id='line_1_26' title="bbox 296 2462 1861 2539; baseline 0.007 -27"><span class='ocrx_word' id='word_1_180' title='bbox 296 2469 405 2513; x_wconf 88' lang='lat' dir='ltr'><strong>tum</strong></span> <span class='ocrx_word' id='word_1_181' title='bbox 431 2462 584 2515; x_wconf 89' lang='lat' dir='ltr'><strong>velis.</strong></span> <span class='ocrx_word' id='word_1_182' title='bbox 620 2462 711 2516; x_wconf 91' lang='lat' dir='ltr'><strong>Illa</strong></span> <span class='ocrx_word' id='word_1_183' title='bbox 750 2480 877 2533; x_wconf 91' lang='lat' dir='ltr'><strong>ergo</strong></span> <span class='ocrx_word' id='word_1_184' title='bbox 911 2465 1045 2520; x_wconf 88' lang='lat' dir='ltr'><strong>facta</strong></span> <span class='ocrx_word' id='word_1_185' title='bbox 1080 2473 1278 2521; x_wconf 86' lang='lat' dir='ltr'><strong>certior</strong></span> <span class='ocrx_word' id='word_1_186' title='bbox 1320 2470 1481 2523; x_wconf 91' lang='lat' dir='ltr'><strong>Deum</strong></span> <span class='ocrx_word' id='word_1_187' title='bbox 1522 2471 1861 2539; x_wconf 89' lang='lat' dir='ltr'><strong>glorificavit,</strong></span> 
     </span>
    </p>
   </div>
   <div class='ocr_carea' id='block_1_27' title="bbox 291 2553 1863 2627">
    <p class='ocr_par' dir='ltr' id='par_1_27' title="bbox 291 2553 1863 2627">
     <span class='ocr_line' id='line_1_27' title="bbox 291 2553 1863 2627; baseline 0.008 -24"><span class='ocrx_word' id='word_1_188' title='bbox 291 2558 492 2604; x_wconf 89' lang='lat' dir='ltr'><strong>etcum</strong></span> <span class='ocrx_word' id='word_1_189' title='bbox 529 2555 689 2606; x_wconf 88' lang='lat' dir='ltr'><strong>multa</strong></span> <span class='ocrx_word' id='word_1_190' title='bbox 721 2553 973 2621; x_wconf 91' lang='lat' dir='ltr'><strong>fecisset,</strong></span> <span class='ocrx_word' id='word_1_191' title='bbox 1014 2572 1119 2611; x_wconf 89' lang='lat' dir='ltr'><strong>non</strong></span> <span class='ocrx_word' id='word_1_192' title='bbox 1155 2560 1336 2626; x_wconf 82' lang='lat' dir='ltr'><strong>putuit</strong></span> <span class='ocrx_word' id='word_1_193' title='bbox 1374 2560 1421 2613; x_wconf 92' lang='lat' dir='ltr'><strong>ei</strong></span> <span class='ocrx_word' id='word_1_194' title='bbox 1455 2562 1772 2627; x_wconf 85' lang='lat' dir='ltr'><strong>persuadere</strong></span> <span class='ocrx_word' id='word_1_195' title='bbox 1806 2571 1863 2615; x_wconf 93' lang='lat' dir='ltr'><strong>ut</strong></span> 
     </span>
    </p>
   </div>
   <div class='ocr_carea' id='block_1_28' title="bbox 291 2639 1863 2717">
    <p class='ocr_par' dir='ltr' id='par_1_28' title="bbox 291 2639 1863 2717">
     <span class='ocr_line' id='line_1_28' title="bbox 291 2639 1863 2717; baseline 0.009 -26"><span class='ocrx_word' id='word_1_196' title='bbox 291 2639 507 2692; x_wconf 89' lang='lat' dir='ltr'><strong>domum</strong></span> <span class='ocrx_word' id='word_1_197' title='bbox 542 2642 947 2715; x_wconf 83' lang='lat' dir='ltr'><strong>ingrederetur:</strong></span> <span class='ocrx_word' id='word_1_198' title='bbox 999 2646 1093 2700; x_wconf 85' lang='lat' dir='ltr'><strong>sed</strong></span> <span class='ocrx_word' id='word_1_199' title='bbox 1125 2650 1366 2702; x_wconf 88' lang='lat' dir='ltr'><strong>oratione</strong></span> <span class='ocrx_word' id='word_1_200' title='bbox 1406 2650 1541 2703; x_wconf 87' lang='lat' dir='ltr'><strong>facta</strong></span> <span class='ocrx_word' id='word_1_201' title='bbox 1573 2650 1624 2703; x_wconf 95' lang='lat' dir='ltr'><strong>in</strong></span> <span class='ocrx_word' id='word_1_202' title='bbox 1658 2650 1863 2717; x_wconf 89' lang='lat' dir='ltr'><strong>limine,</strong></span> 
     </span>
    </p>
   </div>
   <div class='ocr_carea' id='block_1_29' title="bbox 296 2724 1866 2805">
    <p class='ocr_par' dir='ltr' id='par_1_29' title="bbox 296 2724 1866 2805">
     <span class='ocr_line' id='line_1_29' title="bbox 296 2724 1866 2805; baseline 0.01 -25"><span class='ocrx_word' id='word_1_203' title='bbox 296 2745 547 2784; x_wconf 82' lang='lat' dir='ltr'><strong>reversus</strong></span> <span class='ocrx_word' id='word_1_204' title='bbox 578 2742 660 2785; x_wconf 85' lang='lat' dir='ltr'><strong>est</strong></span> <span class='ocrx_word' id='word_1_205' title='bbox 694 2734 746 2786; x_wconf 91' lang='lat' dir='ltr'><strong>in</strong></span> <span class='ocrx_word' id='word_1_206' title='bbox 784 2735 1145 2801; x_wconf 76' lang='lat' dir='ltr'><strong>solitudinem,</strong></span> <span class='ocrx_word' id='word_1_207' title='bbox 1198 2724 1463 2805; x_wconf 80' lang='lat' dir='ltr'><strong>propriam</strong></span> <span class='ocrx_word' id='word_1_208' title='bbox 1509 2739 1728 2805; x_wconf 89' lang='lat' dir='ltr'><strong>patriam</strong></span> <span class='ocrx_word' id='word_1_209' title='bbox 1760 2740 1866 2795; x_wconf 93' lang='lat' dir='ltr'><strong>illic</strong></span> 
     </span>
    </p>
   </div>
   <div class='ocr_carea' id='block_1_30' title="bbox 291 2820 1863 2896">
    <p class='ocr_par' dir='ltr' id='par_1_30' title="bbox 291 2820 1863 2896">
     <span class='ocr_line' id='line_1_30' title="bbox 291 2820 1863 2896; baseline 0.006 -24"><span class='ocrx_word' id='word_1_210' title='bbox 291 2820 389 2873; x_wconf 78' lang='lat' dir='ltr'><strong>sibi</strong></span> <span class='ocrx_word' id='word_1_211' title='bbox 422 2823 615 2876; x_wconf 90' lang='lat' dir='ltr'><strong>virtute</strong></span> <span class='ocrx_word' id='word_1_212' title='bbox 656 2839 991 2891; x_wconf 87' lang='lat' dir='ltr'><strong>comparans.</strong></span> <span class='ocrx_word' id='word_1_213' title='bbox 1033 2827 1143 2881; x_wconf 91' lang='lat' dir='ltr'><strong>lloc</strong></span> <span class='ocrx_word' id='word_1_214' title='bbox 1172 2827 1285 2895; x_wconf 87' lang='lat' dir='ltr'><strong>ejus</strong></span> <span class='ocrx_word' id='word_1_215' title='bbox 1327 2826 1493 2881; x_wconf 86' lang='lat' dir='ltr'><strong>fertur</strong></span> <span class='ocrx_word' id='word_1_216' title='bbox 1522 2830 1863 2896; x_wconf 88' lang='lat' dir='ltr'><strong>miraculum,</strong></span> 
     </span>
    </p>
   </div>
   <div class='ocr_carea' id='block_1_31' title="bbox 291 2915 1864 2987">
    <p class='ocr_par' dir='ltr' id='par_1_31' title="bbox 291 2915 1864 2987">
     <span class='ocr_line' id='line_1_31' title="bbox 291 2915 1864 2987; baseline 0.006 -22"><span class='ocrx_word' id='word_1_217' title='bbox 291 2921 432 2979; x_wconf 88' lang='lat' dir='ltr'><strong>quod</strong></span> <span class='ocrx_word' id='word_1_218' title='bbox 463 2930 580 2966; x_wconf 90' lang='lat' dir='ltr'><strong>cum</strong></span> <span class='ocrx_word' id='word_1_219' title='bbox 620 2915 839 2970; x_wconf 90' lang='lat' dir='ltr'><strong>fodisset</strong></span> <span class='ocrx_word' id='word_1_220' title='bbox 869 2919 920 2970; x_wconf 91' lang='lat' dir='ltr'><strong>in</strong></span> <span class='ocrx_word' id='word_1_221' title='bbox 964 2919 1083 2971; x_wconf 91' lang='lat' dir='ltr'><strong>loco</strong></span> <span class='ocrx_word' id='word_1_222' title='bbox 1113 2935 1268 2987; x_wconf 86' lang='lat' dir='ltr'><strong>quem</strong></span> <span class='ocrx_word' id='word_1_223' title='bbox 1310 2920 1610 2985; x_wconf 71' lang='lat' dir='ltr'><strong>aedificavit,</strong></span> <span class='ocrx_word' id='word_1_224' title='bbox 1665 2922 1864 2975; x_wconf 84' lang='lat' dir='ltr'><strong>invenit</strong></span> 
     </span>
    </p>
   </div>
   <div class='ocr_carea' id='block_1_32' title="bbox 291 3008 1862 3076">
    <p class='ocr_par' dir='ltr' id='par_1_32' title="bbox 291 3008 1862 3076">
     <span class='ocr_line' id='line_1_32' title="bbox 291 3008 1862 3076; baseline 0.006 -20"><span class='ocrx_word' id='word_1_225' title='bbox 291 3020 482 3069; x_wconf 62' lang='lat' dir='ltr'><strong>aquam</strong></span> <span class='ocrx_word' id='word_1_226' title='bbox 523 3008 932 3072; x_wconf 87' lang='lat' dir='ltr'><strong>amarissimam,</strong></span> <span class='ocrx_word' id='word_1_227' title='bbox 974 3019 1027 3064; x_wconf 90' lang='lat' dir='ltr'><strong>et</strong></span> <span class='ocrx_word' id='word_1_228' title='bbox 1064 3010 1237 3065; x_wconf 90' lang='lat' dir='ltr'><strong>donec</strong></span> <span class='ocrx_word' id='word_1_229' title='bbox 1282 3012 1537 3076; x_wconf 90' lang='lat' dir='ltr'><strong>decessit,</strong></span> <span class='ocrx_word' id='word_1_230' title='bbox 1586 3012 1694 3067; x_wconf 93' lang='lat' dir='ltr'><strong>illic</strong></span> <span class='ocrx_word' id='word_1_231' title='bbox 1747 3027 1862 3076; x_wconf 86' lang='lat' dir='ltr'><strong>per-</strong></span> 
     </span>
    </p>
   </div>
   <div class='ocr_carea' id='block_1_33' title="bbox 293 3094 1860 3168">
    <p class='ocr_par' dir='ltr' id='par_1_33' title="bbox 293 3094 1860 3168">
     <span class='ocr_line' id='line_1_33' title="bbox 293 3094 1860 3168; baseline 0.006 -23"><span class='ocrx_word' id='word_1_232' title='bbox 293 3094 510 3158; x_wconf 87' lang='lat' dir='ltr'><strong>mansit,</strong></span> <span class='ocrx_word' id='word_1_233' title='bbox 530 3104 810 3150; x_wconf 88' lang='lat' dir='ltr'><strong>contentus</strong></span> <span class='ocrx_word' id='word_1_234' title='bbox 829 3097 1055 3151; x_wconf 89' lang='lat' dir='ltr'><strong>inventis</strong></span> <span class='ocrx_word' id='word_1_235' title='bbox 1077 3100 1511 3154; x_wconf 88' lang='lat' dir='ltr'><strong>amaritudinibus</strong></span> <span class='ocrx_word' id='word_1_236' title='bbox 1527 3113 1675 3168; x_wconf 78' lang='lat' dir='ltr'><strong>aqua:</strong></span> <span class='ocrx_word' id='word_1_237' title='bbox 1692 3098 1860 3168; x_wconf 76' lang='lat' dir='ltr'><strong>(I59),</strong></span> 
     </span>
    </p>
   </div>
   <div class='ocr_carea' id='block_1_34' title="bbox 293 3180 1935 3253">
    <p class='ocr_par' dir='ltr' id='par_1_34' title="bbox 293 3180 1935 3253">
     <span class='ocr_line' id='line_1_34' title="bbox 293 3180 1935 3253; baseline 0.004 -18"><span class='ocrx_word' id='word_1_238' title='bbox 293 3194 350 3236; x_wconf 92' lang='lat' dir='ltr'><strong>ut</strong></span> <span class='ocrx_word' id='word_1_239' title='bbox 379 3184 629 3251; x_wconf 84' lang='lat' dir='ltr'><strong>generosi</strong></span> <span class='ocrx_word' id='word_1_240' title='bbox 668 3185 827 3253; x_wconf 87' lang='lat' dir='ltr'><strong>hujus</strong></span> <span class='ocrx_word' id='word_1_241' title='bbox 859 3188 1134 3240; x_wconf 86' lang='lat' dir='ltr'><strong>tolerantia</strong></span> <span class='ocrx_word' id='word_1_242' title='bbox 1173 3189 1550 3243; x_wconf 85' lang='lat' dir='ltr'><strong>iunctesceret.</strong></span> <span class='ocrx_word' id='word_1_243' title='bbox 1594 3189 1737 3241; x_wconf 83' lang='lat' dir='ltr'><strong>Multi</strong></span> <span class='ocrx_word' id='word_1_244' title='bbox 1769 3205 1861 3241; x_wconf 85' lang='lat' dir='ltr'><strong>au-</strong></span> <span class='ocrx_word' id='word_1_245' title='bbox 1888 3180 1935 3241; x_wconf 90' lang='lat' dir='ltr'><strong>C</strong></span> 
     </span>
    </p>
   </div>
   <div class='ocr_carea' id='block_1_35' title="bbox 292 3277 1863 3345">
    <p class='ocr_par' dir='ltr' id='par_1_35' title="bbox 292 3277 1863 3345">
     <span class='ocr_line' id='line_1_35' title="bbox 292 3277 1863 3345; baseline 0.004 -18"><span class='ocrx_word' id='word_1_246' title='bbox 292 3283 398 3328; x_wconf 90' lang='lat' dir='ltr'><strong>tem</strong></span> <span class='ocrx_word' id='word_1_247' title='bbox 425 3277 670 3328; x_wconf 84' lang='lat' dir='ltr'><strong>monachi</strong></span> <span class='ocrx_word' id='word_1_248' title='bbox 702 3286 820 3344; x_wconf 90' lang='lat' dir='ltr'><strong>post</strong></span> <span class='ocrx_word' id='word_1_249' title='bbox 842 3278 955 3345; x_wconf 87' lang='lat' dir='ltr'><strong>ejus</strong></span> <span class='ocrx_word' id='word_1_250' title='bbox 983 3290 1207 3333; x_wconf 87' lang='lat' dir='ltr'><strong>mortem</strong></span> <span class='ocrx_word' id='word_1_251' title='bbox 1232 3293 1350 3333; x_wconf 93' lang='lat' dir='ltr'><strong>cum</strong></span> <span class='ocrx_word' id='word_1_252' title='bbox 1396 3281 1448 3334; x_wconf 91' lang='lat' dir='ltr'><strong>in</strong></span> <span class='ocrx_word' id='word_1_253' title='bbox 1478 3281 1610 3335; x_wconf 91' lang='lat' dir='ltr'><strong>cella</strong></span> <span class='ocrx_word' id='word_1_254' title='bbox 1649 3296 1863 3333; x_wconf 91' lang='lat' dir='ltr'><strong>manere</strong></span> 
     </span>
    </p>
   </div>
   <div class='ocr_carea' id='block_1_36' title="bbox 290 3364 1860 3435">
    <p class='ocr_par' dir='ltr' id='par_1_36' title="bbox 290 3364 1860 3435">
     <span class='ocr_line' id='line_1_36' title="bbox 290 3364 1860 3435; baseline 0.004 -20"><span class='ocrx_word' id='word_1_255' title='bbox 290 3364 717 3428; x_wconf 82' lang='lat' dir='ltr'><strong>contendissent,</strong></span> <span class='ocrx_word' id='word_1_256' title='bbox 754 3381 859 3419; x_wconf 93' lang='lat' dir='ltr'><strong>non</strong></span> <span class='ocrx_word' id='word_1_257' title='bbox 900 3377 1186 3435; x_wconf 92' lang='lat' dir='ltr'><strong>potuerunt</strong></span> <span class='ocrx_word' id='word_1_258' title='bbox 1222 3384 1385 3423; x_wconf 92' lang='lat' dir='ltr'><strong>unum</strong></span> <span class='ocrx_word' id='word_1_259' title='bbox 1429 3385 1624 3424; x_wconf 90' lang='lat' dir='ltr'><strong>annum</strong></span> <span class='ocrx_word' id='word_1_260' title='bbox 1664 3370 1716 3423; x_wconf 93' lang='lat' dir='ltr'><strong>id</strong></span> <span class='ocrx_word' id='word_1_261' title='bbox 1744 3372 1860 3424; x_wconf 86' lang='lat' dir='ltr'><strong>efti-</strong></span> 
     </span>
    </p>
   </div>
   <div class='ocr_carea' id='block_1_37' title="bbox 290 3454 1861 3525">
    <p class='ocr_par' dir='ltr' id='par_1_37' title="bbox 290 3454 1861 3525">
     <span class='ocr_line' id='line_1_37' title="bbox 290 3454 1861 3525; baseline 0.006 -21"><span class='ocrx_word' id='word_1_262' title='bbox 290 3467 434 3506; x_wconf 86' lang='lat' dir='ltr'><strong>cere.</strong></span> <span class='ocrx_word' id='word_1_263' title='bbox 470 3454 559 3507; x_wconf 84' lang='lat' dir='ltr'><strong>Est</strong></span> <span class='ocrx_word' id='word_1_264' title='bbox 602 3456 743 3509; x_wconf 89' lang='lat' dir='ltr'><strong>enim</strong></span> <span class='ocrx_word' id='word_1_265' title='bbox 772 3458 919 3511; x_wconf 92' lang='lat' dir='ltr'><strong>locus</strong></span> <span class='ocrx_word' id='word_1_266' title='bbox 958 3459 1244 3525; x_wconf 91' lang='lat' dir='ltr'><strong>terribilis,</strong></span> <span class='ocrx_word' id='word_1_267' title='bbox 1278 3469 1333 3513; x_wconf 92' lang='lat' dir='ltr'><strong>et</strong></span> <span class='ocrx_word' id='word_1_268' title='bbox 1372 3460 1579 3514; x_wconf 85' lang='lat' dir='ltr'><strong>alienus</strong></span> <span class='ocrx_word' id='word_1_269' title='bbox 1609 3461 1675 3512; x_wconf 89' lang='lat' dir='ltr'><strong>ah</strong></span> <span class='ocrx_word' id='word_1_270' title='bbox 1716 3460 1861 3513; x_wconf 91' lang='lat' dir='ltr'><strong>omni</strong></span> 
     </span>
    </p>
   </div>
   <div class='ocr_carea' id='block_1_38' title="bbox 293 3543 676 3600">
    <p class='ocr_par' dir='ltr' id='par_1_38' title="bbox 293 3543 676 3600">
     <span class='ocr_line' id='line_1_38' title="bbox 293 3543 676 3600; baseline 0.008 -5"><span class='ocrx_word' id='word_1_271' title='bbox 293 3543 676 3600; x_wconf 89' lang='lat' dir='ltr'><strong>consolatione.</strong></span> 
     </span>
    </p>
   </div>
   <div class='ocr_carea' id='block_1_39' title="bbox 788 3616 1374 3672">
    <p class='ocr_par' dir='ltr' id='par_1_39' title="bbox 788 3616 1374 3672">
     <span class='ocr_line' id='line_1_39' title="bbox 788 3616 1374 3672; baseline 0.007 -4"><span class='ocrx_word' id='word_1_272' title='bbox 788 3616 1013 3671; x_wconf 77' lang='lat' dir='ltr'><strong>CAPUT</strong></span> <span class='ocrx_word' id='word_1_273' title='bbox 1043 3616 1374 3672; x_wconf 79' lang='lat' dir='ltr'><strong>LXXXVIII.</strong></span> 
     </span>
    </p>
   </div>
   <div class='ocr_carea' id='block_1_40' title="bbox 587 3722 1569 3797">
    <p class='ocr_par' dir='ltr' id='par_1_40' title="bbox 587 3722 1569 3797">
     <span class='ocr_line' id='line_1_40' title="bbox 587 3722 1569 3797; baseline 0.005 -22"><span class='ocrx_word' id='word_1_274' title='bbox 587 3722 703 3777; x_wconf 92' lang='lat' dir='ltr'><strong>Vita</strong></span> <span class='ocrx_word' id='word_1_275' title='bbox 728 3727 923 3779; x_wconf 82' lang='lat' dir='ltr'><strong>abbatis</strong></span> <span class='ocrx_word' id='word_1_276' title='bbox 946 3726 1141 3797; x_wconf 77' lang='lat' dir='ltr'><strong>Moysis</strong></span> <span class='ocrx_word' id='word_1_277' title='bbox 1166 3729 1185 3795; x_wconf 92' lang='lat'>(</span> <span class='ocrx_word' id='word_1_278' title='bbox 1206 3728 1343 3796; x_wconf 71' lang='lat'><strong>{40)</strong></span> <span class='ocrx_word' id='word_1_279' title='bbox 1372 3728 1569 3797; x_wconf 81' lang='lat' dir='ltr'><strong>Libyci.</strong></span> 
     </span>
    </p>
   </div>
   <div class='ocr_carea' id='block_1_41' title="bbox 424 3834 1865 3911">
    <p class='ocr_par' dir='ltr' id='par_1_41' title="bbox 424 3834 1865 3911">
     <span class='ocr_line' id='line_1_41' title="bbox 424 3834 1865 3911; baseline 0.005 -23"><span class='ocrx_word' id='word_1_280' title='bbox 424 3834 633 3907; x_wconf 80' lang='lat' dir='ltr'><strong>Moyses</strong></span> <span class='ocrx_word' id='word_1_281' title='bbox 767 3839 999 3911; x_wconf 88' lang='lat' dir='ltr'><strong>Libycus</strong></span> <span class='ocrx_word' id='word_1_282' title='bbox 1116 3839 1213 3891; x_wconf 89' lang='lat' dir='ltr'><strong>fuit</strong></span> <span class='ocrx_word' id='word_1_283' title='bbox 1277 3841 1355 3892; x_wconf 88' lang='lat' dir='ltr'><strong>vir</strong></span> <span class='ocrx_word' id='word_1_284' title='bbox 1412 3840 1750 3908; x_wconf 84' lang='lat' dir='ltr'><strong>mitissimus,</strong></span> <span class='ocrx_word' id='word_1_285' title='bbox 1814 3855 1865 3897; x_wconf 89' lang='lat' dir='ltr'><strong>et</strong></span> 
     </span>
    </p>
   </div>
   <div class='ocr_carea' id='block_1_42' title="bbox 295 3922 1866 3995">
    <p class='ocr_par' dir='ltr' id='par_1_42' title="bbox 295 3922 1866 3995">
     <span class='ocr_line' id='line_1_42' title="bbox 295 3922 1866 3995; baseline 0.007 -22"><span class='ocrx_word' id='word_1_286' title='bbox 295 3922 522 3973; x_wconf 78' lang='lat' dir='ltr'><strong>maxima</strong></span> <span class='ocrx_word' id='word_1_287' title='bbox 542 3923 803 3976; x_wconf 75' lang='lat' dir='ltr'><strong>eliaritate</strong></span> <span class='ocrx_word' id='word_1_288' title='bbox 826 3925 1169 3993; x_wconf 64' lang='lat' dir='ltr'><strong>praedituszis</strong></span> <span class='ocrx_word' id='word_1_289' title='bbox 1194 3928 1379 3995; x_wconf 91' lang='lat' dir='ltr'><strong>dignus</strong></span> <span class='ocrx_word' id='word_1_290' title='bbox 1405 3940 1485 3983; x_wconf 90' lang='lat' dir='ltr'><strong>est</strong></span> <span class='ocrx_word' id='word_1_291' title='bbox 1502 3930 1708 3983; x_wconf 87' lang='lat' dir='ltr'><strong>habitus</strong></span> <span class='ocrx_word' id='word_1_292' title='bbox 1725 3931 1866 3984; x_wconf 91' lang='lat' dir='ltr'><strong>dono</strong></span> 
     </span>
    </p>
   </div>
   <div class='ocr_carea' id='block_1_43' title="bbox 292 4014 1862 4088">
    <p class='ocr_par' dir='ltr' id='par_1_43' title="bbox 292 4014 1862 4088">
     <span class='ocr_line' id='line_1_43' title="bbox 292 4014 1862 4088; baseline 0.006 -24"><span class='ocrx_word' id='word_1_293' title='bbox 292 4014 645 4066; x_wconf 85' lang='lat' dir='ltr'><strong>curationum.</strong></span> <span class='ocrx_word' id='word_1_294' title='bbox 698 4015 745 4066; x_wconf 89' lang='lat' dir='ltr'><strong>Is</strong></span> <span class='ocrx_word' id='word_1_295' title='bbox 773 4015 872 4069; x_wconf 91' lang='lat' dir='ltr'><strong>hoc</strong></span> <span class='ocrx_word' id='word_1_296' title='bbox 904 4018 1139 4069; x_wconf 88' lang='lat' dir='ltr'><strong>narravit</strong></span> <span class='ocrx_word' id='word_1_297' title='bbox 1164 4033 1178 4067; x_wconf 90' lang='lat'>:</span> <span class='ocrx_word' id='word_1_298' title='bbox 1203 4017 1257 4070; x_wconf 89' lang='lat' dir='ltr'><strong>In</strong></span> <span class='ocrx_word' id='word_1_299' title='bbox 1288 4020 1646 4085; x_wconf 91' lang='lat' dir='ltr'><strong>monasterio,</strong></span> <span class='ocrx_word' id='word_1_300' title='bbox 1668 4021 1862 4088; x_wconf 88' lang='lat' dir='ltr'><strong>inquit,</strong></span> 
     </span>
    </p>
   </div>
   <div class='ocr_carea' id='block_1_44' title="bbox 290 4103 1860 4174">
    <p class='ocr_par' dir='ltr' id='par_1_44' title="bbox 290 4103 1860 4174">
     <span class='ocr_line' id='line_1_44' title="bbox 290 4103 1860 4174; baseline 0.003 -19"><span class='ocrx_word' id='word_1_301' title='bbox 290 4118 437 4155; x_wconf 87' lang='lat' dir='ltr'><strong>eram</strong></span> <span class='ocrx_word' id='word_1_302' title='bbox 464 4104 615 4156; x_wconf 80' lang='lat' dir='ltr'><strong>valde</strong></span> <span class='ocrx_word' id='word_1_303' title='bbox 639 4103 848 4171; x_wconf 87' lang='lat' dir='ltr'><strong>juvenis</strong></span> <span class='ocrx_word' id='word_1_304' title='bbox 873 4145 886 4167; x_wconf 92' lang='lat'><strong>,</strong></span> <span class='ocrx_word' id='word_1_305' title='bbox 918 4114 973 4158; x_wconf 90' lang='lat' dir='ltr'><strong>et</strong></span> <span class='ocrx_word' id='word_1_306' title='bbox 1000 4105 1262 4159; x_wconf 83' lang='lat' dir='ltr'><strong>fodiebam</strong></span> <span class='ocrx_word' id='word_1_307' title='bbox 1294 4108 1579 4161; x_wconf 80' lang='lat' dir='ltr'><strong>maximum</strong></span> <span class='ocrx_word' id='word_1_308' title='bbox 1615 4120 1824 4174; x_wconf 87' lang='lat' dir='ltr'><strong>ptttettm</strong></span> <span class='ocrx_word' id='word_1_309' title='bbox 1849 4151 1860 4172; x_wconf 91' lang='lat'><strong>,</strong></span> 
     </span>
    </p>
   </div>
   <div class='ocr_carea' id='block_1_45' title="bbox 293 4192 1865 4259">
    <p class='ocr_par' dir='ltr' id='par_1_45' title="bbox 293 4192 1865 4259">
     <span class='ocr_line' id='line_1_45' title="bbox 293 4192 1865 4259; baseline 0.004 -17"><span class='ocrx_word' id='word_1_310' title='bbox 293 4192 455 4244; x_wconf 89' lang='lat' dir='ltr'><strong>latum</strong></span> <span class='ocrx_word' id='word_1_311' title='bbox 489 4192 670 4259; x_wconf 76' lang='lat' dir='ltr'><strong>viginti</strong></span> <span class='ocrx_word' id='word_1_312' title='bbox 722 4194 882 4259; x_wconf 91' lang='lat' dir='ltr'><strong>pedes</strong></span> <span class='ocrx_word' id='word_1_313' title='bbox 918 4213 927 4245; x_wconf 90' lang='lat'><strong>:</strong></span> <span class='ocrx_word' id='word_1_314' title='bbox 961 4195 1013 4247; x_wconf 92' lang='lat' dir='ltr'><strong>in</strong></span> <span class='ocrx_word' id='word_1_315' title='bbox 1039 4210 1104 4247; x_wconf 90' lang='lat' dir='ltr'><strong>eo</strong></span> <span class='ocrx_word' id='word_1_316' title='bbox 1129 4210 1246 4248; x_wconf 91' lang='lat' dir='ltr'><strong>curn</strong></span> <span class='ocrx_word' id='word_1_317' title='bbox 1277 4204 1383 4249; x_wconf 91' lang='lat' dir='ltr'><strong>tres</strong></span> <span class='ocrx_word' id='word_1_318' title='bbox 1411 4196 1524 4249; x_wconf 91' lang='lat' dir='ltr'><strong>dies</strong></span> <span class='ocrx_word' id='word_1_319' title='bbox 1552 4197 1865 4250; x_wconf 84' lang='lat' dir='ltr'><strong>fodissemus</strong></span> 
     </span>
    </p>
   </div>
   <div class='ocr_carea' id='block_1_46' title="bbox 291 4282 1862 4354">
    <p class='ocr_par' dir='ltr' id='par_1_46' title="bbox 291 4282 1862 4354">
     <span class='ocr_line' id='line_1_46' title="bbox 291 4282 1862 4354; baseline 0.006 -22"><span class='ocrx_word' id='word_1_320' title='bbox 291 4282 391 4333; x_wconf 82' lang='lat' dir='ltr'><strong>viri</strong></span> <span class='ocrx_word' id='word_1_321' title='bbox 422 4285 711 4349; x_wconf 73' lang='lat' dir='ltr'><strong>omoginta,</strong></span> <span class='ocrx_word' id='word_1_322' title='bbox 742 4292 795 4336; x_wconf 91' lang='lat' dir='ltr'><strong>et</strong></span> <span class='ocrx_word' id='word_1_323' title='bbox 825 4299 1010 4338; x_wconf 87' lang='lat' dir='ltr'><strong>venam</strong></span> <span class='ocrx_word' id='word_1_324' title='bbox 1039 4295 1373 4350; x_wconf 88' lang='lat' dir='ltr'><strong>consuetam,</strong></span> <span class='ocrx_word' id='word_1_325' title='bbox 1406 4296 1459 4340; x_wconf 91' lang='lat' dir='ltr'><strong>et</strong></span> <span class='ocrx_word' id='word_1_326' title='bbox 1488 4302 1607 4354; x_wconf 76' lang='lat' dir='ltr'><strong>quze</strong></span> <span class='ocrx_word' id='word_1_327' title='bbox 1636 4289 1862 4354; x_wconf 86' lang='lat' dir='ltr'><strong>aspicie-</strong></span> 
     </span>
    </p>
   </div>
   <div class='ocr_carea' id='block_1_47' title="bbox 293 4369 1864 4443">
    <p class='ocr_par' dir='ltr' id='par_1_47' title="bbox 293 4369 1864 4443">
     <span class='ocr_line' id='line_1_47' title="bbox 293 4369 1864 4443; baseline 0.006 -22"><span class='ocrx_word' id='word_1_328' title='bbox 293 4369 448 4422; x_wconf 83' lang='lat' dir='ltr'><strong>batur</strong></span> <span class='ocrx_word' id='word_1_329' title='bbox 478 4373 875 4425; x_wconf 89' lang='lat' dir='ltr'><strong>transiissemus</strong></span> <span class='ocrx_word' id='word_1_330' title='bbox 896 4374 1039 4426; x_wconf 90' lang='lat' dir='ltr'><strong>circa</strong></span> <span class='ocrx_word' id='word_1_331' title='bbox 1068 4375 1334 4441; x_wconf 89' lang='lat' dir='ltr'><strong>cubitum,</strong></span> <span class='ocrx_word' id='word_1_332' title='bbox 1365 4390 1552 4443; x_wconf 89' lang='lat' dir='ltr'><strong>aquam</strong></span> <span class='ocrx_word' id='word_1_333' title='bbox 1583 4392 1687 4429; x_wconf 93' lang='lat' dir='ltr'><strong>non</strong></span> <span class='ocrx_word' id='word_1_334' title='bbox 1719 4381 1864 4431; x_wconf 87' lang='lat' dir='ltr'><strong>inve-</strong></span> 
     </span>
    </p>
   </div>
   <div class='ocr_carea' id='block_1_48' title="bbox 293 4462 1863 4531">
    <p class='ocr_par' dir='ltr' id='par_1_48' title="bbox 293 4462 1863 4531">
     <span class='ocr_line' id='line_1_48' title="bbox 293 4462 1863 4531; baseline 0.006 -20"><span class='ocrx_word' id='word_1_335' title='bbox 293 4462 490 4516; x_wconf 85' lang='lat' dir='ltr'><strong>nimus.</strong></span> <span class='ocrx_word' id='word_1_336' title='bbox 515 4462 707 4530; x_wconf 82' lang='lat' dir='ltr'><strong>Magna</strong></span> <span class='ocrx_word' id='word_1_337' title='bbox 745 4478 873 4531; x_wconf 91' lang='lat' dir='ltr'><strong>ergo</strong></span> <span class='ocrx_word' id='word_1_338' title='bbox 908 4463 1078 4517; x_wconf 77' lang='lat' dir='ltr'><strong>affecti</strong></span> <span class='ocrx_word' id='word_1_339' title='bbox 1122 4465 1361 4518; x_wconf 85' lang='lat' dir='ltr'><strong>molestia</strong></span> <span class='ocrx_word' id='word_1_340' title='bbox 1390 4507 1404 4529; x_wconf 94' lang='lat'><strong>,</strong></span> <span class='ocrx_word' id='word_1_341' title='bbox 1436 4466 1863 4521; x_wconf 71' lang='lat' dir='ltr'><strong>deliberabauius</strong></span> 
     </span>
    </p>
   </div>
   <div class='ocr_carea' id='block_1_49' title="bbox 293 4510 2515 4623">
    <p class='ocr_par' dir='ltr' id='par_1_49' title="bbox 293 4510 2515 4623">
     <span class='ocr_line' id='line_1_49' title="bbox 302 4510 2515 4564; baseline 0.001 -8"><span class='ocrx_word' id='word_1_342' title='bbox 302 4510 707 4530; x_wconf 67' lang='lat'><strong>&quot;&quot;°&quot;&quot;</strong></span> <span class='ocrx_word' id='word_1_343' title='bbox 750 4510 867 4531; x_wconf 80' lang='lat'><strong>&quot;°&#39;</strong></span> <span class='ocrx_word' id='word_1_344' title='bbox 909 4510 1078 4517; x_wconf 75' lang='lat'><strong>“&quot;&quot;</strong></span> <span class='ocrx_word' id='word_1_345' title='bbox 1122 4510 1361 4518; x_wconf 74' lang='lat'><strong>&quot;&quot;&quot;&quot;‘</strong></span> <span class='ocrx_word' id='word_1_346' title='bbox 1390 4510 1404 4529; x_wconf 90' lang='lat'><strong><em>’</em></strong></span> <span class='ocrx_word' id='word_1_347' title='bbox 1439 4510 1863 4521; x_wconf 71' lang='lat'><strong>&quot;&quot;&quot;&quot;&quot;&quot;&quot;&quot;&quot;</strong></span> <span class='ocrx_word' id='word_1_348' title='bbox 1968 4510 2217 4561; x_wconf 78' lang='lat' dir='ltr'><strong>cathedra</strong></span> <span class='ocrx_word' id='word_1_349' title='bbox 2290 4516 2343 4559; x_wconf 92' lang='lat' dir='ltr'><strong>et</strong></span> <span class='ocrx_word' id='word_1_350' title='bbox 2363 4517 2515 4564; x_wconf 89' lang='lat' dir='ltr'><strong>tenen</strong></span> 
     </span>
     <span class='ocr_line' id='line_1_50' title="bbox 293 4534 2256 4623; baseline 0.005 -22"><span class='ocrx_word' id='word_1_351' title='bbox 293 4552 361 4606; x_wconf 88' lang='lat' dir='ltr'><strong>de</strong></span> <span class='ocrx_word' id='word_1_352' title='bbox 388 4553 694 4608; x_wconf 88' lang='lat' dir='ltr'><strong>desistendo</strong></span> <span class='ocrx_word' id='word_1_353' title='bbox 726 4555 793 4607; x_wconf 91' lang='lat' dir='ltr'><strong>ab</strong></span> <span class='ocrx_word' id='word_1_354' title='bbox 837 4569 997 4619; x_wconf 82' lang='lat' dir='ltr'><strong>Opere</strong></span> <span class='ocrx_word' id='word_1_355' title='bbox 1026 4572 1039 4618; x_wconf 89' lang='lat'><strong>;</strong></span> <span class='ocrx_word' id='word_1_356' title='bbox 1072 4555 1303 4623; x_wconf 91' lang='lat' dir='ltr'><strong>dumque</strong></span> <span class='ocrx_word' id='word_1_357' title='bbox 1342 4557 1409 4609; x_wconf 90' lang='lat' dir='ltr'><strong>de</strong></span> <span class='ocrx_word' id='word_1_358' title='bbox 1435 4570 1500 4609; x_wconf 93' lang='lat' dir='ltr'><strong>eo</strong></span> <span class='ocrx_word' id='word_1_359' title='bbox 1538 4556 1863 4618; x_wconf 84' lang='lat' dir='ltr'><strong>deliberare—</strong></span> <span class='ocrx_word' id='word_1_360' title='bbox 1893 4534 1938 4591; x_wconf 74' lang='grc' dir='ltr'><strong>ί)</strong></span> <span class='ocrx_word' id='word_1_361' title='bbox 2243 4547 2256 4569; x_wconf 88' lang='grc'><em>’</em></span> 
     </span>
    </p>
   </div>
   <div class='ocr_carea' id='block_1_50' title="bbox 296 4643 1861 4707">
    <p class='ocr_par' dir='ltr' id='par_1_50' title="bbox 296 4643 1861 4707">
     <span class='ocr_line' id='line_1_51' title="bbox 296 4643 1861 4707; baseline 0.004 -14"><span class='ocrx_word' id='word_1_362' title='bbox 296 4656 443 4704; x_wconf 90' lang='lat' dir='ltr'><strong>mus,</strong></span> <span class='ocrx_word' id='word_1_363' title='bbox 474 4643 537 4694; x_wconf 92' lang='lat' dir='ltr'><strong>ad</strong></span> <span class='ocrx_word' id='word_1_364' title='bbox 567 4657 663 4695; x_wconf 92' lang='lat' dir='ltr'><strong>nos</strong></span> <span class='ocrx_word' id='word_1_365' title='bbox 705 4644 993 4695; x_wconf 86' lang='lat' dir='ltr'><strong>adveniens</strong></span> <span class='ocrx_word' id='word_1_366' title='bbox 1031 4644 1153 4696; x_wconf 85' lang='lat' dir='ltr'><strong>Pior</strong></span> <span class='ocrx_word' id='word_1_367' title='bbox 1192 4659 1256 4696; x_wconf 91' lang='lat' dir='ltr'><strong>ex</strong></span> <span class='ocrx_word' id='word_1_368' title='bbox 1288 4652 1432 4696; x_wconf 84' lang='lat' dir='ltr'><strong>vasta</strong></span> <span class='ocrx_word' id='word_1_369' title='bbox 1463 4645 1779 4707; x_wconf 89' lang='lat' dir='ltr'><strong>solitudine,</strong></span> <span class='ocrx_word' id='word_1_370' title='bbox 1810 4646 1861 4699; x_wconf 92' lang='lat' dir='ltr'><strong>in</strong></span> 
     </span>
    </p>
   </div>
   <div class='ocr_carea' id='block_1_51' title="bbox 293 4731 1860 4798">
    <p class='ocr_par' dir='ltr' id='par_1_51' title="bbox 293 4731 1860 4798">
     <span class='ocr_line' id='line_1_52' title="bbox 293 4731 1860 4798; baseline 0.003 -16"><span class='ocrx_word' id='word_1_371' title='bbox 293 4732 406 4798; x_wconf 83' lang='lat' dir='ltr'><strong>ipsa</strong></span> <span class='ocrx_word' id='word_1_372' title='bbox 446 4742 596 4784; x_wconf 89' lang='lat' dir='ltr'><strong>sexta</strong></span> <span class='ocrx_word' id='word_1_373' title='bbox 620 4731 748 4783; x_wconf 84' lang='lat' dir='ltr'><strong>hora</strong></span> <span class='ocrx_word' id='word_1_374' title='bbox 780 4740 940 4784; x_wconf 65' lang='lat' dir='ltr'><strong>aestus</strong></span> <span class='ocrx_word' id='word_1_375' title='bbox 960 4770 974 4793; x_wconf 96' lang='lat'><strong>,</strong></span> <span class='ocrx_word' id='word_1_376' title='bbox 1005 4746 1123 4784; x_wconf 91' lang='lat' dir='ltr'><strong>cum</strong></span> <span class='ocrx_word' id='word_1_377' title='bbox 1171 4741 1311 4785; x_wconf 88' lang='lat' dir='ltr'><strong>esset</strong></span> <span class='ocrx_word' id='word_1_378' title='bbox 1342 4748 1501 4785; x_wconf 86' lang='lat' dir='ltr'><strong>senex</strong></span> <span class='ocrx_word' id='word_1_379' title='bbox 1531 4734 1742 4787; x_wconf 91' lang='lat' dir='ltr'><strong>indutus</strong></span> <span class='ocrx_word' id='word_1_380' title='bbox 1768 4750 1860 4787; x_wconf 91' lang='lat' dir='ltr'><strong>sua</strong></span> 
     </span>
    </p>
   </div>
   <div class='ocr_carea' id='block_1_52' title="bbox 293 4822 1863 4889">
    <p class='ocr_par' dir='ltr' id='par_1_52' title="bbox 293 4822 1863 4889">
     <span class='ocr_line' id='line_1_53' title="bbox 293 4822 1863 4889; baseline 0.003 -16"><span class='ocrx_word' id='word_1_381' title='bbox 293 4822 433 4889; x_wconf 88' lang='lat' dir='ltr'><strong>pelle</strong></span> <span class='ocrx_word' id='word_1_382' title='bbox 463 4822 621 4874; x_wconf 89' lang='lat' dir='ltr'><strong>ovilla</strong></span> <span class='ocrx_word' id='word_1_383' title='bbox 644 4863 658 4884; x_wconf 95' lang='lat'><strong>,</strong></span> <span class='ocrx_word' id='word_1_384' title='bbox 690 4830 742 4874; x_wconf 90' lang='lat' dir='ltr'><strong>et</strong></span> <span class='ocrx_word' id='word_1_385' title='bbox 772 4837 891 4875; x_wconf 91' lang='lat' dir='ltr'><strong>cum</strong></span> <span class='ocrx_word' id='word_1_386' title='bbox 925 4837 1019 4875; x_wconf 85' lang='lat' dir='ltr'><strong>uos</strong></span> <span class='ocrx_word' id='word_1_387' title='bbox 1059 4825 1339 4875; x_wconf 89' lang='lat' dir='ltr'><strong>salutasset</strong></span> <span class='ocrx_word' id='word_1_388' title='bbox 1365 4862 1378 4884; x_wconf 89' lang='lat'><strong>,</strong></span> <span class='ocrx_word' id='word_1_389' title='bbox 1406 4824 1531 4876; x_wconf 90' lang='lat' dir='ltr'><strong>dicit</strong></span> <span class='ocrx_word' id='word_1_390' title='bbox 1566 4824 1713 4876; x_wconf 87' lang='lat' dir='ltr'><strong>nobis</strong></span> <span class='ocrx_word' id='word_1_391' title='bbox 1747 4833 1863 4889; x_wconf 91' lang='lat' dir='ltr'><strong>post</strong></span> 
     </span>
    </p>
   </div>
   <div class='ocr_carea' id='block_1_53' title="bbox 292 4912 1862 4979">
    <p class='ocr_par' dir='ltr' id='par_1_53' title="bbox 292 4912 1862 4979">
     <span class='ocr_line' id='line_1_54' title="bbox 292 4912 1862 4979; baseline 0.001 -15"><span class='ocrx_word' id='word_1_392' title='bbox 292 4912 666 4965; x_wconf 88' lang='lat' dir='ltr'><strong>salutationem</strong></span> <span class='ocrx_word' id='word_1_393' title='bbox 697 4928 709 4963; x_wconf 90' lang='lat'>:</span> <span class='ocrx_word' id='word_1_394' title='bbox 736 4914 870 4975; x_wconf 84' lang='lat' dir='ltr'><strong>Quid</strong></span> <span class='ocrx_word' id='word_1_395' title='bbox 898 4914 1131 4965; x_wconf 90' lang='lat' dir='ltr'><strong>animum</strong></span> <span class='ocrx_word' id='word_1_396' title='bbox 1165 4913 1452 4979; x_wconf 89' lang='lat' dir='ltr'><strong>abjecistis,</strong></span> <span class='ocrx_word' id='word_1_397' title='bbox 1480 4912 1719 4967; x_wconf 83' lang='lat' dir='ltr'><strong>homines</strong></span> <span class='ocrx_word' id='word_1_398' title='bbox 1749 4929 1862 4966; x_wconf 85' lang='lat' dir='ltr'><strong>mo-</strong></span> 
     </span>
    </p>
   </div>
   <div class='ocr_carea' id='block_1_54' title="bbox 292 5001 1843 5069">
    <p class='ocr_par' dir='ltr' id='par_1_54' title="bbox 292 5001 1843 5069">
     <span class='ocr_line' id='line_1_55' title="bbox 292 5001 1843 5069; baseline 0 -14"><span class='ocrx_word' id='word_1_399' title='bbox 292 5003 428 5055; x_wconf 65' lang='lat' dir='ltr'><strong>dicae</strong></span> <span class='ocrx_word' id='word_1_400' title='bbox 456 5001 615 5054; x_wconf 83' lang='lat' dir='ltr'><strong>ﬁdei?</strong></span> <span class='ocrx_word' id='word_1_401' title='bbox 659 5001 767 5053; x_wconf 91' lang='lat' dir='ltr'><strong>vidi</strong></span> <span class='ocrx_word' id='word_1_402' title='bbox 792 5003 931 5053; x_wconf 80' lang='lat' dir='ltr'><strong>enim</strong></span> <span class='ocrx_word' id='word_1_403' title='bbox 961 5016 1058 5054; x_wconf 88' lang='lat' dir='ltr'><strong>vos</strong></span> <span class='ocrx_word' id='word_1_404' title='bbox 1094 5002 1199 5067; x_wconf 85' lang='lat' dir='ltr'><strong>jam</strong></span> <span class='ocrx_word' id='word_1_405' title='bbox 1232 5002 1298 5053; x_wconf 91' lang='lat' dir='ltr'><strong>ab</strong></span> <span class='ocrx_word' id='word_1_406' title='bbox 1328 5001 1577 5055; x_wconf 89' lang='lat' dir='ltr'><strong>hesterno</strong></span> <span class='ocrx_word' id='word_1_407' title='bbox 1600 5002 1686 5055; x_wconf 90' lang='lat' dir='ltr'><strong>die</strong></span> <span class='ocrx_word' id='word_1_408' title='bbox 1716 5002 1843 5069; x_wconf 83' lang='lat' dir='ltr'><strong>abje</strong></span> 
     </span>
    </p>
   </div>
   <div class='ocr_carea' id='block_1_55' title="bbox 293 5090 1858 5156">
    <p class='ocr_par' dir='ltr' id='par_1_55' title="bbox 293 5090 1858 5156">
     <span class='ocr_line' id='line_1_56' title="bbox 293 5090 1858 5156; baseline 0 -13"><span class='ocrx_word' id='word_1_409' title='bbox 293 5092 434 5144; x_wconf 89' lang='lat' dir='ltr'><strong>cisse</strong></span> <span class='ocrx_word' id='word_1_410' title='bbox 480 5091 737 5143; x_wconf 90' lang='lat' dir='ltr'><strong>animum.</strong></span> <span class='ocrx_word' id='word_1_411' title='bbox 781 5091 928 5156; x_wconf 86' lang='lat' dir='ltr'><strong>Quod</strong></span> <span class='ocrx_word' id='word_1_412' title='bbox 973 5105 1091 5142; x_wconf 91' lang='lat' dir='ltr'><strong>cum</strong></span> <span class='ocrx_word' id='word_1_413' title='bbox 1118 5090 1375 5153; x_wconf 79' lang='lat' dir='ltr'><strong>dixisset,</strong></span> <span class='ocrx_word' id='word_1_414' title='bbox 1409 5091 1459 5142; x_wconf 85' lang='lat' dir='ltr'><strong>in</strong></span> <span class='ocrx_word' id='word_1_415' title='bbox 1500 5092 1637 5155; x_wconf 90' lang='lat' dir='ltr'><strong>putei</strong></span> <span class='ocrx_word' id='word_1_416' title='bbox 1664 5092 1858 5144; x_wconf 84' lang='lat' dir='ltr'><strong>fossam</strong></span> 
     </span>
    </p>
   </div>
   <div class='ocr_carea' id='block_1_56' title="bbox 294 5180 1863 5244">
    <p class='ocr_par' dir='ltr' id='par_1_56' title="bbox 294 5180 1863 5244">
     <span class='ocr_line' id='line_1_57' title="bbox 294 5180 1863 5244; baseline 0.001 -11"><span class='ocrx_word' id='word_1_417' title='bbox 294 5182 471 5233; x_wconf 85' lang='lat' dir='ltr'><strong>statim</strong></span> <span class='ocrx_word' id='word_1_418' title='bbox 503 5180 716 5233; x_wconf 90' lang='lat' dir='ltr'><strong>demisit</strong></span> <span class='ocrx_word' id='word_1_419' title='bbox 745 5184 945 5242; x_wconf 83' lang='lat' dir='ltr'><strong>scalas,</strong></span> <span class='ocrx_word' id='word_1_420' title='bbox 979 5190 1033 5233; x_wconf 87' lang='lat' dir='ltr'><strong>et</strong></span> <span class='ocrx_word' id='word_1_421' title='bbox 1054 5194 1172 5233; x_wconf 89' lang='lat' dir='ltr'><strong>cum</strong></span> <span class='ocrx_word' id='word_1_422' title='bbox 1201 5182 1278 5234; x_wconf 94' lang='lat' dir='ltr'><strong>eis</strong></span> <span class='ocrx_word' id='word_1_423' title='bbox 1303 5181 1427 5233; x_wconf 77' lang='lat' dir='ltr'><strong>facit</strong></span> <span class='ocrx_word' id='word_1_424' title='bbox 1454 5182 1775 5244; x_wconf 89' lang='lat' dir='ltr'><strong>orationem;</strong></span> <span class='ocrx_word' id='word_1_425' title='bbox 1808 5192 1863 5234; x_wconf 91' lang='lat' dir='ltr'><strong>et</strong></span> 
     </span>
    </p>
   </div>
   <div class='ocr_carea' id='block_1_57' title="bbox 295 5271 1862 5336">
    <p class='ocr_par' dir='ltr' id='par_1_57' title="bbox 295 5271 1862 5336">
     <span class='ocr_line' id='line_1_58' title="bbox 295 5271 1862 5336; baseline 0.002 -14"><span class='ocrx_word' id='word_1_426' title='bbox 295 5280 513 5336; x_wconf 88' lang='lat' dir='ltr'><strong>accepto</strong></span> <span class='ocrx_word' id='word_1_427' title='bbox 550 5272 723 5335; x_wconf 86' lang='lat' dir='ltr'><strong>ligone</strong></span> <span class='ocrx_word' id='word_1_428' title='bbox 744 5312 757 5333; x_wconf 85' lang='lat'><strong>,</strong></span> <span class='ocrx_word' id='word_1_429' title='bbox 791 5280 844 5322; x_wconf 91' lang='lat' dir='ltr'><strong>et</strong></span> <span class='ocrx_word' id='word_1_430' title='bbox 874 5271 1028 5323; x_wconf 86' lang='lat' dir='ltr'><strong>tertio</strong></span> <span class='ocrx_word' id='word_1_431' title='bbox 1072 5272 1177 5324; x_wconf 90' lang='lat' dir='ltr'><strong>ictu</strong></span> <span class='ocrx_word' id='word_1_432' title='bbox 1219 5272 1433 5325; x_wconf 82' lang='lat' dir='ltr'><strong>incusso</strong></span> <span class='ocrx_word' id='word_1_433' title='bbox 1459 5312 1472 5333; x_wconf 93' lang='lat'><strong>,</strong></span> <span class='ocrx_word' id='word_1_434' title='bbox 1516 5272 1650 5324; x_wconf 81' lang='lat' dir='ltr'><strong>dixit</strong></span> <span class='ocrx_word' id='word_1_435' title='bbox 1679 5289 1689 5321; x_wconf 94' lang='lat'><strong>:</strong></span> <span class='ocrx_word' id='word_1_436' title='bbox 1722 5271 1862 5325; x_wconf 91' lang='lat' dir='ltr'><strong>Deus</strong></span> 
     </span>
    </p>
   </div>
   <div class='ocr_carea' id='block_1_58' title="bbox 294 5362 1862 5426">
    <p class='ocr_par' dir='ltr' id='par_1_58' title="bbox 294 5362 1862 5426">
     <span class='ocr_line' id='line_1_59' title="bbox 294 5362 1862 5426; baseline 0.003 -13"><span class='ocrx_word' id='word_1_437' title='bbox 294 5373 599 5414; x_wconf 81' lang='lat' dir='ltr'><strong>sanctorum</strong></span> <span class='ocrx_word' id='word_1_438' title='bbox 635 5362 1072 5426; x_wconf 71' lang='lat' dir='ltr'><strong>patriarcharum,</strong></span> <span class='ocrx_word' id='word_1_439' title='bbox 1106 5376 1171 5415; x_wconf 90' lang='lat' dir='ltr'><strong>ne</strong></span> <span class='ocrx_word' id='word_1_440' title='bbox 1204 5363 1408 5415; x_wconf 85' lang='lat' dir='ltr'><strong>irritum</strong></span> <span class='ocrx_word' id='word_1_441' title='bbox 1439 5370 1494 5415; x_wconf 93' lang='lat' dir='ltr'><strong>et</strong></span> <span class='ocrx_word' id='word_1_442' title='bbox 1522 5362 1761 5415; x_wconf 87' lang='lat' dir='ltr'><strong>inutilem</strong></span> <span class='ocrx_word' id='word_1_443' title='bbox 1785 5362 1862 5417; x_wconf 81' lang='lat' dir='ltr'><strong>fe-</strong></span> 
     </span>
    </p>
   </div>
   <div class='ocr_carea' id='block_1_59' title="bbox 291 5449 1861 5515">
    <p class='ocr_par' dir='ltr' id='par_1_59' title="bbox 291 5449 1861 5515">
     <span class='ocr_line' id='line_1_60' title="bbox 291 5449 1861 5515; baseline 0.003 -14"><span class='ocrx_word' id='word_1_444' title='bbox 291 5450 435 5502; x_wconf 83' lang='lat' dir='ltr'><strong>ceris</strong></span> <span class='ocrx_word' id='word_1_445' title='bbox 478 5449 708 5503; x_wconf 89' lang='lat' dir='ltr'><strong>laborem</strong></span> <span class='ocrx_word' id='word_1_446' title='bbox 760 5465 1031 5502; x_wconf 78' lang='lat' dir='ltr'><strong>servurum</strong></span> <span class='ocrx_word' id='word_1_447' title='bbox 1078 5460 1284 5503; x_wconf 92' lang='lat' dir='ltr'><strong>tuorum</strong></span> <span class='ocrx_word' id='word_1_448' title='bbox 1311 5492 1325 5515; x_wconf 92' lang='lat'><strong>,</strong></span> <span class='ocrx_word' id='word_1_449' title='bbox 1370 5450 1464 5504; x_wconf 84' lang='lat' dir='ltr'><strong>sed</strong></span> <span class='ocrx_word' id='word_1_450' title='bbox 1505 5454 1650 5504; x_wconf 89' lang='lat' dir='ltr'><strong>mitte</strong></span> <span class='ocrx_word' id='word_1_451' title='bbox 1678 5453 1742 5505; x_wconf 90' lang='lat' dir='ltr'><strong>ad</strong></span> <span class='ocrx_word' id='word_1_452' title='bbox 1770 5466 1861 5506; x_wconf 92' lang='lat' dir='ltr'><strong>eos</strong></span> 
     </span>
    </p>
   </div>
   <div class='ocr_carea' id='block_1_60' title="bbox 296 5540 1858 5606">
    <p class='ocr_par' dir='ltr' id='par_1_60' title="bbox 296 5540 1858 5606">
     <span class='ocr_line' id='line_1_61' title="bbox 296 5540 1858 5606; baseline 0.002 -18"><span class='ocrx_word' id='word_1_453' title='bbox 296 5554 448 5592; x_wconf 89' lang='lat' dir='ltr'><strong>usum</strong></span> <span class='ocrx_word' id='word_1_454' title='bbox 480 5554 652 5606; x_wconf 57' lang='lat' dir='ltr'><strong>aquae.</strong></span> <span class='ocrx_word' id='word_1_455' title='bbox 691 5541 754 5593; x_wconf 85' lang='lat' dir='ltr'><strong>Et</strong></span> <span class='ocrx_word' id='word_1_456' title='bbox 783 5543 957 5592; x_wconf 87' lang='lat' dir='ltr'><strong>statim</strong></span> <span class='ocrx_word' id='word_1_457' title='bbox 989 5555 1119 5605; x_wconf 91' lang='lat' dir='ltr'><strong>aqua</strong></span> <span class='ocrx_word' id='word_1_458' title='bbox 1165 5540 1291 5593; x_wconf 82' lang='lat' dir='ltr'><strong>exiit</strong></span> <span class='ocrx_word' id='word_1_459' title='bbox 1319 5581 1331 5601; x_wconf 94' lang='lat'><strong>,</strong></span> <span class='ocrx_word' id='word_1_460' title='bbox 1360 5550 1417 5591; x_wconf 88' lang='lat' dir='ltr'><strong>ut</strong></span> <span class='ocrx_word' id='word_1_461' title='bbox 1456 5554 1551 5591; x_wconf 90' lang='lat' dir='ltr'><strong>nos</strong></span> <span class='ocrx_word' id='word_1_462' title='bbox 1585 5556 1769 5593; x_wconf 88' lang='lat' dir='ltr'><strong>omnes</strong></span> <span class='ocrx_word' id='word_1_463' title='bbox 1800 5556 1858 5592; x_wconf 73' lang='lat' dir='ltr'><strong>ea</strong></span> 
     </span>
    </p>
   </div>
   <div class='ocr_carea' id='block_1_61' title="bbox 294 5627 1856 5695">
    <p class='ocr_par' dir='ltr' id='par_1_61' title="bbox 294 5627 1856 5695">
     <span class='ocr_line' id='line_1_62' title="bbox 294 5627 1856 5695; baseline -0.001 -17"><span class='ocrx_word' id='word_1_464' title='bbox 294 5642 714 5695; x_wconf 80' lang='lat' dir='ltr'><strong>aspergeremur.</strong></span> <span class='ocrx_word' id='word_1_465' title='bbox 748 5627 811 5679; x_wconf 83' lang='lat' dir='ltr'><strong>Et</strong></span> <span class='ocrx_word' id='word_1_466' title='bbox 839 5642 957 5680; x_wconf 92' lang='lat' dir='ltr'><strong>cum</strong></span> <span class='ocrx_word' id='word_1_467' title='bbox 989 5643 1173 5680; x_wconf 77' lang='lat' dir='ltr'><strong>rursus</strong></span> <span class='ocrx_word' id='word_1_468' title='bbox 1204 5638 1427 5693; x_wconf 79' lang='lat' dir='ltr'><strong>orasset,</strong></span> <span class='ocrx_word' id='word_1_469' title='bbox 1462 5629 1609 5690; x_wconf 86' lang='lat' dir='ltr'><strong>abiit,</strong></span> <span class='ocrx_word' id='word_1_470' title='bbox 1636 5629 1819 5681; x_wconf 82' lang='lat' dir='ltr'><strong>dicens</strong></span> <span class='ocrx_word' id='word_1_471' title='bbox 1846 5646 1856 5677; x_wconf 91' lang='lat'>:</span> 
     </span>
    </p>
   </div>
   <div class='ocr_carea' id='block_1_62' title="bbox 296 5709 1857 5785">
    <p class='ocr_par' dir='ltr' id='par_1_62' title="bbox 296 5709 1857 5785">
     <span class='ocr_line' id='line_1_63' title="bbox 296 5709 1857 5785; baseline -0.002 -13"><span class='ocrx_word' id='word_1_472' title='bbox 296 5719 402 5772; x_wconf 72' lang='lat' dir='ltr'><strong>Hac</strong></span> <span class='ocrx_word' id='word_1_473' title='bbox 433 5719 498 5772; x_wconf 90' lang='lat' dir='ltr'><strong>de</strong></span> <span class='ocrx_word' id='word_1_474' title='bbox 527 5709 682 5773; x_wconf 82' lang='lat' dir='ltr'><strong>causa</strong></span> <span class='ocrx_word' id='word_1_475' title='bbox 707 5720 897 5772; x_wconf 70' lang='lat' dir='ltr'><strong>missus</strong></span> <span class='ocrx_word' id='word_1_476' title='bbox 924 5733 1062 5773; x_wconf 89' lang='lat' dir='ltr'><strong>sum.</strong></span> <span class='ocrx_word' id='word_1_477' title='bbox 1090 5719 1147 5773; x_wconf 84' lang='lat' dir='ltr'><strong>Et</strong></span> <span class='ocrx_word' id='word_1_478' title='bbox 1173 5730 1351 5785; x_wconf 88' lang='lat' dir='ltr'><strong>aperta</strong></span> <span class='ocrx_word' id='word_1_479' title='bbox 1386 5727 1485 5773; x_wconf 89' lang='lat' dir='ltr'><strong>est.</strong></span> <span class='ocrx_word' id='word_1_480' title='bbox 1522 5722 1650 5773; x_wconf 79' lang='lat' dir='ltr'><strong>Cum</strong></span> <span class='ocrx_word' id='word_1_481' title='bbox 1684 5728 1857 5771; x_wconf 82' lang='lat' dir='ltr'><strong>autem</strong></span> 
     </span>
    </p>
   </div>
   <div class='ocr_carea' id='block_1_63' title="bbox 1981 573 3546 646">
    <p class='ocr_par' dir='ltr' id='par_1_63' title="bbox 1981 573 3546 646">
     <span class='ocr_line' id='line_1_64' title="bbox 1981 573 3546 646; baseline 0.008 -21"><span class='ocrx_word' id='word_1_482' title='bbox 1981 573 2211 626; x_wconf 91' lang='lat' dir='ltr'><strong>animum</strong></span> <span class='ocrx_word' id='word_1_483' title='bbox 2240 573 2510 640; x_wconf 89' lang='lat' dir='ltr'><strong>inducere,</strong></span> <span class='ocrx_word' id='word_1_484' title='bbox 2540 575 2721 630; x_wconf 87' lang='lat' dir='ltr'><strong>dicens</strong></span> <span class='ocrx_word' id='word_1_485' title='bbox 2751 593 2763 629; x_wconf 91' lang='lat'>:</span> <span class='ocrx_word' id='word_1_486' title='bbox 2796 577 3016 645; x_wconf 88' lang='lat' dir='ltr'><strong>Propter</strong></span> <span class='ocrx_word' id='word_1_487' title='bbox 3043 581 3181 646; x_wconf 90' lang='lat' dir='ltr'><strong>quod</strong></span> <span class='ocrx_word' id='word_1_488' title='bbox 3213 580 3404 635; x_wconf 87' lang='lat' dir='ltr'><strong>missus</strong></span> <span class='ocrx_word' id='word_1_489' title='bbox 3430 598 3546 637; x_wconf 91' lang='lat' dir='ltr'><strong>sum</strong></span> 
     </span>
    </p>
   </div>
   <div class='ocr_carea' id='block_1_64' title="bbox 1981 662 3547 731">
    <p class='ocr_par' dir='ltr' id='par_1_64' title="bbox 1981 662 3547 731">
     <span class='ocr_line' id='line_1_65' title="bbox 1981 662 3547 731; baseline 0.006 -18"><span class='ocrx_word' id='word_1_490' title='bbox 1981 662 2130 731; x_wconf 75' lang='lat' dir='ltr'><strong>(Hi)</strong></span> <span class='ocrx_word' id='word_1_491' title='bbox 2160 662 2260 716; x_wconf 92' lang='lat' dir='ltr'><strong>hoc</strong></span> <span class='ocrx_word' id='word_1_492' title='bbox 2300 662 2494 715; x_wconf 88' lang='lat' dir='ltr'><strong>factum</strong></span> <span class='ocrx_word' id='word_1_493' title='bbox 2536 672 2635 718; x_wconf 90' lang='lat' dir='ltr'><strong>est.</strong></span> <span class='ocrx_word' id='word_1_494' title='bbox 2659 664 2752 718; x_wconf 75' lang='lat' dir='ltr'><strong>Hae</strong></span> <span class='ocrx_word' id='word_1_495' title='bbox 2779 675 2904 719; x_wconf 90' lang='lat' dir='ltr'><strong>sunt</strong></span> <span class='ocrx_word' id='word_1_496' title='bbox 2944 682 3029 721; x_wconf 93' lang='lat' dir='ltr'><strong>res</strong></span> <span class='ocrx_word' id='word_1_497' title='bbox 3053 669 3391 723; x_wconf 87' lang='lat' dir='ltr'><strong>admirabiles</strong></span> <span class='ocrx_word' id='word_1_498' title='bbox 3422 670 3547 723; x_wconf 88' lang='lat' dir='ltr'><strong>Pior</strong></span> 
     </span>
    </p>
   </div>
   <div class='ocr_carea' id='block_1_65' title="bbox 1979 752 3547 821">
    <p class='ocr_par' dir='ltr' id='par_1_65' title="bbox 1979 752 3547 821">
     <span class='ocr_line' id='line_1_66' title="bbox 1979 752 3547 821; baseline 0.008 -19"><span class='ocrx_word' id='word_1_499' title='bbox 1979 752 2249 818; x_wconf 67' lang='lat' dir='ltr'><strong>praeclarae</strong></span> <span class='ocrx_word' id='word_1_500' title='bbox 2278 755 2539 807; x_wconf 73' lang='lat' dir='ltr'><strong>columna:</strong></span> <span class='ocrx_word' id='word_1_501' title='bbox 2569 756 2898 821; x_wconf 68' lang='lat' dir='ltr'><strong>tolerantiae;</strong></span> <span class='ocrx_word' id='word_1_502' title='bbox 2930 767 2982 810; x_wconf 90' lang='lat' dir='ltr'><strong>et</strong></span> <span class='ocrx_word' id='word_1_503' title='bbox 3024 759 3106 812; x_wconf 90' lang='lat' dir='ltr'><strong>hic</strong></span> <span class='ocrx_word' id='word_1_504' title='bbox 3146 770 3227 813; x_wconf 92' lang='lat' dir='ltr'><strong>est</strong></span> <span class='ocrx_word' id='word_1_505' title='bbox 3260 759 3378 813; x_wconf 86' lang='lat' dir='ltr'><strong>finis</strong></span> <span class='ocrx_word' id='word_1_506' title='bbox 3408 761 3547 815; x_wconf 85' lang='lat' dir='ltr'><strong>illius</strong></span> 
     </span>
    </p>
   </div>
   <div class='ocr_carea' id='block_1_66' title="bbox 1976 840 3546 916">
    <p class='ocr_par' dir='ltr' id='par_1_66' title="bbox 1976 840 3546 916">
     <span class='ocr_line' id='line_1_67' title="bbox 1976 840 3546 916; baseline 0.007 -24"><span class='ocrx_word' id='word_1_507' title='bbox 1976 840 2221 906; x_wconf 91' lang='lat' dir='ltr'><strong>virtutis,</strong></span> <span class='ocrx_word' id='word_1_508' title='bbox 2246 842 2333 910; x_wconf 89' lang='lat' dir='ltr'><strong>qui</strong></span> <span class='ocrx_word' id='word_1_509' title='bbox 2375 856 2471 911; x_wconf 93' lang='lat' dir='ltr'><strong>pro</strong></span> <span class='ocrx_word' id='word_1_510' title='bbox 2500 858 2678 896; x_wconf 84' lang='lat' dir='ltr'><strong>amaro</strong></span> <span class='ocrx_word' id='word_1_511' title='bbox 2709 846 2851 899; x_wconf 91' lang='lat' dir='ltr'><strong>fonte</strong></span> <span class='ocrx_word' id='word_1_512' title='bbox 2900 844 3091 899; x_wconf 88' lang='lat' dir='ltr'><strong>fruimr</strong></span> <span class='ocrx_word' id='word_1_513' title='bbox 3137 858 3391 916; x_wconf 88' lang='lat' dir='ltr'><strong>perpetuo</strong></span> <span class='ocrx_word' id='word_1_514' title='bbox 3423 851 3546 903; x_wconf 88' lang='lat' dir='ltr'><strong>dul-</strong></span> 
     </span>
    </p>
   </div>
   <div class='ocr_carea' id='block_1_67' title="bbox 1976 932 3243 1005">
    <p class='ocr_par' dir='ltr' id='par_1_67' title="bbox 1976 932 3243 1005">
     <span class='ocr_line' id='line_1_68' title="bbox 1976 932 3243 1005; baseline 0.003 -18"><span class='ocrx_word' id='word_1_515' title='bbox 1976 932 2181 987; x_wconf 89' lang='lat' dir='ltr'><strong>cedinis</strong></span> <span class='ocrx_word' id='word_1_516' title='bbox 2208 934 2402 987; x_wconf 89' lang='lat' dir='ltr'><strong>fluento</strong></span> <span class='ocrx_word' id='word_1_517' title='bbox 2431 947 2549 987; x_wconf 92' lang='lat' dir='ltr'><strong>cum</strong></span> <span class='ocrx_word' id='word_1_518' title='bbox 2583 949 2771 1001; x_wconf 88' lang='lat' dir='ltr'><strong>magno</strong></span> <span class='ocrx_word' id='word_1_519' title='bbox 2798 936 3019 1003; x_wconf 84' lang='lat' dir='ltr'><strong>spiritali</strong></span> <span class='ocrx_word' id='word_1_520' title='bbox 3052 937 3243 1005; x_wconf 92' lang='lat' dir='ltr'><strong>gaudio</strong></span> 
     </span>
    </p>
   </div>
   <div class='ocr_carea' id='block_1_68' title="bbox 2482 1043 3021 1100">
    <p class='ocr_par' dir='ltr' id='par_1_68' title="bbox 2482 1043 3021 1100">
     <span class='ocr_line' id='line_1_69' title="bbox 2482 1043 3021 1100; baseline 0.004 -2"><span class='ocrx_word' id='word_1_521' title='bbox 2482 1043 2706 1100; x_wconf 86' lang='lat' dir='ltr'><strong>CAPUT</strong></span> <span class='ocrx_word' id='word_1_522' title='bbox 2738 1045 2869 1099; x_wconf 82' lang='lat' dir='ltr'><strong>LXX</strong></span> <span class='ocrx_word' id='word_1_523' title='bbox 2884 1047 3021 1100; x_wconf 74' lang='lat' dir='ltr'><strong>XIX.</strong></span> 
     </span>
    </p>
   </div>
   <div class='ocr_carea' id='block_1_69' title="bbox 2371 1129 3158 1201">
    <p class='ocr_par' dir='ltr' id='par_1_69' title="bbox 2371 1129 3158 1201">
     <span class='ocr_line' id='line_1_70' title="bbox 2371 1129 3158 1201; baseline 0.003 -18"><span class='ocrx_word' id='word_1_524' title='bbox 2371 1129 2489 1183; x_wconf 83' lang='lat' dir='ltr'><strong>Vita</strong></span> <span class='ocrx_word' id='word_1_525' title='bbox 2518 1131 2711 1185; x_wconf 86' lang='lat' dir='ltr'><strong>abbatis</strong></span> <span class='ocrx_word' id='word_1_526' title='bbox 2740 1131 2947 1185; x_wconf 80' lang='lat' dir='ltr'><strong>Chronii</strong></span> <span class='ocrx_word' id='word_1_527' title='bbox 2984 1133 3158 1201; x_wconf 58' lang='lat' dir='ltr'><strong>(HQ).</strong></span> 
     </span>
    </p>
   </div>
   <div class='ocr_carea' id='block_1_70' title="bbox 2044 1220 3535 1293">
    <p class='ocr_par' dir='ltr' id='par_1_70' title="bbox 2044 1220 3535 1293">
     <span class='ocr_line' id='line_1_71' title="bbox 2044 1220 3535 1293; baseline 0.003 -21"><span class='ocrx_word' id='word_1_528' title='bbox 2044 1220 2271 1285; x_wconf 87' lang='lat' dir='ltr'><strong>Quidam</strong></span> <span class='ocrx_word' id='word_1_529' title='bbox 2307 1220 2397 1290; x_wconf 92' lang='lat' dir='ltr'><strong>qui</strong></span> <span class='ocrx_word' id='word_1_530' title='bbox 2424 1222 2697 1276; x_wconf 89' lang='lat' dir='ltr'><strong>dicebatur</strong></span> <span class='ocrx_word' id='word_1_531' title='bbox 2717 1225 3006 1286; x_wconf 88' lang='lat' dir='ltr'><strong>Chronius,</strong></span> <span class='ocrx_word' id='word_1_532' title='bbox 3036 1242 3096 1276; x_wconf 89' lang='lat' dir='ltr'><strong>ex</strong></span> <span class='ocrx_word' id='word_1_533' title='bbox 3145 1227 3263 1279; x_wconf 78' lang='lat' dir='ltr'><strong>vico</strong></span> <span class='ocrx_word' id='word_1_534' title='bbox 3292 1224 3381 1293; x_wconf 88' lang='lat' dir='ltr'><strong>qui</strong></span> <span class='ocrx_word' id='word_1_535' title='bbox 3405 1225 3535 1277; x_wconf 81' lang='lat' dir='ltr'><strong>dioi-</strong></span> 
     </span>
    </p>
   </div>
   <div class='ocr_carea' id='block_1_71' title="bbox 1976 1309 3535 1382">
    <p class='ocr_par' dir='ltr' id='par_1_71' title="bbox 1976 1309 3535 1382">
     <span class='ocr_line' id='line_1_72' title="bbox 1976 1309 3535 1382; baseline 0.004 -21"><span class='ocrx_word' id='word_1_536' title='bbox 1976 1318 2059 1361; x_wconf 92' lang='lat' dir='ltr'><strong>tur</strong></span> <span class='ocrx_word' id='word_1_537' title='bbox 2088 1309 2307 1363; x_wconf 71' lang='lat' dir='ltr'><strong>thnix</strong></span> <span class='ocrx_word' id='word_1_538' title='bbox 2331 1350 2345 1374; x_wconf 95' lang='lat'><strong>,</strong></span> <span class='ocrx_word' id='word_1_539' title='bbox 2377 1325 2495 1364; x_wconf 92' lang='lat' dir='ltr'><strong>cum</strong></span> <span class='ocrx_word' id='word_1_540' title='bbox 2526 1327 2553 1364; x_wconf 91' lang='lat' dir='ltr'><strong>a</strong></span> <span class='ocrx_word' id='word_1_541' title='bbox 2584 1327 2680 1365; x_wconf 92' lang='lat' dir='ltr'><strong>suo</strong></span> <span class='ocrx_word' id='word_1_542' title='bbox 2713 1315 2827 1367; x_wconf 85' lang='lat' dir='ltr'><strong>vico</strong></span> <span class='ocrx_word' id='word_1_543' title='bbox 2858 1314 2949 1382; x_wconf 89' lang='lat' dir='ltr'><strong>qui</strong></span> <span class='ocrx_word' id='word_1_544' title='bbox 2989 1325 3070 1366; x_wconf 89' lang='lat' dir='ltr'><strong>est</strong></span> <span class='ocrx_word' id='word_1_545' title='bbox 3091 1328 3266 1381; x_wconf 82' lang='lat' dir='ltr'><strong>.prope</strong></span> <span class='ocrx_word' id='word_1_546' title='bbox 3294 1314 3535 1367; x_wconf 87' lang='lat' dir='ltr'><strong>solitudi-</strong></span> 
     </span>
    </p>
   </div>
   <div class='ocr_carea' id='block_1_72' title="bbox 1974 1403 3536 1469">
    <p class='ocr_par' dir='ltr' id='par_1_72' title="bbox 1974 1403 3536 1469">
     <span class='ocr_line' id='line_1_73' title="bbox 1974 1403 3536 1469; baseline 0.004 -17"><span class='ocrx_word' id='word_1_547' title='bbox 1974 1414 2116 1466; x_wconf 89' lang='lat' dir='ltr'><strong>nem,</strong></span> <span class='ocrx_word' id='word_1_548' title='bbox 2134 1415 2346 1454; x_wconf 86' lang='lat' dir='ltr'><strong>mensus</strong></span> <span class='ocrx_word' id='word_1_549' title='bbox 2368 1412 2510 1455; x_wconf 89' lang='lat' dir='ltr'><strong>esset</strong></span> <span class='ocrx_word' id='word_1_550' title='bbox 2530 1403 2831 1469; x_wconf 89' lang='lat' dir='ltr'><strong>quindecim</strong></span> <span class='ocrx_word' id='word_1_551' title='bbox 2852 1403 3016 1456; x_wconf 90' lang='lat' dir='ltr'><strong>millia</strong></span> <span class='ocrx_word' id='word_1_552' title='bbox 3042 1418 3289 1469; x_wconf 61' lang='lat' dir='ltr'><strong>passuum</strong></span> <span class='ocrx_word' id='word_1_553' title='bbox 3313 1405 3536 1459; x_wconf 87' lang='lat' dir='ltr'><strong>dextero</strong></span> 
     </span>
    </p>
   </div>
   <div class='ocr_carea' id='block_1_73' title="bbox 1974 1488 3543 1563">
    <p class='ocr_par' dir='ltr' id='par_1_73' title="bbox 1974 1488 3543 1563">
     <span class='ocr_line' id='line_1_74' title="bbox 1974 1488 3543 1563; baseline 0.003 -21"><span class='ocrx_word' id='word_1_554' title='bbox 1974 1488 2109 1557; x_wconf 89' lang='lat' dir='ltr'><strong>pede</strong></span> <span class='ocrx_word' id='word_1_555' title='bbox 2156 1500 2580 1554; x_wconf 88' lang='lat' dir='ltr'><strong>numeratorum,</strong></span> <span class='ocrx_word' id='word_1_556' title='bbox 2616 1490 2723 1563; x_wconf 88' lang='lat' dir='ltr'><strong>illic</strong></span> <span class='ocrx_word' id='word_1_557' title='bbox 2760 1501 3001 1559; x_wconf 90' lang='lat' dir='ltr'><strong>precatus</strong></span> <span class='ocrx_word' id='word_1_558' title='bbox 3039 1492 3169 1545; x_wconf 87' lang='lat' dir='ltr'><strong>fodit</strong></span> <span class='ocrx_word' id='word_1_559' title='bbox 3208 1502 3455 1560; x_wconf 78' lang='lat' dir='ltr'><strong>puteum;</strong></span> <span class='ocrx_word' id='word_1_560' title='bbox 3488 1506 3543 1547; x_wconf 87' lang='lat' dir='ltr'><strong>et</strong></span> 
     </span>
    </p>
   </div>
   <div class='ocr_carea' id='block_1_74' title="bbox 1970 1580 3535 1649">
    <p class='ocr_par' dir='ltr' id='par_1_74' title="bbox 1970 1580 3535 1649">
     <span class='ocr_line' id='line_1_75' title="bbox 1970 1580 3535 1649; baseline 0.004 -17"><span class='ocrx_word' id='word_1_561' title='bbox 1970 1592 2090 1632; x_wconf 90' lang='lat' dir='ltr'><strong>cum</strong></span> <span class='ocrx_word' id='word_1_562' title='bbox 2144 1594 2331 1647; x_wconf 89' lang='lat' dir='ltr'><strong>aquam</strong></span> <span class='ocrx_word' id='word_1_563' title='bbox 2380 1580 2664 1634; x_wconf 83' lang='lat' dir='ltr'><strong>invenisset</strong></span> <span class='ocrx_word' id='word_1_564' title='bbox 2705 1583 2989 1649; x_wconf 88' lang='lat' dir='ltr'><strong>optimam,</strong></span> <span class='ocrx_word' id='word_1_565' title='bbox 3022 1598 3138 1649; x_wconf 73' lang='lat' dir='ltr'><strong>quae</strong></span> <span class='ocrx_word' id='word_1_566' title='bbox 3180 1583 3229 1635; x_wconf 90' lang='lat' dir='ltr'><strong>iu</strong></span> <span class='ocrx_word' id='word_1_567' title='bbox 3272 1584 3535 1647; x_wconf 86' lang='lat' dir='ltr'><strong>profundo</strong></span> 
     </span>
    </p>
   </div>
   <div class='ocr_carea' id='block_1_75' title="bbox 1970 1668 3556 1740">
    <p class='ocr_par' dir='ltr' id='par_1_75' title="bbox 1970 1668 3556 1740">
     <span class='ocr_line' id='line_1_76' title="bbox 1970 1668 3556 1740; baseline 0.003 -20"><span class='ocrx_word' id='word_1_568' title='bbox 1970 1668 2151 1722; x_wconf 87' lang='lat' dir='ltr'><strong>aberat</strong></span> <span class='ocrx_word' id='word_1_569' title='bbox 2187 1679 2392 1737; x_wconf 90' lang='lat' dir='ltr'><strong>septem</strong></span> <span class='ocrx_word' id='word_1_570' title='bbox 2421 1672 2576 1734; x_wconf 90' lang='lat' dir='ltr'><strong>ulnis,</strong></span> <span class='ocrx_word' id='word_1_571' title='bbox 2612 1672 2717 1723; x_wconf 86' lang='lat' dir='ltr'><strong>illic</strong></span> <span class='ocrx_word' id='word_1_572' title='bbox 2745 1688 2955 1740; x_wconf 86' lang='lat' dir='ltr'><strong>quoque</strong></span> <span class='ocrx_word' id='word_1_573' title='bbox 2986 1672 3083 1724; x_wconf 77' lang='lat' dir='ltr'><strong>sibi</strong></span> <span class='ocrx_word' id='word_1_574' title='bbox 3110 1673 3389 1726; x_wconf 65' lang='lat' dir='ltr'><strong>aedificavit</strong></span> <span class='ocrx_word' id='word_1_575' title='bbox 3417 1690 3556 1739; x_wconf 69' lang='lat' dir='ltr'><strong>par-i</strong></span> 
     </span>
    </p>
   </div>
   <div class='ocr_carea' id='block_1_76' title="bbox 1968 1759 3554 1828">
    <p class='ocr_par' dir='ltr' id='par_1_76' title="bbox 1968 1759 3554 1828">
     <span class='ocr_line' id='line_1_77' title="bbox 1968 1759 3554 1828; baseline 0.003 -17"><span class='ocrx_word' id='word_1_576' title='bbox 1968 1774 2091 1812; x_wconf 89' lang='lat' dir='ltr'><strong>vum</strong></span> <span class='ocrx_word' id='word_1_577' title='bbox 2124 1759 2486 1828; x_wconf 88' lang='lat' dir='ltr'><strong>hospitiolum.</strong></span> <span class='ocrx_word' id='word_1_578' title='bbox 2531 1762 2595 1816; x_wconf 82' lang='lat' dir='ltr'><strong>Et</strong></span> <span class='ocrx_word' id='word_1_579' title='bbox 2620 1777 2684 1815; x_wconf 89' lang='lat' dir='ltr'><strong>ex</strong></span> <span class='ocrx_word' id='word_1_580' title='bbox 2727 1776 2830 1827; x_wconf 92' lang='lat' dir='ltr'><strong>quo</strong></span> <span class='ocrx_word' id='word_1_581' title='bbox 2864 1763 2951 1815; x_wconf 90' lang='lat' dir='ltr'><strong>die</strong></span> <span class='ocrx_word' id='word_1_582' title='bbox 2982 1763 3216 1827; x_wconf 82' lang='lat' dir='ltr'><strong>seipsum</strong></span> <span class='ocrx_word' id='word_1_583' title='bbox 3263 1764 3554 1815; x_wconf 77' lang='lat' dir='ltr'><strong>collocavit&quot;</strong></span> 
     </span>
    </p>
   </div>
   <div class='ocr_carea' id='block_1_77' title="bbox 1901 1851 3541 1923">
    <p class='ocr_par' dir='ltr' id='par_1_77' title="bbox 1901 1851 3541 1923">
     <span class='ocr_line' id='line_1_78' title="bbox 1901 1851 3541 1923; baseline 0.004 -20"><span class='ocrx_word' id='word_1_584' title='bbox 1901 1853 1947 1911; x_wconf 89' lang='lat' dir='ltr'><strong>B</strong></span> <span class='ocrx_word' id='word_1_585' title='bbox 1974 1851 2025 1904; x_wconf 93' lang='lat' dir='ltr'><strong>in</strong></span> <span class='ocrx_word' id='word_1_586' title='bbox 2056 1853 2400 1918; x_wconf 90' lang='lat' dir='ltr'><strong>monasterio,</strong></span> <span class='ocrx_word' id='word_1_587' title='bbox 2440 1854 2603 1907; x_wconf 90' lang='lat' dir='ltr'><strong>Deum</strong></span> <span class='ocrx_word' id='word_1_588' title='bbox 2651 1854 2853 1923; x_wconf 85' lang='lat' dir='ltr'><strong>rogavit</strong></span> <span class='ocrx_word' id='word_1_589' title='bbox 2896 1869 2961 1907; x_wconf 93' lang='lat' dir='ltr'><strong>ne</strong></span> <span class='ocrx_word' id='word_1_590' title='bbox 2990 1864 3340 1908; x_wconf 85' lang='lat' dir='ltr'><strong>reverteretur</strong></span> <span class='ocrx_word' id='word_1_591' title='bbox 3380 1856 3430 1908; x_wconf 89' lang='lat' dir='ltr'><strong>in</strong></span> <span class='ocrx_word' id='word_1_592' title='bbox 3464 1857 3541 1909; x_wconf 91' lang='lat' dir='ltr'><strong>lo-</strong></span> 
     </span>
    </p>
   </div>
   <div class='ocr_carea' id='block_1_78' title="bbox 1973 1942 3536 2011">
    <p class='ocr_par' dir='ltr' id='par_1_78' title="bbox 1973 1942 3536 2011">
     <span class='ocr_line' id='line_1_79' title="bbox 1973 1942 3536 2011; baseline 0.003 -16"><span class='ocrx_word' id='word_1_593' title='bbox 1973 1956 2093 1995; x_wconf 91' lang='lat' dir='ltr'><strong>cum</strong></span> <span class='ocrx_word' id='word_1_594' title='bbox 2116 1943 2202 2010; x_wconf 93' lang='lat' dir='ltr'><strong>qui</strong></span> <span class='ocrx_word' id='word_1_595' title='bbox 2227 1942 2513 1997; x_wconf 81' lang='lat' dir='ltr'><strong>habitatur.</strong></span> <span class='ocrx_word' id='word_1_596' title='bbox 2537 1943 2667 1997; x_wconf 89' lang='lat' dir='ltr'><strong>Cum</strong></span> <span class='ocrx_word' id='word_1_597' title='bbox 2711 1946 2859 2011; x_wconf 90' lang='lat' dir='ltr'><strong>pauci</strong></span> <span class='ocrx_word' id='word_1_598' title='bbox 2889 1956 3063 1997; x_wconf 91' lang='lat' dir='ltr'><strong>autem</strong></span> <span class='ocrx_word' id='word_1_599' title='bbox 3092 1946 3215 1997; x_wconf 90' lang='lat' dir='ltr'><strong>anni</strong></span> <span class='ocrx_word' id='word_1_600' title='bbox 3250 1947 3536 2011; x_wconf 70' lang='lat' dir='ltr'><strong>praeteriis-</strong></span> 
     </span>
    </p>
   </div>
   <div class='ocr_carea' id='block_1_79' title="bbox 1970 2034 3536 2106">
    <p class='ocr_par' dir='ltr' id='par_1_79' title="bbox 1970 2034 3536 2106">
     <span class='ocr_line' id='line_1_80' title="bbox 1970 2034 3536 2106; baseline 0.004 -19"><span class='ocrx_word' id='word_1_601' title='bbox 1970 2044 2108 2095; x_wconf 88' lang='lat' dir='ltr'><strong>sent,</strong></span> <span class='ocrx_word' id='word_1_602' title='bbox 2132 2034 2318 2102; x_wconf 86' lang='lat' dir='ltr'><strong>dignus</strong></span> <span class='ocrx_word' id='word_1_603' title='bbox 2366 2036 2463 2088; x_wconf 86' lang='lat' dir='ltr'><strong>fuit</strong></span> <span class='ocrx_word' id='word_1_604' title='bbox 2509 2036 2717 2091; x_wconf 90' lang='lat' dir='ltr'><strong>habitus</strong></span> <span class='ocrx_word' id='word_1_605' title='bbox 2763 2038 3129 2106; x_wconf 86' lang='lat' dir='ltr'><strong>presbyteratu</strong></span> <span class='ocrx_word' id='word_1_606' title='bbox 3152 2081 3165 2102; x_wconf 93' lang='lat'><strong>,</strong></span> <span class='ocrx_word' id='word_1_607' title='bbox 3198 2040 3407 2093; x_wconf 87' lang='lat' dir='ltr'><strong>circiter</strong></span> <span class='ocrx_word' id='word_1_608' title='bbox 3436 2049 3536 2093; x_wconf 80' lang='lat' dir='ltr'><strong>du-</strong></span> 
     </span>
    </p>
   </div>
   <div class='ocr_carea' id='block_1_80' title="bbox 1968 2125 3534 2196">
    <p class='ocr_par' dir='ltr' id='par_1_80' title="bbox 1968 2125 3534 2196">
     <span class='ocr_line' id='line_1_81' title="bbox 1968 2125 3534 2196; baseline 0.003 -20"><span class='ocrx_word' id='word_1_609' title='bbox 1968 2134 2244 2177; x_wconf 89' lang='lat' dir='ltr'><strong>centorum</strong></span> <span class='ocrx_word' id='word_1_610' title='bbox 2285 2125 2519 2178; x_wconf 89' lang='lat' dir='ltr'><strong>virorum</strong></span> <span class='ocrx_word' id='word_1_611' title='bbox 2570 2128 2708 2179; x_wconf 91' lang='lat' dir='ltr'><strong>circa</strong></span> <span class='ocrx_word' id='word_1_612' title='bbox 2742 2127 2912 2195; x_wconf 90' lang='lat' dir='ltr'><strong>ipsum</strong></span> <span class='ocrx_word' id='word_1_613' title='bbox 2944 2140 3256 2196; x_wconf 87' lang='lat' dir='ltr'><strong>congregata</strong></span> <span class='ocrx_word' id='word_1_614' title='bbox 3291 2129 3534 2183; x_wconf 88' lang='lat' dir='ltr'><strong>fraterni-</strong></span> 
     </span>
    </p>
   </div>
   <div class='ocr_carea' id='block_1_81' title="bbox 1970 2214 3518 2284">
    <p class='ocr_par' dir='ltr' id='par_1_81' title="bbox 1970 2214 3518 2284">
     <span class='ocr_line' id='line_1_82' title="bbox 1970 2214 3518 2284; baseline 0.003 -17"><span class='ocrx_word' id='word_1_615' title='bbox 1970 2222 2095 2267; x_wconf 89' lang='lat' dir='ltr'><strong>tate.</strong></span> <span class='ocrx_word' id='word_1_616' title='bbox 2121 2214 2242 2267; x_wconf 72' lang='lat' dir='ltr'><strong>Haac</strong></span> <span class='ocrx_word' id='word_1_617' title='bbox 2271 2229 2398 2283; x_wconf 85' lang='lat' dir='ltr'><strong>ergo</strong></span> <span class='ocrx_word' id='word_1_618' title='bbox 2424 2216 2593 2270; x_wconf 89' lang='lat' dir='ltr'><strong>fertur</strong></span> <span class='ocrx_word' id='word_1_619' title='bbox 2615 2218 2728 2284; x_wconf 85' lang='lat' dir='ltr'><strong>ejus</strong></span> <span class='ocrx_word' id='word_1_620' title='bbox 2745 2218 2907 2271; x_wconf 90' lang='lat' dir='ltr'><strong>virtus</strong></span> <span class='ocrx_word' id='word_1_621' title='bbox 2932 2219 3322 2271; x_wconf 79' lang='lat' dir='ltr'><strong>exercitationis</strong></span> <span class='ocrx_word' id='word_1_622' title='bbox 3341 2260 3354 2281; x_wconf 89' lang='lat'><strong>,</strong></span> <span class='ocrx_word' id='word_1_623' title='bbox 3378 2218 3518 2284; x_wconf 89' lang='lat' dir='ltr'><strong>quod</strong></span> 
     </span>
    </p>
   </div>
   <div class='ocr_carea' id='block_1_82' title="bbox 1967 2306 3525 2375">
    <p class='ocr_par' dir='ltr' id='par_1_82' title="bbox 1967 2306 3525 2375">
     <span class='ocr_line' id='line_1_83' title="bbox 1967 2306 3525 2375; baseline 0.003 -20"><span class='ocrx_word' id='word_1_624' title='bbox 1967 2318 2085 2355; x_wconf 90' lang='lat' dir='ltr'><strong>cum</strong></span> <span class='ocrx_word' id='word_1_625' title='bbox 2114 2306 2383 2373; x_wconf 82' lang='lat' dir='ltr'><strong>sexaginta</strong></span> <span class='ocrx_word' id='word_1_626' title='bbox 2411 2306 2563 2360; x_wconf 89' lang='lat' dir='ltr'><strong>anuis</strong></span> <span class='ocrx_word' id='word_1_627' title='bbox 2586 2321 2693 2359; x_wconf 73' lang='lat' dir='ltr'><strong>ara:</strong></span> <span class='ocrx_word' id='word_1_628' title='bbox 2719 2308 3003 2361; x_wconf 88' lang='lat' dir='ltr'><strong>assedisset</strong></span> <span class='ocrx_word' id='word_1_629' title='bbox 3025 2309 3247 2375; x_wconf 89' lang='lat' dir='ltr'><strong>fungens</strong></span> <span class='ocrx_word' id='word_1_630' title='bbox 3277 2307 3525 2360; x_wconf 87' lang='lat' dir='ltr'><strong>sacerdo-</strong></span> 
     </span>
    </p>
   </div>
   <div class='ocr_carea' id='block_1_83' title="bbox 1968 2392 3528 2463">
    <p class='ocr_par' dir='ltr' id='par_1_83' title="bbox 1968 2392 3528 2463">
     <span class='ocr_line' id='line_1_84' title="bbox 1968 2392 3528 2463; baseline 0.005 -20"><span class='ocrx_word' id='word_1_631' title='bbox 1968 2392 2041 2445; x_wconf 82' lang='lat' dir='ltr'><strong>tio</strong></span> <span class='ocrx_word' id='word_1_632' title='bbox 2060 2433 2075 2456; x_wconf 94' lang='lat'><strong>,</strong></span> <span class='ocrx_word' id='word_1_633' title='bbox 2107 2409 2211 2446; x_wconf 90' lang='lat' dir='ltr'><strong>non</strong></span> <span class='ocrx_word' id='word_1_634' title='bbox 2240 2408 2484 2462; x_wconf 87' lang='lat' dir='ltr'><strong>egressus</strong></span> <span class='ocrx_word' id='word_1_635' title='bbox 2513 2406 2593 2449; x_wconf 92' lang='lat' dir='ltr'><strong>est</strong></span> <span class='ocrx_word' id='word_1_636' title='bbox 2639 2412 2668 2449; x_wconf 94' lang='lat' dir='ltr'><strong>e</strong></span> <span class='ocrx_word' id='word_1_637' title='bbox 2694 2397 2938 2463; x_wconf 89' lang='lat' dir='ltr'><strong>deserto,</strong></span> <span class='ocrx_word' id='word_1_638' title='bbox 2985 2413 3088 2451; x_wconf 92' lang='lat' dir='ltr'><strong>non</strong></span> <span class='ocrx_word' id='word_1_639' title='bbox 3120 2409 3267 2451; x_wconf 88' lang='lat' dir='ltr'><strong>extra</strong></span> <span class='ocrx_word' id='word_1_640' title='bbox 3295 2397 3528 2452; x_wconf 82' lang='lat' dir='ltr'><strong>laborem</strong></span> 
     </span>
    </p>
   </div>
   <div class='ocr_carea' id='block_1_84' title="bbox 1966 2485 2715 2554">
    <p class='ocr_par' dir='ltr' id='par_1_84' title="bbox 1966 2485 2715 2554">
     <span class='ocr_line' id='line_1_85' title="bbox 1966 2485 2715 2554; baseline 0.003 -17"><span class='ocrx_word' id='word_1_641' title='bbox 1966 2498 2216 2537; x_wconf 84' lang='lat' dir='ltr'><strong>manuum</strong></span> <span class='ocrx_word' id='word_1_642' title='bbox 2247 2485 2481 2539; x_wconf 89' lang='lat' dir='ltr'><strong>comedit</strong></span> <span class='ocrx_word' id='word_1_643' title='bbox 2508 2502 2715 2554; x_wconf 88' lang='lat' dir='ltr'><strong>panem.</strong></span> 
     </span>
    </p>
   </div>
   <div class='ocr_carea' id='block_1_85' title="bbox 2546 2595 2922 2651">
    <p class='ocr_par' dir='ltr' id='par_1_85' title="bbox 2546 2595 2922 2651">
     <span class='ocr_line' id='line_1_86' title="bbox 2546 2595 2922 2651; baseline 0.005 -2"><span class='ocrx_word' id='word_1_644' title='bbox 2546 2595 2767 2649; x_wconf 85' lang='lat' dir='ltr'><strong>CAPUT</strong></span> <span class='ocrx_word' id='word_1_645' title='bbox 2814 2595 2922 2651; x_wconf 90' lang='lat' dir='ltr'><strong>XC.</strong></span> 
     </span>
    </p>
   </div>
   <div class='ocr_carea' id='block_1_86' title="bbox 2468 2685 3038 2741">
    <p class='ocr_par' dir='ltr' id='par_1_86' title="bbox 2468 2685 3038 2741">
     <span class='ocr_line' id='line_1_87' title="bbox 2468 2685 3038 2741; baseline 0.005 -3"><span class='ocrx_word' id='word_1_646' title='bbox 2468 2685 2585 2738; x_wconf 83' lang='lat' dir='ltr'><strong>Vita</strong></span> <span class='ocrx_word' id='word_1_647' title='bbox 2615 2687 2806 2739; x_wconf 83' lang='lat' dir='ltr'><strong>abbatis</strong></span> <span class='ocrx_word' id='word_1_648' title='bbox 2838 2686 3038 2741; x_wconf 83' lang='lat' dir='ltr'><strong>Jacobi.</strong></span> 
     </span>
    </p>
   </div>
   <div class='ocr_carea' id='block_1_87' title="bbox 2035 2774 3527 2847">
    <p class='ocr_par' dir='ltr' id='par_1_87' title="bbox 2035 2774 3527 2847">
     <span class='ocr_line' id='line_1_88' title="bbox 2035 2774 3527 2847; baseline 0.005 -20"><span class='ocrx_word' id='word_1_649' title='bbox 2035 2774 2163 2828; x_wconf 88' lang='lat' dir='ltr'><strong>Cum</strong></span> <span class='ocrx_word' id='word_1_650' title='bbox 2194 2790 2257 2828; x_wconf 93' lang='lat' dir='ltr'><strong>eo</strong></span> <span class='ocrx_word' id='word_1_651' title='bbox 2286 2775 2541 2829; x_wconf 91' lang='lat' dir='ltr'><strong>habitavit</strong></span> <span class='ocrx_word' id='word_1_652' title='bbox 2577 2779 2790 2845; x_wconf 89' lang='lat' dir='ltr'><strong>quidam</strong></span> <span class='ocrx_word' id='word_1_653' title='bbox 2817 2778 2982 2832; x_wconf 83' lang='lat' dir='ltr'><strong>Jacob</strong></span> <span class='ocrx_word' id='word_1_654' title='bbox 3006 2795 3036 2833; x_wconf 87' lang='lat' dir='ltr'><strong>e</strong></span> <span class='ocrx_word' id='word_1_655' title='bbox 3072 2780 3261 2832; x_wconf 90' lang='lat' dir='ltr'><strong>vicinis</strong></span> <span class='ocrx_word' id='word_1_656' title='bbox 3280 2821 3293 2841; x_wconf 92' lang='lat'><strong>,</strong></span> <span class='ocrx_word' id='word_1_657' title='bbox 3325 2782 3411 2847; x_wconf 87' lang='lat' dir='ltr'><strong>qtti</strong></span> <span class='ocrx_word' id='word_1_658' title='bbox 3435 2796 3527 2835; x_wconf 89' lang='lat' dir='ltr'><strong>co-</strong></span> 
     </span>
    </p>
   </div>
   <div class='ocr_carea' id='block_1_88' title="bbox 1965 2868 3531 2941">
    <p class='ocr_par' dir='ltr' id='par_1_88' title="bbox 1965 2868 3531 2941">
     <span class='ocr_line' id='line_1_89' title="bbox 1965 2868 3531 2941; baseline 0.004 -23"><span class='ocrx_word' id='word_1_659' title='bbox 1965 2868 2307 2936; x_wconf 80' lang='lat' dir='ltr'><strong>gnominatus</strong></span> <span class='ocrx_word' id='word_1_660' title='bbox 2346 2877 2430 2922; x_wconf 89' lang='lat' dir='ltr'><strong>est</strong></span> <span class='ocrx_word' id='word_1_661' title='bbox 2451 2868 2715 2934; x_wconf 84' lang='lat' dir='ltr'><strong>Claudus,</strong></span> <span class='ocrx_word' id='word_1_662' title='bbox 2745 2871 2822 2924; x_wconf 91' lang='lat' dir='ltr'><strong>vir</strong></span> <span class='ocrx_word' id='word_1_663' title='bbox 2846 2885 3048 2924; x_wconf 89' lang='lat' dir='ltr'><strong>summa</strong></span> <span class='ocrx_word' id='word_1_664' title='bbox 3072 2873 3368 2937; x_wconf 87' lang='lat' dir='ltr'><strong>cognitione</strong></span> <span class='ocrx_word' id='word_1_665' title='bbox 3398 2888 3531 2941; x_wconf 79' lang='lat' dir='ltr'><strong>pra:-</strong></span> 
     </span>
    </p>
   </div>
   <div class='ocr_carea' id='block_1_89' title="bbox 1965 2955 3274 3015">
    <p class='ocr_par' dir='ltr' id='par_1_89' title="bbox 1965 2955 3274 3015">
     <span class='ocr_line' id='line_1_90' title="bbox 1965 2955 3274 3015; baseline 0.004 -6"><span class='ocrx_word' id='word_1_666' title='bbox 1965 2957 2125 3010; x_wconf 83' lang='lat' dir='ltr'><strong>ditus.</strong></span> <span class='ocrx_word' id='word_1_667' title='bbox 2158 2956 2510 3011; x_wconf 88' lang='lat' dir='ltr'><strong>Erantautem</strong></span> <span class='ocrx_word' id='word_1_668' title='bbox 2533 2961 2689 3012; x_wconf 90' lang='lat' dir='ltr'><strong>ambo</strong></span> <span class='ocrx_word' id='word_1_669' title='bbox 2710 2962 2818 3012; x_wconf 88' lang='lat' dir='ltr'><strong>noti</strong></span> <span class='ocrx_word' id='word_1_670' title='bbox 2852 2960 3003 3014; x_wconf 89' lang='lat' dir='ltr'><strong>beato</strong></span> <span class='ocrx_word' id='word_1_671' title='bbox 3024 2955 3274 3015; x_wconf 82' lang='lat' dir='ltr'><strong>Antonio.</strong></span> 
     </span>
    </p>
   </div>
   <div class='ocr_carea' id='block_1_90' title="bbox 2547 3071 2947 3127">
    <p class='ocr_par' dir='ltr' id='par_1_90' title="bbox 2547 3071 2947 3127">
     <span class='ocr_line' id='line_1_91' title="bbox 2547 3071 2947 3127; baseline -0.003 -2"><span class='ocrx_word' id='word_1_672' title='bbox 2547 3071 2772 3127; x_wconf 81' lang='lat' dir='ltr'><strong>CAPUT</strong></span> <span class='ocrx_word' id='word_1_673' title='bbox 2812 3071 2947 3125; x_wconf 83' lang='lat' dir='ltr'><strong>XCI.</strong></span> 
     </span>
    </p>
   </div>
   <div class='ocr_carea' id='block_1_91' title="bbox 2189 3160 3303 3232">
    <p class='ocr_par' dir='ltr' id='par_1_91' title="bbox 2189 3160 3303 3232">
     <span class='ocr_line' id='line_1_92' title="bbox 2189 3160 3303 3232; baseline 0.005 -19"><span class='ocrx_word' id='word_1_674' title='bbox 2189 3160 2306 3213; x_wconf 87' lang='lat' dir='ltr'><strong>Vita</strong></span> <span class='ocrx_word' id='word_1_675' title='bbox 2339 3162 2529 3215; x_wconf 80' lang='lat' dir='ltr'><strong>abbatis</strong></span> <span class='ocrx_word' id='word_1_676' title='bbox 2567 3160 2851 3229; x_wconf 84' lang='lat' dir='ltr'><strong>Paphnutii</strong></span> <span class='ocrx_word' id='word_1_677' title='bbox 2882 3162 3103 3232; x_wconf 75' lang='lat' dir='ltr'><strong>Cepheia</strong></span> <span class='ocrx_word' id='word_1_678' title='bbox 3129 3163 3303 3232; x_wconf 73' lang='grc'><strong>(145).</strong></span> 
     </span>
    </p>
   </div>
   <div class='ocr_carea' id='block_1_92' title="bbox 2038 3249 3533 3322">
    <p class='ocr_par' dir='ltr' id='par_1_92' title="bbox 2038 3249 3533 3322">
     <span class='ocr_line' id='line_1_93' title="bbox 2038 3249 3533 3322; baseline 0.005 -20"><span class='ocrx_word' id='word_1_679' title='bbox 2038 3249 2169 3302; x_wconf 90' lang='lat' dir='ltr'><strong>Cum</strong></span> <span class='ocrx_word' id='word_1_680' title='bbox 2198 3264 2324 3316; x_wconf 89' lang='lat' dir='ltr'><strong>ergo</strong></span> <span class='ocrx_word' id='word_1_681' title='bbox 2349 3251 2575 3317; x_wconf 91' lang='lat' dir='ltr'><strong>quodam</strong></span> <span class='ocrx_word' id='word_1_682' title='bbox 2606 3252 2694 3306; x_wconf 93' lang='lat' dir='ltr'><strong>die</strong></span> <span class='ocrx_word' id='word_1_683' title='bbox 2732 3254 3069 3307; x_wconf 77' lang='lat' dir='ltr'><strong>convenisset</strong></span> <span class='ocrx_word' id='word_1_684' title='bbox 3094 3255 3253 3307; x_wconf 88' lang='lat' dir='ltr'><strong>etiam</strong></span> <span class='ocrx_word' id='word_1_685' title='bbox 3290 3255 3533 3322; x_wconf 87' lang='lat' dir='ltr'><strong>Paphnu-</strong></span> 
     </span>
    </p>
   </div>
   <div class='ocr_carea' id='block_1_93' title="bbox 1969 3338 3554 3411">
    <p class='ocr_par' dir='ltr' id='par_1_93' title="bbox 1969 3338 3554 3411">
     <span class='ocr_line' id='line_1_94' title="bbox 1969 3338 3554 3411; baseline 0.008 -23"><span class='ocrx_word' id='word_1_686' title='bbox 1969 3338 2071 3390; x_wconf 92' lang='lat' dir='ltr'><strong>tius</strong></span> <span class='ocrx_word' id='word_1_687' title='bbox 2106 3340 2184 3390; x_wconf 90' lang='lat' dir='ltr'><strong>vir</strong></span> <span class='ocrx_word' id='word_1_688' title='bbox 2214 3340 2470 3393; x_wconf 89' lang='lat' dir='ltr'><strong>mirabilis</strong></span> <span class='ocrx_word' id='word_1_689' title='bbox 2501 3339 2591 3408; x_wconf 91' lang='lat' dir='ltr'><strong>qui</strong></span> <span class='ocrx_word' id='word_1_690' title='bbox 2621 3341 2896 3395; x_wconf 90' lang='lat' dir='ltr'><strong>dicebatur</strong></span> <span class='ocrx_word' id='word_1_691' title='bbox 2922 3344 3172 3409; x_wconf 87' lang='lat' dir='ltr'><strong>Cephala,</strong></span> <span class='ocrx_word' id='word_1_692' title='bbox 3206 3343 3292 3410; x_wconf 92' lang='lat' dir='ltr'><strong>qui</strong></span> <span class='ocrx_word' id='word_1_693' title='bbox 3314 3345 3554 3411; x_wconf 73' lang='lat' dir='ltr'><strong>quidcnt</strong></span> 
     </span>
    </p>
   </div>
   <div class='ocr_carea' id='block_1_94' title="bbox 1969 3425 3529 3498">
    <p class='ocr_par' dir='ltr' id='par_1_94' title="bbox 1969 3425 3529 3498">
     <span class='ocr_line' id='line_1_95' title="bbox 1969 3425 3529 3498; baseline 0.007 -21"><span class='ocrx_word' id='word_1_694' title='bbox 1969 3425 2149 3479; x_wconf 80' lang='lat' dir='ltr'><strong>habuit</strong></span> <span class='ocrx_word' id='word_1_695' title='bbox 2192 3429 2386 3481; x_wconf 92' lang='lat' dir='ltr'><strong>donum</strong></span> <span class='ocrx_word' id='word_1_696' title='bbox 2433 3430 2748 3496; x_wconf 86' lang='lat' dir='ltr'><strong>cognitionis</strong></span> <span class='ocrx_word' id='word_1_697' title='bbox 2795 3430 3091 3485; x_wconf 84' lang='lat' dir='ltr'><strong>divinarum</strong></span> <span class='ocrx_word' id='word_1_698' title='bbox 3132 3431 3529 3498; x_wconf 90' lang='lat' dir='ltr'><strong>Scripturarum</strong></span> 
     </span>
    </p>
   </div>
   <div class='ocr_carea' id='block_1_95' title="bbox 1970 3517 3528 3591">
    <p class='ocr_par' dir='ltr' id='par_1_95' title="bbox 1970 3517 3528 3591">
     <span class='ocr_line' id='line_1_96' title="bbox 1970 3517 3528 3591; baseline 0.005 -21"><span class='ocrx_word' id='word_1_699' title='bbox 1970 3517 2173 3572; x_wconf 82' lang='lat' dir='ltr'><strong>Veteris</strong></span> <span class='ocrx_word' id='word_1_700' title='bbox 2201 3529 2254 3572; x_wconf 88' lang='lat' dir='ltr'><strong>et</strong></span> <span class='ocrx_word' id='word_1_701' title='bbox 2276 3521 2403 3573; x_wconf 87' lang='lat' dir='ltr'><strong>Novi</strong></span> <span class='ocrx_word' id='word_1_702' title='bbox 2435 3520 2781 3584; x_wconf 89' lang='lat' dir='ltr'><strong>Testamenti,</strong></span> <span class='ocrx_word' id='word_1_703' title='bbox 2813 3538 2999 3577; x_wconf 91' lang='lat' dir='ltr'><strong>omnes</strong></span> <span class='ocrx_word' id='word_1_704' title='bbox 3022 3539 3111 3578; x_wconf 90' lang='lat' dir='ltr'><strong>eas</strong></span> <span class='ocrx_word' id='word_1_705' title='bbox 3134 3523 3490 3591; x_wconf 80' lang='lat' dir='ltr'><strong>interpretans</strong></span> <span class='ocrx_word' id='word_1_706' title='bbox 3512 3566 3528 3591; x_wconf 91' lang='lat'><strong>,</strong></span> 
     </span>
    </p>
   </div>
   <div class='ocr_carea' id='block_1_96' title="bbox 1970 3610 3534 3679">
    <p class='ocr_par' dir='ltr' id='par_1_96' title="bbox 1970 3610 3534 3679">
     <span class='ocr_line' id='line_1_97' title="bbox 1970 3610 3534 3679; baseline 0.006 -19"><span class='ocrx_word' id='word_1_707' title='bbox 1970 3624 2086 3661; x_wconf 84' lang='lat' dir='ltr'><strong>cum</strong></span> <span class='ocrx_word' id='word_1_708' title='bbox 2121 3626 2221 3662; x_wconf 92' lang='lat' dir='ltr'><strong>non</strong></span> <span class='ocrx_word' id='word_1_709' title='bbox 2263 3610 2473 3678; x_wconf 69' lang='lat' dir='ltr'><strong>legis~et</strong></span> <span class='ocrx_word' id='word_1_710' title='bbox 2517 3612 2853 3679; x_wconf 81' lang='lat' dir='ltr'><strong>Scripturas:</strong></span> <span class='ocrx_word' id='word_1_711' title='bbox 2885 3624 2999 3667; x_wconf 89' lang='lat' dir='ltr'><strong>erat</strong></span> <span class='ocrx_word' id='word_1_712' title='bbox 3025 3623 3200 3667; x_wconf 89' lang='lat' dir='ltr'><strong>autem</strong></span> <span class='ocrx_word' id='word_1_713' title='bbox 3231 3618 3363 3669; x_wconf 87' lang='lat' dir='ltr'><strong>adeo</strong></span> <span class='ocrx_word' id='word_1_714' title='bbox 3416 3632 3534 3669; x_wconf 85' lang='lat' dir='ltr'><strong>mo-</strong></span> 
     </span>
    </p>
   </div>
   <div class='ocr_carea' id='block_1_97' title="bbox 1969 3697 3528 3770">
    <p class='ocr_par' dir='ltr' id='par_1_97' title="bbox 1969 3697 3528 3770">
     <span class='ocr_line' id='line_1_98' title="bbox 1969 3697 3528 3770; baseline 0.005 -21"><span class='ocrx_word' id='word_1_715' title='bbox 1969 3697 2173 3762; x_wconf 83' lang='lat' dir='ltr'><strong>destus,</strong></span> <span class='ocrx_word' id='word_1_716' title='bbox 2209 3708 2263 3751; x_wconf 89' lang='lat' dir='ltr'><strong>ut</strong></span> <span class='ocrx_word' id='word_1_717' title='bbox 2301 3700 2497 3751; x_wconf 76' lang='lat' dir='ltr'><strong>celaret</strong></span> <span class='ocrx_word' id='word_1_718' title='bbox 2531 3703 2774 3753; x_wconf 89' lang='lat' dir='ltr'><strong>virtutem</strong></span> <span class='ocrx_word' id='word_1_719' title='bbox 2808 3703 3191 3769; x_wconf 86' lang='lat' dir='ltr'><strong>propheticam.</strong></span> <span class='ocrx_word' id='word_1_720' title='bbox 3223 3704 3293 3756; x_wconf 83' lang='lat' dir='ltr'><strong>De</strong></span> <span class='ocrx_word' id='word_1_721' title='bbox 3320 3721 3425 3770; x_wconf 91' lang='lat' dir='ltr'><strong>quo</strong></span> <span class='ocrx_word' id='word_1_722' title='bbox 3446 3706 3528 3757; x_wconf 86' lang='lat' dir='ltr'><strong>di-</strong></span> 
     </span>
    </p>
   </div>
   <div class='ocr_carea' id='block_1_98' title="bbox 1968 3786 3527 3857">
    <p class='ocr_par' dir='ltr' id='par_1_98' title="bbox 1968 3786 3527 3857">
     <span class='ocr_line' id='line_1_99' title="bbox 1968 3786 3527 3857; baseline 0.006 -20"><span class='ocrx_word' id='word_1_723' title='bbox 1968 3786 2127 3850; x_wconf 73' lang='lat' dir='ltr'><strong>(itur,</strong></span> <span class='ocrx_word' id='word_1_724' title='bbox 2158 3788 2296 3854; x_wconf 92' lang='lat' dir='ltr'><strong>quod</strong></span> <span class='ocrx_word' id='word_1_725' title='bbox 2346 3790 2610 3857; x_wconf 83' lang='lat' dir='ltr'><strong>octoginta</strong></span> <span class='ocrx_word' id='word_1_726' title='bbox 2661 3792 2814 3843; x_wconf 86' lang='lat' dir='ltr'><strong>annis</strong></span> <span class='ocrx_word' id='word_1_727' title='bbox 2859 3807 2963 3844; x_wconf 90' lang='lat' dir='ltr'><strong>non</strong></span> <span class='ocrx_word' id='word_1_728' title='bbox 2998 3793 3179 3845; x_wconf 89' lang='lat' dir='ltr'><strong>habuit</strong></span> <span class='ocrx_word' id='word_1_729' title='bbox 3210 3793 3364 3845; x_wconf 90' lang='lat' dir='ltr'><strong>simul</strong></span> <span class='ocrx_word' id='word_1_730' title='bbox 3396 3795 3527 3848; x_wconf 90' lang='lat' dir='ltr'><strong>duas</strong></span> 
     </span>
    </p>
   </div>
   <div class='ocr_carea' id='block_1_99' title="bbox 1972 3876 3535 3949">
    <p class='ocr_par' dir='ltr' id='par_1_99' title="bbox 1972 3876 3535 3949">
     <span class='ocr_line' id='line_1_100' title="bbox 1972 3876 3535 3949; baseline 0.006 -22"><span class='ocrx_word' id='word_1_731' title='bbox 1972 3878 2192 3927; x_wconf 88' lang='lat' dir='ltr'><strong>tunicas.</strong></span> <span class='ocrx_word' id='word_1_732' title='bbox 2224 3876 2351 3929; x_wconf 88' lang='lat' dir='ltr'><strong>Cum</strong></span> <span class='ocrx_word' id='word_1_733' title='bbox 2396 3893 2495 3929; x_wconf 91' lang='lat' dir='ltr'><strong>una</strong></span> <span class='ocrx_word' id='word_1_734' title='bbox 2529 3878 2625 3931; x_wconf 84' lang='lat' dir='ltr'><strong>hos</strong></span> <span class='ocrx_word' id='word_1_735' title='bbox 2656 3880 3088 3933; x_wconf 87' lang='lat' dir='ltr'><strong>comenissemus</strong></span> <span class='ocrx_word' id='word_1_736' title='bbox 3116 3922 3129 3945; x_wconf 94' lang='lat'><strong>,</strong></span> <span class='ocrx_word' id='word_1_737' title='bbox 3163 3898 3260 3949; x_wconf 89' lang='lat' dir='ltr'><strong>ego</strong></span> <span class='ocrx_word' id='word_1_738' title='bbox 3298 3892 3349 3936; x_wconf 92' lang='lat' dir='ltr'><strong>et</strong></span> <span class='ocrx_word' id='word_1_739' title='bbox 3392 3884 3535 3937; x_wconf 90' lang='lat' dir='ltr'><strong>beati</strong></span> 
     </span>
    </p>
   </div>
   <div class='ocr_carea' id='block_1_100' title="bbox 1967 3964 3536 4035">
    <p class='ocr_par' dir='ltr' id='par_1_100' title="bbox 1967 3964 3536 4035">
     <span class='ocr_line' id='line_1_101' title="bbox 1967 3964 3536 4035; baseline 0.008 -20"><span class='ocrx_word' id='word_1_740' title='bbox 1967 3964 2172 4017; x_wconf 79' lang='lat' dir='ltr'><strong>diaconi</strong></span> <span class='ocrx_word' id='word_1_741' title='bbox 2197 3966 2451 4033; x_wconf 84' lang='lat' dir='ltr'><strong>Evagrius</strong></span> <span class='ocrx_word' id='word_1_742' title='bbox 2466 3976 2516 4019; x_wconf 90' lang='lat' dir='ltr'><strong>et</strong></span> <span class='ocrx_word' id='word_1_743' title='bbox 2530 3968 2754 4021; x_wconf 81' lang='lat' dir='ltr'><strong>Albinus</strong></span> <span class='ocrx_word' id='word_1_744' title='bbox 2769 4008 2783 4031; x_wconf 95' lang='lat'><strong>,</strong></span> <span class='ocrx_word' id='word_1_745' title='bbox 2802 3970 3169 4035; x_wconf 66' lang='lat' dir='ltr'><strong>quaerebamus</strong></span> <span class='ocrx_word' id='word_1_746' title='bbox 3191 3973 3331 4025; x_wconf 91' lang='lat' dir='ltr'><strong>scire</strong></span> <span class='ocrx_word' id='word_1_747' title='bbox 3346 3987 3536 4027; x_wconf 87' lang='lat' dir='ltr'><strong>causas</strong></span> 
     </span>
    </p>
   </div>
   <div class='ocr_carea' id='block_1_101' title="bbox 1969 4053 3531 4124">
    <p class='ocr_par' dir='ltr' id='par_1_101' title="bbox 1969 4053 3531 4124">
     <span class='ocr_line' id='line_1_102' title="bbox 1969 4053 3531 4124; baseline 0.007 -20"><span class='ocrx_word' id='word_1_748' title='bbox 1969 4053 2186 4108; x_wconf 83' lang='lat' dir='ltr'><strong>fratrum</strong></span> <span class='ocrx_word' id='word_1_749' title='bbox 2218 4058 2305 4124; x_wconf 90' lang='lat' dir='ltr'><strong>qui</strong></span> <span class='ocrx_word' id='word_1_750' title='bbox 2330 4056 2640 4111; x_wconf 87' lang='lat' dir='ltr'><strong>decidebant</strong></span> <span class='ocrx_word' id='word_1_751' title='bbox 2657 4060 2735 4110; x_wconf 87' lang='lat' dir='ltr'><strong>vel</strong></span> <span class='ocrx_word' id='word_1_752' title='bbox 2768 4060 3077 4114; x_wconf 88' lang='lat' dir='ltr'><strong>labebantur</strong></span> <span class='ocrx_word' id='word_1_753' title='bbox 3105 4062 3387 4117; x_wconf 88' lang='lat' dir='ltr'><strong>inhonesta</strong></span> <span class='ocrx_word' id='word_1_754' title='bbox 3402 4064 3531 4118; x_wconf 88' lang='lat' dir='ltr'><strong>vita.</strong></span> 
     </span>
    </p>
   </div>
   <div class='ocr_carea' id='block_1_102' title="bbox 2552 4148 2961 4204">
    <p class='ocr_par' dir='ltr' id='par_1_102' title="bbox 2552 4148 2961 4204">
     <span class='ocr_line' id='line_1_103' title="bbox 2552 4148 2961 4204; baseline 0.005 -4"><span class='ocrx_word' id='word_1_755' title='bbox 2552 4148 2777 4204; x_wconf 80' lang='lat' dir='ltr'><strong>CAPUT</strong></span> <span class='ocrx_word' id='word_1_756' title='bbox 2810 4148 2961 4202; x_wconf 88' lang='lat' dir='ltr'><strong>XCII.</strong></span> 
     </span>
    </p>
   </div>
   <div class='ocr_carea' id='block_1_103' title="bbox 2544 4238 2955 4291">
    <p class='ocr_par' dir='ltr' id='par_1_103' title="bbox 2544 4238 2955 4291">
     <span class='ocr_line' id='line_1_104' title="bbox 2544 4238 2955 4291; baseline 0.005 -2"><span class='ocrx_word' id='word_1_757' title='bbox 2544 4238 2619 4291; x_wconf 86' lang='lat' dir='ltr'><strong>De</strong></span> <span class='ocrx_word' id='word_1_758' title='bbox 2647 4239 2955 4291; x_wconf 78' lang='lat' dir='ltr'><strong>Cheremone</strong></span> 
     </span>
    </p>
   </div>
   <div class='ocr_carea' id='block_1_104' title="bbox 2041 4326 3535 4385">
    <p class='ocr_par' dir='ltr' id='par_1_104' title="bbox 2041 4326 3535 4385">
     <span class='ocr_line' id='line_1_105' title="bbox 2041 4326 3535 4385; baseline 0.004 -6"><span class='ocrx_word' id='word_1_759' title='bbox 2041 4327 2248 4379; x_wconf 73' lang='lat' dir='ltr'><strong>Accidit</strong></span> <span class='ocrx_word' id='word_1_760' title='bbox 2276 4328 2419 4379; x_wconf 89' lang='lat' dir='ltr'><strong>enim</strong></span> <span class='ocrx_word' id='word_1_761' title='bbox 2459 4326 2563 4379; x_wconf 83' lang='lat' dir='ltr'><strong>illis</strong></span> <span class='ocrx_word' id='word_1_762' title='bbox 2594 4328 2782 4381; x_wconf 91' lang='lat' dir='ltr'><strong>diebus</strong></span> <span class='ocrx_word' id='word_1_763' title='bbox 2808 4340 2864 4380; x_wconf 91' lang='lat' dir='ltr'><strong>ut</strong></span> <span class='ocrx_word' id='word_1_764' title='bbox 2893 4329 3189 4381; x_wconf 88' lang='lat' dir='ltr'><strong>Cheremon</strong></span> <span class='ocrx_word' id='word_1_765' title='bbox 3217 4334 3535 4385; x_wconf 88' lang='lat' dir='ltr'><strong>exercitator</strong></span> 
     </span>
    </p>
   </div>
   <div class='ocr_carea' id='block_1_105' title="bbox 1966 4418 3535 4483">
    <p class='ocr_par' dir='ltr' id='par_1_105' title="bbox 1966 4418 3535 4483">
     <span class='ocr_line' id='line_1_106' title="bbox 1966 4418 3535 4483; baseline 0.002 -12"><span class='ocrx_word' id='word_1_766' title='bbox 1966 4418 2157 4471; x_wconf 84' lang='lat' dir='ltr'><strong>sedens</strong></span> <span class='ocrx_word' id='word_1_767' title='bbox 2186 4418 2506 4483; x_wconf 84' lang='lat' dir='ltr'><strong>decederet,</strong></span> <span class='ocrx_word' id='word_1_768' title='bbox 2537 4426 2591 4470; x_wconf 94' lang='lat' dir='ltr'><strong>et</strong></span> <span class='ocrx_word' id='word_1_769' title='bbox 2631 4418 2960 4472; x_wconf 89' lang='lat' dir='ltr'><strong>inveniretur</strong></span> <span class='ocrx_word' id='word_1_770' title='bbox 2987 4430 3227 4476; x_wconf 89' lang='lat' dir='ltr'><strong>mortuus</strong></span> <span class='ocrx_word' id='word_1_771' title='bbox 3256 4422 3450 4476; x_wconf 88' lang='lat' dir='ltr'><strong>sedens</strong></span> <span class='ocrx_word' id='word_1_772' title='bbox 3482 4424 3535 4476; x_wconf 87' lang='lat' dir='ltr'><strong>in</strong></span> 
     </span>
    </p>
   </div>
   <div class='ocr_carea' id='block_1_106' title="bbox 2521 4507 3070 4574">
    <p class='ocr_par' dir='ltr' id='par_1_106' title="bbox 2521 4507 3070 4574">
     <span class='ocr_line' id='line_1_107' title="bbox 2521 4507 3070 4574; baseline 0.002 -16"><span class='ocrx_word' id='word_1_773' title='bbox 2521 4520 2545 4558; x_wconf 93' lang='lat' dir='ltr'><strong>s</strong></span> <span class='ocrx_word' id='word_1_774' title='bbox 2575 4522 2707 4574; x_wconf 91' lang='lat' dir='ltr'><strong>opus</strong></span> <span class='ocrx_word' id='word_1_775' title='bbox 2736 4507 2788 4559; x_wconf 90' lang='lat' dir='ltr'><strong>in</strong></span> <span class='ocrx_word' id='word_1_776' title='bbox 2818 4508 3070 4559; x_wconf 89' lang='lat' dir='ltr'><strong>manibus.</strong></span> 
     </span>
    </p>
   </div>
   <div class='ocr_carea' id='block_1_107' title="bbox 2521 4595 2981 4652">
    <p class='ocr_par' dir='ltr' id='par_1_107' title="bbox 2521 4595 2981 4652">
     <span class='ocr_line' id='line_1_108' title="bbox 2521 4595 2981 4652; baseline -0.002 -2"><span class='ocrx_word' id='word_1_777' title='bbox 2521 4595 2744 4652; x_wconf 84' lang='lat' dir='ltr'><strong>CAPUT</strong></span> <span class='ocrx_word' id='word_1_778' title='bbox 2800 4598 2981 4650; x_wconf 86' lang='lat' dir='ltr'><strong>XCIII.</strong></span> 
     </span>
    </p>
   </div>
   <div class='ocr_carea' id='block_1_108' title="bbox 2627 4687 2848 4742">
    <p class='ocr_par' dir='ltr' id='par_1_108' title="bbox 2627 4687 2848 4742">
     <span class='ocr_line' id='line_1_109' title="bbox 2627 4687 2848 4742; baseline 0.005 -1"><span class='ocrx_word' id='word_1_779' title='bbox 2627 4687 2703 4741; x_wconf 78' lang='lat' dir='ltr'><strong>De</strong></span> <span class='ocrx_word' id='word_1_780' title='bbox 2725 4688 2848 4742; x_wconf 77' lang='lat' dir='ltr'><strong>alia.</strong></span> 
     </span>
    </p>
   </div>
   <div class='ocr_carea' id='block_1_109' title="bbox 2040 4778 3541 4847">
    <p class='ocr_par' dir='ltr' id='par_1_109' title="bbox 2040 4778 3541 4847">
     <span class='ocr_line' id='line_1_110' title="bbox 2040 4778 3541 4847; baseline 0.001 -15"><span class='ocrx_word' id='word_1_781' title='bbox 2040 4779 2244 4832; x_wconf 76' lang='lat' dir='ltr'><strong>Accidit</strong></span> <span class='ocrx_word' id='word_1_782' title='bbox 2290 4779 2450 4831; x_wconf 85' lang='lat' dir='ltr'><strong>etiam</strong></span> <span class='ocrx_word' id='word_1_783' title='bbox 2512 4786 2569 4830; x_wconf 92' lang='lat' dir='ltr'><strong>ut</strong></span> <span class='ocrx_word' id='word_1_784' title='bbox 2613 4779 2745 4831; x_wconf 89' lang='lat' dir='ltr'><strong>alius</strong></span> <span class='ocrx_word' id='word_1_785' title='bbox 2799 4778 2962 4833; x_wconf 88' lang='lat' dir='ltr'><strong>f&#39;rater</strong></span> <span class='ocrx_word' id='word_1_786' title='bbox 3016 4781 3218 4834; x_wconf 88' lang='lat' dir='ltr'><strong>fodiens</strong></span> <span class='ocrx_word' id='word_1_787' title='bbox 3275 4789 3485 4847; x_wconf 86' lang='lat' dir='ltr'><strong>puteum</strong></span> <span class='ocrx_word' id='word_1_788' title='bbox 3525 4821 3541 4842; x_wconf 92' lang='lat'><strong>,</strong></span> 
     </span>
    </p>
   </div>
   <div class='ocr_carea' id='block_1_110' title="bbox 1968 4872 2541 4935">
    <p class='ocr_par' dir='ltr' id='par_1_110' title="bbox 1968 4872 2541 4935">
     <span class='ocr_line' id='line_1_111' title="bbox 1968 4872 2541 4935; baseline -0.003 -13"><span class='ocrx_word' id='word_1_789' title='bbox 1968 4872 2279 4922; x_wconf 83' lang='lat' dir='ltr'><strong>obrueretur</strong></span> <span class='ocrx_word' id='word_1_790' title='bbox 2303 4881 2330 4918; x_wconf 91' lang='lat' dir='ltr'><strong>a</strong></span> <span class='ocrx_word' id='word_1_791' title='bbox 2362 4875 2541 4935; x_wconf 84' lang='lat' dir='ltr'><strong>puteo.</strong></span> 
     </span>
    </p>
   </div>
   <div class='ocr_carea' id='block_1_111' title="bbox 2527 4955 2979 5011">
    <p class='ocr_par' dir='ltr' id='par_1_111' title="bbox 2527 4955 2979 5011">
     <span class='ocr_line' id='line_1_112' title="bbox 2527 4955 2979 5011; baseline -0.007 -1"><span class='ocrx_word' id='word_1_792' title='bbox 2527 4955 2753 5011; x_wconf 89' lang='lat' dir='ltr'><strong>CAPUT</strong></span> <span class='ocrx_word' id='word_1_793' title='bbox 2805 4955 2979 5008; x_wconf 88' lang='lat' dir='ltr'><strong>XCIV.</strong></span> 
     </span>
    </p>
   </div>
   <div class='ocr_carea' id='block_1_112' title="bbox 2613 5047 2827 5099">
    <p class='ocr_par' dir='ltr' id='par_1_112' title="bbox 2613 5047 2827 5099">
     <span class='ocr_line' id='line_1_113' title="bbox 2613 5047 2827 5099; baseline 0 -2"><span class='ocrx_word' id='word_1_794' title='bbox 2613 5047 2683 5099; x_wconf 84' lang='lat' dir='ltr'><strong>De</strong></span> <span class='ocrx_word' id='word_1_795' title='bbox 2710 5047 2827 5099; x_wconf 86' lang='lat' dir='ltr'><strong>alio.</strong></span> 
     </span>
    </p>
   </div>
   <div class='ocr_carea' id='block_1_113' title="bbox 2042 5138 3534 5208">
    <p class='ocr_par' dir='ltr' id='par_1_113' title="bbox 2042 5138 3534 5208">
     <span class='ocr_line' id='line_1_114' title="bbox 2042 5138 3534 5208; baseline 0.002 -17"><span class='ocrx_word' id='word_1_796' title='bbox 2042 5138 2240 5191; x_wconf 80' lang='lat' dir='ltr'><strong>Aet-idil</strong></span> <span class='ocrx_word' id='word_1_797' title='bbox 2267 5139 2428 5193; x_wconf 87' lang='lat' dir='ltr'><strong>etiam</strong></span> <span class='ocrx_word' id='word_1_798' title='bbox 2461 5147 2520 5192; x_wconf 91' lang='grc' dir='ltr'><strong>ιιι</strong></span> <span class='ocrx_word' id='word_1_799' title='bbox 2548 5139 2679 5190; x_wconf 90' lang='lat' dir='ltr'><strong>alius</strong></span> <span class='ocrx_word' id='word_1_800' title='bbox 2711 5140 2938 5191; x_wconf 88' lang='lat' dir='ltr'><strong>veniens</strong></span> <span class='ocrx_word' id='word_1_801' title='bbox 2968 5153 2993 5189; x_wconf 90' lang='lat' dir='ltr'><strong>a</strong></span> <span class='ocrx_word' id='word_1_802' title='bbox 3031 5138 3188 5191; x_wconf 89' lang='lat' dir='ltr'><strong>Scete</strong></span> <span class='ocrx_word' id='word_1_803' title='bbox 3218 5183 3230 5205; x_wconf 90' lang='lat'><strong>,</strong></span> <span class='ocrx_word' id='word_1_804' title='bbox 3260 5139 3347 5192; x_wconf 89' lang='lat' dir='ltr'><strong>siti</strong></span> <span class='ocrx_word' id='word_1_805' title='bbox 3388 5153 3534 5208; x_wconf 76' lang='lat' dir='ltr'><strong>aqua:</strong></span> 
     </span>
    </p>
   </div>
   <div class='ocr_carea' id='block_1_114' title="bbox 1970 5242 2281 5283">
    <p class='ocr_par' dir='ltr' id='par_1_114' title="bbox 1970 5242 2281 5283">
     <span class='ocr_line' id='line_1_115' title="bbox 1970 5242 2281 5283; baseline -0.003 -2"><span class='ocrx_word' id='word_1_806' title='bbox 1970 5242 2281 5283; x_wconf 83' lang='lat' dir='ltr'><strong>moreretur.</strong></span> 
     </span>
    </p>
   </div>
   <div class='ocr_carea' id='block_1_115' title="bbox 2534 5316 2967 5371">
    <p class='ocr_par' dir='ltr' id='par_1_115' title="bbox 2534 5316 2967 5371">
     <span class='ocr_line' id='line_1_116' title="bbox 2534 5316 2967 5371; baseline -0.005 0"><span class='ocrx_word' id='word_1_807' title='bbox 2534 5316 2759 5371; x_wconf 82' lang='lat' dir='ltr'><strong>CAPUT</strong></span> <span class='ocrx_word' id='word_1_808' title='bbox 2816 5316 2967 5370; x_wconf 85' lang='lat' dir='ltr'><strong>XCV.</strong></span> 
     </span>
    </p>
   </div>
   <div class='ocr_carea' id='block_1_116' title="bbox 2358 5422 3143 5496">
    <p class='ocr_par' dir='ltr' id='par_1_116' title="bbox 2358 5422 3143 5496">
     <span class='ocr_line' id='line_1_117' title="bbox 2358 5422 3143 5496; baseline -0.004 -14"><span class='ocrx_word' id='word_1_809' title='bbox 2358 5430 2436 5482; x_wconf 80' lang='lat' dir='ltr'><strong>De</strong></span> <span class='ocrx_word' id='word_1_810' title='bbox 2476 5428 2739 5495; x_wconf 67' lang='lat' dir='ltr'><strong>Stephano</strong></span> <span class='ocrx_word' id='word_1_811' title='bbox 2788 5422 2930 5496; x_wconf 78' lang='lat' dir='ltr'><strong>lapsa</strong></span> <span class='ocrx_word' id='word_1_812' title='bbox 2973 5426 3143 5496; x_wconf 70' lang='lat' dir='ltr'><strong>(I44).</strong></span> 
     </span>
    </p>
   </div>
   <div class='ocr_carea' id='block_1_117' title="bbox 2041 5536 3535 5609">
    <p class='ocr_par' dir='ltr' id='par_1_117' title="bbox 2041 5536 3535 5609">
     <span class='ocr_line' id='line_1_118' title="bbox 2041 5536 3535 5609; baseline -0.001 -16"><span class='ocrx_word' id='word_1_813' title='bbox 2041 5543 2181 5595; x_wconf 87' lang='lat' dir='ltr'><strong>lnter</strong></span> <span class='ocrx_word' id='word_1_814' title='bbox 2230 5556 2362 5609; x_wconf 90' lang='lat' dir='ltr'><strong>quos</strong></span> <span class='ocrx_word' id='word_1_815' title='bbox 2416 5538 2949 5593; x_wconf 90' lang='lat' dir='ltr'><strong>commemoravimus</strong></span> <span class='ocrx_word' id='word_1_816' title='bbox 2976 5538 3132 5591; x_wconf 85' lang='lat' dir='ltr'><strong>etiam</strong></span> <span class='ocrx_word' id='word_1_817' title='bbox 3171 5536 3535 5603; x_wconf 78' lang='lat' dir='ltr'><strong>Stephanum,</strong></span> 
     </span>
    </p>
   </div>
   <div class='ocr_carea' id='block_1_118' title="bbox 1971 5627 3535 5698">
    <p class='ocr_par' dir='ltr' id='par_1_118' title="bbox 1971 5627 3535 5698">
     <span class='ocr_line' id='line_1_119' title="bbox 1971 5627 3535 5698; baseline -0.001 -17"><span class='ocrx_word' id='word_1_818' title='bbox 1971 5633 2057 5698; x_wconf 83' lang='lat' dir='ltr'><strong>qui</strong></span> <span class='ocrx_word' id='word_1_819' title='bbox 2090 5632 2140 5683; x_wconf 88' lang='lat' dir='ltr'><strong>in</strong></span> <span class='ocrx_word' id='word_1_820' title='bbox 2172 5642 2375 5697; x_wconf 82' lang='lat' dir='ltr'><strong>turpem</strong></span> <span class='ocrx_word' id='word_1_821' title='bbox 2404 5632 2579 5697; x_wconf 87' lang='lat' dir='ltr'><strong>lapsus</strong></span> <span class='ocrx_word' id='word_1_822' title='bbox 2620 5639 2699 5682; x_wconf 89' lang='lat' dir='ltr'><strong>est</strong></span> <span class='ocrx_word' id='word_1_823' title='bbox 2729 5628 3185 5694; x_wconf 80' lang='lat' dir='ltr'><strong>intemperantiam</strong></span> <span class='ocrx_word' id='word_1_824' title='bbox 3211 5666 3227 5688; x_wconf 89' lang='lat'><strong>,</strong></span> <span class='ocrx_word' id='word_1_825' title='bbox 3258 5638 3311 5678; x_wconf 89' lang='lat' dir='ltr'><strong>et</strong></span> <span class='ocrx_word' id='word_1_826' title='bbox 3338 5627 3535 5679; x_wconf 80' lang='lat' dir='ltr'><strong>Eucar-</strong></span> 
     </span>
    </p>
   </div>
   <div class='ocr_carea' id='block_1_119' title="bbox 1978 5718 3531 5790">
    <p class='ocr_par' dir='ltr' id='par_1_119' title="bbox 1978 5718 3531 5790">
     <span class='ocr_line' id='line_1_120' title="bbox 1978 5718 3531 5790; baseline -0.003 -15"><span class='ocrx_word' id='word_1_827' title='bbox 1978 5739 2147 5790; x_wconf 83' lang='lat' dir='ltr'><strong>ptum,</strong></span> <span class='ocrx_word' id='word_1_828' title='bbox 2183 5734 2231 5777; x_wconf 88' lang='lat' dir='ltr'><strong>et</strong></span> <span class='ocrx_word' id='word_1_829' title='bbox 2265 5724 2523 5775; x_wconf 75' lang='lat' dir='ltr'><strong>lfernnetn</strong></span> <span class='ocrx_word' id='word_1_830' title='bbox 2555 5720 2973 5774; x_wconf 78' lang='lat' dir='ltr'><strong>Alexandrinum</strong></span> <span class='ocrx_word' id='word_1_831' title='bbox 3044 5729 3097 5773; x_wconf 86' lang='lat' dir='ltr'><strong>et</strong></span> <span class='ocrx_word' id='word_1_832' title='bbox 3128 5718 3403 5772; x_wconf 86' lang='lat' dir='ltr'><strong>Valcutem</strong></span> <span class='ocrx_word' id='word_1_833' title='bbox 3432 5719 3531 5772; x_wconf 78' lang='lat' dir='ltr'><strong>Pa-</strong></span> 
     </span>
    </p>
   </div>
  </div>
