4258 6360
733 407 867 461 1199

2189 411 2503 467 PALLADII

3832 420 3970 482 19οο

744 540 1028 603 uestinum,
1057 552 1108 597 et
1136 542 1473 595 Ptolomaeum
1500 540 1799 609 .Egyptium
1828 540 1915 607 qui
1945 545 2059 592 erat
2084 538 2133 589 in
2154 537 2284 589 Sce-
2318 538 2363 592 Α
2396 542 2538 585 tuum
2564 532 2731 599 (Ρωι.
2762 534 2882 601 49)ἳ
2916 534 3108 587 Eorum
3137 536 3276 588 enim
3306 538 3496 588 anima:
3516 535 3605 604 qui
3635 535 3778 589 vitiis
3809 538 3957 591 labo-

741 638 789 681 te
813 630 851 682 ‘.
902 628 1066 683 Simul
1118 646 1243 698 ergo
1290 630 1584 699 rogavimus
1640 644 1879 697 quamam
1922 637 2060 682 esset
2096 641 2287 689 causa,

744 716 886 782 quod
923 720 1009 785 qui
1037 721 1110 772 sic
1136 720 1319 773 vivunt
1348 722 1396 773 in
1426 720 1727 783 solitudine,
1757 733 1818 773 ex
1859 719 1921 771 iis
1964 718 2048 770 alii
2079 716 2286 781 quidem

746 815 922 860 mente
944 808 1299 874 decipiuntur,
1342 811 1428 862 alii
1471 825 1595 863 vero
1636 817 1912 876 erumpunt
1946 807 1997 860 in
2033 808 2288 871 intempe—

743 899 986 948 rantiam.
1016 896 1124 950 Hoc
1153 913 1278 964 ergo
1298 914 1604 966 responsum
1635 898 1784 949 nobis
1813 897 2068 949 dederunt
2097 908 2144 948 et
2170 911 2286 947 cum

740 984 846 1037 illis
872 996 1084 1039 sanctus
1112 986 1455 1053 Paphnutius,
1488 988 1564 1039 vir
1586 988 1810 1039 maxima
1832 986 2131 1052 cognitione
2154 999 2289 1051 prte-

738 1076 881 1129 ditus
914 1094 923 1126 :
960 1077 1294 1143 Quaecunque
1322 1077 1451 1129 fiunt
1476 1118 1488 1139 ,
1524 1078 1574 1129 in
1605 1078 1707 1129 duo
1746 1076 2071 1139 dividuntur,
2107 1076 2155 1125 in
2196 1074 2287 1126 Dei

738 1166 1007 1234 placitum,
1056 1175 1108 1220 et
1153 1167 1246 1221 Dei
1297 1169 1711 1234 permissionem.
1746 1167 1915 1232 Atque
1964 1180 2289 1234 quascunque

736 1256 946 1323 quidem
980 1255 1109 1307 ﬁunt
1132 1272 1194 1307 ex
1227 1257 1423 1308 virtute
1448 1255 1511 1307 ad
1546 1256 1631 1308 Dei
1661 1255 1877 1322 gloriam
1903 1295 1917 1317 ,
1946 1268 2007 1306 ea
2031 1255 2159 1305 ﬁunt
2191 1251 2289 1305 Dei

736 1345 929 1412 placito
966 1362 977 1395 :
1013 1359 1128 1411 qua:
1168 1358 1291 1398 vero
1321 1344 1601 1406 damnosa,
1630 1343 1961 1412 periculosa,
1994 1352 2046 1395 et
2072 1357 2187 1409 quae
2211 1342 2289 1393 in-

735 1434 961 1486 fortunia
986 1444 1037 1486 et
1060 1449 1210 1486 casus
1234 1434 1537 1501 important,
1560 1448 1621 1486 ea
1647 1434 1774 1484 liunt
1804 1432 1891 1485 Dei
1923 1432 2285 1499 permissione.

737 1524 1023 1577 l’ermissio
1042 1534 1217 1577 autem
1249 1541 1310 1577 ex
1342 1535 1575 1590 egestate
1604 1524 1841 1589 rationis,
1870 1524 1947 1576 vel
1979 1524 2288 1577 inﬁdelitate

732 1625 915 1664 eorum
948 1612 1034 1678 qui
1064 1613 1403 1665 deseruntur.
1431 1611 1569 1664 Fieri
1603 1612 1743 1664 enim
1778 1626 1879 1663 non
1919 1620 2085 1676 potest
2124 1613 2287 1677 utqui

734 1698 818 1765 pie
839 1700 964 1752 vivit
985 1713 1033 1753 et
1058 1711 1199 1753 recte
1220 1700 1433 1769 cogitat,
1457 1700 1651 1753 incidat
1678 1701 1728 1751 in
1784 1699 2081 1767 ignominiaa
2113 1700 2288 1766 lapsus

732 1789 811 1839 vel
854 1790 1157 1855 imposturae
1198 1789 1518 1843 daemonum.
1568 1788 1874 1856 Quicunque
1933 1804 2058 1858 ergo
2115 1804 2284 1856 pravo

2393 632 2545 683 rant,
2571 632 2694 675 sunt
2742 638 2926 678 revera
2974 624 3197 677 diversis
3229 624 3457 679 fontibus
3493 626 3781 680 assimiles.
3822 626 3954 681 Nam

2388 712 2478 777 qui
2508 712 2782 778 suntgulte
2802 720 2855 763 et
2885 712 3006 763 vino
3036 711 3197 764 dediti
3223 752 3237 773 ,
3265 712 3533 765 lutulentis
3564 712 3833 776 fontibus;
3866 716 3955 780 qni

2389 815 2515 852 vero
2557 811 2803 855 tenentur
2842 802 3059 854 avaritia
3094 810 3146 854 et
3178 801 3324 867 plura
3363 800 3587 853 habendi
3627 802 3953 867 cupiditate.

2389 888 2624 942 fontibus
2655 904 2811 942 ranas
2842 890 3184 947 habentibus;
3213 889 3373 941 invidi
3402 901 3603 957 autem,
3636 892 3725 957 qui
3758 891 3959 943 habent

2390 977 2737 1045 aptitudinem
2762 979 3100 1046 cognitionis,
3125 978 3351 1031 fontibus
3368 988 3643 1047 serpentes
3665 980 3954 1044 alentibus,

2391 1065 2441 1117 in
2469 1066 2659 1133 quibus
2676 1081 2883 1135 semper
2906 1068 3125 1120 fluctuat
3147 1067 3310 1132 ratio;
3336 1079 3612 1138 propterea
3634 1069 3773 1137 quod
3796 1084 3955 1122 nemo

2390 1158 2561 1210 haurit
2606 1173 2671 1215 ex
2718 1158 2884 1224 ipsis,
2916 1168 3128 1228 propter
3176 1173 3382 1213 morum
3434 1161 3815 1225 acerbitatem,
3867 1161 3953 1212 vel

2389 1258 2599 1315 pr0pter
2644 1247 2952 1314 injustarum
2997 1251 3262 1302 actionum
3294 1250 3532 1304 odorem.
3566 1248 3821 1315 Quocirca
3856 1251 3953 1303 tria

2389 1349 2535 1404 rogat
2563 1338 2719 1390 David
2750 1353 2777 1390 a
2812 1340 2921 1392 Deo
2941 1339 3142 1404 doceri,
3178 1341 3489 1403 bonitatem,
3512 1348 3565 1393 et
3591 1340 3955 1406 disciplinam,

2389 1435 2439 1475 et
2468 1425 2821 1493 cognitionem
2850 1425 3031 1494 (Ptol.
3063 1425 3280 1495 cxvut).
3315 1427 3445 1481 Nam
3487 1427 3687 1495 absque
3717 1428 3955 1481 bonitate

2387 1513 2617 1578 cognitio
2645 1521 2727 1565 est
2749 1511 2977 1574 inutilis;
3009 1522 3061 1566 et
3089 1514 3133 1567 si
3170 1524 3442 1568 correctus
3469 1515 3684 1584 quidem
3726 1515 3888 1568 fuerit
3911 1516 3955 1568 is

2388 1598 2474 1664 qui
2519 1607 2600 1650 est
2649 1600 2947 1667 hujusmodi
2977 1642 2991 1665 ,
3043 1602 3280 1668 deposita
3329 1616 3488 1654 causa
3544 1602 3951 1664 derelictionis,

2388 1700 2579 1752 nempe
2607 1690 2924 1753 arrogantia,
2949 1697 3003 1740 et
3027 1690 3369 1754 assumpserit
3393 1689 3767 1753 humilitatem,
3796 1700 3851 1742 et
3872 1692 3953 1742 sui

2389 1780 2597 1831 modum
2626 1780 2954 1847 cognoverit,
2993 1795 3163 1847 neque
3190 1779 3444 1832 adversus
3481 1779 3709 1845 aliquem
3732 1794 3791 1832 se
3819 1780 3947 1833 effe-

730 1890 891 1942 scopo
912 1891 972 1929 ac
1000 1877 1241 1931 instituto
1261 1918 1275 1941 ,
1306 1892 1494 1943 nempe
1525 1885 1581 1929 ut
1605 1876 1899 1930 hominibus
1926 1877 2199 1943 placeant,
2232 1887 2284 1931 et
2316 1879 2361 1938 B
2387 1881 2528 1929 τεηει
2556 1876 2611 1920 υἱ
2638 1868 2747 1921 Deo
2770 1882 2929 1936 ³8811⁸
2952 1868 3167 1935 gratias.
3192 1868 3257 1921 id
3287 1884 3406 1922 eum
3436 1883 3619 1922 ""503
3641 1871 3949 1931 τενθηίῑυτο

730 1966 994 2030 arroganti
1026 1966 1365 2033 cogitatione,
1389 1966 1633 2017 virtutem
1656 1965 1898 2017 videntur
1920 1965 2151 2032 aggredi,
2181 1966 2213 2016 ii
2236 1967 2287 2017 in

739 2072 895 2110 casus
941 2059 1211 2123 incidunt,
1256 2059 1365 2111 Deo
1444 2046 1547 2110 eos.
1611 2054 1893 2108 desercnte
1967 2055 2030 2107 ad
2100 2070 2285 2108 eorum

732 2149 1041 2213 utilitatem;
1089 2158 1143 2202 ut
1180 2164 1297 2202 cum
1342 2163 1435 2216 per
1488 2148 1884 2200 derelictionem
1942 2131 2284 2199 mutationem

729 2238 1018 2298 senserint,
1063 2246 1154 2289 aut
1193 2236 1515 2304 propositum
1547 2274 1561 2297 ,
1592 2244 1680 2287 aut
1714 2235 1969 2287 actionem
1998 2236 2282 2303 corrigam.

729 2325 859 2379 Nam
910 2325 1188 2393 aliquando
1217 2324 1426 2393 quidem
1473 2334 1651 2391 peccat
1679 2323 2005 2390 propositum
2033 2366 2046 2384 ,
2076 2323 2287 2390 quando

730 2417 789 2468 fit
819 2416 957 2468 malo
996 2427 1179 2483 sc0po;
1214 2424 1264 2465 ut
1305 2428 1444 2479 saepe
1500 2412 1691 2465 accidit
1718 2414 2147 2479 intemperantem
2172 2428 2285 2479 pra—

730 2521 798 2559 v0
840 2520 1001 2574 scopo
1058 2507 1231 2559 facere
1290 2504 1678 2572 eleemosynam
1752 2505 1802 2556 in
1862 2504 2285 2558 adolescentulas

729 2602 946 2661 propter
978 2603 1179 2660 turpem
1212 2592 1404 2645 ﬁnem:
1434 2601 1488 2644 et
1511 2593 1771 2645 actionem
1800 2607 1915 2645 esse
1943 2594 2128 2646 rationi
2160 2608 2287 2645 con-

728 2694 1057 2747 sentaneam,
1082 2683 1428 2751 utorphanaa,
1459 2690 1511 2735 et
1533 2698 1647 2750 quae
1674 2693 1957 2735 exercetur
1988 2688 2283 2746 monachae,

726 2776 855 2828 dare
883 2775 1156 2828 auxilium.
1184 2773 1391 2848 Accidit
1415 2782 1590 2826 autem
1625 2781 1767 2825 recto
1789 2787 1997 2840 quoque
2025 2788 2188 2840 scopo
2212 2774 2283 2826 fa-

726 2878 849 2918 cere
893 2866 1284 2931 eleemosynam
1312 2849 1411 2923 {in
1461 2869 1686 2928 aegrotos
1729 2861 1807 2913 vel
1845 2876 1937 2914 eos
1975 2861 2064 2929 qui
2113 2861 2283 2915 eversi

724 2961 849 3005 sunt
874 2952 1023 3005 bonis
1045 2991 1059 3017 ,
1094 2953 1175 3005 vel
1207 2964 1299 3003 eos
1328 2950 1415 3017 qui
1449 2962 1838 3003 consenuerunt
1868 2968 1879 2999 :
1911 2952 2001 3002 sed
2038 2965 2193 3018 parce
2232 2958 2285 3004 et

723 3053 843 3093 cum
870 3039 1315 3101 murmuratione;
1347 3048 1400 3092 et
1424 3055 1539 3105 esse
1567 3054 1783 3105 scopum
1810 3039 2019 3106 quidem
2048 3049 2246 3092 rectum
2264 3079 2279 3103 ,

721 3130 983 3184 actionem
1010 3139 1186 3183 autem
1220 3142 1381 3195 scopo
1406 3128 1693 3197 indignam.
1717 3130 1938 3195 Oportet
1961 3129 2097 3181 enim
2124 3130 2280 3181 mise.

2389 1971 2506 2023 qua:
2562 1958 2859 2009 testimonio
2908 1956 3132 2009 fulcitur
3178 1958 3428 2025 cognitio.
3475 1959 3758 2011 Orationes
3802 1958 3944 2011 enim

2388 2044 2675 2111 spiritales,
2703 2060 2820 2113 quae
2840 2061 2941 2098 non
2972 2046 3164 2098 habent
3183 2046 3340 2099 vitam
3365 2048 3638 2100 honestam
3660 2056 3713 2101 et
3744 2057 3949 2113 tempe-

2387 2142 2588 2185 rantem
2610 2134 2765 2187 simul
2789 2135 3129 2201 equitantem,
3154 2144 3276 2187 sunt
3311 2136 3469 2202 spica
3504 2151 3621 2204 qua:
3643 2152 3671 2188 a
3691 2147 3850 2190 vento
3876 2137 3948 2190 in-

2388 2231 2610 2286 tereunt,
2636 2238 2750 2289 quae
2771 2223 2960 2276 habent
2984 2225 3194 2292 quidem
3215 2226 3477 2290 spicarum
3501 2224 3741 2294 ﬁguram,
3758 2227 3849 2279 sed
3877 2227 3946 2278 ab

2385 2313 2462 2365 eis
2493 2324 2729 2381 ereptum
2760 2324 2840 2366 est
2875 2315 3207 2367 alimentum.
3238 2318 3420 2369 Omnis
3449 2332 3575 2385 ergo
3607 2318 3811 2385 lapsus,
3835 2321 3947 2372 sive

2388 2403 2479 2456 ﬁat
2502 2419 2594 2471 per
2622 2405 2875 2471 linguam,
2899 2404 3011 2457 sive
3042 2420 3134 2470 per
3161 2420 3395 2468 sensum,
3427 2408 3538 2460 sive
3566 2423 3657 2472 per
3682 2410 3943 2473 actiones,

2385 2494 2497 2547 sive
2520 2509 2611 2561 per
2633 2504 2796 2546 totum
2831 2508 3044 2561 corpus,
3078 2496 3462 2548 convenienter
3504 2497 3826 2561 proportioni
3860 2510 3946 2547 ar-

2386 2587 2657 2653 rogantiae,
2690 2586 2746 2638 ﬁt
2790 2600 2880 2654 per
2911 2584 3002 2638 Dei
3030 2585 3434 2639 derelictionem
3473 2588 3736 2654 parcentis
3765 2587 3828 2640 iis
3852 2587 3943 2654 qui

2385 2676 2839 2744 derelinquuntur.
2887 2676 2940 2730 Si
2980 2678 3121 2730 enim
3148 2691 3265 2730 cum
3300 2679 3734 2746 intemperantia,
3757 2693 3941 2731 eorum

2384 2780 2592 2832 quoque
2612 2766 2826 2819 bonitati
2854 2766 3046 2833 ingenil
3074 2766 3327 2820 Dominus
3354 2769 3531 2821 tulerit
3557 2770 3941 2833 testimonium,

2383 2855 2769 2923 suppeditando
2806 2857 3182 2925 eloquentiam,
3226 2858 3495 2913 daemones
3524 2860 3666 2926 ipsos
3697 2859 3825 2912 facit
3853 2874 3946 2912 su-

2386 2948 2585 3013 perbia,
2616 2962 2671 3000 se
2697 2949 3011 3001 extollentes
3038 2964 3157 3002 cum
3184 2949 3534 3003 immunditia.

2452 3036 2576 3090 Haec
2604 3052 2812 3106 quoque
2837 3039 3088 3092 dicebant
3120 3041 3272 3091 nobis
3303 3041 3353 3092 hi
3384 3042 3549 3093 sancti
3582 3041 3697 3102 viri,
3725 3051 3781 3095 et
3809 3044 3945 3109 Opti-

2382 3126 2451 3179 mi
2484 3125 2666 3180 Patres
2696 3145 2708 3179 :
2733 3142 2851 3180 cum
2871 3127 3104 3181 videritis
3116 3128 3338 3196 aliquem
3364 3129 3465 3180 vita
3486 3129 3697 3195 quidem
3721 3144 3947 3195 perver-

720 3220 985 3274 ricordem
1010 3220 1249 3273 misereri
1282 3220 1332 3272 in
1363 3219 1628 3271 hilaritate
1656 3227 1706 3271 et
1732 3218 1990 3284 largitate.
2020 3218 2128 3271 Hoc
2150 3233 2276 3285 quo-
2302 3218 2350 3282 ο
2381 3228 2519 3277 sum,
2546 3216 2782 3268 oratione
2798 3224 2971 3267 autem
2994 3223 3170 3281 aptum
3199 3217 3262 3267 ad
3295 3216 3735 3282 persuadendum,
3764 3231 3949 3271 recor-

721 3322 823 3376 que
851 3308 1061 3361 dicebat
1093 3322 1107 3359 ε
1143 3309 1197 3359 In
1242 3306 1420 3359 multis
1468 3306 1656 3358 animis
1688 3316 1807 3359 sunt
1854 3306 2003 3359 dotes
2040 3308 2278 3374 quaedam

723 3398 999 3465 prtecipute
1024 3436 1038 3460 ,
1072 3396 1123 3449 in
1152 3395 1269 3451 aliis
1298 3395 1508 3463 quidem
1556 3394 1759 3446 bonitas
1804 3395 1996 3462 ingenii
2025 3410 2039 3457 ;
2071 3394 2130 3446 in
2160 3394 2279 3447 aliis

721 3504 848 3541 vero
880 3486 1118 3555 aptitudo
1143 3484 1208 3538 ad
1249 3486 1714 3548 exercitationem;
1746 3485 1838 3537 sed
1864 3485 2073 3553 quando
2097 3502 2198 3538 non
2222 3486 2280 3539 ﬁt

722 3588 937 3648 prOpter
966 3580 1135 3645 ipsum
1170 3576 1364 3629 bonum
1395 3584 1448 3629 et
1470 3590 1530 3628 ex
1560 3575 1736 3627 divino
1764 3589 1921 3641 scopo
1948 3612 1962 3636 ,
1996 3589 2164 3643 neque
2192 3589 2280 3627 ac-

720 3671 813 3735 tio,
846 3682 1016 3736 neque
1045 3666 1237 3735 ingenii
1271 3665 1495 3728 bauitas,
1523 3680 1691 3731 neque
1723 3664 1759 3717 ii
1788 3665 1873 3731 qui
1905 3665 2053 3717 dotes
2081 3664 2279 3717 habent

719 3761 1031 3829 praecipuas,
1062 3772 1163 3810 non
1194 3758 1447 3811 bonorum
1470 3757 1639 3809 datori
1670 3756 1779 3809 Deo
1812 3758 2158 3821 ascribcntes,
2183 3758 2274 3811 sed

718 3863 816 3902 suo
835 3847 1003 3901 libero
1027 3846 1270 3909 arbitrio,
1298 3846 1529 3914 ingenio,
1562 3852 1616 3898 et
1641 3844 1998 3908 sufﬁcientice;
2027 3846 2116 3913 qui
2148 3848 2276 3900 tales

716 3949 861 4000 sunt,
894 3934 1064 3989 relicti
1096 3949 1123 4008 a
1167 3932 1493 3999 providentia
1520 3972 1534 3996 ,
1566 3931 1800 3985 incidunt
1831 3932 1882 3984 in
1907 3931 2041 3986 facta
2073 3936 2272 4001 turpia,

719 4034 898 4092 turpes
922 4025 1311 4092 perpessiones,
1338 4021 1632 4089 probraque
1654 4030 1706 4075 et
1727 4022 2003 4075 dedecora.
2030 4021 2271 4076 Derelicti

716 4128 965 4181 ergo,per
978 4112 1342 4166 advenientem
1362 4112 1705 4163 humilitatem
1721 4120 1773 4163 et
1787 4114 2059 4179 pudorem,
2077 4116 2271 4167 sensim

717 4204 896 4254 nescio
922 4201 1185 4268 quomodo
1211 4200 1482 4267 expellunt
1510 4200 1883 4266 arrogantiam,
1910 4216 2063 4269 quam
2089 4218 2271 4255 susce-

717 4301 900 4358 perant
928 4305 991 4343 ex
1021 4304 1081 4342 ea
1112 4303 1229 4357 qua
1262 4288 1426 4340 virtus
1455 4288 1797 4354 reputabatur
1824 4305 1837 4351 ;
1866 4298 1967 4341 non
2002 4290 2051 4342 in
2084 4291 2271 4355 seipsis

714 4382 896 4435 conﬁsi
920 4381 1169 4448 amplius,
1194 4380 1286 4431 sed
1314 4380 1442 4441 Deo,
1476 4380 1561 4443 qui
1594 4389 1777 4431 cuncta
1810 4380 2045 4448 largitur,
2074 4383 2269 4434 beneﬁ-

714 4472 850 4524 cium
876 4462 967 4523 sua
993 4469 1323 4522 confessione
1348 4469 1600 4521 tribuunt.
1626 4470 1721 4533 Qui
1753 4472 1891 4521 enim
1924 4481 2000 4522 est
2032 4471 2261 4534 inﬂatus,

2387 3305 2583 3358 demini
2614 3306 2868 3358 daemonis
2897 3305 2983 3373 qui
3021 3305 3071 3357 in
3094 3320 3239 3358 saera
3274 3306 3543 3373 Scriptura
3572 3320 3692 3359 eum
3724 3303 3943 3360 Christo

2389 3396 2640 3462 loquitur,
2658 3403 2714 3447 et
2731 3393 3013 3448 testimOuii
3028 3394 3165 3462 quod
3195 3394 3319 3448 dicit
3344 3411 3357 3445 :
3384 3396 3609 3462 Serpens
3632 3394 3811 3448 autem
3828 3403 3946 3450 erat

2392 3485 2827 3553 prudentissimus
2867 3486 3100 3539 omnium
3151 3485 3434 3539 bestiarum
3470 3502 3584 3553 quae
3610 3498 3764 3539 erant
3785 3503 3945 3554 super

2383 3587 2576 3629 terram
2598 3574 2835 3645 (Genui).
2858 3578 2952 3629 Cui
2972 3577 3243 3644 prudentia
3266 3581 3435 3643 potius
3462 3578 3835 3631 detrimentum
3858 3588 3940 3632 at-

2380 3666 2651 3728 tulit,cum
2674 3667 2773 3719 alia
2800 3668 2965 3719 virtus
2994 3682 3097 3720 non
3125 3677 3483 3720 concurreret.
3526 3669 3744 3737 Oportet
3799 3670 3941 3723 enim

2378 3770 2496 3809 eum
2528 3756 2616 3823 qui
2638 3766 2720 3810 est
2749 3756 2915 3810 ﬁdelis
2940 3765 2992 3809 et
3015 3758 3183 3810 bonus
3211 3771 3274 3810 ea
3300 3759 3508 3825 quidem
3532 3761 3710 3811 animo
3737 3761 3944 3814 sentire

2377 3859 2492 3913 qua:
2518 3846 2606 3897 dat
2634 3847 2791 3909 Deus,
2813 3845 2954 3912 loqui
2988 3855 3164 3898 autem
3187 3862 3301 3913 qua:
3346 3857 3526 3907 sentit,
3558 3847 3731 3901 facere
3758 3859 3938 3902 autem

2376 3949 2493 4001 qua:
2550 3933 2801 4001 loquitur.
2836 3935 2888 3986 Si
2921 3934 3060 3987 enim
3087 3951 3205 3987 cum
3241 3937 3456 3988 veritate
3497 3940 3777 3990 verborum
3823 3953 3929 3991 non

2376 4031 2656 4077 concurrat
2691 4025 2809 4075 vita:
2834 4025 3099 4091 cognatio,
3134 4025 3283 4091 panis
3312 4032 3395 4077 est
3422 4026 3538 4077 sine
3567 4025 3699 4088 sale,
3724 4035 3782 4079 ut
3806 4027 3937 4080 dicit

2375 4115 2473 4168 Job
2498 4112 2738 4182 (Jab.vr);
2767 4116 2852 4181 qui
2873 4126 2952 4167 est
2978 4126 3151 4167 autem
3179 4115 3316 4177 talis,
3342 4117 3560 4167 minime
3584 4118 3898 4169 comedetur
3924 4135 3937 4169 :

2372 4206 2510 4271 quod
2537 4204 2581 4256 si
2599 4205 2757 4256 etiam
2786 4203 3347 4272 comedatnr,conjicit
3371 4218 3489 4257 eum
3511 4204 3598 4270 qui
3624 4205 3859 4259 comedit
3887 4207 3938 4259 in

2372 4295 2561 4347 malam
2593 4294 2970 4347 habitudinem.
2996 4294 3371 4347 Sicomedetur
3396 4296 3557 4355 enim,
3578 4295 3767 4361 inquit,
3788 4298 3936 4363 panis

2370 4387 2486 4437 sine
2513 4386 2642 4447 sale,
2662 4385 2775 4437 etsi
2804 4394 2884 4437 est
2916 4394 3097 4452 gustus
3129 4384 3179 4434 in
3212 4385 3385 4435 verbis
3415 4384 3685 4450 inanibus,
3722 4385 3823 4437 hoc
3854 4397 3934 4439 est

2376 4492 2480 4528 non
2524 4476 2588 4529 ad
2631 4476 2910 4528 utilitatem
2935 4473 3119 4541 (N5),
3152 4474 3386 4540 impletis
3415 4473 3673 4525 bonorum
3710 4488 3934 4541 operum

714 4560 800 4627 qui
828 4561 893 4611 de
942 4558 1174 4611 bonitate
1205 4559 1415 4623 inquam
1465 4557 1659 4625 ingenii
1689 4557 1923 4617 effertur,
1950 4568 2001 4610 et
2041 4559 2145 4611 Deo
2166 4575 2267 4611 non
2301 4562 2349 4620 D
2378 4565 2698 4617 testimonio.
2752 4563 3159 4616 Derelictionum
3199 4577 3325 4628 ergo
3356 4563 3533 4629 pltues
3570 4573 3691 4614 sunt
3715 4578 3931 4616 causa:

715 4648 930 4701 ascribit
950 4647 1236 4699 bonitatem
1270 4644 1491 4713 ingenii,
1526 4661 1694 4713 neque
1723 4661 1838 4698 eam
1868 4663 1981 4712 qua:
2022 4649 2117 4700 sibi
2149 4662 2272 4717 sup-

713 4741 976 4808 peditatur
1023 4739 1395 4807 cognitionem,
1452 4740 1542 4791 sed
1610 4740 1689 4792 vel
1732 4755 1840 4794 sua:
1888 4742 2245 4795 exercitationi

714 4832 795 4885 vel
854 4840 1083 4895 naturae,
1123 4829 1335 4884 abducit
1380 4829 1445 4881 ab
1494 4844 1559 4883 eo
1614 4829 1751 4884 Deus
1807 4833 2049 4899 angelum
2100 4836 2271 4901 provi-

713 4921 903 4974 dentia:
924 4960 939 4984 ,
970 4919 1090 4972 huic
1130 4918 1315 4985 gratia
1368 4919 1690 4986 praefectum.
1732 4920 1845 4985 Quo
1874 4937 2080 4989 averso,
2114 4938 2269 4990 supe-

712 5020 857 5063 ratus
878 5024 905 5060 a
933 5011 1131 5061 viribus
1154 5008 1443 5061 adversarii
1474 5011 1517 5061 is
1542 5010 1627 5077 qui
1656 5009 1867 5063 effertur
1887 5012 1957 5063 ob
1980 5013 2265 5068 bonitatem

712 5099 908 5166 ingenii
936 5138 950 5161 ,
983 5098 1166 5151 incidit
1196 5098 1245 5149 in
1292 5098 1746 5165 intemperantiam
1779 5109 1993 5167 propter
2039 5104 2268 5156 insolen-

712 5194 856 5254 tiam,
885 5202 942 5242 ut
971 5189 1140 5242 ablata
1166 5197 1298 5241 teste
1324 5190 1692 5255 temperantia,
1718 5205 1819 5241 non
1846 5189 2122 5245 videantur
2151 5208 2267 5245 cre-

711 5282 889 5335 dibilia
922 5296 1037 5347 quae
1059 5280 1307 5332 dicuntur
1338 5281 1402 5331 ab
1430 5279 1579 5346 ipsis,
1611 5278 1926 5347 fugientibus
1952 5283 2050 5348 piis
2081 5282 2268 5335 doctri-

711 5386 833 5425 nam
865 5386 981 5439 quae
1004 5385 1068 5422 ex
1111 5369 1201 5422 tali
1230 5384 1320 5421 ore
1365 5369 1636 5437 procedit,
1672 5378 1913 5437 tanquam
1947 5371 2139 5425 fontem
2175 5374 2264 5438 qui

710 5473 876 5518 scatet
924 5461 1270 5523 hirudinibus,
1305 5471 1361 5514 ut
1389 5461 1663 5515 impleatur
1699 5462 1839 5529 quod
1868 5464 2117 5530 scriptum
2141 5475 2222 5518 est
2248 5482 2260 5516 :

714 5554 982 5607 i‘eccatori
1011 5562 1185 5605 autem
1206 5552 1335 5605 dixit
1361 5552 1497 5605 Deus
1527 5569 1537 5601 :
1562 5550 1666 5604 Cur
1693 5561 1744 5605 tu
1774 5568 1991 5611 enarras
2013 5555 2266 5621 jusriﬁca.

711 5644 885 5698 tiones
923 5657 1068 5697 meas
1091 5685 1105 5709 ,
1138 5650 1193 5697 et
1221 5640 1444 5695 assumis
1484 5648 1853 5694 testamentum
1883 5657 2058 5697 meum
2088 5659 2180 5711 per
2207 5659 2267 5699 os

2378 4670 2479 4707 una
2510 4653 2722 4721 quidem
2755 4662 2837 4706 est
2867 4662 2925 4705 ut
2955 4653 3119 4704 virtus
3147 4665 3228 4705 σοι
3248 4653 3412 4705 ultata
3441 4654 3811 4705 manilestetur
3835 4691 3848 4715 ,
3882 4662 3939 4706 ut

2375 4745 2539 4795 virtus
2568 4742 2700 4805 Job,
2731 4742 2840 4795 Deo
2888 4742 3252 4809 respondente
3300 4752 3353 4795 et
3380 4740 3591 4794 dicente
3633 4738 3757 4806 (Job
3801 4740 3936 4811 xL):

2373 4836 2449 4888 Ne
2470 4832 2678 4901 rejicias
2696 4831 2951 4899 judicium
2982 4845 3179 4895 meum,
3215 4845 3387 4895 neque
3418 4841 3571 4897 putes
3596 4844 3680 4883 me
3707 4830 3799 4883 tibi
3834 4830 3937 4883 ali-

2378 4932 2455 4979 ter
2484 4925 2839 4991 respondisse,
2874 4923 2969 4976 sed
3022 4933 3077 4975 ut
3120 4922 3290 4990 justus
3336 4935 3636 4989 apparens;
3684 4935 3743 4974 es
3792 4922 3939 4973 enim

2374 5016 2503 5069 mihi
2529 5023 2686 5067 notus
2710 5015 2795 5080 qui
2843 5014 2961 5065 ncvi
3003 5011 3241 5075 occulta,
3286 5018 3340 5063 et
3371 5009 3627 5077 profunda
3659 5009 3939 5077 cogitatio-

2374 5122 2495 5160 num
2556 5107 2762 5157 intueor
2815 5105 3185 5157 humanarum.
3235 5102 3338 5157 Sed
3380 5104 3627 5170 quoniam
3674 5104 3941 5169 ignoraris

2372 5197 2439 5249 ab
2471 5195 2772 5249 hominibus
2800 5234 2816 5257 ,
2856 5194 3192 5259 suspicantur
3238 5193 3377 5245 enim
3423 5206 3798 5258 nonnunquam
3853 5207 3940 5243 me

2373 5302 2399 5339 a
2436 5298 2488 5340 te
2519 5286 2622 5339 coli
2649 5295 2865 5353 propter
2894 5284 3123 5346 divitias,
3152 5284 3269 5337 ideo
3296 5283 3396 5337 feci
3435 5291 3491 5336 ut
3531 5284 3585 5335 in
3629 5282 3937 5348 hujusmodi

2373 5390 2554 5429 casum
2586 5374 2868 5428 incideres.
2905 5373 3175 5426 Demessui
3198 5372 3433 5439 divitias,
3466 5382 3521 5423 nt
3548 5371 3825 5425 ostendam
3858 5371 3938 5424 eis

2374 5476 2516 5519 tuam
2568 5465 2858 5533 gratiarum
2910 5463 3168 5517 aetionem
3222 5473 3277 5516 et
3340 5462 3753 5531 philosophiam.
3820 5462 3939 5517 Alia

2372 5567 2548 5611 autem
2581 5562 2797 5624 propter
2825 5544 3175 5607 avertendam
3223 5553 3548 5619 superbiam,
3580 5560 3637 5606 ut
3666 5554 3717 5605 in
3751 5552 3941 5606 Paulo.

2376 5648 2631 5702 Relictus.
2643 5652 2727 5698 est
2752 5643 2894 5697 enim
2922 5641 3113 5695 Paulus
3134 5640 3345 5694 casibus
3366 5682 3381 5706 ,
3409 5652 3462 5694 et
3488 5642 3831 5711 culaphorum
3855 5641 3941 5695 in-

785 5761 801 5790 ¹
833 5758 909 5815 De
938 5760 1166 5827 llerone,
1198 5773 1372 5829 supra,
1402 5772 1517 5812 can.
1542 5755 1627 5809 δε.
1677 5757 1753 5817 De
1777 5758 2014 5822 Valente,
2058 5775 2213 5834 supra
2244 5804 2257 5829 ,
2297 5779 2416 5837 cap.
2437 5764 2524 5820 '51.
2563 5764 2633 5817 De
2665 5758 2974 5825 Ptolomzo,
3002 5770 3186 5825 supra,
3218 5769 3338 5843 cap.
3377 5756 3465 5810 ὃὸ.
