4258 6360
330 386 462 452 1201

1551 392 1919 455 HISTORIA
1959 393 2351 460 LAUSIACA.

3450 407 3588 476 1202

320 507 573 594 εὐδοκίαν
596 503 754 594 Θεοῦ.
779 505 1275 594 καὶλσυγχώρησιν.
1308 508 1451 594 “Qua
1483 511 1662 594 τοίνυν
1693 510 1901 576 γίνεται
1932 512 1977 564 Α
2006 512 2131 594 ταῖς
2175 511 2331 581 ϐφεις
2355 515 2705 584 τρεφούσαις,
2752 512 2842 581 αἷς
2877 518 2965 573 ἀεὶ
3006 519 3314 591 ἐνλιμνάζει
3340 522 3367 575 6
3393 523 3548 594 λόγος
3567 569 3583 594 ,

321 593 443 646 κατ’
502 591 705 661 ἀρετὴν
752 594 833 653 εἰς
880 591 1039 654 δόξαν
1092 591 1186 645 τοῦ
1243 592 1416 657 Θεοῦ,
1466 593 1640 647 ταῦτα
1689 594 1899 661 γίνεται

323 676 541 747 εὐδοκία
570 675 706 730 Θεοῦ
727 693 741 707 ο
796 678 897 730 ὅσα
929 675 974 727 δ’
1010 672 1077 730 αὖ
1113 677 1277 729 πάλιν
1306 678 1574 747 ἐπιζήμια
1594 718 1609 743 ,
1640 677 1735 731 καὶ
1778 678 1901 729 ἐπι-

323 761 564 826 κίνδυνα,
597 762 689 815 καὶ
730 761 1113 832 περιστατικά,
1150 760 1323 815 ταῦτα
1358 762 1566 831 γίνεται
1596 763 1738 816 κατά
1768 778 1896 830 συγο

323 848 565 917 χώρησιν
594 846 730 899 Θεοῦ
751 862 764 875 '
812 848 844 915 ἡ
875 846 931 899 δέ
976 844 1320 916 συγχώρησις
1360 846 1418 911 ἐξ
1451 847 1668 915 ἀλογίας
1701 850 1734 918 ἢ
1769 851 1899 902 ἀπι-

324 932 479 995 στίας
504 931 612 984 τῶν
644 931 1295 1000 ἐγκαταλιμπανομένων.
1346 930 1631 984 Ἀδύνατον
1670 940 1777 1005 γάρ
1808 935 1900 988 τὸν

322 1015 499 1081 ὀρθῶς
553 1015 889 1084 φρονοῦντα,
928 1016 1019 1069 καὶ
1068 1014 1310 1077 εὐσεϐῶς
1359 1013 1606 1083 βιοῦντα,
1661 1018 1901 1084 ἐγκατα-

323 1098 650 1168 λειφθῆναι,
684 1100 779 1153 καὶ
812 1100 1128 1169 περιπεσεῖν
1177 1098 1479 1167 πταίσματι
1514 1099 1776 1171 αἰσχύνης
1800 1142 1815 1166 ,
1863 1104 1896 1173 ἢ

326 1186 503 1254 πλάνῃ
538 1184 829 1255 δαιμόνων.
861 1185 1015 1237 Ὅσοι
1057 1184 1236 1235 τοίνυν
1272 1181 1654 1254 διεφθαρμένῳ
1687 1186 1894 1255 σκοπῷ,

323 1270 356 1339 ἢ
406 1269 545 1336 νόσῳ
593 1267 1143 1338 ἀνθρωπαρεσκείας,
1184 1265 1277 1318 καὶ
1325 1266 1585 1337 αὐθαδείᾳ
1625 1268 1898 1339 λογισμῶν

327 1356 687 1427 μετέρχεσθαι
711 1353 927 1408 δοκοῦσι
949 1354 1049 1421 τὴν
1079 1353 1300 1422 ἀρετὴν,
1331 1344 1476 1404 οῦτοι
1505 1353 1597 1405 καὶ
1624 1354 1898 1424 σφάλμασι

324 1441 784 1510 περιπίπτουσιν,
838 1436 932 1490 τοῦ
978 1436 1114 1489 Θεοῦ
1165 1435 1299 1505 πρὸς
1362 1436 1453 1488 τὸν
1495 1437 1716 1490 ἐκείνων
1762 1457 1895 1492 κατ-

322 1523 704 1593 εστραμμένον
737 1521 938 1575 σκοπὸν
974 1519 1546 1589 ἐγκαταλιμπάνοντος
1572 1522 1788 1586 αὐτοὺς,
1812 1524 1898 1579 ἵνα

321 1609 408 1660 διὰ
440 1608 537 1674 τῆς
588 1604 1031 1672 ἐγκαταλείψεως
1071 1602 1381 1669 αἰσθόμενοι
1420 1604 1517 1671 τὴν
1548 1605 1614 1655 ἐκ
1657 1605 1756 1672 τῆς
1804 1625 1898 1675 με-

318 1689 552 1756 τιϐολῆς
598 1689 903 1752 ἀλλοίωσιν,
940 1683 1342 1755 διορθώσωνται
1373 1684 1405 1752 ἢ
1441 1686 1539 1753 τὴν
1567 1688 1825 1755 πρόθεσιν
1861 1691 1892 1761 ἢ

318 1775 418 1843 τὴν
453 1772 650 1841 πρᾶξιν
673 1788 688 1804 ο
726 1772 854 1824 ποτέ
886 1770 984 1839 μὲν
1013 1767 1122 1836 γὰρ
1151 1768 1184 1837 ὴ
1214 1766 1473 1837 πρόθεσις
1505 1769 1893 1840 ἐξαμαρτάνει,

2003 591 2255 675 καθάπερ
2320 594 2463 667 ὕδωρ
2517 598 2639 661 δζον
2694 602 2751 653 ἐν
2790 600 2974 673 λίμνῃ,
3010 603 3083 673 τῷ
3126 606 3332 675 μηδένα
3379 591 3585 662 ἐκεῖθεν

2002 674 2175 759 ἡδέως
2202 678 2502 748 ἀρύεσθαι,
2529 682 2615 734 διά
2646 682 2745 753 τὴν
2778 686 3006 755 πικρίαν
3031 686 3123 739 τοῦ
3155 690 3338 759 ἡθους,
3375 692 3466 742 κατι
3500 693 3585 745 δια

2000 756 2099 828 τὴν
2131 759 2308 829 ὀσμὴν
2335 762 2444 817 τῶν
2474 764 2799 835 ἀκαθάρτων
2844 768 3118 839 πράξεων.
3165 756 3327 825 Ὅθεν
3356 776 3381 826 ὀ
3423 774 3583 827 Δαϐἰδ

2002 844 2302 912 παρεκάλει
2331 847 2457 918 τρία
2491 850 2657 902 αἰτῶν
2689 854 3002 923 χαρίσματα
3030 854 3181 924 παρά
3217 855 3310 908 τοῦ
3340 857 3475 911 Θεοῦ
3502 859 3583 912 δι-

1999 925 2292 996 δαχθῆναι,
2337 934 2718 1002 χρηστότητα.
2768 936 2861 988 καὶ
2909 937 3190 1003 παιδείαν,
3225 941 3318 992 καὶ
3356 941 3579 1007 γνῶσιν.

2004 1009 2166 1094 ’ξΔνευ
2191 1011 2296 1083 γάρ
2319 1016 2684 1087 χρηστότητος
2705 1018 2905 1085 γνῶσις
2922 1020 3191 1090 ἄχρηστος
3214 1040 3227 1053 ο
3257 1024 3348 1075 καὶ
3372 1024 3464 1075 ἐὰν
3484 1026 3582 1094 μὲν

1998 1091 2358 1178 διορθώσηται
2380 1100 2407 1151 6
2428 1100 2686 1164 τοιοῦτος,
2712 1102 2809 1172 τὴν
2832 1104 3011 1157 αίτίαν
3029 1106 3123 1175 τῆς
3142 1091 3583 1178 ἐγκαταλείψεως

1999 1175 2358 1263 ἀποθέμενος,
2388 1184 2635 1236 τουτέστι
2660 1185 2750 1237 τὸν
2776 1186 2964 1255 τύφον,
2998 1190 3087 1241 καὶ
3121 1190 3365 1263 ἀναλάϐῃ
3392 1175 3582 1245 ταπειο

2000 1262 2376 1331 νοφροσύνην,
2418 1266 2512 1318 καὶ
2561 1269 2767 1338 ἐπιγνῷ
2821 1271 3013 1323 ἐαυτοῦ
3073 1272 3141 1345 τὰ
3196 1262 3402 1341 μέτρα,
3444 1277 3581 1345 μήτε

1999 1345 2143 1397 κατά
2176 1363 2319 1408 τινος
2346 1348 2727 1418 ἐπαιρόμενος,
2763 1351 2901 1406 ἀλλά
2935 1354 3030 1407 καὶ
3067 1354 3185 1423 Θεῷ
3213 1358 3577 1426 εὐχαριστῶν,

2000 1430 2362 1497 ἐπανέρχεται
2385 1432 2546 1483 πάλιν
2574 1434 2653 1493 εἰς
2675 1434 2837 1485 αὐτὸν
2862 1436 3213 1508 ἐμμάρτυρος
3239 1440 3460 1505 γνῶσις.
3482 1442 3580 1492 Λό-

2002 1530 2089 1580 γοι
2124 1514 2232 1583 γὰρ
2265 1516 2625 1582 πνευματικοὶ
2672 1516 2787 1583 βίον
2819 1520 3015 1587 σεμνὸν
3065 1521 3158 1574 καί
3201 1522 3453 1590 σώφρονα
3503 1522 3579 1591 μὴ

1998 1597 2211 1666 ἔχοντες
2245 1597 2673 1660 συνιππάζοντα,
2702 1601 2930 1669 στάχυες
2957 1605 3093 1655 είσιν
3115 1606 3493 1675 άνεμόφθοροι.
3519 1611 3580 1659 τὸ

2000 1679 2101 1748 μὲν
2130 1680 2312 1749 σχῆμα
2341 1679 2592 1749 σταχύων
2621 1682 2862 1751 ἔχοντες,
2890 1685 2950 1736 τὸ
2969 1686 3021 1738 δὲ
3057 1688 3319 1756 τρόφιμον
3348 1689 3447 1753 τῆς
3471 1693 3577 1759 Δη-

2002 1764 2217 1833 μήτρας
2253 1765 2678 1828 ὐποκλαπέντες.
2716 1766 2873 1820 Πᾶσα
2901 1767 2994 1819 οῦν
3021 1769 3257 1832 πτῶσις,
3291 1772 3399 1823 εῖτε
3431 1775 3462 1840 ἡ
3491 1772 3578 1823 διὰ

321 1860 451 1910 τοτὲ
480 1858 536 1909 δέ
562 1859 593 1925 ἡ
626 1856 823 1927 πρᾶξις
849 1871 863 1884 ⁸
906 1855 1034 1906 ὅταν
1058 1853 1442 1923 διεφθαρμένῳ
1472 1855 1679 1925 σκοπῷ,
1705 1857 1737 1927 ἢ
1770 1860 1893 1913 καθ’
1927 1845 1969 1898 Β
1999 1846 2271 1913 γλώσσης,
2300 1848 2409 1900 εῖτε
2438 1849 2471 1916 ἡ
2501 1848 2568 1901 δι’
2599 1850 2865 1919 ὁράσεως,
2890 1850 2922 1919 ἢ
2955 1852 3143 1921 ἀκοῆς,
3177 1853 3208 1922 ἢ
3235 1855 3573 1924 ὀσφρήσεως,

318 1947 377 1997 εν
416 1946 495 1997 δεῖ
530 1945 728 2012 τρόπον
782 1940 855 2009 μὴ
885 1939 1110 2007 γένηται
1132 1954 1144 1969 ⁸
1189 1939 1326 2007 ὅπερ
1361 1940 1647 2007 συμϐαίνει
1696 1944 1895 1999 πολλὰ·

319 2048 426 2092 κις,
459 2030 549 2079 καὶ
590 2028 681 2080 τὸν
716 2027 1035 2089 ἀκόλαστον,
1084 2023 1463 2094 διεφθαρμένῳ
1492 2026 1679 2097 σκοπῷ
1720 2031 1895 2082 ποιεῖν

317 2115 417 2179 τὴν
464 2112 835 2181 ἐλεημοσύνην
887 2110 978 2163 ἐπὶ
1012 2110 1283 2177 νεωτέρας
1327 2110 1415 2162 διά
1461 2113 1614 2173 τέλος
1647 2115 1890 2184 αἰσχρόν.

322 2193 527 2263 Ιίρᾶξιν
578 2193 633 2245 δέ
681 2190 935 2258 εὔλογον,
995 2190 1053 2242 τὸ
1100 2189 1174 2251 ὡς
1222 2191 1430 2260 ὀρφανῇ
1483 2192 1575 2243 καὶ
1622 2194 1756 2263 μόνῃ
1801 2196 1895 2248 καὶ

319 2277 635 2347 ἀσκουμένῃ
687 2275 883 2327 διδόναι
936 2273 1277 2341 ἐπικουρίαν.
1342 2272 1636 2342 Συμϐαίνει
1695 2274 1750 2329 δὲ
1800 2281 1893 2332 καὶ

321 2359 508 2427 σκοπῷ
550 2358 695 2427 όρθῷ
725 2359 895 2409 ποιεῖν
940 2358 1036 2425 μὲν
1064 2356 1433 2425 ἐλεημοσύνην
1472 2359 1551 2420 εἰς
1580 2358 1890 2425 νοσοῦντας,

316 2445 351 2515 ἦ
387 2442 793 2511 γεγηρακότας,
826 2440 859 2510 ἢ
894 2439 1319 2501 ἐκπεπτωκότας
1352 2439 1459 2492 ἀπὸ
1484 2440 1711 2493 πλούτου
1738 2460 1750 2472 ·
1780 2460 1894 2510 φει-

319 2527 501 2584 δωλῆς
532 2526 586 2576 δὲ
610 2566 623 2585 ,
660 2524 751 2576 καὶ
810 2522 949 2590 μετὰ
977 2520 1316 2591 γογγυσμοῦ,
1351 2523 1445 2575 καὶ
1486 2519 1623 2576 εἶναι
1659 2526 1748 2578 τὸν
1795 2527 1893 2595 μὲν

322 2611 524 2662 σκοπὸν
553 2607 733 2675 ὀρθὸν,
765 2606 862 2673 τὴν
912 2605 968 2657 δὲ
1014 2605 1211 2673 πρᾶξιν
1262 2604 1355 2656 τοῦ
1388 2604 1591 2657 σκοποῦ
1645 2609 1890 2672 ἀναξίαν.

320 2695 412 2744 Δεῖ
442 2692 549 2757 γὰρ
584 2690 701 2745 τὸν,
724 2689 993 2756 ἐλεήμονα
1040 2689 1096 2739 ἐν
1152 2688 1426 2756 ἱλαρότητι
1454 2688 1658 2755 ἐλεεῖν,
1702 2692 1795 2743 καὶ
1835 2695 1893 2745 ἐν

327 2776 565 2846 ἀφειδίᾳ,
598 2774 821 2840 Ἔλεγον
850 2772 905 2824 δέ
930 2772 1024 2824 καὶ
1049 2770 1206 2824 τοῦτο
1232 2772 1282 2824 οί
1310 2772 1478 2839 ἅγιοι,
1511 2773 1592 2826 ὅτι
1624 2775 1893 2845 Προτερή-

322 2862 470 2928 μα.τά
514 2862 651 2912 εἰσιν
691 2861 750 2912 ἐν
791 2856 1010 2918 πολλαῖς
1037 2856 1237 2925 ψυχαῖς
1257 2871 1271 2886 ο
1316 2858 1375 2909 ἐν
1397 2858 1517 2918 ταῖς
1542 2856 1663 2926 μέν,
1696 2860 1892 2925 εὐφυΐα

316 2944 589 3007 διανοίας,
646 2944 705 2994 ἐν
755 2944 874 3004 ταῖς
927 2941 984 2993 δέ
1022 2939 1396 3008 ἐπιτηδειότης
1428 2942 1527 3008 τῆς
1582 2943 1887 3011 ἀσκήσεως.

329 3027 469 3085 Ἀλλ’
500 3026 628 3078 ὅταν
662 3025 733 3095 μὴ
767 3024 992 3091 γένηται
1020 3022 1086 3074 δι’
1114 3021 1249 3073 αὐτὸ
1271 3024 1330 3074 τὸ
1359 3022 1546 3086 καλὸν,
1582 3023 1717 3092 μηδέ
1752 3026 1892 3078 κατὰ

315 3110 459 3162 θεῖον
490 3108 728 3171 σκοπὸν,
781 3108 925 3177 μήτε
964 3106 1027 3157 ἐκ
1054 3103 1149 3157 τοῦ
1201 3106 1616 3174 προτερήματος
1659 3108 1887 3177 πρᾶξις,

2003 1929 2034 1998 ἢ
2071 1930 2345 1998 πράξεως,
2393 1930 2504 1982 εῐτε
2542 1932 2575 1999 ὴ
2621 1931 2689 1983 δι’
2723 1932 2845 1985 ὅλου
2875 1932 2970 1985 τοῦ
3005 1935 3277 2003 σώματος,
3314 1937 3447 2004 πρὸς
3478 1936 3577 2005 τὴν

1997 2013 2287 2079 ἀναλογίαν
2310 2016 2408 2082 τῆς
2439 2014 2837 2084 ὑπερηφανίας,
2863 2016 2894 2085 ἢ
2927 2016 3024 2083 τῆς
3053 2019 3301 2085 οἰήσεως,
3339 2018 3456 2070 κατ’
3488 2020 3579 2083 ἐγ·

1997 2098 2318 2167 κατάλειψιν
2359 2099 2567 2167 γίνεται
2602 2100 2736 2153 Θεοῦ
2772 2102 3086 2171 φειδομένου
3114 2104 3219 2155 τῶν
3245 2106 3577 2171 ἐγκαταλιμ-

1998 2184 2337 2251 πανομένων.
2360 2184 2420 2236 Et
2442 2184 2548 2253 γὰρ
2571 2184 2708 2253 μετά
2731 2184 2828 2253 τῆς
2852 2185 3145 2247 ἀκολασίας
3170 2189 3263 2239 καὶ
3287 2191 3351 2257 τῇ
3380 2189 3578 2260 εὐφυΐᾳ

1996 2268 2175 2321 αὐτῶν
2208 2270 2534 2340 μαρτυρήσῃ
2571 2271 2637 2337 τῇ
2670 2269 2902 2339 χορηγίᾳ
2940 2270 3048 2322 τῶν
3076 2271 3246 2338 λόγων
3276 2274 3303 2323 6
3334 2273 3572 2343 Κύριος,

1995 2350 2255 2419 δαίμονας
2297 2352 2493 2413 αὐτοὺς
2542 2351 2608 2404 ἂν
2650 2352 3026 2421 ἀπεργάσαιτο
3060 2356 3454 2425 ἐπαιρομένους
3497 2356 3575 2427 τῷ

1995 2435 2148 2503 τύφῳ
2187 2435 2326 2504 μετά
2364 2435 2721 2504 ἀκαθαρσίας.

2069 2521 2174 2572 Καὶ
2201 2520 2371 2572 ταῦτα
2397 2520 2451 2572 δὲ
2476 2519 2660 2588 ελεγον
2687 2523 2819 2589 ἡμῖν
2846 2522 2897 2573 οί
2920 2522 3056 2576 ὅσιοι
3086 2524 3275 2595 ἄνδρες
3308 2518 3450 2578 οὗτοι
3480 2526 3576 2578 καὶ

1998 2604 2209 2673 ἄριστοι
2238 2604 2346 2653 τῶν
2380 2604 2660 2673 Πατέρων·
2697 2604 2866 2656 Ὅταν
2897 2606 3064 2675 ἴδητε,
3104 2609 3271 2674 φασὶ,
3311 2609 3431 2659 τινὰ
3473 2608 3574 2677 βίῳ

1998 2686 2095 2756 μέν
2132 2687 2383 2755 χαλεπὸν,
2417 2686 2596 2754 λόγοις
2638 2686 2694 2739 δέ
2738 2688 2983 2750 πιθανὸν,
3028 2690 3436 2759 μνημονεύσατε
3477 2691 3569 2743 τοῦ

1994 2770 2242 2839 δαίμονος
2275 2769 2368 2821 τοῦ
2417 2772 2473 2821 ἐν
2508 2771 2584 2837 τῷ
2612 2771 2927 2841 Εὑαγγελίῳ
2961 2773 3039 2842 τῷ
3081 2775 3270 2843 Κυρίῳ
3306 2790 3571 2842 προσομι-

1994 2852 2233 2915 λοῦντος,
2280 2853 2373 2905 καὶ
2402 2853 2500 2922 τῆς
2534 2853 2800 2921 λεγούσης
2834 2855 2941 2906 τῶν
2974 2856 3203 2925 Γραφιὲν
3233 2856 3534 2926 μαρτυρίας
3555 2872 3568 2885 ·

2006 2936 2063 2988 'U
2087 2936 2143 2987 δέ
2168 2937 2288 3002 ὄφις
2317 2931 2383 3005 ἦν
2408 2936 2816 3005 φρονιμώτατος
2844 2938 3059 2989 πάντων
3084 2939 3192 2991 τῶν
3227 2938 3431 3008 θηρίων
3462 2937 3571 2990 τῶν

1993 3022 2085 3073 ἐπί
2113 3020 2207 3087 τῆς
2239 3020 2341 3088 γῆς
2369 3035 2382 3049 ⁶
2412 3013 2455 3087 ᾧ
2478 3023 2509 3089 ὴ
2542 3020 2803 3089 φρόνησις
2835 3022 3036 3090 μᾶλλον
3061 3023 3141 3085 είς
3172 3022 3375 3092 βλάϐην
3399 3021 3572 3090 τούτῳ

1995 3104 2320 3171 γεγένηται,
2356 3103 2520 3173 ἀλλης
2555 3105 2754 3173 ἀρετῆς
2788 3106 2962 3174 τούτῳ
3011 3107 3083 3175 μὴ
3134 3106 3569 3175 συνδραμούσης.

317 3198 455 3263 μήτε
488 3196 521 3262 ἡ
568 3192 785 3259 εὐφυΐα,
816 3191 952 3260 μήτε
994 3192 1041 3242 οί
1067 3188 1162 3258 τὴν
1191 3186 1443 3244 εὔκλειαν
1485 3188 1657 3257 λόγων
1688 3208 1881 3261 κεκτη·
1920 3186 1962 3243 C
1998 3190 2089 3239 Δεῖ
2118 3188 2223 3256 γὰρ
2246 3187 2337 3238 τὸν
2360 3187 2548 3239 πιστὸν
2572 3190 2665 3239 κα)¹
2694 3188 2898 3253 ἀγαθὸν
2923 3193 3138 3259 φρονεῖν
3170 3190 3271 3259 μὲν
3300 3190 3335 3242 ἃ
3358 3190 3571 3241 δίδωσιν

320 3277 505 3345 μένοι,
542 3277 642 3328 οὐκ
684 3276 1049 3344 ἐπιγράφουσι
1097 3273 1194 3341 τὴν
1244 3273 1402 3342 χάριν
1448 3273 1525 3344 τῷ
1564 3274 1747 3345 δοτῆρι
1784 3275 1891 3327 τῶν

316 3361 539 3428 ἀγαθῶν
572 3359 712 3427 Θεῷ,
750 3358 884 3411 ἀλλά
921 3360 987 3427 τῇ
1029 3357 1205 3427 οἰκείᾳ
1233 3359 1570 3427 προαιρέσει,
1599 3360 1693 3411 καὶ
1722 3360 1890 3413 εὐπα-

316 3446 457 3514 θείᾳ.
490 3443 586 3495 καὶ
615 3442 923 3509 ίκανότητιο
950 3440 1045 3493 καὶ
1069 3434 1213 3493 οὗτοι
1237 3441 1758 3509 ἐγκαταλειφθέντες
1787 3442 1892 3496 ὐπὸ

314 3530 413 3596 τῆς
470 3527 731 3594 Προνοίας
800 3526 1166 3594 ἐμπίπτουσιν
1224 3526 1302 3587 εἰς
1372 3525 1797 3595 αἰσχρουργίαν,
1858 3527 1889 3596 ἢ

316 3609 746 3681 αἱσχροπάθειαν
800 3609 893 3661 καὶ
936 3608 1219 3677 αἰσχύνην.
1291 3609 1757 3677 Καταλειφθέντες
1798 3609 1890 3661 οῦν

314 3696 405 3747 διὰ
443 3690 961 3762 τῆςέπιγενομένης
1002 3693 1184 3754 αὐτοῖς
1216 3691 1619 3756 ταπεινώσεως,
1651 3692 1744 3746 καὶ⁸
1772 3693 1892 3745 ἀτι-

320 3778 467 3845 μίας,
500 3776 683 3844 ἡρέμα
729 3792 846 3837 πως
873 3777 969 3828 κα)⁵
1000 3774 1142 3827 κατά
1171 3776 1367 3845 μικρὸν
1402 3777 1493 3827 τὸν
1522 3778 1613 3829 ἐπὶ
1635 3780 1699 3847 τῇ
1742 3794 1890 3846 νομιο

317 3863 525 3932 ζομένῃ
561 3861 728 3929 ἀρετῇ
770 3859 975 3911 ἐαυτῶν
1018 3858 1410 3926 ἀποτρίϐονται
1436 3859 1634 3927 τύφον,
1694 3863 1891 3930 μηκέτι

317 3946 404 4015 ἐφ’
434 3946 647 4006 ἑαυτοῖς
675 3942 1012 4005 πεποιθότες,
1046 3941 1182 3994 ἀλλά
1205 3941 1282 4010 τῷ
1306 3942 1421 4013 Θεῷ
1447 3944 1523 4013 τῷ
1548 3945 1892 4016 χαριζομένῳ

314 4030 387 4081 τά
429 4028 605 4080 πάντα
646 4024 1031 4096 ὁμολογοῦντες
1076 4026 1173 4091 τὴν
1219 4026 1400 4094 χάριν.
1444 4027 1659 4094 Ἐπειδὴ
1713 4028 1821 4097 γὰρ
1863 4030 1891 4079 6

318 4111 731 4181 πεφυσιωμένος
759 4110 851 4161 ἐπὶ
886 4109 1075 4177 εὐροίᾳ
1099 4108 1273 4174 λόγων
1302 4108 1681 4179 ἐπαιρόμενος,
1708 4112 1889 4163 οὐκέτι

318 4195 617 4264 ἐπιγράφει
640 4192 717 4261 τῷ
743 4190 863 4259 Θεῷ
889 4192 986 4261 τὴν
1015 4190 1220 4260 δωρεὰν
1246 4192 1341 4258 τῆς
1369 4192 1613 4258 εὐφυΐας,
1646 4193 1767 4245 οὐδέ
1792 4195 1890 4262 τὴν

316 4278 579 4350 χορηγίαν
628 4278 729 4347 τῆς
752 4274 1028 4343 γνώσεως,
1064 4272 1199 4325 ἀλλά
1250 4277 1314 4344 τῇ
1346 4274 1539 4328 ἐαυτοῦ
1570 4276 1818 4347 ἀσκήσει,
1855 4279 1887 4347 ἢ

317 4362 501 4430 φύσει,
545 4360 747 4427 ἀφιστᾷ
773 4360 802 4409 6
832 4356 964 4418 Θεὸς
992 4357 1082 4409 τὸν
1118 4356 1346 4423 ἄγγελον
1394 4359 1490 4426 τῆς
1521 4359 1774 4427 προνοίας
1798 4361 1890 4412 τὸν

316 4445 411 4496 ἐπὶ
447 4442 619 4512 ταύτῃ
664 4443 731 4510 τῇ
783 4440 967 4509 χάριτι
1014 4438 1385 4508 τεταγμένον’
1437 4433 1497 4492 οῦ
1556 4441 1890 4505 ἀποστάντος

1994 3274 2021 3324 6
2051 3272 2202 3331 Θεὸς,
2240 3270 2418 3323 λαλεῖν
2446 3270 2502 3323 δέ
2534 3269 2569 3323 ἃ.
2603 3274 2818 3339 φρονεῖ.
2855 3275 3030 3324 ποιεῖν
3074 3274 3129 3325 δέ
3161 3272 3197 3326 ἀ
3236 3272 3404 3325 λαλεῖ.
3445 3273 3572 3325 Ἐάν

1992 3356 2099 3423 γὰρ
2130 3354 2204 3423 μὴ
2232 3357 2297 3424 τῇ
2334 3354 2561 3424 ἀληθείᾳ
2590 3355 2698 3406 τῶν
2726 3356 2949 3424 λόγωνὴ
2981 3356 3149 3426 ἀρετὴ
3173 3357 3267 3408 τοῦ
3298 3357 3413 3426 βίου
3443 3373 3572 3409 συν-

1992 3443 2182 3511 τρέχῃ,
2219 3442 2311 3493 καὶ
2346 3443 2377 3508 ἡ
2412 3441 2574 3509 λοιπὴ
2604 3442 2713 3493 τῶν
2750 3442 3006 3511 χρηστῶν
3035 3446 3254 3512 τρόπων
3296 3444 3565 3511 εὐγένεια.

1991 3525 2152 3591 ἄρτος
2179 3526 2328 3576 ἐστὶν
2351 3525 2480 3577 ἄνευ
2496 3526 2641 3589 άλὸς,
2672 3527 2812 3578 κατὰ
2835 3527 2925 3577 τὸν
2954 3528 3220 3595 μακάριον
3256 3526 3394 3580 Ἰώϐ.
3432 3527 3491 3580 ὐ
3514 3528 3571 3579 δὲ

1989 3605 2227 3669 τοιοῦτος
2256 3606 2594 3677 βρωθήσεται
2620 3608 2870 3676 οὐδαμῶς
2898 3625 2911 3639 ’
2938 3609 2997 3671 ὃς
3020 3610 3121 3662 κᾶν
3142 3610 3325 3680 βρωθῇ
3349 3613 3427 3673 εἰς
3445 3611 3571 3662 πολ-

1992 3691 2091 3760 λὴν
2125 3691 2379 3758 καχεξίαν
2415 3690 2675 3759 ἐμϐάλλει
2704 3692 2796 3743 τὸν
2832 3691 3101 3746 ἐσθίοντα.
3140 3695 3200 3745 Εί
3232 3694 3569 3764 βρωθήσεται

1992 3779 2120 3847 γὰρ,
2153 3776 2334 3844 φησὶν,
2360 3775 2523 3844 ἄρτος
2548 3775 2675 3827 ἄνευ
2708 3776 2833 3838 άλός
2856 3794 2870 3842 ;
2898 3776 3022 3829 εἰδὲ
3044 3766 3149 3830 καῖ’
3170 3778 3283 3830 ἐστι
3305 3778 3485 3847 γεῦμα
3512 3779 3569 3829 ἐν

1995 3863 2202 3931 ῥήμασι
2226 3863 2421 3922 κενοῖς,
2450 3858 2593 3912 τοῦτ’
2611 3859 2756 3913 ἐστιν
2788 3864 2865 3924 εἰς
2886 3862 3254 3933 ὠφέλειανμὴ
3282 3864 3571 3933 πεπληρω-

1995 3947 2177 4017 μένοις
2215 3947 2280 4014 τῇ
2314 3943 2590 4014 μαρτυρίᾳ
2618 3943 2726 3996 τῶν
2758 3945 2935 3997 καλῶν
2966 3948 3161 4015 ἔργων.
3200 3946 3321 3999 Τῶν
3357 3944 3449 4001 οῦν
3475 3949 3570 4014 ἐγ-

1998 4028 2374 4093 καταλείψεων
2400 4026 2644 4095 διάφοροί
2676 4028 2811 4079 εἰσιν
2838 4030 2893 4080 αἱ
2923 4029 3110 4083 αἰτίαι.
3150 4031 3209 4082 ῚΙ
3240 4032 3335 4099 μέν
3361 4033 3467 4100 γὰρ
3486 4032 3569 4098 γίο

1988 4130 2139 4167 νεται
2173 4112 2261 4163 διὰ
2308 4112 2697 4180 κεκρυμμένην
2728 4112 2965 4181 ἀρετὴν,
2993 4114 3079 4165 ἴνα
3110 4115 3393 4185 φανερωθῇ
3423 4116 3495 4177 ὡς
3534 4116 3567 4183 ἡ

1991 4198 2086 4251 τοῦ
2125 4196 2364 4264 μεγάλου
2392 4196 2488 4263 τῆς
2520 4195 2798 4264 ὑπομονῆς
2842 4196 3077 4265 ἀθλητοῦ
3125 4198 3264 4263 Ἰὼϐ,
3305 4200 3398 4251 τοῦ
3432 4199 3567 4252 Θεοῦ

1993 4280 2427 4351 χρηματίζοντος
2442 4278 2637 4348 τούτῳ,
2663 4279 2757 4332 καὶ
2778 4279 3045 4347 λέγοντος’
3068 4282 3158 4351 Μὴ
3179 4282 3441 4335 ἀποποιοῦ
3467 4300 3568 4352 μου

1992 4365 2056 4417 τδ
2088 4367 2295 4433 κρῖμα’
2329 4362 2461 4430 μηδὲ
2494 4362 2582 4431 οῖῃ
2615 4379 2683 4431 με
2728 4362 2904 4422 ἄλλως
2936 4380 3018 4415 σοι
3062 4366 3567 4433 κεχρηματικέναι,

1994 4447 2109 4500 ἀλλ’
2134 4448 2220 4499 ῖνα
2246 4448 2525 4514 ἀναφανῇς
2547 4445 2774 4507 δίκαιος.
2812 4446 2967 4515 Ἐμοὶ
2995 4447 3093 4515 μὲν
3115 4449 3221 4516 γὰρ
3243 4448 3484 4515 γνωστὸς
3500 4444 3568 4516 ἦς

316 4523 843 4586 καταδυναστευθεὶς
896 4524 1000 4575 ὑπὸ
1042 4522 1133 4575 τοῦ
1185 4524 1562 4592 ἀντικειμένου
1600 4527 1628 4579 6
1671 4526 1892 4596 ἐπαιρό-
1924 4536 1965 4590 D
1996 4533 2053 4595 ἐξ
2071 4530 2243 4601 ἀρχῆς
2266 4529 2343 4598 τῷ
2362 4528 2612 4597 βλέποντι
2631 4528 2698 4580 τὰ
2718 4530 2954 4597 κρυπτὰ,
2986 4531 3077 4583 καί
3103 4531 3296 4601 δρῶντι
3324 4533 3403 4593 εἰς
3430 4531 3565 4601 βάθη

322 4630 482 4682 μενος
522 4614 587 4681 τῇ
620 4610 840 4678 εὐφυΐα,
872 4608 1190 4678 περιπίπτει
1240 4606 1522 4678 ἀκολασίᾳ,
1559 4609 1647 4662 ῖνα
1678 4609 1889 4675 κτηνώ-

317 4697 438 4765 δης,
468 4695 502 4764 ἢ
535 4696 567 4762 ἡ
602 4690 843 4761 κυνώδης
879 4690 1143 4743 ἀκολασία
1181 4689 1411 4761 ἐξελάσῃ
1442 4690 1539 4761 τὴν
1564 4691 1889 4760 δαιμονιώδη

318 4777 607 4846 φυσίωσιν,
632 4775 766 4843 ὅπερ
796 4773 941 4824 ἐστὶν
973 4772 1344 4842 ὑπερηφανίαν
1380 4772 1465 4825 ῖνα
1489 4774 1584 4826 τοῦ
1617 4776 1891 4845 μάρτυρος

318 4861 416 4930 τῆς
455 4856 809 4927 σωφροσύνης
837 4856 1243 4925 ἀφαιρεθέντος,
1282 4857 1380 4908 οὐκ
1404 4857 1693 4921 ἀξιόπιστα
1730 4862 1892 4928 γένη-

317 4960 407 4995 ται
446 4942 516 4994 τὰ
541 4942 809 5008 λεγόμενα
839 4941 970 5009 παρ’
1001 4938 1180 4991 αὐτῶν
1205 4954 1218 4967 ο
1264 4939 1577 5005 φευγόντων
1602 4941 1710 4993 τῶν
1736 4943 1891 4995 εὐλα-

294 5026 430 5079 ·ϐῶν
482 5024 578 5093 τὴν
626 5025 689 5074 ἐκ
738 5021 832 5073 τοῦ
892 5021 1134 5073 τοιούτου
1180 5022 1449 5090 στόματος
1501 5024 1887 5092 διδασκαλίαν,

318 5108 569 5175 καθάπερ
596 5106 780 5173 πηγὴν
806 5104 1025 5172 βδέλλας
1054 5104 1279 5172 έχουσαν
1302 5121 1315 5135 ·
1347 5105 1423 5167 ὡς
1467 5108 1802 5176 πληροῦσθαι
1831 5110 1891 5161 τὸ

317 5191 702 5261 ἰεγραμμένον
734 5202 750 5217 ⁶
778 5188 864 5255 Ἰᾠ
906 5187 961 5239 δὲ
998 5186 1306 5255 ἁμαρτωλῷ
1340 5184 1492 5241 εἶπεν
1536 5194 1562 5242 6
1591 5191 1742 5254 Θεός’
1779 5194 1891 5247 ἰνα

317 5275 370 5327 τί
398 5292 460 5326 συ
489 5274 713 5342 ἐκδιηγῇ
740 5271 805 5322 τά
830 5270 1173 5339 δικαιώματά
1200 5288 1322 5339 μου,
1354 5272 1447 5323 καὶ
1490 5274 1891 5341 ἀναλαμϐάνεις

316 5361 413 5430 τὴν
443 5358 705 5429 διαθήκην
742 5374 841 5425 μου
886 5356 975 5408 διὰ
1020 5356 1283 5423 στόματός
1330 5374 1457 5423 σου;
1512 5358 1749 5413 Ἐοίκασι
1783 5363 1890 5432 γάρ

317 5443 532 5507 άληθῶς
566 5443 622 5495 αἰ
661 5441 769 5493 τῶν
820 5440 1083 5510 ἑμπαθῶν
1130 5439 1299 5507 ψυχαὶ
1338 5441 1611 5510 διαφόροις
1652 5449 1886 5513 πηγαῖς·

317 5530 374 5582 αἰ
411 5528 510 5595 μὲν
542 5518 947 5595 γαστρίμαργοι
974 5526 1066 5577 καὶ
1096 5524 1350 5591 οἰνόφιλοι
1385 5530 1587 5595 πηγαῖς
1619 5528 1890 5601 βορσορώ-

315 5610 495 5671 δεσιν,
533 5610 589 5661 αἰ
636 5608 692 5661 δὲ
745 5609 1066 5680 φιλάργυροι
1115 5609 1209 5660 καὶ
1262 5608 1637 5663 πλεονεκτικαὶ
1688 5617 1888 5681 πηγαῖς

319 5691 622 5763 βατράχους
648 5692 919 5763 ἐχούσαις.
946 5692 1011 5745 Δί
1034 5693 1088 5745 δὲ
1113 5692 1370 5761 βάσκανοι
1416 5695 1509 5746 καὶ
1528 5695 1886 5765 ὑπερήφανοι,

323 5777 732 5849 ἐπιτηδειότητα
760 5778 817 5831 δέ
848 5776 1099 5846 γνώσεως
1143 5776 1396 5845 ἔχουσαι,
1434 5780 1614 5848 ὅμοιαί
1646 5783 1750 5834 εἱσι
1784 5800 1887 5852 πη-

1996 4614 2272 4683 λογισμῶν
2305 4612 2685 4682 ἀνθρωπίνων.
2747 4612 2961 4681 Ἐπειδὴ
2995 4613 3051 4665 δέ
3079 4614 3313 4683 ὴγνάητό
3358 4632 3451 4667 σου
3481 4632 3569 4667 το-

1998 4700 2171 4750 σαῦτα
2223 4694 2623 4764 κατορθώματα
2654 4698 2767 4758 τοῖς
2808 4696 3145 4765 ἀνθρώποις,
3199 4698 3569 4751 ὑπονοούντων

1994 4783 2102 4833 τῶν
2138 4778 2482 4847 κακοσχόλων
2508 4772 2595 4829 διά
2624 4778 2715 4829 τὸν
2746 4778 2975 4831 πλοῦτόν
3009 4796 3067 4832 σε
3098 4778 3425 4850 θεραπεύειν
3445 4782 3565 4849 ἐμὲ,

1998 4862 2293 4929 ἐπαγαγὼν
2322 4862 2421 4929 τὴν
2456 4860 2724 4926 τοσαύτην
2759 4863 3100 4931 περίστασιν,
3137 4862 3437 4932 ἀπεθέρισα
3477 4864 3569 4918 τὸν

1996 4947 2260 5009 πλοῦτον,
2310 4946 2399 4996 ἵνα
2448 4944 2608 5009 δείξω
2650 4945 2832 5005 αὐτοῖς
2878 4945 3195 5013 εὐχάριστον
3229 4946 3563 5014 φιλοσοφίαν.

2002 5033 2158 5083 Ἐστι
2191 5030 2245 5081 δὲ
2277 5028 2371 5079 καὶ
2402 5029 2601 5097 ἑτέρως
2634 5027 3125 5096 ἐγκαταλειφθῆναι
3154 5030 3219 5081 δι’
3252 5031 3566 5099 ἀποτροπὴν

1999 5111 2375 5183 ὑπερηφανίας
2399 5112 2492 5162 καὶ
2520 5110 2809 5178 ἀποφυγὴν
2828 5114 3055 5178 οἰήσεως
3086 5111 3117 5179 ἦ
3144 5111 3427 5174 ἀλαζονίας
3447 5129 3460 5141 ·
3492 5113 3563 5173 ὡς

1994 5198 2087 5249 ἐπὶ
2128 5194 2220 5247 τοῦ
2278 5194 2549 5263 μακαρίου
2600 5192 2899 5245 ἀποστόλου
2950 5194 3165 5245 Παύλου
3204 5195 3351 5247 ἔστιν
3406 5194 3555 5248 ἰδεῖν.

2010 5276 2435 5346 ’ί-Σγκατελείφθη
2451 5277 2557 5345 γάρ
2580 5278 2671 5328 καὶ
2685 5277 2843 5337 αὐτὸς
2861 5277 3245 5345 περιστάσεσιν
3263 5277 3562 5345 ἐναφεθεῖς,

1994 5364 2090 5417 καὶ
2119 5362 2494 5429 κολαφισμοῖς,
2525 5359 2618 5412 καὶ
2652 5360 2926 5426 διαφόροις
2964 5360 3261 5428 ἐλλείψεσιν
3301 5361 3565 5430 βαλλόμε-

1993 5466 2099 5509 νος.
2144 5446 2234 5497 Διὸ
2256 5453 2349 5498 καὶ
2382 5446 2584 5511 ἔλεγεν·
2631 5443 2814 5509 Ἐδόθη
2844 5461 2931 5512 μοι
2957 5444 3153 5513 σκόλοψ
3179 5447 3244 5515 τῇ
3280 5446 3442 5513 σαρκὶ
3462 5447 3563 5512 ἀγ-

1990 5531 2144 5599 γελος
2167 5530 2364 5586 Σατᾶν,
2398 5527 2484 5579 ἴνα
2514 5544 2579 5595 με
2610 5526 2894 5599 κολαφίζῃ,
2925 5528 3007 5579 ἵνα
3035 5527 3111 5597 μὴ
3139 5527 3524 5599 ὑπεραίρωμαι
3546 5546 3561 5559 ·

1994 5617 2077 5668 ἵνα
2112 5615 2186 5684 μή
2220 5630 2349 5667 ποτε
2373 5611 2460 5664 διὰ
2490 5611 2597 5663 τῶν
2624 5611 2889 5664 τοσούτων
2920 5612 3234 5680 θαυμάτων,
3266 5612 3358 5664 καὶ
3387 5615 3418 5671 ἠ
3472 5614 3567 5666 ἀν-

1990 5717 2126 5761 εσις,
2159 5698 2249 5750 καὶ
2279 5699 2311 5766 ἠ
2341 5694 2690 5763 εὐθηνία,καλ⁵
2722 5696 2754 5761 ὴ
2788 5694 2923 5763 τιμὴ
2951 5695 3125 5763 τούτῳ
3154 5694 3561 5765 προσγενομένη

1992 5788 2072 5849 εἰς
2102 5783 2269 5852 τύφον
2306 5780 2468 5834 αὐτὶν
2504 5778 2749 5849 ἐμϐάλλῃ
2782 5777 3085 5831 διαϐολικὸν
3118 5779 3223 5832 ὐπὸ
3251 5778 3347 5848 τῆς
3382 5778 3563 5841 ἀδείας
