4258 6360
683 414 813 479 1203

2144 406 2498 467 PALLADII

3826 394 3965 458 1204

680 525 1052 594 χαυνωθέντα.
1098 528 1525 599 Ἐγκατελείφθη
1550 528 1646 581 καὶ
1678 529 1706 580 6
1740 526 2108 598 παραλυτικὸς
2131 564 2145 586 ,
2174 523 2263 576 διὰ
2293 528 2339 581 Α
2375 519 2457 599 τῷ
2485 519 2583 587 τῆς
2607 513 2932 599 ’ἐπιθυμίας
2962 512 3193 599 ⁴,δαίμονι
3238 512 3582 599 ..περιπίπτει
3641 510 3716 577 τῷ
3768 511 3964 575 ἄγοντι

682 608 957 672 ἁμαρτίας
978 624 991 637 ·
1020 600 1234 673 ᾧείπεν
1258 609 1284 659 6
1320 605 1527 675 Ἰησοῦς
1554 604 1807 674 Χριστός⁸
1839 604 1965 665 Ἴδε,
1992 603 2149 672 ὑγιὴς
2174 602 2265 667 γέ-

682 700 869 748 γονας,
907 686 1105 754 μηκέτι
1138 686 1439 753 ἁμάρτανε,
1469 684 1555 735 ἵνα
1586 684 1661 752 μὴ
1692 682 1870 752 χεῖρόν
1901 684 1952 733 τί
1988 699 2069 733 σοι
2101 682 2263 748 γένη-

683 781 792 817 ται.
840 764 1269 833 Ἐγκατελείφθη
1290 766 1382 817 καὶ
1414 767 1439 817 ὁ
1480 763 1703 826 Ἰούδας,
1728 763 2071 832 προτιμήσας
2094 758 2265 829 άργύ·

690 863 804 916 ριον
834 845 928 897 τοῦ
962 846 1056 913 τῆς
1085 845 1228 912 ζωῆς
1254 845 1435 911 λόγου,
1466 845 1545 894 διὸ
1577 844 1670 894 καὶ
1720 844 2036 911 ἀπήγξατο·
2068 843 2267 906 ἐγκατ-

687 928 908 998 ελείφθη
946 928 1039 980 καὶ
1069 928 1097 979 6
1132 925 1334 990 Ἠσαῦ,
1370 924 1448 977 διὸ
1483 926 1576 977 καὶ
1608 923 1871 990 ἀκολασίᾳ
1905 921 2264 990 περιέπεσεν,

689 1009 1035 1077 προτιμήσας
1095 1006 1298 1075 κόπρον
1365 1004 1598 1073 ἐντέρων
1659 1002 1912 1067 εὐλογίας
1969 998 2265 1067 πατρικῆς.

688 1089 875 1141 Ταῦτα
905 1083 998 1139 οὖν
1030 1087 1203 1137 πάντα
1245 1083 1663 1151 συναισθόμενος
1709 1080 1785 1149 τῷ
1820 1080 1958 1149 ἀγίῳ
1995 1077 2267 1145 Πνεύματι

688 1171 717 1222 6
737 1168 1003 1237 μακάριος
1031 1165 1326 1227 ἀπόστολος
1355 1164 1562 1224 Παῦλος
1577 1163 1761 1228 ἔλεγεν
1780 1161 1907 1230 περὶ
1919 1160 2027 1211 τῶν
2044 1158 2270 1227 τοιούτῳ

689 1249 874 1319 τρόπῳ
889 1246 1283 1313 ἐγκαταλελειμ
1291 1245 1486 1313 μένων·
1510 1241 1705 1303 Καθὼς
1721 1237 1812 1293 οὖν
1830 1241 1930 1292 οὐκ
1945 1238 2269 1306 ἐδοκίμασαν

690 1318 781 1381 τὸν
809 1328 941 1379 Θεὸν
993 1324 1139 1392 ἐχειν
1173 1328 1228 1375 ἐν
1278 1321 1593 1388 ἐπιγνώσει,
1644 1321 1964 1390 παρέδωκεν
2005 1319 2204 1377 αὐτοὺς
2243 1318 2271 1367 6

691 1411 823 1472 Θεὸς
857 1410 935 1469 είς
957 1408 1214 1473 ἀδόκιμον
1239 1403 1361 1455 νοῦν
1392 1405 1564 1455 ποιεῖν
1587 1402 1653 1454 τά
1682 1403 1755 1469 μὴ
1780 1401 2109 1469 καθήκοντα.
2138 1398 2271 1467 Περὶ

695 1490 898 1556 ἐτέρων
928 1486 1034 1540 τῶν
1067 1483 1371 1535 δοκούντων
1401 1481 1599 1548 γνῶσιν
1642 1480 1784 1549 ἔχειν
1814 1478 1948 1530 Θεοῦ
2000 1477 2137 1545 μετά
2190 1478 2270 1527 δι-

693 1566 1047 1637 εφθαρμένης
1070 1562 1295 1631 γνώμης
1317 1563 1407 1613 καὶ
1425 1558 1580 1611 κενοῦ
1601 1564 1741 1629 φυσή
1752 1559 2108 1627 ματος,λέγει·
2130 1558 2271 1609 Διότι

693 1648 913 1715 γνόντες
930 1644 1020 1693 τὸν
1041 1642 1192 1706 Θεὸν,
1222 1642 1316 1708 οὐχ
1340 1641 1413 1701 ὡς
1440 1641 1572 1691 Θεὸν
1595 1639 1923 1715 ἐδόξασαν,ἢ
1949 1637 2273 1715 εὐχαρίστη-

698 1712 817 1784 σαν,
852 1720 966 1773 ἀλλ’
998 1717 1418 1787 ἐματαιώθησαν
1450 1718 1507 1767 ἐν
1535 1719 1645 1774 τοῖς
1672 1714 2041 1781 διαλογισμοῖς
2068 1712 2270 1777 αὐτῶν,

696 1803 791 1856 καὶ
826 1798 1111 1863 ἐσκοτίσθη
1148 1798 1178 1865 ἠ
1216 1796 1470 1856 ἀσύνετος
1498 1794 1675 1846 αὐτῶν
1712 1794 1928 1862 καρδία.
1969 1793 2272 1857 Φάσκοντες

2372 598 2452 658 είς
2501 594 2824 654 ἀκολασίαν,
2858 592 2890 660 ἢ
2922 588 2998 658 τῷ
3057 588 3273 657 θυμικῷ
3307 590 3580 658 πνεύματι
3635 588 3967 656 περιπίπτει

2368 675 2444 743 τῷ
2473 673 2721 742 πονηρῷ,
2750 672 2872 723 ὅθεν
2930 672 2984 720 αἱ
3030 669 3216 735 ἄλογοι
3267 669 3544 719 τίκτονται
3604 666 3793 734 ὁρμαί.
3854 664 3967 714 Καὶ

2373 758 2473 825 τὴν
2502 755 2600 825 μὲν
2628 752 2925 805 ἀκόλαστον
2957 749 3252 816 ἐπιθυμίαν
3286 747 3471 825 ἔλεγεν
3494 743 3631 825 εἶναι
3662 743 3963 825 κτηνώδη,

2368 822 2460 888 τὸν
2491 822 2549 887 δὲ
2600 832 2774 900 θυμὸν
2805 828 3019 896 κίνησιν
3068 824 3421 894 δαιμονιώδη.
3459 824 3623 893 Ἐμοῦ
3652 824 3707 875 δὲ
3745 822 3967 874 ἀντιλέ-

2370 932 2590 984 γοντος,
2623 914 2703 965 ὅτι
2737 910 2865 972 Πῶς
2907 908 3131 960 δύνατόν
3165 909 3313 958 ἐστιν
3350 904 3488 958 εἶναι
3524 904 3647 956 νοῦν
3679 901 3967 971 ἀνθρώπι-

2378 973 2465 1047 νον
2512 973 2875 1051 ἀδιαλείπτως
2910 986 3050 1057 μετά
3074 986 3235 1047 Θεοῦ,
3263 986 3446 1054 ἔλεγεν
3480 982 3655 1047 οῦτος,
3688 984 3769 1035 ὅτι
3807 982 3897 1057 ἐν
3922 973 3969 1045 ᾧ

2372 1075 2415 1127 δ’
2447 1074 2512 1126 ἂν
2555 1073 2786 1141 νοήματι
2836 1067 2869 1137 ἢ
2914 1056 3210 1133 πράγματι
3262 1066 3520 1134 τυγχάνει
3556 1066 3587 1131 ἡ
3625 1062 3772 1131 ψυχὴ
3805 1056 3967 1123 οὖσα,

2374 1154 2535 1225 μόνον
2569 1155 2627 1206 ἐν
2645 1148 2860 1204 εὐσεϐεῖ
2889 1144 3136 1213 λογισμῷ
3164 1145 3258 1198 καὶ
3275 1146 3427 1225 θείῳ,
3460 1144 3599 1214 μετὰ
3627 1142 3764 1194 Θεοῦ
3792 1144 3967 1193 ἐστιν.

2962 1222 3366 1290 ΚΕφΑΑ.ιοκ

2890 1305 3026 1371 Περὶ
3080 1305 3444 1368 Καπίτωνος.

2444 1388 2649 1443 Τούτου
2678 1385 2773 1438 τοῦ
2802 1386 3185 1453 γενναιοτάτου
3210 1381 3444 1449 ἀθλητοῦ
3470 1378 3698 1448 πλησίον
3725 1376 3971 1444 κατῴκει

2374 1469 2641 1522 Καπίτων
2668 1481 2751 1525 τις
2796 1461 2904 1515 ἀπὸ
2953 1460 3168 1532 λῃστῶν
3195 1458 3435 1527 γεγονὼς
3461 1458 3695 1526 μοναχὸς
3725 1454 3970 1521 δοκιμώ-

2372 1565 2553 1610 τατος.
2620 1539 2789 1604 Οῦτος
2839 1542 3179 1609 πεντήκοντα
3232 1539 3329 1606 ἐτη
3378 1537 3674 1605 πληρώσας
3740 1536 3797 1585 ἐν
3857 1536 3973 1592 τοῖς

2376 1625 2685 1695 σπηλαίοις,
2719 1620 2827 1674 ἀπὸ
2876 1620 3164 1686 τεσσάρων
3228 1617 3419 1685 μιλίων
3456 1614 3553 1680 τῆς
3592 1612 3801 1672 πόλεως
3848 1610 3972 1659 Ἀν-

2374 1687 2593 1764 τινόου,
2644 1702 2703 1752 οὐ
2757 1698 3024 1765 κατῆλθεν
3082 1696 3191 1747 ἀπὸ
3244 1694 3337 1746 τοῦ
3401 1692 3671 1761 σπηλαίου
3731 1687 3925 1740 ἐαυτοῦ
3956 1727 3971 1749 ,

2376 1782 2496 1834 οὐδὲ
2535 1781 2695 1849 μέχρι
2721 1776 2815 1828 τοῦ
2869 1773 3116 1842 ποταμοῦ
3142 1771 3236 1824 τοῦ
3273 1770 3495 1829 Νείλου,
3558 1770 3752 1849 λέγων,
3802 1769 3973 1835 μήπω

698 1845 838 1935 ἔίναι
868 1845 1041 1945 σοφολ,
1054 1845 1480 1946 ἐμωράνθησαν·
1510 1873 1651 1942 οίτῷ
1671 1875 1770 1942 τῆς
1788 1845 2017 1940 οἰήσεως
2040 1875 2130 1924 καὶ
2148 1845 2275 1925 ἀποῖ
2308 1868 2347 1922 Β
2381 1845 2828 1946 ξύναάθαξίῄαῦτδν
2855 1852 3251 1946 ,συγτυςίχᾲνειν
3279 1854 3388 1946 τοῖς
3438 1850 3643 1918 ὄχλοις,
3674 1846 3752 1916 τῷ
3785 1845 3973 1914 ἀκμὴν

699 1963 846 2022 νοίας
873 1959 1087 2025 δαίμονι
1115 1956 1525 2025 προσραγέντες
1544 1972 1555 1982 ·
1583 1954 1661 2005 διὸ
1689 1952 2008 2019 παρέδωκεν
2031 1954 2223 2015 αὐτοὺς
2247 1955 2275 2005 6

700 2041 831 2100 Θεὸς
863 2039 941 2099 εἰς
970 2036 1117 2103 πάθη
1152 2033 1404 2101 ἀτιμίας,
1436 2032 1528 2083 τοῦ
1561 2032 1923 2100 ἀτιμάζεσθαι
1955 2034 2023 2083 τά
2050 2032 2276 2100 σώματα

700 2115 901 2169 αὐτῶν.
946 2115 1105 2165 Ὥστε
1152 2114 1215 2164 ἐκ
1262 2110 1451 2162 τούτου
1489 2107 1781 2176 γινώσκειν
1823 2111 1965 2177 ἡμᾶς
2012 2110 2147 2179 χρὴ,
2195 2112 2277 2162 ὅτι

699 2194 985 2265 ἀμήχανόν
1014 2195 1129 2243 ἐστι
1162 2194 1347 2243 πεσεῖν
1378 2208 1498 2242 τινα
1532 2192 1610 2250 είς
1644 2190 1960 2255 ἀκολασίαν,
2003 2192 2077 2259 μὴ
2110 2193 2278 2256 ὲγκα-

700 2275 1056 2342 ταλειφθέντα
1082 2270 1186 2323 ὐπὸ
1212 2272 1308 2339 τῆς
1337 2269 1429 2322 τοῦ
1454 2270 1587 2321 Θεοῦ
1611 2271 1867 2339 προνοίας
1894 2272 1996 2323 ὑπὸ
2021 2271 2279 2338 ἀμελείας

703 2357 798 2407 καὶ
835 2351 1107 2423 ῥᾳθυμίας
1140 2352 1345 2412 οἰκείας
1382 2350 1489 2402 τῶν
1525 2350 2155 2419 ἐγκαταλιμπανομένων
2186 2358 2280 2406 καὶ

701 2433 1081 2504 διαδιδομένων
1110 2432 1188 2492 είς
1219 2432 1278 2483 τὸ
1307 2429 1479 2482 ταῦτα
1516 2431 1833 2497 συμϐαίνειν
1866 2430 2067 2491 αὐτοῖς.

1289 2510 1709 2573 κεφΑΑ.ιςη

1201 2588 1341 2655 Περὶ
1381 2588 1789 2654 Σολομῶντος.

786 2670 877 2722 Ἐν
926 2666 1196 2721 Ἀντινόου
1242 2667 1342 2734 τῆς
1380 2665 1645 2735 Θηϐαΐδος
1674 2664 1959 2735 διατρίψας
1999 2665 2107 2732 ἐγὼ
2160 2666 2284 2717 τέσ-

706 2766 848 2821 σαρα
883 2750 999 2818 ἐτη,
1033 2750 1089 2799 ἐν
1122 2746 1360 2815 τοσούτῳ
1397 2746 1573 2815 χρόνῳ
1598 2745 1798 2812 γνῶσιν
1831 2744 2031 2814 εἴληφα
2068 2746 2287 2798 πάντων

702 2831 811 2882 τῶν
879 2831 1055 2881 ἐκεῖσε
1120 2826 1520 2895 μοναστηρίων.
1581 2823 1926 2885 Καθέζονται
2013 2824 2111 2891 μέν
2175 2826 2282 2895 γάρ

704 2908 851 2976 ἀμφὶ
890 2909 988 2975 τὴν
1032 2906 1185 2956 πόλιν
1245 2905 1438 2969 ἄνδρες
1496 2903 1571 2964 ῶς
1619 2902 1778 2970 χίλιοι
1836 2902 2120 2964 διακόσιοι,
2169 2908 2289 2965 ταῖς

704 2987 894 3055 χερσὶν
932 2983 1269 3046 ἀποζῶντες,
1301 2984 1378 3044 είς
1408 2982 1576 3049 ἀκρον
1620 2980 1946 3047 ἀσκούμενοι
1997 2984 2063 3049 τῇ
2098 2983 2288 3052 ἀρετῇ.

721 3069 808 3117 Ἐν
837 3066 1045 3126 τούτοις
1079 3066 1185 3115 εἰσὶ
1227 3063 1320 3114 καὶ
1371 3061 1723 3128 ἀναχωρηταὶ
1759 3063 1814 3111 ἐν
1861 3062 1970 3119 τοῖς
2011 3062 2289 3128 σπηλαίοις

706 3147 813 3195 τῶν
831 3143 1042 3211 πετρῶν
1060 3140 1284 3201 ἑαυτοὺς
1303 3138 1770 3206 ἐγκαθείρξαντες.
1790 3139 1875 3189 Ἐν
1896 3132 1974 3199 οἷς
1993 3140 2106 3190 ἐστι
2136 3142 2290 3193 Σολο-

712 3222 827 3290 μῶν
889 3238 971 3283 τις
999 3218 1526 3288 ἀναχωρητὴς,ἀνὴρ
1559 3216 1885 3284 πραΰτατος,
1912 3218 2005 3266 καὶ
2034 3218 2286 3285 σώφρων,
2320 3211 2363 3268 C

708 3302 953 3370 χάρισμα
980 3300 1118 3366 ἔχων
1145 3298 1437 3363 ὑπομονῆς·
1458 3297 1514 3356 ὃς
1544 3294 1729 3361 ἔλεγεν
1762 3296 1906 3363 ἔχειν
1930 3298 2291 3365 πεντηκοστὸν

713 3381 833 3441 ἐτος
858 3380 914 3428 ἐν
964 3377 1044 3446 τῴ
1077 3376 1345 3445 σπηλαίῳ,
1368 3374 1677 3442 ἐπαρκέσας
1704 3374 1881 3438 ἐαυτῷ
1906 3376 1969 3425 ἐκ
1991 3374 2096 3425 τῶν
2119 3375 2294 3445 ἔργων

709 3456 817 3509 τῶν
834 3456 1048 3525 χειρῶν,
1084 3457 1180 3507 καὶ
1202 3452 1457 3523 ἐκμαθὼν
1481 3453 1657 3502 πᾶσαν
1682 3452 1841 3518 ἁγίαν
1872 3452 2111 3521 Γραφήν.

1306 3530 1700 3595 ΚΕΦΑΛ.ιΖκ

1266 3610 1405 3676 Περὶ
1442 3607 1763 3675 Δωροθέου.

787 3692 1085 3763 Δωρόθεος,
1113 3693 1168 3744 ἐν
1186 3690 1330 3759 ἄλλῳ
1356 3689 1605 3759 σπηλαίῳ
1624 3687 1786 3739 οἰκῶν
1806 3686 2193 3759 πρεσϐύτερος,
2216 3692 2297 3753 εἰς

717 3774 1023 3843 ὑπερϐολὴν
1059 3771 1432 3838 ἀγαθώτατος,
1462 3770 1555 3821 καὶ
1586 3768 1746 3829 αὐτὸς
1770 3767 1937 3838 ζήσας
1965 3769 2054 3819 τὸν
2105 3771 2292 3821 ἀνεπί-

714 3853 916 3917 ληπτον
936 3853 1067 3921 βίον,
1095 3850 1488 3922 πρεσϐυτερίου
1510 3848 1829 3916 ἠξιωμένος,
1862 3849 1953 3899 καὶ
1971 3849 2298 3917 λειτουργῶν

718 3934 828 3993 τοῖς
854 3932 1103 3999 ἀδελφοῖς
1144 3935 1253 3992 τοῖς
1275 3927 1331 3983 ἐν
1363 3932 1473 3991 τοῖς
1502 3929 1807 3997 σπηλαίοις.
1838 3929 2025 3998 Τούτῳ
2054 3931 2182 3980 ποτὲ
2220 3930 2297 3997 τῷ

719 4012 1075 4081 ἀφιλαργύρῳ
1110 4012 1199 4062 τὸν
1221 4011 1420 4081 τρόπον
1447 4009 1688 4077 Μελανίη
1721 4011 1752 4076 ἡ
1788 4008 2026 4078 νεωτέρα
2071 4008 2170 4077 τῆς
2204 4026 2299 4077 με-

720 4091 890 4157 γάλης
919 4091 1189 4152 Μελανίας
1218 4092 1436 4157 ἐκγόνη,
1466 4089 1591 4156 περὶ
1618 4083 1681 4157 ἧς
1716 4087 1942 4155 ῦστερον
1999 4087 2156 4152 λέξω,
2194 4090 2298 4139 ἀπ-

719 4168 958 4221 έστειλεν
980 4171 1291 4237 νομίσματα
1314 4170 1667 4232 πεντακόσια,
1688 4166 2115 4235 παρακαλέσασα
2140 4168 2299 4219 αὐτὸν

720 4250 906 4299 ἐκεῖνα
934 4248 1253 4315 διακονῆσαι
1296 4250 1405 4309 τοῖς
1444 4250 1621 4297 ἐκεῖσε
1666 4246 1932 4309 ἀδελφοῖς.
1979 4245 2035 4295 ’0
2080 4245 2134 4295 δὲ
2176 4248 2299 4313 τρία

722 4328 1030 4395 νομίσματα
1076 4327 1289 4388 λαϐὼν,
1330 4325 1690 4394 παρέπεμψεν
1760 4326 1827 4374 τά
1872 4324 2033 4375 λοιπά
2094 4326 2303 4377 Διοκλεῖ

723 4410 801 4474 τῷ
855 4410 1204 4476 ἀναχωρητῇ,
1256 4406 1409 4474 ἀνδρὶ
1467 4402 1920 4470 γνωστικωτάτῳ,
1968 4403 2140 4469 λέγων
2172 4444 2185 4467 ,
2220 4406 2300 4454 ὅτι

737 4486 1048 4554 Σοφώτερός
1108 4485 1205 4553 μού
1257 4487 1402 4536 ἐστιν
1430 4486 1457 4534 6
1505 4482 1728 4548 ἀδελφὸς
1782 4482 2030 4550 Διοκλῆς,
2071 4484 2165 4533 κοιλ¹
2206 4484 2298 4533 δύ-

722 4581 881 4615 ναται
910 4566 1047 4617 αὐτὰ
1070 4565 1321 4625 ἀϐλαϐῶς
1364 4564 1651 4629 διοικῆσαι,
1692 4548 2054 4627 ἐπιστάμενος
2100 4564 2297 4631 μᾶλλον
2331 4549 2379 4606 D
2409 4548 2559 4614 ὑμῶν
2591 4561 2606 4609 ;

725 4643 859 4709 ἐμοῦ
891 4645 1016 4706 τοὺς
1046 4643 1283 4710 εὐλόγως
1313 4642 1624 4710 ὀφείλοντας
1655 4640 2109 4710 ἐπικουρηθῆναι.
2159 4641 2300 4708 Ἐγὼ

724 4727 833 4792 γάρ
855 4724 1063 4785 τούτοις
1086 4724 1380 4794 ἀρκοῦμαι.

1296 4801 1546 4853 ΚΕΦΑΛ.
1613 4802 1735 4865 ιΗκ

1298 4881 1435 4946 Περὶ
1490 4877 1734 4945 Διοκλῆ.

801 4951 966 5020 Οὗτος
994 4960 1048 5012 δέ
1072 4960 1101 5011 ὁ
1138 4958 1365 5025 Διοκλῆς
1398 4957 1505 5008 ἀπὸ
1548 4957 1938 5025 γραμματικῆς
1987 4958 2083 5025 μὲν
2115 4958 2303 5025 ἀχθεὶς

725 5040 795 5090 τὰ
822 5039 1031 5106 πρῶτα,
1060 5041 1137 5101 είς
1165 5038 1387 5104 ὕστερον
1416 5037 1472 5087 δὲ
1512 5034 1634 5095 δοὺς
1669 5036 1857 5088 ἐαυτὸν
1884 5037 1961 5097 είς
1989 5037 2305 5103 φιλοσοφού-

732 5132 887 5184 μενα,
920 5117 995 5185 τῷ
1017 5119 1193 5187 χρόνῳ
1224 5118 1321 5184 τῆς
1346 5117 1565 5185 χάριτος
1587 5115 1748 5166 αὐτὸν
1769 5115 2071 5182 ἐλκυσάσης
2104 5117 2179 5177 εἰς
2206 5116 2303 5187 τῂν

723 5196 977 5262 οὐράνιον
1028 5195 1343 5263 φιλοσοφίαν
1375 5192 1655 5245 ἐἰκοστὸν
1710 5194 1887 5244 τοίνυν
1948 5193 2131 5258 ὃγδοον
2184 5193 2301 5257 ἔτος

730 5276 876 5339 ἄγων
916 5276 1015 5342 τῆς
1047 5276 1285 5344 ἡλικίας,
1344 5271 1653 5335 ἀπετάξατο
1696 5273 1793 5340 μὲν
1835 5272 1944 5324 τῶν
1999 5273 2304 5339 ἐγκυκλίων

732 5352 1136 5420 παιδευμάτων,
1177 5351 1501 5415 συνετάξατο
1546 5350 1601 5401 δὲ
1636 5349 1745 5403 τῶν
1772 5353 1878 5413 τοῖς
1912 5352 2179 5420 οὐρανίοις
2210 5352 2305 5403 τοῦ

740 5432 976 5499 Χριστοῦ
1041 5432 1342 5503 μαθήμασι.
1406 5432 1513 5483 Καὶ
1565 5430 1724 5492 αὐτὸς
1783 5431 1918 5500 ἔχων
1986 5432 2306 5495 τριακοστὸν

737 5515 987 5580 πέμπτον
1027 5514 1143 5575 ἔτος
1175 5516 1234 5565 ἐν
1250 5515 1359 5574 τοῖς
1396 5510 1696 5579 σπηλαίοις.
1736 5505 1901 5572 Οῦτος
1935 5511 2119 5577 ἔλεγεν
2151 5515 2302 5580 ἡμῖν·

746 5593 802 5643 'U
830 5593 951 5655 νοῦς
976 5594 1218 5653 ἀποστας
1240 5593 1336 5659 τῆς
1375 5590 1469 5641 τοῦ
1502 5590 1633 5641 Θεοῦ
1668 5589 1897 5658 θεωρίας
1923 5591 2042 5642 κατ’
2078 5590 2304 5655 ἔννοιαν,

734 5670 765 5738 ἦ
796 5670 1003 5739 δαίμων
1033 5671 1261 5736 γίνεται,
1292 5669 1323 5735 ἢ
1350 5670 1541 5737 κτῆνος
1571 5684 1582 5695 ·
1607 5668 1764 5735 ήμῶν
1796 5669 1849 5719 δὲ
1885 5670 2305 5735 φιλοπευστούν-

732 5767 840 5801 των
890 5751 978 5801 τὸν
1027 5750 1225 5818 τρόπον
1271 5747 1329 5799 ὃν
1366 5744 1537 5811 εἶπεν,
1588 5748 1771 5813 ἔλεγεν
1820 5748 2117 5809 οῦτως,ὅτι
2168 5752 2307 5813 Νοῦς

737 5829 1023 5899 ἀνθρώπου
1055 5828 1186 5882 Θεοῦ
1216 5828 1447 5897 θεωρίας
1490 5829 1847 5896 ἀναχωρήσας
1878 5829 1935 5891 ἐξ
1981 5830 2223 5895 ἀνάγκης
2273 5833 2301 5881 ἢ

2386 1938 2777 2006 ἀντιπράτῑειν
2805 1931 2958 2000 αὐτῷ
2986 1930 3077 1982 τὸν
3104 1929 3445 1982 ὑπεναντίον.

2975 2008 3231 2061 ΚΕΦΑΛ.
3286 2008 3363 2059 P’.

2592 2092 2732 2163 Περὶ
2770 2089 2879 2145 τοῦ
2926 2087 3254 2150 acer-066501)
3300 2082 3713 2163 drazwp‘ntoﬁ.

2474 2161 2680 2242 Ἐγγύς.
2732 2171 2935 2224 τούτων
2972 2166 3297 2238 ἑωράκαμεν
3329 2166 3423 2217 καὶ
3448 2166 3636 2231 ἓτερον
3679 2161 3970 2242 ἀναχωρη-

2384 2254 2501 2325 τῆν,
2530 2254 2727 2323 ὁμοίως
2764 2252 2852 2303 καὶ
2884 2236 3062 2301 αὐτὸν⁷
3087 2243 3409 2297 ἐνοικοῦντα
3462 2242 3767 2312 σπηλαίοις.
3803 2236 3972 2301 Οῦτος

2379 2321 2578 2402 οἴστρῳ
2604 2328 2904 2391 κενοδοξίας
2937 2322 3341 2394 ἐμπαιζόμενος
3372 2323 3475 2374 ὐπὸ
3500 2322 3793 2391 ὀνειράτων
3832 2321 3963 2371 ἀντ-

2380 2412 2660 2473 ενέπαιζεν
2723 2410 2831 2470 τοῖς
2905 2406 3039 2476 πρὸς
3102 2403 3263 2455 αὐτὸν
3336 2400 3797 2471 παραγινομένοις
3881 2397 3972 2449 καὶ

2382 2488 2785 2558 ἀπατωμένοις.
2824 2475 3050 2554 ’Λφρων
3078 2479 3339 2550 γεγονὼς,
3371 2479 3514 2531 κατά
3555 2478 3616 2558 τὸ
3637 2475 3973 2558 γεγραμμέ-

2384 2587 2496 2635 νον,
2524 2557 2639 2629 τοῖς
2690 2565 2961 2625 ἐνυπνίοις
3006 2561 3505 2629 ἀναπτερούμενος,
3552 2557 3791 2624 ἀνέμους
3852 2571 3974 2605 ποι·-

2391 2646 2738 2720 μαίνων,καλ⁵
2776 2644 2989 2696 διώκων
3026 2641 3207 2702 σκιάς.
3254 2640 3363 2690 Καὶ
3406 2638 3503 2705 τὴν
3558 2637 3655 2703 μὲν
3714 2634 3859 2685 κατά
3917 2640 3976 2683 τὸ

2392 2712 2549 2798 σῶμα
2584 2724 2943 2795 σωφροσύνην
2974 2720 3237 2789 ἐκέκτητο
3259 2735 3273 2749 ο
3300 2718 3398 2798 καὶ
3428 2715 3527 2798 διά⁸
3548 2714 3610 2798 τὸ
3657 2713 3837 2798 γῆρας
3868 2712 3976 2761 λοι-

2391 2793 2489 2861 πὸν
2524 2808 2617 2860 καὶ
2651 2793 2739 2858 διά
2771 2806 2861 2857 τὸν
2884 2804 3097 2874 χρόνον,
3118 2802 3258 2868 τάχα
3290 2797 3347 2851 δὲ
3385 2798 3477 2848 καὶ
3509 2794 3595 2846 διὰ
3623 2793 3720 2861 τήν
3764 2793 3975 2844 κενοδο-

2400 2890 2538 2953 ξίαν,
2562 2886 2659 2955 τὴν
2681 2886 2736 2937 δέ
2764 2883 2883 2936 κατ’
2900 2873 3103 2951 ἀρετὴν
3128 2880 3299 2946 φρένα
3328 2876 3631 2955 ἀπώλεσεν,
3657 2873 3975 2939 διαφθαρεὶς

2396 2951 2500 3020 ὐπὸ
2528 2951 2631 3036 ’τῆς
2682 2962 2995 3029 ἀκαθάρτου
3058 2956 3384 3019 κενοδοξίας,
3412 2956 3508 3005 καὶ
3556 2951 3853 3016 ἐξωκείλας
3914 2951 3976 3001 δι’

2406 3050 2574 3117 αὐτῆς
2601 3044 2699 3113 τῆς
2727 3041 2989 3107 ἐνθέσμου
3014 3036 3313 3117 πολιτείας.

2980 3116 3235 3169 ΚΕΦΑΛ.
3286 3114 3410 3165 PA'.

2969 3198 3109 3262 Περὶ
3150 3195 3389 3261 Ἐφραίμ
3401 3232 3414 3244 .

2468 3282 2551 3335 Τά
2581 3278 2723 3333 κατά
2762 3276 3003 3347 Ἐφραῖμ
3046 3274 3137 3325 τὸν
3197 3274 3442 3325 διάκονον
3488 3269 3589 3337 τῆς
3630 3266 3982 3347 ,Ἐδεσσηνῶν

2411 3362 2738 3430 Ἐκκλησίας
2772 3359 2991 3419 πάντως
3030 3356 3303 3423 ἀκήκοας.
3331 3351 3556 3417 Γέγονεν
3580 3346 3688 3417 γάρ
3719 3342 3875 3408 οὗτος
3905 3349 3984 3407 εἰς

2399 3444 2459 3495 τὸ
2489 3425 2926 3510 μνημονεύεσθαι
2948 3436 3093 3501 ἀξιος
3112 3432 3265 3502 παρά
3292 3431 3398 3483 τῶν
3436 3428 3597 3482 ὁσίων
3640 3426 3842 3478 δούλων
3891 3425 3983 3477 τοῦ

2399 3507 2662 3590 Χριστοῦ.
2686 3509 2855 3577 Οὗτος
2894 3514 3113 3579 ὁάξίως
3157 3512 3253 3579 τὴν
3301 3509 3395 3561 τοῦ
3460 3507 3614 3574 ἀγίου
3669 3507 3986 3574 Πνεύματος

2406 3586 2671 3661 ἐξανύσας
2694 3595 2790 3663 τὴν
2813 3592 3084 3657 ὁδὸν,ηκαὶ
3113 3590 3233 3659 μηδ’
3264 3588 3399 3649 ὅλως
3431 3586 3723 3653 ἐκτραπεὶς
3750 3586 3851 3651 τῆς
3904 3587 3982 3634 εὐ-

2406 3678 2555 3738 θείας
2589 3674 2731 3736 οδοῦ,
2775 3669 3087 3739 κατηξιώθη
3146 3667 3485 3737 χαρίσματος
3544 3663 3797 3730 γνώσεως
3829 3680 3987 3729 φύσις

2409 3758 2529 3825 κῆς,
2555 3755 2619 3823 ἢν
2648 3753 2953 3818 διαδέχεται
2981 3748 3227 3815 θεολογία
3256 3747 3350 3798 καὶ
3385 3744 3586 3825 ἐσχάτη
3624 3744 3983 3811 μακαριότης.

2404 3837 2509 3888 Τὸν
2543 3836 2743 3901 ἥσυχον
2787 3828 2880 3883 οὖν
2917 3828 3003 3881 ἀεὶΙ
3034 3828 3343 3897 ἐξασκήσας
3390 3824 3501 3894 βίον
3533 3826 3612 3885 είς
3670 3824 3861 3890 ἀκρον,
3897 3826 3987 3875 καὶ

2402 3916 2530 3975 τοὺς
2562 3909 3079 3979 παρατυγχάνοντας
3110 3905 3177 3957 δι’
3231 3904 3396 3958 αὐτοῦ
3428 3903 3515 3956 ἀεὶ⁸
3551 3901 3853 3969 οἰκοδομῶν
3898 3903 3989 3951 ἐπὶ

2408 3994 2565 4044 ίκανά
2592 3990 2707 4058 ἐτη,
2744 3991 2821 4047 είς
2858 3985 3081 4055 ὕστερον
3110 3984 3379 4055 προῆλθεν
3395 3984 3493 4051 τῆς
3517 3980 3710 4047 κέλ).ης
3732 3979 3791 4040 ἐξ
3808 3979 3989 4037 αἰτίας

2408 4070 2641 4123 τοιᾶσδε·
2670 4067 2844 4135 Λιμοῦ
2877 4062 3277 4123 καταλαϐόντος
3316 4060 3552 4130 μεγάλου
3595 4059 3691 4126 τὴν
3739 4058 3991 4126 Ἐδέσση-

2404 4153 2510 4202 νῶν
2544 4148 2718 4206 πόλιν,
2750 4147 2844 4197 καὶ
2872 4143 3327 4212 κατοικτειρήσας
3353 4141 3531 4191 πάσαν
3574 4137 3673 4205 τῆν
3702 4138 3990 4205 ἀγροικίαν

2414 4226 2876 4295 διαφθειρομένην
2930 4224 2958 4273 6
3006 4222 3187 4281 ἔνθεος
3236 4214 3428 4280 οὗτος,
3495 4213 3801 4284 προσῆλθεν
3881 4217 3989 4274 τοῖς

2404 4294 2586 4377 ἀδροῖς
2616 4309 2672 4357 ἐν
2701 4303 2826 4372 ὕλῃ,
2862 4302 2957 4353 καὶ
3000 4300 3146 4365 λέγει
3202 4298 3406 4358 αὐτοῖς·
3434 4295 3591 4355 Τίνος
3639 4294 3831 4343 ἐνεκεν
3883 4295 3987 4344 οὐκ

2417 4370 2614 4439 ἐλεεῖτε
2644 4370 3102 4450 διαφθειρομένην
3131 4378 3229 4444 τὴν
3268 4374 3615 4442 ἀνθρωπίνην
3642 4370 3826 4438 φύσιν,
3853 4370 3987 4422 ἀλλά

2411 4468 2499 4517 τὸν
2536 4464 2765 4518 πλοῦτον
2790 4462 2942 4530 ὑμῶν
2970 4461 3035 4525 σή
3049 4473 3173 4509 πετε
3198 4457 3277 4516 είς
3308 4454 3628 4521 κατάκριμα
3650 4451 3760 4502 τῶν
3801 4451 3987 4518 ψυχῶν

2648 4544 2876 4594 Ἐκεῖνοι
2914 4538 3252 4605 σκηψάμενοι
3306 4533 3463 4601 δῆθεν
3504 4530 3724 4596 εὔλογον
3771 4532 3984 4597 σκῆψιν,

2410 4627 2621 4690 λέγουσι
2653 4621 2730 4689 τῷ
2763 4620 2920 4685 ἀγίῳ,
2975 4617 3057 4667 ὅτι
3082 4616 3196 4667 υύκ
3223 4614 3416 4682 ἔχομεν
3452 4610 3557 4661 τίνι
3608 4608 3987 4677 πιστεύσωμεν

2412 4706 2545 4773 πρὸς
2576 4702 2635 4753 τὸ
2662 4687 2977 4767 διακονῆσαι
3007 4699 3117 4753 τοῖς
3145 4694 3501 4761 λιμώττουσιν
3525 4687 3743 4756 ἄρτους.
3782 4690 3986 4750 Πάντες

2412 4766 2518 4852 γάρ
2585 4766 2957 4848 καπηλεύουσι
3008 4776 3078 4825 τά
3126 4772 3449 4852 πράγματαΣ
3508 4767 3671 4852 Afra:
3735 4766 3918 4852 αὐτοῖς
3961 4770 3987 4818 6

2410 4845 2661 4930 ἐνάρετος
2690 4845 2863 4918 οῦτος·
2897 4855 2979 4906 Τά
3022 4853 3153 4922 περὶ
3198 4849 3334 4919 ἐμοῦ
3374 4846 3489 4908 πῶς
3522 4846 3722 4930 1ἐχιίτες
3754 4845 3986 4930 cauam

2411 4922 2551 4993 δοκῶ
2582 4938 2728 5004 ἐγώ;
2769 4933 3091 5001 Ἀνθρωπόν
3118 4948 3177 4983 σε
3206 4930 3429 4995 οἴδαμεν
3457 4925 3549 4977 τοῦ
3581 4923 3737 4975 Θεοῦ·
3779 4922 3908 4991 φίλη
3935 4925 3988 4977 δὲ

2412 5021 2638 5090 ἀλήθεια
2668 5035 2679 5047 ·
2712 5015 2953 5085 μεγάλην
3004 5010 3269 5077 ὑπόληψιν
3316 5004 3460 5090 εἶχεν
3504 5005 3653 5074 παρά
3672 5004 3872 5090 *πάνσιν
3928 5005 3984 5056 οὒ

2412 5080 2645 5168 ψεύδῶς,
2691 5080 2805 5168 ἀλλ’
2856 5080 3093 5162 ἀληθῶς.
3124 5090 3297 5168 Λέγει,
3320 5087 3500 5168 αὐτοῖς
3530 5087 3580 5168 ὁ.
3606 5080 3699 5168 τοῦ
3752 5082 3985 5168 ξίριστοῦ

2411 5161 2595 5237 δοῦλος
2623 5191 2634 5202 ·
2674 5161 2955 5233 Είόῦτως
3010 5169 3185 5221 οἴεσθε
3243 5166 3315 5217 τά
3350 5163 3469 5215 κατ’
3495 5162 3615 5230 ἐμὲ,
3658 5161 3784 5228 ἐμοὶ
3832 5162 3990 5227 ἐμπι-

2416 5256 2676 5311 στεύσατε
2738 5254 2835 5322 τὴν
2891 5251 2997 5303 τῶν
3050 5247 3431 5317 λιμωττόντων
3488 5239 3827 5309 ἐπιμέλειαν.
3896 5242 3992 5292 Λέ-

2413 5357 2599 5410 γουσιν
2646 5337 2795 5406 αὐτῷ
2845 5337 2894 5388 οἱ
2928 5333 3147 5403 σοϐαροί
3181 5326 3349 5385 Ἐἴθε
3396 5324 3692 5410 καταξιοῖς.
3737 5322 3993 5410 ’ἀποκρίο

2414 5405 2775 5485 νεταιαύτοῖς
2836 5418 3073 5488 Ἐφραῖμ
3122 5419 3150 5468 6
3213 5415 3467 5471 ἐκλεκτὸς
3521 5408 3616 5461 τοῦ
3665 5405 3824 5488 Θεοῦ·
3854 5406 3991 5488 ξιδοὺ

2414 5504 2521 5557 ἀπὸ
2576 5505 2815 5571 σήμερον
2872 5485 2951 5551 δέ(
3003 5497 3145 5565 ὑμᾶς
3206 5492 3497 5563 χειροτονῶ
3563 5487 3799 5556 ἐμαυτὸν
3848 5485 3992 5547 ξενο-

2415 5585 2566 5651 δόχον
2616 5585 2724 5633 τῶν
2775 5579 3081 5649 δεομένων·
3134 5577 3223 5626 καὶ
3266 5572 3445 5625 λαϐὼν
3482 5567 3610 5636 παρ’
3666 5566 3847 5618 αὐτῶν
3903 5566 3995 5632 ἀρ·

2416 5644 2603 5729 γύρια,
2655 5661 2749 5710 καὶ
2806 5644 3091 5723 διαφρίξας
3140 5654 3265 5713 τοὺς
3316 5650 3597 5719 ἐμϐόλους.
3643 5647 3737 5696 καὶ
3794 5644 3994 5710 στήσας

2418 5741 2603 5801 κλίνας
2655 5742 2729 5802 ὡς
2790 5737 3127 5808 τριακοσίας,
3183 5732 3496 5798 ἐνοσοκόμει
3552 5723 3992 5791 ἀσθενεστέρους,

2419 5825 2647 5891 ἐπήρκει
2700 5822 2752 5872 δὲ
2810 5821 2916 5881 τοῖς
2972 5814 3320 5884 λιμώττουσι.
3397 5809 3503 5861 Καὶ
3555 5807 3677 5867 τοῦς
3762 5803 3858 5871 μὲν
3911 5802 3996 5851 ἐκν-
