4258 6360
316 370 454 434 1905

304 493 654 555 (missionibus,

303 594 351 635 el
385 583 517 637 dixit
551 601 562 635 :
598 584 763 635 Datus
793 594 874 636 est
905 583 1033 636 mihi
1062 582 1309 637 stimulus
1347 582 1544 646 carnis,
1568 590 1626 634 ut
1653 597 1737 635 me
1768 595 1862 634 co-

305 674 372 737 lat
392 674 554 736 bizet,
590 688 656 726 ne
688 674 819 726 forte
849 673 1073 724 extollar
1099 670 1185 740 (ll
1211 671 1331 725 Cor.
1353 670 1428 739 xt)
1452 686 1467 735 ;
1494 686 1558 724 ne
1584 670 1718 723 forte
1740 684 1859 722 eum

304 763 575 816 miraculis
595 764 743 832 quies
770 773 824 817 et
850 779 1025 817 rerum
1050 777 1328 817 successus
1357 772 1408 816 et
1430 765 1602 815 honor
1628 763 1675 815 ei
1707 777 1860 816 acce-

299 856 451 918 dens,
502 867 621 906 eum
672 855 724 906 in
772 853 1124 921 arrogantiam
1166 854 1403 918 injiceret
1441 852 1751 905 diabolicam
1780 866 1861 903 su-

301 940 480 1007 perbia
508 942 723 997 elatum.
769 942 1006 996 ltelictus
1046 956 1253 1010 quoque
1284 950 1366 994 est
1392 941 1711 1009 paralyticos
1739 956 1861 1008 pro-

301 1040 419 1096 pter
472 1042 763 1097 peccatum.
804 1032 899 1086 Cui
968 1035 1103 1087 dixit
1146 1035 1395 1087 Dominus
1451 1048 1465 1086 :
1512 1030 1651 1087 Ecce
1698 1046 1860 1085 sanus

301 1119 470 1172 factus
516 1137 596 1181 es,
626 1123 733 1175 noli
756 1122 983 1191 amplius
1013 1140 1231 1189 peccare
1267 1121 1442 1190 (Joan.
1471 1122 1543 1191 v).
1571 1122 1859 1175 Derelictus

297 1228 505 1282 quoque
535 1223 614 1265 est
634 1214 816 1276 Judas,
848 1216 935 1283 qui
976 1215 1140 1283 pluris
1169 1216 1364 1269 fecerat
1404 1216 1679 1282 pecuniam
1702 1228 1857 1282 quam

296 1306 513 1358 verbum
538 1308 696 1370 vitae;
731 1309 975 1372 quocirca
1011 1308 1101 1360 fuit
1134 1308 1292 1361 etiam
1316 1308 1605 1361 suffocatus
1632 1306 1769 1376 (Act.
1794 1308 1854 1373 ι).

297 1390 587 1446 Derelictus
617 1410 827 1463 quoque
869 1405 952 1449 est
992 1396 1128 1449 Esau
1152 1437 1167 1459 ,
1213 1407 1266 1449 et
1298 1396 1485 1450 incidit
1517 1398 1568 1449 in
1593 1397 1855 1464 intempe-

299 1487 546 1546 rantiam,
580 1495 634 1537 ut
678 1486 763 1553 qui
809 1496 1014 1540 stercus
1088 1486 1462 1539 intestinorum
1514 1485 1860 1553 praeposuerit

298 1572 651 1625 benedictioni
676 1584 908 1641 paterna:
941 1572 1092 1641 (Gen.
1119 1573 1320 1643 xxvu);
1355 1577 1489 1627 adeo
1514 1582 1571 1626 ut
1596 1588 1716 1625 cum
1746 1573 1861 1627 hate

296 1664 471 1715 omnia
500 1663 757 1716 sensisset
784 1667 970 1717 beatus
999 1668 1268 1732 apostolus
1302 1665 1495 1717 Paulus
1520 1705 1534 1729 ,
1564 1664 1761 1717 dixerit
1793 1664 1859 1717 de

296 1750 606 1818 aliquibus:
644 1754 901 1818 Quoniam
948 1757 1089 1806 enim
1142 1770 1245 1805 non
1293 1754 1649 1821 probaverunt
1693 1754 1857 1807 Deum

1578 380 1891 437 HISTORIA
1932 379 2284 436 LAUSIACA.

733 502 788 547 et
859 492 1084 547 diversis
1154 491 1385 560 jaetatus
1454 490 1853 554 afﬂictionibus.
1884 492 1935 547 A
1963 503 2079 543 cum
2103 507 2160 544 se
2183 504 2360 557 postea
2382 493 2616 548 dedisset
2646 496 3019 565 philosophiae,
3042 500 3254 555 tandem
3280 500 3521 556 trahente

3386 400 3519 459 I206

1963 589 2089 633 eum‘
2114 582 2277 649 gratia
2300 582 2363 634 ad
2394 584 2659 637 caelestem
2691 586 3099 655 philosophiam,
3127 594 3299 643 aetatis
3319 605 3514 646 annum

1961 683 2124 736 agens
2155 670 2460 736 vigesimum
2492 680 2757 737 octavum,
2776 675 3094 728 renuntiavit
3114 677 3326 742 quidem
3354 676 3513 731 disci.-

1962 760 2118 826 plinis
2144 761 2466 825 liberalibus,
2502 777 2559 816 se
2588 764 2801 818 Christo
2837 780 2961 818 vero
2991 767 3303 832 conjunxit;
3338 782 3385 823 et
3416 774 3524 839 jam

1961 852 2286 919 trigesimum
2335 854 2569 920 quintum
2617 870 2807 907 annum
2840 860 2946 923 agit
2976 857 3025 908 in
3059 857 3325 923 spelunca.
3367 860 3411 911 Is
3440 860 3512 913 di-

1960 942 2115 995 cebat
2158 943 2307 995 nobis
2356 944 2497 1009 quod
2544 958 2692 995 mens
2740 960 2858 1011 quae
2905 946 3221 1014 cogitatione
3251 944 3464 1000 recessit
3495 962 3523 995 ιι

1962 1032 2055 1086 Dei
2079 1032 2563 1100 contemplatione,
2600 1032 2655 1085 tit
2686 1033 2767 1086 vel
2797 1035 3034 1098 daemon,
3068 1038 3151 1090 vel
3186 1038 3372 1089 bestia.
3418 1039 3520 1090 No.

1962 1121 2042 1175 bis
2068 1131 2241 1175 autem
2283 1123 2584 1190 rogantibus
2633 1139 2646 1175 :
2692 1122 2930 1188 Quonam
2977 1126 3177 1178 modo?
3224 1127 3301 1179 sic
3348 1125 3517 1178 dixit:

1961 1213 2109 1266 Meus
2137 1228 2253 1277 qua:
2284 1214 2501 1266 recessit
2530 1229 2556 1265 a
2590 1214 2677 1267 Dei
2710 1217 3155 1282 contemplatione
3175 1257 3189 1279 ,
3222 1218 3519 1270 necessario

1962 1302 2113 1369 (I46)
2140 1304 2320 1356 incidit
2361 1306 2440 1355 vel
2475 1305 2522 1356 in
2553 1305 2845 1358 dattnonent
2891 1307 3224 1373 cupiditatis.
3251 1309 3336 1375 qui
3369 1311 3416 1358 in
3447 1310 3521 1360 la-

1960 1392 2174 1444 sciviam
2202 1394 2445 1457 impellit,
2475 1394 2552 1446 vel
2584 1395 2635 1446 in
2658 1396 2900 1459 spiritum
2928 1396 3014 1447 inv
3046 1398 3349 1464 malignum.
3382 1399 3522 1452 unde

1961 1483 2293 1537 irrationales
2318 1486 2583 1551 appetitus
2609 1485 2914 1551 gignuntur.
2952 1486 3015 1539 Et
3038 1487 3284 1539 lascivam
3308 1490 3519 1555 quidem

1961 1573 2299 1638 cupiditatem
2330 1588 2449 1626 esse
2480 1572 2689 1628 dicebat
2729 1574 3012 1628 belluinam
3035 1616 3051 1643 ,
3082 1577 3214 1628 iram
3257 1592 3379 1629 vero
3408 1578 3521 1629 dze-

1960 1662 2251 1715 moniacam
2292 1663 2725 1717 commotionem.
2763 1662 2892 1716 Cum
2923 1678 3021 1730 ego
3049 1671 3225 1716 autem
3256 1666 3521 1717 contradi-

1963 1766 2134 1805 cerem
2165 1770 2176 1804 :
2208 1752 2484 1819 Quomodo
2516 1752 2627 1804 fieri
2660 1760 2833 1819 potest
2881 1761 2939 1804 ut
2984 1767 3132 1805 mens
3182 1752 3402 1806 humana
3454 1756 3524 1805 sit

298 1840 495 1893 habere
528 1841 579 1893 in
612 1841 938 1907 cognitione,
976 1842 1189 1896 traddit
1224 1857 1317 1895 eos
1350 1844 1399 1894 itt
1426 1844 1709 1909 reprobum
1734 1842 1855 1896 seu;
1884 1839 1930 1898 Β
1958 1856 2075 1893 cum
2108 1841 2217 1894 Deo
2244 1841 2359 1894 sine
2391 1841 2818 1894 intermissione?
2852 1842 2961 1906 ipse
3004 1840 3213 1894 dicebat
3240 1857 3254 1894 :
3285 1843 3434 1905 Quod
3467 1841 3517 1895 in

298 1944 436 1993 sum,
470 1938 525 1982 ut
548 1931 739 1983 faciant
760 1949 877 2000 qua:
900 1947 1005 1985 non
1027 1932 1534 2003 conveniuntUtom.
1562 1932 1624 2000 t).
1652 1934 1723 1986 De
1744 1933 1857 1985 aliis

296 2028 473 2071 autem
504 2022 592 2088 qui
626 2021 939 2075 videbantur
974 2023 1168 2075 habere
1214 2022 1305 2077 Dei
1334 2023 1689 2091 cognitionem
1736 2037 1857 2076 eum

296 2122 474 2166 tuente
530 2124 775 2182 corrupta
827 2124 881 2169 et
930 2115 1071 2168 inani
1129 2126 1359 2178 tumore,
1402 2114 1855 2180 dicitzQuoniam

294 2199 437 2252 enim
467 2215 584 2253 cum
613 2202 777 2255 Deum
809 2204 1215 2272 cognovissent,
1250 2218 1351 2255 non
1383 2211 1438 2255 ut
1467 2203 1627 2256 Deum
1654 2202 1857 2272 glorifi-

292 2297 567 2352 caverunt,
601 2301 692 2343 aut
718 2294 917 2360 gratias
942 2300 1184 2360 egerunt,
1214 2292 1427 2345 tradidit
1471 2306 1565 2347 eos
1618 2292 1754 2344 Deus
1802 2291 1853 2346 in

296 2381 573 2445 passiones
613 2383 946 2451 ignominiaa;
990 2384 1124 2437 adeo
1156 2392 1212 2436 ut
1257 2397 1353 2437 nos
1389 2398 1452 2436 ex
1479 2401 1543 2437 eo
1572 2398 1859 2452 cognosca-

294 2485 411 2523 mus
443 2470 555 2523 tieri
584 2487 685 2523 non
724 2487 880 2540 posse
911 2482 965 2524 ut
991 2473 1143 2526 cadat
1170 2474 1364 2541 aliquis
1407 2473 1461 2527 in
1503 2474 1858 2541 intemperan-

293 2558 443 2621 tiam,
469 2562 558 2628 qui
591 2574 694 2614 non
724 2562 885 2615 tuerit
935 2562 1217 2616 derelictus
1262 2578 1290 2615 a
1342 2563 1432 2616 Dei
1481 2565 1804 2631 providentia
1839 2604 1855 2630 ,

294 2665 509 2722 propter
543 2656 912 2724 negligentiam
941 2665 994 2710 et
1021 2654 1317 2711 socordiam
1340 2671 1522 2709 eorum
1569 2657 1656 2723 qui
1708 2657 1860 2711 dere-

294 2746 598 2815 linquuntur
618 2758 670 2801 et
691 2740 1012 2803 deseruntur
1036 2750 1101 2803 ad
1132 2748 1232 2801 hoc
1254 2757 1310 2801 ut
1338 2748 1450 2803 hinc
1489 2750 1565 2803 eis
1589 2750 1857 2803 eveniant.

855 2840 1077 2895 CAPUT
1116 2839 1298 2894 XCVI.

722 2930 841 2984 Vita
883 2931 1077 2983 abbatis
1126 2931 1417 2982 Solomonis

368 3016 422 3074 In
452 3022 665 3075 Antinoi
691 3022 905 3077 civitate
950 3026 1178 3091 regionis
1209 3023 1490 3078 Thebaidis
1519 3024 1861 3092 quadraginta

297 3133 465 3170 annos
492 3127 755 3185 versatus,
774 3134 839 3172 eo
863 3130 1099 3187 tempore
1124 3120 1301 3186 accepi
1324 3121 1481 3172 etiam
1509 3122 1860 3186 cognitionem

1961 1946 2275 1999 quacunque
2303 1932 2621 1998 cogitatione
2650 1934 2729 1984 vel
2762 1946 2819 1985 re
2851 1931 2931 1998 pia
2955 1940 3009 1985 et
3032 1931 3206 1985 divina
3234 1932 3389 1985 fuerit
3410 1932 3519 1985 auio

1960 2036 2067 2083 ina,
2097 2035 2158 2073 ea
2187 2030 2269 2074 est
2294 2035 2411 2073 cum
2444 2020 2573 2072 Deo.

2524 2108 2743 2163 CAPUT
2776 2108 2958 2163 XCIX.

2413 2200 2532 2253 Vita
2562 2202 2759 2253 abbatis
2799 2201 3075 2269 Capitonis.

2031 2290 2202 2357 Prope
2226 2303 2345 2342 eum
2376 2290 2622 2343 manebat
2659 2290 2865 2356 quidam
2902 2290 3086 2357 Capito
3117 2288 3203 2356 qui
3244 2289 3416 2343 fuerat
3443 2288 3523 2343 la-

1962 2396 2063 2447 tro,
2093 2384 2179 2450 qui
2208 2397 2327 2436 cum
2356 2381 2734 2450 quinquaginta
2762 2396 2930 2434 annos
2981 2382 3249 2447 implesset
3298 2377 3348 2428 in
3405 2393 3522 2449 Spe-

1961 2476 2150 2539 lunris,
2180 2484 2404 2542 quatuor
2430 2473 2663 2525 millibus
2693 2473 2847 2539 longe
2874 2472 2940 2524 ah
2971 2474 3097 2523 urbe
3137 2472 3367 2532 Antinoi,
3414 2488 3517 2525 non

1960 2566 2083 2618 abiit
2109 2581 2137 2616 a
2175 2564 2424 2629 spelunca
2455 2578 2618 2630 usque
2645 2563 2705 2614 ad
2742 2563 2956 2615 fluvium
3012 2564 3181 2614 Nilum
3209 2602 3219 2622 ,
3253 2562 3430 2615 (IICt‘llS
3459 2578 3517 2615 se

1963 2672 2064 2710 non
2095 2671 2247 2723 posse
2278 2658 2452 2709 turbas
2484 2657 2773 2710 convenire
2796 2698 2810 2722 ,
2840 2670 2903 2710 eo
2934 2656 3071 2724 quod
3101 2657 3396 2709 communis
3422 2653 3515 2707 ad-

1966 2750 2229 2804 versarius
2253 2748 2302 2801 ei
2324 2748 2495 2801 adhuc
2519 2748 2810 2801 resisteret.

2582 2836 2809 2895 CAPUT
2847 2838 2907 2893 C.

2255 2928 2371 2983 Vita
2411 2929 2730 2981 anachoreta
2778 2929 2862 2995 qui
2908 2926 3229 2978 illudebatur.

2035 3018 2165 3072 Cum
2196 3018 2276 3071 his
2316 3017 2540 3070 vidimus
2569 3016 2725 3069 etiam
2757 3016 2977 3069 alterum
3006 3014 3395 3073 anachoretam.
3429 3018 3519 3082 qui

1968 3110 2081 3176 ipse
2106 3121 2313 3177 quoque
2342 3115 2457 3159 erat
2482 3106 2727 3158 similiter
2750 3106 2800 3157 in
2828 3110 3099 3171 spelunca.
3133 3103 3178 3156 ls
3228 3105 3278 3156 in
3324 3105 3524 3156 somnis

299 3210 531 3260 omnium
561 3223 677 3276 quae
723 3218 845 3261 sum
888 3208 996 3261 illic
1042 3219 1503 3263 monasteriorum,
1550 3208 1679 3262 Nam
1726 3209 1864 3263 circa
1893 3192 1940 3252 (ἶ
1973 3199 2155 3251 illusus
2183 3206 2349 3250 (nstro
2377 3210 2525 3248 vanae
2541 3195 2743 3261 gloriae,
2776 3195 3001 3247 vicissim
3034 3192 3285 3245 illudebat
3312 3205 3404 3245 eos
3433 3192 3525 3259 qui

299 3296 562 3349 civitatem
593 3297 779 3349 sedent
810 3296 908 3348 viri
941 3298 1150 3350 circiter
1181 3298 1259 3350 bis
1288 3299 1430 3352 mille
1450 3339 1465 3363 ,
1501 3299 1740 3352 manibus
1788 3300 1865 3352 vi-

300 3396 504 3450 ventes,
533 3396 585 3439 et
609 3402 667 3441 se
698 3402 904 3440 suntme
952 3397 1281 3441 exercentes.
1315 3389 1369 3441 ltt
1416 3390 1497 3442 bis
1544 3397 1661 3442 sunt
1706 3389 1865 3441 etiam

298 3481 637 3530 anachoreta
685 3479 771 3545 qui
803 3478 1009 3533 seiusos
1032 3478 1359 3532 incluserunt
1398 3480 1450 3530 in
1481 3479 1749 3545 speluncis
1782 3494 1869 3529 ru-

299 3568 440 3631 pium
468 3584 479 3616 :
515 3566 651 3619 inter
678 3580 811 3634 quos
840 3574 921 3619 est
950 3566 1200 3619 Solomon
1228 3566 1306 3619 vir
1331 3566 1786 3619 mansuetissimus
1814 3574 1868 3618 et

300 3657 839 3721 temperantissimos,
872 3665 926 3709 et
950 3655 1040 3723 qui
1065 3656 1261 3709 donum
1294 3656 1451 3709 habet
1481 3657 1791 3709 tolerantiae.
1821 3656 1869 3710 ls

300 3745 675 3812 quinquaginta
739 3760 909 3799 annos
961 3744 1106 3814 degit
1140 3746 1191 3799 in
1232 3747 1511 3814 spelunca,
1540 3746 1637 3799 sibi
1674 3748 1867 3799 victum

301 3839 647 3906 suppeditans
676 3854 842 3908 opere
874 3853 1148 3906 manuum,
1176 3849 1230 3894 et
1259 3839 1442 3894 didicit
1470 3848 1633 3893 totam
1664 3852 1869 3893 sacram

303 3930 656 4000 Scripturam.

864 3997 1087 4053 CAPUT
1126 3998 1331 4053 XCVII.

770 4088 884 4145 Vita
914 4093 1106 4145 abbatis
1147 4091 1411 4149 Dorothei.

375 4182 495 4240 Fuit
514 4184 673 4239 etiam
698 4185 911 4254 quidam
936 4184 1234 4238 Dorotheus
1257 4185 1533 4253 presbyter
1549 4187 1599 4237 in
1622 4185 1723 4238 alia
1754 4200 1873 4253 spe-

306 4274 461 4328 lunca
495 4276 772 4337 habitans,
805 4274 894 4342 qui
934 4275 985 4327 in
1028 4288 1233 4326 summa
1265 4275 1496 4329 bonitate
1527 4277 1636 4343 ipse
1666 4291 1874 4343 quoque

305 4368 465 4424 vitam
482 4370 607 4423 vixit
628 4370 970 4437 inculpatam,
996 4370 1291 4437 dignusque
1313 4376 1395 4422 est
1422 4370 1629 4421 habitus
1655 4369 1874 4435 presby-

306 4471 501 4527 teratu,
531 4473 584 4516 et
616 4462 879 4516 minisuat
906 4461 1153 4515 fratribus
1184 4461 1271 4530 qui
1314 4471 1437 4515 sunt
1479 4461 1531 4513 in
1579 4461 1865 4527 speluncis.

308 4552 442 4606 Huic
490 4552 772 4621 aliquando
819 4552 1101 4605 Melanium
1145 4552 1353 4619 iunior,
1386 4565 1588 4619 magna:
1635 4536 1952 4603 MelanizeD

310 4645 504 4713 neptis,
534 4645 601 4698 de
628 4660 727 4712 qua
756 4645 926 4697 dicam
971 4655 1183 4711 postea,
1212 4644 1354 4697 misit
1390 4645 1702 4712 quingentos
1744 4641 1873 4695 soli-

313 4740 432 4799 dos,
462 4750 655 4801 rogans
687 4751 805 4788 eum
850 4745 905 4787 ut
947 4736 1269 4787 ministraret
1298 4734 1567 4786 fratribus.
1602 4732 1649 4783 ls
1696 4740 1871 4784 autem

312 4842 432 4879 cum
465 4834 575 4877 tres
600 4826 742 4876 solos
762 4824 1076 4891 accepisset,
1110 4825 1250 4876 misit
1280 4822 1513 4889 reliquos
1542 4822 1608 4873 ad
1641 4820 1873 4873 Dioclem

313 4918 726 4979 anachoretam,
757 4916 925 4967 virum
971 4930 1175 4967 summa
1224 4914 1523 4980 cognitione
1571 4913 1875 4979 prazditum,

304 5006 537 5061 dicens:
577 5005 670 5057 Est
697 5020 782 5056 tne
821 5004 1111 5071 sapientior
1159 5004 1318 5055 frater
1351 5003 1578 5065 Diocles,
1610 5011 1660 5054 et
1708 5010 1879 5069 potest

314 5109 407 5149 eos
437 5095 639 5163 integre
666 5104 719 5147 et
746 5094 1054 5146 innocenter
1082 5093 1420 5159 dispensare,
1453 5102 1509 5144 ut
1538 5094 1623 5159 qui
1655 5108 1735 5143 me
1764 5108 1873 5145 ute-

317 5184 419 5236 lius
448 5183 581 5236 sciat
610 5196 701 5235 eos
730 5183 920 5249 quibus
958 5184 1027 5233 sit
1056 5181 1243 5233 merito
1279 5179 1550 5233 ferendum
1584 5180 1832 5232 auxilium

318 5287 443 5326 nam
476 5271 531 5326 lti
558 5273 685 5327 mihi
714 5272 1003 5326 Sufﬁciunt.

865 5379 1089 5435 CAPUT
1115 5381 1335 5436 XCVIII.

824 5494 934 5548 Vita
959 5495 1150 5547 abbatis
1180 5495 1389 5547 Dioclis.

397 5589 497 5647 llic
518 5587 728 5643 Diocles
745 5586 793 5639 in
817 5586 1155 5655 grammatica
1178 5584 1385 5653 quidem
1405 5584 1627 5654 primum
1642 5583 1877 5643 edoctus.

394 5712 407 5741 '
450 5715 565 5775 Vita
594 5720 708 5789 eius
734 5727 904 5774 exstat
934 5733 1089 5787 supra
1123 5719 1214 5773 lib.
1250 5734 1287 5772 ι.

1969 3291 2391 3359 decipiebautur,
2422 3298 2605 3341 ventos
2634 3300 2855 3355 pascens
2879 3285 3050 3354 (M7),
3078 3294 3132 3337 et
3161 3283 3373 3335 umbras
3404 3296 3528 3349 per-

1969 3397 2191 3451 sequens
2219 3379 2405 3450 (Eccli.
2440 3378 2643 3445 xxxtv).
2675 3378 2737 3430 Et
2762 3376 2987 3430 habebat
3013 3375 3225 3443 quidem
3256 3375 3306 3425 in
3330 3388 3519 3439 corpo-

1972 3489 2030 3527 re
2058 3472 2485 3540 temperantiam,
2517 3480 2570 3523 et
2600 3478 2813 3537 pr0pter
2840 3476 3167 3521 senectutem
3190 3504 3203 3525 ,
3232 3474 3285 3518 et
3316 3474 3529 3531 propter

1970 3578 2179 3631 tempus
2202 3603 2216 3622 .
2241 3572 2294 3616 et
2320 3561 2459 3615 forte
2490 3561 2647 3613 etiam
2680 3567 2892 3624 prOpter
2929 3570 3117 3608 vanam
3146 3555 3365 3621 gini-iam
3397 3568 3409 3604 :
3446 3567 3533 3605 va-

1971 3671 2052 3710 na:
2081 3666 2255 3708 autem
2285 3652 2468 3720 gloria:
2515 3649 2923 3716 intemperantia
2952 3652 3232 3711 corruptus
3281 3650 3393 3695 erat
3421 3641 3535 3709 ejus

1972 3747 2201 3809 animus,
2228 3751 2281 3796 et
2308 3756 2337 3795 a
2360 3740 2605 3808 religiosa
2626 3736 3032 3791 conversatione
3053 3733 3224 3787 fuerat
3248 3733 3528 3785 alienatus.

2567 3850 2792 3904 CAPUT
2844 3849 2925 3903 (ll.

2256 3946 2375 4000 Vita
2403 3944 2565 3996 sancti
2596 3940 2833 4009 Ephram
2861 3937 3013 4007 (N8)
3035 3935 3253 3989 diaconi.

2044 4036 2253 4092 Audisti
2274 4035 2493 4089 omnino
2513 4034 2579 4085 de
2606 4032 2851 4098 Ephrem
2873 4028 3097 4082 diacono
3119 4024 3356 4079 ecclesiae
3376 4023 3537 4077 Edes-

1969 4145 2224 4186 senorum
2258 4130 2299 4184 ¹.
2336 4128 2457 4181 Fuit
2485 4125 2628 4180 enim
2659 4139 2796 4177 unus
2823 4138 2885 4175 ex
2912 4121 2977 4174 iis
3004 4120 3091 4188 qui
3138 4120 3278 4183 digni
3316 4127 3439 4170 sunt
3466 4118 3537 4171 de

1974 4222 2167 4289 quibus
2196 4220 2286 4271 liat
2315 4217 2511 4269 mentio
2558 4229 2589 4267 a
2635 4213 2832 4267 sanctis
2877 4210 3067 4264 Christi
3110 4210 3299 4261 servis.
3344 4206 3391 4260 Is
3416 4221 3535 4261 cum

1974 4313 2189 4379 spiritus
2217 4310 2351 4361 viain
2379 4307 2537 4371 digne
2560 4302 2871 4371 peregisset,
2900 4308 2953 4353 et
2980 4315 3007 4351 a
3051 4310 3193 4351 recta
3226 4312 3327 4350 non
3376 4296 3539 4349 decli-

1976 4410 2174 4467 nasset,
2206 4400 2393 4467 dignus
2422 4404 2503 4449 est
2530 4395 2739 4447 habitus
2777 4392 2946 4459 gratia
2978 4390 3229 4443 naturalis
3276 4388 3537 4455 cognitio-

1977 4492 2079 4556 nis,
2108 4505 2263 4558 quant
2291 4486 2637 4554 consequitur
2668 4481 2927 4551 theologia
2950 4520 2966 4545 ,
2997 4489 3048 4533 et
3082 4488 3347 4545 postremo
3410 4476 3539 4532 bca-

1975 4585 2167 4639 titudo.
2268 4578 2402 4634 Cum
2460 4586 2589 4644 ergo
2630 4574 2791 4627 vitam
2839 4570 3163 4626 exercuisset
3203 4570 3456 4636 quietam,
3490 4577 3544 4621 et

1980 4670 2158 4725 multis
2179 4667 2289 4735 jam
2318 4666 2471 4719 anuis
2500 4665 2788 4719 aediﬁcaret
2814 4674 2908 4714 eos
2950 4660 3038 4727 qui
3070 4659 3416 4719 ventitabztnt,
3453 4672 3546 4723 po-

1980 4771 2092 4815 stea
2122 4774 2153 4814 e
2181 4758 2315 4812 cella
2344 4769 2654 4824 progressus
2679 4762 2759 4805 est
2790 4750 2887 4804 hac
2910 4750 2975 4803 de
2997 4762 3173 4801 causa.
3202 4746 3334 4800 Cum
3360 4761 3545 4811 magna

1980 4849 2149 4903 fames
2200 4847 2485 4900 invasisset
2530 4845 2801 4897 civitatem
2850 4839 3263 4897 Edessenorum,
3294 4836 3541 4887 misertus

1979 4939 2213 4993 omnium
2240 4937 2326 5001 qui
2356 4934 2597 5001 peribant
2622 4930 2932 5000 agrestium,
2964 4927 3223 4995 processit
3243 4925 3307 4976 ad
3336 4940 3429 4979 eos
3457 4925 3546 4991 qui

1988 5038 2139 5083 erant
2165 5029 2354 5079 divites
2383 5027 2433 5077 in
2464 5024 2693 5082 civitate,
2725 5026 2779 5071 et
2802 5017 2930 5070 dicit
2957 5016 3033 5069 eis
3065 5030 3078 5066 :
3111 5015 3213 5067 Cur
3241 5030 3345 5065 non
3387 5013 3550 5065 mise-

1989 5118 2172 5174 retuini
2202 5118 2447 5167 humana:
2478 5120 2680 5165 naturtc
2704 5123 2821 5176 qua:
2845 5106 3043 5167 interit,
3068 5103 3161 5156 sed
3191 5117 3318 5169 opes
3344 5111 3552 5155 vestras

1988 5212 2159 5267 sinitis
2228 5218 2534 5275 putrescere
2594 5202 2661 5257 ad
2710 5198 3204 5255 condemnationem
3253 5196 3551 5248 animarum

1988 5301 2319 5356 vestrarum?
2364 5300 2433 5351 Se
2474 5303 2646 5348 autem
2697 5295 2917 5345 honeste
2944 5296 3292 5349 excusantes,
3326 5288 3507 5339 dicunt
3543 5300 3555 5331 :

1990 5393 2101 5447 Non
2131 5391 2386 5443 habemus
2413 5385 2495 5438 cui
2526 5384 2806 5436 credamus
2837 5379 2900 5433 ad
2932 5379 3032 5432 hoc
3057 5388 3110 5431 ut
3140 5391 3324 5443 panem
3355 5376 3558 5427 submi-

1993 5489 2179 5539 nistret
2214 5477 2565 5535 esurientibus
2601 5492 2611 5524 :
2652 5486 2839 5525 omnes
2883 5470 3019 5523 enim
3068 5482 3151 5521 res
3190 5478 3555 5535 cauponantes

1991 5572 2164 5642 (H9).
2196 5571 2244 5624 Is
2279 5584 2402 5621 vero
2433 5566 2560 5618 dicit
2588 5563 2667 5616 eis
2701 5580 2713 5612 :
2748 5561 2879 5626 Quid
2902 5575 3000 5627 ego
3029 5558 3176 5611 vobis
3197 5556 3415 5611 videor?
3440 5563 3556 5609 erat

1992 5675 2165 5719 autem
2198 5660 2333 5726 apud
2359 5669 2544 5708 omnes
2575 5654 2625 5703 in
2657 5664 2843 5713 magna
2873 5646 3285 5712 existimatione,
3321 5660 3425 5699 non
3459 5644 3557 5698 ial-

1997 5772 2079 5811 su.
2108 5751 2201 5807 sed
2233 5760 2437 5803 revera.
2470 5745 2528 5797 Ei
2560 5743 2732 5809 itaque
2762 5741 2939 5793 dicunt
2976 5758 2987 5791 :
3022 5738 3274 5791 Novimus
3297 5748 3351 5790 te
3382 5734 3552 5789 humi.
