4258 6360
761 402 900 455 1207

2230 400 2545 455 PALLADII

3866 398 4004 455 1208

765 539 887 578 nem
923 523 1032 574 Det.
1068 520 1125 575 Si
1152 535 1270 574 eam
1303 519 1369 572 de
1396 532 1481 572 me
1528 518 1829 585 opinionem
1880 515 2222 583 concepistis,
2254 516 2326 568 ait
2360 526 2399 576 Α
2436 512 2490 564 in
2523 524 2677 565 suum
2709 510 3041 579 martyrium,
3076 512 3212 580 quod
3246 515 3358 580 ipse
3387 510 3770 574 :editlcarat.in
3805 527 3909 582 quo
3935 514 4004 567 si-

761 613 957 667 tLirristi
1001 625 1216 673 servus,
1251 609 1377 663 mihi
1425 609 1492 662 de
1539 616 1737 660 cmtero
1785 607 2008 660 credite.
2055 606 2207 668 Ecce,
2240 620 2324 657 me

764 710 979 777 propter
1008 714 1103 753 vos
1129 700 1267 768 eligo
1295 697 1557 763 hospitum
1587 704 1945 762 exceptorem.
1971 694 2204 761 Cumque
2233 708 2324 760 pe-

762 796 970 848 cuniam
1001 792 1292 856 accepisset
1319 829 1332 849 ,
1360 797 1410 839 et
1442 787 1615 839 iulixis
1646 785 1796 837 vallis
1839 795 2044 850 septum
2076 791 2322 836 constru-

766 887 946 948 xisset,
978 892 1032 937 et
1060 882 1220 935 lectos
1248 879 1311 932 ad
1364 887 1628 931 trecentos
1657 877 1946 937 statuisset,
1981 874 2198 927 curabat
2230 886 2322 926 eos

756 980 844 1043 qui
874 975 1191 1029 infirmiores
1216 978 1389 1031 erant,
1420 969 1789 1035 suppeditabat
1813 969 1874 1020 iis
1900 968 1985 1034 qui
2032 966 2167 1018 fame
2198 980 2322 1019 con-

762 1066 1114 1120 ticiebantur:
1149 1076 1241 1114 eos
1284 1060 1497 1127 quidem
1530 1059 1614 1125 qui
1665 1058 1977 1110 deficiebant
2024 1057 2319 1122 sepelieris;

758 1170 941 1210 eorum
973 1168 1098 1205 vero
1124 1167 1157 1219 q
1183 1151 1211 1202 ri
1243 1166 1389 1218 spem
1420 1150 1535 1199 vita:
1582 1146 1844 1199 habebant
1871 1160 2048 1199 curam
2094 1159 2314 1212 gerens;

756 1256 808 1296 et
836 1254 890 1296 ut
914 1243 1077 1295 semel
1107 1241 1301 1305 dicam,
1337 1237 1617 1305 hospitium
1645 1245 1699 1289 et
1728 1234 2073 1288 ministerium
2104 1245 2319 1302 propter

752 1330 945 1386 famem
970 1332 1204 1400 quotidie
1226 1329 1481 1381 exhibens
1506 1343 1566 1379 ex
1593 1327 1655 1379 iis
1686 1341 1802 1391 Quae
1826 1323 2316 1389 suppeditabantur.

760 1421 979 1489 lmpleto
1026 1435 1152 1483 ergo
1203 1433 1372 1482 anno,
1414 1431 1533 1468 cum
1581 1415 1925 1467 successisset
1970 1412 2232 1474 fertilitas,
2266 1422 2320 1465 et

749 1516 929 1566 omnia
960 1521 1102 1564 recte
1130 1507 1475 1561 succederent
1500 1547 1512 1569 ,
1536 1518 1655 1557 cum
1680 1503 1806 1555 nihil
1836 1504 2052 1555 haberet
2093 1496 2319 1566 amplius

753 1601 892 1665 quin]
920 1606 1121 1666 ageret,
1153 1597 1421 1664 ingressus
1456 1602 1538 1647 est
1564 1595 1612 1643 iu
1643 1608 1792 1644 suam
1838 1590 2022 1645 cellam
2054 1608 2066 1654 ;
2107 1600 2158 1644 et
2201 1599 2317 1657 post

752 1703 989 1742 mensem
1019 1695 1100 1739 est
1130 1695 1387 1750 mortuus,
1415 1698 1534 1735 cum
1571 1683 1707 1734 Deus
1738 1682 1785 1735 ei
1819 1680 1952 1733 hanc
1983 1681 2314 1733 occasionem

753 1780 1067 1843 prmbuisset
1097 1776 1449 1841 adipiscenda:
1482 1788 1693 1825 corona:
1726 1774 1775 1824 in
1820 1772 2073 1824 extremis
2103 1771 2310 1822 diebus.

2428 611 2496 657 tte
2526 612 2646 656 sunt
2674 603 2911 669 reliquiae
2939 603 3158 657 Joannis
3192 606 3474 673 Baptista:
3516 616 3573 659 et
3619 621 3739 659 cum
3793 618 3889 672 pro
3944 618 4008 659 eo

2425 703 2630 747 orasset
2654 708 2815 758 usque
2838 692 2901 745 ad
2932 693 3113 746 horam
3142 709 3335 748 nonam
3367 696 3431 749 ab
3460 698 3588 748 hora
3615 698 3793 750 tertia.
3814 709 4003 749 sanum

2426 780 2651 833 reddidit
2680 782 3075 835 adolescentem
3102 785 3276 846 matri,
3308 795 3360 837 et
3389 786 3574 838 eodem
3599 784 3683 839 die
3704 802 3756 839 et
3790 788 4002 856 paraly-

2425 871 2522 923 sim
2556 871 2755 936 expulit
2796 882 2848 924 et
2880 872 3201 925 daemonem.
3242 873 3366 927 Erat
3394 885 3570 928 autem
3600 877 3718 928 tatis
3745 891 3861 943 ejus
3913 892 3974 944 pa

2426 960 2634 1027 ralysis,
2666 970 2722 1013 ut
2743 975 2940 1027 spuens
2971 976 3101 1028 puer
3124 972 3326 1032 tergum
3350 979 3500 1017 suum
3527 976 3843 1031 conspucret
3873 984 3886 1027 ;
3921 968 3993 1019 ita

2424 1059 2540 1105 erat
2567 1053 2826 1104 inversus.
2865 1052 3019 1104 Aliud
3052 1067 3258 1105 rursum
3290 1054 3385 1107 fuit
3412 1056 3528 1120 ejus
3575 1057 3808 1122 signum.
3842 1057 3999 1121 Qua-

2424 1140 2541 1193 dam
2571 1156 2702 1195 anus
2732 1158 2848 1209 qua:
2869 1156 2999 1195 oves
3027 1144 3270 1208 pascebat
3294 1145 3341 1197 in
3377 1146 3503 1198 locis
3527 1146 3746 1199 Lazatio
3768 1149 3957 1201 vicinis
3981 1191 3996 1213 ,

2424 1238 2478 1281 et
2502 1241 2655 1281 ovem
2688 1230 2969 1294 amiserat,
3002 1232 3227 1283 accessit
3256 1232 3318 1284 ad
3350 1247 3469 1285 eum
3500 1234 3667 1299 ﬂens;
3719 1250 3879 1304 quam
3910 1252 3994 1290 se-

2422 1326 2575 1371 cutus
2604 1320 2731 1372 dicit
2757 1320 2805 1373 ei
2837 1338 2848 1372 :
2882 1321 3114 1375 Ostende
3146 1322 3271 1375 mihi
3301 1323 3473 1395 locum
3507 1325 3592 1378 ubi
3625 1326 3892 1380 amiseris.
3923 1329 3996 1381 Ea

2422 1422 2553 1462 vero
2582 1409 2726 1463 ducit
2752 1425 2874 1463 eum
2909 1412 2975 1463 ad
3008 1411 3122 1464 loca
3174 1426 3290 1479 qua:
3334 1423 3458 1465 sunt
3502 1415 3643 1468 circa
3691 1415 3994 1470 Lazarium.

2421 1494 2581 1550 Stans
2619 1513 2747 1567 ergo
2777 1500 2977 1552 oravit.
3008 1498 3108 1563 Qui
3132 1500 3370 1554 sutl‘urati
3403 1512 3580 1555 autem
3618 1513 3772 1558 erant
3815 1507 3997 1561 adole-

2421 1595 2652 1647 scentes,
2686 1587 2850 1653 ipsam
2882 1590 3030 1655 prius
3055 1591 3385 1645 occiderant.
3416 1591 3548 1645 Dum
3578 1609 3704 1661 ergo
3735 1595 3853 1661 ipse
3881 1612 3996 1649 ora-

2419 1688 2522 1738 ret,
2555 1678 2765 1730 nemine
2794 1677 3099 1742 contitente,
3129 1693 3290 1733 carne
3320 1682 3585 1734 occultata
3607 1683 3662 1737 in
3694 1685 3872 1747 vinea,
3896 1688 3993 1740 ali-

2419 1762 2589 1825 cunde
2621 1766 2840 1818 veniens
2868 1780 3060 1820 corvus
3089 1768 3234 1821 stetit
3264 1783 3423 1837 supra
3447 1769 3665 1837 furtum,
3690 1784 3745 1829 et
3766 1773 3991 1829 frustum

755 1868 984 1934 Reliquit
1009 1878 1182 1919 autem
1216 1865 1407 1929 scripta
1434 1877 1640 1928 quoque
1667 1861 1840 1915 studio
1864 1850 2016 1929 digna
2051 1875 2167 1927 qua:
2195 1875 2309 1911 ma-
2342 1881 2389 1940 B
2416 1866 2479 1905 ex
2514 1854 2603 1906 illo
2632 1855 2825 1923 rapuit,
2845 1870 2905 1909 ac
2927 1871 3109 1910 rursus
3139 1859 3394 1912 evolavit.
3427 1861 3560 1915 Cum
3596 1861 3781 1916 beatus
3813 1874 3991 1918 autem

750 1973 905 2030 gnam
937 1958 1031 2011 viri
1059 1956 1307 2008 virtutem
1338 1964 1611 2007 testantur.

1356 2041 1577 2095 CAPUT
1603 2040 1706 2094 Cll.

1250 2134 1366 2187 Vita
1392 2134 1582 2185 abbatis
1603 2132 1818 2183 Iuliani.

824 2227 1010 2282 Audivi
1041 2240 1067 2279 a
1101 2226 1327 2294 quodam
1362 2225 1410 2275 in
1442 2224 1541 2276 illis
1587 2223 1822 2290 partibus
1851 2218 2013 2275 fuisse
2040 2220 2307 2274 Julianum

750 2320 916 2372 virum
942 2317 1183 2371 maxima!
1206 2314 1624 2379 exercitationis,
1653 2314 1737 2380 qui
1771 2326 1888 2365 eum
1919 2326 2131 2364 carnem
2161 2326 2310 2365 suam

751 2425 904 2476 supra
935 2408 1146 2461 modum
1196 2405 1494 2467 amisisset,
1524 2418 1643 2455 ossa
1675 2404 1841 2456 solum
1881 2412 1934 2455 et
1963 2403 2152 2469 pellem
2198 2402 2307 2454 cir-

746 2498 1092 2552 cumferebat.
1123 2497 1171 2550 ls
1198 2497 1249 2548 in
1273 2496 1525 2548 extremis
1558 2492 1675 2546 linis
1706 2494 1785 2546 sui
1810 2492 1993 2547 diebus
2014 2492 2203 2560 dignus
2230 2499 2313 2546 est

754 2594 958 2646 nabitus
986 2589 1149 2656 gratia
1179 2589 1532 2642 curationum.

1332 2675 1557 2730 CAPUT
1594 2673 1722 2728 Clll.

1227 2766 1345 2818 Vita
1369 2766 1496 2817 beati
1530 2763 1831 2816 Innocentii.

817 2862 893 2915 De
919 2860 1077 2914 beato
1108 2861 1417 2915 Innocentio
1462 2858 1775 2926 presbytero
1814 2855 2001 2907 Oliveti
2025 2894 2038 2917 ,
2073 2868 2099 2904 a
2134 2853 2312 2905 multis

751 2956 964 3023 quidem
995 2963 1046 3005 et
1079 2952 1283 3019 magnis
1313 2950 1522 3002 audiisti
1578 2965 1589 2999 ε
1641 2946 1805 2999 nihilo
1848 2946 2019 2997 secius
2063 2954 2236 2995 auttnt
2283 2960 2311 2995 a

750 3044 900 3096 nobis
930 3057 1136 3109 quoque
1168 3040 1366 3103 audies,
1393 3038 1477 3107 qui
1508 3048 1613 3090 tres
1632 3050 1800 3088 annos
1827 3050 1942 3087 cum
1974 3050 2038 3087 eo
2062 3033 2310 3085 viximus.

747 3133 873 3187 Nam
916 3148 1032 3201 qua:
1075 3146 1215 3198 saepe
1242 3130 1359 3182 illos
1406 3131 1687 3189 latuerunt,
1724 3126 1875 3178 nobis
1922 3125 2309 3187 iunotuerunt;

2413 1946 2910 2012 animadvertisset,
2967 1949 3096 2002 vidit
3146 1959 3426 2005 mactatam
3476 1954 3769 2011 victimam.
3801 1956 3867 2009 Et
3914 1956 3991 2010 sic

2412 2033 2633 2102 juvenes
2661 2034 2725 2088 ad
2758 2037 2920 2103 pedes
2965 2038 3082 2106 ejus
3132 2041 3438 2095 accidentes
3486 2044 3715 2099 confessi
3766 2056 3891 2099 sunt
3936 2066 3992 2100 se

2409 2124 2958 2195 occidisse,etjustum
2979 2132 3203 2191 pretium
3230 2131 3321 2185 fuit
3347 2132 3413 2186 ab
3434 2134 3511 2186 eis
3533 2145 3780 2189 exactum
3800 2154 3812 2199 ;
3830 2145 3989 2204 atq-ie

2410 2216 2481 2269 ita
2514 2216 2749 2285 castigati
2780 2227 2934 2284 sunt,
2970 2230 3024 2272 ut
3052 2235 3119 2274 ne
3148 2220 3272 2289 quid
3304 2223 3409 2277 tale
3442 2224 3671 2291 amplius
3698 2226 3986 2280 auderent.

3011 2327 3234 2385 CAPUT
3264 2331 3397 2387 CIV.

2918 2416 3034 2470 Vita
3077 2421 3270 2473 abbatis
3310 2423 3499 2475 Adetii.

2483 2503 2682 2558 Rursus
2713 2506 2832 2557 novi
2865 2505 3212 2575 Jerosolymis
3245 2512 3548 2577 quemdam,
3585 2515 3798 2569 nomine
3848 2518 3985 2570 Ado—

2415 2594 2560 2660 lium,
2586 2610 2781 2665 genere
2812 2597 3129 2651 Tarsensem
3162 2616 3173 2650 :
3210 2601 3295 2667 qui
3328 2616 3447 2655 cum
3494 2604 3731 2658 venisset
3772 2606 3989 2660 Jeroso-

2414 2686 2574 2754 lyma,
2609 2691 2879 2756 ingressus
2922 2700 3004 2744 est
3034 2692 3168 2743 viam
3217 2694 3433 2747 minime
3471 2698 3643 2748 tritam
3678 2698 3853 2765 (152),
3890 2718 3989 2755 non

2412 2792 2569 2839 quam
2599 2779 2747 2830 multi
2782 2780 3005 2847 ingressi
3054 2792 3214 2845 sunt,
3271 2784 3361 2835 sed
3402 2785 3601 2838 selecto
3631 2788 3726 2839 sibi
3759 2791 3985 2856 quodam

2416 2882 2553 2919 novo
2606 2867 2723 2921 vitae
2752 2868 3013 2925 instituto.
3056 2871 3125 2924 Se
3155 2873 3295 2924 enim
3331 2888 3493 2939 super
3528 2875 3793 2929 hominem
3837 2893 3988 2931 exer-

2414 2956 2553 3021 cuit;
2649 2966 2710 3009 ut
2783 2956 2948 3009 etiam
3018 2958 3119 3028 ipsi
3199 2962 3346 3028 pravi
3392 2963 3662 3018 daemones
3710 2968 3990 3020 horrentes

2415 3048 2529 3115 ejus
2566 3048 2926 3101 austeritatem
2946 3089 2960 3110 ,
2994 3064 3061 3103 ne
3090 3050 3153 3102 ad
3183 3065 3301 3103 eum
3321 3052 3531 3118 quidem
3556 3054 3807 3107 auderent
3836 3073 3990 3111 acce-

2414 3135 2559 3189 dere.
2592 3136 2814 3204 Propter
2839 3153 3097 3191 summam
3130 3148 3305 3193 autem
3355 3144 3788 3197 exercitationem
3824 3155 3878 3197 et
3911 3147 3987 3195 vi-

746 3239 915 3291 ueque
946 3238 1071 3276 vero
1104 3237 1235 3274 unus
1265 3221 1346 3273 vel
1373 3223 1527 3281 alter,
1560 3221 1649 3270 ενα
1685 3231 1855 3284 neque
1896 3218 2075 3269 decem
2122 3225 2309 3283 potue-
2341 3250 2385 3309 Ε
2416 3227 2615 3292 sanam,
2648 3228 2982 3280 existimatus
3027 3237 3110 3281 est
3137 3244 3255 3282 esse
3282 3242 3570 3297 specum".
3606 3232 3659 3284 ιη
3692 3234 3985 3301 αυδάηὲὓ,

746 3324 869 3369 runt
899 3314 1052 3379 hujus
1083 3313 1180 3365 viri
1210 3325 1422 3364 narrare
1452 3308 1690 3361 virtutes.
1729 3307 1775 3358 ls
1805 3307 1898 3359 fuit
1925 3306 2079 3371 longe
2111 3304 2310 3369 simpli-

745 3408 1007 3458 elssimus.
1041 3403 1169 3457 Cum
1198 3410 1373 3453 autem
1399 3400 1443 3452 is
1468 3399 1649 3451 fuisset
1673 3395 1890 3448 illustris
1916 3395 1966 3447 in
1994 3394 2188 3460 palatio
2215 3394 2311 3446 sub

746 3498 1063 3560 imperatore
1081 3491 1391 3544 Constantio
1410 3488 1557 3557 (150)
1582 3487 1632 3540 in
1660 3485 2058 3555 principiisejus
2083 3485 2306 3550 imperii,

744 3582 942 3637 mundo
972 3581 1322 3643 renuntiavit,
1356 3576 1621 3645 profectus
1647 3591 1675 3627 a
1709 3576 2047 3627 matrimonio
2081 3592 2091 3625 :
2126 3574 2177 3625 in
2208 3587 2311 3637 quo

746 3674 902 3727 etiam
933 3672 1115 3724 habuit
1154 3671 1337 3731 lilium,
1370 3667 1588 3720 Paulum
1637 3666 1869 3732 nomine,
1904 3666 1989 3731 qui
2035 3664 2173 3717 inter
2218 3663 2309 3716 do-

746 3768 991 3819 mesticos
1021 3764 1277 3817 militabat
1306 3760 1477 3830 (151).
1512 3760 1557 3813 ls
1588 3774 1704 3813 cum
1747 3768 2015 3827 peccasset
2048 3757 2098 3809 in
2149 3755 2306 3808 filiam

746 3855 1074 3924 presbyteri,
1102 3855 1425 3919 imprecatus
1449 3862 1527 3904 est
1554 3853 1764 3919 proprio
1793 3849 1900 3902 tilio
1934 3850 2265 3901 innocentius
2291 3888 2305 3912 ,

746 3948 907 3999 Deum
938 3959 1148 4011 rogans,
1180 3952 1232 3995 et
1257 3943 1438 3995 dicens
1468 3959 1479 3991 :
1511 3942 1749 4004 Domine,
1774 3940 1836 3992 da
1867 3940 1913 3992 ei
1946 3940 2208 4007 spiritum,
2244 3952 2310 3991 ne

743 4034 967 4099 amplius
998 4033 1227 4084 inveniat
1257 4031 1370 4097 ejus
1408 4045 1532 4082 caro
1560 4041 1765 4094 tempus
1816 4029 2086 4095 peccandi,
2118 4028 2307 4081 melius

744 4124 1030 4177 arbitratus
1060 4138 1180 4175 eum
1212 4136 1443 4188 pugnare
1473 4136 1592 4173 cum
1623 4122 1866 4172 daemone
1895 4135 2049 4187 quam
2080 4136 2197 4173 cum
2230 4120 2311 4172 in-

746 4218 1117 4283 temperantia.
1158 4214 1307 4279 Quod
1356 4214 1514 4265 etiam
1564 4213 1755 4264 factum
1804 4221 1885 4264 est
1924 4230 1935 4262 :
1996 4228 2115 4264 nam
2173 4228 2311 4265 nunc

745 4321 955 4372 qu0que
984 4308 1156 4358 adhuc
1201 4314 1282 4356 est
1329 4306 1379 4356 in
1423 4315 1599 4356 monte
1643 4303 1948 4365 Ulivarum,
1978 4303 2171 4354 ferrum
2221 4318 2311 4370 ge-

742 4409 911 4459 stans,
936 4405 989 4449 et
1013 4397 1297 4463 castigatus
1324 4410 1351 4445 a
1380 4393 1596 4460 spiritu;
1629 4402 1681 4445 et
1720 4395 1855 4458 quod
1905 4393 2144 4445 mirabile
2193 4402 2307 4457 est,

746 4486 900 4553 hujus
933 4493 1079 4551 pater
1108 4484 1195 4551 qui
1236 4485 1371 4535 alios
1397 4490 1567 4544 sanat,
1596 4484 1748 4548 hujus
1780 4483 2026 4535 misertus
2072 4498 2174 4533 non
2206 4492 2307 4546 est,

2416 3316 2545 3370 sima
2573 3320 2713 3371 enim
2743 3321 3056 3373 comedebat
3084 3331 3203 3389 post
3230 3324 3467 3390 quinque
3497 3324 3608 3377 dies
3628 3364 3641 3388 ,
3670 3333 3781 3378 toro
3809 3341 3987 3379 amem

2416 3410 2517 3461 alio
2545 3418 2801 3477 tempore,
2831 3426 2936 3463 uno
2965 3412 3051 3464 die
3082 3412 3380 3480 interjecto.
3419 3414 3529 3468 lloc
3554 3426 3724 3467 autem
3756 3418 3848 3470 luit
3876 3421 3988 3484 ejus

2415 3501 2621 3554 virtutis
2652 3517 2896 3571 maguum
2939 3502 3160 3557 facinus.
3198 3508 3240 3556 Α
3294 3520 3510 3572 vespera
3555 3523 3718 3576 usque
3761 3510 3827 3561 ad
3862 3512 3985 3563 illud

2416 3598 2621 3657 tempus
2669 3606 2774 3658 quo
2804 3594 3228 3662 congregabatur
3272 3594 3575 3649 fraternitas
3606 3599 3656 3648 in
3700 3600 3986 3664 eruturits,

2414 3679 2464 3732 in
2492 3681 2727 3747 Oliveto,
2759 3682 2810 3733 in
2842 3682 2977 3736 colle
3004 3685 3395 3752 Assumptionis
3442 3692 3581 3741 unde
3614 3692 3855 3743 ascendit
3901 3695 3987 3746 Je-

2413 3784 2525 3836 sus,
2554 3780 2809 3839 perpetuo
2838 3774 3010 3825 stabat
3032 3775 3285 3840 psallens,
3311 3788 3361 3829 et
3388 3793 3567 3841 orans,
3594 3790 3644 3831 et
3668 3779 3984 3843 jejunabat;

2413 3872 2467 3917 et
2494 3865 2603 3916 sive
2646 3865 2880 3931 pluebat,
2910 3866 3019 3918 sive
3051 3868 3418 3933 grandinabat,
3454 3870 3697 3924 manebat
3734 3874 3983 3925 immobi-

2416 3953 2499 4006 lis.
2556 3955 2777 4021 lmpleto
2826 3965 2999 4009 autem
3050 3968 3286 4024 tempore
3340 3972 3618 4023 consueto,
3669 3964 3982 4017 excitatorio

2419 4044 2610 4095 malleo
2638 4045 2878 4111 pulsabat
2921 4046 3085 4099 cellas
3118 4049 3350 4102 omnium
3374 4090 3389 4114 ,
3421 4065 3513 4103 eos
3543 4066 3871 4119 congregans
3920 4054 3979 4104 ad

2419 4135 2685 4199 oratoria,
2733 4142 2787 4189 et
2843 4140 2896 4189 in
2950 4153 3266 4207 unoquoque
3314 4143 3545 4194 oratorio
3602 4157 3701 4194 una
3742 4160 3861 4196 cum
3902 4145 3979 4197 eis

2426 4225 2653 4291 psallens
2694 4240 2849 4278 uuam
2893 4238 2980 4279 aut
3010 4228 3141 4282 duas
3172 4230 3507 4298 antiphonas,
3530 4242 3583 4285 et
3619 4248 3718 4285 una
3754 4249 3875 4286 cum
3904 4238 3979 4290 eis

2425 4329 2617 4378 orans;
2646 4323 2697 4367 et
2721 4316 2800 4369 sic
2828 4316 2912 4370 die
2932 4322 3385 4389 appropinquante
3410 4324 3517 4377 ibat
3550 4326 3600 4376 in
3627 4326 3903 4389 cellulam,
3928 4340 3978 4377 et

2419 4420 2608 4459 revera
2632 4407 2881 4461 fratribus
2910 4424 3027 4462 eum
3052 4414 3385 4476 exuentibus,
3414 4426 3464 4468 et
3487 4425 3663 4468 vestes
3684 4417 3978 4482 exprimen-

2416 4496 2555 4551 tibus
2585 4496 2803 4565 perinde
2830 4502 2973 4566 quasi
3006 4503 3125 4553 lota:
3148 4503 3368 4556 fuissent
3391 4506 3457 4557 ita
3483 4504 3829 4574 disullantes,
3856 4524 3973 4561 eum

742 4579 831 4645 qui
855 4584 1001 4629 tanto
1026 4582 1263 4640 tempore
1284 4587 1312 4623 a
1341 4575 1582 4624 daemone
1606 4580 1897 4638 torquetur.
1931 4571 2025 4623 llic
2051 4571 2310 4624 lnnoceu-
2341 4605 2389 4663 υ
2414 4604 2423 4640 ε

2292 4601 2310 4612 ’
2341 4605 2389 4663 ι)
2414 4589 2530 4641 aliis
2556 4590 2861 4644 induebant.
2894 4592 2957 4644 Et
2978 4596 3416 4661 cum'quievisset
3460 4612 3624 4666 usque
3672 4600 3739 4652 ad
3790 4571 3973 4653 horam

744 4670 852 4722 tius
900 4669 1033 4719 adeo
1067 4664 1163 4717 fuit
1200 4662 1502 4716 misericors
1553 4663 1811 4735 (fortasse
1858 4670 2032 4713 autem
2091 4662 2311 4716 videbor

740 4760 902 4812 etiam
934 4756 1116 4823 nugari
1143 4754 1267 4806 dum
1295 4768 1419 4806 vera
1442 4755 1645 4821 narro),
1669 4763 1723 4805 ut
1744 4767 1885 4821 saepe
1905 4752 2256 4807 suﬂ'uraretur
2279 4767 2308 4806 a

742 4844 1023 4909 fratribus,
1071 4854 1125 4898 et
1168 4844 1317 4897 daret
1365 4844 1663 4911 egentibus.
1710 4843 1829 4896 Fuit
1874 4852 2050 4895 autem
2100 4857 2308 4897 summe

743 4944 969 5007 simplex
1000 4951 1052 4994 et
1082 4941 1357 4993 innocens.
1390 4938 1438 4991 ls
1467 4937 1655 5005 dignus
1681 4945 1763 4990 est
1808 4937 2018 4988 habitus
2047 4936 2187 4989 dono
2215 4936 2307 4987 ad-

742 5049 930 5090 versus
959 5033 1229 5086 daemones
1266 5048 1277 5080 :
1311 5040 1363 5082 et
1389 5030 1452 5081 ad
1476 5044 1594 5081 eum
1626 5026 1903 5094 aliquando
1924 5026 2181 5079 adductus
2225 5038 2304 5079 est

743 5128 897 5178 nobis
920 5124 1215 5177 videntibus
1246 5121 1556 5173 adolescens
1604 5132 1759 5185 quem
1790 5117 2053 5169 invaserat
2082 5119 2297 5184 spiritus

741 5228 792 5269 et
826 5214 1102 5282 paralysis,
1137 5221 1190 5263 ut
1232 5226 1328 5279 ego
1358 5224 1475 5262 cum
1520 5207 1766 5261 vidissem
1788 5247 1801 5270 ,
1837 5208 2091 5260 voluerim
2121 5216 2304 5274 aperte

746 5316 965 5356 matrem
994 5303 1265 5371 expellere
1290 5316 1407 5353 cum
1441 5301 1506 5352 iis
1534 5315 1560 5351 a
1599 5302 1789 5369 quibus
1827 5300 1996 5352 fuerat
2022 5299 2299 5361 adductus,

744 5399 1030 5461 tleSperans
1059 5410 1176 5447 eum
1209 5408 1363 5460 posse
1388 5394 1579 5446 eurari.
1623 5392 1827 5445 Accidit
1855 5400 2027 5444 autem
2061 5403 2113 5443 ut
2159 5393 2299 5447 intc-

743 5489 845 5537 rim
878 5485 1092 5537 veniens
1128 5498 1285 5537 senex
1331 5483 1467 5536 hanc
1514 5482 1715 5535 videret
1758 5491 2052 5544 astantem,
2100 5481 2301 5535 deflen-

750 5585 984 5643 tciuque,
1009 5586 1061 5627 et
1088 5574 1368 5642 ejulantem
1398 5581 1610 5640 propter
1632 5572 2035 5624 ineoarrabilem
2085 5572 2301 5625 calami-

752 5676 909 5719 tatem
932 5665 1043 5720 ﬁlii.
1067 5668 1404 5733 Lacrymatus
1424 5679 1551 5732 ergo
1576 5664 1857 5729 praclarus
1885 5677 2047 5717 senex
2076 5674 2129 5716 ct
2156 5680 2301 5717 com-

751 5764 919 5810 motus
948 5757 1267 5811 visceribus.
1299 5765 1514 5822 accepto
1540 5753 1875 5807 adolescente
1906 5753 2177 5822 ingressus
2217 5767 2295 5809 est

2416 4680 2647 4743 tertiam,
2681 4680 2968 4745 psalmodia
3003 4684 3269 4738 excitatus
3290 4724 3306 4748 ,
3325 4696 3441 4739 erat
3468 4690 3514 4741 ei
3544 4690 3776 4744 intentus
3810 4707 3976 4762 usque

2413 4769 2477 4821 ad
2506 4782 2801 4835 vesperam.
2831 4770 2951 4822 llaec
2980 4782 3060 4824 est
3088 4786 3214 4841 ergo
3242 4775 3411 4829 virtus
3451 4778 3623 4831 Adolii
3668 4780 3970 4843 Tarsensis,

2411 4858 2497 4925 qui
2521 4868 2915 4912 consummatus
2942 4860 3313 4933 Jerosolymis.
3346 4878 3399 4921 et
3444 4868 3515 4921 ibi
3544 4878 3800 4924 mternum
3830 4888 3973 4925 som-

2411 4963 2532 5001 num
2566 4949 2799 5012 dormiit,
2832 4958 2885 5003 et
2912 4953 3149 5019 sepultus
3180 4966 3279 5007 est.

2998 5042 3222 5098 CAPUT
3252 5045 3355 5099 CV.

2925 5131 3000 5183 De
3026 5134 3263 5187 Abramio
3290 5136 3459 5206 (153).

2483 5220 2603 5273 Fuit
2642 5221 2853 5287 quidam
2885 5221 3184 5287 Abramius,
3213 5239 3409 5292 genere
3439 5224 3737 5296 Egyptius,
3778 5234 3864 5298 qui
3898 5234 3971 5284 vi-

2412 5323 2513 5362 tam
2547 5312 2889 5378 asperrimam
2931 5322 2985 5364 et
3013 5314 3240 5367 maxime
3268 5328 3526 5383 agrestem
3556 5321 3661 5387 egit
3690 5323 3739 5373 in
3778 5325 3965 5376 solitu-

2410 5402 2551 5454 dine.
2578 5402 2623 5454 is
2644 5402 2818 5455 animo
2837 5403 3101 5457 sauciatus
3126 5408 3192 5459 ab
3212 5410 3577 5475 intempestiva
3605 5418 3967 5485 persuasione,

2411 5492 2625 5545 veniens
2657 5494 2711 5545 in
2730 5492 3030 5557 ecclesiam,
3061 5498 3333 5550 contendit
3361 5513 3479 5553 cum
3510 5504 3855 5569 presbyteris,
3886 5507 3969 5559 di-

2401 5597 2526 5635 cens
2554 5598 2567 5634 :
2600 5581 2765 5635 Noctu
2795 5596 2823 5635 a
2844 5582 3058 5637 Christo
3087 5588 3360 5641 ordinatus
3384 5604 3498 5643 sum
3524 5593 3821 5662 presbyter,
3851 5612 3968 5651 sns-

2401 5675 2558 5739 ciptte
2604 5687 2687 5724 me
2720 5680 2779 5724 ut
2818 5673 3173 5728 sacerdotem.
3232 5676 3414 5731 Patres
3457 5694 3577 5733 cum
3627 5683 3970 5740 abduxissent

2402 5782 2518 5817 cum
2548 5780 2574 5816 a
2600 5765 2901 5827 solitudine,
2937 5773 2987 5819 et
3010 5765 3075 5819 ad
3100 5768 3259 5822 vitam
3284 5769 3624 5828 deduxissent
3647 5775 3966 5832 crassiorem
