4258 6360
756 369 883 434 1211

2217 382 2570 445 PALLADII

3879 393 4017 455 1212

758 500 843 572 νει
872 482 1192 572 ξιγὺπτιος,
1211 485 1563 572 ⁸τραχύτατον
1589 488 1681 541 καὶ
1707 489 2008 556 ἁγιώτατον
2035 490 2146 560 βίον
2168 492 2339 562 ζήσας
2369 494 2415 550 Δ
2443 495 2677 566 ἀθλητὴς
2714 497 2813 565 τῆς
2840 499 3116 567 ὑπομονῆς
3140 498 3230 565 ἀφ’
3265 491 3325 551 οὐ
3360 499 3607 568 εἰσῆλθεν
3652 500 3735 563 εἰς
3778 502 3840 554 τὸ
3874 508 4015 572 σπή-

755 566 815 618 ἐν
851 569 918 637 τῇ
949 567 1165 637 ἐρήμῳ.
1201 562 1371 631 Οὗτος
1422 570 1634 638 ἐπλήγη
1681 574 1780 641 τὴν
1834 574 2003 643 φρένα
2026 575 2129 626 ὑπὸ
2156 576 2329 644 ἄκρας

759 652 993 721 οἰήσεως
1023 668 1035 681 ο
1072 654 1163 703 καὶ
1182 652 1353 704 ἐλθὼν
1382 655 1439 704 ἐν
1471 658 1535 723 τῇ
1577 655 1865 727 ἐκκλησίᾳ.
1906 658 2189 727 διεμάχετο
2220 663 2329 722 τοῖς

760 736 1181 805 πρεσϐυτέροις,
1210 736 1405 804 λέγων,
1431 740 1511 791 ὅτι
1532 740 1642 791 Καὶ
1668 741 1777 805 ἐγὼ
1806 741 2172 813 πρεσϐύτερος
2193 744 2333 812 ἐχει-

765 820 1060 888 ροτονήθην
1096 822 1267 891 ταύτῃ
1324 826 1387 891 τῇ
1432 826 1585 875 νυκτὶ
1645 825 1747 876 ὑπὸ
1790 826 1882 876 τοῦ
1929 826 2185 895 Χριστοῦ,
2240 828 2332 879 καὶ

757 902 1001 967 ὀφείλετε
1045 903 1304 966 δέξασθαί
1355 923 1419 973 με
1468 907 1543 965 ώς
1603 907 1974 976 πρεσϐύτερον
2034 908 2332 978 ἱερατεύειν

761 987 1043 1054 μέλλοντα.
1087 988 1289 1040 Τοῦτον
1321 992 1367 1041 οἱ
1430 992 1575 1056 ἆγιοι
1638 992 1878 1059 Πατέρες
1910 992 2333 1060 διαχωρίσαντες

758 1070 857 1138 τῆς
891 1072 1121 1141 ἐρήμου,
1152 1074 1243 1125 καὶ
1261 1074 1351 1125 ἐπὶ
1376 1074 1466 1125 τὸν
1491 1074 1795 1143 παχύτερον
1823 1077 1912 1127 καὶ
1935 1076 2334 1145 διαφορώτερον

761 1155 1063 1221 ἀγαγόντες
1096 1156 1229 1223 βίον,
1281 1159 1735 1227 ἀπεθεράπευσαν
1784 1160 1882 1227 τῆς
1933 1160 2332 1228 ὑπερηφανίας,

762 1240 857 1289 καὶ
888 1242 965 1301 εἰς
997 1241 1196 1302 γνῶσιν
1247 1244 1409 1293 αὐτὶν
1467 1244 1763 1309 ἀγαγόντες
1788 1247 1886 1311 τῆς
1915 1244 2121 1305 οἰκείας
2171 1244 2333 1296 ἀσθε-

760 1323 908 1384 νείας
937 1362 951 1384 ,
994 1325 1203 1387 ἔδειξαν
1254 1328 1443 1378 τοῦτον
1476 1328 1779 1394 παιχΟέντα
1812 1330 1915 1380 ὑπὸ
1950 1328 2042 1380 τοῦ
2081 1329 2334 1397 δαίμονος

760 1412 855 1478 τῆς
888 1412 1284 1480 ὑπερηφανίας,
1319 1416 1411 1465 καὶ
1441 1416 1560 1476 ταῖς
1603 1416 1784 1481 ἁγίαις
1812 1415 1989 1466 αὐτῶν
2030 1416 2215 1484 εὐχαῖς
2249 1416 2328 1477 εἰς

759 1494 856 1563 τὴν
880 1495 1109 1564 ἀρχαίαν
1140 1496 1255 1565 βίου
1284 1498 1483 1565 ἀρετὴν
1506 1499 1976 1568 ἀποκατέστησαν.

1322 1582 1571 1633 κΕψΑΑ.
1640 1581 1773 1646 Pq'.

1285 1664 1423 1727 Περὶ
1477 1663 1805 1715 Ἐλπιδίου.

833 1742 972 1794 Ἷδον
1002 1742 1058 1795 δέ
1090 1746 1183 1797 καὶ
1210 1744 1395 1813 ἕτερον
1426 1744 1595 1813 ἀνδρα
1626 1744 2122 1815 ἀξιομνημόνευτον
2148 1748 2203 1797 ἐν
2225 1748 2335 1808 τοῖς

2434 583 2604 647 λαιον,
2634 583 2693 634 οὑ
2728 581 2993 648 κατῆλθεν
3028 583 3091 633 ὲκ
3118 580 3209 633 τοῦ
3241 582 3401 651 ὅρους
3432 582 3620 651 μέχρις
3660 585 3783 636 ὅτου
3811 586 4011 653 ἐτάφη.

2434 666 2619 719 Ταῦτα
2652 666 2719 717 τὰ
2756 668 2980 734 οὐράνια
3015 666 3389 733 ἐγχειρήματα
3416 665 3509 717 τοῦ
3558 668 3878 733 στεφανίτου
3920 671 4013 719 καὶ

2435 751 2704 818 ἀηττήτου
2741 749 3039 801 παλαιστοῦ
3106 748 3374 800 Ἐλπιδίου
3429 748 3522 801 τοῦ
3565 748 3660 800 νῦν
3715 752 3775 802 ἐν
3826 769 4011 821 παρα-

2434 834 2592 903 δείσῳ
2622 833 2977 902 διαιτωμένου
3013 834 3146 900 μετά
3173 832 3280 884 τῶν
3310 832 3476 885 αὑτοῦ
3503 835 3723 903 ὁμοίων.

3011 916 3261 969 ΚΕΦΛΛ.
3302 916 3419 971 ΡΘ’.

2963 998 3099 1064 Περὶ
3149 1001 3474 1055 Σισιννίωυ.

2507 1083 2710 1137 Τούτου
2737 1081 2829 1134 τοῦ
2880 1081 3145 1135 ἀθανάτου
3206 1082 3474 1136 Ἐλπιδίου
3507 1087 3751 1155 μαθητὴς
3786 1090 4014 1155 γέγονεν

2437 1167 2698 1227 Σισίννιος
2729 1168 2973 1233 ὀνόματι,
2999 1166 3057 1230 ἐξ
3102 1168 3377 1235 οἰκετικῆς
3427 1168 3523 1236 μέν
3561 1170 3881 1237 ὁρμώμενος
3920 1172 4014 1222 τύ-

2437 1266 2558 1319 χης,
2590 1240 2869 1317 ἐλεύθερος
2910 1248 2969 1299 δὲ
3023 1248 3162 1299 κατά
3195 1247 3293 1317 τὴν
3329 1250 3531 1312 πίστιν,
3567 1251 3643 1319 τῷ
3678 1253 3823 1318 γένει
3854 1255 4015 1305 Καπ-

2439 1333 2697 1401 παδόκης.
2729 1334 2818 1382 Δεῖ
2846 1330 2953 1400 γάρ
2986 1332 3077 1382 καὶ
3106 1330 3173 1381 τά
3206 1331 3335 1398 γένη
3367 1333 3651 1401 σημαίνειν
3689 1336 3823 1403 πρὸς
3854 1337 4014 1400 δόξαν

2437 1415 2533 1469 τοῦ
2566 1415 2995 1481 ἐξευγενίξοντος
3021 1416 3163 1482 ἡμᾶς
3205 1416 3462 1484 Χριστοῦ,
3506 1418 3596 1468 καὶ
3630 1419 3708 1481 είς
3758 1420 3857 1487 τὴν
3911 1441 4014 1489 μα-

2438 1501 2635 1570 καρίαν
2670 1500 2765 1549 καὶ
2809 1497 3069 1564 ἀληθινὴν
3109 1498 3413 1562 ἀπάγοντος
3441 1501 3586 1567 ἡμᾶς
3629 1502 3911 1567 εὐγένειαν
3936 1506 4016 1564 είς

2436 1584 2533 1653 τὴν
2563 1582 2672 1633 τῶν
2724 1580 2965 1651 οὐρανῶν
3012 1579 3307 1646 βασιλείαν.
3346 1582 3613 1650 Χρονίσας
3647 1586 3825 1639 τοίνυν
3864 1589 4013 1654 παρὰ

2436 1667 2512 1735 τῷ
2547 1666 2801 1734 μακαρίῳ
2844 1664 3097 1730 Ἐλπιδίῳ
3145 1667 3172 1715 6
3220 1664 3483 1732 διάπυρος
3513 1668 3750 1736 ἐραστὴς
3779 1672 3889 1720 τῶν
3915 1673 4013 1739 τῆς

2438 1750 2722 1817 ἀσκήσεως
2788 1746 2995 1815 ἀρετῶν
3052 1746 3313 1808 Σισίννιος
3360 1748 3517 1799 ἕκτον
3548 1752 3579 1816 ῆ
3632 1754 3723 1802 καὶ
3783 1754 4013 1821 ἕϐδομον

757 1830 901 1879 κατά
937 1828 1149 1898 Ἱεριχὼ
1176 1830 1485 1897 σπηλαίοις,
1513 1829 1620 1882 τῶν
1648 1831 1768 1881 κατ’
1796 1832 1969 1899 ἀρχάς
1995 1832 2103 1882 τῶν
2140 1833 2336 1898 Ἀμορ-
2368 1827 2412 1882 Β
2438 1831 2575 1895 ἔτος,
2620 1830 2713 1880 καὶ
2746 1828 3151 1896 ἐκμεμαθηκὼς
3182 1828 3276 1880 τοῦ
3310 1830 3500 1899 ἀνδρὸς
3524 1833 3622 1893 τάς
3657 1836 3879 1901 ἀρετὰς,
3918 1840 4012 1890 καὶ

761 1911 929 1978 ραίων
988 1913 1323 1979 γεγονότων,
1403 1912 1546 1979 ἅπερ
1600 1912 2015 1977 λελαξεύκεισαν
2073 1916 2333 1981 φυγόντες

757 1996 918 2065 ήνίκα
952 1996 1055 2047 ὑπὸ
1092 1996 1268 2064 Ἰησοῦ
1311 1996 1403 2048 τοῦ
1439 1997 1594 2064 Ναυῆ
1648 1995 2051 2063 ἐξεπορθοῦντο,
2104 1998 2237 2065 πρὸς
2276 1998 2335 2047 τὸ

758 2079 1093 2147 ἐγκρυϐἧναι
1126 2081 1183 2131 ἐν
1220 2080 1401 2140 αὐτοῖς
1437 2080 1516 2141 εἰς
1548 2080 1607 2131 τὸ
1646 2079 1769 2148 ὅρος
1812 2080 1906 2130 τοῦ
1941 2081 2125 2132 Λουκά
2153 2123 2166 2144 ,
2216 2080 2336 2133 Ἑλ·-

758 2162 932 2213 πίδιον
957 2162 1214 2229 τοὺνομα,
1274 2163 1647 2231 Καππαδόκην
1694 2162 1770 2231 τῷ
1800 2163 1967 2229 γένει,
2000 2166 2077 2225 είς
2110 2165 2336 2234 ὕστερον

761 2248 1155 2315 πρεσϐυτερίου
1188 2247 1490 2316 ἠξιωμένον
1522 2248 1613 2299 τοῦ
1643 2248 2004 2316 μοναστήριου
2035 2250 2207 2300 ἐκεῖσε
2243 2266 2336 2314 γε·

759 2329 983 2397 νόμενον
1021 2331 1125 2382 ὑπὸ
1154 2331 1245 2382 τοῦ
1281 2332 1701 2398 χωρεπισκόπου
1749 2331 2011 2398 Τιμοθέου
2041 2331 2141 2398 τῆς
2179 2334 2337 2384 Καπ-

762 2414 1045 2476 παδοκίας,
1073 2416 1263 2485 ἀνδρὸς
1294 2418 1647 2469 ἱκανωτάτου.
1677 2408 1844 2477 Οὗτος
1880 2415 2047 2467 ἐλθὼν
2081 2416 2340 2486 παρῴκη-

769 2514 861 2549 σεν
888 2501 945 2550 ἐν
987 2500 1069 2550 ἐνὶ
1112 2500 1221 2551 τῶν
1272 2500 1573 2566 σπηλαίων,
1622 2500 1679 2563 ὃς
1714 2500 1985 2568 τοσαύτην
2016 2502 2339 2568 ἐγκράτειαν

765 2583 1050 2649 ἀσκήσεως
1133 2583 1460 2646 ἐνεδείξατο,
1520 2584 1595 2647 ὡς
1644 2584 1884 2652 καλύψαι
1934 2586 2058 2645 τοὺς
2112 2585 2337 2646 πάντας,

767 2668 948 2733 Ζήσας
981 2668 1087 2735 γάρ
1123 2669 1295 2718 εἴκοσι
1328 2670 1418 2718 καὶ
1444 2668 1605 2719 πέντε
1628 2668 1744 2734 ἔτη,
1766 2669 1832 2719 τά
1864 2667 2105 2719 σάϐϐατα
2130 2668 2221 2717 καὶ
2243 2667 2339 2728 τάς

767 2750 1051 2817 Κυριακάς
1085 2750 1458 2817 μετελάμϐανε
1512 2751 1693 2819 μόνον.
1723 2749 1831 2811 Τάς
1859 2751 1913 2802 δὲ
1936 2750 2137 2811 νύκτας
2163 2751 2340 2813 πάσας

766 2833 938 2893 ἑστὼς
968 2834 1193 2899 ἔψαλλε⁶
1229 2834 1481 2904 καθάπερ
1517 2835 1773 2901 βασιλεὺς
1821 2834 1928 2885 τῶν
1963 2834 2251 2902 μελισσῶν,
2284 2836 2339 2883 ἐν

768 2916 919 2985 μέσῳ
948 2917 1045 2983 τῆς
1079 2917 1437 2985 ἀδελφότητος
1480 2919 1731 2985 οἰκήσας,
1753 2917 1815 2968 τὸ
1858 2917 1983 2986 ὅρος
2012 2920 2184 2969 ἐκεῖνο
2214 2918 2341 2967 ἐπό-

762 2997 900 3056 λισε.
940 3002 1031 3049 καὶ
1060 2995 1127 3067 ἦν
1169 2999 1296 3051 ίδεῖν
1340 3002 1455 3051 ἐκεῖ
1496 3000 1679 3051 λοιπὸν
1712 3000 1842 3069 παρ’
1887 3000 2100 3068 ἐκάστῳ
2153 2999 2340 3065 διαφό-

770 3098 891 3150 ρους
925 3081 1024 3149 τῆς
1055 3083 1341 3149 ἀσκήσεως
1366 3082 1661 3144 πολιτείας.
1693 3082 1893 3134 Τοῦτόν
1927 3098 2057 3132 ποτε
2093 3082 2182 3133 τὸν
2220 3082 2341 3132 Ἐλ-

767 3166 939 3218 πίδιον
977 3166 1064 3217 τὸν
1105 3167 1273 3228 ὅντως
1306 3170 1370 3235 τῇ
1407 3167 1580 3226 ἐλπίδι
1632 3168 1913 3237 χαίροντα,
1970 3168 2064 3218 καὶ
2117 3167 2205 3218 διὰ
2251 3167 2337 3218 τὸν
2365 3161 2407 3217 C

764 3249 997 3316 Χριστὸν
1031 3252 1096 3317 τῇ
1136 3248 1311 3316 θλίψει
1348 3252 1708 3318 ὑπομένοντα,
1752 3250 2024 3318 ψάλλοντα
2059 3252 2115 3301 ἐν
2160 3252 2333 3313 νυκτὶ,

764 3334 1186 3400 συμῲαλλόντων
1239 3334 1396 3401 ήμῶν
1448 3334 1617 3401 αὐτῷ,
1667 3336 1923 3403 σκορπίος
1954 3334 2221 3403 έπληξεν·
2280 3334 2336 3396 ὂς

761 3419 1011 3483 πατήσας
1070 3418 1251 3478 αὐτὸν,
1313 3417 1430 3467 οὐδέ
1500 3418 1729 3486 μετέστη
1776 3418 1873 3485 τῆς
1910 3418 2001 3470 τοῦ
2062 3419 2338 3485 σχήματος

761 3499 1025 3559 στάσεως,
1058 3499 1309 3550 τοσοῦτον
1336 3501 1401 3567 τῇ
1436 3499 1685 3568 ὑπομονῇ
1742 3499 2017 3568 ἀλογήσας
2040 3502 2137 3567 τῆς
2194 3500 2335 3551 κατά

763 3582 851 3633 τὸν
906 3582 1164 3649 σκορπίον
1216 3582 1428 3649 ὀδύνης.
1482 3583 1627 3643 Μιᾶς
1662 3583 1717 3633 δέ
1762 3582 1923 3633 πάλιν
1967 3583 2073 3633 τῶν
2116 3582 2337 3651 ήμερῶν

765 3664 994 3730 ἀδελφοῦ
1043 3682 1187 3726 τινος
1221 3665 1409 3733 κόμμα
1464 3666 1788 3732 κατέχοντος
1836 3665 2131 3734 κλήματος,
2182 3665 2337 3717 τοῦτο

762 3747 944 3801 λαϐὼν
971 3749 998 3798 ό
1026 3749 1296 3815 μακάριος
1327 3750 1383 3799 ἐν
1429 3749 1507 3817 τῷ
1559 3748 1831 3814 καθῆσθαι
1866 3749 2016 3817 παρά
2044 3748 2140 3816 τὴν
2174 3748 2337 3816 ὄχθαν

761 3832 855 3883 τοῦ
879 3832 1056 3901 ὅρους.
1104 3832 1304 3900 ἔχωσεν
1337 3833 1412 3895 ὡς
1452 3833 1718 3897 φυτεύων,
1749 3831 1948 3901 καίπερ
1975 3835 2031 3883 ἐν
2059 3834 2119 3884 οὐ
2160 3832 2337 3901 καιρῷ

763 3914 896 3975 θείς.
951 3913 1215 3965 Τοσοῦτον
1264 3914 1320 3965 δὲ
1379 3914 1591 3982 ηὐξήθη
1645 3916 1737 3964 καὶ
1786 3915 2009 3981 γέγονεν
2070 3914 2335 3982 ἄμπελος,

762 3996 901 4048 ὥστε
930 3997 1228 4059 σκεπάζειν
1270 3999 1448 4050 πᾶσαν
1478 3999 1576 4065 τήν
1617 3996 1963 4065 Ἐκκλησίαν.

1334 4092 1583 4143 ΚΕΦΑΛ.
1651 4093 1770 4145 PZ'.

1150 4174 1288 4239 Βιός
1326 4176 1605 4227 Αίνεσίου
1635 4176 1740 4228 τοῦ
1780 4174 1949 4229 ὰϐϐᾶ.

834 4257 1021 4326 Τούτῳ
1044 4257 1121 4327 τῷ
1148 4258 1286 4325 ἀγίῳ
1314 4258 1517 4327 ἀθλητῇ
1556 4258 1648 4309 τοῦ
1677 4259 1914 4327 Χριστοῦ
1945 4259 2335 4328 συνετελειώθη

764 4344 857 4395 καὶ
890 4345 919 4393 ό
951 4342 1196 4409 ἀοίδιμος
1250 4338 1434 4400 δοῦλος
1487 4342 1580 4391 τοῦ
1605 4341 1740 4392 Θεοῦ
1783 4342 2051 4405 Αἰνέσιος,
2090 4344 2230 4410 ἁνήρ
2255 4358 2339 4402 τις

764 4424 1057 4490 ἀξιόλογος,
1083 4424 1174 4476 καὶ
1199 4426 1263 4493 τῇ
1294 4425 1522 4491 ἀσκήσει
1553 4422 1873 4491 διαπρέψας.

1338 4508 1381 4557 Κ
1396 4507 1587 4557 ΕΦΑΛ.
1638 4506 1760 4557 I’H'.

1121 4591 1261 4655 Βίος
1308 4591 1644 4642 Εὐσταθίου
1685 4590 1788 4643 τοῦ
1816 4591 1987 4645 άϐϐᾶ.

839 4674 944 4724 Καὶ
971 4674 1265 4733 Εὑστάθιος
1288 4672 1513 4738 ἀδελφὸς
1546 4672 1737 4724 τούτου
1776 4675 2057 4742 ὁμότιμος,
2087 4676 2181 4726 καὶ
2216 4675 2341 4735 τοὺς

770 4755 960 4818 ἄθλους
992 4757 1088 4824 τῆς
1124 4756 1266 4808 κατὰ
1313 4756 1547 4823 Χριστὸν
1582 4756 1857 4821 πολιτείας
1908 4759 2171 4821 ἐξανύσας
2206 4776 2341 4829 προ-

774 4841 978 4909 θύμως.

851 4924 972 4973 Ἐπὶ
1015 4922 1268 4974 τοσοῦτον
1307 4924 1361 4975 δὲ
1416 4926 1444 4976 6
1509 4926 1778 4993 μακάριος
1830 4927 2097 4988 Ἐλπίδιος
2144 4927 2341 4994 ἤλασεν

766 5005 1054 5067 ἀπαθείας,
1101 5009 1427 5074 ταριχεύσας
1463 5008 1523 5059 τὸ
1582 5009 1762 5077 σῶμα,
1799 5011 1873 5072 ώς
1911 5011 2029 5061 ὅλον
2058 5011 2342 5075 διαφαίνε-

770 5088 890 5139 σθαι
937 5088 1103 5139 αὑτοῦ
1145 5089 1251 5139 τῶν
1299 5092 1500 5143 ὀστέων
1529 5092 1589 5143 τὸ
1620 5095 1835 5161 πῆγμα.
1887 5094 2116 5160 Φέρεται
2148 5092 2203 5143 δέ
2247 5092 2339 5142 καὶ

768 5170 925 5222 τοῦτο
959 5173 1016 5223 ἐν
1068 5175 1178 5235 τοῖς
1221 5173 1319 5241 τῆς
1367 5175 1565 5243 ἀρετῆς
1627 5175 1791 5226 αὑτοῦ
1825 5176 2154 5244 διηγήμασιν
2194 5174 2341 5242 παρὰ

770 5254 879 5306 τῶν
916 5255 1217 5309 σπουδαίων
1255 5257 1419 5309 αὐτοῦ
1458 5258 1733 5326 μαθητῶν,
1775 5261 1855 5311 δτι
1900 5262 1956 5310 ἐν
1992 5259 2134 5318 ὅλοις
2168 5260 2340 5311 εἴκοσι

766 5340 927 5389 πέντε
958 5338 1131 5389 ἔτεσιν
1166 5340 1421 5391 οὐδέποτε
1446 5342 1538 5392 ἐπὶ
1573 5342 1724 5394 δύσιν
1756 5344 1997 5412 ἐστράφη
2026 5384 2039 5405 ,
2072 5344 2249 5395 καίτοι
2278 5360 2339 5409 γε

768 5422 859 5472 τοῦ
896 5422 1163 5490 σπηλαίου
1187 5424 1281 5491 τῆς
1320 5422 1489 5492 θύρας
1522 5425 1600 5486 είς
1644 5425 1703 5475 τὸ
1734 5425 1862 5493 ὕψος
1895 5424 1989 5476 τοῦ
2021 5425 2177 5495 ὅρους
2223 5428 2342 5477 ἐπι-

772 5506 1052 5573 κειμένης,
1086 5506 1206 5559 οὐδὲ
1250 5508 1362 5572 μετ’
1397 5508 1663 5576 ἐξαωρίαν
1692 5509 1780 5559 τὸν
1815 5508 1963 5577 ἣλιον
1982 5510 2131 5576 ὑπὲρ
2167 5527 2339 5579 κεφα-

767 5584 865 5654 λῆς
896 5588 1085 5640 τούτου
1110 5590 1400 5657 γενόμενον
1433 5591 1539 5641 ῐδεν
1564 5592 1691 5642 ποτὲ
1716 5593 1852 5643 κατὰ
1878 5593 2027 5643 δύσιν
2058 5593 2338 5656 κλίναντα,

774 5670 894 5723 οὑδέ
923 5672 1049 5733 τοὺς
1076 5675 1216 5725 κατά
1245 5675 1453 5740 δυσμὰς
1504 5676 1889 5736 ἀνατέλλοντας
1926 5677 2161 5746 ἀστέρας
2212 5681 2340 5731 ποτὲ

768 5752 1029 5807 ἐθεάσατο
1058 5756 1115 5807 ἐν
1146 5759 1253 5817 τοῖς
1280 5758 1617 5809 εἰκοσι-πέντε
1649 5758 1843 5811 ἐτεσιν.
1898 5761 2060 5821 Ουτος
2102 5762 2128 5811 ὁ
2166 5762 2337 5829 μέγας

2438 1914 2498 1966 τὸ
2527 1912 2790 1980 καρτερὸν
2815 1912 2920 1961 τῶν
2954 1912 3050 1978 τῆς
3092 1912 3377 1978 ἀσκήσεως
3414 1914 3611 1975 πόνων,
3670 1917 3749 1977 είς
3785 1916 4012 1985 ὕστερον

2437 1992 2589 2059 οὑτος
2644 1998 2887 2063 μνήματι
2936 1995 3127 2046 ἐαυτὸν
3154 1996 3524 2064 ἐγκαθεῖρξεν.
3572 2000 3689 2050 Ἐπὶ
3744 2003 3872 2067 τρία
3918 2002 4010 2070 ἔτη

2443 2083 2657 2143 σταθεὶς
2686 2083 2741 2131 ἐν
2781 2080 2857 2148 τῷ
2894 2080 3161 2149 μνήματι,
3193 2080 3250 2131 ἐν
3286 2084 3619 2149 προσευχαῖς
3656 2082 3902 2149 διετέλει,
3940 2088 4013 2153 μὴ

2440 2168 2677 2234 νύκτωρ,
2721 2164 2793 2233 μὴ
2834 2163 2951 2231 μεθ’
2997 2164 3229 2231 ἡμέραν,
3272 2164 3345 2232 μὴ
3400 2166 3651 2225 καθίσας,
3692 2168 3765 2234 μὴ
3807 2170 4013 2220 avum-

2442 2251 2569 2314 σὼν,
2614 2251 2685 2318 μὴ
2748 2248 2966 2316 βαδίσας
3005 2248 3128 2309 ἔξω.
3182 2242 3350 2308 Οὗτος
3384 2246 3697 2317 κατηξιώθη
3738 2252 4013 2318 χαρίσμα-

2441 2350 2529 2394 τος
2552 2331 2691 2405 κατά
2711 2331 2999 2397 δαιμόνων.
3046 2330 3183 2382 Νυνὶ
3222 2331 3277 2382 δὲ
3316 2331 3624 2382 ἐπανελθὼν
3650 2334 3748 2405 ἐπὶ⁸
3778 2335 3877 2397 τὴν
3914 2352 4013 2385 πα-

2441 2402 2602 2485 τρίδα
2629 2413 2835 2484 ἠξιώθη
2859 2412 3275 2482 πρεσϐυτερίου,
3317 2414 3644 2480 συναγαγὼν
3678 2402 4013 2482 ἀδελφότητα

2440 2498 2649 2567 ἀνδρῶν
2679 2514 2737 2547 τε
2763 2498 2856 2548 καὶ
2882 2494 3176 2561 γυναικῶν,
3203 2498 3267 2565 τῇ
3306 2498 3577 2566 μαρτυρίᾳ
3596 2500 3695 2566 τῆς
3723 2500 4011 2563 ἀπαθείας,

2440 2583 2528 2635 διὰ
2561 2582 2657 2649 τῆς
2690 2580 2893 2649 σεμνῆς
2925 2579 3218 2640 πολιτείας,
3253 2581 3348 2631 καὶ
3386 2580 3447 2631 τὸ
3478 2581 3669 2633 ἐαυτοῦ
3708 2582 3877 2651 άρρεν
3918 2588 4014 2652 τῆς

2442 2664 2735 2732 ἐπιθυμίας
2778 2662 2996 2724 ἐλάσας,
3056 2662 3151 2713 καὶ
3189 2660 3247 2711 τὸ
3286 2662 3393 2714 τῶν
3450 2664 3720 2729 γυναικών
3766 2665 3900 2731 θῆλυ
3950 2669 4012 2734 τῇ

2442 2746 2739 2815 ἐγκρατείᾳ⁵
2792 2743 3066 2814 φιμώσας,
3099 2744 3171 2806 ώς
3218 2744 3560 2813 πληροῦσθαι
3595 2746 3654 2798 τὸ
3692 2750 4014 2816 γεγραμμέ-

2442 2849 2564 2883 νον·
2601 2834 2657 2882 ὲν
2706 2828 2932 2899 Χριστῷ
2972 2827 3146 2895 Ἰησοῦ
3194 2828 3291 2880 οὐκ
3323 2829 3471 2880 ἐστιν
3520 2830 3685 2899 ἄρσεν
3725 2833 3818 2883 καὶ
3860 2833 4011 2899 θῆλυ.

2445 2916 2629 2965 Ἔστιν
2662 2912 2718 2964 δέ
2756 2913 2850 2964 καὶ
2878 2910 3150 2979 φιλόξενος
3200 2912 3321 2963 καθ’
3356 2912 3684 2981 ὑπερϐολὴν,
3717 2916 3922 2985 καίπερ
3944 2915 4016 2967 ὢν

2442 2998 2730 3066 ἀκτήμων,
2758 2996 2837 3058 είς
2869 2995 3087 3063 ἔλεγχον
3118 2994 3225 3045 τῶν
3260 2996 3613 3063 ἀμεταδότων
3638 2998 3925 3050 πλουσίων.

3031 3075 3283 3129 ΚΕΦΑΛ.
3317 3078 3419 3130 Pl'.

2987 3162 3125 3227 Περὶ
3159 3160 3460 3215 Γαδόανᾶ.

2513 3247 2727 3313 Ἐγνων
2776 3243 2885 3312 ἐγὼ
2939 3244 3175 3315 γέροντά
3207 3260 3330 3295 τινα
3378 3243 3732 3296 Παλαιστῖνον
3779 3245 4018 3298 Γαδδανᾶ

2438 3331 2696 3399 ὀνόματι·
2739 3328 2796 3390 ὃς
2842 3328 2931 3381 τὸν
2986 3331 3213 3393 άστεγον
3260 3328 3421 3394 ἔζησε
3455 3326 3567 3395 βίον
3594 3328 3683 3379 τὸν
3715 3330 3895 3382 πάντα
3924 3330 4017 3397 τῆς

2438 3416 2583 3483 ζωῆς
2600 3412 2764 3466 αὑτοῦ
2784 3417 2991 3481 χρόνον,
3007 3414 3086 3473 είς
3102 3414 3226 3473 τούς
3249 3415 3373 3481 περὶ
3392 3414 3481 3463 τὸν
3501 3413 3767 3481 Ἰορδάνην
3802 3415 4013 3475 τόπους.

2438 3498 2624 3565 Τούτῳ
2648 3498 2773 3549 ποιέ
2798 3495 2873 3563 τῷ
2900 3497 3153 3563 μακαρίῳ
3173 3496 3409 3565 ἐρημίτη
3426 3496 3662 3547 Ἰουδαῖοι
3684 3497 3823 3548 κατά
3864 3497 4017 3563 ζῆλον

2440 3580 2756 3647 ἐπιθέμενοι
2786 3582 2841 3630 ἐν
2871 3582 2982 3640 τοῖς
3012 3581 3138 3646 περὶ
3172 3582 3269 3646 τήν
3290 3580 3505 3647 Νεκράν
3525 3580 4015 3640 θάλασσαντόποις.

2439 3664 2590 3730 ξίφος
2620 3662 3003 3730 γυμνώσαντες
3029 3660 3148 3713 κατ’
3172 3662 3336 3714 αὑτοῦ
3364 3663 3595 3731 ἐπῆλθον
3614 3664 3779 3731 αὐτῷ.
3818 3665 4015 3731 Συνέϐη

2436 3747 2491 3796 δέ
2507 3746 2691 3812 θαῦμα
2708 3744 2944 3797 τοιοῦτον
2963 3746 3231 3810 γενέσθαι·
3254 3745 3341 3796 Ἐν
3359 3744 3503 3813 τῷτὸ
3524 3746 3671 3811 ξίφος
3685 3749 3914 3815 ἐπᾶραι,
3933 3752 4017 3797 καὶ

2439 3829 2761 3897 βουληθῆναι
2779 3829 2979 3879 σπᾶσαι
2999 3830 3138 3879 κατά
3153 3827 3243 3879 τοῦ
3262 3827 3496 3881 Γαὸδανᾶ
3511 3829 3597 3879 τὸν
3616 3830 3735 3880 δλεθ
3748 3848 3837 3895 ρον
3869 3871 3881 3891 ,
3921 3833 4016 3879 άπ-

2437 3913 2703 3981 ιξηράνθη
2729 3914 2760 3981 ή
2784 3913 2900 3979 χεὶρ
2922 3910 3013 3961 τοῦ
3039 3912 3097 3961 τὸ
3117 3910 3265 3976 ξίφος
3283 3912 3618 3979 κατέχοντος
3640 3914 3733 3964 καὶ
3752 3914 3911 3964 τοῦτο
3928 3914 4014 3964 ἀπ’

2439 3994 2605 4045 αὑτοῦ
2632 3995 2975 4062 ἀναισθήτως
3007 3994 3483 4061 κατέπεσεν.Αὑτη
3515 3996 3546 4062 ἡ
3569 3995 3718 4063 παρά
3736 3995 3872 4047 Θεοῦ
3899 3996 4015 4064 βοή-

2438 4075 2555 4127 θεια
2588 4076 2871 4143 σύμμαχος
2896 4076 3117 4141 γέγονεν
3146 4076 3239 4127 τοῦ
3270 4078 3424 4143 ἁγίου
3462 4077 3722 4139 Γαδδανᾶ,
3760 4080 3854 4129 καὶ
3886 4079 4016 4143 αῦτη

2439 4160 2470 4226 ή
2507 4159 2676 4227 ἀρετὴ
2712 4158 2805 4209 τοῦ
2841 4159 3109 4226 μακαρίου
3139 4158 3328 4227 ἀνδρὸς
3364 4160 3465 4220 ἕως
3493 4160 3595 4223 ἐξω
3624 4159 3717 4211 τοῦ
3750 4159 3885 4228 βίου.

3005 4256 3254 4309 ΚΕΦΑΛ.
3307 4258 3455 4311 PIA'.

3039 4340 3179 4406 Περὶ
3222 4342 3412 4396 Ἠλία.

2528 4422 2711 4483 Ἥλίας
2743 4423 2903 4474 πάλιν
2934 4422 3161 4491 ὀνόματι
3206 4426 3452 4493 μονάζων
3499 4427 3933 4498 εὐδοκιμώτατος
3963 4431 4017 4481 ἐν

2375 4489 2416 4542 Ῑ)
2447 4509 2554 4567 τοῖς
2592 4506 2773 4567 αὐτοῖς
2801 4507 2985 4567 τόποις
3024 4509 3081 4557 ἐν
3127 4506 3377 4577 σπηλαίῳ
3402 4511 3661 4579 κατῴκει,
3695 4516 4016 4581 σεμνοτάτου

2450 4593 2540 4642 καὶ
2595 4591 2855 4659 ἐνθέσμου
2908 4589 3023 4657 βίου
3084 4591 3365 4661 ὑπάρχων,
3402 4597 3467 4661 τῇ
3499 4596 3797 4665 ἐγκρατείᾳ
3833 4602 3923 4648 και
3956 4600 4017 4665 τῇ

2450 4676 2579 4741 εὐχῇ
2611 4677 2985 4741 προσανεῖχεν,
3014 4674 3346 4743 φιλοφρόνως
3365 4677 3571 4738 πάντας
3591 4678 3878 4749 ξενοδοχῶν
3899 4684 4018 4739 τοὺς

2451 4756 2939 4824 παραγινομένους.
2993 4758 3137 4817 Μιᾶς
3190 4754 3283 4807 οὑν
3338 4758 3444 4808 τῶν
3494 4761 3718 4829 ἡμερῶν
3780 4762 4019 4827 ἀδελφῶν

2451 4839 2601 4907 αὐτῷ
2626 4838 3039 4905 ἐπεληλυθότων
3069 4839 3332 4893 πλειόνων
3383 4838 3467 4909 (ἦν
3517 4846 3626 4911 γάρ
3675 4846 3909 4911 πάροδος
3956 4844 4019 4895 δι’

2451 4921 2637 4989 αὐτοῦ)
2674 4921 2900 4988 ἐλείφθη
2958 4924 3177 4990 ἀρτων*
3246 4926 3340 4975 καὶ
3398 4924 3755 4993 διομνύμενος
3808 4928 4017 4978 ἑπεισεν

2450 5006 2617 5073 ἡμᾶς,
2652 5005 2734 5056 ὅτι
2783 5004 2919 5072 Il'ap'
2952 5006 3130 5070 ὀλίγον
3174 5006 3554 5077 ἐλιποθύμησα
3583 5012 3675 5059 ἐπὶ
3715 5014 3781 5079 τῇ
3830 5012 4019 5063 σπάνει

2447 5090 2555 5139 τών
2579 5089 2819 5156 τροφῶν.
2852 5088 3125 5140 Εἰσελθὼν
3150 5088 3241 5141 οὐν
3272 5093 3329 5141 έν
3362 5079 3438 5161 τῷ
3469 5093 3666 5161 κελλίῳ
3696 5095 3835 5146 πάνυ
3868 5098 4019 5165 περί-

2447 5172 2615 5232 λυπος
2643 5172 2701 5222 τὸ
2736 5170 2852 5231 πῶς
2891 5172 2967 5231 είς
2998 5173 3119 5231 τοὺς
3168 5176 3645 5243 παραγενομένους
3678 5176 3814 5243 πρός
3870 5195 3932 5245 με
3965 5178 4018 5229 τὸ

2446 5258 2543 5324 τῆς
2575 5258 2795 5324 ἀγάπης
2824 5256 3022 5324 μέτρον
3050 5256 3457 5327 ἀποπληρώσω,
3478 5253 3637 5328 εὗρον
3657 5262 3805 5328 τρεῖς
3830 5264 4019 5331 ἄρτου;

2451 5340 2718 5409 μεγάλους
2749 5340 2972 5406 νεαροὺς
3003 5341 3311 5408 κειμένους,
3341 5341 3433 5404 οὓς
3458 5342 3636 5395 λαϐὼν
3656 5344 3860 5411 χαίρων
3890 5364 4020 5414 παρ-

2450 5428 2644 5494 έθηκα.
2675 5426 2785 5477 Καὶ
2842 5426 3120 5495 φαγόντων
3152 5428 3229 5485 είς
3259 5428 3419 5494 κόρον
3458 5430 3630 5479 είκοσι
3661 5428 3875 5496 ἀνδρῶν
3906 5432 4018 5479 ἐπε-

2453 5511 2732 5579 ρίσσευσεν
2760 5510 2788 5559 ό
2822 5506 2904 5569 εἷς
2929 5508 3296 5577 ἀρτος.Ἀρας
3318 5509 3409 5561 οὖν
3440 5510 3627 5562 τοῦτον
3650 5508 3760 5577 ἐγὼ
3787 5512 4013 5578 ἐχρησέ.ε

2455 5612 2564 5662 μην
2598 5594 2690 5645 ἐπὶ
2715 5597 2927 5662 ἡμέρας
2958 5596 3126 5646 είκοσι
3153 5596 3332 5647 πέντε.
3352 5594 3495 5662 Αῦτη
3570 5599 3727 5663 χάρις
3763 5598 3898 5664 μετά
3935 5593 4014 5645 τοῦ

2448 5678 2724 5743 φιλοξένου
2747 5678 2965 5743 γέγονεν
2984 5672 3222 5736 Ἠλία,οῦ
3242 5678 3293 5727 αἱ
3312 5678 3537 5745 ἀμοιϐαὶ
3554 5678 3659 5729 τῶν
3675 5679 3851 5731 πόνων
3872 5678 4011 5746 παρὰ

2448 5760 2521 5828 τῷ
2544 5759 2911 5828 φιλανθρώπῳ
2941 5762 3004 5811 Δε
3016 5759 3184 5831 επότῃ
3199 5761 3353 5829 εὐτρε
3364 5761 3646 5828 πιζόμεναι
3662 5762 3769 5814 ζ’πέ
3780 5778 3908 5832 ρχου
3918 5778 4009 5813 σιν.
