4258 6360
324 362 463 416 1915

314 567 637 618 deducentes
665 579 786 617 eum
823 565 889 616 ad
912 565 1264 632 cognitionem
1309 578 1419 617 sum.
1473 560 1870 627 imbecillitatis,

316 656 525 707 illusum
554 671 581 707 a
611 655 852 709 dmmone
880 657 1162 722 superbiae,
1192 666 1240 710 et
1271 656 1469 709 sanctis
1500 658 1743 725 precibus
1766 657 1877 711 suis

315 745 367 797 in
397 744 675 812 pristinam
699 746 818 797 vitae
844 746 1179 799 sanctitatem
1210 747 1569 799 restituerunt.

907 854 1129 907 CAPUT
1157 854 1285 906 CVI.

808 966 919 1019 Vita
948 968 1136 1021 abbatis
1168 966 1381 1035 Elpidit'.

385 1077 439 1131 In
470 1076 897 1129 Amorrltzeoruni
942 1077 1209 1143 speluncis
1238 1091 1357 1144 quas
1402 1084 1528 1129 sunt
1555 1077 1607 1130 in
1639 1075 1872 1143 Iericho,

312 1180 444 1232 quas
472 1166 597 1217 olim
634 1175 1044 1218 construxerant
1073 1165 1330 1234 fugientes
1377 1165 1557 1219 Jesum
1591 1166 1749 1231 Nave,
1785 1168 1874 1235 qui

312 1268 436 1307 tunc
483 1256 828 1322 populabatur
874 1257 1216 1325 a'ienigenas,
1265 1259 1314 1310 in
1366 1267 1543 1311 monte
1591 1259 1730 1311 Luca
1780 1258 1877 1312 fuit

309 1349 523 1414 quidam
566 1349 822 1415 Elpiitius,
877 1350 1159 1418 Cappadox
1200 1367 1415 1421 genere,
1466 1364 1645 1418 postea
1699 1366 1875 1409 autem

310 1433 555 1502 dignatus
600 1441 969 1508 presbyteratu
1004 1443 1312 1494 monasterii
1342 1443 1481 1509 quod
1521 1443 1628 1497 illic
1657 1454 1732 1497 est
1753 1484 1767 1505 ,
1800 1444 1875 1497 fa-

310 1536 429 1580 ctus
459 1543 488 1579 a
519 1528 795 1581 Timotheo
827 1531 1203 1595 cliorepiscopo
1228 1531 1592 1595 Cappadociae,
1625 1533 1740 1585 viro
1769 1534 1877 1585 suf-

312 1618 689 1672 ticicittissimo.
740 1620 787 1671 Is
836 1619 1090 1673 habitavit
1136 1623 1186 1673 in
1236 1622 1459 1687 quadam
1506 1621 1775 1686 spelunca,
1815 1629 1873 1674 et

312 1719 511 1763 tantam
567 1712 615 1763 iii
663 1712 1042 1764 exercitatione
1088 1712 1318 1764 ostendit
1370 1711 1770 1772 continentiam,
1818 1720 1875 1764 ut

312 1816 497 1854 omnes
520 1802 846 1854 obscuraret.
882 1801 1184 1856 Vixitenim
1215 1803 1393 1869 viginti
1426 1803 1656 1868 quinque
1680 1818 1865 1863 annos,
1900 1831 1947 1890 Β
1974 1820 2259 1875 ἀωηιοηθς,
2292 1825 2441 1879 Nunc
2471 1840 2644 1882 autem
2688 1847 2931 1888 reversus
2969 1801 3301 1909 inupatriain,

511 1906 526 1909 _
575 1890 735 1909 --.ω
788 1889 1030 1909 (UL..-
1079 1898 1120 1909 -.
1172 1890 1239 1909 π

314 1904 530 1942 vesanis
572 1890 743 1943 solum
787 1889 1033 1944 Sabbatis
1072 1898 1127 1943 et
1170 1890 1487 1953 Dominicis;
1519 1901 1664 1942 stans
1692 1903 1867 1943 autem

311 1991 450 2034 totas
476 1993 655 2034 noctes
683 1983 951 2036 cantabat.
982 1981 1150 2046 Quem
1182 1982 1318 2035 sicut
1342 1996 1468 2048 apes
1492 1996 1667 2048 regem
1693 1997 1869 2042 suum,

308 2073 382 2125 ita
423 2074 693 2124 innumeta
728 2072 1005 2127 multitudo
1047 2071 1263 2124 fratrum
1293 2081 1494 2133 secuta,
1531 2072 1678 2123 illum
1720 2086 1871 2123 tuon-

310 2173 416 2215 tem
458 2162 736 2215 a‘dilieavit
769 2178 782 2212 :
816 2162 1112 2227 Iicebatque
1162 2160 1265 2213 illic
1308 2162 1491 2215 videre
1520 2160 1654 2228 apud
1687 2176 1872 2212 unum-

311 2270 575 2322 quemque
616 2255 855 2308 diveisos
898 2254 1085 2307 modos
1114 2256 1234 2306 vita:
1277 2251 1698 2306 exercitationis.
1728 2252 1872 2304 Hunc

309 2348 595 2415 aliquando
639 2347 927 2415 Elpidium,
978 2356 1030 2399 et
1081 2361 1203 2401 vere
1233 2345 1517 2413 Elpidium,
1551 2346 1638 2411 qui
1689 2359 1871 2397 revera

311 2454 406 2505 spe
443 2438 721 2508 gaudebat,
762 2448 815 2491 et
858 2446 1075 2506 propter
1116 2435 1383 2491 Christum
1425 2435 1713 2489 sustinebat
1739 2434 1872 2487 afﬂi-

315 2533 568 2593 ctionem,
600 2540 757 2583 noctu
781 2530 1091 2597 psallentem
1116 2529 1266 2582 nobis
1289 2542 1389 2581 una
1413 2542 1531 2579 cum
1560 2541 1623 2578 eo
1647 2525 1871 2593 psallen-

312 2625 473 2685 tibus,
505 2623 723 2690 pupugit
748 2620 987 2685 scorpius
1019 2636 1032 2671 :
1071 2634 1227 2688 quem
1268 2632 1386 2672 eum
1419 2620 1672 2671 calcasset
1701 2627 1870 2680 stans,

312 2731 417 2768 non
447 2713 666 2765 mutavit
697 2712 930 2766 habitum
960 2711 1198 2779 corporis
1230 2727 1244 2773 ;
1276 2720 1415 2761 tanta
1445 2709 1717 2761 tolerantia
1750 2706 1871 2759 nul-

314 2808 416 2865 l-ent
462 2806 609 2857 duxit
656 2805 910 2857 rationem
960 2804 1159 2856 doloris
1204 2818 1359 2869 quem
1394 2802 1577 2853 inussit
1610 2798 1867 2861 seorpius.

317 2904 481 2956 Porro
504 2907 679 2955 autem
712 2910 826 2952 cum
868 2895 1095 2969 qumiam
1122 2894 1210 2952 die
1236 2892 1451 2968 quidam
1480 2893 1643 2952 frater
1670 2907 1873 2950 tenetet

315 2994 538 3046 frustum
570 2993 822 3045 sarmenti
857 2990 1030 3062 (154),
1059 2991 1108 3043 id
1156 2991 1358 3055 accepit
1392 3002 1604 3042 sanctus
1639 2989 1762 3041 dum
1790 3003 1873 3042 se—

314 3086 464 3137 deret
487 3088 535 3137 in
556 3082 789 3152 margine
812 3083 1028 3142 montis.
1051 3094 1101 3137 et
1125 3082 1307 3134 infodit
1332 3091 1577 3148 tauquam
1603 3081 1868 3148 plantans,

1597 365 1912 422 HISTORIA
1956 364 2311 424 LAUSIACA.

317 486 365 528 et
396 474 562 542 magis
596 474 1005 539 indifferentem,
1057 484 1310 529 curarunt
1336 470 1481 529 eum
1528 490 1557 527 a
1601 475 1870 540 superbia,
1904 477 1952 533 Α

3399 378 3535 442 i2“

2561 482 2784 541 CAPUT
2819 484 2955 543 CIX.

2449 570 2567 624 Vita
2592 574 2784 629 abbatis
2812 576 3047 632 Sisinnii.

2051 653 2217 724 llujns
2240 655 2526 725 discipulus
2554 662 2812 717 Sisinnins
2836 668 3067 731 nomine,
3090 671 3175 738 qui
3204 673 3395 736 prodiit
3421 676 3539 744 qni-

1977 743 2096 797 dem
2117 760 2183 798 ex
2212 750 2396 803 servili
2422 751 2654 817 fortuna;
2682 754 2781 807 fide
2812 766 2987 811 autem
3015 759 3166 822 liber,
3185 778 3377 830 genere
3403 743 3536 832 Cap.

1979 834 2169 901 padox.
2214 837 2432 905 Oportet
2472 842 2611 894 enim
2657 859 2845 911 genera
2881 862 3091 916 quoque
3129 853 3425 917 significare
3470 857 3535 908 ad

1974 926 2192 992 gloriam
2223 928 2417 982 Christi
2446 933 2531 999 qui
2564 948 2659 987 nos
2685 936 2853 989 reddit
2881 938 3051 991 claros
3082 955 3297 1008 genere,
3330 960 3531 1012 nosque

1978 1013 2186 1070 dedittit
2212 1019 2275 1072 ad
2313 1021 2516 1075 beatam
2545 1034 2598 1077 et
2638 1040 2815 1079 veram
2847 1030 3199 1097 nobilitatem,
3232 1050 3418 1103 nempe
3447 1054 3533 1093 re-

1976 1121 2134 1172 gnum
2157 1112 2433 1165 caelorum.
2465 1114 2558 1167 Hic
2586 1131 2706 1170 cum
2741 1119 2921 1175 fuisset
2949 1124 3101 1191 longo
3131 1134 3370 1193 tempore
3393 1132 3531 1196 apud

1977 1195 2186 1251 beatqu
2222 1201 2478 1268 Elpitlinm
2510 1206 2644 1258 acris
2672 1209 2867 1263 athleta
2904 1212 3153 1266 virtutum
3192 1220 3528 1273 exercitatio-

1978 1288 2079 1348 nis,
2112 1302 2163 1341 ut
2196 1292 2283 1356 qui
2313 1305 2401 1343 sex
2427 1294 2510 1345 vel
2535 1305 2736 1360 septem
2767 1300 2920 1351 annis
2941 1301 3209 1356 didicisset
3237 1308 3329 1357 viri
3362 1309 3528 1376 virtu-

1977 1382 2076 1433 tes.
2100 1387 2153 1429 et
2183 1376 2538 1434 fortitudinem
2558 1383 2793 1436 laborum
2824 1387 2873 1438 in
2902 1390 3298 1451 exercitatione.
3321 1394 3365 1447 is
3390 1405 3531 1459 post-

1976 1479 2035 1516 ea
2074 1467 2301 1532 seipsttm
2331 1472 2535 1523 inclusit
2561 1476 2902 1531 monimento.
2939 1479 2993 1531 Itt
3026 1495 3091 1534 eo
3130 1492 3304 1536 autem
3335 1491 3533 1541 consti-

1977 1560 2119 1606 tutus
2172 1560 2281 1609 tres
2350 1569 2559 1617 annos,
2635 1564 3005 1625 perseveravit
3056 1565 3109 1619 itt
3174 1575 3529 1642 orationibus,

1977 1654 2078 1691 non
2108 1652 2286 1705 noctu,
2312 1661 2415 1695 non
2453 1650 2676 1702 interdiu
2698 1653 2908 1717 sedens,
2936 1671 3038 1709 non
3060 1662 3395 1727 accumbens,
3426 1686 3529 1723 non

1977 1726 2113 1781 foras
2150 1732 2447 1798 egrediens.
2503 1739 2549 1791 Is
2587 1752 2856 1796 assecutus
2902 1758 2981 1798 est
3020 1751 3241 1815 gratiam
3277 1726 3532 1814 advetsus

1974 1847 2259 1875 utnuluucs.
2292 1847 2441 1879 nunc
2471 1847 2644 1882 autent
2688 1847 2931 1888 reversus
2969 1851 3023 1889 tn
3060 1847 3301 1909 patriam,
3342 1847 3533 1914 dignus

1971 1920 2052 1963 est
2082 1911 2289 1965 habitus
2322 1918 2714 1985 presbyteratu;
2747 1923 2813 1975 ah
2838 1939 2902 1976 eo
2943 1928 3161 1981 collecta
3204 1931 3529 1992 fraternitate

1979 2002 2216 2054 virorum
2246 2014 2298 2056 et
2328 2006 2626 2068 mulierum.
2658 2009 2779 2063 dato
2804 2014 3105 2067 testimonio
3132 2017 3531 2085 itnpatibilitatis

1976 2108 2067 2159 per
2097 2094 2374 2150 honestam
2406 2102 2526 2151 vitae
2554 2102 2955 2168 institutionem,
2982 2116 3035 2160 et
3057 2113 3283 2164 mascula
3311 2119 3528 2179 expulsa

1971 2186 2385 2251 suacupiditate,
2415 2196 2468 2241 et
2494 2188 2804 2245 feminarum
2837 2198 3055 2250 mollitie
3088 2204 3373 2256 constricta
3404 2221 3531 2260 con—

1973 2276 2223 2339 tinentia,
2272 2278 2407 2331 adeo
2448 2289 2502 2332 ut
2536 2280 2817 2348 impleatur
2854 2287 2993 2353 quod
3033 2288 3287 2356 scriptum
3317 2288 3437 2348 est:
3473 2298 3527 2352 In

1973 2362 2184 2417 Christo
2208 2365 2331 2419 Jestt
2357 2384 2458 2421 non
2482 2379 2564 2422 est
2580 2377 2844 2426 masculus
2867 2384 2919 2426 et
2940 2378 3161 2443 femina;
3193 2398 3294 2434 non
3317 2394 3399 2437 est
3419 2400 3531 2439 ser-

1974 2469 2089 2543 vus,
2116 2472 2211 2511 nec
2241 2458 2367 2511 liber
2396 2458 2590 2526 (Galat.
2618 2479 2631 2516 l
2660 2464 2718 2529 t).
2746 2466 2834 2518 Est
2864 2477 3035 2522 autem
3068 2474 3224 2525 etiam
3256 2476 3529 2543 insigniter

1975 2540 2267 2611 hospitalis,
2299 2552 2398 2601 etsi
2442 2562 2617 2604 careat
2648 2558 3089 2627 possessionibus,
3125 2562 3176 2616 in
3207 2540 3524 2632 vituperium

1971 2630 2188 2687 divitum
2218 2638 2303 2704 qui
2335 2639 2549 2692 tninime
2577 2642 2965 2709 impertiuntur.

2570 2729 2793 2786 CAPUT
2831 2734 2940 2789 CX.

2354 2816 2470 2870 Vita
2499 2820 2691 2874 abbatis
2716 2823 2963 2880 Gaditana
2993 2829 3160 2898 (l57).

2042 2902 2173 2960 Novi
2216 2920 2313 2977 ego
2357 2922 2536 2965 senem
2585 2914 2864 2980 quemdam
2921 2916 3255 2976 Paliestinum
3312 2941 3530 2994 genere,

1974 2997 2279 3052 Gaddanam
2313 3006 2546 3067 nomine,
2593 3009 2680 3071 qui
2714 3018 2822 3061 toto
2850 3010 2968 3061 vita:
2999 3025 3107 3064 sua:
3138 3022 3374 3081 tempore
3404 3021 3532 3072 vixit

1974 3092 2347 3159 ahsquetecto,
2376 3095 2505 3146 vixit
2526 3105 2701 3149 autem
2731 3100 2870 3151 circa
2890 3099 3195 3156 Iordanem.
3229 3104 3375 3159 Hunc
3407 3109 3530 3161 bea-

314 3176 411 3230 etsi
451 3190 554 3228 non
596 3182 739 3228 esset
794 3184 1034 3239 tempus;
1081 3186 1249 3239 usque
1284 3171 1415 3223 adeo
1466 3182 1638 3220 autem
1681 3170 1866 3228 crevit.
1894 3182 1938 3240 ε
1974 3188 2082 3229 tum
2114 3182 2406 3245 eremitam,
2444 3198 2561 3235 cum
2584 3186 2751 3238 Judaei
2785 3190 2911 3241 tttoti
2941 3192 3296 3257 aemulatione,
3326 3194 3376 3246 in
3406 3195 3535 3249 locis

314 3276 368 3319 et
399 3276 502 3318 tam
541 3265 714 3332 ampla
759 3266 880 3317 vitis
919 3266 1104 3327 evasit,
1149 3271 1206 3316 ut
1254 3270 1453 3332 tegeret
1494 3271 1653 3315 totam
1704 3262 1872 3315 eccle-

901 3420 1127 3477 CAPUT
1165 3421 1317 3474 CVII.

850 3530 964 3584 Vita
1002 3534 1195 3584 abbatis
1225 3531 1453 3585 Α’Ῐηειίἱ.

382 3643 514 3696 Cum
557 3643 654 3695 hoc
690 3652 875 3695 sancto
914 3642 1002 3696 Dei
1038 3643 1231 3695 athleta
1274 3658 1373 3695 una
1413 3644 1571 3696 etiam
1617 3643 1712 3696 ftiit
1750 3658 1873 3697 con-

313 3744 605 3787 .snmmatus
657 3734 880 3802 inclytus
932 3734 1023 3788 Dei
1061 3748 1244 3787 servus
1283 3733 1568 3794 Enesius,
1629 3736 1707 3785 vir
1760 3750 1872 3786 nta-

314 3842 429 3892 gnae
456 3826 890 3890 existimationis,
932 3837 984 3879 et
1008 3830 1096 3894 qui
1140 3826 1234 3879 fuit
1273 3825 1491 3894 insignis
1524 3825 1574 3877 in
1613 3825 1873 3878 exercita-

314 3920 476 3971 tione.

872 3983 1095 4040 CAPUT
1132 3984 1307 4039 CVIII.

673 4096 790 4149 Vita
827 4095 1020 4148 abbatis
1058 4095 1315 4148 Eustathii
1353 4094 1521 4165 (I53).

388 4206 455 4260 Et
503 4206 617 4272 ejus
668 4204 829 4258 frater
886 4204 1194 4257 Eustathius
1256 4204 1303 4257 ei
1361 4204 1562 4257 honore
1620 4202 1870 4271 :cqnalis,

315 4307 662 4365 prontptoque
698 4308 751 4349 et
788 4296 948 4349 alacri
1000 4296 1177 4347 animo
1222 4308 1484 4349 exercens
1542 4296 1665 4348 vita
1701 4302 1873 4347 certa-

317 4403 478 4440 Illlﬂa.

1977 3282 2094 3335 qua:
2134 3280 2254 3321 sunt
2293 3272 2429 3324 circa
2464 3288 2610 3326 mare
2652 3275 2910 3328 Mortuntn
2934 3277 3120 3341 adorti,
3149 3274 3536 3350 stricto'gladin

1977 3358 2316 3421 invasissent,
2358 3362 2549 3414 accidit
2593 3374 2648 3416 ut
2684 3366 2784 3418 tale
2832 3366 2978 3420 fleret
3016 3356 3344 3425 miraculum.
3399 3372 3532 3427 Dum

1974 3465 2155 3501 ensem
2179 3453 2475 3516 extolleret,
2496 3465 2549 3507 et
2569 3457 2728 3508 vellet
2749 3456 3017 3512 Gaddante
3034 3460 3221 3515 afferre
3242 3463 3531 3527 interitum,

1974 3540 2235 3594 exsiccata
2265 3554 2345 3595 est
2375 3560 2560 3597 manus
2585 3545 2701 3612 ejus
2743 3547 2829 3612 qui
2860 3563 3042 3603 ensem
3093 3553 3340 3621 tenebat,
3388 3556 3535 3621 isque

1973 3629 2049 3683 illi
2078 3631 2145 3683 ita
2176 3633 2366 3686 cecidit
2408 3644 2463 3686 ut
2494 3650 2598 3687 non
2628 3638 2871 3691 sentiret.
2903 3638 3011 3693 Hoc
3057 3642 3305 3695 auxilium
3355 3657 3384 3695 a
3427 3646 3536 3700 Deo

1975 3720 2135 3773 latum
2159 3732 2239 3774 est
2262 3723 2413 3776 beato
2437 3724 2710 3789 Gaddana,
2744 3738 2798 3781 et
2829 3730 2940 3782 ha2c
2964 3734 3129 3785 victus
3157 3732 3295 3787 beati
3324 3735 3423 3789 viri
3447 3750 3537 3792 use

1974 3827 2077 3880 que
2103 3814 2165 3865 ad
2191 3814 2347 3868 tinem
2380 3818 2520 3869 vitm.

2558 3907 2781 3965 CAPUT
2819 3904 2956 3966 CXI.

2490 4020 2609 4072 Vita
2633 4023 2829 4077 abbatis
2863 4024 3008 4077 Elim.

2045 4127 2246 4183 Rursus
2273 4130 2482 4198 quidam
2529 4133 2667 4185 Elias
2697 4135 2987 4189 monachus
3017 4136 3440 4205 probatissimus,
3472 4141 3527 4197 in

1974 4218 2159 4271 iisdem
2184 4219 2311 4272 locis
2338 4222 2600 4274 habitabat
2630 4225 2678 4275 in
2708 4224 2958 4291 spelunca
2983 4242 2997 4289 ;
3022 4235 3075 4278 et
3100 4241 3219 4280 cum
3244 4239 3386 4282 esset
3412 4232 3535 4285 vita;

1975 4306 2362 4363 honestissimae
2386 4320 2440 4363 et
2486 4312 2536 4363 in
2567 4314 2749 4379 primis
2795 4314 3079 4383 religiosae,
3124 4320 3343 4371 vacabat
3362 4322 3539 4375 conti-

1979 4399 2172 4450 tientia:
2199 4406 2252 4451 et
2279 4400 2524 4464 orationi,
2553 4416 2736 4455 omnes
2772 4404 3113 4459 advenientes
3141 4407 3361 4475 benigne
3390 4411 3536 4465 exci-

389 4479 461 4530 Eo
487 4485 662 4529 autem
690 4476 947 4545 processit
985 4477 1169 4529 beatus
1211 4474 1448 4542 Elpidius
1476 4473 1871 4569 .impstibilitate
1904 4511 1954 4569 υ
1983 4489 2150 4553 piens.
2182 4490 2417 4552 Quodam
2459 4505 2583 4560 ergo
2627 4493 2713 4546 die
2762 4509 2880 4546 cum
2910 4496 3209 4562 complures
3253 4473 3441 4554 fratres
3472 4501 3537 4556 ad

312 4582 505 4633 corpus
532 4579 827 4630 macerans,
854 4575 907 4618 ut
934 4574 1038 4617 tota
1066 4564 1181 4632 ejus
1206 4564 1357 4633 (I56)
1384 4562 1581 4617 ossium
1609 4572 1871 4617 structura

312 4659 591 4726 perspicue
620 4668 842 4725 pateret.
886 4656 1076 4711 Fertur
1104 4667 1276 4709 autem
1323 4657 1419 4710 hoc
1448 4673 1653 4723 quoque
1680 4655 1731 4709 in
1757 4656 1873 4721 ejus

314 4748 526 4802 virtutis
553 4748 940 4801 narrationibus
965 4764 993 4800 a
1017 4748 1264 4801 studiosis
1285 4747 1704 4813 etttsdiscipulis,
1732 4746 1871 4814 quod

316 4839 443 4891 t0tis
474 4838 655 4905 viginti
678 4840 911 4905 quinque
938 4839 1092 4891 annis
1121 4852 1223 4891 non
1254 4839 1349 4891 fuit
1372 4852 1657 4891 conversus
1681 4839 1744 4890 ad
1772 4836 1873 4890 0c-

312 4927 617 4992 cidentem;
664 4928 761 4980 etsi
808 4932 1075 4995 speluncae
1126 4928 1318 4980 ostium
1368 4938 1506 4982 esset
1550 4930 1775 4995 positum
1820 4930 1870 4981 in

305 5020 508 5072 montis
546 5021 837 5072 cacumine.
881 5019 1062 5086 Neque
1105 5026 1222 5086 post
1262 5019 1440 5071 horam
1470 5028 1671 5071 sextam
1702 5019 1868 5071 solent

315 5111 408 5177 qui
440 5110 746 5162 imminebat
788 5110 967 5175 capiti,
1000 5108 1130 5161 vidit
1175 5124 1400 5175 unquam
1443 5108 1779 5161 inclinantem
1807 5110 1870 5159 ad

313 5202 685 5263 Occidentem;
731 5215 901 5268 neque
950 5200 1130 5253 stellas
1168 5214 1285 5266 quae
1318 5200 1367 5250 in
1403 5213 1593 5251 occasu
1631 5200 1873 5251 oriuntur

313 5298 445 5351 vidit
480 5297 658 5364 viginti
686 5297 858 5350 anuis.
891 5295 987 5348 Hic
1021 5308 1240 5362 magnus
1264 5292 1457 5345 athleta
1493 5292 1771 5359 patientia),
1806 5306 1869 5345 ex

312 5404 421 5457 quo
445 5390 710 5455 ingressus
731 5399 813 5440 est
837 5386 1163 5452 speluncam,
1188 5399 1289 5437 non
1312 5383 1588 5437 descendit
1609 5382 1674 5436 de
1698 5392 1876 5437 monte

315 5481 483 5532 donec
523 5475 623 5531 fuit
649 5476 904 5543 sepultus.
954 5476 1075 5528 Ilaec
1115 5484 1236 5528 sunt
1265 5474 1494 5530 cmlestia
1525 5474 1755 5527 facinora
1782 5488 1875 5527 co-

316 5568 485 5620 ronati
517 5576 568 5619 et
596 5567 777 5620 invicti
807 5566 1018 5618 athleta:
1041 5564 1251 5632 Elpidii,
1282 5564 1368 5632 qui
1401 5578 1535 5617 nunc
1556 5578 1674 5617 cum
1698 5564 1774 5617 sui
1806 5564 1873 5615 si-

314 5656 532 5708 milibus
555 5654 698 5722 tiegit
728 5658 779 5707 iu
812 5658 1072 5721 paradiso.

1978 4594 2097 4632 enni
2147 4582 2513 4646 accessissent,
2548 4593 2659 4636 erat
2687 4586 2826 4639 enim
2871 4587 2993 4639 illac
3020 4590 3099 4642 eis
3128 4592 3533 4661 transeundum,

1978 4670 2025 4723 ei
2066 4685 2228 4734 panes
2256 4670 2557 4725 defecerunt
2582 4690 2595 4735 ;
2618 4673 2908 4741 juransque
2942 4676 3093 4730 nobis
3136 4678 3433 4732 affirmabat
3460 4684 3536 4736 di-

1979 4774 2104 4812 cens
2138 4777 2150 4811 :
2194 4760 2573 4826 Propemodum
2625 4778 2739 4817 sum
2766 4766 3095 4820 exanimatus
3130 4769 3197 4819 ob
3236 4770 3337 4822 cilii
3375 4786 3539 4835 penn-

1979 4849 2133 4901 riani.
2192 4850 2460 4912 Ingressus
2492 4868 2617 4921 ergo
2656 4855 2843 4908 cellam
2900 4872 3127 4911 tnoarore
3165 4860 3321 4912 animi
3361 4864 3539 4917 conte-

1978 4947 2113 4998 ctus.
2147 4942 2282 5006 quod
2317 4946 2573 4997 nescirem
2616 4948 3054 5011 quemadmodum
3104 4951 3155 5001 in
3197 4966 3289 5004 eos
3318 4956 3404 5017 qui
3439 4956 3534 5004 atl-

1978 5039 2269 5093 ventarant,
2309 5033 2579 5098 implerem
2610 5049 2702 5099 pro
2738 5036 2934 5089 viribus
2962 5052 3259 5092 mensuram
3302 5042 3535 5095 charita-

1981 5120 2063 5183 tis,
2115 5118 2287 5173 inveni
2338 5132 2443 5175 tres
2481 5136 2718 5177 recentes
2768 5140 2927 5192 panes
2976 5126 3082 5180 illic
3127 5130 3354 5195 positos,
3401 5146 3537 5193 quos

1979 5209 2131 5261 Iaztus
2157 5212 2331 5278 accepi
2363 5221 2415 5265 et
2444 5218 2683 5280 apposui.
2729 5214 2860 5267 Cum
2889 5225 3061 5270 autem
3092 5218 3273 5283 viginti
3308 5221 3400 5271 viri
3437 5234 3529 5274 eo-

1980 5298 2267 5351 tnedissent
2295 5300 2359 5353 ad
2390 5302 2708 5367 satietatem,
2740 5306 3002 5372 superfuit
3031 5324 3162 5361 unus
3193 5309 3363 5375 panis.
3400 5310 3532 5364 Eum

1977 5396 2151 5439 autem
2189 5401 2306 5441 cum
2336 5391 2686 5457 sustulissem,
2720 5408 2847 5447 usus
2864 5410 2978 5449 sum
3007 5412 3072 5450 eo
3095 5397 3276 5465 viginti
3305 5399 3538 5466 quinque

1974 5476 2179 5529 diebus.
2228 5478 2351 5533 Htec
2380 5480 2577 5534 domini
2620 5486 2785 5551 gratia
2826 5483 2962 5539 facta
3008 5495 3091 5539 est
3139 5502 3257 5540 cum
3289 5486 3535 5556 hospitali

1976 5565 2116 5623 Elia.
2171 5568 2322 5631 cujus
2374 5570 2609 5622 laborum
2666 5574 3122 5629 reutunerationes
3165 5586 3359 5645 parata:
3414 5582 3537 5633 sunt

1976 5658 2110 5723 apud
2137 5658 2419 5725 benignum
2446 5661 2747 5715 Domitium.
