4258 6360
710 390 843 444 1ἳ15

1274 512 1499 569 CAPUT
1535 509 1696 564 CXII.

1302 602 1374 653 De
1404 601 1663 655 Sabbatio.

774 702 998 764 Quidam
1023 693 1287 749 secularis
1312 692 1594 746 Snbbatius
1619 687 1850 749 nomine,
1872 682 2269 739 Jerichuntinus

706 806 921 858 genere,
970 804 1088 841 cum
1122 787 1337 837 haberet
1366 796 1605 843 uxorein,
1642 789 1853 845 propter
1881 776 1973 828 Dei
2027 776 2266 859 timorem

706 884 838 934 adeo
869 879 1060 932 amavit
1106 875 1411 934 monachos,
1446 880 1502 924 ut
1545 871 1656 937 ipse
1685 869 1854 919 obiret
1895 867 2059 919 cellas
2086 875 2136 916 et
2159 878 2273 914 om-

709 988 825 1023 nem
852 968 1044 1023 solitud
1069 980 1188 1017 nem
1217 965 1477 1023 noctibus,
1511 969 1563 1011 et
1595 961 1642 1010 in
1672 970 1982 1023 unoquoque
2007 964 2273 1005 monaste-

709 1065 789 1114 rio
818 1060 946 1111 foris
977 1066 1195 1126 poneret
1225 1070 1385 1107 unum
1418 1052 1647 1105 modium
1692 1049 2044 1117 dactylorum,
2076 1054 2127 1096 et
2158 1045 2270 1095 ole-

708 1166 821 1203 rum
851 1150 988 1214 quod
1020 1147 1149 1200 satis
1177 1152 1335 1205 esset,
1365 1149 1640 1204 prapterea
1682 1136 1821 1203 quod
1855 1149 1986 1200 pane
2023 1148 2125 1184 non
2159 1144 2277 1183 Ves-

710 1246 895 1291 cantur
915 1236 1001 1302 qui
1034 1237 1082 1285 in
1110 1234 1340 1287 Joruane
1366 1238 1485 1281 sunt
1507 1228 1908 1281 exercitatores.
1939 1222 2066 1274 Huic
2097 1220 2276 1272 Ilo-ua-

709 1330 929 1381 chorum
964 1323 1230 1389 excepturi
1284 1318 1463 1387 (158),
1519 1327 1571 1367 et
1618 1313 1909 1367 commoda:
1959 1326 2154 1365 mensa:
2186 1324 2280 1376 pro

715 1416 1109 1468 continentibus
1160 1411 1425 1471 structori,
1482 1421 1599 1460 cum
1632 1406 1676 1457 is
1705 1407 1928 1471 quodam
1963 1401 2045 1453 die
2076 1400 2282 1451 tulisset

711 1508 909 1559 sanctis
960 1518 1077 1571 quae
1109 1498 1477 1553 exercitationi
1525 1505 1674 1548 erant
1714 1492 2027 1552 necessaria,
2066 1488 2280 1556 maligni

718 1594 1053 1647 a‘mulatione
1085 1592 1166 1643 leo
1197 1588 1448 1651 occurrit,
1492 1583 1705 1637 inimico
1732 1582 2107 1634 monachorum
2138 1580 2281 1630 exci-

722 1692 863 1735 tante
890 1684 1171 1733 inunanetn
1204 1676 1365 1729 feram
1390 1675 1643 1725 adversus
1673 1672 1971 1725 ministrum
2005 1669 2285 1719 monacho-

720 1788 857 1837 rutn,
889 1771 1130 1821 studente
1152 1776 1205 1819 et
1237 1767 1353 1817 illos
1380 1764 1585 1830 privare
1608 1761 1915 1823 refectione,
1944 1770 1997 1811 et
2020 1760 2157 1809 hunc
2188 1772 2285 1808 suo

2160 369 2474 423 PALLADII

2294 502 2340 556 Α
2371 500 2454 563 qui
2479 496 2649 548 adhuc
2671 494 2721 546 in
2753 492 3065 545 hodiernum
3097 490 3237 543 diem
3263 502 3291 540 a
3314 486 3519 541 calamo
3546 492 3599 537 et
3624 482 3809 535 charta
3837 496 3942 531 non

2370 594 2607 645 recess:t,
2642 598 2759 635 cum
2812 584 2879 635 sit
2920 590 3073 633 natus
3116 594 3312 631 annum
3342 575 3749 644 octogesimum.
3808 569 3948 622 Dixit

3810 345 3944 408 19.16

2375 678 2459 730 hic
2492 678 2673 729 beatus
2702 692 2713 725 :
2753 675 2823 726 Ex
2864 688 2967 741 quo
2992 686 3107 724 sum
3140 672 3372 724 initiatus
3417 676 3472 720 et
3501 673 3846 733 regeneratus
3881 676 3945 711 ex

2372 771 2571 836 Spiritu
2609 782 2660 821 et
2690 784 2845 835 aqua,
2878 779 3041 833 usque
3087 764 3138 817 in
3184 762 3494 815 hodiernum
3524 759 3682 819 diem,
3710 756 3949 807 alienum

2376 876 2560 927 panem
2584 862 2745 927 gratis
2771 873 2871 909 non
2897 855 3122 917 comedi,
3148 855 3237 905 sed
3257 868 3375 905 eum
3407 851 3495 917 qui
3520 866 3583 901 ex
3618 848 3841 913 propriis
3876 846 3950 894 la-

2378 953 2593 1006 boribus
2626 962 2837 1015 paratur
2868 966 2877 999 :
2912 957 2964 1001 et
3005 960 3181 999 coram
3216 945 3322 997 Deo
3353 944 3573 1009 loquens
3607 938 3755 1003 (I62)
3801 937 3953 988 nobis

2380 1043 2736 1110 persuadebat
2783 1053 2840 1091 se
2893 1038 3150 1089 ducentos
3197 1032 3577 1100 quinquaginta
3631 1028 3832 1079 Solidos
3890 1040 3954 1076 ex

2378 1147 2540 1199 opere
2570 1144 2817 1182 manuum
2849 1141 3063 1181 suarum
3092 1123 3305 1177 dedisse
3352 1122 3415 1174 iis
3445 1121 3531 1187 qui
3577 1126 3731 1168 erant
3781 1118 3957 1167 tnanci

2380 1238 2441 1277 ac
2460 1222 2646 1285 mutili,
2682 1235 2850 1286 neque
2883 1218 2972 1270 ulli
3005 1231 3234 1284 unquam
3272 1215 3457 1267 fecisse
3489 1210 3757 1279 injuriatn.
3788 1209 3835 1261 ls
3867 1224 3960 1276 pe-

2381 1312 2543 1365 chiri
2578 1310 2765 1362 itinere
2815 1310 2958 1360 venit
3001 1308 3222 1360 Romam
3265 1319 3430 1372 usque
3476 1304 3538 1355 ad
3592 1302 3851 1353 orandum
3912 1301 3962 1351 in

2391 1402 2645 1471 martyrio
2683 1410 2983 1453 sanctorum
3028 1398 3169 1451 Petri
3200 1406 3254 1449 et
3294 1394 3437 1447 Pauli
3472 1412 3482 1446 :
3519 1394 3751 1460 pervenit
3784 1401 3963 1443 antem

2384 1494 2542 1545 etiam
2576 1506 2740 1558 usque
2771 1492 2833 1542 ad
2869 1489 3266 1549 Alexandriam,
3299 1501 3418 1538 cum
3452 1486 3704 1547 vovisset,
3736 1486 3786 1533 in
3816 1496 3958 1533 mar-

2390 1587 2579 1653 tyrium
2626 1583 2911 1635 venerandi
2962 1582 3173 1632 athlelze
3207 1579 3387 1631 Marci.
3422 1578 3617 1645 Dignus
3648 1584 3849 1635 autem,
3887 1577 3964 1624 in-

2389 1676 2521 1739 quit,
2554 1688 2671 1725 sum
2704 1673 2934 1733 habitus,
2978 1671 3066 1738 qui
3111 1668 3215 1721 voti
3248 1669 3411 1737 gratia
3446 1668 3523 1719 bis
3557 1666 3784 1733 propriis
3816 1664 3965 1732 pedi-

2394 1762 2489 1814 bus
2520 1763 2755 1814 venirem
2802 1761 3130 1828 Jerosolyma
3162 1758 3226 1810 ad
3257 1757 3561 1811 honoranda
3614 1757 3725 1808 lora
3758 1766 3964 1812 sancta,

720 1862 1009 1928 proposito.
1042 1860 1243 1910 Etcum
1268 1855 1371 1906 fera
1396 1869 1513 1905 eum
1539 1851 2027 1917 comprehendisset
2056 1864 2079 1895 ιι
2114 1849 2284 1911 lapide
2317 1857 2359 1913 Β
2388 1860 2439 1903 et
2486 1852 2595 1917 ipse
2634 1851 2760 1903 inihi
2814 1852 3143 1917 suppeditavi
3199 1850 3484 1913 impen~as.
3524 1846 3744 1897 Dicebat
3791 1855 3968 1896 autem

718 1954 872 2003 unius
920 1964 980 2000 ex
1026 1946 1319 2006 monachis,
1352 1945 1460 1995 suis
1488 1942 1747 2009 unguibus
1774 1954 1893 1992 eum
1931 1939 2181 2005 protrUsit
2236 1947 2288 1988 et

718 2042 925 2095 evertit.
978 2039 1080 2094 Sed
1118 2038 1204 2106 qui
1250 2011 1427 2089 docuit
1478 2037 1527 2087 in
1564 2035 1772 2087 Danieie
1804 2034 1982 2085 leones
2022 2031 2285 2099 jejunare,

724 2129 997 2194 prohibuit
1026 2144 1092 2180 ne
1139 2142 1259 2179 eum
1300 2126 1387 2191 qui
1435 2125 1677 2177 servabat
1725 2136 1980 2189 prmcepta
2012 2125 2291 2174 devoraret

720 2220 822 2282 Ico,
854 2220 951 2272 etsi
1011 2219 1161 2271 valde
1206 2219 1452 2272 esuriret.
1498 2218 1611 2280 Quo
1641 2216 1833 2266 factum
1862 2224 1942 2266 cst
1972 2224 2029 2265 ut
2068 2222 2290 2280 accepto

721 2312 863 2364 senis
890 2310 1039 2363 asino
1069 2308 1374 2371 recederet;
1405 2307 1489 2373 qui
1520 2307 1658 2358 enim
1690 2305 1809 2358 huic
1852 2306 2010 2358 vitam
2056 2305 2290 2358 donave-

724 2411 824 2469 rat,
858 2402 980 2455 fera:
1012 2415 1221 2467 quoque
1250 2401 1440 2451 famem
1466 2396 1689 2449 sedavit.

1295 2505 1519 2560 CAPUT
1550 2504 1727 2558 CXIII.

1050 2599 1125 2652 De
1161 2597 1455 2650 Philoromo
1486 2596 1635 2665 (159)
1666 2596 1973 2665 presbytero.

800 2690 1271 2759 Religiosissimum
1320 2690 1683 2756 presbyterum
1742 2687 1935 2754 Deique
1991 2686 2297 2739 amantissi-

734 2796 877 2833 mum
908 2780 1262 2832 Philoromum
1298 2781 1347 2830 in
1382 2777 1581 2831 Galatia
1608 2780 1975 2837 convenimus,
2009 2788 2061 2829 et
2094 2792 2211 2828 cum
2236 2791 2300 2828 eo

730 2871 888 2937 longo
910 2880 1145 2934 tempore
1174 2869 1365 2920 versati
1398 2883 1598 2929 sumus,
1631 2867 1716 2934 qui
1752 2868 1847 2919 fuit
1874 2870 1951 2919 vir
1974 2869 2299 2919 exercitatis-

730 2962 913 3010 sinins.
978 2956 1024 3010 Is
1072 2968 1219 3009 ortus
1264 2959 1473 3023 quidem
1524 2965 1605 3008 est
1649 2971 1714 3008 ex
1760 2965 1926 3009 matre
1952 2972 2124 3017 serva,
2160 2967 2303 3022 patre

731 3060 859 3099 vero
905 3045 1091 3097 libero.
1151 3045 1369 3098 Tantam
1427 3055 1599 3097 autem
1652 3045 1906 3097 virtutum
1970 3045 2300 3098 nobilitatem

732 3135 962 3189 ostendit
989 3138 1037 3188 in
1071 3137 1192 3187 vita:
1218 3136 1534 3189 Christiana:
1560 3136 1904 3197 institutione,
1937 3149 1992 3188 ut
2016 3138 2172 3189 etiam
2203 3139 2300 3205 ipsi

2393 1944 2563 2006 nobis,
2597 1952 2654 1996 ut
2698 1943 2976 1995 utilitatem
3018 1957 3084 1994 ex
3127 1955 3191 1993 eo
3219 1953 3531 2007 caperemus
3565 1956 3578 1989 ;
3610 1936 3720 1989 Non
3753 1936 3968 1987 memini

2393 2051 2477 2087 me
2498 2048 2727 2102 unquam
2760 2034 2935 2086 animo
2958 2046 2986 2083 a
3014 2032 3121 2084 Deo
3141 2045 3259 2083 meo
3290 2028 3597 2083 recessisse.
3635 2026 3800 2091 Hujus
3833 2024 3968 2077 heati

2393 2124 2682 2177 Philoromi
2716 2126 2836 2175 talia
2870 2132 2992 2173 sunt
3020 2122 3336 2183 certamina,
3369 2128 3421 2171 et
3464 2120 3516 2170 in
3550 2118 3629 2168 his
3657 2125 3738 2168 est
3768 2116 3966 2166 invicta

2393 2216 2639 2279 victoria,
2671 2223 2727 2267 et
2760 2216 3029 2266 beatorum
3060 2212 3296 2263 laborum
3344 2208 3393 2262 ei
3426 2209 3661 2262 redditur
3710 2205 3851 2265 finis,
3882 2218 3968 2255 co-

2395 2320 2523 2359 rona
2555 2305 2736 2374 gloria:
2772 2302 3247 2355 immarcescihilis.

2948 2415 3173 2468 CAPUT
3215 2412 3395 2467 CXIV.

2606 2506 2724 2559 Vita
2748 2507 2877 2558 beati
2903 2506 3162 2560 Seueriani
3183 2503 3331 2573 (165)
3361 2513 3408 2555 et
3440 2505 3546 2572 ejus
3571 2502 3761 2554 tutoris.

2471 2600 2523 2652 In
2556 2600 2759 2665 Ancyra
2794 2596 3035 2658 Galatiae,
3064 2598 3114 2648 in
3146 2596 3261 2659 ipso
3294 2598 3407 2647 loco
3433 2594 3653 2661 contigit
3677 2594 3804 2645 mihi
3840 2594 3968 2645 allo—

2401 2691 2483 2755 qui
2515 2689 2795 2756 quemdam
2824 2686 3166 2739 Severianum
3189 2701 3253 2739 ex
3278 2685 3559 2737 comitibus
3588 2700 3686 2734 una
3713 2698 3833 2735 cum
3863 2683 3974 2749 eiut

2374 2780 2626 2846 conjuge
2655 2777 2969 2844 Bosphoria,
3003 2790 3099 2829 nec
3130 2790 3314 2828 eorum
3348 2788 3590 2841 magnam
3625 2774 3779 2824 hibui
3813 2786 3973 2834 erpe-

2406 2870 2669 2921 rientiam.
2705 2866 2740 2917 li
2772 2867 2984 2934 quidem
3016 2866 3186 2918 multa
3218 2880 3311 2930 spe
3360 2866 3493 2917 bona
3536 2864 3717 2928 repleti
3750 2873 3892 2925 sunt,
3928 2872 3975 2915 et

2404 2972 2531 3008 suos
2581 2961 2897 3009 liustrantur
2942 2956 3101 3018 filios,
3144 2968 3330 3008 revera
3380 2954 3432 3005 in
3466 2953 3636 3005 futura
3689 2953 3973 3004 intuentes.

2405 3050 2631 3103 Suorum
2673 3048 2813 3102 enim
2848 3047 3162 3115 praediorum
3193 3047 3392 3098 reditus
3424 3051 3743 3097 consumunt
3773 3044 3825 3095 in
3858 3057 3972 3111 ege-

2409 3154 2527 3203 nos,
2562 3142 2815 3193 habentes
2844 3148 3067 3206 quatuor
3099 3138 3251 3200 filios,
3306 3147 3359 3189 et
3395 3136 3524 3189 duas
3570 3134 3725 3199 tilias,
3776 3136 3977 3201 quibus

734 3227 823 3292 qui
858 3238 977 3279 sunt
1003 3226 1053 3277 in
1097 3240 1293 3292 genere
1339 3226 1743 3290 insuperabiles,
1772 3225 1888 3293 ejus
1914 3228 2072 3278 vitam
2103 3229 2300 3293 angelis
2333 3203 2376 3262 (ἶ
2412 3232 2606 3284 nullam
2658 3231 3045 3297 possessionem
3092 3228 3242 3297 (164)
3287 3229 3568 3291 dederunt,
3623 3239 3978 3296 praeterquam

738 3316 992 3380 mqualem
1023 3324 1413 3375 reVererentur,
1447 3322 1501 3365 et
1527 3312 1793 3366 elficacem
1826 3313 2070 3366 virtutem
2099 3317 2299 3368 exerci-

739 3404 975 3457 tationis.
1010 3402 1057 3455 Is
1090 3403 1286 3455 mundo
1311 3402 1627 3455 renuntiavit
1656 3404 1704 3453 in
1730 3402 1916 3455 diebus
1946 3403 2139 3455 Juliani
2162 3419 2306 3457 exse-

740 3496 923 3548 crandi
963 3496 1317 3562 imperatoris,
1344 3503 1396 3546 et
1428 3494 1590 3547 libere
1622 3509 1737 3546 cum
1779 3496 1878 3547 hoc
1920 3496 2078 3560 impio
2107 3507 2185 3552 est
2226 3497 2304 3547 lo-

741 3592 894 3638 eutus
925 3600 1213 3653 generosus
1258 3583 1452 3637 Chri8ti
1490 3587 1687 3638 athleta
1734 3586 2069 3640 Philoromus
2094 3629 2105 3650 ,
2150 3605 2305 3651 quem

740 3674 898 3743 jussit
950 3675 1080 3737 radi,
1126 3685 1179 3728 et
1219 3690 1246 3726 a
1277 3676 1455 3743 pueris
1485 3674 1803 3728 validissime
1832 3677 2099 3729 verberati
2132 3677 2305 3745 (160).

743 3766 789 3817 Is
822 3781 947 3819 vero
988 3782 1097 3819 rem
1128 3766 1332 3819 fortiter
1357 3777 1409 3819 et
1436 3767 1720 3820 toleranter
1743 3768 1877 3831 tulit,
1909 3778 1962 3820 et
1989 3769 2033 3821 ei
2058 3770 2163 3837 egit
2192 3785 2307 3836 gra-

745 3860 864 3918 tias,
913 3867 965 3909 ut
996 3859 1103 3923 ipse
1136 3860 1285 3913 nobis
1318 3861 1573 3911 narravit.
1610 3859 1759 3913 Hunc
1796 3862 2105 3927 prmclarum
2137 3864 2307 3915 virum

746 3951 796 3998 in
827 3950 1082 4015 principio
1099 3950 1339 4002 adortum
1364 3960 1445 4003 est
1469 3951 1664 4002 bellum
1691 3951 2055 4005 fornicationis
2078 3964 2129 4006 et
2151 3956 2306 4024 g-alac,

744 4052 800 4092 ut
824 4043 1047 4107 dicebat,
1079 4058 1233 4110 quem
1266 4045 1507 4096 morbum
1542 4046 1871 4111 tyrannidem
1892 4048 2039 4113 (161)
2070 4062 2315 4100 εκιποθη-

747 4139 849 4183 tem
882 4134 952 4183 ita
981 4135 1269 4199 superavit,
1303 4148 1363 4186 ac
1393 4136 1436 4186 si
1466 4135 1779 4187 immensum
1813 4135 2114 4189 incendium
2148 4138 2309 4189 multa

746 4237 877 4287 aqua
910 4224 1271 4289 exstingueret
1305 4240 1317 4275 :
1350 4240 1555 4276 summa
1585 4240 1711 4276 cura
1743 4216 2090 4279 continentiae
2117 4227 2312 4280 ferrum

749 4314 1029 4380 gestando,
1054 4326 1108 4368 et
1138 4330 1195 4368 se
1216 4316 1601 4377 concludendo,
1623 4329 1675 4368 et
1705 4318 2020 4372 :ibStinendo
2048 4335 2077 4372 a
2107 4322 2237 4374 cibis
2264 4331 2315 4374 et

753 4418 885 4468 pane
925 4405 1149 4467 triticeo,
1176 4417 1224 4456 et
1259 4413 1313 4457 ut
1347 4407 1510 4457 semel
1534 4407 1728 4471 dicam,
1760 4409 1826 4460 ab
1854 4409 2099 4461 omnibus
2128 4411 2310 4476 coctis,

748 4501 801 4544 et
831 4494 880 4546 in
908 4492 987 4544 his
1013 4509 1069 4545 se
1102 4492 1307 4547 fortiter
1334 4496 1565 4563 gerendo
1594 4511 1656 4548 ac
1684 4498 1956 4551 tolerando
1986 4501 2139 4552 atinis
2166 4510 2315 4553 octo-

2410 3321 2473 3373 iis
2497 3337 2613 3388 qua:
2643 3331 2951 3389 nupserant.
2992 3320 3248 3373 Dicebant
3295 3330 3469 3371 autem
3522 3320 3738 3385 reliquis
3767 3318 3877 3371 suis
3920 3319 3980 3370 fi-

2412 3412 2533 3464 liis:
2568 3413 2690 3465 Post
2750 3422 2986 3464 nostrum
3045 3411 3322 3463 decessum
3377 3411 3551 3460 omnia
3594 3420 3715 3460 sunt
3764 3417 3979 3469 vestra;

2416 3505 2648 3570 quandiu
2681 3516 2856 3564 autem
2888 3518 3069 3556 sumus
3095 3502 3429 3568 superstites,
3465 3516 3559 3553 nos
3593 3501 3981 3567 possessionum

2419 3605 2714 3647 nostrarum
2761 3595 2959 3646 fructus
2985 3593 3313 3661 colligemus,
3346 3607 3439 3644 eos
3480 3592 3859 3643 distribueutcs
3895 3605 3983 3642 ec-

2413 3682 2607 3743 clesiis,
2640 3694 2691 3735 et
2737 3683 3091 3743 monasteriis,
3138 3693 3189 3735 et
3234 3681 3611 3737 xenodochiis.
3646 3693 3699 3732 et
3741 3682 3984 3734 omnibus

2413 3773 2717 3839 egentibus,
2760 3786 2982 3839 quorum
3016 3785 3199 3837 preces
3226 3780 3279 3823 et
3311 3770 3457 3823 vobis
3499 3781 3548 3823 et
3582 3770 3734 3822 nobis
3766 3782 3819 3823 et
3868 3771 3985 3822 filiis

2416 3878 2511 3928 pro
2539 3863 2634 3913 hac
2666 3862 2981 3927 temporaria
3011 3871 3062 3913 et
3092 3860 3348 3914 laboriosa
3377 3862 3532 3911 vitam
3558 3870 3813 3912 aeternam
3840 3875 3983 3912 com-

2417 3954 2673 4019 parabunt
2706 3950 2893 4021 (Eccti.
2940 3966 3045 4014 xxt,
3077 3949 3156 4017 6).
3192 3952 3243 4003 In
3276 3951 3468 4018 quibus
3508 3950 3607 4003 hoc
3651 3966 3864 4018 quoque
3910 3962 3985 4003 est

2414 4058 2597 4094 eorum
2629 4041 2833 4093 virtutis
2865 4040 3110 4107 egregie.
3148 4040 3276 4093 Cum
3308 4050 3449 4094 esset
3487 4056 3676 4109 magna
3720 4042 3907 4099 fames.
3937 4052 3986 4092 et

2416 4148 2532 4199 qua:
2561 4131 2794 4182 (tlllltIUlll
2838 4131 3108 4182 hominum
3142 4131 3455 4198 pervadehat
3482 4134 3711 4194 viscera,
3762 4130 3837 4183 illi
3869 4142 3985 4183 tunc

2418 4239 2508 4276 eas
2535 4238 2650 4288 qua:
2690 4234 2813 4274 tunc
2836 4231 2989 4273 erant
3027 4221 3258 4275 haereses
3288 4222 3636 4274 traduxerunt
3665 4221 3730 4274 ad
3786 4232 3980 4274 rectam

2419 4314 2741 4378 Opinionem.
2792 4310 2919 4363 Nam
2954 4325 3075 4364 cum
3124 4310 3175 4362 in
3226 4312 3406 4364 multis
3436 4311 3647 4379 prtedtis
3674 4310 3863 4363 horrea
3896 4325 3983 4363 sua

2423 4402 2778 4468 aperuiSSent,
2806 4415 2867 4453 ea
2901 4401 3206 4467 praebebant
3230 4400 3281 4451 in
3324 4402 3633 4453 alimentum
3665 4415 3983 4468 pauperum;

2420 4494 2554 4544 adeo
2592 4502 2647 4544 ut
2692 4506 2756 4543 ex
2790 4490 2888 4544 hac
2938 4491 3291 4556 inexplicabili
3334 4507 3519 4545 eorum
3560 4492 3886 4561 benignitate
3935 4494 3983 4545 in

750 4583 943 4636 decim.
992 4584 1091 4648 Qui
1121 4600 1240 4635 cum
1282 4586 1330 4636 id
1361 4586 1562 4647 vicerit,
1596 4586 1762 4653 potuit
1796 4588 2045 4654 hymnum
2077 4590 2314 4642 victoriae
2346 4559 2396 4620 Β
2424 4596 2582 4634 “nam
2640 4590 2797 4635 tecm
2853 4580 2973 4633 “dei
3028 4582 3431 4634 consonantiam
3497 4559 3847 4634 COIIVetIcrilll
3899 4583 3984 4649 qui

754 4690 967 4738 canere,
1022 4677 1098 4728 sic
1144 4677 1324 4729 dicens
1357 4694 1369 4728 :
1406 4677 1664 4731 Exaltabo
1693 4691 1762 4742 te,
1795 4679 2036 4746 Domine,
2070 4684 2315 4749 quoniam

755 4764 1033 4828 susct-pis:i
1056 4779 1159 4828 me,
1194 4776 1247 4817 et
1276 4781 1379 4817 non
1406 4766 1679 4819 laetificasti
1712 4768 1952 4821 inimicos
1984 4784 2129 4822 meos
2157 4786 2315 4837 supra

756 4867 839 4904 me
869 4852 1037 4922 (Psal.
1086 4857 1251 4920 xxix).
1308 4855 1401 4907 Hic
1443 4870 1470 4907 a
1527 4857 1711 4921 spiritu
1756 4856 2116 4912 fornicationis
2176 4861 2319 4913 varie

757 4955 1109 5010 oppugnatus,
1142 4950 1503 5013 perseveravit
1529 4950 1871 5016 quadraginta
1911 4964 2080 5002 annos
2119 4951 2169 5003 in
2208 4966 2320 5003 mo-

758 5040 1006 5089 nasterio.
1057 5036 1106 5089 Is
1153 5048 1327 5090 autem
1387 5042 1674 5104 narrabat,
1721 5042 1903 5094 dicens
1941 5059 1952 5093 :
1988 5043 2222 5110 Triginta
2264 5053 2317 5095 et

757 5124 887 5175 duos
904 5138 1070 5176 annos
1092 5127 1290 5176 nullum
1317 5126 1537 5178 fructum
1564 5127 1730 5195 tetigi.
1768 5128 1904 5184 Cum
1962 5142 2140 5185 autem
2169 5175 2182 5195 ,
2243 5136 2325 5187 in-

753 5213 898 5278 quit,
945 5215 1193 5267 timiditas
1225 5230 1308 5269 me
1337 5231 1546 5269 summe
1578 5226 1955 5286 oppugnasset,
1988 5221 2122 5270 adeo
2153 5230 2206 5268 nt
2239 5221 2314 5271 vel

757 5303 982 5355 interdiu
1010 5306 1462 5371 pertimescerent,
1493 5322 1575 5359 me
1598 5308 1784 5360 inclusi
1807 5323 1898 5359 sex
1932 5323 2097 5359 annos
2126 5309 2174 5358 in
2205 5324 2314 5361 mo-

760 5395 1029 5458 nimento;
1065 5406 1117 5447 et
1146 5410 1206 5447 ea
1237 5398 1439 5449 ratione
1460 5398 1600 5449 evasi
1630 5399 1892 5463 superior,
1925 5412 1987 5448 ex
2021 5398 2320 5462 impatibili-

760 5492 869 5535 tate
898 5482 1090 5537 bellum
1122 5500 1309 5551 gerens
1336 5500 1454 5538 cum
1479 5488 1688 5552 spiritu,
1715 5488 1800 5551 qui
1832 5486 1959 5537 mihi
1991 5485 2126 5539 hanc
2156 5489 2319 5553 impo-

758 5573 917 5624 nebat
938 5577 1264 5629 scrvitutem.
1303 5576 1467 5644 llujus
1494 5578 1589 5629 viri
1621 5577 1838 5644 insignis
1869 5574 2106 5643 magnam
2139 5593 2317 5632 curam

758 5662 972 5728 gerebat
1008 5663 1189 5717 beatus
1237 5667 1456 5720 Basilius
1501 5670 1811 5735 episcopus,
1846 5668 1932 5732 qui
1964 5669 2322 5721 delectabatur

758 5749 874 5815 ejus
904 5757 1227 5825 austeritate,
1276 5760 1591 5823 constantia,
1638 5770 1687 5812 et
1740 5760 1789 5811 in
1836 5774 1995 5825 opere
2027 5759 2314 5826 diiigcutia,

2423 4683 2575 4727 erant
2631 4672 2895 4725 haeretica:
2942 4673 3230 4739 opinioois,
3272 4674 3379 4726 Deo
3423 4677 3619 4743 gratias
3667 4685 3885 4742 agentes
3922 4678 3987 4729 ob

2424 4768 2714 4834 simplicem
2767 4782 2951 4820 eorum
3002 4768 3181 4831 fidem,
3240 4780 3292 4822 et
3342 4771 3649 4823 immensam
3692 4771 3988 4824 beneficen-

2426 4858 2570 4909 tiam.
2604 4859 2715 4909 Alia
2740 4870 2916 4911 autem
2941 4858 3257 4911 exercitatio
3283 4875 3467 4913 eorum
3492 4868 3608 4913 erat
3628 4861 3957 4914 admirabilis

2427 4950 2590 5001 veStis
2640 4964 2823 5000 eorum
2873 4948 3083 5001 habitus
3123 4958 3239 5000 erat
3279 4950 3506 5001 maxime
3561 4950 3895 5003 venerandus
3938 4961 3987 5003 ct

2427 5054 2642 5107 parcus;
2672 5048 2890 5107 eratque
2920 5040 2970 5090 in
2997 5040 3077 5091 eis
3122 5054 3306 5103 magna
3337 5050 3387 5090 et
3418 5054 3535 5106 qua:
3566 5039 3669 5092 dici
3705 5040 3886 5107 nequit
3908 5041 3979 5093 vi.

2424 5141 2539 5181 ctus
2562 5131 2817 5190 tenuitas;
2842 5135 2994 5179 erant
3025 5127 3175 5180 valde
3197 5128 3387 5179 modici
3411 5140 3674 5194 sumptus,
3706 5128 3982 5182 alimento-

2424 5236 2539 5271 rum
2585 5220 2882 5287 frugalitate
2925 5219 3159 5272 contenti
3208 5228 3454 5283 quantam
3501 5220 3603 5271 vita
3647 5222 3981 5286 requirebat,

2426 5312 2670 5376 pietatem
2706 5312 2756 5360 in
2787 5309 2949 5361 Deum
2982 5310 3274 5361 mirandum
3301 5312 3350 5361 in
3389 5310 3601 5361 modmn
3635 5322 3981 5373 exercentes;

2426 5400 2477 5452 in
2506 5400 2644 5467 agris
2676 5398 2927 5465 degentes
2958 5398 3182 5464 plurimo
3215 5407 3470 5465 tempore,
3499 5414 3706 5465 semper
3730 5400 3983 5468 fugientes

2427 5492 2687 5553 civitates,
2721 5498 2773 5540 et
2795 5490 2919 5540 vitia
2943 5504 3058 5555 quae
3081 5505 3147 5540 ex
3170 5490 3247 5540 eis
3277 5504 3324 5539 Οι
3343 5490 3540 5551 iuntnr,
3575 5505 3639 5541 ne
3666 5504 3731 5542 ex
3760 5491 3981 5556 jucunda

2430 5596 2547 5633 cum
2591 5581 2737 5632 turba
2769 5581 3175 5631 converSatione
3222 5581 3476 5632 tumultus
3525 5580 3705 5632 civiles
3751 5582 3981 5633 attrahe-

2430 5681 2565 5735 rent,
2604 5681 2658 5724 et
2700 5672 3003 5723 exciderent
3048 5686 3077 5721 a
3126 5670 3217 5723 Dei
3271 5682 3558 5737 proposuo.
3614 5671 3836 5735 Propter
3878 5673 3983 5724 haec

2430 5763 2603 5817 omnia
2625 5761 2810 5813 horum
2840 5761 3108 5814 beatorum
3134 5772 3292 5815 recta:
3322 5761 3439 5816 vita:
3459 5760 3714 5828 facinora,
3737 5762 3859 5816 hinc
3878 5777 3981 5829 iam
