4258 6360
808 542 1061 597 ΚΕΦΑΛ.
1129 538 1241 591 PIB
1261 576 1276 589 .

779 632 919 699 Περὶ
962 629 1310 683 Σασὸατίου.

324 726 623 788 Σαϐϐἀτιος
672 722 895 791 ὀνόματι
937 716 1221 786 κοσμικὸς,
1249 714 1329 785 τῷ
1356 713 1503 782 γένει
1547 710 1830 781 Ἱεριχούν-

254 836 389 877 τιος,
421 817 657 883 γυναῖκα
680 811 838 880 ἔχων,
873 809 959 861 διὰ
981 808 1072 859 τὸν
1088 804 1183 859 τοῦ
1214 803 1351 857 Θεοῦ
1384 802 1549 873 φόϐον
1575 800 1829 854 τοσοῦτον

256 906 471 971 ἐγένετο
501 898 898 969 φιλομονάζων,
935 896 1010 958 ὡς
1057 892 1345 947 κυκλεύειν
1372 892 1560 944 τοῦτον
1592 890 1694 944 ἀνά
1732 888 1831 951 τὰς

255 992 471 1054 κέλ).ας,
504 989 599 1042 καὶ⁵
627 990 724 1057 τὴν
755 986 959 1055 ἔρημον
990 986 1166 1036 πᾶσαν
1222 984 1281 1035 ἐν
1330 984 1452 1043 ταῖς
1501 978 1672 1044 νυξίν.
1720 978 1831 1030 Καὶ

258 1080 380 1131 καθ’
447 1079 685 1145 ἑκάστην
726 1073 893 1143 μονὴν
933 1071 1107 1142 λάθρα
1156 1070 1262 1135 ἔξω
1308 1068 1517 1122 τιθέναι
1564 1067 1827 1135 φοινίκων

262 1168 443 1235 μόδιον
473 1166 592 1228 ἐνα,
646 1164 742 1216 καὶ
795 1161 1042 1229 λαχάνων
1071 1158 1132 1210 τὸ
1160 1156 1455 1227 αὔταρκες,
1513 1154 1602 1207 διὰ
1653 1152 1715 1206 τὸ
1752 1154 1831 1224 μὴ

258 1255 459 1306 ἐσθίειν
496 1253 659 1322 ἄρτον
711 1252 841 1312 τοὺς
894 1246 1139 1317 ἀσκητάς
1199 1245 1341 1299 κατά
1388 1244 1479 1297 τὸν
1537 1244 1827 1315 Ἰορδάνην.

259 1343 446 1408 Τούτῳ
478 1342 534 1393 δέ
567 1340 645 1409 τῷ
674 1337 900 1406 δεξιωτῇ
934 1335 1039 1387 τῶν
1081 1334 1352 1405 μοναχῶν,
1377 1335 1472 1387 καὶ
1506 1334 1829 1403 εὐτραπέζῳ

258 1431 367 1483 τῶν
395 1428 700 1499 ἐγκρατῶν,
744 1426 841 1495 μιᾷ
866 1424 973 1477 τῶν
1006 1423 1230 1492 ἡμερῶν
1283 1422 1681 1490 ἀποκομίσαντι
1717 1425 1830 1485 τοῖς

256 1518 437 1586 ἁγίοις
466 1516 534 1569 τά
557 1516 657 1584 τῆς
690 1514 975 1582 ἀσκήσεως
1000 1511 1299 1579 ἐπιτήδεια,
1337 1511 1485 1581 ζήλῳ
1535 1510 1630 1562 τοῦ
1659 1528 1830 1581 πονη-

261 1606 357 1675 ροῦ
380 1603 554 1672 τούτῳ
577 1602 712 1654 λέων
733 1602 1064 1669 ὑπήντησεν,
1090 1597 1184 1650 τοῦ
1219 1597 1415 1667 ἐχθροῦ
1442 1597 1552 1650 τῶν
1581 1598 1831 1668 μοναχῶν

180 1742 183 1743 ,
256 1696 352 1746 τὸν
382 1695 651 1763 ἀνήμερον
680 1690 823 1759 θῆρα
857 1688 1000 1740 κατά
1020 1687 1113 1739 τοῦ
1144 1687 1393 1740 διακόνου
1419 1687 1594 1739 αὐτῶν
1624 1686 1831 1754 ἐξεγεί-

263 1798 473 1851 ραντος,
496 1771 768 1847 ’στερῆσαι
800 1774 1193 1837 σπουδάζοντος
1220 1773 1493 1835 κάκείνοις
1540 1774 1639 1840 τὴν
1692 1773 1825 1826 άνά·

261 1886 485 1931 παυσιν,
514 1866 609 1919 καὶ
639 1865 827 1917 τοῦτον
856 1864 957 1931 τῆς
985 1860 1317 1931 προθέσεως.
1356 1862 1465 1914 Καὶ
1507 1861 1831 1914 καταλαϐὼν

257 1959 425 2011 αὐτὸν
454 1958 483 2008 6
514 1956 615 2024 θὴρ
642 1954 750 2007 ἀπὸ
777 1953 1003 2024 σημείου
1028 1952 1145 2013 ἐνὸς
1170 1951 1279 2003 τῶν
1322 1950 1591 2020 μοναχῶν,
1626 1953 1692 2021 τῇ
1725 1950 1831 2021 ἰδία

257 2047 423 2113 δρακὶ
455 2039 596 2097 ὦσεν
634 2041 819 2102 αὐτὸν,
855 2040 953 2093 καὶ
1004 2038 1395 2108 κατέστρεψεν.
1446 2038 1589 2091 Ἀλλ’
1650 2037 1679 2089 6
1734 2040 1829 2091 ἐπὶ

258 2134 356 2187 τοῦ
393 2131 589 2199 Δανιὴλ
642 2128 859 2194 διδάξας
904 2127 1188 2194 νηστεύειν
1248 2127 1374 2188 τοὺς
1421 2126 1669 2191 λέοντας,
1737 2129 1834 2180 καὶ

260 2222 451 2274 τοῦτον
482 2220 581 2288 τῆς
604 2217 695 2270 τοῦ
732 2215 1039 2283 φιλεντόλου
1075 2213 1257 2282 θοίνης
1286 2210 1559 2265 ἐκώλυσεν
1588 2211 1830 2281 σφοδρῶς

264 2309 537 2361 πεινῶντα
574 2305 664 2357 τὸν
691 2304 898 2355 λέοντα.
933 2301 1022 2367 Ἐξ
1052 2293 1125 2354 ὦν
1154 2302 1246 2353 τὸν
1295 2300 1415 2352 δνον
1460 2300 1555 2353 τοῦ
1579 2301 1833 2370 γέροντος

259 2395 443 2449 λαϐὼν
471 2390 835 2462 ἀνεχώρησεν.
876 2390 935 2442 '0
965 2391 1074 2458 γὰρ
1106 2389 1279 2459 τούτῳ
1307 2388 1405 2459 τὴν
1427 2388 1573 2457 ζωὴν
1607 2389 1834 2460 χαρισά.

264 2500 445 2555 μενος,
489 2480 582 2533 καὶ
614 2479 704 2532 τοῦ
739 2478 900 2546 θηρὸς
939 2477 1035 2547 τὴν
1061 2479 1247 2529 πεῖναν
1268 2475 1718 2547 παρεμυθήσατο.

823 2566 1075 2618 ΚΕΦΑΛ.
1119 2563 1264 2617 PII".

754 2653 895 2721 Περὶ
949 2652 1314 2721 Φιλορώμου.

334 2738 731 2810 Περιετύχομεν
786 2739 843 2789 ἐν
904 2735 1139 2804 Γαλατίᾳ
1208 2735 1304 2787 καὶ
1372 2735 1833 2806 συνεχρονίσαμεν

267 2830 463 2901 μακρῷ
486 2829 660 2898 χρόνῳ
692 2825 769 2894 τῷ
819 2822 1216 2891 θεοφιλεστάτῳ
1256 2823 1617 2894 πρεσϐυτέρῳ
1676 2824 1833 2876 Φιλο-

267 2918 459 2989 ρώμῳ,
504 2915 657 2985 ἀνδρὶ
706 2912 1136 2981 ἀσκητικωτάτῳ
1192 2913 1285 2965 καὶ
1343 2915 1828 2983 καρτερικωτάτῳ.

271 3010 369 3069 ’ος
387 3006 617 3075 ὥρμητο
660 3002 757 3071 μὲν
788 3003 845 3066 ἐξ
879 3000 1138 3057 οίκέτιδος
1179 3000 1386 3068 μητρὸς
1441 3002 1726 3071 ἐλευθέρου
1774 3003 1834 3055 δὲ

264 3094 492 3163 πατρός.
550 3090 830 3157 Τοσαύτην
877 3088 933 3139 δὲ
989 3087 1268 3154 εὐγένειαν
1313 3089 1568 3157 ἐνάρετον
1611 3092 1689 3153 είς
1731 3091 1832 3161 τὴν

1466 416 1822 481 HISTORIA
1863 408 2254 475 LAUSIACA.

1849 529 1893 585 Α
1932 522 2129 585 σίλειος
2160 520 2482 583 ἐπίσκοπος,
2514 515 2776 588 ἡδόμενος
2803 510 2968 568 αὐτοῦ
2992 513 3059 584 τῇ
3086 509 3381 581 αὐστηρίᾳ,
3412 514 3510 566 καὶ

3377 398 3509 464 I218

1928 612 1996 679 τῇ
2029 608 2342 678 στυφότητι,
2365 606 2458 659 καί
2490 602 2789 675 προσεχείᾳ
2815 600 2911 655 τοῦ
2967 600 3133 670 ἐργου
3153 614 3167 628 ·
3225 598 3284 661 δς
3339 599 3509 651 εἰσέτι

1930 696 2027 747 καὶ
2061 694 2157 747 νῦν
2186 693 2281 747 τοῦ
2311 693 2555 763 καλάμου
2583 692 2680 744 καὶ
2705 690 2804 759 τῆς
2835 688 3093 758 τετράδος
3142 686 3235 738 τοῦ
3273 686 3509 754 γράφειν

1928 780 2387 851 οὐκένεχώρησεν,
2437 777 2791 849 ὀγδοηκοστόν
2862 792 2965 827 που
3042 776 3191 842 ἄγων
3249 774 3365 834 ἔτος
3410 774 3509 839 τῆς

1931 869 2166 937 ἡλικίας.
2198 862 2364 931 Οὗτος
2399 867 2600 939 ἔφησεν
2630 869 2659 919 6
2714 864 3004 935 μακάριος,
3036 864 3116 914 ὅτι
3148 861 3239 927 ἀφ’
3275 855 3335 911 οὐ
3369 863 3390 910 ὲ
3403 879 3503 927 μυ-

1934 955 2263 1026 σταγωγήθη
2291 956 2386 1008 καὶ
2409 950 2741 1023 ἀνεγεννὴθη
2759 952 2818 1015 ἐξ
2838 951 3027 1013 ὓδατος
3050 949 3145 1001 καὶ
3170 947 3309 999 Πνεύ
3320 964 3507 1014 ματος,

1934 1044 2093 1114 μέχρι
2125 1044 2223 1112 τῆς
2256 1043 2494 1113 σήμερον
2524 1043 2759 1111 ἡμέρας,
2794 1040 2960 1109 ἄρτον
2984 1038 3265 1107 ἀλλότριον
3300 1035 3510 1103 δωρεὰν

1930 1131 1990 1183 οὐ
2017 1129 2292 1199 βέϐρωκεν
2323 1132 2472 1199 παρά
2502 1147 2631 1193 τινι,
2682 1128 2798 1181 ἀλλ’
2848 1130 2913 1179 ἐκ
2948 1126 3058 1179 τῶν
3104 1124 3250 1176 ἰδίων
3304 1123 3505 1185 πόνων,

1931 1216 2027 1269 καὶ
2059 1216 2149 1269 ἐπὶ
2174 1216 2307 1269 Θεοῦ
2334 1218 2478 1285 ἡμᾶς
2508 1216 2744 1281 ἔπεισεν,
2775 1215 2857 1267 ὅτι
2882 1212 3131 1265 διακόσια
3160 1212 3508 1280 πεντήκοντα

1932 1303 2248 1375 νομίσματα
2281 1306 2345 1357 ἐκ
2387 1304 2481 1356 τοῦ
2508 1304 2672 1373 ἔργου
2706 1304 2816 1355 τῶν
2842 1300 3044 1372 χειρῶν
3084 1300 3248 1352 αὐτοῦ
3274 1298 3514 1365 λελωϐηο

1935 1392 2117 1461 μένοις
2180 1392 2454 1456 δέδωκεν,
2507 1393 2772 1462 ἀδικήσας
2832 1390 3025 1442 οὐδένα
3076 1387 3354 1439 οὐδέποτε.
3414 1386 3513 1447 Ὃς

1933 1477 2072 1549 πεζῇ
2099 1482 2165 1548 τῇ
2195 1481 2392 1550 πορείᾳ
2420 1481 2514 1533 καί⁵
2551 1481 2745 1549 μέχρις
2770 1478 2939 1547 αὐτῆς
2982 1476 3201 1546 Ῥώμης
3230 1473 3508 1543 ἀπῆλθεν,

1933 1565 2220 1635 εὐξόμενος
2274 1568 2352 1629 είς
2373 1567 2434 1618 τὸ
2472 1566 2777 1634 ἁγιώτατον
2829 1564 3128 1634 μαρτύριον
3180 1563 3288 1615 τῶν
3332 1561 3513 1631 μακά-

1936 1668 2044 1719 ρων
2077 1653 2169 1704 καὶ
2206 1652 2365 1722 ἱερῶν
2395 1652 2709 1706 ἀποστόλων
2740 1650 2833 1704 τοῦ
2878 1649 3115 1721 Χριστοῦ
3158 1650 3364 1718 Πέτρου
3419 1648 3513 1700 καὶ

1935 1738 2170 1791 Παύλου.
2202 1740 2445 1808 Ἔφθασε
2481 1740 2537 1791 δὲ
2571 1741 2663 1791 καὶ
2712 1740 2904 1809 μέχρις
2955 1737 3383 1805 Ἀλεξανδρείας,
3420 1735 3514 1788 εὐ-

1866 1843 1907 1898 Β
1938 1824 2162 1892 ξάμενος
2192 1826 2272 1887 εἰς
2302 1826 2362 1877 τὸ
2398 1826 2703 1896 μαρτύριον
2743 1825 2835 1876 τοῦ
2868 1824 3049 1892 τιμίου
3088 1823 3319 1891 ἀθλητοῦ
3352 1824 3513 1893 Μάρ-

1934 1930 2051 1970 κου.
2086 1912 2446 1983 Κατηξιώθην
2500 1916 2577 1977 δὲ,
2602 1915 2727 1982 ἔφη,
2754 1914 2911 1983 χάριν
2937 1914 3122 1980 εὐχῆς,
3148 1913 3238 1963 καὶ
3263 1912 3514 1980 δεύτερον

1934 2000 1992 2052 ἐν
2032 1999 2425 2070 Ἱεροσολύμοις
2450 2002 2530 2063 είς
2571 2001 2738 2069 τιμὴν
2783 2000 2892 2053 τῶν
2927 2000 3098 2067 ἀγίων
3147 2000 3328 2051 τόπων
3362 1999 3516 2062 ίδίοις

1934 2088 2186 2140 ἀπελθὼν
2212 2090 2391 2152 ποσὶν,
2420 2088 2515 2141 καὶ
2563 2087 2912 2158 ἀναλώμασιν
2953 2088 3132 2157 ἐαυτῷ
3174 2087 3512 2157 ἐπαρκέσας.

1938 2174 2163 2243 Ἔλεγεν
2184 2176 2239 2228 δὲ
2261 2177 2394 2245 ἡμῖν
2417 2170 2571 2238 οὗτος
2600 2175 2760 2239 αὐτὸς
2806 2177 2965 2246 χάριν
2994 2174 3087 2227 τοῦ
3114 2175 3259 2243 ἡμᾶς
3292 2173 3514 2241 ώφελη-

1936 2262 2114 2331 θῆναι,
2149 2264 2230 2317 ὅτι
2276 2262 2351 2317 Οὐ
2396 2264 2681 2334 μέμνημαί
2730 2281 2859 2317 ποτε
2902 2264 3145 2326 ἀποστάς
3192 2264 3333 2315 κατά
3386 2261 3515 2315 νοῦν

1932 2351 2025 2404 τοῦ
2072 2350 2206 2405 Θεοῦ
2258 2369 2379 2422 μου.
2427 2352 2612 2407 Ταῦτα
2658 2353 2729 2407 τὰ
2754 2349 2892 2407 ἆθλα
2918 2353 3013 2406 τοῦ
3058 2352 3327 2423 μακαρίου
3360 2351 3517 2404 Φιλο-

1937 2440 2144 2508 ρώμου,
2178 2440 2274 2492 καὶ
2312 2442 2369 2494 ἐν
2400 2440 2670 2512 τούτοιςή
2714 2442 2979 2513 ἀήττητος
3024 2440 3147 2509 νίκη
3170 2454 3183 2468 ⁸
3233 2441 3326 2493 καὶ
3363 2440 3516 2506 αὐτῷ

1934 2525 2251 2578 ἀποδέδοται
2300 2528 2404 2579 τῶν
2434 2528 2722 2597 μακαρίων
2766 2527 2943 2581 πόνων
2983 2528 3046 2581 τὸ
3080 2527 3274 2599 πέρας,
3308 2529 3336 2581 6
3371 2528 3516 2598 ἀμαι-

1943 2612 2198 2682 ράντινος
2229 2614 2325 2681 τῆς
2349 2614 2505 2685 δόξης
2530 2616 2809 2683 στέφανος.

2515 2716 2765 2772 ΚΕΦΑΛ.
2797 2716 2941 2770 ΡΙΔ’.

2426 2823 2566 2892 Περὶ
2608 2823 2992 2892 Σευηριανοῦ.

2018 2910 2109 2964 Ἐν
2147 2910 2387 2983 Ἀγκύρα
2412 2912 2514 2980 τῆς
2541 2912 2827 2977 Γαλατίας,
2862 2914 2919 2964 ἐν
2946 2912 3080 2983 αὐτῇ
3113 2914 3176 2982 τῇ
3211 2912 3384 2978 πόλει,
3416 2929 3515 2963 πε-

1940 2998 2183 3066 ριέτυχον
2215 2998 2531 3068 Σευηριανῷ
2561 3016 2667 3051 τινι
2710 2999 3080 3069 λαμπροτάτῳ
3108 3000 3219 3052 ἀπὸ
3259 3001 3516 3069 κομήτων

1936 3084 2051 3153 ἅμα
2085 3087 2152 3153 τῇ
2202 3084 2390 3137 τούτου
2441 3085 2702 3155 ἐλευθέρᾳ
2752 3087 3046 3157 Βοσπορίᾳ’
3079 3080 3153 3139 ὧν
3183 3088 3277 3139 καὶ
3302 3087 3507 3156 μικρὰν

266 3182 406 3235 κατά
438 3180 527 3233 τὸν
552 3178 786 3247 Χριστὸν
812 3174 1114 3237 ἐνεδείξατο
1159 3174 1457 3237 πολιτείαν,
1508 3175 1583 3238 ώς
1616 3178 1710 3229 καὶ
1739 3179 1905 3255 ab-C
1940 3174 2131 3239 πεῖραν
2188 3172 2344 3241 ἔσχον
2371 3188 2383 3201 ·
2420 3173 2616 3234 οἵτινες
2660 3174 2753 3225 ἐπὶ
2793 3174 3047 3226 τοσοῦτον
3104 3175 3336 3227 ἐλπίδων
3376 3192 3513 3245 χρη-

262 3272 390 3331 τούς
421 3269 545 3329 τοὺς
578 3264 869 3332 ἀνικήτους
923 3266 981 3314 ἐν
1010 3262 1155 3329 γένει
1205 3262 1467 3314 αἰδεῖσθαι
1516 3262 1681 3315 αὐτοῦ
1735 3265 1833 3335 τὴν

266 3355 582 3424 ίσάγγελλον
616 3352 781 3422 ζωὴν,
833 3351 927 3403 καὶ
982 3350 1080 3418 τὴν
1118 3351 1217 3417 τῆς
1270 3350 1557 3417 ἀσκήσεως
1613 3351 1837 3421 ἐνεργὸν

262 3444 489 3512 ἀρετήν.
514 3434 681 3500 Οὗτος
705 3436 1012 3500 ἀπετάξατο
1041 3435 1099 3486 ἐν
1148 3436 1266 3496 ταῖς
1319 3435 1556 3505 ἡμέραις
1615 3437 1838 3490 Ἰουλια-

265 3531 359 3583 νοῦ
393 3530 487 3582 τοῦ
510 3526 825 3591 δυσωνύμου
881 3523 1164 3593 βασιλέως,
1218 3524 1312 3576 καὶ⁵
1362 3524 1499 3592 μετά
1530 3526 1839 3595 παρρησίας

267 3617 513 3685 διελέχθη
544 3616 716 3681 τούτῳ
747 3615 822 3679 τῷ
848 3611 1098 3663 δυσσεϐεῖ
1122 3612 1149 3662 6
1185 3613 1431 3678 γενναῖος
1474 3611 1567 3663 τοῦ
1600 3614 1836 3680 Χριστοῦ

268 3704 510 3772 ἀθλητὴς
535 3705 563 3755 6
582 3701 929 3769 Φιλόρωμος⁶
968 3698 1029 3749 ὃν
1062 3697 1383 3767 ξυρισθῆναι
1408 3698 1717 3762 ἐκέλευσεν,
1746 3702 1839 3753 καὶ

269 3792 376 3844 ὑπὸ
405 3788 704 3857 παιδαρίων
736 3782 1072 3838 ἐντονώτατα
1105 3784 1479 3849 κοσσισθῆναι.
1516 3788 1611 3848 Ὃς
1639 3788 1840 3857 ἐγκαρ-

266 3878 506 3947 τερήσας
534 3874 611 3943 τῷ
635 3874 941 3943 πράγματι,
971 3873 1064 3923 καὶ
1086 3872 1314 3939 χάριτας
1356 3871 1505 3940 αὑτῷ
1552 3872 1837 3940 ὡμολόγη-

270 3980 387 4025 σεν,
422 3962 496 4024 ὡς
525 3960 686 4021 αὐτὸς
740 3960 869 4027 ἡμῖν
907 3956 1221 4027 διηγήσατο.
1274 3958 1460 4026 Τούτῳ
1499 3959 1722 4011 ἐπέθετο
1764 3960 1841 4029 τῷ

268 4051 505 4118 γενναίῳ
546 4050 604 4100 ἐν
634 4046 944 4116 προοιμίοις
1002 4046 1031 4095 6
1073 4044 1172 4113 τῆς
1198 4044 1454 4112 πορνείας
1487 4046 1719 4115 πόλεμος
1748 4049 1843 4101 καὶ

268 4140 371 4206 τῆς
426 4134 887 4205 γαστριμαργίας,
942 4131 1015 4192 ὼς
1050 4130 1233 4197 ἔλεγεν
1258 4132 1355 4192 ⁹ὃς
1400 4134 1740 4201 τυραννῆσαν
1783 4134 1843 4186 τὸ

266 4225 443 4286 πάθος
479 4223 738 4291 ἐξήλασεν
758 4234 773 4249 '
814 4218 1063 4287 καθάπερ
1091 4218 1372 4285 πυρκαϊὰν
1397 4218 1633 4289 ἄμετρον
1687 4220 1844 4274 ὑδατι

268 4312 458 4380 λάϐρῳ
486 4307 829 4368 κατασϐέσας
865 4306 1037 4374 ἄκρας
1071 4305 1401 4371 ἐγκρατείας
1453 4307 1584 4375 ὅρῳ,
1628 4306 1843 4378 σιδηρο-

268 4398 437 4466 φορία
465 4413 544 4459 τε,
578 4395 672 4446 καὶ
712 4390 1043 4459 ἐγκλεισμίῖκ
1074 4392 1169 4443 καὶ
1202 4392 1379 4460 ἀποχῇ
1417 4390 1720 4462 βρωμάτων
1748 4396 1842 4447 καὶ

270 4485 474 4537 σιτίνου
502 4484 691 4551 ἄρτου,
724 4479 820 4531 καὶ⁵
852 4476 1185 4542 ἁπαξαπλῶς
1216 4480 1434 4529 πάντων
1482 4480 1591 4530 τῶν
1638 4481 1841 4550 ἑψομέ-

1941 3258 2080 3308 στῶν
2104 3259 2525 3330 ἐπληρώθησαν,
2555 3260 2626 3323 ώς
2668 3262 2759 3313 καὶ
2791 3262 2858 3314 τά
2910 3263 3075 3313 τέκνα
3114 3262 3293 3314 αὐτῶν
3338 3278 3516 3332 παραυ

1938 3345 2279 3411 λογίσασθαι,
2303 3346 2451 3415 ἔργῳ
2479 3346 2548 3399 τὰ
2602 3348 2864 3417 μέλλοντα
2901 3348 3211 3417 βλέποντες.
3244 3348 3356 3411 Τάς
3406 3350 3515 3418 γάρ

1956 3436 2249 3505 προσόδους
2281 3435 2398 3487 τῶν
2433 3436 2647 3506 χωρίων
2672 3436 3056 3489 ἀναλίσκουσιν
3107 3440 3185 3500 είς
3235 3440 3359 3501 τοὺς
3402 3438 3516 3491 δεοο

1945 3523 2157 3591 μένους,
2180 3522 2393 3591 ἔχοντες
2422 3524 2694 3588 τέσσαρας
2727 3525 2875 3585 υίοὺς
2910 3525 3002 3577 καὶ
3041 3525 3137 3577 δύο
3189 3526 3514 3595 θυγατέρας,

1941 3605 2023 3671 οἷς
2054 3610 2179 3661 οὐδὲ
2212 3611 2399 3678 κτῆμα
2420 3610 2679 3673 ἐδίδοσαν,
2708 3610 2978 3681 παρεκτὸς
3007 3612 3113 3663 τῶν
3141 3613 3514 3681 γαμηθεισῶν·

1942 3694 2192 3761 λέγοντες
2212 3698 2320 3759 τοῖς
2341 3696 2543 3759 λοιποῖς
2557 3697 2663 3749 τῶν
2680 3698 2905 3761 τέκνων,
2928 3699 3012 3750 ὅτι
3027 3698 3179 3751 Μετά
3200 3698 3298 3767 μὲν
3316 3700 3520 3769 ἡμετέ-

1947 3800 2046 3853 ραν
2083 3784 2381 3837 ἀποϐίωσιν
2426 3786 2604 3839 πάντα
2637 3787 2786 3839 ἐστὶν
2829 3788 3093 3857 ὑμέτερα,
3127 3789 3185 3839 ἐν
3214 3779 3257 3853 ᾧ
3278 3788 3335 3841 δὲ
3363 3787 3519 3858 περί-

1944 3890 2132 3941 εσμεν,
2156 3875 2281 3936 τοὺς
2298 3876 2543 3944 καρποὺς
2562 3874 2671 3927 τῶν
2687 3876 2981 3945 κτημάτων
3000 3878 3158 3945 ἡμεῖς
3181 3877 3521 3945 κομισόμεθα

1942 3960 2287 4029 διανέμοντες
2308 3961 2645 4029 ἐκκλησίαις,
2664 3962 2757 4015 καὶ
2776 3963 3181 4033 μοναστηρίοις,
3206 3964 3300 4016 καὶ
3318 3964 3522 4028 ξενοδοο

1950 4049 2136 4115 χείοις,
2164 4050 2257 4101 καὶ
2287 4050 2419 4102 πᾶσι
2448 4053 2559 4109 τοῖς
2582 4050 2875 4119 δεομένοις·
2908 4045 2982 4103 ὧν
3010 4052 3066 4105 αί
3095 4052 3252 4121 εὐχαὶ
3274 4052 3367 4105 καὶ
3390 4053 3521 4121 ὑμῖν

1946 4136 2040 4188 καὶ
2070 4136 2221 4203 ἡμῖν,
2253 4132 2297 4188 ὦ
2324 4136 2510 4199 τέκνα,
2534 4136 2633 4204 τὴν
2660 4136 2875 4190 αἰώνιον
2902 4138 3045 4208 ζωὴν
3074 4139 3194 4192 ἀντὶ
3223 4140 3322 4209 τῆς
3355 4157 3523 4211 προσ-

1947 4224 2137 4291 καίρου
2161 4224 2365 4292 ταύτης
2389 4225 2483 4275 καὶ
2506 4225 2767 4276 ἐπιπόνου
2792 4225 3105 4292 παρέξουσι.
3134 4228 3243 4278 Καὶ
3268 4228 3426 4279 τοῦτο
3467 4231 3524 4282 δέ

1947 4310 2131 4370 αὐτοῖς
2158 4309 2412 4377 ἐνάρετον
2444 4310 2683 4379 ὑπῆρξεν
2706 4326 2719 4339 ⁸
2751 4312 2910 4380 λιμοῦ
2936 4314 3229 4382 γενομένου
3259 4316 3519 4382 μεγάλου,

1948 4396 2041 4448 καὶ
2081 4396 2219 4447 κατά
2262 4396 2588 4465 σπλάγχνων
2623 4398 2927 4467 χωροῦντος
2953 4400 3171 4453 πάντων
3194 4401 3289 4453 ἀνθ
3302 4401 3519 4467 ρώπων,

1952 4483 2071 4534 τότε
2096 4484 2293 4535 ἐκεῖνοι
2327 4483 2423 4544 τάς
2453 4484 2695 4553 αἱρέσεις
2728 4484 2825 4547 τὰς
2856 4487 3034 4537 ἐκεῖσε
3083 4487 3163 4549 είς
3210 4486 3522 4556 όρθοδοξίαν

269 4588 379 4623 νων
407 4569 495 4621 διὰ
528 4543 719 4636 πυρὸς,
766 4564 1200 4631 διακαρτερήσας
1256 4566 1313 4615 ἐν
1348 4563 1559 4628 τούτοις
1588 4543 1690 4619 ἐπὶ.
1713 4543 1845 4620 δέκα
1879 4543 1921 4597 υ
1955 4571 2310 4638 μετήνεγκαν.
2357 4570 2443 4621 Ἐν
2476 4543 2688 4633 πολλοῖς
2718 4543 2827 4641 γὰρ
2886 4573 3106 4643 χωρίοις
3143 4543 3275 4636 τοὺς
3307 4543 3514 4627 σιτόϐο-

267 4658 365 4710 καὶ⁸
426 4656 569 4709 ὀκτὼ
621 4654 813 4706 ἐτεσιν.
873 4651 1058 4711 Ὅστις
1117 4650 1287 4701 ταῦτα
1336 4652 1707 4720 ὑπερνικήσας
1778 4657 1847 4707 τὰ

267 4747 479 4798 ἄτακτα
512 4741 680 4809 πάθη,
711 4735 841 4811 ᾖσεν
871 4738 962 4789 τὸν
984 4736 1250 4787 ἐπινίκιον
1280 4736 1449 4805 ὕμνον
1497 4738 1574 4807 τῷ
1602 4741 1843 4811 Χριστῷ·

278 4833 516 4901 ’Υψώσω
541 4847 620 4893 σε,
651 4830 842 4897 Κύριε,
886 4828 966 4879 δτι
994 4826 1265 4888 ὑπέλαϐές
1290 4844 1377 4893 με,
1405 4829 1499 4879 καὶ
1514 4830 1613 4880 οὐκ
1643 4829 1846 4900 εὐφρα-

265 4939 366 4983 νας
394 4922 517 4981 τοὺς
545 4918 770 4987 ἐχθρούς
811 4933 911 4983 μου
943 4917 1028 4966 ἐπ’
1063 4915 1183 4982 ἐμέ.
1219 4910 1384 4977 Οὗτος
1412 4916 1514 4969 ὑπὸ
1534 4918 1641 4969 τῶν
1679 4934 1843 4971 πνευ-

272 5010 461 5075 μάτων
492 5006 589 5074 τῆς
640 5004 905 5072 πονηρίας
950 5003 1220 5070 διαφόρως
1248 5002 1578 5071 πολεμηθεὶς
1613 5006 1842 5075 ἐνεκαρ-

267 5096 502 5164 τέρησεν
555 5096 611 5145 ἐν
683 5093 763 5143 ἐνὶ
825 5091 1172 5159 μοναστηρίῳ
1228 5091 1637 5158 τεσσαράκοντα
1720 5093 1839 5162 ἔτη.

282 5184 573 5249 Ἀφηγεῖτο
595 5180 651 5230 δὲ
672 5174 845 5241 οὗτος,
877 5179 958 5229 ὅτι
1011 5177 1132 5227 Ἐπὶ
1163 5178 1453 5244 τριάκοντα
1504 5180 1596 5230 καὶ
1630 5178 1721 5230 δύο
1747 5179 1839 5251 ἔτη

264 5270 526 5339 οὐδεμιᾶς
560 5266 778 5337 ὀπώρας
808 5266 1053 5334 ἡψάμην.
1078 5266 1288 5327 Δειλίας
1317 5264 1375 5316 δέ
1402 5267 1529 5317 ποτέ
1560 5284 1648 5335 με,
1686 5270 1841 5335 φησὶ,

272 5358 662 5425 πολεμησάσης
688 5358 767 5417 είς
798 5354 989 5422 ἀκρον,
1026 5353 1100 5414 ὼς
1140 5356 1231 5404 καὶ
1280 5352 1378 5422 τὴν
1414 5354 1625 5423 ἡμέραν
1674 5357 1842 5426 αὐτὴν

269 5444 502 5511 ἑκφοϐον
534 5440 797 5511 γίνεσθαι,
850 5441 985 5509 πρὸς
1050 5439 1109 5490 τὸ
1164 5440 1365 5509 ταύτης
1438 5442 1839 5510 περιγενέσθαι,

274 5534 519 5602 μνήματι
557 5530 748 5583 ἑαυτὸν
774 5526 1054 5595 καθεῖρξεν
1088 5527 1181 5579 ἐπὶ
1234 5526 1327 5597 ἐτη
1360 5528 1437 5592 ἒξ.
1479 5531 1587 5582 Καὶ
1640 5530 1840 5599 ταύτης

272 5617 622 5688 περιεγένετο
640 5616 729 5667 τὸν
761 5616 817 5680 ἐξ
841 5614 1059 5681 ἐπαφῆς
1090 5615 1324 5683 πόλεμον
1356 5615 1667 5684 πολεμήσας
1702 5619 1841 5687 μετά

268 5706 363 5759 τοῦ
399 5704 705 5774 πνεύματος
757 5701 850 5754 τοῦ
892 5700 987 5769 τὴν
1036 5700 1243 5753 δειλίαν
1291 5703 1465 5773 τούτῳ
1517 5706 1834 5771 ἐπάγοντος.

269 5795 472 5849 Τούτου
502 5795 594 5847 τοῦ
620 5792 863 5861 ἀοιδίμου
893 5792 1031 5843 πάνυ
1068 5794 1289 5861 ἐκήδετο
1334 5796 1362 5845 6
1421 5796 1689 5862 μακάριος
1739 5796 1837 5849 Βα-

518 5886 785 5944 ΡΑῚἫΟΙ..
827 5884 940 5944 Gn.
1004 5884 1285 5942 XXXIV.

1949 4656 2125 4717 λῶνας
2159 4656 2365 4709 ἐαυτῶν
2402 4658 2712 4723 ἀνοίξαντες
2740 4658 3061 4728 παρέθηκαν
3103 4662 3181 4723 είς
3224 4661 3520 4732 διατροφὴν

1946 4745 2058 4803 τοῖς
2091 4742 2377 4796 πεινῶσιν.
2414 4742 2503 4804 Ὠς
2531 4745 2593 4795 ὲκ
2617 4744 2715 4813 τῆς
2744 4745 2947 4796 τούτων
2970 4746 3179 4813 ἀφάτου
3217 4748 3519 4817 φιλανθρω-

1947 4828 2077 4890 πίας
2104 4829 2181 4890 εῐς
2215 4828 2340 4896 μίαν
2374 4830 2693 4898 συμφωνίαν
2723 4829 2823 4896 τῆς
2862 4830 3029 4901 ὀρθῆς
3067 4834 3303 4898 πίστεως
3332 4837 3518 4889 συνελ-

1951 4916 2064 4966 θεῖν
2096 4916 2191 4976 τάς
2217 4916 2475 4983 αἱρέσεις,
2518 4915 2839 4981 δοξάζοντας
2871 4918 2962 4969 τὸν
2992 4918 3123 4970 Θεὸν
3154 4921 3247 4972 ἐπὶ
3286 4924 3351 4991 τῇ
3392 4922 3517 4975 τού-

1946 5020 2051 5055 των
2077 5002 2218 5071 άπλῇ
2257 5004 2437 5053 πίστει
2474 5005 2566 5055 καὶ
2601 5004 2821 5073 ἀμέτρῳ
2879 5006 3116 5077 εὐποιία.
3158 5008 3221 5060 Ἠ
3268 5008 3325 5061 δέ
3380 5002 3513 5080 ἀλλη

1945 5090 2175 5158 ἄσκησις
2206 5088 2412 5140 τούτων
2443 5090 2742 5159 θαυμασία,
2771 5092 2955 5160 σχῆμα
2998 5094 3329 5161 σεμνότατον
3391 5096 3515 5149 καθ’

1946 5176 2268 5244 ὑπερϐολὴν,
2294 5175 2508 5243 λιτότης
2537 5178 2762 5246 ἐσθῆτος
2790 5181 2881 5230 καὶ
2906 5180 3151 5233 εὐτέλεια
3179 5182 3307 5252 παρ’
3330 5184 3517 5247 αὐτοῖς

1948 5263 2116 5331 πολλὴ
2151 5262 2245 5315 καὶ
2276 5262 2669 5334 ἀνέκφραστος.
2715 5264 3123 5333 Ὀλιγοδάπανοι
3148 5271 3352 5339 σφόδρα
3374 5271 3517 5323 λιτό-

1943 5368 2066 5419 τητι
2123 5353 2328 5419 τροφῆς
2379 5352 2760 5421 ἀποχρώμενοι
2801 5355 2925 5407 ὅσον
2980 5357 3041 5407 τὸ
3090 5356 3190 5427 ζῇν
3251 5361 3511 5413 ἀπαιτεῖ’

1945 5438 2297 5501 ἐξασκοῦντες
2329 5439 2426 5510 τὴν
2477 5443 2554 5501 είς
2602 5440 2735 5493 Θεὸν
2783 5446 3137 5515 σωφροσύνην
3182 5447 3507 5517 ὑπερφυῶς·

1944 5527 2002 5579 τὸ
2027 5526 2277 5578 πλεῖστον
2310 5527 2417 5579 τῶν
2446 5528 2651 5596 χρόνων
2679 5530 2737 5581 ἐν
2767 5530 2956 5599 ἀγροῖς
2985 5531 3349 5601 διαιτώμενοι,
3393 5536 3512 5604 ἥδι-

1945 5632 2043 5667 στα
2082 5614 2278 5681 μᾶλλον
2312 5616 2375 5683 τῇ
2430 5614 2631 5683 ἡσυχίᾳ
2683 5616 3178 5685 προσομιλοῦντες·
3215 5619 3512 5687 φεύγοντες

1942 5705 2027 5757 ἀεὶ
2051 5706 2145 5765 τάς
2178 5702 2356 5762 πόλεις
2387 5704 2481 5755 καὶ
2506 5702 2601 5763 τὰς
2630 5704 2694 5755 ἐκ
2720 5703 2924 5757 τούτων
2939 5698 3264 5774 τικτομένας
3290 5708 3508 5771 κακίας·

1945 5793 2151 5863 μήποτε
2172 5789 2250 5859 τῷ
2281 5790 2699 5861 συνασμενισμῷ
2725 5791 2832 5845 τῶν
2857 5790 3029 5861 ὄχλων
3056 5794 3301 5847 σπάσωσί
3321 5809 3370 5847 τι
3400 5796 3510 5851 τῶν

3088 5886 3164 5946 39
