4258 6360
809 425 943 488 1219

2237 414 2582 474 PALLADH

3918 417 4068 483 1220

805 534 1048 605 θορύϐων
1094 531 1201 584 τῶν
1252 529 1576 594 πολιτικῶν,
1613 528 1970 589 ἐκπίπτοντες
2032 527 2130 594 τῆς
2190 524 2373 614 ἕνθέξυ
2406 529 2450 580 Α
2481 542 2764 608 Βησαρίων
2798 542 3039 609 ὀνόματι.
3063 537 3231 605 οὗτος
3269 542 3542 596 κατελθὼν
3570 545 3648 599 εἰς
3680 545 3876 614 κώμην
3907 552 4067 608 τινα,

805 621 1134 690 προθέσεως.
1162 619 1258 672 Διά
1274 635 1355 671 τοι
1381 619 1556 671 ταῦτα
1573 617 1749 671 πάντα
1767 615 1833 668 τά
1851 613 2252 685 κατορθώματα
2277 609 2374 676 τῆς

803 711 1062 779 ἐναρέτου
1103 709 1381 773 πολιτείας
1418 708 1624 762 τούτων
1664 707 1772 759 τῶν
1803 707 2088 775 μακαρίων
2124 699 2373 755 ἐντεῦθεν

804 799 903 866 ἤδη
935 797 1189 866 βλέπουσι
1211 798 1321 858 τοῖς
1341 797 1552 865 νοητοῖς
1583 795 1880 865 ὀφθαλμοῖς
1905 797 1972 849 τὰ
1994 790 2372 865 ήτοιμασμένα

803 885 984 946 αὐτοῖς
1013 887 1161 954 παρα
1194 885 1292 952 τῆς
1313 883 1468 952 δόξης
1497 883 1589 936 τοῦ
1623 883 1758 936 Θεοῦ
1779 883 1847 936 τὰ
1873 884 2067 938 αἰώνια
2096 886 2296 952 ἀγαθά.

1355 989 1604 1043 ΚΕΦΑΛ.
1646 988 1787 1042 ΡίΕ’.

1099 1074 1236 1140 Περί
1263 1073 1367 1126 τοῦ
1391 1075 1722 1142 ἐλεήμονος
1764 1077 2055 1144 μοναχοῦ.

881 1161 1111 1230 Ὁμοίως
1146 1163 1205 1215 ἐν
1238 1162 1408 1234 ταύτῃ
1439 1167 1505 1233 τῇ
1536 1163 1683 1214 πόλει
1714 1163 2028 1233 εὑρήκαμεν
2049 1162 2363 1231 μονάζοντα,

799 1251 1128 1318 χειροτονίαν
1187 1251 1284 1319 μὲν
1344 1251 1742 1320 πρεσϐυτερίου
1818 1250 1892 1319 μὴ
1950 1250 2366 1318 καταδεξαμένῳ

797 1336 1070 1398 δέξασθαι,
1097 1338 1204 1387 ἀπο
1239 1338 1523 1404 στρατείας
1547 1337 1782 1405 ἠγμένον
1815 1337 1996 1401 ὀλίγου
2023 1337 2234 1405 χρόνου.
2271 1337 2366 1397 Ὃς

798 1423 1042 1474 εἰκοστὸν
1071 1423 1187 1483 ἔτος
1217 1424 1363 1488 ἄγων
1405 1425 1462 1475 ἐν
1497 1424 1728 1491 ἀσκήσει
1763 1423 1966 1491 ταύτην
2000 1419 2110 1491 εἶχε
2143 1422 2240 1492 τὴν
2266 1439 2363 1472 πο-

797 1509 1032 1562 λιτείαν⁶
1062 1510 1366 1578 παραμένει
1402 1509 1500 1576 μὲν
1547 1510 1622 1578 τῷ
1672 1511 1954 1579 ἐπισκόπῳ
2007 1511 2103 1577 τῆς
2161 1510 2362 1571 πόλεως

797 1597 950 1665 ἀνδρὶ
984 1597 1286 1664 ἁγιωτάτῳ.
1321 1596 1584 1648 Τοσοῦτον
1614 1596 1669 1647 δέ
1699 1598 1815 1648 ἐστι
1859 1597 2238 1664 φιλάνθρωπος
2271 1597 2362 1648 καὶ

797 1683 1066 1752 ἐλεήμων,
1118 1683 1191 1744 ὡς
1226 1685 1317 1734 καὶ
1355 1684 1453 1744 τὰς
1507 1682 1688 1745 πόλεις
1734 1684 2026 1752 περιιέναι,
2071 1685 2163 1734 καὶ
2195 1683 2363 1734 ἐλεεῖν

795 1771 920 1829 τοὺς
967 1769 1269 1836 δεομένους.
1308 1764 1474 1830 Οὑτος
1509 1770 1607 1820 οὑκ
1665 1770 1856 1837 ἀμελεῖ
1893 1770 1952 1822 οὑ
1997 1768 2266 1836 φυλακῆς,
2299 1771 2357 1821 οὑ

2483 627 2592 682 ῐδεν
2627 628 2832 698 γυμνὸν
2863 631 3075 698 πτωχὸν
3097 633 3156 684 ἐν
3197 634 3263 702 τῇ
3307 632 3480 703 ἀγορᾷ
3523 633 3848 702 τεθνηκότα.
3879 637 4072 701 Αὐτὸς

2475 717 2532 770 δὲ
2567 717 2663 769 ἕνα
2691 717 2890 786 χιτῶνα
2921 720 3123 786 φορῶν,
3166 721 3307 772 κατὰ
3345 721 3444 791 τὴν
3483 721 3844 792 εὑαγγελικὴν
3869 728 4070 792 παρά-

2473 807 2656 867 δοσιν,
2696 809 2790 859 καί⁵
2840 809 3033 876 μικρὸν
3080 809 3376 878 μαφόριον·
3425 811 3578 864 οὐδὲν
3629 812 3736 880 γάρ
3784 813 4072 879 ἐκέκτητο

2474 894 2613 964 πλὴν
2650 896 2840 947 τούτου
2873 897 2964 948 τοῦ
3009 898 3304 962 ἀναγκαίου
3343 899 3748 967 σκεπάσματος.
3797 894 3969 968 Εἶχεν
4009 901 4068 952 δὲ

2471 985 2563 1033 καὶ
2590 985 2785 1051 μικρτιν
2807 983 3140 1048 Εὑαγγεέλιον
3164 985 3268 1054 ὑπὸ
3291 985 3388 1053 τὴν
3412 985 3588 1054 μάλην
3609 988 3715 1050 ἀεὶ,
3733 989 3871 1054 πρὸς
3895 988 4067 1052 ἐλεγ-

2471 1085 2564 1137 χον
2611 1070 2803 1122 ἑαυτοῦ
2850 1071 2944 1123 τοῦ
2986 1071 3273 1134 διαπαντὸς
3303 1073 3599 1126 ὑπακούειν
3629 1077 3694 1143 τῇ
3732 1077 4057 1145 Δεσποτικῇ

2469 1159 2642 1224 φωνῇ.
2666 1157 2696 1226 ἢ
2721 1158 2918 1223 μᾶλλον
2939 1159 3085 1228 ἔργῳ
3115 1159 3528 1227 κατορθωθέντα
3553 1161 3644 1213 τὸν
3671 1162 3828 1229 λόγον
3849 1165 4060 1228 ἐπιφε-

2471 1241 2717 1310 ρόμενος.
2754 1243 2991 1313 Τοιαύτη
3019 1247 3126 1312 γὰρ
3155 1245 3183 1296 6
3207 1245 3344 1315 ἀνήρ
3379 1247 3660 1318 ὑπερϐολῇ
3691 1249 3811 1316 βίου
3837 1251 4062 1318 χρησά-

2473 1347 2650 1399 μενος,
2669 1335 3116 1400 ἀνεπαισχύντως
3137 1335 3211 1396 ὼς
3238 1336 3479 1400 ἐπίγειος
3505 1336 3734 1403 ἄγγελος
3756 1339 3858 1406 τὴν
3880 1341 4058 1390 ἐπουο

2471 1420 2652 1488 ράνιον
2679 1423 2736 1472 ἐν
2757 1421 2905 1489 νόμῳ
2930 1421 3179 1488 διήνυσεν
3201 1422 3444 1490 πορείαν.
3470 1416 3638 1486 Οὗτος
3658 1423 3751 1477 οὖν
3777 1426 4056 1494 ἑωρακὼς

2465 1510 2526 1561 τὸ
2554 1509 2820 1576 λείψανον,
2850 1509 3062 1573 εὐφυῶς
3094 1510 3152 1561 τδ
3187 1509 3450 1578 μαφόριον
3479 1512 4048 1581 ἀποφορτωσάμενος,

2466 1596 2759 1647 ἐναπέθετο
2795 1595 2872 1663 τῷ
2900 1597 3201 1663 τεθνηκότι.
3236 1598 3344 1650 Καὶ
3384 1597 3545 1650 πάλιν
3584 1599 3761 1665 ὀλίγον
3793 1600 4046 1669 βαδίσας,

2464 1681 2702 1750 δεομένῳ
2735 1681 2925 1750 γυμνῷ
2956 1684 3284 1750 συνήντησεν
3306 1698 3318 1710 ·
3346 1683 3440 1736 καὶ
3468 1684 3877 1754 διακρινόμενος
3910 1689 4046 1754 ἔστη

2467 1768 2590 1819 καθ’
2619 1769 2808 1820 ἐαυτὸν
2842 1768 3189 1836 λογιζόμενος
3213 1769 3383 1831 οὓτως
3404 1783 3416 1795 ·
3445 1771 3570 1833 Πῶς
3601 1771 3709 1838 ἐγὼ
3740 1774 3860 1839 μὲν,
3885 1776 3915 1824 6
3946 1775 4046 1840 δῆ-

796 1857 1165 1923 νοσοκομείου,
1223 1857 1283 1907 οὑ
1312 1856 1598 1923 πτωχείου,
1627 1857 1686 1907 οὑ
1717 1856 1989 1918 πλουσίου,
2020 1857 2078 1908 οὑ
2111 1857 2361 1924 πένητος,
2395 1849 2440 1905 Β
2470 1854 2557 1906 θεν
2590 1854 2998 1921 ἀποταξάμενος
3029 1854 3107 1924 τῷ
3140 1855 3347 1925 κόσμῳ,
3395 1857 3606 1924 ἱμάτιον
3637 1861 3987 1926 περίκειμαι,
4017 1862 4044 1911 6

795 1942 931 1994 ἀλλά
973 1943 1137 1994 πᾶσιν
1182 1944 1495 2010 ἐπικουρεῖ·
1551 1945 1661 2005 τοῖς
1713 1944 1811 2010 μὲν
1848 1941 2122 2004 πλουσίοις
2173 1942 2364 2009 λόγους

794 2027 1193 2096 εὐσπλαγχνίας
1222 2029 1474 2096 παρέχων
1510 2029 1602 2080 καὶ
1628 2029 1832 2092 ἐλέους,
1867 2028 1942 2091 ὡς
1996 2027 2365 2098 ἀσπλάγχνοις

795 2117 888 2168 καὶ
927 2116 1310 2184 ἀνελεήμοσινο
1339 2117 1443 2168 τῶν
1480 2117 1536 2168 δὲ
1567 2117 1759 2169 ἐνδεῶν
1801 2117 2093 2186 φροντίζων
2134 2119 2363 2170 ἑκάστου

792 2204 862 2254 τὰ
893 2203 1026 2272 πρὸς
1071 2203 1167 2266 τὰς
1218 2204 1404 2272 χρείας
1431 2222 1443 2234 ·
1496 2205 1620 2266 τοὺς
1667 2205 2004 2273 μαχομένους
2047 2205 2360 2275 εἰρηνεύων,

793 2290 906 2350 τοῖς
936 2291 1162 2358 γυμνοῖς
1206 2290 1459 2359 χορηγῶν
1495 2289 1788 2358 ἐνδύματα,
1827 2292 1940 2352 τοῖς
1981 2289 2262 2342 ἀσθενοῦσι
2295 2287 2364 2340 τὰ

793 2375 1112 2445 ἀλεξιτήρια
1149 2376 1282 2445 πρὸς
1310 2376 1628 2446 θεράπείαν.
1657 2373 1758 2428 Οἷα
1785 2377 1839 2429 δὲ
1875 2377 2017 2446 φιλεῖ
2041 2377 2282 2444 γίνεσθαι
2305 2379 2361 2428 ἐν

792 2466 996 2527 πάσαις
1025 2467 1143 2526 ταῖς
1167 2465 1352 2516 πόλεσι
1384 2467 1500 2527 ταῖς
1528 2467 1811 2534 μεγάλαις,
1841 2466 1953 2518 ἔστι
1989 2466 2084 2518 καὶ⁹
2110 2469 2166 2517 ἐν
2200 2467 2356 2535 αὑτῇ.

803 2552 894 2604 Ἐν
932 2553 1038 2622 γὰρ
1069 2555 1133 2621 τῇ
1172 2553 1298 2622 στοᾷ
1332 2552 1429 2621 τῆς
1459 2553 1754 2620 ἐκκλησίας
1791 2553 1990 2622 πλῆθος
2037 2552 2145 2604 τῶν
2175 2553 2360 2605 λωσῶν

791 2643 908 2694 ἐστι
963 2642 1375 2710 κατακείμενον,
1426 2643 1810 2712 ἐρανιζόμενον
1857 2642 1955 2712 τὴν
2005 2643 2210 2711 τροφὴν
2262 2643 2360 2709 τὴν

791 2730 1088 2798 ἐφήμερον,
1116 2729 1224 2781 τῶν
1271 2729 1367 2799 μὲν
1411 2731 1661 2798 ἀγάμων.
1695 2731 1802 2782 τῶν
1844 2730 1898 2782 δέ
1942 2733 2356 2798 γεγαμηκότων.

791 2816 998 2883 Συνέϐη
1050 2813 1140 2868 οὖν
1174 2819 1274 2886 μιᾷ
1307 2816 1415 2868 τῶν
1444 2817 1670 2886 ἡμερῶν
1714 2818 1771 2868 ἐν
1801 2817 1955 2868 νυκτὶ
1996 2815 2200 2867 τίκτειν
2245 2816 2360 2878 ἐνὸς

788 2903 996 2955 τούτων
1031 2907 1128 2971 τὴν
1166 2908 1400 2972 γυναῖκα
1436 2907 1493 2957 ἐν
1542 2909 1606 2974 τῇ
1661 2907 1812 2974 στοᾷ,
1849 2903 2126 2958 καὶτοῦτο
2157 2906 2212 2955 ἐν
2244 2921 2356 2973 χει-

792 2991 952 3059 μῶνι.
989 2991 1208 3058 Βοώσης
1238 2987 1329 3044 οὖν
1359 2992 1548 3061 αὑτῆς,
1584 2993 1676 3043 καὶ
1705 2992 2070 3060 κεντουμένης
2106 2991 2208 3042 ὑπὸ
2260 2992 2361 3059 τῆς.

786 3080 1062 3146 ἀφορήτου
1098 3080 1310 3146 ἐκείνης
1350 3067 1561 3145 ὀδύνης,
1609 3080 1914 3147 ἐπήκουσεν
1955 3079 2056 3146 τῆς
2096 3078 2357 3146 ὀλολυγῆς

2466 1939 2520 1990 δὲ
2547 1939 2675 2006 ἐμὸς
2704 1941 2926 2006 ἀδελφὸς
2943 1939 3103 2008 ψύχει
3126 1943 3572 2010 καταπήγνυται;
3601 1944 3660 1995 Εἰ
3686 1947 3866 1997 τοίνυν
3890 1950 4044 2000 ἐάσω

2464 2024 2650 2077 τοῦτον
2733 2026 3134 2094 λιποψυχῆσαι,
3193 2027 3422 2079 θανάτου
3476 2031 3689 2092 πάντως
3737 2034 3908 2094 αἴτιος
3962 2035 4040 2101 τῷ

2465 2111 2688 2180 πλησίον
2714 2113 3035 2182 γενήσομαι.
3079 2114 3144 2167 Τί
3185 2113 3308 2179 03v;
3354 2116 3762 2184 ἀποδυσάμενος
3800 2122 4036 2188 μερίσω,

2461 2201 2551 2252 τὸν
2585 2201 2784 2270 χιτῶνα
2825 2203 3016 2270 κόψας,
3062 2205 3095 2274 ἢ
3137 2203 3195 2255 τὸ
3245 2207 3350 2258 πᾶν
3401 2206 3478 2274 τῷ
3511 2207 3630 2257 κατ’
3681 2207 3862 2256 εἰκόνα
3896 2207 4036 2258 Θεοῦ

2461 2287 2648 2353 δώσω;
2700 2289 2858 2340 Ἀλλά
2887 2291 2937 2341 τί
2964 2291 3227 2360 χρήσιμον
3257 2292 3379 2359 ἐμοί
3399 2309 3455 2344 τε
3481 2293 3718 2361 κάκείνῳ
3766 2295 3823 2344 τὸ
3853 2297 4038 2362 σχιζό-

2465 2392 2621 2442 μενον
2672 2379 2869 2446 μέρος;
2913 2379 3022 2430 Καὶ
3067 2379 3364 2447 διακριθεὶς
3407 2381 3541 2450 ἔφη·
3599 2383 3688 2449 Μή
3727 2381 3896 2450 βλάϐη
3953 2401 4034 2445 τις

2460 2463 2622 2531 ἡμῖν,
2651 2465 2699 2514 εἰ
2731 2466 2893 2516 πλέον
2929 2467 3240 2534 ποιήσωμεν
3273 2468 3369 2534 τῆς
3394 2468 3644 2536 ἐντολῆς;
3679 2469 3987 2538 Τοιγαροῦν
4007 2473 4033 2521 ὁ

2463 2555 2678 2617 γεναίος
2709 2547 2861 2615 οὗτος
2895 2553 3158 2621 ἀθλήσας,
3191 2553 3486 2623 προθύμως
3519 2557 3671 2606 καλεῖ
3695 2556 3783 2607 τὸν
3816 2559 4032 2625 πτωχόν

2461 2639 2538 2700 εἰς
2577 2639 2668 2690 τδν
2699 2641 2940 2703 πυλῶνα,
2997 2645 3088 2694 καὶ
3138 2642 3324 2694 τοῦτον
3361 2642 3705 2711 ἐνδεδυμένον
3729 2644 4028 2708 ἀπολύσας,

2460 2725 2591 2792 ἔστη
2620 2728 2845 2796 γυμνὸς,
2869 2728 3061 2780 ἐαυτὸν
3079 2731 3196 2788 ταῖς
3217 2730 3374 2797 χερσὶ
3391 2729 3759 2796 περισκέπων,
3791 2730 4032 2791 ὀκλάσας

2459 2813 2556 2866 καὶ
2606 2813 3051 2882 ὑποκαθήμενος,
3112 2815 3271 2882 μόνον
3316 2814 3452 2884 ἔχων
3497 2815 3587 2866 τὸν
3651 2816 4030 2868 πλουσιοποιλν

2460 2898 2615 2965 λόγον
2641 2900 2744 2951 ὑπὸ
2761 2900 2857 2969 τὴν
2887 2901 3086 2970 μάλην.
3107 2902 3241 2953 Κατ’
3258 2902 3567 2971 οίκονομίαν
3594 2902 3650 2954 δὲ
3675 2903 3863 2957 τούτου
3890 2921 4029 2972 παρ·

2463 2988 2631 3045 ιόντος
2667 2989 2694 3038 6
2724 2987 2816 3038 ἐπὶ
2867 2988 2964 3057 τῆς
3009 2989 3230 3057 εἰρήνης
3261 2989 3473 3054 ἐπέγνω
3516 2989 3606 3042 τὸν
3636 2989 3890 3058 γέροντα,
3936 2994 4027 3042 καὶ

2463 3079 2600 3142 πρὸς
2625 3075 2714 3126 τὸν
2747 3076 3000 3144 ἐχόμενον
3033 3078 3320 3145 σύμμαχον
3357 3075 3475 3129 εἷπε
3497 3092 3510 3106 '
3557 3076 3728 3129 Βλέπε
3776 3080 3894 3129 ἐκεῖ
3931 3079 4026 3130 οὐκ

785 3165 815 3216 6
855 3164 1120 3233 μακάριος
1179 3157 1331 3224 οὗτος
1380 3164 1813 3234 προσευχόμενος
1865 3167 1921 3216 ἐν
1975 3167 2038 3234 τῇ
2071 3165 2354 3235 ἐκκλησία,
2385 3180 2426 3239 C
2463 3161 2608 3214 ἔστιν
2640 3164 2667 3214 6
2709 3163 2888 3232 γέρων
2918 3163 3061 3216 ἀὸϐἇ
3103 3164 3426 3233 Βησαρίων;
3467 3164 3560 3217 τοῦ
3605 3165 3660 3217 δὲ
3732 3167 4022 3235 φήσαντος,

786 3251 881 3303 καὶ
901 3251 1231 3318 καταλείζας
1259 3251 1355 3312 τὰς
1375 3251 1627 3320 συνήθεις
1657 3250 1821 3303 αὑτοῦ
1851 3254 2176 3320 προσευχὰς,
2210 3255 2354 3316 ἐξελε

787 3336 897 3388 θὼν
928 3336 1098 3399 ἐπίδε,
1128 3341 1218 3390 καὶ
1261 3337 1465 3407 μηδένα
1486 3337 1659 3407 εὑρὼν
1693 3338 1782 3390 τὸν
1810 3339 1985 3410 ταύτῃ
2013 3343 2358 3409 παραστησό-

787 3439 950 3492 μενον
981 3427 1038 3474 ἐν
1064 3427 1130 3493 τῇ
1177 3425 1388 3493 ἀνάγκη
1439 3426 1641 3495 ἐκείνη,
1691 3427 1853 3489 αὑτὸς
1903 3427 2146 3498 ἰατρίνης
2192 3431 2356 3481 τόπον

783 3508 1044 3577 ἐπέσχεν,
1078 3511 1138 3560 οὑ
1186 3509 1577 3579 βδελυξάμενος
1611 3513 1670 3565 τὸ
1703 3515 1872 3582 μῦσος
1911 3515 1972 3565 τὸ
2013 3515 2352 3585 παρακολου-

785 3595 910 3647 θοῦν
965 3598 1085 3657 ταῖς
1133 3597 1441 3660 τικτούσαις
1495 3599 1601 3650 τῶν
1651 3601 1960 3666 γυναικῶν,
2001 3602 2356 3670 ἀναισθησίαν

781 3683 930 3752 αὑτῷ
961 3685 1332 3754 χαρισαμένης
1357 3686 1450 3755 τῆς
1475 3685 1781 3758 βαθυτάτης
1813 3690 2016 3758 ταύτης
2058 3689 2355 3760 ἐλεημοσύ-

779 3788 876 3840 νης
901 3771 999 3840 τῆς
1051 3773 1181 3842 παρ’
1216 3774 1379 3825 αὑτοῦ
1432 3778 1827 3846 γεγενημένης.
1879 3778 2080 3831 Τούτου
2111 3781 2208 3847 μὲν
2259 3781 2352 3833 τοῦ

781 3857 1126 3926 φιλοχρίστου
1155 3858 1212 3910 1:6
1247 3855 1383 3922 εἶδος
1411 3862 1517 3914 τῶν
1547 3864 1800 3930 ἱματίων,
1831 3858 1905 3918 ὧν
1936 3867 2349 3936 περιϐέϐληται,

778 3947 878 3999 οὑκ
911 3948 1057 4001 ἔστιν
1092 3948 1240 4011 ἀξιον
1270 3948 1480 4004 ὀϐολοῦ.
1531 3951 1603 4004 Τὸ
1643 3952 1698 4004 δὲ
1731 3953 1928 4022 βρῶμα
1970 3954 2077 4006 τῶν
2124 3958 2353 4022 ίματίων

777 4033 1121 4103 ἀμφήριστον
1142 4050 1153 4062 ⁸
1185 4037 1395 4106 πυκτίῳ
1420 4037 1654 4105 ἐγκύψαι
1692 4040 1752 4090 οὑ
1789 4044 2078 4110 καρτερεῖ,
2107 4043 2206 4110 τῆς
2236 4045 2352 4110 φιλ-

777 4119 1093 4189 ανθρωπίας
1143 4122 1304 4174 αὑτὸν
1349 4124 1756 4195 ἀπελαυνούσης
1803 4130 1910 4182 τῶν
1978 4131 2345 4199 ἀναγνωσμά-

777 4225 902 4263 των.
942 4206 1150 4259 Βιδλίον
1187 4209 1281 4260 ἐάν
1316 4225 1399 4272 τις
1434 4211 1582 4280 αὑτῴ
1606 4218 1899 4284 χαρίσηται
1940 4217 2048 4268 τῶν
2080 4218 2345 4285 ἀδελφῶν,

775 4297 1120 4364 παραχρῆμα
1154 4295 1308 4349 τοῦτο
1337 4300 1659 4367 πιπράσκει,
1696 4305 1809 4364 τοῖς
1853 4303 2185 4372 ἐνδεομένοις
2210 4305 2264 4356 δὲ
2289 4306 2347 4357 τὸ

773 4397 900 4448 τιμη
913 4400 986 4448 μα
1007 4382 1298 4450 διανέμων,
1323 4385 1588 4453 ἐπιλέγων
1607 4387 1761 4440 τοῦτο
1788 4390 1897 4452 τοῖς
1922 4392 2340 4460 ἐπισκήπτουσι,

773 4468 858 4518 δια
894 4469 946 4520 τί
977 4471 1150 4523 ταῦτα
1194 4471 1382 4534 πωλεῖ,
1420 4475 1502 4525 ὅτι
1537 4475 1706 4527 Πόθεν
1749 4476 1857 4546 ἔχω
1895 4495 1996 4547 μου
2033 4482 2219 4532 πεῖσαι
2255 4481 2342 4532 τὸν

772 4559 1108 4622 δδασκαλον,
1138 4561 1219 4613 ὅτι
1251 4563 1348 4628 τὴν
1392 4565 1586 4632 τέχνην
1622 4564 1787 4617 αὑτοῦ
1837 4569 2137 4638 μεμάθηκα
2182 4572 2340 4639 ἀκρι-

773 4646 913 4709 ιλώς,
957 4647 1049 4698 ἐὰν
1078 4648 1150 4716 μὴ
1181 4650 1325 4717 αὐτῷ
1356 4651 1546 4718 ἐκείνῳ
1581 4657 2020 4725 καταχρήσωμαι
2051 4661 2130 4720 εἰς
2160 4660 2220 4710 τὸ
2247 4660 2343 4729 τῆς

771 4735 964 4802 τέχνης
1000 4735 1363 4805 κατόρθωμα;
1407 4739 1463 4790 Ὀ
1490 4741 1754 4804 ἀθάνατος
1782 4737 1932 4806 οὗτος
1958 4746 2015 4795 ἐν
2031 4744 2198 4815 ταύτῃ
2240 4765 2342 4798 πα-

777 4822 1034 4888 ρτμεὶνας
1063 4827 1128 4892 τῇ
1162 4825 1356 4892 πράξει
1385 4826 1510 4894 ἄχρι
1539 4828 1637 4896 τῆς
1661 4830 1820 4902 δεῦρο
1843 4832 2091 4893 ἀειθαλὲς
2125 4835 2344 4903 μνήμης

771 4909 941 4975 ὄνομα
982 4910 1130 4979 πάσῃ
1164 4915 1227 4980 τῇ
1283 4915 1544 4984 περιοίκῳ
1589 4917 1772 4988 ἐκείνῃ
1819 4920 2130 4984 κατέλιπεν,
2184 4921 2345 4984 αὐτὸς

771 5011 866 5059 τί.»
901 4997 1115 5047 αἰώνιον
1139 4998 1312 5066 χαρὰν
1332 5002 1388 5050 ἐν
1418 5003 1480 5069 τῇ
1515 5002 1622 5054 τῶν
1651 5005 1896 5073 οὐρανῶν
1934 5005 2178 5076 βασιλεία
2205 5026 2342 5077 καρ-

771 5083 1074 5150 πιύμενος·
1123 5085 1527 5154 ἀπολαμϐάνων
1567 5089 1676 5140 τῶν
1723 5095 2010 5162 μακαρίων
2067 5095 2246 5147 πόνων
2278 5098 2345 5148 τα

773 5169 899 5230 ἀξια
938 5171 1142 5222 ἔπαθλα
1169 5191 1182 5204 ·
1221 5174 1523 5237 πεινῶντας
1581 5177 1791 5245 θρέψας
1836 5181 2058 5243 ἐνθάδε,
2104 5185 2198 5234 καὶ
2243 5200 2342 5250 γυ-

777 5260 927 5324 μνοῖς
952 5260 1274 5326 περιδόλαια
1327 5264 1696 5332 χαρισάμενος
1719 5307 1732 5327 ,
1761 5268 1877 5319 νυνὶ
1899 5269 2047 5338 παρά
2080 5269 2155 5337 τῷ
2189 5271 2343 5339 μισθ-

773 5347 1010 5419 αποδότῃ
1048 5348 1154 5402 τῶν
1186 5349 1362 5402 καλῶν
1385 5353 1561 5422 ἔργων
1586 5357 1934 5426 παντοδαπῆς
1958 5359 2171 5428 τρυφῆς
2204 5361 2335 5413 ἀπο·

778 5432 976 5489 λαύων.

1359 5549 1610 5604 ΚΕΦΛΛ.
1643 5552 1802 5618 qu'.

1105 5656 1248 5719 Βίος
1280 5657 1385 5710 τοῦ
1415 5658 1563 5712 ἀΰΰὰ
1597 5663 1998 5730 Βησαρίωνος.

867 5763 1108 5832 Ἐγένετο
1143 5785 1226 5832 τις
1261 5769 1434 5839 γέρων
1469 5771 1729 5841 ἀκτήμων
1771 5775 1864 5828 καὶ
1893 5775 2158 5846 ἐλεήμων,
2201 5779 2342 5835 ἀδεᾶ

2375 4516 2425 4565 υ

2459 3251 2604 3303 Ναίο
2642 3250 2886 3312 καταϐὰς
2929 3253 2991 3302 ἐκ
3021 3253 3114 3302 τοῦ
3157 3250 3295 3312 ζώου
3338 3251 3565 3320 ταχέως,
3608 3251 3890 3319 ἠρώτησεν
3937 3253 4024 3304 τὸν

2456 3338 2630 3404 ἅγιον,
2652 3341 2732 3390 δτι
2761 3339 2852 3400 Τίς
2883 3356 2940 3390 σε
2960 3339 3238 3404 ἐξέδυσενς
3281 3339 3338 3390 'U
3367 3339 3422 3390 δὲ
3450 3343 3514 3408 τῇ
3547 3340 3704 3408 δεξιᾷ.
3730 3356 4024 3407 προσενεγ-

2457 3427 2570 3478 κὼν
2600 3426 2661 3475 τὸ
2691 3425 3053 3491 Εὑαγγέλιον,
3091 3425 3280 3487 Τοῦτο,
3313 3427 3765 3493 φησ¹ιν,ἐξέδυσέν
3800 3444 3887 3495 με.
3921 3429 4023 3478 lia-

2462 3513 2717 3582 ραχρῆμα
2751 3513 2806 3564 δὲ
2855 3515 2916 3565 τὸ
2965 3512 3159 3565 ἐαυτοῦ
3191 3513 3403 3579 ίμάτιον
3447 3515 3475 3565 6
3523 3514 3616 3564 ἐπὶ
3657 3514 3755 3578 τῆς
3802 3516 4020 3581 εἰρήνης

2457 3600 2886 3666 ἀποδυσάμενος,
2909 3601 2999 3652 τὸν
3031 3600 3233 3652 τέλειον
3264 3599 3602 3667 στρατιώτην
3624 3600 3896 3656 ἐνέδυσεν,
3918 3601 4019 3652 Καὶ

2454 3686 2679 3748 ἀπαθῶς
2709 3687 2944 3755 φορέσας
2967 3686 3065 3756 τὴν
3087 3687 3161 3748 ὡς
3191 3687 3393 3756 μικράν
3413 3686 3616 3754 ἐσθῆτα
3644 3689 3752 3738 τῶν
3775 3688 4017 3755 μοναχῶν

2452 3774 2546 3824 τοῦ
2578 3775 2708 3840 κὸσμ
2720 3791 2780 3826 ου
2799 3774 3144 3843 ἀνεχώρησεν
3163 3775 3604 3860 ἀφανὴςιτούτου
3623 3775 3717 3843 τὴν
3749 3776 4018 3826 πολιτείαν

2455 3861 2791 3929 ἑωρακότος,
2845 3862 3108 3914 ἐκκλίνων
3151 3861 3242 3912 τὸν
3291 3861 3534 3925 ἔπαινον,
3577 3863 3677 3930 τὴν
3737 3864 3886 3930 παρά
3928 3861 4013 3913 τοῦ

2445 3949 2698 4016 ,κρυπτοῦ
2725 3949 2891 4018 τιμὴν
2924 3952 2952 4001 6
2993 3951 3367 4018 κρυπτόμενος
3401 3951 3706 4017 ἀναμένων.
3764 3951 3825 4001 '0
3862 3951 4015 4010 αὑτός

2453 4031 2605 4096 οὗτος
2661 4037 2797 4101 μετὰ
2855 4035 2916 4087 τὸ
2955 4036 3380 4105 κατωρθωκέναι
3429 4039 3608 4090 πᾶσαν
3657 4037 4013 4105 εὑαγγελικήν

2451 4124 2692 4193 ἐντολήν,
2734 4125 2867 4194 μηδέ
2901 4124 3040 4194 ἔχων
3059 4124 3155 4177 τοὺ
3185 4125 3392 4193 κόσμου
3408 4127 3599 4177 τούτου
3630 4125 3711 4176 ἔτι
3736 4126 3882 4178 κατά
3902 4126 4011 4178 διά-

2451 4227 2620 4274 νοιαν,
2648 4212 2783 4278 πρὸς
2806 4211 3186 4279 ἐντελεστέραν
3212 4211 3309 4279 τῆς
3332 4211 3482 4274 θείας
3506 4213 3833 4278 ἀποφάσεως
3855 4215 4012 4282 ἐργα-

2452 4298 2592 4360 σίαν,
2616 4300 2672 4348 ἐν
2705 4299 2924 4366 παρόδῳ
2959 4299 3170 4368 πτωχὸν
3206 4298 3486 4368 ἑωρακὼς,
3515 4300 3793 4368 δρομαίως
3821 4303 3900 4361 εἰς
3923 4301 4012 4366 τὴν

2436 4385 2654 4450 ,ἀγορὰν
2680 4384 2942 4453 ἀπῆλθεν,
2967 4383 3092 4436 ἔνθα
3127 4386 3256 4446 στάς
3277 4385 3478 4452 ὀλίγον,
3501 4387 3666 4452 τόμον
3689 4385 4008 4450 ἰίὑαγγελίου

2452 4469 2845 4540 διππέπρακεν.
2877 4471 3011 4523 Μεθ’
3045 4471 3257 4540 ἡμέρας
3281 4471 3372 4524 οὑν
3395 4474 3422 4524 6
3450 4473 3544 4524 σὺν
3575 4471 3726 4539 αὑτῷ
3746 4471 4006 4539 μαθητής,

2452 4560 2595 4610 assa
2656 4557 2858 4620 Δουλᾶς
2913 4557 3246 4626 λεγόμενος,
3293 4558 3578 4627 ἠρώτησεν
3634 4559 3726 4610 τὸν
3768 4558 4005 4628 γέροντα,

2453 4647 2658 4711 λέγων,
2707 4646 2786 4697 δτι
2838 4645 2901 4696 Τί
2951 4646 3173 4712 γέγονεν
3217 4647 3278 4698 τὸ
3315 4648 3515 4716 μικρὸν
3559 4646 3783 4716 βιϐλίον,
3845 4646 4005 4708 ἀδεᾶς

2453 4733 2587 4800 πρὸς
2621 4732 2679 4783 δν
2731 4731 2949 4801 ἡσύχως
2997 4735 3026 4784 ὀ
3067 4734 3246 4804 γέρων
3293 4734 3493 4802 σεμνὸν
3540 4734 3635 4786 καὶ
3665 4733 4006 4802 χαριέστατον

2455 4821 2604 4890 ῥῆμα
2649 4819 2768 4873 λίαν
2807 4821 3130 4888 ἐφθέγξατο,
3184 4823 3407 4889 φάσκων
3449 4822 3650 4884 οὕτως’
3704 4823 3793 4889 Μὴ
3825 4819 4002 4880 λυποῦ,

2451 4909 2679 4974 ἀδελφέ’
2713 4908 2799 4959 ἵνα
2828 4908 2936 4975 γὰρ
2975 4911 3090 4960 ἐκεῖ
3129 4910 3438 4978 παρρησίαν
3470 4909 3701 4978 ἔχωμεν,
3741 4908 3901 4960 αὑτὸν
3929 4908 4004 4958 τὸν

2452 4995 2606 5059 λόγον
2640 4994 2892 5064 ἐπώλησα
2913 4996 3002 5048 διὰ
3025 4995 3120 5064 τὴν
3145 4996 3392 5064 ὑπακοὴν
3420 4997 3512 5048 τὸν
3541 4998 3625 5049 ἀεὶ
3655 4996 3879 5061 λέγοντα
3905 5008 4001 5061 μοι’

2455 5083 2709 5151 Πώλησόν
2746 5099 2838 5133 σου
2878 5082 2945 5134 τά
2971 5083 3305 5152 ὑπάρχοντα,
3345 5083 3436 5134 καὶ
3467 5082 3554 5144 δὸς
3587 5085 3841 5149 πτωχοῖς.
3869 5083 4003 5132 Εἰσὶν

2454 5169 2511 5221 δέ
2542 5173 2634 5222 καί⁵
2662 5171 2817 5222 ἄλλαι
2854 5172 3080 5240 πράξεις
3103 5171 3417 5239 πάμπολλαι
3447 5171 3696 5239 ἐνάρεται
3726 5170 3818 5221 τοῦ
3849 5169 4002 5238 μεγά-

2453 5258 2543 5310 λου
2568 5257 2756 5310 τούτου
2799 5259 3008 5324 Πατρός
3032 5273 3046 5288 ο
3101 5257 3218 5326 μεθ’
3251 5252 3310 5309 οὑ
3353 5257 3446 5309 καὶ
3495 5259 3656 5327 ἡμεῖς
3690 5259 3852 5328 μέρος
3876 5257 4002 5326 ἔχειν

2453 5346 2902 5416 καταξιωθῶμεν,
2937 5346 3124 5416 χάριτι
3154 5345 3247 5398 τοῦ
3279 5345 3536 5416 Χριστοῦ.
3588 5347 3775 5415 Ἀμην.

3009 5499 3263 5553 ΚΕΦΑΛ.
3318 5501 3462 5552 PIZ'.

2990 5649 3127 5715 Περὶ
3161 5647 3462 5714 Μελάνης.

2537 5781 2857 5846 Ἀναγκαῖον
2903 5778 2956 5831 δὲ
2997 5779 3290 5850 ἡγησάμην
3324 5781 3416 5833 καὶ
3455 5781 3730 5846 γυναικῶν
3763 5781 3997 5852 ἀνδρείων
