4258 6360
294 382 429 442 I191
1571 394 1883 449 HISTORIA
1929 394 1975 451 ι

1852 400 1883 449 Α
1929 394 2284 453 LAUSIACA.
3396 413 3533 477 12ἳῖ

287 501 707 569 intelligentibus
736 502 903 555 oculis
934 504 1198 571 aspiciunt
1226 517 1421 560 aeterna
1454 506 1585 559 bona
1618 523 1737 575 qua:
1770 524 1862 576 pa-
1892 514 1937 565 Α
1967 520 2224 564 mentum.
2282 513 2520 568 ilabebat
2567 526 2740 571 autem
2790 533 3003 589 semper
3049 538 3257 595 quoque
3310 542 3531 596 parvum

288 606 406 649 rata
429 604 552 648 sunt
580 608 610 647 a
640 593 731 647 Dei
754 596 938 661 gloria.

863 682 1087 737 CAPUT
1120 679 1280 739 CXV.

698 771 819 826 Vita
847 774 1136 828 Eleemom's
1161 780 1415 831 monachi.

364 863 609 917 Vidimus
651 864 703 916 in
735 864 833 917 bac
864 867 1077 921 civitate
1110 870 1451 935 monachum,
1502 874 1589 939 qui
1620 876 1859 927 ordinem

289 956 688 1023 presbyteratus
716 956 987 1017 suscipere
1017 963 1297 1015 recusavit.
1333 961 1562 1018 Venerat
1598 974 1770 1019 autem
1792 966 1859 1019 ad

286 1047 395 1094 tale
444 1049 774 1111 propositum
823 1056 944 1114 post
981 1048 1223 1101 militiam
1269 1051 1445 1119 exigui
1496 1058 1767 1119 temporis.
1814 1054 1862 1108 Is

281 1132 599 1195 vigesimum
626 1149 821 1187 annum
843 1150 1007 1202 agens
1035 1136 1084 1189 in
1112 1139 1519 1201 exercitatione.
1547 1143 1646 1195 hoc
1674 1144 1857 1196 habuit

291 1226 415 1274 vita:
446 1222 738 1275 institutum
770 1232 827 1277 ut
855 1238 1189 1291 permaneret
1214 1228 1351 1295 apud
1391 1229 1619 1284 civitatis
1647 1235 1857 1299 episco-

289 1325 414 1375 pum
446 1313 612 1364 virum
643 1315 1056 1367 sanctissimum.
1104 1317 1195 1369 Est
1223 1326 1398 1371 autem
1431 1320 1561 1374 adeo
1594 1322 1856 1390 benignus

292 1409 348 1451 et
374 1401 702 1462 misericors,
735 1412 789 1453 ut
814 1404 971 1454 etiam
1004 1404 1161 1456 urbes
1188 1406 1499 1468 circumeat,
1530 1419 1583 1461 et
1612 1411 1859 1463 miserea-

295 1500 380 1539 tur
417 1504 600 1541 eorum
641 1491 728 1556 qui
760 1490 1012 1560 indigent.
1056 1490 1103 1545 Is
1132 1508 1233 1543 non
1284 1495 1495 1561 negligit
1541 1499 1853 1563 custodiam,

289 1593 396 1629 non
429 1580 817 1645 nosoeomium,
855 1596 958 1634 nou
996 1583 1289 1648 ptochium,
1324 1599 1427 1638 non
1477 1587 1714 1652 divitem,
1751 1606 1855 1643 non

281 1682 601 1735 pauperum;
657 1670 746 1720 sed
797 1673 896 1721 fert
942 1686 1094 1737 opem
1148 1673 1397 1725 omnibus
1433 1679 1607 1742 :apud
1665 1680 1857 1733 divites

282 1760 519 1824 qnidetn,
552 1772 606 1809 ut
633 1760 863 1811 immites
886 1770 940 1812 et
970 1762 1436 1824 iniiniseiicordes,
1470 1768 1625 1820 verba
1657 1770 1856 1823 faciens

1968 599 2313 667 Evangeliuin
2346 604 2446 657 sub
2465 605 2643 667 axilla,
2670 616 2762 659 aut
2790 607 2854 661 ad
2884 614 2962 662 sui
2990 611 3283 669 faciendum
3316 618 3526 683 pericu-

1965 686 2095 752 lum,
2130 705 2254 743 nutu
2287 702 2542 760 perpetuo
2568 695 2683 748 voci
2716 696 2925 751 Domini
2952 699 3210 765 obediret,
3238 716 3325 757 aut
3356 708 3531 772 potius

1961 788 2177 847 gestans
2207 796 2507 837 sermonem
2532 801 2688 853 quem
2731 800 2844 842 erat
2884 805 3045 857 opere
3088 805 3362 849 executus.
3398 799 3527 851 Tam

1967 870 2266 925 admirabili
2300 873 2441 928 enim
2470 879 2576 930 vita
2608 892 2734 933 usus
2762 891 2844 936 est
2877 883 2961 935 hic
2990 886 3087 948 vir,
3119 894 3173 940 et
3205 890 3335 942 citra
3363 893 3524 944 ullum

1961 959 2214 1026 dedecus,
2239 972 2299 1017 ut
2321 966 2539 1032 perinde
2561 982 2624 1021 ac
2646 974 2910 1025 terrestris
2935 975 3153 1041 angelus
3185 980 3405 1033 cmleste
3430 983 3531 1035 iter

1964 1047 2200 1115 legitime
2231 1055 2511 1121 peregerit.
2545 1055 2639 1109 llic
2685 1073 2812 1126 ergo
2840 1074 2959 1114 cum
2993 1062 3212 1119 vidisset
3256 1069 3526 1136 reliquias,

1963 1154 2023 1192 se
2052 1142 2296 1208 protinus
2341 1160 2541 1200 exuens
2576 1156 3016 1219 superbumcrali,
3061 1172 3127 1211 eo
3173 1160 3344 1215 induit
3385 1178 3530 1216 tuor-

1962 1236 2133 1283 tuum.
2190 1234 2250 1285 Et
2316 1250 2496 1288 rursus
2544 1254 2661 1291 cum
2725 1257 2910 1308 parum
2966 1249 3331 1315 processisset,
3385 1256 3526 1306 nudo

1960 1324 2137 1386 egenti
2172 1327 2427 1382 occurrit.
2466 1337 2516 1379 et
2563 1331 2710 1382 stetit
2742 1336 2877 1399 apud
2926 1350 2982 1388 se
3012 1337 3333 1405 disceptans,
3366 1354 3421 1395 et
3450 1346 3526 1397 sic

1965 1411 2287 1465 ratiocinans
2314 1430 2326 1464 :
2352 1415 2627 1479 Quomodo
2678 1434 2776 1488 ego
2802 1424 3038 1491 quidem,
3070 1429 3159 1491 qui
3207 1434 3403 1485 mundo
3442 1449 3525 1486 re-

1961 1501 2218 1563 nuntiavi,
2269 1511 2417 1555 veste
2464 1504 2673 1569 induor,
2711 1508 2871 1562 frater
2918 1522 3090 1567 autem
3142 1531 3291 1571 meus
3342 1521 3524 1590 algore

1961 1591 2289 1642 concrescit?
2327 1592 2372 1644 si
2400 1609 2527 1661 ergo
2569 1611 2665 1664 ego
2718 1613 2838 1653 eum
2886 1601 3059 1656 sivero
3087 1610 3398 1675 exanimari,
3431 1627 3526 1665 ero

1961 1684 2176 1735 omnino
2204 1699 2358 1736 causa
2401 1689 2589 1740 mortis
2621 1692 2876 1755 proximo.
2911 1694 3045 1758 Quid
3074 1712 3219 1765 ergo,
3254 1714 3523 1758 exuensne

1960 1772 2223 1836 scindam,
2248 1785 2298 1826 et
2327 1785 2524 1840 partem
2555 1778 2889 1844 distribuam,
2922 1798 2984 1833 an
3014 1794 3175 1837 totum
3206 1788 3337 1841 :Iabo
3362 1792 3411 1843 ei
3434 1794 3524 1859 qui

278 1849 349 1900 de
392 1849 775 1909 misericordia,
825 1849 1106 1915 unicuique
1152 1862 1325 1904 autem
1380 1870 1442 1906 ex
1504 1856 1858 1921 indigentibus
1891 1866 1935 1924 Β
1964 1874 2045 1915 est
2079 1863 2249 1915 tactus
2300 1868 2361 1916 ad
2396 1867 2483 1918 Dei
2529 1868 2847 1937 imaginem?
2896 1874 2995 1926 Sed
3023 1876 3146 1941 quid
3196 1878 3321 1931 mihi
3354 1891 3407 1933 et
3449 1849 3525 1936 illi

283 1940 565 2003 providens
587 1954 704 2005 qua:
739 1952 864 1992 sunt
894 1946 1216 2008 necessaria,
1262 1960 1354 1999 eos
1380 1948 1466 2013 qui
1499 1959 1734 2014 pugnant
1765 1963 1853 2013 pa~

279 2026 519 2093 citicaus,
551 2027 704 2079 nudis
742 2030 1088 2095 suppeditans
1130 2033 1457 2097 indumenta,
1499 2038 1711 2104 mgrotis
1742 2053 1851 2091 me~

279 2118 576 2171 dicamenta
606 2119 831 2173 alI'erens
862 2121 924 2173 ad
956 2124 1305 2180 curationem.
1330 2127 1479 2189 Quod
1508 2142 1572 2179 au
1599 2142 1682 2180 em
1714 2129 1847 2180 solet

281 2211 395 2263 tieri
437 2208 495 2262 in
545 2214 791 2264 omnibus
842 2213 1043 2280 magnis
1082 2217 1400 2280 Civitatibus,
1447 2218 1497 2269 in
1538 2231 1599 2269 ea
1642 2234 1851 2285 quoque

281 2299 449 2361 tiunt;
482 2301 531 2351 in
557 2302 758 2365 porticu
783 2303 925 2353 enim
958 2303 1197 2357 ecclesia:
1222 2306 1362 2373 jacet
1393 2308 1673 2360 multitudo
1704 2324 1852 2360 mau~

286 2406 471 2443 corum
518 2406 580 2444 ac
619 2394 945 2457 mutilorum,
976 2396 1337 2459 quotidianum
1384 2399 1578 2451 vit-tum
1610 2400 1847 2452 emendi-

281 2482 547 2547 cantium;
580 2484 669 2550 qui
713 2485 901 2549 partim
948 2486 1158 2552 quidem
1202 2503 1392 2542 uxores
1432 2505 1534 2542 lion
1565 2491 1849 2552 duxerunt,

281 2575 473 2639 partim
497 2588 624 2626 vero
652 2576 809 2627 etiam
866 2579 1146 2629 duxerunt.
1179 2578 1415 2643 Quodam
1446 2594 1572 2647 ergo
1598 2581 1683 2633 die
1712 2582 1852 2633 acci-

282 2664 363 2717 dit
395 2672 450 2717 ut
494 2667 648 2717 unius
681 2664 867 2717 horum
914 2682 1043 2717 uxor
1076 2680 1284 2733 pareret
1333 2670 1383 2720 in
1438 2670 1662 2735 porticu,
1701 2680 1754 2722 et
1803 2671 1853 2722 in

284 2759 397 2821 ipsa
424 2755 632 2819 hieme;
659 2748 718 2809 ea
743 2772 869 2823 ergo
901 2763 1162 2810 elatnante
1183 2773 1301 2810 cum
1334 2760 1399 2812 ab
1424 2760 1513 2812 illo
1540 2760 1853 2815 intolerabili

284 2850 470 2899 dolore
520 2857 871 2915 pungeretur,
916 2849 1115 2901 audivit
1174 2849 1260 2902 hic
1316 2850 1503 2903 beatus
1561 2852 1851 2916 ululatum,

284 2952 445 2989 orans
476 2939 527 2987 in
555 2938 817 2999 ecclesia;
843 2948 895 2989 et
925 2939 1124 2991 relictis
1148 2939 1249 2992 sibi
1285 2941 1556 2993 consuetis
1587 2942 1851 3007 precibus,

290 3042 539 3091 egressus
571 3027 833 3091 respexit;
874 3042 922 3079 ei
971 3042 1089 3079 cum
1133 3030 1399 3081 neminem
1451 3029 1741 3082 invenisset
1768 3030 1856 3093 qui

290 3118 367 3165 illi
399 3116 611 3167 adesset
649 3116 699 3167 in
734 3116 832 3167 liae
860 3132 939 3167 net
960 3119 1202 3179 essitate,
1244 3120 1357 3185 ipse
1389 3119 1596 3171 Iunctus
1634 3128 1713 3170 est
1742 3122 1856 3171 vice

1957 1956 2058 2007 erit
2089 1956 2235 2009 utilis
2269 1972 2393 2024 pars
2423 1973 2540 2024 quae
2572 1962 2870 2014 scinditur?
2918 1963 2984 2015 Et
3018 1981 3136 2018 cum
3182 1970 3319 2035 apud
3364 1985 3421 2024 se
3450 1972 3523 2025 tli-

1963 2056 2281 2113 sccptasset.
2312 2049 2443 2102 dixit
2470 2067 2479 2099 :
2517 2050 2772 2104 Damnine
2802 2054 2996 2121 aliquid
3030 2058 3306 2124 patiemur,
3332 2062 3375 2113 si
3410 2062 3526 2127 plus

1962 2152 2117 2203 quam
2152 2141 2217 2190 sit
2245 2148 2565 2206 praeceptum
2598 2140 2887 2194 faciamus?
2919 2142 3409 2215 Gcnerosusitaque
3441 2150 3525 2205 hic

1955 2230 2150 2281 athleta
2187 2240 2431 2298 prompto
2460 2236 2514 2283 et
2560 2230 2719 2283 alacri
2755 2234 2929 2285 animo
2962 2248 3113 2287 vocat
3146 2253 3426 2304 pauperem
3471 2242 3526 2297 in

1958 2319 2304 2382 vestibulum;
2356 2329 2552 2374 etcum
2586 2336 2706 2375 eum
2749 2322 3043 2377 dimisisset
3091 2327 3353 2396 indutum,
3382 2333 3526 2386 stetit

1956 2409 2149 2472 nudus,
2178 2423 2237 2462 se
2266 2410 2512 2476 operiens
2538 2411 2802 2478 manzbus,
2828 2428 2993 2481 genua
3026 2415 3245 2471 ﬂectens
3274 2427 3327 2472 et
3352 2422 3526 2474 subsi-

1956 2499 2124 2560 dens;
2157 2498 2329 2551 solum
2383 2500 2584 2552 habens
2632 2501 2732 2552 sub
2781 2504 2938 2554 axilla
2973 2506 3188 2557 verbum
3222 2510 3359 2576 quod
3399 2508 3525 2565 facit

1955 2591 2160 2643 divites.
2195 2589 2320 2658 Ejus
2352 2598 2527 2645 autem
2559 2594 2778 2644 consilio
2809 2602 2861 2645 et
2892 2596 3219 2660 providentia
3252 2602 3521 2654 transiens

1957 2680 2167 2745 quidam
2221 2680 2497 2733 irenarcha
2541 2682 2716 2750 (I66),
2763 2688 2973 2750 agnovit
3021 2700 3233 2749 senem;
3291 2699 3343 2741 et
3391 2690 3521 2742 dixit

1961 2774 2199 2860 proxi’mo
2229 2786 2324 2824 suo
2355 2772 2500 2824 socio
2529 2789 2540 2823 :
2569 2774 2792 2840 Respice
2824 2775 2973 2837 illuc;
3008 2792 3110 2827 non
3142 2785 3223 2830 est
3250 2777 3334 2831 hic
3356 2794 3518 2833 senex

1958 2866 2120 2916 abbas
2151 2865 2422 2917 Bisarion?
2445 2863 2575 2917 Cum
2610 2866 2651 2917 is
2674 2876 2848 2918 autem
2878 2868 3099 2921 dixisset
3125 2886 3135 2918 :
3171 2869 3395 2924 Maxime
3420 2888 3432 2931 ;
3457 2872 3524 2924 de

1961 2968 2097 3018 equo
2144 2954 2474 3007 descendens
2519 2958 2719 3023 rogavit
2759 2948 3035 3017 sanctum,
3069 2957 3284 3011 dicens:
3318 2961 3444 3025 Quis
3475 2971 3526 3015 te

1960 3042 2139 3093 exuit?
2186 3043 2275 3095 Ille
2331 3057 2458 3096 vero
2510 3046 2731 3096 dextera
2787 3046 3107 3110 pretendens
3160 3047 3525 3116 Evangeliutu,

1963 3131 2091 3194 lloc,
2121 3133 2305 3197 inquit,
2349 3147 2431 3184 me
2479 3134 2647 3184 exuit.
2681 3132 2867 3185 Statim
2916 3143 3090 3187 autem
3134 3150 3191 3187 se
3236 3150 3327 3189 sua
3377 3148 3526 3192 veste

284 3204 610 3265 ubSleil‘iCis,
644 3220 747 3256 non
778 3205 1068 3259 abhorrens
1107 3208 1374 3261 fastidium
1409 3210 1546 3275 quod
1574 3210 1851 3274 consequi-
1880 3216 1926 3275 ρ
1960 3241 1965 3268 .

1841 3238 1851 3246 ·
1880 3216 1926 3275 C
1960 3237 2160 3273 exuens
2188 3221 2486 3283 irenarclia,
2526 3221 2813 3288 perlectum
2848 3225 3067 3277 militem
3099 3226 3285 3294 induit,
3316 3239 3368 3282 et
3401 3243 3522 3295 pro-

288 3308 374 3349 tur
400 3297 651 3349 mulieres
679 3297 969 3362 parientes,
1008 3299 1288 3352 mulierum
1322 3300 1779 3353 insensibilitatem
1803 3300 1852 3351 ei

288 3391 663 3460 targieutehac
688 3391 1097 3459 profundissitna
1209 3389 1574 3459 eleemosyna.
1674 3388 1851 3459 Atque

290 3484 512 3535 vestium
542 3484 751 3549 quidem
784 3483 973 3549 quibus
1001 3493 1080 3535 est
1115 3481 1331 3534 indutus
1370 3484 1595 3547 pretium
1639 3498 1745 3533 non
1774 3491 1855 3534 est

288 3588 447 3625 unius
477 3573 649 3633 ebuli;
682 3572 833 3623 cibus
882 3584 1059 3624 autem
1108 3573 1378 3624 contendit
1408 3586 1529 3624 cum
1578 3572 1814 3625 vestibus
1841 3590 1853 3623 :

289 3664 465 3714 i.bt-.|lo
497 3676 680 3714 autem
725 3678 827 3715 non
858 3664 1091 3715 sustinet
1130 3663 1457 3725 incumbere,
1486 3680 1514 3713 ιι
1543 3664 1854 3716 lectionibus

289 3778 299 3804 t
328 3774 412 3807 uni
450 3759 496 3806 al
518 3756 746 3808 ducente
776 3755 1078 3808 clementia.
1118 3755 1171 3807 Si
1204 3756 1319 3820 quis
1350 3770 1411 3807 ex
1450 3756 1697 3807 l'ratribus
1720 3758 1763 3807 ei
1796 3756 1853 3805 li-

289 3849 443 3899 iwrum
487 3848 787 3910 donaverit,
835 3862 957 3899 eum
1016 3848 1191 3898 statim
1235 3848 1434 3909 vendit,
1484 3853 1538 3898 et
1589 3846 1857 3897 distribuit

288 3939 627 4004 pmperibus.
680 3938 746 3989 Iis
772 3948 946 3990 autem
980 3940 1066 4003 qui
1112 3938 1552 3989 sciscitabantur:
1584 3936 1691 3988 Cur
1744 3937 1856 3987 haec

288 4028 508 4079 \‘t’lltliS?
541 4028 751 4080 dicebat
776 4045 786 4079 :
812 4028 910 4092 Qui
944 4043 1160 4094 possunt
1189 4042 1307 4079 meo
1340 4026 1657 4095 persuadere
1691 4027 1855 4092 magi-

282 4128 397 4168 stro
420 4132 503 4169 me
528 4118 640 4180 eius
666 4128 835 4170 artem
886 4132 1131 4170 accerate
1173 4117 1442 4177 didicisse,
1492 4116 1589 4167 nisi
1622 4116 1713 4167 illo
1740 4116 1855 4180 ipso

284 4224 413 4259 usus
456 4210 603 4260 fuero
648 4208 711 4259 ad
751 4218 919 4260 artem
963 4215 1110 4260 recte
1154 4206 1582 4260 exercendam’?
1617 4205 1710 4257 liic
1758 4207 1853 4256 im-

286 4298 531 4350 mortalis
561 4314 681 4351 cum
707 4299 757 4349 in
791 4298 886 4351 hac
917 4300 1122 4352 actione
1154 4298 1424 4363 hucusque
1454 4298 1847 4363 pertuansissm,

286 4400 543 4456 perpetuo
565 4392 864 4456 germinans
890 4392 1159 4442 memoria:
1180 4404 1372 4441 nomen
1406 4390 1614 4454 reliquit
1642 4390 1716 4440 illi
1736 4405 1854 4455 qua:

281 4492 365 4533 est
397 4483 736 4534 tircumcirca
788 4482 1008 4547 regioni.
1064 4483 1175 4548 Ipse
1207 4482 1387 4535 lruens
1432 4492 1634 4533 :cterno
1664 4481 1852 4548 gaudio

1960 3316 2098 3364 tinus
2126 3323 2337 3375 gestans
2366 3312 2523 3364 veluti
2552 3314 2830 3379 quamdam
2860 3328 3072 3381 parvam
3114 3325 3311 3370 vestem
3340 3332 3526 3370 mona-

1959 3400 2199 3459 chorum,
2233 3414 2259 3449 a
2292 3398 2489 3451 mundo
2519 3399 2687 3452 latens
2718 3404 2975 3465 recessit;
3005 3403 3275 3458 declinans
3314 3405 3524 3460 laudem

1959 3488 2074 3555 «jus
2103 3490 2188 3555 qui
2219 3504 2368 3540 suum
2403 3490 2617 3543 vidisset
2645 3492 2766 3543 vita:
2806 3492 3126 3555 institutum,
3157 3509 3278 3549 eum
3309 3496 3396 3563 qui
3442 3504 3526 3552 est

1959 3581 2025 3631 ab
2056 3580 2265 3632 otteulto
2318 3580 2573 3635 honorem
2626 3584 2848 3638 celando
2894 3595 3232 3652 exspectans.
3273 3590 3367 3641 Hic
3411 3591 3523 3654 ipse

1962 3680 2234 3737 postquam
2262 3685 2419 3723 omne
2460 3684 2779 3738 prteceptum
2812 3677 3178 3744 evangelicum
3211 3690 3354 3732 recte
3383 3689 3523 3736 esset

1958 3766 2258 3823 exsectitus,
2290 3773 2407 3810 cum
2442 3760 2573 3810 nihil
2613 3761 2769 3828 hujus
2820 3766 2998 3816 mundi
3031 3765 3256 3830 amplius
3301 3767 3522 3823 haberet

1960 3849 2009 3900 in
2038 3850 2235 3911 animo,
2267 3848 2328 3898 ad
2357 3848 2654 3902 divinorum
2685 3852 2943 3903 dictorum
2975 3856 3336 3919 perfectiorem
3368 3872 3523 3913 exse-

1956 3939 2238 3998 cutionem,
2271 3952 2389 3989 cum
2423 3938 2472 3989 in
2502 3940 2725 3991 transitu
2759 3941 2973 3994 vidisset
3005 3958 3311 4010 pauperem,
3358 3962 3519 4003 cursu

1960 4032 2006 4079 in
2044 4028 2215 4078 forum
2247 4028 2524 4080 contendit
2551 4045 2564 4080 :
2591 4029 2678 4081 ubi
2726 4044 2845 4082 cum
2882 4033 3149 4098 paulisper
3175 4037 3521 4103 constitisset,

1956 4118 2195 4170 vendidit
2235 4118 2601 4182 Evangelium.
2638 4118 2825 4173 Paucis
2857 4122 3013 4187 igitur
3043 4125 3385 4190 postdiebus,
3432 4133 3522 4195 qui

1955 4228 2070 4263 t'uiu
2102 4227 2164 4263 eo
2189 4220 2301 4261 crat
2326 4210 2527 4263 abbatis
2554 4211 2863 4277 discipulus,
2903 4213 3058 4264 Dnlas
3092 4220 3327 4281 nomine,
3361 4233 3520 4284 roga-

1956 4303 2024 4352 vit
2065 4315 2265 4359 senem,
2300 4300 2516 4351 dicens:
2551 4302 2682 4365 Quid
2714 4316 2875 4365 parvo
2909 4303 3087 4355 libello
3117 4308 3311 4357 factum
3346 4316 3448 4368 est,
3489 4325 3520 4357 (ι

1954 4392 2124 4442 abba?
2154 4391 2247 4441 Cui
2274 4405 2432 4441 senex
2466 4390 2667 4454 placide
2692 4391 2905 4442 verbum
2935 4394 3204 4455 pulchrum
3233 4395 3519 4447 admodum

1955 4490 2006 4531 et
2035 4479 2186 4531 valde
2212 4482 2399 4530 scitum
2431 4489 2509 4531 est
2557 4482 2781 4542 locutus,
2835 4481 2910 4531 sic
2956 4482 3137 4533 dicens
3164 4500 3177 4533 :
3203 4484 3277 4536 Ne
3310 4487 3517 4538 tristitia

281 4572 334 4621 in
383 4586 545 4636 regno
594 4572 870 4634 emloruni,
919 4572 1181 4635 recipiens
1231 4572 1387 4638 digna
1418 4573 1631 4637 praemia
1681 4571 1849 4624 beatis
1881 4581 1927 4636 ι)
1956 4570 2220 4632 alticiaris,
2251 4584 2283 4619 ο
2313 4572 2506 4632 l'rater;
2541 4586 2658 4621 nam
2696 4583 2749 4621 ιιι
2786 4572 2894 4623 illic
2926 4574 3215 4624 habeamus
3249 4574 3516 4640 ﬁduciam,

280 4664 557 4713 laboribus
587 4679 596 4712 :
624 4674 674 4713 et
696 4662 784 4729 qui
807 4664 1104 4715 esurientes
1132 4662 1215 4715 hic
1254 4666 1459 4727 nutriit,
1488 4675 1539 4717 et
1571 4665 1724 4717 nudis
1758 4667 1850 4715 de-

277 4752 310 4801 ti
340 4761 356 4802 t
382 4751 717 4809 vestimenta,
748 4767 887 4804 nunc
909 4752 1046 4820 apud
1077 4754 1335 4805 bonorum
1366 4768 1585 4821 operum
1612 4768 1848 4808 remune

275 4855 509 4892 raiorem
536 4842 727 4893 t'iuitur
750 4857 907 4894 omne
938 4858 1104 4906 genus
1136 4842 1358 4895 deliciis.

835 4932 1057 4984 (LAPUT
1098 4932 1277 4984 CXVI.

633 5020 751 5073 Vita
782 5023 972 5073 abbatis
1002 5021 1282 5075 Bisarionis
1313 5024 1487 5089 (165).

345 5111 465 5163 Fuit
493 5112 703 5178 quidam
742 5128 923 5175 senex,
956 5115 1376 5179 pussessiunibus
1407 5130 1620 5177 carens,
1654 5127 1707 5168 et
1739 5116 1842 5167 mi-

271 5204 526 5263 sericors,
561 5204 773 5255 nomine
800 5205 1060 5257 liisariun.
1094 5204 1138 5255 Is
1168 5219 1286 5256 cum
1311 5203 1541 5257 venisset
1574 5206 1623 5256 in
1651 5220 1839 5269 quem-

270 5298 392 5343 dam
444 5295 639 5355 vicum,
690 5295 819 5346 vidit
862 5296 1161 5348 mendicum
1212 5296 1410 5347 nudum
1462 5296 1512 5347 in
1544 5300 1655 5347 l'oro
1698 5312 1840 5349 mor-

273 5392 443 5444 tuum,
488 5397 644 5435 unam
694 5386 907 5451 quidem
959 5391 1133 5443 [cretis
1188 5388 1417 5439 tunicam
1462 5389 1837 5441 convenienter

268 5472 591 5539 evangelica:
635 5474 933 5535 traditioni,
981 5486 1035 5527 et
1084 5489 1303 5542 parvum
1362 5479 1835 5544 superltumerale;

271 5562 403 5612 nihil
432 5563 570 5615 enim
606 5564 911 5630 possidebat
940 5576 1130 5632 prxler
1161 5566 1260 5621 hoc
1298 5568 1651 5622 necessarium
1691 5579 1838 5636 tegu-

1960 4670 2175 4726 propter
2218 4661 2571 4711 obedientiam
2619 4660 2825 4711 vendidi
2862 4663 3027 4726 ipsum
3078 4677 3397 4725 sermonem,
3430 4668 3515 4733 qui

1957 4752 2083 4801 mibi
2114 4764 2322 4815 semper
2350 4749 2595 4801 dicebat:
2630 4749 2807 4803 Vende
2836 4763 2951 4817 quae
2988 4756 3169 4819 babes,
3202 4764 3255 4806 et
3285 4756 3347 4807 da
3388 4772 3515 4823 pau-

1954 4844 2167 4910 peribus
2192 4841 2381 4909 (Marc.
2411 4856 2470 4903 x;
2503 4839 2655 4893 Luca:
2687 4846 2859 4909 xvui).
2884 4844 3015 4896 Sunt
3038 4860 3208 4898 autem
3233 4847 3351 4899 alia:
3380 4866 3515 4916 quo-

1950 4949 2054 5001 que
2085 4947 2166 4985 res
2197 4934 2432 4998 plurimae
2457 4948 2520 4984 ex
2544 4933 2732 4987 virtute
2759 4944 2920 5000 gesta:
2945 4936 3097 5001 hujus
3121 4941 3294 5005 magni
3321 4939 3513 5000 Patri»

1951 5041 2071 5079 cum
2101 5039 2205 5091 quo
2236 5038 2331 5077 nos
2358 5038 2565 5091 quoque
2584 5024 2727 5092 digni
2752 5026 3039 5079 babeamur
3060 5026 3255 5082 habere
3286 5042 3509 5101 partem,

1950 5118 2114 5186 gratia
2144 5116 2363 5171 Christi.
2403 5122 2589 5171 Amen.

2495 5204 2718 5260 CAPUT
2756 5207 2958 5261 CXVII.

2350 5296 2459 5348 Vita
2490 5299 2643 5349 beatis
2681 5298 2919 5351 Melania:
2945 5299 3115 5370 (I67).

2017 5390 2377 5443 Necessarium
2403 5399 2576 5443 autem
2608 5392 2925 5456 existimavi,
2962 5395 3189 5447 virilium
3222 5411 3431 5465 quoque
3454 5407 3507 5452 et

1950 5481 2285 5532 lienestaiuzn
2331 5480 2609 5531 mulierum
2642 5470 2946 5534 meminisse
2997 5482 3046 5534 in
3081 5483 3176 5536 hoc
3208 5485 3360 5549 libro,
3391 5487 3507 5553 qui-

1946 5568 2043 5622 bus
2077 5569 2213 5621 Deus
2257 5568 2477 5635 aequalia
2524 5566 2738 5621 donavit
2772 5570 2985 5637 prmuiia
3020 5572 3144 5625 viris
3192 5574 3278 5642 qui
3309 5590 3371 5628 ex
3407 5578 3508 5629 vir-

346 5692 569 5773 lSimile
594 5695 791 5750 dictum
840 5710 955 5765 cap.
1009 5710 1158 5766 scq.;
1189 5707 1238 5753 et
1286 5716 1427 5769 ευρ..
1461 5699 1599 5767 apud
1631 5701 1845 5770 Pelag,
1894 5704 2035 5759 iibel.
2078 5718 2154 5769 vr,
2211 5715 2353 5753 num.
2408 5701 2476 5766 5;
2510 5698 2681 5771 Rom,
2735 5701 2771 5758 Ι.
2804 5718 2893 5770 in,
2949 5719 3092 5759 num.
3149 5706 3244 5773 70,
3297 5706 3506 5762 nomine

272 5759 586 5832 Serapionis.
