4258 6360
753 442 888 495 12ἳὸ

2210 430 2524 484 ιιλιιλΑυιι

3844 419 3995 475 1924

743 571 856 617 tute
901 558 1059 612 vitam
1092 567 1269 623 egere,
1307 561 1362 605 et
1390 548 1521 617 ipsis
1569 546 1797 602 reddidit
1839 558 2090 599 coronam
2122 558 2303 596 eorum
2336 546 2379 600 Α
2410 553 2493 603 est
2522 544 2573 596 in
2608 542 2925 605 Jerusalem,
2951 542 3150 595 habens
3180 552 3503 595 conventum
3538 539 3797 609 virginum
3828 556 3999 607 quiu-

744 648 835 720 qui
865 648 964 718 ipsi
1006 647 1331 713 placuerunt,
1366 654 1431 693 ne
1462 637 1644 691 molles
1676 644 1978 702 tenerosque
2018 632 2305 687 reddantur

745 754 865 806 qua:
909 745 1034 790 sunt
1063 731 1417 791 socordiores,
1449 736 1500 780 et
1529 733 1841 794 praetextum
1872 729 2109 791 quaerant
2137 731 2188 773 et
2216 736 2305 773 ex-

743 828 1094 885 cusationem,
1124 831 1369 887 tanquam
1398 831 1514 883 qua:
1543 816 1650 866 sint
1684 810 2059 866 imbecilliores
2087 810 2151 862 ad
2184 824 2303 861 cer-

745 917 940 969 tamina
976 911 1203 970 virtutis,
1235 916 1286 959 et
1314 904 1377 958 ad
1402 904 1678 957 honestam
1712 904 1866 953 vitam
1896 900 2172 969 agendam.
2209 898 2303 949 At-

744 1023 846 1075 que
873 1007 1068 1060 multas
1097 1000 1305 1068 quidem
1337 997 1439 1049 vidi
1472 998 1583 1063 pias
1614 1009 1675 1046 ac
1717 992 2010 1059 religiosas,
2055 998 2108 1042 et
2137 986 2301 1055 pluri-

744 1115 856 1154 mas
882 1096 1088 1151 virtutis
1117 1105 1242 1161 ergo
1269 1090 1490 1144 conveni
1514 1096 1568 1140 et
1597 1086 1823 1153 virgines
1840 1092 1892 1133 et
1915 1082 2099 1134 viduas
2127 1097 2140 1143 ;
2170 1080 2304 1131 inter

743 1206 874 1259 quas
919 1198 1031 1241 erat
1058 1187 1217 1239 etiam
1277 1178 1573 1232 beatissima
1606 1175 1823 1228 Melania
1872 1168 2301 1240 Romana(168),

747 1296 865 1350 quae
896 1279 991 1331 fuit
1020 1274 1230 1344 quidem
1266 1270 1369 1323 ﬁlia
1402 1266 1632 1320 Marcelli
1659 1262 1951 1317 consularis
1974 1259 2142 1328 (169),
2173 1273 2306 1350 uxor

746 1348 1017 1438 cujusdam
1048 1363 1143 1415 viri
1174 1362 1259 1430 qui
1290 1367 1405 1412 erat
1449 1358 1500 1409 in
1555 1368 1741 1420 magna
1778 1352 2109 1415 auctoritate,
2158 1348 2306 1438 cujus

745 1437 977 1512 nominis
1006 1467 1107 1506 non
1157 1459 1298 1503 recte
1345 1445 1583 1500 memini.
1629 1442 1752 1494 Hinc
1781 1456 1899 1493 cum
1946 1448 2085 1492 esset
2130 1437 2301 1501 vidua,

747 1564 911 1620 agens
961 1560 1156 1600 annum
1208 1541 1518 1608 vigesimum
1569 1534 1857 1587 secundum
1903 1530 2074 1599 (170),
2126 1528 2304 1581 divino

750 1656 932 1695 amore
958 1640 1111 1705 digna
1145 1634 1238 1686 fuit
1265 1630 1437 1683 habita
1465 1645 1478 1691 ;
1510 1635 1563 1680 et
1593 1624 1787 1679 nemini
1811 1622 2094 1690 quidquam
2125 1620 2306 1671 dicens

746 1731 1148 1802 (prohibebatur
1175 1725 1314 1776 enim
1365 1722 1426 1773 iis
1459 1718 1803 1784 temporibus,
1850 1713 2071 1766 Valente
2100 1722 2307 1764 tenente

748 1818 1056 1891 imperia-iu)
1092 1828 1209 1867 cum
1239 1817 1473 1861 curasset
1515 1816 1568 1857 ut
1600 1804 1691 1856 ﬁlii
1734 1804 1816 1856 sui
1845 1802 2199 1855 nominaretur
2225 1809 2308 1851 tu-

744 1886 849 1977 tor,
882 1912 992 1978 ipsa
1022 1906 1248 1972 acceptis
1278 1899 1389 1953 Suis
1423 1893 1725 1957 mobilibus,
1839 1900 1894 1945 et
1963 1886 2019 1938 in

742 2006 956 2074 injectis
985 2017 1101 2056 cum
1134 1998 1331 2063 aliquot
1362 1988 1571 2044 famulis
1611 1996 1662 2037 et
1689 1982 1916 2043 ancillis,
1949 1996 2109 2074 cursu
2138 1979 2305 2074 havi-

742 2070 887 2168 gavit
913 2088 1287 2148 Alexandriam
1315 2100 1328 2145 ;
1351 2091 1542 2135 etcum
1572 2078 1678 2131 illic
1706 2088 1790 2129 res
1816 2086 1939 2125 suas
1959 2070 2307 2163 vendidisset,

749 2166 804 2239 et
852 2187 905 2238 in
948 2194 1131 2234 aurum
1161 2177 1419 2229 minutum
1467 2166 1838 2227 convertisset,
1872 2168 2106 2229 ingressa
2154 2168 2233 2212 est
2264 2173 2314 2210 m

750 2284 987 2329 montem
1017 2270 1214 2329 Nitriae,
1250 2269 1459 2315 sanctos
1492 2258 1670 2310 Patres
1702 2251 2047 2315 conveniens,
2093 2248 2313 2312 Pambo,

752 2374 805 2417 et
834 2360 1091 2417 Arsisium
1119 2353 1290 2422 (171),
1338 2358 1391 2401 et
1435 2345 1781 2411 Serapionem
1814 2352 2083 2408 magnum,
2129 2346 2183 2388 et
2214 2334 2311 2431 Pa-

753 2451 1031 2518 phnutimn
1076 2443 1383 2500 Scetiotem,
1420 2442 1473 2485 et
1519 2434 1770 2486 Isidorum
1800 2430 2160 2481 confessorem
2206 2430 2317 2489 epi-

753 2553 973 2608 scOpum
1008 2532 1346 2598 llcrmipolis,
1398 2538 1453 2582 et
1507 2528 1849 2585 Diosourum;
1900 2530 1951 2572 et
1980 2523 2189 2613 versata
2239 2522 2318 2613 est

755 2602 894 2697 apud
921 2641 1014 2680 eos
1041 2623 1250 2676 circiter
1281 2634 1474 2671 annum
1502 2613 1798 2675 dimidium,
1847 2608 2035 2662 obiens
2078 2602 2318 2657 solitudi-

760 2733 904 2779 nem,
936 2726 990 2769 et
1016 2714 1196 2766 videns
1224 2723 1410 2763 omnes
1438 2716 1671 2762 sanctos.
1695 2702 1823 2755 Post
1853 2701 1964 2752 hac
1995 2705 2169 2750 autem
2197 2708 2317 2746 cum

762 2806 1065 2876 Augustalis
1092 2798 1424 2854 Alexandria:
1454 2797 1739 2863 relegasset
1770 2790 2049 2850 lsidorum,
2077 2795 2131 2838 et
2162 2783 2321 2836 Pissi-

761 2898 951 2960 inium,
970 2905 1022 2948 et
1040 2890 1355 2959 Adelphium
1377 2886 1550 2956 (172),
1567 2896 1619 2939 et
1641 2882 2011 2950 Paphnutium,
2026 2888 2078 2931 et
2098 2876 2318 2941 Pantho,

765 2995 821 3039 et
848 2986 984 3037 inter
1009 2997 1100 3036 eos
1148 2982 1307 3033 etiam
1339 2977 1670 3032 Ammonium
1707 2970 1971 3025 l’arotium
2020 2983 2113 3023 seu
2164 2982 2319 3020 unam

770 3074 1051 3127 habentem
1070 3069 1375 3129 auriculam,
1403 3077 1456 3119 et
1485 3063 1761 3117 duodecim
1784 3060 2079 3127 episc0pos,
2100 3065 2151 3111 et
2180 3070 2324 3124 pres-

768 3162 988 3231 byteros
1027 3169 1077 3213 et
1107 3158 1367 3219 clericos,
1407 3164 1462 3209 et
1489 3153 1858 3214 anachoretas,
1892 3158 1949 3201 ut
1991 3156 2170 3201 essent
2210 3160 2325 3199 om-

2410 632 2683 702 quaginta.

2477 722 2607 775 Cum
2649 738 2748 791 qua
2788 722 2916 775 vixit
2962 724 3121 776 etiam
3166 722 3525 774 nobilissimus
3551 731 3605 774 et
3637 718 3874 773 moribus
3908 724 3998 776 si-

2409 814 2658 865 millimus
2701 823 2752 866 et
2782 813 3106 865 fortissimus
3136 810 3375 863 ltulﬁnns
3404 826 3467 861 ex
3495 811 3731 876 Aquileia
3764 810 4001 861 civitate

2408 905 2589 969 haliae,
2620 906 2709 973 qui
2759 913 2940 971 postea
2986 904 3175 971 dignus
3214 913 3294 956 est
3334 902 3543 953 habitus
3587 902 3999 968 presbyterii”.

2407 1009 2511 1060 quo
2540 1009 2644 1046 non
2676 1002 2758 1046 est
2784 995 3032 1045 inventus
3078 997 3215 1045 inter
3256 992 3496 1042 homines
3527 1005 3625 1042 nec
3654 991 3793 1041 docti
3837 1004 3863 1040 r
3894 1006 3997 1039 ειυς

2409 1084 2604 1137 mitior.
2656 1082 2849 1150 Viginti
2891 1094 3067 1134 autem
3106 1092 3158 1133 et
3191 1091 3391 1148 septem
3445 1079 3597 1130 annis
3644 1078 4003 1144 excipiebant

2409 1191 2501 1230 eos
2526 1177 2613 1244 qui
2648 1175 2932 1229 veniebant
2961 1174 3289 1240 Jerosolyma
3324 1173 3428 1224 voti
3477 1185 3657 1234 causa,
3686 1181 3738 1223 et
3778 1170 3998 1235 episco-

2410 1282 2525 1334 ρος.
2551 1279 2605 1319 et
2633 1267 2945 1325 monachos,
2965 1277 3015 1316 et
3046 1265 3275 1329 virgines
3301 1271 3354 1313 et
3385 1260 3997 1327 matrimoniojunctos,

2408 1366 2459 1408 et
2486 1356 2720 1407 illustres
2750 1366 2799 1406 et
2836 1355 3051 1419 privat-1e
3098 1350 3431 1413 conditionis,
3467 1358 3516 1402 et
3554 1363 3739 1401 omnes
3768 1350 3860 1416 qui
3896 1348 3994 1400 ad-

2409 1448 2714 1508 ventabant,
2748 1447 2855 1498 suis
2891 1445 3135 1496 fovebant
3173 1442 3446 1507 expensis.
3477 1441 3737 1493 Juverunt
3768 1454 3999 1507 quoque

2410 1537 2637 1589 schisma
2696 1536 2847 1603 (176)
2894 1534 3033 1599 quod
3086 1532 3359 1584 Paulinum
3403 1532 3737 1596 sectabatur,
3773 1534 3999 1584 circiter

2410 1630 2909 1695 quadringentorum
2958 1625 3190 1675 virorum
3236 1628 3393 1674 vitam
3444 1624 3793 1674 monasticam
3828 1636 4000 1688 agen-

2411 1719 2573 1781 tium;
2603 1726 2655 1769 et
2676 1730 2886 1769 onmem
2911 1714 3214 1765 limretieum
3244 1728 3306 1766 ex
3345 1710 3863 1774 Pneumatomacbis,
3893 1711 3999 1763 hoc

2409 1816 2493 1860 ett
2521 1822 2584 1859 ex
2616 1805 2679 1858 iis
2728 1808 2814 1870 qui
2858 1805 3055 1857 bellum
3087 1812 3279 1871 gerunt
3318 1803 3571 1855 adversus
3602 1812 3840 1853 sanctum
3873 1802 3999 1869 Spi-

2112 1897 2304 1939 mVCm
2336 1893 2382 1952 Β
2412 1896 2591 1959 ritum,
2645 1910 2955 1962 persuasum
3004 1894 3417 1947 introduxerunt
3462 1895 3513 1946 in
3567 1894 3906 1956 Ecelesiam;
3945 1903 3999 1945 et

2414 1986 2613 2039 clerum
2646 1986 2733 2055 qui
2764 1994 2881 2040 erat
2910 1987 2960 2038 in
2994 2001 3056 2039 eo
3085 1986 3223 2047 loco,
3255 1996 3306 2037 et
3338 1986 3491 2039 donis
3521 1996 3576 2039 et
3602 1988 3865 2038 alimentis
3899 1986 4000 2037 ho~

2416 2088 2688 2143 noranles,
2713 2078 2789 2132 sic
2815 2078 2977 2130 vitain
3007 2086 3401 2145 transegerunt,
3424 2080 3687 2130 neminem
3718 2075 4000 2129 offenden-

2417 2175 2516 2232 tes,
2552 2168 2642 2221 sed
2689 2182 2899 2221 omnem
2936 2168 3315 2235 propemodum
3368 2170 3553 2221 orbem
3602 2177 3756 2221 terra
3800 2181 3998 2234 juvan-

2422 2270 2524 2313 tes.

2489 2353 2660 2416 Atque
2705 2350 2771 2405 de
2823 2350 3120 2403 admirabili
3175 2349 3388 2416 quidem
3444 2358 3497 2403 et
3546 2357 3725 2402 sancta
3768 2350 4002 2403 muliere

2422 2441 2646 2494 Melania
2675 2442 2919 2506 superius
2949 2440 3162 2508 quidem
3195 2441 3408 2493 narravi
3433 2438 3741 2507 attingendo
3771 2440 3998 2502 leviter;

2424 2531 2591 2582 nihilo
2619 2532 2791 2583 δθοίυ,
2823 2539 3000 2583 autem
3033 2530 3255 2597 reliqua,
3286 2530 3369 2582 vel
3401 2529 3572 2597 potius
3600 2543 3661 2582 ea
3692 2544 3810 2595 qua:
3842 2540 4000 2581 teneo

2422 2622 2672 2674 memoria
2696 2621 2762 2673 de
2785 2620 2898 2687 ejus
2926 2620 3231 2677 virtutibus,
3250 2619 3495 2671 adtexam
3518 2616 3778 2682 oratione,
3805 2630 4000 2683 nempe

2423 2710 2832 2762 ineuarrahilem
2864 2709 3277 2777 religiosissima:
3302 2709 3540 2761 mulieris
3562 2708 3996 2771 benelicentiam,

2424 2812 2517 2865 per
2556 2814 2708 2866 quam
2754 2813 2873 2851 cum
2924 2798 3134 2851 beatum
3184 2798 3593 2865 incorruptionis
3624 2798 3997 2852 indumentum

2424 2886 2535 2941 suis
2564 2886 2818 2941 texuisset
2866 2886 3166 2949 laboribus,
3195 2896 3248 2939 et
3273 2900 3392 2953 qua:
3420 2901 3525 2940 non
3560 2894 3734 2954 potest
3764 2902 3999 2940 marces-

2426 2991 2548 3029 cere
2581 2976 2763 3043 gloria:
2791 2989 3066 3041 coronam,
3095 2976 3205 3028 suis
3236 2975 3493 3042 pecuniis,
3528 2978 3740 3043 proprio
3780 2992 3882 3029 suo
3910 2990 3998 3029 ca-

2424 3062 2519 3131 piti
2548 3062 2798 3116 fabricata
2846 3074 2990 3117 esset
3046 3073 3096 3117 et
3129 3062 3407 3127 induisset,
3440 3077 3560 3117 cum
3609 3066 3771 3116 multa
3806 3065 3996 3117 ﬁducia

2428 3152 2554 3206 hinc
2602 3154 2833 3208 excessit
2882 3155 2945 3206 ad
2999 3153 3300 3210 Dominum.
3350 3154 3429 3207 Me
3476 3168 3605 3223 ergo
3656 3154 3997 3221 incipientem

768 3266 864 3305 nes
895 3262 1115 3304 numero
1141 3254 1353 3301 centum
1384 3244 1569 3312 viginti
1600 3256 1713 3306 sca,
1746 3241 1798 3294 in
1828 3240 2160 3294 Palaestinam
2184 3238 2326 3292 circa
2356 3245 2399 3304 C
2433 3257 2649 3297 narrare
2676 3245 2931 3311 prmelara
2960 3244 3119 3313 hujus
3148 3246 3312 3296 beata:
3337 3244 3590 3307 facinora,
3610 3245 3653 3296 si
3679 3245 3804 3297 volo
3827 3244 4001 3299 dicere

771 3340 1178 3400 Diocaesaream,
1210 3335 1322 3404 ipsa
1371 3348 1462 3388 eos
1508 3342 1590 3387 est
1618 3339 1819 3394 secuta,
1851 3329 1926 3383 eis
1954 3343 2018 3383 ex
2067 3330 2177 3382 suis
2207 3342 2329 3395 pro-

771 3430 905 3497 priis
930 3428 1168 3498 pecuniis
1198 3425 1631 3487 subministrans,
1662 3422 1713 3475 in
1738 3421 2143 3475 necessitatibus
2190 3434 2334 3472 sum-

781 3528 963 3586 ptuum
992 3527 1149 3584 atque
1176 3512 1419 3568 omnibus
1447 3511 1809 3579 suppeditans.
1845 3506 1974 3561 Cum
2004 3516 2178 3559 autem
2211 3520 2335 3573 pro-

773 3608 1085 3661 hiberentur
1112 3602 1359 3668 ministri,
1391 3611 1448 3654 ut
1477 3600 1761 3654 narrabant
1790 3600 2163 3665 (conveneram
2194 3598 2333 3650 enim

773 3708 1015 3753 sanctum
1067 3695 1387 3756 Pissimium,
1439 3692 1718 3755 lsidorum,
1764 3699 1816 3743 et
1866 3688 2239 3755 Paphnutium,
2286 3697 2338 3741 et

776 3787 1164 3855 Ammonium),
1200 3787 1311 3839 haec
1343 3785 1492 3838 fortis
1516 3784 1704 3837 mulier
1733 3782 1915 3834 induta
1961 3782 2139 3834 servili
2189 3795 2336 3832 cara-

775 3878 909 3933 calla
940 3879 1114 3946 (175),
1144 3891 1362 3945 vespere
1389 3876 1468 3929 eis
1497 3875 1699 3927 terebat
1724 3889 1838 3941 qua:
1866 3881 2017 3926 erant
2063 3872 2127 3925 ad
2181 3886 2330 3925 usum

779 3970 1098 4024 necessaria.
1150 3968 1281 4021 Cum
1334 3976 1510 4020 autem
1561 3967 1610 4019 id
1662 3966 1997 4034 cognovisset
2045 3966 2340 4020 consularis

776 4060 1095 4124 Palaestinae,
1141 4067 1195 4113 et
1221 4059 1379 4113 vellet
1411 4057 1583 4111 sinum
1640 4071 1791 4110 suum
1836 4056 2078 4123 implere,
2110 4058 2342 4125 speravit

778 4152 892 4203 fore
918 4160 972 4202 ut
1002 4163 1117 4203 eam
1148 4156 1371 4202 terreret
1402 4145 1585 4216 (lu);
1618 4160 1839 4211 eamque
1870 4154 2129 4198 retentam
2160 4145 2340 4214 conje-

778 4238 850 4290 cit
895 4238 947 4290 in
975 4251 1265 4300 carcerem,
1296 4238 1546 4304 ignorans
1575 4234 1689 4302 ejus
1727 4235 2042 4287 libertatem.
2078 4234 2201 4289 llaec
2247 4250 2340 4288 au-

777 4337 883 4379 tem
914 4328 1175 4395 signiﬁcat
1196 4327 1266 4389 ei,
1298 4326 1479 4378 dici-ns
1506 4341 1518 4377 :
1548 4324 1658 4391 Ego
1689 4324 1828 4376 illius
1868 4324 2077 4392 quidem
2102 4322 2176 4378 fui
2211 4325 2339 4389 ﬁlia,

780 4417 936 4485 hujus
963 4433 1087 4472 vero
1118 4432 1248 4471 uxor
1273 4416 1362 4485 qui
1394 4416 1443 4469 in
1469 4425 1606 4469 terra
1639 4416 1731 4468 fuit
1758 4430 1953 4484 genere
1981 4417 2172 4481 clarus,
2201 4433 2341 4473 nunc

780 4518 954 4562 autem
980 4524 1095 4563 sum
1123 4507 1318 4561 Christi
1348 4508 1557 4560 ancilla.
1588 4506 1769 4575 Neque
1795 4522 1968 4559 meum
1997 4508 2151 4561 vilem
2184 4510 2337 4561 habi-

2434 3349 2553 3402 qua:
2582 3337 2711 3393 scio.
2746 3344 2952 3400 tempus
2986 3335 3253 3388 deﬁcient.
3305 3334 3565 3399 Quantam
3602 3336 3813 3403 quidem
3843 3351 4001 3403 opum

2433 3426 2709 3477 materiam
2735 3439 2795 3477 ea
2817 3427 3142 3490 consumpsit
3176 3425 3227 3476 in
3254 3434 3493 3491 egentes,
3519 3426 3722 3479 caelesti
3754 3438 4002 3495 correpta

2434 3516 2720 3579 desiderio,
2751 3532 2852 3569 non
2898 3518 3127 3570 arbitror
3156 3518 3422 3571 ﬂammam
3458 3519 3624 3587 ignis,
3656 3521 3699 3573 si
3735 3522 3783 3572 in
3814 3522 3999 3589 copio-

2437 3622 2547 3659 sam
2582 3608 2823 3662 inciderit
2856 3610 3167 3669 materiam.
3204 3619 3403 3661 tantam
3435 3625 3588 3677 posse
3617 3626 3860 3663 exurere.
3898 3613 4001 3664 lloc

2436 3713 2611 3756 autem
2645 3720 2745 3757 non
2776 3713 2859 3758 est
2904 3720 3076 3757 meum
3122 3704 3290 3756 solum
3326 3719 3570 3768 narrare,
3600 3705 3691 3757 sed
3723 3707 3884 3757 etiam
3916 3720 4001 3758 eo-

2441 3809 2553 3847 rum
2579 3796 2664 3861 qui
2701 3794 2968 3847 Persidem
3000 3803 3053 3847 et
3082 3793 3426 3856 Britanniam,
3462 3802 3513 3846 et
3544 3808 3729 3846 omnes
3763 3793 4000 3848 habitant

2440 3884 2657 3935 insulas.
2689 3883 3067 3936 Beneﬁciorum
3107 3884 3247 3935 enim
3277 3893 3327 3935 et
3357 3883 3691 3950 largitionum
3726 3883 3885 3949 hujus
3912 3885 4001 3936 im-

2441 3972 2679 4024 mortalis
2730 3971 2941 4024 feminze
2989 3986 3093 4024 non
3149 3971 3442 4035 Occidens,
3478 3986 3578 4024 non
3634 3971 3866 4034 Oriens,
3901 3987 3999 4025 non

2445 4065 2747 4130 Septentrio
2795 4062 2895 4115 fuit
2942 4077 3149 4127 expers,
3180 4078 3276 4115 nec
3302 4062 3564 4116 Meridies.
3596 4062 3832 4129 Triginta
3864 4065 3999 4117 enim

2443 4162 2497 4205 et
2543 4163 2745 4220 septem
2796 4168 2963 4205 annos
3013 4153 3245 4219 hospites
3296 4153 3585 4219 excipiens,
3624 4153 3725 4203 illis
3773 4167 3836 4205 ea
3890 4169 3999 4220 qua:

2444 4252 2595 4296 erant
2645 4242 2759 4295 usui
2809 4243 2917 4295 suis
2962 4243 3185 4308 praebuit
3230 4242 3547 4310 sumptibus.
3579 4242 3925 4309 ecclesiisque
3953 4254 3999 4297 et

2446 4333 2779 4385 monasteriis
2828 4341 2879 4384 et
2930 4331 3167 4397 hospitiis
3216 4341 3268 4384 et
3302 4333 3634 4389 carceribus;
3668 4343 3720 4385 et
3752 4341 3807 4385 ut
3841 4334 3997 4386 semel

2444 4420 2634 4483 dicam,
2674 4421 2849 4473 nullus
2879 4435 2943 4474 ex
2975 4422 3036 4473 iis
3064 4421 3151 4487 qui
3182 4436 3297 4473 eam
3345 4421 3593 4474 convenit
3627 4438 3733 4473 uon
3787 4432 3869 4476 est
3913 4425 3997 4475 ali-

2446 4526 2601 4576 quam
2637 4522 2836 4578 partem
2864 4511 2977 4580 ejus
2999 4526 3153 4578 apum
3182 4522 3516 4578 consecutus,
3545 4514 3997 4579 suppeditantihus

783 4609 891 4652 tum
922 4600 1254 4667 deSpexeris,
1300 4612 1510 4665 possum
1554 4598 1693 4650 enim
1723 4613 1828 4659 me,
1872 4599 1912 4649 si
1955 4598 2133 4663 Velim,
2165 4602 2335 4653 extol-
2369 4584 2414 4643 θ
2442 4597 2487 4650 ei
2532 4599 2972 4667 consanguineis,
3025 4609 3076 4651 et
3124 4603 3236 4667 ipso
3284 4601 3431 4663 ﬁlio,
3479 4611 3531 4653 et
3577 4606 3998 4667 procuratoribus

784 4691 927 4753 lere;
959 4705 1058 4743 nec
1090 4700 1235 4756 potes
1284 4702 1368 4741 me
1410 4696 1631 4751 terrere,
1686 4702 1857 4753 neque
1887 4702 1953 4739 ex
2008 4690 2164 4741 rebus
2205 4692 2337 4742 meis

780 4784 979 4852 aliquid
1018 4786 1285 4848 accipere;
1318 4795 1382 4833 ne
1415 4794 1541 4847 ergo
1569 4779 1703 4832 forte
1747 4781 1995 4847 ignorans
2040 4780 2090 4833 in
2123 4781 2333 4848 aliquod

778 4874 983 4925 crimen
1016 4872 1235 4932 incidas,
1268 4886 1505 4939 quaenam
1537 4872 1633 4924 sim
1680 4872 1770 4924 tibi
1812 4872 2091 4925 declaravi.
2120 4872 2338 4941 Oportet

787 4964 925 5014 enim
967 4962 1221 5013 adversus
1262 4961 1504 5021 stolidos,
1539 4972 1779 5027 tanquam
1828 4976 1961 5014 cane
2005 4970 2057 5015 et
2088 4964 2336 5029 accipivre

785 5052 858 5103 uti
879 5054 1038 5106 animi
1072 5053 1316 5115 elatione,
1349 5060 1401 5104 et
1428 5052 1478 5103 in
1512 5060 1745 5119 tempore
1773 5068 1956 5106 eorum
1997 5056 2256 5121 superbim
2287 5058 2336 5108 in

783 5144 927 5209 ipsos
948 5144 1253 5195 immittere.
1280 5142 1425 5193 Tunc
1447 5151 1592 5194 certe
1620 5140 1777 5207 jndex
1816 5158 1932 5195 cum
1966 5142 2077 5196 haec
2106 5158 2267 5211 accep
2289 5161 2339 5197 s-

781 5242 885 5295 set,
914 5246 972 5287 se
1002 5234 1289 5296 excusavit,
1316 5242 1368 5285 et
1396 5247 1511 5283 eam
1547 5231 1801 5294 adoravit,
1828 5232 2047 5301 etjussit
2071 5248 2186 5287 eam
2216 5237 2335 5287 abs-

780 5340 883 5392 que
911 5322 1019 5379 ullo
1048 5323 1424 5393 impedimento
1452 5338 1569 5375 cum
1597 5323 1793 5375 sanctis
1823 5324 1947 5375 viris
1977 5324 2195 5377 versari.

1306 5456 1528 5512 CAPUT
1575 5456 1801 5510 CXVIII.

1129 5564 1239 5619 Vita
1285 5566 1468 5636 [ἰαί]ῖηὶ
1514 5566 1659 5633 (175)
1690 5566 2007 5633 presbyteri._

845 5676 990 5743 llmc,
1032 5690 1308 5746 postquam
1352 5679 1403 5730 hi
1450 5677 1659 5730 fuerunt
1700 5679 1969 5741 revocati,
2012 5681 2331 5733 monasterio

777 5770 1031 5820 a'iliﬁcato
1075 5770 1450 5839 Jerosolymis,
1484 5770 1661 5840 viginti
1692 5780 1893 5836 septem
1927 5784 2090 5822 annos
2124 5782 2327 5824 versata

2442 4691 2721 4756 quotannis
2768 4705 2932 4757 pecun
2958 4706 3013 4743 as
3060 4700 3113 4743 et
3164 4700 3410 4757 tanquam
3461 4692 3739 4745 luculenta:
3778 4695 3997 4747 lucernae

2442 4782 2615 4833 oleum
2672 4781 3107 4841 ministrantibus,
3157 4790 3213 4834 ut
3258 4782 3453 4850 lulgido
3500 4783 3697 4836 lumine
3742 4784 3995 4839 ﬂammam

2442 4872 2733 4923 accendens
2748 4871 3099 4939 eleeinosyna:
3125 4872 3401 4939 largitione
3420 4883 3638 4926 cunctos
3662 4874 3993 4930 illuminaret.

2444 4962 2513 5013 Ea
2548 4970 2724 5013 autem
2755 4976 2872 5013 cum
2926 4962 2975 5013 in
3007 4961 3363 5027 hospitalitate
3393 4963 3525 5016 adeo
3559 4966 3992 5031 perseveraverit,

2450 5066 2514 5103 ne
2544 5054 2769 5117 palmum
2802 5051 3015 5118 quidem
3042 5064 3193 5103 ωτι-οε
3223 5052 3476 5119 possedit,
3505 5068 3607 5105 non
3633 5058 3900 5108 abstracta
3925 5067 3996 5110 est

2447 5154 2475 5190 a
2505 5140 2789 5203 cupiditate
2821 5140 2911 5191 ﬁlii
2935 5139 3002 5191 ab
3031 5154 3212 5192 amore
3241 5140 3565 5205 solitudinis,
3597 5158 3701 5196 non
3734 5159 3851 5197 eam
3875 5146 3993 5200 divi-

2445 5230 2567 5281 sita
2598 5229 2852 5282 cbaritate
2900 5232 2948 5281 in
2989 5229 3259 5282 Christum
3291 5232 3542 5298 unigeniti
3575 5233 3721 5299 (177)
3757 5234 3848 5285 ﬁlii
3870 5235 3995 5288 desi-

2446 5318 2668 5371 derium.
2696 5318 2795 5371 Sed
2820 5321 2933 5385 ejus
2958 5320 3199 5385 precibus
3228 5320 3541 5375 adolescens
3570 5332 3621 5375 et
3649 5322 3712 5373 ad
3744 5336 3990 5378 summam

2447 5410 2684 5475 pervenit
2731 5410 3043 5473 doetrinam,
3078 5410 3417 5478 moribusque
3463 5411 3556 5465 fuit
3605 5414 3989 5481 ornatissimus,

2435 5501 2683 5567 claroque
2719 5510 2771 5552 et
2810 5499 3000 5552 illustri
3048 5498 3145 5552 fuit
3196 5501 3531 5554 matrimonio
3579 5501 3914 5569 conjunctus,
3943 5516 3989 5559 tt

2438 5588 2731 5642 mundanos
2760 5597 2842 5642 est
2872 5589 3098 5641 honores
3127 5599 3473 5655 consecutus;
3506 5594 3593 5659 qui
3622 5594 3759 5646 duos
3787 5608 3989 5663 quoque

2436 5682 2619 5735 habuit
2652 5684 2783 5735 lilios
2812 5679 2985 5750 (l78),
3018 5683 3103 5749 qui
3158 5692 3478 5738 testarentur
3500 5686 3697 5753 justum
3731 5686 3990 5741 matrimo-

2436 5788 2600 5825 nium.
