4258 6360
280 368 417 437 1225

277 566 366 634 αἷς
390 575 417 624 6
443 573 573 636 Θεὸς
601 575 670 626 τὰ
718 576 805 627 ι’σα
855 575 964 629 τῶν
999 578 1059 629 ἐν
1093 578 1263 649 ἀρετῇ
1325 577 1669 646 βεϐιωκότων
1702 576 1851 644 αὐτῷ

277 661 540 725 στέφανον
570 663 932 728 ἀποδέδωκεν,
972 664 1113 733 ὑπὲρ
1154 664 1247 717 τοῦ
1299 664 1374 734 μὴ
1410 662 1849 734 καταμαλακίζε-

276 741 401 794 σθαι
423 742 523 804 τάς
554 743 952 815 ῥᾳθυμοτέρας,
987 747 1080 799 καὶ
1118 749 1492 817 ἀναχαιτίζειν
1519 748 1594 811 ώς
1624 747 1847 799 ἀσθενε-

274 826 472 894 στέρας
529 827 663 893 πρὸς
715 828 842 889 τοὺς
888 829 1084 893 ἄθλους
1137 833 1236 901 τῆς
1264 832 1467 901 ἀρετῆς
1510 831 1603 883 καὶ
1651 827 1847 898 σεμνοῦ

274 909 388 974 βίου
426 909 787 978 κατόρθωσιν.
830 912 1039 975 Πολλὰς
1073 914 1172 982 μέν
1199 912 1420 983 ἑώρακα
1452 913 1559 965 τῶν
1588 912 1846 976 εὐσεϐῶν,

271 993 563 1055 πλείσταις
594 994 652 1044 δέ
682 994 926 1057 ἀστείαις
950 996 1031 1057 είς
1062 998 1265 1067 ἀρετὴν
1298 996 1673 1067 συντετύχηκα
1708 1012 1849 1065 παρα

272 1074 447 1137 Οὲνοις
475 1092 534 1126 τε
560 1077 653 1127 καὶ
690 1078 908 1145 χήραις.
950 1078 1012 1130 Ἡ
1031 1078 1403 1149 τρισμακαρία
1419 1079 1638 1149 Μελάνη
1663 1077 1846 1144 Σπανὴ

271 1151 339 1223 ἦν
376 1157 435 1208 τδ
474 1158 651 1224 γένος,
686 1160 867 1212 είτουν
908 1160 1174 1230 Ῥωμαία.
1208 1161 1468 1230 Θυγάτηρ
1501 1162 1597 1229 μὲν
1626 1161 1847 1228 γέγονεν

272 1241 653 1308 Μαρκελλίνου
691 1243 780 1295 τοῦ
812 1244 919 1296 ἀπὸ
974 1245 1214 1308 ὑπάτων,
1262 1246 1454 1315 ἀνδρὸς
1478 1246 1536 1297 δέ
1561 1262 1706 1306 τινος
1741 1244 1848 1297 ἀπὸ

272 1321 599 1390 ἀξιωμάτων
628 1329 801 1396 γυνή·
834 1320 894 1379 οῦ
930 1328 1112 1390 καλῶς
1148 1328 1209 1381 τὸ
1234 1328 1404 1399 ὄνομα
1444 1330 1505 1382 οὐ
1540 1330 1845 1399 μέμνημαι.

273 1408 490 1476 Ταύτης
506 1427 575 1478 χη
585 1411 857 1479 ρευσάσης
887 1412 1131 1464 εἰκοστὸν
1152 1412 1406 1480 δεύτερον
1426 1413 1666 1481 ἀγούσης
1695 1412 1813 1475 ἔτος
1831 1428 1843 1443 ·

270 1490 394 1557 ἥτις
475 1493 613 1558 μετά
666 1494 766 1562 τὴν
818 1495 1029 1549 ἐκείνου
1084 1496 1387 1547 ἀποϐίωσιν
1446 1496 1647 1565 ἔρωτος
1700 1496 1845 1550 θείου

272 1572 667 1635 καταξιωθεῖσα
701 1576 780 1643 τῷ
814 1578 1016 1646 αἰωνίῳ
1045 1576 1285 1647 Νυμφίῳ
1311 1578 1555 1647 συνήφθη
1589 1579 1669 1641 εἰς
1695 1579 1847 1641 τέλος

271 1654 613 1723 ἀγαπήσασα
669 1659 893 1710 τοῦτον·
943 1661 1038 1713 καὶ
1076 1661 1264 1729 μηδενὶ
1332 1662 1496 1730 μηδὲν
1560 1664 1844 1730 εἰρηκυῖαο

272 1736 543 1790 ἐκωλύετο
574 1741 681 1808 γάρ
710 1743 765 1791 ἐν
800 1744 913 1801 τοῖς
966 1744 1197 1812 καιροῖς.
1229 1742 1530 1805 Οὐάλεντος
1562 1743 1655 1796 τοῦ
1696 1743 1848 1814 βασι-

273 1816 409 1879 λέως
444 1820 617 1889 ἀρχὴν
645 1822 862 1890 ἔχοντος
902 1825 961 1875 ἐν
989 1827 1054 1894 τῇ
1099 1825 1372 1895 βασιλείᾳ,
1414 1829 1687 1895 ποιήσασα
1732 1828 1846 1878 ἐπί-

273 1918 477 1971 τροπον
532 1904 625 1955 τοῦ
672 1906 787 1957 υἱοῦ
840 1907 1013 1975 αὐτῆς
1072 1909 1476 1977 ὀνομασθῆναι,
1532 1911 1600 1963 τά
1658 1911 1853 1978 κινητὰ

274 1985 454 2037 πάντα
488 1988 691 2056 ἐαυτῆς
721 1989 981 2055 λαϐοῦσα,
1028 1992 1122 2044 καὶ
1170 1995 1249 2054 είς
1281 1993 1462 2044 πλοῖον
1503 1993 1849 2064 ἐμϐαλομένη

275 2068 416 2136 μετὰ
436 2070 687 2139 φανερῶν
716 2072 943 2125 παιδίων
972 2074 1062 2126 καὶ
1088 2074 1267 2144 ῥητῶν
1290 2074 1590 2128 παιδισκῶν
1619 2075 1855 2146 δρομαία

274 2152 641 2206 κατέπλευσεν
702 2156 792 2207 ἐπὶ
848 2157 946 2225 τὴν
993 2156 1422 2231 Ἀλεξάνδρειαν,
1482 2160 1591 2211 Καὶ
1645 2159 1853 2230 ταύτην

274 2235 683 2303 καταλαϐοῦσα,
717 2240 833 2291 ἐκεῖ
856 2240 1248 2311 διαπωλήσασα
1294 2242 1394 2305 τὰς
1438 2241 1587 2306 ὕλας,
1638 2245 1730 2295 καὶ
1774 2247 1853 2309 εἰς

275 2318 476 2385 χρυσὸν
507 2322 1058 2389 κατακερματίσασα,
1110 2323 1362 2393 είσῆλθεν
1391 2325 1471 2387 είς
1513 2326 1574 2377 τὸ
1603 2325 1727 2395 δρος
1756 2327 1853 2393 τῆς

274 2398 526 2468 Νιτρίας,
565 2406 679 2466 τοῖς
706 2404 882 2471 ἀγίοις
924 2406 1205 2475 Πατράσιν
1236 2409 1711 2478 περιτυγχάνουσα
1740 2412 1852 2471 τοῖς

274 2484 405 2551 περὶ
453 2484 546 2535 τὸν
589 2488 859 2556 μακάριον
916 2488 1145 2559 Παμϐὼ,
1186 2490 1280 2543 καὶ
1330 2491 1419 2542 τὸν
1464 2491 1557 2543 τοῦ
1614 2490 1850 2560 Χριστοῦ

274 2565 461 2619 δοῦλον
515 2569 818 2638 Ἀρσίσιον,
869 2574 962 2625 καὶ
1010 2574 1099 2625 τὸν
1158 2573 1333 2642 μέγαν
1377 2576 1717 2645 Σεραπίωνα,
1759 2578 1853 2629 καὶ

276 2649 366 2702 τὸν
406 2650 560 2716 ἆγιον
602 2652 959 2721 Παφνούτιον,
1019 2656 1235 2708 καὶτὸν
1283 2658 1528 2728 ἀοίδιμον
1586 2659 1853 2729 Ἰσίδωρον

279 2731 365 2783 τὸν
412 2731 782 2806 ὁμολογητὴν,
826 2738 1202 2792 ἐπίσκοπονδέ
1264 2740 1700 2810 Ἐρμουπόλεως,
1762 2741 1854 2794 καὶ

272 2814 368 2866 τὸν
422 2816 789 2884 δοκιμώτατον
837 2820 1169 2890 Διόσκορονο
1232 2828 1324 2874 καὶ
1380 2824 1681 2893 χρονίσασα
1723 2825 1851 2894 παρ’

274 2900 457 2949 αὐτοῖς
488 2899 563 2961 ώς
589 2900 759 2968 ἥμισυ
785 2901 960 2965 ἔτους,
993 2904 1333 2958 κυκλεύουσα
1362 2906 1465 2959 ἀνὰ
1495 2906 1593 2976 τὴν
1626 2907 1851 2976 ἔρημον,

276 2984 373 3034 καὶ
403 2985 536 3035 πᾶσι
573 2988 1012 3055 συντυγχάνουσα
1042 2992 1152 3051 τοῖς
1189 2991 1386 3056 ἁγίοις.
1414 2992 1567 3043 Μετὰ
1593 2991 1649 3043 δὲ
1683 2992 1853 3044 ταῦτα

274 3064 372 3115 τοῦ
408 3067 815 3132 Αὐγουσταλίου
841 3068 1189 3138 ἐξορίσαντος
1210 3075 1336 3135 τοὺς
1371 3074 1557 3141 ἁγίους
1582 3075 1849 3142 Πατέρας,

1505 374 1868 439 HISTORIA
1918 375 2304 438 LAUSIACA.

277 494 371 539 καὶ
395 484 749 556 εὐσχημόνων
785 488 1155 559 μνημονεῦσαι
1202 490 1262 543 ἐν
1308 489 1387 561 τῷ
1427 490 1617 560 βιϐλίῳ
1656 490 1851 557 τούτῳ,
1883 498 1928 548 Α

3397 370 3529 440 1996

2521 488 2770 542 ΚΕΦΑΛ.
2812 488 2929 540 PIH
2953 528 2966 540 .

2486 573 2623 639 Περὶ
2661 569 2998 638 Ῥουςρινου.

2026 659 2177 727 Αὐτη
2237 657 2376 727 μετά
2405 654 2503 724 τὴν
2552 654 2853 722 ἀνάκλησιν
2910 650 3019 704 τῶν
3068 650 3267 705 ἐνθέων
3319 654 3532 725 ἀνδρῶν

1961 741 2323 811 μοναστήριον
2374 739 2611 792 κτίσασα
2644 738 2702 789 ἐν
2749 733 3145 805 Ἱεροσολύμοις
3183 735 3357 789 εἴκοσι
3392 740 3532 793 ἐπτὰ

1957 828 2134 881 ἐτεσιν
2154 826 2431 897 ἐχρόνισεν
2453 826 2509 876 ἐν
2532 825 2597 893 τῇ
2646 818 3023 893 Ἰερουσαλὴμ,
3057 819 3253 889 ἔχουσα
3284 824 3530 877 συνοδίαν

1957 910 2245 979 παρθένων
2281 907 2640 977 πεντήκοντα.

2026 986 2105 1061 ⁷ῌ
2138 989 2334 1060 συνέζη
2368 990 2464 1043 καὶ
2495 989 2525 1041 6
2545 987 2931 1055 εὐγενέστατος
2960 986 3054 1039 καὶ
3088 988 3414 1058 μονότροφος
3438 990 3531 1041 καὶ

1957 1073 2363 1145 στιϐαρώτατος
2416 1072 2732 1139 Ῥουφῖνος,
2774 1071 2802 1121 6
2832 1069 2939 1122 ἀπὸ
2991 1069 3221 1133 Ἰταλίας
3255 1070 3314 1136 ἐξ
3369 1073 3530 1124 Ἀκυ-

1954 1158 2115 1226 ληίας
2144 1157 2245 1226 τῆς
2270 1155 2477 1218 πόλεως
2498 1152 2894 1224 πρεσϐυτερίου
2919 1153 2997 1215 είς
3021 1152 3532 1224 ὐστερονκαταξιω-

1956 1241 2070 1305 θείς
2092 1256 2109 1272 ·
2139 1235 2200 1293 οῦ
2232 1238 2676 1307 γνωστικώτερον
2696 1237 2790 1289 καὶ
2818 1237 3221 1306 ἐπιεικέστερον
3253 1239 3309 1288 ἐν
3332 1238 3531 1308 ἀνδρά-

1956 1343 2043 1380 σιν
2091 1325 2192 1392 οὐχ
2238 1324 2535 1392 ηὑρίσκετο
2564 1338 2576 1353 ο
2617 1319 2949 1390 δεξιούμενοι
2989 1320 3288 1389 ἀμφότεροι
3322 1323 3379 1373 ἐν
3420 1324 3531 1383 τοῖς

1956 1411 2130 1463 εἰκοσι
2159 1407 2301 1459 ἐπτά
2345 1406 2522 1458 ἐτεσιν
2559 1405 2685 1465 τοὺς
2728 1401 3195 1473 ἐπιχωριάζοντας
3223 1405 3336 1465 τοῖς
3376 1402 3533 1472 Ἱερο-

1959 1492 2214 1561 σολύμοις
2244 1490 2409 1559 εὐχῆς
2447 1489 2626 1559 χάριν,
2671 1488 3002 1548 ἐπισκόπους
3034 1503 3095 1537 τε
3130 1486 3225 1538 καὶ
3269 1487 3531 1555 μονάζονξ

1954 1594 2076 1641 τας,
2110 1575 2414 1644 παρθένους
2438 1573 2533 1626 καὶ
2562 1573 2687 1632 τοὺς
2716 1571 2775 1621 ἐν
2801 1568 3105 1635 συζυγίαις,
3135 1568 3449 1635 ἀξιολόγους
3471 1586 3531 1623 τε

1956 1660 2049 1711 καὶ
2086 1657 2319 1719 ἰδιώτας,
2352 1656 2446 1707 καὶ
2485 1652 2820 1715 ἁπαξαπλῶς
2854 1651 3235 1719 ἐπιδεομένους
3268 1653 3367 1719 τῆς
3403 1669 3531 1704 συν-

1954 1742 2146 1810 τυχίας
2167 1739 2347 1794 αὐτῶν
2373 1737 2725 1807 καταλλήλως
2742 1736 3142 1797 ἀναπαύοντες,
3159 1737 3381 1798 οἰκείοις
3397 1737 3530 1789 ἀνα-

1886 1834 1928 1888 Β
1957 1824 2203 1893 λώμασιν
2232 1820 2643 1889 οἰκοδομοῦντες
2682 1819 2889 1880 πάντας
2915 1819 3041 1879 τοὺς
3083 1818 3530 1887 παρατυγχάνον-

1953 1924 2073 1969 τας.
2106 1906 2363 1957 Ἤνωσαν
2407 1904 2463 1957 δέ
2496 1903 2590 1956 καὶ
2623 1902 2684 1954 τὸ
2736 1900 2939 1970 σχίσμα
2979 1902 3041 1953 τὸ
3080 1901 3220 1952 κατὰ
3264 1901 3529 1952 Παυλῖνον

1953 1989 2028 2051 ὡς
2051 1986 2262 2057 ἀνδρῶν
2279 1985 2651 2055 τετρακοσίων
2677 1984 3041 2053 μοναζόντων,
3068 1981 3167 2035 καὶ·
3179 1983 3359 2036 πάντα
3377 1984 3529 2053 αἱρε-

1955 2071 2104 2124 τικδν
2153 2068 2620 2139 Πνευματομάχον
2679 2065 3078 2133 συμπείσαντες
3121 2066 3415 2135 εἰσήγαγον
3451 2066 3530 2129 είς

1953 2154 2050 2224 τὴν
2084 2152 2431 2223 Ἐκκλησίαν,
2481 2152 2749 2221 τιμῶντες
2797 2151 2888 2202 τὸν
2929 2151 3068 2202 κατὰ
3108 2150 3272 2203 τόπον
3305 2152 3527 2220 κλῆρον,

1953 2236 2145 2307 δώροις
2178 2253 2235 2289 τε
2276 2236 2370 2288 καὶ
2417 2236 2662 2305 τροφαῖς.
2706 2233 2817 2287 Καὶ
2843 2233 3016 2287 ταῦτα
3068 2233 3346 2297 ποιοῦντες
3387 2234 3529 2288 οὕτω

1953 2322 2045 2375 τὸν
2086 2320 2199 2389 βίον
2229 2322 2285 2373 ἐν
2334 2320 2586 2390 εὐσεϐείᾳ.
2626 2319 2949 2383 διετέλεσαν,
2999 2318 3200 2386 μηδένα
3234 2320 3331 2387 μὲν
3364 2336 3529 2372 σκαν-

1954 2405 2295 2471 δαλίσαντες,
2343 2404 2527 2475 σχεδὸν
2578 2404 2634 2456 δὲ
2681 2404 2861 2456 πᾶσαν
2894 2402 2992 2473 τὴν
3032 2402 3357 2473 οίκουμένην
3391 2403 3530 2472 ώφε·

1956 2509 2018 2553 λη
2029 2509 2236 2553 σαντες.

1986 2494 2289 2645 ήῗῖοένρέετής
2311 2574 2622 2645 θαυμασίας
2648 2574 2742 2626 καὶ
2765 2572 2926 2641 ἁγίας
2938 2572 3211 2635 Μελανίας
3224 2570 3529 2651 ἀκροθιγῶς

1959 2658 2059 2726 μὲν
2093 2659 2205 2713 ἀνω
2242 2660 2594 2729 διηγησάμην
2625 2658 2753 2725 περὶ
2793 2657 2984 2723 αὐτῆς,
3024 2657 3175 2709 οὐδὲν
3202 2656 3258 2708 δέ
3280 2650 3442 2726 ἦττον
3462 2650 3531 2707 τὰ

1954 2742 2138 2808 λοιπὰ,
2178 2743 2381 2812 μᾶλλον
2432 2742 2489 2794 δὲ
2534 2741 2569 2793 ἀ
2629 2740 3029 2810 καταλαμϐάνω
3077 2743 3143 2810 τῇ
3189 2743 3379 2809 μνήμῃ
3421 2738 3531 2790 τῶν

1954 2825 2159 2894 ταύτης
2203 2824 2413 2895 ἀρετῶν
2466 2824 2559 2877 καὶ
2601 2823 2695 2876 νῦν
2749 2824 2999 2891 ἐνυφανῶ
3043 2822 3117 2892 τῷ
3158 2822 3387 2887 ποικίλῳ
3436 2820 3530 2872 τοῦ

1956 2910 2112 2976 λόγου
2148 2907 2358 2976 χιτῶνι,
2383 2906 2736 2975 διηγούμενος
2765 2906 2862 2966 τὰς
2891 2902 3130 2973 ἀφάτους
3164 2906 3261 2973 τῆς
3293 2904 3533 2971 θεοφιλε-

1958 2993 2158 3060 στάτης
2200 2990 2403 3058 ταύτης
2436 2989 2701 3051 εὐποιίας.
2754 2990 2831 3041 Δι’
2879 2982 2954 3041 ὧν
2991 2989 3054 3040 τὸ
3110 2989 3380 3058 μακάριον
3435 2988 3533 3055 τῆς

1955 3072 2264 3142 ἀφθαρσίας
2305 3071 2508 3141 ἔνδυμα
2542 3072 2767 3133 οἰκείοις
2794 3071 2977 3134 πόνοις
3002 3073 3168 3141 ἐαυτῇ
3193 3071 3530 3137 ἐξυφάνασα.

289 3148 578 3218 Ἰσίδωρον,
600 3156 690 3205 καὶ
723 3156 1143 3224 Πισσίμιον,καὶ
1176 3157 1471 3225 Ἀδέλφιον,
1491 3158 1583 3209 καὶ⁵
1603 3158 1852 3225 Παφνού-
1882 3159 1927 3221 C
1958 3156 2166 3210 καὶτὸν
2199 3155 2569 3225 ἀμαράντινον
2599 3155 2700 3223 τῆς
2734 3152 2890 3222 δόξης
2923 3154 3187 3223 στέφανον
3231 3155 3343 3215 τοῖς
3381 3153 3533 3216 ίδίοις

272 3249 411 3294 τιον,
439 3238 530 3287 καὶ
564 3237 795 3306 Παμϐὼ,
833 3240 925 3292 καὶ
968 3239 1280 3309 Ἀμμώνιον
1303 3240 1397 3292 τὸν
1424 3239 1720 3308 παρώτιον,
1759 3244 1853 3296 καὶ

275 3318 498 3386 ἐτέρους
529 3322 699 3384 τινάς,
738 3324 865 3384 τοὺς
889 3324 1095 3385 πάντας
1144 3324 1351 3377 δώδεκα
1395 3325 1729 3387 ἐπισκόπους
1761 3327 1854 3379 καὶ

276 3403 703 3473 πρεσϐυτέρους,
756 3407 848 3459 καὶ
882 3406 1101 3469 λοιποὺς
1148 3407 1443 3477 κληρικούς
1485 3424 1545 3460 τε
1597 3408 1693 3461 καὶ
1721 3410 1854 3461 ἀνα-

276 3486 553 3553 χωρητάς,
608 3486 683 3550 ώς
733 3488 974 3555 γίνεσθαι
1020 3488 1111 3541 τὸν
1165 3488 1397 3558 ἀριθμὸν
1446 3490 1639 3543 ἐκατὸν
1684 3490 1855 3544 εἴκοσι

275 3567 358 3629 ἒξ,
394 3572 517 3630 τοὺς
545 3569 751 3632 πάντας
789 3571 1016 3623 δεκαδύο
1063 3572 1398 3635 ἐπισκόπους
1427 3572 1523 3626 καὶ
1555 3572 1858 3643 πρεσϐυτέέ

278 3666 406 3719 ρους
439 3653 519 3713 εἰς
549 3653 647 3723 τὴν
682 3654 1071 3723 Παλαιστίνην,
1104 3655 1235 3727 περὶ
1260 3655 1359 3727 τὴν
1399 3657 1813 3727 Διοκαισάρειαν
1840 3674 1853 3687 ·

278 3735 336 3783 ἐν
354 3728 435 3795 οἷς
458 3736 550 3785 καὶ
575 3737 711 3805 αὐτὴ
744 3735 1073 3789 συνελθοῦσα
1104 3739 1136 3807 ἡ
1170 3742 1463 3807 μακαρῖτις
1484 3740 1546 3791 ἐκ
1568 3738 1678 3791 τῶν
1710 3740 1857 3795 ίδίων

278 3816 636 3883 ὑπαρχόντων
669 3818 992 3873 διακονοῦσα
1025 3820 1229 3884 αὐτοῖς.
1253 3821 1628 3891 Κωλυομένων
1664 3822 1721 3876 δὲ
1748 3824 1857 3878 τῶν

275 3896 739 3969 ὑπηρετουμένων
797 3904 1002 3969 αὐτοῖς,
1048 3904 1123 3967 ὡς
1206 3904 1489 3972 διηγοῦντο
1532 3906 1857 3976 (συνέτυχον

276 3982 388 4050 γὰρ
422 3982 530 4050 ἐγὼ
576 3983 654 4052 τῷ
700 3986 840 4055 ἁγίῳ
890 3988 1177 4057 Πισσιμίῳ,
1230 3987 1321 4039 καὶ
1372 3987 1710 4059 Παφνουτίῳ,
1764 3989 1857 4042 καί¹

290 4066 565 4136 Ἰσιδώρῳ,
601 4072 693 4121 καὶ
736 4071 1047 4141 Ἀμμωνίῳ)
1084 4115 1098 4137 ,
1157 4069 1296 4140 αὕτη
1336 4072 1369 4141 ή
1409 4072 1629 4141 ἀνδρεία
1660 4073 1855 4125 παιδα-

278 4148 398 4216 ρίου
434 4151 765 4218 καρακάλιον
787 4152 1141 4222 λαμϐάνουσα
1168 4155 1289 4206 καθ’
1314 4154 1553 4223 ἑσπέραν
1574 4157 1857 4225 είσέφερεν

275 4232 463 4294 αὐτοῖς
490 4239 558 4285 τά
582 4235 719 4303 πρὸς
740 4236 836 4295 τὰς
860 4237 1067 4303 χρείας.
1111 4237 1396 4304 Ἐγνωκὼς
1427 4234 1518 4291 οὖν
1541 4240 1567 4289 6
1592 4238 1856 4303 ὑπατικὸς

274 4314 379 4380 τῆς
437 4316 824 4384 Παλαιστίνης,
862 4319 1094 4385 Θελήσας
1146 4321 1240 4370 ἀπ’
1286 4320 1453 4388 αὐτῆς
1511 4321 1601 4373 τὸν
1659 4322 1855 4373 κόλπον

275 4398 588 4467 πληρῶσαι,
626 4403 720 4452 καὶ
752 4403 1151 4471 προσεδόκησεν
1184 4402 1386 4471 ταύτην
1417 4404 1695 4455 καπνίσαι.
1745 4405 1855 4455 Καὶ

1956 3240 2201 3309 χρήμασι
2219 3240 2286 3307 τῇ
2299 3254 2349 3288 τι
2360 3239 2460 3307 μίᾳ
2481 3236 2651 3305 αὐτῆς
2665 3236 2873 3305 κεφαλῇ
2895 3236 3077 3299 καλῶς
3094 3236 3529 3305 ἐκχαλκεύσασα,

1957 3324 2052 3373 καὶ
2087 3319 2585 3389 μεταμφιασαμένη
2615 3318 2756 3388 μετά
2787 3318 2989 3387 πολλῆς
3029 3318 3365 3389 παρρησίας,
3394 3316 3533 3387 πρὸς

1956 3405 2046 3457 τὸν
2081 3403 2213 3455 Θεὸν
2243 3403 2616 3473 ἀπεδήμησεν.
2658 3401 2991 3471 Ἀρξάμενόν
3024 3418 3092 3471 με
3137 3403 3316 3455 τοίνυν
3343 3402 3535 3470 διηγή-

1960 3486 2157 3540 σασθαι
2189 3487 2261 3540 τά
2304 3486 2507 3556 ταύτης
2533 3485 2632 3550 τῆς
2665 3486 2945 3557 μακαρίας
2984 3484 3406 3555 κατορθώματα,
3435 3485 3533 3538 ἐὰν

1960 3572 2098 3623 θέλω
2127 3571 2271 3638 ἆπερ
2294 3570 2619 3637 ἐπίσταμαι,
2645 3568 2847 3634 λέγειν,
2871 3567 3138 3635 ἐπιλείψει
3155 3569 3291 3620 καὶὸ
3321 3568 3531 3636 χρόνος.

1959 3654 2133 3724 Ὅσην
2151 3652 2396 3723 μέν,ὐλην
2413 3650 2553 3721 αῦτη
2578 3652 2655 3714 είς
2673 3651 2959 3722 δεομένους
2975 3652 3252 3721 ὴνάλωσεν
3269 3650 3534 3721 ληφθεῖσα

1956 3740 2035 3808 τῷ
2061 3737 2299 3807 οὐρανίῳ
2326 3737 2495 3806 ζήλῳ,
2528 3736 2629 3788 οὐκ
2663 3732 2817 3804 οίμαι
2848 3736 3024 3806 πυρὸς
3052 3736 3225 3802 φλόγα
3260 3735 3533 3805 ἐμπεσοῦ-

1960 3838 2057 3873 σαν
2088 3823 2169 3883 είς
2207 3819 2469 3887 ἀφθονίαν
2512 3819 2644 3888 ὕλης
2683 3818 2953 3887 τοσαύτης
2990 3818 3281 3887 δυνηθῆναι
3312 3818 3535 3887 ἐμπρῆ-

1960 3922 2071 3959 σαι.
2111 3904 2283 3957 Τοῦτο
2311 3904 2369 3956 δέ
2405 3903 2506 3956 οὐκ
2534 3904 2665 3972 ἐμόν
2694 3904 2807 3955 ἐστι
2842 3902 3229 3972 διηγήσασθαι,
3264 3903 3401 3956 ἀλλά
3438 3904 3535 3956 καὶ

1957 3989 2066 4042 τῶν
2096 3988 2193 4058 τὴν
2222 3988 2478 4059 Περσίδα,
2504 3987 2597 4039 καὶ
2618 3986 2971 4056 Βρεττανίας,
2996 3987 3212 4053 καὶτὰς
3237 3978 3419 4049 πάσας
3438 3989 3536 4057 νή-

1960 4091 2087 4137 σους
2112 4072 2429 4125 οἰκούντων.
2448 4071 2568 4123 Τῶν
2591 4072 2699 4139 γὰρ
2724 4070 2979 4122 εὐποιιῶν
2999 4071 3091 4122 καὶ
3119 4072 3412 4124 ἐπιδόσεων
3435 4072 3536 4140 τῆς

1958 4156 2227 4209 ἀθανάτου
2262 4154 2487 4223 ταύτης,
2518 4152 2576 4204 οὐ
2608 4151 2789 4215 Δύσις,
2807 4152 2906 4203 οὐκ
2954 4151 3234 4218 Ἀνατολὴ,
3265 4153 3363 4206 οὐκ
3411 4155 3537 4221 Ἀρ-

1961 4258 2104 4303 κτος,
2122 4239 2244 4292 οὐτε
2269 4236 2602 4307 Μεσημϐρία
2625 4236 2756 4303 ἠστιί
2783 4251 2917 4303 ;ησε.
2938 4235 3274 4304 Τριακοστὸν
3304 4237 3412 4307 γάρ
3441 4239 3536 4289 καὶ

1958 4324 2187 4392 ἕϐδομον
2220 4320 2576 4384 ξενιτεύσασα
2604 4319 2743 4380 ἐτος,
2788 4320 2938 4380 ίδίοις
2977 4318 3327 4388 ἀναλώμασιν
3360 4322 3534 4387 ἐπήρ-

1959 4425 2107 4472 κεσε,
2143 4408 2229 4459 καὶ
2266 4403 2605 4473 ἐκκλησίαις,
2645 4402 2739 4454 καὶ
2788 4404 3193 4471 μοναστηρίοις,
3221 4404 3315 4455 καὶ
3340 4402 3533 4467 ξένοις,

276 4480 567 4550 κατασχὼν
600 4483 791 4535 ἔϐαλεν
826 4485 1030 4553 ταύτην
1078 4488 1161 4547 είς
1212 4486 1477 4555 φυλακὴν.
1522 4487 1730 4554 ἀγνοῶν
1760 4490 1854 4556 τὴν
1888 4489 1932 4543 D
1961 4492 2051 4544 καὶ
2104 4489 2406 4556 φυλακαῖς·
2463 4486 2559 4537 καὶ
2598 4485 2959 4549 ἁπαξαπλῶς,
2991 4485 3166 4547 οὐδεὶς
3195 4485 3304 4538 τῶν
3358 4502 3538 4555 παραυ

275 4563 591 4634 ἐλευθερίαν
653 4566 841 4635 αὐτῆς.
905 4568 1328 4635 Συγκλεισθεῖσα
1375 4570 1429 4621 δὲ
1479 4572 1512 4639 ἡ
1566 4570 1854 4639 θεοφιλὴς,

272 4648 426 4716 δηλοῖ
452 4649 528 4717 τῷ
562 4648 831 4718 ὑπατικῷ,
882 4650 1148 4717 λέγουσα·
1202 4651 1342 4718 Ἐγὼ
1380 4654 1533 4704 τοῦδε
1572 4655 1667 4721 μὲν
1698 4656 1857 4720 γεγέ-

276 4751 450 4801 νημαι
486 4735 750 4805 θυγάτηρ,
788 4736 880 4787 τοῦ
919 4736 976 4787 δὲ
1020 4739 1156 4805 γυνὴ
1196 4737 1288 4789 τοῦ
1338 4737 1581 4801 ἐπιδόξου
1632 4737 1851 4805 γένους·

273 4815 346 4868 τὰ
375 4818 431 4868 δὲ
460 4819 553 4870 νῦν
586 4822 702 4887 είμϊ
741 4820 901 4889 δούλη
936 4821 1205 4889 Χριστοῦ.
1237 4821 1347 4873 Καὶ
1397 4822 1472 4890 μὴ
1508 4823 1575 4890 τῇ
1612 4821 1857 4892 εὐτελείᾳ

274 4900 372 4952 τοῦ
416 4904 693 4970 σχήματός
728 4922 829 4973 μου
868 4905 1155 4975 προσέχων
1200 4905 1575 4975 καταπτύσῃς.
1613 4903 1857 4974 Δύναμαι

275 4984 407 5052 γὰρ,
446 4988 539 5037 ἐάν
581 4986 738 5050 θέλω,
781 4990 1025 5058 ἐμαυτὴν
1055 4989 1147 5041 καὶ
1172 4988 1383 5057 ὑψῶσαι
1425 4990 1520 5040 καὶ
1551 4988 1852 5056 ἐκδικῆσαι,

276 5071 375 5119 καὶ
404 5070 503 5121 οὐκ
529 5070 671 5138 ἔχεις
710 5088 775 5139 με
807 5074 862 5123 ἐν
896 5072 1072 5141 τούτῳ
1100 5072 1383 5136 καπνίσαι,
1417 5072 1539 5125 οὐδὲ
1567 5071 1675 5123 τῶν
1711 5072 1857 5141 ἐμῶν

275 5171 330 5206 τι
353 5152 559 5207 λαϐεῖν.
593 5156 753 5207 Ὥστε
784 5153 876 5209 οὖν
902 5158 987 5209 ἵνα
1020 5158 1295 5227 ἀγνοήσας
1330 5161 1404 5226 μὴ
1437 5158 1636 5228 μέλλῃς
1662 5159 1859 5227 ἐγκλήμ-

280 5253 415 5307 μασι
468 5240 854 5309 περιπίπτειν,
910 5240 1154 5311 ἐδήλωσά
1212 5257 1313 5293 σοι.
1374 5243 1466 5293 Δεῖ
1501 5242 1644 5311 γὰρ,
1687 5245 1854 5312 φησὶ,

278 5324 420 5374 κατὰ
454 5324 562 5374 τῶν
602 5324 945 5394 ἀναισθήτων
992 5325 1244 5393 καθάπερ
1279 5327 1402 5378 κυνὶ
1455 5325 1487 5397 ἢ
1538 5327 1719 5395 ἱέρακι
1780 5329 1857 5398 τῷ

276 5403 433 5473 τύφῳ
467 5410 790 5477 κεχρῆσθαι,
822 5410 919 5461 καὶ
957 5409 1014 5461 ἐν
1054 5409 1229 5479 καιρῷ
1271 5409 1650 5477 ὑπερηφανίας
1681 5412 1856 5464 αὐτῶν

278 5489 503 5550 τούτους
552 5493 864 5558 ἐπαφιέναι.
902 5493 1035 5545 Τότε
1074 5493 1309 5553 ἀκούσας
1344 5492 1514 5546 ταῦτα
1542 5495 1570 5545 6
1599 5494 1859 5566 δικαστὴς

281 5575 363 5634 είς
393 5574 745 5643 συναίσθησιν
765 5575 959 5640 ἐλθὼν,
989 5576 1083 5629 καὶ
1103 5576 1502 5646 ἀπελογήσατο,
1532 5579 1629 5630 καὶ
1658 5578 1851 5651 ἐδεήθη

282 5658 475 5725 αὐτῆς,
504 5661 614 5739 καὶ.
637 5659 924 5714 ἐκέλευσεν
952 5660 1123 5737 αὐτὴν
1147 5660 1445 5727 ἀκωλύτως
1472 5663 1858 5734 συντυγχάνειν

278 5743 395 5804 τοῖς
423 5742 601 5811 ἁγίοις
628 5743 903 5815 ἀνδράσιν.

1959 4574 2340 4643 τυγχανόντων
2368 4570 2595 4640 ἄμοιρος
2629 4570 2801 4639 αὐτης
2826 4568 3170 4639 ἀνεχώρησεν
3193 4585 3210 4602 ·
3234 4569 3537 4640 χορηγούν-

1959 4676 2065 4711 των
2096 4657 2255 4724 αὐτῇ,
2283 4655 2390 4709 τῶν
2421 4654 2559 4723 πρὸς
2610 4656 2787 4720 γένος,
2815 4656 2908 4706 καὶ
2934 4653 3098 4705 αὐτοῦ
3130 4653 3223 4705 τοῦ
3253 4654 3391 4706 υἱοῦ,
3441 4654 3538 4705 καὶ

1959 4740 2066 4793 τῶν
2093 4738 2262 4805 αὐτῆς
2292 4737 2601 4805 ἐπιτρόπων
2627 4739 2746 4788 κατ’
2775 4737 2892 4798 ἐτος
2922 4735 2990 4788 τά
3021 4736 3302 4806 χρήματα,
3348 4736 3537 4808 ὥσπερ

1960 4821 2141 4891 λύχνῳ
2170 4819 2379 4889 φαιδρῷ
2417 4820 2783 4889 χορηγοῦντες
2806 4820 2867 4872 τὸ
2901 4820 3076 4873 ἔλαιον
3097 4836 3111 4851 ⁸
3144 4820 3266 4888 ἥτις
3296 4820 3537 4890 λαμπρῷ

1960 4908 2040 4977 τῷ
2098 4905 2235 4973 φωτὶ
2288 4906 2386 4973 τῆς
2420 4904 2793 4975 ἐλεημοσύνης
2842 4904 2940 4973 τὴν
2996 4905 3171 4972 φλόγα
3223 4907 3540 4959 ἀνάπτουσα

1964 4992 2126 5060 ίλαρᾷ
2162 4992 2227 5058 τῇ
2261 4988 2406 5040 δόσει
2449 4988 2658 5049 πάντας
2692 4986 2979 5054 ἐφώτισεν.
3025 4987 3146 5039 Ἐπὶ
3179 4988 3432 5042 τοσοῦτον
3480 4992 3538 5043 δέ

1960 5078 2025 5141 τῆ
2058 5071 2295 5141 ξενιτείᾳ
2317 5072 2796 5142 ἐγκαρτερήσασα,
2819 5072 2940 5124 οὐδὲ
2958 5072 3239 5141 σπιθαμὴν
3265 5074 3539 5144 ἐκτήσατο

1961 5160 2092 5227 γῆς’
2120 5158 2219 5208 οὐκ
2254 5155 2551 5225 ἐξελκύσθη
2586 5154 2679 5208 τοῦ
2714 5154 2880 5207 πόθου
2909 5158 3006 5224 τῆς
3040 5156 3274 5224 ἐρημίας
3302 5158 3406 5210 ὐπὸ
3442 5156 3538 5225 τῆς

1960 5240 2055 5292 τοῦ
2096 5238 2213 5290 υἱοῦ
2251 5238 2547 5307 ἐπιθυμίας
2575 5255 2589 5269 ·
2620 5238 2720 5290 οὐκ
2753 5240 3011 5309 ἐμέρισεν
3052 5239 3223 5305 αὐτὴν
3272 5241 3370 5311 τῆς
3400 5242 3538 5308 πρὸς

1963 5322 2196 5394 Χριστὸν
2224 5323 2447 5392 ἀγάπης
2466 5324 2493 5373 6
2522 5321 2614 5373 τοῦ
2644 5323 2965 5390 μονογενοῦς
2991 5322 3122 5376 Υίοῦ
3151 5324 3319 5393 αὐτῆς
3351 5324 3535 5385 πόθος.

1977 5408 2138 5463 Ἀλλά
2190 5411 2311 5469 ταῖς
2346 5410 2675 5477 προσευχαῖς
2710 5411 2829 5469 ταῖς
2880 5408 3055 5471 ὁσίαις
3106 5409 3310 5479 ταύτης
3360 5413 3458 5465 καὶ
3512 5413 3539 5463 6

1963 5493 2224 5562 νεώτερος
2250 5495 2327 5555 είς
2368 5493 2533 5560 ἀκρον
2556 5492 2801 5552 παιδείας
2828 5493 3049 5562 ήλασεν,
3082 5495 3176 5545 καὶ
3210 5494 3291 5557 είς
3320 5496 3537 5564 τρόπων

1962 5577 2327 5649 χρηστότητα.
2372 5574 2647 5642 Ἐφθασεν
2676 5574 2733 5627 δέ
2768 5578 2861 5628 καὶ
2894 5578 2973 5639 είς
3016 5578 3193 5647 γάμον
3249 5579 3390 5630 κατὰ
3443 5579 3537 5631 τὸν

1962 5665 2168 5733 κόσμον
2216 5659 2405 5713 τοῦτον
2441 5660 2705 5724 ἐπίδοξον,
2760 5661 2855 5713 καὶ
2896 5662 3044 5724 ἐντὸς
3096 5663 3205 5715 τῶν
3256 5662 3539 5731 κοσμικῶν

1966 5746 2291 5817 ἀξιωμάτων
2326 5743 2558 5811 ἐγένετο.
2589 5744 2786 5814 Ἔσχεν
2816 5745 2873 5799 δέ
2911 5746 3005 5799 καὶ
3037 5745 3244 5802 τέκνων
3276 5746 3463 5801 δυάδα.
