4258 6360
770 423 900 480 1991

1348 534 1572 590 CAPUT
1616 532 1777 587 CXX.

1338 627 1407 684 De
1434 627 1613 681 Albino
1637 626 1804 695 (190).

856 719 1273 775 Habebatautem
1290 730 1471 772 secum
1486 729 1691 783 quoque
1708 723 1926 768 matrem
1942 711 2208 773 Albinam,
2223 722 2341 777 qua

782 813 1025 866 similiter
1053 818 1360 875 exercetur,
1405 817 1458 862 et
1491 808 1733 860 similiter
1780 817 1960 858 rursus
1996 802 2217 855 seorsim
2263 800 2343 852 di—

781 904 981 970 spergit
1009 914 1131 954 suas
1161 900 1428 967 pecunias.
1465 897 1711 951 Habitant
1740 897 1913 963 itaque
1961 895 2011 947 in
2040 893 2202 958 agris,
2247 890 2345 944 ali-

780 992 991 1054 quando
1030 990 1240 1059 quidem
1287 988 1499 1051 Siciliaz,
1547 986 1826 1054 aliquando
1868 998 1997 1038 vero
2043 981 2345 1047 Campania

780 1097 899 1136 cum
930 1080 1183 1136 eunuchis
1216 1080 1540 1148 quindecim,
1579 1091 1627 1132 et
1653 1076 1939 1145 virginibus
1975 1083 2031 1129 et
2057 1072 2281 1130 ancillis.

1338 1190 1561 1245 CAPUT
1604 1188 1787 1243 CXXI.

1301 1282 1380 1335 De
1410 1282 1628 1334 Piniano
1658 1277 1827 1348 (I9I).

850 1374 1103 1429 Similiter
1147 1381 1320 1425 autem
1369 1371 1618 1424 Pinianus
1670 1380 1879 1438 quoque
1926 1366 2040 1431 ejus
2078 1364 2341 1430 quondam

780 1467 1030 1530 maritus,
1062 1479 1201 1519 nunc
1230 1474 1402 1517 autem
1454 1462 1505 1514 in
1550 1474 1709 1527 opere
1747 1458 1955 1510 virtutis
1984 1455 2192 1521 adjutor
2219 1466 2345 1505 una-

783 1559 964 1623 nimis,
992 1558 1081 1626 qui
1112 1562 1385 1610 exercetur
1414 1568 1532 1607 cum
1571 1550 1780 1618 triginta
1822 1546 2114 1609 monachis,
2144 1554 2197 1598 et
2225 1542 2347 1610 legit

779 1650 987 1703 divinas
1019 1648 1347 1708 Scripturas,
1381 1644 1637 1711 bortoque
1662 1641 1883 1694 colendo
1921 1648 1999 1690 est
2028 1640 2258 1689 intentus
2296 1644 2347 1688 et

780 1737 1262 1811 congressionibus.
1292 1737 1408 1790 Non
1449 1748 1612 1802 parvo
1636 1740 1809 1784 autem
1843 1743 1938 1783 nos
1983 1729 2182 1781 honore
2221 1727 2348 1779 alie-

785 1838 973 1882 cerunt
994 1842 1113 1881 cum
1135 1826 1357 1880 Romam
1380 1826 1706 1878 venissemus
1730 1829 1941 1889 propter
1959 1818 2165 1871 beatum
2187 1815 2345 1870 Joan-

780 1934 901 1972 nem
934 1919 1236 1985 episcopum
1282 1929 1379 1968 nos
1424 1914 1741 1975 reiicientes,
1773 1920 1824 1963 et
1874 1905 2341 1965 abundantissimis
2375 1900 2420 1958 Β

780 2009 983 2063 viaticis
1011 2005 1350 2072 excipientes,
1377 2012 1708 2057 accersentes
1742 2009 1995 2055 aeternam
2040 1999 2198 2049 vitam
2237 1996 2344 2047 Do-

781 2096 909 2151 mini
940 2094 1105 2151 nostri
1128 2094 1250 2148 Iesu
1273 2093 1488 2158 Christi,
1512 2102 1564 2146 et
1590 2091 1802 2158 optimas
1825 2091 1946 2143 vitae
1977 2084 2341 2140 institutionis.

1320 2199 1544 2254 CAPUT
1593 2197 1801 2253 CXXII.

1227 2290 1304 2343 De
1346 2289 1674 2343 Pammachio
1705 2286 1873 2358 (I92).

850 2382 1045 2436 Horum
1076 2391 1330 2450 cognatus
1353 2380 1451 2433 fuit
1483 2378 1561 2432 vir
1582 2394 1647 2432 ex
1674 2375 2097 2446 proconsulibus,
2132 2375 2347 2429 nomine

779 2470 1180 2535 Pammachius;
1211 2471 1297 2538 qui
1335 2485 1453 2523 cum
1502 2466 1698 2521 mundo
1744 2466 2128 2527 renuntiasset,
2182 2464 2345 2515 vitam

774 2564 883 2629 egit
910 2563 1187 2630 optimam;
1221 2568 1274 2613 et
1319 2574 1441 2612 snas
1487 2572 1615 2624 Opes
1660 2556 1846 2623 partim
1880 2556 2030 2607 vivus
2060 2554 2342 2623 dispersit,

780 2652 971 2721 partim
998 2661 1174 2706 autem
1203 2649 1435 2703 moriens
1463 2648 1673 2715 reliquit
1703 2646 2039 2715 pauperibus.

1301 2757 1527 2812 CAPUT
1573 2755 1803 2811 CXXIII.

1292 2848 1369 2903 De
1409 2848 1638 2901 Macario
1663 2845 1835 2917 (I95).

850 2939 1109 2996 Similiter
1136 2938 1294 2993 etiam
1342 2938 1553 3007 quidam
1604 2936 1817 2990 nomine
1856 2935 2113 2989 Macarius
2156 2948 2217 2989 ex
2270 2935 2349 2988 vi-

772 3030 917 3085 caria
943 3027 1117 3100 (194).

1307 3113 1532 3172 CAPUT
1572 3115 1805 3171 CXXIV.

1254 3206 1331 3260 De
1373 3207 1666 3261 Constantio
1704 3205 1749 3275 (ι
1765 3206 1877 3275 95).

850 3294 1190 3351 Constantius
1233 3311 1442 3366 quoque
1473 3312 1711 3351 assessnr
1750 3296 2121 3367 prmfectorum
2155 3295 2349 3357 Italiae,

785 3387 1014 3454 insignes
1056 3387 1155 3440 viri
1210 3395 1263 3440 et
1316 3387 1690 3453 eruditissimi,
1740 3389 1827 3457 qui
1883 3396 2237 3456 pervenerunt
2287 3387 2351 3439 ad

782 3490 1043 3530 summum
1075 3476 1283 3543 pietatis
1312 3485 1365 3531 et
1395 3477 1699 3547 religionis;
1738 3492 1870 3547 quos
1897 3479 2146 3531 existimo
2181 3478 2353 3531 adhuc

787 3580 921 3619 nunc
942 3580 1150 3634 quoque
1171 3580 1289 3619 esse
1313 3566 1365 3621 in
1392 3581 1570 3631 carne,
1597 3578 1850 3635 optimam
1873 3567 2209 3620 instituenda:
2232 3568 2354 3619 vita:

787 3656 1039 3710 rationem
1066 3666 1350 3711 exercente
1383 3699 1399 3726 ,
1424 3656 1740 3728 beatamque
1768 3658 1926 3714 vitam
1959 3668 2011 3713 et
2038 3659 2165 3713 nulli
2193 3658 2355 3713 exitio

784 3747 1065 3803 obnoxiam
1095 3755 1487 3817 exspectantes.

1337 3861 1557 3918 CAPUT
1603 3864 1809 3919 CXXV.

1194 3952 1267 4004 De
1294 3951 1455 4006 Paula
1484 3954 1633 4022 (I96)
1666 3955 1919 4011 Romana.

860 4040 999 4093 Inter
1022 4054 1158 4109 quos
1183 4043 1274 4095 fuit
1293 4043 1450 4096 etiam
1479 4043 1637 4098 Paula
1669 4044 1901 4099 Romana
1933 4056 2099 4099 mater
2125 4044 2351 4109 Toxotii,

788 4146 920 4185 uxor
945 4133 1031 4196 N.,
1064 4135 1128 4187 ad
1169 4135 1459 4202 Spiritalem
1492 4135 1612 4189 vita:
1643 4137 2023 4193 institutionem
2054 4152 2353 4191 accommo-

789 4224 1081 4277 ilatissima.
1110 4222 1205 4277 Cui
1240 4225 1615 4292 impedimento
1644 4226 1742 4279 fuit
1768 4227 2114 4296 Hieronymus
2142 4227 2352 4293 quidam

788 4314 1026 4367 Dalmata
1060 4315 1117 4377 ¹;
1164 4330 1283 4368 nam
1326 4331 1443 4370 cum
1493 4326 1672 4385 posset
1718 4331 1969 4385 superare
2015 4317 2244 4380 multas,
2288 4333 2355 4371 ne

788 4406 958 4458 dicam
980 4415 1221 4470 cunctas,
1259 4414 1315 4460 ut
1359 4421 1475 4475 qua:
1514 4408 1577 4461 ad
1610 4411 1769 4460 vitam
1812 4422 1879 4461 ex
1930 4411 2121 4461 virtute
2166 4422 2355 4475 geren-

787 4496 904 4547 o‘lam
938 4502 1078 4548 esset
1116 4496 1316 4561 Optimo
1344 4497 1551 4564 ingenio
1592 4497 1829 4563 prmdita,
1859 4511 1973 4551 eam
2021 4512 2112 4551 sua
2161 4497 2352 4551 invidia

791 4583 1028 4652 impedit,
1062 4584 1231 4650 ipsam
1261 4585 1475 4639 trahens
1502 4584 1566 4638 ad
1596 4600 1809 4653 scopum
1842 4587 2129 4655 proprium.

1333 4693 1559 4750 CAPUT
1588 4694 1812 4751 CXXVI.

1371 4808 1448 4860 De
1488 4806 1781 4861 Eustochio.

863 4914 1026 4981 Cujus
1056 4915 1157 4967 lilia
1209 4930 1345 4968 nunc
1394 4931 1603 4985 quoque
1652 4930 1930 4972 exercetur
1961 4919 2010 4971 in
2054 4918 2359 4981 Bethleem,

797 5003 1006 5057 nomine
1037 5004 1401 5072 Eustochium,
1431 5022 1587 5075 quam
1620 5024 1716 5075 ego
1748 5024 1850 5061 non
1881 5012 2123 5062 conveni.
2164 5009 2361 5061 Dicitur

796 5102 969 5146 autem
1001 5108 1118 5147 esse
1148 5097 1460 5153 castissima.
1501 5098 1703 5152 habens
1744 5108 2061 5153 conventum
2102 5099 2357 5168 quinqua-

798 5184 939 5251 ginta
968 5183 1246 5252 virginum.

1305 5271 1528 5329 CAPUT
1577 5274 1827 5329 CXXVII.

1387 5363 1460 5418 De
1491 5366 1734 5420 Venerca.

873 5454 1052 5509 Inveni
1083 5463 1257 5508 autem
1289 5455 1580 5511 Veneream
1607 5458 1889 5511 Ballomeci
1919 5459 2131 5512 comitis
2163 5457 2322 5509 ﬁliam
2346 5497 2361 5519 ,

802 5561 918 5611 quae
940 5561 1070 5599 unus
1098 5546 1287 5599 cameli
1314 5556 1456 5601 recte
1475 5546 1743 5613 dispersit,
1770 5558 1824 5601 et
1852 5547 2069 5602 liberata
2092 5553 2173 5600 est
2194 5560 2223 5597 a
2248 5545 2363 5598 vul—

805 5636 1016 5692 uer-ibus
1043 5650 1160 5703 qua:
1187 5635 1426 5691 oriuntur
1449 5653 1513 5692 ex
1540 5640 1779 5693 materia.

889 5767 906 5803 ι
924 5759 1186 5817 Palladius
1197 5764 1546 5821 calumniatur
1561 5768 1947 5824 sanctissimum
1966 5766 2359 5835 Hieronymum.

2224 404 2535 463 PALLADII

2376 539 2427 597 A

3866 395 4006 453 I23!

2964 518 3185 575 CAPUT
3225 517 3504 573 CXXVIII.

2958 610 3033 663 De
3062 611 3322 663 Theodore
3346 610 3517 678 (I97).

2518 701 2579 754 Et
2612 701 2816 754 beatam
2840 700 3169 753 Theodoram
3198 702 3389 753 tribuni
3422 699 3606 761 ﬁliam,
3632 712 3749 764 qua
3793 695 3861 749 ad
3905 705 4011 749 tan-

2446 798 2553 843 tam
2588 793 2844 858 processit
2883 798 3170 858 egestatem
3203 791 3618 858 possessionum,
3658 798 3713 842 ut
3741 788 3854 857 ipsa
3887 787 4015 842 elee

2447 870 2717 950 mosynam
2749 879 3012 948 accipiens
3036 882 3103 932 sit
3132 889 3358 932 mortua.

2966 970 3189 1025 CAPUT
3238 970 3472 1024 CXXIX.

3006 1060 3085 1113 De
3115 1059 3238 1114 Usia
3261 1058 3428 1129 (I98).

2515 1150 2573 1203 In
2603 1151 2927 1204 monasterio
2958 1150 3195 1219 Hesycha
3229 1159 3439 1218 propter
3469 1164 3634 1213 mare,
3671 1149 3788 1202 novi
3820 1148 3991 1203 mulie

2446 1256 2556 1295 rem
2578 1243 2793 1297 nomine
2814 1241 3015 1305 Usiam,
3036 1244 3187 1308 longe
3212 1242 3266 1295 in
3296 1242 3541 1295 omnibus
3566 1239 4019 1296 honestissimam.

2979 1332 3202 1386 CAPUT
3247 1329 3461 1384 CXXX.

3068 1422 3144 1475 De
3185 1423 3390 1474 Adolia.

2518 1510 2581 1563 Et
2605 1509 2719 1577 ejus
2764 1524 2999 1564 sororem
3044 1510 3307 1573 Aduliam,
3346 1523 3463 1576 qua:
3493 1508 3603 1575 ipsa
3644 1522 3857 1575 quoque
3889 1507 4022 1559 vixit

2447 1604 2498 1654 in
2527 1603 2737 1663 virtute,
2765 1612 2819 1654 et
2847 1618 2951 1654 non
2986 1616 3080 1666 pro
3106 1602 3221 1669 ejus
3248 1600 3459 1669 quidem
3492 1600 3771 1668 dignitate,
3799 1600 3894 1654 sed
3927 1616 4022 1670 pro

2445 1706 2657 1745 suarum
2682 1691 2867 1745 virium
2898 1690 3145 1744 facultate
3164 1691 3294 1743 vixit
3323 1692 3372 1742 in
3400 1692 3516 1744 zelo
3542 1690 3654 1743 Dei.

2990 1780 3215 1835 CAPUT
3270 1779 3464 1836 XXXI.

3029 1872 3104 1925 De
3132 1872 3441 1925 Basianilla.

2516 1962 2647 2017 Novi
2687 1971 2863 2017 autem
2912 1963 3072 2017 etiam
3120 1963 3454 2016 Basianillam
3487 1962 3737 2016 Candiani
3784 1963 4022 2029 magistri

2448 2053 2671 2106 militum
2704 2052 2886 2117 filiam,
2910 2065 3028 2120 qum
3054 2053 3164 2118 ipsa
3198 2052 3283 2118 pio
3306 2061 3361 2105 et
3382 2052 3543 2104 alacri
3571 2050 3748 2103 animo
3772 2052 4021 2104 virtutem

2447 2142 2721 2206 exercuit,
2770 2151 2823 2195 et
2874 2142 2927 2194 in
2976 2140 3292 2196 hodiernum
3336 2155 3503 2207 usque
3544 2140 3689 2196 diem
3729 2141 4024 2196 certamina

2447 2234 2638 2287 acriter
2661 2233 2988 2301 exsequitur.

2962 2320 3190 2378 CAPUT
3238 2320 3494 2375 CXXXII.

3056 2412 3133 2465 De
3161 2411 3408 2465 Plautina.

2520 2503 2586 2557 Et
2626 2501 2899 2557 Photinam
2940 2504 3194 2573 virginem
3242 2516 3451 2556 summe
3499 2499 3810 2566 honestam,
3862 2500 4025 2558 filiam

2448 2594 2737 2651 'I'heoctisti
2764 2596 3054 2665 presbyteri
3080 2595 3129 2646 in
3161 2594 3444 2650 Laodicea.

2954 2681 3177 2739 CAPUT
3226 2679 3511 2737 CXXXIII.

3079 2772 3153 2826 De
3200 2773 3388 2826 Asella.

2527 2864 2641 2918 Vidi
2673 2875 2847 2918 autem
2879 2864 3060 2918 Roma
3092 2879 3303 2931 qunque
3344 2864 3576 2919 Asellam
3610 2865 3889 2918 honestam
3936 2863 4033 2918 Dei

2453 2957 2728 3025 virginem,
2759 2971 2876 3024 qua:
2905 2957 3127 3008 honeste
3152 2957 3429 3009 consenuit
3451 2955 3501 3008 in
3535 2955 3883 3020 monasterio,
3916 2971 4025 3008 mn-

2454 3045 2550 3099 Iier
2573 3045 2727 3113 longe
2757 3045 3054 3109 mitissima,
3086 3054 3141 3098 et
3167 3058 3285 3113 qua:
3316 3045 3580 3098 retinebat
3626 3056 3949 3103 conventus.
3976 3044 4027 3097 in

2453 3134 2640 3199 quibus
2668 3132 2774 3186 vidi
2812 3142 2865 3189 et
2895 3134 3038 3187 viros
3067 3142 3122 3187 et
3160 3133 3411 3187 mulieres
3460 3130 3735 3188 catechesi
3783 3145 4025 3189 recenter

2378 3258 2425 3319 ρ
2456 3227 2741 3283 institutos.

2969 3316 3195 3372 CAPUT
3240 3315 3515 3371 CXXXIV.

3008 3405 3087 3460 De
3117 3407 3261 3459 Avito
3288 3405 3461 3475 (I99).

2524 3496 2641 3550 Vidi
2668 3496 2825 3551 etiam
2853 3495 3064 3552 beatam
3110 3498 3320 3550 Avitam
3366 3496 3474 3550 Deo
3501 3495 3715 3565 dignam
3762 3509 3885 3550 cum
3918 3495 4032 3566 ejus

2452 3586 2647 3638 marito
2670 3584 2999 3651 Aproniano,
3078 3597 3134 3644 et
3203 3600 3397 3641 eorum
3470 3588 3577 3642 ﬁlia
3662 3586 3949 3652 Eunomia,
3984 3590 4032 3641 in

2455 3675 2707 3729 omnibus
2730 3675 2838 3729 Deo
2869 3676 3003 3729 bene
3029 3673 3317 3741 placentes,
3344 3684 3397 3728 ut
3417 3685 3598 3743 aperte
3620 3675 3774 3733 facile
3803 3678 4031 3732 traduci

2454 3763 2651 3817 fuerint
2678 3778 2707 3815 a
2739 3762 2995 3816 dissoluta
3022 3772 3075 3817 et
3099 3764 3395 3829 voluptaria
3432 3766 3537 3817 vita
3568 3766 3634 3819 ad
3667 3768 3949 3821 honestam
3975 3779 4031 3821 et

2453 3853 2812 3906 continentem
2842 3851 2964 3902 vitae
3004 3850 3386 3905 institutionem
3409 3893 3424 3915 ,
3456 3853 3506 3906 in
3537 3852 3621 3906 his
3648 3868 3864 3923 quoque
3891 3857 4033 3924 digni

2454 3940 2618 3994 habiti
2646 3950 2704 3993 ut
2730 3941 2784 3993 in
2813 3938 3027 3992 Christo
3051 3940 3366 4007 dormirent,
3392 3942 3461 3995 ab
3490 3944 3632 3996 omni
3663 3944 3881 4012 quidem
3908 3961 4030 4013 pec-

2454 4043 2572 4087 cato
2596 4033 2765 4096 liberi,
2789 4031 3019 4099 perlecte
3044 4034 3094 4084 in
3115 4031 3337 4086 honesto
3357 4034 3649 4089 certamine
3666 4037 4027 4100 decertantes,

2456 4122 2511 4176 in
2540 4122 2679 4176 bona
2709 4119 2961 4175 memoria
2990 4121 3147 4172 vitam
3172 4136 3322 4175 suam
3353 4122 3734 4192 relinquentes.

2983 4220 3209 4275 CAPUT
3248 4221 3504 4275 CXXXV.

2978 4309 3054 4363 De
3084 4309 3278 4378 Magna
3320 4312 3490 4381 (200).

2528 4399 2585 4454 In
2615 4399 2826 4455 civitate
2854 4400 3065 4470 Ancyra
3095 4411 3220 4455 sunt
3259 4403 3436 4456 multa:
3465 4404 3677 4472 quidem
3725 4406 3844 4459 alite
3874 4408 4031 4477 virgi-

2458 4503 2573 4553 nes,
2605 4504 2795 4557 nempe
2822 4490 2887 4542 ad
2933 4489 3115 4543 decem
3146 4492 3326 4555 millia,
3371 4492 3478 4546 duo
3522 4504 3698 4548 autem
3733 4496 3815 4550 vel
3860 4499 4029 4565 plura,

2387 4608 2439 4664 D
2462 4594 2579 4647 qua:
2608 4588 2943 4643 exercentur,
2972 4588 3026 4633 et
3056 4580 3108 4633 in
3135 4581 3279 4634 omni
3310 4582 3522 4635 virtutis
3563 4586 3889 4641 institutione
3936 4589 4032 4641 mi-

2464 4672 2618 4723 litant
2647 4686 2661 4734 ;
2695 4686 2985 4737 omnesque
3017 4674 3373 4738 temperantiae
3404 4674 3605 4740 legibus
3634 4676 3791 4731 clara
3822 4690 3875 4732 et
3908 4681 4033 4733 insi-

2463 4777 2589 4830 gnes
2621 4760 2849 4821 feminas.
2878 4770 2931 4815 et
2959 4762 3193 4816 divinum
3224 4774 3493 4827 certamen
3523 4768 3693 4820 studio
3725 4783 4028 4837 exsequen-

2464 4860 2563 4901 tes.
2599 4849 2735 4900 Inter
2758 4863 2887 4916 quas
2918 4849 3267 4916 principatum
3312 4851 3516 4905 obtinet
3540 4852 3593 4906 in
3621 4855 3816 4921 pietate
3845 4856 4029 4924 Magna

2466 4937 2833 4990 honestissima
2890 4936 3082 4990 femina
3132 4946 3182 4990 et
3236 4939 3591 5005 probissima;
3640 4958 3794 5009 quam
3854 4946 4033 4996 nescio

2464 5028 2587 5096 qttid
2614 5027 2709 5079 sim
2746 5027 3132 5093 nominaturus,
3155 5028 3481 5096 virginemne
3502 5045 3567 5083 an
3598 5033 3827 5086 viduam.
3854 5036 3897 5087 A
3928 5050 4033 5087 Ina-

2464 5126 2544 5169 tre
2602 5117 2741 5167 enim
2798 5118 2846 5167 vi
2906 5116 3021 5169 viro
3072 5116 3389 5185 conjuncta,
3447 5133 3570 5171 eum
3636 5131 3809 5175 tamen
3873 5129 4033 5177 vanis

2466 5207 2711 5258 inescans
2736 5204 3096 5268 dilationibus,
3119 5216 3173 5258 et
3196 5207 3435 5273 corporis
3467 5208 3679 5261 morbos
3702 5222 4030 5276 praetexens,

2465 5307 2492 5344 a
2526 5294 2878 5360 corruptionis
2908 5294 3034 5347 vitio
3064 5292 3265 5362 integra
3303 5304 3355 5349 et
3383 5296 3578 5350 intacta
3620 5302 3906 5364 permansit
3930 5340 3945 5364 ,
3979 5311 4036 5355 ut

2468 5385 2648 5439 dicunt
2670 5388 2786 5455 ejus
2808 5384 3109 5439 necessarii.
3134 5386 3368 5454 Cumque
3393 5388 3551 5455 paulo
3573 5397 3691 5455 post
3718 5389 4033 5445 decessisset

2466 5473 2582 5541 ejus
2611 5474 2848 5536 maritus,
2891 5476 3123 5527 omnium
3163 5474 3319 5528 simul
3350 5476 3483 5529 facta
3515 5488 3597 5531 est
3625 5478 3795 5533 haeres
3839 5484 3990 5535 unica
4018 5524 4033 5546 ,

2466 5573 2520 5617 et
2550 5563 2923 5631 temporalibus
2960 5562 3209 5629 deinceps
3236 5575 3571 5620 cominutans
3617 5577 3840 5633 a2terna,
3870 5578 4033 5624 tutam

2468 5652 2699 5723 seipsam
2730 5653 2837 5709 Deo
2864 5650 3074 5717 obtulit,
3105 5667 3310 5708 summe
3336 5667 3519 5711 curam
3546 5669 3735 5726 gerens
3763 5657 3889 5715 vita:
3918 5675 4035 5730 qus
