4258 6360
778 366 915 434 1235

2232 368 2586 431 PALLADII

3908 377 4035 439 1236

774 492 853 558 τῷ
889 492 989 557 τῆς
1037 487 1422 559 ἀκτημοσύνης
1482 490 1616 560 πυρὶ
1674 490 2091 558 κατηνάλωσενο
2147 489 2247 552 τὰς
2297 490 2352 542 δὲ
2382 474 2488 553 Δῇ
2526 482 2899 551 συντετύχηκα
2940 487 3007 555 τῇ
3037 484 3200 557 δούλῃ
3229 486 3321 539 τοῦ
3360 485 3495 540 Θεοῦ
3524 486 3747 556 ὀνόματι
3794 488 4033 558 Ἀματα-

775 573 1217 643 περισσευσάσας
1248 573 1435 642 χρείας
1461 573 1757 637 κατέταξεν
1784 577 1862 636 εἰς
1885 573 2157 626 διακονίαν
2190 591 2351 641 μονα-

777 656 1043 726 στηρίοις,
1063 658 1317 723 πτωχοῖς,
1341 656 1705 725 ξενοδοχείοις,
1728 658 1823 710 καὶ
1859 658 2228 725 Ἐκκλησίαις,
2255 658 2353 708 πέ-

776 756 920 807 νησι,
964 737 1314 800 διοδεύουσιν,
1369 740 1727 801 ἐπισκόποις.
1781 742 2060 809 ὀρφανοῖς,
2115 741 2347 811 χήραις·

776 824 869 875 καὶ
894 825 1026 873 πᾶσι
1055 824 1165 883 τοῖς
1212 820 1505 891 χρῄζουσιν
1540 824 1859 892 ἐπικουρίας
1894 823 2206 893 χορηγοῦσα
2250 824 2350 875 οὑκ

775 904 1010 957 ἐπαύετο
1043 904 1244 973 ἰλαρῶς
1293 906 1638 974 ἐργαζομένη
1674 908 1769 975 τὴν
1801 907 2082 958 εὐσέϐειαν
2110 907 2246 957 κατὰ
2290 906 2350 958 τὸ

774 986 1018 1054 λεληθὸς,
1054 989 1147 1039 καὶ
1171 987 1240 1037 δι’
1275 988 1472 1055 ἑαυτῆς
1502 990 1594 1039 καὶ¹
1614 988 1701 1041 διὰ
1727 988 1953 1040 οἰκετῶν
1977 990 2313 1041 πιστοτάτων
2332 1004 2347 1020 ο

778 1072 853 1143 μὴ
878 1072 1369 1141 ἀπολιμπανομένη
1397 1072 1494 1140 τῆς
1519 1070 1847 1140 Ἐκκλησίας
1876 1072 2113 1141 μάλιστα
2143 1074 2200 1125 ἐν
2229 1074 2350 1135 ταῖς

774 1156 923 1221 νυξὶν
948 1172 961 1184 ·
995 1158 1053 1206 ἐν
1082 1156 1247 1206 πᾶσιν
1271 1152 1674 1225 ἐξεργαζομένη
1701 1158 1799 1225 τῆς
1819 1156 2106 1225 ἀσκήσεως
2125 1156 2347 1226 ἀρετὴν,

774 1239 863 1291 ἐπ’
894 1237 1069 1291 ἐλπίδι
1089 1238 1187 1307 τῆς
1220 1238 1440 1291 αἰωνίου
1476 1238 1639 1304 ζωῆς.

1323 1322 1571 1374 ΚΕΦΑΛ.
1617 1322 1804 1387 PAC'.

774 1407 913 1475 Περί
952 1406 1251 1474 παρθένου
1284 1404 1392 1472 τῆς
1422 1406 1876 1474 ὑποδεξαμένης
1908 1407 2013 1461 τὸν
2055 1406 2349 1476 μακάριον

1384 1475 1745 1529 Ἄθανάσιον.

844 1559 1122 1629 Παρθένον
1150 1553 1266 1609 οἶδα
1297 1557 1391 1627 τὴν
1422 1562 1479 1609 ἐν
1522 1558 1920 1627 Ἀλεξανδρεία,
1953 1558 2020 1627 ἥν
2045 1558 2346 1627 κατείληφα

772 1642 849 1705 ὡς
883 1642 1018 1694 ἐτῶν
1042 1641 1412 1709 ἐϐδομήκοντα
1432 1657 1445 1671 ο
1474 1641 1643 1709 ταύτῃ
1673 1643 1700 1691 6
1738 1641 1936 1709 κλῆρος
1983 1642 2127 1703 ἄπας
2176 1658 2346 1708 προσ-

772 1723 1073 1792 εμαρτύρει
1094 1761 1107 1785 ,
1141 1723 1221 1775 δτι
1247 1723 1339 1774 νέα
1385 1722 1516 1775 οὖσα
1556 1725 1619 1791 τῇ
1652 1722 1861 1791 ἡλικία,
1895 1722 1970 1781 ὡς
2004 1723 2140 1775 ἐτῶν
2173 1722 2346 1774 εἰκοσι

775 1807 977 1875 σφόδρα
1000 1806 1303 1873 ὡραιοτάτη
1336 1806 1673 1874 ὑπάρχουσα,
1705 1804 1910 1873 φευκτὴ
1932 1801 1997 1873 ἦν
2024 1807 2137 1867 τοῖς
2167 1804 2348 1889 ἐναρέο
2381 1836 2419 1889 Β

771 1908 904 1956 τοις,
938 1888 1025 1941 διὰ
1051 1888 1109 1940 τὸ
1139 1888 1362 1951 κάλλος,
1392 1888 1479 1938 ἵνα
1519 1888 1592 1956 μή
1635 1904 1753 1938 τινα
1800 1887 1987 1955 μῶμον
2017 1886 2091 1955 δῷ
2127 1888 2184 1950 ἐξ
2215 1888 2345 1939 ὑπο-

772 1972 937 2033 νοίας.
972 1971 1093 2023 Ὀτι
1137 1967 1229 2023 οὑν
1264 1969 1457 2039 συνέϐη
1489 1971 1614 2031 τοὺς
1661 1971 1968 2037 Ἀρειανοὺς
2003 1971 2343 2022 συσκευάσα-

773 2053 895 2108 σθαι
919 2054 1010 2106 τὸν
1036 2053 1305 2123 μακάριον
1336 2051 1673 2114 Ἀθανάσιον,
1708 2052 1799 2104 τὸν
1837 2052 2136 2105 ἐπίσκοπον
2169 2052 2345 2115 Ἀλεξ-

772 2138 1040 2207 ανδρείας,
1074 2136 1141 2188 δι’
1180 2133 1439 2186 Εὑσεϐίου
1462 2134 1554 2187 τοῦ
1599 2136 1738 2188 κατὰ
1766 2136 1855 2188 τὸν
1889 2135 2079 2204 καιρὸν
2108 2152 2345 2205 πραιπο-

773 2222 919 2273 σίτου
945 2222 1035 2272 ἐπὶ
1060 2220 1440 2273 Κωνσταντίου
1474 2217 1567 2272 τοῦ
1595 2218 1879 2288 βασιλέως,
1900 2218 2133 2287 ἀθέμιτα
2154 2219 2344 2270 τούτου

771 2303 1203 2372 κατηγοροῦντες
1260 2302 1678 2370 ἐσυκοφάντουν.
1719 2301 1939 2368 Φεύγων
1969 2301 2061 2353 οὑν
2099 2304 2127 2353 6
2164 2302 2344 2371 μακά-

773 2404 887 2458 ριος
916 2387 979 2437 τὸ
1007 2386 1156 2455 παρά
1193 2386 1589 2454 διεφθαρμένου
1622 2384 1906 2454 κριτηρίου
1938 2384 2214 2453 κριθῆναι,
2246 2385 2346 2436 οὑκ

770 2471 1073 2541 ἐθάρρησεν
1102 2469 1299 2529 οὐδενὶ,
1317 2470 1378 2520 οὐ
1405 2470 1679 2535 συγγενεῖ,
1704 2469 1763 2519 ού
1796 2466 1954 2536 φίλῳ,
1984 2467 2044 2518 ού
2073 2466 2343 2537 κληρικῷ,

770 2556 870 2623 οὑκ
909 2554 1053 2622 ἄλλῳ
1094 2553 1202 2605 τινὶ
1247 2552 1353 2605 τῶν
1400 2553 1681 2621 συνήθων⁶
1711 2551 1826 2603 ἀλλ’
1867 2550 2212 2603 εἰσελθόντων
2238 2551 2345 2602 τῶν

771 2635 1087 2705 ἐπαρχικῶν
1120 2634 1379 2701 αἰφνίδιον
1408 2636 1485 2695 εἰς
1511 2634 1570 2685 τὺ
1592 2635 1959 2696 ἐπισκοπεῖον,
1992 2634 2085 2685 καὶ
2116 2634 2344 2701 ζητούν-

771 2736 879 2771 των
922 2718 1102 2780 αὑτδν,
1141 2716 1320 2769 λαϐὼν
1367 2716 1558 2768 ἐαυτοῦ
1589 2716 1649 2768 τὸ
1681 2716 1975 2785 στιχάριον,
2018 2715 2114 2768 καὶ
2143 2716 2202 2768 τὸ
2230 2716 2345 2786 βιρο

774 2803 908 2869 ῥίον,
957 2801 1013 2851 ἐν
1069 2799 1339 2868 μεσοτάτῃ
1388 2798 1561 2862 νυκτὶ,
1604 2798 1739 2867 πρὸς
1780 2798 1987 2865 ταύτην
2039 2801 2346 2864 κατέφυγεν

771 2885 869 2949 τὴν
917 2884 1203 2947 παρθένον.
1267 2882 1327 2932 'H
1371 2880 1426 2931 δέ
1472 2879 1774 2942 ξενισθεῖσα
1816 2881 1909 2931 ἐπὶ
1950 2880 2025 2948 τῷ
2060 2882 2345 2948 πράγματι

770 2965 1087 3033 διεπτοήθη.
1123 2964 1284 3030 Λέγει
1315 2962 1406 3015 οὖν
1431 2964 1565 3032 αὐτῇ
1597 2966 1624 3016 6
1652 2962 1966 3024 ἐπίσκοπος,
2000 2963 2079 3013 ὅτι
2129 2962 2343 3032 Ἐπειδὴ

772 3046 1041 3116 ζητοῦμαι
1068 3046 1217 3115 παρὰ
1249 3046 1355 3097 τῶν
1399 3045 1693 3113 Ἀρειανῶν
1716 3043 1946 3111 ἀθέμιτα
1974 3045 2344 3112 συκοφαντού-

774 3148 933 3200 μενος
975 3130 1103 3199 παρ’
1154 3130 1357 3181 αὑτῶν·
1396 3129 1481 3179 ἵνα
1520 3130 1593 3196 μὴ
1621 3124 1714 3180 οὑν
1742 3127 2120 3219 κάγὼ-ἄλογον
2148 3128 2342 3181 ἀπενέ-
2370 3161 2413 3219 c

770 3234 990 3283 γκωμαι
1021 3215 1199 3278 δόξαν,
1230 3215 1322 3268 καὶ
1346 3216 1423 3274 εἰς
1450 3213 1724 3281 ἁμαρτίαν
1751 3212 1973 3279 ἐμϐάλω
1999 3214 2125 3274 τοὺς
2171 3230 2342 3281 τιμω-

774 3298 1039 3370 ρήσασθαί
1071 3315 1136 3365 με
1174 3297 1768 3365 βουλομένους,τούτου
1806 3298 1964 3365 χάριν
2003 3296 2345 3365 ἐνεθυμήθην

772 3386 983 3449 φυγεῖν.
1028 3380 1399 3448 Ἀπεκάλυψεν
1425 3379 1515 3431 οὑν
1546 3397 1633 3447 μοι
1664 3381 1690 3431 6
1713 3381 1842 3441 Θεὸς
1866 3380 2036 3449 ταύτῃ
2058 3383 2123 3449 τῇ
2156 3379 2341 3441 νυκτὶ,

771 3466 853 3517 ὅτι
898 3466 1033 3533 Παρ*
1078 3463 1253 3515 οὑδενὶ
1290 3464 1459 3529 ἑτέρῳ
1494 3462 1715 3513 δύνασαι
1752 3461 2007 3531 σωθῆναι,
2038 3466 2085 3513 εἰ
2117 3462 2191 3531 μὴ
2216 3462 2346 3528 παρ’

773 3548 977 3618 ἐκείνῃ.
1013 3545 1143 3597 Ἀπὸ
1166 3544 1365 3612 πολλῆς
1394 3544 1486 3596 οὖν
1512 3546 1683 3612 χαρᾶς
1714 3546 1893 3612 ἐκείνη
1936 3544 2142 3613 ῥίψασα
2170 3546 2346 3597 πάντα

772 3630 1050 3699 λογισμὸν,
1084 3628 1179 3698 ὅλη
1213 3630 1503 3696 γεγένηται
1526 3628 1618 3679 τοῦ
1652 3630 1884 3697 Κυρίουο
1924 3631 2016 3681 καὶ
2051 3629 2346 3700 προθύμως

774 3715 1118 3783 κατέκρυψεν
1156 3714 1243 3764 τὸν
1288 3710 1591 3777 ἁγιώτατον
1641 3714 1939 3765 ἐπίσκοπον
1986 3714 2075 3765 ἐπὶ
2118 3713 2211 3780 ἐτη
2255 3712 2342 3776 ἒξ,

777 3798 939 3869 μέχρι
959 3799 1053 3866 τῆς
1081 3797 1221 3865 ζωῆς
1247 3794 1625 3848 Κωνσταντίου
1650 3795 1743 3847 τοῦ
1767 3796 2028 3864 βασιλέως
2051 3813 2064 3825 °
2090 3796 2226 3865 αῦτη
2253 3797 2346 3849 καὶ

774 3881 1167 3950 περινίπτουσα
1196 3879 1318 3939 τοὺς
1342 3878 1510 3939 πόδας
1532 3877 1715 3939 αὑτοῦ,
1740 3880 1833 3929 καὶ
1864 3880 1929 3931 τά
1957 3879 2346 3948 περιττώματα

774 3960 1114 4020 διακονοῦσα,
1138 3961 1229 4013 καὶ
1254 3960 1351 4022 τὰς
1378 3961 1541 4021 ἄλλας
1566 3959 1714 4029 αὑτῷ
1742 3961 1926 4029 χρείας
1946 3961 2123 4021 πάσας
2144 3963 2347 4013 οἰκονο-

778 4036 971 4119 μοῦσα,
1002 4045 1094 4096 καὶ
1130 4043 1310 4112 βιϐλία
1338 4043 1653 4113 κιχρωμένη
1696 4044 1788 4094 καὶ
1820 4045 2133 4113 παρέχουσα
2159 4045 2306 4113 αὐτῷ
2329 4062 2340 4073 ·

775 4130 868 4181 καὶ
907 4127 1081 4189 οὐδεὶς
1118 4126 1417 4196 ἀνθρώπων
1459 4126 1585 4193 ὅλης
1625 4124 2030 4193 Ἀλεξανδρείας
2060 4126 2203 4194 ἔγνω
2242 4126 2343 4178 ποῦ

772 4212 947 4278 διάγει
976 4213 1001 4262 6
1050 4209 1317 4279 μακάριος
1367 4208 1681 4269 Ἀθανάσιος
1718 4210 1745 4259 6
1780 4210 2096 4268 ἐπίσκοπος.
2141 4209 2229 4272 Ὦς
2254 4204 2346 4261 οὖν

770 4292 1012 4363 ήγγέλθη
1059 4295 1085 4345 6
1124 4292 1350 4352 θάνατος
1383 4291 1758 4342 Κωνσταντίου
1792 4290 1883 4343 τοῦ
1923 4291 2207 4360 βασιλέως,
2252 4292 2347 4343 καὶ

771 4372 933 4444 ἦλθεν
962 4374 1125 4426 αὑτοῦ
1156 4375 1236 4435 εἰς
1260 4372 1358 4435 τὰς
1384 4374 1574 4437 ἀκοὰς,
1614 4374 1827 4440 σεμνῶς
1856 4374 1947 4425 καὶ
1982 4374 2225 4441 κοσμίως
2256 4376 2345 4425 ἐνο

772 4458 1073 4551 δυσάμᾳενος
1091 4455 1333 4551 πάλιν-ὲν
1362 4458 1428 4551 τῇ
1462 4455 1852 4551 νυκτῇηὑρέθη
1875 4457 2023 4551 ἐντῇ
2042 4455 2339 4551 ἐκκλησία.
2370 4485 2423 4543 D

773 4542 885 4594 Kal
924 4540 1119 4602 ἰδόντες
1161 4539 1322 4591 αὑτὸν
1353 4540 1552 4601 πάντες
1588 4540 1883 4608 ἐξέστησαν
1926 4540 2002 4602 ὼς
2038 4541 2101 4591 ἐκ
2133 4539 2345 4609 νεκρῶν

774 4614 951 4686 ζῶντα
990 4623 1178 4675 τοῦτον
1215 4623 1596 4692 ἀπειληφότες,
1643 4623 1758 4691 άμα
1792 4624 1881 4675 καὶ
1906 4623 2258 4689 ἐγκαλοῦντες
2296 4624 2343 4675 οἰ

775 4706 919 4772 φίλοι
968 4707 1066 4775 τὴν
1114 4705 1401 4775 ἀνεύρετον
1443 4706 1633 4759 τούτου
1678 4707 1967 4759 κατάδυσιν
2005 4709 2075 4775 τῇ
2123 4706 2347 4759 ἐκείνων

773 4790 986 4858 ἀγνοίᾳ.
1020 4790 1365 4856 Ἀπελογεῖτο
1386 4787 1479 4842 οὖν
1502 4792 1529 4841 6
1551 4791 1819 4859 μακάριος
1838 4793 1949 4852 τοῖς
1972 4791 2216 4857 γνησίοις
2241 4791 2343 4842 αὑ-

774 4872 866 4924 τοῦ
888 4872 1056 4940 φίλοις
1086 4873 1180 4924 καὶ
1209 4873 1512 4941 συνήθεσιν,
1538 4874 1618 4925 ὅτι
1636 4874 1837 4926 Τούτου
1865 4874 2022 4941 χάριν
2046 4874 2178 4944 πρὸς
2204 4874 2347 4943 ὑμᾶς

776 4954 834 5007 οὑ
869 4955 1193 5022 κατέφυγον,
1238 4954 1323 5005 ἵνα
1356 4953 1582 5023 εὔορκον
1630 4956 1757 5023 ὑμῖν
1796 4956 2045 5023 ὑπάρχῃ,
2078 4955 2252 5017 άλλως
2290 4954 2347 5006 δέ

778 5038 869 5089 καὶ
884 5037 1080 5106 διὰτὴν
1099 5037 1342 5107 ἔρευναν.
1368 5039 1689 5105 Κατέφυγον
1708 5038 1765 5090 δέ
1792 5038 1926 5106 πρὸς
1948 5038 2182 5107 ἐκείνην,
2210 5038 2347 5106 πρὸς

776 5122 843 5189 ἢν
880 5120 1114 5189 ὑποψίαν
1154 5121 1328 5185 οὐδεὶς
1371 5122 1593 5174 ἐδύνατο
1630 5121 1793 5190 ἔχειν,
1835 5122 1909 5183 ὡς
1954 5121 2091 5189 πρὸς
2142 5122 2347 5189 ὡραίαν

778 5205 870 5257 καὶ
898 5202 1193 5272 νεωτέραν·
1228 5204 1319 5257 δύο
1348 5206 1824 5275 μνηστευσάμενος
1850 5205 1917 5257 τά
1946 5206 2101 5265 καλά,
2129 5207 2221 5258 καὶ
2250 5206 2347 5274 τὴν

780 5284 1049 5353 σωτηρίαν
1076 5285 1307 5351 ἐκείνης.
1344 5288 1614 5357 Ὠφέλησα
1634 5288 1741 5358 γάρ
1764 5288 1953 5357 αὐτὴν,
1978 5288 2071 5339 καὶ
2092 5288 2189 5356 τὴν
2211 5287 2349 5357 ἐμὴν

778 5366 933 5433 δόξαν
963 5368 1055 5421 καὶ
1088 5369 1405 5438 ἀσφάλειαν.

1329 5458 1579 5511 ΚΕΦΑΛ.
1624 5458 1786 5511 ΡΛΖ’.

1266 5553 1407 5620 Περὶ
1451 5554 1861 5621 Ἀματαλίδος.

865 5654 952 5705 Ἐν
974 5654 1143 5725 ταύτῃ
1171 5656 1238 5725 τῇ
1266 5655 1417 5706 πόλει
1454 5654 1721 5707 Ἀντινόου
1751 5654 2083 5723 μοναστήριά
2115 5655 2227 5706 ἐστι
2254 5671 2349 5721 γυ-

784 5736 987 5792 ναικῶν
1011 5737 1219 5793 δώδεκα
1260 5736 1638 5808 κατορθουσῶν
1664 5736 1938 5793 πολιτείαν
1974 5738 2218 5809 ἀρίστην.
2263 5740 2349 5792 Ἑν

2454 566 2577 629 λίδι,
2602 568 2783 635 γραῖδι
2814 569 3141 637 ὁγδοήκοντα
3170 570 3264 640 ἐτη
3290 570 3489 641 ἐχούσῃ
3510 575 3567 625 ἐν
3584 575 3649 642 τῇ
3674 574 3932 639 ἀσκήσει,
3965 574 4036 633 ὡς

2453 650 2544 702 καί⁷
2570 651 2706 719 αὑτὴ
2735 653 2827 704 καὶ
2856 654 2909 704 al
2943 654 3257 720 γειτνιῶσαι
3304 656 3439 724 αὑτῇ
3488 656 3791 723 διηγοῦντο,
3910 673 4034 707 συν-

2450 733 2628 804 ῴκουν
2658 736 2923 804 ἐξήκοντα
2952 737 3191 800 νεάνιδες
3225 739 3483 809 παρθένοι
3505 739 3598 791 τὸν
3626 740 3725 809 τῆς
3748 740 4037 809 ἀσκήσεως

2451 820 2709 887 καθαρῶς
2746 820 3070 885 ἐξανύουσαι
3106 822 3307 892 δρόμον
3343 827 3409 893 τῇ
3442 823 3647 893 ταύτης
3678 823 3777 892 τῆς
3799 824 4035 889 καλογή-

2452 918 2547 972 ρου
2579 902 2917 973 διδασκαλίᾳ.
2969 904 3183 967 Αἴτινες
3207 905 3459 959 τοσοῦτον
3486 907 3657 976 αὑτήν
3678 908 3910 975 ἠγάπων
3935 908 4043 957 πᾶα

2452 1003 2569 1048 σαι,
2602 987 2677 1048 ὠς
2713 988 2846 1055 μηδέ
2880 987 3063 1040 κλεῖδα
3111 991 3406 1054 ἐφεστάναι
3456 993 3513 1043 ἐν
3556 991 3636 1058 τῷ
3681 990 4041 1059 μοναστηρίιει

2449 1070 2644 1139 ἐκείνῳ
2667 1071 2741 1130 ὼς
2770 1073 2827 1123 ἐν
2854 1073 2966 1133 τοῖς
2992 1071 3193 1134 άλλοιςυ
3216 1072 3353 1125 ἀλλά
3381 1074 3703 1144 κρατεῖσθαι
3721 1074 3904 1135 πάσας
3932 1074 4041 1125 ὑπὸ

2448 1153 2545 1222 τῆς
2590 1155 2831 1227 ἀμέτρου
2872 1156 3078 1225 ταύτης
3114 1157 3333 1225 ἀγάπης
3360 1198 3375 1219 ,
3407 1158 3501 1210 καὶ
3532 1159 3632 1226 τῆς
3671 1157 3855 1210 ἐνθέου
3885 1157 4038 1209 διδα-

2451 1237 2711 1301 σκαλίας,
2758 1231 2838 1300 εἰς
2889 1239 3201 1307 ἀφθαρσίαν
3250 1240 3886 1309 μετασχηματιζόμεναι.
3943 1240 4039 1301 Εἰς

2449 1320 2702 1372 τοσοῦτον
2724 1321 2779 1373 δέ
2804 1321 3001 1389 ήλασεν
3031 1322 3296 1385 ἀπαθείας
3338 1325 3369 1393 ή
3408 1323 3604 1393 γραῦς,
3635 1324 3711 1385 ὡς
3738 1323 4038 1375 εἰσελθόντι

2453 1420 2541 1471 μοι
2583 1404 2678 1455 καὶ
2708 1404 3027 1456 καθεσθέντι
3061 1404 3290 1458 ἐλθοῦσα
3324 1408 3763 1474 συγκαθεσθῆναί
3799 1425 3915 1475 μοι,
3942 1408 4038 1459 καὶ

2447 1487 2546 1549 τὰς
2568 1490 2754 1557 χεῖρας
2778 1486 2950 1555 αὑτῆς
2975 1488 3245 1541 ἐπιθεῖναι
3270 1491 3381 1551 τοῖς
3407 1488 3579 1558 ῶμοις
3604 1506 3729 1560 μου,
3755 1489 4035 1560 ὑπερϐολῇ

2449 1570 2762 1640 παρρησίας
2787 1571 2883 1638 τῆς
2907 1571 2987 1633 εἰς
3008 1571 3262 1639 Χριστόν.

2976 1686 3226 1740 ΚΕΦΑΛ.
3270 1689 3411 1740 ΡΛΗ
3432 1725 3450 1742 .

2889 1812 3026 1878 Περί
3066 1811 3223 1879 Ταὼρ
3252 1812 3577 1878 παρθένου.

2532 1944 2621 1997 Ἐν
2669 1945 2843 2012 τούτῳ
2888 1945 2965 2014 τῷ
3023 1945 3375 2016 μοναστηρίῳ
3425 1946 3697 2015 παρθένος
3750 1948 4031 2019 μαθήτρια

2446 2027 2674 2098 ταύτης,
2704 2028 2866 2096 Ταὼρ
2898 2028 3141 2096 ὀνόματι,
3181 2028 3381 2097 ἔχουσα
3410 2030 3708 2098 τριάκοντα
3739 2029 3832 2099 ἔτη
3861 2034 3921 2084 ἐν
3953 2031 4030 2102 τῷ

2452 2114 2818 2181 μοναστηρίῳ.
2863 2111 3098 2190 Ἰμάτιον
3128 2112 3335 2176 καινὸν,
3375 2111 3409 2182 ἢ
3457 2114 3788 2183 ὠμοφόριον,
3823 2114 3855 2182 ἢ
3898 2114 4029 2165 ὑπόο

2447 2194 2595 2262 δημα
2656 2196 2911 2247 οὐδέποτε
2950 2194 3135 2246 λαϐεῖν
3185 2194 3469 2262 ἠθέλησεν,
3513 2197 3768 2263 λέγουσα,
3815 2197 3900 2247 ὅτι
3954 2196 4027 2247 (ιὺ

2446 2278 2633 2347 χρείαν
2682 2277 2808 2345 ἔχω,
2868 2278 2956 2330 Eva
2984 2277 3059 2348 μὴ
3092 2278 3186 2329 καὶ
3232 2278 3517 2346 προελθεῖν
3555 2279 3909 2347 ἀναγκασθῶ.
3960 2280 4025 2333 Αί

2451 2362 2548 2431 μὲν
2567 2363 2674 2431 γὰρ
2701 2362 2855 2415 ἀλλαι
2884 2364 3057 2415 πᾶσαι
3093 2361 3234 2414 κατά
3260 2361 3552 2431 Κυριακὴν
3584 2363 3948 2432 προέρχονται
3971 2364 4028 2414 ἐν

2446 2446 2509 2513 τῇ
2537 2443 2799 2514 ἐκκλησίᾳ
2829 2446 2987 2514 χάριν
3017 2444 3117 2513 τῆς
3140 2445 3426 2506 κοινωνίας
3444 2458 3459 2474 °
3490 2446 3675 2514 ἐκείνη
3703 2445 3759 2497 δέ
3790 2446 4021 2515 ρακοδυσ

2446 2527 2614 2581 τοῦσα
2662 2528 3021 2590 ἀδιαλείπτως
3061 2532 3118 2580 ἐν
3147 2530 3215 2597 τῇ
3253 2530 3386 2599 μονῇ
3416 2529 3474 2581 ἐν
3504 2528 3583 2598 τῷ
3615 2528 3764 2599 ἔργῳ
3789 2528 4025 2595 καθεζο-

2452 2611 2604 2679 μένη.
2632 2609 2787 2662 Οὕτω
2812 2610 2867 2663 δέ
2890 2610 3266 2677 εὐφυεστάτην
3284 2608 3430 2679 εῖχεν
3465 2613 3565 2680 τὴν
3587 2611 3730 2679 θψιν,
3757 2612 3832 2674 ὡς
3860 2614 4027 2679 ἐγγὺς

2447 2694 2689 2761 γίνεσθαι
2712 2694 2803 2745 καὶ
2832 2694 2921 2745 τὸν
2945 2693 3084 2745 πάνυ
3114 2694 3341 2764 στερρὸν
3370 2694 3684 2747 ἀπατᾶσθαι
3712 2694 3791 2764 τῷ
3819 2694 4027 2761 ταύτης

2448 2778 2654 2841 κάλλει,
2701 2778 2747 2829 εἰ
2796 2778 2867 2846 μὴ
2904 2776 3139 2844 φρουρὸν
3170 2774 3317 2844 εἶχεν
3351 2776 3761 2846 ὑπερϐάλλοντα
3786 2779 3887 2845 τὴν
3924 2796 4027 2831 σω-

2450 2861 2740 2929 φροσύνην,
2772 2861 2849 2920 εἰς
2881 2858 3011 2911 αἰδὼ
3037 2860 3129 2911 καὶ
3170 2858 3334 2925 φόϐον
3364 2859 3572 2926 ἄγουσα
3603 2862 3669 2929 τῇ
3701 2860 4025 2929 κοσμιότητι

2448 2941 2540 2996 τοῦ
2576 2943 2738 3013 ήθους
2768 2942 2969 2995 καὶτὸν
2987 2943 3066 3003 εἰς
3091 2942 3228 3008 ἄγαν
3256 2942 3555 2995 ἀκόλαστον
3574 2943 3881 3011 ὀφθαλμόν.

3019 3096 3245 3148 ΚΕΦΑΛ
3256 3135 3269 3148 .
3312 3096 3480 3149 PAO’.

2624 3220 2763 3289 Περὶ
2794 3221 3095 3287 παρθένου
3123 3223 3309 3289 τινὸς,
3344 3222 3446 3277 καὶ
3480 3224 3854 3279 Κολλούθου.

2522 3358 2688 3427 ’Δλλη
2732 3375 2815 3420 τις
2848 3354 2915 3411 αὖ
2954 3360 3019 3426 τῇ
3054 3356 3284 3427 ἀληθείᾳ
3322 3357 3590 3426 παρθένος
3611 3357 3690 3426 τῷ
3722 3356 3825 3425 τῆς
3858 3360 4031 3429 ἀσκή-

2450 3457 2585 3501 σεως
2628 3440 2773 3510 ἔργῳ
2805 3440 3085 3509 νηφόντως
3119 3441 3463 3509 προσέχουσα
3484 3478 3500 3502 ,
3550 3442 3673 3509 ἐμοὶ
3700 3443 3997 3507 γειτνιῶσα
4017 3457 4029 3471 ·

2446 3517 2514 3592 ἦς
2544 3522 2640 3591 τὴν
2661 3523 2780 3589 ϐψιν
2796 3524 2892 3590 μὲν
2920 3523 3018 3591 οὑχ
3053 3522 3292 3589 ἑώρακα.
3327 3522 3573 3591 Προῆλθε
3608 3522 3715 3591 γὰρ
3747 3523 3914 3591 αῦτη,
3957 3526 4028 3585 ὠς

2450 3606 2634 3672 ἔλεγον
2683 3607 2729 3656 οἱ
2762 3606 2979 3669 ειδότες,
3016 3604 3271 3656 οὐδέποτε
3299 3605 3391 3671 ἀφ’
3422 3600 3484 3658 οὗ
3525 3606 3859 3668 ἀπετάξατο,
3894 3608 4028 3673 πλη-

2453 3690 2672 3758 ρώσασα
2704 3688 2967 3755 ἐξήκοντα
2999 3688 3091 3755 ἐτη
3130 3689 3188 3740 ἐν
3216 3691 3279 3756 τῇ
3314 3690 3546 3757 ἀσκήσει
3582 3688 3721 3755 μετά
3762 3690 3861 3751 τῆς
3898 3690 4029 3751 ἰδίας

2452 3770 2677 3839 μητρός.
2704 3771 2797 3831 Et;
2823 3770 3049 3839 ὕστερον
3077 3770 3132 3821 δὲ
3164 3770 3467 3839 μελλούσης
3483 3770 3653 3839 αὐτῆς
3678 3772 4028 3839 μεταϐαίνειν

2446 3853 2536 3903 τὸν
2568 3851 2680 3919 βίον
2711 3850 2847 3920 πρὸς
2872 3853 2969 3919 τὴν
2996 3852 3141 3921 ζωὴν
3180 3853 3278 3921 τὴν
3312 3853 3609 3921 ἀκήρατον,
3639 3856 3932 3922 παραστὰς
3964 3860 4026 3922 τῆ

2448 3935 2668 4003 ἀνδρεία
2696 3936 2723 3985 6
2748 3934 2883 3986 κατά
2916 3935 3005 3985 τὸν
3035 3936 3197 3987 τόπον
3220 3937 3428 3988 ἐκεῖνον
3452 3938 3605 4003 ἆγιος
3638 3937 3850 4006 μάρτυς
3900 3939 4028 3990 Κόλ-

2448 4016 2666 4079 λουθος,
2696 4016 2841 4081 λέγει
2890 4018 3063 4086 αὑτῇ·
3112 4018 3359 4085 Σήμερον
3405 4019 3619 4086 μέλλεις
3653 4019 3861 4072 ὁδεύειν
3894 4021 4026 4089 πρὸς

2446 4099 2536 4152 τὸν
2586 4100 2862 4169 Δεσπότην
2900 4116 3026 4164 σου,
3063 4100 3157 4151 καὶ
3182 4101 3314 4170 ὁρᾷν
3358 4102 3601 4164 ἅπαντας
3644 4104 3771 4165 τοὺς
3814 4104 4022 4170 ἁγίους.

2460 4181 2715 4234 Ἐλθοῦσα
2733 4177 2823 4233 οὖν
2841 4182 3132 4251 ἀρίστησον
3153 4184 3275 4252 μεθ’
3293 4184 3451 4252 ἡμῶν
3482 4188 3539 4238 ἐν
3559 4186 3635 4253 τῷ
3652 4188 4021 4256 μοναστηρίῳ.

2462 4265 2762 4317 Ἀναστᾶσα
2796 4262 2887 4317 οὖν
2920 4265 3118 4335 ὄρθρου
3150 4268 3182 4335 ή
3223 4266 3491 4336 μακαρία,
3540 4270 3635 4321 καὶ
3661 4270 4020 4337 ἐνδυσαμένη,

2447 4348 2539 4399 καὶ
2568 4347 2803 4399 λαϐοῦσα
2826 4349 3009 4416 άρτον,
3037 4349 3131 4401 καὶ
3150 4349 3358 4413 ἐλαίας,
3376 4351 3469 4402 καὶ
3489 4350 3863 4419 λεπτολάχανα
3886 4355 3942 4404 ἐν
3958 4358 4019 4424 τῇ

2449 4428 2915 4504 ἐαυτοῦ-σπυ-ρίδι,
2950 4430 3236 4504 ἐξελθοῦσα
3252 4433 3501 4504 ἀπῆλθεν
3530 4435 3609 4493 εἰς
3636 4434 3695 4485 τὸ
3726 4435 4021 4504 μαρτύριον

2449 4502 2481 4566 ή
2510 4499 2743 4551 τοσαῦτα
2772 4502 2865 4567 ἐτη
2904 4500 2978 4567 μὴ
3014 4499 3372 4569 προελθοῦσαζ
3419 4504 3530 4555 Καὶ
3580 4499 4017 4572 προσευξαμένη,

2448 4582 2541 4633 καὶ
2567 4581 2910 4641 καθεσθεῖσα,
2939 4584 3128 4652 καιρὸν
3152 4583 3455 4653 ἐπιτήδειον
3482 4585 3614 4653 πρὸς
3636 4586 3698 4636 τὸ
3721 4586 4020 4652 γεύσασθαι

2447 4663 2704 4733 ἐπετήρει
2728 4662 2816 4715 διὰ
2854 4664 3031 4732 πάσης
3072 4664 3304 4734 ἡμέρας.
3332 4667 3789 4736 Παραγενομένης
3830 4669 3887 4719 δὲ
3924 4671 4018 4738 τῆς

2447 4745 2707 4814 ἐννάτης,
2754 4745 2847 4797 καὶ
2888 4748 2988 4815 τῆς
3027 4747 3121 4799 τοῦ
3166 4749 3361 4814 φαγεῖν
3394 4747 3543 4815 ὥρας
3584 4748 3873 4817 ἐνστάσης.
3920 4768 4022 4819 μη-

2446 4828 2595 4890 δενδς
2657 4828 2802 4881 ἔνδον
2864 4829 3239 4898 ὑπάρχοντος,
3302 4829 3579 4883 τεθεικυῖα
3636 4832 3703 4883 τὰ
3756 4832 4021 4901 βρώματα

2448 4912 2835 4980 προσκαλεῖται
2870 4911 2959 4964 τὸν
2992 4914 3262 4981 μάρτυρα,
3288 4912 3549 4981 λέγουσα·
3582 4915 3889 4985 Εὑλόγησόν
3922 4934 4021 4985 μου

2448 4996 2516 5047 τά
2544 4994 2828 5063 βρώματα,
2856 4994 2977 5062 άγιε
2996 4995 3289 5061 Κόλλουθε,
3308 4998 3400 5049 καὶ
3432 4997 3907 5051 συνοδευσάτωσάν
3936 5017 4023 5065 μοι

2448 5079 2503 5130 αἰ
2532 5076 2815 5147 πρεσϐεῖαί
2845 5093 2956 5130 σου.
2991 5080 3100 5131 Καὶ
3126 5079 3450 5133 καθεσθεῖσα
3474 5079 3696 5149 ἔφαγεν.
3730 5082 3839 5133 Καὶ
3860 5082 4024 5134 πάλιν

2449 5158 2865 5229 προσευξαμένη
2904 5155 3066 5227 ἦλθεν
3112 5163 3240 5227 περὶ
3276 5160 3424 5231 ήλίου
3457 5162 3669 5232 δυσμὰς
3709 5165 3789 5225 εἰς
3817 5164 3909 5216 τὸν
3948 5162 4023 5217 οῐ-

2453 5257 2577 5295 κον·
2615 5242 2707 5294 καὶ
2729 5242 2908 5293 δίδωσι
2939 5244 3003 5311 τῇ
3044 5243 3244 5313 ἐαυτῆς
3286 5245 3453 5314 μητρὶ
3494 5245 3836 5315 σύγγραμμα
3875 5248 4021 5316 Κλή-

2456 5341 2643 5393 μεντος
2691 5322 2787 5375 τοῦ
2825 5324 3201 5392 Στρωματέως
3244 5327 3323 5389 είς
3368 5329 3461 5379 τὸν
3490 5332 3775 5397 προφήτην
3822 5330 4021 5396 δαμῶς,

2453 5408 2545 5459 καλ⁹
2578 5406 2725 5472 λέγει
2764 5406 2923 5474 αὑτῇο
2958 5407 3055 5468 Δὸς
3100 5407 3263 5460 τοῦτο
3299 5408 3376 5478 τῷ
3404 5410 3686 5479 ἐπισκόπῳ
3717 5409 3795 5478 τῷ
3831 5410 4023 5481 ἐξωρι-

2454 5495 2635 5563 σμένῳ
2656 5535 2669 5558 ,
2703 5494 2796 5546 καὶ
2827 5494 2946 5545 εἰπέ
2980 5495 3147 5564 αὑτῷ·
3178 5492 3343 5559 Εὑξαι
3374 5497 3503 5567 περί
3530 5498 3695 5565 ἐμοῦ’
3720 5499 3889 5550 όδεοῖω
3920 5500 4021 5569 γάρ

2451 5578 2585 5645 πρὸς
2615 5577 2704 5629 τὸν
2740 5575 2942 5647 Κύριόν
2996 5596 3117 5646 μου.
3161 5580 3269 5632 Καὶ
3307 5580 3655 5646 ἐτελεύτησεν
3699 5583 3755 5634 ἐν
3790 5583 3925 5651 αὑτῇ
3962 5586 4020 5650 τῇ

2452 5661 2625 5722 νυκτὶ,
2654 5658 2727 5728 μὴ
2748 5658 3047 5727 πυρέξασα,
3075 5661 3149 5730 μὴ
3180 5662 3663 5731 κεφαλαλγήσασα,
3688 5663 3804 5714 ἀλλ’
3828 5663 4022 5732 ἑαυτήν

2454 5743 2844 5809 ἐνταφιάσασα,
2885 5744 2963 5806 εἰς
2993 5747 3176 5812 χεῖρας
3205 5742 3340 5799 Θεοῦ
3375 5745 3436 5797 τὸ
3472 5744 3684 5814 πνεῦμα
3734 5746 4016 5814 παρέθετο.
