4258 6360
292 416 424 477 ηδτ

1550 411 1861 467 HISTORIA
1907 412 2264 468 I.Al'SI.-\CA.

3364 417 3499 478 19.38

278 544 491 598 semper
512 535 705 591 manet,
739 525 849 577 suis
870 521 1081 577 famulis
1107 521 1330 575 honeste
1359 522 1646 587 imperans,
1673 536 1833 590 agens
1861 529 1904 581 Α
1932 522 2195 590 juttiorem
2225 541 2238 576 :
2266 522 2372 575 duo
2392 520 2526 574 bona
2558 534 2867 587 procurans,
2887 531 2941 575 et
2967 520 3105 574 illius
3143 518 3395 584 salutem;
3424 524 3501 578 illi

278 623 440 672 vitam
484 615 951 672 IitbOl'iOSiSSilllam
998 622 1055 667 et
1108 614 1313 679 plenam
1358 612 1746 676 temperantia:
1793 612 1846 665 in

277 722 564 774 congressu
594 715 700 758 tam
731 717 941 766 severa,
973 714 1032 755 ut
1065 702 1235 766 ipsum
1260 700 1375 767 ejus
1402 710 1671 768 aspectum
1693 715 1846 755 reve-

280 811 525 853 rerentnr
570 799 728 852 etiam
767 795 1203 851 excellentissimi
1258 793 1489 861 episcOpi
1521 802 1736 862 propter
1760 792 1844 846 in-

278 893 479 956 signem
522 891 768 958 pietatem
799 897 853 941 et
892 888 1221 953 religionem.
1274 884 1445 953 Atque
1484 884 1593 951 ipsa
1635 884 1845 952 qttidem

277 993 720 1041 supervacaneam
750 986 805 1031 et
834 977 1051 1030 nimiam
1078 990 1237 1041 opum
1269 973 1545 1027 materiam
1572 983 1842 1041 pauperta-

280 1070 346 1121 tis
370 1076 489 1136 igne
506 1068 834 1135 consumpsit
856 1084 868 1118 :
888 1080 1006 1134 qua:
1021 1074 1199 1118 autem
1218 1070 1551 1131 supererant,
1574 1076 1635 1115 ea
1652 1063 1848 1116 consti-

281 1162 377 1213 tuit
392 1160 455 1211 ad
473 1160 1010 1211 subministrationem
1030 1156 1381 1219 monasteriis,
1409 1154 1843 1222 ptocltotropbii~,

280 1251 643 1310 xenodocbiis,
662 1248 925 1312 ecclesiis,
952 1248 1288 1315 pauperibus,
1312 1246 1721 1309 transeuntibus,
1738 1246 1847 1312 epi-

280 1344 472 1408 scopis,
504 1342 756 1407 orpltanis
779 1379 795 1397 ,
823 1340 1022 1401 viduis,
1057 1347 1111 1393 et
1138 1340 1382 1392 omnibus
1420 1339 1696 1404 egentibus
1724 1354 1844 1403 snp-

280 1434 519 1499 pedttans
555 1434 834 1494 auxilium,
888 1447 991 1483 non
1048 1434 1288 1487 cessttbat
1345 1429 1587 1482 hilariter
1639 1431 1843 1493 operari

279 1521 526 1588 pietatem
561 1521 804 1583 latenter,
836 1529 892 1573 et
923 1533 1014 1585 per
1045 1534 1120 1583 se,
1156 1528 1207 1569 et
1256 1533 1346 1581 per
1374 1533 1557 1570 servos
1603 1517 1844 1571 fidelissi-

276 1623 431 1672 mos,
462 1609 528 1660 ab
574 1611 796 1661 ecclesia
840 1625 942 1660 non
984 1608 1234 1660 recedens
1275 1616 1429 1658 nocttt
1474 1608 1698 1661 maxime
1735 1625 1747 1657 :
1791 1610 1839 1659 iu

276 1699 516 1751 utnnibus
543 1701 592 1749 in
621 1698 812 1750 virtute
834 1713 890 1750 se
913 1712 1167 1751 exercens
1194 1706 1406 1765 propter
1428 1710 1573 1763 spem
1591 1696 1705 1765 ejus
1725 1713 1839 1765 qua:

275 1802 397 1840 vere
427 1798 505 1840 est
536 1788 660 1839 vita.

774 1853 998 1908 CAPUT
1036 1852 1323 1907 CXXXVI.

294 1942 374 1996 De
400 1943 606 2012 Virgine
627 1944 742 2013 (εοι
759 1944 776 2011 )
793 1959 904 2011 qua:
925 1945 1121 2008 excepit
1146 1943 1476 1994 Athanasium
1500 1944 1811 2008 episcOpum.

341 2036 471 2089 Novi
500 2051 598 2105 ego
642 2035 975 2089 Alexandrite
1016 2034 1292 2102 virginem,
1340 2048 1495 2100 quam
1526 2032 1719 2086 oﬂ'endi
1746 2048 1837 2085 na~

273 2136 377 2179 tam
406 2126 617 2179 circiter
660 2130 988 2191 septuaginta
1020 2138 1208 2177 annos.
1261 2124 1319 2176 Ei
1350 2126 1526 2177 clerus
1563 2125 1838 2178 universus

270 2214 431 2267 dabat
463 2216 849 2276 testimonium,
871 2214 1007 2282 quod
1035 2228 1153 2265 cum
1176 2223 1315 2266 esset
1344 2213 1576 2278 juvenis,
1611 2221 1729 2266 nata
1752 2228 1837 2264 au-

272 2318 369 2356 uos
393 2303 603 2356 circiter
630 2304 829 2371 viginti,
856 2312 909 2355 et
937 2303 1089 2365 longe
1117 2304 1515 2367 formosissima,
1541 2301 1839 2369 fugiebatur

268 2392 338 2444 ab
372 2391 435 2444 iis
460 2392 546 2458 qui
578 2401 731 2444 erant
756 2391 974 2443 studiosi
1008 2390 1218 2443 virtutis
1250 2399 1463 2456 propter
1493 2390 1835 2457 pulchritudi-

269 2493 413 2542 nem,
458 2494 524 2532 ne
564 2480 799 2532 inureret
825 2480 900 2531 eis
930 2478 1159 2544 aliquam
1209 2477 1377 2530 labem
1406 2491 1471 2529 ex
1518 2478 1837 2543 su5picione.

268 2567 490 2633 Quando
545 2581 671 2635 ergo
716 2566 906 2619 accidit
953 2576 1007 2617 ut
1075 2567 1252 2619 Ariani
1308 2575 1572 2618 struerent
1620 2566 1839 2619 insidias

274 2658 433 2710 beato
459 2655 745 2707 Athanasio
771 2654 1124 2707 Alexandrino
1146 2654 1392 2721 episcopo
1415 2668 1507 2718 per
1531 2654 1835 2718 Eusebium,

267 2748 502 2814 quierat
538 2762 601 2800 eo
632 2748 867 2813 tempore
920 2747 1231 2812 prtl'positus
1270 2744 1369 2796 sub
1398 2742 1706 2796 Constantio
1744 2746 1841 2794 itu-

267 2848 548 2907 peratore,
593 2839 912 2892 nefariorum
958 2838 1238 2890 criminum
1278 2851 1396 2887 enttt
1437 2845 1747 2888 accnsantes
1791 2844 1842 2885 ct

263 2932 666 2987 calumniantes.
695 2943 863 2982 rttans
882 2930 1103 2997 judicari
1134 2942 1161 2978 a
1189 2925 1680 2993 corruptojndicio,
1706 2925 1840 2991 apud

265 3018 531 3073 neminem
564 3035 722 3072 ausus
749 3030 829 3071 est
856 3020 1189 3076 delitescere,
1223 3030 1324 3066 non
1363 3013 1501 3079 apud
1540 3023 1836 3080 cognatum,

266 3121 371 3158 non
407 3109 654 3171 amicum,
695 3123 795 3160 non
839 3107 1109 3167 clericum,
1140 3120 1242 3157 non
1275 3102 1412 3169 apud
1438 3103 1662 3167 aliquem
1686 3101 1841 3153 alium

264 3194 618 3255 familiarem;
653 3197 742 3247 sed
776 3205 991 3261 repente
1018 3194 1379 3260 episcOpatum
1420 3193 1671 3258 ingressis
1713 3206 1844 3257 prte-

266 3283 393 3336 fecti
415 3284 748 3347 mini~tris,et
774 3299 891 3337 eum
908 3282 1285 3351 quaerentibus,
1304 3288 1518 3347 accepto
1540 3293 1636 3330 suo
1658 3280 1845 3329 sticlta-

266 3376 346 3429 rio
372 3391 464 3429 seu
492 3376 689 3439 tunica,
714 3384 768 3429 et
793 3376 936 3429 birro
962 3374 1134 3443 (202),
1164 3374 1337 3427 media
1362 3382 1515 3424 nocte
1531 3370 1763 3438 confugit
1780 3372 1842 3424 ad

268 3464 404 3519 lianc
438 3468 714 3534 virginem.
750 3466 836 3518 Illa
872 3475 1048 3518 autem
1089 3465 1183 3516 fuit
1227 3464 1302 3516 rei
1332 3462 1562 3515 novitate
1600 3461 1841 3527 obstupe-

266 3554 401 3608 facta
457 3565 508 3608 et
559 3555 744 3607 timore
788 3564 1050 3619 correpta.
1088 3554 1220 3603 Dicit
1268 3567 1392 3618 ergo
1424 3552 1470 3603 ei
1507 3550 1787 3617 episcomts
1820 3566 1833 3602 :

266 3642 699 3709 Quandoquidem
728 3657 935 3708 quaeror
954 3642 1019 3691 ab
1048 3640 1251 3691 At-ianis
1273 3680 1288 3704 ,
1315 3637 1644 3690 nefariorum
1668 3637 1839 3689 crimi-

267 3746 390 3781 num
419 3730 485 3782 ab
514 3732 587 3783 vis
618 3740 913 3792 aet-usatus,
936 3744 999 3780 ne
1020 3736 1212 3795 ergoet
1231 3741 1327 3793 ego
1354 3728 1554 3778 veniam
1580 3726 1628 3777 in
1654 3726 1841 3777 malam

266 3820 736 3879 existimationem,
768 3830 818 3870 et
850 3818 899 3869 in
925 3830 1195 3883 peccatum
1222 3815 1502 3881 eoujiciatn
1530 3828 1621 3865 eos
1650 3815 1735 3879 qui
1762 3829 1843 3865 tne

267 3909 452 3961 volunt
480 3908 693 3959 allicere
740 3908 1017 3973 supplicio,
1048 3920 1109 3957 ea
1141 3906 1205 3956 de
1237 3918 1394 3955 causa
1427 3902 1447 3952 f
1481 3917 1604 3967 gere
1644 3900 1841 3953 con~ti-

266 3999 378 4060 tui;
412 4000 536 4050 mihi
583 4013 710 4064 ergo
754 3997 891 4049 Deus
942 3997 1193 4049 revelavit
1241 3995 1335 4046 hac
1382 4002 1535 4045 nocte
1583 4008 1663 4045 me
1706 3994 1839 4059 apud

268 4086 468 4138 nullum
501 4088 659 4138 alium
691 4100 843 4151 posse
897 4099 1017 4138 esse
1063 4084 1263 4137 salvum
1319 4082 1419 4135 nisi
1450 4080 1590 4146 apud
1627 4093 1697 4135 te.
1746 4082 1835 4134 Illa

265 4191 390 4244 ergo
442 4192 548 4243 prte
596 4190 786 4242 magno
831 4176 1023 4243 gaudio
1069 4174 1214 4226 omni
1261 4176 1425 4239 ejecta
1469 4172 1831 4235 dubitatione,

266 4282 383 4320 cum
419 4276 525 4318 tota
548 4274 690 4319 esset
736 4264 976 4329 Domini,
1008 4273 1247 4331 prompto
1268 4270 1321 4314 et
1354 4262 1511 4314 alacri
1542 4261 1719 4313 animo
1745 4276 1839 4313 oc—

267 4356 489 4407 cultavit
518 4354 909 4405 sanctissimum
942 4354 1243 4419 episcOputn
1277 4366 1369 4402 sex
1398 4350 1829 4416 annos,quandiu

268 4444 396 4496 vixit
431 4444 716 4511 imperator
763 4442 1139 4493 Constantius:
1183 4440 1295 4506 ipsa
1326 4446 1379 4491 et
1419 4439 1532 4501 eius
1572 4440 1729 4505 pedes
1762 4440 1833 4489 la-

270 4546 424 4593 vans,
452 4541 505 4583 et
534 4537 869 4583 excrementa
898 4543 1214 4597 expurgans,
1248 4534 1300 4580 et
1326 4529 1375 4579 in
1406 4526 1522 4579 aliis
1552 4542 1667 4594 quae
1689 4535 1838 4580 erant

268 4622 316 4674 ei
352 4619 464 4671 usui
492 4618 806 4678 inserviens,
840 4617 1103 4682 librosque
1134 4614 1181 4667 ei
1220 4614 1564 4667 commodatis
1594 4623 1644 4665 et
1694 4628 1832 4680 prae-

268 4711 421 4762 bens.
455 4706 633 4774 Neque
677 4708 813 4757 ulltts
857 4720 945 4756 sex
979 4705 1129 4755 annis
1174 4704 1316 4754 novit
1348 4702 1677 4754 Alexandria:
1725 4704 1837 4751 "III-

270 4814 392 4851 nam
425 4808 603 4865 ageret
645 4797 827 4849 beatus
867 4793 1184 4847 Athanasius
1212 4796 1509 4861 episcopus.
1556 4792 1834 4859 Postquam

270 4905 397 4955 ergo
426 4890 523 4941 fuit
552 4888 858 4940 annuntiata
890 4900 1030 4937 mors
1062 4885 1388 4953 imperatoris
1428 4882 1751 4946 Constantii,
1784 4894 1836 4937 ct

267 4982 511 5047 pervenit
561 4979 624 5029 ad
656 4977 769 5044 ejus
799 4989 974 5036 aures,
1006 4973 1227 5027 honesto
1252 4982 1304 5025 et
1340 4971 1615 5023 venerabili
1657 4971 1833 5023 habitu

273 5069 512 5131 indutus,
537 5080 717 5118 rursos
744 5077 898 5117 noctu
924 5062 1021 5115 fuit
1044 5065 1282 5115 inventus
1315 5063 1364 5112 in
1393 5060 1634 5113 ecclesia.
1667 5061 1829 5125 Quem

266 5158 509 5211 videntes
554 5171 739 5209 omnes
781 5168 965 5221 magna
998 5162 1121 5205 sunt
1156 5153 1326 5205 allecti
1358 5151 1725 5212 admiratione,
1771 5164 1830 5206 ut

266 5249 355 5316 qui
382 5246 549 5312 ipsum
573 5248 745 5297 vivunt
772 5244 1097 5309 accepissent
1117 5257 1180 5295 ex
1213 5242 1453 5305 mortuis,
1486 5241 1637 5292 simul
1668 5251 1825 5294 etlam

270 5346 391 5407 post
413 5337 596 5388 .lantes
618 5335 733 5402 ejus
760 5335 912 5386 amici
936 5334 1001 5386 de
1024 5334 1239 5386 latebris
1258 5348 1370 5399 qua:
1392 5331 1459 5384 ab
1479 5346 1656 5383 eorum
1682 5332 1829 5401 igno-

269 5428 473 5480 ratione
531 5424 750 5478 inveniri
802 5439 901 5475 non
952 5430 1243 5490 potuerant.
1306 5422 1597 5489 Respondit
1651 5423 1825 5483 itaiue

270 5517 458 5570 beatus
482 5515 797 5567 Athanasius
819 5514 1081 5580 germanis
1102 5514 1211 5565 suis
1239 5513 1417 5564 amicis
1442 5527 1457 5565 :
1492 5512 1561 5563 Ea
1584 5512 1649 5562 de
1669 5526 1823 5563 causa

269 5605 333 5656 ad
369 5619 459 5655 vos
493 5619 596 5656 non
628 5601 861 5669 confugi,
895 5612 950 5654 ut
972 5617 1093 5654 vere
1119 5603 1298 5668 jurare
1323 5602 1583 5668 possetis;
1621 5612 1673 5655 et
1698 5602 1826 5654 alio-

269 5696 357 5760 qui
387 5694 549 5756 etiam
588 5708 797 5761 propter
826 5692 1300 5760 investigationem,
1330 5692 1394 5744 ad
1437 5693 1579 5744 illam
1614 5692 1824 5761 confugi

272 5783 340 5839 de
380 5798 482 5853 qua
512 5800 667 5838 nemo
708 5781 960 5851 suspicari
994 5788 1215 5850 poterat,
1250 5788 1431 5847 utpote
1463 5780 1742 5838 formosam
1774 5794 1827 5837 ct

1948 617 2088 669 enim
2106 616 2310 688 profui,
2342 624 2395 670 et
2429 629 2563 669 mea
2591 613 2962 668 existimationi
2989 624 3043 667 et
3065 615 3331 668 securitati

2446 725 2671 782 CAPUT
2712 722 3016 778 CXXXVII.

2446 838 2566 892 Vita
2596 840 2783 891 Anima
2808 837 3015 891 Talida.

2017 947 2074 1003 In
2123 948 2335 1002 civitate
2392 949 2606 1003 Antinoi
2652 957 2777 1003 sunt
2822 948 3131 1002 feminarum
3185 950 3504 1004 monast‘erta

1947 1035 2225 1089 duodecim
2250 1053 2266 1102 ;
2299 1039 2349 1091 itt
2379 1039 2567 1107 quibus
2594 1038 2814 1092 conveni
2843 1038 2999 1091 etiam
3026 1036 3265 1091 Amatam
3296 1037 3506 1105 Talida,

1948 1140 2065 1195 qum
2089 1130 2352 1196 octoginta
2378 1144 2542 1182 annos
2570 1128 2742 1182 fuerat
2774 1130 2823 1181 in
2864 1128 3270 1189 exert-itatioue,
3302 1138 3357 1181 ut
3383 1145 3508 1182 nat--

1948 1219 2097 1270 rabat
2122 1219 2230 1286 ipsa
2249 1229 2300 1272 et
2317 1220 2429 1289 ejus
2452 1221 2651 1275 vicinae.
2675 1221 2784 1274 Una
2806 1235 2923 1272 cum
2945 1235 3004 1272 ea
3030 1220 3333 1273 habitabant
3355 1235 3506 1273 sexa-

1947 1311 2089 1377 ginta
2114 1311 2539 1367 adolescentulze.
2572 1312 2701 1365 Eam
2734 1325 2907 1364 autem
2940 1310 3072 1363 adeo
3107 1310 3413 1379 diligebant,
3450 1322 3508 1366 ut

1946 1417 2009 1453 ne
2039 1414 2181 1455 esset
2224 1405 2434 1469 quidem
2465 1404 2627 1457 clavis
2651 1404 2786 1456 aulce
2817 1398 3138 1465 monasterii,
3175 1413 3229 1456 ut
3276 1405 3324 1455 itt
3355 1402 3505 1468 aliis,

1944 1492 2035 1544 sed
2068 1491 2193 1557 ipsa:
2222 1493 2288 1545 ab
2323 1496 2438 1558 ejus
2462 1508 2641 1547 amore
2682 1507 2866 1546 omnes
2889 1494 3264 1547 detinerentnr.
3298 1493 3371 1545 Eo
3413 1508 3507 1544 an-

1951 1590 2056 1633 tem
2089 1582 2487 1649 impatibilitatis
2517 1583 2771 1650 processit
2799 1596 2949 1645 anus,
2979 1590 3033 1636 ut
3052 1597 3171 1636 cum
3209 1598 3308 1651 ego
3332 1596 3504 1635 essem

1944 1672 2211 1740 ingressus
2250 1683 2304 1727 et
2346 1674 2727 1739 consedissem,
2756 1674 2864 1740 ipsa
2911 1688 3117 1742 quoque
3145 1674 3376 1741 ingressa
3402 1675 3504 1737 sit,

1944 1772 1998 1815 et
2026 1778 2125 1816 una
2157 1779 2364 1819 mecum
2392 1765 2611 1827 sederit,
2641 1773 2695 1818 et
2723 1780 2907 1833 magna
2945 1758 3185 1819 libertate
3230 1780 3290 1819 ac
3317 1764 3505 1819 ﬁducia

1943 1851 1995 1906 in
2020 1851 2232 1908 Christo
2259 1855 2390 1910 meis
2418 1855 2651 1909 humeris
2682 1871 2893 1908 manum
2921 1858 3246 1921 imposuerit.

2437 1962 2661 2018 CAPUT
2685 1961 3009 2017 CXXXVIII.

2480 2071 2591 2125 Vita
2611 2071 2803 2126 Ammte
2823 2072 2979 2127 Taor.

2016 2180 2068 2233 In
2092 2180 2192 2235 hoc
2221 2184 2539 2235 monasterio
2568 2194 2681 2236 erat
2712 2185 2861 2249 virgo
2894 2184 3046 2251 hujus
3078 2184 3359 2253 discipula,
3410 2204 3502 2239 ne-

1948 2268 2089 2320 mine
2120 2268 2277 2332 Taor,
2326 2284 2444 2334 qua:
2477 2270 2688 2338 triginta
2718 2286 2884 2324 annos
2916 2282 3119 2326 versata
3150 2284 3263 2325 erat
3291 2274 3341 2327 in
3393 2292 3506 2328 mn.

1944 2359 2197 2423 nasterio,
2230 2372 2283 2410 ιιι
2315 2359 2602 2413 narrabant
2631 2361 2716 2427 qui
2751 2371 3025 2415 noverant.
3061 2363 3131 2415 Ea
3164 2374 3363 2417 vestem
3412 2382 3505 2417 no-

1945 2464 2063 2501 vam
2113 2456 2202 2501 aut
2252 2459 2541 2503 mavortem
2602 2460 2691 2503 aut
2735 2451 2968 2504 calceum
3018 2453 3183 2505 noluit
3232 2454 3502 2520 accipere,

1942 2537 2122 2591 dicens
2149 2554 2163 2591 :
2190 2537 2301 2591 Non
2320 2547 2401 2591 est
2434 2538 2559 2592 mihi
2590 2554 2742 2606 opus,
2768 2555 2833 2593 ne
2854 2541 3012 2592 etiam
3047 2555 3205 2609 cegur
3233 2545 3503 2610 progredi.

1944 2626 2073 2679 Alite
2094 2628 2232 2679 enim
2260 2642 2442 2680 omnes
2466 2628 2553 2681 die
2579 2628 2849 2681 Dominico
2893 2630 3293 2696 progrediuntur
3320 2632 3369 2683 ιιι
3421 2648 3504 2683 et:-

1942 2716 2154 2769 clesiam
2180 2722 2345 2785 gratia
2368 2721 2787 2783 communionis;
2822 2721 2906 2773 illa
2936 2730 3107 2773 autem
3139 2722 3190 2774 itt
3222 2737 3493 2777 tnonaSte»

1943 2804 2022 2857 rio
2046 2807 2288 2858 manebat
2318 2807 2502 2871 pannis
2527 2806 2718 2871 obsita,
2744 2809 2891 2876 operi
2912 2808 3119 2862 assidue
3142 2812 3402 2865 assidens.
3430 2813 3503 2866 Ea

1943 2904 2114 2949 autem
2156 2896 2380 2949 fuittam
2407 2898 2636 2965 eleganti
2686 2910 2924 2965 aspectu,
2973 2910 3028 2953 ut
3072 2914 3252 2967 parum
3298 2901 3503 2955 abesst

1942 2987 2068 3053 quin
2092 2988 2250 3041 etiam
2292 2989 2439 3041 valde
2468 2998 2773 3043 consmutes
2810 2990 3180 3057 deciperentur
3222 2994 3337 3057 ejus
3385 2997 3496 3059 pul~

1942 3078 2258 3142 cltritndtue,
2293 3078 2392 3131 nisi
2432 3078 2633 3147 insigne
2679 3079 2976 3145 praesidium
3004 3080 3271 3134 habuisset
3296 3093 3501 3149 tempe-

1948 3168 2198 3227 rantiatn,
2241 3182 2358 3236 qua:
2400 3168 2464 3220 ad
2496 3177 2691 3221 metum
2738 3178 2791 3222 et
2819 3169 3186 3224 verecundiam
3213 3171 3506 3226 deducebat

1874 3222 1917 3283 C
1950 3256 2225 3311 honestate
2248 3222 2542 3326 i-mpudiciis
2562 3262 2764 3312 oculos.

2454 3373 2675 3428 CAPUT
2713 3373 2997 3428 CXXXIX.

2295 3479 2372 3534 De
2398 3483 2588 3551 virgine
2619 3499 2732 3552 qua:
2760 3486 3149 3538 renuntiaverat.

2017 3587 2141 3640 Erat
2185 3590 2423 3655 quadam
2468 3592 2567 3644 alia
2610 3594 2755 3660 virgo
2792 3594 3049 3661 religiosa:
3091 3596 3213 3648 vita)
3252 3598 3501 3663 opt-ribus

1948 3675 2169 3728 viriliter
2198 3677 2469 3741 insistens,
2504 3679 2631 3730 mibi
2658 3681 2849 3739 vicina.
2883 3680 3031 3746 Cujus
3062 3683 3262 3734 vultum
3285 3687 3499 3747 quidem

1947 3779 2048 3817 non
2075 3766 2176 3818 vidi
2204 3782 2217 3818 :
2244 3783 2509 3835 nunquam
2530 3770 2693 3829 enim,
2740 3780 2794 3821 ut
2814 3772 2981 3833 aiunt,
3023 3784 3102 3824 est
3128 3786 3405 3840 progrc~sa
3438 3791 3499 3826 ex

1950 3870 2054 3919 quo
2078 3856 2417 3908 renuntiavit.
2454 3856 2584 3909 Cum
2611 3866 2786 3909 autem
2830 3859 3100 3924 implesset
3124 3864 3392 3925 sexaginta
3420 3880 3511 3914 an.

1945 3958 2042 3995 nos
2096 3945 2145 3996 in
2194 3944 2573 3998 exercitatione
2594 3962 2713 3999 cum
2763 3956 2929 3999 matre
2969 3962 3064 4000 sua
3110 3952 3337 4017 propria,
3388 3964 3504 4005 erat

1946 4043 2121 4097 postea
2164 4037 2266 4085 vita
2301 4050 2605 4089 excessura.
2654 4038 2708 4088 Ei
2754 4047 2925 4090 autem
2974 4038 3025 4090 in
3054 4040 3257 4093 visione
3297 4042 3501 4095 adstitit

1943 4118 2214 4175 Collntbus
2238 4122 2387 4191 (203)
2412 4125 2666 4177 vocabulo
2694 4137 2913 4196 martyr,
2944 4129 3031 4195 qui
3056 4128 3109 4181 in
3135 4130 3238 4183 illis
3279 4133 3493 4184 coleba-

1946 4219 2026 4262 tur
2050 4212 2196 4277 locis,
2223 4217 2322 4267 hoc
2348 4216 2393 4267 ci
2418 4216 2597 4269 dicens
2627 4234 2639 4268 :
2672 4218 2836 4272 Hodie
2856 4234 2913 4272 es
2938 4221 3073 4273 itura
3093 4224 3155 4273 ad
3185 4224 3489 4288 Dominum,

1943 4311 1993 4354 et
2016 4303 2185 4355 visura
2213 4318 2422 4358 sanctos
2447 4321 2629 4360 omnes
2653 4326 2665 4371 ;
2710 4309 2831 4362 veni
2853 4324 2978 4379 ergo
3001 4318 3053 4364 et
3076 4313 3271 4377 prande
3316 4315 3495 4368 nobis-

1941 4404 2056 4442 cutn
2084 4394 2132 4443 iu
2157 4395 2433 4461 martyrio.
2479 4396 2606 4447 Cum
2634 4411 2758 4462 ergo
2784 4413 2936 4450 mane
2980 4400 3299 4453 surrexisset
3341 4413 3393 4455 et
3434 4420 3493 4456 se

1942 4480 2217 4543 induisset,
2239 4492 2293 4535 et
2320 4486 2369 4535 in
2407 4495 2582 4550 sporta
2618 4501 2801 4551 panem
2833 4491 3127 4553 accepisset
3149 4500 3201 4542 et
3224 4492 3412 4557 olivas,
3439 4504 3495 4546 et

1872 4574 2138 4641 Dminuta
2185 4573 2351 4636 olera,
2403 4586 2518 4640 post
2562 4585 2636 4628 tot
2680 4592 2847 4630 annos
2887 4589 2967 4631 est
2992 4593 3243 4647 egressa;
3294 4592 3493 4635 etcum

1943 4661 2178 4716 venisset
2201 4663 2249 4714 itt
2278 4666 2606 4734 martyrium,
2639 4667 2841 4727 oravit;
2891 4678 2943 4720 et
2981 4683 3099 4721 cum
3144 4678 3253 4723 toto
3282 4673 3365 4724 die
3398 4675 3492 4725 nb-

1944 4765 2211 4804 servnsset
2255 4765 2461 4820 tempus
2502 4757 2551 4808 itt
2592 4772 2696 4822 quo
2722 4759 2898 4812 nullus
2934 4768 3049 4811 erat
3074 4760 3236 4825 intus,
3266 4772 3318 4813 et
3359 4777 3488 4814 nona

1933 4840 2039 4907 jam
2073 4845 2357 4897 advenerat
2384 4850 2509 4898 liora
2531 4886 2544 4908 ,
2575 4861 2628 4899 et
2662 4848 2916 4910 sedisset,
2942 4849 3148 4916 rogavit
3179 4862 3488 4919 martyrem,

1939 4933 2119 4985 dicens
2145 4952 2157 4985 :
2189 4935 2414 4989 Benedic
2441 4938 2585 4991 cibos
2610 4954 2777 5005 meos,
2819 4940 3061 4994 Collutlte
3088 4950 3289 5003 sancte,
3321 4952 3374 4993 et
3406 4960 3490 4995 tne

1938 5025 1990 5075 in
2022 5025 2099 5075 via
2128 5027 2380 5079 comitare
2412 5028 2513 5079 tuis
2556 5029 2819 5095 precibus.
2852 5030 2981 5081 Cutn
3012 5045 3138 5097 ergo
3166 5033 3490 5085 cotttediSset

1935 5124 1986 5164 et
2009 5128 2190 5167 rursus
2220 5128 2448 5183 orasset,
2481 5119 2692 5170 domum
2724 5118 2866 5171 venit
2888 5122 3029 5171 circa
3051 5136 3295 5174 occasum
3336 5127 3483 5177 solis.

1933 5202 2000 5257 Et
2028 5219 2145 5257 cum
2170 5204 2399 5260 dedisset
2421 5212 2573 5260 matri
2597 5223 2706 5260 sua:
2730 5223 2864 5275 Opus
2893 5208 3178 5263 Clementis
3202 5212 3485 5265 Strotnatei

1931 5292 1983 5345 in
2025 5294 2330 5359 prephetam
2378 5296 2556 5359 Amos,
2608 5299 2738 5349 dixit
2780 5296 2828 5351 ei
2854 5316 2864 5348 :
2895 5298 2965 5351 Da
2991 5298 3043 5351 id
3083 5302 3332 5367 episcopo
3355 5302 3485 5353 rele-

1930 5398 2070 5455 gato.
2102 5388 2164 5439 Et
2210 5388 2343 5441 dixit
2386 5389 2434 5441 ei
2461 5406 2473 5439 :
2498 5389 2598 5442 Ora
2650 5407 2742 5455 pro
2785 5406 2902 5453 tne;
2936 5392 3069 5443 vado
3110 5392 3249 5444 enim
3288 5392 3352 5443 ad
3388 5392 3492 5443 Do-

1930 5481 2127 5531 tuittnttt
2159 5492 2355 5533 meum.
2386 5480 2622 5533 Decessit
2647 5481 2756 5545 ipsa
2783 5491 2956 5533 nocte.
2981 5482 3218 5548 Cumque
3242 5496 3335 5533 nec
3354 5481 3488 5534 febri

1932 5571 2240 5632 laborasset,
2266 5584 2360 5621 nec
2378 5572 2423 5622 ei
2448 5579 2602 5636 caput
2625 5572 2896 5633 doluisset,
2926 5570 3018 5623 sed
3044 5571 3271 5635 seipsam
3311 5570 3375 5621 ad
3400 5585 3485 5623 se-

1930 5663 2192 5728 pulturam
2217 5664 2622 5730 emnposnisset,
2655 5664 2706 5715 itt
2729 5678 2916 5717 manus
2945 5664 3033 5718 Dei
3062 5663 3303 5732 spiritum
3326 5677 3481 5718 suum

1929 5751 2337 5806 commendavit.
