4258 6360
784 381 923 438 1239

1361 512 1581 567 CAPUT
1619 511 1773 566 CXL.

896 608 969 661 De
992 605 1180 675 virgine
1206 621 1316 671 qua
1355 604 1501 671 lapsa
1532 612 1633 665 est,
1679 612 1723 655 et
1754 602 1850 670 egit
1872 600 2234 670 paenitentiam.

860 696 1109 758 Quaedam
1155 695 1299 760 virgo
1339 694 1677 746 exercitatrix
1732 706 1950 743 manens
1988 704 2109 742 cum
2142 688 2344 741 duabus

790 786 904 837 aliis
938 784 1244 847 virginibus,
1276 797 1334 835 se
1365 783 1600 835 exercuit
1629 797 1813 833 novem
1847 781 1926 833 vel
1955 779 2138 831 decem
2164 778 2339 829 anuis.

796 884 827 928 Α
859 877 1081 945 qundam
1110 884 1283 926 autem
1308 884 1523 925 cantore
1550 872 1776 925 inescata
1802 888 1918 924 cuin
1948 886 2011 923 eo
2034 868 2213 921 habuit
2234 878 2339 920 stu-

794 970 871 1035 pri
920 966 1385 1027 cousiietudinem;
1432 976 1484 1017 et
1513 979 1631 1016 eum
1676 974 1825 1014 utero
1864 954 2215 1027 concepisset,
2249 973 2344 1024 pe-

796 1060 946 1126 perit.
980 1058 1109 1110 Cum
1137 1069 1309 1109 autem
1355 1054 1406 1107 in
1436 1069 1699 1107 summum
1736 1052 1916 1105 odium
1953 1053 2188 1119 prorupit
2230 1049 2345 1117 ejus

794 1150 879 1214 qui
930 1147 1095 1214 ipsam
1143 1147 1445 1211 deceperat,
1498 1143 1549 1196 in
1600 1141 1857 1207 profundo
1905 1148 2213 1203 compuncta
2266 1144 2347 1190 est

791 1240 996 1301 animo,
1038 1247 1091 1291 et
1116 1237 1179 1289 ad
1210 1252 1324 1289 eam
1375 1237 1611 1302 pervenit
1642 1247 1944 1288 mensuram
1990 1229 2342 1297 paenitentiae,

792 1337 848 1383 ut
879 1330 926 1379 in
956 1340 1382 1393 eaperseverans
1424 1340 1481 1377 se
1533 1324 1668 1377 fame
1717 1323 1873 1375 vellet
1923 1320 2185 1381 occidere,
2234 1319 2335 1371 hoc

793 1435 913 1473 cum
946 1418 1188 1486 lacrymis
1226 1432 1407 1478 orans,
1455 1416 1723 1481 Deumque
1775 1426 1983 1480 rogans,
2031 1422 2083 1465 et
2125 1410 2344 1463 dicens:

796 1510 936 1563 Deus
974 1523 1182 1575 magne,
1233 1508 1318 1574 qui
1360 1509 1591 1559 omnium
1623 1516 1860 1557 nostrum
1892 1514 2103 1570 peccata
2151 1516 2345 1569 portas,

791 1606 846 1651 et
873 1601 1183 1650 immensum
1213 1601 1372 1648 totius
1402 1596 1581 1647 mundi
1613 1596 1791 1646 vitium
1819 1612 1833 1657 ;
1865 1594 1951 1660 qui
1979 1608 2079 1644 non
2104 1594 2183 1644 vis
2208 1607 2347 1644 mor-

798 1695 904 1740 tem
933 1697 1267 1753 peccatorum
1286 1728 1299 1749 ,
1350 1692 1404 1737 et
1430 1699 1611 1737 eorum
1640 1683 1729 1749 qui
1762 1684 2009 1736 labuntur
2036 1682 2307 1735 interitum
2329 1719 2343 1744 ,

801 1775 895 1829 sed
928 1776 1197 1828 misereris
1228 1774 1487 1825 universa:
1516 1783 1799 1832 creaturae;
1833 1782 1908 1823 est
1939 1772 2079 1823 enim
2107 1771 2348 1822 voluntas

2241 389 2321 444 PA
2332 390 2548 446 LLADll

2375 513 2426 568 Α
2452 508 2619 574 scapi,
2648 510 2849 577 rogavit
2869 510 3051 564 dicens
3084 527 3095 561 :
3128 511 3183 564 Si
3214 510 3314 564 hoc
3341 512 3431 564 tibi
3458 512 3627 565 visum
3654 520 3755 573 est,
3788 512 4007 565 domine

3876 392 4017 449 1210

2446 599 2715 665 episcope,
2748 608 2802 651 ut
2830 601 3074 666 quoniam
3107 600 3238 663 dixi,
3283 600 3392 660 Nae,
3428 602 3603 666 lapsus
3631 614 3767 666 sum,
3802 603 3902 653 sim
3936 603 4005 654 de

2444 690 2607 754 gradu
2637 689 2995 743 ecclesiastico
3024 691 3275 756 dejectus,
3308 705 3360 744 et
3386 709 3487 744 non
3533 694 3631 745 situ
3664 694 3853 756 dignus
3885 710 4006 745 esse

2446 778 2669 831 clericus
2726 791 2826 832 tute
2884 782 3205 845 sanctitatis,
3278 783 3404 848 jube
3476 795 3530 835 ut
3590 784 3716 836 mibi
3767 784 3831 835 ah
3907 788 4007 838 hoc

2449 877 2686 935 tempore
2740 884 2799 922 ea
2850 869 3005 922 detur
3051 872 3100 923 in
3160 888 3409 935 uxorem;
3469 888 3640 940 neque
3715 877 3856 925 enim
3909 889 4009 940 ego

2447 972 2564 1009 sum
2644 958 2895 1025 deinceps
2966 960 3226 1025 clericus,
3287 976 3455 1028 neque
3512 963 3598 1015 illa
3654 965 3818 1027 virgo.
3874 963 4007 1015 Cum

2449 1046 2562 1101 haec
2608 1048 2862 1103 audiisset
2892 1050 3171 1115 episcopus
3208 1060 3261 1104 et
3306 1054 3604 1120 presbyter,
3648 1069 3762 1106 eam
3791 1056 4012 1107 tradidit

2449 1148 2594 1203 pater
2642 1139 2758 1205 ejus
2800 1140 3002 1200 lectori,
3036 1154 3253 1208 sperans
3298 1141 3411 1196 fore
3447 1155 3500 1195 ut
3523 1143 3737 1210 juvenis
3768 1144 3906 1198 bene
3931 1160 4011 1197 es-

2447 1236 2530 1281 set
2574 1228 2626 1280 iu
2675 1231 2801 1280 eam'
2838 1228 3075 1296 affectus,
3121 1241 3175 1283 et
3220 1232 3415 1299 alioqui
3460 1234 3683 1286 credens
3715 1250 3817 1287 non
3851 1250 4010 1301 posse

2447 1331 2567 1370 eum
2596 1318 2825 1373 abstrahi
2852 1334 2879 1371 a
2916 1320 3317 1375 consuetudine.
3349 1320 3480 1374 Cum
3507 1339 3623 1375 eam
3655 1334 3829 1375 autem
3880 1324 3983 1375 ado

2449 1407 2654 1462 lescens
2697 1411 2986 1475 accepisset
3027 1411 3076 1463 in
3125 1426 3311 1464 manus
3352 1414 3417 1464 ab
3463 1414 3747 1479 episeopo,
3794 1424 3847 1466 et
3894 1415 4013 1480 ejus

2450 1509 2618 1565 patre,
2648 1514 2869 1565 eamque
2894 1510 3035 1553 esset
3060 1502 3385 1565 consolatus,
3414 1502 3641 1555 abduxit
3669 1513 3721 1554 et
3762 1503 4012 1569 deposuit

2450 1588 2502 1640 in
2531 1588 2855 1640 monasterio
2899 1590 3205 1653 mulierum,
3240 1606 3430 1658 rogans
3457 1607 3575 1644 eam
3605 1607 3722 1658 qua:
3755 1594 3863 1644 illic
3893 1605 4014 1646 erat

2450 1678 2618 1746 prima
2646 1680 2883 1731 ministra
2900 1678 3246 1733 fraternitatis
3266 1692 3447 1735 uteam
3474 1684 3580 1736 illic
3608 1685 3902 1736 tolerarent
3926 1699 4009 1736 us-

2450 1783 2551 1835 que
2570 1770 2631 1821 ad
2655 1778 2858 1835 partum
2872 1769 3006 1836 ejus.
3038 1770 3126 1822 Illa
3141 1786 3266 1824 vero
3281 1772 3462 1825 relicta
3488 1774 3537 1823 in
3562 1774 3909 1835 monasterio,
3938 1776 4009 1827 le-

789 1874 879 1931 ,tua
912 1872 969 1916 ut
990 1877 1174 1915 omnes
1195 1871 1469 1915 serventur
1513 1860 1723 1928 (Ezech.
1767 1859 1992 1927 xum).
2024 1858 2079 1912 Si
2108 1872 2233 1926 ergo
2263 1871 2348 1911 me
2380 1856 2424 1912 Β
2450 1869 2563 1911 ctor
2582 1858 2765 1912 abiens
2782 1860 3302 1926 seipsumiuclusitin
3321 1861 3451 1914 cella
3469 1862 3707 1923 sordida,
3737 1863 3859 1915 vita:
3874 1878 3995 1915 sum

791 1967 1023 2021 quoque,
1076 1967 1191 2019 quae
1221 1966 1397 2018 pereo,
1430 1952 1507 2004 vis
1555 1965 1671 2002 esse
1698 1950 1897 2001 salvam
1919 1988 1933 2012 ,
1967 1949 2018 2000 in
2069 1949 2166 2000 hoc
2217 1947 2345 1999 mihi

790 2051 930 2094 tuam
959 2044 1174 2094 ostende
1204 2041 1486 2092 bonitatem
1509 2080 1523 2103 ,
1555 2050 1607 2092 et
1633 2054 1769 2092 nunc
1800 2048 1885 2091 tua
1916 2038 1980 2090 ad
2028 2052 2112 2091 me
2144 2052 2333 2105 perve-

794 2134 937 2183 niant
966 2131 1222 2183 mirabilia
1248 2146 1262 2193 ;
1297 2137 1350 2182 et
1387 2129 1516 2197 jube
1544 2128 1665 2181 hinc
1704 2128 1890 2182 abduci
1918 2138 1969 2180 et
1994 2128 2165 2194 colligi
2192 2127 2341 2195 (204)

791 2220 1017 2274 fructum
1047 2237 1177 2273 metr
1209 2220 1516 2287 iniquitatis,
1567 2221 1654 2288 qui
1683 2228 1969 2286 conceptus
1991 2230 2071 2272 est
2103 2220 2153 2271 in
2183 2218 2345 2271 lasci-

798 2314 877 2363 via
901 2352 913 2372 ,
945 2319 999 2364 et
1039 2312 1244 2378 genitus
1295 2310 1347 2362 in
1380 2321 1619 2377 peccato;
1654 2310 1902 2373 nain,nisi
1940 2312 2037 2361 hoc
2092 2312 2196 2371 liat,
2250 2322 2347 2375 ego

795 2403 892 2456 hac
920 2400 985 2455 de
1013 2416 1169 2454 causa
1199 2400 1278 2454 vel
1301 2416 1383 2453 me
1415 2403 1601 2468 laqueo
1628 2400 1897 2453 sulfocabo
1916 2440 1930 2463 ,
1965 2400 2047 2453 vel
2093 2402 2345 2466 meipsam

793 2494 845 2545 iu
877 2506 1105 2559 preceps
1132 2490 1393 2559 dejitiani.
1427 2492 1556 2544 Cum
1600 2492 1672 2544 sic
1708 2502 1905 2555 oraret,
1948 2492 2039 2542 fuit
2067 2491 2343 2553 exaudita;

794 2604 915 2639 nam
968 2589 1054 2654 qui
1112 2599 1264 2639 natus
1329 2586 1500 2637 fuerat
1559 2585 1770 2649 infans,
1840 2598 1941 2635 non
2008 2583 2173 2634 multo
2232 2592 2345 2648 post

797 2678 1042 2729 decessit.
1103 2677 1181 2729 Ab
1232 2676 1320 2728 illo
1369 2689 1492 2741 ergo
1540 2674 1625 2727 die
1670 2688 1773 2726 non
1824 2673 2051 2739 amplius
2102 2672 2348 2723 convenit

792 2782 909 2819 eum
933 2766 1018 2834 qui
1046 2768 1209 2834 ipsam
1234 2766 1507 2832 redegerat
1529 2768 1577 2817 in
1598 2765 1928 2826 servitutem;
1964 2761 2056 2816 sed
2100 2777 2155 2814 se
2187 2772 2347 2813 totam

794 2858 1070 2925 insigniter
1098 2857 1295 2909 dedens
1323 2856 1683 2919 continentiae,
1715 2857 1922 2923 a'grotis
1951 2854 2254 2919 mancisque
2285 2866 2349 2903 ac

798 2947 1051 3000 mutilatis
1080 2948 1311 3000 serviens
1336 2948 1545 3015 triginta
1577 2961 1742 2998 annos
1763 2992 1776 3012 ,
1812 2946 1878 2997 ita
1914 2946 2074 2997 Deum
2102 2945 2345 3011 placavit,

796 3038 1185 3106 prapitiumque
1217 3037 1468 3099 reddidit,
1500 3047 1557 3090 ut
1590 3037 1799 3089 cuidam
1858 3043 2043 3088 sancto
2076 3033 2349 3103 presbyte-

796 3142 855 3179 ro
883 3128 1225 3191 revelarctur,
1259 3125 1399 3178 illam
1438 3125 1543 3178 Deo
1576 3126 1740 3192 magis
1793 3125 2049 3188 placuisse
2094 3123 2145 3175 in
2178 3124 2343 3189 patui-

2458 1961 2597 1999 uiam
2629 1949 2919 2014 suscipiens
2946 1949 3301 2014 aSperitatem,
3333 1950 3398 2004 ad
3429 1950 3697 2002 Christum
3746 1951 4012 2003 accedens

2447 2039 2497 2091 iu
2539 2040 2698 2093 corde
2725 2042 2953 2093 contrito
2976 2056 3093 2093 cum
3124 2042 3303 2095 multis
3349 2043 3594 2110 lacrymis
3623 2052 3675 2095 et
3703 2043 4011 2109 gemitibus,

2446 2128 2630 2182 dicens
2656 2144 2668 2181 :
2693 2128 2793 2192 Tu,
2830 2130 3068 2192 Domine,
3121 2146 3265 2183 meas
3294 2132 3529 2185 actiones
3570 2133 3730 2195 nosti,
3763 2133 3852 2200 qui
3897 2134 4009 2186 scis

2448 2218 2643 2281 omnia,
2692 2233 2849 2284 quem
2882 2218 3011 2271 niliil
3059 2219 3209 2281 latet,
3242 2236 3411 2289 neque
3441 2230 3525 2275 est
3555 2223 3692 2274 ullus
3721 2222 3871 2275 locus
3913 2238 4011 2275 oc-

2446 2308 2618 2361 cultus
2649 2308 2699 2359 in
2740 2321 2844 2373 quo
2892 2308 3009 2374 quis
3058 2322 3115 2360 se
3158 2309 3446 2363 abscondat
3472 2326 3501 2363 a
3533 2322 3621 2363 tua
3666 2326 3783 2378 quae
3826 2314 4011 2365 omnia

2446 2398 2633 2464 aspicit
2676 2406 2964 2465 potestate,
3015 2400 3099 2465 qui
3132 2400 3283 2452 vides
3312 2402 3487 2451 omnia
3523 2402 3822 2467 priusquam
3854 2400 3987 2452 fiant

2448 2488 2526 2541 Tu
2574 2491 2715 2541 solus
2772 2488 2917 2541 vides
2974 2488 3230 2556 profunda
3277 2492 3676 2557 cogitationum,
3728 2500 3783 2542 et
3824 2490 4007 2542 omnis

2449 2579 2640 2631 mentis
2667 2580 2947 2643 conceptio
2972 2594 2999 2629 a
3041 2588 3089 2632 te
3114 2581 3368 2642 cernitur,
3400 2583 3617 2648 perinde
3644 2595 3704 2633 ac
3733 2580 3776 2633 si
3806 2581 4007 2645 aspici-

2450 2677 2533 2720 tur
2560 2668 2742 2720 oculis.
2784 2667 2860 2719 Tu
2893 2682 3009 2720 cum
3057 2669 3401 2735 cogitatorum
3451 2673 3525 2722 sis
3568 2685 3690 2723 acer
3731 2672 4009 2723 examina-

2451 2756 3027 2830 tor,perfectejudicas.
3063 2755 3140 2810 Tu
3170 2760 3257 2824 qui
3291 2758 3367 2811 eis
3391 2758 3789 2826 quialficiuntur
3810 2758 4006 2826 injuria

2450 2845 2552 2899 fers
2616 2846 2905 2909 auxilium,
2970 2847 3059 2914 qui
3124 2846 3235 2899 falli
3301 2862 3404 2899 non
3480 2859 3662 2913 potes,
3720 2848 3845 2901 dum
3915 2862 4009 2900 eos

2449 2934 2718 2997 vindicas,
2799 2936 2886 3000 qui
2955 2946 3273 3003 appetuntur
3352 2937 3666 3000 calumniis;
3722 2937 3805 2989 cui
3876 2938 4009 2989 nihil

2452 3024 2620 3091 placet
2658 3024 2942 3091 iujustum,
2992 3040 3148 3079 omne
3193 3036 3369 3079 autem
3421 3034 3741 3079 momentum
3793 3033 4011 3081 statera:

2449 3115 2663 3182 justitite
2693 3127 2773 3170 est
2798 3133 2826 3169 a
2852 3128 2900 3170 te
2925 3133 3155 3187 semper;
3184 3130 3319 3172 astat
3339 3120 3481 3172 enim
3514 3120 3601 3172 tibi
3637 3130 3894 3186 perpetuo
3920 3120 4008 3171 lux

796 3216 955 3268 tentia
979 3230 1131 3280 quam
1161 3216 1210 3267 in
1240 3216 1552 3281 virginitate.
1588 3216 1706 3268 "sic
1730 3225 1903 3268 autem
1930 3214 2125 3277 scribo,
2158 3230 2223 3266 ne
2251 3228 2341 3266 eus
2371 3202 2417 3265 C
2447 3205 2510 3257 Hd
2532 3220 2681 3266 (illam
2711 3222 2813 3259 ιιοη
2851 3216 2989 3273 Patet
3016 3209 3209 3272 adiIUS,
3244 3219 3297 3261 el
3322 3223 3479 3261 omne
3501 3222 3633 3275 opus
3666 3209 3895 3261 hominis
3926 3220 4007 3261 est

795 3322 879 3371 qui
927 3310 1087 3359 multa
1139 3316 1388 3372 peccant,
1438 3317 1490 3360 et
1533 3322 1596 3360 ex
1630 3308 1805 3358 animo
1834 3320 1896 3359 ac
1939 3307 2142 3359 sincere
2187 3315 2345 3371 agunt

795 3398 1176 3464 pmnitentiam,
1221 3408 1653 3451 contemnamus:
1683 3398 1818 3449 sicut
1864 3398 1978 3448 haec
2010 3396 2180 3458 beata,
2229 3411 2344 3463 quae

796 3501 888 3539 cor
915 3500 1066 3540 suum
1110 3488 1385 3549 contrivit,
1419 3497 1471 3539 et
1500 3486 1550 3538 in
1582 3486 1877 3539 humilitate
1908 3485 2068 3538 vitam
2098 3499 2244 3536 suam
2276 3483 2343 3536 li-

796 3574 1044 3643 quefecit,
1078 3589 1181 3627 non
1208 3576 1453 3642 despecta
1485 3576 1585 3629 fuit
1611 3590 1639 3627 a
1669 3574 1888 3628 Domino
1917 3588 2098 3628 eorum
2125 3576 2214 3642 qui
2243 3573 2343 3627 du-

796 3675 983 3718 cuntur
1008 3665 1333 3732 pteniteiitia.

1350 3775 1571 3831 CAPUT
1607 3774 1783 3831 CXLI.

795 3868 869 3923 De
900 3868 1007 3935 ﬁlia
1049 3868 1321 3937 presbyteri
1361 3884 1473 3935 quin
1514 3869 1743 3919 lectoient
1771 3865 2087 3920 calumniam
2127 3872 2265 3930 erat,
2297 3873 2342 3918 et

1317 3937 1585 3989 Eustathio
1618 3937 1821 3988 lectore.

866 4025 1149 4094 Cujusdam
1187 4026 1474 4094 presbyteri
1509 4025 1617 4077 filia
1647 4026 1792 4092 virgo
1821 4026 1870 4077 in
1900 4025 2139 4077 Caesarea
2169 4021 2340 4074 Palat-

796 4118 945 4169 stiure
995 4116 1158 4183 lapsa,
1210 4117 1276 4168 ab
1324 4130 1387 4168 eo
1437 4115 1523 4181 qui
1566 4114 1613 4167 ei
1664 4114 1847 4167 vitium
1893 4114 2138 4167 attulerat
2188 4112 2341 4165 docta

801 4207 989 4270 fuerat,
1040 4218 1093 4259 ut
1134 4206 1411 4273 quemdam
1442 4206 1667 4258 civitatis
1714 4204 1963 4257 lectorem
1996 4202 2344 4256 calumniare-

799 4310 899 4364 tur,
934 4311 985 4351 et
1014 4298 1150 4366 quod
1182 4305 1427 4363 corrupta
1450 4307 1609 4359 esset,
1658 4297 1709 4349 in
1738 4312 1854 4349 eum
1884 4295 2087 4362 culpam
2134 4293 2343 4348 confer-

794 4398 893 4443 ret.
926 4389 1158 4453 Cumque
1186 4389 1345 4440 ferret
1372 4397 1636 4448 ventrem,
1671 4402 1698 4438 a
1724 4396 1869 4454 patre
1896 4401 1991 4439 suo
2020 4386 2339 4449 examinata,

797 4477 1084 4529 nominavit
1121 4476 1393 4529 lectorem.
1436 4477 1543 4529 lloc
1586 4492 1702 4528 CUlll
1737 4476 1990 4528 audiisset
2035 4476 2306 4542 presbyter

2449 3312 2625 3351 coram
2676 3306 2745 3351 te.
2779 3296 2869 3351 Est
2896 3313 3021 3365 ergo
3064 3299 3135 3352 tui
3174 3299 3299 3368 justi
3331 3310 3381 3353 et
3409 3301 3749 3353 immutabilis
3789 3298 4008 3367 juditi'.

2445 3387 2532 3455 jus
2577 3402 2784 3455 quoque
2834 3404 3006 3442 meum
3059 3392 3419 3457 pronuntiare.
3478 3390 3774 3443 Eilicziciter
3825 3400 4007 3441 autem

2450 3489 2635 3532 orante
2661 3480 3016 3543 adolescente,
3048 3490 3101 3532 et
3133 3481 3182 3532 in
3220 3480 3425 3547 jejunio
3455 3481 3733 3548 diligeuter
3761 3494 4010 3547 perseve-

2448 3578 2643 3632 rante,
2724 3571 2859 3624 intra
2935 3570 3093 3624 breve
3172 3580 3377 3637 tempus
3457 3572 3735 3624 adfuerunt
3791 3574 4009 3624 dolores

2448 3664 2562 3727 ejus
2646 3672 2843 3727 partus.
2926 3660 3160 3725 Cumque
3241 3662 3541 3715 advenis~et
3609 3662 3756 3724 hora,
3838 3662 4009 3715 adfuit

2447 3749 2603 3803 etiam
2644 3749 2843 3817 justum
2870 3750 2959 3802 Dei
2984 3750 3259 3816 judicium,
3292 3751 3519 3803 alferens
3548 3755 3919 3804 vehementem
3952 3764 4005 3805 et

2448 3838 2834 3893 intolerabilem
2882 3840 3114 3892 dolorem
3169 3841 3214 3893 ei
3260 3856 3376 3907 quae
3424 3841 3593 3893 fuerat
3639 3841 4001 3893 calumniata:

2447 3928 2731 3996 gemituum
2778 3929 3031 3981 immensa
3086 3930 3400 3993 multitudo,
3451 3928 3656 3981 labores
3692 3937 3874 3995 partas
3925 3932 4006 3982 in-

2446 4016 2787 4079 enarrabiles,
2820 4017 3007 4071 inferni
3033 4018 3409 4085 suppliciorum
3442 4020 3670 4072 visiones
3697 4020 4000 4080 terribiles,

2448 4108 2583 4161 hanc
2609 4103 2858 4161 miseram
2890 4108 3094 4162 fortiter
3137 4110 3463 4174 obsidentes,
3497 4121 3548 4163 et
3580 4110 3751 4163 infans
3784 4121 4004 4174 propter

2449 4198 2859 4264 magnitudinem
2885 4212 2987 4249 non
3016 4198 3254 4264 prodibat
3283 4213 3347 4250 ex
3385 4211 3552 4251 utero.
3588 4198 3850 4251 Praeteriit
3891 4200 4005 4252 dies

2447 4287 2645 4354 primus
2662 4294 2715 4338 et
2736 4286 3017 4347 secundus,
3044 4296 3095 4339 et
3118 4287 3328 4339 dolores
3349 4298 3500 4340 eiant
3524 4289 4000 4350 intolerabiliurcs;

2446 4377 2747 4429 adventavit
2791 4376 2974 4429 tertius
3010 4386 3061 4427 et
3090 4387 3336 4443 quartus,
3372 4385 3425 4429 et
3467 4388 3679 4429 secutus
3724 4388 3806 4429 est
3850 4378 4004 4430 dolor

2448 4468 2621 4519 tnu!tis
2654 4468 2902 4531 partubus
2932 4468 3171 4533 gravior;
3205 4469 3418 4535 quintus
3447 4479 3499 4521 et
3528 4479 3709 4521 sextus
3751 4477 3804 4520 et
3833 4471 4003 4534 septi-

795 4564 1135 4618 couturbatus
1168 4567 1339 4617 retulit
1364 4566 1426 4616 ad
1456 4565 1777 4631 episcopum.
1815 4565 1922 4616 Hoc
1948 4578 2064 4615 cum
2091 4563 2341 4614 audiisset
2372 4549 2424 4608 D
2452 4574 2564 4611 mus
2608 4561 2939 4623 tenebrosus,
2991 4568 3043 4611 et
3071 4559 3249 4611 infelix
3278 4558 3466 4611 mulier
3496 4574 3560 4611 ex
3606 4559 3770 4612 multo
3817 4559 4003 4611 dolore

796 4658 1095 4722 episcopus,
1110 4659 1413 4708 convocavit
1429 4655 1708 4707 concilium
1729 4654 2079 4715 sacerdotum,
2110 4651 2337 4719 fecitque

798 4746 973 4799 vocari
1002 4746 1280 4807 lectorem,
1310 4747 1478 4811 deque
1505 4760 1567 4796 eo
1599 4744 1780 4797 habuit
1808 4742 2153 4809 queas-tionem
2180 4783 2193 4806 ,
2223 4755 2337 4794 rem

798 4839 1123 4889 examinans.
1166 4834 1395 4901 Rogatus
1433 4845 1607 4887 autem
1646 4836 1710 4886 ab
1758 4834 2034 4900 episcopo,
2093 4846 2202 4884 rem
2235 4846 2338 4882 non

799 4927 1053 4981 fatebatur
1078 4927 1261 4987 lector;
1280 4940 1395 4976 nam
1414 4924 1549 4991 quod
1574 4926 1766 4975 factum
1790 4924 1855 4974 ab
1880 4923 1993 4989 ipso
2018 4936 2118 4975 non
2144 4922 2333 4984 fuerat,

799 5014 1060 5081 quomodo
1091 5012 1191 5065 dici
1226 5013 1459 5078 poterat?
1488 5010 1643 5076 .Egre
1673 5026 1797 5078 ergo
1826 5010 2000 5063 ferens
2027 5011 2303 5076 episcopus
2323 5049 2336 5070 ,

796 5102 1105 5171 gravissima
1152 5115 1278 5152 voce
1324 5102 1372 5154 ei
1412 5100 1794 5152 dicebat:Non
1843 5099 2092 5152 fateberis
2140 5100 2339 5165 lapsum

798 5198 966 5250 reum,
999 5196 1053 5240 et
1078 5202 1201 5255 ages
1224 5189 1603 5254 paenitentiam,
1621 5202 1653 5239 0
1676 5188 1852 5240 infelix
1875 5198 1930 5239 et
1950 5188 2098 5252 plene
2120 5188 2343 5238 immun-

798 5276 962 5330 ditia?
992 5275 1277 5342 Respondit
1317 5278 1519 5329 lector:
1557 5276 1701 5344 Rogo
1732 5283 1809 5337 te;
1842 5275 1949 5327 dixi
1993 5275 2043 5327 id
2089 5275 2224 5340 quod
2257 5290 2341 5327 res

798 5374 901 5428 est,
934 5366 1065 5417 banc
1106 5380 1213 5416 rem
1254 5365 1317 5417 ad
1364 5380 1445 5418 me
1487 5365 1616 5418 nihil
1662 5365 1941 5431 pertinere.
1990 5364 2153 5416 Plane
2199 5366 2338 5417 enim

798 5454 945 5519 culpa
974 5467 1159 5515 careo,
1209 5462 1265 5507 ut
1296 5453 1379 5520 qui
1427 5453 1492 5507 de
1518 5469 1577 5505 ea
1605 5469 1671 5506 ne
1700 5454 2036 5520 cogitaverim
2082 5452 2293 5518 quidem
2323 5469 2337 5515 ;

799 5544 1238 5595 sinautemvultis
1275 5539 1466 5596 audire
1522 5542 1577 5596 id
1632 5542 1779 5611 quod
1833 5554 1945 5593 non
1996 5546 2100 5605 est,
2135 5541 2335 5593 dicam:

800 5631 941 5685 Feci.
970 5631 1077 5684 Iluc
1103 5632 1345 5698 eumipsa
1370 5630 1609 5692 dixisset,
1642 5629 1884 5694 deposuit
1907 5643 2025 5681 eum
2054 5628 2337 5693 episcOpus

797 5722 869 5778 ab
893 5720 1070 5776 olftcio
1107 5722 1337 5779 lectoris.
1374 5720 1498 5775 Post
1538 5720 1638 5777 hoc
1666 5719 1911 5777 accidens
1940 5720 2004 5773 ad
2037 5720 2197 5789 pedes
2226 5720 2337 5785 cpi-

2448 4649 2755 4703 versabatur
2806 4649 2854 4701 in
2888 4648 3086 4701 inferis.
3139 4650 3193 4702 ln
3237 4651 3481 4702 omnibus
3510 4651 3589 4702 his
3629 4651 3818 4703 diebus
3851 4666 4002 4703 tuan-

2448 4739 2515 4791 sit
2544 4754 2711 4805 neque
2738 4738 2953 4791 omnino
2980 4739 3150 4791 cibum
3179 4753 3412 4801 sumens,
3444 4754 3540 4793 nec
3568 4740 3826 4791 tantillum
3859 4755 4001 4791 50m-

2449 4842 2572 4880 num
2615 4826 2827 4889 videns;
2879 4826 2972 4878 sed
3005 4826 3225 4879 luctibus
3272 4836 3326 4878 et
3374 4829 3697 4893 gravissimis
3746 4828 3992 4881 dolorum

2450 4914 2723 4967 tormentis
2746 4914 3164 4981 succedentibus,
3212 4927 3325 4982 post
3360 4916 3468 4968 huic
3491 4916 3684 4979 omnia,
3721 4920 3916 4968 vitiata:
3946 4927 3999 4970 et

2447 5005 2593 5058 falsa:
2623 5006 2954 5058 accusatricis
3004 5020 3098 5059 cor
3128 5006 3428 5068 inflexibiie,
3478 5009 3615 5059 victa
3643 5023 3669 5058 a
3708 5008 3795 5059 Dei
3846 5022 3996 5075 pote-

2446 5104 2602 5155 state.
2648 5110 2762 5162 quae
2787 5111 2888 5147 non
2936 5097 3071 5148 cadit
3102 5097 3199 5149 sub
3224 5108 3511 5161 aspectum,
3565 5099 3991 5151 intolerabil;bus

2449 5184 2716 5237 doloribus
2746 5185 2945 5237 addidit
2989 5186 3145 5236 etiam
3175 5187 3579 5248 confessionem,
3617 5187 3820 5252 lugubri
3871 5203 3997 5239 voce

2448 5279 2785 5331 exclamans:
2813 5276 2904 5328 Hei
2934 5276 3058 5327 mihi
3091 5275 3309 5328 misera!
3344 5278 3494 5328 venio
3525 5277 3575 5327 in
3608 5277 3897 5342 periculum
3932 5292 3996 5329 ne

2448 5380 2679 5433 peream,
2727 5374 2780 5417 ut
2826 5380 2941 5430 qua:
2972 5365 3021 5415 in
3068 5364 3173 5416 duo
3216 5363 3349 5416 mala
3394 5364 3687 5425 inciderim,
3721 5378 3913 5429 nempe
3948 5368 3995 5420 in

2447 5455 2758 5507 calumniam
2805 5463 2858 5506 et
2906 5454 3319 5517 fornicationem,
3370 5463 3426 5506 et
3467 5454 3656 5505 amissa
3690 5452 3995 5521 virginitate

2444 5557 2558 5596 sum
2587 5544 2767 5595 tiadita
2794 5543 3128 5605 detractioni;
3156 5553 3208 5595 et
3247 5556 3363 5594 cum
3394 5542 3519 5594 milii
3565 5542 3634 5595 sit
3659 5542 3723 5594 ab
3772 5543 3881 5592 alio
3912 5544 3990 5592 al-

2443 5632 2604 5683 latqu
2648 5631 2853 5691 vitium,
2884 5631 3124 5682 accusavi
3167 5630 3435 5683 lectorem.
3484 5630 3611 5681 Cum
3658 5630 3772 5681 haec
3814 5640 3990 5681 autem

2444 5719 2737 5774 andiissent
2768 5720 2990 5787 virgines
3020 5718 3344 5780 monasterii,
3381 5718 3533 5771 Patri.
3550 5718 3667 5786 ejus
3699 5719 3875 5771 munia
3908 5733 3988 5773 re-
