4258 6360
262 388 399 457 1241

826 514 1077 574 ΚΕΦΑΛ.
1134 521 1269 575 PM'.

254 597 396 664 Περὶ
427 597 539 665 τῆς
566 598 981 673 ἀπατηθείσης
1017 610 1340 676 παρθένου,
1372 612 1473 665 καὶ
1502 614 1832 682 μεταγνού-

974 694 1112 743 σης.

337 759 634 829 ’Λσκητρία
686 780 768 825 τις
817 766 1085 835 παρθένος
1126 769 1449 822 συνοικοῦσα
1488 769 1671 830 ἄλλαις
1714 770 1833 825 δυσὶ

249 842 542 907 παρθένοις
566 844 777 914 ἠσκήθη
802 847 893 898 ἐπὶ
918 848 1010 919 ἐτη
1042 852 1197 903 ἐννέα
1232 851 1263 921 ἢ
1296 851 1445 904 δέκα.
1473 853 1621 921 Αὕτη
1648 853 1829 907 δελεα-

250 923 444 977 σθεῖσα
477 929 624 993 παρὰ
650 928 853 992 ψάλτου
879 932 1021 993 τινὸς
1048 933 1221 1003 τούτῳ
1257 934 1584 1003 συνεφθάρη,
1616 936 1720 998 καὶ,
1739 936 1833 988 λα-

247 1005 419 1057 ϐοῦσα
450 1008 592 1061 κατὰ
623 1011 858 1079 γαστρὸς
891 1012 1093 1067 ἔτεκεν.
1144 1016 1239 1077 Είς
1276 1016 1443 1083 ἀκρον
1472 1016 1528 1068 δέ
1558 1020 1710 1086 μῖσος
1745 1018 1831 1069 ἐλ-

249 1089 420 1142 θοῦσα
460 1091 555 1142 τοῦ
584 1093 788 1162 ταύτην
812 1096 1192 1164 ἀπατήσαντος
1223 1098 1495 1168 κατενύγη
1528 1100 1627 1170 τὴν
1653 1100 1831 1170 ψυχὴν

246 1172 327 1233 είς
375 1173 558 1240 βάθος,
612 1174 708 1226 καὶ
737 1176 818 1237 εἰς
862 1178 1117 1231 τοσοῦτον
1149 1179 1384 1248 ἔφθασεν
1425 1182 1620 1251 μέτρον
1668 1200 1830 1251 μετα-

246 1256 417 1319 νοίας,
446 1256 523 1319 ώς
546 1256 611 1309 ἂν
632 1260 909 1328 ἀποκαρτε
920 1260 1163 1330 ρήσασαν
1185 1263 1388 1333 ταύτην
1417 1268 1482 1335 τῇ
1510 1268 1826 1337 ἐγκρατείᾳ,

245 1338 344 1389 καὶ
370 1338 515 1408 λιμῷ
538 1340 713 1391 θέλειν
736 1342 937 1412 ἐαυτὴν
962 1344 1278 1398 ἀποκτεῖναι
1299 1363 1314 1377 ⁸
1348 1349 1505 1401 τοῦτο
1533 1365 1829 1418 προσευχο-

249 1418 390 1487 μένη
418 1422 554 1488 μετὰ
584 1421 859 1491 δακρύων,
900 1426 995 1477 καὶ
1024 1424 1115 1478 τοῦ
1147 1426 1282 1480 Θεοῦ
1310 1429 1569 1498 δεομένη,
1614 1430 1707 1482 καὶ
1736 1432 1828 1485 λέ-

244 1518 451 1568 γουσα,
482 1504 565 1555 ὅτι
631 1504 689 1557 Ὀ
726 1505 857 1569 Θεὸς
902 1508 929 1559 6
976 1509 1170 1576 μέγας,
1218 1512 1246 1562 6
1286 1511 1568 1580 βαστάζων
1611 1514 1828 1567 πάντων

246 1586 405 1655 ἡμῶν
442 1588 511 1639 τά
547 1588 955 1658 ἁμαρτήματα,
1007 1593 1102 1643 καὶ
1135 1594 1334 1657 παντὸς
1373 1595 1468 1647 τοῦ
1500 1596 1702 1666 κόσμου
1729 1597 1826 1664 τὴν

244 1672 486 1737 ἄμετρον
534 1671 753 1735 κακίαν,
801 1675 830 1723 6
862 1674 936 1741 μὴ
982 1675 1299 1745 βουλόμενος
1325 1677 1417 1729 τὸν
1448 1678 1675 1731 θάνατον
1717 1680 1827 1731 τῶν

245 1752 609 1818 ἁμαρτωλῶν,
643 1754 737 1804 καὶ
779 1754 879 1821 τὴν
909 1754 1185 1809 ἀπώλειαν
1228 1758 1337 1810 τῶν
1373 1760 1670 1824 πεσόντων,
1710 1761 1826 1813 ἀλλ’

1490 408 1849 470 HISTORIA
1888 408 2275 477 LAUSIACA.

1861 526 1906 581 Α
1937 530 2103 612 χωρὶς
2127 529 2224 583 τοῦ
2248 532 2430 599 τιμίου
2458 532 2719 605 βήματος,
2742 538 2835 589 καὶ
2865 538 2941 609 μὴ
2967 536 3106 594 εἶναι
3145 560 3213 612 με
3242 544 3391 609 ἀξιον
3410 552 3506 601 τοῦ

3371 433 3505 499 1242

1935 611 2071 666 εἶναι
2102 615 2363 683 κληρικδν
2384 617 2483 685 τῆς
2511 618 2609 687 σῆς
2640 620 2972 691 ἁγιωσύνης.
3008 611 3258 680 κέλευσόν
3295 646 3386 697 μοι
3408 634 3507 683 αὑ-

1933 699 2032 765 τὴν
2054 701 2163 751 ἀπὸ
2196 700 2289 751 τοῦ
2322 699 2414 753 νῦν
2445 701 2666 770 δοθῆναι
2695 706 2773 765 είς
2805 708 3054 771 γυναῖκα.
3087 708 3223 761 Ούτε
3252 712 3359 778 γάρ
3397 714 3505 765 λοι-

1937 782 2033 832 πον
2058 780 2166 847 ἐγὼ
2195 781 2473 851 κληρικὸς,
2497 784 2619 837 οὔτε
2642 786 2699 838 δὲ
2720 789 2899 855 ἐκείνη
2920 790 3204 857 παρθένος.
3244 794 3506 855 Ἀκούσας

1932 860 1989 913 δέ
2029 862 2200 914 ταῦτα
2251 865 2279 914 6
2310 866 2625 928 ἐπίσκοπος,
2671 869 2762 921 καὶ
2792 871 2819 921 6
2850 872 3221 941 πρεσϐύτερος
3258 878 3284 927 6
3323 886 3506 948 παεηρ

1932 947 2121 1007 αὐτῆς,
2148 946 2359 1000 ἔκδοτον
2384 948 2550 1018 αὐτὴν
2573 951 2835 1005 δεδώκασι
2865 954 2943 1023 τῷ
2971 956 3312 1029 ἀναγνώστῃ,
3341 946 3505 1027 προσέ

1930 1028 2257 1100 δοκήσαντες
2282 1032 2584 1085 διακεῖσθαι
2615 1035 2705 1087 τὸν
2731 1037 2993 1107 νεώτερον
3025 1041 3151 1108 περὶ
3186 1042 3373 1112 αὐτὴν,
3412 1044 3505 1095 καὶ

1931 1110 2107 1172 ἄλλως
2142 1113 2215 1182 μὴ
2245 1115 2503 1167 δύνασθαι
2535 1117 2878 1187 ἀποκοπῆναι
2916 1122 3015 1190 τῆς
3050 1110 3355 1192 συνηθείας.
3390 1128 3505 1178 Λα-

1931 1193 2041 1245 ϐὼν
2074 1195 2130 1248 δὲ
2170 1198 2342 1269 αὐτὴν
2376 1200 2405 1251 6
2435 1198 2698 1266 νεώτερος
2743 1204 2825 1263 είς
2858 1204 2954 1265 τὰς
2986 1207 3194 1273 χεῖρας,
3231 1208 3323 1259 καὶ
3354 1209 3503 1277 παρά

1931 1278 2022 1330 τοῦ
2060 1282 2382 1345 ἐπισκόπου,
2417 1284 2510 1336 καὶ
2538 1286 2687 1353 παρὰ
2715 1287 2810 1338 τοῦ
2858 1290 3065 1357 πατρὸς
3096 1291 3287 1357 αὐτῆς,
3323 1308 3503 1361 παρα-

1930 1361 2166 1425 καλέσας
2197 1364 2253 1416 δὲ
2295 1365 2483 1434 αὐτὴν,
2518 1368 2823 1435 ἀπαγαγὼν
2854 1370 3355 1441 ταύτην.παρέθετο
3397 1391 3500 1443 μο-

1930 1445 2205 1516 ναστηρίῳ
2233 1448 2523 1512 γυναικῶν,
2562 1450 2949 1516 παρακαλέσας
2975 1450 3071 1520 τὴν
3100 1454 3286 1507 αὐτόθι
3314 1456 3498 1508 διάκο-

1931 1544 2018 1579 νον
2044 1528 2143 1597 τῆς
2176 1529 2537 1601 ἀδελφότητος
2574 1533 2735 1603 μέχρι
2766 1534 2873 1587 τῶν
2901 1537 3124 1605 ἡμερῶν
3156 1538 3249 1589 τοῦ
3274 1538 3497 1593 τοκετοῦ

1928 1610 2096 1679 αὐτῆς
2126 1612 2457 1681 ἀνασχέσθαι
2490 1614 2712 1683 ταύτης.
2748 1617 2854 1668 Καὶ
2886 1618 3202 1670 καταλιπὼν
3235 1622 3404 1690 αὐτὴν
3440 1623 3499 1673 ἐν

1926 1692 2006 1762 τῷ
2024 1696 2409 1764 μοναστηρίῳό
2428 1698 2799 1766 ἀναγνώστης,
2817 1700 3067 1752 ἀπελθὼν
3090 1703 3282 1754 ἑαυτὸν
3302 1704 3471 1769 ἐγκαο
3484 1734 3499 1742 -

1928 1775 2107 1842 εἷρξεν
2153 1778 2233 1837 είς
2293 1777 2502 1830 κελλίον
2552 1780 2859 1849 αὐχμηρὸν,
2893 1782 3177 1836 ἀναλαϐὼν
3221 1786 3493 1839 πολιτείαν

245 1835 412 1936 {lein
438 1836 617 1933 πᾶσαν
638 1836 973 1936 τὴνππξτίξιψ
1007 1838 1097 1936 σὺν
1121 1841 1369 1936 γάρέστξ
1403 1842 1613 1936 θέλημα
1628 1844 1688 1895 τὸ
1723 1843 1827 1895 σώο
1858 1852 1898 1906 Β
1933 1835 2348 1925 σκλνηραγωγίας
2381 1835 2709 1929 ἀκροτάτην,
2730 1835 3051 1931 ’προσελθὼν
3079 1867 3155 1934 τῷ
3191 1835 3499 1936 χριάτῷξζ,

245 1919 434 1981 ζεσθαι
466 1920 696 1982 πάντας.
738 1920 798 1972 Εἰ
829 1920 921 1973 οῦν
949 1925 1043 1975 καὶ
1073 1926 1172 1992 ἐμὲ
1206 1926 1304 1995 τὴν
1344 1927 1686 1996 ἀπολομένην
1725 1944 1826 1979 σω-

245 2001 408 2069 θῆναι
441 2000 634 2062 θέλεις,
665 2002 723 2052 ἐν
751 2002 924 2070 τούτῳ
952 2022 1040 2073 μοι
1071 2006 1244 2070 δεῖξον
1280 2009 1377 2077 τήν
1414 2010 1512 2078 σὴν
1540 2008 1825 2074 ἀγαθωσύ-

244 2101 364 2151 νην,
403 2085 495 2135 καὶ
526 2082 620 2135 νῦν
656 2082 745 2146 δὸς
783 2082 983 2151 φθάσαι
1014 2088 1101 2139 ἐπ’
1137 2090 1262 2157 ἐμοὶ
1292 2090 1361 2142 τά
1391 2091 1672 2159 θαυμάσιά
1705 2109 1822 2157 σου,

243 2163 342 2214 καὶ
374 2162 631 2225 κέλευσον
669 2164 1002 2231 συναχθῆναι
1038 2166 1128 2220 τὸν
1170 2168 1380 2235 καρπὸν
1415 2172 1515 2240 τῆς
1541 2170 1683 2238 ἐμῆς
1706 2172 1826 2223 ἀνοι

247 2245 397 2313 μίας⁸
438 2244 498 2295 τὸ
550 2244 858 2313 συλληφθὲν
899 2248 957 2298 ἐν
1010 2249 1291 2319 ἀσελγείᾳ,
1336 2251 1430 2303 καὶ
1476 2253 1735 2322 γεννηθὲν
1766 2254 1824 2307 ἐν

244 2328 491 2397 ἁμαρτίᾳ
539 2328 639 2395 τῆς
688 2328 827 2397 ὲμῆς
871 2329 1165 2394 ἀπωλείας.
1229 2334 1354 2386 Ἐὰν
1388 2335 1501 2405 γὰρ
1546 2335 1702 2389 τοῦτο
1749 2335 1824 2408 μὴ

245 2413 497 2481 γένηται,
522 2410 554 2479 ἢ
579 2410 785 2481 ἀγχόνῃ
818 2410 926 2479 ἔχω
956 2414 1299 2484 χρήσασθαι,
1334 2417 1367 2486 ἢ
1396 2416 1592 2489 ἑαυτήν
1614 2420 1825 2473 δισκεῦ-

247 2512 359 2547 σαι.
406 2495 636 2546 Ἕνεκεν
683 2493 875 2546 τούτου
914 2496 1143 2566 δεομένη
1185 2500 1536 2572 εἰσηκούσθη.
1596 2503 1667 2554 Τὸ
1716 2503 1825 2572 γὰρ

240 2576 435 2646 τεχθὲν
462 2577 523 2628 ού
559 2576 695 2645 μετὰ
724 2577 858 2629 πολὺ
881 2578 1249 2650 ἐτελεύτησεν.
1288 2582 1418 2635 Ἀπὸ
1440 2583 1531 2635 οῦν
1562 2585 1661 2654 τῆς
1691 2585 1826 2654 ήμέο

246 2677 348 2729 ρας
362 2659 577 2729 ἐκείνης
597 2659 671 2728 τῷ
696 2660 795 2727 μὲν
816 2660 1021 2726 ταύτην
1035 2663 1491 2732 αἰχμαλωτίσαντι
1508 2668 1691 2720 οὐκέτι
1710 2684 1826 2720 συν⁴

245 2745 459 2811 έτυχεν,
484 2741 698 2793 ἔκδοτον
725 2741 780 2793 δὲ
810 2742 1008 2813 ἑαυτὴν
1031 2746 1109 2805 είς
1132 2746 1308 2814 ἄκραν
1327 2746 1651 2817 ἐγκράτειαν
1666 2749 1825 2802 δέδω-

245 2842 364 2876 κεν·
390 2824 675 2887 νοσούσαις
706 2828 800 2878 καὶ
834 2827 1239 2897 λελωϐημέναις
1268 2830 1711 2902 ἐξυπηρετήσατο
1732 2836 1825 2887 ἐπὶ

244 2910 543 2977 τριάκοντα
594 2908 709 2976 ἐτη.
749 2909 936 2971 Οὕτως
979 2910 1069 2962 τὸν
1101 2912 1234 2964 Θεὸν
1272 2913 1679 2984 δυσωπήσασα,
1728 2918 1823 2969 καὶ

245 2992 406 3044 ἵλεων
427 2992 591 3060 ἑαυτῇ
612 2995 1021 3061 καταστήσασα,
1038 2992 1112 3055 ὡς
1127 2995 1580 3065 ἀποκαλυφθῆναί
1594 3016 1696 3051 τινι
1716 2998 1824 3051 τῶν

244 3075 424 3142 ἀγίων
453 3076 864 3145 πρεσϐυτέρων,
890 3078 971 3129 ὅτι
1009 3076 1071 3129 Ἦ
1116 3078 1263 3131 δεῖνά
1294 3097 1383 3148 μοι
1410 3082 1608 3149 μᾶλλον
1631 3084 1824 3153 εὐηρέ·

246 3175 448 3226 στησεν
476 3158 535 3209 ἐν
562 3161 627 3227 τῇ
665 3158 947 3228 μετανοίᾳ,
979 3158 1011 3227 ἦ
1044 3160 1101 3212 ἐν
1126 3163 1192 3230 τῇ
1228 3163 1515 3234 παρθενίᾳ.

246 3244 466 3313 γράφω,
498 3243 583 3293 ἵνα
609 3242 681 3311 μὴ
705 3243 1138 3311 καταφρονῶμεν
1158 3244 1265 3296 τῶν
1293 3246 1460 3298 πολλά
1487 3248 1826 3316 ἁμαρτανόν-

244 3344 376 3386 των,
409 3328 505 3378 καὶ
535 3327 598 3378 ἐκ
626 3325 849 3395 καρδίας
884 3327 1285 3394 μετανοούντων
1305 3344 1319 3359 ·
1346 3329 1527 3392 καθὼς
1550 3332 1641 3383 καὶ
1667 3333 1698 3399 ή
1726 3348 1827 3400 μα-

247 3409 417 3478 καρία
445 3409 583 3475 αὓτη
620 3408 717 3475 τὴν
746 3409 946 3476 ἐαυτῆς
983 3409 1212 3479 καρδίαν
1244 3411 1600 3481 συντρίψασα,
1642 3414 1737 3463 καὶ
1769 3414 1826 3464 ἐν

246 3490 717 3559 ταπεινοφροσύνῃ
772 3489 871 3558 τὴν
934 3491 1137 3560 ἑαυτῆς
1185 3491 1327 3561 ζωὴν
1382 3493 1824 3557 καθυποτάξασα,

246 3577 349 3630 οὐκ
405 3573 735 3641 ἐξουδενώθη
802 3572 954 3642 παρά
1004 3573 1099 3625 τοῦ
1150 3576 1417 3628 Δεσπότου
1482 3577 1589 3629 τῶν
1663 3595 1827 3646 μετα-

246 3657 530 3711 ναούντων.

798 3743 1051 3797 ΚΕΦΛΔ.
1096 3746 1277 3799 PMA'.

318 3852 458 3919 Περὶ
492 3850 601 3917 τῆς
632 3852 1192 3919 συκοφαντησάσης
1216 3853 1610 3921 ἀναγνώστην
1640 3856 1794 3908 τινά.

317 3942 696 4012 Βρεσϐυτέρου
720 3942 863 4003 τινὸς
889 3942 1134 4012 θυγάτηρ
1157 3944 1424 4012 παρθένος
1440 3946 1495 3995 ἐν
1520 3946 1824 4016 Καισαρείᾳ

244 4029 344 4096 τῆς
360 4026 741 4095 Παλαιστίνης,
755 4025 1064 4077 ἐκπεσοῦσα
1078 4028 1226 4095 παρά
1238 4026 1328 4078 τοῦ
1344 4027 1546 4098 ταύτην
1566 4029 1822 4099 φθείραν-

244 4127 360 4172 τος,
390 4108 640 4176 ἐδιδάχθη
666 4106 1019 4175 ἀναγνώστην
1042 4109 1163 4160 τινά
1189 4110 1287 4177 τῆς
1320 4110 1529 4172 πόλεως
1558 4128 1825 4179 συκοφαν-

243 4194 430 4261 τῆσαι,
466 4191 701 4258 κάκείνῳ
731 4190 1033 4258 περιθεῖναι
1058 4190 1157 4260 τὴν
1189 4191 1593 4261 διεφθαρμένην
1619 4194 1819 4248 αίτίαν.

244 4276 356 4326 Καὶ
402 4273 668 4341 γενομένη
714 4273 849 4339 πρὸς
892 4272 1152 4341 γαστρὸς,
1197 4273 1495 4344 ἐταζομένη
1550 4275 1699 4345 παρά
1729 4276 1822 4328 τοῦ

246 4358 379 4409 ιδίου
409 4355 635 4424 πατρὸς,
665 4357 919 4406 κατεῖπεν
948 4354 1043 4406 τοῦ
1072 4356 1437 4421 ἀναγνώστου.
1482 4357 1743 4421 Ἀκούσας
1765 4359 1822 4411 δὲ

242 4438 404 4491 τοῦτο
440 4439 468 4489 6
510 4436 900 4504 πρεσϐύτερος,
930 4438 1023 4488 καὶ
1057 4437 1371 4507 ταραχθεὶς,
1408 4440 1714 4508 ἀνήνεγκεν
1742 4441 1819 4510 τῷ

244 4519 549 4586 ἐπισκόπῳ.
584 4517 787 4571 Μαθὼν
819 4518 975 4571 τοῦτο
1004 4523 1031 4572 ό
1074 4520 1390 4585 ἐπίσκοπος,
1424 4524 1817 4593 συνεκρότησεν
1850 4510 1894 4564 Ῑ)

242 4602 305 4654 τὸ
338 4604 599 4671 ίερατεῖον
619 4616 633 4631 ·
675 4603 769 4652 καί
800 4604 1123 4670 ποιήσαντες
1154 4603 1419 4671 κληθῆναι
1450 4605 1541 4656 τὸν
1573 4605 1821 4671 ἀναγνώ-

245 4700 380 4751 στην
402 4682 721 4745 ἐϐασάνιζον
745 4685 845 4750 τὴν
870 4684 1122 4736 ὑπόθεσιν
1145 4684 1236 4738 τοῦ
1266 4687 1609 4757 πράγματος.
1655 4688 1822 4757 Ἐρω-

241 4768 485 4836 τώμενος
528 4768 706 4818 τοίνυν
744 4768 773 4819 6
800 4768 1151 4837 ἀναγνώστης
1192 4770 1343 4838 παρά
1373 4770 1465 4821 τοῦ
1494 4772 1818 4834 ἐπισκόπου,

242 4854 341 4919 οὑχ
376 4850 675 4916 ὡμολόγει⁸
708 4850 767 4901 τὸ
799 4852 906 4919 γὰρ
944 4852 1022 4920 μὴ
1054 4853 1293 4921 πραχθὲν
1343 4854 1472 4923 παρ’
1500 4854 1663 4905 αὑτοῦ
1705 4855 1822 4915 πῶς

242 4933 323 4986 ἔνι
353 4933 446 4985 καὶ
475 4932 741 5000 ρηθῆναι;
784 4934 1127 4999 Ἀγανακτῶν
1158 4932 1250 4986 οὖν
1278 4938 1304 4986 ὀ
1332 4936 1648 4998 ἐπίσκοπος,
1685 4937 1823 5004 μετὰ

243 5014 681 5083 ἐμϐριθεστάτης
730 5016 910 5083 φωνῆς
946 5016 1129 5081 ἔλεγεν
1159 5020 1333 5085 τούτῳ
1354 5034 1365 5045 °
1401 5018 1513 5085 Ούχ
1545 5020 1822 5086 ὁμολογεῖς

246 5114 343 5149 σου
373 5098 433 5148 τὸ
457 5100 724 5164 πταῖσμα,
747 5099 842 5151 καὶ
866 5102 1166 5166 μετανοεῖς,
1204 5100 1355 5153 ἄθλιε
1378 5102 1470 5153 καὶ
1488 5101 1811 5171 ταλαίπωρε,

244 5180 341 5233 καὶ
370 5180 709 5249 ἀκαθαρσίας
753 5184 1176 5251 μεμεστωμένε;
1224 5183 1581 5251 Ἀπεκρίνατο
1609 5187 1637 5237 ό
1694 5188 1825 5239 ἀνα-

244 5260 525 5329 γνώστης·
562 5262 701 5327 Ἐγὼ
726 5263 915 5331 δέομαί
946 5280 1061 5327 σου,
1092 5265 1152 5315 τὸ
1180 5265 1238 5317 ὅν
1268 5262 1442 5330 εἷπον,
1467 5269 1546 5318 ὅτι
1567 5269 1623 5319 ἐν
1652 5267 1824 5335 τούτῳ

246 5347 482 5416 πρᾶγμα
502 5346 603 5397 οὐκ
634 5344 772 5414 ἐχω-
805 5348 1040 5410 ἀναίτιος
1069 5350 1177 5419 γάρ
1226 5351 1340 5417 εἰμι
1376 5350 1468 5403 καὶ
1494 5350 1592 5419 τῆς
1616 5350 1821 5414 ἐννοίας

244 5429 346 5496 τῆς
373 5427 508 5496 πρὸς
528 5428 763 5496 ἐκείνην.
794 5430 854 5481 Et
882 5429 937 5483 δέ
969 5430 1150 5483 θέλετε
1183 5432 1413 5485 ἀκοῦσαι
1441 5435 1499 5485 τὸ
1534 5436 1611 5503 μὴ
1650 5434 1709 5485 ὃν
1739 5436 1823 5487 ἵνα

237 5510 421 5570 Itum.
462 5510 743 5580 πέπραχα.
786 5512 957 5564 Τοῦτο
1009 5513 1175 5565 αὑτοῦ
1217 5516 1517 5584 εἰρηκότος,
1575 5517 1825 5569 καθεῖλεν

247 5590 436 5645 τοῦτον
457 5593 548 5645 τοῦ
570 5593 939 5661 ἀναγνώστου.
966 5597 1118 5649 Μετά
1162 5598 1317 5650 τοῦτο
1342 5600 1667 5666 προσπεσὼν
1685 5617 1826 5671 παρ-

248 5674 435 5727 εκάλει
461 5677 555 5729 τὸν
598 5678 915 5741 ἐπίσκοπον,
964 5679 1171 5743 λέγων·
1219 5681 1281 5732 El
1307 5680 1464 5733 τοῦτό
1509 5698 1590 5734 σοι
1622 5682 1821 5747 ἔδοξεν,

252 5757 408 5828 κύριε
435 5759 723 5831 ἐπίσκοπε,
750 5762 937 5829 ἐπειδὴ
960 5756 1135 5827 εἷπον,
1163 5762 1293 5829 Ναὶ,
1318 5762 1569 5833 ἐπταισα,
1590 5760 1733 5821 εἷναί
1748 5782 1821 5835 με

1927 1940 2125 2009 καρδίᾳ
2173 1946 2628 2016 συντετριμμένῃ,
2675 1945 2813 2013 μετὰ
2856 1947 3066 2001 πολλῶν
3112 1950 3362 2021 δακρύων
3405 1952 3498 2003 καὶ

1929 2023 2269 2091 στεναγμῶν,
2284 2022 2479 2092 λέγων·
2504 2026 2574 2077 Σὺ
2598 2023 2764 2105 οἶδας,
2780 2028 2969 2099 Κύριε,
2986 2031 3081 2094 τὰς
3096 2034 3234 2101 ἐμὰς
3248 2034 3495 2105 πράξεις,

1925 2105 1954 2156 6
1980 2105 2339 2174 ἐπιστάμενος
2370 2106 2543 2160 πάντα
2569 2108 2627 2160 ὃν
2655 2102 2808 2163 οὐδὲν
2834 2112 3075 2182 λέληθεν.
3112 2115 3246 2167 Οὐδὲ
3274 2102 3388 2168 ἔστι
3413 2132 3497 2178 τις

1925 2186 2086 2248 τόπος
2133 2190 2445 2257 ἀπόκρυφος
2477 2190 2532 2242 ὲν
2571 2184 2615 2257 ᾧ
2645 2209 2729 2253 τις
2763 2194 3202 2265 ἀποκρυδήσεται
3254 2198 3353 2265 τῆς
3400 2198 3495 2267 σῆς

1925 2277 2264 2344 παντεφὸρου
2287 2276 2588 2346 δυνάμεως.
2627 2279 2683 2331 ’0
2705 2280 2860 2343 εἰδὼς
2890 2284 2957 2336 τά
2984 2286 3159 2337 πάντα
3190 2288 3317 2355 πρὶν
3346 2286 3499 2351 γενέ-

1927 2358 2071 2421 σθαι,
2104 2361 2167 2411 σὺ
2195 2361 2351 2427 μόνος
2377 2360 2593 2429 βλέπεις
2622 2362 2762 2433 βάθη
2785 2363 3082 2436 λογισμῶν,
3117 2370 3208 2420 καὶ
3239 2371 3389 2422 πᾶσα
3414 2369 3499 2420 ἐν-

1925 2459 2041 2493 νοια
2073 2441 2223 2511 παρά
2246 2440 2337 2493 σοῦ
2364 2444 2554 2512 ὁρᾶται
2582 2445 2750 2512 ὀφθαλ
2762 2450 3015 2515 μοφανῶς
3037 2466 3049 2479 ’
3078 2452 3141 2502 σὺ
3167 2450 3242 2501 ὣν
3267 2453 3499 2523 ἐταστὴς

1926 2525 2277 2594 ἐνθυμήσεως
2304 2527 2429 2590 ὀξὺς
2456 2524 2693 2590 δικάζεις
2720 2530 2963 2599 ἀκριϐῶς
2988 2548 3001 2561 ·
3037 2535 3100 2585 σὺ
3130 2534 3499 2603 ἀδικουμένων

1927 2607 2117 2676 βοηθός
2138 2623 2151 2636 ⁸
2183 2609 2343 2687 αὐτὸς
2365 2606 2416 2661 εἴ
2439 2614 2960 2681 συκοφαντουμένων
2987 2613 3198 2678 ἔκδικος
3222 2617 3501 2687 άπαραλὸ-

1926 2706 2133 2757 γιστος,
2175 2685 2218 2759 ᾧ
2251 2694 2402 2745 οὐδὲν
2435 2695 2663 2763 ἀρέσκει
2695 2696 2802 2747 τῶν
2831 2698 3053 2750 ἀδίκων.
3078 2701 3231 2752 Πᾶσα
3262 2701 3317 2752 δὲ
3345 2685 3499 2771 -ροπὴ

1926 2773 2093 2841 ζυγοῦ
2132 2775 2475 2846 δικαιοσύνης
2513 2779 2662 2847 παρά
2709 2780 2809 2831 σοί.
2857 2781 3095 2849 Πάρεστι
3126 2782 3232 2851 γὰρ
3264 2784 3498 2836 πάντοτέ

1928 2874 2009 2909 σοι
2037 2859 2151 2927 φῶς
2173 2860 2487 2929 ἀπρόσιτον,
2514 2865 2605 2913 καὶ
2632 2863 2737 2914 πᾶν
2761 2862 2920 2931 ἔργον
2947 2864 3245 2932 ἀνθρώπων
3270 2867 3499 2919 ἐνώπιόν

1928 2940 2020 2994 σού
2058 2945 2225 2995 ἐστιν.
2261 2944 2372 3012 Τῆς
2403 2940 2496 2995 οὖν
2530 2946 2627 3012 σῆς
2664 2947 2778 2998 ἐστι
2816 2946 3028 3008 δικαίας
3061 2950 3154 3000 καὶ
3176 2950 3498 3018 ἀπαραλλά-

1926 3041 2055 3076 κτου
2111 3027 2344 3095 κρίσεως
2398 3028 2672 3095 ἀποφῆναι
2716 3031 2810 3082 καὶ
2858 3032 2958 3099 τὴν
3004 3031 3158 3101 δίκην
3186 3033 3284 3100 τὴν
3335 3035 3497 3103 ἐμήν.

1929 3108 2372 3175 Προσευχομένου
2415 3109 2510 3161 τοῦ
2545 3110 2828 3163 νεανίσκου
2872 3113 3126 3175 ἐκτενῶς,
3164 3114 3258 3166 καὶ
3300 3118 3365 3185 τῇ
3401 3134 3499 3186 νη·-

1851 3183 1895 3244 C
1931 3165 2082 3259 στείᾳ
2117 3165 2653 3262 προσκαρτεροῦντος
2694 3195 2968 3263 ἐμμελῶς,
2994 3165 3143 3259 ἔντθίῖ
3171 3165 3500 3269 ὀλίγοιί.Χίῖὸ’

1929 3290 2019 3325 νου
2052 3275 2414 3342 παρεγένοντο
2446 3278 2501 3328 αί
2534 3278 2740 3345 ήμέραι
2774 3277 2867 3329 τοῦ
2903 3280 3124 3333 τοκετοῦ
3162 3282 3352 3351 αὐτῆς.
3389 3284 3499 3335 Καὶ

1929 3356 2191 3425 ἐνστάσης
2221 3357 2318 3426 τῆς
2364 3358 2532 3426 ῶρας,
2568 3362 2899 3429 παρεγένετο
2934 3364 3027 3414 καὶ
3054 3366 3086 3431 ή
3108 3364 3293 3416 δικαία
3318 3366 3497 3435 κρίσις

1927 3440 2021 3491 τοῦ
2052 3440 2184 3491 Θεοῦ
2214 3442 2450 3509 φέρουσα
2482 3442 2753 3510 ἀπότομον
2782 3443 2975 3514 ὀδύνην
3008 3448 3101 3498 καὶ
3130 3449 3400 3517 ἀφόρητον
3431 3450 3498 3519 τῇ

1931 3527 2387 3597 συκοφαντησάσῃ
2406 3539 2419 3552 ·
2451 3526 2545 3577 καὶ
2580 3528 2900 3596 στεναγμῶν
2938 3529 3143 3598 πλῆθος
3166 3532 3498 3600 ἀμέτρητον,

1927 3605 2114 3665 ὠδῖνες
2162 3608 2339 3659 πόνων
2376 3608 2784 3677 ἀνεκδιήγητοι,
2824 3613 3188 3680 καταχθονίων
3232 3615 3501 3683 κολαστη-

1930 3690 2060 3759 ρίων
2092 3690 2309 3757 ὁράσεις
2332 3690 2582 3760 φοϐεραὶ,
2608 3692 2813 3761 ταύτην
2838 3696 2936 3765 τὴν
2961 3695 3151 3747 ἀθλίαν
3176 3697 3498 3767 πολιορκοῦο

1930 3790 2018 3824 σαι
2052 3775 2317 3842 ἰσχυρῶς’
2351 3776 2444 3826 καὶ
2474 3774 2535 3827 τδ
2563 3775 2759 3845 βρέφος
2782 3778 2881 3843 τῆς
2907 3780 3139 3847 γαστρὸς
3168 3781 3245 3846 τῷ
3270 3781 3418 3851 δγκῳ
3437 3782 3498 3834 οὐ

1930 3855 2293 3925 προέκυπτεν.
2337 3857 2620 3927 Παρῆλθεν
2648 3858 2828 3927 ἡμέρα
2870 3860 3081 3929 πρώτη,
3123 3862 3215 3914 καὶ
3240 3862 3499 3933 δευτέρας,

1927 3939 2020 3989 καὶ
2046 3938 2231 3999 ὠδῖνες
2251 3939 2669 4008 ἀφορητότεραι·
2701 3942 2903 4010 ἐπέστη
2928 3946 3107 4013 τρίτη,
3131 3944 3224 3997 καὶ
3241 3947 3497 4015 τετάρτη,

1928 4020 2021 4077 καὶ
2050 4021 2109 4071 τὸ
2136 4020 2299 4087 ἄλγος
2333 4021 2752 4084 πολλαπλασίως
2782 4024 3159 4094 χαλεπώτερον
3177 4043 3190 4056 ·
3230 4027 3501 4092 διεδέξατο

1927 4104 2152 4172 πέμπτη
2187 4104 2280 4155 καὶ
2305 4103 2437 4172 ἐκτη
2474 4105 2570 4156 σὺν
2604 4106 2804 4177 ἐϐδόμῃ
2835 4112 3105 4179 σκοτεινῇ,
3130 4112 3224 4163 καὶ
3249 4114 3281 4181 ή
3310 4112 3499 4165 ταλαί-

1926 4203 2109 4254 πωρος
2140 4186 2276 4255 γυνὴ
2324 4187 2432 4239 ἀπὸ
2471 4187 2671 4257 πολλῆς
2700 4190 2856 4253 ἀνίας
2895 4191 2969 4260 τῷ
2996 4192 3095 4263 ᾅδῃ
3127 4195 3497 4263 προσωμίλει⁹

1925 4270 1983 4322 ἐν
2022 4269 2244 4331 ταύταις
2284 4269 2432 4331 ὅλαις
2470 4273 2589 4330 ταῖς
2637 4272 2873 4341 ήμέραις
2927 4276 3049 4343 μηδ’
3102 4276 3238 4339 ὅλως
3290 4279 3497 4347 τροφῆς

1928 4352 2363 4421 προσλαϐομένη,
2404 4352 2537 4421 μηδέ
2578 4353 2639 4405 τὸ
2683 4356 2843 4423 τυχὸν
2895 4356 3062 4409 ὕπνου
3110 4361 3496 4429 μετασχοῦσα·

1925 4434 2039 4487 ἀλλ’
2073 4436 2338 4503 οἰμωγαῖς
2368 4435 2618 4503 βασάνων
2650 4437 2844 4499 πόνους
2877 4440 3209 4508 ἀνηκέστους
3257 4444 3497 4513 διαδεχο-

1930 4519 2128 4585 μένων,
2164 4518 2303 4586 μετά
2336 4517 2510 4570 ταῦτα
2540 4519 2717 4570 πάντα
2743 4523 2863 4582 ταῖς
2894 4526 3221 4592 προσευχαῖς
3249 4526 3343 4578 τοῦ
3373 4544 3499 4581 νεα-

1923 4601 2131 4667 νίσκου,
2161 4601 2315 4670 ήτῆς
2338 4601 2743 4671 διεφθαρμένης
2780 4608 2875 4656 καὶ
2912 4605 3247 4677 ψευδηγόρου
3290 4610 3501 4679 ἀμείλι-

1927 4702 2053 4749 κτος
2084 4685 2279 4755 καρδία
2304 4688 2419 4747 τοῖς
2448 4686 2793 4751 ἀνυποίστοις
2832 4691 3035 4753 πόνοις,
3073 4692 3167 4743 καὶ
3194 4695 3226 4761 ή
3252 4695 3503 4763 ἐξομολό-

1928 4786 2087 4837 γησις
2138 4767 2455 4833 συνεξῆλθεν
2508 4772 2724 4852 γοεραῖς
2757 4775 2961 4839 φωναῖς
2994 4774 3204 4842 βοῶσα’
3239 4779 3398 4848 Οῖμοι
3432 4784 3499 4852 τῇ

1924 4852 2103 4919 ἀθλία,
2127 4849 2424 4901 κινδυνεύω
2446 4851 2743 4904 ἀπολέσθαι
2760 4854 2880 4905 δυσὶ
2902 4860 3090 4919 κακοῖς
3109 4849 3496 4928 περιπεσοῦσα,

1928 4932 2261 5001 συκοφαντία
2299 4933 2393 4983 καὶ
2429 4934 2684 5003 πορνείᾳο
2730 4935 2987 4991 ἀπώλεσά
3032 4956 3131 5007 μου
3162 4942 3261 5010 τὴν
3295 4947 3500 5015 παρθε-

1926 5014 2062 5077 νίαν,
2105 5014 2422 5084 διχοστασίᾳ
2469 5016 2805 5084 παρεδόθην·
2848 5019 2951 5070 ὑπὸ
2989 5021 3177 5090 ἐτέρου
3218 5014 3496 5093 καταφθα-

1933 5099 2105 5163 ρεῖσα,
2142 5095 2233 5146 τοῦ
2278 5096 2625 5162 ἀναγνώστου
2662 5100 3040 5169 κατηγόρησα.
3087 5106 3410 5161 Ἀκούσασαι
3442 5112 3498 5163 δὲ

1930 5179 2100 5231 ταῦτα
2129 5180 2185 5230 αἱ
2217 5179 2475 5248 παρθένοι
2511 5180 2602 5232 τοῦ
2638 5185 2998 5253 μοναστηρίου
3029 5187 3106 5256 τῷ
3135 5191 3303 5260 πατρὶ
3331 5192 3499 5263 αὐτῆς

1926 5262 2269 5330 ἀπήγγειλαν
2303 5261 2371 5314 τά
2411 5262 2607 5316 πάντα.
2655 5264 2711 5315 Ὀ
2740 5265 2797 5317 δὲ
2831 5268 3013 5337 πατὴρ
3052 5274 3218 5343 αὐτῆς
3248 5261 3500 5345 αἰδούμέ-

1928 5362 2014 5404 νος
2046 5347 2171 5407 τοὺς
2205 5346 2415 5410 πάντας
2440 5346 2515 5407 ὡς
2551 5346 2627 5417 μὴ
2657 5352 3104 5419 καταγνωσθῆναι
3130 5357 3221 5408 ἐπὶ
3249 5360 3314 5427 τῇ
3339 5374 3494 5413 συκο-

1928 5429 2150 5498 φαντίᾳ,
2183 5432 2294 5491 τοῖς
2344 5431 2651 5500 είρημένοις
2680 5433 2737 5484 ού
2770 5434 3086 5501 πιστεύσας,
3127 5439 3399 5507 ἡσύχασεν
3431 5447 3497 5496 τὰ

1925 5512 2040 5563 ὅλα.
2092 5511 2177 5573 Ὠς
2214 5511 2271 5564 δὲ
2303 5513 2334 5580 ή
2368 5512 2548 5564 δικαία
2594 5513 2775 5582 κρίσις
2804 5518 3089 5585 ἐφεστῶσά
3134 5524 3167 5591 ή
3205 5523 3498 5587 δικάζουσα

1926 5596 1993 5645 τα
2023 5594 2221 5657 πάντα,
2248 5594 2407 5647 πάλιν
2437 5595 2767 5665 ἐπαλλήλους
2794 5602 2857 5669 τῇ
2889 5601 3049 5672 ἀθλία
3082 5605 3251 5677 ταύτῃ
3286 5608 3496 5661 ἔτικτεν

1926 5678 2149 5759 ὠδῖνας·
2186 5677 2371 5730 λοιπὸν
2408 5678 2481 5747 μὴ
2511 5678 2814 5751 δυναμένης
2853 5684 2884 5753 ἢ
2923 5685 3085 5755 ζῆσαι
3108 5688 3141 5759 ἢ
3168 5691 3493 5746 ἀποθανεῖν·

1928 5760 2021 5813 καὶ
2044 5758 2135 5811 τοῦ
2168 5759 2387 5815 τοκετοῦ
2409 5759 2483 5831 μὴ
2501 5758 3159 5838 ἐκφυγούσηςήπιφαίνει
3180 5774 3213 5843 ή
3232 5773 3410 5845 ἡμέρα
3456 5778 3492 5845 ή
