4258 6360
790 394 926 462 1243

2217 396 2568 460 PALLADII

3891 393 4031 460 1%“

785 508 968 576 ὀγδόη,
1014 508 1106 559 καὶ
1151 506 1375 573 πάλινή
1418 504 1631 574 ἐννάτη,
1689 502 1973 574 βαθυτάτῳ
2023 501 2200 571 σκότῳ
2247 506 2354 557 τῶν
2384 511 2428 567 Α
2457 510 2550 561 καὶ
2589 511 2716 572 τοὺς
2765 513 3104 577 συκοφάντας
3153 509 3514 577 φανερούσης,
3561 508 3656 560 καὶ
3702 511 3815 571 τοῖς
3853 511 4032 580 ταύτῃ

785 597 1035 664 ἀλήκτων
1077 595 1321 663 στρόφων
1367 592 1569 660 ταύτην
1611 593 1955 662 ἀμαυρῶσαι.
1997 592 2083 653 Ὠς
2126 591 2216 644 οῦν
2250 593 2350 643 οὐκ

784 681 1031 750 ἐφερενή
1065 681 1276 733 συνοδία
1306 683 1401 741 τὰς
1435 681 1671 749 μεγάλας
1708 680 1912 746 ταύτης
1941 679 2206 747 οἰμωγὰς,
2230 679 2352 745 δρο-

790 774 942 837 μαίαι
993 768 1322 821 ἀπελθοῦσαι
1371 769 1760 836 ἀναγγέλλουσι
1806 769 1882 836 τῷ
1912 769 2218 835 ἐπισκόπῳ,
2269 767 2351 818 ὃτι

785 857 930 908 ἔστιν
954 858 1143 924 ἐννάτη
1166 858 1402 926 σήμερον
1426 857 1604 925 ἡμέρα
1627 857 1707 908 ὅτι
1733 857 1930 925 ήδεῖνα
1951 856 2350 923 ἐξομολογεῖται

784 946 864 996 ὅτι
884 945 1048 996 Τοῦδε
1069 945 1164 996 τοῦ
1184 945 1528 1011 ἀναγνώστου
1548 944 1911 1012 κατεστάθην,
1935 945 2029 996 καὶ
2045 942 2350 1010 ἀποκυῆσαι

783 1033 885 1084 οὐκ
918 1033 1113 1100 ἰσχύω’
1149 1033 1558 1098 ἐσυκοφάντησα
1588 1033 1694 1100 γὰρ
1723 1031 1925 1084 τοῦτον.
1974 1031 2032 1082 Ὀ
2055 1031 2110 1082 δὲ
2130 1029 2352 1082 ἐπίσκο-

785 1137 884 1181 πος
912 1120 1146 1180 ἀκούσας
1172 1120 1323 1189 παρὰ
1352 1122 1454 1171 τῶν
1481 1122 1766 1188 παρθένων
1793 1122 1970 1173 πάντα
1998 1120 2063 1171 τὰ
2097 1118 2350 1187 ρηθέντα,

786 1208 991 1273 πέμπει
1037 1207 1171 1278 πρὸς
1215 1209 1302 1260 τὸν
1335 1209 1691 1274 ἀναγνώστην
1722 1205 1814 1258 δύο
1845 1206 2146 1268 διακόνους,
2176 1202 2353 1273 δηλῶν

786 1295 934 1359 αὐτῷ
971 1295 1145 1348 πάντα
1168 1337 1180 1356 ,
1217 1297 1311 1347 καὶ
1351 1295 1436 1346 ἵνα
1471 1294 1691 1361 εὐξηται
1720 1295 1922 1353 ἐκεῖνος
1960 1291 2221 1360 ρυσθῆναι
2255 1289 2354 1356 τῆς

784 1383 1024 1449 ἀνάγκης
1065 1382 1159 1448 τὴν
1195 1381 1537 1449 ταλαίπωρον
1583 1383 1834 1447 γυναῖκα.
1884 1381 1941 1431 Ὀ
2001 1379 2056 1430 δὲ
2109 1379 2353 1446 γενναῖος

782 1466 932 1530 οὗτος
959 1470 1240 1531 νεανίσκος
1265 1469 1383 1520 οὐδέ
1412 1469 1700 1537 ἀπόκρισιν
1721 1468 1900 1528 αὐτοῖς
1934 1466 2182 1527 δέδωκεν,
2218 1465 2351 1534 μηδέ

782 1559 878 1626 τὴν
912 1557 1081 1624 θύραν
1111 1557 1325 1619 ἀνοίξας
1344 1571 1356 1584 ·
1388 1557 1500 1608 ἀλλ’
1539 1555 1630 1621 ἀφ’
1657 1549 1724 1623 ἧς
1752 1554 1962 1624 ἡμέρας
1999 1555 2077 1614 είς
2106 1553 2203 1622 τὴν
2231 1553 2351 1605 κέλ-

781 1645 878 1697 λαν
921 1645 1189 1713 εἰσῆλθεν,
1236 1645 1326 1696 τὸν
1372 1645 1570 1712 συνήθη
1608 1644 1805 1695 κανόνα
1838 1646 1935 1711 τῆς
1966 1641 2220 1709 νηστείας
2263 1643 2351 1692 ἐκ-

783 1731 1024 1800 πληρῶν,
1053 1732 1150 1782 καὶ
1183 1734 1299 1792 ταῖς
1324 1733 1568 1795 δεήσεσιν
1594 1729 1847 1782 ἱκετεύων
1870 1729 1960 1780 τὸν
1990 1727 2138 1780 Θεὸν.
2165 1729 2349 1780 Κατα-

782 1820 1055 1885 καμφθε“ις
1074 1819 1130 1870 δὲ
1151 1821 1178 1870 ό
1201 1819 1381 1887 πατὴρ
1409 1819 1541 1886 πρὸς
1564 1812 1743 1869 οἶκτον
1767 1816 1866 1884 τῆς
1900 1815 2034 1875 ἰδίας
2061 1813 2347 1884 θυγατρὸς,
2383 1852 2425 1907 Β

782 1906 948 1958 ἐλθὼν
985 1905 1124 1976 πρὸς
1153 1906 1243 1957 τὸν
1281 1905 1574 1957 ἐπίσκοπον
1610 1904 1799 1972 ἐδεήθη
1836 1901 1998 1954 αὐτοῦ
2034 1902 2236 1970 σφόδρα
2267 1902 2353 1953 εὐ-

782 1996 881 2059 χὴν
909 1993 1110 2062 ταύτης
1139 1991 1387 2059 γενέσθαι
1417 1994 1475 2042 ἐν
1496 1994 1560 2058 τῇ
1606 1990 1926 2059 Ἐκκλησίᾳο
1952 1989 2045 2041 καὶ
2066 1989 2353 2057 γινομένης

782 2078 886 2128 ὑπὸ
915 2078 1131 2129 πάντων
1164 2077 1470 2146 προσευχῆς
1498 2077 1633 2142 πρὸς
1666 2077 1754 2127 τὸν
1784 2077 2084 2145 Δεσπότην,
2121 2077 2228 2129 οὐδ’
2258 2075 2351 2127 οὓ-

778 2178 886 2223 τως
913 2164 943 2230 ή
972 2163 1126 2213 ἀθλία
1151 2163 1248 2228 τῆς
1275 2163 1517 2228 ἀνάγκης
1549 2163 1844 2229 ἐλυτρώθη.
1867 2165 1930 2214 Δί
1959 2165 2060 2231 γὰρ
2087 2164 2241 2232 εὐχαὶ
2259 2162 2350 2214 τοῦ

782 2249 1277 2317 συκοφαντηθέντος
1317 2249 1656 2300 δυσωποῦσαι
1686 2249 1775 2300 τὸν
1806 2250 2104 2315 Δεσπότην,
2136 2250 2353 2301 ἀπετεί-

780 2353 936 2404 χισαν
963 2339 1059 2397 τὰς
1095 2336 1299 2388 τούτων
1355 2337 1429 2408 μὴ
1476 2336 1897 2406 παραδεχθῆναι.
1951 2336 2165 2388 Τούτων
2213 2336 2351 2388 οὓτω

780 2423 1081 2489 γεγονότων
1120 2425 1356 2483 ἀναστὰς
1405 2427 1432 2475 ό
1477 2424 1777 2484 ἐπίσκοπος
1826 2423 2094 2493 ἐπορεύθη
2140 2424 2219 2486 είς
2253 2425 2352 2492 τὴν

780 2511 974 2562 κέλλαν
1015 2515 1073 2564 ὲν
1273 2514 1300 2563 ὁ
1344 2510 1726 2580 ἀναγνώστηςο
1761 2512 1855 2563 καὶ
1895 2511 2224 2579 κρούσαντος
2253 2512 2351 2582 τὴν

781 2597 950 2666 θύραν
981 2598 1080 2650 οὐκ
1111 2599 1300 2668 ῆθελεν
1335 2599 1560 2661 ἀνοῖξαι.
1605 2600 1723 2650 Ἐπὶ
1755 2599 1887 2649 πολὺ
1914 2599 1968 2649 δέ
2007 2598 2101 2650 τοῦ
2133 2600 2352 2650 ἐπισκό-

782 2703 882 2738 που
910 2685 1011 2747 ἔξω
1040 2686 1404 2755 παρεστῶτος,
1431 2686 1682 2738 κάκείνου
1710 2685 1856 2737 ένδον
1883 2686 2055 2747 δντος,
2086 2686 2296 2738 κελεύει
2323 2687 2352 2738 ὀ

781 2775 1076 2837 ἐπῖσκοπος
1103 2774 1199 2844 τὴν
1230 2773 1400 2843 θύραν
1423 2774 1744 2843 ἐπαρθῆναι.
1782 2774 1889 2825 Καὶ
1916 2775 2243 2836 εἰσελθόντες
2267 2769 2352 2826 εῦ-

783 2877 874 2929 ρον
913 2862 1004 2912 τὸν
1049 2863 1331 2914 νεανίσκον
1370 2864 1435 2930 τῇ
1487 2864 1762 2930 προσέυχῇ
1815 2860 2348 2930 προσκαρτεροῦντα,

780 2951 872 3000 ἐπὶ
907 2949 1001 3001 τοῦ
1040 2950 1268 3016 ἐδάφους
1316 2949 1737 3016 ἐφαπλωμένον·
1789 2949 1880 3000 καὶ
1925 2950 2056 3001 πολὺ
2098 2966 2351 3017 παρακα-

777 3035 938 3096 λέσας
971 3035 1156 3087 τοῦτον
1182 3036 1424 3104 ήγειρεν,
1461 3034 1656 3100 λέγων·
1678 3034 1897 3100 Ἀδελφέ
1923 3035 2184 3087 Εὐστάθιε
2216 3036 2349 3088 ἁνα-

778 3123 1016 3187 γνώστα,
1048 3121 1456 3191 φανερωθείσης
1486 3124 1583 3191 τῆς
1615 3123 1995 3188 συκοφαντίας,
2043 3121 2176 3173 Θεοῦ
2208 3125 2351 3174 οίκο-

776 3211 958 3280 νομίᾳ,
990 3209 1101 3261 τῶν
1130 3209 1237 3261 σῶν
1264 3209 1438 3277 εὐχῶν
1462 3209 1944 3273 είσακουσθεισῶν,
1970 3213 2348 3278 κατοικτειρή-
2379 3182 2421 3236 C

780 3314 873 3357 σας
899 3299 995 3365 τὴν
1017 3298 1096 3357 είς
1121 3297 1179 3347 σέ
1205 3299 1587 3365 ήμαρτηκυῖαν
1609 3295 1742 3348 πολύ
1767 3296 2212 3348 καταικισθεῖσαν
2233 3300 2351 3359 ταῖς

781 3384 999 3453 μάστιξι
1024 3384 1134 3433 τῶν
1160 3383 1431 3452 βασάνων,
1456 3383 1615 3436 λῦσον
1642 3386 1738 3445 τάς
1771 3383 2074 3452 ἁμαρτίαςο
2100 3387 2222 3446 ταῖς
2244 3384 2350 3453 γάρ

780 3473 897 3530 σαῖς
943 3472 1128 3538 εὐχαῖς
1176 3471 1399 3522 τοιαῦτα
1442 3471 1673 3539 πάσχει·
1709 3471 1802 3522 καὶ
1829 3472 1946 3522 εἰπὲ
1975 3471 2109 3540 πρὸς
2133 3471 2222 3522 τὸν
2256 3475 2353 3522 Δε-

782 3557 1007 3624 σπότην,
1050 3557 1133 3608 ἵνα
1172 3557 1340 3626 αὐτὴν
1371 3557 1715 3628 ἐλευθερώσῃ
1754 3557 1850 3608 τοῦ
1878 3558 2098 3610 τοκετοῦ
2128 3560 2221 3626 τῆς
2243 3575 2352 3610 κοι-

776 3642 916 3706 λίας.
950 3644 1054 3695 Τοῦ
1079 3644 1132 3695 δὲ
1158 3646 1402 3712 ἀοιδίμου
1433 3645 1783 3711 ἀναγνώστου
1812 3645 1928 3713 ἅμα
1965 3646 2041 3715 τῷ
2067 3646 2351 3714 ἐπισκόπῳ

777 3733 1008 3792 ἐκτενῶς
1036 3732 1500 3802 προσευξαμένου,
1533 3738 1866 3802 παραχρῆμα
1892 3736 1923 3801 ή
1953 3734 2110 3785 ἀθλία
2133 3734 2353 3801 ἠλευθε-

777 3818 923 3888 ρώθη
959 3823 1056 3887 τῆς
1086 3819 1352 3886 ἀνάγκης,
1388 3823 1748 3887 ἀποκυήσασα
1775 3821 2004 3884 παιδίον,
2038 3822 2352 3873 ἱκετεύουσα

775 3908 900 3967 τοὺς
931 3907 1138 3968 πάντας
1173 3908 1443 3976 ἀφεθῆναι
1474 3910 1610 3976 αὐτῇ
1642 3909 1740 3976 τὴν
1778 3908 2007 3976 ἀνομίαν
2048 3910 2165 3969 ταῖς
2215 3925 2352 3977 πρε-

777 3993 981 4055 σϐείαις
1032 3993 1124 4045 τοῦ
1159 3994 1368 4046 δικαίου
1390 4011 1401 4023 ·
1440 3995 1498 4046 ὃν
1542 3995 1726 4047 λοιπὸν
1778 3996 1827 4046 οἱ
1862 3997 2059 4057 πάντες
2090 3991 2231 4062 εἶχον
2263 3996 2351 4058 τὸγ

774 4084 1019 4144 γενναῖον
1053 4083 1108 4132 ἐν
1146 4083 1297 4143 τάξει
1340 4081 1443 4133 τῶν
1488 4082 1797 4152 μαρτύρων.
1838 4083 2022 4151 Πάσης
2054 4082 2161 4151 γὰρ
2195 4083 2351 4151 μερί-

780 4184 915 4233 μνης
960 4167 1148 4218 ἑαυτὸν
1203 4168 1574 4235 ἐλευθερώσας
1628 4172 1705 4231 είς
1737 4171 1912 4238 ἄκραν
1950 4170 2223 4223 πολιτείαν
2253 4171 2352 4239 τῆς

777 4255 975 4321 ἀρετῆς
1020 4255 1267 4322 ἀνῆλθεν,
1320 4255 1394 4317 ὡς
1447 4255 1542 4307 κα)⁵
1590 4256 1928 4325 χαρίσματος
1980 4257 2350 4327 πνευματικοῦ

776 4344 964 4396 τοῦτον
1002 4344 1315 4411 ἀξιωθῆναι.
1352 4346 1535 4397 Ὶάῦτα
1572 4346 1626 4396 δὲ
1662 4347 2001 4415 ἐγράψαμεν,
2043 4349 2126 4398 ἵνα
2165 4348 2352 4416 μηδεὶς

777 4436 1188 4499 συκοφαντήσας
1234 4436 1512 4503 περιπαγῆ
1561 4436 1670 4496 τοῖς
1714 4433 1946 4496 δικτύοις
1987 4434 2080 4485 τοῦ
2119 4434 2346 4504 ἐχθροῦ,

780 4523 872 4572 καὶ
905 4521 1120 4592 ἐμπέσῃ
1156 4523 1234 4579 εἰς
1267 4521 1458 4581 ὀδύνας
1491 4522 1796 4588 ἀφορήτους
1826 4522 1961 4584 τέως
1991 4523 2089 4590 τῆς
2127 4524 2347 4592 σαρκὸς,

787 4606 927 4658 καθά
957 4609 1049 4658 καὶ
1076 4611 1104 4675 ή
1135 4611 1510 4676 προκίραφεῖσα
1534 4609 1851 4675 ψευδοτόκος
1871 4625 1884 4637 ο
1914 4613 2047 4679 μετὰ
2068 4610 2122 4662 δέ
2148 4611 2241 4680 τὴν
2270 4615 2353 4663 ἐν·

787 4693 973 4745 τεῦθεν
1001 4695 1088 4745 τοῦ
1120 4696 1367 4762 σώματος
1397 4696 1714 4763 ἀπαλλαγὴν
1746 4697 2068 4766 παραδοθεὶς
2093 4699 2353 4765 κολαστη-

790 4783 918 4850 ρὶοις
947 4782 1184 4842 αἰωνίοις
1216 4783 1308 4832 καὶ
1342 4782 1733 4848 ἀτελευτήτοις.
1779 4787 1836 4834 '0
1865 4786 1970 4853 γὰρ
2004 4787 2353 4852 συκοφαντῶν

777 4869 1102 4936 παροργίζει
1157 4870 1246 4921 τὸν
1301 4870 1453 4921 Θεόν.
1520 4870 1578 4920 'O
1624 4871 1679 4921 δὲ
1722 4871 2219 4940 συκοφαντούμενος
2259 4872 2352 4924 καὶ

776 4957 1063 5024 ὑποφέρων
1095 4955 1354 5019 εὐλαϐῶς,
1389 4957 1482 5008 καὶ
1513 4958 1698 5025 εὐχαῖς
1729 4960 2036 5028 ἐπιτρέπων
2067 4959 2164 5028 τὴν
2197 4960 2353 5027 φανέ-

778 5062 963 5112 ρωσιν,
997 5045 1280 5113 ἀναμένων
1306 5045 1403 5112 τὴν
1426 5045 1640 5098 δικαίαν
1665 5046 1842 5115 κρίσιν
1871 5045 1965 5096 τοῦ
1988 5045 2146 5107 Θεοῦ,
2170 5047 2350 5109 καθὼς

774 5135 866 5184 καὶ
900 5135 927 5182 6
964 5134 1288 5201 στεφανίτης
1340 5134 1430 5185 τοῦ
1463 5135 1697 5204 Χριστοῦ
1726 5136 1754 5186 ὁ
1790 5136 1882 5186 καὶ
1921 5135 2169 5200 ἐνταῦθα,
2211 5139 2351 5189 κατά

775 5221 974 5286 κράτος
1009 5220 1305 5284 δοξασθεὶς,
1340 5223 1434 5274 καὶ
1479 5222 1586 5274 τῶν
1634 5223 1867 5274 αίωνίων
1909 5224 2187 5290 στεφάνων
2219 5241 2350 5277 κατ-

776 5307 1045 5370 αξιωθείς.
1071 5309 1347 5378 Μάθωμεν
1370 5305 1461 5363 οὖν
1480 5311 1722 5379 ἀκριϐῶς
1735 5312 1832 5380 τὴν
1846 5312 2112 5381 ἀήττητον
2124 5312 2350 5382 δύναμιν

776 5396 874 5461 τῆς
903 5397 1069 5466 εὐχῆς
1096 5397 1195 5467 τῆς
1235 5400 1328 5450 καὶ
1366 5401 1488 5461 τοὺς
1519 5401 1576 5451 ἐν
1618 5399 1800 5452 πίστει
1835 5401 2217 5471 στηριζούσης,
2255 5404 2349 5456 καὶ

776 5483 910 5543 τοὺς
935 5486 991 5535 ἐν
1020 5486 1312 5554 ἁμαρτίαις
1338 5487 1614 5555 ἐλεούσης,
1634 5488 1729 5540 καὶ
1757 5491 1864 5549 τοῖς
1892 5489 1988 5557 τὴν
2006 5489 2204 5560 ἀρετὴν
2217 5510 2348 5544 κατ-

778 5568 996 5637 ορθοῦσι
1047 5572 1364 5641 βοηθούσης,
1412 5576 1506 5628 καὶ
1548 5575 1645 5644 τὴν
1686 5577 1862 5627 κτίσιν
1905 5578 2083 5629 πᾶσαν
2118 5581 2348 5648 κρατού-

779 5673 901 5725 σης,
929 5660 1023 5712 καὶ
1051 5662 1143 5714 τὸν
1188 5663 1411 5732 κτίστην
1444 5663 1659 5717 πάντων
1694 5663 2069 5735 δυσωπούσης,
2103 5669 2196 5719 καὶ
2224 5671 2348 5731 τοὺς

777 5746 1178 5819 κατορθοῦντας
1214 5750 1312 5822 τήν
1361 5751 1591 5820 ἀρίστην
1646 5752 1922 5806 πολιτείαν
1972 5755 2344 5824 στεφανούσης

2456 601 2949 669 προσκαρτεροῦσιν
2979 600 3221 667 οὐρανῶν
3252 598 3524 667 βασιλείαν
3557 598 3928 668 δωρουμένης.

2999 688 3251 739 ΚΕΦΑΛ.
3301 686 3472 738 PMB’.

3016 771 3152 834 Περὶ
3182 769 3460 831 Σαλὸιάς.

2529 856 2664 906 Κατ’
2692 857 2868 908 ἐκεῖνο
2894 856 3089 925 καιροῦ
3125 856 3324 925 συνέϐη
3355 854 3471 923 ἅμα
3511 853 3716 906 ὁδεύειν
3746 855 3895 922 ἡμᾶς
3923 854 4033 905 ἀπο

2455 941 2641 1002 Ᾱίλίας
2671 943 2762 994 ἐπὶ
2793 945 2893 1012 τὴν
2922 945 3221 1009 Αἴγυπτον,
3253 942 3684 1014 προπέμποντας
3715 941 3812 1008 τὴν
3847 958 4032 1008 μακα-

2461 1028 2580 1093 ρίαν
2638 1029 2892 1094 Σαλϐίαν,
2944 1030 3045 1100 τὴν
3097 1029 3366 1099 παρθένον
3421 1031 3679 1097 γυναῖκα,
3708 1027 3949 1097 ἀδελφὴν
3977 1026 4034 1078 δὲ

2463 1111 2741 1184 Ῥουφίνου
2761 1117 2853 1169 τοῦ
2879 1118 2985 1170 ἀπὸ
3009 1118 3283 1186 ἐπάρχων.

3003 1207 3252 1259 ΚΕΦΛΛ.
3288 1206 3466 1258 PMI".

2987 1295 3125 1360 Περί
3174 1295 3462 1348 Ἰουϐίνου
3473 1332 3486 1345 .

2539 1378 2629 1430 Ἐν
2659 1372 2740 1441 οἷς
2775 1375 2844 1446 ἦν
2877 1381 2973 1432 σὺν
3007 1383 3140 1449 ἡμῖν
3171 1383 3266 1434 καὶ
3313 1381 3591 1443 Ἰουϐἰνος,
3620 1380 3743 1431 τότε
3782 1380 3884 1445 μὲν
3914 1376 4032 1430 διά·

2455 1481 2629 1526 κονος,
2663 1468 2780 1518 νυνὶ
2811 1468 2868 1519 δέ
2916 1469 3213 1530 ἐπίσκοπος
3256 1467 3496 1535 γεγονὼς
3545 1466 3646 1533 τῆς
3687 1466 4033 1526 Ἀσκάλωνος

2465 1550 2813 1621 Ἑκκλησίας,
2839 1556 2977 1623 ἀνὴρ
3006 1555 3239 1623 εὐλαϐὴς
3270 1558 3363 1607 καὶ
3396 1554 3696 1620 φιλόλογος.
3721 1555 4034 1621 Σφοδροτά-

2453 1657 2544 1690 του
2575 1639 2665 1691 οῦν
2696 1641 2975 1708 καύματος
3018 1642 3415 1704 καταλαϐόντος
3447 1644 3614 1711 ἡμᾶς,
3650 1645 4035 1711 καταντήσανι

2452 1744 2552 1787 τας
2585 1729 2662 1789 είς
2707 1727 2767 1780 τὸ
2799 1728 3116 1796 Πηλούσιον,
3159 1729 3312 1797 ἔτυχε
3345 1729 3436 1780 τὸν
3480 1729 3732 1782 Ἰουϐῖνον
3792 1730 4033 1797 νιπτῆρα

2454 1810 2686 1864 λαϐόντα
2718 1813 2974 1881 νίψασθαι
3007 1817 3105 1877 τὰς
3136 1818 3324 1883 χεῖρας
3354 1816 3446 1868 καὶ
3472 1816 3596 1876 τοὺς
3636 1815 3802 1875 πόδας
3836 1817 4032 1883 πυγμῇ

2455 1898 2795 1967 ψυχροτάτου
2822 1901 2973 1964 ὄντος
2999 1901 3091 1953 τοῦ
3130 1901 3341 1964 ὓδατος,
3388 1902 3481 1953 καὶ
3524 1901 3662 1969 μετά
3687 1901 3749 1952 τὸ
3772 1901 4034 1966 νίψασθαι

2455 1987 2768 2056 δερμοτύλῳ
2813 1991 3302 2043 ἐπαναπαύσασθαι
3356 1991 3568 2058 ριφέντι
3602 1989 3858 2040 κατάτοῦ
3907 1990 4029 2041 ἐδά-

2456 2091 2609 2140 φους.
2652 2076 2952 2127 Ἐπιστᾶσα
2981 2077 3038 2128 δέ
3074 2077 3250 2144 τούτῳ
3278 2077 3309 2141 ή
3354 2077 3650 2146 μακαρῖτις
3692 2076 3921 2138 Σαλϐία,
3959 2077 4031 2140 ὡς

2459 2164 2639 2231 μήτηρ
2670 2165 2805 2231 σοφὴ
2839 2163 2954 2214 υίοῦ
2985 2165 3256 2233 κηδομένη
3283 2163 3521 2233 γνησίου,
3544 2165 3899 2231 ἐπέσκηπτεν
3932 2165 4030 2216 αύ-

2453 2250 2545 2301 τοῦ
2582 2255 2646 2321 τῇ
2673 2253 2971 2322 ἀπαλότητι
2999 2253 3089 2305 τοῦ
3120 2253 3389 2321 σώματος,
3423 2254 3655 2319 λέγουσα
3683 2252 3829 2322 αὐτῷ
3860 2270 3872 2281 ·
3909 2254 4032 2316 Πῶς

2455 2337 2673 2405 θαρσεῖς
2700 2357 2792 2392 σου
2809 2341 2886 2410 τῷ
2921 2341 3152 2410 σώματι,
3175 2343 3430 2411 τοιαύτην
3461 2343 3608 2409 ἄγων
3647 2343 3744 2412 τὴν
3787 2343 4026 2412 ήλικὲαν,

2455 2427 2547 2479 καὶ
2579 2428 2656 2479 ἔτι
2685 2428 2898 2492 ζέοντός
2930 2447 3023 2481 σου
3053 2429 3146 2481 τοῦ
3177 2431 3410 2497 αἵματος
3437 2448 3450 2495 ;
3478 2430 3649 2490 οὕτως
3682 2448 3775 2482 σου
3803 2432 4028 2499 φιλοκα-

2454 2514 2564 2574 λεῖς
2590 2516 2648 2566 τὸ
2676 2517 2920 2585 σαρκίον,
2950 2517 3024 2578 ὼς
3058 2517 3131 2586 μὴ
3166 2517 3485 2586 αἰσθόμενος
3513 2518 3619 2568 τῶν
3654 2518 3710 2582 ἐξ
3737 2519 3906 2570 αὐτοῦ
3949 2536 4027 2570 σοι

2453 2603 2789 2670 τικτομένων
2822 2604 3135 2675 βλαϐερῶν;
3165 2606 3391 2675 Θάρσει,
3424 2605 3678 2672 λέγουσα,
3707 2609 3918 2670 τέκνον,
3952 2608 4028 2658 ὅτι

2454 2689 2742 2754 ἑξηκοστὸν
2775 2691 2868 2743 νῦν
2908 2692 3114 2759 ἀγουσα
3167 2692 3285 2755 ἔτος
3331 2696 3429 2761 τῆς
3479 2693 3696 2762 ήλικίας
3729 2694 3888 2752 ἐκτὸς
3926 2696 4030 2755 τῶν

2453 2778 2638 2846 ἄκρων
2675 2779 2893 2847 χειρῶν,
2941 2781 3036 2831 καὶ
3080 2779 3210 2831 αὐτὸ
3243 2780 3330 2831 διὰ
3381 2780 3688 2844 κοινωνίαν,
3739 2782 3840 2833 ούκ
3905 2783 4023 2849 ξψις

2457 2882 2555 2932 μου
2580 2865 2755 2934 ἥψατο
2787 2865 3000 2927 ὓδατος,
3026 2866 3086 2917 οὐ
3122 2867 3277 2930 ποῦς,
3310 2867 3420 2918 οὐδ’
3451 2867 3576 2918 ἀλλο
3603 2884 3654 2919 τι
3686 2868 3794 2919 τῶν
3828 2870 4028 2935 μελῶν,

2455 2952 2653 3020 καίπερ
2683 2954 2958 3024 διαφόροις
2978 2954 3277 3024 ληφθείσης
3301 2957 3654 3026 ἀρρωστίαις,
3684 2959 3777 3010 καὶ
3807 2959 3914 3011 ὐπὸ
3930 2961 4031 3011 τῶν

2458 3039 2658 3108 ἰατρῶν
2689 3042 3141 3112 άναγκαζομένης
3175 3043 3385 3114 λουτρῷ
3432 3045 3763 3113 χρήσασθαι,
3796 3048 3900 3097 οὐκ
3938 3049 4032 3114 ἠν-

2455 3129 2692 3196 εσχόμην
2716 3129 3009 3182 ἀποδοῦναι
3037 3134 3101 3198 τῇ
3139 3130 3302 3199 σαρκὶ
3321 3131 3378 3182 τὸ
3404 3131 3524 3192 ἔθος
3542 3148 3555 3160 ο
3589 3133 3689 3183 οὐκ
3730 3133 3821 3183 ἐπί
3849 3133 4032 3201 κλίνης

2454 3216 2815 3285 ἐκαθεύδησα,
2838 3217 2897 3268 ού
2931 3217 3190 3288 λεκτικίῳ
3230 3217 3442 3272 ὦδευσά
3477 3235 3602 3271 που.

2523 3304 2668 3373 Λῦτη
2694 3305 2988 3375 λογιωτάτη
3016 3307 3260 3374 γέγονεν,
3284 3310 3316 3376 ἢ
3350 3309 3445 3361 καὶ
3473 3309 3564 3360 τὸν
3585 3307 3725 3366 θεῖον
3749 3310 3926 3376 Λόγον

2452 3391 2662 3458 λήσασα
2699 3392 2797 3454 τὰς
2831 3392 3033 3455 νύκτας
3067 3395 3146 3456 εἰς
3185 3394 3398 3463 ἡμέρας
3427 3394 3759 3464 ἀνέστρεψεν
3795 3397 4034 3465 δαψιλῶς

2455 3481 2621 3548 ἐλαίῳ
2669 3482 2877 3542 ταύτας
2909 3483 3366 3549 καταλάμπουσα,
3399 3486 3506 3535 πᾶν
3550 3485 3898 3555 σύγγραμμα
3930 3489 4033 3539 τῶν

2455 3569 2700 3634 ἀρχαίων
2729 3569 3231 3637 ὐπομνηματιστῶν
3257 3570 3573 3622 διελθοῦσα’
3604 3573 3662 3621 ἐν
3692 3568 3774 3633 οἷς
3825 3575 4034 3642 Ὠριγέ-

2454 3669 2576 3714 νους
2612 3655 2877 3722 μυριάδας
2893 3656 3229 3722 τριακοσίας,
3253 3657 3554 3725 Γρηγορίου
3582 3659 3672 3709 καὶ
3697 3660 3921 3728 Πιερίου
3945 3662 4032 3712 καὶ

2455 3743 2745 3809 Στεφάνου,
2781 3746 2872 3796 καὶ
2920 3745 3220 3809 Βασιλείου,
3265 3747 3363 3798 καὶ
3410 3746 3613 3813 ἐτέρων
3655 3747 3818 3799 τινῶν
3871 3767 4032 3800 σπου-

2453 3829 2749 3881 δαιοτάτων
2786 3831 3054 3899 μυριάδας
3085 3832 3259 3884 εῑκοσι
3291 3833 3460 3885 πέντε
3486 3849 3498 3861 ·
3534 3836 3630 3902 οὐχ
3672 3835 3887 3897 ἁπλῶς,
3917 3840 4031 3889 οὐδὲ

2453 3916 2527 3975 ὡς
2566 3916 2752 3984 ἔτυχεν
2800 3917 3146 3986 παρελθοῦσα
3188 3920 3384 3981 ταῦτα,
3428 3919 3563 3973 ἀλλά
3613 3925 4030 3992 πεπονημένως,

2454 4005 2680 4055 ἕκαστον
2714 4005 2916 4073 βιϐλίον
2953 4005 3181 4074 ἕϐδομον
3207 4008 3237 4075 ἢ
3271 4007 3457 4074 ὃγδοον
3483 4008 3787 4062 διελθοῦσα.
3819 4013 3914 4063 Διὸ
3943 4015 4031 4063 καὶ

2455 4091 2692 4161 ἠδυνήθη
2724 4093 3078 4162 ψευδωνύμου
3114 4094 3370 4162 γνώσεως
3414 4095 3843 4166 ἐλευθερωθεῖσα
3908 4118 4032 4152 τετε.

2456 4180 2694 4246 ρωθῆναι
2736 4181 2949 4249 πρῶτον
3007 4185 3070 4251 τῇ
3124 4184 3308 4250 χάριτι
3344 4182 3438 4234 τοῦ
3469 4183 3625 4245 Θεοῦ,
3662 4181 3781 4236 εἶτα
3826 4189 3919 4238 καὶ
3969 4189 4029 4255 τῇ

2454 4267 2678 4334 δυνάμει
2709 4269 2815 4320 τῶν
2845 4269 3039 4336 λογίων
3061 4271 3154 4322 τοῦ
3180 4271 3515 4339 Πνεύματος,
3551 4273 3732 4323 ἐλπίσι
3766 4278 4030 4341 χρησταῖς

2454 4355 2652 4424 ἑαυτὴν
2699 4357 2846 4424 ὄρνιν
2877 4359 3224 4426 ἐργασαμένη
3278 4358 3677 4426 πνευματικὴν,
3714 4362 3810 4411 καὶ
3847 4362 4030 4413 621::-

2457 4446 2668 4513 ράσασα
2704 4448 2792 4498 τὸν
2843 4446 3031 4498 τούτου
3073 4447 3165 4499 τοῦ
3213 4446 3328 4514 βίου
3354 4447 3513 4515 ζόφον
3538 4449 3746 4510 ἀνέπτη
3784 4451 3921 4519 πρὸς
3945 4450 4028 4501 τὸν

2456 4532 2705 4601 Χριστὸν,
2740 4534 2837 4595 τὰς
2870 4533 3169 4596 ἀθανάτους
3199 4535 3431 4604 ἀμοιϐὰς
3463 4538 3592 4607 παρ’
3624 4536 3790 4588 αὐτοῦ
3817 4537 4028 4607 ἀπολη-

2455 4624 2686 4693 ψομένη.

3005 4714 3254 4764 ΚΕΦΑΛ.
3303 4714 3478 4768 ΡΜΔ’.

2944 4800 3080 4866 Περὶ
3140 4801 3549 4867 Ὀλιψπιάδος.

2525 4882 2738 4951 Ταύτης
2768 4883 2885 4934 κατ’
2920 4883 3064 4950 ἴχνος
3089 4882 3346 4950 βαίνουσα
3375 4885 3467 4934 καὶ
3515 4889 3654 4939 κατά
3683 4890 3868 4942 πᾶσαν
3902 4894 4032 4961 ἁρε-

2453 4968 2550 5038 τὴν
2583 4971 2680 5036 τῆς
2725 4968 2908 5020 ἐνθέου
2944 4970 3317 5037 πνευματικῆς
3351 4971 3625 5034 πολιτείας
3657 4975 3688 5043 ὴ
3721 4993 4031 5047 σεμνοπρε-

2455 5058 2697 5126 πεστάτη
2735 5058 3056 5125 Ὀλυμπιάς,
3089 5057 3184 5109 καὶ
3229 5055 3652 5131 ξηλωτικωτάτη
3687 5063 3786 5130 τῆς
3833 5069 3914 5127 εὶς
3945 5069 4033 5118 οὐ.

2457 5147 2613 5214 ρανὸν
2654 5147 2926 5216 φερούσης
2981 5147 3123 5208 ὁδοῦ,
3181 5149 3239 5199 ἐν
3300 5150 3466 5201 πᾶσιν
3516 5150 3932 5218 ἀκολουθήσασα
3965 5161 4029 5226 τῇ

2452 5235 2643 5305 γνώμη
2664 5235 2771 5287 τῶν
2801 5235 2959 5287 θείων
2989 5236 3242 5303 Γραφῶν,
3270 5237 3516 5306 θυγάτηρ
3532 5245 3783 5307 γεγονυῖα
3803 5245 3865 5295 τὸ
3890 5247 4032 5298 κατά

2453 5326 2629 5395 σάρκα
2662 5323 2926 5375 Σελεύκου
2967 5323 3061 5374 τοῦ
3099 5325 3205 5374 ἀπὸ
3246 5327 3522 5392 κομήτων,
3557 5325 3810 5396 ἀληθινὸν
3854 5331 3911 5383 δὲ
3945 5334 4032 5385 τέ-

2452 5429 2576 5464 κνον
2619 5409 2753 5463 Θεοῦ
2796 5410 2937 5462 κατά
2983 5408 3229 5478 Πνεῦμα,
3261 5412 3461 5480 ἐκγόνη
3511 5412 3566 5464 δὲ
3602 5413 3891 5470 ’Λολασιου
3936 5421 4028 5473 τοῦ

2452 5501 2559 5553 ἀπὸ
2599 5500 2875 5569 ἐπάρχων,
2901 5498 3086 5568 νύμφη
3113 5498 3171 5550 δὲ
3202 5498 3338 5566 πρὸς
3366 5497 3554 5566 όλίγας
3581 5501 3801 5572 ἡμέρας
3826 5505 4031 5578 Neam-

2450 5584 2561 5634 δίου
2596 5582 2685 5634 τοῦ
2718 5583 2825 5634 ἀπὸ
2852 5582 3110 5649 ἐπάρχων
3144 5581 3353 5644 πόλεως
3395 5583 3810 5638 Κωνσταντίνου
3839 5604 3853 5618 ·
3890 5591 4028 5662 αὕτη

2450 5671 2504 5723 δέ
2529 5673 2591 5740 τῇ
2634 5668 2860 5737 ἀληθεία
2911 5668 3048 5737 γυνὴ
3081 5668 3314 5731 οὐδενός.
3362 5669 3598 5736 Λέγεται
3630 5672 3739 5742 γὰρ
3765 5675 4030 5744 ἀμίαντος

2452 5755 2812 5825 κεκοιμῆσθαι
2853 5754 3116 5824 παρθένος
3175 5755 3403 5824 σύμϐιος
3448 5762 3704 5827 γεγονυῖα
3753 5763 3849 5814 τοῦ
3883 5765 4025 5816 θείω
