4258 6360
286 428 427 483 1145

1557 424 1875 480 IIISTURIA
1912 424 2269 481 LAUSIACA.

3381 444 3513 506 19ιὸ

270 544 600 594 nuntiarunt.
649 538 801 593 Pater
849 547 1027 593 autem
1077 537 1273 593 veritus
1300 554 1366 593 ne
1391 542 1835 595 condemnaretur
1862 552 1913 610 Α
1940 542 2041 603 nis,
2076 556 2196 608 quas
2241 549 2293 594 et
2321 540 2503 594 ﬁdeles
2553 542 2853 606 confirmat,
2906 554 2958 597 et
2990 554 3322 611 peccatorum
3349 554 3512 609 mise-

272 643 332 683 ut
360 630 741 695 calumniator,
768 644 889 683 cum
920 646 1022 682 non
1052 631 1493 686 adbiberetlldem
1512 631 1689 695 dii-tis,
1720 634 1842 690 silet

266 721 398 773 duos
427 719 564 774 dies.
599 720 800 773 Rursus
847 729 1022 773 autem
1055 720 1269 782 irrisera,
1300 735 1360 775 se
1404 722 1625 777 invicem
1673 724 1826 778 exci-

270 809 539 872 pientibus
585 808 793 862 acerbis
838 808 1192 861 afﬂictabatur
1236 809 1530 873 doloribus,
1579 825 1699 863 cum
1733 828 1836 866 non

268 911 452 966 posset
481 900 731 966 deinceps
763 901 840 951 vel
876 900 1051 952 vivere
1098 900 1181 951 vel
1214 898 1366 954 mori.
1416 898 1653 969 Cumque
1684 902 1730 953 id
1758 901 1829 955 ef.

266 986 423 1055 fugit,
455 990 628 1041 oritur
670 988 788 1041 dies
817 998 1059 1053 octavus,
1090 997 1144 1042 et
1171 1002 1355 1042 rursus
1398 1004 1586 1054 nonus,
1637 992 1836 1057 gravis-

268 1081 418 1134 simis
470 1092 841 1148 perpetuarum
893 1083 1211 1149 vertiginum
1257 1083 1486 1136 tenebris
1512 1096 1628 1137 eam
1675 1083 1836 1136 offus-

268 1182 470 1223 cantes.
502 1170 629 1223 Cum
677 1184 803 1238 ergo
827 1169 941 1237 ejus
969 1184 1190 1238 magn-is
1229 1169 1457 1239 ejulatus
1508 1185 1611 1226 non
1663 1170 1830 1225 ferret

267 1266 581 1321 coiiventus,
634 1259 747 1313 bme
789 1262 982 1313 cursim
1027 1259 1337 1315 festinantes
1387 1265 1686 1316 renuntiant
1718 1261 1831 1329 epi-

270 1363 457 1413 scopo,
487 1352 595 1416 jam
638 1364 758 1402 esse
786 1364 982 1401 nonum
1029 1349 1170 1403 diem
1199 1365 1264 1403 ex
1292 1366 1398 1418 quo
1428 1351 1515 1404 illa
1546 1351 1832 1406 confitetur

267 1454 325 1489 se
347 1453 627 1492 accusasse
673 1437 943 1502 lectorem,
969 1452 1069 1492 nec
1094 1452 1248 1506 posse
1267 1454 1472 1507 parere,
1496 1441 1634 1508 quod
1660 1443 1829 1506 ipsum

217 1521 222 1525 ’
263 1531 337 1583 sit
366 1530 701 1583 i-alumniata.
737 1530 1026 1598 Episcopus
1054 1543 1230 1585 autem
1276 1547 1393 1585 cum
1426 1534 1538 1587 haec
1577 1536 1829 1589 audiisset

264 1635 292 1671 a
334 1620 643 1683 virginibus,
690 1621 754 1672 ad
800 1622 1050 1675 lectorem
1086 1620 1247 1675 mittit
1277 1621 1730 1695 duos_diaconos,
1780 1625 1829 1679 ei

262 1709 437 1759 Omnia
452 1708 834 1773 significansmt
863 1719 915 1760 ut
949 1724 1043 1775 pro
1073 1711 1464 1777 ipsaoraret,ut
1497 1715 1691 1767 misera
1714 1730 1829 1768 mu-

263 1798 362 1849 livr
400 1798 713 1850 liberaretur
762 1799 827 1851 ab
877 1799 939 1853 iis
968 1800 1392 1857 necessitatibus.
1442 1803 1696 1871 Egregius
1734 1821 1825 1858 au-

1946 639 2110 688 Ietur,
2139 638 2192 683 et
2235 630 2395 683 tlectit
2422 645 2485 684 ac
2513 641 2689 685 movet
2716 636 2952 688 omnium
2978 647 3295 706 creatorem,
3326 652 3381 697 et
3400 660 3494 699 eos

1945 730 2168 775 coronat
2218 724 2306 788 qui
2336 735 2395 774 se
2438 736 2505 775 ex
2554 725 2742 778 virtute
2773 735 2918 781 recte
2943 742 3154 797 gerunt,
3202 744 3257 787 et
3283 734 3360 789 eis
3409 739 3499 805 qui

1941 810 1995 862 in
2019 824 2080 863 ea
2109 820 2471 876 perseverant,
2502 812 2719 879 largitur
2748 830 2969 883 regnum
2992 821 3275 878 caelorum.

2487 902 2711 960 CAPUT
2748 906 2928 961 CXLII

2311 991 2429 1044 Vita
2456 1004 2645 1047 sancite
2676 996 2918 1051 Silvania
2944 998 3119 1071 (205).

2008 1078 2099 1134 Illo
2128 1089 2367 1149 tempore
2398 1085 2621 1152 contigit
2650 1098 2703 1139 ut
2734 1104 2829 1143 nos
2857 1092 3013 1146 simul
3044 1096 3412 1165 navigaremus
3437 1101 3506 1155 ab

1937 1165 2077 1221 Elia
2126 1170 2174 1221 iu
2226 1169 2544 1240 Egyptttm,
2586 1174 2906 1232 dedttcentes
2956 1181 3162 1236 beatam
3212 1185 3499 1243 Silvauiatu

1935 1260 2222 1329 vlrginem,
2255 1278 2493 1319 sororem
2534 1276 2708 1321 autem
2752 1270 2979 1341 Bufllni,
3011 1276 3098 1344 qui
3142 1277 3243 1332 fuit
3270 1294 3331 1333 ex
3362 1297 3504 1349 prta-

1939 1350 2117 1407 lectis.

2473 1427 2699 1485 CAPUT
2738 1433 2960 1488 CXLIII.

2461 1517 2537 1571 De
2566 1518 2754 1574 Jubino
2795 1522 2965 1591 (206).

2002 1600 2143 1657 Inter
2164 1618 2297 1671 quos
2323 1614 2438 1659 erat
2465 1609 2622 1661 etiam
2656 1610 2926 1666 nobiscum
2957 1614 3200 1682 Jubinus,
3231 1626 3355 1675 tunc
3383 1622 3500 1687 qui-

1932 1693 2051 1748 dem
2081 1694 2351 1756 diaconus.
2385 1713 2520 1750 nunc
2552 1710 2725 1752 autem
2758 1705 3034 1772 episcopus
3072 1708 3310 1761 ecclesiae
3341 1714 3501 1763 Asca-

1928 1784 2083 1847 Ionis,
2116 1786 2193 1837 vir
2234 1786 2348 1854 pius
2378 1796 2431 1839 et
2459 1790 2717 1842 eruditus.
2748 1789 2879 1846 Cum
2918 1805 3094 1849 autem
3136 1798 3498 1852 vehementis-

262 1897 365 1939 lem
389 1889 696 1940 adolescens
722 1903 893 1955 neque
912 1889 991 1941 eis
1021 1890 1167 1943 dedit
1194 1906 1531 1959 responsum,
1568 1908 1664 1947 nec
1693 1910 1816 1961 δρε-
1850 1908 1895 1966 B
1928 1876 2091 1966 simus
2123 1890 2216 1928 nos
2237 1887 2404 1966 aestus
2432 1878 2739 1943 invasisset,
2773 1893 2824 1934 et
2855 1884 3280 1948 pervenissemus
3330 1887 3491 1940 Pelu-

259 1980 364 2029 ruit
394 1979 617 2041 ostium;
641 1979 733 2030 sed
758 1993 787 2032 a
818 1992 920 2044 quo
946 1980 1032 2034 die
1059 1982 1329 2049 ingressus
1376 1992 1461 2036 est
1507 1985 1557 2035 in
1586 1985 1772 2037 celiam
1799 2024 1814 2045 ,

262 2082 366 2118 non
399 2068 548 2130 exiit,
594 2067 819 2133 impletis
866 2082 1177 2123 consuetam
1227 2071 1460 2139 regulam
1515 2072 1717 2138 jejunii,
1765 2084 1819 2127 et

256 2155 367 2208 Deo
394 2172 576 2223 preces
605 2155 851 2211 fundens.
884 2159 1261 2213 Flexusautem
1278 2174 1446 2228 pater,
1478 2173 1530 2215 et
1564 2161 1682 2214 illim
1705 2177 1816 2214 suae

257 2250 532 2313 misertus,
564 2249 781 2303 veniens
811 2251 876 2304 ad
908 2252 1250 2320 episcopum,
1281 2268 1401 2306 eum
1438 2253 1587 2307 valde
1612 2257 1818 2322 rogavit

254 2349 313 2390 ut
340 2352 433 2403 pro
480 2353 538 2390 ea
584 2341 855 2394 orationes
888 2341 1076 2396 flerent
1104 2343 1153 2394 in
1188 2343 1429 2397 ecclesia.
1467 2345 1532 2397 Et
1569 2359 1688 2397 cum
1722 2361 1815 2410 pro

253 2442 314 2480 ea
351 2442 535 2494 preces
568 2428 695 2482 Iusti:
721 2438 902 2484 essent
927 2432 993 2485 ab
1037 2434 1285 2487 omnibus
1313 2435 1379 2487 ad
1412 2435 1711 2498 Doininum,
1746 2451 1815 2490 ne

252 2519 332 2571 sic
361 2520 573 2587 quidem
621 2522 811 2574 misera
853 2522 1072 2576 liberata
1101 2533 1182 2579 est
1229 2538 1258 2578 a
1313 2528 1653 2581 necessitate.
1685 2527 1814 2595 Ejus

248 2612 390 2663 cnim
422 2612 511 2677 qui
542 2627 634 2678 per
662 2614 976 2667 calumniam
1008 2617 1181 2669 fuerat
1208 2628 1511 2684 accusatus,
1543 2622 1812 2675 orationes

252 2700 529 2753 hominum
584 2714 880 2773 monentes,
931 2707 1202 2771 arcebant,
1254 2723 1319 2762 ne
1387 2724 1571 2763 eorum
1624 2725 1806 2778 preces

247 2791 673 2847 admitterentur.
704 2795 792 2847 His
817 2798 892 2848 sic
920 2798 1101 2863 gestis,
1150 2812 1368 2866 surgens
1397 2800 1673 2867 episcopus
1708 2802 1801 2856 ivit

244 2883 309 2935 ad
332 2885 518 2935 cellam
542 2885 591 2936 in
611 2900 711 2951 qua
736 2897 849 2940 erat
872 2887 1036 2939 lector
1055 2904 1069 2943 :
1091 2898 1144 2942 et
1165 2904 1284 2942 cum
1313 2891 1570 2956 pulsasset
1588 2894 1805 2955 ostium,

244 2973 456 3025 nolebat
484 2974 526 3027 is
553 2977 776 3041 aperire.
810 2974 937 3029 Cum
981 2977 1066 3029 diu
1098 2986 1273 3032 autem
1300 2978 1428 3032 foris
1476 2979 1659 3033 fuisset
1688 2982 1800 3045 epi-

243 3078 459 3128 St'npth‘,
490 3062 581 3116 ille
604 3074 779 3117 autem
804 3065 1131 3134 intus,jubet
1152 3068 1430 3135 episcopus
1456 3068 1564 3122 tolli
1589 3072 1804 3123 ostium.

243 3153 308 3203 Iit
340 3153 558 3219 ingrcssi
589 3155 900 3208 invenerunt
930 3157 1323 3212 adolescentem
1348 3159 1398 3212 in
1422 3160 1661 3212 oratione
1683 3175 1802 3228 per-

1922 1963 2094 2025 sium,
2134 1964 2330 2016 accidit
2372 1974 2422 2017 ut
2467 1966 2713 2033 Jubiuus,
2758 1983 2971 2036 accepta
3022 1976 3188 2040 pelvi,
3236 1967 3393 2041 pedes
3441 1987 3495 2029 et

1922 2066 2105 2105 manus
2136 2054 2323 2119 palmis
2356 2054 2550 2108 lavaret
2586 2070 2717 2122 aqua
2752 2059 3107 2126 frigidissima,
3132 2073 3182 2116 et
3216 2076 3492 2131 pOSIquam

1921 2141 2165 2205 lavisset,
2199 2158 2356 2209 super
2406 2145 2697 2211 pelliculam
2739 2146 2883 2201 humi
2915 2159 3131 2203 stratam
3181 2156 3484 2219 reqiiiesce-

1918 2241 2016 2283 ret.
2048 2231 2178 2283 Cum
2210 2243 2386 2286 autem
2416 2233 2499 2286 illa
2530 2235 2578 2286 id
2607 2237 2951 2304 advertisset,
2986 2251 3038 2292 tit
3072 2249 3239 2294 mater
3269 2245 3483 2309 sapiens

1917 2323 2153 2387 germani
2190 2322 2309 2385 lilii,
2338 2325 2452 2388 ejus
2483 2324 2773 2390 increpavit
2802 2328 3097 2393 mollitiem,
3132 2331 3315 2381 dicens
3344 2350 3356 2384 :
3388 2332 3485 2396 Qui

1918 2411 1968 2462 in
2001 2411 2234 2463 animum
2266 2411 2493 2475 inducis,
2525 2414 2668 2465 illam
2697 2430 2857 2479 agens
2883 2425 3089 2470 :etatem
3114 2459 3128 2483 ,
3161 2421 3368 2473 vivente
3397 2422 3489 2472 atl-

1919 2499 2021 2553 liuc
2053 2509 2141 2553 tuo
2169 2501 2445 2568 sanguine,
2478 2517 2640 2571 usque
2671 2505 2803 2558 adeo
2834 2514 2976 2559 tuam
3010 2507 3188 2563 fovere
3228 2525 3489 2564 caruncu-

1914 2591 2045 2653 lam,
2082 2605 2187 2643 non
2215 2593 2449 2644 sentiens
2476 2593 2667 2646 damna
2698 2610 2814 2661 quae
2842 2610 2905 2649 ex
2936 2611 3000 2649 eo
3029 2598 3306 2652 oriuntur?
3338 2602 3485 2654 Con-

1912 2681 2037 2744 lide,
2068 2681 2311 2735 confide:
2344 2696 2469 2736 ecce
2496 2698 2596 2750 ago
2623 2700 2815 2738 annum
2847 2689 3017 2740 aetatis
3056 2692 3443 2757 sexagesimum
3468 2734 3485 2755 ,

1910 2781 2104 2840 praeter
2143 2783 2377 2826 extrema
2422 2789 2674 2828 manuum
2721 2777 2895 2845 (207)
2946 2795 3178 2833 mearum
3237 2783 3329 2850 (et
3387 2784 3487 2837 huc

1913 2875 2128 2931 propter
2152 2869 2606 2935 communionem)
2637 2884 2741 2921 non
2767 2886 2858 2938 pes
2887 2886 3034 2924 meus
3056 2889 3245 2939 aquam
3278 2875 3481 2943 tetigit,

1912 2968 2016 3005 non
2050 2956 2242 3021 vultus,
2278 2971 2447 3021 neque
2488 2958 2649 3010 ullum
2680 2973 2746 3011 ex
2794 2964 3046 3014 membris
3087 2965 3238 3027 meis,
3273 2967 3480 3020 etiamsi

1913 3060 1998 3098 me
2028 3046 2184 3099 varire
2232 3047 2521 3102 invaserint
2561 3050 2926 3116 egritudines;
2959 3065 3012 3105 et
3050 3069 3167 3107 cum
3199 3071 3230 3109 a
3262 3058 3482 3111 medicis

1908 3152 2126 3207 cogerer
2153 3141 2223 3191 ttti
2259 3141 2465 3203 balneo,
2499 3157 2601 3194 non
2630 3142 2811 3196 induxi
2844 3145 2897 3197 in
2923 3147 3155 3199 animum
3184 3149 3328 3201 carni
3358 3150 3480 3203 red-

240 3252 596 3308 severamem’
626 3252 680 3297 et
712 3246 855 3298 humi
885 3251 1342 3314 procumbentem.
1373 3253 1541 3317 Quem
1574 3226 1796 3305 "iulium
1830 3262 1877 3322 α
1910 3227 2036 3281 dere
2078 3226 2344 3293 debitum,
2378 3245 2482 3283 non
2513 3232 2565 3283 in
2611 3232 2746 3286 lecto
2783 3235 3083 3301 quiescens,
3134 3251 3238 3291 non
3286 3239 3475 3293 lectica

241 3349 434 3401 rogans
456 3336 757 3403 episcopus,
787 3338 833 3391 ei
866 3340 995 3394 dicit
1026 3358 1035 3391 :
1066 3340 1249 3395 Frater
1274 3339 1514 3396 Eustathi
1537 3344 1720 3406 lector,
1752 3344 1801 3397 in

240 3438 479 3488 ai-ertum
512 3429 712 3495 prolata
738 3431 998 3485 calumnia
1044 3433 1134 3486 Dei
1169 3434 1519 3502 providentia,
1555 3444 1610 3489 et
1638 3452 1801 3491 exau-

238 3517 363 3571 ditis
391 3522 490 3571 tuis
517 3521 859 3585 orationibus,
892 3524 1145 3577 miserere
1173 3524 1288 3592 ejus
1315 3540 1432 3593 quae
1459 3526 1511 3579 in
1540 3537 1591 3579 te
1619 3542 1803 3593 pecca-

239 3608 335 3670 vit,
353 3624 469 3674 quae
486 3618 865 3664 tormentorum
883 3613 1097 3677 flagellis
1114 3615 1206 3667 fuit
1220 3619 1534 3671 excruciata.
1554 3620 1802 3674 Miserere

237 3701 485 3767 deinceps
499 3702 724 3765 miserm,
739 3714 786 3756 et
808 3719 1025 3772 surgens
1038 3706 1183 3759 solve
1198 3709 1334 3775 quod
1351 3708 1539 3776 ligasti,
1558 3709 1801 3774 precibus

237 3790 377 3841 enim
408 3794 509 3841 tuis
531 3792 641 3844 Ita-c
659 3795 873 3858 patitur,
893 3803 945 3846 et
973 3795 1055 3847 dic
1086 3796 1305 3850 Domino
1336 3807 1391 3849 ut
1420 3813 1535 3849 eam
1554 3796 1742 3850 liberet
1770 3813 1797 3850 a

236 3888 385 3945 partu
428 3882 647 3932 ventris.
697 3880 825 3934 Cum
870 3898 1044 3936 autem
1092 3885 1317 3954 inclytus
1362 3886 1529 3938 lector
1582 3885 1794 3939 intense

234 3982 411 4023 oraret
439 3971 597 4023 simul
643 3988 761 4025 cum
808 3978 1075 4041 episcopo,
1123 3976 1544 4029 statim-misera
1575 3975 1795 4029 liberata

232 4070 316 4112 est
364 4078 390 4109 ει
442 4062 785 4124 necessitate,
834 4063 988 4115 enixa
1043 4063 1333 4127 infantem;
1376 4078 1567 4131 rogans
1609 4080 1796 4118 omnes

234 4161 294 4204 ιιι
377 4153 426 4207 ci
512 4157 887 4210 remitteretur
989 4154 1237 4220 iniquitas
1265 4154 1432 4221 ipsius
1458 4154 1586 4222 jusii
1632 4155 1796 4209 inter-

230 4237 471 4287 cessione
502 4253 515 4287 :
540 4248 594 4289 et
624 4239 769 4290 illtttn
798 4245 1065 4308 egregium
1088 4243 1253 4294 virum
1279 4244 1579 4296 habuerunt
1605 4258 1794 4296 omnes

227 4334 476 4393 nezncepa
503 4329 617 4379 loco
648 4332 912 4397 martyris.
959 4331 1085 4382 Nam
1112 4346 1230 4383 cum
1262 4347 1319 4384 se
1366 4332 1617 4399 deinceps
1668 4335 1794 4387 libe-

229 4424 401 4467 rasset
439 4418 506 4467 ab
535 4419 678 4470 omni
711 4418 1096 4485 sollicitudine,
1132 4422 1373 4488 pervenit
1419 4422 1483 4474 ad
1527 4437 1790 4476 summum

228 4507 351 4558 vita:
373 4522 487 4571 qua:
516 4522 578 4559 ex
603 4510 798 4563 virtute
825 4512 1016 4577 agitur,
1046 4512 1179 4565 adeo
1204 4522 1260 4563 ut
1288 4514 1329 4563 is
1352 4514 1622 4581 sitdignus
1645 4514 1791 4564 babi-

228 4607 314 4648 tns
335 4598 555 4657 spiritali
584 4600 774 4665 gratia.
823 4600 946 4653 Ilmc
969 4614 1144 4655 autem
1184 4604 1515 4670 scripsimus,
1566 4620 1630 4658 ne
1672 4621 1738 4671 qu
1765 4619 1790 4658 ε
1818 4608 1867 4666 Ι)

225 4689 579 4740 calumniatus
611 4689 925 4757 illaqueetur
957 4692 1037 4744 his
1070 4692 1264 4745 inimici
1296 4695 1514 4757 retibus,
1564 4704 1614 4749 et
1660 4696 1791 4748 inci-

222 4781 307 4827 dat
344 4780 393 4829 in
420 4777 632 4831 dolores
652 4782 825 4833 carnis
866 4781 1244 4847 intolerabiles,
1293 4786 1427 4837 sicut
1473 4785 1588 4839 haec
1640 4789 1789 4856 prius

222 4871 420 4935 scripta
452 4882 533 4923 est
557 4871 687 4924 falsa
720 4876 1047 4937 accusatrix;
1084 4886 1357 4942 postquam
1392 4888 1566 4931 autem
1611 4894 1637 4930 a
1670 4894 1788 4931 cor-

224 4978 350 5012 .ore
374 4960 526 5012 fuerit
571 4962 846 5027 liberatus,
897 4967 1133 5017 tradatur
1178 4969 1396 5019 aeternis
1430 4968 1781 5021 intolerabili-

222 5055 318 5101 bus
368 5055 683 5114 lt-l'lllttlllis,
735 5062 786 5106 et
836 5070 954 5123 qiue
1001 5071 1266 5123 utinquam
1292 5057 1557 5110 desinent.
1618 5058 1781 5110 Deum

218 5140 361 5191 e.:int
445 5142 507 5193 ad
581 5144 709 5194 iram
783 5155 1035 5209 provocat
1114 5145 1158 5199 is
1224 5147 1315 5213 qui
1387 5149 1780 5201 calumniatur:

218 5233 306 5295 viui
382 5242 555 5284 autem
644 5249 736 5297 per
809 5235 1127 5289 calumniam
1223 5249 1530 5306 accusatur,
1627 5244 1678 5296 id
1722 5261 1785 5296 ue

218 5324 317 5372 [τι
364 5336 445 5387 pii.
477 5334 526 5371 ct
584 5338 734 5391 a:quo
764 5327 961 5389 animo,
1010 5336 1062 5381 et
1092 5328 1207 5397 ejus
1262 5330 1313 5383 in
1371 5343 1612 5399 apertum
1667 5351 1786 5392 nro-

223 5413 469 5465 ltitinettt
543 5414 794 5481 permittit
866 5418 1138 5483 precibus,
1213 5434 1529 5487 exstiectans
1584 5424 1781 5492 justum

217 5500 310 5553 Di
360 5499 635 5567 judicium,
669 5504 795 5557 sicut
832 5506 915 5560 hic
944 5523 968 5558 a
1004 5508 1216 5563 Christo
1270 5525 1591 5579 coronatus;
1626 5516 1665 5568 is
1711 5527 1785 5580 et,

216 5592 353 5659 quod
383 5592 496 5661 ejus
524 5594 663 5647 sileri
696 5605 885 5662 potest,
912 5598 1153 5653 laudatur
1174 5640 1189 5665 ,
1230 5611 1284 5655 et
1315 5603 1364 5655 in
1397 5603 1595 5657 bonore
1628 5609 1785 5659 habeo

218 5687 322 5738 tur,
356 5689 410 5733 et
440 5691 688 5736 aeternam
719 5698 968 5739 coronam
999 5692 1360 5758 cotiSequitur.
1396 5693 1670 5749 Discaiuus
1699 5714 1783 5750 er-

218 5786 282 5839 go
313 5767 593 5842 diligenter
621 5790 775 5843 quam
823 5779 927 5834 sint
981 5780 1365 5851 insuperabiles
1397 5787 1537 5839 vires
1584 5789 1785 5843 oratio-

1909 3331 2127 3385 usquam
2155 3327 2355 3383 gestata
2392 3323 2715 3390 ingrediens.

1978 3408 2100 3460 Ilaec
2130 3423 2247 3461 cum
2273 3419 2414 3463 esset
2440 3411 2767 3482 doctissima,
2801 3414 3093 3483 doctrinam
3118 3430 3301 3473 amore
3328 3434 3479 3474 com-

1906 3497 2080 3565 plexa,
2113 3509 2295 3552 noctes
2325 3502 2474 3553 uberi
2506 3503 2623 3555 oleo
2658 3516 2686 3555 a
2719 3518 2775 3556 se
2807 3506 3127 3560 illuuiiuatas
3157 3512 3391 3562 mutabat
3424 3512 3474 3562 in

1903 3589 2037 3654 dies,
2068 3590 2241 3642 omnia
2273 3592 2609 3659 antiquorum
2638 3595 2725 3659 qui
2753 3599 3163 3652 commentarius
3193 3601 3476 3654 ediderunt

1902 3678 2095 3744 scripta
2147 3692 2486 3746 percurrens,
2532 3681 2774 3749 Origenis
2814 3687 2993 3739 tricies
3037 3697 3261 3741 centena
3312 3691 3473 3742 iuilsia

1902 3782 2181 3833 versuum,
2228 3769 2469 3837 Gregorii
2506 3780 2561 3824 et
2598 3772 2885 3839 Stephani,
2921 3783 2985 3836 et,
3016 3775 3169 3829 Pierii
3216 3776 3387 3845 (208).
3420 3791 3475 3831 et

1905 3860 2116 3922 Basilii,
2162 3871 2215 3913 et
2263 3863 2611 3929 quorumdam
2651 3866 2873 3918 aliorum
2921 3870 3220 3935 praestantis
3263 3870 3475 3922 virtutis

1899 3951 2134 4002 virorum
2166 3950 2325 4003 millia
2356 3953 2581 4006 ducenta
2610 3968 2665 4007 et
2700 3957 3073 4025 quinquaginta
3119 3976 3223 4012 non
3254 3961 3470 4025 leviter,

1900 4052 1998 4091 nec
2038 4048 2239 4093 temere
2289 4041 2400 4094 haec
2446 4057 2781 4109 percurrens,
2816 4046 2908 4098 sed
2953 4047 3220 4101 elaborate
3268 4052 3470 4113 septies

1899 4128 1978 4179 vel
2006 4130 2174 4180 octies
2197 4144 2623 4200 unumquemque
2645 4132 2834 4186 librum
2862 4138 3157 4202 perlegens,
3188 4149 3242 4189 ut
3276 4138 3464 4192 horuul

1897 4221 2176 4271 verborum
2220 4224 2385 4287 gratia
2430 4222 2480 4274 in
2510 4225 2673 4276 altum
2719 4229 3033 4293 crigeretur,
3067 4242 3161 4295 spe
3208 4230 3343 4281 bona
3375 4244 3465 4281 se-

1896 4306 2062 4371 ipsam
2118 4321 2267 4360 avem
2319 4308 2557 4363 efficiens
2609 4314 2933 4379 spiritalem,
2979 4322 3034 4367 et
3081 4316 3146 4367 ad
3196 4314 3465 4368 Christum

1894 4398 2141 4461 evolans,
2189 4399 2513 4453 immortales
2559 4401 2628 4453 ab
2676 4403 2791 4467 ipso
2820 4412 3097 4471 acceptura
3148 4420 3464 4459 remunera-

1898 4485 2092 4538 tiones.

2410 4560 2653 4623 _CAPUT
2693 4562 2920 4616 CXLIV.

2374 4649 2450 4704 De
2482 4652 2786 4721 Olympiade
2817 4653 2994 4722 (2C9).

1964 4739 2091 4806 Ejus
2111 4741 2327 4807 vestigia
2352 4751 2435 4796 est
2461 4756 2662 4805 secuta,
2687 4756 2739 4797 et
2765 4760 2977 4799 onmem
3005 4747 3248 4799 virtutem
3272 4745 3466 4799 divina:

1894 4831 2017 4882 vita!
2044 4831 2316 4892 spiritalis,
2342 4832 2393 4884 in
2428 4835 2611 4897 primis
2635 4836 2933 4887 veneranda
2958 4846 3011 4889 et
3044 4838 3256 4888 honesta
3282 4838 3466 4905 Olym-

1894 4923 2023 4987 pias,
2055 4933 2107 4974 et
2137 4936 2252 4989 quae
2282 4925 2378 4974 viae
2428 4938 2544 4991 quae
2574 4925 2673 4977 fert
2701 4927 2751 4977 in
2778 4926 2972 4980 coelum
3002 4941 3211 4979 summo
3238 4914 3351 4979 zelo
3382 4940 3460 4980 te-

1892 5010 2131 5074 nebatur,
2160 5010 2453 5065 divinarum
2488 5014 2879 5081 Scripturarum
2909 5018 3225 5070 sententiam
3266 5030 3458 5072 secuta

1890 5102 1942 5151 in
1974 5100 2240 5152 omnibus.
2273 5100 2397 5154 Fuit
2436 5114 2609 5155 autem
2650 5106 2939 5159 secundum
2976 5121 3192 5159 carnem
3229 5110 3329 5161 ﬁlia
3361 5110 3463 5164 Se-

1890 5190 2022 5241 leuci
2054 5188 2203 5257 (230)
2234 5207 2298 5245 ex
2327 5194 2630 5257 comitibus,
2661 5212 2784 5250 vera
2816 5209 2989 5253 autem
3025 5201 3113 5254 Dei
3142 5201 3244 5255 lilia
3272 5218 3454 5257 secun-

1890 5280 2013 5331 dum
2039 5282 2315 5345 spiritum;
2346 5286 2517 5347 neptis
2539 5296 2715 5340 autem
2740 5290 2946 5343 Ablavii
2974 5299 3061 5359 qui
3093 5303 3206 5345 erat
3228 5310 3294 5347 ex
3326 5312 3457 5357 pra:-

1894 5370 2062 5437 feczis,
2109 5372 2311 5439 aliquot
2364 5384 2543 5429 autem
2586 5378 2700 5431 dii-s
2753 5396 2949 5448 sponsa
2994 5382 3144 5453 (2H)
3194 5385 3458 5451 Nebridii,

1890 5477 1975 5527 qui
2022 5460 2114 5511 fuit
2163 5476 2226 5513 ex
2282 5464 2542 5530 prrefectis
2590 5470 2732 5522 urbis
2775 5472 3293 5543 Constantinopolis;
3346 5479 3458 5543 ipsa

1888 5560 2063 5600 autem
2097 5564 2278 5603 revera
2311 5551 2410 5605 fuit
2440 5570 2571 5607 uxor
2612 5560 2825 5614 nullius.
2877 5561 3075 5617 Dicitur
3121 5576 3296 5619 autem
3332 5569 3459 5619 dor-

1890 5637 2049 5692 misse
2093 5643 2239 5707 virgo
2286 5642 2605 5711 incorrupta,
2638 5648 2822 5701 effecta
2870 5652 3029 5705 divini
3080 5656 3223 5708 verbi
3266 5657 3421 5710 couvi

1887 5730 2044 5791 ctrix,
2076 5730 2263 5797 conjux
2295 5742 2468 5785 autem
2503 5736 2661 5788 totius
2688 5752 2827 5791 verae
2856 5740 3189 5807 humilitatis,
3220 5761 3448 5799 cominu-

1888 5818 2071 5872 nicaus
2103 5829 2155 5873 ct
2203 5820 2504 5879 ministrans
2546 5826 2790 5881 omnbus
2835 5833 3129 5897 egentibus.
3169 5835 3280 5906 Ipsa
3329 5854 3449 5890 eum
