4258 6360
752 416 889 469 ίῖιῖ

2199 412 2512 474 PALLADII

3845 422 3988 477 ωε

764 552 950 595 omnes
993 536 1105 591 illas
1147 536 1376 590 inﬁnitas
1404 545 1457 591 et
1489 539 1775 591 immensas
1811 536 2152 606 dispersisset
2178 539 2315 592 divi-
2344 542 2395 599 Α
2418 542 2677 596 sententia
2717 543 3026 597 distributae.
3058 544 3179 596 Haec
3216 554 3340 611 ergo
3372 558 3476 595 non
3519 542 3748 609 amplius
3776 542 3844 596 de
3876 558 3983 595 ca-

766 631 889 691 tias,
915 628 1152 682 absolute
1174 636 1228 681 et
1258 627 1705 681 indiscriminatim
1738 642 1890 694 opem
1920 628 2120 681 ferebat
2150 631 2316 681 omni-

766 720 880 772 bus.
911 718 1021 771 Non
1051 719 1191 770 enim
1232 717 1375 781 urbs,
1422 733 1522 768 non
1558 731 1665 782 rus,
1702 732 1803 770 non
1843 718 2090 781 solitudo,
2126 718 2317 769 mansit

770 825 959 876 expers
992 808 1321 875 largitionum
1354 807 1502 874 hujus
1526 806 1730 875 inclytae
1756 808 2004 874 virginis:
2035 808 2126 860 sed
2157 818 2209 859 et
2238 822 2317 859 ec-

770 899 948 950 clesiis
981 897 1329 965 ~uppeditavit
1358 897 1420 948 ad
1452 898 1667 948 donaria
1697 899 1939 963 deputata
1971 899 2242 959 sacrificio,
2265 908 2318 950 et

768 988 1125 1046 monasteriis,
1156 996 1208 1037 et
1246 986 1520 1048 coenobiis,
1548 997 1599 1039 et
1645 986 2023 1052 xenotrOphiis,
2058 996 2108 1039 et
2137 996 2315 1039 custo-

763 1077 882 1138 diis,
914 1084 968 1128 et
1013 1076 1290 1142 lelegatis;
1321 1080 1458 1134 et,ut
1486 1074 1648 1125 semel
1677 1074 1843 1125 dicam
1867 1113 1881 1137 ,
1915 1074 1965 1125 in
1995 1090 2201 1126 omnem
2232 1089 2319 1127 or-

768 1166 882 1218 hem
918 1176 1071 1218 terra:
1100 1166 1343 1231 dispersit
1368 1164 1751 1233 eleemosynas.
1782 1165 1903 1218 llaec
1930 1166 2077 1217 beata
2111 1181 2319 1231 proces-

765 1254 833 1303 sit
867 1268 1031 1317 usque
1060 1254 1122 1305 ad
1163 1264 1455 1307 extremum
1501 1255 1780 1305 terminum
1828 1254 2155 1318 humilitatis,
2187 1256 2318 1309 ultra

762 1358 916 1408 quem
959 1342 1085 1396 nihil
1126 1344 1288 1409 possit
1336 1342 1557 1394 inveniri
1602 1344 1843 1409 amplius.
1889 1342 2001 1395 Vita
2046 1344 2161 1397 sine
2212 1345 2317 1396 ulla

764 1430 901 1482 inani
936 1433 1118 1497 gloria,
1148 1430 1345 1489 species
1374 1444 1697 1498 nequaquam
1730 1430 1869 1493 ficta,
1896 1432 2088 1484 sinceri
2118 1448 2312 1497 mores,

772 1521 927 1573 facies
954 1536 1058 1573 non
1088 1527 1279 1582 lucata,
1307 1536 1495 1585 corpus
1521 1522 1735 1586 florens,
1763 1536 1911 1573 mens
1938 1536 2042 1574 non
2071 1523 2316 1588 gloriosa,

777 1612 971 1663 inimus
1000 1612 1067 1663 ab
1095 1612 1390 1677 arrogantia
1419 1611 1640 1675 alienus,
1670 1624 1763 1662 cor
1808 1611 2021 1663 minime
2053 1611 2321 1666 turbulen-

764 1710 903 1765 tum,
946 1702 1117 1753 somni
1167 1715 1355 1768 expers
1402 1700 1599 1766 vigilia,
1642 1699 1855 1765 Spiritus
1904 1714 2006 1751 non
2055 1700 2316 1764 curiosus,

762 1794 993 1845 rharitas
1018 1795 1291 1854 immensa,
1314 1807 1429 1860 qua
1453 1791 1825 1857 comprehendi
1854 1806 1955 1844 non
1982 1802 2154 1859 potest
2174 1805 2319 1844 com-

768 1882 1077 1939 municatio,
1110 1884 1231 1933 vilis
1262 1889 1315 1933 et
1354 1889 1653 1947 contempta
1702 1882 1881 1941 vestis,
1916 1880 2117 1933 infinita
2157 1880 2323 1933 conti-
2354 1873 2401 1932 Β

766 1975 963 2035 nentia,
1003 1984 1144 2026 recta
1189 1974 1457 2040 cogitatio,
1489 1974 1536 2024 in
1587 1973 1747 2026 Deum
1790 1986 1910 2038 spes
1957 1983 2172 2037 mtcrna,
2201 1987 2319 2025 cum

764 2066 1097 2130 eleemosyna
1140 2078 1255 2130 quae
1297 2077 1399 2115 non
1450 2070 1621 2126 potest
1666 2062 1899 2126 narrari,
1950 2072 2319 2115 ornamentum

764 2152 999 2203 otttniutn
1060 2151 1359 2217 humilium,
1405 2150 1489 2202 cui
1534 2151 1711 2202 multa:
1764 2160 1887 2203 sunt
1930 2164 2164 2203 accensa:
2211 2159 2324 2203 ten-

768 2244 991 2295 tationes
1017 2257 1078 2294 ex
1113 2243 1421 2310 operatione
1448 2242 1562 2307 ejus
1591 2240 1677 2307 qui
1706 2250 1787 2293 est
1821 2255 1911 2292 sua
1940 2248 2127 2307 sponte
2153 2240 2321 2292 malus

764 2342 818 2383 et
846 2331 1015 2383 omnis
1064 2329 1186 2383 boni
1230 2344 1437 2395 expers,
1492 2341 1679 2395 nempe
1719 2328 2023 2381 daemonis:
2069 2343 2185 2395 qua:
2229 2342 2324 2395 pro

765 2422 986 2472 veritate
1039 2433 1141 2470 non
1199 2431 1355 2485 parva
1412 2416 1539 2468 adiit
1591 2416 1911 2479 certamina,
1963 2429 2082 2483 qua:
2134 2424 2188 2470 et
2232 2414 2323 2467 diu

765 2506 958 2559 all‘atim
988 2506 1113 2558 vixit
1157 2506 1206 2558 in
1255 2506 1525 2558 immensis
1603 2501 1900 2572 lacrymis,
1997 2501 2144 2555 omni
2226 2501 2325 2555 bu-

767 2612 936 2650 munze
967 2607 1167 2649 natura:
1189 2598 1420 2662 subjecta
1450 2601 1661 2663 propter
1694 2594 1968 2646 Dominum
1996 2608 2009 2655 ;
2039 2606 2155 2644 cum
2178 2592 2321 2644 omni

766 2688 959 2752 pietate
990 2687 1184 2739 sanctis
1208 2685 1412 2738 subdita
1444 2682 1724 2747 episc0pis,
1756 2695 2013 2735 venerans
2045 2681 2319 2752 presbyte-

768 2787 969 2840 ratum,
1006 2781 1269 2831 honoraris
1301 2778 1497 2828 clerum
1520 2815 1534 2838 ,
1567 2786 1815 2825 reverens
1857 2771 2282 2824 exercitationem
2305 2810 2319 2833 ,

770 2867 1066 2933 suscipiens
1092 2866 1468 2933 virginitatem,
1494 2877 1646 2927 opem
1672 2861 1847 2913 ferens
1866 2860 2125 2921 viduitati,
2146 2873 2320 2912 curam

768 2970 956 3021 gerens
985 2956 1246 3013 orbitatis,
1284 2966 1566 3021 protegens
1602 2962 1954 3013 senectutem,
1988 2959 2212 3017 aegrotos
2240 2951 2321 3003 in-

772 3045 970 3106 visens,
1001 3054 1332 3109 peccatorum
1380 3044 1663 3101 miserens,
1701 3049 1935 3092 errantes
1966 3037 2018 3089 in
2050 3040 2185 3090 viam
2233 3038 2322 3090 de-

770 3135 992 3195 ducens,
1024 3135 1075 3185 in
1102 3146 1289 3185 omnes
1317 3143 1471 3184 utens
1500 3128 1882 3191 misericordia,
1912 3126 2124 3194 profuse
2147 3135 2319 3180 autem

2418 642 2537 684 tero
2560 649 2674 699 qua:
2706 643 2825 685 sunt
2848 636 3021 686 carnis
3050 635 3278 699 sapiens.
3307 634 3541 700 subjecta
3574 636 3980 699 principatibus,

2418 721 2673 771 cbediens
2702 722 3063 786 potestatibus,
3107 736 3363 775 venerans
3404 724 3849 791 presbyteratum,
3887 729 3979 773 hn-

2418 823 2449 860 n
2478 824 2613 861 vrans
2639 813 2931 864 universum
2962 813 3186 875 clerum,
3218 810 3545 865 confessione
3572 825 3675 878 quo
3696 829 3779 876 pie
3807 812 3973 877 digna

2417 909 2501 949 est
2540 898 2708 950 habita
2741 915 2832 964 pro
2859 902 3095 963 veritate,
3129 902 3545 965 importunarum
3579 904 3975 953 recusationum

2420 988 2601 1038 multis
2622 990 2850 1055 acceptis
2880 990 3141 1055 procellis.
3169 987 3330 1055 Cujus
3361 989 3517 1040 vitam
3548 989 3681 1041 inter
3709 988 3979 1039 confesso-

2418 1092 2507 1129 res
2534 1076 2799 1142 referunt,
2829 1080 3125 1145 quicunque
3156 1078 3221 1145 pii
3261 1079 3493 1130 habitant
3533 1077 3980 1144 Constantinopo-

2420 1167 2535 1224 lim,
2558 1174 2613 1217 ut
2632 1179 2749 1229 quas
2774 1168 3009 1232 proxime
3031 1176 3249 1218 matrem
3282 1166 3569 1232 periclitata
3591 1166 3660 1216 sit
3691 1166 3744 1217 iu
3774 1166 3836 1218 iis
3858 1180 3981 1232 qua

2418 1264 2543 1305 sunt
2567 1269 2631 1307 ex
2665 1241 2771 1307 Deo
2799 1255 3203 1319 certaminibus;
3234 1266 3285 1308 et
3328 1257 3379 1307 in
3412 1255 3491 1307 his
3521 1264 3727 1307 mortua
3764 1255 3978 1308 beatam

2419 1346 2623 1413 accepit
2650 1346 2899 1411 gloriam,
2929 1354 2982 1400 et
3013 1347 3062 1398 in
3091 1346 3295 1399 infinito
3317 1346 3510 1398 saeculo
3538 1356 3787 1398 coronata
3820 1360 3977 1412 pom-

2421 1448 2543 1499 pam
2573 1434 2705 1500 agit,
2739 1434 2866 1486 nulli
2891 1436 3120 1488 interitui
3152 1435 3406 1488 obnoxias
3430 1451 3549 1488 cum
3580 1438 3775 1487 sanctis
3797 1446 3849 1488 et
3877 1433 3980 1489 sibi

2419 1524 2682 1576 similibus
2708 1525 2756 1576 in
2779 1525 3153 1591 sempiternum
3186 1526 3487 1578 mansiones
3512 1525 3777 1588 habitans,
3803 1536 3857 1579 et
3886 1527 3982 1578 bo-

2420 1626 2607 1664 norum
2646 1626 2863 1678 operum
2893 1627 2922 1665 a
2946 1614 3153 1667 Christo
3194 1613 3414 1667 Domino
3454 1628 3574 1667 cum
3604 1614 3793 1668 fiducia
3833 1616 3981 1670 accio

2421 1703 2569 1768 piens
2596 1703 3066 1756 remunerationes.

2955 1788 3181 1844 CAPUT
3216 1789 3416 1844 CXLV.

3019 1880 3095 1932 De
3123 1880 3373 1935 Candida.

2491 1966 2615 2020 Post
2642 1967 2775 2021 hanc
2804 1968 2990 2035 aequali
3014 1983 3221 2037 quoque
3249 1971 3407 2023 modo
3436 1972 3487 2024 in
3519 1971 3743 2025 Domino
3767 1972 3978 2031 vivens.

2422 2056 2576 2110 beata
2605 2055 2861 2119 Candida,
2897 2058 3103 2124 Trajani
3136 2074 3268 2110 uxor
3308 2061 3539 2127 magistri
3572 2061 3829 2121 militum,
3860 2075 3984 2114 cum

2420 2152 2475 2197 et
2516 2142 2581 2196 ad
2622 2158 2882 2197 summam
2924 2147 3250 2211 pervenisset
3298 2146 3662 2209 honestatem,
3694 2157 3745 2201 et
3789 2149 3982 2200 ratioiii

2421 2233 2796 2287 convenienter
2841 2243 3083 2286 ornasset
3129 2235 3400 2299 ecclesias,
3450 2243 3505 2289 et
3552 2244 3797 2289 venerata
3840 2248 3985 2289 esset

2423 2322 2701 2388 episcopos
2745 2336 2837 2388 pro
2884 2323 3137 2388 dignitate
3175 2323 3368 2375 Christi
3414 2335 3903 2389 sacramentorum,
3930 2338 3985 2378 et

2422 2426 2635 2466 omnem
2681 2411 2877 2465 Christi
2918 2414 3114 2465 clerum
3155 2424 3336 2479 aperte
3366 2412 3707 2478 honorasset,
3740 2424 3795 2467 et
3834 2429 3984 2467 suam

2422 2500 2581 2553 liliatn
2612 2500 2919 2551 instituisset
2950 2500 3001 2551 in
3030 2507 3171 2552 sorte
3203 2501 3534 2567 virginitatis,
3566 2516 3682 2554 eam
3724 2503 3985 2568 praemisit

2422 2589 2487 2640 ad
2527 2588 2823 2651 Christum,
2856 2589 3052 2640 donum
3094 2603 3306 2641 suorum
3347 2590 3605 2642 viscerum
3636 2608 3648 2641 :
3682 2600 3861 2656 postea
3893 2606 3988 2642 au-

2423 2688 2526 2731 tem
2558 2680 2667 2744 ipsa
2690 2693 2918 2744 quoque,
2949 2680 3291 2744 temperantia
3318 2688 3369 2732 et
3395 2682 3635 2734 castitate
3656 2692 3708 2733 et
3742 2684 3982 2745 pecunia:

2424 2768 2834 2840 dispersionibus
2866 2772 3020 2821 filiam
3059 2785 3205 2822 suam
3241 2779 3321 2821 est
3362 2783 3667 2824 consecuta.
3714 2772 3855 2824 Hanc
3887 2788 3989 2839 ego

2424 2860 2530 2911 vidi
2552 2862 2815 2927 egregiam
2846 2861 3116 2913 mulierem
3149 2870 3251 2912 tota
3280 2870 3432 2913 nocte
3461 2862 3781 2915 laborantem
3806 2873 3858 2915 et
3885 2880 3990 2914 mo-

2426 2947 2651 3010 lentem,
2680 2957 2734 3001 et
2765 2950 2988 3014 pr0priis
3032 2950 3270 3001 manibus
3313 2949 3591 3002 facientem
3622 2966 3808 3015 panem
3836 2953 3987 3004 obla-

2428 3036 2612 3101 tionis,
2642 3038 2706 3089 ad
2737 3038 2875 3090 vires
2903 3037 3138 3103 corporis
3169 3038 3562 3104 depritneudas,
3590 3048 3645 3092 et
3680 3040 3945 3093 dicentem
3968 3057 3989 3096 :

2425 3129 2555 3181 Cum
2588 3144 2691 3181 non
2718 3129 2943 3181 sufﬁciat
2968 3129 3253 3196 jejunium,
3280 3129 3413 3181 banc
3439 3130 3488 3181 ei
3520 3131 3588 3181 do
3617 3131 3812 3181 sociam
3843 3131 3991 3185 laboo

770 3223 821 3275 in
849 3236 1124 3288 pauperes,
1158 3222 1440 3286 multisque
1470 3218 1755 3271 infidelium
1784 3216 1834 3267 ill
1866 3214 2129 3267 catecheSi
2175 3214 2319 3265 insti-
2346 3209 2391 3269 C
2424 3219 2616 3273 riosam
2647 3219 2900 3285 vigiliam,
2933 3229 2990 3270 ut
3020 3218 3157 3271 Esau
3202 3219 3486 3271 dissolvatn
3530 3233 3887 3287 enervemque
3918 3222 3991 3273 la-

770 3312 893 3364 tutis
924 3310 1192 3371 uxoribus,
1221 3310 1377 3360 etiam
1410 3309 1472 3357 ad
1506 3309 1708 3357 victum
1738 3304 1815 3356 eis
1846 3302 2019 3355 ferens
2047 3303 2320 3364 auxilium,

770 3416 981 3467 semper
1009 3400 1348 3452 memorabile
1398 3411 1589 3449 nomen
1629 3395 1963 3461 benignitatis
1993 3394 2207 3461 reliquit
2233 3407 2325 3459 per

776 3500 936 3543 totam
966 3491 1147 3542 vitam.
1180 3490 1223 3542 Α
1258 3489 1511 3541 servitute
1539 3487 1590 3539 in
1625 3486 1916 3537 libertatem
1967 3482 2325 3535 innumerabi-

775 3579 901 3631 lium
932 3594 1205 3631 servorum
1237 3580 1519 3630 restituens
1561 3573 1824 3635 examina,
1858 3572 2086 3624 reddidit
2112 3584 2205 3623 eos
2235 3570 2329 3623 bo-

777 3682 905 3722 uore
933 3671 1158 3735 aequales
1191 3684 1300 3719 suae
1332 3666 1629 3728 nobilitati,
1659 3664 1739 3717 vel
1787 3664 1956 3730 potius
2001 3663 2067 3726 (si
2097 3676 2217 3714 vera
2245 3662 2327 3713 di-

773 3772 895 3811 cere
939 3757 1201 3824 oporteat)
1231 3756 1348 3809 facti
1378 3764 1498 3809 sunt
1530 3754 1683 3820 hujus
1722 3762 1915 3805 sancta:
1945 3751 2127 3804 habitu
2176 3750 2328 3804 nobi-

775 3851 949 3903 liores.
981 3848 1160 3918 Neque
1202 3851 1341 3902 enim
1380 3849 1493 3915 ejus
1538 3846 1854 3899 indumentis
1886 3845 2111 3897 inveniri
2160 3844 2328 3911 potuit

774 3937 1056 4005 quidquam
1084 3936 1274 3999 vilius;
1299 3951 1416 3988 nam
1444 3935 1505 3987 iis
1531 3934 1689 3987 etiam
1712 3932 1799 3999 qui
1822 3940 1947 3986 sunt
1968 3932 2153 3999 pannis
2178 3932 2331 3984 valde

775 4025 929 4078 obsiti
974 4026 1180 4093 indigna
1220 4034 1370 4078 erant
1400 4025 1554 4092 hujus
1584 4032 1779 4077 sancta:
1812 4030 2133 4090 tegumenta.
2165 4019 2331 4073 Tanta

775 4122 952 4167 autem
981 4124 1093 4167 erat
1121 4114 1236 4181 ejus
1273 4112 1642 4177 mansuetudo,
1673 4122 1728 4163 ut
1767 4112 1927 4163 etiam
1974 4110 2124 4176 longe
2171 4123 2329 4176 supe.

779 4213 923 4257 raret
950 4205 1333 4271 simplicitatem
1360 4204 1593 4269 ipsorum
1625 4214 1922 4268 puerorum.
1949 4197 2101 4251 Nulla
2131 4198 2331 4265 iitupe-

781 4294 984 4347 ratione
1012 4309 1041 4346 a
1083 4294 1252 4346 vicino
1295 4294 1501 4360 quidem
1551 4306 1779 4359 unquam
1828 4290 2037 4343 inventa
2077 4296 2159 4341 est
2197 4289 2332 4355 apud

782 4386 916 4435 hanc
962 4398 1076 4448 qua;
1121 4383 1382 4434 Christum
1423 4382 1693 4449 gestabat;
1734 4379 1825 4433 sed
1871 4378 2041 4430 omnis
2082 4376 2196 4443 ejus
2224 4378 2332 4429 vita

782 4487 884 4523 non
914 4472 1102 4534 vitalis,
1135 4481 1247 4523 erat
1288 4473 1339 4523 in
1384 4470 1786 4533 compunctione
1816 4476 1867 4520 et
1914 4467 2172 4533 frequenti
2214 4481 2334 4532 pro-

2427 3311 2661 3365 sciviam.
2688 3312 2758 3362 Ea
2790 3310 2855 3363 ab
2884 3312 2945 3362 iis
2971 3326 3086 3377 quae
3114 3321 3235 3362 sunt
3260 3310 3509 3377 sanguine
3542 3311 3757 3376 przed'tta
3786 3321 3841 3365 et
3868 3313 3989 3365 ani-

2432 3410 2570 3454 mata
2601 3404 2813 3454 omnino
2842 3402 3119 3463 abSIinuit;
3152 3402 3248 3453 nisi
3279 3402 3415 3466 quod
3457 3402 3697 3454 sumebat
3725 3403 3900 3468 pisces
3931 3412 3987 3455 es

2426 3491 2601 3542 oleum
2627 3500 2678 3543 et
2707 3492 2869 3555 olera,
2899 3490 3052 3557 idque
3089 3492 3257 3543 solum
3291 3491 3341 3541 in
3372 3490 3457 3543 die
3503 3490 3669 3543 festo:
3698 3492 3843 3543 omni
3892 3507 3990 3543 au-

2428 3589 2532 3633 tem
2554 3583 2656 3633 alio
2678 3592 2915 3647 tempore
2938 3590 3178 3633 contenta
3203 3592 3315 3633 erat
3336 3592 3583 3648 oxycrato
3606 3580 3754 3649 (212)
3777 3590 3834 3632 et
3858 3596 3995 3646 pane

2426 3670 2594 3722 arido.
2625 3670 2678 3722 In
2723 3672 2817 3723 hac
2850 3672 2968 3722 vita:
2995 3674 3299 3737 asperitate,
3327 3684 3443 3721 cum
3490 3670 3638 3723 beata
3680 3670 3864 3737 requie
3895 3672 3996 3722 ob-

2427 3758 2731 3812 dormiisset
2781 3759 2893 3810 haec
2942 3759 3129 3811 mulier
3173 3760 3387 3827 inclyta,
3430 3773 3567 3811 nunc
3610 3757 3799 3811 fruitur
3837 3760 3996 3813 bouis

2429 3846 2659 3912 aeternis,
2684 3862 2798 3911 quae
2822 3856 2942 3899 sunt
2968 3855 3145 3913 parata
3175 3845 3241 3900 iis
3263 3847 3353 3915 qui
3376 3847 3671 3901 dilexerunt
3692 3847 3851 3901 vitam
3875 3863 3996 3916 quat

2429 3950 2493 3989 ex
2524 3936 2716 3990 virtute
2742 3936 2935 4003 agitur.

2974 4026 3198 4080 CAPUT
3236 4025 3459 4079 CXLVI.

2951 4114 3025 4168 De
3054 4116 3259 4169 Gelasia
3305 4117 3473 4185 (215).

2501 4206 2895 4272 Consequenter
2926 4208 3039 4257 zelo
3085 4206 3238 4271 hujus
3283 4206 3435 4259 bona:
3480 4205 3708 4267 feminae,
3755 4205 3996 4257 veritatis

2434 4296 2567 4347 viam
2592 4296 2821 4361 ingressa
2845 4302 2952 4357 est,
2995 4294 3076 4359 pie
3112 4298 3322 4346 trahens
3348 4294 3534 4361 jugum
3566 4292 3903 4359 virginitatis,
3939 4293 3991 4343 in

2434 4384 2620 4450 primis
2651 4381 2946 4435 veneranda
2972 4380 3202 4442 Gelasia,
3225 4382 3498 4449 cujusdam
3528 4380 3722 4443 tribuni
3752 4381 3877 4433 lilia.
3904 4381 4003 4433 Ηυ-

2430 4470 2517 4538 jus
2546 4472 2753 4538 optima:
2783 4470 2896 4523 bsec
2927 4471 3091 4522 fertur
3112 4472 3298 4533 virtus,
3329 4472 3465 4537 quod
3497 4472 3574 4523 sol
3604 4486 3872 4535 nunquam
3904 4485 4005 4523 oc-

783 4563 938 4613 ηυνίο
965 4562 1341 4629 lacrymarum;
1372 4568 1425 4611 ει
1454 4560 1627 4624 ροιὶιιεῑ
1658 4556 1836 4609 videre
1869 4554 2056 4607 licebat
2087 4554 2214 4605 fonti
2242 4569 2335 4605 as-
2363 4544 2412 4601 D
2440 4564 2565 4615 cidit
2594 4577 2749 4629 super
2776 4561 2891 4629 ejus
2916 4563 3182 4625 δοιοί-(ειην
3206 4577 3308 4614 non
3333 4562 3585 4613 adversus
3614 4575 3828 4614 servum
3848 4599 3863 4621 ν
3896 4575 4002 4611 non

785 4661 892 4705 tale
916 4668 1005 4705 sua
1032 4652 1257 4705 deﬁcere
1286 4652 1498 4712 ﬂuenta,
1526 4664 1678 4716 quam
1710 4649 1861 4714 hujus
1897 4662 1997 4698 non
2024 4645 2335 4697 sublimibus

783 4751 837 4794 et
863 4740 1127 4793 Christum
1157 4756 1366 4806 semper
1395 4739 1691 4792 videntibus
1730 4738 1893 4791 oculis
1925 4736 2181 4800 lacrymas
2207 4735 2337 4787 deli-

782 4848 921 4885 cere.
951 4834 1014 4885 Et
1040 4832 1161 4899 quid
1192 4834 1241 4885 iu
1275 4832 1352 4883 his
1384 4830 1665 4883 immoror?
1691 4829 1804 4891 Quo
1828 4828 1965 4881 enim
1998 4826 2160 4890 magis
2192 4840 2336 4877 meus

786 4923 1077 4975 versabitur
1103 4924 1308 4973 animus
1334 4923 1382 4973 in
1408 4922 1549 4972 dune
1582 4922 1739 4972 instar
1762 4918 1872 4971 saxi
1902 4918 2090 4968 anima:
2120 4930 2339 4966 narran-

786 5015 867 5065 dis
897 5012 1274 5065 certaminibus
1303 5020 1357 5063 et
1387 5009 1685 5072 virtutibus,
1714 5023 1777 5060 eo
1806 5007 1969 5073 magis
2012 5003 2339 5055 invenientur

788 5103 943 5155 verba
984 5117 1011 5152 a
1059 5101 1206 5152 factis
1253 5102 1553 5152 remotiora.
1587 5098 1692 5149 Nec
1731 5111 1814 5149 me
1854 5094 2117 5147 existimet
2155 5092 2340 5156 aliquis

795 5192 906 5244 haec
960 5191 1232 5258 splendide
1285 5198 1338 5241 et
1389 5188 1658 5255 magniﬁce
1703 5188 1950 5252 colligere
1994 5184 2058 5235 de
2116 5182 2212 5234 hac
2261 5179 2342 5233 vel

797 5285 1021 5336 maxime
1049 5280 1339 5350 impatibili,
1365 5289 1418 5335 et
1444 5281 1743 5347 perquirere
1773 5277 2016 5342 reliquias
2039 5273 2345 5326 castissima:

793 5376 1134 5444 Olympiadis,
1162 5389 1277 5441 qua:
1309 5383 1414 5425 t0ta
1443 5370 1544 5424 fuit
1589 5374 1875 5438 pretiosum
1921 5383 2010 5420 vas
2036 5369 2200 5419 sancti
2232 5366 2347 5432 Spi-

796 5468 959 5527 ritus;
986 5463 1078 5515 sed
1117 5463 1204 5530 qui
1246 5462 1327 5514 his
1364 5461 1529 5514 oculis
1561 5459 1775 5513 viderim
1811 5459 1963 5523 hujus
1993 5456 2158 5509 beatae
2188 5456 2345 5507 vitam

792 5561 845 5603 et
876 5552 1160 5620 angelicam
1193 5551 1611 5612 institutionem,
1645 5558 1700 5600 ut
1743 5548 1827 5616 qui
1860 5546 2051 5598 fuerim
2099 5544 2350 5611 spiritalis

799 5640 954 5708 hujus
992 5656 1268 5710 germanus
1299 5641 1518 5705 amicus,
1549 5647 1602 5693 et
1627 5637 1741 5705 ejus
1780 5635 2014 5703 cognatis
2052 5632 2353 5686 familiaris-

802 5735 983 5793 simus.
1008 5733 1139 5789 adeo
1168 5744 1222 5789 ut
1248 5734 1420 5788 multa:
1446 5733 1560 5799 ejus
1590 5730 1822 5798 pecunia:
1845 5729 1947 5781 sint
1974 5741 2002 5780 a
2034 5739 2116 5781 me
2142 5742 2203 5781 ex
2234 5726 2350 5793 ejus

2440 4653 2693 4705 adversus
2715 4651 2980 4712 ancillam,
3015 4666 3115 4703 non
3148 4650 3399 4703 adversus
3422 4651 3646 4717 aliquem
3669 4649 3850 4701 alium.
3881 4649 4009 4701 ιιωα

2442 4744 2592 4795 beita
2617 4756 2736 4795 cuin
2761 4741 3031 4807 effugisset
3055 4741 3193 4792 viam
3216 4754 3395 4791 eorum
3420 4741 3506 4806 qui
3528 4749 3650 4789 sunt
3670 4751 3901 4802 acceptr
3935 4740 4009 4787 in-

2442 4834 2596 4901 juria:
2624 4846 2906 4893 memores,
2930 4846 3043 4898 qua:
3074 4832 3173 4883 fert
3196 4830 3258 4882 ad
3287 4838 3511 4881 mortem
3537 4837 3811 4885 aeternam,
3838 4830 4011 4879 evasit

2448 4923 2585 4974 hunc
2624 4921 2815 4973 malum
2848 4920 3041 4972 diaboli
3074 4920 3374 4981 stimulum,
3405 4933 3593 4983 nempe
3630 4919 3735 4970 odii
3766 4926 3819 4969 et
3846 4920 4013 4966 male-

2446 5011 2687 5063 vulentize
2712 5028 2725 5074 ;
2755 5020 2811 5063 et
2854 5024 2972 5064 cum
3012 5010 3335 5061 desideraret
3372 5020 3620 5061 aeternam
3671 5016 4011 5073 peccatorum

2448 5100 2848 5165 remissionem,
2889 5100 3085 5151 remisit
3129 5114 3285 5165 parva
3324 5099 3532 5164 delicta,
3564 5108 3619 5152 ut
3650 5098 3760 5165 ipsa
3799 5110 4013 5165 quoque

2452 5191 2714 5245 inveniret
2736 5191 2993 5259 majorum
3023 5191 3408 5242 remissionem.

2973 5276 3194 5331 CAPUT
3235 5276 3480 5330 CXLVII.

2980 5368 3052 5419 De
3079 5366 3289 5419 Iuliana
3317 5367 3485 5433 (2M).

2526 5458 2774 5525 Quadam
2805 5458 3015 5510 nomine
3042 5455 3271 5520 Juliana,
3304 5458 3450 5523 virgo
3476 5454 3526 5506 in
3555 5452 3791 5506 Caesarea
3814 5450 4023 5521 Cappa-

2458 5546 2641 5609 dociae,
2666 5546 2804 5600 dicta
2831 5558 2911 5599 est
2932 5561 3050 5600 esse
3071 5555 3121 5599 et
3144 5546 3448 5599 doctissima
3472 5554 3525 5598 et
3548 5543 3876 5610 fidelissima,
3905 5562 4025 5613 quae

2457 5638 2734 5705 Origenetn
2782 5639 3091 5704 scriptorem
3140 5636 3421 5704 fugientem
3469 5633 3737 5703 gentilium
3785 5633 4027 5689 insurre-

2459 5730 2685 5783 ctioucm
2730 5731 2963 5796 excepit,
3006 5743 3125 5781 eum
3175 5728 3309 5781 duos
3355 5742 3522 5782 annos
3568 5726 3864 5791 occultans,
3914 5731 4032 5781 suis
