4258 6360
283 378 415 442 1249

1496 368 1854 430 HISTORIA
1900 369 2285 430 LAUSIACA.

3361 363 3495 430 1250

274 490 458 554 λόγου,
491 485 742 546 σύνευνος
768 483 823 537 δέ
852 484 1033 552 πάσης
1063 481 1294 551 ἀληθοῦς
1321 481 1837 551 ταπεινοφροσύνης
1870 486 1914 541 Α
1944 482 2037 533 καὶ
2070 482 2240 535 πολλὰ
2270 481 2409 535 κατά
2442 479 2667 550 γνώμην
2702 480 2810 533 τῶν
2839 479 3041 550 ταύτης
3078 476 3494 546 διανεμηθῆναι.

273 572 530 633 κοινωνὸς
573 570 630 621 δὲ
682 571 775 620 καὶ
803 570 1051 630 διάκονος
1106 568 1321 620 πάντων
1382 568 1488 619 τῶν
1538 566 1833 636 δεομένων.

272 659 420 725 Αῦτη
454 657 630 708 πάντα
654 656 742 706 τὸν
762 656 985 724 ἄπειρον
1011 655 1215 705 ἐκεῖνον
1238 653 1330 705 καὶ
1352 653 1657 722 ἀμέτρητον
1674 650 1837 703 πλοῦ-

270 762 363 796 τον
413 743 880 811 διασκορπίσασα,
933 745 1097 793 πᾶσιν
1144 739 1329 801 ἁπλῶς
1367 739 1460 791 καὶ
1512 738 1837 807 ἀδιακρίτως

272 834 599 899 ἐπήρκεσεν,
636 829 772 880 Οῦτε
820 829 927 897 γάρ
958 828 1130 889 πόλις,
1162 827 1222 878 οὐ
1255 825 1428 896 χώρα,
1478 826 1576 877 οὐκ
1610 826 1834 894 ἔρημος,

270 918 332 969 οὐ
368 918 548 984 νῆσος,
584 916 685 967 οὐκ
718 914 943 983 ἐσχατιά
982 914 1206 983 ἄμοιρος
1250 913 1463 983 ἔμεινεν
1502 911 1610 964 τῶν
1636 911 1836 977 ταύτης

269 1003 565 1054 ἐπιδόσεων
595 1002 691 1069 τῆς
723 1000 968 1068 ἀοιδίμου
993 1016 1006 1029 ’
1048 1000 1163 1051 ἀλλ’
1196 1001 1500 1069 ἐπήρκεσεν
1526 1001 1615 1051 καὶ
1640 998 1837 1065 ἐκκλη-

270 1090 414 1150 σίαις
445 1092 524 1150 εἰς
562 1088 880 1156 ἀναθέματα
920 1087 1253 1156 ἱερουργικὰ,
1309 1087 1403 1139 καὶ
1435 1084 1836 1156 μοναστηρίοις,

268 1177 365 1228 καὶ
418 1175 726 1235 κοινοϐίοις,
762 1174 856 1225 καὶ
890 1172 1368 1241 πτωχοτροφείοις,
1412 1171 1505 1224 καὶ
1549 1171 1834 1239 φυλακαῖς,

270 1265 365 1313 καὶ
398 1265 510 1322 τοῖς
542 1262 598 1312 ἐν
627 1260 885 1328 ἐξορίαις,
914 1262 1006 1311 καὶ
1032 1260 1213 1311 πᾶσαν
1248 1259 1433 1320 ἁπλῶς
1456 1258 1554 1327 τὴν
1582 1257 1835 1324 οίκουμέ-

271 1365 368 1414 νην
401 1348 813 1415 κατασπείρασα
842 1348 959 1407 ταῖς
988 1344 1397 1414 ἐλεημοσύναις.
1420 1344 1568 1413 Αὕτη
1596 1345 1626 1413 ἡ
1656 1359 1834 1412 μακα-

271 1436 363 1502 ρία
396 1437 475 1495 είς
504 1435 594 1486 τὸν
622 1434 922 1504 ἀκρότατον
954 1435 1076 1501 ὅρον
1105 1432 1435 1503 ἐξεπήδησεν
1460 1434 1557 1499 τῆς
1584 1446 1837 1482 ταπεινο-

269 1522 568 1590 φροσύνης,
606 1524 684 1582 εἰς
716 1521 773 1572 ὃν
800 1521 899 1571 οὐκ
922 1515 988 1589 ἦν
1009 1520 1363 1589 ἐφευρεθῆναί
1391 1536 1445 1571 τι
1476 1517 1635 1569 πλέον
1663 1533 1674 1545 ·
1708 1518 1838 1568 ἀκε-

269 1613 481 1675 νόδοξος
536 1610 666 1677 βίος,
703 1610 1109 1677 ἀσχημάτιστον
1153 1605 1322 1670 εἶδος·
1371 1606 1641 1660 ἄπλαστον
1669 1602 1799 1674 ἦθος
1823 1620 1836 1633 °

267 1698 681 1755 ἀκαλλώπιστος
709 1696 828 1763 δψις
854 1711 866 1723 ·
912 1696 1073 1749 ἀύλον
1107 1696 1267 1763 σῶμα
1297 1711 1309 1723 ·
1339 1694 1647 1763 ἀπέρπερος
1674 1693 1797 1753 νοῦς
1822 1706 1834 1719 ⁸

1936 565 2245 634 Χρημάτων
2273 565 2410 635 αὕτη
2436 566 2615 618 τοίνυν
2642 566 2675 635 ἡ
2703 566 2897 635 μηκέτι
2928 564 3109 617 λοιπὸν
3140 564 3205 617 τὰ
3230 564 3325 631 τῆς
3364 580 3497 631 σαρ-

1935 653 2032 714 κὸς
2094 654 2387 721 φρονοῦσα,
2447 654 2859 722 ὐποταττομένη
2912 655 3143 723 ἀρχαῖς,
3197 652 3496 703 ὑπείκουσα

1936 740 2238 804 ἐξουσίαις,
2305 741 2840 809 ὑποκατακλινομένη
2892 740 3244 800 ἐπισκόποις·
3307 755 3496 806 σεμνο-

1937 828 2168 894 λογοῦσα
2182 830 2239 881 τὸ
2258 830 2670 898 πρεσϐυτέριον,
2687 832 2905 898 τιμῶσα
2927 830 3015 880 τὸν
3042 828 3237 897 κλῆρον
3259 829 3493 889 ἅπαντα,

1938 917 2029 966 καὶ
2056 916 2342 985 ὁμολογίας
2366 916 2673 986 κατηξιώθη
2706 917 2845 986 ὐπέρ
2870 916 2967 984 τῆς
2988 914 3264 983 ἀληθείας,
3297 913 3497 974 πολλάς

1936 1003 2200 1072 δεξαμένη
2224 1004 2446 1071 νιφάδας
2480 1005 2723 1074 ἀκαίρων
2755 1002 3119 1070 κατηγοριῶν.
3144 996 3250 1063 Ἶις
3278 1003 3365 1051 τὸν
3385 1002 3497 1070 βίον

1938 1093 1994 1144 ἐν
2021 1091 2435 1161 ὀμολογητρίαις
2481 1092 2779 1159 κρίνουσιν,
2834 1091 2945 1142 ὅσοι
2981 1089 3089 1139 τῶν
3128 1088 3366 1139 εὐσεϐῶν
3400 1090 3497 1157 τὴν

1939 1178 2503 1233 Κωνσταντινούπολιν
2535 1179 2774 1231 οίκοῦσιν
2802 1193 2814 1206 ·
2846 1178 2968 1246 ἥτις
3003 1176 3071 1228 τά
3101 1176 3329 1227 θανάτου
3354 1176 3498 1226 ἐκιν-

1937 1267 2190 1319 δύνευσεν
2224 1270 2335 1326 τοῖς
2372 1267 2510 1318 κατὰ
2562 1266 2691 1317 Θεὸν
2748 1264 2990 1330 ἀγῶσιν
3033 1264 3127 1313 καὶ
3179 1265 3234 1313 ἐν
3290 1261 3498 1319 τούτοις

1938 1354 2321 1422 τελευτήσασα,
2359 1352 2417 1403 τὸ
2452 1352 2720 1419 μακάριον
2753 1353 2923 1419 ἤρατο
2973 1349 3125 1411 κλέος
3177 1350 3234 1399 ἐν
3264 1347 3339 1417 τῷ
3373 1348 3499 1397 ἀπε·

1941 1441 2118 1509 ράντῳ
2166 1440 2320 1490 αἰῶνι
2359 1436 2838 1508 στεφανηφοροῦσα
2892 1436 2985 1487 καὶ
3032 1434 3346 1504 χορεύουσα,
3400 1432 3498 1491 τάς

1940 1527 2250 1594 ἀκηράτους
2308 1525 2471 1595 μονάς
2516 1527 2653 1594 μετά
2716 1526 2873 1575 θείων
2924 1522 3109 1590 ψυχῶν
3157 1521 3249 1572 καὶ
3297 1518 3496 1586 ὁμοίων

1940 1614 2103 1680 ἐαυτῇ
2132 1615 2211 1673 εἰς
2240 1613 2325 1663 ἀεὶ
2362 1610 2707 1672 κατοικοῦσα,
2760 1612 2853 1660 καὶ
2898 1610 3006 1660 τῶν
3065 1606 3284 1672 ἀγαθῶν
3323 1605 3498 1673 ἔργων

1941 1701 2093 1769 πλρά
2122 1700 2215 1751 τοῦ
2244 1700 2512 1751 Δεσπότου
2534 1698 2667 1750 Θεοῦ
2701 1698 2836 1766 μετά
2864 1696 3176 1766 παρρησίας
3209 1694 3306 1754 τὰς
3336 1694 3497 1760 ἀμοιο

268 1787 472 1849 ἀτυφος
522 1781 713 1849 γνώμη
739 1796 752 1808 ⁸
804 1780 1109 1849 ἀτάρακτος
1154 1780 1378 1845 καρδία’
1426 1780 1627 1841 ἄϋπνος
1665 1781 1911 1864 ἀγρυ-“Β
1942 1787 2037 1849 ϐὰς
2067 1786 2385 1841 ἀπαιτοῦσα,

269 1870 402 1921 πιλία
430 1884 440 1896 ·
470 1868 799 1937 ἀπερίεργον
831 1866 1044 1935 πνεῦμα
1068 1882 1081 1894 ⁸
1113 1867 1417 1936 ἀμέτρητος
1450 1868 1639 1934 ἀγάπη
1660 1881 1671 1893 ·
1701 1867 1836 1916 ἀκα-

265 1958 535 2025 τάληπτος
568 1954 821 2006 κοινωνία
848 1969 860 1982 °
894 1954 1366 2024 εὐκαταφρόνητος
1399 1954 1592 2022 ἐσθής·
1631 1953 1835 2022 ἐγκρά-

265 2062 383 2096 τεια
436 2045 670 2112 ἄμετρος
696 2058 710 2070 ⁸
743 2041 977 2110 εὐθύτης
1030 2042 1264 2103 διανοίας
1313 2044 1391 2102 είς
1422 2042 1551 2092 Θεόν
1573 2056 1584 2068 ·
1623 2040 1835 2102 ἐλπίδες

263 2134 482 2183 ἀὲνναοι
505 2148 517 2159 '
550 2130 909 2199 ἐλεημοσύναι
942 2131 1325 2199 ἀνεκδιήγητοι
1347 2146 1358 2158 ·
1396 2132 1612 2183 πάντων
1642 2148 1833 2182 ταπει-

264 2221 373 2271 νῶν
416 2218 845 2287 ἐγκαλλώπισμα
872 2234 884 2246 ·
934 2218 1157 2278 πολλοὺς
1190 2218 1527 2287 πειρασμούς
1581 2218 1835 2287 ἐξαντλῆ-

268 2324 411 2359 σασα
442 2308 498 2373 ἐξ
529 2308 806 2376 ἐνεργείας
835 2306 926 2358 τοῦ
955 2308 1279 2359 ἐθελοκάκου
1310 2308 1401 2359 καὶ
1450 2307 1831 2377 ἀπειροκάλου.

267 2397 341 2446 Οὐ
400 2395 631 2463 μικροὺς
681 2395 899 2462 ἀγῶνας
951 2394 1334 2464 ἀγωνισαμένη
1388 2394 1525 2463 ὑπὲρ
1581 2394 1835 2463 ἀληθείας

266 2483 405 2535 (θεοῦ
430 2498 443 2512 ⁸
468 2484 728 2552 ἀμέτροις
774 2483 1028 2551 δακρύοις
1078 2485 1292 2553 νύκτωρ
1333 2484 1425 2534 καὶ
1459 2482 1575 2552 μεθ’
1620 2484 1835 2552 ἡμέραν

267 2571 527 2633 ανενδεῶς
567 2572 925 2639 συμϐιώσασα
952 2587 965 2599 ·
1027 2572 1433 2639 ὐποταττομένη
1476 2574 1623 2641 πάσῃ
1678 2572 1835 2637 φύσει

267 2658 584 2728 ἀνθρωπίνῃ
609 2658 695 2709 διά
732 2657 822 2709 τὸν
873 2659 1109 2726 Κύριον’
1150 2657 1289 2726 μετά
1332 2660 1512 2727 πάσης
1555 2658 1837 2720 εὐλαϐείας

270 2732 815 2816 ύποκλινομένητοίς
864 2747 1184 2808 ἐπισκόποις
1228 2748 1339 2808 τοῖς
1367 2747 1542 2813 ἁγίοις
1564 2763 1577 2776 ·
1606 2747 1839 2798 σέϐουσα

269 2834 330 2883 τὸ
370 2833 759 2902 πρεσϐυτέριον
784 2849 795 2862 ⁸
821 2834 1038 2902 τιμῶσα
1056 2833 1145 2885 τὸν
1166 2833 1383 2903 κλῆρον.
1419 2834 1717 2902 Λίδουμένη
1744 2834 1840 2901 τὴν

269 2923 521 2989 ἄσκησιν·
545 2920 913 2989 ἀποδεχομένη
941 2920 1259 2989 παρθενίανσ
1281 2922 1478 2990 χηρείᾳ
1499 2922 1836 2990 ἐπαρκοῦσα·

269 3010 536 3077 ὀρφανίαν
584 3009 1036 3078 ἀνατρεφομένη·
1095 3009 1281 3077 γήρως
1344 3010 1795 3077 ὐπερασπίζουσα
1825 3025 1837 3037 ·

2477 1886 2727 1939 ΚΕΦΑΛ.
2774 1886 2952 1937 PME’.

2456 1986 2595 2051 Περὶ
2648 1985 2964 2048 Κανδίδας.

2006 2088 2220 2156 Ταύτης
2254 2088 2481 2140 κατόπιν
2516 2088 2607 2137 καὶ
2634 2088 2927 2156 ἰσοτρόπως
2954 2086 3047 2138 καὶ
3077 2084 3237 2147 ἀξίως
3258 2082 3349 2135 τοῦ
3384 2084 3495 2133 Κυ-

1938 2177 2055 2248 ρίου
2087 2174 2329 2245 βιώσασα
2366 2177 2397 2243 ἡ
2434 2175 2675 2243 μακαρία
2706 2174 2957 2233 Κανδίδα,
2986 2175 3018 2243 ἡ
3044 2170 3310 2241 Τραϊανοῦ
3335 2171 3497 2235 θυγά-

1935 2276 2040 2327 τηρ
2071 2257 2160 2310 τοῦ
2189 2258 2576 2325 στρατηλάτου,
2603 2263 2695 2308 καὶ
2725 2259 2803 2317 είς
2825 2259 2991 2326 ἀκρον
3022 2257 3345 2323 σεμνότητος
3374 2253 3497 2303 ἐλά-

1939 2358 2098 2403 σασα,
2165 2341 2457 2408 ἐκκλησίας
2514 2356 2572 2391 τε
2618 2340 2932 2404 κατὰλόγον
2986 2341 3342 2406 κοσμήσασα,
3403 2335 3499 2385 καὶ

1937 2425 2265 2484 ἐπισκόπους
2293 2425 2455 2488 ἀξίως
2488 2425 2595 2474 τῶν
2622 2424 2712 2475 τοῦ
2742 2422 2973 2490 Χριστοῦ
2994 2422 3308 2490 μυστηρίων
3339 2419 3498 2469 σεϐα-

1939 2508 2147 2571 σθείσα,
2184 2506 2278 2558 καὶ
2316 2507 2489 2557 πάντα
2536 2506 2625 2557 τὸν
2658 2506 2750 2557 τοῦ
2795 2504 3030 2572 Χριστοῦ
3058 2504 3255 2571 κλῆρον
3297 2502 3498 2553 καταλ-

1938 2590 2112 2659 λήλως
2130 2591 2427 2658 τιμήσασα,
2448 2590 2541 2641 καὶ
2561 2589 2656 2658 τὴν
2674 2589 2804 2640 ίδίαν
2830 2588 3100 2657 θυγατέρα
3120 2589 3499 2655 κατηχήσασα,

1942 2677 2019 2735 είς
2062 2676 2151 2727 τὸν
2200 2676 2298 2743 τῆς
2351 2664 2648 2743 παρθενίας
2694 2676 2892 2743 κλῆρον
2938 2674 3257 2744 προέπεμψε
3297 2675 3500 2744 ταύτην

1941 2763 2075 2830 πρὸς
2106 2763 2194 2813 τὸν
2244 2762 2476 2829 Χριστὸν
2528 2763 2719 2831 δῶρον,
2754 2764 2862 2814 τῶν
2913 2764 3079 2832 αὐτῆς
3115 2765 3384 2829 λαγόνωνο
3422 2765 3502 2824 είς

1943 2850 2167 2918 ὓστερον
2192 2852 2246 2902 δὲ
2275 2852 2367 2901 καὶ
2394 2852 2533 2918 αὐτη
2567 2851 2886 2921 σωφροσύνῃ
2915 2867 2995 2912 τε,
3033 2852 3126 2902 καὶ
3163 2851 3375 2919 ἁγνεία,
3409 2851 3505 2902 καὶ

1940 2941 2051 3000 τοῖς
2080 2941 2185 2990 τῶν
2213 2940 2507 3007 χρημάτων
2531 2942 2891 3007 σκορπισμοίς
2928 2938 3408 3005 ἐπακολουθησασα
3436 2939 3501 3004 τῇ

1944 3027 2140 3095 ἐαυτῆς
2172 3026 2423 3095 θυγατρί.
2476 3025 2689 3095 Ταύτην
2712 3026 2807 3095 τὴν
2854 3029 3104 3092 γενναῐαν
3134 3022 3248 3077 οἶδα
3276 3024 3386 3091 ἐγὼ
3418 3027 3502 3077 διά

272 3096 633 3158 ἀσθενοῦντας
672 3094 1110 3163 ἐπισκεπτομένη
1137 3111 1177 3191 '_
1208 3096 1551 3165 ἁμαρτωλοῖς
1602 3113 1841 3165 συμπεν’
1867 3144 1910 3198 C
1947 3116 2123 3182 πάσης
2163 3116 2258 3184 τῆς
2298 3115 2489 3176 νυκτὸς
2541 3115 2841 3175 κοπιῶσαν,
2888 3115 2982 3166 καὶ
3030 3114 3333 3183 ἀλήθουσαν
3384 3118 3504 3175 ταῖς

273 3184 444 3235 θοῦσα
469 3202 481 3215 ’
515 3184 962 3251 πεπλανημένους
989 3182 1255 3248 ὀδηγοῦσα
1278 3198 1290 3210 ·
1330 3186 1454 3243 τοὺς
1489 3184 1696 3245 πάντας
1728 3184 1842 3234 ἐλε-

272 3272 407 3323 ούσα
429 3287 443 3301 ⁸
473 3272 599 3333 τοὺς
629 3270 955 3340 πενομένους
980 3270 1216 3336 ἀφειδῶς
1239 3270 1607 3337 οἰκτείρουσαο
1646 3270 1843 3332 πολλάς

275 3376 340 3411 τε
364 3359 472 3411 τῶν
504 3359 751 3410 ἀπίστων
775 3360 1134 3426 κατηχήσασα
1172 3358 1453 3423 γυναῖκας,
1486 3359 1579 3409 καὶ
1608 3358 1677 3408 τὰ
1707 3360 1844 3426 πρὸς

274 3448 375 3512 τὴν
423 3444 567 3514 ζωὴν
616 3445 1045 3512 ἐπικουρήσασα,
1092 3444 1419 3510 ἀείμνηστον
1474 3444 1843 3513 χρηστότητος

274 3536 444 3602 ὄνομα
470 3534 558 3585 διὰ
579 3534 775 3595 παντὸς
798 3532 889 3585 τοῦ
920 3533 1034 3600 βίου
1060 3532 1413 3601 κατηλέησεν.
1452 3534 1582 3584 Ἀπὸ
1605 3534 1845 3595 δουλείας

275 3624 355 3683 εἰς
389 3619 703 3688 ἐλευθερίαν
732 3620 840 3671 τῶν
870 3619 1096 3671 οἰκετῶν
1147 3620 1354 3688 μυρίων
1384 3620 1549 3688 ἐσμὸν
1578 3622 1843 3673 ἀνακαλε-

276 3707 511 3775 σαμένη,
553 3708 823 3774 ἰσοτίμους
877 3709 975 3773 τῆς
1030 3707 1160 3769 ίδίας
1212 3708 1485 3773 εὐγενείας
1528 3708 1840 3777 ἀπέφηνεν·

280 3793 479 3861 μᾶλλον
507 3792 561 3843 δὲ
595 3794 640 3843 εἰ
672 3793 777 3863 χρὴ
802 3792 1035 3862 τάληθὲς
1082 3795 1276 3857 εἰπεῖν,
1336 3795 1429 3846 καὶ
1477 3795 1846 3862 εὐγενέστεροι

277 3879 355 3947 τῷ
382 3884 618 3947 σχήματι
647 3882 742 3947 τῆς
774 3880 933 3946 ἀγίας
979 3879 1183 3947 ταύτης
1222 3880 1542 3933 ἐδείκνυντο.
1576 3882 1707 3932 Οὐδέ
1738 3884 1845 3948 γὰρ

277 3967 660 4035 εύτελέστερόν
712 3984 764 4019 τι
815 3968 922 4020 τῶν
959 3968 1267 4037 ἐνδυμάτων
1312 3968 1516 4036 ταύτης
1561 3969 1846 4039 εὐρεθῆναι

279 4054 521 4108 ἐδυνάτο.
556 4056 675 4107 Τῶν
699 4056 807 4126 γάρ
834 4058 973 4109 πάνυ
1004 4056 1437 4127 ρακοδυτούντων
1477 4058 1667 4121 ἀνάξια
1690 4052 1755 4127 ἧν
1780 4060 1847 4110 τὰ

278 4142 377 4209 τῆς
405 4142 556 4200 ὁσίας
588 4141 789 4209 ταύτης
827 4145 1208 4211 σκεπάσματα.
1240 4143 1473 4214 Τοιαύτη
1506 4144 1559 4196 δέ
1592 4146 1717 4214 παρ’
1749 4146 1846 4197 αὐ-

278 4229 380 4297 τῆς
426 4231 655 4299 ἡπιότης
701 4233 974 4300 ἐτρέφετο,
1025 4233 1099 4293 ὡς
1144 4234 1236 4285 καὶ
1263 4234 1442 4284 αὐτῶν
1496 4234 1601 4284 τῶν
1626 4235 1847 4287 παιδίων

281 4319 705 4385 ὑπερακοντίσαι
733 4320 789 4370 τὸ
811 4319 1027 4386 ἀφελές.
1050 4321 1228 4385 Ψόγος
1248 4320 1418 4381 οὐδεὶς
1444 4320 1694 4372 οὐδέποτε
1731 4321 1849 4371 οὐδὲ

278 4405 390 4456 τῶν
418 4405 583 4466 πέλας
615 4408 765 4473 παρά
797 4409 859 4475 τῇ
910 4408 1252 4475 χριστοφόρῳ
1295 4408 1465 4477 ταύτῃ
1516 4409 1843 4476 ηὑρίσκετο⁶

279 4490 419 4542 ἀλλὰ
452 4493 558 4550 πᾶς
595 4493 622 4542 ὁ
676 4492 877 4558 ταύτης
914 4492 1141 4552 ἀϐίωτος
1171 4492 1281 4559 βίος
1328 4494 1383 4543 ἐν
1423 4493 1711 4556 κατανύξει
1750 4492 1845 4543 καὶ⁹

282 4579 452 4646 συχνῇ
487 4576 734 4644 δακρύων
788 4579 1030 4646 ὑπῆρχεν
1090 4581 1217 4647 ῥοῇ·
1258 4582 1349 4630 καὶ
1378 4575 1444 4647 ἦν
1478 4580 1601 4630 ἰδεῖν
1654 4578 1852 4648 μᾶλλον

283 4664 469 4732 πηγὴν
498 4664 565 4715 τὰ
595 4663 792 4731 ἐαυτῆς
815 4664 1033 4732 νάματα
1055 4665 1436 4717 ἐπιλείπουσαν
1471 4667 1527 4716 ἐν
1562 4667 1674 4727 τοῖς
1721 4664 1851 4716 καύ-

285 4769 474 4817 μασιν.
518 4750 549 4819 ἦ
586 4750 714 4811 τοὺς
765 4751 1201 4819 ἀμετεωρίστους
1250 4752 1474 4817 ταύτης,
1505 4752 1600 4803 καὶ
1647 4753 1732 4803 ἀεὶ
1762 4752 1851 4803 τὸν

283 4839 518 4907 Χριστὸν
546 4837 788 4905 ὁρῶντας
830 4836 1140 4905 όψθαλμοὺς
1194 4838 1572 4904 διαλιμπάνειν
1601 4838 1851 4907 δακρύων

286 4922 437 4973 ποτέ.
482 4923 590 4973 Καὶ
617 4922 668 4972 τί
717 4920 932 4988 μέλλω;
989 4922 1111 4972 ὅσον
1145 4922 1251 4989 γὰρ
1303 4922 1366 4973 ἂν
1408 4921 1627 4991 παρέξω
1655 4926 1717 4991 τῇ
1748 4924 1850 4992 ἐμῇ

282 5010 494 5079 διανοίᾳ
527 5008 720 5075 σχολὴν
752 5009 875 5069 τοὺς
898 5008 1100 5077 ταύτης
1141 5008 1332 5068 ἄθλους
1360 5010 1455 5076 τῆς
1502 5011 1855 5077 πεπετρωμέ-

286 5114 385 5160 νης
417 5096 593 5163 ψυχῆς
626 5096 718 5147 καὶ
749 5094 950 5162 ἀρετὰς
976 5095 1356 5164 διηγούμενος,
1386 5096 1520 5148 πολὺ
1549 5097 1773 5147 κατόπιν
1803 5098 1851 5147 οἱ

285 5184 437 5247 λόγοι
468 5183 575 5233 τῶν
608 5182 785 5250 ἔργων
818 5182 1226 5250 εὑρεθήσονται.
1270 5183 1379 5233 Καὶ
1424 5184 1496 5249 μή
1550 5199 1630 5244 τις
1658 5183 1851 5251 νομίσῃ

293 5270 360 5337 μέ
395 5268 852 5336 κεκομψευμένως
880 5268 1059 5333 λέγειν
1081 5267 1149 5319 τὰ
1180 5269 1306 5336 περὶ
1337 5269 1434 5337 τῆς
1470 5270 1854 5337 ἀπαθεστάτης

289 5356 516 5423 ταύτης,
543 5355 636 5406 καὶ
665 5354 849 5405 λοιπὸν
870 5354 997 5420 ὅλης
1017 5354 1108 5407 τοῦ
1136 5356 1293 5422 ἁγίου
1334 5354 1647 5424 Ιινεύματος
1673 5358 1854 5425 τιμίου

292 5443 519 5503 σκεύους
578 5441 936 5509 Ὀλυμπιάδος
978 5441 1077 5509 τῆς
1124 5444 1495 5512 σεμνοτάτης·
1545 5444 1660 5497 ἀλλ’
1726 5446 1855 5495 αὐτ-

292 5531 467 5598 όπτην
488 5530 851 5597 γεγενημένοιν
878 5532 970 5580 καὶ
1007 5530 1314 5599 θεωροῦντα
1335 5532 1428 5583 τὸν
1458 5532 1554 5601 τῆς
1582 5534 1857 5602 μακαρίας

292 5618 495 5683 ταύτης
529 5616 638 5685 βίον
668 5617 761 5667 καὶ
793 5616 1089 5685 ἀγγελικὴν
1140 5618 1433 5682 πολιτείαν,
1464 5619 1537 5681 ὡς
1567 5620 1661 5672 ac;
1694 5638 1855 5672 πνευ-

294 5705 523 5775 ματικὸν
550 5705 769 5773 γνήσιον
801 5703 949 5769 φίλον
972 5705 1063 5755 καὶ
1095 5703 1371 5773 συγγενῶν
1389 5706 1716 5761 οἰκειότατον
1742 5725 1755 5739 ·
1784 5708 1857 5771 ὡς

689 5796 953 5854 Ρλτιιοι..
999 5794 1116 5852 Gn.
1159 5797 1455 5857 "XXXIV.

1948 3202 2103 3261 ἰδίαις
2138 3202 2343 3269 χερσὶν,
2388 3200 2648 3254 ποιοῦσαν
2685 3202 2775 3254 τὸν
2808 3202 2969 3270 ἄρτον
2998 3203 3092 3270 τῆς
3138 3202 3504 3271 προσκομιδῆς

1945 3288 2036 3340 ἐπὶ
2060 3287 2378 3357 καθαιρέσει
2398 3289 2495 3357 τῆς
2519 3289 2612 3340 τοῦ
2643 3290 2890 3358 σώματος
2918 3290 3254 3354 δυναστείας,
3286 3290 3502 3358 διηγου-

1948 3375 2113 3440 μένην
2148 3374 2227 3425 ὃτι
2258 3373 2358 3442 τῆς
2399 3375 2652 3443 νηστείας
2706 3375 2779 3445 μὴ
2813 3376 3179 3446 ἐπαρκούσης,
3220 3376 3507 3445 σύμμαχον

1942 3462 2133 3528 δίδωμι
2181 3462 2354 3532 ταύτῃ
2388 3463 2480 3513 καὶ
2533 3463 2631 3532 τὴν
2672 3464 2969 3531 ἐπίμοχθον
3031 3465 3360 3533 ἀγρυπνίαν,
3419 3467 3505 3517 ἵνα

1945 3549 2230 3600 καταλύσω
2260 3550 2321 3600 τὸ
2350 3549 2925 3618 φρύαγματοῦἪσαῦ.
2956 3552 3104 3619 Αῦτη
3134 3551 3369 3619 ἐναίμων
3407 3552 3504 3620 μὲν

1945 3637 2039 3688 καὶ
2066 3636 2327 3706 ἐμψύχων
2353 3640 2430 3699 είς
2474 3638 2642 3706 ἀκρον
2676 3638 2964 3705 ἀπέσχετο,
3012 3636 3149 3707 πλὴν
3202 3639 3381 3706 ἰχθύος
3412 3645 3506 3691 καὶ

1946 3726 2125 3777 ἐλαίου
2154 3730 2246 3777 καὶ
2275 3726 2522 3793 λαχάνων
2548 3726 2847 3795 ἐλάμϐανεν
2877 3742 2889 3754 ’
2926 3728 3017 3779 καὶ
3063 3728 3233 3779 ταῦτα
3259 3730 3315 3779 ἐν
3343 3730 3502 3797 ἐορτῇ

1949 3812 2127 3879 μόνον.
2154 3812 2256 3863 Τὸν
2287 3812 2341 3862 δέ
2372 3810 2529 3864 ἀλλον
2553 3813 2765 3865 ἅπαντα
2802 3814 2990 3882 χρόνον
3012 3813 3349 3879 διατελοῦσα,
3380 3817 3503 3879 ὀξυ-

1948 3898 2191 3965 κράματι
2244 3899 2338 3948 καὶ
2374 3897 2523 3965 ἄρτῳ
2552 3897 2700 3968 ξηρῴ
2746 3899 3058 3968 ἀρκουμένη
3098 3902 3155 3951 ἐν
3185 3904 3371 3971 ἑαυτῇ,
3406 3904 3504 3971 τὴν

1948 3984 2225 4052 μακαρίαν
2242 3984 2545 4035 ἀνάπαυσιν
2569 3987 2601 4055 ἡ
2622 3986 2860 4053 ἀοίδιμος
2884 3986 3204 4056 κοιμηθεῖσα
3224 3990 3288 4057 τῇ
3306 3988 3506 4059 σκληρ-

1947 4070 2191 4138 αγωγίᾳ,
2241 4070 2334 4121 νῦν
2382 4070 2639 4122 ἀπολαύει
2696 4072 2802 4123 τῶν
2856 4072 3083 4125 αἰωνίων
3135 4075 3353 4140 ἀγαθῶν
3394 4077 3504 4129 τῶν

1946 4157 2363 4227 ἡτοιμασμένων
2390 4161 2501 4219 τοῖς
2525 4159 2613 4210 τὸν
2636 4159 2890 4227 ἐνάρετον
2924 4162 3037 4229 βίον
3066 4163 3430 4231 ἠγαπηκόσιν.

2488 4260 2733 4313 ΚΕΦΑΛ.
2772 4263 2962 4327 mur.

2473 4345 2612 4411 Περὶ
2652 4348 2975 4411 Γελασιάς.

1875 4459 1920 4514 D
2017 4439 2230 4509 Ταύτης
2258 4443 2354 4511 τῆς
2385 4442 2638 4512 ἐναρέτου
2672 4446 2811 4497 κατά
2837 4445 2995 4513 ζῆλον
3021 4448 3255 4500 ὧδευσεν
3285 4450 3381 4520 τὴν
3407 4452 3507 4519 τῆς

1952 4528 2250 4591 ἀθανασίας
2306 4530 2423 4583 ὁδὸν
2471 4531 2708 4595 εὐσεϐῶς
2739 4534 3013 4586 ἑλκύσασα
3044 4537 3133 4587 τὸν
3168 4540 3264 4606 τῆς
3304 4540 3508 4607 παρθε-

1952 4618 2067 4678 νίας
2108 4618 2271 4682 ςυγὸν
2304 4620 2336 4685 ἡ
2388 4621 2687 4689 σεμνοτάτη
2740 4622 2989 4687 Γελασία,
3026 4624 3266 4695 θυγάτηρ
3301 4628 3508 4697 τριϐού-

1952 4722 2043 4755 νου
2069 4706 2231 4765 τινός.
2267 4705 2482 4773 Ταύτης
2508 4707 2606 4772 τῆς
2637 4709 2862 4777 ἀρίστης
2891 4711 3061 4779 ἀρετὴ
3088 4714 3226 4784 αῦτη
3261 4717 3505 4785 φέρεται,

1952 4791 2031 4843 ὃτι
2064 4792 2210 4860 ἣλιος
2234 4792 2484 4843 οὐδέποτε
2518 4796 2675 4846 έπέδυ
2710 4796 2803 4846 ἐπὶ
2841 4798 2982 4866 λύπῃ
3010 4800 3232 4868 ταύτης,
3265 4804 3323 4852 ού
3372 4804 3512 4854 κατά

1951 4881 2183 4945 οἰκέτου,
2210 4880 2268 4931 οὐ
2308 4881 2445 4934 κατά
2471 4882 2825 4951 θεραπαίνης,
2858 4886 2917 4935 οὐ
2949 4886 3089 4938 κατά
3126 4903 3268 4951 τινος
3301 4890 3508 4959 ἐτέρου.

1967 4968 2346 5037 Ἀποφυγοῦσα
2375 4970 2503 5035 γοῦν
2533 4969 2670 5037 αὕτη
2701 4971 2733 5039 ἠ
2768 4973 3013 5042 μακαρία
3056 4975 3153 5043 τὴν
3182 4975 3289 5027 τῶν
3323 4995 3513 5046 μνησι-

1955 5060 2137 5109 κάκων
2176 5059 2312 5120 ὁδὸν,
2345 5062 2441 5125 τὴν
2473 5060 2548 5119 είς
2577 5060 2803 5111 θάνατον
2836 5060 3051 5114 αἰώνιον
3092 5065 3385 5131 φέρουσαν,
3412 5066 3508 5137 τῆς

1957 5147 2035 5205 εἰς
2068 5145 2232 5196 ἀΐδιον
2263 5144 2406 5214 ζωὴν
2438 5145 2707 5214 φερούσης
2730 5147 3051 5201 ἐπελάϐετο.

2479 5246 2729 5297 ΚΕΦΑΛ.
2788 5248 2963 5300 ΡΜΖ’.

2466 5332 2600 5399 Περὶ
2663 5333 3007 5401 Ἰουλιανῆς.

2039 5434 2297 5503 Ἰουλιανὴ
2311 5451 2393 5496 τις
2413 5433 2571 5485 πάλιν
2596 5435 2817 5502 ὀνόματι
2848 5435 3111 5503 παρθένος
3127 5438 3184 5487 ἐν
3215 5437 3519 5505 Καισαρείᾳ

1957 5523 2053 5591 τῆς
2074 5520 2462 5581 Καππαδοκίας
2485 5520 2785 5589 λογιωτάτη
2802 5522 2892 5573 καὶ
2910 5523 3200 5589 πιστοτάτη
3216 5521 3427 5584 ἐλέγετο
3441 5518 3518 5570 εἱ-

1958 5628 2071 5663 ναι·
2134 5612 2252 5681 ἥτις
2305 5610 2586 5680 Ὠριγένην
2622 5611 2713 5661 τὸν
2758 5611 3076 5678 συγγραφέα
3112 5615 3381 5678 φεύγοντα
3420 5614 3521 5681 τὴν

1961 5701 2319 5753 ἐπανάστασιν
2352 5698 2461 5751 τῶν
2495 5699 2759 5766 Ἑλλήνων
2791 5700 3020 5761 ἐδέξατο,
3056 5702 3148 5750 ἐπὶ
3188 5700 3280 5751 δύο
3309 5699 3401 5767 ἐτη
3420 5716 3522 5751 κα-

3092 5792 3167 5849 '40
