4258 6360
306 381 449 436 1253

1552 366 1859 424 HISTORIA
1905 361 2253 418 LAUSIACA.

3365 356 3499 417 1954

304 485 600 549 sumptibus
628 494 680 537 et
708 498 802 536 suo
833 484 1122 536 ministerio
1152 484 1316 535 virmn
1355 482 1521 536 alens.
1559 481 1732 534 Inveni
1760 493 1850 528 au-
1877 471 1922 527 Α
1957 488 2173 539 vespere
2204 472 2492 540 ingreditur
2521 474 2583 525 ad
2614 487 2733 525 eum
2758 474 2845 540 qui
2873 472 2987 527 illas
3020 474 3190 526 alebat
3210 514 3225 537 ,
3259 483 3309 527 et
3336 474 3425 527 dat
3452 474 3502 528 ei

309 583 410 624 tem
440 572 550 624 ha-c
582 573 631 625 in
676 573 1037 640 antiquissimo
1067 573 1198 625 libro
1228 574 1422 639 scripto
1464 572 1723 631 versibus,
1762 571 1849 635 qui

305 662 516 730 quidem
564 663 791 729 scriptus
830 670 944 714 erat
990 676 1147 712 manu
1214 658 1481 727 Origcnis.
1556 654 1712 709 IIunc
1780 657 1849 709 li-

302 753 463 807 brum
510 750 681 803 inveni
729 764 826 817 ego
871 750 1007 813 apud
1053 749 1310 801 Julianatn
1358 745 1610 813 virginem
1656 745 1706 797 in
1740 742 1855 796 Cte-

309 856 479 903 Sarea,
509 842 673 907 quiet
713 842 820 907 ipse
850 838 994 908 (9.15)
1026 838 1160 904 apud
1200 853 1314 889 eam
1354 837 1642 890 occultatus
1685 849 1849 889 eram.

309 928 525 981 Dicebat
552 940 723 981 autem
764 942 822 981 se
858 928 1120 985 accepisse
1145 942 1174 979 a
1213 924 1529 996 Symmacho
1568 924 1853 991 interprete

306 1020 627 1076 Judazorutn.

380 1109 491 1161 Νιιιι
513 1108 608 1161 fuit
628 1120 801 1161 autem
825 1108 1050 1161 alienum
1073 1109 1138 1160 ab
1156 1109 1392 1160 mstituto
1413 1120 1593 1173 opere,
1618 1104 1857 1171 posuisse

308 1201 525 1251 virtutes
552 1201 733 1252 harum
765 1200 1101 1264 feminarum;
1134 1200 1226 1253 sed
1249 1207 1307 1252 ut
1334 1200 1593 1262 sciamus,
1623 1196 1762 1264 quod
1793 1211 1856 1250 ex

308 1292 533 1345 diversis
558 1292 924 1345 occasionibus
954 1292 1072 1344 licet
1105 1292 1314 1353 lucrari,
1339 1291 1381 1344 si
1412 1291 1651 1343 velimus.

821 1383 1043 1437 CAPUT
1079 1382 1347 1436 CXLVIII.

312 1474 386 1527 De
435 1475 619 1542 [mnino
649 1474 793 1542 (216)
826 1475 1134 1525 nobilissima
1180 1488 1292 1541 quin
1334 1473 1430 1537 fuit
1479 1489 1671 1539 semper
1698 1488 1855 1540 virgo.

383 1565 434 1615 In
468 1564 567 1615 alio
594 1564 726 1615 libro
753 1562 1116 1629 antiquissimo
1142 1601 1155 1623 ,
1190 1563 1388 1628 scripto
1430 1562 1496 1613 ab
1538 1562 1817 1629 Hippolyto
1841 1601 1854 1622 ,

309 1652 396 1719 qui
429 1652 524 1704 fuit
556 1651 823 1704 familiaris
862 1649 1220 1718 apostolorum
1243 1688 1257 1712 ,
1286 1649 1460 1701 iuveni
1492 1649 1645 1701 talem
1679 1664 1861 1700 narra-

310 1751 506 1795 tionem
537 1756 549 1795 :

1950 564 2178 628 quinque
2212 562 2441 618 solidos:
2478 571 2531 615 et
2568 561 2692 613 dicit
2723 562 2770 614 ei
2799 561 3076 615 :Concede
3125 562 3250 614 mihi
3283 577 3499 615 manere

1953 648 2049 702 hac
2076 658 2229 703 nocte
2256 665 2373 702 cum
2404 651 2499 702 hac
2527 649 2718 716 puella.
2752 649 2805 701 In
2854 651 3028 702 locum
3067 665 3190 717 ergo
3234 652 3500 703 occultum

1952 752 2069 789 eum
2098 754 2158 790 ea
2189 739 2451 805 ingressus
2476 779 2489 802 ,
2518 739 2643 790 dicit
2672 738 2719 790 ei
2749 754 2759 788 :
2794 738 2990 803 Surge,
3039 752 3187 790 serva
3224 748 3273 790 te
3307 740 3496 804 ip~attt.

1952 827 2017 880 Et
2046 842 2161 879 cum
2193 843 2306 880 eam
2337 830 2445 879 suis
2478 828 2711 881 vestibus
2744 828 3000 878 induisset
3026 868 3038 887 ,
3086 827 3263 878 tunica
3290 866 3302 888 ,
3335 826 3501 877 cauti-

1953 919 2027 969 sia
2058 918 2206 985 (218)
2228 958 2243 982 ,
2275 927 2327 970 et
2356 917 2632 985 chlamyde
2658 957 2670 980 ,
2704 927 2758 970 et
2786 916 3034 969 omnibus
3067 915 3301 967 virilibus
3329 956 3341 977 ,
3376 917 3503 967 dicit

1955 1007 2037 1059 ei:
2075 1007 2353 1076 Egredere,
2383 1015 2434 1059 te
2458 1021 2658 1057 suuuna
2690 1006 2981 1074 chlamydis
3010 1013 3157 1070 parte
3190 1014 3504 1069 contegens.

1955 1098 2080 1161 Quae
2110 1112 2226 1149 cum
2254 1098 2327 1149 sic
2355 1097 2595 1160 fecisset,
2629 1105 2680 1149 et
2708 1111 2764 1149 se
2792 1107 2950 1148 totam
2983 1096 3134 1161 signo
3173 1097 3346 1147 crucis
3384 1113 3497 1147 lllll-

1958 1189 2177 1252 niisset,
2227 1204 2437 1254 egressa
2488 1204 2551 1239 ex
2598 1188 2687 1238 illo
2720 1188 2835 1237 loco
2880 1187 3093 1237 omnino
3126 1186 3507 1249 incorruptaet

1959 1280 2225 1344 impolluta
2253 1320 2267 1342 ,
2300 1289 2504 1330 servata
2538 1288 2616 1329 est
2647 1278 2841 1329 Christi
2870 1279 3032 1343 gratia
3061 1288 3163 1338 {et
3202 1291 3362 1328 causa
3386 1277 3511 1327 adu-

1959 1368 2202 1420 lescentis
2228 1368 2314 1434 qui
2345 1384 2457 1420 eam
2484 1384 2579 1420 suo
2609 1369 2861 1434 sanguine
2886 1367 3125 1419 liberavit
3148 1382 3174 1417 a
3203 1368 3336 1432 turpi
3363 1368 3511 1417 vitio.

1960 1458 2205 1525 Sequenti
2236 1467 2407 1509 autem
2437 1458 2519 1510 die
2548 1473 2630 1509 res
2662 1458 2754 1508 fuit
2786 1458 3017 1521 cognita,
3046 1464 3099 1507 et
3126 1456 3409 1523 productus
3432 1465 3513 1506 est

1961 1546 2318 1611 Magistriauus
2350 1544 2413 1596 ad
2460 1546 2807 1597 sawissimum
2848 1544 3099 1608 judicent.
3156 1543 3284 1594 Cum
3336 1551 3509 1593 autem

1962 1648 2227 1689 strenuum
2258 1638 2451 1689 Christi
2498 1638 2751 1689 athletam
2802 1638 3153 1689 examinasset
3202 1637 3390 1702 impius
3415 1680 3428 1700 ,
3459 1646 3516 1689 et

1962 1730 2133 1780 omnia
2160 1730 2452 1791 didicis~et,
2484 1727 2638 1794 jussit
2666 1743 2781 1779 cum
2826 1729 2980 1790 objici
3012 1728 3141 1779 besli
3168 1743 3190 1779 s
3222 1767 3236 1789 ,
3270 1737 3326 1779 ιιι
3357 1731 3512 1778 etiam

383 1833 500 1884 [fuit
528 1831 763 1898 quamam
796 1832 1118 1885 nobilissima
1150 1834 1295 1899 virgo
1341 1842 1394 1886 ει
1443 1828 1858 1893 formosissima,
1898 1829 1942 1887 Β
1969 1819 2117 1870 malis
2168 1818 2387 1869 infestus
2432 1817 2633 1869 daemon
2686 1818 2734 1867 in
2769 1832 2831 1868 eo
2878 1816 3176 1867 afficeretur
3207 1816 3511 1881 ignominia.

310 1938 427 1987 qua:
455 1922 503 1973 in
537 1924 636 1973 vita
666 1938 730 1976 ex
756 1925 945 1976 virtute
974 1923 1176 1991 agenda
1208 1923 1562 1975 exercebatur
1592 1920 1855 1974 Corinthi.

314 2012 456 2063 Hanc
500 2013 589 2064 illo
621 2020 857 2078 tempore
893 2016 1195 2067 detulerunt
1240 2014 1303 2067 ad
1331 2013 1563 2079 judicem
1586 2053 1601 2077 ,
1633 2011 1720 2079 qui
1748 2019 1863 2064 erat

311 2100 524 2167 gentilis
550 2099 601 2152 in
632 2110 864 2167 tempore
896 2111 1309 2168 persecutorum,
1347 2110 1401 2153 ut
1423 2116 1541 2168 quae
1567 2099 1862 2152 maledicus

317 2190 602 2243 incesseret
628 2200 681 2243 et
709 2201 963 2257 tempora,
986 2204 1035 2243 et
1062 2191 1406 2257 imperatores
1426 2232 1440 2255 ,
1471 2201 1523 2244 et
1554 2190 1859 2243 simulacra.

314 2282 681 2350 Proponebant
710 2294 879 2335 autem
911 2285 1021 2350 ejus
1065 2283 1506 2351 pulchritudinem
1553 2282 1735 2335 harum
1779 2298 1862 2335 re-

314 2388 426 2423 rum
474 2383 857 2440 cauponatores
914 2374 1072 2440 impio
1117 2373 1321 2442 judiei,
1391 2372 1613 2427 feminas
1678 2372 1864 2425 insano

312 2477 490 2517 amore
522 2465 859 2532 depereunti;
896 2466 936 2518 is
967 2482 1117 2530 vero,
1146 2466 1351 2534 equinis
1378 2466 1591 2519 auribus
1615 2475 1666 2519 et
1708 2464 1861 2517 femi-

314 2571 408 2608 nas
440 2558 621 2610 insane
645 2559 946 2611 amantibus
974 2558 1400 2625 cogitationibus.
1427 2559 1628 2624 accepit
1666 2557 1863 2609 calum-

314 2646 451 2698 niam
482 2664 492 2697 ι
528 2660 587 2698 ea
620 2657 791 2699 autem
826 2648 1079 2715 producta
1117 2647 1179 2699 ad
1213 2648 1477 2698 hominem
1521 2646 1859 2709 sceleratum,

314 2736 479 2786 multo
506 2736 669 2802 magis
701 2737 877 2789 insana
907 2745 1091 2803 captus
1123 2746 1203 2789 est
1246 2736 1669 2799 intemperantia.
1710 2736 1861 2788 Post-

315 2840 469 2891 quam
502 2836 673 2877 antein
705 2827 947 2878 omnibus
968 2828 1218 2879 adversus
1246 2840 1359 2879 eam
1383 2826 1632 2879 adhibitis
1664 2823 1862 2877 machi-

315 2917 417 2979 nis,
436 2917 553 2968 huic
580 2917 666 2970 Dei
690 2916 885 2969 homini
907 2917 1023 2985 (sic)
1047 2919 1361 2983 persuadere
1384 2932 1484 2970 non
1504 2919 1689 2984 potuit,
1712 2917 1866 2968 variis

318 3009 591 3060 tormentis
620 3008 845 3075 subjecit
871 3008 1058 3062 fortem
1088 3008 1358 3061 feminam.
1386 3009 1662 3075 Postquam
1690 3018 1861 3059 auten-

317 3109 381 3147 ne
413 3095 492 3147 his
520 3096 727 3164 quidem
758 3097 807 3149 id
836 3097 973 3163 quod
1009 3097 1215 3149 volebat
1244 3108 1323 3148 est
1350 3110 1624 3150 assmutus
1643 3141 1655 3161 ,
1691 3107 1747 3149 ut
1774 3112 1859 3164 qui

319 3200 419 3235 non
454 3195 631 3250 posset
659 3200 773 3238 eam
818 3186 1079 3239 abducere
1122 3202 1149 3239 a
1186 3187 1381 3239 Christi
1409 3188 1741 3238 Confessione
1764 3228 1777 3248 ,
1814 3187 1864 3237 in
1894 3180 1939 3240 C

317 3287 430 3324 eam
461 3275 727 3326 insaniens
751 3276 1001 3337 crudelis,
1029 3290 1129 3328 non
1158 3276 1315 3327 tradit
1340 3290 1457 3327 eam
1488 3284 1868 3327 tormentorum

319 3364 653 3431 cruciatibus,
703 3369 797 3419 sed
840 3378 1038 3420 castam
1094 3378 1143 3420 et
1198 3377 1577 3433 temperantem
1622 3364 1870 3421 feminam

321 3472 519 3522 ponens
550 3457 599 3508 in
634 3457 942 3523 prostibnlo,
972 3458 1127 3524 jussit
1174 3459 1220 3512 ei
1262 3458 1349 3525 qui
1394 3472 1485 3511 eas
1531 3459 1871 3525 pos§idehat,

321 3548 536 3599 dicens:
562 3547 703 3599 llanc
726 3549 849 3599 mihi
879 3564 1004 3615 cape
1030 3559 1082 3602 et
1111 3557 1215 3602 tres
1246 3550 1442 3601 solidos
1472 3565 1534 3603 ex
1579 3566 1639 3602 ea
1680 3552 1744 3603 ad
1792 3566 1876 3604 me

322 3638 466 3688 defer
513 3640 763 3703 quotidie.
812 3636 859 3688 Is
905 3651 1078 3690 autem
1122 3655 1307 3691 aurum
1358 3641 1574 3707 exigens
1621 3656 1683 3694 ex
1732 3642 1872 3708 turpi

322 3725 560 3783 actione,
595 3739 708 3776 eam
744 3726 953 3776 tradidit
994 3727 1294 3780 volentibus
1336 3728 1385 3779 in
1418 3728 1626 3781 officina
1670 3731 1875 3783 abomi-

325 3815 478 3864 nandi
512 3812 706 3880 Ilagitii.
736 3815 865 3866 Cum
902 3818 1012 3867 haec
1034 3831 1157 3879 ergo
1181 3818 1448 3870 novissent
1485 3820 1573 3886 qui
1624 3821 1876 3872 teneban-

325 3913 409 3956 tur
461 3906 645 3956 insano
684 3920 864 3958 amore
907 3906 1221 3972 mulierum,
1270 3910 1571 3962 assidebant
1606 3913 1875 3963 scelerata:

323 3996 468 4048 exitzi
498 3996 740 4056 ol'licine.
776 3999 1072 4051 mercedem
1120 3998 1308 4053 dantes
1356 4002 1649 4055 inhonesta:
1689 4018 1877 4069 opera-

328 4088 504 4137 tionis.
551 4086 637 4137 Illa
682 4096 856 4139 autem
890 4090 1033 4155 virgo
1081 4089 1448 4143 honestissima
1500 4102 1553 4145 et
1601 4091 1649 4145 in
1700 4095 1879 4159 primis

327 4179 664 4241 veneranda,
710 4187 764 4231 et
809 4182 967 4231 verba
1014 4181 1077 4231 ad
1125 4181 1489 4248 tleccptionem
1549 4186 1875 4253 deflectens,

326 4268 630 4333 supplicuer
655 4271 731 4320 eis
762 4269 987 4333 dicebat,
1017 4287 1244 4339 rogans:
1277 4274 1454 4327 Habeo
1493 4278 1643 4328 ulcus
1669 4278 1717 4327 in
1766 4277 1881 4329 loco

326 4357 566 4419 occulto,
615 4358 1088 4423 quod-mirandum
1132 4362 1181 4413 in
1226 4363 1435 4413 modum
1470 4366 1606 4416 male
1643 4366 1749 4417 olet
1776 4403 1790 4425 .
1832 4373 1883 4417 et

331 4446 489 4496 timeo
530 4461 595 4498 ne
641 4461 732 4499 vos
778 4449 879 4501 mei
911 4449 1085 4502 odium
1117 4453 1289 4516 capiat
1322 4465 1532 4518 propter
1563 4456 1707 4505 ulcus
1740 4469 1883 4506 aver-

1964 1903 2092 1956 Nam
2123 1919 2239 1955 cum
2270 1904 2623 1955 existimasset
2656 1905 2819 1954 virum
2854 1900 3040 1954 fortem
3074 1904 3123 1955 in
3158 1903 3407 1955 nefarium
3438 1902 3517 1954 in-

1961 1993 2123 2059 jicere
2162 1993 2490 2059 supplicium,
2516 2008 2636 2045 eum
2665 1993 2838 2044 effecit
2869 1992 3061 2056 duplici
3096 1992 3178 2060 (ιη’.
3210 1992 3513 2062 dupliciter]

1962 2081 2155 2135 Christi
2198 2092 2503 2149 martyrem,
2535 2090 2589 2133 ut
2618 2084 2704 2148 qui
2731 2090 2782 2133 et
2814 2098 2905 2147 pro
2940 2096 3031 2133 sua
3062 2082 3232 2132 anima
3263 2084 3517 2148 praeclare

1964 2172 2331 2232 det-enaverit.
2353 2181 2407 2224 et
2425 2187 2519 2239 pro
2542 2173 2625 2224 illa
2646 2173 2792 2223 beata
2815 2174 2861 2223 in
2883 2172 3145 2224 laboribus
3168 2187 3381 2225 Strenue
3400 2187 3520 2239 per-

1965 2265 2299 2315 severaverit.
2320 2262 2570 2327 Quocirca
2590 2262 2781 2329 duplici
2805 2266 3004 2314 honore
3022 2272 3073 2314 et
3089 2261 3291 2314 duabus
3313 2262 3521 2329 insigni-

1966 2353 2063 2408 bus
2090 2354 2301 2409 coronis
2330 2356 2519 2422 dignus
2546 2364 2626 2405 est
2657 2353 2862 2405 habitus
2892 2367 2919 2404 a
2952 2353 3143 2406 Christi
3174 2354 3515 2420 benignitate.

2549 2465 2771 2517 CAPUT
2821 2464 2926 2516 CL.

2324 2556 2394 2609 De
2428 2571 2582 2609 uxore
2612 2554 2755 2623 (219)
2786 2555 2874 2605 viri
2910 2552 3174 2605 senatorii.

2036 2649 2243 2702 Memini
2275 2656 2449 2701 autem
2478 2648 2694 2699 alterius
2727 2660 2935 2712 quoque
2970 2646 3223 2698 hismrize.
3250 2654 3302 2697 et
3326 2644 3520 2697 bonum

1968 2751 2047 2794 est
2077 2756 2188 2793 eam
2216 2754 2317 2791 non
2347 2737 2635 2805 praeterire.
2664 2736 2865 2789 Dicitur
2894 2736 2959 2789 de
2990 2736 3319 2802 lllagnentino
3350 2734 3525 2787 insur-

1968 2839 2201 2891 rectore,
2242 2828 2379 2895 quod
2424 2827 2677 2879 habuerat
2712 2825 2880 2891 stupri
2929 2823 3364 2876 consuetudinem
3396 2837 3521 2875 cum

1969 2921 2147 2974 multis
2166 2919 2471 2988 gentilibus,
2498 2926 2549 2969 et
2575 2916 2808 2968 animum
2836 2915 3106 2982 adjecerat
3138 2922 3193 2965 ut
3223 2928 3332 2965 rem
3360 2913 3520 2966 etiam

1969 3012 2184 3063 haberet
2225 3026 2342 3063 cum
2384 3009 2727 3069 Christianis;
2762 3023 2837 3059 eae
2874 3016 3047 3059 autem
3096 3005 3359 3057 malebant
3390 3005 3524 3055 mori

1969 3118 2122 3172 quam
2174 3104 2399 3168 prodere
2447 3101 2776 3167 pudicitiam.
2829 3099 2958 3150 Cum
3014 3111 3139 3163 ergo
3193 3095 3426 3147 venisset
3473 3096 3523 3146 in

1971 3210 2123 3246 unam
2148 3193 2355 3254 urbem,
2381 3192 2577 3243 amavit
2598 3190 2876 3257 quamdam
2905 3203 3121 3240 uxorein
3147 3187 3243 3239 viri
3273 3186 3522 3238 senatorii

1973 3298 2035 3337 ex
2069 3282 2346 3348 praifeetis.
2388 3282 2599 3333 Timore
2642 3289 2819 3331 autem
2867 3274 3087 3330 allectus
3124 3279 3238 3341 ejus
3269 3276 3525 3338 maritus,

1972 3378 2101 3430 dixit
2128 3378 2173 3429 ei
2205 3393 2215 3427 :
2254 3376 2299 3428 lii
2328 3385 2399 3427 tte
2421 3414 2433 3437 ,
2467 3374 2591 3425 tolle
2621 3388 2756 3423 eam.
2787 3371 2913 3422 Cum
2947 3379 3124 3421 autem
3160 3370 3429 3419 venissent
3461 3368 3525 3419 ad

1972 3484 2086 3521 eam
2116 3468 2330 3529 milites,
2360 3464 2491 3516 dixit
2516 3465 2592 3516 eis
2623 3464 2810 3514 mulier
2839 3445 3199 3524 {Exspectate
3250 3472 3531 3523 parumper

1975 3561 2143 3613 donec
2173 3558 2421 3609 mundum
2466 3570 2635 3606 meum
2664 3566 2977 3617 componam
3003 3591 3015 3612 ,
3045 3551 3126 3601 cui
3154 3564 3267 3601 sum
3302 3557 3530 3600 assueta.

1977 3651 2210 3715 Ingressa
2245 3656 2413 3701 autem
2444 3661 2593 3699 suum
2620 3645 2807 3705 cubile,
2842 3653 3059 3709 accepto
3090 3656 3240 3706 ense,
3267 3657 3384 3693 emn
3418 3642 3531 3691 suis

1977 3739 2141 3790 inlisit
2183 3738 2489 3789 visceribus.
2540 3734 2767 3787 Audiam.
2813 3733 3042 3799 virgines
3083 3742 3131 3782 et
3180 3730 3534 3791 erubescant,

1976 3847 2089 3897 quc
2140 3833 2448 3895 protitentur
2496 3842 2551 3877 se
2598 3825 2865 3877 Chrisum
2922 3824 3116 3875 habere
3164 3836 3448 3888 sponsum,
3482 3830 3536 3873 et

1980 3936 2133 3989 prava
2164 3936 2281 3973 eum
2312 3919 2533 3983 produnt
2565 3918 2797 3970 libidine.
2831 3915 2989 3968 Nobis
3012 3926 3184 3965 autem
3213 3914 3303 3966 det
3329 3913 3538 3964 unicui-

1978 4028 2077 4078 que
2106 4012 2238 4063 Deus
2266 4024 2476 4062 servare
2507 4008 2881 4073 virginitatem,
2927 4014 2978 4056 et
3006 4004 3401 4056 exsultantibus
3425 4004 3535 4054 ela-

1980 4119 2122 4155 mare
2168 4118 2283 4154 cum
2332 4100 2729 4167 psalmographo
2774 4115 2784 4149 :
2834 4097 3049 4164 C0nfige
3101 4097 3150 4147 in
3210 4098 3397 4146 timore
3450 4103 3538 4145 tuo

1981 4208 2163 4245 carnes
2188 4206 2328 4243 lllt'aS
2353 4209 2363 4241 :
2392 4206 2417 4240 a
2437 4191 2646 4257 jntliciis
2673 4191 2811 4239 enim
2839 4190 2939 4237 tuis
2963 4187 3108 4238 timui
3135 4183 3303 4253 (Psal.
3324 4187 3535 4249 cxvut).

1986 4284 2080 4334 lit:
2111 4281 2241 4331 Vivo
2313 4287 2490 4331 autem
2539 4277 2644 4345 jam
2704 4292 2808 4329 non
2865 4292 3000 4345 ego,
3072 4273 3201 4324 vivit
3226 4287 3351 4323 vero
3380 4271 3428 4322 in
3457 4284 3540 4322 me

1982 4372 2220 4426 Christus
2247 4367 2438 4436 (Colat.
2467 4368 2549 4431 ιι).
2583 4366 2915 4418 Concedatur
2944 4373 3118 4415 autem
3147 4370 3204 4413 ut
3224 4375 3316 4413 vos
3333 4374 3541 4427 quoque

1988 4463 2169 4516 dicatis
2203 4459 2389 4512 sobria:
2419 4474 2430 4508 :
2468 4458 2574 4517 Ego
2606 4455 2823 4522 patrueli
2857 4468 2994 4516 meo,
3025 4463 3078 4505 et
3111 4452 3364 4519 patruelis
3388 4464 3538 4503 meus

328 4535 582 4597 Saudum;
624 4537 899 4591 concedite
945 4555 1069 4605 ergo
1115 4542 1240 4593 mihi
1276 4558 1469 4609 paucos
1496 4546 1609 4597 dies
1631 4586 1643 4607 ,
1674 4558 1728 4598 et
1762 4556 1883 4599 tunc
1913 4539 1964 4597 υ
1990 4570 2009 4607 ε

1856 4562 1883 4599 C
1913 4539 1964 4597 υ
1990 4564 2067 4607 est
2099 4551 2245 4613 mihi,
2273 4548 2551 4613 aliquando
2579 4546 2785 4611 quidem
2818 4559 3067 4603 Sponsus,
3096 4541 3377 4609 aliquando
3407 4555 3532 4592 vero

330 4625 505 4677 licebit
540 4629 685 4679 vobis
717 4629 795 4680 vel
826 4645 906 4683 me
936 4630 1125 4684 habere
1173 4634 1356 4699 gratis.
1408 4635 1495 4687 llis
1546 4636 1720 4689 verbis
1769 4652 1884 4703 per-

329 4731 514 4770 suasus
566 4720 977 4787 intemperantes
1023 4726 1337 4777 amendabat
1390 4726 1540 4779 beata
1598 4744 1611 4779 :
1659 4730 1884 4782 assiduis

332 4819 504 4859 autem
537 4810 778 4875 precibus
805 4811 965 4862 Deum
999 4814 1242 4877 placans,
1292 4824 1344 4866 et
1391 4820 1722 4877 compunctis
1754 4834 1883 4886 sup-

337 4896 703 4962 plicationibus
739 4916 855 4950 eum
894 4901 1101 4953 inllexit
1131 4904 1192 4955 ad
1230 4906 1666 4960 misericordiam.
1693 4914 1883 4961 Atten-

336 4990 464 5065 dens
510 5004 633 5054 ergo
682 4989 819 5042 Deus
868 4991 955 5057 qui
1009 4995 1154 5045 novit
1200 4996 1575 5062 cogitationes,
1623 5001 1885 5063 quomodo

335 5092 474 5131 caSIa
504 5080 765 5145 pudicitiae
789 5095 967 5133 curam
996 5086 1212 5149 gerebat
1240 5101 1301 5135 ex
1331 5087 1528 5147 animo,
1563 5088 1613 5140 in
1643 5089 1746 5141 illis
1778 5092 1889 5143 die-

333 5168 428 5219 bus
461 5183 552 5235 pro
574 5170 740 5222 salute
768 5171 997 5222 omnium
1028 5174 1128 5224 tale
1160 5175 1282 5241 quid
1315 5180 1530 5231 struxit.

873 5259 1093 5314 CAPUT
1138 5264 1361 5317 CXLIX.

789 5349 859 5401 De
891 5349 938 5401 Μ
948 5354 1222 5421 agistriauo
1264 5355 1433 5425 (217).

405 5439 623 5505 Quidam
649 5440 955 5494 adolescens
981 5443 1369 5510 Magistrianus,
1398 5449 1577 5515 specie
1605 5450 1887 5517 formosus,

337 5538 511 5582 mente
541 5531 675 5595 pius,
700 5532 781 5583 cui
813 5530 948 5583 Deus
974 5534 1142 5585 zelum
1174 5537 1393 5590 immisit
1433 5540 1725 5606 spiritalem
1756 5544 1890 5596 adeo

336 5621 640 5686 ardentem,
695 5632 748 5673 ut
797 5625 952 5675 etiam
993 5635 1216 5679 mortem
1266 5637 1670 5685 contemneret:
1699 5634 1739 5686 is
1771 5649 1887 5687 cum

338 5719 592 5777 pitetextu
644 5710 1057 5778 intemperantim
1109 5730 1172 5769 eo
1221 5720 1576 5785 accessisset,
1631 5723 1889 5787 profundo

1990 4644 2169 4701 frater,
2198 4650 2251 4691 ut
2289 4638 2414 4689 nihil
2451 4636 2706 4703 cogitetur
2748 4634 2959 4686 carnale
2984 4630 3157 4699 (Cant.
3192 4629 3285 4697 νι).
3314 4629 3367 4682 Si
3397 4628 3537 4679 enim

1988 4732 2213 4783 audieris
2258 4741 2505 4794 Sponsum
2536 4734 2588 4777 et
2618 4738 2865 4789 sponsam
2897 4763 2909 4784 ,
2941 4720 3199 4786 significat
3242 4718 3534 4785 spiritalem

1989 4826 2229 4880 unionem
2253 4836 2369 4874 eum
2400 4830 2563 4885 patre.

2060 4915 2293 4967 Vidimus
2336 4919 2509 4962 autem
2557 4907 2684 4959 alios
2720 4919 2928 4971 quoque
2961 4904 3142 4953 Patres
3172 4908 3223 4953 et
3256 4896 3544 4951 monachos

1995 5020 2083 5072 per
2112 5014 2269 5056 totam
2292 5002 2595 5069 Egyptum,
2630 4998 2819 5048 multas
2845 4996 3064 5045 virtutes
3091 5001 3143 5043 et
3170 4993 3315 5057 signa
3346 4988 3545 5041 facien-

1996 5107 2097 5158 tes,
2126 5110 2347 5162 quorum
2381 5109 2481 5144 non
2515 5089 2847 5142 meminimus
2882 5096 3091 5152 propter
3128 5082 3543 5142 multitudinem,

1993 5187 2082 5239 sed
2119 5199 2273 5251 pauca
2308 5197 2398 5247 pro
2427 5182 2602 5232 multis
2631 5178 2958 5228 narravimus
2985 5173 3177 5240 (fin/Il,
3208 5173 3243 5225 Ι.
3276 5187 3332 5232 ιι,
3356 5172 3405 5221 in
3438 5173 3549 5234 epi-

1996 5278 2153 5346 logo).
2189 5275 2319 5340 Quid
2352 5273 2487 5325 enim
2543 5271 2734 5321 dixerit
2774 5267 2960 5334 aliquis
3003 5266 3069 5318 de
3111 5263 3369 5329 superiori
3410 5262 3549 5313 The~

1999 5369 2149 5422 baide
2176 5382 2289 5432 qua:
2320 5376 2399 5417 est
2430 5379 2521 5430 per
2546 5362 2771 5429 Syenem
2793 5401 2808 5425 ,
2861 5360 2910 5410 iu
2958 5372 3057 5421 qua
3091 5364 3213 5407 sunt
3258 5356 3352 5406 viri
3397 5354 3550 5405 valde

1998 5456 2351 5515 admirabiles,
2385 5465 2434 5506 et
2465 5450 2738 5502 multitudo
2770 5450 3143 5501 monachorum
3169 5446 3392 5505 inﬁnita,
3418 5460 3550 5510 quo-

1998 5565 2111 5602 rum
2158 5563 2259 5599 nou
2308 5543 2591 5597 crediderit
2642 5542 2831 5608 aliquis
2879 5539 2997 5590 vita:
3045 5536 3310 5595 instituta,
3347 5544 3401 5584 ut
3431 5549 3549 5600 quas

1998 5640 2156 5690 vitam
2212 5638 2488 5688 humanam
2536 5640 2787 5697 superant
2824 5647 2835 5681 :
2869 5631 2954 5695 qui
3003 5628 3160 5680 etiam
3216 5635 3448 5677 mortuos
3494 5623 3547 5675 in

1999 5728 2305 5782 hodiernam
2340 5724 2662 5791 usquedicm
2695 5721 2964 5783 suscitant,
2995 5726 3044 5770 et
3074 5730 3230 5784 super
3256 5727 3414 5781 aquas
3436 5724 3552 5764 am-
