4258 6360
794 411 926 471 1255

2217 394 2530 449 PALLADII

3865 401 4004 460 1256

784 530 959 581 bulant
983 567 998 590 ,
1026 529 1158 581 sicut
1191 528 1408 591 Petrus;
1439 538 1492 582 et
1522 528 1774 597 quidquid
1806 528 2054 584 Servatur
2083 545 2177 597 per
2208 543 2326 580 san-
2357 531 2403 586 Α
2430 528 2661 579 t'aruisse
2684 567 2696 589 ,
2744 535 2797 578 οι
2842 525 3023 581 itidem
3072 543 3190 580 cum
3235 529 3497 597 ieiunare!
3524 570 3537 591 .
3591 529 3837 583 affectum
3890 546 4000 584 nou

781 629 893 671 ctus
938 618 1113 671 effecit
1159 620 1460 682 apostolos,
1492 634 1552 672 ea
1583 633 1721 671 nunc
1749 635 1959 688 quoque
2007 619 2189 673 efficit.
2225 617 2330 671 Sed

781 712 899 776 quia
929 724 1170 776 maguum
1203 708 1513 761 imminebat
1554 710 1841 774 periculum
1870 754 1884 775 ,
1935 710 1978 762 si
2026 710 2158 763 ultra
2190 710 2333 778 Lyco

781 796 1141 857 transiremus,
1169 807 1379 863 propter
1404 798 1663 850 latronum
1688 800 2058 865 irruptionem,
2086 816 2189 851 non
2214 799 2329 851 ausi

777 900 956 937 smnus
985 884 1163 938 videre
1207 886 1320 938 illos
1366 895 1594 940 sanctos.
1628 886 1807 955 Neque
1846 890 1987 941 enim
2046 890 2329 954 prredictos

781 975 957 1026 Patres
1006 975 1230 1027 vidimus
1280 975 1393 1027 sine
1441 976 1708 1041 periculo,
1762 993 1931 1044 neque
1982 978 2096 1031 sine
2150 978 2331 1031 labore

776 1067 1072 1131 aSpeximus
1098 1080 1275 1118 sacras
1301 1066 1391 1117 has
1416 1065 1670 1118 feminas:
1697 1068 1785 1119 sed
1813 1067 1968 1119 multa
1994 1069 2139 1134 prius
2167 1067 2328 1135 passi,

774 1166 827 1208 et
856 1155 1232 1223 propemodum
1264 1156 1565 1223 periclitati.
1599 1158 1679 1210 vix
1711 1159 1940 1213 assecuti
1972 1174 2151 1212 sumus
2182 1168 2238 1214 ut
2264 1173 2326 1212 ea

774 1246 1089 1299 videremus.
1124 1246 1329 1313 Septies
1359 1247 1497 1299 enim
1547 1250 1597 1301 in
1647 1258 1868 1303 mortem
1916 1251 2224 1311 incidimus;
2277 1250 2329 1301 in

771 1348 961 1388 octavo
987 1347 1159 1391 autem
1195 1338 1386 1390 malum
1421 1355 1516 1391 nos
1547 1354 1648 1391 non
1680 1342 1883 1407 attigit,
1916 1357 2035 1395 cum
2071 1342 2205 1394 Deus
2232 1358 2328 1393 nos

770 1430 985 1479 omnino
1028 1438 1314 1481 servasset.
1346 1428 1521 1481 Semel
1562 1432 1700 1484 enim
1734 1433 1969 1499 quinque
2007 1432 2119 1485 dies
2150 1444 2201 1486 et
2230 1449 2327 1485 no-

770 1528 880 1570 ctes
908 1520 1239 1572 ambulantes
1271 1535 1363 1585 per
1394 1522 1763 1583 solitudinem,
1797 1522 1934 1575 fame
1969 1532 2023 1575 et
2050 1524 2132 1576 siti
2166 1538 2326 1591 prope

770 1609 963 1661 fuimus
1010 1612 1309 1662 exanimati.
1365 1611 1663 1678 Aliquando
1713 1622 1887 1665 autem
1941 1615 1991 1666 in
2041 1626 2216 1666 acutas
2277 1624 2328 1666 et

769 1714 983 1764 asperas
1014 1701 1229 1766 paludes
1266 1701 1587 1765 incidentes,
1621 1712 1674 1755 et
1713 1704 1871 1770 pedes
1903 1714 2112 1757 nostros
2146 1707 2327 1771 perlo-

768 1800 968 1851 rautes,
998 1800 1051 1842 ut
1081 1790 1291 1842 dolores
1314 1801 1492 1843 essent
1522 1793 1907 1855 intolerabiles,
1946 1795 2323 1861 propemodum

2432 616 2615 679 fuisse,
2648 625 2701 669 ut
2721 619 2829 685 qui,
2856 628 2912 669 ut
2938 619 3191 683 arbitror,
3216 621 3429 673 vicisset
3454 619 3816 683 affectionem,
3840 621 4001 690 longe

2432 716 2691 758 remotum
2724 706 2789 759 ab
2818 706 3032 758 avaritia
3057 746 3071 769 ,
3104 716 3410 760 contentum
3457 723 3671 776 semper
3715 720 3999 773 praesenti-

2431 795 2547 856 bus,
2584 810 2684 847 non
2714 808 2771 846 se
2799 804 3079 849 ornantem
3113 798 3378 863 vestibus,
3410 806 3772 867 contemptum
3796 802 4001 867 gratias

2430 896 2695 953 agentem,
2731 902 2825 955 pro
2853 889 3115 955 germanis
3160 889 3343 942 amicis
3384 890 3617 956 pericula
3667 891 3996 951 adeuntem,

2431 976 2699 1030 daemones
2723 987 2997 1045 expertum
3030 978 3145 1044 plus
3172 995 3328 1047 quam
3358 980 3553 1035 millies
3574 1022 3588 1044 ,
3624 981 3756 1033 adeo
3781 992 3837 1033 ut
3864 996 3999 1048 quo-

2430 1062 2550 1116 datn
2592 1065 2676 1117 die
2713 1080 2833 1117 cum
2864 1081 2929 1120 eo
2957 1066 3165 1120 daemon
3199 1080 3382 1135 pactus
3406 1072 3511 1135 sit,
3542 1080 3594 1122 et
3624 1070 3821 1123 dixerit
3848 1088 3861 1122 :
3893 1070 3999 1123 Pa-

2430 1152 2630 1208 ciscere
2677 1170 2881 1210 mecum
2932 1168 2981 1210 te
3031 1158 3111 1211 vel
3142 1160 3306 1213 semel
3351 1171 3722 1228 peccaturum,
3752 1170 3804 1213 et
3834 1177 3996 1227 quam

2430 1244 2557 1296 mihi
2588 1246 2637 1297 in
2668 1246 2893 1299 liac'vita
2919 1247 3116 1301 dixeris
3142 1291 3156 1312 ,
3190 1251 3269 1302 vel
3320 1252 3549 1305 nobilem
3576 1297 3590 1317 ,
3640 1253 3718 1306 \el
3771 1252 3997 1306 divitem

2429 1333 2634 1385 eamad
2660 1346 2711 1388 te
2739 1335 3017 1389 adducatn.
3051 1338 3112 1389 Et
3155 1354 3337 1392 rursus
3375 1354 3494 1393 cum
3537 1343 3823 1409 aliquando
3866 1360 4000 1408 qua-

2430 1424 2721 1477 tuordecim
2792 1438 2974 1478 noctes
3034 1441 3153 1479 cum
3199 1443 3264 1480 eo
3314 1430 3704 1496 depugnasset,
3760 1439 3817 1485 ut
3865 1432 3995 1483 mihi

2430 1516 2683 1575 narravit,
2714 1523 2767 1567 et
2799 1525 2953 1567 n0irtu
2988 1518 3120 1581 pede
3153 1520 3423 1578 traxisset,
3451 1522 3621 1584 ipsum
3664 1530 3746 1572 est
3786 1521 3993 1573 alloco-

2433 1609 2536 1666 tus,
2582 1603 2801 1656 dicens:
2828 1605 2943 1659 Noli
2974 1608 3195 1660 adorare
3236 1606 3539 1673 Christum,
3594 1618 3648 1663 et
3696 1610 3758 1663 ad
3795 1620 3844 1663 te
3888 1625 3995 1666 non

2430 1691 2696 1743 accedam.
2730 1693 2773 1745 Is
2800 1696 3144 1758 restiondens,
3180 1695 3313 1749 dixit
3344 1714 3355 1748 :
3393 1697 3677 1765 Propterea
3710 1714 3833 1751 eum
3862 1702 3996 1753 ado-

2431 1799 2510 1845 ro,
2539 1797 2590 1836 et
2619 1784 3086 1839 innumerabilibus
3114 1789 3340 1855 amplius
3373 1790 3607 1853 partibus
3638 1790 3950 1856 glorificab-w
3978 1835 3993 1857 ,

768 1876 961 1945 frigore
984 1880 1149 1929 enecti
1181 1894 1378 1931 sumus.
1418 1881 1596 1932 Tertio
1627 1892 1798 1933 autem
1827 1896 1980 1935 caeno
2000 1884 2063 1933 ad
2089 1883 2321 1936 lumbum
2357 1872 2400 1930 Β
2426 1890 2449 1926 ε

2313 1899 2321 1933 ι
2357 1872 2400 1930 Β
2426 1883 2478 1926 et
2502 1876 2694 1941 sa-pius
2721 1877 2917 1941 orabo,
2951 1882 3196 1944 quoniam
3228 1880 3342 1946 ejus
3374 1882 3542 1932 cultus
3567 1892 3617 1932 te
3643 1881 3777 1932 male
3808 1883 3994 1935 habet.

766 1981 931 2032 Usque
976 1967 1309 2029 iub-.esimus,
1345 1979 1396 2021 et
1429 1985 1528 2020 non
1571 1981 1685 2022 erat
1714 1971 1798 2037 qui
1844 1973 2108 2038 eriperet;
2149 1983 2201 2025 et
2232 1974 2323 2023 has

766 2054 901 2106 beati
949 2056 1106 2107 David
1143 2072 1296 2110 voces
1326 2060 1737 2112 exclamavimus
1766 2080 1777 2113 :
1807 2063 2024 2113 Salvum
2082 2077 2165 2114 me
2209 2059 2321 2125 fac,

767 2145 990 2198 boinine
1022 2146 1181 2207 Deus,
1210 2149 1449 2214 quoniam
1488 2150 1736 2217 ingressu:
1759 2160 1875 2202 sunt
1901 2166 2048 2215 aqua:
2072 2166 2234 2217 usque
2258 2151 2323 2204 ad

765 2238 991 2288 anitnam
1038 2252 1227 2291 meatu.
1265 2238 1455 2291 lulixus
1482 2254 1595 2291 sum
1643 2242 1694 2292 in
1744 2242 1905 2293 lutum
1958 2242 2236 2307 profundi,
2271 2253 2324 2295 et

766 2342 867 2378 non
912 2334 993 2378 est
1046 2328 1334 2381 substantia
1367 2329 1533 2397 (I’sal.
1571 2332 1789 2400 LXVIII);
1837 2343 1927 2397 et,
1972 2333 2132 2387 Serva
2173 2350 2256 2388 me
2294 2349 2321 2386 a

766 2417 893 2479 luto,
920 2428 976 2470 ut
1006 2434 1070 2471 ne
1102 2419 1307 2487 infigar.
1334 2423 1584 2486 Quartum
1616 2433 1791 2476 autem
1822 2422 1919 2476 fuit
1950 2440 2100 2493 aquae
2140 2429 2315 2479 multi-

765 2511 889 2562 tudo
917 2526 1034 2579 quae
1062 2512 1266 2565 afﬂuxit
1314 2528 1374 2564 ex
1411 2513 1505 2566 Nili
1554 2514 1919 2579 incremento,
1951 2531 2069 2569 cum
2101 2527 2325 2584 quatuor

762 2601 875 2651 (i-CS
904 2616 993 2664 [er
1034 2617 1197 2670 aquas
1225 2604 1614 2657 ambularemus
1648 2623 1660 2658 :
1690 2614 1742 2660 et
1771 2605 1823 2660 in
1851 2606 2003 2660 ostiis
2044 2622 2323 2674 prepetno-

763 2690 887 2741 dum
934 2690 1153 2745 obrutis.
1183 2691 1329 2745 Tunc
1377 2693 1759 2760 clamavuuus,
1803 2695 2179 2750 dicentes:Ne
2228 2713 2326 2751 nos

763 2779 1031 2846 demerget
1065 2789 1348 2844 tempestas
1372 2797 1544 2849 aqua),
1579 2800 1675 2838 nec
1716 2801 1799 2839 me
1842 2787 2060 2841 devoret
2110 2788 2327 2856 profun-

763 2866 886 2919 dum
920 2866 1089 2935 (Ps-al.
1119 2878 1321 2937 ιιι-ιιι).
1358 2872 1551 2937 Quinto
1580 2884 1751 2926 autem
1780 2875 2057 2928 incidimus
2090 2878 2139 2929 in
2168 2878 2327 2929 latro-

764 2973 855 3010 nes
885 2958 935 3010 in
970 2960 1145 3013 littore
1177 2964 1335 3013 maris
1362 3004 1374 3021 ,
1421 2964 1690 3016 venientes
1722 2965 1771 3017 in
1817 2964 2033 3020 Diolcon
2063 2984 2074 3018 :
2110 2969 2197 3035 qui
2230 2984 2326 3020 uos

766 3047 923 3099 etiam
956 3063 1187 3117 eousque
1215 3060 1339 3102 sunt
1371 3057 1629 3118 pet‘Secuti
1654 3098 1666 3119 ,
1698 3056 1935 3108 volentes
1971 3058 2325 3121 compreheuo

768 3141 925 3202 dere,
960 3140 1127 3194 donec
1155 3142 1305 3195 nobis
1340 3159 1528 3209 parvus
1562 3146 1948 3213 relinqueretur
1986 3148 2231 3215 spiritus,
2266 3157 2327 3201 ut

2429 1960 2483 2012 lu
2509 1975 2716 2015 centum
2748 1974 2801 2017 et
2828 1980 2915 2017 sex
2952 1967 3098 2020 venit
3141 1968 3384 2020 civitates
3410 2010 3424 2031 ,
3469 1977 3522 2020 et
3558 1969 3607 2020 in
3642 1970 3884 2034 plurimis
3916 1980 4000 2023 est

2425 2065 2455 2103 e
2481 2052 2582 2104 iam
2611 2055 2788 2121 aliquo
2816 2065 3051 2123 tempore
3086 2067 3348 2111 versatus.
3383 2057 3620 2109 Mulieris
3650 2059 3846 2110 nullam
3894 2060 3993 2111 ha-

2426 2140 2534 2193 buit
2566 2146 2942 2209 experientiam
2970 2186 2983 2210 ,
3030 2162 3094 2200 ne
3135 2149 3185 2202 in
3217 2150 3417 2201 somnis
3447 2149 3659 2217 quidem
3687 2189 3701 2211 ,
3733 2150 3838 2202 nisi
3868 2151 3911 2202 si
3942 2166 3998 2204 se

2425 2234 2713 2286 somniaret
2742 2250 2770 2287 a
2811 2235 3051 2289 daemone
3100 2236 3469 2290 fornicationis
3514 2241 3828 2306 oppugnari.
3882 2239 3992 2292 Ter

2424 2338 2543 2376 eum
2590 2325 2709 2378 novi
2750 2325 2882 2379 cibis
2926 2328 3246 2395 indigentem
3298 2330 3568 2383 esculenta
3615 2332 3893 2398 accepisse
3928 2334 3997 2385 ab

2425 2416 2629 2481 angelo.
2661 2416 2898 2480 Quodam
2925 2418 3012 2471 die
3039 2434 3157 2471 cum
3202 2422 3251 2472 in
3290 2430 3534 2474 extrema
3585 2423 3873 2476 solitudine
3926 2436 3995 2477 ne

2426 2506 2613 2560 micam
2641 2510 2849 2576 quidem
2882 2510 3132 2575 haberet,
3180 2512 3381 2566 invenit
3430 2513 3481 2566 in
3533 2514 3666 2581 pelle
3698 2514 3852 2567 ovina
3885 2524 3996 2568 tres

2429 2612 2591 2664 panes
2622 2599 2820 2653 calidos
2856 2600 3221 2667 paxamidios;
3250 2603 3537 2669 aliquando
3586 2619 3767 2655 rursus
3816 2606 3996 2657 vinum

2426 2695 2478 2738 et
2505 2687 3028 2755 panem;a|iquando
3060 2705 3242 2742 rursus
3314 2689 3461 2743 venit
3530 2687 3595 2741 ad
3659 2701 3785 2740 eum
3846 2699 3989 2751 vos,

2426 2777 2606 2831 dtcens
2631 2796 2640 2829 :
2668 2779 2796 2832 Novi
2826 2779 2913 2832 tibi
2941 2780 3132 2834 deesse
3156 2781 3333 2843 cibos;
3362 2780 3493 2834 vade
3533 2793 3585 2833 et
3628 2783 3808 2846 accipe
3833 2783 3899 2834 ab
3933 2782 3995 2833 Ν.

2430 2864 2521 2917 illo
2546 2867 2758 2918 homine
2781 2867 3102 2920 frumentum
3135 2876 3187 2921 et
3215 2869 3410 2921 oleum.
3441 2868 3571 2921 Cum
3604 2884 3734 2936 ergo
3762 2871 3999 2926 venisset

2428 2955 2492 3007 ad
2524 2956 2665 3008 illum
2696 2956 2759 3009 ad
2791 2972 2946 3025 quem
2973 2958 3165 3010 missus
3196 2958 3392 3023 fuerat,
3423 2959 3466 3011 is
3497 2961 3593 3027 ipsi
3627 2960 3797 3012 dixit:
3830 2960 3905 3011 Tu
3935 2975 3995 3013 es

2430 3045 2518 3098 ille
2546 3048 2874 3099 monachus?
2921 3048 3054 3100 Tum
3104 3049 3229 3101 ille:
3264 3048 3356 3108 Ita.
3402 3063 3516 3101 smn
3557 3049 3601 3101 is
3646 3064 3801 3115 quem
3842 3049 3996 3102 dicis.

2430 3137 2663 3205 Subjecit
2690 3138 2861 3191 alter:
2892 3137 3280 3191 Paterfamilias
3306 3139 3464 3207 jussit
3500 3140 3715 3205 quidem
3758 3148 3811 3192 te
3853 3141 3999 3192 acci-

762 3230 851 3296 qui
886 3246 980 3283 nos
1010 3231 1184 3284 decies
1218 3235 1357 3285 mille
1390 3248 1574 3299 passus
1620 3244 1801 3288 essent
1848 3239 2129 3302 persecuti,
2161 3236 2323 3291 Sexto
2353 3222 2397 3284 Ο
2431 3241 2553 3293 pere
2582 3226 2790 3294 triginta
2817 3228 3021 3281 modios
3046 3228 3317 3290 frumenti,
3343 3238 3395 3281 et
3423 3229 3700 3281 duodecim
3727 3230 3999 3283 sextarios

762 3329 969 3387 autem,
1017 3320 1187 3374 Nilum
1240 3328 1586 3391 navigantes,
1623 3326 2000 3393 propemodum
2046 3328 2217 3380 eversi
2264 3342 2327 3381 ac

762 3410 1021 3461 submersi
1083 3424 1286 3463 sumus.
1338 3412 1631 3478 Septimum
1664 3415 1792 3477 fuit,
1822 3414 2031 3478 quando
2058 3416 2109 3468 in
2138 3414 2328 3483 palude

764 3498 1082 3562 Mareotide,
1129 3503 1213 3554 ubi
1263 3504 1444 3557 charta
1495 3507 1749 3567 nascitur,
1800 3505 1991 3573 abiecti
2038 3521 2224 3561 Sumus
2274 3508 2325 3561 in

762 3592 1042 3655 quamdam
1075 3607 1290 3659 parvam
1324 3594 1546 3646 insulam
1572 3594 1870 3659 desertam;
1912 3604 1964 3648 et
1997 3606 2104 3650 tres
2147 3606 2327 3652 noctes

762 3690 815 3733 et
843 3685 955 3735 dies
980 3684 1077 3735 sub
1100 3684 1187 3736 dio
1216 3686 1526 3748 mansimus,
1550 3701 1741 3755 magno
1766 3684 1964 3754 frigore
1992 3697 2045 3741 et
2075 3688 2327 3742 imbribus

763 3778 916 3830 nobis
934 3776 1350 3843 imminentibus,
1372 3791 1484 3833 erat
1504 3782 1644 3835 enim
1665 3790 1871 3849 tempus
1891 3781 2323 3850 Epiphaniorum.

762 3874 1012 3927 Octavum
1046 3884 1219 3928 autem
1254 3890 1709 3941 supervacaneum
1740 3875 1951 3944 quidem
1978 3886 2060 3929 est
2087 3890 2324 3938 narrare,

761 3966 852 4016 sed
881 3974 1055 4019 tamen
1086 3977 1166 4019 est
1195 3968 1352 4031 utile;
1390 3983 1509 4020 nam
1539 3982 1656 4020 cum
1687 3982 1783 4021 nos
1815 3983 1909 4037 per
1941 3969 2221 4036 quemdam
2249 3971 2321 4020 lo-

759 4069 878 4108 cum
911 4057 1239 4108 venissemus
1266 4057 1497 4119 Nitreas,
1520 4067 1631 4110 erat
1658 4058 1708 4109 in
1733 4073 1792 4110 ea
1824 4060 2037 4125 regione
2065 4059 2324 4126 quoddam

764 4161 1013 4213 magnum
1045 4162 1334 4200 concavum
1365 4188 1378 4211 ,
1408 4147 1458 4201 in
1491 4163 1593 4217 quo
1625 4149 1773 4201 multi
1814 4159 2182 4202 remanserant
2211 4166 2327 4203 cro-

760 4237 916 4289 codili
945 4280 957 4301 ,
991 4254 1107 4292 cum
1151 4253 1281 4307 aqua
1328 4240 1635 4292 recessisset
1666 4253 1729 4293 ex
1776 4240 1934 4306 agris.
1964 4240 2153 4293 Tribus
2201 4257 2328 4311 ergo

760 4331 1038 4382 crocodilis
1072 4346 1119 4382 in
1154 4330 1388 4391 margine
1419 4329 1571 4383 fossa:
1599 4332 1863 4392 extensis,
1892 4333 2216 4384 accessimus
2249 4334 2328 4383 vi-

762 4418 866 4469 suri
898 4418 1094 4471 belluas
1118 4462 1130 4483 ,
1166 4426 1409 4485 putantes
1441 4431 1531 4470 eas
1559 4432 1676 4470 eSse
1706 4426 1941 4471 mortuas
1965 4458 1979 4481 ,
2015 4418 2115 4470 illae
2148 4430 2324 4471 autem

762 4507 935 4559 statim
970 4509 1021 4559 iu
1061 4522 1156 4560 nos
1209 4509 1493 4559 irrueruut.
1531 4506 1694 4560 Nobis
1735 4516 1908 4559 autem
1964 4522 2149 4575 magna
2199 4522 2326 4562 voce

2428 3317 2552 3370 olei.
2590 3317 2662 3370 De
2691 3332 2755 3371 eo
2778 3327 2962 3384 potero
2983 3318 3196 3386 gloriari
3223 3330 3283 3370 ac
3307 3318 3595 3385 praedicare
3616 3317 3787 3386 qualis
3812 3330 3992 3379 esset;

2429 3426 2584 3480 quem
2618 3412 2737 3463 novi
2760 3426 2900 3477 saepe
2929 3427 3049 3465 esse
3072 3413 3417 3479 lacrymatum
3448 3418 3661 3477 propter
3684 3425 3776 3463 eos
3807 3411 3899 3477 qui
3925 3426 3989 3465 ex

2430 3504 2747 3555 necessitate
2776 3502 3089 3555 laborabant
3112 3501 3321 3568 inopia;
3354 3500 3621 3568 praebebat
3644 3514 3771 3568 ergo
3793 3500 3837 3553 si
3864 3500 3992 3567 quid

2432 3592 2677 3654 habebat,
2709 3607 2805 3644 suo
2831 3606 3051 3659 corpore
3080 3598 3330 3659 excepto.
3366 3592 3493 3645 Novi
3521 3592 3678 3643 etiam
3723 3605 3844 3644 eum
3880 3606 4002 3645 esse

2431 3685 2775 3753 lacrymatum
2804 3695 3017 3751 propter
3044 3698 3165 3737 eum
3194 3683 3280 3751 qui
3308 3682 3575 3736 ceciderat
3600 3684 3650 3734 in
3682 3694 3923 3748 peccata,
3948 3692 4001 3736 et

2429 3790 2550 3827 eum
2574 3775 2660 3842 qui
2689 3774 2953 3828 ceciderat
2996 3773 3283 3827 adduxisse
3331 3774 3580 3839 lacrymis
3632 3774 3695 3823 ad
3738 3775 4002 3839 ptrniten-

2432 3868 2575 3915 tiam.
2605 3863 2651 3915 Is
2681 3863 2805 3915 mihi
2834 3862 3117 3929 aliquando
3146 3864 3244 3914 hoc
3286 3862 3519 3914 narravit
3549 3875 3564 3912 :
3599 3860 3760 3912 Deum
3784 3862 3997 3927 rogavi,

2432 3967 2487 4008 ut
2505 3956 2768 4009 neminem
2789 3966 3187 4023 compungeret,
3214 3956 3442 4008 maxime
3455 3970 3518 4008 ex
3534 3955 3789 4008 divitibus
3812 3966 3867 4008 et
3886 3956 3995 4009 im-

2432 4045 2632 4112 probis,
2667 4056 2723 4098 ut
2752 4047 2878 4099 mihi
2911 4046 3107 4115 aliquid
3130 4046 3320 4101 darent
3349 4045 3487 4114 quod
3530 4052 3674 4099 esset
3719 4045 3785 4099 ad
3830 4062 3993 4101 usum

2433 4139 2817 4190 necessarium.

2504 4226 2627 4279 Mihi
2651 4235 2823 4279 autem
2859 4228 2957 4279 hoc
2983 4225 3197 4288 sufﬁcit,
3230 4225 3368 4293 quod
3398 4226 3585 4293 dignus
3614 4224 3710 4277 sim
3749 4224 3961 4277 habitus
3984 4261 4001 4286 .

2429 4319 2515 4384 qui
2545 4316 2728 4368 horum
2758 4316 2991 4370 omnium
3042 4315 3397 4369 meminissem
3427 4330 3543 4383 qua:
3587 4314 3799 4381 scriptis
3847 4330 3999 4367 man-

2430 4408 2567 4461 davi.
2604 4409 2715 4462 Non
2745 4410 2884 4462 enim
2918 4410 3033 4461 sine
3061 4408 3149 4460 Dei
3186 4408 3399 4461 numine
3433 4391 3755 4465 hoc'factum
3787 4416 3868 4460 est
3896 4448 3909 4468 ,
3945 4416 4003 4461 ut

2433 4514 2581 4549 mens
2615 4508 2700 4551 tua
2732 4505 3031 4551 moveretur
3056 4507 3111 4549 ut
3135 4496 3349 4564 iuberes
3375 4511 3457 4550 me
3487 4497 3625 4549 hunc
3648 4496 3839 4548 librum
3864 4497 3995 4549 scri-

766 4597 1041 4650 l)ominum
1076 4598 1482 4660 nominantibus,
1519 4598 1749 4662 ChriStc,
1780 4598 1967 4666 adjuva
2000 4612 2116 4661 nos,
2150 4598 2326 4652 statim
2358 4574 2406 4631 D
2436 4590 2447 4640 Ι

2322 4620 2326 4651 ι
2358 4574 2406 4631 Ῑ)
2436 4590 2575 4648 bere.
2608 4588 2835 4654 scriptis,
2868 4587 3098 4654 inquam,
3136 4587 3347 4641 tradere
3376 4588 3533 4639 vitam
3566 4586 3755 4639 borum
3787 4597 4003 4639 sancto-

765 4686 953 4738 belluze
981 4694 1226 4754 tauquam
1261 4687 1326 4740 ab
1351 4688 1539 4754 angelo
1569 4702 1793 4751 averse,
1826 4688 2028 4754 seipsas
2056 4689 2109 4739 in
2134 4703 2327 4756 aquam

763 4787 885 4829 sunt
908 4778 1168 4845 jaculatre.
1202 4776 1307 4830 Nos
1336 4787 1510 4830 autem
1541 4777 1745 4831 Nitreas
1778 4792 1968 4847 magno
2004 4792 2162 4831 cursu
2201 4793 2327 4831 con-

766 4869 1055 4931 tendimus,
1090 4870 1231 4921 illam
1274 4884 1455 4922 vocem
1498 4869 1595 4921 .lob
1641 4871 1955 4923 meditantes
1982 4911 1996 4935 ,
2043 4870 2130 4924 ubi
2164 4870 2329 4924 dicit:

765 4961 970 5027 Septies
997 4976 1059 5013 ex
1093 4961 1495 5013 net-essitatibus
1530 4960 1771 5013 liberabit
1805 4970 1880 5022 te;
1914 4959 1965 5011 iu
2000 4968 2187 5012 octavo
2231 4975 2328 5012 au-

767 5063 867 5103 tem
898 5064 947 5104 te
977 5068 1078 5105 non
1108 5050 1326 5119 attinget
1348 5052 1540 5103 malum
1574 5051 1693 5119 (Job
1713 5051 1786 5121 v).
1817 5051 1924 5104 Deo
1955 5066 2080 5119 ergo
2112 5051 2323 5121 agimus

767 5152 957 5202 gratias
985 5144 1071 5211 qui
1104 5156 1200 5195 nos
1242 5156 1301 5195 ex
1337 5150 1413 5193 tot
1457 5141 1696 5195 liberavit
1739 5142 1991 5210 periculis
2076 5153 2130 5194 et
2176 5142 2329 5194 nobis

770 5247 954 5298 magna
984 5232 1213 5286 ostendit
1240 5233 1556 5300 spectacula.

1352 5322 1574 5376 CAPUT
1614 5322 1740 5377 CLI.

972 5410 1087 5465 Vita
1118 5413 1286 5480 fratris
1320 5412 1465 5481 (220)
1491 5414 1575 5478 qui
1602 5429 1713 5463 cum
1740 5428 1795 5463 eo
1826 5411 2135 5463 versabatur.

839 5504 967 5554 Cum
998 5518 1121 5571 ergo
1151 5517 1310 5569 pauca
1336 5504 1523 5554 dixero
1554 5501 1618 5554 de
1648 5501 1829 5563 fratre,
1858 5501 1945 5568 qui
1981 5516 2188 5552 mecum
2216 5514 2331 5552 ver-

769 5601 915 5644 eatur
959 5607 986 5643 a
1028 5591 1301 5659 jnventute
1356 5604 1519 5657 usque
1567 5590 1617 5643 in
1671 5590 2171 5642 hodiernum'diem
2200 5628 2213 5651 ,
2251 5589 2334 5641 hic

770 5681 1017 5747 deinreps
1047 5681 1199 5734 linem
1229 5683 1492 5747 imponam
1525 5681 1776 5734 orationi.
1813 5681 1945 5733 Eum
1978 5694 2077 5747 ego
2104 5680 2329 5746 cognovi

774 5773 932 5842 longo
960 5786 1217 5840 tempore,
1243 5788 1359 5828 cum
1392 5772 1719 5837 comederet,
1743 5772 1884 5827 omni
1909 5770 2041 5841 gulae
2060 5770 2335 5826 affectione

2435 4694 2548 4731 rum
2582 4688 2633 4730 et
2656 4678 2925 4731 beatorum
2958 4678 3185 4730 Patrum.

2504 4770 2581 4823 Tu
2612 4779 2787 4822 autem
2814 4809 2829 4834 ,
2861 4769 3162 4821 fidelissime
3193 4766 3389 4820 Christi
3433 4780 3585 4819 serve
3613 4779 3673 4817 ac
3703 4764 4007 4817 venerande

2434 4861 2625 4923 Lause,
2655 4871 2704 4913 et
2732 4868 2889 4924 caput
2911 4859 3037 4910 mihi
3062 4857 3439 4910 amicissimum
3464 4866 3515 4909 et
3543 4855 3770 4907 maxime
3799 4869 4010 4921 germa-

2438 4967 2583 5015 num,
2619 4951 2757 5005 hunc
2786 4949 2977 5003 librum
3013 4948 3242 5001 libenter
3276 4948 3478 5015 legens,
3507 4960 3748 5011 magnam
3782 4956 3883 4996 tttzn
3910 4945 4008 4996 im-

2438 5040 2643 5093 mortali
2688 5039 2880 5091 animte
2912 5037 3173 5104 prmbebis
3206 5036 3502 5096 utilitatem,
3543 5036 3589 5085 in
3615 5034 3881 5100 justorum
3917 5048 4005 5085 re-

2437 5131 2786 5191 surrectione,
2813 5128 3127 5195 inclytorum
3156 5133 3315 5178 recta:
3344 5126 3460 5175 vita:
3489 5122 3807 5175 athletarum
3842 5121 4003 5173 inSti-

2437 5234 2567 5285 tuta,
2601 5223 2827 5285 labores,
2853 5230 2907 5274 et
2938 5228 3133 5272 tantam
3168 5217 3518 5277 tolerantiam,
3546 5216 3769 5281 vitaeque
3788 5214 4002 5266 duriter

2436 5324 2566 5369 acta:
2597 5313 2900 5383 patientiam
2933 5322 3108 5365 mente
3138 5310 3515 5375 complectens.
3544 5305 3904 5371 Quamobrem
3935 5318 4002 5358 ea

2442 5414 2684 5476 prompto
2709 5414 2760 5457 et
2790 5404 2946 5456 alacri
2980 5403 3158 5454 animo
3186 5414 3428 5466 sequere,
3456 5398 3590 5450 bona
3621 5406 3676 5449 et
3700 5398 4005 5461 incorrupta

2442 5512 2536 5566 spe
2569 5495 2821 5557 nutritus,
2851 5507 3059 5560 semper
3090 5502 3233 5544 retro
3264 5491 3447 5543 videns
3478 5488 3592 5541 dies
3614 5488 3701 5555 qui
3732 5495 3852 5537 ante
3882 5496 4007 5537 sunt

2442 5588 2751 5648 breviores;
2785 5594 2836 5637 et
2867 5598 2958 5636 ora
2992 5597 3086 5651 pro
3117 5595 3223 5647 me,
3259 5579 3481 5648 teipsum
3509 5590 3832 5631 conservans
3871 5576 4007 5630 alie-

2445 5691 2567 5729 num
2597 5690 2625 5727 a
2658 5673 3073 5742 reprehensione
3104 5680 3156 5725 et
3192 5668 3493 5724 custodiens
3524 5668 3783 5736 integrum
3831 5682 3846 5718 :
3878 5680 4010 5735 qua-

2447 5769 2547 5820 lem
2579 5772 2629 5819 te
2660 5764 2779 5818 novi
2825 5772 2878 5817 et
2924 5763 3113 5825 habui,
3146 5776 3174 5815 a
3205 5760 3480 5815 consulatu
3511 5758 3715 5813 Tatiani
3748 5772 3915 5826 usque
3960 5759 4010 5809 in
