4258 6360
312 405 451 472 1257

1537 409 1897 470 HISTORIA
1939 409 2330 470 LAUSIACA.

3415 419 3552 485 1258

309 520 511 572 στόλων
567 519 905 586 επετέλεσεν,
945 521 1114 574 ταῦτα
1165 523 1256 575 καὶ
1303 521 1396 574 νῦν
1442 521 1690 574 διατελεῖ.
1736 522 1872 573 Ἀλλ’
1906 523 1948 578 Α
1978 519 2369 586 νηστεύσαντα,
2397 524 2711 590 νικήσαντα.
2738 525 2812 587 ὡς
2840 526 3062 593 νομίζω,
3089 525 3257 589 πάθος
3290 528 3555 599 φιλαργυ-

309 605 500 673 ἐπειδὴ
524 606 768 668 κίνδυνος
793 601 860 674 ἦν
891 607 948 657 ἐν
966 610 1096 676 ἡμῖν
1127 607 1402 676 μέγιστος,
1433 605 1740 676 περαιτέρω
1785 606 1883 674 τῆς

307 687 472 739 Λυκῶ
527 687 791 749 ἀνελθεῖν,
821 689 909 741 διά
964 691 1062 760 τὴν
1108 690 1217 741 τῶν
1274 688 1487 760 λῃστῶν
1525 688 1743 756 ἔφοδον,
1785 688 1884 740 οὑκ

309 770 688 840 ἐτολμήσαμεν
734 773 857 834 τοὺς
892 774 1080 838 ἁγίους
1119 773 1359 835 ἐκείνους
1411 772 1561 826 ίδεῖν.
1591 773 1725 825 Οὑδέ
1774 772 1883 841 γάρ

306 856 432 915 τοὺς
476 854 846 924 πορῤηθέντας
891 857 1139 928 Πατέρας
1195 858 1491 919 ἀκινδύνως
1535 857 1735 925 ἴδομεν,
1774 856 1882 910 οὐδ’

305 937 520 999 ἀπόνως
545 938 665 991 οὑδὲ
710 941 918 1007 ἁκμητὶ
973 941 1071 1004 τάς
1112 941 1265 1009 ίερὰς
1290 941 1492 1002 ταύτας
1518 940 1840 1010 ἑωράκαμεν
1865 957 1880 974 ο

303 1019 443 1072 ἀλλά
472 1021 642 1074 πολλὰ
670 1023 1064 1089 προπαθόντες,
1100 1025 1195 1077 καὶ
1229 1024 1426 1094 μικροῦ
1463 1025 1572 1078 δεῖν
1603 1026 1880 1078 κινδυνεύ-

307 1117 520 1166 σαντες,
553 1106 710 1174 μόγις
734 1107 1150 1176 κατηξιώθημεν
1171 1108 1341 1162 ταῦτα
1354 1109 1667 1162 θεάσασθαι.
1690 1111 1882 1163 Ἕϐδο-

306 1201 409 1251 μον
435 1187 542 1254 γὰρ
579 1187 791 1257 Θανάτῳ
825 1192 1253 1261 περιεπέσαμεν,
1289 1195 1345 1244 ἐν
1396 1192 1453 1246 δέ
1481 1194 1557 1263 τῷ
1588 1195 1759 1263 ὀγδόῳ
1784 1198 1881 1267 οὑχ

303 1267 482 1336 ἥψατο
513 1270 666 1338 ήμῶν
695 1272 884 1338 κακὸν,
917 1275 1010 1326 τοῦ
1050 1275 1186 1328 Θεοῦ
1231 1276 1462 1330 πάντοτε
1492 1279 1638 1348 ἡμᾶς
1684 1280 1880 1333 διασὼ-

307 1368 522 1415 σαντος.
551 1355 733 1418 Ἀπαξ
765 1357 865 1425 μὲν
895 1357 1003 1427 γὰρ
1033 1357 1179 1428 λιμῷ
1225 1363 1319 1413 καὶ
1348 1361 1490 1431 δίψει
1524 1362 1685 1415 πέντε
1721 1366 1881 1432 νυχθι

304 1435 491 1502 ήμερα
527 1436 613 1490 διὰ
645 1439 740 1506 τῆς
768 1441 979 1511 ἐρήμου
1008 1445 1504 1514 περιπατήσαντες,
1542 1447 1741 1518 μικροῦ
1772 1449 1879 1500 δεῖν

304 1519 807 1593 ἐλιποψυχήσαμεν.
847 1527 1068 1580 Ἀλλοτε
1116 1529 1172 1580 δέ
1216 1529 1362 1595 ὀξέσι
1395 1534 1487 1585 καὶ
1513 1534 1741 1602 παχέσιν
1767 1534 1880 1588 ἐλε-

307 1618 391 1652 σιν
426 1604 775 1672 ἐμπεσόντες,
809 1611 902 1661 καὶ
935 1612 1060 1672 τοὺς
1100 1611 1266 1675 πόδας
1314 1615 1523 1667 ἑαυτῶν
1554 1615 1878 1686 διατρήσανη

302 1700 414 1744 τες,
453 1685 527 1747 ὼς
575 1690 932 1752 ἁνυποίστους
979 1695 1231 1758 γενέσθαι
1288 1697 1384 1758 τὰς
1427 1685 1743 1767 ἀλγηδόνας,
1793 1718 1879 1768 μι-

303 1766 440 1834 κροῦ
478 1768 586 1820 δεῖν
617 1771 990 1841 ἀπεψύξαμεν.
1030 1776 1222 1843 Τρίτον
1251 1777 1329 1837 δέ,
1383 1766 1664 1850 βορϐόροις
1715 1766 1877 1834 ἐνεπ-

303 1846 409 1916 άγη
422 1867 520 1916 μεν
544 1851 701 1920 ἄχρις
725 1855 945 1922 ὀσφύος,
975 1858 1064 1908 καὶ
1092 1860 1191 1912 οὑκ
1211 1854 1277 1930 ἦν
1302 1863 1330 1913 ὁ
1357 1846 1636 1930 ῥυόμενος·
1664 1867 1758 1917 καὶ
1784 1867 1882 1928 τὰς
1914 1874 1953 1928 Β

301 1930 397 1983 τοῦ
429 1937 698 2005 μακαρίου
735 1940 900 1992 Δαϐὶδ
926 1942 1237 2010 ἀνεϐοῶμεν
1265 1948 1468 2010 φωνάς’
1499 1946 1710 2001 Σῶσόν
1726 1967 1823 2017 με,
1847 1955 1878 2004 ό

305 2018 470 2082 Θεὸς,
518 2019 604 2072 ὅτι
647 2025 1026 2079 είσύλθοσαν
1072 2027 1260 2081 ὕδατα
1297 2031 1406 2095 ἕως
1452 2032 1658 2100 ψυχῆς
1718 2053 1876 2103 μου·

299 2103 603 2172 ἐνεπιίγην
636 2113 721 2173 εἰς
749 2113 1118 2179 ἰλὺν-βυθοῦ,
1156 2117 1251 2169 καὶ
1275 2120 1384 2168 οὐκ
1411 2117 1582 2170 ἔστιν
1613 2123 1876 2174 ὑπόστα-

300 2205 422 2252 σις.
452 2193 595 2243 Καί·
630 2193 928 2263 Σῶσόνμε
956 2198 1074 2251 ἀπὸ
1114 2201 1332 2264 πηλοῦ,
1368 2201 1467 2254 ἵνα
1496 2203 1580 2270 μὴ
1614 2204 1876 2273 ἐμπαγῶ.

301 2275 576 2344 Τέταρτον
603 2276 669 2347 ἦν
691 2281 747 2333 τὸ
777 2283 884 2334 τῶν
911 2285 1116 2336 ὑδάτων
1162 2285 1364 2355 πλῆθος
1390 2289 1652 2360 ἐπιρῤυέν
1687 2294 1748 2344 ἐκ
1779 2293 1879 2361 τῆς

298 2361 394 2414 τοῦ
427 2362 618 2416 Νείλου
656 2365 956 2435 αὐξήσεως,
987 2371 1078 2421 ἐπὶ
1128 2373 1276 2440 τρεῖς
1325 2373 1534 2442 ἡμέρας
1580 2377 1648 2428 δι’
1673 2378 1878 2430 ὑδάτων

301 2447 680 2515 πορευόμενοι,
714 2451 807 2502 καὶ
842 2453 898 2504 ἐν
927 2455 1040 2515 τοῖς
1071 2455 1316 2522 στομίοις
1346 2457 1544 2526 μικροῦ
1570 2459 1679 2512 δεῖν
1712 2479 1880 2515 καται·

300 2528 631 2585 κλυσθεῖσιν.
680 2534 809 2585 Τότε
847 2535 1090 2598 ἐϐοῶμεν
1129 2537 1376 2605 λέγοντες
1405 2556 1419 2570 ·
1464 2544 1560 2605 Μή
1591 2562 1662 2607 με
1707 2564 1879 2599 κατα-

299 2615 642 2668 ποντισάτω
671 2620 940 2686 καταιγίς
985 2621 1204 2687 ὕδατος
1240 2625 1395 2692 μηδὲ
1440 2631 1772 2682 καταπιέτω
1803 2651 1878 2700 με

296 2697 514 2762 βυθός.
561 2700 822 2769 Πέμπτον
875 2705 948 2766 δὲ,
984 2704 1205 2775 λῃσταῖς
1276 2711 1687 2780 πεοιεπέσαμεν
1744 2697 1879 2768 κατά

299 2780 400 2846 τὴν
432 2779 725 2835 θαλασσίαν
766 2785 930 2854 ὄχθαν
974 2789 1066 2839 ἐπὶ
1097 2791 1196 2856 τὴν
1237 2792 1454 2844 Δίολκον
1515 2796 1836 2864 ἀφικόμενοι
1861 2816 1875 2830 ο

299 2861 350 2912 οἳ
401 2862 529 2931 ἄχρι
567 2866 822 2919 τοσούτου
857 2870 1003 2937 ήμᾶς
1038 2873 1374 2938 κατεδίωξαν
1403 2861 1730 2932 καταλαϐεῖν
1754 2880 1880 2948 βου-

299 2941 535 3011 λόμενοι,
567 2949 723 3017 ἄχρις
748 2950 812 3002 ἂν
857 2951 954 3020 τὴν
994 2954 1161 3024 πνοὴν
1199 2957 1354 3026 ἡμῶν
1415 2961 1619 3030 μικρὰν
1660 2941 1878 3016 ὑπολει-

301 3026 522 3096 φθῆναι,
546 3030 622 3093 ὠς
650 3034 744 3085 ἐπὶΙ
774 3032 906 3087 δέκα
935 3035 1086 3101 μίλια
1106 3038 1265 3106 ἡμῶν
1295 3026 1650 3110 διωχθέντων.
1681 3046 1879 3099 ’Ἐκτον

298 3113 377 3178 δὲ,
426 3114 518 3165 τον
555 3115 746 3170 Νεῖλον
786 3118 1069 3181 πλέοντες,
1128 3124 1321 3190 μικρὸν
1373 3128 1878 3198 κατεποντίσθημεν

1993 601 2134 669 ρίας,
2166 603 2225 654 τὸ
2256 604 2504 659 πλεῖστον
2529 608 2827 672 κενοδοξίας
2861 610 3188 676 ἐκφυγόντα,
3220 611 3557 682 ἀρκούμενον

1990 684 2076 737 ἀεὶ
2123 688 2235 748 τοῖς
2296 690 2597 758 παροῦσιν,
2662 691 2736 761 μὴ
2781 692 3250 762 καλλωπιζόμενον
3302 697 3554 764 ἱματίοις,

1990 770 2496 838 καταφρονούμενον
2518 774 2622 827 ὑπό
2635 775 2842 843 τινωνῆ
2865 777 3375 846 κατευτελιζόμενον
3395 781 3527 849 εὑχα
3542 812 3556 820 -

1988 853 2212 918 ριστεῖν,
2233 852 2749 922 ὑπερκινδυνεύοντα
2770 858 3007 925 γνησίων
3033 859 3221 927 φίλων,
3246 866 3439 932 πεῖραν
3464 865 3557 917 λα-

1988 932 2152 985 ϐόντα
2192 934 2463 1005 δαιμόνων
2522 939 2626 1002 ἕως
2665 942 2920 1009 χιλιάκις,
2965 945 3057 996 καὶ
3098 945 3309 998 ἐπάνωο
3338 949 3412 1011 ὡς
3461 949 3555 1002 καὶ

1991 1016 2089 1099 μιᾷ
2112 1016 2216 1069 τῶν
2239 1020 2463 1091 ήμερῶν
2501 1023 2729 1092 δαίμονα
2771 1025 2919 1096 αὑτῷ
2960 1032 3433 1099 συντετυχηκέναι,
3462 1037 3556 1088 καὶ

1988 1098 2160 1151 εἰπεῖν
2194 1102 2372 1169 μόνον·
2403 1103 2600 1157 Σύνθου
2637 1124 2724 1175 μοι
2754 1108 2846 1160 τοῦ
2877 1110 2980 1162 κᾶν
3028 1098 3552 1184 ἅπαξνάμαρτῆσαι,

1987 1183 2081 1234 καὶ
2099 1183 2164 1253 ἢν
2211 1186 2277 1237 ἂν
2331 1187 2454 1258 δόξῃ
2489 1207 2568 1242 σοι
2604 1193 2773 1244 εἰπεῖν
2832 1194 3094 1260 εὑγενίδα,
3132 1199 3224 1251 καὶ
3262 1183 3552 1263 πλουσίαν,

1987 1265 2100 1332 ἐγὼ
2126 1285 2207 1320 σοι
2236 1268 2349 1333 ἄξω
2389 1274 2647 1343 εὐχερῶς.
2692 1279 2798 1329 Καὶ
2837 1279 2997 1330 πάλιν
3028 1279 3213 1344 ἄλλοτε
3245 1285 3555 1347 πυκτεύσας

1985 1348 2013 1399 ὁ
2043 1350 2138 1418 τῆς
2157 1352 2465 1421 βλαφημίας
2497 1359 2702 1428 δαίμων
2730 1362 2786 1411 ἐν
2807 1363 3170 1433 νυχθημέροις
3199 1365 3556 1440 δεκατέσσαρ-

1988 1448 2091 1496 σιν,
2157 1435 2232 1497 ὡς
2283 1439 2444 1500 αὑτός
2500 1457 2588 1508 μοι
2640 1443 2895 1510 διηγεῖτο,
2933 1449 3023 1499 καὶ⁵
3083 1449 3140 1499 ἐν
3177 1449 3334 1501 νυκτὶ
3386 1435 3554 1518 σύρας

1984 1518 2174 1571 τοῦτον
2209 1521 2273 1571 ἐκ
2327 1523 2485 1584 ποδὸς
2518 1528 2666 1594 φωνῇ
2713 1529 2962 1598 ἐπάνδρῳ
2992 1533 3327 1599 προσωμίλει
3358 1534 3547 1600 λέγων’

1984 1602 2075 1671 Μὴ
2110 1603 2405 1670 προσκὺνει
2451 1604 2541 1656 τὸν
2583 1607 2834 1674 Χριστὸν,
2872 1613 2963 1661 καὶ
2989 1613 3047 1662 οὑ
3101 1613 3175 1678 μὴ
3216 1631 3310 1664 σου
3377 1633 3550 1683 προσ-

1985 1685 2207 1750 εγγίσω.
2264 1687 2366 1738 Τδν
2424 1689 2477 1739 δὲ
2530 1689 2966 1760 ἀποκρινάμενον
3010 1698 3183 1747 εἰπεῖν
3233 1699 3415 1766 αὐτῷ’
3452 1701 3553 1756 Διά

1984 1766 2140 1819 τοῦτο
2192 1769 2248 1821 δὲ
2297 1770 2470 1821 αὑτό·
2528 1772 2712 1842 ἐπειδὴ
2774 1776 2835 1826 σὺ
2894 1777 3080 1828 τοῦτον
3143 1780 3379 1850 ἀηδίζῃ,
3444 1784 3552 1848 ἐγὼ

1984 1849 2144 1902 αὑτὸν
2163 1853 2522 1922 προσκυνήσω
2576 1855 2670 1905 καὶ
2698 1856 2923 1919 δοξάσω.
2959 1859 3068 1911 Καὶ
3098 1861 3277 1924 πάλιν,
3307 1849 3398 1915 καὶ
3425 1864 3552 1916 πολ·

1983 1933 2140 1994 λάκις
2198 1934 2583 1996 πολυπλασίως
2631 1938 2964 2008 δεηθήσομαι
2999 1983 3012 2004 ,
3069 1945 3162 1995 καὶ
3218 1946 3321 2006 ἓως
3379 1948 3552 1998 ἔνεστί

1985 2033 2075 2082 μοι
2123 2016 2365 2085 Πνεῦμα,
2407 2017 2593 2070 τοῦτον
2642 2021 2922 2087 ἱκετεύσω,
2963 2023 3050 2076 διὰ
3087 2026 3146 2076 τό
3199 2045 3254 2078 σε
3288 2030 3553 2080 ἐναντιού-

1983 2096 2103 2150 σθαι
2137 2101 2200 2167 τῇ
2225 2099 2318 2150 τοῦ
2354 2100 2488 2152 Θεοῦ
2518 2101 2760 2173 λατρεία.
2798 2103 3020 2158 Ἑκατὸν
3055 2108 3111 2170 ἐξ
3153 2110 3335 2172 πόλεις
3375 2116 3552 2181 πατῇ-

1983 2196 2102 2241 σας,
2123 2183 2177 2231 ἐν
2206 2181 2262 2233 δὲ
2280 2185 2402 2244 ταῖς
2424 2184 2699 2248 πλείσταις
2733 2189 2824 2239 καὶ
2854 2190 3128 2258 χρονίσας,
3167 2197 3553 2260 γυναικδςπεῖ-

1985 2277 2082 2331 ραν
2121 2265 2218 2316 οὑκ
2250 2264 2406 2334 ἐσχεν
2445 2267 2584 2320 ἐλέει
2613 2271 2708 2321 τοῦ
2731 2272 2987 2340 Χριστοῦ,
3019 2276 3139 2327 οὑδὲ
3171 2279 3364 2330 τὸκατ’
3394 2281 3547 2350 ὄναρ,

1982 2345 2121 2414 πλὴν
2147 2346 2239 2397 τοῦ
2273 2349 2510 2418 πολέμου
2565 2351 2657 2404 τοῦ
2688 2354 2826 2406 κατὰ
2859 2355 2955 2426 τὴν
2983 2360 3237 2428 πορνείαν
3275 2361 3547 2430 δαίμονος.

1982 2427 2175 2497 Τρίτον
2217 2430 2405 2484 τοῦτον
2436 2434 2606 2500 ἐγνων
2657 2436 2848 2506 ἔχοντα
2905 2427 3088 2509 χρείαν
3129 2427 3452 2511 βρωμάτων,
3488 2448 3552 2498 ἐκ

1980 2513 2158 2583 χειρὸς
2192 2516 2359 2582 ἀγίων
2399 2519 2645 2585 ἀγγέλων
2674 2521 2921 2577 λαϐόντα.
2982 2525 3067 2576 Ἐν
3102 2530 3199 2596 μιᾷ
3251 2529 3358 2580 τῶν
3413 2532 3551 2598 ήμεο

1983 2598 2091 2666 ρῶν
2129 2599 2370 2668 εὑρεθεὶς
2405 2605 2462 2654 ἐν
2502 2605 2778 2676 ἀκροτάτῃ
2828 2609 3055 2680 ἐρημίᾳ,
3097 2613 3191 2663 καὶ
3248 2613 3372 2680 μηδ’
3416 2615 3551 2677 ὅλως

1984 2680 2181 2749 βρῶμά
2217 2701 2269 2735 τι
2305 2682 2607 2752 βαστάζων,
2637 2692 2786 2757 τρεῖς
2811 2691 3006 2760 ἄρτους
3037 2686 3194 2764 εὗρεν
3231 2696 3468 2765 θερμοὺς
3495 2702 3551 2748 ἐν

1981 2766 2045 2832 τῇ
2093 2765 2336 2845 μηλωτῇ.
2379 2769 2599 2822 Ἀλλοτε
2646 2774 2807 2824 πάλιν
2859 2776 3202 2845 παξαμίδας·
3231 2781 3321 2830 καὶ
3370 2782 3448 2843 είς
3497 2784 3556 2832 τὸ

1980 2845 2181 2916 τρίτον,
2204 2844 2343 2901 οἶνον
2377 2853 2514 2918 μετὰ
2553 2853 2752 2922 ἄρτων.
2800 2844 3018 2924 Ἔγνων
3049 2861 3210 2913 πάλιν
3257 2862 3444 2916 τοῦτον
3477 2864 3554 2916 λι-

1983 2931 2215 2998 πόμενον
2260 2934 2630 3005 ἀναλωμάτων
2698 2940 2927 2992 ἀκοῦσαι
2983 2945 3110 3012 παρ’
3168 2945 3436 3012 ἀγγέλου,
3474 2951 3554 3000 ὅτι

1995 3013 2266 3066 Ἀπελθὼν
2309 3017 2438 3070 λάϐε
2479 3021 2630 3089 παρά
2669 3022 2820 3074 τοῦδε
2867 3023 3043 3077 ἔλαιον
3078 3029 3171 3079 καὶ
3218 3031 3360 3081 σῖτον
3404 3030 3460 3082 Ὀ
3497 3033 3552 3084 δὲ

1985 3096 2150 3164 μηδὲν
2178 3098 2457 3168 διακρίνας
2484 3103 2694 3172 ἀπῆλθε
2726 3107 2861 3174 πρὸς
2905 3108 2995 3158 τὸν
3023 3109 3329 3178 μηνυθέντα
3381 3114 3547 3184 αὑτῷ.

299 3178 1064 3273 καταστραφέντες.Ἔϐδομον
1085 3178 1273 3275 ἦν,ὃτε
1292 3209 1429 3261 κατᾶ
1451 3178 1882 3281 τὴν
1911 3201 1952 3256 C
2164 3181 2294 3281 ίδὼὲί
2343 3185 2522 3280 “Ott,”
2564 3187 2708 3255 λέγει
2766 3190 2934 3281 ﬂigi".
3088 3189 3140 3281 εἴ
3254 3195 3401 3281 δεῖνα
3456 3214 3554 3265 μω

298 3277 496 3346 λίμνην
525 3281 651 3334 ἔνθα
669 3285 694 3335 ό
721 3285 920 3352 χάρτης
949 3290 1224 3354 γεννᾶται,
1244 3293 1322 3351 είς
1353 3277 1880 3366 νῆσόντιναμικράν

299 3364 686 3434 ἀπερῤίφημεν
727 3368 950 3437 ἔρημον,
973 3374 1065 3423 καὶ
1090 3375 1216 3443 τρία
1256 3376 1570 3446 νυχθήμερα
1605 3364 1880 3450 ὑπαίθριοι

298 3447 619 3531 ἐμείναμεν,
655 3453 855 3520 κρύους
892 3457 1125 3523 μεγάλου
1148 3462 1236 3510 καὶ
1262 3459 1482 3528 ὄμϐρων
1509 3465 1639 3531 ήμῖν
1668 3447 1877 3516 ἐπικει-

301 3531 498 3597 μένων·
519 3529 585 3602 ἦν
620 3536 728 3605 γάρ
756 3537 784 3587 ό
824 3538 1010 3607 καιρὸς
1036 3539 1144 3592 τῶν
1173 3529 1557 3610 Ἐπιφανίωνξ
1581 3548 1667 3597 Ἐν
1697 3547 1750 3599 δὲ
1801 3549 1878 3614 τῷ

297 3613 492 3684 ὀγδόῳ,
529 3619 788 3686 περισσὸν
835 3623 931 3689 μέν
981 3623 1096 3673 ἐστι
1131 3625 1191 3675 τὸ
1230 3625 1496 3695 διήγημα,
1530 3630 1678 3697 ὅμως
1734 3613 1877 3700 ὠφέ-

296 3694 475 3764 λιμον.
508 3700 819 3767 Παριόντων
851 3703 955 3773 γὰρ
984 3705 1142 3772 ἡμῶν
1171 3707 1258 3760 διά
1281 3694 1423 3772 τινος
1445 3694 1609 3763 τόπου
1652 3715 1730 3775 είς
1779 3694 1875 3778 τὰς

296 3781 549 3848 Νιτρίας,
575 3785 758 3846 κοιλάς
776 3803 858 3846 τις
880 3781 946 3854 ἦν
969 3790 1110 3840 κατά
1131 3791 1228 3859 τὴν
1246 3792 1428 3862 χώραν
1454 3797 1661 3865 μεγάλη
1684 3795 1877 3861 ὓδατος

295 3865 541 3930 γέμουσα
570 3869 626 3918 ἐν
655 3862 688 3940 ᾖ
724 3871 1180 3939 ἐναπομείναντες
1207 3876 1539 3943 κροκόδειλοι
1565 3862 1706 3947 ἦσαν
1747 3883 1872 3933 πολ-

295 3945 398 4010 λοὶ,
425 3949 518 4000 τοῦ
547 3949 734 4016 ’ὑδατος
759 3955 821 4006 ἐκ
837 3956 945 4009 τῶν
976 3958 1168 4026 χωρῶν
1193 3959 1669 4030 ὑποχωρήσαντος.
1696 3964 1872 4033 Τριῶν

295 4029 389 4083 οῦν
422 4034 781 4101 κροκοδείλων
814 4038 905 4090 ἐπὶ
929 4040 990 4091 τὸ
1025 4043 1198 4110 χεῖλος
1224 4043 1319 4094 τοῦ
1344 4029 1534 4116 βόθρου
1570 4047 1871 4114 ἐκτεταμέ-

297 4131 425 4175 νων,
459 4119 793 4187 προσῄειμεν
848 4123 1010 4189 ἡμεῖς
1071 4124 1327 4192 ὀψόμενοι
1371 4127 1437 4180 τά
1493 4130 1655 4198 θηρία
1715 4134 1869 4200 νομί-

298 4213 491 4260 σαντες
515 4201 652 4253 αὑτά
674 4203 991 4273 τεθνηκέναι
1025 4223 1038 4236 ο
1065 4209 1133 4259 τὰ
1178 4208 1232 4260 δὲ
1267 4211 1428 4272 εὐθὺς
1459 4212 1541 4279 ἐφ’
1581 4215 1725 4283 ἡμᾶς
1759 4215 1868 4284 ὦρ-

300 4297 501 4348 μησαν.
540 4283 723 4352 Ἡμῶν
746 4286 799 4338 δὲ
828 4287 1037 4360 μεγάλῃ
1079 4292 1144 4359 τῇ
1178 4295 1325 4360 φωνῇ
1365 4294 1453 4345 τὸν
1489 4295 1689 4365 Κύριον
1747 4283 1865 4350 ὀνο-

299 4364 606 4430 μασάντων,
639 4369 839 4437 Χριστέ
876 4370 1078 4440 βοήθει,
1115 4374 1274 4437 εὑθὺς
1291 4378 1340 4428 οί
1363 4377 1526 4445 θῆρες
1552 4364 1739 4448 ῶσπερ
1766 4383 1868 4435 ὑπὸ

295 4445 529 4513 ἀγγέλου
569 4452 1030 4520 άποστραφέντες,
1057 4457 1280 4518 ἑαυτοὺς
1334 4459 1411 4521 είς
1441 4461 1502 4512 τὸ
1535 4461 1675 4530 ῦδωρ
1708 4465 1865 4532 ἠκόνο

293 4548 452 4584 τισαν
484 4549 496 4562 ⁸
528 4536 685 4602 ἡμεῖς
712 4535 767 4587 δὲ
811 4537 996 4607 δρόμῳ
1023 4542 1198 4610 συχνῷ
1232 4543 1323 4594 ἐπὶ
1363 4545 1458 4606 τὰς
1488 4546 1718 4615 Νιτρίας
1762 4551 1868 4597 3'1:—
1905 4543 1944 4595 υ

295 4615 656 4684 εληλύθομεν,
690 4619 786 4688 τὴν
818 4620 911 4671 τοῦ
972 4622 1092 4674 Ἰὼϐ
1134 4626 1314 4694 φωνὴν
1346 4627 1700 4695 μελετῶντες,
1741 4631 1866 4683 ἔνθα

294 4700 462 4768 φησίν
489 4715 501 4728 ·
545 4701 818 4767 Ἑπτάλιις
853 4705 922 4767 ἐξ
956 4705 1233 4774 ἀναγκῶν
1260 4710 1550 4773 ἐξελεῖταί
1576 4728 1667 4778 σε,
1703 4715 1772 4766 ἐν
1800 4718 1868 4766 οτὲ

293 4787 485 4855 ὀγδόῳ
525 4791 596 4841 οὐ
637 4790 722 4856 μὴ
775 4790 1002 4857 (ip/mm!
1029 4808 1144 4845 σου
1170 4797 1375 4848 κακόν.
1428 4797 1868 4867 Εὑχαριστοῦμεν

295 4868 389 4924 οὖν
438 4873 516 4942 τῷ
555 4874 673 4942 Θεῷ
703 4876 780 4945 τῷ
812 4878 874 4927 ἐκ
921 4877 1189 4930 τοσούτων
1221 4881 1366 4946 ἡμᾶς
1414 4882 1672 4935 κινδύνων
1705 4885 1869 4953 ρυσα-

299 4955 468 5024 μένῳ,
496 4956 586 5007 καὶ
620 4958 864 5025 μεγάλας
887 4958 1117 5022 θεωρίας
1147 4961 1278 5030 ἡμῖν
1319 4963 1665 5029 ἐπιδείξαντι.

853 5109 1103 5164 ΚΕΦΑΛ,
1140 5108 1306 5164 ΡΝΑ’.

544 5234 683 5303 Περὶ
723 5237 828 5291 τοῦ
857 5239 1149 5304 συνόντος
1200 5258 1302 5308 μοι
1336 5240 1621 5309 ἀδελφοῦ.

380 5376 566 5443 Ὀλίγα
603 5378 780 5430 τοίνυν
805 5379 933 5450 περὶ
958 5379 1051 5432 τοῦ
1089 5383 1336 5444 συνόντος
1376 5399 1464 5451 μοι
1499 5383 1730 5452 ἀδελφοῦ
1760 5385 1868 5438 ἀπὸ

297 5459 548 5527 νεότητος
575 5460 678 5523 ἐως
711 5465 809 5530 τῆς
859 5465 1094 5534 σήμερον
1128 5464 1363 5534 εἰρηκὼς
1390 5466 1622 5518 ἐνταῦθα
1685 5469 1869 5522 λοιπὸν

295 5544 634 5596 καταπαύσω
659 5545 750 5598 τὸν
780 5545 954 5612 λόγον.
984 5547 1182 5600 Τοῦτον
1205 5549 1316 5616 ἐγὼ
1347 5549 1515 5616 ἔγνων
1536 5551 1779 5620 ἀκριϐῶς
1805 5555 1869 5605 ἐκ

299 5628 529 5694 μακρῶν
559 5629 666 5680 τῶν
696 5630 900 5698 χρόνων
924 5630 1010 5701 τὴν
1031 5633 1257 5702 ἀρίστην
1286 5633 1558 5686 πολιτείαν
1589 5635 1866 5705 κατορθώ-

297 5728 488 5777 σαντα,
538 5714 634 5765 καὶ
677 5714 864 5766 παθῶν
907 5717 1375 5786 κατακρατοῦντα.
1427 5719 1534 5772 Καλ⁸
1589 5715 1704 5771 οἶδα
1758 5721 1866 5787 ἐγὼ

295 5792 479 5846 τοῦτον
513 5795 772 5867 ἀκριϐῶς,
804 5799 874 5866 μὴ
930 5801 1164 5866 φανόντη
1210 5800 1390 5869 πάθει,
1427 5802 1500 5873 μὴ
1537 5804 1865 5871 προσπαθῶς

1985 3259 2192 3330 νάζων;
2251 3265 2650 3337 Ἀποκρίνεται,
2697 3273 2790 3325 καὶ
2831 3274 3145 3341 λέγει’Ναὶ,
3180 3278 3290 3344 ἐγώ
3337 3281 3450 3345 είμι
3494 3281 3552 3332 ὃν

1983 3341 2179 3408 λέγεις.
2213 3346 2269 3398 ’0
2296 3348 2372 3399 δέ·
2417 3351 2473 3402 Ὀ
2502 3354 2883 3424 οἰκοδεσπότης
2916 3357 3199 3412 ἐκέλευσέν
3221 3341 3305 3412 σοι
3334 3341 3551 3430 δοθῆναι

1981 3428 2271 3494 τριάκοντα
2307 3432 2518 3499 μοδίους
2548 3435 2716 3500 σίτου,
2746 3439 2841 3490 καὶ
2879 3439 3084 3492 δώδεκα
3124 3443 3316 3507 ξέστας
3347 3446 3547 3501 ἐλαίου.

1996 3507 2164 3580 ’Υπὲρ
2189 3513 2281 3564 τοῦ
2312 3517 2552 3568 τοιούτου
2593 3522 2960 3590 καυχήσομαι,
3004 3519 3114 3586 οἷος
3177 3523 3241 3596 ἦν
3291 3522 3443 3591 οὗτος
3493 3531 3552 3582 ὃν

1979 3592 2088 3658 ἐγὼ
2119 3594 2290 3660 ἔγνων
2315 3614 2329 3627 ·
2365 3599 2549 3652 τοῦτον
2571 3597 2686 3654 οἶδα
2717 3604 2826 3670 ἐγὼ
2854 3607 3199 3676 δακρύσαντα
3222 3612 3311 3662 ἐπὶ
3342 3613 3552 3682 ἀνδρῶν

1979 3677 2036 3726 ἐν
2062 3679 2274 3751 ἀνάγκη
2297 3682 2483 3748 όντων,
2517 3687 2611 3738 καὶ
2649 3689 3036 3758 ἀπορουμένων
3063 3694 3121 3744 ἐν
3147 3697 3379 3758 πενίαις,
3411 3713 3552 3768 παρ-

1980 3763 2253 3828 εσχηκότα
2287 3765 2338 3815 ετ
2361 3781 2412 3816 τι
2455 3762 2622 3834 εἶχεν,
2648 3769 2786 3838 πλὴν
2813 3771 2907 3839 τῆς
2932 3774 3127 3826 ἑαυτοῦ
3178 3779 3396 3846 σαρκός,
3421 3762 3551 3830 Οἶδα

1975 3845 2162 3896 τοῦτον
2202 3845 2313 3912 ἐγὼ
2347 3847 2660 3903 κλαύσαντα
2683 3855 2774 3903 καὶ
2805 3856 2896 3905 ἐπὶ
2926 3845 3258 3922 ἐκπεσόντος
3287 3861 3342 3911 ἐν
3370 3862 3551 3931 ἀμαρ-

1976 3932 2121 3995 τίαις
2150 3948 2162 3960 ο
2187 3932 2244 3995 ὃς
2274 3936 2382 3995 τοῖς
2412 3935 2671 4004 δάκρυσιν
2689 3941 2766 4001 είς
2789 3940 3076 4008 μετάνοιαν
3104 3944 3309 4012 ήγαγεν
3339 3947 3428 3997 τὸν
3460 3948 3550 4000 ἐκ·

1974 4017 2224 4070 πεσόντα.
2258 4011 2426 4082 Οὗτός
2469 4023 2558 4088 μοί
2614 4039 2742 4074 ποτε
2796 4025 3121 4093 διωμόσατο,
3154 4030 3233 4082 δτι
3279 4032 3371 4083 τοῦ
3414 4033 3547 4086 Θεοῦ

1974 4099 2196 4168 ἐδεήθην
2222 4104 2422 4169 μηδένα
2449 4105 2620 4170 νύξαι,
2644 4108 2872 4175 μάλιστα
2890 4110 2995 4162 τῶν
3022 4113 3237 4178 φαύλων
3255 4115 3542 4178 πλουσίων,

1977 4184 2071 4233 ἐπὶ
2103 4183 2179 4250 τῷ
2201 4184 2381 4237 δοῦναί
2416 4189 2504 4256 μοί
2548 4206 2596 4239 τι
2633 4191 2739 4241 τῶν
2777 4193 2972 4260 χρειῶν
2994 4195 3317 4263 λιπομένων.

2053 4334 2204 4400 Ἐμοὶ
2231 4334 2284 4386 δὲ
2316 4335 2472 4388 τοῦτο
2507 4338 2668 4406 ἀρκεῖ
2690 4340 2748 4391 τὸ
2777 4344 2998 4411 μνήμην
3031 4351 3359 4416 πεποιῆσθαι
3416 4368 3547 4402 κατ-

1969 4416 2261 4485 ἀξιωθῆναι
2294 4419 2443 4486 παρὰ
2483 4421 2577 4488 τῆς
2619 4422 2767 4485 θείας
2807 4426 3027 4494 χάριτος
3059 4429 3263 4482 τούτων
3292 4431 3547 4485 ἁπάντων

1975 4502 2067 4552 καὶ
2104 4500 2392 4568 δυνηθῆναι
2441 4503 2610 4556 ταῦτα
2647 4511 2830 4576 γραφῇ
2860 4511 3320 4578 παραδεδωκέναι.
3348 4516 3545 4568 Οὐκέτι

1972 4585 2103 4651 γάρ,
2133 4584 2208 4645 ὼς
2237 4582 2413 4655 οἶμαι,
2434 4585 2495 4636 τὸ
2524 4589 2806 4658 κινηθῆναί
2833 4608 2925 4645 σου
2957 4594 3054 4663 τὴν
3089 4597 3295 4667 ἀγαθὴν
3311 4599 3548 4654 διάνοιαν

1968 4668 2096 4720 ἄνευ
2135 4671 2232 4735 τῆς
2288 4670 2382 4720 τοῦ
2439 4671 2573 4722 Θεοῦ
2616 4675 2915 4741 ἐνεργείας,
2954 4680 3033 4738 είς
3081 4680 3140 4731 τὸ
3180 4682 3432 4744 ἐπιτάξαι
3479 4688 3542 4754 τῇ

1969 4753 2074 4820 ἐμῇ
2103 4753 2355 4822 οὑθενεία
2377 4754 2476 4823 τὴν
2507 4756 2756 4820 σύνταξιν
2775 4760 2866 4810 τοῦ
2911 4761 3112 4829 βιϐλίου
3142 4765 3329 4817 τούτου
3386 4769 3545 4834 ποιῆ-

1971 4857 2079 4901 σαι,
2114 4843 2207 4892 καὶ
2255 4845 2440 4911 γραφῇ
2497 4844 2828 4910 παραδοῦναι
2860 4851 2983 4911 τοὺς
3029 4849 3172 4917 βίους
3203 4853 3307 4905 τῶν
3373 4856 3544 4922 ἁγίων

1971 4925 2064 4976 καὶ
2105 4927 2387 4994 μακαρίων
2419 4929 2694 4996 Πατέρων.

2042 5051 2111 5102 Σὺ
2164 5051 2219 5102 δέ
2269 5067 2354 5116 γε,
2420 5054 2707 5107 πιστότατε
2735 5057 2888 5111 δοῦλε
2946 5061 3040 5113 τοῦ
3077 5064 3333 5132 Χριστοῦ,
3392 5068 3540 5138 τίμιε

1972 5132 2174 5195 Λαῦσε,
2202 5135 2296 5185 καὶ
2324 5137 2513 5188 πασῶν
2538 5139 2660 5205 ἐμοὶ
2686 5139 2813 5209 φίλη
2833 5144 2923 5194 καὶ
2943 5149 3285 5216 γνησιωτάτη
3307 5155 3538 5222 κεφαλὴ,

1971 5216 2143 5283 ἡδέως
2177 5218 2516 5288 ἐντυγχάνων
2537 5221 2706 5293 ταύτῃ
2738 5228 2803 5295 τῇ
2838 5226 3026 5296 βίϐλῳ,
3061 5231 3250 5300 ἱκανὴν
3269 5233 3540 5300 ὠφέλειαν

1970 5301 2060 5351 ἐπὶ
2105 5301 2168 5367 τῇ
2234 5302 2342 5352 τῶν
2397 5302 2618 5356 δικαίων
2665 5307 2958 5361 ἀναστάσει
3013 5313 3268 5382 παρέξεις
3332 5333 3424 5368 σου
3473 5323 3536 5389 τῇ

1969 5381 2219 5452 ἀθανάτῳ
2234 5383 2399 5455 ψυχῇ,
2436 5386 2543 5438 τῶν
2570 5389 2827 5459 ἀοιδίμων
2858 5393 3104 5462 ἀθλητῶν
3134 5398 3230 5459 τὰς
3254 5381 3538 5468 ἐναρέτους

1971 5467 2263 5530 πολιτείας,
2286 5472 2377 5520 καὶ
2412 5473 2538 5533 τοὺς
2582 5474 2749 5540 βίους,
2790 5478 2882 5528 καὶ
2919 5479 3045 5540 τοὺς
3075 5481 3290 5543 πόνους,
3318 5492 3409 5535 καὶ
3439 5485 3536 5554 τὴν

1968 5550 2235 5619 τοσαύτην
2283 5551 2698 5623 ὑπομονὴν,καὶ
2761 5561 3057 5629 καρτερίαν
3117 5563 3536 5632 σκληραγωγίας

1971 5634 2261 5701 λαμϐάνων
2301 5637 2358 5687 ἐν
2409 5638 2502 5705 νῷ.
2537 5640 2707 5692 Ἕπου
2744 5644 2953 5704 τούτοις
2977 5645 3292 5714 προθύμως,
3325 5655 3532 5717 χρηστῇ

1971 5719 2065 5770 καὶ
2087 5721 2346 5790 άκηράτῳ
2375 5723 2705 5791 τρεφόμενος
2730 5727 2922 5790 ἐλπίδι,
2952 5727 3291 5800 βραχυτέρας
3321 5734 3400 5784 ἀεὶ
3436 5732 3536 5794 τὰς

1973 5805 2277 5873 ἔμπροσθεν
2292 5804 2397 5857 τῶν
2421 5805 2796 5878 ὄπισθενόρῶν
2824 5811 3033 5881 ἡμέρας
3068 5829 3080 5840 ·
3117 5815 3209 5865 καὶ
3239 5815 3373 5884 ὑπὲρ
3398 5814 3532 5884 ἐμοῦ
