3874 6358
824 426 827 429 “
1114 608 1123 626 ,
1315 479 2362 645 MONITUM

777 752 1094 855 ῌΕἹῙᾹΟ
1107 770 1117 777 ‘
1128 745 1687 831 BENEDICTINJE
1729 750 2134 828 EDITIONIS
2151 751 2307 816 ‘NO‘l

1397 751 1687 830 rerum
1729 750 2397 828 EDITIONIS'NOVA
2430 707 2922 831 necesmm:

1624 944 2111 977 MM—

279 1118 732 1185 Immortalem
768 1118 1032 1185 Patrum
1064 1115 1619 1180 Benedictinorum
1642 1116 1914 1197 gloriam
1946 1115 2358 1179 temerarium
2398 1114 2682 1194 profecto
2727 1115 2887 1178 foret
2920 1112 3357 1193 prmtendere;
3389 1111 3503 1172 mi-

203 1220 388 1281 nime
430 1237 592 1282 vero
624 1220 1025 1298 impossibile
1052 1216 1657 1283 estlucubrationes
1714 1237 1941 1280 eorum
1996 1218 2340 1279 meliorare
2369 1260 2387 1288 ,
2438 1217 2821 1278 introductis
2868 1214 3335 1276 mutationibus
3367 1214 3503 1279 ali-

199 1322 553 1401 quantulis
599 1340 766 1401 quas
794 1322 1069 1399 ipsimet,
1100 1320 1153 1383 si
1210 1326 1429 1383 nostra
1475 1322 1763 1383 viverent
1792 1325 1999 1391 aetate,
2028 1318 2428 1399 judicassent
2477 1320 2903 1385 necessarias.
2940 1316 3257 1385 Caeterum
3310 1315 3505 1381 hodie,

200 1425 514 1485 convenit
553 1425 723 1503 apud
760 1424 1227 1486 eruditissimos
1262 1424 1457 1495 viros,
1493 1423 1806 1501 imprimis
1843 1428 2027 1485 extra
2058 1422 2331 1483 Galliam
2358 1466 2375 1494 ,
2417 1422 2899 1487 Benedic-tinam
2934 1420 3302 1494 editionem,
3353 1421 3501 1483 licet

210 1528 395 1588 omni
430 1527 688 1607 dignam
743 1528 1200 1598 mstimationc,
1261 1525 1638 1603 ceterisque
1689 1525 2214 1587 antecedentibus
2272 1525 2477 1585 multo
2539 1523 3049 1601 pmstantiorem
3085 1566 3102 1593 ,
3145 1521 3496 1583 nonnullas

208 1634 432 1688 tamen
486 1630 888 1709 negligentia:
943 1635 1129 1693 notas
1164 1646 1293 1707 pra:
1316 1647 1386 1690 se
1420 1628 1584 1690 ferre
1606 1673 1622 1701 ,
1657 1628 1794 1688 sive
1824 1627 1995 1704 quod
2028 1627 2303 1688 editores
2340 1626 2630 1689 laborem
2660 1644 2775 1705 per
2803 1625 3032 1704 viginti
3065 1626 3351 1704 integros
3382 1640 3505 1692 an-

206 1745 327 1790 nos
360 1736 760 1807 protractum
792 1730 1068 1808 impares
1104 1730 1340 1795 fuerint
1365 1728 1679 1791 indefessa
1707 1729 2061 1816 attentione
2090 1726 2475 1800 sustinendi,
2502 1727 2639 1789 sive
2668 1727 2843 1806 quod
2864 1744 3134 1804 pensum
3162 1731 3257 1788 tot
3284 1726 3509 1793 colla—,

212 1831 627 1892 boratorihus
657 1831 1029 1895 devolutum
1075 1832 1389 1892 unitatem
1420 1848 1549 1891 non
1577 1830 1958 1891 admitteret.
2013 1828 2114 1891 Sic
2143 1829 2463 1891 interdum
2496 1829 2792 1893 videntur
2826 1833 3116 1893 veterum
3145 1828 3509 1895 editionum

206 1931 626 1993 collationem
661 1932 1056 2012 neglexisse;
1091 1932 1184 1994 sic
1210 1932 1427 2016 etiam,
1462 1930 1655 1992 variis
1686 1930 2067 1992 lectionibus
2110 1947 2284 1990 nunc
2312 1928 2374 1988 in
2410 1934 2691 2006 utraque
2716 1928 3011 2008 margine.
3045 1929 3294 2007 positis,
3324 1943 3518 1999 nunc."

204 2034 290 2097 ad
308 2036 548 2097 calcem
575 2037 727 2096 tomi
757 2036 1034 2115 rejectis,
1062 2040 1428 2097 accuratam
1453 2038 1744 2097 textuum
1765 2032 2232 2106 recensionem,
2252 2031 2517 2092 unitatis
2543 2030 2946 2102 detrimento,
2972 2034 3492 2109 prosequuntur;

206 2136 307 2196 sic
327 2136 630 2214 denique,
656 2142 725 2198 ut
756 2137 995 2199 omissa
1022 2142 1424 2215 repararent,
1454 2142 1567 2199 aut
1584 2134 1889 2197 lectiones
1912 2134 2330 2195 citationesve
2355 2132 2695 2197 mendosas
2720 2132 3087 2211 complures
3112 2129 3517 2209 itnpruden-w.

207 2230 321 2299 ter
360 2237 757 2301 introductas
806 2256 1219 2317 quocumque
1270 2238 1459 2300 modo
1505 2236 1943 2307 emendarent,
1985 2233 2287 2296 addendis
2339 2238 2405 2295 et
2447 2231 2841 2313 corrigendis
2874 2232 3133 2313 singula
3164 2230 3496 2297 volumina

195 2352 680 2407 exoneravere.
837 2400 842 2408 ,

290 2438 557 2502 Duobus
592 2439 787 2518 igitur
832 2441 1239 2519 potissimum
1276 2440 1780 2521 invigilavimus,
1814 2438 2061 2501 scilicet
2116 2456 2197 2500 ne
2244 2436 2401 2517 quid
2469 2440 2663 2501 antea
2693 2438 3025 2519 vulgatum
3085 2437 3152 2502 in
3212 2436 3501 2503 editione

208 2549 437 2604 nostra
467 2543 913 2615 omitteretur,‘
943 2551 1144 2622 utque
1172 2544 1784 2607 convenientissimo
1826 2542 2051 2604 ordine
2091 2560 2194 2603 res
2223 2541 2525 2619 quaslibet
2556 2541 3024 2604 institueretur.
3078 2543 3316 2605 Prteter
3348 2558 3495 2605 mas-

207 2645 581 2723 nuscriptos
630 2644 904 2720 codices,
962 2648 1274 2709 editiones
1330 2647 1714 2725 plerasque,
1766 2648 1903 2703 tum
1938 2647 2230 2716 veteres,
2291 2647 2427 2703 tum
2486 2643 2878 2706 recentiores
2933 2650 3112 2708 tanta
3160 2646 3493 2725 diligentia

202 2749 757 2825 comparavimus,
792 2756 862 2812 ut
892 2759 1112 2813 nostra
1135 2748 1519 2828 locupletior
1548 2743 1912 2807 necessario
1937 2744 2229 2806 debuerit
2256 2762 2608 2825 emergere,
2636 2745 2915 2824 jureque
2942 2762 3309 2809 asseremus
3340 2763 3493 2807 om-

204 2848 370 2915 nino
430 2852 591 2919 nihil
631 2853 944 2916 hactenus
987 2852 1304 2932 prodiisse
1329 2897 1347 2923 ,
1397 2850 1567 2928 quod
1602 2849 1667 2909 in
1722 2864 1799 2909 ea
1828 2865 1961 2908 non
2021 2847 2325 2910 abundet.
2361 2848 2662 2909 Attamen
2694 2849 3130 2927 nequicquam
3175 2854 3495 2928 suppete-w

203 2957 309 3023 ret
337 2955 747 3034 toteoegisse
790 2956 1071 3029 divitias,
1104 2956 1227 3016 nisi
1266 2959 1439 3015 recte
1468 2952 1963 3022 ordinarentur;
1996 2967 2208 3027 neque
2238 2965 2393 3010 vero
2424 2947 2612 3010 nobis
2654 2948 2910 3011 animus
2942 2956 3040 3011 est
3083 2949 3395 3029 quidquid
3422 2951 3493 3013 in

202 3052 330 3117 hoc
363 3056 857 3131 praestiterim-us
883 3056 1249 3123 minutatim
1281 3053 1667 3133 exponendi.
1703 3054 1912 3114 Pauca
1942 3051 2153 3112 solum
2183 3049 2481 3127 exempla
2520 3048 2897 3112 referemus.

292 3154 359 3217 ιε
404 3154 573 3215 Nihil
617 3156 805 3219 nobis
850 3156 1181 3235 antiquius
1222 3156 1361 3223 fuit,
1397 3164 1596 3233 quam
1628 3158 1700 3214 ut
1728 3153 1797 3213 in
1826 3151 1984 3214 locis
2014 3168 2053 3213 a
2082 3150 2452 3213 reverendis
2484 3148 2640 3229 ipsis
2683 3151 2981 3213 Patribns
3009 3151 3303 3216 indicatis
3334 3171 3506 3218 suus;

202 3255 425 3323 textui
458 3255 632 3321 nitor
661 3258 1132 3323 restitueretur.
1181 3257 1443 3332 Quoties
1476 3257 1545 3317 in
1571 3256 1856 3334 aliquem
1886 3269 2175 3315 errorem
2206 3252 2377 3313 ultro
2408 3252 2752 3332 impegisse
2781 3253 2901 3315 visi
2934 3257 3109 3327 sunt,
3140 3262 3335 3335 atque
3368 3256 3474 3319 de—

202 3355 479 3423 fuerunt
516 3375 749 3427 eorum,
768 3359 1061 3433 consilia,
1094 3359 1447 3441 genuinam
1477 3357 1818 3419 lectionem
1845 3353 2272 3418 stabilivimus
2314 3355 2451 3415 tum
2477 3354 3092 3434 manuscriptorum,
3123 3360 3256 3425 tum
3288 3360 3501 3422 libro-s.

199 3477 359 3531 rum
387 3462 790 3525 auctoritate.

286 3558 355 3625 2“-
392 3560 629 3633 Przeter
656 3567 879 3627 textus.
912 3563 1186 3625 nitorem
1214 3578 1368 3641 quo,
1405 3562 1898 3641 qualiscumque
1928 3558 2046 3631 sit,
2074 3556 2267 3619 editio
2295 3556 2711 3620 Benedictina
2754 3564 3018 3623 caeteras
3046 3577 3268 3626 omnes
3300 3564 3495 3645 longe

204 3667 505 3739 superat,
543 3663 665 3733 hoc
705 3669 985 3743 prastat.
1009 3665 1421 3744 potissimum
1444 3708 1461 3730 .
1497 3662 1672 3742 quod
1712 3660 2197 3740 prmfationibus
2238 3658 2491 3721 eximiis
2522 3677 2891 3741 magnaque
2916 3663 3407 3729 adnotationum
3434 3674 3503 3731 et:

204 3762 612 3829 val-iamiam
666 3765 1014 3833 lectionum
1050 3767 1239 3845 copia
1282 3766 1672 3844 locupletata
1701 3765 1804 3826 sit.
1846 3762 2005 3838 Quin
2032 3763 2251 3826 omnia
2279 3761 2503 3823 sedulo
2537 3762 2939 3825 servavimus
2964 3808 2983 3838 ,
3011 3764 3147 3826 imo
3171 3769 3517 3833 variantes.

204 3863 600 3937 adauximus
626 3865 966 3943 lectiones;
987 3887 1123 3932 non
1148 3887 1371 3931 omnes
1394 3887 1549 3932 vero
1570 3868 1945 3930 admisimus
1976 3883 2122 3943 qum
2142 3864 2325 3926 nobis
2351 3865 2780 3943 undequaque
2800 3868 3250 3930 occurrebant.
3268 3871 3501 3935 Liben-

205 3974 310 4033 ter
345 3968 713 4042 fatebimur,
740 3989 868 4033 non
903 3973 1452 4035 istoincendimur
1490 3970 1863 4052 philologiie
1900 3969 2111 4030 studio
2132 3966 2303 4045 quod
2334 3966 2632 4028 editionis
2664 3967 3127 4035 excellentiam
3149 3971 3499 4038 lectionum

205 4069 609 4135 variantium
639 4089 909 4136 numero
938 4075 1222 4135 metitur.
1255 4074 1304 4133 E
1332 4077 1580 4145 contra,
1600 4072 1809 4133 dubiae
1838 4072 2222 4149 plerumque
2251 4072 2446 4130 erunt
2471 4069 2790 4142 utilitatis,
2818 4068 2871 4130 si
2904 4072 3274 4136 attendatur
3300 4092 3497 4155 quam

203 4168 427 4233 tenuis
454 4170 583 4231 sint
609 4174 935 4247 momenti,
960 4181 1278 4251 quantum
1304 4174 1623 4237 sermonis
1648 4173 1883 4235 seriem
1914 4171 2286 4251 impediant,
2305 4174 2751 4248 quantumque
2776 4172 2943 4248 apud
2972 4174 3203 4237 multos
3229 4176 3496 4244 lectores

203 4272 567 4334 auctoritas
590 4272 902 4339 librorum
940 4276 1067 4336 illis
1088 4276 1543 4349 labefactetur;
1580 4274 1896 4353 duplicem
1924 4273 2094 4333 enim
2128 4271 2470 4333 lectionem
2500 4272 2734 4332 veritas
2762 4290 2888 4332 non
2924 4276 3187 4352 patitur.
3226 4276 3500 4357 Expedit

205 4375 447 4453 igitur,
485 4378 702 4436 nostra
733 4376 1076 4459 sententia,
1118 4384 1210 4440 tot
1236 4380 1401 4440 inter
1423 4376 2014 4454 manuscriptorum
2041 4380 2105 4436 et
2128 4375 2443 4435 librorum
2472 4373 2837 4444 varietates,
2863 4393 2991 4436 non
3022 4378 3195 4438 molli
3237 4381 3499 4446 brachio

205 4481 487 4539 cunctas
540 4484 885 4553 excutere,
944 4481 1158 4558 sagaci
1216 4479 1604 4560 negligentia
1649 4478 1961 4557 quasdam
2003 4475 2522 4555 prmtermittere,
2573 4492 2815 4554 easque
2866 4481 3115 4540 tantum
3164 4481 3499 4549 admittere

200 4595 359 4656 quae
388 4576 475 4638 ad
506 4584 745 4641 rectam
786 4582 1071 4643 auctoris
1116 4580 1606 4661 intelligentiam
1649 4581 1753 4641 vel
1797 4580 2026 4641 leviter
2063 4575 2446 4637 inserviunt.

286 4680 483 4754 Quod
509 4680 584 4743 de
620 4682 973 4747 lectionum
1002 4684 1447 4755 varietatibus,
1495 4683 1554 4743 id
1581 4683 1657 4743 de.
1693 4681 2119 4760 supposititiis
2147 4678 2451 4759 operibus
2474 4677 2708 4741 dictum
2734 4682 2892 4740 esto.

286 4780 510 4859 Vulgo
538 4781 806 4861 contigit
834 4782 1209 4847 clarissimis
1232 4782 1637 4860 antiquitatis
1670 4782 2122 4860 scriptoribus,
2156 4784 2248 4853 ut,
2279 4784 2642 4857 temporum
2666 4781 3146 4857 obscuratione,
3186 4788 3502 4870 bibliopo-

204 4881 428 4941 larum
469 4882 768 4952 avaritia,
806 4883 1087 4961 aliisque
1117 4884 1195 4948 de
1224 4883 1440 4945 causis
1462 4928 1483 4957 ,
1514 4881 1698 4944 fmtus
1736 4900 1960 4943 eorum
1993 4882 2258 4962 genuini
2290 4882 2552 4962 indigna
2581 4880 2953 4959 spuriorum
2988 4890 3246 4950 caterva
3287 4892 3500 4968 stipa-

202 4988 465 5047 rentur.
516 4985 704 5046 Haud
751 4986 1008 5049 difﬁcile
1054 4992 1225 5049 certe
1258 4986 1484 5048 fuisset
1515 4986 2007 5066 Augustinianm
2060 4984 2357 5047 editionis
2423 4985 2656 5049 molem
2709 4983 3043 5063 duplicare.
3092 4990 3498 5067 triplicareve

202 5088 286 5149 ad
320 5088 604 5159 libitum,
662 5088 982 5173 adjunctis
1035 5090 1460 5169 supposititiis
1510 5080 1813 5169 operibus
1870 5107 2015 5168 qua:
2064 5091 2185 5163 sub
2240 5088 2457 5175 magni
2501 5089 2794 5153 Doctoris
2849 5091 3500 5171 nominecircumfe—

204 5194 473 5250 runtur.
533 5189 725 5251 Nulla
750 5176 951 5269 prepe
1008 5197 1108 5253 est
1154 5174 1541 5252 bibliotheca
1592 5208 1736 5269 qua:
1769 5207 1897 5250 non
1935 5190 2293 5251 istiusmodi
2350 5190 2670 5252 thesauris
2712 5210 2783 5253 se
2832 5191 3052 5272 jactet.
3085 5192 3249 5272 Quid
3305 5201 3503 5259 vero?

206 5308 435 5351 nonne
491 5290 711 5369 liquet.
744 5292 1000 5354 zizania
1040 5286 1367 5355 debilitari
1415 5282 1693 5354 triticum
1724 5339 1741 5367 ,
1793 5301 2223 5372 verarumque
2270 5312 2671 5375 gemmarum
2714 5270 3083 5358 decrescere
3127 5270 3362 5359 famam
3389 5348 3404 5376 ,
3447 5304 3509 5377 si

204 5408 362 5455 cum
395 5391 781 5467 adulterinis
809 5394 1245 5457 misceantur?
1290 5396 1586 5457 Attamen
1616 5413 1698 5456 ne.
1734 5395 1886 5472 quid
1928 5396 1995 5456 in
2032 5396 2308 5459 editione
2336 5402 2558 5460 nostra
2584 5397 3096 5477 desideraretur,
3134 5392 3385 5464 nullum
3412 5392 3518 5481 ‘exf

207 5492 455 5573 spuriis
506 5494 609 5556 vel
653 5493 867 5556 dubiis
898 5494 1204 5574 Operibus
1234 5512 1381 5575 qum
1421 5497 1536 5558 PP.
1564 5496 1955 5557 Benedictini
2016 5499 2251 5576 publici
2305 5496 2471 5581 juris
2526 5497 2841 5571 fecerunt,
2891 5504 3503 5578 praetermittendum

203 5597 563 5671 duximus;
607 5597 970 5678 quinetiam
994 5614 1219 5663 eorum
1270 5602 1632 5663 recensioni
1662 5603 1980 5664 nonnulla
2004 5602 2362 5666 addidimus
2414 5620 2640 5666 recens
2668 5600 2972 5679 inventa,
3009 5621 3155 5683 qua:
3184 5610 3402 5674 omnia
3434 5612 3502 5674 in

199 5700 601 5765 Semnonum
629 5698 1075 5763 collectionem
1104 5700 1416 5763 incidunt.
1440 5702 1685 5765 Verum
1719 5705 1841 5769 hac
1868 5706 2149 5787 augendi
2192 5704 2451 5765 licentia
2477 5720 2670 5782 parce
2698 5703 2800 5766 usi
2840 5722 3067 5771 sumus
3091 5753 3111 5784 ,
3156 5726 3288 5772 non
3319 5714 3501 5778 obliti

194 5803 517 5872 Patribus
562 5803 1017 5883 Benedictinis,
1075 5809 1271 5887 prout
1295 5808 1583 5875 consiliis
1618 5815 1983 5894 Opibusque
2012 5817 2197 5877 erant
2223 5811 2626 5893 circumdati,
2662 5822 3058 5899 compertam
3090 5838 3250 5888 sane
3282 5821 3486 5888 fuisse
