3874 6318
1913 268 2237 326 ΜΟΝΠὌΜ.

408 386 758 451 ωείἰωδω
795 391 1043 471 partem
1070 384 1417 452 fallacinm'
1443 374 2371 462 istarﬁmfd'ivitiaruquuas
2394 370 2790 446 se‘e'tl’odisse
2824 364 3460 473 nonnullicoietanei
3508 398 3725 445 asse-

407 492 660 562 verant,
703 491 1064 569 meritoque
1094 490 1528 568 suspicionem
1556 495 1617 551 et
1638 488 1911 551 dedecus
1941 488 2275 550 incurrere
2327 485 2641 565 quidquid
2691 486 2817 569 viri
2868 489 3051 550 tanta
3104 485 3397 550 doctrina
3450 488 3742 567 pariter

406 606 485 652 ac
516 589 758 670 judicio
793 591 1279 653 commendandi
1314 592 1719 671 repulerunt.

484 692 548 755 3°
592 695 716 757 Res
772 700 871 757 est
910 696 1134 774 utique
1166 696 1529 777 gravissimi
1562 696 1867 757 momenti
1897 697 1961 756 et
2008 692 2087 754 ad
2117 691 2369 755 facilem
2399 696 2698 753 textuum
2730 690 3281 771 comparationem
3330 691 3732 771 aptissima,

400 800 473 857 ut
514 796 822 859 lectiones
860 799 1185 860 variantes
1218 815 1383 878 quas
1412 800 1527 861 PP.
1571 798 1854 860 Maurini
1898 798 2071 859 haud
2104 795 2408 858 unimode
2443 795 2858 868 distribuere,
2895 813 3179 876 semper,
3202 799 3509 858 notarum
3553 814 3733 857 mo»

400 900 505 974 (ιο,
563 899 766 961 textui
799 901 1113 978 proximis
1158 900 1431 963 subsint.
1477 901 1877 980 Nuperrimaa
1912 903 2172 961 exstant
2225 897 2536 959 editiones
2585 898 3016 972 Parisienses,
3061 914 3208 975 qum
3235 916 3447 977 neque
3483 899 3683 962 hanc
3710 945 3729 971 ,

398 1020 617 1081 neque
677 1004 792 1066 PP.
848 1004 1299 1066 Maurinorum
1353 1004 1582 1087 agendi
1637 1004 1957 1065 rationem
2016 1006 2250 1063 secuta:
2282 1046 2298 1073 ,
2351 1019 2575 1063 omnes
2628 1000 2982 1062 lectionum
3013 1001 3360 1064 varietates
3396 1003 3730 1081 procula

396 1108 583 1165 textu
612 1104 690 1166 ad
719 1103 913 1165 ﬁnem
939 1104 1456 1185 uniuscujusque
1490 1104 1836 1166 voluminis
1870 1102 2339 1182 agglomerant,
2374 1105 2510 1173 aut,
2550 1117 2782 1179 parum
2814 1100 3129 1172 sollicitae,
3163 1102 3723 1179 praetermittunt.

398 1196 725 1279 Quantum
781 1204 926 1269 inde
976 1212 1355 1270 nasceretur
1408 1207 1819 1278 incommodi,
1879 1209 2256 1283 quantaque
2287 1206 2594 1284 temporis
2637 1206 2916 1284 jactura,
2972 1222 3103 1266 non
3158 1206 3357 1268 semel
3408 1208 3721 1286 experti,

403 1326 741 1386 speramus
774 1308 910 1371 fore
936 1313 1009 1371 ut
1059 1310 1399 1372 methodus
1441 1316 1688 1381 nostra,
1723 1311 1845 1371 sub
1887 1312 2183 1385 respectu
2239 1306 2708 1369 commoditatis
2739 1324 2925 1386 atque
2979 1325 3057 1370 ac
3086 1308 3383 1371 utilitatis
3410 1354 3427 1381 ,
3474 1311 3724 1388 potior

400 1408 711 1471 videatur.

474 1508 536 1570 Ιιο
562 1510 745 1584 Quod
775 1510 853 1573 ad
886 1511 1410 1592 chronologicam
1436 1510 2061 1591 Augustinianorum
2090 1526 2359 1588 Operum
2392 1508 2627 1570 seriem
2667 1509 2932 1584 attinet,
2965 1509 3307 1589 paululum
3346 1512 3429 1573 ab
3457 1513 3717 1575 ordine

392 1616 508 1677 PP.
543 1614 992 1677 Maurinorum
1015 1613 1390 1676 deﬂeximus
1412 1658 1428 1686 ,
1465 1619 1537 1675 ut
1566 1631 1715 1676 eum
1745 1630 2167 1691 sequeremur
2200 1630 2391 1690 quem
2421 1629 2640 1672 rerum
2672 1610 2975 1690 analogia
3000 1655 3017 1682 ,
3065 1611 3473 1690 proindeque
3522 1615 3716 1675 ratio

392 1717 531 1797 ipsa
550 1720 956 1798 suggerebat.
974 1718 1045 1779 ln
1063 1718 1271 1796 primo
1294 1718 1511 1795 itaque
1529 1720 1702 1777 tomo
1722 1716 1847 1776 duo
1864 1715 2368 1794 Soliloquiorum
2389 1714 2562 1789 libri,
2579 1714 2690 1792 qui
2712 1712 2882 1792 apud
2902 1714 3016 1774 PP.
3032 1715 3483 1778 Benedictinos
3505 1718 3711 1781 libris

390 1818 469 1881 de
488 1820 727 1883 Ordine
746 1821 1039 1900 proxime
1065 1820 1440 1893 succedunt,
1456 1820 1667 1881 statim
1690 1824 1834 1897 post
1860 1816 2337 1888 Confessiones,
2357 1816 2745 1894 quibuscum
2775 1816 2858 1877 ob
2879 1815 3287 1878 manifestam
3312 1820 3707 1898 argumenti

390 1922 870 1985 similitudinem
896 1922 1185 2001 apprime
1213 1921 1633 1992 conveniunt,
1676 1936 1712 1981 a
1744 1920 1929 1979 nobis
1975 1918 2269 1979 collocati
2301 1922 2473 1979 sunt.
2513 1919 2655 1978 Duo
2702 1917 2895 1979 etiam
2933 1917 3081 1978 libri
3131 1917 3208 1979 de
3239 1918 3475 1981 Genesi
3516 1939 3709 1983 eon—

390 2029 488 2085 tra
517 2022 906 2085 Manichaaos
938 2042 972 2084 e
998 2023 1208 2101 primo
1229 2026 1402 2082 tomo
1436 2020 1500 2079 in
1532 2020 1791 2081 tertium
1820 2018 2037 2097 rejecti
2057 2062 2071 2090 ,
2100 2035 2178 2079 eo
2208 2017 2453 2079 scilicet
2480 2018 2623 2079 loco
2642 2034 2775 2094 quo
2806 2015 3047 2095 duplex
3083 2017 3255 2078 aliud
3289 2019 3353 2079 in
3379 2020 3702 2084 Genesim

388 2141 551 2202 Opus
594 2123 747 2183 item
793 2122 1176 2183 instituitur.
1226 2123 1539 2182 Praeterea
1588 2120 1824 2179 librum
1863 2118 1938 2179 de
1982 2137 2134 2181 vera
2169 2119 2534 2197 Religione,
2567 2119 2677 2196 qui
2719 2118 2787 2179 in
2823 2117 3101 2180 editione
3136 2119 3562 2187 Benedictina
3609 2126 3705 2186 li-

390 2229 574 2287 brum
608 2225 686 2287 de
713 2225 999 2286 Moribus
1035 2224 1535 2286 Manichaeorum
1569 2221 1843 2299 excipit,
1885 2221 1962 2282 ad
2004 2222 2260 2281 tertium
2303 2220 2597 2281 similiter
2637 2224 2883 2280 tomum
2912 2221 3396 2295 revocavimus,
3445 2242 3702 2305 nempe

384 2330 531 2403 post
554 2342 718 2404 Opus
748 2323 825 2386 de
850 2324 1155 2386 Doctrina
1188 2323 1554 2385 Christiana
1576 2368 1591 2393 ,
1626 2321 1808 2401 cujus
1847 2319 2091 2397 absque
2141 2317 2334 2380 dubio
2378 2321 2921 2399 complementum
2945 2322 3181 2402 cuique
3207 2324 3441 2403 legenti
3476 2344 3699 2407 appa-

381 2422 778 2488 rebit.Varia
799 2424 1057 2488 tandem
1074 2425 1409 2504 opuscula,
1435 2427 1655 2506 qualia
1685 2423 1985 2503 Epistolas
2005 2467 2021 2495 ,
2053 2421 2393 2483 Sermones
2419 2468 2434 2496 ,
2463 2430 2610 2495 etc.,
2647 2441 2791 2501 quae
2832 2425 2945 2485 PP.
2978 2424 3259 2485 Maurini
3289 2430 3351 2486 et
3376 2432 3531 2505 post
3572 2447 3692 2491 eos

385 2526 593 2587 cateri
635 2524 784 2588 editi
829 2525 987 2605 ipsis
1018 2525 1288 2586 nimium
1325 2528 1689 2589 insistentes
1734 2526 1975 2604 passim
2010 2522 2433 2585 disseminant
2458 2570 2472 2597 ,
2524 2524 2601 2585 ad
2644 2524 2919 2586 classem
2959 2543 3144 2588 suam
3180 2528 3689 2608 primigeniam,

385 2633 577 2706 prout
604 2646 707 2689 res
732 2629 1145 2706 postulabat,
1179 2629 1477 2689 accurate
1506 2623 1769 2686 reducta
1798 2630 1971 2683 sunt.

460 2726 521 2787 5°
566 2728 785 2789 Ambae
814 2728 1221 2807 praefationes
1250 2747 1395 2807 quae
1454 2728 1650 2805 paulo
1678 2727 1946 2787 inferius
1983 2727 2342 2788 Mabillonii
2374 2726 2833 2789 dedicatoriam
2868 2728 3224 2806 Eptstolam
3252 2742 3637 2810 sequuntur
3668 2782 3685 2810 ,

382 2830 786 2891 undecimum
835 2831 1265 2906 ultimumque
1291 2830 1584 2890 editionis
1610 2830 2033 2891 Benedictinm
2065 2833 2307 2889 tomum
2340 2830 2647 2892 inchoant
2676 2853 2691 2904 ;
2728 2850 2846 2892 nec
2886 2832 3153 2905 mirum,
3186 2834 3506 2913 siquidem
3555 2855 3689 2902 ver

382 2931 648 2992 nerandi
684 2931 986 3003 editores,
1019 2931 1413 2992 curriculum
1443 2931 1604 2992 adeo
1635 2932 1901 3011 longum
1948 2932 2333 3011 ingressuri,
2367 2932 2677 3010 quidquid
2725 2933 2790 2993 in
2832 2936 2967 2995 toto
3002 2935 3275 2998 decursu
3308 2944 3483 3001 esset
3520 2958 3687 3019 per-

379 3032 696 3111 agendum
728 3051 810 3093 ex
841 3032 981 3109 ipso
1033 3031 1253 3092 limine
1283 3032 1638 3109 praevidere
1672 3051 1802 3093 non
1854 3032 2203 3110 potuerint.
2248 3034 2443 3094 Nobis
2496 3039 2711 3094 autem
2762 3052 2961 3113 opera
3010 3053 3237 3099 eorum
3295 3041 3685 3105 recudenti-

378 3134 499 3197 bus
531 3152 675 3195 cum
711 3134 891 3194 nulla
924 3134 1006 3195 sit
1054 3149 1253 3195 causa
1288 3150 1405 3194 cur
1458 3135 1650 3195 talem
1684 3134 2033 3195 toleremus
2066 3135 2485 3207 anomaliam,
2528 3138 2873 3215 utramque
2902 3136 3342 3216 praefationem
3374 3160 3500 3203 suo
3527 3143 3681 3207 loco

378 3236 696 3309 naturali,
754 3235 814 3295 id
875 3240 993 3310 est,
1044 3236 1231 3296 initio
1260 3236 1474 3314 operis
1506 3282 1521 3309 ,
1568 3238 1755 3315 primi
1811 3237 2171 3317 posuimus.
2229 3238 2467 3299 Eadem
2516 3254 2719 3317 pr0pe
2772 3240 2940 3301 ratio
2998 3258 3115 3303 nos
3174 3233 3429 3321 impulit
3481 3252 3561 3307 ut
3607 3248 3677 3325 in

377 3342 622 3400 tomum
670 3338 949 3417 primum
1000 3338 1496 3401 transferremus
1528 3340 1688 3402 duas
1730 3342 1801 3400 D.
1838 3342 2181 3421 Augustini
2211 3341 2417 3414 Vitas,
2451 3356 2733 3419 quarum
2779 3343 2961 3421 prior
2991 3360 3027 3405 a
3061 3345 3174 3405 PP.
3231 3346 3677 3411 Benedictinis

374 3435 451 3499 ad
476 3437 715 3499 calcem
752 3438 904 3497 tomi
937 3437 1188 3512 decimi,
1226 3439 1547 3516 posterior
1568 3458 1722 3500 vero
1753 3459 1963 3519 usque
1997 3442 2076 3503 ad
2112 3446 2353 3502 tomum
2384 3441 2795 3503 undecimum
2822 3444 3107 3524 relegata
3136 3450 3253 3507 est.
3281 3446 3484 3508 Nemo
3506 3450 3677 3512 inﬁ—

374 3540 653 3603 ciabitur
681 3540 872 3603 hasce
914 3545 1241 3619 gestorum
1290 3542 1622 3619 scriptoris
1681 3543 2088 3604 narrationes
2131 3562 2277 3605 esse
2321 3541 2644 3620 quoddam
2687 3542 3079 3620 prmiationis
3110 3565 3315 3625 genus
3345 3566 3422 3611 ea
3446 3556 3674 3613 mente

371 3645 748 3705 contextum
774 3686 791 3715 ,
844 3646 918 3702 ut
945 3642 1295 3720 anticipata
1322 3642 1651 3705 variarum
1680 3642 2319 3707 circumstantiarum
2355 3645 2772 3715 revelatione,
2825 3645 3095 3709 lectores
3143 3648 3221 3708 ad
3278 3650 3545 3715 intimos
3605 3659 3669 3714 et

370 3742 559 3822 quasi
612 3748 1029 3823 generatores
1088 3744 1303 3822 operis
1359 3761 1590 3805 sensus
1657 3744 1788 3823 jam
1843 3749 1979 3807 tum
2023 3746 2385 3808 initientur.
2434 3746 2620 3808 Haud
2675 3746 2865 3808 alit'sr
2924 3750 3291 3813 sentiebant
3354 3753 3481 3832 ipsi
3547 3756 3668 3817 PP.

371 3842 790 3916 Benedictini,
815 3848 887 3905 ut
918 3848 1241 3906 testantur
1271 3844 1479 3922 prima
1507 3846 1702 3907 verba
1737 3845 2200 3908 Admonitionis
2244 3844 2739 3907 Confessionum
2787 3846 2970 3909 libris
3007 3853 3367 3928 praeposita
3399 3873 3414 3911 :
3449 3878 3479 3911 α
3508 3856 3672 3931 Quae

374 3966 403 4001 α
434 3960 657 4018 causa,
690 3944 1025 4022 inquiunt,
1052 3943 1199 4005 fecit
1228 3949 1299 4004 ut
1331 3945 1663 4022 scriptoris
1695 3947 2011 4025 cujusque
2029 3948 2179 4009 Vita
2205 3946 2563 4007 emittendis
2593 3946 2658 4007 in
2680 3948 3009 4026 publicum
3031 3950 3170 4031 ejus
3204 3953 3385 4015 libris
3419 3958 3671 4020 solem-

372 4066 403 4100 α
441 4044 506 4105 ni
530 4060 710 4105 more
757 4042 1219 4123 praeﬁgeretur,
1249 4043 1474 4104 eadem
1503 4044 1693 4105 etiam
1726 4047 1966 4124 primos
1999 4046 2060 4107 S.
2110 4046 2455 4126 Augustini
2496 4064 2766 4125 operum
2798 4049 3073 4112 editores
3098 4052 3266 4113 haud
3301 4053 3498 4119 dubie
3530 4075 3671 4119 mo-

372 4165 405 4202 α
442 4144 572 4218 vit,
626 4150 699 4205 ut
726 4142 1180 4206 Confessiones
1232 4144 1434 4223 ipsius
1494 4146 1710 4207 statim
1741 4153 1887 4226 post
1931 4149 2484 4210 Retractationum
2521 4149 2800 4212 libros...
2832 4151 2898 4212 in
2924 4157 3097 4214 tomo
3126 4156 3337 4232 primo
3366 4160 3669 4223 colloca—

370 4269 403 4304 α
434 4253 601 4309 rent.
640 4246 867 4327 Nempe
896 4247 1153 4309 interest
1170 4246 1517 4325 plurimum
1561 4255 1631 4307 ut
1663 4250 1945 4310 auctoris
1978 4250 2247 4329 genium,
2281 4250 2511 4319 studia,
2542 4268 2764 4320 mores,
2799 4252 3197 4331 probitatem,
3224 4257 3423 4337 ﬁdem,
3458 4262 3669 4324 σιίαε-

372 4374 403 4410 «
436 4367 551 4433 que
599 4348 771 4411 dotes
817 4357 1178 4429 perspectas
1233 4347 1448 4410 habeat
1494 4350 1604 4430 qui
1650 4350 1781 4431 ejus
1833 4351 2074 4431 scripta
2133 4370 2271 4413 cum
2325 4352 2669 4432 voluptate,
2718 4362 2847 4414 tum
2886 4358 3187 4438 profectu
3229 4360 3556 4442 perlegere
3596 4366 3665 4426 in

372 4478 401 4511 α
434 4452 707 4515 animum
745 4449 1013 4513 inducit.
1042 4471 1072 4507 ››
1109 4450 1260 4512 Post
1295 4450 1488 4512 talem
1517 4450 2019 4513 declarationem
2054 4498 2071 4528 ,
2123 4451 2379 4514 difﬁcile
2438 4453 2858 4534 intelligimus
2902 4460 3323 4534 quamobrem
3380 4469 3668 4545 propria:

368 4555 629 4620 editioni
661 4554 872 4617 Vitam
903 4554 965 4615 S.
1008 4553 1300 4615 Doctoris
1330 4555 1445 4615 PP.
1469 4554 1859 4616 Benedictini
1892 4573 2020 4616 non
2048 4554 2468 4635 prwﬁxerint,
2502 4558 2859 4635 praesertim
2884 4576 2967 4620 ex
2991 4561 3291 4624 omnibus
3323 4564 3467 4644 ejus
3498 4569 3665 4629 scri-

366 4657 493 4737 ptis
527 4655 1001 4719 concinnatam.
1024 4655 1193 4716 Nulli
1242 4655 1441 4734 igitur
1468 4657 1809 4717 molestum
1847 4656 1980 4719 fore
2015 4662 2318 4737 putamus
2350 4658 2402 4720 si
2453 4658 2519 4719 in
2553 4658 2651 4721 his
2681 4664 2743 4721 et
2771 4660 2838 4722 in
2873 4662 3261 4739 quibusdam
3300 4668 3448 4731 aliis
3481 4670 3666 4750 ejus-

367 4759 511 4821 dem
538 4764 786 4819 naturaa
811 4801 827 4831 ,
860 4756 967 4818 sed
992 4757 1519 4835 perpaucissimis
1544 4802 1560 4829 ,
1592 4762 1654 4818 et
1681 4757 1757 4818 de
1793 4760 2030 4836 quibus
2061 4761 2269 4822 obiter
2299 4762 2727 4837 monebimus,
2754 4763 3237 4829 discesserimus
3288 4773 3371 4832 ab
3399 4772 3657 4854 inclytis

366 4861 662 4934 ducibus,
694 4876 972 4939 quorum
1004 4859 1294 4937 alioquin
1326 4858 1591 4937 vestigia
1625 4876 1742 4919 nos
1790 4859 2093 4938 religiose
2127 4862 2387 4924 trivisse
2432 4864 2807 4942 gloriamur.

446 5000 520 5062 N.
554 5000 623 5060 B.
660 4999 718 5059 1°
746 4998 1111 5060 Lectionum
1158 4999 1486 5061 varietates
1522 5018 1657 5079 quae
1702 4998 1837 5061 PP.
1889 5002 2331 5064 Benedictinos
2373 5004 2651 5082 primum
2705 5006 3052 5088 effugerant
3082 5057 3098 5079 ,
3138 5020 3362 5085 textui,
3416 5024 3486 5079 ut
3515 5017 3643 5098 ipsi

368 5100 653 5168 suadent.
680 5099 1013 5180 aliquoties
1043 5100 1544 5169 intertexuimus,
1562 5100 1780 5181 priori
1807 5120 2019 5163 eorum
2047 5103 2311 5165 lectione
2340 5103 2506 5165 hisce
2528 5107 2779 5169 uncinis
2804 5112 2823 5186 [
2935 5112 3249 5192 ]signata.

446 5249 523 5313 N.
566 5250 639 5311 Β.
674 5248 737 5310 2·
794 5248 981 5325 Quod
1005 5247 1061 5309 si
1100 5248 1349 5329 quando
1402 5256 1639 5310 textum
1689 5250 1928 5332 qualem
1983 5250 2268 5313 habemus
2298 5273 2336 5314 α
2378 5253 2510 5315 ΡΡ.
2546 5256 2978 5320 Benedictinis
3020 5264 3462 5330 concinnatum
3512 5277 3655 5331 tan-

370 5355 569 5435 tisper
606 5352 929 5414 immutare
956 5350 1157 5412 visum
1186 5358 1298 5418 est,
1324 5352 1651 5433 propriam
1682 5370 1891 5413 eorum
1922 5353 2244 5414 lectionem
2283 5356 2497 5433 ferunt
2548 5356 2986 5422 adnotationes
3015 5361 3181 5425 hisce
3204 5366 3425 5447 signis,
3458 5369 3529 5433 In
3557 5369 3652 5441 B.,

369 5454 703 5518 distincta.
943 5453 1028 5513 Μ.
1066 5452 1151 5534 (1)

436 5620 515 5685 (t)
539 5627 861 5686 Quaecumque
893 5626 972 5671 PP.
1007 5621 1425 5675 Benedictinorum
1444 5621 1645 5675 editioni
1666 5624 2011 5689 addiderimus,
2034 5625 2185 5678 hocce
2209 5628 2367 5690 signo,
2396 5635 2472 5688 Μ..
2494 5628 2875 5695 distinguentur.
