3874 6328
209 308 300 315 ...Δ
327 300 354 308 α’
479 306 595 313 ...α-ιο-
608 302 1066 314 _~_——.--s—._.—-—..A—
1079 306 1104 311 -ξ
1121 306 1130 311 .
1145 303 1348 312 ..ο-.--φςς-ε
1359 303 1545 311 -——.—-——.
1584 304 1691 318 "9-
1763 308 1767 310 -
1788 303 2054 314 *ῌυ-ῇυδι
2065 307 2544 318 --——-.-‘4.~.——.—.-.~_‘_.
2668 301 2757 309 7.-
2949 304 2957 309 -
3126 317 3133 321 >
3216 308 3227 314 ι

211 334 556 344 ,_____
597 332 2704 346 ____,__._____.__________...____.________._._
2838 300 3400 355 nm

988 492 1148 600 IN
1250 492 1937 601 TERTIUM
2037 496 2563 603 TOMUM

1426 714 2094 927 ἦβϊᾱϊᾱίἱο.

1560 998 1970 1034 ψ

240 1089 364 1146 Cum
410 1088 689 1144 scientiam
716 1094 1015 1143 sanctarum
1040 1087 1429 1161 Scripturarum
1450 1131 1466 1156 ,
1510 1104 1610 1145 ceu
1655 1099 1829 1145 castas
1867 1091 2059 1145 animm
2087 1103 2198 1144 suae
2240 1089 2458 1147 delicias
2490 1090 2747 1162 (Confess.
2776 1092 2863 1146 lib.
2896 1093 2983 1159 11,
3012 1110 3056 1148 ο.
3084 1091 3165 1164 ‘2),
3192 1094 3259 1149 ab
3285 1097 3415 1153 inito

182 1184 385 1240 maxime
410 1181 710 1237 sacerdotio
737 1197 893 1236 unam
924 1182 1213 1237 excoluerit
1242 1182 1596 1253 Augustinus;
1628 1199 1805 1252 operte
1848 1184 2075 1253 pretium
2105 1196 2217 1239 erat
2239 1226 2255 1251 ,
2289 1192 2344 1239 ut
2382 1185 2449 1239 ab
2479 1186 2592 1255 ipso
2632 1188 2806 1240 statim
2852 1187 3030 1242 limine
3080 1188 3261 1257 primis
3305 1191 3420 1261 ejus

183 1276 366 1347 scriptis
384 1286 435 1331 et
454 1275 697 1345 epistolis
722 1274 1066 1330 succederent
1086 1291 1251 1332 sacrae
1278 1276 1442 1345 ipsius
1463 1276 1959 1342 commentationes,
1992 1287 2045 1331 et
2067 1286 2210 1331 recto
2231 1278 2440 1348 quidem
2458 1294 2519 1333 ac
2542 1280 2762 1333 naturali
2786 1280 2969 1335 ordine
2988 1280 3422 1350 disponerentur.

182 1369 324 1437 Nam,
369 1370 412 1423 si
462 1370 627 1424 libros
656 1369 978 1440 poletnicos,
1030 1369 1120 1441 qtti
1160 1369 1417 1425 adversus
1446 1369 1795 1433 Mauichaeos,
1848 1370 2183 1439 Donatistas,
2230 1372 2578 1442 Pelagianos,
2626 1374 2862 1445 aliosque
2915 1376 3191 1432 lmu‘eticos
3242 1378 3310 1429 ah
3355 1394 3422 1433 eo

182 1460 436 1530 conscripti
462 1468 603 1525 sunt,
638 1460 689 1514 in
709 1476 863 1515 unam
881 1462 1105 1516 classem
1132 1461 1362 1517 editores
1388 1460 1745 1517 studiosorum
1771 1461 1939 1531 gratia
1969 1462 2337 1532 digesserunt;
2365 1464 2499 1518 idem
2528 1480 2655 1521 sane
2673 1467 2723 1520 iu
2750 1468 3042 1536 Exegeticis
3067 1472 3424 1538 praestandum

184 1562 302 1617 erat,
349 1551 488 1622 quod
518 1553 569 1605 in
600 1553 941 1607 recensendis
983 1553 1261 1619 Patribus,
1315 1554 1627 1615 Ambrosio.
1660 1551 1954 1623 Gregorio,
1999 1555 2221 1626 aliisque
2269 1572 2437 1625 nuper
2485 1556 2678 1611 factum
2707 1569 2807 1613 est.
2842 1557 2893 1612 Id
2946 1560 3086 1613 enim
3132 1576 3233 1613 non
3266 1561 3424 1616 modo

185 1645 449 1716 argumenti
497 1644 759 1714 dignitas,
806 1644 900 1700 sed
947 1645 1105 1699 etiam
1146 1646 1351 1715 piorum
1402 1646 1655 1699 lcctorttm
1703 1659 1896 1709 causa,
1950 1648 2037 1715 qui
2068 1648 2416 1717 Augustinum
2450 1648 2518 1702 de
2564 1649 2758 1702 sanctis
2812 1648 3027 1705 Litteris
3070 1650 3419 1707 disserentem

189 1739 453 1793 auscultare
478 1748 693 1801 amant,
728 1736 995 1806 postulare
1022 1736 1333 1801 videbatur;
1366 1745 1421 1791 ut
1446 1737 1718 1806 dispositis
1744 1753 1809 1793 ex
1835 1737 2022 1792 ordine
2057 1737 2343 1807 Scripturis
2364 1778 2378 1803 ,
2411 1739 2689 1792 continuas
2715 1738 2884 1795 sancti
2930 1740 3166 1796 Doctoris
3207 1742 3423 1810 exposi-

190 1829 329 1885 tiones
357 1830 408 1884 in
436 1838 681 1899 promptu
714 1828 994 1884 haberent.
1036 1829 1169 1883 Hinc
1195 1837 1278 1883 est
1303 1828 1443 1899 quod
1469 1843 1587 1882 cum
1619 1829 1734 1882 isltI:
1764 1828 1988 1883 antehac
2008 1828 2069 1882 in
2110 1828 2364 1899 quasdam
2397 1828 2554 1882 veluti
2583 1828 2803 1884 lacinias
2829 1830 3142 1886 inconcinne
3166 1830 3385 1886 divulsm
3403 1872 3421 1899 ,

187 1938 234 1976 ac
249 1921 487 1990 dispersa:
510 1931 753 1976 extarent
784 1937 877 1991 per
906 1922 1081 1975 varios
1107 1919 1229 1974 hinc
1253 1919 1373 1974 inde
1405 1928 1608 1985 tomos;
1642 1935 1732 1975 eas
1761 1920 1813 1975 in
1842 1936 2003 1975 unum
2032 1921 2243 1974 demum
2276 1920 2540 1975 adducere
2565 1921 2737 1976 visunt
2764 1930 2845 1977 est
2864 1963 2879 1988 ,
2921 1937 2989 1977 ne
3018 1922 3103 1978 illa
3144 1939 3265 1993 pars
3306 1940 3425 1995 quas

188 2015 388 2085 potiores
423 2014 521 2068 sibi
548 2029 701 2069 curas
726 2055 743 2081 ,
787 2014 1150 2082 majoremque
1174 2011 1486 2087 religionem
1517 2013 1706 2067 merito
1740 2013 2072 2077 vindicabat,
2128 2020 2377 2082 tanquam
2421 2012 2598 2069 minus
2626 2028 2657 2068 a
2694 2012 2846 2069 nobis
2875 2024 3057 2069 curata
3100 2014 3417 2085 haberetur,

186 2108 219 2159 si
240 2105 581 2176 perturbatum
608 2115 662 2161 et
686 2106 962 2161 confusum
993 2104 1324 2176 superiorum
1351 2105 1642 2161 editionum
1665 2104 1904 2160 ordinem
1935 2105 2306 2159 retineremus.

244 2200 555 2269 Quapropter
574 2242 588 2267 ,
612 2215 730 2269 quze
761 2198 1039 2269 Augustini
1065 2199 1115 2252 in
1142 2213 1318 2253 sacras
1345 2198 1573 2253 Litteras
1601 2198 1989 2253 lucubrationes
2015 2197 2066 2250 in
2100 2198 2287 2264 tertio,
2314 2207 2502 2268 quarto
2526 2214 2590 2254 ac
2618 2213 2759 2254 nono
2788 2206 2933 2255 tomo
2956 2199 3222 2256 distracta":
3242 2213 3413 2271 erant,

187 2302 261 2340 eas
279 2289 321 2340 in
346 2288 445 2342 hoc
482 2289 728 2343 volumen
754 2304 852 2359 pro
877 2288 1015 2344 serie
1058 2288 1267 2343 Veteris
1313 2304 1375 2345 ac
1406 2288 1539 2345 Novi
1570 2289 1894 2345 Tcstamenti
1920 2289 2161 2343 ordinate
2181 2289 2539 2359 conjecimus;
2570 2291 2859 2361 prtemissis
2891 2292 2942 2347 in
2970 2290 3147 2349 fronte
3176 2294 3324 2350 libris
3350 2294 3419 2352 de

186 2379 403 2435 Doctrina
423 2378 718 2435 Christiana
736 2422 750 2445 ,
783 2396 901 2449 quae
924 2381 1085 2436 veluti
1118 2381 1284 2437 clavis
1309 2390 1469 2453 atque
1496 2397 1582 2436 ars
1612 2392 1694 2437 est
1713 2394 1859 2438 recte
1885 2382 2267 2451 interpretandi
2296 2384 2518 2438 rationis
2542 2425 2555 2447 ,
2589 2400 2747 2453 quam
2785 2385 3024 2441 adhibuit
3052 2386 3378 2457 Augustinus
3399 2431 3416 2457 ,

189 2482 232 2527 et
265 2481 375 2542 post
399 2488 517 2528 eum
544 2473 793 2528 catholici
818 2484 1281 2530 commentatores.
1311 2474 1460 2530 Hunc
1487 2484 1665 2531 autem
1700 2475 1939 2529 ordinem
1970 2476 2111 2530 nulla
2139 2492 2267 2532 sane
2292 2478 2676 2548 singularitatis
2700 2478 3033 2538 aﬂ’ectatione
3060 2481 3382 2541 instituimus
3403 2528 3418 2553 ,

190 2562 264 2617 sed
296 2565 517 2618 virorum
549 2565 876 2619 eruditorum
905 2565 1166 2633 consilio,
1210 2575 1367 2635 atque
1416 2566 1594 2620 animo
1619 2564 1837 2635 juvandi
1884 2566 2112 2622 lectores
2153 2568 2503 2634 christianos,
2554 2571 2645 2639 qui
2684 2570 2989 2629 reconditos
3027 2573 3421 2644 Scripturarum

193 2668 347 2709 sensus
373 2671 438 2711 ex
468 2656 681 2711 Patrum
726 2656 1007 2712 traditione
1033 2657 1346 2728 depromere
1369 2673 1432 2713 ac
1457 2658 1663 2713 discere
1691 2658 1924 2723 malunt,
1958 2674 2114 2729 quam
2154 2674 2220 2713 cx
2262 2659 2410 2715 libris
2441 2663 2800 2719 recentiorum
2828 2674 3105 2722 auctorum
3127 2711 3141 2735 ,
3174 2671 3274 2724 rati
3306 2672 3421 2741 plus

185 2742 359 2798 latentis
396 2744 644 2801 efﬁcaciae
673 2746 1010 2819 emlestisque
1029 2748 1253 2805 virtutis
1272 2748 1376 2804 illis
1408 2747 1583 2805 inesse
1602 2788 1617 2816 ,
1646 2750 1735 2819 qui
1764 2747 1831 2803 ad
1858 2749 2001 2820 ipsos
2028 2749 2203 2806 fontes
2227 2752 2445 2822 propius
2468 2752 2762 2823 accedunt,
2792 2771 2897 2812 non
2938 2759 3108 2814 solum
3140 2769 3377 2832 tempore
3398 2806 3413 2832 ,

185 2836 261 2890 sed
280 2838 425 2892 etiam
451 2839 750 2895 sanctitate.

240 2931 352 2986 Cum
391 2934 530 2988 enim
564 2934 853 3005 Scriptum
894 2950 1060 2992 sacrae
1089 2937 1350 3009 expositio
1371 2935 1423 2992 in
1452 2935 1656 2992 duabus
1682 2936 1911 2992 maxime
1952 2937 2188 3007 partibus
2213 2938 2503 3005 consistat,
2534 2940 2783 2997 nimirum
2815 2940 2867 2997 in
2907 2959 3035 2999 vero
3059 2954 3417 3021 germanoque

183 3040 310 3078 sensu
338 3028 592 3083 eliciendo
611 3072 626 3096 ,
657 3030 784 3085 etin
809 3031 1099 3086 excitandis
1126 3031 1193 3085 ad
1216 3032 1465 3101 pietatem
1494 3030 1750 3086 lectorum
1773 3032 1999 3097 animis;
2036 3032 2107 3085 ita
2136 3034 2428 3100 comparati
2460 3040 2583 3087 sunt
2609 3035 2816 3104 piorum
2847 3035 3232 3109 doctorumque
3258 3044 3418 3101 simul

183 3117 414 3174 hominum
462 3122 699 3192 plerique
722 3167 737 3193 ,
770 3134 827 3179 ut
852 3141 954 3180 non
976 3125 1147 3179 solum
1177 3124 1295 3195 plus
1317 3126 1485 3179 valeat
1504 3124 1641 3195 apud
1668 3139 1760 3180 eos
1786 3134 2023 3180 veterum
2045 3141 2200 3196 quam
2229 3128 2581 3181 recentiorum
2610 3131 2896 3185 auctoritas
2917 3173 2931 3197 ,
2960 3132 3051 3187 sed
3074 3134 3229 3187 etiam
3262 3134 3417 3206 longe

182 3214 368 3280 amplius
392 3217 442 3269 in
477 3214 567 3271 Dei
596 3215 797 3271 cultum
828 3226 879 3270 et
923 3231 1159 3270 antorem
1189 3231 1256 3271 ex
1297 3216 1509 3271 illorum
1554 3215 1778 3270 lectione
1825 3215 2227 3271 accendantur:
2259 3217 2373 3271 sive
2422 3216 2473 3272 id
2504 3218 2710 3273 oriatur
2751 3235 2815 3275 ex
2869 3221 3022 3275 insita
3072 3227 3414 3283 veneratione

184 3305 406 3373 majorum
430 3350 444 3373 ,
468 3310 581 3364 sive
609 3324 678 3362 ex
706 3308 907 3363 caelesti
930 3307 1153 3378 quadam
1180 3308 1374 3362 virtute
1400 3322 1581 3361 eorum
1613 3306 1760 3361 libris
1784 3306 1954 3361 infusa
1975 3349 1990 3375 ,
2013 3317 2173 3378 atque
2204 3322 2268 3362 ex
2313 3308 2541 3377 quodam
2569 3310 2809 3379 genuina:
2839 3312 3135 3368 sanctitatis
3162 3328 3321 3370 succo
3364 3327 3418 3372 et.

182 3406 338 3462 gustu,
364 3401 451 3470 qui
480 3416 545 3455 ex
578 3416 761 3455 eorum
793 3400 1004 3469 scriptis
1044 3398 1349 3468 percipitur.
1384 3398 1499 3453 Etsi
1527 3413 1684 3468 porro
1724 3397 1777 3452 in
1806 3397 2122 3468 explicando
2167 3412 2329 3452 sensu
2362 3397 2573 3452 litterali
2602 3415 2695 3454 seu
2735 3402 3117 3471 gramntaticali
3164 3405 3418 3462 nonnulla

182 3486 352 3545 felicius
392 3495 616 3548 assecuti
657 3494 764 3548 sint
794 3492 1119 3547 recentiores
1145 3491 1391 3562 quidam,
1436 3505 1593 3561 quam
1625 3498 1866 3556 veteres;
1899 3490 2066 3559 magis
2112 3498 2289 3544 tamen
2335 3489 2400 3543 ad
2430 3488 2781 3545 roborandam
2819 3492 2975 3547 tidem
3025 3493 3331 3549 conducunt
3359 3495 3417 3552 hi

183 3595 308 3648 quam
332 3585 398 3638 illi
426 3604 439 3639 :
470 3596 524 3639 at
554 3586 595 3639 si
637 3584 925 3640 recondita:
968 3583 1180 3652 pietatis
1209 3596 1422 3637 sensum
1454 3581 1504 3635 in
1534 3582 1769 3650 utrisque
1794 3595 2075 3649 compares
2099 3620 2113 3645 ,
2142 3579 2198 3633 in
2237 3579 2389 3634 novis
2419 3595 2554 3649 pene
2580 3581 2848 3636 emarcida
2890 3590 2945 3637 et
2987 3582 3244 3653 languens
3273 3585 3419 3655 jacet

183 3674 484 3747 intelligentia
515 3679 907 3748 Scripturarum
935 3694 949 3743 ;
984 3676 1034 3730 in
1063 3675 1293 3746 antiquis
1333 3689 1487 3729 sacro
1515 3673 1785 3727 charitatis
1815 3672 1937 3742 igne
1965 3686 2220 3726 succensa
2246 3670 2454 3725 animos
2481 3672 2768 3742 legentium
2813 3672 2955 3729 fovet
2984 3690 3048 3729 ac
3076 3686 3302 3730 recreat.
3356 3677 3413 3732 Id

184 3781 286 3824 Sane
308 3774 525 3842 experiri
557 3774 679 3828 licet
706 3772 970 3843 praecipue
1001 3770 1055 3824 in
1079 3769 1401 3840 Augustino,
1431 3769 1538 3823 imo
1569 3766 1769 3835 experti
1799 3773 1923 3820 sunt
1948 3765 2267 3835 quicumque
2296 3762 2533 3817 sedulam
2560 3764 2677 3833 ejus
2704 3766 3098 3820 commentariis
3118 3782 3180 3821 ac
3202 3768 3415 3837 scriptis

184 3875 405 3921 navarunt
439 3883 679 3938 operam.
717 3865 879 3931 Nam,
921 3864 965 3919 si
992 3862 1216 3919 docendi
1256 3870 1379 3916 sunt
1404 3860 1629 3914 lectores
1654 3898 1669 3923 ,
1708 3858 1835 3911 sicut
1865 3856 1942 3910 sol
1969 3856 2021 3908 in
2049 3855 2237 3908 lumine
2258 3853 2451 3907 excedit
2480 3869 2649 3909 omnes
2684 3855 2941 3924 planetas,
2972 3857 3043 3910 ita
3085 3858 3395 3927 Augustinus

183 3967 321 4010 omnes
346 3961 549 4014 excessit
576 3960 629 4014 in
659 3958 955 4029 exponendo
997 3973 1169 4011 sacras
1201 3952 1494 4024 Scripturas
1515 3994 1529 4017 ,
1562 3951 1731 4020 inquit
1778 3949 2049 4023 Remigius
2100 3944 2582 4001 Autissiodurensis
2616 3947 2934 4017 (Comment.
2964 3949 3014 4002 in
3043 3948 3106 4002 11
3131 3949 3296 4023 Cor.).
3345 3951 3400 4006 Si

182 4054 508 4109 commovendi
541 4064 593 4109 et
617 4052 878 4109 excitandi
906 4061 1030 4106 sunt
1072 4048 1363 4118 legentium
1393 4045 1646 4111 aﬂ‘ectus,
1680 4043 1852 4096 nullus
1880 4041 1931 4094 id
1971 4039 2191 4094 suavius
2230 4046 2285 4094 et
2327 4038 2593 4094 efﬁcacius
2623 4049 2835 4109 praestat
2870 4057 3025 4112 quam
3068 4045 3408 4120 Augustinus.

184 4138 393 4199 Probavit
431 4148 531 4200 hoc
552 4147 664 4215 jam
706 4144 830 4200 olim
863 4142 1172 4212 Fulgentius
1204 4139 1333 4194 tanti
1364 4137 1591 4207 Magistri
1622 4134 1940 4203 discipulus,
1970 4132 2059 4201 qui
2094 4130 2177 4183 ubi
2205 4131 2373 4183 omnia
2392 4145 2505 4201 quis
2542 4131 2637 4184 sibi
2660 4132 2787 4186 dura
2816 4133 3109 4186 videbantur
3145 4147 3376 4205 expertus
3396 4178 3412 4203 ,

183 4234 397 4303 adjutorio
422 4240 601 4311 gratiae
648 4236 927 4309 spiritualis
973 4233 1219 4289 uoluntati
1259 4247 1364 4285 sua:
1408 4230 1560 4283 sensit
1608 4236 1872 4297 suppetere
1915 4223 2248 4296 facultatem;
2290 4222 2422 4277 beati
2466 4225 2737 4295 Augustini
2784 4228 3075 4296 exponentis
3103 4228 3413 4300 trigesimum

186 4344 342 4389 sertum
368 4335 627 4391 Psalmum
653 4333 995 4407 disputatione
1020 4329 1355 4385 commonitus
1376 4336 1421 4382 et
1442 4333 1771 4394 compunctus
1788 4363 1803 4389 ,
1834 4320 2087 4392 publicare
2109 4336 2257 4374 suum
2278 4318 2452 4374 statuit
2477 4329 2643 4374 votum
2674 4317 2765 4391 (In
2791 4321 2892 4375 vita
2930 4319 2991 4375 S.
3028 4320 3184 4394 Fulg.
3219 4341 3332 4394 cap.
3357 4323 3412 4395 ’5)

186 4425 299 4492 Quod
319 4427 378 4483 de
409 4428 701 4485 monastieo
732 4425 972 4482 instituto
1001 4430 1334 4492 conceperat.

242 4521 328 4579 llas
346 4536 516 4580 autem
542 4522 708 4579 sancti
733 4520 972 4576 Doctoris
1000 4519 1055 4573 iit
1080 4515 1409 4587 exponendis
1434 4512 1720 4583 Scripturis
1742 4512 1892 4565 dotes
1919 4508 1989 4564 ita
2017 4522 2307 4578 suspexere
2332 4522 2437 4563 non
2468 4507 2626 4563 modo
2657 4510 2873 4578 posteri,
2904 4526 3087 4565 verum
3110 4512 3268 4568 etiam
3296 4515 3413 4584 ejus

185 4616 375 4683 mquales
394 4658 407 4681 ,
438 4626 497 4672 ut
524 4615 591 4669 ad
624 4615 793 4687 ipsum
823 4614 872 4667 in
897 4612 1138 4668 obscuris
1167 4625 1227 4664 ac
1256 4607 1429 4663 dubiis
1456 4606 1615 4670 locis,
1655 4612 1902 4674 tanquam
1928 4601 1993 4655 ad
2023 4600 2241 4657 caeleste
2268 4599 2541 4655 oraculum
2563 4643 2577 4665 ,
2610 4602 2787 4655 missis
2817 4602 3054 4671 epistolis
3081 4604 3415 4677 confugerint

186 4703 514 4777 Simplicianus
550 4706 988 4773 Mediolanensis,
1034 4703 1284 4759 Paulinus
1314 4701 1557 4755 Nolensis
1579 4742 1592 4763 ,
1623 4697 1853 4752 Evodius
1891 4696 2164 4753 Uzalensis
2202 4696 2466 4751 antistites
2496 4714 2509 4750 :
2539 4697 2647 4752 imo
2672 4698 2736 4752 ad
2764 4698 3007 4753 eumdem
3039 4700 3259 4757 Orosius
3294 4719 3416 4773 pre-

188 4796 367 4869 sbyter,
394 4803 459 4856 ab
486 4800 668 4855 ultima
698 4800 943 4870 Hispania
962 4838 976 4860 ,
1017 4797 1132 4851 solo
1159 4802 1457 4849 sanctarum
1481 4790 1869 4861 Scripturarum
1898 4790 2089 4844 ardore
2125 4788 2478 4843 inﬂammatus
2508 4788 2781 4845 advenerit
2808 4790 3053 4864 (August.
3086 4795 3232 4864 epist.
3272 4796 3373 4850 169
3395 4839 3411 4863 ,

187 4888 345 4961 n.15).
384 4890 513 4946 Hinc
540 4891 891 4960 Augustinum
918 4887 1100 4943 Audax
1128 4883 1410 4939 Oraculum
1438 4883 1567 4953 legis
1592 4880 1822 4950 appellat
1846 4879 2037 4951 (Epist.
2066 4880 2192 4933 inter
2216 4880 2429 4950 August.
2458 4878 2585 4949 260)
2608 4896 2623 4945 ;
2652 4882 2944 4952 asseritquc
2970 4883 3284 4939 Volusianus
3311 4886 3413 4954 legi

191 4977 381 5047 deesse,
426 4982 681 5054 quidquid
718 4981 997 5049 contigerit
1021 4979 1087 5033 ab
1126 4994 1192 5034 eo
1236 4976 1463 5048 ignorari
1506 4973 1664 5047 (Ibid.
1696 4973 1817 5039 135,
1850 4990 1903 5027 η.
1940 4972 2018 5042 2).
2050 4972 2153 5028 Sed
2202 4973 2327 5027 illud
2358 4973 2411 5028 in
2452 4974 2636 5042 primis
2663 4976 3128 5033 commendatione
3157 4979 3369 5048 dignum
3392 5018 3409 5044 ,

190 5074 303 5140 quod
342 5092 439 5131 non
464 5087 666 5132 tantum
699 5076 885 5146 privati
927 5073 1222 5129 doctissimi
1271 5071 1464 5141 quique
1511 5067 1755 5122 homines
1780 5108 1795 5130 .
1845 5065 1938 5120 sed
1984 5066 2094 5129 ipsa
2126 5065 2390 5131 Concilia,
2422 5065 2628 5121 scilicet
2669 5066 2928 5123 Numidiae
2966 5080 3019 5123 et
3047 5070 3410 5140 Carthaginis,

192 5167 483 5223 sanctissimo
511 5170 724 5225 Ductori
744 5212 759 5237 ,
792 5180 1040 5240 tanquam
1072 5165 1328 5222 canonico
1353 5163 1662 5233 interpreti,
1690 5175 1871 5215 sacras
1902 5160 2203 5228 Scripturas
2230 5161 2528 5230 exponendi
2553 5177 2732 5216 curam
2763 5173 2816 5217 et
2841 5162 3159 5233 provinciam
3185 5164 3413 5217 eommi«

193 5257 327 5311 scrint
353 5260 531 5333 (Epist.
560 5261 701 5327 215,
732 5279 786 5315 η.
817 5261 895 5334 lt),
927 5269 983 5315 ut
1028 5258 1168 5329 quod
1211 5257 1319 5329 jam
1365 5254 1539 5311 divina
1563 5251 1893 5323 providentia
1922 5251 2023 5322 ipsi
2052 5250 2310 5307 creditum
2339 5250 2541 5323 fuerat,
2575 5258 2734 5310 etiam
2772 5254 3093 5322 sull‘ragante
3118 5266 3183 5307 ac
3226 5264 3412 5324 postu-

197 5342 308 5403 lante
331 5350 551 5408 Ecclesia
580 5361 975 5424 exsequeretur.

252 5441 319 5496 Ad
345 5459 449 5500 eam
478 5462 605 5501 vero
636 5460 907 5501 sacrorum
950 5444 1225 5499 Librorum
1270 5438 1668 5511 intelligentiam
1700 5446 2017 5508 pervenerat
2046 5436 2135 5492 Vir
2163 5437 2531 5494 sanctissimus
2570 5436 2827 5509 itnprimis
2852 5437 2973 5492 vita:
3013 5437 3311 5510 integritate
3351 5456 3415 5494 ac

200 5534 405 5599 puritate.
433 5538 585 5595 Unde
612 5539 862 5594 Paulinus
883 5537 947 5592 ad
974 5538 1144 5607 ipsum
1177 5554 1190 5590 :
1223 5534 1410 5588 Lucere
1430 5550 1530 5587 non
1552 5531 1721 5586 dubito
1750 5540 1939 5586 sanctae
1962 5532 2145 5586 animo:
2173 5542 2291 5597 tute,
2324 5550 2437 5603 qua:
2462 5534 2525 5587 de
2550 5532 2800 5585 interioris
2830 5532 2963 5586 oculi
2991 5533 3205 5605 puritate
3232 5533 3415 5585 meruit

200 5620 567 5685 illuminttttonem
612 5629 836 5701 Spiritus
869 5628 1059 5695 sancti,
1112 5643 1200 5699 per
1226 5614 1368 5697 quem
1401 5623 1615 5679 scrutari
1657 5631 1702 5677 et
1732 5624 1972 5695 inspicere
2013 5624 2169 5695 possit
2210 5623 2315 5679 alia
2359 5623 2475 5678 Dei.
2505 5622 2694 5696 (Epist.
2745 5622 2876 5678 inter
2897 5624 3027 5695 Aug.
3064 5625 3184 5691 121,
3217 5641 3269 5678 η.
3301 5623 3413 5693 18).

202 5711 366 5775 Deinde
400 5736 508 5794 quae
553 5723 714 5792 ipsius
742 5731 856 5775 erat
902 5724 955 5774 in
997 5735 1199 5776 sacram
1225 5718 1548 5789 Scripturam
1577 5714 1760 5787 religio
1788 5726 1841 5774 et
1867 5721 2192 5787 reverentia,
2238 5725 2443 5775 tantum
2477 5717 2592 5776 eius
2630 5716 2807 5774 animo
2842 5716 3404 5799 venerationisincus-

438 5816 661 5878 Sutor.
699 5816 746 5875 A
758 5833 974 5876 UGL’ST.
1016 5814 1127 5873 Ill.
1642 5878 1651 5887 μ

1642 5878 1651 5887 ,
2903 5809 3129 5885 (ΠΜ.)
