3874 6318
463 269 528 325 ιι
1914 257 1993 314 Nl

2247 254 2310 314 Ο.
3678 258 3777 314 ii

460 391 641 446 serat,
686 387 743 436 ut
792 386 1051 451 perpetuo
1101 377 1384 432 miraretur
1428 372 1844 444 profunditatem
1909 372 2243 443 clequiorum
2305 372 2643 439 divinorum,
2687 383 2741 431 et
2793 373 2892 444 ipsi
2932 372 3129 430 horror
3171 383 3317 432 esset
3362 376 3641 431 intendere
3702 391 3778 431 ιη

469 492 587 532 eam
618 473 881 547 (Coufm.
913 473 1001 526 lib.
1034 471 1120 536 {2,
1150 487 1197 524 c.
1232 471 1341 543 14).
1374 470 1561 537 Unde,
1600 468 2050 561 quemadmodum
2082 470 2399 525 temerarius
2434 468 2832 561 Scripturaruru
2870 480 3137 527 scrutator
3163 471 3480 542 Opprimitur
3507 487 3536 526 a
3566 470 3771 542 gloria

464 569 646 644 (Prov.
677 584 815 633 xxv,
846 567 977 637 9.7);
1029 565 1107 620 sic
1134 579 1164 621 c
1190 565 1461 619 contrario
1505 558 1625 632 ejus
1661 562 1945 634 sp'eudore
1976 564 2089 631 ipse
2132 562 2408 633 rﬂigiosus
2437 558 2725 619 admirator
2752 573 2891 619 totzis
2936 565 3318 621 illustrabatur.
3372 566 3468 621 llis
3512 565 3777 621 accessit.

463 664 677 720 fervens
727 670 783 715 et
825 657 1146 713 indefessum
1181 656 1457 726 Augusdui
1487 656 1538 709 iu
1567 656 1780 710 easdem
1810 654 2107 724 Scripturas
2133 654 2401 723 studium,
2448 657 2581 711 adeo
2611 668 2666 712 ut
2693 666 2833 713 totus
2862 658 3222 715 inardesceret
3259 659 3507 716 mchtari
3538 660 3592 715 iu
3625 661 3769 730 lege

463 760 594 823 Dei,
623 759 891 827 uolictque
915 756 967 809 iu
992 752 1133 808 aliud
1163 752 1321 806 horas
1346 751 1619 816 difﬂuere.
1669 766 1804 821 quas
1830 766 1863 823 ρ
1894 752 2016 821 vita:
2060 749 2463 809 necessitatibus
2507 753 2701 808 liberas
2749 752 3050 809 inveniebat
3080 751 3329 826 (Coufm.
3384 752 3471 808 lib.
3498 754 3552 816 2,
3584 770 3630 807 c.
3659 752 3774 824 2).

462 850 587 907 ideo
622 866 741 905 eum
771 848 839 904 ad
879 858 1174 903 extremam
1213 846 1337 899 vitae
1367 844 1641 914 periodmu
1683 843 2047 914 pervenisset.
2092 859 2458 899 successorem
2503 845 2602 899 sibi
2656 845 2898 899 substitui
2951 847 3190 910 curavit,
3244 862 3348 916 quo
3380 846 3772 915 pastoralibus

460 945 608 1000 curis
633 941 945 1013 expeditus,
979 947 1119 993 totus
1150 938 1201 991 iu
1226 952 1342 991 eam
1372 936 1767 991 meditationem
1813 935 2114 997 intenderet
2136 936 2371 991 aniinuzn
2404 934 2595 1007 (Epist.
2623 934 2749 1002 9.15,
2780 953 2831 991 η.
2861 936 2951 1008 4);
2980 937 3129 1008 quasi
3155 952 3261 992 non
3287 937 3444 993 aliam
3466 978 3481 1003 ,
3515 937 3771 993 univer-

458 1047 538 1113 ξω
579 1031 830 1087 Eci-lesia:
868 1029 1038 1099 magis
1065 1027 1246 1085 utilem
1298 1026 1761 1103 necessu-immuto
1792 1041 2011 1098 operam
2052 1042 2247 1085 navare
2288 1039 2497 1099 posset.
2886 1076 2891 1083 .

537 1125 644 1182 Sed
690 1124 813 1180 huic
856 1120 1217 1195 intelligentize
1256 1120 1528 1195 cumulum
1560 1108 1875 1195 imposuisse
1902 1119 2150 1191 videntur
2173 1121 2291 1191 ejus
2336 1120 2568 1176 charitas
2606 1128 2663 1177 et
2706 1120 2988 1178 modestia.
3033 1120 3287 1179 Modestia
3334 1122 3531 1194 quippe
3576 1121 3772 1191 modo

452 1217 781 1301 imperitiam
806 1225 969 1286 alque
992 1213 1257 1268 inscitiam
1279 1227 1429 1285 suam
1454 1211 1751 1293 profitetur,
1787 1212 1945 1285 modo
1968 1212 2335 1283 expositiones
2360 1228 2485 1268 suas
2507 1213 2689 1270 timide
2721 1230 2814 1284 pro
2838 1213 3157 1283 coujccturis
3178 1215 3422 1285 proponit
3445 1232 3458 1269 :
3480 1224 3593 1281 tum
3616 1215 3778 1285 alios

458 1312 528 1391 ad
564 1312 816 1366 meliores
844 1306 1186 1363 inveniendus
1217 1304 1497 1371 hortatur;
1522 1313 1579 1375 et
1607 1305 1653 1361 si
1679 1305 1806 1377 quid
1834 1307 1948 1393 ipse
1976 1304 2289 1378 profecerit,
2319 1324 2423 1363 non
2456 1324 2565 1363 sua:
2597 1308 2763 1379 ipsius
2800 1308 3107 1376 industriae,
3140 1308 3233 1364 sed
3280 1310 3504 1367 aliorum
3537 1312 3772 1367 meritis

459 1414 516 1477 et
543 1404 869 1460 orationibus
899 1400 1133 1453 ascribit.
1168 1400 1405 1469 Denique
1433 1397 1665 1453 charitas
1694 1396 1887 1465 ellieit,
1923 1406 1979 1477 ut
2021 1400 2072 1454 in
2120 1398 2299 1455 varias
2328 1415 2446 1465 sese
2487 1398 2687 1455 formas
2715 1409 3034 1470 componat,
3056 1410 3110 1459 et
3135 1400 3199 1454 ad
3234 1415 3320 1457 res
3366 1401 3774 1475 tiiitiutissituas

453 1475 705 1571 hemittat
726 1537 741 1561 ,
771 1492 943 1564 qualis
970 1499 1056 1548 est
1082 1506 1429 1569 numerorum
1456 1492 1717 1573 cXpOsitio
1736 1533 1752 1557 ,
1786 1502 1843 1557 ut
1887 1475 2068 1569 scec'ul‘i
2096 1492 2175 1555 sui
2207 1492 2363 1563 genio
2388 1509 2450 1550 ac
2477 1494 2664 1550 studiis
2686 1508 2805 1550 sese
2842 1494 3228 1553 accommodet.
3260 1500 3391 1565 uage
3420 1509 3507 1551 res
3538 1503 3767 1549 tantum

461 1588 614 1642 abest
644 1595 700 1640 ut
726 1584 988 1643 minorem
1016 1580 1086 1661 de
1116 1581 1233 1653 ejus
1252 1581 1653 1637 commentariis
1678 1581 1979 1652 opinionem
2002 1597 2263 1659 generare
2283 1623 2297 1647 ,
2326 1585 2450 1655 quin
2473 1600 2537 1638 ex
2559 1585 2785 1639 adverso
2814 1585 3072 1652 majorem
3102 1584 3179 1639 eis
3204 1585 3432 1657 gratiam
3458 1585 3771 1641 conciliare

461 1679 686 1742 debeat;
723 1690 829 1747 quo
859 1673 1027 1745 magis
1055 1672 1265 1747 accedit
1290 1672 1357 1751 ad
1388 1673 1533 1727 illam
1564 1672 1839 1741 sapientia:
1868 1672 2059 1727 divina:
2083 1671 2302 1729 formam
2322 1714 2339 1741 ,
2383 1691 2501 1745 qute
2541 1676 2748 1731 rudium
2774 1685 2827 1731 ct
2856 1676 3223 1749 imperitorum
3270 1674 3546 1732 hominum
3587 1691 3772 1732 causa

456 1748 857 1849 tquodanuuodo
880 1781 1201 1841 puerascere
1232 1748 1339 1845 non
1367 1767 1597 1837 erubuit.
1627 1764 1740 1841 Non
1770 1781 1895 1836 ergo
1921 1766 2170 1821 audiendi
2193 1778 2312 1822 sunt
2337 1767 2551 1836 quidam
2583 1769 2757 1839 minus
2783 1768 3017 1839 religiosi
3044 1748 3293 1837 censores
3312 1810 3328 1833 ,
3361 1768 3451 1839 qui
3496 1769 3548 1822 in
3575 1770 3769 1823 sacris

462 1861 638 1918 Libris
682 1858 893 1917 nonnisi
927 1857 1344 1931 grammaticalia
1377 1856 1489 1914 fere
1518 1856 1778 1911 elementa
1812 1858 2174 1924 pensitantes,
2220 1856 2273 1911 iu
2300 1859 2636 1921 sanctissimo
2672 1858 2898 1915 Doetorc
2925 1873 3149 1928 carpere
3176 1858 3288 1913 ausi
3336 1868 3463 1913 sunt
3494 1858 3767 1915 humilem

467 1953 852 2027 interpretandi
876 1952 1090 2008 modum
1117 1994 1132 2021 ,
1163 1951 1253 2023 qui
1283 1950 1349 2025 ad
1382 1951 1590 2021 regulas
1619 1950 1749 2004 artis
1775 1949 1966 2023 diviuze
1991 1959 2132 2003 totus
2153 1949 2477 2020 compositus
2500 1957 2617 2029 est,
2648 1948 2839 2029 nonad
2866 1947 3113 2011 humana:
3135 1948 3305 2013 illius,
3336 1963 3495 2020 quam
3528 1947 3615 2003 isti
3640 1957 3766 2023 tam

462 2027 699 2102 studiose
741 2054 1152 2109 consectantur,
1202 2043 1445 2097 humana:
1495 2043 1813 2113 eloquentia:
1856 2057 2125 2113 pompam.
2596 2022 2601 2033 ‘

543 2140 724 2211 Neque
753 2155 1070 2209 quemquam
1102 2136 1371 2191 ochudere
1410 2135 1607 2191 debent
1632 2136 1923 2205 allegoria-,
1968 2135 2159 2209 quibus
2188 2134 2471 2205 aliquando
2497 2133 2591 2189 Vir
2618 2143 2832 2191 sanctus
2860 2150 2988 2190 usus
3013 2142 3090 2191 est
3134 2134 3189 2207 in
3224 2133 3563 2203 explananda
3601 2148 3768 2205 pra:-

464 2232 618 2302 cipue
648 2231 824 2301 Veteri
851 2231 1217 2303 Testamento.
1254 2230 1367 2284 llac
1399 2229 1539 2284 enim
1566 2230 1824 2303 religio:ie
1862 2212 1912 2282 in
1945 2227 2203 2298 ejusmodi
2250 2229 2409 2285 rebus
2435 2242 2591 2298 agere
2623 2229 2849 2291 solebat,
2884 2238 2938 2285 ut
2973 2228 3117 2284 illum
3157 2226 3365 2283 caneris
3390 2228 3764 2298 cxpzisitorem

470 2324 767 2403 pra-ferret.
800 2302 889 2393 qui
913 2321 1088 2376 omnia
1115 2338 1235 2391 qute
1259 2320 1401 2377 dicta
1427 2302 1574 2383 sunt,
1603 2320 1896 2387 (secundum
1927 2320 2159 2374 lituram
2189 2323 2474 2389 acciperet,
2505 2321 2791 2385 duuuuodo
2814 2329 2995 2392 po~si~t
3021 2320 3220 2385 evitare
3247 2318 3607 2388 blasphctuias
3634 2317 3768 2390 (De

466 2408 646 2469 Ccitesi
676 2424 851 2467 contra
884 2411 1113 2466 Mauicli.
1146 2412 1235 2467 lib.
1257 2413 1311 2475 2,
1339 2428 1389 2468 c.
1427 2410 1503 2483 9.)
1530 2429 1545 2477 ;
1585 2412 1633 2465 id
1674 2420 1755 2466 e~t
1785 2412 2054 2481 indignum
2086 2413 2193 2468 [)co
2213 2428 2451 2466 sensum.
2484 2412 2577 2468 Sin
2611 2413 2803 2474 minus,
2844 2412 2908 2466 ad
2950 2410 3287 2480 allegoricnm
3315 2424 3531 2466 sen5um
3564 2409 3767 2464 confu-

467 2487 719 2580 giendum
749 2521 871 2563 esse
906 2505 1131 2561 docebat
1156 2505 1406 2577 exemplo
1443 2505 1842 2576 Aposnilorum,
1874 2506 1961 2573 qui
2002 2521 2067 2562 eo
2101 2521 2259 2561 sensu
2290 2520 2393 2558 non
2432 2505 2595 2560 semel
2626 2504 2703 2556 usi
2730 2513 2873 2559 sunt.
2908 2503 2973 2558 Et
3001 2512 3146 2559 certe
3188 2503 3437 2573 quoniam
3476 2502 3761 2572 Serime

467 2584 615 2655 i'etus
646 2599 902 2653 rationem
927 2596 1088 2653 habet
1113 2597 1373 2665 historiae,
1400 2597 1691 2668 prophetiae
1718 2608 1875 2668 atque
1904 2597 2062 2669 legis;
2100 2612 2192 2667 pro
2224 2597 2411 2665 triplici
2441 2596 2537 2649 ista
2570 2594 2772 2650 ratione
2801 2595 2989 2663 triplex
3019 2609 3210 2651 sensus
3237 2609 3268 2649 a
3292 2596 3459 2648 sacris
3489 2594 3761 2663 interpre-

468 2676 607 2748 tibus
647 2692 840 2746 merito
870 2697 1154 2760 nsurpatus
1184 2699 1301 2755 est;
1327 2690 1565 2745 litteralis
1593 2689 1680 2760 qui
1708 2690 1964 2754 historian
1990 2688 2308 2758 allegoricus
2348 2688 2438 2759 qui
2469 2688 2777 2761 l‘eriIICIim,
2812 2688 3027 2763 moralis
3055 2687 3142 2758 qui
3175 2687 3274 2761 legi
3302 2686 3610 2757 respondet.
3641 2686 3758 2743 Ita-

467 2768 587 2854 quc,
616 2764 717 2838 etsi
757 2800 945 2839 sensus
972 2784 1058 2839 ille
1097 2786 1354 2855 mysticus
1378 2783 1444 2837 ad
1488 2782 1715 2837 finienda
1751 2795 1807 2837 et
1846 2782 2160 2837 stabilienda
2202 2782 2452 2836 Ecclesia:
2478 2782 2723 2850 dogmata
2754 2780 2899 2833 solus
2939 2797 3041 2832 non
3070 2778 3333 2846 sufliciat,
3372 2780 3473 2833 ttisi
3504 2780 3556 2833 in
3582 2778 3761 2833 sacris

467 2876 679 2934 Litteris
710 2876 1078 2942 contineatur;
1117 2874 1431 2929 utilissimus
1466 2882 1639 2930 tamen
1670 2885 1770 2938 est,
1803 2875 1889 2928 uhi
1938 2873 2307 2944 promerendae
2340 2874 2472 2939 legis
2518 2873 2830 2943 perfectioui
2863 2873 3108 2938 inservit,
3154 2873 3358 2931 scilicet
3380 2872 3657 2937 charitati;
3698 2881 3760 2927 et

469 2967 553 3024 ubi
582 2967 727 3023 ducit
747 2968 813 3021 ad
839 2968 1133 3035 Christum,
1161 2968 1247 3039 qui
1275 2968 1393 3022 linis
1420 2977 1502 3024 est
1528 2967 1658 3038 legis
1678 2984 1739 3021 ae
1764 2968 2053 3023 charitatis.
2088 2968 2356 3037 liuplit'cttt
2384 2970 2521 3023 hunc
2536 2984 2783 3037 scopum,
2804 2981 2903 3033 ceu
2930 2952 3192 3034 duplicem
3217 2965 3470 3037 regulam,
3499 2963 3596 3019 sibi
3616 2979 3757 3036 pro-

478 3062 624 3133 ponit
646 3063 967 3133 Augustinus
993 3062 1043 3115 in
1071 3062 1469 3119 commentariis
1492 3062 1602 3115 suis
1631 3080 1644 3115 :
1676 3062 1813 3115 unde
1837 3063 1893 3115 lit
1922 3074 1972 3114 ut
2007 3063 2133 3115 nihil
2158 3063 2359 3131 Spirare
2384 3062 2677 3129 videantiu,
2709 3062 2807 3116 nisi
2834 3058 3101 3114 Christqu
3127 3074 3142 3124 ;
3174 3058 3304 3137 nihil
3332 3060 3609 3128 inspirare,
3637 3059 3748 3113 nisi

479 3156 819 3212 choritatem.
854 3154 1068 3211 Accedit
1097 3154 1234 3225 quod
1260 3154 1547 3226 prudenter
1574 3154 1857 3221 admodum
1890 3153 2027 3210 hunc
2054 3170 2265 3209 sensum
2298 3155 2518 3219 indncrt,
2546 3170 2773 3223 euntque
2804 3154 3087 3223 pluruuum
3113 3150 3255 3225 elicit
3276 3167 3340 3225 es
3374 3150 3619 3215 litterali;
3648 3164 3757 3207 nec

492 3247 557 3302 ad
572 3228 702 3302 eum
734 3246 939 3301 facilius
961 3246 1214 3318 confugit,
1244 3246 1403 3301 etiam
1438 3248 1487 3300 iu
1518 3246 1622 3300 illis
1647 3246 1793 3300 libris
1823 3262 1956 3313 quos
1984 3246 2143 3299 edidit
2171 3246 2425 3300 ad\ei.~ns
2446 3246 2763 3315 Mauieliu-os
2787 3248 3161 3315 (pt'a‘tet‘qttam
3188 3244 3237 3297 in
3267 3245 3436 3313 primo
3464 3259 3560 3297 suo
3586 3256 3757 3313 super

474 3338 728 3407 .Gencsim
757 3338 987 3411 opere),
1022 3339 1228 3393 tametsi
1258 3348 1552 3407 opportuna
1592 3337 1706 3408 ejus
1735 3354 1895 3408 Stopo
1925 3338 2037 3401 iure
2078 3339 2211 3392 ratio
2244 3339 2512 3393 videretur
2540 3339 2605 3394 ad
2646 3338 2953 3407 explicanda
2981 3337 3221 3407 qoa'dam
3255 3351 3497 3393 veterum
3529 3336 3753 3390 Patrum

476 3427 636 3493 facta,
670 3428 860 3499 quibus
883 3428 1119 3487 ha-rctici
1151 3430 1223 3483 illi
1251 3428 1616 3505 abolebantur.
1643 3429 1819 3485 Siculu
1846 3446 1969 3484 vero
1995 3431 2184 3485 Doctor
2209 3432 2629 3505 sapientissimus
2658 3433 2869 3485 uuiemn
2902 3432 3097 3500 profert
3126 3429 3749 3505 allegoricontsenstxn;

478 3520 528 3576 id
560 3520 683 3599 facit
712 3521 791 3595 vel
824 3521 945 3595 quia
976 3521 1253 3575 litteralem
1286 3522 1384 3574 sibi
1415 3502 1695 3576 obscurum
1736 3522 2034 3591 ignotumve
2072 3523 2386 3585 conlitctur;
2430 3521 2511 3575 vel
2537 3504 2656 3592 quia
2687 3522 2927 3575 litterulis
2955 3522 3067 3590 ipse
3111 3534 3204 3590 per
3233 3535 3352 3575 sese
3382 3519 3450 3574 ita
3480 3502 3755 3574 dilucidus

480 3623 586 3695 ρει,
621 3610 1053 3691 ιιιηοκριῖετιιίιτηυ
1079 3628 1185 3668 non
1216 3623 1398 3685 egeat;
1425 3614 1505 3687 vel
1535 3614 1760 3685 denique
1791 3615 1928 3683 qus-tl
1953 3615 2010 3669 al?

2219 3618 2305 3669 rcis
2325 3631 2446 3670 eum
2488 3617 2810 3686 exposuerit.
2838 3616 2947 3669 lloc
2971 3616 3114 3671 enim
3148 3616 3373 3683 pertinet
3410 3615 3475 3671 ad
3509 3614 3749 3683 pruden—

476 3694 608 3783 tiam
637 3694 879 3761 catholici
912 3706 1171 3769 Doetoris,
1205 3715 1263 3760 ut
1289 3722 1390 3759 non
1414 3708 1602 3777 quavis
1628 3707 1905 3762 ιιςοςιείυηρ
1930 3706 2232 3773 litteralcm,
2261 3722 2327 3763 uc
2358 3707 2594 3772 vilescat,
2630 3706 2854 3760 inculcet
2880 3721 2894 3770 ;
2926 3705 3017 3761 sed
3049 3705 3331 3783 aliquando
3361 3704 3600 3776 pneferat
3634 3719 3757 3778 my-

472 3800 662 3855 sticum
692 3814 755 3855 ac
782 3798 1135 3870 spiritualcm,
1161 3798 1247 3851 ubi
1282 3798 1582 3854 auditorum
1620 3798 1792 3855 studia
1816 3808 1870 3854 et
1896 3799 2116 3855 allectus
2142 3799 2191 3853 id
2221 3800 2489 3870 postulare
2510 3800 2862 3865 videbuntur;
2892 3800 2997 3853 itno
3025 3798 3184 3855 etiam
3214 3799 3326 3870 ipsi
3350 3815 3457 3864 res,
3483 3813 3603 3856 cum
3623 3813 3755 3855 sen-

466 3870 566 3971 tsus
595 3891 910 3960 allegoricus
940 3890 1183 3944 litteratis
1208 3892 1345 3960 gerit
1374 3892 1561 3946 vicem.
3404 3949 3420 3959 ,

543 3981 640 4035 llic
668 3981 890 4035 fortasse
917 3982 1303 4036 occurrendum
1333 3991 1475 4049 esset
1513 3996 1751 4037 censum
1785 3977 2131 4050 quorﬂmdam
2161 3983 2432 4038 hominum
2466 3984 2597 4039 levis
2633 3981 2961 4038 auctoritatis
2984 4024 2999 4047 ,
3032 3982 3119 4050 qui
3151 3981 3329 4036 verbis
3378 3978 3756 4035 inverecundis

474 4075 765 4153 Augustino
791 4071 1115 4142 exprobrare
1142 4074 1253 4127 ausi
1277 4084 1398 4151 sunt
1429 4074 1743 4144 imperitiam
1775 4076 2091 4146 linguarum,
2114 4093 2177 4132 ex
2208 4094 2427 4147 quarunt
2461 4076 2787 4146 ignoratione
2816 4076 2993 4145 lapsus
3017 4076 3087 4128 sit
3111 4074 3416 4146 aliquando,
3447 4084 3503 4129 ut
3532 4073 3754 4129 mollius

468 4165 761 4251 reddamus
787 4163 1065 4236 cujusdam
1100 4166 1353 4220 neoterici
1393 4165 1611 4231 dictum,
1642 4168 1779 4247 quod
1807 4161 1969 4224 atroci
1999 4178 2053 4226 ct
2091 4168 2377 4239 impudenti
2418 4168 2674 4223 vocabulo
2700 4168 2977 4237 expressit.
3007 4166 3109 4222 Sed
3136 4166 3393 4238 ejusmodi
3424 4167 3665 4221 convicia
3695 4165 3750 4221 in

472 4270 744 4339 puetorem
776 4259 946 4329 ipsum
978 4257 1221 4315 recidunt
1241 4299 1257 4326 ,
1302 4268 1611 4330 constatque
1643 4260 1779 4330 apud
1816 4277 2001 4337 aequas
2040 4278 2215 4316 rerum
2247 4261 2600 4317 testimatores
2624 4302 2638 4326 ,
2688 4261 3035 4332 Augustinum
3066 4261 3130 4339 ad
3174 4260 3573 4330 intelligentiam
3614 4258 3751 4314 Novi

468 4332 803 4407 Testnmcuti
832 4352 1068 4406 subsidio
1096 4368 1287 4423 gra‘czn
1318 4353 1528 4424 liugum,
1559 4352 1625 4406 ad
1654 4369 1807 4422 quam
1835 4370 2021 4408 omnes
2054 4355 2226 4409 latina:
2253 4355 2512 4409 editiones
2541 4353 2767 4408 comlita:
2795 4362 2939 4418 sunt,
2971 4332 3443 4407 satisiiuSIructum
3478 4353 3659 4418 luisse,
3694 4360 3753 4408 ut

484 4443 714 4514 probant
740 4443 899 4497 varia:
926 4441 1206 4497 Lectiones
1243 4457 1309 4498 ex
1334 4442 1523 4514 gnecis
1552 4441 1781 4497 fontibus
1809 4443 2069 4510 deducte,
2102 4460 2236 4515 quas
2274 4445 2364 4499 V'ir
2383 4456 2596 4499 sanctus
2628 4445 2677 4496 in
2708 4444 2839 4497 locis
2862 4444 3038 4497 dubiis
3062 4453 3154 4498 aut
3184 4444 3452 4497 mendosis
3484 4443 3747 4498 adhibuit.

486 4526 710 4591 Fatetur
746 4535 958 4605 quidem
988 4536 1039 4589 in
1068 4520 1509 4591 Confessionihus
1538 4538 1647 4591 suis
1679 4537 1771 4592 Vir
1798 4538 2217 4593 lllOdCrllSSllllUS
2243 4553 2320 4604 se,
2352 4553 2470 4593 cum
2499 4538 2748 4606 puerulus
2788 4538 2974 4592 latinas
3002 4538 3201 4592 litteras
3227 4537 3519 4600 adatnaret,
3547 4554 3750 4608 grmeas

481 4623 659 4680 odisse
683 4626 700 4697 (
723 4623 951 4696 Confess.
978 4626 1064 4681 lib.
1096 4627 1145 4694 Ι,
1173 4643 1218 4682 c.
1251 4627 1352 4697 l5)
1376 4643 1392 4692 ;
1414 4627 1504 4681 sed
1523 4629 1635 4698 jam
1664 4629 1945 4699 episcopus,
1970 4631 2078 4699 jam
2108 4646 2278 4693 senex,
2310 4632 2383 4684 ait
2408 4629 2687 4693 Erasmus,
2718 4629 2786 4682 ad
2814 4647 2969 4703 puero
3003 4631 3096 4683 sibi
3121 4631 3373 4703 fastiditus
3394 4648 3583 4707 grtectis
3609 4614 3723 4688 (itte

480 4734 568 4771 ras
594 4734 818 4773 rerersus
841 4727 934 4773 est.
963 4718 1073 4788 Qua
1104 4718 1154 4773 iu
1183 4734 1243 4775 re
1270 4720 1537 4789 egregium
1565 4719 1706 4773 dedit
1736 4721 2004 4790 specimrn
2030 4737 2139 4776 ειιςυ
2162 4723 2212 4776 ἰιι
2241 4736 2419 4776 sacras
2447 4722 2747 4791 Scripturas
2768 4722 3064 4776 sedulitatis
3092 4732 3140 4776 ct
3171 4724 3502 4788 reverentim,
3527 4723 3615 4794 qui
3636 4723 3750 4792 jam

486 4823 651 4864 senex
681 4818 755 4862 tot
786 4811 1009 4880 negotiis
1035 4810 1340 4876 distractus,
1372 4812 1434 4864 :ul
1458 4796 1717 4883 elcunuta
1743 4826 1913 4883 graeca
1948 4814 2273 4870 descendere
2298 4829 2402 4869 non
2430 4826 2677 4884 gravatus
2702 4823 2804 4881 est,
2838 4824 2893 4869 ut
2927 4814 2994 4869 ad
3023 4794 3293 4887 sacrarum
3321 4796 3637 4883 Litterarum
3672 4817 3753 4871 iu-

476 4897 822 4969 telligeodum
853 4909 1051 4955 textum
1082 4911 1219 4956 esset
1248 4901 1572 4957 inStruetior.

558 4990 708 5058 Quod
735 4992 925 5047 attinet
953 4992 1017 5046 ad
1050 4991 1213 5048 \‘etus
1239 4990 1660 5060 Testamentum,
1685 4994 1734 5049 in
1761 5010 1827 5052 eo
1853 4995 2169 5066 exponendo
2194 4995 2287 5051 Vir
2306 5004 2520 5051 sanctus
2547 5010 2655 5066 prie
2678 4996 2849 5065 oculis
2869 4995 3052 5053 habuit
3077 5000 3373 5055 versionem
3404 4999 3744 5071 Septuaginta

474 5084 849 5156 interpretum,
879 5101 997 5153 qtae
1025 5086 1134 5140 sola
1165 5094 1290 5141 tttuc
1321 5087 1372 5140 in
1398 5089 1711 5143 auctoritate
1742 5099 1857 5144 erat
1879 5089 1988 5160 jam
2022 5089 2141 5144 inde
2167 5088 2235 5142 ab
2257 5091 2631 5160 Apostolorum
2661 5093 2990 5162 temporibus
3017 5111 3029 5146 τ
3055 5093 3150 5148 sed
3171 5111 3287 5147 eam
3312 5096 3379 5149 ita
3408 5106 3619 5148 set-ntus
3640 5102 3750 5159 est,

474 5178 607 5231 utin
639 5179 837 5232 nullum
866 5178 1110 5233 inductus
1139 5179 1204 5234 sit
1227 5195 1386 5250 grave
1408 5189 1642 5234 erratum
1666 5198 1680 5243 ;
1718 5182 1923 5237 tametsi
1955 5183 2228 5239 uberiores
2255 5183 2477 5239 fortasse
2506 5194 2557 5237 et
2585 5183 2960 5254 locupletiores
2987 5184 3011 5240 f
3026 5186 3206 5240 tissent
3237 5188 3399 5257 ipsius
3419 5196 3751 5241 Commenta-

474 5268 565 5335 rii,
597 5274 638 5323 si
667 5272 719 5325 in
753 5272 1028 5328 liehraicas
1056 5272 1264 5327 litterrs
1293 5282 1641 5340 penetrasset.
1671 5272 1837 5327 Porro
1864 5291 2067 5343 gmerus
2096 5286 2373 5331 Contcxttts
2398 5276 2735 5348 Septuaginta
2758 5278 2824 5331 ab
2848 5294 2913 5333 eo
2943 5289 3206 5351 receptus,
3235 5280 3320 5334 ille
3351 5281 3463 5351 ipse
3483 5292 3559 5337 est
3591 5296 3746 5351 quem

473 5364 744 5417 recensuit
763 5365 999 5421 Nobilius
1022 5382 1039 5433 ;
1071 5365 1221 5436 cujus
1255 5365 1520 5436 pleneque
1542 5367 1803 5424 variantes
1830 5386 1892 5425 ex
1921 5372 2213 5441 Augustino
2240 5372 2492 5430 lectiones
2512 5375 2752 5429 oriuntur
2777 5391 2839 5431 ex
2867 5376 3159 5432 editionum
3187 5379 3346 5442 vitiis,
3371 5396 3491 5450 qua:
3511 5380 3746 5435 subsidio

473 5462 714 5507 veterum
743 5455 995 5512 librorum
1040 5460 1093 5513 in
1124 5459 1221 5514 hac
1245 5459 1479 5514 editione
1510 5460 1839 5535 sustulimus.
1891 5463 2020 5517 Ean-
2053 5476 2226 5521 autcm
2270 5465 2759 5538 intepretatioucm
2800 5469 3066 5523 credunus
3095 5471 3235 5524 illam
3266 5486 3420 5536 esse,
3447 5488 3602 5542 quam
3635 5471 3743 5541 ipso

480 5542 733 5601 Usitalum
766 5548 993 5616 appellat
1020 5549 1135 5619 (De
1157 5549 1419 5607 Couseustt
1450 5550 1648 5633 Evanq.
1679 5554 1766 5608 lib.
1798 5554 1853 5637 9,
1883 5573 1926 5609 ι’.
1961 5558 2029 5611 (ili
2048 5566 2093 5628 ο),
2123 5558 2474 5630 Hieronymus
2505 5559 2744 5615 Veterem
2772 5571 2823 5615 ct
2852 5560 3123 5633 Vulgatam
3152 5564 3171 5636 (
3197 5562 3307 5619 Lib.
3332 5565 3394 5619 de
3426 5564 3627 5635 Optimo
3655 5581 3742 5635 ge-

476 5654 598 5693 nere
635 5638 893 5707 interpret.
925 5649 971 5694 et
1012 5641 1064 5695 iu
1105 5640 1275 5695 Eccle.
1306 5659 1345 5706 ι,
1380 5644 1433 5705 7.
1463 5661 1561 5711 ιδῃ.
1583 5644 1619 5717 ),
1652 5645 1893 5700 e:undetn
1926 5645 2149 5703 fmtasse
2176 5666 2332 5718 quam
2361 5652 2569 5707 (sa-teris
2600 5650 2814 5721 pra-fert
2842 5654 3183 5723 Augustinus,
3229 5668 3420 5724 nempe
3446 5652 3650 5718 ltalim,
3678 5652 3746 5707 ab

476 5732 601 5804 ipso
632 5734 895 5790 laudatam
925 5736 980 5790 in
1009 5734 1142 5793 libro
1169 5736 1407 5793 secundo
1438 5739 1504 5794 de
1532 5738 1779 5796 Doctrina
1804 5739 2125 5812 Christiana,
2150 5744 2322 5815 capite
2350 5743 2558 5801 decimo
2581 5745 2787 5816 quinto,
2816 5756 3068 5817 tanquam
3106 5747 3388 5804 verborum
3419 5744 3749 5804 tcuaeiorcm
