3874 6334
1312 258 1367 272 Α
1452 253 1507 265 ,ίμ

152 341 205 401 17

151 455 296 513 sidera
332 463 461 506 vero
490 450 683 517 quibus
710 446 1134 505 demonstrandis
1159 447 1479 510 intenditur,
1514 444 1701 501 videre

153 564 234 604 non
264 561 437 617 posse.
472 544 544 598 Et
568 544 636 599 illi
663 556 810 612 ergo,
837 550 890 596 et
919 540 1002 594 isti
1029 555 1115 594 me
1140 538 1532 607 reprehendere
1560 536 1702 592 desi-

152 646 271 700 nant,
298 646 350 691 et
374 637 560 690 lumen
584 634 853 687 oculorum
874 629 1130 685 divinitus
1150 629 1249 682 sibi
1273 628 1492 697 praeberi
1510 627 1701 697 depre-

151 741 322 787 centur.
355 728 471 784 Non
514 727 657 782 enim
701 725 745 780 si
797 739 1015 794 possum
1070 722 1360 776 membrum
1409 736 1584 776 meum
1631 719 1700 775 ad

151 824 308 892 aliquid
337 817 812 875 demonstrandum
842 831 1088 881 movere,
1117 829 1332 884 possum
1363 816 1523 868 etiam
1567 827 1696 868 ocu-

153 917 212 970 los
243 911 552 973 accendere.
603 909 792 980 quibus
843 908 926 962 vel
956 908 1068 976 ipsa
1118 905 1502 959 demonstratio
1553 919 1694 972 mea,

156 1008 217 1062 vel
241 1007 387 1060 etiam
418 1003 548 1057 illud
572 1001 709 1073 quod
733 999 852 1056 volo
878 1000 1265 1059 demonstrare,
1308 1004 1574 1051 cernatur.

203 1099 246 1154 ι.
274 1097 520 1152 .lamvero
542 1110 726 1150 eorum
754 1093 843 1164 qui
869 1092 1049 1146 divino
1070 1106 1288 1145 munere
1309 1090 1574 1145 exsultant
1597 1131 1612 1157 ,
1640 1098 1695 1145 et

151 1191 241 1245 sine
258 1188 439 1243 talibus
458 1186 761 1256 prmreptis,
786 1182 958 1244 qualia
987 1197 1126 1236 nunc
1151 1182 1360 1236 tradere
1380 1180 1602 1246 institui,
1633 1195 1693 1236 se

152 1290 324 1337 sanctos
350 1279 545 1333 Libros
588 1276 880 1345 intelligere
919 1282 1075 1343 atque
1107 1282 1333 1327 tractare
1366 1273 1689 1343 gloriantur,

151 1379 468 1442 etpropterea
520 1366 786 1434 superﬂua
826 1365 1056 1420 voluisse
1101 1380 1187 1421 me
1232 1366 1466 1420 scribere
1511 1365 1695 1421 existi-

153 1473 285 1529 mant,
304 1462 377 1516 sic
395 1473 477 1515 est
498 1458 746 1514 lenienda
774 1457 1059 1512 commotio
1079 1498 1095 1522 ,
1126 1464 1184 1509 ut
1220 1457 1458 1525 quamvis
1500 1471 1691 1527 magno

154 1558 221 1611 Dei
248 1556 372 1608 dono
400 1555 524 1622 jure
552 1552 829 1616 laetentur,
883 1549 1225 1605 recordentur
1266 1564 1324 1603 se
1367 1557 1542 1604 tamen
1599 1564 1692 1619 per

156 1648 357 1703 homines
382 1645 637 1699 didicisse
663 1644 747 1699 vel
771 1644 974 1698 litteras
999 1660 1013 1708 ;
1038 1658 1135 1697 nec
1157 1651 1433 1713 pmpterea
1481 1642 1579 1697 sibi
1623 1643 1690 1698 ab

157 1742 344 1797 Antonio
380 1747 571 1793 sancto
602 1747 659 1794 et
704 1736 937 1807 perfecto
977 1736 1093 1790 viro
1130 1735 1382 1809 Egyptio
1429 1735 1690 1791 monacho

158 1832 349 1887 insultari
388 1830 618 1893 debere,
670 1830 759 1900 qui
802 1829 917 1882 sine
963 1827 1067 1882 ulla
1120 1827 1339 1882 scientia
1391 1827 1687 1881 litterarum

157 1927 409 1993 Scripturas
431 1924 646 1980 divinas
662 1932 717 1978 et
736 1922 1042 1977 memoriter
1067 1920 1331 1975 audiendo
1355 1921 1606 1986 tenuisse,
1635 1928 1690 1976 et

156 2018 396 2089 prudenter
430 2014 717 2086 cogitando
756 2014 1083 2069 intellexisse
1120 2011 1471 2081 prmdicatur;
1503 2023 1595 2065 aut
1618 2011 1689 2066 ab

156 2110 226 2163 illo
246 2123 383 2163 servo
408 2107 652 2162 Barbaro
686 2105 975 2160 christiano
1003 2104 1021 2135 ί
1043 2143 1059 2170 ,
1093 2102 1159 2157 de
1179 2118 1284 2171 quo
1307 2118 1337 2155 a
1364 2101 1689 2173 gravissimis

156 2200 324 2269 ﬁdeque
348 2198 675 2271 dignissimis
700 2197 831 2252 viris
857 2211 1027 2265 nuper
1051 2196 1351 2264 accepimus
1370 2236 1386 2262 ,
1424 2196 1514 2265 qui
1543 2194 1687 2249 litte-

156 2307 222 2346 ras
242 2307 426 2363 quoque
470 2292 620 2361 ipsas
643 2288 788 2344 nullo
831 2288 1053 2343 docente
1107 2286 1340 2349 homine,
1388 2286 1440 2341 in
1478 2286 1687 2357 plenam

155 2386 351 2440 notitiam
377 2384 587 2439 orando
615 2392 673 2437 ut
700 2382 799 2437 sibi
830 2381 1210 2445 revelarentur,
1240 2380 1445 2450 accepit
1490 2379 1688 2433 tridua-

158 2477 221 2532 nis
249 2478 467 2545 precibus
514 2476 813 2544 impetrans
842 2481 899 2526 ut
938 2474 1095 2526 etiam
1148 2471 1381 2526 codicem
1430 2472 1685 2540 oblatum,

159 2569 433 2638 stupentibus
457 2568 556 2637 qui
584 2565 832 2629 aderant,
864 2563 1088 2637 legendo
1108 2570 1461 2635 percurreret.

213 2663 253 2717 5.
287 2664 377 2719 Aut
402 2663 422 2692 ¹
448 2660 493 2717 si
524 2658 649 2716 haec
678 2656 902 2730 quisque
929 2657 1057 2712 falsa
1086 2671 1206 2712 esse
1234 2656 1519 2710 arbitratur
1537 2697 1552 2721 ,
1580 2669 1688 2709 non

162 2768 235 2822 ago
255 2755 565 2824 pugnaciter.
587 2752 745 2806 Certe
772 2752 913 2805 enim
953 2749 1199 2819 quoniam
1230 2762 1348 2801 cum
1374 2745 1689 2800 Christianis

159 2847 278 2901 nobis
308 2861 385 2901 res
427 2855 529 2909 est,
581 2844 669 2913 qui
705 2858 763 2897 se
808 2842 1108 2912 Scripturas
1148 2849 1358 2894 sanctas
1392 2839 1507 2893 sine
1553 2837 1689 2893 duce

163 2938 330 2991 homine
351 2937 582 3008 gaudent
606 2949 786 3000 nosse,
814 2942 867 2988 et
896 2933 939 2987 si
971 2934 1040 2987 ita
1064 2940 1179 2997 est,
1208 2946 1336 2984 vero
1360 2940 1544 2984 etnon
1574 2944 1688 2985 me-

162 3027 291 3082 diocri
330 3028 554 3098 gaudent
575 3026 750 3088 bono;
778 3022 1071 3079 concedant
1104 3036 1321 3076 necesse
1369 3029 1452 3075 est
1498 3036 1687 3073 unum-

161 3132 374 3186 quemque
399 3128 647 3172 nostrum
676 3124 732 3170 et
757 3115 823 3168 ab
843 3115 1053 3167 ineunte
1071 3111 1292 3181 pueritia
1310 3110 1691 3165 consuetudine

164 3210 365 3265 audiendi
390 3212 625 3281 linguam
671 3222 819 3262 suam
864 3205 1132 3269 didicisse,
1176 3213 1229 3257 ct
1256 3203 1410 3257 aliam
1461 3202 1689 3271 aliquam

163 3299 224 3353 vel
241 3315 435 3369 graecam
464 3299 555 3355 vel
582 3298 848 3353 hebrazam
898 3296 978 3350 vel
1021 3294 1307 3364 quamlibet
1354 3301 1687 3360 caete-rarum,

163 3400 232 3445 aut
250 3392 463 3448 similiter
491 3390 762 3445 audiendo
786 3430 802 3455 ,
835 3397 924 3441 aut
950 3404 1045 3458 per
1085 3386 1353 3439 hominem
1397 3393 1689 3453 ιιι-προεπιιο-

163 3496 250 3536 rem
276 3486 549 3554 accepisse.
578 3483 693 3537 .lam
729 3496 856 3551 ergo
879 3482 921 3533 si
959 3480 1146 3549 placet.
1175 3494 1488 3532 moneamus
1507 3494 1691 3534 omnes

165 3569 331 3639 fratres,
358 3589 420 3628 ne
449 3573 703 3643 parvulus
732 3585 856 3625 suos
877 3571 973 3623 ista
1000 3568 1242 3631 doceant,
1273 3568 1389 3637 quia
1421 3579 1691 3623 momento

166 3676 248 3715 ‘tno
268 3666 495 3733 temporis
519 3662 836 3717 adveniente
861 3659 1056 3729 Spiritu
1090 3667 1289 3723 sancto,
1321 3658 1504 3726 repleti
1545 3660 1690 3728 Apo-

166 3753 260 3807 stoli
283 3755 492 3809 omnium
524 3752 767 3824 gentium
814 3750 1008 3819 linguis
1060 3750 1218 3802 locuti
1271 3758 1421 3809 sunt;
1471 3757 1562 3802 aut
1606 3749 1692 3804 cui

167 3844 261 3897 talia
286 3860 374 3899 non
400 3845 757 3915 provenerint,
789 3858 893 3896 non
914 3856 971 3895 se
997 3842 1282 3894 arbitretur
1300 3854 1418 3895 esse
1444 3840 1689 3894 christia-

168 3948 281 3997 num,
309 3948 387 3991 aut
404 3938 660 4006 Spiritum
689 3942 928 3989 sanctum
955 3934 1221 3999 accepisse
1249 3947 1309 3987 se
1329 3932 1550 3986 dubitet.
1583 3931 1691 3987 lmo

168 4038 265 4077 vero
287 4036 331 4079 et
351 4029 478 4098 quod
507 4044 607 4097 per
628 4027 892 4080 hominem
914 4024 1221 4077 discendum
1246 4032 1346 4089 est,
1370 4024 1485 4078 sine
1506 4038 1691 4091 supcr-

166 4113 229 4169 bia
253 4117 426 4184 discat;
451 4131 500 4175 et
532 4135 630 4190 per
670 4133 827 4189 quem
857 4117 1078 4171 docetur
1102 4117 1266 4180 alius,
1301 4116 1413 4169 sine
1445 4115 1691 4193 superbia

167 4216 208 4259 et
230 4208 324 4262 sine
350 4212 533 4265 invidia
567 4209 739 4263 tradat
764 4208 901 4277 quod
930 4208 1131 4275 accepit
1163 4223 1175 4258 :
1210 4222 1380 4276 neque
1423 4214 1690 4260 tentemus

170 4312 262 4352 eum
285 4303 357 4355 cui
378 4302 715 4366 credidimus,
758 4315 823 4353 ne
868 4300 1057 4352 talibus
1104 4297 1300 4351 inimici
1343 4297 1592 4351 versutiis
1636 4308 1690 4352 et

170 4395 465 4455 perversitate
502 4392 729 4461 decepti,
776 4390 845 4443 ad
899 4391 1068 4459 ipsum
1120 4404 1328 4458 quoque
1370 4388 1687 4443 audiendum

173 4480 463 4553 Evangelium
496 4495 656 4555 atque
672 4482 981 4538 discendum
1000 4482 1223 4534 nolimus
1239 4480 1315 4534 ire
1342 4481 1393 4534 in
1415 4481 1685 4547 ecclesias,

170 4584 239 4628 aut
256 4578 469 4633 codicem
515 4579 713 4647 legere,
762 4581 852 4628 aut
901 4574 1162 4643 legentem
1211 4571 1690 4640 praedicantemque

173 4663 395 4723 hominem
423 4671 637 4735 audire;
660 4678 715 4723 et
740 4676 1107 4736 exspectemus
1144 4663 1257 4734 rapi
1292 4679 1457 4733 usque
1490 4664 1542 4717 in
1585 4673 1689 4717 ter-

172 4756 270 4811 tium
296 4762 494 4827 caelum,
526 4763 639 4815 sive
660 4762 712 4814 in
743 4774 988 4829 corpore,
1013 4757 1124 4812 sive
1149 4766 1296 4809 extra
1322 4770 1534 4824 corpus,
1557 4755 1690 4811 sicut

168 4845 267 4903 dicit
285 4853 569 4921 Apostolus,
605 4860 661 4907 et
688 4851 757 4904 ibi
786 4850 970 4905 audire
1019 4847 1296 4902 ineﬂ‘abilia
1343 4847 1521 4911 verba,
1575 4860 1691 4916 quae

170 4953 250 4993 non
271 4941 379 4997 licet
403 4943 602 4999 homini
637 4942 780 5012 loqui
809 4940 875 5010 (Il
906 4938 1023 4996 Cor.
1056 4956 1151 5005 xu,
1182 4938 1303 5011 2-4)
1332 4982 1345 5006 ,
1383 4947 1473 4994 aut
1502 4938 1571 4993 ibi
1614 4938 1693 4992 vi-

169 5026 268 5084 dere
310 5032 572 5088 Dominum
604 5032 787 5088 Jesum
834 5028 1124 5092 Christum,
1168 5037 1222 5084 et
1262 5029 1329 5083 ab
1378 5029 1469 5083 illo
1517 5028 1691 5099 potius

169 5135 294 5188 quam
315 5125 375 5180 ab
400 5125 695 5181 hominibus
716 5122 898 5178 audire
928 5120 1283 5192 Evangelium.

220 5213 557 5274 6.'Caveamus
573 5218 704 5271 tales
735 5215 1052 5270 teutationes
1072 5212 1473 5283 superbissimas
1483 5222 1537 5267 et
1549 5213 1688 5282 peri-

166 5304 498 5377 culosissimas,
530 5311 801 5381 magisque
821 5308 1114 5378 cogitemus
1139 5315 1191 5361 et
1209 5305 1378 5377 ipsum
1395 5307 1690 5377 apostolum

167 5389 367 5465 Paulum,
379 5400 496 5457 licet
504 5402 676 5457 divina
687 5410 741 5456 et
755 5398 956 5456 coelesti
966 5412 1096 5454 voce
1106 5405 1422 5468 prostratum
1434 5406 1486 5454 et
1497 5399 1693 5454 instru-

249 5556 344 5603 Mss.
378 5557 657 5607 evaticanis
689 5554 818 5613 duo,
843 5551 1334 5617 Barbaricoﬂacario
1359 5562 1376 5603 :
1399 5552 1527 5616 quod
1561 5554 1693 5604 servi

170 5604 271 5661 illius
288 5604 454 5666 nomen
474 5604 650 5667 aratis:
668 5604 912 5667 codicibus
934 5621 985 5666 et
1005 5615 1139 5678 apud
1150 5604 1475 5665 Cassiodoru'm
1495 5622 1693 5678 Senato-

172 5678 266 5742 ffm,
286 5678 360 5742 qui
379 5677 425 5727 id
446 5678 653 5729 miraculi
678 5680 861 5742 profert
882 5678 932 5728 in
962 5676 1241 5741 przet'atione
1263 5678 1321 5725 ad
1346 5676 1692 5728 institutionum

173 5726 859 5807 “ﬂammigenae;
886 5726 929 5807 ς
962 5726 980 5741 ·
1430 5726 1433 5727 κ
1562 5726 1565 5727 κ

219 5793 235 5823 ³
252 5797 315 5847 Sic
332 5805 430 5851 uss.
447 5793 562 5853 ἐιόὶἰὶ
586 5817 719 5864 vero,
741 5808 794 5853 Αι
815 5800 859 5853 si
879 5800 999 5854 hac.

1531 329 1909 390 PROLOGUS.

1662 5786 1744 5813 te:

1807 454 1971 512 ctum,
1991 447 2057 501 ad
2084 445 2354 505 hominem
2382 456 2559 506 tamen
2581 449 2801 507 missum
2822 465 2960 520 esse,
2978 436 3381 517 utsacramenta

1811 538 2131 607 perciperet,
2153 549 2309 611 atque
2333 541 2671 610 copularetur
2692 542 2944 599 Ecclesiae
2973 544 3104 615 (Act.
3133 561 3207 613 Ix,
3231 547 3377 619 5-7):

1805 640 1859 685 et
1884 633 2244 687 centurionem
2285 632 2588 690 Cornelium
2612 638 2853 708 quamvis
2879 638 3153 694 exauditas
3177 641 3379 696 oratio-

1804 738 1900 779 nes
1928 725 2044 794 ejus
2067 766 2083 789 ,
2123 727 2593 799 eleemosyuasque
2625 738 2893 799 respectas
2920 729 2969 785 ei
2999 732 3217 802 angelus
3244 749 3379 790 nun~

1803 817 2030 885 tiaverit,
2056 819 2212 874 Petro
2228 829 2404 874 tamen
2432 820 2678 874 traditum
2700 820 3072 888 imbuendum;
3094 839 3191 894 per
3216 842 3377 897 quem

1802 924 1909 963 non
1938 910 2109 964 solum
2150 920 2482 966 sacramenta
2525 911 2842 982 perciperet,
2892 912 2987 968 sed
3039 914 3197 970 etiam
3250 918 3377 989 quid

1801 1002 2143 1068 credendum,
2176 1001 2301 1073 quid
2331 1002 2672 1073 sperandum,
2705 1002 2830 1072 quid
2856 1002 3183 1073 diligendum
3210 1016 3372 1075 esset,

1799 1094 2007 1149 audiret
2034 1092 2143 1167 (Id.
2176 1111 2233 1161 χ,
2260 1095 2396 1166 1-6).
2428 1096 2493 1150 Ει
2538 1104 2783 1165 poterant
2828 1096 3009 1168 utique
3054 1099 3231 1154 omnia
3282 1118 3377 1171 per

1797 1189 2039 1258 angelum
2071 1188 2181 1243 ﬁeri
2204 1231 2219 1253 ,
2248 1189 2340 1244 sed
2371 1191 2571 1259 abjecta
2604 1200 2746 1246 esset
2782 1191 3008 1246 humana
3029 1193 3261 1248 conditio
3283 1236 3298 1261 ,
3327 1196 3373 1250 si

1798 1294 1892 1349 per
1918 1280 2158 1334 homines
2178 1279 2476 1334 hominibus
2495 1281 2632 1335 Deus
2652 1282 2871 1336 verbum
2892 1297 3045 1337 suum
3071 1283 3374 1341 ministrare

1795 1372 1937 1425 nolle
1972 1371 2260 1425 videretur.
2301 1371 2579 1438 Quomodo
2608 1372 2749 1426 enim
2799 1388 2983 1427 verum
3036 1383 3181 1429 esset
3230 1377 3373 1446 quod

1794 1461 1993 1517 dictum
2023 1470 2105 1516 est
2127 1503 2142 1525 ,
2166 1461 2430 1533 Templum
2457 1464 2588 1516 enim
2612 1462 2709 1517 Dei
2725 1473 2955 1518 sanctum
2977 1474 3070 1531 est,
3093 1466 3230 1535 quod
3253 1468 3372 1521 estis

1793 1570 1879 1609 vos
1910 1553 2092 1617 thor.
2118 1569 2196 1618 ιιι,
2233 1554 2423 1623 l7);si
2457 1554 2595 1608 Deus
2646 1553 2713 1609 de
2756 1553 2991 1609 humano
3044 1556 3240 1625 templo
3285 1572 3373 1612 re-

1793 1660 1987 1717 spousa
2023 1661 2127 1699 non
2158 1644 2437 1710 redderet,
2469 1654 2523 1699 et
2552 1653 2719 1698 totum
2757 1644 2899 1715 quod
2928 1644 3237 1700 discendum
3267 1646 3369 1702 ho-

1792 1737 2022 1793 minibus
2067 1734 2201 1791 tradi
2249 1736 2442 1801 vellet,
2485 1735 2554 1791 de
2603 1735 2741 1791 caelo
2787 1743 2947 1805 atque
2998 1750 3093 1805 per
3141 1737 3370 1806 Angelos

1792 1826 2142 1899 personaret?
2174 1826 2374 1881 Deinde
2407 1826 2519 1896 ipsa
2564 1825 2813 1891 charitas,
2836 1840 2955 1896 qua:
3008 1825 3109 1880 sibi
3146 1826 3371 1882 invicem

1796 1919 2045 1975 homines
2076 1919 2218 1973 nodo
2248 1918 2463 1973 unitatis
2489 1919 2750 1990 astringit,
2790 1934 2897 1975 non
2924 1918 3145 1983 haberet
3170 1920 3371 1976 aditum

1792 2010 2239 2066 refundendornm
2266 2018 2320 2064 et
2344 2009 2493 2079 quasi
2523 2008 2911 2065 miseendorum
2930 2008 3142 2066 sibimet
3166 2010 3371 2067 animo-

1791 2117 1934 2167 rum,
1967 2102 2011 2155 si
2040 2100 2285 2156 homines
2311 2115 2409 2172 per
2438 2100 2681 2157 homines
2706 2100 2838 2156 nihil
2863 2100 3147 2158 discerent.

1862 2196 1916 2248 7.
1956 2194 2026 2249 Et
2051 2204 2195 2250 certe
2237 2194 2530 2264 spadonem
2554 2194 2705 2250 illum
2730 2195 2821 2267 qui
2845 2194 3034 2251 Isaiam
3059 2195 3370 2268 prophetam

1791 2289 1972 2359 legens
2000 2302 2105 2342 non
2140 2286 2497 2357 intelligebat,
2526 2302 2698 2358 neque
2724 2286 2791 2341 ad
2826 2287 3070 2359 angelum
3102 2288 3371 2358 apostolus

1791 2379 1955 2442 misit,
1980 2392 2076 2433 nec
2101 2378 2150 2432 ei
2180 2392 2273 2446 per
2309 2377 2552 2445 angelum
2593 2376 2646 2431 id
2692 2376 2835 2447 quod
2875 2393 2981 2434 non
3011 2377 3365 2449 'intelligebat

1792 2471 2114 2541 expositum,
2144 2479 2235 2524 aut
2254 2469 2503 2523 divinitus
2530 2469 2582 2524 in
2607 2477 2784 2525 mente
2819 2468 2935 2525 sine
2961 2470 3191 2525 hominis
3215 2471 3375 2526 mini-

1792 2562 1955 2617 sterio
2004 2561 2293 2616 revelatum
2317 2569 2437 2627 est;
2466 2560 2559 2615 sed
2597 2561 2774 2630 potius
2808 2563 3147 2632 suggestione
3191 2561 3374 2618 divina

1792 2654 1986 2710 missus
2015 2653 2185 2707 estad
2211 2668 2354 2719 eum,
2398 2652 2638 2722 seditque
2677 2668 2797 2708 cum
2833 2668 2898 2708 eo
2940 2654 3233 2725 Philippus,
3282 2655 3374 2725 qui

1793 2752 2013 2798 noverat
2044 2743 2233 2797 Isaiam
2262 2742 2605 2813 prophetam,
2636 2743 2790 2812 eique
2824 2742 3071 2798 humanis
3104 2745 3279 2799 verbis
3318 2753 3375 2800 et

1794 2839 1970 2910 lingua
2019 2840 2159 2910 quod
2208 2840 2261 2893 in
2300 2838 2571 2908 Scriptura
2611 2838 2701 2892 illa
2743 2844 2943 2894 tectum
2996 2845 3129 2905 erat,
3169 2840 3375 2907 aperuit

1794 2933 1932 3002 (Act.
1964 2948 2072 2996 vui,
2094 2932 2306 3002 27-35).
2332 2930 2518 2985 Nonne
2560 2944 2682 2983 cum
2719 2928 2901 3000 Moyse
2940 2927 3083 2983 Deus
3116 2928 3372 2999 loqueba-

1796 3033 1881 3079 tur
1904 3065 1916 3087 ,
1941 3034 1993 3079 et
2032 3033 2206 3079 tamen
2234 3022 2513 3079 consilium
2541 3022 2756 3093 regendi
2783 3027 2941 3092 atque
2969 3021 3372 3078 administrandi

1795 3125 1901 3171 tam
1937 3117 2110 3187 magni
2140 3114 2316 3186 populi
2357 3130 2388 3169 a
2425 3129 2613 3171 socero
2657 3128 2777 3183 suo,
2830 3113 3123 3184 alienigena
3172 3114 3375 3171 scilicet

1796 3208 2031 3271 homine,
2072 3216 2125 3261 et
2170 3207 2399 3261 maxime
2444 3204 2697 3275 providus
2749 3211 2806 3259 et
2852 3204 3068 3260 minime
3113 3204 3373 3274 superbus

1795 3300 1997 3370 accepit
2028 3297 2220 3368 (Exod.
2246 3313 2396 3363 xvm,
2426 3295 2656 3367 μάθῃ
2697 3293 2926 3350 Noverat
2952 3295 3093 3351 enim
3116 3295 3204 3352 ille
3249 3295 3332 3350 vir
3352 3336 3368 3362 ,

1796 3409 1861 3448 ex
1890 3407 2219 3462 quacumque
2260 3390 2435 3445 anima
2461 3403 2646 3443 verum
2676 3387 2954 3442 consilium
2985 3387 3369 3456 processisset,

1798 3502 1902 3540 non
1933 3486 2002 3546 ei,
2030 3484 2124 3539 sed
2164 3483 2239 3537 illi
2276 3482 2366 3554 qui
2407 3489 2490 3537 est
2536 3481 2751 3546 veritas,
2794 3478 3209 3534 incommutabili
3259 3478 3371 3533 Deo
3426 3499 3435 3510 ’

1797 3577 2131 3631 tribuendum
2154 3590 2294 3631 esse.

1867 3667 1919 3722 8.
1962 3668 2239 3721 Postremo
2287 3665 2524 3735 quisquis
2570 3678 2629 3718 se
2666 3663 2827 3718 nullis
2871 3662 3149 3731 prmceptis
3176 3662 3372 3717 instru-

1797 3768 1937 3816 ctum
1958 3761 2136 3813 divino
2163 3772 2382 3813 munere
2402 3770 2747 3826 qumcumque
2762 3754 2814 3807 in
2835 3753 3122 3822 Scripturis
3144 3753 3369 3808 obscura

1797 3860 1919 3905 sunt
1965 3850 2257 3917 intelligere
2307 3848 2578 3917 gloriatur,
2626 3847 2759 3901 bene
2799 3843 3011 3915 quidem
3061 3845 3267 3910 credit,
3316 3852 3369 3900 et

1796 3955 1978 3994 verum
2007 3949 2107 4003 est,
2133 3953 2237 3991 non
2265 3951 2383 3992 esse
2432 3937 2573 3991 illam
2602 3951 2751 3989 suam
2800 3932 3099 3989 facultatem
3145 3934 3296 4004 quasi
3338 3951 3369 3987 a

1796 4032 1971 4101 seipso
2017 4031 2361 4094 existentem,
2391 4027 2484 4083 sed
2524 4027 2773 4081 divinitus
2800 4025 3076 4089 traditam;
3116 4026 3189 4079 ita
3225 4024 3368 4079 enim

1798 4121 1887 4175 Dei
1918 4120 2137 4190 gloriam
2170 4120 2359 4189 qumrit
2386 4126 2440 4172 et
2478 4132 2579 4171 non
2610 4131 2759 4171 suam
2794 4135 2808 4171 :
2839 4116 2933 4171 sed
2960 4131 3082 4170 cum
3113 4114 3237 4185 legit
3266 4155 3284 4181 ,
3315 4123 3371 4169 et

1797 4213 1943 4266 nullo
1964 4211 2061 4265 sibi
2090 4210 2360 4264 hominum
2386 4206 2964 4278 exponenteintelligit,
2993 4221 3091 4259 cur
3107 4205 3221 4275 ipse
3248 4204 3370 4261 aliis

1795 4305 2005 4358 all‘ectat
2032 4316 2315 4371 exponere,
2344 4316 2406 4356 ac
2426 4316 2529 4354 non
2568 4300 2741 4369 potius
2765 4313 2858 4354 eos
2884 4296 3105 4353 remittit
3130 4296 3242 4350 Deo
3262 4336 3278 4362 ,
3310 4304 3369 4349 ut

1796 4396 1895 4465 ipsi
1928 4409 2134 4464 quoque
2155 4408 2258 4446 non
2292 4408 2386 4461 per
2412 4392 2700 4457 hominem,
2732 4388 2827 4444 sed
2856 4388 2947 4443 illo
2974 4387 3117 4442 intus
3144 4388 3369 4443 docente

1796 4488 2123 4557 intelligant?
2151 4485 2255 4541 Sed
2277 4484 2523 4539 videlicet
2546 4484 2696 4538 timet
2733 4497 2801 4537 ne
2834 4481 3013 4535 audiat
3047 4496 3077 4535 a
3116 4480 3365 4544 Domino.

1798 4579 1953 4635 Serve
1996 4594 2207 4650 nequam
2237 4619 2252 4642 ,
2302 4577 2447 4630 dares
2501 4576 2764 4644 pecuniam
2810 4590 2971 4627 meam
3016 4573 3369 4628 nummulariis

1798 4670 2009 4745 (Matth.
2035 4685 2167 4735 xxv,
2193 4669 2283 4736 26,
2311 4667 2424 4741 27).
2452 4668 2599 4724 Sicut
2626 4680 2753 4737 ergo
2792 4666 2846 4721 hi
2890 4681 2955 4721 ea
3002 4682 3119 4738 quae
3167 4665 3367 4721 intelli-

1796 4772 1944 4834 gunt,
1973 4761 2198 4832 produnt
2248 4760 2456 4816 caeteris
2484 4758 2567 4813 vel
2604 4757 2869 4829 loquendo
2917 4758 2999 4812 vel
3044 4758 3364 4823 scribendo;

1796 4855 1868 4909 ita
1895 4869 1993 4924 ego
2017 4868 2223 4923 quoque
2251 4851 2295 4907 si
2322 4866 2427 4906 non
2454 4850 2625 4904 solum
2650 4864 2713 4905 ea
2736 4864 2855 4920 qua:
2883 4849 3177 4921 intelligant
3205 4850 3246 4916 ⁸,
3272 4849 3366 4903 sed

1796 4949 1953 5005 etiam
1982 4945 2320 5017 intelligendo
2340 4959 2401 5000 ea
2433 4959 2551 5014 qua:
2584 4943 2887 5009 observent,
2920 4941 3221 5012 prodidero,
3244 4940 3364 4995 θυι-

1797 5043 1912 5113 pari
1941 5043 2008 5097 ab
2050 5041 2128 5096 eis
2172 5038 2408 5110 profecto
2451 5052 2556 5092 non
2603 5038 2820 5093 debeo:
2855 5051 3153 5108 quanquam
3208 5049 3366 5088 nemo

1797 5132 1957 5187 debet
1982 5130 2177 5200 aliquid
2205 5128 2282 5183 sic
2306 5127 2501 5183 habere
2540 5128 2689 5197 quasi
2732 5142 2886 5181 suum
2930 5125 3219 5196 proprium,
3261 5122 3367 5178 nisi

1798 5223 1934 5277 forte
1972 5219 2323 5276 mendacium.
2352 5216 2485 5273 Nam
2519 5232 2678 5273 omne
2705 5232 2887 5272 verum
2916 5216 2985 5270 ab
3022 5213 3113 5267 illo
3132 5222 3213 5267 est
3231 5255 3247 5280 ,
3275 5215 3368 5283 qui

1799 5315 1874 5370 ait
1901 5331 1914 5367 :
1946 5313 2058 5384 Ego
2077 5328 2189 5365 sum
2214 5310 2394 5364 veritas
2424 5307 2602 5381 (Ιοαη.
2631 5326 2738 5376 xlv,
2761 5309 2839 5379 6).
2866 5305 3000 5374 Quid
3028 5305 3170 5360 enim
3200 5304 3370 5361 habeo

1798 5422 1917 5462 mus
1939 5404 2079 5475 quod
2104 5418 2209 5458 non
2244 5401 2583 5474 accepimus?
2610 5400 2761 5468 Quod
2794 5400 2839 5454 si
2876 5398 3206 5469 accepimus,
3238 5397 3365 5469 quid

1798 5499 2087 5570 gloriamur
2112 5497 2262 5567 quasi
2282 5512 2388 5551 non
2415 5494 2771 5565 acceperimus
2802 5492 2844 5566 (1
2870 5490 2988 5547 Cor.
3012 5508 3086 5559 tv,
3114 5492 3171 5563 7)
3190 5492 3216 5546 ?

1869 5592 1921 5647 9.
1950 5589 2052 5659 Qui
2081 5590 2204 5659 legit
2229 5586 2560 5644 audientibus
2584 5578 2804 5653 litteras,
2834 5584 3017 5657 utique
3049 5601 3178 5656 quas
3205 5600 3371 5656 agno«

1801 5685 1901 5741 scit
1928 5682 2193 5745 enuntiat;
2221 5680 2311 5750 qui
2338 5685 2512 5733 autem
2538 5677 2679 5747 ipsas
2703 5676 2906 5735 litteras
2932 5677 3106 5755 tradit,
3136 5675 3236 5731 hoc
3260 5676 3367 5746 agit

1869 5797 1884 5827 ι
1911 5802 2015 5845 Mss.
2040 5792 2209 5856 viginti
2230 5798 2352 5851 tres,
2374 5787 2596 5853 intelligo.
