3874 6332
391 235 462 294 23

395 358 636 406 naturam
667 339 866 407 vident,
894 327 1320 408 quandoquidem
1366 339 1425 380 se
1466 321 1648 377 vident
1674 317 1976 374 mutabiles.

467 435 690 494 CAI'UT
733 432 823 486 IX.
852 458 924 471 --
948 423 1267 496 Sapientiam
1295 416 1658 472 immutabilem
1681 409 1914 467 mutabili

731 519 1097 596 prmferendam
1118 531 1224 569 esse
1249 526 1419 568 omnes
1444 516 1646 563 norunt.

471 627 524 682 9.
567 595 739 677 Nemo
772 624 854 671 cst
892 613 1032 669 enim
1075 619 1184 664 tam
1231 601 1602 675 impudenter‘
1635 597 1870 654 insulsus
1897 595 1989 666 qui

403 721 578 776 dicat:
605 713 756 770 Unde
800 708 907 764 scis
945 700 1448 760 incommutabiliter
1489 694 1784 765 sapientem
1825 691 1990 746 vitam

404 807 645 867 mutabili
687 817 808 859 esse
851 793 1273 872 praeferendam?
1305 790 1535 860 Idipsum
1565 785 1707 841 enim
1737 782 1879 854 quod
1908 781 1992 835 in-

411 905 662 969 terrogat,
710 893 854 949 unde
893 890 1080 953 sciam,
1121 883 1370 940 omnibus
1412 879 1481 934 ad
1527 873 1994 969 contemplandum

408 964 766 1050 communiter
807 991 968 1052 atque
1015 972 1519 1034 incommutabiliter
1562 977 1758 1040 praesto
1786 974 1887 1021 est.
1932 964 2000 1018 Et

411 1087 514 1142 hoc
539 1083 628 1154 qui
658 1096 764 1135 non
795 1077 958 1142 videt,
991 1075 1059 1128 ita
1104 1079 1186 1127 est
1228 1067 1379 1139 quasi
1418 1077 1592 1121 czecus
1637 1061 1691 1116 in
1733 1059 1867 1154 sole,
1912 1056 2000 1112 cui

412 1151 572 1233 nihil_
593 1172 808 1244 prodest
837 1165 966 1238 ipsis
997 1162 1128 1219 locis
1157 1160 1434 1216 oculorum
1465 1155 1580 1225 ejus
1611 1163 1718 1208 tam
1755 1151 1914 1206 clarae
1939 1163 2002 1203 ac

414 1267 697 1341 praesentis
723 1261 855 1317 lucis
885 1259 1054 1329 fulgor
1077 1257 1302 1310 infusus.
1339 1248 1441 1317 Qui
1469 1257 1646 1302 autem
1669 1245 1814 1341 videt
1840 1250 2001 1341 et-re-

417 1335 569 1434 fugit,
599 1353 984 1415 consuetudine
1034 1351 1338 1405 umbrarum
1387 1341 1678 1399 carnalium
1724 1335 2004 1392 invalidam

416 1428 613 1513 metuis
657 1452 828 1507 aciem
877 1445 1032 1518 gerit.
1079 1444 1374 1498 Pravorum
1425 1437 1584 1508 igitur
1612 1448 1819 1488 morum
1852 1428 2008 1501 quasi

420 1545 703 1606 contrariis
733 1541 946 1597 flatibus
973 1538 1041 1593 ab
1062 1536 1174 1606 ipsa
1201 1531 1364 1602 patria
1387 1526 1815 1600 repercutiuntur
1835 1519 2010 1577 homi-

420 1657 554 1706 nes;
591 1637 884 1709 posteriora
911 1641 1072 1700 atque
1098 1625 1350 1682 inferiora
1378 1630 1666 1687 sectantes,
1699 1633 1857 1689 quam
1880 1613 2011 1671 illud

423 1734 564 1807 quod
591 1745 710 1786 esse
740 1727 931 1782 melius
954 1733 1114 1794 atque
1137 1717 1474 1790 praestantius
1494 1713 1831 1807 confitentur.

423 1802 649 1883 CAPUT
675 1820 746 1874 X.
765 1848 838 1859 —
866 1815 946 1870 Ad
981 1811 1250 1868 videndum
1276 1808 1442 1863 Deum
1470 1803 1765 1879 purgandus
1792 1802 2010 1857 animus.

498 1917 586 1973 10.
625 1914 980 1982 Quapropter,
1008 1920 1130 1962 cum
1159 1903 1247 1958 illa
1271 1901 1496 1956 veritate
1526 1894 1902 1969 perfruendum
1920 1893 2010 1961 sit,

426 2026 546 2083 quae
576 1999 1083 2063 incommutabiliter
1109 1996 1256 2058 vivit,
1289 2004 1346 2050 et
1386 1993 1440 2047 in
1483 2006 1545 2048 ea
1589 1989 1822 2044 Trinitas
1852 1986 2011 2083 Deus,

426 2077 613 2158 auctor
645 2106 700 2153 et
731 2094 976 2152 conditor
1003 2086 1391 2150 universitatis,
1429 2083 1588 2139 rebus
1616 2095 1750 2152 quas
1777 2077 2018 2136 condidit

427 2193 705 2258 consulat;
734 2186 1038 2260 purgandus
1062 2192 1144 2240 est
1167 2181 1398 2246 animus,
1426 2186 1486 2232 ut
1529 2185 1584 2232 et
1621 2176 1924 2248 perspicere
1950 2172 2017 2228 ει-

429 2287 535 2342 lam
561 2287 736 2340 lucem
761 2280 956 2343 valeat,
975 2285 1030 2332 et
1048 2274 1309 2331 inhaerere
1330 2277 1621 2340 perspecta:
1638 2269 1681 2319 ⁸.
1701 2266 1867 2332 Quam
1892 2281 2019 2335 pur-

430 2379 697 2450 gationem
719 2373 868 2446 quasi
889 2367 1304 2426 ambulationem
1335 2362 1643 2433 quamdam,
1675 2369 1729 2416 et
1748 2359 1898 2429 quasi
1922 2374 2021 2414 na-

430 2469 752 2542 vigationem
784 2464 850 2520 ad
879 2461 1100 2534 patriam
1131 2474 1250 2514 esse
1277 2456 1620 2512 arbitremur.
1638 2452 1754 2508 Non
1783 2453 1924 2507 enim
1953 2453 2020 2508 ad

433 2580 556 2621 eum
587 2561 678 2633 qui
703 2559 903 2629 ubique
925 2570 1164 2628 praesens
1180 2562 1282 2617 est,
1303 2550 1430 2607 locis
1445 2564 1739 2613 movemur,
1762 2547 1858 2603 sed
1878 2549 2022 2604 bono

435 2658 612 2715 studio
639 2655 898 2724 bonisque
923 2651 1181 2705 moribus.

469 2748 694 2806 CAPUT
723 2746 814 2802 XI.
843 2775 909 2787 —
937 2743 1203 2816 Purgandi
1223 2741 1382 2796 animi
1401 2736 1683 2809 exemplum
1721 2735 1988 2800 Sapientia

1087 2837 1371 2890 incuruata.

511 2939 600 2994 II.
640 2934 793 3004 Quod
821 2947 925 2988 non
950 2943 1250 3001 possemus,
1285 2923 1384 2980 nisi
1424 2925 1532 2994 ipsa
1561 2922 1827 2994 Sapientia
1861 2928 2024 2976 tanta:

438 3032 598 3089 etiam
625 3039 820 3082 nostra:
851 3020 1142 3078 infirmitati
1168 3034 1462 3088 congruere
1503 3018 1830 3087 dignaretur,
1859 3022 1914 3068 et
1943 3013 2023 3066 vi-

438 3120 597 3178 vendi
627 3117 781 3173 nobis
812 3115 1076 3185 praeberet
1101 3111 1425 3179 exemplum,
1458 3125 1562 3163 non
1593 3109 1749 3162 aliter
1773 3123 1930 3176 quam
1972 3107 2023 3160 in

439 3214 679 3275 homine,
721 3208 971 3279 quoniam
1016 3215 1065 3259 et
1111 3217 1209 3258 nos
1248 3203 1492 3256 homines
1520 3215 1722 3255 sumus.
1767 3197 1871 3254 Sed
1902 3199 2025 3269 quia

441 3322 540 3362 nos
563 3318 681 3358 cum
712 3301 776 3354 ad
809 3300 951 3354 illam
983 3297 1246 3359 venimus,
1297 3296 1566 3363 sapienter
1615 3293 1866 3358 facimus;
1914 3293 2026 3360 ipsa

443 3413 563 3456 cum
593 3394 657 3449 ad
685 3407 783 3447 nos
813 3390 975 3452 venit,
1002 3389 1070 3442 ab
1097 3388 1402 3443 hominibus
1427 3384 1840 3455 superbisquasi
1866 3384 2028 3438 stulte

446 3491 639 3548 fecisse
667 3496 843 3556 putata
884 3495 986 3538 est.
1021 3483 1088 3538 Et
1114 3482 1363 3552 quoniam
1396 3496 1491 3534 nos
1520 3495 1638 3534 cum
1669 3477 1734 3532 ad
1772 3477 1911 3530 illam
1940 3493 2030 3531 ve-

442 3586 638 3646 nimus,
669 3580 1118 3642 comaleseimus;
1151 3576 1262 3644 ipsa
1288 3589 1408 3630 cum
1449 3572 1516 3628 ad
1552 3587 1650 3627 nos
1682 3570 1849 3633 venit,
1879 3569 2029 3641 quasi

442 3676 650 3733 infirma
681 3673 978 3729 existimata
1001 3679 1102 3726 est.
1127 3668 1232 3723 Sed
1261 3666 1399 3737 quod
1427 3666 1658 3719 ’stultum
1685 3673 1768 3718 est
1801 3662 1915 3729 Dei,
1947 3678 2033 3716 sa-

443 3771 674 3843 pientius
713 3777 796 3824 est
841 3765 1173 3820 hominibus:
1221 3771 1275 3818 et
1313 3760 1452 3832 quod
1499 3759 1764 3815 infirmum
1807 3767 1889 3814 est
1915 3758 2028 3824 Dei,

443 3865 633 3920 fortius
654 3874 734 3916 est
761 3861 1058 3915 hominibus
1090 3859 1131 3930 (Ι
1158 3855 1277 3912 Cor.
1303 3874 1339 3921 I,
1370 3855 1484 3927 25).
1514 3855 1646 3910 Cum
1676 3869 1804 3924 ergo
1833 3855 1942 3923 ipsa
1963 3853 2034 3909 sit

444 3957 640 4027 patria,
675 3952 814 4006 viam
843 3967 900 4004 se
925 3963 1139 4020 quoque
1167 3946 1320 4001 nobis
1354 3945 1478 4000 fecit
1506 3944 1571 3998 ad
1597 3946 1840 4013 patriam.

444 4042 670 4100 CAPUT
720 4043 832 4096 XII.
857 4071 928 4081 ——
951 4039 1213 4106 Quomodo
1246 4036 1512 4106 Sapientia
1544 4034 1640 4088 Dei
1665 4037 1732 4089 ad
1760 4053 1851 4090 nos
1879 4039 2030 4092 venit.

518 4137 587 4191 Et
613 4150 731 4189 cum
755 4150 883 4188 sano
901 4143 954 4186 et
982 4147 1113 4202 puro
1145 4130 1384 4184 interiori
1407 4129 1562 4183 oculo
1583 4129 1780 4201 ubique
1802 4130 1869 4183 sit
1893 4145 2031 4199 prte-

445 4245 593 4295 sens,
623 4241 806 4282 eorum
835 4226 922 4295 qui
951 4225 1161 4279 oeulum
1190 4223 1336 4276 illum
1372 4206 1641 4276 infirmum
1671 4221 2032 4276 immundum-

446 4339 550 4391 que
575 4319 786 4382 habent,
816 4319 982 4371 oculis
1009 4316 1168 4369 etiam
1193 4313 1401 4368 carneis
1419 4328 1678 4384 apparere
1695 4312 1906 4382 dignata
1928 4322 2028 4368 est.

445 4413 577 4481 Quia
607 4411 746 4465 enim
778 4409 826 4463 in
866 4407 1134 4476 Sapientia
1176 4407 1266 4460 Dei
1300 4420 1402 4459 non
1433 4414 1636 4474 poterat
1667 4404 1896 4458 mundus
1936 4420 2033 4474 per

444 4501 772 4572 Sapientiam
802 4513 1126 4569 cognoscere
1153 4497 1341 4562 Deum,
1373 4495 1569 4565 placuit
1603 4495 1715 4550 Deo
1743 4511 1836 4565 per
1862 4495 2034 4550 stulti-

445 4597 573 4650 tiam
606 4589 997 4663 praedicationis
1022 4589 1199 4643 salvos
1230 4588 1405 4643 facere
1442 4586 1724 4642 credentes
1770 4585 1810 4659 (l
1841 4584 1959 4641 Cor.
1989 4603 2027 4656 ι,

445 4685 561 4755 21).

518 4777 606 4833 12.
648 4775 764 4831 Non
803 4776 961 4845 igitur
1006 4789 1098 4844 per
1144 4774 1384 4827 locorum
1416 4771 1585 4841 spatia
1621 4770 1904 4838 veniendo,
1937 4772 2030 4827 sed

444 4873 498 4926 in
539 4885 701 4926 carne
743 4867 950 4922 mortali
995 4865 1306 4920 m0rtalibus
1353 4862 1678 4934 apparcndo,
1727 4862 1936 4918 venisse
1964 4863 2031 4918 ad

445 4978 543 5016 nos
572 4960 784 5015 dicitur.
832 4958 960 5012 Illuc
989 4972 1116 5027 ergo
1159 4955 1303 5010 venit
1345 4955 1430 5009 ubi
1475 4962 1606 5016 erat,
1650 4953 1771 5024 quia
1825 4953 1874 5008 in
1929 4953 2032 5010 hoc

443 5054 646 5108 mundo
675 5063 810 5115 erat,
844 5059 896 5104 et
926 5049 1154 5104 mundus
1185 5065 1278 5119 per
1303 5064 1418 5102 eam
1444 5045 1612 5102 factus
1636 5058 1740 5102 est.
1766 5045 1870 5102 Sed
1892 5061 2030 5117 quo-

446 5148 587 5202 niam
618 5145 908 5216 cupiditate
939 5142 1147 5198 fruendi
1185 5156 1281 5212 pro
1328 5142 1442 5211 ipso
1485 5141 1736 5196 Creatore
1761 5151 2024 5206 creatura,

443 5237 690 5292 homines
719 5237 1032 5308 configurati
1080 5236 1201 5290 huic
1232 5234 1451 5298 mundo,
1502 5242 1557 5288 et
1599 5233 1780 5288 mundi
1813 5234 2028 5290 nomine

445 5325 923 5400 congruentissime
948 5328 1139 5392 vocati,
1176 5343 1282 5382 non
1327 5342 1444 5381 eam
1475 5335 1855 5398 cognoverunt,
1899 5343 2025 5398 pro-

444 5432 629 5494 pterea
659 5421 790 5476 dixit
818 5421 1188 5494 Evangelista:
1217 5419 1286 5476 Et
1310 5421 1528 5476 mundus
1570 5437 1680 5475 eum
1714 5437 1814 5476 non
1843 5437 2028 5493 cogno-

442 5595 464 5676 l.
511 5593 954 5718 31:13:?an
985 5590 1335 5658 anprudenter.
1381 5599 1432 5643 tn
1477 5599 1583 5642 Mss.
1631 5590 1885 5650 tredecim,
1927 5595 2027 5642 tam

445 5673 512 5717 νη
729 5687 790 5718 ,⁸-
1251 5717 1255 5718 ν

445 5673 767 5717 impatienter.

511 5715 530 5754 θ
562 5718 699 5781 Editi,
719 5715 956 5771 inhterere
967 5720 1194 5787 perfecte.
1214 5717 1490 5784 Elegantius
1507 5725 1633 5779 Mss,
1652 5719 1931 5784 perspectte.

1294 205 1383 266 DE
1420 200 1760 264 DOCTRINA
1798 197 2238 267 CHRISTIANA,
2280 200 2339 257 S.
2381 194 2764 257 AUGUSTINI.

3598 198 3696 258 ει

2093 315 2161 370 vit
2189 313 2366 386 (Joan.
2396 328 2435 379 ι,
2465 311 2576 381 10).
2611 311 2792 382 Itaque
2821 310 2875 365 in
2901 308 3168 381 Sapientia
3198 308 3293 366 Dei
3318 325 3422 368 non
3463 321 3696 383 poterat

2092 409 2322 465 mundus
2364 423 2460 478 per
2499 406 2823 476 Sapientiam
2850 419 3172 476 cognoscere
3201 406 3386 462 Deum.
3416 407 3522 462 Cur
3546 425 3701 480 ergo

2095 503 2240 558 venit
2265 516 2381 556 cum
2417 500 2504 555 hic
2535 508 2697 570 esset,
2733 499 2832 554 nisi
2863 500 2983 570 quia
3012 500 3208 570 placuit
3240 499 3350 555 Deo
3379 517 3474 571 per
3501 504 3700 559 stulti-

2097 595 2224 649 tiam
2255 592 2647 664 prmdicationis
2675 591 2852 646 salvos
2879 592 3054 648 facere
3081 591 3399 649 credentes?

2274 685 2497 742 CAPUT
2541 685 2674 741 XIII.
2716 717 2789 727 —
2821 685 3038 741 Verbum
3060 704 3179 740 caro
3199 691 3390 759 factum
3411 697 3506 745 est.

2168 778 2447 848 Quomodo
2477 779 2644 846 venit,
2666 781 2766 834 nisi
2789 779 2928 850 quod
2951 779 3184 836 Verbum
3216 798 3342 837 euro
3367 783 3558 840 factum
3583 793 3709 853 est,

2101 877 2157 926 et
2207 869 2465 924 habitavit
2515 869 2568 924 in
2620 870 2776 925 nobis
2829 868 3019 944 (Joan.
3071 889 3109 937 ι,
3163 873 3304 944 M)?
3351 874 3514 930 Sicuti
3565 892 3713 932 cum

2103 962 2392 1033 loquimur,
2436 971 2496 1017 ut
2540 961 2591 1017 id
2637 963 2779 1034 quod
2827 964 3008 1018 animo
3055 965 3309 1034 gerimus,
3343 967 3394 1021 in
3424 970 3715 1027 audientis

2104 1057 2339 1110 animum
2367 1071 2463 1125 per
2477 1071 2634 1111 aures
2663 1071 2886 1111 carncas
2913 1056 3178 1123 illabatur,
3205 1061 3260 1111 lit
3281 1074 3443 1114 sonus
3467 1063 3712 1118 verbum

2107 1147 2248 1218 quod
2276 1149 2439 1206 corde
2461 1157 2753 1220 gestamus,
2795 1162 2849 1204 et
2875 1150 3072 1206 locutio
3100 1162 3350 1219 vocatur;
3387 1171 3483 1211 nec
3515 1165 3715 1214 tamen

2108 1239 2161 1294 in
2191 1240 2439 1295 eumdem
2485 1256 2676 1296 sonum
2720 1242 2970 1312 cogitatio
3001 1253 3183 1299 nostra
3213 1248 3566 1314 convertitur,
3603 1249 3719 1304 sed

2110 1333 2246 1402 apud
2270 1349 2329 1389 se
2351 1348 2572 1390 ntanens
2599 1334 2821 1405 integra,
2851 1333 3073 1389 formam
3096 1338 3241 1392 vocis
3261 1353 3362 1408 qua
3384 1354 3442 1393 se
3466 1340 3724 1397 insinuet

2111 1427 2348 1491 auribus,
2375 1427 2491 1483 sine
2516 1429 2691 1499 aliqua
2731 1429 2851 1485 labe
2895 1445 3006 1484 sua:
3043 1432 3350 1486 mutationis
3379 1432 3395 1463 ¹
3424 1434 3660 1490 assumit
3700 1452 3721 1490 :

2113 1517 2186 1572 ita
2219 1517 2448 1574 Verbum
2484 1519 2574 1574 Dei
2597 1536 2703 1575 non
2725 1531 3130 1590 commutatum,
3153 1536 3279 1577 caro
3301 1531 3477 1580 tamen
3501 1523 3722 1582 factum

2114 1619 2217 1676 est,
2247 1619 2305 1664 ut
2335 1611 2597 1666 habitaret
2623 1613 2675 1667 in
2707 1614 2880 1670 nobis.

2189 1703 2419 1760 CAPUT
2458 1705 2595 1761 XIV.
2633 1736 2704 1748 —
2733 1705 3003 1761 Hominem
3040 1707 3290 1780 quomodo
3317 1708 3510 1763 sanarit
3541 1708 3640 1764 Dei

2770 1800 3055 1869 Sapientia.

2191 1893 2278 1949 15.
2319 1892 2468 1950 Sicut
2501 1901 2680 1949 autem
2719 1895 2926 1950 curatio
2954 1895 3038 1949 via
3083 1903 3168 1952 est
3195 1895 3261 1950 ad
3291 1895 3600 1964 sanitatem,
3635 1899 3726 1955 sic

2119 1985 2219 2042 ista
2249 1987 2455 2040 curatio
2482 1994 2792 2056 peccatores
2819 1987 3086 2042 sanandos
3129 1987 3552 2061 reliciendosque
3583 2007 3725 2047 sus-

2120 2080 2283 2150 cepit.
2310 2080 2376 2134 Et
2393 2079 2843 2150 quemadmodum
2866 2080 3056 2135 medici
3083 2096 3205 2136 cum
3227 2081 3441 2153 alligant
3459 2082 3721 2152 vulnera,

2121 2191 2228 2230 non
2258 2174 2629 2244 incomposite,
2653 2173 2746 2228 sed
2771 2183 2892 2244 apte
2916 2174 2966 2229 id
2989 2173 3206 2240 faciunt,
3251 2184 3307 2230 ut
3339 2175 3536 2232 vinculi
3565 2178 3726 2232 utili-

2122 2277 2284 2324 tatem
2333 2269 2576 2340 quaedam
2623 2269 2962 2338 pulchritudo
3006 2270 3164 2325 etiam
3209 2280 3604 2341 consequatur:
3642 2273 3726 2329 sic

2124 2363 2384 2418 medicina
2408 2361 2694 2432 Sapientiae
2726 2379 2820 2432 per
2844 2362 3075 2417 hominis
3099 2365 3492 2432 susceptionem
3513 2367 3727 2421 nostris

2124 2463 2206 2508 est
2219 2453 2620 2509 accommodata
2641 2454 2979 2518 vulneribus;
3002 2453 3069 2508 de
3089 2455 3404 2525 quibusdatn
3427 2458 3727 2512 contrariis

2126 2561 2342 2613 curans,
2389 2556 2442 2602 et
2481 2547 2550 2601 de
2593 2546 2907 2617 quibusdam
2933 2546 3216 2602 similibus.
3251 2547 3402 2603 Sicut
3428 2549 3592 2605 etiam
3629 2552 3726 2607 ille

2127 2639 2216 2708 qui
2269 2639 2513 2693 medetur
2540 2639 2746 2693 vulneri
2775 2639 3033 2708 corporis,
3062 2639 3276 2694 adhibet
3305 2641 3550 2711 qumdam
3577 2658 3726 2700 con-

2131 2731 2312 2790 traria.
2344 2731 2484 2784 sicut
2513 2729 2759 2800 frigidum
2787 2731 2980 2795 calido,
3012 2733 3098 2786 vel
3136 2732 3408 2788 humidum
3435 2736 3606 2801 sicco,
3638 2738 3728 2795 vel

2128 2825 2173 2878 si
2204 2823 2326 2893 quid
2359 2823 2498 2878 aliud
2527 2822 2860 2891 huiusmodi;
2892 2825 3109 2880 adhibet
3150 2828 3310 2880 etiam
3353 2827 3600 2898 quaedam
3654 2831 3730 2885 si-

2129 2916 2294 2979 milia,
2326 2918 2464 2970 sicut
2488 2916 2765 2971 linteolum
2797 2916 2879 2971 vel
2909 2918 3135 2972 rotnudo
3167 2919 3373 2975 vulneri
3404 2923 3729 2991 rotundum,

2130 3007 2211 3061 vel
2239 3008 2525 3078 oblongum
2549 3008 2798 3079 nbloago,
2831 3008 3216 3081 ligaturamque
3241 3013 3405 3081 ipsam
3437 3029 3542 3069 non
3575 3031 3730 3073 eam-

2130 3100 2249 3156 dem
2269 3101 2520 3155 membris
2537 3100 2802 3163 onmilms,
2827 3102 2918 3156 sed
2945 3103 3170 3157 similem
3196 3104 3462 3160 similibus
3481 3119 3729 3177 coaptat:

2131 3195 2209 3250 sic
2247 3193 2502 3262 sapientia
2535 3193 2625 3248 Dei
2669 3192 2939 3248 hominem
2969 3210 3181 3260 curans,
3214 3197 3443 3268 seipsam
3474 3201 3731 3258 exhibuit

2133 3289 2197 3342 ad
2227 3289 2542 3354 sanandum,
2570 3289 2680 3358 ipsa
2709 3287 2968 3353 medicus,
2999 3290 3110 3361 ipsa
3134 3294 3412 3350 medicina.
3441 3297 3575 3365 Quia
3595 3316 3733 3373 ergo

2134 3398 2233 3452 per
2251 3381 2553 3450 superbiam
2579 3380 2739 3434 homo
2760 3381 2941 3450 lapsus
2963 3391 3067 3447 est,
3095 3382 3443 3441 humilitatem
3479 3388 3733 3448 adhibuit

2134 3475 2199 3528 ad
2239 3473 2552 3528 sanandum.
2583 3471 2858 3541 Serpentis
2889 3473 3146 3542 sapientia
3169 3474 3374 3547 decepti
3397 3495 3606 3548 sumus,
3638 3484 3734 3541 Dei

2134 3567 2355 3622 stultitia
2380 3566 2685 3620 liberamur.
2711 3563 3171 3632 Quemadmodum
3195 3579 3371 3626 autem
3395 3571 3481 3626 illa
3507 3573 3735 3645 δαμίου.

2137 3663 2206 3717 lia
2240 3660 2551 3723 vocabatur,
2599 3664 2718 3711 erat
2765 3666 2940 3712 autem
2984 3659 3203 3714 stultitia
3253 3672 3734 3728 contemnentibus

2139 3753 2333 3817 Deum;
2362 3751 2438 3806 sic
2474 3750 2572 3804 ista
2616 3765 2734 3819 quae
2778 3759 2997 3805 vocatur
3039 3753 3280 3819 stultitia,
3328 3755 3598 3828 Sapientia
3653 3772 3736 3819 est

2137 3844 2471 3900 vincentibus
2521 3843 2807 3897 diabolum.
2863 3843 2969 3897 Nos
3023 3844 3416 3905 immortalitate
3459 3853 3603 3910 male
3652 3857 3736 3912 usi

2138 3954 2342 4003 sumus,
2363 3945 2423 3992 ut
2442 3951 2802 3999 moreremur;
2833 3934 3077 3994 Christus
3099 3939 3419 3998 mortalitate
3441 3943 3580 4002 bene
3598 3964 3735 4004 usus

2138 4038 2238 4094 est,
2262 4037 2319 4083 ut
2338 4029 2656 4083 viveremus.
2696 4025 2960 4097 Corrupto
2995 4031 3172 4086 animo
3206 4031 3418 4089 femina:
3451 4036 3734 4106 ingressus

2138 4133 2220 4180 est
2248 4123 2498 4188 morbus;
2529 4123 2735 4191 integro
2763 4135 2986 4191 corpore
3017 4121 3229 4179 feminae
3261 4129 3521 4196 processit
3555 4134 3730 4190 salus.

2137 4215 2220 4271 Ad
2249 4215 2437 4270 eadem
2485 4214 2749 4268 contraria
2797 4213 3046 4284 pertinet,
3097 4217 3236 4285 quod
3266 4219 3426 4274 etiam
3475 4226 3734 4296 exemplo

2137 4310 2391 4363 virtutum
2417 4307 2534 4376 ejus
2557 4308 2680 4362 vitia
2712 4317 2892 4363 nostra
2937 4320 3209 4366 curantur.
3237 4311 3487 4370 Jamvero
3529 4318 3731 4374 similia

2138 4402 2286 4472 quasi
2315 4402 2598 4470 ligamenta
2625 4401 2880 4456 membris
2918 4412 2972 4458 ct
3002 4404 3310 4461 vulneribus
3341 4409 3538 4466 nostris
3567 4413 3732 4468 adhi-

2137 4493 2268 4558 bita,
2299 4491 2386 4545 illa
2417 4502 2559 4554 sunt,
2588 4491 2728 4558 quod
2772 4509 2864 4562 per
2893 4492 3145 4550 feminam
3171 4498 3427 4569 deceptos
3451 4517 3549 4571 per
3572 4502 3730 4562 femio

2138 4600 2258 4639 nam
2289 4592 2464 4649 natus,
2495 4583 2654 4637 homo
2685 4585 2947 4650 homines,
2981 4589 3221 4645 mortalis
3243 4595 3515 4662 mortales,
3549 4610 3731 4654 morte

2138 4685 2378 4731 mortuos
2409 4676 2678 4731 liberavit.
2708 4676 2868 4732 Multa
2894 4695 3106 4749 quoque
3133 4682 3237 4736 alia
3264 4683 3574 4755 diligentius
3593 4704 3731 4747 con-

2136 4771 2496 4826 siderantibus
2515 4786 2650 4842 quos
2676 4771 2900 4827 instituti
2918 4775 3097 4843 operis
3123 4772 3406 4848 peragendi
3429 4785 3730 4842 necessitas

2137 4879 2243 4919 non
2272 4864 2428 4936 rapit,
2463 4865 2550 4919 vel
2575 4880 2604 4918 a
2631 4866 2934 4931 contrariis,
2968 4867 3050 4921 vel
3079 4883 3110 4921 a
3151 4868 3413 4928 similibus
3441 4875 3727 4934 medicinas

2136 4957 2442 5014 christianze
2469 4968 2690 5028 apparet
2720 4958 3016 5015 instructio.

2135 5048 2359 5104 CAPUT
2397 5047 2516 5126 XV.
2532 5080 2602 5090 —
2628 5049 3010 5107 Resurrectione
3027 5060 3075 5108 et
3099 5058 3390 5113 ascensione
3409 5058 3598 5118 Christi
3615 5064 3724 5136 ful-

2523 5145 2655 5198 citur
2675 5145 2821 5213 ﬁdes,
2844 5148 3093 5202 excitatur
3104 5150 3325 5218 judicio.

2208 5235 2295 5291 14.
2335 5235 2584 5292 Jamvero
2613 5239 2811 5294 credita
2837 5239 3044 5296 Domini
3073 5259 3104 5299 a
3133 5245 3358 5301 mortuis
3374 5253 3717 5321 resurrectio,

2135 5327 2254 5383 etin
2271 5328 2464 5384 coelum
2491 5330 2754 5396 ascensio,
2775 5347 2960 5404 magna
2984 5349 3078 5404 spe
3111 5334 3256 5392 fulcit
3279 5337 3435 5395 fidem
3456 5354 3712 5402 nostram.

2134 5419 2355 5476 Mullum
2399 5420 2544 5476 enim
2582 5423 2817 5479 ostendit
2856 5441 3014 5496 quam
3071 5428 3376 5488 voluntarie
3417 5449 3515 5504 pro
3563 5438 3717 5494 nobis

2134 5514 2365 5569 animam
2396 5515 2652 5585 posuerit,
2681 5517 2769 5586 qui
2798 5532 2913 5572 eam
2942 5519 3022 5575 sic
3050 5519 3236 5577 habuit
3259 5523 3312 5579 in
3335 5534 3600 5594 potestate
3623 5545 3711 5586 re-

2134 5619 2367 5661 sumere.
2396 5605 2600 5674 Quanta
2627 5622 2756 5678 ergo
2783 5624 2842 5664 se
2871 5609 3062 5668 fiducia
3084 5628 3208 5685 spes
3233 5615 3566 5678 credentium
3583 5637 3713 5678 eon-

2199 5717 2216 5750 ι
2250 5722 2352 5768 Am.
2374 5723 2428 5770 et
2447 5724 2521 5769 Er.
2541 5717 2685 5790 :_sine
2705 5719 2869 5795 aliqua
2890 5722 3009 5790 tabe,
3035 5725 3138 5779 sine
3158 5727 3431 5787 mutatime.
