3874 6356
429 231 500 286 27
692 224 705 236 ’
1346 224 1435 281 DE
1473 221 1812 280 DOCTRINA
1849 219 2280 284 CMIS’HANA‘,
2323 219 2381 276 S.
2420 220 2790 279 AUGUSTINI
3627 231 3716 288 23

431 355 592 414 atque
631 338 1018 414 constringitur
1049 338 1465 397 incommutabili
1497 339 1656 406 bono,
1688 349 1855 407 quam
1891 341 2020 390 cum’

431 440 554 497 inde
581 441 660 493 vel
691 438 756 492 ad
779 440 1012 508 Seipsum
1047 438 1333 490 relaxatur.
1380 433 1436 490 Si
1482 449 1609 502 ergo
1639 433 1864 502 tripsum
1909 445 2012 484 non

432 544 646 604 propter
677 540 726 586 te
751 531 916 585 debes
943 531 1185 600 diligere,
1215 527 1306 582 sed
1347 537 1564 598 propter
1589 527 1734 582 illum
1769 525 1856 578 ubi
1882 525 2019 577 dile-

429 623 621 678 ctionis
653 634 754 676 tua)
781 622 1107 676 rectissimus
1131 620 1249 673 linis
1276 630 1378 682 est,
1410 636 1511 672 non
1543 617 1857 672 Succenseat
1879 618 2014 671 alius

429 713 610 778 homo,
634 715 677 767 si
701 714 858 767 etiam
884 714 1051 781 ipsum
1077 720 1289 780 propter
1313 711 1481 763 Deimt‘
1496 709 1691 780 diligis.
1725 710 1846 762 llzrc
1871 708 2015 762 enim

428 807 608 874 regula
636 805 930 859 dilectionis
961 804 1211 856 divinitus
1242 802 1524 856 constituta
1551 813 1631 856 est
1654 819 1666 853 :
1693 799 1902 871 Diliges,
1936 801 2018 853 iu-

426 897 560 971 quit,
595 897 877 966 proximum
909 905 1045 949 tuum
1068 895 1194 948 sicut
1216 894 1464 961 tripsunt;
1497 893 1659 948 Deum
1680 909 1805 946 vero
1833 909 1896 946 c1:
1914 901 2016 945 toto

426 989 593 1046 corde.
632 997 677 1041 et
709 1002 769 1040 ex
792 996 898 1039 tota
919 987 1086 1038 animo
1102 995 1148 1038 et
1174 995 1350 1038 extant
1376 997 1537 1038 mente
1559 983 1738 1056 (Leuit.
1771 1001 1878 1048 xix,
1917 984 2011 1046 l8;

426 1077 577 1134 Deut.
597 1094 670 1144 vi,
700 1079 762 1144 5;
791 1088 837 1132 et
865 1077 1049 1132 Matth.
1085 1093 1216 1141 χχιι,
1246 1078 1335 1141 57,
1365 1076 1491 1143 59);
1524 1086 1580 1129 ut
1604 1091 1788 1129 omnes
1817 1075 2015 1140 cogita-

425 1173 598 1227 tiones
633 1181 748 1226 tuas
774 1180 822 1224 et
855 1183 1068 1224 omnem
1094 1171 1255 1222 vitam
1286 1178 1332 1222 et
1363 1183 1575 1221 ontncm
1610 1168 1932 1222 intellecmm
1963 1168 2012 1220 in

427 1263 573 1317 illum
597 1262 907 1328 conferas,a
931 1276 1037 1330 quo
1059 1261 1222 1316 babes
1247 1277 1308 1313 ea
1337 1261 1446 1331 ipsa
1476 1275 1593 1329 quin
1618 1261 1848 1313 confers.
1880 1260 2013 1313 tium

433 1365 607 1409 autem
636 1356 729 1419 ait,
758 1363 862 1408 toto
897 1354 1066 1416 corde,
1112 1362 1215 1407 tota
1239 1353 1429 1415 mutua,
1471 1361 1574 1404 tota
1605 1362 1783 1412 meme,
1814 1351 2011 1404 nullam

433 1447 555 1500 vita:
595 1455 789 1500 nostra:
822 1456 1023 1514 partem
1071 1445 1303 1515 reliquit,
1350 1458 1467 1514 qua:
1512 1457 1702 1498 vacare
1744 1442 1930 1496 debeat
1961 1450 2015 1495 et

426 1539 576 1611 quasi
622 1541 793 1592 lucum
822 1537 950 1593 dare
981 1547 1036 1591 ut
1063 1538 1164 1592 alia
1197 1553 1256 1592 re
1296 1537 1422 1590 velit
1446 1537 1545 1589 frui
1571 1551 1586 1599 ;
1636 1534 1730 1589 sed
1757 1533 2012 1604 quidquid

423 1633 566 1688 aliud
594 1631 917 1702 diligendum
949 1631 1156 1686 venerit
1197 1631 1248 1684 in
1280 1631 1544 1696 animum,
1591 1630 1714 1684 illuc
1739 1629 2007 1698 rapiatur,

422 1740 531 1796 quo
576 1733 715 1778 totus
757 1723 1054 1778 dilectionis
1095 1724 1322 1792 impetus
1365 1722 1552 1775 currit.
1599 1719 1854 1790 Quisquis
1883 1735 2012 1789 ergo

422 1826 566 1872 recte
608 1823 904 1886 proximum
933 1817 1124 1886 diligit,
1157 1815 1258 1869 ltoe
1297 1829 1419 1869 cum
1447 1829 1513 1868 eo
1555 1814 1720 1868 debet
1743 1827 1926 1883 agere,
1955 1821 2014 1867 ut

423 1911 580 1966 etiam
615 1911 726 1981 ipse
761 1921 870 1965 toto
899 1910 1080 1977 corde,
1111 1919 1217 1964 tota
1249 1913 1446 1976 anima,
1476 1918 1584 1965 tota
1628 1917 1808 1963 mente
1832 1909 2015 1979 diligat

424 2005 610 2061 Deum.
639 2003 728 2061 Sic
741 2005 881 2059 enim
903 2020 1024 2059 cum
1051 2005 1275 2073 diligens
1298 2014 1544 2072 tanquam
1563 2003 1818 2073 seipsum,
1847 2011 2012 2058 totam

420 2098 756 2151 dilectionem
797 2097 875 2150 sui
909 2105 963 2150 et
1003 2097 1142 2151 illitis
1173 2095 1334 2149 rel‘crt
1383 2096 1433 2148 in
1477 2095 1621 2149 illam
1667 2095 2010 2148 dilectionem

424 2186 539 2250 Dei,
571 2205 686 2254 quae
715 2188 914 2242 nullum
945 2204 973 2240 a
1000 2203 1059 2243 se
1086 2187 1314 2243 rivulum
1335 2186 1456 2241 duci
1482 2197 1630 2242 extra
1658 2188 1874 2257 patitur,
1912 2202 2010 2243 cu-

420 2277 508 2347 jus
533 2278 862 2333 dcrivatione
889 2279 1177 2333 minuatur.

422 2392 648 2449 CAPUT
680 2391 863 2447 X\'lll.
893 2419 966 2431 —-
991 2389 1200 2446 Homini
1229 2401 1478 2461 prwccpto
1504 2407 1603 2445 non
1643 2407 1771 2458 opus
1812 2399 1914 2456 est,
1957 2398 2017 2444 ut

567 2500 621 2537 sc
641 2494 686 2537 ct
711 2500 857 2536 suum
886 2499 1068 2555 corpus
1104 2483 1301 2553 diligat.
1337 2480 1506 2536 Praua
1531 2483 1611 2535 sui
1635 2482 1855 2536 dilectio.

490 2618 578 2672 22.
599 2617 711 2672 Non
743 2627 920 2672 autem
951 2619 1126 2671 omnia
1145 2617 1336 2687 quibus
1355 2617 1604 2671 utendum
1623 2625 1723 2681 est,
1744 2616 2009 2684 diligenda

420 2718 564 2773 sunt,
593 2709 686 2763 sed
716 2725 776 2763 ea
808 2709 917 2762 sola
943 2725 1060 2780 quze
1088 2718 1178 2763 aut
1197 2709 1470 2764 nobiscmu
1498 2707 1750 2762 societate.
1780 2705 2007 2777 quadam

423 2803 725 2857 referuntur
755 2819 806 2856 tn
841 2803 1026 2868 Deum,
1077 2802 1230 2856 sicuti
1281 2813 1363 2855 Cal.
1413 2801 1604 2866 homo,
1637 2800 1718 2854 vel
1751 2799 2008 2869 angelus;

421 2906 511 2950 aut
545 2895 612 2949 ad
653 2911 748 2949 nos
791 2894 984 2961 relata,
1023 2893 1282 2948 beneﬁcio
1325 2893 1414 2946 Dei
1457 2907 1552 2963 per
1591 2907 1687 2945 nos
1733 2892 2006 2962 indigent,

422 2986 574 3041 sicuti
597 2993 680 3041 cst
700 3001 915 3055 corpus.
938 2979 1068 3039 Nam
1098 2986 1277 3054 utique
1299 2998 1561 3055 martyres
1588 2997 1691 3036 non
1709 2984 2010 3037 dilexerunt

422 3079 594 3133 scelus
626 3076 1052 3147 persequentium
1079 3091 1159 3138 se,
1192 3092 1296 3144 quo
1327 3085 1502 3128 tamen
1536 3075 1612 3128 usi
1641 3084 1763 3128 sunt
1791 3075 1854 3128 ad
1886 3091 2007 3143 pro-

425 3167 738 3224 merendum
775 3168 957 3224 Deum.
987 3165 1120 3222 Cum
1152 3183 1278 3236 ergo
1308 3178 1536 3237 quatuor
1565 3167 1671 3222 sint
1700 3167 1963 3236 dzligeuda
1989 3209 2005 3234 ,

425 3275 588 3314 unum
617 3259 756 3330 quod
787 3274 943 3326 supra
970 3273 1070 3312 nos
1108 3267 1208 3322 est,
1255 3258 1477 3312 alterum
1507 3258 1644 3327 quod
1677 3274 1773 3312 nos
1802 3274 2005 3323 smnus,

427 3349 636 3404 tertium
667 3349 804 3420 quod
831 3349 980 3418 juvta
1010 3363 1105 3402 uos
1131 3357 1230 3410 est,
1263 3359 1504 3418 quartum
1547 3347 1686 3418 quod
1730 3348 1861 3401 infra
1911 3363 2008 3402 nos

426 3451 534 3502 est;
567 3442 633 3496 de
659 3441 894 3495 secundo
913 3451 966 3495 et
986 3451 1172 3510 quarto
1192 3440 1332 3493 nulla
1359 3448 1615 3507 pra-cepta
1639 3439 1810 3492 danda
1833 3448 2003 3494 erant.

425 3533 840 3604 Quatntumlibet
867 3533 1008 3588 enim
1041 3534 1199 3586 homo
1225 3531 1433 3586 excidat
1459 3547 1487 3586 a
1519 3530 1741 3586 veritate
1765 3574 1780 3595 ,
1827 3545 2005 3586 rema-

425 3637 516 3682 net
557 3627 628 3682 illi
671 3627 884 3683 dilectio
919 3628 998 3680 sui
1044 3634 1099 3679 ct
1141 3623 1354 3678 dilectio
1397 3625 1636 3694 corporis
1674 3625 1774 3677 sui.
1829 3617 2005 3694 Fugax

425 3721 566 3776 enim
593 3721 800 3775 animus
820 3722 887 3775 ab
910 3717 1322 3774 incouunutabili
1350 3719 1547 3772 lumine
1568 3719 1800 3770 omnium
1822 3733 2009 3786 regna-

427 3813 563 3876 tore,
595 3813 644 3865 id
676 3811 776 3882 agit
810 3822 865 3864 ut
891 3812 1004 3880 ipse
1028 3810 1126 3864 sibi
1156 3821 1336 3879 regnet
1357 3821 1408 3863 et
1431 3810 1638 3878 corpori
1661 3826 1755 3862 sua
1777 3825 1791 3874 ;
1816 3819 1867 3863 ct
1889 3810 2008 3864 ideo

428 3918 529 3958 nou
564 3912 735 3972 potest
762 3902 860 3955 nisi
889 3911 939 3955 ct
971 3916 1030 3954 se
1055 3910 1109 3953 rt
1135 3917 1327 3972 corpus
1353 3916 1505 3955 suum
1536 3901 1778 3970 diligere.
1935 3885 1938 3887 Δ

495 3992 584 4048 23.
623 3994 864 4062 Magnum
909 4001 1082 4046 autem
1120 3992 1317 4062 aliquid
1363 3992 1611 4060 adeptum
1663 4007 1722 4047 se
1765 4002 1929 4062 putat,
1961 3993 2004 4047 si

426 4085 583 4141 etiam
606 4083 850 4147 soeiis,id
873 4091 952 4137 est
977 4084 1092 4138 aliis
1119 4084 1440 4147 hominibus,
1466 4083 1725 4136 dominari
1755 4085 2003 4153 potuerit.

425 4175 566 4232 Inest
591 4178 730 4231 ctum
771 4176 962 4230 vitioso
994 4177 1172 4230 animo
1224 4176 1272 4230 id
1316 4177 1481 4244 magis
1523 4187 1791 4244 appetere,
1825 4186 1878 4231 ct
1905 4177 2005 4230 sibi

429 4281 675 4340 tanquam
699 4271 933 4325 debitum
960 4271 1246 4334 vindicztre,
1271 4269 1407 4338 quod
1436 4270 1521 4322 uni
1547 4269 1756 4338 proprie
1781 4268 2005 4324 debetur

428 4363 554 4418 Deo.
589 4361 732 4416 Talis
756 4371 932 4416 autem
964 4362 1040 4414 sui
1069 4359 1283 4415 dilectio
1318 4361 1507 4414 tuelius
1541 4360 1719 4414 odium
1760 4371 2001 4414 voeatur.

426 4453 667 4524 Iniquum
692 4462 773 4508 est
801 4453 963 4516 enim,
993 4454 1114 4523 quia
1140 4454 1247 4508 vult
1277 4453 1374 4507 sibi
1399 4453 1603 4507 servire
1627 4450 1764 4522 quod
1791 4452 1922 4506 infra
1946 4467 2004 4506 se

425 4555 526 4607 est.
556 4561 674 4600 cum
708 4545 818 4614 ipse
858 4545 1058 4598 servire
1103 4545 1362 4613 superiori
1400 4542 1560 4598 nolit:
1606 4543 2004 4611 rectissimeque

423 4636 620 4692 dictum
648 4645 748 4702 est,
788 4635 887 4702 Qui
915 4637 1077 4708 diligit
1105 4637 1436 4706 iniquitatem,
1469 4636 1572 4688 odit
1602 4637 1821 4688 animum
1860 4653 2005 4689 suam

429 4728 598 4801 (Psal.
627 4733 681 4795 ς,
714 4729 770 4799 6)
803 4748 814 4783 :
841 4739 891 4783 et
922 4728 1039 4784 ideo
1066 4730 1121 4782 lit
1160 4727 1400 4783 inﬁrmus
1429 4727 1657 4787 animus,
1687 4737 1737 4779 et
1763 4726 1828 4779 de
1858 4731 2001 4778 mor-

427 4823 516 4877 tali
545 4823 775 4891 corpore
796 4823 1076 4876 cruciatur.
1123 4821 1350 4874 Necche
1377 4829 1455 4873 est
1481 4818 1619 4870 enim
1647 4825 1698 4871 ut
1729 4816 1855 4870 illud
1878 4816 1998 4870 dili‘

424 4916 529 4986 gat,
571 4924 624 4969 et
666 4912 779 4982 ejus
819 4911 1158 4980 corruptione
1206 4917 1584 4981 pra‘gt‘avctur.
1632 4907 2004 4963 lnuuortalitas

423 5005 565 5061 enim
592 5014 648 5060 et
678 5003 1001 5071 incorruptio
1017 5001 1258 5071 corporis
1282 4999 1347 5054 de
1371 5001 1594 5054 sanitate
1615 5000 1773 5054 animi
1802 4999 1999 5065 existit;

424 5098 622 5152 sanitas
650 5103 827 5151 autem
857 5094 1016 5149 animi
1042 5103 1122 5148 est
1154 5093 1456 5148 firmissime
1484 5091 1743 5146 iuberere
1773 5091 1998 5160 potiori,

428 5188 531 5243 hoc
557 5199 637 5244 est
675 5186 1087 5243 incommutabili
1135 5187 1262 5241 Deo.
1306 5185 1436 5241 Cum
1467 5201 1596 5240 vero
1623 5183 1780 5238 etiam
1809 5185 1885 5239 eis
1911 5183 2000 5253 qui

423 5279 523 5334 sibi
549 5279 855 5335 naturaliter
869 5295 1024 5352 pares
1044 5289 1186 5345 sunt,
1215 5279 1316 5335 boc
1342 5288 1448 5347 est,
1478 5277 1801 5344 hominibus,
1828 5277 1998 5331 domi-

425 5372 538 5426 nari
564 5371 797 5436 atl'ectat,
827 5371 1171 5427 intolerabilis
1191 5373 1406 5426 omnino
1428 5371 1671 5441 superbia
1697 5378 1798 5424 est.

423 5482 649 5540 CAPUT
687 5479 877 5539 XXIV.
906 5514 980 5527 —
1008 5483 1171 5538 Nemo
1190 5501 1389 5538 carnem
1418 5501 1562 5538 suam
1582 5483 1708 5548 odit,
1736 5482 2001 5552 nequidcm

845 5575 922 5630 illi
955 5577 1040 5645 qui
1069 5577 1120 5630 in
1146 5591 1252 5630 eam
1291 5579 1572 5649 insurgunt.

492 5685 582 5746 ει.
612 5687 777 5766 licmo
799 5704 927 5759 ergo
955 5704 1015 5746 se
1037 5690 1168 5746 odit.
1204 5690 1270 5746 Et
1302 5688 1426 5745 hinc
1446 5689 1658 5760 quidem
1695 5689 1840 5745 nulla
1875 5704 1994 5745 cum

2118 333 2292 402 aliqua
2334 344 2478 388 seeta
2516 334 2742 404 qumstio
2779 333 2876 390 fuit
2905 335 2944 389 ⁸.
2972 333 3078 392 Sed
3109 352 3282 406 neque
3321 351 3512 408 corpus
3542 354 3705 397 suum

2119 426 2396 497 quisquam
2428 427 2539 481 odit
2567 444 2582 481 :
2606 442 2785 481 verum
2811 436 2891 482 est
2917 428 3058 482 enim
3090 429 3229 497 qttud
3259 430 3332 484 ait
3363 432 3652 500 Apostolus
3677 475 3697 502 ,

2125 516 2288 572 Nemo
2305 535 2523 589 unquam
2546 535 2744 596 carnem
2769 537 2914 574 suum
2936 522 3053 575 odio
3079 522 3249 577 habuit
3274 522 3490 593 (Eplm.
3506 541 3556 591 v,
3574 527 3695 602 29).

2121 609 2188 665 Et
2217 611 2352 678 quod
2383 611 2620 666 nonnulli
2650 611 2851 678 dicunt,
2892 616 3049 669 malle
3081 631 3140 670 se
3173 619 3390 671 omnino
3426 632 3547 674 esse
3578 621 3708 676 sine

2119 721 2363 774 corpore,
2391 706 2610 760 omnino
2641 707 2889 761 falluntur
2921 726 2934 763 :
2963 723 3069 763 non
3105 711 3248 765 enim
3289 725 3484 780 cmpos
3516 729 3697 783 suum,

2119 800 2210 854 sed
2241 803 2610 869 corruptiones
2635 801 2750 871 ejus
2777 812 2831 856 et
2859 803 3064 870 [mullus
3093 804 3336 858 oderunt.
3374 803 3486 860 Non
3517 807 3706 877 itaque

2119 893 2320 946 tmllnm
2346 908 2559 962 corpus,
2583 895 2676 948 sed
2709 896 3069 963 incorruptum
3091 905 3145 949 et
3173 897 3504 951 celerrimum
3525 900 3547 930 ⁸
3576 915 3709 957 cor-

2122 1001 2220 1056 pus
2245 988 2423 1040 volunt
2455 988 2650 1043 habere
2674 1005 2690 1040 :
2714 989 2806 1043 sed
2830 999 3015 1058 putant
3048 990 3248 1043 nullum
3279 1005 3473 1059 corpus
3497 1007 3616 1048 esse
3651 993 3703 1048 si

2122 1078 2228 1130 tale
2253 1077 2427 1141 fuerit,
2448 1079 2567 1147 quia
2589 1080 2692 1132 tale
2712 1079 2907 1147 aliquid
2932 1095 3050 1134 esse
3075 1081 3304 1134 animam
3327 1091 3528 1149 putant.
3544 1083 3704 1148 Quod

2117 1177 2296 1222 autem
2322 1171 2646 1225 continentia
2688 1172 2915 1240 quadam
2946 1182 2998 1226 et
3044 1172 3313 1229 laboribus
3338 1175 3488 1243 quasi
3515 1187 3706 1244 perse-

2117 1263 2203 1333 qui
2241 1263 2490 1317 videntur
2509 1278 2729 1331 corpora
2759 1279 2886 1329 sua;
2928 1265 3016 1334 qui
3047 1266 3146 1319 boc
3174 1275 3316 1321 recte
3343 1266 3555 1332 faciunt,
3589 1285 3704 1324 non

2119 1355 2168 1408 id
2196 1366 2354 1425 agunt
2386 1366 2443 1411 ut
2470 1372 2574 1410 non
2606 1357 2830 1411 habeant
2859 1371 3073 1424 corpus,
3095 1359 3188 1412 sed
3221 1369 3277 1412 ut
3309 1360 3534 1414 habeant
3564 1362 3705 1416 sub-

2113 1447 2350 1517 iugatum
2386 1457 2438 1502 et
2481 1459 2721 1520 paratum
2754 1450 2816 1502 ad
2857 1465 3017 1520 opera
3058 1452 3376 1505 necessaria.
3424 1453 3705 1514 Libidines

2115 1541 2257 1593 enim
2289 1541 2426 1595 male
2465 1550 2672 1596 utentes
2706 1556 2952 1611 corpore,
3003 1542 3054 1597 id
3089 1551 3170 1597 est
3207 1545 3620 1600 consuetudines
3647 1556 3706 1602 et

2121 1630 2490 1687 inclinationes
2516 1633 2537 1665 ³
2559 1635 2749 1688 anima:
2791 1635 2860 1688 ad
2890 1633 3172 1690 fruendum
3205 1636 3557 1701 inferioribus,
3601 1654 3702 1707 per

2117 1724 2282 1792 ipsius
2303 1727 2544 1793 corporis
2566 1727 2882 1782 laboriosam
2913 1729 3193 1798 quamdam
3227 1731 3463 1785 militiam
3489 1734 3698 1787 exstin-

2114 1829 2278 1884 guere
2303 1816 2567 1870 allectaut.
2613 1818 2742 1871 Nam
2783 1833 2891 1874 non
2928 1834 2989 1875 se
3025 1817 3356 1888 interimunt,
3393 1823 3486 1878 sed
3511 1839 3701 1879 curam

2115 1921 2224 1962 snzr.
2253 1910 2575 1965 valetudinis
2593 1921 2805 1982 gerunt.

2184 2000 2273 2055 25.
2299 2001 2397 2069 Qui
2429 2013 2603 2056 autem
2635 2017 2884 2072 perverse
2913 2002 2962 2056 id
2993 2011 3183 2072 agunt,
3203 2004 3351 2074 quasi
3380 2005 3702 2062 naturaliter

2117 2091 2330 2148 inimico
2363 2109 2460 2148 suo
2498 2093 2710 2162 corpori
2755 2095 2951 2149 bellum
2997 2095 3259 2164 ingerunt.
3310 2095 3364 2150 ln
3407 2111 3511 2167 (pro
3564 2098 3713 2154 fallit-

2115 2199 2208 2238 ρος
2236 2186 2372 2253 quod
2404 2187 2580 2256 legunt
2610 2203 2621 2238 :
2651 2185 2782 2241 Cura
2805 2187 3113 2253 concupiscit
3150 2187 3387 2242 adversus
3413 2189 3652 2255 spiritum
3683 2231 3700 2256 ,

2115 2285 2162 2330 et
2187 2279 2395 2347 spiritus
2423 2280 2661 2332 adversus
2685 2295 2916 2340 carnem;
2945 2280 3052 2332 haec
3081 2281 3212 2334 enim
3243 2280 3336 2334 sibi
3364 2281 3572 2334 inritent
3601 2282 3704 2336 ad-

2114 2380 2376 2422 versantur
2401 2369 2596 2439 (Colat.
2629 2387 2678 2435 v,
2713 2371 2821 2441 l7).
2850 2371 3052 2424 Dictum
3084 2381 3165 2426 est
3191 2373 3329 2426 enim
3359 2373 3458 2428 ltoc
3480 2383 3704 2445 pt‘Optcl'

2115 2459 2423 2515 indomitam
2454 2463 2719 2517 carnalem
2747 2463 3208 2526 consuetudinem,
3239 2465 3493 2519 adversus
3533 2482 3699 2534 quam

2115 2552 2333 2618 spiritus
2363 2553 2724 2621 cmicupiseit;
2755 2567 2859 2608 non
2891 2562 2946 2606 ut
2978 2555 3238 2608 interimat
3268 2567 3482 2624 corpus.
3515 2557 3610 2611 sed
3644 2568 3705 2614 ut

2113 2642 2539 2709 eum-upisceutia
2571 2643 2710 2709 ejus.
2744 2642 2796 2696 id
2834 2652 2917 2697 est
2956 2644 3342 2699 consuetudine
3388 2646 3522 2699 mala
3567 2648 3706 2702 edo-

2113 2733 2262 2796 mita,
2291 2733 2445 2787 iaciat
2473 2735 2679 2801 spiritui
2706 2734 3043 2805 subjugatum
3070 2733 3112 2799 ⁸,
3131 2735 3269 2804 quod
3297 2738 3546 2791 naturalis
3563 2740 3704 2796 ordo

2113 2823 2399 2878 desiderat.
2432 2825 2564 2890 Quia
2590 2825 2731 2878 enim
2768 2823 2870 2879 huc
2906 2826 3006 2879 erit
3049 2836 3166 2893 post
3207 2829 3700 2898 resurrectionem,

2114 2927 2166 2969 ut
2199 2931 2392 2984 corpus
2417 2917 2722 2972 oumintodo
2754 2933 2872 2972 eum
2901 2919 3076 2988 quiete
3103 2933 3306 2972 summa
3338 2921 3543 2989 spiritui
3567 2924 3702 2977 sub-

2112 3009 2279 3064 ditum
2315 3011 2686 3065 immortaliter
2709 3012 2900 3081 vigeat.
2927 3011 3028 3066 hoc
3049 3013 3206 3065 etiam
3239 3011 3288 3066 in
3319 3011 3416 3067 hac
3442 3017 3546 3067 vita
3579 3030 3702 3071 me-

2113 3101 2386 3156 ditandum
2416 3114 2516 3160 est.
2544 3113 2596 3157 ιιι
2621 3105 2950 3157 reusnetudo
2971 3105 3198 3158 carnalis
3237 3115 3469 3159 mutetur
3499 3105 3552 3160 in
3582 3122 3705 3162 me-

2111 3196 2243 3257 lius,
2296 3213 2392 3250 nec
2435 3197 2746 3251 inordinatis
2775 3198 3002 3251 motibus
3033 3197 3244 3251 resistat
3287 3196 3511 3266 spiritui.
3543 3198 3701 3267 Quod

2112 3289 2280 3344 donec
2326 3289 2453 3351 liat.
2511 3305 2637 3344 caro
2681 3290 3005 3359 Ct)ttCttpi5t'il
3043 3289 3297 3343 adversus
3335 3288 3602 3359 Spiritum,
3647 3301 3705 3347 et

2113 3383 2331 3451 Spiritus
2355 3382 2613 3438 adverSus
2642 3397 2855 3437 carnem
2887 3400 2900 3436 :
2933 3397 3038 3436 non
3069 3398 3105 3454 p
3125 3398 3167 3436 vr
3200 3382 3378 3437 oditttu
3409 3385 3704 3442 resistente

2113 3474 2323 3544 spiritu.
2356 3473 2447 3526 sed
2480 3489 2573 3542 per
2604 3475 2994 3542 principatum;
3027 3474 3147 3542 quia
3176 3475 3342 3544 magis
3361 3474 3500 3545 quod
3524 3476 3706 3546 diligit

2113 3565 2217 3618 vult
2251 3565 2516 3617 subditum
2546 3581 2665 3619 esse
2691 3565 2893 3618 meliori
2923 3581 2936 3616 ε
2968 3579 3066 3617 nec
3095 3581 3184 3632 per
3213 3564 3390 3619 odimu
3415 3566 3705 3624 resistente

2111 3673 2290 3720 Carne,
2311 3658 2402 3712 sed
2435 3672 2529 3726 per
2557 3657 2954 3711 cnosia-tudinis
2980 3657 3271 3720 vinculum,
3296 3658 3434 3728 quod
3451 3673 3478 3711 a
3504 3675 3704 3727 paren-

2113 3758 2220 3802 tum
2250 3749 2410 3802 etiam
2440 3748 2727 3818 propagine
2757 3747 3104 3801 inveteratum
3137 3760 3340 3802 natura:
3370 3749 3487 3820 lege
3522 3748 3703 3808 iuolc-

2111 3843 2203 3894 vit.
2236 3840 2289 3893 Id
2321 3856 2446 3907 ergo
2475 3839 2575 3907 agit
2610 3841 2828 3909 Spil'iltls
2855 3839 2904 3892 in
2932 3839 3192 3892 domamla
3225 3855 3405 3906 carne,
3441 3852 3495 3892 ut
3523 3843 3705 3899 solvat

2111 3933 2263 3988 male
2289 3932 2689 3986 eonsuetmliais
2713 3931 2861 4002 quasi
2896 3942 3042 4001 pacta
3084 3946 3352 4000 perversa.
3391 3943 3446 3987 et
3473 3934 3557 3986 liat
3590 3950 3704 4002 pax

2110 4027 2508 4082 consuetudinis
2537 4026 2707 4079 beam.
2727 4025 2925 4079 Tamen
2947 4040 3043 4078 nec
3065 4025 3146 4078 isti
3177 4024 3263 4093 qtti
3292 4025 3417 4079 falsa
3440 4026 3704 4094 opinione

2111 4119 2383 4188 depravati
2407 4132 2627 4188 corpora
2651 4132 2743 4172 sua
2767 4116 3118 4177 detestantur,
3140 4117 3304 4182 parati
3328 4125 3506 4170 essent
3529 4133 3701 4174 unum

2111 4213 2322 4267 oculum
2371 4212 2451 4265 vel
2501 4212 2616 4266 sine
2662 4225 2821 4266 sensu
2861 4209 3060 4264 doloris
3086 4209 3350 4274 amittere,
3395 4210 3607 4264 eti-nasi
3648 4212 3706 4269 in

2111 4305 2278 4359 altero
2322 4315 2498 4360 tantus
2546 4303 2798 4360 cernendi
2843 4319 3032 4358 sensus
3078 4314 3412 4366 remaneret,
3460 4315 3704 4372 quantus

2111 4409 2223 4453 erat
2250 4399 2299 4452 in
2322 4397 2545 4459 duolms,
2567 4396 2665 4451 nisi
2684 4396 2856 4466 aliqua
2887 4411 2970 4449 res
2995 4411 3112 4465 qure
3142 4395 3495 4464 przepoueuda
3525 4407 3699 4463 esset,

2111 4498 2339 4557 urgeret.
2373 4490 2477 4543 lsto
2505 4498 2660 4558 atque
2689 4487 2987 4556 bujusmodi
3009 4486 3328 4541 docmueuto
3362 4485 3489 4538 satis
3509 4497 3705 4542 osten-

2110 4581 2249 4635 ditur
2271 4582 2348 4636 eis
2377 4580 2463 4648 qui
2491 4581 2605 4633 sine
2641 4578 2926 4648 pertinacia
2967 4593 3149 4632 verum
3203 4577 3496 4647 requirunt,
3529 4593 3699 4647 quam

2109 4682 2250 4726 certa
2284 4671 2544 4726 sententia
2577 4671 2643 4725 sit
2673 4670 2934 4739 Apes-toti,
2963 4668 3060 4723 ubi
3081 4670 3151 4722 ait
3187 4687 3201 4723 :
3233 4661 3395 4721 Nemo
3421 4668 3557 4721 enim
3594 4687 3704 4722 uu-

2108 4780 2257 4831 qnam
2285 4779 2485 4816 carnem
2512 4779 2659 4817 suum
2699 4763 2814 4815 odia
2858 4761 3044 4814 habuit.
3097 4759 3310 4813 Addidit
3349 4761 3506 4813 etiam
3539 4778 3550 4811 :
3584 4761 3708 4816 Sed

2110 4858 2263 4909 nutrit
2290 4865 2336 4908 et
2364 4856 2493 4925 foret
2519 4871 2649 4918 eum,
2678 4855 2803 4909 sicut
2829 4852 3056 4909 Christus
3085 4851 3384 4907 Ecclesium.

2108 4947 2335 5004 CAPUT
2373 4947 2536 5002 XXV.
2569 4977 2640 4987 —
2673 4946 2782 5000 Etsi
2809 4946 3004 5014 aliquit!
3040 4947 3260 5011 amplius
3283 4943 3510 5014 (laligitur
3532 4960 3697 5015 quam

2354 5055 2554 5109 corpus.
2583 5039 2681 5093 no'n
2707 5050 2872 5091 tamen
2891 5053 3074 5109 corpus
3093 5037 3210 5090 odio
3231 5037 3459 5090 habetur.

2175 5132 2265 5188 26.
2299 5132 2484 5187 Modus
2510 5145 2639 5200 ergo
2662 5130 2916 5201 diligendi
2949 5129 3333 5200 pnecipieandits
3354 5135 3434 5182 est
3461 5125 3693 5196 homini,
3759 5119 3770 5130 ’

2171 5265 2189 5298 ι
2215 5264 2322 5314 Rati.
2350 5272 2449 5314 Αιη.
2477 5271 2528 5315 et
2549 5269 2624 5312 Er.
2651 5276 2666 5312 :
2690 5267 2745 5313 Et
2765 5261 2878 5313 hinc
2895 5259 3090 5328 quidem
3108 5272 3220 5312 cum
3240 5258 3400 5326 aliqua
3417 5265 3547 5311 secta
3569 5275 3698 5312 non-

2171 5327 2240 5377 ‘lln
2263 5326 2460 5377 narratio
2483 5326 2590 5377 fuit.

2109 5327 2240 5377 nulla
2263 5326 2460 5391 qumstio
2483 5326 2590 5389 fuit.
2910 5326 2914 5328 Ἴ

2170 5391 2190 5421 ³
2217 5389 2323 5438 uad.
2349 5399 2449 5436 Αιιι.
2477 5395 2529 5437 et
2547 5393 2621 5436 Er.
2636 5421 2651 5447 ,
2673 5399 2772 5437 uno
2791 5393 2975 5437 tantum
2995 5384 3291 5448 suffragante
3311 5391 3415 5445 δίδη
3437 5381 3699 5450 integerri-

2105 5463 2415 5570 mtth-mmor
2437 5508 2649 5560 melioris
2670 5517 2796 5560 nota:
2817 5517 2944 5568 Mss,
2968 5506 3300 5558 inclinationis.

2170 5576 2192 5606 δ
2212 5568 2326 5623 Editi
2353 5574 2613 5622 ltaetenus:
2635 5575 2724 5622 sed
2750 5580 2796 5622 ut
2819 5571 3146 5633 conrtqtisccut
3167 5583 3245 5620 unt
3265 5570 3386 5632 (ius.
3405 5568 3460 5620 id
3481 5574 3552 5620 est
3574 5581 3697 5619 con-

2105 5635 2403 5687 suetudinem
2439 5636 2561 5697 male
2587 5633 2812 5686 domitam
2850 5633 2994 5697 fidat
3027 5633 3216 5697 spiritui
3249 5633 3569 5694 sttbiugstattt.
3605 5634 3696 5682 Cui

2108 5697 2300 5748 lectioni
2322 5705 2516 5760 pra-stat
2537 5696 2683 5760 longe
2708 5710 2768 5748 ea
2787 5696 2932 5760 quam
2955 5710 3021 5747 ex
3051 5696 3155 5747 Mss.
3183 5697 3498 5746 restituituus.
