3874 6318
446 326 509 383 δι
1353 308 1440 366 DE
1478 303 1818 364 DOCTRINA
1854 299 2285 365 CHRISTIANA,
2323 299 2382 356 S.
2420 297 2782 358 AUGUSTINI

447 444 502 493 et
528 445 626 490 nos
664 428 765 486 frui
802 426 1199 485 desideramus:
1231 430 1284 480 et
1311 429 1508 494 quanto
1535 421 1586 475 in
1627 419 1727 473 hac
1753 417 1860 472 vita
1890 415 2019 469 fmi-

447 545 566 586 mur
586 525 665 582 vel
691 540 784 594 per
801 521 1070 592 speculum
1091 519 1173 573 vel
1197 517 1248 571 in
1271 515 1548 582 aenigmate
1569 513 1612 584 (I
1634 511 1748 565 Cor.
1773 525 1885 571 xm,
1908 507 2019 572 I2),

447 629 594 677 tanto
623 624 856 672 nostram
901 609 1373 683 peregrinationem
1402 615 1457 660 et
1494 605 1820 660 tolerabilius
1857 600 2021 655 susti-

447 725 654 774 nemus,
679 719 735 766 et
779 707 1052 762 ardentius
1099 703 1250 758 ﬁnire
1294 702 1555 770 cupimus.
1584 697 1686 752 Sed
1733 706 1905 750 utrum
1955 691 2022 747 ad

447 803 536 861 illa
561 802 665 857 duo
690 808 949 870 praecepta
974 797 1130 850 etiam
1162 793 1374 847 dilectio
1399 790 1656 861 pertineat
1680 786 2019 855 Angelorum,

445 911 552 952 non
581 891 1010 948 irrationabiliter
1050 886 1214 957 qumri
1258 893 1449 954 potest.
1482 881 1612 936 Nam
1653 878 1793 950 quod
1821 875 2021 931 nullum

446 986 718 1042 hominum
745 979 1012 1050 exceperit
1036 979 1124 1047 qni
1155 974 1403 1046 praecepit
1427 983 1484 1028 ut
1515 972 1808 1042 proximum
1832 967 2023 1036 diliga-

445 1092 586 1143 mus,
611 1084 664 1130 et
690 1074 801 1144 ipse
827 1072 877 1126 in
910 1068 1199 1138 Evangelio
1231 1064 1485 1120 Dominus
1521 1060 1771 1119 ostendit.
1800 1069 1854 1112 et
1882 1057 2024 1111 Pan-

445 1169 529 1224 lus
569 1164 859 1237 apostolus.
905 1160 1142 1230 Namque
1187 1157 1276 1212 ille
1323 1156 1407 1210 cui
1453 1154 1558 1208 duo
1606 1153 1717 1222 ipsa
1762 1154 2024 1220 praecepta

447 1258 757 1331 protulerat,
784 1263 943 1325 atque
984 1254 1037 1306 in
1075 1251 1152 1306 eis
1195 1247 1423 1319 pendere
1458 1255 1622 1299 totam
1662 1244 1852 1312 Legem
1896 1240 2026 1294 Pro-

445 1329 740 1422 phetasque
763 1345 1004 1409 dixerat,
1032 1357 1152 1398 cum
1193 1341 1548 1406 interrogaret
1575 1349 1695 1389 eum
1725 1333 1926 1393 dicens,
1961 1329 2026 1382 Et

445 1441 558 1512 quis
580 1449 651 1493 est
680 1453 816 1492 meus
843 1435 1100 1506 proximus
1129 1431 1192 1485 ⁸2
1219 1430 1490 1484 hominem
1518 1423 1798 1494 quemdam
1829 1434 2020 1491 propo-

446 1511 553 1588 Suit
578 1527 983 1584 descendentem
1013 1527 1080 1580 ab
1113 1521 1404 1578 Jerusalem
1436 1519 1489 1572 in
1517 1515 1749 1579 Jericho,
1779 1511 2026 1567 incidisse

448 1624 502 1679 in
529 1623 787 1682 latrones,
814 1625 870 1674 et
902 1618 970 1670 ab
1005 1617 1086 1670 eis
1126 1613 1356 1683 graviter
1390 1609 1722 1662 vulneratum
1745 1645 1758 1667 ,
1785 1602 2024 1656 saucium

445 1724 500 1769 et
529 1711 843 1768 semivivum
883 1721 1003 1763 esse
1045 1704 1392 1764 derelictum;
1438 1698 1522 1753 cui
1563 1695 1862 1766 proximum
1904 1706 2026 1746 esse

446 1822 552 1862 non
599 1802 797 1864 docuit,
836 1800 935 1854 nisi
981 1798 1069 1869 qui
1117 1811 1251 1867 erga
1292 1795 1436 1848 illiilli
1477 1789 1821 1846 recreandum
1869 1797 2026 1856 atque

445 1895 736 1953 curandum
775 1891 1074 1946 misericors
1101 1886 1330 1948 exstitit,
1361 1884 1429 1938 ita
1459 1891 1515 1936 ut
1542 1881 1643 1934 hoc
1667 1879 1754 1948 qui
1795 1878 2024 1930 interro-

446 1999 680 2062 gaverat,
711 1989 1064 2056 interrogatus
1095 1983 1206 2050 ipse
1229 1980 1499 2032 fateretur.
1522 1974 1617 2027 Cui
1649 1971 1901 2026 Dominus
1930 1969 2022 2032 ait,

455 2060 614 2143 i’ade,
637 2087 682 2133 et
713 2087 766 2131 tu
791 2075 872 2146 fac
896 2073 1124 2128 similiter
1153 2068 1299 2141 (Luc.
1331 2083 1391 2131 x,
1413 2067 1504 2132 27,
1529 2066 1621 2134 '57)
1647 2080 1662 2129 ;
1696 2071 1753 2116 ut
1780 2060 2027 2116 videlicet

447 2189 570 2230 eum
596 2187 714 2228 esse
740 2169 1034 2240 proximum
1058 2164 1430 2232 intelligamus,
1452 2158 1535 2212 cui
1563 2156 1645 2212 vel
1670 2152 2025 2209 exhibendum

446 2271 532 2321 est
557 2261 788 2318 ofﬁcium
818 2255 1216 2316 liiisericordize,
1245 2251 1289 2306 si
1318 2250 1534 2319 indiget,
1563 2247 1644 2301 vel
1669 2242 2025 2301 exhibendum

447 2363 607 2420 esset,
649 2353 694 2409 si
741 2351 1016 2420 indigeret.
1060 2347 1135 2400 Ex
1175 2359 1278 2414 quo
1322 2350 1405 2397 est
1438 2341 1546 2409 jam
1588 2349 1920 2404 c0usequens
1966 2339 2027 2387 ut

446 2446 604 2503 etiam
638 2443 725 2498 ille
753 2458 783 2496 a
812 2457 915 2511 quo
944 2437 1097 2493 nobis
1126 2435 1228 2488 hoc
1268 2431 1496 2486 vicissim
1537 2426 1890 2484 exhibendum
1922 2431 2024 2492 est,

447 2537 726 2609 proximus
755 2533 824 2586 sit
854 2539 1049 2584 noster.
1087 2524 1318 2582 Proximi
1346 2523 1488 2578 enim
1521 2535 1710 2574 nomen
1739 2517 1804 2571 ad
1830 2515 2028 2585 aliquid

447 2637 551 2692 est,
582 2641 680 2681 nec
703 2624 980 2695 quisquam
1003 2633 1122 2674 esse
1146 2615 1414 2688 proximus
1441 2612 1538 2666 nisi
1565 2609 1804 2679 proximo
1832 2615 2023 2676 potest.

445 2716 654 2773 Nullum
685 2723 860 2768 autem
887 2717 1170 2779 exceptum
1201 2719 1320 2760 es~e
1342 2703 1426 2756 cui
1456 2697 1833 2755 misi-ricordia:
1856 2696 2024 2750 dene-

445 2818 598 2881 getur
641 2807 896 2870 ofﬁcium,
939 2803 1056 2872 quis
1103 2816 1207 2854 non
1256 2797 1447 2860 videat,
1495 2792 1705 2864 quando
1749 2805 1914 2860 usque
1959 2788 2026 2844 ad

448 2901 690 2955 inimicos
710 2898 866 2951 etiam
889 2903 1192 2965 porrectum
1217 2897 1317 2952 est,
1341 2886 1527 2941 eodem
1553 2884 1772 2937 Domino
1788 2881 2024 2935 dicente:

449 2989 655 3060 Diligite
696 2987 924 3041 inimicos
951 2992 1134 3038 vestros
1153 3021 1166 3045 ,
1190 2978 1462 3050 benefacite
1486 2978 1546 3030 iis
1572 2977 1656 3046 qui
1697 2975 1908 3028 oderunt
1942 2988 2027 3027 vos

450 3080 659 3154 (Matth.
687 3095 737 3139 v,
761 3076 893 3148 44)?

521 3171 612 3228 32.
657 3170 729 3224 Ita
759 3182 967 3238 quoque
991 3164 1182 3221 Paulus
1212 3160 1485 3234 apostolus
1513 3159 1688 3226 docet,
1715 3173 1837 3213 cum
1861 3157 2023 3213 dicit:

451 3262 592 3319 Nam
615 3277 714 3315 non
740 3257 1062 3322 adulterabis,
1087 3272 1188 3310 non
1215 3252 1536 3308 homicidium
1560 3251 1732 3323 facies,
1761 3266 1860 3304 non
1886 3253 2028 3321 fura-

450 3354 599 3417 beris,
630 3367 729 3405 non
755 3349 1098 3429 concupisces,
1131 3356 1176 3401 et
1201 3346 1245 3400 si
1271 3344 1407 3416 quod
1441 3354 1510 3397 est
1539 3343 1680 3397 aliud
1710 3342 2024 3406 mandatum,

449 3447 501 3500 in
531 3447 624 3500 hoc
651 3459 876 3498 sermone
904 3440 1262 3511 recapitulatur
1285 3453 1303 3492 :
1330 3436 1523 3508 Diliges
1565 3435 1849 3506 proximum
1887 3444 2028 3487 tuum

450 3548 687 3609 tanquam
713 3538 944 3608 teipsum.
969 3533 1183 3587 Dilectio
1209 3531 1425 3603 proximi
1455 3527 1644 3583 malum
1670 3545 1769 3582 non
1795 3538 2030 3600 Operatur

449 3631 644 3700 (Rom.
677 3647 787 3696 χιιι,
818 3629 874 3693 9,
908 3625 1031 3697 I0).
1056 3624 1304 3694 Quisquis
1342 3638 1470 3693 ergo
1507 3621 1794 3677 arbitratur
1828 3635 1934 3674 non
1963 3619 2031 3675 de

447 3724 592 3777 omni
623 3721 839 3777 homine
876 3717 1187 3787 Apostolum
1234 3713 1547 3784 prtecepisse
1569 3753 1584 3779 ,
1623 3710 1828 3780 cogitur
1856 3710 2026 3778 fateri,

449 3812 588 3881 quod
633 3809 1068 3866 absurdissimum
1116 3815 1170 3860 et
1205 3803 1674 3859 sceleratissimum
1719 3811 1820 3866 est,
1867 3801 2030 3856 fuisse

450 3904 624 3958 visum
663 3899 917 3971 Apostolo
955 3913 1058 3952 non
1098 3910 1218 3951 esse
1255 3903 1528 3965 peccatum
1559 3892 1604 3946 si
1632 3892 1748 3961 quis
1786 3901 1878 3946 aut
1921 3908 2028 3947 non

451 3995 743 4057 christiani,
770 4001 862 4046 aut
891 3989 1089 4044 inimici
1117 3987 1490 4042 adulteraverit
1515 3999 1758 4048 uxorem,
1787 3993 1877 4039 ant
1907 4000 2029 4041 eum

451 4085 724 4148 occiderit,
755 4091 845 4136 ant
869 4082 984 4150 ejus
1008 4095 1120 4136 rem
1143 4077 1469 4148 concupierit
1493 4095 1505 4131 :
1539 4073 1682 4146 quod
1703 4075 1745 4128 si
1770 4074 2033 4134 dementis

453 4186 535 4233 est
551 4176 748 4240 dicere,
770 4171 1104 4226 manifestum
1120 4179 1201 4225 est
1216 4183 1424 4224 onmem
1448 4171 1714 4225 hominem
1735 4172 2032 4239 proximum

453 4286 574 4326 esse
599 4265 979 4340 deputandum,
1003 4263 1126 4336 quia
1150 4277 1275 4333 erga
1301 4262 1565 4318 neminem
1592 4264 1919 4334 operandam
1947 4273 2032 4319 est

454 4364 670 4418 malum.

525 4455 612 4510 55.
655 4453 904 4509 Jamvero
929 4450 974 4505 si
1003 4449 1084 4504 vel
1125 4448 1210 4504 cui
1250 4447 1591 4518 praebendum
1625 4457 1724 4513 est,
1753 4449 1836 4506 vel
1870 4464 1898 4502 a
1928 4465 2032 4522 quo

455 4547 611 4603 nobis
654 4542 995 4616 prazbendum
1043 4549 1125 4596 est
1170 4539 1402 4594 ofﬁcium
1451 4541 1848 4606 misericordiae,
1889 4551 2033 4595 recte

454 4636 728 4709 proximus
755 4634 981 4698 dicitur;
1011 4630 1346 4686 manifestum
1385 4641 1468 4686 est
1496 4631 1596 4685 hoc
1635 4642 1898 4702 pra-cepto
1925 4648 2032 4703 quo

450 4731 701 4804 jubemur
732 4727 953 4797 diligere
989 4723 1316 4795 proximum,
1357 4723 1514 4777 etiam
1552 4733 1762 4777 sanctos
1806 4725 2032 4793 Angelos

453 4821 736 4886 contineri,
767 4835 796 4874 a
831 4817 1024 4888 quibus
1052 4825 1193 4871 tanta
1232 4815 1384 4871 nobis
1426 4815 1801 4871 misericordire
1830 4817 2033 4887 impen-

455 4913 656 4970 duntur
676 4909 871 4974 oflicia,
895 4915 1089 4978 quanta
1117 4906 1297 4960 multis
1316 4905 1612 4959 divinarqu
1639 4905 2030 4976 Scripturarum

455 5006 588 5063 locis
629 5001 1051 5059 animadvertere
1089 4999 1239 5054 facile
1283 5005 1384 5054 est.
1415 4999 1492 5052 Ex
1526 5015 1630 5070 quo
1660 5009 1714 5055 et
1741 5001 1853 5070 ipse
1893 5001 2032 5058 Deus

456 5108 513 5156 et
537 5097 791 5154 Dominus
826 5102 1007 5149 noster
1036 5092 1330 5161 proximum
1360 5106 1419 5146 se
1448 5101 1688 5147 nostrum
1718 5093 1820 5148 dici
1846 5095 2028 5149 voluit.

457 5190 589 5247 Nam
633 5197 688 5244 et
727 5188 958 5256 seipsum
1002 5183 1261 5254 signiﬁcat
1302 5182 1557 5238 Dominus
1597 5183 1753 5240 Jesus
1789 5185 2032 5240 Christus

459 5281 769 5351 cpitulatum
796 5293 914 5331 esse
947 5273 1202 5330 semivivo
1221 5273 1418 5344 jacenli
1447 5273 1498 5328 in
1531 5274 1613 5329 via
1643 5273 1839 5330 afﬂicto
1868 5286 1919 5331 et
1948 5292 2035 5333 rc-

462 5375 586 5432 licto
610 5389 639 5426 a
665 5370 978 5426 latronibus.
1011 5368 1073 5424 Et
1116 5367 1372 5438 propheta
1401 5368 1452 5421 in
1481 5367 1720 5423 oratione
1746 5369 1817 5422 ait
1843 5387 1856 5423 :
1888 5366 2033 5423 Sicut

461 5466 744 5527 proximum
767 5506 782 5530 ,
835 5465 960 5516 sicut
1001 5465 1209 5534 fratrem
1256 5471 1519 5525 nostrum,
1559 5462 1630 5514 ita
1665 5461 2033 5531 complacebam

464 5557 634 5634 (Psal.
658 5571 839 5621 xxxiv,
865 5555 976 5626 14).
1007 5555 1112 5611 Sed
1137 5555 1384 5626 quoniam
1416 5552 1762 5610 excellentior
1785 5568 1848 5609 ac
1874 5567 2031 5625 supra

460 5660 696 5709 nostram
741 5655 979 5705 naturam
1026 5658 1108 5704 est
1147 5646 1322 5702 divina
1363 5645 1674 5712 substantia,
1714 5654 2032 5716 praiceptum

527 5756 1819 5830 ‘omnespropenss.,ctquiscstmihipro:cirmts?

3629 295 3751 354 52

2123 429 2229 486 quo
2252 414 2529 484 diligamus
2558 413 2720 468 Deum
2740 451 2757 480 ,
2786 426 2815 465 a
2841 409 3063 482 proximi
3090 410 3372 468 dilectione
3397 408 3743 468 distinctum

2124 517 2204 562 est
2235 507 2273 558 ί.
2314 506 2403 561 Ille
2428 522 2567 561 emm
2607 504 2758 559 nobis
2797 505 2996 574 praebet
3031 503 3442 559 misericordiam
3484 514 3740 575 propter

2124 612 2272 652 suam
2306 598 2589 652 bonitatem
2610 637 2625 660 ,
2655 611 2752 651 nos
2775 604 2949 649 autem
2980 595 3131 649 nobis
3156 593 3376 649 invicem
3407 593 3740 664 prepteril-

2125 693 2227 748 lius
2245 713 2257 748 :
2274 696 2322 748 id
2340 702 2442 754 est.
2467 694 2552 748 ille
2567 693 2728 747 nostri
2748 691 3045 753 miseretur,
3068 699 3126 744 ut
3145 705 3202 744 se
3226 687 3577 758 perfruamur;
3603 703 3736 745 nos

2125 802 2252 841 vero
2283 788 2504 840 invicem
2528 784 2693 839 nostri
2735 784 3085 846 miseremur,
3119 789 3176 835 ut
3213 780 3303 834 illo
3352 780 3729 850 perfruamur.

2197 878 2419 934 CAPUT
2452 876 2639 931 XXXI.
2675 906 2727 916 —
2750 875 2884 929 Deus
2904 873 3044 929 nobis
3064 890 3162 927 non
3182 874 3385 944 fruitur,
3407 872 3495 926 sed
3518 873 3729 928 utitur.

2199 973 2287 1028 54.
2327 971 2658 1040 Quapropter
2681 968 2854 1024 adhuc
2872 967 3173 1038 ambiguum
3196 981 3313 1021 esse
3334 965 3556 1029 videtur,
3577 978 3732 1019 cum

2127 1063 2351 1118 dicimus
2397 1078 2456 1117 ea
2500 1077 2558 1116 re
2603 1076 2700 1116 nos
2739 1059 2953 1130 perfrui,
2981 1073 3137 1128 quam
3182 1056 3446 1126 diligimus
3487 1067 3734 1126 preptel'

2127 1157 2353 1223 scipsam
2375 1197 2389 1219 ,
2419 1164 2472 1208 et
2496 1170 2556 1208 ea
2586 1170 2644 1208 re
2673 1153 2825 1207 nobis
2863 1149 3140 1205 fruendum
3170 1164 3291 1205 esse
3326 1158 3525 1204 tantum
3549 1189 3566 1215 ,
3599 1163 3727 1218 qua

2127 1249 2389 1304 efficimur
2425 1247 2582 1309 beati,
2627 1246 2830 1301 creteris
2867 1261 2993 1299 vero
3036 1243 3308 1298 utendum.
3347 1242 3519 1312 Diligit
3557 1241 3725 1296 enim

2129 1353 2228 1392 nos
2258 1339 2416 1400 Dens,
2443 1347 2497 1393 et
2524 1337 2744 1392 multum
2775 1337 2924 1390 nobis
2949 1335 3282 1390 dilectionem
3309 1334 3424 1403 ejus
3451 1349 3575 1403 erga
3607 1348 3728 1388 nos

2127 1429 2302 1484 divina
2328 1429 2597 1498 Scriptura
2638 1428 3012 1484 commendat:
3040 1410 3459 1497 quomodo'ergo
3487 1426 3664 1496 diligit
3692 1427 3728 1480 ?

2128 1529 2187 1576 ut
2217 1523 2368 1576 nobis
2410 1532 2606 1584 utatur,
2646 1537 2711 1576 an
2751 1529 2807 1575 ut
2843 1519 3083 1575 fruatur?
3119 1520 3224 1574 Sed
3254 1519 3300 1573 si
3342 1520 3548 1584 fruitur,
3584 1529 3724 1590 eget

2128 1613 2270 1668 bono
2315 1623 2518 1677 nostro,
2547 1613 2686 1683 quod
2732 1627 2886 1667 nemo
2925 1626 3085 1666 sanus
3120 1610 3330 1666 dixerit.
3357 1610 3525 1664 Omne
3557 1610 3719 1666 enim

2127 1704 2322 1759 bonum
2355 1714 2590 1760 nostrum
2629 1703 2712 1757 vel
2745 1703 2876 1771 ipse,
2905 1702 2990 1757 vel
3019 1703 3086 1756 ab
3116 1702 3230 1771 ipso
3257 1709 3340 1756 est
3365 1720 3378 1755 :
3409 1701 3497 1756 cui
3521 1708 3718 1756 autem

2128 1799 2410 1853 obscurum
2449 1797 2533 1853 vel
2575 1797 2789 1851 dubium
2828 1804 2928 1857 est,
2959 1810 3062 1848 non
3101 1809 3257 1864 egere
3303 1793 3473 1848 lucem
3521 1808 3720 1849 rerum

2129 1889 2316 1944 harum
2340 1890 2509 1944 nitore
2530 1903 2660 1957 quas
2683 1887 2791 1956 ipsa
2821 1885 3192 1941 illustraverit?
3213 1885 3348 1939 Dicit
3373 1885 3528 1939 etiam
3549 1900 3722 1956 aper-

2130 1982 2330 2037 tissime
2357 1980 2612 2050 propheta
2638 1996 2652 2032 :
2676 1978 2798 2032 Dixi
2817 1975 3056 2043 Domino,
3079 1975 3214 2031 Deus
3243 1992 3380 2030 meus
3402 1992 3454 2030 es
3479 1986 3548 2040 tu,
3577 1994 3719 2047 quo-

2128 2075 2264 2128 niam
2295 2075 2536 2128 bonorum
2580 2087 2801 2126 meorum
2828 2086 2926 2125 non
2956 2087 3067 2140 eges
3100 2070 3118 2141 (
3142 2067 3289 2123 Psat.
3325 2084 3400 2124 xv
3421 2109 3436 2136 ,
3459 2069 3496 2123 2
3519 2069 3558 2139 ).
3586 2069 3716 2126 Non

2129 2180 2259 2236 ergo
2301 2164 2491 2220 fruitur
2520 2162 2691 2228 nobis.
2733 2161 2827 2220 sed
2867 2161 3048 2218 utitur.
3074 2159 3208 2216 Nam
3237 2160 3280 2216 si
3319 2175 3490 2232 neque
3517 2158 3721 2216 fruitur

2128 2271 2300 2326 neque
2327 2256 2511 2320 utitur,
2543 2272 2645 2310 non
2673 2255 2885 2310 invenio
2913 2253 3353 2326 quemadmodum
3378 2252 3581 2322 diligat.

2198 2346 2422 2403 CAPUT
2451 2345 2664 2401 XXXII.
2687 2377 2758 2386 —
2785 2344 2923 2399 Deus
2949 2345 3148 2398 homine
3171 2343 3417 2414 quomodo
3443 2353 3634 2398 utatur.

2199 2439 2289 2494 55.
2328 2437 2432 2493 Sed
2461 2453 2629 2507 neque
2661 2438 2735 2492 sic
2760 2438 2925 2492 utitur
2949 2446 3007 2491 ut
3035 2451 3168 2491 nos:
3198 2449 3318 2490 nam
3344 2449 3440 2489 nos
3466 2449 3556 2490 res
3583 2435 3713 2505 qui-

2129 2528 2230 2584 bus
2258 2529 2454 2583 utimur
2477 2528 2542 2583 ad
2583 2527 2633 2583 id
2661 2529 2968 2594 referimus,
3007 2537 3064 2581 ιιι
3091 2526 3186 2582 Dei
3209 2525 3442 2581 bonitate
3465 2524 3718 2595 perfrua-

2129 2633 2286 2682 mur;
2320 2620 2456 2673 Deus
2498 2635 2626 2674 vero
2663 2618 2729 2673 ad
2773 2633 2919 2673 suam
2957 2618 3246 2673 bonitatem
3283 2631 3438 2671 usum
3467 2625 3718 2674 nostrum

2129 2712 2310 2766 refert.
2355 2710 2486 2778 Quia
2527 2711 2666 2763 enim
2712 2711 2880 2764 bonus
2926 2717 3028 2774 est,
3059 2715 3358 2772 sumus;et
3378 2707 3430 2761 in
3453 2717 3718 2778 quantum

2130 2817 2334 2868 sumus,
2377 2801 2496 2856 boni
2537 2815 2740 2856 sumus.
2771 2801 2934 2856 Porro
2969 2810 3146 2855 autem
3185 2800 3307 2869 quia
3342 2800 3498 2854 etiam
3535 2799 3720 2869 justus

2131 2903 2230 2955 est.
2258 2910 2360 2947 non
2388 2892 2602 2962 impune
2626 2907 2810 2946 sumus
2847 2891 3006 2954 mali;
3029 2889 3158 2945 etin
3193 2897 3446 2960 quantum
3471 2889 3594 2944 mali
3622 2903 3722 2944 su-

2131 2999 2269 3046 mus,
2299 2983 2349 3038 in
2389 2992 2589 3038 tantum
2615 2984 2774 3038 etiam
2800 2981 2972 3036 minus
2997 2995 3199 3036 sumus.
3216 2980 3311 3035 Ille
3335 2980 3474 3035 enim
3504 2994 3720 3036 summe

2131 3092 2193 3133 ac
2241 3077 2481 3147 primitus
2526 3084 2625 3140 est,
2652 3076 2739 3144 qui
2783 3073 3000 3129 omnino
3045 3070 3486 3128 incommutabilis
3525 3079 3629 3136 est,
3659 3080 3721 3127 ct

2130 3166 2219 3238 qui
2260 3167 2566 3236 plenissime
2606 3166 2782 3220 dicere
2815 3164 3016 3234 potuit:
3059 3161 3173 3234 £90
3201 3179 3312 3216 sum
3336 3161 3421 3232 qui
3446 3175 3598 3226 sum;
3632 3170 3714 3228 et,

2133 3256 2282 3313 Dices
2309 3259 2399 3321 eis,
2435 3255 2534 3322 Qui
2560 3265 2655 3321 est,
2683 3256 2815 3310 misit
2840 3271 2918 3308 me
2942 3255 3010 3308 ad
3029 3270 3116 3308 vos
3140 3252 3160 3325 (
3181 3250 3350 3307 Exod.
3375 3267 3450 3316 ιιι,
3482 3253 3550 3308 ﬂ
3568 3252 3609 3324 ).
3643 3251 3720 3309 Ut

2132 3360 2322 3408 czetera
2349 3367 2465 3420 qua:
2491 3359 2614 3404 sunt
2633 3391 2648 3412 ,
2680 3357 2736 3404 et
2764 3347 2865 3403 nisi
2902 3346 2968 3401 ab
2995 3346 3087 3401 illo
3110 3360 3228 3401 esse
3256 3358 3359 3399 non
3388 3343 3623 3415 possint,
3657 3352 3721 3400 et

2134 3445 2188 3498 in
2219 3452 2421 3498 tantum
2443 3443 2578 3498 bona
2605 3441 2774 3505 sint’,
2799 3440 2848 3493 in
2871 3447 3123 3509 quantum
3153 3443 3472 3506 acceperunt
3501 3442 3557 3488 ut
3579 3433 3716 3492 sint.

2132 3535 2228 3591 Ille
2261 3537 2414 3606 igitur
2444 3549 2570 3588 usus
2598 3535 2686 3603 qui
2717 3532 2914 3587 dicitur
2943 3531 3056 3595 Dei,
3082 3545 3186 3600 quo
3215 3529 3367 3584 nobis
3395 3528 3577 3595 utitur,
3604 3542 3718 3584 non

2134 3630 2200 3684 ad
2229 3631 2372 3699 ejus,
2405 3628 2497 3683 sed
2525 3627 2591 3682 ad
2633 3635 2871 3682 nostram
2902 3624 3181 3678 utilitatem
3207 3620 3459 3686 refertur,
3487 3619 3553 3674 ad
3595 3618 3720 3690 ejus

2133 3730 2307 3776 autem
2332 3718 2695 3775 tantummodo
2722 3717 3028 3772 bonitatem.
3048 3713 3213 3784 Cujus
3231 3722 3404 3768 autem
3428 3726 3524 3767 nos
3547 3713 3716 3767 mise-

2135 3829 2334 3880 remur,
2362 3824 2413 3868 et
2448 3812 2531 3868 cui
2569 3809 2914 3874 consulimus,
2942 3808 3008 3862 ad
3047 3807 3162 3877 ejus
3189 3805 3402 3877 quidem
3431 3806 3713 3861 utilitatem

2135 3905 2188 3959 id
2228 3904 2466 3966 facimus.
2499 3917 2722 3971 eamque
2763 3900 3066 3962 intuemur;
3107 3896 3203 3952 sed
3241 3896 3418 3951 nescio
3444 3896 3716 3966 quomodo

2135 3999 2294 4053 etiam
2314 4005 2491 4051 nostra
2515 3996 2568 4048 fit
2591 3995 2611 4026 ³
2633 4007 2984 4062 consequens,
3006 4004 3128 4045 cum
3153 4003 3269 4043 eam
3293 3987 3711 4044 misericordiam

2136 4106 2292 4162 quam
2323 4087 2676 4159 impendimus
2703 4086 2904 4155 egenti,
2929 4085 3042 4138 sine
3068 4081 3312 4139 mercede
3334 4096 3438 4136 non
3462 4081 3714 4152 relinquit

2137 4185 2300 4240 Deus.
2340 4185 2462 4238 Ilaec
2497 4192 2671 4238 autem
2717 4195 2922 4235 merces
2964 4191 3168 4232 summa
3209 4184 3292 4231 est
3329 4183 3387 4229 ut
3430 4174 3546 4244 ipso
3591 4188 3714 4243 per-

2136 4277 2392 4342 fruamur,
2419 4282 2474 4328 et
2497 4287 2684 4329 omnes
2711 4271 2798 4341 qui
2825 4285 2891 4325 eo
2933 4269 3181 4334 fruimur,
3207 4264 3360 4321 nobis
3382 4264 3541 4320 etiam
3571 4263 3710 4318 invi-

2135 4383 2250 4422 cem
2283 4367 2331 4420 in
2365 4367 2478 4435 ipso
2503 4363 2852 4433 perfruamur.

2135 4457 2356 4513 CAPUT
2395 4453 2632 4510 XXXIII.
2656 4484 2727 4494 -—
2759 4451 3019 4518 Quomodo
3057 4451 3256 4504 homine
3291 4449 3393 4518 frui
3427 4447 3705 4502 conveniat.

2205 4552 2294 4605 56.
2334 4550 2466 4605 Nam
2489 4549 2532 4603 si
2561 4549 2611 4602 in
2641 4546 2791 4602 nobis
2818 4545 2868 4600 id
2895 4545 3132 4606 facimus,
3156 4555 3490 4598 remanemus
3517 4541 3569 4595 in
3599 4540 3704 4604 via,

2135 4651 2189 4698 et
2215 4658 2362 4712 spem
2407 4639 2743 4694 beatitudinis
2771 4648 2968 4693 nostra:
2998 4637 3049 4690 in
3081 4635 3293 4689 homine
3330 4633 3409 4688 vel
3440 4633 3492 4687 in
3520 4633 3707 4700 angelo

2135 4735 2476 4790 collocamus.
2501 4731 2650 4799 Quod
2681 4742 2734 4785 et
2775 4731 2934 4783 homo
2971 4725 3230 4796 superbus
3267 4733 3324 4780 et
3359 4723 3576 4794 angelus
3613 4736 3707 4776 su~

2136 4825 2329 4898 perbus
2366 4833 2613 4894 arrogant
2639 4822 2737 4876 sibi
2761 4863 2775 4887 ,
2803 4832 2960 4890 atque
2994 4821 3044 4873 in
3073 4832 3132 4873 se
3159 4818 3378 4872 aliorum
3404 4830 3551 4886 spem
3579 4830 3708 4885 gau-

2135 4919 2263 4974 dent
2287 4917 2552 4974 constitui.
2584 4915 2810 4970 Sanctus
2855 4921 3030 4966 autem
3077 4909 3238 4964 homo
3279 4917 3335 4964 et
3371 4915 3584 4962 sanctus
3611 4922 3707 4960 an-

2134 5012 2284 5080 gelus
2328 5011 2485 5064 etiam
2532 5009 2701 5063 fessos
2737 5021 2834 5061 nos
2876 5014 3034 5075 atque
3081 5004 3132 5057 in
3176 5018 3234 5056 se
3272 5001 3609 5070 acquiescere
3651 5007 3706 5056 et

2135 5115 2413 5158 remanere
2443 5099 2712 5168 cupientes
2734 5139 2748 5162 ,
2778 5096 3020 5151 reficiunt
3047 5094 3222 5163 potius
3243 5133 3260 5159 ,
3287 5099 3378 5146 aut
3405 5106 3471 5146 eo
3495 5099 3701 5161 sumptu

2135 5207 2292 5263 quem
2339 5201 2554 5263 propter
2600 5204 2717 5256 nos,
2744 5197 2833 5243 aut
2871 5187 2962 5241 illo
2999 5185 3156 5241 etiam
3199 5199 3358 5254 quem
3397 5192 3610 5254 propter
3646 5198 3702 5238 se

2199 5326 2217 5358 ι
2242 5325 2427 5374 Addunt
2459 5323 2538 5374 hic
2570 5329 2678 5372 Mss.
2705 5319 2914 5370 Vaticani
2951 5318 3048 5380 duo
3071 5330 3084 5367 :
3110 5325 3209 5380 Nos
3237 5328 3364 5380 vero
3388 5314 3502 5380 quia
3535 5319 3703 5365 natura

2135 5386 2344 5451 (cattales
2364 5399 2526 5437 sumus
2539 5421 2554 5445 ,
2576 5392 2622 5436 et
2645 5388 2830 5451 remota
2833 5379 3068 5443 jactantia
3229 5375 3364 5428 aliud
3387 5375 3544 5451 omnes
3565 5390 3702 5440 quam

2135 5437 2581 5520 “meimei.
2607 5437 3058 5520 recutitaque.
3077 5439 3334 5506 άίιίθστηαδ
3376 5437 3641 5504 ﬁrm
3671 5453 3699 5489 α

2135 5516 2297 5561 nostra
2317 5508 2567 5559 dilectione
2586 5508 2857 5558 distinctum
2877 5517 2971 5555 non
2990 5509 3077 5555 est.

2199 5574 2221 5605 ³
2243 5571 2441 5632 Excusi:
2465 5575 2517 5620 ,ιι
2537 5575 2713 5632 uetera
2733 5579 2843 5632 qua:
2863 5572 2988 5626 simt,
3011 5572 3057 5616 et
3188 5561 3250 5613 ab
3377 5575 3475 5632 esse
3494 5573 3704 5632 nonpos-

2134 5630 2608 5742 siegtuléggnmtgztmn
2627 5625 2757 5680 bona
2775 5634 2900 5682 sunt.
2935 5625 3034 5678 Non
3055 5625 3209 5690 male;
3232 5625 3404 5676 melior
3426 5631 3586 5694 tamen
3606 5625 3703 5682 vis:

2334 5709 2346 5742 l
2491 5727 2505 5742 ο

2137 5703 2216 5747 est
2237 5701 2379 5743 lectio
2401 5702 2505 5744 MSS.

2203 5750 2847 5818 'Etliti,sit.Atlss.,ft't.:
3039 5764 3060 5798 τ
3105 5761 3250 5812 “go;
3295 5766 3320 5796 ι.
3384 5799 3390 5807 ,
