3874 6396
200 322 273 386 33
849 325 853 328 λ
953 280 957 285 ’
1572 292 1777 357 LIBER

1918 292 2087 354 mus.
2356 264 2492 312 '7”
2588 274 2591 277 ’
2936 262 2987 269 ”
3389 287 3461 350 δι

200 444 554 511 acceperunt,
582 436 902 504 acceperunt
928 436 1142 489 tamen;
1183 431 1339 491 atque
1373 419 1444 472 ita
1473 415 1700 471 refectos
1726 414 1778 466 in

201 505 355 590 illum
384 532 459 586 ire
483 525 842 598 compellunt,
869 534 976 589 quo
1015 517 1245 571 fruentes
1288 510 1481 581 pariter
1516 505 1652 561 beati
1692 518 1781 557 su-

200 639 345 681 mus.
384 620 519 678 Nam
565 593 622 674 et
664 612 948 686 Apostolus
988 608 1226 663 clamat:
1275 598 1537 669 Numquid
1585 593 1781 686 Paulus

201 716 474 785 cruciﬁxus
499 720 571 768 est
607 724 700 781 pro
719 685 905 762 (vobis?
932 711 1020 755 aut
1049 700 1100 753 in
1130 696 1328 751 nomine
1355 690 1507 746 Pauli
1542 685 1781 757 baptizati

201 809 323 863 estis
342 777 413 878 ’(1
436 802 555 860 Cor.
593 777 631 867 ι’,
658 797 796 868 i5)?
816 802 891 863 et,
925 791 1103 863 Neque
1136 788 1222 858 qui
1247 786 1439 856 plantat
1468 791 1539 836 est
1565 777 1777 849 aliquid,

202 873 463 974 neque‘qui
477 896 628 968 rigat,
644 891 731 948 sed
749 890 831 961 qui
846 889 1200 942 incrementum
1216 881 1301 933 dat
1320 878 1456 931 Deus
1480 875 1585 948 (Id.
1604 890 1680 939 tn,
1699 873 1778 944 7).

204 966 537 1061 lit-angelus
564 984 835 1042 hominem
870 995 928 1035 se
967 978 1277 1031 adorantem
1317 976 1497 1025 monet
1523 977 1578 1022 ut
1607 966 1782 1037 potius

205 1084 351 1138 illum
371 1079 580 1146 adoret,
602 1075 701 1131 sub
721 1088 827 1146 quo
850 1072 900 1127 ei
920 1067 1146 1124 Domino
1172 1066 1331 1120 etiam
1361 1063 1474 1132 ipse
1493 1072 1782 1115 conservus

202 1182 281 1230 est
315 1172 499 1245 (Apoc.
528 1183 641 1231 xu,
672 1164 784 1237 10).

271 1268 363 1323 57.
407 1264 537 1321 Cum
564 1270 739 1317 autem
766 1258 980 1314 homine
1007 1255 1059 1309 in
1087 1253 1193 1308 Deo
1222 1248 1441 1313 frueris,
1471 1244 1582 1301 Deo
1610 1244 1781 1315 potius

203 1375 360 1432 quam
388 1356 605 1413 homine
634 1353 844 1409 frueris.
874 1348 972 1405 Illo
1012 1346 1155 1402 enim
1200 1342 1390 1396 frueris
1416 1353 1520 1409 quo
1557 1335 1783 1391 eiﬁceris

205 1429 432 1516 beatus;
477 1455 533 1504 et
569 1445 636 1500 ad
673 1459 793 1501 eum
838 1451 889 1497 te
929 1439 1232 1510 pervenisse
1276 1431 1556 1496 laetaberis,
1586 1429 1637 1482 in
1678 1441 1783 1497 quo

204 1560 352 1616 spem
390 1540 545 1614 ponis
572 1547 631 1595 ut
666 1536 866 1593 venias.
893 1531 1021 1590 lude
1048 1530 1113 1585 ad
1150 1527 1509 1583 Philemonem
1550 1519 1780 1575 Paulus:

205 1609 306 1699 Ita,
332 1609 518 1707 frater,
540 1630 730 1701 inquit,
753 1644 841 1699 ego
865 1636 910 1680 te
929 1625 1073 1694 fruar
1092 1621 1145 1674 in
1167 1618 1380 1672 Domino
1403 1613 1644 1686 (Philem.
1665 1609 1781 1681 20).

204 1706 356 1795 Quod
383 1728 432 1781 si
458 1739 565 1779 non
592 1719 903 1780 addidisset,
921 1716 974 1769 in
1002 1712 1238 1776 Domino,
1262 1718 1315 1763 et
1343 1718 1390 1761 te
1414 1706 1557 1776 fruar
1583 1712 1786 1757 tantum

204 1821 447 1882 dixisset,
487 1817 543 1871 in
580 1828 646 1869 eo
685 1808 1052 1866 constituisset
1088 1818 1238 1874 spem
1274 1797 1613 1856 beatitudinis
1653 1810 1782 1850 sum.

205 1912 520 1980 Quanquam
549 1905 709 1961 etiam
734 1898 1059 1955 vieinissime
1100 1893 1293 1949 dicitur
1324 1889 1447 1953 frui,
1484 1903 1603 1943 cum
1639 1885 1784 1940 dele-

206 1976 443 2060 ctatione
469 1998 547 2053 uti
574 1998 619 2049 ί.
646 1992 782 2050 Cum
818 1993 958 2047 enim
989 1986 1141 2042 adest
1173 1980 1313 2053 quod
1345 1978 1598 2050 diligitur,
1629 1976 1786 2031 etiam

205 2092 619 2152 delectationem
644 2100 827 2142 secum
855 2095 1077 2138 necesse
1103 2085 1184 2133 est
1208 2082 1394 2147 gerat:
1426 2088 1520 2143 per
1553 2085 1709 2141 quam
1744 2068 1789 2124 si

210 2185 510 2251 transieris,
537 2195 761 2250 eamque
804 2176 870 2231 ad
914 2172 1042 2229 illud
1090 2170 1182 2226 ubi
1232 2163 1645 2239 permanendum
1686 2168 1787 2227 est,

207 2278 499 2343 retuleris;
529 2271 694 2329 uteris
731 2284 815 2336 ea,
841 2276 896 2322 et
923 2263 1159 2327 abusive,
1186 2274 1292 2314 non
1331 2256 1562 2329 proprie,
1600 2252 1792 2308 diceris

208 2370 330 2425 frui.
361 2368 424 2423 Si
462 2379 590 2422 vero
627 2358 901 2418 ἰηιιιεδενίε
927 2366 1086 2426 atque
1122 2350 1507 2423 permanseris,
1539 2348 1697 2402 tinem
1738 2344 1792 2398 in

209 2477 267 2518 ea
296 2472 508 2532 ponens
534 2454 727 2510 latitia:
756 2461 892 2515 tute,
924 2457 1048 2503 tunc
1081 2458 1209 2501 vere
1236 2450 1291 2497 et
1328 2439 1537 2512 proprie
1573 2436 1673 2491 frui
1714 2436 1795 2491 di-

210 2525 420 2610 cendus
443 2564 541 2605 es:
568 2544 708 2617 quod
754 2557 860 2597 non
900 2536 1199 2595 faciendum
1230 2542 1311 2588 est
1339 2532 1437 2584 nisi
1470 2530 1521 2583 in
1562 2528 1652 2582 illa
1680 2525 1797 2581 Tri-

212 2646 406 2706 nitate,
435 2639 486 2694 id
513 2647 591 2693 est
615 2651 823 2691 summo
850 2640 906 2687 et
930 2624 1346 2685 ineommutabili
1372 2623 1531 2677 bono.

247 2732 480 2791 CAPUT
520 2725 755 2785 XXXIV.
784 2754 854 2765 ——
886 2723 1057 2777 Prima
1080 2721 1146 2773 ad
1180 2718 1340 2771 Deum
1379 2715 1479 2780 via,
1509 2710 1756 2766 Christus.

282 2828 379 2881 58.
416 2822 545 2878 Vide
566 2815 1007 2891 quemadmodum
1037 2828 1157 2867 cum
1190 2811 1300 2880 ipsa
1327 2806 1551 2868 Veritas,
1579 2813 1633 2857 et
1662 2801 1796 2855 Ver-

214 2920 338 2974 bum
370 2932 467 2987 per
492 2913 630 2984 quod
657 2911 793 2965 facta
835 2918 957 2962 sunt
985 2907 1160 2960 omnia
1179 2944 1195 2969 ,
1232 2917 1356 2955 caro
1383 2899 1576 2953 factum
1616 2904 1794 2961 esset,

216 3028 271 3069 ut
304 3010 575 3065 habitaret
620 3008 673 3059 in
721 3004 871 3058 nobis
902 2999 1082 3070 (Joun.
1122 3013 1175 3051 nt
1201 3039 1214 3062 ,
1256 2996 1311 3062 5,
1347 2994 1470 3064 14),
1514 3000 1688 3045 tamen
1728 2990 1802 3043 ait

217 3103 513 3175 Apostolus
542 3117 554 3152 :
582 3097 645 3150 Et
673 3096 716 3150 si
746 3108 1037 3148 noveramus
1080 3089 1329 3144 Christum
1365 3083 1638 3137 secundum
1684 3097 1799 3133 car-

220 3172 355 3261 nem,
390 3193 479 3247 sed
496 3194 608 3264 jam
634 3205 732 3242 non
760 3185 986 3241 novimus
1016 3181 1079 3252 (Il
1108 3180 1221 3234 Cor.
1253 3179 1287 3233 5
1308 3219 1322 3242 ,
1359 3176 1460 3245 l6).
1491 3174 1583 3227 Ille
1609 3172 1802 3242 quippe

219 3289 308 3359 qui
365 3263 692 3341 nonisoltim
746 3275 1171 3349 pervenientibus
1224 3270 1653 3342 possessionem,
1706 3263 1803 3319 sed

222 3356 387 3438 etiam
424 3378 560 3431 viam
595 3375 828 3444 pracbere
855 3386 912 3425 se
937 3369 1099 3423 Voluit
1140 3362 1475 3420 venientibus
1498 3359 1563 3413 ad
1606 3356 1803 3427 princi-

224 3475 371 3546 pium
421 3470 624 3524 viarum
648 3469 668 3499 ²
695 3509 710 3534 ,
751 3464 916 3518 voluit
957 3475 1167 3515 carnem
1213 3471 1483 3512 assumere
1516 3472 1530 3507 :
1559 3452 1697 3505 unde
1724 3458 1807 3505 est

224 3568 389 3621 etiam
421 3562 583 3625 illud,
617 3558 861 3613 Dominus
903 3552 1086 3608 creavit
1126 3566 1204 3603 me
1237 3548 1289 3602 in
1330 3545 1577 3618 principio
1612 3543 1807 3596 viarum

225 3674 441 3714 suorum
466 3652 647 3727 (Prov.
684 3667 800 3714 vni,
823 3647 951 3716 2‘2);
984 3656 1039 3699 ut
1064 3644 1185 3698 inde
1226 3642 1542 3709 inciperent,
1572 3636 1661 3706 qui
1694 3633 1808 3688 vel-

229 3750 341 3804 lent
371 3748 574 3801 venire.
608 3742 893 3812 Apostolus
924 3740 1079 3808 igitur
1102 3733 1341 3806 quamvis
1366 3730 1539 3785 adhuc
1568 3727 1809 3783 ambula-

229 3852 311 3896 ret
343 3841 404 3893 in
432 3838 515 3892 via
538 3876 555 3903 ,
593 3843 647 3889 et
675 3831 738 3887 ad
778 3832 999 3902 palmam
1030 3840 1273 3896 supernae
1303 3820 1591 3877 vocationis
1618 3833 1811 3889 seque-

230 3942 387 3988 retur
435 3937 709 3983 vocantem
763 3923 946 3987 Deum,
1002 3929 1174 3973 tmnen
1229 3932 1290 3970 ea
1341 3929 1458 3983 qua:
1502 3920 1645 3967 retro
1692 3916 1814 3963 sunt

231 4024 580 4084 obliviscens,
604 4029 657 4074 et
684 4020 733 4071 in
758 4033 819 4072 ea
849 4031 965 4086 qua:
991 4021 1111 4066 ante
1134 4017 1259 4064 sunt
1287 4017 1533 4063 extentus
1558 4003 1812 4077 (Philipp.

232 4134 313 4183 ut,
346 4114 415 4170 12
450 4113 559 4183 Li),
576 4112 688 4182 jam
712 4106 1022 4179 principium
1047 4105 1248 4156 viarum
1269 4100 1574 4161 transierat;
1596 4096 1695 4150 hoc
1714 4104 1813 4161 est,

234 4226 301 4265 eo
326 4224 437 4263 non
467 4204 751 4275 indigebat,
779 4217 807 4254 a
836 4216 940 4270 qun
961 4207 1132 4251 tamen
1159 4192 1567 4265 aggrediendum
1594 4198 1645 4243 et
1667 4203 1819 4241 exor-

236 4298 497 4356 diendum
522 4299 618 4351 iter
637 4304 715 4349 est
740 4290 984 4347 omnibus
1007 4288 1092 4358 qui
1124 4286 1187 4340 ad
1220 4284 1490 4340 veritatem
1522 4280 1815 4351 pervenire,

240 4405 289 4447 cl
320 4395 379 4448 in
414 4392 517 4445 vita
548 4400 743 4444 mterna
776 4397 1085 4453 permanere
1113 4378 1431 4433 desiderant.
1456 4376 1544 4430 Sic
1566 4375 1704 4429 enim
1726 4375 1817 4440 ait,

241 4485 359 4558 Ego
386 4501 495 4538 sum
518 4482 619 4547 via,
648 4490 693 4535 et
722 4478 923 4543 veritas,
952 4485 996 4529 et
1026 4475 1124 4527 vita
1148 4470 1443 4531 (Joan.x1v,
1472 4470 1525 4535 6)
1552 4485 1565 4531 ;
1600 4468 1699 4520 hoc
1718 4473 1818 4534 est,

246 4593 344 4646 per
380 4590 461 4629 me
482 4572 708 4631 venitur,
732 4569 798 4623 ad
821 4584 905 4622 me
932 4566 1255 4635 pervenitur,
1282 4563 1331 4616 in
1362 4578 1444 4615 me
1468 4568 1819 4629 permanetur.

244 4667 384 4723 Cum
406 4664 545 4719 enim
568 4663 633 4717 ad
663 4664 831 4731 ipsum
863 4656 1182 4727 pervenitur,
1205 4654 1361 4707 etiam
1384 4652 1446 4704 ad
1471 4652 1677 4704 Patrem
1710 4664 1828 4717 per-

246 4759 489 4817 venitur;
522 4754 642 4824 quia
672 4767 765 4822 per
788 4750 1042 4819 aequalem
1077 4747 1161 4799 ille
1191 4745 1272 4798 cui
1304 4753 1386 4798 est
1420 4743 1633 4811 a-qnnlis
1662 4754 1825 4810 agno-

248 4853 450 4911 scitur;
493 4847 757 4900 vinciente
781 4854 832 4898 et
858 4852 1101 4911 tanquam
1132 4838 1483 4908 agglutinante
1512 4853 1605 4887 nos
1632 4833 1829 4902 Spiritu

248 4952 461 5006 saneto,
490 4955 596 5008 quo
621 4937 673 4990 in
695 4949 900 4989 summo
924 4943 1080 5002 atque
1108 4927 1516 4984 ineommulabili
1541 4927 1677 4979 bono
1707 4941 1829 4994 pcr-

252 5046 475 5087 manere
502 5026 787 5098 ansimus.
813 5024 889 5078 Ex
916 5038 1020 5093 quo
1042 5020 1346 5089 intelligitur
1365 5034 1518 5087 quam
1539 5017 1677 5070 nulla
1706 5029 1789 5071 res
1811 5016 1832 5048 ³

252 5126 308 5179 in
344 5123 428 5176 via
455 5131 640 5176 tenere
670 5133 765 5173 nos
788 5117 1004 5180 debeat,
1038 5114 1246 5184 quando
1279 5129 1373 5166 nec
1405 5111 1514 5180 ipse
1546 5109 1794 5163 Dominus
1816 5150 1831 5175 ,

256 5218 308 5270 in
327 5224 584 5285 quantum
612 5212 693 5265 via
716 5218 893 5264 nostra
915 5223 1032 5262 esse
1054 5207 1295 5275 dignulus
1316 5213 1416 5269 est,
1441 5214 1619 5257 tenere
1640 5217 1735 5256 nos
1754 5216 1836 5255 vo-

256 5308 442 5370 luerit,
476 5305 567 5359 Sed
595 5303 854 5365 transire;
886 5315 951 5354 ne
988 5298 1143 5352 rebus
1174 5295 1567 5362 temporalibus,
1599 5294 1837 5362 quamvis

257 5404 329 5456 ab
352 5401 443 5454 illo
474 5415 567 5468 pro
589 5398 757 5452 salute
778 5403 958 5449 nostra
980 5390 1236 5459 susceptis
1257 5398 1309 5443 et
1333 5386 1514 5458 gestis,
1546 5386 1840 5441 limreamus

262 5493 584 5556 infirmiter,
624 5487 717 5543 sed
746 5502 838 5557 per
864 5499 956 5541 eas
994 5483 1165 5553 potius
1193 5494 1463 5536 curramus
1491 5480 1755 5544 alacriter,
1785 5485 1845 5532 ut

333 5604 351 5635 ι
378 5606 589 5651 veteres
608 5598 819 5656 codices,
841 5606 951 5646 cum
974 5591 1222 5643 dilectione
1244 5589 1329 5656 uti.

332 5664 354 5696 '
376 5648 581 5712 Αιίίζειθ.
607 5666 660 5710 et
688 5668 768 5710 Ms.
794 5648 1221 5713 'i‘heodericeusis,
1256 5651 1322 5703 ad
1354 5664 1406 5703 se
1436 5648 1723 5713 principum:
1743 5649 1846 5704 via—

267 5738 517 5852 mgliditi,
543 5785 673 5853 quia.
696 5791 752 5837 At
773 5792 877 5836 Mss.
899 5781 1115 5835 melioris
1136 5787 1259 5833 nota
1274 5814 1289 5843 ,
1310 5788 1454 5847 quam
1474 5770 1607 5829 nulla
1627 5790 1723 5834 res.

1889 409 1955 464 ad
1977 425 2098 465 eum
2119 410 2311 479 ipsum,
2333 409 2420 481 qui
2443 414 2676 465 nostram
2695 416 2935 463 naturam
2956 421 2984 460 a
3002 405 3378 477 temporalibus
3389 405 3460 460 li-

1889 503 2109 567 beravit,
2133 513 2185 559 et
2208 505 2487 559 collocavit
2508 505 2576 559 ad
2611 504 2882 560 dexteram
2908 500 3099 569 Patris,
3131 499 3348 571 provehi
3371 507 3455 555 at-

1888 611 1990 666 que
2016 597 2231 667 pervehi
2259 601 2277 629 ί
2298 613 2614 654 mereamur.

1924 709 2145 767 CAPUT
2182 709 2400 766 XXXV.
2436 742 2509 753 —
2548 711 2827 781 Scriptura:
2850 710 3146 785 plenitudo,
3175 711 3418 784 ﬁnisque,

2358 822 2502 859 amor
2532 805 2627 861 Dei
2651 814 2700 860 et
2725 807 2962 877 proximi.

1959 896 2048 954 59.
2079 896 2324 953 Omnium
2353 897 2510 968 igitur
2534 913 2653 968 qua:
2691 898 2828 953 dicta
2855 906 2978 953 sunt
2998 941 3013 965 ,
3045 914 3113 955 ex
3140 913 3246 968 quo
3271 898 3339 953 de
3367 913 3455 953 re-

1885 988 1986 1044 bus
2014 997 2298 1043 tractamus
2317 1030 2331 1053 ,
2361 987 2475 1043 hazc
2499 1002 2703 1043 summa
2723 998 2836 1054 est,
2868 996 2926 1044 ut
2952 988 3271 1059 intelligatur
3303 988 3458 1058 Legis

1887 1089 1942 1137 et
1968 1080 2202 1135 omnium
2225 1080 2524 1135 divinarum
2550 1078 2937 1151 Scripturarum
2965 1079 3234 1149 plenitudo
3258 1088 3312 1134 et
3339 1079 3456 1133 linis

1888 1188 2007 1230 esse
2043 1173 2257 1229 dilectio
2287 1173 2458 1244 (Rom.
2487 1189 2580 1228 xm
2601 1213 2615 1236 ,
2651 1173 2753 1238 10;
2781 1182 2827 1227 et
2855 1172 2877 1227 Ι
2904 1172 3035 1226 Tim.
3063 1189 3117 1239 ι,
3158 1173 3215 1243 5)
3244 1173 3317 1227 rei
3356 1187 3459 1243 qua

1890 1265 2166 1321 fruendum
2196 1275 2297 1331 est,
2329 1273 2384 1320 et
2409 1265 2487 1319 rei
2510 1280 2627 1335 qute
2651 1265 2922 1319 nobiscum
2951 1279 3011 1319 ea
3037 1279 3097 1319 re
3120 1262 3220 1318 frui
3248 1272 3457 1332 potest;

1888 1357 2007 1425 quia
2031 1366 2088 1410 ut
2106 1372 2164 1410 se
2185 1357 2408 1426 quisque
2426 1354 2627 1424 diligat,
2652 1367 2918 1425 praecepto
2938 1371 3041 1409 non
3069 1371 3202 1424 opus
3224 1366 3322 1409 est.
3347 1355 3459 1410 Hoc

1889 1461 2019 1516 ergo
2044 1457 2100 1500 ut
2128 1460 2405 1501 nossemus
2428 1453 2587 1514 atque
2618 1459 2914 1514 possemus,
2948 1445 3080 1499 facta
3115 1454 3199 1500 cst
3225 1455 3329 1499 tota
3364 1461 3459 1515 pro

1889 1537 2056 1591 salute
2095 1546 2271 1590 nostra
2306 1550 2401 1605 per
2436 1534 2665 1589 divinam
2712 1535 3094 1605 providentiam
3135 1536 3461 1605 dispensatio

1890 1628 2211 1697 temporalis,
2247 1642 2350 1695 qua
2386 1626 2642 1681 debemus
2685 1628 2799 1693 uti,
2847 1641 2952 1680 non
2995 1626 3145 1695 quasi
3196 1628 3460 1683 mansoria

1889 1718 2116 1788 quadam
2136 1717 2419 1773 dilectione
2446 1728 2603 1788 atque
2631 1715 3002 1783 delectatione,
3034 1716 3128 1772 sed
3161 1718 3461 1772 transitoria

1892 1811 2094 1879 potius,
2146 1819 2393 1879 tanquam
2442 1809 2574 1876 viai,
2624 1817 2873 1879 tanquam
2927 1808 3331 1874 vehiculorum,
3379 1810 3463 1866 vel

1891 1903 2116 1956 aliorum
2162 1901 2518 1973 quorumlibet
2558 1900 3030 1954 instrumentorum
3058 1940 3072 1964 ,
3119 1910 3210 1955 aut
3251 1900 3298 1954 si
3338 1899 3464 1970 quid

1892 1994 2267 2064 congruentius
2296 1993 2399 2047 dici
2428 2002 2638 2063 potest;
2674 2000 2733 2046 ut
2760 2007 2822 2047 ea
2845 1992 3034 2061 quibus
3061 1992 3280 2049 ferimur
3298 2032 3313 2061 ,
3344 2008 3466 2064 pro-

1893 2095 2010 2156 pter
2038 2084 2162 2140 illud
2193 2084 2261 2139 ad
2297 2084 2437 2156 quod
2476 2084 2714 2152 terimur,
2743 2083 3041 2154 diligamus.

1894 2198 2117 2255 CAPUT
2142 2196 2378 2253 XXXVI.
2390 2195 2817 2267 —Interpretatio
2832 2196 3114 2267 Scriptum
3132 2197 3245 2252 licet
3266 2199 3463 2267 vitiosa,

1966 2307 2067 2345 non
2094 2299 2165 2344 est
2192 2288 2409 2343 mendax
2432 2305 2522 2343 nec
2542 2288 2818 2358 perniciose
2840 2287 3003 2358 fallax
3024 2329 3040 2355 ,
3070 2290 3115 2343 si
3148 2290 3296 2343 modo
3328 2290 3468 2345 utilis

1966 2381 2030 2435 sit
2074 2379 2389 2449 aedificanda
2425 2379 2679 2433 charitati.
2726 2377 3062 2450 Corrigendus
3102 2388 3268 2434 tamen
3309 2380 3468 2435 inter-

1968 2490 2079 2544 pres
2098 2474 2182 2541 qui
2210 2472 2281 2526 sic
2305 2471 2520 2541 fallitur.

1969 2568 2057 2622 40.
2090 2566 2336 2635 Quisquis
2367 2566 2523 2636 igitur
2566 2564 2869 2635 Scripturas
2892 2564 3098 2621 divinas
3135 2567 3219 2622 vel
3242 2566 3469 2637 quamli-

1899 2661 1988 2715 bet
2017 2676 2197 2714 earum
2226 2666 2429 2728 partem
2460 2658 2786 2712 intellexrsse
2812 2658 2912 2712 sibi
2940 2658 3176 2725 videtur,
3223 2658 3292 2713 ita
3324 2670 3381 2714 ut
3408 2673 3472 2715 eo

1902 2750 2170 2806 intellectu
2224 2764 2328 2804 non
2376 2748 2598 2803 mdilicet
2651 2749 2805 2801 istam
2853 2749 3116 2818 geminam
3161 2748 3471 2804 charitatem

1904 2843 1997 2899 Dei
2026 2852 2080 2897 et
2110 2840 2353 2913 proximi,
2385 2839 2615 2894 nondum
2648 2839 2925 2894 intellexit.
2966 2840 3213 2909 Quisquis
3242 2854 3366 2895 vero
3396 2848 3474 2893 ta-

1903 2936 2003 2989 lem
2048 2935 2168 2991 inde
2209 2934 2524 2989 sententiam
2566 2931 2857 2999 duxerit”,
2896 2941 2954 2987 ut
2992 2933 3114 2986 huic
3153 2931 3476 2987 mdiﬁcanda:

1903 3029 2143 3083 cliaritati
2171 3028 2238 3081 sit
2267 3027 2440 3092 utilis,
2483 3040 2581 3080 nec
2608 3036 2781 3080 tamen
2826 3024 2929 3079 hoc
2972 3024 3164 3079 dixerit
3207 3025 3345 3095 quod
3378 3025 3467 3080 ille

1905 3136 2061 3189 quem
2085 3119 2208 3189 legit
2230 3134 2293 3172 eo
2316 3120 2431 3172 loco
2454 3118 2686 3172 sensisse
2710 3116 3033 3185 probabitur,
3057 3131 3161 3169 non
3185 3116 3478 3186 perniciose

1908 3211 2121 3277 fallitur,
2153 3226 2250 3265 nec
2279 3210 2495 3263 ontnino
2533 3210 2804 3263 mentitur.
2835 3206 2977 3261 Inest
3012 3208 3206 3276 quippe
3245 3206 3296 3259 in
3324 3222 3478 3261 men-

1911 3302 2071 3356 tiente
2114 3301 2358 3355 voluntas
2385 3301 2509 3353 l'alsa
2539 3297 2747 3353 dicendi
2783 3316 2795 3352 :
2830 3306 2884 3351 et
2913 3298 3032 3352 ideo
3060 3298 3250 3351 multos
3280 3297 3483 3352 inveni-

1912 3412 2025 3450 mus
2045 3436 2059 3458 ,
2088 3394 2176 3465 qui
2208 3394 2415 3448 mentiri
2447 3392 2644 3457 velint;
2688 3391 2776 3461 qui
2803 3401 2977 3445 autem
3009 3390 3153 3455 falli,
3192 3390 3478 3444 neminem.

1909 3487 2041 3542 Cum
2073 3488 2229 3556 igitur
2260 3486 2360 3540 bne
2385 3486 2561 3539 sciens
2592 3485 2749 3538 homo
2780 3483 2951 3547 faciat,
2979 3482 3107 3536 illud
3134 3482 3376 3537 nesciens
3399 3498 3483 3551 pa-

1912 3579 2091 3641 tiatur,
2116 3577 2245 3632 satis
2270 3579 2322 3630 in
2345 3592 2444 3629 una
2471 3575 2762 3644 eademque
2786 3589 2840 3628 re
2864 3583 3081 3643 apparet
3109 3573 3253 3627 illum
3280 3572 3368 3642 qui
3390 3572 3485 3628 fal-

1911 3671 2055 3736 litur,
2080 3686 2144 3724 eo
2172 3668 2261 3740 qui
2291 3669 2543 3722 mentitur
2568 3681 2685 3721 esse
2716 3666 2987 3720 meliorem
3013 3682 3027 3728 ;
3055 3664 3484 3734 quandoquidem

1914 3765 2020 3835 pati
2050 3764 2239 3818 melius
2266 3772 2349 3818 est
2376 3762 2721 3832 iniquitatem,
2750 3776 2904 3829 quam
2933 3758 3108 3813 facere
3141 3774 3155 3812 :
3185 3758 3358 3812 omnis
3385 3773 3485 3812 au-

1917 3866 2021 3911 tem
2052 3856 2138 3927 qui
2166 3856 2447 3919 mentitur,
2490 3852 2817 3923 iniquitatem
2849 3850 3047 3915 facit‘;
3079 3858 3132 3905 et
3169 3850 3213 3903 si
3240 3850 3487 3920 cuiquam

1917 3950 2122 4004 videtur
2144 3948 2270 4002 utile
2290 3945 2571 4017 aliquando
2591 3959 2709 4000 esse
2734 3942 3087 4008 mendacium,
3124 3950 3287 4011 potest
3321 3940 3491 3995 videri

1918 4042 2098 4097 utilem
2120 4038 2401 4110 aliquando
2430 4052 2550 4093 esse
2590 4036 2938 4105 iniquitatem.
2966 4033 3132 4089 Nemo
3170 4034 3311 4088 enim
3338 4047 3490 4087 men-

1920 4136 2088 4201 tiens,
2147 4134 2197 4188 ii
2250 4146 2316 4187 eo
2366 4132 2505 4202 quod
2551 4128 2841 4195 mentitur,
2898 4133 3074 4181 servat
3126 4123 3316 4189 fidem;
3369 4137 3491 4178 nam

1921 4227 2023 4282 hoc
2052 4226 2229 4295 utique
2256 4224 2388 4290 vult,
2431 4233 2488 4277 ut
2528 4222 2609 4277 cui
2653 4220 2904 4275 mentitur
2936 4217 3093 4272 fidem
3138 4216 3238 4270 sibi
3266 4215 3489 4282 habeat,

1924 4336 2079 4390 quam
2114 4330 2287 4372 tamen
2314 4317 2363 4371 ei
2390 4313 2693 4370 mentiendo
2731 4329 2835 4369 non
2860 4320 3039 4366 servat
3070 4326 3083 4361 :
3114 4309 3289 4363 omnis
3316 4316 3493 4361 autem

1924 4413 2045 4468 ﬁdei
2074 4412 2334 4477 violator,
2376 4409 2586 4479 iniquus
2626 4416 2729 4462 est.
2774 4407 2877 4459 Aut
2916 4405 3073 4474 igitur
3111 4402 3357 4473 iniquitas
3394 4399 3493 4454 ali-

1926 4502 2137 4575 quando
2168 4501 2308 4555 uiilis
2332 4510 2431 4563 est,
2462 4497 2602 4568 quod
2642 4495 2753 4551 fieri
2780 4510 2887 4549 non
2916 4502 3120 4564 potest;
3161 4501 3253 4548 aut
3279 4490 3498 4548 menda.

1927 4597 2066 4651 cium
2097 4609 2306 4663 semper
2335 4591 2517 4645 inutile
2554 4597 2656 4644 est.

2000 4689 2090 4743 4|.
2122 4685 2225 4742 Sed
2255 4684 2493 4754 quisquis
2540 4683 2590 4736 in
2635 4680 2918 4751 Scripturis
2954 4679 3095 4736 aliud
3135 4681 3294 4736 sentit
3339 4691 3498 4752 quam

1933 4781 2019 4837 ille
2047 4781 2134 4845 qui
2161 4778 2410 4847 scripsit,
2454 4777 2554 4830 illis
2583 4791 2685 4830 non
2728 4774 3103 4830 mentientibus
3142 4773 3337 4827 fallitur
3364 4791 3377 4828 :
3408 4774 3503 4829 sed

1936 4885 2109 4930 tamen
2132 4916 2148 4941 ,
2178 4884 2235 4928 ut
2274 4871 2451 4927 dicere
2480 4885 2765 4940 creperum,
2807 4870 2851 4923 si
2880 4884 2943 4924 ea
2972 4868 3229 4923 sententia
3276 4867 3497 4932 fallitur,

1935 4983 2036 5038 qua
2065 4964 2289 5019 aedificet
2316 4963 2627 5018 eharitatem
2652 5001 2666 5026 ,
2709 4975 2827 5031 qum
2866 4958 2985 5013 finis
3010 4958 3255 5029 pra-copti
3289 4967 3368 5012 est
3387 4996 3401 5021 ,
3432 4956 3501 5009 ita

1939 5060 2153 5115 fallitur.
2186 5074 2248 5111 ac
2275 5057 2318 5110 si
2347 5057 2622 5125 quisquam
2645 5068 2827 5108 errore
2850 5052 3104 5106 deserens
3135 5051 3304 5107 viam,
3336 5063 3401 5100 eo
3428 5056 3505 5101 ta-

1940 5168 2060 5206 men
2102 5164 2195 5220 prr
2219 5164 2399 5220 agrum
2442 5157 2657 5217 pergat,
2686 5158 2792 5214 quo
2816 5144 2975 5199 etiam
3005 5143 3087 5195 via
3116 5140 3203 5193 illa
3247 5137 3502 5206 perducit.

1944 5241 2297 5311 Corrigendus
2325 5248 2407 5293 est
2434 5250 2605 5292 tamen
2631 5279 2645 5301 ,
2677 5246 2731 5290 et
2757 5251 2913 5305 quam
2943 5234 3010 5287 sit
3041 5230 3218 5285 utilius
3243 5230 3378 5284 viam
3403 5248 3507 5285 non

1943 5337 2192 5393 deserere
2234 5332 2704 5389 demonstrandum
2744 5340 2826 5385 est
2852 5371 2867 5393 ,
2909 5342 2974 5381 ne
3010 5325 3390 5381 consuetudine
3417 5326 3511 5381 de-

1946 5430 2121 5486 viandi
2141 5429 2296 5485 etiam
2315 5429 2366 5481 in
2386 5438 2741 5481 transversum
2757 5432 2848 5477 aut
2860 5434 3163 5491 perversum
3176 5420 3255 5475 ire
3273 5430 3509 5491 cogatur.

2015 5589 2032 5622 ι
2056 5594 2107 5637 In
2130 5582 2358 5647 Vulgatis,
2382 5579 2626 5645 pervenire
2647 5580 2828 5647 ;_cujus
2850 5575 2955 5626 loco
2976 5576 3027 5626 in
3049 5582 3155 5627 Mss.
3174 5610 3189 5636 ,
3214 5573 3422 5640 pervehi.

2012 5652 2034 5683 ³
2058 5658 2155 5699 Am.
2181 5637 2473 5697 et'und'eeim
2496 5652 2620 5699 Mss,
2650 5637 2846 5691 dixerit.

2017 5712 2038 5744 ⁸
2059 5710 2331 5763 Octodecim
2362 5716 2495 5768 Mss.,
2519 5704 2601 5770 qui
2630 5701 2853 5755 mentitur
2881 5699 3042 5768 inique
3076 5699 3209 5765 facit.
3242 5707 3368 5750 Unus
3391 5738 3406 5769 ,
3438 5703 3514 5755 ins

1854 5828 1895 5845 ,κ
1952 5785 2115 5845 W-
