3874 6316
445 297 520 369 se
1362 297 1453 354 nn
1485 288 1826 353 DOCTRINA
1861 257 2294 358 cumsuam,
2325 287 2384 348 s.
2424 283 2789 348 AUGUSTINI

451 416 759 478 transferre.
787 393 1111 472 oveswetiam
1150 411 1534 486 iucundissime
1573 424 1805 483 agnosco
1833 407 2024 464 deton-

451 527 570 581 sas,
599 509 848 567 oneribus
874 508 1216 564 srecularibus
1240 517 1487 578 tanquam
1511 503 1796 560 velleribus
1819 498 2024 570 positis,

453 615 508 660 et
533 601 876 659 ascendentes
897 600 964 657 de
982 600 1212 668 lavacro,
1235 598 1288 654 id
1307 607 1389 654 est
1407 596 1473 653 de
1484 594 1827 666 Baptismate,
1849 604 2031 646 creare

455 709 641 752 omnes
663 695 930 767 geminos,
973 692 1026 749 id
1053 701 1136 748 est
1168 689 1274 747 duo
1319 697 1582 762 praecepta
1624 683 1948 749 dilectionis,
1978 689 2034 737 et

455 787 651 844 nullam
681 801 803 842 esse
829 785 897 840 ab
922 785 1024 839 isto
1048 791 1232 839 sancto
1260 781 1432 838 fructu
1461 779 1697 836 sterilem
1727 775 1900 831 video.

524 877 578 934 8.
618 875 722 933 Sed
756 891 919 947 quare
959 875 1173 930 suavius
1213 872 1416 929 videam
1441 912 1456 937 ,
1500 884 1657 941 quam
1706 868 1751 922 si
1799 865 1938 920 nulla
1967 862 2035 920 de

454 969 648 1028 divinis
673 967 848 1024 Libris
889 967 1010 1023 talis
1055 964 1344 1021 similitudo
1392 968 1764 1034 promeretur,
1801 972 1920 1012 cum
1949 970 2036 1010 res

455 1063 641 1118 eadem
670 1062 739 1116 sit
765 1061 1057 1130 eademque
1092 1058 1323 1128 c0gnitio
1341 1096 1356 1120 ,
1387 1053 1603 1110 difﬁcile
1629 1063 1710 1107 est
1735 1051 1912 1106 dicere
1935 1089 1952 1116 ,
1984 1056 2038 1104 et

456 1155 557 1210 alia
587 1155 809 1224 qua-stin
835 1161 936 1208 est.
967 1151 1118 1207 Nunc
1147 1160 1322 1205 tamen
1353 1162 1509 1204 nemo
1547 1145 1798 1216 antbigit,
1843 1152 1895 1197 et
1944 1156 2040 1213 per

459 1246 828 1301 similitudines
850 1245 1097 1301 libentius
1118 1258 1343 1313 quaeque
1362 1240 1630 1312 cognosci,
1649 1248 1704 1293 et
1726 1253 1844 1293 cum
1866 1234 2038 1304 aliqua

458 1337 766 1392 difﬁcultate
793 1336 1011 1408 qua-sita
1052 1336 1218 1390 multo
1262 1331 1465 1404 gratius
1495 1329 1737 1385 inveniri.
1771 1327 1869 1394 Qui
1897 1325 2038 1382 enim
2068 1387 2086 1399 _

460 1444 678 1502 prorsus
715 1445 821 1484 non
848 1429 1119 1484 inveniunt
1142 1427 1282 1499 quod
1311 1435 1575 1497 quaerunt,
1603 1423 1742 1478 fame
1769 1421 2036 1486 laborant;

458 1523 546 1592 qui
574 1531 746 1576 autent
775 1537 877 1576 non
906 1530 1149 1589 qumruut
1169 1561 1184 1585 ,
1207 1519 1326 1590 quia
1355 1519 1406 1572 in
1436 1525 1679 1587 promptu
1707 1514 1932 1581 habent,
1966 1513 2041 1567 fa-

460 1615 620 1670 stidio
649 1631 789 1684 sat-pe
836 1623 1172 1669 marcescunt
1202 1630 1215 1666 :
1249 1612 1300 1666 in
1329 1620 1551 1681 utroque
1595 1618 1771 1663 autem
1809 1608 2029 1677 languor

461 1706 728 1762 cavendus
754 1717 854 1759 est.
900 1705 1172 1774 Magnifice
1211 1704 1370 1772 igitur
1409 1710 1463 1756 et
1507 1700 1791 1755 salubriter
1815 1697 2042 1768 Spiritus

463 1809 676 1854 sant-tus
714 1800 781 1853 ita
819 1798 1118 1866 Scripturas
1161 1805 1373 1851 sanctas
1414 1793 1767 1858 modificavit,
1816 1801 1873 1846 ut
1914 1792 2043 1846 locis

463 1894 814 1964 apertioribus
845 1892 967 1946 fami
993 1901 1316 1956 occurreret,
1336 1889 1733 1945 obscurioribus
1762 1897 1937 1942 autem
1965 1885 2044 1940 fa-

463 1987 617 2042 Stidia
633 1985 948 2056 detergeret.
973 1985 1109 2040 Nihil
1131 1985 1270 2039 enim
1304 1983 1411 2038 iere
1426 1983 1491 2038 de
1509 1982 1611 2037 illis
1635 1979 2044 2036 obscuritatibus

464 2079 698 2142 crnitur,
722 2078 861 2150 quod
892 2095 996 2134 non
1025 2079 1330 2149 planissime
1355 2076 1550 2132 dictum
1577 2074 1702 2129 alibi
1731 2076 2041 2144 reperiatur.

465 2167 690 2225 CAPUT
723 2169 828 2224 νη.
849 2199 921 2211 --
947 2168 1147 2225 Gradus
1167 2171 1238 2223 ad
1253 2169 1548 2240 sapientiam
1571 2183 1592 2222 :
1616 2166 1826 2238 primus,
1861 2167 2044 2233 timor;

534 2260 801 2328 secundus,
825 2262 1016 2332 pietas;
1037 2262 1232 2328 tertius,
1257 2261 1461 2315 scientia
1475 2275 1496 2326 ;
1519 2269 1744 2330 quartus,
1769 2259 2046 2331 fortitudo;

538 2355 739 2425 quintus
761 2395 776 2421 ,
807 2355 1105 2420 consilium;
1133 2363 1333 2421 sextus,
1380 2353 1610 2426 purgatio
1651 2351 1848 2417 cordia;
1891 2354 2046 2423 septi-

537 2461 648 2500 mus
673 2445 859 2517 gradus
881 2463 968 2502 seu
996 2446 1114 2516 ﬁnis
1131 2486 1146 2509 ,
1175 2445 1440 2516 sapientia.

540 2535 592 2590 9.
634 2537 770 2590 Ante
795 2536 968 2591 omnia
1001 2537 1159 2606 igitur
1187 2550 1320 2607 opus
1349 2545 1432 2590 est
1461 2535 1553 2590 Dei
1583 2535 1768 2590 timore
1810 2535 2049 2590 converti

469 2622 537 2682 ad
561 2626 983 2698 cognoscendam
1011 2627 1124 2696 ejus
1152 2627 1475 2681 voluntatem
1501 2668 1516 2693 ,
1544 2625 1668 2697 quid
1697 2625 1850 2681 nobis
1886 2641 2050 2697 appe-

471 2717 686 2772 tendum
728 2717 1139 2790 fugiendumque
1179 2718 1469 2788 praecipiat.
1519 2717 1700 2773 Timor
1745 2728 1920 2772 autem
1954 2719 2052 2775 iste

469 2807 840 2878 cogitationem
860 2808 928 2864 de
957 2817 1137 2864 nostra
1172 2809 1493 2863 mortalitate
1518 2816 1571 2862 et
1596 2806 1663 2862 de
1688 2809 1857 2862 futura
1885 2818 2054 2865 morte

471 2912 692 2954 necesse
709 2907 795 2955 est
822 2898 1059 2960 incutiat.
1091 2907 1147 2954 et
1173 2899 1322 2967 qttasi
1347 2899 1569 2952 clavatis
1597 2899 1845 2954 carnibus
1869 2914 2055 2956 omnes

471 2989 735 3062 superbia:
762 2997 938 3044 motus
962 2988 1106 3059 ligno
1132 2990 1306 3044 crucis
1331 2991 1527 3059 attigat.
1553 2989 1751 3044 Deinde
1778 2991 2057 3047 mitescere

468 3092 603 3150 opus
630 3084 715 3135 est
744 3078 938 3148 pietate
959 3118 977 3147 ,
1007 3092 1182 3148 neque
1205 3077 1568 3133 contradicere
1596 3079 1788 3134 divinzc
1812 3078 2054 3149 Scriptu-

470 3183 545 3223 ra:
574 3170 687 3224 sive
707 3167 1006 3235 intellectui,
1037 3169 1079 3222 si
1111 3167 1282 3237 aliqua
1309 3169 1432 3223 vitia
1458 3178 1636 3222 nostra
1667 3171 1918 3238 percutit;
1941 3167 2054 3228 sive

472 3272 578 3312 non
602 3256 902 3322 intellectzc,
920 3257 1068 3327 quasi
1088 3271 1184 3311 nos
1206 3257 1390 3312 melius
1413 3272 1599 3325 sapere
1620 3257 1910 3327 meliusque
1931 3274 2056 3326 prm-

471 3351 651 3422 cipcre
669 3352 685 3383 ί
704 3350 967 3422 possimus
985 3367 998 3404 :
1018 3349 1110 3405 sed
1125 3350 1358 3421 cogitare
1377 3351 1547 3420 potius
1564 3359 1616 3403 et
1633 3351 1851 3405 credere
1867 3351 1916 3405 id
1935 3366 2054 3407 esse

474 3441 664 3497 melius
689 3449 744 3497 et
767 3441 942 3496 verius
959 3440 1100 3512 quod
1132 3441 1201 3495 ibi
1229 3442 1478 3510 scriptum
1507 3450 1607 3507 est,
1627 3444 1784 3497 etiam
1806 3444 1849 3496 si
1870 3443 2048 3510 lateat,

473 3548 630 3604 quam
659 3532 709 3588 id
737 3532 878 3602 quod
915 3547 1010 3587 nos
1042 3548 1136 3602 per
1165 3532 1518 3602 nosmetipsos
1545 3549 1731 3602 sapere
1757 3549 2050 3604 possumus.

545 3624 632 3679 10.
674 3623 799 3679 Post
821 3624 954 3679 istos
977 3624 1110 3679 duos
1132 3623 1325 3694 gradus
1349 3623 1553 3678 timoris
1576 3632 1733 3695 atque
1758 3625 1964 3695 pietatis
1988 3625 2055 3681 ad

476 3715 686 3770 tertium
714 3716 926 3772 venitur
953 3715 1189 3771 scientiae
1212 3715 1464 3786 gradum,
1495 3716 1560 3771 de
1596 3731 1700 3787 quo
1730 3733 1869 3785 nunc
1898 3734 2054 3789 agere

475 3807 696 3861 institui.
723 3806 854 3862 Nam
883 3809 935 3860 in
963 3821 1030 3862 eo
1059 3823 1118 3862 se
1143 3814 1360 3863 exercet
1385 3807 1562 3862 omnis
1586 3808 1881 3864 divinarum
1913 3810 2055 3865 Seri-

475 3909 746 3970 pturarum
769 3898 1055 3963 studiosus,
1079 3900 1207 3954 nihil
1232 3903 1280 3954 in
1304 3901 1380 3955 eis
1403 3901 1544 3955 aliud
1570 3901 1881 3958 inventurus
1897 3919 2053 3974 quam

475 3992 796 4064 diligendum
825 4008 945 4048 esse
973 3993 1136 4048 Deum
1184 4003 1402 4062 preptcr
1439 3994 1602 4048 Deum
1625 4036 1639 4059 ,
1670 4003 1722 4049 et
1758 3997 2055 4065 proximum

476 4094 693 4156 propter
724 4085 884 4140 Deum
910 4103 922 4137 :
950 4093 1005 4140 et
1039 4084 1184 4138 illum
1230 4085 1441 4155 quidem
1487 4100 1550 4140 ex
1601 4095 1711 4140 toto
1753 4087 1948 4150 corde,
1992 4102 2057 4141 ex

478 4185 585 4232 tota
621 4177 830 4242 anima,
864 4193 928 4231 ex
980 4186 1084 4230 tota
1125 4187 1302 4231 mente
1321 4177 1544 4247 diligere
1565 4194 1580 4240 ;
1605 4178 1899 4246 proximum
1934 4193 2058 4232 vero

479 4278 726 4340 tanquam
765 4267 997 4338 seipsum
1032 4265 1256 4340 (Matth.
1311 4283 1416 4322 χχιι
1442 4309 1457 4335 ,
1508 4268 1577 4323 57
1605 4269 1738 4324 e139
1767 4271 1819 4337 ),
1861 4268 1912 4323 id
1955 4278 2054 4335 est,

483 4371 541 4416 ut
570 4369 676 4416 tota
709 4362 952 4430 proximi,
981 4361 1117 4416 sicut
1142 4361 1304 4416 etiam
1337 4361 1498 4416 nostri
1524 4401 1540 4427 ,
1566 4360 1775 4416 dilectio
1801 4359 2060 4416 referatur

481 4452 535 4507 in
568 4452 753 4508 Deum.
791 4453 863 4508 De
885 4452 1076 4524 quibus
1102 4451 1309 4507 duobus
1339 4452 1635 4523 praeceptis,
1665 4467 1784 4507 cum
1809 4451 1875 4508 de
1904 4452 2060 4507 rebus

483 4558 793 4614 ageremus,
821 4543 958 4599 libro
995 4545 1268 4615 superiore
1308 4544 1666 4598 tractavimus.
1713 4543 1938 4600 Necesse
1980 4553 2062 4599 est

483 4650 630 4706 ergo,
660 4644 715 4690 ut
739 4634 910 4705 primo
931 4649 989 4691 se
1008 4635 1230 4705 quisque
1254 4635 1304 4689 in
1327 4633 1613 4705 Scripturis
1634 4635 1862 4688 inveniat
1881 4631 2063 4690 amere

486 4726 641 4796 hujus
657 4725 856 4790 smculi,
874 4725 974 4780 hoc
990 4732 1088 4784 est.
1110 4724 1475 4795 temporalium
1493 4738 1692 4790 rerum,
1716 4723 2056 4792 implicatum,

487 4817 642 4889 longe
665 4816 959 4887 seiunctum
978 4831 1095 4871 esse
1115 4831 1145 4869 a
1172 4824 1318 4870 tanto
1338 4829 1520 4870 amore
1543 4814 1698 4868 Deiet
1718 4823 1862 4868 tanto
1883 4829 2063 4870 amore

487 4908 732 4980 proximi,
752 4916 1002 4977 quantum
1023 4904 1293 4975 Scriptura
1319 4906 1430 4974 ipsa
1449 4904 1760 4976 praescribit.
1779 4902 1912 4959 Tum
1940 4917 2064 4958 vero

488 5001 577 5058 ille
602 5002 760 5056 timor
780 5015 886 5071 quo
906 5000 1104 5071 cogitat
1127 4998 1193 5054 de
1215 4998 1416 5068 judicio
1446 4998 1558 5064 Dei,
1579 5008 1633 5053 et
1656 4997 1740 5052 illa
1768 4998 1937 5068 pietas
1960 5012 2062 5067 qua

487 5110 591 5151 nou
611 5094 894 5165 potestnisi
912 5093 1133 5148 credere
1151 5101 1206 5148 et
1229 5089 1420 5147 cedere
1442 5090 1738 5145 auctoritati
1759 5103 2062 5145 sanctorum

490 5187 784 5251 Librorum,
801 5187 938 5258 cogit
953 5201 1073 5242 eum
1097 5184 1332 5255 seipsum
1357 5184 1550 5253 lugere.
1573 5180 1706 5236 Nam
1723 5182 1820 5236 ista
1846 5183 2062 5237 scientia

491 5279 638 5335 boum
654 5280 766 5351 spei
785 5280 1051 5336 hominem
1072 5295 1175 5334 non
1189 5278 1562 5347 sejacmntem,
1581 5274 1674 5330 sed
1693 5276 2063 5329 lamentantem

490 5371 615 5427 facit
643 5389 656 5426 :
685 5388 790 5444 quo
815 5372 1005 5428 affectu
1034 5373 1281 5442 impetrat
1317 5367 1514 5423 sedulis
1551 5366 1796 5438 precibus
1821 5366 2064 5420 consola-

491 5464 686 5519 tionem
715 5464 876 5518 divini
901 5463 1143 5533 adjutorii
1163 5505 1180 5529 ,
1210 5477 1278 5517 ne
1302 5460 1671 5529 desperatione
1699 5458 1985 5527 frangatur,
2013 5465 2066 5512 et

491 5571 611 5612 esse
639 5554 822 5624 incipit
848 5555 900 5608 in
943 5565 1128 5623 quarto
1148 5553 1333 5624 gradu.
1366 5552 1467 5606 hoc
1491 5558 1574 5606 est
1598 5548 1936 5614 fortitudinis,
1961 5564 2065 5620 quo

491 5647 721 5709 esuritor
746 5656 798 5702 ct
827 5644 999 5700 sititur
1021 5644 1242 5715 jnstitia.
1275 5645 1384 5698 lloc
1421 5643 1561 5699 enim
1597 5641 1787 5698 affectu
1826 5642 1894 5699 ab
1921 5641 2065 5697 omni

555 5761 576 5796 ι
599 5770 701 5812 am.
729 5765 779 5812 et
801 5764 1005 5823 quatuor
1023 5763 1152 5819 Mss,
1178 5753 1446 5820 Percipere.

3655 279 3756 343 ιο

2136 404 2404 462 mortifera
2426 405 2755 477 iucunditate
2778 417 2956 459 rerum
2991 398 3373 460 transeuntium
3403 418 3522 461 sese
3544 412 3763 463 extra-

2136 497 2247 566 hit,
2276 507 2331 554 et
2381 496 2504 554 inde
2553 513 2614 554 se
2663 505 2909 567 avertens
2953 496 3214 553 convertit
3257 497 3325 552 ad
3369 498 3751 555 dilectionem

2136 599 2454 646 aeternorum
2475 633 2490 658 ,
2523 588 3007 646 incommutabilem
3046 589 3247 646 scilicet
3269 591 3524 648 unitatem
3559 605 3755 648 eam-

2136 683 2366 754 demque
2391 682 2723 739 Trinitatem.

2211 780 2299 833 “.
2339 779 2505 846 Quam
2528 778 2618 833 ubi
2642 777 2925 849 aspexerit,
2949 785 3202 850 quantum
3222 786 3414 849 potest,
3438 779 3491 835 in
3515 779 3758 852 longin-

2138 885 2240 941 qua
2269 868 2580 934 radiantem,
2611 869 2797 940 suique
2824 879 3068 939 aspectus
3107 870 3411 926 infirmitate
3452 873 3758 930 suatinere

2140 975 2198 1015 se
2223 960 2363 1014 illam
2388 960 2557 1015 lucem
2579 975 2684 1014 non
2708 974 2860 1029 posse
2883 962 3231 1030 persenserit;
3257 963 3306 1016 in
3329 963 3512 1032 quinto
3532 964 3752 1034 gradu,

2142 1049 2243 1105 hoc
2284 1061 2365 1105 est
2396 1050 2447 1104 in
2475 1050 2699 1104 consilio
2729 1050 3136 1114 misericordia},
3163 1060 3351 1122 purgat
3372 1054 3604 1108 animam
3636 1065 3755 1108 tu-

2143 1140 2489 1194 multuantem
2519 1141 2909 1212 quodammodo
2929 1153 3086 1213 atque
3106 1143 3497 1213 obstrepentem
3526 1145 3631 1200 sibi
3661 1143 3755 1202 de

2142 1233 2375 1302 appetitu
2407 1232 2714 1288 inferiortnn
2757 1235 3030 1302 conceptis
3071 1233 3334 1287 sordibus.
3376 1235 3471 1290 Hic
3503 1251 3633 1291 vero
3672 1251 3757 1293 se

2143 1325 2194 1379 in
2247 1326 2530 1381 dilectione
2592 1326 2811 1397 proximi
2859 1326 3099 1397 gnaviter
3147 1338 3392 1388 exercet,
3447 1327 3499 1382 iu
3551 1344 3752 1400 eaque

2143 1417 2448 1486 perficitur;
2498 1424 2553 1470 et
2601 1431 2694 1488 spe
2739 1416 2848 1486 jam
2899 1418 3083 1485 plenus
3137 1427 3296 1484 atque
3348 1418 3547 1488 integer
3593 1419 3751 1474 viri-

2143 1510 2263 1576 bus,
2303 1526 2423 1565 cum
2463 1510 2760 1579 pervenerit
2788 1526 2952 1580 usque
2990 1510 3054 1565 ad
3101 1510 3299 1565 inimici
3354 1511 3743 1580 dilectionem,

2144 1603 2381 1660 ascendit
2425 1605 2478 1658 in
2527 1615 2732 1659 sextum
2771 1605 3013 1674 gradum,
3047 1604 3131 1658 ubi
3167 1606 3274 1672 jam
3302 1606 3469 1675 ipsum
3511 1608 3747 1662 oculum

2145 1703 2353 1765 purgat,
2383 1711 2488 1766 quo
2515 1695 2678 1750 videri
2708 1697 2845 1750 Deus
2877 1705 3067 1766 potest,
3091 1706 3342 1766 quantum
3369 1707 3535 1766 potest
3564 1698 3634 1752 ab
3663 1700 3747 1754 iis

2145 1787 2234 1858 qui
2260 1787 2381 1842 huic
2406 1788 2603 1842 smculo
2631 1788 2927 1843 moriuntur
2963 1796 3215 1858 quantum
3247 1799 3481 1857 possunt.
3514 1789 3644 1844 Nam
3680 1791 3746 1846 in

2149 1887 2350 1933 tantum
2393 1877 2595 1942 vident,
2628 1879 2678 1933 in
2708 1890 2962 1949 quantum
3011 1878 3306 1933 moriUutur
3345 1879 3463 1933 huic
3494 1883 3697 1934 sa-culo
3724 1898 3741 1948 ;

2146 1969 2201 2024 in
2231 1979 2482 2039 quantum
2523 1980 2698 2025 autem
2747 1970 2867 2024 huic
2907 1971 3109 2034 vivunt,
3152 1986 3255 2024 non
3288 1970 3482 2024 vident.
3514 1971 3579 2025 Et
3608 1971 3746 2026 ideo

2146 2063 2386 2132 quamvis
2417 2062 2526 2132 jam
2565 2062 2776 2126 certior,
2807 2071 2860 2116 et
2899 2078 3002 2116 non
3041 2062 3211 2117 solum
3258 2061 3601 2127 tolerabilior,
3633 2064 3744 2120 sed

2147 2155 2304 2208 etiam
2329 2153 2613 2223 jucundior
2641 2153 2843 2222 species
2868 2153 2999 2208 lucis
3029 2151 3169 2208 illius
3197 2153 3408 2221 incipiat
3435 2169 3699 2223 apparere
3724 2173 3740 2223 ;

2150 2243 2202 2298 in
2232 2244 2508 2314 aenigmate
2538 2243 2711 2298 adhuc
2740 2253 2988 2298 tamenet
3025 2259 3118 2313 per
3147 2245 3415 2312 speculum
3448 2245 3614 2300 videri
3644 2246 3744 2300 di-

2149 2335 2285 2389 citur
2311 2333 2484 2406 (lCor.
2507 2351 2620 2401 xm,
2646 2333 2779 2408 ιλ),
2809 2337 2930 2404 quia
2957 2336 3120 2404 magis
3143 2351 3236 2404 per
3263 2337 3418 2390 fidem
3447 2353 3602 2407 quam
3632 2353 3744 2409 per

2150 2427 2381 2495 speciem
2427 2426 2760 2492 ambulatur,
2803 2441 2920 2480 cum
2969 2427 3019 2479 in
3064 2425 3161 2480 hac
3200 2426 3302 2481 vita
3333 2430 3747 2498 peregrinamur

2152 2514 2217 2586 (ιι
2246 2514 2362 2571 Cor.
2392 2531 2445 2583 v,
2480 2517 2533 2582 6,
2563 2516 2653 2589 7),
2681 2517 2919 2586 quamvis
2946 2517 3396 2573 conversationem
3437 2519 3741 2575 habeamus

2154 2611 2206 2664 in
2233 2611 2385 2665 ccelis
2412 2608 2668 2682 (Philipp.
2712 2625 2788 2675 nt,
2819 2608 2934 2677 20.)
2969 2609 3020 2663 ln
3071 2610 3168 2664 hoc
3218 2621 3393 2666 autem
3447 2613 3615 2682 gradu
3662 2613 3745 2669 ita

2157 2710 2344 2772 purgat
2387 2701 2595 2756 oculum
2632 2699 2842 2769 cordis,
2876 2711 2932 2756 ut
2955 2703 3160 2756 veritati
3198 2719 3266 2758 ne
3303 2702 3474 2772 ipsum
3518 2705 3744 2773 quidem

2155 2794 2400 2864 pra-ferat
2435 2803 2524 2848 aut
2567 2793 2800 2848 conferat
2837 2798 3165 2863 proximum;
3193 2810 3318 2865 ergo
3348 2812 3443 2851 nec
3473 2795 3738 2866 seipsum,

2155 2885 2279 2954 quia
2308 2899 2406 2939 nec
2435 2883 2578 2938 illum
2616 2900 2772 2955 quem
2811 2884 2981 2955 diligit
3019 2886 3154 2940 sicut
3181 2887 3434 2955 seipsum.
3467 2887 3576 2941 Erit
3606 2904 3744 2958 ergo

2156 2974 2259 3031 iste
2303 2984 2519 3030 sanctus
2565 2983 2671 3029 tam
2709 2975 2935 3045 simplici
2981 2976 3142 3032 corde
3178 2987 3336 3043 atque
3365 2977 3636 3041 tuundato,
3681 2986 3748 3034 ut

2158 3082 2336 3139 neque
2356 3065 2657 3123 hominibus
2675 3066 2912 3136 placendi
2937 3067 3110 3123 studio
3135 3067 3509 3137 detorqueatur
3528 3084 3559 3123 a
3578 3083 3734 3138 vero,

2154 3171 2255 3210 nec
2285 3165 2528 3225 respectu
2557 3156 2957 3211 devitandorum
2985 3160 3341 3228 quorumlibet
3367 3160 3742 3216 incommodo-

2155 3262 2270 3300 rum
2301 3263 2514 3301 suorum
2535 3288 2550 3313 ,
2576 3264 2692 3317 qua:
2721 3248 3068 3303 adversantur
3095 3252 3216 3307 huic
3243 3252 3383 3304 vitm.
3423 3251 3563 3305 Talis
3595 3254 3740 3310 filius

2154 3337 2392 3391 ascendit
2423 3338 2488 3393 ad
2526 3340 2858 3409 sapientiam,
2899 3357 3016 3411 quae
3062 3343 3244 3396 ultima
3291 3351 3342 3396 et
3381 3343 3601 3413 septima
3628 3356 3737 3420 est,

2155 3446 2256 3500 qua
2299 3441 2513 3500 pacatus
2556 3432 2972 3503 tranquillusque
3012 3433 3317 3503 perfruitur.
3353 3434 3556 3489 Initium
3588 3438 3737 3492 enim

2156 3523 2426 3593 sapientia:
2454 3525 2611 3578 timor
2630 3525 2829 3580 Domini
2856 3525 3024 3597 (Psal.
3049 3542 3140 3595 cx,
3167 3529 3249 3594 10,
3273 3540 3320 3582 et
3348 3528 3508 3584 Eccli.
3542 3547 3557 3585 ι
3583 3573 3598 3597 ,
3621 3533 3732 3603 16),

2157 3616 2239 3670 Ab
2287 3616 2376 3670 illo
2420 3617 2560 3670 enim
2588 3633 2751 3688 usque
2780 3617 2845 3672 ad
2881 3619 3045 3688 ipsam
3089 3635 3183 3690 per
3211 3621 3308 3675 hos
3337 3622 3528 3692 gradus
3556 3624 3737 3680 tendi-

2157 3716 2244 3763 tur
2261 3750 2276 3776 ,
2309 3717 2362 3763 et
2389 3710 2613 3764 venitur.

2485 3802 2708 3859 CAPUT
2740 3803 2872 3859 Vill.
2893 3834 2964 3844 —
2980 3803 3118 3859 Libri
3137 3807 3381 3862 canonici.

2231 3894 2316 3950 12.
2359 3895 2462 3950 Sed
2487 3910 2582 3948 nos
2607 3895 2671 3949 ad
2697 3897 2904 3951 tcrtimn
2937 3898 3078 3951 illum
3108 3899 3324 3969 gradum
3356 3902 3739 3959 consideratio-

2159 4001 2280 4042 nem
2311 3985 2601 4041 referamus
2622 4029 2635 4051 ,
2663 3987 2728 4041 de
2753 4003 2858 4058 quo
2884 3988 3142 4044 disserere
3169 3991 3306 4060 quod
3334 3991 3583 4048 Dominus
3609 4009 3737 4065 sug-

2158 4082 2412 4152 gesserit,
2442 4091 2600 4150 atque
2643 4091 2866 4136 tractare
2893 4082 3230 4137 instituimus.
3268 4083 3381 4138 Erit
3413 4086 3568 4156 igitur
3596 4087 3737 4142 divi-

2159 4189 2344 4228 narum
2360 4173 2744 4244 Scripturarnm
2763 4174 3143 4230 solertissimus
3157 4177 3447 4247 indagator,
3461 4179 3548 4248 qui
3565 4181 3738 4248 primo

2163 4275 2300 4320 totas
2328 4267 2529 4335 legerit,
2559 4276 2818 4335 notasque
2849 4265 3126 4332 habuerit,
3158 4278 3212 4322 et
3239 4269 3282 4321 si
3314 4268 3541 4322 nondum
3579 4271 3738 4326 intel-

2161 4358 2299 4412 lectu
2322 4399 2336 4424 ,
2362 4358 2468 4427 jam
2503 4367 2672 4413 tamen
2712 4358 2936 4414 lectione
2961 4401 2975 4424 ,
3004 4359 3255 4413 duntaxat
3285 4375 3374 4414 eas
3399 4376 3516 4430 qua:
3555 4365 3740 4434 appel-

2162 4452 2337 4506 lantur
2387 4453 2670 4506 canonicze.
2719 4450 2850 4506 Nam
2902 4461 3120 4507 caeteras
3164 4453 3402 4507 securius
3450 4454 3589 4523 leget
3635 4454 3739 4511 fide

2165 4544 2402 4599 veritatis
2430 4543 2714 4598 instructus
2732 4585 2747 4610 ,
2787 4560 2852 4598 ne
2880 4554 3248 4614 pra-occupent
3276 4544 3589 4598 imbecillem
3617 4548 3738 4601 ani-

2165 4653 2327 4699 mum,
2361 4645 2414 4690 ct
2457 4634 2765 4705 periculosis
2791 4635 3076 4691 mendaciis
3101 4646 3258 4705 atque
3287 4635 3738 4705 phantasmatihus

2165 4729 2437 4783 eludentes
2464 4727 2805 4798 pra-judicent
2846 4727 3041 4797 aliquid
3087 4736 3267 4781 contra
3312 4744 3493 4782 sanam
3538 4729 3740 4784 intelli-

2164 4820 2413 4890 gentiam.
2446 4818 2499 4872 lu
2526 4819 2792 4873 canonicis
2821 4827 2994 4872 autem
3025 4818 3339 4888 Scripturis,
3375 4817 3738 4876 Ecclesiarum

2166 4911 2540 4966 eatliolicarum
2563 4910 2947 4980 quamplurinm
2963 4913 3322 4965 auctoritatem
3341 4923 3626 4980 sequatur;
3651 4916 3739 4968 in-

2169 5015 2248 5061 ter
2277 5021 2406 5076 quas
2425 5019 2554 5059 sane
2581 5005 2682 5059 illa:
2711 5008 2836 5069 sint,
2859 5020 2978 5075 qua:
3006 5005 3317 5075 apostolicas
3345 5005 3512 5060 Sedes
3540 5005 3741 5064 habere

2167 5106 2221 5152 ct
2246 5096 2510 5165 Epistolas
2535 5095 2774 5166 accipere
2801 5105 3126 5150 meruerunt.
3156 5095 3377 5150 Tenebit
3413 5094 3573 5165 igitur
3600 5097 3740 5152 hunc

2169 5188 2382 5244 modum
2411 5189 2462 5242 in
2487 5187 2773 5258 Scripturis
2800 5187 3067 5244 canonicis
3092 5229 3105 5250 ,
3133 5197 3190 5241 ut
3218 5201 3310 5242 eas
3334 5204 3450 5258 qua:
3477 5188 3545 5242 ab
3570 5190 3742 5244 omni-

2169 5281 2268 5336 bus
2289 5280 2612 5350 accipiuntur
2631 5279 2876 5335 Ecclesiis
2895 5278 3190 5343 catholicis,
3213 5287 3486 5349 praeponat
3504 5279 3582 5333 eis
3607 5295 3738 5350 quas

2168 5371 2411 5444 quardam
2443 5387 2546 5426 non
2574 5370 2837 5442 accipiunt
2865 5388 2876 5424 :
2909 5371 2960 5424 in
3000 5370 3077 5425 eis
3112 5385 3239 5424 vero
3287 5384 3404 5440 qua:
3445 5386 3551 5424 non
3594 5371 3736 5426 acci-

2172 5465 2383 5535 piuntur
2407 5463 2474 5517 ab
2519 5463 2794 5528 omnibus,
2829 5471 3098 5533 pra'pzmat
3137 5476 3226 5515 eas
3251 5476 3380 5531 quas
3407 5461 3581 5530 plures
3621 5477 3741 5532 gra-

2170 5559 2450 5627 vioresque
2479 5557 2777 5625 accipiunt,
2810 5557 2888 5610 eis
2931 5571 3059 5626 quas
3103 5557 3376 5626 pauciores
3417 5554 3739 5626 minorisque

2169 5649 2494 5706 auctoritatis
2520 5648 2770 5703 Ecclesiae
2797 5655 2997 5703 tenent.
3035 5648 3089 5702 Si
3118 5658 3292 5702 autem
3322 5648 3452 5702 alias
3481 5647 3740 5702 invenerit

2174 5757 2203 5796 ιι
2229 5740 2484 5813 pluribus,
2512 5739 2643 5798 alias
2673 5754 2701 5794 a
2728 5739 3054 5810 gravioribus
3081 5739 3286 5809 haberi,
3313 5751 3612 5811 quanquam
3637 5736 3740 5795 hoc
