3874 6406
182 362 229 418 ιι
1455 348 1659 409 LIBER
1692 348 2074 411 sncuaous.
3316 344 3384 423 ta

178 466 296 525 lacile
317 466 540 524 iureiure
565 478 669 521 non
698 466 895 536 possit,
923 462 1141 536 aequalis
1168 471 1345 521 tamen
1370 466 1696 523 auctoritatis

178 578 246 618 eas
263 558 515 615 habendas
535 565 682 629 puto.

226 652 297 709 15.
332 650 489 707 Totus
511 659 686 707 autem
705 663 875 706 canon
894 648 1310 720 Scripturarum,
1332 651 1385 707 in
1410 667 1518 724 quo
1540 651 1696 709 istam

176 743 601 800 considerationem
620 740 929 799 rersandam
973 742 1218 804 dicimus.
1243 741 1327 799 his
1352 743 1505 800 libris
1522 744 1694 800 conti-

174 844 292 891 netur
310 834 415 905 (a):
440 832 682 905 Quinque
708 833 950 905 Moyseos
969 872 988 900 ,
1029 831 1080 889 id
1113 842 1197 889 est
1216 833 1409 890 Genesi
1430 876 1445 897 .
1475 834 1693 903 Exodo,

177 927 396 994 Levitico,
423 924 694 991 Numeris,
729 924 1167 991 Deuteronomio;
1194 934 1249 983 et
1274 941 1380 981 uno
1404 925 1540 982 libro
1568 925 1695 982 Jesu

175 1019 297 1085 Nare.
318 1033 418 1075 uno
454 1017 731 1083 Judicum,
760 1032 865 1072 uno
894 1015 1072 1073 libello
1096 1017 1184 1089 qui
1208 1017 1504 1089 appellatur
1530 1017 1693 1085 ltutb,

175 1110 236 1182 qui
255 1108 401 1181 magis
418 1107 486 1163 ad
505 1107 804 1178 Regnorum
820 1106 1135 1178 principium
1150 1107 1166 1140 ⁸
1182 1107 1389 1165 videtur
1400 1109 1693 1180 pertinuere;

173 1200 321 1257 deinde
338 1208 560 1269 quatuor
582 1198 907 1271 Regnorum.
933 1209 987 1255 et
1005 1197 1213 1255 duobus
1235 1198 1692 1269 l'aralipomenon,

173 1309 250 1348 non
271 1292 698 1365 conSequentibus
721 1332 737 1356 .
772 1291 868 1348 sed
910 1292 1059 1364 quasi
1085 1307 1114 1346 a
1142 1292 1309 1350 latere
1334 1294 1597 1365 adjunctis
1622 1297 1696 1351 si-

172 1382 340 1455 mulque
374 1381 731 1456 pergentibus.
763 1381 891 1438 llzec
924 1392 1008 1438 est
1046 1382 1264 1440 historia
1284 1426 1301 1449 .
1340 1401 1460 1457 qua:
1486 1386 1699 1444 sibimet

172 1494 329 1536 annexa
354 1488 586 1549 tempora
614 1476 870 1543 continet,
898 1486 1057 1548 atque
1075 1477 1315 1536 ordinem
1336 1495 1511 1536 rerum
1537 1498 1550 1534 :
1573 1491 1697 1536 sunt

171 1570 257 1627 alia:
279 1581 506 1642 tanquam
534 1584 599 1625 ex
624 1567 841 1625 diverso
879 1570 1087 1635 ordine,
1114 1585 1234 1642 quae
1260 1587 1432 1643 neque
1458 1571 1579 1628 huic
1604 1590 1696 1629 or-

172 1663 268 1727 dini,
300 1677 459 1735 neque
502 1660 642 1717 inter
680 1675 741 1716 se
778 1671 1186 1729 connectuntur,
1228 1663 1365 1718 sicut
1387 1674 1473 1720 est
1493 1663 1615 1730 Job,
1643 1675 1698 1720 et

171 1752 335 1819 Tobias,
374 1764 427 1812 et
461 1751 679 1819 Esther,
707 1760 764 1809 et
803 1751 986 1809 Judith
1004 1795 1021 1821 ,
1048 1763 1102 1810 et
1127 1754 1547 1812 Machabmorum
1576 1758 1694 1814 libri

172 1844 264 1910 duo,
288 1855 336 1901 et
358 1842 536 1899 Esdrte
560 1842 705 1909 duo,
733 1843 824 1916 qui
850 1845 1019 1915 magis
1051 1844 1300 1916 subsequi
1334 1845 1578 1902 videntur
1605 1864 1697 1904 or-

171 1937 353 1993 dinatam
378 1934 519 1991 illam
548 1933 831 1991 historiam
859 1950 1029 2005 usque
1055 1935 1123 1991 ad
1152 1935 1455 2007 Regnorum
1485 1940 1564 1993 vel
1592 1939 1695 1994 Pa-

171 2030 478 2101 ralipomenon
500 2027 871 2085 terminatam:
895 2025 1087 2083 deinde
1111 2026 1406 2099 Prophetze,
1431 2030 1483 2084 in
1505 2029 1700 2100 quibus

171 2120 294 2181 David
317 2138 441 2178 unus
464 2119 608 2177 liber
628 2119 996 2185 Psalmorum;
1022 2130 1075 2176 et
1090 2120 1390 2178 Salomonis
1419 2132 1547 2187 tres,
1570 2122 1699 2179 Pro-

169 2216 434 2284 mitiorum,
457 2217 683 2275 Cantica
707 2216 1057 2280 canticorum.
1086 2225 1141 2272 ct
1166 2216 1538 2273 Ecclesiastes.
1565 2217 1696 2273 Nam

170 2305 223 2364 illi
243 2308 328 2364 duo
352 2308 463 2366 libri
486 2350 503 2375 ,
532 2323 676 2365 unus
698 2308 789 2380 qui
815 2307 1085 2379 Sapientia
1110 2349 1126 2374 .
1154 2318 1208 2365 et
1232 2309 1368 2365 alius
1392 2309 1479 2379 qui
1510 2309 1699 2366 Eccle-

169 2399 360 2456 siasticus
383 2399 710 2468 inscribitur,
737 2398 805 2455 de
828 2397 1054 2472 quadam
1079 2398 1425 2457 similitudine
1451 2400 1699 2458 Salonio.

170 2489 230 2545 nis
247 2505 345 2549 esse
364 2491 611 2549 dicuntur
633 2509 646 2546 :
666 2507 788 2548 nam
804 2490 961 2547 Jesus
978 2490 1165 2548 Sirach
1192 2507 1288 2547 eos
1316 2493 1698 2564 conscripsisse

169 2583 536 2638 constantissime
572 2582 883 2655 perhibetur
906 2580 981 2651 (ὁ)
1000 2621 1017 2648 ,
1046 2583 1135 2653 qui
1159 2592 1334 2639 tamen
1371 2584 1620 2655 quoniam
1649 2586 1702 2641 in

168 2673 474 2730 auctoritatem
495 2673 667 2746 recipi
692 2681 1001 2729 meruerunt
1019 2712 1036 2740 ,
1066 2673 1205 2730 inter
1233 2673 1570 2745 propheticus
1597 2691 1702 2732 nu-

168 2764 355 2820 merandi
387 2775 526 2822 sunt.
583 2764 787 2837 Reliqui
824 2772 951 2820 sunt
987 2779 1171 2820 eorum
1212 2764 1354 2835 libri,
1374 2766 1463 2837 qui
1494 2767 1705 2837 proprie

172 2852 399 2927 Propheta:
435 2856 812 2931 appellantur.
841 2853 1119 2913 duodecim
1158 2855 1540 2926 Prophetarum
1586 2859 1705 2916 libri

170 2946 348 3018 singuli,
388 2950 473 3021 qui
500 2949 734 3006 connexi
773 2947 1006 3014 sibimet.
1041 2947 1290 3018 quoniam
1325 2964 1593 3021 nunquam
1621 2966 1708 3007 se-

170 3038 295 3108 iuncti
317 3052 448 3107 sunt.
474 3057 581 3114 pro
608 3056 713 3096 uno
739 3040 1004 3096 habentur
1026 3058 1041 3096 :
1063 3055 1287 3112 quorum
1323 3040 1707 3113 Prophetarum

176 3135 345 3189 nomina
373 3146 488 3191 sunt
517 3135 671 3201 ha'c,
699 3134 858 3201 Osee,
889 3132 1026 3198 Joel,
1057 3133 1243 3201 Amos,
1274 3134 1494 3201 Abdias,
1522 3133 1705 3203 Jonas,

170 3222 385 3295 llicltreas,
409 3227 646 3293 Nahum,
676 3226 941 3291 Habacuc,
970 3226 1301 3298 SOphonias,
1330 3231 1574 3300 Aggieus,
1604 3230 1709 3285 Za-

170 3315 351 3385 charias,
396 3318 723 3375 Mala-cluas:
752 3317 946 3373 deinde
991 3328 1217 3390 quatuor
1260 3319 1539 3389 Propheta:
1587 3331 1712 3378 sunt

170 3408 380 3477 majorum
420 3410 774 3474 voluminum.
804 3407 988 3474 Isaias.
1017 3408 1311 3477 Jeremias,
1342 3410 1543 3480 Daniel,
1575 3413 1708 3470 Eze—

169 3499 291 3557 chiel.
319 3503 400 3559 llis
432 3501 785 3575 quadraginta
823 3513 1048 3573 quatuor
1068 3502 1218 3558 libris
1244 3502 1571 3561 Testamenli
1605 3504 1707 3562 Ve-

176 3593 277 3647 teris
299 3595 602 3651 terminatur
625 3593 916 3650 auctoritas
948 3593 1024 3667 (c)
1050 3613 1063 3650 :
1091 3593 1222 3651 Novi
1249 3604 1457 3663 autem,
1487 3607 1713 3669 quatuor

170 3684 285 3741 libris
319 3687 630 3760 Evangelii.
683 3686 981 3744 secundum
1030 3687 1365 3756 Matthmum,
1419 3691 1709 3747 scentulum

169 3771 389 3843 Marcum,
435 3776 731 3835 secundum
782 3777 1019 3843 Lucam,
1077 3780 1369 3836 secundum
1415 3780 1709 3850 Joannem;

168 3868 515 3937 quatuordecim
544 3869 806 3942 Epistolis
834 3869 985 3926 Pauli
1011 3871 1275 3943 apostoli,
1308 3873 1375 3929 ad
1420 3873 1710 3943 Romanos,

173 3959 222 4014 ad
244 3960 515 4021 Corinthios
563 3963 772 4020 duabus
794 4004 811 4031 ,
842 3962 909 4019 ad
947 3962 1163 4021 Galatas
1185 4006 1201 4032 ,
1228 3965 1293 4021 ad
1338 3966 1614 4039 Ephesios,
1644 3968 1714 4025 ad

171 4048 508 4124 Philippenses,
534 4054 605 4110 ad
635 4052 1135 4111 Thessalonicenses
1162 4055 1397 4124 duabus,
1438 4056 1505 4114 ad
1530 4059 1719 4115 Colos-

172 4154 349 4211 scnses,
388 4144 450 4201 ad
489 4143 831 4202 Timotheum
872 4144 1097 4211 duabus.
1143 4146 1209 4201 ad
1250 4146 1448 4211 Titum.
1477 4147 1544 4204 ad
1592 4148 1716 4205 Phi-

171 4230 421 4302 lemonem,
466 4236 534 4292 ad
575 4235 860 4298 Hebraeos;
902 4235 1044 4293 Petri
1082 4236 1318 4304 duabus;
1363 4238 1529 4295 tribus
1555 4238 1717 4296 Joan-

173 4323 259 4390 nis;
289 4342 381 4382 una
415 4326 587 4397 Judae,
636 4336 692 4384 et
715 4342 818 4383 una
845 4326 1058 4394 Jacobi;
1089 4328 1310 4386 Actibus
1336 4330 1714 4402 Apostolorum

171 4414 281 4473 libro
302 4434 396 4476 uno
418 4462 433 4488 ,
462 4430 517 4479 et
542 4419 866 4494 Apocalypsi
886 4419 1106 4479 Joannis
1132 4421 1268 4480 libro
1292 4439 1419 4481 uno.

225 4573 240 4605 ⁸
258 4576 321 4627 Sic
336 4582 440 4631 Uss.
463 4587 519 4632 At
536 4580 677 4642 editi,
700 4578 954 4646 principia.

175 4654 457 4773 ω(ᾶῷοοωὲιέ
707 4661 879 4716 concil.
903 4675 967 4715 an
985 4663 1098 4726 396,
1120 4676 1229 4716 can.
1252 4664 1347 4729 38;
1370 4667 1715 4734 etcarthag.3,

223 4775 283 4855 (ρ)
454 4775 634 4855 attinet
656 4786 717 4838 ad
736 4786 1204 4855 sarientigelibrum,
1230 4802 1324 4841 non
1358 4804 1469 4842 esse
1498 4792 1610 4855 ejus
1629 4806 1719 4844 au-

172 4844 325 4913 Floreat
358 4852 519 4897 Jesum
562 4848 715 4899 ﬁlium
734 4844 893 4900 suam
914 4851 1075 4902 didicit
1116 4844 1282 4915 postea
1312 4844 1619 4917 augusthius,
1652 4858 1719 4908 uti

173 4910 213 4947 ω
231 4898 300 4953 Ill).
319 4904 349 4955 Ξ
367 4914 593 4955 Retract..
616 4923 721 4955 mn-
746 4910 796 4955 4.
820 4926 870 4955 n.
894 4912 941 4955 Ξ.
964 4914 1207 4955 admonet-
1242 4913 1501 4955 Sainnmnig
1530 4920 1719 4955 nmninn

173 4910 213 4947 tn
231 4910 300 4953 lib.
319 4910 349 4955 2
367 4914 593 4968 tte-tract.
616 4923 721 4974 ων.
746 4910 797 4971 4,
819 4926 870 4962 n.
894 4912 942 4972 2,
964 4910 1207 4965 admonet.
1242 4910 1501 4967 salernbnis
1528 4910 1722 4971 nomine

173 4956 306 5018 laudat
324 4975 501 5042 auctor,
524 4974 744 5037 quisquis
775 4980 867 5033 est,
893 4975 1057 5036 Operis
1084 4975 1149 5025 de
1169 4975 1387 5041 symbolo
1408 4977 1468 5027 ad
1490 4980 1722 5031 catechu-

173 5034 329 5084 ωεοοι.
350 5028 429 5081 ιιι).
452 5032 505 5084 2.
524 5046 571 5082 c.
589 5033 648 5084 2:
667 5036 765 5084 imo
783 5040 837 5084 et
855 5038 1114 5084 Cvnriaous
1142 5038 1191 5084 in
1220 5037 1304 5084 lib.
1324 5038 1389 5084 de
1420 5041 1714 5084 Mortalin-an

174 5034 329 5089 meum,
350 5032 429 5081 lib.
452 5032 505 5093 2,
524 5032 571 5082 (Ξ.
589 5032 765 5094 2ςῖωο
783 5040 837 5086 et
855 5032 1114 5101 Cyprianus
1142 5032 1304 5088 in'lib.
1324 5038 1389 5089 de
1420 5041 1717 5105 Mortalitae,

354 5092 400 5142 in
424 5091 509 5144 lib.
533 5095 568 5146 5
583 5103 753 5163 contra
770 5099 1063 5163 Eunomium,
1088 5107 1140 5163 et
1161 5100 1335 5163 passim
1352 5103 1644 5163 ambrosius.
1670 5113 1726 5157 At

174 5151 561 5218 lugustinus‘nop
583 5156 662 5208 hic
694 5164 897 5218 tantum,
932 5160 1022 5210 sed
1047 5151 1190 5211 etiam
1227 5162 1275 5211 in
1306 5151 1643 5215 admonitione
1662 5151 1724 5217 ad

173 5212 391 5282 ξνᾳαιιυω
423 5216 489 5268 de
526 5216 650 5270 libro
689 5212 975 5282 sapientiae.
1006 5220 1238 5273 salamoni
1277 5212 1725 5280 "immineat—isti:

173 5276 267 5331 πᾶν
293 5276 796 5345 lptolterquamdaul
833 5276 1011 5371 eloquii
1046 5284 1421 5335 similitudinem.
1457 5296 1566 5337 bam
1601 5276 1726 5341 Stilo-

180 5336 460 5371 lmﬁgnm
489 5354 603 5371 ηοεο
644 5343 793 5371 {nauta
835 5344 931 5371 nm:
970 5345 1178 5371 Annum.-
1212 5348 1389 5371 ...ὼς-υ.
1411 5350 1643 5371 ,ματη-.-η
1662 5366 1673 5371 -
1695 5369 1710 5371 ᾼ

214 5336 622 5417 Ἀερῇὶ
644 5343 816 5416 inquit,
835 5336 950 5417 nihil
968 5345 1186 5417 dubitant
1210 5348 1392 5411 quique
1408 5336 1646 5417 actuaris
1659 5336 1717 5402 Εἰ

177 5400 556 5514 Mus
584 5400 812 5468 quisnam
844 5406 917 5481 sit.
944 5414 1109 5480 auctor
1145 5400 1242 5458 non'
1277 5400 1350 5471 ap,
1369 5422 1532 5461 arere.
1559 5400 1725 5486 lliero-

177 5460 395 5537 fgL-gain
537 5466 781 5537 eumdem,
800 5468 880 5537 cui
900 5480 998 5529 iam
1018 5468 1130 5537 olim
1151 5469 1321 5537 titulus
1343 5480 1466 5537 erat,
1489 5478 1726 5537 sapientia

174 5514 419 5637 ωεικιιοωλ
437 5514 887 5639 mag-gratiis;
900 5514 1134 5605 ἓιῆξέιίὅὶζ
1154 5514 1726 5589 ἓίᾟίἆιῖξιῖἥυὶῆέῐᾶὥ

193 5634 201 5639 .
275 5589 399 5639 tm
419 5598 449 5636 a
469 5594 627 5639 vetem
682 5602 739 5639 is.
755 5597 901 5639 atoue
919 5593 1067 5639 itsms
1086 5591 1247 5639 stilum
1270 5607 1475 5639 mn
1494 5595 1726 5639 plrimum.

175 5669 528 5745 Γπυυυιεΐοσ
552 5669 667 5701 sunt
680 5669 781 5714 iam
803 5669 1016 5704 nonnum
1039 5669 1121 5719 qut
1146 5669 1297 5706 velint
1316 5669 1586 5710 sententias
1619 5669 1725 5725 qui-

203 5710 347 5757 ωοι
382 5707 650 5822 silentione,
675 5712 970 5825 eswtalini'blgge
991 5724 1157 5768 autem
1193 5730 1359 5791 earum
1393 5720 1726 5776 collectionem

701 5784 969 5898 ’ἓξὙῖ

380 5934 607 5999 Sancr.
643 5943 918 6003 AL‘GUST.
955 5945 1060 6008 ιιι.

1913 464 2138 523 CAPUT
2177 462 2268 523 lX.
2304 495 2376 509 -
2413 468 2525 536 Qua
2563 470 2756 528 ratione
2790 481 3068 531 vacandum
3108 480 3275 536 studio

2450 559 2750 632 Scriptum.
2919 567 2932 578 '

1877 646 1966 702 14.
2006 645 2063 702 In
2090 645 2175 703 his
2195 647 2440 703 omnibus
2465 649 2613 705 libris
2644 650 2890 710 timentes
2913 656 3081 713 Deum
3106 669 3159 714 et
3186 662 3382 731 pietate

1805 739 2087 803 mansueti,
2132 750 2383 811 quaerunt
2406 742 2728 801 voluntatem
2771 747 2882 801 Dei.
2911 750 3074 820 Cujus
3114 755 3291 822 operis
3327 766 3383 813 et

1803 829 2002 887 laboris
2027 831 2193 903 prima
2220 832 2519 889 observatio
2557 846 2659 903 est,
2702 847 2758 893 ut
2785 839 3035 908 diximus,
3069 858 3224 902 nosse
3253 846 3384 904 istos

1803 919 1987 983 libros.
2037 921 2141 977 etsi
2184 924 2421 979 nondum
2464 924 2531 979 ad
2576 926 2923 994 inn-llectum.
2954 932 3175 1003 legendo
3207 948 3382 995 tamen

1803 1010 1887 1066 vel
1910 1010 2164 1067 tnandare
2184 1016 2478 1082 memorize,
2502 1016 2580 1070 vel
2603 1020 2820 1073 omnino
2842 1020 3136 1091 incognitus
3157 1042 3261 1080 non
3292 1029 3384 1083 ha-

1803 1099 1950 1156 bere.
1986 1102 2185 1158 Deinde
2228 1105 2312 1159 illa
2339 1120 2458 1174 qua:
2499 1106 2550 1161 in
2589 1123 2666 1162 ets
2708 1125 2890 1180 aperte
2922 1116 3089 1185 posita
3126 1129 3268 1186 sunt,
3299 1122 3382 1177 vel

1804 1202 2065 1263 pramepta
2099 1194 2328 1259 vivendi,
2353 1196 2433 1249 vel
2465 1198 2659 1267 regula:
2684 1203 2954 1267 credendi.
2988 1206 3239 1263 solertius
3263 1211 3384 1265 dili-

1801 1282 2113 1353 gentiusque
2134 1283 2491 1355 investiganda
2512 1298 2637 1342 sunt
2653 1306 2666 1342 :
2682 1306 2801 1359 quae
2822 1301 2968 1347 tanto
2991 1298 3211 1368 quisque
3234 1302 3381 1371 plura

1802 1371 2023 1439 invenit,
2044 1383 2242 1443 quanto
2260 1385 2341 1430 est
2367 1376 2724 1448 intelligentia:
2748 1381 2763 1411 ι
2782 1386 3045 1452 (rapacior.
3075 1385 3132 1439 ln
3157 1389 3219 1443 iis
3238 1393 3380 1447 enim

1801 1482 1920 1536 qua:
1944 1475 2129 1537 aperte
2150 1467 2204 1522 in
2232 1465 2523 1538 Scripturis
2560 1471 2727 1541 posita
2757 1486 2900 1540 sunt,
2937 1476 3274 1536 inveniuntur
3293 1481 3381 1537 illa

1802 1558 1979 1611 oumia
2012 1573 2131 1629 qua:
2157 1558 2431 1614 continent
2457 1560 2635 1628 tidem,
2667 1579 2947 1636 moresque
2971 1569 3202 1638 vivendi,
3233 1588 3381 1642 spem

1808 1650 2012 1705 scilicet
2048 1660 2206 1721 atque
2233 1650 2569 1720 charitatem,
2606 1655 2672 1710 tle
2700 1655 2893 1725 quibus
2932 1659 3067 1715 libro
3106 1677 3384 1735 superiore

1803 1743 2342 1800 tractationum/Tum
2386 1762 2535 1813 vero,
2581 1747 2714 1803 facta
2754 1752 2981 1821 quadam
3024 1756 3382 1819 familiaritate

1803 1852 1924 1892 cum
1955 1836 2066 1906 ipsa
2107 1837 2284 1909 lingua
2313 1838 2609 1894 divinarum
2638 1841 3056 1913 Scripturarum,
3086 1849 3138 1904 in
3174 1868 3236 1907 ea
3264 1869 3385 1924 qua

1803 1927 2027 1982 obscura
2053 1938 2176 1983 sunt
2198 1930 2483 1999 aperienda
2505 1942 2553 1987 et
2577 1931 2905 1991 discutienda
2934 1944 3254 2010 pergendum
3278 1957 3382 2015 est,

1805 2028 1860 2073 ut
1899 2019 1965 2074 ad
1994 2019 2334 2075 obscuriores
2361 2022 2654 2079 locutiones
2692 2025 3032 2085 illustrandas
3060 2033 3127 2087 de
3160 2036 3386 2093 manife—

1803 2110 2058 2166 stioribus
2102 2120 2381 2167 sumantur
2426 2116 2688 2185 exempla.
2736 2127 2793 2173 et
2830 2122 3071 2190 quaedam
3117 2137 3386 2183 certarum

1804 2204 2190 2259 sententiarum
2237 2204 2540 2261 testimonia
2579 2208 2959 2266 dubitationem
2995 2213 3207 2272 incertis
3233 2218 3385 2275 aufe-

1805 2294 2027 2376 ram/in
2052 2311 2156 2367 qua
2181 2310 2242 2351 re
2271 2297 2523 2352 memoria
2546 2299 2688 2355 valet
2717 2301 2997 2370 plurimum
3031 2323 3045 2360 :
3074 2323 3192 2378 qua:
3216 2311 3262 2365 si
3289 2310 3387 2368 de-

1806 2384 1989 2453 fuerit,
2013 2402 2119 2441 non
2151 2395 2326 2457 potest
2354 2386 2437 2443 his
2462 2391 2735 2462 praeceptis
2764 2391 2899 2449 dari.

1860 2478 2088 2537 CAPUT
2120 2479 2189 2536 Χ.
2212 2510 2283 2521 —
2303 2480 2620 2551 Scripturam
2646 2486 2884 2573 coutizzgit
2909 2504 3008 2543 non
3036 2491 3248 2565 intelligi
3268 2496 3330 2550 ob

2242 2573 2415 2644 ignota
2435 2574 2579 2644 signa
2598 2576 2674 2629 vel
2697 2579 2951 2649 ambigua.

1879 2661 1965 2719 l5.
2006 2661 2219 2717 Duabus
2262 2673 2439 2718 autem
2483 2665 2659 2721 causis
2714 2684 2815 2721 non
2863 2670 3228 2744 intelliguntur
3270 2692 3388 2748 qua:

1807 2754 2000 2824 scripta
2029 2762 2175 2822 sunt,
2207 2754 2250 2807 si
2278 2766 2367 2809 aut
2395 2754 2606 2826 ignotis,
2636 2766 2729 2812 aut
2756 2759 3015 2830 ambiguis
3043 2765 3207 2834 signis
3233 2768 3389 2824 obte-

1806 2856 2023 2918 guntur.
2067 2846 2203 2901 Sunt
2238 2856 2414 2901 autem
2442 2847 2587 2917 signa
2615 2848 2695 2903 vel
2732 2852 2965 2921 propria,
2994 2854 3079 2909 vel
3108 2858 3383 2916 translata.

1808 2938 2026 3009 Propria
2046 2938 2317 3005 dicuntur,
2338 2954 2459 2994 cum
2485 2940 2566 2994 his
2582 2942 2739 2997 rebus
2758 2945 3116 3013 signiﬁcandis
3135 2950 3390 3007 adhiben-

1812 3041 1918 3097 tur,
1943 3040 2158 3102 propter
2175 3046 2310 3102 quas
2328 3040 2452 3087 sunt
2470 3032 2703 3087 instituta
2726 3050 2740 3100 ;
2763 3038 2901 3091 sicut
2923 3037 3148 3094 dicimus
3176 3040 3389 3108 bovem,

1810 3136 1931 3179 cum
1960 3122 2298 3193 intelligimus
2323 3138 2483 3193 pecus
2498 3124 2540 3190 ⁸,
2581 3124 2722 3195 quod
2755 3142 2939 3183 omnes
2966 3130 3238 3186 nobiscum
3270 3134 3393 3189 lati-

1813 3227 1899 3268 na:
1941 3212 2132 3284 lingua:
2172 3212 2416 3268 homines
2462 3213 2562 3268 hoc
2605 3217 2818 3272 nomine
2858 3230 3066 3275 vocant.
3117 3222 3392 3283 Translata

1812 3313 1958 3369 sunt.
1989 3320 2111 3359 cum
2146 3313 2200 3360 et
2240 3303 2368 3375 ipsa:
2396 3320 2481 3359 res
2510 3322 2643 3376 quas
2671 3311 2898 3379 propriis
2928 3313 3102 3367 verbis
3129 3314 3394 3384 signiﬁca-

1814 3412 1954 3462 mus,
1978 3397 2044 3452 ad
2064 3396 2206 3451 aliud
2226 3396 2421 3467 aliquid
2450 3398 2850 3468 signiﬁcandum
2876 3414 3197 3474 usurpentur
3219 3422 3232 3457 :
3257 3406 3395 3464 sicut

1813 3487 2040 3543 dicimus
2068 3487 2281 3555 bovem,
2313 3498 2368 3544 et
2397 3504 2491 3559 per
2515 3489 2611 3544 has
2638 3490 2771 3545 duas
2797 3492 3031 3564 syllabas
3058 3496 3397 3569 intelligimus

1815 3596 1979 3653 pecus
2011 3581 2151 3652 quod
2203 3585 2305 3637 isto
2344 3583 2557 3639 nomine
2590 3586 2845 3655 appel'ari
2880 3588 3045 3654 solet;
3079 3590 3171 3643 sed
3210 3606 3397 3647 rursus

1817 3692 1910 3744 per
1928 3673 2055 3729 illud
2083 3689 2242 3744 pecus
2264 3675 2605 3745 intelligimus
2627 3681 3022 3748 evangelistam,
3052 3696 3206 3750 quem
3234 3685 3394 3753 signi-

1817 3766 1993 3822 [iuuit
2019 3767 2312 3839 scriptura,
2342 3767 2721 3837 interpretante
2747 3770 3017 3837 Apnslttlo,
3052 3772 3255 3842 dicens,
3288 3774 3393 3832 Βοο

1816 3876 1922 3914 rem
1950 3859 2261 3913 "intrantem
2284 3874 2385 3912 non
2413 3858 2685 3930 infrenabis
2712 3860 2755 3929 (ι
2775 3857 2891 3914 Cor.
2925 3876 3003 3927 lx,
3030 3863 3108 3931 9).

1816 3949 2043 4007 CAPUT
2081 3948 2173 4006 X1.
2194 3980 2265 3991 —
2293 3948 2360 4007 Ut
2396 3950 2682 4023 ignorantia
2717 3952 2973 4023 signorum
3020 3955 3260 4022 tollatur,
3303 3975 3396 4014 ue-

1888 4044 2105 4099 ceuaria
2130 4053 2201 4099 est
2230 4043 2521 4115 linguarum
2548 4044 2787 4115 cognitio,
2826 4061 2886 4099 ac
2914 4049 3191 4117 prwsertim
3219 4063 3398 4120 grwca

1891 4146 1936 4192 et
1964 4136 2192 4193 hebrum.

1892 4227 1978 4285 16.
2016 4229 2213 4284 Contra
2230 4229 2406 4301 ignota
2431 4228 2579 4300 signa
2602 4231 2809 4301 propria
2832 4246 3081 4303 maguum
3100 4236 3395 4295 remedium

1820 4328 1903 4376 est
1925 4319 2220 4391 linguarum
2256 4320 2507 4391 COgtltlio.
2541 4321 2606 4375 Et
2632 4320 2808 4377 latin-.e
2833 4323 3044 4393 quidem
3077 4325 3269 4397 linguae
3294 4330 3395 4384 ho-

1821 4414 2013 4479 mines,
2029 4430 2163 4485 quos
2182 4429 2321 4469 nunc
2338 4414 2676 4470 instruendos
2691 4417 3043 4487 suscepimus,
3058 4419 3262 4476 duabus
3277 4421 3398 4478 aliis

1822 4504 1889 4560 ad
1912 4505 2303 4574 Scripturarum
2327 4505 2627 4561 divinarum
2644 4509 2995 4577 cegnitionem
3020 4526 3151 4581 opus
3176 4514 3393 4582 habent,

1824 4597 2034 4652 hebraea
2054 4597 2256 4652 scilicet
2284 4607 2334 4653 et
2352 4613 2555 4669 graeca;
2580 4609 2635 4653 ut
2655 4600 2719 4654 ad
2745 4603 3063 4672 exemplaria
3091 4605 3397 4672 praecedent-

1822 4692 1894 4747 tia
1924 4698 2245 4757 recurratur,
2277 4691 2320 4745 si
2350 4707 2506 4763 quam
2534 4691 2915 4748 dubitatioiiem
2946 4695 3183 4751 attulerit
3204 4698 3398 4753 latino-

1823 4802 1940 4844 rum
1969 4793 2313 4856 interpretum
2341 4786 2541 4840 inlinita
2576 4788 2819 4841 varietas.
2853 4786 3165 4858 Quanquam
3210 4802 3263 4845 et
3304 4792 3400 4847 he-

1826 4880 1967 4936 bra-a
1994 4878 2153 4933 verba
2181 4894 2284 4933 non
2315 4878 2653 4950 interpretata
2694 4895 2835 4949 saepe
2863 4881 3193 4936 inveniamus
3239 4883 3290 4937 in
3330 4884 3400 4939 li-

1826 4969 1958 5035 bris,
1989 4970 2128 5025 sicut
2158 4971 2343 5029 Amen.
2378 4982 2430 5024 et
2460 4969 2705 5036 Alleluia,
2738 4980 2793 5027 et
2824 4971 3021 5037 llacha,
3044 4983 3096 5029 et
3129 4975 3398 5045 llosanna,

1826 5071 1883 5119 et
1908 5064 2076 5133 siqua
2117 5069 2239 5117 sunt
2273 5062 2373 5117 alia
2404 5079 2417 5115 :
2446 5078 2669 5133 quorum
2706 5066 2892 5133 partim
2922 5077 3137 5138 propter
3168 5068 3397 5123 sanctio-

1826 5171 1940 5211 rem
1987 5157 2376 5222 auctoritatem,
2425 5157 2671 5227 quamvis
2710 5158 3041 5229 interpretari
3087 5162 3402 5229 potuiSsent,

1829 5259 2039 5303 servata
2070 5258 2152 5302 est
2188 5247 2494 5317 antiquitas,
2527 5250 2658 5304 sicut
2694 5256 2778 5305 est
2814 5252 3002 5314 Amen,
3049 5258 3102 5304 et
3139 5252 3399 5322 Alleluia;

1832 5342 2020 5409 partim
2046 5354 2172 5393 vero
2202 5340 2253 5393 in
2281 5339 2439 5393 aliam
2469 5341 2697 5411 linguam
2729 5341 2999 5395 transferri
3029 5354 3132 5394 non
3169 5344 3406 5411 potuisse

1830 5431 2097 5497 dicuntur,
2145 5431 2280 5486 sicut
2319 5430 2418 5485 alia
2450 5431 2557 5488 duo
2593 5449 2710 5503 qua:
2753 5433 3042 5499 pomimus.
3084 5431 3222 5489 Sunt
3259 5436 3403 5491 enim

1830 5522 2071 5594 qumdam
2105 5522 2260 5578 verba
2287 5536 2553 5579 certarum
2580 5523 2899 5593 linguarum,
2926 5540 3045 5595 qua:
3075 5525 3126 5580 in
3152 5542 3303 5584 usum
3329 5529 3408 5586 al-

1896 5658 2068 5729 fEditi,
2091 5655 2545 5729 irttelligentia...\tss.
2562 5656 2760 5729 aliquot,
2783 5654 3127 5729 intelligentia.

1896 5723 1917 5753 ι
2069 5734 2081 5771 :
2098 5719 2582 5798 :iqut‘ct'mt'dirin'tus
2614 5719 2790 5798 berem,
2806 5719 3109 5798 nauigante,
3126 5735 3293 5794 ρρειιδ,
3317 5725 3409 5798 ip.

1833 5792 1951 5849 quot
1975 5791 2096 5849 uss;
2122 5781 2247 5849 :icut
2265 5780 2469 5833 (titinius
2498 5781 2736 5849 bot‘ennet
2761 5797 2901 5845 pecus
2937 5780 3256 5849 intelligitur».
3285 5788 3406 5837 Alii:

1839 5843 1961 5896 {ictu
1986 5844 2190 5895 uiduus
2215 5844 2310 5895 bon
2326 5858 2391 5903 m,
2414 5843 2839 5909 cumiutetligimas
2862 5859 3021 5909 pecus.

2778 5958 3011 6012 /'l}ru.r.
3034 5964 3050 6011 τί
