3874 6316
424 277 496 335 ιτ
1345 248 1432 308 DE
1474 239 1809 305 DOCTRINA
1849 231 2281 305 CHRISTIANA,
2322 231 2381 292 8.
2420 225 2787 289 AUGUSTINI

2123 345 2469 420 penetranda,
2492 360 2616 402 cum
2634 344 2705 400 sit
2722 342 2886 399 herba
2906 338 3082 396 brevis
3100 347 3259 410 atque
3278 336 3520 403 humilis,
3536 336 3706 394 omni
3718 366 3744 381 ο

2124 456 2195 497 no
2220 438 2461 496 invenire
2486 451 2592 493 non
2620 443 2841 507 possunt
2879 446 3044 504 quare
3084 430 3155 486 sit
3193 428 3428 497 dictum,
3468 428 3748 502 Asperga

425 393 624 460 cogunt
670 384 875 440 haerere
916 378 1207 437 lectorem,
1232 367 1426 444 partim
1465 364 1762 435 linguarum
1808 356 2017 417 notitia,

427 445 622 555 partim
648 491 848 541 rerum,
872 462 1233 539 investiganda
1261 468 1405 517 sunt.
1445 452 1655 525 Aliquid
1680 450 1823 508 enim
1850 446 1916 503 ad
1943 445 2020 502 si-

430 538 781 631 ;nilitudincm
811 538 972 627 valet,
1001 571 1056 619 et
1074 538 1259 631 procul
1288 550 1450 608 dubio
1480 554 1744 605 secretum
1770 538 2022 616 quiddam

430 667 667 726 insinuat
686 662 827 720 Siloa
853 656 1077 729 piscina,
1099 650 1188 707 ubi
1218 646 1403 704 faciem
1422 643 1602 701 lavare
1620 638 1801 709 jussus
1825 640 1911 692 est
1936 630 2023 687 cui

432 724 617 815 oculos
645 724 900 810 Dominus
926 748 1039 805 luto
1072 744 1141 801 de
1179 746 1335 812 sputo
1359 736 1499 792 facto
1539 734 1822 789 inunxerat
1841 724 2020 799 (Joan.

433 867 517 919 rx,
530 848 585 924 7)
602 867 613 903 :
634 845 773 919 quod
796 854 973 900 tamen
995 850 1191 894 nomen
1207 832 1397 904 lingua:
1414 823 1719 897 incognitae,
1732 819 1833 876 nisi
1853 816 2029 873 Evan-

431 910 621 1017 gelista
651 910 1032 1008 interpretatus
1060 933 1222 991 esset,
1248 933 1356 981 tam
1382 933 1605 991 magnus
1624 914 1926 973 intellectus
1945 910 2026 967 la-

378 1064 381 1067 η
432 1002 591 1093 teret.
631 1031 722 1089 Sic
748 1002 907 1085 etiam
936 1022 1125 1089 multa,
1148 1032 1268 1091 qua:
1293 1013 1363 1071 ab
1386 1007 1696 1069 auctoribus
1715 1002 2028 1063 eorumdem

433 1129 717 1187 Librorum
747 1124 1091 1195 interpretata
1117 1129 1223 1172 non
1243 1116 1389 1175 sunt,
1413 1104 1630 1165 nomina
1656 1101 1893 1165 hebrtea,
1923 1110 2029 1151 non

434 1231 521 1280 est
543 1187 907 1276 dubitandum.
929 1193 1124 1266 habere
1157 1220 1264 1261 non
1304 1213 1520 1274 parvam
1550 1196 1656 1252 vim
1684 1202 1843 1264 atque
1877 1187 2031 1259 adju-

437 1277 634 1373 torium
678 1308 747 1364 ad
776 1300 1028 1361 solvenda
1056 1296 1337 1369 {enigmata
1374 1289 1767 1361 Scripturarum
1787 1323 1803 1350 ,
1831 1280 1877 1336 si
1915 1277 2033 1350 quis

437 1420 503 1467 ea
534 1402 702 1476 possit
725 1390 1065 1467 interpretari
1091 1408 1104 1445 :
1127 1386 1269 1461 quod
1300 1382 1542 1441 nonnulli
1571 1376 1810 1451 ejusdem
1841 1374 2035 1444 lingua:

437 1485 597 1574 periti
625 1491 746 1559 viri,
774 1466 883 1546 non
906 1500 1037 1543 sane
1061 1494 1284 1554 parvum
1310 1472 1626 1532 beneficium
1654 1466 1883 1540 posteris
1900 1476 2035 1518 con-

1177 1572 1186 1574 μ
1270 1569 1282 1574 ,
1413 1567 1426 1574 _
1559 1563 1573 1574 _
1814 1557 1852 1574 ,Α
1874 1552 2030 1574 μημ-

440 1552 697 1651 tulerunt,
712 1552 801 1657 qui
821 1552 1076 1651 separata
1088 1574 1155 1630 de
1168 1567 1458 1641 Scripturis
1475 1563 1663 1622 eadem
1684 1557 1863 1616 omnia
1872 1552 2035 1612 verba

823 1642 975 1737 sunt;
1006 1676 1059 1723 et
1088 1662 1215 1738 quid
1255 1662 1325 1718 sit
1352 1658 1522 1714 Adam
1541 1695 1559 1724 ,
1582 1651 1709 1724 quid
1739 1650 1881 1716 Eva,
1908 1642 2037 1718 quid

441 1770 733 1834 Abraham,
761 1764 886 1837 quid
914 1761 1123 1834 Moyses
1156 1772 1173 1824 ;
1201 1754 1315 1811 sive
1342 1750 1503 1808 etiam
1532 1746 1771 1803 locorum
1799 1738 2035 1803 nomina,

440 1830 569 1937 quid
615 1861 685 1917 sit
715 1830 1041 1915 dei-usaleni,
1072 1847 1157 1905 vel
1191 1845 1353 1909 Sion,
1384 1839 1471 1896 vel
1508 1833 1753 1900 Iericho,
1782 1830 1863 1886 vel
1886 1830 2036 1894 Sina,

440 1919 528 2012 vel
554 1952 805 2014 Libanus,
832 1944 920 2001 vel
944 1939 1229 2003 Jordanis;
1257 1934 1343 1991 vel
1368 1940 1719 2004 quaecumque
1741 1922 1840 1979 alia
1870 1921 1923 1977 in
1950 1919 2038 1975 illa

443 2046 624 2117 lingua
655 2012 811 2098 nobis
831 2046 954 2094 sunt
978 2031 1244 2103 incognita
1265 2024 1482 2083 nomina
1506 2040 1521 2076 :
1543 2018 1738 2093 quibus
1771 2012 1968 2088 apertis
1986 2019 2040 2068 et

444 2103 824 2206 interpretatis,
859 2126 1038 2184 multa:
1082 2123 1135 2179 in
1160 2115 1449 2190 Scripturis
1477 2113 1712 2185 figurata:
1743 2103 2039 2164 locutiones

443 2224 872 2286 mulfestantur.

513 2316 609 2374 24.
649 2315 848 2372 Rerum
884 2317 1061 2366 autem
1088 2301 1385 2379 ignorantia
1413 2297 1537 2354 facit
1561 2294 1819 2351 obscuras
1848 2290 2041 2360 figura-

445 2418 530 2468 tas
564 2407 858 2465 locutiones
884 2444 900 2469 ,
928 2414 1049 2457 cum
1082 2376 1387 2469 ignoramus
1424 2389 1511 2444 vel
1548 2383 1890 2441 animantium
1910 2420 1925 2445 ,
1958 2376 2041 2433 vel

445 2500 706 2575 lapidum,
742 2495 828 2553 vel
878 2491 1161 2549 herbarum
1202 2491 1449 2545 naturas,
1492 2478 1787 2534 aliarumve
1837 2484 2038 2536 rerum,

446 2564 568 2666 quia:
592 2564 905 2663 plerumque
927 2583 979 2639 in
995 2577 1284 2650 Scripturis
1303 2567 1665 2629 similitudinis
1685 2564 1911 2634 alicujus
1923 2574 2043 2632 grav

447 2660 522 2743 tia
564 2660 850 2757 ponuntur.
892 2677 1022 2734 Nam
1049 2682 1104 2730 et
1142 2671 1212 2727 de
1253 2675 1503 2738 serpente
1530 2660 1674 2733 quod
1713 2668 1897 2714 notum
1936 2661 2039 2720 est,

447 2747 618 2835 totum
657 2788 852 2844 corpus
899 2784 1024 2827 ettm
1068 2781 1168 2837 pro
1214 2761 1389 2832 capite
1430 2756 1664 2825 objicere
1710 2747 2039 2811 ferientibus,

447 2878 705 2942 quantum
735 2838 963 2919 illustrat
991 2871 1208 2915 sensum
1252 2854 1433 2915 illum,
1467 2863 1573 2918 quo
1604 2844 1860 2899 Dominus
1895 2838 2046 2910 jubet

440 2929 656 3015 astutos
682 2972 779 3011 nos
798 2968 919 3008 esse
943 2952 1079 3006 sicut
1100 2952 1377 3016 serpentes
1402 2939 1612 3012 (Matth.
1637 2952 1692 3001 ι,
1714 2934 1836 3005 16);
1865 2940 1924 2986 ιιι
1943 2929 2047 2985 sci-

452 3053 578 3110 licet
601 3064 695 3120 pro
710 3046 883 3117 capite
900 3051 1102 3106 nostro,
1121 3036 1261 3110 quod
1283 3031 1643 3094 estChristus,
1658 3039 1852 3098 corpus
1873 3022 2047 3093 potius

453 3137 896 3215 persequentibus
908 3134 1216 3195 offeramus,
1233 3142 1299 3182 ne
1315 3124 1446 3180 fides
1457 3120 1743 3178 christiana
1762 3126 2009 3186 tanquam
2027 3112 2043 3145 ί

457 3241 677 3291 necetur
698 3232 749 3284 in
777 3228 951 3293 nobis,
969 3224 1014 3278 si
1042 3228 1319 3294 parcentes
1337 3213 1548 3285 corpori
1574 3224 1828 3282 negemus
1851 3206 2044 3263 Deum!

455 3326 542 3386 vel
560 3324 708 3390 illud,
727 3320 870 3394 quod
891 3335 985 3390 per
1001 3329 1245 3373 caverna:
1264 3306 1532 3383 angustias
1552 3312 1869 3367 coarctatus,
1885 3300 2049 3371 depo-

456 3419 558 3477 sita
582 3416 745 3472 veleri
769 3413 943 3468 tunica
959 3410 1101 3464 vires
1126 3418 1292 3462 novas
1308 3400 1550 3470 accipere
1569 3395 1781 3458 dicitur,
1794 3400 2047 3463 quantum

456 3510 689 3569 concinit
723 3506 791 3563 ad
834 3499 1140 3561 imitandam
1172 3499 1340 3568 ipsam
1366 3488 1632 3564 serpentis
1653 3486 1929 3549 astutiam,
1957 3499 2051 3539 ex-

458 3602 798 3670 ucudumque
824 3597 997 3669 ipsum
1026 3601 1263 3647 veterem
1280 3584 1576 3650 nominem,
1603 3580 1740 3636 sicut
1766 3575 2051 3648 Apostolus

459 3699 608 3765 dicit,
626 3706 683 3751 ut
700 3694 980 3751 induamur
998 3684 1450 3760 novo(EpItes.1v,
1469 3678 1561 3744 22,
1576 3677 1647 3733 24
1662 3674 1882 3743 ;Coloss.
1899 3688 1979 3740 nt,
1992 3671 2049 3737 9,

460 3789 592 3864 10);
642 3798 696 3844 ct
736 3784 1035 3843 cauendum
1084 3793 1176 3850 per
1223 3773 1527 3847 angustias,
1555 3769 1766 3825 dicente
1803 3763 2049 3830 Domino,

461 3858 661 3940 Intrate
692 3896 780 3952 per
808 3884 1073 3947 angustant
1102 3880 1298 3941 portam
1342 3864 1554 3940 (Matth.
1571 3876 1664 3929 vn,
1684 3858 1771 3933 15)
1799 3860 1813 3915 ι
1841 3858 1904 3916 Ut
1925 3871 2054 3929 ergo

462 3976 651 4035 notitia
680 3984 882 4028 natura:
907 3964 1173 4037 serpentis
1202 3962 1432 4017 illustrat
1457 3955 1651 4012 multas
1680 3950 2055 4009 similitudines

464 4084 598 4140 quas
627 4065 694 4120 de
721 4063 824 4117 hoc
849 4060 1118 4115 animante
1157 4054 1286 4109 dare
1324 4049 1598 4120 Scriptura
1640 4044 1945 4109 consuevit;
1977 4044 2055 4097 sic

468 4156 773 4233 ignorantia
789 4150 1161 4209 nonnullorum
1180 4142 1485 4200 animalium
1508 4153 1628 4211 qua:
1650 4152 1752 4191 non
1767 4135 1939 4190 minus
1960 4148 2056 4205 per

466 4228 843 4314 siutiitudines
880 4250 1296 4306 commemorat,
1331 4234 1549 4307 impedit
1579 4230 1863 4303 plurimum
1893 4228 2055 4283 intel-

468 4347 781 4407 lectorem’.
801 4343 889 4399 Sic
910 4337 1164 4410 lapidum,
1184 4333 1263 4388 sic
1288 4329 1594 4391 herbarum,
1616 4324 1693 4381 vel
1710 4337 2057 4395 quaecumque

471 4451 726 4502 tenentur
753 4435 1037 4494 radicibus.
1080 4428 1212 4485 Nam
1255 4434 1309 4482 et
1342 4418 1651 4481 carbunculi
1682 4417 1887 4482 notitia,
1914 4414 2056 4488 quod

470 4538 613 4594 lucet
638 4528 965 4592 intenebris,
990 4523 1148 4579 multa
1177 4517 1438 4575 illuminat
1462 4514 1620 4570 etiam
1646 4510 1868 4567 obscura
1891 4508 2057 4564 libro-

470 4646 593 4689 rum
615 4669 631 4695 ,
660 4625 980 4692 ubicumque
1022 4623 1241 4691 pr0pter
1284 4608 1683 4668 similitudinem
1731 4605 1973 4676 ponitur;
2004 4609 2061 4659 et

473 4722 768 4796 ignorantia
795 4714 979 4786 berylli
1007 4713 1087 4767 vel
1107 4705 1403 4765 adamantis
1427 4701 1627 4758 claudit
1645 4701 1956 4772 plerumque
1981 4698 2062 4754 in-

473 4791 780 4886 telligentia:
819 4808 981 4865 fores.
1021 4803 1131 4861 Nec
1164 4802 1321 4857 aliam
1347 4798 1416 4854 ob
1444 4810 1656 4851 causam
1686 4792 1837 4849 facile
1862 4800 1946 4847 est
1976 4791 2058 4846 in-

472 4910 716 4982 telligere
744 4919 925 4978 pacem
956 4908 1264 4973 perpetuam
1286 4891 1569 4966 significari
1590 4891 1719 4947 olom
1734 4886 2055 4955 ramusculo,

471 5016 634 5077 quem
666 4999 879 5057 rediens
916 4994 982 5050 ad
1016 5008 1194 5050 arcam
1234 4987 1478 5045 columba
1519 4984 1735 5056 pertulit
1774 4982 1924 5057 (Gen.
1942 4997 2057 5049 vui,

471 5096 563 5169 ll)
588 5138 604 5163 ,
635 5093 736 5151 nisi
762 5089 884 5163 quia
913 5086 1156 5143 novimus
1190 5091 1244 5139 et
1271 5080 1375 5138 olei
1416 5080 1588 5135 lenem
1616 5087 1914 5133 contactum
1952 5091 2060 5131 non

472 5186 627 5244 facile
643 5185 817 5240 alieno
837 5181 1058 5236 humore
1076 5174 1366 5244 corrumpi,
1385 5180 1439 5228 et
1460 5171 1706 5227 arborem
1737 5169 1902 5240 ipsam
1925 5166 2062 5222 freno

473 5279 604 5338 dere
649 5276 975 5350 perenniter.
1025 5269 1171 5327 Multi
1217 5273 1395 5323 autem
1442 5272 1660 5337 prepter
1708 5261 2059 5335 ignorantiam

472 5371 713 5447 hyssopi,
740 5371 866 5426 dum
892 5366 1139 5426 nesciunt
1162 5376 1320 5435 quam
1347 5360 1452 5415 vim
1484 5358 1696 5423 habeat,
1724 5356 1809 5411 vel
1845 5355 1913 5411 ad
1936 5370 2063 5426 pur-

473 5467 709 5543 gandutn
738 5464 1066 5539 pulmonem,
1094 5459 1199 5528 vel,
1231 5466 1289 5515 ut
1315 5456 1526 5522 dicitur,
1551 5453 1619 5508 ad
1647 5467 1772 5507 saxa
1799 5450 2061 5507 radicibus

472 5631 561 5747 rs;
581 5627 701 5678 aliti
738 5623 920 5676 addunt
951 5622 1047 5685 hic,
1087 5627 1264 5688 caput;
1287 5632 1397 5686 qua:
1434 5631 1526 5669 vox
1570 5616 1711 5667 abest
1745 5614 1807 5666 ab
1840 5615 2062 5669 euntibus

511 5706 621 5810 li6m
646 5751 873 5816 vulgatis,
892 5747 1134 5800 (edormit.
1159 5753 1211 5797 Αι
1235 5746 1281 5797 in
1304 5752 1431 5807 λιες»,
1456 5741 1793 5796 ivtteuectorem

3646 220 3747 282 48

2128 550 2209 621 nte
2235 533 2475 606 hyssOpo,
2498 539 2545 586 et
2573 526 2853 584 mundabor
2875 524 3044 595 (Psal.
3073 539 3125 589 ι,
3154 522 3233 595 9).

2193 624 2287 681 25.
2318 622 2673 679 Numerorum
2698 617 2858 675 etiam
2881 613 3143 687 imperitia
3167 612 3333 669 multa
3357 611 3485 669 facit
3503 626 3609 668 non
3642 610 3750 667 in-

2128 714 2314 786 telligi,
2348 712 2601 770 translate
2628 726 2691 767 ac
2710 708 2934 784 mystice
2962 706 3134 779 posita
3155 704 3208 761 in
3227 704 3541 777 Scripturis.
3565 703 3752 777 lnge-

2132 809 2276 865 nium
2301 807 2517 879 quippe,
2538 814 2596 861 ut
2616 804 2687 861 ita
2708 802 2953 868 dixerim,
2972 800 3256 871 ingenuum
3278 815 3383 855 non
3401 807 3580 871 potest
3607 813 3745 855 non

2132 897 2333 956 moveri
2357 895 2481 969 quid
2502 895 2601 952 sibi
2628 893 2754 949 velit
2778 892 2916 965 quod
2938 900 2994 947 et
3011 889 3242 963 Moyses,
3270 899 3325 946 et
3345 889 3507 955 Elias,
3534 899 3590 945 ct
3608 887 3754 959 ipse

2137 990 2394 1046 Dominus
2410 986 2755 1060 quadraginta
2773 985 2959 1041 diebus
2973 980 3379 1056 jejunaverunt(
3394 980 3750 1049 Exadmnv,

2136 1084 2243 1150 l8;
2275 1081 2338 1136 Ill
2366 1080 2493 1153 Reg.
2530 1095 2650 1146 χιι,
2682 1079 2748 1141 8;
2775 1086 2822 1133 et
2863 1076 3051 1132 Matth.
3078 1091 3152 1145 iv,
3181 1074 3274 1147 2).
3306 1073 3469 1145 Cujus
3492 1073 3752 1131 actionis

2138 1176 2390 1249 figuratus
2414 1174 2626 1246 quidam
2656 1171 2850 1237 nodus,
2893 1171 2995 1227 nisi
3024 1170 3181 1242 hujus
3211 1168 3419 1226 numeri
3455 1168 3739 1242 cognitio-

2137 1282 2206 1323 ne
2232 1275 2286 1323 et
2311 1264 2760 1331 consideratione,
2791 1278 2895 1318 non
2926 1262 3167 1318 solvitur.
3197 1261 3367 1318 liabet
3391 1262 3533 1317 enim
3562 1260 3756 1318 dena-

2138 1359 2274 1416 rium
2316 1366 2523 1431 qualer,
2572 1365 2821 1426 tanquam
2867 1354 3225 1426 cognitionem
3271 1353 3510 1410 omnium
3549 1370 3753 1412 rerum

2141 1451 2397 1507 intextam
2424 1447 2753 1518 temporibus
2769 1485 2783 1501 .
2810 1445 3163 1514 Qualernario
3185 1459 3412 1518 namque
3434 1462 3663 1502 numero
3688 1454 3760 1503 et

2141 1542 2330 1601 diurna
2346 1551 2400 1599 et
2424 1556 2597 1597 annua
2622 1540 2884 1597 curricula
2931 1548 3258 1612 peraguntur
3286 1556 3299 1592 :
3327 1537 3520 1594 diurna
3546 1549 3742 1594 matu-

2144 1635 2289 1701 tinis,
2312 1632 2641 1700 meridianis,
2664 1630 3006 1704 vespertinis,
3040 1630 3419 1701 nocturnisque
3468 1629 3743 1686 horarum

2142 1727 2361 1800 spatiis;
2386 1742 2559 1782 annua
2589 1725 2788 1793 vernis,
2816 1722 3041 1789 :estivis.
3073 1723 3489 1789 autumnalibus,
3521 1721 3748 1778 hiemao

2144 1819 2389 1891 libusque
2412 1816 2707 1873 mensibus.
2758 1814 2802 1871 Α
2844 1825 3143 1886 temporum
3174 1824 3353 1870 autem
3375 1811 3752 1871 delectatione

2143 1911 2269 1968 dum
2296 1911 2351 1967 in
2380 1908 2711 1981 temporibus
2753 1905 3003 1974 vivimus,
3034 1914 3250 1978 propter
3298 1903 3655 1961 aeternitatem
3688 1905 3751 1960 in

2143 2020 2248 2078 qua
2267 2005 2454 2060 vivere
2474 2001 2739 2069 volumus,
2776 1998 3152 2055 abstinendum
3172 2006 3224 2053 ct
3244 1995 3594 2068 jejunandum
3621 2006 3747 2054 est:

2144 2097 2386 2171 quamvis
2432 2105 2734 2167 temporum
2776 2093 3019 2150 cursibus
3069 2092 3179 2165 ipsa
3229 2090 3383 2146 nobis
3424 2090 3738 2147 insinuetur

2144 2188 2389 2246 doctrina
2435 2184 2948 2244 contemnendorum
2990 2188 3291 2254 temporum
3312 2188 3374 2239 et
3402 2180 3746 2254 appetendo-

2145 2296 2264 2338 rum
2280 2288 2623 2337 teternorum.
2646 2278 2814 2335 Porro
2828 2284 3004 2333 autem
3021 2274 3271 2331 denarius
3291 2289 3545 2331 numerus
3565 2274 3736 2334 C'rea-

2147 2374 2279 2429 toris
2308 2382 2466 2445 atque
2489 2382 2750 2429 creatura:
2788 2370 3050 2442 significat
3069 2368 3347 2425 scientiam
3381 2388 3393 2424 :
3422 2384 3543 2425 nam
3566 2369 3732 2427 trini-

2147 2473 2230 2522 tas
2247 2466 2520 2522 Creatoris
2540 2472 2644 2531 est,
2677 2462 3011 2535 septenarius
3034 2471 3214 2519 autem
3245 2478 3501 2520 numerus
3520 2474 3740 2521 creatu-

2147 2575 2261 2615 ram
2283 2558 2501 2625 indicat,
2533 2564 2749 2629 propter
2773 2556 2936 2611 vitam
2970 2566 3024 2611 et
3045 2570 3257 2628 corpus.
3284 2554 3416 2611 Nam
3440 2555 3492 2611 in
3521 2556 3610 2613 illa
3644 2557 3748 2613 tria

2149 2658 2292 2716 sunt,
2332 2648 2471 2704 unde
2496 2648 2654 2703 etiam
2688 2655 2798 2701 toto
2824 2645 3004 2712 corde,
3031 2652 3140 2701 tota
3168 2645 3363 2712 anima,
3395 2654 3507 2702 tota
3559 2657 3748 2705 mente

2148 2740 2447 2813 diligendus
2484 2748 2568 2795 est
2607 2739 2748 2794 Deus
2771 2736 2894 2811 (Id.
2955 2752 3088 2799 xxii.
3112 2737 3257 2810 37);
3308 2738 3612 2811 incorpore
3649 2754 3752 2797 au-

2150 2843 2257 2890 tem
2274 2845 2501 2906 quatuor
2529 2830 2958 2887 manifestissima
2977 2838 3257 2902 apparent,
3281 2830 3472 2902 quibus
3498 2841 3741 2902 constat,

2151 2926 2434 2982 elementa.
2460 2923 2517 2979 In
2550 2922 2653 2979 hoc
2671 2937 2800 2994 ergo
2827 2920 3047 2978 denario
3077 2921 3201 2977 dum
3236 2923 3600 2993 temporaliter
3626 2940 3735 2982 no-

2152 3021 2233 3077 bis
2265 3019 2584 3085 insumatur,
2616 3014 2670 3072 id
2703 3023 2803 3082 est,
2835 3023 3022 3085 quater
3050 3014 3282 3082 ducitur,
3314 3025 3460 3073 caste
3494 3025 3547 3073 et
3572 3018 3753 3076 contio

2152 3123 2362 3179 uenter,
2387 3124 2420 3166 a
2445 3118 2742 3180 temporum
2770 3105 3121 3162 delectatione
3144 3106 3341 3173 vivere,
3367 3106 3468 3162 hoc
3494 3117 3577 3163 est
3602 3125 3741 3181 qua-

2154 3202 2395 3274 draginta
2438 3200 2627 3257 diebus
2652 3198 2897 3271 jejunare
2940 3214 3237 3253 monenmr.
3269 3196 3381 3253 Hoc
3412 3196 3544 3266 Lex,
3586 3199 3749 3271 cujus

2153 3310 2381 3367 persona
2398 3304 2476 3350 est
2494 3293 2546 3348 iu
2575 3291 2774 3364 Moyse,
2801 3289 2903 3345 hoc
2929 3288 3235 3363 Pmpbelia,
3266 3289 3417 3362 cujus
3447 3305 3739 3362 personam

2154 3388 2293 3460 gerit
2319 3386 2483 3453 Elias,
2522 3384 2624 3440 hoc
2655 3386 2766 3455 ipse
2812 3382 3069 3439 Dominus
3118 3393 3337 3450 monet;
3370 3384 3459 3456 qui
3486 3392 3745 3456 tanquam

2156 3478 2514 3535 testimonium
2536 3474 2737 3531 habens
2763 3489 2828 3531 ex
2850 3471 2992 3546 Lege
3017 3480 3074 3532 et
3091 3472 3391 3544 Prophctis,
3419 3474 3629 3531 medius
3652 3477 3741 3532 in-

2156 3580 2241 3628 ter
2270 3569 2391 3625 illos
2418 3569 2472 3624 in
2502 3576 2704 3635 monte,
2746 3565 2919 3622 tribus
2945 3566 3225 3638 discipulis
3256 3566 3555 3622 videntibus
3581 3576 3750 3641 atque

2156 3661 2515 3735 stupentibus,
2554 3658 2744 3716 claruit
2766 3659 2785 3729 (
2809 3655 2921 3725 Id.,
2939 3674 3070 3726 xvn,
3086 3658 3144 3723 2,
3168 3659 3203 3715 3
3226 3655 3267 3732 ).
3289 3658 3488 3715 Deinde
3509 3661 3579 3716 ita
3598 3676 3748 3731 quato

2157 3757 2292 3814 ritur
2306 3754 2574 3835 quomodo
2596 3752 3079 3827 quinquagenarius
3102 3751 3170 3808 de
3195 3750 3622 3826 quadragenario
3643 3772 3744 3811 nu-

2158 3864 2308 3907 mero
2334 3849 2548 3914 existat,
2580 3846 2669 3919 qui
2702 3860 2807 3902 non
2832 3844 3175 3902 mediocriter
3201 3845 3251 3900 in
3282 3854 3465 3903 nostra
3482 3846 3748 3920 religione

2159 3950 2399 3998 sacratus
2414 3949 2499 3996 est
2520 3949 2739 4010 propter
2758 3937 3143 4009 Pentecosten(
3168 3937 3279 3992 Act.
3331 3952 3367 3993 ιι
3382 3936 3423 4011 ),
3446 3948 3499 3994 et
3516 3954 3749 4011 quomo-

2160 4033 2230 4088 do
2270 4043 2349 4088 ter
2368 4031 2556 4087 ductus
2584 4039 2801 4101 propter
2836 4028 2934 4085 tria
2967 4038 3226 4102 tempora,
3255 4040 3380 4086 ante
3405 4030 3625 4104 Legem,
3649 4032 3752 4089 sub

2161 4126 2322 4197 Lege,
2346 4124 2445 4181 sub
2469 4123 2669 4191 Gratia,
2698 4122 2782 4178 vel
2811 4130 3030 4194 pr0pter
3059 4137 3252 4178 nomen
3284 4122 3477 4187 Patris.
3506 4134 3561 4181 et
3586 4123 3737 4194 Filii,

2161 4218 2459 4291 etSpiritus
2484 4218 2669 4282 sancti,
2698 4215 2950 4285 adjuncta
2969 4216 3290 4271 eminentius
3311 4215 3423 4288 ipsa
3451 4214 3741 4287 Trittitate,

2162 4310 2229 4367 ad
2262 4310 2647 4383 purgatissimm
2684 4306 2939 4364 Ecclesiae
2976 4307 3284 4380 mysterium
3312 4306 3593 4377 referatur,
3631 4325 3752 4382 per-

2162 4404 2445 4475 veniatque
2492 4401 2559 4458 ad
2585 4410 2796 4458 centqu
2825 4401 3198 4473 quinquaginta
3231 4412 3338 4457 tres
3363 4401 3558 4473 pisces,
3613 4421 3750 4478 quos

2164 4494 2293 4551 retia
2324 4492 2899 4567 postresurrcetionem
2922 4490 3131 4547 Domini
3154 4492 3203 4547 iu
3232 4492 3505 4551 dexteram
3540 4506 3748 4566 partem

2163 4585 2325 4642 missa
2350 4592 2607 4657 ceperunt
2631 4581 2819 4657 (Joan.
2850 4598 2964 4651 XXI,
2989 4583 3049 4640 ll
3068 4582 3112 4657 ).
3148 4584 3223 4640 Ita
3250 4586 3430 4641 multis
3456 4585 3575 4642 aliis
3590 4596 3751 4660 atque

2163 4678 2283 4735 aliis
2297 4692 2635 4734 numerorum
2654 4673 2838 4732 formis
2858 4674 3102 4747 qumdam
3122 4676 3526 4733 similitudinum
3545 4679 3595 4734 in
3624 4694 3749 4737 san-

2163 4772 2265 4829 ctis
2292 4771 2463 4828 Libris
2478 4779 2683 4828 secreta
2706 4777 2996 4839 ponuntur,
3019 4784 3138 4840 qua:
3162 4778 3379 4841 propter
3398 4785 3748 4830 numerorum

2165 4863 2483 4935 imperitiam
2505 4861 2799 4935 legentibus
2826 4861 3004 4917 clausa
3032 4871 3175 4918 sunt.

2233 4957 2322 5013 26.
2354 4955 2468 5013 Non
2501 4970 2665 5027 pauca
2693 4955 2853 5010 etiam
2881 4953 3080 5010 claudit
3108 4961 3265 5026 atque
3295 4954 3494 5028 obtegit
3517 4958 3748 5014 nonnuls

2165 5048 2338 5106 larum
2362 5062 2541 5103 rerum
2566 5045 2886 5103 musicorum
2914 5045 3230 5118 ignorantia.
3261 5044 3394 5103 Nam
3422 5055 3479 5104 et
3502 5045 3572 5104 de
3600 5050 3743 5120 psal-

2170 5142 2285 5200 terii
2312 5151 2367 5201 et
2417 5141 2634 5198 cithara:
2682 5140 3002 5210 differentia,
3029 5140 3245 5211 quidam
3287 5156 3392 5197 non
3433 5140 3749 5200 inconcinne

2166 5240 2369 5311 aliquas
2408 5234 2585 5294 rerum
2615 5234 2811 5307 ﬁguras
2857 5234 3100 5307 aperuit:
3122 5243 3176 5290 et
3210 5235 3396 5291 decem
3426 5233 3748 5292 chordarum

2167 5328 2473 5405 psalterium
2498 5327 2683 5402 (Psal.
2706 5342 2880 5393 xxx",
2906 5326 2983 5393 2;
3013 5336 3061 5383 et
3085 5324 3233 5383 Psal.
3254 5342 3361 5394 xei,
3376 5328 3412 5386 4
3436 5327 3485 5401 ),
3506 5343 3617 5386 non
3643 5329 3746 5385 im-

2166 5435 2393 5500 portune
2420 5425 2559 5481 inter
2582 5422 2771 5479 ﬂectes
2816 5420 3070 5493 quatritur
3095 5428 3273 5476 utrum
3298 5419 3490 5477 habeat
3515 5421 3749 5493 aliquam

2168 5521 2383 5575 musicm
2434 5517 2628 5589 legent,
2680 5532 2801 5589 qua:
2829 5514 2897 5570 ad
2925 5523 3126 5571 tantum
3158 5530 3441 5570 nervorum
3468 5530 3746 5570 numerum

2165 5626 2347 5686 cogat;
2373 5630 2438 5669 an
2464 5628 2614 5675 vero,
2639 5612 2682 5666 si
2728 5627 2833 5667 non
2864 5609 3046 5678 habet,
3074 5624 3140 5667 eo
3186 5611 3303 5681 ipso
3329 5608 3498 5680 magis
3540 5616 3747 5665 Sacrate

1958 5766 1960 5771 ,
1996 5763 2013 5775 ,
2046 5709 2107 5778 ,P“
2170 5707 2508 5782 accipiendos
2534 5706 2603 5763 sit
2632 5706 2745 5779 ipse
2772 5717 3043 5771 numerus,
3072 5703 3153 5760 vel
3184 5709 3400 5775 propter
3423 5700 3731 5776 dccalogum
