3874 6364
2486 338 2505 348 ρ
2576 336 2578 339 ν
2599 324 2725 374 $.21":
2736 330 2745 338 ‘
2756 326 2950 378 ﬁtﬁt-1‘33

3014 410 3121 435 arma:
3143 412 3153 421 ·

172 451 227 510 ιθ
1048 394 1071 429 ξ’
1152 426 1157 433 ’
1480 441 1685 500 usus
1722 440 1740 500 ε

1856 442 2099 503 υΝυυε.
3143 412 3153 421 ’
3355 456 3429 515 εο

172 563 324 636 Legit.
351 560 420 619 de
446 574 559 633 quo
610 560 735 621 item
781 570 1010 614 numero
1035 555 1082 612 si
1110 560 1396 628 quaeratur,
1428 555 1636 610 nonnisi
1665 554 1733 610 ad

171 657 452 714 Creatorem
496 659 904 721 creaturamque
936 645 1246 703 referendus
1269 654 1372 710 est,
1403 644 1486 701 vel
1520 654 1736 717 propter

173 748 383 821 superius
401 744 706 818 expositum
738 743 909 814 ipsum
936 740 1234 797 denarium.
1266 738 1335 794 Et
1361 739 1448 794 ille
1482 752 1735 793 numerus

176 838 517 897 edificationis
540 834 747 906 templi,
765 833 854 906 qui
878 840 1329 889 commemoratur
1345 830 1397 885 in
1419 826 1729 900 Evangelia,

174 929 487 1004 quadraginta
512 927 725 984 scilicet
751 934 806 982 et
827 939 924 981 sex
947 938 1205 979 annorum
1234 919 1435 995 (Joan.
1489 938 1546 988 tt,
1578 920 1648 978 20
1676 921 1722 994 ),

176 1021 329 1077 nescio
366 1019 495 1092 quid
553 1016 811 1073 musicum
840 1023 1031 1080 sonat;
1060 1023 1114 1070 et
1146 1013 1350 1071 relatus
1384 1013 1451 1068 ad
1481 1012 1735 1069 fabricam

177 1111 402 1170 Dominici
429 1107 698 1180 corporis,
726 1116 945 1179 propter
968 1120 1128 1178 quam
1152 1103 1337 1175 templi
1366 1103 1568 1160 mentio
1597 1102 1737 1159 facta

175 1212 258 1269 est,
283 1199 419 1272 cogit
470 1198 759 1256 nonnullos
806 1196 1088 1254 hatreticos
1131 1195 1371 1251 confiteri
1413 1193 1609 1251 Filium
1637 1194 1737 1253 Dei

176 1311 261 1351 non
296 1293 444 1358 falso,
472 1292 575 1349 sed
614 1306 744 1348 vero
770 1299 825 1346 et
850 1290 1082 1347 humano
1113 1303 1336 1360 corpore
1361 1287 1602 1343 indutum
1635 1304 1650 1341 :
1680 1294 1738 1343 ot

177 1370 423 1444 numerum
452 1384 655 1456 quippe
690 1391 745 1438 et
768 1382 1023 1437 musicam
1069 1380 1335 1451 plerisque
1365 1379 1494 1435 locis
1521 1378 1575 1434 in
1605 1392 1733 1437 san-

177 1478 256 1533 ctis
277 1475 567 1546 Scripturis
596 1472 976 1529 honorabiliter
1002 1472 1174 1543 posita
1197 1470 1521 1526 invenimus.

230 1565 439 1623 CAPUT
477 1563 645 1621 XVII.
671 1593 745 1605 —
767 1562 923 1635 Origo
944 1562 1130 1635 fabula:
1161 1560 1433 1616 Musarum
1468 1577 1664 1617 novem.

230 1660 310 1716 27.
338 1658 451 1718 Non
482 1658 629 1714 enim
652 1656 900 1713 audiendi
936 1666 1061 1711 sunt
1098 1668 1311 1710 errores
1343 1653 1617 1726 gentilium
1645 1668 1738 1710 su-

178 1751 537 1823 perstitionum,
586 1746 679 1819 qui
719 1761 906 1823 povem
934 1744 1107 1800 Musas
1130 1743 1277 1799 Jovis
1322 1754 1377 1800 et
1420 1742 1689 1799 Memoria:
1720 1745 1736 1775 ⁸

184 1843 293 1899 filias
325 1857 440 1897 esse
470 1845 764 1896 ﬁnxerunt.
811 1835 1024 1893 Befellit
1052 1851 1145 1891 eos
1190 1834 1380 1902 Varro,
1425 1850 1531 1904 quo
1560 1834 1738 1889 nescio

181 1944 328 1990 utrum
353 1932 490 2003 apud
524 1947 623 1986 eos
650 1930 927 2001 quisquam
962 1927 1143 1983 talium
1192 1941 1368 1983 rerum
1404 1926 1614 1984 doctior
1654 1927 1739 1982 vel

184 2026 412 2081 curiosior
458 2037 589 2079 esse
645 2021 830 2093 possit.
880 2019 1016 2076 Dicit
1062 2017 1205 2074 enim
1261 2019 1527 2073 civitatem
1558 2018 1740 2074 nescio

182 2133 334 2190 quam,
350 2131 453 2171 non
476 2113 628 2171 enim
655 2127 850 2168 nomen
868 2110 1067 2177 recolo,
1088 2109 1294 2165 locasse
1316 2108 1452 2181 apud
1473 2117 1583 2165 tres
1605 2108 1737 2163 arti-

182 2211 286 2264 fices
310 2218 448 2264 terna
476 2205 779 2263 simulacra
796 2203 1081 2268 Musarum,
1108 2200 1248 2272 quod
1278 2199 1331 2255 in
1364 2200 1560 2270 templo
1581 2198 1742 2268 Apol-

180 2300 284 2356 linis
318 2299 507 2355 donum
528 2306 784 2370 poneret,
809 2306 864 2349 ttt
889 2293 1126 2366 quisquis
1145 2292 1407 2348 artificum
1434 2291 1737 2362 pulchriora

182 2392 446 2456 formasset,
482 2393 560 2446 ab
589 2391 680 2445 illo
709 2388 1042 2460 potissimum
1090 2387 1259 2441 electa
1304 2392 1526 2439 emeret.
1558 2381 1740 2454 Itaque

183 2484 431 2557 maligissc
443 2494 500 2539 ut
519 2497 687 2555 Opera
709 2495 802 2535 sua
848 2495 1058 2550 quoque
1096 2478 1170 2533 illi
1208 2477 1438 2533 artifices
1460 2491 1610 2547 teque
1628 2476 1743 2547 pul-

185 2577 290 2634 cbra
314 2578 668 2648 explicarent,
697 2582 752 2628 et
780 2571 1040 2642 placuisse
1069 2568 1268 2624 civitati
1300 2581 1487 2622 omnes
1515 2582 1728 2635 novem,

183 2681 314 2743 atque
349 2686 536 2726 omnes
577 2681 696 2723 esse
722 2676 946 2737 emptas,
976 2674 1033 2719 ut
1058 2664 1109 2718 in
1142 2662 1400 2733 Apollinis
1429 2660 1626 2731 templo
1647 2660 1740 2718 de-

186 2764 488 2828 dicareotur;
522 2762 722 2832 quibus
750 2765 931 2829 postea
951 2756 1078 2811 dicit
1099 2754 1384 2810 Ilesiodum
1409 2753 1739 2826 poetamim-

184 2855 393 2926 posuisse
417 2851 703 2909 vocabula.
726 2848 841 2906 Non
862 2862 990 2919 ergo
1010 2847 1214 2918 Jupiter
1233 2860 1423 2900 novem
1446 2845 1622 2901 Musas
1645 2859 1741 2918 ge-

183 2947 297 3013 mit,
323 2943 409 3001 sed
438 2956 555 3001 tres
598 2942 732 2998 fabri
784 2948 965 2996 ternas
1006 2945 1340 2994 creaverunt.
1384 2934 1519 2991 Tres
1566 2946 1743 2992 autem

183 3052 270 3093 non
324 3048 601 3106 propterea
651 3033 739 3089 illa
773 3032 958 3087 civitas
982 3030 1266 3096 locaverat,
1305 3027 1428 3099 quia
1459 3027 1744 3085 insomnis

185 3142 260 3183 eas
285 3127 497 3193 viderat,
554 3134 647 3179 aut
674 3132 751 3179 tot
798 3137 857 3178 se
880 3122 1190 3192 cujusquam
1223 3119 1434 3174 illorum
1460 3119 1628 3175 oculis
1653 3118 1743 3176 de-

187 3225 618 3284 monstraveram;
651 3214 745 3272 sed
796 3214 919 3286 quia
973 3213 1129 3269 facile
1164 3223 1281 3268 erat
1325 3211 1747 3270 animadvertere

184 3326 367 3370 omnem
394 3326 614 3378 sonum,
646 3323 765 3381 qua:
816 3306 1067 3362 materies
1095 3303 1481 3361 cantilenarum
1522 3314 1623 3370 est,
1654 3306 1745 3361 tri-

185 3402 381 3462 formem
408 3419 533 3460 esse
561 3411 765 3458 natura.
799 3402 905 3455 Aut
924 3399 1067 3455 enim
1088 3412 1222 3453 voce
1240 3397 1434 3466 editur,
1464 3397 1620 3454 sicuti
1644 3412 1738 3455 eo.

185 3513 282 3553 nun
303 3507 379 3554 est
419 3496 511 3568 qui
558 3492 796 3550 faucibus
822 3491 937 3547 sine
977 3504 1176 3562 organo
1204 3497 1435 3556 canunt;
1478 3500 1570 3544 aut
1594 3488 1741 3557 flatu,

184 3588 299 3645 sicut
336 3588 586 3645 tubarum
618 3593 674 3641 et
697 3582 943 3639 tibiarum
966 3598 981 3647 ;
1004 3588 1095 3636 ant
1119 3580 1296 3652 pulsu,
1326 3580 1465 3635 sicut
1488 3580 1540 3635 in
1570 3581 1742 3636 citha-

185 3682 248 3737 ris
270 3690 317 3737 et
348 3677 638 3753 tympanis.
665 3684 723 3733 et
743 3673 1066 3748 quibuslibet
1104 3671 1225 3729 aliis
1251 3687 1369 3745 quae
1396 3673 1744 3744 percutieudo

186 3784 356 3827 canora
376 3780 521 3827 sunt.

184 3903 383 3963 CAPUT
416 3901 608 3962 XVIII.
639 3932 713 3949 ——
740 3900 959 3976 Profani
982 3900 1167 3973 siquid
1191 3900 1311 3956 bene
1350 3867 1622 3971 dixerunt,
1644 3918 1745 3958 non

762 3991 1158 4066 experiundum.
1620 4012 1640 4023 ο

243 4127 325 4185 28.
349 4127 451 4186 Sed
477 4128 595 4185 sive
620 4127 692 4182 ita
725 4140 783 4182 se
807 4123 999 4181 habeat
1022 4121 1162 4197 quod
1187 4120 1351 4178 Varro
1392 4120 1596 4189 retulit,
1635 4121 1746 4179 sive

189 4235 278 4275 non
304 4221 398 4287 ita;
427 4234 531 4276 nos
569 4227 745 4274 tamen
774 4232 877 4272 non
915 4224 1129 4287 propter
1156 4213 1581 4285 superstitionem
1621 4229 1746 4286 pro-

191 4310 407 4368 fanorum
433 4310 699 4367 debemus
725 4306 981 4363 musicam
1013 4303 1213 4378 fugere,
1245 4306 1289 4359 si
1311 4304 1435 4377 quid
1466 4305 1588 4361 inde
1614 4306 1742 4363 utile

188 4404 245 4458 ad
280 4400 646 4476 intelligendas
691 4408 901 4455 sanctas
945 4397 1246 4468 Scripturas
1292 4412 1477 4468 rapere
1514 4398 1749 4468 potueri-

187 4509 329 4560 mus;
356 4510 457 4552 nec
504 4491 574 4549 ad
614 4491 825 4548 illorum
863 4489 1146 4545 theatricas
1188 4503 1356 4560 nugas
1394 4488 1652 4554 converti,
1678 4488 1725 4544 si

192 4585 370 4658 aliquid
390 4587 458 4643 de
498 4584 723 4640 citharis
749 4591 802 4639 et
828 4581 896 4638 de
932 4580 1163 4653 organis.
1188 4579 1328 4652 quod
1362 4578 1428 4635 ad
1457 4581 1746 4652 spiritualia

192 4679 425 4750 capienda
454 4679 650 4745 valeat,
676 4676 1022 4747 disputemus.
1051 4673 1235 4743 Neque
1259 4674 1400 4727 enim
1448 4681 1504 4727 et
1544 4673 1749 4729 litteras

190 4770 379 4830 discere
406 4790 514 4829 non
559 4770 859 4837 debuimus,
889 4766 1012 4838 quia
1041 4781 1222 4821 earum
1262 4772 1590 4836 repertorem
1614 4765 1635 4796 ¹
1665 4764 1746 4821 di-

191 4874 429 4920 euntesse
456 4862 805 4926 Mercurium;
836 4868 926 4914 aut
939 4856 1292 4928 quiajustitite
1312 4854 1596 4927 virtutique
1619 4866 1750 4912 tem-

191 4954 263 5025 pla
287 4955 614 5022 dedicarunt,
640 4962 695 5009 et
713 4968 830 5023 qua!
879 4947 1042 5005 corde
1066 4946 1316 5020 gestanda
1366 4953 1492 5001 sunt
1526 4947 1583 5002 in
1618 4948 1748 5018 lapi-

192 5043 331 5101 dibus
378 5047 602 5102 adorare
647 5044 967 5105 maluerunt,
1026 5051 1300 5111 propterea
1353 5039 1507 5096 nobis
1550 5040 1751 5111 justitia

201 5137 461 5211 virtusque
484 5136 729 5209 fugienda
755 5144 837 5191 est
868 5152 881 5189 :
913 5134 1019 5188 imo
1043 5147 1171 5187 vero
1195 5131 1434 5202 quisquis
1461 5132 1633 5189 bonus
1660 5148 1751 5188 ve-

192 5241 373 5299 rusque
395 5227 718 5284 christianos
741 5234 843 5292 est,
864 5222 1069 5279 Domini
1095 5222 1173 5276 sui
1199 5235 1317 5277 esse
1338 5221 1612 5293 intelligat,
1631 5221 1750 5278 ubi-

194 5329 403 5389 euntque
428 5318 632 5374 iuvenci
646 5318 686 5373 it
705 5315 1002 5379 veritatem,
1025 5328 1181 5385 quam
1206 5313 1466 5368 confitens
1480 5312 1503 5345 ⁸
1521 5322 1573 5368 et
1589 5327 1754 5384 agno-

200 5422 354 5476 scens,
380 5410 540 5466 etiam
567 5408 622 5465 in
651 5407 865 5465 Litteris
902 5407 1068 5462 sacris
1109 5404 1473 5476 superstitiosa
1502 5403 1749 5475 ﬁgmenta

200 5502 453 5574 repudiet;
472 5502 751 5574 doleatque
772 5500 1013 5557 homines
1029 5508 1185 5570 atque
1211 5506 1414 5561 caveat,
1441 5499 1529 5568 qui
1551 5513 1750 5569 cogno-

199 5606 393 5655 scentes
415 5597 600 5665 Deum,
630 5610 734 5652 non
765 5603 821 5651 ut
851 5594 1013 5649 Deum
1038 5591 1489 5664 glorificaverunt,
1514 5598 1606 5644 aut
1628 5605 1749 5660 gra-

253 5751 273 5784 ⁸
291 5755 395 5803 ιι..
416 5751 512 5803 duo
532 5765 566 5803 θ
585 5749 834 5810 Vatianis,
857 5747 1095 5810 unum.
1116 5744 1222 5810 Alii,
1240 5754 1413 5794 omnes
1432 5742 1753 5810 ορᾲἰοθεηριε-

201 5811 371 5878 tlturic.
390 5814 463 5865 sic
482 5827 600 5867 vero
622 5813 768 5865 etiam
788 5803 841 5861 in
862 5811 947 5860 lib.
972 5807 1004 5859 2
1022 5809 1088 5859 de
1109 5803 1308 5878 ordine,
1327 5817 1433 5868 cap.
1458 5803 1537 5865 14,
1562 5818 1610 5853 n.
1630 5803 1706 5852 41.

255 5876 390 5927 ’Itss.
413 5887 762 5940 prqzeannes,
783 5884 951 5923 earum
972 5879 1121 5921 neum
1142 5867 1326 5920 dicunt.
1515 5929 1525 5939 ν

256 5937 282 5972 ³
296 5946 396 5988 liis.
420 5940 663 6001 plusquam
684 5934 873 5999 viginti,
893 5933 1136 5998 conferens
1156 5945 1173 5982 ε
1194 5932 1437 5980 consentit
1449 5925 1598 5977 editio
1620 5935 1719 5979 am.

1846 555 1947 611 tias
1974 563 2217 626 egerunt,
2252 554 2349 613 sed
2376 562 2704 614 evanuerunt
2730 557 2784 615 in
2835 560 3245 632 cogitationibus
3288 569 3426 635 suis,

1843 656 1897 703 et
1924 647 2262 703 obscuratum
2280 656 2363 704 est
2374 663 2469 704 cor
2492 648 2746 719 insipiens
2766 664 2953 708 eorum
2972 669 2985 707 ε
3012 653 3253 710 dicentes
3279 658 3425 715 enim

1842 753 2041 796 seesse
2069 739 2354 811 sapientes,
2401 741 2547 796 stulti
2578 740 2702 797 facti
2739 751 2881 805 sunt.
2910 752 2965 800 et
3012 744 3427 806 immutaverunt

1841 830 2061 901 gloriam
2113 831 2527 902 incorruptibilis
2554 833 2647 889 Dei
2678 833 2731 887 in
2754 834 3149 892 similitudinem
3181 837 3427 909 imaginis

1842 923 2198 992 corruptibilis
2226 924 2474 990 hominis,
2505 934 2556 979 et
2582 924 2857 982 volucrum
2875 967 2891 995 ,
2918 935 2971 983 et
2996 926 3419 1001 quadrupedum,

1843 1021 1899 1069 et
1915 1016 2237 1085 serpentium
2253 1013 2426 1087 (Rom.
2456 1030 2495 1081 ι,
2522 1014 2584 1071 21
2615 1015 2787 1089 oqq.).

1842 1144 2071 1204 CAPUT
2106 1146 2248 1206 XIX.
2280 1178 2350 1191 —
2368 1147 2729 1207 Doctrinarum
2748 1169 2932 1225 genera
2950 1155 3052 1211 duo
3072 1166 3271 1230 reperta
3288 1160 3428 1232 apud

2499 1241 2761 1299 Ethnioos.

1913 1369 2004 1429 29.
2030 1369 2137 1427 Sed
2181 1380 2240 1428 ut
2268 1380 2435 1429 totum
2458 1374 2619 1431 istum
2665 1376 2863 1447 locum,
2894 1394 3016 1435 nam
3065 1390 3150 1438 est
3193 1382 3426 1445 maxime

1826 1464 2197 1537 necessarius,
2225 1464 2529 1538 diligentius
2562 1469 2922 1540 explicemus;
2950 1472 3057 1529 duo
3083 1485 3208 1531 sunt
3229 1467 3450 1549 genera,

1847 1557 2234 1626 doctrinarum,
2264 1574 2383 1630 qua:
2406 1559 2459 1615 in
2481 1561 2773 1631 gentilibus
2791 1564 2952 1621 etiam
2981 1566 3219 1622 moribus
3265 1583 3425 1628 exer-

1845 1657 2051 1705 centur.
2084 1648 2256 1706 Unum
2280 1664 2463 1706 earum
2494 1668 2671 1709 rerum
2696 1670 2829 1725 quas
2870 1654 3212 1715 instituerunt
3247 1658 3427 1720 homi-

1843 1757 1979 1807 nes;
2010 1740 2237 1799 altcrum
2292 1757 2473 1800 earum
2500 1760 2632 1816 quas
2659 1746 3147 1805 animadverterunt
3165 1750 3275 1822 jam
3304 1767 3428 1824 pero

1850 1842 1999 1887 actas
2025 1831 2380 1888 autdivinitus
2407 1834 2841 1903 institutas.llllud
2864 1838 3005 1910 quod
3030 1848 3113 1896 est
3136 1841 3429 1900 secundum

1848 1921 2207 1978 inStittttiones
2250 1922 2559 1995 hominum,
2605 1926 2799 1997 partim
2841 1930 3270 2001 superstitiosum
3320 1942 3422 2000 est,

1848 2014 2038 2085 partim
2074 2029 2179 2069 non
2205 2022 2312 2069 est.

1845 2102 2072 2162 CAPUT
2111 2103 2228 2160 ΧΧ.
2246 2134 2317 2146 ——
2339 2104 2573 2161 Scientia:
2596 2124 2720 2178 quas
2739 2108 2963 2167 homines
2984 2114 3304 2170 instituerunt
3329 2114 3427 2170 ali-

1900 2208 2014 2262 qua
2035 2196 2444 2263 superstitionum
2465 2195 2643 2267 pleme.
2669 2196 2871 2255 Catonis
2898 2203 3086 2258 dictum
3106 2205 3345 2276 lepidum.

1920 2282 2009 2339 30.
2048 2281 2490 2354 Snperstitiosum
2521 2297 2604 2343 est
2631 2289 2885 2362 quidquid
2936 2293 3230 2352 institutum
3256 2308 3339 2354 est
3360 2299 3429 2356 ab

1849 2377 2154 2433 hominibus
2178 2378 2245 2433 ad
2278 2379 2513 2436 facienda
2542 2391 2597 2436 et
2620 2383 2841 2441 colenda
2864 2386 2998 2441 idola
3032 2390 3429 2459 pertinens,vel

1848 2468 1916 2524 ad
1942 2469 2217 2526 colendam
2250 2470 2404 2527 sicuti
2426 2472 2588 2528 Deum
2641 2485 2937 2532 creaturam
2966 2490 3239 2551 partemve
3267 2482 3431 2538 ulla.

1848 2569 2147 2627 creaturae;
2187 2562 2272 2617 vel
2318 2565 2385 2617 ad
2433 2564 2847 2623 consultationes
2876 2578 2930 2625 et
2982 2579 3132 2641 pacta
3183 2573 3430 2645 quaedam

1853 2650 2297 2723 significationttm
2324 2668 2443 2709 cum
2490 2654 2821 2714 daemonibus
2852 2660 3041 2729 placita
3067 2670 3227 2735 atque
3255 2662 3427 2719 foede-

1849 2754 1983 2810 rata,
2040 2744 2215 2816 qualia
2259 2754 2384 2801 sunt
2408 2747 2678 2802 molimina
2723 2750 3045 2822 magicarum
3070 2754 3286 2821 artium,
3309 2771 3430 2826 qua:

1849 2835 2063 2907 quidem
2110 2851 2531 2893 commemorare
2578 2838 2755 2909 potius
2778 2854 2937 2911 quam
2961 2840 3155 2899 docere
3192 2844 3431 2901 assolent

1849 2938 2041 3001 poene.
2071 2927 2150 2983 Ex
2175 2943 2280 3000 quo
2307 2943 2499 3000 genere
2526 2940 2668 2997 sunt,
2699 2930 2792 2986 sed
2816 2934 2965 3003 quasi
2983 2933 3257 2992 licentiore
3279 2937 3431 2991 vani-

1852 3028 1978 3087 tate,
2010 3020 2311 3091 aruspicum
2336 3028 2390 3075 et
2414 3034 2669 3093 augurum
2698 3021 2838 3078 libri.
2869 3022 2951 3079 Ad
2976 3023 3079 3080 hoc
3112 3040 3279 3097 genus
3300 3041 3426 3098 per-

1852 3112 2018 3168 tinent
2035 3126 2222 3168 omnes
2249 3112 2405 3167 etiam
2434 3112 2671 3184 ligaturae
2700 3121 2858 3186 atque
2884 3115 3144 3184 remedia,
3170 3132 3291 3190 qua:
3308 3131 3426 3174 me-

1852 3202 2088 3259 dicorum
2134 3217 2343 3275 quoque
2371 3202 2646 3273 disciplina
2684 3204 3023 3271 condemnat.
3048 3206 3159 3262 sive
3187 3208 3240 3263 in
3284 3223 3426 3280 pra:-

1851 3292 2256 3360 cantationibus,
2284 3293 2400 3349 sive
2420 3293 2473 3348 in
2498 3294 2809 3365 quibusdam
2837 3297 2974 3352 notis
2999 3312 3132 3369 quos
3151 3298 3429 3356 characte-

1851 3400 1941 3442 res
1974 3393 2186 3452 vocant,
2230 3385 2342 3440 sive
2396 3384 2447 3441 in
2495 3385 2791 3459 quibusque
2836 3388 2995 3444 rebus
3042 3389 3429 3460 suspendendis

1850 3486 2008 3548 atqtte
2032 3475 2312 3548 illigandis,
2346 3476 2429 3533 vel
2471 3477 2631 3532 etiam
2681 3478 2928 3549 aptandis
2956 3480 2972 3511 ⁸
3003 3479 3423 3553 quodammodo,

1852 3584 1957 3624 non
2007 3567 2073 3622 ad
2124 3567 2559 3639 temperationem
2604 3582 2911 3640 corporum,
2960 3570 3051 3626 sed
3078 3570 3146 3626 ad
3171 3571 3429 3642 quasdam

1850 3660 2260 3733 significationes
2276 3669 2365 3715 ant
2380 3661 2635 3727 occultas,
2656 3672 2746 3716 aut
2761 3663 2918 3717 etiam
2943 3663 3253 3719 manifestas
3272 3681 3287 3729 ;
3306 3680 3429 3734 qua:

1848 3753 2058 3808 mitiore
2084 3751 2299 3806 nomine
2328 3750 2543 3822 physica
2564 3760 2774 3820 vocant,
2794 3761 2852 3807 ut
2875 3754 3023 3825 quasi
3047 3767 3150 3810 non
3172 3754 3428 3825 supersti-

1852 3846 1994 3901 tione
2018 3844 2309 3915 implicare,
2332 3843 2424 3899 sed
2448 3852 2633 3899 natura
2654 3844 2910 3916 prodesse
2930 3845 3207 3902 videantur
3234 3863 3248 3902 :
3288 3847 3429 3904 sicut

1850 3946 1975 3993 sunt
2026 3937 2238 3992 inaures
2282 3934 2334 3990 in
2383 3949 2595 3989 summo
2625 3934 2834 3991 aurium
2870 3936 3214 4007 singularum,
3240 3945 3332 3993 aut
3357 3937 3427 3994 de

1852 4028 2206 4085 struthionum
2246 4026 2459 4083 ossibus
2496 4029 2695 4084 ansula:
2743 4028 2795 4083 in
2845 4029 3042 4101 digitis,
3066 4040 3154 4085 aut
3181 4043 3302 4086 cum
3329 4030 3427 4089 tibi

1851 4120 2044 4177 dicitur
2069 4118 2413 4193 singultienti,
2442 4128 2499 4174 ut
2521 4119 2740 4175 dextera
2784 4135 2945 4175 manu
2970 4120 3246 4178 sinistrum
3269 4120 3429 4193 polii.

1850 4229 1968 4271 cem
2002 4222 2206 4269 teneas.

1922 4307 2012 4363 3f.
2038 4306 2128 4362 His
2150 4306 2506 4378 adjunguntur
2529 4306 2691 4363 millia
2728 4306 3152 4364 inanissimamm
3180 4307 3431 4364 observa-

1853 4400 2077 4463 tionum,
2099 4400 2145 4454 si
2172 4398 2472 4455 membrum
2496 4398 2710 4472 aliquod
2734 4400 2953 4463 salierit,
2986 4401 3030 4456 si
3055 4401 3277 4472 junctim
3303 4416 3424 4456 am-

1852 4491 2154 4547 bulantibus
2187 4490 2373 4547 amicis
2418 4490 2572 4562 lapis,
2600 4500 2691 4547 aut
2716 4493 2885 4560 canis,
2915 4501 3007 4547 aut
3049 4507 3182 4563 puer
3218 4492 3426 4550 medius

1855 4581 2197 4639 intervenerit
2228 4599 2241 4637 :
2273 4591 2429 4654 atque
2455 4582 2585 4638 illud
2628 4583 2770 4655 quod
2802 4582 3028 4654 lapidem
3058 4585 3283 4651 calcant,
3311 4593 3429 4642 tal-

1854 4688 2010 4747 quam
2060 4673 2439 4746 dircmptorem
2486 4675 2757 4743 atnicitize,
2810 4676 2986 4732 minus
3015 4676 3295 4733 molestum
3322 4688 3423 4746 est,

1854 4781 2010 4838 quam
2038 4767 2177 4839 qttod
2204 4768 2537 4824 innocentem
2591 4783 2810 4839 puerum
2852 4768 3076 4840 colapho
3104 4770 3425 4841 percutiunt,

1854 4859 1899 4914 si
1928 4858 2124 4929 pariter
2172 4859 2560 4914 ambulantibus
2616 4859 2936 4915 intercurrit.
2968 4859 3075 4917 Sed
3101 4861 3297 4917 bellum
3346 4869 3429 4916 est

1855 4950 1994 5021 quod
2047 4950 2329 5021 aliquando
2372 4951 2518 5021 pueri
2570 4950 2903 5008 vindicantur
2946 4969 2976 5008 a
3014 4953 3274 5009 canibus:
3303 4967 3425 5007 nam

1855 5042 2165 5115 plerumque
2204 5051 2309 5096 tam
2356 5042 2710 5113 superstitiosi
2751 5052 2876 5099 sunt
2917 5043 3151 5115 quidam,
3180 5051 3237 5098 ut
3264 5042 3426 5099 etiam

1856 5148 2041 5189 canem
2067 5134 2156 5206 qui
2204 5133 2408 5190 medius
2436 5135 2798 5203 intervenerit,
2828 5136 2987 5191 ferire
3018 5134 3267 5198 audeant.
3315 5149 3423 5190 non

1858 5225 2101 5297 impune;
2153 5240 2378 5296 namque
2414 5240 2442 5280 a
2464 5241 2601 5282 vano
2630 5227 2866 5283 remedio
2893 5227 2998 5280 cito
3035 5225 3125 5280 ille
3160 5225 3427 5283 interdum

1856 5331 2225 5389 percussorem
2272 5332 2427 5372 suum
2468 5315 2536 5372 ad
2582 5332 2766 5373 verum
2796 5315 3057 5371 medicum
3082 5314 3264 5371 mittit.
3293 5316 3429 5373 Hinc

1858 5420 1981 5467 sunt
2002 5411 2159 5466 etiam
2188 5410 2293 5473 illa,
2333 5411 2495 5467 limen
2518 5411 2723 5466 calcare
2743 5404 2861 5465 cum
2890 5418 3013 5465 ante
3031 5409 3248 5467 domum
3277 5426 3430 5467 suam

1858 5503 2080 5567 transit;
2109 5502 2283 5558 redire
2302 5503 2369 5558 ad
2393 5502 2607 5567 lectum,
2630 5501 2675 5556 si
2696 5501 2815 5573 quis
2839 5500 2965 5555 dum
2991 5516 3049 5558 se
3075 5501 3429 5560 calceatstcr-

1859 5594 2146 5659 notaverit;
2189 5594 2364 5650 redire
2407 5593 2644 5655 domum,
2696 5592 2743 5647 si
2794 5591 3083 5662 procedens
3110 5593 3428 5661 offenderit;

1859 5701 1977 5740 cum
2003 5684 2163 5740 vestis
2188 5700 2217 5737 a
2238 5683 2499 5739 soricibus
2527 5682 2754 5749 roditur,
2773 5683 2891 5754 plus
2915 5693 3142 5741 tremere
3171 5685 3430 5756 sttspicio-

1924 5866 1939 5897 ι
1956 5863 2155 5931 Codices
2175 5863 2292 5914 editi
2315 5870 2367 5931 et
2388 5870 2511 5927 Mss,
2537 5863 2771 5931 saltandis
2804 5864 3153 5931 quodammodo
3180 5880 3192 5915 :
3225 5874 3433 5931 experto

1859 5939 1957 5975 uno
1980 5927 2269 5986 ttenzigiano,
2294 5928 2431 5989 cujus
2460 5926 2741 5983 auctoritate
2763 5926 3079 5986 restitttitnus,
3101 5926 3334 5991 aptandis.
