3874 6320
407 287 480 345 85
1362 278 1451 336 DE
1492 275 1829 335 DOCTRINA
1862 272 2294 342 CllRlSTlANA,
2334 273 2391 331 S.
2431 273 2795 334 AUGUSTINI

408 401 685 459 hominum
705 413 825 455 cum
847 396 1153 453 hominibus
1170 395 1403 451 instituta
1424 403 1566 457 sunt,
1584 408 1931 462 qna-cumque
1947 392 1998 446 in

415 492 597 548 habitu
625 499 678 545 et
702 489 845 545 cultu
871 488 1111 557 corporis
1136 487 1199 540 ad
1231 502 1395 541 sexus
1430 484 1509 539 vel
1548 484 1777 538 honores
1802 483 2000 537 discer-

409 582 614 643 nendos
643 581 937 638 dill'erentia
967 579 1185 647 plut'ttil;
1218 587 1268 631 et
1296 576 1692 631 innumerabilia
1711 589 1904 645 genera
1926 574 1999 626 si-

409 675 805 751 gniﬁcationum
834 670 951 725 sine
979 669 1169 739 quibus
1198 668 1421 721 humana
1464 666 1712 730 societas,
1757 674 1847 719 aut
1894 680 1999 719 non

408 769 651 828 omnino.
676 775 765 822 aut
790 762 969 819 minus
991 761 1270 816 commodi-
1289 764 1518 831 geritur;
1545 775 1767 831 quzrquo
1789 760 1840 813 in
1870 775 2002 828 pon-

411 862 630 918 deribus
646 872 800 929 atque
818 860 1108 921 mensuris,
1125 862 1175 909 et
1206 868 1542 908 nummorum
1567 851 2001 921 impressionibus

410 955 498 1011 vel
532 952 992 1017 :estimationibus,
1019 964 1112 1007 sua
1137 948 1325 1015 cuique
1351 944 1546 999 civitati
1569 952 1623 997 et
1644 943 1839 1014 populo
1876 954 2002 997 sunt

411 1046 657 1116 propria;
686 1054 740 1097 et
763 1053 951 1096 ra-tcra
980 1036 1302 1107 hujnsmodi,
1326 1051 1444 1103 quze
1475 1034 1575 1088 nisi
1611 1033 1885 1088 hominum
1912 1034 1997 1089 iu-

410 1138 596 1191 stituta
619 1143 816 1195 essent,
849 1149 953 1186 non
987 1148 1079 1201 per
1103 1130 1341 1185 diversos
1373 1128 1593 1198 populos
1623 1127 1765 1181 varia
1795 1138 1995 1192 essent,

410 1243 511 1283 nec
538 1229 588 1282 in
619 1226 748 1298 ipsis
770 1223 990 1293 singulis
1018 1221 1222 1292 populis
1249 1236 1343 1292 pro
1365 1218 1585 1274 arbitrio
1610 1233 1829 1275 sum-um
1854 1220 1999 1288 prin-

406 1320 585 1394 cipum
611 1328 959 1375 mutarentur.

478 1412 568 1467 ιο.
609 1411 712 1466 Sed
764 1408 877 1464 hrcc
915 1417 1020 1463 tota
1068 1422 1194 1479 pars
1232 1405 1585 1461 humanorum
1616 1406 1993 1469 institutorum,

406 1520 525 1577 quze
553 1504 617 1558 ad
643 1518 794 1557 usum
812 1511 931 1557 vine
958 1500 1314 1556 necessarium
1343 1498 1643 1570 proﬁciunt.
1665 1514 1996 1568 ncqnaptam

406 1605 491 1651 est
518 1595 760 1664 fugienda
786 1594 1105 1656 christiano;
1139 1592 1248 1647 imo
1277 1592 1435 1645 etiam
1463 1601 1717 1663 quantum
1743 1591 1871 1645 satis
1893 1599 1995 1656 cst,

406 1686 681 1752 intuenda,
717 1687 1076 1754 memoriaque
1101 1683 1397 1738 retinenda.

405 1777 633 1836 CAPUT
673 1776 767 1833 XX
779 1777 858 1832 Vl.
881 1808 948 1817 —
977 1776 1103 1843 Qua:
1122 1776 1381 1831 hominum
1408 1774 1635 1831 instituta
1664 1774 1927 1847 fugienda,
1953 1784 1997 1830 et

892 1886 1006 1941 qua:
1022 1869 1368 1940 amplectenda
1388 1868 1507 1923 sint.

478 1966 803 2022 Adumbrata
833 1966 973 2019 enim
1004 1964 1243 2034 quaedam
1271 1973 1324 2017 ct
1349 1960 1676 2017 naturalibus
1713 1971 1997 2033 utcumque

407 2057 597 2114 similia
625 2056 900 2111 hominum
930 2055 1165 2109 instituta
1188 2064 1328 2108 sunt.
1351 2054 1585 2122 Quorum
1607 2068 1666 2107 ea
1684 2068 1803 2124 qum
1823 2050 1886 2105 ad
1908 2065 1999 2109 so-

406 2150 672 2212 cietatem,
706 2157 762 2203 ut
793 2147 991 2201 dictum
1018 2154 1118 2208 est,
1147 2147 1448 2199 dmmouum
1473 2145 1758 2215 pertinent,
1787 2145 1998 2212 penitus

406 2241 731 2314 repudianda
770 2248 893 2295 sunt
918 2248 967 2293 et
994 2237 1301 2293 detestanda
1326 2254 1340 2291 :
1363 2252 1423 2292 ea
1456 2252 1582 2291 vero
1607 2251 1726 2305 qua:
1753 2235 1999 2289 honines

407 2349 526 2389 cum
558 2330 862 2386 hominibus
894 2330 1108 2387 habent.
1142 2327 1479 2390 assumenda,
1524 2326 1574 2380 in
1598 2334 1850 2395 quantum
1891 2340 1995 2380 non

408 2432 533 2481 sunt
556 2424 821 2479 luxuriosa
848 2431 1006 2487 atque
1044 2417 1274 2489 superﬂn
1296 2434 1340 2484 ι;
1371 2428 1424 2472 et
1445 2417 1672 2473 maxime
1697 2416 1994 2472 litterarum

407 2517 614 2587 ligone,
638 2515 755 2569 sine
778 2512 966 2583 quibus
995 2511 1170 2580 legere
1200 2525 1305 2564 non
1333 2524 1635 2581 possumus.
1675 2508 1998 2576 linguarum-

407 2622 511 2678 que
532 2606 759 2660 varietas
785 2614 1038 2674 quantum
1058 2602 1185 2655 satis
1202 2609 1300 2664 est,
1329 2602 1396 2654 de
1418 2614 1519 2671 qua
1546 2600 1791 2670 superius
1810 2601 1995 2668 dispu-

409 2699 653 2753 tavimus.
689 2695 766 2750 Ex
802 2710 867 2749 eo
892 2708 1085 2765 genere
1113 2701 1238 2747 sunt
1261 2692 1419 2746 etiam
1448 2700 1609 2756 notm,
1636 2706 1769 2760 quas
1792 2692 1879 2761 qui
1909 2690 1995 2747 di-

408 2790 647 2845 dlCL‘l'lllll
682 2788 891 2858 proprie
926 2787 1035 2857 jam
1068 2785 1255 2839 notarii
1295 2785 1646 2853 appellantur.
1681 2783 1834 2838 litilia
1872 2794 1998 2838 sttnt

405 2884 527 2946 ista,
552 2898 648 2937 nec
664 2882 937 2936 discuntur
954 2879 1155 2942 illicite,
1179 2892 1277 2933 nec
1302 2876 1678 2947 superstitione
1704 2876 1993 2946 implicant.

408 2992 509 3031 nec
534 2976 663 3029 lusu
694 2982 967 3034 enervant.
1002 2972 1046 3027 si
1075 2982 1276 3026 tantum
1312 2979 1593 3039 occupent,
1627 2980 1678 3025 ut
1710 2970 1997 3040 majoribus

408 3067 590 3131 rebus,
618 3065 681 3119 ad
711 3079 843 3136 quas
880 3062 1247 3133 adipiscendas
1276 3063 1477 3117 servire
1504 3062 1720 3127 debent,
1757 3079 1860 3117 non
1890 3062 1999 3117 sint

409 3158 809 3229 impedimento.

409 3250 636 3309 CAPUT
676 3248 885 3304 XXVII.
919 3277 988 3288 —
1016 3246 1354 3302 Scientiarum
1382 3263 1509 3314 quas
1534 3245 1759 3301 homines
1793 3262 1892 3300 non
1919 3247 1999 3301 iu-

477 3344 763 3409 stituerunt,
809 3339 993 3410 aliqua!
1022 3340 1203 3411 juvant
1241 3340 1309 3392 ad
1348 3336 1730 3409 intelligentiam
1759 3336 1997 3407 Scriptu-

480 3450 653 3488 rarum
662 3472 673 3484 .

483 3525 574 3580 41.
613 3524 861 3579 Jamvero
910 3521 995 3577 illa
1044 3535 1164 3594 qua:
1215 3534 1321 3575 non
1365 3519 1716 3581 instituendo,
1767 3520 1860 3575 sed
1908 3531 1999 3577 aut

410 3624 677 3672 transacta
709 3613 1056 3685 temporibus,
1093 3623 1183 3667 aut
1211 3612 1463 3667 divinitus
1489 3611 1747 3677 instituta.
1780 3613 1999 3670 investi-

410 3710 588 3781 gando
635 3709 878 3763 homines
927 3706 1301 3778 prodiderunt,
1350 3706 1665 3776 ubicumque
1704 3706 1998 3775 discantur,

411 3818 519 3857 non
548 3810 670 3855 sunt
695 3799 966 3854 hominum
997 3800 1231 3854 instituta
1258 3797 1625 3853 existimanda.
1644 3799 1876 3868 Quorum
1898 3799 1998 3853 alia

411 3902 535 3947 sunt
562 3890 627 3944 ad
654 3904 868 3945 sensum
896 3890 1156 3959 corporis,
1185 3890 1285 3943 alia
1314 3906 1440 3943 vero
1462 3890 1525 3942 ad
1552 3892 1805 3944 rationem
1836 3890 1998 3945 animi

412 3985 753 4058 pertinentia.
798 3984 901 4040 Sed
935 3984 1019 4038 illa
1048 3999 1166 4054 qua:
1190 3997 1350 4037 sensu
1378 3984 1613 4053 corporis
1651 3984 1997 4051 attinguntur,

413 4079 501 4134 vel
541 4086 748 4133 narrata
776 4076 1062 4141 credimus,
1107 4074 1188 4130 vel
1216 4074 1576 4128 demonstrata
1606 4074 1882 4139 sentimus,
1917 4074 1999 4129 vel

415 4183 631 4246 esperta
660 4172 995 4240 conjicimus.

556 4264 784 4322 CAPUT
826 4260 1150 4318 XXVllI.—
1178 4259 1405 4314 Historia
1431 4268 1677 4330 quatenus
1694 4260 1858 4330 juvet.

486 4359 575 4415 ιε.
615 4358 876 4427 Quidquid
900 4357 1057 4427 igitur
1076 4355 1143 4409 de
1166 4352 1353 4408 ordine
1379 4362 1676 4421 temporum
1706 4362 2000 4407 transacto-

416 4468 535 4510 rum
564 4451 758 4506 iudicat
786 4465 845 4503 ea
876 4466 993 4519 «pta»,
1024 4446 1319 4518 appellatur
1343 4446 1580 4507 historia,
1602 4445 1883 4514 plurinmm
1906 4460 2003 4500 nos

415 4545 630 4614 adjuvat
657 4542 721 4596 ad
760 4553 966 4598 sanctos
1000 4540 1188 4596 Libros
1208 4539 1607 4602 intelligendos,
1633 4537 1838 4593 etiamsi
1863 4553 2003 4608 prm-

417 4645 503 4691 ter
530 4634 817 4689 Ecclesiam
848 4632 1032 4701 puerili
1059 4631 1356 4688 eruditione
1378 4630 1628 4685 discatur.
1665 4630 1794 4685 Nam
1822 4638 1875 4685 et
1910 4647 2004 4700 per

416 4726 787 4798 Olympiadas,
830 4735 879 4779 et
932 4740 1024 4794 per
1062 4723 1349 4779 (lonsulum
1396 4724 1606 4776 nomina
1654 4724 1817 4778 multa
1861 4739 2004 4793 stepe

416 4831 728 4894 qumruntur
748 4836 775 4872 a
806 4818 988 4882 nobis;
1019 4829 1072 4873 et
1097 4816 1387 4886 ignorantia
1409 4816 1737 4885 consulatus,
1768 4833 1873 4889 quo
1902 4834 2003 4873 na-

417 4921 502 4969 tus
529 4922 610 4970 est
641 4910 913 4974 Dominus,
947 4919 1001 4965 et
1040 4925 1146 4980 quo
1169 4924 1355 4979 passus
1381 4918 1485 4972 e-t,
1514 4909 1797 4966 nonnullos
1832 4910 2006 4979 coegit

417 5022 620 5073 errare,
667 4992 724 5061 ut
764 5014 1008 5075 putarent
1048 5003 1391 5075 quadraginta
1424 5018 1519 5059 se!
1559 5020 1819 5061 annorum
1847 5015 2005 5063 aetate

417 5114 634 5173 passum
659 5114 779 5153 csse
802 5096 1104 5159 Dominttm,
1134 5095 1252 5166 quia
1278 5110 1371 5165 per
1391 5106 1467 5149 tot
1488 5110 1659 5152 annos
1685 5096 2002 5153 a-dilicatum

420 5192 672 5261 templum
705 5204 824 5244 esse
863 5188 1060 5242 dictum
1098 5196 1180 5240 est
1211 5202 1239 5238 a
1273 5184 1491 5249 ludatis.
1532 5186 1672 5258 quod
1719 5186 2002 5256 imaginem

424 5264 679 5351 Dominici
706 5281 948 5351 corporis
974 5279 1218 5334 habebat.
1252 5275 1318 5333 Et
1353 5292 1611 5333 annorum
1637 5279 1848 5349 quidem
1894 5278 2005 5335 fere

422 5374 631 5441 triginta
661 5374 979 5443 baptizatum
1007 5387 1127 5427 esse
1155 5372 1447 5427 retinemus
1482 5372 1795 5427 auctoritate
1836 5387 2004 5429 evan-

424 5466 587 5535 gelica
618 5464 767 5534 (an.
792 5480 866 5523 tu.
884 5462 1009 5530 25):
1036 5462 1127 5517 sed
1157 5472 1337 5532 [malea
1354 5472 1483 5531 quot
1501 5476 1669 5516 annos
1693 5461 1744 5516 in
1774 5461 1872 5517 hac
1896 5463 2002 5519 vita

424 5559 614 5628 rgcrit,
646 5570 941 5625 «ptanqnam
980 5564 1131 5609 textu
1168 5554 1282 5623 ipso
1316 5554 1584 5608 actionum
1615 5553 1732 5623 ejus
1758 5555 2002 5611 animad-

428 5652 559 5704 verti
586 5647 776 5718 pus.~it;
801 5659 969 5701 tamen
999 5664 1062 5702 nc
1083 5647 1296 5701 aliunde
1316 5648 1487 5717 caligo
1505 5648 1845 5704 dubitationis
1864 5651 2005 5706 otia.

426 5750 531 5806 tur,
563 5741 629 5798 de
661 5740 875 5795 historia
904 5740 1139 5811 gentium
1165 5740 1355 5797 collata
1371 5756 1492 5797 cum
1515 5740 1823 5817 Evangelio,
1843 5743 2000 5818 liqui-

2109 390 2229 445 dius
2254 393 2555 464 certiusque
2582 394 2867 465 colligitur.
2904 397 3055 455 Tunc
3097 398 3240 457 enim
3278 401 3543 461 videbitur
3582 423 3721 466 non

2110 482 2301 538 frustra
2332 501 2451 539 esse
2475 486 2695 549 dictum,
2722 488 2863 559 quod
2889 491 3233 561 quadraginta
3254 508 3347 550 sex
3374 497 3530 554 annis
3555 509 3722 556 tem-

2110 577 2253 647 plum
2277 578 2594 636 a-diiicatum
2622 581 2711 644 sit.
2749 591 2805 635 ut
2829 598 2949 637 cum
2980 583 3163 639 referri
3204 586 3303 642 iste
3344 605 3594 645 numorm
3621 592 3710 647 ad

2108 678 2317 724 temtem
2344 668 2552 725 Domini
2582 687 2684 726 non
2708 673 2955 742 potuerit.
2997 674 3063 730 ad
3102 678 3445 735 secretiorem
3485 681 3715 738 instrn-

2106 760 2337 815 ctionem
2369 761 2584 817 humani
2605 766 2842 834 corporis
2865 765 3142 835 referatur,
3167 786 3274 840 quo
3304 772 3445 825 indui
3473 786 3715 843 propter

2108 871 2207 912 nos
2235 872 2335 910 non
2361 856 2677 929 dedignatus
2707 866 2789 915 est
2832 859 3017 917 unicus
3057 862 3149 918 Dei
3189 861 3373 931 Filius,
3408 881 3503 938 per
3526 882 3704 939 quem

2107 946 2242 1004 facta
2272 959 2396 1004 sunt
2424 952 2620 1006 omnia.

2176 1043 2267 1099 43.
2310 1043 2383 1098 De
2404 1043 2628 1099 utilitate
2658 1053 2834 1099 autem
2865 1045 3115 1110 historias.
3164 1055 3222 1102 ιιι
3256 1048 3497 1105 omittam
3534 1049 3709 1107 Gne-

2105 1149 2219 1203 cos,
2249 1147 2497 1206 qttantam
2545 1148 2725 1191 noster
2769 1138 3080 1195 Ambrosius
3113 1141 3460 1211 qutesuonem
3508 1143 3708 1211 solvit,

2106 1226 2553 1284 calumniantibus
2597 1228 2831 1285 Platonis
2882 1222 3167 1289 lectoribus
3207 1244 3263 1290 et
3308 1235 3708 1304 dilectoribus;

2104 1317 2196 1389 qui
2222 1317 2399 1375 dicere
2424 1321 2535 1375 ausi
2566 1331 2685 1377 sunt
2719 1338 2907 1378 omnes
2926 1324 3134 1381 Domini
3152 1329 3317 1383 nostri
3339 1327 3465 1386 Jesu
3484 1327 3704 1387 Christi

2105 1412 2414 1476 sententias,
2434 1428 2562 1481 quas
2580 1412 2758 1468 mirari
2776 1424 2829 1469 et
2845 1415 3134 1485 praedicari-
3156 1428 3436 1489 coguntur,
3458 1420 3525 1475 de
3560 1421 3712 1477 Pla-

2108 1502 2245 1554 tonis
2276 1502 2418 1555 libris
2448 1519 2567 1557 cum
2599 1504 2869 1570 didicisse,
2886 1508 3135 1577 quoniam
3162 1508 3319 1577 longe
3346 1519 3469 1565 ante
3496 1510 3706 1567 huma—

2106 1609 2232 1647 nunt
2275 1593 2558 1649 adventum
2604 1596 2810 1651 Domini
2858 1598 3126 1653 Platonem
3159 1599 3344 1664 fuisse,
3372 1603 3550 1673 negari
3580 1618 3705 1661 non

2106 1687 2307 1753 potest!
2333 1685 2517 1741 Nonne
2552 1697 2877 1743 memoratus
2908 1691 3210 1761 episcopus,
3232 1692 3563 1749 c0usiderata
3603 1694 3703 1750 hi-

2103 1776 2265 1830 storia
2282 1777 2541 1847 gentium,
2560 1794 2681 1833 cum
2698 1778 2981 1848 reperisset
3002 1779 3274 1836 Platonem
3294 1780 3538 1839 Jeremia:
3561 1794 3707 1841 temo

2104 1870 2321 1940 poribus
2348 1870 2640 1940 proiectum
2669 1870 2832 1927 fuisse
2870 1871 2922 1926 in
2964 1870 3272 1945 Egyptutn,
3304 1874 3391 1929 ubi
3432 1876 3702 1947 propheta

2104 1959 2193 2015 ille
2223 1969 2347 2015 tunc
2377 1971 2487 2016 erat
2521 1962 2617 2030 (α),
2639 1962 2962 2032 probabilius
2976 1978 3095 2020 esse
3114 1964 3347 2020 ostendit
3370 1966 3511 2037 quod
3539 1967 3705 2026 Plato

2104 2054 2280 2122 potius
2312 2054 2506 2107 nostris
2543 2052 2755 2108 Litteris
2792 2069 2887 2125 per
2914 2053 3199 2110 Jeremiam
3243 2054 3399 2112 fuerit
3431 2058 3698 2128 imbutus,

2105 2156 2157 2197 ut
2191 2144 2276 2199 illa
2306 2153 2482 2212 posset
2507 2145 2703 2201 docere
2724 2146 2808 2201 vel
2833 2144 3065 2202 scribi-re
3093 2162 3212 2218 quae
3224 2147 3344 2218 jure
3374 2149 3699 2207 laudantur!

2106 2234 2242 2288 Ante
2274 2233 2497 2288 Litteras
2522 2236 2661 2289 cnim
2705 2236 2876 2305 gentis
2916 2236 3282 2305 llebrmorum,
3313 2238 3368 2294 in
3397 2255 3499 2310 qua
3530 2240 3700 2298 unius

2104 2324 2198 2378 Dei
2224 2324 2398 2378 cultus
2412 2325 2644 2391 emicuit,
2670 2341 2732 2380 ex
2759 2341 2863 2397 qua
2879 2326 3167 2382 secundum
3187 2344 3402 2383 carnem
3425 2328 3567 2385 venit
3588 2329 3702 2386 Do-

2104 2415 2281 2471 minus
2311 2425 2507 2480 noster,
2539 2431 2637 2471 nec
2665 2418 2776 2487 ipse
2803 2417 3015 2488 quidem
3046 2418 3371 2492 Pythagoras
3397 2418 3515 2486 luit,
3536 2437 3569 2477 ει
3597 2437 3701 2478 cu-

2097 2506 2189 2577 jus
2215 2506 2438 2576 posteris
2475 2506 2748 2562 Platonem
2788 2507 3103 2579 theologiam
3134 2509 3385 2567 didicisse
3423 2510 3507 2569 isti
3537 2526 3698 2570 asse-

2104 2608 2249 2654 runt.
2292 2597 2362 2651 Ita
2394 2597 2744 2653 consideratis
2788 2600 3112 2670 temporibus
3150 2602 3210 2656 lit
3252 2603 3421 2658 multo
3453 2602 3699 2660 credibi-

2104 2688 2206 2745 lius
2232 2689 2361 2744 istos
2392 2689 2565 2758 potius
2588 2689 2654 2743 de
2677 2688 2893 2745 Litteris
2921 2692 3117 2747 nostris
3146 2692 3395 2751 habuisse
3418 2709 3703 2766 quaecum-

2102 2796 2205 2853 qui-
2232 2782 2364 2834 bona
2387 2788 2441 2834 et
2461 2795 2582 2835 vera
2600 2780 2867 2844 dixerunt,
2893 2782 3132 2852 quamde
3150 2778 3386 2840 Platonis
3408 2785 3700 2843 Dominum

2102 2870 2284 2928 Jt-sum
2305 2871 2597 2933 Christum,
2619 2872 2759 2941 quod
2784 2871 3240 2930 dementissimum
3265 2886 3345 2932 est
3371 2876 3621 2933 credere.

2174 2964 2263 3020 ιι.
2282 2962 2593 3019 Narratione
2610 2974 2784 3019 autem
2814 2963 3064 3022 historica
3093 2982 3214 3022 cum
3243 2969 3503 3039 prteterita
3526 2970 3697 3028 etiam

2104 3056 2376 3111 hominum
2408 3056 2646 3113 instituta
2677 3065 2978 3125 narrantur,
3012 3075 3115 3113 non
3163 3060 3300 3116 inter
3347 3060 3573 3117 humana
3611 3064 3699 3121 in-

2107 3152 2291 3204 stituta
2311 3149 2420 3219 ipsa
2441 3148 2659 3205 historia
2677 3150 2999 3206 numeranda
3018 3162 3118 3217 est;
3134 3154 3253 3223 quia
3264 3153 3372 3223 jam
3387 3168 3506 3225 quae
3517 3164 3701 3213 trans-

2104 3240 2301 3307 ierunt,
2342 3258 2439 3297 nec
2479 3242 2667 3299 intecta
2697 3242 2805 3297 lieri
2835 3252 3070 3313 possunt.
3102 3243 3153 3299 in
3183 3245 3370 3300 ordine
3388 3256 3697 3317 temporum

2104 3332 2346 3389 habenda
2388 3344 2532 3400 sunt,
2562 3348 2785 3405 quorum
2822 3344 2904 3390 est
2942 3333 3186 3390 conditor
3212 3347 3265 3392 et
3290 3337 3699 3396 administrator

2107 3425 2269 3483 Deus.
2302 3425 2457 3481 Aliud
2491 3436 2574 3481 est
2601 3426 2741 3481 cnim
2783 3423 2920 3481 facta
2951 3441 3187 3495 narrare,
3216 3429 3355 3485 aliud
3383 3430 3577 3487 docere
3613 3431 3697 3487 l'a-

2105 3516 2313 3573 cienda.
2357 3516 2583 3573 Historia
2622 3516 2759 3573 facta
2800 3530 2977 3573 narrat
3005 3519 3231 3575 ﬁdeliter
3254 3531 3412 3591 atque
3452 3523 3697 3589 utiliter;

2108 3610 2225 3666 libri
2254 3618 2431 3665 autem
2456 3610 2779 3681 aruspicum.
2806 3620 2859 3665 et
2888 3626 3113 3681 qumque
3146 3611 3350 3668 similes
3374 3613 3583 3682 litterze,
3621 3615 3699 3671 ilo

2106 3702 2294 3759 cienda
2311 3704 2390 3759 vel
2412 3702 2741 3758 observanda
2765 3702 3042 3759 intendunt
3063 3703 3278 3771 docere,
3302 3705 3584 3764 monitoris
3599 3723 3699 3765 au-

2106 3796 2278 3861 dacia,
2302 3812 2405 3851 non
2437 3795 2624 3852 indicis
2649 3797 2666 3829 ί
2701 3796 2826 3852 lide.

2106 3888 2333 3946 CAPUT
2371 3888 2737 3945 ΧΧΙΧη-Αά
2761 3889 3143 3962 Scripturarum
3163 3890 3700 3964 intelligentiamaua-

2178 3992 2320 4036 tenus
2335 3980 2581 4036 conducat
2596 3982 2911 4049 animalium,
2935 3980 3221 4051 herbarum,
3250 3992 3369 4050 ctc.,
3387 3988 3700 4057 prmertim-

2176 4090 2272 4144 que
2292 4072 2510 4129 siderum
2536 4074 2771 4146 cognitio.

2177 4168 2267 4223 45.
2312 4168 2399 4223 list
2428 4168 2588 4222 etiam
2612 4166 2842 4223 narratio
2864 4166 3301 4249 demonstrationi
3331 4169 3543 4235 similis,
3584 4185 3694 4242 qua

2108 4274 2213 4315 non
2261 4260 2545 4329 praeterita,
2590 4258 2685 4315 sed
2730 4262 3006 4329 praesentia
3052 4260 3352 4318 indicantur
3387 4264 3606 4335 ignaris.
3636 4260 3696 4322 lu

2107 4365 2214 4421 quo
2238 4364 2434 4420 genere
2450 4358 2572 4405 sunt
2596 4366 2943 4421 quaecumque
2963 4353 3028 4408 de
3044 4351 3283 4411 locorum
3310 4354 3435 4421 situ,
3460 4354 3696 4412 naturis-

2106 4458 2212 4515 que
2238 4443 2563 4508 animalium,
2599 4443 2879 4515 lignorum,
2918 4444 3222 4509 herbarum.
3255 4448 3512 4518 lapidum,
3556 4450 3694 4507 alio-

2109 4549 2297 4589 rumve
2325 4548 2606 4605 Corporum
2655 4535 2849 4606 scripta
2876 4547 3018 4592 sunt.
3063 4537 3137 4593 De
3173 4554 3278 4610 quo
3304 4554 3501 4609 genere
3533 4554 3694 4613 supe-

2108 4628 2220 4682 rius
2242 4626 2464 4695 egimus,
2482 4641 2704 4699 eamque
2731 4628 3087 4699 cognitionem
3117 4632 3291 4687 \alere
3313 4631 3379 4687 ad
3409 4633 3694 4705 a-nigmata

2108 4718 2499 4790 Scriptumrum
2525 4719 2773 4776 solvenda
2802 4721 3113 4778 docuimus:
3136 4739 3243 4779 nt‘n
3268 4734 3321 4779 ut
3348 4741 3443 4795 pro
3471 4726 3694 4796 quibus-

2107 4810 2231 4867 dam
2251 4812 2415 4883 signis
2442 4811 2815 4880 adhibeantur,
2847 4823 3094 4885 tauquam
3122 4815 3188 4870 ad
3214 4816 3445 4871 remedia
3473 4817 3555 4874 Vel
3578 4832 3692 4874 mae

2109 4906 2445 4963 cbinameuta
2471 4907 2863 4976 superstitionis
2904 4907 3158 4979 alicujus;
3206 4925 3324 4963 nam
3355 4918 3408 4967 et
3439 4910 3564 4965 illud
3594 4925 3692 4982 ge-

2109 5014 2209 5054 nus
2229 4998 2335 5068 jam
2354 4998 2660 5054 distinctum
2676 4999 2742 5054 ab
2765 5000 2862 5055 hoc
2880 4999 3025 5056 licito
3043 5011 3096 5057 et
3120 4999 3291 5056 libero
3308 5002 3691 5074 separavimus.

2111 5091 2265 5147 Aliud
2290 5101 2371 5146 est
2397 5091 2537 5145 enim
2560 5090 2756 5155 dicere,
2788 5090 2989 5147 Tritam
3029 5092 3183 5146 istam
3216 5092 3433 5148 herbam
3463 5093 3507 5148 si
3540 5094 3690 5148 bibe«

2110 5185 2202 5249 ris,
2233 5193 2417 5241 venter
2431 5200 2535 5240 nou
2561 5184 2788 5249 dolebit;
2817 5194 2871 5240 et
2894 5184 3035 5241 aliud
3060 5196 3141 5241 est
3169 5185 3367 5254 dicere,
3389 5185 3545 5243 Istam
3570 5189 3692 5243 her-

2109 5278 2229 5334 bam
2258 5279 2396 5334 cullo
2423 5278 2467 5333 si
2494 5279 2853 5350 suspendet-is,
2875 5288 3064 5335 venter
3092 5296 3196 5334 non
3227 5279 3443 5336 dolebit.
3466 5281 3690 5336 lbieuim

2110 5372 2362 5442 probatur
2388 5373 2808 5443 contemperatio
2846 5372 3095 5437 Salubris,
3127 5371 3214 5429 hic
3253 5375 3568 5445 signiﬁcatio
3596 5390 3689 5430 su-

2110 5465 2410 5537 perstitiosa
2436 5465 2735 5521 damnatur.
2764 5466 3075 5538 Quanquam
3108 5465 3196 5522 ubi
3227 5468 3683 5539 pnecantationes,

2173 5629 2354 5703 pediti,
2368 5626 2570 5693 Iudicis.
2608 5633 2742 5679 Patet
2760 5625 3149 5691 legendumant:
3182 5626 3399 5681 melioris
3420 5635 3689 5687 notans”

2107 5691 2300 5748 inditis.
2371 5691 2381 5693 ἡ

2172 5754 2246 5820 (α)
2269 5760 2303 5805 ιι
2330 5758 2531 5805 Betract.
2557 5764 2663 5818 cap.
2685 5749 2734 5813 4,
2759 5764 2809 5803 ιι.
2834 5750 2883 5803 2.
