3874 6344
135 348 187 410 ιτ
1402 335 1607 396 LIBER
1642 334 2018 397 secessus.
3307 337 3385 398 ss

135 474 176 524 et
206 457 580 523 invocationes,
608 465 661 515 et
684 456 1018 514 characteres
1043 468 1154 513 non
1178 460 1326 522 sunt,
1368 453 1681 527 plerumque

134 557 309 614 dubium
322 563 402 609 est
418 562 606 607 utrum
624 565 711 605 res
728 564 846 621 quae
872 547 1140 617 alligatur,
1166 554 1258 601 aut
1284 560 1500 617 quoquo
1520 544 1680 601 modo

134 648 391 718 adguogitur
412 642 664 699 sanando
685 640 917 714 corpori.
940 656 989 696 vt
1012 650 1215 695 natura:
1233 638 1426 706 valeat,
1454 637 1593 717 quod
1617 637 1681 693 li-

135 744 231 799 bere
248 740 604 795 adhibendum
632 745 733 797 est.
762 752 829 792 an
859 734 1201 808 sigttiﬂcativa
1218 732 1446 806 quadam
1472 732 1677 803 obliga-

135 838 243 892 tione
263 832 556 904 proveniat,
587 830 725 902 quod
755 838 905 885 tanto
924 828 1237 899 prudentius
1256 835 1466 897 oportet
1486 840 1678 881 cavere

133 928 452 992 christianum,
479 936 685 999 quanto
702 923 969 981 efﬁcacius
989 923 1244 994 prodesse
1270 920 1549 977 videbitur.
1571 918 1678 975 Sed

134 1022 200 1077 ubi
222 1022 333 1077 latet
357 1033 461 1092 qua
489 1032 653 1075 causa
680 1016 805 1089 quid
842 1015 1038 1082 valeat,
1078 1028 1186 1084 quo
1234 1013 1415 1069 animo
1452 1013 1679 1084 quisque

138 1124 271 1169 utor
294 1113 538 1173 interest,
569 1109 825 1165 duntavat
848 1108 900 1163 in
929 1104 1182 1163 sanandis
1205 1105 1288 1161 vel
1312 1101 1680 1173 temperandis

134 1205 415 1277 corporibus,
440 1204 564 1259 sive
582 1202 634 1259 in
655 1200 935 1265 medii-ina,
962 1199 1075 1256 sive
1093 1199 1144 1254 in
1165 1197 1506 1269 agricultura.

183 1299 253 1356 ιθ.
284 1298 529 1354 Siderum
558 1305 738 1352 autem
765 1292 1259 1366 cognoscendorum
1282 1305 1388 1347 non
1418 1290 1675 1357 narratio,

134 1390 204 1446 πά
238 1387 615 1444 demonstratio
657 1395 763 1452 est,
801 1399 1028 1457 quorum
1077 1396 1341 1454 perpauca
1397 1380 1678 1451 Scriptura

134 1487 486 1539 commorat.
519 1478 674 1535 Sicut
712 1487 891 1533 autem
931 1473 1174 1547 plurimis
1212 1483 1370 1529 notus
1412 1482 1497 1528 est
1539 1472 1678 1527 lunze

136 1589 294 1633 nimis.
322 1572 409 1643 qui
447 1570 617 1627 etiam
652 1568 723 1625 ad
752 1568 1051 1640 passionem
1080 1563 1289 1622 Domini
1315 1564 1679 1621 anniversario

134 1663 451 1721 celebrandam
468 1660 786 1719 solemniter
799 1659 1110 1725 adhibetur;
1128 1658 1206 1714 sic
1223 1655 1556 1729 paucissimis
1573 1670 1678 1712 caa-

134 1769 319 1813 trmrum
356 1772 576 1829 quoque
614 1754 852 1811 siderum
885 1752 967 1808 vel
998 1762 1168 1818 ortus,
1204 1750 1287 1808 vel
1316 1763 1561 1815 occasus,
1591 1748 1677 1805 vel

134 1849 209 1903 alia
219 1848 448 1919 quaelibet
464 1853 741 1901 momenta
762 1843 880 1899 sine
900 1842 1009 1899 ullo
1031 1852 1153 1898 sunt
1176 1857 1361 1898 errore
1377 1839 1675 1896 notissima.

134 1940 234 2008 Qu:
267 1955 356 2010 per
394 1938 632 2011 seime
681 1936 931 2006 cognitio.
964 1949 1268 2008 quanquam
1299 1932 1679 2004 superstitione

136 2049 216 2089 non
231 2032 409 2105 alliget,
434 2045 544 2088 non
572 2030 797 2087 multum
830 2037 1007 2084 lttlllell
1033 2044 1096 2083 ac
1119 2042 1284 2099 prope
1308 2026 1435 2082 nihil
1463 2025 1680 2095 adjuvat

136 2128 447 2183 mutationem
478 2124 787 2179 divinarum
811 2121 1227 2193 Scripturarnnt,
1269 2127 1324 2174 et
1352 2118 1679 2175 infructuosa

135 2218 377 2275 intentione
403 2217 524 2290 plus
557 2214 815 2289 impedit;
837 2224 892 2271 et
925 2216 1049 2286 quia
1076 2212 1349 2270 familiaris
1386 2221 1468 2269 est
1499 2210 1679 2284 perni-

134 2312 382 2370 ciosissimo
411 2310 593 2368 errori
635 2309 778 2365 fatua
814 2309 919 2363 fata
957 2307 1305 2371 cantantium,
1344 2305 1681 2362 commodius

137 2402 875 2477 honestiusquecontemnitor.
920 2399 1089 2457 Habet
1129 2410 1307 2456 autem
1352 2408 1545 2470 pmter
1584 2396 1679 2455 de-

135 2498 520 2554 monstrationem
560 2493 926 2567 przesentium,
948 2493 1108 2549 etiam
1139 2491 1525 2563 praeteritorum
1552 2506 1678 2548 nar-

136 2591 283 2648 rationi
305 2592 470 2648 simile
498 2587 732 2661 aliquid.
762 2586 903 2659 quod
925 2602 957 2643 a
979 2585 1224 2657 pnesenti
1255 2583 1538 2655 positione.
1565 2598 1681 2641 mo-

136 2692 262 2753 toque
280 2683 528 2744 siderum,
565 2691 621 2737 et
642 2680 695 2736 in
720 2679 984 2749 praeterita
1011 2693 1198 2753 eorum
1218 2676 1436 2749 vestigia
1464 2676 1679 2749 regula.

136 2774 236 2831 riter
254 2776 360 2832 licet
383 2788 690 2832 recurrere.
720 2771 893 2829 Habet
907 2770 1065 2828 etiam
1083 2771 1377 2826 futurorum
1408 2769 1681 2839 regulares

136 2868 437 2939 conjecturas,
468 2880 588 2925 non
612 2864 935 2936 suspiciosus
955 2871 1007 2919 et
1035 2862 1325 2927 ominosas,
1346 2860 1441 2919 sed
1469 2870 1611 2917 ratas
1625 2869 1680 2917 et

136 2969 295 3027 certas;
330 2975 430 3018 nan
454 2968 514 3016 ut
539 2974 615 3017 ex
640 2958 723 3015 eis
744 2955 941 3030 aliquid
973 2955 1185 3013 trahere
1214 2955 1266 3011 in
1295 2964 1475 3011 ucstra
1502 2954 1640 3011 facta
1659 2955 1676 2987 ¹

137 3064 343 3113 detenta
357 3064 648 3119 tetttetnus,
671 3052 846 3123 qualia
861 3048 1315 3121 genethliacornm
1331 3047 1677 3105 deliramenta

137 3156 249 3211 sunt.
272 3147 354 3205 sed
379 3158 647 3221 quanutm
666 3144 733 3201 ad
754 3145 868 3218 ipsa
900 3143 1130 3215 pertinet
1158 3140 1353 3198 sidera.
1384 3138 1517 3198 Nam
1543 3141 1681 3197 sicut

136 3238 265 3312 ιιιιυὶ
286 3250 556 3313 computat.
589 3240 789 3303 lunam,
830 3251 953 3294 cum
995 3234 1157 3293 hodie
1192 3235 1484 3307 inspexnrit
1520 3246 1680 3305 quota

137 3332 205 3395 sit.
225 3340 271 3386 et
292 3341 406 3389 ante
427 3329 697 3407 quotlibet
724 3342 895 3385 annos
921 3339 1082 3400 quota
1115 3327 1293 3393 fuerit,
1317 3338 1373 3384 et
1390 3336 1681 3398 postquot-

138 3421 236 3480 libet
250 3440 403 3482 annos
424 3434 596 3499 quota
623 3422 799 3481 futura
824 3422 894 3479 sit
914 3430 1089 3494 potest
1109 3419 1323 3487 dicere;
1354 3421 1433 3478 sic
1456 3420 1524 3476 de
1546 3437 1682 3478 uno-

138 3531 307 3591 quoque
352 3520 617 3583 siderum,
660 3517 752 3591 qui
781 3533 844 3574 ea
873 3516 1042 3589 perite
1081 3524 1412 3585 computant,
1457 3531 1682 3587 respon-

137 3608 234 3667 dere
254 3620 656 3670 «insueverant.
698 3610 773 3667 De
805 3626 909 3681 qua
944 3617 1050 3665 tota
1071 3606 1396 3679 cognitione,
1423 3617 1682 3679 quantum

136 3699 188 3754 ad
205 3716 333 3757 usum
351 3704 463 3775 eius
486 3702 708 3767 attinet,
738 3699 863 3773 quid
889 3698 1018 3756 mihi
1048 3698 1316 3755 videretur
1340 3700 1565 3771 aperui.

188 3790 387 3853 CAPUT
418 3792 599 3854 XXX.
616 3824 687 3837 -—
704 3792 841 3863 Quid
860 3793 1034 3849 eodem
1057 3795 1320 3866 conferant
1346 3802 1479 3850 artes
1504 3808 1613 3849 me-

764 3885 1009 3941 chanicw.

192 3976 270 4035 ιτ.
302 3979 503 4037 Artium
531 3978 698 4035 etiam
726 3986 1063 4041 czeterarum,
1090 3976 1283 4048 quibus
1301 3973 1501 4050 aliquid
1518 3975 1684 4034 fabri-

136 4078 275 4134 catur.
302 4071 376 4129 vel
394 4073 538 4147 quod
558 4083 833 4130 remaneat
859 4079 980 4144 post
997 4073 1359 4143 operationem
1379 4073 1599 4130 artiﬁcis
1616 4072 1685 4131 ab

138 4162 209 4220 illo
224 4165 469 4235 effectum,
486 4170 629 4226 sicut
641 4167 851 4233 domus,
869 4176 924 4223 et
938 4182 1233 4235 scamnum,
1254 4176 1312 4225 et
1337 4182 1430 4225 vas
1445 4166 1659 4240 aliquod
1666 4210 1682 4232 ,

138 4265 268 4328 atque
288 4259 382 4317 alia
408 4259 811 4333 hujuscemodi:
855 4259 940 4317 vel
974 4275 1095 4331 qua:
1132 4259 1481 4316 ministerium
1510 4261 1683 4333 quod-

137 4345 236 4405 thm
252 4350 495 4409 exhibent
531 4352 774 4425 aperanti
814 4350 946 4419 Deo,
985 4350 1120 4407 sicut
1146 4350 1427 4414 medicina.
1458 4360 1513 4408 et
1540 4352 1684 4423 agri-

138 4441 329 4513 cultura,
352 4454 406 4503 et
428 4445 778 4518 gubernatio;
805 4444 887 4500 vel
917 4458 1136 4517 quarum
1168 4444 1343 4499 omnis
1370 4442 1687 4501 etl‘cctusest

137 4533 269 4605 actio,
292 4536 424 4594 sicut
446 4536 799 4594 saltationum
824 4546 878 4593 et
900 4535 1206 4593 cursionum
1235 4545 1290 4593 et
1316 4535 1681 4593 Iuctaminum:

141 4622 293 4685 harum
325 4646 451 4705 ergo
474 4639 793 4689 cunctarum
820 4630 1013 4687 artium
1054 4631 1123 4689 de
1162 4632 1447 4703 prazteritis
1470 4632 1685 4704 experi-

138 4729 283 4778 menta
306 4722 499 4781 faciunt
521 4723 683 4780 etiam
711 4722 883 4780 futura
913 4724 1137 4795 conjici;
1160 4739 1281 4780 nam
1308 4724 1485 4781 nullus
1503 4740 1686 4782 earum

139 4811 293 4871 artifex
318 4816 553 4875 membra
580 4825 761 4874 movet
780 4817 832 4874 in
859 4816 1148 4889 operandO,
1170 4816 1273 4874 nisi
1296 4818 1685 4889 praeteritorum

139 4907 416 4967 Memoriam
452 4924 579 4967 cum
624 4908 920 4966 futurorum
968 4909 1363 4981 exspectatione
1413 4918 1683 4967 contexat.

140 4992 308 5054 Harum
334 5013 512 5058 autem
539 5000 775 5071 cognitio
804 5001 1037 5059 tenuiter
1084 5001 1137 5057 itt
1182 5001 1294 5072 ipsa
1321 5002 1552 5059 humana
1582 5004 1684 5061 vita

138 5086 403 5161 cursimque
449 5091 753 5165 usurpanda
794 5102 897 5159 est,
935 5107 1041 5148 non
1083 5091 1150 5149 ad
1192 5094 1539 5165 operandam.
1581 5098 1685 5154 nisi

140 5173 252 5236 forte
271 5181 500 5241 ndicium
519 5184 731 5256 aliquod
757 5194 934 5259 cogat,
960 5186 1029 5243 de
1049 5203 1153 5260 qtto
1171 5202 1312 5244 nunc
1331 5203 1438 5245 non
1458 5190 1683 5261 agimus;

142 5270 217 5326 sed
238 5272 300 5331 ad
315 5274 681 5347 iudicandum,
719 5295 789 5337 ne
812 5280 1032 5335 omnino
1056 5280 1359 5339 nesciamus
1385 5281 1512 5352 quid
1538 5283 1686 5339 Scri-

145 5370 267 5427 tha
286 5368 409 5424 velit
429 5370 722 5434 insinuare,
755 5386 879 5428 cum
901 5370 971 5429 de
994 5370 1081 5429 his
1103 5372 1307 5429 artibus
1326 5372 1532 5446 aliquas
1557 5374 1688 5447 (ign.

145 5463 261 5509 ΠΜ
273 5458 564 5519 hicutioncs
588 5465 791 5522 inserit.

143 5540 335 5607 CAPUT
382 5550 577 5610 XXXI.
600 5585 673 5597 -—
701 5555 837 5624 Quid
856 5558 1002 5629 juvat
1023 5558 1304 5618 dialectica.
1338 5559 1684 5633 Sep/rimata.

199 5639 287 5723 48.
316 5642 537 5705 Restant
561 5664 622 5705 ea
649 5663 770 5722 qua:
807 5666 914 5708 non
942 5649 1009 5707 ad
1036 5653 1280 5725 corporis
1320 5669 1511 5713 sensus
1528 5698 1545 5723 ,
1590 5655 1685 5713 sed

147 5728 465 5796 tdratiotmn
510 5740 671 5799 animi
708 5743 1006 5816 pertinent,
1046 5744 1136 5825 ubi
1179 5744 1459 5823 disciplina
1501 5758 1688 5825 regnat

192 5841 1212 5922 ιιι-,αειιιςιωῃιηιιωιηία
1252 5886 1255 5887 ί
1301 5872 1403 5895 ’τι
1456 5887 1581 5939 ,κε-

1786 452 2159 525 disputationis
2180 461 2235 510 et
2274 451 2501 511 numeri.
2544 449 2653 511 Sed
2695 450 3069 526 disputationis
3091 451 3371 525 disciplina

1783 549 1850 606 ad
1878 549 2059 605 omnia
2086 564 2278 620 genera
2301 549 2673 622 quwstionum,
2701 563 2823 620 qua:
2845 546 2897 604 in
2927 546 3141 604 Litteris
3165 549 3368 606 sanctis

1782 652 1909 699 sunt
1954 644 2281 715 penetranda
2318 652 2373 698 et
2422 642 2799 709 dissolvenda,
2850 642 3133 713 plurimum
3182 642 3368 699 valet:

1783 743 1986 791 tantum
2012 734 2079 790 ibi
2101 733 2333 791 cavenda
2360 744 2442 791 est
2462 734 2625 790 Iihido
2647 733 2876 798 rixandi,
2906 745 2959 791 et
2983 734 3200 805 puerilis
3218 750 3366 807 qna:-

1781 824 1903 883 dam
1942 828 2229 884 ostentatio
2264 827 2563 898 decipiendi
2607 827 2992 884 adversarium.
3044 827 3181 884 Sunt
3217 828 3361 885 enim

1783 919 1949 976 multa
1967 936 2086 993 qua:
2110 920 2444 991 appellantur
2465 919 2813 992 sophismata,
2839 920 2988 976 falsa»
3003 921 3373 978 conclusiones

1782 1014 2046 1070 rationum
2071 1054 2086 1076 .
2123 1021 2178 1069 et
2205 1012 2516 1084 plerumque
2541 1013 2612 1068 ita
2641 1028 2793 1070 veras
2828 1013 3131 1081 imitantes,
3171 1022 3227 1069 ιιι
3256 1029 3362 1070 non

1780 1108 1954 1164 solum
1986 1106 2165 1163 tardos
2186 1148 2203 1173 ,
2243 1105 2337 1163 sed
2376 1105 2682 1178 ingeniosos
2705 1106 2865 1163 etiam
2893 1105 3072 1162 minus
3092 1104 3374 1175 diligenter

1781 1208 2014 1256 attentos
2043 1198 2335 1270 decipiant.
2365 1196 2646 1270 Proposuit
2668 1198 2810 1254 enim
2839 1197 3076 1269 quidam,
3106 1196 3292 1254 dicens
3320 1199 3371 1255 ei

1781 1306 1903 1348 cum
1937 1307 2044 1364 quo
2072 1292 2391 1360 loquebatur
2418 1310 2431 1345 :
2463 1290 2615 1360 Quod
2643 1305 2745 1362 ego
2771 1305 2887 1346 sum
2906 1331 2925 1359 ,
2967 1300 3025 1346 tu
3053 1306 3157 1347 non
3188 1307 3266 1348 es.
3300 1293 3373 1349 At

1783 1385 1872 1443 ille
1900 1385 2173 1444 consensit
2204 1404 2218 1440 :
2248 1402 2431 1441 verum
2457 1386 2600 1441 enim
2626 1394 2737 1441 erat
2766 1400 2832 1441 ex
2853 1393 3024 1455 parte,
3052 1384 3135 1440 vel
3155 1399 3223 1442 eo
3250 1385 3369 1456 ipso

1781 1477 1922 1551 quod
1954 1478 2056 1535 iste
2086 1477 2373 1535 insidiosns
2391 1519 2407 1545 ,
2440 1477 2532 1534 ille
2556 1476 2781 1548 simplex
2810 1485 2943 1533 erat.
2969 1474 3124 1532 Tunc
3144 1476 3245 1531 iste
3271 1476 3367 1532 ad-

1780 1569 1914 1627 didit
1940 1589 1954 1625 :
1981 1569 2094 1642 Ego
2117 1580 2295 1627 autem
2323 1569 2483 1625 homo
2502 1584 2640 1625 sum.
2671 1569 2783 1625 Hoc
2806 1582 3018 1640 quoque
3042 1583 3163 1624 cum
3187 1569 3257 1625 ab
3278 1568 3370 1626 illo

1782 1666 2110 1735 accepisset,
2138 1662 2395 1719 conclusit
2426 1663 2609 1719 dicens
2640 1681 2652 1718 :
2679 1661 2761 1719 'l‘u
2790 1662 2950 1731 igitur
2976 1678 3083 1719 non
3110 1678 3170 1719 es
3200 1662 3362 1721 homo

1785 1756 1904 1833 (a).
1949 1757 2099 1828 Quod
2140 1774 2311 1829 genus
2356 1757 2714 1829 captiosarum
2762 1757 3163 1814 conclusionnm
3211 1757 3360 1815 Scri-

1781 1859 1970 1923 ptura,
2014 1860 2267 1922 quantum
2309 1851 2594 1919 existimo,
2633 1850 2927 1906 detestatur
2967 1849 3057 1905 illo
3080 1850 3238 1913 loco.
3268 1849 3357 1907 ubi

1781 1943 1979 2001 dictum
2001 1953 2084 2000 Cal
2112 1961 2126 1999 :
2154 1943 2253 2011 Qui
2281 1943 2551 2013 sophistice
2588 1942 2828 2017 loquitur,
2858 1941 3057 1997 adibitis
3073 1953 3145 1997 est
3172 1941 3363 2011 (ErcIi.

1784 2051 1976 2093 χχχιιι
1998 2079 2013 2103 ,
2043 2035 2160 2103 23).
2205 2035 2516 2105 Quanquam
2546 2035 2707 2091 etiam
2740 2050 2920 2090 sermo
2944 2049 3048 2090 non
3075 2034 3363 2106 captiosns,

1783 2129 1877 2185 sed
1909 2137 2086 2184 tamen
2114 2126 2469 2184 abundantius
2496 2141 2653 2198 quam
2680 2127 2993 2197 gravitatem
3022 2126 3175 2181 decet
3201 2168 3216 2189 ,
3249 2142 3369 2182 ver-

1781 2220 1973 2278 borum
1996 2231 2309 2279 ornamenta
2336 2230 2652 2277 consectans
2676 2263 2693 2288 ,
2722 2219 3042 2292 sophisticns
3069 2218 3283 2275 dicitur.

1855 2317 1945 2374 49.
1990 2317 2125 2373 Sunt
2160 2317 2321 2372 etiam
2367 2331 2508 2372 verae
2542 2314 2906 2372 connexiones
2951 2314 3370 2371 ratiocinationis

1782 2408 1943 2466 falsas
1967 2409 2223 2465 habentes
2248 2407 2562 2474 sententias,
2585 2422 2703 2478 (pta:
2722 2416 3119 2477 consequuntur
3133 2421 3371 2462 errorem

1784 2500 1926 2557 illius
1964 2515 2088 2557 cum
2115 2515 2220 2569 quo
2249 2499 2425 2571 agitur
2452 2517 2465 2552 τ
2491 2514 2611 2570 quae
2632 2506 2809 2553 tamen
2850 2496 2916 2553 ad
2942 2497 3043 2553 hoc
3071 2497 3373 2555 inferuntur

1783 2610 1813 2650 a
1837 2594 1979 2651 hono
2007 2604 2056 2648 et
2084 2591 2242 2649 docto
2265 2592 2500 2657 homine,
2524 2600 2579 2645 ut
2602 2591 2654 2646 in
2685 2590 2751 2646 iis
2769 2592 3091 2646 erubescens
3111 2590 3200 2646 ille
3219 2590 3373 2659 cujus

1784 2701 2021 2744 errorem
2047 2694 2446 2754 consequuntur
2466 2724 2482 2749 ,
2512 2681 2757 2737 eumdem
2788 2680 3053 2752 relinquat
3086 2682 3325 2738 errorem
3350 2697 3368 2748 ;

1782 2779 1907 2852 quia
1931 2779 1974 2833 si
2008 2779 2059 2833 in
2096 2777 2284 2831 eodem
2324 2790 2542 2831 manere
2564 2773 2829 2840 voluerit,
2855 2787 3077 2830 necesse
3105 2781 3188 2828 est
3206 2774 3368 2830 etiam

1784 2872 1871 2930 illa
1898 2887 2018 2944 qum
2045 2870 2292 2927 damnat.
2339 2878 2524 2924 tenere
2546 2877 2781 2939 cogatur.
2824 2866 2938 2923 Non
2963 2867 3105 2923 enim
3130 2882 3255 2923 vera
3284 2867 3370 2925 in.

1787 2965 1992 3022 ferebat
2021 2962 2326 3035 Apostolus,
2355 2976 2476 3017 cum
2505 2960 2725 3027 diceret,
2757 2958 2935 3033 Neque
2959 2959 3186 3016 Christus
3206 2977 3374 3016 resur-

1784 3058 1950 3122 rexit;
1975 3064 2028 3111 et
2059 3056 2145 3110 illa
2176 3055 2310 3120 alia,
2344 3054 2525 3110 Inanis
2546 3064 2618 3110 est
2646 3054 2938 3126 pradicatio
2971 3046 3163 3114 nostra.
3191 3055 3361 3110 inanis

1784 3160 1927 3205 estet
1967 3148 2093 3219 ﬁdes
2136 3158 2301 3204 vestra
2341 3144 2381 3215 (I
2408 3144 2525 3202 Cor.
2571 3160 2680 3212 xv,
2710 3143 2836 3219 Id);
2885 3154 2940 3201 et
2974 3144 3228 3217 deinceps
3265 3146 3372 3203 alia

1785 3258 1905 3313 qum
1931 3243 2154 3298 omnino
2187 3239 2318 3298 falsa
2346 3249 2471 3296 sunt
2498 3282 2512 3305 ,
2543 3239 2668 3308 quia
2706 3248 2760 3295 et
2788 3239 3030 3296 Christus
3058 3240 3370 3305 resurrexit,

1785 3343 1840 3391 et
1870 3349 1977 3390 non
2006 3342 2123 3388 erat
2148 3332 2321 3388 inanis
2350 3330 2663 3404 przcdieatio
2691 3346 2879 3388 eorum
2910 3332 3000 3401 qui
3041 3331 3145 3388 hoc
3167 3347 3376 3389 annun-

1787 3425 2009 3491 tiabant,
2034 3441 2131 3482 nec
2150 3424 2281 3482 fides
2300 3440 2485 3480 eorum
2510 3424 2598 3495 qui
2621 3423 2722 3480 hoc
2745 3422 3080 3481 crediderant
3111 3441 3126 3478 :
3153 3423 3247 3479 sed
3272 3424 3371 3480 ista

1788 3518 1920 3574 falsa
1952 3518 2230 3573 verissime
2268 3516 2729 3574 connectebantnr
2757 3516 2834 3572 illi
2863 3517 3141 3589 sententia:
3164 3533 3265 3589 qua
3289 3518 3373 3574 di-

1786 3612 2010 3669 cebatur
2052 3626 2158 3667 non
2196 3624 2317 3667 esse
2358 3611 2807 3667 resurrectionem
2853 3620 3205 3665 mortuorum.
3254 3609 3373 3666 Istis

1785 3713 1966 3760 autem
2006 3702 2153 3758 falsis
2195 3700 2518 3773 repudiatis,
2550 3699 2798 3772 quoniam
2828 3715 2951 3755 vera
2977 3709 3126 3755 erant
3156 3699 3203 3756 si
3227 3715 3372 3756 mor-

1790 3795 1866 3851 tui
1903 3808 2011 3850 non
2051 3801 2363 3865 resurgunt.
2392 3806 2727 3863 consequens
2750 3790 2853 3847 erit
2876 3791 3198 3847 resurrectio
3223 3807 3372 3848 mor-

1799 3894 2031 3942 tuorum.
2059 3883 2190 3942 Cum
2210 3900 2339 3956 ergo
2367 3884 2476 3939 sint
2498 3898 2639 3940 verte
2661 3883 3043 3951 connexiones,
3072 3897 3176 3938 non
3198 3883 3373 3940 solum

1788 3993 2056 4039 verarum.
2088 3976 2183 4033 sed
2208 3976 2365 4032 etiam
2394 3975 2643 4032 falsarum
2672 3974 3080 4041 sententiarum,
3113 3962 3374 4032 facile‘est

1786 4069 2066 4126 veritatem
2108 4067 2497 4125 connexionttm
2523 4066 2683 4122 etiam
2708 4066 2763 4122 in
2787 4063 2988 4123 scholis
3017 4065 3120 4123 illis
3145 4065 3372 4135 discere,

1787 4179 1907 4235 quae
1954 4170 2151 4235 przcter
2194 4161 2483 4218 Ecclesiam
2534 4167 2678 4216 sunt.
2745 4159 3137 4216 Sententiarum
3184 4169 3362 4217 autem

1788 4256 1987 4313 veritas
2007 4257 2058 4310 in
2079 4256 2279 4311 sanctis
2302 4251 2477 4310 Lihris
2496 4251 2871 4309 ecclesiasticis
2887 4250 3250 4324 investiganda
3264 4260 3370 4307 est.

1787 4344 2013 4404 CAPUT
2049 4343 2267 4402 XXXII.
2303 4374 2378 4386 —
2420 4343 2618 4399 Veritas
2656 4343 3020 4400 caunexianum
3060 4358 3163 4397 nor
3188 4343 3251 4397 ab
3278 4342 3375 4397 Ito-

1966 4438 2182 4492 minilms
2204 4436 2431 4491 instituta
2463 4446 2564 4491 est.
2595 4436 2684 4490 sed
2707 4445 2901 4490 tanta»:
2927 4435 3205 4490 observata.

1859 4528 1950 4586 50.
1973 4524 2090 4599 Ipsa
2119 4536 2294 4583 tamen
2326 4526 2519 4583 veritas
2543 4525 2931 4582 connexionum
2962 4541 3067 4581 non
3113 4525 3373 4594 instituta,

1788 4620 1885 4678 sed
1913 4616 2278 4675 animadversa
2302 4628 2384 4673 est
2416 4618 2484 4674 ab
2510 4616 2812 4675 hominibus
2842 4626 2898 4674 et
2925 4626 3137 4684 notata,
3174 4628 3229 4674 ut
3256 4633 3377 4675 eam

1789 4712 1998 4785 possint
2042 4711 2128 4767 vel
2157 4710 2364 4768 discere
2405 4710 2491 4767 vel
2537 4709 2736 4768 docere
2766 4729 2781 4767 :
2811 4726 2936 4767 nam
2981 4720 3065 4768 est
3104 4710 3159 4767 in
3196 4727 3377 4770 rerum

1789 4805 1996 4862 ratione
2042 4812 2295 4875 perpetua
2338 4812 2393 4860 ct
2432 4802 2684 4859 divinitus
2728 4801 3009 4859 inStituta-
3042 4801 3193 4860 Sicut
3232 4802 3376 4859 enim

1789 4900 1879 4973 qui
1908 4908 2083 4955 narrat
2107 4896 2349 4954 ordinem
2375 4906 2702 4969 temporum,
2729 4912 2835 4952 non
2857 4910 2984 4953 eum
3014 4896 3129 4968 ipse
3154 4912 3374 4966 compoo

1790 4992 1896 5058 nit;
1929 4998 1983 5046 et
2004 4990 2242 5046 locorum
2265 4988 2420 5056 situs,
2448 4996 2541 5044 aut
2568 4996 2788 5044 naturas
2810 4986 3117 5045 animalium
3143 4987 3225 5042 vel
3248 4988 3376 5043 stir-

1790 5085 1935 5157 pium
1975 5082 2060 5139 vel
2115 5080 2347 5155 lapidum
2386 5080 2475 5153 qui
2518 5079 2785 5146 ostendit,
2845 5096 2957 5137 non
3010 5094 3099 5136 res
3142 5079 3379 5137 ostendit

1788 5177 1859 5233 ab
1883 5175 2185 5233 hominibus
2235 5174 2534 5243 institutas;
2585 5182 2641 5231 et
2689 5173 2779 5231 ille
2821 5174 2912 5246 qui
2954 5172 3280 5229 demonstrat
3306 5174 3380 5229 si-

1788 5268 1917 5327 dera
1953 5282 2247 5340 eorumque
2285 5275 2497 5333 motus,
2534 5281 2645 5324 non
2666 5281 2697 5322 a
2727 5281 2791 5324 se
2817 5265 2903 5322 vel
2941 5264 3011 5319 ah
3033 5263 3249 5321 homine
3280 5264 3380 5321 ali-

1789 5379 1896 5435 quo
1924 5378 2036 5419 rem
2081 5362 2378 5421 institutam
2403 5360 2736 5418 demonstrat
2763 5377 2779 5417 :
2805 5358 2885 5417 sic
2923 5356 3086 5414 etiam
3109 5358 3199 5429 qui
3228 5357 3377 5429 dicit,

1790 5454 1927 5512 Cum
1949 5454 2138 5511 falsum
2162 5462 2246 5511 est
2268 5452 2411 5525 quod
2437 5452 2783 5524 consequitur
2802 5490 2817 5515 ,
2849 5464 3071 5508 necesse
3093 5459 3175 5507 est
3200 5459 3259 5507 ut
3283 5450 3382 5508 fal-

1789 5563 1909 5607 sum
1937 5548 2008 5603 sit
2048 5545 2190 5620 quod
2228 5544 2510 5619 precedit;
2553 5541 2833 5600 verissime
2867 5541 3031 5612 dicit,
3067 5559 3239 5615 neque
3269 5544 3381 5615 ipse

1791 5642 1921 5701 facit
1946 5653 2004 5700 ut
2043 5642 2112 5699 ita
2147 5641 2255 5709 sit,
2301 5639 2396 5698 sed
2422 5647 2624 5697 tantum
2653 5638 2725 5695 ita
2749 5652 2869 5696 esse
2899 5638 3251 5697 demonstrat.
3298 5639 3378 5697 Ex

1857 5800 1931 5866 (α)
1953 5806 2049 5852 Hoc
2078 5796 2355 5866 ειιιοςίειῐιο
2383 5796 2579 5866 quidam
2823 5799 3108 5865 Mesenen.
3129 5798 3237 5863 ipse
3258 5794 3382 5851 fact-

1801 5875 1831 5917 a
1853 5861 2069 5929 Diogene
2089 5861 2416 5916 deum
2426 5867 2600 5926 captus
2617 5861 2935 5915 deridebatur
