3874 6312
440 335 515 396 ω
1365 323 1454 382 oe
1492 315 1837 380 DOCTBINA
1872 315 2029 375 cum

2138 317 2310 390 lANA,
2348 319 2407 379 8.
2447 320 2819 385 ΑυαυετιΝι
3665 333 3754 392 σι

438 462 495 512 et
520 447 857 524 explicanda,
886 445 957 505 de
976 443 1171 518 quibus
1193 450 1317 516 post
1342 443 1645 514 loquemur,
1673 438 1910 510 legentes
1928 433 2028 491 ad-

435 548 606 622 juvat,
630 557 790 616 quam
818 540 886 597 ad
921 537 1187 611 incognita
1217 537 1390 610 signa,
1421 534 1490 592 de
1520 532 1714 606 quibus
1735 545 1879 589 nunc
1910 528 2027 602 agi-

439 656 581 700 mus.
608 634 997 711 cognoscenda.

437 731 667 792 CAPUT
705 729 894 786 XL.—
913 728 988 783 Ab
1010 726 1239 784 Etltnicis
1258 724 1301 781 si
1321 723 1445 792 quid
1467 731 1599 779 recte
1621 722 1840 788 dictum,
1859 719 1913 775 in
1936 734 2029 774 no-

800 832 961 878 strum
990 836 1138 875 usum
1164 828 1237 874 cst
1264 814 1670 873 convertendmn.

510 921 601 978 60.
632 915 941 988 PhiIOSOphi
985 921 1167 970 autem
1209 911 1300 984 qui
1339 918 1624 976 vocantur,
1663 909 1708 963 si
1751 921 1854 979 qua
1894 905 2030 991 forte

437 1028 564 1071 vera
600 1020 656 1068 et
692 1008 814 1065 fidei
833 1016 1030 1064 nostra:
1055 1003 1451 1061 accommodata
1491 1001 1769 1068 dixerunt,
1800 998 2031 1055 maxime

437 1101 721 1170 Platonici,
752 1115 857 1156 non
882 1098 1056 1155 solum
1085 1094 1417 1154 formidanda
1439 1108 1544 1150 non
1565 1101 1707 1153 sunt.
1740 1089 1834 1147 sed
1855 1089 1925 1145 ab
1950 1089 2030 1146 eis

436 1197 600 1253 etiam
623 1206 876 1265 tauquam
893 1190 1102 1263 injustis
1126 1187 1524 1262 possessoribus
1541 1188 1591 1241 in
1613 1199 1765 1240 usum
1786 1193 2028 1239 nostrum

436 1289 778 1350 vindicanda.
805 1288 953 1345 Sicut
979 1285 1120 1342 enim
1147 1280 1385 1355 Egyptii
1424 1295 1529 1336 non
1561 1279 1733 1334 solum
1768 1276 1904 1333 idola
1934 1276 2030 1331 ha-

438 1384 634 1443 bebant
664 1393 718 1438 et
742 1394 905 1436 onera
935 1378 1133 1450 gravia,
1159 1391 1277 1447 qua:
1299 1373 1526 1445 populus
1558 1370 1716 1426 Israel
1737 1369 2030 1427 detestare-

437 1484 525 1535 tur
564 1484 620 1533 et
661 1474 902 1545 fugeret,
944 1469 1038 1525 sed
1066 1468 1226 1525 etiam
1257 1481 1380 1521 vasa
1421 1473 1581 1537 atque
1608 1471 1920 1520 ornamenta
1960 1461 2030 1519 de

438 1585 570 1626 auro
594 1575 650 1622 et
676 1572 895 1638 argento
917 1604 933 1629 ,
974 1572 1028 1618 et
1064 1570 1264 1616 vestem
1285 1600 1301 1624 ,
1329 1573 1450 1631 qua:
1479 1556 1568 1612 ille
1592 1556 1819 1627 p0pulns
1846 1553 2029 1611 exiens

443 1663 511 1719 de
536 1661 767 1734 [Egypto
787 1700 801 1721 ,
840 1655 941 1711 sibi
970 1653 1146 1727 potius
1190 1660 1438 1721 tanquam
1474 1647 1540 1703 ad
1572 1661 1723 1703 usum
1753 1646 2029 1702 meliorem

438 1754 685 1814 clanculo
713 1749 1030 1808 vindicavit;
1056 1760 1161 1801 non
1184 1742 1498 1798 auctoritate
1520 1740 1752 1812 propria,
1775 1738 1868 1794 sed
1894 1754 2031 1808 pm-

441 1857 600 1922 cepto
645 1845 761 1914 Dei,
793 1844 923 1915 ipsis
951 1839 1219 1913 Egyptiis
1243 1836 1542 1894 nescienter
1568 1831 2031 1888 comtuodantibns

438 1958 523 2006 ea,
554 1939 747 2012 quibus
776 1954 879 1992 tton
924 1936 1059 1989 bene
1090 1931 1373 1987 utebantur
1397 1929 1417 2003 (
1440 1926 1608 1982 Exod.
1642 1941 1716 1987 ut.
1746 1924 1837 1992 22,
1862 1933 1910 1979 et
1935 1940 2026 1989 su,

438 2035 543 2107 55)
574 2051 587 2087 :
621 2032 696 2087 sic
726 2029 983 2085 doctrina:
1012 2040 1199 2081 omnes
1225 2022 1511 2080 Gentilium
1535 2036 1643 2076 non
1666 2019 1838 2075 solum
1864 2019 2029 2074 simu-

443 2128 547 2184 lata
575 2133 630 2181 et
667 2120 1035 2193 superstitiosa
1069 2118 1315 2189 figmenta
1355 2127 1651 2187 gravesque
1677 2112 1917 2167 sarcinas
1941 2127 2031 2167 su-

439 2216 756 2291 pervacanei
780 2214 977 2271 laboris
1014 2212 1228 2276 habent,
1261 2224 1382 2281 qua:
1408 2207 1769 2278 unusquisque
1789 2217 2028 2261 nostrum

440 2312 577 2369 duce
616 2309 827 2368 Christo
865 2308 933 2363 de
973 2306 1229 2363 societate
1272 2302 1562 2361 Gentilium
1608 2302 1829 2366 exiens,
1870 2298 2032 2355 debet

441 2402 736 2460 abominari
775 2411 936 2469 atque
963 2398 1054 2454 det
1069 2398 1229 2464 itare;
1276 2394 1370 2450 sed
1411 2394 1570 2449 etiam
1598 2391 1845 2447 liberales
1873 2389 2033 2446 disci-

439 2498 614 2571 plinas
638 2495 755 2552 usui
782 2491 1021 2550 veritatis
1045 2492 1300 2563 aptiores,
1325 2498 1379 2544 et
1398 2487 1639 2559 qua-datu
1661 2501 1870 2541 morum
1898 2501 2032 2556 pne-

440 2600 595 2663 cepta
616 2587 894 2645 utilissima
910 2585 1202 2650 continent,
1222 2582 1393 2654 deque
1414 2581 1529 2653 ipso
1550 2596 1655 2634 uno
1677 2580 1785 2635 Deo
1804 2576 2032 2634 colendo

439 2682 693 2739 nonnulla
722 2695 843 2736 vera
871 2677 1209 2734 inveniuntur
1228 2672 1366 2746 apud
1389 2688 1514 2735 eos;
1536 2671 1676 2744 quod
1697 2686 1881 2727 eorum
1910 2679 2030 2726 tan-

440 2791 599 2849 quam
624 2788 809 2829 aurum
837 2783 889 2827 et
913 2779 1215 2842 argentum,
1242 2766 1384 2839 quod
1412 2782 1516 2822 non
1546 2766 1642 2835 ipsi
1666 2765 2028 2827 instituerunt,

439 2867 534 2923 sed
564 2865 632 2922 de
664 2862 979 2937 quibusdam
1009 2860 1160 2933 quasi
1191 2859 1417 2914 metallis
1445 2857 1636 2912 divinat
1663 2854 2028 2927 providentia),

442 2974 562 3031 quae
588 2955 784 3027 ubique
826 2954 995 3009 inlusa
1016 2962 1123 3018 est,
1152 2960 1425 3015 ernerunt,
1456 2958 1510 3004 et
1538 2964 1644 3018 qtto
1674 2961 1922 3018 perverse
1946 2957 2030 3000 at-

439 3065 544 3122 que
581 3049 839 3119 iniuriose
862 3045 928 3102 ad
956 3045 1205 3116 obsequia
1236 3043 1537 3099 dzl'anttum
1576 3040 1879 3103 abutuntur,
1910 3054 2029 3094 cum

443 3120 512 3199 ab
552 3157 737 3198 eorum
767 3141 959 3196 misera
989 3138 1245 3194 societate
1278 3148 1395 3191 sese
1414 3134 1593 3189 animo
1619 3142 1847 3203 separat,
1874 3120 2039 3186 debet

439 3234 513 3290 atb
534 3234 614 3290 eis
638 3231 846 3288 auferre
870 3229 1194 3286 christianos
1214 3227 1279 3282 ad
1309 3242 1463 3281 nsum
1485 3226 1685 3295 justum
1712 3222 2030 3294 prtedicandi

444 3324 739 3397 Evangelii.
776 3324 989 3379 Vestem
1032 3335 1244 3393 quoque
1273 3319 1503 3382 illorum,
1524 3317 1575 3371 id
1622 3326 1725 3382 est,
1757 3315 2029 3370 hominum

439 3420 652 3494 quidem
681 3418 941 3484 instituta,
959 3416 1053 3473 sed
1071 3424 1244 3471 tamen
1262 3410 1663 3469 accommodata
1678 3412 1921 3467 humanae
1938 3426 2028 3465 stt-

441 3513 645 3578 cietati,
673 3526 776 3584 qua
800 3510 851 3565 in
877 3509 977 3565 bac
995 3509 1102 3564 vita
1123 3521 1306 3562 carere
1332 3521 1435 3561 non
1464 3518 1769 3576 possumus,
1791 3502 2031 3573 accipere

438 3613 600 3677 atque
644 3602 847 3660 habere
875 3599 1084 3658 licuerit
1113 3600 1167 3654 in
1195 3612 1347 3653 nsunt
1393 3594 1753 3653 convertenda
1782 3594 2030 3649 christia-

510 3791 601 3847 61.
630 3789 761 3847 Nam
786 3788 910 3861 quid
937 3787 1079 3844 aliud
1122 3786 1362 3844 fecerunt
1392 3784 1545 3842 multi
1570 3784 1697 3841 boni
1726 3783 1906 3838 lidelcs
1930 3796 2030 3838 no-

442 3885 576 3941 stri?
594 3883 782 3940 Nonne
807 3882 1093 3953 aspicimus
1112 3890 1312 3953 quanto
1334 3896 1465 3936 auro
1488 3889 1544 3935 et
1568 3890 1786 3951 argento
1807 3886 1860 3933 et
1885 3883 2030 3933 veste

442 3975 819 4032 sunitrciuatus
838 3974 1026 4029 exierit
1048 3972 1115 4029 de
1136 3972 1366 4045 Egypto
1390 3971 1683 4044 Cyprianus
1706 3971 1892 4025 doctor
1911 3984 2031 4024 sna-

443 4066 698 4124 vissimns
723 4074 777 4122 et
818 4073 1021 4138 martyr
1050 4065 1418 4121 beatissimus?
1456 4074 1653 4135 quanto
1689 4063 2030 4118 Lactantius?

442 4166 641 4228 quanto
665 4155 990 4221 Victorinus,
1019 4154 1241 4228 Optatos
1264 4196 1279 4219 ,
1312 4154 1572 4221 Hilarius,
1602 4163 1661 4209 ttt
1696 4153 1763 4209 de
1790 4154 1922 4208 vivis
1949 4162 2029 4209 ta-

446 4249 639 4306 ceam?
666 4258 867 4322 quanto
897 4247 1311 4303 innuttterabilcs
1335 4244 1504 4302 Graeci
1525 4246 1549 4300 ?
1572 4244 1722 4315 Quod
1748 4246 1893 4318 prior
1918 4246 2031 4317 ipse

442 4342 784 4400 fidelissimus
814 4340 905 4397 Dei
936 4339 1164 4396 famulus
1191 4338 1397 4410 Moyses
1428 4337 1642 4404 fecerat,
1668 4338 1735 4394 de
1764 4356 1868 4410 quo
1892 4341 2030 4394 scri-

414 4412 590 4508 rptum
620 4444 703 4490 est
730 4434 871 4507 quod
899 4433 1138 4491 eruditus
1178 4434 1331 4490 fuerit
1373 4434 1518 4489 omni
1564 4435 1819 4506 sapientia
1862 4434 2029 4507 Εεν-

445 4531 672 4602 ptiorum
698 4528 849 4599 (Act.
880 4542 975 4593 vn,
997 4526 1113 4598 ἓξ).
1144 4527 1343 4597 Quibus
1364 4527 1612 4584 omnibus
1632 4529 1757 4584 viris
1777 4529 2032 4595 supersti-

442 4622 578 4677 tiosa
611 4618 861 4677 Gentium
885 4620 1240 4685 consuetudo,
1288 4629 1341 4678 et
1369 4621 1597 4676 maxime
1642 4622 1741 4676 illis
1772 4623 2028 4694 tempori-

444 4710 565 4780 bus,
608 4726 729 4769 cum
763 4711 957 4767 Christi
988 4713 1253 4769 recutiens
1277 4713 1460 4784 jugnm
1487 4712 1816 4769 Christianos
1845 4731 2028 4784 perse-

440 4802 736 4877 quebatur,
767 4801 1074 4875 disciplinas
1102 4819 1233 4876 quas
1266 4804 1423 4859 utiles
1466 4804 1726 4872 habebat,
1760 4822 2028 4880 nunquam

439 4896 839 4963 commodaret,
872 4896 915 4951 si
942 4911 1034 4952 eas
1074 4896 1125 4951 in
1153 4912 1306 4952 usum
1345 4895 1551 4953 colendi
1582 4899 1737 4953 unius
1769 4898 1895 4967 Dei,
1924 4916 2030 4972 quo

440 5004 611 5047 vanus
640 4988 904 5046 idolorum
948 4989 1122 5046 cultus
1152 4989 1586 5059 exscinderetnr,
1618 5006 1934 5048 conversum
1965 4994 2029 5050 iri

441 5085 845 5157 suspicaretur:
878 5082 973 5139 sed
998 5084 1259 5140 dederunt
1281 5100 1467 5141 aurum
1487 5128 1503 5153 ,
1544 5096 1598 5142 et
1639 5096 1913 5158 argentum
1933 5130 1948 5154 ,
1976 5097 2029 5145 et

443 5188 647 5235 vestem
674 5191 824 5233 suam
850 5176 1064 5233 exeunti
1091 5178 1287 5249 populo
1318 5178 1406 5233 Dei
1430 5178 1496 5234 de
1520 5178 1769 5253 Egypto.
1799 5181 2030 5237 nescien-

441 5278 524 5325 tes
550 5269 996 5340 qttemadmodntn
1037 5268 1123 5323 illa
1150 5284 1268 5339 qua:
1306 5268 1531 5336 dabant,
1562 5272 1613 5326 in
1642 5270 1838 5327 Christi
1870 5273 2028 5329 obse-

439 5363 623 5434 quium
662 5363 916 5419 cederent
982 5362 1115 5419 lllud
1160 5364 1303 5419 enim
1354 5367 1405 5421 in
1453 5365 1637 5421 Exodo
1668 5367 1881 5429 laetum,
1912 5368 2029 5426 sine

441 5452 605 5509 dubio
631 5454 911 5524 liguratntn
940 5465 1050 5519 est,
1092 5465 1150 5512 ut
1188 5457 1289 5513 hoc
1328 5458 1711 5529 pra-signaret;
1742 5462 1881 5530 quod
1912 5461 2027 5519 sine

440 5543 751 5616 prtejudicio
775 5546 1016 5614 alterius,
1047 5556 1139 5605 aut
1165 5551 1329 5622 paris,
1355 5560 1445 5606 aut
1473 5550 1709 5608 melioris
1730 5553 2027 5627 intelligen-

440 5636 527 5693 tia:
544 5635 793 5695 dixerim.

2135 434 2361 495 CAPUT
2410 439 2547 497 XLI.
2587 472 2657 485 —
2696 443 2938 502 Studium
2979 445 3265 521 Scriptura:
3304 466 3493 519 same,
3527 453 3750 526 quarens

2366 534 2589 588 animam
2615 537 2854 606 requirat.
2895 536 3115 611 Hyssopi
3139 542 3487 614 proprietates.
3730 540 3741 545 ’

2208 623 2299 679 62.
2326 624 2433 681 Sed
2456 625 2559 681 hoc
2596 629 2756 683 modo
2786 630 3074 686 instructus
3098 632 3394 688 divinarum
3419 634 3743 713 Scriptura:

2134 732 2255 773 rum
2285 719 2589 788 studiosus,
2618 738 2741 778 cum
2786 721 2855 779 ad
2893 740 2985 781 eas
3024 728 3432 798 perscrutandas
3469 732 3743 791 accedere

2133 808 2380 879 cceperit,
2403 810 2530 865 illud
2550 813 2899 882 apostolicum
2920 816 3152 887 cogitare
3180 833 3285 872 nou
3311 829 3485 875 cesset
3508 838 3523 875 :
3545 820 3741 878 Scien-

2135 899 2205 953 tia
2223 900 2390 971 inﬂat,
2412 903 2636 959 cltaritas
2658 905 2878 973 adi/ient
2903 906 2949 978 (Ι
2967 906 3083 962 Cor.
3100 922 3215 976 vut,
3239 908 3315 981 1).
3338 907 3412 966 Ita
3437 913 3581 968 enim
3604 928 3745 970 scn-

2135 990 2252 1055 tiet,
2284 995 2528 1063 quamvis
2556 993 2623 1049 de
2648 993 2884 1069 Egypto
2909 996 3060 1053 dives
3084 1009 3259 1063 exeat.
3289 1011 3463 1059 tamen
3491 1003 3589 1059 nisi
3621 1004 3741 1060 Pa-

2134 1085 2261 1165 scha
2291 1086 2480 1155 egerit,
2509 1086 2711 1142 salvum
2740 1103 2800 1144 se
2827 1104 2947 1146 esse
2976 1106 3080 1146 non
3108 1106 3288 1164 posse.
3322 1094 3521 1151 Pascha
3542 1107 3734 1153 autem

2133 1185 2377 1232 nostrum
2411 1178 2716 1236 immolatus
2751 1192 2834 1238 est
2859 1181 3104 1239 Christus
3132 1183 3255 1257 (Id.
3286 1200 3340 1249 v.
3367 1186 3454 1257 7).
3484 1188 3736 1261 nihilque

2134 1268 2306 1339 magis
2335 1269 2629 1326 immolatio
2664 1272 2858 1330 Christi
2891 1289 2989 1331 nos
3016 1276 3204 1345 docet,
3243 1294 3400 1348 quam
3427 1280 3551 1336 illud
3582 1283 3731 1354 quod

2134 1361 2248 1433 ipse
2268 1362 2478 1429 clamat,
2510 1372 2756 1437 tauquam
2778 1366 2846 1422 ad
2866 1383 2959 1423 eos
2981 1382 3116 1437 quos
3139 1369 3192 1425 in
3213 1369 3445 1446 Egypto
3464 1374 3562 1429 sub
3589 1375 3736 1431 Plta-

2132 1468 2298 1509 raotte
2338 1454 2475 1509 videt
2507 1455 2784 1513 laborare:
2830 1456 3000 1514 Venite
3035 1461 3105 1516 ad
3142 1479 3241 1529 me,
3272 1466 3357 1535 qui
3400 1465 3643 1522 laboratis
3678 1478 3735 1525 et

2132 1548 2330 1603 onerati
2368 1549 2507 1617 estis,
2536 1561 2582 1605 et
2622 1568 2715 1624 ego
2748 1553 2972 1623 reficiam
3002 1569 3109 1609 vos.
3142 1553 3327 1611 Tollite
3340 1559 3523 1629 jugtttn
3555 1546 3743 1616 meum.

2132 1657 2285 1712 super
2322 1659 2439 1706 vos,
2482 1654 2530 1698 et
2572 1644 2750 1701 discite
2781 1665 2813 1701 tt
2848 1663 2927 1702 me
2953 1648 3073 1719 quia
3106 1650 3242 1704 mitis
3282 1667 3397 1706 sunt
3430 1663 3478 1707 et
3518 1653 3733 1711 humilis

2133 1736 2324 1802 corde;
2360 1746 2407 1790 et
2449 1737 2707 1792 inreuietis
2743 1741 2965 1811 requiem
3003 1742 3265 1799 animabus
3296 1747 3486 1802 uestris.
3529 1747 3732 1820 Jugum

2132 1826 2268 1880 enim
2298 1843 2462 1880 meum
2480 1828 2591 1883 lene
2617 1840 2709 1889 est.
2735 1840 2782 1884 et
2805 1833 3005 1887 sarcina
3028 1849 3137 1889 mea
3163 1834 3283 1891 levis
3302 1848 3373 1890 est
3398 1836 3616 1909 (Matth.
3647 1856 3725 1907 ιι,

2132 1915 2337 1990 28-50)
2362 1936 2375 1972 :
2398 1919 2610 1990 quibus,
2633 1922 2735 1977 nisi
2762 1923 2974 1979 mitibus
2999 1934 3053 1980 et
3076 1925 3360 1983 humilibus
3385 1930 3567 1997 corde,
3589 1947 3731 2004 quos

2134 2025 2241 2066 non
2273 2011 2420 2067 inflat
2446 2012 2688 2080 scientia,
2719 2015 2812 2070 sed
2850 2017 3082 2072 charitas
3107 2019 3369 2076 aedificat?
3392 2021 3731 2083 Mcminerint

2132 2120 2262 2176 ergo
2300 2121 2483 2162 corum
2520 2110 2608 2178 qui
2654 2107 2851 2164 Pascha
2884 2109 2976 2165 illo
3016 2118 3257 2184 tempore
3292 2130 3387 2185 per
3416 2118 3728 2173 umbrarum

2136 2196 2442 2267 imaginaria
2473 2198 2815 2255 celebrabant
2838 2202 2876 2265 ί,
2896 2217 3016 2257 cum
3042 2203 3237 2273 signari
3269 2213 3449 2275 postes
3467 2208 3732 2279 sanguine

2133 2288 2255 2359 agni
2276 2289 2625 2360 juberetttur,
2659 2292 2889 2366 Ityssopo
2926 2292 3091 2350 fuisse
3118 2296 3353 2368 signatos
3382 2296 3589 2370 (Exod.
3627 2294 3737 2369 stt,

2132 2379 2262 2452 22).
2292 2382 2464 2437 Herba
2496 2383 2610 2441 ha-c
2648 2386 2792 2442 utilis
2817 2397 2871 2442 et
2900 2386 3117 2443 humilis
3142 2401 3223 2444 est
3248 2431 3263 2453 ,
3292 2402 3345 2445 et
3380 2390 3509 2448 nihil
3537 2393 3733 2452 fortius

2134 2484 2189 2529 et
2234 2476 2614 2546 penetrabilitts
2641 2478 2757 2548 ejus
2788 2479 3089 2537 radicibus:
3118 2490 3175 2537 ttt
3204 2482 3256 2537 in
3299 2483 3555 2541 charitate
3581 2486 3733 2543 radi-

2134 2572 2235 2623 αιῑί
2266 2580 2317 2624 et
2347 2569 2543 2625 fundati
2572 2575 2838 2644 possimus
2859 2575 3313 2645 comprehendere
3332 2591 3452 2632 cum
3478 2577 3733 2635 omnibus

2136 2662 2359 2727 Sanctis,
2404 2679 2522 2733 qute
2543 2663 2612 2716 sit
2649 2663 2897 2729 latitudo,
2925 2673 2977 2719 et
3009 2666 3298 2736 longitudo,
3320 2676 3374 2722 et
3399 2667 3645 2735 altitudo,
3674 2680 3733 2727 et

2138 2753 2477 2824 profundunt,
2506 2755 2556 2809 id
2582 2764 2683 2821 est,
2713 2770 2924 2811 crucem
2955 2756 3160 2813 Domini
3181 2773 3197 2817 :
3216 2757 3368 2830 Cujus
3396 2759 3616 2816 latitudo
3638 2762 3729 2817 tli-

2134 2849 2272 2903 citnr
2315 2849 2366 2903 in
2404 2859 2708 2904 tmnsveno
2756 2851 2929 2921 ligno,
2968 2865 3076 2923 quo
3117 2853 3477 2910 extenduntur
3504 2870 3730 2922 manus;

2135 2943 2427 3013 longitudo,
2454 2958 2485 2998 a
2514 2952 2651 2998 terra
2683 2959 2848 3016 usque
2876 2944 2941 2999 ad
2983 2945 3152 3015 ipsam
3183 2946 3535 3013 latitudinem,
3562 2964 3668 3019 quo
3694 2964 3730 3005 a

2136 3035 2381 3090 manibus
2406 3046 2455 3090 ct
2480 3034 2613 3089 ittl'ra
2637 3044 2804 3090 totum
2830 3050 3024 3107 corpus
3044 3038 3301 3108 alligitur;
3331 3038 3572 3106 altitudo,
3598 3055 3629 3094 a
3650 3039 3732 3095 la.

2138 3127 2360 3183 tituditte
2396 3142 2607 3182 sutsum
2636 3143 2805 3198 usque
2830 3127 2897 3183 ad
2924 3144 3212 3195 summum,
3242 3132 3328 3187 cui
3366 3132 3601 3189 adhwret
3635 3148 3733 3190 ca-

2137 3228 2231 3289 put
2252 3221 2312 3283 ';
2344 3219 2665 3289 profundum
2706 3235 2851 3286 vero,
2880 3220 3021 3290 quod
3053 3233 3208 3278 terra:
3248 3223 3467 3280 infixum
3493 3226 3729 3282 abscon-

2135 3311 2295 3366 ditur.
2319 3311 2436 3379 Quo
2457 3310 2610 3382 signo
2634 3312 2831 3379 crucis,
2860 3313 3036 3368 omnis
3058 3312 3198 3369 actio
3216 3315 3503 3372 christiana
3524 3317 3733 3374 deseri.

2134 3405 2308 3469 bitur,
2349 3406 2486 3463 bene
2523 3407 2732 3478 operari
2779 3405 2830 3462 itt
2860 3405 3109 3472 Christo,
3143 3417 3200 3465 et
3235 3409 3284 3464 ei
3327 3421 3733 3481 perseveranter

2136 3496 2397 3554 inhaerere
2418 3539 2433 3563 ,
2463 3514 2680 3569 sperare
2718 3500 2955 3555 caelestia
2975 3540 2992 3566 ,
3033 3511 3367 3559 sacramenta
3394 3520 3499 3559 non
3546 3504 3730 3576 profa-

2134 3604 2263 3645 nare
2283 3589 2377 3662 (ο).
2404 3589 2506 3645 Per
2534 3590 2670 3645 hanc
2694 3592 2955 3647 actionem
2985 3593 3191 3664 purgati
3219 3593 3511 3651 valebimus
3530 3612 3734 3669 cogno-

2134 3696 2285 3737 scere
2345 3682 2506 3737 etiam
2567 3683 3052 3753 superetuiuetttcm
3118 3684 3354 3741 scientia:
3408 3687 3729 3749 cltaritateru

2134 3772 2328 3829 ChriSti
2355 3772 2393 3838 ³,
2427 3787 2528 3845 qua
2571 3774 2791 3845 :equalis
2817 3783 2900 3830 est
2930 3774 3093 3842 Patri,
3122 3791 3217 3848 per
3252 3793 3409 3847 quem
3440 3779 3576 3835 facta
3602 3794 3731 3840 sunt

2133 3868 2309 3922 omnia
2336 3906 2351 3933 ,
2397 3877 2457 3922 ut
2499 3867 2815 3938 impleantur
2855 3868 2911 3924 in
2952 3884 3165 3927 omnem
3211 3871 3589 3942 plenitudinem
3631 3877 3729 3935 Dei

2136 3957 2363 4029 (Ep/tes.
2397 3975 2473 4026 ttt,
2506 3960 2572 4016 17
2614 3960 2730 4033 l9).
2763 3960 2858 4016 Est
2885 3961 3047 4017 etiam
3084 3962 3136 4019 in
3167 3962 3399 4036 hyssopi)
3424 3965 3503 4021 vis
3529 3982 3727 4040 purga-

2137 4053 2293 4118 toria,
2325 4067 2393 4110 ne
2419 4052 2637 4109 inflante
2664 4053 2889 4109 scteutia
2914 4058 2983 4110 dc
3007 4054 3206 4111 divitiis
3228 4056 3295 4111 ab
3320 4056 3554 4130 Egypto
3582 4046 3743 4117 abla-i

2137 4144 2224 4213 Iis,
2253 4148 2482 4218 superbe
2508 4147 2706 4218 aliquid
2733 4148 2915 4219 pulmo
2936 4149 3170 4207 tumidus
3195 4149 3410 4206 anhelet
3434 4168 3448 4203 :
3478 4152 3729 4227 Asperges

2137 4255 2234 4302 me,
2284 4240 2471 4309 inquit.
2505 4239 2725 4311 hyssopo
2762 4250 2808 4296 et
2848 4241 3167 4310 mttndabor;
3196 4242 3387 4297 lambis
3413 4260 3512 4311 nte,
3544 4258 3589 4301 et
3631 4263 3726 4302 stt-

2136 4347 2225 4401 per
2249 4331 2412 4385 nivem
2456 4332 2746 4387 dealbabor.
2779 4333 2990 4389 Auditui
3022 4351 3128 4390 nec
3171 4336 3314 4393 dabis
3337 4338 3726 4397 exsultationem

2134 4430 2181 4475 et
2205 4420 2452 4476 Ictitiam.
2481 4422 2683 4478 Deinde
2707 4433 3097 4496 consequenter
3131 4428 3368 4483 annectit
3393 4437 3449 4482 ttt
3475 4418 3743 4487 omendat‘

2136 4518 2500 4585 purgationem
2529 4529 2560 4569 a
2587 4516 2834 4585 superbia
2864 4515 3145 4587 significari
3175 4518 3427 4592 byssopo,
3456 4518 3522 4574 Et
3548 4522 3723 4579 exsul-

2133 4604 2306 4659 tabant
2325 4621 2440 4660 ossa
2459 4606 2724 4661 humilium
2746 4609 2765 4680 (
2784 4606 2931 4663 Psal.
2959 4625 3009 4675 ι,
3028 4608 3082 4677 9,
3113 4609 3178 4666 i0
3195 4613 3238 4683 ).

2136 4744 2149 4765 ιλ
2204 4698 2430 4757 CAPUT
2466 4699 2909 4759 Kuh—Sacra:
2946 4703 3227 4774 Scriptura:
3264 4720 3379 4761 cum
3423 4707 3644 4780 profana

2757 4798 3091 4868 comparatio.

2204 4887 2293 4943 63.
2334 4887 2598 4957 Quantum
2627 4897 2804 4944 autem
2829 4889 3004 4945 mittor
3026 4900 3108 4945 est
3132 4891 3265 4955 auri,
3295 4892 3499 4965 argenti
3525 4891 3721 4949 vestis-

2133 4994 2236 5052 que
2254 4980 2404 5051 cnpia
2424 5021 2440 5047 ,
2463 4995 2620 5052 quam
2645 4981 2711 5037 de
2732 4980 2964 5053 Δίωνι)ιο
2992 4997 3173 5039 secum
3211 4984 3299 5041 ille
3326 4984 3553 5057 populus
3583 4985 3713 5041 abs.

3257 5139 3381 5190 riam
3397 5137 3718 5192 celebrem.

3178 5201 3720 5268 mnuumttqttoadluz-

2197 5141 2213 5171 ι
2242 5136 2347 5188 uad.
2382 5145 2480 5188 Am.
2507 5144 2559 5189 et
2578 5144 2676 5201 ετ..
2700 5150 2788 5252 per
2808 5137 3029 5190 tunbram
3046 5136 3194 5252 ittztltﬁ

2197 5203 2216 5234 ⁸
2240 5200 2349 5250 Bad.
2375 5210 2474 5251 Am.
2498 5207 2572 5251 Er.
2598 5209 2651 5252 et
2674 5216 2699 5252 ι.
2723 5201 2895 5252 erlaue
2920 5210 3054 5252 Mss”
3178 5216 3194 5252 ε

2136 5216 2141 5221 δ
2196 5203 2216 5234 ⁸
2240 5200 2349 5250 Bad.
2375 5210 2474 5251 Am.
2498 5207 2572 5251 Er.
2598 5209 2651 5253 et
2672 5200 2895 5267 plerique
2920 5210 3054 5265 Mss,

2132 5269 2215 5400 ff"
2415 5324 2847 5400 Supereminentcrn
3156 5325 3406 5400 comitatis
3436 5325 3633 5380 Christi.
3666 5331 3722 5377 At

2131 5387 2299 5452 plures
2322 5396 2375 5439 et
2396 5387 2611 5452 melioris
2632 5398 2758 5439 noue
2779 5396 2909 5450 Mss,
3163 5396 3460 5442 erantcum.

2194 5451 2267 5514 (υ)
2290 5450 2566 5519 legendum
2606 5452 2813 5519 videtur,
2850 5450 3126 5519 propalare,
3139 5465 3238 5516 quo
3268 5462 3366 5503 stet
3405 5449 3626 5519 analogia
3658 5450 3720 5519 ad

2131 5513 2384 5579 superiora
2409 5513 2574 5579 istbaec
2605 5516 2790 5579 verba:
2823 5513 3121 5579 t'roﬂtndttm
3157 5513 3269 5579 itero
3299 5516 3427 5579 quod
3461 5513 3607 5565 terra
3648 5516 3721 5579 stt-

2129 5573 2289 5641 μέρη
2321 5573 2644 5641 committitur.
2669 5577 2742 5625 sic
2762 5576 2812 5625 in
2832 5573 2976 5640 epist.
3007 5577 3087 5638 55,
3110 5578 3171 5627 ad
3192 5573 3487 5641 tacuit-ium,
3509 5588 3624 5641 cap.
3642 5575 3719 5641 t4,

2130 5635 2287 5705 i135,
2305 5638 2841 5705 tnidmniuictecrucis
2862 5635 3040 5703 partes,
3069 5635 3397 5705 curulemque
3420 5635 3628 5705 apostoli
3660 5638 3720 5686 ad

2131 5700 2306 5763 pres.
2330 5700 2363 5749 3
2386 5701 2540 5750 locum
2562 5700 2621 5749 ad
2644 5700 2931 5753 christianos
2950 5715 3113 5753 amre:
3128 5703 3296 5754 itidem
3312 5700 3542 5753 transfert
3561 5708 3719 5764 Augu-

2130 5770 2306 5823 stinus,
2336 5781 2358 5810 ι
2378 5764 2680 5828 inmundum,
2698 5764 2782 5825 ait,
2814 5765 2943 5828 quod
2963 5772 3111 5819 teme
3137 5764 3338 5818 inlisum
3367 5772 3446 5818 est
3473 5768 3719 5816 metu

2142 5842 2167 5873 ι
2185 5824 2471 5877 metuenti
2494 5823 2782 5892 preligurst.
2799 5823 2848 5873 ι’
3538 5840 3541 5845 ·
