3874 6316
116 241 169 300 η
1440 231 1639 291 LIBER
1676 230 1993 294 TERTIUS.

114 356 233 422 tslit,
276 352 331 410 in
352 350 766 424 comparatione
788 348 1095 407 divitiarum
1134 361 1268 420 quas
1306 355 1493 422 postea
1521 347 1683 404 Jero-

2774 186 2816 195 si.
2852 188 2959 201 .,..,.
3070 198 3097 203 Ἡ

2774 190 2862 219 ..ςθς
2972 193 3097 230 τετε.

2990 233 3051 261 7';

1791 359 2032 408 scuntur.
2082 348 2192 407 liae
2217 349 2378 423 igitur
2396 349 2745 410 instructione
2768 334 3051 424 praeditum
3078 367 3201 413 cum
3223 356 3378 429 signa

116 447 303 520 solyniae
329 453 666 501 consecutus
708 452 829 509 est,
872 458 994 513 qua:
1037 441 1270 499 maxime
1300 442 1352 497 in
1394 440 1685 499 Salomone
1789 444 2059 518 incognita
2086 444 2337 502 lectorem
2366 459 2472 503 non
2503 445 2869 518 impedierint,
2896 447 3081 504 mitem
3119 457 3175 505 et
3200 449 3377 507 numi-

111 535 586 608 regeostenduntur
610 534 706 606 (Ill
736 532 864 608 Βία.
892 549 947 600 x,
979 532 1205 606 “43);
1237 543 1381 590 tanta
1407 534 1465 589 ιιι
1490 542 1682 590 cuncta

110 631 320 693 scientia,
362 645 491 698 quae
522 629 741 701 quidem
785 637 869 691 est
911 627 1090 693 utilis,
1145 627 1371 684 collecta
1413 626 1483 683 de
1529 626 1680 683 libris

110 722 355 787 Gentium,
380 721 433 778 si
456 720 764 776 divinarum
785 719 1178 791 Scripturarum
1202 719 1441 775 scientia:
1461 733 1680 789 compa-

112 824 241 869 retur.
272 812 399 868 Nam
426 813 695 885 quidquid
736 812 897 870 homo
917 823 1067 870 extra
1089 810 1371 878 didicerit,
1393 812 1437 867 si
1462 810 1677 867 noxium

110 919 200 973 est,
217 906 283 964 ibi
306 905 644 971 damnatur;
672 907 717 962 si
746 906 875 963 utile
900 915 1017 973 est,
1048 906 1118 961 ibi
1142 903 1430 962 invenitur.
1460 903 1527 960 Et
1554 918 1677 959 cum

113 1000 162 1053 ibi
185 999 396 1070 quisque
424 998 701 1055 invenerit
721 998 899 1055 omnia
927 1013 1049 1071 qua:
1079 996 1281 1054 utiliter
1306 996 1433 1053 alibi
1458 995 1672 1061 didicit.

113 1089 243 1145 multo
288 1089 664 1147 abundantius
714 1090 786 1146 ibi
839 1089 1078 1146 inveniet
1126 1104 1191 1146 ea
1237 1103 1358 1160 qua:
1408 1101 1675 1157 nusquam

111 1185 286 1237 aututino
310 1183 485 1249 alibi,
540 1184 638 1239 sed
670 1184 720 1239 in
772 1183 981 1240 illarum
1029 1181 1401 1239 tantummodo
1426 1180 1671 1253 Scriptu-

111 1291 251 1333 ranun
294 1277 531 1334 mirabili
563 1277 846 1334 altitudine
885 1287 941 1335 et
980 1276 1210 1334 mirabili
1241 1276 1540 1332 humilitate
1580 1273 1670 1330 di-

1787 536 1893 595 lem
1919 536 2115 606 corde,
2147 537 2486 611 subiugatum
2519 536 2711 594 leniter
2738 538 2951 595 Christo
2969 580 2986 607 ,
3014 546 3072 597 et
3093 548 3376 599 oneratum

1786 629 1994 686 sarcina
2016 630 2115 686 levi
2139 670 2157 698 ,
2189 628 2466 686 fundatum
2492 638 2549 685 ct
2574 628 2867 687 radicatum
2892 641 2945 688 et
2969 630 3286 689 :ediilcatum
3318 632 3377 690 in

1784 722 2075 788 cltaritate,
2101 737 2260 794 quem
2284 722 2300 755 '
2324 720 2545 778 scientia
2575 721 2760 777 innare
2789 738 2895 778 non
2925 724 3126 794 possit,
3156 723 3377 782 accedat

1784 813 1851 870 ad
1878 814 2122 886 ambigua
2145 813 2295 886 signa
2321 813 2374 869 in
2392 812 2683 885 Scripturis
2703 813 3089 872 consideranda
3116 824 3170 872 et
3193 813 3375 871 discito

1786 906 1993 975 tienda,
2018 906 2088 965 de
2124 907 2317 979 quibus
2344 906 2453 979 jam
2483 908 2641 964 tertio
2668 908 2935 965 volumine
2972 906 3153 968 dicere
3180 922 3374 983 aggre-

1782 996 1933 1068 diar,
1960 998 2103 1071 quod
2137 998 2391 1055 Dominus
2418 997 2620 1055 donare
2641 997 2969 1070 dignabitur.

1780 1171 2039 1299 quzmttditi:
2061 1179 2117 1223 In
2137 1169 2389 1235 θῆαι-ἔειπε,
2411 1184 2559 1237 quam
2576 1169 2778 1225 εαὶηεία
2793 1170 2982 1239 “ﬁam
2998 1172 3223 1240 Ριθνίιιυθ
3245 1181 3378 1237 Wa

1070 1504 1561 1619 LIBER
1651 1502 1955 1611 TER
1979 1501 2141 1609 TI
2164 1500 2379 1611 US.

159 1705 377 1763 postquam
396 1699 505 1764 egit
530 1698 583 1748 in
604 1696 861 1764 superiore
878 1696 1005 1764 libro
1020 1694 1085 1746 de
1101 1692 1399 1764 removenda
1422 1694 1673 1764 signorum
1690 1690 1976 1764 ignorantia,
1997 1689 2169 1764 transit
2190 1669 2321 1764 nunc
2332 1697 2376 1740 s.
2402 1698 2571 1764 Doctor
2588 1692 2647 1742 ad
2672 1694 3109 1747 considerationem
3128 1696 3372 1762 ambigui-

115 1765 213 1821 tatis.
229 1753 331 1826 qua
346 1753 459 1814 cum
477 1763 533 1811 in
555 1753 765 1834 propriis
780 1768 882 1811 tum
901 1760 952 1809 in
970 1757 1217 1811 translatis
1231 1757 1387 1821 signis
1396 1753 1626 1830 pd'tlt't'it.
1653 1761 1703 1804 tn
1715 1753 1929 1817 prepriis
1950 1753 2149 1815 quidem
2162 1763 2230 1823 ex
2258 1753 2651 1864 interutnctione
2674 1768 2862 1816 vocum,
2888 1770 2951 1808 ex
2973 1769 3141 1812 earum
3164 1753 3376 1822 μιοιῖιιιι.

115 1826 286 1864 ιίεηίηῖηι-
309 1837 370 1864 ex
392 1824 517 1864 anni:
531 1824 599 1864 .iti
622 1822 891 1864 manilii-nm
912 1835 924 1864 :
952 1822 1081 1864 num
1104 1833 1261 1864 uerius
1281 1823 1610 1864 amtnuuttatts
1627 1830 1689 1864 ex
1709 1822 1943 1864 contextu
1960 1827 2219 1864 sermonis.
2240 1820 2292 1863 et
2307 1813 2381 1864 col
2432 1822 2565 1864 ttone
2587 1824 2930 1864 interpretum.
2953 1828 3038 1864 aut
3059 1821 3169 1864 eius
3194 1820 3376 1864 lingua

113 1813 287 1887 nativae,
309 1813 371 1875 es
392 1813 601 1887 ancipiti
620 1813 891 1887 signiﬁcatu
912 1835 925 1871 :
952 1822 1082 1887 quod
1100 1833 1261 1884 genus
1275 1813 1610 1887 ambiguitatis
1621 1813 1943 1887 excont'estu
1960 1813 2223 1887 Sermonis,
2240 1820 2292 1863 et
2307 1813 2381 1864 col

2432 1816 2565 1885 tione
2587 1816 2930 1885 interpretum,
2953 1828 3038 1885 aut
3059 1816 3175 1885 ejus
3194 1820 3376 1885 lingua

474 1875 717 1951 translata
741 1891 817 1951 est
839 1875 1143 1951 inspectione
1165 1881 1346 1951 resolvi
1365 1875 1594 1930 osiendit.
1620 1886 1670 1951 In
1690 1875 2254 1951 nausiatisvero‘siguis
2282 1875 2844 1951 amttiguitascontingit,
2864 1875 2973 1931 eum
2998 1875 3378 1951 ipsa'dictio'iiqn

115 1946 159 1995 sd
175 1935 330 2000 ιωέιιέ
345 1935 402 1998 δέ
407 1935 559 2011 nsum
797 1947 851 2011 _i_n
873 1935 1157 2007 scripturis:
1178 1958 1274 2008 qua
1294 1943 1359 2011 de
1377 1954 1439 2011 re
1461 1941 1718 2011 operosius
1738 1935 2235 2011 dispptatxtraditq'ue
2256 1935 2457 2011 regulis
2484 1941 2663 2011 quibus
2691 1935 3083 2011 dignoscatnr'an
3106 1935 3286 2011 locutio
3311 1944 3374 2011 tio

116 2011 349 2073 musti,
377 2017 431 2061 et,
462 2010 510 2061 si
555 2000 759 2073 quidem
790 2000 1013 2073 ﬁgurata,
1029 2019 1127 2073 quo
1149 2000 1286 2071 iacto
1309 2000 1507 2057 debeat
1523 2001 1773 2068 explicari.
1804 2000 1871 2051 [td
1904 2004 2183 2051 extremum
2222 2000 2375 2062 ipsius
2402 2000 2614 2052 'tielionii
2646 2000 2837 2066 septem
2871 2005 3069 2068 regulas
3095 2007 3376 2072 singulatim

120 2071 324 2134 expuunt.

1508 2168 1932 2229 <8<°<il¢0l>®i8>

145 2303 330 2363 CAPUT
367 2303 533 2362 Ρκω
544 2302 669 2362 ωι.
690 2332 765 2347 -
784 2302 1001 2361 Summa
1024 2302 1340 2374 superiorum
1364 2297 1629 2361 librorum,

594 2406 641 2452 et
668 2412 855 2467 scapus
878 2395 1148 2467 sequentis.

176 2492 216 2548 l.
249 2491 406 2549 llomo
449 2492 656 2549 timens
706 2490 905 2553 Deum,
930 2488 1258 2545 voluntatem
1288 2487 1405 2557 ejus
1433 2485 1485 2540 itt
1524 2481 1670 2539 Scri-

124 2585 461 2652 ptulissanctis
489 2585 793 2656 diligentet:
814 2582 1051 2652 inquirit.
1105 2580 1175 2638 Et
1197 2596 1266 2636 ne
1308 2587 1451 2634 amet
1489 2584 1667 2632 certa-

127 2676 264 2742 mina,
290 2680 477 2750 pietate
506 2653 858 2741 mansuetas;
888 2673 1232 2746 praemunitus
1264 2672 1423 2728 etiam
1447 2668 1669 2726 scientia

128 2767 404 2841 linguarum,
451 2788 518 2827 nc
557 2770 609 2826 in
649 2770 825 2826 verbis
852 2766 1310 2838 locutiouibusque
1338 2764 1530 2837 ignotis
1556 2762 1667 2818 lue—

128 2870 235 2923 reat;
261 2864 602 2933 prrmunitus
638 2861 798 2918 etiam
841 2860 1143 2931 cognitione
1183 2857 1533 2930 quarumdam
1579 2870 1667 2911 re-

128 2965 215 3005 rum
237 2956 647 3010 necessariarum
676 2995 693 3021 ,
743 2967 811 3010 ne
847 2953 955 3008 vim
986 2961 1297 3007 naturamve
1333 2964 1519 3007 earnm
1547 2962 1670 3020 quae

132 3055 299 3114 pmpter
321 3044 727 3101 similitudinem
748 3042 1090 3108 adhibentur,
1115 3042 1356 3112 ignoret;
1383 3040 1673 3111 adjuvante

130 3133 251 3190 etiam
276 3137 504 3194 codicum
565 3136 824 3203 veritate,
876 3151 1035 3207 quam
1085 3135 1257 3191 solers
1280 3132 1671 3191 emendationis

133 3224 347 3299 diligentia
372 3230 682 3301 procuravit
712 3248 727 3286 :
760 3233 936 3286 veniat
978 3228 1052 3284 ita
1092 3227 1379 3283 instructus
1405 3226 1472 3282 ad
1500 3226 1672 3282 ambi-

132 3333 206 3388 80:
252 3320 639 3393 Scripturarum
686 3320 1014 3380 discutienda
1064 3331 1226 3392 atque
1281 3319 1559 3377 solvenda.
1600 3317 1672 3377 Ut

136 3418 272 3470 autem
292 3415 447 3486 signis
474 3415 748 3487 ambiguis
772 3429 877 3471 non
907 3412 1201 3485 decipiatur
1220 3453 1237 3479 ,
1285 3418 1543 3483 quantum
1574 3425 1671 3481 per

137 3517 209 3559 nos
227 3505 391 3564 instrui
434 3508 698 3579 potest‘;
732 3508 845 3563 tieri
874 3515 1053 3563 autem
1098 3514 1272 3578 potest
1313 3514 1372 3561 ut
1402 3505 1531 3561 istas
1556 3504 1670 3561 vias

137 3610 234 3663 Quas
249 3600 510 3658 ostendere
531 3599 804 3667 volumus,
829 3608 1076 3672 tanquam
1098 3598 1331 3671 pueriles
1357 3599 1440 3654 vel
1469 3598 1670 3668 magni-

138 3687 282 3747 tudine
322 3692 540 3764 ingeuii,
600 3692 687 3749 vel
716 3690 932 3762 majoris
980 3690 1384 3747 illuminationis
1424 3689 1669 3747 claritate

137 3774 327 3837 derideat
352 3798 364 3835 ;
394 3783 484 3839 sed
514 3793 727 3851 tamen,
777 3790 835 3839 ut
868 3797 1136 3854 cmperam
1166 3781 1374 3847 dicere,
1412 3792 1667 3853 quantum

139 3880 209 3935 Per
235 3887 319 3929 nos
342 3874 519 3932 instrui
549 3880 752 3947 potest,
781 3873 870 3944 qui
916 3889 981 3929 eo
1005 3873 1126 3930 loco
1150 3872 1314 3929 animi
1338 3881 1450 3937 est,
1491 3881 1547 3927 ut
1574 3886 1669 3942 per

139 3975 213 4016 nos
234 3963 397 4022 instrui
429 3968 634 4035 valeat,
661 3967 795 4023 sciat
819 3966 1217 4037 ambiguitatem
1255 3963 1545 4036 Scripturae
1577 3972 1672 4019 aut

140 4052 177 4109 iu
198 4058 347 4113 terbis
372 4061 596 4133 proiiriis
617 4076 768 4124 esse,
798 4067 891 4114 aut
927 4059 979 4114 in
1009 4057 1315 4125 translatis;
1342 4073 1458 4129 quae
1474 4072 1669 4129 genera

140 4142 178 4198 in
202 4152 403 4208 secundo
430 4154 565 4210 libro
589 4151 1098 4208 demonstravimus.

140 4236 319 4299 CAPUT
353 4244 410 4302 Il.
432 4277 500 4288 —
520 4245 839 4317 Ambiguitas
857 4261 920 4300 ea:
936 4245 1196 4301 verborum
1230 4245 1547 4301 distinctione
1570 4260 1667 4311 quo

666 4339 815 4393 modo
844 4338 1087 4394 tollenda.

192 4424 237 4479 9.
261 4425 353 4486 Sed
384 4446 503 4487 cum
538 4432 699 4487 verba
728 4431 938 4502 prepria
968 4431 1166 4486 iaciunt
1190 4431 1490 4502 ambiguam
1518 4430 1666 4488 Scri-

143 4521 329 4585 pttnant,
356 4522 523 4594 ptimo
544 4522 829 4578 videndum
856 4530 941 4579 est
970 4537 1037 4578 ne
1064 4522 1203 4578 male
1228 4522 1629 4578 distinxerimus
1647 4562 1664 4590 ,

144 4617 214 4661 aut
249 4616 761 4681 pronuntiaverimns.
811 4614 944 4671 Cum
988 4630 1118 4686 ergo
1153 4615 1390 4671 adhibita
1440 4616 1669 4672 intentio

144 4691 350 4758 intuitum
373 4721 489 4763 esse
516 4706 809 4780 perviderit
833 4707 1101 4777 quomodo
1128 4706 1561 4784 distinguendum
1578 4716 1671 4763 aut

146 4794 359 4853 quomodo
376 4798 823 4869 pronuntiandum
854 4800 960 4861 sit,
983 4798 1227 4853 consulat
1242 4800 1475 4869 regulam
1504 4797 1624 4855 lidei
1649 4840 1665 4867 ,

147 4892 268 4947 quam
290 4885 353 4945 de
375 4890 763 4964 Scripturarum
796 4892 1123 4963 planioribus
1163 4891 1297 4947 locis
1330 4901 1386 4948 et
1415 4890 1671 4947 Ecclesiae

146 4976 403 5037 auctoritate
430 4985 695 5055 pmwpit;
750 4982 817 5040 de
846 4999 947 5054 qua
993 4983 1125 5039 satis
1168 4982 1404 5054 egimus,
1452 4998 1574 5039 cum
1600 4982 1670 5039 de

147 5062 337 5127 rthesin
377 5075 540 5146 primo
571 5076 706 5132 libro
734 5077 1090 5147 loqueremur.
1122 5074 1276 5143 Quod
1301 5075 1345 5130 si
1385 5075 1557 5132 amba:
1586 5075 1669 5132 vel

149 5162 271 5215 etiam
289 5177 492 5235 omnes,
535 5170 579 5222 si
621 5168 801 5240 plures
844 5167 1035 5223 iuerint
1081 5177 1295 5240 partes,
1347 5166 1669 5238 ambiguita-

153 5249 231 5303 ιαιὶ
249 5259 512 5316 iocundum
544 5260 701 5317 iidem
727 5264 1033 5321 sonuerint.
1067 5271 1244 5319 textus
1271 5260 1385 5330 ipse
1404 5261 1671 5317 sermonis

154 5346 178 5387 ³
216 5347 596 5410 incedentibus
634 5360 690 5408 et
727 5351 1178 5423 consequentibus
1223 5352 1460 5423 partibus
1484 5391 1502 5417 ,
1550 5368 1671 5423 qua:

204 5521 319 5598 [πμ
338 5533 803 5598 ιὶθωίερτιιθοάετὶα.
828 5543 879 5587 et
899 5534 1096 5586 Cisterc.
1124 5534 1202 5584 hic
1231 5533 1411 5585 addunt
1433 5546 1448 5584 :
1471 5540 1672 5598 Juretus

160 5583 334 5658 PN».
351 5583 793 5649 news;
819 5583 1128 5649 imitarer
1161 5583 1356 5648 conatus
1376 5583 1462 5647 est.
1480 5583 1671 5658 Al-‘loria;

159 5650 281 5724 Egi:
326 5667 436 5724 vero
492 5661 680 5724 unicum
738 5659 1005 5724 interponit
1060 5660 1301 5721 verbum,
1355 5656 1609 5724 explicabo
1650 5670 1672 5711 :

162 5710 867 5825 “emam

1780 2288 2179 2362 ambiguitatem
2229 2292 2369 2349 illam
2403 2294 2454 2350 in
2486 2295 2664 2353 medio
2695 2309 3014 2369 posuerunt,
3046 2310 3212 2360 restat
3244 2319 3375 2361 con-

1786 2380 2074 2450 sulendus,
2098 2392 2158 2438 ut
2182 2383 2457 2441 videamus
2475 2387 2686 2443 cuinam
2707 2391 3006 2453 sententiae.
3034 2393 3102 2451 de
3131 2395 3372 2465 pluribus

1772 2485 1891 2541 qua:
1910 2485 1969 2528 se
1996 2472 2307 2543 ostendunt,
2333 2474 2466 2532 ierat
2494 2476 2803 2551 sutl‘ragium
2822 2522 2837 2547 ,
2864 2497 3089 2554 eamque
3117 2484 3218 2543 sibi
3234 2500 3366 2544 con-

1772 2566 1879 2622 texi
1918 2566 2167 2637 patiatur.

1843 2657 1896 2714 ὅ.
1925 2658 2043 2713 .latn
2089 2675 2229 2715 nunc
2250 2664 2492 2733 exempla
2518 2666 2817 2722 considera.
2852 2669 2941 2725 illa
2971 2671 3221 2730 haeretica
3251 2674 3368 2731 dis-

1802 2748 2006 2816 tinctio,
2030 2750 2096 2807 In
2119 2753 2367 2825 principio
2383 2765 2489 2810 erat
2526 2756 2761 2826 Verbum,
2788 2770 2835 2815 et
2868 2759 3084 2818 Verbum
3099 2774 3205 2820 erat
3229 2777 3370 2837 apud

1772 2842 1956 2912 Deum,
1987 2855 2034 2900 et
2065 2844 2199 2902 Deus
2226 2856 2365 2912 erat,
2398 2856 2455 2904 ut
2481 2850 2618 2906 alius
2660 2866 2851 2908 sensus
2876 2856 2974 2915 sit.
3027 2854 3245 2912 Verbum
3272 2857 3370 2914 hoc

1774 2948 1880 2993 erat
1909 2938 1960 2991 in
1988 2938 2237 3009 principio
2262 2942 2401 3012 apud
2422 2939 2583 2996 Deum
2604 2985 2619 3009 ,
2649 2959 2755 2999 non
2787 2945 2901 3000 vult
2933 2946 3160 3003 Verbum
3201 2948 3370 3006 Deum

1773 3030 2033 3086 confiteri.
2066 3029 2174 3086 Sed
2202 3031 2305 3087 hoc
2330 3033 2512 3103 regula
2544 3034 2664 3091 tidei
2712 3035 3066 3095 refellendum
3108 3048 3224 3108 est,
3264 3056 3371 3113 qua

1773 3122 1928 3180 nobis
1942 3123 2009 3179 de
2033 3122 2308 3180 Trinitatis
2324 3128 2625 3198 :equalitate
2642 3131 3006 3199 praescribitur
3023 3142 3081 3189 ut
3102 3132 3367 3202 dicamus,

1774 3212 1844 3268 Et
1872 3213 2010 3270 Deus
2037 3225 2143 3270 erat
2179 3213 2423 3283 Verbum;
2451 3217 2648 3276 deinde
2673 3222 3088 3294 subjungamns,
3122 3223 3238 3282 Hoc
3262 3235 3373 3282 erat

1772 3306 1829 3361 in
1854 3307 2106 3379 principio
2132 3309 2273 3379 apud
2305 3309 2471 3365 Deum
2501 3310 2680 3382 (John.
2708 3328 2746 3379 ι,
2780 3316 2831 3380 i,
2862 3315 2945 3388 2).

1808 3400 1899 3454 -4.
1924 3399 2013 3453 llla
2055 3415 2182 3455 vero
2225 3400 2582 3459 distinctionis
2609 3405 2926 3477 ambiguitas
2977 3420 3166 3467 neutra
3216 3420 3369 3483 parte

1774 3492 1976 3548 resistit
2046 3492 2199 3560 fidei,
2248 3503 2302 3549 et
2344 3493 2464 3549 ideo
2505 3502 2653 3551 textu
2699 3499 2814 3568 ipso
2858 3501 3120 3557 sermonis
3162 3502 3360 3574 dijudi—

1774 3581 1941 3637 cauda
1981 3590 2093 3647 est,
2125 3583 2213 3639 ubi
2241 3583 2317 3639 ait
2345 3585 2632 3655 Apostolus
2661 3606 2673 3642 ε
2700 3587 2768 3642 Et
2792 3589 2916 3660 quid
2933 3592 3115 3663 eligam
3138 3595 3355 3664 ignoro:

1779 3674 2056 3747 compellor
2088 3685 2255 3731 autent
2295 3692 2359 3731 ea:
2396 3678 2631 3742 duobus;
2674 3681 3130 3750 concupiscentiam
3172 3684 3362 3742 habens

1773 3765 2014 3832 dissolvi,
2055 3777 2102 3821 et
2142 3783 2247 3822 esse
2282 3784 2399 3821 cum
2426 3767 2664 3836 Christo;
2692 3770 2851 3826 multo
2882 3775 3013 3828 enim
3041 3777 3201 3849 magis
3225 3779 3362 3851 opti-

1772 3874 1908 3912 mmn
1928 3874 2163 3913 :manere
2178 3859 2229 3913 in
2250 3875 2402 3914 carne
2423 3862 2754 3917 necessarium
2770 3874 2976 3935 propter
2996 3882 3081 3922 vos
3102 3868 3379 3942 (Philipp-

1774 3966 1813 4017 ι,
1844 3950 1936 4011 25.
1967 3949 2355 4017 24).lncertum
2384 3953 2527 4008 enim
2555 3963 2637 4010 est
2662 3965 2837 4011 utrum
2862 3975 2925 4013 ea:
2957 3960 3152 4018 duobus
3178 3980 3368 4020 concu‘

1777 4044 2076 4115 piscantium
2116 4044 2335 4113 habens,
2377 4061 2444 4101 an
2474 4048 2749 4119 compellor
2770 4060 2936 4105 autent
2962 4069 3024 4107 ea:
3056 4055 3276 4121 duobus,
3307 4068 3367 4114 ut

1778 4135 1907 4191 illud
1954 4135 2302 4208 adjungatnr,
2329 4138 2780 4209 concupiscentiam
2821 4142 3006 4199 habens
3051 4146 3289 4216 dissolvi,
3317 4159 3366 4205 et

1774 4244 1881 4285 esse
1904 4245 2018 4284 cum
2061 4226 2281 4285 Christo.
2324 4230 2433 4286 Sed
2483 4232 2734 4302 quoniam
2780 4234 2852 4289 ita
2879 4234 3151 4305 sequitur,
3204 4240 3365 4296 multa

1774 4322 1907 4378 enim
1945 4322 2105 4394 magis
2128 4323 2408 4393 optimum,
2441 4335 2663 4395 apparet
2682 4341 2802 4383 eum
2832 4326 2948 4399 ejus
2971 4330 3158 4400 optimi
3183 4332 3365 4393 dicere

1776 4428 1836 4469 se
1874 4411 2072 4468 habere
2096 4413 2579 4483 concupiscentiam
2596 4457 2610 4479 ,
2653 4424 2712 4471 ut
2734 4432 2856 4473 cum
2881 4433 2948 4475 ex
2973 4418 3180 4479 duobus
3208 4438 3365 4482 com-

1776 4505 2043 4577 pellatur,
2070 4504 2288 4561 alterius
2309 4514 2489 4561 tamen
2518 4506 2710 4565 habeat
2736 4510 3216 4581 Concupiscentiam
3236 4556 3254 4583 ,
3285 4517 3366 4574 al-

1776 4598 1940 4652 terius
1960 4595 2361 4662 necessitatem;
2383 4599 2863 4671 concupiscentiam
2884 4602 3088 4661 scilicet
3106 4620 3224 4661 esse
3239 4624 3362 4667 cum

1777 4690 2026 4763 Christo,
2056 4690 2427 4747 necessitatem
2469 4709 2685 4751 manere
2723 4695 2775 4750 itt
2806 4711 2987 4754 carne.
3035 4700 3165 4767 Qua:
3191 4705 3364 4761 ambi-

1777 4784 1950 4855 guitas
1977 4799 2080 4838 uno
2108 4784 2453 4855 consequenti
2481 4785 2647 4841 verbo
2673 4786 3024 4857 dijudicatnr,
3047 4794 3190 4863 quod
3221 4799 3368 4867 posi-v

1776 4885 1886 4933 tum
1928 4884 2043 4938 est,
2073 4877 2205 4931 enim
2236 4892 2257 4931 :
2284 4893 2441 4948 quam
2462 4879 2771 4951 particulam
2801 4881 2889 4952 qui
2916 4884 3247 4943 abstulerunt
3274 4890 3358 4944 in-

1778 4979 2072 5041 terpretes.
2104 4970 2188 5025 illa
2218 4971 2393 5040 potius
2412 4975 2673 5029 sententia
2700 4975 2839 5030 ducti
2871 4988 3027 5046 sunt,
3059 4990 3117 5036 ut
3146 4998 3249 5036 non
3274 4998 3366 5038 so-

1776 5064 1885 5119 lutn
1916 5062 2160 5133 compelli
2190 5078 2255 5118 ex
2282 5062 2518 5129 duobus,
2567 5065 2661 5122 sed
2704 5067 2864 5124 etiam
2904 5070 3131 5127 duorum
3164 5071 3365 5131 habere

1777 5156 2261 5226 concupiscentiam
2295 5156 2581 5213 videretur.
2628 5160 2717 5215 Sic
2758 5177 2885 5229 ergo
2928 5163 3360 5233 distinguendum

1777 5257 1860 5305 est
1892 5267 1905 5303 :
1940 5247 2006 5303 Et
2029 5249 2149 5319 quid
2172 5248 2356 5320 eligam
2382 5249 2560 5319 ignoro
2591 5265 2611 5305 .°
2632 5252 2908 5323 compellor
2932 5264 3100 5307 autem
3130 5271 3196 5311 ea:
3221 5256 3353 5313 duo-

1780 5342 1902 5407 bus;
1942 5355 2103 5412 quant
2148 5340 2538 5397 distinctionem
2588 5346 2855 5413 sequitur,
2903 5348 3365 5418 concupiscentiam

1781 5435 1966 5489 habens
1988 5435 2193 5491 dissolvi
2208 5478 2222 5497 ,
2251 5446 2296 5490 et
2325 5452 2431 5491 esse
2454 5453 2568 5491 cum
2594 5434 2811 5491 Christo.
2846 5438 2910 5493 Et
2935 5448 3185 5513 tanquam
3214 5462 3363 5517 quie-

1782 5539 1988 5583 wmur
2030 5544 2192 5596 quam
2234 5527 2390 5595 hujus
2433 5528 2507 5581 ι·ρὶ
2540 5527 2714 5593 putitts
2744 5528 2931 5585 habeat
2976 5536 3361 5605 concupiscen-

1784 5622 1945 5675 tiam:
1978 5621 2135 5673 multo
2167 5618 2298 5671 enim
2329 5618 2489 5689 magis
2512 5619 2792 5684 optimum,
2826 5621 3012 5693 inquit.
3045 5624 3152 5682 Cur
3172 5641 3302 5699 ergo
3332 5646 3366 5686 ο

1778 5711 1987 5769 duobus
2018 5708 2387 5782 compellitur?
2433 5710 2567 5777 Quia
2612 5720 2699 5769 est
2744 5712 2992 5771 manendi
3038 5718 3363 5790 necessitas,

2084 5912 2097 5927 ,δ
2124 5910 2172 5929 ,Α
2184 5910 2265 5929 ψη...
2279 5908 2395 5929 ..ί-κν
