3874 6310
476 315 543 376 ἰι
1407 308 1497 366 DE
1539 304 1880 366 DOCTRINA
1919 302 2352 367 CHRISTIANA.
2389 305 2448 365 S.
2480 308 2850 369 AUGUSTINI
3701 317 3786 378 72

473 435 632 494 Tales
653 440 827 491 autem
854 425 1151 502 splrituales
1166 433 1318 482 erant
1333 422 1652 479 Patriarclue
1676 435 1739 478 ac
1754 417 2060 492 Prophetas,

473 539 767 597 omnesque
817 523 873 578 in
897 519 1095 591 populo
1136 514 1297 572 Israel
1335 529 1432 587 per
1473 528 1608 584 quos
1635 511 1788 568 nobis
1830 510 2062 580 Spiritus

475 630 690 678 sanctus
719 617 831 687 ipsa
858 611 1245 681 Scripturarum
1288 616 1343 662 et
1367 606 1560 662 auxilia
1585 613 1640 660 et
1677 602 1866 659 solatia
1894 600 2055 656 mitti-

474 709 678 770 stravit.
713 707 824 764 Hoc
860 717 988 760 vero
1016 708 1260 768 tempore
1295 706 1640 768 posteaquam
1671 691 2062 750 resurrectione

477 799 684 860 Domini
726 793 894 853 nostri
923 788 1411 848 manifestissimum
1462 783 1714 842 indicium
1772 792 1968 840 nostrae
1993 781 2060 836 li-

473 891 692 952 bertatis
711 887 905 951 illusit,
933 900 1030 942 nec
1055 897 1240 940 eorum
1270 880 1482 954 q-:idem
1506 875 2060 950 signorum,qua2jam

473 982 846 1053 intelligimus,
894 975 1206 1049 operatione
1241 970 1388 1045 gravi
1439 969 1643 1026 onerati
1693 982 1913 1026 sumus:
1962 964 2058 1023 sed

471 1073 713 1149 quadam
737 1085 898 1143 pauca
925 1083 1021 1140 pro
1057 1065 1257 1131 multis,
1284 1061 1579 1134 eademque
1611 1059 1751 1116 l‘actu
1778 1058 2050 1123 facillima,

390 1226 393 1228 _
473 1179 528 1226 et
554 1166 833 1224 intellectu
860 1159 1254 1234 augustissima,
1284 1165 1335 1211 et
1363 1153 1736 1211 observatione
1761 1151 2057 1208 castissima

473 1261 588 1332 ipse
617 1255 874 1315 Dominus
894 1263 951 1310 et
993 1250 1284 1324 apostolica
1311 1245 1528 1304 tradidit
1551 1244 1826 1316 disciplina
1863 1262 1878 1301 :
1904 1242 2058 1300 sicuti

471 1363 556 1412 est
572 1348 826 1423 Baptismi
850 1353 1263 1403 sacramentum.
1308 1347 1365 1396 et
1386 1337 1678 1396 celebratio
1715 1335 1958 1406 corporis
2003 1343 2060 1392 et

471 1444 744 1517 sanguinis
773 1438 1001 1497 Domini.
1017 1437 1149 1508 Quae
1163 1433 1526 1506 unusquisque
1544 1447 1668 1489 cum
1686 1429 1929 1502 percipit,
1950 1443 2058 1500 quo

472 1536 769 1596 referantur
796 1530 1026 1588 imbutus
1051 1527 1312 1601 agnoscit,
1351 1532 1410 1582 ut
1436 1540 1498 1582 ea
1529 1540 1634 1580 non
1656 1522 1855 1579 carnali
1882 1522 2056 1578 servi-

473 1638 604 1694 tute,
626 1626 722 1683 sed
765 1621 1023 1695 spirituali
1043 1620 1221 1691 potius
1240 1617 1487 1674 libertate
1527 1624 1832 1671 veneretur.
1864 1612 1935 1671 lJt
1962 1627 2060 1668 au-

472 1730 578 1779 tem
606 1719 832 1776 litteram
863 1713 1036 1786 sequi,
1075 1719 1131 1768 et
1165 1710 1316 1781 signa
1347 1723 1443 1779 pro
1467 1706 1631 1764 rebus
1656 1721 1777 1777 qua:
1802 1705 1868 1760 iis
1894 1703 2056 1777 signia

472 1816 696 1872 ﬁcantur
722 1809 988 1880 accipere,
1018 1803 1231 1862 servilis
1257 1799 1580 1858 inﬁrmitatis
1605 1807 1724 1864 est;
1757 1797 1829 1853 ita
1852 1795 2053 1854 inutili~

472 1917 554 1966 ter
580 1906 728 1978 signa
772 1898 1133 1972 interpretari,
1161 1896 1298 1953 male
1325 1893 1563 1964 vagantis
1587 1891 1786 1950 erroris
1830 1900 1930 1948 est.
1953 1889 2056 1959 Qui

470 2009 648 2058 autem
677 2012 782 2055 non
803 1993 1046 2064 intelligit
1083 1991 1210 2063 quid
1235 1987 1498 2062 signiﬁcet
1543 1986 1772 2058 signum,
1800 1995 1853 2039 et
1876 1993 2054 2040 tamen

469 2092 682 2163 signum
707 2101 830 2146 esse
867 2082 1132 2154 intelligit,
1163 2095 1265 2138 nec
1309 2079 1425 2150 ipse
1477 2076 1735 2147 premitur
1778 2074 2052 2131 servitute.

470 2181 656 2240 Melius
681 2188 764 2236 est
790 2183 966 2232 autem
987 2172 1072 2230 vel
1095 2171 1262 2244 premi
1290 2167 1598 2240 incognitis,
1625 2165 1720 2224 sed
1747 2166 1963 2222 utilibus
1977 2165 2054 2222 si-

471 2274 609 2347 gnis,
631 2287 790 2345 quam
819 2266 1073 2324 inutiliter
1099 2280 1163 2321 ea
1189 2259 1608 2334 interpretando,
1630 2274 1660 2314 a
1674 2257 1804 2330 jugo
1823 2257 2054 2315 servitu-

473 2365 540 2423 tis
566 2363 808 2420 eductam
845 2358 1107 2416 cervicem
1131 2354 1336 2426 laqueis
1355 2353 1557 2410 erroris
1582 2351 1840 2406 inserere.

471 2498 696 2558 CAPUT
723 2495 792 2554 Χ.
827 2525 891 2538 -
921 2492 1070 2552 Unde
1115 2493 1440 2563 dignoscatur
1464 2505 1531 2543 an
1560 2488 1780 2560 ﬁgurata
1813 2486 1878 2542 sit
1906 2485 2050 2541 locu-

545 2593 634 2647 tio.
657 2588 852 2660 Regula
873 2586 1140 2657 generalis.
1159 2581 1411 2639 Charitas.
1440 2578 1724 2652 Cupiditas.
1752 2575 2051 2650 Flagitium.

543 2680 784 2738 Fucinus.
821 2676 1046 2736 Utilitas.
1077 2673 1435 2744 Beneﬁcentia.

543 2818 630 2875 Μ.
664 2815 991 2872 lluicautem
1013 2808 1368 2865 observationi
1387 2823 1488 2878 qua
1509 2821 1759 2862 cavemus
1779 2804 2055 2875 figuratam

471 2911 815 2971 locutionem,
844 2906 895 2961 id
917 2913 1020 2971 ea,
1053 2903 1359 2958 translatam
1388 2898 1536 2969 quasi
1568 2898 1834 2969 propriam
1878 2895 2053 2966 sequi;

470 3000 802 3075 adiungenda
826 3001 985 3055 etiam
1015 2997 1102 3052 illa
1144 3003 1247 3058 est,
1277 3009 1345 3051 ne
1374 2995 1640 3065 propriam
1670 2991 1821 3063 quasi
1854 2992 2056 3061 ﬁgura-

470 3104 580 3152 tant
607 3093 834 3150 velimus
857 3089 1120 3160 accipere.
1143 3083 1596 3142 Demonstraudus
1626 3092 1708 3140 est
1735 3083 1892 3154 igitur
1913 3083 2057 3154 prius

471 3185 664 3243 modus
710 3180 1038 3240 invenienda:
1069 3177 1374 3237 locutionis.
1426 3176 1709 3246 propriane
1733 3191 1801 3230 an
1835 3177 2058 3248 ﬁgurata

471 3278 561 3335 sit.
591 3277 655 3333 Et
675 3277 776 3333 iste
793 3274 1013 3332 omnino
1033 3270 1226 3327 modus
1251 3277 1356 3335 est,
1379 3277 1437 3324 ιιι
1463 3266 1713 3340 quidquid
1737 3268 1789 3324 in
1811 3283 2060 3325 sertnoue

470 3371 651 3429 divino
687 3385 858 3441 neque
889 3367 954 3424 ad
985 3380 1192 3422 morum
1223 3361 1580 3429 honestatem,
1622 3374 1796 3432 neque
1839 3360 1906 3416 ad
1935 3360 2057 3416 ﬁdei

471 3467 746 3522 veritatem
776 3460 992 3534 proprie
1033 3457 1217 3515 rel'erri
1265 3465 1458 3527 potest,
1490 3454 1771 3526 ﬁguratqu
1801 3467 1920 3509 esse
1966 3467 2060 3510 co-

471 3573 715 3634 gnoscas.
749 3556 954 3614 Moram
1001 3553 1252 3610 honestas
1292 3549 1360 3606 ad
1413 3546 1736 3618 diligendum
1785 3547 1949 3602 Deum
2005 3555 2061 3602 et

472 3652 791 3725 proximum,
824 3645 946 3704 ﬁdei
992 3645 1187 3701 veritas
1228 3641 1293 3697 ad
1335 3637 1762 3712 cognoscendum
1797 3640 1960 3694 Deum
1991 3645 2047 3693 et

472 3745 770 3817 proximum
793 3742 1038 3813 pertinet.
1053 3736 1190 3808 Spes
1209 3743 1386 3791 autem
1414 3747 1508 3788 sua
1533 3731 1724 3804 cuique
1747 3741 1830 3786 est
1857 3729 1908 3785 in
1931 3745 2058 3784 con-

472 3837 694 3894 scientia
723 3834 955 3906 propria,
974 3826 1427 3904 quemadmodum
1455 3841 1517 3882 se
1535 3825 1698 3882 sentit
1722 3823 1790 3879 ad
1818 3822 2061 3880 dilectio-

471 3943 594 3986 nem
627 3927 718 3983 Dei
748 3935 802 3982 et
851 3923 1104 3997 proximi,
1140 3919 1602 3992 cognitionemque
1647 3918 1930 3988 prolicere.
1981 3915 2061 3972 De

472 4019 665 4091 quibus
689 4015 933 4071 omnibus
963 4013 1132 4084 primo
1151 4012 1288 4067 libro
1308 4008 1508 4065 dictum
1534 4016 1638 4065 est.

546 4109 634 4165 15.
673 4106 776 4164 Sed
797 4106 1044 4177 quoniam
1068 4103 1303 4175 proclive
1329 4109 1413 4157 est
1442 4099 1734 4156 humanum
1764 4116 1933 4172 genus
1952 4114 2058 4158 non

475 4217 541 4260 ex
562 4200 842 4257 momentis
863 4195 1292 4271 ipsiuslibidinis,
1326 4195 1420 4252 Sed
1453 4195 1628 4267 potius
1656 4205 2062 4253 suasconsuetu-

478 4294 620 4352 dinis
639 4291 907 4348 aestimare
933 4298 1167 4360 peccata,
1214 4287 1271 4342 lit
1295 4286 1610 4360 plerumque
1630 4295 1687 4341 ιιι
1714 4287 1939 4358 quisque
1973 4287 2062 4345 lio.

478 4387 681 4443 miuum
711 4399 772 4439 ea
803 4393 1006 4438 tantum
1032 4379 1296 4449 culpanda
1323 4379 1629 4444 arbitretur,
1665 4393 1784 4450 quae
1830 4392 1943 4434 suae
1975 4394 2060 4436 re-

473 4479 647 4550 gionis
673 4485 727 4533 et
753 4476 1004 4548 temporis
1025 4473 1271 4529 homines
1303 4472 1604 4543 vituperare
1629 4480 1787 4539 atque
1805 4469 2060 4528 damnare

473 4579 860 4625 consueverunt
879 4578 962 4632 ;ct
988 4584 1048 4623 ea
1071 4576 1274 4622 tantum
1298 4565 1566 4636 probanda
1587 4575 1748 4634 atque
1775 4562 2055 4630 laudanda,

473 4676 594 4733 qua:
633 4659 963 4715 consuetudo
1014 4673 1197 4713 eorum
1225 4673 1348 4712 cum
1375 4656 1568 4728 quibus
1595 4655 1741 4721 vivit,
1777 4653 2008 4709 admittit
2037 4668 2053 4708 :

476 4768 651 4825 eoque
679 4753 936 4824 contingit
981 4760 1037 4807 ut
1082 4752 1125 4807 si
1162 4750 1286 4820 quid
1328 4750 1601 4820 Scriptura
1628 4748 1710 4804 vel
1743 4746 2060 4818 pneceperit

473 4843 614 4920 quod
636 4844 886 4900 abhorret
912 4861 942 4898 a
992 4842 1378 4902 consuetudine
1422 4841 1773 4906 audientium,
1802 4841 1884 4898 vel
1913 4840 2055 4913 quod

474 4939 850 4999 ncnabltorret
891 4939 1204 5011 culpaverit,
1247 4939 1291 4994 si
1317 4939 1552 4995 animum
1570 4954 1754 4994 corum
1770 4937 1880 5009 jam
1910 4937 2054 4994 verbi

477 5032 644 5089 vinxit
665 5030 974 5097 auctoritas,
1016 5029 1290 5102 ﬁguratam
1342 5030 1661 5086 locutionem
1695 5038 1898 5101 putent.
1939 5027 2056 5085 Non

474 5135 649 5182 autem
681 5124 922 5197 przccipit
946 5125 1217 5193 Scriptura
1245 5123 1344 5178 nisi
1375 5122 1709 5191 cbaritatcm,
1759 5139 1856 5180 nec
1876 5125 2058 5195 culpat

475 5219 574 5274 nisi
603 5218 982 5291 cupiditatem;
1009 5225 1066 5276 et
1091 5235 1155 5274 eo
1186 5217 1345 5273 modo
1372 5217 1621 5274 informat
1665 5233 1841 5274 mores
1883 5218 2055 5273 ltomi-

478 5325 626 5364 num.
659 5310 788 5366 Item
815 5311 859 5366 si
897 5309 1132 5366 animum
1163 5310 1548 5381 praeoccupavit
1588 5309 1812 5380 alicujus
1855 5307 2053 5365 erroris

475 5403 678 5473 opinio,
697 5401 948 5473 quidquid
969 5404 1122 5459 aliter
1139 5403 1430 5460 asseruerit
1450 5403 1748 5474 Scriptura,
1770 5405 2051 5475 ﬁguratum

473 5491 720 5547 homines
740 5491 1084 5548 arbitrantur.
1115 5492 1231 5549 Non
1259 5502 1439 5549 autent
1480 5494 1671 5548 asserit
1696 5493 1794 5548 nisi
1822 5491 2050 5549 catholi-

471 5597 590 5639 cam
620 5580 796 5648 lidem,
811 5582 972 5639 rebus
995 5584 1295 5653 praeteritis,
1311 5599 1365 5640 et
1379 5582 1588 5650 futuris,
1607 5595 1659 5642 et
1681 5585 2045 5655 praiseutibus.

475 5674 870 5734 Praeteritorum
904 5678 1135 5731 narratio
1162 5686 1274 5744 est,
1317 5678 1610 5734 futurorum
1652 5679 2046 5751 pra-nuntiatio,

471 5767 810 5844 pra-sontium
834 5769 1216 5828 demonstratio
1238 5789 1250 5825 :
1270 5769 1364 5827 sed
1380 5771 1555 5828 omnia
1574 5770 1688 5829 inec
1713 5771 1780 5829 ad
1803 5773 2045 5832 eamdem

2167 421 2480 478 cltaritatem
2535 423 2872 482 nutriendam
2930 433 3091 496 atque
3147 427 3642 499 corroborandam,
3715 441 3778 490 et

2168 515 2511 641 qgnqiditatem
2565 518 2880 576 viueendam
2934 527 3095 594 atque
3148 522 3592 594 exstinguendam
3659 540 3777 580 va-

2187 687 2190 690 ’
2238 699 2324 758 16.
2364 701 2688 759 Cbaritatem
2738 718 2871 761 voco
2918 715 3118 761 motum
3145 704 3307 762 animi
3352 705 3420 763 ad
3464 705 3770 764 fruendum

2167 791 2276 849 Deo
2296 804 2513 864 promer
2528 795 2720 866 ipsum,
2735 804 2790 852 et
2803 805 3030 868 seatque
3049 799 3293 870 proximo
3317 811 3528 870 propter
3547 799 3732 855 Deum
3753 817 3771 856 :

2163 886 2506 956 cupiditatem
2534 899 2733 952 autem,
2766 900 2970 946 motum
2996 890 3159 946 animi
3187 890 3254 947 ad
3299 890 3582 948 fruendum
3611 910 3682 951 se
3707 903 3771 951 et

2165 978 2407 1050 proximo
2431 990 2486 1037 et
2513 981 2753 1052 quolibet
2781 997 3006 1053 corpore
3037 1000 3141 1039 non
3158 994 3374 1055 propter
3391 985 3575 1042 Deum.
3597 987 3770 1056 Quod

2162 1083 2338 1129 autem
2367 1075 2476 1146 agit
2501 1075 2754 1132 indomita
2779 1076 3042 1148 cupiditas
3067 1078 3133 1134 ad
3159 1080 3612 1150 corrumpendum
3640 1080 3769 1137 ani-

2162 1181 2306 1221 mum
2319 1175 2373 1222 et
2381 1181 2576 1237 corpus
2585 1183 2762 1234 suum,
2776 1169 3027 1240 ﬂagitium
3041 1179 3257 1227 vocatur
3271 1189 3284 1226 :
3298 1173 3439 1244 quod
3451 1180 3636 1229 autem
3649 1175 3769 1248 agit

2162 1265 2222 1314 ut
2234 1257 2386 1315 alteri
2408 1271 2616 1328 noceat,
2643 1262 2844 1317 facinus
2857 1259 3067 1318 dicitur.
3085 1261 3150 1319 Et
3169 1261 3284 1320 bare
3296 1273 3420 1322 sunt
3430 1263 3536 1339 duo
3550 1281 3765 1339 genera

2162 1265 2222 1314 ut
2234 1263 2386 1315 alteri
2408 1271 2616 1328 noceat,
2643 1263 2844 1317 facinus
2857 1263 3067 1318 dicitur.
3085 1263 3150 1319 Et
3169 1263 3284 1320 bare
3296 1273 3420 1322 sunt
3440 1325 3443 1331 ,
3469 1281 3536 1319 uo
3550 1281 3765 1339 genera

2160 1351 2398 1406 omnium
2416 1361 2749 1422 peccatorum
2765 1353 2891 1420 ;Stfd
2905 1351 3096 1424 ﬂagitia
3110 1354 3286 1427 priora
3311 1263 3604 1506 suntiQute
3629 1373 3765 1414 cum

2160 1445 2551 1501 exinauiverint
2569 1447 2827 1506 animum.
2845 1458 2896 1502 et
2915 1446 2980 1503 ad
3003 1448 3284 1506 quamdam
3309 1464 3434 1506 cites
3462 1460 3604 1506 item
3627 1465 3765 1506 ber-

2160 1445 2551 1501 esinauiverint
2569 1447 2827 1516 animum,
2845 1458 2896 1502 et
2915 1446 2980 1503 ad
3003 1448 3284 1520 quamdam
3309 1445 3604 1522 egestatem
3627 1465 3765 1522 per-

2159 1534 2431 1599 duxerint,
2456 1537 2509 1594 in
2528 1535 2762 1595 facinora
2781 1539 3069 1610 prosilitur,
3099 1555 3205 1614 quo
3241 1554 3624 1600 removeantur
3652 1545 3760 1601 im-

2161 1628 2464 1700 pedimenta
2488 1628 2824 1701 ﬂagitiorum,
2844 1631 3248 1702 autadjumenta
3270 1647 3600 1705 quaerantur.
3619 1635 3760 1695 Item

2158 1721 2299 1792 quod
2327 1721 2436 1794 agit
2472 1721 2707 1779 clnaritas
2730 1737 2834 1793 quo
2879 1723 2984 1779 sibi
3012 1725 3196 1795 prosit,
3228 1725 3425 1782 utilitas
3451 1735 3577 1785 est:
3606 1725 3760 1800 quod

2159 1823 2336 1870 autem
2375 1812 2483 1885 agit
2513 1822 2566 1868 ut
2610 1813 2777 1885 prosit
2806 1814 3068 1885 proximo,
3116 1815 3466 1874 beneﬁcentia
3493 1819 3754 1880 nomina-

2159 1917 2268 1963 tur.
2300 1905 2366 1962 Et
2390 1906 2475 1962 hic
2499 1905 2752 1977 “praecedit
2780 1906 3018 1975 utilitas;
3046 1908 3167 1981 quia
3197 1925 3356 1967 nemo
3385 1920 3558 1983 potest
3585 1927 3656 1970 es
3687 1928 3756 1970 eo

2158 1998 2298 2070 quod
2333 2014 2439 2055 non
2466 1997 2646 2067 habet,
2689 1997 2943 2071 prodesse
2969 1999 3143 2058 alteri.
3172 2001 3383 2072 Quanto
3408 2013 3590 2062 autem
3632 2020 3756 2062 ma-

2156 2091 2238 2162 gis
2270 2106 2491 2164 regnum
2507 2089 2811 2163 cupiditatis
2835 2090 3146 2164 destruitur,
3183 2101 3331 2152 tanto
3344 2095 3624 2155 charitatis
3649 2111 3750 2155 au-

2155 2191 2326 2256 getur.

2155 2320 2240 2377 CA
2254 2320 2386 2380 PU'I‘
2423 2321 2516 2378 Xl.
2537 2351 2605 2366 --
2629 2321 2824 2397 Regula
2862 2324 2925 2381 de
2964 2324 3028 2381 iis
3053 2339 3168 2398 qua
3205 2325 3448 2384 scvitiam
3487 2328 3744 2398 redolent,

2230 2422 2614 2491 referunturque
2640 2417 2967 2474 nihilominus
2991 2435 3056 2475 ea:
3075 2435 3288 2490 persona
3312 2420 3411 2478 Dei
3429 2421 3508 2478 vel
3531 2434 3745 2481 sancto-

2227 2525 2360 2565 rum.

2228 2645 2315 2703 l7.
2360 2645 2625 2718 Quidquid
2656 2663 2783 2719 ergo
2807 2665 3051 2721 asperum
3093 2660 3147 2708 et
3195 2650 3346 2724 quasi
3371 2666 3570 2709 sievum
3605 2651 3743 2712 iactu

2157 2737 2408 2811 dictuque
2434 2739 2484 2795 in
2529 2742 2727 2798 sanctis
2750 2742 3040 2814 Scriptnris
3084 2743 3277 2815 legitur
3303 2761 3367 2800 es
3399 2759 3628 2815 persona
3652 2745 3744 2804 Dei

2158 2831 2241 2888 vel
2273 2843 2574 2888 sanctorum
2610 2834 2746 2904 ejus,
2789 2835 2855 2891 ad
2884 2835 3186 2906 cupiditatis
3211 2852 3430 2908 regnum
3462 2836 3743 2893 destrueuo

2157 2922 2286 2980 dum
2316 2924 2476 2982 valet.
2502 2925 2653 2993 Quod
2681 2927 2725 2981 si
2756 2927 3030 2999 perspicue
3066 2938 3238 2995 sonat,
3267 2945 3371 2984 non
3402 2929 3570 2985 estad
3599 2927 3743 2986 aliud

2160 3015 2496 3073 referendum
2531 3018 2680 3090 quasi
2714 3019 2936 3090 ﬁgurate
2964 3019 3163 3076 dictum
3197 3022 3283 3076 sit.
3313 3019 3477 3077 Sicuti
3504 3030 3587 3076 est
3616 3018 3741 3076 illud

2159 3109 2397 3181 Apostoli
2426 3127 2439 3164 :
2471 3107 2803 3166 Thesaurisas
2826 3111 2914 3166 tibi
2942 3111 3071 3166 iram
3095 3111 3148 3166 in
3174 3111 3256 3167 die
3293 3112 3383 3167 ira:
3405 3123 3453 3167 et
3477 3111 3743 3169 revelatioo

2161 3201 2240 3257 nis
2276 3201 2410 3273 jnsti
2442 3201 2631 3273 judicii
2676 3201 2787 3263 Dei.
2817 3201 2905 3274 qui
2942 3203 3115 3258 reddet
3158 3204 3425 3276 unicuique
3468 3204 3744 3259 secundum

2160 3310 2312 3365 opera
2335 3310 2428 3348 sna
2455 3308 2475 3348 :
2501 3294 2566 3348 iis
2590 3295 2790 3365 quidem
2829 3295 2916 3366 qui
2951 3295 3224 3351 secundum
3247 3296 3596 3352 sustinentium
3621 3297 3742 3351 boni

2161 3385 2344 3454 operis,
2372 3383 2587 3456 gloriam
2617 3395 2663 3442 et
2683 3386 2923 3441 honorem
2945 3396 2991 3440 et
3014 3386 3438 3458 incorruptionem
3468 3387 3742 3459 querenti-

2162 3476 2273 3540 bus,
2297 3478 2446 3532 vitam
2469 3489 2709 3534 aeternam
2726 3497 2745 3545 ;
2765 3480 2832 3534 iis
2861 3490 3024 3534 autem
3047 3481 3136 3553 qui
3162 3497 3226 3536 ex
3260 3481 3575 3536 contentione
3606 3488 3740 3544 sunt,

2162 3579 2208 3622 et
2227 3569 2458 3640 difﬁdunt
2485 3570 2700 3638 ueritati,
2724 3571 2930 3625 credunt
2949 3581 3117 3627 autem
3135 3571 3407 3643 iniquitati,
3437 3572 3515 3626 ira
3541 3582 3592 3627 et
3615 3571 3745 3626 indi-

2161 3663 2350 3733 gnatio.
2372 3661 2649 3718 Tribulutio
2675 3674 2720 3719 et
2739 3665 2968 3736 angustia
2991 3664 3042 3720 in
3071 3681 3265 3720 omnem
3287 3665 3508 3720 animam
3528 3664 3742 3720 hominis

2163 3755 2416 3826 operantis
2446 3754 2656 3823 malum,
2687 3754 2859 3811 Judwi
2887 3757 3104 3826 primum
3147 3766 3193 3811 et
3218 3755 3383 3812 (ἐνωεὶ
3407 3755 3580 3828 (Rom.
3603 3758 3739 3823 n.5-

2162 3846 2240 3919 9).
2267 3844 2370 3903 Sed
2395 3847 2494 3903 hoc
2518 3847 2584 3902 ad
2601 3863 2714 3913 eos,
2746 3862 2866 3904 cum
2892 3849 3087 3918 quibus
3119 3849 3374 3904 evertitur
3395 3849 3504 3918 ipsa
3536 3849 3740 3922 cupidi-

2165 3947 2266 4007 tas,
2293 3939 2382 4012 qui
2433 3954 2550 3996 eam
2582 3940 2793 3997 vincere
2841 3940 3139 3996 uoluerunt.
3169 3940 3304 3998 Cum
3345 3951 3523 3997 autem
3549 3942 3602 3998 in
3650 3941 3741 3998 ho-

2164 4035 2308 4090 mine
2334 4034 2419 4090 cui
2444 4033 2834 4104 dominabatur,
2853 4049 3012 4107 regna
3023 4034 3324 4105 cupiditatis
3343 4035 3737 4102 subvertantur,

2169 4125 2253 4183 illa
2279 4136 2361 4184 est
2401 4139 2581 4198 aperta
2607 4127 2800 4182 locutio
2832 4145 2845 4182 :
2877 4128 2975 4194 Qui
3010 4138 3178 4184 autent
3229 4127 3353 4184 Iesu
3381 4127 3566 4184 Christi
3602 4139 3736 4197 sunt,

2162 4237 2362 4277 carnem
2393 4238 2538 4276 suam
2565 4222 2919 4291 cruci/iterant
2949 4237 3061 4276 cum
3104 4221 3458 4293 passionibus'
3487 4232 3532 4277 et
3555 4239 3739 4280 concu-

2162 4314 2418 4387 piscentiis
2454 4312 2648 4383 (Galnt.
2695 4330 2758 4381 v,
2798 4313 2908 4385 24).
2953 4313 3060 4370 Nisi
3109 4316 3228 4386 quia
3273 4325 3326 4372 et
3368 4316 3453 4372 hic
3499 4316 3738 4388 quaedam

2162 4407 2323 4463 verba
2367 4407 2616 4462 translata
2659 4416 2976 4475 tractantur,
3024 4409 3176 4465 sicuti
3224 4419 3326 4474 est,
3362 4410 3438 4464 ira
3475 4409 3606 4474 Dei,
3659 4418 3736 4475 cl,

2162 4499 2517 4569 cruci/imorum
2569 4514 2584 4553 :
2627 4498 2719 4554 sed
2764 4515 2866 4553 non
2918 4509 3022 4554 tam
3054 4501 3214 4555 multa
3246 4509 3390 4566 sunt,
3419 4502 3499 4555 vel
3531 4502 3602 4557 ita
3646 4516 3736 4571 po-

2162 4593 2284 4658 sita,
2318 4602 2370 4647 nt
2419 4592 2669 4661 obtegam
2697 4607 2934 4655 SNISIIHI.
2965 4604 3019 4648 et
3065 4594 3370 4664 allegoriam
3399 4595 3479 4650 vel
3515 4596 3732 4667 a-nigma

2162 4683 2376 4753 faciant,
2391 4700 2546 4754 quam
2567 4686 2775 4755 proprie
2789 4685 3058 4756 ﬁguratam
3080 4685 3400 4742 lorutionem
3419 4701 3570 4742 Voca.
3590 4684 3734 4756 Quod

2162 4787 2336 4832 autem
2385 4776 2630 4831 δίει-θυήεις
2671 4776 2882 4840 dicitur,
2932 4776 3062 4831 Ecce
3085 4779 3321 4832 constifut'
3354 4787 3400 4833 te
3424 4778 3571 4833 hodie
3589 4793 3735 4848 super

2160 4878 2328 4939 gentes
2355 4877 2401 4922 et
2429 4883 2603 4940 regna,
2635 4878 2688 4921 ut
2712 4870 2914 4928 cubitus.
2953 4879 2997 4923 et
3023 4868 3274 4936 destruas,
3311 4879 3356 4924 et
3382 4869 3667 4942 disperdas,
3691 4876 3733 4922 et

2160 4962 2373 5034 dissipes
2398 4959 2665 5035 (loreum,
2695 4962 2782 5034 10)
2805 4978 2820 5028 ;
2841 4962 3174 5018 nondttbtum
3203 4962 3566 5035 quinﬂgurata
3595 4963 3734 5020 locn-

2161 5055 2234 5110 tio
2264 5061 2368 5110 tota
2387 5054 2475 5121 sit,
2503 5053 2568 5108 ad
2596 5069 2718 5109 eum
2741 5055 2900 5110 linem
2927 5053 3202 5110 referenda
3227 5069 3385 5126 quem
3425 5054 3677 5110 diximus.

2159 5163 2243 5219 CA
2255 5163 2386 5220 PUT
2415 5162 2525 5219 XII.
2555 5194 2625 5204 —
2656 5163 2851 5236 Regula
2877 5165 2942 5218 de
2965 5163 3112 5219 dictis
3139 5174 3186 5218 ct
3225 5164 3374 5234 factis
3407 5165 3554 5236 quasi
3578 5163 3728 5237 ﬂagi-

2231 5257 2370 5312 tiosis
2395 5257 2738 5329 imperitarunt
2756 5257 2984 5331 judicio,
3024 5274 3137 5329 qua:
3164 5255 3270 5312 Deo
3297 5259 3372 5314 vel
3397 5259 3584 5314 sanctis
3609 5257 3732 5313 ~sirit

2231 5349 2534 5403 tribuuntur.
2571 5346 2731 5403 Facta
2748 5348 3038 5418 judicantut
3070 5365 3134 5403 ex
3151 5340 3558 5405 cirCttirtstrtntiis.

2234 5459 2320 5517 18.
2349 5462 2478 5529 Qua:
2501 5472 2676 5516 autem
2697 5460 2846 5532 quasi
2875 5461 3130 5534 ﬂagitiosa
3162 5461 3422 5533 imperitis
3447 5462 3690 5518 videntur
3711 5499 3726 5526 .

2161 5558 2274 5614 sive
2301 5567 2503 5612 tantum
2533 5555 2693 5622 dicta,
2724 5555 2837 5611 sive
2865 5555 3024 5612 etiam
3055 5555 3191 5612 fama
3221 5565 3365 5624 sunt,
3407 5555 3489 5613 vel
3530 5572 3596 5613 ex
3641 5553 3724 5614 Dei

2221 5721 2236 5754 ι
2265 5717 2398 5788 Editi,
2425 5715 2581 5777 uitiis;
2601 5730 2686 5788 pro
2705 5729 2802 5780 quo
2825 5723 2949 5774 Mss,
2966 5710 3278 5788 passimtibtts,
3300 5722 3426 5788 Itane
3443 5729 3610 5770 vocem
3628 5713 3729 5770 redv

2155 5784 2225 5835 (ιιι
2245 5802 2260 5848 ι
2277 5783 2420 5834 assint
2446 5781 2734 5846 Augustinus
2757 5792 2842 5843 pro
2864 5790 3040 5842 gum,
3059 5781 3146 5829 tuis
3169 5781 3416 5843 puteum.
