  <div class='ocr_page' id='page_1' title='image "/cluster/home/n/w/nwhite01/storage/ocr_20150623/34/uva.x000826574/048.png"; bbox 0 0 3874 6326; ppageno 0'>
   <div class='ocr_carea' id='block_1_1' title="bbox 167 258 1707 390">
    <p class='ocr_par' dir='ltr' id='par_1_1' title="bbox 167 258 1703 362">
     <span class='ocr_line' id='line_1_1' title="bbox 167 258 1703 362; baseline 0.005 -13"><span class='ocrx_word' id='word_1_1' title='bbox 167 302 223 362; x_wconf 71' lang='grc' dir='ltr'><strong>π.</strong></span> <span class='ocrx_word' id='word_1_2' title='bbox 1052 258 1059 296; x_wconf 70' lang='grc'><em>⁵</em></span> <span class='ocrx_word' id='word_1_3' title='bbox 1124 286 1127 293; x_wconf 88' lang='grc'><em>’</em></span> <span class='ocrx_word' id='word_1_4' title='bbox 1498 299 1703 357; x_wconf 73' lang='lat' dir='ltr'><strong>manu</strong></span> 
     </span>
    </p>
   </div>
   <div class='ocr_carea' id='block_1_2' title="bbox 1818 258 3416 390">
    <p class='ocr_par' dir='ltr' id='par_1_2' title="bbox 1818 261 3416 390">
     <span class='ocr_line' id='line_1_2' title="bbox 1818 261 3416 390; baseline 0.019 -31"><span class='ocrx_word' id='word_1_5' title='bbox 1818 301 2059 365; x_wconf 77' lang='lat' dir='ltr'><strong>iRTlUS.</strong></span> <span class='ocrx_word' id='word_1_6' title='bbox 2344 261 2352 270; x_wconf 56' lang='grc'><em>’</em></span> <span class='ocrx_word' id='word_1_7' title='bbox 2406 290 2407 293; x_wconf 43' lang='lat'>‘</span> <span class='ocrx_word' id='word_1_8' title='bbox 2710 262 2713 263; x_wconf 12' lang='grc' dir='ltr'>ί</span> <span class='ocrx_word' id='word_1_9' title='bbox 3347 331 3416 390; x_wconf 72' lang='lat' dir='ltr'><strong>rs</strong></span> 
     </span>
    </p>
   </div>
   <div class='ocr_carea' id='block_1_3' title="bbox 167 408 1727 490">
    <p class='ocr_par' dir='ltr' id='par_1_3' title="bbox 167 408 1727 490">
     <span class='ocr_line' id='line_1_3' title="bbox 167 408 1727 490; baseline -0.002 -17"><span class='ocrx_word' id='word_1_10' title='bbox 167 432 402 490; x_wconf 76' lang='lat' dir='ltr'><strong>persona,</strong></span> <span class='ocrx_word' id='word_1_11' title='bbox 464 413 551 472; x_wconf 90' lang='lat' dir='ltr'><strong>vel</strong></span> <span class='ocrx_word' id='word_1_12' title='bbox 591 430 658 470; x_wconf 88' lang='lat' dir='ltr'><strong>ex</strong></span> <span class='ocrx_word' id='word_1_13' title='bbox 702 408 975 469; x_wconf 79' lang='lat' dir='ltr'><strong>hominum</strong></span> <span class='ocrx_word' id='word_1_14' title='bbox 1010 428 1233 485; x_wconf 91' lang='lat' dir='ltr'><strong>quorum</strong></span> <span class='ocrx_word' id='word_1_15' title='bbox 1285 413 1438 469; x_wconf 93' lang='lat' dir='ltr'><strong>nobis</strong></span> <span class='ocrx_word' id='word_1_16' title='bbox 1478 416 1727 470; x_wconf 90' lang='lat' dir='ltr'><strong>sanctitas</strong></span> 
     </span>
    </p>
   </div>
   <div class='ocr_carea' id='block_1_4' title="bbox 165 505 1723 577">
    <p class='ocr_par' dir='ltr' id='par_1_4' title="bbox 165 505 1723 577">
     <span class='ocr_line' id='line_1_4' title="bbox 165 505 1723 577; baseline -0.004 -10"><span class='ocrx_word' id='word_1_17' title='bbox 165 508 574 575; x_wconf 78' lang='lat' dir='ltr'><strong>commendatur,</strong></span> <span class='ocrx_word' id='word_1_18' title='bbox 594 515 704 563; x_wconf 89' lang='lat' dir='ltr'><strong>tota</strong></span> <span class='ocrx_word' id='word_1_19' title='bbox 736 506 952 577; x_wconf 89' lang='lat' dir='ltr'><strong>figurata</strong></span> <span class='ocrx_word' id='word_1_20' title='bbox 985 514 1107 561; x_wconf 90' lang='lat' dir='ltr'><strong>sunt</strong></span> <span class='ocrx_word' id='word_1_21' title='bbox 1138 524 1150 559; x_wconf 91' lang='lat'>:</span> <span class='ocrx_word' id='word_1_22' title='bbox 1180 520 1404 576; x_wconf 90' lang='lat' dir='ltr'><strong>quorum</strong></span> <span class='ocrx_word' id='word_1_23' title='bbox 1440 505 1506 559; x_wconf 89' lang='lat' dir='ltr'><strong>ad</strong></span> <span class='ocrx_word' id='word_1_24' title='bbox 1546 506 1723 561; x_wconf 86' lang='lat' dir='ltr'><strong>chari-</strong></span> 
     </span>
    </p>
   </div>
   <div class='ocr_carea' id='block_1_5' title="bbox 164 597 1722 671">
    <p class='ocr_par' dir='ltr' id='par_1_5' title="bbox 164 597 1722 671">
     <span class='ocr_line' id='line_1_5' title="bbox 164 597 1722 671; baseline -0.003 -14"><span class='ocrx_word' id='word_1_25' title='bbox 164 606 265 657; x_wconf 85' lang='lat' dir='ltr'><strong>tatis</strong></span> <span class='ocrx_word' id='word_1_26' title='bbox 289 609 503 671; x_wconf 85' lang='lat' dir='ltr'><strong>pastum</strong></span> <span class='ocrx_word' id='word_1_27' title='bbox 531 598 852 655; x_wconf 89' lang='lat' dir='ltr'><strong>enucleanda</strong></span> <span class='ocrx_word' id='word_1_28' title='bbox 873 608 1072 654; x_wconf 87' lang='lat' dir='ltr'><strong>secreta</strong></span> <span class='ocrx_word' id='word_1_29' title='bbox 1098 606 1239 652; x_wconf 91' lang='lat' dir='ltr'><strong>sunt.</strong></span> <span class='ocrx_word' id='word_1_30' title='bbox 1268 597 1517 666; x_wconf 86' lang='lat' dir='ltr'><strong>Quisquis</strong></span> <span class='ocrx_word' id='word_1_31' title='bbox 1546 606 1722 655; x_wconf 87' lang='lat' dir='ltr'><strong>autem</strong></span> 
     </span>
    </p>
   </div>
   <div class='ocr_carea' id='block_1_6' title="bbox 163 688 1725 761">
    <p class='ocr_par' dir='ltr' id='par_1_6' title="bbox 163 688 1725 761">
     <span class='ocr_line' id='line_1_6' title="bbox 163 688 1725 761; baseline -0.003 -14"><span class='ocrx_word' id='word_1_32' title='bbox 163 693 300 748; x_wconf 83' lang='lat' dir='ltr'><strong>rebus</strong></span> <span class='ocrx_word' id='word_1_33' title='bbox 340 688 792 761; x_wconf 64' lang='lat' dir='ltr'><strong>praetereuntibus</strong></span> <span class='ocrx_word' id='word_1_34' title='bbox 836 688 1127 744; x_wconf 73' lang='lat' dir='ltr'><strong>restrictius</strong></span> <span class='ocrx_word' id='word_1_35' title='bbox 1171 688 1368 753; x_wconf 90' lang='lat' dir='ltr'><strong>utitur,</strong></span> <span class='ocrx_word' id='word_1_36' title='bbox 1415 702 1573 756; x_wconf 88' lang='lat' dir='ltr'><strong>quam</strong></span> <span class='ocrx_word' id='word_1_37' title='bbox 1605 702 1725 743; x_wconf 89' lang='lat' dir='ltr'><strong>sese</strong></span> 
     </span>
    </p>
   </div>
   <div class='ocr_carea' id='block_1_7' title="bbox 166 779 1718 851">
    <p class='ocr_par' dir='ltr' id='par_1_7' title="bbox 166 779 1718 851">
     <span class='ocr_line' id='line_1_7' title="bbox 166 779 1718 851; baseline -0.005 -12"><span class='ocrx_word' id='word_1_38' title='bbox 166 785 338 839; x_wconf 80' lang='lat' dir='ltr'><strong>habent</strong></span> <span class='ocrx_word' id='word_1_39' title='bbox 386 797 574 838; x_wconf 88' lang='lat' dir='ltr'><strong>mores</strong></span> <span class='ocrx_word' id='word_1_40' title='bbox 618 796 803 836; x_wconf 90' lang='lat' dir='ltr'><strong>eorum</strong></span> <span class='ocrx_word' id='word_1_41' title='bbox 850 796 969 835; x_wconf 91' lang='lat' dir='ltr'><strong>cum</strong></span> <span class='ocrx_word' id='word_1_42' title='bbox 999 779 1189 851; x_wconf 88' lang='lat' dir='ltr'><strong>quibus</strong></span> <span class='ocrx_word' id='word_1_43' title='bbox 1216 779 1363 846; x_wconf 86' lang='lat' dir='ltr'><strong>vivit,</strong></span> <span class='ocrx_word' id='word_1_44' title='bbox 1396 786 1487 833; x_wconf 90' lang='lat' dir='ltr'><strong>aut</strong></span> <span class='ocrx_word' id='word_1_45' title='bbox 1516 787 1718 849; x_wconf 88' lang='lat' dir='ltr'><strong>tempe-</strong></span> 
     </span>
    </p>
   </div>
   <div class='ocr_carea' id='block_1_8' title="bbox 160 871 1721 944">
    <p class='ocr_par' dir='ltr' id='par_1_8' title="bbox 160 871 1721 944">
     <span class='ocr_line' id='line_1_8' title="bbox 160 871 1721 944; baseline -0.003 -14"><span class='ocrx_word' id='word_1_46' title='bbox 160 890 264 930; x_wconf 82' lang='lat' dir='ltr'><strong>rans</strong></span> <span class='ocrx_word' id='word_1_47' title='bbox 300 882 393 929; x_wconf 83' lang='lat' dir='ltr'><strong>aut</strong></span> <span class='ocrx_word' id='word_1_48' title='bbox 441 873 844 944; x_wconf 82' lang='lat' dir='ltr'><strong>superstitiosus</strong></span> <span class='ocrx_word' id='word_1_49' title='bbox 887 881 969 926; x_wconf 88' lang='lat' dir='ltr'><strong>est</strong></span> <span class='ocrx_word' id='word_1_50' title='bbox 1011 890 1025 927; x_wconf 91' lang='lat'><strong>:</strong></span> <span class='ocrx_word' id='word_1_51' title='bbox 1073 871 1310 943; x_wconf 85' lang='lat' dir='ltr'><strong>quisquis</strong></span> <span class='ocrx_word' id='word_1_52' title='bbox 1354 886 1484 927; x_wconf 90' lang='lat' dir='ltr'><strong>vero</strong></span> <span class='ocrx_word' id='word_1_53' title='bbox 1521 873 1598 927; x_wconf 93' lang='lat' dir='ltr'><strong>sic</strong></span> <span class='ocrx_word' id='word_1_54' title='bbox 1644 872 1721 926; x_wconf 91' lang='lat' dir='ltr'><strong>eis</strong></span> 
     </span>
    </p>
   </div>
   <div class='ocr_carea' id='block_1_9' title="bbox 160 963 1719 1035">
    <p class='ocr_par' dir='ltr' id='par_1_9' title="bbox 160 963 1719 1035">
     <span class='ocr_line' id='line_1_9' title="bbox 160 963 1719 1035; baseline -0.003 -12"><span class='ocrx_word' id='word_1_55' title='bbox 160 970 335 1034; x_wconf 89' lang='lat' dir='ltr'><strong>utitur,</strong></span> <span class='ocrx_word' id='word_1_56' title='bbox 366 975 426 1021; x_wconf 91' lang='lat' dir='ltr'><strong>ut</strong></span> <span class='ocrx_word' id='word_1_57' title='bbox 463 980 637 1021; x_wconf 86' lang='lat' dir='ltr'><strong>metas</strong></span> <span class='ocrx_word' id='word_1_58' title='bbox 666 964 1061 1021; x_wconf 85' lang='lat' dir='ltr'><strong>consuetudinis</strong></span> <span class='ocrx_word' id='word_1_59' title='bbox 1100 963 1361 1019; x_wconf 84' lang='lat' dir='ltr'><strong>bonontm</strong></span> <span class='ocrx_word' id='word_1_60' title='bbox 1409 966 1548 1021; x_wconf 91' lang='lat' dir='ltr'><strong>inter</strong></span> <span class='ocrx_word' id='word_1_61' title='bbox 1583 980 1719 1035; x_wconf 91' lang='lat' dir='ltr'><strong>quos</strong></span> 
     </span>
    </p>
   </div>
   <div class='ocr_carea' id='block_1_10' title="bbox 160 1055 1718 1125">
    <p class='ocr_par' dir='ltr' id='par_1_10' title="bbox 160 1055 1718 1125">
     <span class='ocr_line' id='line_1_10' title="bbox 160 1055 1718 1125; baseline -0.003 -12"><span class='ocrx_word' id='word_1_62' title='bbox 160 1067 394 1122; x_wconf 73' lang='lat' dir='ltr'><strong>versatur,</strong></span> <span class='ocrx_word' id='word_1_63' title='bbox 425 1056 675 1121; x_wconf 82' lang='lat' dir='ltr'><strong>excedat,</strong></span> <span class='ocrx_word' id='word_1_64' title='bbox 693 1055 995 1125; x_wconf 89' lang='lat' dir='ltr'><strong>antaliquid</strong></span> <span class='ocrx_word' id='word_1_65' title='bbox 1021 1055 1297 1125; x_wconf 73' lang='lat' dir='ltr'><strong>significat,</strong></span> <span class='ocrx_word' id='word_1_66' title='bbox 1318 1064 1408 1109; x_wconf 91' lang='lat' dir='ltr'><strong>aut</strong></span> <span class='ocrx_word' id='word_1_67' title='bbox 1428 1055 1718 1125; x_wconf 89' lang='lat' dir='ltr'><strong>ﬂagitiosus</strong></span> 
     </span>
    </p>
   </div>
   <div class='ocr_carea' id='block_1_11' title="bbox 159 1146 1717 1214">
    <p class='ocr_par' dir='ltr' id='par_1_11' title="bbox 159 1146 1717 1214">
     <span class='ocr_line' id='line_1_11' title="bbox 159 1146 1717 1214; baseline -0.003 -9"><span class='ocrx_word' id='word_1_68' title='bbox 159 1160 238 1206; x_wconf 75' lang='lat' dir='ltr'><strong>est.</strong></span> <span class='ocrx_word' id='word_1_69' title='bbox 276 1149 329 1204; x_wconf 91' lang='lat' dir='ltr'><strong>ln</strong></span> <span class='ocrx_word' id='word_1_70' title='bbox 367 1147 623 1202; x_wconf 90' lang='lat' dir='ltr'><strong>omnibus</strong></span> <span class='ocrx_word' id='word_1_71' title='bbox 668 1147 808 1201; x_wconf 90' lang='lat' dir='ltr'><strong>enim</strong></span> <span class='ocrx_word' id='word_1_72' title='bbox 842 1146 1033 1201; x_wconf 91' lang='lat' dir='ltr'><strong>talibus</strong></span> <span class='ocrx_word' id='word_1_73' title='bbox 1070 1161 1175 1201; x_wconf 92' lang='lat' dir='ltr'><strong>non</strong></span> <span class='ocrx_word' id='word_1_74' title='bbox 1214 1160 1340 1200; x_wconf 90' lang='lat' dir='ltr'><strong>usus</strong></span> <span class='ocrx_word' id='word_1_75' title='bbox 1376 1162 1576 1214; x_wconf 90' lang='lat' dir='ltr'><strong>rerum,</strong></span> <span class='ocrx_word' id='word_1_76' title='bbox 1622 1147 1717 1201; x_wconf 86' lang='lat' dir='ltr'><strong>sed</strong></span> 
     </span>
    </p>
   </div>
   <div class='ocr_carea' id='block_1_12' title="bbox 158 1237 1714 1309">
    <p class='ocr_par' dir='ltr' id='par_1_12' title="bbox 158 1237 1714 1309">
     <span class='ocr_line' id='line_1_12' title="bbox 158 1237 1714 1309; baseline -0.003 -14"><span class='ocrx_word' id='word_1_77' title='bbox 158 1241 298 1295; x_wconf 88' lang='lat' dir='ltr'><strong>libido</strong></span> <span class='ocrx_word' id='word_1_78' title='bbox 320 1240 526 1294; x_wconf 90' lang='lat' dir='ltr'><strong>utentis</strong></span> <span class='ocrx_word' id='word_1_79' title='bbox 555 1240 608 1293; x_wconf 92' lang='lat' dir='ltr'><strong>in</strong></span> <span class='ocrx_word' id='word_1_80' title='bbox 630 1239 783 1309; x_wconf 90' lang='lat' dir='ltr'><strong>culpa</strong></span> <span class='ocrx_word' id='word_1_81' title='bbox 808 1246 908 1293; x_wconf 91' lang='lat' dir='ltr'><strong>est.</strong></span> <span class='ocrx_word' id='word_1_82' title='bbox 933 1237 1114 1307; x_wconf 72' lang='lat' dir='ltr'><strong>Neque</strong></span> <span class='ocrx_word' id='word_1_83' title='bbox 1137 1238 1243 1292; x_wconf 88' lang='lat' dir='ltr'><strong>ullo</strong></span> <span class='ocrx_word' id='word_1_84' title='bbox 1261 1238 1417 1291; x_wconf 88' lang='lat' dir='ltr'><strong>modo</strong></span> <span class='ocrx_word' id='word_1_85' title='bbox 1436 1237 1714 1307; x_wconf 84' lang='lat' dir='ltr'><strong>quisquam</strong></span> 
     </span>
    </p>
   </div>
   <div class='ocr_carea' id='block_1_13' title="bbox 158 1328 1714 1401">
    <p class='ocr_par' dir='ltr' id='par_1_13' title="bbox 158 1328 1714 1401">
     <span class='ocr_line' id='line_1_13' title="bbox 158 1328 1714 1401; baseline -0.003 -14"><span class='ocrx_word' id='word_1_86' title='bbox 158 1332 342 1387; x_wconf 87' lang='lat' dir='ltr'><strong>sobrius</strong></span> <span class='ocrx_word' id='word_1_87' title='bbox 369 1331 687 1397; x_wconf 86' lang='lat' dir='ltr'><strong>crediderit,</strong></span> <span class='ocrx_word' id='word_1_88' title='bbox 722 1330 926 1385; x_wconf 88' lang='lat' dir='ltr'><strong>Domini</strong></span> <span class='ocrx_word' id='word_1_89' title='bbox 968 1328 1132 1399; x_wconf 86' lang='lat' dir='ltr'><strong>pedes</strong></span> <span class='ocrx_word' id='word_1_90' title='bbox 1177 1330 1245 1383; x_wconf 85' lang='lat' dir='ltr'><strong>ita</strong></span> <span class='ocrx_word' id='word_1_91' title='bbox 1288 1337 1556 1401; x_wconf 84' lang='lat' dir='ltr'><strong>unguento</strong></span> <span class='ocrx_word' id='word_1_92' title='bbox 1591 1345 1714 1399; x_wconf 88' lang='lat' dir='ltr'><strong>pre-</strong></span> 
     </span>
    </p>
   </div>
   <div class='ocr_carea' id='block_1_14' title="bbox 157 1422 1715 1494">
    <p class='ocr_par' dir='ltr' id='par_1_14' title="bbox 157 1422 1715 1494">
     <span class='ocr_line' id='line_1_14' title="bbox 157 1422 1715 1494; baseline -0.001 -15"><span class='ocrx_word' id='word_1_93' title='bbox 157 1427 271 1481; x_wconf 81' lang='lat' dir='ltr'><strong>tioso</strong></span> <span class='ocrx_word' id='word_1_94' title='bbox 303 1440 333 1478; x_wconf 91' lang='lat' dir='ltr'><strong>a</strong></span> <span class='ocrx_word' id='word_1_95' title='bbox 363 1425 599 1480; x_wconf 86' lang='lat' dir='ltr'><strong>muliere</strong></span> <span class='ocrx_word' id='word_1_96' title='bbox 629 1423 868 1494; x_wconf 79' lang='lat' dir='ltr'><strong>perfusos</strong></span> <span class='ocrx_word' id='word_1_97' title='bbox 893 1422 1071 1494; x_wconf 87' lang='lat' dir='ltr'><strong>(Joan.</strong></span> <span class='ocrx_word' id='word_1_98' title='bbox 1106 1424 1301 1493; x_wconf 76' lang='lat' dir='ltr'><strong>xu,5),</strong></span> <span class='ocrx_word' id='word_1_99' title='bbox 1335 1432 1390 1478; x_wconf 92' lang='lat' dir='ltr'><strong>ut</strong></span> <span class='ocrx_word' id='word_1_100' title='bbox 1416 1424 1715 1478; x_wconf 77' lang='lat' dir='ltr'><strong>luxurioso—</strong></span> 
     </span>
    </p>
   </div>
   <div class='ocr_carea' id='block_1_15' title="bbox 156 1515 1713 1587">
    <p class='ocr_par' dir='ltr' id='par_1_15' title="bbox 156 1515 1713 1587">
     <span class='ocr_line' id='line_1_15' title="bbox 156 1515 1713 1587; baseline -0.001 -16"><span class='ocrx_word' id='word_1_101' title='bbox 156 1532 251 1572; x_wconf 85' lang='lat' dir='ltr'><strong>rum</strong></span> <span class='ocrx_word' id='word_1_102' title='bbox 273 1523 322 1571; x_wconf 87' lang='lat' dir='ltr'><strong>et</strong></span> <span class='ocrx_word' id='word_1_103' title='bbox 347 1531 583 1587; x_wconf 87' lang='lat' dir='ltr'><strong>nequam</strong></span> <span class='ocrx_word' id='word_1_104' title='bbox 612 1515 886 1570; x_wconf 87' lang='lat' dir='ltr'><strong>hominum</strong></span> <span class='ocrx_word' id='word_1_105' title='bbox 907 1515 1099 1577; x_wconf 86' lang='lat' dir='ltr'><strong>solent,</strong></span> <span class='ocrx_word' id='word_1_106' title='bbox 1124 1530 1348 1585; x_wconf 91' lang='lat' dir='ltr'><strong>quorum</strong></span> <span class='ocrx_word' id='word_1_107' title='bbox 1372 1515 1494 1569; x_wconf 88' lang='lat' dir='ltr'><strong>talia</strong></span> <span class='ocrx_word' id='word_1_108' title='bbox 1527 1516 1713 1570; x_wconf 80' lang='lat' dir='ltr'><strong>convi-</strong></span> 
     </span>
    </p>
   </div>
   <div class='ocr_carea' id='block_1_16' title="bbox 157 1606 1709 1675">
    <p class='ocr_par' dir='ltr' id='par_1_16' title="bbox 157 1606 1709 1675">
     <span class='ocr_line' id='line_1_16' title="bbox 157 1606 1709 1675; baseline 0.001 -15"><span class='ocrx_word' id='word_1_109' title='bbox 157 1607 223 1661; x_wconf 79' lang='lat' dir='ltr'><strong>via</strong></span> <span class='ocrx_word' id='word_1_110' title='bbox 254 1606 604 1662; x_wconf 85' lang='lat' dir='ltr'><strong>detestamur.</strong></span> <span class='ocrx_word' id='word_1_111' title='bbox 650 1606 793 1660; x_wconf 89' lang='lat' dir='ltr'><strong>Odor</strong></span> <span class='ocrx_word' id='word_1_112' title='bbox 821 1606 963 1660; x_wconf 91' lang='lat' dir='ltr'><strong>enim</strong></span> <span class='ocrx_word' id='word_1_113' title='bbox 1000 1606 1190 1673; x_wconf 90' lang='lat' dir='ltr'><strong>bonus,</strong></span> <span class='ocrx_word' id='word_1_114' title='bbox 1234 1606 1373 1662; x_wconf 86' lang='lat' dir='ltr'><strong>fama</strong></span> <span class='ocrx_word' id='word_1_115' title='bbox 1413 1607 1548 1662; x_wconf 90' lang='lat' dir='ltr'><strong>bona</strong></span> <span class='ocrx_word' id='word_1_116' title='bbox 1587 1616 1709 1675; x_wconf 88' lang='lat' dir='ltr'><strong>est,</strong></span> 
     </span>
    </p>
   </div>
   <div class='ocr_carea' id='block_1_17' title="bbox 156 1697 1711 1770">
    <p class='ocr_par' dir='ltr' id='par_1_17' title="bbox 156 1697 1711 1770">
     <span class='ocr_line' id='line_1_17' title="bbox 156 1697 1711 1770; baseline 0.001 -17"><span class='ocrx_word' id='word_1_117' title='bbox 156 1715 286 1770; x_wconf 86' lang='lat' dir='ltr'><strong>quam</strong></span> <span class='ocrx_word' id='word_1_118' title='bbox 319 1698 568 1770; x_wconf 82' lang='lat' dir='ltr'><strong>quisquis</strong></span> <span class='ocrx_word' id='word_1_119' title='bbox 609 1698 763 1753; x_wconf 73' lang='lat' dir='ltr'><strong>bona:</strong></span> <span class='ocrx_word' id='word_1_120' title='bbox 809 1697 931 1752; x_wconf 74' lang='lat' dir='ltr'><strong>vita:</strong></span> <span class='ocrx_word' id='word_1_121' title='bbox 980 1698 1231 1768; x_wconf 83' lang='lat' dir='ltr'><strong>cperihus</strong></span> <span class='ocrx_word' id='word_1_122' title='bbox 1262 1699 1542 1764; x_wconf 85' lang='lat' dir='ltr'><strong>habuerit,</strong></span> <span class='ocrx_word' id='word_1_123' title='bbox 1586 1699 1711 1754; x_wconf 88' lang='lat' dir='ltr'><strong>dum</strong></span> 
     </span>
    </p>
   </div>
   <div class='ocr_carea' id='block_1_18' title="bbox 155 1789 1709 1862">
    <p class='ocr_par' dir='ltr' id='par_1_18' title="bbox 155 1789 1709 1862">
     <span class='ocr_line' id='line_1_18' title="bbox 155 1789 1709 1862; baseline 0.001 -18"><span class='ocrx_word' id='word_1_124' title='bbox 155 1792 343 1862; x_wconf 79' lang='lat' dir='ltr'><strong>vestigia</strong></span> <span class='ocrx_word' id='word_1_125' title='bbox 375 1790 585 1846; x_wconf 86' lang='lat' dir='ltr'><strong>Christi</strong></span> <span class='ocrx_word' id='word_1_126' title='bbox 628 1790 865 1859; x_wconf 86' lang='lat' dir='ltr'><strong>sequitur</strong></span> <span class='ocrx_word' id='word_1_127' title='bbox 883 1829 900 1856; x_wconf 94' lang='lat'><strong>,</strong></span> <span class='ocrx_word' id='word_1_128' title='bbox 930 1789 1081 1861; x_wconf 90' lang='lat' dir='ltr'><strong>quasi</strong></span> <span class='ocrx_word' id='word_1_129' title='bbox 1108 1790 1271 1860; x_wconf 90' lang='lat' dir='ltr'><strong>pedes</strong></span> <span class='ocrx_word' id='word_1_130' title='bbox 1295 1791 1409 1861; x_wconf 91' lang='lat' dir='ltr'><strong>ejus</strong></span> <span class='ocrx_word' id='word_1_131' title='bbox 1437 1792 1709 1861; x_wconf 89' lang='lat' dir='ltr'><strong>pretiosis-</strong></span> 
     </span>
    </p>
   </div>
   <div class='ocr_carea' id='block_1_19' title="bbox 160 1880 1710 1953">
    <p class='ocr_par' dir='ltr' id='par_1_19' title="bbox 160 1880 1710 1953">
     <span class='ocr_line' id='line_1_19' title="bbox 160 1880 1710 1953; baseline 0 -16"><span class='ocrx_word' id='word_1_132' title='bbox 160 1884 269 1938; x_wconf 86' lang='lat' dir='ltr'><strong>simo</strong></span> <span class='ocrx_word' id='word_1_133' title='bbox 287 1883 448 1938; x_wconf 88' lang='lat' dir='ltr'><strong>odore</strong></span> <span class='ocrx_word' id='word_1_134' title='bbox 476 1882 768 1953; x_wconf 83' lang='lat' dir='ltr'><strong>perfundit.</strong></span> <span class='ocrx_word' id='word_1_135' title='bbox 802 1880 877 1935; x_wconf 89' lang='lat' dir='ltr'><strong>Ita</strong></span> <span class='ocrx_word' id='word_1_136' title='bbox 906 1880 1045 1951; x_wconf 90' lang='lat' dir='ltr'><strong>quod</strong></span> <span class='ocrx_word' id='word_1_137' title='bbox 1086 1882 1137 1935; x_wconf 91' lang='lat' dir='ltr'><strong>in</strong></span> <span class='ocrx_word' id='word_1_138' title='bbox 1168 1881 1285 1935; x_wconf 89' lang='lat' dir='ltr'><strong>aliis</strong></span> <span class='ocrx_word' id='word_1_139' title='bbox 1316 1883 1555 1952; x_wconf 89' lang='lat' dir='ltr'><strong>personis</strong></span> <span class='ocrx_word' id='word_1_140' title='bbox 1596 1884 1710 1952; x_wconf 90' lang='lat' dir='ltr'><strong>ple-</strong></span> 
     </span>
    </p>
   </div>
   <div class='ocr_carea' id='block_1_20' title="bbox 158 1972 1710 2046">
    <p class='ocr_par' dir='ltr' id='par_1_20' title="bbox 158 1972 1710 2046">
     <span class='ocr_line' id='line_1_20' title="bbox 158 1972 1710 2046; baseline -0.001 -17"><span class='ocrx_word' id='word_1_141' title='bbox 158 1991 350 2045; x_wconf 88' lang='lat' dir='ltr'><strong>rumque</strong></span> <span class='ocrx_word' id='word_1_142' title='bbox 369 1974 635 2046; x_wconf 87' lang='lat' dir='ltr'><strong>ﬂagitium</strong></span> <span class='ocrx_word' id='word_1_143' title='bbox 657 1981 759 2039; x_wconf 90' lang='lat' dir='ltr'><strong>est,</strong></span> <span class='ocrx_word' id='word_1_144' title='bbox 775 1974 829 2027; x_wconf 90' lang='lat' dir='ltr'><strong>in</strong></span> <span class='ocrx_word' id='word_1_145' title='bbox 849 1973 1024 2027; x_wconf 89' lang='lat' dir='ltr'><strong>divina</strong></span> <span class='ocrx_word' id='word_1_146' title='bbox 1048 1974 1129 2028; x_wconf 92' lang='lat' dir='ltr'><strong>vel</strong></span> <span class='ocrx_word' id='word_1_147' title='bbox 1153 1972 1461 2045; x_wconf 89' lang='lat' dir='ltr'><strong>prophetica</strong></span> <span class='ocrx_word' id='word_1_148' title='bbox 1486 1988 1710 2043; x_wconf 88' lang='lat' dir='ltr'><strong>persona</strong></span> 
     </span>
    </p>
   </div>
   <div class='ocr_carea' id='block_1_21' title="bbox 156 2065 1708 2141">
    <p class='ocr_par' dir='ltr' id='par_1_21' title="bbox 156 2065 1708 2141">
     <span class='ocr_line' id='line_1_21' title="bbox 156 2065 1708 2141; baseline -0.001 -20"><span class='ocrx_word' id='word_1_149' title='bbox 156 2081 329 2137; x_wconf 61' lang='lat' dir='ltr'><strong>magna</strong></span> <span class='ocrx_word' id='word_1_150' title='bbox 361 2065 644 2136; x_wconf 88' lang='lat' dir='ltr'><strong>cujusdam</strong></span> <span class='ocrx_word' id='word_1_151' title='bbox 691 2066 768 2120; x_wconf 90' lang='lat' dir='ltr'><strong>rei</strong></span> <span class='ocrx_word' id='word_1_152' title='bbox 798 2066 1003 2136; x_wconf 90' lang='lat' dir='ltr'><strong>signum</strong></span> <span class='ocrx_word' id='word_1_153' title='bbox 1036 2074 1135 2121; x_wconf 91' lang='lat' dir='ltr'><strong>est.</strong></span> <span class='ocrx_word' id='word_1_154' title='bbox 1182 2067 1298 2121; x_wconf 85' lang='lat' dir='ltr'><strong>Alia</strong></span> <span class='ocrx_word' id='word_1_155' title='bbox 1326 2074 1407 2121; x_wconf 90' lang='lat' dir='ltr'><strong>est</strong></span> <span class='ocrx_word' id='word_1_156' title='bbox 1433 2065 1628 2141; x_wconf 90' lang='lat' dir='ltr'><strong>quippe</strong></span> <span class='ocrx_word' id='word_1_157' title='bbox 1657 2066 1708 2120; x_wconf 90' lang='lat' dir='ltr'><strong>in</strong></span> 
     </span>
    </p>
   </div>
   <div class='ocr_carea' id='block_1_22' title="bbox 158 2156 1709 2229">
    <p class='ocr_par' dir='ltr' id='par_1_22' title="bbox 158 2156 1709 2229">
     <span class='ocr_line' id='line_1_22' title="bbox 158 2156 1709 2229; baseline 0.003 -16"><span class='ocrx_word' id='word_1_158' title='bbox 158 2160 348 2229; x_wconf 81' lang='lat' dir='ltr'><strong>perditis</strong></span> <span class='ocrx_word' id='word_1_159' title='bbox 374 2159 643 2225; x_wconf 89' lang='lat' dir='ltr'><strong>moribus,</strong></span> <span class='ocrx_word' id='word_1_160' title='bbox 673 2158 773 2212; x_wconf 89' lang='lat' dir='ltr'><strong>alia</strong></span> <span class='ocrx_word' id='word_1_161' title='bbox 802 2158 856 2212; x_wconf 89' lang='lat' dir='ltr'><strong>in</strong></span> <span class='ocrx_word' id='word_1_162' title='bbox 883 2156 1018 2214; x_wconf 88' lang='lat' dir='ltr'><strong>Osee</strong></span> <span class='ocrx_word' id='word_1_163' title='bbox 1045 2157 1315 2228; x_wconf 72' lang='lat' dir='ltr'><strong>propheta:</strong></span> <span class='ocrx_word' id='word_1_164' title='bbox 1338 2159 1709 2217; x_wconf 89' lang='lat' dir='ltr'><strong>vaticinatione</strong></span> 
     </span>
    </p>
   </div>
   <div class='ocr_carea' id='block_1_23' title="bbox 156 2250 1709 2323">
    <p class='ocr_par' dir='ltr' id='par_1_23' title="bbox 156 2250 1709 2323">
     <span class='ocr_line' id='line_1_23' title="bbox 156 2250 1709 2323; baseline 0 -15"><span class='ocrx_word' id='word_1_165' title='bbox 156 2254 426 2322; x_wconf 81' lang='lat' dir='ltr'><strong>conjunctio</strong></span> <span class='ocrx_word' id='word_1_166' title='bbox 470 2250 775 2308; x_wconf 86' lang='lat' dir='ltr'><strong>meretricis</strong></span> <span class='ocrx_word' id='word_1_167' title='bbox 810 2250 961 2320; x_wconf 82' lang='lat' dir='ltr'><strong>(Osee</strong></span> <span class='ocrx_word' id='word_1_168' title='bbox 1000 2266 1037 2316; x_wconf 85' lang='grc' dir='ltr'><strong>ι,</strong></span> <span class='ocrx_word' id='word_1_169' title='bbox 1065 2250 1122 2323; x_wconf 99' lang='lat'><strong>2)</strong></span> <span class='ocrx_word' id='word_1_170' title='bbox 1156 2267 1169 2303; x_wconf 92' lang='lat'><strong>:</strong></span> <span class='ocrx_word' id='word_1_171' title='bbox 1204 2266 1319 2317; x_wconf 89' lang='lat' dir='ltr'><strong>nec,</strong></span> <span class='ocrx_word' id='word_1_172' title='bbox 1362 2252 1407 2305; x_wconf 91' lang='lat' dir='ltr'><strong>si</strong></span> <span class='ocrx_word' id='word_1_173' title='bbox 1453 2251 1709 2322; x_wconf 88' lang='lat' dir='ltr'><strong>ﬂagitiose</strong></span> 
     </span>
    </p>
   </div>
   <div class='ocr_carea' id='block_1_24' title="bbox 156 2341 1711 2399">
    <p class='ocr_par' dir='ltr' id='par_1_24' title="bbox 156 2341 1711 2399">
     <span class='ocr_line' id='line_1_24' title="bbox 156 2341 1711 2399; baseline -0.001 0"><span class='ocrx_word' id='word_1_174' title='bbox 156 2344 198 2399; x_wconf 90' lang='lat' dir='ltr'><strong>in</strong></span> <span class='ocrx_word' id='word_1_175' title='bbox 236 2345 476 2399; x_wconf 78' lang='lat' dir='ltr'><strong>conviviis</strong></span> <span class='ocrx_word' id='word_1_176' title='bbox 508 2343 928 2398; x_wconf 87' lang='lat' dir='ltr'><strong>temulentorum</strong></span> <span class='ocrx_word' id='word_1_177' title='bbox 984 2350 1040 2396; x_wconf 90' lang='lat' dir='ltr'><strong>et</strong></span> <span class='ocrx_word' id='word_1_178' title='bbox 1088 2341 1403 2397; x_wconf 85' lang='lat' dir='ltr'><strong>lascivorutn</strong></span> <span class='ocrx_word' id='word_1_179' title='bbox 1444 2341 1711 2398; x_wconf 88' lang='lat' dir='ltr'><strong>nudantur</strong></span> 
     </span>
    </p>
   </div>
   <div class='ocr_carea' id='block_1_25' title="bbox 158 2432 1707 2516">
    <p class='ocr_par' dir='ltr' id='par_1_25' title="bbox 158 2432 1707 2516">
     <span class='ocr_line' id='line_1_25' title="bbox 158 2432 1707 2516; baseline -0.001 -26"><span class='ocrx_word' id='word_1_180' title='bbox 158 2450 384 2508; x_wconf 85' lang='lat' dir='ltr'><strong>corpora;</strong></span> <span class='ocrx_word' id='word_1_181' title='bbox 429 2443 719 2506; x_wconf 84' lang='lat' dir='ltr'><strong>propterea</strong></span> <span class='ocrx_word' id='word_1_182' title='bbox 781 2434 833 2488; x_wconf 93' lang='lat' dir='ltr'><strong>in</strong></span> <span class='ocrx_word' id='word_1_183' title='bbox 895 2432 1097 2516; x_wconf 77' lang='lat' dir='ltr'><strong>balneis</strong></span> <span class='ocrx_word' id='word_1_184' title='bbox 1146 2432 1345 2488; x_wconf 88' lang='lat' dir='ltr'><strong>nudum</strong></span> <span class='ocrx_word' id='word_1_185' title='bbox 1392 2448 1510 2489; x_wconf 84' lang='lat' dir='ltr'><strong>esse</strong></span> <span class='ocrx_word' id='word_1_186' title='bbox 1556 2432 1707 2505; x_wconf 86' lang='lat' dir='ltr'><strong>ﬂagi-</strong></span> 
     </span>
    </p>
   </div>
   <div class='ocr_carea' id='block_1_26' title="bbox 158 2530 391 2585">
    <p class='ocr_par' dir='ltr' id='par_1_26' title="bbox 158 2530 391 2585">
     <span class='ocr_line' id='line_1_26' title="bbox 158 2530 391 2585; baseline 0 -2"><span class='ocrx_word' id='word_1_187' title='bbox 158 2530 263 2584; x_wconf 86' lang='lat' dir='ltr'><strong>tium</strong></span> <span class='ocrx_word' id='word_1_188' title='bbox 296 2539 391 2585; x_wconf 88' lang='lat' dir='ltr'><strong>est.</strong></span> 
     </span>
    </p>
   </div>
   <div class='ocr_carea' id='block_1_27' title="bbox 214 2619 1708 2694">
    <p class='ocr_par' dir='ltr' id='par_1_27' title="bbox 214 2619 1708 2694">
     <span class='ocr_line' id='line_1_27' title="bbox 214 2619 1708 2694; baseline 0.001 -16"><span class='ocrx_word' id='word_1_189' title='bbox 214 2623 287 2680; x_wconf 79' lang='lat' dir='ltr'><strong>i9.</strong></span> <span class='ocrx_word' id='word_1_190' title='bbox 315 2624 448 2691; x_wconf 86' lang='lat' dir='ltr'><strong>Quid</strong></span> <span class='ocrx_word' id='word_1_191' title='bbox 486 2624 654 2694; x_wconf 79' lang='lat' dir='ltr'><strong>igitur</strong></span> <span class='ocrx_word' id='word_1_192' title='bbox 696 2623 826 2678; x_wconf 90' lang='lat' dir='ltr'><strong>locis</strong></span> <span class='ocrx_word' id='word_1_193' title='bbox 871 2630 926 2677; x_wconf 89' lang='lat' dir='ltr'><strong>et</strong></span> <span class='ocrx_word' id='word_1_194' title='bbox 978 2619 1306 2692; x_wconf 89' lang='lat' dir='ltr'><strong>temporibus</strong></span> <span class='ocrx_word' id='word_1_195' title='bbox 1360 2623 1708 2693; x_wconf 89' lang='lat' dir='ltr'><strong>personisque</strong></span> 
     </span>
    </p>
   </div>
   <div class='ocr_carea' id='block_1_28' title="bbox 158 2713 1707 2786">
    <p class='ocr_par' dir='ltr' id='par_1_28' title="bbox 158 2713 1707 2786">
     <span class='ocr_line' id='line_1_28' title="bbox 158 2713 1707 2786; baseline -0.001 -15"><span class='ocrx_word' id='word_1_196' title='bbox 158 2716 431 2783; x_wconf 80' lang='lat' dir='ltr'><strong>conveniat,</strong></span> <span class='ocrx_word' id='word_1_197' title='bbox 477 2717 766 2786; x_wconf 80' lang='lat' dir='ltr'><strong>diligenter</strong></span> <span class='ocrx_word' id='word_1_198' title='bbox 817 2713 1196 2769; x_wconf 88' lang='lat' dir='ltr'><strong>attendendum</strong></span> <span class='ocrx_word' id='word_1_199' title='bbox 1241 2723 1342 2778; x_wconf 89' lang='lat' dir='ltr'><strong>est,</strong></span> <span class='ocrx_word' id='word_1_200' title='bbox 1393 2730 1460 2770; x_wconf 90' lang='lat' dir='ltr'><strong>ne</strong></span> <span class='ocrx_word' id='word_1_201' title='bbox 1510 2727 1707 2771; x_wconf 86' lang='lat' dir='ltr'><strong>temere</strong></span> 
     </span>
    </p>
   </div>
   <div class='ocr_carea' id='block_1_29' title="bbox 158 2805 1710 2882">
    <p class='ocr_par' dir='ltr' id='par_1_29' title="bbox 158 2805 1710 2882">
     <span class='ocr_line' id='line_1_29' title="bbox 158 2805 1710 2882; baseline -0.002 -19"><span class='ocrx_word' id='word_1_202' title='bbox 158 2806 321 2880; x_wconf 80' lang='lat' dir='ltr'><strong>ﬂagitia</strong></span> <span class='ocrx_word' id='word_1_203' title='bbox 344 2807 827 2882; x_wconf 81' lang='lat' dir='ltr'><strong>reprehendamus.</strong></span> <span class='ocrx_word' id='word_1_204' title='bbox 862 2805 1001 2861; x_wconf 81' lang='lat' dir='ltr'><strong>Fieri</strong></span> <span class='ocrx_word' id='word_1_205' title='bbox 1028 2807 1169 2861; x_wconf 90' lang='lat' dir='ltr'><strong>enim</strong></span> <span class='ocrx_word' id='word_1_206' title='bbox 1201 2815 1376 2877; x_wconf 87' lang='lat' dir='ltr'><strong>potest</strong></span> <span class='ocrx_word' id='word_1_207' title='bbox 1396 2817 1451 2862; x_wconf 93' lang='lat' dir='ltr'><strong>ut</strong></span> <span class='ocrx_word' id='word_1_208' title='bbox 1476 2806 1592 2863; x_wconf 89' lang='lat' dir='ltr'><strong>sine</strong></span> <span class='ocrx_word' id='word_1_209' title='bbox 1614 2806 1710 2861; x_wconf 92' lang='lat' dir='ltr'><strong>ali-</strong></span> 
     </span>
    </p>
   </div>
   <div class='ocr_carea' id='block_1_30' title="bbox 158 2898 1707 2971">
    <p class='ocr_par' dir='ltr' id='par_1_30' title="bbox 158 2898 1707 2971">
     <span class='ocr_line' id='line_1_30' title="bbox 158 2898 1707 2971; baseline 0 -18"><span class='ocrx_word' id='word_1_210' title='bbox 158 2914 241 2968; x_wconf 83' lang='lat' dir='ltr'><strong>quo</strong></span> <span class='ocrx_word' id='word_1_211' title='bbox 260 2901 376 2957; x_wconf 88' lang='lat' dir='ltr'><strong>vitio</strong></span> <span class='ocrx_word' id='word_1_212' title='bbox 394 2899 642 2971; x_wconf 74' lang='lat' dir='ltr'><strong>cupedia:</strong></span> <span class='ocrx_word' id='word_1_213' title='bbox 676 2899 692 2929; x_wconf 87' lang='grc'>¹</span> <span class='ocrx_word' id='word_1_214' title='bbox 718 2899 801 2953; x_wconf 89' lang='lat' dir='ltr'><strong>vel</strong></span> <span class='ocrx_word' id='word_1_215' title='bbox 831 2899 1150 2964; x_wconf 88' lang='lat' dir='ltr'><strong>voracitatis,</strong></span> <span class='ocrx_word' id='word_1_216' title='bbox 1178 2898 1560 2965; x_wconf 89' lang='lat' dir='ltr'><strong>pretiosissimo</strong></span> <span class='ocrx_word' id='word_1_217' title='bbox 1588 2899 1707 2953; x_wconf 91' lang='lat' dir='ltr'><strong>cibo</strong></span> 
     </span>
    </p>
   </div>
   <div class='ocr_carea' id='block_1_31' title="bbox 157 2991 1707 3063">
    <p class='ocr_par' dir='ltr' id='par_1_31' title="bbox 157 2991 1707 3063">
     <span class='ocr_line' id='line_1_31' title="bbox 157 2991 1707 3063; baseline 0.001 -19"><span class='ocrx_word' id='word_1_218' title='bbox 157 2993 333 3063; x_wconf 75' lang='lat' dir='ltr'><strong>sapiens</strong></span> <span class='ocrx_word' id='word_1_219' title='bbox 379 3001 609 3058; x_wconf 82' lang='lat' dir='ltr'><strong>utatur;</strong></span> <span class='ocrx_word' id='word_1_220' title='bbox 665 2991 927 3061; x_wconf 88' lang='lat' dir='ltr'><strong>insipiens</strong></span> <span class='ocrx_word' id='word_1_221' title='bbox 987 3000 1164 3046; x_wconf 90' lang='lat' dir='ltr'><strong>autem</strong></span> <span class='ocrx_word' id='word_1_222' title='bbox 1226 2991 1516 3045; x_wconf 72' lang='lat' dir='ltr'><strong>lmdissima</strong></span> <span class='ocrx_word' id='word_1_223' title='bbox 1572 2991 1707 3060; x_wconf 81' lang='lat' dir='ltr'><strong>gulae</strong></span> 
     </span>
    </p>
   </div>
   <div class='ocr_carea' id='block_1_32' title="bbox 158 3082 1708 3153">
    <p class='ocr_par' dir='ltr' id='par_1_32' title="bbox 158 3082 1708 3153">
     <span class='ocr_line' id='line_1_32' title="bbox 158 3082 1708 3153; baseline 0.001 -18"><span class='ocrx_word' id='word_1_224' title='bbox 158 3082 331 3137; x_wconf 71' lang='lat' dir='ltr'><strong>damma</strong></span> <span class='ocrx_word' id='word_1_225' title='bbox 376 3085 427 3140; x_wconf 92' lang='lat' dir='ltr'><strong>in</strong></span> <span class='ocrx_word' id='word_1_226' title='bbox 465 3084 782 3138; x_wconf 76' lang='lat' dir='ltr'><strong>vilissimum</strong></span> <span class='ocrx_word' id='word_1_227' title='bbox 825 3082 1089 3137; x_wconf 87' lang='lat' dir='ltr'><strong>ardescat.</strong></span> <span class='ocrx_word' id='word_1_228' title='bbox 1138 3082 1204 3137; x_wconf 88' lang='lat' dir='ltr'><strong>Et</strong></span> <span class='ocrx_word' id='word_1_229' title='bbox 1246 3098 1407 3136; x_wconf 88' lang='lat' dir='ltr'><strong>sanus</strong></span> <span class='ocrx_word' id='word_1_230' title='bbox 1435 3084 1455 3113; x_wconf 79' lang='grc'>³</span> <span class='ocrx_word' id='word_1_231' title='bbox 1486 3082 1708 3153; x_wconf 89' lang='lat' dir='ltr'><strong>quisque</strong></span> 
     </span>
    </p>
   </div>
   <div class='ocr_carea' id='block_1_33' title="bbox 158 3171 1703 3244">
    <p class='ocr_par' dir='ltr' id='par_1_33' title="bbox 158 3171 1703 3244">
     <span class='ocr_line' id='line_1_33' title="bbox 158 3171 1703 3244; baseline 0.002 -20"><span class='ocrx_word' id='word_1_232' title='bbox 158 3173 364 3228; x_wconf 86' lang='lat' dir='ltr'><strong>maluerit</strong></span> <span class='ocrx_word' id='word_1_233' title='bbox 400 3189 558 3229; x_wconf 89' lang='lat' dir='ltr'><strong>more</strong></span> <span class='ocrx_word' id='word_1_234' title='bbox 597 3173 803 3227; x_wconf 89' lang='lat' dir='ltr'><strong>Domini</strong></span> <span class='ocrx_word' id='word_1_235' title='bbox 844 3173 991 3242; x_wconf 88' lang='lat' dir='ltr'><strong>pisce</strong></span> <span class='ocrx_word' id='word_1_236' title='bbox 1025 3173 1167 3227; x_wconf 88' lang='lat' dir='ltr'><strong>vesci</strong></span> <span class='ocrx_word' id='word_1_237' title='bbox 1211 3171 1360 3244; x_wconf 86' lang='lat' dir='ltr'><strong>(Luc.</strong></span> <span class='ocrx_word' id='word_1_238' title='bbox 1395 3188 1538 3238; x_wconf 82' lang='lat' dir='ltr'><strong>xxiv,</strong></span> <span class='ocrx_word' id='word_1_239' title='bbox 1568 3174 1662 3244; x_wconf 75' lang='grc'><strong>45)</strong></span> <span class='ocrx_word' id='word_1_240' title='bbox 1687 3215 1703 3241; x_wconf 88' lang='grc'>,</span> 
     </span>
    </p>
   </div>
   <div class='ocr_carea' id='block_1_34' title="bbox 159 3262 1703 3333">
    <p class='ocr_par' dir='ltr' id='par_1_34' title="bbox 159 3262 1703 3333">
     <span class='ocr_line' id='line_1_34' title="bbox 159 3262 1703 3333; baseline 0.001 -18"><span class='ocrx_word' id='word_1_241' title='bbox 159 3277 285 3330; x_wconf 88' lang='lat' dir='ltr'><strong>quam</strong></span> <span class='ocrx_word' id='word_1_242' title='bbox 323 3264 575 3319; x_wconf 85' lang='lat' dir='ltr'><strong>lenticula</strong></span> <span class='ocrx_word' id='word_1_243' title='bbox 615 3279 765 3319; x_wconf 90' lang='lat' dir='ltr'><strong>more</strong></span> <span class='ocrx_word' id='word_1_244' title='bbox 809 3262 953 3318; x_wconf 87' lang='lat' dir='ltr'><strong>Esau</strong></span> <span class='ocrx_word' id='word_1_245' title='bbox 1000 3263 1211 3333; x_wconf 90' lang='lat' dir='ltr'><strong>nepotis</strong></span> <span class='ocrx_word' id='word_1_246' title='bbox 1247 3263 1512 3319; x_wconf 84' lang='lat' dir='ltr'><strong>Abraham</strong></span> <span class='ocrx_word' id='word_1_247' title='bbox 1553 3262 1703 3333; x_wconf 82' lang='lat' dir='ltr'><strong>(Gen.</strong></span> 
     </span>
    </p>
   </div>
   <div class='ocr_carea' id='block_1_35' title="bbox 156 3354 1704 3427">
    <p class='ocr_par' dir='ltr' id='par_1_35' title="bbox 156 3354 1704 3427">
     <span class='ocr_line' id='line_1_35' title="bbox 156 3354 1704 3427; baseline 0.003 -22"><span class='ocrx_word' id='word_1_248' title='bbox 156 3366 259 3422; x_wconf 82' lang='lat' dir='ltr'><strong>xxv,</strong></span> <span class='ocrx_word' id='word_1_249' title='bbox 287 3354 389 3427; x_wconf 68' lang='lat'><strong>34),</strong></span> <span class='ocrx_word' id='word_1_250' title='bbox 434 3365 532 3410; x_wconf 86' lang='lat' dir='ltr'><strong>aut</strong></span> <span class='ocrx_word' id='word_1_251' title='bbox 571 3356 773 3410; x_wconf 85' lang='lat' dir='ltr'><strong>hordeo</strong></span> <span class='ocrx_word' id='word_1_252' title='bbox 804 3370 953 3411; x_wconf 88' lang='lat' dir='ltr'><strong>more</strong></span> <span class='ocrx_word' id='word_1_253' title='bbox 975 3355 1360 3425; x_wconf 76' lang='lat' dir='ltr'><strong>iumentorum.</strong></span> <span class='ocrx_word' id='word_1_254' title='bbox 1398 3355 1513 3410; x_wconf 86' lang='lat' dir='ltr'><strong>Non</strong></span> <span class='ocrx_word' id='word_1_255' title='bbox 1562 3356 1704 3410; x_wconf 90' lang='lat' dir='ltr'><strong>enim</strong></span> 
     </span>
    </p>
   </div>
   <div class='ocr_carea' id='block_1_36' title="bbox 156 3447 1702 3518">
    <p class='ocr_par' dir='ltr' id='par_1_36' title="bbox 156 3447 1702 3518">
     <span class='ocr_line' id='line_1_36' title="bbox 156 3447 1702 3518; baseline 0.003 -20"><span class='ocrx_word' id='word_1_256' title='bbox 156 3458 399 3516; x_wconf 78' lang='lat' dir='ltr'><strong>prapterea</strong></span> <span class='ocrx_word' id='word_1_257' title='bbox 419 3449 844 3505; x_wconf 87' lang='lat' dir='ltr'><strong>continentiores</strong></span> <span class='ocrx_word' id='word_1_258' title='bbox 874 3447 1027 3503; x_wconf 89' lang='lat' dir='ltr'><strong>nobis</strong></span> <span class='ocrx_word' id='word_1_259' title='bbox 1051 3457 1175 3503; x_wconf 92' lang='lat' dir='ltr'><strong>sunt</strong></span> <span class='ocrx_word' id='word_1_260' title='bbox 1202 3448 1469 3518; x_wconf 65' lang='lat' dir='ltr'><strong>pleraeque</strong></span> <span class='ocrx_word' id='word_1_261' title='bbox 1499 3447 1702 3517; x_wconf 64' lang='lat' dir='ltr'><strong>bestiae,</strong></span> 
     </span>
    </p>
   </div>
   <div class='ocr_carea' id='block_1_37' title="bbox 157 3539 1707 3606">
    <p class='ocr_par' dir='ltr' id='par_1_37' title="bbox 157 3539 1707 3606">
     <span class='ocr_line' id='line_1_37' title="bbox 157 3539 1707 3606; baseline 0.004 -16"><span class='ocrx_word' id='word_1_262' title='bbox 157 3539 255 3606; x_wconf 89' lang='lat' dir='ltr'><strong>quia</strong></span> <span class='ocrx_word' id='word_1_263' title='bbox 297 3542 571 3598; x_wconf 81' lang='lat' dir='ltr'><strong>vilioribus</strong></span> <span class='ocrx_word' id='word_1_264' title='bbox 607 3543 818 3596; x_wconf 85' lang='lat' dir='ltr'><strong>aluntur</strong></span> <span class='ocrx_word' id='word_1_265' title='bbox 858 3542 1015 3596; x_wconf 87' lang='lat' dir='ltr'><strong>escis.</strong></span> <span class='ocrx_word' id='word_1_266' title='bbox 1054 3539 1187 3596; x_wconf 88' lang='lat' dir='ltr'><strong>Nam</strong></span> <span class='ocrx_word' id='word_1_267' title='bbox 1228 3541 1281 3595; x_wconf 93' lang='lat' dir='ltr'><strong>in</strong></span> <span class='ocrx_word' id='word_1_268' title='bbox 1321 3541 1571 3596; x_wconf 90' lang='lat' dir='ltr'><strong>omnibus</strong></span> <span class='ocrx_word' id='word_1_269' title='bbox 1607 3540 1707 3596; x_wconf 86' lang='lat' dir='ltr'><strong>hu-</strong></span> 
     </span>
    </p>
   </div>
   <div class='ocr_carea' id='block_1_38' title="bbox 154 3626 1706 3703">
    <p class='ocr_par' dir='ltr' id='par_1_38' title="bbox 154 3626 1706 3703">
     <span class='ocr_line' id='line_1_38' title="bbox 154 3626 1706 3703; baseline 0.002 -18"><span class='ocrx_word' id='word_1_270' title='bbox 154 3626 410 3696; x_wconf 83' lang='lat' dir='ltr'><strong>juscemodi</strong></span> <span class='ocrx_word' id='word_1_271' title='bbox 432 3634 617 3699; x_wconf 87' lang='lat' dir='ltr'><strong>rebus,</strong></span> <span class='ocrx_word' id='word_1_272' title='bbox 652 3648 761 3687; x_wconf 90' lang='lat' dir='ltr'><strong>non</strong></span> <span class='ocrx_word' id='word_1_273' title='bbox 787 3648 850 3687; x_wconf 85' lang='lat' dir='ltr'><strong>ex</strong></span> <span class='ocrx_word' id='word_1_274' title='bbox 880 3648 1065 3688; x_wconf 89' lang='lat' dir='ltr'><strong>earum</strong></span> <span class='ocrx_word' id='word_1_275' title='bbox 1095 3648 1273 3688; x_wconf 88' lang='lat' dir='ltr'><strong>rerum</strong></span> <span class='ocrx_word' id='word_1_276' title='bbox 1302 3642 1486 3687; x_wconf 90' lang='lat' dir='ltr'><strong>natura</strong></span> <span class='ocrx_word' id='word_1_277' title='bbox 1514 3631 1706 3703; x_wconf 89' lang='lat' dir='ltr'><strong>quibus</strong></span> 
     </span>
    </p>
   </div>
   <div class='ocr_carea' id='block_1_39' title="bbox 156 3724 1703 3796">
    <p class='ocr_par' dir='ltr' id='par_1_39' title="bbox 156 3724 1703 3796">
     <span class='ocr_line' id='line_1_39' title="bbox 156 3724 1703 3796; baseline 0.004 -21"><span class='ocrx_word' id='word_1_278' title='bbox 156 3724 341 3790; x_wconf 86' lang='lat' dir='ltr'><strong>utimur,</strong></span> <span class='ocrx_word' id='word_1_279' title='bbox 369 3728 459 3783; x_wconf 90' lang='lat' dir='ltr'><strong>sed</strong></span> <span class='ocrx_word' id='word_1_280' title='bbox 489 3742 559 3782; x_wconf 88' lang='lat' dir='ltr'><strong>ex</strong></span> <span class='ocrx_word' id='word_1_281' title='bbox 588 3741 745 3781; x_wconf 86' lang='lat' dir='ltr'><strong>causa</strong></span> <span class='ocrx_word' id='word_1_282' title='bbox 777 3725 955 3781; x_wconf 85' lang='lat' dir='ltr'><strong>utendi</strong></span> <span class='ocrx_word' id='word_1_283' title='bbox 998 3734 1051 3781; x_wconf 90' lang='lat' dir='ltr'><strong>et</strong></span> <span class='ocrx_word' id='word_1_284' title='bbox 1096 3726 1254 3781; x_wconf 92' lang='lat' dir='ltr'><strong>modo</strong></span> <span class='ocrx_word' id='word_1_285' title='bbox 1298 3726 1582 3796; x_wconf 85' lang='lat' dir='ltr'><strong>appetendi</strong></span> <span class='ocrx_word' id='word_1_286' title='bbox 1622 3726 1703 3783; x_wconf 89' lang='lat' dir='ltr'><strong>vel</strong></span> 
     </span>
    </p>
   </div>
   <div class='ocr_carea' id='block_1_40' title="bbox 156 3817 1579 3890">
    <p class='ocr_par' dir='ltr' id='par_1_40' title="bbox 156 3817 1579 3890">
     <span class='ocr_line' id='line_1_40' title="bbox 156 3817 1579 3890; baseline 0.001 -19"><span class='ocrx_word' id='word_1_287' title='bbox 156 3817 449 3884; x_wconf 88' lang='lat' dir='ltr'><strong>probandum</strong></span> <span class='ocrx_word' id='word_1_288' title='bbox 480 3830 588 3885; x_wconf 90' lang='lat' dir='ltr'><strong>est,</strong></span> <span class='ocrx_word' id='word_1_289' title='bbox 620 3819 707 3875; x_wconf 86' lang='lat' dir='ltr'><strong>vel</strong></span> <span class='ocrx_word' id='word_1_290' title='bbox 734 3818 1136 3888; x_wconf 89' lang='lat' dir='ltr'><strong>improbandum</strong></span> <span class='ocrx_word' id='word_1_291' title='bbox 1168 3820 1307 3890; x_wconf 91' lang='lat' dir='ltr'><strong>quod</strong></span> <span class='ocrx_word' id='word_1_292' title='bbox 1338 3819 1579 3875; x_wconf 83' lang='lat' dir='ltr'><strong>facimus.</strong></span> 
     </span>
    </p>
   </div>
   <div class='ocr_carea' id='block_1_41' title="bbox 210 3907 1704 3983">
    <p class='ocr_par' dir='ltr' id='par_1_41' title="bbox 210 3907 1704 3983">
     <span class='ocr_line' id='line_1_41' title="bbox 210 3907 1704 3983; baseline 0.002 -19"><span class='ocrx_word' id='word_1_293' title='bbox 210 3907 287 3964; x_wconf 66' lang='lat'><strong>20.</strong></span> <span class='ocrx_word' id='word_1_294' title='bbox 331 3911 515 3982; x_wconf 82' lang='lat' dir='ltr'><strong>Regna</strong></span> <span class='ocrx_word' id='word_1_295' title='bbox 567 3920 778 3966; x_wconf 88' lang='lat' dir='ltr'><strong>terreno</strong></span> <span class='ocrx_word' id='word_1_296' title='bbox 815 3920 1023 3967; x_wconf 85' lang='lat' dir='ltr'><strong>veteres</strong></span> <span class='ocrx_word' id='word_1_297' title='bbox 1057 3910 1184 3981; x_wconf 89' lang='lat' dir='ltr'><strong>justi</strong></span> <span class='ocrx_word' id='word_1_298' title='bbox 1222 3914 1438 3969; x_wconf 71' lang='lat' dir='ltr'><strong>celeste</strong></span> <span class='ocrx_word' id='word_1_299' title='bbox 1484 3928 1704 3983; x_wconf 89' lang='lat' dir='ltr'><strong>regnum</strong></span> 
     </span>
    </p>
   </div>
   <div class='ocr_carea' id='block_1_42' title="bbox 156 3998 1702 4076">
    <p class='ocr_par' dir='ltr' id='par_1_42' title="bbox 156 3998 1702 4076">
     <span class='ocr_line' id='line_1_42' title="bbox 156 3998 1702 4076; baseline 0.006 -24"><span class='ocrx_word' id='word_1_300' title='bbox 156 3998 567 4071; x_wconf 76' lang='lat' dir='ltr'><strong>imaginabuntur,</strong></span> <span class='ocrx_word' id='word_1_301' title='bbox 587 4011 639 4058; x_wconf 90' lang='lat' dir='ltr'><strong>et</strong></span> <span class='ocrx_word' id='word_1_302' title='bbox 668 4003 1108 4074; x_wconf 63' lang='lat' dir='ltr'><strong>praenuntiabant.</strong></span> <span class='ocrx_word' id='word_1_303' title='bbox 1137 4004 1475 4062; x_wconf 78' lang='lat' dir='ltr'><strong>Sufﬂciendm</strong></span> <span class='ocrx_word' id='word_1_304' title='bbox 1496 4006 1515 4037; x_wconf 83' lang='grc'><strong>³</strong></span> <span class='ocrx_word' id='word_1_305' title='bbox 1538 4007 1702 4076; x_wconf 88' lang='lat' dir='ltr'><strong>prolis</strong></span> 
     </span>
    </p>
   </div>
   <div class='ocr_carea' id='block_1_43' title="bbox 155 4096 1701 4165">
    <p class='ocr_par' dir='ltr' id='par_1_43' title="bbox 155 4096 1701 4165">
     <span class='ocr_line' id='line_1_43' title="bbox 155 4096 1701 4165; baseline 0.007 -24"><span class='ocrx_word' id='word_1_306' title='bbox 155 4104 288 4145; x_wconf 81' lang='lat' dir='ltr'><strong>causa</strong></span> <span class='ocrx_word' id='word_1_307' title='bbox 314 4102 422 4148; x_wconf 89' lang='lat' dir='ltr'><strong>erat</strong></span> <span class='ocrx_word' id='word_1_308' title='bbox 458 4110 687 4149; x_wconf 82' lang='lat' dir='ltr'><strong>uxorum</strong></span> <span class='ocrx_word' id='word_1_309' title='bbox 725 4096 953 4165; x_wconf 90' lang='lat' dir='ltr'><strong>plurium</strong></span> <span class='ocrx_word' id='word_1_310' title='bbox 979 4096 1135 4151; x_wconf 89' lang='lat' dir='ltr'><strong>simul</strong></span> <span class='ocrx_word' id='word_1_311' title='bbox 1162 4098 1252 4152; x_wconf 91' lang='lat' dir='ltr'><strong>uni</strong></span> <span class='ocrx_word' id='word_1_312' title='bbox 1288 4098 1400 4152; x_wconf 93' lang='lat' dir='ltr'><strong>viro</strong></span> <span class='ocrx_word' id='word_1_313' title='bbox 1437 4097 1701 4152; x_wconf 86' lang='lat' dir='ltr'><strong>habenda-</strong></span> 
     </span>
    </p>
   </div>
   <div class='ocr_carea' id='block_1_44' title="bbox 156 4186 1703 4261">
    <p class='ocr_par' dir='ltr' id='par_1_44' title="bbox 156 4186 1703 4261">
     <span class='ocr_line' id='line_1_44' title="bbox 156 4186 1703 4261; baseline 0.008 -29"><span class='ocrx_word' id='word_1_314' title='bbox 156 4195 252 4235; x_wconf 88' lang='lat' dir='ltr'><strong>rum</strong></span> <span class='ocrx_word' id='word_1_315' title='bbox 298 4186 629 4257; x_wconf 88' lang='lat' dir='ltr'><strong>inculpabilis</strong></span> <span class='ocrx_word' id='word_1_316' title='bbox 669 4188 998 4244; x_wconf 88' lang='lat' dir='ltr'><strong>consuetudo</strong></span> <span class='ocrx_word' id='word_1_317' title='bbox 1031 4187 1139 4261; x_wconf 85' lang='lat' dir='ltr'><strong>(Id.</strong></span> <span class='ocrx_word' id='word_1_318' title='bbox 1176 4206 1280 4257; x_wconf 81' lang='lat' dir='ltr'><strong>xvi,</strong></span> <span class='ocrx_word' id='word_1_319' title='bbox 1306 4191 1371 4256; x_wconf 79' lang='grc'><strong>5,</strong></span> <span class='ocrx_word' id='word_1_320' title='bbox 1402 4206 1527 4258; x_wconf 84' lang='lat' dir='ltr'><strong>xxv,</strong></span> <span class='ocrx_word' id='word_1_321' title='bbox 1564 4191 1626 4257; x_wconf 74' lang='lat'><strong>1;</strong></span> <span class='ocrx_word' id='word_1_322' title='bbox 1656 4200 1703 4245; x_wconf 85' lang='lat' dir='ltr'><strong>et</strong></span> 
     </span>
    </p>
   </div>
   <div class='ocr_carea' id='block_1_45' title="bbox 155 4272 1703 4355">
    <p class='ocr_par' dir='ltr' id='par_1_45' title="bbox 155 4272 1703 4355">
     <span class='ocr_line' id='line_1_45' title="bbox 155 4272 1703 4355; baseline 0.01 -27"><span class='ocrx_word' id='word_1_323' title='bbox 155 4272 190 4327; x_wconf 90' lang='lat' dir='ltr'><strong>ll</strong></span> <span class='ocrx_word' id='word_1_324' title='bbox 216 4274 327 4349; x_wconf 74' lang='lat' dir='ltr'><strong>Reg.</strong></span> <span class='ocrx_word' id='word_1_325' title='bbox 356 4296 406 4346; x_wconf 89' lang='lat' dir='ltr'><strong>v,</strong></span> <span class='ocrx_word' id='word_1_326' title='bbox 435 4280 528 4355; x_wconf 76' lang='grc'><strong>15)</strong></span> <span class='ocrx_word' id='word_1_327' title='bbox 550 4299 565 4347; x_wconf 89' lang='lat'><strong>;</strong></span> <span class='ocrx_word' id='word_1_328' title='bbox 589 4291 642 4337; x_wconf 89' lang='lat' dir='ltr'><strong>et</strong></span> <span class='ocrx_word' id='word_1_329' title='bbox 661 4281 780 4338; x_wconf 91' lang='lat' dir='ltr'><strong>ideo</strong></span> <span class='ocrx_word' id='word_1_330' title='bbox 799 4297 954 4337; x_wconf 91' lang='lat' dir='ltr'><strong>unam</strong></span> <span class='ocrx_word' id='word_1_331' title='bbox 984 4283 1230 4339; x_wconf 88' lang='lat' dir='ltr'><strong>feminam</strong></span> <span class='ocrx_word' id='word_1_332' title='bbox 1259 4286 1477 4341; x_wconf 90' lang='lat' dir='ltr'><strong>maritos</strong></span> <span class='ocrx_word' id='word_1_333' title='bbox 1506 4286 1703 4343; x_wconf 84' lang='lat' dir='ltr'><strong>habere</strong></span> 
     </span>
    </p>
   </div>
   <div class='ocr_carea' id='block_1_46' title="bbox 155 4369 1703 4437">
    <p class='ocr_par' dir='ltr' id='par_1_46' title="bbox 155 4369 1703 4437">
     <span class='ocr_line' id='line_1_46' title="bbox 155 4369 1703 4437; baseline 0.007 -13"><span class='ocrx_word' id='word_1_334' title='bbox 155 4369 382 4437; x_wconf 87' lang='lat' dir='ltr'><strong>plurimos</strong></span> <span class='ocrx_word' id='word_1_335' title='bbox 405 4374 688 4432; x_wconf 85' lang='lat' dir='ltr'><strong>honestum</strong></span> <span class='ocrx_word' id='word_1_336' title='bbox 714 4392 821 4432; x_wconf 91' lang='lat' dir='ltr'><strong>non</strong></span> <span class='ocrx_word' id='word_1_337' title='bbox 844 4386 962 4433; x_wconf 89' lang='lat' dir='ltr'><strong>erat</strong></span> <span class='ocrx_word' id='word_1_338' title='bbox 991 4395 1004 4431; x_wconf 91' lang='lat'><strong>:</strong></span> <span class='ocrx_word' id='word_1_339' title='bbox 1038 4392 1142 4432; x_wconf 92' lang='lat' dir='ltr'><strong>non</strong></span> <span class='ocrx_word' id='word_1_340' title='bbox 1169 4378 1313 4434; x_wconf 91' lang='lat' dir='ltr'><strong>enim</strong></span> <span class='ocrx_word' id='word_1_341' title='bbox 1337 4380 1523 4434; x_wconf 88' lang='lat' dir='ltr'><strong>mulier</strong></span> <span class='ocrx_word' id='word_1_342' title='bbox 1539 4395 1604 4437; x_wconf 92' lang='lat' dir='ltr'><strong>eo</strong></span> <span class='ocrx_word' id='word_1_343' title='bbox 1621 4389 1703 4435; x_wconf 92' lang='lat' dir='ltr'><strong>est</strong></span> 
     </span>
    </p>
   </div>
   <div class='ocr_carea' id='block_1_47' title="bbox 157 4462 1703 4541">
    <p class='ocr_par' dir='ltr' id='par_1_47' title="bbox 157 4462 1703 4541">
     <span class='ocr_line' id='line_1_47' title="bbox 157 4462 1703 4541; baseline 0.005 -21"><span class='ocrx_word' id='word_1_344' title='bbox 157 4462 425 4536; x_wconf 76' lang='lat' dir='ltr'><strong>fecundior,</strong></span> <span class='ocrx_word' id='word_1_345' title='bbox 460 4470 559 4525; x_wconf 87' lang='lat' dir='ltr'><strong>sed</strong></span> <span class='ocrx_word' id='word_1_346' title='bbox 600 4471 894 4525; x_wconf 89' lang='lat' dir='ltr'><strong>meretricia</strong></span> <span class='ocrx_word' id='word_1_347' title='bbox 943 4470 1116 4541; x_wconf 88' lang='lat' dir='ltr'><strong>potius</strong></span> <span class='ocrx_word' id='word_1_348' title='bbox 1162 4472 1431 4541; x_wconf 87' lang='lat' dir='ltr'><strong>turpitudo</strong></span> <span class='ocrx_word' id='word_1_349' title='bbox 1474 4482 1573 4540; x_wconf 91' lang='lat' dir='ltr'><strong>est,</strong></span> <span class='ocrx_word' id='word_1_350' title='bbox 1617 4472 1703 4528; x_wconf 89' lang='lat' dir='ltr'><strong>vel</strong></span> 
     </span>
    </p>
   </div>
   <div class='ocr_carea' id='block_1_48' title="bbox 158 4561 1703 4635">
    <p class='ocr_par' dir='ltr' id='par_1_48' title="bbox 158 4561 1703 4635">
     <span class='ocr_line' id='line_1_48' title="bbox 158 4561 1703 4635; baseline 0.006 -24"><span class='ocrx_word' id='word_1_351' title='bbox 158 4568 382 4624; x_wconf 67' lang='lat' dir='ltr'><strong>quaestum</strong></span> <span class='ocrx_word' id='word_1_352' title='bbox 434 4561 523 4617; x_wconf 87' lang='lat' dir='ltr'><strong>vel</strong></span> <span class='ocrx_word' id='word_1_353' title='bbox 579 4562 774 4617; x_wconf 89' lang='lat' dir='ltr'><strong>liberos</strong></span> <span class='ocrx_word' id='word_1_354' title='bbox 827 4562 983 4631; x_wconf 83' lang='lat' dir='ltr'><strong>vulgo</strong></span> <span class='ocrx_word' id='word_1_355' title='bbox 1038 4578 1295 4632; x_wconf 65' lang='lat' dir='ltr'><strong>quinrere.</strong></span> <span class='ocrx_word' id='word_1_356' title='bbox 1347 4563 1404 4619; x_wconf 90' lang='lat' dir='ltr'><strong>lu</strong></span> <span class='ocrx_word' id='word_1_357' title='bbox 1460 4564 1703 4635; x_wconf 88' lang='lat' dir='ltr'><strong>hujusce-</strong></span> 
     </span>
    </p>
   </div>
   <div class='ocr_carea' id='block_1_49' title="bbox 156 4649 1698 4723">
    <p class='ocr_par' dir='ltr' id='par_1_49' title="bbox 156 4649 1698 4723">
     <span class='ocr_line' id='line_1_49' title="bbox 156 4649 1698 4723; baseline 0.009 -24"><span class='ocrx_word' id='word_1_358' title='bbox 156 4649 274 4703; x_wconf 87' lang='lat' dir='ltr'><strong>modi</strong></span> <span class='ocrx_word' id='word_1_359' title='bbox 303 4653 537 4709; x_wconf 89' lang='lat' dir='ltr'><strong>morihus</strong></span> <span class='ocrx_word' id='word_1_360' title='bbox 565 4652 814 4723; x_wconf 88' lang='lat' dir='ltr'><strong>quidquid</strong></span> <span class='ocrx_word' id='word_1_361' title='bbox 842 4652 1051 4709; x_wconf 91' lang='lat' dir='ltr'><strong>illorum</strong></span> <span class='ocrx_word' id='word_1_362' title='bbox 1077 4666 1374 4723; x_wconf 86' lang='lat' dir='ltr'><strong>temporum</strong></span> <span class='ocrx_word' id='word_1_363' title='bbox 1407 4658 1573 4711; x_wconf 91' lang='lat' dir='ltr'><strong>sancti</strong></span> <span class='ocrx_word' id='word_1_364' title='bbox 1596 4672 1698 4713; x_wconf 91' lang='lat' dir='ltr'><strong>non</strong></span> 
     </span>
    </p>
   </div>
   <div class='ocr_carea' id='block_1_50' title="bbox 158 4737 1701 4818">
    <p class='ocr_par' dir='ltr' id='par_1_50' title="bbox 158 4737 1701 4818">
     <span class='ocr_line' id='line_1_50' title="bbox 158 4737 1701 4818; baseline 0.009 -27"><span class='ocrx_word' id='word_1_365' title='bbox 158 4737 405 4801; x_wconf 86' lang='lat' dir='ltr'><strong>libidinose</strong></span> <span class='ocrx_word' id='word_1_366' title='bbox 440 4744 740 4812; x_wconf 83' lang='lat' dir='ltr'><strong>faciebant,</strong></span> <span class='ocrx_word' id='word_1_367' title='bbox 780 4746 1019 4816; x_wconf 85' lang='lat' dir='ltr'><strong>quamvis</strong></span> <span class='ocrx_word' id='word_1_368' title='bbox 1059 4760 1120 4801; x_wconf 88' lang='lat' dir='ltr'><strong>ea</strong></span> <span class='ocrx_word' id='word_1_369' title='bbox 1162 4746 1398 4803; x_wconf 85' lang='lat' dir='ltr'><strong>facerent</strong></span> <span class='ocrx_word' id='word_1_370' title='bbox 1452 4764 1569 4818; x_wconf 64' lang='lat' dir='ltr'><strong>quae</strong></span> <span class='ocrx_word' id='word_1_371' title='bbox 1599 4748 1701 4805; x_wconf 87' lang='lat' dir='ltr'><strong>hoc</strong></span> 
     </span>
    </p>
   </div>
   <div class='ocr_carea' id='block_1_51' title="bbox 159 4835 1700 4909">
    <p class='ocr_par' dir='ltr' id='par_1_51' title="bbox 159 4835 1700 4909">
     <span class='ocr_line' id='line_1_51' title="bbox 159 4835 1700 4909; baseline 0.007 -25"><span class='ocrx_word' id='word_1_372' title='bbox 159 4837 365 4901; x_wconf 81' lang='lat' dir='ltr'><strong>tempore</strong></span> <span class='ocrx_word' id='word_1_373' title='bbox 402 4837 503 4891; x_wconf 90' lang='lat' dir='ltr'><strong>nisi</strong></span> <span class='ocrx_word' id='word_1_374' title='bbox 543 4851 637 4906; x_wconf 87' lang='lat' dir='ltr'><strong>per</strong></span> <span class='ocrx_word' id='word_1_375' title='bbox 666 4835 935 4892; x_wconf 90' lang='lat' dir='ltr'><strong>libidinem</strong></span> <span class='ocrx_word' id='word_1_376' title='bbox 986 4836 1098 4892; x_wconf 89' lang='lat' dir='ltr'><strong>ﬂeri</strong></span> <span class='ocrx_word' id='word_1_377' title='bbox 1145 4852 1247 4892; x_wconf 89' lang='lat' dir='ltr'><strong>non</strong></span> <span class='ocrx_word' id='word_1_378' title='bbox 1299 4847 1551 4909; x_wconf 88' lang='lat' dir='ltr'><strong>possunt,</strong></span> <span class='ocrx_word' id='word_1_379' title='bbox 1595 4856 1700 4895; x_wconf 91' lang='lat' dir='ltr'><strong>non</strong></span> 
     </span>
    </p>
   </div>
   <div class='ocr_carea' id='block_1_52' title="bbox 159 4924 1699 4999">
    <p class='ocr_par' dir='ltr' id='par_1_52' title="bbox 159 4924 1699 4999">
     <span class='ocr_line' id='line_1_52' title="bbox 159 4924 1699 4999; baseline 0.005 -20"><span class='ocrx_word' id='word_1_380' title='bbox 159 4924 310 4993; x_wconf 80' lang='lat' dir='ltr'><strong>culpat</strong></span> <span class='ocrx_word' id='word_1_381' title='bbox 333 4926 623 4998; x_wconf 86' lang='lat' dir='ltr'><strong>Scriptura.</strong></span> <span class='ocrx_word' id='word_1_382' title='bbox 654 4929 718 4983; x_wconf 82' lang='lat' dir='ltr'><strong>Et</strong></span> <span class='ocrx_word' id='word_1_383' title='bbox 749 4927 1003 4999; x_wconf 87' lang='lat' dir='ltr'><strong>quidquid</strong></span> <span class='ocrx_word' id='word_1_384' title='bbox 1050 4929 1121 4985; x_wconf 90' lang='lat' dir='ltr'><strong>ibi</strong></span> <span class='ocrx_word' id='word_1_385' title='bbox 1169 4930 1271 4985; x_wconf 90' lang='lat' dir='ltr'><strong>tale</strong></span> <span class='ocrx_word' id='word_1_386' title='bbox 1301 4938 1565 4997; x_wconf 85' lang='lat' dir='ltr'><strong>narratur,</strong></span> <span class='ocrx_word' id='word_1_387' title='bbox 1594 4946 1699 4986; x_wconf 93' lang='lat' dir='ltr'><strong>non</strong></span> 
     </span>
    </p>
   </div>
   <div class='ocr_carea' id='block_1_53' title="bbox 159 5006 1698 5096">
    <p class='ocr_par' dir='ltr' id='par_1_53' title="bbox 159 5006 1698 5096">
     <span class='ocr_line' id='line_1_53' title="bbox 159 5006 1698 5096; baseline 0.007 -28"><span class='ocrx_word' id='word_1_388' title='bbox 159 5006 302 5072; x_wconf 80' lang='lat' dir='ltr'><strong>solum</strong></span> <span class='ocrx_word' id='word_1_389' title='bbox 331 5020 578 5077; x_wconf 86' lang='lat' dir='ltr'><strong>historice</strong></span> <span class='ocrx_word' id='word_1_390' title='bbox 603 5037 665 5077; x_wconf 87' lang='lat' dir='ltr'><strong>ac</strong></span> <span class='ocrx_word' id='word_1_391' title='bbox 695 5024 923 5092; x_wconf 81' lang='lat' dir='ltr'><strong>preprie,</strong></span> <span class='ocrx_word' id='word_1_392' title='bbox 954 5022 1047 5078; x_wconf 90' lang='lat' dir='ltr'><strong>sed</strong></span> <span class='ocrx_word' id='word_1_393' title='bbox 1070 5023 1229 5078; x_wconf 87' lang='lat' dir='ltr'><strong>etiam</strong></span> <span class='ocrx_word' id='word_1_394' title='bbox 1252 5023 1474 5095; x_wconf 89' lang='lat' dir='ltr'><strong>ﬂgurate</strong></span> <span class='ocrx_word' id='word_1_395' title='bbox 1495 5040 1557 5080; x_wconf 89' lang='lat' dir='ltr'><strong>ac</strong></span> <span class='ocrx_word' id='word_1_396' title='bbox 1579 5040 1698 5096; x_wconf 91' lang='lat' dir='ltr'><strong>pro-</strong></span> 
     </span>
    </p>
   </div>
   <div class='ocr_carea' id='block_1_54' title="bbox 161 5107 1698 5187">
    <p class='ocr_par' dir='ltr' id='par_1_54' title="bbox 161 5107 1698 5187">
     <span class='ocr_line' id='line_1_54' title="bbox 161 5107 1698 5187; baseline 0.002 -21"><span class='ocrx_word' id='word_1_397' title='bbox 161 5107 338 5176; x_wconf 72' lang='lat' dir='ltr'><strong>phetico</strong></span> <span class='ocrx_word' id='word_1_398' title='bbox 364 5122 658 5183; x_wconf 88' lang='lat' dir='ltr'><strong>acceptum,</strong></span> <span class='ocrx_word' id='word_1_399' title='bbox 682 5112 1135 5184; x_wconf 87' lang='lat' dir='ltr'><strong>interpretandum</strong></span> <span class='ocrx_word' id='word_1_400' title='bbox 1158 5124 1241 5171; x_wconf 89' lang='lat' dir='ltr'><strong>est</strong></span> <span class='ocrx_word' id='word_1_401' title='bbox 1267 5130 1431 5187; x_wconf 90' lang='lat' dir='ltr'><strong>usque</strong></span> <span class='ocrx_word' id='word_1_402' title='bbox 1460 5117 1513 5171; x_wconf 92' lang='lat' dir='ltr'><strong>in</strong></span> <span class='ocrx_word' id='word_1_403' title='bbox 1540 5117 1698 5171; x_wconf 86' lang='lat' dir='ltr'><strong>finem</strong></span> 
     </span>
    </p>
   </div>
   <div class='ocr_carea' id='block_1_55' title="bbox 162 5197 1696 5279">
    <p class='ocr_par' dir='ltr' id='par_1_55' title="bbox 162 5197 1696 5279">
     <span class='ocr_line' id='line_1_55' title="bbox 162 5197 1696 5279; baseline 0.006 -25"><span class='ocrx_word' id='word_1_404' title='bbox 162 5197 284 5257; x_wconf 85' lang='lat' dir='ltr'><strong>illum</strong></span> <span class='ocrx_word' id='word_1_405' title='bbox 301 5203 584 5272; x_wconf 87' lang='lat' dir='ltr'><strong>charitatis,</strong></span> <span class='ocrx_word' id='word_1_406' title='bbox 598 5205 710 5262; x_wconf 89' lang='lat' dir='ltr'><strong>sive</strong></span> <span class='ocrx_word' id='word_1_407' title='bbox 728 5206 841 5271; x_wconf 90' lang='lat' dir='ltr'><strong>Dei,</strong></span> <span class='ocrx_word' id='word_1_408' title='bbox 861 5208 973 5261; x_wconf 85' lang='lat' dir='ltr'><strong>sive</strong></span> <span class='ocrx_word' id='word_1_409' title='bbox 1000 5206 1247 5277; x_wconf 79' lang='lat' dir='ltr'><strong>proximi,</strong></span> <span class='ocrx_word' id='word_1_410' title='bbox 1267 5208 1379 5264; x_wconf 90' lang='lat' dir='ltr'><strong>sive</strong></span> <span class='ocrx_word' id='word_1_411' title='bbox 1405 5208 1696 5279; x_wconf 91' lang='lat' dir='ltr'><strong>utriusque.</strong></span> 
     </span>
    </p>
   </div>
   <div class='ocr_carea' id='block_1_56' title="bbox 214 5360 1701 5444">
    <p class='ocr_par' dir='ltr' id='par_1_56' title="bbox 214 5360 1701 5444">
     <span class='ocr_line' id='line_1_56' title="bbox 214 5360 1701 5444; baseline 0.002 0"><span class='ocrx_word' id='word_1_412' title='bbox 214 5360 799 5444; x_wconf 44' lang='lat' dir='ltr'><strong>meaemeae:</strong></span> <span class='ocrx_word' id='word_1_413' title='bbox 816 5378 835 5444; x_wconf 68' lang='grc' dir='ltr'><strong><em>ς</em></strong></span> <span class='ocrx_word' id='word_1_414' title='bbox 851 5363 1247 5444; x_wconf 52' lang='lat' dir='ltr'><strong>ista</strong></span> <span class='ocrx_word' id='word_1_415' title='bbox 1273 5375 1470 5444; x_wconf 51' lang='grc' dir='ltr'><strong>δεμες-ν</strong></span> <span class='ocrx_word' id='word_1_416' title='bbox 1492 5370 1605 5425; x_wconf 70' lang='lat' dir='ltr'><strong>vitio</strong></span> <span class='ocrx_word' id='word_1_417' title='bbox 1620 5387 1701 5425; x_wconf 78' lang='grc' dir='ltr'><strong><em>αι-</em></strong></span> 
     </span>
    </p>
   </div>
   <div class='ocr_carea' id='block_1_57' title="bbox 166 5421 1699 5501">
    <p class='ocr_par' dir='ltr' id='par_1_57' title="bbox 166 5421 1699 5501">
     <span class='ocr_line' id='line_1_57' title="bbox 166 5421 1699 5501; baseline -0.005 -16"><span class='ocrx_word' id='word_1_418' title='bbox 344 5421 392 5476; x_wconf 69' lang='lat' dir='ltr'><strong>id</strong></span> <span class='ocrx_word' id='word_1_419' title='bbox 415 5436 490 5479; x_wconf 87' lang='lat' dir='ltr'><strong>est</strong></span> <span class='ocrx_word' id='word_1_420' title='bbox 509 5421 677 5480; x_wconf 85' lang='lat' dir='ltr'><strong>vitioso</strong></span> <span class='ocrx_word' id='word_1_421' title='bbox 699 5421 914 5479; x_wconf 79' lang='lat' dir='ltr'><strong>ciborum</strong></span> <span class='ocrx_word' id='word_1_422' title='bbox 934 5421 1188 5479; x_wconf 70' lang='lat' dir='ltr'><strong>lautior-um</strong></span> <span class='ocrx_word' id='word_1_423' title='bbox 1215 5421 1595 5500; x_wconf 55' lang='lat' dir='ltr'><strong>suaviorumqué&#39;</strong></span> <span class='ocrx_word' id='word_1_424' title='bbox 1615 5421 1699 5501; x_wconf 59' lang='grc' dir='ltr'><strong>ἐβ-</strong></span> 
     </span>
    </p>
   </div>
   <div class='ocr_carea' id='block_1_58' title="bbox 218 5522 1702 5686">
    <p class='ocr_par' dir='ltr' id='par_1_58' title="bbox 218 5522 1702 5686">
     <span class='ocr_line' id='line_1_58' title="bbox 218 5522 1531 5637; baseline 0.002 -38"><span class='ocrx_word' id='word_1_425' title='bbox 218 5522 375 5637; x_wconf 62' lang='lat' dir='ltr'><strong>filim,</strong></span> <span class='ocrx_word' id='word_1_426' title='bbox 398 5557 443 5602; x_wconf 84' lang='lat' dir='ltr'><strong>et</strong></span> <span class='ocrx_word' id='word_1_427' title='bbox 459 5551 616 5605; x_wconf 81' lang='lat' dir='ltr'><strong>sanius</strong></span> <span class='ocrx_word' id='word_1_428' title='bbox 634 5552 847 5626; x_wconf 73' lang='lat' dir='ltr'><strong>quisque.</strong></span> <span class='ocrx_word' id='word_1_429' title='bbox 872 5560 1185 5628; x_wconf 79' lang='lat' dir='ltr'><strong>Mss.,__sunus.</strong></span> <span class='ocrx_word' id='word_1_430' title='bbox 1246 5617 1254 5627; x_wconf 38' lang='lat'><em>.</em></span> <span class='ocrx_word' id='word_1_431' title='bbox 1519 5620 1531 5633; x_wconf 43' lang='lat'><strong>.</strong></span> 
     </span>
     <span class='ocr_line' id='line_1_59' title="bbox 218 5611 1702 5686; baseline 0.008 -21"><span class='ocrx_word' id='word_1_432' title='bbox 366 5611 562 5686; x_wconf 68' lang='lat' dir='ltr'><strong>aliguot,</strong></span> <span class='ocrx_word' id='word_1_433' title='bbox 581 5614 1155 5686; x_wconf 36' lang='lat' dir='ltr'><strong>susezptindwzalttcum</strong></span> <span class='ocrx_word' id='word_1_434' title='bbox 1180 5617 1348 5686; x_wconf 65' lang='lat' dir='ltr'><strong>editis,</strong></span> <span class='ocrx_word' id='word_1_435' title='bbox 1370 5618 1702 5686; x_wconf 69' lang='lat' dir='ltr'><strong>sulﬁczeudw;</strong></span> 
     </span>
    </p>
   </div>
   <div class='ocr_carea' id='block_1_59' title="bbox 171 5629 1697 5742">
    <p class='ocr_par' dir='ltr' id='par_1_59' title="bbox 171 5629 1697 5742">
     <span class='ocr_line' id='line_1_60' title="bbox 220 5629 1697 5688; baseline 0.012 -30"><span class='ocrx_word' id='word_1_436' title='bbox 220 5629 343 5661; x_wconf 50' lang='grc' dir='ltr'><strong>ἐξ.</strong></span> <span class='ocrx_word' id='word_1_437' title='bbox 366 5629 562 5677; x_wconf 77' lang='lat' dir='ltr'><strong>anqum,</strong></span> <span class='ocrx_word' id='word_1_438' title='bbox 581 5629 920 5679; x_wconf 61' lang='lat' dir='ltr'><strong>sumpsimus.</strong></span> <span class='ocrx_word' id='word_1_439' title='bbox 943 5629 1025 5665; x_wconf 81' lang='lat' dir='ltr'><strong>Ain</strong></span> <span class='ocrx_word' id='word_1_440' title='bbox 1048 5629 1155 5665; x_wconf 89' lang='lat' dir='ltr'><strong>cum</strong></span> <span class='ocrx_word' id='word_1_441' title='bbox 1180 5629 1348 5680; x_wconf 80' lang='lat' dir='ltr'><strong>cuius,</strong></span> <span class='ocrx_word' id='word_1_442' title='bbox 1370 5629 1667 5686; x_wconf 66' lang='lat' dir='ltr'><strong>sufficientia:</strong></span> <span class='ocrx_word' id='word_1_443' title='bbox 1681 5637 1697 5688; x_wconf 87' lang='lat'><strong>,&#39;</strong></span> 
     </span>
     <span class='ocr_line' id='line_1_61' title="bbox 171 5669 1282 5742; baseline 0.005 -19"><span class='ocrx_word' id='word_1_444' title='bbox 171 5669 275 5730; x_wconf 65' lang='lat' dir='ltr'><strong>uno</strong></span> <span class='ocrx_word' id='word_1_445' title='bbox 291 5674 581 5742; x_wconf 64' lang='lat' dir='ltr'><strong>Virgiliannm</strong></span> <span class='ocrx_word' id='word_1_446' title='bbox 597 5685 697 5742; x_wconf 79' lang='lat' dir='ltr'><strong>est,</strong></span> <span class='ocrx_word' id='word_1_447' title='bbox 721 5686 891 5742; x_wconf 84' lang='lat' dir='ltr'><strong>Georg.</strong></span> <span class='ocrx_word' id='word_1_448' title='bbox 913 5678 1003 5742; x_wconf 79' lang='lat' dir='ltr'><strong>lib.</strong></span> <span class='ocrx_word' id='word_1_449' title='bbox 1028 5679 1083 5742; x_wconf 76' lang='lat'><strong>5,</strong></span> <span class='ocrx_word' id='word_1_450' title='bbox 1111 5693 1158 5727; x_wconf 92' lang='lat' dir='ltr'><strong>v.</strong></span> <span class='ocrx_word' id='word_1_451' title='bbox 1183 5679 1282 5742; x_wconf 63' lang='lat'><strong>65;</strong></span> 
     </span>
    </p>
   </div>
   <div class='ocr_carea' id='block_1_60' title="bbox 323 5674 1367 5805">
    <p class='ocr_par' dir='ltr' id='par_1_60' title="bbox 323 5674 1367 5805">
     <span class='ocr_line' id='line_1_62' title="bbox 323 5674 1344 5792; baseline 0.003 -66"><span class='ocrx_word' id='word_1_452' title='bbox 323 5674 581 5785; x_wconf 48' lang='lat' dir='ltr'><strong>ﬁglinum</strong></span> <span class='ocrx_word' id='word_1_453' title='bbox 604 5685 697 5751; x_wconf 81' lang='lat' dir='ltr'><strong>est,</strong></span> <span class='ocrx_word' id='word_1_454' title='bbox 715 5674 891 5742; x_wconf 62' lang='lat' dir='ltr'><strong>&#39;Georg.</strong></span> <span class='ocrx_word' id='word_1_455' title='bbox 917 5678 1158 5792; x_wconf 49' lang='grc' dir='ltr'><strong>Ιὶῠὼῒᾶἰθέ.</strong></span> <span class='ocrx_word' id='word_1_456' title='bbox 1183 5679 1246 5729; x_wconf 76' lang='lat'><strong>65</strong></span> <span class='ocrx_word' id='word_1_457' title='bbox 1269 5693 1282 5729; x_wconf 88' lang='lat'><strong><em>:</em></strong></span> <span class='ocrx_word' id='word_1_458' title='bbox 1334 5674 1344 5680; x_wconf 84' lang='grc'><em>’</em></span> 
     </span>
     <span class='ocr_line' id='line_1_63' title="bbox 324 5739 1367 5805; baseline 0.009 -21"><span class='ocrx_word' id='word_1_459' title='bbox 324 5744 352 5783; x_wconf 78' lang='grc' dir='ltr'><strong>Α</strong></span> <span class='ocrx_word' id='word_1_460' title='bbox 416 5750 461 5787; x_wconf 92' lang='lat' dir='ltr'><strong>m</strong></span> <span class='ocrx_word' id='word_1_461' title='bbox 482 5752 545 5788; x_wconf 81' lang='lat' dir='ltr'><strong>ex</strong></span> <span class='ocrx_word' id='word_1_462' title='bbox 566 5739 658 5789; x_wconf 74' lang='lat' dir='ltr'><strong>alia</strong></span> <span class='ocrx_word' id='word_1_463' title='bbox 679 5740 959 5803; x_wconf 79' lang='lat' dir='ltr'><strong>generando</strong></span> <span class='ocrx_word' id='word_1_464' title='bbox 1164 5740 1367 5805; x_wconf 87' lang='lat' dir='ltr'><strong>prolem.</strong></span> 
     </span>
    </p>
   </div>
   <div class='ocr_carea' id='block_1_61' title="bbox 446 5820 1112 5886">
    <p class='ocr_par' dir='ltr' id='par_1_61' title="bbox 446 5820 1112 5886">
     <span class='ocr_line' id='line_1_64' title="bbox 446 5820 1112 5886; baseline 0.005 -5"><span class='ocrx_word' id='word_1_465' title='bbox 446 5820 663 5884; x_wconf 63' lang='lat' dir='ltr'><strong>Sacr.</strong></span> <span class='ocrx_word' id='word_1_466' title='bbox 695 5825 966 5886; x_wconf 76' lang='lat' dir='ltr'><strong>Ausus&#39;r.</strong></span> <span class='ocrx_word' id='word_1_467' title='bbox 1003 5823 1112 5885; x_wconf 84' lang='lat' dir='ltr'><strong>III.</strong></span> 
     </span>
    </p>
   </div>
   <div class='ocr_carea' id='block_1_62' title="bbox 1835 416 3405 515">
    <p class='ocr_par' dir='ltr' id='par_1_62' title="bbox 1835 416 3405 515">
     <span class='ocr_line' id='line_1_65' title="bbox 1835 416 3405 515; baseline 0.018 -43"><span class='ocrx_word' id='word_1_468' title='bbox 1835 416 1987 474; x_wconf 91' lang='lat' dir='ltr'><strong>Sicut</strong></span> <span class='ocrx_word' id='word_1_469' title='bbox 2011 422 2153 477; x_wconf 90' lang='lat' dir='ltr'><strong>enim</strong></span> <span class='ocrx_word' id='word_1_470' title='bbox 2186 424 2372 482; x_wconf 89' lang='lat' dir='ltr'><strong>talares</strong></span> <span class='ocrx_word' id='word_1_471' title='bbox 2397 435 2452 481; x_wconf 91' lang='lat' dir='ltr'><strong>et</strong></span> <span class='ocrx_word' id='word_1_472' title='bbox 2479 427 2765 486; x_wconf 88' lang='lat' dir='ltr'><strong>manicatas</strong></span> <span class='ocrx_word' id='word_1_473' title='bbox 2792 434 2993 491; x_wconf 88' lang='lat' dir='ltr'><strong>tunicas</strong></span> <span class='ocrx_word' id='word_1_474' title='bbox 3022 436 3218 497; x_wconf 85' lang='lat' dir='ltr'><strong>habere</strong></span> <span class='ocrx_word' id='word_1_475' title='bbox 3263 447 3405 515; x_wconf 90' lang='lat' dir='ltr'><strong>apud</strong></span> 
     </span>
    </p>
   </div>
   <div class='ocr_carea' id='block_1_63' title="bbox 1833 509 3402 594">
    <p class='ocr_par' dir='ltr' id='par_1_63' title="bbox 1833 509 3402 594">
     <span class='ocr_line' id='line_1_66' title="bbox 1833 509 3402 594; baseline 0.02 -31"><span class='ocrx_word' id='word_1_476' title='bbox 1833 509 2104 568; x_wconf 86' lang='lat' dir='ltr'><strong>Romanos</strong></span> <span class='ocrx_word' id='word_1_477' title='bbox 2128 526 2335 574; x_wconf 84' lang='lat' dir='ltr'><strong>veteres</strong></span> <span class='ocrx_word' id='word_1_478' title='bbox 2360 520 2610 591; x_wconf 86' lang='lat' dir='ltr'><strong>ﬂagitium</strong></span> <span class='ocrx_word' id='word_1_479' title='bbox 2635 535 2782 593; x_wconf 91' lang='lat' dir='ltr'><strong>erat;</strong></span> <span class='ocrx_word' id='word_1_480' title='bbox 2815 544 2957 586; x_wconf 90' lang='lat' dir='ltr'><strong>nunc</strong></span> <span class='ocrx_word' id='word_1_481' title='bbox 2979 539 3155 589; x_wconf 88' lang='lat' dir='ltr'><strong>autem</strong></span> <span class='ocrx_word' id='word_1_482' title='bbox 3177 509 3402 594; x_wconf 79' lang='lat' dir='ltr'><strong>honesto</strong></span> 
     </span>
    </p>
   </div>
   <div class='ocr_carea' id='block_1_64' title="bbox 1833 599 3400 695">
    <p class='ocr_par' dir='ltr' id='par_1_64' title="bbox 1833 599 3400 695">
     <span class='ocr_line' id='line_1_67' title="bbox 1833 599 3400 695; baseline 0.02 -42"><span class='ocrx_word' id='word_1_483' title='bbox 1833 599 1949 655; x_wconf 93' lang='lat' dir='ltr'><strong>loco</strong></span> <span class='ocrx_word' id='word_1_484' title='bbox 1965 605 2121 670; x_wconf 89' lang='lat' dir='ltr'><strong>natis,</strong></span> <span class='ocrx_word' id='word_1_485' title='bbox 2140 619 2258 661; x_wconf 92' lang='lat' dir='ltr'><strong>cum</strong></span> <span class='ocrx_word' id='word_1_486' title='bbox 2280 610 2495 665; x_wconf 86' lang='lat' dir='ltr'><strong>tunicati</strong></span> <span class='ocrx_word' id='word_1_487' title='bbox 2512 623 2653 679; x_wconf 92' lang='lat' dir='ltr'><strong>sunt,</strong></span> <span class='ocrx_word' id='word_1_488' title='bbox 2674 632 2780 671; x_wconf 90' lang='lat' dir='ltr'><strong>non</strong></span> <span class='ocrx_word' id='word_1_489' title='bbox 2807 633 2898 673; x_wconf 89' lang='lat' dir='ltr'><strong>eas</strong></span> <span class='ocrx_word' id='word_1_490' title='bbox 2919 619 3118 677; x_wconf 87' lang='lat' dir='ltr'><strong>habere</strong></span> <span class='ocrx_word' id='word_1_491' title='bbox 3145 623 3400 695; x_wconf 77' lang='lat' dir='ltr'><strong>ﬂagitium</strong></span> 
     </span>
    </p>
   </div>
   <div class='ocr_carea' id='block_1_65' title="bbox 1818 693 3403 785">
    <p class='ocr_par' dir='ltr' id='par_1_65' title="bbox 1818 693 3403 785">
     <span class='ocr_line' id='line_1_68' title="bbox 1818 693 3403 785; baseline 0.02 -43"><span class='ocrx_word' id='word_1_492' title='bbox 1818 699 1914 765; x_wconf 86' lang='lat' dir='ltr'><strong>est</strong></span> <span class='ocrx_word' id='word_1_493' title='bbox 1943 710 1958 746; x_wconf 89' lang='lat'><strong>:</strong></span> <span class='ocrx_word' id='word_1_494' title='bbox 1987 693 2065 747; x_wconf 91' lang='lat' dir='ltr'><strong>sic</strong></span> <span class='ocrx_word' id='word_1_495' title='bbox 2087 696 2612 758; x_wconf 88' lang='lat' dir='ltr'><strong>animadvertendum</strong></span> <span class='ocrx_word' id='word_1_496' title='bbox 2633 714 2734 769; x_wconf 90' lang='lat' dir='ltr'><strong>est,</strong></span> <span class='ocrx_word' id='word_1_497' title='bbox 2766 708 2820 761; x_wconf 92' lang='lat' dir='ltr'><strong>in</strong></span> <span class='ocrx_word' id='word_1_498' title='bbox 2843 718 3039 766; x_wconf 82' lang='lat' dir='ltr'><strong>caetero</strong></span> <span class='ocrx_word' id='word_1_499' title='bbox 3063 693 3273 785; x_wconf 82' lang='lat' dir='ltr'><strong>quoque</strong></span> <span class='ocrx_word' id='word_1_500' title='bbox 3302 733 3403 775; x_wconf 90' lang='lat' dir='ltr'><strong>usu</strong></span> 
     </span>
    </p>
   </div>
   <div class='ocr_carea' id='block_1_66' title="bbox 1828 784 3401 870">
    <p class='ocr_par' dir='ltr' id='par_1_66' title="bbox 1828 784 3401 870">
     <span class='ocr_line' id='line_1_69' title="bbox 1828 784 3401 870; baseline 0.02 -38"><span class='ocrx_word' id='word_1_501' title='bbox 1828 794 2007 835; x_wconf 89' lang='lat' dir='ltr'><strong>rerum</strong></span> <span class='ocrx_word' id='word_1_502' title='bbox 2039 784 2225 842; x_wconf 88' lang='lat' dir='ltr'><strong>abesse</strong></span> <span class='ocrx_word' id='word_1_503' title='bbox 2253 800 2501 858; x_wconf 83' lang='lat' dir='ltr'><strong>Oportere</strong></span> <span class='ocrx_word' id='word_1_504' title='bbox 2542 794 2811 853; x_wconf 90' lang='lat' dir='ltr'><strong>libidinem</strong></span> <span class='ocrx_word' id='word_1_505' title='bbox 2835 840 2852 866; x_wconf 95' lang='lat'><strong>,</strong></span> <span class='ocrx_word' id='word_1_506' title='bbox 2899 816 3017 870; x_wconf 65' lang='lat' dir='ltr'><strong>quae</strong></span> <span class='ocrx_word' id='word_1_507' title='bbox 3066 784 3197 860; x_wconf 9' lang='lat' dir='ltr'><strong>non,</strong></span> <span class='ocrx_word' id='word_1_508' title='bbox 3226 809 3401 864; x_wconf 87' lang='lat' dir='ltr'><strong>solum</strong></span> 
     </span>
    </p>
   </div>
   <div class='ocr_carea' id='block_1_67' title="bbox 1826 870 3403 970">
    <p class='ocr_par' dir='ltr' id='par_1_67' title="bbox 1826 870 3403 970">
     <span class='ocr_line' id='line_1_70' title="bbox 1826 870 3403 970; baseline 0.02 -46"><span class='ocrx_word' id='word_1_509' title='bbox 1826 870 1938 939; x_wconf 87' lang='lat' dir='ltr'><strong>ipsa</strong></span> <span class='ocrx_word' id='word_1_510' title='bbox 1971 888 2184 945; x_wconf 90' lang='lat' dir='ltr'><strong>eorum,</strong></span> <span class='ocrx_word' id='word_1_511' title='bbox 2217 879 2355 936; x_wconf 91' lang='lat' dir='ltr'><strong>inter</strong></span> <span class='ocrx_word' id='word_1_512' title='bbox 2381 899 2514 953; x_wconf 89' lang='lat' dir='ltr'><strong>quos</strong></span> <span class='ocrx_word' id='word_1_513' title='bbox 2544 886 2702 953; x_wconf 89' lang='lat' dir='ltr'><strong>vivit,</strong></span> <span class='ocrx_word' id='word_1_514' title='bbox 2743 894 3125 952; x_wconf 89' lang='lat' dir='ltr'><strong>consuetudine</strong></span> <span class='ocrx_word' id='word_1_515' title='bbox 3159 901 3403 970; x_wconf 87' lang='lat' dir='ltr'><strong>nequiter</strong></span> 
     </span>
    </p>
   </div>
   <div class='ocr_carea' id='block_1_68' title="bbox 1826 963 3399 1055">
    <p class='ocr_par' dir='ltr' id='par_1_68' title="bbox 1826 963 3399 1055">
     <span class='ocr_line' id='line_1_71' title="bbox 1826 963 3399 1055; baseline 0.02 -39"><span class='ocrx_word' id='word_1_516' title='bbox 1826 963 2080 1033; x_wconf 89' lang='lat' dir='ltr'><strong>abutitur;</strong></span> <span class='ocrx_word' id='word_1_517' title='bbox 2099 970 2192 1023; x_wconf 91' lang='lat' dir='ltr'><strong>sed</strong></span> <span class='ocrx_word' id='word_1_518' title='bbox 2213 972 2369 1027; x_wconf 90' lang='lat' dir='ltr'><strong>etiam</strong></span> <span class='ocrx_word' id='word_1_519' title='bbox 2393 990 2534 1046; x_wconf 64' lang='lat' dir='ltr'><strong>saepe</strong></span> <span class='ocrx_word' id='word_1_520' title='bbox 2559 978 2691 1035; x_wconf 86' lang='lat' dir='ltr'><strong>fines</strong></span> <span class='ocrx_word' id='word_1_521' title='bbox 2713 982 2829 1051; x_wconf 89' lang='lat' dir='ltr'><strong>ejus</strong></span> <span class='ocrx_word' id='word_1_522' title='bbox 2851 1000 3083 1055; x_wconf 87' lang='lat' dir='ltr'><strong>egressa,</strong></span> <span class='ocrx_word' id='word_1_523' title='bbox 3108 963 3399 1048; x_wconf 72' lang='lat' dir='ltr'><strong>fmditatem</strong></span> 
     </span>
    </p>
   </div>
   <div class='ocr_carea' id='block_1_69' title="bbox 1823 1059 3390 1148">
    <p class='ocr_par' dir='ltr' id='par_1_69' title="bbox 1823 1059 3390 1148">
     <span class='ocr_line' id='line_1_72' title="bbox 1823 1059 3390 1148; baseline 0.02 -41"><span class='ocrx_word' id='word_1_524' title='bbox 1823 1066 2127 1127; x_wconf 76' lang='lat' dir='ltr'><strong>suam,qu:c</strong></span> <span class='ocrx_word' id='word_1_525' title='bbox 2146 1059 2282 1116; x_wconf 91' lang='lat' dir='ltr'><strong>inter</strong></span> <span class='ocrx_word' id='word_1_526' title='bbox 2306 1063 2533 1120; x_wconf 90' lang='lat' dir='ltr'><strong>claustra</strong></span> <span class='ocrx_word' id='word_1_527' title='bbox 2561 1084 2766 1126; x_wconf 90' lang='lat' dir='ltr'><strong>morum</strong></span> <span class='ocrx_word' id='word_1_528' title='bbox 2796 1074 3110 1132; x_wconf 89' lang='lat' dir='ltr'><strong>solemnium</strong></span> <span class='ocrx_word' id='word_1_529' title='bbox 3130 1079 3390 1148; x_wconf 86' lang='lat' dir='ltr'><strong>latitabat,</strong></span> 
     </span>
    </p>
   </div>
   <div class='ocr_carea' id='block_1_70' title="bbox 1822 1142 2884 1224">
    <p class='ocr_par' dir='ltr' id='par_1_70' title="bbox 1822 1142 2884 1224">
     <span class='ocr_line' id='line_1_73' title="bbox 1822 1142 2884 1224; baseline 0.019 -27"><span class='ocrx_word' id='word_1_530' title='bbox 1822 1142 2233 1215; x_wconf 86' lang='lat' dir='ltr'><strong>ﬂagitiosissima</strong></span> <span class='ocrx_word' id='word_1_531' title='bbox 2264 1156 2542 1224; x_wconf 90' lang='lat' dir='ltr'><strong>eruptione</strong></span> <span class='ocrx_word' id='word_1_532' title='bbox 2565 1162 2884 1219; x_wconf 81' lang='lat' dir='ltr'><strong>manifestat.</strong></span> 
     </span>
    </p>
   </div>
   <div class='ocr_carea' id='block_1_71' title="bbox 1904 1257 3309 1351">
    <p class='ocr_par' dir='ltr' id='par_1_71' title="bbox 1904 1257 3309 1351">
     <span class='ocr_line' id='line_1_74' title="bbox 1904 1257 3309 1351; baseline 0.019 -40"><span class='ocrx_word' id='word_1_533' title='bbox 1904 1257 2083 1351; x_wconf 57' lang='grc' dir='ltr'><strong>ρΑιῖυ</strong></span> <span class='ocrx_word' id='word_1_534' title='bbox 2091 1261 2131 1314; x_wconf 88' lang='grc' dir='ltr'>Τ</span> <span class='ocrx_word' id='word_1_535' title='bbox 2170 1263 2305 1318; x_wconf 77' lang='lat' dir='ltr'><strong>XIII.</strong></span> <span class='ocrx_word' id='word_1_536' title='bbox 2327 1296 2399 1306; x_wconf 92' lang='grc'><strong><em>--</em></strong></span> <span class='ocrx_word' id='word_1_537' title='bbox 2422 1266 2743 1327; x_wconf 82' lang='lat' dir='ltr'><strong>Continuatio</strong></span> <span class='ocrx_word' id='word_1_538' title='bbox 2763 1276 2986 1341; x_wconf 83' lang='lat' dir='ltr'><strong>ejusdem</strong></span> <span class='ocrx_word' id='word_1_539' title='bbox 3008 1286 3309 1351; x_wconf 78' lang='lat' dir='ltr'><strong>argumenti.</strong></span> 
     </span>
    </p>
   </div>
   <div class='ocr_carea' id='block_1_72' title="bbox 1890 1348 3394 1431">
    <p class='ocr_par' dir='ltr' id='par_1_72' title="bbox 1890 1348 3394 1431">
     <span class='ocr_line' id='line_1_75' title="bbox 1890 1348 3394 1431; baseline 0.019 -30"><span class='ocrx_word' id='word_1_540' title='bbox 1890 1348 1979 1403; x_wconf 80' lang='lat' dir='ltr'><strong>2i.</strong></span> <span class='ocrx_word' id='word_1_541' title='bbox 2004 1349 2268 1422; x_wconf 85' lang='lat' dir='ltr'><strong>Quidquid</strong></span> <span class='ocrx_word' id='word_1_542' title='bbox 2296 1365 2471 1411; x_wconf 87' lang='lat' dir='ltr'><strong>autem</strong></span> <span class='ocrx_word' id='word_1_543' title='bbox 2510 1363 2756 1431; x_wconf 87' lang='lat' dir='ltr'><strong>congruit</strong></span> <span class='ocrx_word' id='word_1_544' title='bbox 2796 1348 3163 1425; x_wconf 85' lang='lat' dir='ltr'><strong>consuetudini</strong></span> <span class='ocrx_word' id='word_1_545' title='bbox 3207 1388 3394 1430; x_wconf 89' lang='lat' dir='ltr'><strong>eorum</strong></span> 
     </span>
    </p>
   </div>
   <div class='ocr_carea' id='block_1_73' title="bbox 1818 1442 3395 1535">
    <p class='ocr_par' dir='ltr' id='par_1_73' title="bbox 1818 1442 3395 1535">
     <span class='ocr_line' id='line_1_76' title="bbox 1818 1442 3395 1535; baseline 0.02 -45"><span class='ocrx_word' id='word_1_546' title='bbox 1818 1450 1939 1492; x_wconf 91' lang='lat' dir='ltr'><strong>cum</strong></span> <span class='ocrx_word' id='word_1_547' title='bbox 1964 1442 2155 1509; x_wconf 91' lang='lat' dir='ltr'><strong>quibus</strong></span> <span class='ocrx_word' id='word_1_548' title='bbox 2184 1447 2287 1499; x_wconf 89' lang='lat' dir='ltr'><strong>vita</strong></span> <span class='ocrx_word' id='word_1_549' title='bbox 2321 1448 2417 1503; x_wconf 86' lang='lat' dir='ltr'><strong>ista</strong></span> <span class='ocrx_word' id='word_1_550' title='bbox 2445 1449 2683 1521; x_wconf 87' lang='lat' dir='ltr'><strong>degenda</strong></span> <span class='ocrx_word' id='word_1_551' title='bbox 2711 1456 2797 1512; x_wconf 88' lang='lat' dir='ltr'><strong>vel</strong></span> <span class='ocrx_word' id='word_1_552' title='bbox 2826 1461 3141 1518; x_wconf 88' lang='lat' dir='ltr'><strong>necessitate</strong></span> <span class='ocrx_word' id='word_1_553' title='bbox 3167 1464 3395 1535; x_wconf 83' lang='lat' dir='ltr'><strong>imponi-</strong></span> 
     </span>
    </p>
   </div>
   <div class='ocr_carea' id='block_1_74' title="bbox 1818 1531 3390 1620">
    <p class='ocr_par' dir='ltr' id='par_1_74' title="bbox 1818 1531 3390 1620">
     <span class='ocr_line' id='line_1_77' title="bbox 1818 1531 3390 1620; baseline 0.02 -39"><span class='ocrx_word' id='word_1_554' title='bbox 1818 1536 1925 1594; x_wconf 87' lang='lat' dir='ltr'><strong>tur,</strong></span> <span class='ocrx_word' id='word_1_555' title='bbox 1954 1531 2037 1585; x_wconf 88' lang='lat' dir='ltr'><strong>vel</strong></span> <span class='ocrx_word' id='word_1_556' title='bbox 2062 1532 2241 1590; x_wconf 81' lang='lat' dir='ltr'><strong>officio</strong></span> <span class='ocrx_word' id='word_1_557' title='bbox 2256 1540 2561 1609; x_wconf 89' lang='lat' dir='ltr'><strong>suscipitur,</strong></span> <span class='ocrx_word' id='word_1_558' title='bbox 2579 1558 2608 1595; x_wconf 90' lang='lat' dir='ltr'><strong>a</strong></span> <span class='ocrx_word' id='word_1_559' title='bbox 2628 1544 2781 1600; x_wconf 88' lang='lat' dir='ltr'><strong>bonis</strong></span> <span class='ocrx_word' id='word_1_560' title='bbox 2796 1556 2850 1601; x_wconf 90' lang='lat' dir='ltr'><strong>et</strong></span> <span class='ocrx_word' id='word_1_561' title='bbox 2861 1552 3065 1620; x_wconf 90' lang='lat' dir='ltr'><strong>magnis</strong></span> <span class='ocrx_word' id='word_1_562' title='bbox 3089 1531 3390 1613; x_wconf 80' lang='lat' dir='ltr'><strong>hominibus</strong></span> 
     </span>
    </p>
   </div>
   <div class='ocr_carea' id='block_1_75' title="bbox 1816 1619 3395 1713">
    <p class='ocr_par' dir='ltr' id='par_1_75' title="bbox 1816 1619 3395 1713">
     <span class='ocr_line' id='line_1_78' title="bbox 1816 1619 3395 1713; baseline 0.02 -41"><span class='ocrx_word' id='word_1_563' title='bbox 1816 1619 1883 1674; x_wconf 91' lang='lat' dir='ltr'><strong>ad</strong></span> <span class='ocrx_word' id='word_1_564' title='bbox 1915 1622 2189 1697; x_wconf 69' lang='lat' dir='ltr'><strong>utilitatem</strong></span> <span class='ocrx_word' id='word_1_565' title='bbox 2236 1637 2291 1682; x_wconf 92' lang='lat' dir='ltr'><strong>et</strong></span> <span class='ocrx_word' id='word_1_566' title='bbox 2332 1629 2735 1689; x_wconf 81' lang='lat' dir='ltr'><strong>beneficentiam</strong></span> <span class='ocrx_word' id='word_1_567' title='bbox 2772 1619 3105 1697; x_wconf 78' lang='lat' dir='ltr'><strong>referendum</strong></span> <span class='ocrx_word' id='word_1_568' title='bbox 3145 1654 3262 1713; x_wconf 88' lang='lat' dir='ltr'><strong>est;</strong></span> <span class='ocrx_word' id='word_1_569' title='bbox 3311 1650 3395 1704; x_wconf 88' lang='lat' dir='ltr'><strong>vel</strong></span> 
     </span>
    </p>
   </div>
   <div class='ocr_carea' id='block_1_76' title="bbox 1816 1713 3395 1806">
    <p class='ocr_par' dir='ltr' id='par_1_76' title="bbox 1816 1713 3395 1806">
     <span class='ocr_line' id='line_1_79' title="bbox 1816 1713 3395 1806; baseline 0.021 -41"><span class='ocrx_word' id='word_1_570' title='bbox 1816 1713 2044 1806; x_wconf 81' lang='lat' dir='ltr'><strong>proprie,</strong></span> <span class='ocrx_word' id='word_1_571' title='bbox 2067 1716 2202 1772; x_wconf 91' lang='lat' dir='ltr'><strong>sicut</strong></span> <span class='ocrx_word' id='word_1_572' title='bbox 2226 1729 2279 1774; x_wconf 90' lang='lat' dir='ltr'><strong>et</strong></span> <span class='ocrx_word' id='word_1_573' title='bbox 2298 1736 2397 1776; x_wconf 89' lang='lat' dir='ltr'><strong>nos</strong></span> <span class='ocrx_word' id='word_1_574' title='bbox 2414 1722 2690 1795; x_wconf 88' lang='lat' dir='ltr'><strong>debemus,</strong></span> <span class='ocrx_word' id='word_1_575' title='bbox 2708 1730 2793 1785; x_wconf 89' lang='lat' dir='ltr'><strong>vel</strong></span> <span class='ocrx_word' id='word_1_576' title='bbox 2807 1732 2967 1788; x_wconf 89' lang='lat' dir='ltr'><strong>etiam</strong></span> <span class='ocrx_word' id='word_1_577' title='bbox 2988 1734 3230 1806; x_wconf 86' lang='lat' dir='ltr'><strong>ﬁgurate,</strong></span> <span class='ocrx_word' id='word_1_578' title='bbox 3258 1741 3395 1798; x_wconf 86' lang='lat' dir='ltr'><strong>sicut</strong></span> 
     </span>
    </p>
   </div>
   <div class='ocr_carea' id='block_1_77' title="bbox 1821 1801 2271 1874">
    <p class='ocr_par' dir='ltr' id='par_1_77' title="bbox 1821 1801 2271 1874">
     <span class='ocr_line' id='line_1_80' title="bbox 1821 1801 2271 1874; baseline 0.02 -18"><span class='ocrx_word' id='word_1_579' title='bbox 1821 1801 2099 1874; x_wconf 87' lang='lat' dir='ltr'><strong>Propbctis</strong></span> <span class='ocrx_word' id='word_1_580' title='bbox 2129 1809 2271 1867; x_wconf 91' lang='lat' dir='ltr'><strong>licet.</strong></span> 
     </span>
    </p>
   </div>
   <div class='ocr_carea' id='block_1_78' title="bbox 1818 1915 3391 2019">
    <p class='ocr_par' dir='ltr' id='par_1_78' title="bbox 1818 1915 3391 2019">
     <span class='ocr_line' id='line_1_81' title="bbox 1818 1915 3391 2019; baseline 0.024 -50"><span class='ocrx_word' id='word_1_581' title='bbox 1818 1915 2045 1975; x_wconf 82' lang='lat' dir='ltr'><strong>CAPUT</strong></span> <span class='ocrx_word' id='word_1_582' title='bbox 2073 1922 2209 1978; x_wconf 88' lang='lat' dir='ltr'><strong>XIV.</strong></span> <span class='ocrx_word' id='word_1_583' title='bbox 2236 1926 2489 1985; x_wconf 87' lang='lat' dir='ltr'><strong>—Error</strong></span> <span class='ocrx_word' id='word_1_584' title='bbox 2520 1935 2832 2003; x_wconf 74' lang='lat' dir='ltr'><strong>opinantium</strong></span> <span class='ocrx_word' id='word_1_585' title='bbox 2866 1941 3059 1997; x_wconf 87' lang='lat' dir='ltr'><strong>nullam</strong></span> <span class='ocrx_word' id='word_1_586' title='bbox 3100 1961 3206 2001; x_wconf 82' lang='lat' dir='ltr'><strong>esse</strong></span> <span class='ocrx_word' id='word_1_587' title='bbox 3233 1949 3391 2019; x_wconf 84' lang='lat' dir='ltr'><strong>justi-</strong></span> 
     </span>
    </p>
   </div>
   <div class='ocr_carea' id='block_1_79' title="bbox 1826 2020 2842 2096">
    <p class='ocr_par' dir='ltr' id='par_1_79' title="bbox 1826 2020 2842 2096">
     <span class='ocr_line' id='line_1_82' title="bbox 1826 2020 2842 2096; baseline 0.013 -27"><span class='ocrx_word' id='word_1_588' title='bbox 1826 2034 1827 2037; x_wconf 63' lang='lat'>‘</span> <span class='ocrx_word' id='word_1_589' title='bbox 2342 2020 2463 2074; x_wconf 86' lang='lat' dir='ltr'><strong>tiam</strong></span> <span class='ocrx_word' id='word_1_590' title='bbox 2492 2039 2579 2093; x_wconf 88' lang='lat' dir='ltr'><strong>per</strong></span> <span class='ocrx_word' id='word_1_591' title='bbox 2607 2026 2842 2096; x_wconf 86' lang='lat' dir='ltr'><strong>seipsam.</strong></span> 
     </span>
    </p>
   </div>
   <div class='ocr_carea' id='block_1_80' title="bbox 1884 2112 3392 2208">
    <p class='ocr_par' dir='ltr' id='par_1_80' title="bbox 1884 2112 3392 2208">
     <span class='ocr_line' id='line_1_83' title="bbox 1884 2112 3392 2208; baseline 0.022 -34"><span class='ocrx_word' id='word_1_592' title='bbox 1884 2120 1973 2175; x_wconf 84' lang='lat'><strong>22.</strong></span> <span class='ocrx_word' id='word_1_593' title='bbox 2007 2123 2062 2178; x_wconf 94' lang='lat' dir='ltr'><strong>ln</strong></span> <span class='ocrx_word' id='word_1_594' title='bbox 2101 2141 2217 2195; x_wconf 66' lang='lat' dir='ltr'><strong>quas</strong></span> <span class='ocrx_word' id='word_1_595' title='bbox 2262 2128 2395 2185; x_wconf 86' lang='lat' dir='ltr'><strong>facta</strong></span> <span class='ocrx_word' id='word_1_596' title='bbox 2437 2112 2659 2204; x_wconf 66' lang='lat' dir='ltr'><strong>legenda</strong></span> <span class='ocrx_word' id='word_1_597' title='bbox 2701 2153 2822 2193; x_wconf 92' lang='lat' dir='ltr'><strong>cum</strong></span> <span class='ocrx_word' id='word_1_598' title='bbox 2871 2141 3144 2200; x_wconf 90' lang='lat' dir='ltr'><strong>incurrunt</strong></span> <span class='ocrx_word' id='word_1_599' title='bbox 3193 2147 3392 2208; x_wconf 86' lang='lat' dir='ltr'><strong>indocti</strong></span> 
     </span>
    </p>
   </div>
   <div class='ocr_carea' id='block_1_81' title="bbox 1814 2213 3387 2311">
    <p class='ocr_par' dir='ltr' id='par_1_81' title="bbox 1814 2213 3387 2311">
     <span class='ocr_line' id='line_1_84' title="bbox 1814 2213 3387 2311; baseline 0.019 -44"><span class='ocrx_word' id='word_1_600' title='bbox 1814 2213 2031 2270; x_wconf 88' lang='lat' dir='ltr'><strong>alterius</strong></span> <span class='ocrx_word' id='word_1_601' title='bbox 2057 2222 2483 2291; x_wconf 86' lang='lat' dir='ltr'><strong>consuetudinis,</strong></span> <span class='ocrx_word' id='word_1_602' title='bbox 2521 2226 2622 2281; x_wconf 92' lang='lat' dir='ltr'><strong>nisi</strong></span> <span class='ocrx_word' id='word_1_603' title='bbox 2652 2232 2963 2289; x_wconf 87' lang='lat' dir='ltr'><strong>auctoritate</strong></span> <span class='ocrx_word' id='word_1_604' title='bbox 2988 2237 3343 2306; x_wconf 88' lang='lat' dir='ltr'><strong>reprimantur</strong></span> <span class='ocrx_word' id='word_1_605' title='bbox 3368 2283 3387 2311; x_wconf 92' lang='lat'><strong>,</strong></span> 
     </span>
    </p>
   </div>
   <div class='ocr_carea' id='block_1_82' title="bbox 1812 2304 3390 2388">
    <p class='ocr_par' dir='ltr' id='par_1_82' title="bbox 1812 2304 3390 2388">
     <span class='ocr_line' id='line_1_85' title="bbox 1812 2304 3390 2388; baseline 0.019 -29"><span class='ocrx_word' id='word_1_606' title='bbox 1812 2304 2008 2376; x_wconf 88' lang='lat' dir='ltr'><strong>ﬂagitia</strong></span> <span class='ocrx_word' id='word_1_607' title='bbox 2038 2320 2255 2378; x_wconf 90' lang='lat' dir='ltr'><strong>putant;</strong></span> <span class='ocrx_word' id='word_1_608' title='bbox 2290 2329 2387 2369; x_wconf 91' lang='lat' dir='ltr'><strong>nec</strong></span> <span class='ocrx_word' id='word_1_609' title='bbox 2406 2328 2625 2386; x_wconf 89' lang='lat' dir='ltr'><strong>possunt</strong></span> <span class='ocrx_word' id='word_1_610' title='bbox 2641 2304 3065 2382; x_wconf 78' lang='lat' dir='ltr'><strong>animadvertere</strong></span> <span class='ocrx_word' id='word_1_611' title='bbox 3084 2336 3245 2385; x_wconf 89' lang='lat' dir='ltr'><strong>totam</strong></span> <span class='ocrx_word' id='word_1_612' title='bbox 3262 2304 3390 2388; x_wconf 55' lang='lat' dir='ltr'><strong>con:-</strong></span> 
     </span>
    </p>
   </div>
   <div class='ocr_carea' id='block_1_83' title="bbox 1812 2400 3387 2494">
    <p class='ocr_par' dir='ltr' id='par_1_83' title="bbox 1812 2400 3387 2494">
     <span class='ocr_line' id='line_1_86' title="bbox 1812 2400 3387 2494; baseline 0.022 -47"><span class='ocrx_word' id='word_1_613' title='bbox 1812 2400 2371 2473; x_wconf 88' lang='lat' dir='ltr'><strong>versationem-suam,</strong></span> <span class='ocrx_word' id='word_1_614' title='bbox 2405 2408 2488 2461; x_wconf 90' lang='lat' dir='ltr'><strong>vel</strong></span> <span class='ocrx_word' id='word_1_615' title='bbox 2517 2410 2570 2463; x_wconf 92' lang='lat' dir='ltr'><strong>in</strong></span> <span class='ocrx_word' id='word_1_616' title='bbox 2599 2413 2877 2484; x_wconf 83' lang='lat' dir='ltr'><strong>conjugiis,</strong></span> <span class='ocrx_word' id='word_1_617' title='bbox 2905 2418 2985 2472; x_wconf 88' lang='lat' dir='ltr'><strong>vel</strong></span> <span class='ocrx_word' id='word_1_618' title='bbox 3016 2419 3068 2474; x_wconf 93' lang='lat' dir='ltr'><strong>in</strong></span> <span class='ocrx_word' id='word_1_619' title='bbox 3094 2423 3352 2481; x_wconf 88' lang='lat' dir='ltr'><strong>conviviis</strong></span> <span class='ocrx_word' id='word_1_620' title='bbox 3370 2468 3387 2494; x_wconf 93' lang='lat'><strong>,</strong></span> 
     </span>
    </p>
   </div>
   <div class='ocr_carea' id='block_1_84' title="bbox 1810 2488 3388 2589">
    <p class='ocr_par' dir='ltr' id='par_1_84' title="bbox 1810 2488 3388 2589">
     <span class='ocr_line' id='line_1_87' title="bbox 1810 2488 3388 2589; baseline 0.022 -49"><span class='ocrx_word' id='word_1_621' title='bbox 1810 2488 1896 2542; x_wconf 91' lang='lat' dir='ltr'><strong>vel</strong></span> <span class='ocrx_word' id='word_1_622' title='bbox 1925 2490 1977 2543; x_wconf 91' lang='lat' dir='ltr'><strong>in</strong></span> <span class='ocrx_word' id='word_1_623' title='bbox 2009 2494 2219 2559; x_wconf 87' lang='lat' dir='ltr'><strong>vestitu,</strong></span> <span class='ocrx_word' id='word_1_624' title='bbox 2249 2507 2543 2571; x_wconf 70' lang='lat' dir='ltr'><strong>cmteroque</strong></span> <span class='ocrx_word' id='word_1_625' title='bbox 2577 2502 2808 2560; x_wconf 87' lang='lat' dir='ltr'><strong>humano</strong></span> <span class='ocrx_word' id='word_1_626' title='bbox 2850 2509 2989 2564; x_wconf 87' lang='lat' dir='ltr'><strong>victu</strong></span> <span class='ocrx_word' id='word_1_627' title='bbox 3014 2522 3173 2583; x_wconf 89' lang='lat' dir='ltr'><strong>atque</strong></span> <span class='ocrx_word' id='word_1_628' title='bbox 3198 2517 3341 2573; x_wconf 92' lang='lat' dir='ltr'><strong>cultu</strong></span> 
     </span>
    </p>
   </div>
   <div class='ocr_carea' id='block_1_85' title="bbox 1811 2578 3385 2669">
    <p class='ocr_par' dir='ltr' id='par_1_85' title="bbox 1811 2578 3385 2669">
     <span class='ocr_line' id='line_1_88' title="bbox 1811 2578 3385 2669; baseline 0.02 -38"><span class='ocrx_word' id='word_1_629' title='bbox 1811 2578 1928 2633; x_wconf 90' lang='lat' dir='ltr'><strong>aliis</strong></span> <span class='ocrx_word' id='word_1_630' title='bbox 1973 2584 2218 2649; x_wconf 86' lang='lat' dir='ltr'><strong>gentibus</strong></span> <span class='ocrx_word' id='word_1_631' title='bbox 2260 2596 2315 2641; x_wconf 93' lang='lat' dir='ltr'><strong>et</strong></span> <span class='ocrx_word' id='word_1_632' title='bbox 2358 2588 2474 2645; x_wconf 93' lang='lat' dir='ltr'><strong>aliis</strong></span> <span class='ocrx_word' id='word_1_633' title='bbox 2507 2596 2830 2662; x_wconf 85' lang='lat' dir='ltr'><strong>temporibus</strong></span> <span class='ocrx_word' id='word_1_634' title='bbox 2858 2578 3170 2669; x_wconf 77' lang='lat' dir='ltr'><strong>ﬂagitiosam</strong></span> <span class='ocrx_word' id='word_1_635' title='bbox 3198 2578 3385 2665; x_wconf 61' lang='lat' dir='ltr'><strong>videri:</strong></span> 
     </span>
    </p>
   </div>
   <div class='ocr_carea' id='block_1_86' title="bbox 1814 2666 3389 2751">
    <p class='ocr_par' dir='ltr' id='par_1_86' title="bbox 1814 2666 3389 2751">
     <span class='ocr_line' id='line_1_89' title="bbox 1814 2666 3389 2751; baseline 0.021 -32"><span class='ocrx_word' id='word_1_636' title='bbox 1814 2666 1928 2732; x_wconf 87' lang='lat' dir='ltr'><strong>Qua</strong></span> <span class='ocrx_word' id='word_1_637' title='bbox 1980 2672 2231 2728; x_wconf 90' lang='lat' dir='ltr'><strong>varietate</strong></span> <span class='ocrx_word' id='word_1_638' title='bbox 2276 2676 2733 2737; x_wconf 87' lang='lat' dir='ltr'><strong>innumerabilium</strong></span> <span class='ocrx_word' id='word_1_639' title='bbox 2772 2666 3209 2747; x_wconf 75' lang='lat' dir='ltr'><strong>consuetudinum</strong></span> <span class='ocrx_word' id='word_1_640' title='bbox 3237 2710 3389 2751; x_wconf 88' lang='lat' dir='ltr'><strong>com-</strong></span> 
     </span>
    </p>
   </div>
   <div class='ocr_carea' id='block_1_87' title="bbox 1809 2950 3387 3038">
    <p class='ocr_par' dir='ltr' id='par_1_87' title="bbox 1809 2950 3387 3038">
     <span class='ocr_line' id='line_1_90' title="bbox 1809 2950 3387 3038; baseline 0.019 -42"><span class='ocrx_word' id='word_1_641' title='bbox 1809 2955 1926 2997; x_wconf 90' lang='lat' dir='ltr'><strong>cem</strong></span> <span class='ocrx_word' id='word_1_642' title='bbox 1955 2952 2196 3013; x_wconf 87' lang='lat' dir='ltr'><strong>poterant</strong></span> <span class='ocrx_word' id='word_1_643' title='bbox 2225 2950 2495 3019; x_wconf 89' lang='lat' dir='ltr'><strong>evigilare,</strong></span> <span class='ocrx_word' id='word_1_644' title='bbox 2526 2962 2841 3023; x_wconf 88' lang='lat' dir='ltr'><strong>putaverunt</strong></span> <span class='ocrx_word' id='word_1_645' title='bbox 2866 2962 3063 3017; x_wconf 90' lang='lat' dir='ltr'><strong>nullam</strong></span> <span class='ocrx_word' id='word_1_646' title='bbox 3085 2980 3204 3021; x_wconf 90' lang='lat' dir='ltr'><strong>esse</strong></span> <span class='ocrx_word' id='word_1_647' title='bbox 3227 2967 3387 3038; x_wconf 87' lang='lat' dir='ltr'><strong>justi-</strong></span> 
     </span>
    </p>
   </div>
   <div class='ocr_carea' id='block_1_88' title="bbox 1810 3030 3389 3118">
    <p class='ocr_par' dir='ltr' id='par_1_88' title="bbox 1810 3030 3389 3118">
     <span class='ocr_line' id='line_1_91' title="bbox 1810 3030 3389 3118; baseline 0.02 -33"><span class='ocrx_word' id='word_1_648' title='bbox 1810 3030 1935 3086; x_wconf 90' lang='lat' dir='ltr'><strong>tiam</strong></span> <span class='ocrx_word' id='word_1_649' title='bbox 1967 3049 2061 3102; x_wconf 92' lang='lat' dir='ltr'><strong>per</strong></span> <span class='ocrx_word' id='word_1_650' title='bbox 2086 3037 2333 3106; x_wconf 90' lang='lat' dir='ltr'><strong>seipsam,</strong></span> <span class='ocrx_word' id='word_1_651' title='bbox 2364 3040 2457 3094; x_wconf 89' lang='lat' dir='ltr'><strong>sed</strong></span> <span class='ocrx_word' id='word_1_652' title='bbox 2480 3043 2757 3116; x_wconf 90' lang='lat' dir='ltr'><strong>unicuique</strong></span> <span class='ocrx_word' id='word_1_653' title='bbox 2783 3051 2925 3118; x_wconf 88' lang='lat' dir='ltr'><strong>genti</strong></span> <span class='ocrx_word' id='word_1_654' title='bbox 2951 3030 3389 3117; x_wconf 78' lang='lat' dir='ltr'><strong>consuetudinem</strong></span> 
     </span>
    </p>
   </div>
   <div class='ocr_carea' id='block_1_89' title="bbox 1810 3124 3389 3210">
    <p class='ocr_par' dir='ltr' id='par_1_89' title="bbox 1810 3124 3389 3210">
     <span class='ocr_line' id='line_1_92' title="bbox 1810 3124 3389 3210; baseline 0.02 -31"><span class='ocrx_word' id='word_1_655' title='bbox 1810 3139 1957 3181; x_wconf 90' lang='lat' dir='ltr'><strong>suam</strong></span> <span class='ocrx_word' id='word_1_656' title='bbox 1980 3127 2175 3199; x_wconf 87' lang='lat' dir='ltr'><strong>justam</strong></span> <span class='ocrx_word' id='word_1_657' title='bbox 2204 3124 2369 3188; x_wconf 87' lang='lat' dir='ltr'><strong>videri</strong></span> <span class='ocrx_word' id='word_1_658' title='bbox 2402 3153 2413 3188; x_wconf 89' lang='lat'><strong>:</strong></span> <span class='ocrx_word' id='word_1_659' title='bbox 2442 3152 2560 3205; x_wconf 70' lang='lat' dir='ltr'><strong>qum</strong></span> <span class='ocrx_word' id='word_1_660' title='bbox 2598 3155 2716 3194; x_wconf 89' lang='lat' dir='ltr'><strong>cum</strong></span> <span class='ocrx_word' id='word_1_661' title='bbox 2765 3143 2834 3196; x_wconf 90' lang='lat' dir='ltr'><strong>sit</strong></span> <span class='ocrx_word' id='word_1_662' title='bbox 2883 3145 3090 3204; x_wconf 88' lang='lat' dir='ltr'><strong>diversa</strong></span> <span class='ocrx_word' id='word_1_663' title='bbox 3141 3153 3389 3210; x_wconf 91' lang='lat' dir='ltr'><strong>omnibus</strong></span> 
     </span>
    </p>
   </div>
   <div class='ocr_carea' id='block_1_90' title="bbox 1808 3221 3388 3314">
    <p class='ocr_par' dir='ltr' id='par_1_90' title="bbox 1808 3221 3388 3314">
     <span class='ocr_line' id='line_1_93' title="bbox 1808 3221 3388 3314; baseline 0.019 -42"><span class='ocrx_word' id='word_1_664' title='bbox 1808 3221 2071 3287; x_wconf 87' lang='lat' dir='ltr'><strong>gentibus,</strong></span> <span class='ocrx_word' id='word_1_665' title='bbox 2108 3224 2298 3280; x_wconf 85' lang='lat' dir='ltr'><strong>debeat</strong></span> <span class='ocrx_word' id='word_1_666' title='bbox 2321 3235 2493 3281; x_wconf 87' lang='lat' dir='ltr'><strong>autem</strong></span> <span class='ocrx_word' id='word_1_667' title='bbox 2521 3229 2963 3291; x_wconf 88' lang='lat' dir='ltr'><strong>incommutabilis</strong></span> <span class='ocrx_word' id='word_1_668' title='bbox 2988 3254 3203 3298; x_wconf 84' lang='lat' dir='ltr'><strong>manere</strong></span> <span class='ocrx_word' id='word_1_669' title='bbox 3226 3244 3388 3314; x_wconf 87' lang='lat' dir='ltr'><strong>justi-</strong></span> 
     </span>
    </p>
   </div>
   <div class='ocr_carea' id='block_1_91' title="bbox 1809 3313 3384 3403">
    <p class='ocr_par' dir='ltr' id='par_1_91' title="bbox 1809 3313 3384 3403">
     <span class='ocr_line' id='line_1_94' title="bbox 1809 3313 3384 3403; baseline 0.018 -38"><span class='ocrx_word' id='word_1_670' title='bbox 1809 3313 1903 3379; x_wconf 90' lang='lat' dir='ltr'><strong>tia,</strong></span> <span class='ocrx_word' id='word_1_671' title='bbox 1947 3315 2059 3369; x_wconf 86' lang='lat' dir='ltr'><strong>ﬂeri</strong></span> <span class='ocrx_word' id='word_1_672' title='bbox 2099 3318 2431 3373; x_wconf 77' lang='lat' dir='ltr'><strong>manifestum</strong></span> <span class='ocrx_word' id='word_1_673' title='bbox 2460 3322 2657 3376; x_wconf 92' lang='lat' dir='ltr'><strong>nullam</strong></span> <span class='ocrx_word' id='word_1_674' title='bbox 2690 3340 2907 3396; x_wconf 89' lang='lat' dir='ltr'><strong>nsquam</strong></span> <span class='ocrx_word' id='word_1_675' title='bbox 2950 3345 3069 3387; x_wconf 91' lang='lat' dir='ltr'><strong>esse</strong></span> <span class='ocrx_word' id='word_1_676' title='bbox 3106 3313 3384 3403; x_wconf 89' lang='lat' dir='ltr'><strong>justitiam.</strong></span> 
     </span>
    </p>
   </div>
   <div class='ocr_carea' id='block_1_92' title="bbox 1808 3404 3392 3492">
    <p class='ocr_par' dir='ltr' id='par_1_92' title="bbox 1808 3404 3392 3492">
     <span class='ocr_line' id='line_1_95' title="bbox 1808 3404 3392 3492; baseline 0.016 -32"><span class='ocrx_word' id='word_1_677' title='bbox 1808 3404 1923 3461; x_wconf 88' lang='lat' dir='ltr'><strong>Non</strong></span> <span class='ocrx_word' id='word_1_678' title='bbox 1954 3408 2351 3478; x_wconf 80' lang='lat' dir='ltr'><strong>intellexerunt,</strong></span> <span class='ocrx_word' id='word_1_679' title='bbox 2385 3429 2451 3467; x_wconf 91' lang='lat' dir='ltr'><strong>ne</strong></span> <span class='ocrx_word' id='word_1_680' title='bbox 2477 3416 2637 3470; x_wconf 89' lang='lat' dir='ltr'><strong>multa</strong></span> <span class='ocrx_word' id='word_1_681' title='bbox 2658 3431 3091 3492; x_wconf 89' lang='lat' dir='ltr'><strong>commemorem,</strong></span> <span class='ocrx_word' id='word_1_682' title='bbox 3126 3425 3275 3492; x_wconf 84' lang='lat' dir='ltr'><strong>Quod</strong></span> <span class='ocrx_word' id='word_1_683' title='bbox 3300 3430 3392 3484; x_wconf 93' lang='lat' dir='ltr'><strong>tibi</strong></span> 
     </span>
    </p>
   </div>
   <div class='ocr_carea' id='block_1_93' title="bbox 1809 3499 3384 3592">
    <p class='ocr_par' dir='ltr' id='par_1_93' title="bbox 1809 3499 3384 3592">
     <span class='ocr_line' id='line_1_96' title="bbox 1809 3499 3384 3592; baseline 0.015 -40"><span class='ocrx_word' id='word_1_684' title='bbox 1809 3499 1922 3567; x_wconf 75' lang='lat' dir='ltr'><strong>fieri</strong></span> <span class='ocrx_word' id='word_1_685' title='bbox 1951 3517 2051 3555; x_wconf 88' lang='lat' dir='ltr'><strong>non</strong></span> <span class='ocrx_word' id='word_1_686' title='bbox 2076 3503 2179 3570; x_wconf 85' lang='lat' dir='ltr'><strong>vis,</strong></span> <span class='ocrx_word' id='word_1_687' title='bbox 2218 3504 2307 3558; x_wconf 87' lang='lat' dir='ltr'><strong>alii</strong></span> <span class='ocrx_word' id='word_1_688' title='bbox 2335 3522 2395 3559; x_wconf 81' lang='lat' dir='ltr'><strong>ne</strong></span> <span class='ocrx_word' id='word_1_689' title='bbox 2435 3509 2611 3577; x_wconf 81' lang='lat' dir='ltr'><strong>feceris</strong></span> <span class='ocrx_word' id='word_1_690' title='bbox 2633 3508 2823 3582; x_wconf 63' lang='lat' dir='ltr'><strong>(Tobiae</strong></span> <span class='ocrx_word' id='word_1_691' title='bbox 2851 3528 2921 3577; x_wconf 85' lang='lat' dir='ltr'><strong>tv,</strong></span> <span class='ocrx_word' id='word_1_692' title='bbox 2956 3516 3051 3581; x_wconf 82' lang='lat' dir='ltr'><strong>l6;</strong></span> <span class='ocrx_word' id='word_1_693' title='bbox 3078 3515 3261 3573; x_wconf 76' lang='lat' dir='ltr'><strong>Matth.</strong></span> <span class='ocrx_word' id='word_1_694' title='bbox 3292 3538 3384 3592; x_wconf 82' lang='lat' dir='ltr'><strong>vn,</strong></span> 
     </span>
    </p>
   </div>
   <div class='ocr_carea' id='block_1_94' title="bbox 1809 3591 3389 3673">
    <p class='ocr_par' dir='ltr' id='par_1_94' title="bbox 1809 3591 3389 3673">
     <span class='ocr_line' id='line_1_97' title="bbox 1809 3591 3389 3673; baseline 0.015 -27"><span class='ocrx_word' id='word_1_695' title='bbox 1809 3591 1922 3657; x_wconf 67' lang='grc' dir='ltr'><strong>η),</strong></span> <span class='ocrx_word' id='word_1_696' title='bbox 1952 3594 2095 3649; x_wconf 91' lang='lat' dir='ltr'><strong>nullo</strong></span> <span class='ocrx_word' id='word_1_697' title='bbox 2122 3596 2278 3650; x_wconf 91' lang='lat' dir='ltr'><strong>modo</strong></span> <span class='ocrx_word' id='word_1_698' title='bbox 2306 3612 2462 3666; x_wconf 83' lang='lat' dir='ltr'><strong>posse</strong></span> <span class='ocrx_word' id='word_1_699' title='bbox 2499 3600 2600 3653; x_wconf 90' lang='lat' dir='ltr'><strong>ulla</strong></span> <span class='ocrx_word' id='word_1_700' title='bbox 2643 3616 2823 3655; x_wconf 87' lang='lat' dir='ltr'><strong>eorum</strong></span> <span class='ocrx_word' id='word_1_701' title='bbox 2864 3606 3044 3673; x_wconf 87' lang='lat' dir='ltr'><strong>gentili</strong></span> <span class='ocrx_word' id='word_1_702' title='bbox 3084 3591 3389 3669; x_wconf 86' lang='lat' dir='ltr'><strong>diversitate</strong></span> 
     </span>
    </p>
   </div>
   <div class='ocr_carea' id='block_1_95' title="bbox 1808 3686 3387 3758">
    <p class='ocr_par' dir='ltr' id='par_1_95' title="bbox 1808 3686 3387 3758">
     <span class='ocr_line' id='line_1_98' title="bbox 1808 3686 3387 3758; baseline 0.013 -20"><span class='ocrx_word' id='word_1_703' title='bbox 1808 3686 2017 3740; x_wconf 89' lang='lat' dir='ltr'><strong>variari.</strong></span> <span class='ocrx_word' id='word_1_704' title='bbox 2066 3688 2194 3754; x_wconf 75' lang='lat' dir='ltr'><strong>Quzc</strong></span> <span class='ocrx_word' id='word_1_705' title='bbox 2225 3691 2482 3744; x_wconf 87' lang='lat' dir='ltr'><strong>sententia</strong></span> <span class='ocrx_word' id='word_1_706' title='bbox 2514 3708 2631 3744; x_wconf 85' lang='lat' dir='ltr'><strong>cum</strong></span> <span class='ocrx_word' id='word_1_707' title='bbox 2680 3696 2905 3749; x_wconf 87' lang='lat' dir='ltr'><strong>refertur</strong></span> <span class='ocrx_word' id='word_1_708' title='bbox 2942 3697 3005 3751; x_wconf 91' lang='lat' dir='ltr'><strong>ad</strong></span> <span class='ocrx_word' id='word_1_709' title='bbox 3050 3698 3387 3758; x_wconf 87' lang='lat' dir='ltr'><strong>dilectionem</strong></span> 
     </span>
    </p>
   </div>
   <div class='ocr_carea' id='block_1_96' title="bbox 1808 3776 3383 3857">
    <p class='ocr_par' dir='ltr' id='par_1_96' title="bbox 1808 3776 3383 3857">
     <span class='ocr_line' id='line_1_99' title="bbox 1808 3776 3383 3857; baseline 0.013 -27"><span class='ocrx_word' id='word_1_710' title='bbox 1808 3776 1922 3841; x_wconf 87' lang='lat' dir='ltr'><strong>Dei,</strong></span> <span class='ocrx_word' id='word_1_711' title='bbox 1947 3779 2121 3831; x_wconf 89' lang='lat' dir='ltr'><strong>omnia</strong></span> <span class='ocrx_word' id='word_1_712' title='bbox 2145 3778 2333 3849; x_wconf 86' lang='lat' dir='ltr'><strong>ﬂagitia</strong></span> <span class='ocrx_word' id='word_1_713' title='bbox 2358 3781 2670 3849; x_wconf 86' lang='lat' dir='ltr'><strong>moriuntur;</strong></span> <span class='ocrx_word' id='word_1_714' title='bbox 2700 3799 2817 3839; x_wconf 90' lang='lat' dir='ltr'><strong>cum</strong></span> <span class='ocrx_word' id='word_1_715' title='bbox 2839 3786 2903 3840; x_wconf 88' lang='lat' dir='ltr'><strong>ad</strong></span> <span class='ocrx_word' id='word_1_716' title='bbox 2931 3789 3177 3857; x_wconf 78' lang='lat' dir='ltr'><strong>proximi,</strong></span> <span class='ocrx_word' id='word_1_717' title='bbox 3201 3796 3383 3851; x_wconf 87' lang='lat' dir='ltr'><strong>omnia</strong></span> 
     </span>
    </p>
   </div>
   <div class='ocr_carea' id='block_1_97' title="bbox 1806 3868 3383 3950">
    <p class='ocr_par' dir='ltr' id='par_1_97' title="bbox 1806 3868 3383 3950">
     <span class='ocr_line' id='line_1_100' title="bbox 1806 3868 3383 3950; baseline 0.015 -28"><span class='ocrx_word' id='word_1_718' title='bbox 1806 3868 2055 3925; x_wconf 80' lang='lat' dir='ltr'><strong>facinora.</strong></span> <span class='ocrx_word' id='word_1_719' title='bbox 2108 3871 2271 3927; x_wconf 83' lang='lat' dir='ltr'><strong>Nemo</strong></span> <span class='ocrx_word' id='word_1_720' title='bbox 2314 3874 2453 3928; x_wconf 85' lang='lat' dir='ltr'><strong>enim</strong></span> <span class='ocrx_word' id='word_1_721' title='bbox 2521 3876 2631 3929; x_wconf 88' lang='lat' dir='ltr'><strong>vult</strong></span> <span class='ocrx_word' id='word_1_722' title='bbox 2698 3882 2964 3950; x_wconf 83' lang='lat' dir='ltr'><strong>corrumpi</strong></span> <span class='ocrx_word' id='word_1_723' title='bbox 3021 3881 3383 3944; x_wconf 86' lang='lat' dir='ltr'><strong>habitaculum</strong></span> 
     </span>
    </p>
   </div>
   <div class='ocr_carea' id='block_1_98' title="bbox 1806 3966 3378 4050">
    <p class='ocr_par' dir='ltr' id='par_1_98' title="bbox 1806 3966 3378 4050">
     <span class='ocr_line' id='line_1_101' title="bbox 1806 3966 3378 4050; baseline 0.013 -34"><span class='ocrx_word' id='word_1_724' title='bbox 1806 3976 1959 4017; x_wconf 88' lang='lat' dir='ltr'><strong>suum</strong></span> <span class='ocrx_word' id='word_1_725' title='bbox 1994 3982 2009 4018; x_wconf 87' lang='lat'><strong>:</strong></span> <span class='ocrx_word' id='word_1_726' title='bbox 2037 3979 2139 4019; x_wconf 90' lang='lat' dir='ltr'><strong>non</strong></span> <span class='ocrx_word' id='word_1_727' title='bbox 2171 3980 2296 4036; x_wconf 89' lang='lat' dir='ltr'><strong>ergo</strong></span> <span class='ocrx_word' id='word_1_728' title='bbox 2321 3966 2477 4022; x_wconf 87' lang='lat' dir='ltr'><strong>debet</strong></span> <span class='ocrx_word' id='word_1_729' title='bbox 2506 3984 2846 4041; x_wconf 88' lang='lat' dir='ltr'><strong>corrumpere</strong></span> <span class='ocrx_word' id='word_1_730' title='bbox 2878 3972 3234 4033; x_wconf 88' lang='lat' dir='ltr'><strong>habitaculum</strong></span> <span class='ocrx_word' id='word_1_731' title='bbox 3262 3980 3378 4050; x_wconf 90' lang='lat' dir='ltr'><strong>Dei,</strong></span> 
     </span>
    </p>
   </div>
   <div class='ocr_carea' id='block_1_99' title="bbox 1805 4055 3377 4138">
    <p class='ocr_par' dir='ltr' id='par_1_99' title="bbox 1805 4055 3377 4138">
     <span class='ocr_line' id='line_1_102' title="bbox 1805 4055 3377 4138; baseline 0.013 -28"><span class='ocrx_word' id='word_1_732' title='bbox 1805 4055 2035 4124; x_wconf 87' lang='lat' dir='ltr'><strong>seipsum</strong></span> <span class='ocrx_word' id='word_1_733' title='bbox 2062 4056 2281 4113; x_wconf 89' lang='lat' dir='ltr'><strong>scilicet.</strong></span> <span class='ocrx_word' id='word_1_734' title='bbox 2298 4057 2363 4112; x_wconf 88' lang='lat' dir='ltr'><strong>Et</strong></span> <span class='ocrx_word' id='word_1_735' title='bbox 2380 4074 2535 4114; x_wconf 89' lang='lat' dir='ltr'><strong>nemo</strong></span> <span class='ocrx_word' id='word_1_736' title='bbox 2551 4061 2655 4115; x_wconf 89' lang='lat' dir='ltr'><strong>vult</strong></span> <span class='ocrx_word' id='word_1_737' title='bbox 2683 4062 2781 4117; x_wconf 90' lang='lat' dir='ltr'><strong>sibi</strong></span> <span class='ocrx_word' id='word_1_738' title='bbox 2810 4079 2838 4117; x_wconf 89' lang='lat' dir='ltr'><strong>a</strong></span> <span class='ocrx_word' id='word_1_739' title='bbox 2865 4081 3127 4138; x_wconf 88' lang='lat' dir='ltr'><strong>quoquam</strong></span> <span class='ocrx_word' id='word_1_740' title='bbox 3152 4074 3332 4129; x_wconf 90' lang='lat' dir='ltr'><strong>noceri</strong></span> <span class='ocrx_word' id='word_1_741' title='bbox 3361 4091 3377 4130; x_wconf 91' lang='lat'><strong>:</strong></span> 
     </span>
    </p>
   </div>
   <div class='ocr_carea' id='block_1_100' title="bbox 1805 4148 2779 4221">
    <p class='ocr_par' dir='ltr' id='par_1_100' title="bbox 1805 4148 2779 4221">
     <span class='ocr_line' id='line_1_103' title="bbox 1805 4148 2779 4221; baseline 0.008 -19"><span class='ocrx_word' id='word_1_742' title='bbox 1805 4162 1905 4204; x_wconf 91' lang='lat' dir='ltr'><strong>nec</strong></span> <span class='ocrx_word' id='word_1_743' title='bbox 1930 4148 2039 4217; x_wconf 90' lang='lat' dir='ltr'><strong>ipsc</strong></span> <span class='ocrx_word' id='word_1_744' title='bbox 2069 4148 2227 4219; x_wconf 81' lang='lat' dir='ltr'><strong>igitur</strong></span> <span class='ocrx_word' id='word_1_745' title='bbox 2252 4152 2492 4221; x_wconf 89' lang='lat' dir='ltr'><strong>cuiquam</strong></span> <span class='ocrx_word' id='word_1_746' title='bbox 2525 4156 2779 4210; x_wconf 88' lang='lat' dir='ltr'><strong>nocuerit.</strong></span> 
     </span>
    </p>
   </div>
   <div class='ocr_carea' id='block_1_101' title="bbox 1806 4259 3374 4339">
    <p class='ocr_par' dir='ltr' id='par_1_101' title="bbox 1806 4259 3374 4339">
     <span class='ocr_line' id='line_1_104' title="bbox 1806 4259 3374 4339; baseline 0.013 -23"><span class='ocrx_word' id='word_1_747' title='bbox 1806 4259 2027 4316; x_wconf 84' lang='lat' dir='ltr'><strong>CAPUT</strong></span> <span class='ocrx_word' id='word_1_748' title='bbox 2066 4261 2179 4317; x_wconf 85' lang='lat' dir='ltr'><strong>XV.</strong></span> <span class='ocrx_word' id='word_1_749' title='bbox 2208 4294 2278 4303; x_wconf 95' lang='lat'><strong>—</strong></span> <span class='ocrx_word' id='word_1_750' title='bbox 2303 4264 2498 4336; x_wconf 85' lang='lat' dir='ltr'><strong>Regula</strong></span> <span class='ocrx_word' id='word_1_751' title='bbox 2536 4267 2587 4319; x_wconf 87' lang='lat' dir='ltr'><strong>in</strong></span> <span class='ocrx_word' id='word_1_752' title='bbox 2627 4269 2858 4339; x_wconf 80' lang='lat' dir='ltr'><strong>ﬁguratis</strong></span> <span class='ocrx_word' id='word_1_753' title='bbox 2897 4272 3230 4334; x_wconf 78' lang='lat' dir='ltr'><strong>locationibus</strong></span> <span class='ocrx_word' id='word_1_754' title='bbox 3264 4296 3374 4336; x_wconf 83' lang='lat' dir='ltr'><strong>ser-</strong></span> 
     </span>
    </p>
   </div>
   <div class='ocr_carea' id='block_1_102' title="bbox 2488 4361 2671 4413">
    <p class='ocr_par' dir='ltr' id='par_1_102' title="bbox 2488 4361 2671 4413">
     <span class='ocr_line' id='line_1_105' title="bbox 2488 4361 2671 4413; baseline 0.005 -1"><span class='ocrx_word' id='word_1_755' title='bbox 2488 4361 2671 4413; x_wconf 68' lang='lat' dir='ltr'><strong>nanda.</strong></span> 
     </span>
    </p>
   </div>
   <div class='ocr_carea' id='block_1_103' title="bbox 1876 4444 3381 4534">
    <p class='ocr_par' dir='ltr' id='par_1_103' title="bbox 1876 4444 3381 4534">
     <span class='ocr_line' id='line_1_106' title="bbox 1876 4444 3381 4534; baseline 0.015 -36"><span class='ocrx_word' id='word_1_756' title='bbox 1876 4445 1963 4500; x_wconf 79' lang='lat'><strong>25.</strong></span> <span class='ocrx_word' id='word_1_757' title='bbox 1996 4444 2081 4499; x_wconf 91' lang='lat' dir='ltr'><strong>Sic</strong></span> <span class='ocrx_word' id='word_1_758' title='bbox 2109 4461 2291 4501; x_wconf 81' lang='lat' dir='ltr'><strong>eversa</strong></span> <span class='ocrx_word' id='word_1_759' title='bbox 2315 4449 2589 4519; x_wconf 84' lang='lat' dir='ltr'><strong>tyrannide</strong></span> <span class='ocrx_word' id='word_1_760' title='bbox 2610 4451 2927 4521; x_wconf 88' lang='lat' dir='ltr'><strong>cupiditatis,</strong></span> <span class='ocrx_word' id='word_1_761' title='bbox 2944 4455 3171 4515; x_wconf 88' lang='lat' dir='ltr'><strong>charitas</strong></span> <span class='ocrx_word' id='word_1_762' title='bbox 3191 4474 3381 4534; x_wconf 85' lang='lat' dir='ltr'><strong>regnat</strong></span> 
     </span>
    </p>
   </div>
   <div class='ocr_carea' id='block_1_104' title="bbox 1801 4536 3383 4620">
    <p class='ocr_par' dir='ltr' id='par_1_104' title="bbox 1801 4536 3383 4620">
     <span class='ocr_line' id='line_1_107' title="bbox 1801 4536 3383 4620; baseline 0.013 -30"><span class='ocrx_word' id='word_1_763' title='bbox 1801 4536 2107 4607; x_wconf 88' lang='lat' dir='ltr'><strong>justissimis</strong></span> <span class='ocrx_word' id='word_1_764' title='bbox 2152 4538 2353 4609; x_wconf 86' lang='lat' dir='ltr'><strong>legibus</strong></span> <span class='ocrx_word' id='word_1_765' title='bbox 2393 4538 2691 4597; x_wconf 90' lang='lat' dir='ltr'><strong>dilectionis</strong></span> <span class='ocrx_word' id='word_1_766' title='bbox 2720 4543 2812 4599; x_wconf 89' lang='lat' dir='ltr'><strong>Dei</strong></span> <span class='ocrx_word' id='word_1_767' title='bbox 2844 4556 3059 4617; x_wconf 82' lang='lat' dir='ltr'><strong>prapter</strong></span> <span class='ocrx_word' id='word_1_768' title='bbox 3081 4550 3266 4620; x_wconf 89' lang='lat' dir='ltr'><strong>Deum,</strong></span> <span class='ocrx_word' id='word_1_769' title='bbox 3295 4557 3383 4611; x_wconf 90' lang='lat' dir='ltr'><strong>sui</strong></span> 
     </span>
    </p>
   </div>
   <div class='ocr_carea' id='block_1_105' title="bbox 1806 4629 3373 4711">
    <p class='ocr_par' dir='ltr' id='par_1_105' title="bbox 1806 4629 3373 4711">
     <span class='ocr_line' id='line_1_108' title="bbox 1806 4629 3373 4711; baseline 0.012 -29"><span class='ocrx_word' id='word_1_770' title='bbox 1806 4636 1860 4683; x_wconf 92' lang='lat' dir='ltr'><strong>et</strong></span> <span class='ocrx_word' id='word_1_771' title='bbox 1889 4629 2111 4698; x_wconf 85' lang='lat' dir='ltr'><strong>proximi</strong></span> <span class='ocrx_word' id='word_1_772' title='bbox 2136 4639 2353 4701; x_wconf 88' lang='lat' dir='ltr'><strong>propter</strong></span> <span class='ocrx_word' id='word_1_773' title='bbox 2379 4631 2565 4687; x_wconf 91' lang='lat' dir='ltr'><strong>Deum.</strong></span> <span class='ocrx_word' id='word_1_774' title='bbox 2609 4632 2915 4692; x_wconf 86' lang='lat' dir='ltr'><strong>Servabitur</strong></span> <span class='ocrx_word' id='word_1_775' title='bbox 2950 4654 3077 4711; x_wconf 86' lang='lat' dir='ltr'><strong>ergo</strong></span> <span class='ocrx_word' id='word_1_776' title='bbox 3122 4642 3176 4698; x_wconf 92' lang='lat' dir='ltr'><strong>in</strong></span> <span class='ocrx_word' id='word_1_777' title='bbox 3223 4643 3373 4701; x_wconf 90' lang='lat' dir='ltr'><strong>locu-</strong></span> 
     </span>
    </p>
   </div>
   <div class='ocr_carea' id='block_1_106' title="bbox 1806 4720 3377 4794">
    <p class='ocr_par' dir='ltr' id='par_1_106' title="bbox 1806 4720 3377 4794">
     <span class='ocr_line' id='line_1_109' title="bbox 1806 4720 3377 4794; baseline 0.012 -21"><span class='ocrx_word' id='word_1_778' title='bbox 1806 4720 2034 4776; x_wconf 90' lang='lat' dir='ltr'><strong>tionibus</strong></span> <span class='ocrx_word' id='word_1_779' title='bbox 2082 4721 2317 4792; x_wconf 87' lang='lat' dir='ltr'><strong>figuratis</strong></span> <span class='ocrx_word' id='word_1_780' title='bbox 2360 4724 2542 4794; x_wconf 88' lang='lat' dir='ltr'><strong>regula</strong></span> <span class='ocrx_word' id='word_1_781' title='bbox 2574 4723 2895 4794; x_wconf 89' lang='lat' dir='ltr'><strong>hujusmodi,</strong></span> <span class='ocrx_word' id='word_1_782' title='bbox 2924 4738 2983 4785; x_wconf 94' lang='lat' dir='ltr'><strong>ut</strong></span> <span class='ocrx_word' id='word_1_783' title='bbox 3018 4740 3122 4787; x_wconf 90' lang='lat' dir='ltr'><strong>tam</strong></span> <span class='ocrx_word' id='word_1_784' title='bbox 3145 4732 3232 4791; x_wconf 89' lang='lat' dir='ltr'><strong>diu</strong></span> <span class='ocrx_word' id='word_1_785' title='bbox 3258 4751 3377 4792; x_wconf 86' lang='lat' dir='ltr'><strong>ver-</strong></span> 
     </span>
    </p>
   </div>
   <div class='ocr_carea' id='block_1_107' title="bbox 1805 4810 3375 4891">
    <p class='ocr_par' dir='ltr' id='par_1_107' title="bbox 1805 4810 3375 4891">
     <span class='ocr_line' id='line_1_110' title="bbox 1805 4810 3375 4891; baseline 0.012 -28"><span class='ocrx_word' id='word_1_786' title='bbox 1805 4819 1955 4865; x_wconf 89' lang='lat' dir='ltr'><strong>setur</strong></span> <span class='ocrx_word' id='word_1_787' title='bbox 1978 4810 2210 4880; x_wconf 86' lang='lat' dir='ltr'><strong>diligenti</strong></span> <span class='ocrx_word' id='word_1_788' title='bbox 2240 4812 2663 4870; x_wconf 90' lang='lat' dir='ltr'><strong>consideratione</strong></span> <span class='ocrx_word' id='word_1_789' title='bbox 2699 4817 2839 4887; x_wconf 91' lang='lat' dir='ltr'><strong>quod</strong></span> <span class='ocrx_word' id='word_1_790' title='bbox 2879 4819 3083 4891; x_wconf 87' lang='lat' dir='ltr'><strong>legitur,</strong></span> <span class='ocrx_word' id='word_1_791' title='bbox 3113 4822 3281 4881; x_wconf 91' lang='lat' dir='ltr'><strong>donec</strong></span> <span class='ocrx_word' id='word_1_792' title='bbox 3308 4827 3375 4882; x_wconf 89' lang='lat' dir='ltr'><strong>ad</strong></span> 
     </span>
    </p>
   </div>
   <div class='ocr_carea' id='block_1_108' title="bbox 1804 4905 3372 4979">
    <p class='ocr_par' dir='ltr' id='par_1_108' title="bbox 1804 4905 3372 4979">
     <span class='ocr_line' id='line_1_111' title="bbox 1804 4905 3372 4979; baseline 0.008 -20"><span class='ocrx_word' id='word_1_793' title='bbox 1804 4920 2021 4976; x_wconf 86' lang='lat' dir='ltr'><strong>regnum</strong></span> <span class='ocrx_word' id='word_1_794' title='bbox 2057 4905 2330 4960; x_wconf 88' lang='lat' dir='ltr'><strong>charitatis</strong></span> <span class='ocrx_word' id='word_1_795' title='bbox 2346 4907 2720 4978; x_wconf 80' lang='lat' dir='ltr'><strong>interpretatio</strong></span> <span class='ocrx_word' id='word_1_796' title='bbox 2750 4911 3082 4979; x_wconf 89' lang='lat' dir='ltr'><strong>perducatur.</strong></span> <span class='ocrx_word' id='word_1_797' title='bbox 3114 4916 3167 4971; x_wconf 91' lang='lat' dir='ltr'><strong>Si</strong></span> <span class='ocrx_word' id='word_1_798' title='bbox 3197 4927 3372 4972; x_wconf 90' lang='lat' dir='ltr'><strong>autem</strong></span> 
     </span>
    </p>
   </div>
   <div class='ocr_carea' id='block_1_109' title="bbox 1804 4996 3373 5074">
    <p class='ocr_par' dir='ltr' id='par_1_109' title="bbox 1804 4996 3373 5074">
     <span class='ocr_line' id='line_1_112' title="bbox 1804 4996 3373 5074; baseline 0.007 -22"><span class='ocrx_word' id='word_1_799' title='bbox 1804 4996 1906 5053; x_wconf 89' lang='lat' dir='ltr'><strong>hoc</strong></span> <span class='ocrx_word' id='word_1_800' title='bbox 1925 4999 2034 5067; x_wconf 89' lang='lat' dir='ltr'><strong>jam</strong></span> <span class='ocrx_word' id='word_1_801' title='bbox 2061 4998 2271 5068; x_wconf 90' lang='lat' dir='ltr'><strong>proprie</strong></span> <span class='ocrx_word' id='word_1_802' title='bbox 2294 5008 2465 5067; x_wconf 90' lang='lat' dir='ltr'><strong>sonat,</strong></span> <span class='ocrx_word' id='word_1_803' title='bbox 2506 5000 2648 5055; x_wconf 91' lang='lat' dir='ltr'><strong>nulla</strong></span> <span class='ocrx_word' id='word_1_804' title='bbox 2677 5010 2885 5071; x_wconf 88' lang='lat' dir='ltr'><strong>putetur</strong></span> <span class='ocrx_word' id='word_1_805' title='bbox 2913 5003 3129 5074; x_wconf 82' lang='lat' dir='ltr'><strong>ﬁgurata</strong></span> <span class='ocrx_word' id='word_1_806' title='bbox 3160 5006 3373 5064; x_wconf 89' lang='lat' dir='ltr'><strong>locutio.</strong></span> 
     </span>
    </p>
   </div>
   <div class='ocr_carea' id='block_1_110' title="bbox 1840 5090 3336 5169">
    <p class='ocr_par' dir='ltr' id='par_1_110' title="bbox 1840 5090 3336 5169">
     <span class='ocr_line' id='line_1_113' title="bbox 1840 5090 3336 5169; baseline 0.003 -22"><span class='ocrx_word' id='word_1_807' title='bbox 1840 5090 2062 5147; x_wconf 85' lang='lat' dir='ltr'><strong>CAPUT</strong></span> <span class='ocrx_word' id='word_1_808' title='bbox 2083 5090 2222 5145; x_wconf 79' lang='lat' dir='ltr'><strong>XVI.</strong></span> <span class='ocrx_word' id='word_1_809' title='bbox 2250 5120 2321 5132; x_wconf 88' lang='lat'><strong>-—</strong></span> <span class='ocrx_word' id='word_1_810' title='bbox 2345 5091 2539 5163; x_wconf 86' lang='lat' dir='ltr'><strong>Regula</strong></span> <span class='ocrx_word' id='word_1_811' title='bbox 2569 5093 2631 5147; x_wconf 86' lang='lat' dir='ltr'><strong>de</strong></span> <span class='ocrx_word' id='word_1_812' title='bbox 2660 5093 2988 5149; x_wconf 77' lang='lat' dir='ltr'><strong>locationibus</strong></span> <span class='ocrx_word' id='word_1_813' title='bbox 3008 5098 3336 5169; x_wconf 76' lang='lat' dir='ltr'><strong>prwceptivis.</strong></span> 
     </span>
    </p>
   </div>
   <div class='ocr_carea' id='block_1_111' title="bbox 1874 5182 3377 5256">
    <p class='ocr_par' dir='ltr' id='par_1_111' title="bbox 1874 5182 3377 5256">
     <span class='ocr_line' id='line_1_114' title="bbox 1874 5182 3377 5256; baseline 0.004 -17"><span class='ocrx_word' id='word_1_814' title='bbox 1874 5182 1963 5240; x_wconf 76' lang='grc'><strong>24.</strong></span> <span class='ocrx_word' id='word_1_815' title='bbox 1991 5182 2046 5239; x_wconf 88' lang='lat' dir='ltr'><strong>Si</strong></span> <span class='ocrx_word' id='word_1_816' title='bbox 2073 5185 2381 5254; x_wconf 66' lang='lat' dir='ltr'><strong>praaceptiva</strong></span> <span class='ocrx_word' id='word_1_817' title='bbox 2408 5185 2604 5240; x_wconf 90' lang='lat' dir='ltr'><strong>locutio</strong></span> <span class='ocrx_word' id='word_1_818' title='bbox 2628 5194 2709 5241; x_wconf 91' lang='lat' dir='ltr'><strong>est</strong></span> <span class='ocrx_word' id='word_1_819' title='bbox 2737 5195 2828 5241; x_wconf 92' lang='lat' dir='ltr'><strong>aut</strong></span> <span class='ocrx_word' id='word_1_820' title='bbox 2856 5186 3104 5256; x_wconf 85' lang='lat' dir='ltr'><strong>ﬂagitium</strong></span> <span class='ocrx_word' id='word_1_821' title='bbox 3131 5198 3220 5244; x_wconf 92' lang='lat' dir='ltr'><strong>aut</strong></span> <span class='ocrx_word' id='word_1_822' title='bbox 3246 5188 3377 5246; x_wconf 88' lang='lat' dir='ltr'><strong>faci-</strong></span> 
     </span>
    </p>
   </div>
   <div class='ocr_carea' id='block_1_112' title="bbox 1804 5278 3373 5353">
    <p class='ocr_par' dir='ltr' id='par_1_112' title="bbox 1804 5278 3373 5353">
     <span class='ocr_line' id='line_1_115' title="bbox 1804 5278 3373 5353; baseline 0.006 -22"><span class='ocrx_word' id='word_1_823' title='bbox 1804 5292 1904 5332; x_wconf 89' lang='lat' dir='ltr'><strong>nus</strong></span> <span class='ocrx_word' id='word_1_824' title='bbox 1928 5284 2132 5344; x_wconf 88' lang='lat' dir='ltr'><strong>vetans,</strong></span> <span class='ocrx_word' id='word_1_825' title='bbox 2162 5286 2253 5331; x_wconf 91' lang='lat' dir='ltr'><strong>aut</strong></span> <span class='ocrx_word' id='word_1_826' title='bbox 2279 5278 2554 5334; x_wconf 90' lang='lat' dir='ltr'><strong>utilitatem</strong></span> <span class='ocrx_word' id='word_1_827' title='bbox 2592 5288 2681 5334; x_wconf 90' lang='lat' dir='ltr'><strong>aut</strong></span> <span class='ocrx_word' id='word_1_828' title='bbox 2726 5278 3122 5334; x_wconf 88' lang='lat' dir='ltr'><strong>beneficentiam</strong></span> <span class='ocrx_word' id='word_1_829' title='bbox 3159 5281 3373 5353; x_wconf 88' lang='lat' dir='ltr'><strong>jubens,</strong></span> 
     </span>
    </p>
   </div>
   <div class='ocr_carea' id='block_1_113' title="bbox 1804 5368 3375 5441">
    <p class='ocr_par' dir='ltr' id='par_1_113' title="bbox 1804 5368 3375 5441">
     <span class='ocr_line' id='line_1_116' title="bbox 1804 5368 3375 5441; baseline 0.004 -16"><span class='ocrx_word' id='word_1_830' title='bbox 1804 5384 1909 5425; x_wconf 89' lang='lat' dir='ltr'><strong>non</strong></span> <span class='ocrx_word' id='word_1_831' title='bbox 1938 5377 2019 5424; x_wconf 89' lang='lat' dir='ltr'><strong>est</strong></span> <span class='ocrx_word' id='word_1_832' title='bbox 2046 5368 2286 5440; x_wconf 85' lang='lat' dir='ltr'><strong>ﬁgurata.</strong></span> <span class='ocrx_word' id='word_1_833' title='bbox 2307 5369 2363 5426; x_wconf 91' lang='lat' dir='ltr'><strong>Si</strong></span> <span class='ocrx_word' id='word_1_834' title='bbox 2390 5380 2563 5426; x_wconf 89' lang='lat' dir='ltr'><strong>autem</strong></span> <span class='ocrx_word' id='word_1_835' title='bbox 2599 5369 2849 5441; x_wconf 90' lang='lat' dir='ltr'><strong>ﬂagitium</strong></span> <span class='ocrx_word' id='word_1_836' title='bbox 2879 5377 2969 5424; x_wconf 89' lang='lat' dir='ltr'><strong>aut</strong></span> <span class='ocrx_word' id='word_1_837' title='bbox 2996 5370 3196 5430; x_wconf 89' lang='lat' dir='ltr'><strong>facinus</strong></span> <span class='ocrx_word' id='word_1_838' title='bbox 3227 5376 3375 5431; x_wconf 85' lang='lat' dir='ltr'><strong>vidc-</strong></span> 
     </span>
    </p>
   </div>
   <div class='ocr_carea' id='block_1_114' title="bbox 1807 5460 3373 5533">
    <p class='ocr_par' dir='ltr' id='par_1_114' title="bbox 1807 5460 3373 5533">
     <span class='ocr_line' id='line_1_117' title="bbox 1807 5460 3373 5533; baseline 0.004 -17"><span class='ocrx_word' id='word_1_839' title='bbox 1807 5469 1894 5516; x_wconf 93' lang='lat' dir='ltr'><strong>tur</strong></span> <span class='ocrx_word' id='word_1_840' title='bbox 1929 5460 2137 5531; x_wconf 89' lang='lat' dir='ltr'><strong>jubere,</strong></span> <span class='ocrx_word' id='word_1_841' title='bbox 2178 5470 2268 5516; x_wconf 90' lang='lat' dir='ltr'><strong>aut</strong></span> <span class='ocrx_word' id='word_1_842' title='bbox 2306 5461 2581 5517; x_wconf 88' lang='lat' dir='ltr'><strong>utilitatem</strong></span> <span class='ocrx_word' id='word_1_843' title='bbox 2608 5469 2699 5515; x_wconf 91' lang='lat' dir='ltr'><strong>aut</strong></span> <span class='ocrx_word' id='word_1_844' title='bbox 2727 5460 3126 5519; x_wconf 82' lang='lat' dir='ltr'><strong>beneﬁcentiam</strong></span> <span class='ocrx_word' id='word_1_845' title='bbox 3156 5475 3332 5523; x_wconf 87' lang='lat' dir='ltr'><strong>vetare</strong></span> <span class='ocrx_word' id='word_1_846' title='bbox 3359 5512 3373 5533; x_wconf 93' lang='lat'><strong>,</strong></span> 
     </span>
    </p>
   </div>
   <div class='ocr_carea' id='block_1_115' title="bbox 1806 5551 3379 5626">
    <p class='ocr_par' dir='ltr' id='par_1_115' title="bbox 1806 5551 3379 5626">
     <span class='ocr_line' id='line_1_118' title="bbox 1806 5551 3379 5626; baseline 0.003 -19"><span class='ocrx_word' id='word_1_847' title='bbox 1806 5551 2026 5623; x_wconf 82' lang='lat' dir='ltr'><strong>ﬁgurata</strong></span> <span class='ocrx_word' id='word_1_848' title='bbox 2053 5559 2153 5607; x_wconf 89' lang='lat' dir='ltr'><strong>est.</strong></span> <span class='ocrx_word' id='word_1_849' title='bbox 2186 5551 2307 5606; x_wconf 86' lang='lat' dir='ltr'><strong>Nisi</strong></span> <span class='ocrx_word' id='word_1_850' title='bbox 2347 5551 2782 5619; x_wconf 84' lang='lat' dir='ltr'><strong>manducaveritis,</strong></span> <span class='ocrx_word' id='word_1_851' title='bbox 2822 5551 3011 5623; x_wconf 87' lang='lat' dir='ltr'><strong>inquit,</strong></span> <span class='ocrx_word' id='word_1_852' title='bbox 3056 5571 3255 5611; x_wconf 87' lang='lat' dir='ltr'><strong>carnem</strong></span> <span class='ocrx_word' id='word_1_853' title='bbox 3282 5558 3379 5626; x_wconf 71' lang='lat' dir='ltr'><strong>ﬁlii</strong></span> 
     </span>
    </p>
   </div>
   <div class='ocr_carea' id='block_1_116' title="bbox 1807 5642 3377 5715">
    <p class='ocr_par' dir='ltr' id='par_1_116' title="bbox 1807 5642 3377 5715">
     <span class='ocr_line' id='line_1_119' title="bbox 1807 5642 3377 5715; baseline 0.001 -13"><span class='ocrx_word' id='word_1_854' title='bbox 1807 5646 2045 5711; x_wconf 79' lang='lat' dir='ltr'><strong>hominis,</strong></span> <span class='ocrx_word' id='word_1_855' title='bbox 2072 5654 2119 5699; x_wconf 87' lang='lat' dir='ltr'><strong>et</strong></span> <span class='ocrx_word' id='word_1_856' title='bbox 2143 5645 2435 5715; x_wconf 77' lang='lat' dir='ltr'><strong>sanguinem</strong></span> <span class='ocrx_word' id='word_1_857' title='bbox 2473 5642 2708 5713; x_wconf 76' lang='lat' dir='ltr'><strong>biberitis,</strong></span> <span class='ocrx_word' id='word_1_858' title='bbox 2742 5661 2839 5700; x_wconf 88' lang='lat' dir='ltr'><strong>non</strong></span> <span class='ocrx_word' id='word_1_859' title='bbox 2867 5646 3106 5702; x_wconf 81' lang='lat' dir='ltr'><strong>habebitis</strong></span> <span class='ocrx_word' id='word_1_860' title='bbox 3136 5650 3284 5703; x_wconf 84' lang='lat' dir='ltr'><strong>vitam</strong></span> <span class='ocrx_word' id='word_1_861' title='bbox 3327 5652 3377 5703; x_wconf 85' lang='lat' dir='ltr'><strong>in</strong></span> 
     </span>
    </p>
   </div>
   <div class='ocr_carea' id='block_1_117' title="bbox 1807 5736 3375 5813">
    <p class='ocr_par' dir='ltr' id='par_1_117' title="bbox 1807 5736 3375 5813">
     <span class='ocr_line' id='line_1_120' title="bbox 1807 5736 3375 5813; baseline 0.001 -18"><span class='ocrx_word' id='word_1_862' title='bbox 1807 5738 1942 5795; x_wconf 78' lang='lat' dir='ltr'><strong>vobis</strong></span> <span class='ocrx_word' id='word_1_863' title='bbox 1969 5736 2143 5811; x_wconf 81' lang='lat' dir='ltr'><strong>(Joan.</strong></span> <span class='ocrx_word' id='word_1_864' title='bbox 2168 5752 2241 5805; x_wconf 85' lang='lat' dir='ltr'><strong>vt,</strong></span> <span class='ocrx_word' id='word_1_865' title='bbox 2266 5736 2375 5805; x_wconf 71' lang='grc'><strong>54).</strong></span> <span class='ocrx_word' id='word_1_866' title='bbox 2403 5736 2629 5794; x_wconf 89' lang='lat' dir='ltr'><strong>Facinus</strong></span> <span class='ocrx_word' id='word_1_867' title='bbox 2658 5740 2741 5797; x_wconf 90' lang='lat' dir='ltr'><strong>vel</strong></span> <span class='ocrx_word' id='word_1_868' title='bbox 2770 5739 3018 5811; x_wconf 88' lang='lat' dir='ltr'><strong>ﬂagitium</strong></span> <span class='ocrx_word' id='word_1_869' title='bbox 3048 5742 3251 5798; x_wconf 87' lang='lat' dir='ltr'><strong>videtur</strong></span> <span class='ocrx_word' id='word_1_870' title='bbox 3287 5744 3375 5813; x_wconf 49' lang='lat' dir='ltr'><strong>in-</strong></span> 
     </span>
    </p>
   </div>
   <div class='ocr_carea' id='block_1_118' title="bbox 2772 5832 3051 5914">
    <p class='ocr_par' dir='ltr' id='par_1_118' title="bbox 2772 5832 3051 5914">
     <span class='ocr_line' id='line_1_121' title="bbox 2772 5832 3051 5914; baseline 0.018 -5"><span class='ocrx_word' id='word_1_871' title='bbox 2772 5832 2810 5909; x_wconf 69' lang='grc' dir='ltr'><em>ί</em></span> <span class='ocrx_word' id='word_1_872' title='bbox 2808 5832 2860 5891; x_wconf 89' lang='grc' dir='ltr'><em>Τ</em></span> <span class='ocrx_word' id='word_1_873' title='bbox 2860 5834 3051 5914; x_wconf 61' lang='grc' dir='ltr'><strong>νου-λ</strong></span> 
     </span>
    </p>
   </div>
  </div>
