3874 6318
1337 236 1424 290 DE
1466 233 1804 290 uocrnma
1844 215 2274 298 cuuisrms,
2313 231 2370 286 s.
2415 216 2781 287 AUGUSTINI

443 358 573 412 bere
603 371 616 406 :
647 353 812 425 figura
833 358 915 407 cst
941 365 1068 422 ergo
1087 390 1100 416 ,
1133 347 1444 418 praecipiens
1475 346 1706 417 passioni
1738 342 2018 400 dominica:

448 448 966 516 communicandum,
991 454 1045 502 et
1068 444 1300 501 suaviter
1322 451 1481 514 atque
1503 441 1703 498 utiliter
1729 436 2023 496 reconden-

445 545 572 601 dum
622 542 678 601 in
698 541 974 598 .memoria
1002 536 1146 610 quod
1175 550 1270 608 pro
1297 535 1452 592 nobis
1475 550 1600 592 caro
1628 536 1746 606 ejus
1769 529 2021 590 cruelllra

443 645 498 692 et
535 636 807 692 vulnerata
842 632 929 688 sit.
961 631 1050 686 Ait
1075 629 1347 700 Scriptura
1376 643 1390 681 :
1419 626 1482 684 Si
1517 627 1745 683 esurierit
1787 624 2020 680 inimicus

444 738 578 796 tuus,
609 728 722 784 ciba
756 727 936 792 illum;
955 724 1000 780 si
1027 724 1152 792 sitit,
1179 729 1354 794 potum
1389 719 1458 774 da
1491 719 1587 775 illi.
1624 718 1721 774 Hic
1746 718 1893 774 nullo
1916 714 2018 771 du-

442 820 640 874 bitante
681 816 1082 874 benellcentiam
1123 812 1361 885 praecipit
1393 828 1406 864 :
1435 809 1528 866 sed
1558 808 1700 881 quod
1738 807 1978 880 sequitur
1999 847 2016 875 ,

445 909 558 965 Hoc
582 912 713 964 enim
755 907 942 978 faciens
980 904 1218 959 carbones
1243 901 1375 973 ignis
1411 916 1646 972 congeres
1682 914 1832 970 super
1869 903 2021 967 caput

442 1006 550 1073 ejus
575 997 753 1074 (Prov.
779 1012 904 1063 xxv,
932 997 1024 1064 21,
1048 994 1148 1061 22;
1175 993 1325 1048 Rom.
1356 1005 1450 1059 xu,
1479 989 1604 1064 20);
1636 986 2019 1045 malevolentiae

443 1092 647 1148 facinus
689 1098 841 1160 putes
877 1087 1051 1158 juberi
1097 1103 1112 1142 :
1158 1099 1228 1140 ne
1262 1084 1421 1155 igitur
1445 1082 1768 1138 dubitaveris
1798 1079 2019 1151 figurate

443 1185 663 1249 dictum,
711 1191 764 1237 ct
809 1195 930 1235 cum
975 1179 1142 1250 possit
1186 1175 1465 1245 dupliciter
1506 1171 1860 1243 interpretari,
1912 1185 2020 1224 uno

443 1275 602 1332 modo
625 1273 693 1330 ad
719 1270 1034 1336 nocendum,
1064 1269 1234 1323 altero
1257 1266 1324 1321 ad
1350 1263 1737 1336 praestandum;
1759 1262 1826 1317 ad
1850 1261 2018 1318 bene-

444 1367 708 1426 ficentiam
739 1374 789 1418 te
813 1363 987 1434 potius
1005 1360 1237 1416 charitas
1261 1365 1498 1424 revocet,
1530 1364 1585 1410 ut
1607 1355 1872 1425 intelligas
1900 1367 2019 1409 car-

440 1459 608 1516 bones
635 1455 770 1526 ignis
797 1468 916 1509 esse
943 1459 1162 1506 urentes
1193 1447 1518 1518 pmnitentiae
1542 1446 1790 1518 gemitus,
1827 1443 2018 1514 quibus

441 1547 689 1620 superbia
729 1553 949 1602 sanatur
989 1542 1105 1612 ejus
1132 1540 1222 1610 qui
1248 1540 1395 1594 dolet
1431 1553 1490 1594 se
1537 1537 1808 1592 inimicum
1855 1534 2018 1590 fuisse

441 1639 706 1705 hominis,
735 1653 767 1692 a
795 1650 898 1710 quo
923 1634 1040 1706 ejus
1077 1631 1301 1688 miseriae
1346 1630 1670 1686 subvenitur.
1720 1629 1849 1683 Item
1893 1641 2019 1683 cum

442 1734 519 1791 ait
564 1730 818 1789 Dominus
837 1769 854 1794 ,
907 1728 1004 1794 Qui
1046 1733 1182 1779 amat
1227 1725 1449 1778 animum
1492 1737 1656 1788 suam,
1695 1720 1866 1792 perdet
1907 1733 2019 1772 eam

443 1823 625 1894 (Joan.
653 1837 748 1889 χιι,
775 1819 900 1890 25),
932 1831 1036 1872 non
1066 1816 1342 1870 utilitatem
1387 1823 1566 1868 vetare
1614 1810 1875 1882 putandus
1899 1816 2013 1873 est,

442 1930 546 1989 qua
585 1913 744 1972 debet
769 1912 990 1986 quisque
1015 1921 1331 1964 conservare
1357 1906 1587 1960 animam
1615 1917 1762 1960 suam
1787 1917 1803 1968 ;
1834 1901 1930 1958 sed
1957 1900 2020 1956 ii-

442 2016 624 2080 gurate
663 2006 858 2061 dictum
880 2045 895 2071 ,
942 2000 1117 2072 perdat
1141 1999 1383 2063 animam,
1412 1997 1463 2052 id
1487 2003 1589 2062 est,
1621 1996 2020 2064 perimatatque

447 2100 654 2155 amittat
678 2113 829 2152 usum
857 2095 970 2168 ejus
989 2136 1004 2161 ,
1033 2107 1189 2164 quem
1215 2105 1354 2146 nunc
1379 2089 1557 2156 habet,
1587 2100 1894 2158 perversum
1917 2084 2020 2139 sci-

442 2190 567 2246 licet
613 2199 770 2261 atque
810 2195 1220 2258 prteposterum,
1266 2197 1371 2252 quo
1400 2180 1686 2236 inclinatur
1711 2176 2018 2248 temporali-

443 2283 566 2352 bus,
593 2290 864 2336 utmterna
890 2293 998 2333 non
1019 2284 1239 2348 qumrat.
1272 2274 1538 2344 Scriptum
1566 2279 1648 2328 est
1675 2288 1688 2325 :
1716 2265 1806 2325 Da
1827 2269 2020 2324 miseri-

443 2375 605 2443 cordi,
619 2385 741 2430 etne
759 2371 1004 2443 suscipias
1023 2377 1330 2440 peccatorem
1349 2364 1533 2438 (Eccli.
1549 2365 1736 2434 111,4).
1753 2361 2022 2420 Posterior

441 2486 568 2546 pars
611 2467 766 2540 hujus
809 2463 1084 2521 sententiae
1112 2461 1316 2517 videtur
1350 2467 1532 2515 vetare
1574 2456 2017 2522 beneﬁcentiam;

443 2567 516 2620 ait
545 2562 706 2626 enim,
741 2555 824 2616 Ne
851 2557 1096 2630 suscipias
1120 2564 1427 2628 peccatorem
1451 2569 1468 2608 :
1499 2552 1760 2624 intelligas
1786 2565 1916 2623 ergo
1957 2550 2022 2606 Ii-

444 2665 629 2730 gurate
671 2651 900 2725 positum
931 2665 1027 2720 pro
1056 2657 1271 2722 peccato
1301 2656 1631 2718 peccatorent,
1662 2652 1720 2700 ut
1745 2651 2022 2714 peccatum

442 2733 558 2820 ejus
591 2760 696 2800 non
731 2742 1004 2812 suscipias.

443 2837 665 2898 CAPUT
695 2831 856 2892 XVII.
882 2863 952 2876 —-
981 2833 1099 2887 Alia
1127 2831 1355 2886 omnibus
1384 2829 1734 2895 communiter,
1768 2827 1878 2886 alia
1909 2827 2021 2882 sin-

918 2923 1050 2996 gulis
1087 2923 1294 2978 seorsim
1331 2921 1558 2992 prtecipt'.

514 3021 604 3078 25.
653 3019 808 3089 Sche
861 3024 1038 3073 autem
1091 3014 1279 3070 accidit
1329 3022 1388 3068 ut
1439 3011 1676 3083 quisquis
1727 3011 1784 3068 in
1817 3011 2026 3068 meliori

446 3112 612 3186 gradu
640 3109 925 3180 Spiritualis
948 3106 1069 3160 vita:
1096 3104 1182 3161 vel
1209 3113 1326 3170 est,
1361 3104 1440 3159 vel
1467 3116 1586 3158 esse
1613 3117 1672 3156 se
1692 3110 1866 3173 putat,
1894 3101 2026 3172 figu—

444 3214 563 3262 rate
600 3202 739 3258 dicta
765 3213 886 3256 esse
912 3198 1222 3271 arbitretur,
1258 3211 1380 3266 quae
1413 3192 1753 3249 inferioribus
1777 3193 2025 3263 gradibus

443 3297 822 3371 prmcipiuntur
850 3310 862 3346 :
895 3299 954 3346 ut
979 3289 1124 3345 verbi
1162 3287 1360 3359 gratia,
1405 3287 1448 3342 si
1479 3286 1718 3341 caelibem
1747 3285 2025 3354 amplexus

446 3399 530 3447 est
551 3390 734 3455 vitam,
765 3390 820 3439 et
856 3397 913 3438 se
955 3379 1204 3436 castravit
1244 3386 1461 3448 propter
1503 3391 1725 3448 regnum
1765 3374 2024 3432 caelorum

447 3480 660 3554 (Matth.
685 3493 796 3543 xu,
823 3472 935 3547 i2),
967 3470 1220 3544 quidquid
1258 3469 1324 3525 de
1366 3484 1530 3526 uxore
1555 3467 1820 3538 diligenda
1843 3475 1898 3523 et
1934 3482 2024 3522 re-

446 3571 616 3646 genda
646 3567 812 3626 sancti
831 3563 977 3622 Libri
1008 3560 1340 3633 praecipiunt,
1367 3574 1472 3614 non
1502 3559 1713 3628 proprie
1740 3557 1833 3613 sed
1853 3565 2027 3613 trans-

449 3665 554 3724 late
599 3659 764 3730 accipi
814 3664 1061 3730 oportere
1103 3650 1424 3718 contendat;
1473 3658 1528 3705 et
1576 3649 1621 3704 si
1668 3649 1784 3719 quis
1844 3648 2028 3704 statuit

449 3769 663 3814 servare
685 3752 959 3822 innuptam
988 3745 1244 3816 virginem
1271 3758 1442 3810 suam,
1475 3750 1719 3812 tanquam
1747 3740 2027 3812 ﬁguratam

449 3825 778 3904 locutionem
817 3849 1038 3896 conetur
1099 3834 1438 3906 interpretari
1501 3848 1604 3902 qua
1652 3831 1850 3888 dictum
1900 3838 2022 3896 est,

454 3938 621 3995 Trade
648 3938 804 3992 ﬁliam
823 3975 839 4002 ,
860 3943 904 3989 et
929 3931 1117 4004 grande
1141 3945 1265 4000 opus
1287 3926 1553 3998 perfeceris
1577 3924 1765 3997 (Eccli.
1796 3940 1891 3992 γυ,
1909 3921 2024 3996 27).

451 4030 568 4089 Erit
589 4029 748 4102 igitur
774 4025 934 4081 etiam
959 4022 1062 4076 hoc
1087 4021 1140 4076 in
1177 4015 1630 4074 observationibus
1659 4014 2024 4086 intelligenda-

455 4139 572 4180 rum
614 4119 1029 4188 Scripturarum,
1078 4121 1139 4167 ut
1184 4109 1412 4165 sciamus
1450 4108 1548 4163 alia
1591 4108 1837 4164 omnibus
1874 4122 2025 4164 com-

455 4215 689 4272 muniter
735 4207 971 4281 praecipi,
1014 4204 1115 4259 alia
1159 4201 1379 4273 singulis
1415 4200 1708 4272 quibusque
1747 4200 2028 4272 generibus

451 4315 836 4379 personarum;
863 4307 923 4353 ut
944 4309 1052 4352 non
1080 4295 1249 4350 solum
1276 4291 1345 4347 ad
1372 4291 1676 4347 universum
1705 4299 1897 4346 statum
1935 4308 2022 4348 va-

453 4395 702 4454 letudinis
726 4435 741 4459 ,
787 4391 882 4446 sed
925 4389 1081 4444 etiam
1109 4384 1176 4440 ad
1200 4398 1348 4439 suam
1378 4382 1634 4455 cujusque
1658 4383 1875 4440 membri
1901 4398 2026 4454 pro-

451 4489 624 4561 priam
642 4482 999 4540 inﬁrmitatem
1017 4474 1275 4533 medicina
1295 4473 1615 4546 pertineat‘.
1641 4473 1697 4528 In
1723 4489 1817 4528 suo
1834 4471 2029 4545 quippe

453 4594 651 4655 genere
694 4573 983 4634 curandum
1035 4577 1137 4638 est,
1189 4567 1332 4642 quod
1379 4567 1446 4624 ad
1489 4567 1680 4624 melius
1713 4581 1882 4638 genus
1921 4581 2028 4622 non

455 4681 630 4747 potest
657 4669 806 4740 erigi.

457 4761 685 4824 CAPUT
711 4756 898 4818 XVIII.
937 4787 1010 4800 —-
1049 4756 1160 4824 Quo
1205 4763 1425 4827 tempore
1466 4752 1589 4826 quid
1627 4760 1928 4826 preceptum
1954 4751 2031 4807 vel

847 4851 1038 4910 licitum
1075 4851 1171 4918 sit,
1203 4847 1640 4920 considerandum.

527 4951 621 5006 26.
651 4947 781 5005 Item
807 4943 1099 5002 cavendum
1127 4954 1300 5000 estne
1329 4940 1464 4997 forte
1493 4939 1633 5014 quod
1663 4940 1716 4996 in
1746 4938 2031 5012 Scripturis

458 5041 727 5100 veteribus
754 5052 852 5111 pro
879 5037 1089 5092 illorum
1119 5043 1412 5104 temporum
1444 5031 1743 5088 conditione
1762 5074 1779 5101 ,
1823 5031 2032 5088 etiamsi

461 5148 568 5191 non
597 5133 839 5206 ﬁgurate,
867 5129 959 5184 sed
985 5126 1198 5200 proprie
1228 5125 1562 5194 intelligatur,
1612 5139 1716 5179 non
1767 5133 1850 5180 est
1885 5123 2033 5196 flagi-

457 5231 595 5285 tium
637 5238 810 5297 neque
835 5219 1054 5287 facinus,
1083 5217 1147 5273 ad
1173 5217 1270 5272 ista
1292 5216 1451 5271 etiam
1480 5225 1716 5287 tempora
1743 5216 1858 5287 quis
1886 5224 2034 5287 putet

459 5325 516 5377 in
541 5332 694 5377 usum
722 5317 844 5374 vitm
872 5326 1024 5386 posse
1064 5307 1359 5366 transferri.
1398 5307 1549 5374 Quod
1589 5307 1690 5361 nisi
1729 5307 2034 5362 dominante

463 5409 770 5486 cupiditate,
812 5415 867 5464 et
898 5408 1130 5478 ipsarum
1159 5414 1368 5474 quoque
1396 5398 1810 5470 Scripturarum,
1842 5399 2032 5471 quibus

464 5498 750 5560 evertenda
777 5506 878 5562 est,
907 5494 1207 5552 satellitium
1241 5498 1539 5563 quaerente,
1569 5505 1674 5545 non
1706 5489 1893 5557 faciet;
1935 5506 2034 5548 nec

467 5590 710 5661 intelligit
735 5588 899 5645 miser
922 5583 987 5640 ad
1014 5583 1154 5640 hanc
1179 5581 1457 5639 utilitatem
1477 5581 1567 5638 illa
1592 5583 1666 5638 sic
1686 5596 1803 5638 esse
1829 5583 1995 5655 posita
2017 5628 2031 5656 ,

530 5729 546 5760 ³
572 5718 974 5781 assurrectum,
994 5715 1252 5782 percutiat.

3644 225 3739 286 76

2129 350 2186 397 ut
2209 342 2319 413 spei
2345 342 2497 398 bonae
2521 342 2764 398 homines
2791 339 3073 397 salubriter
3097 338 3310 396 videant
3333 345 3386 395 et
3413 345 3736 396 consuetu—

2124 434 2302 490 dinem
2322 449 2480 506 quam
2505 439 2856 507 aspernantur
2885 446 3043 503 posse
3062 431 3260 487 habere
3289 447 3443 489 usum
3475 433 3732 498 bonum,

2124 534 2179 584 et
2201 541 2318 582 eam
2355 541 2514 598 quam
2557 526 2924 598 amplexantur
2949 539 3068 580 esse
3106 538 3264 594 posse
3299 522 3675 579 damnabilem
3709 561 3732 589 ,

2125 617 2171 674 si
2203 625 2257 673 et
2297 615 2369 673 ibi
2411 617 2645 674 charitas
2682 615 2962 686 utentium,
3001 622 3057 671 et
3099 614 3184 674 hic
3221 613 3482 688 cupiditas
3524 623 3735 671 atten-

2126 707 2301 764 datur.

2191 797 2284 854 27.
2310 796 2442 854 Nam
2471 798 2516 854 si
2541 797 2723 855 multis
2748 797 2999 856 uxoribus
3021 803 3166 852 caste
3195 795 3272 851 uti
3298 795 3574 870 quisquam
3600 811 3727 866 pro

2123 896 2363 959 tempore
2391 887 2602 960 potuit,
2649 895 2823 958 potest
2863 887 3000 942 alius
3042 903 3147 942 una
3193 885 3495 941 libidinose.
3541 886 3738 958 Magis

2123 979 2266 1036 enim
2316 979 2480 1050 probo
2509 979 2791 1034 multarum
2837 977 3159 1034 fecunditate
3203 985 3438 1032 utentem
3485 984 3738 1048 propter

2125 1069 2285 1136 aliud,
2310 1084 2469 1140 quam
2497 1070 2651 1124 unius
2679 1083 2841 1124 carne
2869 1067 3130 1124 fruentem
3161 1077 3377 1139 propter
3403 1068 3599 1139 ipsam.
3638 1065 3738 1123 lbi

2124 1163 2266 1218 enim
2313 1163 2565 1233 quarritur
2619 1161 2818 1216 utilitas
2869 1169 3165 1232 temporum
3223 1160 3732 1232 opportunitatibus

2123 1267 2374 1324 congrua,
2399 1252 2484 1308 hic
2511 1253 2730 1307 satiatur
2757 1251 3016 1322 cupiditas
3039 1251 3416 1321 temporalibus
3447 1251 3725 1324 volupta-

2123 1344 2264 1400 tibus
2307 1343 2606 1414 implicata:
2632 1342 2998 1412 inferiorisquc
3030 1341 3226 1411 gradus
3271 1340 3337 1396 ad
3367 1342 3535 1396 Deum
3555 1350 3726 1408 sunt,

2123 1433 2312 1506 quibus
2341 1432 2644 1488 secundum
2665 1433 2873 1488 veniam
2916 1431 3161 1486 concedit
3185 1431 3475 1502 Apostolus
3513 1444 3731 1486 carna—

2123 1525 2236 1580 lem
2266 1539 2387 1580 cum
2417 1523 2636 1595 singulis
2659 1521 2974 1594 conjugibus
3011 1519 3447 1576 consuetudinem
3491 1531 3733 1593 propter

2122 1617 2586 1687 intemperantiam
2626 1630 2809 1671 eorum
2851 1614 2894 1684 (I
2919 1613 3039 1670 Cor.
3067 1629 3158 1682 vn,
3196 1614 3275 1685 Ξ),
3308 1630 3464 1684 quam
3511 1615 3591 1668 illi
3622 1613 3730 1685 qui

2122 1705 2308 1778 plures'
2324 1708 2515 1780 singuli
2543 1723 2662 1764 cum
2691 1707 2947 1761 haberent
2974 1749 2988 1774 ,
3017 1708 3152 1762 sicut
3178 1706 3388 1776 sapiens
3414 1707 3466 1762 in
3505 1707 3634 1762 cibo
3669 1715 3732 1764 et

2123 1807 2250 1868 potu
2276 1798 2488 1853 nonnisi
2517 1799 2742 1854 salutem
2782 1796 3043 1867 corporis,
3076 1796 3154 1851 sic
3180 1796 3233 1850 in
3263 1796 3547 1851 concubitu
3571 1812 3727 1851 non-

2131 1888 2235 1944 nisi
2263 1888 2683 1959 procreationem
2710 1888 2940 1943 filiorum
2962 1887 3319 1942 intuebantur.
3347 1889 3527 1960 Itaque
3549 1888 3594 1942 si
3622 1903 3727 1944 eos

2125 1981 2178 2036 in
2207 1980 2308 2037 hac
2330 1983 2438 2037 vita
2465 1981 2757 2037 invenisset
2786 1979 2995 2035 Domini
3021 1979 3300 2048 adventus,
3327 1995 3444 2035 cum
3465 1980 3579 2051 jam
3605 1997 3724 2036 non

2124 2071 2403 2140 mittendi,
2433 2073 2526 2128 sed
2567 2071 2848 2143 colligendi
2873 2070 3074 2144 lapides
3111 2081 3321 2143 tempus
3349 2084 3489 2128 esset
3510 2071 3724 2145 (Eccle.

2125 2180 2202 2232 ut,
2235 2164 2314 2238 5),
2341 2165 2525 2219 statim
2552 2165 2757 2234 seipsos
2784 2171 3080 2218 castrarent
3109 2172 3326 2235 pr0pter
3352 2178 3574 2233 regnum
3601 2179 3726 2220 cae-

2126 2255 2298 2310 lorum
2325 2274 2337 2310 :
2368 2271 2474 2310 non
2505 2255 2645 2309 enim
2671 2262 2756 2309 est
2783 2255 2835 2309 in
2865 2254 3094 2309 carendo
3123 2253 3428 2321 diﬂicultas,
3451 2254 3557 2308 nisi
3587 2269 3724 2310 cum

2125 2348 2280 2403 estin
2312 2345 2558 2402 habendo
2582 2344 2861 2417 cupiditas.
2893 2344 3160 2400 Noverunt
3195 2345 3388 2416 quippe
3428 2344 3503 2399 illi
3537 2345 3726 2400 homi-

2129 2450 2226 2491 nes
2251 2436 2412 2492 etiam
2442 2436 2493 2490 in
2523 2435 2653 2506 ipsis
2677 2433 2988 2504 conjugibus
3015 2432 3281 2488 luxuriam
3311 2447 3430 2489 esse
3455 2433 3724 2491 abutendi

2128 2527 2588 2597 intemperantiam
2617 2544 2629 2579 :
2658 2525 2796 2596 quod
2827 2525 3008 2590 Tobire
3037 2533 3259 2581 testatur
3281 2526 3470 2594 oratio,
3492 2526 3725 2596 quando

2127 2627 2212 2676 est
2233 2619 2509 2690 copulatus
2533 2619 2704 2673 uxori.
2733 2617 2821 2672 Ait
2845 2617 2988 2672 enim
3021 2634 3035 2671 ε
3067 2616 3361 2672 Benedictus
3382 2633 3453 2685 es,
3482 2615 3722 2677 Domine

2127 2708 2264 2764 Deus
2292 2717 2492 2779 patrum
2517 2717 2840 2774 nostrorum;
2875 2715 2922 2761 et
2944 2706 3255 2762 benedictum
3277 2722 3458 2762 nomen
3486 2715 3640 2762 tuam
3666 2710 3725 2765 in

2128 2798 2297 2852 omnia
2329 2797 2516 2852 saecula
2557 2795 2876 2852 surculorum.
2923 2794 3228 2852 Benedicant
3255 2805 3304 2850 te
3323 2796 3437 2851 ctin
3475 2807 3524 2852 et
3549 2798 3725 2854 omnis

2129 2897 2358 2942 creatura
2381 2894 2488 2939 tua.
2517 2884 2594 2940 Tu
2618 2887 2779 2958 fecisti
2807 2885 2988 2954 Adam,
3013 2895 3060 2941 et
3085 2887 3266 2942 dedisti
3293 2886 3371 2942 illi
3395 2887 3722 2960 adiutorium

2128 2978 2290 3033 Evam
2318 2994 2337 3033 :
2363 2987 2409 3032 et
2433 2993 2587 3046 nunc,
2612 2977 2844 3042 Domino,
2877 2987 2932 3033 tu
2969 2978 3068 3033 scis
3090 2979 3330 3050 quoniam
3362 2995 3463 3033 non
3493 2978 3726 3036 lunt-ia

2127 3087 2279 3126 causa
2304 3071 2498 3142 accipio
2527 3086 2749 3126 sororem
2780 3086 2961 3138 meant,
2993 3071 3082 3125 sed
3105 3071 3218 3144 ipsa
3249 3073 3486 3140 ueritate,
3528 3081 3586 3127 stt
3619 3074 3724 3129 mi-

2129 3162 2340 3218 serearis
2367 3162 2547 3227 nostri,
2575 3157 2792 3215 Domino
2818 3159 2965 3232 (Tot.
2990 3175 3106 3228 vni,
3140 3159 3284 3234 7-9).

2127 3251 2354 3310 CAPUT
2379 3251 2522 3307 XIX.
2543 3282 2616 3296 --
2663 3249 2792 3306 Heli
2824 3252 2952 3307 alios
2979 3253 3045 3306 dc
3079 3269 3172 3308 suo
3210 3255 3462 3309 aestimant
3487 3255 3720 3328 ingenio.

2196 3342 2287 3399 28.
2321 3342 2428 3400 Sed
2455 3345 2548 3414 qui
2566 3344 2822 3400 effrenata
2849 3343 3088 3414 libidine,
3112 3346 3194 3401 vel
3219 3361 3316 3417 per
3335 3348 3499 3402 multa
3525 3356 3722 3420 stupra

2129 3431 2439 3490 difﬂuentes
2474 3443 2799 3506 evagantur,
2829 3435 2914 3492 vel
2941 3437 2992 3491 in
3021 3437 3134 3509 ipsa
3175 3452 3281 3493 una
3326 3439 3572 3511 conjuge,
3604 3457 3721 3497 non

2132 3525 2304 3581 solum
2338 3527 2605 3583 «cedatis
2647 3527 2713 3584 ad
2758 3528 3042 3584 liberorum
3088 3532 3506 3601 procreationem
3545 3536 3722 3606 perti-

2130 3627 2345 3675 nentem
2387 3619 2639 3688 modum,
2667 3619 2762 3676 sed
2785 3621 2944 3676 etiam
2979 3620 3365 3680 inbumanioris
3402 3625 3420 3658 ⁸
3449 3627 3722 3698 intempe~

2130 3709 2318 3766 rantis
2339 3710 2529 3768 sordes
2570 3711 2922 3768 inverecunda
2969 3714 3192 3769 omnino
3235 3715 3448 3770 licentia
3492 3717 3715 3772 servilis

2130 3801 2404 3872 cujusdam
2452 3802 2710 3858 libertatis
2744 3805 3122 3872 accumulant;
3171 3819 3280 3861 non
3322 3806 3547 3862 credunt
3591 3807 3719 3863 fieri

2129 3893 2364 3962 potuisse
2401 3901 2458 3949 ut
2490 3901 2846 3965 temperanter
2883 3896 3068 3952 multis
3109 3894 3323 3953 feminis
3355 3897 3559 3969 antiqui
3587 3906 3718 3953 ute-

2129 3991 2315 4041 rentur
2337 3984 2456 4049 viri,
2487 3984 2616 4040 nihil
2648 3994 2922 4042 servantes
2959 3987 3014 4042 in
3044 4001 3142 4042 usu
3171 3988 3263 4043 illo
3285 3989 3386 4044 nisi
3410 4003 3715 4059 coagmnta

2132 4076 2354 4145 tempori
2384 4078 2734 4147 propagandae
2762 4079 2927 4149 prolis
2953 4077 3222 4146 ofﬁcium;
3251 4080 3472 4152 etquod
3503 4081 3612 4153 ipsi
3639 4083 3716 4138 Ia-

2130 4169 2283 4238 qucis
2309 4168 2538 4225 libidinis
2560 4169 2822 4239 obstricti,
2846 4173 2930 4226 vel
2955 4173 3011 4228 in
3040 4187 3143 4229 una
3168 4188 3276 4229 non
3303 4173 3521 4242 faciunt,
3553 4177 3711 4233 nullo

2133 4258 2296 4320 modo
2324 4259 2378 4314 in
2406 4260 2589 4316 multis
2611 4259 2726 4317 ﬁeri
2755 4276 2912 4332 posse
2936 4263 3278 4319 arbitrantur.

2201 4348 2291 4404 29.
2319 4349 2427 4405 Sed
2453 4351 2540 4408 isti
2565 4361 2788 4421 possunt
2809 4353 2990 4411 dicere
3005 4369 3108 4411 nec
3127 4354 3377 4412 honorari
3398 4355 3620 4427 quidem
3641 4367 3715 4414 at-

2131 4457 2235 4513 que
2256 4441 2459 4498 laudari
2486 4452 2734 4513 oportere
2758 4444 2899 4500 viros
2924 4446 3092 4502 bonos
3116 4455 3172 4504 et
3193 4457 3428 4513 anuos,
3449 4449 3573 4520 quia
3601 4451 3713 4522 ipsi

2131 4549 2251 4590 cum
2281 4533 2610 4590 honorantur
2632 4545 2791 4606 atque
2816 4536 3114 4605 laudantur,
3143 4540 3502 4596 intumescunt
3516 4556 3714 4612 super-

2132 4623 2252 4692 bia;
2284 4634 2429 4680 tanto
2475 4624 2740 4684 avidiores
2777 4627 3099 4684 inanissima
3139 4630 3347 4700 glorias,
3381 4642 3583 4704 quanto
3608 4647 3712 4691 eos

2131 4714 2457 4787 frequentius
2495 4726 2656 4788 atque
2684 4717 2841 4777 latius
2868 4719 3044 4791 lingua
3069 4720 3316 4778 blandior
3333 4724 3703 4793 ventitaverit;

2133 4824 2234 4880 qua
2261 4813 2330 4865 ita
2373 4810 2522 4868 leves
2561 4811 2715 4877 ﬁunt,
2759 4819 2817 4869 ut
2851 4825 2949 4869 eos
2987 4813 3216 4872 rumoris
3256 4829 3405 4884 aurs,
3434 4818 3552 4874 sive
3584 4833 3707 4892 quae

2136 4917 2410 4973 prospera,
2438 4903 2551 4960 sive
2591 4918 2710 4974 qua:
2737 4902 2960 4960 adversa
2983 4905 3334 4973 existimatur,
3359 4908 3415 4963 in
3441 4909 3708 4978 quaslibet

2134 4993 2349 5049 invehat
2372 4995 2652 5065 voragines
2676 4994 3017 5066 ﬂagitiorum,
3041 5006 3137 5053 aut
3161 4999 3215 5054 in
3235 4999 3525 5055 [acinorum
3542 5001 3706 5056 etiam

2137 5101 2262 5142 saxa
2292 5086 2528 5142 eollidat.
2553 5086 2776 5147 Videant
2803 5103 2931 5160 ergo
2949 5105 3108 5162 quam
3132 5092 3234 5148 sibi
3267 5093 3490 5149 at'dttum
3526 5093 3600 5150 sit
3619 5101 3706 5149 at-

2135 5192 2238 5247 que
2259 5177 2477 5234 difficile
2503 5193 2601 5236 nec
2626 5179 2796 5238 laudis
2819 5195 2947 5237 esca
2969 5182 3120 5250 illici,
3141 5197 3242 5239 nec
3261 5183 3705 5241 mut-etiamm

2137 5269 2332 5323 aculeis
2360 5269 2652 5338 penetrari;
2681 5279 2733 5324 et
2763 5286 2867 5325 non
2894 5286 2959 5328 ex
2988 5288 3046 5328 se
3065 5274 3199 5330 alios
3222 5277 3527 5332 metiantur.

2204 5359 2431 5416 CAPUT
2457 5359 2574 5418 XX.
2591 5389 2667 5405 -η
2694 5360 2761 5418 In
2779 5364 3172 5435 φαὼώωῶ
3195 5369 3389 5426 ratione
3409 5369 3530 5426 bed
3555 5371 3637 5428 sui

2746 5468 2861 5513 sunt
2887 5459 3091 5515 similes.

2210 5545 2440 5636 Credant
2476 5550 2648 5620 potius
2675 5551 2959 5622 Apostolus
2983 5561 3200 5614 nostra
3221 5567 3346 5620 nec
3363 5567 3485 5618 tam
3527 5556 3703 5632 suspi-

2207 5725 2485 5774 ‘Mss.octo
2523 5721 2831 5782 “is.
