3874 6356
178 303 228 365 η
1485 290 1685 357 LIBER
1724 296 2034 363 rsnrtus.
3342 324 3411 381 rs

177 423 387 480 utentur
413 411 483 474 ab
505 411 835 483 hominibus,
864 410 1073 473 inﬂatos
1111 410 1305 483 inissa;
1341 425 1439 468 nec
1465 425 1586 470 cum
1617 411 1723 467 de-

176 510 483 577 spicerentur,
513 506 701 560 elisos.
736 504 932 565 Neutra
962 505 1157 579 quippe
1182 504 1405 558 tentatio
1431 501 1598 557 defuit
1622 503 1725 558 illis

174 604 274 665 viris
299 620 310 658 :
337 616 455 661 nam
482 608 540 659 et
564 598 898 660 credentium
922 597 1329 661 celebrabantur
1355 597 1640 673 pra-conio,
1671 605 1727 652 et

173 692 572 773 persequentium
626 689 921 753 maledictis
964 688 1375 749 infatuabantnr.
1410 688 1557 749 Sicut
1599 703 1727 763 ergo

172 787 236 849 isti
270 801 354 857 pro
384 794 634 863 tempore
661 783 946 849 utebantur
985 782 1068 845 his
1096 782 1363 849 omnibus,
1392 791 1447 841 et
1474 798 1581 841 non
1609 798 1729 841 cor-

171 878 544 953 rumpebantur;
577 877 659 937 sic
682 876 756 939 illi
778 884 1001 938 veteres.
1028 889 1181 937 usum
1210 874 1525 935 feminarum
1548 874 1612 931 ad
1636 875 1718 933 sui

173 969 387 1045 temporis
429 968 865 1031 convenientiam
905 965 1218 1037 referentes,
1252 980 1359 1029 non
1394 966 1727 1040 patiebantur

172 1076 261 1120 eam
282 1059 703 1121 dominationem
729 1057 983 1126 libidinis,
1009 1057 1095 1117 cui
1117 1056 1359 1119 serviunt
1383 1057 1473 1129 qui
1500 1058 1599 1115 ista
1618 1072 1724 1117 non

172 1152 370 1213 credunt.

224 1243 295 1305 50.
339 1243 401 1305 Et
430 1241 555 1305 ideo
595 1242 687 1299 isti
734 1257 853 1305 sese
900 1243 1047 1303 nullo
1099 1242 1259 1303 modo
1303 1241 1615 1303 cohiberent
1658 1242 1726 1299 ab

172 1335 436 1406 inexpiabili
455 1334 585 1395 odio
617 1336 915 1409 liliorum,a
943 1335 1134 1413 quibus
1161 1335 1244 1393 vel
1271 1350 1463 1393 uxores
1488 1334 1571 1393 vel
1599 1349 1727 1391 con-

171 1427 351 1489 cubinas
376 1442 501 1489 suas
546 1435 837 1489 attentatas
861 1469 876 1495 ,
907 1435 997 1490 aut
1040 1434 1345 1487 attrectatas
1383 1441 1501 1483 esse
1526 1440 1723 1498 cognat-

172 1526 360 1591 seercnt,
388 1519 433 1579 si
459 1517 540 1579 eis
569 1518 712 1575 forte
741 1516 843 1575 tale
866 1515 1063 1593 aliquid
1088 1516 1383 1576 accidisset.

189 1629 378 1689 CAPUT
426 1628 574 1690 XXI.
619 1658 697 1677 -ο
744 1629 908 1689 David
960 1645 1247 1699 quanquam
1284 1629 1339 1686 in
1378 1628 1682 1687 adulterium

254 1722 430 1791 lapsu,
450 1721 607 1793 longe
628 1723 727 1793 fuit
750 1739 780 1779 α
802 1722 1185 1778 libidinosorum
1209 1722 1615 1792 intemperantia.

225 1811 322 1875 llo:
342 1821 516 1870 autem
546 1814 725 1870 David
768 1828 887 1869 eum
919 1812 1020 1869 hoc
1044 1814 1113 1867 ab
1139 1812 1301 1882 impio
1322 1824 1482 1883 atque
1509 1812 1724 1869 immani

178 1905 258 1963 lilio
290 1921 467 1976 passus
513 1914 688 1971 esset,
729 1921 835 1961 non
878 1907 1051 1961 solum
1086 1906 1430 1961 ferocientem
1458 1906 1722 1973 toleravit,

175 1998 247 2054 ted
268 1999 413 2055 etiam
436 1999 648 2068 planxit
679 1999 997 2063 exstinctum
1026 2000 1095 2070 (ll
1120 2000 1249 2071 Reg.
1275 2016 1433 2065 xvm,
1469 2000 1581 2067 53).
1609 1999 1727 2064 Non

178 2088 289 2145 enim
328 2091 521 2151 carnali
566 2090 691 2145 zelo
733 2091 971 2146 irretitus
1016 2090 1332 2155 tenebatur,
1372 2106 1531 2161 quem
1583 2091 1727 2146 nullo

179 2179 306 2235 modo
340 2180 538 2249 injuriae
581 2196 721 2247 sum,
768 2180 863 2236 sed
906 2190 1120 2252 peccata
1164 2181 1256 2236 ﬁlil
1300 2182 1723 2239 commovebant.

178 2267 282 2326 llam
314 2270 442 2335 ideo,
470 2272 515 2328 si
544 2273 877 2341 vinceretur,
910 2288 1032 2328 eum
1076 2272 1245 2335 occidi
1276 2272 1638 2343 prohibuerat,
1669 2283 1728 2330 ut

182 2361 372 2417 edomito
412 2373 726 2421 servaretur
776 2364 1065 2434 pmnitendi
1112 2365 1304 2420 locus:
1346 2374 1400 2421 et
1444 2366 1565 2436 quia
1618 2381 1726 2422 non

183 2453 335 2520 intuit,
361 2468 461 2510 non
486 2453 783 2510 orbitatem
812 2453 980 2508 doluit
1024 2454 1076 2509 in
1107 2456 1221 2523 ejus
1248 2454 1489 2523 interitu,
1515 2455 1607 2511 sed
1631 2472 1728 2511 nov

184 2552 297 2601 terat
316 2544 362 2601 in
380 2560 508 2615 quas
526 2561 720 2614 poenas
740 2554 846 2602 tam
870 2547 1031 2617 impie
1051 2546 1290 2604 adultam
1313 2548 1329 2585 ι
1361 2556 1416 2602 et
1440 2548 1727 2617 parricida-

183 2632 232 2691 lit
254 2635 405 2693 anima
440 2644 745 2707 raperetur.
792 2636 1030 2707 Namque
1071 2638 1179 2693 alio
1217 2639 1362 2706 prius
1389 2638 1500 2693 ﬁlio
1524 2640 1614 2709 qui
1646 2639 1727 2693 in-

182 2739 342 2787 ttooens
362 2736 491 2795 erat.
513 2743 620 2799 pro
646 2744 753 2798 quo
778 2736 1067 2799 ﬁrmante
1087 2727 1442 2800 afﬂigebatur,
1468 2732 1727 2787 moriente

182 2816 348 2881 letatur
369 2830 467 2881 est.

238 2909 405 2973 5H1;
431 2911 530 2975 hoc
582 2912 815 2973 maxime
848 2921 1066 2982 apparet
1112 2928 1217 2983 qua
1258 2914 1622 2973 moderatione
1663 2929 1727 2970 ac

183 3005 481 3073 temperantia
519 3005 612 3067 illi
637 3005 737 3067 viri
762 3006 973 3067 feminis
1009 3006 1328 3075 utebantur,
1355 3008 1495 3078 quod
1524 3023 1642 3067 eum
1670 3009 1723 3063 in

184 3106 307 3153 unam
328 3096 496 3161 illicito
520 3098 778 3160 irruisset
809 3113 901 3160 rex
926 3098 1064 3159 idem
1086 3140 1101 3164 ,
1124 3109 1255 3157 aestu
1298 3101 1525 3170 quodam
1555 3102 1727 3157 anatis

183 3193 225 3238 et
239 3190 588 3257 temporalium
616 3204 795 3251 rerum
817 3191 1259 3260 proSperitatibus
1280 3192 1550 3262 abreptus,
1574 3194 1726 3263 cujus

186 3277 312 3339 etiam
348 3282 596 3343 maritum
639 3281 988 3343 occidendum
1032 3291 1390 3353 praeceperat;
1446 3294 1726 3341 accusatus

184 3377 247 3425 est
266 3384 346 3439 per
368 3372 683 3441 promittam
708 3389 721 3433 ς
748 3370 839 3442 qui
861 3387 983 3433 cum
1005 3371 1071 3431 ad
1097 3388 1219 3431 eum
1245 3374 1476 3431 venisset
1498 3374 1720 3431 convin-

185 3459 367 3525 cendum
400 3463 464 3525 de
508 3472 757 3535 peccato,
803 3464 1080 3533 proposuit
1115 3465 1165 3538 ei
1211 3465 1608 3523 similitudinem
1654 3466 1723 3522 de

185 3564 370 3622 paupere
393 3559 477 3626 qui
505 3556 746 3612 habebat
787 3572 939 3611 ovem
987 3573 1166 3624 unam,
1197 3558 1345 3629 cujus
1371 3559 1574 3614 vicinus
1599 3576 1722 3618 eum

187 3643 364 3711 haberet
385 3651 603 3716 multas,
630 3650 698 3711 ad
719 3650 1005 3713 adventum
1034 3650 1257 3721 hospitis
1278 3652 1359 3710 sui
1388 3654 1597 3711 unicam
1618 3668 1719 3723 p0-

188 3738 268 3796 tiut
285 3742 423 3803 vicini
444 3745 531 3807 sui
562 3744 810 3814 pauperis
838 3743 1098 3801 oviculam
1124 3743 1363 3802 exhibuit
1381 3744 1718 3814 epulandam.

188 3829 231 3884 In
250 3849 381 3903 ouem
403 3848 707 3897 commotus
734 3836 896 3895 David
923 3836 1093 3897 occidi
1137 3852 1261 3897 eum
1287 3837 1465 3906 jussit,
1492 3846 1546 3895 et
1586 3854 1719 3909 qua-

186 3920 421 3993 druplicari
456 3944 621 3987 ovem
663 3928 915 3997 pauperi;
944 3936 1003 3987 ut
1028 3942 1087 3987 se
1126 3929 1369 3990 nesciens
1396 3928 1722 3987 condemna-

187 4023 262 4081 ret,
285 4018 360 4087 qui
383 4030 695 4087 peccaverat
719 4020 913 4081 sciens.
943 4020 1097 4085 Quod
1118 4036 1237 4077 cum
1258 4021 1305 4079 ei
1332 4022 1721 4081 manifeStatum

186 4116 313 4173 estet.
339 4121 387 4171 et
419 4113 673 4175 divinitus
704 4112 1012 4175 denuntiata
1058 4113 1308 4179 vindicta,
1356 4115 1509 4171 diluit
1547 4117 1721 4185 ptent.

189 4196 315 4261 tendo
337 4216 600 4271 peccatum
626 4203 691 4274 (ll
718 4202 847 4275 Reg.
870 4219 969 4268 xu.
998 4203 1174 4275 Hi).
1209 4205 1313 4265 Sed
1338 4214 1516 4269 tamen
1542 4206 1597 4267 in
1623 4207 1722 4269 hae

187 4285 476 4355 similitudine
506 4306 755 4364 stuprum
784 4296 1149 4359 tantummodo
1175 4296 1510 4367 designatum
1548 4307 1635 4357 est
1654 4299 1722 4357 de

187 4392 263 4439 ore
284 4385 418 4451 vicini
443 4389 727 4459 pauperis;
768 4389 836 4451 de
879 4391 1069 4451 marito
1095 4400 1271 4453 autem
1294 4394 1531 4453 mulieris
1554 4394 1720 4459 inter-

188 4482 349 4545 empto,
371 4477 467 4537 hoc
506 4491 611 4546 est.
637 4480 707 4543 de
731 4481 849 4551 ipso
875 4497 1107 4553 paupere
1127 4526 1143 4550 ,
1176 4484 1265 4554 qui
1294 4500 1450 4545 uitam
1489 4485 1719 4547 habebat

189 4575 325 4633 metu.
348 4570 545 4638 occiso,
573 4587 683 4635 non
709 4581 791 4629 est
813 4587 908 4642 per
935 4573 1333 4635 similitudinem
1364 4576 1721 4647 interrogatus

190 4649 334 4727 David,
360 4670 415 4717 ut
442 4663 500 4719 in
535 4662 712 4728 solum
742 4662 1065 4727 adulterium
1106 4666 1309 4725 diceret
1341 4668 1362 4701 ³
1400 4668 1718 4729 sententiam

188 4742 489 4815 dammtionis
526 4770 657 4819 suae.
697 4756 774 4817 Ex
813 4773 919 4828 quo
948 4758 1258 4828 intelligitur
1283 4769 1476 4829 quanta
1507 4768 1718 4831 tempo-

188 4841 321 4907 ηηιίι
356 4848 543 4927 multas
567 4848 827 4913 mulieres
851 4849 1114 4916 habuerit,
1164 4852 1375 4921 quando
1416 4853 1483 4912 de
1528 4869 1632 4915 una
1664 4854 1715 4913 in

187 4942 267 4997 qua
283 4940 491 4999 excessit
514 4939 755 5007 modum.
785 4957 818 5005 tt
844 4944 1021 5012 seipse
1045 4944 1220 5013 puniri
1245 4953 1459 5004 coactus
1485 4954 1589 5004 est.
1608 4946 1716 5006 Sed

188 5017 230 5075 in
250 5015 337 5085 itte
357 5029 464 5087 viro
484 5031 853 5095 immoderata
879 5034 1034 5103 hujus
1073 5034 1307 5095 libidinis
1328 5053 1436 5094 non
1464 5053 1715 5108 perman-

188 5110 264 5201 tio,
293 5118 374 5175 sed
398 5124 649 5183 transitus
673 5123 773 5183 fuit
810 5142 823 5180 :
862 5135 1140 5197 propterea
1184 5129 1342 5189 etiam
1371 5130 1438 5187 ab
1460 5140 1716 5201 arguenti)

188 5200 402 5277 Propheta
448 5215 539 5276 ille
580 5216 792 5275 illicitus
829 5219 1096 5289 appetitus
1136 5218 1330 5289 hospes
1365 5200 1583 5283 vocatus
1610 5233 1709 5285 est.

188 5291 276 5357 Non
294 5304 421 5365 enim
443 5307 576 5367 dixit
602 5325 725 5373 eum
751 5312 859 5382 regi
901 5327 1030 5380 suo,
1060 5313 1152 5371 sed
1198 5313 1397 5384 hospiti
1426 5331 1524 5377 suo
1553 5317 1714 5378 vieini

190 5398 389 5489 Matris
409 5416 561 5467 ovem
588 5404 657 5465 ad
681 5405 1003 5474 opinandum
1043 5406 1368 5470 exhibuisse.
1399 5412 1467 5469 At
1508 5425 1634 5471 vero
1658 5412 1713 5469 in

192 5486 395 5551 eittt'lilio
412 5490 694 5557 Salomone
713 5536 729 5562 ι
756 5510 863 5560 non
891 5497 1041 5568 quasi
1080 5497 1278 5569 hospes
1302 5501 1578 5562 transitum
1620 5503 1712 5562 hac

198 5638 297 5727 il.
267 5646 433 5727 “11.3:
443 5655 501 5727 et
516 5658 619 5703 Mss.
636 5661 849 5727 septem,
865 5660 964 5705 tam
983 5653 1132 5723 impia
1151 5662 1197 5706 et
1217 5654 1451 5708 adultera.
1472 5660 1600 5721 cad,
1617 5666 1713 5711 tam

230 5749 1463 5841 .‘s9"n§";2iiaivmnnuadmm

1832 412 1964 481 buit,
2004 412 2097 473 sed
2127 428 2345 516 regnum
2371 418 2469 516 ista
2501 419 2658 479 libido
2704 427 2976 494 possedit:
3003 430 3071 488 de
3107 449 3213 504 quo
3258 434 3405 495 Scri-
3441 425 3457 516 Ι

1828 511 1983 575 plura
2002 520 2108 566 non
2136 508 2316 579 tacuit,
2330 511 2549 583 culpatis
2568 528 2687 570 eum
2712 516 2879 577 fuisse
2900 530 3193 583 amatorem
3218 528 3408 589 mulie-

1830 610 1947 655 rum
1976 595 2065 671 (lli
2092 599 2220 675 Reg.
2248 616 2324 668 χι,
2352 601 2427 677 l).
2456 604 2621 678 Cujus
2646 615 2821 673 tamen
2849 611 2995 669 initia
3021 613 3291 676 desiderio
3311 634 3404 678 sa-

1828 687 2039 763 pientiae
2073 689 2424 784 ﬂagraverunt
2449 696 2514 767 (ll
2545 696 2779 773 Paralip.
2811 718 2851 775 ι,
2881 703 3067 781 7ο12);
3099 723 3255 784 quam
3284 726 3409 780 cum

1828 793 2011 839 amore
2038 782 2297 850 Spirituali
2324 784 2548 860 adeptus
2580 799 2742 857 esset,
2769 808 2952 854 amore
2977 782 3171 857 carnali
3206 803 3404 862 amisit.

1864 870 2087 933 CAPUT
2114 872 2278 933 XXII.
2309 876 2574 949 -Reguta
2588 880 2651 937 de
2678 881 2959 957 Scriptum
2982 888 3123 961 locis,
3152 892 3238 950 ubi
3263 895 3375 953 lau-

1829 961 2015 1019 dantur
2032 968 2169 1040 [acta
2186 968 2416 1030 quadam
2438 968 2679 1029 bonorum
2706 974 2855 1033 hodie
2879 979 3103 1043 moribus
3128 988 3404 1046 contraria.

1901 1055 2202 1157 Ergo,
2232 1076 2532 1157 quanquam
2552 1068 2734 1157 omnia
2776 1071 2859 1129 vel
2904 1087 3041 1146 pene
3065 1078 3243 1137 omnia
3284 1096 3406 1157 qua

1828 1144 2113 1241 in_Veteris
2140 1150 2464 1214 Testatnenti
2508 1155 2656 1214 libris
2693 1169 2841 1233 gesta
2882 1144 3257 1241 continentur,
3299 1144 3409 1231 non

1829 1235 2001 1297 solum
2036 1242 2277 1315 proprie,
2317 1244 2412 1303 sed
2455 1246 2614 1305 etiam
2659 1248 2880 1326 ﬁgurate
2920 1235 3404 1327 accipienda'sint:

1828 1333 2007 1421 tamen
2029 1331 2190 1391 etiam
2218 1333 2303 1388 illa
2327 1349 2444 1406 qua:
2474 1340 2685 1411 preprie
2709 1339 2877 1401 lector
2900 1349 3182 1421 acceperit,
3215 1354 3259 1408 si
3288 1354 3407 1411 lau-

1828 1418 1936 1477 dati
1961 1432 2085 1483 sunt
2104 1425 2180 1481 illi
2202 1427 2291 1500 qui
2318 1444 2379 1486 ea
2404 1428 2663 1499 fecerunt,
2693 1436 2787 1490 sed
2825 1452 2886 1495 ea
2913 1418 3091 1499 tamen
3115 1444 3409 1509 abhorrent

1829 1515 2273 1603 accusuetudine
2300 1517 2580 1590 bonorum,
2607 1525 2695 1597 qui
2724 1535 2844 1599 post
2882 1514 3166 1593 adventum
3195 1537 3408 1603 Domini

1829 1600 2005 1702 divina
2032 1618 2297 1702 praecepta
2338 1613 2677 1689 custodiunt;
2724 1619 2945 1692 ﬁguram
2991 1624 3058 1682 ad
3106 1600 3405 1702 intelligem-

1830 1691 1957 1753 tiam
1987 1696 2201 1767 referat,
2224 1697 2422 1759 factum
2446 1718 2573 1763 vero
2599 1691 2772 1781 ipsum
2800 1710 2865 1767 ad
2885 1727 3064 1773 mores
3090 1733 3198 1774 non
3227 1691 3406 1781 tronae

1829 1783 1982 1882 lerat.
2026 1787 2185 1846 Multa
2232 1793 2375 1851 enim
2417 1806 2541 1855 sunt
2586 1816 2704 1873 quat
2751 1804 2845 1862 illo
2889 1814 3128 1882 tempore
3168 1813 3407 1879 ofﬁciose

1831 1876 1967 1980 facta
1989 1889 2132 1980 sunt,
2154 1898 2272 1957 qua:
2294 1888 2450 1945 modo
2480 1892 2581 1949 nisi
2598 1893 2880 1956 libidinose
2902 1876 3015 1960 ﬁeri
3030 1919 3137 1964 non
3160 1876 3403 1980 possunt.

1903 1972 2125 2035 CAPUT
2155 1978 2343 2077 XXlll.
2368 2014 2442 2029 -ρ
2469 1986 2667 2061 Regula
2692 1992 2755 2048 de
2779 1993 2905 2055 ιοεει
2929 1998 3012 2056 ubi
3032 1972 3331 2077 magnorum

2228 2088 2451 2133 inrorant
2474 2091 2681 2151 peccata
2700 2089 3003 2157 referuntur.

1902 2158 1959 2221 Si
1982 2177 2267 2262 quanvero
2306 2180 2523 2262 peccata
2570 2190 2883 2248 magnorum
2917 2184 3151 2251 virorum
3195 2188 3407 2262 legerit.

1833 2254 2040 2345 tametsi
2065 2256 2296 2328 aliquam
2324 2260 2378 2319 in
2401 2262 2478 2319 eis
2511 2264 2730 2336 ﬁguram
2758 2286 2938 2332 rerum
2961 2254 3275 2343 futurarum

1833 2343 2164 2446 madvertere
2195 2359 2353 2422 atque
2377 2354 2627 2429 indagare
2646 2366 2911 2432 potuerit;
2942 2370 3019 2428 rei
3042 2379 3216 2433 tamen
3243 2343 3411 2446 gesta:

1832 2440 2210 2540 proprietatem
2239 2446 2306 2505 ad
2339 2447 2479 2509 hunc
2508 2468 2662 2513 usum
2706 2468 2964 2527 assumat,
3009 2472 3066 2523 ut
3107 2481 3168 2527 se
3206 2440 3409 2540 nequa-

1832 2545 1989 2634 quam
2016 2546 2160 2599 recte
2185 2537 2338 2599 factis
2375 2545 2486 2601 suis
2508 2546 2715 2615 jactare
2736 2552 2946 2621 audeat,
2978 2567 3031 2613 et
3062 2574 3173 2629 pra:
3209 2537 3411 2634 sua—ju.

1832 2625 1972 2721 stitia
2002 2638 2225 2689 caeteros
2266 2643 2517 2706 tanquam
2563 2652 2875 2709 peccatores
2916 2625 3241 2721 contemnat,
3284 2625 3409 2713 eum

1830 2714 2006 2813 Videat
2040 2728 2311 2813 tantorum
2358 2727 2593 2788 virorum
2639 2741 2698 2789 et
2737 2738 3001 2794 cavendas
3044 2714 3407 2813 tempestates,

1830 2816 1884 2869 et
1912 2806 2086 2872 ﬂenda
2110 2812 2400 2886 naufragia.
2432 2819 2515 2878 Ad
2545 2820 2649 2879 hoc
2668 2825 2810 2883 enim
2839 2828 3001 2885 etiam
3045 2806 3259 2901 peccata
3286 2806 3411 2892 illo;

1830 2914 1949 2961 rum
1978 2902 2253 2966 hominum
2273 2909 2473 2980 scripta
2497 2922 2644 2983 sunt,
2671 2926 2731 2972 ut
2752 2918 3055 2988 Apostolica
3081 2925 3169 2981 illa
3195 2936 3413 2985 sentem

1831 2989 1901 3089 tia
1928 2992 2125 3064 ubique
2150 2999 2420 3059 tremenda
2459 3000 2550 3073 sit,
2600 3021 2702 3077 qua
2731 3010 2806 3065 ait
2833 3028 2851 3065 :
2881 3011 3200 3086 Quapropter
3220 3021 3307 3089 qni
3332 3023 3413 3075 ei.

1831 3082 1976 3177 detur
2003 3094 2159 3153 atare,
2183 3089 2602 3158 νίάσαεωιωέαι
2627 3098 2669 3171 (ι
2695 3098 2813 3156 Cor.
2846 3119 2903 3169 ι,
2937 3082 3047 3177 is).
3085 3082 3243 3166 sui].
3264 3114 3409 3171 enim

1829 3172 1943 3235 fere
1968 3179 2157 3248 pagina
2186 3190 2269 3239 est
2293 3194 2598 3244 sanctorum
2633 3190 2913 3249 Librorum
2938 3238 2954 3263 ,
2982 3172 3036 3252 in
3060 3215 3163 3270 qua
3192 3218 3297 3261 non
3322 3220 3411 3259 so-

1827 3280 1920 3329 net
1940 3270 2082 3340 quod
2112 3273 2251 3332 Deus
2278 3279 2524 3349 superbis
2546 3284 2766 3352 resistit,
2796 3286 3085 3349 humilibus
3118 3304 3295 3357 autem
3320 3298 3411 3354 dat

1826 3364 2070 3432 gratiam.

1860 3476 2089 3537 CAPUT
2117 3482 2305 3540 XXIV.
2336 3517 2410 3529 —
2428 3488 2559 3545 Ante
2577 3493 2746 3547 omnia
2768 3498 3190 3556 considerandum
3214 3518 3371 3575 genus

2457 3582 2740 3643 locutionis.

1899 3688 1986 3744 54.
2025 3691 2255 3749 Maxime
2298 3697 2476 3768 itaque
2511 3700 2932 3774 investigandum
2963 3716 3043 3765 est
3073 3717 3247 3769 utrum
3281 3728 3406 3783 pro.

1827 3781 1939 3849 pria
1965 3784 2053 3849 sit,
2096 3800 2161 3838 an
2204 3786 2420 3855 ﬁgurata
2464 3789 2681 3861 locutio,
2726 3810 2883 3864 quam
2922 3798 3214 3873 intelligere
3242 3781 3406 3859 cena-

1827 3886 1965 3926 mur.
1995 3874 2127 3929 Nam
2155 3888 2428 3947 comperto
2466 3882 2606 3954 quod
2649 3885 2867 3956 ﬁgurata
2906 3889 3008 3961 sit,
3042 3890 3291 3949 adhibitis
3318 3911 3409 3953 re-

1825 3966 1959 4034 gulis
1989 3982 2166 4021 rerum
2192 3971 2397 4036 quasiu
2426 3973 2600 4043 primo
2625 3974 2763 4031 libro
2784 3977 3120 4049 digessimus,
3148 3982 3303 4041 facile
3325 3996 3408 4043 cst

1826 4072 1941 4112 eam
1969 4074 2184 4115 versare
2210 4064 2457 4119 omnibus
2486 4066 2657 4124 modis
2675 4109 2690 4135 ,
2735 4069 2907 4127 donec
2942 4075 3311 4142 perveniamus
3337 4078 3409 4135 ad

1827 4154 2145 4214 sententiam
2175 4157 2412 4215 veritatis
2432 4200 2447 4227 ,
2480 4164 2777 4231 praesertim
2817 4181 2941 4224 cum
2967 4183 3097 4223 usus
3121 4172 3406 4227 accesserit

1828 4248 2041 4316 pietatis
2095 4251 2479 4309 exercituduae
2522 4256 2828 4316 rubenius.
2869 4260 3173 4317 Invenimus
3225 4273 3408 4329 autem

1825 4351 2001 4399 utrum
2029 4345 2239 4414 propria
2279 4346 2368 4413 sit,
2399 4362 2467 4401 an
2504 4349 2723 4421 ﬁgurata
2752 4351 2970 4419 locutio,
3015 4354 3102 4408 illa
3134 4356 3405 4415 intuentes

1824 4451 1945 4505 quae
1972 4449 2129 4503 supra
2155 4434 2295 4496 dicta
2315 4449 2457 4495 sunt.

1822 4549 2045 4606 CAPUT
2088 4549 2253 4607 XXV.
2292 4583 2361 4592 ——
2409 4551 2555 4607 Idem
2583 4554 2783 4610 verbum
2829 4574 2928 4613 non
2970 4557 3104 4613 idem
3147 4560 3403 4633 signiﬁcat

2512 4645 2707 4718 ubique.

1891 4758 2043 4829 Quod
2072 4775 2190 4814 cum
2236 4761 2581 4832 apparuerit,
2639 4762 2797 4820 verba
2841 4765 3034 4841 quibus
3072 4769 3403 4841 continetur,

1821 4862 1911 4908 aut
1937 4868 1963 4905 a
1996 4854 2255 4911 similibus
2277 4854 2435 4910 rebus
2455 4855 2612 4915 ducta
2637 4855 2995 4928 invenientur,
3022 4867 3112 4915 aut
3137 4860 3203 4916 ab
3225 4862 3401 4933 aliqua

1822 4944 2089 5005 vicinitate
2116 4944 2511 5019 attingentibus.

1891 5036 1978 5092 55.
2011 5036 2113 5092 Sed
2141 5038 2389 5115 quoniam
2436 5038 2615 5096 multis
2644 5040 2815 5097 modis
2862 5057 2950 5098 res
2993 5043 3195 5103 similes
3238 5044 3401 5105 rebus

1819 5137 2098 5203 apparent,
2141 5145 2245 5184 non
2277 5139 2521 5201 putemus
2544 5146 2662 5187 esse
2704 5134 3063 5207 prmscrlptum
3096 5136 3314 5205 utquod
3348 5136 3403 5193 in

1820 5220 1996 5293 aliquo
2024 5221 2141 5276 loco
2184 5236 2271 5280 res
2299 5222 2471 5299 aliqua
2502 5238 2595 5297 per
2621 5224 3017 5283 similitudinem
3063 5226 3397 5295 signiﬁcare.-

1819 5313 1904 5377 rit,
1934 5313 2034 5373 hoc
2063 5331 2179 5370 eam
2210 5332 2420 5388 semper
2445 5316 2747 5391 signiﬁcare
2764 5318 3068 5375 credamus.
3105 5318 3237 5375 Nam
3270 5322 3399 5383 etin

1820 5408 2203 5477 vituperatione
2230 5407 2545 5464 fermentum
2576 5409 2749 5477 posuit
2780 5409 3035 5470 Dominus
3056 5450 3071 5474 ,
3102 5425 3221 5469 cum
3247 5411 3396 5471 dice—

1824 5508 1923 5565 ret,
1952 5500 2129 5555 Cavete
2157 5518 2187 5554 a
2210 5502 2451 5571 fermento
2482 5501 2861 5555 Pharisworum
2889 5501 3098 5573 (Matth.
3124 5520 3234 5569 va,
3268 5506 3356 5576 ll)
3379 5525 3393 5572 ;

1818 5600 1871 5647 et
1905 5593 1957 5647 in
1985 5592 2156 5658 laude,
2196 5608 2315 5647 cum
2350 5593 2571 5659 diceret,
2606 5590 2784 5646 Simile
2811 5601 2881 5647 est
2924 5609 3131 5664 regnum
3156 5597 3398 5651 calorum

1821 5685 2021 5741 mulieri
2059 5701 2173 5757 quia
2212 5670 2472 5741 abscondit
2511 5686 2809 5753 fermentum
2856 5686 2907 5738 in
2952 5686 3109 5740 tribu
3149 5688 3397 5744 mensuris

1824 5779 2019 5849 farina,
2057 5778 2210 5829 donec
2234 5779 2608 5844 fermentaretur
2638 5781 2794 5827 totum
2818 5774 2965 5849 (an.
2997 5794 3117 5847 1m,
3143 5778 3257 5851 2t).

2800 5940 2887 5958 ?.-'..
