3874 6318
425 287 495 356 19
1307 263 1398 322 DE
1438 258 1781 321 DOCTRINA
1817 247 2225 312 CHRISTIANA
2255 294 2268 320 ,
2311 253 2366 310 S.
2411 249 2781 313 AUGUSTI!“

3627 242 3741 310 80

496 409 586 468 36.
616 402 691 478 (a)
731 396 899 468 Hujus
924 389 1086 465 igitur
1120 384 1394 444 varietatis
1422 377 1722 478 observatio
1745 374 1878 430 duas
1904 372 2004 427 ha-
2110 368 2338 428 CAPUT
2375 370 2944 478 XXVli.—Euntdent
2967 372 3133 427 locum
3161 368 3295 427 uarie
3331 367 3542 440 intelligi
3563 363 3739 426 nihil

426 510 518 566 bet
539 472 755 560 formas.
785 494 874 550 Sic
902 487 1044 544 enim
1088 481 1229 538 aliud
1258 487 1418 549 atque
1462 472 1605 529 aliud
1653 485 1740 566 res
1781 481 2008 566 quaeque

429 562 748 672 signiﬁcant,
775 596 833 643 ut
858 592 950 640 aut
969 577 1259 641 contraria,
1290 581 1382 627 aut
1411 564 1778 672 tantummodo
1799 562 2010 672 dilversa

429 653 744 762 signiﬁcent.
789 673 1070 735 Contraria
1114 667 1357 731 scilicet,
1571 659 1701 762 alias
1732 655 1796 733 in
1845 653 2008 756 bono,

431 745 566 841 alias
591 783 645 834 in
672 774 812 830 malo
845 783 934 825 res
977 763 1164 822 eadem
1205 773 1302 830 per
1338 751 1738 811 similitudinem
1773 745 2008 841 ponitur,

593 872 694 925 hoc
717 874 801 923 est
825 859 967 934 quod
1005 857 1073 913 de
1100 855 1361 910 fermento
1399 859 1558 915 supra
1602 841 1852 898 diximus.
1881 835 2012 892 Tale

430 931 512 1026 est
539 966 699 1023 etiam
723 931 864 1033 quod
907 956 992 1010 leo
1037 945 1299 1021 signiﬁcat
1331 939 1624 1033 Christum,
1649 933 1762 1033 nubi
1798 931 2009 1033 dicitur,

435 1020 673 1116 victitet;
693 1020 758 1108 άὲ
780 1049 910 1105 tribu
932 1042 1074 1098 Iuda
1097 1020 1284 1111 (Apoc.
1309 1049 1362 1099 v,
1391 1029 1447 1104 5)
1469 1047 1485 1097 ;
1531 1023 1795 1098 significat
1810 1020 2012 1116 etgdi‘a-

430 1112 632 1215 bolum,
663 1145 750 1201 ubi
777 1141 1032 1209 scriptum
1074 1139 1178 1196 est,
1218 1122 1546 1183 Adversarius
1588 1126 1746 1173 uester
1784 1112 2013 1215 diabolus

433 1205 672 1312 umquam
722 1237 800 1291 leo
844 1205 1046 1301 rugiens
1091 1220 1297 1285 circuit,
1359 1227 1585 1286 quwrens
1818 1205 2014 1312 devoret

437 1297 478 1409 ξι
508 1297 655 1387 i’etr.
687 1343 742 1394 v,
772 1324 850 1396 8).
897 1297 967 1374 ita
995 1328 1214 1385 serpens
1243 1311 1298 1365 in
1327 1307 1468 1363 bono
1492 1297 1791 1409 est,nAstuti
1815 1303 2014 1409 utnser-

434 1383 604 1499 peritas
625 1383 836 1494 (nam;
863 1430 898 1469 χ
918 1454 934 1481 ,
964 1408 1054 1480 t6)
1205 1401 1345 1499 malo
1373 1407 1573 1499 aute-tn,
1595 1391 1825 1499 .Serpens
1854 1383 2016 1499 Euan:

433 1482 644 1574 ieduxit‘
672 1514 724 1566 in
759 1507 944 1563 astutia
977 1517 1072 1557 sua
1107 1496 1173 1571 (ll
1209 1494 1327 1551 Cor.
1352 1507 1409 1546 xi
1431 1531 1445 1555 ,
1482 1485 1562 1558 '5).
1595 1484 1650 1539 in
1674 1482 1817 1538 bono
1842 1482 2013 1574 panis,

436 1566 677 1680 ﬁgebant
695 1600 838 1673 panis
859 1596 1014 1658 vivus,
1039 1566 1198 1659 quide
1217 1584 1340 1640 caelo
1363 1573 1791 1680 descendii‘loan.
1811 1566 2015 1680 vr,-5-l\);

434 1659 677 1764 i—nainalo,
696 1659 879 1748 'Panes
916 1684 1138 1743 occultos
1168 1680 1374 1735 libenter
1407 1673 1538 1728 edite
1568 1667 1748 1742 (Prov.
1777 1681 1855 1728 Ix,
1887 1659 1974 1731 Π)
1998 1675 2012 1711 :

435 1792 514 1849 sic
539 1797 596 1845 et
617 1787 717 1842 alia
761 1779 1009 1854 plurima.
1041 1775 1109 1830 Et
1148 1771 1263 1826 inec
1289 1765 1502 1838 quidem
1545 1776 1662 1832 quae
1687 1767 2017 1857 commemo-

432 1884 572 1951 ravi,
623 1877 843 1936 minime
885 1871 1101 1928 dubiam
1146 1861 1587 1936 signiﬁcationem
1633 1858 1845 1925 gerunt,
1895 1861 2017 1951 quia

434 1940 672 2044 exempli
712 1967 881 2042 gratia
923 1957 1333 2020 commemorari
1376 1951 1586 2009 nonnisi
1617 1946 1892 2003 manifesta
1921 1940 2018 1996 de-

437 2040 690 2124 buerunt.
720 2040 856 2116 Sunt
883 2064 1061 2110 autem
1099 2065 1216 2121 quae
1247 2048 1504 2102 incertum
1531 2041 1598 2096 sit
1625 2040 1677 2094 in
1706 2051 1864 2107 quam
1897 2048 2019 2124 pars

436 2121 545 2215 ea
578 2152 744 2224 accipi
775 2150 1025 2210 debeant,
1055 2143 1211 2207 sicut,
1244 2136 1394 2192 Catia:
1419 2135 1473 2188 in
1510 2145 1665 2225 manu
1695 2123 1900 2225 Domini
1919 2121 2021 2176 vini

435 2246 565 2303 meri
587 2220 763 2316 plenus
787 2247 858 2294 est
896 2237 1072 2290 mixto.
1103 2229 1370 2285 Incertum
1411 2233 1492 2280 est
1519 2220 1661 2277 enim
1690 2225 1864 2272 utrum
1888 2220 2022 2316 iram

435 2302 535 2395 Dei
564 2302 826 2407 signiticet
873 2343 980 2383 non
1022 2337 1191 2394 usque
1231 2318 1300 2374 ad
1337 2312 1678 2407 novissimam
1708 2320 1936 2407 pinnam,
1969 2302 2022 2359 id

437 2440 524 2488 est
545 2399 715 2498 ustiue
742 2421 809 2478 ad
837 2419 1057 2481 faccem;
1087 2429 1154 2468 an
1189 2410 1364 2482 potius
1385 2405 1606 2477 gratiam
1626 2399 2021 2498 Scripturarum

437 2539 470 2578 a
497 2490 695 2576 Judaiis
720 2514 788 2569 ad
830 2511 1026 2568 Gentes
1075 2508 1463 2565 transeuntem,
1511 2497 1632 2568 quia
1675 2490 1934 2547 inclinavit
1961 2503 2025 2542 ea:

440 2613 534 2667 hoc
559 2610 612 2664 in
641 2609 754 2672 hoc,
795 2597 1193 2658 remanentibus
1223 2591 1366 2663 apud
1392 2588 1606 2645 Judmes
1633 2579 2022 2640 observationi-

435 2703 539 2759 bus
557 2713 688 2770 quas
708 2693 992 2752 carnaliter
1017 2688 1247 2757 sapiunt,
1281 2683 1403 2754 quia
1428 2681 1532 2752 {arx
1556 2679 1664 2749 ejus
1695 2691 1796 2729 non
1825 2672 2024 2770 est

436 2763 612 2848 nauita
639 2787 807 2862 (Psat.
839 2796 1026 2846 Lxxw,
1053 2779 1132 2850 9).
1157 2775 1291 2833 Cum
1335 2788 1464 2829 vero
1496 2785 1582 2825 res
1620 2767 1807 2823 eadem
1835 2780 1938 2820 non
1969 2763 2024 2818 in

437 2854 725 2945 contraria,
757 2875 852 2932 sed
887 2882 1090 2928 tantum
1118 2869 1171 2922 in
1197 2867 1407 2921 diversa
1443 2859 1831 2932 signiﬁcatione
1868 2854 2022 2925 poni-

438 2983 549 3041 tur,
579 2969 706 3026 illud
728 2976 811 3024 est
835 2966 889 3020 in
914 2961 1240 3031 exemplum,
1273 2954 1415 3026 quod
1442 2958 1659 3041 aquaet
1684 2948 1938 3041 populum
1956 2945 2028 3041 si-

439 3036 672 3136 gnilicat,
697 3059 835 3112 sicut
859 3054 913 3108 in
937 3048 1256 3122 Apocalypsi
1284 3045 1509 3116 legimus
1531 3040 1884 3136 A(Apoc.ﬂnvn,
2005 3076 2022 3102 ,

440 3127 487 3210 et
512 3170 622 3218 xix,
653 3148 745 3222 6);
774 3155 828 3203 et
855 3145 1108 3216 Spiritum
1140 3147 1378 3195 sanctum
1397 3177 1413 3204 ,
1439 3133 1579 3190 unde
1609 3141 1693 3188 est
1717 3129 1866 3198 illud,
1896 3127 2027 3182 Flu-

438 3246 580 3302 mina
615 3221 761 3312 aqute
797 3240 920 3293 υἰυω
956 3238 1116 3307 fluent
1142 3233 1204 3286 de
1241 3239 1408 3286 ventre
1432 3229 1543 3300 ejus
1571 3225 1747 3298 (Joan.
1779 3239 1874 3290 vn,
1897 3221 2022 3292 ‘58);

440 3347 488 3394 et
521 3337 566 3392 si
590 3333 719 3407 quid
745 3329 887 3387 aliud
907 3341 1067 3398 atque
1091 3324 1255 3390 aliud,
1287 3337 1383 3391 pro
1410 3319 1544 3376 locis
1569 3318 1625 3374 in
1653 3315 1846 3388 quibus
1876 3313 2028 3384 peni-

441 3439 549 3494 tur,
578 3441 716 3498 aqua
736 3421 1037 3494 signiﬁcare
1064 3415 1395 3485 intelligitur.

513 3522 602 3577 37.
642 3519 731 3576 Sic
769 3526 824 3572 et
860 3515 975 3569 aliae
1013 3527 1098 3568 res
1136 3525 1244 3564 non
1283 3506 1537 3578 singulae,
1571 3504 1665 3560 sed
1701 3515 2028 3573 unaquaeque

441 3627 649 3680 earum,
676 3625 780 3666 non
809 3608 982 3664 solum
997 3604 1102 3660 duo
1128 3601 1300 3672 aliqua
1328 3599 1560 3665 diversa,
1583 3596 1678 3652 sed
1708 3595 1868 3651 etiam
1896 3611 2029 3648 non-

440 3718 717 3776 nunquam
761 3699 925 3755 multa
964 3694 1256 3769 significat,
1284 3707 1381 3764 pro
1406 3691 1524 3746 loco
1551 3689 1862 3754 sententiae,
1895 3686 2030 3740 sicut

439 3801 610 3875 posita
631 3795 911 3869 reperitur.

444 3909 672 3970 CAPUT
708 3904 898 3964 XXVI.
927 3933 997 3946 -
1019 3902 1245 3960 Obscura
1268 3917 1330 3956 ea:
1358 3900 1481 3955 locis
1503 3895 1834 3968 apertioribus
1863 3894 2027 3965 expli-

1148 3992 1330 4048 cauda.

517 4118 617 4177 Ubi
655 4123 831 4171 autem
875 4112 1109 4183 apertius
1150 4115 1437 4180 ponuntur,
1481 4106 1553 4162 ibi
1590 4105 1900 4161 discendum
1947 4112 2030 4159 est

445 4210 711 4286 quomodo
736 4208 791 4262 in
818 4207 950 4261 locis
978 4201 1337 4274 intelligantur
1363 4199 1626 4255 obscuris.
1668 4196 1848 4267 Neque
1885 4197 2027 4253 enim

445 4304 636 4361 melius
663 4308 832 4371 potest
864 4294 1083 4364 intelligi
1121 4293 1263 4364 quod
1301 4292 1497 4348 dictum
1538 4298 1620 4345 est
1667 4289 1802 4354 Deo,
1831 4288 2026 4360 Appre-

447 4395 612 4451 henda
653 4407 797 4447 arma
839 4399 884 4444 et
932 4396 1156 4448 scutum,
1181 4394 1224 4439 et
1249 4399 1458 4455 exsurge
1482 4383 1534 4436 in
1561 4380 1869 4452 adjutorium
1906 4377 2030 4432 mihi

446 4487 619 4563 (Psal.
647 4501 829 4548 xxxiv,
852 4481 931 4555 ‘2),
959 4496 1114 4552 quam
1146 4496 1209 4535 ex
1240 4479 1328 4533 illo
1356 4477 1472 4533 loco
1501 4476 1588 4531 ubi
1621 4474 1831 4544 legitur,
1856 4470 2030 4525 Domi-

446 4598 529 4646 ne,
557 4589 611 4633 ut
638 4588 777 4633 scuto
807 4575 948 4630 bona
974 4571 1240 4626 voluntatis
1265 4581 1363 4624 tua:
1389 4569 1638 4624 coronasti
1667 4583 1757 4621 nos
1778 4564 1943 4637 (Psal.
1969 4577 2025 4632 v,

449 4673 560 4743 15).
589 4669 699 4727 Nec
726 4677 903 4724 tamen
925 4665 996 4719 ita
1021 4673 1077 4718 ut
1091 4663 1198 4734 jam
1232 4662 1547 4730 ubicumque
1575 4670 1782 4714 scutum
1809 4673 1903 4726 pro
1926 4657 2029 4712 ali-

446 4779 555 4837 quo
598 4761 924 4817 munimento
964 4755 1246 4826 legerimus
1281 4752 1508 4824 positum
1529 4791 1544 4814 ,
1579 4765 1681 4806 nou
1712 4748 2030 4819 accipiamus

450 4856 550 4914 nisi
577 4855 769 4910 bonam
795 4851 1120 4906 voluntatem
1153 4845 1246 4902 Dei
1270 4864 1280 4898 :
1304 4844 1502 4901 dictum
1533 4853 1615 4899 est
1639 4841 1780 4896 enim
1821 4849 1876 4897 et
1909 4858 2028 4896 scu-

449 4957 556 5003 tum
580 4945 720 5017 ﬁdei,
743 4946 795 4997 in
825 4958 922 5014 quo
951 4940 1150 5011 possitis
1170 4981 1184 5005 ,
1209 4937 1414 5008 inquit,
1446 4952 1617 4990 omnes
1640 4937 1850 5006 sagittas
1884 4932 2030 4987 mali-

446 5039 535 5113 gni
577 5038 758 5109 ignitus
793 5033 1108 5104 exstinguere
1135 5030 1154 5103 (
1174 5029 1362 5102 Ephes.
1403 5045 1458 5084 γι
1481 5069 1496 5095 ,
1545 5028 1653 5099 i6).
1684 5027 1792 5083 Nec
1819 5041 2028 5082 rursum

450 5133 574 5188 ideo
629 5130 886 5186 debemus
931 5127 986 5181 in
1039 5126 1201 5179 armis
1247 5123 1609 5193 hujuscemodi
1671 5121 2028 5186 Spiritualibus

449 5235 602 5283 scuto
630 5222 996 5278 tantummodo
1019 5219 1172 5274 [idem
1197 5218 1449 5279 tribuere,
1472 5233 1591 5271 cum
1613 5216 1713 5270 alio
1736 5217 1848 5271 loco
1869 5217 2029 5269 etiam

449 5315 612 5372 lorica
651 5317 784 5372 dicta
825 5317 892 5370 sit
932 5312 1054 5369 lidei
1077 5332 1088 5365 :
1115 5311 1320 5377 lnduti,
1353 5310 1554 5383 inquit,
1582 5310 1784 5364 loricam
1826 5307 1945 5378 ﬁdei
1983 5316 2030 5363 et

453 5410 717 5466 charitatis
747 5411 788 5482 (ι
817 5411 995 5467 Thess.
1026 5425 1076 5474 v,
1106 5407 1182 5480 8).

513 5624 587 5687 (a)
606 5622 854 5695 Reliquum
870 5623 1019 5695 hujus
1034 5621 1161 5695 libri,
1187 5629 1437 5684 totumque
1462 5619 1634 5695 librum
1655 5617 2029 5695 quartumadje-f

447 5682 841 5750 dt'sngustiuus,
865 5682 1054 5747 quando
1076 5683 1165 5734 hoc
1185 5697 1307 5747 opus
1332 5682 1422 5732 suo
1438 5682 1605 5733 ordine
1633 5682 1931 5744 recognovit,
1965 5694 2029 5732 ex

447 5747 538 5804 Ib.
553 5749 584 5800 2
605 5753 828 5808 netract.,
846 5759 948 5810 cap.
971 5745 1018 5793 4.

2778 463 3021 536 prohibet.

2185 559 2273 615 38.
2313 558 2535 626 Quando
2573 562 2752 614 autem
2792 575 2857 614 ex
2899 557 3100 614 eisdem
3142 555 3429 628 Scriptura:
3476 551 3678 612 verbis
3704 593 3732 623 ,

2115 665 2220 707 non
2245 665 2409 706 unum
2429 651 2647 722 aliquid,
2669 650 2763 707 sed
2789 649 2894 707 duo
2915 651 2999 706 vel
3027 650 3174 721 plura
3195 649 3515 714 sentiuntur,
3536 647 3740 704 etiam

2115 743 2159 799 si
2187 743 2318 800 latet
2345 745 2469 814 quid
2496 745 2726 802 senserit
2751 746 2842 802 ille
2883 745 2972 816 qui
3011 743 3258 815 scripsit,
3298 742 3434 799 nihil
3477 740 3738 812 periculi

2117 844 2233 902 est,
2265 836 2311 891 si
2339 836 2614 906 quodlibet
2657 853 2843 893 eorum
2882 850 3179 907 congruere
3217 835 3426 891 veritati
3469 850 3538 890 ex
3581 833 3739 890 aliis

2117 925 2248 982 locis
2268 937 2572 983 sanctarum
2593 927 2986 999 Scripturarum
3005 927 3184 985 doceri
3209 935 3418 998 potest:
3443 926 3495 982 id
3523 935 3736 981 tamen

2116 1032 2182 1074 eo
2209 1029 2437 1074 conante
2465 1020 2555 1090 qui
2584 1020 2760 1075 divina
2789 1029 3056 1076 scrutatur
3083 1020 3312 1090 eloquia,
3343 1026 3400 1074 ut
3419 1017 3484 1074 ad
3513 1017 3738 1074 volun-

2119 1117 2281 1165 tatem
2331 1110 2669 1180 perveniatnr
2713 1113 2982 1177 auctoris,
3033 1126 3129 1181 per
3169 1125 3329 1181 quem
3375 1109 3734 1180 Scnpturam

2119 1201 2264 1256 illam
2296 1213 2512 1259 sanctus
2535 1212 2785 1275 operatus
2804 1213 2886 1260 est
2903 1203 3165 1276 Spiritus;
3191 1204 3302 1259 sive
3323 1201 3424 1260 hoc
3447 1216 3736 1273 assequa—

2118 1304 2224 1360 tur,
2255 1297 2366 1351 sive
2393 1297 2550 1352 aliam
2577 1295 2895 1352 sententiam
2937 1295 3004 1351 de
3047 1295 3149 1350 illis
3185 1293 3380 1360 verbis,
3415 1309 3536 1364 qua:
3580 1291 3732 1348 ﬁdei

2119 1396 2279 1442 rectae
2307 1403 2412 1443 non
2439 1386 2750 1457 refragatur,
2781 1387 3084 1456 exsculpat,
3113 1384 3471 1442 testimonium
3501 1383 3737 1440 habent

2120 1494 2149 1533 a
2175 1493 2514 1549 quocumque
2556 1479 2660 1534 alio
2705 1478 2824 1534 loco
2870 1477 3173 1533 divinorum
3213 1475 3564 1547 eloquiorum.
3614 1473 3735 1530 Ille

2121 1571 2314 1642 quippe
2343 1579 2527 1626 auctor
2552 1573 2603 1626 in
2631 1570 2833 1626 eisdem
2861 1568 3038 1626 verbis
3075 1585 3194 1640 qua:
3230 1567 3524 1639 intelligere
3548 1565 3734 1622 volu-

2122 1677 2242 1716 mus
2260 1703 2275 1730 ,
2299 1671 2354 1718 et
2381 1663 2550 1733 ipsam
2576 1662 2893 1718 sententiam
2921 1661 3136 1717 forsitan
3163 1659 3325 1726 vidit;
3361 1669 3416 1715 et
3443 1667 3593 1715 certe
3615 1657 3733 1715 Dei

2121 1751 2381 1822 Spiritus,
2405 1754 2495 1824 qui
2523 1768 2618 1823 per
2643 1768 2766 1808 eum
2799 1751 2913 1808 haec
2937 1760 3187 1822 operatus
3207 1759 3290 1807 est
3306 1791 3322 1812 ,
3348 1751 3508 1810 etiam
3533 1750 3734 1821 ipsam

2123 1857 2464 1899 occursuram
2524 1843 2714 1900 lectori
2759 1843 2842 1899 vel
2888 1841 3159 1909 auditori,
3209 1841 3324 1897 sine
3377 1841 3736 1897 dubitatione

2122 1937 2394 2007 praevidit;
2421 1937 2528 1994 imo
2554 1944 2617 1993 ut
2643 1945 2969 2003 occurreret,
2998 1935 3121 2007 quia
3149 1941 3205 1992 et
3231 1935 3343 2004 ipsa
3372 1945 3454 1990 est
3481 1933 3731 1990 veritate

2124 2028 2369 2095 subnixa,
2397 2026 2648 2099 providit.
2675 2026 2805 2082 Nam
2827 2026 2952 2098 quid
2974 2025 3027 2081 in
3045 2025 3240 2081 divinis
3258 2024 3481 2096 eloquiis
3511 2023 3733 2095 largius

2125 2129 2179 2175 et
2205 2119 2421 2176 uberius
2447 2118 2618 2190 potuit
2649 2117 2899 2174 divinitus
2925 2117 3226 2188 provideri,
3256 2131 3410 2187 qttam
3434 2124 3490 2169 ut
3518 2113 3731 2169 eadem

2125 2212 2285 2267 verba
2317 2211 2556 2282 pluribus
2585 2211 2944 2280 intelligantur
2969 2209 3158 2274 modis,
3187 2223 3322 2280 quos
3348 2207 3449 2262 alia
3471 2221 3581 2263 non
3614 2206 3732 2262 Ini-

2125 2318 2226 2357 nus
2255 2301 2430 2357 divina
2461 2303 2812 2358 contestantia
2836 2300 3032 2356 faciant
3057 2297 3376 2370 approbari?

2125 2394 2351 2450 CAPUT
2401 2392 2634 2449 XXVIII.
2659 2424 2731 2434 —
2771 2393 2933 2448 Locus
2979 2393 3197 2447 incertus
3240 2391 3393 2445 tutius
3442 2406 3532 2459 per
3583 2390 3732 2444 alios

2199 2484 2478 2558 Scriptura
2505 2486 2669 2552 locos,
2697 2502 2849 2558 quam
2885 2502 2976 2555 per
2999 2485 3244 2539 rationem
3269 2482 3648 2554 manifestatur.

2197 2578 2287 2634 59.
2327 2577 2430 2636 Ubi
2458 2588 2640 2635 autem
2669 2577 2789 2634 talis
2831 2592 3021 2632 sensus
3063 2577 3288 2642 eruitur,
3335 2589 3485 2645 cujus
3535 2575 3732 2630 incer-

2129 2681 2238 2728 tum
2265 2672 2427 2728 certis
2467 2680 2770 2727 sanctarum
2797 2671 3190 2742 Scripturarum
3242 2669 3561 2725 testimoniis
3613 2684 3733 2727 non

2127 2765 2300 2836 possit
2332 2763 2566 2834 aperiri,
2596 2772 2761 2820 restat
2800 2773 2856 2819 ut
2896 2763 3104 2818 ratione
3148 2761 3352 2817 reddita
3401 2759 3734 2817 manifestus

2126 2863 2404 2926 appareat,
2423 2856 2582 2911 etiam
2606 2856 2650 2910 si
2677 2856 2766 2911 ille
2798 2855 2950 2927 cujus
2995 2855 3155 2911 verba
3185 2853 3478 2924 intelligere
3517 2853 3729 2925 quaeri-

2127 2965 2268 3016 mus,
2291 2965 2415 3006 eum
2435 2949 2573 3006 forte
2593 2965 2696 3007 non
2723 2950 2908 3006 sensit.
2928 2949 3035 3004 Sed
3065 2947 3180 3003 haec
3209 2945 3544 3003 consuetudo
3577 2947 3735 3017 peris

2129 3042 2309 3099 culosa
2342 3052 2462 3099 est:
2492 3058 2587 3114 per
2616 3042 2918 3112 Seripturas
2943 3042 3087 3098 enim
3114 3040 3320 3097 divinas
3349 3041 3516 3096 multo
3556 3042 3734 3097 tutius

2129 3136 2465 3201 ambulatur;
2488 3150 2622 3205 quas
2649 3134 2824 3190 verbis
2849 3133 3120 3189 translatis
3147 3141 3396 3204 opaeatas
3421 3147 3544 3189 cum
3572 3146 3737 3188 scru-

2132 3229 2231 3283 tari
2260 3228 2540 3294 volumus,
2565 3236 2657 3282 aut
2695 3227 2796 3282 hoc
2834 3225 2957 3280 inde
2999 3232 3156 3281 exeat
3191 3223 3336 3295 quod
3378 3238 3482 3278 non
3528 3222 3734 3279 habeat

2131 3320 2584 3384 controversiam;
2617 3327 2742 3383 aut,
2775 3317 2819 3373 si
2867 3316 3054 3383 habet,
3102 3332 3168 3372 ex
3215 3315 3401 3372 eadem
3443 3313 3732 3385 Scriptura

2132 3409 2452 3480 ubicumque
2494 3411 2727 3466 inventis
2767 3417 2926 3480 atque
2967 3408 3219 3464 adhibitis
3267 3407 3486 3464 testibus
3531 3407 3730 3464 termi-

2132 3515 2302 3562 netur.

2217 3596 2442 3654 CAPUT
2465 3595 2656 3652 XXIX.
2678 3627 2749 3637 —
2771 3595 3052 3667 Troporum
3076 3596 3294 3667 cognitio
3318 3611 3602 3651 necessaria

2205 3689 2294 3744 40.
2335 3689 2518 3745 Sciant
2543 3695 2719 3743 autem
2749 3687 2998 3754 litterati”,
3030 3686 3202 3742 modis
3221 3685 3466 3742 omnibus
3490 3685 3729 3744 locutio-

2135 3786 2236 3852 nis,
2265 3799 2400 3854 quos
2421 3781 2749 3854 grammatici
2788 3796 2963 3853 graaco
3002 3787 3218 3837 nomine
3267 3789 3448 3850 tropos
3486 3789 3724 3846 vocant,

2133 3886 2378 3932 auctores
2397 3883 2608 3931 nostros
2629 3888 2754 3930 usos
2777 3871 2962 3935 fuisse,
2987 3880 3042 3927 et
3066 3871 3406 3941 multiplicius
3429 3878 3592 3942 atque
3624 3886 3729 3927 co-

2135 3967 2370 4039 piosius,
2420 3981 2578 4038 quam
2623 3973 2846 4037 possunt
2887 3963 3193 4020 existimare
3236 3962 3319 4019 vel
3366 3963 3585 4019 credere
3631 3960 3729 4035 qui

2135 4059 2379 4115 nesciunt
2403 4072 2496 4114 eos
2515 4098 2532 4126 ,
2559 4068 2613 4113 et
2637 4058 2690 4112 in
2713 4057 2834 4112 aliis
2860 4057 2958 4111 ista
2985 4045 3304 4111 didicerunt.
3348 4054 3493 4123 Quos
3539 4065 3727 4112 tamen

2135 4165 2316 4225 tropos
2350 4153 2440 4224 qui
2482 4159 2771 4216 noverunt,
2812 4157 3108 4221 agnoscunt
3146 4148 3200 4203 in
3241 4147 3458 4205 Litteris
3481 4151 3724 4216 sanctis,

2134 4259 2427 4316 eorumque
2468 4243 2688 4299 scientia
2725 4240 2791 4295 ad
2827 4243 2931 4296 ‘eas
2978 4238 3346 4311 intelligtndas
3388 4240 3726 4310 aliquantum

2134 4340 2470 4411 adjuvantur.
2501 4336 2607 4393 Sed
2635 4335 2721 4390 hic
2749 4349 2842 4391 eos
2882 4334 3079 4405 ignaris
3126 4334 3335 4388 tradere
3379 4348 3482 4388 non
3524 4333 3740 4398 decet,

2135 4449 2205 4490 ne
2229 4441 2397 4488 artem
2422 4429 2819 4502 grammaticam
2853 4426 3046 4482 docere
3071 4425 3363 4481 videamur.
3394 4425 3552 4480 Extra
3589 4440 3726 4481 sane

2134 4531 2196 4581 ut
2231 4523 2503 4579 discantur
2538 4520 2799 4575 admoneo
2822 4559 2838 4584 ,
2869 4516 3109 4587 quamvis
3138 4517 3248 4585 jam
3276 4516 3518 4587 superius
3545 4515 3595 4572 id
3619 4515 3726 4573 ad-

2134 4615 2453 4681 monuerim,
2485 4613 2536 4669 id
2561 4622 2660 4676 est,
2684 4613 2735 4667 in
2761 4608 2996 4666 secundo
3021 4609 3178 4676 libro,
3209 4607 3294 4664 ubi
3325 4607 3392 4663 de
3419 4608 3724 4679 linguarum

2135 4709 2434 4768 necessaria
2465 4706 2766 4777 cognitione
2794 4702 3042 4760 disserui.
3073 4701 3204 4759 Nam
3237 4703 3442 4763 litterae.
3470 4717 3501 4757 a
3523 4703 3726 4771 quibus

2138 4803 2250 4874 ipsa
2273 4801 2613 4874 grammatica
2639 4812 2831 4854 nomen
2850 4796 3077 4866 accepit,
3096 4801 3363 4866 Γράμματα
3381 4795 3521 4860 enim
3543 4792 3722 4850 Graeci

2135 4895 2339 4950 litteras
2363 4901 2572 4956 vocant,
2591 4891 2738 4961 signa
2759 4892 2943 4959 utique
2969 4895 3091 4943 sunt
3119 4902 3367 4943 sonorum
3388 4885 3454 4941 ad
3470 4885 3725 4941 articula-

2137 4997 2242 5043 tam
2261 5000 2446 5042 vocem
2469 5001 2571 5056 qua
2592 4984 2856 5054 loquimur
2876 4983 3272 5054 pertinentium.
3295 4979 3515 5037 Istorum
3532 4988 3720 5036 autem

2136 5091 2409 5151 troporum
2458 5093 2564 5134 non
2612 5078 2781 5132 solum
2829 5077 3101 5148 exempla.
3147 5077 3285 5132 sicut
3317 5074 3586 5139 omnium,
3621 5070 3722 5129 sed

2135 5172 2485 5246 quorumdam
2515 5171 2676 5226 etiam
2703 5173 2918 5227 nomina
2947 5169 3000 5226 in
3026 5169 3222 5225 divinis
3246 5166 3417 5222 Libris
3444 5166 3715 5236 leguntur,

2136 5268 2274 5323 sicut
2319 5265 2611 5335 allegoria,
2659 5263 2922 5335 aenigma,
2969 5261 3239 5332 parabola.
3287 5259 3540 5328 Quamvis
3579 5272 3718 5327 pene

2137 5371 2325 5414 omnes
2352 5356 2386 5411 ii
2417 5356 2585 5426 tropi,
2622 5354 2709 5424 qui
2747 5353 2950 5409 liberali
2988 5352 3235 5408 dicuntur
3273 5359 3389 5404 arte
3425 5347 3715 5419 cognosci,

2136 5454 2296 5508 etiam
2321 5450 2372 5503 in
2394 5463 2578 5503 eorum
2601 5447 2934 5517 reperiantur
2959 5444 3202 5516 loquelis,
3226 5442 3315 5513 qui
3342 5441 3515 5498 nullos
3537 5455 3718 5512 gram-

2138 5545 2360 5601 maticos
2387 5541 2698 5605 audierunt,
2731 5550 2783 5595 et
2809 5555 2876 5596 co
2917 5553 3025 5610 quo
3067 5539 3254 5608 vulgus
3279 5536 3442 5591 utitur
3467 5546 3716 5590 sermone

2136 5635 2372 5693 contenti
2401 5641 2542 5691 sunt.
2558 5633 2687 5701 Quis
2703 5632 2843 5688 enim
2863 5646 2968 5688 non
2989 5629 3238 5698 dieit,Sic
3252 5625 3573 5698 ﬂoreaslqui
3601 5633 3716 5681 tro-

2135 5743 2236 5802 pus
2265 5725 2576 5798 metaphora
2600 5733 2835 5784 vocatur.
2860 5723 2990 5792 Quis
3005 5739 3111 5781 non
3127 5722 3257 5779 dicit
3267 5721 3521 5795 piscinam
3541 5718 3704 5794 etiam
