3874 6320
139 373 187 436 si
846 331 923 349 ’
1425 368 1634 429 usus
1672 369 1984 429 manus.

136 502 235 563 qua!
260 501 368 545 non
393 484 563 544 habet
588 487 784 559 pisces,
815 501 913 545 nec
940 487 1075 542 facta
1123 493 1205 542 est
1248 493 1466 555 propter
1503 485 1697 554 pisces,

135 595 178 641 et
196 592 362 640 tamen
383 596 417 636 ι
448 580 689 653 piscibus
714 595 910 639 nomen
954 578 1200 650 accepit?
1228 578 1319 650 qui
1347 587 1531 648 tropus
1559 586 1703 634 cata-

137 675 314 733 chresis
338 674 564 731 dicitur.
724 742 743 748 _

191 768 269 823 ll.
308 766 560 837 Longum
590 765 794 823 estisto
821 763 979 821 modo
1007 771 1230 819 caeteros
1257 760 1504 833 persequi
1531 777 1545 815 :
1578 776 1701 816 nam

136 875 277 932 usque
303 858 368 914 ad
400 859 531 917 illos
567 858 811 929 pervenit
848 858 990 928 vulgi
1029 857 1258 923 locutio,
1294 855 1383 927 qui
1421 864 1702 926 propterea

138 950 470 1009 mirabiliores
501 959 656 1018 sunt,
681 951 802 1022 quia
832 960 1017 1005 contra
1056 962 1214 1018 quam
1254 946 1449 1002 dicitur
1490 945 1697 1016 signiti-

137 1054 252 1108 cant,
279 1042 438 1099 sicuti
467 1051 552 1099 est
579 1057 699 1113 quae
724 1041 1026 1113 appellatur
1053 1039 1223 1095 ironia
1248 1038 1329 1093 vel
1351 1036 1695 1107 antiphrasis.

138 1135 220 1192 Sed
247 1133 408 1190 ironia
442 1134 882 1204 pronuntiatione
908 1132 1104 1186 indicat
1135 1129 1261 1202 quid
1287 1129 1417 1185 velit
1441 1128 1659 1199 inteltigi
1679 1169 1698 1194 ,

135 1230 194 1281 uti
216 1240 325 1281 ctun
347 1226 585 1282 dicimus
610 1224 815 1281 homini
850 1225 988 1279 mala
1018 1223 1232 1279 facienti
1252 1263 1267 1287 ,
1291 1222 1399 1278 Res
1430 1221 1597 1277 bonas
1619 1222 1670 1273 fa

137 1320 197 1373 cis
216 1336 228 1370 :
247 1316 572 1387 antiphrasis
593 1330 720 1371 vero
750 1325 807 1370 ut
830 1314 1097 1370 contraria
1122 1313 1403 1384 signiticet,
1433 1326 1539 1367 non
1561 1322 1695 1366 voce

136 1409 503 1481 pronuntiantis
531 1408 779 1475 efﬁcitur,
809 1407 903 1462 sed
932 1416 1024 1462 aut
1052 1407 1211 1463 verba
1245 1406 1405 1461 habet
1433 1420 1548 1470 sua,
1573 1418 1697 1467 quo-

137 1517 229 1556 rum
247 1501 387 1572 origo
410 1515 443 1557 e
462 1500 739 1556 contrario
758 1508 841 1555 est
860 1540 875 1566 ,
899 1498 1036 1554 sicut
1053 1497 1349 1569 appellatur
1369 1498 1534 1561 lucus,
1552 1494 1695 1565 quod

137 1596 320 1650 minime
343 1594 559 1659 luceat;
588 1602 678 1648 aut
698 1595 975 1648 consuevit
997 1590 1195 1662 aliquid
1221 1591 1292 1645 ita
1311 1588 1435 1653 dici,
1454 1588 1695 1658 quamvis

139 1684 305 1740 dicatur
319 1686 481 1742 etiam
501 1699 611 1741 non
636 1700 667 1740 e
690 1684 979 1749 contrario,
999 1683 1161 1738 veluti
1172 1697 1291 1737 cum
1306 1680 1591 1748 quaerimus
1606 1693 1695 1734 ac-

136 1778 281 1848 cipere
290 1777 429 1848 quod
448 1778 522 1833 ibi
545 1794 652 1834 non
670 1785 771 1843 est,
784 1785 838 1832 et
851 1774 1205 1847 respondetur
1221 1774 1395 1839 nobis,
1410 1771 1656 1828 Abundat
1674 1789 1689 1838 ;

140 1870 468 1941 autsdjunctis
490 1869 674 1925 verbis
693 1868 915 1924 facimus
946 1876 1003 1922 ut
1027 1883 1059 1923 a
1083 1866 1350 1922 contrario
1371 1865 1693 1936 intelligatur

138 1962 251 2033 quod
272 1963 558 2033 loquimur,
579 1962 740 2017 veluti
763 1961 1073 2025 sidicamus,
1091 1958 1231 2015 Cave
1257 1959 1426 2027 illum,
1444 1958 1566 2029 quia
1590 1958 1660 2012 bo
1687 1984 1693 1992 -

143 2072 223 2113 nus
270 2056 422 2112 homo
465 2065 575 2112 est.
618 2055 684 2110 Et
727 2056 845 2125 quis
884 2054 1007 2109 talia
1030 2068 1134 2109 non
1156 2053 1283 2109 dicit
1302 2052 1564 2119 indoctus,
1593 2066 1693 2107 nec

140 2149 321 2207 omnino
360 2149 548 2205 sciens
585 2149 674 2219 qui
722 2149 857 2214 sint,
883 2147 967 2203 vel
989 2146 1112 2218 quid
1147 2154 1405 2203 vocentur
1434 2144 1489 2200 hi
1517 2145 1691 2217 tropi?

143 2240 339 2308 Quorum
370 2241 612 2313 cognitio
651 2250 931 2312 pr0pterea
956 2239 1345 2310 Scripturarum
1374 2240 1692 2310 ambiguita-

143 2330 255 2386 tibus
274 2331 625 2397 dissulvendis
653 2341 737 2387 est
764 2332 1084 2398 necessaria,
1107 2331 1227 2401 quia
1248 2346 1368 2387 cum
1390 2346 1601 2399 sensus,
1624 2330 1690 2387 ad

143 2424 475 2493 proprietatem
524 2424 814 2479 verborum
853 2424 899 2478 si
938 2423 1247 2493 accipiatur,
1272 2422 1532 2478 absurdus
1572 2430 1689 2489 est,

144 2514 441 2583 quaerendum
477 2522 569 2571 est
605 2515 787 2585 utique
816 2528 882 2569 ne
908 2512 1044 2569 forte
1072 2514 1161 2570 illo
1188 2513 1271 2569 vel
1300 2514 1390 2568 illo
1417 2523 1569 2583 tropo
1605 2513 1690 2567 di-

143 2612 255 2660 ctum
277 2605 502 2677 sitquod
538 2621 645 2660 non
673 2605 1050 2677 intelligimus;
1095 2614 1151 2661 et
1188 2604 1267 2660 sic
1308 2603 1565 2675 pleraque
1604 2604 1689 2659 in-

145 2707 267 2752 rents
289 2708 403 2753 sunt
430 2713 560 2769 qua:
588 2697 843 2752 latebant.

144 2786 327 2846 CAPUT
365 2788 542 2846 XXX.
564 2786 864 2860 -—Regula:
915 2788 1144 2843 Ticltonii
1185 2787 1452 2843 donatista:
1502 2802 1690 2858 expen-

792 2882 999 2935 duntur.

198 2972 270 3027 l2.
306 2972 591 3030 Ticbonius
620 2972 837 3044 quidam
878 2972 969 3043 qni
1010 2981 1194 3027 contra
1220 2971 1521 3026 Donatistas
1558 2972 1692 3026 invi-

148 3063 339 3120 ctissime
364 3065 603 3136 scripsit,
631 3079 752 3119 cum
776 3062 939 3118 fuerit
964 3061 1229 3117 donatista
1250 3103 1264 3127 ,
1293 3070 1347 3117 et
1391 3060 1497 3116 illic
1540 3062 1690 3117 inve-

148 3155 259 3209 Iitur
276 3155 635 3211 absurdissimi
658 3154 835 3211 cordis
857 3195 871 3219 ,
900 3154 988 3209 ubi
1022 3169 1115 3209 eos
1148 3168 1253 3209 non
1279 3153 1423 3209 omni
1449 3168 1513 3206 ex
1541 3160 1693 3223 parte

149 3246 405 3317 relinquere
439 3246 642 3314 voluit,
672 3247 796 3302 fecit
826 3245 1020 3300 librum
1059 3259 1217 3315 quem
1252 3244 1572 3315 Regularum
1600 3256 1693 3298 vo-

148 3339 260 3391 carit
280 3337 369 3412 (α),
390 3340 517 3410 quia
549 3339 607 3393 in
624 3352 691 3392 eo
716 3336 974 3408 quasdam
1002 3347 1206 3407 septem
1238 3336 1445 3407 regulas
1469 3348 1693 3390 exsecu-

152 3436 216 3483 tus
236 3440 337 3497 est,
358 3434 551 3505 quibus
594 3431 745 3501 quasi
790 3430 1032 3485 clavibus
1066 3429 1363 3485 divinarum
1395 3428 1693 3499 Scriptura-

152 3534 242 3573 rum
260 3525 581 3591 aperirentur
613 3522 841 3577 occulta.
864 3520 1097 3588 Quarum
1144 3520 1367 3591 primam
1417 3521 1585 3590 ponit,
1618 3521 1693 3577 De

154 3607 337 3667 Domino
358 3622 409 3667 et
434 3615 557 3684 ejus
594 3626 851 3681 corpore;
881 3610 1167 3666 secundam
1187 3652 1200 3675 ,
1233 3610 1308 3665 De
1334 3610 1540 3665 Domini
1567 3624 1693 3665 cor-

154 3714 256 3769 pore
274 3704 542 3774 bipartito;
575 3704 784 3759 tertiam
806 3746 822 3771 ,
847 3704 923 3759 De
950 3703 1231 3774 promissis
1257 3712 1311 3758 et
1336 3702 1511 3774 Lege;
1537 3718 1694 3772 quar-

156 3798 264 3860 tam,
291 3795 355 3851 De
380 3797 559 3868 specie
585 3807 638 3851 et
663 3810 884 3867 genere;
918 3794 1153 3865 quintam
1173 3835 1187 3860 ,
1221 3794 1294 3849 De
1335 3793 1688 3864 temporibus;

157 3894 348 3951 sextam,
373 3888 442 3943 De
468 3887 935 3958 recapitulatione;
963 3886 1241 3956 septimam
1260 3927 1277 3952 ,
1308 3885 1379 3940 De
1408 3885 1620 3941 diabolo
1639 3893 1694 3940 et

160 3975 249 4041 ejus
280 3992 507 4050 corpore.
536 3978 669 4045 Quae
697 3976 909 4048 quidem
945 3976 1292 4031 Considerata:
1312 4016 1327 4040 ,
1350 3976 1486 4030 sicut
1512 3976 1578 4031 ab
1604 3976 1692 4031 illo

158 4070 429 4137 aperiuntur,
457 4086 571 4126 non
599 4084 783 4140 parum
810 4068 1059 4137 adiuvant
1101 4066 1168 4122 ad
1210 4066 1534 4137 penetranda
1572 4081 1691 4137 quae

160 4163 265 4210 tecta
290 4170 397 4215 sunt
421 4161 727 4216 divinorum
766 4159 1095 4229 eloquiorum
1127 4175 1139 4211 :
1168 4172 1268 4213 nec
1309 4166 1483 4212 tamen
1513 4159 1692 4213 omnia

161 4263 252 4317 qua
286 4252 347 4307 ita
383 4256 580 4324 scripta
609 4262 734 4309 sunt
763 4263 819 4307 ut
846 4267 951 4307 non
979 4251 1128 4306 facile
1157 4251 1531 4320 intelligantur,
1563 4265 1690 4321 pos-

164 4350 257 4395 sunt
277 4343 348 4398 his
370 4346 567 4417 regulis
594 4344 853 4409 inveniri,
903 4342 998 4397 sed
1045 4342 1163 4396 aliis
1203 4342 1375 4396 modis
1422 4342 1687 4411 pluribus,

163 4446 264 4499 quos
288 4435 377 4492 hoc
398 4454 622 4494 numero
650 4436 954 4508 septenario
996 4450 1161 4506 usque
1188 4434 1321 4489 adeo
1342 4450 1448 4489 non
1473 4444 1556 4491 est
1591 4435 1691 4490 iste

168 4527 437 4598 complexus,
453 4539 513 4585 ut
534 4528 673 4583 idem
690 4528 803 4597 ipse
820 4527 981 4580 multa
1002 4534 1231 4595 exponat
1246 4526 1487 4588 obscura,
1507 4526 1557 4579 in
1576 4526 1693 4596 qui-

164 4608 237 4667 bus
257 4614 416 4675 harum
452 4621 759 4691 regularum
799 4616 1013 4672 adhibet
1045 4616 1241 4670 nullam
1261 4657 1276 4682 ,
1304 4617 1552 4685 quoniam
1592 4633 1691 4673 nec

167 4713 267 4769 opus
287 4717 376 4762 est.
415 4710 598 4780 Neque
633 4710 774 4765 enim
811 4706 1008 4777 aliquid
1049 4706 1154 4761 illic
1196 4706 1298 4760 tale
1326 4717 1565 4760 versatur
1599 4716 1692 4763 aut

167 4798 385 4868 (tutntur,
413 4804 549 4857 sicut
576 4802 627 4856 in
658 4799 974 4870 Apocalypsi
1013 4797 1233 4853 Joannis
1259 4796 1479 4866 quaerit,
1507 4812 1691 4867 quem-

168 4886 395 4949 admodum
414 4894 738 4964 intelligendi
760 4894 867 4947 sint
892 4891 1064 4961 angeli
1085 4890 1440 4945 Ecclesiarum
1462 4900 1686 4960 septem,

169 4980 315 5045 quibus
337 4988 561 5043 scribere
583 4987 819 5056 jubetur,
842 4995 897 5039 et
918 4984 1263 5038 ratiocinatur
1305 4983 1684 5053 multipliciter,

169 5072 277 5125 013d
299 5073 387 5132 hoc
412 5079 650 5148 pervenit
678 5085 737 5130 ut
774 5077 914 5145 ipsos
949 5075 1164 5145 angelos
1202 5074 1553 5144 intelligamus
1584 5074 1688 5129 Ec-

170 5160 316 5222 deiias
332 5168 501 5243 (Apoc.
529 5187 580 5235 ι,
611 5170 723 5239 20).
747 5167 804 5223 ltt
829 5183 930 5238 qua
950 5167 1311 5238 copiosissima
1335 5166 1690 5235 diSputatione

172 5254 269 5310 nihil
294 5259 490 5317 istarum
520 5273 603 5317 est
629 5260 947 5330 regularum,
977 5268 1030 5313 et
1056 5258 1233 5328 utique
1260 5272 1349 5312 res
1378 5257 1482 5311 illic
1508 5256 1691 5311 obscu-

175 5343 630 5423 rissimaquaeritur;
658 5351 799 5425 quod
836 5351 1063 5422 exempli
1107 5351 1271 5421 gratia
1320 5350 1445 5404 satis
1488 5350 1689 5404 dictum

178 5434 383 5498 sitzuatn
426 5447 674 5516 colligere
722 5445 930 5510 omnia,
976 5444 1131 5497 nimis
1175 5443 1387 5512 Iungunt
1430 5450 1486 5496 et
1533 5441 1689 5498 nimis

177 5538 398 5595 ονθτωιιιιι
439 5548 556 5607 est,
600 5554 718 5609 quae
760 5538 831 5592 ita
874 5538 1096 5592 obscura
1138 5542 1261 5589 sunt
1307 5535 1359 5588 in
1406 5533 1692 5604 Scripturis

176 5625 413 5695 mimicis,
429 5639 483 5685 ut
511 5630 638 5685 nihil
658 5631 875 5684 istarum
897 5638 1098 5697 septem
1118 5627 1185 5681 ibi
1202 5626 1575 5697 requirendum
1597 5626 1685 5680 sit.

237 5768 282 5831 9
296 5768 436 5818 Exstat
450 5773 498 5820 in
514 5770 799 5820 Bibliotheca
816 5777 1018 5829 Patrum,
1044 5777 1157 5819 tom.
1180 5771 1257 5831 t5,
1282 5770 1398 5821 edit.
1426 5768 1585 5820 Colon.
1609 5782 1689 5821 an.

182 5815 297 5884 im:
314 5815 655 5895 mastigia;
665 5815 910 5893 ἷηῖῖϐῖῆξ
924 5815 1104 5880 iam:

1879 487 1970 541 45.
2010 484 2113 541 iste
2156 493 2331 541 autem
2365 500 2485 542 cum
2514 488 2609 543 has
2636 489 2779 545 velut
2806 490 3014 561 regulas
3042 471 3389 551 commenda-

1808 584 1923 645 ret,
1957 587 2161 633 tantum
2186 578 2266 634 eis
2292 578 2502 645 tribuit,
2533 581 2684 652 quasi
2708 582 2884 636 omnia
2914 597 3032 653 qua:
3058 584 3111 637 in
3137 582 3310 654 Lege,
3336 586 3405 640 id'

1807 681 1910 738 est,
1940 674 1993 728 in
2008 672 2202 728 divinis
2226 671 2401 729 Libris
2423 674 2648 730 obscure
2679 676 2851 745 posita
2878 675 3239 731 invenerimus
3258 718 3272 739 ,
3304 677 3387 733 his

1805 765 1946 822 bene
1966 765 2193 837 cognitis
2217 775 2376 838 atque
2402 765 2657 822 adhibitis
2677 768 2970 839 intelligere
3000 768 3287 824 valeamus.
3312 769 3389 825 Ita

1805 858 2002 929 quippe
2038 872 2263 914 exorsus
2297 868 2381 915 est
2416 859 2661 916 eumdem
2706 860 2898 915 librum
2938 870 2995 915 ut
3018 861 3253 917 diceret:
3284 860 3389 917 Ne-

1805 951 2075 1005 cessarium
2099 950 2224 1005 duxi
2241 960 2358 1006 ante
2384 952 2574 1017 omnia,
2602 967 2716 1023 qua:
2737 952 2861 1006 mihi
2895 952 3144 1012 videntur.
3166 953 3388 1007 libellum

1808 1042 2118 1114 Regularum
2146 1043 2381 1113 scribere,
2407 1054 2453 1099 et
2472 1054 2775 1101 secretorum
2799 1045 2947 1117 Legis
2972 1048 3127 1101 veluti
3152 1048 3313 1102 claues
3337 1058 3387 1102 et

1804 1134 2075 1189 luminaria
2087 1135 2351 1207 fabricare.
2377 1136 2510 1192 Sunt
2534 1139 2663 1192 enim
2680 1139 2914 1209 quwdam
2937 1140 3123 1209 regulte
3142 1140 3381 1211 mysticae,

1800 1242 1914 1298 qua:
1927 1228 2175 1284 universa:
2194 1228 2342 1301 Legis
2361 1247 2579 1286 recessus
2594 1232 2832 1298 obtinent,
2864 1241 2911 1286 et
2938 1233 3158 1287 veritatis
3184 1236 3386 1289 thesau-

1800 1333 1885 1371 ros
1905 1318 2154 1389 aliquibus
2174 1320 2444 1375 invisibiles
2460 1321 2673 1375 visibiles
2702 1323 2915 1393 faciunt.
2944 1322 3175 1388 Quarum
3192 1325 3233 1379 si
3254 1325 3386 1377 ratio

1799 1409 2090 1478 regularum
2113 1411 2222 1465 sine
2246 1412 2456 1478 invidia,
2487 1420 2541 1465 ut
2569 1412 3015 1480 communicamus,
3044 1423 3248 1484 accepta
3272 1415 3384 1483 fue-

1798 1501 1897 1565 rit;
1922 1501 2097 1555 clausa
2119 1518 2326 1573 quisque
2351 1502 2606 1572 pateﬁent,
2630 1512 2677 1557 et
2705 1504 2916 1557 obscura
2937 1503 3384 1569 dilucidabuntur;

1798 1600 1856 1645 ut
1874 1592 1984 1661 quis
2004 1592 2282 1663 prophetia:
2300 1594 2593 1647 immensam
2616 1594 2794 1648 silvam
2814 1594 3187 1666 perambulans,
3208 1596 3285 1650 his
3304 1612 3385 1650 re-

1796 1683 1931 1754 gulis
1948 1684 2313 1754 quodammodo
2334 1686 2459 1740 lucis
2477 1684 2759 1739 tramitibus
2778 1686 3019 1740 deductus
3038 1688 3100 1740 ab
3120 1702 3285 1741 errore
3303 1687 3385 1742 de-

1798 1776 2052 1846 fendatur.
2090 1776 2187 1833 Hic
2205 1779 2249 1833 si
2271 1777 2523 1845 dixisset,
2562 1776 2699 1833 Sunt
2738 1778 2879 1833 enim
2911 1778 3153 1848 quaedam
3188 1780 3384 1851 regulae

1797 1868 2057 1938 mysticae,
2086 1882 2205 1937 quae
2239 1868 2525 1923 nonnullos
2552 1867 2705 1939 Legis
2726 1882 2968 1923 recessus
2996 1868 3263 1933 obtinent,
3291 1879 3386 1925 aut

1796 1964 1963 2024 certe,
1976 1972 2095 2027 quae
2114 1956 2272 2028 Legis
2292 1974 2511 2029 magnos
2528 1974 2772 2014 recessus
2788 1959 3030 2013 obtinent
3047 1974 3062 2024 ;
3082 1974 3186 2013 non
3202 1970 3382 2014 autem

1797 2047 1938 2118 quod
1976 2048 2083 2115 ait,
2111 2049 2357 2104 universa:
2394 2048 2544 2121 Legis
2589 2066 2813 2104 recessus
2849 2065 2869 2104 :
2911 2064 3083 2121 neque
3126 2049 3380 2116 dixisset,

1797 2136 1985 2193 Clausa
2020 2154 2227 2211 quisque
2262 2140 2520 2211 pateﬁent,
2545 2140 2637 2195 sed
2657 2182 2673 2207 ,
2696 2140 2873 2195 clausa
2901 2141 3063 2194 multa
3092 2139 3375 2211 patefient;

1795 2244 1982 2285 verum
2018 2229 2275 2295 dixisset,
2306 2247 2406 2286 nec
2442 2239 2550 2285 tam
2593 2230 2864 2286 elaborato
2904 2239 3062 2301 atque
3093 2230 3205 2285 utili
3231 2231 3382 2299 operi

1795 2333 1894 2376 suo
1924 2320 2199 2392 plusquam
2221 2336 2307 2377 res
2327 2323 2437 2393 ipsa
2465 2320 2697 2392 postulat
2719 2320 2914 2386 dando,
2939 2321 2994 2375 in
3018 2336 3166 2391 spem
3194 2320 3381 2375 falsam

1796 2413 2050 2470 lectorem
2077 2415 2192 2486 ejus
2214 2416 2646 2486 cognitoremque
2681 2415 2930 2470 misisset.
2968 2413 3121 2481 Quod
3148 2413 3268 2469 ideo
3292 2413 3381 2469 di-

1797 2505 2023 2561 cendum
2078 2506 2295 2576 putavi,
2342 2517 2399 2560 ut
2451 2506 2588 2561 liber
2633 2506 2747 2577 ipse
2799 2514 2854 2561 et
2889 2504 3147 2576 legatura
3180 2505 3383 2561 studio-

1794 2597 1899 2661 sis,
1952 2598 2075 2668 quia
2129 2598 2410 2667 plurimum
2450 2597 2665 2667 adjuvat
2718 2596 2784 2651 ad
2838 2595 3139 2667 Scripturas
3182 2595 3382 2652 intelli-

1795 2689 2015 2761 gendas,
2044 2698 2100 2745 et
2124 2705 2229 2745 non
2255 2689 2323 2745 de
2345 2690 2436 2744 illo
2461 2697 2706 2759 speretur
2732 2696 2937 2744 tantum
2977 2698 3232 2759 quantum
3271 2704 3381 2745 non

1795 2781 1977 2837 habet.
2006 2780 2172 2837 Caute
2197 2795 2327 2836 sane
2355 2779 2610 2850 legendus
2637 2787 2752 2845 est,
2795 2794 2903 2834 non
2947 2780 3116 2835 solum
3162 2790 3381 2850 propter

1796 2874 2039 2945 quaedam
2065 2873 2118 2927 in
2149 2872 2339 2943 quibus
2367 2881 2423 2927 ut
2448 2871 2609 2927 homo
2629 2872 2860 2938 erravit;
2884 2870 2977 2927 sed
3004 2872 3231 2927 maxime
3251 2886 3378 2942 pro-

1796 2975 1916 3038 pter
1944 2966 2030 3021 illa
2059 2981 2176 3036 qua:
2205 2966 2345 3021 sicut
2372 2964 2639 3019 donatista
2661 2962 2945 3019 haereticus
2972 2963 3222 3033 loquitur.
3241 2962 3380 3029 Quid

1797 3067 1974 3113 autem
2002 3057 2229 3113 doceant
2254 3057 2340 3112 vel
2377 3056 2698 3112 admoneant
2738 3057 2854 3113 istae
2891 3064 3098 3126 septem
3146 3056 3379 3127 regulae,

1798 3148 2032 3204 breviter
2056 3147 2356 3205 ostendam.

1962 3241 2190 3300 CAPUT
2223 3239 2412 3297 XXXl.
2442 3270 2515 3283 —
2542 3238 2740 3313 Regula
2758 3241 2923 3313 prima
2960 3240 3212 3296 Tichonii.

1866 3336 1957 3392 Η.
1990 3335 2167 3391 Prima
2192 3334 2260 3389 de
2302 3333 2527 3389 Domino
2549 3344 2604 3389 et
2630 3336 2748 3404 ejus
2774 3348 3001 3403 corpore
3038 3343 3148 3399 est;
3197 3334 3249 3387 in
3278 3348 3385 3404 qua

1798 3426 2030 3483 scientes
2081 3424 2364 3496 aliquando
2391 3424 2580 3495 capitis
2609 3435 2663 3478 et
2691 3425 2950 3495 corporis,
2980 3423 3031 3478 id
3060 3432 3161 3489 est,
3184 3422 3385 3479 Christi

1799 3527 1855 3573 et
1884 3517 2138 3573 Ecclesiae
2186 3531 2344 3571 unam
2388 3530 2668 3586 personam
2715 3514 2873 3569 nobis
2918 3514 3150 3569 intimari
3190 3513 3385 3587 (neque

1798 3612 1942 3667 enim
1975 3610 2167 3666 frustra
2189 3610 2389 3666 dictum
2412 3619 2495 3663 est
2521 3607 2784 3673 ﬁdelibus,
2816 3606 2951 3678 Ergo
2976 3606 3193 3660 Abrahae
3216 3623 3386 3661 semen

1801 3705 1920 3760 estis
1960 3701 2153 3776 [Galat.
2192 3717 2269 3767 Ill,
2310 3698 2429 3772 29],
2457 3714 2579 3753 cum
2613 3698 2683 3753 sit
2729 3714 2891 3751 unum
2922 3712 3101 3752 semen
3131 3698 3380 3763 Abrahae,

1798 3793 1940 3865 quod
1979 3801 2063 3848 est
2103 3791 2393 3861 Christus),
2425 3806 2531 3847 non
2560 3789 2864 3843 haesitemus
2907 3786 3168 3859 quandoa
3207 3788 3383 3857 capite

1798 3884 1866 3939 ad
1890 3898 2105 3952 corpus,
2129 3882 2215 3937 vel
2242 3897 2271 3937 a
2300 3895 2525 3953 corpore
2556 3880 2809 3935 transitur
2834 3879 2899 3934 ad
2924 3889 3099 3950 caput,
3128 3888 3183 3935 et
3204 3888 3382 3936 tamen

1798 3995 1906 4034 non
1935 3977 2201 4034 receditur
2226 3977 2293 4031 ab
2312 3991 2415 4030 una
2454 3975 2742 4045 eademque
2783 3988 3027 4045 persona.
3074 3973 3187 4030 Una
3240 3974 3383 4028 enim

1801 4086 2025 4143 persona
2073 4070 2304 4141 loquitur
2350 4068 2552 4135 dicens,
2581 4068 2709 4122 sicut
2751 4082 2934 4138 sponso
2973 4066 3208 4137 imposuit
3258 4064 3384 4119 mihi

1799 4165 2021 4229 mitram,
2054 4171 2100 4215 et
2118 4162 2245 4215 sicut
2272 4176 2508 4231 sponsam
2543 4160 2736 4213 ornavit
2775 4175 2853 4212 me
2886 4160 3218 4226 ornamento(
3251 4156 3379 4213 lsai.

1801 4271 1914 4322 ut,
1942 4254 2067 4325 10);
2100 4263 2151 4307 et
2172 4261 2349 4307 tamen
2387 4252 2511 4321 quid
2540 4250 2727 4304 horum
2762 4249 2987 4303 duorum
3036 4250 3214 4319 capiti,
3254 4249 3383 4319 quid

1798 4346 2032 4416 corpori,
2063 4344 2113 4399 id
2135 4352 2237 4409 est,
2260 4342 2386 4413 quid
2403 4344 2634 4410 Christo,
2659 4342 2783 4413 quid
2805 4342 3059 4397 Ecclesia:
3074 4342 3375 4411 conveniat,

1799 4440 1982 4510 utique
2011 4436 2405 4507 intelligendum
2437 4445 2540 4491 est.

1938 4528 2161 4584 CAPUT
2189 4526 2404 4581 XXXII.
2426 4555 2497 4566 -—
2521 4526 2718 4598 Regula
2741 4526 2959 4579 secunda
2989 4525 3236 4583 Tichonii.

1869 4620 2111 4676 Secunda
2139 4630 2220 4674 est
2245 4618 2312 4674 de
2338 4620 2544 4674 Domini
2565 4634 2789 4689 corpore
2814 4618 3081 4689 bipartito,
3112 4620 3254 4691 quod
3270 4622 3379 4691 qui

1798 4712 1921 4769 dem
1949 4727 2056 4766 non
2079 4711 2147 4765 ita
2166 4710 2347 4765 debuit
2366 4710 2620 4780 appellari
2642 4728 2655 4771 ;
2677 4724 2780 4763 non
2804 4710 2944 4763 enim
2964 4726 3145 4765 revera
3170 4711 3378 4767 Domini

1796 4819 1990 4875 corpus
2022 4811 2122 4867 est,
2153 4801 2293 4873 quod
2334 4817 2454 4856 cum
2486 4800 2578 4855 illo
2607 4816 2711 4854 non
2738 4801 2835 4854 erit
2866 4802 2917 4854 in
2953 4808 3207 4855 aeternum
3238 4820 3251 4857 :
3284 4801 3380 4857 sed

1795 4895 2076 4951 dicendum
2096 4894 2208 4955 l'uit,
2225 4893 2298 4947 De
2312 4892 2517 4945 Domini
2536 4905 2758 4960 corpore
2776 4906 2903 4945 vero
2919 4900 3077 4961 atque
3090 4907 3235 4961 perm
3246 4894 3375 4957 ixto,

1795 4997 1905 5051 aut,
1936 5000 2062 5040 vero
2106 4994 2264 5053 atque
2302 4983 2571 5047 simulato,
2601 4982 2682 5036 vel
2712 4982 2836 5051 quid
2874 4983 3051 5047 aliud;
3100 4984 3220 5051 quia
3269 4997 3378 5036 non

1797 5077 1966 5131 solum
1994 5077 2044 5130 in
2070 5084 2349 5141 aeternum,
2379 5089 2562 5128 verum
2589 5073 2745 5128 etiam
2778 5090 2915 5127 nunc
2942 5073 3228 5143 hypocrita:
3267 5088 3378 5127 non

1797 5186 1915 5226 cum
1960 5170 2050 5224 illo
2078 5184 2199 5225 esse
2233 5168 2440 5223 dicendi
2472 5176 2613 5229 sunt,
2655 5170 2894 5238 quamvis
2925 5168 2975 5219 in
3002 5168 3117 5233 ejus
3141 5181 3258 5219 esse
3298 5166 3379 5220 vi-

1796 5264 2019 5319 deantur
2046 5260 2301 5317 Ecclesia.
2336 5259 2487 5315 Unde
2515 5269 2717 5330 poterat
2745 5261 2839 5313 ista
2868 5258 3048 5325 regula
3078 5266 3130 5311 et
3169 5258 3246 5313 sic
3282 5273 3377 5329 ap-

1800 5356 2005 5426 pellari,
2036 5366 2091 5409 ut
2116 5354 2382 5409 diceretur
2397 5353 2463 5407 de
2486 5354 2739 5421 permixta
2764 5350 3016 5403 Ecclesia.
3046 5348 3173 5417 Qtne
3197 5352 3372 5420 regula

1798 5448 2048 5502 IeCtorem
2077 5448 2379 5516 vigilantem
2426 5444 2663 5513 requirit.
2708 5440 2918 5512 quando
2956 5441 3225 5511 Scriptura
3256 5458 3376 5497 cum

1798 5539 1862 5594 ad
1899 5539 2029 5593 alios
2064 5538 2173 5607 jam
2220 5540 2482 5606 loquatur,
2504 5543 2749 5603 tanquam
2773 5534 2838 5587 ad
2860 5548 2954 5589 eos
2981 5534 3127 5604 ipsos
3151 5536 3215 5588 ad
3242 5551 3378 5605 quos

1797 5631 2131 5702 loquebatur,
2159 5630 2364 5683 videtur
2395 5627 2535 5696 loqui
2561 5645 2574 5690 ;
2608 5628 2690 5683 vel
2716 5629 2782 5682 de
2812 5628 2963 5698 ipsis,
2993 5643 3114 5684 cum
3148 5629 3214 5683 de
3257 5631 3378 5687 aliis

1792 5726 1901 5795 jam
1922 5726 2195 5794 loquatur;
2225 5733 2467 5791 tanquam
2494 5737 2655 5774 unum
2684 5723 2752 5777 sit
2781 5733 3121 5792 utrorumque
3157 5738 3373 5792 corpus,

1796 5826 2013 5888 propter
2053 5814 2391 5883 temporalem
2419 5813 2848 5871 commixtionem
2868 5824 2922 5869 et
2946 5812 3377 5869 communionem
