3874 6314
403 391 474 452 ετ,
1306 385 1390 439 nr.
1428 379 1769 438 onerum
1811 371 2251 442 CHRISTIANA,
2293 371 2350 428 s.
2395 369 2763 430 AUGUSTINI
3614 371 3681 433 st

403 515 888 568 Sacrarnentorum.
923 504 1004 561 Ad
1033 504 1133 559 hoc
1164 501 1391 574 pertinet
1418 501 1468 556 in
1495 496 1726 554 Cantlcis
1751 495 1986 551 cantico-

399 618 544 669 rum,
578 600 747 656 Fusco
772 615 881 655 sum
922 607 969 655 et
999 598 1222 672 speciosa
1261 603 1317 649 ut
1357 591 1679 649 tabernacula
1722 585 1905 656 Cedar,
1934 596 1991 642 ut

401 694 560 770 pelles
600 689 890 750 Salomonis
925 687 1094 763 (Cant.
1118 703 1156 745 ι.
1187 685 1264 760 5).
1291 682 1408 743 Non
1435 684 1576 740 enim
1606 682 1700 750 ait,
1730 672 1901 736 Fusca
1919 677 1993 735 lui

400 799 462 846 ut
495 783 833 844 tabernacula
863 782 1056 851 Cedar,
1085 790 1139 839 et
1163 780 1401 854 speciosa
1425 791 1542 835 sum
1573 783 1627 832 ut
1647 776 1816 848 pelles
1842 771 1995 830 Salo-

401 880 613 946 monis;
646 875 736 933 sed
767 888 1050 948 utrumque
1076 889 1136 932 se
1162 887 1282 930 esse
1307 870 1461 938 dixit,
1484 876 1701 942 prepter
1731 877 1995 936 tempora-

403 977 507 1030 lem
535 972 790 1029 unitalem
820 971 956 1028 intra
973 987 1074 1026 una
1095 969 1228 1026 retia
1259 967 1482 1040 piscium
1509 965 1773 1022 bonorum
1799 972 1854 1020 et
1877 977 1993 1018 ma-

402 1068 576 1121 iorum
611 1064 820 1140 (Matth.
851 1079 969 1132 xui,
999 1062 1114 1134 48).
1145 1059 1507 1119 Tabernacula
1545 1064 1687 1116 enim
1729 1055 1900 1114 Cedar
1926 1054 1996 1112 ad

402 1158 683 1214 lsmaelem
731 1157 1018 1227 pertinent,
1047 1153 1137 1226 qui
1167 1169 1272 1209 non
1297 1151 1398 1209 erit
1423 1151 1599 1206 ineres
1634 1163 1757 1206 eum
1793 1147 1900 1204 lilio
1928 1147 1993 1202 li-

403 1251 546 1306 hera:
573 1247 722 1322 (Gen.
743 1263 855 1313 xxi,
882 1246 968 1310 i0;
993 1243 1162 1302 Gatat.
1186 1259 1261 1313 IV,
1282 1242 1395 1314 30).
1425 1242 1606 1312 Itaque
1625 1255 1746 1296 cum
1773 1237 1841 1294 de
1855 1236 1995 1293 bona

407 1348 558 1412 parte
581 1339 721 1396 Deus
735 1338 896 1406 dicat,
924 1335 1118 1392 Ducam
1143 1351 1299 1391 caecos
1318 1335 1371 1388 in
1395 1334 1526 1388 viam
1542 1347 1692 1402 quam
1713 1345 1813 1385 non
1841 1343 1994 1383 nove-

409 1441 545 1498 runt,
577 1439 622 1486 et
639 1430 839 1486 semitas
861 1447 984 1501 quas
1009 1447 1110 1484 non
1141 1435 1384 1483 noverunt
1412 1425 1709 1490 calcabant;
1737 1431 1784 1479 et
1808 1421 1998 1495 faciam

408 1523 515 1579 illis
533 1521 761 1577 tenebras
789 1522 841 1576 in
871 1521 1052 1588 lucem,
1072 1530 1117 1575 et
1137 1537 1292 1592 prava
1314 1519 1364 1574 in
1391 1517 1637 1574 directum
1666 1533 1684 1572 :
1711 1516 1817 1571 hau:
1849 1514 1997 1570 verba

409 1617 617 1686 faciam,
655 1624 828 1668 etnon
868 1611 1211 1683 derelinquam
1237 1627 1320 1666 eos
1345 1627 1362 1664 :
1390 1626 1514 1665 mox
1564 1609 1631 1664 de
1666 1608 1770 1664 alia
1822 1613 1992 1678 parte,

408 1724 528 1780 quae
560 1706 698 1762 male
725 1705 984 1778 permixta
1005 1714 1105 1771 est,
1136 1703 1284 1772 dicit,
1313 1702 1425 1775 Ipsi
1446 1713 1614 1757 autem
1633 1701 1857 1757 conversi
1880 1709 2000 1756 sunt

406 1813 541 1858 retro
558 1799 712 1872 (Isai.
729 1817 858 1865 xui,
880 1799 966 1866 I6,
985 1796 1097 1871 i7),
1117 1796 1357 1870 quamvis
1384 1795 1473 1852 alii
1497 1795 1606 1867 jam
1637 1793 2001 1868 signiﬁcentur

411 1893 495 1949 his
525 1891 720 1948 verbis.
753 1889 857 1948 Sed
886 1892 1137 1963 quoniam
1168 1906 1308 1946 nunc
1347 1887 1399 1944 in
1441 1905 1546 1944 uno
1571 1897 1714 1954 sunt,
1749 1891 2000 1958 tanquam

413 1985 481 2042 de
532 1985 663 2055 ipsis
694 1981 927 2055 loquitur
952 1979 1019 2040 de
1040 1982 1233 2055 quibus
1280 1981 1591 2054 loquebatur
1622 1999 1633 2033 :
1666 1995 1772 2036 non
1821 1990 1997 2035 tamen

411 2092 623 2147 semper
674 2075 727 2132 in
781 2091 887 2131 uno
929 2083 1104 2131 erunt.
1154 2071 1274 2145 Ipse
1319 2082 1404 2129 est
1444 2074 1639 2145 quippe
1683 2070 1770 2128 ille
1815 2086 2001 2129 servus

412 2165 922 2223 commemoratusin
945 2165 1248 2238 Evangelio,
1268 2164 1418 2237 cujus
1437 2161 1684 2220 dominus
1700 2179 1820 2218 cum
1843 2179 2002 2218 vene-

410 2259 503 2326 rit,
529 2258 725 2315 dividet
751 2274 896 2323 eum,
929 2268 982 2316 et
1006 2267 1210 2331 partem
1230 2256 1343 2329 ejus
1366 2273 1485 2313 cum
1524 2253 1815 2328 hypocritis
1842 2263 2005 2326 ponet

419 2349 631 2423 (Matth.
663 2369 814 2420 xxw,
845 2352 959 2425 51)..

416 2444 640 2501 CAPUT
679 2441 919 2500 XXXIII.
942 2441 1230 2515 --Regula
1260 2444 1404 2497 tertia
1441 2439 1694 2497 Tichonii.
1747 2438 1897 2496 Liber
1942 2440 2006 2497 de

949 2535 1144 2608 Spiritu
1184 2545 1230 2589 et
1264 2533 1471 2589 Littera.

488 2629 577 2686 46.
627 2629 804 2684 Tertia
825 2629 1001 2700 regula
1044 2637 1128 2684 est
1155 2627 1222 2683 de
1266 2625 1550 2682 Promissis
1593 2637 1644 2682 et
1682 2625 1840 2697 Lege,
1885 2621 2006 2696 qua:

418 2724 523 2778 alio
558 2722 717 2778 modo
741 2722 844 2777 dici
876 2731 1048 2792 potest
1088 2721 1156 2776 de
1203 2721 1389 2791 spiritu
1415 2731 1469 2776 et
1495 2718 1690 2785 littera,
1729 2719 1864 2774 sicut
1909 2733 2006 2773 nos

418 2825 540 2866 eam
569 2809 970 2882 appellavimus,
998 2826 1119 2867 cum
1149 2810 1216 2865 de
1257 2809 1356 2864 hac
1399 2826 1456 2865 re
1499 2809 1692 2869 librum
1739 2807 2005 2863 scribere-

420 2917 541 2958 mus
564 2901 662 2974 (a).
697 2901 876 2958 Potest
918 2903 1078 2958 etiam
1126 2903 1203 2958 sic
1227 2900 1354 2968 dici,
1376 2901 1442 2956 de
1462 2901 1628 2972 gratia
1650 2909 1701 2956 et
1736 2897 2003 2955 mandato.

419 2995 545 3049 Haec
575 3003 749 3049 autem
790 2995 958 3066 magis
982 2994 1110 3048 mihi
1140 2993 1350 3049 videtur
1389 3010 1577 3065 magna
1604 2991 1827 3064 quzestio
1846 3009 2006 3063 quam

419 3090 625 3162 regula,
654 3106 772 3160 qua:
816 3090 1083 3145 solvendis
1124 3088 1504 3160 quaestionibus
1555 3087 1852 3144 adhibenda
1899 3096 2004 3143 est.

421 3182 548 3236 Ilaec
569 3192 649 3237 est
668 3198 825 3252 quam
854 3196 959 3236 non
996 3181 1348 3250 iutelligentes
1377 3179 1664 3250 Pelagiani,
1707 3179 1790 3234 vel
1817 3178 2006 3235 condi-

422 3277 614 3328 derunt
654 3287 802 3327 suam
844 3269 1110 3337 haeresim,
1139 3271 1223 3326 vel
1253 3279 1530 3326 auxerunt.
1562 3265 1844 3326 Laboravit
1864 3271 1917 3324 in
1944 3284 2007 3324 ea

421 3365 756 3422 dissolveuda
785 3365 800 3397 ί
825 3361 1110 3420 Tichonius
1135 3362 1294 3431 bene,
1331 3363 1424 3419 sed
1455 3377 1559 3417 non
1603 3359 1777 3432 plene.
1821 3363 2010 3434 Dispu-

424 3467 541 3511 tans
564 3456 704 3511 enim
734 3456 800 3512 de
826 3455 929 3511 tide
948 3464 1001 3512 et
1030 3456 1300 3526 operibus,
1329 3470 1488 3525 opera
1517 3454 1668 3510 nobis
1688 3453 1820 3511 dixit
1843 3471 1874 3510 a
1902 3452 2011 3512 Deo

421 3547 537 3604 dari
583 3547 773 3602 merito
800 3546 960 3611 tidei;
1004 3548 1172 3617 ipsam
1198 3563 1326 3603 vero
1357 3548 1512 3602 iidem
1530 3549 1606 3603 sic
1628 3562 1746 3603 esse
1774 3563 1804 3602 a
1834 3549 2007 3617 nobis,

424 3653 482 3697 ut
507 3641 657 3698 nobis
681 3657 787 3697 non
808 3643 926 3697 sita
953 3642 1080 3697 Deo.
1105 3641 1214 3696 Nec
1243 3641 1469 3698 attendit
1489 3641 1800 3710 Apostohnn
1828 3642 2010 3698 dicen-

423 3745 552 3800 tem,
587 3733 699 3788 Pax
726 3734 967 3805 fratribus
989 3743 1034 3789 et
1063 3733 1282 3788 charitas
1311 3751 1423 3787 cum
1463 3733 1563 3803 ﬁde
1582 3750 1613 3786 a
1637 3732 1743 3788 Dea
1776 3732 1930 3789 Patre
1965 3742 2012 3789 et

422 3823 642 3879 Domino
660 3823 786 3879 Jcsu
812 3822 1011 3879 Christo
1034 3823 1348 3897 (Ep/tes..\'t,
1375 3823 1489 3895 ‘25).
1520 3823 1622 3879 Sed
1651 3840 1754 3879 non
1780 3834 1896 3880 erat
1919 3840 2011 3880 ex-

423 3927 607 3990 pertus
647 3918 781 3971 hanc
834 3916 1116 3984 haeresim,
1149 3933 1268 3988 qua:
1306 3925 1490 3971 nostro
1526 3927 1763 3986 tempore
1803 3927 2008 3986 exorta,

423 4010 648 4065 multum
693 4023 810 4070 nos,
856 4017 913 4062 ut
938 4009 1162 4078 gratiam
1193 4008 1287 4063 Dei
1312 4023 1430 4078 quat
1465 4024 1558 4077 per
1603 4009 1883 4063 Dominum
1915 4024 2013 4063 no-

425 4111 594 4156 strnm
623 4100 804 4156 Jesum
825 4098 1093 4156 Christum
1129 4109 1233 4167 est,
1262 4100 1520 4156 adversus
1545 4116 1662 4155 eam
1699 4100 2011 4158 defendere-

425 4206 564 4255 mus,
615 4191 884 4256 exercuit;
913 4200 966 4246 et
984 4191 1271 4246 secundum
1319 4190 1370 4245 id
1405 4190 1547 4260 quod
1591 4192 1664 4245 ait
1705 4191 2007 4260 Apostolus,

430 4281 638 4355 Oportet
679 4285 890 4339 licereses
915 4299 1040 4350 esse,
1069 4293 1126 4337 ut
1150 4283 1346 4354 probati
1375 4283 1627 4351 vnanifesti
1648 4283 1774 4352 [iant
1799 4284 1851 4336 in
1877 4283 2012 4339 vobis

427 4373 485 4445 (l
513 4373 630 4429 Cor.
662 4391 734 4441 si,
769 4374 831 4430 I9
853 4371 894 4444 ),
921 4375 1087 4429 multo
1127 4375 1490 4445 vigilantiores
1523 4373 1989 4445 diligentiuresque

427 4465 674 4532 reddidit,
703 4475 758 4520 ut
782 4467 1181 4523 adverteremus
1207 4466 1259 4520 in
1291 4465 1581 4536 Scripturis
1621 4463 1838 4526 sanctis.
1869 4461 2012 4536 quod

428 4558 587 4612 istum
613 4557 926 4613 'I‘ichonium
951 4560 1126 4614 minus
1151 4568 1432 4625 attentum,
1458 4561 1740 4631 minuSque
1767 4561 1882 4616 sine
1910 4559 2011 4614 ho-

427 4659 509 4704 ste
535 4650 817 4704 sollicitum
848 4649 995 4720 fugit,
1021 4652 1178 4705 etiam
1196 4651 1364 4722 ipsam
1393 4652 1596 4707 scilicet
1630 4653 1784 4708 iidem
1814 4653 2011 4708 donum

429 4739 570 4796 illius
589 4755 706 4796 esse
726 4741 814 4810 qui
837 4742 951 4808 ejus
973 4756 1273 4797 mensuram
1293 4743 1574 4812 unicuique
1590 4745 1812 4813 partitur
1834 4744 2008 4817 (Rom.

428 4849 523 4893 xu.
546 4833 622 4905 5).
658 4833 732 4887 Ex
761 4849 864 4904 qua
892 4834 1151 4888 sententia
1191 4833 1506 4906 quibusdam
1533 4835 1730 4890 dictum
1772 4847 1874 4904 est,
1912 4836 2015 4892 Va-

324 4933 327 4935 ’
428 4926 504 4980 bis
527 4926 767 4980 donatum
793 4934 866 4980 est
889 4941 983 4995 pro
1009 4921 1230 4988 Christo,
1272 4942 1372 4980 non
1398 4926 1561 4980 solum
1588 4937 1642 4980 at
1674 4927 1726 4982 in
1751 4944 1862 4982 eum
1906 4943 2013 4982 cre-

429 5019 578 5079 datis,
609 5033 774 5070 verum
793 5017 940 5070 etiam
965 5026 1020 5069 ut
1048 5033 1139 5086 pro
1155 5033 1215 5070 ea
1235 4996 1495 5087 patiamini
1528 5019 1548 5092 (
1571 5017 1802 5089 Philipp.
1831 5037 1870 5087 ι,
1891 5018 2007 5091 29).

434 5108 583 5165 Unde
603 5111 720 5180 quis
745 5108 950 5164 dubitet
976 5119 1254 5178 utrumque
1284 5125 1402 5166 esse
1439 5109 1530 5166 Dei
1564 5111 1784 5180 donum,
1831 5115 1919 5184 qui
1947 5115 2012 5171 li-

432 5201 619 5255 deliter
646 5211 804 5270 atque
844 5200 1198 5272 intelligenter
1224 5200 1369 5258 audit
1399 5210 1680 5273 utrumque
1720 5204 2013 5262 donatum?

434 5287 588 5344 Plura
635 5302 756 5346 sunt
781 5301 833 5347 et
859 5293 958 5347 alia
1005 5292 1303 5347 testimonia
1342 5293 1530 5364 quibus
1573 5295 1626 5350 id
1666 5297 2007 5354 OSIenditur:

433 5383 529 5436 sed
549 5382 652 5437 hoc
681 5401 818 5440 nunc
839 5401 946 5440 non
967 5385 1202 5458 agimus;
1232 5385 1358 5443 alibi
1387 5395 1560 5443 autem
1589 5401 1747 5462 atque
1766 5390 1888 5447 alibi
1913 5407 2011 5450 sae-

434 5472 650 5542 pissime
680 5475 773 5528 ista
803 5479 1022 5547 egimus.
1237 5537 1242 5541 ,
1911 5523 1927 5538 .

576 5564 799 5622 CAPUT
822 5566 1058 5624 XXXIV.
1085 5601 1157 5612 -—
1183 5571 1380 5644 Regula
1415 5581 1595 5642 quarta
1621 5573 1867 5631 Tichanii.

503 5659 593 5713 47.
626 5659 824 5728 Quarta
849 5657 1090 5718 Tichonii
1115 5669 1293 5734 regula
1321 5665 1486 5722 estde
1518 5669 1695 5740 specie
1722 5679 1774 5726 et
1787 5685 2007 5742 genere.

499 5776 515 5807 ι
541 5781 648 5824 am.
673 5787 868 5836 navem,
892 5760 1216 5827 dissaatda.‘

494 5856 570 5918 (a)
588 5857 724 5906 Liber
745 5855 808 5907 de
826 5857 996 5920 Spiritu
1017 5867 1066 5908 et
1082 5860 1271 5908 Littera.

2097 492 2187 550 Sic
2211 490 2354 546 enim
2378 505 2496 547 eam
2521 499 2696 557 vocat,
2729 489 2914 548 volens
2944 487 3165 564 intelligi
3191 493 3421 566 speciem
3456 509 3540 567 pat
3556 507 3684 564 tem,

2097 597 2266 657 genus
2290 591 2469 641 autem
2493 593 2685 655 totum,
2711 583 2864 658 cujus
2889 597 2952 642 ea
2979 599 3104 658 pars
3127 595 3393 661 estquam
3422 602 3692 664 nuncupat

2099 678 2356 748 speciem,
2386 677 2524 734 sicut
2549 693 2878 750 unaquaeque
2901 679 3091 736 civitas
3110 695 3234 752 pars
3259 688 3343 738 est
3367 681 3549 756 utique
3567 684 3692 740 uni-
3764 746 3773 752 ,

2098 767 2367 826 versitatis
2405 771 2638 841 gentium
2668 786 2683 824 :
2712 768 2851 826 hanc
2884 765 2972 827 ille
3017 778 3174 829 vocat
3210 773 3474 845 speciem;
3522 787 3694 848 genus
3773 765 3780 772 ’

2099 869 2279 918 autem
2312 875 2499 917 omnes
2522 869 2727 934 gentes.
2758 859 2944 933 Neque
2969 860 3056 918 hic
3076 875 3138 919 ea
3163 861 3499 923 discernendi
3524 867 3542 899 ¹
3568 868 3698 926 sub-

2101 955 2264 1010 tilitas
2307 953 2604 1011 adhibenda
2625 963 2742 1024 est,
2776 969 2894 1027 quae
2923 969 2951 1010 a
2999 954 3289 1014 dialecticis
3332 959 3556 1017 traditur
3578 964 3695 1036 qui,

2102 1048 2244 1102 inter
2285 1057 2487 1119 partem
2519 1057 2570 1105 et
2595 1047 2828 1120 speciem
2858 1048 2986 1120 quid
3015 1049 3223 1106 intersit
3245 1051 3551 1112 acutissime
3585 1056 3702 1114 dis-

2102 1148 2309 1212 putant.
2358 1139 2560 1196 Eadem
2603 1142 2742 1198 ratio
2785 1149 2887 1211 est,
2916 1141 2962 1198 sl
2988 1157 3095 1199 non
3120 1142 3188 1200 de
3215 1159 3530 1219 unaquaque
3560 1148 3699 1206 civi-

2104 1243 2232 1299 tate,
2265 1231 2360 1290 sed
2384 1234 2450 1290 de
2477 1247 2792 1306 unaquaque
2822 1235 3092 1306 provincia
3120 1235 3202 1293 vel
3223 1247 3383 1309 gente
3404 1239 3490 1296 vel
3532 1253 3702 1313 regno
3767 1277 3776 1301 .-

2103 1326 2209 1381 tale
2230 1325 2428 1396 aliquid
2459 1326 2510 1381 in
2541 1326 2735 1382 divinis
2768 1328 3065 1398 reperiatur
3084 1327 3332 1401 eloquiis.
3375 1327 3491 1386 Non
3521 1333 3702 1389 solum

2104 1417 2270 1483 enim,
2303 1418 2454 1474 verbi
2481 1418 2666 1490 gratia,
2697 1417 2765 1474 de
2788 1417 3104 1487 Jerusalem,
3133 1418 3219 1476 vel
3259 1420 3326 1477 de
3361 1421 3535 1494 aliqua
3563 1439 3703 1496 gen-

2104 1507 2236 1564 tium
2265 1508 2496 1576 civitate,
2526 1510 2638 1566 sive
2664 1508 2829 1583 Tyro,
2854 1510 2966 1567 sive
2981 1511 3291 1584 Babylonia,
3316 1513 3428 1572 sive
3443 1515 3544 1570 alia
3564 1533 3704 1588 qua-

2105 1600 2237 1657 libet
2262 1600 2457 1658 dicitur
2481 1601 2680 1672 aliquid
2698 1603 2750 1657 in
2766 1601 3053 1674 Scripturis
3067 1604 3286 1672 sanctis,
3309 1603 3451 1676 quod
3481 1603 3704 1664 modum

2105 1692 2220 1762 ejus
2241 1692 2483 1759 excedat,
2507 1703 2560 1748 et
2584 1691 2865 1749 conveniat
2901 1693 3078 1764 potius
3115 1695 3365 1752 omnibus
3406 1697 3655 1770 gentibus
3687 1718 3703 1756 :

2107 1798 2293 1840 verum
2329 1786 2488 1840 etiam
2538 1783 2606 1841 de
2645 1784 2851 1853 Judaaa,
2883 1784 2950 1841 de
2979 1783 3230 1860 Acgypto,
3275 1785 3341 1844 de
3380 1789 3617 1864 Assyria,
3650 1799 3709 1848 et

2107 1890 2442 1948 quacumque
2465 1876 2565 1931 alia
2600 1886 2779 1948 gente,
2811 1875 2864 1933 in
2890 1892 2992 1948 qua
3015 1889 3140 1934 sunt
3167 1879 3407 1951 plurima:
3435 1882 3707 1952 civitates,

2108 1985 2217 2024 non
2240 1975 2420 2025 tamen
2453 1976 2595 2025 totus
2621 1969 2785 2036 orbis,
2815 1967 2906 2026 sed
2933 1985 3052 2041 pars
3073 1969 3188 2042 ejus
3212 1979 3316 2040 est,
3345 1972 3538 2030 dicitur
3556 1976 3710 2048 quod

2109 2071 2345 2118 transeat
2388 2061 2503 2134 ejus
2551 2062 2788 2129 modum,
2829 2072 2883 2118 et
2908 2072 3168 2136 congruat
3216 2067 3392 2137 potius
3431 2067 3709 2139 universo,

2108 2155 2260 2227 cujus
2299 2157 2412 2211 haec
2454 2170 2576 2227 pars
2613 2164 2722 2221 est;
2768 2156 2854 2212 vel
2897 2158 3034 2213 sicut
3072 2157 3171 2214 iste
3210 2159 3459 2232 appellat,
3495 2165 3710 2234 generi,

2110 2247 2261 2318 cujus
2291 2246 2407 2303 haec
2432 2247 2638 2318 species
2667 2257 2766 2303 est.
2792 2245 2943 2305 Unde
2961 2259 3012 2304 et
3036 2249 3089 2304 in
3112 2250 3354 2307 notitiam
3375 2254 3515 2325 vulgi
3543 2256 3714 2313 verba

2110 2339 2213 2394 ista
2242 2349 2520 2405 venerunt,
2548 2348 2608 2395 ut
2626 2339 2788 2395 etiam
2820 2327 2996 2395 idiota:
3030 2339 3328 2414 intelligant
3349 2344 3475 2416 quid
3498 2345 3714 2418 specia-

2110 2429 2253 2498 liter,
2279 2429 2404 2502 quid
2434 2430 2755 2502 generaliter
2780 2431 2834 2486 in
2863 2447 3194 2504 quocumque
3224 2445 3494 2508 praecepto
3532 2438 3717 2509 impe-

2111 2521 2230 2578 riali
2247 2523 2314 2577 sit
2332 2524 2698 2578 constitutum.
2722 2523 2804 2579 Fit
2821 2523 2922 2580 hoc
2943 2525 3104 2580 etiam
3126 2526 3192 2582 de
3210 2527 3548 2598 hominibus;
3573 2531 3720 2590 sicut

2113 2628 2175 2669 ea
2200 2629 2318 2684 qua:
2346 2614 2412 2669 de
2432 2615 2719 2670 Salomone
2739 2616 3005 2682 dicuntur,
3038 2618 3304 2674 excedunt
3331 2619 3446 2690 ejus
3466 2621 3715 2694 moduro,

2113 2711 2169 2758 et
2197 2704 2370 2773 potius
2396 2705 2463 2759 ad
2486 2703 2756 2760 Christum
2809 2707 2889 2761 vei
2924 2707 3238 2777 Ecclesiam,
3289 2709 3440 2783 cujus
3465 2711 3552 2768 ille
3584 2729 3720 2786 pars

2113 2802 2219 2861 est,
2249 2795 2417 2850 relata
2437 2794 2758 2851 clarescunt.

2184 2887 2272 2942 48.
2298 2887 2408 2942 Nec
2427 2889 2632 2958 species
2653 2905 2867 2961 semper
2907 2892 3212 2961 exceditur;
3245 2909 3390 2967 saepe
3415 2898 3558 2955 enim
3588 2902 3721 2958 talia

2114 2977 2365 3035 dicuntur
2393 2995 2510 3052 quae
2551 2981 2630 3037 vel
2659 2983 2706 3038 ei
2732 2999 2964 3056 quoque,
3006 2987 3092 3042 vel
3121 2988 3170 3045 ei
3201 2986 3432 3049 fortasse
3474 3001 3720 3051 tantum-

2114 3070 2276 3127 modo
2301 3073 2636 3141 apertissime
2655 3085 2948 3146 congruant
2973 3095 2984 3132 :
3009 3079 3103 3136 sed
3133 3097 3253 3138 cum
3282 3099 3310 3137 a
3338 3085 3522 3154 Specie
3537 3095 3721 3144 trans-

2115 3161 2223 3218 Itur
2250 3161 2316 3218 ad
2344 3179 2533 3235 genus,
2561 3167 2710 3236 quasi
2740 3167 2910 3224 adhuc
2953 3168 3020 3226 de
3062 3173 3242 3244 specie
3271 3174 3519 3248 loquente
3562 3176 3718 3234 Scri-

2115 3265 2292 3326 plura,
2326 3257 2398 3312 ibi
2437 3259 2660 3331 vigilare
2698 3259 2858 3317 debet
2885 3261 3100 3320 lectoris
3125 3266 3381 3336 intentio,
3413 3285 3481 3327 ne
3507 3281 3720 3342 quaerat

2114 3343 2173 3403 in
2207 3349 2384 3418 specie
2411 3350 2553 3421 quod
2594 3350 2646 3406 in
2673 3367 2870 3422 genere
2899 3362 3073 3426 potest
3099 3358 3290 3414 melius
3319 3370 3372 3416 et
3400 3361 3596 3417 certius
3627 3363 3718 3419 in-

2115 3441 2318 3497 venire.
2375 3441 2553 3499 Facile
2603 3445 2800 3516 quippe
2848 3458 2931 3504 est
2970 3449 3098 3505 illud
3141 3452 3282 3524 quod
3329 3454 3403 3509 ait
3446 3456 3718 3528 propheta

2102 3533 2382 3601 Ezechiel,
2436 3532 2630 3591 Domus
2669 3537 2836 3593 Israel
2878 3541 3118 3596 habitavit
3142 3545 3192 3598 in
3223 3555 3390 3615 terra,
3437 3559 3486 3603 et
3514 3550 3719 3622 pollue-

2116 3634 2236 3678 runt
2275 3623 2418 3680 illam
2460 3627 2514 3681 in
2559 3627 2638 3682 via
2666 3647 2779 3697 sua,
2837 3638 2883 3684 et
2929 3633 2982 3686 in
3002 3633 3152 3689 idolis
3196 3639 3336 3706 suis,
3393 3650 3442 3696 et
3494 3645 3717 3710 peccatis

2117 3715 2256 3781 suis;
2321 3719 2592 3774 secundum
2646 3719 3020 3778 immunditiam
3082 3739 3403 3786 menstruam
3447 3732 3583 3803 facta
3639 3747 3717 3792 est

2116 3805 2198 3860 via
2237 3823 2408 3861 eorum
2449 3817 2564 3864 ante
2601 3812 2779 3883 faciem
2830 3831 3014 3872 meam.
3054 3813 3121 3872 Et
3177 3818 3336 3888 e/Tudi
3372 3822 3500 3878 iram
3547 3843 3718 3882 meam

2116 3915 2269 3970 super
2310 3918 2412 3968 eas,
2457 3911 2504 3957 et
2547 3903 2761 3977 dispersi
2802 3905 2920 3962 illos
2942 3908 3073 3965 inter
3106 3914 3354 3981 nationes,
3395 3925 3440 3969 et
3478 3919 3720 3974 ventilavi

2118 4008 2202 4047 eos
2246 3993 2299 4047 in
2345 3995 2611 4066 regiones;
2674 3998 2948 4053 secundum
2991 4002 3095 4054 vias
3145 4019 3316 4057 eorum
3353 4015 3400 4058 et
3436 4009 3715 4064 secundum

2119 4093 2324 4156 peccata
2351 4102 2527 4140 eorum
2543 4087 2770 4160 judicavi
2793 4107 2876 4144 eos
2905 4089 3116 4161 (Ezech.
3158 4109 3350 4163 xxxvr,
3381 4097 3565 4170 I7-I9)
3592 4116 3606 4155 :
3636 4100 3718 4156 fa-

2118 4173 2221 4228 cile
2243 4183 2346 4241 cst,
2380 4176 2615 4247 inquam,
2667 4176 2770 4235 hoc
2812 4180 3108 4253 intelligere
3137 4183 3202 4238 de
3225 4185 3312 4240 illa
3335 4185 3494 4242 domo
3522 4187 3709 4257 Israel,

2117 4261 2186 4320 de
2204 4281 2308 4337 qua
2335 4267 2462 4323 dicit
2486 4271 2792 4340 Apostolus,
2830 4271 3007 4328 Videte
3028 4272 3193 4330 Israel
3220 4279 3492 4332 secundum
3507 4297 3714 4337 carnem

2118 4357 2161 4430 (I
2190 4358 2306 4414 Cor.
2339 4377 2394 4428 x,
2426 4360 2549 4436 18);
2577 4363 2698 4434 quia
2727 4362 2843 4421 haec
2863 4367 3038 4422 omnia
3059 4370 3288 4424 carnalis
3307 4372 3531 4442 populus
3551 4373 3713 4431 Israel

2119 4461 2172 4508 et
2193 4449 2334 4518 fecit,
2368 4462 2419 4510 et
2448 4471 2636 4527 passus
2664 4466 2768 4514 est.
2807 4459 2921 4514 Alia
2949 4460 3107 4516 etiam
3138 4478 3256 4534 qua:
3289 4473 3600 4535 sequuntur,
3631 4467 3712 4522 ei-

2117 4541 2240 4600 dem
2272 4545 2631 4619 intelliguntur
2657 4551 2852 4621 popqu
2887 4553 3174 4610 convenire
3201 4575 3214 4610 :
3248 4555 3343 4612 sed
3376 4571 3497 4613 cum
3523 4572 3711 4629 cmpe-

2119 4637 2188 4694 rit
2217 4636 2415 4705 dicere,
2439 4635 2508 4696 Et
2539 4641 2859 4711 sanctiﬁcaba
2903 4661 3082 4700 nomen
3111 4663 3275 4702 meum
3309 4659 3537 4705 sanctum
3579 4651 3710 4706 illud

2117 4747 2377 4803 magnum,
2421 4733 2554 4804 quod
2595 4734 2845 4804 pollutum
2881 4746 2954 4791 est
2991 4738 3118 4792 inter
3145 4741 3392 4807 nationes,
3422 4743 3557 4814 quod
3595 4742 3708 4816 pal-

2119 4823 2282 4878 luistis
2311 4825 2363 4878 in
2404 4826 2566 4880 medio
2591 4843 2794 4893 earum;
2823 4839 2869 4883 et
2903 4831 3060 4886 scient
3099 4843 3271 4903 gentes
3303 4836 3420 4905 quia
3462 4852 3552 4905 ego
3593 4852 3706 4890 sum

2118 4911 2405 4981 Dominus;
2425 4916 2534 4987 jam
2584 4919 2814 4975 intentus
2859 4921 3020 4977 debet
3057 4938 3196 4991 esse,
3225 4926 3315 4997 qui
3346 4926 3492 4999 legit,
3523 4945 3706 5000 quem-

2118 5007 2404 5063 admodum
2429 5010 2632 5079 species
2658 5011 2965 5080 excedatur,
2987 5023 3043 5070 et
3066 5015 3579 5090 adjungaturgenus.
3608 5021 3705 5079 Se-

2118 5101 2299 5173 quitur
2313 5103 2454 5158 enim
2485 5111 2540 5158 et
2562 5103 2690 5159 dicit
2710 5104 2805 5160 :Et
2829 5106 2952 5162 dum
2978 5111 3330 5180 sanctiﬁcabor
3347 5115 3401 5167 in
3431 5116 3566 5170 vobis
3590 5125 3705 5170 ante

2118 5195 2291 5249 oculos
2311 5211 2504 5260 eorum,
2527 5207 2573 5250 et
2595 5197 2843 5270 accipiam
2871 5216 2956 5256 vos
2971 5201 3034 5256 de
3057 5203 3306 5275 gentibus,
3324 5216 3371 5259 et
3395 5208 3701 5279 cangregabo

2118 5303 2204 5343 vos
2229 5304 2293 5342 ex
2311 5288 2541 5342 omnibus
2565 5291 2729 5358 terris,
2750 5303 2799 5346 et
2822 5292 3060 5349 inducam
3084 5311 3168 5349 vos
3196 5295 3249 5349 in
3261 5305 3446 5351 terram
3472 5308 3700 5363 vestram;

2117 5389 2166 5434 et
2202 5396 2467 5452 aspergunt
2493 5397 2579 5436 vos
2602 5398 2732 5452 aqua
2756 5385 2966 5452 munda,
2993 5395 3038 5440 et
3063 5387 3423 5444 mundabimini
3456 5392 3518 5444 ab
3543 5391 3702 5446 amni-

2116 5469 2208 5525 bus
2249 5470 2530 5526 simulacris
2574 5474 2766 5541 vestris,
2811 5486 2860 5531 et
2902 5477 3151 5534 mandabo
3186 5497 3273 5536 vos
3297 5496 3319 5536 :
3345 5492 3392 5538 et
3415 5480 3544 5536 dabo
3569 5482 3698 5537 vobis

2117 5581 2204 5621 car
2240 5583 2438 5633 novum,
2464 5576 2509 5622 et
2532 5565 2782 5639 Spiritum
2819 5586 2999 5626 navum
3039 5573 3168 5629 dabo
3195 5575 3248 5630 in
3268 5591 3384 5643 vos;
3407 5586 3452 5631 et
3474 5577 3699 5647 auferam

2117 5673 2204 5712 cor
2229 5657 2487 5729 lapideum
2502 5659 2565 5714 de
2581 5677 2731 5714 carne
2755 5674 2932 5731 vestra,
2963 5675 3011 5720 et
3033 5665 3160 5721 dabo
3179 5669 3315 5722 vobis
3337 5685 3425 5724 cor
3443 5685 3696 5737 corneum,

2116 5763 2164 5810 α
2187 5755 2438 5825 Spiritum
2461 5774 2625 5812 meum
2652 5759 2784 5814 dabo
2808 5761 2862 5814 in
2887 5777 2971 5816 vos
3003 5778 3021 5817 :
3049 5773 3096 5818 et
3121 5765 3305 5836 faciam
3331 5774 3389 5820 ut
3405 5765 3460 5821 in
3495 5765 3697 5836 futtilis)

2181 5869 2199 5900 ι
2226 5876 2327 5919 uss.
2355 5871 2598 5932 undecim,
2625 5870 2909 5924 disserendi.
