3874 6330
270 358 347 416 85

264 568 561 627 habitabilis
608 574 661 627 in
717 582 877 640 terra,
932 592 1082 648 quam
1123 580 1238 634 dedi
1282 581 1507 652 patribus

253 754 395 808 dabo
422 768 510 808 vos
529 761 599 809 ea!
618 754 847 810 omnibus
870 758 1199 817 immunditiis
1228 762 1436 842 vestris(
1461 764 1645 821 Ezech.
1672 782 1853 838 xxxvt,

246 845 476 916 25-29).
520 843 633 901 lloc
672 845 739 902 de
762 845 909 903 Novo
928 846 1270 909 TeStamento
1297 869 1415 912 esse
1456 858 1851 928 prophetatum,

253 936 325 990 ad
358 935 501 1007 quod
532 934 766 1007 pertinet
796 954 900 994 non
940 942 1111 997 solum
1140 960 1241 999 una
1272 961 1400 1018 gens
1428 947 1515 1002 illa
1539 948 1590 1004 in
1619 950 1854 1022 reliquiis

250 1029 390 1095 suis,
418 1045 488 1085 ne
523 1029 718 1100 quibus
757 1029 883 1089 alibi
929 1034 1183 1106 scriptum
1214 1046 1316 1107 est,
1351 1038 1413 1096 Si
1433 1041 1583 1114 fuerit
1613 1062 1852 1101 numerus

249 1120 479 1189 ﬁliorum
510 1120 675 1178 Israel
700 1124 829 1179 sicut
853 1140 1008 1182 arena
1054 1128 1227 1196 maris,
1275 1132 1499 1205 reliquid:
1539 1132 1695 1192 salva:
1729 1138 1850 1208 [ient

251 1212 273 1279 (
297 1210 424 1266 Isai.
449 1228 504 1279 χ,
536 1211 665 1286 22),
702 1228 879 1271 verum
900 1218 1058 1274 etiam
1105 1230 1311 1279 caetera:
1336 1234 1540 1296 gentes,
1584 1244 1700 1303 qua:
1724 1245 1846 1305 pro-

247 1304 433 1357 misszn
478 1315 605 1360 sunt
651 1307 888 1376 patribus
913 1324 1119 1379 eorum,
1165 1314 1253 1384 qui
1298 1317 1453 1371 etiam
1486 1320 1652 1374 nostri
1682 1304 1840 1389 sunt;

248 1409 359 1449 non
402 1394 624 1467 ambigit
652 1397 888 1469 quisquis
928 1402 1162 1459 intuetur
1186 1414 1238 1462 et
1263 1405 1526 1464 lavacrum
1557 1424 1840 1481 regenera-

241 1487 409 1541 tionis
432 1488 518 1542 hic
547 1504 666 1545 esse
690 1492 1029 1563 promissum,
1060 1494 1201 1566 quod
1228 1514 1368 1555 nunc
1394 1501 1636 1559 videmus
1672 1505 1843 1560 omni-

239 1577 347 1631 bus
375 1580 621 1647 gentibus
656 1582 917 1639 redditum
949 1603 962 1639 :
992 1596 1045 1641 et
1072 1584 1203 1644 illud
1246 1590 1387 1661 quod
1429 1592 1502 1647 ait
1529 1595 1836 1665 Apostolus,

239 1684 366 1724 cum
412 1666 551 1726 Novi
589 1670 918 1732 Testamenti
966 1678 1190 1750 gratiam
1236 1685 1653 1757 commendaret,
1701 1692 1838 1748 utin

234 1764 639 1833 comparatione
676 1765 881 1823 Veteris
933 1772 1213 1841 emineret,
1263 1776 1494 1843 Epistoltt
1542 1786 1713 1834 nostra
1751 1796 1836 1837 vos

232 1852 375 1918 estis,
412 1852 605 1923 scripta
651 1870 750 1910 non
781 1866 1080 1927 atramento,
1108 1865 1198 1918 sed
1226 1865 1423 1934 Spiritu
1457 1868 1553 1924 Dei
1582 1872 1705 1934 viri;
1734 1889 1835 1928 non

230 1942 289 1996 in
308 1944 495 1998 tabulis
520 1946 753 2029 lapideis,
783 1950 870 2001 sed
892 1950 944 2004 in
972 1952 1326 2010 tabuliscordis
1338 1958 1697 2030 carnalibuaﬂi
1714 1960 1829 2018 Cor.

228 2047 312 2098 ιιι,
334 2033 391 2100 2,
422 2036 500 2106 3),
525 2035 649 2091 hinc
664 2026 786 2093 esse
806 2042 1020 2110 respicit
1039 2051 1091 2098 et
1110 2048 1359 2115 perspicit
1384 2048 1597 2105 ductum
1623 2026 1707 2107 ubi
1730 2054 1831 2110 iste

226 2124 492 2194 prapbeta
515 2125 663 2195 dicit,
691 2126 760 2182 Et
788 2130 917 2185 dabo
950 2132 1086 2187 vobis
1123 2150 1209 2189 cor
1248 2155 1450 2205 novum,
1492 2149 1535 2193 et
1578 2141 1830 2211 Spiritum

224 2230 420 2269 novum
458 2216 590 2272 dabo
619 2219 670 2272 in
696 2234 818 2284 vos;
848 2231 893 2275 et
912 2225 1142 2295 auferam
1197 2242 1283 2281 cor
1309 2229 1559 2299 lapideum
1588 2234 1650 2287 dc
1677 2251 1828 2290 carne

221 2317 416 2373 vestra,
435 2318 484 2362 et
504 2309 634 2366 dabo
653 2310 790 2366 vobis
810 2328 897 2367 cor
919 2328 1174 2370 corneum.
1194 2317 1303 2373 Cor
1329 2322 1521 2391 quippe
1549 2339 1821 2395 corneum,

220 2397 371 2453 unde
397 2399 477 2453 ait
503 2401 808 2471 Apostolus,
848 2400 1033 2459 tabulis
1069 2409 1236 2463 cordia
1277 2413 1578 2475 carnalibus,
1608 2428 1637 2468 a
1663 2415 1824 2472 corde

220 2489 442 2559 lapideo
468 2492 635 2547 voluit
654 2492 761 2548 vita
787 2497 1050 2553 sentiente
1069 2498 1318 2567 discerni,
1342 2512 1395 2556 et
1417 2519 1512 2573 per
1532 2505 1690 2560 vitam
1710 2522 1823 2563 scn'

218 2582 453 2638 tientem
483 2583 801 2654 signiﬁcavit
842 2588 1242 2659 intelligentem.
1274 2592 1362 2649 Sic
1391 2593 1448 2648 lit
1475 2596 1634 2651 lsraci
1663 2599 1822 2667 spiri-

219 2673 408 2743 tuaiis,
439 2689 553 2729 non
580 2676 737 2731 unius
762 2677 956 2747 gentis,
998 2680 1092 2735 sed
1117 2684 1352 2739 omnium
1382 2701 1500 2755 quae
1546 2689 1819 2757 promissa:

214 2773 351 2819 sunt
378 2766 621 2834 patribus
643 2767 696 2821 in
719 2784 903 2823 eorum
932 2771 1153 2838 semine,
1188 2775 1329 2843 quod
1358 2784 1441 2830 est
1464 2775 1725 2836 Christus.

289 2854 383 2910 49.
408 2854 506 2909 llic
526 2872 653 2927 ergo
673 2857 832 2913 lsrael
850 2860 1143 2931 spiritualis
1161 2863 1229 2918 ab
1249 2865 1339 2921 illo
1364 2866 1561 2925 lsraeie
1585 2872 1809 2940 carnali,

213 2947 310 3018 qui
340 2955 427 3003 est
457 2949 611 3003 unius
633 2951 805 3020 gentis
825 2993 842 3020 ,
872 2953 1105 3010 novitate
1129 2957 1345 3027 gratiae,
1391 2973 1495 3015 non
1534 2960 1812 3022 nobilitate

213 3037 435 3106 patriae,
467 3046 522 3094 et
544 3048 723 3095 mente
746 3056 850 3096 non
876 3051 1034 3113 gente
1059 3045 1435 3118 distinguitur:
1464 3052 1557 3107 sed
1586 3054 1812 3112 altitudo

214 3128 538 3199 prapbetica
559 3130 685 3187 dum
709 3132 777 3188 de
805 3134 895 3188 illo
924 3136 1006 3190 vel
1036 3137 1102 3191 ad
1121 3139 1269 3193 illum
1300 3142 1550 3212 loquitur,
1584 3146 1811 3203 latenter

214 3220 413 3276 transit
443 3220 508 3275 ad
537 3220 711 3289 hunc;
739 3234 793 3279 et
818 3240 938 3279 cum
964 3227 1074 3295 jam
1104 3227 1173 3283 de
1192 3229 1295 3284 isto
1317 3234 1399 3287 vel
1430 3234 1496 3288 ad
1528 3236 1685 3292 istum
1726 3240 1808 3293 l0-

211 3319 438 3379 quatur.
469 3310 643 3385 adhuc
664 3313 730 3369 de
757 3314 847 3371 illo
877 3316 958 3371 vel
985 3317 1052 3371 ad
1083 3319 1230 3374 illum
1257 3322 1399 3392 loqui
1429 3325 1668 3396 videtur;
1700 3345 1804 3388 non

218 3400 557 3458 intellectum
588 3402 978 3475 Scripturarum
1003 3410 1157 3465 nobis
1185 3414 1334 3481 quasi
1365 3414 1625 3473 hostiliter
1664 3422 1802 3477 invi-

214 3491 359 3548 dens
383 3536 398 3560 ,
443 3494 537 3551 sed
564 3511 820 3555 exercens
842 3500 1229 3558 medicinaliter
1252 3516 1516 3563 nostrum.
1558 3511 1708 3569 Unde
1748 3525 1802 3572 et

210 3582 354 3639 illud
379 3586 519 3654 quod
558 3587 663 3652 ait,
698 3587 763 3641 Et
803 3590 1039 3648 inducam
1065 3610 1151 3649 vos
1175 3595 1227 3650 in
1257 3594 1441 3651 terram
1470 3612 1682 3657 vestram
1699 3620 1719 3670 ;
1746 3617 1801 3661 et

210 3674 380 3745 paulo
422 3688 560 3746 post,
605 3688 850 3750 tanquam
895 3682 1120 3753 idipsum
1166 3695 1444 3757 repetens,
1493 3691 1561 3746 Et
1598 3694 1797 3751 habita-

207 3765 334 3818 bili:
358 3806 372 3830 ,
432 3766 598 3837 inquit
619 3810 635 3835 ,
684 3771 735 3823 in
780 3782 915 3826 terra
956 3789 1106 3843 quam
1149 3775 1265 3831 dedi
1314 3781 1543 3849 patribus
1588 3788 1796 3853 vestris;

208 3871 327 3911 non
370 3859 651 3915 carnaliter
690 3861 823 3917 sicut
863 3865 1093 3923 carnalis
1135 3866 1329 3937 Israel,
1374 3873 1468 3928 sed
1513 3875 1796 3946 spirituali-

208 3957 302 4003 ter
329 3948 464 4003 sicut
484 3952 767 4021 Spiritualis
791 3955 1045 4015 debemus
1059 3961 1318 4032 accipere.
1344 3965 1578 4024 Ecclesia
1599 3972 1795 4043 quippe

206 4040 335 4094 sine
387 4042 592 4097 macula
634 4052 685 4100 et
734 4061 861 4116 ruga
906 4047 1128 4121 (Ep/tes.
1170 4067 1233 4117 ν,
1282 4054 1384 4127 ΞῚ)
1432 4071 1496 4112 ex
1548 4040 1792 4118 omnibus

203 4130 458 4197 gentibus
483 4145 817 4207 congregata,
841 4146 995 4209 atque
1017 4142 1069 4199 in
1090 4152 1349 4201 naternum
1371 4158 1651 4218 regnatura
1667 4167 1787 4208 cum

204 4220 461 4287 Christo,
503 4225 615 4293 ipsa
657 4236 739 4282 est
781 4236 917 4284 terra
958 4231 1268 4301 beatorum,
1314 4245 1455 4295 terra
1502 4241 1789 4301 viventium

206 4308 385 4379 (Psal.
420 4328 565 4381 sxw,
596 4316 711 4387 15);
757 4318 869 4389 ipsa
895 4321 1235 4393 intelligenda
1272 4336 1354 4385 est
1384 4331 1621 4401 patribus
1641 4333 1783 4401 data,

204 4403 425 4471 quando
451 4407 527 4460 eis
556 4418 698 4462 certa
726 4419 781 4467 et
801 4411 1216 4472 incommutabili
1249 4419 1343 4475 Dei
1365 4423 1635 4483 voluntate
1660 4440 1786 4497 prov-

204 4493 371 4546 missa
402 4503 485 4549 est
514 4514 526 4550 :
554 4501 799 4567 quoniam
842 4503 952 4573 ipsa
997 4508 1365 4575 promissionis
1386 4514 1470 4570 vel
1509 4493 1783 4585 prmdesti-

207 4585 446 4641 nationis
484 4588 733 4647 ﬁrmitate
754 4592 862 4662 jam
891 4594 1011 4652 data
1040 4608 1143 4667 est,
1173 4616 1291 4671 qua:
1317 4604 1491 4661 danda
1524 4623 1623 4667 suo
1647 4620 1782 4668 tem-

203 4691 337 4745 pore
361 4694 391 4731 a
421 4681 658 4751 patribus
683 4684 881 4741 credita
910 4696 1024 4757 est;
1063 4690 1203 4747 sicut
1230 4692 1297 4750 de
1321 4695 1434 4764 ipsa
1461 4700 1627 4768 gratia
1661 4719 1781 4773 qum

203 4767 408 4823 sanctis
436 4768 609 4838 datur,
634 4774 878 4830 scribens
906 4777 974 4832 ad
1002 4779 1334 4839 Timotheum
1364 4767 1650 4856 Apustolus
1679 4767 1777 4861 ait,

204 4856 331 4913 Non
357 4862 629 4917 secundum
657 4881 810 4937 opera
829 4880 1000 4925 nostra
1018 4912 1035 4938 ,
1075 4873 1165 4927 sed
1199 4877 1474 4932 secundum
1496 4897 1641 4936 suum
1662 4856 1780 4954 pro;

202 4952 424 5021 positum
450 4963 497 5010 et
527 4959 765 5028 gratiam,
794 4976 908 5032 quw
933 4962 1053 5018 data
1080 4975 1153 5023 est
1176 4968 1317 5023 nobis
1344 4970 1398 5025 in
1429 4968 1627 5027 Christo
1652 4952 1778 5030 .leau

198 5051 319 5098 ante
344 5046 531 5101 saecula
553 5057 763 5116 eterna,
789 5054 1106 5126 manifestata
1127 5067 1291 5113 autem
1317 5076 1450 5117 nunc
1473 5080 1563 5131 per
1586 5065 1774 5121 adven-

199 5143 307 5189 tum
352 5134 634 5194 Saluatoris
677 5144 836 5197 nostri
868 5143 930 5215 (ll
959 5143 1091 5200 Tim.
1120 5163 1159 5217 ι,
1190 5148 1245 5216 9,
1268 5148 1378 5224 l0).
1430 5152 1615 5210 Datam
1641 5156 1777 5217 dixit

195 5227 444 5295 gratiam,
467 5231 678 5300 quando
700 5247 801 5291 nec
816 5246 967 5293 erant
980 5236 1152 5294 adhuc
1169 5241 1357 5310 quibus
1370 5242 1615 5311 daretur;
1637 5262 1773 5317 quo-

200 5316 344 5374 niam
372 5318 425 5374 in
452 5318 798 5393 dispositione
822 5340 885 5382 ac
912 5328 1374 5397 prcedestinatione
1414 5336 1506 5390 Dei
1543 5316 1665 5407 jam
1692 5338 1771 5394 la-

200 5416 344 5464 etum
373 5421 488 5467 erat
511 5412 651 5483 quod
677 5426 775 5470 suo
803 5424 1042 5488 tempore
1070 5418 1300 5479 futurum
1332 5434 1465 5494 erat,
1498 5428 1636 5497 quod
1656 5430 1771 5501 ipse

199 5500 324 5559 dicit
354 5504 763 5563 manilestatum.
803 5506 1055 5581 Quamvis
1094 5512 1210 5570 haec
1242 5517 1445 5587 possint
1470 5500 1690 5592 intelligi
1716 5532 1770 5580 ct

198 5590 265 5647 tle
305 5598 447 5650 terra
483 5592 644 5656 futuri
676 5599 872 5669 sreculi,
905 5603 1116 5675 quando
1139 5606 1240 5660 erit
1264 5609 1453 5664 caelum
1493 5590 1687 5669 novum
1716 5624 1769 5671 ct

199 5689 336 5739 terra
362 5701 496 5743 nova
524 5685 707 5763 (Apoc.
735 5706 847 5761 nt,
874 5690 946 5766 l),
980 5695 1031 5750 in
1058 5710 1159 5765 qua
1187 5697 1366 5768 injusti
1399 5702 1633 5759 habitare
1659 5722 1764 5765 non

1573 366 1778 426 LlBER
1817 371 2126 433 TERTIUS.

261 476 393 534 meis
416 475 700 547 ambuletis,
732 481 983 557 etjudicia
1010 501 1117 542 mea
1141 489 1453 557 custodiatis,
1483 498 1528 544 cl
1549 491 1747 565 faciatis
1775 500 1861 550 :et

3472 414 3542 471 86

1969 509 2172 598 eorum,
2205 517 2323 575 quae
2353 506 2453 563 ulla
2482 526 2545 565 ex
2569 524 2715 584 parte
2743 533 2849 575 non
2876 522 2979 579 erit
3007 525 3322 600 impiorum;
3346 536 3467 609 quia
3487 546 3541 595 et

1550 585 1725 640 vestris
1740 604 1760 653 ;
1813 597 1860 641 et
1966 584 2079 654 ipsa
2105 590 2347 649 similiter
2374 596 2497 655 data
2523 613 2624 671 est,
2657 608 2868 676 quando
2895 612 3066 672 danda
3085 584 3427 683 'ﬁrmata'c‘st.

183 659 189 665 ’
256 661 401 719 eritis
418 662 547 716 mihi
562 663 613 717 in
644 666 904 735 papulum,
931 677 980 722 et
1001 686 1091 740 ego
1110 682 1195 725 cro
1216 673 1349 728 vobis
1365 674 1416 729 in
1436 672 1635 741 Deum;
1662 685 1706 731 et
1722 694 1860 735 mun-

2120 683 2347 744 CAPUT
2371 688 2588 747 XXXV.
2611 726 2680 735 —
2701 698 2895 770 Regula
2918 707 3090 776 quinta
3119 709 3365 773 Tichom‘i.

2033 772 2121 829 50.
2164 776 2413 844 Quintam
2452 782 2737 845 Tichonius
2775 772 3007 865 regulam
3049 802 3221 873 ponit,
3271 820 3430 879 quam
3460 809 3535 869 De

1962 868 2291 937 temporibus
2330 875 2587 945 appellat;
2631 894 2733 950 qua
2765 885 2942 954 regula
2975 868 3538 968 plerumque'inveniri

1959 956 2038 1011 vel
2065 959 2253 1031 conjici
2285 965 2451 1035 possit
2476 966 2643 1024 latens
2664 970 2716 1026 in
2735 956 3019 1049 Scripturis
3043 956 3239 1041 sanctis
3266 956 3536 1060 quantitas

1959 1053 2277 1120 temporum.
2306 1054 2518 1113 Duobus
2540 1068 2716 1117 autem
2748 1064 2917 1122 modis
2943 1070 3121 1143 vigere
3146 1053 3435 1139 dicit-hanc
3455 1097 3535 1141 reo

1952 1137 2164 1209 gulam;
2194 1152 2283 1201 aut
2319 1152 2470 1219 tropo
2496 1152 2851 1223 synecdoche,
2881 1170 2972 1214 aut
2998 1137 3248 1233 legitimis
3271 1173 3529 1231 numeris.

1952 1228 2158 1301 Tropus
2199 1239 2564 1309 synecdoche,
2610 1253 2699 1298 aut
2734 1261 2766 1301 a
2808 1259 2956 1322 parte
3004 1228 3207 1324 tolum,
3245 1268 3334 1314 aut
3361 1228 3532 1323 artoto

1953 1330 2153 1390 partem
2178 1323 2304 1381 facit
2330 1328 2548 1403 intelligi
2575 1351 2587 1386 :
2616 1334 2751 1392 sicut
2776 1353 2912 1394 unus
2936 1323 3254 1415 evangelista
3276 1362 3395 1423 post
3415 1354 3530 1413 dies

1950 1424 2071 1468 octo
2099 1413 2295 1473 factum
2326 1420 2474 1489 dicit,
2502 1426 2641 1495 quod
2658 1426 2792 1484 alius
2818 1440 2938 1503 post
2964 1413 3222 1509 dies-sex,
3244 1413 3453 1512 quando
3472 1447 3526 1502 in

1948 1515 2127 1563 monte
2142 1509 2415 1583 discipulis
2433 1526 2634 1574 tantum
2664 1521 2832 1578 tribus
2861 1528 3211 1598 praesentibus
3227 1509 3389 1593 facies
3417 1538 3524 1595 Do-

1944 1601 2071 1657 mini
2099 1602 2240 1660 fulsit
2268 1616 2325 1661 ut
2349 1610 2449 1676 sol,
2479 1620 2533 1666 et
2558 1616 2869 1673 vestimenta
2885 1619 2999 1690 ejus
3012 1623 3148 1681 sicut
3166 1626 3255 1685 nix
3286 1626 3521 1705 (Lucas,

1942 1690 2030 1760 28;
2051 1693 2235 1751 Matt/2.
2256 1714 2383 1767 xvn,
2404 1702 2521 1770 1,2;
2542 1702 2801 1775 Mart-.13,
2823 1710 3265 1791 1,2).Utrumque
3282 1690 3423 1778 enim
3438 1690 3522 1781 ve:

1944 1798 2059 1840 rum
2082 1800 2319 1844 essenon
2350 1804 2548 1863 posset,
2573 1797 2713 1866 quod
2743 1798 2810 1855 de
2834 1816 3055 1861 numero
3084 1804 3289 1863 dierum
3319 1810 3521 1871 dictum

1940 1887 2042 1947 est,
2066 1882 2165 1936 nisi
2185 1883 2271 1939 ille
2286 1887 2373 1957 qui
2391 1885 2542 1953 dixit,
2565 1901 2677 1961 post
2697 1890 2801 1948 dies
2821 1904 2950 1962 octo,
2974 1896 3295 1971 intelligatur
3311 1914 3516 1977 partem

1937 1973 2277 2029 novissimam
2305 1976 2409 2032 diei
2434 1994 2504 2034 ex
2530 1996 2632 2053 quo
2651 1983 2701 2037 id
2725 1983 2967 2042 Christus
2987 1990 3231 2061 prmdixit
3258 1973 3512 2068 futurum,

1936 2068 1989 2115 et
2016 2074 2219 2132 partem
2248 2067 2470 2137 primam
2500 2070 2603 2125 diei
2630 2088 2734 2144 quo
2762 2074 2813 2128 id
2838 2076 3069 2133 ostendit
3098 2080 3389 2156 impletum,
3418 2102 3515 2161 pro

1937 2157 2060 2210 totis
2095 2156 2281 2213 diebus
2308 2158 2511 2217 duobus
2544 2171 2703 2235 atque
2732 2166 2951 2239 integris
2977 2171 3254 2242 posuisse;
3300 2176 3345 2230 is
3387 2156 3513 2236 vero

1934 2245 2020 2316 qui
2052 2246 2211 2315 dixit,
2254 2261 2364 2321 post
2393 2252 2500 2307 dies
2526 2270 2633 2323 sex,
2667 2255 2903 2328 integros
2932 2275 3118 2319 omnes
3145 2271 3199 2319 et
3224 2272 3384 2336 totos,
3416 2270 3513 2329 sed

1932 2339 2075 2393 solos
2106 2339 2311 2398 medios
2341 2355 2698 2414 computasse.
2729 2348 2840 2404 Hoc
2863 2351 3023 2407 modo
3062 2353 3371 2424 locutionis,
3404 2376 3509 2432 quo

1931 2428 2258 2498 significatur
2278 2445 2305 2485 a
2329 2443 2479 2503 parte
2497 2441 2688 2507 totum,
2718 2440 2877 2494 etiam
2908 2442 2995 2496 illa
3026 2441 3092 2499 de
3117 2428 3509 2508 resurrectione

1927 2514 2122 2572 Christi
2147 2519 2372 2576 solvitur
2392 2525 2635 2593 quaestio.
2665 2527 2793 2583 Pars
2812 2530 2953 2586 enim
2974 2535 3257 2591 novissima
3281 2536 3387 2595 diei
3400 2556 3505 2613 quo

1927 2624 2115 2677 passus
2139 2612 2357 2677 est,nisi
2389 2630 2484 2684 pro
2514 2625 2625 2672 toto
2652 2617 2740 2676 die
2768 2624 3077 2693 accipiatur,
3107 2627 3157 2682 id
3185 2639 3287 2698 est,
3307 2612 3501 2703 adjun-

1925 2708 2007 2753 cta
2036 2698 2192 2754 etiam
2222 2711 2375 2757 nocte
2404 2706 2666 2774 prmtcrita
2692 2725 2707 2778 ;
2740 2720 2792 2766 et
2818 2726 2920 2767 nox
2951 2715 3003 2770 in
3031 2718 3181 2788 cujus
3207 2731 3355 2793 parte
3372 2698 3501 2783 vulti-

1922 2804 2009 2843 ma
2058 2793 2378 2860 resurrexit,
2419 2795 2520 2850 nisi
2562 2806 2702 2855 totus
2744 2799 2859 2857 dies
2900 2806 3208 2878 accipiatur,
3248 2813 3498 2889 adjuncto

1922 2881 2124 2939 scilicet
2151 2885 2235 2941 die
2265 2885 2603 2946 illucescente
2632 2891 2932 2964 dominico,
2975 2914 3079 2956 non
3120 2881 3340 2971 possunt
3378 2922 3497 2968 esse

1919 2981 2028 3028 tres
2049 2974 2163 3030 dies
2192 2986 2244 3031 et
2275 2985 2383 3032 tres
2411 2988 2611 3048 noctes,
2642 2984 2832 3054 quibus
2855 3002 2913 3044 se
2933 2989 2988 3044 in
3010 2991 3169 3050 corde
3187 3003 3339 3053 terrae
3359 3015 3495 3070 pra:-

1918 3062 2051 3117 dixit
2079 3063 2312 3120 futurum
2338 3066 2549 3138 (Matth.
2584 3087 2674 3141 xu,
2703 3072 2815 3148 40).

1986 3153 2074 3210 5i.
2116 3156 2403 3227 Legitimos
2423 3169 2600 3216 autem
2632 3179 2882 3223 numeros
2906 3164 3053 3239 dicit,
3085 3189 3219 3247 quos
3246 3181 3489 3239 eminen-

1914 3245 2020 3302 tius
2046 3246 2222 3303 divina
2248 3249 2518 3321 Scriptura
2544 3258 2903 3329 commendat,
2933 3264 3070 3319 sicut
3102 3245 3485 3343 septenarium,

1910 3339 1995 3392 vel
2037 3339 2315 3395 denarium
2341 3385 2356 3411 ,
2388 3344 2469 3399 vel
2500 3344 2880 3406 duodenarium
2903 3394 2916 3417 ,
2962 3364 3015 3410 et
3054 3358 3371 3434 quicumque
3398 3367 3488 3422 alii

1909 3439 2052 3495 sunt,
2085 3446 2219 3502 quos
2246 3434 2469 3505 legendo
2497 3439 2719 3495 studiosi
2750 3441 2977 3500 libenter
3009 3464 3319 3520 agnoscunt.
3361 3458 3484 3516 Ple-

1907 3538 2131 3594 rumque
2147 3526 2286 3581 enim
2310 3528 2609 3598 hujusmodi
2632 3537 2836 3591 numeri
2862 3554 2958 3608 pro
2977 3543 3222 3601 universo
3246 3558 3485 3621 tempore

1906 3626 2171 3687 ponuntur
2195 3640 2208 3675 :
2235 3622 2393 3689 sicut,
2420 3624 2616 3695 Septies
2636 3628 2687 3682 in
2707 3626 2789 3683 die
2808 3632 3023 3688 laudabo
3040 3644 3086 3690 te
3106 3636 3272 3711 (Psal.
3296 3654 3477 3713 cum,

1905 3707 2051 3779 164),
2082 3710 2211 3765 nihil
2241 3723 2323 3768 est
2347 3713 2487 3770 aliud
2512 3733 2690 3786 quam,
2722 3717 2934 3792 Semper
2954 3724 3066 3780 laus
3082 3707 3188 3799 ejus
3204 3732 3254 3785 ln
3270 3748 3356 3788 ore
3370 3707 3480 3791 meo

1905 3798 2076 3872 (Prol.
2113 3818 2306 3868 xxxm,
2335 3805 2415 3875 2).
2448 3806 2799 3865 Tantumdem
2829 3813 3004 3869 valent
3046 3798 3108 3872 et
3138 3834 3256 3874 cum
3297 3825 3479 3880 multi-

1900 3892 2180 3962 plicantur,
2212 3896 2324 3951 sive
2346 3912 2441 3968 per
2467 3897 2763 3968 denarium,
2798 3902 2933 3960 sicut
2958 3911 3283 3981 septuaginta
3308 3923 3362 3968 et
3388 3929 3477 3971 se-

1899 3986 2157 4055 ptingenti
2181 4004 2193 4048 :
2224 3989 2362 4043 unde
2391 3996 2614 4059 possunt
2642 4003 2693 4047 ct
2722 3998 3053 4068 septuaginta
3079 4000 3201 4057 anni
3226 3998 3472 4065 Ieremia:

1898 4074 2111 4145 (Jercm.
2142 4094 2277 4145 xxv,
2308 4080 2398 4149 ll)
2429 4097 2525 4150 pro
2558 4084 2809 4141 universo
2856 4094 3091 4161 tempore
3130 4095 3474 4165 spiritualiter

1895 4166 2082 4236 accipi,
2109 4182 2213 4237 quo
2231 4180 2311 4225 est
2324 4171 2463 4241 apud
2487 4174 2687 4230 alienos
2705 4177 2937 4234 Ecclesia
2963 4198 2976 4234 :
3000 4183 3111 4240 sive
3130 4201 3227 4258 per
3244 4193 3469 4262 seipsos,

1894 4256 2032 4311 sicut
2064 4256 2249 4313 decem
2290 4274 2385 4330 per
2417 4262 2600 4320 decem
2623 4308 2636 4332 ,
2682 4277 2893 4324 centum
2922 4281 3071 4339 sunt;
3114 4256 3167 4331 et
3190 4256 3468 4340 duodecim

1893 4362 1991 4417 per
2015 4347 2317 4417 duodecim,
2350 4362 2563 4408 centum
2591 4358 2936 4430 quadraginta
2957 4374 3213 4435 quatuor;
3244 4387 3349 4441 quo
3372 4391 3470 4431 nu-

1892 4452 2043 4493 mero
2067 4439 2393 4510 signiﬁcatur
2419 4446 2734 4504 universitas
2756 4460 3055 4511 sanctorum
3080 4459 3130 4512 in
3152 4439 3469 4538 Apocalypsi

1892 4527 2073 4601 (Apoc.
2095 4547 2187 4594 vn,
2210 4532 2290 4604 4).
2310 4535 2459 4591 Unde
2478 4550 2697 4609 apparet
2719 4557 2823 4598 non
2848 4546 2987 4601 solas
3004 4527 3298 4622 temporum
3322 4527 3467 4629 quin-

1889 4618 2089 4675 stiones
2114 4621 2229 4676 istis
2258 4626 2495 4681 numeris
2517 4642 2641 4685 esse
2661 4633 2961 4705 solvendas,
2981 4640 3073 4696 sed
3102 4618 3257 4701 latius
3285 4618 3464 4718 patere

1887 4709 2301 4779 signiﬁcationes
2328 4731 2532 4786 eorum,
2563 4732 2617 4777 et
2643 4723 2694 4778 in
2725 4727 2886 4782 multa
2915 4742 3247 4807 proserpere.
3280 4709 3461 4815 lieque

1887 4801 2028 4856 enim
2052 4818 2305 4862 numerus
2332 4808 2431 4864 iste
2454 4811 2506 4865 in
2535 4814 2849 4889 Apocain
2866 4820 2932 4875 ad
2950 4801 3185 4895 tcmpora
3211 4801 3457 4903 pertinet,

1884 4893 1979 4948 sed
2002 4894 2069 4948 ad
2100 4896 2359 4953 homines.

2042 4982 2268 5043 CAPUT
2298 4987 2536 5047 XXXVI.
2568 5023 2640 5037 —
2664 4996 2859 5071 Regula
2882 5014 3024 5060 sexta
3048 5006 3296 5065 Tichonii.

1954 5074 2042 5131 52.
2083 5076 2297 5171 sextam
2339 5085 2573 5153 regulam
2617 5088 2903 5151 Tichonius
2948 5098 3453 5171 Reeapituiationem

1882 5174 2069 5234 vocat,
2111 5167 2167 5223 in
2212 5171 2531 5232 obscuritate
2578 5177 2967 5251 Scripturarum
3008 5167 3134 5244 satis
3176 5192 3454 5264 vigilanter

1881 5254 2169 5315 inventam.
2198 5260 2287 5319 Sic
2308 5264 2450 5322 enim
2471 5267 2714 5327 dicuntur
2734 5276 2975 5345 quaedam
2996 5282 3141 5349 quasi
3166 5254 3453 5355 sentiantur

1880 5346 1933 5402 in
1960 5348 2145 5406 ordine
2173 5356 2458 5424 temporis,
2488 5361 2569 5417 vel
2595 5378 2770 5421 rerum
2796 5346 3194 5431 continuatione
3223 5346 3450 5436 narren-

1881 5446 1984 5505 tur,
2016 5455 2136 5498 cum
2160 5443 2225 5500 ad
2248 5447 2422 5515 priora
2447 5465 2564 5520 qua
2591 5457 2940 5522 praetermissa
2967 5459 3192 5531 fuerant,
3221 5467 3451 5528 latenter
