3874 6312
421 305 487 366 87
1297 304 1388 364 DE
1429 305 1770 364 DOCTRINA
1808 302 2246 374 CHRISTIANA,
2287 307 2346 366 S.
2387 306 2755 368 AUGUSTI!“
3629 322 3707 383 38

412 433 550 480 terra
577 441 722 480 omne
746 424 937 498 lignum
963 424 1272 498 speciosum,
1321 435 1368 480 et
1403 424 1589 481 bonum
1615 426 1669 480 in
1698 441 1899 488 escam;
1929 425 2001 480 ita

413 519 627 575 videtur
651 519 850 576 dictum
876 529 1122 590 tanquam
1155 519 1206 575 id
1231 518 1430 576 factum
1455 521 1526 575 sit
1548 530 1891 591 posteaquam
1918 518 2003 574 fa-

338 600 345 607 ’
412 621 560 670 ctum
579 613 754 685 posuit
771 613 912 669 Deus
932 613 1200 670 hominem
1227 613 1282 669 in
1306 613 1554 684 paradiso
1579 631 1591 667 :
1621 629 1742 669 cum
1773 615 2004 670 breviter

418 714 646 776 utroque
673 713 1124 772 commemorato,
1166 703 1220 760 id
1258 713 1362 770 est,
1382 704 1523 776 quod
1569 705 1825 775 plantavit
1862 705 2002 761 Deus

412 797 738 872 paradisum,
770 805 824 853 et
847 798 1023 868 posuit
1054 796 1124 853 ibi
1151 796 1419 854 hominem
1441 813 1598 868 quem
1618 796 1890 863 formavit,
1914 812 2002 854 re-

407 890 754 962 capitulando
778 890 963 946 redeat
991 898 1045 946 et
1063 889 1203 946 dicat
1228 891 1368 960 quod
1401 891 1832 962 prmtcrmiscrat,
1861 905 1998 962 quo-

408 981 574 1038 modo
593 981 796 1037 scilicet
819 982 1101 1052 paradisus
1122 981 1279 1038 fuerit
1299 983 1584 1053 plantatus,
1607 983 1728 1054 quia
1751 981 2000 1053 produxit

409 1075 553 1131 Deus
582 1075 756 1131 adhuc
789 1074 858 1133 de
899 1085 1035 1131 terra
1063 1090 1222 1131 omne
1265 1075 1468 1146 lignum
1495 1076 1795 1146 speciosum
1821 1083 1875 1130 et
1900 1075 1998 1130 bo-

411 1183 541 1222 num
578 1169 631 1223 in
662 1183 861 1224 escam.
891 1169 1130 1240 Denique
1155 1177 1366 1225 secutus
1393 1169 1668 1240 adjunxit:
1700 1168 1769 1222 Et
1803 1169 1996 1239 lignum

403 1259 522 1315 uiue
541 1260 594 1314 in
624 1259 787 1314 medio
816 1261 1063 1332 paradisi,
1101 1271 1149 1315 et
1179 1261 1370 1331 lignum
1397 1262 1617 1316 scientia:
1640 1260 1760 1316 boni
1785 1268 1832 1314 et
1849 1261 1993 1316 mali.

405 1349 610 1406 Deinde
630 1350 850 1420 flumen,
880 1366 985 1422 quo
1017 1351 1293 1422 paradisus
1320 1352 1650 1422 irrigaretur,
1680 1351 1904 1406 divisum
1938 1351 1994 1407 in

403 1451 634 1514 quatuor
656 1444 909 1513 principia
933 1443 1212 1499 fluviorum
1233 1453 1480 1514 quatuor,
1498 1443 1822 1514 explicatur;
1851 1443 1994 1516 quod

403 1543 572 1590 totum
620 1536 850 1605 pertinet
897 1535 964 1590 ad
1009 1536 1396 1591 institutionem
1441 1536 1692 1605 paradisi.
1723 1536 1876 1604 Quod
1904 1536 1992 1592 ubi

403 1628 727 1695 terminavit,
752 1628 999 1699 repetivit
1025 1629 1152 1683 illud
1181 1628 1322 1700 quod
1344 1628 1453 1699 jam
1480 1628 1705 1697 dixerat,
1728 1638 1781 1685 et
1803 1644 1993 1686 revera

399 1721 504 1776 hoc
531 1722 872 1792 sequebatur,
904 1732 1063 1793 atque
1089 1723 1162 1776 ait
1190 1739 1203 1773 :
1232 1721 1301 1776 Et
1328 1722 1543 1792 sumpsit
1576 1721 1825 1777 Dominus
1851 1722 1991 1777 Deus

401 1815 654 1869 hominem
681 1832 828 1886 quem
855 1816 1005 1884 ﬁnxit
1023 1859 1038 1884 ,
1067 1825 1114 1869 et
1144 1816 1314 1887 posuit
1338 1831 1451 1869 eum
1477 1815 1529 1868 in
1566 1815 1806 1885 paradiso
1834 1814 1985 1886 (Gen.

398 1923 461 1976 ιι,
488 1907 542 1973 8,
575 1906 654 1980 9),
685 1916 788 1963 etc.
823 1907 950 1963 Post
970 1908 1069 1961 ista
1099 1908 1242 1963 enim
1278 1906 1416 1962 facta
1449 1907 1518 1963 ibi
1549 1917 1630 1964 est
1657 1909 1859 1979 positus
1887 1908 1989 1965 ho-

398 2016 510 2068 mo,
533 2001 668 2056 sicut
695 2015 835 2055 nunc
857 2000 988 2056 ordo
1005 2001 1118 2072 ipse
1143 2000 1473 2056 demonstrat
1502 2020 1515 2054 :
1549 2015 1655 2056 non
1680 2011 1801 2071 post
1817 2001 1991 2056 homi-

397 2107 522 2147 nem
551 2092 620 2147 ibi
651 2095 882 2162 positum
914 2092 1048 2146 facta
1093 2101 1216 2147 sunt
1258 2093 1393 2160 ista,
1435 2093 1571 2148 sicut
1602 2093 1746 2162 prius
1787 2093 1988 2148 dictum

398 2187 574 2255 putari
605 2179 798 2256 potest,
835 2187 934 2241 nisi
962 2187 1328 2256 recapitulatio
1353 2186 1464 2241 illic
1488 2186 1770 2256 vigilanter
1795 2187 1989 2243 intelli-

395 2288 573 2348 gatur,
612 2294 713 2349 qua
742 2278 945 2334 reditur
969 2278 1035 2334 ad
1061 2293 1122 2333 ea
1150 2295 1268 2349 quae
1298 2279 1506 2334 fuerant
1534 2279 1913 2348 praetermissa.

470 2372 558 2426 55.
598 2369 839 2442 Itemque
863 2371 913 2426 in
941 2371 1132 2426 eodem
1165 2370 1321 2439 libro,
1352 2386 1472 2427 cum
1499 2384 1988 2426 commemoraren-

399 2471 486 2517 tur
521 2464 894 2533 generationes
940 2464 1168 2518 liliorum
1208 2462 1349 2531 Noe,
1387 2463 1587 2518 dictum
1628 2471 1708 2518 est
1745 2480 1760 2518 :
1790 2461 1861 2515 Hi
1890 2462 1988 2532 ﬁlii

399 2553 559 2609 Cham
584 2554 637 2607 in
666 2555 888 2608 tribubus
909 2555 1034 2622 suis,
1062 2556 1336 2609 secundum
1369 2555 1570 2627 linguas
1597 2571 1716 2608 suas
1744 2554 1796 2608 in
1821 2553 1990 2623 regio-

397 2649 545 2703 nibus
579 2649 683 2703 suis
713 2649 728 2680 ¹
757 2658 802 2702 et
829 2649 880 2702 in
909 2650 1136 2720 gentibus
1162 2651 1285 2705 suis.
1319 2649 1656 2705 Enumeratis
1681 2665 1891 2720 quoque
1921 2647 1986 2702 ﬁ-

400 2731 648 2795 liis‘Scm
691 2739 922 2794 dicitur:
955 2739 1026 2794 Hi
1074 2741 1170 2809 [itii
1214 2739 1336 2796 Sem
1392 2742 1446 2795 in
1475 2740 1700 2794 tribubus
1751 2739 1875 2804 suis,
1909 2756 1989 2794 se-

397 2830 619 2884 cundum
656 2822 860 2902 linguas
895 2848 1014 2886 suas
1058 2832 1111 2884 in
1151 2831 1438 2902 regionibus
1476 2832 1580 2886 suis
1608 2840 1655 2885 et
1679 2831 1732 2885 in
1758 2829 1987 2902 gentibus

397 2925 524 2979 suis.
575 2923 642 2977 Et
677 2925 977 2980 annectitur
1019 2923 1087 2978 de
1126 2923 1410 2978 omnibus:
1458 2922 1558 2979 Hie
1581 2923 1738 2977 tribus
1763 2923 1987 2991 ﬁliorum

399 3014 536 3083 Noe,
574 3016 845 3071 secundum
874 3016 1219 3086 generationes
1244 3031 1416 3070 eorum
1444 3024 1490 3069 et
1515 3013 1790 3069 secundum
1817 3023 1989 3086 gentes

398 3125 590 3165 eorum.
632 3109 708 3163 Ab
735 3109 812 3164 his
840 3108 1082 3180 dispersa:
1106 3117 1224 3162 sunt
1253 3108 1434 3163 insula:
1455 3109 1677 3179 gentium
1706 3123 1857 3178 super
1885 3117 1988 3163 ter-

396 3219 513 3258 ram
536 3212 646 3274 post
676 3203 937 3257 diluvium.
968 3201 1036 3255 Et
1059 3210 1166 3256 erat
1187 3203 1350 3256 omnis
1374 3211 1505 3256 terra
1531 3202 1723 3257 labium
1742 3219 1919 3269 unum,
1943 3212 1990 3258 et

397 3310 501 3350 non:
537 3310 643 3349 una
685 3293 914 3348 omnibus
953 3292 1060 3364 (Id.
1113 3309 1172 3361 ι,
1218 3291 1310 3360 20,
1337 3294 1425 3358 51,
1457 3292 1556 3361 52,
1584 3303 1631 3348 et
1658 3309 1733 3360 ιι,
1770 3293 1848 3366 1).
1881 3295 1992 3350 Hoc

398 3388 579 3460 itaque
606 3387 748 3459 quod
770 3387 1074 3458 adjunctum
1100 3396 1201 3454 est,
1231 3387 1298 3442 Et
1324 3397 1430 3442 erat
1455 3387 1617 3442 omnis
1641 3397 1776 3442 terra
1801 3389 1991 3443 lubium

401 3496 585 3547 unum,
613 3490 659 3535 et
685 3496 782 3535 vox
811 3497 913 3534 una
933 3479 1180 3546 omnibus,
1196 3479 1248 3535 id
1275 3489 1377 3545 est,
1399 3495 1501 3534 una
1520 3480 1700 3551 lingua
1729 3480 1988 3545 omnium,

403 3571 482 3628 ita
508 3571 708 3627 dictum
733 3569 944 3627 videtur
965 3580 1214 3642 tauquam
1239 3586 1304 3626 eo
1327 3570 1436 3642 jam
1470 3578 1733 3641 tempore,
1766 3585 1873 3643 quo
1899 3571 1992 3626 di-

409 3665 586 3735 spersi
614 3662 826 3719 fuerant
855 3679 1017 3734 super
1039 3673 1235 3718 terram
1277 3662 1436 3719 etiam
1464 3663 1758 3720 secundum
1789 3664 1992 3720 insulas

402 3757 664 3829 gentium,
701 3771 804 3812 una
832 3756 991 3812 fuerit
1019 3757 1268 3812 omnibus
1289 3757 1465 3828 lingua
1494 3756 1822 3821 communis;
1850 3756 1993 3826 quod

400 3851 591 3922 procul
615 3850 776 3905 dubio
791 3859 1050 3920 repugnat
1067 3849 1431 3920 superioribus
1451 3848 1649 3917 verbis,
1675 3848 1767 3904 ubi
1793 3849 1993 3905 dictum

402 3951 509 4012 est,
542 3942 610 3998 In
646 3942 871 3997 tribubus
910 3943 1016 3996 suis
1063 3943 1337 3998 secundum
1383 3943 1584 4015 linguas
1622 3959 1763 3999 suos.
1813 3943 1996 4015 Neque

403 4033 552 4090 enim
599 4032 904 4090 dicerentur
931 4033 1182 4090 habuisse
1217 4035 1328 4104 jam
1366 4035 1574 4104 linguas
1613 4049 1738 4090 suas
1775 4037 1996 4107 singulae

404 4125 619 4192 tribus,
666 4139 785 4196 quas
829 4134 1016 4196 gentes
1063 4126 1300 4195 singulas
1341 4125 1608 4191 fecerant,
1643 4127 1856 4197 quando
1881 4137 1998 4183 erat

408 4219 657 4277 omnibus
685 4233 790 4274 una
833 4217 1152 4274 communis.
1204 4221 1280 4275 Ac
1323 4234 1416 4290 per
1455 4221 1556 4275 hoc
1596 4221 1997 4291 recapitulando

406 4312 718 4383 adjunctum
741 4321 843 4378 est,
870 4310 936 4366 Et
960 4320 1067 4367 erat
1087 4315 1250 4366 omnis
1270 4321 1401 4366 terra
1425 4311 1614 4367 (obium
1634 4328 1810 4381 unum,
1835 4321 1883 4366 et
1901 4329 1998 4367 vox

407 4421 515 4459 una
541 4403 790 4470 omnibus,
825 4404 1052 4461 latenter
1069 4406 1368 4461 narratione
1397 4404 1678 4471 redeunte,
1707 4415 1766 4462 ut
1790 4404 1998 4462 dicere—

411 4505 500 4551 tur
527 4496 793 4565 quomodo
822 4495 1017 4552 factum
1047 4497 1138 4562 sit,
1178 4507 1236 4553 ut
1276 4513 1342 4554 ex
1387 4513 1491 4553 una
1533 4500 1772 4555 omnium
1819 4499 1996 4570 lingua

410 4587 614 4643 fuerint
649 4587 804 4642 divisi
847 4603 943 4657 per
982 4590 1215 4644 multas:
1244 4598 1300 4644 et
1331 4590 1584 4645 continuo
1621 4591 1688 4646 de
1716 4591 1807 4646 illa
1836 4591 1999 4646 turris

412 4681 767 4738 aediﬁcatione
794 4691 1071 4748 narratur,
1102 4684 1190 4739 ubi
1221 4683 1334 4739 hmc
1362 4684 1440 4738 eis
1460 4683 1662 4753 judicio
1695 4683 1876 4739 divino
1913 4685 1998 4739 in-

411 4783 564 4846 gesta
595 4783 677 4829 est
700 4788 857 4845 paena
883 4775 1180 4844 superbire;
1225 4784 1345 4846 post
1380 4774 1521 4846 quod
1549 4777 1740 4832 factum
1770 4775 1996 4847 dispersi

410 4875 535 4923 sunt
562 4880 724 4938 super
750 4876 947 4922 terram
973 4867 1262 4923 secundum
1294 4868 1499 4939 linguas
1517 4882 1660 4923 suas.

489 4962 579 5018 54.
621 4960 709 5016 Fit
737 4961 836 5016 iSta
867 4961 1232 5032 recapitulatio
1252 4962 1412 5017 etiam
1431 4961 1710 5017 obscurius
1737 4980 1750 5016 :
1783 4961 1921 5017 sicut
1941 4963 1996 5018 in

418 5053 708 5126 Evangelio
738 5053 996 5109 Dominus
1024 5053 1185 5124 dicit,
1217 5053 1315 5110 Die
1339 5071 1439 5124 quo
1464 5054 1583 5109 exiit
1612 5053 1746 5109 Loth
1771 5072 1802 5108 a
1832 5053 1998 5109 Sodo-

413 5146 534 5215 mis,
561 5146 690 5217 pluit
717 5146 887 5217 ignem
916 5146 979 5200 de
1003 5145 1146 5211 caelo,
1179 5153 1226 5200 et
1252 5147 1466 5216 perdidit
1490 5163 1662 5201 omnes
1681 5162 1701 5200 :
1725 5147 1997 5201 secundum

414 5237 526 5292 lucc
553 5239 645 5293 erit
669 5238 777 5293 dics
801 5237 928 5292 Filii
952 5238 1198 5304 hominis,
1243 5255 1342 5308 quo
1369 5240 1682 5294 revelabitur.
1714 5239 1818 5295 Illa
1848 5241 1993 5310 hora,

413 5332 504 5405 qui
548 5332 642 5386 erit
684 5333 737 5387 in
779 5341 907 5388 tecto
925 5374 940 5399 ,
971 5341 1019 5387 et
1049 5349 1167 5388 vasa
1191 5332 1300 5404 ejus
1323 5335 1375 5386 in
1402 5335 1571 5400 domo,
1602 5351 1700 5389 non
1730 5334 1997 5389 descendat

413 5423 593 5479 tollere
617 5423 746 5488 illa;
771 5435 818 5478 et
845 5426 932 5495 qui
956 5427 1010 5480 in
1036 5441 1187 5497 agro,
1229 5425 1458 5480 similiter
1496 5443 1596 5480 non
1622 5436 1895 5481 revertatur
1919 5443 1998 5480 re-

415 5517 838 5572 tro:meminerit
864 5520 1036 5573 uxoris
1075 5518 1207 5575 Loth
1251 5520 1399 5594 (Luc.
1441 5536 1584 5586 xvn,
1620 5519 1816 5585 29-32;
1865 5518 1992 5574 Gen.

413 5623 532 5677 χιι,
579 5607 696 5681 26).
741 5607 1006 5679 Numquid
1048 5626 1170 5666 cum
1212 5612 1465 5669 Dominus
1509 5611 1665 5668 fuerit
1709 5613 1994 5680 revelatus,

478 5773 499 5805 ³
523 5779 630 5823 uss.
655 5777 877 5834 quatuor,
901 5773 1365 5836 mggenerationibus.
1399 5775 1569 5836 ceteri
1603 5772 1819 5836 codices,
1843 5774 1895 5828 in
1925 5787 2000 5826 re-

410 5834 659 5904 ginam;
677 5837 817 5900 juxta
838 5834 1115 5888 versionem
1135 5843 1265 5901 Lxx,
1288 5850 1348 5889 en
1368 5837 1462 5890 tais
1483 5835 1685 5890 choreis.

2114 429 2238 478 tunc
2263 433 2387 479 sunt
2414 424 2516 481 ista
2541 424 2799 482 servanda
2815 465 2837 496 ,
2877 443 2945 486 ne
2984 429 3208 501 quisque
3242 438 3391 488 retro
3417 434 3703 506 respiciat,

2110 513 2162 569 id
2180 524 2281 584 est,
2299 515 2462 572 vitam
2488 519 2808 589 praeteritam
2833 521 2919 577 cui
2945 523 3294 590 renuntiavit,
3327 525 3598 597 inquirat;
3647 537 3708 586 et

2109 621 2212 662 non
2239 608 2418 678 potius
2441 610 2546 665 isto
2573 619 2827 682 tempore,
2857 621 2918 668 nt
2941 627 3061 669 cum
3088 614 3343 671 Dominus
3363 616 3519 673 fuerit
3545 634 3708 676 reveo

2107 700 2267 769 latus,
2297 703 2698 760 retributionem
2731 719 2824 775 pro
2847 706 2924 762 eis
2953 722 3071 778 qum
3099 708 3321 778 quisque
3349 711 3586 766 servavit
3615 713 3703 769 vel

2097 789 2457 864 Contempsit,
2504 795 2777 852 inveniat?
2805 797 2873 853 Et
2895 805 3071 854 tamen
3097 800 3218 870 quia
3246 799 3445 856 dictum
3472 811 3586 870 est,
3630 803 3702 860 In

2105 886 2198 942 illa
2227 887 2373 954 hora,
2398 897 2524 945 tunc
2548 899 2798 960 putantur
2818 890 2920 947 ista
2943 892 3229 957 servanda,
3257 909 3379 950 cum
3410 894 3570 951 fuerit
3595 898 3704 953 Do-

2104 979 2282 1035 minus
2307 980 2576 1038 revelatus
2597 1024 2614 1050 ,
2645 983 2747 1038 nisi
2772 983 2839 1039 ad
2869 984 3268 1056 intelligendam
3294 989 3702 1059 recapitulatio-

2103 1084 2267 1138 nem,
2311 1085 2501 1127 sensus
2548 1073 2775 1144 legentis
2819 1073 3074 1145 invigilat,
3103 1075 3387 1146 adjuvante
3414 1078 3515 1133 alia
3544 1077 3700 1136 Scri-

2103 1171 2260 1234 ptura
2297 1180 2419 1235 quae
2448 1166 2681 1236 ipsorum
2715 1167 3087 1237 Apostolorum
3114 1167 3289 1223 adhuc
3315 1177 3556 1240 tempore
3582 1173 3699 1228 cla-

2102 1256 2288 1323 mavit,
2322 1254 2467 1325 Filii,
2497 1258 2766 1312 novissima
2785 1259 2910 1313 hora
2939 1269 3010 1315 est
3041 1259 3084 1332 (l
3111 1257 3268 1314 Joan.
3299 1276 3357 1328 ιι,
3386 1260 3497 1335 18).
3531 1263 3700 1320 Tem-

2102 1361 2202 1418 pus
2222 1363 2352 1419 ergo
2373 1349 2544 1420 ipsum
2565 1366 2672 1421 quo
2695 1350 3035 1423 Evangelium
3058 1350 3396 1422 praedicatur,
3415 1371 3702 1427 quousque

2102 1440 2360 1499 Dominus
2388 1443 2652 1500 reveletur
2670 1485 2685 1511 ,
2720 1445 2852 1500 hora
2881 1455 2963 1501 est
2988 1445 3042 1500 in
3070 1461 3173 1516 qua
3211 1457 3423 1516 oportet
3449 1448 3551 1504 ista
3576 1463 3699 1506 ser-

2101 1536 2212 1591 vari
2238 1554 2254 1603 ;
2284 1537 2410 1607 quia
2439 1547 2494 1592 et
2517 1538 2630 1609 ipsa
2671 1539 2924 1595 revelatio
2969 1539 3177 1596 Domini
3216 1540 3283 1596 ad
3315 1543 3561 1599 eamdem
3591 1543 3697 1602 ho-

2099 1645 2216 1686 ram
2247 1633 2501 1702 pertinet,
2541 1647 2662 1705 quaa
2687 1634 2775 1690 die
2803 1633 2987 1705 judicii
3017 1634 3387 1691 terminabitur
3417 1635 3598 1706 (Rom.
3630 1654 3671 1696 tt

2097 1725 2133 1781 5
2153 1765 2170 1794 ,
2199 1735 2248 1781 et
2273 1741 2392 1794 xm,
2422 1723 2532 1800 11).
3023 1783 3028 1788 .

2222 1819 2448 1876 CAPUT
2471 1819 2738 1877 XXXVII.
2765 1852 2835 1864 —
2859 1821 3059 1894 Regula
3076 1824 3291 1895 septima
3315 1823 3570 1882 Tichonii.

2169 1911 2258 1966 55.
2299 1910 2532 1979 Septima
2562 1913 2805 1970 Tichonii
2833 1916 3013 1986 regula
3032 1923 3137 1984 est,
3164 1916 3457 1989 eademque
3477 1928 3693 1991 postre-

2097 2018 2206 2069 ma,
2238 2004 2316 2060 De
2348 2004 2560 2061 diabolo
2583 2015 2639 2062 et
2667 2007 2783 2076 ejus
2801 2022 3050 2078 corpore.
3079 2008 3174 2064 Est
3203 2009 3344 2064 enim
3365 2017 3421 2065 et
3448 2011 3567 2082 ipse
3596 2027 3692 2068 ca-

2095 2103 2190 2164 put
2220 2094 2537 2165 impiorum,
2583 2098 2672 2168 qui
2722 2106 2845 2153 sunt
2882 2099 2998 2168 ejus
3036 2099 3430 2170 quodammodo
3465 2117 3688 2172 corpus,

2096 2187 2218 2242 ituri
2245 2203 2364 2242 cum
2394 2190 2484 2244 illo
2509 2190 2561 2244 in
2588 2190 2908 2260 supplicium
2930 2193 3069 2262 ignis
3095 2193 3277 2248 aeterni
3305 2193 3516 2265 (Matth.
3548 2211 3686 2265 xxv,

2095 2277 2187 2350 41)
2216 2298 2229 2334 :
2261 2280 2395 2334 sicut
2419 2279 2664 2336 Christus
2684 2291 2843 2352 caput
2861 2291 2946 2338 est
2972 2281 3258 2350 Ecclesiae,
3291 2286 3431 2356 quod
3459 2295 3546 2342 est
3564 2303 3689 2344 cor-

2093 2383 2196 2440 pus
2224 2369 2369 2439 ejus,
2402 2370 2632 2426 futurum
2663 2387 2782 2427 cum
2814 2373 2905 2428 illo
2934 2373 2988 2429 in
3020 2389 3185 2444 regno
3207 2383 3262 2431 et
3288 2376 3456 2446 gloria
3486 2379 3691 2450 sempi-

2097 2469 2246 2516 terna
2269 2460 2484 2534 (Ep/tes.
2511 2479 2548 2530 ι,
2570 2462 2685 2536 22).
2701 2463 2852 2520 Sicut
2878 2479 3008 2536 ergo
3028 2464 3080 2521 in
3108 2466 3278 2537 prima
3299 2469 3498 2539 regula,
3525 2484 3688 2540 quam

2094 2564 2250 2610 vocat
2276 2554 2344 2610 de
2374 2556 2600 2611 Domino
2625 2564 2679 2612 et
2707 2557 2824 2628 ejus
2852 2572 3080 2628 corpore
3099 2600 3113 2624 ,
3159 2558 3487 2629 vigilandum
3515 2569 3605 2619 est
3632 2575 3690 2620 ut

2094 2647 2445 2718 intelligatur,
2474 2661 2594 2703 cum
2617 2647 2684 2702 de
2706 2664 2810 2702 una
2837 2648 3132 2720 eademque
3155 2664 3380 2720 persona
3409 2650 3688 2724 Scriptura

2093 2741 2349 2810 loquitur,
2381 2739 2506 2811 quid
2535 2740 2816 2796 conveniat
2841 2742 3031 2812 capiti,
3060 2741 3185 2812 quid
3226 2745 3472 2814 corpori;
3510 2748 3593 2802 sic
3637 2757 3692 2805 et

2093 2833 2147 2888 in
2176 2832 2276 2888 ista
2303 2831 2615 2898 novissima,
2641 2831 2925 2902 aliquando
2956 2833 3007 2886 in
3034 2831 3303 2889 diabolum
3325 2833 3522 2892 dicitur
3543 2838 3688 2908 quod

2094 2940 2200 2982 non
2222 2926 2278 2980 in
2305 2927 2442 2996 ipso,
2467 2923 2563 2980 sed
2589 2924 2765 2994 potius
2786 2923 2837 2979 in
2863 2923 2980 2994 ejus
3005 2939 3231 2995 corpore
3258 2928 3422 2996 possit
3442 2931 3686 3000 agnosci,

2093 3016 2237 3088 quod
2267 3016 2427 3072 habet
2454 3030 2558 3071 non
2588 3017 2762 3072 solum
2790 3015 2845 3071 in
2872 3017 2953 3072 eis
2979 3018 3072 3088 qui
3099 3017 3535 3078 manifestissime
3559 3022 3686 3079 foris

2094 3118 2217 3164 sunt
2239 3149 2255 3175 ,
2287 3106 2382 3163 sed
2409 3107 2462 3162 in
2489 3107 2568 3163 eis
2589 3106 2750 3163 etiam
2780 3108 2869 3179 qui
2894 3122 3014 3163 cum
3044 3109 3111 3164 ad
3149 3109 3322 3180 ipsum
3355 3114 3678 3183 pertineant,

2095 3207 2273 3255 tamen
2314 3198 2382 3255 ad
2428 3206 2639 3271 tempus
2681 3199 2975 3256 miscentur
3011 3200 3286 3268 Ecclesiae,
3323 3203 3497 3261 donec
3525 3221 3688 3262 unus-

2096 3293 2323 3363 quisque
2351 3292 2422 3348 de
2449 3292 2549 3348 hac
2570 3293 2678 3348 vita
2706 3302 2882 3361 exeat,
2908 3293 2993 3351 vel
3019 3310 3048 3350 a
3076 3295 3344 3352 frumento
3366 3299 3519 3368 palea
3549 3315 3684 3357 vcn-

2099 3383 2290 3439 lilabro
2335 3383 2524 3440 ultimo
2570 3394 2847 3455 separetur
2890 3385 3040 3458 (Luc.
3084 3387 3302 3461 111,17).
3343 3389 3496 3458 Quod
3545 3392 3685 3447 enim

2097 3476 2356 3546 scriptum
2383 3486 2464 3532 est
2491 3477 2630 3547 apud
2657 3475 2882 3547 Isaiam,
2930 3479 3198 3545 Quomodo
3233 3482 3409 3536 cecidit
3455 3485 3521 3538 de
3563 3486 3686 3541 ccelo

2096 3567 2302 3641 Lucifer
2330 3586 2478 3625 mane
2503 3572 2668 3627 oriens
2705 3572 2858 3641 (Isai.
2888 3589 3000 3639 xrv,
3036 3575 3158 3648 l2),
3205 3587 3260 3632 et
3304 3587 3523 3647 cartcra,
3569 3597 3684 3653 quae

2097 3661 2197 3716 sub
2225 3661 2393 3732 figura
2417 3663 2560 3734 regis
2590 3663 2890 3735 Babylonia
2918 3666 2988 3722 de
3007 3667 3194 3724 eadem
3221 3683 3468 3740 persona,
3497 3674 3583 3729 vel
3621 3673 3684 3729 ad

2099 3753 2345 3810 eamdem
2378 3770 2659 3825 personam
2684 3756 2822 3811 dicta
2849 3766 2971 3812 sunt
2997 3758 3050 3812 in
3083 3759 3192 3828 ipsa
3223 3763 3565 3820 contextione
3584 3779 3687 3821 ser-

2099 3850 2296 3918 monis,
2321 3849 2389 3906 de
2409 3849 2624 3906 diabolo
2645 3851 2828 3920 utique
2851 3851 3244 3922 intelliguntur;
3273 3864 3326 3909 et
3349 3864 3525 3912 tamen
3547 3857 3686 3928 quod

2101 3942 2172 3998 ibi
2196 3943 2397 3999 dictum
2419 3953 2522 4012 est,
2549 3941 2802 3999 Contritus
2822 3954 2894 4000 est
2915 3946 2965 3999 in
2980 3954 3134 4011 terra,
3159 3948 3245 4017 qui
3259 3950 3408 4003 mittit
3431 3951 3500 4004 ad
3519 3969 3687 4008 omnes

2099 4047 2286 4108 gentes,
2313 4052 2420 4091 non
2458 4045 2622 4091 totum
2649 4036 2749 4106 ipsi
2765 4037 2922 4108 capiti
2953 4039 3215 4107 congruit.
3243 4038 3376 4096 Nam
3403 4043 3502 4098 etsi
3532 4044 3688 4098 mittit

2101 4127 2170 4182 ad
2196 4142 2382 4183 omnes
2402 4136 2587 4196 gentes
2600 4127 2843 4182 diabolus
2863 4129 3084 4199 angelos
3099 4146 3246 4198 suos,
3272 4141 3446 4188 tamen
3471 4134 3526 4189 in
3551 4144 3685 4190 terra

2101 4233 2296 4289 corpus
2320 4219 2459 4289 ejus,
2485 4235 2591 4274 nou
2617 4219 2748 4289 ipse,
2772 4220 3096 4288 conteritur;
3125 4222 3225 4276 nisi
3246 4224 3368 4294 quia
3394 4225 3508 4295 ipse
3531 4236 3611 4281 est
3633 4225 3684 4279 in

2103 4327 2330 4382 corpore
2356 4326 2473 4376 suo,
2505 4312 2647 4382 quod
2676 4313 2964 4369 contritum
2993 4314 3052 4369 ﬁt
3081 4325 3136 4370 ut
3160 4317 3352 4386 pulvis,
3382 4333 3541 4389 quem
3564 4331 3684 4391 pro-

2097 4403 2216 4475 jicit
2237 4412 2426 4460 ventus
2455 4417 2484 4457 a
2512 4404 2645 4459 facie
2674 4413 2828 4459 terrae
2850 4404 3019 4476 (Psal.
3044 4423 3080 4472 ι,
3108 4407 3184 4479 4).

2177 4495 2266 4552 56.
2300 4495 2392 4550 Hae
2445 4504 2620 4550 autem
2661 4511 2848 4551 omnes
2874 4499 3068 4568 regula:
3088 4541 3104 4566 ,
3150 4507 3367 4570 excepta
3397 4516 3499 4556 una
3523 4543 3536 4568 ,
3566 4516 3681 4572 qua:

2101 4595 2323 4644 vocatur
2347 4588 2423 4642 De
2448 4587 2722 4657 promissis
2742 4597 2796 4645 et
2817 4588 2974 4660 Lege,
3007 4591 3150 4646 aliud
3173 4607 3237 4647 ex
3259 4592 3363 4648 alio
3388 4592 3587 4650 faciunt
3607 4595 3681 4648 in-

2102 4684 2291 4755 telligi,
2319 4682 2459 4755 quod
2487 4693 2567 4738 est
2591 4685 2862 4754 proprium
2897 4686 3114 4755 tropica}
3143 4686 3438 4754 locutionis,
3470 4705 3588 4760 qua:
3613 4689 3682 4741 la-

2102 4779 2206 4833 tius
2235 4785 2379 4848 patet
2404 4793 2561 4849 quam
2591 4787 2646 4833 ut
2672 4778 2873 4848 possit,
2907 4787 2963 4834 ut
3004 4779 3134 4834 mihi
3158 4780 3383 4846 videtur,
3413 4783 3479 4837 ab
3513 4781 3681 4850 aliquo

2101 4873 2348 4927 universa
2394 4870 2794 4941 comprehendi.
2836 4870 2969 4926 Nam
3013 4871 3331 4943 ubicumque
3369 4875 3510 4930 velut
3544 4870 3679 4928 aliud

2101 4965 2296 5020 dicitur
2323 4971 2380 5018 ut
2397 4961 2539 5017 aliud
2568 4963 2910 5033 intelligatur,
2938 4964 3036 5019 etsi
3068 4980 3262 5020 nomen
3285 4965 3450 5035 ipsius
3476 4964 3608 5034 tropi
3629 4963 3678 5018 in

2104 5056 2353 5127 loquendi
2381 5067 2496 5112 arte
2523 5071 2627 5111 non
2654 5057 2937 5124 invenitur,
2969 5058 3168 5127 tropica
3200 5057 3397 5113 locutio
3423 5066 3522 5114 est.
3557 5055 3680 5124 Qua:

2104 5165 2225 5206 cum
2249 5147 2308 5203 fit
2336 5148 2422 5204 ubi
2445 5147 2558 5203 fieri
2579 5149 2733 5211 solet.
2758 5149 2871 5205 sine
2891 5149 3072 5204 labore
3094 5149 3331 5220 sequitur
3350 5149 3674 5205 intellectus:

2103 5257 2224 5297 cum
2252 5256 2382 5297 vero
2407 5241 2497 5296 ubi
2535 5255 2638 5296 non
2672 5241 2836 5306 solet,
2867 5241 3140 5296 laboratur
3168 5249 3226 5296 ut
3255 5240 3591 5312 intelligatur,
3616 5235 3680 5290 ab

2103 5335 2224 5392 aliis
2251 5335 2443 5405 magis,
2471 5334 2538 5390 ab
2567 5335 2686 5389 aliis
2711 5335 2906 5401 minus,
2933 5335 3071 5390 sicut
3089 5336 3258 5405 magis
3282 5332 3524 5391 minusve
3546 5331 3676 5386 dona

2105 5428 2202 5484 Dei
2228 5436 2351 5483 sunt
2375 5427 2426 5481 in
2455 5427 2678 5498 ingeniis
2706 5425 2979 5482 hominum
2997 5467 3012 5491 ,
3043 5427 3126 5481 vel
3155 5425 3418 5497 adjutoria
3446 5424 3676 5480 tribuun-

2108 5531 2212 5576 tur.
2241 5519 2471 5576 Proinde
2501 5519 2638 5576 sicut
2664 5519 2717 5575 in
2743 5518 2918 5574 verbis
2946 5517 3194 5590 propriis,
3221 5517 3290 5574 de
3313 5517 3502 5590 quibus
3525 5522 3676 5582 supe-

2103 5615 2218 5670 rius
2249 5613 2666 5684 disputavimus.
2715 5612 2803 5667 ubi
2831 5626 2920 5667 res
2965 5620 3022 5665 ut
3046 5611 3295 5666 dicuntur
3335 5600 3680 5679 intelligendas

2104 5717 2261 5773 sunt;
2292 5708 2369 5762 sic
2395 5708 2446 5762 in
2479 5705 2746 5762 translatis
2767 5718 2886 5775 qua:
2908 5702 3104 5760 faciunt
3123 5704 3352 5774 tropicas
3376 5699 3674 5759 locutionu-

2105 5806 2197 5864 ubi
2238 5803 2376 5863 aliud
2407 5821 2470 5862 ex
2509 5804 2613 5859 alio
2657 5799 3054 5872 intelligendum
3093 5810 3210 5870 cst,
3251 5799 3318 5858 de
3359 5797 3545 5869 quibus
3580 5789 3678 5848 huc
