3874 6326
1590 266 1595 269 ,
1658 263 1687 274 ἡ
1703 263 1714 271 ο
1756 258 1764 266 ο

168 347 245 402 ,θ
1498 340 1697 400 usus
1735 344 2079 415 ausurus.

167 473 356 530 usque
380 464 638 528 quantum
674 454 846 512 visum
873 462 982 519 est,
1010 453 1139 509 satis
1166 454 1404 525 egimus;
1449 470 1553 511 non
1593 458 1766 514 solum

163 551 501 611 admonendi
527 556 655 605 sunt
679 547 898 604 studiosi
925 548 1305 603 venerabilium
1332 548 1669 615 Litterarum,
1706 561 1764 609 ut

165 645 227 699 in
271 640 564 711 Scripturis
606 639 804 694 sanctis
844 652 1037 708 genera
1086 638 1408 693 locutionum
1459 641 1662 705 sciant,
1711 652 1766 698 et

165 733 447 808 quomodo
466 730 606 803 apud
630 745 724 787 eas
742 729 937 801 aliquid
968 729 1071 785 dici
1126 730 1325 796 soleat,
1353 731 1632 801 vigilanter
1664 733 1761 787 ad-

165 833 411 891 vertant,
436 821 851 892 memoriterque
879 820 1173 884 retineant;
1201 836 1383 876 verum
1409 824 1589 881 etiam.
1619 823 1761 892 quod

165 927 254 973 est
280 915 608 988 precipuum
632 921 687 967 et
710 911 940 967 maxime
970 912 1358 977 necessarium,
1396 921 1549 967 orent
1587 922 1644 967 ut
1671 914 1755 968 in-
1866 920 2143 1016 sentimus,
2162 927 2402 995 sequenti
2424 930 2708 999 volumine,
2731 947 2849 1005 qua:
2869 935 3123 997 Dominus
3141 941 3436 1016 donaverit,

163 1008 433 1078 teliigant.
454 1005 513 1061 In
541 1003 621 1060 eis
643 1002 837 1075 quippe
853 1002 1089 1071 Litteris,
1118 1019 1340 1075 quarum
1364 1005 1582 1060 studiosi
1604 1016 1751 1074 sunt,
1865 1009 2208 1072 disseramus.

166 1132 3425 1192 .__________________§_______________

1127 1210 1605 1319 LIBER
1705 1212 2502 1339 QUARTUS.

224 1405 472 1448 Bactqu
491 1394 558 1446 de
594 1392 931 1457 investigando
951 1392 1204 1455 Scriptum
1236 1402 1405 1449 sensu,
1441 1402 1569 1440 nunc
1601 1392 1798 1464 demum
1821 1398 1981 1459 agitur
2018 1400 2082 1448 de.
2104 1401 2491 1479 disserendo._Et
2524 1410 2722 1485 quidem
2753 1415 3007 1492 ηῃθιοηίοφ
3037 1423 3155 1492 ams
3190 1437 3432 1492 pmpm

257 1460 407 1492 ιιι-ειη
432 1456 540 1492 libri
579 1459 849 1492 ineritnmm
892 1454 1147 1492 nor-tinent).
1192 1466 1286 1492 nnn
1320 1451 1422 1492 vult.
1462 1462 1750 1492 Angustian
1772 1470 1784 1482 -
1821 1459 1907 1492 cml
1944 1467 2103 1492 ίαηπιη
2138 1476 2316 1492 cun-smn
2344 1468 2590 1492 .t.t....._...-
2629 1475 2863 1492 ,μμ--.ΑΛ

161 1460 221 1509 ad
257 1460 408 1522 hujus
432 1456 542 1506 libri
579 1451 851 1507 institutum
892 1451 1147 1518 pertinere
1192 1466 1288 1501 non
1320 1451 1422 1501 vult
1460 1455 1784 1515 Augustinus;
1821 1451 1909 1529 secl
1944 1467 2103 1509 tamen
2136 1451 2323 1533 summa
2334 1451 3431 1552 EiiiigéndZ'EhiistiaBi"bF§'toFi;“pitag:

164 1522 425 1552 cannihm'
453 1519 531 1552 nni
578 1530 820 1552 caprarum
843 1518 1123 1552 littnmnim
1149 1521 1372 1552 suam“);
1393 1520 1444 1552 et.
1465 1513 1691 1552 {indm-pe
1729 1518 2077 1552 nnnlocuaulinnc
2112 1525 2295 1552 ,ειη-,ηις
2332 1542 2398 1552 ...η
2419 1531 2561 1552 :-...:-
2618 1534 2706 1552 μ--
2758 1545 2791 1552 _.
2854 1538 2864 1552 .
3036 1544 3064 1552 _.
3119 1544 3131 1552 .

174 1473 221 1509 tu
258 1473 408 1522 ulnus
432 1473 542 1506 uort
579 1473 851 1507 tnsututum
892 1473 1147 1518 pertinere
1192 1473 1288 1501 ιιυιι
1322 1473 1422 1529 γυῃ,
1460 1473 1784 1515 Αυδιιδιιηυδς
1821 1473 1909 1529 seu
1944 1473 2103 1533 tamen
2130 1476 2319 1541 summa
2343 1473 2595 1544 diligentia
2620 1475 2865 1543 christiani
2902 1483 3105 1553 oratoris
3136 1473 3431 1552 ρθῆέζῇἓίζ

174 1522 426 1583 sequitur:
453 1519 535 1569 cui
578 1530 821 1567 sacrarum
842 1518 1123 1587 Litterarum
1149 1521 1372 1563 auctores
1393 1520 1444 1585 et
1465 1513 1703 1612 doctlores.
1729 1518 2593 1612 cce]esmstteos:“praepldtmsayepua,
2609 1538 3096 1612 amovetelpqueutta
3119 1544 3283 1612 longe,
3304 1564 3431 1612 pra:-

174 1583 486 1612 είινιιὲοεςπιηε
509 1578 761 1612 imitandae
784 1585 1001 1612 npnnnmt
1047 1589 1108 1612 μγ
1135 1587 1300 1612 onustm
1324 1581 1513 1612 somnne
1531 1588 1559 1612 ρ
1580 1585 1813 1612 Mirm-nc
1830 1593 1974 1612 nvo-in

163 1535 426 1583 sequam:
453 1535 535 1569 cur
578 1535 821 1567 sau'arum
842 1535 1123 1566 utteraruut
1149 1535 1372 1563 auctores
1393 1535 1444 1585 et.
1465 1535 1703 1589 ductores
1729 1535 2085 1595 cqueSlaStICOS.
2111 1535 2298 1596 (incendi
2326 1542 2400 1599 ,εει
2419 1535 2583 1603 ieptia,
2618 1535 2712 1583 imo
2748 1538 3096 1611 elflpquemia
3119 1535 3429 1622 [bng'é:ﬁr§_

163 1583 489 1673 “1W
508 1578 763 1629 ίπιίίλοδοε
784 1578 1022 1649 P"-"’°“‘-"
1047 1589 1109 1648 επ
1324 1574 3257 1673 icit‘ﬁfifiﬁf‘i‘lﬁﬁﬁrelatas“:3128991302?sanemus-.rostremo
3273 1623 3429 1673 Ipsum

164 1657 249 1673 mm
271 1652 491 1673 οεωειοη
512 1642 730 1673 limi-tatur
771 1646 820 1673 ut
852 1652 897 1673 In
922 1651 1088 1673 numne
1103 1650 1185 1673 nm

163 1643 494 1694 ecclesiasten
511 1642 749 1701 hortatur,
771 1636 827 1690 tit
851 1636 900 1688 in
922 1639 1088 1702 primis
1103 1638 1306 1687 orationi
1327 1636 1411 1686 det
1433 1649 1481 1697 οι
1498 1649 1662 1700 eram;
1690 1649 1742 1690 et
1762 1642 1890 1706 quod
1914 1636 2077 1695 vei‘bis
2096 1647 2237 1697 docet
2254 1636 3334 1731 διίοὲξἧόᾘὶἶιῖγῖἔὲἷῖηᾜῶὖξῖἶζξίὲῗ

1575 1760 1995 1804 Wec-

3380 376 3451 437 9O

1880 462 2057 533 legtmt
2096 466 2341 536 quoniam
2390 470 2637 530 Dominus
2667 476 2755 531 dat
2806 480 3132 554 sapientiam,
3168 497 3216 542 et
3249 506 3282 545 α
3316 494 3448 563 facie

1877 555 1985 623 ejus
1999 556 2205 612 scientia
2228 568 2273 613 et
2298 561 2591 619 intellectus.
2618 565 2796 633 (Prov.
2826 585 2879 637 ll,
2905 571 2960 643 6)
2981 589 2996 637 ;
3019 589 3048 628 a
3074 591 3178 647 quo
3196 588 3251 635 et
3275 555 3445 652 ipsum

1875 647 2135 713 studium,
2169 652 2211 705 si
2254 654 2444 721 pietate
2480 657 2756 727 prmditum
2806 672 2920 731 est,
2953 647 3310 740 acceperunt;
3333 674 3439 734 Sed

1874 735 1987 791 ha-c
2028 741 2153 795 satis
2195 744 2351 798 etiam
2396 745 2461 801 de
2489 748 2671 819 signis,
2703 761 2953 821 quantum
2998 735 3272 817 ad-verba
3320 779 3442 835 per~

1870 827 2000 883 tinet
2048 830 2186 887 dicta
2229 833 2352 889 sint.
2400 836 2584 893 Restat
2622 849 2681 895 ut
2719 840 2785 897 de
2835 845 3167 914 proferendis
3207 853 3284 908 eis
3322 827 3442 926 qua:

161 1874 394 1932 CAPUT
431 1869 711 1931 PRIMUM.
742 1898 813 1910 --
842 1868 1127 1923 Rhetorice
1148 1878 1395 1940 prmeepta
1426 1871 1621 1928 tradere
1645 1889 1745 1927 non
1854 1873 2112 1930 bonorum
2158 1879 2332 1934 studio
2372 1894 2729 1955 comparatur,
2779 1899 2836 1945 ut
2877 1891 3068 1950 militet
3110 1896 3350 1967 veritati,
3379 1899 3425 1955 si

696 1970 768 2016 est
796 1961 947 2032 hujus
980 1960 1211 2013 instituti.

226 2081 283 2136 i.
319 2078 437 2134 Hoc
459 2090 593 2147 Opus
622 2084 860 2130 nostrum
903 2071 1043 2143 quod
1072 2072 1372 2128 inscribitur
1396 2072 1463 2129 de
1496 2074 1744 2131 Doctrina

153 2170 485 2230 Christiana,
504 2167 558 2222 in
579 2166 682 2222 duo
702 2164 942 2236 qua-dam
962 2162 1163 2217 fueram
1187 2164 1353 2231 prima
1375 2164 1745 2221 distributione

154 2265 402 2333 partitus.
433 2260 566 2316 Nam
606 2266 725 2329 post
751 2256 1063 2327 prommium
1084 2298 1099 2321 ,
1140 2272 1245 2325 quo
1271 2257 1518 2325 respondi
1548 2258 1624 2313 eis
1652 2258 1744 2328 qui

154 2356 257 2411 hoc
280 2355 495 2410 fuerant
519 2349 891 2422 reprehensuri
915 2367 927 2402 :
963 2347 1086 2401 Duce
1109 2357 1221 2402 sunt
1250 2364 1348 2414 res,
1372 2349 1605 2418 inquam,
1628 2350 1743 2419 qui-

154 2449 243 2503 bus
278 2448 464 2502 nititur
496 2445 656 2499 omnis
686 2443 914 2497 tractatio
950 2441 1360 2512 Scripturarum;
1402 2444 1579 2497 modus
1606 2444 1742 2498 inve.

152 2540 325 2594 niendi
354 2554 468 2609 qua:
503 2534 825 2606 intelligenda
850 2543 986 2599 sunt,
1031 2541 1078 2586 et
1104 2533 1280 2586 modus
1320 2534 1606 2602 proferendi
1632 2551 1744 2605 qua:

151 2631 410 2686 intellecta
451 2637 585 2683 sunt.
639 2626 717 2679 De
764 2624 1057 2677 inveniendo
1107 2626 1281 2693 prius,
1337 2626 1397 2677 de
1444 2628 1741 2699 proferendo

152 2736 330 2796 postea
360 2723 677 2777 disseremus.
710 2720 841 2787 Quia
865 2734 991 2789 ergo
1015 2718 1082 2773 de
1105 2718 1419 2773 inveniendo
1445 2720 1606 2773 multa
1629 2720 1740 2789 jam

150 2818 420 2882 diximus,
453 2823 506 2869 et
534 2813 631 2868 tria
661 2812 728 2867 de
770 2811 869 2865 hac
909 2825 1009 2864 una
1040 2819 1187 2879 parte
1215 2810 1479 2864 volumina
1511 2811 1739 2867 absolvi-

151 2924 300 2975 mus,
358 2904 582 2960 Domino
627 2902 936 2972 adiuvante,
969 2900 1035 2955 de
1060 2899 1376 2969 proferendo
1400 2917 1561 2972 pauca
1592 2902 1738 2957 dice-

150 3016 306 3066 mus;
344 3006 436 3065 ut,
478 2996 519 3052 si
552 2994 666 3050 fieri
710 2994 972 3064 potuerit,
1019 3007 1122 3046 uno
1155 2992 1286 3046 libro
1315 3001 1500 3047 cuncta
1528 2992 1739 3047 clauda-

151 3109 292 3161 mus,
330 3100 604 3160 totumque
629 3087 731 3142 hoc
766 3100 899 3156 opus
926 3094 1151 3156 quatuor
1171 3084 1525 3141 voluminibus
1552 3087 1735 3141 termi-

149 3196 370 3261 netur._
409 3253 423 3261 Δ
562 3251 594 3261 ,Δ
985 3258 995 3261 _
1038 3247 1071 3261 Α
1280 3246 1293 3261 .
1436 3247 1470 3261 Δ.
1720 3249 1733 3261 ⁸

216 3258 273 3311 2.
335 3253 514 3310 Primo
561 3251 736 3320 itaque
788 3247 1232 3319 exspectationem
1280 3246 1598 3318 legentium,
1646 3249 1735 3317 qui

148 3347 288 3402 forte
319 3358 407 3399 me
429 3350 611 3413 putant
632 3340 893 3396 rhetorica
920 3339 1163 3393 daturum
1191 3353 1310 3393 esse
1337 3348 1594 3408 praecepta
1617 3354 1735 3409 qua:

149 3439 199 3493 in
226 3435 435 3494 scholis
462 3432 801 3489 saecularibus
820 3439 873 3484 et
898 3429 1055 3483 didici
1082 3437 1135 3482 et
1154 3428 1330 3491 docui,
1359 3427 1458 3482 ista
1481 3429 1735 3497 praelocu-

150 3532 295 3585 tione
328 3526 581 3591 cobibeo,
624 3533 780 3593 atque
812 3531 866 3575 ut
895 3536 926 3575 a
954 3537 1039 3575 me
1074 3534 1181 3574 non
1216 3530 1608 3590 exspectentur,
1643 3520 1736 3575 ad-

152 3632 351 3675 moneo
375 3635 389 3671 :
422 3632 526 3672 non
550 3614 692 3685 quod
716 3612 844 3667 nihil
873 3611 1096 3666 habeant
1122 3611 1392 3676 utilitatis;
1426 3610 1518 3665 sed
1556 3610 1693 3681 quod
1714 3653 1727 3676 ,

148 3712 346 3785 siquid
385 3710 601 3775 habent,
633 3721 870 3762 seorsum
904 3703 1211 3759 discendum
1258 3711 1370 3768 est,
1415 3704 1458 3757 si
1502 3704 1584 3758 cui
1624 3707 1731 3758 for-

152 3804 311 3858 tassis
342 3802 483 3857 bono
511 3800 623 3854 viro
660 3798 817 3854 etiam
858 3795 973 3850 hme
1009 3803 1158 3849 vacat
1200 3793 1438 3859 discere,
1485 3809 1589 3850 non
1634 3810 1729 3849 au-

151 3906 252 3951 tem
282 3909 315 3948 a
345 3908 433 3948 me
472 3892 553 3947 vel
580 3891 633 3946 in
659 3889 763 3946 hoc
799 3902 958 3959 opere
978 3929 993 3954 ,
1023 3887 1105 3941 vel
1134 3886 1187 3941 in
1228 3887 1406 3957 aliquo
1429 3887 1533 3942 alio
1556 3888 1732 3958 requi-

150 3984 396 4041 rendum.

151 4116 378 4176 CAPUT
418 4115 480 4171 ll.
510 4145 579 4157 —
606 4114 876 4172 Rhetorica
905 4112 1145 4183 facultate
1190 4111 1516 4167 christianum
1552 4113 1726 4167 docta-

710 4222 814 4260 rem
839 4205 911 4257 uti
932 4206 1172 4258 convenit.

216 4345 277 4399 ὅ.
310 4341 441 4397 Nam
464 4355 583 4395 cum
604 4352 701 4410 per
718 4346 884 4392 artem
908 4337 1222 4391 rhetoricam
1250 4343 1303 4390 et
1324 4350 1445 4390 vera
1471 4334 1727 4392 suadean-

152 4443 231 4488 tur
248 4442 311 4487 et
335 4414 485 4498 falsa,
515 4431 631 4501 quis
657 4429 847 4483 audeat
875 4427 1075 4492 dicere,
1110 4425 1365 4481 adversus
1394 4425 1722 4481 mendacium

151 4527 203 4580 in
228 4523 602 4581 defensoribus
626 4522 734 4577 suis
759 4521 1012 4575 inermem
1038 4520 1235 4574 debere
1270 4520 1561 4574 consistere
1588 4521 1726 4575 veri-

152 4627 349 4682 tatem,
392 4624 449 4669 nt
472 4614 715 4669 videlicet
752 4613 827 4667 illi
864 4611 955 4681 qui
980 4626 1065 4665 res
1095 4612 1249 4664 falsas
1289 4609 1603 4678 persuadere
1627 4624 1723 4664 co-

153 4718 364 4774 nantur,
397 4706 638 4761 noverint
679 4703 970 4758 auditorem
1014 4702 1095 4756 vel
1136 4701 1480 4766 benevolum,
1513 4701 1593 4755 vel
1637 4702 1722 4755 in-

152 4808 376 4865 tentum,
407 4796 490 4852 vel
520 4795 743 4850 docilem
773 4792 1028 4862 prooemio
1059 4790 1264 4854 facere;
1311 4791 1392 4843 isti
1419 4801 1590 4845 autem
1618 4806 1723 4847 non

154 4890 434 4945 noverint?
464 4888 536 4944 illi
569 4887 699 4941 falsa
727 4885 987 4947 breviter,
1018 4892 1228 4951 aperte,
1258 4882 1640 4948 verisimiliter;
1670 4893 1722 4937 et

151 4981 229 5037 isti
261 4995 389 5035 vera
413 4980 490 5034 sic
522 4986 753 5036 narrent.
780 4985 837 5031 ut
861 4976 1043 5031 audire
1070 4974 1279 5037 taedeat,
1304 4975 1594 5044 intelligere
1613 4990 1717 5029 non

151 5079 346 5140 pateat,
378 5069 593 5125 cratere
615 5077 880 5139 postremo
900 5082 1002 5120 non
1028 5065 1220 5120 libeat?
1248 5065 1318 5118 illi
1346 5065 1618 5119 fallacibus
1636 5080 1720 5119 ar-

154 5163 407 5230 gumentis
445 5161 717 5216 veritatem
756 5168 1092 5229 oppugnent,
1137 5166 1374 5211 asseram
1404 5156 1714 5222 falsitatem;

155 5255 227 5310 isti
257 5270 360 5311 nec
378 5270 501 5309 vera
525 5253 827 5317 defendere,
854 5265 953 5305 nec
973 5249 1103 5304 falsa
1126 5250 1333 5303 valeant
1357 5248 1615 5303 refutare?
1642 5249 1714 5303 illi

159 5350 354 5403 animos
380 5345 702 5401 audientium
747 5344 800 5397 in
847 5356 1081 5398 errorem
1127 5351 1398 5395 moventes
1444 5340 1716 5408 impellen-

160 5448 332 5511 tesque
362 5437 587 5494 dicendo
619 5445 863 5499 terreant,
893 5434 1224 5500 contristent,
1257 5432 1585 5498 exhilarant,
1618 5448 1713 5488 ex-

159 5528 427 5586 hortentur
449 5529 723 5592 ardenter;
752 5527 836 5581 isti
876 5540 970 5595 pro
995 5526 1215 5579 veritate
1234 5566 1249 5590 ,
1286 5524 1413 5579 lenti
1441 5524 1716 5595 {rigidique

156 5620 471 5679 domitent?
495 5620 623 5689 Quis
644 5620 712 5675 ita
733 5617 976 5687 desipiat,
1006 5624 1062 5672 ut
1082 5616 1184 5671 hoc
1204 5615 1407 5685 sapiat?
1434 5614 1565 5671 Cum
1591 5631 1715 5687 ergo

156 5714 216 5769 sit
251 5715 303 5770 in
332 5711 511 5770 medio
537 5710 710 5783 posita
749 5708 970 5765 facultas
993 5708 1219 5778 eloquii,
1260 5722 1378 5776 qua;
1403 5708 1469 5763 ad
1497 5723 1713 5777 persua-

157 5805 312 5863 deuda
341 5819 435 5861 seu
463 5818 623 5875 prava
661 5816 759 5859 seu
787 5807 929 5856 recta
967 5798 1102 5854 valet
1140 5798 1457 5869 plurimum;
1487 5812 1583 5854 cur
1608 5813 1709 5855 non

1852 1979 1969 2019 eam
1996 1967 2117 2021 mali
2145 1969 2211 2056 ad
2238 1972 2552 2029 obtinendas
2580 1992 2856 2047 perversas
2874 1998 3142 2058 variasque
3165 2002 3351 2047 causas
3370 1990 3424 2046 in

1852 2068 1979 2108 usus
2008 2048 2295 2127 iniquitatis
2319 2070 2375 2117 et
2399 2067 2594 2123 erroris
2624 2073 2917 2141 usurpant?

1850 2141 2073 2201 CAPUT
2111 2147 2194 2203 lll.
2222 2181 2295 2191 —
2320 2151 2602 2211 Rhetorica:
2638 2172 2885 2233 praecepta
2919 2182 3019 2235 qua
3051 2176 3224 2237 (etate,
3266 2187 3425 2237 quave

2338 2249 2533 2303 ratione
2560 2252 2683 2307 disci
2704 2267 2927 2326 possunt.

1917 2331 1971 2384 4.
2001 2330 2107 2387 Sed
2131 2350 2473 2409 qurecumque
2499 2350 2622 2397 sunt
2645 2344 2709 2400 de
2730 2344 2830 2403 hac
2848 2364 2904 2404 re
2930 2350 3325 2411 observationes
3348 2366 3422 2412 at-

1848 2435 1949 2489 que
1980 2435 2260 2494 prtecepta,
2289 2429 2478 2497 quibus
2506 2446 2625 2488 cum
2656 2437 2859 2491 accedit
2899 2439 2950 2494 in
2978 2442 3151 2497 verbis
3180 2443 3419 2514 plurimis

1850 2517 2277 2587 ornamentisque
2307 2522 2590 2578 verborum
2621 2529 3002 2587 exercitatioris
3027 2533 3217 2606 lingua:
3242 2538 3412 2594 soler-

1850 2602 2047 2657 tissima
2070 2611 2416 2678 consuetudo,
2441 2613 2498 2667 fit
2518 2614 2603 2669 illa
2624 2633 2741 2686 quae
2762 2619 3001 2679 facundia
3022 2602 3419 2699 velveloqueutia

1852 2696 2178 2763 nominatur;
2224 2710 2369 2755 extra
2412 2703 2539 2759 istas
2567 2707 2766 2763 litteras
2806 2721 3039 2781 nostras,
3082 2696 3313 2787 seposito
3351 2720 3417 2777 ad

1848 2784 1950 2839 hoc
1997 2802 2230 2858 congruo
2278 2795 2530 2863 temporis
2577 2799 2782 2867 Spatio,
2829 2811 2947 2874 apta
2992 2813 3046 2860 et
3083 2784 3417 2867 convenienti

1845 2884 1999 2932 aetate
2040 2879 2288 2937 discenda
2330 2894 2452 2940 sunt
2491 2887 2567 2942 eis
2613 2891 2701 2959 qui
2747 2891 2845 2947 hoc
2883 2895 3127 2952 celeriter
3174 2912 3414 2969 possunt.

1843 2965 1974 3021 Nam
2004 2978 2056 3023 et
2085 2971 2229 3040 ipsos
2269 2972 2519 3031 Romana:
2563 2979 2826 3051 principes
2861 2965 3303 3056 eloquentius-nou
3335 2992 3416 3063 pi-

1841 3061 1953 3130 guit
1976 3061 2150 3119 dicere
2191 3066 2329 3135 quod
2372 3066 2509 3124 lianc
2553 3080 2718 3128 artem
2762 3075 2860 3131 nisi
2906 3079 3023 3148 quis
3062 3081 3169 3137 cito
3208 3061 3408 3152 possit,

1843 3167 2107 3222 nunquam
2137 3157 2353 3211 omnino
2392 3161 2556 3229 possit
2590 3164 2888 3233 perdiscere
2922 3168 3153 3241 (Cicero,
3185 3175 3247 3227 de
3282 3173 3415 3228 Ora-

1843 3244 1988 3313 tore).
2018 3245 2169 3310 Quod
2199 3256 2372 3303 utrum
2401 3266 2582 3306 verum
2610 3255 2698 3322 sit,
2731 3257 2854 3326 quid
2882 3274 3014 3328 opus
3039 3271 3121 3315 est
3146 3265 3415 3333 qurerere?

1838 3332 1953 3389 Non
1985 3337 2147 3398 enim,
2180 3340 2339 3394 etiam
2368 3342 2410 3395 si
2439 3344 2640 3411 possint
2669 3346 2779 3401 haec
2802 3363 2833 3402 a
2855 3332 3179 3409 tardioribus
3202 3356 3413 3412 tandem

1838 3424 2121 3494 aliquando
2157 3430 2402 3499 perdisci,
2425 3449 2521 3488 nos
2547 3450 2609 3489 ea
2638 3438 2764 3492 tanti
2797 3440 3103 3511 pendimus,
3136 3454 3193 3500 ut
3216 3447 3293 3501 cis
3328 3447 3413 3504 di-

1838 3515 2049 3570 scendis
2065 3518 2172 3586 jam
2195 3530 2428 3577 maturas
2443 3525 2524 3579 vel
2545 3527 2701 3581 etiam
2724 3544 2914 3599 graves
2935 3531 3206 3591 hominum
3228 3545 3412 3595 :etates

1837 3605 2066 3661 velimus
2094 3609 2343 3679 impendi.
2389 3614 2527 3670 Satis
2561 3629 2642 3673 est
2669 3628 2725 3674 ut
2764 3622 3273 3683 adulescentulorum
3311 3630 3410 3686 ista

1836 3696 1904 3750 sit
1931 3712 2092 3763 cura;
2125 3716 2223 3755 nec
2263 3704 2496 3773 ipsorum
2544 3710 2777 3764 omnium
2817 3728 2949 3782 quos
2978 3716 3188 3773 utilitati
3231 3720 3407 3775 eccle-

1834 3787 2058 3843 siasticae
2094 3792 2332 3860 cupimus
2371 3796 2600 3866 erudiri,
2646 3801 2739 3855 sed
2777 3818 2958 3859 eorum
3001 3822 3135 3877 quos
3174 3810 3407 3867 nondum

1833 3879 2000 3949 magis
2029 3897 2249 3952 urgens,
2277 3894 2326 3939 et
2359 3886 2479 3943 huic
2501 3889 2578 3944 rei
2603 3891 2719 3946 sine
2742 3892 2904 3952 dubio
2929 3903 3280 3970 praeponenda
3307 3919 3407 3961 ne-

1833 3972 2052 4027 cessitas
2071 3978 2371 4045 occupavit.
2393 3978 2650 4046 Quoniam
2673 3984 2717 4039 si
2738 3994 2945 4043 acutum
2971 3999 3027 4045 et
3047 3991 3252 4049 fervens
3270 3995 3407 4054 adsit

1833 4062 2130 4133 ingenium,
2176 4066 2378 4124 facilius
2418 4072 2651 4130 adhaeret
2697 4077 2991 4148 eloquentia
3035 4083 3326 4153 legentibus
3352 4099 3406 4146 et

1830 4156 2164 4213 audientibus
2206 4161 2545 4232 eloquentes,
2593 4183 2747 4236 quam
2792 4170 3104 4242 eloquentia:
3144 4190 3403 4251 praecepta

1831 4249 2172 4304 sectantibus.
2203 4250 2312 4307 Nec
2350 4253 2545 4309 desunt
2578 4258 2947 4316 ecclesiastica:
2994 4263 3214 4332 liuet-te,
3243 4249 3402 4325 etiam

1831 4349 2024 4407 praeter
2050 4355 2308 4396 canonem
2352 4343 2403 4397 in
2429 4348 2756 4404 auctoritatis
2786 4366 2908 4406 arce
2933 4352 3212 4412 salubriter
3236 4359 3400 4415 collo-

1829 4440 2001 4486 catum
2023 4473 2036 4494 ,
2064 4447 2195 4501 quas
2236 4435 2457 4505 legendo
2486 4438 2643 4492 homo
2670 4456 2863 4510 capax,
2892 4445 2990 4499 etsi
3019 4446 3069 4500 id
3106 4462 3211 4503 non
3249 4460 3396 4521 agat,

1828 4522 1924 4577 sed
1952 4525 2313 4579 tantummodo
2343 4526 2502 4581 rebus
2525 4544 2641 4597 quas
2672 4530 2741 4585 ibi
2769 4532 3014 4589 dicuntur
3043 4537 3270 4595 intenttts
3298 4543 3395 4611 sit,

1828 4615 1983 4669 etiam
2012 4616 2220 4686 eloquio
2252 4632 2357 4687 quo
2381 4618 2647 4688 dicuntur,
2675 4622 2801 4678 dum
2830 4625 2880 4679 iu
2912 4626 2993 4681 his
3019 4640 3273 4698 versatur,
3301 4634 3402 4690 im.

1826 4707 2034 4773 buitur;
2063 4709 2347 4764 accedente
2377 4711 2461 4767 vel
2486 4713 2714 4770 maxime
2739 4719 3110 4777 exercitatione
3133 4724 3244 4780 sive
3268 4727 3400 4782 scri-

1826 4797 2017 4863 bendi,
2049 4800 2158 4854 sive
2188 4800 2451 4865 dictandi,
2500 4812 2767 4872 postremo
2795 4809 2953 4865 etiam
2993 4811 3235 4881 dicendi,
3272 4826 3397 4887 quae

1825 4891 2113 4945 secundum
2156 4893 2362 4960 pietatis
2385 4909 2448 4950 ac
2480 4896 2602 4951 fidei
2641 4900 2874 4969 regulam
2913 4905 3091 4961 sentit.
3128 4907 3182 4962 Si
3220 4919 3396 4965 autem

1825 4981 1928 5034 tale
1954 4980 2088 5035 desit
2124 4982 2387 5052 ingenium
2409 5027 2422 5049 ,
2467 5002 2568 5042 nec
2606 4988 2691 5043 illa
2717 4991 2979 5050 rhetorica
3022 5011 3282 5068 praecepta
3307 5015 3397 5055 ca-

1823 5072 2067 5141 piuntur;
2097 5086 2213 5139 nec,
2238 5074 2282 5128 si
2310 5090 2498 5146 magno
2520 5079 2701 5136 labore
2722 5084 2976 5140 inculcata
2998 5090 3394 5157 quantulacum-

1823 5176 1925 5230 que
1955 5176 2017 5215 ex
2048 5170 2193 5231 parte
2222 5165 2515 5233 capiantur,
2562 5170 2759 5240 aliquid
2788 5184 3023 5242 prosunt.
3055 5177 3392 5251 Quandoqui-

1821 5251 1940 5306 dem
1961 5254 2118 5307 etiam
2144 5254 2239 5323 ipsi
2265 5257 2352 5323 qui
2376 5272 2436 5312 ea
2462 5258 2777 5330 didicerunt,
2801 5273 2854 5318 et
2873 5265 3084 5334 c0piose
3105 5277 3394 5342 ornateque

1821 5341 2019 5408 dicunt,
2050 5359 2153 5398 non
2184 5359 2369 5402 omnes
2399 5357 2458 5403 ut
2483 5352 2769 5407 secundum
2796 5354 2907 5423 ipsa
2936 5356 3145 5422 dicant,
3175 5374 3395 5429 possunt

1821 5449 1883 5489 ea
1909 5436 2141 5505 cogitare
2178 5454 2296 5493 cum
2322 5439 2530 5508 dicunt,
2559 5444 2602 5497 si
2629 5458 2731 5498 non
2760 5444 2928 5501 dehis
2954 5447 3220 5521 disputant
3245 5471 3257 5506 :
3286 5453 3393 5510 imo

1821 5540 1948 5580 vero
1989 5527 2075 5581 vix
2105 5528 2240 5583 ullos
2286 5545 2468 5585 eorum
2510 5548 2629 5589 esse
2670 5534 2934 5603 existimo,
2979 5541 3068 5610 qui
3114 5553 3392 5616 utrumque

1822 5620 2046 5689 possint,
2078 5630 2131 5675 et
2155 5620 2333 5677 dicere
2357 5622 2511 5689 bene,
2535 5635 2589 5680 et
2610 5626 2677 5681 ad
2699 5627 2799 5684 hoc
2818 5630 3110 5690 faciendum
3133 5648 3391 5709 prtecepta

1823 5709 1910 5763 illa
1941 5709 2150 5765 dicendi
2178 5712 2411 5781 cogitare
2434 5729 2555 5770 cum
2597 5716 2795 5774 dicunt.
2821 5721 3120 5780 Cavendum
3145 5736 3226 5782 est
3250 5730 3390 5785 enim

1821 5819 1891 5861 ne
1914 5804 2108 5876 fugiant
2133 5818 2197 5861 ex
2219 5803 2397 5862 animo
2421 5822 2538 5880 quae
2559 5809 2777 5871 dicenda
2800 5822 2941 5885 sunt,
2962 5816 3088 5875 dum
3107 5819 3395 5878 attenditur
