3874 6326
457 352 520 414 οι
1327 353 1414 409 DE
1452 353 1794 412 DOCTillNA
1831 339 2257 411 CiliilS'i’iANA,
2301 339 2359 401 8.
2405 343 2775 403 AUGUSTINI
3667 357 3738 416 οι

459 481 519 528 ut
535 481 650 528 arte
665 471 927 528 dicantur.
959 470 1028 526 Et
1047 477 1224 525 tamen
1243 469 1299 524 in
1319 465 1650 522 sermonibus
1669 471 1826 535 atque
1851 458 2039 518 dictio-

459 561 619 620 nibus
642 561 1022 634 eloquentium,
1045 559 1258 632 impleta
1280 559 1617 631 reperiuntur
1640 563 1902 628 praecepta
1928 554 2040 611 elo-

455 657 706 730 quentize,
737 656 805 713 de
829 655 1020 727 quibus
1046 654 1125 710 illi
1154 659 1211 710 ut
1243 654 1640 724 eloquerentur,
1670 649 1754 706 vel
1778 655 1898 704 cum
1928 647 2042 703 elo-

457 760 771 822 quorentur,
821 763 927 804 non
968 747 1363 821 cogitaverunt,
1408 746 1520 802 sive
1561 743 1649 800 illa
1693 741 2038 808 didicissent,

455 843 571 901 sive
609 859 676 901 ne
712 840 1010 916 attigissent
1034 840 1268 914 quidem.
1299 836 1524 913 implent
1547 835 1743 911 quippe
1769 832 1854 891 illa
1875 878 1889 904 ,
1918 832 2041 907 quia

456 937 764 1008 eloquentes
791 942 949 996 sunt:
975 947 1082 990 non
1116 931 1398 998 adhibent,
1431 939 1488 987 ut
1507 930 1612 986 sint
1639 925 1966 1001 eloquentes.

527 1028 580 1083 5.
626 1027 980 1098 Quapropter,
1022 1042 1144 1082 cum
1179 1042 1247 1082 ex
1287 1025 1572 1080 infantibus
1613 1023 1891 1094 loquentes
1935 1036 2041 1076 non

456 1118 615 1183 iisut,
663 1118 766 1175 nisi
807 1119 1100 1176 locutiones
1131 1116 1386 1172 discendo
1415 1115 1780 1187 loquentium;
1811 1128 1908 1170 cur
1933 1114 2045 1169 elo-

455 1221 678 1279 quentes
700 1209 809 1266 fieri
843 1226 946 1266 non
970 1209 1194 1279 possint,
1220 1209 1363 1263 nulla
1383 1205 1665 1278 eloquendi
1690 1213 1807 1264 arte
1825 1205 2038 1278 tradita,

455 1299 550 1355 sed
591 1302 918 1356 elocutiones
948 1300 1308 1370 eloquentium
1337 1293 1558 1368 legendo
1582 1304 1636 1352 et
1669 1293 1952 1361 audiendo,
1990 1305 2044 1352 ct

453 1400 707 1463 quantum
728 1393 938 1463 assequi
962 1391 1290 1455 conceditur,
1316 1388 1606 1445 imitando?
1623 1386 1782 1456 Quid,
1805 1386 1946 1458 quod
1972 1388 2041 1444 ita

455 1482 571 1539 iieri
599 1483 726 1553 ipsis
745 1497 955 1556 quoque
975 1480 1279 1553 experimur
1301 1477 1596 1553 exemplis?
1616 1473 1752 1536 Nam
1772 1474 1888 1534 sine
1908 1492 2042 1548 pra:-

453 1573 622 1644 ceptis
650 1574 930 1632 rhetoricis
957 1573 1199 1628 novimus
1219 1573 1476 1644 plurimos
1494 1570 1893 1642 eloquentiores
1919 1571 2040 1642 piu-

453 1668 604 1723 rimis
641 1667 732 1738 qui
760 1667 846 1722 illa
890 1665 1222 1731 didicerunt;
1256 1663 1371 1720 sine
1416 1662 1567 1720 lectis
1597 1678 1724 1718 vero
1765 1670 1820 1719 et
1847 1663 2042 1719 auditis

454 1761 814 1830 eloquentium
855 1759 1300 1831 disputationibus
1337 1757 1421 1813 vel
1467 1753 1820 1824 dictionibus,
1869 1757 2040 1813 nemi-

455 1867 602 1910 nem.
631 1852 764 1910 Nam
794 1868 967 1923 neque
1003 1853 1117 1923 ipsa
1145 1859 1261 1911 arte
1287 1851 1630 1920 grammatica
1650 1887 1666 1918 ,
1691 1864 1798 1921 qua
1819 1849 2043 1908 discitur

454 1942 740 2004 locutionis
767 1944 1067 2015 integritas,
1089 1942 1389 2014 indigerent
1412 1941 1584 2012 pueri,
1607 1941 1652 2000 si
1681 1941 1762 1998 eis
1786 1941 1925 1999 inter
1944 1941 2043 1998 bo-

454 2036 624 2091 mines
643 2077 658 2102 ,
699 2036 790 2107 qui
831 2035 1040 2106 integre
1075 2035 1440 2106 loquerentur,
1466 2031 1710 2091 crescere
1742 2031 1959 2089 daretur
1986 2041 2043 2090 et

454 2127 655 2188 vivere.
677 2127 987 2186 Nesciean
1005 2127 1202 2198 Quippe
1222 2126 1325 2181 ulla
1346 2125 1563 2183 nomina
1584 2123 1857 2192 vitiorum,
1888 2124 2041 2196 quida

454 2219 579 2291 quid
607 2221 854 2275 vitiosum
876 2219 1186 2291 cujusquam
1207 2233 1301 2276 one
1326 2217 1594 2288 loquentis
1613 2217 1877 2283 audirent,
1912 2233 2040 2273 sana

453 2326 550 2372 sua
595 2312 980 2372 consuetudine
1027 2311 1484 2381 reprehenderent
1522 2318 1580 2366 et
1622 2317 1902 2376 caverent;
1933 2311 2040 2367 sic-

453 2411 513 2460 ut
540 2403 767 2462 rusticos
818 2403 1005 2464 urbani
1052 2402 1483 2474 reprehendunt,
1510 2401 1674 2459 etiam
1703 2402 1793 2473 qui
1837 2402 2042 2460 litteras

453 2498 717 2556 nesciunt.

613 2585 840 2647 CM’UT
876 2585 962 2642 ιν.
994 2615 1063 2626 -ο
1092 2585 1324 2656 Otii-inm
1349 2585 1570 2641 doctoris
1595 2582 1881 2640 christiani.

523 2680 578 2738 6.
607 2679 774 2738 Debet
793 2679 952 2750 igitur
976 2677 1275 2734 divinarum
1297 2677 1688 2748 Scripturarum
1715 2684 1968 2733 tractator
1985 2687 2042 2734 et

450 2775 658 2840 doctor,
688 2772 940 2828 defensor
978 2780 1139 2828 recta:
1166 2771 1288 2826 fidei
1316 2785 1380 2826 ac
1405 2769 1700 2827 debellator
1724 2771 1955 2839 erroris,
1984 2775 2042 2826 et

451 2865 590 2922 bona
613 2865 843 2931 docere,
882 2873 937 2919 et
963 2865 1102 2920 mala
1129 2863 1423 2930 dedocere;
1451 2871 1612 2934 atque
1638 2862 1692 2918 in
1731 2863 1836 2921 hoc
1877 2879 2041 2935 opere

453 2955 718 3013 sermonis
767 2955 1058 3011 conciliare
1109 2953 1359 3012 adversus
1399 2953 1438 3022 ι,
1495 2955 1748 3011 remissos
1795 2955 2037 3026 erigere,

451 3043 811 3108 nominabilis
833 3042 960 3114 quid
981 3051 1189 3113 agatur,
1217 3043 1342 3115 quid
1365 3049 1674 3113 exspectare
1697 3043 1928 3100 debeant
1953 3045 2038 3100 in-

451 3137 664 3193 timere.
706 3134 807 3192 Ubi
835 3142 1013 3192 autem
1044 3135 1360 3202 benevolos,
1408 3137 1668 3206 intentos,
1707 3137 1912 3195 dociles
1947 3148 2041 3196 aut

453 3230 737 3293 invenerit.
761 3237 852 3284 aut
872 3229 986 3299 ipso
1004 3228 1211 3294 fecerit,
1228 3239 1420 3285 cetera
1448 3230 1745 3302 peragenda
1761 3240 1905 3299 sunt,
1934 3233 2040 3290 sic-

453 3331 513 3378 ut
552 3321 783 3393 postulat
805 3335 990 3377 causa.
1019 3320 1078 3377 Si
1117 3320 1342 3377 docendi
1367 3324 1605 3393 suntqui
1632 3323 1886 3390 audiunt,
1916 3339 2038 3380 nar-

453 3415 660 3471 ratione
696 3413 998 3470 fscienduns
1028 3421 1131 3479 est,
1163 3412 1208 3468 si
1238 3421 1418 3468 tamen
1460 3413 1727 3484 indigeat,
1765 3421 1824 3470 ut
1857 3427 1944 3471 res
1968 3411 2038 3473 de

453 3520 554 3578 qua
575 3507 748 3577 agitur
777 3505 1092 3560 innotescat.
1121 3503 1191 3561 Ut
1215 3512 1392 3559 autem
1417 3518 1536 3574 qua:
1557 3504 1717 3560 dubia
1742 3514 1868 3562 sunt
1890 3514 2036 3562 certe

452 3598 602 3663 fiant,
629 3597 966 3654 documentis
988 3596 1238 3652 adhibitis
1259 3595 1680 3651 ratiocinandum
1702 3604 1803 3652 est.
1824 3597 1882 3654 Si
1908 3611 2036 3655 vero

452 3689 541 3760 qui
561 3689 783 3745 audiunt
803 3687 1050 3744 movendi
1077 3695 1201 3743 sunt
1229 3687 1403 3757 potius
1430 3701 1590 3758 quam
1616 3687 1866 3755 docendi,
1896 3698 1955 3745 ut
1982 3690 2035 3746 in

452 3795 520 3838 eo
546 3781 688 3853 quod
710 3781 820 3852 jam
845 3780 1052 3844 sciunt,
1092 3779 1298 3850 agendo
1340 3793 1447 3834 non
1486 3787 1764 3850 torpeant,
1795 3789 1850 3836 et
1877 3781 2037 3838 rebus

451 3887 757 3938 assensum,
801 3886 932 3942 quas
960 3886 1115 3927 veras
1140 3885 1260 3926 esse
1298 3869 1548 3938 fatentur,
1591 3873 2031 3942 accommodent,

453 3964 745 4033 majoribus
768 3962 976 4018 dicendi
1012 3963 1214 4018 viribus
1239 3977 1372 4032 opus
1401 3972 1504 4020 est.
1535 3961 1609 4019 ibi
1638 3964 2036 4021 obsecrationes

453 4053 934 4125 etincrepatioues,
955 4052 1340 4110 concitationes
1361 4061 1415 4108 et
1432 4053 1802 4120 coercitiones,
1823 4063 1876 4110 et
1891 4069 2037 4126 qum-

452 4162 680 4218 cumque
716 4147 821 4202 alia
859 4147 1038 4203 valent
1077 4146 1144 4202 ad
1183 4147 1600 4204 commovendos
1635 4149 1871 4218 animos,
1913 4159 2036 4206 sunt

452 4240 774 4300 necessaria.

528 4333 580 4388 7.
609 4333 676 4388 Et
704 4333 822 4387 haec
839 4330 1054 4402 quidem
1080 4339 1267 4387 cuncta
1290 4343 1412 4402 quin
1434 4331 1564 4399 diri,
1594 4345 1781 4390 omnes
1807 4333 1918 4390 fere
1937 4334 2036 4392 hoc

458 4424 632 4481 mines
655 4424 708 4481 in
730 4423 796 4480 iis
821 4437 942 4496 quae
965 4423 1264 4496 eloquendo
1286 4431 1447 4496 agunt
1469 4425 1514 4494 ³,
1546 4424 1722 4483 facere
1748 4441 1854 4483 non
1880 4429 2034 4499 quie-

453 4524 609 4573 scunt
629 4531 646 4570 ε

453 4607 683 4665 CAPUT
719 4607 786 4664 γ.
805 4637 878 4652 --
897 4605 1118 4664 Interest
1150 4610 1312 4682 inagis
1350 4619 1407 4665 ut
1442 4613 1693 4682 sapienter
1728 4613 1864 4668 dicat
1900 4617 2033 4669 chri-

521 4700 718 4756 stiana
740 4708 932 4768 orator,
958 4712 1110 4770 quam
1130 4708 1188 4755 ut
1213 4700 1516 4770 eloquenter.
1547 4701 1594 4756 υ
1598 4701 1697 4757 nde
1723 4705 1956 4776 consequi
1980 4706 2035 4760 id

524 4791 711 4851 utea.

523 4882 634 4941 Sed
660 4897 782 4939 cum
811 4881 900 4937 alii
944 4881 1139 4938 faciant
1179 4881 1397 4950 obtuso,
1435 4883 1764 4952 deformiter,
1813 4884 2029 4957 frigide;

455 4976 546 5032 alii
588 4984 774 5042 acute,
819 4983 1007 5030 ornate
1027 5014 1041 5040 ,
1082 4973 1453 5039 vehementer;
1494 4974 1642 5029 illum
1670 4977 1738 5032 ad
1773 4977 1873 5033 hoc
1899 4992 2034 5048 opus

457 5067 598 5125 unde
622 5068 846 5140 agimus,
871 5065 981 5136 jam
1007 5074 1219 5135 oportet
1239 5065 1514 5133 neodem,
1545 5069 1635 5138 qui
1661 5077 1836 5139 potest
1851 5071 2034 5142 dispu-

457 5169 574 5216 tare
598 5159 683 5214 vel
699 5159 880 5214 dicere
901 5157 1189 5226 sapienter,
1215 5156 1426 5212 etiamsi
1453 5172 1559 5214 non
1585 5163 1758 5230 potest
1777 5161 2032 5233 eloquen-

453 5264 556 5321 ter,
585 5259 644 5309 ut
670 5252 840 5325 prosit
861 5250 1216 5319 audientibus,
1243 5250 1450 5306 etiami
1485 5253 1659 5310 minus
1683 5270 1842 5325 quam
1869 5255 2030 5327 prod-

455 5354 622 5414 esset,
650 5346 694 5401 sl
720 5353 775 5401 et
800 5347 1111 5417 eloquenter
1147 5349 1326 5414 posset
1347 5342 1546 5400 dicere.
1587 5345 1686 5415 Qui
1713 5361 1841 5404 vero
1867 5346 2035 5405 afﬂuit

457 5438 726 5509 insipienti
747 5438 1068 5509 elaqoentia,
1085 5445 1235 5493 tanto
1251 5437 1417 5509 magis
1432 5439 1697 5495 cavendus
1717 5449 1817 5508 est,
1837 5453 2033 5513 quanto

457 5531 628 5603 magis
649 5531 718 5586 ab
744 5545 810 5586 eo
838 5531 891 5586 in
917 5531 980 5588 iis
1017 5545 1135 5602 qua:
1158 5530 1343 5587 audire
1382 5527 1568 5588 inutile
1595 5539 1712 5601 est,
1741 5532 2035 5593 delectatur

457 5622 692 5689 auditor,
718 5629 776 5678 et
798 5633 920 5677 eum
960 5621 1211 5692 quoniam
1237 5620 1438 5680 diserte
1460 5621 1638 5682 dicere
1662 5623 1810 5683 audit
1827 5669 1842 5697 ,
1871 5627 2033 5684 etiam

522 5766 540 5799 ί
564 5762 672 5814 uad.
695 5769 796 5816 Am.
820 5766 894 5810 Er.
921 5767 980 5822 et
993 5766 1185 5822 septem
1202 5768 1329 5820 Mss,
1354 5773 1558 5816 meos.

519 5829 540 5862 ⁸
565 5832 665 5878 nuo
683 5829 813 5886 ιω..
837 5834 945 5888 σιω
966 5821 1200 5884 loquendo
1219 5828 1441 5888 arguunt.

2149 466 2277 512 vero
2298 454 2478 512 dicere
2504 456 2789 514 existimet.
2820 453 2945 514 line
2970 467 3146 515 autem
3175 464 3434 520 sententis
3471 481 3567 524 nec
3610 471 3737 530 illos

2146 545 2300 620 iugit,
2323 547 2415 618 qui
2438 550 2609 603 artem
2629 547 2948 605 rhetoricam
2967 550 3264 607 docendam
3288 565 3574 626 putarunt:
3606 563 3734 621 fassi

2147 647 2273 696 sunt
2291 639 2436 696 enim
2462 634 2774 712 sapientiam
2796 642 2913 698 sine
2930 642 3232 714 eloquentia
3259 653 3446 716 iterum
3472 655 3732 720 prodesse

2146 731 2448 789 civitatibus
2467 733 2518 800 ις
2547 733 2906 805 eloquentiam
2933 746 3061 791 vero
3089 735 3204 793 sine
3225 740 3483 810 sapientia
3506 745 3730 805 nimium

2147 824 2338 882 obesse
2363 824 2696 897 plerumque,
2738 827 2991 896 prodesse
3018 838 3288 901 nunquam
3318 831 3538 904 (Cicero.
3569 838 3660 893 tib.
3695 842 3723 896 t

2147 917 2212 973 de
2231 916 2566 993 Inuentfone).
2599 919 2658 976 8i
2686 933 2815 992 ergo
2844 919 2946 976 hoc
2976 921 3052 976 illi
3079 924 3168 994 qui
3191 939 3454 998 pmcepta
3479 932 3732 1004 eloquen-

2148 1010 2236 1066 tite
2262 1009 2615 1080 tradiderunt,
2643 1011 2696 1067 in
2722 1013 2923 1070 eisdem
2953 1013 3100 1070 libris
3126 1016 3179 1071 in
3201 1017 3391 1088 quibus
3413 1021 3462 1077 id
3483 1035 3728 1096 egertmt,

2148 1102 2374 1159 veritate
2401 1103 2686 1175 instigante
2709 1107 2880 1162 coacti
2920 1117 3047 1163 sunt
3069 1109 3310 1167 confiteri
3330 1155 3345 1179 ,
3375 1130 3558 1172 veram
3577 1159 3592 1183 ,
3628 1119 3731 1178 hoc

2147 1204 2250 1262 ert,
2283 1204 2566 1268 supernam
2610 1207 2728 1271 qua:
2753 1200 2986 1258 aPatre
3015 1203 3270 1261 luminum
3306 1206 3614 1279 descendit,
3646 1229 3731 1270 sa-

2145 1286 2398 1358 pientiam
2423 1290 2754 1357 neScientes;
2785 1303 2983 1362 quanto
3006 1297 3174 1367 magis
3194 1313 3292 1353 nos
3315 1316 3418 1356 non
3439 1303 3580 1360 aliud
3607 1321 3730 1364 sen-

2146 1379 2248 1436 tire
2265 1379 2524 1437 debemus
2543 1424 2558 1450 ,
2587 1385 2676 1454 qui
2704 1383 2864 1455 huius
2885 1388 3159 1457 sapientia
3189 1390 3279 1446 lilii
3304 1402 3361 1448 et
3382 1395 3611 1454 ministri
3637 1411 3730 1456 su-

2144 1472 2305 1567 mus?
2348 1474 2629 1550 Sapienter
2669 1489 2845 1536 autem
2880 1480 3011 1539 dicit
3051 1481 3215 1543 homo
3260 1495 3404 1546 tanto
3447 1492 3617 1567 magis
3649 1495 3730 1556 vel

2144 1566 2357 1636 minus,
2401 1578 2602 1640 quanto
2643 1571 2695 1626 in
2721 1571 3012 1644 Scripturis
3050 1576 3251 1635 sanctis
3275 1580 3444 1651 magis
3484 1566 3730 1641 minusve

2144 1659 2390 1730 profecit.
2418 1660 2534 1717 Non
2565 1662 2686 1718 dico
2713 1663 2764 1718 in
2806 1665 2885 1720 eis
2910 1665 3134 1722 multum
3163 1667 3400 1740 legendis
3427 1676 3727 1732 memoriae.

2144 1764 2249 1822 que
2274 1753 2592 1809 mandandis
2610 1796 2625 1822 ,
2654 1755 2748 1811 sed
2774 1754 2912 1812 bene
2951 1757 3336 1830 intelligendis,
3369 1772 3423 1818 et
3451 1764 3730 1836 diligenter

2144 1857 2329 1902 earum
2357 1845 2603 1904 sensibus
2627 1845 2960 1917 indagandis.
2986 1847 3122 1908 Sunt
3140 1853 3281 1908 enim
3306 1855 3396 1924 qui
3415 1870 3510 1914 ess
3528 1858 3725 1928 legunt,

2145 1945 2199 1989 et
2225 1935 2529 2007 negligunt;
2563 1937 2748 2008 legunt
2772 1946 2830 1996 ut
2857 1947 3093 2009 teneant,
3127 1945 3397 2016 negligunt
3423 1964 3491 2002 ne
3529 1950 3728 2007 intelli-

2143 2036 2288 2098 gant.
2331 2028 2536 2098 Quibus
2562 2029 2717 2102 longe
2755 2031 2870 2087 sine
2907 2031 3069 2090 dubio
3116 2037 3431 2106 prtefereudi
3473 2051 3600 2098 sunt
3641 2044 3727 2114 qui

2144 2117 2306 2176 verba
2328 2133 2510 2178 earum
2553 2121 2729 2177 minus
2759 2132 2969 2192 tenent,
3019 2134 3073 2182 et
3099 2139 3193 2182 cor
3218 2143 3400 2188 earum
3445 2132 3524 2188 sui
3552 2135 3729 2195 cordis

2144 2211 2314 2270 oculis
2340 2211 2543 2271 vident.
2589 2213 2696 2272 Sed
2735 2218 2974 2288 utrisque
3015 2219 3104 2280 ille
3149 2222 3360 2290 melior,
3408 2228 3497 2302 qui
3526 2238 3728 2290 etcum

2143 2303 2286 2362 volet
2313 2320 2405 2362 eas
2433 2306 2580 2374 dicit,
2607 2315 2661 2365 et
2687 2308 2823 2365 sicut
2842 2320 3053 2381 oportet
3075 2311 3337 2386 intelligit.

2215 2395 2268 2452 8.
2302 2396 2434 2452 Huic
2457 2414 2584 2469 ergo
2605 2400 2693 2471 qui
2714 2403 2982 2472 sapienter
3005 2402 3163 2459 debet
3181 2405 3375 2476 dicere,
3404 2409 3566 2466 etiam
3589 2413 3729 2484 quod

2138 2502 2253 2546 non
2295 2495 2470 2562 potest
2510 2489 2856 2562 eloquenter,
2903 2493 3064 2550 verba
3108 2493 3497 2568 Scripturarum
3551 2511 3728 2559 tenere

2143 2577 2376 2634 maxime
2401 2582 2759 2638 necessarium
2791 2591 2890 2637 est.
2939 2583 3147 2652 Quanto
3175 2587 3317 2642 enim
3348 2604 3405 2644 se
3443 2591 3726 2663 pauperio-

2143 2686 2257 2728 rem
2287 2672 2458 2728 cernit
2490 2673 2542 2726 in
2569 2674 2697 2739 suis,
2731 2682 2876 2730 tanto
2902 2690 3022 2730 eum
3050 2686 3259 2747 oportet
3287 2679 3338 2732 in
3369 2681 3486 2738 iStis
3505 2697 3628 2739 esse
3652 2681 3726 2740 di-

2144 2763 2370 2831 tiorem;
2404 2772 2459 2818 ut
2486 2764 2627 2836 quod
2657 2763 2849 2820 dixerit
2889 2765 3000 2822 suis
3038 2767 3247 2836 verbis,
3282 2770 3466 2840 probet
3492 2788 3559 2829 ex
3595 2774 3723 2844 illis;

2142 2863 2198 2912 et
2228 2856 2317 2928 qui
2346 2857 2576 2928 propriis
2601 2857 2776 2914 verbis
2806 2858 2983 2913 minor
3018 2869 3166 2928 erat,
3197 2877 3511 2932 magnorum
3533 2867 3556 2898 ’
3591 2866 3703 2924 testi

2143 2948 2325 3002 monio
2345 2947 2738 3019 quodammodo
2757 2958 2979 3005 crescat.
3007 2950 3288 3009 Probando
3311 2957 3451 3010 enim
3474 2956 3723 3030 delectat,

2142 3039 2232 3110 qui
2274 3039 2453 3096 minus
2491 3049 2662 3109 potest
2701 3039 2968 3097 delectare
2995 3041 3239 3098 dicendo.
3284 3044 3449 3102 Porro
3483 3049 3576 3122 qui
3624 3065 3721 3106 non

2141 3129 2313 3184 solum
2332 3130 2632 3210 sapienter,
2663 3145 2847 3186 verum
2870 3131 3027 3186 etiam
3057 3133 3371 3205 eloquenter
3395 3138 3503 3192 vult
3522 3137 3719 3210 dicere,

2141 3202 2392 3292 quoniam
2414 3221 2651 3292 profecto
2673 3223 2790 3292 plus
2810 3223 3068 3292 proderit,
3095 3226 3141 3280 si
3161 3202 3441 3298 utrumque
3463 3202 3718 3298 potuerit;

2140 3313 2206 3370 ad
2235 3313 2490 3384 legendos
2512 3313 2595 3369 vel
2620 3314 2914 3372 audiendos
2954 3325 3008 3372 et
3033 3319 3412 3378 exercitatione
3441 3321 3723 3380 imitandos

2139 3405 2454 3476 eloquentes
2490 3420 2614 3462 eum
2646 3405 2797 3460 mitto
2826 3406 3096 3475 libentius,
3125 3423 3282 3480 quam
3305 3412 3575 3482 magistris
3595 3415 3719 3472 artis

2140 3498 2421 3556 rhetoricae
2446 3513 2638 3556 vacare
2680 3500 2932 3570 praecipio
2957 3518 2970 3556 :
3011 3501 3055 3556 si
3086 3511 3263 3558 tamen
3293 3504 3327 3558 ii
3358 3505 3448 3574 qui
3477 3507 3719 3578 leguntur

2139 3597 2197 3646 et
2222 3589 2538 3654 audiuntur,
2586 3606 2692 3646 non
2720 3592 2894 3646 solum
2938 3593 3274 3664 eloquenter,
3315 3597 3408 3654 sed
3437 3599 3601 3656 etiam
3638 3617 3717 3661 sa-

2140 3683 2348 3753 pienter
2369 3682 2571 3740 dixisse
2594 3683 2679 3739 vel
2703 3684 2882 3741 dicere
2907 3687 3084 3744 veraci
3105 3688 3480 3758 praedicatione
3500 3693 3716 3752 laudan-

2140 3782 2246 3828 tur.
2287 3773 2388 3841 Qui
2423 3774 2568 3830 enim
2611 3775 2922 3845 eloquenter
2954 3777 3164 3846 dicunt,
3203 3782 3468 3848 suaviter;
3509 3787 3600 3852 qui
3637 3800 3716 3840 sa-

2140 3868 2368 3937 pienter,
2412 3868 2694 3924 salubriter
2719 3869 3026 3926 audiuntur.
3059 3872 3282 3944 Propter
3311 3877 3450 3945 quod
3497 3893 3604 3934 non
3646 3879 3714 3936 ait

2138 3961 2429 4032 Scriptura,
2462 3962 2738 4018 Multitudo
2769 3963 3161 4035 eloquentium;
3193 3969 3306 4035 sed,
3339 3969 3614 4027 Multitudo
3637 3990 3716 4028 sa-

2140 4055 2380 4124 pientium
2406 4056 2592 4108 sanitas
2613 4065 2684 4110 est
2719 4056 2848 4110 orbis
2876 4066 3118 4110 terrarum
3148 4058 3299 4130 (Sap.
3324 4077 3393 4127 Vl,
3423 4062 3538 4135 26').
3575 4063 3714 4120 Sicut

2138 4156 2314 4203 autem
2345 4163 2486 4218 saipe
2529 4146 2785 4203 sumenda
2831 4159 2953 4203 sunt
2995 4159 3049 4205 et
3093 4166 3270 4206 amara
3324 4153 3590 4218 salubria,
3647 4154 3709 4208 ita

2139 4255 2352 4310 semper
2379 4241 2588 4295 vitanda
2629 4249 2711 4296 est
2752 4241 3048 4311 perniciosa
3077 4241 3321 4299 dulcedo.
3370 4245 3474 4301 Sed
3521 4246 3710 4301 salubri

2139 4332 2430 4396 suavitate,
2459 4333 2541 4387 vel
2571 4332 2718 4387 suavi
2749 4332 3056 4388 salubritate
3097 4335 3223 4404 quid
3253 4336 3482 4393 melius?
3509 4338 3710 4405 Quanto

2139 4425 2280 4480 enim
2311 4426 2481 4496 magis
2511 4425 2620 4480 illic
2648 4427 2914 4496 appetitur
2939 4428 3192 4495 suavitas,
3221 4437 3369 4484 tanto
3401 4429 3606 4486 facilius
3631 4445 3712 4486 ss-

2139 4517 2361 4573 lubritas
2387 4517 2618 4588 prodest.
2643 4517 2776 4575 Sunt
2797 4533 2926 4589 ergo
2948 4519 3292 4575 ecclesiastici
3313 4522 3408 4576 viri
3429 4525 3517 4594 qui
3537 4523 3708 4579 divina

2139 4612 2347 4683 eloquia
2386 4625 2490 4667 non
2534 4614 2706 4667 solum
2751 4614 3038 4682 sapienter,
3079 4613 3173 4668 sed
3209 4615 3522 4686 eloquenter
3557 4617 3706 4673 etiam

2137 4702 2496 4759 tractaverunt
2521 4721 2533 4758 :
2562 4703 2752 4774 quibus
2778 4704 3012 4775 legendis
3033 4706 3200 4776 magis
3227 4722 3332 4763 non
3359 4708 3547 4764 sufficit
3577 4717 3707 4763 tern-

2139 4809 2270 4866 pus,
2322 4809 2481 4868 quam
2535 4795 2724 4852 deesse
2778 4797 2878 4867 ipsi
2926 4798 3258 4856 studentibus
3308 4809 3362 4856 et
3412 4800 3707 4857 vacantibus

2137 4895 2379 4958 possunt.

2137 4978 2365 5036 CAPUT
2402 4977 2488 5034 Vl.
2525 4978 2784 5048 Sapientia
2798 4979 2979 5050 juncta
3015 4995 3129 5035 cum
3164 4983 3443 5054 eloquentia
3470 4985 3522 5039 in
3556 4982 3704 5038 sat-ris

2772 5073 3076 5128 auctoribus.

2209 5160 2263 5218 9.
2294 5161 2392 5217 Hic
2406 5161 2597 5232 aliquis
2620 5161 2839 5218 forsitan
2860 5165 3048 5235 quierit
3067 5173 3240 5220 utrum
3261 5176 3505 5224 auctores
3523 5165 3701 5231 nostri,

2140 5269 2362 5324 quorum
2388 5254 2582 5324 scripta
2609 5254 2859 5312 divinitus
2887 5255 3138 5327 inspirata
3158 5271 3413 5314 canonem
3442 5260 3592 5315 nobis
3619 5271 3701 5312 sa-

2141 5346 2426 5403 luberrima
2482 5347 2794 5404 auctoritate
2840 5348 3077 5404 fecerunt
3100 5392 3115 5418 ,
3170 5352 3436 5420 sapientes
3485 5361 3704 5408 tantum-

2141 5438 2321 5505 modo,
2370 5453 2436 5493 an
2485 5439 2796 5510 eloquentes
2846 5441 3004 5496 etiam
3051 5443 3385 5512 nuncupandi
3427 5445 3547 5499 sint.
3577 5443 3702 5509 ρυω

2141 5531 2354 5602 quidem
2384 5531 2604 5602 quaestio
2628 5530 2766 5602 apud
2796 5533 3088 5602 meipsum,
3121 5543 3174 5589 et
3198 5535 3334 5606 apud
3360 5548 3455 5592 eos
3481 5536 3569 5607 qui
3597 5543 3700 5588 nte-

2140 5641 2262 5683 cum
2315 5625 2456 5698 quod
2495 5625 2615 5682 dico
2670 5627 2936 5694 sentiunt,
2995 5626 3242 5712 facillime
3293 5631 3534 5687 solvitur.
3574 5626 3698 5685 Nam

2206 5769 2225 5832 ξ
2247 5771 2377 5825 Lov.,
2401 5762 2592 5832 civibus.
2619 5762 2706 5832 Alii
2729 5764 2846 5832 editi
2870 5771 2923 5814 et
2946 5773 3068 5827 διεδ..
3096 5765 3373 5819 cititatione.

2208 5828 2229 5859 ‘
2256 5835 2359 5884 mss.
2386 5825 2481 5877 due
2507 5839 2534 5876 c
2562 5827 2725 5888 \‘atic.,
2751 5827 3003 5888 majonmt.
