3874 6340
170 422 233 485 93
1520 420 1723 477 LIBER
1758 413 2104 487 QUARTUS.
2634 458 2637 461 -
3382 414 3451 484 94

171 545 255 600 ubi
297 553 391 599 eos
416 539 687 611 intelligo,
715 554 822 594 non
849 539 1019 595 solum
1046 537 1174 593 nihil
1205 537 1283 594 eis
1309 535 1602 607 sapientius
1622 578 1636 602 ,
1665 550 1758 590 vc-

170 650 286 692 mtu
327 634 496 689 etiam
546 631 680 687 nihil
726 631 1058 702 eloquentius
1090 626 1222 685 mihi
1248 624 1413 684 videri
1456 634 1648 698 potest.
1692 623 1762 681 Et

170 726 339 783 audeo
367 724 590 792 dicere,
638 736 827 779 omnes
870 722 958 794 qui
1004 731 1150 779 recte
1179 718 1476 790 intelligunt
1505 717 1646 791 quod
1684 716 1762 773 illi

170 820 484 890 loquuntur,
527 815 686 872 simul
714 814 1011 885 intelligere
1040 828 1143 868 non
1171 828 1262 868 eos
1292 813 1447 867 aliter
1476 809 1617 881 loqui
1661 809 1759 865 de-

171 912 366 968 buisse.
389 911 542 967 Sient
565 917 649 964 est
674 907 817 965 enim
845 906 1088 978 quasdam
1127 904 1427 975 eloquentia
1450 917 1568 974 quas
1594 902 1761 972 magis

168 1014 378 1061 aetatem
403 1003 695 1073 iuvenilem
739 997 896 1056 decet
919 1041 932 1063 .
972 1006 1057 1054 est
1093 1013 1213 1069 qua:
1236 996 1493 1062 senilem;
1524 1010 1625 1050 nec
1650 993 1760 1064 jam

169 1097 395 1156 dicenda
417 1092 852 1166 esteloquentia,
882 1091 927 1148 si
957 1106 1198 1164 persona:
1224 1104 1329 1145 non
1360 1096 1619 1160 congruat
1646 1086 1763 1143 elo-

168 1189 384 1263 quentis
413 1204 428 1242 :
477 1188 553 1243 ita
580 1196 663 1242 est
683 1183 925 1256 quaedam
942 1226 957 1251 ,
984 1197 1103 1253 quae
1127 1182 1271 1238 viros
1293 1194 1500 1237 summa
1530 1177 1763 1235 auctori-

166 1292 276 1339 tate
299 1279 648 1352 dignissimos
668 1276 930 1347 planeque
950 1273 1159 1330 divinos
1178 1273 1350 1329 decet.
1374 1272 1484 1328 liae
1504 1270 1578 1328 illi
1597 1270 1761 1327 locuti

164 1382 309 1442 sunt,
348 1374 623 1443 necipsos
648 1369 805 1427 decet
828 1369 950 1437 alia,
985 1380 1084 1425 nec
1121 1366 1253 1423 alios
1275 1366 1428 1438 ipsa:
1461 1366 1590 1437 ipsis
1617 1365 1759 1423 enim

166 1464 447 1540 congruit;
486 1466 619 1521 alios
644 1473 842 1530 autem,
871 1470 1069 1535 quanto
1088 1460 1296 1518 videtur
1318 1459 1587 1525 humilior,
1613 1466 1759 1514 tanto

162 1562 325 1618 altius
350 1576 463 1616 non
491 1558 841 1626 ventositate,
872 1556 966 1613 sed
994 1554 1261 1613 soliditate
1286 1552 1630 1610 transcendit.
1654 1552 1757 1613 Ubi

160 1664 290 1709 rere
314 1668 427 1708 non
458 1667 553 1707 eos
579 1648 845 1720 intelligo,
897 1650 1074 1704 minus
1114 1646 1331 1718 quidem
1372 1645 1502 1702 mihi
1538 1654 1758 1716 apparet

158 1759 344 1802 eorum
374 1742 696 1813 eloquentia,
714 1740 807 1796 sed
839 1754 955 1797 eam
991 1748 1168 1794 tamen
1196 1752 1302 1793 non
1329 1735 1514 1793 dubito
1534 1750 1652 1792 esse
1680 1742 1758 1790 ta-

157 1834 262 1892 lem
283 1881 298 1905 ,
346 1834 521 1907 qualis
546 1840 628 1889 est
649 1832 742 1887 ubi
790 1831 1043 1902 intelligo.
1075 1830 1192 1902 Ipsa
1221 1844 1431 1900 quoque
1457 1827 1756 1885 obscuritas

158 1928 462 1985 divinorum
515 1924 912 1997 salubrinmque
973 1920 1235 1979 dictorum
1290 1921 1382 1977 tali
1438 1920 1755 1991 eloquentiae

158 2017 437 2076 miscenda
469 2016 659 2083 fuerat,
692 2018 745 2072 in
774 2032 876 2087 qua
908 2015 1167 2088 prolicere
1198 2023 1381 2069 noster
1417 2012 1750 2081 intellectus,

154 2127 265 2168 non
318 2111 494 2167 solum
541 2106 881 2176 inventione,
936 2120 1124 2163 verum
1170 2105 1330 2162 etiam
1373 2104 1754 2161 exercitatione

153 2203 400 2261 deberet.

225 2299 313 2354 lt).
357 2297 579 2353 Possem
626 2294 861 2367 quidem,
888 2293 933 2349 si
956 2300 1190 2359 vacaret,
1236 2306 1421 2347 omnes
1448 2290 1673 2347 virtutes
1695 2299 1751 2346 et

150 2398 467 2446 ornamenta
496 2385 831 2457 eloquentia),
860 2383 928 2439 de
955 2383 1145 2455 quibus
1166 2382 1416 2437 inï¬‚antur
1440 2382 1526 2438 isti
1548 2383 1634 2453 qui
1654 2382 1753 2437 litt-

152 2498 311 2553 gnam
340 2494 491 2536 suam
520 2487 823 2535 nostrorum
854 2484 1130 2532 auctorum
1154 2475 1366 2546 lingum,
1414 2491 1517 2530 non
1550 2475 1753 2546 magni-

152 2571 361 2636 tudine,
394 2570 489 2627 sed
510 2579 721 2626 tumore
760 2574 1098 2641 prmpouunt,
1138 2566 1421 2623 ostendere
1451 2566 1502 2621 in
1532 2567 1751 2623 istorum

148 2663 371 2721 Litteris
387 2662 575 2730 sacris,
605 2675 739 2734 quos
754 2662 907 2717 nobis
926 2660 1250 2727 erudiendis,
1264 2668 1319 2716 et
1347 2660 1414 2715 ab
1438 2658 1541 2715 hoc
1557 2660 1752 2716 smcuio

150 2770 321 2829 pravo
343 2755 395 2810 in
449 2752 665 2809 beatum
692 2753 945 2808 sazculum
976 2750 1378 2819 transferendis,
1422 2749 1750 2825 providentia

148 2846 331 2904 divina
352 2844 603 2919 providit.
634 2841 743 2900 Sed
762 2859 865 2899 non
884 2843 996 2916 ipsa
1021 2858 1106 2899 me
1124 2843 1239 2914 plus
1265 2858 1424 2914 quam
1456 2843 1560 2900 dici
1578 2850 1752 2914 potest

146 2941 201 2995 in
235 2936 324 2994 illa
371 2936 672 3009 eloquentia
700 2935 997 3002 delectant,
1028 2951 1146 3005 quae
1194 2944 1318 2991 sunt
1344 2935 1425 2992 his
1473 2936 1602 2992 viris
1629 2951 1750 2992 cum

147 3028 458 3087 oratoribus
480 3028 770 3086 Gentilium
796 3028 1031 3097 poetisve
1047 3027 1352 3083 communia
1384 3045 1395 3080 :
1430 3026 1558 3081 illud
1582 3028 1751 3099 magis

147 3120 389 3179 admiror
431 3130 483 3177 et
512 3129 723 3192 stupeo,
761 3119 901 3190 quod
956 3119 1055 3173 ista
1085 3125 1264 3173 nostra
1319 3117 1620 3188 eloquentia
1678 3118 1749 3173 ita

146 3214 228 3269 usi
258 3220 389 3269 sunt
414 3227 509 3284 per
536 3210 758 3267 alteram
780 3209 1062 3282 quamdam
1095 3207 1452 3279 eloquentiam
1480 3224 1659 3277 suam,
1694 3216 1751 3264 ut

146 3320 246 3361 nec
276 3304 491 3360 deesset
542 3304 640 3370 eis,
671 3316 767 3358 nec
792 3299 1054 3356 emineret
1097 3296 1148 3354 in
1194 3301 1273 3355 eis
1306 3317 1319 3353 :
1352 3300 1473 3370 quia
1503 3315 1619 3356 eam
1650 3314 1748 3355 nec

144 3396 447 3467 improbari
477 3394 544 3450 ab
575 3395 701 3460 illis,
740 3409 839 3449 nec
868 3394 1125 3449 ostentari
1156 3392 1475 3463 Oportebat;
1522 3408 1747 3463 quorum

146 3489 382 3544 alterum
415 3486 586 3555 licret,
619 3488 664 3541 si
692 3486 982 3553 vitaretur;
1015 3485 1239 3539 alterum
1270 3485 1442 3555 putari
1470 3494 1668 3555 posset,
1701 3486 1747 3541 si

147 3582 305 3637 facile
327 3587 729 3652 agnosceretur.
760 3578 824 3634 Et
852 3576 903 3632 in
945 3577 1134 3647 quibus
1163 3575 1297 3632 forte
1334 3576 1467 3632 locis
1496 3577 1743 3648 agnosci-

148 3687 235 3733 tur
260 3693 291 3730 a
322 3675 513 3743 doctis,
558 3674 693 3729 tales
717 3687 803 3729 res
832 3672 1104 3735 dicuntur,
1133 3679 1191 3726 ut
1218 3670 1380 3726 verba
1429 3669 1620 3739 quibus
1660 3670 1744 3726 di-

146 3776 365 3831 cuntur,
404 3781 509 3821 non
548 3780 576 3819 a
604 3765 813 3820 dicente
840 3762 1094 3828 adhibita,
1129 3760 1224 3817 sed
1258 3762 1386 3833 ipsis
1410 3760 1574 3816 rebus
1603 3760 1747 3817 velut

148 3864 346 3929 Sponte
370 3857 649 3928 subiuncta
673 3855 954 3911 videantur
981 3876 993 3908 :
1025 3854 1175 3925 quasi
1209 3844 1522 3925 sapientiam
1553 3852 1621 3910 de
1644 3852 1742 3909 do-

146 3966 238 4007 mo
261 3967 384 4019 sua,
404 3951 455 4006 id
476 3960 576 4018 est,
602 3961 817 4022 pectore
848 3949 1101 4020 sapientis
1130 3948 1420 4021 procedere
1448 3948 1740 4020 intelligas,

147 4055 198 4099 et
230 4054 489 4115 tanquam
528 4042 929 4112 inseparabilem
970 4040 1219 4097 famulam
1250 4042 1409 4098 etiam
1448 4057 1556 4098 non
1582 4056 1740 4098 voca-

148 4150 255 4193 tam
280 4135 436 4207 sequi
456 4135 829 4207 eloquentiam.

145 4228 385 4287 CAPUT
410 4229 515 4285 Vil.
540 4261 608 4270 --
636 4226 861 4284 Pulchre
886 4228 1047 4295 docet,
1098 4227 1331 4283 adductis
1372 4228 1632 4300 exemplis,
1689 4229 1744 4285 in

218 4323 383 4376 sacris
412 4320 612 4375 Litteris
636 4320 793 4377 inesse
822 4336 1113 4393 germanam
1139 4319 1489 4392 eloquentiam,
1521 4336 1632 4389 qua:
1656 4338 1742 4375 sa-

219 4415 429 4486 pientia:
468 4411 689 4467 adharet
716 4412 848 4467 velut
898 4410 1249 4483 inseparabilis
1277 4426 1459 4465 comes.
1492 4409 1743 4483 Exempla

214 4515 481 4577 ponantur
504 4519 570 4559 ea:
613 4499 859 4574 Epistolis
904 4499 1081 4569 Pauli,
1126 4511 1170 4556 et
1196 4518 1257 4556 ex
1294 4500 1447 4556 Amos
1478 4504 1739 4573 prapheta.

220 4594 531 4668 Exemï¬‚am
556 4594 697 4649 aliud
725 4610 863 4651 same
890 4593 1186 4664 eloquentia:
1214 4609 1275 4648 ea:
1310 4594 1461 4648 Amos
1497 4593 1547 4659 6,
1583 4594 1633 4649 l.

218 4691 315 4746 ii.
353 4690 480 4759 Quis
505 4689 647 4745 enim
695 4703 801 4743 non
844 4687 1019 4744 videat
1048 4687 1171 4759 quid
1194 4688 1414 4743 voluerit
1439 4687 1637 4756 dicere,
1689 4699 1746 4744 et

149 4798 311 4855 quam
346 4784 612 4853 sapienter
644 4780 836 4838 dixerit
880 4781 1166 4853 Apostolus
1201 4801 1212 4835 :
1245 4780 1539 4836 Gloriamur
1568 4783 1620 4836 in
1650 4781 1740 4837 tri-

149 4877 508 4939 bulationibus,
560 4876 770 4929 scientes
795 4874 914 4944 quia
944 4874 1198 4928 tribulatio
1227 4873 1519 4943 patientiam
1557 4889 1742 4944 apera-

152 4978 255 5037 tur,
290 4967 528 5040 patientia
571 4975 740 5019 autem
772 4966 1133 5036 probationem,
1165 4966 1391 5037 probatio
1435 4980 1548 5019 vero
1576 4982 1737 5037 spem,

152 5079 265 5135 spes
314 5070 476 5114 autem
519 5076 619 5114 non
648 5059 955 5131 confundit:
984 5059 1102 5132 quia
1153 5058 1371 5112 charitas
1418 5056 1512 5111 Dei
1552 5056 1741 5125 di/Tusa

153 5157 302 5211 estin
334 5155 565 5210 cordibus
590 5154 773 5209 nostris
799 5171 886 5225 per
916 5153 1166 5225 Spiritum
1196 5162 1444 5217 sanctum,
1472 5154 1558 5225 qui
1583 5152 1734 5207 datus

152 5256 218 5302 est
249 5246 393 5303 nobis
436 5244 610 5319 (Rom.
639 5264 692 5313 Î½,
720 5244 882 5318 3-5)?
907 5244 1004 5300 Hic
1050 5244 1093 5300 si
1124 5245 1260 5317 quis,
1307 5254 1361 5301 ttt
1392 5243 1464 5299 ita
1488 5244 1736 5315 dixerim,

156 5338 400 5411 imperite
417 5339 632 5409 peritas,
658 5336 787 5394 artis
808 5337 1122 5411 eloquentiae
1148 5346 1408 5409 praecepta
1427 5336 1737 5408 Apostolum

156 5436 395 5486 secutum
426 5428 588 5485 fuisse
615 5427 922 5497 contendat,
967 5445 1140 5485 nonne
1169 5446 1199 5487 a
1227 5425 1541 5484 Christianis
1569 5428 1740 5485 doctis

158 5521 484 5594 indoctisque
512 5519 809 5576 ridebitur?
832 5519 896 5576 Et
918 5530 1091 5575 tamen
1110 5520 1412 5592 agnoscitur
1439 5520 1522 5577 hic
1548 5518 1734 5592 ï¬gura,

153 5626 273 5684 qua
298 5623 473 5682 ÎºÎ»á½·Î¼Î±Î¾
496 5624 691 5684 graace,
712 5610 875 5667 latine
900 5626 1027 5666 vero
1047 5627 1077 5665 a
1102 5611 1413 5682 quibusdam
1439 5621 1521 5668 est
1552 5612 1735 5687 appel-

154 5705 258 5762 lata
285 5704 546 5778 gradatio,
577 5705 831 5777 quoziiam
859 5706 1053 5761 scalam
1079 5704 1255 5762 dicere
1286 5706 1587 5773 noluerunt,
1615 5723 1735 5765 cum

154 5800 315 5858 verba
338 5801 423 5857 vel
442 5812 599 5857 sensa
618 5809 1007 5857 concessurum
1032 5802 1259 5855 alterum
1283 5815 1349 5857 ex
1375 5801 1571 5871 altera;
1599 5802 1735 5857 sicut

158 5891 259 5961 hic,
303 5909 372 5951 ex
417 5892 755 5949 tribulatione
783 5893 1107 5963 patientiam,
1150 5908 1213 5950 ex
1243 5894 1491 5965 patientia
1540 5894 1732 5964 proba-

1871 535 2092 603 tionem,
2107 550 2172 592 ex
2196 536 2505 607 probatione
2520 553 2667 610 spem
2694 550 2986 595 connexam
3008 540 3265 597 videmus.
3282 544 3450 615 Agna.

1870 628 2035 685 scitur
2064 638 2117 684 et
2138 629 2279 686 aliud
2307 631 2489 699 decus,
2511 634 2759 704 quoniam
2788 644 2907 704 pom
2936 630 3107 705 aliqua
3137 638 3447 707 pronuntia-

1870 721 2027 777 tionis
2052 738 2181 780 vnce
2208 722 2409 795 singula
2428 724 2589 791 linita,
2611 740 2729 797 qua:
2758 726 2923 782 nostri
2942 725 3179 783 membra
3206 735 3260 784 et
3288 743 3445 798 eiusa,

1867 811 2038 872 Grzeci
2064 825 2237 872 autem
2254 827 2379 873 Îºá¿¶Î»Î±
2406 827 2459 875 et
2474 830 2697 889 Îºá½¹Î¼Î¼Î±Ï„Î±
2730 830 2938 885 vocant,
2988 820 3229 892 sequitur
3275 821 3447 877 ambi-

1869 913 1955 962 tus
1982 906 2094 963 sive
2140 905 2411 976 circuitus,
2438 924 2596 980 quem
2623 914 2832 982 Ï€ÎµÏá¿–Î¿Î´Î¿Î½
2874 909 2947 965 illi
2972 906 3260 981 appellant,
3290 912 3441 983 cujus

1868 998 2104 1054 membra
2129 998 2524 1070 suspenduntur
2546 1014 2678 1057 voce
2701 997 2944 1067 dicentis,
2965 1000 3139 1057 donec
3163 1000 3349 1057 ultimo
3378 1002 3446 1058 li-

1868 1089 2062 1144 niatur.
2091 1089 2223 1145 Nam
2250 1104 2433 1147 eorum
2460 1106 2579 1163 qua;
2601 1089 2907 1163 praecedunt
2943 1089 3243 1157 circuitum,
3268 1109 3440 1149 mem-

1866 1180 2019 1238 brum
2050 1178 2176 1239 illud
2221 1192 2303 1239 est
2332 1184 2580 1256 primum,
2609 1182 2847 1256 quoniam
2874 1183 3128 1241 tribulatio
3151 1183 3443 1258 patientiam

1866 1279 2136 1342 operatur;
2153 1272 2466 1341 secundum,
2489 1274 2731 1351 patientia
2758 1283 2923 1331 autem
2944 1274 3320 1347 probationem;
3346 1287 3447 1333 ter-

1866 1362 2019 1430 tium,
2052 1365 2280 1435 probatio
2304 1380 2421 1421 vero
2445 1382 2603 1436 spem.
2626 1362 2824 1423 Deinde
2848 1366 3183 1440 subiungitur
3209 1369 3321 1441 ipse
3340 1368 3445 1426 cir-

1864 1455 2055 1523 cuitus,
2084 1457 2171 1526 qui
2202 1456 2369 1512 tribus
2389 1458 2655 1529 peragitur
2668 1457 2942 1526 membris,
2971 1473 3192 1529 quorum
3215 1459 3444 1531 primum

1864 1556 1966 1613 est,
1997 1562 2109 1617 spes
2123 1555 2291 1602 autem
2319 1564 2418 1603 non
2444 1549 2737 1619 confundit;
2762 1548 3072 1613 secundum,
3090 1552 3209 1621 quia
3223 1551 3445 1609 charitas

1862 1635 1960 1692 Dei
1983 1637 2172 1705 diffusa
2195 1647 2267 1694 est
2290 1638 2342 1694 in
2380 1640 2611 1696 cordibus
2639 1640 2824 1696 nostris
2846 1656 2867 1708 ;
2890 1640 3127 1710 tertium,
3155 1660 3243 1715 per
3271 1640 3445 1714 Spiri-

1862 1736 1967 1784 tum
1988 1739 2215 1785 sanctum
2241 1733 2326 1804 qui
2368 1732 2514 1787 datus
2540 1743 2613 1787 est
2654 1732 2814 1787 nobis.
2842 1734 2908 1788 At
2935 1730 3047 1790 inec
3076 1743 3235 1806 atque
3262 1732 3446 1805 hujus-

1861 1823 2069 1879 cemodi
2101 1824 2153 1879 in
2184 1824 2497 1881 elocutionis
2521 1834 2635 1881 arte
2662 1824 2960 1883 traduntur.
2992 1820 3139 1883 Sicut
3162 1842 3290 1902 ergo
3314 1832 3446 1901 Apoo

1862 1914 2058 1971 stolum
2090 1927 2353 1989 prmcepta
2379 1917 2694 1988 eloquentia:
2724 1927 2961 1974 secutum
2991 1914 3152 1975 fuisse
3178 1934 3284 1975 non
3306 1919 3440 1976 dici-

1857 2020 1996 2073 mus,
2029 2007 2096 2061 ita
2124 2006 2264 2078 quod
2300 2009 2414 2079 ejus
2451 2006 2762 2080 sapientiam
2806 2017 2984 2065 secuta
3016 2009 3084 2065 sit
3113 2010 3435 2082 eloquentia,

1858 2116 1962 2155 non
2000 2116 2273 2172 negamus.

1930 2195 2018 2250 12.
2070 2196 2321 2252 Scribcns
2364 2196 2429 2253 ad
2482 2197 2806 2268 Corinthios,
2849 2198 2900 2253 in
2946 2197 3177 2255 secunda
3207 2198 3443 2270 Epistula

1856 2287 2126 2359 redarguit
2150 2289 2426 2359 quosdam,
2478 2289 2567 2361 qui
2594 2298 2747 2347 erant
2785 2306 2849 2347 ex
2873 2289 3069 2347 Iudaeis
3100 2291 3433 2363 pseudoapo-

1856 2381 1999 2449 stoli,
2027 2382 2181 2453 eique
2206 2381 2553 2439 detrahebant
2582 2401 2594 2436 :
2623 2392 2678 2439 et
2720 2383 2969 2454 quoniam
2999 2384 3229 2457 seipsum
3260 2384 3443 2457 praedi-

1856 2487 1977 2527 care
1990 2475 2344 2543 compellitur,
2360 2474 2496 2531 banc
2509 2473 2609 2530 sibi
2630 2475 2775 2530 velut
2793 2476 3146 2548 insipientiam
3162 2474 3422 2548 tribuens,

1855 2580 2012 2637 quam
2041 2567 2310 2637 sapienter
2344 2567 2490 2635 dicit,
2548 2584 2813 2639 quamque
2841 2568 3195 2641 eloquenter?
3223 2570 3318 2627 sed
3348 2582 3439 2629 co-

1859 2673 1975 2713 mes
2002 2659 2298 2728 sapientim,
2329 2658 2432 2715 dux
2456 2659 2807 2730 eloquentiae;
2836 2659 2978 2719 illam
3019 2675 3268 2733 sequens,
3291 2660 3444 2718 istam

1859 2749 2170 2820 praecedens
2197 2758 2251 2805 et
2279 2760 2586 2821 sequentem
2623 2767 2727 2805 non
2778 2766 3054 2822 respuens.
3085 2749 3276 2811 lterum
3305 2753 3439 2820 dico,

1856 2838 2044 2912 inquit,
2078 2857 2139 2896 ne
2166 2843 2277 2911 quis
2307 2858 2384 2896 me
2425 2842 2669 2897 existimet
2716 2843 3031 2915 insipientem
3058 2860 3196 2910 esse;
3222 2843 3445 2916 alioquin

1855 2936 1985 2989 velut
2011 2935 2325 3006 insipientem
2352 2936 2586 3008 suscipite
2614 2950 2711 3003 me,
2741 2944 2791 2989 ut
2843 2945 2892 2990 et
2926 2953 3014 3007 ego
3044 2934 3294 2990 modicum
3314 2937 3437 3010 quid

1854 3027 2057 3098 glorier.
2093 3026 2242 3096 Quod
2281 3029 2475 3099 loquor,
2508 3046 2606 3084 non
2646 3029 2822 3100 loquor
2844 3030 3115 3084 secundant
3142 3027 3334 3100 Deum,
3358 3030 3446 3086 sed

1853 3119 1995 3188 quasi
2045 3119 2098 3173 in
2125 3118 2351 3185 stultitia,
2397 3119 2450 3173 in
2499 3119 2593 3174 hac
2644 3120 2921 3175 substantia
2956 3121 3147 3193 gloriae.
3180 3121 3433 3191 Quoniam

1860 3212 2060 3281 quidem
2082 3211 2230 3266 multi
2254 3212 2536 3283 gloriantur
2577 3212 2850 3267 secundum
2885 3229 3107 3276 carnem,
3136 3221 3183 3268 et
3209 3229 3299 3287 ego
3325 3214 3435 3285 glo-

1852 3302 2041 3358 riabor.
2098 3301 2331 3358 Libenter
2378 3302 2507 3357 enim
2534 3304 2789 3360 sustinetis
2834 3304 3141 3378 insipientes,
3176 3323 3286 3362 cum
3329 3308 3436 3363 sitis

1852 3396 1955 3465 ipsi
1978 3396 2243 3468 sapientes.
2271 3394 2519 3451 Toleratis
2558 3397 2688 3453 enim
2737 3396 2781 3450 si
2809 3397 2919 3464 quis
2946 3415 3029 3452 vos
3070 3400 3122 3453 in
3157 3401 3441 3455 servitutem

1850 3489 2056 3560 redigit,
2079 3490 2123 3543 si
2148 3489 2258 3560 quis
2288 3487 2508 3556 devorat,
2530 3490 2573 3543 si
2593 3490 2704 3560 quis
2730 3492 2930 3561 accipit,
2959 3492 3001 3545 si
3020 3493 3131 3563 quis
3161 3494 3437 3564 extollitur,

1849 3585 1895 3639 si
1918 3583 2028 3657 quis
2039 3584 2089 3638 in
2108 3584 2287 3655 faciem
2312 3600 2397 3641 vos
2415 3583 2578 3645 credit,
2598 3582 2894 3638 Secundum
2915 3585 3275 3657 ignobilitatem
3302 3588 3437 3657 dico,

1848 3676 1994 3747 quasi
2022 3692 2111 3730 nos
2158 3673 2399 3744 inï¬rmati
2425 3674 2598 3729 simus.
2623 3671 2687 3727 In
2726 3692 2824 3745 quo
2846 3685 3010 3729 autem
3046 3676 3155 3746 quis
3172 3678 3321 3731 audet
3349 3680 3423 3751 (in

1848 3769 2137 3839 insipientia
2174 3767 2329 3837 dico),
2389 3768 2549 3823 audeo
2576 3776 2623 3821 et
2652 3784 2762 3839 ego.
2797 3765 2997 3823 Hebraei
3041 3771 3199 3825 sunt?
3227 3780 3273 3824 et
3323 3788 3432 3842 ego.

1850 3860 2100 3916 Israelin
2118 3860 2279 3914 sunt?
2304 3868 2349 3913 et
2369 3877 2478 3931 ego.
2512 3857 2694 3915 Semen
2714 3856 2931 3913 Abt-alta:
2948 3869 3060 3914 sunt
3078 3862 3101 3915 ?
3117 3869 3161 3914 et
3188 3878 3298 3935 ego.
3333 3862 3435 3918 Mi-

1848 3954 1994 4009 nistri
2020 3953 2204 4009 Christi
2235 3953 2387 4007 sunt?
2409 3952 2669 4024 (insipiens
2691 3950 2824 4025 dico)
2846 3969 3096 4025 superego
3128 3954 3166 4013 â€˜.
3198 3952 3263 4011 In
3295 3953 3435 4009 laba-

1849 4047 1987 4105 ribus
2010 4045 2377 4119 plurimum,,in
2394 4044 2672 4101 carceribus
2697 4043 3055 4114 abundantius,
3082 4048 3133 4099 in
3154 4047 3318 4123 plagis
3346 4064 3438 4102 stt-

1850 4156 1945 4211 pra
1983 4137 2208 4204 modum,
2242 4137 2292 4191 in
2316 4136 2553 4191 mortibus
2581 4138 2786 4208 stepius.
2820 4137 2861 4190 Î‘
2904 4136 3102 4194 Iudaeis
3149 4140 3432 4210 quinquies,

1847 4232 2182 4304 quadraginta
2210 4248 2311 4284 una
2334 4230 2497 4286 minus
2516 4232 2705 4300 accepi.
2732 4227 2829 4283 Ter
2852 4229 3003 4302 virgis
3020 4245 3179 4287 cursus
3193 4247 3325 4298 sum,
3352 4248 3436 4287 se-

1849 4327 1948 4382 met
1975 4325 2238 4397 lapidatus
2264 4341 2393 4390 sum,
2428 4333 2503 4378 ter
2527 4323 2850 4395 naufragium
2871 4322 2972 4393 [cci
3002 4338 3020 4375 :
3052 4331 3192 4377 nocte
3206 4330 3253 4378 et
3277 4322 3359 4379 die
3381 4323 3436 4381 in

1848 4418 2104 4494 profundo
2120 4419 2275 4473 maris
2311 4416 2419 4487 fui;
2445 4416 2500 4470 in
2521 4413 2778 4471 itineribus
2806 4428 2967 4485 stupe,
2995 4414 3229 4484 periculis
3256 4414 3431 4486 ï¬‚umi-

1850 4528 1991 4574 num,
2022 4509 2257 4580 periculis
2274 4508 2546 4572 latronum,
2567 4505 2801 4577 periculis
2830 4522 2890 4560 cas
2909 4521 3103 4577 genere,
3121 4506 3355 4579 periculis
3372 4523 3436 4561 ex

1848 4600 2091 4677 gentibus,
2121 4598 2358 4673 periculis
2381 4598 2667 4663 incivitate,
2693 4594 2928 4666 periculis
2954 4595 3007 4650 in
3031 4594 3246 4665 deserto,
3294 4600 3432 4669 peri-

1850 4692 1978 4747 culis
2003 4692 2056 4746 in
2083 4691 2231 4755 mari,
2268 4688 2504 4763 periculis
2529 4688 2580 4743 in
2607 4688 2752 4761 falsis
2778 4686 3018 4758 fratribus
3048 4702 3067 4742 :
3098 4688 3152 4745 in
3174 4686 3363 4743 labore.
3384 4699 3433 4744 et

1848 4800 2093 4850 (erumna,
2119 4782 2173 4837 in
2218 4782 2402 4853 vigiliis
2437 4780 2641 4852 ÏƒÏ‰Ïá½·Ï„Î±Ï‚,
2674 4779 2727 4833 in
2755 4782 2891 4851 [ante
2918 4788 2965 4835 et
2992 4779 3096 4844 siti,
3124 4779 3176 4835 in
3217 4780 3433 4853 jejuuiis

1849 4873 2055 4947 stepius,
2076 4874 2128 4928 in
2164 4873 2355 4947 [rigore
2382 4882 2427 4926 et
2456 4870 2680 4931 nuditate
2698 4887 2715 4925 :
2732 4880 2912 4943 prwter
2931 4870 3023 4927 illa
3050 4886 3163 4941 quas
3184 4872 3430 4929 extrinse-

1848 4984 1938 5021 cus
1962 4974 2097 5034 sunt,
2122 4966 2352 5019 incursus
2375 4964 2427 5020 in
2446 4981 2523 5018 me
2545 4963 2885 5035 quotidianus,
2909 4961 3195 5021 sollicitudo
3211 4961 3432 5019 omnium

1824 5044 2213 5113 'Ecclesiarwn.
2250 5054 2373 5127 Quis
2399 5055 2707 5123 infirmatur,
2727 5063 2771 5109 et
2796 5072 2885 5126 ego
2911 5070 3009 5109 non
3026 5053 3295 5123 inï¬rmor?
3317 5053 3431 5124 quis

1847 5149 2243 5216 scandalizatur,
2284 5158 2331 5205 et
2354 5164 2446 5221 ego
2475 5164 2575 5204 non
2605 5148 2765 5205 uror?
2804 5146 2865 5205 Si
2887 5147 3098 5219 gloriari
3137 5155 3349 5217 Oportet,
3378 5148 3429 5201 in

1845 5248 1907 5303 iis
1936 5261 2047 5319 gate
2069 5242 2378 5315 inï¬rmitatis
2397 5259 2519 5298 mete
2546 5251 2683 5309 sunt,
2710 5241 2963 5314 gloriabor
2994 5237 3057 5313 (il
3086 5239 3202 5296 Cor.
3233 5256 3309 5305 xl,
3340 5239 3431 5297 l6.

1848 5338 1961 5411 50).
1989 5336 2194 5406 Quanta
2217 5334 2476 5411 sapientia
2498 5335 2597 5393 ista
2620 5335 2729 5393 sint
2762 5332 2901 5389 dicta
2926 5330 3207 5402 vigilantes
3229 5332 3427 5389 vident.

1845 5430 2054 5499 Quanto
2078 5444 2205 5484 vero
2233 5429 2392 5485 etiam
2417 5426 2731 5500 eloquentiae
2767 5422 3139 5483 concurrerint
3182 5423 3398 5483 ï¬‚umine
3416 5470 3429 5493 ,

1844 5531 1901 5580 et
1919 5522 2012 5595 qui
2036 5522 2213 5579 stertit
2240 5518 2485 5579 advertit.

1920 5615 2007 5674 l3.
2050 5613 2218 5672 Porro
2238 5625 2413 5670 autem
2439 5609 2533 5684 qui
2561 5608 2729 5675 novit.
2771 5607 3013 5683 agnoscit
3027 5608 3174 5683 quod
3200 5623 3265 5667 ea
3293 5624 3431 5667 causa

1842 5828 2197 5948 ÎŸá¿“á½·á¿á¿—á¿–Îµ,
2210 5828 2297 5898 egb
2317 5869 2327 5882 .
2352 5828 2435 5880 ubi
2458 5829 2701 5891 interpres
2718 5828 2869 5879 verba
2890 5828 3045 5891 magis
3064 5840 3091 5875 r

1844 5912 1932 5951 seu
1957 5907 2022 5943 en
2144 5931 2153 5943 .

3238 5774 3314 5833 per
3330 5773 3435 5824 ego.

3238 5830 3272 5876 Î¹Î¹
3290 5834 3437 5886 quem
