3874 6312
440 391 511 453 95
1285 379 1375 440 DE
1408 375 1752 438 DOCTRINA
1789 370 2217 439 CHRISTIANA,
2258 370 2313 429 S.
2354 369 2718 429 AUGUSTINI
3620 366 3699 427 96

440 520 561 578 qua!
581 514 804 574 κόμματα
828 498 1000 557 Grteci
1027 503 1238 561 vocant,
1265 504 1323 551 et
1360 492 1619 559 membra,
1647 497 1701 545 et
1741 486 2012 551 circuitus,

444 598 514 655 de
537 595 727 668 quibus
750 593 909 664 paulo
948 600 1070 646 ante
1098 587 1345 653 disserui,
1383 600 1504 641 cum
1534 580 1907 639 decentissima
1928 592 2017 631 va-

442 688 632 745 rietate
679 686 1161 755 interponerentur,
1191 688 1353 735 totam
1380 677 1535 733 istam
1576 674 1806 746 speciem
1835 671 2021 727 dictio-

445 781 547 846 nis,
581 787 635 833 et
652 777 802 849 quasi
828 778 944 845 ejus
967 774 1189 837 vultum,
1219 786 1324 843 quo
1344 770 1502 827 etiam
1524 768 1722 824 indocti
1752 766 2020 822 delectan-

451 882 535 926 tur
574 876 975 939 moventurque,
1013 866 1268 921 fecerunt.
1286 862 1419 919 Nam
1444 862 1583 919 unde
1612 862 1866 932 coepimus
1882 860 2021 915 hunc

447 964 620 1020 locum
649 962 905 1028 inserere,
927 959 1179 1016 circuitus
1204 967 1324 1014 sunt
1351 975 1364 1013 :
1396 957 1596 1029 primus
1622 956 1895 1021 minimus,
1924 954 2024 1010 hoc

448 1069 531 1116 est
546 1056 888 1122 bimembris;
917 1056 1089 1110 minus
1101 1054 1243 1110 enim
1262 1068 1418 1123 quam
1436 1051 1544 1107 duo
1566 1051 1803 1107 membra
1827 1048 2023 1105 circui-

448 1161 533 1206 tus
558 1148 755 1205 habere
772 1162 877 1203 non
898 1153 1138 1217 possunt,
1151 1145 1297 1215 plura
1326 1157 1453 1199 vero
1482 1150 1706 1213 possunt
1735 1159 1748 1194 :
1780 1156 1906 1211 ergo
1934 1139 2026 1194 ille

449 1242 651 1314 primus
669 1246 774 1305 est,
806 1237 833 1293 l
841 1248 999 1293 terum
1014 1238 1147 1303 dico,
1174 1252 1238 1290 ne
1254 1236 1365 1306 quis
1390 1250 1468 1288 me
1501 1234 1744 1288 existimet
1780 1232 2025 1302 insipien-

451 1341 546 1387 tem
576 1346 699 1385 esse.
723 1328 971 1400 Sequitur
990 1328 1126 1382 alius
1153 1325 1496 1388 trimembris,
1526 1324 1764 1393 Alioquin
1789 1324 1919 1377 velut
1943 1323 2025 1375 in-

450 1423 707 1493 sipientem
735 1421 970 1489 suscipite
998 1436 1096 1485 me,
1124 1426 1241 1473 utet
1271 1434 1363 1488 ego
1383 1416 1634 1471 modicum
1661 1414 1783 1486 quid
1819 1414 2025 1485 glorier.

453 1513 665 1569 Tertius
678 1513 767 1583 qui
794 1511 1033 1581 sequitur
1055 1510 1289 1566 membra
1315 1509 1471 1564 habet
1496 1516 1741 1578 quatuor,
1776 1504 1923 1572 Quod
1949 1505 2027 1558 lo-

452 1624 597 1679 quor,
632 1622 732 1659 non
758 1606 933 1675 loquor
972 1603 1247 1659 secundum
1278 1603 1462 1668 Deum,
1490 1600 1576 1656 sed
1597 1601 1737 1672 quasi
1765 1601 1817 1653 in
1864 1598 2029 1651 stulti-

456 1698 549 1764 tia,
570 1697 622 1750 in
648 1695 740 1749 hac
764 1695 1041 1749 substantia
1067 1694 1260 1764 gloriaz.
1288 1692 1516 1761 Quartus
1541 1691 1646 1746 duo
1662 1690 1837 1755 habet,
1867 1688 2031 1754 Quan-

457 1786 724 1858 doquidem
771 1786 913 1840 multi
965 1786 1244 1857 gloriantur
1286 1784 1561 1839 secundum
1611 1798 1830 1848 carnem,
1872 1792 1918 1836 et
1943 1798 2032 1852 ego

456 1878 727 1951 gloriabor.
754 1878 817 1933 Et
836 1878 1046 1948 quintus
1068 1876 1229 1931 habet
1257 1876 1382 1943 duo,
1410 1875 1641 1929 Libenter
1661 1874 1789 1927 enim
1818 1874 2033 1927 sustine-

458 1971 521 2024 tis
540 1968 844 2038 insipientes,
870 1984 985 2022 cum
997 1968 1104 2021 sitis
1132 1968 1230 2038 ipsi
1254 1967 1522 2037 sapientes.
1556 1966 1725 2019 Etiam
1756 1974 1936 2019 sextus
1956 1962 2037 2018 bi-

460 2057 716 2116 membris
755 2068 855 2123 est,
887 2057 1134 2113 Toleratis
1159 2060 1309 2121 enim,
1362 2058 1402 2111 si
1431 2058 1539 2128 quis
1572 2073 1655 2110 vos
1676 2058 1729 2109 in
1755 2057 2037 2110 servitutem

461 2151 661 2222 redigit.
695 2150 1000 2221 Sequuntur
1040 2150 1137 2204 tria
1167 2163 1324 2214 cmsa,
1357 2147 1416 2203 Si
1459 2148 1569 2218 quis
1600 2148 1822 2211 devorat,
1858 2148 1902 2199 si
1925 2146 2037 2217 quis

463 2243 667 2312 accipit,
697 2242 740 2297 si
768 2242 877 2311 quis
904 2241 1178 2295 extollitur.
1211 2239 1410 2295 Deinde
1432 2240 1526 2293 tria
1558 2240 1814 2304 membra,
1841 2238 1901 2294 Si
1930 2240 2039 2308 quis

466 2332 521 2385 in
548 2332 728 2402 [aciem
756 2348 840 2385 vos
862 2330 1028 2395 caedit,
1061 2330 1332 2384 secundum
1354 2330 1707 2400 ignobilitatem
1734 2332 1866 2395 dico,
1893 2332 2039 2399 quasi

469 2437 560 2475 nos
597 2421 837 2490 infirmati
865 2423 1040 2475 simus.
1070 2420 1296 2475 Additur
1318 2420 1640 2475 trimembris
1680 2420 1947 2486 circuitus,
1975 2419 2041 2474 In

468 2529 566 2586 quo
593 2521 759 2567 autem
782 2513 892 2585 quis
918 2512 1069 2566 audet
1087 2512 1159 2582 (in
1172 2513 1457 2582 insipientia
1478 2512 1637 2582 dico),
1668 2513 1827 2566 audeo
1854 2522 1899 2566 et
1930 2529 2037 2584 ego.

472 2604 606 2660 line
620 2604 729 2675 jam
759 2605 982 2675 singulis
1002 2606 1299 2677 quibusque
1324 2606 1475 2661 casis
1506 2606 1875 2676 interrogando
1900 2607 2042 2675 posi-

471 2697 559 2765 tis,
586 2697 789 2767 singula
830 2697 1005 2752 itidem
1036 2712 1173 2753 cazsa
1216 2699 1561 2767 reSponsione
1590 2699 1902 2765 redduntur,
1948 2700 2044 2753 tria

473 2788 663 2853 tribus,
702 2786 901 2842 Πειθνωὶ
922 2790 1076 2843 sunt?
1096 2798 1140 2843 et
1171 2805 1279 2859 ego.
1300 2788 1549 2844 Israelita:
1572 2799 1685 2843 sunt
1702 2791 1725 2843 ?
1742 2799 1788 2843 et
1817 2807 1924 2860 ego.
1952 2790 2048 2843 Se-

472 2897 587 2935 men
606 2879 819 2935 Abraltae
836 2881 988 2935 sunt?
1012 2890 1056 2935 et
1076 2897 1185 2951 ego.
1215 2881 1414 2948 Quarto
1441 2892 1615 2935 autem
1642 2896 1780 2936 caeso
1796 2883 1951 2935 simili
1970 2883 2049 2936 iu-

476 2973 837 3044 terrogatione
862 2973 1053 3043 posito,
1113 2988 1217 3027 non
1257 2973 1475 3027 alterius
1516 2974 1661 3038 cresi,
1701 2972 1794 3027 sed
1826 2974 2049 3027 membri

476 3063 811 3135 oppositione
833 3063 1135 3134 respondet,
1162 3063 1382 3117 Ministri
1402 3062 1589 3118 Christi
1617 3066 1770 3119 sunt?
1791 3065 2050 3137 (insipiens

476 3155 614 3227 dico)
642 3172 792 3227 super
817 3172 925 3228 ego.
952 3155 1067 3211 iam
1094 3171 1228 3210 ctesa
1259 3166 1484 3225 quatuor
1512 3158 1807 3226 sequentia,
1850 3166 2050 3211 remota

476 3246 849 3302 decentissime
894 3246 1302 3318 interrogatione
1334 3246 1641 3315 funduntur,
1698 3246 1763 3302 In
1800 3248 2053 3303 laboribus

480 3338 771 3408 plurimum,
825 3338 879 3391 in
905 3337 1186 3392 carceribus
1216 3336 1575 3405 abundantius,
1606 3340 1659 3392 in
1696 3340 1869 3410 plagis
1897 3356 2053 3409 supra

483 3430 710 3498 modum,
736 3431 789 3484 in
816 3429 1057 3484 mortibus
1095 3430 1297 3500 saepius.
1331 3430 1528 3485 Deinde
1559 3431 1908 3501 interponitur
1936 3431 2056 3485 bre-

480 3523 564 3577 vis
604 3522 887 3589 circuitus,
924 3522 1173 3591 quoniam
1210 3535 1464 3589 suspensa
1493 3523 1917 3592 pronuntiatione
1943 3522 2053 3577 dis-

482 3613 827 3685 tinguendum
856 3622 939 3668 est
957 3614 995 3677 ¹,
1021 3612 1066 3665 Α
1091 3609 1287 3666 Iudaeis
1311 3613 1589 3683 quinquies,
1616 3620 1672 3666 ut
1694 3611 1792 3668 hoc
1813 3613 1879 3667 sit
1896 3629 2056 3668 unum

481 3706 801 3771 membrum,
831 3705 915 3759 cui
955 3705 1282 3760 connectitur
1325 3703 1569 3771 alterum,
1601 3705 1933 3775 quadraginta
1958 3722 2057 3759 una

482 3799 648 3852 minus
670 3798 856 3868 accepi.
890 3796 1015 3851 Inde
1036 3796 1271 3852 redditur
1296 3796 1360 3849 ad
1386 3811 1544 3863 caesa,
1585 3805 1637 3851 et
1653 3807 1918 3867 ponuntur
1936 3798 2054 3865 tria,

482 3889 584 3945 Ter
608 3891 759 3960 uirgis
783 3904 943 3942 ca’sus
970 3904 1099 3951 sum,
1129 3889 1281 3941 semel
1309 3889 1563 3957 lapidatus
1601 3906 1731 3953 sum,
1760 3900 1833 3943 ter
1860 3894 2061 3961 naufra-

485 3981 621 4053 gium
651 3981 767 4051 feci.
802 3978 1048 4049 Sequitur
1087 3980 1380 4035 membrum
1410 3997 1422 4032 :
1460 3978 1623 4033 Nocte
1649 3996 1709 4033 ac
1750 3982 1830 4036 die
1858 3983 1909 4034 in
1940 3998 2059 4051 pro-

491 4074 651 4144 fundo
668 4072 820 4126 maris
841 4072 936 4141 fui.
971 4070 1170 4125 Deinde
1194 4070 1589 4140 quatuordecim
1633 4085 1769 4126 caesa
1794 4072 2059 4128 decentis-

488 4164 625 4219 simo
652 4163 847 4233 impetu
871 4159 1158 4230 proﬂuunt,
1177 4159 1508 4215 Initineribus
1529 4177 1679 4232 stupe,
1710 4164 1941 4229 periculis
1957 4165 2059 4231 flu-

487 4248 698 4311 minum,
730 4243 963 4317 periculis
990 4245 1262 4311 latronum,
1283 4244 1513 4313 periculis
1542 4261 1605 4299 ea;
1637 4262 1831 4315 genere,
1861 4248 2061 4316 pericu-

492 4340 555 4396 lis
574 4338 894 4411 urgentibus,
916 4337 1147 4409 periculis
1172 4338 1224 4391 in
1263 4337 1477 4402 civitate,
1509 4339 1740 4407 periculis
1769 4340 1819 4392 in
1849 4341 2060 4407 deserto,

494 4432 726 4503 periculis
751 4433 803 4485 in
824 4431 970 4496 mari,
1004 4429 1239 4501 periculis
1258 4431 1309 4483 in
1340 4432 1483 4501 falsis
1513 4431 1790 4501 fratribus:
1816 4433 1867 4485 in
1899 4432 2066 4488 labore

493 4532 538 4579 et
564 4538 803 4587 utrumne,
836 4523 888 4576 in
903 4522 1087 4591 vigiliis
1106 4522 1310 4592 swpius,
1342 4522 1393 4574 in
1424 4522 1557 4589 fame
1581 4532 1626 4577 et
1647 4523 1746 4586 siti,
1779 4524 1829 4576 in
1850 4524 2065 4593 jejuniis

493 4614 698 4683 scepius,
726 4615 778 4667 in
805 4614 989 4685 frigore
1016 4623 1061 4667 et
1082 4615 1321 4667 nuditate.
1356 4614 1480 4669 Post
1506 4613 1618 4669 hsce
1663 4616 1945 4685 interponit
1969 4617 2063 4671 tri-

498 4704 788 4760 membrem
816 4705 1111 4769 circuitum,
1147 4704 1340 4759 Praeter
1366 4706 1455 4759 illa
1472 4721 1582 4775 qua:
1605 4709 1906 4763 extrinsecus
1927 4717 2062 4777 sunt,

496 4799 725 4852 incursus
752 4799 804 4851 in
829 4814 908 4851 me
934 4798 1272 4868 quotidianus,
1315 4799 1600 4854 sollicitudo
1640 4802 1862 4855 omnium
1886 4801 2065 4857 Eccle-

494 4890 704 4945 siarum.
738 4889 799 4944 Et
823 4889 946 4946 huic
962 4889 1067 4946 duo
1094 4892 1329 4947 membra
1356 4894 1750 4961 percontatione
1774 4895 2063 4967 subiungit,

501 4981 627 5046 Quis
637 4982 942 5047 inﬁrmatur,
961 4992 1006 5036 et
1035 4998 1123 5053 ego
1144 4999 1242 5036 non
1256 4984 1526 5051 inﬁrmor?
1544 4986 1654 5055 quis
1676 4987 2063 5055 scandalizatur,

500 5084 546 5128 et
574 5090 665 5145 ego
694 5088 793 5127 non
818 5074 972 5127 uror?
1002 5072 1273 5128 Postremo
1301 5081 1442 5129 totus
1484 5075 1583 5130 iste
1623 5076 1773 5146 quasi
1814 5076 2068 5133 anhelans

501 5164 665 5229 locus,
697 5163 973 5220 bimembri
998 5164 1217 5219 circuitu
1240 5166 1569 5232 terminatur,
1604 5166 1664 5222 Si
1684 5168 1891 5239 gloriari
1912 5187 2064 5240 opor-

501 5266 588 5324 tet,
628 5260 681 5313 in
717 5258 780 5314 iis
797 5274 907 5329 qua:
933 5259 1239 5329 inﬁrmitatis
1281 5274 1403 5314 meae
1432 5270 1547 5314 sunt
1598 5262 1866 5331 gloriabor.
1919 5263 2068 5331 Quod

500 5362 627 5403 vero
653 5358 770 5418 post
790 5350 929 5405 hunc
949 5351 1199 5421 impetum
1220 5351 1522 5421 interposita
1547 5353 1931 5409 narratiuncula
1948 5370 2072 5424 quo-

504 5439 789 5496 dammodo
813 5445 1114 5514 requiescit,
1142 5453 1196 5500 et
1210 5445 1544 5515 requiescere
1576 5446 1700 5502 facit
1740 5447 2031 5502 auditorem
2053 5489 2066 5513 ,

502 5531 627 5603 quid
642 5532 868 5601 decoris,
899 5537 1022 5606 quid
1052 5537 1419 5593 delectationis
1445 5538 1657 5604 habeat,
1682 5540 1809 5595 satis
1828 5540 1933 5595 dici
1964 5557 2067 5596 non

504 5632 697 5695 potest.
729 5624 974 5696 Sequitur
1002 5630 1142 5684 enim
1183 5628 1401 5687 dicens:
1424 5629 1560 5687 Deus
1602 5644 1649 5687 et
1680 5631 1833 5687 Pater
1866 5631 2071 5687 Domini

503 5758 597 5873 du;
748 5766 980 5823 quatuor,
1014 5759 1099 5825 qui
1126 5775 1351 5826 suspensa
1380 5766 1755 5830 promnttiatscne
1786 5767 2073 5832 ἀίειίπφιρη-

2121 486 2278 539 nostri
2310 484 2435 541 Iesu
2476 486 2662 541 Christi
2687 488 2812 552 scit,
2864 488 2951 557 qui
2972 495 3045 541 est
3074 485 3354 540 benedictus
3400 485 3453 539 in
3476 488 3689 553 acula.

2120 577 2256 647 quod
2281 593 2381 630 non
2404 579 2613 631 mentior
2650 575 2716 651 (ll
2741 576 2859 633 Cor.
2892 594 2968 645 si,
2987 578 3099 649 31).
3117 578 3191 631 Ac
3210 574 3399 631 deinde
3420 576 3693 648 quomodo

2124 670 2452 738 periclitatus
2493 668 2646 725 fuerit
2665 711 2682 737 ,
2709 678 2763 725 et
2785 668 3051 741 quomodo
3087 669 3346 734 evaserit,
3376 667 3698 725 brevissime

2125 769 2323 816 narrat.

2196 856 2283 911 14.
2310 855 2544 925 Longum
2566 863 2647 909 est
2673 862 2863 909 caetera
2888 851 3153 924 persequi,
3174 850 3258 906 vel
3279 852 3332 906 in
3347 851 3462 906 aliis
3481 860 3704 907 sancta—

2124 962 2243 1002 rum
2270 946 2655 1017 Scripturarum
2678 946 2807 999 locis
2832 946 2929 999 ista
2957 952 3269 998 monstrare.
3287 941 3445 1009 Quid,
3472 943 3517 997 si
3537 945 3707 998 etiam

2128 1038 2322 1108 ﬁguras
2347 1037 2627 1093 locutionis
2649 1052 2769 1107 qua:
2794 1036 2879 1091 illa
2906 1044 3019 1091 arte
3032 1034 3327 1101 traduntur,
3346 1035 3399 1089 in
3420 1034 3484 1089 iis
3504 1036 3703 1091 saltem

2128 1144 2245 1199 quae
2270 1128 2335 1183 de
2360 1128 2819 1199 Apostolieloquio
2846 1126 3576 1193 commemoravi,ostendere
3602 1140 3709 1183 vo—

2130 1219 2383 1275 luissem?
2413 1234 2589 1275 nonne
2614 1218 2817 1274 facilius
2843 1234 3030 1289 graves
3057 1218 3297 1273 homines
3338 1233 3424 1273 me
3452 1217 3704 1287 nimium,

2130 1326 2285 1380 quam
2312 1310 2589 1381 quisquam
2627 1310 2982 1365 studiosorum
3015 1309 3116 1364 sibi
3154 1308 3505 1365 sufficientem
3550 1320 3716 1380 puta-

2132 1399 2287 1455 rent?
2314 1400 2437 1455 llaec
2464 1401 2638 1454 omnia
2675 1400 2885 1471 quando
2913 1415 2943 1453 a
2993 1399 3258 1469 magistris
3282 1399 3558 1467 docentur,
3606 1413 3713 1471 pro

2132 1506 2323 1562 magno
2348 1490 2628 1558 habentur,
2661 1506 2852 1562 magno
2890 1500 3142 1548 emuntur
3171 1490 3359 1562 pretio,
3409 1505 3595 1561 magna
3618 1491 3712 1561 ja-

2133 1584 2363 1638 ctatione
2386 1583 2701 1638 venduntur.
2724 1583 2890 1650 Quam
2916 1584 3259 1653 jactationem
3303 1585 3463 1639 etiam
3492 1599 3591 1655 ego
3618 1600 3714 1641 re-

2134 1674 2313 1730 dolere
2342 1689 2548 1741 vereor,
2591 1674 2716 1729 dum
2742 1675 2839 1729 ista
2868 1674 2945 1729 sic
2968 1674 3191 1730 dissero.
3233 1673 3340 1731 Sed
3381 1674 3518 1732 male
3534 1675 3716 1733 doctis

2136 1766 2437 1822 hominibus
2466 1765 2892 1835 respondendum
2932 1766 3050 1832 fuit,
3078 1766 3167 1835 qui
3211 1775 3422 1821 nostros
3460 1776 3715 1823 auctores

2136 1858 2552 1914 contemnendos
2578 1866 2782 1928 putant,
2812 1873 2917 1913 non
2938 1859 3061 1928 quia
3086 1873 3193 1915 non
3224 1857 3438 1924 habent,
3470 1858 3565 1914 sed
3584 1860 3716 1929 quia

2138 1968 2243 2005 non
2270 1958 2554 2016 ostentant,
2578 1964 2733 2019 quam
2765 1949 2922 2004 nimis
2944 1950 3029 2004 isti
3053 1949 3303 2019 diligunt,
3332 1948 3713 2020 eloquentiam.

2212 2047 2297 2101 l5.
2338 2045 2442 2101 Sed
2470 2045 2603 2099 forte
2632 2044 2751 2114 quis
2781 2050 2947 2113 putat,
2975 2051 3218 2113 tanquam
3245 2042 3577 2112 eloquentem
3609 2058 3715 2097 no-

2141 2145 2306 2190 strum
2353 2136 2573 2205 elegisse
2602 2149 2687 2189 me
2718 2133 3013 2204 apostolum
3045 2134 3284 2188 Paulum.
3307 2131 3525 2188 Videtur
3567 2133 3717 2188 enim

2142 2226 2231 2281 ubi
2256 2226 2346 2289 ait,
2370 2224 2482 2279 Etsi
2514 2226 2772 2294 imperitus
2797 2240 3041 2288 sermone,
3066 2224 3154 2278 sed
3179 2241 3279 2278 non
3298 2224 3499 2279 scientia
3524 2222 3717 2295 (lbid.,

2144 2316 2245 2387 6),
2294 2316 2444 2387 quasi
2492 2316 2831 2371 concedendo
2876 2315 3313 2370 obtrectatoribus
3348 2316 3427 2369 sic
3468 2315 3677 2369 locutus
3704 2356 3718 2380 ,

2144 2424 2248 2463 non
2269 2419 2514 2477 tanquam
2547 2407 2596 2461 id
2620 2422 2799 2462 verum
2816 2416 3151 2477 agnosceret,
3179 2404 3495 2461 conﬁtendo.
3525 2402 3581 2460 Si
3615 2420 3720 2459 au-

2148 2511 2252 2555 tetu
2284 2501 2523 2562 dixisset,
2547 2499 2817 2570 lmperitus
2836 2499 3035 2569 quidem
3057 2514 3301 2564 sermone,
3326 2497 3413 2552 sed
3438 2513 3537 2550 non
3556 2497 3725 2550 scien-

2150 2595 2216 2646 tia
2243 2596 2280 2659 ¹,
2300 2592 2445 2647 nullo
2460 2593 2614 2645 modo
2634 2591 2774 2646 aliud
2801 2600 2978 2660 posset
2995 2590 3234 2660 intelligi.
3254 2589 3539 2645 Scientiam
3562 2589 3724 2660 plane

2148 2703 2253 2741 non
2279 2692 2550 2739 cunctatus
2576 2693 2658 2738 est
2674 2684 2926 2752 proliteri,
2945 2683 3059 2737 sine
3078 2698 3179 2751 qua
3200 2697 3319 2737 esse
3346 2682 3536 2737 doctor
3562 2683 3721 2738 Gen-

2151 2778 2277 2831 tium
2307 2791 2409 2830 uon
2438 2775 2657 2830 valeret.
2709 2774 2867 2829 Certe
2916 2773 2961 2827 si
2985 2772 3109 2842 quid
3148 2773 3262 2841 ejus
3307 2772 3631 2843 proferimus
3660 2775 3729 2830 ad

2152 2867 2451 2937 exemplum
2476 2866 2809 2935 eloquentiaz,
2848 2880 2915 2918 ex
2940 2864 3044 2918 illis
3067 2863 3321 2933 Epistolis
3343 2864 3521 2934 utique
3545 2866 3728 2934 profe-

2151 2960 2483 3028 rimus,quas
2502 2959 2659 3013 etiam
2690 2957 2788 3027 ipsi
2830 2956 3213 3010 obtrectatores
3232 2956 3368 3025 ejus,
3396 2956 3486 3026 qui
3512 2971 3729 3013 sermo-

2153 3069 2274 3108 nem
2292 3052 2566 3123 praesentis
2582 3050 3027 3119 contemptibilem
3054 3051 3225 3119 putari
3254 3049 3521 3119 volebant,
3536 3066 3732 3121 graves

2154 3152 2208 3199 et
2223 3143 2385 3197 fortes
2400 3156 2516 3197 esse
2531 3140 2759 3196 confessi
2780 3147 2900 3194 sunt
2917 3138 2968 3212 (1
2977 3139 3078 3192 bid.
3094 3155 3147 3206 x,
3169 3138 3279 3213 l0).
3295 3139 3581 3195 Dicendum
3598 3156 3734 3213 ergo

2155 3235 2281 3292 mihi
2299 3236 2491 3306 aliquid
2522 3248 2639 3289 esse
2666 3234 2819 3289 video
2834 3243 2887 3289 et
2914 3232 2979 3289 de
2994 3234 3293 3304 eloquentia
3323 3234 3731 3304 Pmphetarum,

2158 3329 2243 3383 ubi
2260 3344 2353 3400 per
2370 3327 2712 3399 tropologiam
2730 3326 2893 3382 multa
2913 3326 3248 3397 obteguntur.
3261 3328 3390 3394 Quae
3409 3338 3608 3398 quanto
3626 3344 3735 3384 ma-

2156 3424 2237 3492 gis
2260 3422 2521 3476 translatis
2543 3420 2718 3475 verbis
2746 3419 2987 3475 videntur
3002 3420 3216 3489 operiri,
3238 3429 3381 3474 tanto
3406 3419 3572 3491 magis
3604 3435 3730 3475 cum

2160 3513 2355 3568 fuerint
2381 3521 2561 3582 aperta
2598 3510 2926 3567 dulcescunt.
2968 3510 3071 3566 Sed
3103 3510 3205 3565 hoc
3250 3511 3368 3565 loco
3398 3512 3502 3567 tale
3532 3511 3732 3582 aliquid

2159 3619 2574 3660 commemorare
2611 3602 2799 3669 debeo,
2824 3602 2911 3658 ubi
2935 3618 3054 3673 qua:
3079 3601 3219 3657 dicta
3263 3611 3389 3657 sunt
3431 3617 3537 3657 non
3567 3617 3733 3673 cogar

2162 3714 2445 3768 exponere,
2473 3698 2567 3752 sed
2608 3696 2973 3753 commendem
3026 3704 3227 3750 tantum
3275 3694 3540 3765 quomodo
3594 3695 3733 3751 dicta

2162 3794 2285 3847 sint.
2310 3792 2379 3846 Et
2426 3806 2490 3845 ex
2531 3792 2667 3847 illius
2693 3791 2964 3861 prephetae
3012 3790 3145 3844 libro
3171 3789 3500 3859 potissimum
3527 3788 3629 3845 hoc
3660 3790 3737 3845 fas

2163 3883 2318 3949 ciam,
2344 3885 2431 3953 qui
2452 3898 2509 3938 se
2530 3891 2793 3953 pastorem
2813 3883 2893 3937 vel
2919 3882 3295 3937 armentarium
3315 3882 3631 3947 fuissedicit,
3658 3892 3738 3937 at-

2163 3991 2267 4045 que
2285 3975 2404 4031 inde
2432 3975 2681 4030 divinitus
2708 3974 2938 4029 ablatum
2968 3983 3125 4044 atque
3150 3974 3390 4038 missum,
3422 3983 3481 4027 ut
3524 3973 3615 4028 Dei
3642 3989 3737 4043 po-

2164 4069 2290 4139 pulo
2317 4066 2651 4137 prophetaret
2675 4066 2847 4135 (Amos
2871 4081 2964 4130 vn,
2994 4066 3079 4128 li,
3113 4064 3225 4135 l5).
3274 4062 3387 4118 Non
3438 4071 3615 4118 autem
3646 4078 3737 4119 se-

2165 4161 2396 4217 cundum
2419 4158 2758 4229 Septuaginta
2786 4160 3123 4226 interpretes,
3150 4157 3238 4227 qui
3259 4157 3416 4210 etiam
3438 4157 3534 4225 ipsi
3556 4156 3737 4221 divino

2167 4252 2368 4323 Spiritu
2399 4252 2746 4323 interpretati,
2795 4252 2862 4306 ob
2889 4251 2990 4305 huc
3017 4252 3170 4305 aliter
3198 4250 3440 4304 videntur
3484 4250 3738 4304 nonnulla

2168 4346 2384 4411 dixisse,
2410 4356 2464 4399 ut
2490 4345 2555 4399 ad
2594 4344 2919 4414 Spiritualem
2954 4359 3167 4400 sensum
3196 4344 3539 4399 scrutandum
3566 4344 3735 4414 magis

2167 4436 2541 4491 admoneretur
2562 4436 2772 4490 lectoris
2801 4437 3021 4491 intentio
3042 4453 3056 4502 ;
3079 4437 3217 4492 unde
3244 4438 3401 4493 etiam
3431 4437 3735 4491 obscuriora

2170 4526 2442 4591 nonnulla,
2462 4526 2581 4596 quia
2622 4526 2786 4594 magis
2816 4527 3035 4596 tropica,
3069 4536 3192 4582 sunt
3214 4541 3396 4581 eorum
3430 4546 3442 4582 :
3476 4526 3571 4581 sed
3596 4526 3734 4582 sicut

2170 4632 2236 4674 ex
2279 4617 2491 4672 hebrzeo
2524 4619 2577 4672 in
2612 4617 2828 4672 latinum
2873 4618 3161 4689 eloquium,
3193 4618 3503 4690 presbytero
3546 4617 3733 4672 Hiero-

2170 4725 2331 4782 nymo
2355 4710 2628 4781 utriusque
2654 4710 2843 4782 lingua:
2863 4711 3031 4781 perito
3062 4712 3459 4782 interpretante,
3484 4709 3734 4764 translata

2171 4813 2312 4857 ευηι.

2204 4946 2207 4947 ν
2246 4895 2329 4949 l6.
2371 4892 2502 4948 Cum
2548 4894 2705 4964 igitur
2731 4903 2975 4965 argueret
3014 4895 3222 4964 impios,
3264 4893 3541 4965 superbos,
3588 4894 3738 4949 luxu-

2172 4986 2363 5052 riosos,
2414 4995 2467 5040 et
2502 4985 2745 5041 fraterna:
2770 4986 2887 5040 ideo
2922 4986 3396 5057 negligentissimos
3441 4985 3734 5049 charitatis,

2174 5078 2401 5133 rusticus
2426 5076 2509 5130 vel
2538 5091 2606 5130 ex
2637 5077 2833 5131 rustico
2858 5077 2956 5132 iste
2982 5077 3236 5146 propheta
3284 5077 3614 5143 exclamavit,
3661 5076 3739 5130 di-

2174 5184 2300 5223 cens
2331 5186 2342 5221 :
2378 5166 2463 5221 γω
2508 5168 2593 5237 qui
2641 5169 2861 5237 opulenti
2888 5168 3003 5223 estis
3030 5169 3083 5221 in
3110 5168 3258 5233 Sion,
3310 5178 3356 5221 et
3394 5168 3646 5237 conﬁditis
3686 5170 3738 5221 in

2175 5269 2341 5313 monte
2365 5258 2634 5326 Samariw,
2655 5260 2911 5329 aptintates
2933 5261 3099 5330 capita
3119 5260 3435 5331 papulorum,
3459 5261 3733 5332 ingredien-

2177 5360 2247 5405 tes
2274 5351 2552 5420 pompatice
2579 5351 2779 5404 domum
2808 5349 3000 5406 Israel!
3032 5352 3257 5405 Transite
3296 5353 3347 5404 in
3388 5350 3663 5414 Chalanne,
3694 5360 3737 5404 et

2177 5443 2353 5504 videte,
2375 5452 2419 5496 et
2448 5443 2514 5497 ite
2550 5444 2666 5497 inde
2710 5446 2762 5497 in
2793 5444 2976 5499 Ematlt
3006 5462 3260 5515 magnam,
3312 5454 3355 5498 et
3384 5444 3660 5497 descendite
3685 5442 3735 5495 in

2179 5535 2305 5590 Geth
2329 5534 2734 5602 Palestinorum,
2753 5546 2799 5590 et
2826 5538 2891 5591 ad
2903 5539 3088 5607 optima
3130 5553 3337 5609 quicque
3360 5553 3511 5606 regna
3538 5536 3733 5598 horum,

2177 5629 2223 5684 si
2249 5630 2398 5683 latior
2452 5630 2688 5683 terminus
2716 5646 2886 5684 eorum
2911 5630 3119 5684 termino
3163 5639 3320 5683 uestro
3347 5638 3438 5682 est.
3468 5626 3569 5693 Qui
3596 5641 3737 5695 sepa-

2244 5767 2261 5798 ί
2286 5765 2361 5837 sic
2507 5773 2603 5814 Am.
2643 5772 2713 5815 Er.
2741 5773 2791 5816 et
2811 5772 2915 5816 Mss.
2944 5772 2997 5816 At
3016 5773 3147 5825 Lov.,
3170 5770 3215 5815 et
3236 5778 3328 5815 non
3351 5762 3634 5822 addidisset,
3654 5758 3737 5812 sed

2244 5842 2269 5874 η
2292 5840 2417 5874 seten
2438 5842 2500 5874 ιιι.

2179 5842 2269 5881 non
2292 5840 2485 5877 δινηιιιι
2491 5865 2500 5876 .
