3874 6316
112 308 175 370 9-.
1129 259 1138 262 ”
1424 304 1625 366 LIBER
1664 310 1693 377 ς

1799 308 2003 369 .RTUS.
2518 259 2569 304 ‘f
2705 321 2715 326 ·
2865 337 2869 340 >
2965 312 3017 327 ”
3312 313 3383 377 9s

116 427 213 482 rati
235 426 359 481 estis
382 425 435 480 in
460 425 595 479 client
620 424 831 492 malum,
852 432 896 478 et
920 424 1337 497 appropinquatis
1366 425 1491 478 solio
1512 424 1695 493 iniqui-

118 520 252 575 tatis.
286 518 385 584 Qui
408 518 638 573 dormitis
661 518 716 572 in
741 518 879 572 lectis
906 517 1155 585 eburneis,
1170 527 1216 572 et
1242 518 1475 573 lascivitis
1500 519 1551 572 in
1568 527 1697 573 stra-

117 612 175 665 tis
199 611 375 666 uestris
399 627 416 666 :
450 613 535 682 qui
561 611 816 666 comeditis
840 628 1027 683 agnum
1048 611 1110 665 de
1134 628 1301 683 grege,
1351 622 1399 666 et
1433 613 1611 666 vitulos
1636 612 1698 667 de

115 705 279 760 medio
328 705 544 759 armenti
567 705 695 773 :qui
736 705 915 760 canitis
960 705 1027 759 ad
1066 722 1232 760 vocem
1259 705 1514 760 Psalterii.
1552 706 1697 760 Sicut

115 795 281 852 David
304 805 603 865 putaverunt
627 796 872 850 schabere
884 812 1003 850 vasa
1024 796 1226 863 cantici,
1239 796 1453 850 bibentes
1472 797 1523 849 in
1546 797 1694 867 phia-

115 886 177 944 lis
195 890 391 954 sinum,
423 895 471 942 et
498 888 685 960 optimo
711 896 962 957 unguento
1012 886 1224 942 delibuti
1251 903 1271 941 :
1299 896 1343 941 el
1371 888 1500 942 nihil
1540 888 1697 957 patie-

119 979 295 1033 bantur
338 994 493 1047 super
517 978 809 1032 contritione
833 976 1031 1045 Ioseph
1060 978 1233 1049 (Amos
1255 993 1328 1041 Vl,
1364 977 1501 1050 l-6).
1531 977 1695 1031 Num-

120 1070 369 1144 quidnam
395 1071 504 1138 isti,
531 1070 620 1141 qui
639 1069 927 1139 Prophetas
948 1078 1159 1124 nostros
1186 1078 1430 1140 tanquam
1462 1068 1697 1124 inerudi-

123 1174 199 1218 tos
222 1172 278 1217 et
304 1161 624 1218 elocutionis
659 1162 869 1231 ignaros
903 1161 1065 1216 veluti
1082 1161 1223 1216 docti
1250 1160 1542 1231 disertique
1570 1175 1699 1214 con-

121 1260 381 1314 temnunt,
433 1252 482 1305 si
524 1251 721 1322 aliquid
748 1250 826 1308 eis
873 1252 975 1307 tale
1005 1252 1089 1306 vel
1137 1252 1187 1306 in
1242 1252 1372 1305 tales
1415 1250 1696 1305 dicendum

123 1341 319 1403 fuisset,
352 1341 509 1397 aliter
541 1356 601 1396 se
624 1342 912 1398 voluissent
935 1341 1136 1409 dicere,
1162 1340 1276 1413 ;qui
1308 1349 1483 1396 tamen
1509 1355 1697 1396 eorum

121 1433 351 1489 insanire
378 1433 708 1490 noluissent?

187 1525 268 1581 Π.
282 1524 423 1593 Quid
435 1526 579 1580 enim
595 1535 677 1582 est
690 1527 828 1598 quod
847 1528 947 1583 isto
962 1527 1173 1597 eloquio
1197 1542 1353 1581 aures
1368 1525 1558 1580 sobriae
1579 1525 1698 1595 plus

122 1616 450 1674 desiderent?
460 1618 639 1673 Primo
651 1619 762 1689 ipsa
776 1619 1020 1682 invectio,
1035 1618 1181 1688 quasi
1193 1618 1377 1687 sopitis
1388 1615 1628 1671 sensibus
1639 1623 1700 1670 ut

123 1708 441 1779 evigilarunt,
458 1724 565 1778 quo
586 1707 795 1763 fremitu
822 1709 955 1763 illisa
968 1708 1082 1763 est?
1106 1707 1196 1763 Va:
1218 1709 1304 1776 qui
1331 1708 1553 1778 apulenti
1579 1707 1697 1761 estis

121 1801 168 1853 in
195 1801 343 1865 Sion,
372 1809 419 1853 et
434 1800 689 1867 conﬁditis
704 1799 757 1851 in
778 1810 942 1854 monte
959 1800 1228 1866 Samarite,
1249 1800 1509 1870 optimates
1532 1799 1698 1869 capita

123 1893 435 1963 populorum,
460 1890 791 1961 ingredientes
807 1894 1087 1962 pompatice
1100 1892 1304 1946 domum
1323 1890 1521 1945 Israel!
1544 1892 1693 1958 Dein,

121 1983 183 2040 de
204 1992 261 2038 ut
287 1982 565 2038 beneficiis
591 1980 706 2047 Dei,
724 1980 814 2051 qui
842 1980 921 2035 eis
948 1982 1121 2050 ampla
1148 1984 1314 2055 Spatia
1348 1983 1498 2052 regni
1529 1981 1694 2047 dedit,

122 2075 357 2133 ostendat
368 2075 625 2145 ingratos,
639 2074 887 2144 quoniam
903 2073 1238 2129 confidebant
1254 2074 1305 2128 in
1321 2084 1500 2129 mome
1512 2072 1698 2129 Sama-

122 2168 225 2230 riae,
240 2165 329 2233 ubi
347 2166 531 2234 utique
544 2163 681 2219 idola
692 2163 1019 2227 colebantur,
1033 2162 1283 2229 Transite,
1300 2164 1488 2233 inquit,
1502 2164 1554 2216 in
1571 2162 1698 2218 Cha-

124 2258 281 2323 lattue,
300 2267 351 2311 et
363 2258 543 2324 uidete,
557 2266 601 2311 et
612 2257 679 2311 ite
691 2255 807 2310 inde
817 2256 870 2308 in
890 2254 1077 2309 Emath
1090 2273 1340 2327 magnam,
1354 2266 1400 2310 et
1417 2256 1699 2311 descendite

125 2345 171 2400 in
183 2346 305 2401 (ἐειή
325 2346 743 2412 Palatinarum,
760 2356 808 2400 et
819 2346 886 2399 ad
896 2347 1085 2416 optima
1105 2362 1309 2416 quisque
1327 2363 1480 2417 regna
1492 2348 1693 2415 horum,

124 2455 159 2492 ει
182 2438 330 2492 latior
358 2439 597 2493 terminus
611 2454 782 2491 eorum
802 2439 1010 2491 termino
1036 2448 1195 2492 vestro
1215 2448 1306 2493 est.
1337 2439 1507 2494 Simul
1535 2440 1694 2494 etiam

122 2542 228 2582 cum
251 2529 353 2583 ista
378 2527 648 2593 dicuntur,
672 2528 907 2583 locorum
934 2530 1232 2584 nominibus
1265 2539 1511 2601 tanquam
1533 2530 1696 2585 lumi-

121 2619 260 2675 nibus
296 2626 527 2676 ornatur
566 2620 855 2690 eloquium,
907 2636 1026 2691 quae
1076 2631 1197 2676 Slllll
1242 2621 1391 2689 Sion,
1433 2623 1690 2691 Samaria,

121 2711 399 2780 Cbalanne,
429 2712 622 2768 Ematb
654 2728 861 2781 magna,
891 2722 945 2767 et
968 2712 1102 2768 Geth
1133 2713 1554 2770 Palmstinorum.
1589 2716 1695 2771 De-

121 2802 233 2859 inde
259 2804 427 2859 verba
473 2819 593 2874 quae
635 2803 717 2858 his
742 2804 1098 2874 adjunguntur
1124 2806 1273 2869 locis,
1323 2808 1695 2863 decentissime

120 2897 378 2952 variantur
412 2914 427 2951 :
460 2894 698 2966 Opulenti
727 2896 877 2963 estis,
907 2896 1193 2964 conﬁditis,
1226 2899 1449 2964 transite,
1494 2899 1578 2962 ite,
1603 2899 1695 2953 de-

120 2988 343 3043 scandite.

184 3080 268 3135 ts.
285 3078 693 3149 Consequenter
707 3078 1047 3134 denuntiatur
1065 3078 1237 3134 futura
1255 3082 1353 3136 sub
1374 3082 1552 3153 iniquo
1571 3098 1695 3153 rege

124 3170 541 3241 appropintjuare
564 3169 862 3239 captivitas,
891 3183 1013 3225 cum
1061 3169 1383 3241 adjungitur,
1424 3171 1522 3237 Qui
1544 3188 1696 3244 sepa-

123 3263 207 3316 rati
246 3263 363 3318 estis
421 3262 477 3316 in
511 3262 645 3316 diem
666 3262 876 3329 malum,
908 3270 955 3315 et
996 3262 1410 3333 appropinquatis
1437 3263 1562 3317 solio
1591 3264 1695 3317 ini-

356 3354 512 3410 Tnnc
534 3354 890 3425 subjiciuntur
902 3355 1089 3409 merita
1108 3355 1350 3421 luxurirc,
1382 3354 1483 3421 Qui
1503 3356 1694 3410 dormi-

123 3445 177 3501 tis
198 3447 249 3500 in
280 3446 428 3502 lectis
447 3445 695 3513 eburneis,
743 3453 791 3499 et
818 3444 1057 3499 lascivitis
1080 3444 1134 3499 in
1162 3445 1334 3500 stratis
1361 3446 1534 3500 vestris
1563 3461 1581 3500 :
1608 3448 1695 3517 qui

122 3540 363 3595 comeditis
390 3556 580 3611 agnum
608 3538 675 3592 da
699 3538 878 3611 grege,
918 3547 965 3593 et
992 3538 1175 3594 vitulos
1197 3538 1260 3593 de
1278 3538 1442 3593 medio
1458 3540 1690 3594 armenti.

123 3627 213 3684 Ista
232 3646 325 3687 sex
354 3631 596 3687 membra
619 3638 731 3685 tres
767 3629 1087 3687 bimembres
1113 3630 1369 3685 circuitus
1390 3629 1690 3686 ediderunt.

123 3719 226 3776 Non
259 3723 406 3777 enim
435 3722 530 3786 ait,
561 3720 663 3788 Qui
691 3719 925 3791 separati
949 3720 1079 3775 estis
1106 3720 1158 3774 in
1187 3719 1326 3776 diem
1354 3719 1571 3787 malum,
1602 3720 1692 3791 qui

125 3813 548 3885 appmpinquatis
570 3813 705 3870 solio
743 3812 1055 3883 iniquitatis,
1083 3812 1172 3883 qui
1196 3811 1441 3868 dormitis
1466 3814 1517 3867 in
1543 3813 1694 3869 lectis

125 3905 386 3973 eburneis,
418 3904 512 3977 qui
543 3903 794 3961 lascivitis
822 3904 874 3958 in
906 3904 1085 3959 stratis
1113 3907 1324 3971 vestris,
1350 3903 1440 3974 qui
1460 3902 1694 3959 comedi-

127 3996 185 4050 tis
203 4012 390 4069 agnum
419 3996 487 4052 de
529 4011 711 4068 grege,
746 4003 799 4050 et
824 3995 1014 4051 vitulos
1043 3994 1111 4050 de
1144 3994 1321 4049 medio
1362 3994 1617 4061 armenti;
1646 3994 1694 4050 si

126 4085 186 4140 ita
209 4087 492 4155 diceretur,
522 4097 661 4144 esset
711 4085 927 4157 quidem
966 4094 1022 4141 et
1070 4086 1171 4141 hoc
1201 4086 1498 4157 pulchrum,
1542 4095 1600 4142 ut
1625 4088 1694 4143 ab

128 4194 220 4234 uno
244 4180 560 4250 pronomine
579 4179 806 4248 repetito
832 4178 1034 4249 singula
1066 4193 1160 4233 sex
1186 4178 1423 4234 membra
1440 4178 1695 4235 decurre-

128 4279 251 4335 rent,
276 4280 331 4327 et
378 4269 770 4341 pronuntiantis
810 4283 943 4324 voce
990 4269 1193 4339 singula
1247 4270 1525 4324 (inirentur
1554 4287 1568 4323 :
1598 4269 1693 4325 sed

130 4360 382 4430 pulchrius
401 4361 597 4417 factum
622 4370 725 4427 est,
765 4368 822 4415 ut
840 4358 1012 4415 eidem
1034 4360 1332 4430 pronomini
1360 4369 1542 4415 essent
1570 4360 1692 4416 bina

130 4452 369 4521 subnexa,
401 4469 519 4524 quae
570 4462 679 4508 tres
707 4452 1001 4509 sententias
1049 4451 1412 4521 explicarent;
1445 4468 1602 4507 unam
1624 4451 1692 4508 ad

132 4544 429 4615 captivitatis
447 4544 966 4616 praenuntiationem,
994 4544 1091 4610 Qui
1105 4544 1324 4614 separati
1344 4544 1458 4598 estis
1484 4544 1537 4597 in
1562 4545 1694 4599 diem

133 4636 318 4705 nam,
360 4645 413 4692 et
436 4635 853 4709 appmpinquatis
886 4634 1013 4690 solio
1037 4634 1350 4703 iniquitatis;
1380 4635 1596 4691 alteram
1625 4636 1692 4691 ad

133 4725 409 4796 libidinem,
442 4727 543 4795 Qui
574 4728 803 4783 dormitis
831 4728 885 4782 in
912 4727 1049 4782 lectis
1075 4726 1335 4795 eburneis,
1385 4734 1430 4780 et
1456 4727 1693 4782 lascivitis

134 4816 181 4870 in
202 4821 361 4875 stratis
396 4819 600 4884 vestris;
648 4818 715 4873 ad
761 4818 1103 4873 voracitatem
1129 4831 1256 4873 vero
1283 4817 1486 4872 tertiam
1533 4817 1694 4887 perti-

135 4920 345 4981 nantem,
401 4912 501 4980 Qui
527 4910 785 4967 comeditis
811 4927 1001 4983 agnum
1050 4911 1112 4965 de
1138 4927 1306 4982 grege,
1337 4921 1383 4966 et
1419 4909 1602 4966 vitulos
1629 4912 1693 4967 de

135 5004 277 5059 medio
320 5005 537 5061 armenti
579 5020 598 5059 :
639 5012 697 5059 ut
742 5004 796 5059 in
844 5011 1105 5074 potestate
1156 5004 1225 5058 sit
1264 5003 1686 5074 pronuntiantis,

137 5103 290 5154 suum
307 5098 510 5170 singula
533 5098 700 5163 finiat,
722 5106 777 5152 et
798 5095 1036 5152 membra
1052 5095 1159 5151 sint
1174 5110 1286 5160 sex,
1309 5110 1377 5150 an
1396 5097 1619 5166 primum
1636 5106 1691 5155 et

138 5191 328 5248 tertium
346 5200 403 5249 et
427 5191 670 5263 quintum
690 5205 823 5247 voce
856 5189 1165 5261 suspendat,
1192 5198 1245 5245 et
1264 5190 1553 5246 secundum
1585 5193 1691 5262 pri-

140 5292 232 5349 mo,
255 5291 496 5354 quartum
519 5282 700 5348 tertio,
727 5289 934 5336 sextum
962 5279 1149 5351 quinto
1172 5281 1556 5350 connectendo,
1580 5293 1689 5340 tres

140 5366 436 5430 bimembres
476 5373 729 5429 circuitus
754 5365 1128 5428 decentissime
1151 5369 1343 5438 faciat;
1378 5388 1540 5429 unum
1581 5390 1686 5447 quo

141 5461 384 5522 ulamitas
412 5466 715 5532 imminens,
734 5464 959 5520 alterum
985 5477 1093 5535 quo
1107 5463 1276 5520 lectus
1303 5464 1559 5535 impurus,
1592 5476 1689 5523 ter-

142 5551 255 5613 tium
268 5572 372 5628 quo
398 5556 617 5629 prodiga
635 5570 818 5613 mensa
845 5562 1190 5612 monstretur.

198 5646 278 5704 l9.
307 5649 505 5706 Deinde
533 5648 855 5705 luxuriosam
895 5646 1168 5705 remordet
1204 5649 1413 5707 aurium
1441 5650 1682 5723 volupta-

145 5746 249 5795 tom.
278 5739 374 5799 libi
401 5758 519 5800 cum
550 5741 789 5810 dixisset,
824 5740 925 5808 Qui
951 5741 1129 5797 canitis
1157 5742 1411 5800 ad'vocem
1431 5744 1680 5816 psalterii,

1803 425 2048 495 quoniam
2072 432 2244 495 potest
2287 427 2523 482 exerceri
2550 427 2820 498 sapienter
2845 442 2876 483 a
2905 429 3228 501 sapientibus
3255 448 3371 489 mu-

1803 517 1933 584 sica,
1966 517 2191 573 mirabili
2218 518 2409 575 decore
2455 521 2685 585 dicendi,
2719 521 3029 578 invectionis
3056 525 3257 596 impetu
3293 540 3377 582 re-

1804 608 1998 676 laxato,
2023 618 2077 665 et
2102 626 2204 665 non
2231 610 2298 666 ad
2327 612 2465 680 illos,
2484 613 2577 669 sed
2601 613 2668 669 de
2692 614 2791 669 illis
2814 614 2923 684 jam
2941 616 3181 688 loquens,
3206 626 3263 673 ut
3282 633 3380 676 nos

1805 701 2060 755 musicam
2088 702 2343 783 sapientis
2394 719 2423 758 a
2475 705 2673 760 musica
2704 706 3017 763 luxuriantis
3054 708 3382 781 distinguere

1803 802 2187 859 commoneret,
2220 807 2328 847 non
2348 794 2442 860 ait,
2474 794 2572 861 Qui
2599 796 2788 851 canitis
2812 797 2878 852 ad
2907 812 3092 854 vocem
3123 801 3378 869 psalterii,

1802 888 1856 935 et
1904 881 2040 936 sicut
2083 882 2244 936 David
2300 884 2494 953 putatis
2520 900 2614 939 vos
2633 885 2830 942 habere
2858 902 2980 942 vasa
3026 889 3215 944 cantici
3245 889 3380 946 :sed

1802 985 1922 1025 cum
1954 971 2079 1026 illud
2107 972 2171 1026 ad
2193 974 2310 1027 illos
2337 973 2576 1038 dixisset,
2614 977 2751 1047 quod
2781 977 3035 1034 luxuriosi
3077 980 3262 1037 audire
3289 982 3383 1038 de-
3466 978 3469 979 ⁷

1803 1060 2007 1127 berent,
2027 1063 2125 1127 Qui
2151 1065 2329 1118 canitis
2354 1066 2421 1118 ad
2443 1082 2609 1121 vocem
2636 1069 2879 1137 psalterii,
2899 1071 3214 1141 imperitiam
3240 1089 3377 1144 quo-

1802 1166 1904 1220 que
1917 1169 2100 1208 eorum
2116 1155 2233 1209 aliis
2249 1156 2639 1225 quodammodo
2652 1160 2917 1226 indicavit,
2936 1162 3246 1233 adjungens,
3267 1163 3383 1220 Sicv

1802 1251 1857 1295 ut
1910 1241 2079 1297 David
2128 1256 2428 1316 putaverunt
2476 1265 2529 1303 se
2554 1249 2736 1305 habere
2776 1266 2895 1307 vasa
2922 1253 3136 1319 cantici,
3166 1255 3383 1311 bibentes

1802 1334 1856 1388 in
1886 1336 2070 1405 phialis
2100 1339 2289 1405 vinum,
2306 1348 2351 1393 et
2376 1340 2562 1410 optimo
2588 1351 2837 1413 unguento
2854 1344 3078 1398 delibuti.
3110 1344 3233 1401 Tria
3261 1346 3376 1403 haec

1802 1428 1992 1482 melius
2007 1430 2433 1499 pronuntiantur,
2480 1435 2525 1488 si
2552 1435 2843 1505 suspensis
2878 1436 3085 1494 duobus
3110 1438 3372 1509 prioribus

1801 1518 2054 1573 membris
2077 1521 2348 1589 circuitus,
2374 1524 2528 1578 tertio
2551 1523 2817 1579 finiantur.

1800 1606 1889 1664 20.
1928 1608 2043 1665 Jam
2083 1627 2210 1667 vero
2230 1613 2368 1683 quod
2419 1613 2501 1669 llis
2542 1614 2787 1671 omnibus
2819 1616 3099 1686 adjicitur,
3142 1618 3209 1672 Et
3252 1620 3382 1675 nihil

1802 1701 2117 1769 patiebantur
2151 1720 2300 1771 super
2337 1705 2633 1759 contritione
2675 1705 2902 1775 Ioseph,
2950 1707 3063 1764 sive
3099 1709 3380 1765 continua-

1801 1790 1896 1845 tim
1923 1791 2128 1847 dicatur
2165 1802 2223 1848 ut
2248 1809 2409 1848 unum
2458 1795 2528 1850 sit
2566 1796 2898 1862 membrum,
2950 1798 3063 1855 sive
3105 1798 3379 1856 decentius

1800 1886 2173 1955 suspendatur,
2214 1897 2261 1940 et
2298 1888 2424 1941 nihil
2466 1890 2798 1959 patiebantur,
2840 1898 2893 1946 et
2918 1902 3035 1961 post
3087 1892 3222 1948 lianc
3266 1893 3379 1949 dis-

1801 1977 2108 2033 tinctionem
2154 1978 2427 2046 inferatur,
2453 1997 2607 2051 super
2648 1983 2945 2037 contritione
2977 1982 3189 2055 .loseph,
3220 1995 3379 2056 atque

1799 2067 1871 2122 sit
1892 2068 2198 2125 bimembris
2225 2071 2513 2137 circuitus;
2541 2073 2678 2127 miro
2702 2073 2894 2130 decore
2917 2089 3022 2129 non
3044 2074 3244 2131 dictum
3268 2087 3371 2143 est,

1798 2158 1939 2214 Nihil
1960 2162 2292 2230 patiebantur
2316 2179 2477 2233 super
2499 2164 2817 2221 contritione
2838 2164 3035 2231 fratris,
3055 2165 3148 2222 sed
3175 2166 3378 2238 positus

1799 2259 1881 2306 est
1932 2266 2029 2321 pro
2057 2253 2233 2319 fratre,
2265 2253 2478 2324 Joseph,
2513 2265 2569 2309 ut
2612 2257 2932 2327 quicumque
2968 2257 3132 2313 frater
3162 2258 3377 2329 proprio

1799 2343 2188 2414 signiﬁcaretur
2234 2347 2350 2417 ejus
2397 2349 2642 2414 nomine,
2689 2348 2839 2418 cujus
2865 2364 2931 2404 ex
2958 2348 3208 2405 fratribus
3238 2350 3374 2406 fama

1799 2438 2053 2505 praeclara
2098 2448 2199 2504 est,
2242 2440 2322 2493 vel
2350 2439 2402 2494 in
2433 2441 2587 2495 malis
2614 2455 2732 2510 quae
2761 2440 2960 2509 pendit,
3006 2442 3090 2495 vel
3128 2443 3179 2496 in
3222 2441 3375 2496 bonis

1800 2542 1915 2595 quas
1948 2528 2208 2596 rependit.
2242 2529 2346 2584 lste
2365 2540 2511 2585 certe
2542 2539 2722 2602 tropus
2747 2531 2833 2585 ubi
2859 2531 3056 2602 Josepb
3072 2547 3378 2602 quemcum-

1799 2632 1903 2686 que
1927 2616 2142 2673 lratrem
2177 2619 2300 2674 facit
2326 2618 2567 2690 intelligi,
2597 2621 2777 2675 nescio
2803 2629 2977 2675 utrum
2999 2621 3086 2676 illa
3112 2638 3269 2692 quam
3288 2623 3373 2678 di-

1800 2707 2023 2761 dicimus
2072 2717 2125 2762 et
2149 2708 2443 2773 docuimus,
2490 2720 2604 2764 arte
2622 2709 2876 2765 tradatur.
2908 2711 3075 2777 Quam
3106 2712 3175 2766 sit
3200 2720 3375 2769 tamen

1800 2800 2039 2870 pulcher,
2068 2810 2123 2856 et
2150 2801 2594 2872 quemadmodum
2611 2802 2806 2857 afficiat
2823 2803 3057 2873 legentes
3097 2811 3257 2874 atque
3287 2805 3372 2860 in-

1799 2892 2119 2962 telligentes,
2161 2910 2265 2949 non
2310 2909 2444 2964 opus
2471 2904 2555 2949 est
2600 2894 2994 2966 cuiquam‘dici,
3027 2895 3072 2950 si
3109 2895 3221 2966 ipse
3268 2911 3377 2953 non

1799 2984 1977 3038 sentit.

1866 3072 1957 3126 2t.
1996 3073 2062 3128 Et
2090 3074 2237 3143 plura
2264 3074 2498 3145 quidem,
2531 3090 2650 3146 quae
2679 3074 2950 3145 pertinent
2994 3076 3060 3132 ad
3110 3088 3373 3150 praecepta

1800 3163 2134 3234 eloquentiae,
2158 3165 2210 3219 in
2240 3165 2342 3220 hoc
2363 3167 2476 3235 ipso
2501 3166 2640 3233 loco,
2666 3182 2825 3237 quem
2880 3182 2977 3238 pro
3004 3170 3247 3241 exemplo
3276 3185 3369 3241 po-

1798 3254 2024 3322 suimus,
2053 3263 2275 3326 possunt
2303 3256 2540 3325 reperiri.
2563 3256 2666 3312 Sed
2696 3256 2890 3312 bonum
2918 3258 3233 3329 auditorem,
3267 3277 3373 3318 non

1797 3352 1903 3400 tam
1934 3345 1978 3400 si
2001 3345 2276 3415 diligenter
2301 3347 2630 3411 discutiatur,
2656 3348 2887 3414 instruit,
2911 3364 3067 3419 quam
3106 3350 3150 3406 si
3179 3349 3375 3408 arden-

1802 3443 1883 3491 ter
1909 3439 2293 3507 pronuntietur,
2325 3439 2582 3494 accendit.
2632 3439 2814 3510 Neque
2841 3441 2981 3495 enim
3012 3440 3127 3498 haec
3148 3442 3376 3500 humana

1798 3529 2056 3585 industria
2076 3532 2386 3602 composita,
2405 3532 2497 3588 sed
2524 3532 2697 3587 divina
2722 3542 2899 3589 mente
2920 3542 3044 3589 sunt
3067 3534 3181 3589 fusa
3206 3544 3261 3590 et
3287 3550 3375 3591 sa-

1797 3622 2004 3693 pienter
2026 3633 2080 3678 et
2098 3624 2436 3693 eloquenter;
2470 3640 2573 3678 non
2602 3625 2799 3679 intenta
2822 3626 2873 3679 in
2902 3626 3255 3696 eloquentiam
3281 3643 3371 3683 sa-

1796 3714 2014 3785 pientia,
2047 3715 2139 3771 sed
2161 3731 2191 3770 a
2234 3716 2489 3786 sapientia
2529 3731 2631 3770 non
2659 3718 2939 3773 recedente
2959 3718 3277 3789 eloquentia.
3316 3719 3373 3776 Si

1796 3806 1959 3871 enim,
1984 3808 2118 3862 sicut
2145 3806 2360 3878 quidam
2408 3807 2743 3863 disertissimi
2772 3816 2930 3879 atque
2953 3809 3241 3866 acutissimi
3271 3810 3373 3868 viri

1796 3898 1977 3955 videre
1994 3915 2058 3955 ac
2080 3899 2258 3956 dicere
2284 3908 2566 3970 potuerunt
2580 3942 2594 3966 ,
2618 3915 2678 3956 ea
2699 3916 2817 3970 qua:
2836 3901 2980 3956 velut
3009 3903 3237 3958 oratoria
3257 3912 3372 3961 arte

1796 3989 2090 4055 discuntur,
2110 4007 2214 4046 non
2231 3991 2638 4047 observarentur
2655 4002 2708 4046 et
2728 4000 3057 4060 notarentur,
3080 4002 3133 4049 et
3161 3992 3213 4048 iu
3234 3993 3370 4052 hanc

1797 4083 2089 4137 doctrinam
2120 4098 2223 4139 non
2254 4083 2638 4155 redigerentur,
2672 4084 2773 4139 nisi
2822 4083 2966 4155 prius
3016 4085 3068 4139 in
3098 4093 3368 4143 oratorum

1796 4174 2160 4229 invenirentur
2183 4175 2439 4246 ingeniis;
2480 4175 2605 4246 quid
2635 4176 2826 4231 mirum
2854 4175 2900 4231 si
2920 4185 2973 4233 et
3002 4176 3054 4232 in
3084 4177 3200 4232 istis
3221 4178 3370 4234 inve-

1797 4264 2031 4333 niuntur,
2076 4281 2209 4336 quos
2256 4266 2344 4323 ille
2381 4266 2524 4322 misit
2554 4267 2645 4336 qui
2687 4266 2812 4322 facit
2851 4267 3097 4337 ingenia?
3123 4268 3369 4340 Quapro-

1797 4368 1915 4429 pter
1967 4366 2021 4413 et
2062 4360 2368 4429 eloquentes
2404 4358 2650 4429 quidem,
2700 4374 2805 4415 non
2860 4360 3032 4415 solum
3082 4360 3367 4431 sapientes,

1796 4449 2078 4505 canonicos
2126 4457 2337 4505 nostros
2385 4460 2626 4505 auctores
2677 4449 3028 4521 doctoresque
3070 4449 3368 4520 fateamur,

1797 4540 1887 4595 tali
1901 4539 2197 4609 eloquentia
2216 4541 2255 4607 ¹,
2269 4540 2440 4610 qualis
2468 4541 2708 4610 personis
2734 4540 2996 4610 ejusmodi
3020 4543 3367 4614 congruebat.

1796 4630 2018 4687 CAPUT
2065 4630 2193 4685 Vlll.
2226 4660 2299 4672 —-
2334 4631 2623 4687 Obscuritas
2669 4649 2930 4688 sacrorum
2961 4644 3224 4691 auctorum
3252 4637 3371 4694 licet

1868 4722 2120 4793 eloquens,
2166 4739 2265 4777 non
2300 4724 2548 4779 imitanda
2588 4741 2621 4778 a
2671 4724 2955 4781 doctoribus
2994 4727 3296 4785 christianis.

1794 4878 1795 4881 η
1863 4814 1952 4869 22.
1993 4812 2099 4870 Sed
2123 4829 2219 4870 nos
2247 4815 2346 4871 etsi
2368 4814 2434 4871 de
2451 4815 2639 4871 litteris
2664 4831 2886 4885 eorum,
2916 4833 3035 4890 quae
3060 4820 3178 4877 sine
3224 4819 3371 4877 diffic

1796 4906 1988 4963 cultate
2031 4906 2395 4978 intelliguntur
2449 4908 2701 4964 nonnulla
2751 4909 3011 4966 sumimus
3057 4912 3370 4968 elocutionis

1796 4997 2065 5068 exempla;
2093 5013 2423 5068 nequaquam
2458 5007 2633 5055 tamen
2661 5010 2845 5072 putare
2872 4999 3130 5056 debemus
3153 5001 3367 5055 imitan-

1795 5088 1892 5143 dos
1915 5103 2008 5143 eos
2031 5087 2186 5144 nobis
2213 5090 2397 5144 essein
2427 5089 2490 5145 iis
2511 5106 2629 5160 quae
2648 5091 2715 5146 ad
2732 5091 3054 5147 exercendas
3075 5100 3129 5147 et
3146 5091 3369 5147 eliman-

1795 5182 1890 5239 das
1911 5182 2300 5253 quodammodo
2324 5193 2530 5240 mentes
2555 5185 2860 5256 legentium,
2900 5193 2957 5239 et
2973 5185 3038 5239 ad
3073 5185 3367 5255 rumpenda

1794 5274 2002 5331 fastidia
2053 5283 2211 5347 atque
2230 5276 2465 5332 acuenda
2505 5278 2679 5332 studia
2722 5277 2928 5332 discere
2948 5277 3369 5344 volentium,ce-

1797 5368 1983 5424 laudes
2008 5370 2028 5400 ¹
2054 5384 2287 5440 quoque,
2339 5371 2449 5426 sive
2490 5380 2545 5426 ut
2595 5370 2661 5427 ad
2687 5371 2934 5442 pietatem
2963 5380 3365 5446 convertantur,

1794 5463 1907 5519 sive
1950 5473 2007 5518 ut
2052 5477 2082 5517 a
2129 5463 2396 5534 mysteriis
2420 5463 2779 5527 secludantur,
2827 5462 3032 5518 animos
3058 5464 3363 5535 impiorum,

1792 5554 1908 5611 utili
1936 5570 1999 5611 ac
2022 5555 2219 5611 salubri
2238 5553 2560 5610 obscuritate
2578 5554 2843 5609 dixerunt.
2865 5553 2952 5610 Sic
2975 5554 3171 5627 quippe
3192 5556 3266 5613 illi
3283 5557 3365 5614 lo-

1857 5692 1875 5757 ?
1900 5691 2008 5741 Bad.
2034 5698 2132 5741 Am.
2157 5697 2311 5757 Eruet
2333 5700 2436 5757 Mss.
2461 5697 2670 5757 septem,
2693 5689 3063 5757 taligeloquentia
3086 5709 3212 5748 usos.

1858 5756 1879 5787 ³
1902 5761 2008 5806 Mss.
2034 5760 2152 5815 tres,
2178 5751 2417 5807 zelandos.
2444 5751 2683 5806 sic'etiam
2704 5756 2813 5807 Bad.
2841 5751 2939 5807 Ain.
2962 5761 3014 5807 et
3038 5762 3111 5809 Er.
