1937 3156
105 1562 234 1612 /;€s”/

124 1612 173 1669 Ξ

100 1612 234 1769 ες

207 1836 212 1839 “
255 1839 290 1864 J0
342 1833 405 1867 μμ

235 1885 263 1906 υι

228 117 282 154 οοκ
643 116 698 152 [DE
720 116 891 146 DOCTRINA
911 113 1128 151 CHRISTIANA,
1148 116 1178 144 S.
1198 114 1381 146 AUGUSTiNl

226 175 279 204 cuti
287 177 359 209 sunt,
374 178 402 203 ut
410 174 569 210 posteriores
583 173 628 210 qui
639 181 684 202 eos
698 178 770 202 recte
792 174 972 211 intelligerent
992 177 1019 201 et

226 226 401 258 exponerent,
416 221 525 250 alteram
536 221 659 257 gratiam,
681 221 814 256 disparem
828 222 946 258 quidem.
973 229 1020 249 ve-

226 274 378 297 rumtamen
393 268 598 306 subsequentem
612 268 638 296 in
653 269 699 296 Del
724 268 842 301 Ecclesia
858 269 1018 305 reperirent.

225 313 355 353 Nonjergo
370 315 533 349 expositores
541 321 632 342 eorum
644 313 679 341 ita
693 313 765 353 loqui
776 314 884 348 debent,
897 319 1022 350 tanquam

227 367 259 388 se
268 360 318 400 ipsi
339 359 512 395 exponendos
526 359 606 391 simili
630 360 786 387 auctoritate
797 365 962 399 proponant;
975 360 1021 388 sed

228 406 255 437 in
271 406 395 436 omnibus
414 406 582 433 sermonibus
604 406 658 434 suis
671 406 795 445 primitus
814 414 846 437 ac
866 407 979 437 maxime
994 411 1024 435 ut

228 451 410 492 intelligantur
424 451 572 488 elaborent,
595 459 626 479 ea
650 456 777 490 quantum
791 456 902 487 possunt
923 452 1023 491 perspi-

228 499 326 526 cuitate
340 497 457 531 dicendi,
472 501 502 529 ut
514 502 559 528 aut
569 497 681 525 multttm
696 497 786 528 tardus
808 498 842 528 sit
855 500 899 534 qui
914 506 966 529 non
980 498 1022 526 in-

227 543 340 583 telligat,
354 547 398 571 aut
412 543 438 573 in
453 551 542 573 rerum
564 551 631 579 quas
642 543 774 582 explicare
789 547 868 581 atque
882 544 1023 571 ostendere

228 589 352 619 volumus
362 588 517 619 diiiicultate
541 596 571 616 ac
586 589 742 627 subtilitate,
763 597 816 616 non
836 589 861 616 in
877 594 967 620 nostra
982 590 1022 616 lo-

228 637 335 666 cutione
349 636 383 668 sit
404 643 484 666 causa
499 644 552 671 quo
566 636 654 673 minus
669 636 803 666 tardiusve
827 635 897 675 quod
910 635 1023 666 dicimus

228 681 312 717 possit
321 681 439 720 intelligi.

227 727 341 755 CAPUT
356 727 401 755 1X.
418 743 452 748 —
466 727 583 764 Difficiliu
603 728 732 756 intellectu
753 728 824 765 apud
837 736 898 767 quos
922 733 946 756 et
962 736 1024 767 quo-

513 775 587 801 modo
598 775 739 803 tractanda.

263 820 309 848 23.
329 819 396 848 Sunt
408 820 479 848 enim
495 820 615 859 quaedam
627 828 685 857 quin
693 820 719 848 vi
733 828 779 847 sua
799 828 852 848 non
872 820 1025 860 intelligun-

232 870 284 898 tur,
299 870 345 893 aut
357 865 400 893 vix
409 865 599 900 intelliguntur,
614 865 778 901 quantolibet
786 869 812 892 et
821 865 1023 903 quantumlibet,

229 911 351 947 quamvis
359 910 523 948 planissime,
537 910 650 939 dicentis
672 915 810 940 versentur
824 910 930 947 eloquio
942 919 949 946 ;
966 918 1025 949 qua:

229 957 255 984 in
282 955 370 995 populi
397 956 567 989 audientiam,
582 956 624 983 vel
647 962 717 989 raro,
733 956 754 983 si
765 955 862 992 aliquid
885 960 969 994 urget,
982 956 1025 986 vel

230 1010 364 1041 nunquam
378 1002 486 1031 omnino
501 1001 628 1030 miltenda
638 1006 709 1029 sunt.
729 1001 757 1030 in
770 1001 846 1030 libris
863 1006 964 1038 autem,
981 1001 1026 1037 qui

228 1049 264 1076 ita
278 1049 428 1078 scribuntur
441 1052 470 1077 ut
486 1048 534 1084 ipsi
559 1048 608 1077 sibi
631 1047 827 1084 quodammodo
842 1048 970 1077 lectorem
984 1052 1026 1076 te-

228 1098 309 1122 neant
331 1101 391 1122 cum
412 1093 603 1132 intelliguntur,
613 1101 673 1120 cum
698 1097 788 1121 autem
802 1101 854 1120 non
870 1093 1025 1132 intelligun-

229 1144 273 1168 tur
283 1140 387 1168 molesti
399 1147 451 1171 non
463 1139 515 1167 siut
527 1139 686 1168 Inoientibns
695 1139 794 1175 legere,
806 1139 864 1166 etin
877 1139 1027 1176 aliquorum

230 1186 453 1214 coiiocutionibus
466 1186 486 1220 ί,
499 1193 551 1212 ηοη
560 1190 599 1213 est
611 1186 661 1213 hoc
671 1185 787 1215 ofﬁcium
801 1184 988 1221 deserendum,
998 1190 1028 1214 ut

231 1240 307 1268 vera,
323 1232 445 1269 quamvis
458 1223 613 1260 difﬁcillima
629 1231 662 1258 ad
674 1231 883 1270 intelligendum,
901 1240 961 1271 quae
978 1232 1028 1269 ipsi

227 1279 283 1314 jam
295 1279 472 1316 percepimus,
487 1285 547 1305 cum
562 1282 775 1317 quantacumque
796 1277 887 1307 labore
906 1276 1028 1317 disputa-

230 1324 310 1352 tionis
320 1324 353 1354 ad
369 1324 480 1352 aliorum
502 1323 704 1360 intelligentiam
719 1323 906 1363 perducamus,
919 1324 940 1351 si
957 1328 1029 1352 tenet

231 1370 378 1398 auditorem
393 1370 434 1397 vel
457 1370 648 1400 collocutorem
673 1368 794 1398 discendi
820 1369 962 1405 cupiditas,
979 1377 1030 1399 nec

231 1415 482 1452 mentigapacitas
504 1415 583 1450 desii,
605 1422 665 1451 qure
685 1422 792 1452 quoquo
816 1414 897 1442 modo
911 1415 1030 1446 inlimata

254 1458 482 1494 issiiﬁmmc;
505 1469 556 1486 non
583 1463 694 1487 curante
711 1459 757 1486 illo
770 1458 814 1493 qui
829 1459 916 1492 docet,
932 1463 1029 1494 quanta

318 1504 509 1543 ψιίίγκίδὲξξ,
527 1505 572 1532 sed
595 1509 691 1543 quanta
707 1504 851 1535 evidentia.
895 1511 898 1513 '

248 1550 692 1597 ZMW@:Rcrspicuitntis
706 1550 732 1578 in
746 1550 852 1597 dicendo
862 1551 982 1578 studium.

234 1595 313 1625 0'24.
340 1595 579 1637 Cujus\ed§t_’t\tite
602 1596 714 1631 diligens
736 1596 868 1637 appetitus
890 1597 1031 1637 aliquando

234 1631 448 1685 ηςςῇεὶόμέεὼίξ
464 1631 595 1685 ς’ἱῖιξδηί,
617 1650 666 1671 nec
687 1631 840 1679 curatvquid
856 1643 924 1674 bene
934 1631 1029 1681 sonet,

234 1681 355 1727 sed-quid
369 1681 543 1728 bent/indici}
556 1693 634 1727 atque
645 1688 748 1716 intimct
759 1688 828 1723 quod
841 1689 981 1718 ostendere
991 1690 1031 1718 iu-

301 1733 598 1773 gnWaiNWdum,
613 1742 674 1761 cum
684 1734 718 1762 de
729 1734 773 1761 tali
785 1742 882 1773 genere
891 1735 1031 1765 locutionis

434 1783 459 1810 iu
464 1771 513 1818 ﬂ
518 1780 660 1817 quamdam
676 1771 829 1818 diligentem
844 1781 1031 1817 negligentiam

548 1828 609 1856 Hice
621 1831 709 1855 tamen
722 1817 761 1854 sic
770 1827 886 1855 detrahit
897 1832 1030 1865 ornatum,

277 1866 434 1906 mn
451 1874 601 1902 contrahat.
617 1873 743 1909 Quamvis
755 1873 780 1900 in
793 1872 869 1903 bonis
880 1873 1032 1901 doctoribus

235 1926 308 1953 tanta
331 1920 444 1952 docendi
466 1927 529 1950 cura
542 1919 592 1952 sit,
617 1918 658 1946 vel
678 1926 737 1946 esse
750 1918 858 1955 debeat,
882 1923 910 1946 ut
923 1919 1033 1947 verbum

235 1968 306 2004 quod
327 1967 378 1996 nisi
401 1967 544 1996 obscurum
560 1966 594 1993 sit
608 1965 648 1995 vel
662 1965 813 2002 ambiguum
826 1985 833 2000 ,
848 1965 958 1992 latinum
973 1972 1033 1993 csse

235 2005 289 2046 non
303 2017 404 2053 potest,
415 2012 486 2049 vulgi
497 2017 585 2040 autem
598 2019 672 2039 more
682 2011 720 2038 sic
730 2009 826 2038 dicitur
837 2014 865 2038 ut
874 2011 1033 2048 ambiguitas

235 2061 437 2096 obscuritasque
451 2059 564 2092 vitetur,
581 2067 634 2089 non
649 2059 687 2087 sic
702 2058 804 2086 dicatur
815 2062 842 2086 ut
854 2065 868 2084 a
879 2057 973 2090 doctis,
985 2058 1033 2089 sed

234 2108 322 2143 potius
345 2112 373 2136 ut
394 2106 427 2135 ab
451 2105 564 2136 indoctis
584 2104 636 2135 dici
655 2105 732 2134 solet.
750 2103 778 2134 Si
793 2103 864 2132 enim
880 2111 932 2130 non
949 2103 1033 2139 piguit

234 2154 325 2186 dicere
339 2154 497 2189 interpretes
515 2156 620 2180 nostros
632 2172 639 2186 ,
662 2150 687 2180 Ν
690 2159 721 2179 οη
736 2150 891 2187 congregabo
903 2150 1032 2177 conventi-

235 2201 294 2231 cula
306 2208 392 2231 eorum
403 2198 434 2229 de
443 2198 607 2235 sanguinibus
619 2197 702 2235 (Paul.
717 2205 750 2227 xv
760 2217 768 2233 ,
782 2196 810 2231 4)
818 2217 825 2230 ,
838 2196 961 2233 quoniam
972 2203 1033 2224 sen-

235 2251 329 2277 serunt
347 2246 382 2277 ad
398 2253 454 2276 rem
468 2245 603 2283 pertinere
613 2265 621 2279 ,
637 2249 665 2275 ut
679 2251 712 2274 eo
725 2244 784 2273 loco
799 2243 936 2279 pluraliter
951 2251 1034 2272 enun-

235 2293 346 2324 tiarelur
369 2292 421 2323 hoc
441 2300 553 2324 nomen.
573 2290 644 2330 quod
666 2290 692 2321 in
714 2290 795 2320 latina
814 2289 903 2325 lingua
916 2293 1033 2321 tanturn-

235 2338 316 2369 modo
334 2338 502 2376 singulariter
521 2337 636 2372 dicitur;
654 2342 704 2366 cur
722 2335 828 2373 pietatis
841 2334 977 2365 doctorem
991 2334 1033 2370 pi-

235 2390 299 2422 geat
319 2384 449 2423 imperitis
468 2384 620 2421 loquentem
631 2402 639 2416 .
653 2389 742 2413 (Issum
758 2381 846 2417 potius
858 2388 937 2417 quam
949 2388 980 2410 os
991 2380 1034 2408 di-

236 2440 299 2462 cere
310 2453 318 2466 ,
340 2439 375 2462 ne
392 2431 443 2462 ista
462 2430 561 2469 syllaba
575 2438 627 2460 non
640 2429 674 2460 ab
687 2436 720 2458 eo
734 2427 804 2465 quod
819 2432 880 2457 sunt
894 2434 971 2464 ossa,
987 2426 1033 2458 sed

399 1532 451 1544 ΤΙν
474 1532 500 1544 \\

237 2480 272 2508 ab
293 2486 326 2508 eo
345 2477 417 2514 quod
436 2482 498 2506 sunt
512 2484 558 2506 ora
573 2475 735 2513 intelligatur
745 2496 753 2510 ,
769 2474 813 2504 ubi
829 2474 897 2503 Afra:
909 2480 987 2504 aures
1000 2473 1034 2504 de

236 2524 406 2561 correptione
428 2521 557 2552 vocalium
581 2521 622 2550 vel
646 2520 819 2558 productione
832 2527 884 2551 non
894 2519 1034 2557 iudicant?

237 2570 305 2605 Quid
327 2569 400 2600 enim
424 2567 533 2606 prodest
552 2567 693 2598 locutionis
717 2566 869 2604 integritas,
888 2573 966 2602 quam
980 2573 1033 2596 non

237 2617 358 2655 sequitur
379 2615 530 2646 intellectus
549 2613 697 2649 audientis.
711 2620 771 2643 cum
787 2612 911 2648 laqucndi
925 2612 1034 2644 omnino

270 2674 318 2708 ita
328 2672 494 2708 modum
505 2669 853 2708 σιοιι,ὁυιιοιιεριοειιενρ,μτιοιςειῦ
990 2675 1034 2708 1³9-

270 2687 279 2692 ‘
291 2687 318 2730 ἥ
329 2687 396 2729 ντρν-
404 2687 494 2716 νεηι·
505 2687 853 2730 meream-"sm
866 2687 979 2726 mea
995 2687 1033 2697 υτ

238 2704 427 2761 WMK
566 2708 740 2761 ὺιακηίΐηέοονωη.
811 2719 877 2758 Ηυιῖο
886 2731 964 2756 locum
979 2707 1035 2757 lg:

433 2733 520 2771 ωριτε·
533 2736 560 2772 ,5!
566 2731 799 2772 9'““f’"°f.j"',"1‘%l9;
808 2736 877 2772 ,“ui‘P
883 2731 1033 2772 ξοῖιέῐηηκὲο

239 2766 348 2794 saltauit:
355 2764 514 2801 liberavimus
530 2764 656 2801 ab,me
670 2764 831 2800 αιρεδθιιιυθ,
846 2767 872 2793 et
881 2769 896 2788 a
912 2769 985 2794 μ’δνει
995 2764 1033 2791 inv

240 2800 672 2834 ιςςριιειοειρμιξιίξμτιῖεεξαὲιὶνεξειη
687 2794 1034 2834 eramuseram-

240 2824 429 2886 ltujua':
440 2824 467 2855 in
478 2825 546 2853 libris
698 2832 745 2853 non
756 2828 790 2854 est
801 2826 844 2855 hoc
853 2824 958 2860 blﬁciuut
969 2824 1035 2853 ἀᾱδεε

1820 118 1883 149 100

1075 172 1147 201 nulla
1173 173 1208 201 sit
1229 181 1327 208 causa,
1350 174 1372 201 si
1394 173 1466 209 quod
1487 174 1621 209 loquimur
1636 181 1688 202 non
1703 174 1856 211 intelligunt
1870 197 1881 209 ,

1076 225 1186 256 propter
1200 228 1267 258 quos
1281 225 1309 249 ut
1322 220 1469 256 intelligant
1481 221 1636 257 loquimur!
1647 221 1696 255 Qui
1707 229 1771 260 ergo
1781 222 1881 256 docet.

1075 266 1168 294 vitabit
1180 267 1269 295 omnia
1282 267 1361 294 verba
1375 274 1435 302 quze
1448 274 1499 294 non
1510 266 1625 299 docent;
1637 272 1663 295 et
1676 267 1698 295 si
1711 276 1758 303 pro
1771 268 1810 296 eis
1820 269 1882 297 alia

1075 311 1194 351 integra,
1219 319 1279 347 qua:
1300 311 1499 347 intelligantur,
1520 316 1608 347 potest
1627 312 1733 346 dicere,
1752 312 1777 340 id
1790 316 1885 349 magis

1076 358 1157 396 eliget
1171 367 1178 385 :
1195 358 1217 386 si
1231 363 1320 386 autem
1334 365 1387 385 non
1400 361 1503 392 potest,
1519 358 1574 385 sive
1589 358 1649 393 quia
1665 366 1717 386 non
1732 363 1804 391 sunt,
1819 359 1885 388 sive

1075 405 1139 440 quia
1161 405 1187 433 in
1201 406 1342 442 praesentia
1356 412 1408 433 non
1422 409 1578 437 occurrunt,
1593 408 1681 432 utetur
1694 405 1774 433 etiam
1788 405 1886 433 verbis

1076 451 1164 479 minus
1184 452 1308 488 integris,
1331 451 1393 479 dum
1413 455 1501 480 tamen
1523 458 1566 479 res
1586 451 1642 490 ipsa
1654 450 1782 479 doceatur
1792 455 1885 487 atque

1075 497 1195 526 discatur
1211 497 1322 534 integre.
1625 523 1631 525 .

1110 544 1156 572 25.
1182 544 1215 571 Et
1238 544 1288 572 hoc
1305 544 1412 580 quidem
1427 551 1480 572 non
1494 544 1580 572 solum
1596 544 1623 571 in
1636 544 1863 573 coiiocutionibus
1873 564 1883 579 ,

1076 590 1132 617 sive
1148 589 1212 617 ﬁant
1225 597 1285 617 cum
1300 590 1389 625 aliquo
1405 598 1474 627 uno,
1490 590 1546 617 sive
1559 597 1619 617 cum
1636 589 1754 626 pluribus
1765 598 1771 623 ;
1784 597 1885 617 verum

1076 636 1157 663 etiam
1173 636 1256 663 multo
1271 636 1354 671 magis
1368 636 1393 663 in
1406 635 1510 671 populis
1520 635 1626 670 quando
1636 643 1724 663 sermo
1734 636 1883 675 promitur,

1076 687 1107 710 ut
1125 682 1305 717 intelligamur
1320 682 1470 709 instandum
1481 686 1530 709 est.
1543 681 1609 715 Quia
1621 681 1646 709 in
1658 682 1885 710 coiiocutionibus

1076 732 1118 755 est
1139 728 1233 764 cuique
1255 727 1436 763 interrogandi
1462 732 1580 762 potestas
1596 737 1602 754 :
1619 728 1662 755 ubi
1677 732 1766 756 autem
1781 736 1886 756 omnes

1077 778 1167 801 tacent
1180 777 1208 800 ut
1219 773 1342 800 audiatur
1355 781 1431 806 unus,
1444 777 1471 800 et
1482 773 1508 801 ln
1522 781 1582 803 eum
1596 773 1695 801 intenta
1706 781 1753 800 ora
1763 780 1884 802 conver-

1078 824 1154 852 tunt,
1177 818 1212 846 ibi
1236 823 1264 846 ut
1284 818 1403 853 requirat
1423 819 1535 855 quisque
1548 818 1618 853 quod
1633 826 1685 845 non
1701 819 1884 852 intellexerit,

1080 873 1129 892 nec
1153 864 1235 892 moris
1248 868 1290 892 est
1304 872 1352 892 nec
1365 863 1470 892 decoris
1482 873 1489 897 ;
1505 872 1536 892 ac
1551 872 1598 899 per
1611 864 1661 892 hoc
1672 864 1751 892 debet
1761 865 1885 893 maxime

1079 911 1176 937 tacenti
1192 910 1332 937 subvenire
1347 917 1410 937 cura
1425 909 1546 936 dicentis.
1559 908 1634 936 Solet
1646 914 1735 936 autem
1746 914 1819 937 motu
1831 917 1885 937 suo

1079 955 1227 992 signiﬁcare
1249 959 1335 983 utrum
1351 955 1511 983 intellexerit
1523 955 1701 990 cognoscendi
1716 956 1791 983 avida
1806 956 1884 984 mul-

1079 1001 1167 1029 titudo
1192 1011 1199 1029 τ
1224 1002 1295 1038 quod
1317 1003 1401 1029 donec
1414 1002 1562 1038 signiticet,
1579 1002 1736 1030 versandum
1752 1002 1886 1038 estquod

1079 1048 1175 1084 agitur,
1188 1047 1342 1075 multimoda
1356 1048 1483 1075 varietate
1495 1047 1617 1083 dicendi;
1629 1047 1699 1086 quod
1711 1048 1736 1075 in
1749 1051 1885 1083 potestate

1080 1100 1134 1120 non
1156 1092 1270 1126 habent,
1291 1093 1336 1128 qui
1351 1097 1499 1130 praeparata
1514 1097 1540 1120 et
1553 1093 1586 1120 ad
1600 1093 1711 1121 verbum
1726 1093 1886 1121 memoriter

1080 1143 1183 1171 retenta
1207 1140 1387 1175 pronuntiant.
1411 1139 1470 1166 Mox
1492 1145 1579 1167 autem
1602 1144 1631 1167 ut
1643 1140 1805 1168 intellectum
1821 1148 1885 1169 esse

1081 1186 1248 1220 constiterit,
1262 1191 1307 1214 aut
1321 1193 1410 1214 sermo
1423 1186 1563 1218 ﬁniendus,
1578 1191 1624 1213 aut
1637 1187 1662 1214 in
1678 1186 1729 1214 alia
1741 1191 1886 1215 transeun-

1081 1231 1145 1263 dum
1160 1236 1211 1260 est.
1228 1232 1302 1260 Sicut
1315 1233 1385 1259 enim
1400 1236 1491 1268 gratus
1507 1237 1548 1260 est
1559 1232 1604 1267 qui
1617 1233 1802 1271 cognoscenda
1814 1240 1884 1260 enu-

1081 1278 1146 1306 bilat
1158 1286 1165 1311 ;
1188 1277 1227 1307 sic
1246 1285 1375 1309 onerosus
1392 1283 1433 1305 est
1444 1277 1489 1314 qui
1503 1278 1608 1313 cognita
1623 1279 1751 1311 inculcat,
1765 1279 1803 1305 eis
1814 1278 1886 1305 dun-

1082 1329 1155 1353 taxat
1174 1332 1288 1364 quorum
1300 1330 1353 1352 tota
1367 1326 1530 1360 exspectatio
1543 1325 1569 1352 in
1584 1325 1753 1352 dissolvenda
1767 1332 1866 1357 eorum
1877 1346 1884 1359 ,

1082 1379 1142 1408 quze
1158 1371 1317 1409 panduntur,
1335 1370 1489 1401 difﬁcultate
1503 1370 1642 1409 pendebat.
1655 1370 1720 1398 Nam
1731 1370 1886 1399 delectandi

1084 1416 1170 1452 gratia
1184 1417 1263 1447 etiam
1279 1420 1341 1444 nota
1355 1415 1496 1448 dicuntur;
1512 1415 1556 1446 ubi
1571 1423 1623 1443 non
1639 1415 1711 1455 ipsa,
1725 1415 1772 1443 sed
1786 1416 1885 1444 modus

1083 1470 1136 1498 quo
1149 1462 1273 1490 dicuntur
1283 1462 1437 1489 attenditur.
1449 1461 1524 1494 Quod
1535 1462 1557 1488 si
1570 1466 1596 1488 et
1608 1461 1664 1496 ipse
1673 1462 1727 1496 jam
1739 1466 1820 1489 notus
1832 1466 1883 1494 est,

1083 1512 1162 1546 atque
1177 1508 1340 1536 auditoribus
1354 1508 1455 1544 placet,
1470 1514 1537 1543 pene
1550 1507 1614 1534 nihil
1636 1507 1746 1535 interest
1757 1512 1850 1538 utrum
1864 1508 1886 1536 is

1083 1554 1129 1589 qui
1143 1554 1225 1588 dicit,
1239 1553 1325 1582 dietor
1340 1553 1382 1584 vel
1397 1553 1480 1581 lector
1495 1553 1539 1580 sit.
1551 1552 1646 1585 Solent
1660 1553 1731 1581 enim
1744 1557 1771 1581 et
1781 1561 1812 1581 ea
1826 1561 1886 1593 quae

1084 1599 1224 1629 commode
1245 1600 1343 1636 scripta
1362 1604 1440 1632 sunt,
1461 1607 1513 1626 non
1527 1600 1613 1630 solum
1627 1599 1660 1627 ab
1674 1599 1706 1627 iis
1720 1599 1817 1635 quibus
1832 1599 1886 1636 pri‘

1084 1648 1166 1676 mitus
1181 1647 1370 1683 innotescunt,
1382 1646 1499 1684 jucunde
1515 1645 1565 1685 legi
1580 1654 1587 1678 ;
1602 1653 1695 1676 verum
1708 1646 1741 1677 ab
1757 1645 1789 1674 iis
1801 1647 1884 1679 etiam

1084 1693 1180 1731 quibus
1197 1692 1252 1730 jam
1272 1696 1335 1722 nota
1353 1696 1431 1728 sunt,
1448 1699 1534 1731 neque
1546 1691 1633 1719 adhuc
1646 1691 1691 1723 illa
1705 1691 1739 1723 de
1753 1692 1884 1720 memoria

1085 1738 1183 1768 delevit
1201 1738 1317 1771 oblivio,
1340 1746 1391 1765 non
1412 1739 1469 1768 sine
1487 1738 1654 1773 iucunditate
1673 1737 1754 1773 relegi
1767 1758 1775 1771 ,
1792 1738 1837 1765 vel
1851 1736 1883 1765 ab

1086 1785 1203 1822 utrisque
1213 1783 1326 1811 libenter
1340 1783 1434 1813 audiri.
1449 1783 1514 1819 Quae
1526 1787 1613 1810 autent
1626 1784 1738 1820 quisque
1746 1782 1801 1818 jam
1813 1783 1884 1812 obli-

1086 1834 1128 1858 tus
1141 1833 1199 1867 est,
1214 1837 1274 1856 cum
1289 1833 1474 1859 contnionelur
1485 1849 1491 1861 ,
1503 1828 1624 1858 docetur.
1637 1828 1690 1857 Sed
1700 1828 1734 1856 de
1745 1828 1826 1856 modo
1836 1829 1881 1857 de-

1087 1874 1202 1904 lectandi
1216 1882 1285 1903 nunc
1299 1882 1351 1905 non
1363 1882 1412 1912 ago
1422 1882 1430 1907 ;
1442 1874 1475 1902 de
1486 1874 1565 1905 modo
1576 1882 1629 1910 quo
1638 1874 1751 1902 docendi
1763 1881 1827 1903 sunt
1837 1875 1882 1911 qui

1086 1921 1190 1952 discere
1204 1920 1372 1956 desiderant,
1388 1921 1490 1958 loquor.
1502 1920 1527 1948 is
1540 1925 1629 1951 autem
1640 1925 1681 1952 est
1691 1922 1818 1959 optitnus,
1830 1929 1881 1957 quo

1086 1968 1115 1995 ﬁt
1134 1972 1163 1995 ut
1179 1967 1223 2005 qui
1236 1966 1323 2002 audit,
1340 1974 1431 1995 verum
1445 1966 1550 2000 audiat,
1565 1970 1592 1994 et
1607 1967 1676 2002 quod
1691 1967 1765 1995 audit
1780 1967 1880 1999 intelli-

1085 2017 1140 2050 gat.
1163 2012 1204 2040 Ad
1221 2020 1300 2051 quem
1325 2012 1404 2042 ﬁnem
1426 2020 1486 2039 cum
1507 2017 1614 2043 ventum
1626 2012 1722 2046 fuerit,
1738 2012 1804 2045 nihil
1820 2017 1881 2041 tunc

1086 2059 1200 2098 amplius
1215 2059 1247 2086 de
1262 2059 1317 2097 ipsa
1333 2067 1361 2086 re
1378 2065 1500 2097 tanquam
1516 2059 1614 2088 diutius
1626 2059 1745 2089 docenda
1756 2059 1880 2087 laboran-

1086 2106 1149 2134 dum
1164 2110 1219 2141 est,
1235 2105 1282 2133 sed
1298 2105 1365 2133 forte
1378 2105 1413 2133 de
1425 2105 1636 2135 commendanda
1651 2111 1679 2132 ut
1690 2106 1716 2133 in
1726 2105 1807 2133 corde
1819 2106 1879 2142 ﬁga-

1087 2157 1129 2180 tur
1141 2160 1148 2179 :
1161 2150 1232 2189 quod
1245 2151 1267 2179 si
1278 2150 1427 2179 faciendum
1438 2150 1571 2180 videbitur
1581 2171 1588 2185 ,
1603 2151 1638 2177 ita
1652 2150 1771 2179 modeste
1782 2150 1878 2182 facien-

1086 2199 1150 2231 dum
1163 2203 1222 2232 est,
1239 2205 1273 2227 ne
1285 2197 1455 2235 perveniatur
1467 2197 1500 2224 ad
1515 2197 1631 2224 aedium.

1086 2244 1200 2277 CAPUT
1219 2244 1265 2274 XI.
1293 2258 1330 2265 ο-
1349 2243 1432 2279 Quare
1451 2243 1552 2272 conanti
1569 2243 1658 2272 docere
1672 2243 1807 2274 dicendum
1820 2252 1876 2285 per—

1270 2290 1366 2328 spicue,
1380 2297 1430 2317 non
1445 2294 1527 2318 tamen
1540 2289 1683 2317 inmaniter.

1121 2337 1167 2370 26.
1182 2336 1294 2366 Prorsus
1308 2335 1366 2363 haec
1377 2340 1419 2363 est
1431 2335 1459 2363 in
1472 2335 1593 2364 docendo
1607 2336 1759 2373 eloquentia
1769 2356 1777 2370 ,
1790 2344 1841 2375 qua
1850 2335 1877 2365 ﬁt

1087 2382 1212 2418 dicendo,
1226 2390 1281 2413 non
1293 2385 1323 2409 ut
1332 2382 1412 2409 libeat
1423 2381 1494 2418 quod
1509 2381 1645 2416 horrebat,
1659 2386 1701 2410 aut
1715 2386 1743 2409 ut
1753 2382 1798 2411 ﬁat
1809 2380 1876 2421 quod

1086 2431 1211 2470 pigebat,
1227 2428 1274 2458 sed
1289 2432 1317 2456 ut
1331 2433 1456 2465 appareat
1466 2427 1536 2465 quod
1548 2427 1654 2457 latebat.
1666 2427 1742 2465 Quod
1757 2433 1844 2456 tamen
1856 2427 1876 2454 si

1088 2478 1134 2507 ﬁat
1146 2476 1308 2508 insuaviter,
1322 2474 1355 2502 ad
1370 2481 1465 2512 paucos
1476 2474 1582 2512 quidem
1597 2474 1807 2504 studiosissimus
1816 2480 1875 2502 Suus

1087 2523 1209 2561 pervenit
1222 2522 1337 2555 fructus,
1353 2520 1398 2559 qui
1411 2527 1442 2548 ea
1456 2527 1516 2557 quae
1529 2520 1654 2550 discenda
1669 2524 1747 2556 sunt,
1758 2518 1876 2559 quamvis

1087 2570 1189 2605 abjecte
1210 2568 1361 2606 inculteque
1380 2566 1517 2600 dicantur,
1535 2566 1603 2594 scire
1620 2565 1784 2596 desiderant.
1803 2564 1874 2603 Quod

1087 2623 1148 2645 cum
1168 2614 1256 2652 adepti
1275 2613 1391 2649 fuerint,
1413 2613 1469 2651 ipsa
1485 2611 1676 2645 delectabiliter
1694 2614 1805 2640 veritate
1829 2619 1874 2650 pa-

1087 2667 1197 2695 scuntur
1208 2661 1407 2697 :bonorumque
1421 2659 1585 2697 ingeniorum
1599 2659 1756 2697 insignisest
1765 2659 1871 2690 indoles,

1088 2710 1115 2741 in
1140 2709 1228 2742 verbis
1248 2715 1342 2740 verum
1356 2714 1462 2743 amare,
1478 2714 1531 2739 non
1544 2705 1634 2734 verba.
1648 2705 1717 2744 Quid
1731 2707 1800 2735 enitn
1816 2712 1873 2744 pro-

1088 2757 1147 2784 dest
1165 2755 1246 2783 clavis
1264 2762 1362 2790 aurea,
1385 2754 1407 2785 si
1425 2753 1529 2792 aperire
1546 2752 1616 2792 quod
1633 2752 1756 2783 volumus
1767 2760 1818 2790 non
1830 2758 1873 2790 po-

1088 2803 1160 2834 test?
1181 2803 1234 2834 Aut
1255 2801 1318 2843 quid
1340 2800 1415 2833 obest
1435 2800 1538 2841 lignea.
1558 2800 1642 2832 silice
1655 2800 1763 2836 potest?
1775 2797 1873 2837 quando

1089 2849 1157 2882 nihil
1179 2848 1322 2888 querimus
1343 2848 1393 2880 nisi
1416 2850 1507 2883 patere
1529 2846 1600 2884 quod
1621 2846 1740 2878 clausum
1756 2851 1806 2876 est.
1824 2843 1872 2873 Sed
